|j|☆Master suna
|j|☆the thin mints lad
|t:|1658246963
|gametype|singles
|player|p1|Master suna|265|1461
|player|p2|the thin mints lad|cress|1379
|teamsize|p1|6
|teamsize|p2|6
|gen|8
|tier|[Gen 8] National Dex AG
|rated|
|rule|HP Percentage Mod: HP is shown in percentages
|rule|Endless Battle Clause: Forcing endless battles is banned
|clearpoke
|poke|p1|Groudon|
|poke|p1|Calyrex-Shadow|
|poke|p1|Eternatus|
|poke|p1|Zacian-*|
|poke|p1|Arceus-*|
|poke|p1|Marshadow|
|poke|p2|Ditto|
|poke|p2|Nihilego|
|poke|p2|Marshadow|
|poke|p2|Blaziken, M|
|poke|p2|Kangaskhan, F|
|poke|p2|Espeon, F|
|teampreview
|inactive|Battle timer is ON: inactive players will automatically lose when time's up. (requested by Master suna)
|
|t:|1658246976
|start
|switch|p1a: Groudon|Groudon, shiny|100/100
|switch|p2a: le wall|Espeon, F|100/100
|detailschange|p1a: Groudon|Groudon-Primal, shiny
|-primal|p1a: Groudon
|-weather|DesolateLand|[from] ability: Desolate Land|[of] p1a: Groudon
|turn|1
|
|t:|1658246993
|move|p2a: le wall|Reflect|p2a: le wall
|-sidestart|p2: the thin mints lad|Reflect
|move|p1a: Groudon|Earthquake|p2a: le wall
|-damage|p2a: le wall|48/100
|
|-weather|DesolateLand|[upkeep]
|upkeep
|turn|2
|
|t:|1658247002
|move|p2a: le wall|Wish|p2a: le wall
|move|p1a: Groudon|Earthquake|p2a: le wall
|-damage|p2a: le wall|0 fnt
|faint|p2a: le wall
|
|-weather|DesolateLand|[upkeep]
|upkeep
|
|t:|1658247006
|switch|p2a: KfcMakesMeStronk|Blaziken, M, shiny|100/100
|turn|3
|
|t:|1658247014
|move|p2a: KfcMakesMeStronk|Bulk Up|p2a: KfcMakesMeStronk
|-boost|p2a: KfcMakesMeStronk|atk|1
|-boost|p2a: KfcMakesMeStronk|def|1
|move|p1a: Groudon|Rock Polish|p1a: Groudon
|-boost|p1a: Groudon|spe|2
|
|-weather|DesolateLand|[upkeep]
|-ability|p2a: KfcMakesMeStronk|Speed Boost|boost
|-boost|p2a: KfcMakesMeStronk|spe|1
|upkeep
|turn|4
|
|t:|1658247026
|move|p2a: KfcMakesMeStronk|Protect|p2a: KfcMakesMeStronk
|-singleturn|p2a: KfcMakesMeStronk|Protect
|move|p1a: Groudon|Earthquake|p2a: KfcMakesMeStronk
|-activate|p2a: KfcMakesMeStronk|move: Protect
|
|-weather|DesolateLand|[upkeep]
|-ability|p2a: KfcMakesMeStronk|Speed Boost|boost
|-boost|p2a: KfcMakesMeStronk|spe|1
|upkeep
|turn|5
|
|t:|1658247037
|move|p2a: KfcMakesMeStronk|Bulk Up|p2a: KfcMakesMeStronk
|-boost|p2a: KfcMakesMeStronk|atk|1
|-boost|p2a: KfcMakesMeStronk|def|1
|move|p1a: Groudon|Earthquake|p2a: KfcMakesMeStronk
|-supereffective|p2a: KfcMakesMeStronk
|-damage|p2a: KfcMakesMeStronk|50/100
|
|-weather|DesolateLand|[upkeep]
|-heal|p2a: KfcMakesMeStronk|56/100|[from] item: Leftovers
|-ability|p2a: KfcMakesMeStronk|Speed Boost|boost
|-boost|p2a: KfcMakesMeStronk|spe|1
|upkeep
|turn|6
|
|t:|1658247049
|move|p2a: KfcMakesMeStronk|Bulk Up|p2a: KfcMakesMeStronk
|-boost|p2a: KfcMakesMeStronk|atk|1
|-boost|p2a: KfcMakesMeStronk|def|1
|move|p1a: Groudon|Earthquake|p2a: KfcMakesMeStronk
|-supereffective|p2a: KfcMakesMeStronk
|-damage|p2a: KfcMakesMeStronk|20/100
|
|-weather|DesolateLand|[upkeep]
|-heal|p2a: KfcMakesMeStronk|26/100|[from] item: Leftovers
|-ability|p2a: KfcMakesMeStronk|Speed Boost|boost
|-boost|p2a: KfcMakesMeStronk|spe|1
|upkeep
|turn|7
|
|t:|1658247061
|move|p2a: KfcMakesMeStronk|Baton Pass|p2a: KfcMakesMeStronk
|
|t:|1658247066
|switch|p2a: josh|Kangaskhan, F|100/100|[from]move: Baton Pass
|move|p1a: Groudon|Earthquake|p2a: josh
|-crit|p2a: josh
|-damage|p2a: josh|0 fnt
|faint|p2a: josh
|
|-weather|DesolateLand|[upkeep]
|upkeep
|c|☆the thin mints lad|n i c e .
|
|t:|1658247083
|switch|p2a: Yoinker|Marshadow|100/100
|turn|8
|
|t:|1658247089
|move|p1a: Groudon|Earthquake|p2a: Yoinker
|-damage|p2a: Yoinker|51/100
|move|p2a: Yoinker|Spectral Thief||[still]
|-clearpositiveboost|p1a: Groudon|p2a: Yoinker|move: Spectral Thief
|-boost|p2a: Yoinker|spe|2
|-anim|p2a: Yoinker|Spectral Thief|p1a: Groudon
|-damage|p1a: Groudon|74/100
|
|-weather|DesolateLand|[upkeep]
|-sideend|p2: the thin mints lad|Reflect
|upkeep
|turn|9
|-message|the thin mints lad forfeited.
|
|win|Master suna
|raw|Master suna's rating: 1461 &rarr; <strong>1476</strong><br />(+15 for winning)
|raw|the thin mints lad's rating: 1379 &rarr; <strong>1364</strong><br />(-15 for losing)
|l|☆the thin mints lad
|c|☆Master suna|Hm
||Ladder isn't responding, score probably updated but might not have (Request timeout).
