|j|☆froy 18
|j|☆Blackstar152001
|t:|1665253200
|gametype|singles
|player|p1|froy 18|ethan|1715
|player|p2|Blackstar152001|blue-gen3two|1874
|teamsize|p1|6
|teamsize|p2|6
|gen|8
|tier|[Gen 8] National Dex AG
|rated|
|rule|HP Percentage Mod: HP is shown in percentages
|rule|Endless Battle Clause: Forcing endless battles is banned
|clearpoke
|poke|p1|Ditto|
|poke|p1|Cinderace, F|
|poke|p1|Zacian-*|
|poke|p1|Darmanitan-Galar, M|
|poke|p1|Necrozma-Dusk-Mane|
|poke|p1|Calyrex-Shadow|
|poke|p2|Arceus-*|
|poke|p2|Mewtwo|
|poke|p2|Ditto|
|poke|p2|Zacian-*|
|poke|p2|Arceus-*|
|poke|p2|Arceus-*|
|teampreview
|inactive|Battle timer is ON: inactive players will automatically lose when time's up. (requested by Blackstar152001)
|
|t:|1665253211
|start
|switch|p1a: Darmanitan|Darmanitan-Galar, M|100/100
|switch|p2a: Arceus|Arceus-Fairy|100/100
|turn|1
|
|t:|1665253214
|move|p1a: Darmanitan|Icicle Crash|p2a: Arceus
|-damage|p2a: Arceus|51/100
|cant|p2a: Arceus|flinch
|
|upkeep
|turn|2
|
|t:|1665253220
|switch|p2a: Zacian|Zacian-Crowned|100/100
|-ability|p2a: Zacian|Intrepid Sword|boost
|-boost|p2a: Zacian|atk|1
|move|p1a: Darmanitan|Icicle Crash|p2a: Zacian
|-resisted|p2a: Zacian
|-damage|p2a: Zacian|68/100
|
|upkeep
|turn|3
|
|t:|1665253224
|switch|p1a: Necrozma|Necrozma-Dusk-Mane|100/100
|move|p2a: Zacian|Imprison|p2a: Zacian
|-start|p2a: Zacian|move: Imprison
|
|upkeep
|turn|4
|
|t:|1665253230
|switch|p2a: All time fav💞|Mewtwo|100/100
|-ability|p2a: All time fav💞|Pressure
|move|p1a: Necrozma|Earthquake|p2a: All time fav💞
|-damage|p2a: All time fav💞|67/100
|
|-heal|p2a: All time fav💞|73/100|[from] item: Leftovers
|upkeep
|turn|5
|
|t:|1665253234
|detailschange|p1a: Necrozma|Necrozma-Ultra
|-burst|p1a: Necrozma|Necrozma|Ultranecrozium Z
|move|p2a: All time fav💞|Will-O-Wisp|p1a: Necrozma
|-status|p1a: Necrozma|brn
|move|p1a: Necrozma|Dragon Dance|p1a: Necrozma
|-boost|p1a: Necrozma|atk|1
|-boost|p1a: Necrozma|spe|1
|
|-heal|p2a: All time fav💞|80/100|[from] item: Leftovers
|-damage|p1a: Necrozma|95/100 brn|[from] brn
|upkeep
|turn|6
|inactive|Blackstar152001 has 120 seconds left.
|
|t:|1665253271
|switch|p1a: Cinderace|Cinderace, F|100/100
|move|p2a: All time fav💞|Taunt|p1a: Cinderace
|-start|p1a: Cinderace|move: Taunt
|
|-heal|p2a: All time fav💞|86/100|[from] item: Leftovers
|upkeep
|turn|7
|inactive|Blackstar152001 has 120 seconds left.
|
|t:|1665253276
|switch|p2a: Arceus|Arceus-Fairy|51/100
|move|p1a: Cinderace|Pyro Ball|p2a: Arceus
|-crit|p2a: Arceus
|-damage|p2a: Arceus|0 fnt
|faint|p2a: Arceus
|
|upkeep
|inactive|Blackstar152001 has 120 seconds left.
|
|t:|1665253288
|switch|p2a: Arceus|Arceus-Electric|100/100
|turn|8
|
|t:|1665253292
|move|p1a: Cinderace|Pyro Ball|p2a: Arceus
|-damage|p2a: Arceus|72/100
|move|p2a: Arceus|Judgment|p1a: Cinderace
|-damage|p1a: Cinderace|27/100
|
|-end|p1a: Cinderace|move: Taunt
|upkeep
|turn|9
|
|t:|1665253296
|move|p1a: Cinderace|High Jump Kick|p2a: Arceus
|-start|p1a: Cinderace|typechange|Fighting|[from] ability: Libero
|-damage|p2a: Arceus|42/100
|move|p2a: Arceus|Judgment|p1a: Cinderace
|-crit|p1a: Cinderace
|-damage|p1a: Cinderace|0 fnt
|faint|p1a: Cinderace
|
|upkeep
|
|t:|1665253300
|switch|p1a: Darmanitan|Darmanitan-Galar, M|100/100
|turn|10
|
|t:|1665253303
|move|p1a: Darmanitan|Earthquake|p2a: Arceus
|-supereffective|p2a: Arceus
|-damage|p2a: Arceus|0 fnt
|faint|p2a: Arceus
|
|upkeep
|
|t:|1665253310
|switch|p2a: Ditto|Ditto, shiny|100/100
|-transform|p2a: Ditto|p1a: Darmanitan|[from] ability: Imposter
|turn|11
|
|t:|1665253313
|switch|p1a: Necrozma|Necrozma-Ultra|95/100 brn
|move|p2a: Ditto|Flare Blitz|p1a: Necrozma
|-resisted|p1a: Necrozma
|-damage|p1a: Necrozma|58/100 brn
|-damage|p2a: Ditto|87/100|[from] Recoil
|
|-damage|p1a: Necrozma|52/100 brn|[from] brn
|upkeep
|turn|12
|
|t:|1665253318
|switch|p2a: All time fav💞|Mewtwo|86/100
|-ability|p2a: All time fav💞|Pressure
|-zpower|p1a: Necrozma
|move|p1a: Necrozma|Light That Burns the Sky|p2a: All time fav💞|[zeffect]
|-resisted|p2a: All time fav💞
|-damage|p2a: All time fav💞|56/100
|
|-heal|p2a: All time fav💞|62/100|[from] item: Leftovers
|-damage|p1a: Necrozma|46/100 brn|[from] brn
|upkeep
|turn|13
|
|t:|1665253323
|move|p2a: All time fav💞|Recover|p2a: All time fav💞
|-heal|p2a: All time fav💞|100/100
|move|p1a: Necrozma|Heat Wave|p2a: All time fav💞
|-damage|p2a: All time fav💞|72/100
|
|-heal|p2a: All time fav💞|78/100|[from] item: Leftovers
|-damage|p1a: Necrozma|40/100 brn|[from] brn
|upkeep
|turn|14
|
|t:|1665253327
|move|p2a: All time fav💞|Psychic|p1a: Necrozma
|-resisted|p1a: Necrozma
|-damage|p1a: Necrozma|11/100 brn
|move|p1a: Necrozma|Heat Wave|p2a: All time fav💞|[miss]
|-miss|p1a: Necrozma|p2a: All time fav💞
|
|-heal|p2a: All time fav💞|85/100|[from] item: Leftovers
|-damage|p1a: Necrozma|5/100 brn|[from] brn
|upkeep
|turn|15
|
|t:|1665253334
|move|p2a: All time fav💞|Psychic|p1a: Necrozma
|-resisted|p1a: Necrozma
|-damage|p1a: Necrozma|0 fnt
|faint|p1a: Necrozma
|
|-heal|p2a: All time fav💞|91/100|[from] item: Leftovers
|upkeep
|
|t:|1665253336
|switch|p1a: Darmanitan|Darmanitan-Galar, M|100/100
|turn|16
|
|t:|1665253340
|move|p1a: Darmanitan|U-turn|p2a: All time fav💞
|-supereffective|p2a: All time fav💞
|-damage|p2a: All time fav💞|18/100
|
|t:|1665253342
|switch|p1a: Calyrex|Calyrex-Shadow|100/100|[from]move: U-turn
|-ability|p1a: Calyrex|As One
|-ability|p1a: Calyrex|Unnerve
|move|p2a: All time fav💞|Will-O-Wisp|p1a: Calyrex
|-status|p1a: Calyrex|brn
|
|-heal|p2a: All time fav💞|24/100|[from] item: Leftovers
|-damage|p1a: Calyrex|94/100 brn|[from] brn
|upkeep
|turn|17
|
|t:|1665253345
|switch|p2a: Arceus|Arceus|100/100
|move|p1a: Calyrex|Substitute|p1a: Calyrex
|-start|p1a: Calyrex|Substitute
|-damage|p1a: Calyrex|69/100 brn
|
|-damage|p1a: Calyrex|63/100 brn|[from] brn
|upkeep
|turn|18
|
|t:|1665253349
|move|p1a: Calyrex|Psyshock|p2a: Arceus
|-damage|p2a: Arceus|66/100
|move|p2a: Arceus|Shadow Claw|p1a: Calyrex
|-supereffective|p1a: Calyrex
|-end|p1a: Calyrex|Substitute
|
|-damage|p1a: Calyrex|57/100 brn|[from] brn
|upkeep
|turn|19
|
|t:|1665253355
|switch|p1a: Ditto|Ditto|100/100
|-transform|p1a: Ditto|p2a: Arceus|[from] ability: Imposter
|move|p2a: Arceus|Recover|p2a: Arceus
|-heal|p2a: Arceus|100/100
|
|upkeep
|turn|20
|
|t:|1665253359
|switch|p2a: Zacian|Zacian-Crowned|68/100
|-ability|p2a: Zacian|Intrepid Sword|boost
|-boost|p2a: Zacian|atk|1
|move|p1a: Ditto|Swords Dance|p1a: Ditto
|-boost|p1a: Ditto|atk|2
|
|upkeep
|turn|21
|
|t:|1665253368
|-start|p1a: Ditto|Dynamax|
|-heal|p1a: Ditto|100/100|[silent]
|move|p2a: Zacian|Imprison|p2a: Zacian
|-start|p2a: Zacian|move: Imprison
|move|p1a: Ditto|Max Strike|p2a: Zacian
|-resisted|p2a: Zacian
|-damage|p2a: Zacian|6/100
|-unboost|p2a: Zacian|spe|1
|
|upkeep
|turn|22
|
|t:|1665253373
|move|p2a: Zacian|Behemoth Blade|p1a: Ditto
|-damage|p1a: Ditto|6/100
|move|p1a: Ditto|Max Strike|p2a: Zacian
|-resisted|p2a: Zacian
|-crit|p2a: Zacian
|-damage|p2a: Zacian|0 fnt
|faint|p2a: Zacian
|
|upkeep
|
|t:|1665253380
|switch|p2a: Arceus|Arceus|100/100
|turn|23
|
|t:|1665253383
|move|p2a: Arceus|Extreme Speed|p1a: Ditto
|-damage|p1a: Ditto|0 fnt
|faint|p1a: Ditto
|
|upkeep
|
|t:|1665253388
|switch|p1a: Zacian|Zacian-Crowned|100/100
|-ability|p1a: Zacian|Intrepid Sword|boost
|-boost|p1a: Zacian|atk|1
|turn|24
|
|t:|1665253397
|switch|p2a: All time fav💞|Mewtwo|24/100
|-ability|p2a: All time fav💞|Pressure
|move|p1a: Zacian|Substitute|p1a: Zacian
|-start|p1a: Zacian|Substitute
|-damage|p1a: Zacian|76/100
|
|-heal|p2a: All time fav💞|30/100|[from] item: Leftovers
|upkeep
|turn|25
|
|t:|1665253400
|move|p1a: Zacian|Behemoth Blade|p2a: All time fav💞
|-crit|p2a: All time fav💞
|-damage|p2a: All time fav💞|0 fnt
|faint|p2a: All time fav💞
|
|upkeep
|
|t:|1665253404
|switch|p2a: Arceus|Arceus|100/100
|turn|26
|
|t:|1665253409
|-start|p2a: Arceus|Dynamax|
|-heal|p2a: Arceus|100/100|[silent]
|move|p1a: Zacian|Behemoth Blade|p2a: Arceus
|-damage|p2a: Arceus|41/100
|move|p2a: Arceus|Max Phantasm|p1a: Zacian
|-end|p1a: Zacian|Substitute
|-unboost|p1a: Zacian|def|1
|
|upkeep
|turn|27
|
|t:|1665253420
|switch|p1a: Darmanitan|Darmanitan-Galar, M|100/100
|move|p2a: Arceus|Max Phantasm|p1a: Darmanitan
|-damage|p1a: Darmanitan|29/100
|-unboost|p1a: Darmanitan|def|1
|
|upkeep
|turn|28
|
|t:|1665253430
|move|p2a: Arceus|Max Guard|p2a: Arceus
|-singleturn|p2a: Arceus|Max Guard
|move|p1a: Darmanitan|Flare Blitz|p2a: Arceus
|-activate|p2a: Arceus|move: Max Guard
|
|upkeep
|-end|p2a: Arceus|Dynamax
|-heal|p2a: Arceus|41/100|[silent]
|turn|29
|
|t:|1665253434
|move|p2a: Arceus|Extreme Speed|p1a: Darmanitan
|-damage|p1a: Darmanitan|0 fnt
|faint|p1a: Darmanitan
|
|upkeep
|
|t:|1665253437
|switch|p1a: Zacian|Zacian-Crowned|76/100
|-ability|p1a: Zacian|Intrepid Sword|boost
|-boost|p1a: Zacian|atk|1
|turn|30
|
|t:|1665253439
|move|p1a: Zacian|Substitute|p1a: Zacian
|-start|p1a: Zacian|Substitute
|-damage|p1a: Zacian|51/100
|move|p2a: Arceus|Shadow Claw|p1a: Zacian
|-crit|p1a: Zacian
|-end|p1a: Zacian|Substitute
|
|upkeep
|turn|31
|
|t:|1665253446
|move|p1a: Zacian|Substitute|p1a: Zacian
|-start|p1a: Zacian|Substitute
|-damage|p1a: Zacian|26/100
|move|p2a: Arceus|Shadow Claw|p1a: Zacian
|-crit|p1a: Zacian
|-end|p1a: Zacian|Substitute
|
|upkeep
|turn|32
|
|t:|1665253454
|move|p2a: Arceus|Extreme Speed|p1a: Zacian
|-resisted|p1a: Zacian
|-damage|p1a: Zacian|4/100
|move|p1a: Zacian|Fire Fang|p2a: Arceus
|-damage|p2a: Arceus|13/100
|
|upkeep
|turn|33
|
|t:|1665253458
|move|p1a: Zacian|Fire Fang|p2a: Arceus
|-damage|p2a: Arceus|0 fnt
|faint|p2a: Arceus
|
|upkeep
|
|t:|1665253461
|switch|p2a: Ditto|Ditto, shiny|87/100
|-transform|p2a: Ditto|p1a: Zacian|[from] ability: Imposter
|-ability|p2a: Ditto|Intrepid Sword|boost
|-boost|p2a: Ditto|atk|1
|turn|34
|
|t:|1665253464
|move|p2a: Ditto|Behemoth Blade|p1a: Zacian
|-damage|p1a: Zacian|0 fnt
|faint|p1a: Zacian
|
|upkeep
|
|t:|1665253465
|switch|p1a: Calyrex|Calyrex-Shadow|57/100 brn
|-ability|p1a: Calyrex|As One
|-ability|p1a: Calyrex|Unnerve
|turn|35
|
|t:|1665253471
|move|p2a: Ditto|Behemoth Blade|p1a: Calyrex
|-damage|p1a: Calyrex|0 fnt
|faint|p1a: Calyrex
|
|win|Blackstar152001
|raw|froy 18's rating: 1715 &rarr; <strong>1704</strong><br />(-11 for losing)
|raw|Blackstar152001's rating: 1874 &rarr; <strong>1885</strong><br />(+11 for winning)
|l|☆froy 18
