|j|☆Crystal55
|j|☆alt1445645
|t:|1666078083
|gametype|singles
|player|p1|Crystal55|cynthia|1830
|player|p2|alt1445645|lucas|1879
|teamsize|p1|6
|teamsize|p2|6
|gen|8
|tier|[Gen 8] National Dex AG
|rated|
|rule|HP Percentage Mod: HP is shown in percentages
|rule|Endless Battle Clause: Forcing endless battles is banned
|clearpoke
|poke|p1|Regieleki|
|poke|p1|Banette, F|
|poke|p1|Groudon|
|poke|p1|Zacian-*|
|poke|p1|Yveltal|
|poke|p1|Arceus-*|
|poke|p2|Groudon|
|poke|p2|Rayquaza|
|poke|p2|Zygarde|
|poke|p2|Calyrex-Shadow|
|poke|p2|Arceus-*|
|poke|p2|Arceus-*|
|teampreview
|inactive|Battle timer is ON: inactive players will automatically lose when time's up. (requested by Crystal55)
|
|t:|1666078104
|start
|switch|p1a: Banette|Banette, F|100/100
|switch|p2a: the gwoat|Rayquaza|100/100
|-ability|p2a: the gwoat|Air Lock
|turn|1
|
|t:|1666078112
|detailschange|p2a: the gwoat|Rayquaza-Mega
|-mega|p2a: the gwoat|Rayquaza|
|-weather|DeltaStream|[from] ability: Delta Stream|[of] p2a: the gwoat
|detailschange|p1a: Banette|Banette-Mega, F
|-mega|p1a: Banette|Banette|Banettite
|move|p1a: Banette|Will-O-Wisp|p2a: the gwoat|[miss]
|-miss|p1a: Banette|p2a: the gwoat
|move|p2a: the gwoat|Scale Shot|p1a: Banette
|-crit|p1a: Banette
|-damage|p1a: Banette|50/100
|-damage|p1a: Banette|19/100
|-damage|p1a: Banette|0 fnt
|faint|p1a: Banette
|-hitcount|p1: Banette|3
|-unboost|p2a: the gwoat|def|1
|-boost|p2a: the gwoat|spe|1
|-damage|p2a: the gwoat|91/100|[from] item: Life Orb
|
|-weather|DeltaStream|[upkeep]
|upkeep
|c|☆Crystal55|lol\
|c|☆Crystal55|what a start
|inactive|Crystal55 has 120 seconds left.
|
|t:|1666078152
|switch|p1a: Yveltal|Yveltal|100/100
|-ability|p1a: Yveltal|Dark Aura
|turn|2
|
|t:|1666078158
|move|p2a: the gwoat|Dragon Ascent|p1a: Yveltal
|-damage|p1a: Yveltal|13/100
|-unboost|p2a: the gwoat|def|1
|-unboost|p2a: the gwoat|spd|1
|-damage|p2a: the gwoat|81/100|[from] item: Life Orb
|move|p1a: Yveltal|Oblivion Wing|p2a: the gwoat
|-damage|p2a: the gwoat|27/100
|-heal|p1a: Yveltal|44/100|[from] drain|[of] p2a: the gwoat
|
|-weather|DeltaStream|[upkeep]
|upkeep
|turn|3
|
|t:|1666078170
|switch|p1a: Zacian|Zacian-Crowned|100/100
|-ability|p1a: Zacian|Intrepid Sword|boost
|-boost|p1a: Zacian|atk|1
|move|p2a: the gwoat|Dragon Ascent|p1a: Zacian
|-resisted|p1a: Zacian
|-damage|p1a: Zacian|47/100
|-unboost|p2a: the gwoat|def|1
|-unboost|p2a: the gwoat|spd|1
|-damage|p2a: the gwoat|17/100|[from] item: Life Orb
|
|-weather|DeltaStream|[upkeep]
|upkeep
|turn|4
|
|t:|1666078180
|move|p1a: Zacian|Quick Attack|p2a: the gwoat
|-damage|p2a: the gwoat|0 fnt
|faint|p2a: the gwoat
|-weather|none
|
|upkeep
|c|☆alt1445645|aint no way u got quick attack
|c|☆alt1445645|LOL U DO
|
|t:|1666078187
|switch|p2a: Calyrex|Calyrex-Shadow|100/100
|-ability|p2a: Calyrex|As One
|-ability|p2a: Calyrex|Unnerve
|turn|5
|c|☆alt1445645|u da goat for that
|
|t:|1666078206
|switch|p1a: Yveltal|Yveltal|44/100
|-ability|p1a: Yveltal|Dark Aura
|move|p2a: Calyrex|Substitute|p2a: Calyrex
|-start|p2a: Calyrex|Substitute
|-damage|p2a: Calyrex|76/100
|
|-heal|p2a: Calyrex|82/100|[from] item: Leftovers
|upkeep
|turn|6
|
|t:|1666078214
|move|p2a: Calyrex|Leech Seed|p1a: Yveltal
|-start|p1a: Yveltal|move: Leech Seed
|move|p1a: Yveltal|Knock Off|p2a: Calyrex
|-supereffective|p2a: Calyrex
|-end|p2a: Calyrex|Substitute
|
|-heal|p2a: Calyrex|88/100|[from] item: Leftovers
|-damage|p1a: Yveltal|31/100|[from] Leech Seed|[of] p2a: Calyrex
|-heal|p2a: Calyrex|100/100|[silent]
|upkeep
|turn|7
|
|t:|1666078224
|move|p2a: Calyrex|Substitute|p2a: Calyrex
|-start|p2a: Calyrex|Substitute
|-damage|p2a: Calyrex|76/100
|move|p1a: Yveltal|U-turn|p2a: Calyrex
|-end|p2a: Calyrex|Substitute
|
|t:|1666078233
|switch|p1a: Regieleki|Regieleki|100/100|[from]move: U-turn
|
|-heal|p2a: Calyrex|82/100|[from] item: Leftovers
|upkeep
|turn|8
|
|t:|1666078241
|switch|p1a: Yveltal|Yveltal|31/100
|-ability|p1a: Yveltal|Dark Aura
|switch|p2a: the goat|Zygarde, shiny|100/100
|
|upkeep
|turn|9
|
|t:|1666078248
|move|p2a: the goat|Glare|p1a: Yveltal
|-status|p1a: Yveltal|par
|cant|p1a: Yveltal|par
|
|upkeep
|turn|10
|c|☆Crystal55|lolk
|
|t:|1666078255
|move|p2a: the goat|Substitute|p2a: the goat
|-start|p2a: the goat|Substitute
|-damage|p2a: the goat|75/100
|move|p1a: Yveltal|Knock Off|p2a: the goat
|-end|p2a: the goat|Substitute
|
|-heal|p2a: the goat|82/100|[from] item: Leftovers
|upkeep
|turn|11
|c|☆Crystal55|thia game
|c|☆Crystal55|is just over
|
|t:|1666078265
|move|p2a: the goat|Substitute|p2a: the goat
|-start|p2a: the goat|Substitute
|-damage|p2a: the goat|57/100
|move|p1a: Yveltal|Knock Off|p2a: the goat
|-end|p2a: the goat|Substitute
|
|-heal|p2a: the goat|63/100|[from] item: Leftovers
|upkeep
|turn|12
|c|☆alt1445645|ff
|c|☆alt1445645|then
|
|t:|1666078272
|move|p2a: the goat|Substitute|p2a: the goat
|-start|p2a: the goat|Substitute
|-damage|p2a: the goat|38/100
|move|p1a: Yveltal|Knock Off|p2a: the goat
|-end|p2a: the goat|Substitute
|
|-heal|p2a: the goat|44/100|[from] item: Leftovers
|-activate|p2a: the goat|ability: Power Construct
|detailschange|p2a: the goat|Zygarde-Complete, shiny
|-heal|p2a: the goat|63/100|[silent]
|upkeep
|turn|13
|
|t:|1666078281
|switch|p2a: Pyra|Groudon|100/100
|detailschange|p2a: Pyra|Groudon-Primal
|-primal|p2a: Pyra
|-weather|DesolateLand|[from] ability: Desolate Land|[of] p2a: Pyra
|cant|p1a: Yveltal|par
|
|-weather|DesolateLand|[upkeep]
|upkeep
|turn|14
|c|☆Crystal55|this is insane
|c|☆alt1445645|?
|
|t:|1666078297
|move|p2a: Pyra|Stone Edge|p1a: Yveltal
|-supereffective|p1a: Yveltal
|-damage|p1a: Yveltal|0 fnt
|faint|p1a: Yveltal
|
|-weather|DesolateLand|[upkeep]
|upkeep
|
|t:|1666078303
|switch|p1a: Arceus|Arceus-Ground|100/100
|turn|15
|c|☆alt1445645|u hit a bunch in a row watcha talkin bout
|c|☆Crystal55|i dont care about
|c|☆Crystal55|in a row
|c|☆Crystal55|i care about switch in
|
|t:|1666078324
|move|p1a: Arceus|Calm Mind|p1a: Arceus
|-boost|p1a: Arceus|spa|1
|-boost|p1a: Arceus|spd|1
|move|p2a: Pyra|Precipice Blades|p1a: Arceus
|-damage|p1a: Arceus|52/100
|
|-weather|DesolateLand|[upkeep]
|upkeep
|turn|16
|
|t:|1666078330
|-weather|none
|switch|p2a: Arceus|Arceus-Fairy|100/100
|move|p1a: Arceus|Judgment|p2a: Arceus
|-damage|p2a: Arceus|65/100
|
|upkeep
|turn|17
|
|t:|1666078340
|switch|p1a: Zacian|Zacian-Crowned|47/100
|-ability|p1a: Zacian|Intrepid Sword|boost
|-boost|p1a: Zacian|atk|1
|move|p2a: Arceus|Perish Song|p2a: Arceus
|-start|p1a: Zacian|perish3|[silent]
|-start|p2a: Arceus|perish3|[silent]
|-fieldactivate|move: Perish Song
|
|-start|p1a: Zacian|perish3
|-start|p2a: Arceus|perish3
|upkeep
|turn|18
|
|t:|1666078350
|switch|p2a: Pyra|Groudon-Primal|100/100
|-weather|DesolateLand|[from] ability: Desolate Land|[of] p2a: Pyra
|move|p1a: Zacian|Close Combat|p2a: Pyra
|-damage|p2a: Pyra|68/100
|-unboost|p1a: Zacian|def|1
|-unboost|p1a: Zacian|spd|1
|
|-weather|DesolateLand|[upkeep]
|-start|p1a: Zacian|perish2
|upkeep
|turn|19
|
|t:|1666078362
|move|p1a: Zacian|Close Combat|p2a: Pyra
|-damage|p2a: Pyra|31/100
|-unboost|p1a: Zacian|def|1
|-unboost|p1a: Zacian|spd|1
|move|p2a: Pyra|Precipice Blades|p1a: Zacian
|-supereffective|p1a: Zacian
|-damage|p1a: Zacian|0 fnt
|faint|p1a: Zacian
|
|-weather|DesolateLand|[upkeep]
|upkeep
|c|☆alt1445645|zheeesh
|c|☆Crystal55|why dont you miss a prec or somehting
|inactive|Crystal55 has 120 seconds left.
|c|☆Crystal55|or a leach seed
|c|☆Crystal55|or anything
|c|☆alt1445645|ok budtard
|c|☆alt1445645|u got para'd twice relax
|c|☆Crystal55|or not crit on your first turn
|c|☆Crystal55|after willo wisp[missing
|inactive|Crystal55 has 90 seconds left.
|c|☆alt1445645|o boy my favorite
|c|☆alt1445645|cope
|c|☆Crystal55|lol how about re after this?
|c|☆alt1445645|swap in ur arceus ground
|c|☆alt1445645|find me on ladda playa
|inactive|Crystal55 has 60 seconds left.
|c|☆alt1445645|wacka wacka
|c|☆Crystal55|i cant find you after this
|c|☆Crystal55|your hard stuck
|c|☆alt1445645|u gotta keep playing lol
|c|☆alt1445645|have YOU gotten 2 first before
|c|☆alt1445645|lol
|inactive|Crystal55 has 30 seconds left.
|c|☆alt1445645|hell on this shitter alt acc im higher elo then u LOL
|
|t:|1666078474
|switch|p1a: Arceus|Arceus-Ground|52/100
|turn|20
|c|☆Crystal55|lol
|inactive|Crystal55 has 30 seconds left.
|c|☆Crystal55|i would of believed you but your shit play at the start gave it away
|inactive|Crystal55 has 20 seconds left.
|c|☆alt1445645|i got screen shoots lol
|
|t:|1666078510
|-weather|none
|switch|p2a: Arceus|Arceus-Fairy|65/100
|move|p1a: Arceus|Judgment|p2a: Arceus
|-damage|p2a: Arceus|39/100
|
|upkeep
|turn|21
|inactive|Crystal55 has 30 seconds left this turn.
|c|☆Crystal55|you literally stayed in with ray
|inactive|Crystal55 has 20 seconds left.
|c|☆Crystal55|aha
|inactive|Crystal55 has 15 seconds left.
|c|☆alt1445645|you literally lost
|c|☆alt1445645|aha
|
|t:|1666078528
|switch|p1a: Groudon|Groudon|100/100
|detailschange|p1a: Groudon|Groudon-Primal
|-primal|p1a: Groudon
|-weather|DesolateLand|[from] ability: Desolate Land|[of] p1a: Groudon
|move|p2a: Arceus|Recover|p2a: Arceus
|-heal|p2a: Arceus|89/100
|
|-weather|DesolateLand|[upkeep]
|upkeep
|turn|22
|inactive|Crystal55 has 25 seconds left this turn.
|inactive|Crystal55 has 20 seconds left.
|
|t:|1666078536
|switch|p2a: the goat|Zygarde-Complete, shiny|63/100
|move|p1a: Groudon|Toxic|p2a: the goat
|-status|p2a: the goat|tox
|
|-weather|DesolateLand|[upkeep]
|-heal|p2a: the goat|69/100 tox|[from] item: Leftovers
|-damage|p2a: the goat|63/100 tox|[from] psn
|upkeep
|turn|23
|inactive|Crystal55 has 30 seconds left this turn.
|
|t:|1666078544
|move|p2a: the goat|Glare|p1a: Groudon
|-status|p1a: Groudon|par
|move|p1a: Groudon|Stealth Rock|p2a: the goat
|-sidestart|p2: alt1445645|move: Stealth Rock
|
|-weather|DesolateLand|[upkeep]
|-heal|p2a: the goat|69/100 tox|[from] item: Leftovers
|-damage|p2a: the goat|57/100 tox|[from] psn
|upkeep
|turn|24
|inactive|Crystal55 has 30 seconds left.
|
|t:|1666078552
|move|p2a: the goat|Substitute|p2a: the goat
|-start|p2a: the goat|Substitute
|-damage|p2a: the goat|32/100 tox
|move|p1a: Groudon|Precipice Blades|p2a: the goat
|-end|p2a: the goat|Substitute
|
|-weather|DesolateLand|[upkeep]
|-heal|p2a: the goat|38/100 tox|[from] item: Leftovers
|-damage|p2a: the goat|20/100 tox|[from] psn
|upkeep
|turn|25
|c|☆Crystal55|play off some more para
|
|t:|1666078562
|move|p2a: the goat|Glare|p1a: Groudon
|-fail|p1a: Groudon|par
|move|p1a: Groudon|Precipice Blades|p2a: the goat
|-crit|p2a: the goat
|-damage|p2a: the goat|0 fnt
|faint|p2a: the goat
|
|-weather|DesolateLand|[upkeep]
|upkeep
|
|t:|1666078564
|switch|p2a: Calyrex|Calyrex-Shadow|82/100
|-ability|p2a: Calyrex|As One
|-ability|p2a: Calyrex|Unnerve
|-damage|p2a: Calyrex|70/100|[from] Stealth Rock
|turn|26
|c|☆alt1445645|ok lol
|c|☆Crystal55|so bad
|
|t:|1666078576
|move|p2a: Calyrex|Substitute|p2a: Calyrex
|-start|p2a: Calyrex|Substitute
|-damage|p2a: Calyrex|45/100
|move|p1a: Groudon|Fire Punch|p2a: Calyrex
|-end|p2a: Calyrex|Substitute
|
|-weather|DesolateLand|[upkeep]
|-heal|p2a: Calyrex|51/100|[from] item: Leftovers
|upkeep
|turn|27
|
|t:|1666078584
|move|p2a: Calyrex|Substitute|p2a: Calyrex
|-start|p2a: Calyrex|Substitute
|-damage|p2a: Calyrex|26/100
|move|p1a: Groudon|Fire Punch|p2a: Calyrex
|-end|p2a: Calyrex|Substitute
|
|-weather|DesolateLand|[upkeep]
|-heal|p2a: Calyrex|32/100|[from] item: Leftovers
|upkeep
|turn|28
|
|t:|1666078590
|move|p2a: Calyrex|Substitute|p2a: Calyrex
|-start|p2a: Calyrex|Substitute
|-damage|p2a: Calyrex|7/100
|cant|p1a: Groudon|par
|
|-weather|DesolateLand|[upkeep]
|-heal|p2a: Calyrex|13/100|[from] item: Leftovers
|upkeep
|turn|29
|c|☆alt1445645|ay u said 2 play off para
|
|t:|1666078598
|move|p2a: Calyrex|Leech Seed|p1a: Groudon
|-start|p1a: Groudon|move: Leech Seed
|move|p1a: Groudon|Fire Punch|p2a: Calyrex
|-end|p2a: Calyrex|Substitute
|
|-weather|DesolateLand|[upkeep]
|-heal|p2a: Calyrex|20/100|[from] item: Leftovers
|-damage|p1a: Groudon|88/100 par|[from] Leech Seed|[of] p2a: Calyrex
|-heal|p2a: Calyrex|34/100|[silent]
|upkeep
|turn|30
|inactive|Crystal55 has 60 seconds left.
|c|☆alt1445645|i will honor ur wishes
|
|t:|1666078613
|-weather|none
|switch|p1a: Arceus|Arceus-Ground|52/100
|move|p2a: Calyrex|Substitute|p2a: Calyrex
|-start|p2a: Calyrex|Substitute
|-damage|p2a: Calyrex|9/100
|
|-heal|p2a: Calyrex|15/100|[from] item: Leftovers
|upkeep
|turn|31
|
|t:|1666078622
|move|p2a: Calyrex|Astral Barrage|p1a: Arceus
|-damage|p1a: Arceus|4/100
|move|p1a: Arceus|Judgment|p2a: Calyrex
|-end|p2a: Calyrex|Substitute
|
|-heal|p2a: Calyrex|22/100|[from] item: Leftovers
|upkeep
|turn|32
|inactive|Crystal55 has 60 seconds left.
|
|t:|1666078634
|move|p2a: Calyrex|Astral Barrage|p1a: Arceus
|-damage|p1a: Arceus|0 fnt
|faint|p1a: Arceus
|-ability|p2a: Calyrex|Grim Neigh|boost
|-boost|p2a: Calyrex|spa|1
|
|-heal|p2a: Calyrex|28/100|[from] item: Leftovers
|upkeep
|
|t:|1666078645
|switch|p1a: Regieleki|Regieleki|100/100
|turn|33
|
|t:|1666078651
|move|p1a: Regieleki|Electro Ball|p2a: Calyrex
|-damage|p2a: Calyrex|0 fnt
|faint|p2a: Calyrex
|
|upkeep
|
|t:|1666078654
|switch|p2a: Pyra|Groudon-Primal|31/100
|-damage|p2a: Pyra|19/100|[from] Stealth Rock
|-weather|DesolateLand|[from] ability: Desolate Land|[of] p2a: Pyra
|turn|34
|inactive|Crystal55 has 60 seconds left.
|
|t:|1666078670
|switch|p1a: Groudon|Groudon-Primal|88/100 par
|move|p2a: Pyra|Precipice Blades|p1a: Groudon
|-supereffective|p1a: Groudon
|-damage|p1a: Groudon|33/100 par
|
|-weather|DesolateLand|[upkeep]
|upkeep
|turn|35
|
|t:|1666078677
|move|p2a: Pyra|Precipice Blades|p1a: Groudon
|-supereffective|p1a: Groudon
|-damage|p1a: Groudon|0 fnt
|faint|p1a: Groudon
|
|-weather|DesolateLand|[upkeep]
|upkeep
|c|☆Crystal55|lol
|c|☆alt1445645|lol
|c|☆alt1445645|lol
|c|☆Crystal55|i hope you miss
|inactive|Crystal55 has 60 seconds left.
|
|t:|1666078688
|switch|p1a: Regieleki|Regieleki|100/100
|turn|36
|
|t:|1666078692
|-start|p1a: Regieleki|Dynamax|
|-heal|p1a: Regieleki|100/100|[silent]
|move|p1a: Regieleki|Max Strike|p2a: Pyra
|-crit|p2a: Pyra
|-damage|p2a: Pyra|4/100
|-unboost|p2a: Pyra|spe|1
|move|p2a: Pyra|Precipice Blades|p1a: Regieleki
|-supereffective|p1a: Regieleki
|-damage|p1a: Regieleki|0 fnt
|faint|p1a: Regieleki
|
|win|alt1445645
|raw|Crystal55's rating: 1830 &rarr; <strong>1813</strong><br />(-17 for losing)
|raw|alt1445645's rating: 1879 &rarr; <strong>1896</strong><br />(+17 for winning)
|c|☆alt1445645|:((
