|j|☆xLeonisx
|j|☆SpookyMareep
|t:|1658888706
|gametype|singles
|player|p1|xLeonisx|170|1640
|player|p2|SpookyMareep|rocketgruntf|1563
|teamsize|p1|6
|teamsize|p2|6
|gen|8
|tier|[Gen 8] National Dex AG
|rated|
|rule|HP Percentage Mod: HP is shown in percentages
|rule|Endless Battle Clause: Forcing endless battles is banned
|clearpoke
|poke|p1|Deoxys-Speed|
|poke|p1|Ditto|
|poke|p1|Kyogre|
|poke|p1|Calyrex-Shadow|
|poke|p1|Lugia|
|poke|p1|Zacian-*|
|poke|p2|Ditto|
|poke|p2|Marshadow|
|poke|p2|Toxapex, F|
|poke|p2|Shedinja|
|poke|p2|Quagsire, M|
|poke|p2|Landorus-Therian, M|
|teampreview
|inactive|Battle timer is ON: inactive players will automatically lose when time's up. (requested by xLeonisx)
|j| MeloMeloMeloetta
|
|t:|1658888716
|start
|switch|p1a: Kyogre|Kyogre|100/100
|switch|p2a: xXWingsRippedXx|Marshadow|100/100
|detailschange|p1a: Kyogre|Kyogre-Primal
|-primal|p1a: Kyogre
|-weather|PrimordialSea|[from] ability: Primordial Sea|[of] p1a: Kyogre
|turn|1
|
|t:|1658888720
|switch|p2a: Yakuza.|Shedinja|100/100
|move|p1a: Kyogre|Origin Pulse|p2a: Yakuza.
|-immune|p2a: Yakuza.|[from] ability: Wonder Guard
|
|-weather|PrimordialSea|[upkeep]
|upkeep
|turn|2
|
|t:|1658888724
|-weather|none
|switch|p1a: Deoxys|Deoxys-Speed|100/100
|-ability|p1a: Deoxys|Pressure
|move|p2a: Yakuza.|Toxic|p1a: Deoxys
|-status|p1a: Deoxys|tox
|
|-damage|p1a: Deoxys|94/100 tox|[from] psn
|upkeep
|turn|3
|
|t:|1658888728
|move|p2a: Yakuza.|Shadow Sneak|p1a: Deoxys
|-supereffective|p1a: Deoxys
|-damage|p1a: Deoxys|44/100 tox
|move|p1a: Deoxys|Stealth Rock|p2a: Yakuza.
|-sidestart|p2: SpookyMareep|move: Stealth Rock
|
|-damage|p1a: Deoxys|31/100 tox|[from] psn
|upkeep
|turn|4
|
|t:|1658888732
|move|p2a: Yakuza.|Shadow Sneak|p1a: Deoxys
|-supereffective|p1a: Deoxys
|-damage|p1a: Deoxys|0 fnt
|faint|p1a: Deoxys
|
|upkeep
|
|t:|1658888736
|switch|p1a: Lugia|Lugia|100/100
|turn|5
|
|t:|1658888739
|switch|p2a: >1440 ELO TEAM|Landorus-Therian, M|100/100
|-ability|p2a: >1440 ELO TEAM|Intimidate|boost
|-unboost|p1a: Lugia|atk|1
|move|p1a: Lugia|Toxic|p2a: >1440 ELO TEAM
|-status|p2a: >1440 ELO TEAM|tox
|
|-damage|p2a: >1440 ELO TEAM|95/100 tox|[from] psn
|upkeep
|turn|6
|
|t:|1658888741
|move|p1a: Lugia|Roost||[still]
|-fail|p1a: Lugia|heal
|move|p2a: >1440 ELO TEAM|Defog|p1a: Lugia
|-unboost|p1a: Lugia|evasion|1
|-sideend|p2: SpookyMareep|Stealth Rock|[from] move: Defog|[of] p2a: >1440 ELO TEAM
|
|-damage|p2a: >1440 ELO TEAM|83/100 tox|[from] psn
|upkeep
|turn|7
|
|t:|1658888745
|move|p1a: Lugia|Roost||[still]
|-fail|p1a: Lugia|heal
|move|p2a: >1440 ELO TEAM|Stealth Rock|p1a: Lugia
|-sidestart|p1: xLeonisx|move: Stealth Rock
|
|-damage|p2a: >1440 ELO TEAM|65/100 tox|[from] psn
|upkeep
|turn|8
|
|t:|1658888747
|switch|p2a: Yakuza|Toxapex, F|100/100
|move|p1a: Lugia|Defog|p2a: Yakuza
|-unboost|p2a: Yakuza|evasion|1
|-sideend|p1: xLeonisx|Stealth Rock|[from] move: Defog|[of] p1a: Lugia
|
|upkeep
|turn|9
|
|t:|1658888751
|switch|p1a: Kyogre|Kyogre-Primal|100/100
|-weather|PrimordialSea|[from] ability: Primordial Sea|[of] p1a: Kyogre
|move|p2a: Yakuza|Toxic|p1a: Kyogre
|-status|p1a: Kyogre|tox
|
|-weather|PrimordialSea|[upkeep]
|-damage|p1a: Kyogre|94/100 tox|[from] psn
|upkeep
|turn|10
|
|t:|1658888754
|switch|p2a: Yakuza.|Shedinja|100/100
|move|p1a: Kyogre|Thunder|p2a: Yakuza.
|-immune|p2a: Yakuza.|[from] ability: Wonder Guard
|
|-weather|PrimordialSea|[upkeep]
|-damage|p1a: Kyogre|82/100 tox|[from] psn
|upkeep
|turn|11
|
|t:|1658888756
|move|p1a: Kyogre|Ice Beam|p2a: Yakuza.
|-immune|p2a: Yakuza.|[from] ability: Wonder Guard
|move|p2a: Yakuza.|Toxic|p1a: Kyogre
|-fail|p1a: Kyogre|tox
|
|-weather|PrimordialSea|[upkeep]
|-damage|p1a: Kyogre|64/100 tox|[from] psn
|upkeep
|turn|12
|
|t:|1658888760
|-weather|none
|switch|p1a: Lugia|Lugia|100/100
|move|p2a: Yakuza.|Toxic|p1a: Lugia
|-status|p1a: Lugia|tox
|
|-damage|p1a: Lugia|94/100 tox|[from] psn
|upkeep
|turn|13
|
|t:|1658888764
|switch|p2a: Yakuza|Toxapex, F|100/100
|move|p1a: Lugia|Roost|p1a: Lugia
|-heal|p1a: Lugia|100/100 tox
|-singleturn|p1a: Lugia|move: Roost
|
|-damage|p1a: Lugia|88/100 tox|[from] psn
|upkeep
|turn|14
|
|t:|1658888768
|move|p2a: Yakuza|Toxic Spikes|p1a: Lugia
|-sidestart|p1: xLeonisx|move: Toxic Spikes
|move|p1a: Lugia|Whirlwind|p2a: Yakuza
|drag|p2a: :)|Quagsire, M|100/100
|
|-damage|p1a: Lugia|70/100 tox|[from] psn
|upkeep
|turn|15
|
|t:|1658888771
|switch|p2a: Yakuza|Toxapex, F|100/100
|move|p1a: Lugia|Toxic|p2a: Yakuza
|-immune|p2a: Yakuza
|
|-damage|p1a: Lugia|46/100 tox|[from] psn
|upkeep
|turn|16
|
|t:|1658888776
|move|p1a: Lugia|Defog|p2a: Yakuza
|-unboost|p2a: Yakuza|evasion|1
|-sideend|p1: xLeonisx|Toxic Spikes|[from] move: Defog|[of] p1a: Lugia
|move|p2a: Yakuza|Toxic Spikes|p1a: Lugia
|-sidestart|p1: xLeonisx|move: Toxic Spikes
|
|-damage|p1a: Lugia|16/100 tox|[from] psn
|upkeep
|turn|17
|
|t:|1658888779
|switch|p1a: Calyrex|Calyrex-Shadow|100/100
|-ability|p1a: Calyrex|As One
|-ability|p1a: Calyrex|Unnerve
|-status|p1a: Calyrex|psn
|move|p2a: Yakuza|Toxic Spikes|p1a: Calyrex
|-sidestart|p1: xLeonisx|move: Toxic Spikes
|
|-damage|p1a: Calyrex|88/100 psn|[from] psn
|upkeep
|turn|18
|
|t:|1658888786
|switch|p2a: Yakuza.|Shedinja|100/100
|-start|p1a: Calyrex|Dynamax|
|-heal|p1a: Calyrex|88/100 psn|[silent]
|move|p1a: Calyrex|Max Mindstorm|p2a: Yakuza.
|-immune|p2a: Yakuza.|[from] ability: Wonder Guard
|
|-damage|p1a: Calyrex|82/100 psn|[from] psn
|upkeep
|turn|19
|
|t:|1658888791
|move|p2a: Yakuza.|Shadow Sneak|p1a: Calyrex
|-supereffective|p1a: Calyrex
|-damage|p1a: Calyrex|43/100 psn
|move|p1a: Calyrex|Max Phantasm|p2a: Yakuza.
|-supereffective|p2a: Yakuza.
|-enditem|p2a: Yakuza.|Focus Sash
|-damage|p2a: Yakuza.|100/100
|-unboost|p2a: Yakuza.|def|1
|
|-damage|p1a: Calyrex|37/100 psn|[from] psn
|upkeep
|turn|20
|
|t:|1658888796
|move|p2a: Yakuza.|Shadow Sneak|p1a: Calyrex
|-supereffective|p1a: Calyrex
|-damage|p1a: Calyrex|0 fnt
|faint|p1a: Calyrex
|
|upkeep
|-message|xLeonisx forfeited.
|
|win|SpookyMareep
|raw|xLeonisx's rating: 1640 &rarr; <strong>1616</strong><br />(-24 for losing)
|raw|SpookyMareep's rating: 1563 &rarr; <strong>1587</strong><br />(+24 for winning)
|l|☆xLeonisx
|l|☆SpookyMareep
||Ladder isn't responding, score probably updated but might not have (Request timeout).
