|j|☆coloer
|j|☆SteelPhoenix363
|t:|1668437853
|gametype|singles
|player|p1|coloer|red|1679
|player|p2|SteelPhoenix363|1|1579
|teamsize|p1|6
|teamsize|p2|6
|gen|8
|tier|[Gen 8] National Dex AG
|rated|
|rule|HP Percentage Mod: HP is shown in percentages
|rule|Endless Battle Clause: Forcing endless battles is banned
|clearpoke
|poke|p1|Rayquaza|
|poke|p1|Ditto|
|poke|p1|Kyogre|
|poke|p1|Forretress, M|
|poke|p1|Yveltal|
|poke|p1|Marshadow|
|poke|p2|Smeargle, F|
|poke|p2|Groudon|
|poke|p2|Xerneas-*|
|poke|p2|Yveltal|
|poke|p2|Rayquaza|
|poke|p2|Arceus-*|
|teampreview
|
|t:|1668437858
|start
|switch|p1a: Forretress|Forretress, M|100/100
|switch|p2a: SmearMyReputation|Smeargle, F, shiny|100/100
|turn|1
|
|t:|1668437862
|move|p2a: SmearMyReputation|Sticky Web|p1a: Forretress
|-sidestart|p1: coloer|move: Sticky Web
|move|p1a: Forretress|Stealth Rock|p2a: SmearMyReputation
|-sidestart|p2: SteelPhoenix363|move: Stealth Rock
|
|-ability|p2a: SmearMyReputation|Moody|boost
|-boost|p2a: SmearMyReputation|def|2
|-unboost|p2a: SmearMyReputation|spe|1
|upkeep
|turn|2
|
|t:|1668437865
|move|p2a: SmearMyReputation|Rapid Spin|p1a: Forretress
|-resisted|p1a: Forretress
|-damage|p1a: Forretress|99/100
|-boost|p2a: SmearMyReputation|spe|1
|-sideend|p2: SteelPhoenix363|Stealth Rock|[from] move: Rapid Spin|[of] p2a: SmearMyReputation
|-enditem|p1a: Forretress|Red Card|[of] p2a: SmearMyReputation
|drag|p2a: BigBlackRooster|Yveltal|100/100
|-ability|p2a: BigBlackRooster|Dark Aura
|move|p1a: Forretress|Rapid Spin|p2a: BigBlackRooster
|-damage|p2a: BigBlackRooster|92/100
|-boost|p1a: Forretress|spe|1
|-sideend|p1: coloer|Sticky Web|[from] move: Rapid Spin|[of] p1a: Forretress
|
|upkeep
|turn|3
|
|t:|1668437881
|move|p2a: BigBlackRooster|Heat Wave|p1a: Forretress|[miss]
|-miss|p2a: BigBlackRooster|p1a: Forretress
|move|p1a: Forretress|Stealth Rock|p2a: BigBlackRooster
|-sidestart|p2: SteelPhoenix363|move: Stealth Rock
|
|upkeep
|turn|4
|
|t:|1668437885
|move|p2a: BigBlackRooster|Heat Wave|p1a: Forretress
|-supereffective|p1a: Forretress
|-damage|p1a: Forretress|0 fnt
|faint|p1a: Forretress
|-damage|p2a: BigBlackRooster|82/100|[from] item: Life Orb
|
|upkeep
|
|t:|1668437893
|switch|p1a: Rayquaza|Rayquaza, shiny|100/100
|-ability|p1a: Rayquaza|Air Lock
|turn|5
|
|t:|1668437899
|-start|p1a: Rayquaza|Dynamax|
|-heal|p1a: Rayquaza|100/100|[silent]
|move|p1a: Rayquaza|Max Airstream|p2a: BigBlackRooster
|-damage|p2a: BigBlackRooster|0 fnt
|-boost|p1a: Rayquaza|spe|1
|faint|p2a: BigBlackRooster
|-damage|p1a: Rayquaza|96/100|[from] item: Life Orb
|
|upkeep
|c|☆SteelPhoenix363|dmax ray instead of mray?
|c|☆SteelPhoenix363|odd
|
|t:|1668437917
|switch|p2a: BigPPDon|Groudon, shiny|100/100
|-damage|p2a: BigPPDon|94/100|[from] Stealth Rock
|detailschange|p2a: BigPPDon|Groudon-Primal, shiny
|-primal|p2a: BigPPDon
|-weather|DesolateLand|[from] ability: Desolate Land|[of] p2a: BigPPDon
|turn|6
|
|t:|1668437921
|move|p1a: Rayquaza|Max Wyrmwind|p2a: BigPPDon
|-damage|p2a: BigPPDon|0 fnt
|faint|p2a: BigPPDon
|-weather|none
|-damage|p1a: Rayquaza|91/100|[from] item: Life Orb
|
|upkeep
|
|t:|1668437925
|switch|p2a: Arceus|Arceus|100/100
|-damage|p2a: Arceus|88/100|[from] Stealth Rock
|turn|7
|
|t:|1668437929
|move|p2a: Arceus|Extreme Speed|p1a: Rayquaza
|-damage|p1a: Rayquaza|62/100
|-damage|p2a: Arceus|78/100|[from] item: Life Orb
|move|p1a: Rayquaza|Max Wyrmwind|p2a: Arceus
|-damage|p2a: Arceus|0 fnt
|faint|p2a: Arceus
|-damage|p1a: Rayquaza|57/100|[from] item: Life Orb
|
|upkeep
|
|t:|1668437939
|switch|p2a: Jormungandr|Rayquaza|100/100
|-damage|p2a: Jormungandr|76/100|[from] Stealth Rock
|-ability|p2a: Jormungandr|Air Lock
|-end|p1a: Rayquaza|Dynamax
|-heal|p1a: Rayquaza|57/100|[silent]
|turn|8
|
|t:|1668437948
|detailschange|p2a: Jormungandr|Rayquaza-Mega
|-mega|p2a: Jormungandr|Rayquaza|
|-weather|DeltaStream|[from] ability: Delta Stream|[of] p2a: Jormungandr
|move|p1a: Rayquaza|Hurricane|p2a: Jormungandr
|-damage|p2a: Jormungandr|0 fnt
|faint|p2a: Jormungandr
|-weather|none
|-damage|p1a: Rayquaza|47/100|[from] item: Life Orb
|
|upkeep
|
|t:|1668437953
|switch|p2a: Xernie Sanders|Xerneas|100/100
|-damage|p2a: Xernie Sanders|88/100|[from] Stealth Rock
|-ability|p2a: Xernie Sanders|Fairy Aura
|turn|9
|
|t:|1668437956
|move|p1a: Rayquaza|Hurricane|p2a: Xernie Sanders
|-damage|p2a: Xernie Sanders|19/100
|-start|p2a: Xernie Sanders|confusion
|-damage|p1a: Rayquaza|37/100|[from] item: Life Orb
|-activate|p2a: Xernie Sanders|confusion
|-damage|p2a: Xernie Sanders|10/100|[from] confusion
|
|upkeep
|turn|10
|
|t:|1668437965
|move|p1a: Rayquaza|Fire Blast|p2a: Xernie Sanders
|-damage|p2a: Xernie Sanders|0 fnt
|faint|p2a: Xernie Sanders
|-damage|p1a: Rayquaza|28/100|[from] item: Life Orb
|
|upkeep
|
|t:|1668437967
|switch|p2a: SmearMyReputation|Smeargle, F, shiny|100/100
|-damage|p2a: SmearMyReputation|88/100|[from] Stealth Rock
|turn|11
|
|t:|1668437970
|-start|p2a: SmearMyReputation|Dynamax|
|-heal|p2a: SmearMyReputation|88/100|[silent]
|move|p1a: Rayquaza|Draco Meteor|p2a: SmearMyReputation
|-crit|p2a: SmearMyReputation
|-damage|p2a: SmearMyReputation|0 fnt
|-unboost|p1a: Rayquaza|spa|2
|faint|p2a: SmearMyReputation
|-damage|p1a: Rayquaza|18/100|[from] item: Life Orb
|
|win|coloer
|raw|coloer's rating: 1679 &rarr; <strong>1693</strong><br />(+14 for winning)
|raw|SteelPhoenix363's rating: 1579 &rarr; <strong>1565</strong><br />(-14 for losing)
|l|☆SteelPhoenix363
||Ladder isn't responding, score probably updated but might not have (Request timeout).
