|j|☆mew2629
|j|☆Nobodi_Nowan
|t:|1661885574
|gametype|singles
|player|p1|mew2629|cheryl|1644
|player|p2|Nobodi_Nowan|akari|1840
|teamsize|p1|6
|teamsize|p2|6
|gen|8
|tier|[Gen 8] National Dex AG
|rated|
|rule|HP Percentage Mod: HP is shown in percentages
|rule|Endless Battle Clause: Forcing endless battles is banned
|clearpoke
|poke|p1|Necrozma-Dusk-Mane|
|poke|p1|Rayquaza|
|poke|p1|Groudon|
|poke|p1|Arceus-*|
|poke|p1|Arceus-*|
|poke|p1|Ditto|
|poke|p2|Forretress, F|
|poke|p2|Arceus-*|
|poke|p2|Kyogre|
|poke|p2|Calyrex-Shadow|
|poke|p2|Zacian-*|
|poke|p2|Rayquaza|
|teampreview
|c|☆mew2629|hi
|
|t:|1661885584
|start
|switch|p1a: Groudon|Groudon|100/100
|switch|p2a: Rayquaza|Rayquaza|100/100
|-ability|p2a: Rayquaza|Air Lock
|detailschange|p1a: Groudon|Groudon-Primal
|-primal|p1a: Groudon
|-weather|DesolateLand|[from] ability: Desolate Land|[of] p1a: Groudon
|turn|1
|
|t:|1661885593
|-weather|none
|switch|p1a: Arceus|Arceus-Dark|100/100
|detailschange|p2a: Rayquaza|Rayquaza-Mega
|-mega|p2a: Rayquaza|Rayquaza|
|-weather|DeltaStream|[from] ability: Delta Stream|[of] p2a: Rayquaza
|move|p2a: Rayquaza|Surf|p1a: Arceus
|-damage|p1a: Arceus|80/100
|
|-weather|DeltaStream|[upkeep]
|upkeep
|turn|2
|
|t:|1661885601
|-weather|none
|switch|p2a: Kyogre|Kyogre|100/100
|detailschange|p2a: Kyogre|Kyogre-Primal
|-primal|p2a: Kyogre
|-weather|PrimordialSea|[from] ability: Primordial Sea|[of] p2a: Kyogre
|move|p1a: Arceus|Will-O-Wisp|p2a: Kyogre
|-status|p2a: Kyogre|brn
|
|-weather|PrimordialSea|[upkeep]
|-damage|p2a: Kyogre|94/100 brn|[from] brn
|upkeep
|turn|3
|
|t:|1661885611
|switch|p1a: Groudon|Groudon-Primal|100/100
|-weather|DesolateLand|[from] ability: Desolate Land|[of] p1a: Groudon
|move|p2a: Kyogre|Ice Beam|p1a: Groudon
|-damage|p1a: Groudon|64/100
|
|-weather|DesolateLand|[upkeep]
|-damage|p2a: Kyogre|88/100 brn|[from] brn
|upkeep
|turn|4
|
|t:|1661885619
|move|p2a: Kyogre|Ice Beam|p1a: Groudon
|-damage|p1a: Groudon|28/100
|move|p1a: Groudon|Stone Edge|p2a: Kyogre
|-damage|p2a: Kyogre|34/100 brn
|
|-weather|DesolateLand|[upkeep]
|-damage|p2a: Kyogre|28/100 brn|[from] brn
|upkeep
|turn|5
|
|t:|1661885626
|-weather|none
|switch|p1a: Arceus|Arceus-Dark|80/100
|move|p2a: Kyogre|Ice Beam|p1a: Arceus
|-damage|p1a: Arceus|55/100
|
|-damage|p2a: Kyogre|22/100 brn|[from] brn
|upkeep
|turn|6
|
|t:|1661885633
|move|p1a: Arceus|Recover|p1a: Arceus
|-heal|p1a: Arceus|100/100
|move|p2a: Kyogre|Origin Pulse|p1a: Arceus
|-damage|p1a: Arceus|50/100
|
|-damage|p2a: Kyogre|16/100 brn|[from] brn
|upkeep
|turn|7
|
|t:|1661885640
|move|p1a: Arceus|Recover|p1a: Arceus
|-heal|p1a: Arceus|99/100
|move|p2a: Kyogre|Origin Pulse|p1a: Arceus
|-damage|p1a: Arceus|54/100
|
|-damage|p2a: Kyogre|10/100 brn|[from] brn
|upkeep
|turn|8
|
|t:|1661885646
|move|p1a: Arceus|Recover|p1a: Arceus
|-heal|p1a: Arceus|100/100
|move|p2a: Kyogre|Origin Pulse|p1a: Arceus
|-damage|p1a: Arceus|55/100
|
|-damage|p2a: Kyogre|3/100 brn|[from] brn
|upkeep
|turn|9
|
|t:|1661885652
|move|p1a: Arceus|Recover|p1a: Arceus
|-heal|p1a: Arceus|100/100
|move|p2a: Kyogre|Origin Pulse|p1a: Arceus
|-damage|p1a: Arceus|53/100
|
|-damage|p2a: Kyogre|0 fnt|[from] brn
|faint|p2a: Kyogre
|upkeep
|c|☆mew2629|o
|
|t:|1661885664
|switch|p2a: Rayquaza|Rayquaza-Mega|100/100
|-weather|DeltaStream|[from] ability: Delta Stream|[of] p2a: Rayquaza
|turn|10
|
|t:|1661885669
|move|p1a: Arceus|Will-O-Wisp|p2a: Rayquaza
|-status|p2a: Rayquaza|brn
|move|p2a: Rayquaza|Dragon Ascent|p1a: Arceus
|-damage|p1a: Arceus|23/100
|-unboost|p2a: Rayquaza|def|1
|-unboost|p2a: Rayquaza|spd|1
|
|-weather|DeltaStream|[upkeep]
|-damage|p2a: Rayquaza|95/100 brn|[from] brn
|upkeep
|turn|11
|
|t:|1661885678
|-weather|none
|switch|p2a: Zacian|Zacian-Crowned, shiny|100/100
|-ability|p2a: Zacian|Intrepid Sword|boost
|-boost|p2a: Zacian|atk|1
|move|p1a: Arceus|Recover|p1a: Arceus
|-heal|p1a: Arceus|73/100
|
|upkeep
|turn|12
|
|t:|1661885684
|switch|p1a: Necrozma|Necrozma-Dusk-Mane|100/100
|move|p2a: Zacian|Close Combat|p1a: Necrozma
|-damage|p1a: Necrozma|57/100
|-unboost|p2a: Zacian|def|1
|-unboost|p2a: Zacian|spd|1
|-damage|p2a: Zacian|84/100|[from] item: Rocky Helmet|[of] p1a: Necrozma
|
|upkeep
|turn|13
|
|t:|1661885698
|switch|p2a: Rayquaza|Rayquaza-Mega|95/100 brn
|-weather|DeltaStream|[from] ability: Delta Stream|[of] p2a: Rayquaza
|move|p1a: Necrozma|Morning Sun|p1a: Necrozma
|-heal|p1a: Necrozma|100/100
|
|-weather|DeltaStream|[upkeep]
|-damage|p2a: Rayquaza|89/100 brn|[from] brn
|upkeep
|turn|14
|
|t:|1661885705
|move|p2a: Rayquaza|V-create|p1a: Necrozma
|-supereffective|p1a: Necrozma
|-damage|p1a: Necrozma|66/100
|-unboost|p2a: Rayquaza|spe|1
|-unboost|p2a: Rayquaza|def|1
|-unboost|p2a: Rayquaza|spd|1
|-damage|p2a: Rayquaza|72/100 brn|[from] item: Rocky Helmet|[of] p1a: Necrozma
|move|p1a: Necrozma|Stealth Rock|p2a: Rayquaza
|-sidestart|p2: Nobodi_Nowan|move: Stealth Rock
|
|-weather|DeltaStream|[upkeep]
|-damage|p2a: Rayquaza|66/100 brn|[from] brn
|upkeep
|turn|15
|
|t:|1661885720
|-weather|none
|switch|p2a: Arceus|Arceus|100/100
|-damage|p2a: Arceus|88/100|[from] Stealth Rock
|move|p1a: Necrozma|Morning Sun|p1a: Necrozma
|-heal|p1a: Necrozma|100/100
|
|upkeep
|turn|16
|
|t:|1661885727
|move|p2a: Arceus|Swords Dance|p2a: Arceus
|-boost|p2a: Arceus|atk|2
|move|p1a: Necrozma|Thunder Wave|p2a: Arceus
|-status|p2a: Arceus|par
|-enditem|p2a: Arceus|Lum Berry|[eat]
|-curestatus|p2a: Arceus|par|[msg]
|
|upkeep
|turn|17
|
|t:|1661885739
|switch|p2a: Rayquaza|Rayquaza-Mega|66/100 brn
|-damage|p2a: Rayquaza|41/100 brn|[from] Stealth Rock
|-weather|DeltaStream|[from] ability: Delta Stream|[of] p2a: Rayquaza
|move|p1a: Necrozma|Thunder Wave|p2a: Rayquaza|[miss]
|-miss|p1a: Necrozma|p2a: Rayquaza
|
|-weather|DeltaStream|[upkeep]
|-damage|p2a: Rayquaza|35/100 brn|[from] brn
|upkeep
|turn|18
|
|t:|1661885748
|move|p2a: Rayquaza|V-create|p1a: Necrozma
|-supereffective|p1a: Necrozma
|-damage|p1a: Necrozma|64/100
|-unboost|p2a: Rayquaza|spe|1
|-unboost|p2a: Rayquaza|def|1
|-unboost|p2a: Rayquaza|spd|1
|-damage|p2a: Rayquaza|19/100 brn|[from] item: Rocky Helmet|[of] p1a: Necrozma
|move|p1a: Necrozma|Morning Sun|p1a: Necrozma
|-heal|p1a: Necrozma|100/100
|
|-weather|DeltaStream|[upkeep]
|-damage|p2a: Rayquaza|13/100 brn|[from] brn
|upkeep
|turn|19
|-enditem|p2a: Rayquaza|Custap Berry|[eat]
|-activate|p2a: Rayquaza|item: Custap Berry|[consumed]
|
|t:|1661885758
|move|p2a: Rayquaza|Surf|p1a: Necrozma
|-damage|p1a: Necrozma|71/100
|move|p1a: Necrozma|Morning Sun|p1a: Necrozma
|-heal|p1a: Necrozma|100/100
|
|-weather|DeltaStream|[upkeep]
|-damage|p2a: Rayquaza|7/100 brn|[from] brn
|upkeep
|turn|20
|
|t:|1661885769
|move|p1a: Necrozma|Morning Sun|p1a: Necrozma
|-fail|p1a: Necrozma|heal
|move|p2a: Rayquaza|Surf|p1a: Necrozma
|-damage|p1a: Necrozma|71/100
|
|-weather|DeltaStream|[upkeep]
|-damage|p2a: Rayquaza|1/100 brn|[from] brn
|upkeep
|turn|21
|
|t:|1661885776
|move|p1a: Necrozma|Morning Sun|p1a: Necrozma
|-heal|p1a: Necrozma|100/100
|move|p2a: Rayquaza|V-create|p1a: Necrozma
|-supereffective|p1a: Necrozma
|-damage|p1a: Necrozma|62/100
|-unboost|p2a: Rayquaza|spe|1
|-unboost|p2a: Rayquaza|def|1
|-unboost|p2a: Rayquaza|spd|1
|-damage|p2a: Rayquaza|0 fnt|[from] item: Rocky Helmet|[of] p1a: Necrozma
|faint|p2a: Rayquaza
|-weather|none
|
|upkeep
|
|t:|1661885786
|switch|p2a: Calyrex|Calyrex-Shadow|100/100
|-ability|p2a: Calyrex|As One
|-ability|p2a: Calyrex|Unnerve
|-damage|p2a: Calyrex|88/100|[from] Stealth Rock
|turn|22
|
|t:|1661885794
|switch|p1a: Arceus|Arceus-Dark|73/100
|-start|p2a: Calyrex|Dynamax|
|-heal|p2a: Calyrex|88/100|[silent]
|move|p2a: Calyrex|Max Starfall|p1a: Arceus
|-supereffective|p1a: Arceus
|-damage|p1a: Arceus|14/100
|-fieldstart|move: Misty Terrain
|
|upkeep
|turn|23
|
|t:|1661885803
|move|p2a: Calyrex|Max Phantasm|p1a: Arceus
|-resisted|p1a: Arceus
|-crit|p1a: Arceus
|-damage|p1a: Arceus|0 fnt
|faint|p1a: Arceus
|-ability|p2a: Calyrex|Grim Neigh|boost
|-boost|p2a: Calyrex|spa|1
|
|upkeep
|
|t:|1661885807
|switch|p1a: Ditto|Ditto|100/100
|-transform|p1a: Ditto|p2a: Calyrex|[from] ability: Imposter
|turn|24
|
|t:|1661885815
|move|p2a: Calyrex|Max Guard|p2a: Calyrex
|-singleturn|p2a: Calyrex|Max Guard
|move|p1a: Ditto|Astral Barrage|p2a: Calyrex
|-activate|p2a: Calyrex|move: Max Guard
|
|upkeep
|-end|p2a: Calyrex|Dynamax
|-heal|p2a: Calyrex|88/100|[silent]
|turn|25
|c|☆Nobodi_Nowan|have to risk the speed tie
|
|t:|1661885839
|switch|p2a: Arceus|Arceus|88/100
|-damage|p2a: Arceus|76/100|[from] Stealth Rock
|move|p1a: Ditto|Astral Barrage|p2a: Arceus
|-immune|p2a: Arceus
|
|upkeep
|turn|26
|c|☆Nobodi_Nowan|thought twice
|c|☆mew2629|sure
|
|t:|1661885877
|-start|p1a: Ditto|Dynamax|
|-heal|p1a: Ditto|100/100|[silent]
|move|p1a: Ditto|Max Mindstorm|p2a: Arceus
|-damage|p2a: Arceus|0 fnt
|-fieldstart|move: Psychic Terrain
|faint|p2a: Arceus
|-ability|p1a: Ditto|Grim Neigh|boost
|-boost|p1a: Ditto|spa|1
|
|upkeep
|
|t:|1661885885
|switch|p2a: Calyrex|Calyrex-Shadow|88/100
|-ability|p2a: Calyrex|As One
|-ability|p2a: Calyrex|Unnerve
|-damage|p2a: Calyrex|76/100|[from] Stealth Rock
|turn|27
|
|t:|1661885890
|move|p1a: Ditto|Max Guard|p1a: Ditto
|-singleturn|p1a: Ditto|Max Guard
|move|p2a: Calyrex|Astral Barrage|p1a: Ditto
|-activate|p1a: Ditto|move: Max Guard
|
|upkeep
|turn|28
|
|t:|1661885898
|-end|p1a: Ditto|Dynamax
|-heal|p1a: Ditto|100/100|[silent]
|switch|p1a: Arceus|Arceus-Ground|100/100
|move|p2a: Calyrex|Astral Barrage|p1a: Arceus
|-damage|p1a: Arceus|55/100
|
|upkeep
|turn|29
|
|t:|1661885908
|switch|p2a: Zacian|Zacian-Crowned, shiny|84/100
|-damage|p2a: Zacian|78/100|[from] Stealth Rock
|-ability|p2a: Zacian|Intrepid Sword|boost
|-boost|p2a: Zacian|atk|1
|move|p1a: Arceus|Judgment|p2a: Zacian
|-supereffective|p2a: Zacian
|-damage|p2a: Zacian|0 fnt
|faint|p2a: Zacian
|
|upkeep
|
|t:|1661885917
|switch|p2a: Calyrex|Calyrex-Shadow|76/100
|-ability|p2a: Calyrex|As One
|-ability|p2a: Calyrex|Unnerve
|-damage|p2a: Calyrex|64/100|[from] Stealth Rock
|turn|30
|
|t:|1661885928
|move|p2a: Calyrex|Astral Barrage|p1a: Arceus
|-damage|p1a: Arceus|4/100
|move|p1a: Arceus|Judgment|p2a: Calyrex
|-damage|p2a: Calyrex|11/100
|
|-fieldend|move: Psychic Terrain
|upkeep
|turn|31
|
|t:|1661885935
|move|p2a: Calyrex|Astral Barrage|p1a: Arceus
|-damage|p1a: Arceus|0 fnt
|faint|p1a: Arceus
|-ability|p2a: Calyrex|Grim Neigh|boost
|-boost|p2a: Calyrex|spa|1
|
|upkeep
|
|t:|1661885938
|switch|p1a: Ditto|Ditto|100/100
|-transform|p1a: Ditto|p2a: Calyrex|[from] ability: Imposter
|turn|32
|c|☆mew2629|gg
|c|☆Nobodi_Nowan|what ever hapens gg
|
|t:|1661885954
|move|p1a: Ditto|Astral Barrage|p2a: Calyrex
|-supereffective|p2a: Calyrex
|-damage|p2a: Calyrex|0 fnt
|faint|p2a: Calyrex
|-ability|p1a: Ditto|Grim Neigh|boost
|-boost|p1a: Ditto|spa|1
|
|upkeep
|c|☆Nobodi_Nowan|fuck
|c|☆mew2629|sry
|-message|Nobodi_Nowan forfeited.
|
|win|mew2629
|raw|mew2629's rating: 1644 &rarr; <strong>1674</strong><br />(+30 for winning)
|raw|Nobodi_Nowan's rating: 1840 &rarr; <strong>1810</strong><br />(-30 for losing)
|l|☆Nobodi_Nowan
||Ladder isn't responding, score probably updated but might not have (Request timeout).
