|j|☆spicyntegral
|j|☆wilkypoo
|t:|1598312481
|player|p1|spicyntegral|lucas|1528
|player|p2|wilkypoo|backpackerf|1443
|teamsize|p1|6
|teamsize|p2|6
|gametype|singles
|gen|8
|tier|[Gen 8] National Dex AG
|rated|
|clearpoke
|poke|p1|Ditto|
|poke|p1|Tyranitar, M|
|poke|p1|Groudon|
|poke|p1|Rayquaza|
|poke|p1|Yveltal|
|poke|p1|Necrozma-Dusk-Mane|
|poke|p2|Hitmonlee, M|
|poke|p2|Pidgeot, M|
|poke|p2|Jolteon, F|
|poke|p2|Gyarados, F|
|poke|p2|Starmie|
|poke|p2|Serperior, M|
|rule|HP Percentage Mod: HP is shown in percentages
|rule|Endless Battle Clause: Forcing endless battles is banned
|teampreview
|
|t:|1598312503
|start
|switch|p1a: Groudon|Groudon|100/100
|switch|p2a: Serperior|Serperior, M, shiny|100/100
|detailschange|p1a: Groudon|Groudon-Primal
|-primal|p1a: Groudon
|-weather|DesolateLand|[from] ability: Desolate Land|[of] p1a: Groudon
|turn|1
|
|t:|1598312512
|move|p2a: Serperior|Glare|p1a: Groudon
|-status|p1a: Groudon|par
|move|p1a: Groudon|Overheat|p2a: Serperior|[miss]
|-miss|p1a: Groudon|p2a: Serperior
|
|-weather|DesolateLand|[upkeep]
|upkeep
|turn|2
|
|t:|1598312519
|move|p2a: Serperior|Leaf Storm|p1a: Groudon
|-damage|p1a: Groudon|71/100 par
|-boost|p2a: Serperior|spa|2
|move|p1a: Groudon|Overheat|p2a: Serperior
|-supereffective|p2a: Serperior
|-enditem|p2a: Serperior|Focus Sash
|-damage|p2a: Serperior|1/100
|-unboost|p1a: Groudon|spa|2
|
|-weather|DesolateLand|[upkeep]
|upkeep
|turn|3
|
|t:|1598312531
|move|p2a: Serperior|Leaf Storm|p1a: Groudon
|-damage|p1a: Groudon|6/100 par
|-boost|p2a: Serperior|spa|2
|move|p1a: Groudon|Stealth Rock|p2a: Serperior
|-sidestart|p2: wilkypoo|move: Stealth Rock
|
|-weather|DesolateLand|[upkeep]
|upkeep
|turn|4
|
|t:|1598312540
|move|p2a: Serperior|Leaf Storm|p1a: Groudon
|-damage|p1a: Groudon|0 fnt
|-boost|p2a: Serperior|spa|2
|faint|p1a: Groudon
|-weather|none
|
|upkeep
|
|t:|1598312547
|switch|p1a: Ditto|Ditto|100/100
|-transform|p1a: Ditto|p2a: Serperior|[from] ability: Imposter
|turn|5
|
|t:|1598312554
|move|p1a: Ditto|Leaf Storm|p2a: Serperior
|-resisted|p2a: Serperior
|-damage|p2a: Serperior|0 fnt
|faint|p2a: Serperior
|
|upkeep
|
|t:|1598312558
|switch|p2a: Gyarados|Gyarados, F, shiny|100/100
|-damage|p2a: Gyarados|76/100|[from] Stealth Rock
|turn|6
|
|t:|1598312562
|-start|p2a: Gyarados|Dynamax
|-heal|p2a: Gyarados|76/100|[silent]
|move|p1a: Ditto|Leaf Storm|p2a: Gyarados
|-damage|p2a: Gyarados|0 fnt
|faint|p2a: Gyarados
|
|upkeep
|
|t:|1598312570
|switch|p2a: Hitmonlee|Hitmonlee, M|100/100
|-damage|p2a: Hitmonlee|94/100|[from] Stealth Rock
|turn|7
|
|t:|1598312574
|move|p2a: Hitmonlee|Fake Out|p1a: Ditto
|-enditem|p2a: Hitmonlee|Normal Gem|[from] gem
|-damage|p1a: Ditto|78/100
|cant|p1a: Ditto|flinch
|
|upkeep
|turn|8
|
|t:|1598312581
|move|p2a: Hitmonlee|Close Combat|p1a: Ditto
|-damage|p1a: Ditto|0 fnt
|-unboost|p2a: Hitmonlee|def|1
|-unboost|p2a: Hitmonlee|spd|1
|faint|p1a: Ditto
|
|upkeep
|
|t:|1598312591
|switch|p1a: Rayquaza|Rayquaza|100/100
|-ability|p1a: Rayquaza|Air Lock
|turn|9
|c|☆wilkypoo|meant to do hitmonlee b4 gyara oh well gg
|
|t:|1598312597
|detailschange|p1a: Rayquaza|Rayquaza-Mega
|-mega|p1a: Rayquaza|Rayquaza|
|-weather|DeltaStream|[from] ability: Delta Stream|[of] p1a: Rayquaza
|move|p1a: Rayquaza|Extreme Speed|p2a: Hitmonlee
|-damage|p2a: Hitmonlee|0 fnt
|faint|p2a: Hitmonlee
|
|-weather|DeltaStream|[upkeep]
|upkeep
|
|t:|1598312612
|switch|p2a: Starmie|Starmie, shiny|100/100
|-damage|p2a: Starmie|88/100|[from] Stealth Rock
|turn|10
|inactive|Battle timer is ON: inactive players will automatically lose when time's up. (requested by wilkypoo)
|
|t:|1598312628
|move|p1a: Rayquaza|Extreme Speed|p2a: Starmie
|-damage|p2a: Starmie|33/100
|move|p2a: Starmie|Ice Beam|p1a: Rayquaza
|-activate||deltastream
|-supereffective|p1a: Rayquaza
|-damage|p1a: Rayquaza|25/100
|-status|p1a: Rayquaza|frz
|-damage|p2a: Starmie|23/100|[from] item: Life Orb
|
|-weather|DeltaStream|[upkeep]
|upkeep
|turn|11
|
|t:|1598312638
|-curestatus|p1a: Rayquaza|frz|[msg]
|move|p1a: Rayquaza|Extreme Speed|p2a: Starmie
|-damage|p2a: Starmie|0 fnt
|faint|p2a: Starmie
|
|-weather|DeltaStream|[upkeep]
|upkeep
|
|t:|1598312646
|switch|p2a: Jolteon|Jolteon, F|100/100
|-damage|p2a: Jolteon|88/100|[from] Stealth Rock
|turn|12
|
|t:|1598312657
|move|p1a: Rayquaza|Extreme Speed|p2a: Jolteon
|-damage|p2a: Jolteon|18/100
|move|p2a: Jolteon|Thunderbolt|p1a: Rayquaza
|-activate||deltastream
|-resisted|p1a: Rayquaza
|-damage|p1a: Rayquaza|0 fnt
|faint|p1a: Rayquaza
|-weather|none
|
|upkeep
|
|t:|1598312666
|switch|p1a: Yveltal|Yveltal|100/100
|-ability|p1a: Yveltal|Dark Aura
|turn|13
|
|t:|1598312694
|-start|p1a: Yveltal|Dynamax
|-heal|p1a: Yveltal|100/100|[silent]
|move|p2a: Jolteon|Thunderbolt|p1a: Yveltal
|-supereffective|p1a: Yveltal
|-damage|p1a: Yveltal|39/100
|move|p1a: Yveltal|Max Airstream|p2a: Jolteon
|-resisted|p2a: Jolteon
|-damage|p2a: Jolteon|0 fnt
|-boost|p1a: Yveltal|spe|1
|-damage|p1a: Yveltal|34/100|[from] item: Life Orb
|faint|p2a: Jolteon
|
|upkeep
|inactive|wilkypoo has 120 seconds left.
|
|t:|1598312706
|switch|p2a: Pidgeot|Pidgeot, M|100/100
|-damage|p2a: Pidgeot|75/100|[from] Stealth Rock
|turn|14
|
|t:|1598312713
|detailschange|p2a: Pidgeot|Pidgeot-Mega, M
|-mega|p2a: Pidgeot|Pidgeot|Pidgeotite
|move|p1a: Yveltal|Max Darkness|p2a: Pidgeot
|-damage|p2a: Pidgeot|0 fnt
|-damage|p1a: Yveltal|29/100|[from] item: Life Orb
|faint|p2a: Pidgeot
|
|win|spicyntegral
|l|☆spicyntegral
|raw|spicyntegral's rating: 1528 &rarr; <strong>1543</strong><br />(+15 for winning)
|raw|wilkypoo's rating: 1443 &rarr; <strong>1428</strong><br />(-15 for losing)
