|j|☆AGCL3 Swastik
|j|☆rajof
|t:|1611235050
|player|p1|AGCL3 Swastik|riley|
|player|p2|rajof|youngster-gen4|
|teamsize|p1|6
|teamsize|p2|6
|gametype|singles
|gen|8
|tier|[Gen 8] National Dex AG
|clearpoke
|poke|p1|Tyranitar, F|
|poke|p1|Necrozma-Dusk-Mane|
|poke|p1|Xerneas|
|poke|p1|Calyrex-Shadow|
|poke|p1|Rayquaza|
|poke|p1|Arceus-*|
|poke|p2|Arceus-*|
|poke|p2|Ditto|
|poke|p2|Sableye, M|
|poke|p2|Chansey, F|
|poke|p2|Lugia|
|poke|p2|Groudon|
|rule|HP Percentage Mod: HP is shown in percentages
|rule|Endless Battle Clause: Forcing endless battles is banned
|teampreview
|c|☆AGCL3 Swastik|glhf
|inactive|Battle timer is ON: inactive players will automatically lose when time's up. (requested by AGCL3 Swastik)
|
|t:|1611235059
|start
|switch|p1a: Xerneas|Xerneas|100/100
|switch|p2a: 깜까미|Sableye, M|100/100
|-ability|p1a: Xerneas|Fairy Aura
|turn|1
|
|t:|1611235067
|switch|p2a: 럭키|Chansey, F|100/100
|move|p1a: Xerneas|Moonblast|p2a: 럭키
|-damage|p2a: 럭키|80/100
|
|upkeep
|turn|2
|
|t:|1611235076
|switch|p1a: Necrozma|Necrozma-Dusk-Mane|100/100
|move|p2a: 럭키|Toxic|p1a: Necrozma
|-immune|p1a: Necrozma
|
|upkeep
|turn|3
|
|t:|1611235084
|switch|p2a: 깜까미|Sableye, M|100/100
|move|p1a: Necrozma|Sunsteel Strike|p2a: 깜까미
|-damage|p2a: 깜까미|50/100
|
|upkeep
|turn|4
|
|t:|1611235092
|switch|p1a: Xerneas|Xerneas|100/100
|-ability|p1a: Xerneas|Fairy Aura
|detailschange|p2a: 깜까미|Sableye-Mega, M
|-mega|p2a: 깜까미|Sableye|Sablenite
|move|p2a: 깜까미|Recover|p2a: 깜까미
|-heal|p2a: 깜까미|99/100
|
|upkeep
|turn|5
|
|t:|1611235100
|switch|p1a: Calyrex|Calyrex-Shadow|100/100
|-ability|p1a: Calyrex|As One
|-ability|p1a: Calyrex|Unnerve|p2: rajof
|switch|p2a: 럭키|Chansey, F|80/100
|
|upkeep
|turn|6
|
|t:|1611235108
|move|p1a: Calyrex|Substitute|p1a: Calyrex
|-start|p1a: Calyrex|Substitute
|-damage|p1a: Calyrex|76/100
|move|p2a: 럭키|Wish|p2a: 럭키
|
|upkeep
|turn|7
|
|t:|1611235112
|switch|p2a: 깜까미|Sableye-Mega, M|99/100
|move|p1a: Calyrex|Nasty Plot|p1a: Calyrex
|-boost|p1a: Calyrex|spa|2
|
|-heal|p2a: 깜까미|100/100|[from] move: Wish|[wisher] 럭키
|upkeep
|turn|8
|
|t:|1611235121
|switch|p2a: 럭키|Chansey, F|80/100
|move|p1a: Calyrex|Astral Barrage|p2a: 럭키
|-immune|p2a: 럭키
|
|upkeep
|turn|9
|
|t:|1611235131
|move|p1a: Calyrex|Nasty Plot|p1a: Calyrex
|-boost|p1a: Calyrex|spa|2
|move|p2a: 럭키|Wish|p2a: 럭키
|
|upkeep
|turn|10
|
|t:|1611235138
|move|p1a: Calyrex|Nasty Plot|p1a: Calyrex
|-boost|p1a: Calyrex|spa|2
|move|p2a: 럭키|Seismic Toss|p1a: Calyrex
|-immune|p1a: Calyrex
|
|-heal|p2a: 럭키|100/100|[from] move: Wish|[wisher] 럭키
|upkeep
|turn|11
|
|t:|1611235143
|move|p1a: Calyrex|Psyshock|p2a: 럭키
|-damage|p2a: 럭키|0 fnt
|faint|p2a: 럭키
|
|upkeep
|
|t:|1611235151
|switch|p2a: 깜까미|Sableye-Mega, M|100/100
|turn|12
|
|t:|1611235154
|move|p1a: Calyrex|Astral Barrage|p2a: 깜까미
|-damage|p2a: 깜까미|0 fnt
|faint|p2a: 깜까미
|
|upkeep
|-message|rajof forfeited.
|
|win|AGCL3 Swastik
