|j|☆Lukrecioo
|j|☆aseeasase
|t:|1664285868
|gametype|singles
|player|p1|Lukrecioo|ghetsis|1592
|player|p2|aseeasase|1|1836
|teamsize|p1|6
|teamsize|p2|6
|gen|8
|tier|[Gen 8] National Dex AG
|rated|
|rule|HP Percentage Mod: HP is shown in percentages
|rule|Endless Battle Clause: Forcing endless battles is banned
|clearpoke
|poke|p1|Landorus-Therian, M|
|poke|p1|Ho-Oh|
|poke|p1|Toxapex, F|
|poke|p1|Rayquaza|
|poke|p1|Kyogre|
|poke|p1|Ditto|
|poke|p2|Infernape, M|
|poke|p2|Smeargle, M|
|poke|p2|Necrozma-Dawn-Wings|
|poke|p2|Necrozma-Dusk-Mane|
|poke|p2|Yveltal|
|poke|p2|Arceus-*|
|teampreview
|inactive|Battle timer is ON: inactive players will automatically lose when time's up. (requested by Lukrecioo)
|
|t:|1664285885
|start
|switch|p1a: Landorus|Landorus-Therian, M|100/100
|switch|p2a: Smeargle|Smeargle, M|100/100
|-ability|p1a: Landorus|Intimidate|boost
|-unboost|p2a: Smeargle|atk|1
|turn|1
|
|t:|1664285890
|move|p1a: Landorus|Earthquake|p2a: Smeargle
|-enditem|p2a: Smeargle|Focus Sash
|-damage|p2a: Smeargle|1/100
|move|p2a: Smeargle|Sticky Web|p1a: Landorus
|-sidestart|p1: Lukrecioo|move: Sticky Web
|
|upkeep
|turn|2
|
|t:|1664285895
|move|p1a: Landorus|Stealth Rock|p2a: Smeargle
|-sidestart|p2: aseeasase|move: Stealth Rock
|move|p2a: Smeargle|Rapid Spin|p1a: Landorus
|-damage|p1a: Landorus|94/100
|-boost|p2a: Smeargle|spe|1
|-sideend|p2: aseeasase|Stealth Rock|[from] move: Rapid Spin|[of] p2a: Smeargle
|
|upkeep
|turn|3
|
|t:|1664285906
|move|p2a: Smeargle|Magic Coat|p2a: Smeargle
|-singleturn|p2a: Smeargle|move: Magic Coat
|move|p1a: Landorus|U-turn|p2a: Smeargle
|-damage|p2a: Smeargle|0 fnt
|faint|p2a: Smeargle
|
|t:|1664285912
|switch|p1a: Toxapex|Toxapex, F|100/100|[from]move: U-turn
|-activate|p1a: Toxapex|move: Sticky Web
|-unboost|p1a: Toxapex|spe|1
|
|upkeep
|
|t:|1664285926
|switch|p2a: Infernape|Infernape, M|100/100
|turn|4
|
|t:|1664285929
|move|p2a: Infernape|Taunt|p1a: Toxapex
|-start|p1a: Toxapex|move: Taunt
|move|p1a: Toxapex|Scald|p2a: Infernape
|-supereffective|p2a: Infernape
|-damage|p2a: Infernape|51/100
|
|upkeep
|turn|5
|
|t:|1664285933
|move|p2a: Infernape|Stealth Rock|p1a: Toxapex
|-sidestart|p1: Lukrecioo|move: Stealth Rock
|move|p1a: Toxapex|Knock Off|p2a: Infernape
|-resisted|p2a: Infernape
|-damage|p2a: Infernape|40/100
|-enditem|p2a: Infernape|Focus Sash|[from] move: Knock Off|[of] p1a: Toxapex
|
|upkeep
|turn|6
|
|t:|1664285937
|move|p2a: Infernape|Rock Tomb|p1a: Toxapex
|-damage|p1a: Toxapex|90/100
|-unboost|p1a: Toxapex|spe|1
|move|p1a: Toxapex|Scald|p2a: Infernape
|-supereffective|p2a: Infernape
|-damage|p2a: Infernape|0 fnt
|faint|p2a: Infernape
|
|-end|p1a: Toxapex|move: Taunt
|upkeep
|
|t:|1664285952
|switch|p2a: Necrozma|Necrozma-Dawn-Wings|100/100
|turn|7
|
|t:|1664285956
|detailschange|p2a: Necrozma|Necrozma-Ultra
|-burst|p2a: Necrozma|Necrozma|Ultranecrozium Z
|move|p2a: Necrozma|Swords Dance|p2a: Necrozma
|-boost|p2a: Necrozma|atk|2
|move|p1a: Toxapex|Knock Off|p2a: Necrozma
|-supereffective|p2a: Necrozma
|-damage|p2a: Necrozma|81/100
|
|upkeep
|turn|8
|
|t:|1664285967
|switch|p1a: Landorus|Landorus-Therian, M|94/100
|-damage|p1a: Landorus|81/100|[from] Stealth Rock
|-ability|p1a: Landorus|Intimidate|boost
|-unboost|p2a: Necrozma|atk|1
|move|p2a: Necrozma|Photon Geyser|p1a: Landorus
|-damage|p1a: Landorus|0 fnt
|faint|p1a: Landorus
|
|upkeep
|
|t:|1664285975
|switch|p1a: Ho-Oh|Ho-Oh, shiny|100/100
|turn|9
|
|t:|1664285994
|-zpower|p2a: Necrozma
|move|p2a: Necrozma|Light That Burns the Sky|p1a: Ho-Oh|[zeffect]
|-damage|p1a: Ho-Oh|0 fnt
|faint|p1a: Ho-Oh
|
|upkeep
|
|t:|1664286003
|switch|p1a: Ditto|Ditto|100/100
|-activate|p1a: Ditto|move: Sticky Web
|-unboost|p1a: Ditto|spe|1
|-damage|p1a: Ditto|88/100|[from] Stealth Rock
|-transform|p1a: Ditto|p2a: Necrozma|[from] ability: Imposter
|turn|10
|
|t:|1664286018
|move|p1a: Ditto|Rock Blast|p2a: Necrozma
|-damage|p2a: Necrozma|66/100
|-damage|p2a: Necrozma|50/100
|-damage|p2a: Necrozma|32/100
|-hitcount|p2a: Necrozma|3
|move|p2a: Necrozma|Earthquake|p1a: Ditto
|-damage|p1a: Ditto|15/100
|
|upkeep
|turn|11
|
|t:|1664286023
|move|p1a: Ditto|Rock Blast|p2a: Necrozma
|-damage|p2a: Necrozma|14/100
|-damage|p2a: Necrozma|0 fnt
|faint|p2a: Necrozma
|-hitcount|p2: Necrozma|2
|
|upkeep
|
|t:|1664286037
|switch|p2a: Necrozma|Necrozma-Dusk-Mane|100/100
|turn|12
|
|t:|1664286042
|switch|p1a: Toxapex|Toxapex, F|100/100
|-activate|p1a: Toxapex|move: Sticky Web
|-unboost|p1a: Toxapex|spe|1
|-damage|p1a: Toxapex|88/100|[from] Stealth Rock
|move|p2a: Necrozma|Dragon Dance|p2a: Necrozma
|-boost|p2a: Necrozma|atk|1
|-boost|p2a: Necrozma|spe|1
|
|upkeep
|turn|13
|
|t:|1664286048
|-start|p2a: Necrozma|Dynamax|
|-heal|p2a: Necrozma|100/100|[silent]
|move|p2a: Necrozma|Max Quake|p1a: Toxapex
|-supereffective|p1a: Toxapex
|-damage|p1a: Toxapex|0 fnt
|-boost|p2a: Necrozma|spd|1
|faint|p1a: Toxapex
|-damage|p2a: Necrozma|96/100|[from] item: Life Orb
|
|upkeep
|
|t:|1664286058
|switch|p1a: Kyogre|Kyogre|100/100
|-activate|p1a: Kyogre|move: Sticky Web
|-unboost|p1a: Kyogre|spe|1
|-damage|p1a: Kyogre|88/100|[from] Stealth Rock
|-weather|RainDance|[from] ability: Drizzle|[of] p1a: Kyogre
|turn|14
|
|t:|1664286072
|move|p2a: Necrozma|Max Rockfall|p1a: Kyogre
|-damage|p1a: Kyogre|0 fnt
|-weather|Sandstorm
|faint|p1a: Kyogre
|-damage|p2a: Necrozma|91/100|[from] item: Life Orb
|
|-weather|Sandstorm|[upkeep]
|upkeep
|
|t:|1664286077
|switch|p1a: Rayquaza|Rayquaza, shiny|100/100
|-damage|p1a: Rayquaza|76/100|[from] Stealth Rock
|-ability|p1a: Rayquaza|Air Lock
|turn|15
|
|t:|1664286080
|detailschange|p1a: Rayquaza|Rayquaza-Mega, shiny
|-mega|p1a: Rayquaza|Rayquaza|
|-weather|DeltaStream|[from] ability: Delta Stream|[of] p1a: Rayquaza
|move|p2a: Necrozma|Max Steelspike|p1a: Rayquaza
|-damage|p1a: Rayquaza|0 fnt
|-boost|p2a: Necrozma|def|1
|faint|p1a: Rayquaza
|-weather|none
|-damage|p2a: Necrozma|86/100|[from] item: Life Orb
|
|upkeep
|
|t:|1664286082
|switch|p1a: Ditto|Ditto|15/100
|-activate|p1a: Ditto|move: Sticky Web
|-unboost|p1a: Ditto|spe|1
|-damage|p1a: Ditto|3/100|[from] Stealth Rock
|-transform|p1a: Ditto|p2a: Necrozma|[from] ability: Imposter
|-end|p2a: Necrozma|Dynamax
|-heal|p2a: Necrozma|86/100|[silent]
|turn|16
|
|t:|1664286091
|-start|p1a: Ditto|Dynamax|
|-heal|p1a: Ditto|3/100|[silent]
|move|p2a: Necrozma|Sunsteel Strike|p1a: Ditto
|-resisted|p1a: Ditto
|-damage|p1a: Ditto|0 fnt
|faint|p1a: Ditto
|-damage|p2a: Necrozma|76/100|[from] item: Life Orb
|
|win|aseeasase
|raw|Lukrecioo's rating: 1592 &rarr; <strong>1584</strong><br />(-8 for losing)
|raw|aseeasase's rating: 1836 &rarr; <strong>1844</strong><br />(+8 for winning)
|l|☆Lukrecioo
||Ladder isn't responding, score probably updated but might not have (Request timeout).
