|j|☆Zoroark The Master
|j|☆Testing Teams 596
|t:|1654338860
|gametype|singles
|player|p1|Zoroark The Master|unknown|1597
|player|p2|Testing Teams 596|lucas-gen4pt|1899
|teamsize|p1|6
|teamsize|p2|6
|gen|8
|tier|[Gen 8] National Dex AG
|rated|
|rule|HP Percentage Mod: HP is shown in percentages
|rule|Endless Battle Clause: Forcing endless battles is banned
|clearpoke
|poke|p1|Ho-Oh|
|poke|p1|Groudon|
|poke|p1|Ho-Oh|
|poke|p1|Zygarde|
|poke|p1|Necrozma-Dusk-Mane|
|poke|p1|Zygarde|
|poke|p2|Necrozma-Dusk-Mane|
|poke|p2|Arceus-*|
|poke|p2|Zacian-*|
|poke|p2|Arceus-*|
|poke|p2|Yveltal|
|poke|p2|Zacian-*|
|teampreview
|inactive|Battle timer is ON: inactive players will automatically lose when time's up. (requested by Testing Teams 596)
|
|t:|1654338882
|start
|switch|p1a: Ho-Oh|Ho-Oh|100/100
|switch|p2a: Zacian|Zacian, shiny|100/100
|-ability|p2a: Zacian|Intrepid Sword|boost
|-boost|p2a: Zacian|atk|1
|turn|1
|
|t:|1654338885
|move|p2a: Zacian|Wild Charge|p1a: Ho-Oh
|-supereffective|p1a: Ho-Oh
|-damage|p1a: Ho-Oh|43/100
|-damage|p2a: Zacian|82/100|[from] Recoil
|move|p1a: Ho-Oh|Sacred Fire|p2a: Zacian
|-damage|p2a: Zacian|41/100
|-status|p2a: Zacian|brn
|
|-damage|p2a: Zacian|35/100 brn|[from] brn
|upkeep
|turn|2
|
|t:|1654338896
|move|p2a: Zacian|Wild Charge|p1a: Ho-Oh
|-supereffective|p1a: Ho-Oh
|-damage|p1a: Ho-Oh|16/100
|-damage|p2a: Zacian|26/100 brn|[from] Recoil
|move|p1a: Ho-Oh|Sacred Fire|p2a: Zacian
|-damage|p2a: Zacian|0 fnt
|faint|p2a: Zacian
|
|upkeep
|
|t:|1654338905
|switch|p2a: Yveltal|Yveltal, shiny|100/100
|-ability|p2a: Yveltal|Dark Aura
|turn|3
|
|t:|1654338914
|switch|p1a: Necrozma|Necrozma-Dusk-Mane|100/100
|move|p2a: Yveltal|Foul Play|p1a: Necrozma
|-supereffective|p1a: Necrozma
|-damage|p1a: Necrozma|47/100
|
|-heal|p1a: Necrozma|54/100|[from] item: Leftovers
|upkeep
|turn|4
|
|t:|1654338922
|move|p2a: Yveltal|Foul Play|p1a: Necrozma
|-supereffective|p1a: Necrozma
|-damage|p1a: Necrozma|2/100
|move|p1a: Necrozma|Moonlight|p1a: Necrozma
|-heal|p1a: Necrozma|52/100
|
|-heal|p1a: Necrozma|58/100|[from] item: Leftovers
|upkeep
|turn|5
|
|t:|1654338929
|move|p2a: Yveltal|Foul Play|p1a: Necrozma
|-supereffective|p1a: Necrozma
|-damage|p1a: Necrozma|8/100
|move|p1a: Necrozma|Toxic|p2a: Yveltal
|-status|p2a: Yveltal|tox
|
|-heal|p1a: Necrozma|14/100|[from] item: Leftovers
|-damage|p2a: Yveltal|94/100 tox|[from] psn
|upkeep
|turn|6
|
|t:|1654338944
|switch|p1a: Ho-Oh|Ho-Oh|49/100
|move|p2a: Yveltal|Foul Play|p1a: Ho-Oh
|-damage|p1a: Ho-Oh|12/100
|
|-damage|p2a: Yveltal|82/100 tox|[from] psn
|upkeep
|turn|7
|inactive|Zoroark The Master has 120 seconds left.
|
|t:|1654338983
|switch|p1a: Zygarde|Zygarde|100/100
|move|p2a: Yveltal|Foul Play|p1a: Zygarde
|-damage|p1a: Zygarde|75/100
|
|-heal|p1a: Zygarde|82/100|[from] item: Leftovers
|-damage|p2a: Yveltal|64/100 tox|[from] psn
|upkeep
|turn|8
|j| Testaltv25
|
|t:|1654338997
|move|p1a: Zygarde|Thousand Arrows|p2a: Yveltal
|-damage|p2a: Yveltal|41/100 tox
|-start|p2a: Yveltal|Smack Down
|move|p2a: Yveltal|U-turn|p1a: Zygarde
|-damage|p1a: Zygarde|70/100
|
|t:|1654339003
|switch|p2a: Zacian|Zacian, shiny|100/100|[from]move: U-turn
|-ability|p2a: Zacian|Intrepid Sword|boost
|-boost|p2a: Zacian|atk|1
|
|-heal|p1a: Zygarde|76/100|[from] item: Leftovers
|upkeep
|turn|9
|
|t:|1654339010
|move|p2a: Zacian|Play Rough|p1a: Zygarde
|-supereffective|p1a: Zygarde
|-damage|p1a: Zygarde|0 fnt
|faint|p1a: Zygarde
|
|upkeep
|
|t:|1654339018
|switch|p1a: Groudon|Groudon|100/100
|detailschange|p1a: Groudon|Groudon-Primal
|-primal|p1a: Groudon
|-weather|DesolateLand|[from] ability: Desolate Land|[of] p1a: Groudon
|turn|10
|
|t:|1654339021
|switch|p2a: Arceus|Arceus-Ground|100/100
|-weather|none
|switch|p1a: Ho-Oh|Ho-Oh|45/100
|
|upkeep
|turn|11
|
|t:|1654339032
|switch|p1a: Necrozma|Necrozma-Dusk-Mane|14/100
|move|p2a: Arceus|Toxic|p1a: Necrozma
|-immune|p1a: Necrozma
|
|-heal|p1a: Necrozma|20/100|[from] item: Leftovers
|upkeep
|turn|12
|j| GodMagicarp
|
|t:|1654339037
|move|p2a: Arceus|Judgment|p1a: Necrozma
|-supereffective|p1a: Necrozma
|-damage|p1a: Necrozma|0 fnt
|faint|p1a: Necrozma
|
|upkeep
|l| GodMagicarp
|inactive|Zoroark The Master has 120 seconds left.
|
|t:|1654339066
|switch|p1a: Ho-Oh|Ho-Oh|78/100
|turn|13
|
|t:|1654339073
|move|p2a: Arceus|Toxic|p1a: Ho-Oh
|-status|p1a: Ho-Oh|tox
|move|p1a: Ho-Oh|Toxic|p2a: Arceus
|-status|p2a: Arceus|tox
|
|-damage|p2a: Arceus|94/100 tox|[from] psn
|-damage|p1a: Ho-Oh|72/100 tox|[from] psn
|upkeep
|turn|14
|
|t:|1654339084
|switch|p2a: Yveltal|Yveltal, shiny|41/100 tox
|-ability|p2a: Yveltal|Dark Aura
|move|p1a: Ho-Oh|Sacred Fire|p2a: Yveltal
|-damage|p2a: Yveltal|9/100 tox
|
|-damage|p2a: Yveltal|3/100 tox|[from] psn
|-damage|p1a: Ho-Oh|60/100 tox|[from] psn
|upkeep
|turn|15
|
|t:|1654339100
|switch|p1a: Ho-Oh|Ho-Oh|100/100
|move|p2a: Yveltal|Roost|p2a: Yveltal
|-heal|p2a: Yveltal|53/100 tox
|-singleturn|p2a: Yveltal|move: Roost
|
|-damage|p2a: Yveltal|40/100 tox|[from] psn
|upkeep
|turn|16
|
|t:|1654339106
|move|p2a: Yveltal|Foul Play|p1a: Ho-Oh
|-damage|p1a: Ho-Oh|52/100
|move|p1a: Ho-Oh|Sacred Fire|p2a: Yveltal
|-damage|p2a: Yveltal|6/100 tox
|
|-damage|p2a: Yveltal|0 fnt|[from] psn
|faint|p2a: Yveltal
|upkeep
|
|t:|1654339110
|switch|p2a: Zacian|Zacian, shiny|100/100
|-ability|p2a: Zacian|Intrepid Sword|boost
|-boost|p2a: Zacian|atk|1
|turn|17
|
|t:|1654339127
|move|p1a: Ho-Oh|Protect|p1a: Ho-Oh
|-singleturn|p1a: Ho-Oh|Protect
|move|p2a: Zacian|Wild Charge|p1a: Ho-Oh
|-activate|p1a: Ho-Oh|move: Protect
|
|upkeep
|turn|18
|
|t:|1654339133
|switch|p2a: Arceus|Arceus-Ground|94/100 tox
|switch|p1a: Zygarde|Zygarde|100/100
|
|-damage|p2a: Arceus|88/100 tox|[from] psn
|upkeep
|turn|19
|
|t:|1654339145
|switch|p1a: Ho-Oh|Ho-Oh|93/100 tox
|move|p2a: Arceus|Ice Beam|p1a: Ho-Oh
|-damage|p1a: Ho-Oh|78/100 tox
|
|-damage|p2a: Arceus|76/100 tox|[from] psn
|-damage|p1a: Ho-Oh|72/100 tox|[from] psn
|upkeep
|turn|20
|
|t:|1654339156
|switch|p2a: Zacian|Zacian, shiny|100/100
|-ability|p2a: Zacian|Intrepid Sword|boost
|-boost|p2a: Zacian|atk|1
|move|p1a: Ho-Oh|Sacred Fire|p2a: Zacian
|-damage|p2a: Zacian|63/100
|-status|p2a: Zacian|brn
|
|-damage|p1a: Ho-Oh|60/100 tox|[from] psn
|-damage|p2a: Zacian|57/100 brn|[from] brn
|upkeep
|turn|21
|
|t:|1654339175
|switch|p1a: Zygarde|Zygarde|100/100
|move|p2a: Zacian|Wild Charge|p1a: Zygarde
|-immune|p1a: Zygarde
|
|-damage|p2a: Zacian|51/100 brn|[from] brn
|upkeep
|turn|22
|
|t:|1654339197
|switch|p2a: Arceus|Arceus-Grass|100/100
|switch|p1a: Ho-Oh|Ho-Oh|93/100 tox
|
|-damage|p1a: Ho-Oh|87/100 tox|[from] psn
|upkeep
|turn|23
|
|t:|1654339205
|switch|p2a: Arceus|Arceus-Ground|76/100 tox
|move|p1a: Ho-Oh|Sacred Fire|p2a: Arceus
|-damage|p2a: Arceus|55/100 tox
|
|-damage|p2a: Arceus|49/100 tox|[from] psn
|-damage|p1a: Ho-Oh|74/100 tox|[from] psn
|upkeep
|turn|24
|
|t:|1654339216
|move|p2a: Arceus|Recover|p2a: Arceus
|-heal|p2a: Arceus|99/100 tox
|move|p1a: Ho-Oh|Sacred Fire|p2a: Arceus
|-damage|p2a: Arceus|76/100 tox
|
|-damage|p2a: Arceus|64/100 tox|[from] psn
|-damage|p1a: Ho-Oh|55/100 tox|[from] psn
|upkeep
|turn|25
|
|t:|1654339228
|switch|p1a: Ho-Oh|Ho-Oh|85/100
|move|p2a: Arceus|Recover|p2a: Arceus
|-heal|p2a: Arceus|100/100 tox
|
|-damage|p2a: Arceus|82/100 tox|[from] psn
|upkeep
|turn|26
|
|t:|1654339236
|switch|p2a: Zacian|Zacian, shiny|51/100 brn
|-ability|p2a: Zacian|Intrepid Sword|boost
|-boost|p2a: Zacian|atk|1
|move|p1a: Ho-Oh|Protect||[still]
|-fail|p1a: Ho-Oh
|
|-damage|p2a: Zacian|45/100 brn|[from] brn
|upkeep
|turn|27
|
|t:|1654339240
|switch|p1a: Ho-Oh|Ho-Oh|88/100 tox
|move|p2a: Zacian|Play Rough|p1a: Ho-Oh
|-resisted|p1a: Ho-Oh
|-damage|p1a: Ho-Oh|71/100 tox
|
|-damage|p1a: Ho-Oh|65/100 tox|[from] psn
|-damage|p2a: Zacian|39/100 brn|[from] brn
|upkeep
|turn|28
|
|t:|1654339265
|switch|p2a: Arceus|Arceus-Ground|82/100 tox
|move|p1a: Ho-Oh|Sacred Fire|p2a: Arceus
|-damage|p2a: Arceus|59/100 tox
|
|-damage|p2a: Arceus|53/100 tox|[from] psn
|-damage|p1a: Ho-Oh|52/100 tox|[from] psn
|upkeep
|turn|29
|
|t:|1654339272
|move|p2a: Arceus|Recover|p2a: Arceus
|-heal|p2a: Arceus|100/100 tox
|move|p1a: Ho-Oh|Sacred Fire|p2a: Arceus
|-damage|p2a: Arceus|78/100 tox
|
|-damage|p2a: Arceus|66/100 tox|[from] psn
|-damage|p1a: Ho-Oh|33/100 tox|[from] psn
|upkeep
|turn|30
|
|t:|1654339275
|switch|p1a: Ho-Oh|Ho-Oh|100/100
|move|p2a: Arceus|Recover|p2a: Arceus
|-heal|p2a: Arceus|100/100 tox
|
|-damage|p2a: Arceus|82/100 tox|[from] psn
|upkeep
|turn|31
|
|t:|1654339286
|move|p2a: Arceus|Toxic|p1a: Ho-Oh
|-status|p1a: Ho-Oh|tox
|move|p1a: Ho-Oh|Sacred Fire|p2a: Arceus
|-damage|p2a: Arceus|61/100 tox
|
|-damage|p2a: Arceus|37/100 tox|[from] psn
|-damage|p1a: Ho-Oh|94/100 tox|[from] psn
|upkeep
|turn|32
|
|t:|1654339289
|switch|p1a: Ho-Oh|Ho-Oh|67/100 tox
|move|p2a: Arceus|Recover|p2a: Arceus
|-heal|p2a: Arceus|87/100 tox
|
|-damage|p2a: Arceus|56/100 tox|[from] psn
|-damage|p1a: Ho-Oh|60/100 tox|[from] psn
|upkeep
|turn|33
|
|t:|1654339296
|switch|p2a: Necrozma|Necrozma-Dusk-Mane|100/100
|switch|p1a: Ho-Oh|Ho-Oh|100/100 tox
|
|-damage|p1a: Ho-Oh|94/100 tox|[from] psn
|upkeep
|turn|34
|
|t:|1654339305
|-start|p2a: Necrozma|Dynamax|
|-heal|p2a: Necrozma|100/100|[silent]
|-start|p1a: Ho-Oh|Dynamax|
|-heal|p1a: Ho-Oh|94/100 tox|[silent]
|move|p2a: Necrozma|Max Steelspike|p1a: Ho-Oh
|-resisted|p1a: Ho-Oh
|-damage|p1a: Ho-Oh|80/100 tox
|-boost|p2a: Necrozma|def|1
|move|p1a: Ho-Oh|Max Flare|p2a: Necrozma
|-supereffective|p2a: Necrozma
|-damage|p2a: Necrozma|86/100
|-weather|SunnyDay
|
|-weather|SunnyDay|[upkeep]
|-damage|p1a: Ho-Oh|74/100 tox|[from] psn
|upkeep
|turn|35
|
|t:|1654339310
|move|p2a: Necrozma|Max Guard|p2a: Necrozma
|-singleturn|p2a: Necrozma|Max Guard
|move|p1a: Ho-Oh|Max Flare|p2a: Necrozma
|-activate|p2a: Necrozma|move: Max Guard
|
|-weather|SunnyDay|[upkeep]
|-damage|p1a: Ho-Oh|64/100 tox|[from] psn
|upkeep
|turn|36
|
|t:|1654339312
|move|p2a: Necrozma|Max Steelspike|p1a: Ho-Oh
|-resisted|p1a: Ho-Oh
|-damage|p1a: Ho-Oh|49/100 tox
|-boost|p2a: Necrozma|def|1
|move|p1a: Ho-Oh|Max Flare|p2a: Necrozma
|-supereffective|p2a: Necrozma
|-damage|p2a: Necrozma|69/100
|
|-weather|SunnyDay|[upkeep]
|-damage|p1a: Ho-Oh|36/100 tox|[from] psn
|upkeep
|-end|p2a: Necrozma|Dynamax
|-heal|p2a: Necrozma|69/100|[silent]
|-end|p1a: Ho-Oh|Dynamax
|-heal|p1a: Ho-Oh|36/100 tox|[silent]
|turn|37
|
|t:|1654339320
|switch|p1a: Ho-Oh|Ho-Oh|94/100 tox
|move|p2a: Necrozma|Moonlight|p2a: Necrozma
|-heal|p2a: Necrozma|100/100
|
|-weather|SunnyDay|[upkeep]
|-damage|p1a: Ho-Oh|87/100 tox|[from] psn
|upkeep
|turn|38
|
|t:|1654339329
|switch|p1a: Ho-Oh|Ho-Oh|69/100 tox
|move|p2a: Necrozma|Knock Off|p1a: Ho-Oh
|-damage|p1a: Ho-Oh|37/100 tox
|-enditem|p1a: Ho-Oh|Heavy-Duty Boots|[from] move: Knock Off|[of] p2a: Necrozma
|
|-weather|none
|-damage|p1a: Ho-Oh|31/100 tox|[from] psn
|upkeep
|turn|39
|
|t:|1654339334
|switch|p1a: Ho-Oh|Ho-Oh|100/100 tox
|move|p2a: Necrozma|Stealth Rock|p1a: Ho-Oh
|-sidestart|p1: Zoroark The Master|move: Stealth Rock
|
|-damage|p1a: Ho-Oh|94/100 tox|[from] psn
|upkeep
|turn|40
|
|t:|1654339339
|move|p2a: Necrozma|Knock Off|p1a: Ho-Oh
|-damage|p1a: Ho-Oh|75/100 tox
|-enditem|p1a: Ho-Oh|Heavy-Duty Boots|[from] move: Knock Off|[of] p2a: Necrozma
|move|p1a: Ho-Oh|Defog|p2a: Necrozma
|-unboost|p2a: Necrozma|evasion|1
|-sideend|p1: Zoroark The Master|Stealth Rock|[from] move: Defog|[of] p1a: Ho-Oh
|
|-damage|p1a: Ho-Oh|63/100 tox|[from] psn
|upkeep
|turn|41
|
|t:|1654339343
|switch|p1a: Groudon|Groudon-Primal|100/100
|-weather|DesolateLand|[from] ability: Desolate Land|[of] p1a: Groudon
|move|p2a: Necrozma|Stealth Rock|p1a: Groudon
|-sidestart|p1: Zoroark The Master|move: Stealth Rock
|
|-weather|DesolateLand|[upkeep]
|upkeep
|turn|42
|
|t:|1654339348
|switch|p2a: Arceus|Arceus-Grass|100/100
|move|p1a: Groudon|Eruption|p2a: Arceus
|-supereffective|p2a: Arceus
|-damage|p2a: Arceus|0 fnt
|faint|p2a: Arceus
|
|-weather|DesolateLand|[upkeep]
|upkeep
|
|t:|1654339352
|switch|p2a: Arceus|Arceus-Ground|56/100 tox
|turn|43
|
|t:|1654339371
|-weather|none
|switch|p1a: Ho-Oh|Ho-Oh|64/100 tox
|-damage|p1a: Ho-Oh|14/100 tox|[from] Stealth Rock
|move|p2a: Arceus|Judgment|p1a: Ho-Oh
|-immune|p1a: Ho-Oh
|
|-damage|p2a: Arceus|50/100 tox|[from] psn
|-damage|p1a: Ho-Oh|8/100 tox|[from] psn
|upkeep
|turn|44
|
|t:|1654339377
|move|p2a: Arceus|Ice Beam|p1a: Ho-Oh
|-damage|p1a: Ho-Oh|0 fnt
|faint|p1a: Ho-Oh
|
|-damage|p2a: Arceus|38/100 tox|[from] psn
|upkeep
|
|t:|1654339393
|switch|p1a: Ho-Oh|Ho-Oh|96/100 tox
|-damage|p1a: Ho-Oh|46/100 tox|[from] Stealth Rock
|turn|45
|inactive|Zoroark The Master has 120 seconds left.
|
|t:|1654339445
|switch|p2a: Necrozma|Necrozma-Dusk-Mane|100/100
|move|p1a: Ho-Oh|Defog|p2a: Necrozma
|-unboost|p2a: Necrozma|evasion|1
|-sideend|p1: Zoroark The Master|Stealth Rock|[from] move: Defog|[of] p1a: Ho-Oh
|
|-damage|p1a: Ho-Oh|39/100 tox|[from] psn
|upkeep
|turn|46
|
|t:|1654339455
|switch|p1a: Groudon|Groudon-Primal|100/100
|-weather|DesolateLand|[from] ability: Desolate Land|[of] p1a: Groudon
|move|p2a: Necrozma|Stealth Rock|p1a: Groudon
|-sidestart|p1: Zoroark The Master|move: Stealth Rock
|
|-weather|DesolateLand|[upkeep]
|upkeep
|turn|47
|
|t:|1654339463
|move|p1a: Groudon|Eruption|p2a: Necrozma
|-supereffective|p2a: Necrozma
|-damage|p2a: Necrozma|0 fnt
|faint|p2a: Necrozma
|
|-weather|DesolateLand|[upkeep]
|upkeep
|
|t:|1654339465
|switch|p2a: Arceus|Arceus-Ground|38/100 tox
|turn|48
|
|t:|1654339476
|move|p2a: Arceus|Judgment|p1a: Groudon
|-supereffective|p1a: Groudon
|-damage|p1a: Groudon|0 fnt
|faint|p1a: Groudon
|-weather|none
|
|-damage|p2a: Arceus|32/100 tox|[from] psn
|upkeep
|
|t:|1654339490
|switch|p1a: Ho-Oh|Ho-Oh|73/100 tox
|-damage|p1a: Ho-Oh|23/100 tox|[from] Stealth Rock
|turn|49
|
|t:|1654339494
|move|p2a: Arceus|Recover|p2a: Arceus
|-heal|p2a: Arceus|82/100 tox
|move|p1a: Ho-Oh|Defog|p2a: Arceus
|-unboost|p2a: Arceus|evasion|1
|-sideend|p1: Zoroark The Master|Stealth Rock|[from] move: Defog|[of] p1a: Ho-Oh
|
|-damage|p2a: Arceus|70/100 tox|[from] psn
|-damage|p1a: Ho-Oh|16/100 tox|[from] psn
|upkeep
|turn|50
|inactive|Zoroark The Master has 120 seconds left.
|
|t:|1654339499
|move|p2a: Arceus|Ice Beam|p1a: Ho-Oh
|-damage|p1a: Ho-Oh|3/100 tox
|move|p1a: Ho-Oh|Whirlwind|p2a: Arceus
|drag|p2a: Zacian|Zacian, shiny|39/100 brn
|-ability|p2a: Zacian|Intrepid Sword|boost
|-boost|p2a: Zacian|atk|1
|
|-damage|p1a: Ho-Oh|0 fnt|[from] psn
|faint|p1a: Ho-Oh
|-damage|p2a: Zacian|32/100 brn|[from] brn
|upkeep
|
|t:|1654339503
|switch|p1a: Zygarde|Zygarde|100/100
|turn|51
|
|t:|1654339506
|move|p2a: Zacian|Play Rough|p1a: Zygarde
|-supereffective|p1a: Zygarde
|-damage|p1a: Zygarde|22/100
|move|p1a: Zygarde|Dragon Dance|p1a: Zygarde
|-boost|p1a: Zygarde|atk|1
|-boost|p1a: Zygarde|spe|1
|
|-heal|p1a: Zygarde|28/100|[from] item: Leftovers
|-damage|p2a: Zacian|26/100 brn|[from] brn
|-activate|p1a: Zygarde|ability: Power Construct
|detailschange|p1a: Zygarde|Zygarde-Complete
|-heal|p1a: Zygarde|55/100|[silent]
|upkeep
|turn|52
|
|t:|1654339523
|move|p1a: Zygarde|Thousand Arrows|p2a: Zacian
|-damage|p2a: Zacian|0 fnt
|faint|p2a: Zacian
|
|-heal|p1a: Zygarde|61/100|[from] item: Leftovers
|upkeep
|
|t:|1654339525
|switch|p2a: Arceus|Arceus-Ground|70/100 tox
|turn|53
|
|t:|1654339532
|move|p1a: Zygarde|Substitute|p1a: Zygarde
|-start|p1a: Zygarde|Substitute
|-damage|p1a: Zygarde|36/100
|move|p2a: Arceus|Ice Beam|p1a: Zygarde
|-supereffective|p1a: Zygarde
|-end|p1a: Zygarde|Substitute
|
|-heal|p1a: Zygarde|42/100|[from] item: Leftovers
|-damage|p2a: Arceus|64/100 tox|[from] psn
|upkeep
|turn|54
|
|t:|1654339538
|move|p1a: Zygarde|Substitute|p1a: Zygarde
|-start|p1a: Zygarde|Substitute
|-damage|p1a: Zygarde|17/100
|move|p2a: Arceus|Ice Beam|p1a: Zygarde
|-supereffective|p1a: Zygarde
|-end|p1a: Zygarde|Substitute
|
|-heal|p1a: Zygarde|24/100|[from] item: Leftovers
|-damage|p2a: Arceus|52/100 tox|[from] psn
|upkeep
|turn|55
|
|t:|1654339552
|move|p1a: Zygarde|Thousand Arrows|p2a: Arceus
|-damage|p2a: Arceus|22/100 tox
|move|p2a: Arceus|Ice Beam|p1a: Zygarde
|-supereffective|p1a: Zygarde
|-crit|p1a: Zygarde
|-damage|p1a: Zygarde|0 fnt
|faint|p1a: Zygarde
|
|win|Testing Teams 596
|raw|Zoroark The Master's rating: 1597 &rarr; <strong>1591</strong><br />(-6 for losing)
|raw|Testing Teams 596's rating: 1899 &rarr; <strong>1905</strong><br />(+6 for winning)
|c|☆Zoroark The Master|gg
|c|☆Testing Teams 596|Few
|c|☆Testing Teams 596|Gg
|c|☆Testing Teams 596|Wp
|c|☆Zoroark The Master|btw dude
|c|☆Zoroark The Master|You 09-10a?]
|c|☆Testing Teams 596|Nope
|c|☆Zoroark The Master|oh ok
|c|☆Zoroark The Master|bye
|c|☆Zoroark The Master|wp
|c|☆Testing Teams 596|Wp
|c|☆Testing Teams 596|He gave me his team
|c|☆Testing Teams 596|I am not good at using it
