|j|☆small char
|j|☆theChikunEater
|t:|1667628437
|gametype|singles
|player|p1|small char|red|1410
|player|p2|theChikunEater|guitarist|1596
|teamsize|p1|6
|teamsize|p2|6
|gen|8
|tier|[Gen 8] National Dex AG
|rated|
|rule|HP Percentage Mod: HP is shown in percentages
|rule|Endless Battle Clause: Forcing endless battles is banned
|clearpoke
|poke|p1|Alakazam, F|
|poke|p1|Tapu Lele|
|poke|p1|Cinderace, F|
|poke|p1|Darmanitan-Galar, M|
|poke|p1|Breloom, M|
|poke|p1|Greninja, M|
|poke|p2|Smeargle, F|
|poke|p2|Smeargle, M|
|poke|p2|Lopunny, F|
|poke|p2|Bibarel, F|
|poke|p2|Ditto|
|poke|p2|Arceus-*|
|teampreview
|inactive|Battle timer is ON: inactive players will automatically lose when time's up. (requested by theChikunEater)
|
|t:|1667628442
|start
|switch|p1a: Breloom|Breloom, M|100/100
|switch|p2a: Why?|Lopunny, F, shiny|100/100
|turn|1
|c|☆theChikunEater|glhf
|
|t:|1667628459
|switch|p1a: Greninja|Greninja, M|100/100
|detailschange|p2a: Why?|Lopunny-Mega, F, shiny
|-mega|p2a: Why?|Lopunny|Lopunnite
|move|p2a: Why?|Fake Out|p1a: Greninja
|-damage|p1a: Greninja|62/100
|
|upkeep
|turn|2
|
|t:|1667628472
|move|p1a: Greninja|Water Shuriken|p2a: Why?
|-damage|p2a: Why?|92/100
|-damage|p2a: Why?|83/100
|-damage|p2a: Why?|75/100
|-damage|p2a: Why?|66/100
|-damage|p2a: Why?|58/100
|-hitcount|p2a: Why?|5
|move|p2a: Why?|Power-Up Punch|p1a: Greninja
|-supereffective|p1a: Greninja
|-damage|p1a: Greninja|0 fnt
|-boost|p2a: Why?|atk|1
|faint|p1a: Greninja
|
|upkeep
|inactive|small char has 120 seconds left.
|
|t:|1667628498
|switch|p1a: Tapu Lele|Tapu Lele|100/100
|-fieldstart|move: Psychic Terrain|[from] ability: Psychic Surge|[of] p1a: Tapu Lele
|turn|3
|
|t:|1667628514
|move|p1a: Tapu Lele|Psychic|p2a: Why?
|-supereffective|p2a: Why?
|-damage|p2a: Why?|0 fnt
|faint|p2a: Why?
|
|upkeep
|
|t:|1667628518
|switch|p2a: Wuzzy|Smeargle, M|100/100
|turn|4
|
|t:|1667628528
|switch|p1a: Breloom|Breloom, M|100/100
|move|p2a: Wuzzy|Shell Smash|p2a: Wuzzy
|-unboost|p2a: Wuzzy|def|1
|-unboost|p2a: Wuzzy|spd|1
|-boost|p2a: Wuzzy|atk|2
|-boost|p2a: Wuzzy|spa|2
|-boost|p2a: Wuzzy|spe|2
|
|-ability|p2a: Wuzzy|Moody|boost
|-boost|p2a: Wuzzy|spe|2
|-unboost|p2a: Wuzzy|spd|1
|upkeep
|turn|5
|
|t:|1667628541
|move|p2a: Wuzzy|Baton Pass|p2a: Wuzzy
|
|t:|1667628547
|switch|p2a: YES|Bibarel, F|100/100|[from]move: Baton Pass
|move|p1a: Breloom|Spore|p2a: YES
|-status|p2a: YES|slp|[from] move: Spore
|
|upkeep
|turn|6
|
|t:|1667628557
|cant|p2a: YES|slp
|move|p1a: Breloom|Swords Dance|p1a: Breloom
|-boost|p1a: Breloom|atk|2
|
|upkeep
|turn|7
|
|t:|1667628565
|cant|p2a: YES|slp
|move|p1a: Breloom|Swords Dance|p1a: Breloom
|-boost|p1a: Breloom|atk|2
|
|-fieldend|move: Psychic Terrain
|upkeep
|turn|8
|
|t:|1667628577
|move|p1a: Breloom|Mach Punch|p2a: YES
|-supereffective|p2a: YES
|-damage|p2a: YES|0 fnt
|faint|p2a: YES
|
|upkeep
|
|t:|1667628579
|switch|p2a: Pasta|Ditto|100/100
|-transform|p2a: Pasta|p1a: Breloom|[from] ability: Imposter
|turn|9
|c|☆theChikunEater|well this is awkward
|
|t:|1667628594
|move|p1a: Breloom|Mach Punch|p2a: Pasta
|-damage|p2a: Pasta|0 fnt
|faint|p2a: Pasta
|
|upkeep
|
|t:|1667628600
|switch|p2a: Wuzzy|Smeargle, M|100/100
|turn|10
|
|t:|1667628604
|move|p1a: Breloom|Mach Punch|p2a: Wuzzy
|-supereffective|p2a: Wuzzy
|-enditem|p2a: Wuzzy|Focus Sash
|-damage|p2a: Wuzzy|1/100
|move|p2a: Wuzzy|Bolt Beak|p1a: Breloom
|-resisted|p1a: Breloom
|-damage|p1a: Breloom|91/100
|
|-ability|p2a: Wuzzy|Moody|boost
|-boost|p2a: Wuzzy|spa|2
|-unboost|p2a: Wuzzy|atk|1
|upkeep
|turn|11
|
|t:|1667628616
|move|p1a: Breloom|Mach Punch|p2a: Wuzzy
|-supereffective|p2a: Wuzzy
|-damage|p2a: Wuzzy|0 fnt
|faint|p2a: Wuzzy
|
|upkeep
|
|t:|1667628618
|switch|p2a: Horsecokccc|Arceus|100/100
|turn|12
|
|t:|1667628626
|-start|p2a: Horsecokccc|Dynamax|
|-heal|p2a: Horsecokccc|100/100|[silent]
|move|p1a: Breloom|Mach Punch|p2a: Horsecokccc
|-supereffective|p2a: Horsecokccc
|-damage|p2a: Horsecokccc|30/100
|move|p2a: Horsecokccc|Max Mindstorm|p1a: Breloom
|-supereffective|p1a: Breloom
|-damage|p1a: Breloom|0 fnt
|-fieldstart|move: Psychic Terrain
|faint|p1a: Breloom
|
|upkeep
|c|☆theChikunEater|gg
|
|t:|1667628644
|switch|p1a: Alakazam|Alakazam, F|100/100
|turn|13
|
|t:|1667628648
|detailschange|p1a: Alakazam|Alakazam-Mega, F
|-mega|p1a: Alakazam|Alakazam|Alakazite
|move|p1a: Alakazam|Expanding Force|p2a: Horsecokccc
|-damage|p2a: Horsecokccc|0 fnt
|faint|p2a: Horsecokccc
|
|upkeep
|c|☆theChikunEater|i shall die
|
|t:|1667628653
|switch|p2a: Fuzzy|Smeargle, F|100/100
|-ability|p1a: Alakazam|Moody|[from] ability: Trace|[of] p2a: Fuzzy
|turn|14
|
|t:|1667628661
|move|p1a: Alakazam|Expanding Force|p2a: Fuzzy
|-damage|p2a: Fuzzy|0 fnt
|faint|p2a: Fuzzy
|
|win|small char
|raw|small char's rating: 1410 &rarr; <strong>1440</strong><br />(+30 for winning)
|raw|theChikunEater's rating: 1596 &rarr; <strong>1566</strong><br />(-30 for losing)
|l|☆theChikunEater
