|j|☆Aurora guy
|j|☆Isnezhny
|t:|1651990694
|gametype|singles
|player|p1|Aurora guy|lyra|1561
|player|p2|Isnezhny|grimsley-gen7|1689
|teamsize|p1|6
|teamsize|p2|6
|gen|8
|tier|[Gen 8] National Dex AG
|rated|
|rule|HP Percentage Mod: HP is shown in percentages
|rule|Endless Battle Clause: Forcing endless battles is banned
|clearpoke
|poke|p1|Sableye, F|
|poke|p1|Arceus-*|
|poke|p1|Chansey, F|
|poke|p1|Giratina|
|poke|p1|Lugia|
|poke|p1|Necrozma-Dusk-Mane|
|poke|p2|Hatterene, F|
|poke|p2|Melmetal|
|poke|p2|Porygon2|
|poke|p2|Xerneas-*|
|poke|p2|Arceus-*|
|poke|p2|Palkia|
|teampreview
|inactive|Battle timer is ON: inactive players will automatically lose when time's up. (requested by Aurora guy)
|inactive|Aurora guy has 120 seconds left.
|inactive|Isnezhny has 120 seconds left.
|
|t:|1651990743
|start
|switch|p1a: Necrozma|Necrozma-Dusk-Mane|100/100
|switch|p2a: Moonlight|Xerneas|100/100
|-ability|p2a: Moonlight|Fairy Aura
|turn|1
|
|t:|1651990762
|switch|p2a: Antarctica|Arceus-Ground|100/100
|move|p1a: Necrozma|Sunsteel Strike|p2a: Antarctica
|-damage|p2a: Antarctica|78/100
|
|upkeep
|turn|2
|
|t:|1651990785
|switch|p2a: Moonlight|Xerneas|100/100
|-ability|p2a: Moonlight|Fairy Aura
|switch|p1a: Lugia|Lugia|100/100
|
|upkeep
|turn|3
|
|t:|1651990794
|move|p1a: Lugia|Toxic|p2a: Moonlight
|-status|p2a: Moonlight|tox
|move|p2a: Moonlight|Moonblast|p1a: Lugia
|-damage|p1a: Lugia|72/100
|
|-heal|p1a: Lugia|79/100|[from] item: Leftovers
|-damage|p2a: Moonlight|94/100 tox|[from] psn
|upkeep
|turn|4
|
|t:|1651990806
|switch|p2a: Blacksmith|Melmetal|100/100
|move|p1a: Lugia|Roost|p1a: Lugia
|-heal|p1a: Lugia|100/100
|-singleturn|p1a: Lugia|move: Roost
|
|upkeep
|turn|5
|
|t:|1651990821
|switch|p1a: Necrozma|Necrozma-Dusk-Mane|100/100
|move|p2a: Blacksmith|Earthquake|p1a: Necrozma
|-supereffective|p1a: Necrozma
|-damage|p1a: Necrozma|58/100
|-damage|p2a: Blacksmith|91/100|[from] item: Life Orb
|
|upkeep
|turn|6
|inactive|Aurora guy has 120 seconds left.
|
|t:|1651990847
|move|p1a: Necrozma|Sunsteel Strike|p2a: Blacksmith
|-resisted|p2a: Blacksmith
|-damage|p2a: Blacksmith|78/100
|move|p2a: Blacksmith|Earthquake|p1a: Necrozma
|-supereffective|p1a: Necrozma
|-damage|p1a: Necrozma|19/100
|-damage|p2a: Blacksmith|68/100|[from] item: Life Orb
|
|upkeep
|turn|7
|
|t:|1651990853
|move|p1a: Necrozma|Stealth Rock|p2a: Blacksmith
|-sidestart|p2: Isnezhny|move: Stealth Rock
|move|p2a: Blacksmith|Earthquake|p1a: Necrozma
|-supereffective|p1a: Necrozma
|-damage|p1a: Necrozma|0 fnt
|faint|p1a: Necrozma
|-damage|p2a: Blacksmith|58/100|[from] item: Life Orb
|
|upkeep
|inactive|Aurora guy has 120 seconds left.
|
|t:|1651990870
|switch|p1a: Sableye|Sableye, F|100/100
|turn|8
|inactive|Aurora guy has 120 seconds left.
|
|t:|1651990877
|switch|p2a: 3.14 Two|Porygon2|100/100
|-damage|p2a: 3.14 Two|88/100|[from] Stealth Rock
|-ability|p2a: 3.14 Two|Prankster|[from] ability: Trace|[of] p1a: Sableye
|detailschange|p1a: Sableye|Sableye-Mega, F
|-mega|p1a: Sableye|Sableye|Sablenite
|move|p1a: Sableye|Will-O-Wisp|p2a: 3.14 Two
|-status|p2a: 3.14 Two|brn
|
|-damage|p2a: 3.14 Two|82/100 brn|[from] brn
|upkeep
|turn|9
|inactive|Aurora guy has 120 seconds left.
|
|t:|1651990907
|switch|p1a: Chansey|Chansey, F|100/100
|move|p2a: 3.14 Two|Teleport|p2a: 3.14 Two
|
|t:|1651990912
|switch|p2a: Blacksmith|Melmetal|58/100|[from]move: Teleport
|-damage|p2a: Blacksmith|52/100|[from] Stealth Rock
|
|upkeep
|turn|10
|inactive|Aurora guy has 120 seconds left.
|
|t:|1651990943
|switch|p1a: Lugia|Lugia|100/100
|move|p2a: Blacksmith|Double Iron Bash|p1a: Lugia
|-damage|p1a: Lugia|86/100
|-damage|p1a: Lugia|57/100
|-hitcount|p1a: Lugia|2
|-damage|p2a: Blacksmith|42/100|[from] item: Life Orb
|
|-heal|p1a: Lugia|63/100|[from] item: Leftovers
|upkeep
|turn|11
|inactive|Aurora guy has 90 seconds left.
|inactive|Isnezhny has 120 seconds left.
|
|t:|1651990982
|switch|p1a: Giratina|Giratina|100/100
|-ability|p1a: Giratina|Pressure
|switch|p2a: 3.14 Two|Porygon2|82/100 brn
|-damage|p2a: 3.14 Two|70/100 brn|[from] Stealth Rock
|-ability|p2a: 3.14 Two|Pressure|[from] ability: Trace|[of] p1a: Giratina
|-ability|p2a: 3.14 Two|Pressure
|
|-damage|p2a: 3.14 Two|64/100 brn|[from] brn
|upkeep
|turn|12
|inactive|Aurora guy has 90 seconds left.
|inactive|Isnezhny has 120 seconds left.
|
|t:|1651991014
|switch|p1a: Arceus|Arceus-Fairy|100/100
|move|p2a: 3.14 Two|Recover|p2a: 3.14 Two
|-heal|p2a: 3.14 Two|100/100 brn
|
|-damage|p2a: 3.14 Two|94/100 brn|[from] brn
|upkeep
|turn|13
|
|t:|1651991020
|move|p1a: Arceus|Judgment|p2a: 3.14 Two
|-damage|p2a: 3.14 Two|72/100 brn
|move|p2a: 3.14 Two|Trick Room|p2a: 3.14 Two
|-fieldstart|move: Trick Room|[of] p2a: 3.14 Two
|
|-damage|p2a: 3.14 Two|66/100 brn|[from] brn
|upkeep
|turn|14
|
|t:|1651991030
|switch|p1a: Sableye|Sableye-Mega, F|100/100
|move|p2a: 3.14 Two|Recover|p2a: 3.14 Two
|-heal|p2a: 3.14 Two|100/100 brn
|
|-damage|p2a: 3.14 Two|94/100 brn|[from] brn
|upkeep
|turn|15
|
|t:|1651991050
|switch|p2a: Wizz|Hatterene, F|100/100
|-damage|p2a: Wizz|88/100|[from] Stealth Rock
|move|p1a: Sableye|Foul Play|p2a: Wizz
|-damage|p2a: Wizz|61/100
|
|upkeep
|turn|16
|inactive|Isnezhny has 120 seconds left.
|inactive|Aurora guy has 60 seconds left.
|
|t:|1651991086
|switch|p1a: Arceus|Arceus-Fairy|100/100
|switch|p2a: Blacksmith|Melmetal|42/100
|-damage|p2a: Blacksmith|36/100|[from] Stealth Rock
|
|upkeep
|turn|17
|inactive|Aurora guy has 60 seconds left.
|
|t:|1651991097
|move|p2a: Blacksmith|Double Iron Bash|p1a: Arceus
|-supereffective|p1a: Arceus
|-damage|p1a: Arceus|25/100
|-supereffective|p1a: Arceus
|-damage|p1a: Arceus|0 fnt
|faint|p1a: Arceus
|-hitcount|p1: Arceus|2
|-damage|p2a: Blacksmith|26/100|[from] item: Life Orb
|
|-fieldend|move: Trick Room
|upkeep
|
|t:|1651991114
|switch|p1a: Lugia|Lugia|63/100
|turn|18
|inactive|Isnezhny has 120 seconds left.
|
|t:|1651991128
|switch|p2a: 3.14 Two|Porygon2|94/100 brn
|-damage|p2a: 3.14 Two|82/100 brn|[from] Stealth Rock
|-ability|p2a: 3.14 Two|Multiscale|[from] ability: Trace|[of] p1a: Lugia
|move|p1a: Lugia|Roost|p1a: Lugia
|-heal|p1a: Lugia|100/100
|-singleturn|p1a: Lugia|move: Roost
|
|-damage|p2a: 3.14 Two|76/100 brn|[from] brn
|upkeep
|turn|19
|inactive|Aurora guy has 60 seconds left.
|inactive|Aurora guy has 30 seconds left.
|
|t:|1651991164
|move|p1a: Lugia|Substitute|p1a: Lugia
|-start|p1a: Lugia|Substitute
|-damage|p1a: Lugia|75/100
|move|p2a: 3.14 Two|Teleport|p2a: 3.14 Two
|inactive|Isnezhny has 120 seconds left.
|l|☆Aurora guy
|inactive|Aurora guy disconnected and has a minute to reconnect!
|player|p1|
|
|t:|1651991199
|switch|p2a: Wizz|Hatterene, F|61/100|[from]move: Teleport
|-damage|p2a: Wizz|48/100|[from] Stealth Rock
|
|-heal|p1a: Lugia|82/100|[from] item: Leftovers
|upkeep
|turn|20
|inactive|Aurora guy has 30 seconds left.
|inactive|Aurora guy has 20 seconds left.
|inactive|Aurora guy has 15 seconds left.
|inactive|Aurora guy has 10 seconds left.
|inactive|Aurora guy has 5 seconds left.
|-message|Aurora guy lost due to inactivity.
|
|win|Isnezhny
|raw|Aurora guy's rating: 1561 &rarr; <strong>1548</strong><br />(-13 for losing)
|raw|Isnezhny's rating: 1689 &rarr; <strong>1702</strong><br />(+13 for winning)
