|j|☆Emorawr79
|j|☆rowletroost
|t:|1642276587
|gametype|singles
|player|p1|Emorawr79|265|1696
|player|p2|rowletroost|lance|1876
|teamsize|p1|6
|teamsize|p2|6
|gen|8
|tier|[Gen 8] National Dex AG
|rated|
|rule|HP Percentage Mod: HP is shown in percentages
|rule|Endless Battle Clause: Forcing endless battles is banned
|clearpoke
|poke|p1|Calyrex-Shadow|
|poke|p1|Smeargle, M|
|poke|p1|Ditto|
|poke|p1|Arceus-*|
|poke|p1|Zacian-*|
|poke|p1|Kangaskhan, F|
|poke|p2|Arceus-*|
|poke|p2|Xerneas-*|
|poke|p2|Kyogre|
|poke|p2|Marshadow|
|poke|p2|Ribombee, F|
|poke|p2|Vivillon-Savanna, F|
|teampreview
|inactive|Battle timer is ON: inactive players will automatically lose when time's up. (requested by rowletroost)
|
|t:|1642276595
|start
|switch|p1a: Kangaskhan|Kangaskhan, F|100/100
|switch|p2a: Ribombee|Ribombee, F, shiny|100/100
|turn|1
|
|t:|1642276599
|switch|p2a: Arceus|Arceus-Ground|100/100
|detailschange|p1a: Kangaskhan|Kangaskhan-Mega, F
|-mega|p1a: Kangaskhan|Kangaskhan|Kangaskhanite
|move|p1a: Kangaskhan|Fake Out|p2a: Arceus
|-damage|p2a: Arceus|90/100
|-damage|p2a: Arceus|88/100
|-hitcount|p2a: Arceus|2
|
|upkeep
|turn|2
|
|t:|1642276603
|move|p1a: Kangaskhan|Power-Up Punch|p2a: Arceus
|-damage|p2a: Arceus|81/100
|-boost|p1a: Kangaskhan|atk|1
|-damage|p2a: Arceus|79/100
|-boost|p1a: Kangaskhan|atk|1
|-hitcount|p2a: Arceus|2
|move|p2a: Arceus|Judgment|p1a: Kangaskhan
|-damage|p1a: Kangaskhan|57/100
|
|upkeep
|turn|3
|
|t:|1642276613
|move|p1a: Kangaskhan|Double-Edge|p2a: Arceus
|-damage|p2a: Arceus|24/100
|-damage|p2a: Arceus|9/100
|-hitcount|p2a: Arceus|2
|-damage|p1a: Kangaskhan|28/100|[from] Recoil
|move|p2a: Arceus|Judgment|p1a: Kangaskhan
|-damage|p1a: Kangaskhan|0 fnt
|faint|p1a: Kangaskhan
|
|upkeep
|
|t:|1642276622
|switch|p1a: Calyrex|Calyrex-Shadow|100/100
|-ability|p1a: Calyrex|As One
|-ability|p1a: Calyrex|Unnerve
|turn|4
|
|t:|1642276627
|move|p1a: Calyrex|Astral Barrage|p2a: Arceus
|-damage|p2a: Arceus|0 fnt
|faint|p2a: Arceus
|-ability|p1a: Calyrex|Grim Neigh|boost
|-boost|p1a: Calyrex|spa|1
|
|upkeep
|
|t:|1642276629
|switch|p2a: Ribombee|Ribombee, F, shiny|100/100
|turn|5
|
|t:|1642276634
|move|p1a: Calyrex|Astral Barrage|p2a: Ribombee
|-enditem|p2a: Ribombee|Focus Sash
|-damage|p2a: Ribombee|1/100
|move|p2a: Ribombee|Sticky Web|p1a: Calyrex
|-sidestart|p1: Emorawr79|move: Sticky Web
|
|upkeep
|turn|6
|
|t:|1642276639
|switch|p2a: Kyogre|Kyogre, shiny|100/100
|detailschange|p2a: Kyogre|Kyogre-Primal, shiny
|-primal|p2a: Kyogre
|-weather|PrimordialSea|[from] ability: Primordial Sea|[of] p2a: Kyogre
|move|p1a: Calyrex|Astral Barrage|p2a: Kyogre
|-damage|p2a: Kyogre|37/100
|
|-weather|PrimordialSea|[upkeep]
|upkeep
|turn|7
|
|t:|1642276641
|move|p1a: Calyrex|Astral Barrage|p2a: Kyogre
|-damage|p2a: Kyogre|0 fnt
|faint|p2a: Kyogre
|-weather|none
|-ability|p1a: Calyrex|Grim Neigh|boost
|-boost|p1a: Calyrex|spa|1
|
|upkeep
|
|t:|1642276642
|switch|p2a: Marshadow|Marshadow|100/100
|turn|8
|
|t:|1642276645
|switch|p1a: Smeargle|Smeargle, M|100/100
|-activate|p1a: Smeargle|move: Sticky Web
|-unboost|p1a: Smeargle|spe|1
|move|p2a: Marshadow|Rock Tomb|p1a: Smeargle
|-damage|p1a: Smeargle|10/100
|-unboost|p1a: Smeargle|spe|1
|
|-ability|p1a: Smeargle|Moody|boost
|-boost|p1a: Smeargle|spd|2
|-unboost|p1a: Smeargle|spe|1
|upkeep
|turn|9
|
|t:|1642276651
|move|p2a: Marshadow|Rock Tomb|p1a: Smeargle
|-damage|p1a: Smeargle|0 fnt
|faint|p1a: Smeargle
|
|upkeep
|
|t:|1642276652
|switch|p1a: Ditto|Ditto|100/100
|-activate|p1a: Ditto|move: Sticky Web
|-unboost|p1a: Ditto|spe|1
|-transform|p1a: Ditto|p2a: Marshadow|[from] ability: Imposter
|turn|10
|
|t:|1642276669
|switch|p2a: Ribombee|Ribombee, F, shiny|1/100
|move|p1a: Ditto|Spectral Thief|p2a: Ribombee
|-crit|p2a: Ribombee
|-damage|p2a: Ribombee|0 fnt
|faint|p2a: Ribombee
|
|upkeep
|
|t:|1642276676
|switch|p2a: Xerneas|Xerneas, shiny|100/100
|-ability|p2a: Xerneas|Fairy Aura
|turn|11
|
|t:|1642276681
|switch|p1a: Zacian|Zacian-Crowned|100/100
|-activate|p1a: Zacian|move: Sticky Web
|-unboost|p1a: Zacian|spe|1
|-ability|p1a: Zacian|Intrepid Sword|boost
|-boost|p1a: Zacian|atk|1
|move|p2a: Xerneas|Moonblast|p1a: Zacian
|-resisted|p1a: Zacian
|-damage|p1a: Zacian|65/100
|
|upkeep
|turn|12
|
|t:|1642276685
|move|p1a: Zacian|Behemoth Blade|p2a: Xerneas
|-supereffective|p2a: Xerneas
|-damage|p2a: Xerneas|0 fnt
|faint|p2a: Xerneas
|
|upkeep
|
|t:|1642276689
|switch|p2a: Vivillon|Vivillon-Savanna, F|100/100
|turn|13
|
|t:|1642276692
|move|p2a: Vivillon|Sleep Powder|p1a: Zacian
|-status|p1a: Zacian|slp|[from] move: Sleep Powder
|cant|p1a: Zacian|slp
|
|upkeep
|turn|14
|
|t:|1642276694
|move|p2a: Vivillon|Substitute|p2a: Vivillon
|-start|p2a: Vivillon|Substitute
|-damage|p2a: Vivillon|76/100
|cant|p1a: Zacian|slp
|
|-heal|p2a: Vivillon|82/100|[from] item: Leftovers
|upkeep
|turn|15
|
|t:|1642276695
|move|p2a: Vivillon|Quiver Dance|p2a: Vivillon
|-boost|p2a: Vivillon|spa|1
|-boost|p2a: Vivillon|spd|1
|-boost|p2a: Vivillon|spe|1
|cant|p1a: Zacian|slp
|
|-heal|p2a: Vivillon|88/100|[from] item: Leftovers
|upkeep
|turn|16
|
|t:|1642276697
|move|p2a: Vivillon|Quiver Dance|p2a: Vivillon
|-boost|p2a: Vivillon|spa|1
|-boost|p2a: Vivillon|spd|1
|-boost|p2a: Vivillon|spe|1
|-curestatus|p1a: Zacian|slp|[msg]
|move|p1a: Zacian|Behemoth Blade|p2a: Vivillon
|-end|p2a: Vivillon|Substitute
|
|-heal|p2a: Vivillon|94/100|[from] item: Leftovers
|upkeep
|turn|17
|
|t:|1642276699
|move|p2a: Vivillon|Sleep Powder|p1a: Zacian
|-status|p1a: Zacian|slp|[from] move: Sleep Powder
|cant|p1a: Zacian|slp
|
|-heal|p2a: Vivillon|99/100|[from] item: Leftovers
|upkeep
|turn|18
|
|t:|1642276700
|move|p2a: Vivillon|Substitute|p2a: Vivillon
|-start|p2a: Vivillon|Substitute
|-damage|p2a: Vivillon|75/100
|-curestatus|p1a: Zacian|slp|[msg]
|move|p1a: Zacian|Behemoth Blade|p2a: Vivillon
|-end|p2a: Vivillon|Substitute
|
|-heal|p2a: Vivillon|81/100|[from] item: Leftovers
|upkeep
|turn|19
|
|t:|1642276702
|move|p2a: Vivillon|Sleep Powder|p1a: Zacian
|-status|p1a: Zacian|slp|[from] move: Sleep Powder
|cant|p1a: Zacian|slp
|
|-heal|p2a: Vivillon|87/100|[from] item: Leftovers
|upkeep
|turn|20
|
|t:|1642276703
|move|p2a: Vivillon|Substitute|p2a: Vivillon
|-start|p2a: Vivillon|Substitute
|-damage|p2a: Vivillon|62/100
|cant|p1a: Zacian|slp
|
|-heal|p2a: Vivillon|68/100|[from] item: Leftovers
|upkeep
|turn|21
|
|t:|1642276705
|move|p2a: Vivillon|Hurricane|p1a: Zacian
|-resisted|p1a: Zacian
|-damage|p1a: Zacian|21/100 slp
|-curestatus|p1a: Zacian|slp|[msg]
|move|p1a: Zacian|Behemoth Blade|p2a: Vivillon
|-end|p2a: Vivillon|Substitute
|
|-heal|p2a: Vivillon|74/100|[from] item: Leftovers
|upkeep
|turn|22
|
|t:|1642276712
|move|p2a: Vivillon|Sleep Powder|p1a: Zacian
|-status|p1a: Zacian|slp|[from] move: Sleep Powder
|cant|p1a: Zacian|slp
|
|-heal|p2a: Vivillon|80/100|[from] item: Leftovers
|upkeep
|turn|23
|
|t:|1642276713
|move|p2a: Vivillon|Substitute|p2a: Vivillon
|-start|p2a: Vivillon|Substitute
|-damage|p2a: Vivillon|55/100
|cant|p1a: Zacian|slp
|
|-heal|p2a: Vivillon|61/100|[from] item: Leftovers
|upkeep
|turn|24
|
|t:|1642276715
|move|p2a: Vivillon|Hurricane|p1a: Zacian
|-resisted|p1a: Zacian
|-damage|p1a: Zacian|0 fnt
|faint|p1a: Zacian
|
|-heal|p2a: Vivillon|67/100|[from] item: Leftovers
|upkeep
|
|t:|1642276717
|switch|p1a: Arceus|Arceus|100/100
|-activate|p1a: Arceus|move: Sticky Web
|-unboost|p1a: Arceus|spe|1
|turn|25
|
|t:|1642276718
|move|p1a: Arceus|Extreme Speed|p2a: Vivillon
|-end|p2a: Vivillon|Substitute
|move|p2a: Vivillon|Sleep Powder|p1a: Arceus
|-status|p1a: Arceus|slp|[from] move: Sleep Powder
|
|-heal|p2a: Vivillon|73/100|[from] item: Leftovers
|upkeep
|turn|26
|
|t:|1642276720
|cant|p1a: Arceus|slp
|move|p2a: Vivillon|Substitute|p2a: Vivillon
|-start|p2a: Vivillon|Substitute
|-damage|p2a: Vivillon|48/100
|
|-heal|p2a: Vivillon|54/100|[from] item: Leftovers
|upkeep
|turn|27
|
|t:|1642276721
|cant|p1a: Arceus|slp
|move|p2a: Vivillon|Hurricane|p1a: Arceus
|-damage|p1a: Arceus|37/100 slp
|
|-heal|p2a: Vivillon|60/100|[from] item: Leftovers
|upkeep
|turn|28
|
|t:|1642276723
|cant|p1a: Arceus|slp
|move|p2a: Vivillon|Sleep Powder|p1a: Arceus
|-fail|p1a: Arceus|slp
|
|-heal|p2a: Vivillon|66/100|[from] item: Leftovers
|upkeep
|turn|29
|
|t:|1642276725
|-curestatus|p1a: Arceus|slp|[msg]
|move|p1a: Arceus|Extreme Speed|p2a: Vivillon
|-end|p2a: Vivillon|Substitute
|move|p2a: Vivillon|Sleep Powder|p1a: Arceus
|-status|p1a: Arceus|slp|[from] move: Sleep Powder
|
|-heal|p2a: Vivillon|72/100|[from] item: Leftovers
|upkeep
|turn|30
|
|t:|1642276728
|cant|p1a: Arceus|slp
|move|p2a: Vivillon|Substitute|p2a: Vivillon
|-start|p2a: Vivillon|Substitute
|-damage|p2a: Vivillon|47/100
|
|-heal|p2a: Vivillon|53/100|[from] item: Leftovers
|upkeep
|turn|31
|
|t:|1642276730
|cant|p1a: Arceus|slp
|move|p2a: Vivillon|Hurricane|p1a: Arceus
|-damage|p1a: Arceus|0 fnt
|faint|p1a: Arceus
|
|-heal|p2a: Vivillon|59/100|[from] item: Leftovers
|upkeep
|
|t:|1642276735
|switch|p1a: Calyrex|Calyrex-Shadow|100/100
|-ability|p1a: Calyrex|As One
|-ability|p1a: Calyrex|Unnerve
|-activate|p1a: Calyrex|move: Sticky Web
|-unboost|p1a: Calyrex|spe|1
|turn|32
|
|t:|1642276736
|move|p2a: Vivillon|Sleep Powder|p1a: Calyrex
|-status|p1a: Calyrex|slp|[from] move: Sleep Powder
|cant|p1a: Calyrex|slp
|
|-heal|p2a: Vivillon|65/100|[from] item: Leftovers
|upkeep
|turn|33
|
|t:|1642276738
|move|p2a: Vivillon|Hurricane|p1a: Calyrex
|-damage|p1a: Calyrex|18/100 slp
|-curestatus|p1a: Calyrex|slp|[msg]
|move|p1a: Calyrex|Astral Barrage|p2a: Vivillon
|-end|p2a: Vivillon|Substitute
|
|-heal|p2a: Vivillon|71/100|[from] item: Leftovers
|upkeep
|turn|34
|
|t:|1642276740
|move|p2a: Vivillon|Sleep Powder|p1a: Calyrex
|-status|p1a: Calyrex|slp|[from] move: Sleep Powder
|cant|p1a: Calyrex|slp
|
|-heal|p2a: Vivillon|77/100|[from] item: Leftovers
|upkeep
|turn|35
|
|t:|1642276742
|switch|p1a: Ditto|Ditto|100/100
|-activate|p1a: Ditto|move: Sticky Web
|-unboost|p1a: Ditto|spe|1
|-transform|p1a: Ditto|p2a: Vivillon|[from] ability: Imposter
|move|p2a: Vivillon|Substitute|p2a: Vivillon
|-start|p2a: Vivillon|Substitute
|-damage|p2a: Vivillon|52/100
|
|-heal|p2a: Vivillon|58/100|[from] item: Leftovers
|upkeep
|turn|36
|
|t:|1642276745
|-start|p1a: Ditto|Dynamax
|-heal|p1a: Ditto|100/100|[silent]
|move|p1a: Ditto|Max Airstream|p2a: Vivillon
|-supereffective|p2a: Vivillon
|-end|p2a: Vivillon|Substitute
|-boost|p1a: Ditto|spe|1
|move|p2a: Vivillon|Sleep Powder|p1a: Ditto
|-status|p1a: Ditto|slp|[from] move: Sleep Powder
|
|-heal|p2a: Vivillon|64/100|[from] item: Leftovers
|upkeep
|turn|37
|
|t:|1642276752
|-start|p2a: Vivillon|Dynamax
|-heal|p2a: Vivillon|64/100|[silent]
|cant|p1a: Ditto|slp
|move|p2a: Vivillon|Max Airstream|p1a: Ditto
|-supereffective|p1a: Ditto
|-enditem|p1a: Ditto|Focus Sash
|-damage|p1a: Ditto|1/100 slp
|-boost|p2a: Vivillon|spe|1
|
|-heal|p2a: Vivillon|67/100|[from] item: Leftovers
|upkeep
|turn|38
|
|t:|1642276755
|cant|p1a: Ditto|slp
|move|p2a: Vivillon|Max Airstream|p1a: Ditto
|-supereffective|p1a: Ditto
|-damage|p1a: Ditto|0 fnt
|-boost|p2a: Vivillon|spe|1
|faint|p1a: Ditto
|
|-heal|p2a: Vivillon|70/100|[from] item: Leftovers
|upkeep
|-message|Emorawr79 forfeited.
|
|win|rowletroost
|raw|Emorawr79's rating: 1696 &rarr; <strong>1686</strong><br />(-10 for losing)
|raw|rowletroost's rating: 1876 &rarr; <strong>1886</strong><br />(+10 for winning)
|l|☆Emorawr79
||Ladder isn't responding, score probably updated but might not have (Request timeout).
