|j|☆Pikaslayer2001
|j|☆Better Alone
|t:|1662120437
|gametype|singles
|player|p1|Pikaslayer2001|brendan-contest|1790
|player|p2|Better Alone|swimmerf-gen4|1795
|teamsize|p1|6
|teamsize|p2|6
|gen|8
|tier|[Gen 8] National Dex AG
|rated|
|rule|HP Percentage Mod: HP is shown in percentages
|rule|Endless Battle Clause: Forcing endless battles is banned
|clearpoke
|poke|p1|Arceus-*|
|poke|p1|Ho-Oh|
|poke|p1|Necrozma-Dusk-Mane|
|poke|p1|Chansey, F|
|poke|p1|Zygarde|
|poke|p1|Arceus-*|
|poke|p2|Ditto|
|poke|p2|Calyrex-Shadow|
|poke|p2|Groudon|
|poke|p2|Rayquaza|
|poke|p2|Tyranitar, F|
|poke|p2|Arceus-*|
|teampreview
|
|t:|1662120445
|start
|switch|p1a: Zygarde|Zygarde, shiny|100/100
|switch|p2a: Arceus|Arceus-Ground|100/100
|turn|1
|
|t:|1662120452
|move|p2a: Arceus|Toxic|p1a: Zygarde
|-status|p1a: Zygarde|tox
|move|p1a: Zygarde|Toxic|p2a: Arceus
|-status|p2a: Arceus|tox
|
|-damage|p2a: Arceus|94/100 tox|[from] psn
|-damage|p1a: Zygarde|94/100 tox|[from] psn
|upkeep
|turn|2
|
|t:|1662120454
|switch|p1a: Ho-Oh|Ho-Oh, shiny|100/100
|move|p2a: Arceus|Stealth Rock|p1a: Ho-Oh
|-sidestart|p1: Pikaslayer2001|move: Stealth Rock
|
|-damage|p2a: Arceus|82/100 tox|[from] psn
|upkeep
|turn|3
|
|t:|1662120457
|move|p2a: Arceus|Toxic|p1a: Ho-Oh
|-status|p1a: Ho-Oh|tox
|move|p1a: Ho-Oh|Defog|p2a: Arceus
|-unboost|p2a: Arceus|evasion|1
|-sideend|p1: Pikaslayer2001|Stealth Rock|[from] move: Defog|[of] p1a: Ho-Oh
|
|-damage|p2a: Arceus|64/100 tox|[from] psn
|-damage|p1a: Ho-Oh|94/100 tox|[from] psn
|upkeep
|turn|4
|
|t:|1662120462
|switch|p2a: Rayquaza|Rayquaza|100/100
|-ability|p2a: Rayquaza|Air Lock
|move|p1a: Ho-Oh|Defog|p2a: Rayquaza
|-unboost|p2a: Rayquaza|evasion|1
|
|-damage|p1a: Ho-Oh|82/100 tox|[from] psn
|upkeep
|turn|5
|
|t:|1662120467
|switch|p1a: Necrozma|Necrozma-Dusk-Mane|100/100
|detailschange|p2a: Rayquaza|Rayquaza-Mega
|-mega|p2a: Rayquaza|Rayquaza|
|-weather|DeltaStream|[from] ability: Delta Stream|[of] p2a: Rayquaza
|move|p2a: Rayquaza|Dragon Dance|p2a: Rayquaza
|-boost|p2a: Rayquaza|atk|1
|-boost|p2a: Rayquaza|spe|1
|
|-weather|DeltaStream|[upkeep]
|upkeep
|turn|6
|
|t:|1662120470
|switch|p1a: Arceus|Arceus-Water|100/100
|move|p2a: Rayquaza|V-create|p1a: Arceus
|-resisted|p1a: Arceus
|-damage|p1a: Arceus|73/100
|-unboost|p2a: Rayquaza|spe|1
|-unboost|p2a: Rayquaza|def|1
|-unboost|p2a: Rayquaza|spd|1
|
|-weather|DeltaStream|[upkeep]
|upkeep
|turn|7
|
|t:|1662120477
|switch|p1a: Necrozma|Necrozma-Dusk-Mane|100/100
|move|p2a: Rayquaza|Dragon Ascent|p1a: Necrozma
|-resisted|p1a: Necrozma
|-damage|p1a: Necrozma|68/100
|-unboost|p2a: Rayquaza|def|1
|-unboost|p2a: Rayquaza|spd|1
|-damage|p2a: Rayquaza|84/100|[from] item: Rocky Helmet|[of] p1a: Necrozma
|
|-weather|DeltaStream|[upkeep]
|upkeep
|turn|8
|
|t:|1662120483
|-weather|none
|switch|p2a: Groudon|Groudon, shiny|100/100
|detailschange|p2a: Groudon|Groudon-Primal, shiny
|-primal|p2a: Groudon
|-weather|DesolateLand|[from] ability: Desolate Land|[of] p2a: Groudon
|switch|p1a: Arceus|Arceus-Water|73/100
|
|-weather|DesolateLand|[upkeep]
|upkeep
|turn|9
|
|t:|1662120489
|move|p1a: Arceus|Perish Song|p1a: Arceus
|-start|p1a: Arceus|perish3|[silent]
|-start|p2a: Groudon|perish3|[silent]
|-fieldactivate|move: Perish Song
|move|p2a: Groudon|Dragon Tail|p1a: Arceus
|-damage|p1a: Arceus|60/100
|drag|p1a: Necrozma|Necrozma-Dusk-Mane|68/100
|
|-weather|DesolateLand|[upkeep]
|-start|p2a: Groudon|perish3
|upkeep
|turn|10
|
|t:|1662120494
|switch|p1a: Ho-Oh|Ho-Oh, shiny|100/100 tox
|move|p2a: Groudon|Dragon Tail|p1a: Ho-Oh
|-damage|p1a: Ho-Oh|84/100 tox
|drag|p1a: Arceus|Arceus-Water|60/100
|
|-weather|DesolateLand|[upkeep]
|-start|p2a: Groudon|perish2
|upkeep
|turn|11
|
|t:|1662120499
|move|p1a: Arceus|Recover|p1a: Arceus
|-heal|p1a: Arceus|100/100
|move|p2a: Groudon|Precipice Blades|p1a: Arceus
|-damage|p1a: Arceus|59/100
|
|-weather|DesolateLand|[upkeep]
|-start|p2a: Groudon|perish1
|upkeep
|turn|12
|
|t:|1662120503
|-weather|none
|switch|p2a: Rayquaza|Rayquaza-Mega|84/100
|-weather|DeltaStream|[from] ability: Delta Stream|[of] p2a: Rayquaza
|move|p1a: Arceus|Perish Song|p1a: Arceus
|-start|p1a: Arceus|perish3|[silent]
|-start|p2a: Rayquaza|perish3|[silent]
|-fieldactivate|move: Perish Song
|
|-weather|DeltaStream|[upkeep]
|-start|p2a: Rayquaza|perish3
|-start|p1a: Arceus|perish3
|upkeep
|turn|13
|
|t:|1662120509
|move|p2a: Rayquaza|Dragon Dance|p2a: Rayquaza
|-boost|p2a: Rayquaza|atk|1
|-boost|p2a: Rayquaza|spe|1
|move|p1a: Arceus|Whirlpool|p2a: Rayquaza
|-resisted|p2a: Rayquaza
|-damage|p2a: Rayquaza|76/100
|-activate|p2a: Rayquaza|move: Whirlpool|[of] p1a: Arceus
|
|-weather|DeltaStream|[upkeep]
|-damage|p2a: Rayquaza|63/100|[from] move: Whirlpool|[partiallytrapped]
|-start|p2a: Rayquaza|perish2
|-start|p1a: Arceus|perish2
|upkeep
|turn|14
|
|t:|1662120532
|move|p2a: Rayquaza|Dragon Ascent|p1a: Arceus
|-damage|p1a: Arceus|0 fnt
|-unboost|p2a: Rayquaza|def|1
|-unboost|p2a: Rayquaza|spd|1
|faint|p1a: Arceus
|
|-weather|DeltaStream|[upkeep]
|-end|p2a: Rayquaza|Whirlpool|[partiallytrapped]|[silent]
|-start|p2a: Rayquaza|perish1
|upkeep
|
|t:|1662120542
|switch|p1a: Zygarde|Zygarde, shiny|94/100 tox
|turn|15
|
|t:|1662120545
|-weather|none
|switch|p2a: Arceus|Arceus-Ground|64/100 tox
|move|p1a: Zygarde|Toxic|p2a: Arceus
|-fail|p2a: Arceus|tox
|
|-damage|p2a: Arceus|58/100 tox|[from] psn
|-damage|p1a: Zygarde|88/100 tox|[from] psn
|upkeep
|turn|16
|
|t:|1662120549
|switch|p1a: Chansey|Chansey, F, shiny|100/100
|move|p2a: Arceus|Recover|p2a: Arceus
|-heal|p2a: Arceus|100/100 tox
|
|-damage|p2a: Arceus|88/100 tox|[from] psn
|upkeep
|turn|17
|
|t:|1662120554
|switch|p2a: Rayquaza|Rayquaza-Mega|63/100
|-weather|DeltaStream|[from] ability: Delta Stream|[of] p2a: Rayquaza
|move|p1a: Chansey|Aromatherapy|p1a: Chansey
|-activate|p1a: Chansey|move: Aromatherapy
|-curestatus|p1: Zygarde|tox|[msg]
|-curestatus|p1: Ho-Oh|tox|[msg]
|
|-weather|DeltaStream|[upkeep]
|upkeep
|turn|18
|
|t:|1662120561
|switch|p1a: Zygarde|Zygarde, shiny|88/100
|move|p2a: Rayquaza|Dragon Dance|p2a: Rayquaza
|-boost|p2a: Rayquaza|atk|1
|-boost|p2a: Rayquaza|spe|1
|
|-weather|DeltaStream|[upkeep]
|upkeep
|turn|19
|
|t:|1662120565
|move|p2a: Rayquaza|Dragon Dance|p2a: Rayquaza
|-boost|p2a: Rayquaza|atk|1
|-boost|p2a: Rayquaza|spe|1
|move|p1a: Zygarde|Toxic|p2a: Rayquaza
|-status|p2a: Rayquaza|tox
|
|-weather|DeltaStream|[upkeep]
|-damage|p2a: Rayquaza|57/100 tox|[from] psn
|upkeep
|turn|20
|
|t:|1662120571
|move|p2a: Rayquaza|Dragon Dance|p2a: Rayquaza
|-boost|p2a: Rayquaza|atk|1
|-boost|p2a: Rayquaza|spe|1
|move|p1a: Zygarde|Haze|p1a: Zygarde
|-clearallboost
|
|-weather|DeltaStream|[upkeep]
|-damage|p2a: Rayquaza|45/100 tox|[from] psn
|upkeep
|turn|21
|
|t:|1662120579
|-weather|none
|switch|p2a: Arceus|Arceus-Ground|88/100 tox
|move|p1a: Zygarde|Haze|p1a: Zygarde
|-clearallboost
|
|-damage|p2a: Arceus|82/100 tox|[from] psn
|upkeep
|turn|22
|
|t:|1662120585
|move|p2a: Arceus|Toxic|p1a: Zygarde
|-status|p1a: Zygarde|tox
|move|p1a: Zygarde|Thousand Arrows|p2a: Arceus
|-damage|p2a: Arceus|67/100 tox
|
|-damage|p2a: Arceus|55/100 tox|[from] psn
|-damage|p1a: Zygarde|82/100 tox|[from] psn
|upkeep
|turn|23
|
|t:|1662120587
|move|p2a: Arceus|Recover|p2a: Arceus
|-heal|p2a: Arceus|100/100 tox
|move|p1a: Zygarde|Thousand Arrows|p2a: Arceus
|-damage|p2a: Arceus|83/100 tox
|
|-damage|p2a: Arceus|65/100 tox|[from] psn
|-damage|p1a: Zygarde|70/100 tox|[from] psn
|upkeep
|turn|24
|
|t:|1662120589
|switch|p1a: Chansey|Chansey, F, shiny|100/100
|move|p2a: Arceus|Judgment|p1a: Chansey
|-damage|p1a: Chansey|89/100
|
|-damage|p2a: Arceus|40/100 tox|[from] psn
|upkeep
|turn|25
|
|t:|1662120592
|move|p2a: Arceus|Recover|p2a: Arceus
|-heal|p2a: Arceus|90/100 tox
|move|p1a: Chansey|Seismic Toss|p2a: Arceus
|-damage|p2a: Arceus|68/100 tox
|
|-damage|p2a: Arceus|37/100 tox|[from] psn
|upkeep
|turn|26
|
|t:|1662120595
|move|p2a: Arceus|Recover|p2a: Arceus
|-heal|p2a: Arceus|87/100 tox
|move|p1a: Chansey|Seismic Toss|p2a: Arceus
|-damage|p2a: Arceus|65/100 tox
|
|-damage|p2a: Arceus|28/100 tox|[from] psn
|upkeep
|turn|27
|
|t:|1662120598
|switch|p2a: Calyrex|Calyrex-Shadow|100/100
|-ability|p2a: Calyrex|As One
|-ability|p2a: Calyrex|Unnerve
|move|p1a: Chansey|Seismic Toss|p2a: Calyrex
|-immune|p2a: Calyrex
|
|upkeep
|turn|28
|
|t:|1662120606
|switch|p2a: Arceus|Arceus-Ground|28/100 tox
|switch|p1a: Arceus|Arceus-Dark|100/100
|
|-damage|p2a: Arceus|22/100 tox|[from] psn
|upkeep
|turn|29
|
|t:|1662120608
|move|p1a: Arceus|Judgment|p2a: Arceus
|-damage|p2a: Arceus|0 fnt
|faint|p2a: Arceus
|
|upkeep
|
|t:|1662120612
|switch|p2a: Tyranitar|Tyranitar, F|100/100
|-weather|Sandstorm|[from] ability: Sand Stream|[of] p2a: Tyranitar
|turn|30
|
|t:|1662120616
|move|p1a: Arceus|Calm Mind|p1a: Arceus
|-boost|p1a: Arceus|spa|1
|-boost|p1a: Arceus|spd|1
|move|p2a: Tyranitar|Stone Edge|p1a: Arceus
|-damage|p1a: Arceus|67/100
|
|-weather|Sandstorm|[upkeep]
|-damage|p1a: Arceus|61/100|[from] Sandstorm
|upkeep
|turn|31
|
|t:|1662120629
|move|p1a: Arceus|Recover|p1a: Arceus
|-heal|p1a: Arceus|100/100
|move|p2a: Tyranitar|Foul Play|p1a: Arceus
|-resisted|p1a: Arceus
|-damage|p1a: Arceus|92/100
|
|-weather|Sandstorm|[upkeep]
|-damage|p1a: Arceus|86/100|[from] Sandstorm
|upkeep
|turn|32
|
|t:|1662120636
|move|p1a: Arceus|Calm Mind|p1a: Arceus
|-boost|p1a: Arceus|spa|1
|-boost|p1a: Arceus|spd|1
|move|p2a: Tyranitar|Stone Edge|p1a: Arceus
|-damage|p1a: Arceus|58/100
|
|-weather|Sandstorm|[upkeep]
|-damage|p1a: Arceus|52/100|[from] Sandstorm
|upkeep
|turn|33
|
|t:|1662120644
|move|p1a: Arceus|Calm Mind|p1a: Arceus
|-boost|p1a: Arceus|spa|1
|-boost|p1a: Arceus|spd|1
|move|p2a: Tyranitar|Stone Edge|p1a: Arceus
|-crit|p1a: Arceus
|-damage|p1a: Arceus|1/100
|
|-weather|Sandstorm|[upkeep]
|-damage|p1a: Arceus|0 fnt|[from] Sandstorm
|faint|p1a: Arceus
|upkeep
|c|☆Pikaslayer2001|Seriously
|
|t:|1662120662
|switch|p1a: Necrozma|Necrozma-Dusk-Mane|68/100
|turn|34
|
|t:|1662120667
|switch|p2a: Rayquaza|Rayquaza-Mega|45/100 tox
|-weather|DeltaStream|[from] ability: Delta Stream|[of] p2a: Rayquaza
|move|p1a: Necrozma|Stealth Rock|p2a: Rayquaza
|-sidestart|p2: Better Alone|move: Stealth Rock
|
|-weather|DeltaStream|[upkeep]
|-damage|p2a: Rayquaza|38/100 tox|[from] psn
|upkeep
|turn|35
|
|t:|1662120673
|move|p2a: Rayquaza|Dragon Dance|p2a: Rayquaza
|-boost|p2a: Rayquaza|atk|1
|-boost|p2a: Rayquaza|spe|1
|move|p1a: Necrozma|Morning Sun|p1a: Necrozma
|-heal|p1a: Necrozma|100/100
|
|-weather|DeltaStream|[upkeep]
|-damage|p2a: Rayquaza|26/100 tox|[from] psn
|upkeep
|turn|36
|
|t:|1662120678
|switch|p1a: Ho-Oh|Ho-Oh, shiny|100/100
|move|p2a: Rayquaza|V-create|p1a: Ho-Oh
|-resisted|p1a: Ho-Oh
|-damage|p1a: Ho-Oh|58/100
|-unboost|p2a: Rayquaza|spe|1
|-unboost|p2a: Rayquaza|def|1
|-unboost|p2a: Rayquaza|spd|1
|
|-weather|DeltaStream|[upkeep]
|-damage|p2a: Rayquaza|7/100 tox|[from] psn
|upkeep
|turn|37
|
|t:|1662120684
|switch|p1a: Necrozma|Necrozma-Dusk-Mane|100/100
|move|p2a: Rayquaza|Dragon Ascent|p1a: Necrozma
|-resisted|p1a: Necrozma
|-damage|p1a: Necrozma|67/100
|-unboost|p2a: Rayquaza|def|1
|-unboost|p2a: Rayquaza|spd|1
|-damage|p2a: Rayquaza|0 fnt|[from] item: Rocky Helmet|[of] p1a: Necrozma
|faint|p2a: Rayquaza
|-weather|none
|
|upkeep
|
|t:|1662120696
|switch|p2a: Groudon|Groudon-Primal, shiny|100/100
|-damage|p2a: Groudon|88/100|[from] Stealth Rock
|-weather|DesolateLand|[from] ability: Desolate Land|[of] p2a: Groudon
|turn|38
|
|t:|1662120705
|switch|p1a: Zygarde|Zygarde, shiny|70/100 tox
|move|p2a: Groudon|Dragon Tail|p1a: Zygarde
|-supereffective|p1a: Zygarde
|-damage|p1a: Zygarde|42/100 tox
|drag|p1a: Necrozma|Necrozma-Dusk-Mane|67/100
|
|-weather|DesolateLand|[upkeep]
|upkeep
|turn|39
|
|t:|1662120713
|move|p2a: Groudon|Fire Punch|p1a: Necrozma
|-supereffective|p1a: Necrozma
|-crit|p1a: Necrozma
|-damage|p1a: Necrozma|0 fnt
|-damage|p2a: Groudon|72/100|[from] item: Rocky Helmet|[of] p1a: Necrozma
|faint|p1a: Necrozma
|
|-weather|DesolateLand|[upkeep]
|upkeep
|
|t:|1662120716
|switch|p1a: Zygarde|Zygarde, shiny|42/100 tox
|turn|40
|
|t:|1662120721
|move|p1a: Zygarde|Rest|p1a: Zygarde
|-status|p1a: Zygarde|slp|[from] move: Rest
|-heal|p1a: Zygarde|100/100 slp|[silent]
|move|p2a: Groudon|Dragon Tail|p1a: Zygarde
|-supereffective|p1a: Zygarde
|-damage|p1a: Zygarde|71/100 slp
|drag|p1a: Ho-Oh|Ho-Oh, shiny|92/100
|
|-weather|DesolateLand|[upkeep]
|upkeep
|turn|41
|
|t:|1662120730
|move|p2a: Groudon|Rock Tomb|p1a: Ho-Oh
|-supereffective|p1a: Ho-Oh
|-damage|p1a: Ho-Oh|24/100
|-unboost|p1a: Ho-Oh|spe|1
|move|p1a: Ho-Oh|Toxic|p2a: Groudon
|-status|p2a: Groudon|tox
|
|-weather|DesolateLand|[upkeep]
|-damage|p2a: Groudon|66/100 tox|[from] psn
|upkeep
|turn|42
|
|t:|1662120734
|switch|p1a: Zygarde|Zygarde, shiny|71/100 slp
|move|p2a: Groudon|Dragon Tail|p1a: Zygarde
|-supereffective|p1a: Zygarde
|-damage|p1a: Zygarde|44/100 slp
|drag|p1a: Chansey|Chansey, F, shiny|89/100
|
|-weather|DesolateLand|[upkeep]
|-damage|p2a: Groudon|53/100 tox|[from] psn
|upkeep
|turn|43
|
|t:|1662120738
|-weather|none
|switch|p2a: Tyranitar|Tyranitar, F|100/100
|-damage|p2a: Tyranitar|88/100|[from] Stealth Rock
|-weather|Sandstorm|[from] ability: Sand Stream|[of] p2a: Tyranitar
|move|p1a: Chansey|Soft-Boiled|p1a: Chansey
|-heal|p1a: Chansey|100/100
|
|-weather|Sandstorm|[upkeep]
|-damage|p1a: Chansey|94/100|[from] Sandstorm
|upkeep
|turn|44
|
|t:|1662120743
|switch|p1a: Zygarde|Zygarde, shiny|44/100 slp
|move|p2a: Tyranitar|Stone Edge|p1a: Zygarde|[miss]
|-miss|p2a: Tyranitar|p1a: Zygarde
|
|-weather|Sandstorm|[upkeep]
|-activate|p1a: Zygarde|ability: Power Construct
|detailschange|p1a: Zygarde|Zygarde-Complete, shiny
|-heal|p1a: Zygarde|63/100 slp|[silent]
|upkeep
|turn|45
|
|t:|1662120753
|cant|p1a: Zygarde|slp
|move|p2a: Tyranitar|Stone Edge|p1a: Zygarde
|-resisted|p1a: Zygarde
|-damage|p1a: Zygarde|53/100 slp
|
|-weather|Sandstorm|[upkeep]
|upkeep
|turn|46
|
|t:|1662120757
|cant|p1a: Zygarde|slp
|move|p2a: Tyranitar|Foul Play|p1a: Zygarde
|-damage|p1a: Zygarde|41/100 slp
|
|-weather|Sandstorm|[upkeep]
|upkeep
|turn|47
|
|t:|1662120761
|-curestatus|p1a: Zygarde|slp|[msg]
|move|p1a: Zygarde|Thousand Arrows|p2a: Tyranitar
|-supereffective|p2a: Tyranitar
|-damage|p2a: Tyranitar|33/100
|move|p2a: Tyranitar|Foul Play|p1a: Zygarde
|-damage|p1a: Zygarde|30/100
|
|-weather|none
|upkeep
|turn|48
|
|t:|1662120769
|move|p1a: Zygarde|Rest|p1a: Zygarde
|-status|p1a: Zygarde|slp|[from] move: Rest
|-heal|p1a: Zygarde|100/100 slp|[silent]
|move|p2a: Tyranitar|Stone Edge|p1a: Zygarde
|-resisted|p1a: Zygarde
|-crit|p1a: Zygarde
|-damage|p1a: Zygarde|87/100 slp
|
|upkeep
|turn|49
|
|t:|1662120775
|cant|p1a: Zygarde|slp
|move|p2a: Tyranitar|Foul Play|p1a: Zygarde
|-crit|p1a: Zygarde
|-damage|p1a: Zygarde|70/100 slp
|
|upkeep
|turn|50
|
|t:|1662120779
|cant|p1a: Zygarde|slp
|move|p2a: Tyranitar|Foul Play|p1a: Zygarde
|-damage|p1a: Zygarde|60/100 slp
|
|upkeep
|turn|51
|
|t:|1662120782
|-curestatus|p1a: Zygarde|slp|[msg]
|move|p1a: Zygarde|Thousand Arrows|p2a: Tyranitar
|-supereffective|p2a: Tyranitar
|-damage|p2a: Tyranitar|0 fnt
|faint|p2a: Tyranitar
|
|upkeep
|j| TaxFraud094
|
|t:|1662120786
|switch|p2a: Calyrex|Calyrex-Shadow|100/100
|-ability|p2a: Calyrex|As One
|-ability|p2a: Calyrex|Unnerve
|-damage|p2a: Calyrex|88/100|[from] Stealth Rock
|turn|52
|
|t:|1662120793
|move|p2a: Calyrex|Psyshock|p1a: Zygarde
|-damage|p1a: Zygarde|43/100
|move|p1a: Zygarde|Toxic|p2a: Calyrex
|-status|p2a: Calyrex|tox
|
|-damage|p2a: Calyrex|82/100 tox|[from] psn
|upkeep
|turn|53
|
|t:|1662120799
|move|p2a: Calyrex|Psyshock|p1a: Zygarde
|-damage|p1a: Zygarde|24/100
|move|p1a: Zygarde|Rest|p1a: Zygarde
|-status|p1a: Zygarde|slp|[from] move: Rest
|-heal|p1a: Zygarde|100/100 slp|[silent]
|
|-damage|p2a: Calyrex|70/100 tox|[from] psn
|upkeep
|turn|54
|
|t:|1662120802
|switch|p2a: Groudon|Groudon-Primal, shiny|53/100 tox
|-damage|p2a: Groudon|41/100 tox|[from] Stealth Rock
|-weather|DesolateLand|[from] ability: Desolate Land|[of] p2a: Groudon
|switch|p1a: Chansey|Chansey, F, shiny|94/100
|
|-weather|DesolateLand|[upkeep]
|-damage|p2a: Groudon|35/100 tox|[from] psn
|upkeep
|turn|55
|
|t:|1662120810
|-weather|none
|switch|p2a: Ditto|Ditto|100/100
|-damage|p2a: Ditto|88/100|[from] Stealth Rock
|-transform|p2a: Ditto|p1a: Chansey|[from] ability: Imposter
|switch|p1a: Ho-Oh|Ho-Oh, shiny|57/100
|
|upkeep
|turn|56
|
|t:|1662120817
|move|p1a: Ho-Oh|Sacred Fire|p2a: Ditto
|-crit|p2a: Ditto
|-damage|p2a: Ditto|0 fnt
|faint|p2a: Ditto
|
|upkeep
|
|t:|1662120822
|switch|p2a: Groudon|Groudon-Primal, shiny|35/100 tox
|-damage|p2a: Groudon|22/100 tox|[from] Stealth Rock
|-weather|DesolateLand|[from] ability: Desolate Land|[of] p2a: Groudon
|turn|57
|
|t:|1662120825
|switch|p1a: Zygarde|Zygarde-Complete, shiny|100/100 slp
|move|p2a: Groudon|Dragon Tail|p1a: Zygarde
|-supereffective|p1a: Zygarde
|-damage|p1a: Zygarde|80/100 slp
|drag|p1a: Chansey|Chansey, F, shiny|94/100
|
|-weather|DesolateLand|[upkeep]
|-damage|p2a: Groudon|16/100 tox|[from] psn
|upkeep
|turn|58
|
|t:|1662120830
|switch|p1a: Ho-Oh|Ho-Oh, shiny|91/100
|move|p2a: Groudon|Fire Punch|p1a: Ho-Oh
|-resisted|p1a: Ho-Oh
|-damage|p1a: Ho-Oh|65/100
|
|-weather|DesolateLand|[upkeep]
|-damage|p2a: Groudon|4/100 tox|[from] psn
|upkeep
|turn|59
|
|t:|1662120845
|move|p2a: Groudon|Rock Tomb|p1a: Ho-Oh
|-supereffective|p1a: Ho-Oh
|-damage|p1a: Ho-Oh|0 fnt
|faint|p1a: Ho-Oh
|
|-weather|DesolateLand|[upkeep]
|-damage|p2a: Groudon|0 fnt|[from] psn
|faint|p2a: Groudon
|-weather|none
|upkeep
|
|t:|1662120848
|switch|p2a: Calyrex|Calyrex-Shadow|70/100 tox
|switch|p1a: Chansey|Chansey, F, shiny|94/100
|-ability|p2a: Calyrex|As One
|-ability|p2a: Calyrex|Unnerve
|-damage|p2a: Calyrex|58/100 tox|[from] Stealth Rock
|turn|60
|
|t:|1662120856
|switch|p1a: Zygarde|Zygarde-Complete, shiny|80/100 slp
|-start|p2a: Calyrex|Dynamax|
|-heal|p2a: Calyrex|58/100 tox|[silent]
|move|p2a: Calyrex|Max Mindstorm|p1a: Zygarde
|-damage|p1a: Zygarde|35/100 slp
|-fieldstart|move: Psychic Terrain
|
|-damage|p2a: Calyrex|54/100 tox|[from] psn
|upkeep
|turn|61
|
|t:|1662120860
|switch|p1a: Chansey|Chansey, F, shiny|94/100
|move|p2a: Calyrex|Max Mindstorm|p1a: Chansey
|-damage|p1a: Chansey|68/100
|
|-damage|p2a: Calyrex|48/100 tox|[from] psn
|upkeep
|turn|62
|
|t:|1662120863
|move|p2a: Calyrex|Max Mindstorm|p1a: Chansey
|-damage|p1a: Chansey|43/100
|move|p1a: Chansey|Confide|p2a: Calyrex
|-unboost|p2a: Calyrex|spa|1
|
|-damage|p2a: Calyrex|39/100 tox|[from] psn
|upkeep
|-end|p2a: Calyrex|Dynamax
|-heal|p2a: Calyrex|39/100 tox|[silent]
|turn|63
|
|t:|1662120869
|switch|p1a: Zygarde|Zygarde-Complete, shiny|35/100 slp
|move|p2a: Calyrex|Psyshock|p1a: Zygarde
|-damage|p1a: Zygarde|20/100 slp
|
|-damage|p2a: Calyrex|15/100 tox|[from] psn
|upkeep
|turn|64
|
|t:|1662120875
|move|p2a: Calyrex|Psyshock|p1a: Zygarde
|-damage|p1a: Zygarde|6/100 slp
|cant|p1a: Zygarde|slp
|
|-damage|p2a: Calyrex|0 fnt|[from] psn
|faint|p2a: Calyrex
|
|win|Pikaslayer2001
|upkeep
|raw|Pikaslayer2001's rating: 1790 &rarr; <strong>1810</strong><br />(+20 for winning)
|raw|Better Alone's rating: 1795 &rarr; <strong>1775</strong><br />(-20 for losing)
|l|☆Better Alone
||Ladder isn't responding, score probably updated but might not have (Request timeout).
