|j|☆immaclapu
|j|☆BigDuckie
|t:|1597370054
|player|p1|immaclapu|red|1789
|player|p2|BigDuckie|acetrainer|1584
|teamsize|p1|6
|teamsize|p2|6
|gametype|singles
|gen|8
|tier|[Gen 8] National Dex AG
|rated|
|clearpoke
|poke|p1|Arceus-*|
|poke|p1|Groudon|
|poke|p1|Rayquaza|
|poke|p1|Marshadow|
|poke|p1|Necrozma-Dusk-Mane|
|poke|p1|Yveltal|
|poke|p2|Zacian-Crowned|
|poke|p2|Yveltal|
|poke|p2|Groudon|
|poke|p2|Rayquaza|
|poke|p2|Arceus-*|
|poke|p2|Lugia|
|rule|HP Percentage Mod: HP is shown in percentages
|rule|Endless Battle Clause: Forcing endless battles is banned
|teampreview
|
|t:|1597370076
|start
|switch|p1a: Landmaster|Arceus-Ground|100/100
|switch|p2a: Doom|Yveltal, shiny|100/100
|-ability|p2a: Doom|Dark Aura
|turn|1
|
|t:|1597370085
|-start|p2a: Doom|Dynamax
|-heal|p2a: Doom|100/100|[silent]
|move|p2a: Doom|Max Airstream|p1a: Landmaster
|-damage|p1a: Landmaster|40/100
|-boost|p2a: Doom|spe|1
|-damage|p2a: Doom|96/100|[from] item: Life Orb
|move|p1a: Landmaster|Ice Beam|p2a: Doom
|-supereffective|p2a: Doom
|-damage|p2a: Doom|68/100
|
|upkeep
|turn|2
|
|t:|1597370097
|move|p2a: Doom|Max Airstream|p1a: Landmaster
|-damage|p1a: Landmaster|0 fnt
|-boost|p2a: Doom|spe|1
|-damage|p2a: Doom|63/100|[from] item: Life Orb
|faint|p1a: Landmaster
|
|upkeep
|
|t:|1597370104
|switch|p1a: Join the darkside|Yveltal|100/100
|-ability|p1a: Join the darkside|Dark Aura
|turn|3
|
|t:|1597370110
|-start|p1a: Join the darkside|Dynamax
|-heal|p1a: Join the darkside|100/100|[silent]
|move|p1a: Join the darkside|Max Guard|p1a: Join the darkside
|-singleturn|p1a: Join the darkside|Max Guard
|move|p2a: Doom|Max Airstream|p1a: Join the darkside
|-activate|p1a: Join the darkside|move: Max Guard
|
|-end|p2a: Doom|Dynamax
|-heal|p2a: Doom|63/100|[silent]
|upkeep
|turn|4
|
|t:|1597370120
|move|p2a: Doom|Oblivion Wing|p1a: Join the darkside
|-damage|p1a: Join the darkside|78/100
|-heal|p2a: Doom|97/100|[from] drain|[of] p1a: Join the darkside
|-damage|p2a: Doom|87/100|[from] item: Life Orb
|move|p1a: Join the darkside|Max Airstream|p2a: Doom
|-damage|p2a: Doom|9/100
|-boost|p1a: Join the darkside|spe|1
|-damage|p1a: Join the darkside|73/100|[from] item: Life Orb
|
|upkeep
|turn|5
|
|t:|1597370144
|move|p2a: Doom|Oblivion Wing|p1a: Join the darkside
|-damage|p1a: Join the darkside|50/100
|-heal|p2a: Doom|44/100|[from] drain|[of] p1a: Join the darkside
|-damage|p2a: Doom|34/100|[from] item: Life Orb
|move|p1a: Join the darkside|Max Airstream|p2a: Doom
|-damage|p2a: Doom|0 fnt
|-boost|p1a: Join the darkside|spe|1
|-damage|p1a: Join the darkside|45/100|[from] item: Life Orb
|faint|p2a: Doom
|
|-end|p1a: Join the darkside|Dynamax
|-heal|p1a: Join the darkside|45/100|[silent]
|upkeep
|
|t:|1597370152
|switch|p2a: Titan|Groudon, shiny|100/100
|detailschange|p2a: Titan|Groudon-Primal, shiny
|-primal|p2a: Titan
|-weather|DesolateLand|[from] ability: Desolate Land|[of] p2a: Titan
|turn|6
|
|t:|1597370162
|move|p1a: Join the darkside|Dark Pulse|p2a: Titan
|-damage|p2a: Titan|9/100
|-damage|p1a: Join the darkside|35/100|[from] item: Life Orb
|move|p2a: Titan|Stone Edge|p1a: Join the darkside|[miss]
|-miss|p2a: Titan|p1a: Join the darkside
|
|-weather|DesolateLand|[upkeep]
|upkeep
|turn|7
|
|t:|1597370170
|move|p1a: Join the darkside|Oblivion Wing|p2a: Titan
|-damage|p2a: Titan|0 fnt
|-heal|p1a: Join the darkside|40/100|[from] drain|[of] p2a: Titan
|-damage|p1a: Join the darkside|31/100|[from] item: Life Orb
|faint|p2a: Titan
|-weather|none
|
|upkeep
|
|t:|1597370189
|switch|p2a: Arceus|Arceus-Ghost|100/100
|turn|8
|
|t:|1597370194
|move|p2a: Arceus|Extreme Speed|p1a: Join the darkside
|-damage|p1a: Join the darkside|6/100
|move|p1a: Join the darkside|Dark Pulse|p2a: Arceus
|-supereffective|p2a: Arceus
|-damage|p2a: Arceus|0 fnt
|-damage|p1a: Join the darkside|0 fnt|[from] item: Life Orb
|faint|p2a: Arceus
|faint|p1a: Join the darkside
|
|upkeep
|
|t:|1597370206
|switch|p2a: Dargeon|Rayquaza|100/100
|switch|p1a: Piss ur pants now|Rayquaza|100/100
|-ability|p1a: Piss ur pants now|Air Lock
|-ability|p2a: Dargeon|Air Lock
|turn|9
|
|t:|1597370217
|detailschange|p1a: Piss ur pants now|Rayquaza-Mega
|-mega|p1a: Piss ur pants now|Rayquaza|
|-weather|DeltaStream|[from] ability: Delta Stream|[of] p1a: Piss ur pants now
|detailschange|p2a: Dargeon|Rayquaza-Mega
|-mega|p2a: Dargeon|Rayquaza|
|move|p1a: Piss ur pants now|Draco Meteor|p2a: Dargeon
|-supereffective|p2a: Dargeon
|-enditem|p2a: Dargeon|Focus Sash
|-damage|p2a: Dargeon|1/100
|-unboost|p1a: Piss ur pants now|spa|2
|move|p2a: Dargeon|Dragon Dance|p2a: Dargeon
|-boost|p2a: Dargeon|atk|1
|-boost|p2a: Dargeon|spe|1
|
|-weather|DeltaStream|[upkeep]
|upkeep
|turn|10
|
|t:|1597370224
|move|p1a: Piss ur pants now|Draco Meteor|p2a: Dargeon
|-supereffective|p2a: Dargeon
|-damage|p2a: Dargeon|0 fnt
|-unboost|p1a: Piss ur pants now|spa|2
|faint|p2a: Dargeon
|
|-weather|DeltaStream|[upkeep]
|upkeep
|
|t:|1597370229
|switch|p2a: Sword Doggo|Zacian-Crowned|100/100
|-ability|p2a: Sword Doggo|Intrepid Sword|boost
|-boost|p2a: Sword Doggo|atk|1
|turn|11
|
|t:|1597370235
|-weather|none
|switch|p1a: Landlord|Groudon|100/100
|detailschange|p1a: Landlord|Groudon-Primal
|-primal|p1a: Landlord
|-weather|DesolateLand|[from] ability: Desolate Land|[of] p1a: Landlord
|move|p2a: Sword Doggo|Swords Dance|p2a: Sword Doggo
|-boost|p2a: Sword Doggo|atk|2
|
|-weather|DesolateLand|[upkeep]
|upkeep
|turn|12
|
|t:|1597370245
|move|p2a: Sword Doggo|Behemoth Blade|p1a: Landlord
|-resisted|p1a: Landlord
|-damage|p1a: Landlord|60/100
|move|p1a: Landlord|Fire Punch|p2a: Sword Doggo
|-supereffective|p2a: Sword Doggo
|-damage|p2a: Sword Doggo|0 fnt
|faint|p2a: Sword Doggo
|
|-weather|DesolateLand|[upkeep]
|upkeep
|
|t:|1597370249
|switch|p2a: Lugia|Lugia|100/100
|turn|13
|c|☆immaclapu|nice predict
|c|☆BigDuckie|nice team
|c|☆BigDuckie|lol
|c|☆immaclapu|thanks
|c|☆BigDuckie|still have something to learn
|c|☆immaclapu|btw
|c|☆immaclapu|fir future reference
|c|☆BigDuckie|hmm?
|c|☆immaclapu|zacian never wins against groudon
|c|☆immaclapu|ive tried it
|c|☆BigDuckie|yea i know
|c|☆immaclapu|it never works
|c|☆immaclapu|maybe u woulda had a chance with crit close combat
|c|☆BigDuckie|Unless he learns like earthquake or soemthing
|
|t:|1597370303
|-weather|none
|switch|p1a: Achilles|Necrozma-Dusk-Mane|100/100
|move|p2a: Lugia|Toxic|p1a: Achilles
|-immune|p1a: Achilles
|
|upkeep
|turn|14
|c|☆immaclapu|other than that ur screwed
|c|☆immaclapu|yeah
|
|t:|1597370314
|move|p2a: Lugia|Ice Beam|p1a: Achilles
|-resisted|p1a: Achilles
|-damage|p1a: Achilles|93/100
|move|p1a: Achilles|Dragon Dance|p1a: Achilles
|-boost|p1a: Achilles|atk|1
|-boost|p1a: Achilles|spe|1
|
|upkeep
|turn|15
|c|☆BigDuckie|gotta go bai
|-message|BigDuckie forfeited.
|
|win|immaclapu
|l|☆BigDuckie
|c|☆immaclapu|lol
|raw|immaclapu's rating: 1789 &rarr; <strong>1798</strong><br />(+9 for winning)
|raw|BigDuckie's rating: 1584 &rarr; <strong>1574</strong><br />(-10 for losing)
|l|☆immaclapu
