|j|☆Irisxeno
|j|☆Tahz
|t:|1666500810
|gametype|singles
|player|p1|Irisxeno|nate|1701
|player|p2|Tahz|veteran|1782
|teamsize|p1|6
|teamsize|p2|6
|gen|8
|tier|[Gen 8] National Dex AG
|rated|
|rule|HP Percentage Mod: HP is shown in percentages
|rule|Endless Battle Clause: Forcing endless battles is banned
|clearpoke
|poke|p1|Grimmsnarl, M|
|poke|p1|Groudon|
|poke|p1|Yveltal|
|poke|p1|Calyrex-Shadow|
|poke|p1|Xerneas-*|
|poke|p1|Rayquaza|
|poke|p2|Arceus-*|
|poke|p2|Necrozma-Dusk-Mane|
|poke|p2|Ferrothorn, F|
|poke|p2|Zygarde|
|poke|p2|Yveltal|
|poke|p2|Kyogre|
|teampreview
|inactive|Battle timer is ON: inactive players will automatically lose when time's up. (requested by Tahz)
|
|t:|1666500824
|start
|switch|p1a: 超级绿毛虫|Rayquaza|100/100
|switch|p2a: Yveltal|Yveltal|100/100
|-ability|p1a: 超级绿毛虫|Air Lock
|-ability|p2a: Yveltal|Dark Aura
|turn|1
|
|t:|1666500833
|switch|p1a: 飞行五花肉|Yveltal|100/100
|-ability|p1a: 飞行五花肉|Dark Aura
|move|p2a: Yveltal|Foul Play|p1a: 飞行五花肉
|-resisted|p1a: 飞行五花肉
|-damage|p1a: 飞行五花肉|81/100
|
|upkeep
|turn|2
|
|t:|1666500839
|move|p2a: Yveltal|U-turn|p1a: 飞行五花肉
|-damage|p1a: 飞行五花肉|63/100
|
|t:|1666500846
|switch|p2a: Arceus|Arceus-Dark|100/100|[from]move: U-turn
|move|p1a: 飞行五花肉|Oblivion Wing|p2a: Arceus
|-damage|p2a: Arceus|74/100
|-heal|p1a: 飞行五花肉|85/100|[from] drain|[of] p2a: Arceus
|
|upkeep
|turn|3
|
|t:|1666500854
|move|p2a: Arceus|Recover|p2a: Arceus
|-heal|p2a: Arceus|100/100
|move|p1a: 飞行五花肉|Focus Blast|p2a: Arceus
|-supereffective|p2a: Arceus
|-damage|p2a: Arceus|50/100
|
|upkeep
|turn|4
|
|t:|1666500866
|move|p2a: Arceus|Refresh||[still]
|-fail|p2a: Arceus
|move|p1a: 飞行五花肉|Oblivion Wing|p2a: Arceus
|-crit|p2a: Arceus
|-damage|p2a: Arceus|13/100
|-heal|p1a: 飞行五花肉|100/100|[from] drain|[of] p2a: Arceus
|
|upkeep
|turn|5
|
|t:|1666500873
|move|p2a: Arceus|Recover|p2a: Arceus
|-heal|p2a: Arceus|63/100
|move|p1a: 飞行五花肉|Focus Blast|p2a: Arceus|[miss]
|-miss|p1a: 飞行五花肉|p2a: Arceus
|
|upkeep
|turn|6
|
|t:|1666500879
|move|p2a: Arceus|Recover|p2a: Arceus
|-heal|p2a: Arceus|100/100
|move|p1a: 飞行五花肉|Focus Blast|p2a: Arceus
|-supereffective|p2a: Arceus
|-damage|p2a: Arceus|56/100
|
|upkeep
|turn|7
|
|t:|1666500890
|switch|p1a: 大地掌控鹿|Xerneas|100/100
|-ability|p1a: 大地掌控鹿|Fairy Aura
|move|p2a: Arceus|Recover|p2a: Arceus
|-heal|p2a: Arceus|100/100
|
|upkeep
|turn|8
|inactive|Tahz has 120 seconds left.
|
|t:|1666500923
|switch|p2a: Ferrothorn|Ferrothorn, F|100/100
|move|p1a: 大地掌控鹿|Geomancy||[still]
|-prepare|p1a: 大地掌控鹿|Geomancy
|-enditem|p1a: 大地掌控鹿|Power Herb
|-anim|p1a: 大地掌控鹿|Geomancy|p1a: 大地掌控鹿
|-boost|p1a: 大地掌控鹿|spa|2
|-boost|p1a: 大地掌控鹿|spd|2
|-boost|p1a: 大地掌控鹿|spe|2
|
|upkeep
|turn|9
|
|t:|1666500936
|move|p1a: 大地掌控鹿|Moonblast|p2a: Ferrothorn
|-resisted|p2a: Ferrothorn
|-damage|p2a: Ferrothorn|54/100
|move|p2a: Ferrothorn|Gyro Ball|p1a: 大地掌控鹿
|-supereffective|p1a: 大地掌控鹿
|-damage|p1a: 大地掌控鹿|30/100
|
|-heal|p2a: Ferrothorn|60/100|[from] item: Leftovers
|upkeep
|turn|10
|inactive|Tahz has 120 seconds left.
|
|t:|1666500952
|move|p1a: 大地掌控鹿|Moonblast|p2a: Ferrothorn
|-resisted|p2a: Ferrothorn
|-damage|p2a: Ferrothorn|14/100
|-unboost|p2a: Ferrothorn|spa|1
|move|p2a: Ferrothorn|Gyro Ball|p1a: 大地掌控鹿
|-supereffective|p1a: 大地掌控鹿
|-damage|p1a: 大地掌控鹿|0 fnt
|faint|p1a: 大地掌控鹿
|
|-heal|p2a: Ferrothorn|20/100|[from] item: Leftovers
|upkeep
|
|t:|1666500962
|switch|p1a: 原始不会飞|Groudon|100/100
|detailschange|p1a: 原始不会飞|Groudon-Primal
|-primal|p1a: 原始不会飞
|-weather|DesolateLand|[from] ability: Desolate Land|[of] p1a: 原始不会飞
|turn|11
|
|t:|1666500968
|switch|p2a: Zygarde|Zygarde, shiny|100/100
|move|p1a: 原始不会飞|Stealth Rock|p2a: Zygarde
|-sidestart|p2: Tahz|move: Stealth Rock
|
|-weather|DesolateLand|[upkeep]
|upkeep
|turn|12
|
|t:|1666500973
|-weather|none
|switch|p1a: 超级绿毛虫|Rayquaza|100/100
|-ability|p1a: 超级绿毛虫|Air Lock
|move|p2a: Zygarde|Glare|p1a: 超级绿毛虫
|-status|p1a: 超级绿毛虫|par
|
|upkeep
|turn|13
|
|t:|1666500981
|switch|p2a: Ferrothorn|Ferrothorn, F|20/100
|-damage|p2a: Ferrothorn|14/100|[from] Stealth Rock
|detailschange|p1a: 超级绿毛虫|Rayquaza-Mega
|-mega|p1a: 超级绿毛虫|Rayquaza|
|-weather|DeltaStream|[from] ability: Delta Stream|[of] p1a: 超级绿毛虫
|move|p1a: 超级绿毛虫|Outrage|p2a: Ferrothorn
|-resisted|p2a: Ferrothorn
|-damage|p2a: Ferrothorn|0 fnt
|-damage|p1a: 超级绿毛虫|88/100 par|[from] ability: Iron Barbs|[of] p2a: Ferrothorn
|faint|p2a: Ferrothorn
|
|-weather|DeltaStream|[upkeep]
|upkeep
|
|t:|1666500989
|switch|p2a: Necrozma|Necrozma-Dusk-Mane|100/100
|-damage|p2a: Necrozma|94/100|[from] Stealth Rock
|turn|14
|
|t:|1666500995
|move|p2a: Necrozma|Knock Off|p1a: 超级绿毛虫
|-damage|p1a: 超级绿毛虫|55/100 par
|-enditem|p1a: 超级绿毛虫|Choice Band|[from] move: Knock Off|[of] p2a: Necrozma
|cant|p1a: 超级绿毛虫|par
|
|-weather|DeltaStream|[upkeep]
|upkeep
|turn|15
|
|t:|1666501003
|move|p2a: Necrozma|Sunsteel Strike|p1a: 超级绿毛虫
|-damage|p1a: 超级绿毛虫|6/100 par
|move|p1a: 超级绿毛虫|V-create|p2a: Necrozma
|-supereffective|p2a: Necrozma
|-damage|p2a: Necrozma|31/100
|-unboost|p1a: 超级绿毛虫|spe|1
|-unboost|p1a: 超级绿毛虫|def|1
|-unboost|p1a: 超级绿毛虫|spd|1
|-damage|p1a: 超级绿毛虫|0 fnt|[from] item: Rocky Helmet|[of] p2a: Necrozma
|faint|p1a: 超级绿毛虫
|-weather|none
|
|upkeep
|
|t:|1666501021
|switch|p1a: Grimmsnarl|Grimmsnarl, M|100/100
|turn|16
|
|t:|1666501024
|move|p1a: Grimmsnarl|Taunt|p2a: Necrozma
|-start|p2a: Necrozma|move: Taunt
|cant|p2a: Necrozma|move: Taunt|Morning Sun
|
|upkeep
|turn|17
|
|t:|1666501031
|move|p1a: Grimmsnarl|Reflect|p1a: Grimmsnarl
|-sidestart|p1: Irisxeno|Reflect
|move|p2a: Necrozma|Sunsteel Strike|p1a: Grimmsnarl
|-supereffective|p1a: Grimmsnarl
|-damage|p1a: Grimmsnarl|59/100
|
|upkeep
|turn|18
|
|t:|1666501037
|move|p1a: Grimmsnarl|Light Screen|p1a: Grimmsnarl
|-sidestart|p1: Irisxeno|move: Light Screen
|move|p2a: Necrozma|Sunsteel Strike|p1a: Grimmsnarl
|-supereffective|p1a: Grimmsnarl
|-damage|p1a: Grimmsnarl|20/100
|
|-end|p2a: Necrozma|move: Taunt
|upkeep
|turn|19
|
|t:|1666501044
|move|p1a: Grimmsnarl|Taunt|p2a: Necrozma
|-start|p2a: Necrozma|move: Taunt
|move|p2a: Necrozma|Sunsteel Strike|p1a: Grimmsnarl
|-supereffective|p1a: Grimmsnarl
|-damage|p1a: Grimmsnarl|0 fnt
|faint|p1a: Grimmsnarl
|
|upkeep
|
|t:|1666501055
|switch|p1a: 绿帽大白兔|Calyrex-Shadow|100/100
|-ability|p1a: 绿帽大白兔|As One
|-ability|p1a: 绿帽大白兔|Unnerve
|turn|20
|
|t:|1666501066
|switch|p2a: Yveltal|Yveltal|100/100
|-ability|p2a: Yveltal|Dark Aura
|move|p1a: 绿帽大白兔|Draining Kiss|p2a: Yveltal
|-supereffective|p2a: Yveltal
|-damage|p2a: Yveltal|68/100
|
|upkeep
|turn|21
|
|t:|1666501076
|-start|p1a: 绿帽大白兔|Dynamax|
|-heal|p1a: 绿帽大白兔|100/100|[silent]
|-start|p2a: Yveltal|Dynamax|
|-heal|p2a: Yveltal|68/100|[silent]
|move|p1a: 绿帽大白兔|Max Starfall|p2a: Yveltal
|-supereffective|p2a: Yveltal
|-damage|p2a: Yveltal|32/100
|-fieldstart|move: Misty Terrain
|move|p2a: Yveltal|Max Darkness|p1a: 绿帽大白兔
|-supereffective|p1a: 绿帽大白兔
|-damage|p1a: 绿帽大白兔|13/100
|-unboost|p1a: 绿帽大白兔|spd|1
|
|upkeep
|turn|22
|
|t:|1666501089
|move|p2a: Yveltal|Max Guard|p2a: Yveltal
|-singleturn|p2a: Yveltal|Max Guard
|move|p1a: 绿帽大白兔|Max Starfall|p2a: Yveltal
|-activate|p2a: Yveltal|move: Max Guard
|
|upkeep
|turn|23
|
|t:|1666501094
|-end|p2a: Yveltal|Dynamax
|-heal|p2a: Yveltal|32/100|[silent]
|switch|p2a: Necrozma|Necrozma-Dusk-Mane|31/100
|-damage|p2a: Necrozma|25/100|[from] Stealth Rock
|move|p1a: 绿帽大白兔|Max Starfall|p2a: Necrozma
|-resisted|p2a: Necrozma
|-damage|p2a: Necrozma|8/100
|
|upkeep
|-end|p1a: 绿帽大白兔|Dynamax
|-heal|p1a: 绿帽大白兔|13/100|[silent]
|turn|24
|
|t:|1666501105
|move|p1a: 绿帽大白兔|Astral Barrage|p2a: Necrozma
|-supereffective|p2a: Necrozma
|-damage|p2a: Necrozma|0 fnt
|faint|p2a: Necrozma
|-ability|p1a: 绿帽大白兔|Grim Neigh|boost
|-boost|p1a: 绿帽大白兔|spa|1
|
|-sideend|p1: Irisxeno|Reflect
|upkeep
|
|t:|1666501109
|switch|p2a: Yveltal|Yveltal|32/100
|-ability|p2a: Yveltal|Dark Aura
|turn|25
|
|t:|1666501122
|switch|p1a: 飞行五花肉|Yveltal|100/100
|-ability|p1a: 飞行五花肉|Dark Aura
|move|p2a: Yveltal|Sucker Punch||[still]
|-fail|p2a: Yveltal
|
|-sideend|p1: Irisxeno|move: Light Screen
|-fieldend|Misty Terrain
|upkeep
|turn|26
|
|t:|1666501129
|move|p1a: 飞行五花肉|Oblivion Wing|p2a: Yveltal
|-damage|p2a: Yveltal|0 fnt
|faint|p2a: Yveltal
|
|upkeep
|
|t:|1666501136
|switch|p2a: Zygarde|Zygarde, shiny|100/100
|-damage|p2a: Zygarde|94/100|[from] Stealth Rock
|turn|27
|
|t:|1666501140
|switch|p1a: 绿帽大白兔|Calyrex-Shadow|13/100
|-ability|p1a: 绿帽大白兔|As One
|-ability|p1a: 绿帽大白兔|Unnerve
|move|p2a: Zygarde|Glare|p1a: 绿帽大白兔
|-status|p1a: 绿帽大白兔|par
|
|upkeep
|turn|28
|
|t:|1666501148
|move|p2a: Zygarde|Thousand Arrows|p1a: 绿帽大白兔
|-crit|p1a: 绿帽大白兔
|-damage|p1a: 绿帽大白兔|0 fnt
|faint|p1a: 绿帽大白兔
|
|upkeep
|
|t:|1666501154
|switch|p1a: 飞行五花肉|Yveltal|100/100
|-ability|p1a: 飞行五花肉|Dark Aura
|turn|29
|-message|Irisxeno forfeited.
|
|win|Tahz
|raw|Irisxeno's rating: 1701 &rarr; <strong>1686</strong><br />(-15 for losing)
|raw|Tahz's rating: 1782 &rarr; <strong>1797</strong><br />(+15 for winning)
|l|☆Irisxeno
