|j|‽BrixTrynaLuv
|j|☆Ford Prefect
|t:|1664822633
|gametype|singles
|player|p1|BrixTrynaLuv|linebacker|1617
|player|p2|Ford Prefect|265|1597
|teamsize|p1|6
|teamsize|p2|6
|gen|8
|tier|[Gen 8] National Dex AG
|rated|
|rule|HP Percentage Mod: HP is shown in percentages
|rule|Endless Battle Clause: Forcing endless battles is banned
|clearpoke
|poke|p1|Quagsire, F|
|poke|p1|Ferrothorn, M|
|poke|p1|Ho-Oh|
|poke|p1|Tyranitar, M|
|poke|p1|Yveltal|
|poke|p1|Calyrex-Shadow|
|poke|p2|Rayquaza|
|poke|p2|Groudon|
|poke|p2|Kyogre|
|poke|p2|Necrozma-Dawn-Wings|
|poke|p2|Arceus-*|
|poke|p2|Zacian-*|
|teampreview
|inactive|Battle timer is ON: inactive players will automatically lose when time's up. (requested by BrixTrynaLuv)
|
|t:|1664822642
|start
|switch|p1a: Quagsire|Quagsire, F, shiny|100/100
|switch|p2a: Groudon|Groudon|100/100
|detailschange|p2a: Groudon|Groudon-Primal
|-primal|p2a: Groudon
|-weather|DesolateLand|[from] ability: Desolate Land|[of] p2a: Groudon
|turn|1
|
|t:|1664822650
|move|p2a: Groudon|Stealth Rock|p1a: Quagsire
|-sidestart|p1: BrixTrynaLuv|move: Stealth Rock
|move|p1a: Quagsire|Toxic|p2a: Groudon|[miss]
|-miss|p1a: Quagsire|p2a: Groudon
|
|-weather|DesolateLand|[upkeep]
|upkeep
|turn|2
|
|t:|1664822654
|-weather|none
|switch|p2a: Zacian|Zacian-Crowned|100/100
|-ability|p2a: Zacian|Intrepid Sword|boost
|-boost|p2a: Zacian|atk|1
|move|p1a: Quagsire|Earth Power|p2a: Zacian
|-supereffective|p2a: Zacian
|-damage|p2a: Zacian|57/100
|
|upkeep
|turn|3
|
|t:|1664822663
|switch|p2a: Kyogre|Kyogre|100/100
|detailschange|p2a: Kyogre|Kyogre-Primal
|-primal|p2a: Kyogre
|-weather|PrimordialSea|[from] ability: Primordial Sea|[of] p2a: Kyogre
|move|p1a: Quagsire|Recover||[still]
|-fail|p1a: Quagsire|heal
|
|-weather|PrimordialSea|[upkeep]
|upkeep
|turn|4
|inactive|BrixTrynaLuv has 120 seconds left.
|
|t:|1664822699
|move|p2a: Kyogre|Surf|p1a: Quagsire
|-damage|p1a: Quagsire|0 fnt
|faint|p1a: Quagsire
|
|-weather|PrimordialSea|[upkeep]
|upkeep
|
|t:|1664822703
|switch|p1a: Ferrothorn|Ferrothorn, M, shiny|100/100
|-damage|p1a: Ferrothorn|95/100|[from] Stealth Rock
|turn|5
|
|t:|1664822707
|-weather|none
|switch|p2a: Groudon|Groudon-Primal|100/100
|-weather|DesolateLand|[from] ability: Desolate Land|[of] p2a: Groudon
|move|p1a: Ferrothorn|Substitute|p1a: Ferrothorn
|-start|p1a: Ferrothorn|Substitute
|-damage|p1a: Ferrothorn|70/100
|
|-weather|DesolateLand|[upkeep]
|-heal|p1a: Ferrothorn|76/100|[from] item: Leftovers
|upkeep
|turn|6
|
|t:|1664822715
|move|p2a: Groudon|Earthquake|p1a: Ferrothorn
|-end|p1a: Ferrothorn|Substitute
|move|p1a: Ferrothorn|Leech Seed|p2a: Groudon
|-start|p2a: Groudon|move: Leech Seed
|
|-weather|DesolateLand|[upkeep]
|-heal|p1a: Ferrothorn|82/100|[from] item: Leftovers
|-damage|p2a: Groudon|88/100|[from] Leech Seed|[of] p1a: Ferrothorn
|-heal|p1a: Ferrothorn|96/100|[silent]
|upkeep
|turn|7
|
|t:|1664822723
|move|p1a: Ferrothorn|Protect|p1a: Ferrothorn
|-singleturn|p1a: Ferrothorn|Protect
|move|p2a: Groudon|Heat Crash|p1a: Ferrothorn
|-activate|p1a: Ferrothorn|move: Protect
|
|-weather|DesolateLand|[upkeep]
|-heal|p1a: Ferrothorn|100/100|[from] item: Leftovers
|-damage|p2a: Groudon|76/100|[from] Leech Seed|[of] p1a: Ferrothorn
|upkeep
|turn|8
|
|t:|1664822737
|move|p2a: Groudon|Heat Crash|p1a: Ferrothorn
|-supereffective|p1a: Ferrothorn
|-damage|p1a: Ferrothorn|0 fnt
|-damage|p2a: Groudon|63/100|[from] ability: Iron Barbs|[of] p1a: Ferrothorn
|faint|p1a: Ferrothorn
|
|-weather|DesolateLand|[upkeep]
|upkeep
|-message|BrixTrynaLuv forfeited.
|
|win|Ford Prefect
|raw|BrixTrynaLuv's rating: 1617 &rarr; <strong>1596</strong><br />(-21 for losing)
|raw|Ford Prefect's rating: 1597 &rarr; <strong>1618</strong><br />(+21 for winning)
|l|‽BrixTrynaLuv
