|j|☆Hogwashimperial
|j|☆lyx123
|player|p1|Hogwashimperial|swimmer-gen4dp|1583
|player|p2|lyx123|266|1456
|teamsize|p1|6
|teamsize|p2|6
|gametype|singles
|gen|8
|tier|[Gen 8] National Dex AG
|rated|
|clearpoke
|poke|p1|Rayquaza|
|poke|p1|Zacian-Crowned|
|poke|p1|Groudon|
|poke|p1|Smeargle, M|
|poke|p1|Necrozma-Dusk-Mane|
|poke|p1|Yveltal|
|poke|p2|Shuckle, F|
|poke|p2|Kyogre|
|poke|p2|Yveltal|
|poke|p2|Ditto|
|poke|p2|Rayquaza|
|poke|p2|Vivillon-Pokeball, M|
|rule|HP Percentage Mod: HP is shown in percentages
|rule|Endless Battle Clause: Forcing endless battles is banned
|teampreview
|
|start
|switch|p1a: Smeargle|Smeargle, M|100/100
|switch|p2a: Shuckle|Shuckle, F, shiny|100/100
|turn|1
|inactive|Battle timer is ON: inactive players will automatically lose when time's up. (requested by lyx123)
|
|move|p1a: Smeargle|Spore|p2a: Shuckle
|-status|p2a: Shuckle|slp|[from] move: Spore
|cant|p2a: Shuckle|slp
|
|-ability|p1a: Smeargle|Moody|boost
|-boost|p1a: Smeargle|spa|2
|-unboost|p1a: Smeargle|def|1
|upkeep
|turn|2
|
|move|p1a: Smeargle|Shell Smash|p1a: Smeargle
|-unboost|p1a: Smeargle|def|1
|-unboost|p1a: Smeargle|spd|1
|-boost|p1a: Smeargle|atk|2
|-boost|p1a: Smeargle|spa|2
|-boost|p1a: Smeargle|spe|2
|cant|p2a: Shuckle|slp
|
|-ability|p1a: Smeargle|Moody|boost
|-boost|p1a: Smeargle|atk|2
|-unboost|p1a: Smeargle|spa|1
|upkeep
|turn|3
|
|move|p1a: Smeargle|Magic Coat|p1a: Smeargle
|-singleturn|p1a: Smeargle|move: Magic Coat
|cant|p2a: Shuckle|slp
|
|-ability|p1a: Smeargle|Moody|boost
|-boost|p1a: Smeargle|def|2
|-unboost|p1a: Smeargle|atk|1
|upkeep
|turn|4
|
|move|p1a: Smeargle|Magic Coat|p1a: Smeargle
|-singleturn|p1a: Smeargle|move: Magic Coat
|-curestatus|p2a: Shuckle|slp|[msg]
|move|p2a: Shuckle|Rock Tomb|p1a: Smeargle
|-damage|p1a: Smeargle|89/100
|-unboost|p1a: Smeargle|spe|1
|
|-ability|p1a: Smeargle|Moody|boost
|-boost|p1a: Smeargle|def|2
|-unboost|p1a: Smeargle|atk|1
|upkeep
|turn|5
|
|move|p1a: Smeargle|Spore|p2a: Shuckle
|-status|p2a: Shuckle|slp|[from] move: Spore
|cant|p2a: Shuckle|slp
|
|-ability|p1a: Smeargle|Moody|boost
|-boost|p1a: Smeargle|def|2
|-unboost|p1a: Smeargle|spa|1
|upkeep
|turn|6
|
|move|p1a: Smeargle|Shell Smash|p1a: Smeargle
|-unboost|p1a: Smeargle|def|1
|-unboost|p1a: Smeargle|spd|1
|-boost|p1a: Smeargle|atk|2
|-boost|p1a: Smeargle|spa|2
|-boost|p1a: Smeargle|spe|2
|-curestatus|p2a: Shuckle|slp|[msg]
|move|p2a: Shuckle|Encore|p1a: Smeargle
|-start|p1a: Smeargle|Encore
|
|-ability|p1a: Smeargle|Moody|boost
|-boost|p1a: Smeargle|spe|2
|-unboost|p1a: Smeargle|spa|1
|upkeep
|turn|7
|
|switch|p1a: Groudon|Groudon|100/100
|detailschange|p1a: Groudon|Groudon-Primal
|-primal|p1a: Groudon
|-weather|DesolateLand|[from] ability: Desolate Land|[of] p1a: Groudon
|move|p2a: Shuckle|Stealth Rock|p1a: Groudon
|-sidestart|p1: Hogwashimperial|move: Stealth Rock
|
|-weather|DesolateLand|[upkeep]
|upkeep
|turn|8
|
|move|p1a: Groudon|Eruption|p2a: Shuckle
|-ability|p2a: Shuckle|Sturdy
|-damage|p2a: Shuckle|1/100
|move|p2a: Shuckle|Sticky Web|p1a: Groudon
|-sidestart|p1: Hogwashimperial|move: Sticky Web
|
|-weather|DesolateLand|[upkeep]
|upkeep
|turn|9
|
|move|p1a: Groudon|Earth Power|p2a: Shuckle
|-damage|p2a: Shuckle|0 fnt
|faint|p2a: Shuckle
|
|-weather|DesolateLand|[upkeep]
|upkeep
|
|switch|p2a: Kyogre|Kyogre, shiny|100/100
|detailschange|p2a: Kyogre|Kyogre-Primal, shiny
|-primal|p2a: Kyogre
|-weather|PrimordialSea|[from] ability: Primordial Sea|[of] p2a: Kyogre
|turn|10
|
|switch|p1a: Rayquaza|Rayquaza|100/100
|-damage|p1a: Rayquaza|76/100|[from] Stealth Rock
|-ability|p1a: Rayquaza|Air Lock
|move|p2a: Kyogre|Water Spout|p1a: Rayquaza
|-resisted|p1a: Rayquaza
|-damage|p1a: Rayquaza|33/100
|
|-weather|PrimordialSea|[upkeep]
|upkeep
|turn|11
|
|detailschange|p1a: Rayquaza|Rayquaza-Mega
|-mega|p1a: Rayquaza|Rayquaza|
|-weather|DeltaStream|[from] ability: Delta Stream|[of] p1a: Rayquaza
|move|p1a: Rayquaza|Dragon Ascent|p2a: Kyogre
|-damage|p2a: Kyogre|6/100
|-unboost|p1a: Rayquaza|def|1
|-unboost|p1a: Rayquaza|spd|1
|-damage|p1a: Rayquaza|23/100|[from] item: Life Orb
|move|p2a: Kyogre|Icy Wind|p1a: Rayquaza
|-activate||deltastream
|-supereffective|p1a: Rayquaza
|-damage|p1a: Rayquaza|0 fnt
|faint|p1a: Rayquaza
|-weather|none
|
|upkeep
|-message|Hogwashimperial forfeited.
|
|win|lyx123
|l|☆Hogwashimperial
|raw|Hogwashimperial's rating: 1563 &rarr; <strong>1537</strong><br />(-26 for losing)
|raw|lyx123's rating: 1456 &rarr; <strong>1482</strong><br />(+26 for winning)
