|j|☆MVP2536
|j|☆Snake of the Moon
|t:|1661686339
|gametype|singles
|player|p1|MVP2536|giovanni|
|player|p2|Snake of the Moon|lance-masters|
|teamsize|p1|6
|teamsize|p2|6
|gen|8
|tier|[Gen 8] National Dex AG
|rule|HP Percentage Mod: HP is shown in percentages
|rule|Endless Battle Clause: Forcing endless battles is banned
|clearpoke
|poke|p1|Blaziken, M|
|poke|p1|Rotom-Wash|
|poke|p1|Weezing-Galar, M|
|poke|p1|Aegislash, F|
|poke|p1|Zarude-Dada|
|poke|p1|Krookodile, F|
|poke|p2|Dialga|
|poke|p2|Giratina|
|poke|p2|Dragonite, M|
|poke|p2|Ferrothorn, M|
|poke|p2|Rotom-Wash|
|poke|p2|Lucario, M|
|teampreview
|inactive|Battle timer is ON: inactive players will automatically lose when time's up. (requested by Snake of the Moon)
|c|☆MVP2536|i think i made a good improvement with this team
|
|t:|1661686369
|start
|switch|p1a: Rotom|Rotom-Wash|100/100
|switch|p2a: Dialga|Dialga|100/100
|-ability|p2a: Dialga|Pressure
|turn|1
|
|t:|1661686385
|switch|p1a: Aegislash|Aegislash, F|100/100
|move|p2a: Dialga|Dragon Pulse|p1a: Aegislash
|-resisted|p1a: Aegislash
|-damage|p1a: Aegislash|78/100
|-damage|p2a: Dialga|91/100|[from] item: Life Orb
|
|-heal|p1a: Aegislash|84/100|[from] item: Leftovers
|upkeep
|turn|2
|
|t:|1661686393
|switch|p1a: Rotom|Rotom-Wash|100/100
|move|p2a: Dialga|Flamethrower|p1a: Rotom
|-resisted|p1a: Rotom
|-damage|p1a: Rotom|75/100
|-damage|p2a: Dialga|81/100|[from] item: Life Orb
|
|upkeep
|turn|3
|
|t:|1661686405
|move|p2a: Dialga|Dragon Pulse|p1a: Rotom
|-damage|p1a: Rotom|4/100
|-damage|p2a: Dialga|71/100|[from] item: Life Orb
|move|p1a: Rotom|Volt Switch|p2a: Dialga
|-resisted|p2a: Dialga
|-damage|p2a: Dialga|59/100
|
|t:|1661686412
|switch|p1a: Blaziken|Blaziken, M|100/100|[from]move: Volt Switch
|
|upkeep
|turn|4
|
|t:|1661686436
|switch|p2a: Giratina|Giratina|100/100
|-ability|p2a: Giratina|Pressure
|detailschange|p1a: Blaziken|Blaziken-Mega, M
|-mega|p1a: Blaziken|Blaziken|Blazikenite
|move|p1a: Blaziken|Bulk Up|p1a: Blaziken
|-boost|p1a: Blaziken|atk|1
|-boost|p1a: Blaziken|def|1
|
|-ability|p1a: Blaziken|Speed Boost|boost
|-boost|p1a: Blaziken|spe|1
|upkeep
|turn|5
|
|t:|1661686453
|move|p1a: Blaziken|Bulk Up|p1a: Blaziken
|-boost|p1a: Blaziken|atk|1
|-boost|p1a: Blaziken|def|1
|move|p2a: Giratina|Roar|p1a: Blaziken
|drag|p1a: Krookodile|Krookodile, F|100/100
|
|upkeep
|turn|6
|c|☆MVP2536|aw man
|
|t:|1661686467
|move|p1a: Krookodile|Knock Off|p2a: Giratina
|-supereffective|p2a: Giratina
|-enditem|p2a: Giratina|Colbur Berry|[eat]
|-enditem|p2a: Giratina|Colbur Berry|[weaken]
|-damage|p2a: Giratina|75/100
|move|p2a: Giratina|Will-O-Wisp|p1a: Krookodile
|-status|p1a: Krookodile|brn
|
|-damage|p1a: Krookodile|94/100 brn|[from] brn
|upkeep
|turn|7
|
|t:|1661686481
|switch|p1a: Weezing|Weezing-Galar, M|100/100
|-ability|p1a: Weezing|Neutralizing Gas
|switch|p2a: Ferrothorn|Ferrothorn, M|100/100
|
|upkeep
|turn|8
|
|t:|1661686494
|move|p1a: Weezing|Flamethrower|p2a: Ferrothorn
|-supereffective|p2a: Ferrothorn
|-enditem|p2a: Ferrothorn|Occa Berry|[eat]
|-enditem|p2a: Ferrothorn|Occa Berry|[weaken]
|-damage|p2a: Ferrothorn|70/100
|-status|p2a: Ferrothorn|brn
|move|p2a: Ferrothorn|Stealth Rock|p1a: Weezing
|-sidestart|p1: MVP2536|move: Stealth Rock
|
|-damage|p2a: Ferrothorn|64/100 brn|[from] brn
|upkeep
|turn|9
|
|t:|1661686506
|switch|p2a: Rotom|Rotom-Wash|100/100
|move|p1a: Weezing|Flamethrower|p2a: Rotom
|-resisted|p2a: Rotom
|-damage|p2a: Rotom|92/100
|
|upkeep
|turn|10
|
|t:|1661686514
|move|p2a: Rotom|Thunder Wave|p1a: Weezing
|-status|p1a: Weezing|par
|move|p1a: Weezing|Sludge Bomb|p2a: Rotom
|-damage|p2a: Rotom|65/100
|
|upkeep
|turn|11
|
|t:|1661686530
|move|p2a: Rotom|Hydro Pump|p1a: Weezing|[miss]
|-miss|p2a: Rotom|p1a: Weezing
|move|p1a: Weezing|Strange Steam|p2a: Rotom
|-damage|p2a: Rotom|37/100
|-enditem|p2a: Rotom|Sitrus Berry|[eat]
|-heal|p2a: Rotom|62/100|[from] item: Sitrus Berry
|
|upkeep
|turn|12
|
|t:|1661686541
|move|p2a: Rotom|Hydro Pump|p1a: Weezing
|-damage|p1a: Weezing|50/100 par
|move|p1a: Weezing|Sludge Bomb|p2a: Rotom
|-damage|p2a: Rotom|32/100
|
|-heal|p1a: Weezing|56/100 par|[from] item: Black Sludge
|upkeep
|turn|13
|
|t:|1661686560
|-end|p1a: Weezing|ability: Neutralizing Gas
|switch|p1a: Zarude|Zarude-Dada|100/100
|-damage|p1a: Zarude|88/100|[from] Stealth Rock
|move|p2a: Rotom|Hydro Pump|p1a: Zarude
|-resisted|p1a: Zarude
|-damage|p1a: Zarude|69/100
|
|upkeep
|turn|14
|
|t:|1661686579
|switch|p2a: Dialga|Dialga|59/100
|-ability|p2a: Dialga|Pressure
|move|p1a: Zarude|Power Whip|p2a: Dialga
|-resisted|p2a: Dialga
|-damage|p2a: Dialga|46/100
|
|upkeep
|turn|15
|
|t:|1661686594
|move|p1a: Zarude|Darkest Lariat|p2a: Dialga
|-damage|p2a: Dialga|9/100
|move|p2a: Dialga|Flamethrower|p1a: Zarude
|-supereffective|p1a: Zarude
|-crit|p1a: Zarude
|-damage|p1a: Zarude|0 fnt
|faint|p1a: Zarude
|-damage|p2a: Dialga|0 fnt|[from] item: Life Orb
|faint|p2a: Dialga
|
|upkeep
|inactive|Snake of the Moon has 270 seconds left.
|inactive|Snake of the Moon has 240 seconds left.
|inactive|Snake of the Moon has 210 seconds left.
|
|t:|1661686695
|switch|p1a: Aegislash|Aegislash, F|84/100
|switch|p2a: Dragonite|Dragonite, M|100/100
|-damage|p1a: Aegislash|78/100|[from] Stealth Rock
|turn|16
|
|t:|1661686702
|move|p2a: Dragonite|Dragon Dance|p2a: Dragonite
|-boost|p2a: Dragonite|atk|1
|-boost|p2a: Dragonite|spe|1
|-formechange|p1a: Aegislash|Aegislash-Blade||[from] ability: Stance Change
|move|p1a: Aegislash|Flash Cannon|p2a: Dragonite
|-damage|p2a: Dragonite|79/100
|
|-heal|p1a: Aegislash|84/100|[from] item: Leftovers
|upkeep
|turn|17
|inactive|Snake of the Moon has 210 seconds left.
|
|t:|1661686710
|switch|p1a: Rotom|Rotom-Wash|4/100
|-damage|p1a: Rotom|0 fnt|[from] Stealth Rock
|faint|p1a: Rotom
|move|p2a: Dragonite|Earthquake|p1: Rotom|[notarget]
|-fail|p2a: Dragonite
|
|upkeep
|inactive|MVP2536 has 270 seconds left.
|
|t:|1661686740
|switch|p1a: Aegislash|Aegislash, F|84/100
|-damage|p1a: Aegislash|78/100|[from] Stealth Rock
|turn|18
|inactive|MVP2536 has 270 seconds left.
|inactive|Snake of the Moon has 210 seconds left.
|
|t:|1661686759
|-start|p2a: Dragonite|Dynamax|
|-heal|p2a: Dragonite|79/100|[silent]
|-start|p1a: Aegislash|Dynamax|
|-heal|p1a: Aegislash|78/100|[silent]
|move|p2a: Dragonite|Max Flare|p1a: Aegislash
|-supereffective|p1a: Aegislash
|-damage|p1a: Aegislash|22/100
|-weather|SunnyDay
|-formechange|p1a: Aegislash|Aegislash-Blade||[from] ability: Stance Change
|move|p1a: Aegislash|Max Steelspike|p2a: Dragonite
|-damage|p2a: Dragonite|46/100
|-boost|p1a: Aegislash|def|1
|
|-weather|SunnyDay|[upkeep]
|-heal|p1a: Aegislash|25/100|[from] item: Leftovers
|upkeep
|turn|19
|inactive|MVP2536 has 270 seconds left.
|
|t:|1661686776
|move|p1a: Aegislash|Max Guard|p1a: Aegislash
|-singleturn|p1a: Aegislash|Max Guard
|move|p2a: Dragonite|Max Quake|p1a: Aegislash
|-activate|p1a: Aegislash|move: Max Guard
|
|-weather|SunnyDay|[upkeep]
|-heal|p1a: Aegislash|29/100|[from] item: Leftovers
|upkeep
|turn|20
|inactive|MVP2536 has 270 seconds left.
|
|t:|1661686800
|move|p1a: Aegislash|Max Guard||[still]
|-fail|p1a: Aegislash
|move|p2a: Dragonite|Max Flare|p1a: Aegislash
|-supereffective|p1a: Aegislash
|-crit|p1a: Aegislash
|-damage|p1a: Aegislash|0 fnt
|faint|p1a: Aegislash
|
|-weather|SunnyDay|[upkeep]
|upkeep
|
|t:|1661686808
|switch|p1a: Blaziken|Blaziken-Mega, M|100/100
|-damage|p1a: Blaziken|88/100|[from] Stealth Rock
|-end|p2a: Dragonite|Dynamax
|-heal|p2a: Dragonite|46/100|[silent]
|turn|21
|
|t:|1661686817
|move|p2a: Dragonite|Dragon Claw|p1a: Blaziken
|-damage|p1a: Blaziken|3/100
|move|p1a: Blaziken|Blaze Kick|p2a: Dragonite
|-resisted|p2a: Dragonite
|-damage|p2a: Dragonite|4/100
|
|-weather|SunnyDay|[upkeep]
|-ability|p1a: Blaziken|Speed Boost|boost
|-boost|p1a: Blaziken|spe|1
|upkeep
|turn|22
|inactive|Snake of the Moon has 240 seconds left.
|c|☆Snake of the Moon|Btw
|
|t:|1661686838
|move|p1a: Blaziken|Blaze Kick|p2a: Dragonite
|-resisted|p2a: Dragonite
|-damage|p2a: Dragonite|0 fnt
|faint|p2a: Dragonite
|
|-weather|none
|-ability|p1a: Blaziken|Speed Boost|boost
|-boost|p1a: Blaziken|spe|1
|upkeep
|c|☆Snake of the Moon|WTF
|inactive|Snake of the Moon has 240 seconds left.
|c|☆MVP2536|lol
|
|t:|1661686846
|switch|p2a: Giratina|Giratina|75/100
|-ability|p2a: Giratina|Pressure
|turn|23
|
|t:|1661686855
|move|p1a: Blaziken|Baton Pass|p1a: Blaziken
|
|t:|1661686857
|switch|p1a: Krookodile|Krookodile, F|94/100 brn|[from]move: Baton Pass
|-damage|p1a: Krookodile|88/100 brn|[from] Stealth Rock
|move|p2a: Giratina|Roar|p1a: Krookodile
|drag|p1a: Blaziken|Blaziken-Mega, M|3/100
|-damage|p1a: Blaziken|0 fnt|[from] Stealth Rock
|faint|p1a: Blaziken
|
|upkeep
|
|t:|1661686865
|switch|p1a: Krookodile|Krookodile, F|88/100 brn
|-damage|p1a: Krookodile|82/100 brn|[from] Stealth Rock
|turn|24
|inactive|MVP2536 has 270 seconds left.
|c|☆MVP2536|damn tahts pain
|
|t:|1661686878
|move|p1a: Krookodile|Knock Off|p2a: Giratina
|-supereffective|p2a: Giratina
|-damage|p2a: Giratina|58/100
|move|p2a: Giratina|Hex|p1a: Krookodile
|-resisted|p1a: Krookodile
|-damage|p1a: Krookodile|56/100 brn
|
|-damage|p1a: Krookodile|50/100 brn|[from] brn
|upkeep
|turn|25
|inactive|MVP2536 has 270 seconds left.
|inactive|Snake of the Moon has 270 seconds left.
|
|t:|1661686894
|switch|p2a: Ferrothorn|Ferrothorn, M|64/100 brn
|move|p1a: Krookodile|Rest|p1a: Krookodile
|-status|p1a: Krookodile|slp|[from] move: Rest
|-heal|p1a: Krookodile|100/100 slp|[silent]
|
|-damage|p2a: Ferrothorn|58/100 brn|[from] brn
|upkeep
|turn|26
|inactive|MVP2536 has 270 seconds left.
|
|t:|1661686907
|cant|p1a: Krookodile|slp
|move|p1a: Krookodile|Sleep Talk|p1a: Krookodile
|move|p1a: Krookodile|Rest||[from]move: Sleep Talk|[still]
|-fail|p1a: Krookodile
|move|p2a: Ferrothorn|Gyro Ball|p1a: Krookodile
|-damage|p1a: Krookodile|73/100 slp
|
|-damage|p2a: Ferrothorn|52/100 brn|[from] brn
|upkeep
|turn|27
|inactive|MVP2536 has 270 seconds left.
|
|t:|1661686916
|cant|p1a: Krookodile|slp
|move|p1a: Krookodile|Sleep Talk|p1a: Krookodile
|move|p1a: Krookodile|Earthquake|p2a: Ferrothorn|[from]move: Sleep Talk
|-damage|p2a: Ferrothorn|17/100 brn
|move|p2a: Ferrothorn|Leech Seed|p1a: Krookodile
|-start|p1a: Krookodile|move: Leech Seed
|
|-damage|p1a: Krookodile|61/100 slp|[from] Leech Seed|[of] p2a: Ferrothorn
|-heal|p2a: Ferrothorn|29/100 brn|[silent]
|-damage|p2a: Ferrothorn|23/100 brn|[from] brn
|upkeep
|turn|28
|inactive|MVP2536 has 270 seconds left.
|
|t:|1661686937
|switch|p2a: Rotom|Rotom-Wash|32/100
|-curestatus|p1a: Krookodile|slp|[msg]
|move|p1a: Krookodile|Earthquake|p2a: Rotom
|-immune|p2a: Rotom|[from] ability: Levitate
|
|-damage|p1a: Krookodile|49/100|[from] Leech Seed|[of] p2a: Rotom
|-heal|p2a: Rotom|47/100|[silent]
|upkeep
|turn|29
|
|t:|1661686950
|switch|p1a: Weezing|Weezing-Galar, M|56/100 par
|-ability|p1a: Weezing|Neutralizing Gas
|-damage|p1a: Weezing|44/100 par|[from] Stealth Rock
|move|p2a: Rotom|Hydro Pump|p1a: Weezing
|-damage|p1a: Weezing|0 fnt
|faint|p1a: Weezing
|-end|p1a: Weezing|ability: Neutralizing Gas
|
|upkeep
|
|t:|1661686958
|switch|p1a: Krookodile|Krookodile, F|49/100
|-damage|p1a: Krookodile|42/100|[from] Stealth Rock
|turn|30
|
|t:|1661686964
|move|p1a: Krookodile|Rest|p1a: Krookodile
|-status|p1a: Krookodile|slp|[from] move: Rest
|-heal|p1a: Krookodile|100/100 slp|[silent]
|move|p2a: Rotom|Hydro Pump|p1a: Krookodile
|-supereffective|p1a: Krookodile
|-damage|p1a: Krookodile|6/100 slp
|
|upkeep
|turn|31
|inactive|MVP2536 has 270 seconds left.
|
|t:|1661686971
|cant|p1a: Krookodile|slp
|move|p1a: Krookodile|Sleep Talk|p1a: Krookodile
|move|p1a: Krookodile|Rest||[from]move: Sleep Talk|[still]
|-fail|p1a: Krookodile
|move|p2a: Rotom|Hydro Pump|p1a: Krookodile|[miss]
|-miss|p2a: Rotom|p1a: Krookodile
|
|upkeep
|turn|32
|
|t:|1661686979
|cant|p1a: Krookodile|slp
|move|p1a: Krookodile|Sleep Talk|p1a: Krookodile
|move|p1a: Krookodile|Earthquake|p2a: Rotom|[from]move: Sleep Talk
|-immune|p2a: Rotom|[from] ability: Levitate
|move|p2a: Rotom|Hex|p1a: Krookodile
|-resisted|p1a: Krookodile
|-damage|p1a: Krookodile|0 fnt
|faint|p1a: Krookodile
|
|win|Snake of the Moon
