|j|☆tanomaly
|j|☆Leafstorm121❤
|t:|1597013804
|player|p1|tanomaly|red|1703
|player|p2|Leafstorm121❤|sina|1751
|teamsize|p1|6
|teamsize|p2|6
|gametype|singles
|gen|8
|tier|[Gen 8] National Dex AG
|rated|
|clearpoke
|poke|p1|Mewtwo|
|poke|p1|Kyogre|
|poke|p1|Groudon|
|poke|p1|Rayquaza|
|poke|p1|Zacian-Crowned|
|poke|p1|Eternatus|
|poke|p2|Smeargle, F|
|poke|p2|Rayquaza|
|poke|p2|Groudon|
|poke|p2|Yveltal|
|poke|p2|Arceus-*|
|poke|p2|Arceus-*|
|rule|HP Percentage Mod: HP is shown in percentages
|rule|Endless Battle Clause: Forcing endless battles is banned
|teampreview
|
|t:|1597013809
|start
|switch|p1a: Mewtwo|Mewtwo|100/100
|switch|p2a: Smeargle|Smeargle, F|100/100
|-ability|p1a: Mewtwo|Unnerve|p2: Leafstorm121❤
|turn|1
|inactive|Battle timer is ON: inactive players will automatically lose when time's up. (requested by tanomaly)
|
|t:|1597013815
|-start|p1a: Mewtwo|Dynamax
|-heal|p1a: Mewtwo|100/100|[silent]
|move|p1a: Mewtwo|Max Hailstorm|p2a: Smeargle
|-enditem|p2a: Smeargle|Focus Sash
|-damage|p2a: Smeargle|1/100
|-weather|Hail
|move|p2a: Smeargle|Nuzzle|p1a: Mewtwo
|-damage|p1a: Mewtwo|99/100
|-status|p1a: Mewtwo|par
|
|-weather|Hail|[upkeep]
|-damage|p2a: Smeargle|0 fnt|[from] Hail
|-damage|p1a: Mewtwo|97/100 par|[from] Hail
|faint|p2a: Smeargle
|upkeep
|
|t:|1597013823
|switch|p2a: Groudon|Groudon|100/100
|detailschange|p2a: Groudon|Groudon-Primal
|-primal|p2a: Groudon
|-weather|DesolateLand|[from] ability: Desolate Land|[of] p2a: Groudon
|turn|2
|j| Viral Q
|
|t:|1597013844
|move|p2a: Groudon|Stealth Rock|p1a: Mewtwo
|-sidestart|p1: tanomaly|move: Stealth Rock
|move|p1a: Mewtwo|Max Airstream|p2a: Groudon
|-damage|p2a: Groudon|30/100
|-boost|p1a: Mewtwo|spe|1
|
|-weather|DesolateLand|[upkeep]
|upkeep
|turn|3
|inactive|tanomaly has 120 seconds left.
|
|t:|1597013871
|move|p2a: Groudon|Precipice Blades|p1a: Mewtwo
|-damage|p1a: Mewtwo|58/100 par
|move|p1a: Mewtwo|Max Airstream|p2a: Groudon
|-damage|p2a: Groudon|0 fnt
|-boost|p1a: Mewtwo|spe|1
|faint|p2a: Groudon
|-weather|none
|
|-end|p1a: Mewtwo|Dynamax
|-heal|p1a: Mewtwo|58/100 par|[silent]
|upkeep
|
|t:|1597013877
|switch|p2a: Yveltal|Yveltal|100/100
|-ability|p2a: Yveltal|Dark Aura
|turn|4
|
|t:|1597013887
|-start|p2a: Yveltal|Dynamax
|-heal|p2a: Yveltal|100/100|[silent]
|cant|p1a: Mewtwo|par
|move|p2a: Yveltal|Max Airstream|p1a: Mewtwo
|-damage|p1a: Mewtwo|0 fnt
|-boost|p2a: Yveltal|spe|1
|-damage|p2a: Yveltal|96/100|[from] item: Life Orb
|faint|p1a: Mewtwo
|
|upkeep
|inactive|tanomaly has 120 seconds left.
|
|t:|1597013899
|switch|p1a: Eternatus|Eternatus|100/100
|-damage|p1a: Eternatus|88/100|[from] Stealth Rock
|-ability|p1a: Eternatus|Pressure
|turn|5
|
|t:|1597013905
|move|p2a: Yveltal|Max Darkness|p1a: Eternatus
|-damage|p1a: Eternatus|0 fnt
|-damage|p2a: Yveltal|91/100|[from] item: Life Orb
|faint|p1a: Eternatus
|
|upkeep
|
|t:|1597013912
|switch|p1a: Kyogre|Kyogre|100/100
|-damage|p1a: Kyogre|88/100|[from] Stealth Rock
|detailschange|p1a: Kyogre|Kyogre-Primal
|-primal|p1a: Kyogre
|-weather|PrimordialSea|[from] ability: Primordial Sea|[of] p1a: Kyogre
|turn|6
|
|t:|1597013919
|move|p2a: Yveltal|Max Darkness|p1a: Kyogre
|-damage|p1a: Kyogre|0 fnt
|-damage|p2a: Yveltal|86/100|[from] item: Life Orb
|faint|p1a: Kyogre
|-weather|none
|
|-end|p2a: Yveltal|Dynamax
|-heal|p2a: Yveltal|86/100|[silent]
|upkeep
|
|t:|1597013930
|switch|p1a: Dittos R 4 Bitches|Zacian-Crowned|100/100
|-damage|p1a: Dittos R 4 Bitches|94/100|[from] Stealth Rock
|-ability|p1a: Dittos R 4 Bitches|Intrepid Sword|boost
|-boost|p1a: Dittos R 4 Bitches|atk|1
|turn|7
|
|t:|1597013935
|move|p2a: Yveltal|Heat Wave|p1a: Dittos R 4 Bitches
|-supereffective|p1a: Dittos R 4 Bitches
|-damage|p1a: Dittos R 4 Bitches|25/100
|-damage|p2a: Yveltal|76/100|[from] item: Life Orb
|move|p1a: Dittos R 4 Bitches|Behemoth Blade|p2a: Yveltal
|-damage|p2a: Yveltal|0 fnt
|faint|p2a: Yveltal
|
|upkeep
|
|t:|1597013941
|switch|p2a: Arceus|Arceus-Electric|100/100
|turn|8
|
|t:|1597013948
|move|p1a: Dittos R 4 Bitches|Behemoth Blade|p2a: Arceus
|-resisted|p2a: Arceus
|-damage|p2a: Arceus|60/100
|move|p2a: Arceus|Judgment|p1a: Dittos R 4 Bitches
|-damage|p1a: Dittos R 4 Bitches|0 fnt
|faint|p1a: Dittos R 4 Bitches
|
|upkeep
|
|t:|1597013956
|switch|p1a: Groudon|Groudon|100/100
|-damage|p1a: Groudon|94/100|[from] Stealth Rock
|detailschange|p1a: Groudon|Groudon-Primal
|-primal|p1a: Groudon
|-weather|DesolateLand|[from] ability: Desolate Land|[of] p1a: Groudon
|turn|9
|j| moltv5
|
|t:|1597013965
|move|p2a: Arceus|Ice Beam|p1a: Groudon
|-damage|p1a: Groudon|60/100
|move|p1a: Groudon|Rock Tomb|p2a: Arceus
|-damage|p2a: Arceus|38/100
|-unboost|p2a: Arceus|spe|1
|
|-weather|DesolateLand|[upkeep]
|upkeep
|turn|10
|
|t:|1597013993
|move|p1a: Groudon|Fire Punch|p2a: Arceus
|-damage|p2a: Arceus|0 fnt
|faint|p2a: Arceus
|
|-weather|DesolateLand|[upkeep]
|upkeep
|
|t:|1597013998
|switch|p2a: Rayquaza|Rayquaza|100/100
|-ability|p2a: Rayquaza|Air Lock
|turn|11
|
|t:|1597014006
|detailschange|p2a: Rayquaza|Rayquaza-Mega
|-mega|p2a: Rayquaza|Rayquaza|
|-weather|DeltaStream|[from] ability: Delta Stream|[of] p2a: Rayquaza
|move|p2a: Rayquaza|Earthquake|p1a: Groudon
|-supereffective|p1a: Groudon
|-damage|p1a: Groudon|0 fnt
|-damage|p2a: Rayquaza|91/100|[from] item: Life Orb
|faint|p1a: Groudon
|
|-weather|DeltaStream|[upkeep]
|upkeep
|
|t:|1597014014
|switch|p1a: Rayquaza|Rayquaza|100/100
|-damage|p1a: Rayquaza|75/100|[from] Stealth Rock
|-ability|p1a: Rayquaza|Air Lock
|turn|12
|
|t:|1597014020
|detailschange|p1a: Rayquaza|Rayquaza-Mega
|-mega|p1a: Rayquaza|Rayquaza|
|move|p2a: Rayquaza|Extreme Speed|p1a: Rayquaza
|-damage|p1a: Rayquaza|33/100
|-damage|p2a: Rayquaza|81/100|[from] item: Life Orb
|move|p1a: Rayquaza|Dragon Ascent|p2a: Rayquaza
|-damage|p2a: Rayquaza|0 fnt
|-unboost|p1a: Rayquaza|def|1
|-unboost|p1a: Rayquaza|spd|1
|-damage|p1a: Rayquaza|23/100|[from] item: Life Orb
|faint|p2a: Rayquaza
|
|-weather|DeltaStream|[upkeep]
|upkeep
|
|t:|1597014024
|switch|p2a: Arceus|Arceus-Ghost|100/100
|turn|13
|
|t:|1597014035
|move|p2a: Arceus|Extreme Speed|p1a: Rayquaza
|-crit|p1a: Rayquaza
|-damage|p1a: Rayquaza|0 fnt
|faint|p1a: Rayquaza
|-weather|none
|
|win|Leafstorm121❤
|l|☆tanomaly
|raw|tanomaly's rating: 1679 &rarr; <strong>1663</strong><br />(-16 for losing)
|raw|Leafstorm121❤'s rating: 1752 &rarr; <strong>1767</strong><br />(+15 for winning)
|c| moltv5|goat leaf
|l| moltv5
|j| jerryl309
|l| jerryl309
|l|☆Leafstorm121❤
