|j|☆iopkj09
|j|☆DarkboiJ
|t:|1664471530
|gametype|singles
|player|p1|iopkj09|nate|1719
|player|p2|DarkboiJ|blue-gen3two|1809
|teamsize|p1|6
|teamsize|p2|6
|gen|8
|tier|[Gen 8] National Dex AG
|rated|
|rule|HP Percentage Mod: HP is shown in percentages
|rule|Endless Battle Clause: Forcing endless battles is banned
|clearpoke
|poke|p1|Yveltal|
|poke|p1|Xerneas-*|
|poke|p1|Rayquaza|
|poke|p1|Ditto|
|poke|p1|Melmetal|
|poke|p1|Cinderace, M|
|poke|p2|Mawile, F|
|poke|p2|Groudon|
|poke|p2|Kyogre|
|poke|p2|Ditto|
|poke|p2|Arceus-*|
|poke|p2|Arceus-*|
|teampreview
|inactive|Battle timer is ON: inactive players will automatically lose when time's up. (requested by iopkj09)
|inactive|DarkboiJ also wants the timer to be on.
|
|t:|1664471558
|start
|switch|p1a: Yveltal|Yveltal, shiny|100/100
|switch|p2a: Arceus|Arceus-Electric|100/100
|-ability|p1a: Yveltal|Dark Aura
|turn|1
|
|t:|1664471569
|switch|p1a: Ditto|Ditto, shiny|100/100
|-transform|p1a: Ditto|p2a: Arceus|[from] ability: Imposter
|move|p2a: Arceus|Stealth Rock|p1a: Ditto
|-sidestart|p1: iopkj09|move: Stealth Rock
|
|upkeep
|turn|2
|
|t:|1664471578
|switch|p2a: Mawile|Mawile, F|100/100
|-ability|p2a: Mawile|Intimidate|boost
|-unboost|p1a: Ditto|atk|1
|move|p1a: Ditto|Stealth Rock|p2a: Mawile
|-sidestart|p2: DarkboiJ|move: Stealth Rock
|
|upkeep
|turn|3
|
|t:|1664471595
|switch|p1a: Melmetal|Melmetal, shiny|100/100
|-damage|p1a: Melmetal|94/100|[from] Stealth Rock
|switch|p2a: Groudon|Groudon|100/100
|-damage|p2a: Groudon|94/100|[from] Stealth Rock
|detailschange|p2a: Groudon|Groudon-Primal
|-primal|p2a: Groudon
|-weather|DesolateLand|[from] ability: Desolate Land|[of] p2a: Groudon
|
|-weather|DesolateLand|[upkeep]
|upkeep
|turn|4
|
|t:|1664471605
|switch|p1a: Ditto|Ditto, shiny|100/100
|-damage|p1a: Ditto|88/100|[from] Stealth Rock
|-transform|p1a: Ditto|p2a: Groudon|[from] ability: Imposter
|move|p2a: Groudon|Bulk Up|p2a: Groudon
|-boost|p2a: Groudon|atk|1
|-boost|p2a: Groudon|def|1
|
|-weather|DesolateLand|[upkeep]
|upkeep
|turn|5
|
|t:|1664471609
|move|p1a: Ditto|Earthquake|p2a: Groudon
|-supereffective|p2a: Groudon
|-damage|p2a: Groudon|54/100
|move|p2a: Groudon|Earthquake|p1a: Ditto
|-supereffective|p1a: Ditto
|-crit|p1a: Ditto
|-damage|p1a: Ditto|0 fnt
|faint|p1a: Ditto
|
|-weather|DesolateLand|[upkeep]
|upkeep
|
|t:|1664471613
|switch|p1a: Rayquaza|Rayquaza|100/100
|-damage|p1a: Rayquaza|75/100|[from] Stealth Rock
|-ability|p1a: Rayquaza|Air Lock
|turn|6
|
|t:|1664471617
|detailschange|p1a: Rayquaza|Rayquaza-Mega
|-mega|p1a: Rayquaza|Rayquaza|
|-weather|DeltaStream|[from] ability: Delta Stream|[of] p1a: Rayquaza
|move|p1a: Rayquaza|Dragon Dance|p1a: Rayquaza
|-boost|p1a: Rayquaza|atk|1
|-boost|p1a: Rayquaza|spe|1
|move|p2a: Groudon|Fire Punch|p1a: Rayquaza
|-resisted|p1a: Rayquaza
|-damage|p1a: Rayquaza|45/100
|
|-weather|DeltaStream|[upkeep]
|upkeep
|turn|7
|
|t:|1664471630
|move|p1a: Rayquaza|Earthquake|p2a: Groudon
|-supereffective|p2a: Groudon
|-damage|p2a: Groudon|2/100
|move|p2a: Groudon|Fire Punch|p1a: Rayquaza
|-resisted|p1a: Rayquaza
|-damage|p1a: Rayquaza|14/100
|
|-weather|DeltaStream|[upkeep]
|upkeep
|turn|8
|
|t:|1664471634
|move|p1a: Rayquaza|Extreme Speed|p2a: Groudon
|-damage|p2a: Groudon|0 fnt
|faint|p2a: Groudon
|
|-weather|DeltaStream|[upkeep]
|upkeep
|
|t:|1664471638
|switch|p2a: Ditto|Ditto|100/100
|-damage|p2a: Ditto|88/100|[from] Stealth Rock
|-transform|p2a: Ditto|p1a: Rayquaza|[from] ability: Imposter
|turn|9
|
|t:|1664471640
|move|p2a: Ditto|Extreme Speed|p1a: Rayquaza
|-damage|p1a: Rayquaza|0 fnt
|faint|p1a: Rayquaza
|
|-weather|DeltaStream|[upkeep]
|upkeep
|
|t:|1664471643
|switch|p1a: Xerneas|Xerneas, shiny|100/100
|-damage|p1a: Xerneas|88/100|[from] Stealth Rock
|-ability|p1a: Xerneas|Fairy Aura
|turn|10
|
|t:|1664471650
|move|p2a: Ditto|Extreme Speed|p1a: Xerneas
|-damage|p1a: Xerneas|38/100
|move|p1a: Xerneas|Geomancy||[still]
|-prepare|p1a: Xerneas|Geomancy
|-enditem|p1a: Xerneas|Power Herb
|-anim|p1a: Xerneas|Geomancy|p1a: Xerneas
|-boost|p1a: Xerneas|spa|2
|-boost|p1a: Xerneas|spd|2
|-boost|p1a: Xerneas|spe|2
|
|-weather|DeltaStream|[upkeep]
|upkeep
|turn|11
|
|t:|1664471659
|-weather|none
|switch|p2a: Mawile|Mawile, F|100/100
|-damage|p2a: Mawile|95/100|[from] Stealth Rock
|-ability|p2a: Mawile|Intimidate|boost
|-unboost|p1a: Xerneas|atk|1
|-start|p1a: Xerneas|Dynamax|
|-heal|p1a: Xerneas|38/100|[silent]
|move|p1a: Xerneas|Max Starfall|p2a: Mawile
|-resisted|p2a: Mawile
|-damage|p2a: Mawile|0 fnt
|-fieldstart|move: Misty Terrain
|faint|p2a: Mawile
|
|upkeep
|
|t:|1664471674
|switch|p2a: Ditto|Ditto|88/100
|-damage|p2a: Ditto|76/100|[from] Stealth Rock
|-transform|p2a: Ditto|p1a: Xerneas|[from] ability: Imposter
|-ability|p2a: Ditto|Fairy Aura
|turn|12
|
|t:|1664471683
|-start|p2a: Ditto|Dynamax|
|-heal|p2a: Ditto|76/100|[silent]
|move|p1a: Xerneas|Max Starfall|p2a: Ditto
|-damage|p2a: Ditto|31/100
|move|p2a: Ditto|Max Starfall|p1a: Xerneas
|-damage|p1a: Xerneas|2/100
|
|upkeep
|turn|13
|
|t:|1664471688
|move|p2a: Ditto|Max Guard|p2a: Ditto
|-singleturn|p2a: Ditto|Max Guard
|move|p1a: Xerneas|Max Starfall|p2a: Ditto
|-activate|p2a: Ditto|move: Max Guard
|
|upkeep
|-end|p1a: Xerneas|Dynamax
|-heal|p1a: Xerneas|2/100|[silent]
|turn|14
|
|t:|1664471692
|move|p2a: Ditto|Max Starfall|p1a: Xerneas
|-damage|p1a: Xerneas|0 fnt
|faint|p1a: Xerneas
|
|upkeep
|
|t:|1664471702
|switch|p1a: Cinderace|Cinderace, M|100/100
|-damage|p1a: Cinderace|76/100|[from] Stealth Rock
|-end|p2a: Ditto|Dynamax
|-heal|p2a: Ditto|32/100|[silent]
|turn|15
|
|t:|1664471707
|move|p1a: Cinderace|Sucker Punch|p2a: Ditto
|-start|p1a: Cinderace|typechange|Dark|[from] ability: Libero
|-resisted|p2a: Ditto
|-damage|p2a: Ditto|12/100
|move|p2a: Ditto|Draining Kiss|p1a: Cinderace
|-supereffective|p1a: Cinderace
|-damage|p1a: Cinderace|0 fnt
|-heal|p2a: Ditto|68/100|[from] drain|[of] p1a: Cinderace
|faint|p1a: Cinderace
|
|-fieldend|Misty Terrain
|upkeep
|
|t:|1664471713
|switch|p1a: Melmetal|Melmetal, shiny|94/100
|-damage|p1a: Melmetal|88/100|[from] Stealth Rock
|turn|16
|
|t:|1664471716
|switch|p2a: Arceus|Arceus-Electric|100/100
|-damage|p2a: Arceus|88/100|[from] Stealth Rock
|move|p1a: Melmetal|Double Iron Bash|p2a: Arceus
|-resisted|p2a: Arceus
|-damage|p2a: Arceus|72/100
|-resisted|p2a: Arceus
|-damage|p2a: Arceus|59/100
|-hitcount|p2a: Arceus|2
|
|upkeep
|turn|17
|
|t:|1664471720
|move|p2a: Arceus|Judgment|p1a: Melmetal
|-crit|p1a: Melmetal
|-damage|p1a: Melmetal|37/100
|move|p1a: Melmetal|Earthquake|p2a: Arceus
|-supereffective|p2a: Arceus
|-damage|p2a: Arceus|8/100
|
|upkeep
|turn|18
|
|t:|1664471726
|move|p2a: Arceus|Judgment|p1a: Melmetal
|-damage|p1a: Melmetal|3/100
|move|p1a: Melmetal|Earthquake|p2a: Arceus
|-supereffective|p2a: Arceus
|-damage|p2a: Arceus|0 fnt
|faint|p2a: Arceus
|
|upkeep
|
|t:|1664471734
|switch|p2a: Kyogre|Kyogre|100/100
|-damage|p2a: Kyogre|88/100|[from] Stealth Rock
|detailschange|p2a: Kyogre|Kyogre-Primal
|-primal|p2a: Kyogre
|-weather|PrimordialSea|[from] ability: Primordial Sea|[of] p2a: Kyogre
|turn|19
|
|t:|1664471739
|move|p2a: Kyogre|Calm Mind|p2a: Kyogre
|-boost|p2a: Kyogre|spa|1
|-boost|p2a: Kyogre|spd|1
|move|p1a: Melmetal|Thunder Punch|p2a: Kyogre
|-supereffective|p2a: Kyogre
|-damage|p2a: Kyogre|41/100
|
|-weather|PrimordialSea|[upkeep]
|upkeep
|turn|20
|
|t:|1664471744
|move|p2a: Kyogre|Surf|p1a: Melmetal
|-damage|p1a: Melmetal|0 fnt
|faint|p1a: Melmetal
|
|-weather|PrimordialSea|[upkeep]
|upkeep
|
|t:|1664471746
|switch|p1a: Yveltal|Yveltal, shiny|100/100
|-damage|p1a: Yveltal|76/100|[from] Stealth Rock
|-ability|p1a: Yveltal|Dark Aura
|turn|21
|
|t:|1664471748
|move|p1a: Yveltal|Dark Pulse|p2a: Kyogre
|-damage|p2a: Kyogre|18/100
|move|p2a: Kyogre|Surf|p1a: Yveltal
|-damage|p1a: Yveltal|1/100
|
|-weather|PrimordialSea|[upkeep]
|upkeep
|turn|22
|
|t:|1664471752
|move|p1a: Yveltal|Oblivion Wing|p2a: Kyogre
|-damage|p2a: Kyogre|1/100
|-heal|p1a: Yveltal|14/100|[from] drain|[of] p2a: Kyogre
|move|p2a: Kyogre|Rest|p2a: Kyogre
|-status|p2a: Kyogre|slp|[from] move: Rest
|-heal|p2a: Kyogre|100/100 slp|[silent]
|
|-weather|PrimordialSea|[upkeep]
|upkeep
|turn|23
|
|t:|1664471757
|move|p1a: Yveltal|Dark Pulse|p2a: Kyogre
|-damage|p2a: Kyogre|78/100 slp
|cant|p2a: Kyogre|slp
|move|p2a: Kyogre|Sleep Talk|p2a: Kyogre
|move|p2a: Kyogre|Rest||[from]move: Sleep Talk|[still]
|-fail|p2a: Kyogre
|
|-weather|PrimordialSea|[upkeep]
|upkeep
|turn|24
|
|t:|1664471762
|move|p1a: Yveltal|Dark Pulse|p2a: Kyogre
|-damage|p2a: Kyogre|56/100 slp
|cant|p2a: Kyogre|slp
|cant|p2a: Kyogre|flinch
|
|-weather|PrimordialSea|[upkeep]
|upkeep
|turn|25
|
|t:|1664471765
|move|p1a: Yveltal|Dark Pulse|p2a: Kyogre
|-damage|p2a: Kyogre|34/100 slp
|-curestatus|p2a: Kyogre|slp|[msg]
|cant|p2a: Kyogre|flinch
|
|-weather|PrimordialSea|[upkeep]
|upkeep
|turn|26
|
|t:|1664471768
|move|p1a: Yveltal|Dark Pulse|p2a: Kyogre
|-damage|p2a: Kyogre|12/100
|move|p2a: Kyogre|Surf|p1a: Yveltal
|-damage|p1a: Yveltal|0 fnt
|faint|p1a: Yveltal
|
|win|DarkboiJ
|raw|iopkj09's rating: 1719 &rarr; <strong>1704</strong><br />(-15 for losing)
|raw|DarkboiJ's rating: 1809 &rarr; <strong>1824</strong><br />(+15 for winning)
|l|☆iopkj09
