|j|☆babooneweethwee
|j|☆Sunorma
|t:|1667054886
|gametype|singles
|player|p1|babooneweethwee|depotagent|1402
|player|p2|Sunorma|roxie|1443
|teamsize|p1|6
|teamsize|p2|6
|gen|8
|tier|[Gen 8] National Dex AG
|rated|
|rule|HP Percentage Mod: HP is shown in percentages
|rule|Endless Battle Clause: Forcing endless battles is banned
|clearpoke
|poke|p1|Nuzleaf, M|
|poke|p1|Nidoking, M|
|poke|p1|Manaphy|
|poke|p1|Cutiefly, F|
|poke|p1|Bewear, F|
|poke|p1|Crobat, F|
|poke|p2|Scolipede, M|
|poke|p2|Mew|
|poke|p2|Kartana|
|poke|p2|Marshadow|
|poke|p2|Blacephalon|
|poke|p2|Smeargle, F|
|teampreview
|
|t:|1667054906
|start
|switch|p1a: Cutiefly|Cutiefly, F|100/100
|switch|p2a: Scolipede|Scolipede, M|100/100
|turn|1
|
|t:|1667054917
|move|p2a: Scolipede|Substitute|p2a: Scolipede
|-start|p2a: Scolipede|Substitute
|-damage|p2a: Scolipede|76/100
|move|p1a: Cutiefly|Sticky Web|p2a: Scolipede
|-sidestart|p2: Sunorma|move: Sticky Web
|
|-heal|p2a: Scolipede|82/100|[from] item: Leftovers
|-ability|p2a: Scolipede|Speed Boost|boost
|-boost|p2a: Scolipede|spe|1
|upkeep
|turn|2
|
|t:|1667054926
|move|p2a: Scolipede|Protect|p2a: Scolipede
|-singleturn|p2a: Scolipede|Protect
|move|p1a: Cutiefly|Quiver Dance|p1a: Cutiefly
|-boost|p1a: Cutiefly|spa|1
|-boost|p1a: Cutiefly|spd|1
|-boost|p1a: Cutiefly|spe|1
|
|-heal|p2a: Scolipede|88/100|[from] item: Leftovers
|-ability|p2a: Scolipede|Speed Boost|boost
|-boost|p2a: Scolipede|spe|1
|upkeep
|turn|3
|
|t:|1667054941
|move|p2a: Scolipede|Iron Defense|p2a: Scolipede
|-boost|p2a: Scolipede|def|2
|move|p1a: Cutiefly|Baton Pass|p1a: Cutiefly
|
|t:|1667054946
|switch|p1a: Nidoking|Nidoking, M|100/100|[from]move: Baton Pass
|
|-heal|p2a: Scolipede|94/100|[from] item: Leftovers
|-ability|p2a: Scolipede|Speed Boost|boost
|-boost|p2a: Scolipede|spe|1
|upkeep
|turn|4
|
|t:|1667054955
|move|p2a: Scolipede|Protect|p2a: Scolipede
|-singleturn|p2a: Scolipede|Protect
|move|p1a: Nidoking|Substitute|p1a: Nidoking
|-start|p1a: Nidoking|Substitute
|-damage|p1a: Nidoking|76/100
|
|-heal|p2a: Scolipede|100/100|[from] item: Leftovers
|-ability|p2a: Scolipede|Speed Boost|boost
|-boost|p2a: Scolipede|spe|1
|upkeep
|turn|5
|
|t:|1667054965
|-end|p1a: Nidoking|Substitute
|-start|p1a: Nidoking|Dynamax|
|-heal|p1a: Nidoking|76/100|[silent]
|move|p2a: Scolipede|Iron Defense|p2a: Scolipede
|-boost|p2a: Scolipede|def|2
|move|p1a: Nidoking|Max Ooze|p2a: Scolipede
|-resisted|p2a: Scolipede
|-end|p2a: Scolipede|Substitute
|-boost|p1a: Nidoking|spa|1
|-damage|p1a: Nidoking|71/100|[from] item: Life Orb
|
|-ability|p2a: Scolipede|Speed Boost|boost
|-boost|p2a: Scolipede|spe|1
|upkeep
|turn|6
|
|t:|1667054981
|move|p2a: Scolipede|Substitute|p2a: Scolipede
|-start|p2a: Scolipede|Substitute
|-damage|p2a: Scolipede|76/100
|move|p1a: Nidoking|Max Quake|p2a: Scolipede
|-crit|p2a: Scolipede
|-end|p2a: Scolipede|Substitute
|-boost|p1a: Nidoking|spd|1
|-damage|p1a: Nidoking|66/100|[from] item: Life Orb
|
|-heal|p2a: Scolipede|82/100|[from] item: Leftovers
|-ability|p2a: Scolipede|Speed Boost|boost
|-boost|p2a: Scolipede|spe|1
|upkeep
|turn|7
|
|t:|1667054987
|move|p2a: Scolipede|Substitute|p2a: Scolipede
|-start|p2a: Scolipede|Substitute
|-damage|p2a: Scolipede|57/100
|move|p1a: Nidoking|Max Ooze|p2a: Scolipede
|-resisted|p2a: Scolipede
|-end|p2a: Scolipede|Substitute
|-boost|p1a: Nidoking|spa|1
|-damage|p1a: Nidoking|61/100|[from] item: Life Orb
|
|-heal|p2a: Scolipede|63/100|[from] item: Leftovers
|upkeep
|-end|p1a: Nidoking|Dynamax
|-heal|p1a: Nidoking|61/100|[silent]
|turn|8
|
|t:|1667055001
|move|p2a: Scolipede|Protect|p2a: Scolipede
|-singleturn|p2a: Scolipede|Protect
|move|p1a: Nidoking|Substitute|p1a: Nidoking
|-start|p1a: Nidoking|Substitute
|-damage|p1a: Nidoking|36/100
|
|-heal|p2a: Scolipede|70/100|[from] item: Leftovers
|upkeep
|turn|9
|
|t:|1667055007
|move|p2a: Scolipede|Substitute|p2a: Scolipede
|-start|p2a: Scolipede|Substitute
|-damage|p2a: Scolipede|45/100
|move|p1a: Nidoking|Earth Power|p2a: Scolipede
|-end|p2a: Scolipede|Substitute
|
|-heal|p2a: Scolipede|51/100|[from] item: Leftovers
|upkeep
|turn|10
|
|t:|1667055021
|move|p2a: Scolipede|Protect|p2a: Scolipede
|-singleturn|p2a: Scolipede|Protect
|move|p1a: Nidoking|Earth Power|p2a: Scolipede
|-activate|p2a: Scolipede|move: Protect
|
|-heal|p2a: Scolipede|57/100|[from] item: Leftovers
|upkeep
|turn|11
|
|t:|1667055027
|move|p2a: Scolipede|Substitute|p2a: Scolipede
|-start|p2a: Scolipede|Substitute
|-damage|p2a: Scolipede|32/100
|move|p1a: Nidoking|Ice Beam|p2a: Scolipede
|-end|p2a: Scolipede|Substitute
|
|-heal|p2a: Scolipede|39/100|[from] item: Leftovers
|upkeep
|turn|12
|
|t:|1667055033
|move|p2a: Scolipede|Protect|p2a: Scolipede
|-singleturn|p2a: Scolipede|Protect
|move|p1a: Nidoking|Ice Beam|p2a: Scolipede
|-activate|p2a: Scolipede|move: Protect
|
|-heal|p2a: Scolipede|45/100|[from] item: Leftovers
|upkeep
|turn|13
|
|t:|1667055038
|move|p2a: Scolipede|Substitute|p2a: Scolipede
|-start|p2a: Scolipede|Substitute
|-damage|p2a: Scolipede|20/100
|move|p1a: Nidoking|Earth Power|p2a: Scolipede
|-end|p2a: Scolipede|Substitute
|
|-heal|p2a: Scolipede|26/100|[from] item: Leftovers
|upkeep
|turn|14
|
|t:|1667055048
|move|p2a: Scolipede|Protect|p2a: Scolipede
|-singleturn|p2a: Scolipede|Protect
|move|p1a: Nidoking|Ice Beam|p2a: Scolipede
|-activate|p2a: Scolipede|move: Protect
|
|-heal|p2a: Scolipede|32/100|[from] item: Leftovers
|upkeep
|turn|15
|
|t:|1667055059
|move|p2a: Scolipede|Substitute|p2a: Scolipede
|-start|p2a: Scolipede|Substitute
|-damage|p2a: Scolipede|8/100
|move|p1a: Nidoking|Earth Power|p2a: Scolipede
|-end|p2a: Scolipede|Substitute
|
|-heal|p2a: Scolipede|14/100|[from] item: Leftovers
|upkeep
|turn|16
|
|t:|1667055069
|move|p2a: Scolipede|Protect|p2a: Scolipede
|-singleturn|p2a: Scolipede|Protect
|move|p1a: Nidoking|Ice Beam|p2a: Scolipede
|-activate|p2a: Scolipede|move: Protect
|
|-heal|p2a: Scolipede|20/100|[from] item: Leftovers
|upkeep
|turn|17
|
|t:|1667055084
|move|p2a: Scolipede|Baton Pass|p2a: Scolipede
|
|t:|1667055100
|switch|p2a: Mew|Mew|100/100|[from]move: Baton Pass
|-activate|p2a: Mew|move: Sticky Web
|-unboost|p2a: Mew|spe|1
|move|p1a: Nidoking|Earth Power|p2a: Mew
|-damage|p2a: Mew|0 fnt
|faint|p2a: Mew
|
|upkeep
|inactive|Battle timer is ON: inactive players will automatically lose when time's up. (requested by babooneweethwee)
|
|t:|1667055109
|switch|p2a: Smeargle|Smeargle, F|100/100
|-activate|p2a: Smeargle|move: Sticky Web
|-unboost|p2a: Smeargle|spe|1
|turn|18
|
|t:|1667055119
|move|p1a: Nidoking|Ice Beam|p2a: Smeargle
|-enditem|p2a: Smeargle|Focus Sash
|-damage|p2a: Smeargle|1/100
|move|p2a: Smeargle|Minimize|p2a: Smeargle
|-boost|p2a: Smeargle|evasion|2
|
|-ability|p2a: Smeargle|Moody|boost
|-boost|p2a: Smeargle|spa|2
|-unboost|p2a: Smeargle|spd|1
|upkeep
|turn|19
|
|t:|1667055125
|move|p1a: Nidoking|Sludge Wave|p2a: Smeargle
|-damage|p2a: Smeargle|0 fnt
|faint|p2a: Smeargle
|
|upkeep
|
|t:|1667055132
|switch|p2a: Marshadow|Marshadow|100/100
|-activate|p2a: Marshadow|move: Sticky Web
|-unboost|p2a: Marshadow|spe|1
|turn|20
|
|t:|1667055137
|move|p1a: Nidoking|Earth Power|p2a: Marshadow
|-enditem|p2a: Marshadow|Focus Sash
|-damage|p2a: Marshadow|1/100
|move|p2a: Marshadow|Spectral Thief||[still]
|-clearpositiveboost|p1a: Nidoking|p2a: Marshadow|move: Spectral Thief
|-boost|p2a: Marshadow|spa|3
|-boost|p2a: Marshadow|spd|2
|-boost|p2a: Marshadow|spe|1
|-anim|p2a: Marshadow|Spectral Thief|p1a: Nidoking
|-damage|p1a: Nidoking|0 fnt
|faint|p1a: Nidoking
|
|upkeep
|
|t:|1667055147
|switch|p1a: Crobat|Crobat, F|100/100
|turn|21
|
|t:|1667055162
|move|p2a: Marshadow|Shadow Sneak|p1a: Crobat
|-damage|p1a: Crobat|61/100
|move|p1a: Crobat|Sludge Bomb|p2a: Marshadow
|-resisted|p2a: Marshadow
|-damage|p2a: Marshadow|0 fnt
|faint|p2a: Marshadow
|-damage|p1a: Crobat|51/100|[from] item: Life Orb
|
|upkeep
|
|t:|1667055167
|switch|p2a: Scolipede|Scolipede, M|20/100
|-activate|p2a: Scolipede|move: Sticky Web
|-unboost|p2a: Scolipede|spe|1
|turn|22
|
|t:|1667055192
|move|p2a: Scolipede|Protect|p2a: Scolipede
|-singleturn|p2a: Scolipede|Protect
|move|p1a: Crobat|Nasty Plot|p1a: Crobat
|-boost|p1a: Crobat|spa|2
|
|-heal|p2a: Scolipede|26/100|[from] item: Leftovers
|-ability|p2a: Scolipede|Speed Boost|boost
|-boost|p2a: Scolipede|spe|1
|upkeep
|turn|23
|
|t:|1667055208
|move|p1a: Crobat|Sludge Bomb|p2a: Scolipede
|-resisted|p2a: Scolipede
|-damage|p2a: Scolipede|0 fnt
|faint|p2a: Scolipede
|-damage|p1a: Crobat|41/100|[from] item: Life Orb
|
|upkeep
|
|t:|1667055220
|switch|p2a: Blacephalon|Blacephalon|100/100
|-activate|p2a: Blacephalon|move: Sticky Web
|-unboost|p2a: Blacephalon|spe|1
|turn|24
|
|t:|1667055229
|-start|p2a: Blacephalon|Dynamax|
|-heal|p2a: Blacephalon|100/100|[silent]
|move|p1a: Crobat|Hurricane|p2a: Blacephalon
|-damage|p2a: Blacephalon|17/100
|-damage|p1a: Crobat|31/100|[from] item: Life Orb
|move|p2a: Blacephalon|Max Airstream|p1a: Crobat
|-damage|p1a: Crobat|0 fnt
|-boost|p2a: Blacephalon|spe|1
|faint|p1a: Crobat
|-ability|p2a: Blacephalon|Beast Boost|boost
|-boost|p2a: Blacephalon|spa|1
|
|upkeep
|
|t:|1667055239
|switch|p1a: Nuzleaf|Nuzleaf, M|100/100
|turn|25
|
|t:|1667055247
|move|p2a: Blacephalon|Max Flare|p1a: Nuzleaf
|-supereffective|p1a: Nuzleaf
|-enditem|p1a: Nuzleaf|Focus Sash
|-damage|p1a: Nuzleaf|1/100
|-weather|SunnyDay
|move|p1a: Nuzleaf|Swords Dance|p1a: Nuzleaf
|-boost|p1a: Nuzleaf|atk|2
|
|-weather|SunnyDay|[upkeep]
|upkeep
|turn|26
|
|t:|1667055259
|move|p1a: Nuzleaf|Sucker Punch|p2a: Blacephalon
|-supereffective|p2a: Blacephalon
|-damage|p2a: Blacephalon|0 fnt
|faint|p2a: Blacephalon
|
|-weather|SunnyDay|[upkeep]
|upkeep
|
|t:|1667055262
|switch|p2a: Kartana|Kartana|100/100
|-activate|p2a: Kartana|move: Sticky Web
|-unboost|p2a: Kartana|spe|1
|turn|27
|
|t:|1667055289
|move|p1a: Nuzleaf|Sucker Punch|p2a: Kartana
|-damage|p2a: Kartana|42/100
|move|p2a: Kartana|Knock Off|p1a: Nuzleaf
|-resisted|p1a: Nuzleaf
|-damage|p1a: Nuzleaf|0 fnt
|faint|p1a: Nuzleaf
|-ability|p2a: Kartana|Beast Boost|boost
|-boost|p2a: Kartana|atk|1
|
|-weather|SunnyDay|[upkeep]
|upkeep
|
|t:|1667055294
|switch|p1a: Manaphy|Manaphy|100/100
|turn|28
|
|t:|1667055299
|move|p1a: Manaphy|Ice Beam|p2a: Kartana
|-damage|p2a: Kartana|0 fnt
|faint|p2a: Kartana
|-damage|p1a: Manaphy|91/100|[from] item: Life Orb
|
|win|babooneweethwee
|raw|babooneweethwee's rating: 1402 &rarr; <strong>1424</strong><br />(+22 for winning)
|raw|Sunorma's rating: 1443 &rarr; <strong>1421</strong><br />(-22 for losing)
|c|☆babooneweethwee|gg
|l|☆Sunorma
