|j|☆JiayouOligay666
|j|☆ArmyOfBrachydios
|t:|1654102005
|gametype|singles
|player|p1|JiayouOligay666|unknown|1260
|player|p2|ArmyOfBrachydios|2|1156
|teamsize|p1|6
|teamsize|p2|6
|gen|8
|tier|[Gen 8] National Dex AG
|rated|
|rule|HP Percentage Mod: HP is shown in percentages
|rule|Endless Battle Clause: Forcing endless battles is banned
|clearpoke
|poke|p1|Charizard, M|
|poke|p1|Greninja, M|
|poke|p1|Necrozma-Dusk-Mane|
|poke|p1|Chansey, F|
|poke|p1|Calyrex-Shadow|
|poke|p1|Arceus-*|
|poke|p2|Sceptile, M|
|poke|p2|Pinsir, F|
|poke|p2|Drapion, M|
|poke|p2|Barraskewda, F|
|poke|p2|Arcanine, M|
|poke|p2|Corsola-Galar, M|
|teampreview
|
|t:|1654102013
|start
|switch|p1a: Shado Hoarse|Calyrex-Shadow|100/100
|switch|p2a: Arcanine|Arcanine, M|100/100
|-ability|p1a: Shado Hoarse|As One
|-ability|p1a: Shado Hoarse|Unnerve
|-ability|p2a: Arcanine|Intimidate|boost
|-unboost|p1a: Shado Hoarse|atk|1
|turn|1
|
|t:|1654102021
|-start|p2a: Arcanine|Dynamax|
|-heal|p2a: Arcanine|100/100|[silent]
|move|p1a: Shado Hoarse|Astral Barrage|p2a: Arcanine
|-damage|p2a: Arcanine|55/100
|move|p2a: Arcanine|Max Darkness|p1a: Shado Hoarse
|-supereffective|p1a: Shado Hoarse
|-enditem|p1a: Shado Hoarse|Focus Sash
|-damage|p1a: Shado Hoarse|1/100
|-unboost|p1a: Shado Hoarse|spd|1
|-damage|p2a: Arcanine|50/100|[from] item: Life Orb
|
|upkeep
|turn|2
|c|☆JiayouOligay666|well this is a reckless first turn dynamax
|
|t:|1654102041
|switch|p1a: Fairy God|Arceus-Fairy|100/100
|move|p2a: Arcanine|Max Flare|p1a: Fairy God
|-damage|p1a: Fairy God|36/100
|-weather|SunnyDay
|-damage|p2a: Arcanine|45/100|[from] item: Life Orb
|
|-weather|SunnyDay|[upkeep]
|upkeep
|turn|3
|
|t:|1654102050
|switch|p1a: TBNR Zard|Charizard, M|100/100
|move|p2a: Arcanine|Max Flare|p1a: TBNR Zard
|-resisted|p1a: TBNR Zard
|-damage|p1a: TBNR Zard|0 fnt
|faint|p1a: TBNR Zard
|-damage|p2a: Arcanine|40/100|[from] item: Life Orb
|
|-weather|SunnyDay|[upkeep]
|upkeep
|
|t:|1654102064
|switch|p1a: Vitamin D|Necrozma-Dusk-Mane|100/100
|-end|p2a: Arcanine|Dynamax
|-heal|p2a: Arcanine|40/100|[silent]
|turn|4
|
|t:|1654102071
|detailschange|p1a: Vitamin D|Necrozma-Ultra
|-burst|p1a: Vitamin D|Necrozma|Ultranecrozium Z
|move|p1a: Vitamin D|Earthquake|p2a: Arcanine
|-supereffective|p2a: Arcanine
|-damage|p2a: Arcanine|0 fnt
|faint|p2a: Arcanine
|
|-weather|SunnyDay|[upkeep]
|upkeep
|
|t:|1654102088
|switch|p2a: Barraskewda|Barraskewda, F|100/100
|turn|5
|
|t:|1654102119
|switch|p1a: Egg Woman|Chansey, F|100/100
|move|p2a: Barraskewda|Crunch|p1a: Egg Woman
|-damage|p1a: Egg Woman|70/100
|-unboost|p1a: Egg Woman|def|1
|
|-weather|SunnyDay|[upkeep]
|upkeep
|turn|6
|
|t:|1654102131
|switch|p2a: Drapion|Drapion, M|100/100
|move|p1a: Egg Woman|Thunder Wave|p2a: Drapion
|-status|p2a: Drapion|par
|
|-weather|none
|upkeep
|turn|7
|
|t:|1654102138
|switch|p1a: Fairy God|Arceus-Fairy|36/100
|move|p2a: Drapion|Swords Dance|p2a: Drapion
|-boost|p2a: Drapion|atk|2
|
|upkeep
|turn|8
|
|t:|1654102144
|move|p1a: Fairy God|Recover|p1a: Fairy God
|-heal|p1a: Fairy God|86/100
|move|p2a: Drapion|Cross Poison|p1a: Fairy God
|-supereffective|p1a: Fairy God
|-damage|p1a: Fairy God|5/100
|
|upkeep
|turn|9
|
|t:|1654102149
|move|p1a: Fairy God|Judgment|p2a: Drapion
|-damage|p2a: Drapion|29/100 par
|cant|p2a: Drapion|par
|
|upkeep
|turn|10
|
|t:|1654102155
|move|p1a: Fairy God|Judgment|p2a: Drapion
|-damage|p2a: Drapion|0 fnt
|faint|p2a: Drapion
|
|upkeep
|
|t:|1654102181
|switch|p2a: Barraskewda|Barraskewda, F|100/100
|turn|11
|
|t:|1654102187
|switch|p1a: Vitamin D|Necrozma-Ultra|100/100
|move|p2a: Barraskewda|Crunch|p1a: Vitamin D
|-supereffective|p1a: Vitamin D
|-damage|p1a: Vitamin D|10/100
|-unboost|p1a: Vitamin D|def|1
|
|upkeep
|turn|12
|
|t:|1654102197
|switch|p1a: Frogue|Greninja, M|100/100
|move|p2a: Barraskewda|Crunch|p1a: Frogue
|-resisted|p1a: Frogue
|-damage|p1a: Frogue|68/100
|
|upkeep
|turn|13
|
|t:|1654102226
|switch|p2a: Corsola|Corsola-Galar, M|100/100
|move|p1a: Frogue|Dark Pulse|p2a: Corsola
|-supereffective|p2a: Corsola
|-damage|p2a: Corsola|58/100
|-start|p1a: Frogue|Disable|Dark Pulse|[from] ability: Cursed Body|[of] p2a: Corsola
|
|upkeep
|turn|14
|
|t:|1654102232
|switch|p1a: Egg Woman|Chansey, F|70/100
|move|p2a: Corsola|Stealth Rock|p1a: Egg Woman
|-sidestart|p1: JiayouOligay666|move: Stealth Rock
|
|upkeep
|turn|15
|
|t:|1654102236
|move|p1a: Egg Woman|Thunder Wave|p2a: Corsola
|-status|p2a: Corsola|par
|cant|p2a: Corsola|par
|
|upkeep
|turn|16
|
|t:|1654102240
|switch|p1a: Fairy God|Arceus-Fairy|5/100
|-damage|p1a: Fairy God|0 fnt|[from] Stealth Rock
|faint|p1a: Fairy God
|cant|p2a: Corsola|par
|
|upkeep
|c|☆JiayouOligay666|oooooof
|c|☆ArmyOfBrachydios|i just killed
|c|☆ArmyOfBrachydios|half of your team
|c|☆JiayouOligay666|indeed
|
|t:|1654102261
|switch|p1a: Frogue|Greninja, M|68/100
|-damage|p1a: Frogue|56/100|[from] Stealth Rock
|turn|17
|
|t:|1654102266
|-start|p1a: Frogue|Dynamax|
|-heal|p1a: Frogue|56/100|[silent]
|move|p1a: Frogue|Max Darkness|p2a: Corsola
|-supereffective|p2a: Corsola
|-damage|p2a: Corsola|0 fnt
|faint|p2a: Corsola
|-activate|p1a: Frogue|ability: Battle Bond
|detailschange|p1a: Frogue|Greninja-Ash, M
|
|upkeep
|
|t:|1654102289
|switch|p2a: Sceptile|Sceptile, M|100/100
|turn|18
|c|☆JiayouOligay666|now i have to guess
|c|☆JiayouOligay666|is it mega sceptile or mega pinsir
|
|t:|1654102301
|move|p1a: Frogue|Max Hailstorm|p2a: Sceptile
|-supereffective|p2a: Sceptile
|-enditem|p2a: Sceptile|Focus Sash
|-damage|p2a: Sceptile|1/100
|-weather|Hail
|move|p2a: Sceptile|Swords Dance|p2a: Sceptile
|-boost|p2a: Sceptile|atk|2
|
|-weather|Hail|[upkeep]
|-damage|p2a: Sceptile|0 fnt|[from] Hail
|-damage|p1a: Frogue|53/100|[from] Hail
|faint|p2a: Sceptile
|upkeep
|c|☆ArmyOfBrachydios|CRAP
|c|☆JiayouOligay666|oooooof
|
|t:|1654102312
|switch|p2a: Pinsir|Pinsir, F|100/100
|turn|19
|
|t:|1654102324
|move|p1a: Frogue|Max Hailstorm|p2a: Pinsir
|-damage|p2a: Pinsir|11/100
|move|p2a: Pinsir|Storm Throw|p1a: Frogue
|-supereffective|p1a: Frogue
|-crit|p1a: Frogue
|-damage|p1a: Frogue|4/100
|
|-weather|Hail|[upkeep]
|-damage|p1a: Frogue|1/100|[from] Hail
|-damage|p2a: Pinsir|5/100|[from] Hail
|upkeep
|-end|p1a: Frogue|Dynamax
|-heal|p1a: Frogue|1/100|[silent]
|turn|20
|c|☆JiayouOligay666|well my own hail kills me
|
|t:|1654102343
|detailschange|p2a: Pinsir|Pinsir-Mega, F
|-mega|p2a: Pinsir|Pinsir|Pinsirite
|move|p1a: Frogue|U-turn|p2a: Pinsir
|-resisted|p2a: Pinsir
|-damage|p2a: Pinsir|0 fnt
|faint|p2a: Pinsir
|
|t:|1654102349
|switch|p1a: Egg Woman|Chansey, F|70/100|[from]move: U-turn
|-damage|p1a: Egg Woman|57/100|[from] Stealth Rock
|
|-weather|Hail|[upkeep]
|-damage|p1a: Egg Woman|51/100|[from] Hail
|upkeep
|
|t:|1654102355
|switch|p2a: Barraskewda|Barraskewda, F|100/100
|turn|21
|
|t:|1654102359
|move|p2a: Barraskewda|Liquidation|p1a: Egg Woman
|-damage|p1a: Egg Woman|3/100
|move|p1a: Egg Woman|Thunder Wave|p2a: Barraskewda
|-status|p2a: Barraskewda|par
|
|-weather|Hail|[upkeep]
|-damage|p2a: Barraskewda|94/100 par|[from] Hail
|-damage|p1a: Egg Woman|0 fnt|[from] Hail
|faint|p1a: Egg Woman
|upkeep
|c|☆JiayouOligay666|gg wp
|
|t:|1654102366
|switch|p1a: Shado Hoarse|Calyrex-Shadow|1/100
|-ability|p1a: Shado Hoarse|As One
|-ability|p1a: Shado Hoarse|Unnerve
|-damage|p1a: Shado Hoarse|0 fnt|[from] Stealth Rock
|faint|p1a: Shado Hoarse
|
|t:|1654102367
|switch|p1a: Frogue|Greninja-Ash, M|1/100
|-damage|p1a: Frogue|0 fnt|[from] Stealth Rock
|faint|p1a: Frogue
|
|t:|1654102368
|switch|p1a: Vitamin D|Necrozma-Ultra|10/100
|-damage|p1a: Vitamin D|0 fnt|[from] Stealth Rock
|faint|p1a: Vitamin D
|
|win|ArmyOfBrachydios
|raw|JiayouOligay666's rating: 1260 &rarr; <strong>1228</strong><br />(-32 for losing)
|raw|ArmyOfBrachydios's rating: 1156 &rarr; <strong>1188</strong><br />(+32 for winning)
|c|☆ArmyOfBrachydios|gg
|c|☆ArmyOfBrachydios|the sun fucked u
|c|☆JiayouOligay666|the rocks be like
|c|☆ArmyOfBrachydios|the dynamax mattered
|c|☆JiayouOligay666|yeah thought zard would live
|c|☆JiayouOligay666|if u brought it in safely could of mega xed
|c|☆ArmyOfBrachydios|life orb sun boosted Arcanine
||Ladder isn't responding, score probably updated but might not have (Request timeout).
