|j|☆thicsucttv
|j|☆iroeweuio
|t:|1662015384
|gametype|singles
|player|p1|thicsucttv|170|1554
|player|p2|iroeweuio|265|1689
|teamsize|p1|6
|teamsize|p2|6
|gen|8
|tier|[Gen 8] National Dex AG
|rated|
|rule|HP Percentage Mod: HP is shown in percentages
|rule|Endless Battle Clause: Forcing endless battles is banned
|clearpoke
|poke|p1|Shuckle, F|
|poke|p1|Marshadow|
|poke|p1|Yveltal|
|poke|p1|Necrozma-Dusk-Mane|
|poke|p1|Ditto|
|poke|p1|Lucario, M|
|poke|p2|Weavile, F|
|poke|p2|Breloom, M|
|poke|p2|Giratina-Origin|
|poke|p2|Ditto|
|poke|p2|Wobbuffet, F|
|poke|p2|Chatot, M|
|teampreview
|
|t:|1662015394
|start
|switch|p1a: Shuckle|Shuckle, F, shiny|100/100
|switch|p2a: Weavile|Weavile, F|100/100
|-ability|p2a: Weavile|Pressure
|turn|1
|inactive|Battle timer is ON: inactive players will automatically lose when time's up. (requested by thicsucttv)
|
|t:|1662015402
|move|p2a: Weavile|Assist|p2a: Weavile
|move|p2a: Weavile|Spore|p1a: Shuckle|[from]move: Assist
|-status|p1a: Shuckle|slp|[from] move: Spore
|cant|p1a: Shuckle|slp
|
|upkeep
|turn|2
|
|t:|1662015409
|move|p2a: Weavile|Substitute|p2a: Weavile
|-start|p2a: Weavile|Substitute
|-damage|p2a: Weavile|76/100
|cant|p1a: Shuckle|slp
|
|-heal|p2a: Weavile|82/100|[from] item: Leftovers
|upkeep
|turn|3
|
|t:|1662015416
|move|p2a: Weavile|Triple Axel|p1a: Shuckle
|-damage|p1a: Shuckle|94/100 slp
|-damage|p1a: Shuckle|83/100 slp
|-damage|p1a: Shuckle|66/100 slp
|-hitcount|p1a: Shuckle|3
|cant|p1a: Shuckle|slp
|
|-heal|p2a: Weavile|88/100|[from] item: Leftovers
|upkeep
|turn|4
|
|t:|1662015427
|move|p2a: Weavile|Triple Axel|p1a: Shuckle
|-damage|p1a: Shuckle|60/100 slp
|-damage|p1a: Shuckle|48/100 slp
|-damage|p1a: Shuckle|32/100 slp
|-hitcount|p1a: Shuckle|3
|-curestatus|p1a: Shuckle|slp|[msg]
|move|p1a: Shuckle|Stealth Rock|p2a: Weavile
|-sidestart|p2: iroeweuio|move: Stealth Rock
|
|-heal|p2a: Weavile|94/100|[from] item: Leftovers
|upkeep
|turn|5
|
|t:|1662015439
|move|p2a: Weavile|Assist|p2a: Weavile
|move|p2a: Weavile|Spore|p1a: Shuckle|[from]move: Assist
|-status|p1a: Shuckle|slp|[from] move: Spore
|cant|p1a: Shuckle|slp
|
|-heal|p2a: Weavile|99/100|[from] item: Leftovers
|upkeep
|turn|6
|
|t:|1662015448
|move|p2a: Weavile|Triple Axel|p1a: Shuckle
|-damage|p1a: Shuckle|26/100 slp
|-damage|p1a: Shuckle|15/100 slp
|-damage|p1a: Shuckle|0 fnt
|faint|p1a: Shuckle
|-hitcount|p1: Shuckle|3
|
|-heal|p2a: Weavile|100/100|[from] item: Leftovers
|upkeep
|
|t:|1662015459
|switch|p1a: Lucario|Lucario, M|100/100
|turn|7
|
|t:|1662015464
|detailschange|p1a: Lucario|Lucario-Mega, M
|-mega|p1a: Lucario|Lucario|Lucarionite
|move|p1a: Lucario|Bullet Punch|p2a: Weavile
|-supereffective|p2a: Weavile
|-end|p2a: Weavile|Substitute
|move|p2a: Weavile|Assist|p2a: Weavile
|move|p2a: Weavile|Spore|p1a: Lucario|[from]move: Assist
|-status|p1a: Lucario|slp|[from] move: Spore
|
|upkeep
|turn|8
|
|t:|1662015475
|switch|p2a: Breloom|Breloom, M|100/100
|-damage|p2a: Breloom|94/100|[from] Stealth Rock
|cant|p1a: Lucario|slp
|
|-status|p2a: Breloom|tox|[from] item: Toxic Orb
|upkeep
|turn|9
|
|t:|1662015485
|-singleturn|p2a: Breloom|move: Focus Punch
|cant|p1a: Lucario|slp
|move|p2a: Breloom|Focus Punch|p1a: Lucario
|-supereffective|p1a: Lucario
|-damage|p1a: Lucario|0 fnt
|faint|p1a: Lucario
|
|-heal|p2a: Breloom|100/100 tox|[from] ability: Poison Heal
|upkeep
|
|t:|1662015502
|switch|p1a: Yveltal|Yveltal|100/100
|-ability|p1a: Yveltal|Dark Aura
|turn|10
|
|t:|1662015510
|-start|p1a: Yveltal|Dynamax|
|-heal|p1a: Yveltal|100/100|[silent]
|move|p2a: Breloom|Protect|p2a: Breloom
|-singleturn|p2a: Breloom|Protect
|move|p1a: Yveltal|Max Airstream|p2a: Breloom
|-supereffective|p2a: Breloom
|-zbroken|p2a: Breloom
|-damage|p2a: Breloom|0 fnt
|-boost|p1a: Yveltal|spe|1
|faint|p2a: Breloom
|-damage|p1a: Yveltal|96/100|[from] item: Life Orb
|
|upkeep
|
|t:|1662015524
|switch|p2a: Ditto|Ditto|100/100
|-damage|p2a: Ditto|88/100|[from] Stealth Rock
|-transform|p2a: Ditto|p1a: Yveltal|[from] ability: Imposter
|-ability|p2a: Ditto|Dark Aura
|turn|11
|
|t:|1662015537
|switch|p2a: Chatot|Chatot, M|100/100
|-damage|p2a: Chatot|76/100|[from] Stealth Rock
|move|p1a: Yveltal|Max Airstream|p2a: Chatot
|-damage|p2a: Chatot|0 fnt
|-boost|p1a: Yveltal|spe|1
|faint|p2a: Chatot
|-damage|p1a: Yveltal|91/100|[from] item: Life Orb
|
|upkeep
|
|t:|1662015540
|switch|p2a: Ditto|Ditto|88/100
|-damage|p2a: Ditto|76/100|[from] Stealth Rock
|-transform|p2a: Ditto|p1a: Yveltal|[from] ability: Imposter
|-ability|p2a: Ditto|Dark Aura
|turn|12
|
|t:|1662015555
|-start|p2a: Ditto|Dynamax|
|-heal|p2a: Ditto|76/100|[silent]
|move|p2a: Ditto|Max Guard|p2a: Ditto
|-singleturn|p2a: Ditto|Max Guard
|move|p1a: Yveltal|Max Airstream|p2a: Ditto
|-activate|p2a: Ditto|move: Max Guard
|
|upkeep
|-end|p1a: Yveltal|Dynamax
|-heal|p1a: Yveltal|91/100|[silent]
|turn|13
|
|t:|1662015566
|move|p1a: Yveltal|Knock Off|p2a: Ditto
|-resisted|p2a: Ditto
|-damage|p2a: Ditto|49/100
|-enditem|p2a: Ditto|Choice Scarf|[from] move: Knock Off|[of] p1a: Yveltal
|-damage|p1a: Yveltal|81/100|[from] item: Life Orb
|move|p2a: Ditto|Max Airstream|p1a: Yveltal
|-damage|p1a: Yveltal|18/100
|-boost|p2a: Ditto|spe|1
|
|upkeep
|turn|14
|
|t:|1662015591
|move|p1a: Yveltal|Sucker Punch|p2a: Ditto
|-resisted|p2a: Ditto
|-damage|p2a: Ditto|27/100
|-damage|p1a: Yveltal|8/100|[from] item: Life Orb
|move|p2a: Ditto|Max Darkness|p1a: Yveltal
|-resisted|p1a: Yveltal
|-damage|p1a: Yveltal|0 fnt
|faint|p1a: Yveltal
|
|upkeep
|inactive|thicsucttv has 120 seconds left.
|
|t:|1662015604
|switch|p1a: Marshadow|Marshadow|100/100
|-end|p2a: Ditto|Dynamax
|-heal|p2a: Ditto|27/100|[silent]
|turn|15
|inactive|thicsucttv has 120 seconds left.
|
|t:|1662015619
|move|p2a: Ditto|Dual Wingbeat|p1a: Marshadow
|-supereffective|p1a: Marshadow
|-damage|p1a: Marshadow|44/100
|-supereffective|p1a: Marshadow
|-damage|p1a: Marshadow|0 fnt
|faint|p1a: Marshadow
|-hitcount|p1: Marshadow|2
|
|upkeep
|
|t:|1662015626
|switch|p1a: Necrozma|Necrozma-Dusk-Mane|100/100
|turn|16
|inactive|thicsucttv has 120 seconds left.
|
|t:|1662015631
|move|p2a: Ditto|Knock Off|p1a: Necrozma
|-supereffective|p1a: Necrozma
|-damage|p1a: Necrozma|36/100
|move|p1a: Necrozma|Stone Edge|p2a: Ditto
|-supereffective|p2a: Ditto
|-damage|p2a: Ditto|0 fnt
|faint|p2a: Ditto
|
|upkeep
|
|t:|1662015637
|switch|p2a: Giratina|Giratina-Origin|100/100
|-damage|p2a: Giratina|88/100|[from] Stealth Rock
|turn|17
|inactive|thicsucttv has 120 seconds left.
|
|t:|1662015653
|switch|p1a: Ditto|Ditto|100/100
|-transform|p1a: Ditto|p2a: Giratina|[from] ability: Imposter
|move|p2a: Giratina|Shadow Force||[still]
|-prepare|p2a: Giratina|Shadow Force
|
|upkeep
|turn|18
|inactive|thicsucttv has 120 seconds left.
|
|t:|1662015663
|move|p1a: Ditto|Shadow Force||[still]
|-prepare|p1a: Ditto|Shadow Force
|move|p2a: Giratina|Shadow Force|p1a: Ditto|[from]lockedmove|[miss]
|-miss|p2a: Giratina|p1a: Ditto
|
|upkeep
|turn|19
|
|t:|1662015670
|switch|p2a: Weavile|Weavile, F|100/100
|-damage|p2a: Weavile|76/100|[from] Stealth Rock
|-ability|p2a: Weavile|Pressure
|move|p1a: Ditto|Shadow Force|p2a: Weavile|[from]lockedmove
|-resisted|p2a: Weavile
|-damage|p2a: Weavile|28/100
|
|-heal|p2a: Weavile|34/100|[from] item: Leftovers
|upkeep
|turn|20
|
|t:|1662015682
|move|p1a: Ditto|Shadow Force||[still]
|-prepare|p1a: Ditto|Shadow Force
|move|p2a: Weavile|Substitute|p2a: Weavile
|-start|p2a: Weavile|Substitute
|-damage|p2a: Weavile|9/100
|
|-heal|p2a: Weavile|15/100|[from] item: Leftovers
|upkeep
|turn|21
|
|t:|1662015690
|move|p1a: Ditto|Shadow Force|p2a: Weavile|[from]lockedmove
|-resisted|p2a: Weavile
|-end|p2a: Weavile|Substitute
|move|p2a: Weavile|Assist|p2a: Weavile
|move|p2a: Weavile|Spore|p1a: Ditto|[from]move: Assist
|-status|p1a: Ditto|slp|[from] move: Spore
|
|-heal|p2a: Weavile|21/100|[from] item: Leftovers
|upkeep
|turn|22
|j| Snake of the Moon
|
|t:|1662015700
|cant|p1a: Ditto|slp
|move|p2a: Weavile|Triple Axel|p1a: Ditto
|-supereffective|p1a: Ditto
|-damage|p1a: Ditto|72/100 slp
|-supereffective|p1a: Ditto
|-damage|p1a: Ditto|15/100 slp
|-supereffective|p1a: Ditto
|-crit|p1a: Ditto
|-damage|p1a: Ditto|0 fnt
|faint|p1a: Ditto
|-hitcount|p1: Ditto|3
|
|-heal|p2a: Weavile|28/100|[from] item: Leftovers
|upkeep
|
|t:|1662015713
|switch|p1a: Necrozma|Necrozma-Dusk-Mane|36/100
|turn|23
|
|t:|1662015717
|detailschange|p1a: Necrozma|Necrozma-Ultra
|-burst|p1a: Necrozma|Necrozma|Ultranecrozium Z
|move|p1a: Necrozma|Earthquake|p2a: Weavile
|-damage|p2a: Weavile|0 fnt
|faint|p2a: Weavile
|
|upkeep
|
|t:|1662015722
|switch|p2a: Wobbuffet|Wobbuffet, F|100/100
|-damage|p2a: Wobbuffet|88/100|[from] Stealth Rock
|turn|24
|
|t:|1662015727
|move|p1a: Necrozma|Dragon Dance|p1a: Necrozma
|-boost|p1a: Necrozma|atk|1
|-boost|p1a: Necrozma|spe|1
|move|p2a: Wobbuffet|Destiny Bond|p2a: Wobbuffet
|-singlemove|p2a: Wobbuffet|Destiny Bond
|
|upkeep
|turn|25
|
|t:|1662015734
|move|p1a: Necrozma|Photon Geyser|p2a: Wobbuffet
|-resisted|p2a: Wobbuffet
|-damage|p2a: Wobbuffet|48/100
|move|p2a: Wobbuffet|Counter|p1a: Necrozma
|-damage|p1a: Necrozma|0 fnt
|faint|p1a: Necrozma
|
|win|iroeweuio
|raw|thicsucttv's rating: 1554 &rarr; <strong>1541</strong><br />(-13 for losing)
|raw|iroeweuio's rating: 1689 &rarr; <strong>1702</strong><br />(+13 for winning)
|c|☆iroeweuio|gg
|l|☆thicsucttv
