|j|☆BrixStillNotLuvin
|j|☆SteelPhoenix363
|t:|1668179339
|gametype|singles
|player|p1|BrixStillNotLuvin|linebacker|1774
|player|p2|SteelPhoenix363|170|1603
|teamsize|p1|6
|teamsize|p2|6
|gen|8
|tier|[Gen 8] National Dex AG
|rated|
|rule|HP Percentage Mod: HP is shown in percentages
|rule|Endless Battle Clause: Forcing endless battles is banned
|clearpoke
|poke|p1|Zygarde|
|poke|p1|Ho-Oh|
|poke|p1|Necrozma-Dusk-Mane|
|poke|p1|Yveltal|
|poke|p1|Chansey, F|
|poke|p1|Arceus-*|
|poke|p2|Smeargle, F|
|poke|p2|Groudon|
|poke|p2|Xerneas-*|
|poke|p2|Yveltal|
|poke|p2|Rayquaza|
|poke|p2|Arceus-*|
|teampreview
|inactive|Battle timer is ON: inactive players will automatically lose when time's up. (requested by BrixStillNotLuvin)
|
|t:|1668179354
|start
|switch|p1a: Buck|Zygarde, shiny|100/100
|switch|p2a: SmearMyReputation|Smeargle, F, shiny|100/100
|turn|1
|
|t:|1668179357
|move|p2a: SmearMyReputation|Spore|p1a: Buck
|-activate|p1a: Buck|item: Safety Goggles|Spore
|move|p1a: Buck|Glare|p2a: SmearMyReputation
|-status|p2a: SmearMyReputation|par
|
|-ability|p2a: SmearMyReputation|Moody|boost
|-boost|p2a: SmearMyReputation|atk|2
|-unboost|p2a: SmearMyReputation|spe|1
|upkeep
|turn|2
|
|t:|1668179362
|move|p1a: Buck|Thousand Arrows|p2a: SmearMyReputation
|-damage|p2a: SmearMyReputation|28/100 par
|move|p2a: SmearMyReputation|Sticky Web|p1a: Buck
|-sidestart|p1: BrixStillNotLuvin|move: Sticky Web
|
|-ability|p2a: SmearMyReputation|Moody|boost
|-boost|p2a: SmearMyReputation|atk|2
|-unboost|p2a: SmearMyReputation|def|1
|upkeep
|turn|3
|j| yhysyyds
|
|t:|1668179390
|move|p1a: Buck|Thousand Arrows|p2a: SmearMyReputation
|-damage|p2a: SmearMyReputation|0 fnt
|faint|p2a: SmearMyReputation
|
|upkeep
|inactive|SteelPhoenix363 has 120 seconds left.
|inactive|SteelPhoenix363 has 90 seconds left.
|
|t:|1668179450
|switch|p2a: Panzer|Arceus-Ground|100/100
|turn|4
|
|t:|1668179467
|switch|p1a: Deus Das Fadas|Arceus-Fairy|100/100
|-activate|p1a: Deus Das Fadas|move: Sticky Web
|-unboost|p1a: Deus Das Fadas|spe|1
|move|p2a: Panzer|Calm Mind|p2a: Panzer
|-boost|p2a: Panzer|spa|1
|-boost|p2a: Panzer|spd|1
|
|upkeep
|turn|5
|
|t:|1668179471
|move|p2a: Panzer|Judgment|p1a: Deus Das Fadas
|-damage|p1a: Deus Das Fadas|38/100
|move|p1a: Deus Das Fadas|Toxic|p2a: Panzer
|-status|p2a: Panzer|tox
|
|-damage|p2a: Panzer|94/100 tox|[from] psn
|upkeep
|turn|6
|
|t:|1668179479
|switch|p1a: KFC|Ho-Oh, shiny|100/100
|move|p2a: Panzer|Judgment|p1a: KFC
|-immune|p1a: KFC
|
|-damage|p2a: Panzer|82/100 tox|[from] psn
|upkeep
|turn|7
|inactive|SteelPhoenix363 has 90 seconds left.
|
|t:|1668179490
|move|p2a: Panzer|Ice Beam|p1a: KFC
|-damage|p1a: KFC|79/100
|move|p1a: KFC|Defog|p2a: Panzer
|-unboost|p2a: Panzer|evasion|1
|-sideend|p1: BrixStillNotLuvin|Sticky Web|[from] move: Defog|[of] p1a: KFC
|
|-damage|p2a: Panzer|64/100 tox|[from] psn
|upkeep
|turn|8
|inactive|SteelPhoenix363 has 90 seconds left.
|
|t:|1668179496
|switch|p1a: Ovo|Chansey, F|100/100
|move|p2a: Panzer|Calm Mind|p2a: Panzer
|-boost|p2a: Panzer|spa|1
|-boost|p2a: Panzer|spd|1
|
|-damage|p2a: Panzer|40/100 tox|[from] psn
|upkeep
|turn|9
|
|t:|1668179503
|move|p2a: Panzer|Recover|p2a: Panzer
|-heal|p2a: Panzer|90/100 tox
|move|p1a: Ovo|Seismic Toss|p2a: Panzer
|-damage|p2a: Panzer|64/100 tox
|
|-damage|p2a: Panzer|34/100 tox|[from] psn
|upkeep
|turn|10
|
|t:|1668179506
|move|p2a: Panzer|Judgment|p1a: Ovo
|-damage|p1a: Ovo|59/100
|move|p1a: Ovo|Seismic Toss|p2a: Panzer
|-damage|p2a: Panzer|8/100 tox
|
|-damage|p2a: Panzer|0 fnt|[from] psn
|faint|p2a: Panzer
|upkeep
|j| Eteracian
|
|t:|1668179518
|switch|p2a: BigPPDon|Groudon, shiny|100/100
|detailschange|p2a: BigPPDon|Groudon-Primal, shiny
|-primal|p2a: BigPPDon
|-weather|DesolateLand|[from] ability: Desolate Land|[of] p2a: BigPPDon
|turn|11
|
|t:|1668179525
|switch|p1a: Buck|Zygarde, shiny|100/100
|move|p2a: BigPPDon|Stealth Rock|p1a: Buck
|-sidestart|p1: BrixStillNotLuvin|move: Stealth Rock
|
|-weather|DesolateLand|[upkeep]
|upkeep
|turn|12
|
|t:|1668179529
|move|p2a: BigPPDon|Precipice Blades|p1a: Buck
|-damage|p1a: Buck|59/100
|move|p1a: Buck|Glare|p2a: BigPPDon
|-status|p2a: BigPPDon|par
|
|-weather|DesolateLand|[upkeep]
|upkeep
|turn|13
|
|t:|1668179532
|move|p1a: Buck|Thousand Arrows|p2a: BigPPDon
|-supereffective|p2a: BigPPDon
|-damage|p2a: BigPPDon|60/100 par
|move|p2a: BigPPDon|Precipice Blades|p1a: Buck
|-damage|p1a: Buck|17/100
|
|-weather|DesolateLand|[upkeep]
|-activate|p1a: Buck|ability: Power Construct
|detailschange|p1a: Buck|Zygarde-Complete, shiny
|-heal|p1a: Buck|46/100|[silent]
|upkeep
|turn|14
|
|t:|1668179537
|move|p1a: Buck|Thousand Arrows|p2a: BigPPDon
|-supereffective|p2a: BigPPDon
|-damage|p2a: BigPPDon|16/100 par
|cant|p2a: BigPPDon|par
|
|-weather|DesolateLand|[upkeep]
|upkeep
|turn|15
|
|t:|1668179541
|move|p1a: Buck|Thousand Arrows|p2a: BigPPDon
|-supereffective|p2a: BigPPDon
|-damage|p2a: BigPPDon|0 fnt
|faint|p2a: BigPPDon
|-weather|none
|
|upkeep
|
|t:|1668179555
|switch|p2a: Xernie Sanders|Xerneas|100/100
|-ability|p2a: Xernie Sanders|Fairy Aura
|turn|16
|
|t:|1668179569
|move|p2a: Xernie Sanders|Geomancy||[still]
|-prepare|p2a: Xernie Sanders|Geomancy
|-enditem|p2a: Xernie Sanders|Power Herb
|-anim|p2a: Xernie Sanders|Geomancy|p2a: Xernie Sanders
|-boost|p2a: Xernie Sanders|spa|2
|-boost|p2a: Xernie Sanders|spd|2
|-boost|p2a: Xernie Sanders|spe|2
|move|p1a: Buck|Haze|p1a: Buck
|-clearallboost
|
|upkeep
|turn|17
|c|☆SteelPhoenix363|huh
|
|t:|1668179580
|switch|p1a: Cão De Aço|Necrozma-Dusk-Mane|100/100
|-damage|p1a: Cão De Aço|94/100|[from] Stealth Rock
|move|p2a: Xernie Sanders|Moonblast|p1a: Cão De Aço
|-resisted|p1a: Cão De Aço
|-damage|p1a: Cão De Aço|67/100
|-unboost|p1a: Cão De Aço|spa|1
|
|upkeep
|turn|18
|
|t:|1668179592
|move|p2a: Xernie Sanders|Hidden Power|p1a: Cão De Aço
|-supereffective|p1a: Cão De Aço
|-damage|p1a: Cão De Aço|38/100
|move|p1a: Cão De Aço|Stealth Rock|p2a: Xernie Sanders
|-sidestart|p2: SteelPhoenix363|move: Stealth Rock
|
|upkeep
|turn|19
|
|t:|1668179600
|switch|p2a: BigBlackRooster|Yveltal|100/100
|-damage|p2a: BigBlackRooster|76/100|[from] Stealth Rock
|-ability|p2a: BigBlackRooster|Dark Aura
|move|p1a: Cão De Aço|Morning Sun|p1a: Cão De Aço
|-heal|p1a: Cão De Aço|88/100
|
|upkeep
|turn|20
|
|t:|1668179617
|switch|p1a: KFC|Ho-Oh, shiny|100/100
|move|p2a: BigBlackRooster|Dark Pulse|p1a: KFC
|-damage|p1a: KFC|67/100
|-damage|p2a: BigBlackRooster|66/100|[from] item: Life Orb
|
|upkeep
|turn|21
|
|t:|1668179621
|move|p2a: BigBlackRooster|Oblivion Wing|p1a: KFC
|-damage|p1a: KFC|39/100
|-heal|p2a: BigBlackRooster|88/100|[from] drain|[of] p1a: KFC
|-damage|p2a: BigBlackRooster|78/100|[from] item: Life Orb
|move|p1a: KFC|Thunder Wave|p2a: BigBlackRooster
|-status|p2a: BigBlackRooster|par
|
|upkeep
|turn|22
|
|t:|1668179627
|move|p1a: KFC|Sacred Fire|p2a: BigBlackRooster
|-damage|p2a: BigBlackRooster|38/100 par
|move|p2a: BigBlackRooster|Oblivion Wing|p1a: KFC
|-damage|p1a: KFC|11/100
|-heal|p2a: BigBlackRooster|61/100 par|[from] drain|[of] p1a: KFC
|-damage|p2a: BigBlackRooster|51/100 par|[from] item: Life Orb
|
|upkeep
|turn|23
|
|t:|1668179634
|switch|p1a: Ovo|Chansey, F|59/100
|-damage|p1a: Ovo|46/100|[from] Stealth Rock
|move|p2a: BigBlackRooster|Oblivion Wing|p1a: Ovo
|-damage|p1a: Ovo|29/100
|-heal|p2a: BigBlackRooster|74/100 par|[from] drain|[of] p1a: Ovo
|-damage|p2a: BigBlackRooster|64/100 par|[from] item: Life Orb
|
|upkeep
|turn|24
|
|t:|1668179646
|move|p2a: BigBlackRooster|Dark Pulse|p1a: Ovo
|-damage|p1a: Ovo|3/100
|-damage|p2a: BigBlackRooster|54/100 par|[from] item: Life Orb
|cant|p1a: Ovo|flinch
|
|upkeep
|turn|25
|
|t:|1668179652
|cant|p2a: BigBlackRooster|par
|move|p1a: Ovo|Soft-Boiled|p1a: Ovo
|-heal|p1a: Ovo|54/100
|
|upkeep
|turn|26
|c|☆SteelPhoenix363|ofc
|c|☆BrixStillNotLuvin|an eye for an eye my friend
|
|t:|1668179661
|move|p2a: BigBlackRooster|Heat Wave|p1a: Ovo
|-damage|p1a: Ovo|40/100
|-damage|p2a: BigBlackRooster|45/100 par|[from] item: Life Orb
|move|p1a: Ovo|Soft-Boiled|p1a: Ovo
|-heal|p1a: Ovo|90/100
|
|upkeep
|turn|27
|
|t:|1668179670
|move|p2a: BigBlackRooster|Heat Wave|p1a: Ovo|[miss]
|-miss|p2a: BigBlackRooster|p1a: Ovo
|move|p1a: Ovo|Confide|p2a: BigBlackRooster
|-unboost|p2a: BigBlackRooster|spa|1
|
|upkeep
|turn|28
|
|t:|1668179673
|move|p2a: BigBlackRooster|Heat Wave|p1a: Ovo|[miss]
|-miss|p2a: BigBlackRooster|p1a: Ovo
|move|p1a: Ovo|Confide|p2a: BigBlackRooster
|-unboost|p2a: BigBlackRooster|spa|1
|
|upkeep
|turn|29
|
|t:|1668179678
|cant|p2a: BigBlackRooster|par
|move|p1a: Ovo|Seismic Toss|p2a: BigBlackRooster
|-damage|p2a: BigBlackRooster|19/100 par
|
|upkeep
|turn|30
|
|t:|1668179681
|move|p2a: BigBlackRooster|Heat Wave|p1a: Ovo
|-damage|p1a: Ovo|82/100
|-damage|p2a: BigBlackRooster|9/100 par|[from] item: Life Orb
|move|p1a: Ovo|Seismic Toss|p2a: BigBlackRooster
|-damage|p2a: BigBlackRooster|0 fnt
|faint|p2a: BigBlackRooster
|
|upkeep
|
|t:|1668179688
|switch|p2a: Jormungandr|Rayquaza|100/100
|-damage|p2a: Jormungandr|76/100|[from] Stealth Rock
|-ability|p2a: Jormungandr|Air Lock
|turn|31
|
|t:|1668179694
|switch|p1a: Deus Das Fadas|Arceus-Fairy|38/100
|-damage|p1a: Deus Das Fadas|25/100|[from] Stealth Rock
|move|p2a: Jormungandr|Swords Dance|p2a: Jormungandr
|-boost|p2a: Jormungandr|atk|2
|
|upkeep
|turn|32
|
|t:|1668179702
|detailschange|p2a: Jormungandr|Rayquaza-Mega
|-mega|p2a: Jormungandr|Rayquaza|
|-weather|DeltaStream|[from] ability: Delta Stream|[of] p2a: Jormungandr
|move|p1a: Deus Das Fadas|Judgment|p2a: Jormungandr
|-supereffective|p2a: Jormungandr
|-damage|p2a: Jormungandr|0 fnt
|faint|p2a: Jormungandr
|-weather|none
|
|upkeep
|c|☆BrixStillNotLuvin|this is why you run espeed
|c|☆SteelPhoenix363|shoulda pressed espeed
|c|☆SteelPhoenix363|i have espeed
|c|☆SteelPhoenix363|i thought i outspeed
|c|☆SteelPhoenix363|and also that espeed didnt do enough
|
|t:|1668179730
|switch|p2a: Xernie Sanders|Xerneas|100/100
|-damage|p2a: Xernie Sanders|88/100|[from] Stealth Rock
|-ability|p2a: Xernie Sanders|Fairy Aura
|turn|33
|c|☆SteelPhoenix363|ight gg
|c| Eteracian|You were plus 2 though
|c|☆SteelPhoenix363|all arcs are stupid bulky
|
|t:|1668179757
|-start|p2a: Xernie Sanders|Dynamax|
|-heal|p2a: Xernie Sanders|88/100|[silent]
|move|p1a: Deus Das Fadas|Recover|p1a: Deus Das Fadas
|-heal|p1a: Deus Das Fadas|75/100
|move|p2a: Xernie Sanders|Max Lightning|p1a: Deus Das Fadas
|-damage|p1a: Deus Das Fadas|38/100
|-fieldstart|move: Electric Terrain
|
|upkeep
|turn|34
|
|t:|1668179770
|move|p1a: Deus Das Fadas|Recover|p1a: Deus Das Fadas
|-heal|p1a: Deus Das Fadas|88/100
|move|p2a: Xernie Sanders|Max Lightning|p1a: Deus Das Fadas
|-damage|p1a: Deus Das Fadas|46/100
|
|upkeep
|turn|35
|c| Eteracian|True
|
|t:|1668179780
|move|p1a: Deus Das Fadas|Recover|p1a: Deus Das Fadas
|-heal|p1a: Deus Das Fadas|96/100
|move|p2a: Xernie Sanders|Max Starfall|p1a: Deus Das Fadas
|-damage|p1a: Deus Das Fadas|35/100
|-fieldstart|move: Misty Terrain
|
|upkeep
|-end|p2a: Xernie Sanders|Dynamax
|-heal|p2a: Xernie Sanders|88/100|[silent]
|turn|36
|
|t:|1668179788
|move|p1a: Deus Das Fadas|Judgment|p2a: Xernie Sanders
|-damage|p2a: Xernie Sanders|31/100
|move|p2a: Xernie Sanders|Geomancy||[still]
|-prepare|p2a: Xernie Sanders|Geomancy
|
|upkeep
|turn|37
|
|t:|1668179791
|move|p1a: Deus Das Fadas|Judgment|p2a: Xernie Sanders
|-damage|p2a: Xernie Sanders|0 fnt
|faint|p2a: Xernie Sanders
|
|win|BrixStillNotLuvin
|raw|BrixStillNotLuvin's rating: 1774 &rarr; <strong>1785</strong><br />(+11 for winning)
|raw|SteelPhoenix363's rating: 1603 &rarr; <strong>1592</strong><br />(-11 for losing)
|c|☆BrixStillNotLuvin|gg
|c|☆SteelPhoenix363|gg
|l|☆SteelPhoenix363
|c| Eteracian|hmm
|c|☆BrixStillNotLuvin|?
|c| Eteracian|don't know why he didn't click espeed there lol
|c| Eteracian|Guess he hasn't seen too many arceus fairy
||Ladder isn't responding, score probably updated but might not have (Request timeout).
