|j|☆RUiNtheExtinct
|j|☆Dragomer Ayaren
|t:|1638121417
|gametype|singles
|player|p1|RUiNtheExtinct|red-gen7|1723
|player|p2|Dragomer Ayaren|firebreather|1784
|teamsize|p1|6
|teamsize|p2|6
|gen|8
|tier|[Gen 8] National Dex AG
|rated|
|rule|HP Percentage Mod: HP is shown in percentages
|rule|Endless Battle Clause: Forcing endless battles is banned
|clearpoke
|poke|p1|Groudon|
|poke|p1|Calyrex-Shadow|
|poke|p1|Ditto|
|poke|p1|Arceus-*|
|poke|p1|Necrozma-Dusk-Mane|
|poke|p1|Yveltal|
|poke|p2|Groudon|
|poke|p2|Deoxys-Attack|
|poke|p2|Zacian-*|
|poke|p2|Calyrex-Shadow|
|poke|p2|Regieleki|
|poke|p2|Yveltal|
|teampreview
|inactive|Battle timer is ON: inactive players will automatically lose when time's up. (requested by Dragomer Ayaren)
|
|t:|1638121427
|start
|switch|p1a: Groudon|Groudon|100/100
|switch|p2a: DNA|Deoxys-Attack|100/100
|-ability|p2a: DNA|Pressure
|detailschange|p1a: Groudon|Groudon-Primal
|-primal|p1a: Groudon
|-weather|DesolateLand|[from] ability: Desolate Land|[of] p1a: Groudon
|turn|1
|
|t:|1638121443
|move|p2a: DNA|Stealth Rock|p1a: Groudon
|-sidestart|p1: RUiNtheExtinct|move: Stealth Rock
|move|p1a: Groudon|Rock Tomb|p2a: DNA
|-enditem|p2a: DNA|Focus Sash
|-damage|p2a: DNA|1/100
|-unboost|p2a: DNA|spe|1
|
|-weather|DesolateLand|[upkeep]
|upkeep
|turn|2
|
|t:|1638121463
|move|p2a: DNA|Taunt|p1a: Groudon
|-start|p1a: Groudon|move: Taunt
|move|p1a: Groudon|Rock Tomb|p2a: DNA
|-damage|p2a: DNA|0 fnt
|faint|p2a: DNA
|
|-weather|DesolateLand|[upkeep]
|upkeep
|
|t:|1638121470
|switch|p2a: Pássaro das Trevas|Yveltal|100/100
|-ability|p2a: Pássaro das Trevas|Dark Aura
|turn|3
|
|t:|1638121475
|-start|p2a: Pássaro das Trevas|Dynamax
|-heal|p2a: Pássaro das Trevas|100/100|[silent]
|move|p2a: Pássaro das Trevas|Max Darkness|p1a: Groudon
|-damage|p1a: Groudon|0 fnt
|faint|p1a: Groudon
|-weather|none
|-damage|p2a: Pássaro das Trevas|96/100|[from] item: Life Orb
|
|upkeep
|
|t:|1638121492
|switch|p1a: Yveltal|Yveltal|100/100
|-damage|p1a: Yveltal|76/100|[from] Stealth Rock
|-ability|p1a: Yveltal|Dark Aura
|turn|4
|
|t:|1638121501
|-start|p1a: Yveltal|Dynamax
|-heal|p1a: Yveltal|76/100|[silent]
|move|p1a: Yveltal|Max Airstream|p2a: Pássaro das Trevas
|-damage|p2a: Pássaro das Trevas|55/100
|-boost|p1a: Yveltal|spe|1
|-damage|p1a: Yveltal|71/100|[from] item: Life Orb
|move|p2a: Pássaro das Trevas|Max Ooze|p1a: Yveltal
|-damage|p1a: Yveltal|45/100
|-boost|p2a: Pássaro das Trevas|spa|1
|-damage|p2a: Pássaro das Trevas|50/100|[from] item: Life Orb
|
|upkeep
|turn|5
|
|t:|1638121519
|move|p1a: Yveltal|Max Airstream|p2a: Pássaro das Trevas
|-damage|p2a: Pássaro das Trevas|13/100
|-boost|p1a: Yveltal|spe|1
|-damage|p1a: Yveltal|40/100|[from] item: Life Orb
|move|p2a: Pássaro das Trevas|Max Airstream|p1a: Yveltal
|-damage|p1a: Yveltal|0 fnt
|-boost|p2a: Pássaro das Trevas|spe|1
|faint|p1a: Yveltal
|-damage|p2a: Pássaro das Trevas|8/100|[from] item: Life Orb
|
|-end|p2a: Pássaro das Trevas|Dynamax
|-heal|p2a: Pássaro das Trevas|8/100|[silent]
|upkeep
|inactive|RUiNtheExtinct has 120 seconds left.
|
|t:|1638121533
|switch|p1a: Ditto|Ditto|100/100
|-damage|p1a: Ditto|88/100|[from] Stealth Rock
|-transform|p1a: Ditto|p2a: Pássaro das Trevas|[from] ability: Imposter
|-ability|p1a: Ditto|Dark Aura
|turn|6
|j| ttv-error-yt
|
|t:|1638121548
|move|p1a: Ditto|Heat Wave|p2a: Pássaro das Trevas
|-damage|p2a: Pássaro das Trevas|0 fnt
|faint|p2a: Pássaro das Trevas
|
|upkeep
|
|t:|1638121552
|switch|p2a: Beemote|Groudon|100/100
|detailschange|p2a: Beemote|Groudon-Primal
|-primal|p2a: Beemote
|-weather|DesolateLand|[from] ability: Desolate Land|[of] p2a: Beemote
|turn|7
|
|t:|1638121558
|switch|p1a: Necrozma|Necrozma-Dusk-Mane|100/100
|-damage|p1a: Necrozma|94/100|[from] Stealth Rock
|move|p2a: Beemote|Heat Crash|p1a: Necrozma
|-supereffective|p1a: Necrozma
|-damage|p1a: Necrozma|28/100
|-damage|p2a: Beemote|84/100|[from] item: Rocky Helmet|[of] p1a: Necrozma
|
|-weather|DesolateLand|[upkeep]
|upkeep
|turn|8
|
|t:|1638121569
|move|p2a: Beemote|Heat Crash|p1a: Necrozma
|-supereffective|p1a: Necrozma
|-damage|p1a: Necrozma|0 fnt
|-damage|p2a: Beemote|68/100|[from] item: Rocky Helmet|[of] p1a: Necrozma
|faint|p1a: Necrozma
|
|-weather|DesolateLand|[upkeep]
|upkeep
|
|t:|1638121575
|switch|p1a: Ditto|Ditto|88/100
|-damage|p1a: Ditto|76/100|[from] Stealth Rock
|-transform|p1a: Ditto|p2a: Beemote|[from] ability: Imposter
|turn|9
|
|t:|1638121582
|move|p1a: Ditto|Earthquake|p2a: Beemote
|-supereffective|p2a: Beemote
|-damage|p2a: Beemote|0 fnt
|faint|p2a: Beemote
|
|-weather|DesolateLand|[upkeep]
|upkeep
|
|t:|1638121588
|switch|p2a: Cavaleiro Fantasma|Calyrex-Shadow|100/100
|-ability|p2a: Cavaleiro Fantasma|As One
|-ability|p2a: Cavaleiro Fantasma|Unnerve
|turn|10
|
|t:|1638121594
|move|p2a: Cavaleiro Fantasma|Astral Barrage|p1a: Ditto
|-damage|p1a: Ditto|0 fnt
|faint|p1a: Ditto
|-weather|none
|-ability|p2a: Cavaleiro Fantasma|Grim Neigh|boost
|-boost|p2a: Cavaleiro Fantasma|spa|1
|
|upkeep
|
|t:|1638121601
|switch|p1a: Arceus|Arceus|100/100
|-damage|p1a: Arceus|88/100|[from] Stealth Rock
|turn|11
|
|t:|1638121605
|move|p2a: Cavaleiro Fantasma|Psychic|p1a: Arceus
|-damage|p1a: Arceus|30/100
|move|p1a: Arceus|Earthquake|p2a: Cavaleiro Fantasma
|-damage|p2a: Cavaleiro Fantasma|56/100
|
|upkeep
|turn|12
|
|t:|1638121611
|move|p2a: Cavaleiro Fantasma|Psychic|p1a: Arceus
|-damage|p1a: Arceus|0 fnt
|faint|p1a: Arceus
|-ability|p2a: Cavaleiro Fantasma|Grim Neigh|boost
|-boost|p2a: Cavaleiro Fantasma|spa|1
|
|upkeep
|c|☆RUiNtheExtinct|gg
|
|t:|1638121617
|switch|p1a: Calyrex|Calyrex-Shadow|100/100
|-ability|p1a: Calyrex|As One
|-ability|p1a: Calyrex|Unnerve
|-damage|p1a: Calyrex|88/100|[from] Stealth Rock
|turn|13
|
|t:|1638121625
|move|p1a: Calyrex|Astral Barrage|p2a: Cavaleiro Fantasma
|-supereffective|p2a: Cavaleiro Fantasma
|-damage|p2a: Cavaleiro Fantasma|0 fnt
|faint|p2a: Cavaleiro Fantasma
|-ability|p1a: Calyrex|Grim Neigh|boost
|-boost|p1a: Calyrex|spa|1
|
|upkeep
|
|t:|1638121635
|switch|p2a: Cão|Zacian-Crowned|100/100
|-ability|p2a: Cão|Intrepid Sword|boost
|-boost|p2a: Cão|atk|1
|turn|14
|
|t:|1638121640
|move|p1a: Calyrex|Astral Barrage|p2a: Cão
|-damage|p2a: Cão|0 fnt
|faint|p2a: Cão
|-ability|p1a: Calyrex|Grim Neigh|boost
|-boost|p1a: Calyrex|spa|1
|
|upkeep
|
|t:|1638121647
|switch|p2a: Raios e Trovões|Regieleki|100/100
|turn|15
|
|t:|1638121659
|move|p2a: Raios e Trovões|Thunderbolt|p1a: Calyrex
|-damage|p1a: Calyrex|0 fnt
|faint|p1a: Calyrex
|
|win|Dragomer Ayaren
|raw|RUiNtheExtinct's rating: 1723 &rarr; <strong>1706</strong><br />(-17 for losing)
|raw|Dragomer Ayaren's rating: 1784 &rarr; <strong>1801</strong><br />(+17 for winning)
|l|☆RUiNtheExtinct
||Ladder isn't responding, score probably updated but might not have (Request timeout).
