|j|☆Nobodi_Nowan
|j|☆Buckfromgothamcity
|t:|1667383297
|gametype|singles
|player|p1|Nobodi_Nowan|akari|1885
|player|p2|Buckfromgothamcity|169|2089
|teamsize|p1|6
|teamsize|p2|6
|gen|8
|tier|[Gen 8] National Dex AG
|rated|
|rule|HP Percentage Mod: HP is shown in percentages
|rule|Endless Battle Clause: Forcing endless battles is banned
|clearpoke
|poke|p1|Forretress, M|
|poke|p1|Arceus-*|
|poke|p1|Kyogre|
|poke|p1|Calyrex-Shadow|
|poke|p1|Zacian-*|
|poke|p1|Rayquaza|
|poke|p2|Ho-Oh|
|poke|p2|Zygarde|
|poke|p2|Necrozma-Dusk-Mane|
|poke|p2|Yveltal|
|poke|p2|Chansey, F|
|poke|p2|Arceus-*|
|teampreview
|c|☆Buckfromgothamcity|Hf
|inactive|Battle timer is ON: inactive players will automatically lose when time's up. (requested by Buckfromgothamcity)
|inactive|Nobodi_Nowan has 120 seconds left.
|inactive|Nobodi_Nowan has 90 seconds left.
|inactive|Nobodi_Nowan has 60 seconds left.
|c|☆Nobodi_Nowan|glhf
|
|t:|1667383415
|start
|switch|p1a: Kyogre|Kyogre|100/100
|switch|p2a: Ho-Oh|Ho-Oh|100/100
|detailschange|p1a: Kyogre|Kyogre-Primal
|-primal|p1a: Kyogre
|-weather|PrimordialSea|[from] ability: Primordial Sea|[of] p1a: Kyogre
|turn|1
|c|☆Buckfromgothamcity|Oof
|
|t:|1667383433
|switch|p2a: Chansey|Chansey, F|100/100
|move|p1a: Kyogre|Water Spout|p2a: Chansey
|-damage|p2a: Chansey|63/100
|
|-weather|PrimordialSea|[upkeep]
|upkeep
|turn|2
|
|t:|1667383448
|-weather|none
|switch|p1a: Forretress|Forretress, M|100/100
|move|p2a: Chansey|Soft-Boiled|p2a: Chansey
|-heal|p2a: Chansey|100/100
|
|upkeep
|turn|3
|
|t:|1667383455
|switch|p2a: Ho-Oh|Ho-Oh|100/100
|move|p1a: Forretress|Toxic|p2a: Ho-Oh
|-status|p2a: Ho-Oh|tox
|
|-damage|p2a: Ho-Oh|94/100 tox|[from] psn
|upkeep
|turn|4
|
|t:|1667383462
|move|p2a: Ho-Oh|Sacred Fire|p1a: Forretress
|-supereffective|p1a: Forretress
|-ability|p1a: Forretress|Sturdy
|-damage|p1a: Forretress|1/100
|-status|p1a: Forretress|brn
|move|p1a: Forretress|Stealth Rock|p2a: Ho-Oh
|-sidestart|p2: Buckfromgothamcity|move: Stealth Rock
|
|-heal|p1a: Forretress|7/100 brn|[from] item: Leftovers
|-damage|p2a: Ho-Oh|82/100 tox|[from] psn
|-damage|p1a: Forretress|1/100 brn|[from] brn
|upkeep
|turn|5
|inactive|Nobodi_Nowan has 120 seconds left.
|
|t:|1667383473
|move|p2a: Ho-Oh|Defog|p1a: Forretress
|-unboost|p1a: Forretress|evasion|1
|-sideend|p2: Buckfromgothamcity|Stealth Rock|[from] move: Defog|[of] p2a: Ho-Oh
|move|p1a: Forretress|Stealth Rock|p2a: Ho-Oh
|-sidestart|p2: Buckfromgothamcity|move: Stealth Rock
|
|-heal|p1a: Forretress|7/100 brn|[from] item: Leftovers
|-damage|p2a: Ho-Oh|64/100 tox|[from] psn
|-damage|p1a: Forretress|1/100 brn|[from] brn
|upkeep
|turn|6
|inactive|Nobodi_Nowan has 120 seconds left.
|
|t:|1667383491
|switch|p2a: Necrozma|Necrozma-Dusk-Mane|100/100
|-damage|p2a: Necrozma|94/100|[from] Stealth Rock
|move|p1a: Forretress|Volt Switch|p2a: Necrozma
|-damage|p2a: Necrozma|85/100
|inactive|Nobodi_Nowan has 120 seconds left.
|c|☆Buckfromgothamcity|Wp
|
|t:|1667383511
|switch|p1a: Kyogre|Kyogre-Primal|100/100|[from]move: Volt Switch
|-weather|PrimordialSea|[from] ability: Primordial Sea|[of] p1a: Kyogre
|
|-weather|PrimordialSea|[upkeep]
|upkeep
|turn|7
|
|t:|1667383518
|-weather|none
|switch|p1a: Zacian|Zacian-Crowned, shiny|100/100
|-ability|p1a: Zacian|Intrepid Sword|boost
|-boost|p1a: Zacian|atk|1
|switch|p2a: Chansey|Chansey, F|100/100
|-damage|p2a: Chansey|88/100|[from] Stealth Rock
|
|upkeep
|turn|8
|inactive|Nobodi_Nowan has 120 seconds left.
|
|t:|1667383526
|switch|p2a: Necrozma|Necrozma-Dusk-Mane|85/100
|-damage|p2a: Necrozma|79/100|[from] Stealth Rock
|move|p1a: Zacian|Close Combat|p2a: Necrozma
|-damage|p2a: Necrozma|38/100
|-unboost|p1a: Zacian|def|1
|-unboost|p1a: Zacian|spd|1
|-damage|p1a: Zacian|84/100|[from] item: Rocky Helmet|[of] p2a: Necrozma
|
|upkeep
|turn|9
|
|t:|1667383536
|-start|p2a: Necrozma|Dynamax|
|-heal|p2a: Necrozma|38/100|[silent]
|move|p1a: Zacian|Close Combat|p2a: Necrozma
|-damage|p2a: Necrozma|17/100
|-unboost|p1a: Zacian|def|1
|-unboost|p1a: Zacian|spd|1
|-damage|p1a: Zacian|67/100|[from] item: Rocky Helmet|[of] p2a: Necrozma
|move|p2a: Necrozma|Max Steelspike|p1a: Zacian
|-damage|p1a: Zacian|0 fnt
|-boost|p2a: Necrozma|def|1
|faint|p1a: Zacian
|
|upkeep
|c|☆Nobodi_Nowan|f
|inactive|Nobodi_Nowan has 120 seconds left.
|c|☆Nobodi_Nowan|didnt count on that
|
|t:|1667383561
|switch|p1a: Kyogre|Kyogre-Primal|100/100
|-weather|PrimordialSea|[from] ability: Primordial Sea|[of] p1a: Kyogre
|turn|10
|
|t:|1667383572
|-weather|none
|switch|p1a: Arceus|Arceus|100/100
|move|p2a: Necrozma|Max Guard||[still]
|-fail|p2a: Necrozma
|
|upkeep
|turn|11
|
|t:|1667383578
|switch|p1a: Forretress|Forretress, M|1/100 brn
|move|p2a: Necrozma|Max Steelspike|p1a: Forretress
|-resisted|p1a: Forretress
|-damage|p1a: Forretress|0 fnt
|-boost|p2a: Necrozma|def|1
|faint|p1a: Forretress
|
|upkeep
|
|t:|1667383589
|switch|p1a: Kyogre|Kyogre-Primal|100/100
|-weather|PrimordialSea|[from] ability: Primordial Sea|[of] p1a: Kyogre
|-end|p2a: Necrozma|Dynamax
|-heal|p2a: Necrozma|17/100|[silent]
|turn|12
|
|t:|1667383594
|move|p1a: Kyogre|Water Spout|p2a: Necrozma
|-damage|p2a: Necrozma|0 fnt
|faint|p2a: Necrozma
|
|-weather|PrimordialSea|[upkeep]
|upkeep
|
|t:|1667383596
|switch|p2a: Chansey|Chansey, F|88/100
|-damage|p2a: Chansey|76/100|[from] Stealth Rock
|turn|13
|
|t:|1667383600
|move|p1a: Kyogre|Water Spout|p2a: Chansey
|-damage|p2a: Chansey|36/100
|move|p2a: Chansey|Soft-Boiled|p2a: Chansey
|-heal|p2a: Chansey|86/100
|
|-weather|PrimordialSea|[upkeep]
|upkeep
|turn|14
|
|t:|1667383609
|-weather|none
|switch|p1a: Arceus|Arceus|100/100
|move|p2a: Chansey|Soft-Boiled|p2a: Chansey
|-heal|p2a: Chansey|100/100
|
|upkeep
|turn|15
|
|t:|1667383616
|switch|p1a: Kyogre|Kyogre-Primal|100/100
|-weather|PrimordialSea|[from] ability: Primordial Sea|[of] p1a: Kyogre
|switch|p2a: Zygarde|Zygarde|100/100
|-damage|p2a: Zygarde|94/100|[from] Stealth Rock
|
|-weather|PrimordialSea|[upkeep]
|upkeep
|turn|16
|
|t:|1667383623
|switch|p2a: Chansey|Chansey, F|100/100
|-damage|p2a: Chansey|88/100|[from] Stealth Rock
|move|p1a: Kyogre|Water Spout|p2a: Chansey
|-damage|p2a: Chansey|53/100
|
|-weather|PrimordialSea|[upkeep]
|upkeep
|turn|17
|
|t:|1667383629
|move|p1a: Kyogre|Thunder|p2a: Chansey
|-damage|p2a: Chansey|41/100
|-status|p2a: Chansey|par
|move|p2a: Chansey|Soft-Boiled|p2a: Chansey
|-heal|p2a: Chansey|91/100 par
|
|-weather|PrimordialSea|[upkeep]
|upkeep
|turn|18
|
|t:|1667383636
|move|p1a: Kyogre|Water Spout|p2a: Chansey
|-damage|p2a: Chansey|57/100 par
|move|p2a: Chansey|Heal Bell|p2a: Chansey
|-activate|p2a: Chansey|move: Heal Bell
|-curestatus|p2a: Chansey|par|[msg]
|-curestatus|p2: Ho-Oh|tox|[msg]
|
|-weather|PrimordialSea|[upkeep]
|upkeep
|turn|19
|
|t:|1667383645
|-weather|none
|switch|p1a: Arceus|Arceus|100/100
|move|p2a: Chansey|Soft-Boiled|p2a: Chansey
|-heal|p2a: Chansey|100/100
|
|upkeep
|turn|20
|
|t:|1667383651
|switch|p1a: Kyogre|Kyogre-Primal|100/100
|-weather|PrimordialSea|[from] ability: Primordial Sea|[of] p1a: Kyogre
|switch|p2a: Zygarde|Zygarde|94/100
|-damage|p2a: Zygarde|88/100|[from] Stealth Rock
|
|-weather|PrimordialSea|[upkeep]
|upkeep
|turn|21
|
|t:|1667383658
|switch|p2a: Chansey|Chansey, F|100/100
|-damage|p2a: Chansey|88/100|[from] Stealth Rock
|move|p1a: Kyogre|Ice Beam|p2a: Chansey
|-damage|p2a: Chansey|79/100
|
|-weather|PrimordialSea|[upkeep]
|upkeep
|turn|22
|
|t:|1667383664
|move|p1a: Kyogre|Ice Beam|p2a: Chansey
|-damage|p2a: Chansey|68/100
|move|p2a: Chansey|Seismic Toss|p1a: Kyogre
|-damage|p1a: Kyogre|71/100
|
|-weather|PrimordialSea|[upkeep]
|upkeep
|turn|23
|c|☆Buckfromgothamcity|Oof
|
|t:|1667383672
|-weather|none
|switch|p1a: Calyrex|Calyrex-Shadow|100/100
|-ability|p1a: Calyrex|As One
|-ability|p1a: Calyrex|Unnerve
|move|p2a: Chansey|Soft-Boiled|p2a: Chansey
|-heal|p2a: Chansey|100/100
|
|upkeep
|turn|24
|
|t:|1667383688
|switch|p2a: Yveltal|Yveltal|100/100
|-ability|p2a: Yveltal|Dark Aura
|move|p1a: Calyrex|Astral Barrage|p2a: Yveltal
|-resisted|p2a: Yveltal
|-damage|p2a: Yveltal|79/100
|
|upkeep
|turn|25
|
|t:|1667383698
|switch|p1a: Kyogre|Kyogre-Primal|71/100
|-weather|PrimordialSea|[from] ability: Primordial Sea|[of] p1a: Kyogre
|move|p2a: Yveltal|Foul Play|p1a: Kyogre
|-damage|p1a: Kyogre|15/100
|
|-weather|PrimordialSea|[upkeep]
|upkeep
|turn|26
|
|t:|1667383706
|move|p2a: Yveltal|Sucker Punch|p1a: Kyogre
|-damage|p1a: Kyogre|0 fnt
|faint|p1a: Kyogre
|-weather|none
|
|upkeep
|
|t:|1667383723
|switch|p1a: Rayquaza|Rayquaza|100/100
|-ability|p1a: Rayquaza|Air Lock
|turn|27
|
|t:|1667383728
|switch|p2a: Arceus|Arceus-Fairy|100/100
|-damage|p2a: Arceus|88/100|[from] Stealth Rock
|detailschange|p1a: Rayquaza|Rayquaza-Mega
|-mega|p1a: Rayquaza|Rayquaza|
|-weather|DeltaStream|[from] ability: Delta Stream|[of] p1a: Rayquaza
|move|p1a: Rayquaza|Dragon Ascent|p2a: Arceus
|-damage|p2a: Arceus|46/100
|-unboost|p1a: Rayquaza|def|1
|-unboost|p1a: Rayquaza|spd|1
|
|-weather|DeltaStream|[upkeep]
|upkeep
|turn|28
|
|t:|1667383740
|-weather|none
|switch|p1a: Arceus|Arceus|100/100
|move|p2a: Arceus|Recover|p2a: Arceus
|-heal|p2a: Arceus|96/100
|
|upkeep
|turn|29
|
|t:|1667383746
|move|p1a: Arceus|Swords Dance|p1a: Arceus
|-boost|p1a: Arceus|atk|2
|move|p2a: Arceus|Will-O-Wisp|p1a: Arceus
|-status|p1a: Arceus|brn
|-enditem|p1a: Arceus|Lum Berry|[eat]
|-curestatus|p1a: Arceus|brn|[msg]
|
|upkeep
|turn|30
|c|☆Nobodi_Nowan|if u miss will o wisp i win
|c|☆Nobodi_Nowan|god bless me
|
|t:|1667383771
|move|p1a: Arceus|Swords Dance|p1a: Arceus
|-boost|p1a: Arceus|atk|2
|move|p2a: Arceus|Will-O-Wisp|p1a: Arceus
|-status|p1a: Arceus|brn
|
|-damage|p1a: Arceus|94/100 brn|[from] brn
|upkeep
|turn|31
|c|☆Buckfromgothamcity|Tru
|
|t:|1667383780
|switch|p2a: Zygarde|Zygarde|88/100
|-damage|p2a: Zygarde|82/100|[from] Stealth Rock
|move|p1a: Arceus|Swords Dance|p1a: Arceus
|-boost|p1a: Arceus|atk|2
|
|-damage|p1a: Arceus|88/100 brn|[from] brn
|upkeep
|turn|32
|
|t:|1667383788
|-start|p1a: Arceus|Dynamax|
|-heal|p1a: Arceus|88/100 brn|[silent]
|move|p1a: Arceus|Max Strike|p2a: Zygarde
|-damage|p2a: Zygarde|7/100
|-unboost|p2a: Zygarde|spe|1
|move|p2a: Zygarde|Haze|p2a: Zygarde
|-clearallboost
|
|-damage|p1a: Arceus|85/100 brn|[from] brn
|-activate|p2a: Zygarde|ability: Power Construct
|detailschange|p2a: Zygarde|Zygarde-Complete
|-heal|p2a: Zygarde|39/100|[silent]
|upkeep
|turn|33
|c|☆Buckfromgothamcity|Yh gg
|c|☆Nobodi_Nowan|f
|c|☆Nobodi_Nowan|gg
|
|t:|1667383803
|switch|p2a: Ho-Oh|Ho-Oh|97/100
|move|p1a: Arceus|Max Strike|p2a: Ho-Oh
|-damage|p2a: Ho-Oh|63/100
|-unboost|p2a: Ho-Oh|spe|1
|
|-damage|p1a: Arceus|82/100 brn|[from] brn
|upkeep
|turn|34
|c|☆Nobodi_Nowan|ggwp
|-message|Nobodi_Nowan forfeited.
|
|win|Buckfromgothamcity
|raw|Nobodi_Nowan's rating: 1885 &rarr; <strong>1876</strong><br />(-9 for losing)
|raw|Buckfromgothamcity's rating: 2094 &rarr; <strong>2103</strong><br />(+9 for winning)
|c|☆Buckfromgothamcity|Wp
