|j|☆Senator Hangman
|j|☆1337RedGlitchFox
|t:|1627653232
|gametype|singles
|player|p1|Senator Hangman|lance-gen3|1786
|player|p2|1337RedGlitchFox|red|1538
|teamsize|p1|6
|teamsize|p2|6
|gen|8
|tier|[Gen 8] National Dex AG
|rated|
|rule|HP Percentage Mod: HP is shown in percentages
|rule|Endless Battle Clause: Forcing endless battles is banned
|clearpoke
|poke|p1|Necrozma-Dusk-Mane|
|poke|p1|Tyranitar, M|
|poke|p1|Groudon|
|poke|p1|Giratina-Origin|
|poke|p1|Kyogre|
|poke|p1|Yveltal|
|poke|p2|Ho-Oh|
|poke|p2|Rayquaza|
|poke|p2|Mewtwo|
|poke|p2|Necrozma-Dusk-Mane|
|poke|p2|Zygarde|
|poke|p2|Arceus-*|
|teampreview
|inactive|Battle timer is ON: inactive players will automatically lose when time's up. (requested by 1337RedGlitchFox)
|
|t:|1627653238
|start
|switch|p1a: Kyogre|Kyogre|100/100
|switch|p2a: Mewtwo|Mewtwo|100/100
|-weather|RainDance|[from] ability: Drizzle|[of] p1a: Kyogre
|-ability|p2a: Mewtwo|Pressure
|turn|1
|
|t:|1627653246
|move|p1a: Kyogre|Water Spout|p2a: Mewtwo
|-damage|p2a: Mewtwo|0 fnt
|faint|p2a: Mewtwo
|
|-weather|RainDance|[upkeep]
|upkeep
|
|t:|1627653249
|switch|p2a: Rayquaza|Rayquaza|100/100
|-ability|p2a: Rayquaza|Air Lock
|turn|2
|
|t:|1627653267
|switch|p1a: Giratina|Giratina-Origin|100/100
|move|p2a: Rayquaza|Dragon Dance|p2a: Rayquaza
|-boost|p2a: Rayquaza|atk|1
|-boost|p2a: Rayquaza|spe|1
|
|-weather|RainDance|[upkeep]
|upkeep
|turn|3
|j| BOTICE MEH SENPI
|
|t:|1627653276
|detailschange|p2a: Rayquaza|Rayquaza-Mega
|-mega|p2a: Rayquaza|Rayquaza|
|-weather|DeltaStream|[from] ability: Delta Stream|[of] p2a: Rayquaza
|-start|p1a: Giratina|Dynamax
|-heal|p1a: Giratina|100/100|[silent]
|move|p2a: Rayquaza|Dragon Ascent|p1a: Giratina
|-damage|p1a: Giratina|56/100
|-unboost|p2a: Rayquaza|def|1
|-unboost|p2a: Rayquaza|spd|1
|move|p1a: Giratina|Max Wyrmwind|p2a: Rayquaza
|-supereffective|p2a: Rayquaza
|-damage|p2a: Rayquaza|0 fnt
|faint|p2a: Rayquaza
|-weather|none
|
|upkeep
|
|t:|1627653290
|switch|p2a: Arceus|Arceus-Water|100/100
|turn|4
|
|t:|1627653296
|move|p2a: Arceus|Thunder Wave|p1a: Giratina
|-status|p1a: Giratina|par
|move|p1a: Giratina|Max Wyrmwind|p2a: Arceus
|-damage|p2a: Arceus|50/100
|-unboost|p2a: Arceus|atk|1
|
|upkeep
|turn|5
|
|t:|1627653304
|move|p2a: Arceus|Stealth Rock|p1a: Giratina
|-sidestart|p1: Senator Hangman|move: Stealth Rock
|cant|p1a: Giratina|par
|
|-end|p1a: Giratina|Dynamax
|-heal|p1a: Giratina|56/100 par|[silent]
|upkeep
|turn|6
|j| milktpapi_testing
|
|t:|1627653311
|switch|p1a: Groudon|Groudon|100/100
|-damage|p1a: Groudon|94/100|[from] Stealth Rock
|detailschange|p1a: Groudon|Groudon-Primal
|-primal|p1a: Groudon
|-weather|DesolateLand|[from] ability: Desolate Land|[of] p1a: Groudon
|move|p2a: Arceus|Judgment||[still]
|-fail|p2a: Arceus|Judgment|[from] Desolate Land
|
|-weather|DesolateLand|[upkeep]
|upkeep
|turn|7
|
|t:|1627653320
|switch|p2a: Zygarde|Zygarde|100/100
|move|p1a: Groudon|Stealth Rock|p2a: Zygarde
|-sidestart|p2: 1337RedGlitchFox|move: Stealth Rock
|
|-weather|DesolateLand|[upkeep]
|upkeep
|turn|8
|
|t:|1627653326
|-weather|none
|switch|p1a: Giratina|Giratina-Origin|56/100 par
|-damage|p1a: Giratina|43/100 par|[from] Stealth Rock
|move|p2a: Zygarde|Glare|p1a: Giratina
|-fail|p1a: Giratina|par
|
|upkeep
|turn|9
|
|t:|1627653339
|move|p2a: Zygarde|Dragon Dance|p2a: Zygarde
|-boost|p2a: Zygarde|atk|1
|-boost|p2a: Zygarde|spe|1
|move|p1a: Giratina|Defog|p2a: Zygarde
|-unboost|p2a: Zygarde|evasion|1
|-sideend|p2: 1337RedGlitchFox|Stealth Rock|[from] move: Defog|[of] p1a: Giratina
|-sideend|p1: Senator Hangman|Stealth Rock|[from] move: Defog|[of] p1a: Giratina
|
|upkeep
|turn|10
|
|t:|1627653345
|move|p2a: Zygarde|Thousand Arrows|p1a: Giratina
|-damage|p1a: Giratina|10/100 par
|-start|p1a: Giratina|Smack Down
|move|p1a: Giratina|Dragon Tail|p2a: Zygarde
|-supereffective|p2a: Zygarde
|-damage|p2a: Zygarde|53/100
|drag|p2a: Necrozma|Necrozma-Dusk-Mane|100/100
|
|upkeep
|turn|11
|
|t:|1627653359
|move|p1a: Giratina|Shadow Sneak|p2a: Necrozma
|-supereffective|p2a: Necrozma
|-damage|p2a: Necrozma|69/100
|move|p2a: Necrozma|Psychic Fangs|p1a: Giratina
|-damage|p1a: Giratina|0 fnt
|faint|p1a: Giratina
|
|-heal|p2a: Necrozma|75/100|[from] item: Leftovers
|upkeep
|
|t:|1627653367
|switch|p1a: Kyogre|Kyogre|100/100
|-weather|RainDance|[from] ability: Drizzle|[of] p1a: Kyogre
|turn|12
|
|t:|1627653372
|switch|p2a: Arceus|Arceus-Water|50/100
|move|p1a: Kyogre|Water Spout|p2a: Arceus
|-resisted|p2a: Arceus
|-crit|p2a: Arceus
|-damage|p2a: Arceus|0 fnt
|faint|p2a: Arceus
|
|-weather|RainDance|[upkeep]
|upkeep
|
|t:|1627653388
|switch|p2a: Necrozma|Necrozma-Dusk-Mane|75/100
|turn|13
|
|t:|1627653392
|-start|p2a: Necrozma|Dynamax
|-heal|p2a: Necrozma|75/100|[silent]
|move|p1a: Kyogre|Water Spout|p2a: Necrozma
|-damage|p2a: Necrozma|12/100
|move|p2a: Necrozma|Max Quake|p1a: Kyogre
|-damage|p1a: Kyogre|34/100
|-boost|p2a: Necrozma|spd|1
|
|-weather|RainDance|[upkeep]
|-heal|p2a: Necrozma|15/100|[from] item: Leftovers
|upkeep
|turn|14
|
|t:|1627653405
|switch|p1a: Yveltal|Yveltal|100/100
|-ability|p1a: Yveltal|Dark Aura
|move|p2a: Necrozma|Max Guard||[still]
|-fail|p2a: Necrozma
|
|-weather|RainDance|[upkeep]
|-heal|p2a: Necrozma|18/100|[from] item: Leftovers
|upkeep
|turn|15
|
|t:|1627653418
|-end|p2a: Necrozma|Dynamax
|-heal|p2a: Necrozma|18/100|[silent]
|switch|p2a: Zygarde|Zygarde|53/100
|move|p1a: Yveltal|Sucker Punch||[still]
|-fail|p1a: Yveltal
|
|-weather|RainDance|[upkeep]
|-heal|p2a: Zygarde|60/100|[from] item: Leftovers
|upkeep
|turn|16
|j| Brugbruhbruh
|
|t:|1627653426
|move|p1a: Yveltal|Substitute|p1a: Yveltal
|-start|p1a: Yveltal|Substitute
|-damage|p1a: Yveltal|76/100
|move|p2a: Zygarde|Glare||[still]
|-fail|p2a: Zygarde
|
|-weather|none
|-heal|p2a: Zygarde|66/100|[from] item: Leftovers
|upkeep
|turn|17
|
|t:|1627653434
|move|p1a: Yveltal|Foul Play|p2a: Zygarde
|-damage|p2a: Zygarde|32/100
|move|p2a: Zygarde|Thousand Arrows|p1a: Yveltal
|-end|p1a: Yveltal|Substitute
|
|-heal|p2a: Zygarde|38/100|[from] item: Leftovers
|-activate|p2a: Zygarde|ability: Power Construct
|detailschange|p2a: Zygarde|Zygarde-Complete
|-heal|p2a: Zygarde|59/100|[silent]
|upkeep
|turn|18
|
|t:|1627653449
|move|p1a: Yveltal|Foul Play|p2a: Zygarde
|-damage|p2a: Zygarde|36/100
|move|p2a: Zygarde|Thousand Arrows|p1a: Yveltal
|-damage|p1a: Yveltal|48/100
|-start|p1a: Yveltal|Smack Down
|
|-heal|p2a: Zygarde|42/100|[from] item: Leftovers
|upkeep
|turn|19
|
|t:|1627653461
|move|p1a: Yveltal|Foul Play|p2a: Zygarde
|-damage|p2a: Zygarde|21/100
|move|p2a: Zygarde|Dragon Dance|p2a: Zygarde
|-boost|p2a: Zygarde|atk|1
|-boost|p2a: Zygarde|spe|1
|
|-heal|p2a: Zygarde|27/100|[from] item: Leftovers
|upkeep
|turn|20
|
|t:|1627653470
|move|p1a: Yveltal|Sucker Punch|p2a: Zygarde
|-damage|p2a: Zygarde|3/100
|move|p2a: Zygarde|Thousand Arrows|p1a: Yveltal
|-damage|p1a: Yveltal|2/100
|
|-heal|p2a: Zygarde|9/100|[from] item: Leftovers
|upkeep
|turn|21
|
|t:|1627653478
|move|p1a: Yveltal|Sucker Punch||[still]
|-fail|p1a: Yveltal
|move|p2a: Zygarde|Glare|p1a: Yveltal
|-status|p1a: Yveltal|par
|
|-heal|p2a: Zygarde|15/100|[from] item: Leftovers
|upkeep
|turn|22
|
|t:|1627653484
|move|p1a: Yveltal|Sucker Punch|p2a: Zygarde
|-damage|p2a: Zygarde|0 fnt
|faint|p2a: Zygarde
|
|upkeep
|
|t:|1627653487
|switch|p2a: Ho-Oh|Ho-Oh, shiny|100/100
|turn|23
|
|t:|1627653493
|cant|p1a: Yveltal|par
|move|p2a: Ho-Oh|Brave Bird|p1a: Yveltal
|-damage|p1a: Yveltal|0 fnt
|faint|p1a: Yveltal
|-damage|p2a: Ho-Oh|99/100|[from] Recoil
|
|upkeep
|
|t:|1627653500
|switch|p1a: Kyogre|Kyogre|34/100
|-weather|RainDance|[from] ability: Drizzle|[of] p1a: Kyogre
|turn|24
|
|t:|1627653505
|move|p1a: Kyogre|Origin Pulse|p2a: Ho-Oh
|-supereffective|p2a: Ho-Oh
|-damage|p2a: Ho-Oh|0 fnt
|faint|p2a: Ho-Oh
|
|-weather|RainDance|[upkeep]
|upkeep
|
|t:|1627653507
|switch|p2a: Necrozma|Necrozma-Dusk-Mane|18/100
|turn|25
|
|t:|1627653513
|move|p1a: Kyogre|Origin Pulse|p2a: Necrozma
|-damage|p2a: Necrozma|0 fnt
|faint|p2a: Necrozma
|
|win|Senator Hangman
|raw|Senator Hangman's rating: 1786 &rarr; <strong>1794</strong><br />(+8 for winning)
|raw|1337RedGlitchFox's rating: 1539 &rarr; <strong>1531</strong><br />(-8 for losing)
|l|☆1337RedGlitchFox
