|j|☆JAY100064
|j|☆Kirb245
|t:|1622340840
|gametype|singles
|player|p1|JAY100064|preschooler|1241
|player|p2|Kirb245|lusamine|1420
|teamsize|p1|6
|teamsize|p2|6
|gen|8
|tier|[Gen 8] National Dex AG
|rated|
|rule|HP Percentage Mod: HP is shown in percentages
|rule|Endless Battle Clause: Forcing endless battles is banned
|clearpoke
|poke|p1|Eternatus|
|poke|p1|Cinderace, M|
|poke|p1|Darmanitan-Galar, M|
|poke|p1|Marshadow|
|poke|p1|Dracovish|
|poke|p1|Zacian-*|
|poke|p2|Calyrex-Ice|
|poke|p2|Groudon|
|poke|p2|Necrozma-Dusk-Mane|
|poke|p2|Genesect|
|poke|p2|Kyogre|
|poke|p2|Lucario, F|
|teampreview
|inactive|Battle timer is ON: inactive players will automatically lose when time's up. (requested by JAY100064)
|
|t:|1622340851
|start
|switch|p1a: Darmanitan|Darmanitan-Galar, M, shiny|100/100
|switch|p2a: Kyogre|Kyogre|100/100
|detailschange|p2a: Kyogre|Kyogre-Primal
|-primal|p2a: Kyogre
|-weather|PrimordialSea|[from] ability: Primordial Sea|[of] p2a: Kyogre
|turn|1
|
|t:|1622340866
|move|p1a: Darmanitan|U-turn|p2a: Kyogre
|-damage|p2a: Kyogre|56/100
|inactive|JAY100064 has 120 seconds left.
|
|t:|1622340892
|switch|p1a: Eternatus|Eternatus|100/100|[from]move: U-turn
|-ability|p1a: Eternatus|Pressure
|move|p2a: Kyogre|Thunder|p1a: Eternatus
|-resisted|p1a: Eternatus
|-damage|p1a: Eternatus|81/100
|-status|p1a: Eternatus|par
|
|-weather|PrimordialSea|[upkeep]
|-heal|p1a: Eternatus|88/100 par|[from] item: Black Sludge
|upkeep
|turn|2
|inactive|JAY100064 has 120 seconds left.
|
|t:|1622340906
|move|p2a: Kyogre|Ice Beam|p1a: Eternatus
|-supereffective|p1a: Eternatus
|-damage|p1a: Eternatus|31/100 par
|move|p1a: Eternatus|Toxic|p2a: Kyogre
|-status|p2a: Kyogre|tox
|
|-weather|PrimordialSea|[upkeep]
|-heal|p1a: Eternatus|37/100 par|[from] item: Black Sludge
|-damage|p2a: Kyogre|50/100 tox|[from] psn
|upkeep
|turn|3
|inactive|JAY100064 has 120 seconds left.
|
|t:|1622340920
|switch|p1a: Darmanitan|Darmanitan-Galar, M, shiny|100/100
|move|p2a: Kyogre|Ice Beam|p1a: Darmanitan
|-resisted|p1a: Darmanitan
|-damage|p1a: Darmanitan|67/100
|
|-weather|PrimordialSea|[upkeep]
|-damage|p2a: Kyogre|38/100 tox|[from] psn
|upkeep
|turn|4
|inactive|JAY100064 has 120 seconds left.
|
|t:|1622340930
|move|p1a: Darmanitan|U-turn|p2a: Kyogre
|-damage|p2a: Kyogre|0 fnt
|faint|p2a: Kyogre
|-weather|none
|inactive|JAY100064 has 120 seconds left.
|
|t:|1622340950
|switch|p1a: Dracovish|Dracovish|100/100|[from]move: U-turn
|
|upkeep
|
|t:|1622340956
|switch|p2a: Groudon|Groudon|100/100
|detailschange|p2a: Groudon|Groudon-Primal
|-primal|p2a: Groudon
|-weather|DesolateLand|[from] ability: Desolate Land|[of] p2a: Groudon
|turn|5
|inactive|JAY100064 has 120 seconds left.
|inactive|JAY100064 has 90 seconds left.
|
|t:|1622341004
|move|p1a: Dracovish|Psychic Fangs|p2a: Groudon
|-damage|p2a: Groudon|79/100
|move|p2a: Groudon|Rock Polish|p2a: Groudon
|-boost|p2a: Groudon|spe|2
|
|-weather|DesolateLand|[upkeep]
|upkeep
|turn|6
|
|t:|1622341029
|switch|p1a: Marshadow|Marshadow|100/100
|move|p2a: Groudon|Precipice Blades|p1a: Marshadow
|-enditem|p1a: Marshadow|Focus Sash
|-damage|p1a: Marshadow|1/100
|
|-weather|DesolateLand|[upkeep]
|upkeep
|turn|7
|
|t:|1622341038
|move|p2a: Groudon|Fire Punch|p1a: Marshadow
|-damage|p1a: Marshadow|0 fnt
|faint|p1a: Marshadow
|
|-weather|DesolateLand|[upkeep]
|upkeep
|
|t:|1622341051
|switch|p1a: Dracovish|Dracovish|100/100
|turn|8
|
|t:|1622341054
|move|p2a: Groudon|Precipice Blades|p1a: Dracovish
|-damage|p1a: Dracovish|7/100
|move|p1a: Dracovish|Fishious Rend||[still]
|-fail|p1a: Dracovish|Fishious Rend|[from] Desolate Land
|
|-weather|DesolateLand|[upkeep]
|upkeep
|turn|9
|
|t:|1622341075
|move|p2a: Groudon|Rock Polish|p2a: Groudon
|-boost|p2a: Groudon|spe|2
|move|p1a: Dracovish|Fishious Rend||[still]
|-fail|p1a: Dracovish|Fishious Rend|[from] Desolate Land
|
|-weather|DesolateLand|[upkeep]
|upkeep
|turn|10
|
|t:|1622341082
|move|p2a: Groudon|Rock Polish|p2a: Groudon
|-boost|p2a: Groudon|spe|2
|move|p1a: Dracovish|Fishious Rend||[still]
|-fail|p1a: Dracovish|Fishious Rend|[from] Desolate Land
|
|-weather|DesolateLand|[upkeep]
|upkeep
|turn|11
|
|t:|1622341088
|move|p2a: Groudon|Fire Punch|p1a: Dracovish
|-resisted|p1a: Dracovish
|-damage|p1a: Dracovish|0 fnt
|faint|p1a: Dracovish
|
|-weather|DesolateLand|[upkeep]
|upkeep
|
|t:|1622341095
|switch|p1a: Eternatus|Eternatus|37/100 par
|-ability|p1a: Eternatus|Pressure
|turn|12
|
|t:|1622341102
|move|p2a: Groudon|Precipice Blades|p1a: Eternatus
|-supereffective|p1a: Eternatus
|-damage|p1a: Eternatus|0 fnt
|faint|p1a: Eternatus
|
|-weather|DesolateLand|[upkeep]
|upkeep
|
|t:|1622341118
|switch|p1a: Darmanitan|Darmanitan-Galar, M, shiny|67/100
|turn|13
|
|t:|1622341131
|-start|p1a: Darmanitan|Dynamax
|-heal|p1a: Darmanitan|67/100|[silent]
|move|p2a: Groudon|Fire Punch|p1a: Darmanitan
|-supereffective|p1a: Darmanitan
|-damage|p1a: Darmanitan|0 fnt
|faint|p1a: Darmanitan
|
|-weather|DesolateLand|[upkeep]
|upkeep
|-message|JAY100064 forfeited.
|
|win|Kirb245
|raw|JAY100064's rating: 1241 &rarr; <strong>1228</strong><br />(-13 for losing)
|raw|Kirb245's rating: 1420 &rarr; <strong>1431</strong><br />(+11 for winning)
|l|☆JAY100064
