|j|☆Emorawr79
|j|☆Freeity
|t:|1652318030
|gametype|singles
|player|p1|Emorawr79|ghetsis|1804
|player|p2|Freeity|hugh|1698
|teamsize|p1|6
|teamsize|p2|6
|gen|8
|tier|[Gen 8] National Dex AG
|rated|
|rule|HP Percentage Mod: HP is shown in percentages
|rule|Endless Battle Clause: Forcing endless battles is banned
|clearpoke
|poke|p1|Calyrex-Shadow|
|poke|p1|Smeargle, F|
|poke|p1|Ditto|
|poke|p1|Zygarde|
|poke|p1|Yveltal|
|poke|p1|Arceus-*|
|poke|p2|Arceus-*|
|poke|p2|Rayquaza|
|poke|p2|Arceus-*|
|poke|p2|Necrozma-Dusk-Mane|
|poke|p2|Kyogre|
|poke|p2|Arceus-*|
|teampreview
|
|t:|1652318035
|start
|switch|p1a: Smeargle|Smeargle, F|100/100
|switch|p2a: Lazy|Rayquaza|100/100
|-ability|p2a: Lazy|Air Lock
|turn|1
|
|t:|1652318040
|detailschange|p2a: Lazy|Rayquaza-Mega
|-mega|p2a: Lazy|Rayquaza|
|-weather|DeltaStream|[from] ability: Delta Stream|[of] p2a: Lazy
|move|p2a: Lazy|Scale Shot|p1a: Smeargle
|-damage|p1a: Smeargle|35/100
|-damage|p1a: Smeargle|0 fnt
|faint|p1a: Smeargle
|-hitcount|p1: Smeargle|2
|-unboost|p2a: Lazy|def|1
|-boost|p2a: Lazy|spe|1
|-damage|p2a: Lazy|91/100|[from] item: Life Orb
|
|-weather|DeltaStream|[upkeep]
|upkeep
|
|t:|1652318044
|switch|p1a: Ditto|Ditto|100/100
|-transform|p1a: Ditto|p2a: Lazy|[from] ability: Imposter
|turn|2
|
|t:|1652318047
|move|p1a: Ditto|Extreme Speed|p2a: Lazy
|-damage|p2a: Lazy|38/100
|move|p2a: Lazy|Extreme Speed|p1a: Ditto
|-damage|p1a: Ditto|16/100
|-damage|p2a: Lazy|28/100|[from] item: Life Orb
|
|-weather|DeltaStream|[upkeep]
|upkeep
|turn|3
|
|t:|1652318051
|switch|p2a: Necrozma|Necrozma-Dusk-Mane|100/100
|move|p1a: Ditto|Extreme Speed|p2a: Necrozma
|-resisted|p2a: Necrozma
|-damage|p2a: Necrozma|92/100
|-damage|p1a: Ditto|0 fnt|[from] item: Rocky Helmet|[of] p2a: Necrozma
|faint|p1a: Ditto
|-weather|none
|
|upkeep
|inactive|Battle timer is ON: inactive players will automatically lose when time's up. (requested by Emorawr79)
|
|t:|1652318055
|switch|p1a: Calyrex|Calyrex-Shadow|100/100
|-ability|p1a: Calyrex|As One
|-ability|p1a: Calyrex|Unnerve
|turn|4
|
|t:|1652318058
|switch|p2a: Arceus|Arceus-Dark|100/100
|move|p1a: Calyrex|Astral Barrage|p2a: Arceus
|-resisted|p2a: Arceus
|-damage|p2a: Arceus|84/100
|
|upkeep
|turn|5
|
|t:|1652318064
|switch|p1a: Arceus|Arceus-Dark|100/100
|move|p2a: Arceus|Calm Mind|p2a: Arceus
|-boost|p2a: Arceus|spa|1
|-boost|p2a: Arceus|spd|1
|
|upkeep
|turn|6
|
|t:|1652318066
|move|p2a: Arceus|Calm Mind|p2a: Arceus
|-boost|p2a: Arceus|spa|1
|-boost|p2a: Arceus|spd|1
|move|p1a: Arceus|Calm Mind|p1a: Arceus
|-boost|p1a: Arceus|spa|1
|-boost|p1a: Arceus|spd|1
|
|upkeep
|turn|7
|
|t:|1652318068
|move|p2a: Arceus|Calm Mind|p2a: Arceus
|-boost|p2a: Arceus|spa|1
|-boost|p2a: Arceus|spd|1
|move|p1a: Arceus|Calm Mind|p1a: Arceus
|-boost|p1a: Arceus|spa|1
|-boost|p1a: Arceus|spd|1
|
|upkeep
|turn|8
|
|t:|1652318070
|move|p2a: Arceus|Calm Mind|p2a: Arceus
|-boost|p2a: Arceus|spa|1
|-boost|p2a: Arceus|spd|1
|move|p1a: Arceus|Calm Mind|p1a: Arceus
|-boost|p1a: Arceus|spa|1
|-boost|p1a: Arceus|spd|1
|
|upkeep
|turn|9
|
|t:|1652318071
|move|p2a: Arceus|Calm Mind|p2a: Arceus
|-boost|p2a: Arceus|spa|1
|-boost|p2a: Arceus|spd|1
|move|p1a: Arceus|Calm Mind|p1a: Arceus
|-boost|p1a: Arceus|spa|1
|-boost|p1a: Arceus|spd|1
|
|upkeep
|turn|10
|
|t:|1652318073
|move|p2a: Arceus|Calm Mind|p2a: Arceus
|-boost|p2a: Arceus|spa|1
|-boost|p2a: Arceus|spd|1
|move|p1a: Arceus|Calm Mind|p1a: Arceus
|-boost|p1a: Arceus|spa|1
|-boost|p1a: Arceus|spd|1
|
|upkeep
|turn|11
|
|t:|1652318075
|move|p2a: Arceus|Judgment|p1a: Arceus
|-resisted|p1a: Arceus
|-damage|p1a: Arceus|83/100
|move|p1a: Arceus|Calm Mind|p1a: Arceus
|-boost|p1a: Arceus|spa|1
|-boost|p1a: Arceus|spd|1
|
|upkeep
|turn|12
|
|t:|1652318078
|move|p2a: Arceus|Judgment|p1a: Arceus
|-resisted|p1a: Arceus
|-damage|p1a: Arceus|66/100
|move|p1a: Arceus|Calm Mind|p1a: Arceus
|-boost|p1a: Arceus|spa|0
|-boost|p1a: Arceus|spd|0
|
|upkeep
|turn|13
|
|t:|1652318081
|move|p2a: Arceus|Judgment|p1a: Arceus
|-resisted|p1a: Arceus
|-damage|p1a: Arceus|50/100
|move|p1a: Arceus|Recover|p1a: Arceus
|-heal|p1a: Arceus|100/100
|
|upkeep
|turn|14
|
|t:|1652318084
|move|p2a: Arceus|Recover|p2a: Arceus
|-heal|p2a: Arceus|100/100
|move|p1a: Arceus|Earth Power|p2a: Arceus
|-damage|p2a: Arceus|89/100
|
|upkeep
|turn|15
|
|t:|1652318087
|move|p2a: Arceus|Calm Mind|p2a: Arceus
|-boost|p2a: Arceus|spa|0
|-boost|p2a: Arceus|spd|0
|move|p1a: Arceus|Judgment|p2a: Arceus
|-resisted|p2a: Arceus
|-damage|p2a: Arceus|78/100
|
|upkeep
|turn|16
|
|t:|1652318090
|move|p2a: Arceus|Calm Mind|p2a: Arceus
|-boost|p2a: Arceus|spa|0
|-boost|p2a: Arceus|spd|0
|move|p1a: Arceus|Earth Power|p2a: Arceus
|-damage|p2a: Arceus|66/100
|
|upkeep
|turn|17
|
|t:|1652318093
|move|p2a: Arceus|Calm Mind|p2a: Arceus
|-boost|p2a: Arceus|spa|0
|-boost|p2a: Arceus|spd|0
|move|p1a: Arceus|Earth Power|p2a: Arceus
|-damage|p2a: Arceus|54/100
|-unboost|p2a: Arceus|spd|1
|
|upkeep
|turn|18
|
|t:|1652318095
|move|p2a: Arceus|Calm Mind|p2a: Arceus
|-boost|p2a: Arceus|spa|0
|-boost|p2a: Arceus|spd|1
|move|p1a: Arceus|Earth Power|p2a: Arceus
|-damage|p2a: Arceus|41/100
|
|upkeep
|turn|19
|
|t:|1652318098
|move|p2a: Arceus|Recover|p2a: Arceus
|-heal|p2a: Arceus|91/100
|move|p1a: Arceus|Earth Power|p2a: Arceus
|-damage|p2a: Arceus|79/100
|
|upkeep
|turn|20
|
|t:|1652318100
|move|p2a: Arceus|Calm Mind|p2a: Arceus
|-boost|p2a: Arceus|spa|0
|-boost|p2a: Arceus|spd|0
|move|p1a: Arceus|Earth Power|p2a: Arceus
|-damage|p2a: Arceus|67/100
|-unboost|p2a: Arceus|spd|1
|
|upkeep
|turn|21
|
|t:|1652318105
|move|p2a: Arceus|Calm Mind|p2a: Arceus
|-boost|p2a: Arceus|spa|0
|-boost|p2a: Arceus|spd|1
|move|p1a: Arceus|Earth Power|p2a: Arceus
|-damage|p2a: Arceus|55/100
|
|upkeep
|turn|22
|
|t:|1652318108
|move|p2a: Arceus|Calm Mind|p2a: Arceus
|-boost|p2a: Arceus|spa|0
|-boost|p2a: Arceus|spd|0
|move|p1a: Arceus|Earth Power|p2a: Arceus
|-damage|p2a: Arceus|43/100
|
|upkeep
|turn|23
|
|t:|1652318110
|move|p2a: Arceus|Recover|p2a: Arceus
|-heal|p2a: Arceus|93/100
|move|p1a: Arceus|Earth Power|p2a: Arceus
|-damage|p2a: Arceus|81/100
|
|upkeep
|turn|24
|
|t:|1652318113
|move|p2a: Arceus|Calm Mind|p2a: Arceus
|-boost|p2a: Arceus|spa|0
|-boost|p2a: Arceus|spd|0
|move|p1a: Arceus|Earth Power|p2a: Arceus
|-damage|p2a: Arceus|69/100
|
|upkeep
|turn|25
|
|t:|1652318115
|move|p2a: Arceus|Calm Mind|p2a: Arceus
|-boost|p2a: Arceus|spa|0
|-boost|p2a: Arceus|spd|0
|move|p1a: Arceus|Earth Power|p2a: Arceus
|-damage|p2a: Arceus|58/100
|
|upkeep
|turn|26
|
|t:|1652318117
|move|p2a: Arceus|Recover|p2a: Arceus
|-heal|p2a: Arceus|100/100
|move|p1a: Arceus|Earth Power|p2a: Arceus
|-crit|p2a: Arceus
|-damage|p2a: Arceus|29/100
|
|upkeep
|turn|27
|
|t:|1652318120
|move|p2a: Arceus|Recover|p2a: Arceus
|-heal|p2a: Arceus|79/100
|move|p1a: Arceus|Earth Power|p2a: Arceus
|-damage|p2a: Arceus|66/100
|
|upkeep
|turn|28
|
|t:|1652318125
|move|p2a: Arceus|Recover|p2a: Arceus
|-heal|p2a: Arceus|100/100
|move|p1a: Arceus|Earth Power|p2a: Arceus
|-damage|p2a: Arceus|89/100
|
|upkeep
|turn|29
|
|t:|1652318127
|move|p2a: Arceus|Calm Mind|p2a: Arceus
|-boost|p2a: Arceus|spa|0
|-boost|p2a: Arceus|spd|0
|move|p1a: Arceus|Earth Power|p2a: Arceus
|-damage|p2a: Arceus|78/100
|
|upkeep
|turn|30
|
|t:|1652318130
|move|p2a: Arceus|Calm Mind|p2a: Arceus
|-boost|p2a: Arceus|spa|0
|-boost|p2a: Arceus|spd|0
|move|p1a: Arceus|Earth Power|p2a: Arceus
|-damage|p2a: Arceus|67/100
|
|upkeep
|turn|31
|
|t:|1652318134
|move|p2a: Arceus|Calm Mind|p2a: Arceus
|-boost|p2a: Arceus|spa|0
|-boost|p2a: Arceus|spd|0
|move|p1a: Arceus|Judgment|p2a: Arceus
|-resisted|p2a: Arceus
|-damage|p2a: Arceus|55/100
|
|upkeep
|turn|32
|
|t:|1652318137
|move|p2a: Arceus|Recover|p2a: Arceus
|-heal|p2a: Arceus|100/100
|move|p1a: Arceus|Judgment|p2a: Arceus
|-resisted|p2a: Arceus
|-damage|p2a: Arceus|89/100
|
|upkeep
|turn|33
|
|t:|1652318142
|move|p2a: Arceus|Calm Mind|p2a: Arceus
|-boost|p2a: Arceus|spa|0
|-boost|p2a: Arceus|spd|0
|move|p1a: Arceus|Judgment|p2a: Arceus
|-resisted|p2a: Arceus
|-damage|p2a: Arceus|77/100
|
|upkeep
|turn|34
|
|t:|1652318144
|move|p2a: Arceus|Calm Mind|p2a: Arceus
|-boost|p2a: Arceus|spa|0
|-boost|p2a: Arceus|spd|0
|move|p1a: Arceus|Judgment|p2a: Arceus
|-resisted|p2a: Arceus
|-damage|p2a: Arceus|64/100
|
|upkeep
|turn|35
|
|t:|1652318148
|move|p2a: Arceus|Calm Mind|p2a: Arceus
|-boost|p2a: Arceus|spa|0
|-boost|p2a: Arceus|spd|0
|move|p1a: Arceus|Judgment|p2a: Arceus
|-resisted|p2a: Arceus
|-damage|p2a: Arceus|53/100
|
|upkeep
|turn|36
|
|t:|1652318151
|move|p2a: Arceus|Recover|p2a: Arceus
|-heal|p2a: Arceus|100/100
|move|p1a: Arceus|Judgment|p2a: Arceus
|-resisted|p2a: Arceus
|-damage|p2a: Arceus|89/100
|
|upkeep
|turn|37
|
|t:|1652318153
|move|p2a: Arceus|Calm Mind|p2a: Arceus
|-boost|p2a: Arceus|spa|0
|-boost|p2a: Arceus|spd|0
|move|p1a: Arceus|Judgment|p2a: Arceus
|-resisted|p2a: Arceus
|-damage|p2a: Arceus|77/100
|
|upkeep
|turn|38
|
|t:|1652318156
|move|p2a: Arceus|Calm Mind|p2a: Arceus
|-boost|p2a: Arceus|spa|0
|-boost|p2a: Arceus|spd|0
|move|p1a: Arceus|Judgment|p2a: Arceus
|-resisted|p2a: Arceus
|-damage|p2a: Arceus|64/100
|
|upkeep
|turn|39
|
|t:|1652318158
|move|p2a: Arceus|Recover|p2a: Arceus
|-heal|p2a: Arceus|100/100
|move|p1a: Arceus|Judgment|p2a: Arceus
|-resisted|p2a: Arceus
|-damage|p2a: Arceus|88/100
|
|upkeep
|turn|40
|
|t:|1652318166
|move|p2a: Arceus|Calm Mind|p2a: Arceus
|-boost|p2a: Arceus|spa|0
|-boost|p2a: Arceus|spd|0
|move|p1a: Arceus|Judgment|p2a: Arceus
|-resisted|p2a: Arceus
|-damage|p2a: Arceus|76/100
|
|upkeep
|turn|41
|
|t:|1652318168
|move|p2a: Arceus|Calm Mind|p2a: Arceus
|-boost|p2a: Arceus|spa|0
|-boost|p2a: Arceus|spd|0
|move|p1a: Arceus|Judgment|p2a: Arceus
|-resisted|p2a: Arceus
|-damage|p2a: Arceus|64/100
|
|upkeep
|turn|42
|
|t:|1652318170
|move|p2a: Arceus|Recover|p2a: Arceus
|-heal|p2a: Arceus|100/100
|move|p1a: Arceus|Judgment|p2a: Arceus
|-resisted|p2a: Arceus
|-damage|p2a: Arceus|89/100
|
|upkeep
|turn|43
|
|t:|1652318175
|move|p2a: Arceus|Calm Mind|p2a: Arceus
|-boost|p2a: Arceus|spa|0
|-boost|p2a: Arceus|spd|0
|move|p1a: Arceus|Judgment|p2a: Arceus
|-resisted|p2a: Arceus
|-damage|p2a: Arceus|78/100
|
|upkeep
|turn|44
|
|t:|1652318179
|move|p2a: Arceus|Calm Mind|p2a: Arceus
|-boost|p2a: Arceus|spa|0
|-boost|p2a: Arceus|spd|0
|move|p1a: Arceus|Judgment|p2a: Arceus
|-resisted|p2a: Arceus
|-damage|p2a: Arceus|65/100
|
|upkeep
|turn|45
|
|t:|1652318181
|move|p2a: Arceus|Refresh||[still]
|-fail|p2a: Arceus
|move|p1a: Arceus|Calm Mind|p1a: Arceus
|-boost|p1a: Arceus|spa|0
|-boost|p1a: Arceus|spd|0
|
|upkeep
|turn|46
|
|t:|1652318183
|move|p2a: Arceus|Recover|p2a: Arceus
|-heal|p2a: Arceus|100/100
|move|p1a: Arceus|Calm Mind|p1a: Arceus
|-boost|p1a: Arceus|spa|0
|-boost|p1a: Arceus|spd|0
|
|upkeep
|turn|47
|
|t:|1652318188
|move|p2a: Arceus|Judgment|p1a: Arceus
|-resisted|p1a: Arceus
|-damage|p1a: Arceus|85/100
|move|p1a: Arceus|Calm Mind|p1a: Arceus
|-boost|p1a: Arceus|spa|0
|-boost|p1a: Arceus|spd|0
|
|upkeep
|turn|48
|
|t:|1652318194
|move|p2a: Arceus|Judgment|p1a: Arceus
|-resisted|p1a: Arceus
|-damage|p1a: Arceus|70/100
|move|p1a: Arceus|Calm Mind|p1a: Arceus
|-boost|p1a: Arceus|spa|0
|-boost|p1a: Arceus|spd|0
|
|upkeep
|turn|49
|
|t:|1652318200
|move|p2a: Arceus|Refresh||[still]
|-fail|p2a: Arceus
|move|p1a: Arceus|Recover|p1a: Arceus
|-heal|p1a: Arceus|100/100
|
|upkeep
|turn|50
|
|t:|1652318204
|move|p2a: Arceus|Refresh||[still]
|-fail|p2a: Arceus
|move|p1a: Arceus|Recover||[still]
|-fail|p1a: Arceus|heal
|
|upkeep
|turn|51
|
|t:|1652318207
|move|p2a: Arceus|Refresh||[still]
|-fail|p2a: Arceus
|move|p1a: Arceus|Recover||[still]
|-fail|p1a: Arceus|heal
|
|upkeep
|turn|52
|
|t:|1652318212
|move|p2a: Arceus|Refresh||[still]
|-fail|p2a: Arceus
|move|p1a: Arceus|Recover||[still]
|-fail|p1a: Arceus|heal
|
|upkeep
|turn|53
|
|t:|1652318214
|move|p2a: Arceus|Refresh||[still]
|-fail|p2a: Arceus
|move|p1a: Arceus|Calm Mind|p1a: Arceus
|-boost|p1a: Arceus|spa|0
|-boost|p1a: Arceus|spd|0
|
|upkeep
|turn|54
|
|t:|1652318218
|move|p2a: Arceus|Refresh||[still]
|-fail|p2a: Arceus
|move|p1a: Arceus|Calm Mind|p1a: Arceus
|-boost|p1a: Arceus|spa|0
|-boost|p1a: Arceus|spd|0
|
|upkeep
|turn|55
|
|t:|1652318220
|move|p2a: Arceus|Refresh||[still]
|-fail|p2a: Arceus
|move|p1a: Arceus|Calm Mind|p1a: Arceus
|-boost|p1a: Arceus|spa|0
|-boost|p1a: Arceus|spd|0
|
|upkeep
|turn|56
|
|t:|1652318222
|move|p2a: Arceus|Refresh||[still]
|-fail|p2a: Arceus
|move|p1a: Arceus|Calm Mind|p1a: Arceus
|-boost|p1a: Arceus|spa|0
|-boost|p1a: Arceus|spd|0
|
|upkeep
|turn|57
|
|t:|1652318226
|move|p2a: Arceus|Refresh||[still]
|-fail|p2a: Arceus
|move|p1a: Arceus|Calm Mind|p1a: Arceus
|-boost|p1a: Arceus|spa|0
|-boost|p1a: Arceus|spd|0
|
|upkeep
|turn|58
|
|t:|1652318229
|move|p2a: Arceus|Refresh||[still]
|-fail|p2a: Arceus
|move|p1a: Arceus|Calm Mind|p1a: Arceus
|-boost|p1a: Arceus|spa|0
|-boost|p1a: Arceus|spd|0
|
|upkeep
|turn|59
|
|t:|1652318231
|move|p2a: Arceus|Refresh||[still]
|-fail|p2a: Arceus
|move|p1a: Arceus|Calm Mind|p1a: Arceus
|-boost|p1a: Arceus|spa|0
|-boost|p1a: Arceus|spd|0
|
|upkeep
|turn|60
|
|t:|1652318235
|move|p2a: Arceus|Refresh||[still]
|-fail|p2a: Arceus
|move|p1a: Arceus|Calm Mind|p1a: Arceus
|-boost|p1a: Arceus|spa|0
|-boost|p1a: Arceus|spd|0
|
|upkeep
|turn|61
|
|t:|1652318259
|move|p2a: Arceus|Refresh||[still]
|-fail|p2a: Arceus
|move|p1a: Arceus|Calm Mind|p1a: Arceus
|-boost|p1a: Arceus|spa|0
|-boost|p1a: Arceus|spd|0
|
|upkeep
|turn|62
|
|t:|1652318263
|move|p2a: Arceus|Refresh||[still]
|-fail|p2a: Arceus
|move|p1a: Arceus|Calm Mind|p1a: Arceus
|-boost|p1a: Arceus|spa|0
|-boost|p1a: Arceus|spd|0
|
|upkeep
|turn|63
|
|t:|1652318267
|move|p2a: Arceus|Refresh||[still]
|-fail|p2a: Arceus
|move|p1a: Arceus|Calm Mind|p1a: Arceus
|-boost|p1a: Arceus|spa|0
|-boost|p1a: Arceus|spd|0
|
|upkeep
|turn|64
|
|t:|1652318271
|move|p2a: Arceus|Refresh||[still]
|-fail|p2a: Arceus
|move|p1a: Arceus|Calm Mind|p1a: Arceus
|-boost|p1a: Arceus|spa|0
|-boost|p1a: Arceus|spd|0
|
|upkeep
|turn|65
|
|t:|1652318276
|move|p2a: Arceus|Refresh||[still]
|-fail|p2a: Arceus
|move|p1a: Arceus|Calm Mind|p1a: Arceus
|-boost|p1a: Arceus|spa|0
|-boost|p1a: Arceus|spd|0
|
|upkeep
|turn|66
|
|t:|1652318279
|move|p2a: Arceus|Refresh||[still]
|-fail|p2a: Arceus
|move|p1a: Arceus|Calm Mind|p1a: Arceus
|-boost|p1a: Arceus|spa|0
|-boost|p1a: Arceus|spd|0
|
|upkeep
|turn|67
|
|t:|1652318280
|move|p2a: Arceus|Refresh||[still]
|-fail|p2a: Arceus
|move|p1a: Arceus|Calm Mind|p1a: Arceus
|-boost|p1a: Arceus|spa|0
|-boost|p1a: Arceus|spd|0
|
|upkeep
|turn|68
|
|t:|1652318284
|move|p2a: Arceus|Refresh||[still]
|-fail|p2a: Arceus
|move|p1a: Arceus|Calm Mind|p1a: Arceus
|-boost|p1a: Arceus|spa|0
|-boost|p1a: Arceus|spd|0
|
|upkeep
|turn|69
|
|t:|1652318286
|move|p2a: Arceus|Refresh||[still]
|-fail|p2a: Arceus
|move|p1a: Arceus|Calm Mind|p1a: Arceus
|-boost|p1a: Arceus|spa|0
|-boost|p1a: Arceus|spd|0
|
|upkeep
|turn|70
|
|t:|1652318287
|move|p2a: Arceus|Refresh||[still]
|-fail|p2a: Arceus
|move|p1a: Arceus|Calm Mind|p1a: Arceus
|-boost|p1a: Arceus|spa|0
|-boost|p1a: Arceus|spd|0
|
|upkeep
|turn|71
|
|t:|1652318290
|move|p2a: Arceus|Refresh||[still]
|-fail|p2a: Arceus
|move|p1a: Arceus|Calm Mind|p1a: Arceus
|-boost|p1a: Arceus|spa|0
|-boost|p1a: Arceus|spd|0
|
|upkeep
|turn|72
|
|t:|1652318292
|move|p2a: Arceus|Refresh||[still]
|-fail|p2a: Arceus
|move|p1a: Arceus|Calm Mind|p1a: Arceus
|-boost|p1a: Arceus|spa|0
|-boost|p1a: Arceus|spd|0
|
|upkeep
|turn|73
|
|t:|1652318294
|move|p2a: Arceus|Refresh||[still]
|-fail|p2a: Arceus
|move|p1a: Arceus|Calm Mind|p1a: Arceus
|-boost|p1a: Arceus|spa|0
|-boost|p1a: Arceus|spd|0
|
|upkeep
|turn|74
|
|t:|1652318297
|move|p2a: Arceus|Refresh||[still]
|-fail|p2a: Arceus
|move|p1a: Arceus|Recover||[still]
|-fail|p1a: Arceus|heal
|
|upkeep
|turn|75
|
|t:|1652318301
|move|p2a: Arceus|Refresh||[still]
|-fail|p2a: Arceus
|move|p1a: Arceus|Recover||[still]
|-fail|p1a: Arceus|heal
|
|upkeep
|turn|76
|
|t:|1652318306
|move|p2a: Arceus|Refresh||[still]
|-fail|p2a: Arceus
|move|p1a: Arceus|Recover||[still]
|-fail|p1a: Arceus|heal
|
|upkeep
|turn|77
|
|t:|1652318308
|move|p2a: Arceus|Refresh||[still]
|-fail|p2a: Arceus
|move|p1a: Arceus|Recover||[still]
|-fail|p1a: Arceus|heal
|
|upkeep
|turn|78
|
|t:|1652318316
|move|p2a: Arceus|Refresh||[still]
|-fail|p2a: Arceus
|move|p1a: Arceus|Recover||[still]
|-fail|p1a: Arceus|heal
|
|upkeep
|turn|79
|
|t:|1652318318
|move|p2a: Arceus|Refresh||[still]
|-fail|p2a: Arceus
|move|p1a: Arceus|Recover||[still]
|-fail|p1a: Arceus|heal
|
|upkeep
|turn|80
|
|t:|1652318319
|move|p2a: Arceus|Calm Mind|p2a: Arceus
|-boost|p2a: Arceus|spa|0
|-boost|p2a: Arceus|spd|0
|move|p1a: Arceus|Recover||[still]
|-fail|p1a: Arceus|heal
|
|upkeep
|turn|81
|
|t:|1652318321
|move|p2a: Arceus|Calm Mind|p2a: Arceus
|-boost|p2a: Arceus|spa|0
|-boost|p2a: Arceus|spd|0
|move|p1a: Arceus|Recover||[still]
|-fail|p1a: Arceus|heal
|
|upkeep
|turn|82
|
|t:|1652318324
|move|p2a: Arceus|Calm Mind|p2a: Arceus
|-boost|p2a: Arceus|spa|0
|-boost|p2a: Arceus|spd|0
|move|p1a: Arceus|Recover||[still]
|-fail|p1a: Arceus|heal
|
|upkeep
|turn|83
|
|t:|1652318327
|move|p2a: Arceus|Calm Mind|p2a: Arceus
|-boost|p2a: Arceus|spa|0
|-boost|p2a: Arceus|spd|0
|move|p1a: Arceus|Recover||[still]
|-fail|p1a: Arceus|heal
|
|upkeep
|turn|84
|
|t:|1652318329
|move|p2a: Arceus|Calm Mind|p2a: Arceus
|-boost|p2a: Arceus|spa|0
|-boost|p2a: Arceus|spd|0
|move|p1a: Arceus|Recover||[still]
|-fail|p1a: Arceus|heal
|
|upkeep
|turn|85
|
|t:|1652318333
|move|p2a: Arceus|Judgment|p1a: Arceus
|-resisted|p1a: Arceus
|-damage|p1a: Arceus|84/100
|move|p1a: Arceus|Judgment|p2a: Arceus
|-resisted|p2a: Arceus
|-damage|p2a: Arceus|88/100
|
|upkeep
|turn|86
|
|t:|1652318336
|move|p2a: Arceus|Recover|p2a: Arceus
|-heal|p2a: Arceus|100/100
|-activate|p1a: Arceus|move: Struggle
|move|p1a: Arceus|Struggle|p2a: Arceus
|-damage|p2a: Arceus|93/100
|-damage|p1a: Arceus|59/100|[from] recoil
|
|upkeep
|turn|87
|
|t:|1652318340
|move|p2a: Arceus|Recover|p2a: Arceus
|-heal|p2a: Arceus|100/100
|-activate|p1a: Arceus|move: Struggle
|move|p1a: Arceus|Struggle|p2a: Arceus
|-damage|p2a: Arceus|93/100
|-damage|p1a: Arceus|34/100|[from] recoil
|
|upkeep
|turn|88
|
|t:|1652318344
|move|p2a: Arceus|Recover|p2a: Arceus
|-heal|p2a: Arceus|100/100
|-activate|p1a: Arceus|move: Struggle
|move|p1a: Arceus|Struggle|p2a: Arceus
|-damage|p2a: Arceus|94/100
|-damage|p1a: Arceus|9/100|[from] recoil
|
|upkeep
|turn|89
|
|t:|1652318346
|move|p2a: Arceus|Judgment|p1a: Arceus
|-resisted|p1a: Arceus
|-damage|p1a: Arceus|0 fnt
|faint|p1a: Arceus
|
|upkeep
|
|t:|1652318349
|switch|p1a: Zygarde|Zygarde|100/100
|turn|90
|c|☆Freeity|gg
|
|t:|1652318353
|-start|p1a: Zygarde|Dynamax|
|-heal|p1a: Zygarde|100/100|[silent]
|move|p2a: Arceus|Judgment|p1a: Zygarde
|-damage|p1a: Zygarde|26/100
|move|p1a: Zygarde|Max Quake|p2a: Arceus
|-damage|p2a: Arceus|66/100
|-boost|p1a: Zygarde|spd|1
|
|-heal|p1a: Zygarde|29/100|[from] item: Leftovers
|-activate|p1a: Zygarde|ability: Power Construct
|detailschange|p1a: Zygarde|Zygarde-Complete
|-heal|p1a: Zygarde|53/100|[silent]
|upkeep
|turn|91
|
|t:|1652318360
|-start|p2a: Arceus|Dynamax|
|-heal|p2a: Arceus|66/100|[silent]
|move|p2a: Arceus|Max Darkness|p1a: Zygarde
|-damage|p1a: Zygarde|4/100
|-unboost|p1a: Zygarde|spd|1
|move|p1a: Zygarde|Max Quake|p2a: Arceus
|-damage|p2a: Arceus|50/100
|-boost|p1a: Zygarde|spd|1
|
|-heal|p1a: Zygarde|7/100|[from] item: Leftovers
|upkeep
|turn|92
|
|t:|1652318362
|move|p2a: Arceus|Max Darkness|p1a: Zygarde
|-damage|p1a: Zygarde|0 fnt
|faint|p1a: Zygarde
|
|upkeep
|
|t:|1652318364
|switch|p1a: Yveltal|Yveltal|100/100
|-ability|p1a: Yveltal|Dark Aura
|turn|93
|
|t:|1652318367
|move|p1a: Yveltal|Oblivion Wing|p2a: Arceus
|-damage|p2a: Arceus|47/100
|-damage|p1a: Yveltal|91/100|[from] item: Life Orb
|move|p2a: Arceus|Max Darkness|p1a: Yveltal
|-resisted|p1a: Yveltal
|-damage|p1a: Yveltal|0 fnt
|faint|p1a: Yveltal
|
|upkeep
|
|t:|1652318369
|switch|p1a: Calyrex|Calyrex-Shadow|100/100
|-ability|p1a: Calyrex|As One
|-ability|p1a: Calyrex|Unnerve
|-end|p2a: Arceus|Dynamax
|-heal|p2a: Arceus|47/100|[silent]
|turn|94
|
|t:|1652318371
|move|p1a: Calyrex|Nasty Plot|p1a: Calyrex
|-boost|p1a: Calyrex|spa|2
|move|p2a: Arceus|Judgment|p1a: Calyrex
|-supereffective|p1a: Calyrex
|-enditem|p1a: Calyrex|Focus Sash
|-damage|p1a: Calyrex|1/100
|
|upkeep
|turn|95
|
|t:|1652318373
|move|p1a: Calyrex|Astral Barrage|p2a: Arceus
|-resisted|p2a: Arceus
|-damage|p2a: Arceus|38/100
|move|p2a: Arceus|Judgment|p1a: Calyrex
|-supereffective|p1a: Calyrex
|-damage|p1a: Calyrex|0 fnt
|faint|p1a: Calyrex
|
|win|Freeity
|raw|Emorawr79's rating: 1804 &rarr; <strong>1778</strong><br />(-26 for losing)
|raw|Freeity's rating: 1698 &rarr; <strong>1724</strong><br />(+26 for winning)
|l|☆Emorawr79
||Ladder isn't responding, score probably updated but might not have (Request timeout).
