|j|☆MRH1106
|j|☆TaxFraud094
|t:|1655271970
|gametype|singles
|player|p1|MRH1106|red|1711
|player|p2|TaxFraud094|preschooler|1843
|teamsize|p1|6
|teamsize|p2|6
|gen|8
|tier|[Gen 8] National Dex AG
|rated|
|rule|HP Percentage Mod: HP is shown in percentages
|rule|Endless Battle Clause: Forcing endless battles is banned
|clearpoke
|poke|p1|Zacian-*|
|poke|p1|Calyrex-Shadow|
|poke|p1|Rayquaza|
|poke|p1|Ditto|
|poke|p1|Yveltal|
|poke|p1|Arceus-*|
|poke|p2|Deoxys-Speed|
|poke|p2|Arceus-*|
|poke|p2|Necrozma-Dusk-Mane|
|poke|p2|Yveltal|
|poke|p2|Calyrex-Shadow|
|poke|p2|Xerneas-*|
|teampreview
|inactive|Battle timer is ON: inactive players will automatically lose when time's up. (requested by TaxFraud094)
|inactive|MRH1106 also wants the timer to be on.
|c|☆TaxFraud094|glhf
|
|t:|1655271981
|start
|switch|p1a: Hells dragon|Yveltal, shiny|100/100
|switch|p2a: Deoxys|Deoxys-Speed|100/100
|-ability|p2a: Deoxys|Pressure
|-ability|p1a: Hells dragon|Dark Aura
|turn|1
|
|t:|1655271988
|move|p2a: Deoxys|Light Screen|p2a: Deoxys
|-sidestart|p2: TaxFraud094|move: Light Screen
|move|p1a: Hells dragon|Oblivion Wing|p2a: Deoxys
|-damage|p2a: Deoxys|69/100
|-damage|p1a: Hells dragon|91/100|[from] item: Life Orb
|
|upkeep
|turn|2
|
|t:|1655271992
|move|p2a: Deoxys|Stealth Rock|p1a: Hells dragon
|-sidestart|p1: MRH1106|move: Stealth Rock
|move|p1a: Hells dragon|Oblivion Wing|p2a: Deoxys
|-damage|p2a: Deoxys|38/100
|-heal|p1a: Hells dragon|100/100|[from] drain|[of] p2a: Deoxys
|-damage|p1a: Hells dragon|91/100|[from] item: Life Orb
|
|upkeep
|turn|3
|
|t:|1655271999
|move|p2a: Deoxys|Reflect|p2a: Deoxys
|-sidestart|p2: TaxFraud094|Reflect
|move|p1a: Hells dragon|Oblivion Wing|p2a: Deoxys
|-crit|p2a: Deoxys
|-damage|p2a: Deoxys|0 fnt
|-heal|p1a: Hells dragon|100/100|[from] drain|[of] p2a: Deoxys
|faint|p2a: Deoxys
|-damage|p1a: Hells dragon|91/100|[from] item: Life Orb
|
|upkeep
|j| Kratosurtur
|inactive|TaxFraud094 has 120 seconds left.
|
|t:|1655272033
|switch|p2a: Xerneas|Xerneas|100/100
|-ability|p2a: Xerneas|Fairy Aura
|turn|4
|inactive|MRH1106 has 120 seconds left.
|
|t:|1655272070
|move|p1a: Hells dragon|Taunt|p2a: Xerneas
|-start|p2a: Xerneas|move: Taunt
|move|p2a: Xerneas|Moonblast|p1a: Hells dragon
|-supereffective|p1a: Hells dragon
|-damage|p1a: Hells dragon|0 fnt
|faint|p1a: Hells dragon
|
|upkeep
|
|t:|1655272072
|switch|p1a: Legit god|Arceus-Ground|100/100
|-damage|p1a: Legit god|94/100|[from] Stealth Rock
|turn|5
|
|t:|1655272075
|move|p1a: Legit god|Defog|p2a: Xerneas
|-unboost|p2a: Xerneas|evasion|1
|-sideend|p2: TaxFraud094|Reflect
|-sideend|p2: TaxFraud094|move: Light Screen
|-sideend|p1: MRH1106|Stealth Rock|[from] move: Defog|[of] p1a: Legit god
|move|p2a: Xerneas|Moonblast|p1a: Legit god
|-damage|p1a: Legit god|42/100
|-unboost|p1a: Legit god|spa|1
|
|upkeep
|turn|6
|
|t:|1655272082
|move|p1a: Legit god|Judgment|p2a: Xerneas
|-damage|p2a: Xerneas|72/100
|move|p2a: Xerneas|Moonblast|p1a: Legit god
|-damage|p1a: Legit god|0 fnt
|faint|p1a: Legit god
|
|-end|p2a: Xerneas|move: Taunt
|upkeep
|
|t:|1655272085
|switch|p1a: Knifepuppy|Zacian-Crowned|100/100
|-ability|p1a: Knifepuppy|Intrepid Sword|boost
|-boost|p1a: Knifepuppy|atk|1
|turn|7
|
|t:|1655272091
|move|p1a: Knifepuppy|Close Combat|p2a: Xerneas
|-resisted|p2a: Xerneas
|-damage|p2a: Xerneas|35/100
|-unboost|p1a: Knifepuppy|def|1
|-unboost|p1a: Knifepuppy|spd|1
|move|p2a: Xerneas|Hidden Power|p1a: Knifepuppy
|-supereffective|p1a: Knifepuppy
|-damage|p1a: Knifepuppy|38/100
|
|upkeep
|turn|8
|
|t:|1655272103
|move|p1a: Knifepuppy|Behemoth Blade|p2a: Xerneas
|-supereffective|p2a: Xerneas
|-damage|p2a: Xerneas|0 fnt
|faint|p2a: Xerneas
|
|upkeep
|
|t:|1655272117
|switch|p2a: Calyrex|Calyrex-Shadow|100/100
|-ability|p2a: Calyrex|As One
|-ability|p2a: Calyrex|Unnerve
|turn|9
|
|t:|1655272123
|move|p2a: Calyrex|Astral Barrage|p1a: Knifepuppy
|-crit|p1a: Knifepuppy
|-damage|p1a: Knifepuppy|0 fnt
|faint|p1a: Knifepuppy
|-ability|p2a: Calyrex|Grim Neigh|boost
|-boost|p2a: Calyrex|spa|1
|-damage|p2a: Calyrex|91/100|[from] item: Life Orb
|
|upkeep
|
|t:|1655272125
|switch|p1a: Fuck you <3|Ditto, shiny|100/100
|-transform|p1a: Fuck you <3|p2a: Calyrex|[from] ability: Imposter
|turn|10
|
|t:|1655272131
|switch|p2a: Arceus|Arceus|100/100
|move|p1a: Fuck you <3|Astral Barrage|p2a: Arceus
|-immune|p2a: Arceus
|
|upkeep
|turn|11
|inactive|MRH1106 has 120 seconds left.
|
|t:|1655272188
|switch|p1a: Rayyyy|Rayquaza|100/100
|-ability|p1a: Rayyyy|Air Lock
|move|p2a: Arceus|Shadow Claw|p1a: Rayyyy
|-damage|p1a: Rayyyy|73/100
|
|upkeep
|turn|12
|
|t:|1655272191
|detailschange|p1a: Rayyyy|Rayquaza-Mega
|-mega|p1a: Rayyyy|Rayquaza|
|-weather|DeltaStream|[from] ability: Delta Stream|[of] p1a: Rayyyy
|move|p1a: Rayyyy|Dragon Dance|p1a: Rayyyy
|-boost|p1a: Rayyyy|atk|1
|-boost|p1a: Rayyyy|spe|1
|move|p2a: Arceus|Swords Dance|p2a: Arceus
|-boost|p2a: Arceus|atk|2
|
|-weather|DeltaStream|[upkeep]
|upkeep
|turn|13
|
|t:|1655272198
|move|p1a: Rayyyy|Extreme Speed|p2a: Arceus
|-damage|p2a: Arceus|59/100
|move|p2a: Arceus|Extreme Speed|p1a: Rayyyy
|-damage|p1a: Rayyyy|0 fnt
|faint|p1a: Rayyyy
|-weather|none
|
|upkeep
|
|t:|1655272203
|switch|p1a: YeeHaw~|Calyrex-Shadow|100/100
|-ability|p1a: YeeHaw~|As One
|-ability|p1a: YeeHaw~|Unnerve
|turn|14
|
|t:|1655272206
|-start|p1a: YeeHaw~|Dynamax|
|-heal|p1a: YeeHaw~|100/100|[silent]
|move|p1a: YeeHaw~|Max Mindstorm|p2a: Arceus
|-damage|p2a: Arceus|7/100
|-fieldstart|move: Psychic Terrain
|move|p2a: Arceus|Shadow Claw|p1a: YeeHaw~
|-supereffective|p1a: YeeHaw~
|-enditem|p1a: YeeHaw~|Focus Sash
|-damage|p1a: YeeHaw~|1/100
|
|upkeep
|turn|15
|
|t:|1655272211
|move|p1a: YeeHaw~|Max Mindstorm|p2a: Arceus
|-damage|p2a: Arceus|0 fnt
|faint|p2a: Arceus
|-ability|p1a: YeeHaw~|Grim Neigh|boost
|-boost|p1a: YeeHaw~|spa|1
|
|upkeep
|
|t:|1655272214
|switch|p2a: Yveltal|Yveltal|100/100
|-ability|p2a: Yveltal|Dark Aura
|turn|16
|
|t:|1655272226
|-start|p2a: Yveltal|Dynamax|
|-heal|p2a: Yveltal|100/100|[silent]
|move|p1a: YeeHaw~|Max Starfall|p2a: Yveltal
|-supereffective|p2a: Yveltal
|-damage|p2a: Yveltal|35/100
|-fieldstart|move: Misty Terrain
|move|p2a: Yveltal|Max Airstream|p1a: YeeHaw~
|-damage|p1a: YeeHaw~|0 fnt
|-boost|p2a: Yveltal|spe|1
|faint|p1a: YeeHaw~
|-damage|p2a: Yveltal|30/100|[from] item: Life Orb
|
|upkeep
|
|t:|1655272230
|switch|p1a: Fuck you <3|Ditto, shiny|100/100
|-transform|p1a: Fuck you <3|p2a: Yveltal|[from] ability: Imposter
|-ability|p1a: Fuck you <3|Dark Aura
|turn|17
|
|t:|1655272244
|move|p1a: Fuck you <3|Dark Pulse|p2a: Yveltal
|-resisted|p2a: Yveltal
|-damage|p2a: Yveltal|14/100
|move|p2a: Yveltal|Max Airstream|p1a: Fuck you <3
|-damage|p1a: Fuck you <3|0 fnt
|-boost|p2a: Yveltal|spe|1
|faint|p1a: Fuck you <3
|-damage|p2a: Yveltal|9/100|[from] item: Life Orb
|
|win|TaxFraud094
|raw|MRH1106's rating: 1711 &rarr; <strong>1698</strong><br />(-13 for losing)
|raw|TaxFraud094's rating: 1843 &rarr; <strong>1856</strong><br />(+13 for winning)
|c|☆TaxFraud094|gg
|l|☆MRH1106
|l|☆TaxFraud094
