|j|☆caprisong
|j|☆Atcuko
|t:|1661527989
|gametype|singles
|player|p1|caprisong|nessa-masters|1687
|player|p2|Atcuko|twins|1648
|teamsize|p1|6
|teamsize|p2|6
|gen|8
|tier|[Gen 8] National Dex AG
|rated|
|rule|HP Percentage Mod: HP is shown in percentages
|rule|Endless Battle Clause: Forcing endless battles is banned
|clearpoke
|poke|p1|Yveltal|
|poke|p1|Necrozma-Dusk-Mane|
|poke|p1|Ditto|
|poke|p1|Ho-Oh|
|poke|p1|Marshadow|
|poke|p1|Rayquaza|
|poke|p2|Deoxys-Attack|
|poke|p2|Arceus-*|
|poke|p2|Arceus-*|
|poke|p2|Necrozma-Dusk-Mane|
|poke|p2|Ditto|
|poke|p2|Marshadow|
|teampreview
|inactive|Battle timer is ON: inactive players will automatically lose when time's up. (requested by caprisong)
|
|t:|1661528004
|start
|switch|p1a: Yveltal|Yveltal|100/100
|switch|p2a: Deoxys|Deoxys-Attack, shiny|100/100
|-ability|p2a: Deoxys|Pressure
|-ability|p1a: Yveltal|Dark Aura
|turn|1
|
|t:|1661528013
|move|p2a: Deoxys|Ice Beam|p1a: Yveltal
|-supereffective|p1a: Yveltal
|-damage|p1a: Yveltal|56/100
|move|p1a: Yveltal|Foul Play|p2a: Deoxys
|-supereffective|p2a: Deoxys
|-enditem|p2a: Deoxys|Focus Sash
|-damage|p2a: Deoxys|1/100
|
|upkeep
|turn|2
|
|t:|1661528021
|move|p2a: Deoxys|Ice Beam|p1a: Yveltal
|-supereffective|p1a: Yveltal
|-damage|p1a: Yveltal|13/100
|move|p1a: Yveltal|Oblivion Wing|p2a: Deoxys
|-damage|p2a: Deoxys|0 fnt
|-heal|p1a: Yveltal|13/100|[from] drain|[of] p2a: Deoxys
|faint|p2a: Deoxys
|
|upkeep
|
|t:|1661528034
|switch|p2a: Marshadow|Marshadow|100/100
|turn|3
|
|t:|1661528041
|switch|p1a: Ho-Oh|Ho-Oh, shiny|100/100
|move|p2a: Marshadow|Spectral Thief|p1a: Ho-Oh
|-damage|p1a: Ho-Oh|72/100
|
|upkeep
|turn|4
|
|t:|1661528051
|switch|p2a: Arceus|Arceus-Water|100/100
|move|p1a: Ho-Oh|Sacred Fire|p2a: Arceus
|-resisted|p2a: Arceus
|-damage|p2a: Arceus|90/100
|-status|p2a: Arceus|brn
|
|-damage|p2a: Arceus|84/100 brn|[from] brn
|upkeep
|turn|5
|
|t:|1661528060
|switch|p1a: Marshadow|Marshadow|100/100
|move|p2a: Arceus|Whirlpool|p1a: Marshadow
|-crit|p1a: Marshadow
|-damage|p1a: Marshadow|73/100
|-activate|p1a: Marshadow|move: Whirlpool|[of] p2a: Arceus
|
|-damage|p2a: Arceus|78/100 brn|[from] brn
|-damage|p1a: Marshadow|61/100|[from] move: Whirlpool|[partiallytrapped]
|upkeep
|turn|6
|
|t:|1661528069
|move|p1a: Marshadow|Bulk Up|p1a: Marshadow
|-boost|p1a: Marshadow|atk|1
|-boost|p1a: Marshadow|def|1
|move|p2a: Arceus|Recover|p2a: Arceus
|-heal|p2a: Arceus|100/100 brn
|
|-damage|p2a: Arceus|94/100 brn|[from] brn
|-damage|p1a: Marshadow|48/100|[from] move: Whirlpool|[partiallytrapped]
|upkeep
|turn|7
|
|t:|1661528077
|-zpower|p1a: Marshadow
|move|p1a: Marshadow|Soul-Stealing 7-Star Strike|p2a: Arceus|[zeffect]
|-damage|p2a: Arceus|27/100 brn
|move|p2a: Arceus|Toxic|p1a: Marshadow|[miss]
|-miss|p2a: Arceus|p1a: Marshadow
|
|-damage|p2a: Arceus|21/100 brn|[from] brn
|-damage|p1a: Marshadow|36/100|[from] move: Whirlpool|[partiallytrapped]
|upkeep
|turn|8
|
|t:|1661528097
|move|p1a: Marshadow|Close Combat|p2a: Arceus
|-damage|p2a: Arceus|0 fnt
|-unboost|p1a: Marshadow|def|1
|-unboost|p1a: Marshadow|spd|1
|faint|p2a: Arceus
|
|-end|p1a: Marshadow|Whirlpool|[partiallytrapped]|[silent]
|upkeep
|
|t:|1661528105
|switch|p2a: Marshadow|Marshadow|100/100
|turn|9
|
|t:|1661528117
|switch|p1a: Ho-Oh|Ho-Oh, shiny|100/100
|move|p2a: Marshadow|Shadow Sneak|p1a: Ho-Oh
|-damage|p1a: Ho-Oh|79/100
|
|upkeep
|turn|10
|
|t:|1661528123
|-start|p2a: Marshadow|Dynamax|
|-heal|p2a: Marshadow|100/100|[silent]
|move|p2a: Marshadow|Max Phantasm|p1a: Ho-Oh
|-damage|p1a: Ho-Oh|33/100
|-unboost|p1a: Ho-Oh|def|1
|move|p1a: Ho-Oh|Sacred Fire|p2a: Marshadow
|-damage|p2a: Marshadow|72/100
|
|upkeep
|turn|11
|
|t:|1661528133
|switch|p1a: Yveltal|Yveltal|13/100
|-ability|p1a: Yveltal|Dark Aura
|move|p2a: Marshadow|Max Phantasm|p1a: Yveltal
|-resisted|p1a: Yveltal
|-damage|p1a: Yveltal|0 fnt
|faint|p1a: Yveltal
|
|upkeep
|
|t:|1661528143
|switch|p1a: Ho-Oh|Ho-Oh, shiny|66/100
|turn|12
|
|t:|1661528146
|move|p2a: Marshadow|Max Knuckle|p1a: Ho-Oh
|-resisted|p1a: Ho-Oh
|-damage|p1a: Ho-Oh|52/100
|-boost|p2a: Marshadow|atk|1
|move|p1a: Ho-Oh|Sacred Fire|p2a: Marshadow
|-damage|p2a: Marshadow|45/100
|
|upkeep
|-end|p2a: Marshadow|Dynamax
|-heal|p2a: Marshadow|45/100|[silent]
|turn|13
|
|t:|1661528157
|move|p2a: Marshadow|Spectral Thief|p1a: Ho-Oh
|-damage|p1a: Ho-Oh|3/100
|move|p1a: Ho-Oh|Sacred Fire|p2a: Marshadow
|-damage|p2a: Marshadow|0 fnt
|faint|p2a: Marshadow
|
|upkeep
|
|t:|1661528168
|switch|p2a: Arceus|Arceus-Fairy|100/100
|turn|14
|
|t:|1661528174
|switch|p1a: Marshadow|Marshadow|36/100
|move|p2a: Arceus|Judgment|p1a: Marshadow
|-supereffective|p1a: Marshadow
|-damage|p1a: Marshadow|0 fnt
|faint|p1a: Marshadow
|
|upkeep
|
|t:|1661528177
|switch|p1a: Ho-Oh|Ho-Oh, shiny|36/100
|turn|15
|
|t:|1661528183
|move|p2a: Arceus|Toxic|p1a: Ho-Oh
|-status|p1a: Ho-Oh|tox
|move|p1a: Ho-Oh|Toxic|p2a: Arceus
|-status|p2a: Arceus|tox
|
|-damage|p2a: Arceus|94/100 tox|[from] psn
|-damage|p1a: Ho-Oh|30/100 tox|[from] psn
|upkeep
|turn|16
|
|t:|1661528192
|switch|p1a: Necrozma|Necrozma-Dusk-Mane, shiny|100/100
|move|p2a: Arceus|Judgment|p1a: Necrozma
|-resisted|p1a: Necrozma
|-damage|p1a: Necrozma|82/100
|
|-heal|p1a: Necrozma|88/100|[from] item: Leftovers
|-damage|p2a: Arceus|82/100 tox|[from] psn
|upkeep
|turn|17
|
|t:|1661528200
|switch|p2a: Necrozma|Necrozma-Dusk-Mane|100/100
|move|p1a: Necrozma|Stealth Rock|p2a: Necrozma
|-sidestart|p2: Atcuko|move: Stealth Rock
|
|-heal|p1a: Necrozma|94/100|[from] item: Leftovers
|upkeep
|turn|18
|
|t:|1661528209
|move|p1a: Necrozma|Knock Off|p2a: Necrozma
|-supereffective|p2a: Necrozma
|-crit|p2a: Necrozma
|-damage|p2a: Necrozma|56/100
|-damage|p1a: Necrozma|78/100|[from] item: Rocky Helmet|[of] p2a: Necrozma
|-enditem|p2a: Necrozma|Rocky Helmet|[from] move: Knock Off|[of] p1a: Necrozma
|move|p2a: Necrozma|Stealth Rock|p1a: Necrozma
|-sidestart|p1: caprisong|move: Stealth Rock
|
|-heal|p1a: Necrozma|84/100|[from] item: Leftovers
|upkeep
|turn|19
|
|t:|1661528218
|switch|p1a: Ho-Oh|Ho-Oh, shiny|64/100 tox
|move|p2a: Necrozma|Morning Sun|p2a: Necrozma
|-heal|p2a: Necrozma|100/100
|
|-damage|p1a: Ho-Oh|58/100 tox|[from] psn
|upkeep
|turn|20
|
|t:|1661528225
|move|p1a: Ho-Oh|Sacred Fire|p2a: Necrozma
|-supereffective|p2a: Necrozma
|-damage|p2a: Necrozma|66/100
|move|p2a: Necrozma|Knock Off|p1a: Ho-Oh
|-damage|p1a: Ho-Oh|34/100 tox
|-enditem|p1a: Ho-Oh|Heavy-Duty Boots|[from] move: Knock Off|[of] p2a: Necrozma
|
|-damage|p1a: Ho-Oh|22/100 tox|[from] psn
|upkeep
|turn|21
|
|t:|1661528236
|move|p1a: Ho-Oh|Sacred Fire|p2a: Necrozma
|-supereffective|p2a: Necrozma
|-damage|p2a: Necrozma|26/100
|-status|p2a: Necrozma|brn
|move|p2a: Necrozma|Morning Sun|p2a: Necrozma
|-heal|p2a: Necrozma|76/100 brn
|
|-damage|p1a: Ho-Oh|4/100 tox|[from] psn
|-damage|p2a: Necrozma|70/100 brn|[from] brn
|upkeep
|turn|22
|
|t:|1661528246
|move|p1a: Ho-Oh|Sacred Fire|p2a: Necrozma
|-supereffective|p2a: Necrozma
|-damage|p2a: Necrozma|31/100 brn
|move|p2a: Necrozma|Knock Off|p1a: Ho-Oh
|-damage|p1a: Ho-Oh|0 fnt
|faint|p1a: Ho-Oh
|
|-damage|p2a: Necrozma|25/100 brn|[from] brn
|upkeep
|
|t:|1661528250
|switch|p1a: Rayquaza|Rayquaza|100/100
|-damage|p1a: Rayquaza|76/100|[from] Stealth Rock
|-ability|p1a: Rayquaza|Air Lock
|turn|23
|
|t:|1661528258
|detailschange|p1a: Rayquaza|Rayquaza-Mega
|-mega|p1a: Rayquaza|Rayquaza|
|-weather|DeltaStream|[from] ability: Delta Stream|[of] p1a: Rayquaza
|move|p1a: Rayquaza|V-create|p2a: Necrozma
|-supereffective|p2a: Necrozma
|-damage|p2a: Necrozma|0 fnt
|-unboost|p1a: Rayquaza|spe|1
|-unboost|p1a: Rayquaza|def|1
|-unboost|p1a: Rayquaza|spd|1
|faint|p2a: Necrozma
|-damage|p1a: Rayquaza|66/100|[from] item: Life Orb
|
|-weather|DeltaStream|[upkeep]
|upkeep
|
|t:|1661528268
|switch|p2a: Ditto|Ditto|100/100
|-damage|p2a: Ditto|88/100|[from] Stealth Rock
|-transform|p2a: Ditto|p1a: Rayquaza|[from] ability: Imposter
|turn|24
|
|t:|1661528279
|move|p1a: Rayquaza|Extreme Speed|p2a: Ditto
|-damage|p2a: Ditto|0 fnt
|faint|p2a: Ditto
|-damage|p1a: Rayquaza|56/100|[from] item: Life Orb
|
|-weather|DeltaStream|[upkeep]
|upkeep
|-message|Atcuko forfeited.
|
|win|caprisong
|raw|caprisong's rating: 1687 &rarr; <strong>1705</strong><br />(+18 for winning)
|raw|Atcuko's rating: 1648 &rarr; <strong>1630</strong><br />(-18 for losing)
|l|☆Atcuko
||Ladder isn't responding, score probably updated but might not have (Request timeout).
