|j|☆Determewnation
|j|☆Better Alone
|t:|1654273553
|gametype|singles
|player|p1|Determewnation|266|1570
|player|p2|Better Alone|hiker-gen4|1478
|teamsize|p1|6
|teamsize|p2|6
|gen|8
|tier|[Gen 8] National Dex AG
|rated|
|rule|HP Percentage Mod: HP is shown in percentages
|rule|Endless Battle Clause: Forcing endless battles is banned
|clearpoke
|poke|p1|Gourgeist-*, F|
|poke|p1|Diancie|
|poke|p1|Manaphy|
|poke|p1|Groudon|
|poke|p1|Yveltal|
|poke|p1|Mew|
|poke|p2|Murkrow, M|
|poke|p2|Kyogre|
|poke|p2|Ho-Oh|
|poke|p2|Calyrex-Shadow|
|poke|p2|Kangaskhan, F|
|poke|p2|Zacian-*|
|teampreview
|
|t:|1654273591
|start
|switch|p1a: Groudon|Groudon|100/100
|switch|p2a: Kangaskhan|Kangaskhan, F|100/100
|detailschange|p1a: Groudon|Groudon-Primal
|-primal|p1a: Groudon
|-weather|DesolateLand|[from] ability: Desolate Land|[of] p1a: Groudon
|turn|1
|inactive|Battle timer is ON: inactive players will automatically lose when time's up. (requested by Better Alone)
|
|t:|1654273596
|-weather|none
|switch|p1a: Gourgeist|Gourgeist-Super, F, shiny|100/100
|-item|p2a: Kangaskhan|Kangaskhanite|[from] ability: Frisk|[of] p1a: Gourgeist|[identify]
|detailschange|p2a: Kangaskhan|Kangaskhan-Mega, F
|-mega|p2a: Kangaskhan|Kangaskhan|Kangaskhanite
|move|p2a: Kangaskhan|Fake Out|p1a: Gourgeist
|-immune|p1a: Gourgeist
|
|upkeep
|turn|2
|
|t:|1654273608
|move|p2a: Kangaskhan|Thunder Punch|p1a: Gourgeist
|-resisted|p1a: Gourgeist
|-damage|p1a: Gourgeist|92/100
|-resisted|p1a: Gourgeist
|-damage|p1a: Gourgeist|90/100
|-hitcount|p1a: Gourgeist|2
|move|p1a: Gourgeist|Will-O-Wisp|p2a: Kangaskhan
|-status|p2a: Kangaskhan|brn
|
|-heal|p1a: Gourgeist|96/100|[from] item: Leftovers
|-damage|p2a: Kangaskhan|94/100 brn|[from] brn
|upkeep
|turn|3
|
|t:|1654273615
|move|p2a: Kangaskhan|Thunder Punch|p1a: Gourgeist
|-resisted|p1a: Gourgeist
|-damage|p1a: Gourgeist|93/100
|-resisted|p1a: Gourgeist
|-damage|p1a: Gourgeist|92/100
|-hitcount|p1a: Gourgeist|2
|move|p1a: Gourgeist|Power Whip|p2a: Kangaskhan
|-damage|p2a: Kangaskhan|58/100 brn
|
|-heal|p1a: Gourgeist|98/100|[from] item: Leftovers
|-damage|p2a: Kangaskhan|51/100 brn|[from] brn
|upkeep
|turn|4
|
|t:|1654273619
|move|p2a: Kangaskhan|Thunder Punch|p1a: Gourgeist
|-resisted|p1a: Gourgeist
|-damage|p1a: Gourgeist|94/100
|-resisted|p1a: Gourgeist
|-damage|p1a: Gourgeist|94/100
|-status|p1a: Gourgeist|par
|-hitcount|p1a: Gourgeist|2
|move|p1a: Gourgeist|Power Whip|p2a: Kangaskhan
|-damage|p2a: Kangaskhan|16/100 brn
|
|-heal|p1a: Gourgeist|99/100 par|[from] item: Leftovers
|-damage|p2a: Kangaskhan|10/100 brn|[from] brn
|upkeep
|turn|5
|
|t:|1654273630
|move|p2a: Kangaskhan|Thunder Punch|p1a: Gourgeist
|-resisted|p1a: Gourgeist
|-damage|p1a: Gourgeist|95/100 par
|-resisted|p1a: Gourgeist
|-damage|p1a: Gourgeist|95/100 par
|-hitcount|p1a: Gourgeist|2
|cant|p1a: Gourgeist|par
|
|-heal|p1a: Gourgeist|100/100 par|[from] item: Leftovers
|-damage|p2a: Kangaskhan|4/100 brn|[from] brn
|upkeep
|turn|6
|
|t:|1654273636
|move|p2a: Kangaskhan|Thunder Punch|p1a: Gourgeist
|-resisted|p1a: Gourgeist
|-damage|p1a: Gourgeist|96/100 par
|-resisted|p1a: Gourgeist
|-crit|p1a: Gourgeist
|-damage|p1a: Gourgeist|95/100 par
|-hitcount|p1a: Gourgeist|2
|move|p1a: Gourgeist|Power Whip|p2a: Kangaskhan
|-damage|p2a: Kangaskhan|0 fnt
|faint|p2a: Kangaskhan
|
|-heal|p1a: Gourgeist|100/100 par|[from] item: Leftovers
|upkeep
|
|t:|1654273643
|switch|p2a: Kyogre|Kyogre|100/100
|detailschange|p2a: Kyogre|Kyogre-Primal
|-primal|p2a: Kyogre
|-weather|PrimordialSea|[from] ability: Primordial Sea|[of] p2a: Kyogre
|turn|7
|
|t:|1654273647
|switch|p1a: Manaphy|Manaphy|100/100
|move|p2a: Kyogre|Water Spout|p1a: Manaphy
|-resisted|p1a: Manaphy
|-damage|p1a: Manaphy|27/100
|
|-weather|PrimordialSea|[upkeep]
|upkeep
|turn|8
|
|t:|1654273651
|move|p1a: Manaphy|Surf|p2a: Kyogre
|-resisted|p2a: Kyogre
|-damage|p2a: Kyogre|81/100
|move|p2a: Kyogre|Thunder|p1a: Manaphy
|-supereffective|p1a: Manaphy
|-damage|p1a: Manaphy|0 fnt
|faint|p1a: Manaphy
|
|-weather|PrimordialSea|[upkeep]
|upkeep
|
|t:|1654273653
|switch|p1a: Groudon|Groudon-Primal|100/100
|-weather|DesolateLand|[from] ability: Desolate Land|[of] p1a: Groudon
|turn|9
|
|t:|1654273660
|switch|p2a: Ho-Oh|Ho-Oh|100/100
|move|p1a: Groudon|Stone Edge|p2a: Ho-Oh
|-supereffective|p2a: Ho-Oh
|-damage|p2a: Ho-Oh|0 fnt
|faint|p2a: Ho-Oh
|
|-weather|DesolateLand|[upkeep]
|upkeep
|
|t:|1654273666
|switch|p2a: Kyogre|Kyogre-Primal|81/100
|-weather|PrimordialSea|[from] ability: Primordial Sea|[of] p2a: Kyogre
|turn|10
|
|t:|1654273686
|move|p1a: Groudon|Precipice Blades|p2a: Kyogre
|-crit|p2a: Kyogre
|-damage|p2a: Kyogre|0 fnt
|faint|p2a: Kyogre
|-weather|none
|
|upkeep
|
|t:|1654273693
|switch|p2a: Calyrex|Calyrex-Shadow|100/100
|-ability|p2a: Calyrex|As One
|-ability|p2a: Calyrex|Unnerve
|turn|11
|
|t:|1654273696
|switch|p1a: Yveltal|Yveltal|100/100
|-ability|p1a: Yveltal|Dark Aura
|-start|p2a: Calyrex|Dynamax|
|-heal|p2a: Calyrex|100/100|[silent]
|move|p2a: Calyrex|Max Phantasm|p1a: Yveltal
|-resisted|p1a: Yveltal
|-damage|p1a: Yveltal|65/100
|-unboost|p1a: Yveltal|def|1
|
|upkeep
|turn|12
|
|t:|1654273711
|-start|p1a: Yveltal|Dynamax|
|-heal|p1a: Yveltal|65/100|[silent]
|move|p2a: Calyrex|Max Phantasm|p1a: Yveltal
|-resisted|p1a: Yveltal
|-damage|p1a: Yveltal|46/100
|-unboost|p1a: Yveltal|def|1
|move|p1a: Yveltal|Max Airstream|p2a: Calyrex
|-damage|p2a: Calyrex|57/100
|-boost|p1a: Yveltal|spe|1
|
|upkeep
|turn|13
|
|t:|1654273715
|move|p1a: Yveltal|Max Darkness|p2a: Calyrex
|-supereffective|p2a: Calyrex
|-damage|p2a: Calyrex|0 fnt
|faint|p2a: Calyrex
|
|upkeep
|
|t:|1654273718
|switch|p2a: Zacian|Zacian-Crowned|100/100
|-ability|p2a: Zacian|Intrepid Sword|boost
|-boost|p2a: Zacian|atk|1
|turn|14
|-message|Better Alone forfeited.
|
|win|Determewnation
|raw|Determewnation's rating: 1570 &rarr; <strong>1585</strong><br />(+15 for winning)
|raw|Better Alone's rating: 1478 &rarr; <strong>1463</strong><br />(-15 for losing)
|l|☆Better Alone
|l|☆Determewnation
||Ladder isn't responding, score probably updated but might not have (Request timeout).
|j|☆Determewnation
|player|p1|Determewnation|266
