|j|☆Hogwashimperial
|j|☆Jono1231
|player|p1|Hogwashimperial|swimmer-gen4|
|player|p2|Jono1231|265|
|teamsize|p1|6
|teamsize|p2|6
|gametype|singles
|gen|8
|tier|[Gen 8] National Dex AG
|clearpoke
|poke|p1|Rayquaza|
|poke|p1|Zacian-Crowned|
|poke|p1|Groudon|
|poke|p1|Smeargle, F|
|poke|p1|Necrozma-Dusk-Mane|
|poke|p1|Zygarde|
|poke|p2|Kyogre|
|poke|p2|Gulpin, F|
|poke|p2|Smeargle, F|
|poke|p2|Arceus-*|
|poke|p2|Duskull, L1, F|
|poke|p2|Stakataka|
|rule|HP Percentage Mod: HP is shown in percentages
|rule|Endless Battle Clause: Forcing endless battles is banned
|teampreview
|c|☆Hogwashimperial|Oh no
|c|☆Jono1231|Hi
|
|start
|switch|p1a: Smeargle|Smeargle, F|100/100
|switch|p2a: Smeargle|Smeargle, F|100/100
|turn|1
|c|☆Jono1231|I used the wrong team
|inactive|Battle timer is ON: inactive players will automatically lose when time's up. (requested by Hogwashimperial)
|c|☆Jono1231|I chose fear 1, it was supposed to be fear 2
|
|move|p1a: Smeargle|Magic Coat|p1a: Smeargle
|-singleturn|p1a: Smeargle|move: Magic Coat
|move|p2a: Smeargle|Toxic Spikes|p1a: Smeargle
|move|p1a: Smeargle|Toxic Spikes|p2a: Smeargle|[from]Magic Coat
|-sidestart|p2: Jono1231|move: Toxic Spikes
|
|-ability|p1a: Smeargle|Moody|boost
|-boost|p1a: Smeargle|spa|2
|-unboost|p1a: Smeargle|def|1
|upkeep
|turn|2
|
|move|p1a: Smeargle|Magic Coat|p1a: Smeargle
|-singleturn|p1a: Smeargle|move: Magic Coat
|move|p2a: Smeargle|Extreme Speed|p1a: Smeargle
|-damage|p1a: Smeargle|70/100
|
|-ability|p1a: Smeargle|Moody|boost
|-boost|p1a: Smeargle|spe|2
|-unboost|p1a: Smeargle|spa|1
|upkeep
|turn|3
|
|move|p2a: Smeargle|Extreme Speed|p1a: Smeargle
|-crit|p1a: Smeargle
|-damage|p1a: Smeargle|19/100
|move|p1a: Smeargle|Spore|p2a: Smeargle
|-activate|p2a: Smeargle|item: Safety Goggles|Spore
|
|-ability|p1a: Smeargle|Moody|boost
|-boost|p1a: Smeargle|spd|2
|-unboost|p1a: Smeargle|spa|1
|upkeep
|turn|4
|c|☆Hogwashimperial|Ono
|c|☆Jono1231|Bet
|
|switch|p1a: Necrozma|Necrozma-Dusk-Mane|100/100
|move|p2a: Smeargle|Extreme Speed|p1a: Necrozma
|-resisted|p1a: Necrozma
|-damage|p1a: Necrozma|97/100
|
|upkeep
|turn|5
|
|move|p2a: Smeargle|Toxic Spikes|p1a: Necrozma
|-sidestart|p1: Hogwashimperial|move: Toxic Spikes
|move|p1a: Necrozma|Earthquake|p2a: Smeargle
|-damage|p2a: Smeargle|1/100
|
|upkeep
|turn|6
|
|move|p2a: Smeargle|Strength Sap|p1a: Necrozma
|-unboost|p1a: Necrozma|atk|1
|-heal|p2a: Smeargle|100/100
|move|p1a: Necrozma|Earthquake|p2a: Smeargle
|-damage|p2a: Smeargle|28/100
|
|upkeep
|turn|7
|c|☆Hogwashimperial|Omg
|
|switch|p1a: Groudon|Groudon|100/100
|-status|p1a: Groudon|psn
|detailschange|p1a: Groudon|Groudon-Primal
|-primal|p1a: Groudon
|-weather|DesolateLand|[from] ability: Desolate Land|[of] p1a: Groudon
|move|p2a: Smeargle|Strength Sap|p1a: Groudon
|-unboost|p1a: Groudon|atk|1
|-heal|p2a: Smeargle|100/100
|
|-weather|DesolateLand|[upkeep]
|-damage|p1a: Groudon|88/100 psn|[from] psn
|upkeep
|turn|8
|
|move|p2a: Smeargle|Toxic Spikes|p1a: Groudon
|-sidestart|p1: Hogwashimperial|move: Toxic Spikes
|move|p1a: Groudon|Eruption|p2a: Smeargle
|-damage|p2a: Smeargle|0 fnt
|faint|p2a: Smeargle
|
|-weather|DesolateLand|[upkeep]
|-damage|p1a: Groudon|76/100 psn|[from] psn
|upkeep
|
|switch|p2a: Duskull|Duskull, L1, F|100/100
|turn|9
|c|☆Hogwashimperial|Stop
|c|☆Hogwashimperial|Just no
|
|move|p1a: Groudon|Stealth Rock|p2a: Duskull
|-sidestart|p2: Jono1231|move: Stealth Rock
|move|p2a: Duskull|Trick Room|p2a: Duskull
|-fieldstart|move: Trick Room|[of] p2a: Duskull
|
|-weather|DesolateLand|[upkeep]
|-damage|p1a: Groudon|63/100 psn|[from] psn
|upkeep
|turn|10
|inactive|Jono1231 has 270 seconds left.
|
|switch|p2a: Gulpin|Gulpin, F|100/100
|-damage|p2a: Gulpin|88/100|[from] Stealth Rock
|-sideend|p2: Jono1231|move: Toxic Spikes|[of] p2a: Gulpin
|move|p1a: Groudon|Earth Power|p2a: Gulpin
|-supereffective|p2a: Gulpin
|-damage|p2a: Gulpin|7/100
|
|-weather|DesolateLand|[upkeep]
|-damage|p1a: Groudon|51/100 psn|[from] psn
|upkeep
|turn|11
|
|move|p2a: Gulpin|Destiny Bond|p2a: Gulpin
|-singlemove|p2a: Gulpin|Destiny Bond
|move|p1a: Groudon|Earth Power|p2a: Gulpin
|-supereffective|p2a: Gulpin
|-damage|p2a: Gulpin|0 fnt
|faint|p2a: Gulpin
|-activate|p2a: Gulpin|move: Destiny Bond
|faint|p1a: Groudon
|-weather|none
|
|upkeep
|inactive|Jono1231 has 270 seconds left.
|inactive|Hogwashimperial has 270 seconds left.
|inactiveoff|Battle timer is now OFF.
|
|switch|p2a: Duskull|Duskull, L1, F|100/100
|switch|p1a: Necrozma|Necrozma-Dusk-Mane|97/100
|-damage|p2a: Duskull|91/100|[from] Stealth Rock
|turn|12
|c|☆Jono1231|Yass
|
|move|p2a: Duskull|Destiny Bond|p2a: Duskull
|-singlemove|p2a: Duskull|Destiny Bond
|move|p1a: Necrozma|Photon Geyser|p2a: Duskull
|-damage|p2a: Duskull|0 fnt
|faint|p2a: Duskull
|-activate|p2a: Duskull|move: Destiny Bond
|faint|p1a: Necrozma
|
|upkeep
|c|☆Jono1231|Here comes the sweep
|
|switch|p2a: Stakataka|Stakataka|100/100
|switch|p1a: Smeargle|Smeargle, F|19/100
|-damage|p2a: Stakataka|94/100|[from] Stealth Rock
|-status|p1a: Smeargle|tox
|turn|13
|inactive|Battle timer is ON: inactive players will automatically lose when time's up. (requested by Hogwashimperial)
|inactive|Jono1231 has 270 seconds left.
|
|move|p2a: Stakataka|Gyro Ball|p1a: Smeargle
|-damage|p1a: Smeargle|0 fnt
|faint|p1a: Smeargle
|-ability|p2a: Stakataka|Beast Boost|boost
|-boost|p2a: Stakataka|def|1
|
|-fieldend|move: Trick Room
|upkeep
|
|switch|p1a: Zygarde|Zygarde|100/100
|-status|p1a: Zygarde|tox
|turn|14
|
|move|p1a: Zygarde|Thousand Arrows|p2a: Stakataka
|-supereffective|p2a: Stakataka
|-damage|p2a: Stakataka|35/100
|move|p2a: Stakataka|Gyro Ball|p1a: Zygarde
|-damage|p1a: Zygarde|0 fnt
|faint|p1a: Zygarde
|-ability|p2a: Stakataka|Beast Boost|boost
|-boost|p2a: Stakataka|def|1
|
|upkeep
|c|☆Jono1231|Yoooo
|
|switch|p1a: Zacian|Zacian-Crowned|100/100
|-ability|p1a: Zacian|Intrepid Sword|boost
|-boost|p1a: Zacian|atk|1
|turn|15
|inactive|Hogwashimperial has 240 seconds left.
|
|move|p1a: Zacian|Behemoth Blade|p2a: Stakataka
|-damage|p2a: Stakataka|9/100
|move|p2a: Stakataka|Gyro Ball|p1a: Zacian
|-damage|p1a: Zacian|0 fnt
|faint|p1a: Zacian
|-ability|p2a: Stakataka|Beast Boost|boost
|-boost|p2a: Stakataka|def|1
|
|upkeep
|c|☆Jono1231|Yoooooooooooooo
|c|☆Hogwashimperial|Omg
|
|switch|p1a: Rayquaza|Rayquaza|100/100
|-ability|p1a: Rayquaza|Air Lock
|turn|16
|
|detailschange|p1a: Rayquaza|Rayquaza-Mega
|-mega|p1a: Rayquaza|Rayquaza|
|-weather|DeltaStream|[from] ability: Delta Stream|[of] p1a: Rayquaza
|move|p1a: Rayquaza|Dragon Dance|p1a: Rayquaza
|-boost|p1a: Rayquaza|atk|1
|-boost|p1a: Rayquaza|spe|1
|move|p2a: Stakataka|Gyro Ball|p1a: Rayquaza
|-enditem|p1a: Rayquaza|Focus Sash
|-damage|p1a: Rayquaza|1/100
|
|-weather|DeltaStream|[upkeep]
|upkeep
|turn|17
|
|move|p1a: Rayquaza|Extreme Speed|p2a: Stakataka
|-resisted|p2a: Stakataka
|-damage|p2a: Stakataka|6/100
|move|p2a: Stakataka|Gyro Ball|p1a: Rayquaza
|-crit|p1a: Rayquaza
|-damage|p1a: Rayquaza|0 fnt
|faint|p1a: Rayquaza
|-weather|none
|
|win|Jono1231
|c|☆Hogwashimperial|Misclicj
