|j|☆BluRayDisc ^~^
|j|‽Flynn Watson ^~^
|inactive|Battle timer is ON: inactive players will automatically lose when time's up.
|t:|1646245825
|gametype|singles
|player|p1|BluRayDisc ^~^|ingo|
|player|p2|Flynn Watson ^~^|darach|
|teamsize|p1|6
|teamsize|p2|6
|gen|8
|tier|[Gen 8] National Dex AG
|rated|Tournament battle
|rule|HP Percentage Mod: HP is shown in percentages
|rule|Endless Battle Clause: Forcing endless battles is banned
|clearpoke
|poke|p1|Necrozma-Dusk-Mane|
|poke|p1|Yveltal|
|poke|p1|Mewtwo|
|poke|p1|Zacian-*|
|poke|p1|Ditto|
|poke|p1|Groudon|
|poke|p2|Sableye, M|
|poke|p2|Chansey, F|
|poke|p2|Tyranitar, M|
|poke|p2|Lugia|
|poke|p2|Giratina|
|poke|p2|Quagsire, M|
|teampreview
|j| Bigsoontobeten
|inactive|Flynn Watson ^~^ also wants the timer to be on.
|j| Cab Sauv
|inactive|BluRayDisc ^~^ has 120 seconds left.
|c|☆BluRayDisc ^~^|hey
|c| Cab Sauv|Oh wow I haven't seen a blue ray disc in a long time
|c|☆BluRayDisc ^~^|i heard what happened flynn
|c|☆BluRayDisc ^~^|and uh
|c| Cab Sauv|I didn't really have anything that could play those
|c|☆BluRayDisc ^~^|well
|c|☆BluRayDisc ^~^|idk
|c|☆BluRayDisc ^~^|hi
|inactive|BluRayDisc ^~^ has 90 seconds left.
|
|t:|1646245902
|start
|switch|p1a: Groudon|Groudon|100/100
|switch|p2a: Sableye|Sableye, M|100/100
|detailschange|p1a: Groudon|Groudon-Primal
|-primal|p1a: Groudon
|-weather|DesolateLand|[from] ability: Desolate Land|[of] p1a: Groudon
|turn|1
|c| Cab Sauv|One time my mom got a blue ray player but idk why since we didn't really have any blue ray movies
|c| Bigsoontobeten|lol
|
|t:|1646245926
|detailschange|p2a: Sableye|Sableye-Mega, M
|-mega|p2a: Sableye|Sableye|Sablenite
|move|p2a: Sableye|Protect|p2a: Sableye
|-singleturn|p2a: Sableye|Protect
|move|p1a: Groudon|Precipice Blades|p2a: Sableye
|-activate|p2a: Sableye|move: Protect
|
|-weather|DesolateLand|[upkeep]
|upkeep
|turn|2
|
|t:|1646245938
|switch|p2a: Giratina|Giratina|100/100
|-ability|p2a: Giratina|Pressure
|move|p1a: Groudon|Precipice Blades|p2a: Giratina
|-damage|p2a: Giratina|73/100
|
|-weather|DesolateLand|[upkeep]
|-heal|p2a: Giratina|79/100|[from] item: Leftovers
|upkeep
|turn|3
|c| Cab Sauv|Except for like a few
|
|t:|1646245948
|switch|p2a: Sableye|Sableye-Mega, M|100/100
|move|p1a: Groudon|Stealth Rock|p2a: Sableye
|move|p2a: Sableye|Stealth Rock|p1a: Groudon|[from]ability: Magic Bounce
|-sidestart|p1: BluRayDisc ^~^|move: Stealth Rock
|
|-weather|DesolateLand|[upkeep]
|upkeep
|turn|4
|
|t:|1646245954
|-weather|none
|switch|p1a: Ditto|Ditto|100/100
|-damage|p1a: Ditto|88/100|[from] Stealth Rock
|-transform|p1a: Ditto|p2a: Sableye|[from] ability: Imposter
|switch|p2a: Lugia|Lugia|100/100
|
|upkeep
|turn|5
|
|t:|1646245968
|switch|p2a: Tyranitar|Tyranitar, M|100/100
|-weather|Sandstorm|[from] ability: Sand Stream|[of] p2a: Tyranitar
|move|p1a: Ditto|Will-O-Wisp|p2a: Tyranitar|[miss]
|-miss|p1a: Ditto|p2a: Tyranitar
|
|-weather|Sandstorm|[upkeep]
|-damage|p1a: Ditto|82/100|[from] Sandstorm
|upkeep
|turn|6
|
|t:|1646245987
|switch|p2a: Quagsire|Quagsire, M|100/100
|switch|p1a: Zacian|Zacian-Crowned|100/100
|-damage|p1a: Zacian|94/100|[from] Stealth Rock
|-ability|p1a: Zacian|Intrepid Sword|boost
|-boost|p1a: Zacian|atk|1
|
|-weather|Sandstorm|[upkeep]
|upkeep
|turn|7
|
|t:|1646246016
|move|p1a: Zacian|Substitute|p1a: Zacian
|-start|p1a: Zacian|Substitute
|-damage|p1a: Zacian|69/100
|move|p2a: Quagsire|Toxic||[still]
|-fail|p2a: Quagsire
|
|-weather|Sandstorm|[upkeep]
|upkeep
|turn|8
|
|t:|1646246020
|move|p1a: Zacian|Close Combat|p2a: Quagsire
|-damage|p2a: Quagsire|62/100
|-unboost|p1a: Zacian|def|1
|-unboost|p1a: Zacian|spd|1
|-damage|p1a: Zacian|53/100|[from] item: Rocky Helmet|[of] p2a: Quagsire
|move|p2a: Quagsire|Earthquake|p1a: Zacian
|-supereffective|p1a: Zacian
|-end|p1a: Zacian|Substitute
|
|-weather|Sandstorm|[upkeep]
|upkeep
|turn|9
|j| hjksgdf
|c| Cab Sauv|Hey I just noticed you both have the same face in you're name's
|
|t:|1646246041
|switch|p1a: Yveltal|Yveltal|100/100
|-ability|p1a: Yveltal|Dark Aura
|move|p2a: Quagsire|Recover|p2a: Quagsire
|-heal|p2a: Quagsire|100/100
|
|-weather|none
|upkeep
|turn|10
|
|t:|1646246045
|move|p1a: Yveltal|U-turn|p2a: Quagsire
|-damage|p2a: Quagsire|88/100
|-damage|p1a: Yveltal|84/100|[from] item: Rocky Helmet|[of] p2a: Quagsire
|c| Cab Sauv|That's cool
|c| Cab Sauv|Are you guys best friends
|c|☆BluRayDisc ^~^|no
|c| hjksgdf|:skull:
|c| Cab Sauv|Oh
|c| Cab Sauv|Why not
|c|☆BluRayDisc ^~^|^~^
|inactive|BluRayDisc ^~^ has 120 seconds left.
|c| hjksgdf|they don't even know each other
|j| antetokounmpooo
|c|☆BluRayDisc ^~^|because its showdown .___.
|c| hjksgdf|^
|c| Cab Sauv|What a wacky coincidence
|c| Cab Sauv|How'd you get the same face
|inactive|BluRayDisc ^~^ has 90 seconds left.
|
|t:|1646246105
|switch|p1a: Necrozma|Necrozma-Dusk-Mane|100/100|[from]move: U-turn
|-damage|p1a: Necrozma|95/100|[from] Stealth Rock
|move|p2a: Quagsire|Toxic|p1a: Necrozma
|-immune|p1a: Necrozma
|
|upkeep
|turn|11
|c|☆BluRayDisc ^~^|lots of people had it
|
|t:|1646246121
|move|p1a: Necrozma|Dragon Dance|p1a: Necrozma
|-boost|p1a: Necrozma|atk|1
|-boost|p1a: Necrozma|spe|1
|move|p2a: Quagsire|Curse|p2a: Quagsire
|-unboost|p2a: Quagsire|spe|1
|-boost|p2a: Quagsire|atk|1
|-boost|p2a: Quagsire|def|1
|
|upkeep
|turn|12
|inactive|BluRayDisc ^~^ has 90 seconds left.
|c| Cab Sauv|It's kinda cute
|
|t:|1646246145
|detailschange|p1a: Necrozma|Necrozma-Ultra
|-burst|p1a: Necrozma|Necrozma|Ultranecrozium Z
|move|p1a: Necrozma|Photon Geyser|p2a: Quagsire
|-damage|p2a: Quagsire|38/100
|move|p2a: Quagsire|Earthquake|p1a: Necrozma
|-damage|p1a: Necrozma|45/100
|
|upkeep
|turn|13
|c| Cab Sauv|If I could change my face it would look like that
|c| Bigsoontobeten|u can
|inactive|Flynn Watson ^~^ has 120 seconds left.
|n| Bigsoontobeten ◑﹏◐|bigsoontobeten
|c| Bigsoontobeten ◑﹏◐|u just add it to ur name
|c| Cab Sauv|Whoa
|inactive|Flynn Watson ^~^ has 90 seconds left.
|c| Cab Sauv|Nice face dude
|c| Bigsoontobeten ◑﹏◐|ty
|inactive|Flynn Watson ^~^ has 60 seconds left.
|c| antetokounmpooo|zzz
|j| wazkok
|inactive|Flynn Watson ^~^ has 30 seconds left.
|
|t:|1646246272
|-start|p2a: Quagsire|Dynamax
|-heal|p2a: Quagsire|38/100|[silent]
|move|p1a: Necrozma|Photon Geyser|p2a: Quagsire
|-damage|p2a: Quagsire|16/100
|move|p2a: Quagsire|Max Quake|p1a: Necrozma
|-damage|p1a: Necrozma|0 fnt
|-boost|p2a: Quagsire|spd|1
|faint|p1a: Necrozma
|
|upkeep
|inactive|Flynn Watson ^~^ has 30 seconds left this turn.
|l| hjksgdf
|inactive|BluRayDisc ^~^ has 90 seconds left.
|c|☆BluRayDisc ^~^|good play
|c| Cab Sauv|Flynn watson nooo don't time out
|
|t:|1646246295
|switch|p1a: Mewtwo|Mewtwo|100/100
|-ability|p1a: Mewtwo|Unnerve
|-damage|p1a: Mewtwo|88/100|[from] Stealth Rock
|turn|14
|
|t:|1646246304
|-end|p2a: Quagsire|Dynamax
|-heal|p2a: Quagsire|16/100|[silent]
|switch|p2a: Lugia|Lugia|100/100
|-start|p1a: Mewtwo|Dynamax
|-heal|p1a: Mewtwo|88/100|[silent]
|move|p1a: Mewtwo|Max Airstream|p2a: Lugia
|-damage|p2a: Lugia|79/100
|-boost|p1a: Mewtwo|spe|1
|-damage|p1a: Mewtwo|83/100|[from] item: Life Orb
|
|-heal|p2a: Lugia|86/100|[from] item: Leftovers
|upkeep
|turn|15
|inactive|BluRayDisc ^~^ has 90 seconds left.
|
|t:|1646246313
|move|p1a: Mewtwo|Max Flare|p2a: Lugia
|-damage|p2a: Lugia|44/100
|-weather|SunnyDay
|-damage|p1a: Mewtwo|78/100|[from] item: Life Orb
|move|p2a: Lugia|Roost|p2a: Lugia
|-heal|p2a: Lugia|94/100
|-singleturn|p2a: Lugia|move: Roost
|
|-weather|SunnyDay|[upkeep]
|-heal|p2a: Lugia|99/100|[from] item: Leftovers
|upkeep
|turn|16
|c| Cab Sauv|Whew
|c| Cab Sauv|That was scary
|inactive|BluRayDisc ^~^ has 90 seconds left.
|inactive|BluRayDisc ^~^ has 60 seconds left.
|
|t:|1646246355
|switch|p2a: Tyranitar|Tyranitar, M|100/100
|-weather|Sandstorm|[from] ability: Sand Stream|[of] p2a: Tyranitar
|move|p1a: Mewtwo|Max Flare|p2a: Tyranitar
|-resisted|p2a: Tyranitar
|-damage|p2a: Tyranitar|87/100
|-weather|SunnyDay
|-damage|p1a: Mewtwo|73/100|[from] item: Life Orb
|
|-weather|SunnyDay|[upkeep]
|-heal|p2a: Tyranitar|93/100|[from] item: Leftovers
|-end|p1a: Mewtwo|Dynamax
|-heal|p1a: Mewtwo|73/100|[silent]
|upkeep
|turn|17
|inactive|BluRayDisc ^~^ has 60 seconds left.
|
|t:|1646246372
|switch|p1a: Groudon|Groudon-Primal|100/100
|-damage|p1a: Groudon|88/100|[from] Stealth Rock
|-weather|DesolateLand|[from] ability: Desolate Land|[of] p1a: Groudon
|switch|p2a: Lugia|Lugia|99/100
|
|-weather|DesolateLand|[upkeep]
|-heal|p2a: Lugia|100/100|[from] item: Leftovers
|upkeep
|turn|18
|
|t:|1646246377
|move|p2a: Lugia|Toxic|p1a: Groudon|[miss]
|-miss|p2a: Lugia|p1a: Groudon
|move|p1a: Groudon|Stone Edge|p2a: Lugia|[miss]
|-miss|p1a: Groudon|p2a: Lugia
|
|-weather|DesolateLand|[upkeep]
|upkeep
|turn|19
|
|t:|1646246385
|move|p2a: Lugia|Toxic|p1a: Groudon
|-status|p1a: Groudon|tox
|move|p1a: Groudon|Stealth Rock|p2a: Lugia
|-sidestart|p2: Flynn Watson ^~^|move: Stealth Rock
|
|-weather|DesolateLand|[upkeep]
|-damage|p1a: Groudon|82/100 tox|[from] psn
|upkeep
|turn|20
|inactive|Flynn Watson ^~^ has 60 seconds left.
|inactive|BluRayDisc ^~^ has 60 seconds left.
|
|t:|1646246408
|move|p2a: Lugia|Substitute|p2a: Lugia
|-start|p2a: Lugia|Substitute
|-damage|p2a: Lugia|75/100
|move|p1a: Groudon|Stone Edge|p2a: Lugia
|-supereffective|p2a: Lugia
|-crit|p2a: Lugia
|-end|p2a: Lugia|Substitute
|
|-weather|DesolateLand|[upkeep]
|-heal|p2a: Lugia|82/100|[from] item: Leftovers
|-damage|p1a: Groudon|70/100 tox|[from] psn
|upkeep
|turn|21
|-message|BluRayDisc ^~^ forfeited.
|
|win|Flynn Watson ^~^
|n|☆BluRayDisc ^~^|bluraydisc
|n|‽Flynn Watson ^~^|flynnwatson
|n| Bigsoontobeten ◑﹏◐|bigsoontobeten
|n| Cab Sauv|cabsauv
|n| antetokounmpooo|antetokounmpooo
|n| wazkok|wazkok
|l| Bigsoontobeten ◑﹏◐
|c|☆BluRayDisc ^~^|i dont wanna face stall
|c|☆BluRayDisc ^~^|lol
|c|☆BluRayDisc ^~^|gg
