|j|☆LegendOfTsih
|j|☆starkorea74
|t:|1609882581
|player|p1|LegendOfTsih|silver|1941
|player|p2|starkorea74|265|1915
|teamsize|p1|6
|teamsize|p2|6
|gametype|singles
|gen|8
|tier|[Gen 8] National Dex AG
|rated|
|clearpoke
|poke|p1|Yveltal|
|poke|p1|Arceus-*|
|poke|p1|Calyrex-Shadow|
|poke|p1|Rayquaza|
|poke|p1|Groudon|
|poke|p1|Necrozma-Dusk-Mane|
|poke|p2|Necrozma-Dusk-Mane|
|poke|p2|Arceus-*|
|poke|p2|Rayquaza|
|poke|p2|Ditto|
|poke|p2|Ho-Oh|
|poke|p2|Yveltal|
|rule|HP Percentage Mod: HP is shown in percentages
|rule|Endless Battle Clause: Forcing endless battles is banned
|teampreview
|
|t:|1609882604
|start
|switch|p1a: Rayquaza|Rayquaza|100/100
|switch|p2a: Rayquaza|Rayquaza|100/100
|-ability|p1a: Rayquaza|Air Lock
|-ability|p2a: Rayquaza|Air Lock
|turn|1
|
|t:|1609882622
|switch|p2a: Necrozma|Necrozma-Dusk-Mane|100/100
|switch|p1a: Necrozma|Necrozma-Dusk-Mane|100/100
|
|upkeep
|turn|2
|
|t:|1609882630
|move|p1a: Necrozma|Knock Off|p2a: Necrozma
|-supereffective|p2a: Necrozma
|-crit|p2a: Necrozma
|-damage|p2a: Necrozma|64/100
|-enditem|p2a: Necrozma|Leftovers|[from] move: Knock Off|[of] p1a: Necrozma
|move|p2a: Necrozma|Stealth Rock|p1a: Necrozma
|-sidestart|p1: LegendOfTsih|move: Stealth Rock
|
|upkeep
|turn|3
|inactive|Battle timer is ON: inactive players will automatically lose when time's up. (requested by LegendOfTsih)
|
|t:|1609882640
|switch|p1a: Yveltal|Yveltal|100/100
|-ability|p1a: Yveltal|Dark Aura
|move|p2a: Necrozma|Morning Sun|p2a: Necrozma
|-heal|p2a: Necrozma|100/100
|
|upkeep
|turn|4
|
|t:|1609882647
|move|p1a: Yveltal|Defog|p2a: Necrozma
|-unboost|p2a: Necrozma|evasion|1
|-sideend|p1: LegendOfTsih|Stealth Rock|[from] move: Defog|[of] p1a: Yveltal
|move|p2a: Necrozma|Toxic|p1a: Yveltal
|-status|p1a: Yveltal|tox
|
|-damage|p1a: Yveltal|94/100 tox|[from] psn
|upkeep
|turn|5
|
|t:|1609882655
|move|p1a: Yveltal|Foul Play|p2a: Necrozma
|-supereffective|p2a: Necrozma
|-damage|p2a: Necrozma|50/100
|move|p2a: Necrozma|Stealth Rock|p1a: Yveltal
|-sidestart|p1: LegendOfTsih|move: Stealth Rock
|
|-damage|p1a: Yveltal|82/100 tox|[from] psn
|upkeep
|turn|6
|
|t:|1609882662
|move|p1a: Yveltal|Defog|p2a: Necrozma
|-unboost|p2a: Necrozma|evasion|1
|-sideend|p1: LegendOfTsih|Stealth Rock|[from] move: Defog|[of] p1a: Yveltal
|move|p2a: Necrozma|Morning Sun|p2a: Necrozma
|-heal|p2a: Necrozma|99/100
|
|-damage|p1a: Yveltal|64/100 tox|[from] psn
|upkeep
|turn|7
|
|t:|1609882670
|switch|p2a: Arceus|Arceus-Dark|100/100
|move|p1a: Yveltal|Foul Play|p2a: Arceus
|-resisted|p2a: Arceus
|-damage|p2a: Arceus|88/100
|
|-damage|p1a: Yveltal|39/100 tox|[from] psn
|upkeep
|turn|8
|
|t:|1609882677
|switch|p1a: Arceus|Arceus-Fairy|100/100
|move|p2a: Arceus|Judgment|p1a: Arceus
|-resisted|p1a: Arceus
|-damage|p1a: Arceus|89/100
|
|upkeep
|turn|9
|j| kazzue
|
|t:|1609882687
|switch|p1a: Calyrex|Calyrex-Shadow|100/100
|-ability|p1a: Calyrex|As One
|-ability|p1a: Calyrex|Unnerve|p2: starkorea74
|switch|p2a: Necrozma|Necrozma-Dusk-Mane|99/100
|
|upkeep
|turn|10
|j| skylink42
|
|t:|1609882695
|switch|p2a: Arceus|Arceus-Dark|88/100
|move|p1a: Calyrex|Astral Barrage|p2a: Arceus
|-resisted|p2a: Arceus
|-damage|p2a: Arceus|64/100
|-damage|p1a: Calyrex|91/100|[from] item: Life Orb
|
|upkeep
|turn|11
|c| kazzue|ppl on 1900 ladder are smelly
|
|t:|1609882705
|move|p1a: Calyrex|Baton Pass|p1a: Calyrex
|c|☆LegendOfTsih|why D:
|
|t:|1609882708
|switch|p1a: Arceus|Arceus-Fairy|89/100|[from]move: Baton Pass
|move|p2a: Arceus|Recover|p2a: Arceus
|-heal|p2a: Arceus|100/100
|
|upkeep
|turn|12
|c|☆LegendOfTsih|this guy has two dark types
|c| kazzue|idk it was just a rumor i heard sorry >.>
|c|☆LegendOfTsih|like wtf is his ogre switch in
|
|t:|1609882729
|switch|p1a: Groudon|Groudon|100/100
|detailschange|p1a: Groudon|Groudon-Primal
|-primal|p1a: Groudon
|-weather|DesolateLand|[from] ability: Desolate Land|[of] p1a: Groudon
|switch|p2a: Necrozma|Necrozma-Dusk-Mane|99/100
|
|-weather|DesolateLand|[upkeep]
|upkeep
|turn|13
|
|t:|1609882743
|switch|p2a: Rayquaza|Rayquaza|100/100
|-ability|p2a: Rayquaza|Air Lock
|move|p1a: Groudon|Precipice Blades|p2a: Rayquaza
|-immune|p2a: Rayquaza
|
|-weather|DesolateLand|[upkeep]
|upkeep
|turn|14
|
|t:|1609882752
|-weather|none
|switch|p1a: Necrozma|Necrozma-Dusk-Mane|100/100
|detailschange|p2a: Rayquaza|Rayquaza-Mega
|-mega|p2a: Rayquaza|Rayquaza|
|-weather|DeltaStream|[from] ability: Delta Stream|[of] p2a: Rayquaza
|move|p2a: Rayquaza|Dragon Ascent|p1a: Necrozma
|-resisted|p1a: Necrozma
|-damage|p1a: Necrozma|71/100
|-unboost|p2a: Rayquaza|def|1
|-unboost|p2a: Rayquaza|spd|1
|-damage|p2a: Rayquaza|84/100|[from] item: Rocky Helmet|[of] p1a: Necrozma
|-damage|p2a: Rayquaza|74/100|[from] item: Life Orb
|
|-weather|DeltaStream|[upkeep]
|upkeep
|turn|15
|
|t:|1609882764
|switch|p1a: Rayquaza|Rayquaza|100/100
|-ability|p1a: Rayquaza|Air Lock
|move|p2a: Rayquaza|V-create|p1a: Rayquaza
|-resisted|p1a: Rayquaza
|-damage|p1a: Rayquaza|41/100
|-unboost|p2a: Rayquaza|spe|1
|-unboost|p2a: Rayquaza|def|1
|-unboost|p2a: Rayquaza|spd|1
|-damage|p2a: Rayquaza|64/100|[from] item: Life Orb
|
|-weather|DeltaStream|[upkeep]
|upkeep
|turn|16
|
|t:|1609882774
|-weather|none
|switch|p2a: Necrozma|Necrozma-Dusk-Mane|99/100
|detailschange|p1a: Rayquaza|Rayquaza-Mega
|-mega|p1a: Rayquaza|Rayquaza|
|-weather|DeltaStream|[from] ability: Delta Stream|[of] p1a: Rayquaza
|move|p1a: Rayquaza|Extreme Speed|p2a: Necrozma
|-resisted|p2a: Necrozma
|-damage|p2a: Necrozma|87/100
|-damage|p1a: Rayquaza|31/100|[from] item: Life Orb
|
|-weather|DeltaStream|[upkeep]
|upkeep
|turn|17
|
|t:|1609882785
|switch|p2a: Ho-Oh|Ho-Oh|100/100
|move|p1a: Rayquaza|V-create|p2a: Ho-Oh
|-resisted|p2a: Ho-Oh
|-damage|p2a: Ho-Oh|63/100
|-unboost|p1a: Rayquaza|spe|1
|-unboost|p1a: Rayquaza|def|1
|-unboost|p1a: Rayquaza|spd|1
|-damage|p1a: Rayquaza|21/100|[from] item: Life Orb
|
|-weather|DeltaStream|[upkeep]
|upkeep
|turn|18
|
|t:|1609882794
|switch|p2a: Necrozma|Necrozma-Dusk-Mane|87/100
|move|p1a: Rayquaza|Dragon Ascent|p2a: Necrozma
|-resisted|p2a: Necrozma
|-damage|p2a: Necrozma|57/100
|-unboost|p1a: Rayquaza|def|1
|-unboost|p1a: Rayquaza|spd|1
|-damage|p1a: Rayquaza|11/100|[from] item: Life Orb
|
|-weather|DeltaStream|[upkeep]
|upkeep
|turn|19
|
|t:|1609882803
|move|p1a: Rayquaza|Dragon Ascent|p2a: Necrozma
|-resisted|p2a: Necrozma
|-damage|p2a: Necrozma|28/100
|-unboost|p1a: Rayquaza|def|1
|-unboost|p1a: Rayquaza|spd|1
|-damage|p1a: Rayquaza|1/100|[from] item: Life Orb
|move|p2a: Necrozma|Morning Sun|p2a: Necrozma
|-heal|p2a: Necrozma|78/100
|
|-weather|DeltaStream|[upkeep]
|upkeep
|turn|20
|
|t:|1609882812
|switch|p2a: Ho-Oh|Ho-Oh|96/100
|move|p1a: Rayquaza|V-create|p2a: Ho-Oh
|-resisted|p2a: Ho-Oh
|-damage|p2a: Ho-Oh|58/100
|-unboost|p1a: Rayquaza|spe|1
|-unboost|p1a: Rayquaza|def|1
|-unboost|p1a: Rayquaza|spd|1
|-damage|p1a: Rayquaza|0 fnt|[from] item: Life Orb
|faint|p1a: Rayquaza
|-weather|none
|
|upkeep
|
|t:|1609882815
|switch|p1a: Groudon|Groudon-Primal|100/100
|-weather|DesolateLand|[from] ability: Desolate Land|[of] p1a: Groudon
|turn|21
|j| Not Jefff
|
|t:|1609882833
|switch|p2a: Rayquaza|Rayquaza-Mega|64/100
|-weather|DeltaStream|[from] ability: Delta Stream|[of] p2a: Rayquaza
|move|p1a: Groudon|Rock Tomb|p2a: Rayquaza|[miss]
|-miss|p1a: Groudon|p2a: Rayquaza
|
|-weather|DeltaStream|[upkeep]
|upkeep
|turn|22
|c|☆LegendOfTsih|lol
|c|☆starkorea74|srry
|c|☆LegendOfTsih|5%
|c|☆starkorea74|!dt rock tomb
|raw|<ul class="utilichart"><li class="result"><span class="col movenamecol"><a href="https://dex.pokemonshowdown.com/moves/rocktomb">Rock Tomb</a></span> <span class="col typecol"><img src="//play.pokemonshowdown.com/sprites/types/Rock.png" alt="Rock" width="32" height="14"><img src="//play.pokemonshowdown.com/sprites/categories/Physical.png" alt="Physical" width="32" height="14"></span> <span class="col labelcol"><em>Power</em><br>60</span> <span class="col widelabelcol"><em>Accuracy</em><br>95%</span> <span class="col pplabelcol"><em>PP</em><br>24</span> <span class="col movedesccol">100% chance to lower the target's Speed by 1.</span> </li><li style="clear:both"></li></ul>
|raw|<font size="1"><font color="#686868">Priority:</font> 0&nbsp;|&ThickSpace;<font color="#686868">Gen:</font> 3&nbsp;|&ThickSpace;&#10003; Secondary effect&nbsp;|&ThickSpace;<font color="#686868">Z-Power:</font> 120&nbsp;|&ThickSpace;<font color="#686868">Dynamax Power:</font> 110&nbsp;|&ThickSpace;<font color="#686868">Target:</font> One Adjacent Pokémon</font>

|c|☆LegendOfTsih|I'm gonna lose this game cause you have a god awful team
|c|☆LegendOfTsih|but it has a really good matchup
|inactive|LegendOfTsih has 120 seconds left.
|
|t:|1609882875
|move|p2a: Rayquaza|Dragon Ascent|p1a: Groudon
|-damage|p1a: Groudon|44/100
|-unboost|p2a: Rayquaza|def|1
|-unboost|p2a: Rayquaza|spd|1
|-damage|p2a: Rayquaza|54/100|[from] item: Life Orb
|move|p1a: Groudon|Stealth Rock|p2a: Rayquaza
|-sidestart|p2: starkorea74|move: Stealth Rock
|
|-weather|DeltaStream|[upkeep]
|upkeep
|turn|23
|c|☆starkorea74|arc dark is strong
|c|☆LegendOfTsih|yes but
|
|t:|1609882883
|switch|p1a: Necrozma|Necrozma-Dusk-Mane|71/100
|move|p2a: Rayquaza|Dragon Ascent|p1a: Necrozma
|-resisted|p1a: Necrozma
|-crit|p1a: Necrozma
|-damage|p1a: Necrozma|26/100
|-unboost|p2a: Rayquaza|def|1
|-unboost|p2a: Rayquaza|spd|1
|-damage|p2a: Rayquaza|38/100|[from] item: Rocky Helmet|[of] p1a: Necrozma
|-damage|p2a: Rayquaza|28/100|[from] item: Life Orb
|
|-weather|DeltaStream|[upkeep]
|upkeep
|turn|24
|c|☆LegendOfTsih|what is your kyogre switch in
|c|☆LegendOfTsih|...
|inactive|LegendOfTsih has 120 seconds left.
|c|☆starkorea74|Just mray
|c| kazzue|rip lol
|c|☆LegendOfTsih|you lose to scarf ogre
|c|☆LegendOfTsih|primal ogre
|c|☆starkorea74|but Krogre is suremy a threat
|inactive|starkorea74 has 120 seconds left.
|c|☆starkorea74|nah you just switch and dascent
|c| kazzue|note to self: use ogre in my ag from now on
|c|☆LegendOfTsih|yes but when mray gets whittled down
|c|☆LegendOfTsih|ogre comes to sweep late game
|c|☆starkorea74|but yes you have to go quick
|inactive|starkorea74 has 90 seconds left.
|c|☆starkorea74|I agree
|c|☆starkorea74|It's the main count of this team
|
|t:|1609882972
|move|p2a: Rayquaza|Dragon Ascent|p1a: Necrozma
|-resisted|p1a: Necrozma
|-damage|p1a: Necrozma|0 fnt
|-unboost|p2a: Rayquaza|def|1
|-unboost|p2a: Rayquaza|spd|1
|-damage|p2a: Rayquaza|11/100|[from] item: Rocky Helmet|[of] p1a: Necrozma
|-damage|p2a: Rayquaza|1/100|[from] item: Life Orb
|faint|p1a: Necrozma
|
|-weather|DeltaStream|[upkeep]
|upkeep
|inactive|LegendOfTsih has 120 seconds left.
|
|t:|1609882983
|switch|p1a: Calyrex|Calyrex-Shadow|91/100
|-ability|p1a: Calyrex|As One
|-ability|p1a: Calyrex|Unnerve|p2: starkorea74
|turn|25
|inactive|LegendOfTsih has 120 seconds left.
|
|t:|1609882992
|-weather|none
|switch|p2a: Ho-Oh|Ho-Oh|91/100
|move|p1a: Calyrex|Substitute|p1a: Calyrex
|-start|p1a: Calyrex|Substitute
|-damage|p1a: Calyrex|66/100
|
|upkeep
|turn|26
|c|☆LegendOfTsih|why wouldnt you go
|
|t:|1609882998
|move|p1a: Calyrex|Astral Barrage|p2a: Ho-Oh
|-damage|p2a: Ho-Oh|36/100
|-damage|p1a: Calyrex|56/100|[from] item: Life Orb
|move|p2a: Ho-Oh|Sacred Fire|p1a: Calyrex
|-end|p1a: Calyrex|Substitute
|
|upkeep
|turn|27
|c|☆LegendOfTsih|a dark type
|c|☆LegendOfTsih|fuck
|
|t:|1609883015
|switch|p2a: Arceus|Arceus-Dark|100/100
|-damage|p2a: Arceus|88/100|[from] Stealth Rock
|move|p1a: Calyrex|Astral Barrage|p2a: Arceus
|-resisted|p2a: Arceus
|-damage|p2a: Arceus|63/100
|-damage|p1a: Calyrex|46/100|[from] item: Life Orb
|
|upkeep
|turn|28
|inactive|starkorea74 has 90 seconds left.
|
|t:|1609883026
|switch|p1a: Arceus|Arceus-Fairy|89/100
|move|p2a: Arceus|Recover|p2a: Arceus
|-heal|p2a: Arceus|100/100
|
|upkeep
|turn|29
|inactive|starkorea74 has 90 seconds left.
|
|t:|1609883031
|switch|p2a: Necrozma|Necrozma-Dusk-Mane|78/100
|-damage|p2a: Necrozma|72/100|[from] Stealth Rock
|move|p1a: Arceus|Judgment|p2a: Necrozma
|-resisted|p2a: Necrozma
|-damage|p2a: Necrozma|52/100
|
|upkeep
|turn|30
|
|t:|1609883038
|switch|p1a: Groudon|Groudon-Primal|44/100
|-weather|DesolateLand|[from] ability: Desolate Land|[of] p1a: Groudon
|move|p2a: Necrozma|Morning Sun|p2a: Necrozma
|-heal|p2a: Necrozma|100/100
|
|-weather|DesolateLand|[upkeep]
|upkeep
|turn|31
|
|t:|1609883052
|switch|p2a: Rayquaza|Rayquaza-Mega|1/100
|-damage|p2a: Rayquaza|0 fnt|[from] Stealth Rock
|faint|p2a: Rayquaza
|move|p1a: Groudon|Precipice Blades|p2: Rayquaza|[notarget]
|-fail|p1a: Groudon
|
|-weather|DesolateLand|[upkeep]
|upkeep
|
|t:|1609883058
|switch|p2a: Yveltal|Yveltal|100/100
|-damage|p2a: Yveltal|76/100|[from] Stealth Rock
|-ability|p2a: Yveltal|Dark Aura
|turn|32
|
|t:|1609883064
|-weather|none
|switch|p1a: Arceus|Arceus-Fairy|89/100
|-start|p2a: Yveltal|Dynamax
|-heal|p2a: Yveltal|76/100|[silent]
|move|p2a: Yveltal|Max Airstream|p1a: Arceus
|-damage|p1a: Arceus|43/100
|-boost|p2a: Yveltal|spe|1
|-damage|p2a: Yveltal|71/100|[from] item: Life Orb
|
|upkeep
|turn|33
|
|t:|1609883074
|-start|p1a: Arceus|Dynamax
|-heal|p1a: Arceus|43/100|[silent]
|move|p2a: Yveltal|Max Airstream|p1a: Arceus
|-damage|p1a: Arceus|17/100
|-boost|p2a: Yveltal|spe|1
|-damage|p2a: Yveltal|66/100|[from] item: Life Orb
|move|p1a: Arceus|Max Starfall|p2a: Yveltal
|-supereffective|p2a: Yveltal
|-damage|p2a: Yveltal|12/100
|-fieldstart|move: Misty Terrain
|
|upkeep
|turn|34
|
|t:|1609883085
|move|p1a: Arceus|Max Guard|p1a: Arceus
|-singleturn|p1a: Arceus|Max Guard
|move|p2a: Yveltal|Max Airstream|p1a: Arceus
|-activate|p1a: Arceus|move: Max Guard
|
|-end|p2a: Yveltal|Dynamax
|-heal|p2a: Yveltal|12/100|[silent]
|upkeep
|turn|35
|
|t:|1609883091
|move|p2a: Yveltal|Oblivion Wing|p1a: Arceus
|-damage|p1a: Arceus|2/100
|-heal|p2a: Yveltal|38/100|[from] drain|[of] p1a: Arceus
|-damage|p2a: Yveltal|28/100|[from] item: Life Orb
|move|p1a: Arceus|Max Starfall|p2a: Yveltal
|-supereffective|p2a: Yveltal
|-damage|p2a: Yveltal|0 fnt
|faint|p2a: Yveltal
|
|-end|p1a: Arceus|Dynamax
|-heal|p1a: Arceus|2/100|[silent]
|upkeep
|
|t:|1609883104
|switch|p2a: Ditto|Ditto|100/100
|-damage|p2a: Ditto|88/100|[from] Stealth Rock
|-transform|p2a: Ditto|p1a: Arceus|[from] ability: Imposter
|turn|36
|
|t:|1609883116
|switch|p1a: Calyrex|Calyrex-Shadow|46/100
|-ability|p1a: Calyrex|As One
|-ability|p1a: Calyrex|Unnerve|p2: starkorea74
|move|p2a: Ditto|Judgment|p1a: Calyrex
|-immune|p1a: Calyrex
|
|upkeep
|turn|37
|c|☆LegendOfTsih|free sub
|
|t:|1609883132
|switch|p1a: Arceus|Arceus-Fairy|2/100
|switch|p2a: Arceus|Arceus-Dark|100/100
|-damage|p2a: Arceus|88/100|[from] Stealth Rock
|
|-fieldend|Misty Terrain
|upkeep
|turn|38
|
|t:|1609883139
|move|p1a: Arceus|Recover|p1a: Arceus
|-heal|p1a: Arceus|52/100
|move|p2a: Arceus|Judgment|p1a: Arceus
|-resisted|p1a: Arceus
|-damage|p1a: Arceus|41/100
|
|upkeep
|turn|39
|
|t:|1609883146
|switch|p2a: Ho-Oh|Ho-Oh|69/100
|move|p1a: Arceus|Recover|p1a: Arceus
|-heal|p1a: Arceus|91/100
|
|upkeep
|turn|40
|
|t:|1609883154
|move|p1a: Arceus|Toxic|p2a: Ho-Oh
|-status|p2a: Ho-Oh|tox
|move|p2a: Ho-Oh|Toxic|p1a: Arceus
|-status|p1a: Arceus|tox
|
|-damage|p1a: Arceus|85/100 tox|[from] psn
|-damage|p2a: Ho-Oh|63/100 tox|[from] psn
|upkeep
|turn|41
|inactive|starkorea74 has 120 seconds left.
|
|t:|1609883166
|switch|p1a: Groudon|Groudon-Primal|44/100
|-weather|DesolateLand|[from] ability: Desolate Land|[of] p1a: Groudon
|move|p2a: Ho-Oh|Defog|p1a: Groudon
|-unboost|p1a: Groudon|evasion|1
|-sideend|p2: starkorea74|Stealth Rock|[from] move: Defog|[of] p2a: Ho-Oh
|
|-weather|DesolateLand|[upkeep]
|-damage|p2a: Ho-Oh|51/100 tox|[from] psn
|upkeep
|turn|42
|inactive|starkorea74 has 120 seconds left.
|inactive|LegendOfTsih has 120 seconds left.
|
|t:|1609883221
|switch|p2a: Necrozma|Necrozma-Dusk-Mane|100/100
|move|p1a: Groudon|Rock Tomb|p2a: Necrozma
|-resisted|p2a: Necrozma
|-damage|p2a: Necrozma|95/100
|-unboost|p2a: Necrozma|spe|1
|
|-weather|DesolateLand|[upkeep]
|upkeep
|turn|43
|
|t:|1609883232
|move|p1a: Groudon|Precipice Blades|p2a: Necrozma
|-supereffective|p2a: Necrozma
|-damage|p2a: Necrozma|37/100
|move|p2a: Necrozma|Stealth Rock|p1a: Groudon
|-sidestart|p1: LegendOfTsih|move: Stealth Rock
|
|-weather|DesolateLand|[upkeep]
|upkeep
|turn|44
|inactive|LegendOfTsih has 120 seconds left.
|inactive|starkorea74 has 90 seconds left.
|
|t:|1609883251
|switch|p2a: Ho-Oh|Ho-Oh|84/100 tox
|move|p1a: Groudon|Precipice Blades|p2a: Ho-Oh
|-immune|p2a: Ho-Oh
|
|-weather|DesolateLand|[upkeep]
|-damage|p2a: Ho-Oh|78/100 tox|[from] psn
|upkeep
|turn|45
|inactive|starkorea74 has 90 seconds left.
|
|t:|1609883269
|move|p1a: Groudon|Rock Tomb|p2a: Ho-Oh
|-supereffective|p2a: Ho-Oh
|-damage|p2a: Ho-Oh|14/100 tox
|-unboost|p2a: Ho-Oh|spe|1
|move|p2a: Ho-Oh|Toxic|p1a: Groudon
|-status|p1a: Groudon|tox
|
|-weather|DesolateLand|[upkeep]
|-damage|p1a: Groudon|37/100 tox|[from] psn
|-damage|p2a: Ho-Oh|1/100 tox|[from] psn
|upkeep
|turn|46
|inactive|starkorea74 has 90 seconds left.
|inactive|LegendOfTsih has 120 seconds left.
|
|t:|1609883297
|switch|p2a: Arceus|Arceus-Dark|88/100
|move|p1a: Groudon|Stealth Rock|p2a: Arceus
|-sidestart|p2: starkorea74|move: Stealth Rock
|
|-weather|DesolateLand|[upkeep]
|-damage|p1a: Groudon|25/100 tox|[from] psn
|upkeep
|turn|47
|inactive|starkorea74 has 90 seconds left.
|
|t:|1609883315
|-weather|none
|switch|p1a: Arceus|Arceus-Fairy|85/100 tox
|-damage|p1a: Arceus|72/100 tox|[from] Stealth Rock
|move|p2a: Arceus|Judgment|p1a: Arceus
|-resisted|p1a: Arceus
|-damage|p1a: Arceus|61/100 tox
|
|-damage|p1a: Arceus|55/100 tox|[from] psn
|upkeep
|turn|48
|c| Not Jefff|1900 people may be smelly cuz they play game too much.
|inactive|starkorea74 has 90 seconds left.
|c| Not Jefff|Idk
|
|t:|1609883328
|switch|p1a: Groudon|Groudon-Primal|25/100 tox
|-damage|p1a: Groudon|13/100 tox|[from] Stealth Rock
|-weather|DesolateLand|[from] ability: Desolate Land|[of] p1a: Groudon
|switch|p2a: Ho-Oh|Ho-Oh|35/100 tox
|
|-weather|DesolateLand|[upkeep]
|-damage|p1a: Groudon|6/100 tox|[from] psn
|-damage|p2a: Ho-Oh|29/100 tox|[from] psn
|upkeep
|turn|49
|inactive|starkorea74 has 90 seconds left.
|
|t:|1609883351
|switch|p2a: Necrozma|Necrozma-Dusk-Mane|37/100
|-damage|p2a: Necrozma|31/100|[from] Stealth Rock
|move|p1a: Groudon|Precipice Blades|p2a: Necrozma|[miss]
|-miss|p1a: Groudon|p2a: Necrozma
|
|-weather|DesolateLand|[upkeep]
|-damage|p1a: Groudon|0 fnt|[from] psn
|faint|p1a: Groudon
|-weather|none
|upkeep
|c| Not Jefff|I don't think that
|c|☆LegendOfTsih|lmfao
|c|☆LegendOfTsih|you choked
|c|☆LegendOfTsih|fuck
|c|☆starkorea74|srry
|c|☆LegendOfTsih|my arceus fairy literally wins
|c|☆LegendOfTsih|if that dies
|inactive|LegendOfTsih has 120 seconds left.
|c|☆starkorea74|Nah
|c|☆LegendOfTsih|why would you sac that
|c|☆LegendOfTsih|you didn't need ho oh
|c|☆starkorea74|You'll see
|
|t:|1609883381
|switch|p1a: Calyrex|Calyrex-Shadow|46/100
|-ability|p1a: Calyrex|As One
|-ability|p1a: Calyrex|Unnerve|p2: starkorea74
|-damage|p1a: Calyrex|33/100|[from] Stealth Rock
|turn|50
|
|t:|1609883388
|move|p1a: Calyrex|Astral Barrage|p2a: Necrozma
|-supereffective|p2a: Necrozma
|-damage|p2a: Necrozma|0 fnt
|-damage|p1a: Calyrex|23/100|[from] item: Life Orb
|faint|p2a: Necrozma
|-ability|p1a: Calyrex|Grim Neigh|boost
|-boost|p1a: Calyrex|spa|1
|
|upkeep
|c|☆LegendOfTsih|what
|c|☆LegendOfTsih|cm arceus dark?
|
|t:|1609883396
|switch|p2a: Ditto|Ditto|88/100
|-damage|p2a: Ditto|76/100|[from] Stealth Rock
|-transform|p2a: Ditto|p1a: Calyrex|[from] ability: Imposter
|turn|51
|c|☆starkorea74|yeah lol
|inactive|starkorea74 has 90 seconds left.
|c|☆LegendOfTsih|I beat that 1v1
|c|☆LegendOfTsih|with arc fairy
|inactive|LegendOfTsih has 120 seconds left.
|c|☆starkorea74|you are cmind too ?
|c|☆starkorea74|Otherwise you don't
|c|☆LegendOfTsih|I outspeed it
|c|☆LegendOfTsih|and roar
|c|☆starkorea74|Except crit of course
|c|☆LegendOfTsih|or toxic
|c|☆starkorea74|Refresh
|c|☆LegendOfTsih|roar
|c|☆LegendOfTsih|then outspeed
|
|t:|1609883436
|switch|p1a: Yveltal|Yveltal|39/100 tox
|-ability|p1a: Yveltal|Dark Aura
|move|p2a: Ditto|Astral Barrage|p1a: Yveltal
|-resisted|p1a: Yveltal
|-damage|p1a: Yveltal|10/100 tox
|
|-damage|p1a: Yveltal|4/100 tox|[from] psn
|upkeep
|turn|52
|c|☆starkorea74|And you are toxic lol
|inactive|starkorea74 has 90 seconds left.
|inactive|LegendOfTsih has 90 seconds left.
|
|t:|1609883457
|switch|p2a: Ho-Oh|Ho-Oh|62/100 tox
|move|p1a: Yveltal|Sucker Punch||[still]
|-fail|p1a: Yveltal
|
|-damage|p1a: Yveltal|0 fnt|[from] psn
|faint|p1a: Yveltal
|-damage|p2a: Ho-Oh|56/100 tox|[from] psn
|upkeep
|
|t:|1609883459
|switch|p1a: Calyrex|Calyrex-Shadow|23/100
|-ability|p1a: Calyrex|As One
|-ability|p1a: Calyrex|Unnerve|p2: starkorea74
|-damage|p1a: Calyrex|11/100|[from] Stealth Rock
|turn|53
|inactive|starkorea74 has 90 seconds left.
|c|☆LegendOfTsih|fuck dude
|inactive|LegendOfTsih has 90 seconds left.
|c|☆LegendOfTsih|I could have had a chance at stalling out
|c|☆LegendOfTsih|with yveltal
|
|t:|1609883489
|move|p1a: Calyrex|Astral Barrage|p2a: Ho-Oh
|-damage|p2a: Ho-Oh|0 fnt
|-damage|p1a: Calyrex|1/100|[from] item: Life Orb
|faint|p2a: Ho-Oh
|-ability|p1a: Calyrex|Grim Neigh|boost
|-boost|p1a: Calyrex|spa|1
|
|upkeep
|c|☆LegendOfTsih|w/e
|c|☆starkorea74|spdef ?
|c|☆LegendOfTsih|that killed ofc
|c|☆LegendOfTsih|yes
|c|☆LegendOfTsih|sp def
|
|t:|1609883497
|switch|p2a: Ditto|Ditto|76/100
|-damage|p2a: Ditto|63/100|[from] Stealth Rock
|-transform|p2a: Ditto|p1a: Calyrex|[from] ability: Imposter
|turn|54
|c|☆LegendOfTsih|gg
|inactive|LegendOfTsih has 90 seconds left.
|c|☆starkorea74|gg wp
|c|☆LegendOfTsih|your team is still bad
|-message|LegendOfTsih forfeited.
|
|win|starkorea74
|l|☆LegendOfTsih
|l| skylink42
|c|☆starkorea74|I was 1st with
|l|☆starkorea74
||Ladder (probably) updated, but score could not be retrieved (Request timeout).
|l| Not Jefff
|j| ggggggligars
|l| ggggggligars
