|j|☆FuanFuanFuan1
|j|☆Buck is stallish
|t:|1664866345
|gametype|singles
|player|p1|FuanFuanFuan1|102|1594
|player|p2|Buck is stallish|ethan|1896
|teamsize|p1|6
|teamsize|p2|6
|gen|8
|tier|[Gen 8] National Dex AG
|rated|
|rule|HP Percentage Mod: HP is shown in percentages
|rule|Endless Battle Clause: Forcing endless battles is banned
|clearpoke
|poke|p1|Zacian-*|
|poke|p1|Rayquaza|
|poke|p1|Ditto|
|poke|p1|Groudon|
|poke|p1|Xerneas-*|
|poke|p1|Lugia|
|poke|p2|Ho-Oh|
|poke|p2|Zygarde|
|poke|p2|Necrozma-Dusk-Mane|
|poke|p2|Yveltal|
|poke|p2|Chansey, F|
|poke|p2|Arceus-*|
|teampreview
|inactive|Battle timer is ON: inactive players will automatically lose when time's up. (requested by Buck is stallish)
|inactive|FuanFuanFuan1 also wants the timer to be on.
|
|t:|1664866356
|start
|switch|p1a: Ditto|Ditto, shiny|100/100
|switch|p2a: dragon guardian|Zygarde|100/100
|-transform|p1a: Ditto|p2a: dragon guardian|[from] ability: Imposter
|turn|1
|
|t:|1664866367
|switch|p2a: Chansey|Chansey, F|100/100
|move|p1a: Ditto|Glare|p2a: Chansey
|-status|p2a: Chansey|par
|
|upkeep
|turn|2
|
|t:|1664866375
|switch|p1a: Zacian|Zacian-Crowned|100/100
|-ability|p1a: Zacian|Intrepid Sword|boost
|-boost|p1a: Zacian|atk|1
|-curestatus|p2a: Chansey|par|[from] ability: Natural Cure
|switch|p2a: dragon guardian|Zygarde|100/100
|
|upkeep
|turn|3
|
|t:|1664866384
|switch|p2a: Solar mountain|Necrozma-Dusk-Mane|100/100
|move|p1a: Zacian|Play Rough|p2a: Solar mountain
|-resisted|p2a: Solar mountain
|-damage|p2a: Solar mountain|81/100
|-damage|p1a: Zacian|84/100|[from] item: Rocky Helmet|[of] p2a: Solar mountain
|
|upkeep
|turn|4
|
|t:|1664866389
|switch|p1a: Lugia|Lugia|100/100
|move|p2a: Solar mountain|Stealth Rock|p1a: Lugia
|-sidestart|p1: FuanFuanFuan1|move: Stealth Rock
|
|upkeep
|turn|5
|
|t:|1664866395
|move|p1a: Lugia|Defog|p2a: Solar mountain
|-unboost|p2a: Solar mountain|evasion|1
|-sideend|p1: FuanFuanFuan1|Stealth Rock|[from] move: Defog|[of] p1a: Lugia
|move|p2a: Solar mountain|Knock Off|p1a: Lugia
|-supereffective|p1a: Lugia
|-damage|p1a: Lugia|83/100
|-enditem|p1a: Lugia|Heavy-Duty Boots|[from] move: Knock Off|[of] p2a: Solar mountain
|
|upkeep
|turn|6
|
|t:|1664866398
|move|p1a: Lugia|Ice Beam|p2a: Solar mountain
|-resisted|p2a: Solar mountain
|-damage|p2a: Solar mountain|74/100
|move|p2a: Solar mountain|Morning Sun|p2a: Solar mountain
|-heal|p2a: Solar mountain|100/100
|
|upkeep
|turn|7
|
|t:|1664866401
|move|p1a: Lugia|Ice Beam|p2a: Solar mountain
|-resisted|p2a: Solar mountain
|-damage|p2a: Solar mountain|93/100
|move|p2a: Solar mountain|Stealth Rock|p1a: Lugia
|-sidestart|p1: FuanFuanFuan1|move: Stealth Rock
|
|upkeep
|turn|8
|
|t:|1664866403
|move|p1a: Lugia|Ice Beam|p2a: Solar mountain
|-resisted|p2a: Solar mountain
|-damage|p2a: Solar mountain|85/100
|-status|p2a: Solar mountain|frz
|cant|p2a: Solar mountain|frz
|
|upkeep
|turn|9
|
|t:|1664866406
|move|p1a: Lugia|Defog|p2a: Solar mountain
|-unboost|p2a: Solar mountain|evasion|1
|-sideend|p1: FuanFuanFuan1|Stealth Rock|[from] move: Defog|[of] p1a: Lugia
|cant|p2a: Solar mountain|frz
|
|upkeep
|turn|10
|
|t:|1664866409
|move|p1a: Lugia|Defog|p2a: Solar mountain
|-unboost|p2a: Solar mountain|evasion|1
|cant|p2a: Solar mountain|frz
|
|upkeep
|turn|11
|
|t:|1664866414
|switch|p1a: Xerneas|Xerneas|100/100
|-ability|p1a: Xerneas|Fairy Aura
|cant|p2a: Solar mountain|frz
|
|upkeep
|turn|12
|
|t:|1664866417
|switch|p2a: Chansey|Chansey, F|100/100
|move|p1a: Xerneas|Geomancy||[still]
|-prepare|p1a: Xerneas|Geomancy
|-enditem|p1a: Xerneas|Power Herb
|-anim|p1a: Xerneas|Geomancy|p1a: Xerneas
|-boost|p1a: Xerneas|spa|2
|-boost|p1a: Xerneas|spd|2
|-boost|p1a: Xerneas|spe|2
|
|upkeep
|turn|13
|
|t:|1664866424
|-start|p1a: Xerneas|Dynamax|
|-heal|p1a: Xerneas|100/100|[silent]
|move|p1a: Xerneas|Max Starfall|p2a: Chansey
|-damage|p2a: Chansey|52/100
|-fieldstart|move: Misty Terrain
|move|p2a: Chansey|Confide|p1a: Xerneas
|-unboost|p1a: Xerneas|spa|1
|
|upkeep
|turn|14
|
|t:|1664866428
|move|p1a: Xerneas|Max Starfall|p2a: Chansey
|-damage|p2a: Chansey|17/100
|move|p2a: Chansey|Soft-Boiled|p2a: Chansey
|-heal|p2a: Chansey|67/100
|
|upkeep
|turn|15
|
|t:|1664866435
|move|p1a: Xerneas|Max Starfall|p2a: Chansey
|-damage|p2a: Chansey|31/100
|move|p2a: Chansey|Soft-Boiled|p2a: Chansey
|-heal|p2a: Chansey|81/100
|
|upkeep
|-end|p1a: Xerneas|Dynamax
|-heal|p1a: Xerneas|100/100|[silent]
|turn|16
|
|t:|1664866444
|move|p1a: Xerneas|Geomancy||[still]
|-prepare|p1a: Xerneas|Geomancy
|move|p2a: Chansey|Heal Bell|p2a: Chansey
|-activate|p2a: Chansey|move: Heal Bell
|-curestatus|p2: Solar mountain|frz|[msg]
|
|upkeep
|turn|17
|
|t:|1664866454
|move|p1a: Xerneas|Geomancy|p1a: Xerneas|[from]lockedmove
|-boost|p1a: Xerneas|spa|2
|-boost|p1a: Xerneas|spd|2
|-boost|p1a: Xerneas|spe|2
|move|p2a: Chansey|Confide|p1a: Xerneas
|-unboost|p1a: Xerneas|spa|1
|
|-fieldend|Misty Terrain
|upkeep
|turn|18
|inactive|FuanFuanFuan1 has 120 seconds left.
|
|t:|1664866485
|move|p1a: Xerneas|Geomancy||[still]
|-prepare|p1a: Xerneas|Geomancy
|move|p2a: Chansey|Soft-Boiled|p2a: Chansey
|-heal|p2a: Chansey|100/100
|
|upkeep
|turn|19
|
|t:|1664866494
|move|p1a: Xerneas|Geomancy|p1a: Xerneas|[from]lockedmove
|-boost|p1a: Xerneas|spa|2
|-boost|p1a: Xerneas|spd|2
|-boost|p1a: Xerneas|spe|2
|move|p2a: Chansey|Confide|p1a: Xerneas
|-unboost|p1a: Xerneas|spa|1
|
|upkeep
|turn|20
|
|t:|1664866501
|move|p1a: Xerneas|Thunder|p2a: Chansey|[miss]
|-miss|p1a: Xerneas|p2a: Chansey
|move|p2a: Chansey|Confide|p1a: Xerneas
|-unboost|p1a: Xerneas|spa|1
|
|upkeep
|turn|21
|
|t:|1664866504
|move|p1a: Xerneas|Thunder|p2a: Chansey|[miss]
|-miss|p1a: Xerneas|p2a: Chansey
|move|p2a: Chansey|Confide|p1a: Xerneas
|-unboost|p1a: Xerneas|spa|1
|
|upkeep
|turn|22
|
|t:|1664866507
|move|p1a: Xerneas|Thunder|p2a: Chansey
|-damage|p2a: Chansey|84/100
|move|p2a: Chansey|Confide|p1a: Xerneas
|-unboost|p1a: Xerneas|spa|1
|
|upkeep
|turn|23
|
|t:|1664866511
|move|p1a: Xerneas|Geomancy||[still]
|-prepare|p1a: Xerneas|Geomancy
|move|p2a: Chansey|Seismic Toss|p1a: Xerneas
|-damage|p1a: Xerneas|75/100
|
|upkeep
|turn|24
|
|t:|1664866524
|move|p1a: Xerneas|Geomancy|p1a: Xerneas|[from]lockedmove
|-boost|p1a: Xerneas|spa|2
|-boost|p1a: Xerneas|spd|0
|-boost|p1a: Xerneas|spe|0
|move|p2a: Chansey|Confide|p1a: Xerneas
|-unboost|p1a: Xerneas|spa|1
|
|upkeep
|turn|25
|
|t:|1664866528
|move|p1a: Xerneas|Geomancy||[still]
|-prepare|p1a: Xerneas|Geomancy
|move|p2a: Chansey|Seismic Toss|p1a: Xerneas
|-damage|p1a: Xerneas|50/100
|
|upkeep
|turn|26
|
|t:|1664866531
|move|p1a: Xerneas|Geomancy|p1a: Xerneas|[from]lockedmove
|-boost|p1a: Xerneas|spa|2
|-boost|p1a: Xerneas|spd|0
|-boost|p1a: Xerneas|spe|0
|move|p2a: Chansey|Confide|p1a: Xerneas
|-unboost|p1a: Xerneas|spa|1
|
|upkeep
|turn|27
|
|t:|1664866535
|move|p1a: Xerneas|Thunder|p2a: Chansey|[miss]
|-miss|p1a: Xerneas|p2a: Chansey
|move|p2a: Chansey|Confide|p1a: Xerneas
|-unboost|p1a: Xerneas|spa|1
|
|upkeep
|turn|28
|c|☆FuanFuanFuan1|pfc
|c|☆FuanFuanFuan1|ofc
|
|t:|1664866543
|move|p1a: Xerneas|Thunder|p2a: Chansey|[miss]
|-miss|p1a: Xerneas|p2a: Chansey
|move|p2a: Chansey|Confide|p1a: Xerneas
|-unboost|p1a: Xerneas|spa|1
|
|upkeep
|turn|29
|
|t:|1664866547
|move|p1a: Xerneas|Thunder|p2a: Chansey|[miss]
|-miss|p1a: Xerneas|p2a: Chansey
|move|p2a: Chansey|Seismic Toss|p1a: Xerneas
|-damage|p1a: Xerneas|24/100
|
|upkeep
|turn|30
|c|☆FuanFuanFuan1|i am the unluckiest playert
|c|☆Buck is stallish|Huh
|
|t:|1664866565
|move|p1a: Xerneas|Thunder|p2a: Chansey|[miss]
|-miss|p1a: Xerneas|p2a: Chansey
|move|p2a: Chansey|Soft-Boiled|p2a: Chansey
|-heal|p2a: Chansey|100/100
|
|upkeep
|turn|31
|c|☆Buck is stallish|its 70
|c|☆Buck is stallish|so it’s possible
|inactive|FuanFuanFuan1 has 120 seconds left.
|c|☆FuanFuanFuan1|IT MISSED 6 TIMES
|c|☆FuanFuanFuan1|6
|c|☆FuanFuanFuan1|70% not 15%
|c|☆Buck is stallish|Well it’s a possible outcome
|inactive|FuanFuanFuan1 has 90 seconds left.
|c|☆FuanFuanFuan1|its a possible outcome that i win the lottery
|
|t:|1664866626
|move|p1a: Xerneas|Thunder|p2a: Chansey
|-damage|p2a: Chansey|90/100
|move|p2a: Chansey|Seismic Toss|p1a: Xerneas
|-damage|p1a: Xerneas|0 fnt
|faint|p1a: Xerneas
|
|upkeep
|c|☆Buck is stallish|<100= 50%
|c|☆FuanFuanFuan1|100%>0%
|
|t:|1664866642
|switch|p1a: Lugia|Lugia|83/100
|turn|32
|
|t:|1664866646
|switch|p2a: Solar mountain|Necrozma-Dusk-Mane|85/100
|move|p1a: Lugia|Toxic|p2a: Solar mountain|[miss]
|-miss|p1a: Lugia|p2a: Solar mountain
|
|upkeep
|turn|33
|inactive|FuanFuanFuan1 has 90 seconds left.
|c|☆FuanFuanFuan1|im done
|-message|FuanFuanFuan1 forfeited.
|
|win|Buck is stallish
|raw|FuanFuanFuan1's rating: 1594 &rarr; <strong>1588</strong><br />(-6 for losing)
|raw|Buck is stallish's rating: 1896 &rarr; <strong>1902</strong><br />(+6 for winning)
|l|☆FuanFuanFuan1
|c|☆Buck is stallish|Gg
