|j|☆Odins will
|j|☆JedTheHumanoid
|t:|1651282361
|gametype|singles
|player|p1|Odins will|xerosic|1704
|player|p2|JedTheHumanoid|tuber-gen3|1833
|teamsize|p1|6
|teamsize|p2|6
|gen|8
|tier|[Gen 8] National Dex AG
|rated|
|rule|HP Percentage Mod: HP is shown in percentages
|rule|Endless Battle Clause: Forcing endless battles is banned
|clearpoke
|poke|p1|Arceus-*|
|poke|p1|Arceus-*|
|poke|p1|Arceus-*|
|poke|p1|Necrozma-Dusk-Mane|
|poke|p1|Yveltal|
|poke|p1|Zacian-*|
|poke|p2|Palkia|
|poke|p2|Marshadow|
|poke|p2|Arceus-*|
|poke|p2|Calyrex-Shadow|
|poke|p2|Xerneas-*|
|poke|p2|Excadrill, M|
|teampreview
|inactive|Battle timer is ON: inactive players will automatically lose when time's up. (requested by Odins will)
|j| Yeetburger
|l| Yeetburger
|c|☆JedTheHumanoid|hf
|
|t:|1651282391
|start
|switch|p1a: Arceus|Arceus-Fairy|100/100
|switch|p2a: Excadrill|Excadrill, M|100/100
|-ability|p2a: Excadrill|Mold Breaker
|turn|1
|
|t:|1651282417
|move|p1a: Arceus|Will-O-Wisp|p2a: Excadrill
|-status|p2a: Excadrill|brn
|move|p2a: Excadrill|Stealth Rock|p1a: Arceus
|-sidestart|p1: Odins will|move: Stealth Rock
|
|-damage|p2a: Excadrill|94/100 brn|[from] brn
|upkeep
|turn|2
|c|☆Odins will|If I see one more drill lead ima flip a table
|
|t:|1651282430
|move|p1a: Arceus|Defog|p2a: Excadrill
|-unboost|p2a: Excadrill|evasion|1
|-sideend|p1: Odins will|Stealth Rock|[from] move: Defog|[of] p1a: Arceus
|move|p2a: Excadrill|Earthquake|p1a: Arceus
|-damage|p1a: Arceus|82/100
|
|-damage|p2a: Excadrill|88/100 brn|[from] brn
|upkeep
|turn|3
|
|t:|1651282435
|move|p1a: Arceus|Recover|p1a: Arceus
|-heal|p1a: Arceus|100/100
|move|p2a: Excadrill|Stealth Rock|p1a: Arceus
|-sidestart|p1: Odins will|move: Stealth Rock
|
|-damage|p2a: Excadrill|82/100 brn|[from] brn
|upkeep
|turn|4
|
|t:|1651282439
|move|p1a: Arceus|Defog|p2a: Excadrill
|-unboost|p2a: Excadrill|evasion|1
|-sideend|p1: Odins will|Stealth Rock|[from] move: Defog|[of] p1a: Arceus
|move|p2a: Excadrill|Stealth Rock|p1a: Arceus
|-sidestart|p1: Odins will|move: Stealth Rock
|
|-damage|p2a: Excadrill|76/100 brn|[from] brn
|upkeep
|turn|5
|
|t:|1651282442
|move|p1a: Arceus|Defog|p2a: Excadrill
|-unboost|p2a: Excadrill|evasion|1
|-sideend|p1: Odins will|Stealth Rock|[from] move: Defog|[of] p1a: Arceus
|move|p2a: Excadrill|Stealth Rock|p1a: Arceus
|-sidestart|p1: Odins will|move: Stealth Rock
|
|-damage|p2a: Excadrill|70/100 brn|[from] brn
|upkeep
|turn|6
|
|t:|1651282445
|move|p1a: Arceus|Defog|p2a: Excadrill
|-unboost|p2a: Excadrill|evasion|1
|-sideend|p1: Odins will|Stealth Rock|[from] move: Defog|[of] p1a: Arceus
|move|p2a: Excadrill|Stealth Rock|p1a: Arceus
|-sidestart|p1: Odins will|move: Stealth Rock
|
|-damage|p2a: Excadrill|64/100 brn|[from] brn
|upkeep
|turn|7
|
|t:|1651282447
|move|p1a: Arceus|Defog|p2a: Excadrill
|-unboost|p2a: Excadrill|evasion|1
|-sideend|p1: Odins will|Stealth Rock|[from] move: Defog|[of] p1a: Arceus
|move|p2a: Excadrill|Stealth Rock|p1a: Arceus
|-sidestart|p1: Odins will|move: Stealth Rock
|
|-damage|p2a: Excadrill|58/100 brn|[from] brn
|upkeep
|turn|8
|
|t:|1651282455
|move|p1a: Arceus|Defog|p2a: Excadrill
|-unboost|p2a: Excadrill|evasion|1
|-sideend|p1: Odins will|Stealth Rock|[from] move: Defog|[of] p1a: Arceus
|move|p2a: Excadrill|Earthquake|p1a: Arceus
|-damage|p1a: Arceus|82/100
|
|-damage|p2a: Excadrill|52/100 brn|[from] brn
|upkeep
|turn|9
|
|t:|1651282462
|switch|p2a: Calyrex|Calyrex-Shadow|100/100
|-ability|p2a: Calyrex|As One
|-ability|p2a: Calyrex|Unnerve
|move|p1a: Arceus|Judgment|p2a: Calyrex
|-damage|p2a: Calyrex|54/100
|
|upkeep
|turn|10
|
|t:|1651282486
|switch|p2a: Excadrill|Excadrill, M|52/100 brn
|-ability|p2a: Excadrill|Mold Breaker
|switch|p1a: Yveltal|Yveltal|100/100
|-ability|p1a: Yveltal|Dark Aura
|
|-damage|p2a: Excadrill|46/100 brn|[from] brn
|upkeep
|turn|11
|
|t:|1651282490
|move|p2a: Excadrill|Stealth Rock|p1a: Yveltal
|-sidestart|p1: Odins will|move: Stealth Rock
|move|p1a: Yveltal|Foul Play|p2a: Excadrill
|-crit|p2a: Excadrill
|-damage|p2a: Excadrill|0 fnt
|faint|p2a: Excadrill
|
|upkeep
|
|t:|1651282503
|switch|p2a: Palkia|Palkia|100/100
|-ability|p2a: Palkia|Pressure
|turn|12
|
|t:|1651282523
|switch|p1a: Zacian|Zacian-Crowned|100/100
|-damage|p1a: Zacian|94/100|[from] Stealth Rock
|-ability|p1a: Zacian|Intrepid Sword|boost
|-boost|p1a: Zacian|atk|1
|-start|p2a: Palkia|Dynamax|
|-heal|p2a: Palkia|100/100|[silent]
|move|p2a: Palkia|Max Airstream|p1a: Zacian
|-resisted|p1a: Zacian
|-damage|p1a: Zacian|74/100
|-boost|p2a: Palkia|spe|1
|
|upkeep
|turn|13
|
|t:|1651282539
|switch|p1a: Yveltal|Yveltal|100/100
|-ability|p1a: Yveltal|Dark Aura
|move|p2a: Palkia|Max Geyser|p1a: Yveltal
|-damage|p1a: Yveltal|42/100
|-weather|RainDance
|
|-weather|RainDance|[upkeep]
|upkeep
|turn|14
|
|t:|1651282543
|move|p2a: Palkia|Max Geyser|p1a: Yveltal
|-damage|p1a: Yveltal|0 fnt
|faint|p1a: Yveltal
|
|-weather|RainDance|[upkeep]
|upkeep
|
|t:|1651282557
|switch|p1a: Arceus|Arceus-Water|100/100
|-damage|p1a: Arceus|88/100|[from] Stealth Rock
|-end|p2a: Palkia|Dynamax
|-heal|p2a: Palkia|100/100|[silent]
|turn|15
|
|t:|1651282561
|-start|p1a: Arceus|Dynamax|
|-heal|p1a: Arceus|88/100|[silent]
|move|p2a: Palkia|Thunder|p1a: Arceus
|-supereffective|p1a: Arceus
|-damage|p1a: Arceus|55/100
|move|p1a: Arceus|Max Quake|p2a: Palkia
|-damage|p2a: Palkia|48/100
|-boost|p1a: Arceus|spd|1
|
|-weather|RainDance|[upkeep]
|upkeep
|turn|16
|
|t:|1651282564
|move|p2a: Palkia|Thunder|p1a: Arceus
|-supereffective|p1a: Arceus
|-damage|p1a: Arceus|30/100
|move|p1a: Arceus|Max Quake|p2a: Palkia
|-damage|p2a: Palkia|2/100
|-boost|p1a: Arceus|spd|1
|
|-weather|RainDance|[upkeep]
|upkeep
|turn|17
|
|t:|1651282571
|move|p2a: Palkia|Thunder|p1a: Arceus
|-supereffective|p1a: Arceus
|-damage|p1a: Arceus|13/100
|move|p1a: Arceus|Max Quake|p2a: Palkia
|-damage|p2a: Palkia|0 fnt
|-boost|p1a: Arceus|spd|1
|faint|p2a: Palkia
|
|-weather|none
|upkeep
|
|t:|1651282578
|switch|p2a: Marshadow|Marshadow|100/100
|-end|p1a: Arceus|Dynamax
|-heal|p1a: Arceus|13/100|[silent]
|turn|18
|
|t:|1651282581
|move|p2a: Marshadow|Spectral Thief||[still]
|-clearpositiveboost|p1a: Arceus|p2a: Marshadow|move: Spectral Thief
|-boost|p2a: Marshadow|spd|3
|-anim|p2a: Marshadow|Spectral Thief|p1a: Arceus
|-damage|p1a: Arceus|0 fnt
|faint|p1a: Arceus
|
|upkeep
|
|t:|1651282589
|switch|p1a: Arceus|Arceus-Fairy|82/100
|-damage|p1a: Arceus|70/100|[from] Stealth Rock
|turn|19
|
|t:|1651282598
|move|p2a: Marshadow|Spectral Thief|p1a: Arceus
|-damage|p1a: Arceus|37/100
|move|p1a: Arceus|Judgment|p2a: Marshadow
|-supereffective|p2a: Marshadow
|-damage|p2a: Marshadow|54/100
|
|upkeep
|turn|20
|
|t:|1651282606
|move|p2a: Marshadow|Spectral Thief|p1a: Arceus
|-damage|p1a: Arceus|9/100
|move|p1a: Arceus|Recover|p1a: Arceus
|-heal|p1a: Arceus|59/100
|
|upkeep
|turn|21
|
|t:|1651282619
|move|p2a: Marshadow|Spectral Thief|p1a: Arceus
|-damage|p1a: Arceus|28/100
|move|p1a: Arceus|Recover|p1a: Arceus
|-heal|p1a: Arceus|78/100
|
|upkeep
|turn|22
|
|t:|1651282630
|move|p2a: Marshadow|Spectral Thief|p1a: Arceus
|-damage|p1a: Arceus|48/100
|move|p1a: Arceus|Defog|p2a: Marshadow
|-unboost|p2a: Marshadow|evasion|1
|-sideend|p1: Odins will|Stealth Rock|[from] move: Defog|[of] p1a: Arceus
|
|upkeep
|turn|23
|
|t:|1651282633
|move|p2a: Marshadow|Spectral Thief|p1a: Arceus
|-damage|p1a: Arceus|21/100
|move|p1a: Arceus|Recover|p1a: Arceus
|-heal|p1a: Arceus|71/100
|
|upkeep
|turn|24
|
|t:|1651282637
|move|p2a: Marshadow|Spectral Thief|p1a: Arceus
|-damage|p1a: Arceus|41/100
|move|p1a: Arceus|Recover|p1a: Arceus
|-heal|p1a: Arceus|91/100
|
|upkeep
|turn|25
|
|t:|1651282660
|move|p2a: Marshadow|Spectral Thief|p1a: Arceus
|-damage|p1a: Arceus|60/100
|move|p1a: Arceus|Judgment|p2a: Marshadow
|-supereffective|p2a: Marshadow
|-damage|p2a: Marshadow|5/100
|
|upkeep
|turn|26
|
|t:|1651282677
|move|p2a: Marshadow|Endeavor|p1a: Arceus
|-damage|p1a: Arceus|4/100
|move|p1a: Arceus|Recover|p1a: Arceus
|-heal|p1a: Arceus|54/100
|
|upkeep
|turn|27
|
|t:|1651282686
|move|p2a: Marshadow|Endeavor|p1a: Arceus
|-damage|p1a: Arceus|4/100
|move|p1a: Arceus|Recover|p1a: Arceus
|-heal|p1a: Arceus|54/100
|
|upkeep
|turn|28
|
|t:|1651282693
|move|p2a: Marshadow|Endeavor|p1a: Arceus
|-damage|p1a: Arceus|4/100
|move|p1a: Arceus|Recover|p1a: Arceus
|-heal|p1a: Arceus|54/100
|
|upkeep
|turn|29
|
|t:|1651282699
|move|p2a: Marshadow|Endeavor|p1a: Arceus
|-damage|p1a: Arceus|4/100
|move|p1a: Arceus|Recover|p1a: Arceus
|-heal|p1a: Arceus|54/100
|
|upkeep
|turn|30
|
|t:|1651282702
|move|p2a: Marshadow|Spectral Thief|p1a: Arceus
|-damage|p1a: Arceus|26/100
|move|p1a: Arceus|Recover|p1a: Arceus
|-heal|p1a: Arceus|76/100
|
|upkeep
|turn|31
|
|t:|1651282725
|switch|p1a: Necrozma|Necrozma-Dusk-Mane|100/100
|move|p2a: Marshadow|Endeavor|p1a: Necrozma
|-damage|p1a: Necrozma|4/100
|-damage|p2a: Marshadow|0 fnt|[from] item: Rocky Helmet|[of] p1a: Necrozma
|faint|p2a: Marshadow
|
|upkeep
|
|t:|1651282731
|switch|p2a: Calyrex|Calyrex-Shadow|54/100
|-ability|p2a: Calyrex|As One
|-ability|p2a: Calyrex|Unnerve
|turn|32
|
|t:|1651282739
|move|p2a: Calyrex|Astral Barrage|p1a: Necrozma
|-supereffective|p1a: Necrozma
|-damage|p1a: Necrozma|0 fnt
|faint|p1a: Necrozma
|-ability|p2a: Calyrex|Grim Neigh|boost
|-boost|p2a: Calyrex|spa|1
|
|upkeep
|
|t:|1651282746
|switch|p1a: Arceus|Arceus-Ground|100/100
|turn|33
|
|t:|1651282750
|-zpower|p2a: Calyrex
|move|p2a: Calyrex|Never-Ending Nightmare|p1a: Arceus|[zeffect]
|-damage|p1a: Arceus|0 fnt
|faint|p1a: Arceus
|-ability|p2a: Calyrex|Grim Neigh|boost
|-boost|p2a: Calyrex|spa|1
|
|upkeep
|-message|Odins will forfeited.
|
|win|JedTheHumanoid
|raw|Odins will's rating: 1704 &rarr; <strong>1691</strong><br />(-13 for losing)
|raw|JedTheHumanoid's rating: 1833 &rarr; <strong>1846</strong><br />(+13 for winning)
|l|☆Odins will
|c|☆JedTheHumanoid|gg
||Ladder isn't responding, score probably updated but might not have (Request timeout).
