|j|☆Matsui_Miyako
|j|☆Seductor Ninja
|t:|1663019431
|gametype|singles
|player|p1|Matsui_Miyako|allister|1730
|player|p2|Seductor Ninja|koga|1638
|teamsize|p1|6
|teamsize|p2|6
|gen|8
|tier|[Gen 8] National Dex AG
|rated|
|rule|HP Percentage Mod: HP is shown in percentages
|rule|Endless Battle Clause: Forcing endless battles is banned
|clearpoke
|poke|p1|Deoxys-Speed|
|poke|p1|Xerneas-*|
|poke|p1|Marshadow|
|poke|p1|Arceus-*|
|poke|p1|Calyrex-Shadow|
|poke|p1|Arceus-*|
|poke|p2|Regieleki|
|poke|p2|Kyogre|
|poke|p2|Rayquaza|
|poke|p2|Quagsire, M|
|poke|p2|Greninja, M|
|poke|p2|Necrozma-Dusk-Mane|
|teampreview
|inactive|Battle timer is ON: inactive players will automatically lose when time's up. (requested by Seductor Ninja)
|j| Though name
|
|t:|1663019444
|start
|switch|p1a: Rápido|Deoxys-Speed|100/100
|switch|p2a: Regieleki|Regieleki|100/100
|-ability|p1a: Rápido|Pressure
|turn|1
|
|t:|1663019470
|move|p2a: Regieleki|Wild Charge|p1a: Rápido
|-damage|p1a: Rápido|6/100
|-damage|p2a: Regieleki|84/100|[from] item: Rocky Helmet|[of] p1a: Rápido
|-damage|p2a: Regieleki|60/100|[from] Recoil
|-damage|p2a: Regieleki|50/100|[from] item: Life Orb
|move|p1a: Rápido|Knock Off|p2a: Regieleki
|-damage|p2a: Regieleki|8/100
|-enditem|p2a: Regieleki|Life Orb|[from] move: Knock Off|[of] p1a: Rápido
|
|upkeep
|turn|2
|
|t:|1663019480
|move|p2a: Regieleki|Extreme Speed|p1a: Rápido
|-damage|p1a: Rápido|0 fnt
|-damage|p2a: Regieleki|0 fnt|[from] item: Rocky Helmet|[of] p1a: Rápido
|faint|p1a: Rápido
|faint|p2a: Regieleki
|
|upkeep
|
|t:|1663019489
|switch|p2a: Kyogre|Kyogre, shiny|100/100
|switch|p1a: Xerneas|Xerneas|100/100
|-ability|p1a: Xerneas|Fairy Aura
|detailschange|p2a: Kyogre|Kyogre-Primal, shiny
|-primal|p2a: Kyogre
|-weather|PrimordialSea|[from] ability: Primordial Sea|[of] p2a: Kyogre
|turn|3
|j| Vacuum1234
|
|t:|1663019496
|move|p1a: Xerneas|Geomancy||[still]
|-prepare|p1a: Xerneas|Geomancy
|-enditem|p1a: Xerneas|Power Herb
|-anim|p1a: Xerneas|Geomancy|p1a: Xerneas
|-boost|p1a: Xerneas|spa|2
|-boost|p1a: Xerneas|spd|2
|-boost|p1a: Xerneas|spe|2
|move|p2a: Kyogre|Roar|p1a: Xerneas
|drag|p1a: Cavaleiro Fantasma|Calyrex-Shadow|100/100
|-ability|p1a: Cavaleiro Fantasma|As One
|-ability|p1a: Cavaleiro Fantasma|Unnerve
|
|-weather|PrimordialSea|[upkeep]
|upkeep
|turn|4
|l| Vacuum1234
|inactive|Matsui_Miyako has 120 seconds left.
|c| Though name|Kyogre with roar thats new
|
|t:|1663019532
|move|p1a: Cavaleiro Fantasma|Astral Barrage|p2a: Kyogre
|-damage|p2a: Kyogre|56/100
|move|p2a: Kyogre|Surf|p1a: Cavaleiro Fantasma
|-crit|p1a: Cavaleiro Fantasma
|-damage|p1a: Cavaleiro Fantasma|0 fnt
|faint|p1a: Cavaleiro Fantasma
|
|-weather|PrimordialSea|[upkeep]
|upkeep
|j| Vacuum1234
|
|t:|1663019560
|switch|p1a: Deus|Arceus|100/100
|turn|5
|
|t:|1663019566
|-weather|none
|switch|p2a: Unburden|Quagsire, M|100/100
|move|p1a: Deus|Swords Dance|p1a: Deus
|-boost|p1a: Deus|atk|2
|
|upkeep
|turn|6
|
|t:|1663019573
|move|p1a: Deus|Extreme Speed|p2a: Unburden
|-damage|p2a: Unburden|71/100
|move|p2a: Unburden|Toxic|p1a: Deus
|-status|p1a: Deus|tox
|
|-heal|p2a: Unburden|77/100|[from] item: Leftovers
|-damage|p1a: Deus|94/100 tox|[from] psn
|upkeep
|turn|7
|
|t:|1663019581
|move|p1a: Deus|Swords Dance|p1a: Deus
|-boost|p1a: Deus|atk|2
|move|p2a: Unburden|Toxic|p1a: Deus
|-fail|p1a: Deus|tox
|
|-heal|p1a: Deus|100/100 tox|[from] item: Leftovers
|-heal|p2a: Unburden|83/100|[from] item: Leftovers
|-damage|p1a: Deus|88/100 tox|[from] psn
|upkeep
|turn|8
|
|t:|1663019589
|move|p1a: Deus|Extreme Speed|p2a: Unburden
|-damage|p2a: Unburden|54/100
|move|p2a: Unburden|Earthquake|p1a: Deus
|-damage|p1a: Deus|67/100 tox
|
|-heal|p1a: Deus|73/100 tox|[from] item: Leftovers
|-heal|p2a: Unburden|60/100|[from] item: Leftovers
|-damage|p1a: Deus|55/100 tox|[from] psn
|upkeep
|turn|9
|
|t:|1663019598
|move|p1a: Deus|Swords Dance|p1a: Deus
|-boost|p1a: Deus|atk|2
|move|p2a: Unburden|Recover|p2a: Unburden
|-heal|p2a: Unburden|100/100
|
|-heal|p1a: Deus|61/100 tox|[from] item: Leftovers
|-damage|p1a: Deus|37/100 tox|[from] psn
|upkeep
|turn|10
|
|t:|1663019606
|move|p2a: Unburden|Protect|p2a: Unburden
|-singleturn|p2a: Unburden|Protect
|move|p1a: Deus|Extreme Speed|p2a: Unburden
|-activate|p2a: Unburden|move: Protect
|
|-heal|p1a: Deus|43/100 tox|[from] item: Leftovers
|-damage|p1a: Deus|13/100 tox|[from] psn
|upkeep
|turn|11
|
|t:|1663019613
|move|p1a: Deus|Extreme Speed|p2a: Unburden
|-damage|p2a: Unburden|71/100
|move|p2a: Unburden|Recover|p2a: Unburden
|-heal|p2a: Unburden|100/100
|
|-heal|p1a: Deus|19/100 tox|[from] item: Leftovers
|-damage|p1a: Deus|0 fnt|[from] psn
|faint|p1a: Deus
|upkeep
|
|t:|1663019618
|switch|p1a: Xerneas|Xerneas|100/100
|-ability|p1a: Xerneas|Fairy Aura
|turn|12
|
|t:|1663019637
|switch|p2a: Necrozma|Necrozma-Dusk-Mane, shiny|100/100
|move|p1a: Xerneas|Geomancy||[still]
|-prepare|p1a: Xerneas|Geomancy
|
|upkeep
|turn|13
|
|t:|1663019650
|move|p1a: Xerneas|Geomancy|p1a: Xerneas|[from]lockedmove
|-boost|p1a: Xerneas|spa|2
|-boost|p1a: Xerneas|spd|2
|-boost|p1a: Xerneas|spe|2
|move|p2a: Necrozma|Sunsteel Strike|p1a: Xerneas
|-supereffective|p1a: Xerneas
|-damage|p1a: Xerneas|0 fnt
|faint|p1a: Xerneas
|
|upkeep
|
|t:|1663019656
|switch|p1a: Titã|Arceus-Ground|100/100
|turn|14
|
|t:|1663019662
|detailschange|p2a: Necrozma|Necrozma-Ultra, shiny
|-burst|p2a: Necrozma|Necrozma|Ultranecrozium Z
|move|p2a: Necrozma|Dragon Dance|p2a: Necrozma
|-boost|p2a: Necrozma|atk|1
|-boost|p2a: Necrozma|spe|1
|-zpower|p1a: Titã
|move|p1a: Titã|Tectonic Rage|p2a: Necrozma|[zeffect]
|-damage|p2a: Necrozma|5/100
|
|upkeep
|turn|15
|
|t:|1663019673
|-zpower|p2a: Necrozma
|move|p2a: Necrozma|Light That Burns the Sky|p1a: Titã|[zeffect]
|-damage|p1a: Titã|0 fnt
|faint|p1a: Titã
|
|upkeep
|
|t:|1663019683
|switch|p1a: Sombra|Marshadow|100/100
|turn|16
|
|t:|1663019695
|move|p2a: Necrozma|Photon Geyser|p1a: Sombra
|-supereffective|p1a: Sombra
|-enditem|p1a: Sombra|Focus Sash
|-damage|p1a: Sombra|1/100
|move|p1a: Sombra|Spectral Thief||[still]
|-clearpositiveboost|p2a: Necrozma|p1a: Sombra|move: Spectral Thief
|-boost|p1a: Sombra|atk|1
|-boost|p1a: Sombra|spe|1
|-anim|p1a: Sombra|Spectral Thief|p2a: Necrozma
|-supereffective|p2a: Necrozma
|-damage|p2a: Necrozma|0 fnt
|faint|p2a: Necrozma
|
|upkeep
|c|☆Seductor Ninja|XD
|
|t:|1663019710
|switch|p2a: Greninja|Greninja, M|100/100
|turn|17
|
|t:|1663019717
|move|p2a: Greninja|Shadow Sneak|p1a: Sombra
|-start|p2a: Greninja|typechange|Ghost|[from] ability: Protean
|-supereffective|p1a: Sombra
|-damage|p1a: Sombra|0 fnt
|faint|p1a: Sombra
|
|win|Seductor Ninja
|raw|Matsui_Miyako's rating: 1710 &rarr; <strong>1686</strong><br />(-24 for losing)
|raw|Seductor Ninja's rating: 1638 &rarr; <strong>1662</strong><br />(+24 for winning)
|l|☆Matsui_Miyako
||Ladder isn't responding, score probably updated but might not have (Request timeout).
|l| Vacuum1234
