|j|☆meepacman
|j|☆Kajohosinokalolar
|t:|1623915825
|gametype|singles
|player|p1|meepacman|psychic-gen4|1094
|player|p2|Kajohosinokalolar|red|1076
|teamsize|p1|6
|teamsize|p2|6
|gen|8
|tier|[Gen 8] National Dex AG
|rated|
|rule|HP Percentage Mod: HP is shown in percentages
|rule|Endless Battle Clause: Forcing endless battles is banned
|clearpoke
|poke|p1|Smeargle, M|
|poke|p1|Spinda, M|
|poke|p1|Spinda, M|
|poke|p1|Spinda, F|
|poke|p1|Spinda, F|
|poke|p1|Spinda, M|
|poke|p2|Venusaur, F|
|poke|p2|Charizard, M|
|poke|p2|Blastoise, M|
|poke|p2|Dragonite, F|
|poke|p2|Lapras, F|
|poke|p2|Snorlax, M|
|teampreview
|
|t:|1623915839
|start
|switch|p1a: Spinda|Spinda, M|100/100
|switch|p2a: Snorlax|Snorlax, M, shiny|100/100
|turn|1
|
|t:|1623915844
|move|p1a: Spinda|Assist|p1a: Spinda
|move|p1a: Spinda|Superpower|p2a: Snorlax|[from]move: Assist
|-supereffective|p2a: Snorlax
|-damage|p2a: Snorlax|34/100
|-boost|p1a: Spinda|atk|1
|-boost|p1a: Spinda|def|1
|move|p2a: Snorlax|Body Press|p1a: Spinda
|-supereffective|p1a: Spinda
|-damage|p1a: Spinda|52/100
|
|upkeep
|turn|2
|
|t:|1623915855
|move|p1a: Spinda|Assist|p1a: Spinda
|move|p1a: Spinda|V-create|p2a: Snorlax|[from]move: Assist
|-damage|p2a: Snorlax|0 fnt
|-boost|p1a: Spinda|spe|1
|-boost|p1a: Spinda|def|1
|-boost|p1a: Spinda|spd|1
|faint|p2a: Snorlax
|
|upkeep
|
|t:|1623915867
|switch|p2a: Venusaur|Venusaur, F, shiny|100/100
|turn|3
|
|t:|1623915870
|move|p1a: Spinda|Assist|p1a: Spinda
|move|p1a: Spinda|V-create|p2a: Venusaur|[from]move: Assist
|-supereffective|p2a: Venusaur
|-damage|p2a: Venusaur|0 fnt
|-boost|p1a: Spinda|spe|1
|-boost|p1a: Spinda|def|1
|-boost|p1a: Spinda|spd|1
|faint|p2a: Venusaur
|
|upkeep
|
|t:|1623915878
|switch|p2a: Charizard|Charizard, M, shiny|100/100
|turn|4
|
|t:|1623915884
|move|p1a: Spinda|Assist|p1a: Spinda
|move|p1a: Spinda|Superpower|p2a: Charizard|[from]move: Assist
|-resisted|p2a: Charizard
|-damage|p2a: Charizard|66/100
|-boost|p1a: Spinda|atk|1
|-boost|p1a: Spinda|def|1
|move|p2a: Charizard|Flamethrower|p1a: Spinda
|-damage|p1a: Spinda|7/100
|
|upkeep
|turn|5
|
|t:|1623915892
|move|p1a: Spinda|Assist|p1a: Spinda
|move|p1a: Spinda|Superpower|p2a: Charizard|[from]move: Assist
|-resisted|p2a: Charizard
|-damage|p2a: Charizard|27/100
|-boost|p1a: Spinda|atk|1
|-boost|p1a: Spinda|def|1
|move|p2a: Charizard|Flamethrower|p1a: Spinda
|-damage|p1a: Spinda|0 fnt
|faint|p1a: Spinda
|
|upkeep
|
|t:|1623915899
|switch|p1a: Spinda|Spinda, F|100/100
|turn|6
|
|t:|1623915903
|move|p1a: Spinda|Assist|p1a: Spinda
|move|p1a: Spinda|V-create|p2a: Charizard|[from]move: Assist
|-resisted|p2a: Charizard
|-damage|p2a: Charizard|5/100
|-boost|p1a: Spinda|spe|1
|-boost|p1a: Spinda|def|1
|-boost|p1a: Spinda|spd|1
|move|p2a: Charizard|Flamethrower|p1a: Spinda
|-damage|p1a: Spinda|35/100
|
|upkeep
|turn|7
|
|t:|1623915911
|move|p1a: Spinda|Assist|p1a: Spinda
|move|p1a: Spinda|V-create|p2a: Charizard|[from]move: Assist
|-resisted|p2a: Charizard
|-damage|p2a: Charizard|0 fnt
|-boost|p1a: Spinda|spe|1
|-boost|p1a: Spinda|def|1
|-boost|p1a: Spinda|spd|1
|faint|p2a: Charizard
|
|upkeep
|
|t:|1623915920
|switch|p2a: Blastoise|Blastoise, M, shiny|100/100
|turn|8
|
|t:|1623915928
|move|p1a: Spinda|Assist|p1a: Spinda
|move|p1a: Spinda|V-create|p2a: Blastoise|[from]move: Assist
|-resisted|p2a: Blastoise
|-damage|p2a: Blastoise|80/100
|-boost|p1a: Spinda|spe|1
|-boost|p1a: Spinda|def|1
|-boost|p1a: Spinda|spd|1
|move|p2a: Blastoise|Hydro Pump|p1a: Spinda|[miss]
|-miss|p2a: Blastoise|p1a: Spinda
|
|upkeep
|turn|9
|
|t:|1623915938
|move|p1a: Spinda|Assist|p1a: Spinda
|move|p1a: Spinda|V-create|p2a: Blastoise|[from]move: Assist
|-resisted|p2a: Blastoise
|-damage|p2a: Blastoise|58/100
|-boost|p1a: Spinda|spe|1
|-boost|p1a: Spinda|def|1
|-boost|p1a: Spinda|spd|1
|move|p2a: Blastoise|Power-Up Punch|p1a: Spinda
|-supereffective|p1a: Spinda
|-damage|p1a: Spinda|21/100
|-boost|p2a: Blastoise|atk|1
|
|upkeep
|turn|10
|
|t:|1623915948
|move|p1a: Spinda|Assist|p1a: Spinda
|move|p1a: Spinda|V-create|p2a: Blastoise|[from]move: Assist
|-resisted|p2a: Blastoise
|-damage|p2a: Blastoise|37/100
|-boost|p1a: Spinda|spe|1
|-boost|p1a: Spinda|def|1
|-boost|p1a: Spinda|spd|1
|move|p2a: Blastoise|Power-Up Punch|p1a: Spinda
|-supereffective|p1a: Spinda
|-damage|p1a: Spinda|2/100
|-boost|p2a: Blastoise|atk|1
|
|upkeep
|turn|11
|
|t:|1623915959
|move|p1a: Spinda|Assist|p1a: Spinda
|move|p1a: Spinda|V-create|p2a: Blastoise|[from]move: Assist
|-resisted|p2a: Blastoise
|-damage|p2a: Blastoise|16/100
|-boost|p1a: Spinda|spe|1
|-boost|p1a: Spinda|def|1
|-boost|p1a: Spinda|spd|1
|move|p2a: Blastoise|Power-Up Punch|p1a: Spinda
|-supereffective|p1a: Spinda
|-damage|p1a: Spinda|0 fnt
|-boost|p2a: Blastoise|atk|1
|faint|p1a: Spinda
|
|upkeep
|
|t:|1623915966
|switch|p1a: Spinda|Spinda, F|100/100
|turn|12
|
|t:|1623915971
|move|p1a: Spinda|Assist|p1a: Spinda
|move|p1a: Spinda|Superpower|p2a: Blastoise|[from]move: Assist
|-damage|p2a: Blastoise|0 fnt
|-boost|p1a: Spinda|atk|1
|-boost|p1a: Spinda|def|1
|faint|p2a: Blastoise
|
|upkeep
|
|t:|1623915978
|switch|p2a: Dragonite|Dragonite, F, shiny|100/100
|turn|13
|
|t:|1623915989
|move|p1a: Spinda|Assist|p1a: Spinda
|move|p1a: Spinda|V-create|p2a: Dragonite|[from]move: Assist
|-resisted|p2a: Dragonite
|-damage|p2a: Dragonite|64/100
|-boost|p1a: Spinda|spe|1
|-boost|p1a: Spinda|def|1
|-boost|p1a: Spinda|spd|1
|-damage|p1a: Spinda|84/100|[from] item: Rocky Helmet|[of] p2a: Dragonite
|move|p2a: Dragonite|Agility|p2a: Dragonite
|-boost|p2a: Dragonite|spe|2
|
|upkeep
|turn|14
|
|t:|1623916002
|move|p1a: Spinda|Assist|p1a: Spinda
|move|p1a: Spinda|V-create|p2a: Dragonite|[from]move: Assist
|-resisted|p2a: Dragonite
|-damage|p2a: Dragonite|29/100
|-boost|p1a: Spinda|spe|1
|-boost|p1a: Spinda|def|1
|-boost|p1a: Spinda|spd|1
|-damage|p1a: Spinda|68/100|[from] item: Rocky Helmet|[of] p2a: Dragonite
|move|p2a: Dragonite|Agility|p2a: Dragonite
|-boost|p2a: Dragonite|spe|2
|
|upkeep
|turn|15
|
|t:|1623916015
|move|p2a: Dragonite|Dragon Claw|p1a: Spinda
|-damage|p1a: Spinda|40/100
|move|p1a: Spinda|Assist|p1a: Spinda
|move|p1a: Spinda|Superpower|p2a: Dragonite|[from]move: Assist
|-resisted|p2a: Dragonite
|-damage|p2a: Dragonite|9/100
|-boost|p1a: Spinda|atk|1
|-boost|p1a: Spinda|def|1
|-damage|p1a: Spinda|23/100|[from] item: Rocky Helmet|[of] p2a: Dragonite
|
|upkeep
|turn|16
|
|t:|1623916037
|move|p2a: Dragonite|Dragon Claw|p1a: Spinda
|-damage|p1a: Spinda|0 fnt
|faint|p1a: Spinda
|
|upkeep
|
|t:|1623916043
|switch|p1a: Spinda|Spinda, M|100/100
|turn|17
|
|t:|1623916046
|move|p2a: Dragonite|Dragon Claw|p1a: Spinda
|-damage|p1a: Spinda|27/100
|move|p1a: Spinda|Assist|p1a: Spinda
|move|p1a: Spinda|Superpower|p2a: Dragonite|[from]move: Assist
|-resisted|p2a: Dragonite
|-damage|p2a: Dragonite|0 fnt
|-boost|p1a: Spinda|atk|1
|-boost|p1a: Spinda|def|1
|-damage|p1a: Spinda|10/100|[from] item: Rocky Helmet|[of] p2a: Dragonite
|faint|p2a: Dragonite
|
|upkeep
|
|t:|1623916056
|switch|p2a: Lapras|Lapras, F, shiny|100/100
|turn|18
|
|t:|1623916061
|move|p1a: Spinda|Assist|p1a: Spinda
|move|p1a: Spinda|V-create|p2a: Lapras|[from]move: Assist
|-damage|p2a: Lapras|21/100
|-boost|p1a: Spinda|spe|1
|-boost|p1a: Spinda|def|1
|-boost|p1a: Spinda|spd|1
|move|p2a: Lapras|Ancient Power|p1a: Spinda
|-damage|p1a: Spinda|0 fnt
|faint|p1a: Spinda
|
|upkeep
|
|t:|1623916065
|switch|p1a: Spinda|Spinda, M|100/100
|turn|19
|
|t:|1623916074
|move|p1a: Spinda|Assist|p1a: Spinda
|move|p1a: Spinda|V-create|p2a: Lapras|[from]move: Assist
|-damage|p2a: Lapras|0 fnt
|-boost|p1a: Spinda|spe|1
|-boost|p1a: Spinda|def|1
|-boost|p1a: Spinda|spd|1
|faint|p2a: Lapras
|
|win|meepacman
|raw|meepacman's rating: 1094 &rarr; <strong>1119</strong><br />(+25 for winning)
|raw|Kajohosinokalolar's rating: 1076 &rarr; <strong>1056</strong><br />(-20 for losing)
