|j|☆jerryl309
|j|☆ImAbroom
|t:|1608523728
|player|p1|jerryl309|dragontamer|
|player|p2|ImAbroom|red|
|teamsize|p1|6
|teamsize|p2|6
|gametype|singles
|gen|8
|tier|[Gen 8] National Dex AG
|rated|Tournament battle
|clearpoke
|poke|p1|Rayquaza|
|poke|p1|Arceus-*|
|poke|p1|Kyogre|
|poke|p1|Necrozma-Dusk-Mane|
|poke|p1|Arceus-*|
|poke|p1|Zacian-Crowned|
|poke|p2|Rayquaza|
|poke|p2|Xerneas|
|poke|p2|Zacian-Crowned|
|poke|p2|Zygarde|
|poke|p2|Groudon|
|poke|p2|Ho-Oh|
|rule|HP Percentage Mod: HP is shown in percentages
|rule|Endless Battle Clause: Forcing endless battles is banned
|teampreview
|j| skylink42@!
|inactive|Battle timer is ON: inactive players will automatically lose when time's up. (requested by ImAbroom)
|
|t:|1608523737
|start
|switch|p1a: Kyogre|Kyogre|100/100
|switch|p2a: Upper Moon 3|Zacian-Crowned|100/100
|-ability|p2a: Upper Moon 3|Intrepid Sword|boost
|-boost|p2a: Upper Moon 3|atk|1
|detailschange|p1a: Kyogre|Kyogre-Primal
|-primal|p1a: Kyogre
|-weather|PrimordialSea|[from] ability: Primordial Sea|[of] p1a: Kyogre
|turn|1
|
|t:|1608523740
|switch|p2a: Upper Moon 5|Groudon|100/100
|detailschange|p2a: Upper Moon 5|Groudon-Primal
|-primal|p2a: Upper Moon 5
|-weather|DesolateLand|[from] ability: Desolate Land|[of] p2a: Upper Moon 5
|switch|p1a: Necrozma|Necrozma-Dusk-Mane|100/100
|
|-weather|DesolateLand|[upkeep]
|upkeep
|turn|2
|
|t:|1608523742
|switch|p1a: Arceus|Arceus-Ground|100/100
|move|p2a: Upper Moon 5|Rock Tomb|p1a: Arceus
|-resisted|p1a: Arceus
|-damage|p1a: Arceus|94/100
|-unboost|p1a: Arceus|spe|1
|
|-weather|DesolateLand|[upkeep]
|upkeep
|turn|3
|
|t:|1608523752
|-weather|none
|switch|p2a: Upper Moon 6|Ho-Oh|100/100
|move|p1a: Arceus|Judgment|p2a: Upper Moon 6
|-immune|p2a: Upper Moon 6
|
|upkeep
|turn|4
|
|t:|1608523760
|switch|p1a: Kyogre|Kyogre-Primal|100/100
|-weather|PrimordialSea|[from] ability: Primordial Sea|[of] p1a: Kyogre
|move|p2a: Upper Moon 6|Toxic|p1a: Kyogre
|-status|p1a: Kyogre|tox
|
|-weather|PrimordialSea|[upkeep]
|-damage|p1a: Kyogre|94/100 tox|[from] psn
|upkeep
|turn|5
|
|t:|1608523765
|switch|p2a: Upper Moon 5|Groudon-Primal|100/100
|-weather|DesolateLand|[from] ability: Desolate Land|[of] p2a: Upper Moon 5
|move|p1a: Kyogre|Ice Beam|p2a: Upper Moon 5
|-damage|p2a: Upper Moon 5|55/100
|
|-weather|DesolateLand|[upkeep]
|-damage|p1a: Kyogre|82/100 tox|[from] psn
|upkeep
|turn|6
|j| darkmonita567
|
|t:|1608523772
|switch|p1a: Arceus|Arceus-Ground|94/100
|move|p2a: Upper Moon 5|Rock Tomb|p1a: Arceus
|-resisted|p1a: Arceus
|-damage|p1a: Arceus|88/100
|-unboost|p1a: Arceus|spe|1
|
|-weather|DesolateLand|[upkeep]
|upkeep
|turn|7
|
|t:|1608523775
|move|p2a: Upper Moon 5|Stealth Rock|p1a: Arceus
|-sidestart|p1: jerryl309|move: Stealth Rock
|move|p1a: Arceus|Recover|p1a: Arceus
|-heal|p1a: Arceus|100/100
|
|-weather|DesolateLand|[upkeep]
|upkeep
|turn|8
|j| Transform Chansey
|
|t:|1608523782
|-weather|none
|switch|p2a: Upper Moon 6|Ho-Oh|100/100
|move|p1a: Arceus|Defog|p2a: Upper Moon 6
|-unboost|p2a: Upper Moon 6|evasion|1
|-sideend|p1: jerryl309|Stealth Rock|[from] move: Defog|[of] p1a: Arceus
|
|upkeep
|turn|9
|j| POKE.mh
|j| Discoii
|c| POKE.mh|broom broom
|
|t:|1608523798
|switch|p1a: Kyogre|Kyogre-Primal|82/100 tox
|-weather|PrimordialSea|[from] ability: Primordial Sea|[of] p1a: Kyogre
|move|p2a: Upper Moon 6|Toxic|p1a: Kyogre
|-fail|p1a: Kyogre|tox
|
|-weather|PrimordialSea|[upkeep]
|-damage|p1a: Kyogre|76/100 tox|[from] psn
|upkeep
|turn|10
|
|t:|1608523803
|switch|p2a: Upper Moon 5|Groudon-Primal|55/100
|-weather|DesolateLand|[from] ability: Desolate Land|[of] p2a: Upper Moon 5
|move|p1a: Kyogre|Ice Beam|p2a: Upper Moon 5
|-damage|p2a: Upper Moon 5|10/100
|
|-weather|DesolateLand|[upkeep]
|-damage|p1a: Kyogre|64/100 tox|[from] psn
|upkeep
|turn|11
|
|t:|1608523809
|switch|p1a: Arceus|Arceus-Ground|100/100
|move|p2a: Upper Moon 5|Rock Tomb|p1a: Arceus
|-resisted|p1a: Arceus
|-damage|p1a: Arceus|94/100
|-unboost|p1a: Arceus|spe|1
|
|-weather|DesolateLand|[upkeep]
|upkeep
|turn|12
|j|%Nevelle
|c| Discoii|The other day
|
|t:|1608523814
|move|p2a: Upper Moon 5|Stealth Rock|p1a: Arceus
|-sidestart|p1: jerryl309|move: Stealth Rock
|move|p1a: Arceus|Ice Beam|p2a: Upper Moon 5
|-damage|p2a: Upper Moon 5|0 fnt
|faint|p2a: Upper Moon 5
|-weather|none
|
|upkeep
|
|t:|1608523817
|switch|p2a: Upper Moon 2|Xerneas|100/100
|-ability|p2a: Upper Moon 2|Fairy Aura
|turn|13
|c|☆jerryl309|broom is so kool
|c| Discoii|Sd arceus sweeped brrom
|c| Discoii|* broom
|
|t:|1608523829
|move|p2a: Upper Moon 2|Geomancy||[still]
|-prepare|p2a: Upper Moon 2|Geomancy
|-enditem|p2a: Upper Moon 2|Power Herb
|-anim|p2a: Upper Moon 2|Geomancy|p2a: Upper Moon 2
|-boost|p2a: Upper Moon 2|spa|2
|-boost|p2a: Upper Moon 2|spd|2
|-boost|p2a: Upper Moon 2|spe|2
|move|p1a: Arceus|Judgment|p2a: Upper Moon 2
|-damage|p2a: Upper Moon 2|82/100
|
|upkeep
|turn|14
|
|t:|1608523837
|switch|p1a: Kyogre|Kyogre-Primal|64/100 tox
|-damage|p1a: Kyogre|52/100 tox|[from] Stealth Rock
|-weather|PrimordialSea|[from] ability: Primordial Sea|[of] p1a: Kyogre
|-start|p2a: Upper Moon 2|Dynamax
|-heal|p2a: Upper Moon 2|82/100|[silent]
|move|p2a: Upper Moon 2|Max Starfall|p1a: Kyogre
|-damage|p1a: Kyogre|0 fnt
|-fieldstart|move: Misty Terrain
|faint|p1a: Kyogre
|-weather|none
|
|upkeep
|
|t:|1608523842
|switch|p1a: Zacian|Zacian-Crowned|100/100
|-damage|p1a: Zacian|94/100|[from] Stealth Rock
|-ability|p1a: Zacian|Intrepid Sword|boost
|-boost|p1a: Zacian|atk|1
|turn|15
|
|t:|1608523844
|switch|p1a: Rayquaza|Rayquaza|100/100
|-damage|p1a: Rayquaza|76/100|[from] Stealth Rock
|-ability|p1a: Rayquaza|Air Lock
|move|p2a: Upper Moon 2|Max Lightning|p1a: Rayquaza
|-damage|p1a: Rayquaza|0 fnt
|-fieldstart|move: Electric Terrain
|faint|p1a: Rayquaza
|
|upkeep
|c| darkmonita567|you guys are so weird
|c| darkmonita567|calling imabroom good?
|c|☆jerryl309|;
|c| darkmonita567|what happened
|
|t:|1608523854
|switch|p1a: Necrozma|Necrozma-Dusk-Mane|100/100
|-damage|p1a: Necrozma|94/100|[from] Stealth Rock
|turn|16
|c| Transform Chansey|what was that
|
|t:|1608523859
|-start|p1a: Necrozma|Dynamax
|-heal|p1a: Necrozma|94/100|[silent]
|move|p2a: Upper Moon 2|Max Starfall|p1a: Necrozma
|-resisted|p1a: Necrozma
|-damage|p1a: Necrozma|57/100
|-fieldstart|move: Misty Terrain
|move|p1a: Necrozma|Max Steelspike|p2a: Upper Moon 2
|-supereffective|p2a: Upper Moon 2
|-damage|p2a: Upper Moon 2|29/100
|-boost|p1a: Necrozma|def|1
|
|-end|p2a: Upper Moon 2|Dynamax
|-heal|p2a: Upper Moon 2|29/100|[silent]
|upkeep
|turn|17
|c|☆jerryl309|mans not running hp fire
|
|t:|1608523869
|move|p2a: Upper Moon 2|Thunder|p1a: Necrozma|[miss]
|-miss|p2a: Upper Moon 2|p1a: Necrozma
|move|p1a: Necrozma|Max Steelspike|p2a: Upper Moon 2
|-supereffective|p2a: Upper Moon 2
|-damage|p2a: Upper Moon 2|0 fnt
|-boost|p1a: Necrozma|def|1
|faint|p2a: Upper Moon 2
|
|upkeep
|
|t:|1608523872
|switch|p2a: Upper Moon 4|Zygarde|100/100
|turn|18
|
|t:|1608523876
|-end|p1a: Necrozma|Dynamax
|-heal|p1a: Necrozma|57/100|[silent]
|switch|p1a: Arceus|Arceus-Ground|94/100
|-damage|p1a: Arceus|88/100|[from] Stealth Rock
|move|p2a: Upper Moon 4|Substitute|p2a: Upper Moon 4
|-start|p2a: Upper Moon 4|Substitute
|-damage|p2a: Upper Moon 4|76/100
|
|-heal|p2a: Upper Moon 4|82/100|[from] item: Leftovers
|upkeep
|turn|19
|c| darkmonita567|damn
|
|t:|1608523881
|move|p1a: Arceus|Ice Beam|p2a: Upper Moon 4
|-supereffective|p2a: Upper Moon 4
|-end|p2a: Upper Moon 4|Substitute
|move|p2a: Upper Moon 4|Dragon Dance|p2a: Upper Moon 4
|-boost|p2a: Upper Moon 4|atk|1
|-boost|p2a: Upper Moon 4|spe|1
|
|-heal|p2a: Upper Moon 4|88/100|[from] item: Leftovers
|upkeep
|turn|20
|c| Discoii|No room for wonder room otherwise
|
|t:|1608523883
|move|p2a: Upper Moon 4|Substitute|p2a: Upper Moon 4
|-start|p2a: Upper Moon 4|Substitute
|-damage|p2a: Upper Moon 4|63/100
|move|p1a: Arceus|Ice Beam|p2a: Upper Moon 4
|-supereffective|p2a: Upper Moon 4
|-end|p2a: Upper Moon 4|Substitute
|
|-heal|p2a: Upper Moon 4|69/100|[from] item: Leftovers
|-fieldend|Misty Terrain
|upkeep
|turn|21
|
|t:|1608523887
|move|p2a: Upper Moon 4|Substitute|p2a: Upper Moon 4
|-start|p2a: Upper Moon 4|Substitute
|-damage|p2a: Upper Moon 4|45/100
|move|p1a: Arceus|Ice Beam|p2a: Upper Moon 4
|-supereffective|p2a: Upper Moon 4
|-end|p2a: Upper Moon 4|Substitute
|
|-heal|p2a: Upper Moon 4|51/100|[from] item: Leftovers
|upkeep
|turn|22
|c| POKE.mh|^
|
|t:|1608523890
|move|p2a: Upper Moon 4|Substitute|p2a: Upper Moon 4
|-start|p2a: Upper Moon 4|Substitute
|-damage|p2a: Upper Moon 4|26/100
|move|p1a: Arceus|Ice Beam|p2a: Upper Moon 4
|-supereffective|p2a: Upper Moon 4
|-end|p2a: Upper Moon 4|Substitute
|
|-heal|p2a: Upper Moon 4|32/100|[from] item: Leftovers
|-activate|p2a: Upper Moon 4|ability: Power Construct
|detailschange|p2a: Upper Moon 4|Zygarde-Complete
|-heal|p2a: Upper Moon 4|55/100|[silent]
|upkeep
|turn|23
|
|t:|1608523892
|move|p2a: Upper Moon 4|Glare|p1a: Arceus
|-status|p1a: Arceus|par
|move|p1a: Arceus|Ice Beam|p2a: Upper Moon 4
|-supereffective|p2a: Upper Moon 4
|-damage|p2a: Upper Moon 4|4/100
|
|-heal|p2a: Upper Moon 4|11/100|[from] item: Leftovers
|upkeep
|turn|24
|
|t:|1608523898
|move|p2a: Upper Moon 4|Thousand Arrows|p1a: Arceus
|-damage|p1a: Arceus|64/100 par
|cant|p1a: Arceus|par
|
|-heal|p2a: Upper Moon 4|17/100|[from] item: Leftovers
|upkeep
|turn|25
|c|%Nevelle|classic
|
|t:|1608523905
|move|p2a: Upper Moon 4|Dragon Dance|p2a: Upper Moon 4
|-boost|p2a: Upper Moon 4|atk|1
|-boost|p2a: Upper Moon 4|spe|1
|move|p1a: Arceus|Recover|p1a: Arceus
|-heal|p1a: Arceus|100/100 par
|
|-heal|p2a: Upper Moon 4|23/100|[from] item: Leftovers
|upkeep
|turn|26
|c| darkmonita567|then he reveals dd-glare-sub-rest
|
|t:|1608523909
|move|p2a: Upper Moon 4|Thousand Arrows|p1a: Arceus
|-damage|p1a: Arceus|71/100 par
|move|p1a: Arceus|Defog|p2a: Upper Moon 4
|-unboost|p2a: Upper Moon 4|evasion|1
|-sideend|p1: jerryl309|Stealth Rock|[from] move: Defog|[of] p1a: Arceus
|
|-heal|p2a: Upper Moon 4|29/100|[from] item: Leftovers
|upkeep
|turn|27
|c| Discoii|Chad
|
|t:|1608523930
|move|p2a: Upper Moon 4|Thousand Arrows|p1a: Arceus
|-damage|p1a: Arceus|39/100 par
|cant|p1a: Arceus|par
|
|-heal|p2a: Upper Moon 4|35/100|[from] item: Leftovers
|upkeep
|turn|28
|l| POKE.mh
|l| Discoii
|j| Afdvsc
|
|t:|1608523953
|move|p2a: Upper Moon 4|Dragon Dance|p2a: Upper Moon 4
|-boost|p2a: Upper Moon 4|atk|1
|-boost|p2a: Upper Moon 4|spe|1
|move|p1a: Arceus|Recover|p1a: Arceus
|-heal|p1a: Arceus|89/100 par
|
|-heal|p2a: Upper Moon 4|41/100|[from] item: Leftovers
|upkeep
|turn|29
|
|t:|1608523961
|move|p2a: Upper Moon 4|Substitute|p2a: Upper Moon 4
|-start|p2a: Upper Moon 4|Substitute
|-damage|p2a: Upper Moon 4|16/100
|move|p1a: Arceus|Ice Beam|p2a: Upper Moon 4
|-supereffective|p2a: Upper Moon 4
|-end|p2a: Upper Moon 4|Substitute
|
|-heal|p2a: Upper Moon 4|23/100|[from] item: Leftovers
|upkeep
|turn|30
|
|t:|1608523966
|move|p2a: Upper Moon 4|Thousand Arrows|p1a: Arceus
|-damage|p1a: Arceus|53/100 par
|cant|p1a: Arceus|par
|
|-heal|p2a: Upper Moon 4|29/100|[from] item: Leftovers
|upkeep
|turn|31
|
|t:|1608523971
|move|p2a: Upper Moon 4|Substitute|p2a: Upper Moon 4
|-start|p2a: Upper Moon 4|Substitute
|-damage|p2a: Upper Moon 4|4/100
|move|p1a: Arceus|Recover|p1a: Arceus
|-heal|p1a: Arceus|100/100 par
|
|-heal|p2a: Upper Moon 4|10/100|[from] item: Leftovers
|upkeep
|turn|32
|c|☆jerryl309|sigh
|
|t:|1608523974
|move|p2a: Upper Moon 4|Thousand Arrows|p1a: Arceus
|-damage|p1a: Arceus|59/100 par
|cant|p1a: Arceus|par
|
|-heal|p2a: Upper Moon 4|16/100|[from] item: Leftovers
|upkeep
|turn|33
|c|%Nevelle|;
|
|t:|1608523981
|move|p2a: Upper Moon 4|Dragon Dance|p2a: Upper Moon 4
|-boost|p2a: Upper Moon 4|atk|1
|-boost|p2a: Upper Moon 4|spe|1
|move|p1a: Arceus|Ice Beam|p2a: Upper Moon 4
|-supereffective|p2a: Upper Moon 4
|-end|p2a: Upper Moon 4|Substitute
|
|-heal|p2a: Upper Moon 4|22/100|[from] item: Leftovers
|upkeep
|turn|34
|
|t:|1608523984
|move|p2a: Upper Moon 4|Thousand Arrows|p1a: Arceus
|-damage|p1a: Arceus|15/100 par
|move|p1a: Arceus|Ice Beam|p2a: Upper Moon 4
|-supereffective|p2a: Upper Moon 4
|-crit|p2a: Upper Moon 4
|-damage|p2a: Upper Moon 4|0 fnt
|faint|p2a: Upper Moon 4
|
|upkeep
|c|☆jerryl309|finally
|c|☆jerryl309|jesus
|
|t:|1608524008
|switch|p2a: Upper Moon 1|Rayquaza|100/100
|-ability|p2a: Upper Moon 1|Air Lock
|turn|35
|
|t:|1608524011
|detailschange|p2a: Upper Moon 1|Rayquaza-Mega
|-mega|p2a: Upper Moon 1|Rayquaza|
|-weather|DeltaStream|[from] ability: Delta Stream|[of] p2a: Upper Moon 1
|move|p2a: Upper Moon 1|Dragon Dance|p2a: Upper Moon 1
|-boost|p2a: Upper Moon 1|atk|1
|-boost|p2a: Upper Moon 1|spe|1
|cant|p1a: Arceus|par
|
|-weather|DeltaStream|[upkeep]
|upkeep
|turn|36
|
|t:|1608524014
|move|p2a: Upper Moon 1|Earthquake|p1a: Arceus
|-damage|p1a: Arceus|0 fnt
|faint|p1a: Arceus
|
|-weather|DeltaStream|[upkeep]
|upkeep
|c|☆jerryl309|ok
|c|☆jerryl309|just
|c|☆jerryl309|para me
|c|☆jerryl309|1 million times
|
|t:|1608524027
|switch|p1a: Arceus|Arceus-Ground|100/100
|turn|37
|
|t:|1608524030
|move|p2a: Upper Moon 1|Dragon Ascent|p1a: Arceus
|-damage|p1a: Arceus|4/100
|-unboost|p2a: Upper Moon 1|def|1
|-unboost|p2a: Upper Moon 1|spd|1
|move|p1a: Arceus|Stone Edge|p2a: Upper Moon 1
|-activate||deltastream
|-damage|p2a: Upper Moon 1|43/100
|
|-weather|DeltaStream|[upkeep]
|upkeep
|turn|38
|
|t:|1608524034
|move|p2a: Upper Moon 1|Extreme Speed|p1a: Arceus
|-damage|p1a: Arceus|0 fnt
|faint|p1a: Arceus
|
|-weather|DeltaStream|[upkeep]
|upkeep
|
|t:|1608524038
|switch|p1a: Zacian|Zacian-Crowned|94/100
|-ability|p1a: Zacian|Intrepid Sword|boost
|-boost|p1a: Zacian|atk|1
|turn|39
|
|t:|1608524041
|move|p2a: Upper Moon 1|Earthquake|p1a: Zacian
|-supereffective|p1a: Zacian
|-damage|p1a: Zacian|0 fnt
|faint|p1a: Zacian
|
|-weather|DeltaStream|[upkeep]
|upkeep
|c|☆jerryl309|sigh
|-message|jerryl309 forfeited.
|
|win|ImAbroom
|n|☆jerryl309|jerryl309
|n|☆ImAbroom|imabroom
|n| skylink42@!|skylink42
|n| darkmonita567|darkmonita567
|n| Transform Chansey|transformchansey
|n| Nevelle|nevelle
|n| Afdvsc|afdvsc
