|j|☆PM77Switch
|j|☆mista_j235
|t:|1619534034
|gametype|singles
|player|p1|PM77Switch|1|1252
|player|p2|mista_j235|102|1540
|teamsize|p1|6
|teamsize|p2|6
|gen|8
|tier|[Gen 8] National Dex AG
|rated|
|clearpoke
|poke|p1|Arceus-*|
|poke|p1|Groudon|
|poke|p1|Lucario, F|
|poke|p1|Mew|
|poke|p1|Landorus-Therian, M|
|poke|p1|Xerneas|
|poke|p2|Calyrex-Shadow|
|poke|p2|Rayquaza|
|poke|p2|Zacian-Crowned|
|poke|p2|Groudon|
|poke|p2|Yveltal|
|poke|p2|Pyukumuku, M|
|rule|HP Percentage Mod: HP is shown in percentages
|rule|Endless Battle Clause: Forcing endless battles is banned
|teampreview
|inactive|Battle timer is ON: inactive players will automatically lose when time's up. (requested by PM77Switch)
|
|t:|1619534055
|start
|switch|p1a: Mew|Mew, shiny|100/100
|switch|p2a: Groudon|Groudon|100/100
|detailschange|p2a: Groudon|Groudon-Primal
|-primal|p2a: Groudon
|-weather|DesolateLand|[from] ability: Desolate Land|[of] p2a: Groudon
|turn|1
|
|t:|1619534063
|move|p1a: Mew|Stealth Rock|p2a: Groudon
|-sidestart|p2: mista_j235|move: Stealth Rock
|move|p2a: Groudon|Stealth Rock|p1a: Mew
|-sidestart|p1: PM77Switch|move: Stealth Rock
|
|-weather|DesolateLand|[upkeep]
|upkeep
|turn|2
|
|t:|1619534069
|move|p1a: Mew|Psychic|p2a: Groudon
|-damage|p2a: Groudon|51/100
|move|p2a: Groudon|Rock Polish|p2a: Groudon
|-boost|p2a: Groudon|spe|2
|
|-weather|DesolateLand|[upkeep]
|upkeep
|turn|3
|
|t:|1619534075
|move|p2a: Groudon|Precipice Blades|p1a: Mew|[miss]
|-miss|p2a: Groudon|p1a: Mew
|move|p1a: Mew|Psychic|p2a: Groudon
|-damage|p2a: Groudon|1/100
|
|-weather|DesolateLand|[upkeep]
|upkeep
|turn|4
|
|t:|1619534081
|move|p2a: Groudon|Precipice Blades|p1a: Mew|[miss]
|-miss|p2a: Groudon|p1a: Mew
|move|p1a: Mew|Psychic|p2a: Groudon
|-damage|p2a: Groudon|0 fnt
|faint|p2a: Groudon
|-weather|none
|
|upkeep
|c|☆PM77Switch|unlucky
|
|t:|1619534091
|switch|p2a: Yveltal|Yveltal|100/100
|-damage|p2a: Yveltal|75/100|[from] Stealth Rock
|-ability|p2a: Yveltal|Dark Aura
|turn|5
|
|t:|1619534098
|move|p1a: Mew|Flip Turn|p2a: Yveltal
|-damage|p2a: Yveltal|64/100
|
|t:|1619534108
|switch|p1a: Xerneas|Xerneas, shiny|100/100|[from]move: Flip Turn
|-damage|p1a: Xerneas|88/100|[from] Stealth Rock
|-ability|p1a: Xerneas|Fairy Aura
|move|p2a: Yveltal|Dark Pulse|p1a: Xerneas
|-resisted|p1a: Xerneas
|-damage|p1a: Xerneas|60/100
|
|-heal|p2a: Yveltal|70/100|[from] item: Leftovers
|upkeep
|turn|6
|
|t:|1619534121
|move|p1a: Xerneas|Geomancy||[still]
|-prepare|p1a: Xerneas|Geomancy
|-enditem|p1a: Xerneas|Power Herb
|-anim|p1a: Xerneas|Geomancy|p1a: Xerneas
|-boost|p1a: Xerneas|spa|2
|-boost|p1a: Xerneas|spd|2
|-boost|p1a: Xerneas|spe|2
|move|p2a: Yveltal|Taunt|p1a: Xerneas
|-start|p1a: Xerneas|move: Taunt
|
|-heal|p2a: Yveltal|76/100|[from] item: Leftovers
|upkeep
|turn|7
|
|t:|1619534131
|move|p2a: Yveltal|Sucker Punch|p1a: Xerneas
|-resisted|p1a: Xerneas
|-damage|p1a: Xerneas|41/100
|move|p1a: Xerneas|Flash Cannon|p2a: Yveltal
|-damage|p2a: Yveltal|37/100
|-unboost|p2a: Yveltal|spd|1
|
|-heal|p2a: Yveltal|43/100|[from] item: Leftovers
|upkeep
|turn|8
|
|t:|1619534139
|move|p2a: Yveltal|Sucker Punch|p1a: Xerneas
|-resisted|p1a: Xerneas
|-damage|p1a: Xerneas|23/100
|move|p1a: Xerneas|Flash Cannon|p2a: Yveltal
|-damage|p2a: Yveltal|0 fnt
|faint|p2a: Yveltal
|
|upkeep
|
|t:|1619534146
|switch|p2a: Pyukumuku|Pyukumuku, M|100/100
|-damage|p2a: Pyukumuku|88/100|[from] Stealth Rock
|turn|9
|
|t:|1619534151
|move|p1a: Xerneas|Thunderbolt|p2a: Pyukumuku
|-supereffective|p2a: Pyukumuku
|-damage|p2a: Pyukumuku|33/100
|move|p2a: Pyukumuku|Toxic|p1a: Xerneas
|-status|p1a: Xerneas|tox
|
|-heal|p2a: Pyukumuku|39/100|[from] item: Leftovers
|-damage|p1a: Xerneas|17/100 tox|[from] psn
|-end|p1a: Xerneas|move: Taunt
|upkeep
|turn|10
|
|t:|1619534172
|switch|p2a: Rayquaza|Rayquaza|100/100
|-damage|p2a: Rayquaza|76/100|[from] Stealth Rock
|-ability|p2a: Rayquaza|Air Lock
|move|p1a: Xerneas|Thunderbolt|p2a: Rayquaza
|-damage|p2a: Rayquaza|10/100
|
|-damage|p1a: Xerneas|5/100 tox|[from] psn
|upkeep
|turn|11
|
|t:|1619534182
|detailschange|p2a: Rayquaza|Rayquaza-Mega
|-mega|p2a: Rayquaza|Rayquaza|
|-weather|DeltaStream|[from] ability: Delta Stream|[of] p2a: Rayquaza
|move|p2a: Rayquaza|Extreme Speed|p1a: Xerneas
|-damage|p1a: Xerneas|0 fnt
|-damage|p2a: Rayquaza|0 fnt|[from] item: Life Orb
|faint|p1a: Xerneas
|faint|p2a: Rayquaza
|-weather|none
|
|upkeep
|
|t:|1619534197
|switch|p2a: Pyukumuku|Pyukumuku, M|39/100
|switch|p1a: Landorus|Landorus-Therian, M|100/100
|-damage|p1a: Landorus|88/100|[from] Stealth Rock
|-ability|p1a: Landorus|Intimidate|boost
|-unboost|p2a: Pyukumuku|atk|1
|-damage|p2a: Pyukumuku|26/100|[from] Stealth Rock
|turn|12
|
|t:|1619534205
|-zpower|p1a: Landorus
|move|p1a: Landorus|Supersonic Skystrike|p2a: Pyukumuku|[zeffect]
|-crit|p2a: Pyukumuku
|-damage|p2a: Pyukumuku|0 fnt
|faint|p2a: Pyukumuku
|
|upkeep
|
|t:|1619534213
|switch|p2a: Calyrex|Calyrex-Shadow|100/100
|-ability|p2a: Calyrex|As One
|-ability|p2a: Calyrex|Unnerve
|-damage|p2a: Calyrex|88/100|[from] Stealth Rock
|turn|13
|
|t:|1619534220
|move|p2a: Calyrex|Astral Barrage|p1a: Landorus
|-damage|p1a: Landorus|0 fnt
|faint|p1a: Landorus
|-ability|p2a: Calyrex|Grim Neigh|boost
|-boost|p2a: Calyrex|spa|1
|
|upkeep
|
|t:|1619534238
|switch|p1a: Groudon|Groudon, shiny|100/100
|-damage|p1a: Groudon|94/100|[from] Stealth Rock
|detailschange|p1a: Groudon|Groudon-Primal, shiny
|-primal|p1a: Groudon
|-weather|DesolateLand|[from] ability: Desolate Land|[of] p1a: Groudon
|turn|14
|
|t:|1619534245
|move|p2a: Calyrex|Astral Barrage|p1a: Groudon
|-damage|p1a: Groudon|0 fnt
|faint|p1a: Groudon
|-weather|none
|-ability|p2a: Calyrex|Grim Neigh|boost
|-boost|p2a: Calyrex|spa|1
|
|upkeep
|
|t:|1619534252
|switch|p1a: Lucario|Lucario, F, shiny|100/100
|-damage|p1a: Lucario|98/100|[from] Stealth Rock
|turn|15
|
|t:|1619534257
|switch|p1a: Arceus|Arceus|100/100
|-damage|p1a: Arceus|88/100|[from] Stealth Rock
|move|p2a: Calyrex|Astral Barrage|p1a: Arceus
|-immune|p1a: Arceus
|
|upkeep
|turn|16
|
|t:|1619534269
|move|p2a: Calyrex|Dark Pulse|p1a: Arceus
|-damage|p1a: Arceus|39/100
|move|p1a: Arceus|Flamethrower|p2a: Calyrex
|-damage|p2a: Calyrex|46/100
|-damage|p1a: Arceus|29/100|[from] item: Life Orb
|
|upkeep
|turn|17
|
|t:|1619534289
|-start|p1a: Arceus|Dynamax
|-heal|p1a: Arceus|29/100|[silent]
|move|p2a: Calyrex|Draining Kiss|p1a: Arceus
|-damage|p1a: Arceus|12/100
|-heal|p2a: Calyrex|75/100|[from] drain|[of] p1a: Arceus
|move|p1a: Arceus|Max Flare|p2a: Calyrex
|-damage|p2a: Calyrex|24/100
|-weather|SunnyDay
|-damage|p1a: Arceus|7/100|[from] item: Life Orb
|
|-weather|SunnyDay|[upkeep]
|upkeep
|turn|18
|
|t:|1619534302
|move|p2a: Calyrex|Draining Kiss|p1a: Arceus
|-damage|p1a: Arceus|0 fnt
|-heal|p2a: Calyrex|34/100|[from] drain|[of] p1a: Arceus
|faint|p1a: Arceus
|-ability|p2a: Calyrex|Grim Neigh|boost
|-boost|p2a: Calyrex|spa|1
|
|-weather|SunnyDay|[upkeep]
|upkeep
|
|t:|1619534310
|switch|p1a: Lucario|Lucario, F, shiny|98/100
|-damage|p1a: Lucario|95/100|[from] Stealth Rock
|turn|19
|c|☆mista_j235|gg?
|
|t:|1619534316
|detailschange|p1a: Lucario|Lucario-Mega, F, shiny
|-mega|p1a: Lucario|Lucario|Lucarionite
|move|p1a: Lucario|Bullet Punch|p2a: Calyrex
|-damage|p2a: Calyrex|5/100
|move|p2a: Calyrex|Astral Barrage|p1a: Lucario
|-damage|p1a: Lucario|0 fnt
|faint|p1a: Lucario
|-ability|p2a: Calyrex|Grim Neigh|boost
|-boost|p2a: Calyrex|spa|1
|
|-weather|SunnyDay|[upkeep]
|upkeep
|c|☆PM77Switch|gg
|
|t:|1619534330
|switch|p1a: Mew|Mew, shiny|100/100
|-damage|p1a: Mew|88/100|[from] Stealth Rock
|turn|20
|
|t:|1619534336
|move|p2a: Calyrex|Astral Barrage|p1a: Mew
|-supereffective|p1a: Mew
|-damage|p1a: Mew|0 fnt
|faint|p1a: Mew
|
|win|mista_j235
|raw|PM77Switch's rating: 1252 &rarr; <strong>1244</strong><br />(-8 for losing)
|raw|mista_j235's rating: 1540 &rarr; <strong>1546</strong><br />(+6 for winning)
|l|☆PM77Switch
