|j|☆harsh634
|j|☆UnovaWorkersParty
|inactive|Battle timer is ON: inactive players will automatically lose when time's up.
|t:|1664455078
|gametype|singles
|player|p1|harsh634|red|
|player|p2|UnovaWorkersParty|skierf|
|teamsize|p1|6
|teamsize|p2|6
|gen|8
|tier|[Gen 8] National Dex AG
|rated|Tournament battle
|rule|HP Percentage Mod: HP is shown in percentages
|rule|Endless Battle Clause: Forcing endless battles is banned
|clearpoke
|poke|p1|Mewtwo|
|poke|p1|Tyranitar, M|
|poke|p1|Ferrothorn, M|
|poke|p1|Ho-Oh|
|poke|p1|Arceus-*|
|poke|p1|Ditto|
|poke|p2|Arceus-*|
|poke|p2|Rayquaza|
|poke|p2|Groudon|
|poke|p2|Necrozma-Dusk-Mane|
|poke|p2|Yveltal|
|poke|p2|Arceus-*|
|teampreview
|inactive|harsh634 also wants the timer to be on.
|inactive|UnovaWorkersParty also wants the timer to be on.
|c|☆UnovaWorkersParty|gl hf
|c|☆harsh634|u 2
|
|t:|1664455088
|start
|switch|p1a: Arceus|Arceus-Ground|100/100
|switch|p2a: Arceus|Arceus-Dragon|100/100
|turn|1
|
|t:|1664455094
|move|p2a: Arceus|Magic Coat|p2a: Arceus
|-singleturn|p2a: Arceus|move: Magic Coat
|move|p1a: Arceus|Ice Beam|p2a: Arceus
|-supereffective|p2a: Arceus
|-damage|p2a: Arceus|62/100
|
|upkeep
|turn|2
|
|t:|1664455100
|move|p2a: Arceus|Stealth Rock|p1a: Arceus
|-sidestart|p1: harsh634|move: Stealth Rock
|move|p1a: Arceus|Ice Beam|p2a: Arceus
|-supereffective|p2a: Arceus
|-damage|p2a: Arceus|27/100
|
|upkeep
|turn|3
|
|t:|1664455107
|switch|p2a: Groudon|Groudon|100/100
|detailschange|p2a: Groudon|Groudon-Primal
|-primal|p2a: Groudon
|-weather|DesolateLand|[from] ability: Desolate Land|[of] p2a: Groudon
|move|p1a: Arceus|Ice Beam|p2a: Groudon
|-damage|p2a: Groudon|81/100
|
|-weather|DesolateLand|[upkeep]
|upkeep
|turn|4
|
|t:|1664455113
|-weather|none
|switch|p2a: Arceus|Arceus-Flying|100/100
|move|p1a: Arceus|Judgment|p2a: Arceus
|-immune|p2a: Arceus
|
|upkeep
|turn|5
|
|t:|1664455120
|switch|p1a: Ferrothorn|Ferrothorn, M|100/100
|-damage|p1a: Ferrothorn|94/100|[from] Stealth Rock
|move|p2a: Arceus|Judgment|p1a: Ferrothorn
|-damage|p1a: Ferrothorn|62/100
|
|-heal|p1a: Ferrothorn|68/100|[from] item: Leftovers
|upkeep
|turn|6
|
|t:|1664455128
|switch|p2a: Arceus|Arceus-Dragon|27/100
|move|p1a: Ferrothorn|Leech Seed|p2a: Arceus
|-start|p2a: Arceus|move: Leech Seed
|
|-heal|p1a: Ferrothorn|74/100|[from] item: Leftovers
|-damage|p2a: Arceus|15/100|[from] Leech Seed|[of] p1a: Ferrothorn
|-heal|p1a: Ferrothorn|87/100|[silent]
|upkeep
|turn|7
|j| Oftc
|
|t:|1664455133
|switch|p2a: Rayquaza|Rayquaza|100/100
|-ability|p2a: Rayquaza|Air Lock
|move|p1a: Ferrothorn|Knock Off|p2a: Rayquaza
|-damage|p2a: Rayquaza|79/100
|-enditem|p2a: Rayquaza|Life Orb|[from] move: Knock Off|[of] p1a: Ferrothorn
|
|-heal|p1a: Ferrothorn|94/100|[from] item: Leftovers
|upkeep
|turn|8
|
|t:|1664455140
|detailschange|p2a: Rayquaza|Rayquaza-Mega
|-mega|p2a: Rayquaza|Rayquaza|
|-weather|DeltaStream|[from] ability: Delta Stream|[of] p2a: Rayquaza
|move|p2a: Rayquaza|V-create|p1a: Ferrothorn
|-supereffective|p1a: Ferrothorn
|-damage|p1a: Ferrothorn|0 fnt
|-unboost|p2a: Rayquaza|spe|1
|-unboost|p2a: Rayquaza|def|1
|-unboost|p2a: Rayquaza|spd|1
|-damage|p2a: Rayquaza|66/100|[from] ability: Iron Barbs|[of] p1a: Ferrothorn
|faint|p1a: Ferrothorn
|
|-weather|DeltaStream|[upkeep]
|upkeep
|
|t:|1664455148
|switch|p1a: Tyranitar|Tyranitar, M|100/100
|-damage|p1a: Tyranitar|88/100|[from] Stealth Rock
|-ability|p1a: Tyranitar|Sand Stream|[from] deltastream|[fail]
|turn|9
|
|t:|1664455154
|-weather|none
|switch|p2a: Arceus|Arceus-Dragon|15/100
|detailschange|p1a: Tyranitar|Tyranitar-Mega, M
|-mega|p1a: Tyranitar|Tyranitar|Tyranitarite
|-weather|Sandstorm|[from] ability: Sand Stream|[of] p1a: Tyranitar
|move|p1a: Tyranitar|Stealth Rock|p2a: Arceus
|-sidestart|p2: UnovaWorkersParty|move: Stealth Rock
|
|-weather|Sandstorm|[upkeep]
|-damage|p2a: Arceus|9/100|[from] Sandstorm
|upkeep
|turn|10
|c| Oftc|Im lagging so bad that i dont even see mray moving lmao
|
|t:|1664455160
|-zpower|p2a: Arceus
|move|p2a: Arceus|Devastating Drake|p1a: Tyranitar|[zeffect]
|-damage|p1a: Tyranitar|52/100
|move|p1a: Tyranitar|Pursuit|p2a: Arceus
|-damage|p2a: Arceus|0 fnt
|faint|p2a: Arceus
|
|-weather|Sandstorm|[upkeep]
|upkeep
|
|t:|1664455167
|switch|p2a: Groudon|Groudon-Primal|81/100
|-damage|p2a: Groudon|68/100|[from] Stealth Rock
|-weather|DesolateLand|[from] ability: Desolate Land|[of] p2a: Groudon
|turn|11
|c|☆harsh634|ok
|
|t:|1664455176
|switch|p1a: Ho-Oh|Ho-Oh|100/100
|move|p2a: Groudon|Precipice Blades|p1a: Ho-Oh
|-immune|p1a: Ho-Oh
|
|-weather|DesolateLand|[upkeep]
|upkeep
|turn|12
|
|t:|1664455179
|switch|p1a: Arceus|Arceus-Ground|100/100
|-damage|p1a: Arceus|94/100|[from] Stealth Rock
|move|p2a: Groudon|Stone Edge|p1a: Arceus|[miss]
|-miss|p2a: Groudon|p1a: Arceus
|
|-weather|DesolateLand|[upkeep]
|upkeep
|turn|13
|
|t:|1664455187
|-weather|none
|switch|p2a: Arceus|Arceus-Flying|100/100
|-damage|p2a: Arceus|76/100|[from] Stealth Rock
|move|p1a: Arceus|Ice Beam|p2a: Arceus
|-supereffective|p2a: Arceus
|-damage|p2a: Arceus|45/100
|
|upkeep
|turn|14
|
|t:|1664455195
|move|p2a: Arceus|Recover|p2a: Arceus
|-heal|p2a: Arceus|95/100
|move|p1a: Arceus|Ice Beam|p2a: Arceus
|-supereffective|p2a: Arceus
|-damage|p2a: Arceus|65/100
|
|upkeep
|turn|15
|
|t:|1664455199
|switch|p1a: Ho-Oh|Ho-Oh|100/100
|move|p2a: Arceus|Calm Mind|p2a: Arceus
|-boost|p2a: Arceus|spa|1
|-boost|p2a: Arceus|spd|1
|
|upkeep
|turn|16
|
|t:|1664455205
|move|p2a: Arceus|Recover|p2a: Arceus
|-heal|p2a: Arceus|100/100
|move|p1a: Ho-Oh|Toxic|p2a: Arceus
|-status|p2a: Arceus|tox
|
|-damage|p2a: Arceus|94/100 tox|[from] psn
|upkeep
|turn|17
|
|t:|1664455209
|move|p2a: Arceus|Refresh|p2a: Arceus
|-curestatus|p2a: Arceus|tox|[msg]
|move|p1a: Ho-Oh|Whirlwind|p2a: Arceus
|drag|p2a: Yveltal|Yveltal|100/100
|-ability|p2a: Yveltal|Dark Aura
|
|upkeep
|turn|18
|
|t:|1664455217
|move|p2a: Yveltal|U-turn|p1a: Ho-Oh
|-resisted|p1a: Ho-Oh
|-damage|p1a: Ho-Oh|97/100
|
|t:|1664455221
|switch|p2a: Necrozma|Necrozma-Dusk-Mane|100/100|[from]move: U-turn
|-damage|p2a: Necrozma|94/100|[from] Stealth Rock
|move|p1a: Ho-Oh|Toxic|p2a: Necrozma
|-immune|p2a: Necrozma
|
|upkeep
|turn|19
|
|t:|1664455225
|move|p1a: Ho-Oh|Sacred Fire|p2a: Necrozma
|-supereffective|p2a: Necrozma
|-damage|p2a: Necrozma|63/100
|move|p2a: Necrozma|Knock Off|p1a: Ho-Oh
|-damage|p1a: Ho-Oh|74/100
|-enditem|p1a: Ho-Oh|Heavy-Duty Boots|[from] move: Knock Off|[of] p2a: Necrozma
|
|upkeep
|turn|20
|
|t:|1664455232
|switch|p2a: Groudon|Groudon-Primal|68/100
|-damage|p2a: Groudon|56/100|[from] Stealth Rock
|-weather|DesolateLand|[from] ability: Desolate Land|[of] p2a: Groudon
|move|p1a: Ho-Oh|Sacred Fire|p2a: Groudon|[miss]
|-miss|p1a: Ho-Oh|p2a: Groudon
|
|-weather|DesolateLand|[upkeep]
|upkeep
|turn|21
|l| Oftc
|
|t:|1664455242
|move|p2a: Groudon|Stone Edge|p1a: Ho-Oh
|-supereffective|p1a: Ho-Oh
|-damage|p1a: Ho-Oh|0 fnt
|faint|p1a: Ho-Oh
|
|-weather|DesolateLand|[upkeep]
|upkeep
|
|t:|1664455250
|switch|p1a: Arceus|Arceus-Ground|94/100
|-damage|p1a: Arceus|88/100|[from] Stealth Rock
|turn|22
|
|t:|1664455253
|-weather|none
|switch|p2a: Yveltal|Yveltal|100/100
|-ability|p2a: Yveltal|Dark Aura
|move|p1a: Arceus|Ice Beam|p2a: Yveltal
|-supereffective|p2a: Yveltal
|-damage|p2a: Yveltal|73/100
|
|upkeep
|turn|23
|
|t:|1664455259
|move|p1a: Arceus|Ice Beam|p2a: Yveltal
|-supereffective|p2a: Yveltal
|-damage|p2a: Yveltal|45/100
|move|p2a: Yveltal|U-turn|p1a: Arceus
|-damage|p1a: Arceus|79/100
|
|t:|1664455263
|switch|p2a: Arceus|Arceus-Flying|94/100|[from]move: U-turn
|-damage|p2a: Arceus|70/100|[from] Stealth Rock
|
|upkeep
|turn|24
|
|t:|1664455269
|switch|p1a: Tyranitar|Tyranitar-Mega, M|52/100
|-damage|p1a: Tyranitar|40/100|[from] Stealth Rock
|-weather|Sandstorm|[from] ability: Sand Stream|[of] p1a: Tyranitar
|move|p2a: Arceus|Calm Mind|p2a: Arceus
|-boost|p2a: Arceus|spa|1
|-boost|p2a: Arceus|spd|1
|
|-weather|Sandstorm|[upkeep]
|-damage|p2a: Arceus|63/100|[from] Sandstorm
|upkeep
|turn|25
|
|t:|1664455290
|move|p2a: Arceus|Recover|p2a: Arceus
|-heal|p2a: Arceus|100/100
|move|p1a: Tyranitar|Rest|p1a: Tyranitar
|-status|p1a: Tyranitar|slp|[from] move: Rest
|-heal|p1a: Tyranitar|100/100 slp|[silent]
|
|-weather|Sandstorm|[upkeep]
|-damage|p2a: Arceus|94/100|[from] Sandstorm
|upkeep
|turn|26
|j| PenguinPower00001
|
|t:|1664455306
|switch|p1a: Mewtwo|Mewtwo|100/100
|-damage|p1a: Mewtwo|88/100|[from] Stealth Rock
|-ability|p1a: Mewtwo|Pressure
|move|p2a: Arceus|Calm Mind|p2a: Arceus
|-boost|p2a: Arceus|spa|1
|-boost|p2a: Arceus|spd|1
|
|-weather|Sandstorm|[upkeep]
|-damage|p1a: Mewtwo|82/100|[from] Sandstorm
|-damage|p2a: Arceus|88/100|[from] Sandstorm
|upkeep
|turn|27
|l| PenguinPower00001
|
|t:|1664455316
|move|p1a: Mewtwo|Nasty Plot|p1a: Mewtwo
|-boost|p1a: Mewtwo|spa|2
|move|p2a: Arceus|Calm Mind|p2a: Arceus
|-boost|p2a: Arceus|spa|1
|-boost|p2a: Arceus|spd|1
|
|-weather|Sandstorm|[upkeep]
|-damage|p1a: Mewtwo|76/100|[from] Sandstorm
|-damage|p2a: Arceus|82/100|[from] Sandstorm
|upkeep
|turn|28
|
|t:|1664455323
|-start|p1a: Mewtwo|Dynamax|
|-heal|p1a: Mewtwo|76/100|[silent]
|-start|p2a: Arceus|Dynamax|
|-heal|p2a: Arceus|82/100|[silent]
|move|p1a: Mewtwo|Max Airstream|p2a: Arceus
|-damage|p2a: Arceus|64/100
|-boost|p1a: Mewtwo|spe|1
|-damage|p1a: Mewtwo|71/100|[from] item: Life Orb
|move|p2a: Arceus|Max Airstream|p1a: Mewtwo
|-damage|p1a: Mewtwo|0 fnt
|-boost|p2a: Arceus|spe|1
|faint|p1a: Mewtwo
|
|-weather|none
|upkeep
|
|t:|1664455336
|switch|p1a: Tyranitar|Tyranitar-Mega, M|100/100 slp
|-damage|p1a: Tyranitar|88/100 slp|[from] Stealth Rock
|-weather|Sandstorm|[from] ability: Sand Stream|[of] p1a: Tyranitar
|turn|29
|
|t:|1664455341
|move|p2a: Arceus|Max Airstream|p1a: Tyranitar
|-resisted|p1a: Tyranitar
|-damage|p1a: Tyranitar|59/100 slp
|-boost|p2a: Arceus|spe|1
|cant|p1a: Tyranitar|slp
|
|-weather|Sandstorm|[upkeep]
|-damage|p2a: Arceus|61/100|[from] Sandstorm
|upkeep
|turn|30
|
|t:|1664455350
|move|p2a: Arceus|Max Airstream|p1a: Tyranitar
|-resisted|p1a: Tyranitar
|-damage|p1a: Tyranitar|33/100 slp
|-boost|p2a: Arceus|spe|1
|cant|p1a: Tyranitar|slp
|
|-weather|Sandstorm|[upkeep]
|-damage|p2a: Arceus|58/100|[from] Sandstorm
|upkeep
|-end|p2a: Arceus|Dynamax
|-heal|p2a: Arceus|58/100|[silent]
|turn|31
|
|t:|1664455358
|move|p2a: Arceus|Judgment|p1a: Tyranitar
|-resisted|p1a: Tyranitar
|-damage|p1a: Tyranitar|10/100 slp
|-curestatus|p1a: Tyranitar|slp|[msg]
|move|p1a: Tyranitar|Rest|p1a: Tyranitar
|-status|p1a: Tyranitar|slp|[from] move: Rest
|-heal|p1a: Tyranitar|100/100 slp|[silent]
|
|-weather|Sandstorm|[upkeep]
|-damage|p2a: Arceus|52/100|[from] Sandstorm
|upkeep
|turn|32
|
|t:|1664455364
|move|p2a: Arceus|Calm Mind|p2a: Arceus
|-boost|p2a: Arceus|spa|1
|-boost|p2a: Arceus|spd|1
|cant|p1a: Tyranitar|slp
|
|-weather|Sandstorm|[upkeep]
|-damage|p2a: Arceus|46/100|[from] Sandstorm
|upkeep
|turn|33
|
|t:|1664455369
|move|p2a: Arceus|Recover|p2a: Arceus
|-heal|p2a: Arceus|96/100
|cant|p1a: Tyranitar|slp
|
|-weather|none
|upkeep
|turn|34
|
|t:|1664455376
|move|p2a: Arceus|Judgment|p1a: Tyranitar
|-resisted|p1a: Tyranitar
|-crit|p1a: Tyranitar
|-damage|p1a: Tyranitar|38/100 slp
|-curestatus|p1a: Tyranitar|slp|[msg]
|move|p1a: Tyranitar|Stone Edge|p2a: Arceus
|-supereffective|p2a: Arceus
|-damage|p2a: Arceus|31/100
|
|upkeep
|turn|35
|
|t:|1664455384
|move|p2a: Arceus|Judgment|p1a: Tyranitar
|-resisted|p1a: Tyranitar
|-damage|p1a: Tyranitar|0 fnt
|faint|p1a: Tyranitar
|
|upkeep
|
|t:|1664455386
|switch|p1a: Ditto|Ditto|100/100
|-damage|p1a: Ditto|88/100|[from] Stealth Rock
|-transform|p1a: Ditto|p2a: Arceus|[from] ability: Imposter
|turn|36
|
|t:|1664455390
|move|p1a: Ditto|Judgment|p2a: Arceus
|-damage|p2a: Arceus|13/100
|move|p2a: Arceus|Recover|p2a: Arceus
|-heal|p2a: Arceus|63/100
|
|upkeep
|turn|37
|-message|harsh634 forfeited.
|
|win|UnovaWorkersParty
|n|☆harsh634|harsh634
|n|☆UnovaWorkersParty|unovaworkersparty
