|j|☆F.A.M.E.246 2nd
|j|☆DarkboiJ
|t:|1664214746
|gametype|singles
|player|p1|F.A.M.E.246 2nd|brawly|1720
|player|p2|DarkboiJ|blue-gen3two|1824
|teamsize|p1|6
|teamsize|p2|6
|gen|8
|tier|[Gen 8] National Dex AG
|rated|
|rule|HP Percentage Mod: HP is shown in percentages
|rule|Endless Battle Clause: Forcing endless battles is banned
|clearpoke
|poke|p1|Scizor, M|
|poke|p1|Groudon|
|poke|p1|Calyrex-Shadow|
|poke|p1|Zacian-*|
|poke|p1|Arceus-*|
|poke|p1|Yveltal|
|poke|p2|Landorus-Therian, M|
|poke|p2|Ditto|
|poke|p2|Arceus-*|
|poke|p2|Necrozma-Dusk-Mane|
|poke|p2|Deoxys-Speed|
|poke|p2|Giratina-Origin|
|teampreview
|inactive|Battle timer is ON: inactive players will automatically lose when time's up. (requested by DarkboiJ)
|
|t:|1664214763
|start
|switch|p1a: Scizor|Scizor, M|100/100
|switch|p2a: Deoxys|Deoxys-Speed|100/100
|-ability|p2a: Deoxys|Pressure
|turn|1
|
|t:|1664214771
|detailschange|p1a: Scizor|Scizor-Mega, M
|-mega|p1a: Scizor|Scizor|Scizorite
|move|p2a: Deoxys|Stealth Rock|p1a: Scizor
|-sidestart|p1: F.A.M.E.246 2nd|move: Stealth Rock
|move|p1a: Scizor|Curse|p1a: Scizor
|-unboost|p1a: Scizor|spe|1
|-boost|p1a: Scizor|atk|1
|-boost|p1a: Scizor|def|1
|
|upkeep
|turn|2
|
|t:|1664214773
|move|p1a: Scizor|Bullet Punch|p2a: Deoxys
|-damage|p2a: Deoxys|46/100
|move|p2a: Deoxys|Taunt|p1a: Scizor
|-start|p1a: Scizor|move: Taunt
|
|upkeep
|turn|3
|
|t:|1664214779
|move|p1a: Scizor|Bullet Punch|p2a: Deoxys
|-damage|p2a: Deoxys|0 fnt
|faint|p2a: Deoxys
|
|upkeep
|
|t:|1664214781
|switch|p2a: Necrozma|Necrozma-Dusk-Mane|100/100
|turn|4
|
|t:|1664214799
|move|p1a: Scizor|Bullet Punch|p2a: Necrozma
|-resisted|p2a: Necrozma
|-damage|p2a: Necrozma|83/100
|move|p2a: Necrozma|Dragon Dance|p2a: Necrozma
|-boost|p2a: Necrozma|atk|1
|-boost|p2a: Necrozma|spe|1
|
|upkeep
|turn|5
|
|t:|1664214806
|move|p1a: Scizor|Bullet Punch|p2a: Necrozma
|-resisted|p2a: Necrozma
|-damage|p2a: Necrozma|65/100
|move|p2a: Necrozma|Dragon Dance|p2a: Necrozma
|-boost|p2a: Necrozma|atk|1
|-boost|p2a: Necrozma|spe|1
|
|-end|p1a: Scizor|move: Taunt
|upkeep
|turn|6
|
|t:|1664214810
|detailschange|p2a: Necrozma|Necrozma-Ultra
|-burst|p2a: Necrozma|Necrozma|Ultranecrozium Z
|move|p2a: Necrozma|Stone Edge|p1a: Scizor
|-damage|p1a: Scizor|62/100
|move|p1a: Scizor|Curse|p1a: Scizor
|-unboost|p1a: Scizor|spe|1
|-boost|p1a: Scizor|atk|1
|-boost|p1a: Scizor|def|1
|
|upkeep
|turn|7
|
|t:|1664214817
|-zpower|p2a: Necrozma
|move|p2a: Necrozma|Light That Burns the Sky|p1a: Scizor|[zeffect]
|-resisted|p1a: Scizor
|-damage|p1a: Scizor|25/100
|move|p1a: Scizor|Roost|p1a: Scizor
|-heal|p1a: Scizor|75/100
|-singleturn|p1a: Scizor|move: Roost
|
|upkeep
|turn|8
|
|t:|1664214836
|move|p2a: Necrozma|Stone Edge|p1a: Scizor
|-damage|p1a: Scizor|47/100
|move|p1a: Scizor|Roost|p1a: Scizor
|-heal|p1a: Scizor|97/100
|-singleturn|p1a: Scizor|move: Roost
|
|upkeep
|turn|9
|
|t:|1664214842
|move|p1a: Scizor|Bullet Punch|p2a: Necrozma
|-damage|p2a: Necrozma|5/100
|move|p2a: Necrozma|Stone Edge|p1a: Scizor
|-damage|p1a: Scizor|69/100
|
|upkeep
|turn|10
|
|t:|1664214848
|move|p1a: Scizor|Bullet Punch|p2a: Necrozma
|-crit|p2a: Necrozma
|-damage|p2a: Necrozma|0 fnt
|faint|p2a: Necrozma
|
|upkeep
|
|t:|1664214860
|switch|p2a: Giratina|Giratina-Origin|100/100
|turn|11
|
|t:|1664214864
|switch|p1a: Yveltal|Yveltal|100/100
|-ability|p1a: Yveltal|Dark Aura
|move|p2a: Giratina|Hone Claws|p2a: Giratina
|-boost|p2a: Giratina|atk|1
|-boost|p2a: Giratina|accuracy|1
|
|upkeep
|turn|12
|
|t:|1664214870
|-start|p1a: Yveltal|Dynamax|
|-heal|p1a: Yveltal|100/100|[silent]
|move|p1a: Yveltal|Max Darkness|p2a: Giratina
|-supereffective|p2a: Giratina
|-damage|p2a: Giratina|14/100
|-unboost|p2a: Giratina|spd|1
|move|p2a: Giratina|Dragon Claw|p1a: Yveltal
|-damage|p1a: Yveltal|69/100
|
|upkeep
|turn|13
|
|t:|1664214880
|move|p2a: Giratina|Shadow Sneak|p1a: Yveltal
|-resisted|p1a: Yveltal
|-damage|p1a: Yveltal|61/100
|move|p1a: Yveltal|Max Darkness|p2a: Giratina
|-supereffective|p2a: Giratina
|-damage|p2a: Giratina|0 fnt
|faint|p2a: Giratina
|
|upkeep
|
|t:|1664214885
|switch|p2a: Arceus|Arceus|100/100
|turn|14
|
|t:|1664214887
|move|p2a: Arceus|Recover||[still]
|-fail|p2a: Arceus|heal
|move|p1a: Yveltal|Max Darkness|p2a: Arceus
|-damage|p2a: Arceus|55/100
|-unboost|p2a: Arceus|spd|1
|
|upkeep
|-end|p1a: Yveltal|Dynamax
|-heal|p1a: Yveltal|61/100|[silent]
|turn|15
|
|t:|1664214896
|move|p2a: Arceus|Swords Dance|p2a: Arceus
|-boost|p2a: Arceus|atk|2
|move|p1a: Yveltal|Defog|p2a: Arceus
|-unboost|p2a: Arceus|evasion|1
|-sideend|p1: F.A.M.E.246 2nd|Stealth Rock|[from] move: Defog|[of] p1a: Yveltal
|
|upkeep
|turn|16
|c|☆F.A.M.E.246 2nd|Have nothin for the Scizor huh
|
|t:|1664214904
|move|p2a: Arceus|Extreme Speed|p1a: Yveltal
|-damage|p1a: Yveltal|0 fnt
|faint|p1a: Yveltal
|
|upkeep
|
|t:|1664214907
|switch|p1a: Arceus|Arceus-Rock|100/100
|turn|17
|
|t:|1664214922
|move|p1a: Arceus|Will-O-Wisp|p2a: Arceus
|-status|p2a: Arceus|brn
|-enditem|p2a: Arceus|Lum Berry|[eat]
|-curestatus|p2a: Arceus|brn|[msg]
|move|p2a: Arceus|Shadow Claw|p1a: Arceus
|-damage|p1a: Arceus|67/100
|
|upkeep
|turn|18
|
|t:|1664214931
|move|p2a: Arceus|Extreme Speed|p1a: Arceus
|-resisted|p1a: Arceus
|-crit|p1a: Arceus
|-damage|p1a: Arceus|18/100
|move|p1a: Arceus|Will-O-Wisp|p2a: Arceus
|-status|p2a: Arceus|brn
|
|-damage|p2a: Arceus|49/100 brn|[from] brn
|upkeep
|turn|19
|
|t:|1664214936
|switch|p1a: Calyrex|Calyrex-Shadow|100/100
|-ability|p1a: Calyrex|As One
|-ability|p1a: Calyrex|Unnerve
|move|p2a: Arceus|Extreme Speed|p1a: Calyrex
|-immune|p1a: Calyrex
|
|-damage|p2a: Arceus|43/100 brn|[from] brn
|upkeep
|turn|20
|
|t:|1664214940
|move|p1a: Calyrex|Trick|p2a: Arceus
|-activate|p1a: Calyrex|move: Trick|[of] p2a: Arceus
|-item|p2a: Arceus|Choice Specs|[from] move: Trick
|-enditem|p1a: Calyrex|Choice Specs|[silent]|[from] move: Trick
|move|p2a: Arceus|Shadow Claw|p1a: Calyrex
|-supereffective|p1a: Calyrex
|-damage|p1a: Calyrex|0 fnt
|faint|p1a: Calyrex
|
|-damage|p2a: Arceus|37/100 brn|[from] brn
|upkeep
|
|t:|1664214946
|switch|p1a: Scizor|Scizor-Mega, M|69/100
|turn|21
|
|t:|1664214948
|switch|p2a: Landorus|Landorus-Therian, M|100/100
|-ability|p2a: Landorus|Intimidate|boost
|-unboost|p1a: Scizor|atk|1
|move|p1a: Scizor|Curse|p1a: Scizor
|-unboost|p1a: Scizor|spe|1
|-boost|p1a: Scizor|atk|1
|-boost|p1a: Scizor|def|1
|
|upkeep
|turn|22
|
|t:|1664214952
|-start|p2a: Landorus|Dynamax|
|-heal|p2a: Landorus|100/100|[silent]
|move|p2a: Landorus|Max Knuckle|p1a: Scizor
|-damage|p1a: Scizor|52/100
|-boost|p2a: Landorus|atk|1
|-damage|p2a: Landorus|96/100|[from] item: Life Orb
|move|p1a: Scizor|U-turn|p2a: Landorus
|-resisted|p2a: Landorus
|-damage|p2a: Landorus|85/100
|
|t:|1664214956
|switch|p1a: Arceus|Arceus-Rock|18/100|[from]move: U-turn
|
|upkeep
|turn|23
|
|t:|1664214959
|move|p1a: Arceus|Will-O-Wisp|p2a: Landorus
|-status|p2a: Landorus|brn
|move|p2a: Landorus|Max Airstream|p1a: Arceus
|-resisted|p1a: Arceus
|-damage|p1a: Arceus|0 fnt
|-boost|p2a: Landorus|spe|1
|faint|p1a: Arceus
|-damage|p2a: Landorus|80/100 brn|[from] item: Life Orb
|
|-damage|p2a: Landorus|77/100 brn|[from] brn
|upkeep
|
|t:|1664214966
|switch|p1a: Scizor|Scizor-Mega, M|52/100
|turn|24
|
|t:|1664214973
|move|p2a: Landorus|Max Quake|p1a: Scizor
|-damage|p1a: Scizor|6/100
|-boost|p2a: Landorus|spd|1
|-damage|p2a: Landorus|73/100 brn|[from] item: Life Orb
|move|p1a: Scizor|Roost|p1a: Scizor
|-heal|p1a: Scizor|56/100
|-singleturn|p1a: Scizor|move: Roost
|
|-damage|p2a: Landorus|70/100 brn|[from] brn
|upkeep
|-end|p2a: Landorus|Dynamax
|-heal|p2a: Landorus|70/100 brn|[silent]
|turn|25
|
|t:|1664214980
|move|p2a: Landorus|Earthquake|p1a: Scizor
|-damage|p1a: Scizor|27/100
|-damage|p2a: Landorus|60/100 brn|[from] item: Life Orb
|move|p1a: Scizor|Curse|p1a: Scizor
|-unboost|p1a: Scizor|spe|1
|-boost|p1a: Scizor|atk|1
|-boost|p1a: Scizor|def|1
|
|-damage|p2a: Landorus|54/100 brn|[from] brn
|upkeep
|turn|26
|
|t:|1664214983
|move|p2a: Landorus|Earthquake|p1a: Scizor
|-crit|p1a: Scizor
|-damage|p1a: Scizor|0 fnt
|faint|p1a: Scizor
|-damage|p2a: Landorus|44/100 brn|[from] item: Life Orb
|
|-damage|p2a: Landorus|38/100 brn|[from] brn
|upkeep
|c|☆F.A.M.E.246 2nd|Smfh
|-message|F.A.M.E.246 2nd forfeited.
|
|win|DarkboiJ
|raw|F.A.M.E.246 2nd's rating: 1720 &rarr; <strong>1706</strong><br />(-14 for losing)
|raw|DarkboiJ's rating: 1824 &rarr; <strong>1838</strong><br />(+14 for winning)
|l|☆F.A.M.E.246 2nd
