|j|☆IamHrrimann
|j|☆indcha
|t:|1628410799
|gametype|singles
|player|p1|IamHrrimann|1|
|player|p2|indcha|1|
|teamsize|p1|6
|teamsize|p2|6
|gen|8
|tier|[Gen 8] National Dex AG
|rule|HP Percentage Mod: HP is shown in percentages
|rule|Endless Battle Clause: Forcing endless battles is banned
|clearpoke
|poke|p1|Lugia|
|poke|p1|Toxapex, F|
|poke|p1|Zeraora|
|poke|p1|Breloom, F|
|poke|p1|Mawile, F|
|poke|p1|Mewtwo|
|poke|p2|Kyogre|
|poke|p2|Bisharp, F|
|poke|p2|Runerigus, F|
|poke|p2|Volcarona, F|
|poke|p2|Mimikyu, F|
|poke|p2|Celebi|
|teampreview
|
|t:|1628410818
|start
|switch|p1a: Breloom|Breloom, F|100/100
|switch|p2a: Celebi|Celebi|100/100
|turn|1
|
|t:|1628410828
|switch|p1a: Lugia|Lugia, shiny|100/100
|-ability|p1a: Lugia|Pressure
|move|p2a: Celebi|Psychic|p1a: Lugia
|-resisted|p1a: Lugia
|-damage|p1a: Lugia|83/100
|
|-heal|p1a: Lugia|89/100|[from] item: Leftovers
|upkeep
|turn|2
|
|t:|1628410851
|switch|p2a: Kyogre|Kyogre|100/100
|-weather|RainDance|[from] ability: Drizzle|[of] p2a: Kyogre
|move|p1a: Lugia|Calm Mind|p1a: Lugia
|-boost|p1a: Lugia|spa|1
|-boost|p1a: Lugia|spd|1
|
|-weather|RainDance|[upkeep]
|-heal|p1a: Lugia|96/100|[from] item: Leftovers
|upkeep
|turn|3
|
|t:|1628410866
|move|p2a: Kyogre|Thunder|p1a: Lugia
|-supereffective|p1a: Lugia
|-damage|p1a: Lugia|63/100
|-status|p1a: Lugia|par
|move|p1a: Lugia|Aeroblast|p2a: Kyogre
|-damage|p2a: Kyogre|66/100
|
|-weather|RainDance|[upkeep]
|-heal|p1a: Lugia|69/100 par|[from] item: Leftovers
|upkeep
|turn|4
|
|t:|1628410881
|move|p2a: Kyogre|Thunder|p1a: Lugia
|-supereffective|p1a: Lugia
|-damage|p1a: Lugia|39/100 par
|move|p1a: Lugia|Roost|p1a: Lugia
|-heal|p1a: Lugia|89/100 par
|-singleturn|p1a: Lugia|move: Roost
|
|-weather|RainDance|[upkeep]
|-heal|p1a: Lugia|96/100 par|[from] item: Leftovers
|upkeep
|turn|5
|j| Musfique18
|j| Swag2zard
|
|t:|1628410892
|move|p2a: Kyogre|Thunder|p1a: Lugia
|-supereffective|p1a: Lugia
|-crit|p1a: Lugia
|-damage|p1a: Lugia|22/100 par
|cant|p1a: Lugia|par
|
|-weather|RainDance|[upkeep]
|-heal|p1a: Lugia|28/100 par|[from] item: Leftovers
|upkeep
|turn|6
|c| Musfique18|lucky
|
|t:|1628410917
|switch|p1a: Zeraora|Zeraora|100/100
|move|p2a: Kyogre|Thunder|p1a: Zeraora
|-immune|p1a: Zeraora|[from] ability: Volt Absorb
|
|-weather|none
|upkeep
|turn|7
|c| Swag2zard|Match e dhuklo elec leader ar para bolo
|c| Swag2zard|*holo
|c| Musfique18|haha
|c| Swag2zard|Shudhu nijer gym ei pelam na
|c| Swag2zard|🙃💔
|
|t:|1628410949
|switch|p2a: Runerigus|Runerigus, F|100/100
|switch|p1a: Breloom|Breloom, F|100/100
|
|-status|p1a: Breloom|tox|[from] item: Toxic Orb
|upkeep
|turn|8
|
|t:|1628410960
|switch|p2a: Celebi|Celebi|100/100
|move|p1a: Breloom|Spore|p2a: Celebi
|-immune|p2a: Celebi
|
|upkeep
|turn|9
|c| Musfique18|ekhono ultra nec ar zam match time pay nai
|
|t:|1628410974
|switch|p1a: Lugia|Lugia, shiny|28/100 par
|-ability|p1a: Lugia|Pressure
|move|p2a: Celebi|Psychic|p1a: Lugia
|-resisted|p1a: Lugia
|-damage|p1a: Lugia|11/100 par
|
|-heal|p1a: Lugia|18/100 par|[from] item: Leftovers
|upkeep
|turn|10
|c| Musfique18|moja nisse
|c| Swag2zard|Ha
|
|t:|1628410984
|move|p2a: Celebi|Psychic|p1a: Lugia
|-resisted|p1a: Lugia
|-damage|p1a: Lugia|1/100 par
|move|p1a: Lugia|Roost|p1a: Lugia
|-heal|p1a: Lugia|51/100 par
|-singleturn|p1a: Lugia|move: Roost
|
|-heal|p1a: Lugia|57/100 par|[from] item: Leftovers
|upkeep
|turn|11
|c| Swag2zard|Viewer
|
|t:|1628411004
|switch|p2a: Mimikyu|Mimikyu, F|100/100
|move|p1a: Lugia|Aeroblast|p2a: Mimikyu
|-activate|p2a: Mimikyu|ability: Disguise
|-damage|p2a: Mimikyu|100/100
|detailschange|p2a: Mimikyu|Mimikyu-Busted, F
|-damage|p2a: Mimikyu|88/100|[from] pokemon: Mimikyu-Busted
|
|-heal|p1a: Lugia|63/100 par|[from] item: Leftovers
|upkeep
|turn|12
|j| sapaditore
|
|t:|1628411027
|switch|p1a: Mawile|Mawile, F, shiny|100/100
|-ability|p1a: Mawile|Intimidate|boost
|-unboost|p2a: Mimikyu|atk|1
|move|p2a: Mimikyu|Shadow Sneak|p1a: Mawile
|-damage|p1a: Mawile|87/100
|
|upkeep
|turn|13
|
|t:|1628411038
|detailschange|p1a: Mawile|Mawile-Mega, F, shiny
|-mega|p1a: Mawile|Mawile|Mawilite
|move|p2a: Mimikyu|Drain Punch|p1a: Mawile
|-damage|p1a: Mawile|75/100
|-heal|p2a: Mimikyu|96/100|[from] drain|[of] p1a: Mawile
|move|p1a: Mawile|Swords Dance|p1a: Mawile
|-boost|p1a: Mawile|atk|2
|
|upkeep
|turn|14
|
|t:|1628411051
|switch|p2a: Runerigus|Runerigus, F|100/100
|move|p1a: Mawile|Sucker Punch||[still]
|-fail|p1a: Mawile
|
|upkeep
|turn|15
|
|t:|1628411069
|switch|p1a: Breloom|Breloom, F|100/100 tox
|-start|p2a: Runerigus|Dynamax
|-heal|p2a: Runerigus|100/100|[silent]
|move|p2a: Runerigus|Max Quake|p1a: Breloom
|-resisted|p1a: Breloom
|-damage|p1a: Breloom|53/100 tox
|-boost|p2a: Runerigus|spd|1
|
|-heal|p1a: Breloom|65/100 tox|[from] ability: Poison Heal
|upkeep
|turn|16
|
|t:|1628411082
|move|p1a: Breloom|Spore|p2a: Runerigus
|-status|p2a: Runerigus|slp|[from] move: Spore
|cant|p2a: Runerigus|slp
|
|-heal|p1a: Breloom|77/100 tox|[from] ability: Poison Heal
|upkeep
|turn|17
|c| Musfique18|not again
|
|t:|1628411092
|move|p1a: Breloom|Leech Seed|p2a: Runerigus
|-start|p2a: Runerigus|move: Leech Seed
|-curestatus|p2a: Runerigus|slp|[msg]
|move|p2a: Runerigus|Max Phantasm|p1a: Breloom
|-damage|p1a: Breloom|0 fnt
|faint|p1a: Breloom
|
|-end|p2a: Runerigus|Dynamax
|-heal|p2a: Runerigus|100/100|[silent]
|upkeep
|c| Swag2zard|Abar
|c| Musfique18|de ja vu
|c| Swag2zard|Haha
|c| Musfique18|ebar sleep valote agei gese
|c| Swag2zard|Ager bar 3 turn
|
|t:|1628411115
|switch|p1a: Mewtwo|Mewtwo, shiny|100/100
|-ability|p1a: Mewtwo|Pressure
|turn|18
|c| Musfique18|hmm ekbar uthe gelei mewtwo ses silo
|c| Swag2zard|Early bird reunigues
|c| Swag2zard|Hacker spotted
|c| Musfique18|lol
|
|t:|1628411188
|switch|p1a: Toxapex|Toxapex, F, shiny|100/100
|move|p2a: Runerigus|Poltergeist|p1a: Toxapex
|-activate|p1a: Toxapex|move: Poltergeist|Black Sludge
|-damage|p1a: Toxapex|71/100
|
|-heal|p1a: Toxapex|77/100|[from] item: Black Sludge
|-damage|p2a: Runerigus|88/100|[from] Leech Seed|[of] p1a: Toxapex
|-heal|p1a: Toxapex|90/100|[silent]
|upkeep
|turn|19
|
|t:|1628411209
|switch|p2a: Kyogre|Kyogre|66/100
|-weather|RainDance|[from] ability: Drizzle|[of] p2a: Kyogre
|move|p1a: Toxapex|Toxic Spikes|p2a: Kyogre
|-sidestart|p2: indcha|move: Toxic Spikes
|
|-weather|RainDance|[upkeep]
|-heal|p1a: Toxapex|96/100|[from] item: Black Sludge
|upkeep
|turn|20
|
|t:|1628411221
|move|p1a: Toxapex|Baneful Bunker|p1a: Toxapex
|-singleturn|p1a: Toxapex|move: Protect
|move|p2a: Kyogre|Thunder|p1a: Toxapex
|-activate|p1a: Toxapex|move: Protect
|
|-weather|RainDance|[upkeep]
|-heal|p1a: Toxapex|100/100|[from] item: Black Sludge
|upkeep
|turn|21
|
|t:|1628411247
|move|p2a: Kyogre|Thunder|p1a: Toxapex
|-supereffective|p1a: Toxapex
|-damage|p1a: Toxapex|32/100
|move|p1a: Toxapex|Recover|p1a: Toxapex
|-heal|p1a: Toxapex|82/100
|
|-weather|RainDance|[upkeep]
|-heal|p1a: Toxapex|88/100|[from] item: Black Sludge
|upkeep
|turn|22
|
|t:|1628411257
|move|p1a: Toxapex|Baneful Bunker|p1a: Toxapex
|-singleturn|p1a: Toxapex|move: Protect
|move|p2a: Kyogre|Thunder|p1a: Toxapex
|-activate|p1a: Toxapex|move: Protect
|
|-weather|RainDance|[upkeep]
|-heal|p1a: Toxapex|95/100|[from] item: Black Sludge
|upkeep
|turn|23
|
|t:|1628411267
|switch|p1a: Zeraora|Zeraora|100/100
|move|p2a: Kyogre|Thunder|p1a: Zeraora
|-immune|p1a: Zeraora|[from] ability: Volt Absorb
|
|-weather|none
|upkeep
|turn|24
|
|t:|1628411296
|switch|p2a: Bisharp|Bisharp, F|100/100
|move|p1a: Zeraora|Bulk Up|p1a: Zeraora
|-boost|p1a: Zeraora|atk|1
|-boost|p1a: Zeraora|def|1
|
|upkeep
|turn|25
|
|t:|1628411309
|move|p2a: Bisharp|Sucker Punch|p1a: Zeraora
|-damage|p1a: Zeraora|43/100
|move|p1a: Zeraora|Blaze Kick|p2a: Bisharp|[miss]
|-miss|p1a: Zeraora|p2a: Bisharp
|
|upkeep
|turn|26
|
|t:|1628411321
|move|p2a: Bisharp|Sucker Punch||[still]
|-fail|p2a: Bisharp
|move|p1a: Zeraora|Bulk Up|p1a: Zeraora
|-boost|p1a: Zeraora|atk|1
|-boost|p1a: Zeraora|def|1
|
|upkeep
|turn|27
|c| Musfique18|luck kicks in
|
|t:|1628411340
|move|p2a: Bisharp|Sucker Punch|p1a: Zeraora
|-damage|p1a: Zeraora|5/100
|move|p1a: Zeraora|Close Combat|p2a: Bisharp
|-supereffective|p2a: Bisharp
|-damage|p2a: Bisharp|0 fnt
|-unboost|p1a: Zeraora|def|1
|-unboost|p1a: Zeraora|spd|1
|faint|p2a: Bisharp
|-damage|p1a: Zeraora|0 fnt|[from] item: Life Orb
|faint|p1a: Zeraora
|
|upkeep
|c| Musfique18|rip
|c| Musfique18|pex ekhn prb debe
|
|t:|1628411381
|switch|p1a: Mewtwo|Mewtwo, shiny|100/100
|switch|p2a: Volcarona|Volcarona, F|100/100
|-ability|p1a: Mewtwo|Pressure
|turn|28
|c|☆IamHrrimann|Amake mega krte dicche na kno?
|c|☆indcha|already mawrile mega
|
|t:|1628411492
|switch|p1a: Toxapex|Toxapex, F, shiny|100/100
|move|p2a: Volcarona|Bug Buzz|p1a: Toxapex
|-resisted|p1a: Toxapex
|-damage|p1a: Toxapex|81/100
|
|-heal|p1a: Toxapex|87/100|[from] item: Black Sludge
|upkeep
|turn|29
|c|☆IamHrrimann|Oh ha right
|
|t:|1628411509
|switch|p2a: Celebi|Celebi|100/100
|-status|p2a: Celebi|psn
|move|p1a: Toxapex|Scald|p2a: Celebi
|-resisted|p2a: Celebi
|-damage|p2a: Celebi|93/100 psn
|
|-heal|p1a: Toxapex|93/100|[from] item: Black Sludge
|-damage|p2a: Celebi|80/100 psn|[from] psn
|upkeep
|turn|30
|
|t:|1628411522
|switch|p1a: Mewtwo|Mewtwo, shiny|100/100
|-ability|p1a: Mewtwo|Pressure
|move|p2a: Celebi|Psychic|p1a: Mewtwo
|-resisted|p1a: Mewtwo
|-damage|p1a: Mewtwo|68/100
|
|-damage|p2a: Celebi|68/100 psn|[from] psn
|upkeep
|turn|31
|
|t:|1628411535
|switch|p2a: Volcarona|Volcarona, F|100/100
|move|p1a: Mewtwo|Bulk Up|p1a: Mewtwo
|-boost|p1a: Mewtwo|atk|1
|-boost|p1a: Mewtwo|def|1
|
|upkeep
|turn|32
|
|t:|1628411574
|move|p1a: Mewtwo|Psycho Cut|p2a: Volcarona
|-damage|p2a: Volcarona|31/100
|move|p2a: Volcarona|Bug Buzz|p1a: Mewtwo
|-supereffective|p1a: Mewtwo
|-damage|p1a: Mewtwo|0 fnt
|faint|p1a: Mewtwo
|
|upkeep
|
|t:|1628411584
|switch|p1a: Mawile|Mawile-Mega, F, shiny|75/100
|turn|33
|
|t:|1628411588
|move|p1a: Mawile|Sucker Punch|p2a: Volcarona
|-damage|p2a: Volcarona|0 fnt
|-status|p1a: Mawile|brn|[from] ability: Flame Body|[of] p2a: Volcarona
|faint|p2a: Volcarona
|
|-damage|p1a: Mawile|69/100 brn|[from] brn
|upkeep
|
|t:|1628411599
|switch|p2a: Runerigus|Runerigus, F|88/100
|-status|p2a: Runerigus|psn
|turn|34
|c| Musfique18|atleast burn paoya gese
|
|t:|1628411607
|move|p1a: Mawile|Sucker Punch|p2a: Runerigus
|-supereffective|p2a: Runerigus
|-damage|p2a: Runerigus|53/100 psn
|-activate|p2a: Runerigus|ability: Wandering Spirit|Huge Power|Wandering Spirit|[of] p1a: Mawile
|move|p2a: Runerigus|Earthquake|p1a: Mawile
|-supereffective|p1a: Mawile
|-crit|p1a: Mawile
|-damage|p1a: Mawile|0 fnt
|faint|p1a: Mawile
|
|-heal|p2a: Runerigus|59/100 psn|[from] item: Leftovers
|-damage|p2a: Runerigus|47/100 psn|[from] psn
|upkeep
|
|t:|1628411622
|switch|p1a: Toxapex|Toxapex, F, shiny|100/100
|turn|35
|c| Musfique18|ei dui tai prb
|
|t:|1628411631
|switch|p2a: Celebi|Celebi|68/100
|-status|p2a: Celebi|psn
|move|p1a: Toxapex|Baneful Bunker||[still]
|-fail|p1a: Toxapex
|
|-damage|p2a: Celebi|56/100 psn|[from] psn
|upkeep
|turn|36
|
|t:|1628411641
|switch|p1a: Lugia|Lugia, shiny|63/100 par
|-ability|p1a: Lugia|Pressure
|move|p2a: Celebi|Psychic|p1a: Lugia
|-resisted|p1a: Lugia
|-damage|p1a: Lugia|48/100 par
|
|-heal|p1a: Lugia|54/100 par|[from] item: Leftovers
|-damage|p2a: Celebi|43/100 psn|[from] psn
|upkeep
|turn|37
|
|t:|1628411654
|-curestatus|p2a: Celebi|psn|[from] ability: Natural Cure
|switch|p2a: Runerigus|Runerigus, F|47/100 psn
|move|p1a: Lugia|Roost|p1a: Lugia
|-heal|p1a: Lugia|100/100 par
|-singleturn|p1a: Lugia|move: Roost
|
|-heal|p2a: Runerigus|53/100 psn|[from] item: Leftovers
|-damage|p2a: Runerigus|40/100 psn|[from] psn
|upkeep
|turn|38
|
|t:|1628411668
|move|p1a: Lugia|Aeroblast|p2a: Runerigus
|-damage|p2a: Runerigus|8/100 psn
|move|p2a: Runerigus|Poltergeist|p1a: Lugia
|-activate|p1a: Lugia|move: Poltergeist|Leftovers
|-supereffective|p1a: Lugia
|-damage|p1a: Lugia|51/100 par
|
|-heal|p1a: Lugia|57/100 par|[from] item: Leftovers
|-heal|p2a: Runerigus|15/100 psn|[from] item: Leftovers
|-damage|p2a: Runerigus|2/100 psn|[from] psn
|upkeep
|turn|39
|
|t:|1628411685
|move|p1a: Lugia|Roost|p1a: Lugia
|-heal|p1a: Lugia|100/100 par
|-singleturn|p1a: Lugia|move: Roost
|move|p2a: Runerigus|Stealth Rock|p1a: Lugia
|-sidestart|p1: IamHrrimann|move: Stealth Rock
|
|-heal|p2a: Runerigus|8/100 psn|[from] item: Leftovers
|-damage|p2a: Runerigus|0 fnt|[from] psn
|faint|p2a: Runerigus
|upkeep
|
|t:|1628411702
|switch|p2a: Kyogre|Kyogre|66/100
|-status|p2a: Kyogre|psn
|-weather|RainDance|[from] ability: Drizzle|[of] p2a: Kyogre
|turn|40
|
|t:|1628411717
|switch|p1a: Toxapex|Toxapex, F, shiny|100/100
|-damage|p1a: Toxapex|88/100|[from] Stealth Rock
|move|p2a: Kyogre|Thunder|p1a: Toxapex
|-supereffective|p1a: Toxapex
|-damage|p1a: Toxapex|22/100
|
|-weather|RainDance|[upkeep]
|-heal|p1a: Toxapex|28/100|[from] item: Black Sludge
|-damage|p2a: Kyogre|54/100 psn|[from] psn
|upkeep
|turn|41
|
|t:|1628411736
|move|p1a: Toxapex|Baneful Bunker|p1a: Toxapex
|-singleturn|p1a: Toxapex|move: Protect
|move|p2a: Kyogre|Thunder|p1a: Toxapex
|-activate|p1a: Toxapex|move: Protect
|
|-weather|RainDance|[upkeep]
|-heal|p1a: Toxapex|35/100|[from] item: Black Sludge
|-damage|p2a: Kyogre|42/100 psn|[from] psn
|upkeep
|turn|42
|
|t:|1628411759
|move|p1a: Toxapex|Baneful Bunker||[still]
|-fail|p1a: Toxapex
|move|p2a: Kyogre|Thunder|p1a: Toxapex
|-supereffective|p1a: Toxapex
|-damage|p1a: Toxapex|0 fnt
|faint|p1a: Toxapex
|
|-weather|RainDance|[upkeep]
|-damage|p2a: Kyogre|29/100 psn|[from] psn
|upkeep
|
|t:|1628411770
|switch|p1a: Lugia|Lugia, shiny|100/100 par
|-damage|p1a: Lugia|75/100 par|[from] Stealth Rock
|-ability|p1a: Lugia|Pressure
|turn|43
|c| Musfique18|good match
|
|t:|1628411777
|move|p2a: Kyogre|Thunder|p1a: Lugia
|-supereffective|p1a: Lugia
|-crit|p1a: Lugia
|-damage|p1a: Lugia|4/100 par
|move|p1a: Lugia|Roost|p1a: Lugia
|-heal|p1a: Lugia|54/100 par
|-singleturn|p1a: Lugia|move: Roost
|
|-weather|RainDance|[upkeep]
|-heal|p1a: Lugia|61/100 par|[from] item: Leftovers
|-damage|p2a: Kyogre|17/100 psn|[from] psn
|upkeep
|turn|44
|c| Musfique18|gg
|
|t:|1628411796
|switch|p2a: Celebi|Celebi|43/100
|-status|p2a: Celebi|psn
|move|p1a: Lugia|Roost|p1a: Lugia
|-heal|p1a: Lugia|100/100 par
|-singleturn|p1a: Lugia|move: Roost
|
|-weather|none
|-damage|p2a: Celebi|31/100 psn|[from] psn
|upkeep
|turn|45
|c| Swag2zard|Gg
|
|t:|1628411807
|move|p2a: Celebi|Recover|p2a: Celebi
|-heal|p2a: Celebi|81/100 psn
|move|p1a: Lugia|Calm Mind|p1a: Lugia
|-boost|p1a: Lugia|spa|1
|-boost|p1a: Lugia|spd|1
|
|-damage|p2a: Celebi|69/100 psn|[from] psn
|upkeep
|turn|46
|
|t:|1628411817
|move|p2a: Celebi|Recover|p2a: Celebi
|-heal|p2a: Celebi|100/100 psn
|move|p1a: Lugia|Calm Mind|p1a: Lugia
|-boost|p1a: Lugia|spa|1
|-boost|p1a: Lugia|spd|1
|
|-damage|p2a: Celebi|88/100 psn|[from] psn
|upkeep
|turn|47
|
|t:|1628411826
|-curestatus|p2a: Celebi|psn|[from] ability: Natural Cure
|switch|p2a: Kyogre|Kyogre|17/100 psn
|-weather|RainDance|[from] ability: Drizzle|[of] p2a: Kyogre
|cant|p1a: Lugia|par
|
|-weather|RainDance|[upkeep]
|-damage|p2a: Kyogre|5/100 psn|[from] psn
|upkeep
|turn|48
|c| Musfique18|tokhn thunder marle hoto na?
|
|t:|1628411838
|move|p2a: Kyogre|Ice Beam|p1a: Lugia
|-supereffective|p1a: Lugia
|-damage|p1a: Lugia|79/100 par
|move|p1a: Lugia|Roost|p1a: Lugia
|-heal|p1a: Lugia|100/100 par
|-singleturn|p1a: Lugia|move: Roost
|
|-weather|RainDance|[upkeep]
|-damage|p2a: Kyogre|0 fnt|[from] psn
|faint|p2a: Kyogre
|upkeep
|
|t:|1628411847
|switch|p2a: Mimikyu|Mimikyu-Busted, F|96/100
|-status|p2a: Mimikyu|psn
|turn|49
|c|☆IamHrrimann|Neu pp
|
|t:|1628411859
|-zpower|p2a: Mimikyu
|move|p2a: Mimikyu|Let's Snuggle Forever|p1a: Lugia|[zeffect]
|-damage|p1a: Lugia|64/100 par
|move|p1a: Lugia|Aeroblast|p2a: Mimikyu
|-damage|p2a: Mimikyu|10/100 psn
|
|-weather|RainDance|[upkeep]
|-heal|p1a: Lugia|71/100 par|[from] item: Leftovers
|-damage|p2a: Mimikyu|0 fnt|[from] psn
|faint|p2a: Mimikyu
|upkeep
|
|t:|1628411872
|switch|p2a: Celebi|Celebi|88/100
|-status|p2a: Celebi|psn
|turn|50
|c| Musfique18|well gg done
|c|☆IamHrrimann|Gg
|
|t:|1628411927
|move|p2a: Celebi|Leaf Storm|p1a: Lugia
|-resisted|p1a: Lugia
|-damage|p1a: Lugia|58/100 par
|-unboost|p2a: Celebi|spa|2
|move|p1a: Lugia|Aeroblast|p2a: Celebi|[miss]
|-miss|p1a: Lugia|p2a: Celebi
|
|-weather|RainDance|[upkeep]
|-heal|p1a: Lugia|65/100 par|[from] item: Leftovers
|-damage|p2a: Celebi|76/100 psn|[from] psn
|upkeep
|turn|51
|
|t:|1628411939
|move|p2a: Celebi|Leaf Storm|p1a: Lugia
|-resisted|p1a: Lugia
|-damage|p1a: Lugia|58/100 par
|-unboost|p2a: Celebi|spa|2
|move|p1a: Lugia|Aeroblast|p2a: Celebi
|-supereffective|p2a: Celebi
|-damage|p2a: Celebi|0 fnt
|faint|p2a: Celebi
|
|win|IamHrrimann
|l| Musfique18
