|j|☆cotesmcgotes
|j|☆Naofumi_Bakugo_Jax
|t:|1664225828
|gametype|singles
|player|p1|cotesmcgotes|brendan|1728
|player|p2|Naofumi_Bakugo_Jax|blue|1793
|teamsize|p1|6
|teamsize|p2|6
|gen|8
|tier|[Gen 8] National Dex AG
|rated|
|rule|HP Percentage Mod: HP is shown in percentages
|rule|Endless Battle Clause: Forcing endless battles is banned
|clearpoke
|poke|p1|Kyogre|
|poke|p1|Quagsire, F|
|poke|p1|Kangaskhan, F|
|poke|p1|Zacian-*|
|poke|p1|Groudon|
|poke|p1|Regieleki|
|poke|p2|Zacian-*|
|poke|p2|Calyrex-Shadow|
|poke|p2|Yveltal|
|poke|p2|Arceus-*|
|poke|p2|Swampert, F|
|poke|p2|Kyogre|
|teampreview
|inactive|Battle timer is ON: inactive players will automatically lose when time's up. (requested by cotesmcgotes)
|inactive|Naofumi_Bakugo_Jax has 120 seconds left.
|
|t:|1664225876
|start
|switch|p1a: Kyogre|Kyogre|100/100
|switch|p2a: Swampert|Swampert, F|100/100
|-weather|RainDance|[from] ability: Drizzle|[of] p1a: Kyogre
|turn|1
|
|t:|1664225887
|detailschange|p2a: Swampert|Swampert-Mega, F
|-mega|p2a: Swampert|Swampert|Swampertite
|move|p2a: Swampert|Earthquake|p1a: Kyogre
|-damage|p1a: Kyogre|39/100
|move|p1a: Kyogre|Water Spout|p2a: Swampert
|-damage|p2a: Swampert|58/100
|
|-weather|RainDance|[upkeep]
|upkeep
|turn|2
|
|t:|1664225897
|switch|p1a: Quagsire|Quagsire, F|100/100
|move|p2a: Swampert|Earthquake|p1a: Quagsire
|-damage|p1a: Quagsire|61/100
|
|-weather|RainDance|[upkeep]
|upkeep
|turn|3
|
|t:|1664225914
|move|p2a: Swampert|Yawn|p1a: Quagsire
|-start|p1a: Quagsire|move: Yawn|[of] p2a: Swampert
|move|p1a: Quagsire|Recover|p1a: Quagsire
|-heal|p1a: Quagsire|100/100
|
|-weather|RainDance|[upkeep]
|upkeep
|turn|4
|
|t:|1664225923
|switch|p1a: Groudon|Groudon|100/100
|detailschange|p1a: Groudon|Groudon-Primal
|-primal|p1a: Groudon
|-weather|DesolateLand|[from] ability: Desolate Land|[of] p1a: Groudon
|move|p2a: Swampert|Earthquake|p1a: Groudon
|-supereffective|p1a: Groudon
|-damage|p1a: Groudon|18/100
|
|-weather|DesolateLand|[upkeep]
|upkeep
|turn|5
|
|t:|1664225933
|move|p1a: Groudon|Precipice Blades|p2a: Swampert
|-damage|p2a: Swampert|0 fnt
|faint|p2a: Swampert
|
|-weather|DesolateLand|[upkeep]
|upkeep
|inactive|Naofumi_Bakugo_Jax has 120 seconds left.
|inactive|Naofumi_Bakugo_Jax has 90 seconds left.
|
|t:|1664225998
|switch|p2a: Arceus|Arceus, shiny|100/100
|turn|6
|inactive|Naofumi_Bakugo_Jax has 90 seconds left.
|
|t:|1664226036
|-weather|none
|switch|p1a: Quagsire|Quagsire, F|100/100
|move|p2a: Arceus|Reflect|p2a: Arceus
|-sidestart|p2: Naofumi_Bakugo_Jax|Reflect
|
|upkeep
|turn|7
|
|t:|1664226056
|move|p2a: Arceus|Magic Coat|p2a: Arceus
|-singleturn|p2a: Arceus|move: Magic Coat
|move|p1a: Quagsire|Counter||[still]
|-fail|p1a: Quagsire
|
|upkeep
|turn|8
|
|t:|1664226066
|switch|p1a: Zacian|Zacian-Crowned, shiny|100/100
|-ability|p1a: Zacian|Intrepid Sword|boost
|-boost|p1a: Zacian|atk|1
|move|p2a: Arceus|Tailwind|p2a: Arceus
|-sidestart|p2: Naofumi_Bakugo_Jax|move: Tailwind
|
|upkeep
|turn|9
|inactive|Naofumi_Bakugo_Jax has 60 seconds left.
|
|t:|1664226099
|switch|p2a: Zacian|Zacian-Crowned|100/100
|-ability|p2a: Zacian|Intrepid Sword|boost
|-boost|p2a: Zacian|atk|1
|move|p1a: Zacian|Close Combat|p2a: Zacian
|-damage|p2a: Zacian|67/100
|-unboost|p1a: Zacian|def|1
|-unboost|p1a: Zacian|spd|1
|
|upkeep
|turn|10
|
|t:|1664226106
|switch|p1a: Quagsire|Quagsire, F|100/100
|move|p2a: Zacian|Behemoth Blade|p1a: Quagsire
|-resisted|p1a: Quagsire
|-crit|p1a: Quagsire
|-damage|p1a: Quagsire|62/100
|-damage|p2a: Zacian|50/100|[from] item: Rocky Helmet|[of] p1a: Quagsire
|
|upkeep
|turn|11
|inactive|Naofumi_Bakugo_Jax has 60 seconds left.
|
|t:|1664226149
|switch|p2a: Arceus|Arceus, shiny|100/100
|move|p1a: Quagsire|Recover|p1a: Quagsire
|-heal|p1a: Quagsire|100/100
|
|-sideend|p2: Naofumi_Bakugo_Jax|move: Tailwind
|upkeep
|turn|12
|
|t:|1664226178
|switch|p1a: Zacian|Zacian-Crowned, shiny|100/100
|-ability|p1a: Zacian|Intrepid Sword|boost
|-boost|p1a: Zacian|atk|1
|move|p2a: Arceus|Tailwind|p2a: Arceus
|-sidestart|p2: Naofumi_Bakugo_Jax|move: Tailwind
|
|upkeep
|turn|13
|inactive|Naofumi_Bakugo_Jax has 30 seconds left.
|
|t:|1664226209
|switch|p2a: Calyrex|Calyrex-Shadow|100/100
|-ability|p2a: Calyrex|As One
|-ability|p2a: Calyrex|Unnerve
|move|p1a: Zacian|Behemoth Blade|p2a: Calyrex
|-damage|p2a: Calyrex|38/100
|
|-sideend|p2: Naofumi_Bakugo_Jax|Reflect
|upkeep
|turn|14
|inactive|Naofumi_Bakugo_Jax has 30 seconds left.
|inactive|Naofumi_Bakugo_Jax has 20 seconds left.
|
|t:|1664226228
|switch|p1a: Kangaskhan|Kangaskhan, F|100/100
|move|p2a: Calyrex|Nasty Plot|p2a: Calyrex
|-boost|p2a: Calyrex|spa|2
|
|upkeep
|turn|15
|inactive|Naofumi_Bakugo_Jax has 30 seconds left this turn.
|
|t:|1664226236
|move|p1a: Kangaskhan|Fake Out|p2a: Calyrex
|-damage|p2a: Calyrex|19/100
|cant|p2a: Calyrex|flinch
|
|-sideend|p2: Naofumi_Bakugo_Jax|move: Tailwind
|upkeep
|turn|16
|
|t:|1664226240
|detailschange|p1a: Kangaskhan|Kangaskhan-Mega, F
|-mega|p1a: Kangaskhan|Kangaskhan|Kangaskhanite
|move|p1a: Kangaskhan|Sucker Punch||[still]
|-fail|p1a: Kangaskhan
|move|p2a: Calyrex|Baton Pass|p2a: Calyrex
|
|t:|1664226245
|switch|p2a: Yveltal|Yveltal, shiny|100/100|[from]move: Baton Pass
|-ability|p2a: Yveltal|Dark Aura
|
|upkeep
|turn|17
|
|t:|1664226260
|switch|p1a: Regieleki|Regieleki|100/100
|-start|p2a: Yveltal|Dynamax|
|-heal|p2a: Yveltal|100/100|[silent]
|move|p2a: Yveltal|Max Airstream|p1a: Regieleki
|-resisted|p1a: Regieleki
|-damage|p1a: Regieleki|0 fnt
|-boost|p2a: Yveltal|spe|1
|faint|p1a: Regieleki
|
|upkeep
|
|t:|1664226277
|switch|p1a: Kangaskhan|Kangaskhan-Mega, F|100/100
|turn|18
|
|t:|1664226296
|switch|p1a: Groudon|Groudon-Primal|18/100
|-weather|DesolateLand|[from] ability: Desolate Land|[of] p1a: Groudon
|move|p2a: Yveltal|Max Darkness|p1a: Groudon
|-damage|p1a: Groudon|0 fnt
|faint|p1a: Groudon
|-weather|none
|
|upkeep
|inactive|cotesmcgotes has 120 seconds left.
|
|t:|1664226317
|switch|p1a: Quagsire|Quagsire, F|100/100
|turn|19
|
|t:|1664226322
|move|p2a: Yveltal|Max Darkness|p1a: Quagsire
|-damage|p1a: Quagsire|0 fnt
|faint|p1a: Quagsire
|
|upkeep
|inactive|cotesmcgotes has 120 seconds left.
|
|t:|1664226332
|switch|p1a: Kyogre|Kyogre|39/100
|-weather|RainDance|[from] ability: Drizzle|[of] p1a: Kyogre
|-end|p2a: Yveltal|Dynamax
|-heal|p2a: Yveltal|100/100|[silent]
|turn|20
|inactive|Naofumi_Bakugo_Jax has 60 seconds left.
|
|t:|1664226352
|move|p2a: Yveltal|Tailwind|p2a: Yveltal
|-sidestart|p2: Naofumi_Bakugo_Jax|move: Tailwind
|move|p1a: Kyogre|Thunder|p2a: Yveltal
|-supereffective|p2a: Yveltal
|-damage|p2a: Yveltal|19/100
|-status|p2a: Yveltal|par
|
|-weather|RainDance|[upkeep]
|upkeep
|turn|21
|inactive|Naofumi_Bakugo_Jax has 60 seconds left.
|
|t:|1664226370
|move|p2a: Yveltal|Tailwind||[still]
|-fail|p2a: Yveltal
|move|p1a: Kyogre|Thunder|p2a: Yveltal
|-supereffective|p2a: Yveltal
|-damage|p2a: Yveltal|0 fnt
|faint|p2a: Yveltal
|
|-weather|RainDance|[upkeep]
|upkeep
|
|t:|1664226374
|switch|p2a: Arceus|Arceus, shiny|100/100
|turn|22
|
|t:|1664226388
|switch|p1a: Zacian|Zacian-Crowned, shiny|100/100
|-ability|p1a: Zacian|Intrepid Sword|boost
|-boost|p1a: Zacian|atk|1
|move|p2a: Arceus|Reflect|p2a: Arceus
|-sidestart|p2: Naofumi_Bakugo_Jax|Reflect
|
|-weather|RainDance|[upkeep]
|upkeep
|turn|23
|inactive|cotesmcgotes has 120 seconds left.
|
|t:|1664226414
|move|p2a: Arceus|Extreme Speed|p1a: Zacian
|-resisted|p1a: Zacian
|-damage|p1a: Zacian|81/100
|move|p1a: Zacian|Behemoth Blade|p2a: Arceus
|-damage|p2a: Arceus|71/100
|
|-weather|RainDance|[upkeep]
|-sideend|p2: Naofumi_Bakugo_Jax|move: Tailwind
|upkeep
|turn|24
|
|t:|1664226421
|move|p1a: Zacian|Close Combat|p2a: Arceus
|-supereffective|p2a: Arceus
|-damage|p2a: Arceus|20/100
|-unboost|p1a: Zacian|def|1
|-unboost|p1a: Zacian|spd|1
|move|p2a: Arceus|Tailwind|p2a: Arceus
|-sidestart|p2: Naofumi_Bakugo_Jax|move: Tailwind
|
|-weather|none
|upkeep
|turn|25
|
|t:|1664226433
|switch|p1a: Kangaskhan|Kangaskhan-Mega, F|100/100
|move|p2a: Arceus|Extreme Speed|p1a: Kangaskhan
|-damage|p1a: Kangaskhan|58/100
|
|upkeep
|turn|26
|
|t:|1664226442
|move|p1a: Kangaskhan|Fake Out|p2a: Arceus
|-damage|p2a: Arceus|13/100
|-damage|p2a: Arceus|12/100
|-hitcount|p2a: Arceus|2
|cant|p2a: Arceus|flinch
|
|upkeep
|turn|27
|
|t:|1664226455
|switch|p1a: Zacian|Zacian-Crowned, shiny|81/100
|-ability|p1a: Zacian|Intrepid Sword|boost
|-boost|p1a: Zacian|atk|1
|move|p2a: Arceus|Extreme Speed|p1a: Zacian
|-resisted|p1a: Zacian
|-crit|p1a: Zacian
|-damage|p1a: Zacian|49/100
|
|-sideend|p2: Naofumi_Bakugo_Jax|move: Tailwind
|upkeep
|turn|28
|
|t:|1664226481
|switch|p2a: Kyogre|Kyogre|100/100
|-weather|RainDance|[from] ability: Drizzle|[of] p2a: Kyogre
|move|p1a: Zacian|Crunch|p2a: Kyogre
|-damage|p2a: Kyogre|75/100
|
|-weather|RainDance|[upkeep]
|upkeep
|turn|29
|inactive|Naofumi_Bakugo_Jax has 60 seconds left.
|
|t:|1664226501
|move|p2a: Kyogre|Thunder Wave|p1a: Zacian
|-status|p1a: Zacian|par
|move|p1a: Zacian|Wild Charge|p2a: Kyogre
|-supereffective|p2a: Kyogre
|-damage|p2a: Kyogre|12/100
|-damage|p1a: Zacian|32/100 par|[from] Recoil
|
|-weather|RainDance|[upkeep]
|-sideend|p2: Naofumi_Bakugo_Jax|Reflect
|upkeep
|turn|30
|inactive|Naofumi_Bakugo_Jax has 60 seconds left.
|
|t:|1664226537
|switch|p2a: Calyrex|Calyrex-Shadow|19/100
|-ability|p2a: Calyrex|As One
|-ability|p2a: Calyrex|Unnerve
|cant|p1a: Zacian|par
|
|-weather|RainDance|[upkeep]
|upkeep
|turn|31
|inactive|Naofumi_Bakugo_Jax has 30 seconds left.
|inactive|Naofumi_Bakugo_Jax has 20 seconds left.
|
|t:|1664226566
|switch|p2a: Arceus|Arceus, shiny|12/100
|cant|p1a: Zacian|par
|
|-weather|RainDance|[upkeep]
|upkeep
|turn|32
|inactive|Naofumi_Bakugo_Jax has 30 seconds left this turn.
|inactive|Naofumi_Bakugo_Jax has 20 seconds left.
|inactive|Naofumi_Bakugo_Jax has 15 seconds left.
|
|t:|1664226584
|move|p2a: Arceus|Tailwind|p2a: Arceus
|-sidestart|p2: Naofumi_Bakugo_Jax|move: Tailwind
|move|p1a: Zacian|Crunch|p2a: Arceus
|-damage|p2a: Arceus|0 fnt
|faint|p2a: Arceus
|
|-weather|none
|upkeep
|inactive|Naofumi_Bakugo_Jax has 20 seconds left this turn.
|inactive|Naofumi_Bakugo_Jax has 15 seconds left.
|inactive|Naofumi_Bakugo_Jax has 10 seconds left.
|
|t:|1664226594
|switch|p2a: Zacian|Zacian-Crowned|50/100
|-ability|p2a: Zacian|Intrepid Sword|boost
|-boost|p2a: Zacian|atk|1
|turn|33
|inactive|Naofumi_Bakugo_Jax has 20 seconds left this turn.
|
|t:|1664226604
|move|p2a: Zacian|Behemoth Blade|p1a: Zacian
|-damage|p1a: Zacian|0 fnt
|faint|p1a: Zacian
|
|upkeep
|inactive|Naofumi_Bakugo_Jax has 25 seconds left this turn.
|
|t:|1664226607
|switch|p1a: Kyogre|Kyogre|39/100
|-weather|RainDance|[from] ability: Drizzle|[of] p1a: Kyogre
|turn|34
|inactive|Naofumi_Bakugo_Jax has 30 seconds left.
|
|t:|1664226625
|-start|p1a: Kyogre|Dynamax|
|-heal|p1a: Kyogre|39/100|[silent]
|move|p2a: Zacian|Wild Charge|p1a: Kyogre
|-supereffective|p1a: Kyogre
|-damage|p1a: Kyogre|0 fnt
|faint|p1a: Kyogre
|-damage|p2a: Zacian|30/100|[from] Recoil
|
|-weather|RainDance|[upkeep]
|upkeep
|inactive|Naofumi_Bakugo_Jax has 30 seconds left this turn.
|
|t:|1664226634
|switch|p1a: Kangaskhan|Kangaskhan-Mega, F|58/100
|turn|35
|
|t:|1664226639
|move|p1a: Kangaskhan|Fake Out|p2a: Zacian
|-resisted|p2a: Zacian
|-damage|p2a: Zacian|20/100
|-resisted|p2a: Zacian
|-damage|p2a: Zacian|18/100
|-hitcount|p2a: Zacian|2
|cant|p2a: Zacian|flinch
|
|-weather|RainDance|[upkeep]
|-sideend|p2: Naofumi_Bakugo_Jax|move: Tailwind
|upkeep
|turn|36
|
|t:|1664226652
|move|p1a: Kangaskhan|Sucker Punch|p2a: Zacian
|-resisted|p2a: Zacian
|-damage|p2a: Zacian|8/100
|-resisted|p2a: Zacian
|-damage|p2a: Zacian|5/100
|-hitcount|p2a: Zacian|2
|move|p2a: Zacian|Close Combat|p1a: Kangaskhan
|-supereffective|p1a: Kangaskhan
|-damage|p1a: Kangaskhan|0 fnt
|-unboost|p2a: Zacian|def|1
|-unboost|p2a: Zacian|spd|1
|faint|p1a: Kangaskhan
|
|win|Naofumi_Bakugo_Jax
|raw|cotesmcgotes's rating: 1728 &rarr; <strong>1712</strong><br />(-16 for losing)
|raw|Naofumi_Bakugo_Jax's rating: 1793 &rarr; <strong>1809</strong><br />(+16 for winning)
|c|☆Naofumi_Bakugo_Jax|Gg
|c|☆cotesmcgotes|Gg
|l|☆cotesmcgotes
||Ladder isn't responding, score probably updated but might not have (Request timeout).
