|j|☆U r goated ash
|j|☆iopkj09
|t:|1663388773
|gametype|singles
|player|p1|U r goated ash|170|1603
|player|p2|iopkj09|nate|1679
|teamsize|p1|6
|teamsize|p2|6
|gen|8
|tier|[Gen 8] National Dex AG
|rated|
|rule|HP Percentage Mod: HP is shown in percentages
|rule|Endless Battle Clause: Forcing endless battles is banned
|clearpoke
|poke|p1|Lucario, M|
|poke|p1|Pikachu, M|
|poke|p1|Greninja, M|
|poke|p1|Infernape, F|
|poke|p1|Donphan, M|
|poke|p1|Dragonite, M|
|poke|p2|Yveltal|
|poke|p2|Xerneas-*|
|poke|p2|Rayquaza|
|poke|p2|Arceus-*|
|poke|p2|Melmetal|
|poke|p2|Ditto|
|teampreview
|inactive|Battle timer is ON: inactive players will automatically lose when time's up. (requested by iopkj09)
|inactive|U r goated ash also wants the timer to be on.
|
|t:|1663388784
|start
|switch|p1a: Donphan|Donphan, M|100/100
|switch|p2a: Yveltal|Yveltal, shiny|100/100
|-ability|p2a: Yveltal|Dark Aura
|turn|1
|
|t:|1663388789
|move|p2a: Yveltal|Dark Pulse|p1a: Donphan
|-ability|p1a: Donphan|Sturdy
|-damage|p1a: Donphan|1/100
|-damage|p2a: Yveltal|91/100|[from] item: Life Orb
|move|p1a: Donphan|Stealth Rock|p2a: Yveltal
|-sidestart|p2: iopkj09|move: Stealth Rock
|
|upkeep
|turn|2
|-enditem|p1a: Donphan|Custap Berry|[eat]
|-activate|p1a: Donphan|item: Custap Berry|[consumed]
|
|t:|1663388793
|move|p1a: Donphan|Endeavor|p2a: Yveltal
|-damage|p2a: Yveltal|1/100
|move|p2a: Yveltal|Dark Pulse|p1a: Donphan
|-damage|p1a: Donphan|0 fnt
|faint|p1a: Donphan
|-damage|p2a: Yveltal|0 fnt|[from] item: Life Orb
|faint|p2a: Yveltal
|
|upkeep
|
|t:|1663388808
|switch|p2a: Xerneas|Xerneas, shiny|100/100
|switch|p1a: Lucario|Lucario, M|100/100
|-damage|p2a: Xerneas|88/100|[from] Stealth Rock
|-ability|p2a: Xerneas|Fairy Aura
|turn|3
|
|t:|1663388814
|switch|p2a: Melmetal|Melmetal, shiny|100/100
|-damage|p2a: Melmetal|94/100|[from] Stealth Rock
|detailschange|p1a: Lucario|Lucario-Mega, M
|-mega|p1a: Lucario|Lucario|Lucarionite
|move|p1a: Lucario|Swords Dance|p1a: Lucario
|-boost|p1a: Lucario|atk|2
|
|upkeep
|turn|4
|
|t:|1663388819
|-start|p2a: Melmetal|Dynamax|
|-heal|p2a: Melmetal|94/100|[silent]
|move|p1a: Lucario|Close Combat|p2a: Melmetal
|-supereffective|p2a: Melmetal
|-damage|p2a: Melmetal|5/100
|-unboost|p1a: Lucario|def|1
|-unboost|p1a: Lucario|spd|1
|move|p2a: Melmetal|Max Quake|p1a: Lucario
|-supereffective|p1a: Lucario
|-damage|p1a: Lucario|0 fnt
|-boost|p2a: Melmetal|spd|1
|faint|p1a: Lucario
|
|upkeep
|
|t:|1663388828
|switch|p1a: Greninja|Greninja, M|100/100
|turn|5
|
|t:|1663388844
|move|p1a: Greninja|Dark Pulse|p2a: Melmetal
|-damage|p2a: Melmetal|0 fnt
|faint|p2a: Melmetal
|-activate|p1a: Greninja|ability: Battle Bond
|detailschange|p1a: Greninja|Greninja-Ash, M
|-damage|p1a: Greninja|91/100|[from] item: Life Orb
|
|upkeep
|
|t:|1663388848
|switch|p2a: Xerneas|Xerneas, shiny|88/100
|-damage|p2a: Xerneas|76/100|[from] Stealth Rock
|-ability|p2a: Xerneas|Fairy Aura
|turn|6
|
|t:|1663388853
|move|p1a: Greninja|Ice Beam|p2a: Xerneas
|-damage|p2a: Xerneas|36/100
|-damage|p1a: Greninja|81/100|[from] item: Life Orb
|move|p2a: Xerneas|Geomancy||[still]
|-prepare|p2a: Xerneas|Geomancy
|-enditem|p2a: Xerneas|Power Herb
|-anim|p2a: Xerneas|Geomancy|p2a: Xerneas
|-boost|p2a: Xerneas|spa|2
|-boost|p2a: Xerneas|spd|2
|-boost|p2a: Xerneas|spe|2
|
|upkeep
|turn|7
|
|t:|1663388858
|move|p1a: Greninja|Water Shuriken|p2a: Xerneas
|-damage|p2a: Xerneas|28/100
|-damage|p2a: Xerneas|22/100
|-damage|p2a: Xerneas|14/100
|-hitcount|p2a: Xerneas|3
|-damage|p1a: Greninja|71/100|[from] item: Life Orb
|move|p2a: Xerneas|Draining Kiss|p1a: Greninja
|-supereffective|p1a: Greninja
|-damage|p1a: Greninja|0 fnt
|-heal|p2a: Xerneas|53/100|[from] drain|[of] p1a: Greninja
|faint|p1a: Greninja
|
|upkeep
|
|t:|1663388869
|switch|p1a: Dragonite|Dragonite, M|100/100
|turn|8
|
|t:|1663388875
|-start|p1a: Dragonite|Dynamax|
|-heal|p1a: Dragonite|100/100|[silent]
|move|p2a: Xerneas|Draining Kiss|p1a: Dragonite
|-supereffective|p1a: Dragonite
|-damage|p1a: Dragonite|57/100
|-heal|p2a: Xerneas|100/100|[from] drain|[of] p1a: Dragonite
|-enditem|p1a: Dragonite|Weakness Policy
|-boost|p1a: Dragonite|atk|2|[from] item: Weakness Policy
|-boost|p1a: Dragonite|spa|2|[from] item: Weakness Policy
|move|p1a: Dragonite|Max Airstream|p2a: Xerneas
|-damage|p2a: Xerneas|0 fnt
|-boost|p1a: Dragonite|spe|1
|faint|p2a: Xerneas
|
|upkeep
|
|t:|1663388878
|switch|p2a: Ditto|Ditto, shiny|100/100
|-damage|p2a: Ditto|88/100|[from] Stealth Rock
|-transform|p2a: Ditto|p1a: Dragonite|[from] ability: Imposter
|turn|9
|
|t:|1663388882
|move|p2a: Ditto|Dual Wingbeat|p1a: Dragonite
|-damage|p1a: Dragonite|31/100
|-damage|p1a: Dragonite|5/100
|-hitcount|p1a: Dragonite|2
|move|p1a: Dragonite|Max Airstream|p2a: Ditto
|-damage|p2a: Ditto|0 fnt
|-boost|p1a: Dragonite|spe|1
|faint|p2a: Ditto
|
|upkeep
|
|t:|1663388886
|switch|p2a: Rayquaza|Rayquaza|100/100
|-damage|p2a: Rayquaza|75/100|[from] Stealth Rock
|-ability|p2a: Rayquaza|Air Lock
|turn|10
|
|t:|1663388888
|detailschange|p2a: Rayquaza|Rayquaza-Mega
|-mega|p2a: Rayquaza|Rayquaza|
|-weather|DeltaStream|[from] ability: Delta Stream|[of] p2a: Rayquaza
|move|p1a: Dragonite|Max Guard|p1a: Dragonite
|-singleturn|p1a: Dragonite|Max Guard
|move|p2a: Rayquaza|Extreme Speed|p1a: Dragonite
|-activate|p1a: Dragonite|move: Max Guard
|
|-weather|DeltaStream|[upkeep]
|upkeep
|-end|p1a: Dragonite|Dynamax
|-heal|p1a: Dragonite|5/100|[silent]
|turn|11
|
|t:|1663388895
|move|p1a: Dragonite|Extreme Speed|p2a: Rayquaza
|-damage|p2a: Rayquaza|13/100
|move|p2a: Rayquaza|Extreme Speed|p1a: Dragonite
|-damage|p1a: Dragonite|0 fnt
|faint|p1a: Dragonite
|
|-weather|DeltaStream|[upkeep]
|upkeep
|
|t:|1663388905
|switch|p1a: Infernape|Infernape, F|100/100
|turn|12
|
|t:|1663388908
|move|p2a: Rayquaza|Extreme Speed|p1a: Infernape
|-damage|p1a: Infernape|38/100
|move|p1a: Infernape|Mach Punch|p2a: Rayquaza
|-resisted|p2a: Rayquaza
|-damage|p2a: Rayquaza|2/100
|
|-weather|DeltaStream|[upkeep]
|upkeep
|turn|13
|
|t:|1663388911
|move|p2a: Rayquaza|Extreme Speed|p1a: Infernape
|-crit|p1a: Infernape
|-damage|p1a: Infernape|0 fnt
|faint|p1a: Infernape
|
|-weather|DeltaStream|[upkeep]
|upkeep
|
|t:|1663388913
|switch|p1a: Pikachu|Pikachu, M|100/100
|turn|14
|
|t:|1663388916
|move|p2a: Rayquaza|Extreme Speed|p1a: Pikachu
|-damage|p1a: Pikachu|0 fnt
|faint|p1a: Pikachu
|
|win|iopkj09
|raw|U r goated ash's rating: 1603 &rarr; <strong>1587</strong><br />(-16 for losing)
|raw|iopkj09's rating: 1679 &rarr; <strong>1695</strong><br />(+16 for winning)
