|j|☆Guardsweeper
|j|☆OnMaWa
|player|p1|Guardsweeper|bellelba|1749
|player|p2|OnMaWa|psychic-gen4|1763
|teamsize|p1|6
|teamsize|p2|6
|gametype|singles
|gen|8
|tier|[Gen 8] National Dex AG
|rated|
|clearpoke
|poke|p1|Zacian-Crowned|
|poke|p1|Arceus-*|
|poke|p1|Ferrothorn, F|
|poke|p1|Ho-Oh|
|poke|p1|Necrozma-Dusk-Mane|
|poke|p1|Arceus-*|
|poke|p2|Necrozma-Dusk-Mane|
|poke|p2|Arceus-*|
|poke|p2|Xerneas|
|poke|p2|Zacian-Crowned|
|poke|p2|Lugia|
|poke|p2|Yveltal|
|rule|HP Percentage Mod: HP is shown in percentages
|rule|Endless Battle Clause: Forcing endless battles is banned
|teampreview
|inactive|Battle timer is ON: inactive players will automatically lose when time's up. (requested by Guardsweeper)
|
|start
|switch|p1a: Arceus|Arceus-Water, shiny|100/100
|switch|p2a: Xerneas|Xerneas|100/100
|-ability|p2a: Xerneas|Fairy Aura
|turn|1
|
|switch|p1a: Ho-Oh|Ho-Oh|100/100
|move|p2a: Xerneas|Geomancy||[still]
|-prepare|p2a: Xerneas|Geomancy|p2a: Xerneas
|-enditem|p2a: Xerneas|Power Herb
|-anim|p2a: Xerneas|Geomancy|p2a: Xerneas
|-boost|p2a: Xerneas|spa|2
|-boost|p2a: Xerneas|spd|2
|-boost|p2a: Xerneas|spe|2
|
|upkeep
|turn|2
|
|-start|p2a: Xerneas|Dynamax
|-heal|p2a: Xerneas|100/100|[silent]
|move|p2a: Xerneas|Max Starfall|p1a: Ho-Oh
|-resisted|p1a: Ho-Oh
|-damage|p1a: Ho-Oh|60/100
|-fieldstart|move: Misty Terrain
|move|p1a: Ho-Oh|Whirlwind|p2a: Xerneas
|-block|p2a: Xerneas|Dynamax
|
|upkeep
|turn|3
|j| Ainu&Rupu
|
|move|p1a: Ho-Oh|Protect|p1a: Ho-Oh
|-singleturn|p1a: Ho-Oh|Protect
|move|p2a: Xerneas|Max Lightning|p1a: Ho-Oh
|-supereffective|p1a: Ho-Oh
|-zbroken|p1a: Ho-Oh
|-damage|p1a: Ho-Oh|38/100
|-fieldstart|move: Electric Terrain
|
|upkeep
|turn|4
|inactive|OnMaWa has 120 seconds left.
|
|switch|p1a: Ferrothorn|Ferrothorn, F, shiny|100/100
|move|p2a: Xerneas|Max Starfall|p1a: Ferrothorn
|-resisted|p1a: Ferrothorn
|-damage|p1a: Ferrothorn|40/100
|-fieldstart|move: Misty Terrain
|
|-heal|p1a: Ferrothorn|46/100|[from] item: Leftovers
|-end|p2a: Xerneas|Dynamax
|-heal|p2a: Xerneas|100/100|[silent]
|upkeep
|turn|5
|inactive|OnMaWa has 120 seconds left.
|
|move|p1a: Ferrothorn|Protect|p1a: Ferrothorn
|-singleturn|p1a: Ferrothorn|Protect
|move|p2a: Xerneas|Hidden Power|p1a: Ferrothorn
|-activate|p1a: Ferrothorn|move: Protect
|
|-heal|p1a: Ferrothorn|52/100|[from] item: Leftovers
|upkeep
|turn|6
|
|switch|p1a: Ho-Oh|Ho-Oh|71/100
|move|p2a: Xerneas|Hidden Power|p1a: Ho-Oh
|-resisted|p1a: Ho-Oh
|-damage|p1a: Ho-Oh|61/100
|
|upkeep
|turn|7
|
|switch|p1a: Ferrothorn|Ferrothorn, F, shiny|52/100
|move|p2a: Xerneas|Thunder|p1a: Ferrothorn|[miss]
|-miss|p2a: Xerneas|p1a: Ferrothorn
|
|-heal|p1a: Ferrothorn|58/100|[from] item: Leftovers
|upkeep
|turn|8
|
|switch|p1a: Ho-Oh|Ho-Oh|94/100
|move|p2a: Xerneas|Hidden Power|p1a: Ho-Oh
|-resisted|p1a: Ho-Oh
|-damage|p1a: Ho-Oh|84/100
|
|-fieldend|Misty Terrain
|upkeep
|turn|9
|
|move|p2a: Xerneas|Thunder|p1a: Ho-Oh
|-supereffective|p1a: Ho-Oh
|-damage|p1a: Ho-Oh|14/100
|move|p1a: Ho-Oh|Whirlwind|p2a: Xerneas
|drag|p2a: Zacian|Zacian-Crowned|100/100
|-ability|p2a: Zacian|Intrepid Sword|boost
|-boost|p2a: Zacian|atk|1
|
|upkeep
|turn|10
|
|switch|p1a: Necrozma|Necrozma-Dusk-Mane, shiny|100/100
|move|p2a: Zacian|Behemoth Blade|p1a: Necrozma
|-resisted|p1a: Necrozma
|-damage|p1a: Necrozma|73/100
|
|-heal|p1a: Necrozma|79/100|[from] item: Leftovers
|upkeep
|turn|11
|
|move|p2a: Zacian|Crunch|p1a: Necrozma
|-supereffective|p1a: Necrozma
|-damage|p1a: Necrozma|37/100
|move|p1a: Necrozma|Stealth Rock|p2a: Zacian
|-sidestart|p2: OnMaWa|move: Stealth Rock
|
|-heal|p1a: Necrozma|43/100|[from] item: Leftovers
|upkeep
|turn|12
|
|move|p2a: Zacian|Crunch|p1a: Necrozma
|-supereffective|p1a: Necrozma
|-damage|p1a: Necrozma|1/100
|-unboost|p1a: Necrozma|def|1
|move|p1a: Necrozma|Moonlight|p1a: Necrozma
|-heal|p1a: Necrozma|51/100
|
|-heal|p1a: Necrozma|57/100|[from] item: Leftovers
|upkeep
|turn|13
|j| draculappt
|
|switch|p1a: Arceus|Arceus-Dark, shiny|100/100
|move|p2a: Zacian|Crunch|p1a: Arceus
|-resisted|p1a: Arceus
|-damage|p1a: Arceus|87/100
|
|upkeep
|turn|14
|
|switch|p1a: Ho-Oh|Ho-Oh|48/100
|move|p2a: Zacian|Close Combat|p1a: Ho-Oh
|-resisted|p1a: Ho-Oh
|-damage|p1a: Ho-Oh|12/100
|-unboost|p2a: Zacian|def|1
|-unboost|p2a: Zacian|spd|1
|
|upkeep
|turn|15
|
|move|p2a: Zacian|Crunch|p1a: Ho-Oh
|-damage|p1a: Ho-Oh|0 fnt
|faint|p1a: Ho-Oh
|
|upkeep
|
|switch|p1a: Necrozma|Necrozma-Dusk-Mane, shiny|57/100
|turn|16
|
|switch|p2a: Lugia|Lugia|100/100
|move|p1a: Necrozma|Moonlight|p1a: Necrozma
|-heal|p1a: Necrozma|100/100
|
|upkeep
|turn|17
|
|move|p2a: Lugia|Thunder Wave|p1a: Necrozma
|-status|p1a: Necrozma|par
|move|p1a: Necrozma|Toxic|p2a: Lugia
|-status|p2a: Lugia|tox
|
|-damage|p2a: Lugia|94/100 tox|[from] psn
|upkeep
|turn|18
|
|switch|p2a: Zacian|Zacian-Crowned|100/100
|-damage|p2a: Zacian|94/100|[from] Stealth Rock
|-ability|p2a: Zacian|Intrepid Sword|boost
|-boost|p2a: Zacian|atk|1
|switch|p1a: Arceus|Arceus-Water, shiny|100/100
|
|upkeep
|turn|19
|
|move|p2a: Zacian|Crunch|p1a: Arceus
|-damage|p1a: Arceus|74/100
|move|p1a: Arceus|Recover|p1a: Arceus
|-heal|p1a: Arceus|100/100
|
|upkeep
|turn|20
|
|move|p2a: Zacian|Crunch|p1a: Arceus
|-crit|p1a: Arceus
|-damage|p1a: Arceus|59/100
|move|p1a: Arceus|Recover|p1a: Arceus
|-heal|p1a: Arceus|100/100
|
|upkeep
|turn|21
|
|move|p2a: Zacian|Crunch|p1a: Arceus
|-damage|p1a: Arceus|73/100
|-unboost|p1a: Arceus|def|1
|move|p1a: Arceus|Calm Mind|p1a: Arceus
|-boost|p1a: Arceus|spa|1
|-boost|p1a: Arceus|spd|1
|
|upkeep
|turn|22
|
|move|p2a: Zacian|Wild Charge|p1a: Arceus
|-supereffective|p1a: Arceus
|-damage|p1a: Arceus|0 fnt
|-damage|p2a: Zacian|70/100|[from] Recoil
|faint|p1a: Arceus
|
|upkeep
|
|switch|p1a: Zacian|Zacian-Crowned|100/100
|-ability|p1a: Zacian|Intrepid Sword|boost
|-boost|p1a: Zacian|atk|1
|turn|23
|
|switch|p2a: Lugia|Lugia|94/100 tox
|move|p1a: Zacian|Close Combat|p2a: Lugia
|-resisted|p2a: Lugia
|-damage|p2a: Lugia|84/100 tox
|-unboost|p1a: Zacian|def|1
|-unboost|p1a: Zacian|spd|1
|
|-damage|p2a: Lugia|78/100 tox|[from] psn
|upkeep
|turn|24
|
|move|p1a: Zacian|Protect|p1a: Zacian
|-singleturn|p1a: Zacian|Protect
|move|p2a: Lugia|Thunder Wave|p1a: Zacian
|-activate|p1a: Zacian|move: Protect
|
|-damage|p2a: Lugia|65/100 tox|[from] psn
|upkeep
|turn|25
|
|move|p1a: Zacian|Wild Charge|p2a: Lugia
|-supereffective|p2a: Lugia
|-damage|p2a: Lugia|5/100 tox
|-damage|p1a: Zacian|81/100|[from] Recoil
|move|p2a: Lugia|Thunder Wave|p1a: Zacian
|-status|p1a: Zacian|par
|
|-damage|p2a: Lugia|0 fnt|[from] psn
|faint|p2a: Lugia
|upkeep
|c| Ainu&Rupu|lugia is so fat
|
|switch|p2a: Zacian|Zacian-Crowned|70/100
|-damage|p2a: Zacian|63/100|[from] Stealth Rock
|-ability|p2a: Zacian|Intrepid Sword|boost
|-boost|p2a: Zacian|atk|1
|turn|26
|
|switch|p1a: Necrozma|Necrozma-Dusk-Mane, shiny|100/100 par
|move|p2a: Zacian|Behemoth Blade|p1a: Necrozma
|-resisted|p1a: Necrozma
|-damage|p1a: Necrozma|74/100 par
|
|-heal|p1a: Necrozma|80/100 par|[from] item: Leftovers
|upkeep
|turn|27
|
|move|p2a: Zacian|Crunch|p1a: Necrozma
|-supereffective|p1a: Necrozma
|-damage|p1a: Necrozma|37/100 par
|-unboost|p1a: Necrozma|def|1
|move|p1a: Necrozma|Sunsteel Strike|p2a: Zacian
|-crit|p2a: Zacian
|-damage|p2a: Zacian|0 fnt
|faint|p2a: Zacian
|
|-heal|p1a: Necrozma|43/100 par|[from] item: Leftovers
|upkeep
|inactive|OnMaWa has 120 seconds left.
|
|switch|p2a: Necrozma|Necrozma-Dusk-Mane|100/100
|-damage|p2a: Necrozma|94/100|[from] Stealth Rock
|turn|28
|
|switch|p1a: Arceus|Arceus-Dark, shiny|87/100
|move|p2a: Necrozma|Dragon Dance|p2a: Necrozma
|-boost|p2a: Necrozma|atk|1
|-boost|p2a: Necrozma|spe|1
|
|upkeep
|turn|29
|inactive|OnMaWa has 120 seconds left.
|
|detailschange|p2a: Necrozma|Necrozma-Ultra
|-burst|p2a: Necrozma|Necrozma|Ultranecrozium Z
|move|p2a: Necrozma|Earthquake|p1a: Arceus
|-damage|p1a: Arceus|51/100
|move|p1a: Arceus|Will-O-Wisp|p2a: Necrozma|[miss]
|-miss|p1a: Arceus|p2a: Necrozma
|
|upkeep
|turn|30
|
|switch|p2a: Xerneas|Xerneas|100/100
|-damage|p2a: Xerneas|88/100|[from] Stealth Rock
|-ability|p2a: Xerneas|Fairy Aura
|move|p1a: Arceus|Recover|p1a: Arceus
|-heal|p1a: Arceus|100/100
|
|upkeep
|turn|31
|
|switch|p1a: Zacian|Zacian-Crowned|81/100 par
|-ability|p1a: Zacian|Intrepid Sword|boost
|-boost|p1a: Zacian|atk|1
|move|p2a: Xerneas|Moonblast|p1a: Zacian
|-resisted|p1a: Zacian
|-damage|p1a: Zacian|47/100 par
|
|upkeep
|turn|32
|inactive|OnMaWa has 90 seconds left.
|inactive|OnMaWa has 60 seconds left.
|
|move|p2a: Xerneas|Moonblast|p1a: Zacian
|-resisted|p1a: Zacian
|-damage|p1a: Zacian|13/100 par
|cant|p1a: Zacian|par
|
|upkeep
|turn|33
|
|move|p2a: Xerneas|Moonblast|p1a: Zacian
|-resisted|p1a: Zacian
|-crit|p1a: Zacian
|-damage|p1a: Zacian|0 fnt
|faint|p1a: Zacian
|
|upkeep
|
|switch|p1a: Necrozma|Necrozma-Dusk-Mane, shiny|43/100 par
|turn|34
|
|move|p2a: Xerneas|Moonblast|p1a: Necrozma
|-resisted|p1a: Necrozma
|-damage|p1a: Necrozma|13/100 par
|cant|p1a: Necrozma|par
|
|-heal|p1a: Necrozma|19/100 par|[from] item: Leftovers
|upkeep
|turn|35
|
|-start|p1a: Necrozma|Dynamax
|-heal|p1a: Necrozma|19/100 par|[silent]
|move|p2a: Xerneas|Moonblast|p1a: Necrozma
|-resisted|p1a: Necrozma
|-damage|p1a: Necrozma|6/100 par
|cant|p1a: Necrozma|par
|
|-heal|p1a: Necrozma|9/100 par|[from] item: Leftovers
|upkeep
|turn|36
|c| Ainu&Rupu|damn
|c| Ainu&Rupu|the hax
|
|move|p2a: Xerneas|Moonblast|p1a: Necrozma
|-resisted|p1a: Necrozma
|-damage|p1a: Necrozma|0 fnt
|faint|p1a: Necrozma
|
|upkeep
|c| Ainu&Rupu|unreal
|
|switch|p1a: Ferrothorn|Ferrothorn, F, shiny|58/100
|turn|37
|
|move|p1a: Ferrothorn|Protect|p1a: Ferrothorn
|-singleturn|p1a: Ferrothorn|Protect
|move|p2a: Xerneas|Hidden Power|p1a: Ferrothorn
|-activate|p1a: Ferrothorn|move: Protect
|
|-heal|p1a: Ferrothorn|65/100|[from] item: Leftovers
|upkeep
|turn|38
|
|move|p2a: Xerneas|Hidden Power|p1a: Ferrothorn
|-supereffective|p1a: Ferrothorn
|-damage|p1a: Ferrothorn|10/100
|move|p1a: Ferrothorn|Leech Seed|p2a: Xerneas
|-start|p2a: Xerneas|move: Leech Seed
|
|-heal|p1a: Ferrothorn|16/100|[from] item: Leftovers
|-damage|p2a: Xerneas|75/100|[from] Leech Seed|[of] p1a: Ferrothorn
|-heal|p1a: Ferrothorn|33/100|[silent]
|upkeep
|turn|39
|
|switch|p2a: Yveltal|Yveltal|100/100
|-damage|p2a: Yveltal|76/100|[from] Stealth Rock
|-ability|p2a: Yveltal|Dark Aura
|move|p1a: Ferrothorn|Protect||[still]
|-fail|p1a: Ferrothorn
|
|-heal|p1a: Ferrothorn|39/100|[from] item: Leftovers
|upkeep
|turn|40
|
|switch|p1a: Arceus|Arceus-Dark, shiny|100/100
|move|p2a: Yveltal|Heat Wave|p1a: Arceus
|-damage|p1a: Arceus|71/100
|-damage|p2a: Yveltal|66/100|[from] item: Life Orb
|
|upkeep
|turn|41
|inactive|OnMaWa has 90 seconds left.
|
|move|p2a: Yveltal|Oblivion Wing|p1a: Arceus
|-damage|p1a: Arceus|30/100
|-heal|p2a: Yveltal|99/100|[from] drain|[of] p1a: Arceus
|-damage|p2a: Yveltal|90/100|[from] item: Life Orb
|move|p1a: Arceus|Judgment|p2a: Yveltal
|-resisted|p2a: Yveltal
|-damage|p2a: Yveltal|62/100
|
|upkeep
|turn|42
|inactive|OnMaWa has 90 seconds left.
|
|move|p2a: Yveltal|Oblivion Wing|p1a: Arceus
|-damage|p1a: Arceus|0 fnt
|-heal|p2a: Yveltal|87/100|[from] drain|[of] p1a: Arceus
|-damage|p2a: Yveltal|77/100|[from] item: Life Orb
|faint|p1a: Arceus
|
|upkeep
|
|switch|p1a: Ferrothorn|Ferrothorn, F, shiny|39/100
|turn|43
|c|☆Guardsweeper|gg
|
|move|p2a: Yveltal|Heat Wave|p1a: Ferrothorn
|-supereffective|p1a: Ferrothorn
|-damage|p1a: Ferrothorn|0 fnt
|-damage|p2a: Yveltal|67/100|[from] item: Life Orb
|faint|p1a: Ferrothorn
|
|win|OnMaWa
|raw|Guardsweeper's rating: 1749 &rarr; <strong>1729</strong><br />(-20 for losing)
|raw|OnMaWa's rating: 1763 &rarr; <strong>1782</strong><br />(+19 for winning)
|l|☆Guardsweeper
