|j|☆salty in 4K
|j|☆97thPhantom
|t:|1660617605
|gametype|singles
|player|p1|salty in 4K|cameraman|1460
|player|p2|97thPhantom|volkner|1585
|teamsize|p1|6
|teamsize|p2|6
|gen|8
|tier|[Gen 8] National Dex AG
|rated|
|rule|HP Percentage Mod: HP is shown in percentages
|rule|Endless Battle Clause: Forcing endless battles is banned
|clearpoke
|poke|p1|Lugia|
|poke|p1|Quagsire, M|
|poke|p1|Ferrothorn, F|
|poke|p1|Sableye, M|
|poke|p1|Ditto|
|poke|p1|Blissey, F|
|poke|p2|Zygarde|
|poke|p2|Calyrex-Shadow|
|poke|p2|Marshadow|
|poke|p2|Ditto|
|poke|p2|Forretress, M|
|poke|p2|Smeargle, M|
|teampreview
|inactive|Battle timer is ON: inactive players will automatically lose when time's up. (requested by 97thPhantom)
|
|t:|1660617612
|start
|switch|p1a: Ferrothorn|Ferrothorn, F|100/100
|switch|p2a: Bastille|Forretress, M, shiny|100/100
|turn|1
|c|☆97thPhantom|hey again
|
|t:|1660617625
|move|p2a: Bastille|Stealth Rock|p1a: Ferrothorn
|-sidestart|p1: salty in 4K|move: Stealth Rock
|move|p1a: Ferrothorn|Leech Seed|p2a: Bastille
|-start|p2a: Bastille|move: Leech Seed
|
|-damage|p2a: Bastille|88/100|[from] Leech Seed|[of] p1a: Ferrothorn
|upkeep
|turn|2
|c|☆salty in 4K|Omg
|c|☆salty in 4K|you
|c|☆salty in 4K|sigj
|c|☆salty in 4K|sigh*
|
|t:|1660617648
|move|p2a: Bastille|Rapid Spin|p1a: Ferrothorn
|-resisted|p1a: Ferrothorn
|-damage|p1a: Ferrothorn|97/100
|-boost|p2a: Bastille|spe|1
|-damage|p2a: Bastille|76/100|[from] ability: Iron Barbs|[of] p1a: Ferrothorn
|-damage|p2a: Bastille|59/100|[from] item: Rocky Helmet|[of] p1a: Ferrothorn
|-end|p2a: Bastille|Leech Seed|[from] move: Rapid Spin|[of] p2a: Bastille
|move|p1a: Ferrothorn|Flash Cannon|p2a: Bastille
|-resisted|p2a: Bastille
|-damage|p2a: Bastille|46/100
|
|-heal|p2a: Bastille|52/100|[from] item: Leftovers
|upkeep
|turn|3
|c|☆97thPhantom|Still not gonna explain what you mean by that?
|
|t:|1660617670
|switch|p2a: Immortal Snake|Zygarde, shiny|100/100
|move|p1a: Ferrothorn|Leech Seed|p2a: Immortal Snake
|-start|p2a: Immortal Snake|move: Leech Seed
|
|-damage|p2a: Immortal Snake|88/100|[from] Leech Seed|[of] p1a: Ferrothorn
|-heal|p1a: Ferrothorn|100/100|[silent]
|upkeep
|turn|4
|
|t:|1660617682
|switch|p1a: Lugia|Lugia|100/100
|-ability|p1a: Lugia|Pressure
|move|p2a: Immortal Snake|Coil|p2a: Immortal Snake
|-boost|p2a: Immortal Snake|atk|1
|-boost|p2a: Immortal Snake|def|1
|-boost|p2a: Immortal Snake|accuracy|1
|
|-heal|p2a: Immortal Snake|94/100|[from] item: Leftovers
|-damage|p2a: Immortal Snake|82/100|[from] Leech Seed|[of] p1a: Lugia
|upkeep
|turn|5
|
|t:|1660617687
|move|p2a: Immortal Snake|Coil|p2a: Immortal Snake
|-boost|p2a: Immortal Snake|atk|1
|-boost|p2a: Immortal Snake|def|1
|-boost|p2a: Immortal Snake|accuracy|1
|move|p1a: Lugia|Roar|p2a: Immortal Snake
|drag|p2a: Mega Gengar|Marshadow|100/100
|
|upkeep
|turn|6
|
|t:|1660617693
|move|p2a: Mega Gengar|Spectral Thief|p1a: Lugia
|-supereffective|p1a: Lugia
|-damage|p1a: Lugia|31/100
|move|p1a: Lugia|Defog|p2a: Mega Gengar
|-unboost|p2a: Mega Gengar|evasion|1
|-sideend|p1: salty in 4K|Stealth Rock|[from] move: Defog|[of] p1a: Lugia
|
|upkeep
|turn|7
|c|☆salty in 4K|Sigh is like a deep breath aka face palm
|
|t:|1660617711
|switch|p1a: Blissey|Blissey, F|100/100
|move|p2a: Mega Gengar|Spectral Thief|p1a: Blissey
|-immune|p1a: Blissey
|
|upkeep
|turn|8
|c|☆97thPhantom|and why would you have that reaction?
|
|t:|1660617724
|switch|p2a: Bastille|Forretress, M, shiny|52/100
|switch|p1a: Ferrothorn|Ferrothorn, F|100/100
|
|-heal|p2a: Bastille|59/100|[from] item: Leftovers
|upkeep
|turn|9
|c|☆salty in 4K|Because I lost to your stupid coil
|
|t:|1660617750
|move|p2a: Bastille|Stealth Rock|p1a: Ferrothorn
|-sidestart|p1: salty in 4K|move: Stealth Rock
|move|p1a: Ferrothorn|Leech Seed|p2a: Bastille
|-start|p2a: Bastille|move: Leech Seed
|
|-heal|p2a: Bastille|65/100|[from] item: Leftovers
|-damage|p2a: Bastille|52/100|[from] Leech Seed|[of] p1a: Ferrothorn
|upkeep
|turn|10
|c|☆97thPhantom|ah
|c|☆97thPhantom|is someone being...
|c|☆salty in 4K|Don’t you dare
|c|☆97thPhantom|salty? lol
|c|☆salty in 4K|-.-
|
|t:|1660617778
|switch|p1a: Lugia|Lugia|31/100
|-ability|p1a: Lugia|Pressure
|move|p2a: Bastille|Rapid Spin|p1a: Lugia
|-damage|p1a: Lugia|23/100
|-boost|p2a: Bastille|spe|1
|-end|p2a: Bastille|Leech Seed|[from] move: Rapid Spin|[of] p2a: Bastille
|
|-heal|p2a: Bastille|59/100|[from] item: Leftovers
|upkeep
|turn|11
|c|☆salty in 4K|you’ll feel my wrath now bucko
|
|t:|1660617791
|switch|p2a: Immortal Snake|Zygarde, shiny|82/100
|move|p1a: Lugia|Roost|p1a: Lugia
|-heal|p1a: Lugia|73/100
|-singleturn|p1a: Lugia|move: Roost
|
|-heal|p2a: Immortal Snake|88/100|[from] item: Leftovers
|upkeep
|turn|12
|c|☆97thPhantom|im shivering
|
|t:|1660617801
|move|p1a: Lugia|Defog|p2a: Immortal Snake
|-unboost|p2a: Immortal Snake|evasion|1
|-sideend|p1: salty in 4K|Stealth Rock|[from] move: Defog|[of] p1a: Lugia
|move|p2a: Immortal Snake|Coil|p2a: Immortal Snake
|-boost|p2a: Immortal Snake|atk|1
|-boost|p2a: Immortal Snake|def|1
|-boost|p2a: Immortal Snake|accuracy|1
|
|-heal|p2a: Immortal Snake|94/100|[from] item: Leftovers
|upkeep
|turn|13
|c|☆salty in 4K|Shiver 🥶
|
|t:|1660617810
|move|p2a: Immortal Snake|Thousand Arrows|p1a: Lugia
|-damage|p1a: Lugia|41/100
|-start|p1a: Lugia|Smack Down
|move|p1a: Lugia|Roar|p2a: Immortal Snake
|drag|p2a: Happy Blob|Ditto, shiny|100/100
|-transform|p2a: Happy Blob|p1a: Lugia|[from] ability: Imposter
|-ability|p2a: Happy Blob|Pressure
|
|upkeep
|turn|14
|
|t:|1660617819
|move|p2a: Happy Blob|Toxic|p1a: Lugia
|-status|p1a: Lugia|tox
|move|p1a: Lugia|Roost|p1a: Lugia
|-heal|p1a: Lugia|92/100 tox
|-singleturn|p1a: Lugia|move: Roost
|
|-damage|p1a: Lugia|86/100 tox|[from] psn
|upkeep
|turn|15
|
|t:|1660617826
|switch|p2a: Immortal Snake|Zygarde, shiny|94/100
|switch|p1a: Blissey|Blissey, F|100/100
|
|-heal|p2a: Immortal Snake|100/100|[from] item: Leftovers
|upkeep
|turn|16
|
|t:|1660617829
|move|p2a: Immortal Snake|Coil|p2a: Immortal Snake
|-boost|p2a: Immortal Snake|atk|1
|-boost|p2a: Immortal Snake|def|1
|-boost|p2a: Immortal Snake|accuracy|1
|move|p1a: Blissey|Heal Bell|p1a: Blissey
|-activate|p1a: Blissey|move: Heal Bell
|-curestatus|p1: Lugia|tox|[msg]
|
|upkeep
|turn|17
|
|t:|1660617834
|move|p2a: Immortal Snake|Coil|p2a: Immortal Snake
|-boost|p2a: Immortal Snake|atk|1
|-boost|p2a: Immortal Snake|def|1
|-boost|p2a: Immortal Snake|accuracy|1
|move|p1a: Blissey|Toxic|p2a: Immortal Snake
|-status|p2a: Immortal Snake|tox
|
|-damage|p2a: Immortal Snake|94/100 tox|[from] psn
|upkeep
|turn|18
|
|t:|1660617838
|move|p2a: Immortal Snake|Coil|p2a: Immortal Snake
|-boost|p2a: Immortal Snake|atk|1
|-boost|p2a: Immortal Snake|def|1
|-boost|p2a: Immortal Snake|accuracy|1
|move|p1a: Blissey|Wish|p1a: Blissey
|
|-heal|p2a: Immortal Snake|100/100 tox|[from] item: Leftovers
|-damage|p2a: Immortal Snake|88/100 tox|[from] psn
|upkeep
|turn|19
|
|t:|1660617846
|switch|p1a: Ditto|Ditto|100/100
|-transform|p1a: Ditto|p2a: Immortal Snake|[from] ability: Imposter
|move|p2a: Immortal Snake|Thousand Arrows|p1a: Ditto
|-damage|p1a: Ditto|71/100
|
|-heal|p1a: Ditto|100/100|[from] move: Wish|[wisher] Blissey
|-heal|p2a: Immortal Snake|94/100 tox|[from] item: Leftovers
|-damage|p2a: Immortal Snake|76/100 tox|[from] psn
|upkeep
|turn|20
|
|t:|1660617852
|move|p1a: Ditto|Thousand Arrows|p2a: Immortal Snake
|-damage|p2a: Immortal Snake|53/100 tox
|move|p2a: Immortal Snake|Rest|p2a: Immortal Snake
|-status|p2a: Immortal Snake|slp|[from] move: Rest
|-heal|p2a: Immortal Snake|100/100 slp|[silent]
|
|upkeep
|turn|21
|
|t:|1660617860
|switch|p1a: Lugia|Lugia|86/100
|-ability|p1a: Lugia|Pressure
|cant|p2a: Immortal Snake|slp
|move|p2a: Immortal Snake|Sleep Talk|p2a: Immortal Snake
|move|p2a: Immortal Snake|Rest||[from]move: Sleep Talk|[still]
|-fail|p2a: Immortal Snake
|
|upkeep
|turn|22
|
|t:|1660617864
|cant|p2a: Immortal Snake|slp
|move|p2a: Immortal Snake|Sleep Talk|p2a: Immortal Snake
|move|p2a: Immortal Snake|Coil|p2a: Immortal Snake|[from]move: Sleep Talk
|-boost|p2a: Immortal Snake|atk|1
|-boost|p2a: Immortal Snake|def|1
|-boost|p2a: Immortal Snake|accuracy|1
|move|p1a: Lugia|Roar|p2a: Immortal Snake
|drag|p2a: Mega Gengar|Marshadow|100/100
|
|upkeep
|turn|23
|
|t:|1660617870
|move|p2a: Mega Gengar|Spectral Thief|p1a: Lugia
|-supereffective|p1a: Lugia
|-damage|p1a: Lugia|15/100
|move|p1a: Lugia|Toxic|p2a: Mega Gengar
|-status|p2a: Mega Gengar|tox
|
|-damage|p2a: Mega Gengar|94/100 tox|[from] psn
|upkeep
|turn|24
|
|t:|1660617875
|switch|p1a: Ferrothorn|Ferrothorn, F|100/100
|move|p2a: Mega Gengar|Shadow Sneak|p1a: Ferrothorn
|-damage|p1a: Ferrothorn|81/100
|-damage|p2a: Mega Gengar|82/100 tox|[from] ability: Iron Barbs|[of] p1a: Ferrothorn
|-damage|p2a: Mega Gengar|65/100 tox|[from] item: Rocky Helmet|[of] p1a: Ferrothorn
|
|-damage|p2a: Mega Gengar|53/100 tox|[from] psn
|upkeep
|turn|25
|
|t:|1660617884
|switch|p2a: Immortal Snake|Zygarde, shiny|100/100 slp
|move|p1a: Ferrothorn|Leech Seed|p2a: Immortal Snake
|-start|p2a: Immortal Snake|move: Leech Seed
|
|-damage|p2a: Immortal Snake|88/100 slp|[from] Leech Seed|[of] p1a: Ferrothorn
|-heal|p1a: Ferrothorn|96/100|[silent]
|upkeep
|turn|26
|
|t:|1660617887
|switch|p1a: Lugia|Lugia|15/100
|-ability|p1a: Lugia|Pressure
|-curestatus|p2a: Immortal Snake|slp|[msg]
|move|p2a: Immortal Snake|Coil|p2a: Immortal Snake
|-boost|p2a: Immortal Snake|atk|1
|-boost|p2a: Immortal Snake|def|1
|-boost|p2a: Immortal Snake|accuracy|1
|
|-heal|p2a: Immortal Snake|94/100|[from] item: Leftovers
|-damage|p2a: Immortal Snake|82/100|[from] Leech Seed|[of] p1a: Lugia
|-heal|p1a: Lugia|27/100|[silent]
|upkeep
|turn|27
|
|t:|1660617890
|move|p1a: Lugia|Roost|p1a: Lugia
|-heal|p1a: Lugia|77/100
|-singleturn|p1a: Lugia|move: Roost
|move|p2a: Immortal Snake|Thousand Arrows|p1a: Lugia
|-damage|p1a: Lugia|44/100
|
|-heal|p2a: Immortal Snake|88/100|[from] item: Leftovers
|-damage|p2a: Immortal Snake|76/100|[from] Leech Seed|[of] p1a: Lugia
|-heal|p1a: Lugia|57/100|[silent]
|upkeep
|turn|28
|
|t:|1660617894
|move|p2a: Immortal Snake|Coil|p2a: Immortal Snake
|-boost|p2a: Immortal Snake|atk|1
|-boost|p2a: Immortal Snake|def|1
|-boost|p2a: Immortal Snake|accuracy|1
|move|p1a: Lugia|Roar|p2a: Immortal Snake
|drag|p2a: Smeargle|Smeargle, M, shiny|100/100
|
|-ability|p2a: Smeargle|Moody|boost
|-boost|p2a: Smeargle|spd|2
|-unboost|p2a: Smeargle|spa|1
|upkeep
|turn|29
|
|t:|1660617900
|move|p2a: Smeargle|Spore|p1a: Lugia
|-status|p1a: Lugia|slp|[from] move: Spore
|cant|p1a: Lugia|slp
|
|-ability|p2a: Smeargle|Moody|boost
|-boost|p2a: Smeargle|spe|2
|-unboost|p2a: Smeargle|spd|1
|upkeep
|turn|30
|
|t:|1660617904
|move|p2a: Smeargle|Substitute|p2a: Smeargle
|-start|p2a: Smeargle|Substitute
|-damage|p2a: Smeargle|76/100
|cant|p1a: Lugia|slp
|
|-ability|p2a: Smeargle|Moody|boost
|-boost|p2a: Smeargle|def|2
|-unboost|p2a: Smeargle|atk|1
|upkeep
|turn|31
|
|t:|1660617914
|move|p2a: Smeargle|Spore|p1a: Lugia
|-fail|p1a: Lugia|slp
|cant|p1a: Lugia|slp
|
|-ability|p2a: Smeargle|Moody|boost
|-boost|p2a: Smeargle|spe|2
|-unboost|p2a: Smeargle|atk|1
|upkeep
|turn|32
|
|t:|1660617917
|move|p2a: Smeargle|Spore|p1a: Lugia
|-fail|p1a: Lugia|slp
|-curestatus|p1a: Lugia|slp|[msg]
|move|p1a: Lugia|Roar|p2a: Smeargle
|drag|p2a: 2 for 1 Deal|Calyrex-Shadow|100/100
|-ability|p2a: 2 for 1 Deal|As One
|-ability|p2a: 2 for 1 Deal|Unnerve
|
|upkeep
|turn|33
|
|t:|1660617928
|switch|p1a: Blissey|Blissey, F|100/100
|move|p2a: 2 for 1 Deal|Astral Barrage|p1a: Blissey
|-immune|p1a: Blissey
|
|upkeep
|turn|34
|
|t:|1660617933
|switch|p2a: Immortal Snake|Zygarde, shiny|76/100
|move|p1a: Blissey|Toxic|p2a: Immortal Snake
|-status|p2a: Immortal Snake|tox
|
|-heal|p2a: Immortal Snake|82/100 tox|[from] item: Leftovers
|-damage|p2a: Immortal Snake|76/100 tox|[from] psn
|upkeep
|turn|35
|
|t:|1660617939
|switch|p1a: Sableye|Sableye, M|100/100
|move|p2a: Immortal Snake|Rest|p2a: Immortal Snake
|-status|p2a: Immortal Snake|slp|[from] move: Rest
|-heal|p2a: Immortal Snake|100/100 slp|[silent]
|
|upkeep
|turn|36
|
|t:|1660617944
|detailschange|p1a: Sableye|Sableye-Mega, M
|-mega|p1a: Sableye|Sableye|Sablenite
|cant|p2a: Immortal Snake|slp
|move|p2a: Immortal Snake|Sleep Talk|p2a: Immortal Snake
|move|p2a: Immortal Snake|Thousand Arrows|p1a: Sableye|[from]move: Sleep Talk
|-damage|p1a: Sableye|74/100
|move|p1a: Sableye|Foul Play|p2a: Immortal Snake
|-damage|p2a: Immortal Snake|76/100 slp
|
|-heal|p2a: Immortal Snake|82/100 slp|[from] item: Leftovers
|upkeep
|turn|37
|
|t:|1660617954
|cant|p2a: Immortal Snake|slp
|move|p2a: Immortal Snake|Sleep Talk|p2a: Immortal Snake
|move|p2a: Immortal Snake|Coil|p2a: Immortal Snake|[from]move: Sleep Talk
|-boost|p2a: Immortal Snake|atk|1
|-boost|p2a: Immortal Snake|def|1
|-boost|p2a: Immortal Snake|accuracy|1
|move|p1a: Sableye|Foul Play|p2a: Immortal Snake
|-damage|p2a: Immortal Snake|60/100 slp
|
|-heal|p2a: Immortal Snake|66/100 slp|[from] item: Leftovers
|upkeep
|turn|38
|
|t:|1660617962
|-curestatus|p2a: Immortal Snake|slp|[msg]
|move|p2a: Immortal Snake|Coil|p2a: Immortal Snake
|-boost|p2a: Immortal Snake|atk|1
|-boost|p2a: Immortal Snake|def|1
|-boost|p2a: Immortal Snake|accuracy|1
|move|p1a: Sableye|Recover|p1a: Sableye
|-heal|p1a: Sableye|100/100
|
|-heal|p2a: Immortal Snake|72/100|[from] item: Leftovers
|upkeep
|turn|39
|
|t:|1660617972
|move|p2a: Immortal Snake|Coil|p2a: Immortal Snake
|-boost|p2a: Immortal Snake|atk|1
|-boost|p2a: Immortal Snake|def|1
|-boost|p2a: Immortal Snake|accuracy|1
|move|p1a: Sableye|Will-O-Wisp|p2a: Immortal Snake
|-status|p2a: Immortal Snake|brn
|
|-heal|p2a: Immortal Snake|78/100 brn|[from] item: Leftovers
|-damage|p2a: Immortal Snake|72/100 brn|[from] brn
|upkeep
|turn|40
|
|t:|1660617981
|switch|p1a: Lugia|Lugia|57/100
|-ability|p1a: Lugia|Pressure
|move|p2a: Immortal Snake|Rest|p2a: Immortal Snake
|-status|p2a: Immortal Snake|slp|[from] move: Rest
|-heal|p2a: Immortal Snake|100/100 slp|[silent]
|
|upkeep
|turn|41
|
|t:|1660617986
|move|p1a: Lugia|Roost|p1a: Lugia
|-heal|p1a: Lugia|100/100
|-singleturn|p1a: Lugia|move: Roost
|cant|p2a: Immortal Snake|slp
|move|p2a: Immortal Snake|Sleep Talk|p2a: Immortal Snake
|move|p2a: Immortal Snake|Thousand Arrows|p1a: Lugia|[from]move: Sleep Talk
|-damage|p1a: Lugia|42/100
|
|upkeep
|turn|42
|
|t:|1660617995
|move|p1a: Lugia|Roost|p1a: Lugia
|-heal|p1a: Lugia|92/100
|-singleturn|p1a: Lugia|move: Roost
|cant|p2a: Immortal Snake|slp
|move|p2a: Immortal Snake|Sleep Talk|p2a: Immortal Snake
|move|p2a: Immortal Snake|Rest||[from]move: Sleep Talk|[still]
|-fail|p2a: Immortal Snake
|
|upkeep
|turn|43
|
|t:|1660618000
|-curestatus|p2a: Immortal Snake|slp|[msg]
|move|p2a: Immortal Snake|Thousand Arrows|p1a: Lugia
|-damage|p1a: Lugia|36/100
|-start|p1a: Lugia|Smack Down
|move|p1a: Lugia|Roar|p2a: Immortal Snake
|drag|p2a: 2 for 1 Deal|Calyrex-Shadow|100/100
|-ability|p2a: 2 for 1 Deal|As One
|-ability|p2a: 2 for 1 Deal|Unnerve
|
|upkeep
|turn|44
|
|t:|1660618007
|switch|p1a: Blissey|Blissey, F|100/100
|move|p2a: 2 for 1 Deal|Dark Pulse|p1a: Blissey
|-damage|p1a: Blissey|89/100
|
|-heal|p1a: Blissey|95/100|[from] item: Leftovers
|upkeep
|turn|45
|
|t:|1660618011
|switch|p2a: Immortal Snake|Zygarde, shiny|100/100
|move|p1a: Blissey|Toxic|p2a: Immortal Snake
|-status|p2a: Immortal Snake|tox
|
|-heal|p1a: Blissey|100/100|[from] item: Leftovers
|-damage|p2a: Immortal Snake|94/100 tox|[from] psn
|upkeep
|turn|46
|
|t:|1660618014
|switch|p1a: Lugia|Lugia|36/100
|-ability|p1a: Lugia|Pressure
|move|p2a: Immortal Snake|Coil|p2a: Immortal Snake
|-boost|p2a: Immortal Snake|atk|1
|-boost|p2a: Immortal Snake|def|1
|-boost|p2a: Immortal Snake|accuracy|1
|
|-heal|p2a: Immortal Snake|100/100 tox|[from] item: Leftovers
|-damage|p2a: Immortal Snake|88/100 tox|[from] psn
|upkeep
|turn|47
|
|t:|1660618020
|move|p1a: Lugia|Roost|p1a: Lugia
|-heal|p1a: Lugia|86/100
|-singleturn|p1a: Lugia|move: Roost
|move|p2a: Immortal Snake|Thousand Arrows|p1a: Lugia
|-damage|p1a: Lugia|51/100
|
|-heal|p2a: Immortal Snake|94/100 tox|[from] item: Leftovers
|-damage|p2a: Immortal Snake|76/100 tox|[from] psn
|upkeep
|turn|48
|
|t:|1660618024
|move|p1a: Lugia|Roost|p1a: Lugia
|-heal|p1a: Lugia|100/100
|-singleturn|p1a: Lugia|move: Roost
|move|p2a: Immortal Snake|Rest|p2a: Immortal Snake
|-status|p2a: Immortal Snake|slp|[from] move: Rest
|-heal|p2a: Immortal Snake|100/100 slp|[silent]
|
|upkeep
|turn|49
|
|t:|1660618027
|cant|p2a: Immortal Snake|slp
|move|p2a: Immortal Snake|Sleep Talk|p2a: Immortal Snake
|move|p2a: Immortal Snake|Thousand Arrows|p1a: Lugia|[from]move: Sleep Talk
|-damage|p1a: Lugia|66/100
|-start|p1a: Lugia|Smack Down
|move|p1a: Lugia|Roar|p2a: Immortal Snake
|drag|p2a: Happy Blob|Ditto, shiny|100/100
|-transform|p2a: Happy Blob|p1a: Lugia|[from] ability: Imposter
|-ability|p2a: Happy Blob|Pressure
|
|upkeep
|turn|50
|
|t:|1660618031
|move|p2a: Happy Blob|Toxic|p1a: Lugia
|-status|p1a: Lugia|tox
|move|p1a: Lugia|Toxic|p2a: Happy Blob|[miss]
|-miss|p1a: Lugia|p2a: Happy Blob
|
|-damage|p1a: Lugia|60/100 tox|[from] psn
|upkeep
|turn|51
|
|t:|1660618035
|switch|p2a: Immortal Snake|Zygarde, shiny|100/100 slp
|move|p1a: Lugia|Toxic||[still]
|-fail|p1a: Lugia
|
|-damage|p1a: Lugia|48/100 tox|[from] psn
|upkeep
|turn|52
|
|t:|1660618038
|move|p1a: Lugia|Roost|p1a: Lugia
|-heal|p1a: Lugia|98/100 tox
|-singleturn|p1a: Lugia|move: Roost
|cant|p2a: Immortal Snake|slp
|move|p2a: Immortal Snake|Sleep Talk|p2a: Immortal Snake
|move|p2a: Immortal Snake|Coil|p2a: Immortal Snake|[from]move: Sleep Talk
|-boost|p2a: Immortal Snake|atk|1
|-boost|p2a: Immortal Snake|def|1
|-boost|p2a: Immortal Snake|accuracy|1
|
|-damage|p1a: Lugia|80/100 tox|[from] psn
|upkeep
|turn|53
|
|t:|1660618046
|-start|p2a: Immortal Snake|Dynamax|
|-heal|p2a: Immortal Snake|100/100 slp|[silent]
|-curestatus|p2a: Immortal Snake|slp|[msg]
|move|p2a: Immortal Snake|Max Quake|p1a: Lugia
|-damage|p1a: Lugia|32/100 tox
|-boost|p2a: Immortal Snake|spd|1
|move|p1a: Lugia|Roar|p2a: Immortal Snake
|-block|p2a: Immortal Snake|Dynamax
|
|-damage|p1a: Lugia|8/100 tox|[from] psn
|upkeep
|turn|54
|
|t:|1660618056
|switch|p1a: Ferrothorn|Ferrothorn, F|96/100
|move|p2a: Immortal Snake|Max Quake|p1a: Ferrothorn
|-damage|p1a: Ferrothorn|59/100
|-boost|p2a: Immortal Snake|spd|1
|
|upkeep
|turn|55
|
|t:|1660618062
|move|p2a: Immortal Snake|Max Quake|p1a: Ferrothorn
|-damage|p1a: Ferrothorn|18/100
|-boost|p2a: Immortal Snake|spd|1
|move|p1a: Ferrothorn|Leech Seed|p2a: Immortal Snake|[miss]
|-miss|p1a: Ferrothorn|p2a: Immortal Snake
|
|upkeep
|-end|p2a: Immortal Snake|Dynamax
|-heal|p2a: Immortal Snake|100/100|[silent]
|turn|56
|
|t:|1660618070
|move|p2a: Immortal Snake|Coil|p2a: Immortal Snake
|-boost|p2a: Immortal Snake|atk|1
|-boost|p2a: Immortal Snake|def|1
|-boost|p2a: Immortal Snake|accuracy|1
|move|p1a: Ferrothorn|Leech Seed|p2a: Immortal Snake
|-start|p2a: Immortal Snake|move: Leech Seed
|
|-damage|p2a: Immortal Snake|88/100|[from] Leech Seed|[of] p1a: Ferrothorn
|-heal|p1a: Ferrothorn|33/100|[silent]
|upkeep
|turn|57
|
|t:|1660618073
|move|p2a: Immortal Snake|Coil|p2a: Immortal Snake
|-boost|p2a: Immortal Snake|atk|1
|-boost|p2a: Immortal Snake|def|1
|-boost|p2a: Immortal Snake|accuracy|1
|move|p1a: Ferrothorn|Giga Drain|p2a: Immortal Snake
|-damage|p2a: Immortal Snake|84/100
|-heal|p1a: Ferrothorn|35/100|[from] drain|[of] p2a: Immortal Snake
|
|-heal|p2a: Immortal Snake|90/100|[from] item: Leftovers
|-damage|p2a: Immortal Snake|78/100|[from] Leech Seed|[of] p1a: Ferrothorn
|-heal|p1a: Ferrothorn|50/100|[silent]
|upkeep
|turn|58
|
|t:|1660618077
|switch|p1a: Ditto|Ditto|100/100
|-transform|p1a: Ditto|p2a: Immortal Snake|[from] ability: Imposter
|move|p2a: Immortal Snake|Coil|p2a: Immortal Snake
|-boost|p2a: Immortal Snake|atk|1
|-boost|p2a: Immortal Snake|def|1
|-boost|p2a: Immortal Snake|accuracy|1
|
|-heal|p2a: Immortal Snake|84/100|[from] item: Leftovers
|-damage|p2a: Immortal Snake|72/100|[from] Leech Seed|[of] p1a: Ditto
|upkeep
|turn|59
|
|t:|1660618083
|-start|p1a: Ditto|Dynamax|
|-heal|p1a: Ditto|100/100|[silent]
|move|p1a: Ditto|Max Quake|p2a: Immortal Snake
|-damage|p2a: Immortal Snake|45/100
|-boost|p1a: Ditto|spd|1
|move|p2a: Immortal Snake|Rest|p2a: Immortal Snake
|-status|p2a: Immortal Snake|slp|[from] move: Rest
|-heal|p2a: Immortal Snake|100/100 slp|[silent]
|
|-damage|p2a: Immortal Snake|88/100 slp|[from] Leech Seed|[of] p1a: Ditto
|upkeep
|turn|60
|
|t:|1660618091
|move|p1a: Ditto|Max Quake|p2a: Immortal Snake
|-damage|p2a: Immortal Snake|63/100 slp
|-boost|p1a: Ditto|spd|1
|cant|p2a: Immortal Snake|slp
|move|p2a: Immortal Snake|Sleep Talk|p2a: Immortal Snake
|move|p2a: Immortal Snake|Rest||[from]move: Sleep Talk|[still]
|-fail|p2a: Immortal Snake
|
|-heal|p2a: Immortal Snake|69/100 slp|[from] item: Leftovers
|-damage|p2a: Immortal Snake|57/100 slp|[from] Leech Seed|[of] p1a: Ditto
|upkeep
|turn|61
|
|t:|1660618094
|move|p1a: Ditto|Max Quake|p2a: Immortal Snake
|-damage|p2a: Immortal Snake|31/100 slp
|-boost|p1a: Ditto|spd|1
|cant|p2a: Immortal Snake|slp
|move|p2a: Immortal Snake|Sleep Talk|p2a: Immortal Snake
|move|p2a: Immortal Snake|Rest||[from]move: Sleep Talk|[still]
|-fail|p2a: Immortal Snake
|
|-heal|p2a: Immortal Snake|38/100 slp|[from] item: Leftovers
|-damage|p2a: Immortal Snake|25/100 slp|[from] Leech Seed|[of] p1a: Ditto
|-activate|p2a: Immortal Snake|ability: Power Construct
|detailschange|p2a: Immortal Snake|Zygarde-Complete, shiny
|-heal|p2a: Immortal Snake|51/100 slp|[silent]
|upkeep
|-end|p1a: Ditto|Dynamax
|-heal|p1a: Ditto|100/100|[silent]
|turn|62
|
|t:|1660618100
|move|p1a: Ditto|Thousand Arrows|p2a: Immortal Snake
|-damage|p2a: Immortal Snake|39/100 slp
|-curestatus|p2a: Immortal Snake|slp|[msg]
|move|p2a: Immortal Snake|Coil|p2a: Immortal Snake
|-boost|p2a: Immortal Snake|atk|1
|-boost|p2a: Immortal Snake|def|1
|-boost|p2a: Immortal Snake|accuracy|1
|
|-heal|p2a: Immortal Snake|45/100|[from] item: Leftovers
|-damage|p2a: Immortal Snake|33/100|[from] Leech Seed|[of] p1a: Ditto
|upkeep
|turn|63
|
|t:|1660618107
|switch|p1a: Blissey|Blissey, F|100/100
|move|p2a: Immortal Snake|Rest|p2a: Immortal Snake
|-status|p2a: Immortal Snake|slp|[from] move: Rest
|-heal|p2a: Immortal Snake|100/100 slp|[silent]
|
|-damage|p2a: Immortal Snake|88/100 slp|[from] Leech Seed|[of] p1a: Blissey
|upkeep
|turn|64
|
|t:|1660618111
|cant|p2a: Immortal Snake|slp
|move|p2a: Immortal Snake|Sleep Talk|p2a: Immortal Snake
|move|p2a: Immortal Snake|Rest||[from]move: Sleep Talk|[still]
|-fail|p2a: Immortal Snake
|move|p1a: Blissey|Heal Bell|p1a: Blissey
|-activate|p1a: Blissey|move: Heal Bell
|-curestatus|p1: Lugia|tox|[msg]
|
|-heal|p2a: Immortal Snake|94/100 slp|[from] item: Leftovers
|-damage|p2a: Immortal Snake|82/100 slp|[from] Leech Seed|[of] p1a: Blissey
|upkeep
|turn|65
|
|t:|1660618117
|cant|p2a: Immortal Snake|slp
|move|p2a: Immortal Snake|Sleep Talk|p2a: Immortal Snake
|move|p2a: Immortal Snake|Coil|p2a: Immortal Snake|[from]move: Sleep Talk
|-boost|p2a: Immortal Snake|atk|1
|-boost|p2a: Immortal Snake|def|1
|-boost|p2a: Immortal Snake|accuracy|1
|move|p1a: Blissey|Wish|p1a: Blissey
|
|-heal|p2a: Immortal Snake|88/100 slp|[from] item: Leftovers
|-damage|p2a: Immortal Snake|75/100 slp|[from] Leech Seed|[of] p1a: Blissey
|upkeep
|turn|66
|
|t:|1660618122
|switch|p1a: Lugia|Lugia|8/100
|-ability|p1a: Lugia|Pressure
|-curestatus|p2a: Immortal Snake|slp|[msg]
|move|p2a: Immortal Snake|Thousand Arrows|p1a: Lugia
|-crit|p1a: Lugia
|-damage|p1a: Lugia|0 fnt
|faint|p1a: Lugia
|
|-heal|p2a: Immortal Snake|82/100|[from] item: Leftovers
|upkeep
|
|t:|1660618137
|switch|p1a: Blissey|Blissey, F|100/100
|turn|67
|
|t:|1660618139
|move|p2a: Immortal Snake|Thousand Arrows|p1a: Blissey
|-damage|p1a: Blissey|0 fnt
|faint|p1a: Blissey
|
|-heal|p2a: Immortal Snake|88/100|[from] item: Leftovers
|upkeep
|
|t:|1660618143
|switch|p1a: Ditto|Ditto|100/100
|-transform|p1a: Ditto|p2a: Immortal Snake|[from] ability: Imposter
|turn|68
|
|t:|1660618148
|move|p1a: Ditto|Thousand Arrows|p2a: Immortal Snake
|-damage|p2a: Immortal Snake|74/100
|move|p2a: Immortal Snake|Coil|p2a: Immortal Snake
|-boost|p2a: Immortal Snake|atk|0
|-boost|p2a: Immortal Snake|def|0
|-boost|p2a: Immortal Snake|accuracy|0
|
|-heal|p2a: Immortal Snake|80/100|[from] item: Leftovers
|-damage|p2a: Immortal Snake|67/100|[from] Leech Seed|[of] p1a: Ditto
|upkeep
|turn|69
|
|t:|1660618155
|switch|p1a: Ferrothorn|Ferrothorn, F|50/100
|move|p2a: Immortal Snake|Rest|p2a: Immortal Snake
|-status|p2a: Immortal Snake|slp|[from] move: Rest
|-heal|p2a: Immortal Snake|100/100 slp|[silent]
|
|-damage|p2a: Immortal Snake|88/100 slp|[from] Leech Seed|[of] p1a: Ferrothorn
|-heal|p1a: Ferrothorn|72/100|[silent]
|upkeep
|turn|70
|
|t:|1660618157
|cant|p2a: Immortal Snake|slp
|move|p2a: Immortal Snake|Sleep Talk|p2a: Immortal Snake
|move|p2a: Immortal Snake|Rest||[from]move: Sleep Talk|[still]
|-fail|p2a: Immortal Snake
|move|p1a: Ferrothorn|Leech Seed||[still]
|-fail|p1a: Ferrothorn
|
|-heal|p2a: Immortal Snake|94/100 slp|[from] item: Leftovers
|-damage|p2a: Immortal Snake|82/100 slp|[from] Leech Seed|[of] p1a: Ferrothorn
|-heal|p1a: Ferrothorn|95/100|[silent]
|upkeep
|turn|71
|
|t:|1660618159
|cant|p2a: Immortal Snake|slp
|move|p2a: Immortal Snake|Sleep Talk|p2a: Immortal Snake
|move|p2a: Immortal Snake|Coil|p2a: Immortal Snake|[from]move: Sleep Talk
|-boost|p2a: Immortal Snake|atk|0
|-boost|p2a: Immortal Snake|def|0
|-boost|p2a: Immortal Snake|accuracy|0
|move|p1a: Ferrothorn|Giga Drain|p2a: Immortal Snake
|-damage|p2a: Immortal Snake|79/100 slp
|-heal|p1a: Ferrothorn|97/100|[from] drain|[of] p2a: Immortal Snake
|
|-heal|p2a: Immortal Snake|85/100 slp|[from] item: Leftovers
|-damage|p2a: Immortal Snake|73/100 slp|[from] Leech Seed|[of] p1a: Ferrothorn
|-heal|p1a: Ferrothorn|100/100|[silent]
|upkeep
|turn|72
|
|t:|1660618174
|switch|p1a: Sableye|Sableye-Mega, M|100/100
|-curestatus|p2a: Immortal Snake|slp|[msg]
|move|p2a: Immortal Snake|Coil|p2a: Immortal Snake
|-boost|p2a: Immortal Snake|atk|0
|-boost|p2a: Immortal Snake|def|0
|-boost|p2a: Immortal Snake|accuracy|0
|
|-heal|p2a: Immortal Snake|79/100|[from] item: Leftovers
|-damage|p2a: Immortal Snake|67/100|[from] Leech Seed|[of] p1a: Sableye
|upkeep
|turn|73
|
|t:|1660618180
|move|p2a: Immortal Snake|Rest|p2a: Immortal Snake
|-status|p2a: Immortal Snake|slp|[from] move: Rest
|-heal|p2a: Immortal Snake|100/100 slp|[silent]
|move|p1a: Sableye|Foul Play|p2a: Immortal Snake
|-damage|p2a: Immortal Snake|85/100 slp
|
|-heal|p2a: Immortal Snake|91/100 slp|[from] item: Leftovers
|-damage|p2a: Immortal Snake|79/100 slp|[from] Leech Seed|[of] p1a: Sableye
|upkeep
|turn|74
|
|t:|1660618186
|cant|p2a: Immortal Snake|slp
|move|p1a: Sableye|Foul Play|p2a: Immortal Snake
|-damage|p2a: Immortal Snake|65/100 slp
|
|-heal|p2a: Immortal Snake|71/100 slp|[from] item: Leftovers
|-damage|p2a: Immortal Snake|59/100 slp|[from] Leech Seed|[of] p1a: Sableye
|upkeep
|turn|75
|
|t:|1660618198
|switch|p1a: Ferrothorn|Ferrothorn, F|100/100
|cant|p2a: Immortal Snake|slp
|
|-heal|p2a: Immortal Snake|65/100 slp|[from] item: Leftovers
|-damage|p2a: Immortal Snake|52/100 slp|[from] Leech Seed|[of] p1a: Ferrothorn
|upkeep
|turn|76
|
|t:|1660618202
|-curestatus|p2a: Immortal Snake|slp|[msg]
|move|p2a: Immortal Snake|Coil|p2a: Immortal Snake
|-boost|p2a: Immortal Snake|atk|0
|-boost|p2a: Immortal Snake|def|0
|-boost|p2a: Immortal Snake|accuracy|0
|move|p1a: Ferrothorn|Giga Drain|p2a: Immortal Snake
|-damage|p2a: Immortal Snake|49/100
|
|-heal|p2a: Immortal Snake|56/100|[from] item: Leftovers
|-damage|p2a: Immortal Snake|43/100|[from] Leech Seed|[of] p1a: Ferrothorn
|upkeep
|turn|77
|
|t:|1660618208
|move|p2a: Immortal Snake|Coil|p2a: Immortal Snake
|-boost|p2a: Immortal Snake|atk|0
|-boost|p2a: Immortal Snake|def|0
|-boost|p2a: Immortal Snake|accuracy|0
|move|p1a: Ferrothorn|Flash Cannon|p2a: Immortal Snake
|-damage|p2a: Immortal Snake|40/100
|
|-heal|p2a: Immortal Snake|46/100|[from] item: Leftovers
|-damage|p2a: Immortal Snake|34/100|[from] Leech Seed|[of] p1a: Ferrothorn
|upkeep
|turn|78
|
|t:|1660618211
|move|p2a: Immortal Snake|Coil|p2a: Immortal Snake
|-boost|p2a: Immortal Snake|atk|0
|-boost|p2a: Immortal Snake|def|0
|-boost|p2a: Immortal Snake|accuracy|0
|move|p1a: Ferrothorn|Giga Drain|p2a: Immortal Snake
|-damage|p2a: Immortal Snake|31/100
|
|-heal|p2a: Immortal Snake|37/100|[from] item: Leftovers
|-damage|p2a: Immortal Snake|25/100|[from] Leech Seed|[of] p1a: Ferrothorn
|upkeep
|turn|79
|
|t:|1660618214
|move|p2a: Immortal Snake|Rest|p2a: Immortal Snake
|-status|p2a: Immortal Snake|slp|[from] move: Rest
|-heal|p2a: Immortal Snake|100/100 slp|[silent]
|move|p1a: Ferrothorn|Giga Drain|p2a: Immortal Snake
|-damage|p2a: Immortal Snake|98/100 slp
|
|-heal|p2a: Immortal Snake|100/100 slp|[from] item: Leftovers
|-damage|p2a: Immortal Snake|88/100 slp|[from] Leech Seed|[of] p1a: Ferrothorn
|upkeep
|turn|80
|
|t:|1660618218
|switch|p1a: Sableye|Sableye-Mega, M|100/100
|cant|p2a: Immortal Snake|slp
|
|-heal|p2a: Immortal Snake|94/100 slp|[from] item: Leftovers
|-damage|p2a: Immortal Snake|82/100 slp|[from] Leech Seed|[of] p1a: Sableye
|upkeep
|turn|81
|
|t:|1660618220
|cant|p2a: Immortal Snake|slp
|move|p1a: Sableye|Foul Play|p2a: Immortal Snake
|-damage|p2a: Immortal Snake|66/100 slp
|
|-heal|p2a: Immortal Snake|72/100 slp|[from] item: Leftovers
|-damage|p2a: Immortal Snake|60/100 slp|[from] Leech Seed|[of] p1a: Sableye
|upkeep
|turn|82
|
|t:|1660618224
|-curestatus|p2a: Immortal Snake|slp|[msg]
|move|p2a: Immortal Snake|Coil|p2a: Immortal Snake
|-boost|p2a: Immortal Snake|atk|0
|-boost|p2a: Immortal Snake|def|0
|-boost|p2a: Immortal Snake|accuracy|0
|move|p1a: Sableye|Foul Play|p2a: Immortal Snake
|-damage|p2a: Immortal Snake|45/100
|
|-heal|p2a: Immortal Snake|51/100|[from] item: Leftovers
|-damage|p2a: Immortal Snake|39/100|[from] Leech Seed|[of] p1a: Sableye
|upkeep
|turn|83
|
|t:|1660618229
|move|p2a: Immortal Snake|Coil|p2a: Immortal Snake
|-boost|p2a: Immortal Snake|atk|0
|-boost|p2a: Immortal Snake|def|0
|-boost|p2a: Immortal Snake|accuracy|0
|move|p1a: Sableye|Foul Play|p2a: Immortal Snake
|-damage|p2a: Immortal Snake|24/100
|
|-heal|p2a: Immortal Snake|30/100|[from] item: Leftovers
|-damage|p2a: Immortal Snake|17/100|[from] Leech Seed|[of] p1a: Sableye
|upkeep
|turn|84
|
|t:|1660618232
|move|p2a: Immortal Snake|Rest|p2a: Immortal Snake
|-status|p2a: Immortal Snake|slp|[from] move: Rest
|-heal|p2a: Immortal Snake|100/100 slp|[silent]
|move|p1a: Sableye|Foul Play|p2a: Immortal Snake
|-damage|p2a: Immortal Snake|86/100 slp
|
|-heal|p2a: Immortal Snake|92/100 slp|[from] item: Leftovers
|-damage|p2a: Immortal Snake|80/100 slp|[from] Leech Seed|[of] p1a: Sableye
|upkeep
|turn|85
|
|t:|1660618237
|cant|p2a: Immortal Snake|slp
|move|p1a: Sableye|Foul Play|p2a: Immortal Snake
|-damage|p2a: Immortal Snake|65/100 slp
|
|-heal|p2a: Immortal Snake|72/100 slp|[from] item: Leftovers
|-damage|p2a: Immortal Snake|59/100 slp|[from] Leech Seed|[of] p1a: Sableye
|upkeep
|turn|86
|c|☆salty in 4K|-…-
|
|t:|1660618244
|cant|p2a: Immortal Snake|slp
|move|p1a: Sableye|Foul Play|p2a: Immortal Snake
|-damage|p2a: Immortal Snake|45/100 slp
|
|-heal|p2a: Immortal Snake|51/100 slp|[from] item: Leftovers
|-damage|p2a: Immortal Snake|39/100 slp|[from] Leech Seed|[of] p1a: Sableye
|upkeep
|turn|87
|
|t:|1660618251
|-curestatus|p2a: Immortal Snake|slp|[msg]
|move|p2a: Immortal Snake|Coil|p2a: Immortal Snake
|-boost|p2a: Immortal Snake|atk|0
|-boost|p2a: Immortal Snake|def|0
|-boost|p2a: Immortal Snake|accuracy|0
|move|p1a: Sableye|Foul Play|p2a: Immortal Snake
|-damage|p2a: Immortal Snake|23/100
|
|-heal|p2a: Immortal Snake|30/100|[from] item: Leftovers
|-damage|p2a: Immortal Snake|17/100|[from] Leech Seed|[of] p1a: Sableye
|upkeep
|turn|88
|
|t:|1660618256
|move|p2a: Immortal Snake|Rest|p2a: Immortal Snake
|-status|p2a: Immortal Snake|slp|[from] move: Rest
|-heal|p2a: Immortal Snake|100/100 slp|[silent]
|move|p1a: Sableye|Foul Play|p2a: Immortal Snake
|-damage|p2a: Immortal Snake|84/100 slp
|
|-heal|p2a: Immortal Snake|90/100 slp|[from] item: Leftovers
|-damage|p2a: Immortal Snake|78/100 slp|[from] Leech Seed|[of] p1a: Sableye
|upkeep
|turn|89
|
|t:|1660618259
|cant|p2a: Immortal Snake|slp
|move|p1a: Sableye|Foul Play|p2a: Immortal Snake
|-damage|p2a: Immortal Snake|62/100 slp
|
|-heal|p2a: Immortal Snake|68/100 slp|[from] item: Leftovers
|-damage|p2a: Immortal Snake|56/100 slp|[from] Leech Seed|[of] p1a: Sableye
|upkeep
|turn|90
|
|t:|1660618262
|switch|p1a: Quagsire|Quagsire, M|100/100
|cant|p2a: Immortal Snake|slp
|
|-heal|p2a: Immortal Snake|62/100 slp|[from] item: Leftovers
|-damage|p2a: Immortal Snake|50/100 slp|[from] Leech Seed|[of] p1a: Quagsire
|upkeep
|turn|91
|
|t:|1660618266
|-curestatus|p2a: Immortal Snake|slp|[msg]
|move|p2a: Immortal Snake|Coil|p2a: Immortal Snake
|-boost|p2a: Immortal Snake|atk|0
|-boost|p2a: Immortal Snake|def|0
|-boost|p2a: Immortal Snake|accuracy|0
|move|p1a: Quagsire|Haze|p1a: Quagsire
|-clearallboost
|
|-heal|p2a: Immortal Snake|56/100|[from] item: Leftovers
|-damage|p2a: Immortal Snake|43/100|[from] Leech Seed|[of] p1a: Quagsire
|upkeep
|turn|92
|c|☆salty in 4K|Buahahaha
|
|t:|1660618277
|move|p2a: Immortal Snake|Rest|p2a: Immortal Snake
|-status|p2a: Immortal Snake|slp|[from] move: Rest
|-heal|p2a: Immortal Snake|100/100 slp|[silent]
|move|p1a: Quagsire|Scald|p2a: Immortal Snake
|-damage|p2a: Immortal Snake|93/100 slp
|
|-heal|p2a: Immortal Snake|99/100 slp|[from] item: Leftovers
|-damage|p2a: Immortal Snake|87/100 slp|[from] Leech Seed|[of] p1a: Quagsire
|upkeep
|turn|93
|c|☆97thPhantom|Shouldnt you have done that a while ago?
|
|t:|1660618293
|switch|p1a: Ferrothorn|Ferrothorn, F|100/100
|cant|p2a: Immortal Snake|slp
|
|-heal|p2a: Immortal Snake|93/100 slp|[from] item: Leftovers
|-damage|p2a: Immortal Snake|80/100 slp|[from] Leech Seed|[of] p1a: Ferrothorn
|upkeep
|turn|94
|c|☆salty in 4K|No don’t tell me how to play me am champion
|inactive|salty in 4K has 120 seconds left.
|
|t:|1660618325
|switch|p2a: Bastille|Forretress, M, shiny|59/100
|move|p1a: Ferrothorn|Giga Drain|p2a: Bastille
|-resisted|p2a: Bastille
|-damage|p2a: Bastille|53/100
|
|-heal|p2a: Bastille|60/100|[from] item: Leftovers
|upkeep
|turn|95
|c|☆97thPhantom|Ah my bad
|
|t:|1660618330
|switch|p1a: Sableye|Sableye-Mega, M|100/100
|move|p2a: Bastille|Stealth Rock|p1a: Sableye
|move|p1a: Sableye|Stealth Rock|p2a: Bastille|[from]ability: Magic Bounce
|-sidestart|p2: 97thPhantom|move: Stealth Rock
|
|-heal|p2a: Bastille|66/100|[from] item: Leftovers
|upkeep
|turn|96
|
|t:|1660618335
|switch|p2a: Immortal Snake|Zygarde-Complete, shiny|80/100 slp
|-damage|p2a: Immortal Snake|74/100 slp|[from] Stealth Rock
|move|p1a: Sableye|Will-O-Wisp||[still]
|-fail|p1a: Sableye
|
|-heal|p2a: Immortal Snake|80/100 slp|[from] item: Leftovers
|upkeep
|turn|97
|
|t:|1660618338
|cant|p2a: Immortal Snake|slp
|move|p1a: Sableye|Foul Play|p2a: Immortal Snake
|-damage|p2a: Immortal Snake|66/100 slp
|
|-heal|p2a: Immortal Snake|72/100 slp|[from] item: Leftovers
|upkeep
|turn|98
|
|t:|1660618341
|-curestatus|p2a: Immortal Snake|slp|[msg]
|move|p2a: Immortal Snake|Coil|p2a: Immortal Snake
|-boost|p2a: Immortal Snake|atk|1
|-boost|p2a: Immortal Snake|def|1
|-boost|p2a: Immortal Snake|accuracy|1
|move|p1a: Sableye|Foul Play|p2a: Immortal Snake
|-damage|p2a: Immortal Snake|57/100
|
|-heal|p2a: Immortal Snake|63/100|[from] item: Leftovers
|upkeep
|turn|99
|
|t:|1660618345
|move|p2a: Immortal Snake|Coil|p2a: Immortal Snake
|-boost|p2a: Immortal Snake|atk|1
|-boost|p2a: Immortal Snake|def|1
|-boost|p2a: Immortal Snake|accuracy|1
|move|p1a: Sableye|Foul Play|p2a: Immortal Snake
|-crit|p2a: Immortal Snake
|-damage|p2a: Immortal Snake|20/100
|
|-heal|p2a: Immortal Snake|26/100|[from] item: Leftovers
|upkeep
|turn|100
|
|t:|1660618347
|move|p2a: Immortal Snake|Rest|p2a: Immortal Snake
|-status|p2a: Immortal Snake|slp|[from] move: Rest
|-heal|p2a: Immortal Snake|100/100 slp|[silent]
|move|p1a: Sableye|Foul Play|p2a: Immortal Snake
|-damage|p2a: Immortal Snake|86/100 slp
|
|-heal|p2a: Immortal Snake|92/100 slp|[from] item: Leftovers
|upkeep
|turn|101
|
|t:|1660618351
|switch|p1a: Quagsire|Quagsire, M|100/100
|cant|p2a: Immortal Snake|slp
|
|-heal|p2a: Immortal Snake|99/100 slp|[from] item: Leftovers
|upkeep
|turn|102
|
|t:|1660618355
|switch|p2a: Bastille|Forretress, M, shiny|66/100
|-damage|p2a: Bastille|53/100|[from] Stealth Rock
|move|p1a: Quagsire|Haze|p1a: Quagsire
|-clearallboost
|
|-heal|p2a: Bastille|60/100|[from] item: Leftovers
|upkeep
|turn|103
|c|☆salty in 4K|102 fucking turns man
|
|t:|1660618369
|move|p2a: Bastille|Rapid Spin|p1a: Quagsire
|-damage|p1a: Quagsire|94/100
|-boost|p2a: Bastille|spe|1
|-damage|p2a: Bastille|43/100|[from] item: Rocky Helmet|[of] p1a: Quagsire
|-sideend|p2: 97thPhantom|Stealth Rock|[from] move: Rapid Spin|[of] p2a: Bastille
|move|p1a: Quagsire|Scald|p2a: Bastille
|-damage|p2a: Bastille|17/100
|
|-heal|p2a: Bastille|23/100|[from] item: Leftovers
|upkeep
|turn|104
|c|☆97thPhantom|This is far from my record
|
|t:|1660618384
|switch|p1a: Sableye|Sableye-Mega, M|100/100
|move|p2a: Bastille|Toxic|p1a: Sableye
|move|p1a: Sableye|Toxic|p2a: Bastille|[from]ability: Magic Bounce
|-immune|p2a: Bastille
|
|-heal|p2a: Bastille|29/100|[from] item: Leftovers
|upkeep
|turn|105
|
|t:|1660618399
|switch|p2a: Immortal Snake|Zygarde-Complete, shiny|99/100 slp
|move|p1a: Sableye|Foul Play|p2a: Immortal Snake
|-damage|p2a: Immortal Snake|84/100 slp
|
|-heal|p2a: Immortal Snake|90/100 slp|[from] item: Leftovers
|upkeep
|turn|106
|c|☆salty in 4K|My record iv been stalled for 556 turns before
|c|☆salty in 4K|I am not dealing with this cancer again
|
|t:|1660618424
|switch|p1a: Ferrothorn|Ferrothorn, F|100/100
|cant|p2a: Immortal Snake|slp
|
|-heal|p2a: Immortal Snake|96/100 slp|[from] item: Leftovers
|upkeep
|turn|107
|c|☆97thPhantom|never been quite to 556 but im looking foward to it
|inactive|97thPhantom has 120 seconds left.
|
|t:|1660618441
|-curestatus|p2a: Immortal Snake|slp|[msg]
|move|p2a: Immortal Snake|Coil|p2a: Immortal Snake
|-boost|p2a: Immortal Snake|atk|1
|-boost|p2a: Immortal Snake|def|1
|-boost|p2a: Immortal Snake|accuracy|1
|move|p1a: Ferrothorn|Leech Seed|p2a: Immortal Snake|[miss]
|-miss|p1a: Ferrothorn|p2a: Immortal Snake
|
|-heal|p2a: Immortal Snake|100/100|[from] item: Leftovers
|upkeep
|turn|108
|
|t:|1660618452
|move|p2a: Immortal Snake|Coil|p2a: Immortal Snake
|-boost|p2a: Immortal Snake|atk|1
|-boost|p2a: Immortal Snake|def|1
|-boost|p2a: Immortal Snake|accuracy|1
|move|p1a: Ferrothorn|Leech Seed|p2a: Immortal Snake|[miss]
|-miss|p1a: Ferrothorn|p2a: Immortal Snake
|
|upkeep
|turn|109
|
|t:|1660618460
|move|p2a: Immortal Snake|Coil|p2a: Immortal Snake
|-boost|p2a: Immortal Snake|atk|1
|-boost|p2a: Immortal Snake|def|1
|-boost|p2a: Immortal Snake|accuracy|1
|move|p1a: Ferrothorn|Leech Seed|p2a: Immortal Snake
|-start|p2a: Immortal Snake|move: Leech Seed
|
|-damage|p2a: Immortal Snake|88/100|[from] Leech Seed|[of] p1a: Ferrothorn
|upkeep
|turn|110
|
|t:|1660618463
|switch|p1a: Quagsire|Quagsire, M|94/100
|move|p2a: Immortal Snake|Coil|p2a: Immortal Snake
|-boost|p2a: Immortal Snake|atk|1
|-boost|p2a: Immortal Snake|def|1
|-boost|p2a: Immortal Snake|accuracy|1
|
|-heal|p2a: Immortal Snake|94/100|[from] item: Leftovers
|-damage|p2a: Immortal Snake|82/100|[from] Leech Seed|[of] p1a: Quagsire
|-heal|p1a: Quagsire|100/100|[silent]
|upkeep
|turn|111
|
|t:|1660618471
|switch|p2a: Bastille|Forretress, M, shiny|29/100
|move|p1a: Quagsire|Haze|p1a: Quagsire
|-clearallboost
|
|-heal|p2a: Bastille|35/100|[from] item: Leftovers
|upkeep
|turn|112
|
|t:|1660618474
|switch|p1a: Sableye|Sableye-Mega, M|100/100
|move|p2a: Bastille|Toxic|p1a: Sableye
|move|p1a: Sableye|Toxic|p2a: Bastille|[from]ability: Magic Bounce
|-immune|p2a: Bastille
|
|-heal|p2a: Bastille|41/100|[from] item: Leftovers
|upkeep
|turn|113
|
|t:|1660618479
|switch|p2a: Immortal Snake|Zygarde-Complete, shiny|82/100
|move|p1a: Sableye|Will-O-Wisp|p2a: Immortal Snake
|-status|p2a: Immortal Snake|brn
|
|-heal|p2a: Immortal Snake|88/100 brn|[from] item: Leftovers
|-damage|p2a: Immortal Snake|82/100 brn|[from] brn
|upkeep
|turn|114
|
|t:|1660618483
|switch|p1a: Ferrothorn|Ferrothorn, F|100/100
|move|p2a: Immortal Snake|Rest|p2a: Immortal Snake
|-status|p2a: Immortal Snake|slp|[from] move: Rest
|-heal|p2a: Immortal Snake|100/100 slp|[silent]
|
|upkeep
|turn|115
|
|t:|1660618486
|cant|p2a: Immortal Snake|slp
|move|p1a: Ferrothorn|Leech Seed|p2a: Immortal Snake
|-start|p2a: Immortal Snake|move: Leech Seed
|
|-damage|p2a: Immortal Snake|88/100 slp|[from] Leech Seed|[of] p1a: Ferrothorn
|upkeep
|turn|116
|c|☆salty in 4K|I hate you
|
|t:|1660618509
|switch|p1a: Sableye|Sableye-Mega, M|100/100
|cant|p2a: Immortal Snake|slp
|
|-heal|p2a: Immortal Snake|94/100 slp|[from] item: Leftovers
|-damage|p2a: Immortal Snake|82/100 slp|[from] Leech Seed|[of] p1a: Sableye
|upkeep
|turn|117
|
|t:|1660618518
|switch|p1a: Quagsire|Quagsire, M|100/100
|-curestatus|p2a: Immortal Snake|slp|[msg]
|move|p2a: Immortal Snake|Coil|p2a: Immortal Snake
|-boost|p2a: Immortal Snake|atk|1
|-boost|p2a: Immortal Snake|def|1
|-boost|p2a: Immortal Snake|accuracy|1
|
|-heal|p2a: Immortal Snake|88/100|[from] item: Leftovers
|-damage|p2a: Immortal Snake|75/100|[from] Leech Seed|[of] p1a: Quagsire
|upkeep
|turn|118
|
|t:|1660618524
|move|p2a: Immortal Snake|Coil|p2a: Immortal Snake
|-boost|p2a: Immortal Snake|atk|1
|-boost|p2a: Immortal Snake|def|1
|-boost|p2a: Immortal Snake|accuracy|1
|move|p1a: Quagsire|Haze|p1a: Quagsire
|-clearallboost
|
|-heal|p2a: Immortal Snake|82/100|[from] item: Leftovers
|-damage|p2a: Immortal Snake|69/100|[from] Leech Seed|[of] p1a: Quagsire
|upkeep
|turn|119
|
|t:|1660618527
|move|p2a: Immortal Snake|Rest|p2a: Immortal Snake
|-status|p2a: Immortal Snake|slp|[from] move: Rest
|-heal|p2a: Immortal Snake|100/100 slp|[silent]
|move|p1a: Quagsire|Scald|p2a: Immortal Snake
|-damage|p2a: Immortal Snake|92/100 slp
|
|-heal|p2a: Immortal Snake|98/100 slp|[from] item: Leftovers
|-damage|p2a: Immortal Snake|86/100 slp|[from] Leech Seed|[of] p1a: Quagsire
|upkeep
|turn|120
|
|t:|1660618530
|cant|p2a: Immortal Snake|slp
|move|p1a: Quagsire|Scald|p2a: Immortal Snake
|-damage|p2a: Immortal Snake|78/100 slp
|
|-heal|p2a: Immortal Snake|84/100 slp|[from] item: Leftovers
|-damage|p2a: Immortal Snake|71/100 slp|[from] Leech Seed|[of] p1a: Quagsire
|upkeep
|turn|121
|
|t:|1660618532
|cant|p2a: Immortal Snake|slp
|move|p1a: Quagsire|Scald|p2a: Immortal Snake
|-damage|p2a: Immortal Snake|64/100 slp
|
|-heal|p2a: Immortal Snake|70/100 slp|[from] item: Leftovers
|-damage|p2a: Immortal Snake|58/100 slp|[from] Leech Seed|[of] p1a: Quagsire
|upkeep
|turn|122
|
|t:|1660618535
|-curestatus|p2a: Immortal Snake|slp|[msg]
|move|p2a: Immortal Snake|Rest|p2a: Immortal Snake
|-status|p2a: Immortal Snake|slp|[from] move: Rest
|-heal|p2a: Immortal Snake|100/100 slp|[silent]
|move|p1a: Quagsire|Scald|p2a: Immortal Snake
|-damage|p2a: Immortal Snake|92/100 slp
|
|-heal|p2a: Immortal Snake|99/100 slp|[from] item: Leftovers
|-damage|p2a: Immortal Snake|86/100 slp|[from] Leech Seed|[of] p1a: Quagsire
|upkeep
|turn|123
|
|t:|1660618540
|cant|p2a: Immortal Snake|slp
|move|p1a: Quagsire|Scald|p2a: Immortal Snake
|-damage|p2a: Immortal Snake|78/100 slp
|
|-heal|p2a: Immortal Snake|84/100 slp|[from] item: Leftovers
|-damage|p2a: Immortal Snake|72/100 slp|[from] Leech Seed|[of] p1a: Quagsire
|upkeep
|turn|124
|
|t:|1660618543
|cant|p2a: Immortal Snake|slp
|move|p1a: Quagsire|Scald|p2a: Immortal Snake
|-damage|p2a: Immortal Snake|64/100 slp
|
|-heal|p2a: Immortal Snake|70/100 slp|[from] item: Leftovers
|-damage|p2a: Immortal Snake|57/100 slp|[from] Leech Seed|[of] p1a: Quagsire
|upkeep
|turn|125
|
|t:|1660618549
|switch|p2a: Bastille|Forretress, M, shiny|41/100
|move|p1a: Quagsire|Toxic|p2a: Bastille
|-immune|p2a: Bastille
|
|-heal|p2a: Bastille|48/100|[from] item: Leftovers
|upkeep
|turn|126
|
|t:|1660618553
|switch|p1a: Sableye|Sableye-Mega, M|100/100
|move|p2a: Bastille|Toxic|p1a: Sableye
|move|p1a: Sableye|Toxic|p2a: Bastille|[from]ability: Magic Bounce
|-immune|p2a: Bastille
|
|-heal|p2a: Bastille|54/100|[from] item: Leftovers
|upkeep
|turn|127
|
|t:|1660618573
|move|p2a: Bastille|Toxic|p1a: Sableye
|move|p1a: Sableye|Toxic|p2a: Bastille|[from]ability: Magic Bounce
|-immune|p2a: Bastille
|move|p1a: Sableye|Will-O-Wisp|p2a: Bastille|[miss]
|-miss|p1a: Sableye|p2a: Bastille
|
|-heal|p2a: Bastille|60/100|[from] item: Leftovers
|upkeep
|turn|128
|
|t:|1660618591
|switch|p2a: Happy Blob|Ditto, shiny|100/100
|-transform|p2a: Happy Blob|p1a: Sableye|[from] ability: Imposter
|move|p1a: Sableye|Will-O-Wisp|p2a: Happy Blob
|move|p2a: Happy Blob|Will-O-Wisp|p1a: Sableye|[from]ability: Magic Bounce
|-status|p1a: Sableye|brn
|
|-damage|p1a: Sableye|95/100 brn|[from] brn
|upkeep
|turn|129
|
|t:|1660618606
|switch|p2a: Immortal Snake|Zygarde-Complete, shiny|57/100 slp
|move|p1a: Sableye|Foul Play|p2a: Immortal Snake
|-damage|p2a: Immortal Snake|50/100 slp
|
|-heal|p2a: Immortal Snake|56/100 slp|[from] item: Leftovers
|-damage|p1a: Sableye|89/100 brn|[from] brn
|upkeep
|turn|130
|
|t:|1660618615
|switch|p1a: Ferrothorn|Ferrothorn, F|100/100
|-curestatus|p2a: Immortal Snake|slp|[msg]
|-activate|p2a: Immortal Snake|move: Struggle
|move|p2a: Immortal Snake|Struggle|p1a: Ferrothorn
|-damage|p1a: Ferrothorn|94/100
|-damage|p2a: Immortal Snake|43/100|[from] ability: Iron Barbs|[of] p1a: Ferrothorn
|-damage|p2a: Immortal Snake|27/100|[from] item: Rocky Helmet|[of] p1a: Ferrothorn
|-damage|p2a: Immortal Snake|2/100|[from] recoil
|
|-heal|p2a: Immortal Snake|8/100|[from] item: Leftovers
|upkeep
|turn|131
|
|t:|1660618622
|move|p1a: Ferrothorn|Protect|p1a: Ferrothorn
|-singleturn|p1a: Ferrothorn|Protect
|-activate|p2a: Immortal Snake|move: Struggle
|move|p2a: Immortal Snake|Struggle|p1a: Ferrothorn
|-activate|p1a: Ferrothorn|move: Protect
|
|-heal|p2a: Immortal Snake|14/100|[from] item: Leftovers
|upkeep
|turn|132
|
|t:|1660618626
|-activate|p2a: Immortal Snake|move: Struggle
|move|p2a: Immortal Snake|Struggle|p1a: Ferrothorn
|-damage|p1a: Ferrothorn|87/100
|-damage|p2a: Immortal Snake|2/100|[from] ability: Iron Barbs|[of] p1a: Ferrothorn
|-damage|p2a: Immortal Snake|0 fnt|[from] item: Rocky Helmet|[of] p1a: Ferrothorn
|faint|p2a: Immortal Snake
|move|p1a: Ferrothorn|Giga Drain|p2: Immortal Snake|[notarget]
|-fail|p1a: Ferrothorn
|
|upkeep
|
|t:|1660618628
|switch|p2a: 2 for 1 Deal|Calyrex-Shadow|100/100
|-ability|p2a: 2 for 1 Deal|As One
|-ability|p2a: 2 for 1 Deal|Unnerve
|turn|133
|
|t:|1660618632
|move|p2a: 2 for 1 Deal|Astral Barrage|p1a: Ferrothorn
|-damage|p1a: Ferrothorn|28/100
|move|p1a: Ferrothorn|Leech Seed|p2a: 2 for 1 Deal|[miss]
|-miss|p1a: Ferrothorn|p2a: 2 for 1 Deal
|
|upkeep
|turn|134
|
|t:|1660618639
|move|p2a: 2 for 1 Deal|Astral Barrage|p1a: Ferrothorn
|-damage|p1a: Ferrothorn|0 fnt
|faint|p1a: Ferrothorn
|-ability|p2a: 2 for 1 Deal|Grim Neigh|boost
|-boost|p2a: 2 for 1 Deal|spa|1
|
|upkeep
|
|t:|1660618640
|switch|p1a: Ditto|Ditto|100/100
|-transform|p1a: Ditto|p2a: 2 for 1 Deal|[from] ability: Imposter
|turn|135
|
|t:|1660618642
|move|p1a: Ditto|Astral Barrage|p2a: 2 for 1 Deal
|-supereffective|p2a: 2 for 1 Deal
|-enditem|p2a: 2 for 1 Deal|Focus Sash
|-damage|p2a: 2 for 1 Deal|1/100
|move|p2a: 2 for 1 Deal|Astral Barrage|p1a: Ditto
|-supereffective|p1a: Ditto
|-damage|p1a: Ditto|0 fnt
|faint|p1a: Ditto
|-ability|p2a: 2 for 1 Deal|Grim Neigh|boost
|-boost|p2a: 2 for 1 Deal|spa|1
|
|upkeep
|
|t:|1660618647
|switch|p1a: Quagsire|Quagsire, M|100/100
|turn|136
|
|t:|1660618649
|move|p2a: 2 for 1 Deal|Astral Barrage|p1a: Quagsire
|-damage|p1a: Quagsire|3/100
|move|p1a: Quagsire|Scald|p2a: 2 for 1 Deal
|-damage|p2a: 2 for 1 Deal|0 fnt
|faint|p2a: 2 for 1 Deal
|
|upkeep
|
|t:|1660618652
|switch|p2a: Mega Gengar|Marshadow|53/100 tox
|turn|137
|
|t:|1660618655
|move|p2a: Mega Gengar|Shadow Sneak|p1a: Quagsire
|-damage|p1a: Quagsire|0 fnt
|-damage|p2a: Mega Gengar|36/100 tox|[from] item: Rocky Helmet|[of] p1a: Quagsire
|faint|p1a: Quagsire
|
|-damage|p2a: Mega Gengar|30/100 tox|[from] psn
|upkeep
|
|t:|1660618656
|switch|p1a: Sableye|Sableye-Mega, M|89/100 brn
|turn|138
|
|t:|1660618665
|move|p2a: Mega Gengar|Endeavor|p1a: Sableye
|-immune|p1a: Sableye
|move|p1a: Sableye|Recover|p1a: Sableye
|-heal|p1a: Sableye|100/100 brn
|
|-damage|p2a: Mega Gengar|18/100 tox|[from] psn
|-damage|p1a: Sableye|95/100 brn|[from] brn
|upkeep
|turn|139
|
|t:|1660618671
|move|p1a: Sableye|Protect|p1a: Sableye
|-singleturn|p1a: Sableye|Protect
|move|p2a: Mega Gengar|Spectral Thief|p1a: Sableye
|-activate|p1a: Sableye|move: Protect
|
|-damage|p2a: Mega Gengar|0 fnt|[from] psn
|faint|p2a: Mega Gengar
|-damage|p1a: Sableye|89/100 brn|[from] brn
|upkeep
|
|t:|1660618687
|switch|p2a: Happy Blob|Ditto, shiny|100/100
|-transform|p2a: Happy Blob|p1a: Sableye|[from] ability: Imposter
|turn|140
|
|t:|1660618691
|move|p2a: Happy Blob|Foul Play|p1a: Sableye
|-damage|p1a: Sableye|67/100 brn
|move|p1a: Sableye|Foul Play|p2a: Happy Blob
|-damage|p2a: Happy Blob|90/100
|
|-damage|p1a: Sableye|62/100 brn|[from] brn
|upkeep
|turn|141
|
|t:|1660618701
|move|p2a: Happy Blob|Foul Play|p1a: Sableye
|-damage|p1a: Sableye|42/100 brn
|move|p1a: Sableye|Foul Play|p2a: Happy Blob
|-damage|p2a: Happy Blob|80/100
|
|-damage|p1a: Sableye|36/100 brn|[from] brn
|upkeep
|turn|142
|
|t:|1660618704
|move|p2a: Happy Blob|Foul Play|p1a: Sableye
|-damage|p1a: Sableye|15/100 brn
|move|p1a: Sableye|Recover|p1a: Sableye
|-heal|p1a: Sableye|65/100 brn
|
|-damage|p1a: Sableye|59/100 brn|[from] brn
|upkeep
|turn|143
|
|t:|1660618706
|move|p2a: Happy Blob|Foul Play|p1a: Sableye
|-damage|p1a: Sableye|40/100 brn
|move|p1a: Sableye|Recover|p1a: Sableye
|-heal|p1a: Sableye|90/100 brn
|
|-damage|p1a: Sableye|84/100 brn|[from] brn
|upkeep
|turn|144
|
|t:|1660618711
|switch|p2a: Bastille|Forretress, M, shiny|60/100
|move|p1a: Sableye|Recover|p1a: Sableye
|-heal|p1a: Sableye|100/100 brn
|
|-heal|p2a: Bastille|66/100|[from] item: Leftovers
|-damage|p1a: Sableye|95/100 brn|[from] brn
|upkeep
|turn|145
|
|t:|1660618716
|move|p2a: Bastille|Stealth Rock|p1a: Sableye
|move|p1a: Sableye|Stealth Rock|p2a: Bastille|[from]ability: Magic Bounce
|-sidestart|p2: 97thPhantom|move: Stealth Rock
|move|p1a: Sableye|Will-O-Wisp|p2a: Bastille
|-status|p2a: Bastille|brn
|
|-heal|p2a: Bastille|73/100 brn|[from] item: Leftovers
|-damage|p2a: Bastille|66/100 brn|[from] brn
|-damage|p1a: Sableye|89/100 brn|[from] brn
|upkeep
|turn|146
|c|☆97thPhantom|misclicked lol
|
|t:|1660618726
|move|p1a: Sableye|Foul Play|p2a: Bastille
|-damage|p2a: Bastille|59/100 brn
|move|p2a: Bastille|Counter|p1a: Sableye
|-immune|p1a: Sableye
|
|-heal|p2a: Bastille|65/100 brn|[from] item: Leftovers
|-damage|p2a: Bastille|59/100 brn|[from] brn
|-damage|p1a: Sableye|83/100 brn|[from] brn
|upkeep
|turn|147
|
|t:|1660618737
|move|p2a: Bastille|Rapid Spin|p1a: Sableye
|-immune|p1a: Sableye
|move|p1a: Sableye|Will-O-Wisp|p2a: Bastille
|-fail|p2a: Bastille|brn
|
|-heal|p2a: Bastille|65/100 brn|[from] item: Leftovers
|-damage|p2a: Bastille|59/100 brn|[from] brn
|-damage|p1a: Sableye|77/100 brn|[from] brn
|upkeep
|turn|148
|
|t:|1660618745
|move|p2a: Bastille|Rapid Spin|p1a: Sableye
|-immune|p1a: Sableye
|move|p1a: Sableye|Foul Play|p2a: Bastille
|-damage|p2a: Bastille|51/100 brn
|
|-heal|p2a: Bastille|57/100 brn|[from] item: Leftovers
|-damage|p2a: Bastille|51/100 brn|[from] brn
|-damage|p1a: Sableye|71/100 brn|[from] brn
|upkeep
|turn|149
|
|t:|1660618755
|move|p2a: Bastille|Rapid Spin|p1a: Sableye
|-immune|p1a: Sableye
|move|p1a: Sableye|Will-O-Wisp|p2a: Bastille
|-fail|p2a: Bastille|brn
|
|-heal|p2a: Bastille|57/100 brn|[from] item: Leftovers
|-damage|p2a: Bastille|51/100 brn|[from] brn
|-damage|p1a: Sableye|65/100 brn|[from] brn
|upkeep
|turn|150
|
|t:|1660618773
|move|p2a: Bastille|Rapid Spin|p1a: Sableye
|-immune|p1a: Sableye
|move|p1a: Sableye|Foul Play|p2a: Bastille
|-damage|p2a: Bastille|42/100 brn
|
|-heal|p2a: Bastille|49/100 brn|[from] item: Leftovers
|-damage|p2a: Bastille|42/100 brn|[from] brn
|-damage|p1a: Sableye|59/100 brn|[from] brn
|upkeep
|turn|151
|inactive|salty in 4K has 120 seconds left.
|c|☆salty in 4K|I hope your toilet clogges
|-message|salty in 4K forfeited.
|
|win|97thPhantom
|raw|salty in 4K's rating: 1460 &rarr; <strong>1447</strong><br />(-13 for losing)
|raw|97thPhantom's rating: 1585 &rarr; <strong>1598</strong><br />(+13 for winning)
|l|☆salty in 4K
||Ladder isn't responding, score probably updated but might not have (Request timeout).
