|j|☆MaaDCityGoodKid
|j|☆cllout
|t:|1667936552
|gametype|singles
|player|p1|MaaDCityGoodKid|byron|1557
|player|p2|cllout|misty-lgpe|1604
|teamsize|p1|6
|teamsize|p2|6
|gen|8
|tier|[Gen 8] National Dex AG
|rated|
|rule|HP Percentage Mod: HP is shown in percentages
|rule|Endless Battle Clause: Forcing endless battles is banned
|clearpoke
|poke|p1|Xerneas-*|
|poke|p1|Sharpedo, F|
|poke|p1|Banette, M|
|poke|p1|Gengar, F|
|poke|p1|Donphan, F|
|poke|p1|Zacian-*|
|poke|p2|Rayquaza|
|poke|p2|Calyrex-Shadow|
|poke|p2|Necrozma-Dusk-Mane|
|poke|p2|Xerneas-*|
|poke|p2|Yveltal|
|poke|p2|Marshadow|
|teampreview
|inactive|Battle timer is ON: inactive players will automatically lose when time's up. (requested by cllout)
|inactive|MaaDCityGoodKid has 120 seconds left.
|inactive|cllout has 120 seconds left.
|inactive|MaaDCityGoodKid has 90 seconds left.
|
|t:|1667936622
|start
|switch|p1a: Donphan|Donphan, F|100/100
|switch|p2a: Necrozma|Necrozma-Dusk-Mane|100/100
|turn|1
|
|t:|1667936637
|move|p2a: Necrozma|Stealth Rock|p1a: Donphan
|-sidestart|p1: MaaDCityGoodKid|move: Stealth Rock
|move|p1a: Donphan|Earthquake|p2a: Necrozma
|-supereffective|p2a: Necrozma
|-damage|p2a: Necrozma|59/100
|
|upkeep
|turn|2
|
|t:|1667936645
|switch|p2a: Yveltal|Yveltal, shiny|100/100
|-ability|p2a: Yveltal|Dark Aura
|move|p1a: Donphan|Stealth Rock|p2a: Yveltal
|-sidestart|p2: cllout|move: Stealth Rock
|
|upkeep
|turn|3
|
|t:|1667936653
|move|p2a: Yveltal|Knock Off|p1a: Donphan
|-damage|p1a: Donphan|61/100
|-enditem|p1a: Donphan|Custap Berry|[from] move: Knock Off|[of] p2a: Yveltal
|move|p1a: Donphan|Rapid Spin|p2a: Yveltal
|-damage|p2a: Yveltal|83/100
|-boost|p1a: Donphan|spe|1
|-sideend|p1: MaaDCityGoodKid|Stealth Rock|[from] move: Rapid Spin|[of] p1a: Donphan
|
|upkeep
|turn|4
|
|t:|1667936660
|switch|p1a: Xerneas|Xerneas|100/100
|-ability|p1a: Xerneas|Fairy Aura
|move|p2a: Yveltal|Defog|p1a: Xerneas
|-unboost|p1a: Xerneas|evasion|1
|-sideend|p2: cllout|Stealth Rock|[from] move: Defog|[of] p2a: Yveltal
|
|upkeep
|turn|5
|
|t:|1667936673
|switch|p1a: Gengar|Gengar, F|100/100
|move|p2a: Yveltal|Taunt|p1a: Gengar
|-start|p1a: Gengar|move: Taunt
|
|upkeep
|turn|6
|
|t:|1667936682
|switch|p1a: Donphan|Donphan, F|61/100
|switch|p2a: Necrozma|Necrozma-Dusk-Mane|59/100
|
|upkeep
|turn|7
|
|t:|1667936688
|switch|p2a: Yveltal|Yveltal, shiny|83/100
|-ability|p2a: Yveltal|Dark Aura
|move|p1a: Donphan|Earthquake|p2a: Yveltal
|-immune|p2a: Yveltal
|
|upkeep
|turn|8
|
|t:|1667936694
|move|p2a: Yveltal|Taunt|p1a: Donphan
|-start|p1a: Donphan|move: Taunt
|cant|p1a: Donphan|move: Taunt|Stealth Rock
|
|upkeep
|turn|9
|
|t:|1667936698
|switch|p2a: Necrozma|Necrozma-Dusk-Mane|59/100
|move|p1a: Donphan|Ice Shard|p2a: Necrozma
|-resisted|p2a: Necrozma
|-damage|p2a: Necrozma|55/100
|
|upkeep
|turn|10
|
|t:|1667936717
|move|p2a: Necrozma|Morning Sun|p2a: Necrozma
|-heal|p2a: Necrozma|100/100
|move|p1a: Donphan|Earthquake|p2a: Necrozma
|-supereffective|p2a: Necrozma
|-damage|p2a: Necrozma|59/100
|
|-end|p1a: Donphan|move: Taunt
|upkeep
|turn|11
|inactive|MaaDCityGoodKid has 120 seconds left.
|
|t:|1667936758
|move|p2a: Necrozma|Stealth Rock|p1a: Donphan
|-sidestart|p1: MaaDCityGoodKid|move: Stealth Rock
|move|p1a: Donphan|Earthquake|p2a: Necrozma
|-supereffective|p2a: Necrozma
|-damage|p2a: Necrozma|13/100
|
|upkeep
|turn|12
|
|t:|1667936770
|move|p2a: Necrozma|Morning Sun|p2a: Necrozma
|-heal|p2a: Necrozma|63/100
|move|p1a: Donphan|Stealth Rock|p2a: Necrozma
|-sidestart|p2: cllout|move: Stealth Rock
|
|upkeep
|turn|13
|inactive|MaaDCityGoodKid has 120 seconds left.
|
|t:|1667936786
|move|p2a: Necrozma|Morning Sun|p2a: Necrozma
|-heal|p2a: Necrozma|100/100
|move|p1a: Donphan|Earthquake|p2a: Necrozma
|-supereffective|p2a: Necrozma
|-damage|p2a: Necrozma|55/100
|
|upkeep
|turn|14
|
|t:|1667936794
|switch|p2a: Yveltal|Yveltal, shiny|83/100
|-ability|p2a: Yveltal|Dark Aura
|move|p1a: Donphan|Earthquake|p2a: Yveltal
|-immune|p2a: Yveltal
|
|upkeep
|turn|15
|inactive|MaaDCityGoodKid has 120 seconds left.
|
|t:|1667936815
|move|p1a: Donphan|Ice Shard|p2a: Yveltal
|-supereffective|p2a: Yveltal
|-damage|p2a: Yveltal|56/100
|move|p2a: Yveltal|Defog|p1a: Donphan
|-unboost|p1a: Donphan|evasion|1
|-sideend|p1: MaaDCityGoodKid|Stealth Rock|[from] move: Defog|[of] p2a: Yveltal
|-sideend|p2: cllout|Stealth Rock|[from] move: Defog|[of] p2a: Yveltal
|
|upkeep
|turn|16
|inactive|MaaDCityGoodKid has 120 seconds left.
|
|t:|1667936822
|switch|p1a: Xerneas|Xerneas|100/100
|-ability|p1a: Xerneas|Fairy Aura
|move|p2a: Yveltal|Roost|p2a: Yveltal
|-heal|p2a: Yveltal|100/100
|-singleturn|p2a: Yveltal|move: Roost
|
|upkeep
|turn|17
|
|t:|1667936831
|move|p2a: Yveltal|Taunt|p1a: Xerneas
|-start|p1a: Xerneas|move: Taunt
|move|p1a: Xerneas|Moonblast|p2a: Yveltal
|-supereffective|p2a: Yveltal
|-damage|p2a: Yveltal|0 fnt
|faint|p2a: Yveltal
|
|upkeep
|
|t:|1667936839
|switch|p2a: Necrozma|Necrozma-Dusk-Mane|55/100
|turn|18
|j| luisYR_a
|l| luisYR_a
|j| luisYR_a
|l| luisYR_a
|inactive|MaaDCityGoodKid has 120 seconds left.
|
|t:|1667936886
|switch|p1a: Donphan|Donphan, F|61/100
|move|p2a: Necrozma|Morning Sun|p2a: Necrozma
|-heal|p2a: Necrozma|100/100
|
|upkeep
|turn|19
|
|t:|1667936901
|move|p2a: Necrozma|Sunsteel Strike|p1a: Donphan
|-damage|p1a: Donphan|23/100
|move|p1a: Donphan|Stealth Rock|p2a: Necrozma
|-sidestart|p2: cllout|move: Stealth Rock
|
|upkeep
|turn|20
|
|t:|1667936910
|move|p1a: Donphan|Ice Shard|p2a: Necrozma
|-resisted|p2a: Necrozma
|-damage|p2a: Necrozma|97/100
|move|p2a: Necrozma|Sunsteel Strike|p1a: Donphan
|-damage|p1a: Donphan|0 fnt
|faint|p1a: Donphan
|
|upkeep
|
|t:|1667936912
|switch|p1a: Gengar|Gengar, F|100/100
|turn|21
|inactive|MaaDCityGoodKid has 120 seconds left.
|
|t:|1667936933
|detailschange|p1a: Gengar|Gengar-Mega, F
|-mega|p1a: Gengar|Gengar|Gengarite
|move|p1a: Gengar|Destiny Bond|p1a: Gengar
|-singlemove|p1a: Gengar|Destiny Bond
|move|p2a: Necrozma|Stealth Rock|p1a: Gengar
|-sidestart|p1: MaaDCityGoodKid|move: Stealth Rock
|
|upkeep
|turn|22
|
|t:|1667936943
|move|p1a: Gengar|Shadow Ball|p2a: Necrozma
|-supereffective|p2a: Necrozma
|-damage|p2a: Necrozma|34/100
|move|p2a: Necrozma|Thunder Wave|p1a: Gengar
|-status|p1a: Gengar|par
|
|upkeep
|turn|23
|
|t:|1667936949
|move|p1a: Gengar|Shadow Ball|p2a: Necrozma
|-supereffective|p2a: Necrozma
|-damage|p2a: Necrozma|0 fnt
|faint|p2a: Necrozma
|
|upkeep
|
|t:|1667936974
|switch|p2a: Rayquaza|Rayquaza|100/100
|-damage|p2a: Rayquaza|76/100|[from] Stealth Rock
|-ability|p2a: Rayquaza|Air Lock
|turn|24
|inactive|MaaDCityGoodKid has 120 seconds left.
|
|t:|1667936982
|detailschange|p2a: Rayquaza|Rayquaza-Mega
|-mega|p2a: Rayquaza|Rayquaza|
|-weather|DeltaStream|[from] ability: Delta Stream|[of] p2a: Rayquaza
|move|p2a: Rayquaza|Dragon Ascent|p1a: Gengar
|-damage|p1a: Gengar|0 fnt
|-unboost|p2a: Rayquaza|def|1
|-unboost|p2a: Rayquaza|spd|1
|faint|p1a: Gengar
|-damage|p2a: Rayquaza|66/100|[from] item: Life Orb
|
|-weather|DeltaStream|[upkeep]
|upkeep
|inactive|MaaDCityGoodKid has 120 seconds left.
|
|t:|1667937001
|switch|p1a: Banette|Banette, M|100/100
|-damage|p1a: Banette|88/100|[from] Stealth Rock
|-item|p2a: Rayquaza|Life Orb|[from] ability: Frisk|[of] p1a: Banette|[identify]
|turn|25
|
|t:|1667937024
|move|p1a: Banette|Shadow Sneak|p2a: Rayquaza
|-damage|p2a: Rayquaza|36/100
|move|p2a: Rayquaza|Dragon Ascent|p1a: Banette
|-damage|p1a: Banette|0 fnt
|-unboost|p2a: Rayquaza|def|1
|-unboost|p2a: Rayquaza|spd|1
|faint|p1a: Banette
|-damage|p2a: Rayquaza|26/100|[from] item: Life Orb
|
|-weather|DeltaStream|[upkeep]
|upkeep
|
|t:|1667937030
|switch|p1a: Sharpedo|Sharpedo, F|100/100
|-damage|p1a: Sharpedo|88/100|[from] Stealth Rock
|turn|26
|inactive|MaaDCityGoodKid has 90 seconds left.
|inactive|cllout has 120 seconds left.
|
|t:|1667937069
|move|p1a: Sharpedo|Protect|p1a: Sharpedo
|-singleturn|p1a: Sharpedo|Protect
|move|p2a: Rayquaza|Dragon Dance|p2a: Rayquaza
|-boost|p2a: Rayquaza|atk|1
|-boost|p2a: Rayquaza|spe|1
|
|-weather|DeltaStream|[upkeep]
|-ability|p1a: Sharpedo|Speed Boost|boost
|-boost|p1a: Sharpedo|spe|1
|upkeep
|turn|27
|
|t:|1667937078
|move|p2a: Rayquaza|Extreme Speed|p1a: Sharpedo
|-damage|p1a: Sharpedo|0 fnt
|faint|p1a: Sharpedo
|-damage|p2a: Rayquaza|16/100|[from] item: Life Orb
|
|-weather|DeltaStream|[upkeep]
|upkeep
|inactive|MaaDCityGoodKid has 90 seconds left.
|j| luisYR_a
|
|t:|1667937090
|switch|p1a: Zacian|Zacian-Crowned|100/100
|-damage|p1a: Zacian|94/100|[from] Stealth Rock
|-ability|p1a: Zacian|Intrepid Sword|boost
|-boost|p1a: Zacian|atk|1
|turn|28
|l| luisYR_a
|
|t:|1667937098
|move|p2a: Rayquaza|Dragon Ascent|p1a: Zacian
|-resisted|p1a: Zacian
|-damage|p1a: Zacian|17/100
|-unboost|p2a: Rayquaza|def|1
|-unboost|p2a: Rayquaza|spd|1
|-damage|p2a: Rayquaza|6/100|[from] item: Life Orb
|move|p1a: Zacian|Behemoth Blade|p2a: Rayquaza
|-damage|p2a: Rayquaza|0 fnt
|faint|p2a: Rayquaza
|-weather|none
|
|upkeep
|
|t:|1667937115
|switch|p2a: Calyrex|Calyrex-Shadow|100/100
|-ability|p2a: Calyrex|As One
|-ability|p2a: Calyrex|Unnerve
|-damage|p2a: Calyrex|88/100|[from] Stealth Rock
|turn|29
|
|t:|1667937123
|move|p2a: Calyrex|Astral Barrage|p1a: Zacian
|-damage|p1a: Zacian|0 fnt
|faint|p1a: Zacian
|-ability|p2a: Calyrex|Grim Neigh|boost
|-boost|p2a: Calyrex|spa|1
|
|upkeep
|
|t:|1667937128
|switch|p1a: Xerneas|Xerneas|100/100
|-damage|p1a: Xerneas|88/100|[from] Stealth Rock
|-ability|p1a: Xerneas|Fairy Aura
|turn|30
|
|t:|1667937133
|-start|p2a: Calyrex|Dynamax|
|-heal|p2a: Calyrex|88/100|[silent]
|move|p2a: Calyrex|Max Phantasm|p1a: Xerneas
|-damage|p1a: Xerneas|0 fnt
|faint|p1a: Xerneas
|
|win|cllout
|raw|MaaDCityGoodKid's rating: 1557 &rarr; <strong>1540</strong><br />(-17 for losing)
|raw|cllout's rating: 1604 &rarr; <strong>1621</strong><br />(+17 for winning)
