|j|☆ninh tran
|j|☆TwTv Bepersch
|t:|1654527473
|gametype|singles
|player|p1|ninh tran|ghetsis-gen5bw|1448
|player|p2|TwTv Bepersch|marnie|1680
|teamsize|p1|6
|teamsize|p2|6
|gen|8
|tier|[Gen 8] National Dex AG
|rated|
|rule|HP Percentage Mod: HP is shown in percentages
|rule|Endless Battle Clause: Forcing endless battles is banned
|clearpoke
|poke|p1|Calyrex-Shadow|
|poke|p1|Yveltal|
|poke|p1|Quagsire, F|
|poke|p1|Groudon|
|poke|p1|Necrozma-Dusk-Mane|
|poke|p1|Lugia|
|poke|p2|Yveltal|
|poke|p2|Zacian-*|
|poke|p2|Ditto|
|poke|p2|Calyrex-Shadow|
|poke|p2|Deoxys-Speed|
|poke|p2|Tyranitar, F|
|teampreview
|
|t:|1654527485
|start
|switch|p1a: Lugia|Lugia|100/100
|switch|p2a: Deoxys|Deoxys-Speed|100/100
|-ability|p2a: Deoxys|Pressure
|turn|1
|
|t:|1654527493
|move|p2a: Deoxys|Taunt|p1a: Lugia
|-start|p1a: Lugia|move: Taunt
|move|p1a: Lugia|Aeroblast|p2a: Deoxys
|-damage|p2a: Deoxys|65/100
|
|upkeep
|turn|2
|
|t:|1654527501
|move|p2a: Deoxys|Stealth Rock|p1a: Lugia
|-sidestart|p1: ninh tran|move: Stealth Rock
|move|p1a: Lugia|Aeroblast|p2a: Deoxys
|-damage|p2a: Deoxys|25/100
|
|upkeep
|turn|3
|
|t:|1654527505
|move|p2a: Deoxys|Knock Off|p1a: Lugia
|-supereffective|p1a: Lugia
|-damage|p1a: Lugia|88/100
|-enditem|p1a: Lugia|Leftovers|[from] move: Knock Off|[of] p2a: Deoxys
|move|p1a: Lugia|Aeroblast|p2a: Deoxys
|-damage|p2a: Deoxys|0 fnt
|faint|p2a: Deoxys
|
|-end|p1a: Lugia|move: Taunt
|upkeep
|
|t:|1654527509
|switch|p2a: Yveltal|Yveltal|100/100
|-ability|p2a: Yveltal|Dark Aura
|turn|4
|
|t:|1654527514
|move|p2a: Yveltal|Dark Pulse|p1a: Lugia
|-supereffective|p1a: Lugia
|-damage|p1a: Lugia|11/100
|-damage|p2a: Yveltal|91/100|[from] item: Life Orb
|move|p1a: Lugia|Toxic|p2a: Yveltal
|-status|p2a: Yveltal|tox
|
|-damage|p2a: Yveltal|84/100 tox|[from] psn
|upkeep
|turn|5
|
|t:|1654527520
|move|p2a: Yveltal|Oblivion Wing|p1a: Lugia
|-damage|p1a: Lugia|0 fnt
|-heal|p2a: Yveltal|93/100 tox|[from] drain|[of] p1a: Lugia
|faint|p1a: Lugia
|-damage|p2a: Yveltal|83/100 tox|[from] item: Life Orb
|
|-damage|p2a: Yveltal|70/100 tox|[from] psn
|upkeep
|
|t:|1654527526
|switch|p1a: Groudon|Groudon|100/100
|-damage|p1a: Groudon|94/100|[from] Stealth Rock
|detailschange|p1a: Groudon|Groudon-Primal
|-primal|p1a: Groudon
|-weather|DesolateLand|[from] ability: Desolate Land|[of] p1a: Groudon
|turn|6
|
|t:|1654527530
|move|p2a: Yveltal|Dark Pulse|p1a: Groudon
|-damage|p1a: Groudon|17/100
|-damage|p2a: Yveltal|61/100 tox|[from] item: Life Orb
|move|p1a: Groudon|Rock Slide|p2a: Yveltal
|-supereffective|p2a: Yveltal
|-damage|p2a: Yveltal|0 fnt
|faint|p2a: Yveltal
|
|-weather|DesolateLand|[upkeep]
|upkeep
|
|t:|1654527536
|switch|p2a: Calyrex|Calyrex-Shadow|100/100
|-ability|p2a: Calyrex|As One
|-ability|p2a: Calyrex|Unnerve
|turn|7
|
|t:|1654527541
|-weather|none
|switch|p1a: Yveltal|Yveltal|100/100
|-damage|p1a: Yveltal|76/100|[from] Stealth Rock
|-ability|p1a: Yveltal|Dark Aura
|move|p2a: Calyrex|Astral Barrage|p1a: Yveltal
|-resisted|p1a: Yveltal
|-damage|p1a: Yveltal|40/100
|
|upkeep
|turn|8
|
|t:|1654527545
|switch|p2a: Tyranitar|Tyranitar, F|100/100
|-weather|Sandstorm|[from] ability: Sand Stream|[of] p2a: Tyranitar
|move|p1a: Yveltal|Sucker Punch||[still]
|-fail|p1a: Yveltal
|
|-weather|Sandstorm|[upkeep]
|-damage|p1a: Yveltal|34/100|[from] Sandstorm
|upkeep
|turn|9
|
|t:|1654527558
|switch|p1a: Necrozma|Necrozma-Dusk-Mane|100/100
|-damage|p1a: Necrozma|94/100|[from] Stealth Rock
|switch|p2a: Calyrex|Calyrex-Shadow|100/100
|-ability|p2a: Calyrex|As One
|-ability|p2a: Calyrex|Unnerve
|
|-weather|Sandstorm|[upkeep]
|-damage|p2a: Calyrex|94/100|[from] Sandstorm
|upkeep
|turn|10
|
|t:|1654527565
|move|p2a: Calyrex|Astral Barrage|p1a: Necrozma
|-supereffective|p1a: Necrozma
|-damage|p1a: Necrozma|2/100
|move|p1a: Necrozma|Knock Off|p2a: Calyrex
|-supereffective|p2a: Calyrex
|-damage|p2a: Calyrex|0 fnt
|-enditem|p2a: Calyrex|Choice Scarf|[from] move: Knock Off|[of] p1a: Necrozma
|faint|p2a: Calyrex
|
|-weather|Sandstorm|[upkeep]
|upkeep
|
|t:|1654527575
|switch|p2a: Zacian|Zacian-Crowned|100/100
|-ability|p2a: Zacian|Intrepid Sword|boost
|-boost|p2a: Zacian|atk|1
|turn|11
|
|t:|1654527582
|move|p2a: Zacian|Behemoth Blade|p1a: Necrozma
|-resisted|p1a: Necrozma
|-damage|p1a: Necrozma|0 fnt
|-damage|p2a: Zacian|84/100|[from] item: Rocky Helmet|[of] p1a: Necrozma
|faint|p1a: Necrozma
|
|-weather|Sandstorm|[upkeep]
|upkeep
|
|t:|1654527585
|switch|p1a: Quagsire|Quagsire, F|100/100
|-damage|p1a: Quagsire|94/100|[from] Stealth Rock
|turn|12
|
|t:|1654527589
|switch|p2a: Ditto|Ditto|100/100
|-transform|p2a: Ditto|p1a: Quagsire|[from] ability: Imposter
|move|p1a: Quagsire|Earthquake|p2a: Ditto
|-damage|p2a: Ditto|65/100
|
|-weather|none
|-heal|p1a: Quagsire|100/100|[from] item: Leftovers
|upkeep
|turn|13
|
|t:|1654527595
|move|p2a: Ditto|Ice Punch|p1a: Quagsire
|-damage|p1a: Quagsire|88/100
|-status|p1a: Quagsire|frz
|cant|p1a: Quagsire|frz
|
|-heal|p1a: Quagsire|94/100 frz|[from] item: Leftovers
|upkeep
|turn|14
|
|t:|1654527600
|switch|p2a: Tyranitar|Tyranitar, F|100/100
|-weather|Sandstorm|[from] ability: Sand Stream|[of] p2a: Tyranitar
|-curestatus|p1a: Quagsire|frz|[msg]
|move|p1a: Quagsire|Earthquake|p2a: Tyranitar
|-supereffective|p2a: Tyranitar
|-damage|p2a: Tyranitar|53/100
|
|-weather|Sandstorm|[upkeep]
|-heal|p1a: Quagsire|99/100|[from] item: Leftovers
|upkeep
|turn|15
|
|t:|1654527607
|detailschange|p2a: Tyranitar|Tyranitar-Mega, F
|-mega|p2a: Tyranitar|Tyranitar|Tyranitarite
|move|p2a: Tyranitar|Rest|p2a: Tyranitar
|-status|p2a: Tyranitar|slp|[from] move: Rest
|-heal|p2a: Tyranitar|100/100 slp|[silent]
|move|p1a: Quagsire|Earthquake|p2a: Tyranitar
|-supereffective|p2a: Tyranitar
|-damage|p2a: Tyranitar|63/100 slp
|
|-weather|Sandstorm|[upkeep]
|-heal|p1a: Quagsire|100/100|[from] item: Leftovers
|upkeep
|turn|16
|
|t:|1654527616
|switch|p2a: Ditto|Ditto|65/100
|-transform|p2a: Ditto|p1a: Quagsire|[from] ability: Imposter
|switch|p1a: Groudon|Groudon-Primal|17/100
|-damage|p1a: Groudon|5/100|[from] Stealth Rock
|-weather|DesolateLand|[from] ability: Desolate Land|[of] p1a: Groudon
|
|-weather|DesolateLand|[upkeep]
|upkeep
|turn|17
|
|t:|1654527624
|move|p1a: Groudon|Precipice Blades|p2a: Ditto
|-damage|p2a: Ditto|0 fnt
|faint|p2a: Ditto
|
|-weather|DesolateLand|[upkeep]
|upkeep
|
|t:|1654527627
|switch|p2a: Zacian|Zacian-Crowned|84/100
|-ability|p2a: Zacian|Intrepid Sword|boost
|-boost|p2a: Zacian|atk|1
|turn|18
|
|t:|1654527630
|move|p2a: Zacian|Close Combat|p1a: Groudon
|-damage|p1a: Groudon|0 fnt
|-unboost|p2a: Zacian|def|1
|-unboost|p2a: Zacian|spd|1
|faint|p1a: Groudon
|-weather|none
|
|upkeep
|-message|TwTv Bepersch forfeited.
|
|win|ninh tran
|raw|ninh tran's rating: 1448 &rarr; <strong>1480</strong><br />(+32 for winning)
|raw|TwTv Bepersch's rating: 1680 &rarr; <strong>1648</strong><br />(-32 for losing)
|l|☆TwTv Bepersch
||Ladder isn't responding, score probably updated but might not have (Request timeout).
