|j|☆C0ld as Ic3
|j|☆ULT9NS Bunrphenix
|inactive|Battle timer is ON: inactive players will automatically lose when time's up.
|t:|1653652616
|gametype|singles
|player|p1|C0ld as Ic3|schoolkid-gen4dp|
|player|p2|ULT9NS Bunrphenix|hilda-wonderlauncher|
|teamsize|p1|6
|teamsize|p2|6
|gen|8
|tier|[Gen 8] National Dex AG
|rated|Tournament battle
|rule|HP Percentage Mod: HP is shown in percentages
|rule|Endless Battle Clause: Forcing endless battles is banned
|clearpoke
|poke|p1|Calyrex-Shadow|
|poke|p1|Grimmsnarl, M|
|poke|p1|Yveltal|
|poke|p1|Giratina|
|poke|p1|Marshadow|
|poke|p1|Excadrill, M|
|poke|p2|Rayquaza|
|poke|p2|Xerneas-*|
|poke|p2|Yveltal|
|poke|p2|Marshadow|
|poke|p2|Necrozma-Dusk-Mane|
|poke|p2|Arceus-*|
|teampreview
|inactive|C0ld as Ic3 also wants the timer to be on.
|
|t:|1653652623
|start
|switch|p1a: Excadrill|Excadrill, M|100/100
|switch|p2a: Arceus|Arceus-Ground|100/100
|-ability|p1a: Excadrill|Mold Breaker
|turn|1
|
|t:|1653652628
|move|p1a: Excadrill|Bulldoze|p2a: Arceus
|-damage|p2a: Arceus|84/100
|-unboost|p2a: Arceus|spe|1
|move|p2a: Arceus|Ice Beam|p1a: Excadrill
|-damage|p1a: Excadrill|69/100
|
|upkeep
|turn|2
|j|%Junaa
|
|t:|1653652631
|move|p1a: Excadrill|Stealth Rock|p2a: Arceus
|-sidestart|p2: ULT9NS Bunrphenix|move: Stealth Rock
|move|p2a: Arceus|Judgment|p1a: Excadrill
|-supereffective|p1a: Excadrill
|-damage|p1a: Excadrill|0 fnt
|faint|p1a: Excadrill
|
|upkeep
|
|t:|1653652647
|switch|p1a: Giratina|Giratina|100/100
|-ability|p1a: Giratina|Pressure
|turn|3
|
|t:|1653652655
|switch|p2a: Yveltal|Yveltal|100/100
|-ability|p2a: Yveltal|Dark Aura
|move|p1a: Giratina|Calm Mind|p1a: Giratina
|-boost|p1a: Giratina|spa|1
|-boost|p1a: Giratina|spd|1
|
|upkeep
|turn|4
|
|t:|1653652658
|-start|p1a: Giratina|Dynamax|
|-heal|p1a: Giratina|100/100|[silent]
|move|p2a: Yveltal|Toxic|p1a: Giratina
|-status|p1a: Giratina|tox
|move|p1a: Giratina|Max Airstream|p2a: Yveltal
|-damage|p2a: Yveltal|72/100
|-boost|p1a: Giratina|spe|1
|
|-damage|p1a: Giratina|97/100 tox|[from] psn
|upkeep
|turn|5
|
|t:|1653652661
|move|p1a: Giratina|Max Lightning|p2a: Yveltal
|-supereffective|p2a: Yveltal
|-damage|p2a: Yveltal|0 fnt
|-fieldstart|move: Electric Terrain
|faint|p2a: Yveltal
|
|-damage|p1a: Giratina|91/100 tox|[from] psn
|upkeep
|
|t:|1653652670
|switch|p2a: Arceus|Arceus-Ground|84/100
|-damage|p2a: Arceus|78/100|[from] Stealth Rock
|turn|6
|
|t:|1653652676
|move|p1a: Giratina|Max Airstream|p2a: Arceus
|-damage|p2a: Arceus|46/100
|-boost|p1a: Giratina|spe|1
|move|p2a: Arceus|Recover|p2a: Arceus
|-heal|p2a: Arceus|96/100
|
|-damage|p1a: Giratina|82/100 tox|[from] psn
|upkeep
|-end|p1a: Giratina|Dynamax
|-heal|p1a: Giratina|82/100 tox|[silent]
|turn|7
|
|t:|1653652680
|move|p1a: Giratina|Shadow Ball|p2a: Arceus
|-damage|p2a: Arceus|58/100
|-unboost|p2a: Arceus|spd|1
|move|p2a: Arceus|Stealth Rock|p1a: Giratina
|-sidestart|p1: C0ld as Ic3|move: Stealth Rock
|
|-damage|p1a: Giratina|57/100 tox|[from] psn
|upkeep
|turn|8
|
|t:|1653652682
|move|p1a: Giratina|Shadow Ball|p2a: Arceus
|-damage|p2a: Arceus|2/100
|-unboost|p2a: Arceus|spd|1
|move|p2a: Arceus|Recover|p2a: Arceus
|-heal|p2a: Arceus|52/100
|
|-damage|p1a: Giratina|26/100 tox|[from] psn
|upkeep
|turn|9
|
|t:|1653652686
|move|p1a: Giratina|Shadow Ball|p2a: Arceus
|-damage|p2a: Arceus|0 fnt
|faint|p2a: Arceus
|
|-damage|p1a: Giratina|0 fnt|[from] psn
|faint|p1a: Giratina
|-fieldend|move: Electric Terrain
|upkeep
|
|t:|1653652702
|switch|p2a: Xerneas|Xerneas|100/100
|switch|p1a: Marshadow|Marshadow|100/100
|-damage|p1a: Marshadow|94/100|[from] Stealth Rock
|-damage|p2a: Xerneas|88/100|[from] Stealth Rock
|-ability|p2a: Xerneas|Fairy Aura
|turn|10
|
|t:|1653652706
|move|p1a: Marshadow|Poltergeist|p2a: Xerneas
|-activate|p2a: Xerneas|move: Poltergeist|Power Herb
|-damage|p2a: Xerneas|15/100
|-damage|p1a: Marshadow|84/100|[from] item: Life Orb
|move|p2a: Xerneas|Geomancy||[still]
|-prepare|p2a: Xerneas|Geomancy
|-enditem|p2a: Xerneas|Power Herb
|-anim|p2a: Xerneas|Geomancy|p2a: Xerneas
|-boost|p2a: Xerneas|spa|2
|-boost|p2a: Xerneas|spd|2
|-boost|p2a: Xerneas|spe|2
|
|upkeep
|turn|11
|
|t:|1653652711
|-start|p2a: Xerneas|Dynamax|
|-heal|p2a: Xerneas|15/100|[silent]
|move|p1a: Marshadow|Shadow Sneak|p2a: Xerneas
|-damage|p2a: Xerneas|0 fnt
|faint|p2a: Xerneas
|-damage|p1a: Marshadow|74/100|[from] item: Life Orb
|
|upkeep
|
|t:|1653652717
|switch|p2a: Necrozma|Necrozma-Dusk-Mane|100/100
|-damage|p2a: Necrozma|94/100|[from] Stealth Rock
|turn|12
|
|t:|1653652719
|move|p1a: Marshadow|Poltergeist|p2a: Necrozma
|-activate|p2a: Necrozma|move: Poltergeist|Weakness Policy
|-supereffective|p2a: Necrozma
|-damage|p2a: Necrozma|17/100
|-enditem|p2a: Necrozma|Weakness Policy
|-boost|p2a: Necrozma|atk|2|[from] item: Weakness Policy
|-boost|p2a: Necrozma|spa|2|[from] item: Weakness Policy
|-damage|p1a: Marshadow|64/100|[from] item: Life Orb
|move|p2a: Necrozma|Trick Room|p2a: Necrozma
|-fieldstart|move: Trick Room|[of] p2a: Necrozma
|
|upkeep
|turn|13
|
|t:|1653652721
|move|p1a: Marshadow|Shadow Sneak|p2a: Necrozma
|-supereffective|p2a: Necrozma
|-damage|p2a: Necrozma|0 fnt
|faint|p2a: Necrozma
|-damage|p1a: Marshadow|54/100|[from] item: Life Orb
|
|upkeep
|
|t:|1653652724
|switch|p2a: Rayquaza|Rayquaza|100/100
|-damage|p2a: Rayquaza|76/100|[from] Stealth Rock
|-ability|p2a: Rayquaza|Air Lock
|turn|14
|
|t:|1653652726
|detailschange|p2a: Rayquaza|Rayquaza-Mega
|-mega|p2a: Rayquaza|Rayquaza|
|-weather|DeltaStream|[from] ability: Delta Stream|[of] p2a: Rayquaza
|move|p1a: Marshadow|Shadow Sneak|p2a: Rayquaza
|-damage|p2a: Rayquaza|31/100
|-damage|p1a: Marshadow|44/100|[from] item: Life Orb
|move|p2a: Rayquaza|Dragon Ascent|p1a: Marshadow
|-supereffective|p1a: Marshadow
|-damage|p1a: Marshadow|0 fnt
|-unboost|p2a: Rayquaza|def|1
|-unboost|p2a: Rayquaza|spd|1
|faint|p1a: Marshadow
|-damage|p2a: Rayquaza|21/100|[from] item: Life Orb
|
|-weather|DeltaStream|[upkeep]
|upkeep
|
|t:|1653652728
|switch|p1a: Grimmsnarl|Grimmsnarl, M|100/100
|-damage|p1a: Grimmsnarl|88/100|[from] Stealth Rock
|turn|15
|
|t:|1653652735
|move|p1a: Grimmsnarl|Play Rough|p2a: Rayquaza
|-supereffective|p2a: Rayquaza
|-damage|p2a: Rayquaza|0 fnt
|faint|p2a: Rayquaza
|-weather|none
|
|upkeep
|
|t:|1653652737
|switch|p2a: Marshadow|Marshadow|100/100
|-damage|p2a: Marshadow|94/100|[from] Stealth Rock
|turn|16
|
|t:|1653652739
|move|p1a: Grimmsnarl|Reflect|p1a: Grimmsnarl
|-sidestart|p1: C0ld as Ic3|Reflect
|move|p2a: Marshadow|Close Combat|p1a: Grimmsnarl
|-damage|p1a: Grimmsnarl|63/100
|-unboost|p2a: Marshadow|def|1
|-unboost|p2a: Marshadow|spd|1
|
|-fieldend|move: Trick Room
|upkeep
|turn|17
|
|t:|1653652742
|move|p2a: Marshadow|Bulk Up|p2a: Marshadow
|-boost|p2a: Marshadow|atk|1
|-boost|p2a: Marshadow|def|1
|move|p1a: Grimmsnarl|Play Rough|p2a: Marshadow
|-supereffective|p2a: Marshadow
|-damage|p2a: Marshadow|0 fnt
|faint|p2a: Marshadow
|
|win|C0ld as Ic3
|n|☆C0ld as Ic3|c0ldasic3
|n|☆ULT9NS Bunrphenix|ult9nsbunrphenix
|n| Junaa|junaa
