|j|☆MRH1106
|j|☆DiegoDM©
|t:|1654495201
|gametype|singles
|player|p1|MRH1106|red|1845
|player|p2|DiegoDM©|wikstrom|1859
|teamsize|p1|6
|teamsize|p2|6
|gen|8
|tier|[Gen 8] National Dex AG
|rated|
|rule|HP Percentage Mod: HP is shown in percentages
|rule|Endless Battle Clause: Forcing endless battles is banned
|clearpoke
|poke|p1|Zacian-*|
|poke|p1|Calyrex-Shadow|
|poke|p1|Rayquaza|
|poke|p1|Ditto|
|poke|p1|Yveltal|
|poke|p1|Arceus-*|
|poke|p2|Deoxys-Attack|
|poke|p2|Calyrex-Shadow|
|poke|p2|Lugia|
|poke|p2|Xerneas-*|
|poke|p2|Rayquaza|
|poke|p2|Yveltal|
|teampreview
|inactive|Battle timer is ON: inactive players will automatically lose when time's up. (requested by DiegoDM©)
|inactive|MRH1106 also wants the timer to be on.
|
|t:|1654495224
|start
|switch|p1a: Rayyyy|Rayquaza|100/100
|switch|p2a: Deoxys|Deoxys-Attack|100/100
|-ability|p2a: Deoxys|Pressure
|-ability|p1a: Rayyyy|Air Lock
|turn|1
|
|t:|1654495227
|move|p2a: Deoxys|Stealth Rock|p1a: Rayyyy
|-sidestart|p1: MRH1106|move: Stealth Rock
|move|p1a: Rayyyy|Dragon Dance|p1a: Rayyyy
|-boost|p1a: Rayyyy|atk|1
|-boost|p1a: Rayyyy|spe|1
|
|upkeep
|turn|2
|j| rahull
|
|t:|1654495236
|detailschange|p1a: Rayyyy|Rayquaza-Mega
|-mega|p1a: Rayyyy|Rayquaza|
|-weather|DeltaStream|[from] ability: Delta Stream|[of] p1a: Rayyyy
|move|p1a: Rayyyy|Extreme Speed|p2a: Deoxys
|-enditem|p2a: Deoxys|Focus Sash
|-damage|p2a: Deoxys|1/100
|move|p2a: Deoxys|Thunderbolt|p1a: Rayyyy
|-activate||deltastream
|-resisted|p1a: Rayyyy
|-damage|p1a: Rayyyy|83/100
|
|-weather|DeltaStream|[upkeep]
|upkeep
|turn|3
|
|t:|1654495252
|move|p2a: Deoxys|Extreme Speed|p1a: Rayyyy
|-damage|p1a: Rayyyy|52/100
|move|p1a: Rayyyy|Dragon Dance|p1a: Rayyyy
|-boost|p1a: Rayyyy|atk|1
|-boost|p1a: Rayyyy|spe|1
|
|-weather|DeltaStream|[upkeep]
|upkeep
|turn|4
|
|t:|1654495256
|move|p1a: Rayyyy|Extreme Speed|p2a: Deoxys
|-damage|p2a: Deoxys|0 fnt
|faint|p2a: Deoxys
|
|-weather|DeltaStream|[upkeep]
|upkeep
|
|t:|1654495267
|switch|p2a: Lugia|Lugia|100/100
|turn|5
|
|t:|1654495270
|move|p1a: Rayyyy|Dragon Ascent|p2a: Lugia
|-damage|p2a: Lugia|55/100
|-unboost|p1a: Rayyyy|def|1
|-unboost|p1a: Rayyyy|spd|1
|move|p2a: Lugia|Thunder Wave|p1a: Rayyyy|[miss]
|-miss|p2a: Lugia|p1a: Rayyyy
|
|-weather|DeltaStream|[upkeep]
|upkeep
|turn|6
|
|t:|1654495276
|move|p1a: Rayyyy|Dragon Ascent|p2a: Lugia
|-damage|p2a: Lugia|0 fnt
|-unboost|p1a: Rayyyy|def|1
|-unboost|p1a: Rayyyy|spd|1
|faint|p2a: Lugia
|
|-weather|DeltaStream|[upkeep]
|upkeep
|
|t:|1654495280
|switch|p2a: Rayquaza|Rayquaza|100/100
|-ability|p2a: Rayquaza|Air Lock
|turn|7
|
|t:|1654495285
|detailschange|p2a: Rayquaza|Rayquaza-Mega
|-mega|p2a: Rayquaza|Rayquaza|
|move|p1a: Rayyyy|Extreme Speed|p2a: Rayquaza
|-damage|p2a: Rayquaza|24/100
|move|p2a: Rayquaza|Extreme Speed|p1a: Rayyyy
|-damage|p1a: Rayyyy|0 fnt
|faint|p1a: Rayyyy
|
|-weather|DeltaStream|[upkeep]
|upkeep
|
|t:|1654495289
|switch|p1a: Legit god|Arceus-Ground|100/100
|-damage|p1a: Legit god|94/100|[from] Stealth Rock
|turn|8
|
|t:|1654495295
|move|p1a: Legit god|Defog|p2a: Rayquaza
|-unboost|p2a: Rayquaza|evasion|1
|-sideend|p1: MRH1106|Stealth Rock|[from] move: Defog|[of] p1a: Legit god
|move|p2a: Rayquaza|Dragon Dance|p2a: Rayquaza
|-boost|p2a: Rayquaza|atk|1
|-boost|p2a: Rayquaza|spe|1
|
|-weather|DeltaStream|[upkeep]
|upkeep
|turn|9
|
|t:|1654495298
|move|p2a: Rayquaza|Dragon Ascent|p1a: Legit god
|-crit|p1a: Legit god
|-damage|p1a: Legit god|0 fnt
|-unboost|p2a: Rayquaza|def|1
|-unboost|p2a: Rayquaza|spd|1
|faint|p1a: Legit god
|
|-weather|DeltaStream|[upkeep]
|upkeep
|
|t:|1654495301
|switch|p1a: Mayte <3|Ditto, shiny|100/100
|-transform|p1a: Mayte <3|p2a: Rayquaza|[from] ability: Imposter
|turn|10
|
|t:|1654495309
|move|p2a: Rayquaza|Extreme Speed|p1a: Mayte <3
|-damage|p1a: Mayte <3|0 fnt
|faint|p1a: Mayte <3
|
|-weather|DeltaStream|[upkeep]
|upkeep
|c|☆MRH1106|shit
|
|t:|1654495326
|switch|p1a: Knifepuppy|Zacian-Crowned|100/100
|-ability|p1a: Knifepuppy|Intrepid Sword|boost
|-boost|p1a: Knifepuppy|atk|1
|turn|11
|
|t:|1654495339
|move|p1a: Knifepuppy|Quick Attack|p2a: Rayquaza
|-damage|p2a: Rayquaza|0 fnt
|faint|p2a: Rayquaza
|-weather|none
|
|upkeep
|j| Franko159
|
|t:|1654495346
|switch|p2a: Calyrex|Calyrex-Shadow|100/100
|-ability|p2a: Calyrex|As One
|-ability|p2a: Calyrex|Unnerve
|turn|12
|c|☆MRH1106|what you think about my quick attack zacian lmao
|
|t:|1654495357
|move|p2a: Calyrex|Astral Barrage|p1a: Knifepuppy
|-damage|p1a: Knifepuppy|36/100
|move|p1a: Knifepuppy|Behemoth Blade|p2a: Calyrex
|-enditem|p2a: Calyrex|Focus Sash
|-damage|p2a: Calyrex|1/100
|
|upkeep
|turn|13
|l| Franko159
|
|t:|1654495364
|move|p2a: Calyrex|Astral Barrage|p1a: Knifepuppy
|-damage|p1a: Knifepuppy|0 fnt
|faint|p1a: Knifepuppy
|-ability|p2a: Calyrex|Grim Neigh|boost
|-boost|p2a: Calyrex|spa|1
|
|upkeep
|
|t:|1654495370
|switch|p1a: YeeHaw-|Calyrex-Shadow|100/100
|-ability|p1a: YeeHaw-|As One
|-ability|p1a: YeeHaw-|Unnerve
|turn|14
|
|t:|1654495377
|switch|p2a: Yveltal|Yveltal|100/100
|-ability|p2a: Yveltal|Dark Aura
|move|p1a: YeeHaw-|Astral Barrage|p2a: Yveltal
|-resisted|p2a: Yveltal
|-damage|p2a: Yveltal|67/100
|
|upkeep
|turn|15
|
|t:|1654495381
|-start|p1a: YeeHaw-|Dynamax|
|-heal|p1a: YeeHaw-|100/100|[silent]
|-start|p2a: Yveltal|Dynamax|
|-heal|p2a: Yveltal|67/100|[silent]
|move|p1a: YeeHaw-|Max Starfall|p2a: Yveltal
|-supereffective|p2a: Yveltal
|-damage|p2a: Yveltal|30/100
|-fieldstart|move: Misty Terrain
|move|p2a: Yveltal|Max Airstream|p1a: YeeHaw-
|-damage|p1a: YeeHaw-|48/100
|-boost|p2a: Yveltal|spe|1
|-damage|p2a: Yveltal|25/100|[from] item: Life Orb
|
|upkeep
|turn|16
|
|t:|1654495402
|move|p1a: YeeHaw-|Max Guard|p1a: YeeHaw-
|-singleturn|p1a: YeeHaw-|Max Guard
|move|p2a: Yveltal|Max Darkness|p1a: YeeHaw-
|-activate|p1a: YeeHaw-|move: Max Guard
|
|upkeep
|turn|17
|inactive|MRH1106 has 120 seconds left.
|
|t:|1654495423
|move|p1a: YeeHaw-|Max Guard||[still]
|-fail|p1a: YeeHaw-
|move|p2a: Yveltal|Max Darkness|p1a: YeeHaw-
|-supereffective|p1a: YeeHaw-
|-damage|p1a: YeeHaw-|0 fnt
|faint|p1a: YeeHaw-
|-damage|p2a: Yveltal|20/100|[from] item: Life Orb
|
|upkeep
|
|t:|1654495426
|switch|p1a: Hells dragon|Yveltal, shiny|100/100
|-ability|p1a: Hells dragon|Dark Aura
|-end|p2a: Yveltal|Dynamax
|-heal|p2a: Yveltal|20/100|[silent]
|turn|18
|c|☆DiegoDM©|gg
|
|t:|1654495434
|move|p1a: Hells dragon|Sucker Punch|p2a: Yveltal
|-resisted|p2a: Yveltal
|-damage|p2a: Yveltal|0 fnt
|faint|p2a: Yveltal
|-damage|p1a: Hells dragon|91/100|[from] item: Life Orb
|
|upkeep
|
|t:|1654495438
|switch|p2a: Xerneas|Xerneas|100/100
|-ability|p2a: Xerneas|Fairy Aura
|turn|19
|
|t:|1654495443
|move|p1a: Hells dragon|Taunt|p2a: Xerneas
|-start|p2a: Xerneas|move: Taunt
|move|p2a: Xerneas|Moonblast|p1a: Hells dragon
|-supereffective|p1a: Hells dragon
|-damage|p1a: Hells dragon|0 fnt
|faint|p1a: Hells dragon
|
|win|DiegoDM©
|raw|MRH1106's rating: 1845 &rarr; <strong>1826</strong><br />(-19 for losing)
|raw|DiegoDM©'s rating: 1859 &rarr; <strong>1878</strong><br />(+19 for winning)
|c|☆MRH1106|oh dam
|l| rahull
