|j|☆dootunderscore
|j|☆J Bame
|t:|1659702674
|gametype|singles
|player|p1|dootunderscore|hilda-wonderlauncher|
|player|p2|J Bame|swimmer-gen4dp|
|teamsize|p1|6
|teamsize|p2|6
|gen|8
|tier|[Gen 8] National Dex AG
|rule|HP Percentage Mod: HP is shown in percentages
|rule|Endless Battle Clause: Forcing endless battles is banned
|clearpoke
|poke|p1|Weavile, M|
|poke|p1|Liepard, M|
|poke|p1|Rotom-Wash|
|poke|p1|Excadrill, M|
|poke|p1|Blacephalon|
|poke|p1|Venusaur, M|
|poke|p2|Sceptile, F|
|poke|p2|Genesect|
|poke|p2|Porygon2|
|poke|p2|Chandelure, M|
|poke|p2|Milotic, F|
|poke|p2|Garchomp, M|
|teampreview
|
|t:|1659702681
|start
|switch|p1a: extra drill|Excadrill, M|100/100
|switch|p2a: Garchomp|Garchomp, M|100/100
|-ability|p1a: extra drill|Mold Breaker
|turn|1
|
|t:|1659702690
|switch|p1a: wosh|Rotom-Wash|100/100
|move|p2a: Garchomp|Stealth Rock|p1a: wosh
|-sidestart|p1: dootunderscore|move: Stealth Rock
|
|upkeep
|turn|2
|
|t:|1659702701
|switch|p2a: Milotic|Milotic, F|100/100
|move|p1a: wosh|Will-O-Wisp|p2a: Milotic
|-status|p2a: Milotic|brn
|
|-damage|p2a: Milotic|94/100 brn|[from] brn
|upkeep
|turn|3
|
|t:|1659702722
|move|p2a: Milotic|Ice Beam|p1a: wosh
|-resisted|p1a: wosh
|-damage|p1a: wosh|89/100
|move|p1a: wosh|Volt Switch|p2a: Milotic
|-supereffective|p2a: Milotic
|-damage|p2a: Milotic|57/100 brn
|
|t:|1659702733
|switch|p1a: leaf|Venusaur, M|100/100|[from]move: Volt Switch
|-damage|p1a: leaf|88/100|[from] Stealth Rock
|
|-heal|p2a: Milotic|63/100 brn|[from] item: Leftovers
|-damage|p2a: Milotic|57/100 brn|[from] brn
|upkeep
|turn|4
|
|t:|1659702743
|switch|p2a: Genesect|Genesect|100/100
|-ability|p2a: Genesect|Download|boost
|-boost|p2a: Genesect|atk|1
|detailschange|p1a: leaf|Venusaur-Mega, M
|-mega|p1a: leaf|Venusaur|Venusaurite
|move|p1a: leaf|Leech Seed|p2a: Genesect
|-start|p2a: Genesect|move: Leech Seed
|
|-damage|p2a: Genesect|88/100|[from] Leech Seed|[of] p1a: leaf
|-heal|p1a: leaf|98/100|[silent]
|upkeep
|turn|5
|
|t:|1659702754
|switch|p1a: wosh|Rotom-Wash|89/100
|-damage|p1a: wosh|77/100|[from] Stealth Rock
|move|p2a: Genesect|U-turn|p1a: wosh
|-damage|p1a: wosh|32/100
|
|t:|1659702760
|switch|p2a: Sceptile|Sceptile, F|100/100|[from]move: U-turn
|
|-heal|p1a: wosh|39/100|[from] item: Leftovers
|upkeep
|turn|6
|
|t:|1659702768
|switch|p1a: leaf|Venusaur-Mega, M|98/100
|-damage|p1a: leaf|85/100|[from] Stealth Rock
|detailschange|p2a: Sceptile|Sceptile-Mega, F
|-mega|p2a: Sceptile|Sceptile|Sceptilite
|move|p2a: Sceptile|Leaf Storm|p1a: leaf
|-resisted|p1a: leaf
|-damage|p1a: leaf|75/100
|-unboost|p2a: Sceptile|spa|2
|
|upkeep
|turn|7
|
|t:|1659702794
|switch|p2a: Genesect|Genesect|88/100
|-ability|p2a: Genesect|Download|boost
|-boost|p2a: Genesect|atk|1
|switch|p1a: extra drill|Excadrill, M|100/100
|-damage|p1a: extra drill|97/100|[from] Stealth Rock
|-ability|p1a: extra drill|Mold Breaker
|
|upkeep
|turn|8
|
|t:|1659702806
|move|p2a: Genesect|Flamethrower|p1a: extra drill
|-supereffective|p1a: extra drill
|-damage|p1a: extra drill|30/100
|move|p1a: extra drill|Rapid Spin|p2a: Genesect
|-resisted|p2a: Genesect
|-damage|p2a: Genesect|76/100
|-boost|p1a: extra drill|spe|1
|-sideend|p1: dootunderscore|Stealth Rock|[from] move: Rapid Spin|[of] p1a: extra drill
|
|upkeep
|turn|9
|
|t:|1659702833
|move|p1a: extra drill|Earthquake|p2a: Genesect
|-damage|p2a: Genesect|2/100
|move|p2a: Genesect|Flamethrower|p1a: extra drill
|-supereffective|p1a: extra drill
|-damage|p1a: extra drill|0 fnt
|faint|p1a: extra drill
|
|upkeep
|
|t:|1659702840
|switch|p1a: lace|Blacephalon|100/100
|turn|10
|
|t:|1659702849
|switch|p2a: Garchomp|Garchomp, M|100/100
|move|p1a: lace|Shadow Ball|p2a: Garchomp
|-damage|p2a: Garchomp|39/100
|
|upkeep
|turn|11
|
|t:|1659702863
|-start|p2a: Garchomp|Dynamax|
|-heal|p2a: Garchomp|39/100|[silent]
|move|p1a: lace|Shadow Ball|p2a: Garchomp
|-damage|p2a: Garchomp|6/100
|move|p2a: Garchomp|Max Quake|p1a: lace
|-supereffective|p1a: lace
|-damage|p1a: lace|0 fnt
|-boost|p2a: Garchomp|spd|1
|faint|p1a: lace
|
|upkeep
|
|t:|1659702871
|switch|p1a: just a prank bro|Liepard, M|100/100
|turn|12
|
|t:|1659702884
|move|p1a: just a prank bro|Knock Off|p2a: Garchomp
|-damage|p2a: Garchomp|0 fnt
|-damage|p1a: just a prank bro|88/100|[from] ability: Rough Skin|[of] p2a: Garchomp
|-damage|p1a: just a prank bro|72/100|[from] item: Rocky Helmet|[of] p2a: Garchomp
|-enditem|p2a: Garchomp|Rocky Helmet|[from] move: Knock Off|[of] p1a: just a prank bro
|faint|p2a: Garchomp
|
|upkeep
|
|t:|1659702899
|switch|p2a: Genesect|Genesect|2/100
|-ability|p2a: Genesect|Download|boost
|-boost|p2a: Genesect|atk|1
|turn|13
|
|t:|1659702904
|move|p2a: Genesect|U-turn|p1a: just a prank bro
|-supereffective|p1a: just a prank bro
|-damage|p1a: just a prank bro|0 fnt
|faint|p1a: just a prank bro
|
|t:|1659702911
|switch|p2a: Chandelure|Chandelure, M|100/100|[from]move: U-turn
|
|upkeep
|
|t:|1659702916
|switch|p1a: leaf|Venusaur-Mega, M|75/100
|turn|14
|
|t:|1659702926
|move|p2a: Chandelure|Fire Blast|p1a: leaf
|-supereffective|p1a: leaf
|-damage|p1a: leaf|22/100
|-damage|p2a: Chandelure|91/100|[from] item: Life Orb
|move|p1a: leaf|Leech Seed|p2a: Chandelure
|-start|p2a: Chandelure|move: Leech Seed
|
|-damage|p2a: Chandelure|78/100|[from] Leech Seed|[of] p1a: leaf
|-heal|p1a: leaf|31/100|[silent]
|upkeep
|turn|15
|
|t:|1659702936
|switch|p1a: wosh|Rotom-Wash|39/100
|move|p2a: Chandelure|Fire Blast|p1a: wosh|[miss]
|-miss|p2a: Chandelure|p1a: wosh
|
|-heal|p1a: wosh|45/100|[from] item: Leftovers
|-damage|p2a: Chandelure|66/100|[from] Leech Seed|[of] p1a: wosh
|-heal|p1a: wosh|55/100|[silent]
|upkeep
|turn|16
|
|t:|1659702944
|move|p2a: Chandelure|Energy Ball|p1a: wosh
|-supereffective|p1a: wosh
|-damage|p1a: wosh|0 fnt
|faint|p1a: wosh
|-damage|p2a: Chandelure|56/100|[from] item: Life Orb
|
|upkeep
|
|t:|1659702947
|switch|p1a: leaf|Venusaur-Mega, M|31/100
|turn|17
|
|t:|1659702953
|move|p2a: Chandelure|Fire Blast|p1a: leaf
|-supereffective|p1a: leaf
|-damage|p1a: leaf|0 fnt
|faint|p1a: leaf
|-damage|p2a: Chandelure|46/100|[from] item: Life Orb
|
|upkeep
|
|t:|1659702955
|switch|p1a: wevil|Weavile, M|100/100
|-ability|p1a: wevil|Pressure
|turn|18
|
|t:|1659702964
|move|p1a: wevil|Knock Off|p2a: Chandelure
|-supereffective|p2a: Chandelure
|-crit|p2a: Chandelure
|-damage|p2a: Chandelure|0 fnt
|-enditem|p2a: Chandelure|Life Orb|[from] move: Knock Off|[of] p1a: wevil
|faint|p2a: Chandelure
|
|upkeep
|
|t:|1659702971
|switch|p2a: Sceptile|Sceptile-Mega, F|100/100
|turn|19
|
|t:|1659702974
|move|p1a: wevil|Ice Shard|p2a: Sceptile
|-supereffective|p2a: Sceptile
|-damage|p2a: Sceptile|0 fnt
|faint|p2a: Sceptile
|
|upkeep
|
|t:|1659702980
|switch|p2a: Porygon2|Porygon2|100/100
|-ability|p2a: Porygon2|Pressure|[from] ability: Trace|[of] p1a: wevil
|-ability|p2a: Porygon2|Pressure
|turn|20
|
|t:|1659702989
|-start|p1a: wevil|Dynamax|
|-heal|p1a: wevil|100/100|[silent]
|move|p1a: wevil|Max Hailstorm|p2a: Porygon2
|-crit|p2a: Porygon2
|-damage|p2a: Porygon2|32/100
|-weather|Hail
|move|p2a: Porygon2|Tri Attack|p1a: wevil
|-damage|p1a: wevil|74/100
|
|-weather|Hail|[upkeep]
|-damage|p2a: Porygon2|26/100|[from] Hail
|upkeep
|turn|21
|
|t:|1659703001
|move|p1a: wevil|Max Guard|p1a: wevil
|-singleturn|p1a: wevil|Max Guard
|move|p2a: Porygon2|Recover|p2a: Porygon2
|-heal|p2a: Porygon2|76/100
|
|-weather|Hail|[upkeep]
|-damage|p2a: Porygon2|70/100|[from] Hail
|upkeep
|turn|22
|
|t:|1659703011
|move|p1a: wevil|Max Hailstorm|p2a: Porygon2
|-damage|p2a: Porygon2|22/100
|move|p2a: Porygon2|Thunder Wave|p1a: wevil
|-status|p1a: wevil|par
|
|-weather|Hail|[upkeep]
|-damage|p2a: Porygon2|15/100|[from] Hail
|upkeep
|-end|p1a: wevil|Dynamax
|-heal|p1a: wevil|74/100 par|[silent]
|turn|23
|
|t:|1659703020
|cant|p1a: wevil|par
|move|p2a: Porygon2|Recover|p2a: Porygon2
|-heal|p2a: Porygon2|65/100
|
|-weather|Hail|[upkeep]
|-damage|p2a: Porygon2|59/100|[from] Hail
|upkeep
|turn|24
|
|t:|1659703026
|move|p1a: wevil|Knock Off|p2a: Porygon2
|-damage|p2a: Porygon2|27/100
|-enditem|p2a: Porygon2|Eviolite|[from] move: Knock Off|[of] p1a: wevil
|move|p2a: Porygon2|Recover|p2a: Porygon2
|-heal|p2a: Porygon2|77/100
|
|-weather|none
|upkeep
|turn|25
|
|t:|1659703034
|move|p1a: wevil|Swords Dance|p1a: wevil
|-boost|p1a: wevil|atk|2
|move|p2a: Porygon2|Tri Attack|p1a: wevil
|-damage|p1a: wevil|14/100 par
|
|upkeep
|turn|26
|
|t:|1659703040
|cant|p1a: wevil|par
|move|p2a: Porygon2|Tri Attack|p1a: wevil
|-damage|p1a: wevil|0 fnt
|faint|p1a: wevil
|
|win|J Bame
|c|☆dootunderscore|dammit
