|j|☆Koobenii
|j|☆PepsiPHD
|t:|1666246572
|gametype|singles
|player|p1|Koobenii|cheryl|1301
|player|p2|PepsiPHD|li|1411
|teamsize|p1|6
|teamsize|p2|6
|gen|8
|tier|[Gen 8] National Dex AG
|rated|
|rule|HP Percentage Mod: HP is shown in percentages
|rule|Endless Battle Clause: Forcing endless battles is banned
|clearpoke
|poke|p1|Aerodactyl, M|
|poke|p1|Crustle, M|
|poke|p1|Dragonite, F|
|poke|p1|Volcarona, M|
|poke|p1|Kangaskhan, F|
|poke|p1|Regieleki|
|poke|p2|Flygon, F|
|poke|p2|Banette, M|
|poke|p2|Scizor, F|
|poke|p2|Moltres-Galar|
|poke|p2|Lugia|
|poke|p2|Regieleki|
|teampreview
|
|t:|1666246591
|start
|switch|p1a: Aerodactyl|Aerodactyl, M|100/100
|switch|p2a: Regieleki|Regieleki|100/100
|-ability|p1a: Aerodactyl|Unnerve
|turn|1
|
|t:|1666246602
|move|p2a: Regieleki|Volt Switch|p1a: Aerodactyl
|-supereffective|p1a: Aerodactyl
|-enditem|p1a: Aerodactyl|Focus Sash
|-damage|p1a: Aerodactyl|1/100
|
|t:|1666246608
|switch|p2a: Scizor|Scizor, F|100/100|[from]move: Volt Switch
|move|p1a: Aerodactyl|Stealth Rock|p2a: Scizor
|-sidestart|p2: PepsiPHD|move: Stealth Rock
|
|upkeep
|turn|2
|
|t:|1666246614
|switch|p1a: Volcarona|Volcarona, M|100/100
|move|p2a: Scizor|Bullet Punch|p1a: Volcarona
|-resisted|p1a: Volcarona
|-damage|p1a: Volcarona|75/100
|
|upkeep
|turn|3
|
|t:|1666246629
|move|p1a: Volcarona|Quiver Dance|p1a: Volcarona
|-boost|p1a: Volcarona|spa|1
|-boost|p1a: Volcarona|spd|1
|-boost|p1a: Volcarona|spe|1
|move|p2a: Scizor|Dual Wingbeat|p1a: Volcarona|[miss]
|-miss|p2a: Scizor|p1a: Volcarona
|
|upkeep
|turn|4
|
|t:|1666246636
|move|p1a: Volcarona|Fiery Dance|p2a: Scizor
|-supereffective|p2a: Scizor
|-damage|p2a: Scizor|0 fnt
|-boost|p1a: Volcarona|spa|1
|faint|p2a: Scizor
|
|upkeep
|
|t:|1666246647
|switch|p2a: Lugia|Lugia|100/100
|-damage|p2a: Lugia|76/100|[from] Stealth Rock
|-ability|p2a: Lugia|Pressure
|turn|5
|
|t:|1666246655
|move|p1a: Volcarona|Fiery Dance|p2a: Lugia
|-crit|p2a: Lugia
|-damage|p2a: Lugia|0 fnt
|faint|p2a: Lugia
|
|upkeep
|
|t:|1666246667
|switch|p2a: Banette|Banette, M|100/100
|-damage|p2a: Banette|88/100|[from] Stealth Rock
|turn|6
|
|t:|1666246671
|switch|p1a: Kangaskhan|Kangaskhan, F|100/100
|detailschange|p2a: Banette|Banette-Mega, M
|-mega|p2a: Banette|Banette|Banettite
|move|p2a: Banette|Destiny Bond|p2a: Banette
|-singlemove|p2a: Banette|Destiny Bond
|
|upkeep
|turn|7
|inactive|Battle timer is ON: inactive players will automatically lose when time's up. (requested by Koobenii)
|
|t:|1666246719
|switch|p1a: Aerodactyl|Aerodactyl, M|1/100
|-ability|p1a: Aerodactyl|Unnerve
|move|p2a: Banette|Gunk Shot|p1a: Aerodactyl
|-resisted|p1a: Aerodactyl
|-damage|p1a: Aerodactyl|0 fnt
|faint|p1a: Aerodactyl
|
|upkeep
|
|t:|1666246733
|switch|p1a: Volcarona|Volcarona, M|75/100
|turn|8
|
|t:|1666246740
|move|p2a: Banette|Substitute|p2a: Banette
|-start|p2a: Banette|Substitute
|-damage|p2a: Banette|63/100
|move|p1a: Volcarona|Fiery Dance|p2a: Banette
|-end|p2a: Banette|Substitute
|-boost|p1a: Volcarona|spa|1
|
|upkeep
|turn|9
|
|t:|1666246746
|move|p2a: Banette|Destiny Bond|p2a: Banette
|-singlemove|p2a: Banette|Destiny Bond
|move|p1a: Volcarona|Fiery Dance|p2a: Banette
|-damage|p2a: Banette|0 fnt
|-boost|p1a: Volcarona|spa|1
|faint|p2a: Banette
|-activate|p2a: Banette|move: Destiny Bond
|faint|p1a: Volcarona
|
|upkeep
|
|t:|1666246757
|switch|p1a: Dragonite|Dragonite, F|100/100
|switch|p2a: Flygon|Flygon, F|100/100
|-damage|p2a: Flygon|95/100|[from] Stealth Rock
|turn|10
|
|t:|1666246768
|-start|p1a: Dragonite|Dynamax|
|-heal|p1a: Dragonite|100/100|[silent]
|move|p2a: Flygon|Outrage|p1a: Dragonite
|-supereffective|p1a: Dragonite
|-damage|p1a: Dragonite|69/100
|-enditem|p1a: Dragonite|Weakness Policy
|-boost|p1a: Dragonite|atk|2|[from] item: Weakness Policy
|-boost|p1a: Dragonite|spa|2|[from] item: Weakness Policy
|move|p1a: Dragonite|Max Airstream|p2a: Flygon
|-damage|p2a: Flygon|0 fnt
|-boost|p1a: Dragonite|spe|1
|faint|p2a: Flygon
|
|upkeep
|
|t:|1666246775
|switch|p2a: Moltres|Moltres-Galar|100/100
|-damage|p2a: Moltres|76/100|[from] Stealth Rock
|turn|11
|
|t:|1666246783
|-start|p2a: Moltres|Dynamax|
|-heal|p2a: Moltres|76/100|[silent]
|move|p2a: Moltres|Max Guard|p2a: Moltres
|-singleturn|p2a: Moltres|Max Guard
|move|p1a: Dragonite|Max Airstream|p2a: Moltres
|-activate|p2a: Moltres|move: Max Guard
|
|-heal|p2a: Moltres|79/100|[from] item: Leftovers
|upkeep
|turn|12
|
|t:|1666246792
|move|p1a: Dragonite|Max Airstream|p2a: Moltres
|-damage|p2a: Moltres|0 fnt
|-boost|p1a: Dragonite|spe|1
|faint|p2a: Moltres
|
|upkeep
|-message|PepsiPHD forfeited.
|
|win|Koobenii
|raw|Koobenii's rating: 1301 &rarr; <strong>1328</strong><br />(+27 for winning)
|raw|PepsiPHD's rating: 1427 &rarr; <strong>1400</strong><br />(-27 for losing)
|l|☆PepsiPHD
