|j|☆Blackstar152001
|j|☆RUiNtheExtinct
|t:|1665383405
|gametype|singles
|player|p1|Blackstar152001|blue-gen3two|1993
|player|p2|RUiNtheExtinct|red-gen7|1861
|teamsize|p1|6
|teamsize|p2|6
|gen|8
|tier|[Gen 8] National Dex AG
|rated|
|rule|HP Percentage Mod: HP is shown in percentages
|rule|Endless Battle Clause: Forcing endless battles is banned
|clearpoke
|poke|p1|Mewtwo|
|poke|p1|Arceus-*|
|poke|p1|Ditto|
|poke|p1|Arceus-*|
|poke|p1|Zygarde|
|poke|p1|Kyogre|
|poke|p2|Groudon|
|poke|p2|Ditto|
|poke|p2|Rayquaza|
|poke|p2|Yveltal|
|poke|p2|Smeargle, M|
|poke|p2|Arceus-*|
|teampreview
|inactive|Battle timer is ON: inactive players will automatically lose when time's up. (requested by Blackstar152001)
|
|t:|1665383423
|start
|switch|p1a: Mewtwo|Mewtwo|100/100
|switch|p2a: Groudon|Groudon|100/100
|-ability|p1a: Mewtwo|Pressure
|detailschange|p2a: Groudon|Groudon-Primal
|-primal|p2a: Groudon
|-weather|DesolateLand|[from] ability: Desolate Land|[of] p2a: Groudon
|turn|1
|
|t:|1665383434
|switch|p1a: Zygarde|Zygarde, shiny|100/100
|move|p2a: Groudon|Heat Crash|p1a: Zygarde
|-resisted|p1a: Zygarde
|-damage|p1a: Zygarde|78/100
|
|-weather|DesolateLand|[upkeep]
|-heal|p1a: Zygarde|84/100|[from] item: Leftovers
|upkeep
|turn|2
|
|t:|1665383448
|move|p1a: Zygarde|Glare|p2a: Groudon
|-status|p2a: Groudon|par
|move|p2a: Groudon|Stealth Rock|p1a: Zygarde
|-sidestart|p1: Blackstar152001|move: Stealth Rock
|
|-weather|DesolateLand|[upkeep]
|-heal|p1a: Zygarde|90/100|[from] item: Leftovers
|upkeep
|turn|3
|
|t:|1665383457
|move|p1a: Zygarde|Glare|p2a: Groudon
|-fail|p2a: Groudon|par
|move|p2a: Groudon|Earthquake|p1a: Zygarde
|-damage|p1a: Zygarde|52/100
|
|-weather|DesolateLand|[upkeep]
|-heal|p1a: Zygarde|58/100|[from] item: Leftovers
|upkeep
|turn|4
|
|t:|1665383460
|-weather|none
|switch|p2a: Yveltal|Yveltal|100/100
|-ability|p2a: Yveltal|Dark Aura
|move|p1a: Zygarde|Thousand Arrows|p2a: Yveltal
|-damage|p2a: Yveltal|72/100
|-start|p2a: Yveltal|Smack Down
|
|-heal|p1a: Zygarde|64/100|[from] item: Leftovers
|upkeep
|turn|5
|
|t:|1665383465
|switch|p1a: Arceus|Arceus-Fairy|100/100
|-damage|p1a: Arceus|88/100|[from] Stealth Rock
|move|p2a: Yveltal|Dark Pulse|p1a: Arceus
|-resisted|p1a: Arceus
|-damage|p1a: Arceus|68/100
|-damage|p2a: Yveltal|62/100|[from] item: Life Orb
|
|upkeep
|turn|6
|
|t:|1665383468
|switch|p2a: Groudon|Groudon-Primal|100/100 par
|-weather|DesolateLand|[from] ability: Desolate Land|[of] p2a: Groudon
|move|p1a: Arceus|Stealth Rock|p2a: Groudon
|-sidestart|p2: RUiNtheExtinct|move: Stealth Rock
|
|-weather|DesolateLand|[upkeep]
|upkeep
|turn|7
|
|t:|1665383479
|switch|p1a: Zygarde|Zygarde, shiny|64/100
|-damage|p1a: Zygarde|58/100|[from] Stealth Rock
|move|p2a: Groudon|Heat Crash|p1a: Zygarde
|-resisted|p1a: Zygarde
|-damage|p1a: Zygarde|36/100
|
|-weather|DesolateLand|[upkeep]
|-heal|p1a: Zygarde|43/100|[from] item: Leftovers
|-activate|p1a: Zygarde|ability: Power Construct
|detailschange|p1a: Zygarde|Zygarde-Complete, shiny
|-heal|p1a: Zygarde|62/100|[silent]
|upkeep
|turn|8
|
|t:|1665383505
|-weather|none
|switch|p2a: Yveltal|Yveltal|62/100
|-damage|p2a: Yveltal|37/100|[from] Stealth Rock
|-ability|p2a: Yveltal|Dark Aura
|move|p1a: Zygarde|Thousand Arrows|p2a: Yveltal
|-damage|p2a: Yveltal|8/100
|-start|p2a: Yveltal|Smack Down
|
|-heal|p1a: Zygarde|68/100|[from] item: Leftovers
|upkeep
|turn|9
|
|t:|1665383516
|switch|p1a: Arceus|Arceus-Fairy|68/100
|-damage|p1a: Arceus|55/100|[from] Stealth Rock
|move|p2a: Yveltal|Oblivion Wing|p1a: Arceus
|-damage|p1a: Arceus|25/100
|-heal|p2a: Yveltal|34/100|[from] drain|[of] p1a: Arceus
|-damage|p2a: Yveltal|24/100|[from] item: Life Orb
|
|upkeep
|turn|10
|
|t:|1665383523
|move|p2a: Yveltal|Oblivion Wing|p1a: Arceus
|-crit|p1a: Arceus
|-damage|p1a: Arceus|0 fnt
|-heal|p2a: Yveltal|45/100|[from] drain|[of] p1a: Arceus
|faint|p1a: Arceus
|-damage|p2a: Yveltal|35/100|[from] item: Life Orb
|
|upkeep
|
|t:|1665383534
|switch|p1a: Arceus|Arceus|100/100
|-damage|p1a: Arceus|88/100|[from] Stealth Rock
|turn|11
|
|t:|1665383540
|switch|p2a: Groudon|Groudon-Primal|100/100 par
|-damage|p2a: Groudon|88/100 par|[from] Stealth Rock
|-weather|DesolateLand|[from] ability: Desolate Land|[of] p2a: Groudon
|move|p1a: Arceus|Extreme Speed|p2a: Groudon
|-damage|p2a: Groudon|63/100 par
|
|-weather|DesolateLand|[upkeep]
|upkeep
|turn|12
|
|t:|1665383553
|move|p1a: Arceus|Swords Dance|p1a: Arceus
|-boost|p1a: Arceus|atk|2
|move|p2a: Groudon|Earthquake|p1a: Arceus
|-damage|p1a: Arceus|37/100
|
|-weather|DesolateLand|[upkeep]
|upkeep
|turn|13
|
|t:|1665383566
|move|p1a: Arceus|Recover|p1a: Arceus
|-heal|p1a: Arceus|87/100
|move|p2a: Groudon|Earthquake|p1a: Arceus
|-damage|p1a: Arceus|42/100
|
|-weather|DesolateLand|[upkeep]
|upkeep
|turn|14
|
|t:|1665383575
|move|p1a: Arceus|Recover|p1a: Arceus
|-heal|p1a: Arceus|92/100
|cant|p2a: Groudon|par
|
|-weather|DesolateLand|[upkeep]
|upkeep
|turn|15
|
|t:|1665383579
|move|p1a: Arceus|Extreme Speed|p2a: Groudon
|-damage|p2a: Groudon|14/100 par
|cant|p2a: Groudon|par
|
|-weather|DesolateLand|[upkeep]
|upkeep
|turn|16
|
|t:|1665383601
|move|p1a: Arceus|Shadow Claw|p2a: Groudon
|-damage|p2a: Groudon|0 fnt
|faint|p2a: Groudon
|-weather|none
|
|upkeep
|
|t:|1665383610
|switch|p2a: Ditto|Ditto|100/100
|-damage|p2a: Ditto|88/100|[from] Stealth Rock
|-transform|p2a: Ditto|p1a: Arceus|[from] ability: Imposter
|turn|17
|
|t:|1665383613
|-start|p1a: Arceus|Dynamax|
|-heal|p1a: Arceus|92/100|[silent]
|move|p2a: Ditto|Extreme Speed|p1a: Arceus
|-damage|p1a: Arceus|63/100
|move|p1a: Arceus|Max Strike|p2a: Ditto
|-damage|p2a: Ditto|0 fnt
|faint|p2a: Ditto
|
|upkeep
|
|t:|1665383625
|switch|p2a: Arceus|Arceus-Flying|100/100
|-damage|p2a: Arceus|76/100|[from] Stealth Rock
|turn|18
|
|t:|1665383628
|-start|p2a: Arceus|Dynamax|
|-heal|p2a: Arceus|76/100|[silent]
|move|p2a: Arceus|Max Airstream|p1a: Arceus
|-crit|p1a: Arceus
|-damage|p1a: Arceus|23/100
|-boost|p2a: Arceus|spe|1
|move|p1a: Arceus|Max Strike|p2a: Arceus
|-damage|p2a: Arceus|30/100
|-unboost|p2a: Arceus|spe|1
|
|upkeep
|turn|19
|
|t:|1665383636
|move|p1a: Arceus|Max Guard|p1a: Arceus
|-singleturn|p1a: Arceus|Max Guard
|move|p2a: Arceus|Max Airstream|p1a: Arceus
|-activate|p1a: Arceus|move: Max Guard
|
|upkeep
|-end|p1a: Arceus|Dynamax
|-heal|p1a: Arceus|23/100|[silent]
|turn|20
|
|t:|1665383654
|move|p1a: Arceus|Extreme Speed|p2a: Arceus
|-damage|p2a: Arceus|0 fnt
|faint|p2a: Arceus
|
|upkeep
|-message|RUiNtheExtinct forfeited.
|
|win|Blackstar152001
|raw|Blackstar152001's rating: 1993 &rarr; <strong>2006</strong><br />(+13 for winning)
|raw|RUiNtheExtinct's rating: 1861 &rarr; <strong>1848</strong><br />(-13 for losing)
|l|☆RUiNtheExtinct
