|j|☆Emorawr79
|j|☆85792195wwww
|t:|1647110391
|gametype|singles
|player|p1|Emorawr79|ghetsis|1724
|player|p2|85792195wwww|lady|1826
|teamsize|p1|6
|teamsize|p2|6
|gen|8
|tier|[Gen 8] National Dex AG
|rated|
|rule|HP Percentage Mod: HP is shown in percentages
|rule|Endless Battle Clause: Forcing endless battles is banned
|clearpoke
|poke|p1|Calyrex-Shadow|
|poke|p1|Smeargle, M|
|poke|p1|Ditto|
|poke|p1|Zygarde|
|poke|p1|Yveltal|
|poke|p1|Arceus-*|
|poke|p2|Rayquaza|
|poke|p2|Zacian-*|
|poke|p2|Kyogre|
|poke|p2|Arceus-*|
|poke|p2|Marshadow|
|poke|p2|Ditto|
|teampreview
|
|t:|1647110403
|start
|switch|p1a: Smeargle|Smeargle, M|100/100
|switch|p2a: Zacian|Zacian-Crowned|100/100
|-ability|p2a: Zacian|Intrepid Sword|boost
|-boost|p2a: Zacian|atk|1
|turn|1
|
|t:|1647110411
|move|p2a: Zacian|Substitute|p2a: Zacian
|-start|p2a: Zacian|Substitute
|-damage|p2a: Zacian|76/100
|move|p1a: Smeargle|Spore||[still]
|-fail|p1a: Smeargle
|
|-ability|p1a: Smeargle|Moody|boost
|-boost|p1a: Smeargle|spe|2
|-unboost|p1a: Smeargle|spa|1
|upkeep
|turn|2
|
|t:|1647110421
|move|p1a: Smeargle|Sticky Web|p2a: Zacian
|-sidestart|p2: 85792195wwww|move: Sticky Web
|move|p2a: Zacian|Behemoth Blade|p1a: Smeargle
|-enditem|p1a: Smeargle|Focus Sash
|-damage|p1a: Smeargle|1/100
|
|-ability|p1a: Smeargle|Moody|boost
|-boost|p1a: Smeargle|spa|2
|-unboost|p1a: Smeargle|spe|1
|upkeep
|turn|3
|
|t:|1647110431
|move|p1a: Smeargle|Endeavor|p2a: Zacian
|-end|p2a: Zacian|Substitute
|move|p2a: Zacian|Behemoth Blade|p1a: Smeargle
|-damage|p1a: Smeargle|0 fnt
|faint|p1a: Smeargle
|
|upkeep
|
|t:|1647110434
|switch|p1a: Ditto|Ditto|100/100
|-transform|p1a: Ditto|p2a: Zacian|[from] ability: Imposter
|-ability|p1a: Ditto|Intrepid Sword|boost
|-boost|p1a: Ditto|atk|1
|turn|4
|inactive|Battle timer is ON: inactive players will automatically lose when time's up. (requested by Emorawr79)
|
|t:|1647110446
|move|p2a: Zacian|Behemoth Blade|p1a: Ditto
|-enditem|p1a: Ditto|Focus Sash
|-damage|p1a: Ditto|1/100
|move|p1a: Ditto|Behemoth Blade|p2a: Zacian
|-damage|p2a: Zacian|0 fnt
|faint|p2a: Zacian
|
|upkeep
|
|t:|1647110456
|switch|p2a: Marshadow|Marshadow|100/100
|-activate|p2a: Marshadow|move: Sticky Web
|-unboost|p2a: Marshadow|spe|1
|turn|5
|
|t:|1647110461
|move|p2a: Marshadow|Shadow Sneak|p1a: Ditto
|-damage|p1a: Ditto|0 fnt
|faint|p1a: Ditto
|-damage|p2a: Marshadow|91/100|[from] item: Life Orb
|
|upkeep
|
|t:|1647110467
|switch|p1a: Arceus|Arceus-Fairy|100/100
|turn|6
|
|t:|1647110476
|switch|p2a: Kyogre|Kyogre|100/100
|-activate|p2a: Kyogre|move: Sticky Web
|-unboost|p2a: Kyogre|spe|1
|detailschange|p2a: Kyogre|Kyogre-Primal
|-primal|p2a: Kyogre
|-weather|PrimordialSea|[from] ability: Primordial Sea|[of] p2a: Kyogre
|move|p1a: Arceus|Stealth Rock|p2a: Kyogre
|-sidestart|p2: 85792195wwww|move: Stealth Rock
|
|-weather|PrimordialSea|[upkeep]
|upkeep
|turn|7
|
|t:|1647110494
|move|p1a: Arceus|Perish Song|p1a: Arceus
|-start|p1a: Arceus|perish3|[silent]
|-start|p2a: Kyogre|perish3|[silent]
|-fieldactivate|move: Perish Song
|move|p2a: Kyogre|Water Spout|p1a: Arceus
|-damage|p1a: Arceus|8/100
|
|-weather|PrimordialSea|[upkeep]
|-start|p1a: Arceus|perish3
|-start|p2a: Kyogre|perish3
|upkeep
|turn|8
|
|t:|1647110503
|move|p1a: Arceus|Judgment|p2a: Kyogre
|-damage|p2a: Kyogre|70/100
|move|p2a: Kyogre|Water Spout|p1a: Arceus
|-damage|p1a: Arceus|0 fnt
|faint|p1a: Arceus
|
|-weather|PrimordialSea|[upkeep]
|-start|p2a: Kyogre|perish2
|upkeep
|
|t:|1647110510
|switch|p1a: Zygarde|Zygarde|100/100
|turn|9
|
|t:|1647110520
|-weather|none
|switch|p2a: Rayquaza|Rayquaza|100/100
|-damage|p2a: Rayquaza|76/100|[from] Stealth Rock
|-ability|p2a: Rayquaza|Air Lock
|move|p1a: Zygarde|Substitute|p1a: Zygarde
|-start|p1a: Zygarde|Substitute
|-damage|p1a: Zygarde|75/100
|
|-heal|p1a: Zygarde|82/100|[from] item: Leftovers
|upkeep
|turn|10
|
|t:|1647110533
|detailschange|p2a: Rayquaza|Rayquaza-Mega
|-mega|p2a: Rayquaza|Rayquaza|
|-weather|DeltaStream|[from] ability: Delta Stream|[of] p2a: Rayquaza
|move|p2a: Rayquaza|Defog|p1a: Zygarde
|-sideend|p2: 85792195wwww|Stealth Rock|[from] move: Defog|[of] p2a: Rayquaza
|-sideend|p2: 85792195wwww|Sticky Web|[from] move: Defog|[of] p2a: Rayquaza
|move|p1a: Zygarde|Glare|p2a: Rayquaza
|-status|p2a: Rayquaza|par
|
|-weather|DeltaStream|[upkeep]
|-heal|p1a: Zygarde|88/100|[from] item: Leftovers
|upkeep
|turn|11
|
|t:|1647110547
|-weather|none
|switch|p2a: Marshadow|Marshadow|91/100
|move|p1a: Zygarde|Coil|p1a: Zygarde
|-boost|p1a: Zygarde|atk|1
|-boost|p1a: Zygarde|def|1
|-boost|p1a: Zygarde|accuracy|1
|
|-heal|p1a: Zygarde|94/100|[from] item: Leftovers
|upkeep
|turn|12
|
|t:|1647110558
|move|p2a: Marshadow|Ice Punch|p1a: Zygarde
|-supereffective|p1a: Zygarde
|-end|p1a: Zygarde|Substitute
|-damage|p2a: Marshadow|81/100|[from] item: Life Orb
|move|p1a: Zygarde|Glare|p2a: Marshadow
|-status|p2a: Marshadow|par
|
|-heal|p1a: Zygarde|99/100|[from] item: Leftovers
|upkeep
|turn|13
|
|t:|1647110568
|switch|p2a: Arceus|Arceus-Electric|100/100
|move|p1a: Zygarde|Substitute|p1a: Zygarde
|-start|p1a: Zygarde|Substitute
|-damage|p1a: Zygarde|75/100
|
|-heal|p1a: Zygarde|81/100|[from] item: Leftovers
|upkeep
|turn|14
|
|t:|1647110579
|-start|p2a: Arceus|Dynamax
|-heal|p2a: Arceus|100/100|[silent]
|move|p2a: Arceus|Max Hailstorm|p1a: Zygarde
|-supereffective|p1a: Zygarde
|-end|p1a: Zygarde|Substitute
|-weather|Hail
|move|p1a: Zygarde|Coil|p1a: Zygarde
|-boost|p1a: Zygarde|atk|1
|-boost|p1a: Zygarde|def|1
|-boost|p1a: Zygarde|accuracy|1
|
|-weather|Hail|[upkeep]
|-damage|p2a: Arceus|97/100|[from] Hail
|-damage|p1a: Zygarde|75/100|[from] Hail
|-heal|p1a: Zygarde|81/100|[from] item: Leftovers
|upkeep
|turn|15
|
|t:|1647110594
|-start|p1a: Zygarde|Dynamax
|-heal|p1a: Zygarde|81/100|[silent]
|move|p2a: Arceus|Max Hailstorm|p1a: Zygarde
|-supereffective|p1a: Zygarde
|-damage|p1a: Zygarde|5/100
|move|p1a: Zygarde|Max Quake|p2a: Arceus
|-supereffective|p2a: Arceus
|-damage|p2a: Arceus|27/100
|-boost|p1a: Zygarde|spd|1
|
|-weather|Hail|[upkeep]
|-damage|p2a: Arceus|24/100|[from] Hail
|-damage|p1a: Zygarde|2/100|[from] Hail
|-heal|p1a: Zygarde|5/100|[from] item: Leftovers
|-activate|p1a: Zygarde|ability: Power Construct
|detailschange|p1a: Zygarde|Zygarde-Complete
|-heal|p1a: Zygarde|38/100|[silent]
|upkeep
|turn|16
|
|t:|1647110614
|move|p1a: Zygarde|Max Guard|p1a: Zygarde
|-singleturn|p1a: Zygarde|Max Guard
|move|p2a: Arceus|Max Hailstorm|p1a: Zygarde
|-activate|p1a: Zygarde|move: Max Guard
|
|-weather|Hail|[upkeep]
|-damage|p2a: Arceus|21/100|[from] Hail
|-damage|p1a: Zygarde|35/100|[from] Hail
|-heal|p1a: Zygarde|38/100|[from] item: Leftovers
|-end|p2a: Arceus|Dynamax
|-heal|p2a: Arceus|21/100|[silent]
|upkeep
|turn|17
|
|t:|1647110628
|move|p2a: Arceus|Stealth Rock|p1a: Zygarde
|-sidestart|p1: Emorawr79|move: Stealth Rock
|move|p1a: Zygarde|Max Quake|p2a: Arceus
|-supereffective|p2a: Arceus
|-damage|p2a: Arceus|0 fnt
|-boost|p1a: Zygarde|spd|1
|faint|p2a: Arceus
|
|-weather|Hail|[upkeep]
|-damage|p1a: Zygarde|35/100|[from] Hail
|-heal|p1a: Zygarde|38/100|[from] item: Leftovers
|-end|p1a: Zygarde|Dynamax
|-heal|p1a: Zygarde|38/100|[silent]
|upkeep
|
|t:|1647110642
|switch|p2a: Kyogre|Kyogre-Primal|70/100
|-weather|PrimordialSea|[from] ability: Primordial Sea|[of] p2a: Kyogre
|turn|18
|
|t:|1647110647
|move|p2a: Kyogre|Ice Beam|p1a: Zygarde
|-supereffective|p1a: Zygarde
|-damage|p1a: Zygarde|0 fnt
|faint|p1a: Zygarde
|
|-weather|PrimordialSea|[upkeep]
|upkeep
|
|t:|1647110652
|switch|p1a: Yveltal|Yveltal|100/100
|-damage|p1a: Yveltal|76/100|[from] Stealth Rock
|-ability|p1a: Yveltal|Dark Aura
|turn|19
|
|t:|1647110666
|-weather|none
|switch|p2a: Rayquaza|Rayquaza-Mega|76/100 par
|-weather|DeltaStream|[from] ability: Delta Stream|[of] p2a: Rayquaza
|move|p1a: Yveltal|Dark Pulse|p2a: Rayquaza
|-damage|p2a: Rayquaza|8/100 par
|-damage|p1a: Yveltal|66/100|[from] item: Life Orb
|
|-weather|DeltaStream|[upkeep]
|upkeep
|turn|20
|
|t:|1647110678
|move|p1a: Yveltal|Oblivion Wing|p2a: Rayquaza
|-damage|p2a: Rayquaza|0 fnt
|-heal|p1a: Yveltal|71/100|[from] drain|[of] p2a: Rayquaza
|faint|p2a: Rayquaza
|-weather|none
|-damage|p1a: Yveltal|61/100|[from] item: Life Orb
|
|upkeep
|
|t:|1647110690
|switch|p2a: Kyogre|Kyogre-Primal|70/100
|-weather|PrimordialSea|[from] ability: Primordial Sea|[of] p2a: Kyogre
|turn|21
|
|t:|1647110697
|move|p1a: Yveltal|Dark Pulse|p2a: Kyogre
|-damage|p2a: Kyogre|22/100
|-damage|p1a: Yveltal|51/100|[from] item: Life Orb
|move|p2a: Kyogre|Ice Beam|p1a: Yveltal
|-supereffective|p1a: Yveltal
|-damage|p1a: Yveltal|0 fnt
|faint|p1a: Yveltal
|
|-weather|PrimordialSea|[upkeep]
|upkeep
|
|t:|1647110700
|switch|p1a: Calyrex|Calyrex-Shadow|100/100
|-ability|p1a: Calyrex|As One
|-ability|p1a: Calyrex|Unnerve
|-damage|p1a: Calyrex|88/100|[from] Stealth Rock
|turn|22
|
|t:|1647110712
|move|p1a: Calyrex|Substitute|p1a: Calyrex
|-start|p1a: Calyrex|Substitute
|-damage|p1a: Calyrex|63/100
|move|p2a: Kyogre|Scald|p1a: Calyrex
|-end|p1a: Calyrex|Substitute
|
|-weather|PrimordialSea|[upkeep]
|upkeep
|turn|23
|-message|Emorawr79 forfeited.
|
|win|85792195wwww
|raw|Emorawr79's rating: 1724 &rarr; <strong>1710</strong><br />(-14 for losing)
|raw|85792195wwww's rating: 1826 &rarr; <strong>1840</strong><br />(+14 for winning)
|l|☆Emorawr79
