|j|☆theChikunEater
|j|☆CLEAR GEM清瑜
|t:|1667106278
|gametype|singles
|player|p1|theChikunEater|karen|1562
|player|p2|CLEAR GEM清瑜|skierf|1883
|teamsize|p1|6
|teamsize|p2|6
|gen|8
|tier|[Gen 8] National Dex AG
|rated|
|rule|HP Percentage Mod: HP is shown in percentages
|rule|Endless Battle Clause: Forcing endless battles is banned
|clearpoke
|poke|p1|Smeargle, M|
|poke|p1|Smeargle, M|
|poke|p1|Lopunny, M|
|poke|p1|Bibarel, F|
|poke|p1|Ditto|
|poke|p1|Arceus-*|
|poke|p2|Rayquaza|
|poke|p2|Groudon|
|poke|p2|Necrozma-Dusk-Mane|
|poke|p2|Arceus-*|
|poke|p2|Zacian-*|
|poke|p2|Yveltal|
|teampreview
|inactive|Battle timer is ON: inactive players will automatically lose when time's up. (requested by theChikunEater)
|
|t:|1667106284
|start
|switch|p1a: Why?|Lopunny, M, shiny|100/100
|switch|p2a: 老烈|Rayquaza, shiny|100/100
|-ability|p2a: 老烈|Air Lock
|turn|1
|
|t:|1667106291
|detailschange|p1a: Why?|Lopunny-Mega, M, shiny
|-mega|p1a: Why?|Lopunny|Lopunnite
|detailschange|p2a: 老烈|Rayquaza-Mega, shiny
|-mega|p2a: 老烈|Rayquaza|
|-weather|DeltaStream|[from] ability: Delta Stream|[of] p2a: 老烈
|move|p1a: Why?|Fake Out|p2a: 老烈
|-damage|p2a: 老烈|79/100
|cant|p2a: 老烈|flinch
|
|-weather|DeltaStream|[upkeep]
|upkeep
|turn|2
|c|☆theChikunEater|hlhf
|
|t:|1667106298
|move|p1a: Why?|Triple Axel|p2a: 老烈|[miss]
|-miss|p1a: Why?|p2a: 老烈
|move|p2a: 老烈|Scale Shot|p1a: Why?
|-damage|p1a: Why?|68/100
|-damage|p1a: Why?|34/100
|-hitcount|p1a: Why?|2
|-unboost|p2a: 老烈|def|1
|-boost|p2a: 老烈|spe|1
|-damage|p2a: 老烈|69/100|[from] item: Life Orb
|
|-weather|DeltaStream|[upkeep]
|upkeep
|turn|3
|j| Jelly cookie
|
|t:|1667106305
|move|p2a: 老烈|Extreme Speed|p1a: Why?
|-damage|p1a: Why?|0 fnt
|faint|p1a: Why?
|-damage|p2a: 老烈|59/100|[from] item: Life Orb
|
|-weather|DeltaStream|[upkeep]
|upkeep
|
|t:|1667106308
|switch|p1a: Pasta|Ditto|100/100
|-transform|p1a: Pasta|p2a: 老烈|[from] ability: Imposter
|turn|4
|
|t:|1667106310
|move|p2a: 老烈|Extreme Speed|p1a: Pasta
|-damage|p1a: Pasta|6/100
|-damage|p2a: 老烈|49/100|[from] item: Life Orb
|move|p1a: Pasta|Dragon Ascent|p2a: 老烈
|-damage|p2a: 老烈|0 fnt
|-unboost|p1a: Pasta|def|1
|-unboost|p1a: Pasta|spd|1
|faint|p2a: 老烈
|
|-weather|DeltaStream|[upkeep]
|upkeep
|
|t:|1667106313
|switch|p2a: 不会(?)|Groudon|100/100
|detailschange|p2a: 不会(?)|Groudon-Primal
|-primal|p2a: 不会(?)
|-weather|DesolateLand|[from] ability: Desolate Land|[of] p2a: 不会(?)
|turn|5
|
|t:|1667106317
|switch|p1a: Wuzzy|Smeargle, M|100/100
|move|p2a: 不会(?)|Thunder Wave|p1a: Wuzzy
|-status|p1a: Wuzzy|par
|
|-weather|DesolateLand|[upkeep]
|-ability|p1a: Wuzzy|Moody|boost
|-boost|p1a: Wuzzy|atk|2
|-unboost|p1a: Wuzzy|spd|1
|upkeep
|turn|6
|
|t:|1667106322
|move|p2a: 不会(?)|Stealth Rock|p1a: Wuzzy
|-sidestart|p1: theChikunEater|move: Stealth Rock
|move|p1a: Wuzzy|Spore|p2a: 不会(?)
|-status|p2a: 不会(?)|slp|[from] move: Spore
|
|-weather|DesolateLand|[upkeep]
|-ability|p1a: Wuzzy|Moody|boost
|-boost|p1a: Wuzzy|spd|2
|-unboost|p1a: Wuzzy|atk|1
|upkeep
|turn|7
|
|t:|1667106324
|move|p1a: Wuzzy|Shell Smash|p1a: Wuzzy
|-unboost|p1a: Wuzzy|def|1
|-unboost|p1a: Wuzzy|spd|1
|-boost|p1a: Wuzzy|atk|2
|-boost|p1a: Wuzzy|spa|2
|-boost|p1a: Wuzzy|spe|2
|cant|p2a: 不会(?)|slp
|
|-weather|DesolateLand|[upkeep]
|-ability|p1a: Wuzzy|Moody|boost
|-boost|p1a: Wuzzy|atk|2
|-unboost|p1a: Wuzzy|spa|1
|upkeep
|turn|8
|
|t:|1667106328
|move|p1a: Wuzzy|Baton Pass|p1a: Wuzzy
|
|t:|1667106336
|switch|p1a: YES|Bibarel, F|100/100|[from]move: Baton Pass
|-damage|p1a: YES|88/100|[from] Stealth Rock
|cant|p2a: 不会(?)|slp
|
|-weather|DesolateLand|[upkeep]
|upkeep
|turn|9
|
|t:|1667106340
|move|p1a: YES|Return|p2a: 不会(?)
|-damage|p2a: 不会(?)|31/100 slp
|cant|p2a: 不会(?)|slp
|
|-weather|DesolateLand|[upkeep]
|upkeep
|turn|10
|
|t:|1667106348
|move|p1a: YES|Return|p2a: 不会(?)
|-damage|p2a: 不会(?)|0 fnt
|faint|p2a: 不会(?)
|-weather|none
|
|upkeep
|
|t:|1667106350
|switch|p2a: 钢铁之躯|Necrozma-Dusk-Mane|100/100
|turn|11
|
|t:|1667106354
|move|p1a: YES|Crunch|p2a: 钢铁之躯
|-supereffective|p2a: 钢铁之躯
|-damage|p2a: 钢铁之躯|12/100
|move|p2a: 钢铁之躯|Photon Geyser|p1a: YES
|-damage|p1a: YES|0 fnt
|faint|p1a: YES
|
|upkeep
|
|t:|1667106359
|switch|p1a: Fuzzy|Smeargle, M|100/100
|-damage|p1a: Fuzzy|88/100|[from] Stealth Rock
|turn|12
|
|t:|1667106364
|detailschange|p2a: 钢铁之躯|Necrozma-Ultra
|-burst|p2a: 钢铁之躯|Necrozma|Ultranecrozium Z
|move|p2a: 钢铁之躯|Photon Geyser|p1a: Fuzzy
|-crit|p1a: Fuzzy
|-damage|p1a: Fuzzy|0 fnt
|faint|p1a: Fuzzy
|
|upkeep
|
|t:|1667106369
|switch|p1a: Wuzzy|Smeargle, M|100/100 par
|-damage|p1a: Wuzzy|88/100 par|[from] Stealth Rock
|turn|13
|
|t:|1667106372
|move|p2a: 钢铁之躯|Photon Geyser|p1a: Wuzzy
|-damage|p1a: Wuzzy|0 fnt
|faint|p1a: Wuzzy
|
|upkeep
|
|t:|1667106374
|switch|p1a: Horsecokccc|Arceus|100/100
|-damage|p1a: Horsecokccc|88/100|[from] Stealth Rock
|turn|14
|
|t:|1667106377
|-start|p1a: Horsecokccc|Dynamax|
|-heal|p1a: Horsecokccc|88/100|[silent]
|move|p1a: Horsecokccc|Max Steelspike|p2a: 钢铁之躯
|-damage|p2a: 钢铁之躯|0 fnt
|-boost|p1a: Horsecokccc|def|1
|faint|p2a: 钢铁之躯
|
|upkeep
|
|t:|1667106380
|switch|p2a: 悬空羊驼|Arceus-Flying|100/100
|turn|15
|
|t:|1667106382
|move|p1a: Horsecokccc|Max Strike|p2a: 悬空羊驼
|-damage|p2a: 悬空羊驼|58/100
|-unboost|p2a: 悬空羊驼|spe|1
|move|p2a: 悬空羊驼|Swords Dance|p2a: 悬空羊驼
|-boost|p2a: 悬空羊驼|atk|2
|
|upkeep
|turn|16
|
|t:|1667106389
|move|p1a: Horsecokccc|Max Mindstorm|p2a: 悬空羊驼
|-damage|p2a: 悬空羊驼|25/100
|-fieldstart|move: Psychic Terrain
|move|p2a: 悬空羊驼|Recover|p2a: 悬空羊驼
|-heal|p2a: 悬空羊驼|75/100
|
|upkeep
|-end|p1a: Horsecokccc|Dynamax
|-heal|p1a: Horsecokccc|88/100|[silent]
|turn|17
|
|t:|1667106392
|-start|p2a: 悬空羊驼|Dynamax|
|-heal|p2a: 悬空羊驼|75/100|[silent]
|move|p1a: Horsecokccc|Judgment|p2a: 悬空羊驼
|-damage|p2a: 悬空羊驼|51/100
|move|p2a: 悬空羊驼|Max Airstream|p1a: Horsecokccc
|-damage|p1a: Horsecokccc|0 fnt
|-boost|p2a: 悬空羊驼|spe|1
|faint|p1a: Horsecokccc
|
|upkeep
|
|t:|1667106394
|switch|p1a: Pasta|Ditto|6/100
|-damage|p1a: Pasta|0 fnt|[from] Stealth Rock
|faint|p1a: Pasta
|
|win|CLEAR GEM清瑜
|raw|theChikunEater's rating: 1562 &rarr; <strong>1557</strong><br />(-5 for losing)
|raw|CLEAR GEM清瑜's rating: 1883 &rarr; <strong>1888</strong><br />(+5 for winning)
