|j|☆spx1油
|j|☆starkorea74
|t:|1595974084
|player|p1|spx1油|acetrainer-gen1rb|1731
|player|p2|starkorea74|cynthia|1937
|teamsize|p1|6
|teamsize|p2|6
|gametype|singles
|gen|8
|tier|[Gen 8] National Dex AG
|rated|
|clearpoke
|poke|p1|Arceus-*|
|poke|p1|Smeargle, M|
|poke|p1|Rayquaza|
|poke|p1|Thundurus-Therian, M|
|poke|p1|Zacian-Crowned|
|poke|p1|Eternatus|
|poke|p2|Necrozma-Dusk-Mane|
|poke|p2|Ho-Oh|
|poke|p2|Ditto|
|poke|p2|Arceus-*|
|poke|p2|Rayquaza|
|poke|p2|Yveltal|
|rule|HP Percentage Mod: HP is shown in percentages
|rule|Endless Battle Clause: Forcing endless battles is banned
|teampreview
|
|t:|1595974103
|start
|switch|p1a: Thundurus|Thundurus-Therian, M|100/100
|switch|p2a: Rayquaza|Rayquaza|100/100
|-ability|p2a: Rayquaza|Air Lock
|turn|1
|
|t:|1595974110
|detailschange|p2a: Rayquaza|Rayquaza-Mega
|-mega|p2a: Rayquaza|Rayquaza|
|-weather|DeltaStream|[from] ability: Delta Stream|[of] p2a: Rayquaza
|-start|p1a: Thundurus|Dynamax
|-heal|p1a: Thundurus|100/100|[silent]
|move|p2a: Rayquaza|Draco Meteor|p1a: Thundurus|[miss]
|-miss|p2a: Rayquaza|p1a: Thundurus
|move|p1a: Thundurus|Max Airstream|p2a: Rayquaza
|-damage|p2a: Rayquaza|13/100
|-boost|p1a: Thundurus|spe|1
|
|-weather|DeltaStream|[upkeep]
|upkeep
|turn|2
|
|t:|1595974125
|-weather|none
|switch|p2a: Arceus|Arceus-Dark|100/100
|move|p1a: Thundurus|Max Lightning|p2a: Arceus
|-damage|p2a: Arceus|58/100
|-fieldstart|move: Electric Terrain
|
|upkeep
|turn|3
|
|t:|1595974141
|switch|p2a: Rayquaza|Rayquaza-Mega|13/100
|-weather|DeltaStream|[from] ability: Delta Stream|[of] p2a: Rayquaza
|move|p1a: Thundurus|Max Lightning|p2a: Rayquaza
|-activate||deltastream
|-resisted|p2a: Rayquaza
|-damage|p2a: Rayquaza|0 fnt
|faint|p2a: Rayquaza
|-weather|none
|
|-end|p1a: Thundurus|Dynamax
|-heal|p1a: Thundurus|100/100|[silent]
|upkeep
|
|t:|1595974154
|switch|p2a: Ditto|Ditto|100/100
|-transform|p2a: Ditto|p1a: Thundurus|[from] ability: Imposter
|turn|4
|
|t:|1595974165
|move|p2a: Ditto|Hidden Power|p1a: Thundurus
|-damage|p1a: Thundurus|68/100
|move|p1a: Thundurus|Hidden Power|p2a: Ditto
|-resisted|p2a: Ditto
|-damage|p2a: Ditto|72/100
|
|upkeep
|turn|5
|
|t:|1595974171
|switch|p1a: Eternatus|Eternatus|100/100
|-ability|p1a: Eternatus|Pressure
|move|p2a: Ditto|Hidden Power|p1a: Eternatus
|-resisted|p1a: Eternatus
|-damage|p1a: Eternatus|89/100
|
|upkeep
|turn|6
|
|t:|1595974181
|switch|p2a: Necrozma|Necrozma-Dusk-Mane|100/100
|move|p1a: Eternatus|Dynamax Cannon|p2a: Necrozma
|-resisted|p2a: Necrozma
|-damage|p2a: Necrozma|72/100
|-damage|p1a: Eternatus|79/100|[from] item: Life Orb
|
|-heal|p2a: Necrozma|78/100|[from] item: Leftovers
|-fieldend|move: Electric Terrain
|upkeep
|turn|7
|
|t:|1595974189
|switch|p1a: Smeargle|Smeargle, M|100/100
|switch|p2a: Ho-Oh|Ho-Oh|100/100
|
|upkeep
|turn|8
|
|t:|1595974194
|move|p1a: Smeargle|Nuzzle|p2a: Ho-Oh
|-supereffective|p2a: Ho-Oh
|-damage|p2a: Ho-Oh|97/100
|-status|p2a: Ho-Oh|par
|move|p2a: Ho-Oh|Sacred Fire|p1a: Smeargle
|-damage|p1a: Smeargle|17/100
|
|upkeep
|turn|9
|
|t:|1595974202
|move|p1a: Smeargle|Sticky Web|p2a: Ho-Oh
|-sidestart|p2: starkorea74|move: Sticky Web
|move|p2a: Ho-Oh|Sacred Fire|p1a: Smeargle
|-damage|p1a: Smeargle|0 fnt
|faint|p1a: Smeargle
|
|upkeep
|
|t:|1595974213
|switch|p1a: Rayquaza|Rayquaza|100/100
|-ability|p1a: Rayquaza|Air Lock
|turn|10
|
|t:|1595974217
|detailschange|p1a: Rayquaza|Rayquaza-Mega
|-mega|p1a: Rayquaza|Rayquaza|
|-weather|DeltaStream|[from] ability: Delta Stream|[of] p1a: Rayquaza
|move|p1a: Rayquaza|Dragon Ascent|p2a: Ho-Oh
|-damage|p2a: Ho-Oh|48/100 par
|-unboost|p1a: Rayquaza|def|1
|-unboost|p1a: Rayquaza|spd|1
|cant|p2a: Ho-Oh|par
|
|-weather|DeltaStream|[upkeep]
|upkeep
|turn|11
|
|t:|1595974226
|switch|p2a: Necrozma|Necrozma-Dusk-Mane|78/100
|-activate|p2a: Necrozma|move: Sticky Web
|-unboost|p2a: Necrozma|spe|1
|move|p1a: Rayquaza|Dragon Ascent|p2a: Necrozma
|-resisted|p2a: Necrozma
|-damage|p2a: Necrozma|58/100
|-unboost|p1a: Rayquaza|def|1
|-unboost|p1a: Rayquaza|spd|1
|
|-weather|DeltaStream|[upkeep]
|-heal|p2a: Necrozma|64/100|[from] item: Leftovers
|upkeep
|turn|12
|
|t:|1595974236
|move|p1a: Rayquaza|V-create|p2a: Necrozma
|-supereffective|p2a: Necrozma
|-damage|p2a: Necrozma|0 fnt
|-unboost|p1a: Rayquaza|spe|1
|-unboost|p1a: Rayquaza|def|1
|-unboost|p1a: Rayquaza|spd|1
|faint|p2a: Necrozma
|
|-weather|DeltaStream|[upkeep]
|upkeep
|
|t:|1595974245
|switch|p2a: Yveltal|Yveltal|100/100
|-ability|p2a: Yveltal|Dark Aura
|turn|13
|
|t:|1595974250
|-start|p2a: Yveltal|Dynamax
|-heal|p2a: Yveltal|100/100|[silent]
|move|p2a: Yveltal|Max Airstream|p1a: Rayquaza
|-enditem|p1a: Rayquaza|Focus Sash
|-damage|p1a: Rayquaza|1/100
|-boost|p2a: Yveltal|spe|1
|-damage|p2a: Yveltal|96/100|[from] item: Life Orb
|move|p1a: Rayquaza|Dragon Ascent|p2a: Yveltal
|-damage|p2a: Yveltal|58/100
|-unboost|p1a: Rayquaza|def|1
|-unboost|p1a: Rayquaza|spd|1
|
|-weather|DeltaStream|[upkeep]
|upkeep
|turn|14
|
|t:|1595974265
|-weather|none
|switch|p1a: Thundurus|Thundurus-Therian, M|68/100
|move|p2a: Yveltal|Max Airstream|p1a: Thundurus
|-resisted|p1a: Thundurus
|-damage|p1a: Thundurus|2/100
|-boost|p2a: Yveltal|spe|1
|-damage|p2a: Yveltal|53/100|[from] item: Life Orb
|
|upkeep
|turn|15
|
|t:|1595974274
|move|p2a: Yveltal|Max Flare|p1a: Thundurus
|-damage|p1a: Thundurus|0 fnt
|-weather|SunnyDay
|-damage|p2a: Yveltal|48/100|[from] item: Life Orb
|faint|p1a: Thundurus
|
|-weather|SunnyDay|[upkeep]
|-end|p2a: Yveltal|Dynamax
|-heal|p2a: Yveltal|48/100|[silent]
|upkeep
|
|t:|1595974276
|switch|p1a: Rayquaza|Rayquaza-Mega|1/100
|-weather|DeltaStream|[from] ability: Delta Stream|[of] p1a: Rayquaza
|turn|16
|
|t:|1595974285
|move|p1a: Rayquaza|Extreme Speed|p2a: Yveltal
|-damage|p2a: Yveltal|16/100
|move|p2a: Yveltal|Oblivion Wing|p1a: Rayquaza
|-damage|p1a: Rayquaza|0 fnt
|-heal|p2a: Yveltal|17/100|[from] drain|[of] p1a: Rayquaza
|-damage|p2a: Yveltal|7/100|[from] item: Life Orb
|faint|p1a: Rayquaza
|-weather|none
|
|upkeep
|
|t:|1595974303
|switch|p1a: Eternatus|Eternatus|79/100
|-ability|p1a: Eternatus|Pressure
|turn|17
|
|t:|1595974309
|move|p2a: Yveltal|Knock Off|p1a: Eternatus
|-damage|p1a: Eternatus|22/100
|-enditem|p1a: Eternatus|Life Orb|[from] move: Knock Off|[of] p2a: Yveltal
|-damage|p2a: Yveltal|0 fnt|[from] item: Life Orb
|faint|p2a: Yveltal
|move|p1a: Eternatus|Dynamax Cannon|p2: Yveltal|[notarget]
|-fail|p1a: Eternatus
|
|upkeep
|
|t:|1595974319
|switch|p2a: Arceus|Arceus-Dark|58/100
|-activate|p2a: Arceus|move: Sticky Web
|-unboost|p2a: Arceus|spe|1
|turn|18
|
|t:|1595974324
|switch|p1a: Zacian|Zacian-Crowned|100/100
|-ability|p1a: Zacian|Intrepid Sword|boost
|-boost|p1a: Zacian|atk|1
|move|p2a: Arceus|Recover|p2a: Arceus
|-heal|p2a: Arceus|100/100
|
|upkeep
|turn|19
|
|t:|1595974331
|switch|p1a: Eternatus|Eternatus|22/100
|-ability|p1a: Eternatus|Pressure
|switch|p2a: Ho-Oh|Ho-Oh|81/100 par
|
|upkeep
|turn|20
|
|t:|1595974339
|switch|p2a: Arceus|Arceus-Dark|100/100
|-activate|p2a: Arceus|move: Sticky Web
|-unboost|p2a: Arceus|spe|1
|move|p1a: Eternatus|Recover|p1a: Eternatus
|-heal|p1a: Eternatus|72/100
|
|upkeep
|turn|21
|
|t:|1595974345
|move|p1a: Eternatus|Sludge Bomb|p2a: Arceus
|-damage|p2a: Arceus|71/100
|-status|p2a: Arceus|psn
|move|p2a: Arceus|Calm Mind|p2a: Arceus
|-boost|p2a: Arceus|spa|1
|-boost|p2a: Arceus|spd|1
|
|-damage|p2a: Arceus|59/100 psn|[from] psn
|upkeep
|turn|22
|
|t:|1595974356
|move|p1a: Eternatus|Recover|p1a: Eternatus
|-heal|p1a: Eternatus|100/100
|move|p2a: Arceus|Refresh|p2a: Arceus
|-curestatus|p2a: Arceus|psn|[msg]
|
|upkeep
|turn|23
|
|t:|1595974361
|move|p1a: Eternatus|Sludge Bomb|p2a: Arceus
|-damage|p2a: Arceus|42/100
|-status|p2a: Arceus|psn
|move|p2a: Arceus|Recover|p2a: Arceus
|-heal|p2a: Arceus|92/100 psn
|
|-damage|p2a: Arceus|80/100 psn|[from] psn
|upkeep
|turn|24
|
|t:|1595974369
|switch|p1a: Zacian|Zacian-Crowned|100/100
|-ability|p1a: Zacian|Intrepid Sword|boost
|-boost|p1a: Zacian|atk|1
|move|p2a: Arceus|Refresh|p2a: Arceus
|-curestatus|p2a: Arceus|psn|[msg]
|
|upkeep
|turn|25
|
|t:|1595974378
|move|p1a: Zacian|Behemoth Blade|p2a: Arceus
|-damage|p2a: Arceus|9/100
|move|p2a: Arceus|Judgment|p1a: Zacian
|-resisted|p1a: Zacian
|-crit|p1a: Zacian
|-damage|p1a: Zacian|47/100
|
|upkeep
|turn|26
|
|t:|1595974384
|switch|p1a: Eternatus|Eternatus|100/100
|-ability|p1a: Eternatus|Pressure
|move|p2a: Arceus|Judgment|p1a: Eternatus
|-damage|p1a: Eternatus|36/100
|
|upkeep
|turn|27
|
|t:|1595974399
|move|p1a: Eternatus|Dynamax Cannon|p2a: Arceus
|-damage|p2a: Arceus|0 fnt
|faint|p2a: Arceus
|
|upkeep
|
|t:|1595974403
|switch|p2a: Ditto|Ditto|72/100
|-activate|p2a: Ditto|move: Sticky Web
|-unboost|p2a: Ditto|spe|1
|-transform|p2a: Ditto|p1a: Eternatus|[from] ability: Imposter
|-ability|p2a: Ditto|Pressure
|turn|28
|
|t:|1595974411
|switch|p2a: Ho-Oh|Ho-Oh|100/100 par
|switch|p1a: Arceus|Arceus-Ghost|100/100
|
|upkeep
|turn|29
|
|t:|1595974420
|move|p1a: Arceus|Stealth Rock|p2a: Ho-Oh
|-sidestart|p2: starkorea74|move: Stealth Rock
|move|p2a: Ho-Oh|Sacred Fire|p1a: Arceus
|-damage|p1a: Arceus|67/100
|
|upkeep
|turn|30
|
|t:|1595974426
|move|p1a: Arceus|Shadow Force||[still]
|-prepare|p1a: Arceus|Shadow Force|p2a: Ho-Oh
|move|p2a: Ho-Oh|Defog|p1a: Arceus|[miss]
|-miss|p2a: Ho-Oh|p1a: Arceus
|
|upkeep
|turn|31
|
|t:|1595974429
|move|p1a: Arceus|Shadow Force|p2a: Ho-Oh|[from]lockedmove
|-damage|p2a: Ho-Oh|49/100 par
|move|p2a: Ho-Oh|Defog|p1a: Arceus
|-unboost|p1a: Arceus|evasion|1
|-sideend|p2: starkorea74|Stealth Rock|[from] move: Defog|[of] p2a: Ho-Oh
|-sideend|p2: starkorea74|Sticky Web|[from] move: Defog|[of] p2a: Ho-Oh
|
|upkeep
|turn|32
|
|t:|1595974436
|move|p1a: Arceus|Shadow Force||[still]
|-prepare|p1a: Arceus|Shadow Force|p2a: Ho-Oh
|move|p2a: Ho-Oh|Recover|p2a: Ho-Oh
|-heal|p2a: Ho-Oh|99/100 par
|
|upkeep
|turn|33
|
|t:|1595974441
|move|p1a: Arceus|Shadow Force|p2a: Ho-Oh|[from]lockedmove
|-damage|p2a: Ho-Oh|49/100 par
|move|p2a: Ho-Oh|Sacred Fire|p1a: Arceus
|-damage|p1a: Arceus|34/100
|
|upkeep
|turn|34
|
|t:|1595974447
|move|p1a: Arceus|Shadow Force||[still]
|-prepare|p1a: Arceus|Shadow Force|p2a: Ho-Oh
|cant|p2a: Ho-Oh|par
|
|upkeep
|turn|35
|
|t:|1595974451
|move|p1a: Arceus|Shadow Force|p2a: Ho-Oh|[from]lockedmove
|-damage|p2a: Ho-Oh|0 fnt
|faint|p2a: Ho-Oh
|
|upkeep
|
|t:|1595974456
|switch|p2a: Ditto|Ditto|72/100
|-transform|p2a: Ditto|p1a: Arceus|[from] ability: Imposter
|turn|36
|
|t:|1595974469
|move|p2a: Ditto|Shadow Force||[still]
|-prepare|p2a: Ditto|Shadow Force|p1a: Arceus
|move|p1a: Arceus|Shadow Force||[still]
|-prepare|p1a: Arceus|Shadow Force|p2a: Ditto
|
|upkeep
|turn|37
|-message|starkorea74 forfeited.
|
|win|spx1油
|l|☆starkorea74
