|j|☆Neutralist
|j|☆thicsucttv
|t:|1662800769
|gametype|singles
|player|p1|Neutralist|2|1596
|player|p2|thicsucttv|266|1699
|teamsize|p1|6
|teamsize|p2|6
|gen|8
|tier|[Gen 8] National Dex AG
|rated|
|rule|HP Percentage Mod: HP is shown in percentages
|rule|Endless Battle Clause: Forcing endless battles is banned
|clearpoke
|poke|p1|Necrozma-Dusk-Mane|
|poke|p1|Arceus-*|
|poke|p1|Groudon|
|poke|p1|Yveltal|
|poke|p1|Zacian-*|
|poke|p1|Kyogre|
|poke|p2|Tyranitar, F|
|poke|p2|Marshadow|
|poke|p2|Yveltal|
|poke|p2|Necrozma-Dusk-Mane|
|poke|p2|Ditto|
|poke|p2|Lucario, F|
|teampreview
|inactive|Battle timer is ON: inactive players will automatically lose when time's up. (requested by thicsucttv)
|
|t:|1662800786
|start
|switch|p1a: Law|Arceus-Fairy|100/100
|switch|p2a: Lucario|Lucario, F|100/100
|turn|1
|
|t:|1662800792
|switch|p1a: Giga|Groudon|100/100
|detailschange|p1a: Giga|Groudon-Primal
|-primal|p1a: Giga
|-weather|DesolateLand|[from] ability: Desolate Land|[of] p1a: Giga
|detailschange|p2a: Lucario|Lucario-Mega, F
|-mega|p2a: Lucario|Lucario|Lucarionite
|move|p2a: Lucario|Meteor Mash|p1a: Giga
|-resisted|p1a: Giga
|-damage|p1a: Giga|83/100
|
|-weather|DesolateLand|[upkeep]
|upkeep
|turn|2
|
|t:|1662800806
|switch|p2a: Tyranitar|Tyranitar, F|100/100
|-ability|p2a: Tyranitar|Sand Stream|[from] desolateland|[fail]
|move|p1a: Giga|Thunder Wave|p2a: Tyranitar
|-status|p2a: Tyranitar|par
|
|-weather|DesolateLand|[upkeep]
|upkeep
|turn|3
|-activate|p2a: Tyranitar|item: Quick Claw
|
|t:|1662800819
|move|p2a: Tyranitar|Stealth Rock|p1a: Giga
|-sidestart|p1: Neutralist|move: Stealth Rock
|move|p1a: Giga|Stealth Rock|p2a: Tyranitar
|-sidestart|p2: thicsucttv|move: Stealth Rock
|
|-weather|DesolateLand|[upkeep]
|upkeep
|turn|4
|
|t:|1662800826
|move|p1a: Giga|Precipice Blades|p2a: Tyranitar
|-supereffective|p2a: Tyranitar
|-damage|p2a: Tyranitar|0 fnt
|faint|p2a: Tyranitar
|
|-weather|DesolateLand|[upkeep]
|upkeep
|c|☆Neutralist|What
|
|t:|1662800832
|switch|p2a: Necrozma|Necrozma-Dusk-Mane|100/100
|-damage|p2a: Necrozma|95/100|[from] Stealth Rock
|turn|5
|
|t:|1662800837
|detailschange|p2a: Necrozma|Necrozma-Ultra
|-burst|p2a: Necrozma|Necrozma|Ultranecrozium Z
|move|p2a: Necrozma|Dragon Dance|p2a: Necrozma
|-boost|p2a: Necrozma|atk|1
|-boost|p2a: Necrozma|spe|1
|move|p1a: Giga|Thunder Wave|p2a: Necrozma
|-status|p2a: Necrozma|par
|
|-weather|DesolateLand|[upkeep]
|upkeep
|turn|6
|
|t:|1662800847
|move|p2a: Necrozma|Earthquake|p1a: Giga
|-supereffective|p1a: Giga
|-damage|p1a: Giga|1/100
|move|p1a: Giga|Precipice Blades|p2a: Necrozma
|-damage|p2a: Necrozma|26/100 par
|
|-weather|DesolateLand|[upkeep]
|upkeep
|turn|7
|
|t:|1662800854
|move|p2a: Necrozma|Earthquake|p1a: Giga
|-supereffective|p1a: Giga
|-damage|p1a: Giga|0 fnt
|faint|p1a: Giga
|-weather|none
|
|upkeep
|c|☆thicsucttv|Ok bro
|c|☆thicsucttv|Ok
|
|t:|1662800859
|switch|p1a: Law|Arceus-Fairy|100/100
|-damage|p1a: Law|88/100|[from] Stealth Rock
|turn|8
|
|t:|1662800863
|move|p2a: Necrozma|Stone Edge|p1a: Law
|-damage|p1a: Law|46/100
|move|p1a: Law|Judgment|p2a: Necrozma
|-supereffective|p2a: Necrozma
|-damage|p2a: Necrozma|0 fnt
|faint|p2a: Necrozma
|
|upkeep
|
|t:|1662800871
|switch|p2a: Lucario|Lucario-Mega, F|100/100
|-damage|p2a: Lucario|98/100|[from] Stealth Rock
|turn|9
|
|t:|1662800877
|switch|p1a: Abyss|Kyogre|100/100
|-damage|p1a: Abyss|88/100|[from] Stealth Rock
|detailschange|p1a: Abyss|Kyogre-Primal
|-primal|p1a: Abyss
|-weather|PrimordialSea|[from] ability: Primordial Sea|[of] p1a: Abyss
|move|p2a: Lucario|Meteor Mash|p1a: Abyss|[miss]
|-miss|p2a: Lucario|p1a: Abyss
|
|-weather|PrimordialSea|[upkeep]
|upkeep
|turn|10
|
|t:|1662800888
|move|p2a: Lucario|Close Combat|p1a: Abyss
|-damage|p1a: Abyss|25/100
|-unboost|p2a: Lucario|def|1
|-unboost|p2a: Lucario|spd|1
|move|p1a: Abyss|Scald|p2a: Lucario
|-damage|p2a: Lucario|0 fnt
|faint|p2a: Lucario
|
|-weather|PrimordialSea|[upkeep]
|upkeep
|c|☆thicsucttv|Amazing game
|
|t:|1662800906
|switch|p2a: Yveltal|Yveltal|100/100
|-damage|p2a: Yveltal|76/100|[from] Stealth Rock
|-ability|p2a: Yveltal|Dark Aura
|turn|11
|
|t:|1662800912
|move|p2a: Yveltal|Knock Off|p1a: Abyss
|-damage|p1a: Abyss|0 fnt
|faint|p1a: Abyss
|-weather|none
|-damage|p2a: Yveltal|66/100|[from] item: Life Orb
|
|upkeep
|
|t:|1662800918
|switch|p1a: Harbinger|Yveltal|100/100
|-damage|p1a: Harbinger|76/100|[from] Stealth Rock
|-ability|p1a: Harbinger|Dark Aura
|turn|12
|
|t:|1662800928
|-start|p1a: Harbinger|Dynamax|
|-heal|p1a: Harbinger|76/100|[silent]
|-start|p2a: Yveltal|Dynamax|
|-heal|p2a: Yveltal|66/100|[silent]
|move|p1a: Harbinger|Max Airstream|p2a: Yveltal
|-damage|p2a: Yveltal|27/100
|-boost|p1a: Harbinger|spe|1
|-damage|p1a: Harbinger|71/100|[from] item: Life Orb
|move|p2a: Yveltal|Max Airstream|p1a: Harbinger
|-damage|p1a: Harbinger|19/100
|-boost|p2a: Yveltal|spe|1
|-damage|p2a: Yveltal|22/100|[from] item: Life Orb
|
|upkeep
|turn|13
|
|t:|1662800946
|move|p1a: Harbinger|Max Airstream|p2a: Yveltal
|-damage|p2a: Yveltal|0 fnt
|-boost|p1a: Harbinger|spe|1
|faint|p2a: Yveltal
|-damage|p1a: Harbinger|14/100|[from] item: Life Orb
|
|upkeep
|
|t:|1662800954
|switch|p2a: Ditto|Ditto|100/100
|-damage|p2a: Ditto|88/100|[from] Stealth Rock
|-transform|p2a: Ditto|p1a: Harbinger|[from] ability: Imposter
|-ability|p2a: Ditto|Dark Aura
|turn|14
|
|t:|1662800965
|move|p2a: Ditto|Knock Off|p1a: Harbinger
|-resisted|p1a: Harbinger
|-damage|p1a: Harbinger|0 fnt
|-enditem|p1a: Harbinger|Life Orb|[from] move: Knock Off|[of] p2a: Ditto
|faint|p1a: Harbinger
|
|upkeep
|
|t:|1662800967
|switch|p1a: Law|Arceus-Fairy|46/100
|-damage|p1a: Law|34/100|[from] Stealth Rock
|turn|15
|
|t:|1662800980
|move|p2a: Ditto|Knock Off|p1a: Law
|-resisted|p1a: Law
|-damage|p1a: Law|19/100
|move|p1a: Law|Recover|p1a: Law
|-heal|p1a: Law|69/100
|
|upkeep
|turn|16
|
|t:|1662800995
|switch|p2a: Marshadow|Marshadow|100/100
|-damage|p2a: Marshadow|94/100|[from] Stealth Rock
|move|p1a: Law|Judgment|p2a: Marshadow
|-supereffective|p2a: Marshadow
|-damage|p2a: Marshadow|0 fnt
|faint|p2a: Marshadow
|
|upkeep
|c|☆thicsucttv|Ofc I lost my Lucario bcs of missed meteor mash
|c|☆Neutralist|I… don’t think that mattered
|c|☆thicsucttv|But you hit every thunder wave and blades
|inactive|thicsucttv has 120 seconds left.
|c|☆Neutralist|kyogre was max defense
|
|t:|1662801028
|switch|p2a: Ditto|Ditto|88/100
|-damage|p2a: Ditto|76/100|[from] Stealth Rock
|-transform|p2a: Ditto|p1a: Law|[from] ability: Imposter
|turn|17
|inactive|thicsucttv has 120 seconds left.
|c|☆thicsucttv|My guy your kyogre was done
|c|☆thicsucttv|Calculate it
|c|☆Neutralist|Hmm
|c|☆thicsucttv|And this Arceus should be oneshoted
|inactive|Neutralist has 120 seconds left.
|
|t:|1662801079
|move|p2a: Ditto|Will-O-Wisp|p1a: Law
|-status|p1a: Law|brn
|move|p1a: Law|Judgment|p2a: Ditto
|-damage|p2a: Ditto|32/100
|
|-damage|p1a: Law|63/100 brn|[from] brn
|upkeep
|turn|18
|c|☆thicsucttv|Also you won 2 speed ties on yveltal
|c|☆Neutralist|Were you adamant
|c|☆thicsucttv|Bad game
|inactive|thicsucttv has 90 seconds left.
|c|☆Neutralist|Speed ties are speed ties
|c|☆thicsucttv|I was playing speed Lucario
|c|☆Neutralist|honestly if you won the last one I would have lost
|c|☆Neutralist|Oh
|c|☆Neutralist|Fair enough
|
|t:|1662801123
|move|p2a: Ditto|Will-O-Wisp|p1a: Law|[miss]
|-miss|p2a: Ditto|p1a: Law
|move|p1a: Law|Judgment|p2a: Ditto
|-damage|p2a: Ditto|0 fnt
|faint|p2a: Ditto
|
|win|Neutralist
|raw|Neutralist's rating: 1596 &rarr; <strong>1622</strong><br />(+26 for winning)
|raw|thicsucttv's rating: 1699 &rarr; <strong>1673</strong><br />(-26 for losing)
|c|☆thicsucttv|Just sad game for me
||Ladder isn't responding, score probably updated but might not have (Request timeout).
|l|☆thicsucttv
|c|☆Neutralist|It was still a roll
|c|☆Neutralist|max defense
|c|☆Neutralist|You would have barely one shot the fish if you hit meteor mash
|c|☆Neutralist|the Yveltal one did suck tho
