|j|☆Snake of the Moon
|j|☆Glaliegoesboom ❤
|t:|1661772825
|gametype|singles
|player|p1|Snake of the Moon|lance-masters|
|player|p2|Glaliegoesboom ❤|cynthia-masters|
|teamsize|p1|6
|teamsize|p2|6
|gen|8
|tier|[Gen 8] National Dex AG
|rule|HP Percentage Mod: HP is shown in percentages
|rule|Endless Battle Clause: Forcing endless battles is banned
|clearpoke
|poke|p1|Dialga|
|poke|p1|Giratina|
|poke|p1|Dragonite, F|
|poke|p1|Ferrothorn, F|
|poke|p1|Rotom-Wash|
|poke|p1|Lucario, M|
|poke|p2|Masquerain, F|
|poke|p2|Dialga|
|poke|p2|Gyarados, M|
|poke|p2|Kommo-o, M|
|poke|p2|Hoopa-Unbound|
|poke|p2|Steelix, F|
|teampreview
|inactive|Battle timer is ON: inactive players will automatically lose when time's up. (requested by Snake of the Moon)
|inactive|Glaliegoesboom ❤ also wants the timer to be on.
|
|t:|1661772841
|start
|switch|p1a: Ferrothorn|Ferrothorn, F|100/100
|switch|p2a: Gyarados|Gyarados, M|100/100
|-ability|p2a: Gyarados|Intimidate|boost
|-unboost|p1a: Ferrothorn|atk|1
|turn|1
|
|t:|1661772846
|move|p2a: Gyarados|Taunt|p1a: Ferrothorn
|-start|p1a: Ferrothorn|move: Taunt
|cant|p1a: Ferrothorn|move: Taunt|Stealth Rock
|
|upkeep
|turn|2
|
|t:|1661772851
|switch|p2a: Masquerain|Masquerain, F|100/100
|-ability|p2a: Masquerain|Intimidate|boost
|-unboost|p1a: Ferrothorn|atk|1
|switch|p1a: Rotom|Rotom-Wash|100/100
|
|upkeep
|turn|3
|
|t:|1661772856
|move|p1a: Rotom|Volt Switch|p2a: Masquerain
|-supereffective|p2a: Masquerain
|-damage|p2a: Masquerain|39/100
|
|t:|1661772859
|switch|p1a: Ferrothorn|Ferrothorn, F|100/100|[from]move: Volt Switch
|move|p2a: Masquerain|Sticky Web|p1a: Ferrothorn
|-sidestart|p1: Snake of the Moon|move: Sticky Web
|
|upkeep
|turn|4
|
|t:|1661772863
|move|p2a: Masquerain|Quiver Dance|p2a: Masquerain
|-boost|p2a: Masquerain|spa|1
|-boost|p2a: Masquerain|spd|1
|-boost|p2a: Masquerain|spe|1
|move|p1a: Ferrothorn|Stealth Rock|p2a: Masquerain
|-sidestart|p2: Glaliegoesboom ❤|move: Stealth Rock
|
|upkeep
|turn|5
|
|t:|1661772865
|move|p2a: Masquerain|Baton Pass|p2a: Masquerain
|
|t:|1661772868
|switch|p2a: Dialga|Dialga|100/100|[from]move: Baton Pass
|-damage|p2a: Dialga|94/100|[from] Stealth Rock
|-ability|p2a: Dialga|Pressure
|move|p1a: Ferrothorn|Gyro Ball|p2a: Dialga
|-resisted|p2a: Dialga
|-damage|p2a: Dialga|74/100
|
|upkeep
|turn|6
|
|t:|1661772872
|move|p1a: Ferrothorn|Endure|p1a: Ferrothorn
|-singleturn|p1a: Ferrothorn|move: Endure
|move|p2a: Dialga|Substitute|p2a: Dialga
|-start|p2a: Dialga|Substitute
|-damage|p2a: Dialga|49/100
|
|upkeep
|turn|7
|c|☆Glaliegoesboom ❤|Well that was fast
|
|t:|1661772885
|move|p2a: Dialga|Flamethrower|p1a: Ferrothorn
|-supereffective|p1a: Ferrothorn
|-damage|p1a: Ferrothorn|0 fnt
|faint|p1a: Ferrothorn
|
|upkeep
|
|t:|1661772889
|switch|p1a: Dialga|Dialga|100/100
|-activate|p1a: Dialga|move: Sticky Web
|-unboost|p1a: Dialga|spe|1
|-ability|p1a: Dialga|Pressure
|turn|8
|
|t:|1661772894
|-start|p1a: Dialga|Dynamax|
|-heal|p1a: Dialga|100/100|[silent]
|move|p2a: Dialga|Earth Power|p1a: Dialga
|-supereffective|p1a: Dialga
|-enditem|p1a: Dialga|Shuca Berry|[eat]
|-enditem|p1a: Dialga|Shuca Berry|[weaken]
|-damage|p1a: Dialga|78/100
|move|p1a: Dialga|Max Quake|p2a: Dialga
|-supereffective|p2a: Dialga
|-end|p2a: Dialga|Substitute
|-boost|p1a: Dialga|spd|1
|
|upkeep
|turn|9
|
|t:|1661772898
|move|p2a: Dialga|Substitute|p2a: Dialga
|-start|p2a: Dialga|Substitute
|-damage|p2a: Dialga|24/100
|move|p1a: Dialga|Max Quake|p2a: Dialga
|-supereffective|p2a: Dialga
|-end|p2a: Dialga|Substitute
|-boost|p1a: Dialga|spd|1
|
|upkeep
|turn|10
|
|t:|1661772903
|move|p2a: Dialga|Earth Power|p1a: Dialga
|-supereffective|p1a: Dialga
|-damage|p1a: Dialga|55/100
|-unboost|p1a: Dialga|spd|1
|move|p1a: Dialga|Max Quake|p2a: Dialga
|-supereffective|p2a: Dialga
|-damage|p2a: Dialga|0 fnt
|-boost|p1a: Dialga|spd|1
|faint|p2a: Dialga
|
|upkeep
|
|t:|1661772912
|switch|p2a: Steelix|Steelix, F|100/100
|-damage|p2a: Steelix|97/100|[from] Stealth Rock
|-end|p1a: Dialga|Dynamax
|-heal|p1a: Dialga|55/100|[silent]
|turn|11
|
|t:|1661772914
|move|p1a: Dialga|Earth Power|p2a: Steelix
|-supereffective|p2a: Steelix
|-damage|p2a: Steelix|0 fnt
|faint|p2a: Steelix
|
|upkeep
|
|t:|1661772920
|switch|p2a: Gyarados|Gyarados, M|100/100
|-damage|p2a: Gyarados|76/100|[from] Stealth Rock
|-ability|p2a: Gyarados|Intimidate|boost
|-unboost|p1a: Dialga|atk|1
|turn|12
|
|t:|1661772927
|detailschange|p2a: Gyarados|Gyarados-Mega, M
|-mega|p2a: Gyarados|Gyarados|Gyaradosite
|-ability|p2a: Gyarados|Mold Breaker
|move|p2a: Gyarados|Earthquake|p1a: Dialga
|-supereffective|p1a: Dialga
|-damage|p1a: Dialga|0 fnt
|faint|p1a: Dialga
|
|upkeep
|
|t:|1661772937
|switch|p1a: Dragonite|Dragonite, F|100/100
|turn|13
|
|t:|1661772939
|move|p2a: Gyarados|Taunt|p1a: Dragonite
|-start|p1a: Dragonite|move: Taunt
|cant|p1a: Dragonite|move: Taunt|Dragon Dance
|
|upkeep
|turn|14
|
|t:|1661772942
|move|p2a: Gyarados|Dragon Dance|p2a: Gyarados
|-boost|p2a: Gyarados|atk|1
|-boost|p2a: Gyarados|spe|1
|move|p1a: Dragonite|Thunder Punch|p2a: Gyarados
|-supereffective|p2a: Gyarados
|-damage|p2a: Gyarados|13/100
|
|upkeep
|turn|15
|
|t:|1661772949
|move|p2a: Gyarados|Waterfall|p1a: Dragonite
|-resisted|p1a: Dragonite
|-damage|p1a: Dragonite|56/100
|move|p1a: Dragonite|Thunder Punch|p2a: Gyarados
|-supereffective|p2a: Gyarados
|-damage|p2a: Gyarados|0 fnt
|faint|p2a: Gyarados
|
|-end|p1a: Dragonite|move: Taunt
|upkeep
|
|t:|1661772961
|switch|p2a: Masquerain|Masquerain, F|39/100
|-damage|p2a: Masquerain|0 fnt|[from] Stealth Rock
|faint|p2a: Masquerain
|
|t:|1661772966
|switch|p2a: Hoopa|Hoopa-Unbound|100/100
|-damage|p2a: Hoopa|88/100|[from] Stealth Rock
|turn|16
|
|t:|1661772975
|move|p2a: Hoopa|Dark Pulse|p1a: Dragonite
|-damage|p1a: Dragonite|6/100
|move|p1a: Dragonite|Dual Wingbeat|p2a: Hoopa
|-damage|p2a: Hoopa|48/100
|-damage|p2a: Hoopa|11/100
|-hitcount|p2a: Hoopa|2
|
|upkeep
|turn|17
|
|t:|1661772991
|move|p2a: Hoopa|Dark Pulse|p1a: Dragonite
|-damage|p1a: Dragonite|0 fnt
|faint|p1a: Dragonite
|
|upkeep
|
|t:|1661772992
|switch|p1a: Rotom|Rotom-Wash|100/100
|turn|18
|
|t:|1661772996
|move|p1a: Rotom|Trick|p2a: Hoopa
|-activate|p1a: Rotom|move: Trick|[of] p2a: Hoopa
|-item|p2a: Hoopa|Choice Scarf|[from] move: Trick
|-item|p1a: Rotom|Weakness Policy|[from] move: Trick
|move|p2a: Hoopa|Dark Pulse|p1a: Rotom
|-damage|p1a: Rotom|64/100
|
|upkeep
|turn|19
|
|t:|1661773001
|move|p2a: Hoopa|Dark Pulse|p1a: Rotom
|-damage|p1a: Rotom|27/100
|move|p1a: Rotom|Defog|p2a: Hoopa
|-unboost|p2a: Hoopa|evasion|1
|-sideend|p2: Glaliegoesboom ❤|Stealth Rock|[from] move: Defog|[of] p1a: Rotom
|-sideend|p1: Snake of the Moon|Sticky Web|[from] move: Defog|[of] p1a: Rotom
|
|upkeep
|turn|20
|
|t:|1661773008
|move|p2a: Hoopa|Dark Pulse|p1a: Rotom
|-damage|p1a: Rotom|0 fnt
|faint|p1a: Rotom
|
|upkeep
|
|t:|1661773011
|switch|p1a: Lucario|Lucario, M|100/100
|turn|21
|
|t:|1661773015
|detailschange|p1a: Lucario|Lucario-Mega, M
|-mega|p1a: Lucario|Lucario|Lucarionite
|move|p2a: Hoopa|Dark Pulse|p1a: Lucario
|-resisted|p1a: Lucario
|-damage|p1a: Lucario|56/100
|move|p1a: Lucario|Swords Dance|p1a: Lucario
|-boost|p1a: Lucario|atk|2
|
|upkeep
|turn|22
|c|☆Snake of the Moon|I shouldn’t have mega actually
|
|t:|1661773034
|move|p1a: Lucario|Bullet Punch|p2a: Hoopa
|-damage|p2a: Hoopa|0 fnt
|faint|p2a: Hoopa
|
|upkeep
|
|t:|1661773037
|switch|p2a: Kommo-o|Kommo-o, M|100/100
|turn|23
|c|☆Snake of the Moon|Btw hoopa’s def is shit
|
|t:|1661773047
|-start|p2a: Kommo-o|Dynamax|
|-heal|p2a: Kommo-o|100/100|[silent]
|move|p1a: Lucario|Close Combat|p2a: Kommo-o
|-damage|p2a: Kommo-o|19/100
|-unboost|p1a: Lucario|def|1
|-unboost|p1a: Lucario|spd|1
|-enditem|p2a: Kommo-o|Salac Berry|[eat]
|-boost|p2a: Kommo-o|spe|1|[from] item: Salac Berry
|move|p2a: Kommo-o|Max Knuckle|p1a: Lucario
|-supereffective|p1a: Lucario
|-damage|p1a: Lucario|0 fnt
|-boost|p2a: Kommo-o|atk|1
|faint|p1a: Lucario
|
|upkeep
|
|t:|1661773050
|switch|p1a: Giratina|Giratina|100/100
|-ability|p1a: Giratina|Pressure
|turn|24
|
|t:|1661773055
|move|p2a: Kommo-o|Max Wyrmwind|p1a: Giratina
|-supereffective|p1a: Giratina
|-damage|p1a: Giratina|0 fnt
|faint|p1a: Giratina
|
|win|Glaliegoesboom ❤
|c|☆Snake of the Moon|Ggwp
|c|☆Glaliegoesboom ❤|Gg
|c|☆Snake of the Moon|but i don’t think that’s consistent tbh
|c|☆Glaliegoesboom ❤|It doesnt need to be
|c|☆Glaliegoesboom ❤|if he can cheese one win off rup ill be happy
|c|☆Snake of the Moon|Alr let’s try it
