|j|☆WoShiAChen
|j|☆DarkboiJ
|t:|1668147628
|gametype|singles
|player|p1|WoShiAChen|ghetsis-gen5bw|1672
|player|p2|DarkboiJ|blue-gen3two|2021
|teamsize|p1|6
|teamsize|p2|6
|gen|8
|tier|[Gen 8] National Dex AG
|rated|
|rule|HP Percentage Mod: HP is shown in percentages
|rule|Endless Battle Clause: Forcing endless battles is banned
|clearpoke
|poke|p1|Necrozma-Dusk-Mane|
|poke|p1|Lugia|
|poke|p1|Rayquaza|
|poke|p1|Ditto|
|poke|p1|Groudon|
|poke|p1|Kyogre|
|poke|p2|Darkrai|
|poke|p2|Arceus-*|
|poke|p2|Kyogre|
|poke|p2|Ditto|
|poke|p2|Zapdos|
|poke|p2|Arceus-*|
|teampreview
|inactive|Battle timer is ON: inactive players will automatically lose when time's up. (requested by DarkboiJ)
|inactive|WoShiAChen has 120 seconds left.
|
|t:|1668147663
|start
|switch|p1a: Groudon|Groudon, shiny|100/100
|switch|p2a: Arceus|Arceus-Fairy|100/100
|detailschange|p1a: Groudon|Groudon-Primal, shiny
|-primal|p1a: Groudon
|-weather|DesolateLand|[from] ability: Desolate Land|[of] p1a: Groudon
|turn|1
|
|t:|1668147668
|move|p2a: Arceus|Stealth Rock|p1a: Groudon
|-sidestart|p1: WoShiAChen|move: Stealth Rock
|move|p1a: Groudon|Toxic|p2a: Arceus
|-status|p2a: Arceus|tox
|
|-weather|DesolateLand|[upkeep]
|-damage|p2a: Arceus|94/100 tox|[from] psn
|upkeep
|turn|2
|
|t:|1668147670
|move|p2a: Arceus|Toxic|p1a: Groudon
|-status|p1a: Groudon|tox
|move|p1a: Groudon|Stealth Rock|p2a: Arceus
|-sidestart|p2: DarkboiJ|move: Stealth Rock
|
|-weather|DesolateLand|[upkeep]
|-damage|p2a: Arceus|82/100 tox|[from] psn
|-damage|p1a: Groudon|94/100 tox|[from] psn
|upkeep
|turn|3
|
|t:|1668147677
|move|p2a: Arceus|Judgment|p1a: Groudon
|-resisted|p1a: Groudon
|-damage|p1a: Groudon|71/100 tox
|move|p1a: Groudon|Earthquake|p2a: Arceus
|-crit|p2a: Arceus
|-damage|p2a: Arceus|30/100 tox
|
|-weather|DesolateLand|[upkeep]
|-damage|p2a: Arceus|12/100 tox|[from] psn
|-damage|p1a: Groudon|58/100 tox|[from] psn
|upkeep
|turn|4
|
|t:|1668147688
|move|p2a: Arceus|Recover|p2a: Arceus
|-heal|p2a: Arceus|62/100 tox
|move|p1a: Groudon|Earthquake|p2a: Arceus
|-damage|p2a: Arceus|30/100 tox
|
|-weather|DesolateLand|[upkeep]
|-damage|p2a: Arceus|6/100 tox|[from] psn
|-damage|p1a: Groudon|40/100 tox|[from] psn
|upkeep
|turn|5
|
|t:|1668147694
|move|p2a: Arceus|Recover|p2a: Arceus
|-heal|p2a: Arceus|56/100 tox
|move|p1a: Groudon|Earthquake|p2a: Arceus
|-damage|p2a: Arceus|21/100 tox
|
|-weather|DesolateLand|[upkeep]
|-damage|p2a: Arceus|0 fnt|[from] psn
|faint|p2a: Arceus
|-damage|p1a: Groudon|15/100 tox|[from] psn
|upkeep
|
|t:|1668147709
|switch|p2a: Kyogre|Kyogre|100/100
|-damage|p2a: Kyogre|88/100|[from] Stealth Rock
|detailschange|p2a: Kyogre|Kyogre-Primal
|-primal|p2a: Kyogre
|-weather|PrimordialSea|[from] ability: Primordial Sea|[of] p2a: Kyogre
|turn|6
|
|t:|1668147720
|move|p2a: Kyogre|Ice Beam|p1a: Groudon
|-damage|p1a: Groudon|0 fnt
|faint|p1a: Groudon
|
|-weather|PrimordialSea|[upkeep]
|upkeep
|
|t:|1668147725
|switch|p1a: Rayquaza|Rayquaza, shiny|100/100
|-damage|p1a: Rayquaza|76/100|[from] Stealth Rock
|-ability|p1a: Rayquaza|Air Lock
|turn|7
|
|t:|1668147728
|-weather|none
|switch|p2a: Zapdos|Zapdos|100/100
|detailschange|p1a: Rayquaza|Rayquaza-Mega, shiny
|-mega|p1a: Rayquaza|Rayquaza|
|-weather|DeltaStream|[from] ability: Delta Stream|[of] p1a: Rayquaza
|move|p1a: Rayquaza|Dragon Ascent|p2a: Zapdos
|-resisted|p2a: Zapdos
|-damage|p2a: Zapdos|64/100
|-unboost|p1a: Rayquaza|def|1
|-unboost|p1a: Rayquaza|spd|1
|-damage|p1a: Rayquaza|66/100|[from] item: Life Orb
|
|-weather|DeltaStream|[upkeep]
|upkeep
|turn|8
|
|t:|1668147738
|-weather|none
|switch|p1a: Necrozma|Necrozma-Dusk-Mane, shiny|100/100
|-damage|p1a: Necrozma|94/100|[from] Stealth Rock
|move|p2a: Zapdos|Roost|p2a: Zapdos
|-heal|p2a: Zapdos|100/100
|-singleturn|p2a: Zapdos|move: Roost
|
|upkeep
|turn|9
|
|t:|1668147753
|move|p2a: Zapdos|Heat Wave|p1a: Necrozma
|-supereffective|p1a: Necrozma
|-damage|p1a: Necrozma|65/100
|move|p1a: Necrozma|Sunsteel Strike|p2a: Zapdos
|-resisted|p2a: Zapdos
|-damage|p2a: Zapdos|82/100
|
|upkeep
|turn|10
|
|t:|1668147763
|switch|p1a: Kyogre|Kyogre, shiny|100/100
|-damage|p1a: Kyogre|88/100|[from] Stealth Rock
|detailschange|p1a: Kyogre|Kyogre-Primal, shiny
|-primal|p1a: Kyogre
|-weather|PrimordialSea|[from] ability: Primordial Sea|[of] p1a: Kyogre
|move|p2a: Zapdos|Volt Switch|p1a: Kyogre
|-supereffective|p1a: Kyogre
|-damage|p1a: Kyogre|52/100
|
|t:|1668147771
|switch|p2a: Kyogre|Kyogre-Primal|88/100|[from]move: Volt Switch
|-damage|p2a: Kyogre|76/100|[from] Stealth Rock
|
|-weather|PrimordialSea|[upkeep]
|upkeep
|turn|11
|
|t:|1668147787
|move|p2a: Kyogre|Thunder|p1a: Kyogre
|-supereffective|p1a: Kyogre
|-damage|p1a: Kyogre|0 fnt
|faint|p1a: Kyogre
|
|-weather|PrimordialSea|[upkeep]
|upkeep
|
|t:|1668147793
|switch|p1a: Lugia|Lugia, shiny|100/100
|turn|12
|
|t:|1668147797
|-weather|none
|switch|p2a: Zapdos|Zapdos|82/100
|move|p1a: Lugia|Thunder Wave|p2a: Zapdos
|-immune|p2a: Zapdos
|
|upkeep
|turn|13
|
|t:|1668147800
|move|p1a: Lugia|Calm Mind|p1a: Lugia
|-boost|p1a: Lugia|spa|1
|-boost|p1a: Lugia|spd|1
|move|p2a: Zapdos|Toxic|p1a: Lugia
|-status|p1a: Lugia|tox
|
|-damage|p1a: Lugia|94/100 tox|[from] psn
|upkeep
|turn|14
|
|t:|1668147804
|move|p1a: Lugia|Calm Mind|p1a: Lugia
|-boost|p1a: Lugia|spa|1
|-boost|p1a: Lugia|spd|1
|move|p2a: Zapdos|Volt Switch|p1a: Lugia
|-supereffective|p1a: Lugia
|-damage|p1a: Lugia|78/100 tox
|
|t:|1668147806
|switch|p2a: Darkrai|Darkrai|100/100|[from]move: Volt Switch
|-damage|p2a: Darkrai|88/100|[from] Stealth Rock
|
|-heal|p2a: Darkrai|94/100|[from] item: Leftovers
|-damage|p1a: Lugia|66/100 tox|[from] psn
|upkeep
|turn|15
|
|t:|1668147809
|move|p2a: Darkrai|Substitute|p2a: Darkrai
|-start|p2a: Darkrai|Substitute
|-damage|p2a: Darkrai|69/100
|move|p1a: Lugia|Thunder Wave||[still]
|-fail|p1a: Lugia
|
|-heal|p2a: Darkrai|75/100|[from] item: Leftovers
|-damage|p1a: Lugia|48/100 tox|[from] psn
|upkeep
|turn|16
|
|t:|1668147814
|move|p2a: Darkrai|Dark Pulse|p1a: Lugia
|-supereffective|p1a: Lugia
|-damage|p1a: Lugia|26/100 tox
|move|p1a: Lugia|Air Slash|p2a: Darkrai
|-end|p2a: Darkrai|Substitute
|
|-heal|p2a: Darkrai|81/100|[from] item: Leftovers
|-damage|p1a: Lugia|2/100 tox|[from] psn
|upkeep
|turn|17
|
|t:|1668147818
|switch|p2a: Zapdos|Zapdos|82/100
|move|p1a: Lugia|Air Slash|p2a: Zapdos
|-resisted|p2a: Zapdos
|-damage|p2a: Zapdos|60/100
|
|-damage|p1a: Lugia|0 fnt|[from] psn
|faint|p1a: Lugia
|upkeep
|-message|WoShiAChen forfeited.
|
|win|DarkboiJ
|raw|WoShiAChen's rating: 1672 &rarr; <strong>1667</strong><br />(-5 for losing)
|raw|DarkboiJ's rating: 2021 &rarr; <strong>2026</strong><br />(+5 for winning)
|l|☆WoShiAChen
