|j|☆TheKingOfElevators
|j|☆Dominator296
|t:|1655218799
|gametype|singles
|player|p1|TheKingOfElevators|elesa-gen5bw2|1618
|player|p2|Dominator296|alder|1838
|teamsize|p1|6
|teamsize|p2|6
|gen|8
|tier|[Gen 8] National Dex AG
|rated|
|rule|HP Percentage Mod: HP is shown in percentages
|rule|Endless Battle Clause: Forcing endless battles is banned
|clearpoke
|poke|p1|Shuckle, F|
|poke|p1|Xerneas-*|
|poke|p1|Rayquaza|
|poke|p1|Yveltal|
|poke|p1|Calyrex-Shadow|
|poke|p1|Necrozma-Dusk-Mane|
|poke|p2|Kyogre|
|poke|p2|Groudon|
|poke|p2|Tyranitar, F|
|poke|p2|Necrozma-Dusk-Mane|
|poke|p2|Arceus-*|
|poke|p2|Arceus-*|
|teampreview
|inactive|Battle timer is ON: inactive players will automatically lose when time's up. (requested by TheKingOfElevators)
|
|t:|1655218810
|start
|switch|p1a: Shuckle|Shuckle, F|100/100
|switch|p2a: Necrozma|Necrozma-Dusk-Mane|100/100
|turn|1
|l|☆TheKingOfElevators
|inactive|TheKingOfElevators disconnected and has a minute to reconnect!
|player|p1|
|j|☆TheKingOfElevators
|inactive|TheKingOfElevators reconnected and has 130 seconds left.
|player|p1|TheKingOfElevators|elesa-gen5bw2
|l|☆TheKingOfElevators
|inactive|TheKingOfElevators disconnected and has a minute to reconnect!
|player|p1|
|j|☆TheKingOfElevators
|inactive|TheKingOfElevators reconnected and has 120 seconds left.
|player|p1|TheKingOfElevators|elesa-gen5bw2
|
|t:|1655218841
|move|p2a: Necrozma|Sunsteel Strike|p1a: Shuckle
|-supereffective|p1a: Shuckle
|-damage|p1a: Shuckle|26/100
|move|p1a: Shuckle|Sticky Web|p2a: Necrozma
|-sidestart|p2: Dominator296|move: Sticky Web
|
|upkeep
|turn|2
|
|t:|1655218851
|detailschange|p2a: Necrozma|Necrozma-Ultra
|-burst|p2a: Necrozma|Necrozma|Ultranecrozium Z
|move|p2a: Necrozma|Stealth Rock|p1a: Shuckle
|-sidestart|p1: TheKingOfElevators|move: Stealth Rock
|move|p1a: Shuckle|Stealth Rock|p2a: Necrozma
|-sidestart|p2: Dominator296|move: Stealth Rock
|
|upkeep
|turn|3
|inactive|TheKingOfElevators has 120 seconds left.
|
|t:|1655218872
|move|p2a: Necrozma|Sunsteel Strike|p1a: Shuckle
|-supereffective|p1a: Shuckle
|-damage|p1a: Shuckle|0 fnt
|faint|p1a: Shuckle
|
|upkeep
|inactive|TheKingOfElevators has 120 seconds left.
|
|t:|1655218894
|switch|p1a: Yveltal|Yveltal|100/100
|-damage|p1a: Yveltal|76/100|[from] Stealth Rock
|-ability|p1a: Yveltal|Dark Aura
|turn|4
|
|t:|1655218899
|move|p1a: Yveltal|Dark Pulse|p2a: Necrozma
|-supereffective|p2a: Necrozma
|-damage|p2a: Necrozma|0 fnt
|faint|p2a: Necrozma
|-damage|p1a: Yveltal|66/100|[from] item: Life Orb
|
|upkeep
|
|t:|1655218904
|switch|p2a: Tyranitar|Tyranitar, F|100/100
|-activate|p2a: Tyranitar|move: Sticky Web
|-unboost|p2a: Tyranitar|spe|1
|-damage|p2a: Tyranitar|88/100|[from] Stealth Rock
|-weather|Sandstorm|[from] ability: Sand Stream|[of] p2a: Tyranitar
|turn|5
|inactive|TheKingOfElevators has 120 seconds left.
|
|t:|1655218914
|detailschange|p2a: Tyranitar|Tyranitar-Mega, F
|-mega|p2a: Tyranitar|Tyranitar|Tyranitarite
|move|p1a: Yveltal|Dark Pulse|p2a: Tyranitar
|-resisted|p2a: Tyranitar
|-damage|p2a: Tyranitar|70/100
|-damage|p1a: Yveltal|56/100|[from] item: Life Orb
|move|p2a: Tyranitar|Rock Slide|p1a: Yveltal
|-supereffective|p1a: Yveltal
|-damage|p1a: Yveltal|0 fnt
|faint|p1a: Yveltal
|
|-weather|Sandstorm|[upkeep]
|upkeep
|inactive|TheKingOfElevators has 120 seconds left.
|
|t:|1655218924
|switch|p1a: Rayquaza|Rayquaza|100/100
|-damage|p1a: Rayquaza|75/100|[from] Stealth Rock
|-ability|p1a: Rayquaza|Air Lock
|turn|6
|
|t:|1655218931
|detailschange|p1a: Rayquaza|Rayquaza-Mega
|-mega|p1a: Rayquaza|Rayquaza|
|-weather|DeltaStream|[from] ability: Delta Stream|[of] p1a: Rayquaza
|move|p1a: Rayquaza|Earthquake|p2a: Tyranitar
|-supereffective|p2a: Tyranitar
|-damage|p2a: Tyranitar|0 fnt
|faint|p2a: Tyranitar
|-damage|p1a: Rayquaza|66/100|[from] item: Life Orb
|
|-weather|DeltaStream|[upkeep]
|upkeep
|
|t:|1655218946
|switch|p2a: Arceus|Arceus, shiny|100/100
|-activate|p2a: Arceus|move: Sticky Web
|-unboost|p2a: Arceus|spe|1
|-damage|p2a: Arceus|88/100|[from] Stealth Rock
|turn|7
|
|t:|1655218950
|move|p2a: Arceus|Extreme Speed|p1a: Rayquaza
|-damage|p1a: Rayquaza|16/100
|move|p1a: Rayquaza|Dragon Ascent|p2a: Arceus
|-damage|p2a: Arceus|14/100
|-unboost|p1a: Rayquaza|def|1
|-unboost|p1a: Rayquaza|spd|1
|-damage|p1a: Rayquaza|6/100|[from] item: Life Orb
|
|-weather|DeltaStream|[upkeep]
|upkeep
|turn|8
|
|t:|1655218957
|move|p1a: Rayquaza|Extreme Speed|p2a: Arceus
|-damage|p2a: Arceus|0 fnt
|faint|p2a: Arceus
|-damage|p1a: Rayquaza|0 fnt|[from] item: Life Orb
|faint|p1a: Rayquaza
|-weather|none
|
|upkeep
|
|t:|1655218975
|switch|p1a: Necrozma|Necrozma-Dusk-Mane|100/100
|switch|p2a: Groudon|Groudon|100/100
|-damage|p1a: Necrozma|94/100|[from] Stealth Rock
|-activate|p2a: Groudon|move: Sticky Web
|-unboost|p2a: Groudon|spe|1
|-damage|p2a: Groudon|94/100|[from] Stealth Rock
|detailschange|p2a: Groudon|Groudon-Primal
|-primal|p2a: Groudon
|-weather|DesolateLand|[from] ability: Desolate Land|[of] p2a: Groudon
|turn|9
|
|t:|1655218982
|detailschange|p1a: Necrozma|Necrozma-Ultra
|-burst|p1a: Necrozma|Necrozma|Ultranecrozium Z
|move|p1a: Necrozma|Dragon Dance|p1a: Necrozma
|-boost|p1a: Necrozma|atk|1
|-boost|p1a: Necrozma|spe|1
|move|p2a: Groudon|Precipice Blades|p1a: Necrozma|[miss]
|-miss|p2a: Groudon|p1a: Necrozma
|
|-weather|DesolateLand|[upkeep]
|upkeep
|turn|10
|
|t:|1655218992
|-zpower|p1a: Necrozma
|move|p1a: Necrozma|Light That Burns the Sky|p2a: Groudon|[zeffect]
|-damage|p2a: Groudon|0 fnt
|faint|p2a: Groudon
|-weather|none
|
|upkeep
|
|t:|1655219002
|switch|p2a: Arceus|Arceus-Flying|100/100
|-damage|p2a: Arceus|76/100|[from] Stealth Rock
|turn|11
|
|t:|1655219015
|-start|p2a: Arceus|Dynamax|
|-heal|p2a: Arceus|76/100|[silent]
|move|p1a: Necrozma|Photon Geyser|p2a: Arceus
|-damage|p2a: Arceus|50/100
|move|p2a: Arceus|Max Airstream|p1a: Necrozma
|-damage|p1a: Necrozma|28/100
|-boost|p2a: Arceus|spe|1
|
|upkeep
|turn|12
|
|t:|1655219023
|move|p1a: Necrozma|Stone Edge|p2a: Arceus
|-supereffective|p2a: Arceus
|-damage|p2a: Arceus|4/100
|move|p2a: Arceus|Max Airstream|p1a: Necrozma
|-damage|p1a: Necrozma|0 fnt
|-boost|p2a: Arceus|spe|1
|faint|p1a: Necrozma
|
|upkeep
|
|t:|1655219027
|switch|p1a: Xerneas|Xerneas|100/100
|-damage|p1a: Xerneas|88/100|[from] Stealth Rock
|-ability|p1a: Xerneas|Fairy Aura
|turn|13
|
|t:|1655219030
|-start|p1a: Xerneas|Dynamax|
|-heal|p1a: Xerneas|88/100|[silent]
|move|p1a: Xerneas|Max Guard|p1a: Xerneas
|-singleturn|p1a: Xerneas|Max Guard
|move|p2a: Arceus|Max Airstream|p1a: Xerneas
|-activate|p1a: Xerneas|move: Max Guard
|
|upkeep
|-end|p2a: Arceus|Dynamax
|-heal|p2a: Arceus|4/100|[silent]
|turn|14
|
|t:|1655219036
|move|p2a: Arceus|Recover|p2a: Arceus
|-heal|p2a: Arceus|54/100
|move|p1a: Xerneas|Max Lightning|p2a: Arceus
|-supereffective|p2a: Arceus
|-damage|p2a: Arceus|0 fnt
|-fieldstart|move: Electric Terrain
|faint|p2a: Arceus
|
|upkeep
|-message|Dominator296 forfeited.
|
|win|TheKingOfElevators
|raw|TheKingOfElevators's rating: 1618 &rarr; <strong>1649</strong><br />(+31 for winning)
|raw|Dominator296's rating: 1838 &rarr; <strong>1807</strong><br />(-31 for losing)
|l|☆Dominator296
|l|☆TheKingOfElevators
|j|☆TheKingOfElevators
|player|p1|TheKingOfElevators|elesa-gen5bw2
||Ladder isn't responding, score probably updated but might not have (Request timeout).
