|j|☆foggydaugie
|j|☆cllout
|t:|1668373044
|gametype|singles
|player|p1|foggydaugie|gladion|1654
|player|p2|cllout|misty-lgpe|1665
|teamsize|p1|6
|teamsize|p2|6
|gen|8
|tier|[Gen 8] National Dex AG
|rated|
|rule|HP Percentage Mod: HP is shown in percentages
|rule|Endless Battle Clause: Forcing endless battles is banned
|clearpoke
|poke|p1|Lugia|
|poke|p1|Zacian-*|
|poke|p1|Rayquaza|
|poke|p1|Calyrex-Shadow|
|poke|p1|Marshadow|
|poke|p1|Necrozma-Dusk-Mane|
|poke|p2|Rayquaza|
|poke|p2|Kyogre|
|poke|p2|Necrozma-Dusk-Mane|
|poke|p2|Arceus-*|
|poke|p2|Calyrex-Shadow|
|poke|p2|Marshadow|
|teampreview
|inactive|Battle timer is ON: inactive players will automatically lose when time's up. (requested by cllout)
|inactive|foggydaugie also wants the timer to be on.
|inactive|foggydaugie has 120 seconds left.
|
|t:|1668373086
|start
|switch|p1a: big brain|Calyrex-Shadow|100/100
|switch|p2a: K-Primal|Kyogre|100/100
|-ability|p1a: big brain|As One
|-ability|p1a: big brain|Unnerve
|detailschange|p2a: K-Primal|Kyogre-Primal
|-primal|p2a: K-Primal
|-weather|PrimordialSea|[from] ability: Primordial Sea|[of] p2a: K-Primal
|turn|1
|
|t:|1668373099
|move|p1a: big brain|Astral Barrage|p2a: K-Primal
|-damage|p2a: K-Primal|51/100
|move|p2a: K-Primal|Origin Pulse|p1a: big brain
|-crit|p1a: big brain
|-damage|p1a: big brain|0 fnt
|faint|p1a: big brain
|
|-weather|PrimordialSea|[upkeep]
|upkeep
|
|t:|1668373108
|switch|p1a: only child|Rayquaza|100/100
|-ability|p1a: only child|Air Lock
|turn|2
|
|t:|1668373116
|-weather|none
|switch|p2a: Arce|Arceus-Fairy|100/100
|detailschange|p1a: only child|Rayquaza-Mega
|-mega|p1a: only child|Rayquaza|
|-weather|DeltaStream|[from] ability: Delta Stream|[of] p1a: only child
|move|p1a: only child|Dragon Ascent|p2a: Arce
|-damage|p2a: Arce|46/100
|-unboost|p1a: only child|def|1
|-unboost|p1a: only child|spd|1
|
|-weather|DeltaStream|[upkeep]
|upkeep
|turn|3
|
|t:|1668373120
|move|p1a: only child|Dragon Ascent|p2a: Arce
|-damage|p2a: Arce|0 fnt
|-unboost|p1a: only child|def|1
|-unboost|p1a: only child|spd|1
|faint|p2a: Arce
|
|-weather|DeltaStream|[upkeep]
|upkeep
|
|t:|1668373135
|switch|p2a: Ray|Rayquaza|100/100
|-ability|p2a: Ray|Air Lock
|turn|4
|
|t:|1668373146
|-weather|none
|switch|p1a: un!1!1111!!!|Necrozma-Dusk-Mane|100/100
|detailschange|p2a: Ray|Rayquaza-Mega
|-mega|p2a: Ray|Rayquaza|
|-weather|DeltaStream|[from] ability: Delta Stream|[of] p2a: Ray
|move|p2a: Ray|Dragon Dance|p2a: Ray
|-boost|p2a: Ray|atk|1
|-boost|p2a: Ray|spe|1
|
|-weather|DeltaStream|[upkeep]
|upkeep
|turn|5
|
|t:|1668373155
|move|p2a: Ray|Earthquake|p1a: un!1!1111!!!
|-supereffective|p1a: un!1!1111!!!
|-damage|p1a: un!1!1111!!!|0 fnt
|faint|p1a: un!1!1111!!!
|-damage|p2a: Ray|91/100|[from] item: Life Orb
|
|-weather|DeltaStream|[upkeep]
|upkeep
|
|t:|1668373164
|switch|p1a: me after|Marshadow|100/100
|turn|6
|
|t:|1668373174
|move|p2a: Ray|Earthquake|p1a: me after
|-enditem|p1a: me after|Focus Sash
|-damage|p1a: me after|1/100
|-damage|p2a: Ray|81/100|[from] item: Life Orb
|move|p1a: me after|Pursuit|p2a: Ray
|-damage|p2a: Ray|61/100
|
|-weather|DeltaStream|[upkeep]
|upkeep
|turn|7
|
|t:|1668373182
|move|p1a: me after|Shadow Sneak|p2a: Ray
|-damage|p2a: Ray|30/100
|move|p2a: Ray|Earthquake|p1a: me after
|-damage|p1a: me after|0 fnt
|faint|p1a: me after
|-damage|p2a: Ray|20/100|[from] item: Life Orb
|
|-weather|DeltaStream|[upkeep]
|upkeep
|
|t:|1668373187
|switch|p1a: only child|Rayquaza-Mega|100/100
|turn|8
|
|t:|1668373193
|move|p2a: Ray|Extreme Speed|p1a: only child
|-damage|p1a: only child|24/100
|-damage|p2a: Ray|10/100|[from] item: Life Orb
|move|p1a: only child|Extreme Speed|p2a: Ray
|-crit|p2a: Ray
|-damage|p2a: Ray|0 fnt
|faint|p2a: Ray
|
|-weather|DeltaStream|[upkeep]
|upkeep
|
|t:|1668373204
|switch|p2a: Caly|Calyrex-Shadow|100/100
|-ability|p2a: Caly|As One
|-ability|p2a: Caly|Unnerve
|turn|9
|
|t:|1668373220
|-weather|none
|switch|p1a: stop|Zacian-Crowned|100/100
|-ability|p1a: stop|Intrepid Sword|boost
|-boost|p1a: stop|atk|1
|move|p2a: Caly|Nasty Plot|p2a: Caly
|-boost|p2a: Caly|spa|2
|
|upkeep
|turn|10
|
|t:|1668373229
|move|p2a: Caly|Astral Barrage|p1a: stop
|-damage|p1a: stop|0 fnt
|faint|p1a: stop
|-ability|p2a: Caly|Grim Neigh|boost
|-boost|p2a: Caly|spa|1
|
|upkeep
|
|t:|1668373233
|switch|p1a: levi|Lugia|100/100
|turn|11
|
|t:|1668373240
|-start|p2a: Caly|Dynamax|
|-heal|p2a: Caly|100/100|[silent]
|-start|p1a: levi|Dynamax|
|-heal|p1a: levi|100/100|[silent]
|move|p2a: Caly|Max Phantasm|p1a: levi
|-supereffective|p1a: levi
|-damage|p1a: levi|42/100
|-unboost|p1a: levi|def|1
|move|p1a: levi|Max Airstream|p2a: Caly
|-damage|p2a: Caly|79/100
|-boost|p1a: levi|spe|1
|
|-heal|p1a: levi|46/100|[from] item: Leftovers
|upkeep
|turn|12
|
|t:|1668373252
|move|p1a: levi|Max Guard|p1a: levi
|-singleturn|p1a: levi|Max Guard
|move|p2a: Caly|Max Phantasm|p1a: levi
|-activate|p1a: levi|move: Max Guard
|
|-heal|p1a: levi|49/100|[from] item: Leftovers
|upkeep
|turn|13
|
|t:|1668373255
|move|p1a: levi|Max Guard||[still]
|-fail|p1a: levi
|move|p2a: Caly|Max Phantasm|p1a: levi
|-supereffective|p1a: levi
|-damage|p1a: levi|0 fnt
|faint|p1a: levi
|-ability|p2a: Caly|Grim Neigh|boost
|-boost|p2a: Caly|spa|1
|
|upkeep
|
|t:|1668373257
|switch|p1a: only child|Rayquaza-Mega|24/100
|-weather|DeltaStream|[from] ability: Delta Stream|[of] p1a: only child
|-end|p2a: Caly|Dynamax
|-heal|p2a: Caly|79/100|[silent]
|turn|14
|
|t:|1668373267
|move|p1a: only child|Dragon Ascent|p2a: Caly
|-crit|p2a: Caly
|-damage|p2a: Caly|0 fnt
|-unboost|p1a: only child|def|1
|-unboost|p1a: only child|spd|1
|faint|p2a: Caly
|
|-weather|DeltaStream|[upkeep]
|upkeep
|
|t:|1668373283
|switch|p2a: Marsh|Marshadow|100/100
|turn|15
|c|☆foggydaugie|gg
|c|☆foggydaugie|marsh wins
|
|t:|1668373289
|move|p2a: Marsh|Shadow Sneak|p1a: only child
|-damage|p1a: only child|0 fnt
|faint|p1a: only child
|-weather|none
|
|win|cllout
|raw|foggydaugie's rating: 1654 &rarr; <strong>1635</strong><br />(-19 for losing)
|raw|cllout's rating: 1665 &rarr; <strong>1684</strong><br />(+19 for winning)
|l|☆foggydaugie
