|j|☆Hogwashimperial
|j|☆Amnesia Forever
|player|p1|Hogwashimperial|swimmer-gen4dp|1427
|player|p2|Amnesia Forever|unknown|1576
|teamsize|p1|6
|teamsize|p2|6
|gametype|singles
|gen|8
|tier|[Gen 8] National Dex AG
|rated|
|clearpoke
|poke|p1|Rayquaza|
|poke|p1|Zacian-Crowned|
|poke|p1|Groudon|
|poke|p1|Smeargle, F|
|poke|p1|Necrozma-Dusk-Mane|
|poke|p1|Marshadow|
|poke|p2|Rayquaza|
|poke|p2|Marshadow|
|poke|p2|Arceus-*|
|poke|p2|Yveltal|
|poke|p2|Zacian-Crowned|
|poke|p2|Groudon|
|rule|HP Percentage Mod: HP is shown in percentages
|rule|Endless Battle Clause: Forcing endless battles is banned
|teampreview
|
|start
|switch|p1a: Smeargle|Smeargle, F|100/100
|switch|p2a: Yveltal|Yveltal|100/100
|-ability|p2a: Yveltal|Dark Aura
|turn|1
|
|move|p1a: Smeargle|Magic Coat|p1a: Smeargle
|-singleturn|p1a: Smeargle|move: Magic Coat
|move|p2a: Yveltal|Dark Pulse|p1a: Smeargle
|-enditem|p1a: Smeargle|Focus Sash
|-damage|p1a: Smeargle|1/100
|-damage|p2a: Yveltal|91/100|[from] item: Life Orb
|
|-ability|p1a: Smeargle|Moody|boost
|-boost|p1a: Smeargle|def|2
|-unboost|p1a: Smeargle|spd|1
|upkeep
|turn|2
|inactive|Battle timer is ON: inactive players will automatically lose when time's up. (requested by Amnesia Forever)
|
|move|p2a: Yveltal|Oblivion Wing|p1a: Smeargle
|-damage|p1a: Smeargle|0 fnt
|-heal|p2a: Yveltal|91/100|[from] drain|[of] p1a: Smeargle
|-damage|p2a: Yveltal|81/100|[from] item: Life Orb
|faint|p1a: Smeargle
|
|upkeep
|
|switch|p1a: Zacian|Zacian-Crowned|100/100
|-ability|p1a: Zacian|Intrepid Sword|boost
|-boost|p1a: Zacian|atk|1
|turn|3
|
|switch|p2a: Groudon|Groudon|100/100
|detailschange|p2a: Groudon|Groudon-Primal
|-primal|p2a: Groudon
|-weather|DesolateLand|[from] ability: Desolate Land|[of] p2a: Groudon
|move|p1a: Zacian|Play Rough|p2a: Groudon
|-resisted|p2a: Groudon
|-damage|p2a: Groudon|81/100
|
|-weather|DesolateLand|[upkeep]
|upkeep
|turn|4
|
|switch|p1a: Rayquaza|Rayquaza|100/100
|-ability|p1a: Rayquaza|Air Lock
|move|p2a: Groudon|Stealth Rock|p1a: Rayquaza
|-sidestart|p1: Hogwashimperial|move: Stealth Rock
|
|-weather|DesolateLand|[upkeep]
|upkeep
|turn|5
|
|detailschange|p1a: Rayquaza|Rayquaza-Mega
|-mega|p1a: Rayquaza|Rayquaza|
|-weather|DeltaStream|[from] ability: Delta Stream|[of] p1a: Rayquaza
|move|p1a: Rayquaza|Dragon Ascent|p2a: Groudon
|-damage|p2a: Groudon|34/100
|-unboost|p1a: Rayquaza|def|1
|-unboost|p1a: Rayquaza|spd|1
|-damage|p1a: Rayquaza|91/100|[from] item: Life Orb
|move|p2a: Groudon|Rock Tomb|p1a: Rayquaza
|-activate||deltastream
|-crit|p1a: Rayquaza
|-damage|p1a: Rayquaza|42/100
|-unboost|p1a: Rayquaza|spe|1
|
|-weather|DeltaStream|[upkeep]
|upkeep
|turn|6
|
|switch|p2a: Zacian|Zacian-Crowned|100/100
|-ability|p2a: Zacian|Intrepid Sword|boost
|-boost|p2a: Zacian|atk|1
|move|p1a: Rayquaza|Dragon Ascent|p2a: Zacian
|-resisted|p2a: Zacian
|-damage|p2a: Zacian|50/100
|-unboost|p1a: Rayquaza|def|1
|-unboost|p1a: Rayquaza|spd|1
|-damage|p1a: Rayquaza|32/100|[from] item: Life Orb
|
|-weather|DeltaStream|[upkeep]
|upkeep
|turn|7
|
|move|p2a: Zacian|Close Combat|p1a: Rayquaza
|-resisted|p1a: Rayquaza
|-damage|p1a: Rayquaza|0 fnt
|-unboost|p2a: Zacian|def|1
|-unboost|p2a: Zacian|spd|1
|faint|p1a: Rayquaza
|-weather|none
|
|upkeep
|inactive|Hogwashimperial has 120 seconds left.
|
|switch|p1a: Marshadow|Marshadow|100/100
|-damage|p1a: Marshadow|94/100|[from] Stealth Rock
|turn|8
|
|move|p2a: Zacian|Play Rough|p1a: Marshadow
|-supereffective|p1a: Marshadow
|-damage|p1a: Marshadow|0 fnt
|faint|p1a: Marshadow
|
|upkeep
|
|switch|p1a: Groudon|Groudon|100/100
|-damage|p1a: Groudon|94/100|[from] Stealth Rock
|detailschange|p1a: Groudon|Groudon-Primal
|-primal|p1a: Groudon
|-weather|DesolateLand|[from] ability: Desolate Land|[of] p1a: Groudon
|turn|9
|
|move|p2a: Zacian|Close Combat|p1a: Groudon
|-damage|p1a: Groudon|54/100
|-unboost|p2a: Zacian|def|1
|-unboost|p2a: Zacian|spd|1
|move|p1a: Groudon|Eruption|p2a: Zacian
|-supereffective|p2a: Zacian
|-damage|p2a: Zacian|0 fnt
|faint|p2a: Zacian
|
|-weather|DesolateLand|[upkeep]
|upkeep
|
|switch|p2a: Yveltal|Yveltal|81/100
|-ability|p2a: Yveltal|Dark Aura
|turn|10
|
|-start|p2a: Yveltal|Dynamax
|-heal|p2a: Yveltal|81/100|[silent]
|move|p2a: Yveltal|Max Airstream|p1a: Groudon
|-damage|p1a: Groudon|0 fnt
|-boost|p2a: Yveltal|spe|1
|-damage|p2a: Yveltal|76/100|[from] item: Life Orb
|faint|p1a: Groudon
|-weather|none
|
|upkeep
|inactive|Hogwashimperial has 120 seconds left.
|-message|Hogwashimperial forfeited.
|
|win|Amnesia Forever
|l|☆Hogwashimperial
|raw|Hogwashimperial's rating: 1427 &rarr; <strong>1415</strong><br />(-12 for losing)
|raw|Amnesia Forever's rating: 1576 &rarr; <strong>1588</strong><br />(+12 for winning)
|l|☆Amnesia Forever
