|j|☆TTeTyLLloK
|j|☆xLeonisx
|t:|1665086831
|gametype|singles
|player|p1|TTeTyLLloK|cilan|1570
|player|p2|xLeonisx|102|1674
|teamsize|p1|6
|teamsize|p2|6
|gen|8
|tier|[Gen 8] National Dex AG
|rated|
|rule|HP Percentage Mod: HP is shown in percentages
|rule|Endless Battle Clause: Forcing endless battles is banned
|clearpoke
|poke|p1|Pelipper, M|
|poke|p1|Barraskewda, M|
|poke|p1|Swampert, M|
|poke|p1|Ferrothorn, M|
|poke|p1|Tapu Koko|
|poke|p1|Marshadow|
|poke|p2|Deoxys-Speed|
|poke|p2|Ditto|
|poke|p2|Kyogre|
|poke|p2|Calyrex-Shadow|
|poke|p2|Lugia|
|poke|p2|Zacian-*|
|teampreview
|inactive|Battle timer is ON: inactive players will automatically lose when time's up. (requested by TTeTyLLloK)
|
|t:|1665086844
|start
|switch|p1a: Pelipper|Pelipper, M|100/100
|switch|p2a: Kyogre|Kyogre|100/100
|-weather|RainDance|[from] ability: Drizzle|[of] p1a: Pelipper
|detailschange|p2a: Kyogre|Kyogre-Primal
|-primal|p2a: Kyogre
|-weather|PrimordialSea|[from] ability: Primordial Sea|[of] p2a: Kyogre
|turn|1
|
|t:|1665086850
|switch|p1a: Swampert|Swampert, M|100/100
|move|p2a: Kyogre|Thunder|p1a: Swampert
|-immune|p1a: Swampert
|
|-weather|PrimordialSea|[upkeep]
|upkeep
|turn|2
|
|t:|1665086854
|detailschange|p1a: Swampert|Swampert-Mega, M
|-mega|p1a: Swampert|Swampert|Swampertite
|move|p1a: Swampert|Flip Turn|p2a: Kyogre
|-resisted|p2a: Kyogre
|-damage|p2a: Kyogre|70/100
|
|t:|1665086858
|switch|p1a: Ferrothorn|Ferrothorn, M|100/100|[from]move: Flip Turn
|move|p2a: Kyogre|Ice Beam|p1a: Ferrothorn
|-damage|p1a: Ferrothorn|76/100
|
|-weather|PrimordialSea|[upkeep]
|-heal|p1a: Ferrothorn|83/100|[from] item: Leftovers
|upkeep
|turn|3
|
|t:|1665086863
|-weather|none
|switch|p2a: Zacian|Zacian-Crowned|100/100
|-ability|p2a: Zacian|Intrepid Sword|boost
|-boost|p2a: Zacian|atk|1
|move|p1a: Ferrothorn|Stealth Rock|p2a: Zacian
|-sidestart|p2: xLeonisx|move: Stealth Rock
|
|-heal|p1a: Ferrothorn|89/100|[from] item: Leftovers
|upkeep
|turn|4
|
|t:|1665086873
|move|p2a: Zacian|Close Combat|p1a: Ferrothorn
|-supereffective|p1a: Ferrothorn
|-damage|p1a: Ferrothorn|0 fnt
|-unboost|p2a: Zacian|def|1
|-unboost|p2a: Zacian|spd|1
|-damage|p2a: Zacian|88/100|[from] ability: Iron Barbs|[of] p1a: Ferrothorn
|faint|p1a: Ferrothorn
|
|upkeep
|
|t:|1665086887
|switch|p1a: Pelipper|Pelipper, M|100/100
|-weather|RainDance|[from] ability: Drizzle|[of] p1a: Pelipper
|turn|5
|
|t:|1665086890
|switch|p2a: Kyogre|Kyogre-Primal|70/100
|-damage|p2a: Kyogre|58/100|[from] Stealth Rock
|-weather|PrimordialSea|[from] ability: Primordial Sea|[of] p2a: Kyogre
|switch|p1a: Swampert|Swampert-Mega, M|100/100
|
|-weather|PrimordialSea|[upkeep]
|upkeep
|turn|6
|
|t:|1665086906
|move|p1a: Swampert|Earthquake|p2a: Kyogre
|-damage|p2a: Kyogre|0 fnt
|faint|p2a: Kyogre
|-weather|none
|
|upkeep
|
|t:|1665086910
|switch|p2a: Lugia|Lugia|100/100
|turn|7
|
|t:|1665086913
|move|p2a: Lugia|Defog|p1a: Swampert
|-unboost|p1a: Swampert|evasion|1
|-sideend|p2: xLeonisx|Stealth Rock|[from] move: Defog|[of] p2a: Lugia
|move|p1a: Swampert|Flip Turn|p2a: Lugia
|-damage|p2a: Lugia|88/100
|
|t:|1665086917
|switch|p1a: Pelipper|Pelipper, M|100/100|[from]move: Flip Turn
|-weather|RainDance|[from] ability: Drizzle|[of] p1a: Pelipper
|
|-weather|RainDance|[upkeep]
|upkeep
|turn|8
|
|t:|1665086920
|move|p2a: Lugia|Toxic|p1a: Pelipper
|-status|p1a: Pelipper|tox
|move|p1a: Pelipper|U-turn|p2a: Lugia
|-damage|p2a: Lugia|82/100
|
|t:|1665086925
|switch|p1a: Tapu Koko|Tapu Koko|100/100|[from]move: U-turn
|-fieldstart|move: Electric Terrain|[from] ability: Electric Surge|[of] p1a: Tapu Koko
|
|-weather|RainDance|[upkeep]
|upkeep
|turn|9
|
|t:|1665086928
|move|p1a: Tapu Koko|Thunder|p2a: Lugia
|-supereffective|p2a: Lugia
|-damage|p2a: Lugia|0 fnt
|faint|p2a: Lugia
|
|-weather|RainDance|[upkeep]
|upkeep
|
|t:|1665086935
|switch|p2a: Calyrex|Calyrex-Shadow|100/100
|-ability|p2a: Calyrex|As One
|-ability|p2a: Calyrex|Unnerve
|turn|10
|
|t:|1665086949
|switch|p1a: Swampert|Swampert-Mega, M|100/100
|move|p2a: Calyrex|Astral Barrage|p1a: Swampert
|-damage|p1a: Swampert|37/100
|
|-weather|RainDance|[upkeep]
|upkeep
|turn|11
|
|t:|1665086956
|move|p2a: Calyrex|Astral Barrage|p1a: Swampert
|-damage|p1a: Swampert|0 fnt
|faint|p1a: Swampert
|-ability|p2a: Calyrex|Grim Neigh|boost
|-boost|p2a: Calyrex|spa|1
|
|-weather|RainDance|[upkeep]
|upkeep
|
|t:|1665086968
|switch|p1a: Barraskewda|Barraskewda, M|100/100
|turn|12
|
|t:|1665086974
|switch|p2a: Zacian|Zacian-Crowned|88/100
|-ability|p2a: Zacian|Intrepid Sword|boost
|-boost|p2a: Zacian|atk|1
|move|p1a: Barraskewda|Crunch|p2a: Zacian
|-resisted|p2a: Zacian
|-damage|p2a: Zacian|68/100
|
|-weather|RainDance|[upkeep]
|-fieldend|move: Electric Terrain
|upkeep
|turn|13
|
|t:|1665086990
|switch|p1a: Marshadow|Marshadow|100/100
|move|p2a: Zacian|Behemoth Blade|p1a: Marshadow
|-enditem|p1a: Marshadow|Focus Sash
|-damage|p1a: Marshadow|1/100
|
|-weather|RainDance|[upkeep]
|upkeep
|turn|14
|
|t:|1665086994
|move|p1a: Marshadow|Shadow Sneak|p2a: Zacian
|-damage|p2a: Zacian|38/100
|move|p2a: Zacian|Behemoth Blade|p1a: Marshadow
|-damage|p1a: Marshadow|0 fnt
|faint|p1a: Marshadow
|
|-weather|none
|upkeep
|
|t:|1665086999
|switch|p1a: Pelipper|Pelipper, M|100/100 tox
|-weather|RainDance|[from] ability: Drizzle|[of] p1a: Pelipper
|turn|15
|
|t:|1665087012
|move|p2a: Zacian|Play Rough|p1a: Pelipper
|-damage|p1a: Pelipper|37/100 tox
|move|p1a: Pelipper|U-turn|p2a: Zacian
|-resisted|p2a: Zacian
|-damage|p2a: Zacian|36/100
|
|t:|1665087015
|switch|p1a: Barraskewda|Barraskewda, M|100/100|[from]move: U-turn
|
|-weather|RainDance|[upkeep]
|upkeep
|turn|16
|
|t:|1665087019
|move|p1a: Barraskewda|Liquidation|p2a: Zacian
|-damage|p2a: Zacian|0 fnt
|faint|p2a: Zacian
|
|-weather|RainDance|[upkeep]
|upkeep
|
|t:|1665087020
|switch|p2a: Deoxys|Deoxys-Speed|100/100
|-ability|p2a: Deoxys|Pressure
|turn|17
|
|t:|1665087025
|switch|p1a: Tapu Koko|Tapu Koko|100/100
|-fieldstart|move: Electric Terrain|[from] ability: Electric Surge|[of] p1a: Tapu Koko
|move|p2a: Deoxys|Thunder Wave|p1a: Tapu Koko
|-immune|p1a: Tapu Koko
|
|-weather|RainDance|[upkeep]
|upkeep
|turn|18
|
|t:|1665087028
|switch|p2a: Ditto|Ditto|100/100
|-transform|p2a: Ditto|p1a: Tapu Koko|[from] ability: Imposter
|move|p1a: Tapu Koko|Volt Switch|p2a: Ditto
|-resisted|p2a: Ditto
|-crit|p2a: Ditto
|-damage|p2a: Ditto|44/100
|
|t:|1665087031
|switch|p1a: Barraskewda|Barraskewda, M|100/100|[from]move: Volt Switch
|
|-weather|RainDance|[upkeep]
|upkeep
|turn|19
|
|t:|1665087035
|move|p1a: Barraskewda|Liquidation|p2a: Ditto
|-damage|p2a: Ditto|0 fnt
|faint|p2a: Ditto
|
|-weather|RainDance|[upkeep]
|upkeep
|
|t:|1665087040
|switch|p2a: Deoxys|Deoxys-Speed|100/100
|-ability|p2a: Deoxys|Pressure
|turn|20
|
|t:|1665087046
|switch|p1a: Tapu Koko|Tapu Koko|100/100
|move|p2a: Deoxys|Knock Off|p1a: Tapu Koko
|-resisted|p1a: Tapu Koko
|-damage|p1a: Tapu Koko|82/100
|-enditem|p1a: Tapu Koko|Choice Specs|[from] move: Knock Off|[of] p2a: Deoxys
|
|-weather|RainDance|[upkeep]
|upkeep
|turn|21
|
|t:|1665087055
|move|p2a: Deoxys|Stealth Rock|p1a: Tapu Koko
|-sidestart|p1: TTeTyLLloK|move: Stealth Rock
|move|p1a: Tapu Koko|Volt Switch|p2a: Deoxys
|-damage|p2a: Deoxys|36/100
|
|t:|1665087060
|switch|p1a: Barraskewda|Barraskewda, M|100/100|[from]move: Volt Switch
|-damage|p1a: Barraskewda|88/100|[from] Stealth Rock
|
|-weather|RainDance|[upkeep]
|-fieldend|move: Electric Terrain
|upkeep
|turn|22
|
|t:|1665087065
|move|p1a: Barraskewda|Flip Turn|p2a: Deoxys
|-damage|p2a: Deoxys|0 fnt
|faint|p2a: Deoxys
|
|t:|1665087067
|switch|p1a: Tapu Koko|Tapu Koko|82/100|[from]move: Flip Turn
|-damage|p1a: Tapu Koko|70/100|[from] Stealth Rock
|-fieldstart|move: Electric Terrain|[from] ability: Electric Surge|[of] p1a: Tapu Koko
|
|-weather|none
|upkeep
|
|t:|1665087068
|switch|p2a: Calyrex|Calyrex-Shadow|100/100
|-ability|p2a: Calyrex|As One
|-ability|p2a: Calyrex|Unnerve
|turn|23
|
|t:|1665087077
|move|p2a: Calyrex|Astral Barrage|p1a: Tapu Koko
|-damage|p1a: Tapu Koko|0 fnt
|faint|p1a: Tapu Koko
|-ability|p2a: Calyrex|Grim Neigh|boost
|-boost|p2a: Calyrex|spa|1
|
|upkeep
|
|t:|1665087080
|switch|p1a: Pelipper|Pelipper, M|37/100 tox
|-damage|p1a: Pelipper|12/100 tox|[from] Stealth Rock
|-weather|RainDance|[from] ability: Drizzle|[of] p1a: Pelipper
|turn|24
|
|t:|1665087088
|move|p2a: Calyrex|Astral Barrage|p1a: Pelipper
|-damage|p1a: Pelipper|0 fnt
|faint|p1a: Pelipper
|-ability|p2a: Calyrex|Grim Neigh|boost
|-boost|p2a: Calyrex|spa|1
|
|-weather|RainDance|[upkeep]
|upkeep
|
|t:|1665087091
|switch|p1a: Barraskewda|Barraskewda, M|88/100
|-damage|p1a: Barraskewda|76/100|[from] Stealth Rock
|turn|25
|
|t:|1665087105
|-start|p1a: Barraskewda|Dynamax|
|-heal|p1a: Barraskewda|76/100|[silent]
|move|p1a: Barraskewda|Max Darkness|p2a: Calyrex
|-supereffective|p2a: Calyrex
|-damage|p2a: Calyrex|0 fnt
|faint|p2a: Calyrex
|
|win|TTeTyLLloK
|raw|TTeTyLLloK's rating: 1570 &rarr; <strong>1596</strong><br />(+26 for winning)
|raw|xLeonisx's rating: 1674 &rarr; <strong>1648</strong><br />(-26 for losing)
|c|☆xLeonisx|gg
|l|☆xLeonisx
|l|☆TTeTyLLloK
|j|☆TTeTyLLloK
|player|p1|TTeTyLLloK|cilan
||Ladder isn't responding, score probably updated but might not have (Request timeout).
