|j|☆roarofgoomy
|j|☆arhamaaa
|t:|1665782159
|gametype|singles
|player|p1|roarofgoomy|lillie-masters|
|player|p2|arhamaaa|169|
|teamsize|p1|6
|teamsize|p2|6
|gen|8
|tier|[Gen 8] National Dex AG
|rule|HP Percentage Mod: HP is shown in percentages
|rule|Endless Battle Clause: Forcing endless battles is banned
|clearpoke
|poke|p1|Ampharos, M|
|poke|p1|Porygon2|
|poke|p1|Breloom, F|
|poke|p1|Empoleon, M|
|poke|p1|Talonflame, F|
|poke|p1|Sandslash, M|
|poke|p2|Hatterene, F|
|poke|p2|Marowak-Alola, M|
|poke|p2|Slowking, F|
|poke|p2|Camerupt, F|
|poke|p2|Vikavolt, F|
|poke|p2|Lanturn, M|
|teampreview
|c|☆arhamaaa|glhf
|c|☆roarofgoomy|glhf
|
|t:|1665782180
|start
|switch|p1a: Sandslash|Sandslash, M|100/100
|switch|p2a: Hatterene|Hatterene, F|100/100
|turn|1
|
|t:|1665782190
|move|p1a: Sandslash|Swords Dance|p1a: Sandslash
|-boost|p1a: Sandslash|atk|2
|move|p2a: Hatterene|Trick Room|p2a: Hatterene
|-fieldstart|move: Trick Room|[of] p2a: Hatterene
|
|upkeep
|turn|2
|
|t:|1665782195
|move|p2a: Hatterene|Misty Explosion|p1a: Sandslash
|-damage|p1a: Sandslash|30/100
|faint|p2a: Hatterene
|move|p1a: Sandslash|Earthquake|p2: Hatterene|[notarget]
|-fail|p1a: Sandslash
|
|upkeep
|
|t:|1665782227
|switch|p2a: Marowak|Marowak-Alola, M|100/100
|turn|3
|
|t:|1665782231
|move|p1a: Sandslash|Earthquake|p2a: Marowak
|-supereffective|p2a: Marowak
|-damage|p2a: Marowak|0 fnt
|faint|p2a: Marowak
|
|upkeep
|c|☆arhamaaa|oh
|c|☆arhamaaa|wtf
|c|☆roarofgoomy|iron ball
|c|☆arhamaaa|Bro
|c|☆arhamaaa|thats so gay
|c|☆arhamaaa|ong
|c|☆arhamaaa|lmfao
|c|☆roarofgoomy|skull
|
|t:|1665782255
|switch|p2a: Vikavolt|Vikavolt, F|100/100
|turn|4
|
|t:|1665782261
|move|p1a: Sandslash|Earthquake|p2a: Vikavolt
|-immune|p2a: Vikavolt|[from] ability: Levitate
|move|p2a: Vikavolt|Bug Buzz|p1a: Sandslash
|-damage|p1a: Sandslash|0 fnt
|faint|p1a: Sandslash
|-damage|p2a: Vikavolt|91/100|[from] item: Life Orb
|
|upkeep
|c|☆roarofgoomy|im ass
|c|☆arhamaaa|lmfao
|c|☆roarofgoomy|!showset 6
|c| roarofgoomy|/raw <div class="infobox">Sandslash @ Iron Ball  <br />Ability: Sand Veil  <br />EVs: 252 HP &#x2f; 252 Atk &#x2f; 4 SpD  <br />Brave Nature  <br />IVs: 0 Spe  <br />- Stealth Rock  <br />- Swords Dance  <br />- Earthquake  <br />- Double-Edge  <br /><br /></div>
|c|☆roarofgoomy|i put double edge instead of stone edge LMAOO
|c|☆arhamaaa|certified moment
|
|t:|1665782303
|switch|p1a: Porygon2|Porygon2|100/100
|-ability|p1a: Porygon2|Download|boost
|-boost|p1a: Porygon2|spa|1
|turn|5
|
|t:|1665782315
|move|p2a: Vikavolt|Volt Switch|p1a: Porygon2
|-damage|p1a: Porygon2|75/100
|-damage|p2a: Vikavolt|81/100|[from] item: Life Orb
|
|t:|1665782319
|switch|p2a: Slowking|Slowking, F|100/100|[from]move: Volt Switch
|move|p1a: Porygon2|Tri Attack|p2a: Slowking
|-damage|p2a: Slowking|67/100
|
|-heal|p2a: Slowking|73/100|[from] item: Leftovers
|-fieldend|move: Trick Room
|upkeep
|turn|6
|
|t:|1665782324
|move|p1a: Porygon2|Shadow Ball|p2a: Slowking
|-supereffective|p2a: Slowking
|-damage|p2a: Slowking|30/100
|move|p2a: Slowking|Trick Room|p2a: Slowking
|-fieldstart|move: Trick Room|[of] p2a: Slowking
|
|-heal|p2a: Slowking|37/100|[from] item: Leftovers
|upkeep
|turn|7
|
|t:|1665782333
|move|p1a: Porygon2|Shadow Ball|p2a: Slowking
|-supereffective|p2a: Slowking
|-damage|p2a: Slowking|0 fnt
|faint|p2a: Slowking
|
|upkeep
|
|t:|1665782335
|switch|p2a: Camerupt|Camerupt, F|100/100
|turn|8
|
|t:|1665782342
|switch|p1a: Talonflame|Talonflame, F|100/100
|detailschange|p2a: Camerupt|Camerupt-Mega, F
|-mega|p2a: Camerupt|Camerupt|Cameruptite
|move|p2a: Camerupt|Eruption|p1a: Talonflame
|-resisted|p1a: Talonflame
|-damage|p1a: Talonflame|42/100
|
|upkeep
|turn|9
|c|☆roarofgoomy|LMAOOO
|
|t:|1665782354
|move|p2a: Camerupt|Ancient Power|p1a: Talonflame
|-supereffective|p1a: Talonflame
|-enditem|p1a: Talonflame|Charti Berry|[eat]
|-enditem|p1a: Talonflame|Charti Berry|[weaken]
|-damage|p1a: Talonflame|0 fnt
|faint|p1a: Talonflame
|
|upkeep
|
|t:|1665782362
|switch|p1a: Empoleon|Empoleon, M|100/100
|turn|10
|
|t:|1665782370
|move|p2a: Camerupt|Earth Power|p1a: Empoleon
|-supereffective|p1a: Empoleon
|-enditem|p1a: Empoleon|Shuca Berry|[eat]
|-enditem|p1a: Empoleon|Shuca Berry|[weaken]
|-damage|p1a: Empoleon|51/100
|move|p1a: Empoleon|Scald|p2a: Camerupt
|-supereffective|p2a: Camerupt
|-damage|p2a: Camerupt|0 fnt
|faint|p2a: Camerupt
|
|-fieldend|move: Trick Room
|upkeep
|c|☆arhamaaa|bro fr built this
|c|☆arhamaaa|ong
|c|☆arhamaaa|thats crazy
|c|☆roarofgoomy|skull emoticon
|
|t:|1665782386
|switch|p2a: Vikavolt|Vikavolt, F|81/100
|turn|11
|
|t:|1665782393
|switch|p1a: Ampharos|Ampharos, M|100/100
|move|p2a: Vikavolt|Volt Switch|p1a: Ampharos
|-resisted|p1a: Ampharos
|-damage|p1a: Ampharos|75/100
|-damage|p2a: Vikavolt|71/100|[from] item: Life Orb
|
|t:|1665782397
|switch|p2a: Lanturn|Lanturn, M|100/100|[from]move: Volt Switch
|
|upkeep
|turn|12
|
|t:|1665782404
|detailschange|p1a: Ampharos|Ampharos-Mega, M
|-mega|p1a: Ampharos|Ampharos|Ampharosite
|-ability|p1a: Ampharos|Mold Breaker
|move|p2a: Lanturn|Ice Beam|p1a: Ampharos
|-supereffective|p1a: Ampharos
|-damage|p1a: Ampharos|49/100
|move|p1a: Ampharos|Thunderbolt|p2a: Lanturn
|-damage|p2a: Lanturn|52/100
|
|-heal|p2a: Lanturn|58/100|[from] item: Leftovers
|upkeep
|turn|13
|c|☆arhamaaa|baby lover
|
|t:|1665782416
|switch|p1a: Empoleon|Empoleon, M|51/100
|move|p2a: Lanturn|Ice Beam|p1a: Empoleon
|-resisted|p1a: Empoleon
|-damage|p1a: Empoleon|49/100
|
|-heal|p2a: Lanturn|64/100|[from] item: Leftovers
|upkeep
|turn|14
|
|t:|1665782426
|switch|p1a: Breloom|Breloom, F|100/100
|move|p2a: Lanturn|Volt Switch|p1a: Breloom
|-resisted|p1a: Breloom
|-damage|p1a: Breloom|86/100
|
|t:|1665782430
|switch|p2a: Vikavolt|Vikavolt, F|71/100|[from]move: Volt Switch
|
|upkeep
|turn|15
|
|t:|1665782443
|move|p2a: Vikavolt|Bug Buzz|p1a: Breloom
|-damage|p1a: Breloom|0 fnt
|faint|p1a: Breloom
|-damage|p2a: Vikavolt|61/100|[from] item: Life Orb
|
|upkeep
|
|t:|1665782447
|switch|p1a: Porygon2|Porygon2|75/100
|-ability|p1a: Porygon2|Download|boost
|-boost|p1a: Porygon2|spa|1
|turn|16
|
|t:|1665782461
|move|p1a: Porygon2|Tri Attack|p2a: Vikavolt
|-damage|p2a: Vikavolt|0 fnt
|faint|p2a: Vikavolt
|
|upkeep
|
|t:|1665782464
|switch|p2a: Lanturn|Lanturn, M|64/100
|turn|17
|c|☆arhamaaa|grrr
|c|☆arhamaaa|hehe haw
|c|☆arhamaaa|thats it
|c|☆arhamaaa|i need to use
|c|☆arhamaaa|my ultimate move
|
|t:|1665782491
|-start|p2a: Lanturn|Dynamax|
|-heal|p2a: Lanturn|64/100|[silent]
|move|p2a: Lanturn|Max Geyser|p1a: Porygon2
|-damage|p1a: Porygon2|59/100
|-weather|RainDance
|move|p1a: Porygon2|Tri Attack|p2a: Lanturn
|-damage|p2a: Lanturn|46/100
|
|-weather|RainDance|[upkeep]
|-heal|p2a: Lanturn|49/100|[from] item: Leftovers
|upkeep
|turn|18
|c|☆roarofgoomy|BRUHHH
|c|☆arhamaaa|DEATH
|c|☆arhamaaa|WTf
|c|☆roarofgoomy|skull
|c|☆arhamaaa|THAT DID NOTHIn/g
|c|☆arhamaaa|LOL
|c|☆roarofgoomy|im max spdef :KEKW:
|c|☆arhamaaa|:SKULL:
|c|☆roarofgoomy|oh wait this isnt sports lol
|
|t:|1665782515
|move|p2a: Lanturn|Max Geyser|p1a: Porygon2
|-damage|p1a: Porygon2|34/100
|move|p1a: Porygon2|Recover|p1a: Porygon2
|-heal|p1a: Porygon2|84/100
|
|-weather|RainDance|[upkeep]
|-heal|p2a: Lanturn|52/100|[from] item: Leftovers
|upkeep
|turn|19
|
|t:|1665782524
|move|p2a: Lanturn|Max Lightning|p1a: Porygon2
|-damage|p1a: Porygon2|69/100
|-fieldstart|move: Electric Terrain
|move|p1a: Porygon2|Tri Attack|p2a: Lanturn
|-damage|p2a: Lanturn|34/100
|
|-weather|RainDance|[upkeep]
|-heal|p2a: Lanturn|37/100|[from] item: Leftovers
|upkeep
|-end|p2a: Lanturn|Dynamax
|-heal|p2a: Lanturn|37/100|[silent]
|turn|20
|
|t:|1665782537
|move|p2a: Lanturn|Volt Switch|p1a: Porygon2
|-damage|p1a: Porygon2|57/100
|move|p1a: Porygon2|Tri Attack|p2a: Lanturn
|-damage|p2a: Lanturn|0 fnt
|faint|p2a: Lanturn
|
|win|roarofgoomy
|c|☆roarofgoomy|gg
