|j|☆ImAbroom
|j|☆C0ld as Ic3
|inactive|Battle timer is ON: inactive players will automatically lose when time's up.
|t:|1653617435
|gametype|singles
|player|p1|ImAbroom|red|
|player|p2|C0ld as Ic3|schoolkid-gen4dp|
|teamsize|p1|6
|teamsize|p2|6
|gen|8
|tier|[Gen 8] National Dex AG
|rated|Tournament battle
|rule|HP Percentage Mod: HP is shown in percentages
|rule|Endless Battle Clause: Forcing endless battles is banned
|clearpoke
|poke|p1|Rayquaza|
|poke|p1|Xerneas-*|
|poke|p1|Zacian-*|
|poke|p1|Zygarde|
|poke|p1|Groudon|
|poke|p1|Ho-Oh|
|poke|p2|Aerodactyl, M|
|poke|p2|Rayquaza|
|poke|p2|Groudon|
|poke|p2|Smeargle, F|
|poke|p2|Yveltal|
|poke|p2|Arceus-*|
|teampreview
|inactive|C0ld as Ic3 also wants the timer to be on.
|j| PlayRisky4NoReason
|
|t:|1653617440
|start
|switch|p1a: Upper Moon 3|Zacian-Crowned|100/100
|switch|p2a: Aerodactyl|Aerodactyl, M|100/100
|-ability|p1a: Upper Moon 3|Intrepid Sword|boost
|-boost|p1a: Upper Moon 3|atk|1
|-ability|p2a: Aerodactyl|Pressure
|turn|1
|
|t:|1653617451
|move|p1a: Upper Moon 3|Substitute|p1a: Upper Moon 3
|-start|p1a: Upper Moon 3|Substitute
|-damage|p1a: Upper Moon 3|76/100
|move|p2a: Aerodactyl|Rock Tomb|p1a: Upper Moon 3
|-resisted|p1a: Upper Moon 3
|-activate|p1a: Upper Moon 3|move: Substitute|[damage]
|
|upkeep
|turn|2
|
|t:|1653617470
|switch|p2a: Groudon|Groudon|100/100
|detailschange|p2a: Groudon|Groudon-Primal
|-primal|p2a: Groudon
|-weather|DesolateLand|[from] ability: Desolate Land|[of] p2a: Groudon
|move|p1a: Upper Moon 3|Behemoth Blade|p2a: Groudon
|-resisted|p2a: Groudon
|-damage|p2a: Groudon|64/100
|
|-weather|DesolateLand|[upkeep]
|upkeep
|turn|3
|
|t:|1653617476
|move|p1a: Upper Moon 3|Crunch|p2a: Groudon
|-damage|p2a: Groudon|26/100
|move|p2a: Groudon|Precipice Blades|p1a: Upper Moon 3
|-supereffective|p1a: Upper Moon 3
|-end|p1a: Upper Moon 3|Substitute
|
|-weather|DesolateLand|[upkeep]
|upkeep
|turn|4
|j| Unite player XY
|
|t:|1653617479
|move|p1a: Upper Moon 3|Crunch|p2a: Groudon
|-damage|p2a: Groudon|0 fnt
|faint|p2a: Groudon
|-weather|none
|
|upkeep
|
|t:|1653617489
|switch|p2a: Rayquaza|Rayquaza|100/100
|-ability|p2a: Rayquaza|Air Lock
|turn|5
|
|t:|1653617496
|switch|p1a: Upper Moon 4|Zygarde|100/100
|detailschange|p2a: Rayquaza|Rayquaza-Mega
|-mega|p2a: Rayquaza|Rayquaza|
|-weather|DeltaStream|[from] ability: Delta Stream|[of] p2a: Rayquaza
|move|p2a: Rayquaza|V-create|p1a: Upper Moon 4
|-resisted|p1a: Upper Moon 4
|-damage|p1a: Upper Moon 4|79/100
|-unboost|p2a: Rayquaza|spe|1
|-unboost|p2a: Rayquaza|def|1
|-unboost|p2a: Rayquaza|spd|1
|
|-weather|DeltaStream|[upkeep]
|-heal|p1a: Upper Moon 4|86/100|[from] item: Leftovers
|upkeep
|turn|6
|c| Unite player XY|Yea look who is in this battle lobby
|c| Unite player XY|7 people in 1 acct
|
|t:|1653617526
|move|p1a: Upper Moon 4|Glare|p2a: Rayquaza
|-status|p2a: Rayquaza|par
|move|p2a: Rayquaza|Scale Shot|p1a: Upper Moon 4
|-supereffective|p1a: Upper Moon 4
|-damage|p1a: Upper Moon 4|66/100
|-supereffective|p1a: Upper Moon 4
|-damage|p1a: Upper Moon 4|45/100
|-hitcount|p1a: Upper Moon 4|2
|-unboost|p2a: Rayquaza|def|1
|-boost|p2a: Rayquaza|spe|1
|
|-weather|DeltaStream|[upkeep]
|-heal|p1a: Upper Moon 4|51/100|[from] item: Leftovers
|upkeep
|turn|7
|
|t:|1653617533
|move|p1a: Upper Moon 4|Thousand Arrows|p2a: Rayquaza
|-damage|p2a: Rayquaza|41/100 par
|-start|p2a: Rayquaza|Smack Down
|move|p2a: Rayquaza|Scale Shot|p1a: Upper Moon 4
|-supereffective|p1a: Upper Moon 4
|-damage|p1a: Upper Moon 4|30/100
|-supereffective|p1a: Upper Moon 4
|-damage|p1a: Upper Moon 4|11/100
|-supereffective|p1a: Upper Moon 4
|-damage|p1a: Upper Moon 4|0 fnt
|faint|p1a: Upper Moon 4
|-hitcount|p1: Upper Moon 4|3
|-unboost|p2a: Rayquaza|def|1
|-boost|p2a: Rayquaza|spe|1
|
|-weather|DeltaStream|[upkeep]
|upkeep
|
|t:|1653617539
|switch|p1a: Upper Moon 5|Groudon|100/100
|detailschange|p1a: Upper Moon 5|Groudon-Primal
|-primal|p1a: Upper Moon 5
|-weather|DesolateLand|[from] ability: Desolate Land|[of] p1a: Upper Moon 5
|turn|8
|
|t:|1653617543
|move|p1a: Upper Moon 5|Stealth Rock|p2a: Rayquaza
|-sidestart|p2: C0ld as Ic3|move: Stealth Rock
|cant|p2a: Rayquaza|par
|
|-weather|DesolateLand|[upkeep]
|upkeep
|turn|9
|
|t:|1653617547
|move|p1a: Upper Moon 5|Rock Tomb|p2a: Rayquaza
|-supereffective|p2a: Rayquaza
|-damage|p2a: Rayquaza|0 fnt
|faint|p2a: Rayquaza
|
|-weather|DesolateLand|[upkeep]
|upkeep
|inactive|C0ld as Ic3 has 120 seconds left.
|
|t:|1653617596
|switch|p2a: Aerodactyl|Aerodactyl, M|100/100
|-damage|p2a: Aerodactyl|75/100|[from] Stealth Rock
|-ability|p2a: Aerodactyl|Pressure
|turn|10
|
|t:|1653617600
|move|p2a: Aerodactyl|Stealth Rock|p1a: Upper Moon 5
|-sidestart|p1: ImAbroom|move: Stealth Rock
|move|p1a: Upper Moon 5|Rock Tomb|p2a: Aerodactyl
|-supereffective|p2a: Aerodactyl
|-damage|p2a: Aerodactyl|2/100
|-unboost|p2a: Aerodactyl|spe|1
|
|-weather|DesolateLand|[upkeep]
|upkeep
|turn|11
|inactive|C0ld as Ic3 has 120 seconds left.
|
|t:|1653617605
|move|p1a: Upper Moon 5|Fire Punch|p2a: Aerodactyl
|-resisted|p2a: Aerodactyl
|-damage|p2a: Aerodactyl|0 fnt
|faint|p2a: Aerodactyl
|
|-weather|DesolateLand|[upkeep]
|upkeep
|
|t:|1653617610
|switch|p2a: Smeargle|Smeargle, F|100/100
|-damage|p2a: Smeargle|88/100|[from] Stealth Rock
|turn|12
|
|t:|1653617612
|move|p1a: Upper Moon 5|Fire Punch|p2a: Smeargle
|-damage|p2a: Smeargle|0 fnt
|faint|p2a: Smeargle
|
|-weather|DesolateLand|[upkeep]
|upkeep
|
|t:|1653617615
|switch|p2a: Yveltal|Yveltal|100/100
|-damage|p2a: Yveltal|76/100|[from] Stealth Rock
|-ability|p2a: Yveltal|Dark Aura
|turn|13
|
|t:|1653617618
|-start|p2a: Yveltal|Dynamax|
|-heal|p2a: Yveltal|76/100|[silent]
|move|p2a: Yveltal|Max Airstream|p1a: Upper Moon 5
|-damage|p1a: Upper Moon 5|8/100
|-boost|p2a: Yveltal|spe|1
|-damage|p2a: Yveltal|71/100|[from] item: Life Orb
|move|p1a: Upper Moon 5|Rock Tomb|p2a: Yveltal
|-supereffective|p2a: Yveltal
|-damage|p2a: Yveltal|46/100
|-unboost|p2a: Yveltal|spe|1
|
|-weather|DesolateLand|[upkeep]
|upkeep
|turn|14
|
|t:|1653617640
|move|p2a: Yveltal|Max Airstream|p1a: Upper Moon 5
|-damage|p1a: Upper Moon 5|0 fnt
|-boost|p2a: Yveltal|spe|1
|faint|p1a: Upper Moon 5
|-weather|none
|-damage|p2a: Yveltal|41/100|[from] item: Life Orb
|
|upkeep
|
|t:|1653617655
|switch|p1a: Upper Moon 2|Xerneas|100/100
|-damage|p1a: Upper Moon 2|88/100|[from] Stealth Rock
|-ability|p1a: Upper Moon 2|Fairy Aura
|turn|15
|
|t:|1653617658
|-start|p1a: Upper Moon 2|Dynamax|
|-heal|p1a: Upper Moon 2|88/100|[silent]
|move|p2a: Yveltal|Max Airstream|p1a: Upper Moon 2
|-damage|p1a: Upper Moon 2|53/100
|-boost|p2a: Yveltal|spe|1
|-damage|p2a: Yveltal|36/100|[from] item: Life Orb
|move|p1a: Upper Moon 2|Max Starfall|p2a: Yveltal
|-supereffective|p2a: Yveltal
|-damage|p2a: Yveltal|0 fnt
|-fieldstart|move: Misty Terrain
|faint|p2a: Yveltal
|
|upkeep
|
|t:|1653617660
|switch|p2a: Arceus|Arceus|100/100
|-damage|p2a: Arceus|88/100|[from] Stealth Rock
|turn|16
|
|t:|1653617663
|move|p2a: Arceus|Swords Dance|p2a: Arceus
|-boost|p2a: Arceus|atk|2
|move|p1a: Upper Moon 2|Max Starfall|p2a: Arceus
|-damage|p2a: Arceus|11/100
|
|-heal|p2a: Arceus|17/100|[from] item: Leftovers
|upkeep
|turn|17
|
|t:|1653617665
|move|p2a: Arceus|Extreme Speed|p1a: Upper Moon 2
|-damage|p1a: Upper Moon 2|17/100
|move|p1a: Upper Moon 2|Max Starfall|p2a: Arceus
|-damage|p2a: Arceus|0 fnt
|faint|p2a: Arceus
|
|win|ImAbroom
|n|☆ImAbroom|imabroom
|n|☆C0ld as Ic3|c0ldasic3
|n| PlayRisky4NoReason|playrisky4noreason
