|j|☆Glaliegoesboom ❤
|j|☆YT Brando DeLite
|t:|1659692782
|gametype|singles
|player|p1|Glaliegoesboom ❤|1|
|player|p2|YT Brando DeLite|diantha-masters|
|teamsize|p1|6
|teamsize|p2|6
|gen|8
|tier|[Gen 8] National Dex AG
|rule|HP Percentage Mod: HP is shown in percentages
|rule|Endless Battle Clause: Forcing endless battles is banned
|clearpoke
|poke|p1|Cloyster, M|
|poke|p1|Magearna|
|poke|p1|Dragapult, F|
|poke|p1|Glalie, F|
|poke|p1|Excadrill, F|
|poke|p1|Zekrom|
|poke|p2|Swampert, F|
|poke|p2|Ninetales-Alola, M|
|poke|p2|Milotic, F|
|poke|p2|Sandslash-Alola, M|
|poke|p2|Pelipper, F|
|poke|p2|Darmanitan-Galar, F|
|teampreview
|inactive|Battle timer is ON: inactive players will automatically lose when time's up. (requested by Glaliegoesboom ❤)
|c|☆Glaliegoesboom ❤|Glhf
|c|☆YT Brando DeLite|U2
|
|t:|1659692795
|start
|switch|p1a: Excadrill|Excadrill, F|100/100
|switch|p2a: Milotic|Milotic, F|100/100
|-ability|p1a: Excadrill|Mold Breaker
|turn|1
|
|t:|1659692805
|move|p1a: Excadrill|Stealth Rock|p2a: Milotic
|-sidestart|p2: YT Brando DeLite|move: Stealth Rock
|move|p2a: Milotic|Scald|p1a: Excadrill
|-supereffective|p1a: Excadrill
|-damage|p1a: Excadrill|6/100
|
|upkeep
|turn|2
|
|t:|1659692812
|move|p1a: Excadrill|Earthquake|p2a: Milotic
|-damage|p2a: Milotic|45/100
|move|p2a: Milotic|Scald|p1a: Excadrill
|-supereffective|p1a: Excadrill
|-crit|p1a: Excadrill
|-damage|p1a: Excadrill|0 fnt
|faint|p1a: Excadrill
|
|upkeep
|
|t:|1659692823
|switch|p1a: Glalie|Glalie, F|100/100
|turn|3
|
|t:|1659692827
|move|p1a: Glalie|Substitute|p1a: Glalie
|-start|p1a: Glalie|Substitute
|-damage|p1a: Glalie|76/100
|move|p2a: Milotic|Recover|p2a: Milotic
|-heal|p2a: Milotic|95/100
|
|-heal|p1a: Glalie|82/100|[from] item: Leftovers
|-ability|p1a: Glalie|Moody|boost
|-boost|p1a: Glalie|spe|2
|-unboost|p1a: Glalie|spa|1
|upkeep
|turn|4
|
|t:|1659692839
|switch|p2a: Pelipper|Pelipper, F|100/100
|-damage|p2a: Pelipper|76/100|[from] Stealth Rock
|-weather|RainDance|[from] ability: Drizzle|[of] p2a: Pelipper
|move|p1a: Glalie|Protect||[still]
|-fail|p1a: Glalie
|
|-weather|RainDance|[upkeep]
|-heal|p1a: Glalie|88/100|[from] item: Leftovers
|-ability|p1a: Glalie|Moody|boost
|-boost|p1a: Glalie|atk|2
|-unboost|p1a: Glalie|def|1
|upkeep
|turn|5
|
|t:|1659692857
|move|p1a: Glalie|Protect|p1a: Glalie
|-singleturn|p1a: Glalie|Protect
|move|p2a: Pelipper|Tailwind|p2a: Pelipper
|-sidestart|p2: YT Brando DeLite|move: Tailwind
|
|-weather|RainDance|[upkeep]
|-heal|p1a: Glalie|94/100|[from] item: Leftovers
|-ability|p1a: Glalie|Moody|boost
|-boost|p1a: Glalie|def|2
|-unboost|p1a: Glalie|spe|1
|upkeep
|turn|6
|
|t:|1659692870
|-start|p2a: Pelipper|Dynamax|
|-heal|p2a: Pelipper|76/100|[silent]
|move|p2a: Pelipper|Max Airstream|p1a: Glalie
|-end|p1a: Glalie|Substitute
|-boost|p2a: Pelipper|spe|1
|move|p1a: Glalie|Icicle Crash|p2a: Pelipper
|-damage|p2a: Pelipper|31/100
|
|-weather|RainDance|[upkeep]
|-heal|p1a: Glalie|99/100|[from] item: Leftovers
|-ability|p1a: Glalie|Moody|boost
|-boost|p1a: Glalie|spd|2
|-unboost|p1a: Glalie|atk|1
|upkeep
|turn|7
|
|t:|1659692888
|move|p1a: Glalie|Protect|p1a: Glalie
|-singleturn|p1a: Glalie|Protect
|move|p2a: Pelipper|Max Airstream|p1a: Glalie
|-zbroken|p1a: Glalie
|-damage|p1a: Glalie|89/100
|-boost|p2a: Pelipper|spe|1
|
|-weather|RainDance|[upkeep]
|-heal|p1a: Glalie|95/100|[from] item: Leftovers
|-ability|p1a: Glalie|Moody|boost
|-boost|p1a: Glalie|def|2
|-unboost|p1a: Glalie|spe|1
|upkeep
|turn|8
|
|t:|1659692903
|move|p2a: Pelipper|Max Geyser|p1a: Glalie
|-damage|p1a: Glalie|34/100
|move|p1a: Glalie|Substitute|p1a: Glalie
|-start|p1a: Glalie|Substitute
|-damage|p1a: Glalie|9/100
|
|-weather|none
|-heal|p1a: Glalie|15/100|[from] item: Leftovers
|-sideend|p2: YT Brando DeLite|move: Tailwind
|-ability|p1a: Glalie|Moody|boost
|-boost|p1a: Glalie|atk|2
|-unboost|p1a: Glalie|spd|1
|upkeep
|-end|p2a: Pelipper|Dynamax
|-heal|p2a: Pelipper|31/100|[silent]
|turn|9
|inactive|YT Brando DeLite has 270 seconds left.
|
|t:|1659692933
|switch|p2a: Darmanitan|Darmanitan-Galar, F|100/100
|-damage|p2a: Darmanitan|75/100|[from] Stealth Rock
|move|p1a: Glalie|Icicle Crash|p2a: Darmanitan
|-resisted|p2a: Darmanitan
|-damage|p2a: Darmanitan|16/100
|
|-heal|p1a: Glalie|21/100|[from] item: Leftovers
|-ability|p1a: Glalie|Moody|boost
|-boost|p1a: Glalie|atk|2
|-unboost|p1a: Glalie|def|1
|upkeep
|turn|10
|
|t:|1659692947
|move|p1a: Glalie|Protect|p1a: Glalie
|-singleturn|p1a: Glalie|Protect
|move|p2a: Darmanitan|Flare Blitz|p1a: Glalie
|-activate|p1a: Glalie|move: Protect
|
|-heal|p1a: Glalie|27/100|[from] item: Leftovers
|-ability|p1a: Glalie|Moody|boost
|-boost|p1a: Glalie|spd|2
|-unboost|p1a: Glalie|spe|1
|upkeep
|turn|11
|
|t:|1659692958
|move|p2a: Darmanitan|Flare Blitz|p1a: Glalie
|-supereffective|p1a: Glalie
|-end|p1a: Glalie|Substitute
|-damage|p2a: Darmanitan|9/100|[from] Recoil|[of] p1a: Glalie
|move|p1a: Glalie|Substitute|p1a: Glalie
|-start|p1a: Glalie|Substitute
|-damage|p1a: Glalie|2/100
|
|-heal|p1a: Glalie|8/100|[from] item: Leftovers
|-ability|p1a: Glalie|Moody|boost
|-boost|p1a: Glalie|spe|2
|-unboost|p1a: Glalie|def|1
|upkeep
|turn|12
|
|t:|1659692971
|move|p1a: Glalie|Protect|p1a: Glalie
|-singleturn|p1a: Glalie|Protect
|move|p2a: Darmanitan|Flare Blitz|p1a: Glalie
|-activate|p1a: Glalie|move: Protect
|
|-heal|p1a: Glalie|14/100|[from] item: Leftovers
|-ability|p1a: Glalie|Moody|boost
|-boost|p1a: Glalie|spa|2
|-unboost|p1a: Glalie|spd|1
|upkeep
|turn|13
|
|t:|1659692982
|move|p2a: Darmanitan|Flare Blitz|p1a: Glalie
|-supereffective|p1a: Glalie
|-end|p1a: Glalie|Substitute
|-damage|p2a: Darmanitan|2/100|[from] Recoil|[of] p1a: Glalie
|move|p1a: Glalie|Earthquake|p2a: Darmanitan
|-damage|p2a: Darmanitan|0 fnt
|faint|p2a: Darmanitan
|
|-heal|p1a: Glalie|20/100|[from] item: Leftovers
|-ability|p1a: Glalie|Moody|boost
|-boost|p1a: Glalie|atk|1
|-unboost|p1a: Glalie|def|1
|upkeep
|inactive|YT Brando DeLite has 240 seconds left.
|
|t:|1659693016
|switch|p2a: Sandslash|Sandslash-Alola, M|100/100
|-damage|p2a: Sandslash|88/100|[from] Stealth Rock
|turn|14
|inactive|YT Brando DeLite has 240 seconds left.
|
|t:|1659693023
|move|p1a: Glalie|Earthquake|p2a: Sandslash
|-supereffective|p2a: Sandslash
|-damage|p2a: Sandslash|0 fnt
|faint|p2a: Sandslash
|
|-heal|p1a: Glalie|26/100|[from] item: Leftovers
|-ability|p1a: Glalie|Moody|boost
|-boost|p1a: Glalie|spa|2
|-unboost|p1a: Glalie|atk|1
|upkeep
|inactive|YT Brando DeLite has 240 seconds left.
|
|t:|1659693034
|switch|p2a: Pelipper|Pelipper, F|31/100
|-damage|p2a: Pelipper|6/100|[from] Stealth Rock
|-weather|RainDance|[from] ability: Drizzle|[of] p2a: Pelipper
|turn|15
|inactive|YT Brando DeLite has 240 seconds left.
|
|t:|1659693041
|move|p1a: Glalie|Icicle Crash|p2a: Pelipper
|-damage|p2a: Pelipper|0 fnt
|faint|p2a: Pelipper
|
|-weather|RainDance|[upkeep]
|-heal|p1a: Glalie|32/100|[from] item: Leftovers
|-ability|p1a: Glalie|Moody|boost
|-boost|p1a: Glalie|spd|2
|-unboost|p1a: Glalie|spe|1
|upkeep
|inactive|YT Brando DeLite has 240 seconds left.
|
|t:|1659693053
|switch|p2a: Swampert|Swampert, F|100/100
|-damage|p2a: Swampert|94/100|[from] Stealth Rock
|turn|16
|inactive|YT Brando DeLite has 240 seconds left.
|
|t:|1659693059
|detailschange|p2a: Swampert|Swampert-Mega, F
|-mega|p2a: Swampert|Swampert|Swampertite
|move|p1a: Glalie|Protect|p1a: Glalie
|-singleturn|p1a: Glalie|Protect
|move|p2a: Swampert|Waterfall|p1a: Glalie
|-activate|p1a: Glalie|move: Protect
|
|-weather|RainDance|[upkeep]
|-heal|p1a: Glalie|38/100|[from] item: Leftovers
|-ability|p1a: Glalie|Moody|boost
|-boost|p1a: Glalie|def|2
|-unboost|p1a: Glalie|spd|1
|upkeep
|turn|17
|inactive|YT Brando DeLite has 240 seconds left.
|
|t:|1659693072
|-start|p1a: Glalie|Dynamax|
|-heal|p1a: Glalie|38/100|[silent]
|move|p2a: Swampert|Waterfall|p1a: Glalie
|-damage|p1a: Glalie|18/100
|move|p1a: Glalie|Max Hailstorm|p2a: Swampert
|-damage|p2a: Swampert|0 fnt
|-weather|Hail
|faint|p2a: Swampert
|
|-weather|Hail|[upkeep]
|-heal|p1a: Glalie|21/100|[from] item: Leftovers
|-ability|p1a: Glalie|Moody|boost
|-boost|p1a: Glalie|spa|2
|-unboost|p1a: Glalie|def|1
|upkeep
|inactive|YT Brando DeLite has 240 seconds left.
|
|t:|1659693091
|switch|p2a: Ninetales|Ninetales-Alola, M|100/100
|-damage|p2a: Ninetales|76/100|[from] Stealth Rock
|turn|18
|
|t:|1659693099
|move|p2a: Ninetales|Protect|p2a: Ninetales
|-singleturn|p2a: Ninetales|Protect
|move|p1a: Glalie|Max Quake|p2a: Ninetales
|-zbroken|p2a: Ninetales
|-damage|p2a: Ninetales|44/100
|-boost|p1a: Glalie|spd|1
|
|-weather|Hail|[upkeep]
|-heal|p1a: Glalie|24/100|[from] item: Leftovers
|-ability|p1a: Glalie|Moody|boost
|-boost|p1a: Glalie|atk|1
|-unboost|p1a: Glalie|spe|1
|upkeep
|turn|19
|inactive|YT Brando DeLite has 240 seconds left.
|
|t:|1659693112
|move|p2a: Ninetales|Blizzard|p1a: Glalie
|-resisted|p1a: Glalie
|-damage|p1a: Glalie|19/100
|move|p1a: Glalie|Max Quake|p2a: Ninetales
|-damage|p2a: Ninetales|0 fnt
|-boost|p1a: Glalie|spd|1
|faint|p2a: Ninetales
|
|-weather|Hail|[upkeep]
|-heal|p1a: Glalie|22/100|[from] item: Leftovers
|-ability|p1a: Glalie|Moody|boost
|-boost|p1a: Glalie|spa|1
|-unboost|p1a: Glalie|spe|1
|upkeep
|c|☆YT Brando DeLite|Ggwp
|c|☆Glaliegoesboom ❤|Gg
|
|t:|1659693130
|switch|p2a: Milotic|Milotic, F|95/100
|-damage|p2a: Milotic|82/100|[from] Stealth Rock
|-end|p1a: Glalie|Dynamax
|-heal|p1a: Glalie|22/100|[silent]
|turn|20
|
|t:|1659693140
|move|p1a: Glalie|Protect|p1a: Glalie
|-singleturn|p1a: Glalie|Protect
|move|p2a: Milotic|Scald|p1a: Glalie
|-activate|p1a: Glalie|move: Protect
|
|-weather|Hail|[upkeep]
|-damage|p2a: Milotic|76/100|[from] Hail
|-heal|p1a: Glalie|28/100|[from] item: Leftovers
|-ability|p1a: Glalie|Moody|boost
|-boost|p1a: Glalie|def|2
|-unboost|p1a: Glalie|spa|1
|upkeep
|turn|21
|
|t:|1659693156
|move|p2a: Milotic|Blizzard|p1a: Glalie
|-resisted|p1a: Glalie
|-damage|p1a: Glalie|22/100
|move|p1a: Glalie|Earthquake|p2a: Milotic
|-damage|p2a: Milotic|0 fnt
|faint|p2a: Milotic
|
|win|Glaliegoesboom ❤
