|j|‽Tahz
|j|☆chopforce8
|t:|1666675063
|gametype|singles
|player|p1|Tahz|veteran|1768
|player|p2|chopforce8|red|1814
|teamsize|p1|6
|teamsize|p2|6
|gen|8
|tier|[Gen 8] National Dex AG
|rated|
|rule|HP Percentage Mod: HP is shown in percentages
|rule|Endless Battle Clause: Forcing endless battles is banned
|clearpoke
|poke|p1|Arceus-*|
|poke|p1|Sableye, M|
|poke|p1|Giratina|
|poke|p1|Ferrothorn, F|
|poke|p1|Necrozma-Dusk-Mane|
|poke|p1|Tyranitar, F|
|poke|p2|Arceus-*|
|poke|p2|Arceus-*|
|poke|p2|Arceus-*|
|poke|p2|Ditto|
|poke|p2|Gengar, F|
|poke|p2|Pineco, L1, M|
|teampreview
|inactive|Battle timer is ON: inactive players will automatically lose when time's up. (requested by Tahz)
|
|t:|1666675080
|start
|switch|p1a: Sableye|Sableye, M|100/100
|switch|p2a: Limbo|Arceus-Water|100/100
|turn|1
|
|t:|1666675086
|detailschange|p1a: Sableye|Sableye-Mega, M
|-mega|p1a: Sableye|Sableye|Sablenite
|move|p1a: Sableye|Fake Out|p2a: Limbo
|-damage|p2a: Limbo|95/100
|cant|p2a: Limbo|flinch
|
|upkeep
|turn|2
|
|t:|1666675092
|move|p2a: Limbo|Whirlpool|p1a: Sableye|[miss]
|-miss|p2a: Limbo|p1a: Sableye
|move|p1a: Sableye|Will-O-Wisp|p2a: Limbo
|-status|p2a: Limbo|brn
|
|-damage|p2a: Limbo|89/100 brn|[from] brn
|upkeep
|turn|3
|
|t:|1666675099
|move|p2a: Limbo|Whirlpool|p1a: Sableye|[miss]
|-miss|p2a: Limbo|p1a: Sableye
|move|p1a: Sableye|Foul Play|p2a: Limbo
|-damage|p2a: Limbo|68/100 brn
|
|-damage|p2a: Limbo|62/100 brn|[from] brn
|upkeep
|turn|4
|
|t:|1666675115
|move|p2a: Limbo|Whirlpool|p1a: Sableye|[miss]
|-miss|p2a: Limbo|p1a: Sableye
|move|p1a: Sableye|Foul Play|p2a: Limbo
|-damage|p2a: Limbo|42/100 brn
|
|-damage|p2a: Limbo|36/100 brn|[from] brn
|upkeep
|turn|5
|c|☆chopforce8|fuck off
|
|t:|1666675122
|move|p2a: Limbo|Recover|p2a: Limbo
|-heal|p2a: Limbo|86/100 brn
|move|p1a: Sableye|Foul Play|p2a: Limbo
|-damage|p2a: Limbo|64/100 brn
|
|-damage|p2a: Limbo|58/100 brn|[from] brn
|upkeep
|turn|6
|
|t:|1666675140
|move|p2a: Limbo|Recover|p2a: Limbo
|-heal|p2a: Limbo|100/100 brn
|move|p1a: Sableye|Foul Play|p2a: Limbo
|-damage|p2a: Limbo|81/100 brn
|
|-damage|p2a: Limbo|75/100 brn|[from] brn
|upkeep
|turn|7
|
|t:|1666675146
|move|p2a: Limbo|Whirlpool|p1a: Sableye
|-damage|p1a: Sableye|83/100
|-activate|p1a: Sableye|move: Whirlpool|[of] p2a: Limbo
|move|p1a: Sableye|Foul Play|p2a: Limbo
|-damage|p2a: Limbo|55/100 brn
|
|-damage|p2a: Limbo|49/100 brn|[from] brn
|-damage|p1a: Sableye|70/100|[from] move: Whirlpool|[partiallytrapped]
|upkeep
|turn|8
|
|t:|1666675155
|move|p2a: Limbo|Recover|p2a: Limbo
|-heal|p2a: Limbo|99/100 brn
|move|p1a: Sableye|Recover|p1a: Sableye
|-heal|p1a: Sableye|100/100
|
|-damage|p2a: Limbo|93/100 brn|[from] brn
|-damage|p1a: Sableye|88/100|[from] move: Whirlpool|[partiallytrapped]
|upkeep
|turn|9
|
|t:|1666675163
|move|p2a: Limbo|Perish Song|p2a: Limbo
|-start|p1a: Sableye|perish3|[silent]
|-start|p2a: Limbo|perish3|[silent]
|-fieldactivate|move: Perish Song
|move|p1a: Sableye|Foul Play|p2a: Limbo
|-damage|p2a: Limbo|72/100 brn
|
|-damage|p2a: Limbo|66/100 brn|[from] brn
|-damage|p1a: Sableye|75/100|[from] move: Whirlpool|[partiallytrapped]
|-start|p2a: Limbo|perish3
|-start|p1a: Sableye|perish3
|upkeep
|turn|10
|
|t:|1666675172
|switch|p1a: Giratina|Giratina|100/100
|-ability|p1a: Giratina|Pressure
|move|p2a: Limbo|Perish Song|p2a: Limbo
|-start|p1a: Giratina|perish3|[silent]
|-fieldactivate|move: Perish Song
|
|-damage|p2a: Limbo|60/100 brn|[from] brn
|-start|p2a: Limbo|perish2
|-start|p1a: Giratina|perish3
|upkeep
|turn|11
|
|t:|1666675193
|switch|p1a: Sableye|Sableye-Mega, M|75/100
|move|p2a: Limbo|Recover|p2a: Limbo
|-heal|p2a: Limbo|100/100 brn
|
|-damage|p2a: Limbo|94/100 brn|[from] brn
|-start|p2a: Limbo|perish1
|upkeep
|turn|12
|
|t:|1666675216
|switch|p2a: Hell|Arceus-Dark|100/100
|move|p1a: Sableye|Fake Out|p2a: Hell
|-damage|p2a: Hell|95/100
|
|upkeep
|turn|13
|
|t:|1666675226
|switch|p2a: God|Ditto|100/100
|-transform|p2a: God|p1a: Sableye|[from] ability: Imposter
|move|p1a: Sableye|Will-O-Wisp|p2a: God
|move|p2a: God|Will-O-Wisp|p1a: Sableye|[from]ability: Magic Bounce|[miss]
|-miss|p2a: God|p1a: Sableye
|
|upkeep
|turn|14
|
|t:|1666675238
|switch|p2a: Hell|Arceus-Dark|95/100
|move|p1a: Sableye|Foul Play|p2a: Hell
|-resisted|p2a: Hell
|-damage|p2a: Hell|85/100
|
|upkeep
|turn|15
|
|t:|1666675244
|switch|p2a: God|Ditto|100/100
|-transform|p2a: God|p1a: Sableye|[from] ability: Imposter
|switch|p1a: Ferrothorn|Ferrothorn, F|100/100
|
|upkeep
|turn|16
|
|t:|1666675265
|switch|p2a: Holy Spirit|Gengar, F|100/100
|switch|p1a: Giratina|Giratina|100/100
|-ability|p1a: Giratina|Pressure
|
|upkeep
|turn|17
|
|t:|1666675273
|switch|p1a: Tyranitar|Tyranitar, F|100/100
|-weather|Sandstorm|[from] ability: Sand Stream|[of] p1a: Tyranitar
|detailschange|p2a: Holy Spirit|Gengar-Mega, F
|-mega|p2a: Holy Spirit|Gengar|Gengarite
|move|p2a: Holy Spirit|Hex|p1a: Tyranitar
|-resisted|p1a: Tyranitar
|-damage|p1a: Tyranitar|94/100
|
|-weather|Sandstorm|[upkeep]
|-damage|p2a: Holy Spirit|94/100|[from] Sandstorm
|-heal|p1a: Tyranitar|99/100|[from] item: Leftovers
|upkeep
|turn|18
|
|t:|1666675285
|move|p2a: Holy Spirit|Perish Song|p2a: Holy Spirit
|-start|p1a: Tyranitar|perish3|[silent]
|-start|p2a: Holy Spirit|perish3|[silent]
|-fieldactivate|move: Perish Song
|move|p1a: Tyranitar|Snarl|p2a: Holy Spirit
|-supereffective|p2a: Holy Spirit
|-damage|p2a: Holy Spirit|51/100
|-unboost|p2a: Holy Spirit|spa|1
|
|-weather|Sandstorm|[upkeep]
|-damage|p2a: Holy Spirit|45/100|[from] Sandstorm
|-heal|p1a: Tyranitar|100/100|[from] item: Leftovers
|-start|p2a: Holy Spirit|perish3
|-start|p1a: Tyranitar|perish3
|upkeep
|turn|19
|
|t:|1666675296
|move|p2a: Holy Spirit|Protect|p2a: Holy Spirit
|-singleturn|p2a: Holy Spirit|Protect
|move|p1a: Tyranitar|Snarl|p2a: Holy Spirit
|-activate|p2a: Holy Spirit|move: Protect
|
|-weather|Sandstorm|[upkeep]
|-damage|p2a: Holy Spirit|39/100|[from] Sandstorm
|-start|p2a: Holy Spirit|perish2
|-start|p1a: Tyranitar|perish2
|upkeep
|turn|20
|
|t:|1666675305
|move|p2a: Holy Spirit|Protect|p2a: Holy Spirit
|-singleturn|p2a: Holy Spirit|Protect
|move|p1a: Tyranitar|Roar|p2a: Holy Spirit
|drag|p2a: Devil|Pineco, L1, M|100/100
|
|-weather|Sandstorm|[upkeep]
|-damage|p2a: Devil|92/100|[from] Sandstorm
|-start|p1a: Tyranitar|perish1
|upkeep
|turn|21
|
|t:|1666675313
|switch|p1a: Ferrothorn|Ferrothorn, F|100/100
|move|p2a: Devil|Pain Split|p1a: Ferrothorn
|-sethp|p1a: Ferrothorn|52/100|[from] move: Pain Split|[silent]
|-sethp|p2a: Devil|100/100|[from] move: Pain Split
|
|-weather|none
|-heal|p1a: Ferrothorn|58/100|[from] item: Leftovers
|upkeep
|turn|22
|
|t:|1666675321
|move|p1a: Ferrothorn|Toxic|p2a: Devil|[miss]
|-miss|p1a: Ferrothorn|p2a: Devil
|move|p2a: Devil|Toxic Spikes|p1a: Ferrothorn
|-sidestart|p1: Tahz|move: Toxic Spikes
|
|-heal|p1a: Ferrothorn|64/100|[from] item: Leftovers
|upkeep
|turn|23
|
|t:|1666675330
|move|p1a: Ferrothorn|Knock Off|p2a: Devil
|-ability|p2a: Devil|Sturdy
|-damage|p2a: Devil|9/100
|-enditem|p2a: Devil|Berry Juice|[from] move: Knock Off|[of] p1a: Ferrothorn
|move|p2a: Devil|Stealth Rock|p1a: Ferrothorn
|-sidestart|p1: Tahz|move: Stealth Rock
|
|-heal|p1a: Ferrothorn|71/100|[from] item: Leftovers
|upkeep
|turn|24
|
|t:|1666675338
|move|p1a: Ferrothorn|Gyro Ball|p2a: Devil
|-damage|p2a: Devil|0 fnt
|faint|p2a: Devil
|
|-heal|p1a: Ferrothorn|77/100|[from] item: Leftovers
|upkeep
|
|t:|1666675344
|switch|p2a: Limbo|Arceus-Water|94/100 brn
|turn|25
|
|t:|1666675356
|switch|p1a: Giratina|Giratina|100/100
|-status|p1a: Giratina|psn
|-damage|p1a: Giratina|88/100 psn|[from] Stealth Rock
|-ability|p1a: Giratina|Pressure
|move|p2a: Limbo|Whirlpool|p1a: Giratina
|-resisted|p1a: Giratina
|-damage|p1a: Giratina|83/100 psn
|-activate|p1a: Giratina|move: Whirlpool|[of] p2a: Limbo
|
|-damage|p1a: Giratina|71/100 psn|[from] psn
|-damage|p2a: Limbo|88/100 brn|[from] brn
|-damage|p1a: Giratina|58/100 psn|[from] move: Whirlpool|[partiallytrapped]
|upkeep
|turn|26
|
|t:|1666675371
|switch|p2a: Hell|Arceus-Dark|85/100
|move|p1a: Giratina|Defog|p2a: Hell
|-unboost|p2a: Hell|evasion|1
|-sideend|p1: Tahz|Toxic Spikes|[from] move: Defog|[of] p1a: Giratina
|-sideend|p1: Tahz|Stealth Rock|[from] move: Defog|[of] p1a: Giratina
|
|-damage|p1a: Giratina|46/100 psn|[from] psn
|-end|p1a: Giratina|Whirlpool|[partiallytrapped]|[silent]
|upkeep
|turn|27
|
|t:|1666675379
|move|p2a: Hell|Calm Mind|p2a: Hell
|-boost|p2a: Hell|spa|1
|-boost|p2a: Hell|spd|1
|move|p1a: Giratina|Rest|p1a: Giratina
|-status|p1a: Giratina|slp|[from] move: Rest
|-heal|p1a: Giratina|100/100 slp|[silent]
|
|upkeep
|turn|28
|
|t:|1666675385
|switch|p1a: Tyranitar|Tyranitar, F|100/100
|-weather|Sandstorm|[from] ability: Sand Stream|[of] p1a: Tyranitar
|move|p2a: Hell|Calm Mind|p2a: Hell
|-boost|p2a: Hell|spa|1
|-boost|p2a: Hell|spd|1
|
|-weather|Sandstorm|[upkeep]
|-damage|p2a: Hell|79/100|[from] Sandstorm
|upkeep
|turn|29
|
|t:|1666675393
|-start|p2a: Hell|Dynamax|
|-heal|p2a: Hell|79/100|[silent]
|move|p2a: Hell|Max Darkness|p1a: Tyranitar
|-resisted|p1a: Tyranitar
|-damage|p1a: Tyranitar|74/100
|-unboost|p1a: Tyranitar|spd|1
|move|p1a: Tyranitar|Roar|p2a: Hell
|-block|p2a: Hell|Dynamax
|
|-weather|Sandstorm|[upkeep]
|-damage|p2a: Hell|76/100|[from] Sandstorm
|-heal|p1a: Tyranitar|80/100|[from] item: Leftovers
|upkeep
|turn|30
|
|t:|1666675406
|move|p2a: Hell|Max Darkness|p1a: Tyranitar
|-resisted|p1a: Tyranitar
|-damage|p1a: Tyranitar|39/100
|-unboost|p1a: Tyranitar|spd|1
|move|p1a: Tyranitar|Snarl|p2a: Hell
|-resisted|p2a: Hell
|-damage|p2a: Hell|74/100
|-unboost|p2a: Hell|spa|1
|
|-weather|Sandstorm|[upkeep]
|-damage|p2a: Hell|71/100|[from] Sandstorm
|-heal|p1a: Tyranitar|45/100|[from] item: Leftovers
|upkeep
|turn|31
|
|t:|1666675418
|move|p2a: Hell|Max Darkness|p1a: Tyranitar
|-resisted|p1a: Tyranitar
|-damage|p1a: Tyranitar|4/100
|-unboost|p1a: Tyranitar|spd|1
|move|p1a: Tyranitar|Rest|p1a: Tyranitar
|-status|p1a: Tyranitar|slp|[from] move: Rest
|-heal|p1a: Tyranitar|100/100 slp|[silent]
|
|-weather|Sandstorm|[upkeep]
|-damage|p2a: Hell|68/100|[from] Sandstorm
|upkeep
|-end|p2a: Hell|Dynamax
|-heal|p2a: Hell|68/100|[silent]
|turn|32
|
|t:|1666675433
|move|p2a: Hell|Calm Mind|p2a: Hell
|-boost|p2a: Hell|spa|1
|-boost|p2a: Hell|spd|1
|cant|p1a: Tyranitar|slp
|
|-weather|none
|upkeep
|turn|33
|
|t:|1666675439
|move|p2a: Hell|Judgment|p1a: Tyranitar
|-resisted|p1a: Tyranitar
|-damage|p1a: Tyranitar|25/100 slp
|cant|p1a: Tyranitar|slp
|
|-heal|p1a: Tyranitar|31/100 slp|[from] item: Leftovers
|upkeep
|turn|34
|
|t:|1666675457
|move|p2a: Hell|Judgment|p1a: Tyranitar
|-resisted|p1a: Tyranitar
|-damage|p1a: Tyranitar|0 fnt
|faint|p1a: Tyranitar
|
|upkeep
|
|t:|1666675460
|switch|p1a: Arceus|Arceus-Fire|100/100
|turn|35
|
|t:|1666675477
|move|p2a: Hell|Judgment|p1a: Arceus
|-damage|p1a: Arceus|37/100
|move|p1a: Arceus|Psych Up|p2a: Hell
|-copyboost|p1a: Arceus|p2a: Hell|[from] move: Psych Up
|
|upkeep
|turn|36
|
|t:|1666675482
|move|p2a: Hell|Judgment|p1a: Arceus
|-damage|p1a: Arceus|12/100
|move|p1a: Arceus|Recover|p1a: Arceus
|-heal|p1a: Arceus|62/100
|
|upkeep
|turn|37
|
|t:|1666675489
|move|p2a: Hell|Recover|p2a: Hell
|-heal|p2a: Hell|100/100
|move|p1a: Arceus|Recover|p1a: Arceus
|-heal|p1a: Arceus|100/100
|
|upkeep
|turn|38
|
|t:|1666675494
|move|p2a: Hell|Calm Mind|p2a: Hell
|-boost|p2a: Hell|spa|1
|-boost|p2a: Hell|spd|1
|move|p1a: Arceus|Toxic|p2a: Hell
|-status|p2a: Hell|tox
|
|-damage|p2a: Hell|94/100 tox|[from] psn
|upkeep
|turn|39
|
|t:|1666675501
|move|p2a: Hell|Perish Song|p2a: Hell
|-start|p1a: Arceus|perish3|[silent]
|-start|p2a: Hell|perish3|[silent]
|-fieldactivate|move: Perish Song
|move|p1a: Arceus|Psych Up|p2a: Hell
|-copyboost|p1a: Arceus|p2a: Hell|[from] move: Psych Up
|
|-damage|p2a: Hell|82/100 tox|[from] psn
|-start|p2a: Hell|perish3
|-start|p1a: Arceus|perish3
|upkeep
|turn|40
|
|t:|1666675511
|switch|p2a: Holy Spirit|Gengar-Mega, F|39/100
|move|p1a: Arceus|Judgment|p2a: Holy Spirit
|-damage|p2a: Holy Spirit|0 fnt
|faint|p2a: Holy Spirit
|
|-start|p1a: Arceus|perish2
|upkeep
|
|t:|1666675519
|switch|p2a: God|Ditto|100/100
|-transform|p2a: God|p1a: Arceus|[from] ability: Imposter
|turn|41
|
|t:|1666675533
|switch|p2a: Heaven|Arceus-Flying, shiny|100/100
|move|p1a: Arceus|Toxic|p2a: Heaven
|-status|p2a: Heaven|tox
|
|-damage|p2a: Heaven|94/100 tox|[from] psn
|-start|p1a: Arceus|perish1
|upkeep
|turn|42
|-message|chopforce8 forfeited.
|
|win|Tahz
|raw|Tahz's rating: 1768 &rarr; <strong>1791</strong><br />(+23 for winning)
|raw|chopforce8's rating: 1814 &rarr; <strong>1791</strong><br />(-23 for losing)
|l|☆chopforce8
