|j|☆kaksoispiste ddddd
|j|☆iopkj09
|t:|1666791836
|gametype|singles
|player|p1|kaksoispiste ddddd|dawn-gen4pt|1634
|player|p2|iopkj09|nate|1775
|teamsize|p1|6
|teamsize|p2|6
|gen|8
|tier|[Gen 8] National Dex AG
|rated|
|rule|HP Percentage Mod: HP is shown in percentages
|rule|Endless Battle Clause: Forcing endless battles is banned
|clearpoke
|poke|p1|Gengar, M|
|poke|p1|Lugia|
|poke|p1|Blaziken, M|
|poke|p1|Bastiodon, M|
|poke|p1|Galvantula, F|
|poke|p1|Diggersby, M|
|poke|p2|Yveltal|
|poke|p2|Xerneas-*|
|poke|p2|Rayquaza|
|poke|p2|Arceus-*|
|poke|p2|Melmetal|
|poke|p2|Ditto|
|teampreview
|inactive|Battle timer is ON: inactive players will automatically lose when time's up. (requested by iopkj09)
|
|t:|1666791839
|start
|switch|p1a: Bastiodon|Bastiodon, M|100/100
|switch|p2a: Rayquaza|Rayquaza|100/100
|-ability|p2a: Rayquaza|Air Lock
|-item|p1a: Bastiodon|Air Balloon
|turn|1
|
|t:|1666791846
|detailschange|p2a: Rayquaza|Rayquaza-Mega
|-mega|p2a: Rayquaza|Rayquaza|
|-weather|DeltaStream|[from] ability: Delta Stream|[of] p2a: Rayquaza
|move|p2a: Rayquaza|Extreme Speed|p1a: Bastiodon
|-resisted|p1a: Bastiodon
|-damage|p1a: Bastiodon|96/100
|-enditem|p1a: Bastiodon|Air Balloon
|move|p1a: Bastiodon|Stealth Rock|p2a: Rayquaza
|-sidestart|p2: iopkj09|move: Stealth Rock
|
|-weather|DeltaStream|[upkeep]
|upkeep
|turn|2
|
|t:|1666791865
|switch|p1a: Lugia|Lugia|100/100
|move|p2a: Rayquaza|Earthquake|p1a: Lugia
|-immune|p1a: Lugia
|
|-weather|DeltaStream|[upkeep]
|upkeep
|turn|3
|
|t:|1666791870
|move|p2a: Rayquaza|Dragon Dance|p2a: Rayquaza
|-boost|p2a: Rayquaza|atk|1
|-boost|p2a: Rayquaza|spe|1
|move|p1a: Lugia|Thunder Wave|p2a: Rayquaza
|-status|p2a: Rayquaza|par
|
|-weather|DeltaStream|[upkeep]
|upkeep
|turn|4
|
|t:|1666791876
|cant|p2a: Rayquaza|par
|move|p1a: Lugia|Whirlwind|p2a: Rayquaza
|-weather|none
|drag|p2a: Arceus|Arceus|100/100
|-damage|p2a: Arceus|88/100|[from] Stealth Rock
|
|upkeep
|turn|5
|
|t:|1666791891
|move|p2a: Arceus|Swords Dance|p2a: Arceus
|-boost|p2a: Arceus|atk|2
|move|p1a: Lugia|Thunder Wave|p2a: Arceus
|-status|p2a: Arceus|par
|
|upkeep
|turn|6
|
|t:|1666791896
|move|p2a: Arceus|Shadow Claw|p1a: Lugia
|-supereffective|p1a: Lugia
|-damage|p1a: Lugia|68/100
|move|p1a: Lugia|Whirlwind|p2a: Arceus
|drag|p2a: Melmetal|Melmetal, shiny|100/100
|-damage|p2a: Melmetal|94/100|[from] Stealth Rock
|
|-heal|p1a: Lugia|75/100|[from] item: Leftovers
|upkeep
|turn|7
|
|t:|1666791904
|move|p1a: Lugia|Roost|p1a: Lugia
|-heal|p1a: Lugia|100/100
|-singleturn|p1a: Lugia|move: Roost
|move|p2a: Melmetal|Thunder Punch|p1a: Lugia
|-damage|p1a: Lugia|89/100
|
|-heal|p1a: Lugia|96/100|[from] item: Leftovers
|upkeep
|turn|8
|
|t:|1666791930
|move|p1a: Lugia|Thunder Wave|p2a: Melmetal
|-status|p2a: Melmetal|par
|move|p2a: Melmetal|Thunder Punch|p1a: Lugia
|-supereffective|p1a: Lugia
|-damage|p1a: Lugia|47/100
|
|-heal|p1a: Lugia|53/100|[from] item: Leftovers
|upkeep
|turn|9
|
|t:|1666791937
|move|p1a: Lugia|Roost|p1a: Lugia
|-heal|p1a: Lugia|100/100
|-singleturn|p1a: Lugia|move: Roost
|move|p2a: Melmetal|Thunder Punch|p1a: Lugia
|-damage|p1a: Lugia|88/100
|
|-heal|p1a: Lugia|94/100|[from] item: Leftovers
|upkeep
|turn|10
|
|t:|1666791945
|switch|p1a: Galvantula|Galvantula, F, shiny|100/100
|move|p2a: Melmetal|Thunder Punch|p1a: Galvantula
|-resisted|p1a: Galvantula
|-damage|p1a: Galvantula|67/100
|
|upkeep
|turn|11
|
|t:|1666791951
|move|p1a: Galvantula|Sticky Web|p2a: Melmetal
|-sidestart|p2: iopkj09|move: Sticky Web
|move|p2a: Melmetal|Ice Punch|p1a: Galvantula
|-damage|p1a: Galvantula|0 fnt
|faint|p1a: Galvantula
|
|upkeep
|
|t:|1666791956
|switch|p1a: Blaziken|Blaziken, M|100/100
|turn|12
|
|t:|1666791968
|detailschange|p1a: Blaziken|Blaziken-Mega, M
|-mega|p1a: Blaziken|Blaziken|Blazikenite
|move|p1a: Blaziken|High Jump Kick|p2a: Melmetal
|-supereffective|p2a: Melmetal
|-damage|p2a: Melmetal|9/100 par
|move|p2a: Melmetal|Earthquake|p1a: Blaziken
|-supereffective|p1a: Blaziken
|-damage|p1a: Blaziken|0 fnt
|faint|p1a: Blaziken
|
|upkeep
|
|t:|1666791979
|switch|p1a: Lugia|Lugia|94/100
|turn|13
|
|t:|1666791986
|move|p1a: Lugia|Aeroblast|p2a: Melmetal
|-resisted|p2a: Melmetal
|-damage|p2a: Melmetal|0 fnt
|faint|p2a: Melmetal
|
|-heal|p1a: Lugia|100/100|[from] item: Leftovers
|upkeep
|
|t:|1666791993
|switch|p2a: Arceus|Arceus|88/100 par
|-damage|p2a: Arceus|76/100 par|[from] Stealth Rock
|-activate|p2a: Arceus|move: Sticky Web
|-unboost|p2a: Arceus|spe|1
|turn|14
|
|t:|1666792001
|move|p2a: Arceus|Shadow Claw|p1a: Lugia
|-supereffective|p1a: Lugia
|-damage|p1a: Lugia|84/100
|move|p1a: Lugia|Whirlwind|p2a: Arceus
|drag|p2a: Xerneas|Xerneas, shiny|100/100
|-damage|p2a: Xerneas|88/100|[from] Stealth Rock
|-activate|p2a: Xerneas|move: Sticky Web
|-unboost|p2a: Xerneas|spe|1
|-ability|p2a: Xerneas|Fairy Aura
|
|-heal|p1a: Lugia|90/100|[from] item: Leftovers
|upkeep
|turn|15
|inactive|iopkj09 has 120 seconds left.
|
|t:|1666792031
|move|p1a: Lugia|Thunder Wave|p2a: Xerneas
|-status|p2a: Xerneas|par
|move|p2a: Xerneas|Thunderbolt|p1a: Lugia
|-supereffective|p1a: Lugia
|-damage|p1a: Lugia|59/100
|-status|p1a: Lugia|par
|
|-heal|p1a: Lugia|65/100 par|[from] item: Leftovers
|upkeep
|turn|16
|
|t:|1666792040
|cant|p1a: Lugia|par
|move|p2a: Xerneas|Thunderbolt|p1a: Lugia
|-supereffective|p1a: Lugia
|-damage|p1a: Lugia|35/100 par
|
|-heal|p1a: Lugia|41/100 par|[from] item: Leftovers
|upkeep
|turn|17
|
|t:|1666792045
|move|p1a: Lugia|Roost|p1a: Lugia
|-heal|p1a: Lugia|91/100 par
|-singleturn|p1a: Lugia|move: Roost
|move|p2a: Xerneas|Geomancy||[still]
|-prepare|p2a: Xerneas|Geomancy
|-enditem|p2a: Xerneas|Power Herb
|-anim|p2a: Xerneas|Geomancy|p2a: Xerneas
|-boost|p2a: Xerneas|spa|2
|-boost|p2a: Xerneas|spd|2
|-boost|p2a: Xerneas|spe|2
|
|-heal|p1a: Lugia|97/100 par|[from] item: Leftovers
|upkeep
|turn|18
|
|t:|1666792055
|move|p2a: Xerneas|Thunderbolt|p1a: Lugia
|-supereffective|p1a: Lugia
|-damage|p1a: Lugia|41/100 par
|cant|p1a: Lugia|par
|
|-heal|p1a: Lugia|48/100 par|[from] item: Leftovers
|upkeep
|turn|19
|
|t:|1666792070
|cant|p2a: Xerneas|par
|move|p1a: Lugia|Roost|p1a: Lugia
|-heal|p1a: Lugia|98/100 par
|-singleturn|p1a: Lugia|move: Roost
|
|-heal|p1a: Lugia|100/100 par|[from] item: Leftovers
|upkeep
|turn|20
|
|t:|1666792077
|move|p2a: Xerneas|Thunderbolt|p1a: Lugia
|-supereffective|p1a: Lugia
|-damage|p1a: Lugia|70/100 par
|cant|p1a: Lugia|par
|
|-heal|p1a: Lugia|76/100 par|[from] item: Leftovers
|upkeep
|turn|21
|
|t:|1666792083
|cant|p2a: Xerneas|par
|move|p1a: Lugia|Roost|p1a: Lugia
|-heal|p1a: Lugia|100/100 par
|-singleturn|p1a: Lugia|move: Roost
|
|upkeep
|turn|22
|
|t:|1666792092
|cant|p2a: Xerneas|par
|cant|p1a: Lugia|par
|
|upkeep
|turn|23
|
|t:|1666792097
|-start|p2a: Xerneas|Dynamax|
|-heal|p2a: Xerneas|88/100 par|[silent]
|cant|p2a: Xerneas|par
|cant|p1a: Lugia|par
|
|upkeep
|turn|24
|
|t:|1666792103
|move|p2a: Xerneas|Max Lightning|p1a: Lugia
|-supereffective|p1a: Lugia
|-damage|p1a: Lugia|58/100 par
|-fieldstart|move: Electric Terrain
|move|p1a: Lugia|Roost|p1a: Lugia
|-heal|p1a: Lugia|100/100 par
|-singleturn|p1a: Lugia|move: Roost
|
|upkeep
|turn|25
|
|t:|1666792111
|move|p2a: Xerneas|Max Lightning|p1a: Lugia
|-supereffective|p1a: Lugia
|-damage|p1a: Lugia|47/100 par
|move|p1a: Lugia|Roost|p1a: Lugia
|-heal|p1a: Lugia|97/100 par
|-singleturn|p1a: Lugia|move: Roost
|
|-heal|p1a: Lugia|100/100 par|[from] item: Leftovers
|upkeep
|-end|p2a: Xerneas|Dynamax
|-heal|p2a: Xerneas|88/100 par|[silent]
|turn|26
|
|t:|1666792122
|move|p2a: Xerneas|Thunderbolt|p1a: Lugia
|-supereffective|p1a: Lugia
|-damage|p1a: Lugia|64/100 par
|move|p1a: Lugia|Whirlwind|p2a: Xerneas
|drag|p2a: Rayquaza|Rayquaza-Mega|100/100 par
|-damage|p2a: Rayquaza|75/100 par|[from] Stealth Rock
|-weather|DeltaStream|[from] ability: Delta Stream|[of] p2a: Rayquaza
|
|-weather|DeltaStream|[upkeep]
|-heal|p1a: Lugia|70/100 par|[from] item: Leftovers
|upkeep
|turn|27
|
|t:|1666792131
|move|p2a: Rayquaza|Dragon Ascent|p1a: Lugia
|-damage|p1a: Lugia|19/100 par
|-unboost|p2a: Rayquaza|def|1
|-unboost|p2a: Rayquaza|spd|1
|move|p1a: Lugia|Roost|p1a: Lugia
|-heal|p1a: Lugia|69/100 par
|-singleturn|p1a: Lugia|move: Roost
|
|-weather|DeltaStream|[upkeep]
|-heal|p1a: Lugia|75/100 par|[from] item: Leftovers
|upkeep
|turn|28
|
|t:|1666792140
|-weather|none
|switch|p2a: Yveltal|Yveltal, shiny|100/100
|-damage|p2a: Yveltal|76/100|[from] Stealth Rock
|-ability|p2a: Yveltal|Dark Aura
|move|p1a: Lugia|Roost|p1a: Lugia
|-heal|p1a: Lugia|100/100 par
|-singleturn|p1a: Lugia|move: Roost
|
|-fieldend|move: Electric Terrain
|upkeep
|turn|29
|
|t:|1666792149
|move|p2a: Yveltal|Dark Pulse|p1a: Lugia
|-supereffective|p1a: Lugia
|-damage|p1a: Lugia|72/100 par
|move|p1a: Lugia|Thunder Wave|p2a: Yveltal
|-status|p2a: Yveltal|par
|
|-heal|p1a: Lugia|78/100 par|[from] item: Leftovers
|upkeep
|turn|30
|
|t:|1666792156
|move|p2a: Yveltal|Dark Pulse|p1a: Lugia
|-supereffective|p1a: Lugia
|-damage|p1a: Lugia|20/100 par
|move|p1a: Lugia|Whirlwind|p2a: Yveltal
|drag|p2a: Arceus|Arceus|76/100 par
|-damage|p2a: Arceus|63/100 par|[from] Stealth Rock
|-activate|p2a: Arceus|move: Sticky Web
|-unboost|p2a: Arceus|spe|1
|
|-heal|p1a: Lugia|26/100 par|[from] item: Leftovers
|upkeep
|turn|31
|
|t:|1666792167
|move|p2a: Arceus|Extreme Speed|p1a: Lugia
|-damage|p1a: Lugia|0 fnt
|faint|p1a: Lugia
|
|upkeep
|
|t:|1666792173
|switch|p1a: Diggersby|Diggersby, M, shiny|100/100
|turn|32
|
|t:|1666792185
|move|p2a: Arceus|Extreme Speed|p1a: Diggersby
|-damage|p1a: Diggersby|46/100
|move|p1a: Diggersby|U-turn|p2a: Arceus
|-damage|p2a: Arceus|46/100 par
|
|t:|1666792190
|switch|p1a: Gengar|Gengar, M, shiny|100/100|[from]move: U-turn
|
|upkeep
|turn|33
|
|t:|1666792205
|move|p1a: Gengar|Sludge Wave|p2a: Arceus
|-damage|p2a: Arceus|0 fnt
|faint|p2a: Arceus
|-damage|p1a: Gengar|91/100|[from] item: Life Orb
|
|upkeep
|
|t:|1666792208
|switch|p2a: Ditto|Ditto, shiny|100/100
|-damage|p2a: Ditto|88/100|[from] Stealth Rock
|-activate|p2a: Ditto|move: Sticky Web
|-unboost|p2a: Ditto|spe|1
|-transform|p2a: Ditto|p1a: Gengar|[from] ability: Imposter
|turn|34
|
|t:|1666792215
|switch|p1a: Diggersby|Diggersby, M, shiny|46/100
|move|p2a: Ditto|Sludge Wave|p1a: Diggersby
|-resisted|p1a: Diggersby
|-damage|p1a: Diggersby|8/100
|
|upkeep
|turn|35
|
|t:|1666792221
|switch|p2a: Yveltal|Yveltal, shiny|76/100 par
|-damage|p2a: Yveltal|51/100 par|[from] Stealth Rock
|-ability|p2a: Yveltal|Dark Aura
|switch|p1a: Bastiodon|Bastiodon, M|96/100
|
|upkeep
|turn|36
|
|t:|1666792228
|move|p2a: Yveltal|Heat Wave|p1a: Bastiodon
|-damage|p1a: Bastiodon|66/100
|move|p1a: Bastiodon|Roar|p2a: Yveltal
|drag|p2a: Xerneas|Xerneas, shiny|88/100 par
|-damage|p2a: Xerneas|76/100 par|[from] Stealth Rock
|-activate|p2a: Xerneas|move: Sticky Web
|-unboost|p2a: Xerneas|spe|1
|-ability|p2a: Xerneas|Fairy Aura
|
|upkeep
|turn|37
|
|t:|1666792237
|switch|p2a: Ditto|Ditto, shiny|88/100
|-damage|p2a: Ditto|76/100|[from] Stealth Rock
|-activate|p2a: Ditto|move: Sticky Web
|-unboost|p2a: Ditto|spe|1
|-transform|p2a: Ditto|p1a: Bastiodon|[from] ability: Imposter
|move|p1a: Bastiodon|Roar|p2a: Ditto
|drag|p2a: Yveltal|Yveltal, shiny|51/100 par
|-damage|p2a: Yveltal|26/100 par|[from] Stealth Rock
|-ability|p2a: Yveltal|Dark Aura
|
|upkeep
|turn|38
|
|t:|1666792249
|move|p2a: Yveltal|Heat Wave|p1a: Bastiodon
|-damage|p1a: Bastiodon|36/100
|move|p1a: Bastiodon|Roar|p2a: Yveltal
|drag|p2a: Ditto|Ditto, shiny|76/100
|-damage|p2a: Ditto|63/100|[from] Stealth Rock
|-activate|p2a: Ditto|move: Sticky Web
|-unboost|p2a: Ditto|spe|1
|-transform|p2a: Ditto|p1a: Bastiodon|[from] ability: Imposter
|
|upkeep
|turn|39
|
|t:|1666792259
|switch|p1a: Gengar|Gengar, M, shiny|91/100
|move|p2a: Ditto|Stealth Rock|p1a: Gengar
|-sidestart|p1: kaksoispiste ddddd|move: Stealth Rock
|
|upkeep
|turn|40
|
|t:|1666792265
|switch|p2a: Rayquaza|Rayquaza-Mega|75/100 par
|-damage|p2a: Rayquaza|50/100 par|[from] Stealth Rock
|-weather|DeltaStream|[from] ability: Delta Stream|[of] p2a: Rayquaza
|move|p1a: Gengar|Dazzling Gleam|p2a: Rayquaza
|-supereffective|p2a: Rayquaza
|-damage|p2a: Rayquaza|0 fnt
|faint|p2a: Rayquaza
|-weather|none
|-damage|p1a: Gengar|81/100|[from] item: Life Orb
|
|upkeep
|
|t:|1666792269
|switch|p2a: Ditto|Ditto, shiny|63/100
|-damage|p2a: Ditto|51/100|[from] Stealth Rock
|-activate|p2a: Ditto|move: Sticky Web
|-unboost|p2a: Ditto|spe|1
|-transform|p2a: Ditto|p1a: Gengar|[from] ability: Imposter
|turn|41
|
|t:|1666792281
|move|p2a: Ditto|Shadow Ball|p1a: Gengar
|-supereffective|p1a: Gengar
|-damage|p1a: Gengar|0 fnt
|faint|p1a: Gengar
|
|upkeep
|
|t:|1666792286
|switch|p1a: Diggersby|Diggersby, M, shiny|8/100
|-damage|p1a: Diggersby|2/100|[from] Stealth Rock
|turn|42
|
|t:|1666792291
|switch|p2a: Xerneas|Xerneas, shiny|76/100 par
|-damage|p2a: Xerneas|63/100 par|[from] Stealth Rock
|-activate|p2a: Xerneas|move: Sticky Web
|-unboost|p2a: Xerneas|spe|1
|-ability|p2a: Xerneas|Fairy Aura
|move|p1a: Diggersby|Ice Punch|p2a: Xerneas
|-damage|p2a: Xerneas|34/100 par
|
|upkeep
|turn|43
|
|t:|1666792302
|-start|p1a: Diggersby|Dynamax|
|-heal|p1a: Diggersby|2/100|[silent]
|move|p1a: Diggersby|Max Strike|p2a: Xerneas
|-damage|p2a: Xerneas|0 fnt
|faint|p2a: Xerneas
|
|upkeep
|
|t:|1666792306
|switch|p2a: Yveltal|Yveltal, shiny|26/100 par
|-damage|p2a: Yveltal|1/100 par|[from] Stealth Rock
|-ability|p2a: Yveltal|Dark Aura
|turn|44
|
|t:|1666792312
|move|p2a: Yveltal|Sucker Punch|p1a: Diggersby
|-damage|p1a: Diggersby|0 fnt
|faint|p1a: Diggersby
|
|upkeep
|
|t:|1666792316
|switch|p1a: Bastiodon|Bastiodon, M|36/100
|-damage|p1a: Bastiodon|30/100|[from] Stealth Rock
|turn|45
|
|t:|1666792319
|move|p2a: Yveltal|Heat Wave|p1a: Bastiodon
|-damage|p1a: Bastiodon|3/100
|move|p1a: Bastiodon|Roar|p2a: Yveltal
|drag|p2a: Ditto|Ditto, shiny|51/100
|-damage|p2a: Ditto|39/100|[from] Stealth Rock
|-activate|p2a: Ditto|move: Sticky Web
|-unboost|p2a: Ditto|spe|1
|-transform|p2a: Ditto|p1a: Bastiodon|[from] ability: Imposter
|
|upkeep
|turn|46
|
|t:|1666792335
|move|p2a: Ditto|Protect|p2a: Ditto
|-singleturn|p2a: Ditto|Protect
|move|p1a: Bastiodon|Roar|p2a: Ditto
|drag|p2a: Yveltal|Yveltal, shiny|1/100 par
|-damage|p2a: Yveltal|0 fnt|[from] Stealth Rock
|faint|p2a: Yveltal
|
|upkeep
|
|t:|1666792340
|switch|p2a: Ditto|Ditto, shiny|39/100
|-damage|p2a: Ditto|26/100|[from] Stealth Rock
|-activate|p2a: Ditto|move: Sticky Web
|-unboost|p2a: Ditto|spe|1
|-transform|p2a: Ditto|p1a: Bastiodon|[from] ability: Imposter
|turn|47
|
|t:|1666792348
|move|p2a: Ditto|Protect|p2a: Ditto
|-singleturn|p2a: Ditto|Protect
|move|p1a: Bastiodon|Toxic|p2a: Ditto
|-activate|p2a: Ditto|move: Protect
|
|upkeep
|turn|48
|
|t:|1666792353
|move|p2a: Ditto|Protect|p2a: Ditto
|-singleturn|p2a: Ditto|Protect
|move|p1a: Bastiodon|Toxic|p2a: Ditto
|-activate|p2a: Ditto|move: Protect
|
|upkeep
|turn|49
|
|t:|1666792358
|move|p2a: Ditto|Protect||[still]
|-fail|p2a: Ditto
|move|p1a: Bastiodon|Toxic|p2a: Ditto
|-immune|p2a: Ditto
|
|upkeep
|turn|50
|
|t:|1666792363
|move|p2a: Ditto|Protect|p2a: Ditto
|-singleturn|p2a: Ditto|Protect
|move|p1a: Bastiodon|Toxic|p2a: Ditto
|-activate|p2a: Ditto|move: Protect
|
|upkeep
|turn|51
|
|t:|1666792367
|move|p2a: Ditto|Protect||[still]
|-fail|p2a: Ditto
|move|p1a: Bastiodon|Toxic|p2a: Ditto
|-immune|p2a: Ditto
|
|upkeep
|turn|52
|
|t:|1666792372
|move|p1a: Bastiodon|Protect|p1a: Bastiodon
|-singleturn|p1a: Bastiodon|Protect
|-activate|p2a: Ditto|move: Struggle
|move|p2a: Ditto|Struggle|p1a: Bastiodon
|-activate|p1a: Bastiodon|move: Protect
|
|upkeep
|turn|53
|
|t:|1666792377
|-activate|p2a: Ditto|move: Struggle
|move|p2a: Ditto|Struggle|p1a: Bastiodon
|-damage|p1a: Bastiodon|0 fnt
|faint|p1a: Bastiodon
|-damage|p2a: Ditto|1/100|[from] recoil
|
|win|iopkj09
|raw|kaksoispiste ddddd's rating: 1634 &rarr; <strong>1622</strong><br />(-12 for losing)
|raw|iopkj09's rating: 1789 &rarr; <strong>1801</strong><br />(+12 for winning)
|l|☆iopkj09
|j|☆iopkj09
|player|p2|iopkj09|nate
|c|☆kaksoispiste ddddd|lol
|l|☆iopkj09
|player|p2|
