|j|☆AdamHaziq
|j|☆Neutralist
|t:|1662112282
|gametype|singles
|player|p1|AdamHaziq|102|1495
|player|p2|Neutralist|169|1466
|teamsize|p1|6
|teamsize|p2|6
|gen|8
|tier|[Gen 8] National Dex AG
|rated|
|rule|HP Percentage Mod: HP is shown in percentages
|rule|Endless Battle Clause: Forcing endless battles is banned
|clearpoke
|poke|p1|Necrozma-Dusk-Mane|
|poke|p1|Rayquaza|
|poke|p1|Zacian-*|
|poke|p1|Calyrex-Shadow|
|poke|p1|Yveltal|
|poke|p1|Salamence, M|
|poke|p2|Rayquaza|
|poke|p2|Necrozma-Dusk-Mane|
|poke|p2|Calyrex-Shadow|
|poke|p2|Groudon|
|poke|p2|Arceus-*|
|poke|p2|Yveltal|
|teampreview
|inactive|Battle timer is ON: inactive players will automatically lose when time's up. (requested by AdamHaziq)
|
|t:|1662112290
|start
|switch|p1a: Salamence|Salamence, M|100/100
|switch|p2a: Darkness|Calyrex-Shadow|100/100
|-ability|p2a: Darkness|As One
|-ability|p2a: Darkness|Unnerve
|turn|1
|
|t:|1662112297
|-start|p1a: Salamence|Dynamax|
|-heal|p1a: Salamence|100/100|[silent]
|move|p2a: Darkness|Trick|p1a: Salamence
|-activate|p2a: Darkness|move: Trick|[of] p1a: Salamence
|-item|p1a: Salamence|Choice Specs|[from] move: Trick
|-item|p2a: Darkness|Leftovers|[from] move: Trick
|move|p1a: Salamence|Max Airstream|p2a: Darkness
|-damage|p2a: Darkness|15/100
|-boost|p1a: Salamence|spe|1
|
|-heal|p2a: Darkness|21/100|[from] item: Leftovers
|upkeep
|turn|2
|
|t:|1662112304
|switch|p2a: Cosmos|Arceus-Fairy|100/100
|move|p1a: Salamence|Max Airstream|p2a: Cosmos
|-damage|p2a: Cosmos|48/100
|-boost|p1a: Salamence|spe|1
|
|upkeep
|turn|3
|
|t:|1662112309
|switch|p2a: Curse|Necrozma-Dusk-Mane|100/100
|move|p1a: Salamence|Max Airstream|p2a: Curse
|-resisted|p2a: Curse
|-crit|p2a: Curse
|-damage|p2a: Curse|71/100
|-boost|p1a: Salamence|spe|1
|
|-heal|p2a: Curse|77/100|[from] item: Leftovers
|upkeep
|-end|p1a: Salamence|Dynamax
|-heal|p1a: Salamence|100/100|[silent]
|turn|4
|
|t:|1662112317
|move|p1a: Salamence|Fire Fang|p2a: Curse
|-supereffective|p2a: Curse
|-damage|p2a: Curse|57/100
|move|p2a: Curse|Thunder Wave|p1a: Salamence
|-status|p1a: Salamence|par
|
|-heal|p2a: Curse|63/100|[from] item: Leftovers
|upkeep
|turn|5
|
|t:|1662112322
|move|p1a: Salamence|Fire Fang|p2a: Curse
|-supereffective|p2a: Curse
|-damage|p2a: Curse|41/100
|move|p2a: Curse|Stealth Rock|p1a: Salamence
|-sidestart|p1: AdamHaziq|move: Stealth Rock
|
|-heal|p2a: Curse|47/100|[from] item: Leftovers
|upkeep
|turn|6
|
|t:|1662112327
|switch|p2a: Cosmos|Arceus-Fairy|48/100
|move|p1a: Salamence|Fire Fang|p2a: Cosmos
|-crit|p2a: Cosmos
|-damage|p2a: Cosmos|21/100
|
|upkeep
|turn|7
|
|t:|1662112330
|move|p1a: Salamence|Fire Fang|p2a: Cosmos
|-damage|p2a: Cosmos|3/100
|move|p2a: Cosmos|Recover|p2a: Cosmos
|-heal|p2a: Cosmos|53/100
|
|upkeep
|turn|8
|
|t:|1662112334
|move|p1a: Salamence|Fire Fang|p2a: Cosmos
|-damage|p2a: Cosmos|37/100
|move|p2a: Cosmos|Recover|p2a: Cosmos
|-heal|p2a: Cosmos|87/100
|
|upkeep
|turn|9
|
|t:|1662112343
|switch|p1a: Necrozma|Necrozma-Dusk-Mane|100/100
|-damage|p1a: Necrozma|95/100|[from] Stealth Rock
|move|p2a: Cosmos|Judgment|p1a: Necrozma
|-resisted|p1a: Necrozma
|-damage|p1a: Necrozma|69/100
|
|upkeep
|turn|10
|
|t:|1662112346
|move|p2a: Cosmos|Will-O-Wisp|p1a: Necrozma
|-status|p1a: Necrozma|brn
|move|p1a: Necrozma|Dragon Dance|p1a: Necrozma
|-boost|p1a: Necrozma|atk|1
|-boost|p1a: Necrozma|spe|1
|
|-damage|p1a: Necrozma|63/100 brn|[from] brn
|upkeep
|turn|11
|
|t:|1662112350
|switch|p2a: Curse|Necrozma-Dusk-Mane|47/100
|move|p1a: Necrozma|Dragon Dance|p1a: Necrozma
|-boost|p1a: Necrozma|atk|1
|-boost|p1a: Necrozma|spe|1
|
|-heal|p2a: Curse|54/100|[from] item: Leftovers
|-damage|p1a: Necrozma|57/100 brn|[from] brn
|upkeep
|turn|12
|
|t:|1662112353
|detailschange|p1a: Necrozma|Necrozma-Ultra
|-burst|p1a: Necrozma|Necrozma|Ultranecrozium Z
|move|p1a: Necrozma|Earthquake|p2a: Curse
|-supereffective|p2a: Curse
|-damage|p2a: Curse|7/100
|move|p2a: Curse|Morning Sun|p2a: Curse
|-heal|p2a: Curse|57/100
|
|-heal|p2a: Curse|63/100|[from] item: Leftovers
|-damage|p1a: Necrozma|51/100 brn|[from] brn
|upkeep
|turn|13
|
|t:|1662112357
|move|p1a: Necrozma|Earthquake|p2a: Curse
|-supereffective|p2a: Curse
|-damage|p2a: Curse|19/100
|move|p2a: Curse|Morning Sun|p2a: Curse
|-heal|p2a: Curse|69/100
|
|-heal|p2a: Curse|75/100|[from] item: Leftovers
|-damage|p1a: Necrozma|45/100 brn|[from] brn
|upkeep
|turn|14
|
|t:|1662112363
|-zpower|p1a: Necrozma
|move|p1a: Necrozma|Light That Burns the Sky|p2a: Curse|[zeffect]
|-resisted|p2a: Curse
|-damage|p2a: Curse|57/100
|move|p2a: Curse|Sunsteel Strike|p1a: Necrozma
|-crit|p1a: Necrozma
|-damage|p1a: Necrozma|0 fnt
|faint|p1a: Necrozma
|
|-heal|p2a: Curse|63/100|[from] item: Leftovers
|upkeep
|
|t:|1662112365
|switch|p1a: Yveltal|Yveltal|100/100
|-damage|p1a: Yveltal|76/100|[from] Stealth Rock
|-ability|p1a: Yveltal|Dark Aura
|turn|15
|
|t:|1662112369
|move|p1a: Yveltal|Dark Pulse|p2a: Curse
|-supereffective|p2a: Curse
|-damage|p2a: Curse|1/100
|move|p2a: Curse|Thunder Wave|p1a: Yveltal
|-status|p1a: Yveltal|par
|
|-heal|p2a: Curse|7/100|[from] item: Leftovers
|-heal|p1a: Yveltal|82/100 par|[from] item: Leftovers
|upkeep
|turn|16
|
|t:|1662112373
|move|p2a: Curse|Sunsteel Strike|p1a: Yveltal
|-damage|p1a: Yveltal|28/100 par
|move|p1a: Yveltal|Dark Pulse|p2a: Curse
|-supereffective|p2a: Curse
|-damage|p2a: Curse|0 fnt
|faint|p2a: Curse
|
|-heal|p1a: Yveltal|34/100 par|[from] item: Leftovers
|upkeep
|
|t:|1662112382
|switch|p2a: Chainsaw|Rayquaza|100/100
|-ability|p2a: Chainsaw|Air Lock
|turn|17
|
|t:|1662112385
|detailschange|p2a: Chainsaw|Rayquaza-Mega
|-mega|p2a: Chainsaw|Rayquaza|
|-weather|DeltaStream|[from] ability: Delta Stream|[of] p2a: Chainsaw
|move|p1a: Yveltal|Sucker Punch|p2a: Chainsaw
|-damage|p2a: Chainsaw|61/100
|move|p2a: Chainsaw|Scale Shot|p1a: Yveltal
|-crit|p1a: Yveltal
|-damage|p1a: Yveltal|0 fnt
|faint|p1a: Yveltal
|-hitcount|p1: Yveltal|1
|-unboost|p2a: Chainsaw|def|1
|-boost|p2a: Chainsaw|spe|1
|-damage|p2a: Chainsaw|51/100|[from] item: Life Orb
|
|-weather|DeltaStream|[upkeep]
|upkeep
|
|t:|1662112393
|switch|p1a: Zacian|Zacian-Crowned|100/100
|-damage|p1a: Zacian|94/100|[from] Stealth Rock
|-ability|p1a: Zacian|Intrepid Sword|boost
|-boost|p1a: Zacian|atk|1
|turn|18
|
|t:|1662112397
|move|p2a: Chainsaw|Earthquake|p1a: Zacian
|-supereffective|p1a: Zacian
|-damage|p1a: Zacian|0 fnt
|faint|p1a: Zacian
|-damage|p2a: Chainsaw|41/100|[from] item: Life Orb
|
|-weather|DeltaStream|[upkeep]
|upkeep
|
|t:|1662112401
|switch|p1a: Rayquaza|Rayquaza|100/100
|-damage|p1a: Rayquaza|76/100|[from] Stealth Rock
|-ability|p1a: Rayquaza|Air Lock
|turn|19
|
|t:|1662112403
|detailschange|p1a: Rayquaza|Rayquaza-Mega
|-mega|p1a: Rayquaza|Rayquaza|
|move|p2a: Chainsaw|Extreme Speed|p1a: Rayquaza
|-damage|p1a: Rayquaza|28/100
|-damage|p2a: Chainsaw|31/100|[from] item: Life Orb
|move|p1a: Rayquaza|Extreme Speed|p2a: Chainsaw
|-damage|p2a: Chainsaw|0 fnt
|faint|p2a: Chainsaw
|-damage|p1a: Rayquaza|18/100|[from] item: Life Orb
|
|-weather|DeltaStream|[upkeep]
|upkeep
|
|t:|1662112407
|switch|p2a: Darkness|Calyrex-Shadow|21/100
|-ability|p2a: Darkness|As One
|-ability|p2a: Darkness|Unnerve
|turn|20
|
|t:|1662112412
|move|p2a: Darkness|Astral Barrage|p1a: Rayquaza
|-damage|p1a: Rayquaza|0 fnt
|faint|p1a: Rayquaza
|-weather|none
|-ability|p2a: Darkness|Grim Neigh|boost
|-boost|p2a: Darkness|spa|1
|
|-heal|p2a: Darkness|27/100|[from] item: Leftovers
|upkeep
|
|t:|1662112415
|switch|p1a: Calyrex|Calyrex-Shadow|100/100
|-ability|p1a: Calyrex|As One
|-ability|p1a: Calyrex|Unnerve
|-damage|p1a: Calyrex|88/100|[from] Stealth Rock
|turn|21
|
|t:|1662112420
|switch|p2a: Blood|Yveltal|100/100
|-ability|p2a: Blood|Dark Aura
|move|p1a: Calyrex|Astral Barrage|p2a: Blood
|-resisted|p2a: Blood
|-damage|p2a: Blood|69/100
|
|upkeep
|turn|22
|
|t:|1662112423
|move|p2a: Blood|Sucker Punch|p1a: Calyrex
|-supereffective|p1a: Calyrex
|-damage|p1a: Calyrex|0 fnt
|faint|p1a: Calyrex
|-damage|p2a: Blood|59/100|[from] item: Life Orb
|
|upkeep
|
|t:|1662112425
|switch|p1a: Salamence|Salamence, M|100/100 par
|-damage|p1a: Salamence|76/100 par|[from] Stealth Rock
|turn|23
|
|t:|1662112429
|move|p2a: Blood|Knock Off|p1a: Salamence
|-damage|p1a: Salamence|0 fnt
|-enditem|p1a: Salamence|Choice Specs|[from] move: Knock Off|[of] p2a: Blood
|faint|p1a: Salamence
|-damage|p2a: Blood|49/100|[from] item: Life Orb
|
|win|Neutralist
|raw|AdamHaziq's rating: 1495 &rarr; <strong>1473</strong><br />(-22 for losing)
|raw|Neutralist's rating: 1466 &rarr; <strong>1488</strong><br />(+22 for winning)
|l|☆AdamHaziq
