|j|☆Direhands
|j|☆PKMNTrainerAmogus
|t:|1666948544
|gametype|singles
|player|p1|Direhands|sage|1549
|player|p2|PKMNTrainerAmogus|steven|1526
|teamsize|p1|6
|teamsize|p2|6
|gen|8
|tier|[Gen 8] National Dex AG
|rated|
|rule|HP Percentage Mod: HP is shown in percentages
|rule|Endless Battle Clause: Forcing endless battles is banned
|clearpoke
|poke|p1|Marshadow|
|poke|p1|Xerneas-*|
|poke|p1|Arceus-*|
|poke|p1|Whimsicott, F|
|poke|p1|Blaziken, M|
|poke|p1|Smeargle, F|
|poke|p2|Marshadow|
|poke|p2|Vivillon, F|
|poke|p2|Aerodactyl, F|
|poke|p2|Corviknight, F|
|poke|p2|Blaziken, F|
|poke|p2|Tyranitar, M|
|teampreview
|inactive|Battle timer is ON: inactive players will automatically lose when time's up. (requested by Direhands)
|
|t:|1666948554
|start
|switch|p1a: Leonardog|Smeargle, F|100/100
|switch|p2a: Vivillon|Vivillon, F|100/100
|turn|1
|
|t:|1666948561
|switch|p1a: Floof|Whimsicott, F, shiny|100/100
|move|p2a: Vivillon|Sleep Powder|p1a: Floof
|-immune|p1a: Floof
|
|upkeep
|turn|2
|
|t:|1666948570
|switch|p2a: Aerodactyl|Aerodactyl, F|100/100
|-ability|p2a: Aerodactyl|Pressure
|move|p1a: Floof|Encore||[still]
|-fail|p1a: Floof
|
|upkeep
|turn|3
|inactive|Direhands has 120 seconds left.
|
|t:|1666948609
|move|p1a: Floof|Leech Seed|p2a: Aerodactyl
|-start|p2a: Aerodactyl|move: Leech Seed
|move|p2a: Aerodactyl|Taunt|p1a: Floof
|-start|p1a: Floof|move: Taunt
|
|-damage|p2a: Aerodactyl|88/100|[from] Leech Seed|[of] p1a: Floof
|upkeep
|turn|4
|
|t:|1666948615
|switch|p1a: Leonardog|Smeargle, F|100/100
|move|p2a: Aerodactyl|Stealth Rock|p1a: Leonardog
|-sidestart|p1: Direhands|move: Stealth Rock
|
|-damage|p2a: Aerodactyl|76/100|[from] Leech Seed|[of] p1a: Leonardog
|upkeep
|turn|5
|inactive|Direhands has 120 seconds left.
|
|t:|1666948651
|move|p2a: Aerodactyl|Taunt|p1a: Leonardog
|-start|p1a: Leonardog|move: Taunt
|move|p1a: Leonardog|Nuzzle|p2a: Aerodactyl
|-supereffective|p2a: Aerodactyl
|-damage|p2a: Aerodactyl|71/100
|-status|p2a: Aerodactyl|par
|
|-damage|p2a: Aerodactyl|59/100 par|[from] Leech Seed|[of] p1a: Leonardog
|upkeep
|turn|6
|
|t:|1666948657
|switch|p1a: Floof|Whimsicott, F, shiny|100/100
|-damage|p1a: Floof|88/100|[from] Stealth Rock
|move|p2a: Aerodactyl|Tailwind|p2a: Aerodactyl
|-sidestart|p2: PKMNTrainerAmogus|move: Tailwind
|
|-damage|p2a: Aerodactyl|47/100 par|[from] Leech Seed|[of] p1a: Floof
|-heal|p1a: Floof|100/100|[silent]
|upkeep
|turn|7
|
|t:|1666948666
|switch|p2a: Vivillon|Vivillon, F|100/100
|move|p1a: Floof|Substitute|p1a: Floof
|-start|p1a: Floof|Substitute
|-damage|p1a: Floof|76/100
|
|upkeep
|turn|8
|
|t:|1666948669
|move|p1a: Floof|Leech Seed|p2a: Vivillon
|-start|p2a: Vivillon|move: Leech Seed
|move|p2a: Vivillon|Hurricane|p1a: Floof
|-supereffective|p1a: Floof
|-end|p1a: Floof|Substitute
|
|-damage|p2a: Vivillon|88/100|[from] Leech Seed|[of] p1a: Floof
|-heal|p1a: Floof|87/100|[silent]
|upkeep
|turn|9
|
|t:|1666948675
|move|p1a: Floof|Substitute|p1a: Floof
|-start|p1a: Floof|Substitute
|-damage|p1a: Floof|62/100
|move|p2a: Vivillon|Hurricane|p1a: Floof
|-supereffective|p1a: Floof
|-end|p1a: Floof|Substitute
|
|-heal|p2a: Vivillon|94/100|[from] item: Leftovers
|-damage|p2a: Vivillon|82/100|[from] Leech Seed|[of] p1a: Floof
|-heal|p1a: Floof|74/100|[silent]
|-sideend|p2: PKMNTrainerAmogus|move: Tailwind
|upkeep
|turn|10
|
|t:|1666948683
|switch|p2a: Marshadow|Marshadow|100/100
|move|p1a: Floof|Substitute|p1a: Floof
|-start|p1a: Floof|Substitute
|-damage|p1a: Floof|49/100
|
|upkeep
|turn|11
|
|t:|1666948687
|move|p1a: Floof|Leech Seed|p2a: Marshadow
|-start|p2a: Marshadow|move: Leech Seed
|move|p2a: Marshadow|Spectral Thief|p1a: Floof
|-damage|p1a: Floof|11/100
|
|-damage|p2a: Marshadow|88/100|[from] Leech Seed|[of] p1a: Floof
|-heal|p1a: Floof|23/100|[silent]
|upkeep
|turn|12
|
|t:|1666948700
|move|p1a: Floof|Encore|p2a: Marshadow
|-start|p2a: Marshadow|Encore
|move|p2a: Marshadow|Spectral Thief|p1a: Floof
|-damage|p1a: Floof|0 fnt
|faint|p1a: Floof
|
|upkeep
|
|t:|1666948704
|switch|p1a: Leonardog|Smeargle, F|100/100
|-damage|p1a: Leonardog|88/100|[from] Stealth Rock
|turn|13
|
|t:|1666948710
|-start|p2a: Marshadow|Dynamax|
|-heal|p2a: Marshadow|88/100|[silent]
|move|p2a: Marshadow|Max Knuckle|p1a: Leonardog
|-supereffective|p1a: Leonardog
|-damage|p1a: Leonardog|0 fnt
|-boost|p2a: Marshadow|atk|1
|faint|p1a: Leonardog
|
|upkeep
|
|t:|1666948722
|switch|p1a: Uwu girl|Xerneas|100/100
|-damage|p1a: Uwu girl|88/100|[from] Stealth Rock
|-ability|p1a: Uwu girl|Fairy Aura
|turn|14
|
|t:|1666948726
|move|p2a: Marshadow|Max Phantasm|p1a: Uwu girl
|-damage|p1a: Uwu girl|11/100
|-unboost|p1a: Uwu girl|def|1
|move|p1a: Uwu girl|Geomancy||[still]
|-prepare|p1a: Uwu girl|Geomancy
|-enditem|p1a: Uwu girl|Power Herb
|-anim|p1a: Uwu girl|Geomancy|p1a: Uwu girl
|-boost|p1a: Uwu girl|spa|2
|-boost|p1a: Uwu girl|spd|2
|-boost|p1a: Uwu girl|spe|2
|
|-damage|p2a: Marshadow|82/100|[from] Leech Seed|[of] p1a: Uwu girl
|-heal|p1a: Uwu girl|20/100|[silent]
|-end|p2a: Marshadow|Encore
|upkeep
|turn|15
|
|t:|1666948730
|move|p2a: Marshadow|Max Guard|p2a: Marshadow
|-singleturn|p2a: Marshadow|Max Guard
|move|p1a: Uwu girl|Moonblast|p2a: Marshadow
|-activate|p2a: Marshadow|move: Max Guard
|
|-damage|p2a: Marshadow|76/100|[from] Leech Seed|[of] p1a: Uwu girl
|-heal|p1a: Uwu girl|29/100|[silent]
|upkeep
|-end|p2a: Marshadow|Dynamax
|-heal|p2a: Marshadow|76/100|[silent]
|turn|16
|
|t:|1666948733
|move|p2a: Marshadow|Shadow Sneak|p1a: Uwu girl
|-damage|p1a: Uwu girl|0 fnt
|faint|p1a: Uwu girl
|
|upkeep
|
|t:|1666948737
|switch|p1a: Criminal|Marshadow|100/100
|-damage|p1a: Criminal|94/100|[from] Stealth Rock
|turn|17
|
|t:|1666948740
|move|p2a: Marshadow|Shadow Sneak|p1a: Criminal
|-supereffective|p1a: Criminal
|-damage|p1a: Criminal|0 fnt
|faint|p1a: Criminal
|
|upkeep
|-message|Direhands forfeited.
|
|win|PKMNTrainerAmogus
|raw|Direhands's rating: 1549 &rarr; <strong>1528</strong><br />(-21 for losing)
|raw|PKMNTrainerAmogus's rating: 1526 &rarr; <strong>1547</strong><br />(+21 for winning)
|l|☆Direhands
|c|☆PKMNTrainerAmogus|Gg
||Ladder isn't responding, score probably updated but might not have (Request timeout).
