|j|☆AtomicSpinach2
|j|☆arthurious
|t:|1630461867
|gametype|singles
|player|p1|AtomicSpinach2|xerosic|1483
|player|p2|arthurious|266|1569
|teamsize|p1|6
|teamsize|p2|6
|gen|8
|tier|[Gen 8] National Dex AG
|rated|
|rule|HP Percentage Mod: HP is shown in percentages
|rule|Endless Battle Clause: Forcing endless battles is banned
|clearpoke
|poke|p1|Necrozma-Dusk-Mane|
|poke|p1|Zamazenta-*|
|poke|p1|Groudon|
|poke|p1|Rayquaza|
|poke|p1|Tyranitar, M|
|poke|p1|Mandibuzz, F|
|poke|p2|Regieleki|
|poke|p2|Moltres-Galar|
|poke|p2|Genesect|
|poke|p2|Blaziken, M|
|poke|p2|Azumarill, F|
|poke|p2|Zygarde|
|teampreview
|inactive|Battle timer is ON: inactive players will automatically lose when time's up. (requested by AtomicSpinach2)
|
|t:|1630461880
|start
|switch|p1a: Rayquaza|Rayquaza, shiny|100/100
|switch|p2a: Regieleki|Regieleki|100/100
|-ability|p1a: Rayquaza|Air Lock
|turn|1
|
|t:|1630461887
|switch|p1a: Groudon|Groudon|100/100
|detailschange|p1a: Groudon|Groudon-Primal
|-primal|p1a: Groudon
|-weather|DesolateLand|[from] ability: Desolate Land|[of] p1a: Groudon
|move|p2a: Regieleki|Reflect|p2a: Regieleki
|-sidestart|p2: arthurious|Reflect
|
|-weather|DesolateLand|[upkeep]
|upkeep
|turn|2
|
|t:|1630461894
|move|p2a: Regieleki|Light Screen|p2a: Regieleki
|-sidestart|p2: arthurious|move: Light Screen
|move|p1a: Groudon|Stealth Rock|p2a: Regieleki
|-sidestart|p2: arthurious|move: Stealth Rock
|
|-weather|DesolateLand|[upkeep]
|upkeep
|turn|3
|
|t:|1630461900
|move|p2a: Regieleki|Rapid Spin|p1a: Groudon
|-damage|p1a: Groudon|96/100
|-boost|p2a: Regieleki|spe|1
|-sideend|p2: arthurious|Stealth Rock|[from] move: Rapid Spin|[of] p2a: Regieleki
|move|p1a: Groudon|Earthquake|p2a: Regieleki
|-supereffective|p2a: Regieleki
|-damage|p2a: Regieleki|15/100
|
|-weather|DesolateLand|[upkeep]
|upkeep
|turn|4
|
|t:|1630461910
|switch|p2a: Moltres|Moltres-Galar|100/100
|move|p1a: Groudon|Stealth Rock|p2a: Moltres
|-sidestart|p2: arthurious|move: Stealth Rock
|
|-weather|DesolateLand|[upkeep]
|upkeep
|turn|5
|
|t:|1630461921
|-weather|none
|switch|p1a: Tyranitar|Tyranitar, M|100/100
|-weather|Sandstorm|[from] ability: Sand Stream|[of] p1a: Tyranitar
|move|p2a: Moltres|Agility|p2a: Moltres
|-boost|p2a: Moltres|spe|2
|
|-weather|Sandstorm|[upkeep]
|-damage|p2a: Moltres|94/100|[from] Sandstorm
|upkeep
|turn|6
|
|t:|1630461931
|move|p2a: Moltres|Nasty Plot|p2a: Moltres
|-boost|p2a: Moltres|spa|2
|move|p1a: Tyranitar|Avalanche|p2a: Moltres
|-supereffective|p2a: Moltres
|-damage|p2a: Moltres|75/100
|-enditem|p2a: Moltres|Weakness Policy
|-boost|p2a: Moltres|atk|2|[from] item: Weakness Policy
|-boost|p2a: Moltres|spa|2|[from] item: Weakness Policy
|
|-weather|Sandstorm|[upkeep]
|-damage|p2a: Moltres|69/100|[from] Sandstorm
|upkeep
|turn|7
|
|t:|1630461944
|move|p2a: Moltres|Air Slash|p1a: Tyranitar
|-resisted|p1a: Tyranitar
|-damage|p1a: Tyranitar|90/100
|move|p1a: Tyranitar|Avalanche|p2a: Moltres
|-supereffective|p2a: Moltres
|-crit|p2a: Moltres
|-damage|p2a: Moltres|0 fnt
|faint|p2a: Moltres
|
|-weather|Sandstorm|[upkeep]
|upkeep
|
|t:|1630461959
|switch|p2a: Zygarde|Zygarde|100/100
|-damage|p2a: Zygarde|94/100|[from] Stealth Rock
|-ability|p2a: Zygarde|Aura Break
|turn|8
|
|t:|1630461965
|switch|p1a: Mandibuzz|Mandibuzz, F|100/100
|move|p2a: Zygarde|Dragon Dance|p2a: Zygarde
|-boost|p2a: Zygarde|atk|1
|-boost|p2a: Zygarde|spe|1
|
|-weather|Sandstorm|[upkeep]
|-sideend|p2: arthurious|Reflect
|upkeep
|turn|9
|
|t:|1630461972
|move|p2a: Zygarde|Coil|p2a: Zygarde
|-boost|p2a: Zygarde|atk|1
|-boost|p2a: Zygarde|def|1
|-boost|p2a: Zygarde|accuracy|1
|move|p1a: Mandibuzz|Whirlwind|p2a: Zygarde
|drag|p2a: Blaziken|Blaziken, M, shiny|100/100
|-damage|p2a: Blaziken|88/100|[from] Stealth Rock
|
|-weather|none
|-sideend|p2: arthurious|move: Light Screen
|upkeep
|turn|10
|
|t:|1630461986
|switch|p1a: Groudon|Groudon-Primal|96/100
|-weather|DesolateLand|[from] ability: Desolate Land|[of] p1a: Groudon
|move|p2a: Blaziken|Swords Dance|p2a: Blaziken
|-boost|p2a: Blaziken|atk|2
|
|-weather|DesolateLand|[upkeep]
|-ability|p2a: Blaziken|Speed Boost|boost
|-boost|p2a: Blaziken|spe|1
|upkeep
|turn|11
|
|t:|1630461996
|move|p2a: Blaziken|Close Combat|p1a: Groudon
|-damage|p1a: Groudon|43/100
|-unboost|p2a: Blaziken|def|1
|-unboost|p2a: Blaziken|spd|1
|move|p1a: Groudon|Earthquake|p2a: Blaziken
|-supereffective|p2a: Blaziken
|-damage|p2a: Blaziken|0 fnt
|faint|p2a: Blaziken
|
|-weather|DesolateLand|[upkeep]
|upkeep
|
|t:|1630462004
|switch|p2a: Zygarde|Zygarde|94/100
|-damage|p2a: Zygarde|88/100|[from] Stealth Rock
|-ability|p2a: Zygarde|Aura Break
|turn|12
|
|t:|1630462009
|move|p2a: Zygarde|Dragon Dance|p2a: Zygarde
|-boost|p2a: Zygarde|atk|1
|-boost|p2a: Zygarde|spe|1
|move|p1a: Groudon|Toxic|p2a: Zygarde
|-status|p2a: Zygarde|tox
|
|-weather|DesolateLand|[upkeep]
|-damage|p2a: Zygarde|82/100 tox|[from] psn
|upkeep
|turn|13
|
|t:|1630462017
|-weather|none
|switch|p1a: Mandibuzz|Mandibuzz, F|100/100
|move|p2a: Zygarde|Thousand Arrows|p1a: Mandibuzz
|-damage|p1a: Mandibuzz|62/100
|-start|p1a: Mandibuzz|Smack Down
|
|-damage|p2a: Zygarde|70/100 tox|[from] psn
|upkeep
|turn|14
|
|t:|1630462026
|move|p2a: Zygarde|Thousand Arrows|p1a: Mandibuzz
|-damage|p1a: Mandibuzz|30/100
|move|p1a: Mandibuzz|Foul Play|p2a: Zygarde
|-damage|p2a: Zygarde|20/100 tox
|
|-damage|p2a: Zygarde|2/100 tox|[from] psn
|upkeep
|turn|15
|
|t:|1630462035
|switch|p1a: Necrozma|Necrozma-Dusk-Mane|100/100
|move|p2a: Zygarde|Thousand Arrows|p1a: Necrozma
|-supereffective|p1a: Necrozma
|-damage|p1a: Necrozma|46/100
|-enditem|p1a: Necrozma|Weakness Policy
|-boost|p1a: Necrozma|atk|2|[from] item: Weakness Policy
|-boost|p1a: Necrozma|spa|2|[from] item: Weakness Policy
|
|-damage|p2a: Zygarde|0 fnt|[from] psn
|faint|p2a: Zygarde
|upkeep
|
|t:|1630462048
|switch|p2a: Regieleki|Regieleki|15/100
|-damage|p2a: Regieleki|3/100|[from] Stealth Rock
|turn|16
|
|t:|1630462055
|-start|p1a: Necrozma|Dynamax
|-heal|p1a: Necrozma|46/100|[silent]
|move|p2a: Regieleki|Rapid Spin|p1a: Necrozma
|-resisted|p1a: Necrozma
|-crit|p1a: Necrozma
|-damage|p1a: Necrozma|44/100
|-boost|p2a: Regieleki|spe|1
|-sideend|p2: arthurious|Stealth Rock|[from] move: Rapid Spin|[of] p2a: Regieleki
|move|p1a: Necrozma|Max Quake|p2a: Regieleki
|-supereffective|p2a: Regieleki
|-damage|p2a: Regieleki|0 fnt
|-boost|p1a: Necrozma|spd|1
|faint|p2a: Regieleki
|
|upkeep
|
|t:|1630462071
|switch|p2a: Azumarill|Azumarill, F|100/100
|turn|17
|
|t:|1630462077
|-start|p2a: Azumarill|Dynamax
|-heal|p2a: Azumarill|100/100|[silent]
|move|p2a: Azumarill|Max Guard|p2a: Azumarill
|-singleturn|p2a: Azumarill|Max Guard
|move|p1a: Necrozma|Max Steelspike|p2a: Azumarill
|-activate|p2a: Azumarill|move: Max Guard
|
|upkeep
|turn|18
|
|t:|1630462085
|move|p2a: Azumarill|Max Darkness|p1a: Necrozma
|-supereffective|p1a: Necrozma
|-damage|p1a: Necrozma|23/100
|-unboost|p1a: Necrozma|spd|1
|move|p1a: Necrozma|Max Steelspike|p2a: Azumarill
|-damage|p2a: Azumarill|22/100
|-boost|p1a: Necrozma|def|1
|-enditem|p2a: Azumarill|Sitrus Berry|[eat]
|-heal|p2a: Azumarill|34/100|[from] item: Sitrus Berry
|
|-end|p1a: Necrozma|Dynamax
|-heal|p1a: Necrozma|23/100|[silent]
|upkeep
|turn|19
|
|t:|1630462100
|move|p2a: Azumarill|Max Darkness|p1a: Necrozma
|-supereffective|p1a: Necrozma
|-damage|p1a: Necrozma|0 fnt
|faint|p1a: Necrozma
|
|-end|p2a: Azumarill|Dynamax
|-heal|p2a: Azumarill|34/100|[silent]
|upkeep
|
|t:|1630462108
|switch|p1a: Rayquaza|Rayquaza, shiny|100/100
|-ability|p1a: Rayquaza|Air Lock
|turn|20
|
|t:|1630462113
|detailschange|p1a: Rayquaza|Rayquaza-Mega, shiny
|-mega|p1a: Rayquaza|Rayquaza|
|-weather|DeltaStream|[from] ability: Delta Stream|[of] p1a: Rayquaza
|move|p1a: Rayquaza|Extreme Speed|p2a: Azumarill
|-damage|p2a: Azumarill|0 fnt
|faint|p2a: Azumarill
|
|-weather|DeltaStream|[upkeep]
|upkeep
|
|t:|1630462120
|switch|p2a: Genesect|Genesect, shiny|100/100
|-ability|p2a: Genesect|Download|boost
|-boost|p2a: Genesect|spa|1
|turn|21
|
|t:|1630462125
|-weather|none
|switch|p1a: Groudon|Groudon-Primal|43/100
|-weather|DesolateLand|[from] ability: Desolate Land|[of] p1a: Groudon
|move|p2a: Genesect|Shift Gear|p2a: Genesect
|-boost|p2a: Genesect|spe|2
|-boost|p2a: Genesect|atk|1
|
|-weather|DesolateLand|[upkeep]
|upkeep
|turn|22
|
|t:|1630462134
|move|p2a: Genesect|Ice Beam|p1a: Groudon
|-damage|p1a: Groudon|0 fnt
|faint|p1a: Groudon
|-weather|none
|-damage|p2a: Genesect|91/100|[from] item: Life Orb
|
|upkeep
|
|t:|1630462141
|switch|p1a: Tyranitar|Tyranitar, M|90/100
|-weather|Sandstorm|[from] ability: Sand Stream|[of] p1a: Tyranitar
|turn|23
|
|t:|1630462155
|move|p2a: Genesect|Bug Buzz|p1a: Tyranitar
|-supereffective|p1a: Tyranitar
|-damage|p1a: Tyranitar|41/100
|-damage|p2a: Genesect|81/100|[from] item: Life Orb
|move|p1a: Tyranitar|Earthquake|p2a: Genesect
|-damage|p2a: Genesect|41/100
|
|-weather|Sandstorm|[upkeep]
|upkeep
|turn|24
|
|t:|1630462163
|move|p2a: Genesect|Bug Buzz|p1a: Tyranitar
|-supereffective|p1a: Tyranitar
|-damage|p1a: Tyranitar|0 fnt
|faint|p1a: Tyranitar
|-damage|p2a: Genesect|31/100|[from] item: Life Orb
|
|-weather|Sandstorm|[upkeep]
|upkeep
|
|t:|1630462172
|switch|p1a: Zamazenta|Zamazenta-Crowned|100/100
|-ability|p1a: Zamazenta|Dauntless Shield|boost
|-boost|p1a: Zamazenta|def|1
|turn|25
|
|t:|1630462178
|move|p2a: Genesect|Thunderbolt|p1a: Zamazenta
|-damage|p1a: Zamazenta|63/100
|-damage|p2a: Genesect|21/100|[from] item: Life Orb
|move|p1a: Zamazenta|Revenge|p2a: Genesect
|-damage|p2a: Genesect|0 fnt
|faint|p2a: Genesect
|
|win|AtomicSpinach2
|raw|AtomicSpinach2's rating: 1483 &rarr; <strong>1508</strong><br />(+25 for winning)
|raw|arthurious's rating: 1569 &rarr; <strong>1544</strong><br />(-25 for losing)
