|j|☆h00h0hh0
|j|☆High ladder bros
|inactive|Battle timer is ON: inactive players will automatically lose when time's up.
|t:|1661823331
|gametype|singles
|player|p1|h00h0hh0|cheren|
|player|p2|High ladder bros|adaman|
|teamsize|p1|6
|teamsize|p2|6
|gen|8
|tier|[Gen 8] National Dex AG
|rated|Tournament battle
|rule|HP Percentage Mod: HP is shown in percentages
|rule|Endless Battle Clause: Forcing endless battles is banned
|clearpoke
|poke|p1|Zygarde|
|poke|p1|Necrozma-Dusk-Mane|
|poke|p1|Arceus-*|
|poke|p1|Gengar, M|
|poke|p1|Groudon|
|poke|p1|Yveltal|
|poke|p2|Arceus-*|
|poke|p2|Groudon|
|poke|p2|Necrozma-Dusk-Mane|
|poke|p2|Rayquaza|
|poke|p2|Arceus-*|
|poke|p2|Arceus-*|
|teampreview
|inactive|High ladder bros also wants the timer to be on.
|inactive|h00h0hh0 also wants the timer to be on.
|j| TaxFraud094
|j| lemoncell0
|
|t:|1661823343
|start
|switch|p1a: Gengar|Gengar, M|100/100
|switch|p2a: Rayquaza|Rayquaza|100/100
|-ability|p2a: Rayquaza|Air Lock
|turn|1
|c| TaxFraud094|please tell me he is using it
|j| PlayRisky4NoReason
|
|t:|1661823357
|switch|p1a: Arceus|Arceus-Fairy|100/100
|switch|p2a: Arceus|Arceus-Dark, shiny|100/100
|
|upkeep
|turn|2
|c| TaxFraud094|omg it would be so funny
|j| Iwosoky
|l| PlayRisky4NoReason
|c|☆High ladder bros|Nah
|c| lemoncell0|r i p
|c| TaxFraud094|cringe
|
|t:|1661823386
|switch|p1a: Gengar|Gengar, M|100/100
|switch|p2a: Groudon|Groudon, shiny|100/100
|detailschange|p2a: Groudon|Groudon-Primal, shiny
|-primal|p2a: Groudon
|-weather|DesolateLand|[from] ability: Desolate Land|[of] p2a: Groudon
|
|-weather|DesolateLand|[upkeep]
|upkeep
|turn|3
|c| Iwosoky|where's bidoof lol
|c| TaxFraud094|it has a good matchup here ngl
|
|t:|1661823392
|detailschange|p1a: Gengar|Gengar-Mega, M
|-mega|p1a: Gengar|Gengar|Gengarite
|move|p1a: Gengar|Substitute|p1a: Gengar
|-start|p1a: Gengar|Substitute
|-damage|p1a: Gengar|75/100
|move|p2a: Groudon|Rock Tomb|p1a: Gengar
|-end|p1a: Gengar|Substitute
|
|-weather|DesolateLand|[upkeep]
|upkeep
|turn|4
|
|t:|1661823395
|switch|p1a: Zygarde|Zygarde|100/100
|move|p2a: Groudon|Rock Tomb|p1a: Zygarde
|-resisted|p1a: Zygarde
|-damage|p1a: Zygarde|94/100
|-unboost|p1a: Zygarde|spe|1
|
|-weather|DesolateLand|[upkeep]
|-heal|p1a: Zygarde|99/100|[from] item: Leftovers
|upkeep
|turn|5
|
|t:|1661823398
|move|p2a: Groudon|Toxic|p1a: Zygarde
|-status|p1a: Zygarde|tox
|move|p1a: Zygarde|Thousand Waves|p2a: Groudon
|-supereffective|p2a: Groudon
|-damage|p2a: Groudon|69/100
|-activate|p2a: Groudon|trapped
|
|-weather|DesolateLand|[upkeep]
|-heal|p1a: Zygarde|100/100 tox|[from] item: Leftovers
|-damage|p1a: Zygarde|94/100 tox|[from] psn
|upkeep
|turn|6
|
|t:|1661823414
|move|p2a: Groudon|Stealth Rock|p1a: Zygarde
|-sidestart|p1: h00h0hh0|move: Stealth Rock
|move|p1a: Zygarde|Coil|p1a: Zygarde
|-boost|p1a: Zygarde|atk|1
|-boost|p1a: Zygarde|def|1
|-boost|p1a: Zygarde|accuracy|1
|
|-weather|DesolateLand|[upkeep]
|-heal|p1a: Zygarde|100/100 tox|[from] item: Leftovers
|-damage|p1a: Zygarde|88/100 tox|[from] psn
|upkeep
|turn|7
|c| TaxFraud094|imagine if you had Fissure now?
|j|#Seldanna
|inactive|High ladder bros has 120 seconds left.
|c|☆High ladder bros|Hol up how am I still trapped again
|
|t:|1661823456
|move|p2a: Groudon|Precipice Blades|p1a: Zygarde|[miss]
|-miss|p2a: Groudon|p1a: Zygarde
|move|p1a: Zygarde|Coil|p1a: Zygarde
|-boost|p1a: Zygarde|atk|1
|-boost|p1a: Zygarde|def|1
|-boost|p1a: Zygarde|accuracy|1
|
|-weather|DesolateLand|[upkeep]
|-heal|p1a: Zygarde|94/100 tox|[from] item: Leftovers
|-damage|p1a: Zygarde|76/100 tox|[from] psn
|upkeep
|turn|8
|
|t:|1661823460
|move|p2a: Groudon|Precipice Blades|p1a: Zygarde
|-damage|p1a: Zygarde|55/100 tox
|move|p1a: Zygarde|Coil|p1a: Zygarde
|-boost|p1a: Zygarde|atk|1
|-boost|p1a: Zygarde|def|1
|-boost|p1a: Zygarde|accuracy|1
|
|-weather|DesolateLand|[upkeep]
|-heal|p1a: Zygarde|62/100 tox|[from] item: Leftovers
|-damage|p1a: Zygarde|37/100 tox|[from] psn
|-activate|p1a: Zygarde|ability: Power Construct
|detailschange|p1a: Zygarde|Zygarde-Complete
|-heal|p1a: Zygarde|58/100 tox|[silent]
|upkeep
|turn|9
|inactive|High ladder bros has 120 seconds left.
|
|t:|1661823472
|move|p2a: Groudon|Rock Tomb|p1a: Zygarde
|-resisted|p1a: Zygarde
|-damage|p1a: Zygarde|57/100 tox
|-unboost|p1a: Zygarde|spe|1
|move|p1a: Zygarde|Rest|p1a: Zygarde
|-status|p1a: Zygarde|slp|[from] move: Rest
|-heal|p1a: Zygarde|100/100 slp|[silent]
|
|-weather|DesolateLand|[upkeep]
|upkeep
|turn|10
|
|t:|1661823475
|move|p2a: Groudon|Rock Tomb|p1a: Zygarde
|-resisted|p1a: Zygarde
|-crit|p1a: Zygarde
|-damage|p1a: Zygarde|94/100 slp
|-unboost|p1a: Zygarde|spe|1
|cant|p1a: Zygarde|slp
|
|-weather|DesolateLand|[upkeep]
|-heal|p1a: Zygarde|99/100 slp|[from] item: Leftovers
|upkeep
|turn|11
|
|t:|1661823479
|move|p2a: Groudon|Rock Tomb|p1a: Zygarde
|-resisted|p1a: Zygarde
|-damage|p1a: Zygarde|98/100 slp
|-unboost|p1a: Zygarde|spe|1
|cant|p1a: Zygarde|slp
|
|-weather|DesolateLand|[upkeep]
|-heal|p1a: Zygarde|100/100 slp|[from] item: Leftovers
|upkeep
|turn|12
|
|t:|1661823493
|move|p2a: Groudon|Precipice Blades|p1a: Zygarde
|-damage|p1a: Zygarde|89/100 slp
|-curestatus|p1a: Zygarde|slp|[msg]
|move|p1a: Zygarde|Coil|p1a: Zygarde
|-boost|p1a: Zygarde|atk|1
|-boost|p1a: Zygarde|def|1
|-boost|p1a: Zygarde|accuracy|1
|
|-weather|DesolateLand|[upkeep]
|-heal|p1a: Zygarde|95/100|[from] item: Leftovers
|upkeep
|turn|13
|
|t:|1661823496
|move|p2a: Groudon|Toxic|p1a: Zygarde
|-status|p1a: Zygarde|tox
|move|p1a: Zygarde|Coil|p1a: Zygarde
|-boost|p1a: Zygarde|atk|1
|-boost|p1a: Zygarde|def|1
|-boost|p1a: Zygarde|accuracy|1
|
|-weather|DesolateLand|[upkeep]
|-heal|p1a: Zygarde|100/100 tox|[from] item: Leftovers
|-damage|p1a: Zygarde|94/100 tox|[from] psn
|upkeep
|turn|14
|
|t:|1661823499
|move|p2a: Groudon|Precipice Blades|p1a: Zygarde
|-damage|p1a: Zygarde|87/100 tox
|move|p1a: Zygarde|Coil|p1a: Zygarde
|-boost|p1a: Zygarde|atk|1
|-boost|p1a: Zygarde|def|1
|-boost|p1a: Zygarde|accuracy|1
|
|-weather|DesolateLand|[upkeep]
|-heal|p1a: Zygarde|93/100 tox|[from] item: Leftovers
|-damage|p1a: Zygarde|81/100 tox|[from] psn
|upkeep
|turn|15
|
|t:|1661823503
|move|p2a: Groudon|Rock Tomb|p1a: Zygarde
|-resisted|p1a: Zygarde
|-crit|p1a: Zygarde
|-damage|p1a: Zygarde|74/100 tox
|-unboost|p1a: Zygarde|spe|1
|move|p1a: Zygarde|Rest|p1a: Zygarde
|-status|p1a: Zygarde|slp|[from] move: Rest
|-heal|p1a: Zygarde|100/100 slp|[silent]
|
|-weather|DesolateLand|[upkeep]
|upkeep
|turn|16
|
|t:|1661823510
|move|p2a: Groudon|Stealth Rock||[still]
|-fail|p2a: Groudon
|cant|p1a: Zygarde|slp
|
|-weather|DesolateLand|[upkeep]
|upkeep
|turn|17
|
|t:|1661823512
|move|p2a: Groudon|Stealth Rock||[still]
|-fail|p2a: Groudon
|cant|p1a: Zygarde|slp
|
|-weather|DesolateLand|[upkeep]
|upkeep
|turn|18
|
|t:|1661823516
|-start|p1a: Zygarde|Dynamax|
|-heal|p1a: Zygarde|100/100 slp|[silent]
|move|p2a: Groudon|Stealth Rock||[still]
|-fail|p2a: Groudon
|-curestatus|p1a: Zygarde|slp|[msg]
|move|p1a: Zygarde|Max Quake|p2a: Groudon
|-supereffective|p2a: Groudon
|-damage|p2a: Groudon|0 fnt
|-boost|p1a: Zygarde|spd|1
|faint|p2a: Groudon
|-weather|none
|
|upkeep
|j| ashfqwer
|c| TaxFraud094|omg imagine Fissure don here
|inactive|High ladder bros has 120 seconds left.
|l| TaxFraud094
|c| lemoncell0|smh hl bros
|
|t:|1661823556
|switch|p2a: Rayquaza|Rayquaza|100/100
|-ability|p2a: Rayquaza|Air Lock
|turn|19
|inactive|High ladder bros has 120 seconds left.
|
|t:|1661823573
|switch|p2a: Necrozma|Necrozma-Dusk-Mane, shiny|100/100
|move|p1a: Zygarde|Max Wyrmwind|p2a: Necrozma
|-resisted|p2a: Necrozma
|-crit|p2a: Necrozma
|-damage|p2a: Necrozma|10/100
|-unboost|p2a: Necrozma|atk|1
|
|upkeep
|turn|20
|l| lemoncell0
|
|t:|1661823598
|switch|p2a: Rayquaza|Rayquaza|100/100
|-ability|p2a: Rayquaza|Air Lock
|move|p1a: Zygarde|Max Quake|p2a: Rayquaza
|-immune|p2a: Rayquaza
|
|upkeep
|-end|p1a: Zygarde|Dynamax
|-heal|p1a: Zygarde|100/100|[silent]
|turn|21
|
|t:|1661823609
|detailschange|p2a: Rayquaza|Rayquaza-Mega
|-mega|p2a: Rayquaza|Rayquaza|
|-weather|DeltaStream|[from] ability: Delta Stream|[of] p2a: Rayquaza
|move|p2a: Rayquaza|Draco Meteor|p1a: Zygarde|[miss]
|-miss|p2a: Rayquaza|p1a: Zygarde
|move|p1a: Zygarde|Scale Shot|p2a: Rayquaza
|-supereffective|p2a: Rayquaza
|-damage|p2a: Rayquaza|20/100
|-supereffective|p2a: Rayquaza
|-damage|p2a: Rayquaza|0 fnt
|faint|p2a: Rayquaza
|-weather|none
|-hitcount|p2: Rayquaza|2
|-unboost|p1a: Zygarde|def|1
|-boost|p1a: Zygarde|spe|1
|
|upkeep
|
|t:|1661823614
|switch|p2a: Woe|Arceus-Water, shiny|100/100
|turn|22
|
|t:|1661823617
|move|p2a: Woe|Will-O-Wisp|p1a: Zygarde
|-status|p1a: Zygarde|brn
|move|p1a: Zygarde|Scale Shot|p2a: Woe
|-damage|p2a: Woe|90/100
|-damage|p2a: Woe|80/100
|-damage|p2a: Woe|69/100
|-damage|p2a: Woe|58/100
|-damage|p2a: Woe|49/100
|-hitcount|p2a: Woe|5
|-unboost|p1a: Zygarde|def|1
|-boost|p1a: Zygarde|spe|1
|
|-damage|p1a: Zygarde|94/100 brn|[from] brn
|upkeep
|turn|23
|
|t:|1661823622
|move|p2a: Woe|Recover|p2a: Woe
|-heal|p2a: Woe|99/100
|move|p1a: Zygarde|Thousand Waves|p2a: Woe
|-damage|p2a: Woe|60/100
|-activate|p2a: Woe|trapped
|
|-heal|p1a: Zygarde|100/100 brn|[from] item: Leftovers
|-damage|p1a: Zygarde|94/100 brn|[from] brn
|upkeep
|turn|24
|
|t:|1661823624
|-start|p2a: Woe|Dynamax|
|-heal|p2a: Woe|60/100|[silent]
|move|p2a: Woe|Max Hailstorm|p1a: Zygarde
|-supereffective|p1a: Zygarde
|-damage|p1a: Zygarde|46/100 brn
|-weather|Hail
|move|p1a: Zygarde|Scale Shot|p2a: Woe
|-damage|p2a: Woe|55/100
|-crit|p2a: Woe
|-damage|p2a: Woe|47/100
|-damage|p2a: Woe|42/100
|-damage|p2a: Woe|36/100
|-damage|p2a: Woe|31/100
|-hitcount|p2a: Woe|5
|-unboost|p1a: Zygarde|def|1
|-boost|p1a: Zygarde|spe|1
|
|-weather|Hail|[upkeep]
|-damage|p2a: Woe|28/100|[from] Hail
|-damage|p1a: Zygarde|40/100 brn|[from] Hail
|-heal|p1a: Zygarde|46/100 brn|[from] item: Leftovers
|-damage|p1a: Zygarde|40/100 brn|[from] brn
|upkeep
|turn|25
|
|t:|1661823633
|move|p2a: Woe|Max Hailstorm|p1a: Zygarde
|-supereffective|p1a: Zygarde
|-damage|p1a: Zygarde|0 fnt
|faint|p1a: Zygarde
|
|-weather|Hail|[upkeep]
|-damage|p2a: Woe|25/100|[from] Hail
|upkeep
|
|t:|1661823639
|switch|p1a: Arceus|Arceus-Fairy|100/100
|-damage|p1a: Arceus|88/100|[from] Stealth Rock
|turn|26
|
|t:|1661823644
|-end|p2a: Woe|Dynamax
|-heal|p2a: Woe|25/100|[silent]
|switch|p2a: Necrozma|Necrozma-Dusk-Mane, shiny|10/100
|move|p1a: Arceus|Calm Mind|p1a: Arceus
|-boost|p1a: Arceus|spa|1
|-boost|p1a: Arceus|spd|1
|
|-weather|Hail|[upkeep]
|-damage|p1a: Arceus|82/100|[from] Hail
|-damage|p2a: Necrozma|4/100|[from] Hail
|upkeep
|turn|27
|
|t:|1661823649
|move|p1a: Arceus|Judgment|p2a: Necrozma
|-resisted|p2a: Necrozma
|-damage|p2a: Necrozma|0 fnt
|faint|p2a: Necrozma
|
|-weather|Hail|[upkeep]
|-damage|p1a: Arceus|76/100|[from] Hail
|upkeep
|
|t:|1661823653
|switch|p2a: Ole reliable|Arceus-Ground, shiny|100/100
|turn|28
|
|t:|1661823655
|move|p2a: Ole reliable|Calm Mind|p2a: Ole reliable
|-boost|p2a: Ole reliable|spa|1
|-boost|p2a: Ole reliable|spd|1
|move|p1a: Arceus|Judgment|p2a: Ole reliable
|-damage|p2a: Ole reliable|64/100
|
|-weather|none
|upkeep
|turn|29
|
|t:|1661823658
|switch|p1a: Yveltal|Yveltal|100/100
|-ability|p1a: Yveltal|Dark Aura
|move|p2a: Ole reliable|Calm Mind|p2a: Ole reliable
|-boost|p2a: Ole reliable|spa|1
|-boost|p2a: Ole reliable|spd|1
|
|upkeep
|turn|30
|
|t:|1661823661
|move|p2a: Ole reliable|Ice Beam|p1a: Yveltal
|-supereffective|p1a: Yveltal
|-damage|p1a: Yveltal|32/100
|move|p1a: Yveltal|Snarl|p2a: Ole reliable
|-damage|p2a: Ole reliable|51/100
|-unboost|p2a: Ole reliable|spa|1
|
|upkeep
|turn|31
|
|t:|1661823663
|move|p2a: Ole reliable|Ice Beam|p1a: Yveltal
|-supereffective|p1a: Yveltal
|-damage|p1a: Yveltal|0 fnt
|faint|p1a: Yveltal
|
|upkeep
|
|t:|1661823669
|switch|p1a: Gengar|Gengar-Mega, M|75/100
|-damage|p1a: Gengar|63/100|[from] Stealth Rock
|turn|32
|
|t:|1661823675
|move|p1a: Gengar|Substitute|p1a: Gengar
|-start|p1a: Gengar|Substitute
|-damage|p1a: Gengar|38/100
|move|p2a: Ole reliable|Judgment|p1a: Gengar
|-supereffective|p1a: Gengar
|-end|p1a: Gengar|Substitute
|
|upkeep
|turn|33
|
|t:|1661823677
|move|p1a: Gengar|Disable|p2a: Ole reliable
|-start|p2a: Ole reliable|Disable|Judgment
|cant|p2a: Ole reliable|Disable|Judgment
|
|upkeep
|turn|34
|
|t:|1661823681
|move|p1a: Gengar|Encore|p2a: Ole reliable
|-start|p2a: Ole reliable|Encore
|cant|p2a: Ole reliable|Disable|Judgment
|
|upkeep
|turn|35
|
|t:|1661823691
|move|p1a: Gengar|Perish Song|p1a: Gengar
|-start|p1a: Gengar|perish3|[silent]
|-start|p2a: Ole reliable|perish3|[silent]
|-fieldactivate|move: Perish Song
|-activate|p2a: Ole reliable|move: Struggle
|move|p2a: Ole reliable|Struggle|p1a: Gengar
|-damage|p1a: Gengar|25/100
|-damage|p2a: Ole reliable|26/100|[from] recoil
|
|-start|p1a: Gengar|perish3
|-start|p2a: Ole reliable|perish3
|upkeep
|turn|36
|
|t:|1661823695
|move|p1a: Gengar|Substitute|p1a: Gengar
|-fail|p1a: Gengar|move: Substitute|[weak]
|-activate|p2a: Ole reliable|move: Struggle
|move|p2a: Ole reliable|Struggle|p1a: Gengar
|-damage|p1a: Gengar|11/100
|-damage|p2a: Ole reliable|0 fnt|[from] recoil
|faint|p2a: Ole reliable
|
|-start|p1a: Gengar|perish2
|upkeep
|
|t:|1661823699
|switch|p2a: Arceus|Arceus-Dark, shiny|100/100
|turn|37
|
|t:|1661823702
|move|p1a: Gengar|Perish Song|p1a: Gengar
|-start|p2a: Arceus|perish3|[silent]
|-fieldactivate|move: Perish Song
|move|p2a: Arceus|Judgment|p1a: Gengar
|-supereffective|p1a: Gengar
|-damage|p1a: Gengar|0 fnt
|faint|p1a: Gengar
|
|-start|p2a: Arceus|perish3
|upkeep
|
|t:|1661823704
|switch|p1a: Arceus|Arceus-Fairy|76/100
|-damage|p1a: Arceus|63/100|[from] Stealth Rock
|turn|38
|
|t:|1661823709
|move|p1a: Arceus|Calm Mind|p1a: Arceus
|-boost|p1a: Arceus|spa|1
|-boost|p1a: Arceus|spd|1
|move|p2a: Arceus|Toxic|p1a: Arceus
|-status|p1a: Arceus|tox
|
|-damage|p1a: Arceus|57/100 tox|[from] psn
|-start|p2a: Arceus|perish2
|upkeep
|turn|39
|
|t:|1661823712
|move|p1a: Arceus|Recover|p1a: Arceus
|-heal|p1a: Arceus|100/100 tox
|move|p2a: Arceus|Judgment|p1a: Arceus
|-resisted|p1a: Arceus
|-damage|p1a: Arceus|90/100 tox
|
|-damage|p1a: Arceus|78/100 tox|[from] psn
|-start|p2a: Arceus|perish1
|upkeep
|turn|40
|
|t:|1661823715
|switch|p2a: Woe|Arceus-Water, shiny|25/100
|move|p1a: Arceus|Calm Mind|p1a: Arceus
|-boost|p1a: Arceus|spa|1
|-boost|p1a: Arceus|spd|1
|
|-damage|p1a: Arceus|60/100 tox|[from] psn
|upkeep
|turn|41
|
|t:|1661823717
|move|p1a: Arceus|Refresh|p1a: Arceus
|-curestatus|p1a: Arceus|tox|[msg]
|move|p2a: Woe|Recover|p2a: Woe
|-heal|p2a: Woe|75/100
|
|upkeep
|turn|42
|l| ashfqwer
|inactive|High ladder bros has 120 seconds left.
|c|☆High ladder bros|Forever second lmao ggs whatever
|-message|High ladder bros forfeited.
|
|win|h00h0hh0
|n|☆h00h0hh0|h00h0hh0
|n|☆High ladder bros|highladderbros
|n| Iwosoky|iwosoky
|n|%Seldanna|seldanna
