|j|☆IU dlwlrma
|j|☆ArceusMaliciousJR
|t:|1644320513
|gametype|singles
|player|p1|IU dlwlrma|youngster-gen4|1870
|player|p2|ArceusMaliciousJR|steven|2016
|teamsize|p1|6
|teamsize|p2|6
|gen|8
|tier|[Gen 8] National Dex AG
|rated|
|rule|HP Percentage Mod: HP is shown in percentages
|rule|Endless Battle Clause: Forcing endless battles is banned
|clearpoke
|poke|p1|Arceus-*|
|poke|p1|Ditto|
|poke|p1|Chansey, F|
|poke|p1|Lugia|
|poke|p1|Groudon|
|poke|p1|Arceus-*|
|poke|p2|Xerneas-*|
|poke|p2|Necrozma-Dusk-Mane|
|poke|p2|Rayquaza|
|poke|p2|Yveltal|
|poke|p2|Arceus-*|
|poke|p2|Groudon|
|teampreview
|inactive|Battle timer is ON: inactive players will automatically lose when time's up. (requested by ArceusMaliciousJR)
|inactive|ArceusMaliciousJR has 120 seconds left.
|inactive|ArceusMaliciousJR has 90 seconds left.
|inactive|ArceusMaliciousJR has 60 seconds left.
|
|t:|1644320631
|start
|switch|p1a: 루기아|Lugia|100/100
|switch|p2a: Rayquaza|Rayquaza|100/100
|-ability|p2a: Rayquaza|Air Lock
|turn|1
|
|t:|1644320639
|switch|p2a: Necrozma|Necrozma-Dusk-Mane|100/100
|move|p1a: 루기아|Toxic|p2a: Necrozma
|-immune|p2a: Necrozma
|
|upkeep
|turn|2
|
|t:|1644320647
|switch|p1a: 악르세우스|Arceus-Dark|100/100
|move|p2a: Necrozma|Photon Geyser|p1a: 악르세우스
|-immune|p1a: 악르세우스
|
|upkeep
|turn|3
|
|t:|1644320654
|switch|p2a: Groudon|Groudon|100/100
|detailschange|p2a: Groudon|Groudon-Primal
|-primal|p2a: Groudon
|-weather|DesolateLand|[from] ability: Desolate Land|[of] p2a: Groudon
|move|p1a: 악르세우스|Calm Mind|p1a: 악르세우스
|-boost|p1a: 악르세우스|spa|1
|-boost|p1a: 악르세우스|spd|1
|
|-weather|DesolateLand|[upkeep]
|upkeep
|turn|4
|
|t:|1644320678
|move|p1a: 악르세우스|Judgment|p2a: Groudon
|-damage|p2a: Groudon|56/100
|move|p2a: Groudon|Stealth Rock|p1a: 악르세우스
|-sidestart|p1: IU dlwlrma|move: Stealth Rock
|
|-weather|DesolateLand|[upkeep]
|upkeep
|turn|5
|
|t:|1644320685
|move|p1a: 악르세우스|Judgment|p2a: Groudon
|-damage|p2a: Groudon|11/100
|move|p2a: Groudon|Thunder Wave|p1a: 악르세우스
|-status|p1a: 악르세우스|par
|
|-weather|DesolateLand|[upkeep]
|upkeep
|turn|6
|
|t:|1644320690
|move|p1a: 악르세우스|Refresh|p1a: 악르세우스
|-curestatus|p1a: 악르세우스|par|[msg]
|move|p2a: Groudon|Roar|p1a: 악르세우스
|drag|p1a: 그란돈|Groudon|100/100
|-damage|p1a: 그란돈|94/100|[from] Stealth Rock
|detailschange|p1a: 그란돈|Groudon-Primal
|-primal|p1a: 그란돈
|
|-weather|DesolateLand|[upkeep]
|upkeep
|turn|7
|
|t:|1644320697
|switch|p2a: Rayquaza|Rayquaza|100/100
|-ability|p2a: Rayquaza|Air Lock
|-weather|none
|switch|p1a: 루기아|Lugia|100/100
|-damage|p1a: 루기아|75/100|[from] Stealth Rock
|
|upkeep
|turn|8
|
|t:|1644320701
|detailschange|p2a: Rayquaza|Rayquaza-Mega
|-mega|p2a: Rayquaza|Rayquaza|
|-weather|DeltaStream|[from] ability: Delta Stream|[of] p2a: Rayquaza
|move|p2a: Rayquaza|Dragon Ascent|p1a: 루기아
|-damage|p1a: 루기아|21/100
|-unboost|p2a: Rayquaza|def|1
|-unboost|p2a: Rayquaza|spd|1
|-damage|p2a: Rayquaza|84/100|[from] item: Rocky Helmet|[of] p1a: 루기아
|-damage|p2a: Rayquaza|74/100|[from] item: Life Orb
|move|p1a: 루기아|Roost|p1a: 루기아
|-heal|p1a: 루기아|71/100
|-singleturn|p1a: 루기아|move: Roost
|
|-weather|DeltaStream|[upkeep]
|upkeep
|turn|9
|
|t:|1644320708
|move|p2a: Rayquaza|Dragon Ascent|p1a: 루기아
|-damage|p1a: 루기아|20/100
|-unboost|p2a: Rayquaza|def|1
|-unboost|p2a: Rayquaza|spd|1
|-damage|p2a: Rayquaza|58/100|[from] item: Rocky Helmet|[of] p1a: 루기아
|-damage|p2a: Rayquaza|48/100|[from] item: Life Orb
|move|p1a: 루기아|Roost|p1a: 루기아
|-heal|p1a: 루기아|70/100
|-singleturn|p1a: 루기아|move: Roost
|
|-weather|DeltaStream|[upkeep]
|upkeep
|turn|10
|
|t:|1644320713
|move|p2a: Rayquaza|Dragon Ascent|p1a: 루기아
|-damage|p1a: 루기아|19/100
|-unboost|p2a: Rayquaza|def|1
|-unboost|p2a: Rayquaza|spd|1
|-damage|p2a: Rayquaza|31/100|[from] item: Rocky Helmet|[of] p1a: 루기아
|-damage|p2a: Rayquaza|21/100|[from] item: Life Orb
|move|p1a: 루기아|Aeroblast|p2a: Rayquaza
|-damage|p2a: Rayquaza|0 fnt
|faint|p2a: Rayquaza
|-weather|none
|
|upkeep
|
|t:|1644320730
|switch|p2a: Arceus|Arceus|100/100
|turn|11
|
|t:|1644320737
|move|p2a: Arceus|Extreme Speed|p1a: 루기아
|-damage|p1a: 루기아|0 fnt
|-damage|p2a: Arceus|84/100|[from] item: Rocky Helmet|[of] p1a: 루기아
|faint|p1a: 루기아
|-damage|p2a: Arceus|74/100|[from] item: Life Orb
|
|upkeep
|inactive|IU dlwlrma has 120 seconds left.
|
|t:|1644320770
|switch|p1a: 아르세우스|Arceus-Fairy|100/100
|-damage|p1a: 아르세우스|88/100|[from] Stealth Rock
|turn|12
|
|t:|1644320778
|switch|p2a: Groudon|Groudon-Primal|11/100
|-weather|DesolateLand|[from] ability: Desolate Land|[of] p2a: Groudon
|move|p1a: 아르세우스|Calm Mind|p1a: 아르세우스
|-boost|p1a: 아르세우스|spa|1
|-boost|p1a: 아르세우스|spd|1
|
|-weather|DesolateLand|[upkeep]
|upkeep
|turn|13
|
|t:|1644320783
|move|p1a: 아르세우스|Earth Power|p2a: Groudon
|-supereffective|p2a: Groudon
|-damage|p2a: Groudon|0 fnt
|faint|p2a: Groudon
|-weather|none
|
|upkeep
|
|t:|1644320796
|switch|p2a: Necrozma|Necrozma-Dusk-Mane|100/100
|turn|14
|
|t:|1644320799
|detailschange|p2a: Necrozma|Necrozma-Ultra
|-burst|p2a: Necrozma|Necrozma|Ultranecrozium Z
|-start|p1a: 아르세우스|Dynamax
|-heal|p1a: 아르세우스|88/100|[silent]
|move|p2a: Necrozma|Dragon Dance|p2a: Necrozma
|-boost|p2a: Necrozma|atk|1
|-boost|p2a: Necrozma|spe|1
|move|p1a: 아르세우스|Max Quake|p2a: Necrozma
|-damage|p2a: Necrozma|51/100
|-boost|p1a: 아르세우스|spd|1
|
|upkeep
|turn|15
|
|t:|1644320811
|-zpower|p2a: Necrozma
|move|p2a: Necrozma|Light That Burns the Sky|p1a: 아르세우스|[zeffect]
|-damage|p1a: 아르세우스|41/100
|move|p1a: 아르세우스|Max Starfall|p2a: Necrozma
|-supereffective|p2a: Necrozma
|-damage|p2a: Necrozma|0 fnt
|-fieldstart|move: Misty Terrain
|faint|p2a: Necrozma
|
|upkeep
|
|t:|1644320824
|switch|p2a: Arceus|Arceus|74/100
|turn|16
|
|t:|1644320828
|move|p2a: Arceus|Swords Dance|p2a: Arceus
|-boost|p2a: Arceus|atk|2
|move|p1a: 아르세우스|Max Starfall|p2a: Arceus
|-crit|p2a: Arceus
|-damage|p2a: Arceus|0 fnt
|faint|p2a: Arceus
|
|-end|p1a: 아르세우스|Dynamax
|-heal|p1a: 아르세우스|41/100|[silent]
|upkeep
|
|t:|1644320838
|switch|p2a: Xerneas|Xerneas|100/100
|-ability|p2a: Xerneas|Fairy Aura
|turn|17
|
|t:|1644320840
|move|p1a: 아르세우스|Recover|p1a: 아르세우스
|-heal|p1a: 아르세우스|91/100
|move|p2a: Xerneas|Geomancy||[still]
|-prepare|p2a: Xerneas|Geomancy
|-enditem|p2a: Xerneas|Power Herb
|-anim|p2a: Xerneas|Geomancy|p2a: Xerneas
|-boost|p2a: Xerneas|spa|2
|-boost|p2a: Xerneas|spd|2
|-boost|p2a: Xerneas|spe|2
|
|upkeep
|turn|18
|
|t:|1644320845
|move|p2a: Xerneas|Geomancy||[still]
|-prepare|p2a: Xerneas|Geomancy
|move|p1a: 아르세우스|Recover|p1a: 아르세우스
|-heal|p1a: 아르세우스|100/100
|
|upkeep
|turn|19
|
|t:|1644320847
|move|p2a: Xerneas|Geomancy|p2a: Xerneas|[from]lockedmove
|-boost|p2a: Xerneas|spa|2
|-boost|p2a: Xerneas|spd|2
|-boost|p2a: Xerneas|spe|2
|move|p1a: 아르세우스|Calm Mind|p1a: 아르세우스
|-boost|p1a: 아르세우스|spa|1
|-boost|p1a: 아르세우스|spd|1
|
|-fieldend|Misty Terrain
|upkeep
|turn|20
|
|t:|1644320861
|move|p2a: Xerneas|Moonblast|p1a: 아르세우스
|-damage|p1a: 아르세우스|40/100
|move|p1a: 아르세우스|Calm Mind|p1a: 아르세우스
|-boost|p1a: 아르세우스|spa|1
|-boost|p1a: 아르세우스|spd|1
|
|upkeep
|turn|21
|
|t:|1644320870
|move|p2a: Xerneas|Moonblast|p1a: 아르세우스
|-damage|p1a: 아르세우스|0 fnt
|faint|p1a: 아르세우스
|
|upkeep
|
|t:|1644320876
|switch|p1a: 그란돈|Groudon-Primal|94/100
|-damage|p1a: 그란돈|82/100|[from] Stealth Rock
|-weather|DesolateLand|[from] ability: Desolate Land|[of] p1a: 그란돈
|turn|22
|
|t:|1644320880
|move|p2a: Xerneas|Hidden Power|p1a: 그란돈
|-supereffective|p1a: 그란돈
|-damage|p1a: 그란돈|0 fnt
|faint|p1a: 그란돈
|-weather|none
|
|upkeep
|
|t:|1644320882
|switch|p1a: 럭키|Chansey, F|100/100
|-damage|p1a: 럭키|88/100|[from] Stealth Rock
|turn|23
|
|t:|1644320890
|-start|p2a: Xerneas|Dynamax
|-heal|p2a: Xerneas|100/100|[silent]
|move|p1a: 럭키|Protect|p1a: 럭키
|-singleturn|p1a: 럭키|Protect
|move|p2a: Xerneas|Max Starfall|p1a: 럭키
|-zbroken|p1a: 럭키
|-damage|p1a: 럭키|66/100
|-fieldstart|move: Misty Terrain
|
|upkeep
|turn|24
|
|t:|1644320899
|switch|p1a: 악르세우스|Arceus-Dark|100/100
|-damage|p1a: 악르세우스|88/100|[from] Stealth Rock
|move|p2a: Xerneas|Max Starfall|p1a: 악르세우스
|-supereffective|p1a: 악르세우스
|-damage|p1a: 악르세우스|0 fnt
|faint|p1a: 악르세우스
|
|upkeep
|
|t:|1644320901
|switch|p1a: 럭키|Chansey, F|66/100
|-damage|p1a: 럭키|54/100|[from] Stealth Rock
|turn|25
|
|t:|1644320906
|move|p1a: 럭키|Protect|p1a: 럭키
|-singleturn|p1a: 럭키|Protect
|move|p2a: Xerneas|Max Starfall|p1a: 럭키
|-zbroken|p1a: 럭키
|-damage|p1a: 럭키|30/100
|
|-end|p2a: Xerneas|Dynamax
|-heal|p2a: Xerneas|100/100|[silent]
|upkeep
|turn|26
|
|t:|1644320911
|move|p2a: Xerneas|Moonblast|p1a: 럭키
|-damage|p1a: 럭키|0 fnt
|faint|p1a: 럭키
|
|upkeep
|
|t:|1644320913
|switch|p1a: 메타몽|Ditto|100/100
|-damage|p1a: 메타몽|88/100|[from] Stealth Rock
|-transform|p1a: 메타몽|p2a: Xerneas|[from] ability: Imposter
|-ability|p1a: 메타몽|Fairy Aura
|turn|27
|
|t:|1644320916
|move|p1a: 메타몽|Moonblast|p2a: Xerneas
|-damage|p2a: Xerneas|42/100
|move|p2a: Xerneas|Moonblast|p1a: 메타몽
|-damage|p1a: 메타몽|7/100
|
|-fieldend|Misty Terrain
|upkeep
|turn|28
|
|t:|1644320922
|move|p1a: 메타몽|Moonblast|p2a: Xerneas
|-damage|p2a: Xerneas|0 fnt
|faint|p2a: Xerneas
|
|upkeep
|
|t:|1644320924
|switch|p2a: Yveltal|Yveltal|100/100
|-ability|p2a: Yveltal|Dark Aura
|turn|29
|
|t:|1644320927
|move|p2a: Yveltal|Sucker Punch|p1a: 메타몽
|-resisted|p1a: 메타몽
|-crit|p1a: 메타몽
|-damage|p1a: 메타몽|0 fnt
|faint|p1a: 메타몽
|-damage|p2a: Yveltal|91/100|[from] item: Life Orb
|
|win|ArceusMaliciousJR
|raw|IU dlwlrma's rating: 1870 &rarr; <strong>1858</strong><br />(-12 for losing)
|raw|ArceusMaliciousJR's rating: 2016 &rarr; <strong>2028</strong><br />(+12 for winning)
|l|☆IU dlwlrma
