|j|☆WamBam Combo
|j|☆Ghosterol
|t:|1667926837
|gametype|singles
|player|p1|WamBam Combo|roughneck-gen4|
|player|p2|Ghosterol|n-masters|
|teamsize|p1|6
|teamsize|p2|6
|gen|8
|tier|[Gen 8] National Dex AG
|rated|Tournament battle
|rule|HP Percentage Mod: HP is shown in percentages
|rule|Endless Battle Clause: Forcing endless battles is banned
|rule|Dynamax Clause: You cannot dynamax
|rule|Evasion Moves Clause: Evasion moves are banned
|rule|Mega Rayquaza Clause: You cannot mega evolve Rayquaza
|rule|OHKO Clause: OHKO moves are banned
|rule|Same Type Clause: Pokémon in a team must share a type
|rule|Sleep Clause Mod: Limit one foe put to sleep
|rule|Species Clause: Limit one of each Pokémon
|clearpoke
|poke|p1|Ribombee, F|
|poke|p1|Mimikyu, M|
|poke|p1|Azumarill, F|
|poke|p1|Grimmsnarl, M|
|poke|p1|Ninetales-Alola, F|
|poke|p1|Tapu Lele|
|poke|p2|Groudon|
|poke|p2|Landorus-Therian, M|
|poke|p2|Arceus-*|
|poke|p2|Steelix, F|
|poke|p2|Zygarde|
|poke|p2|Mamoswine, F|
|teampreview
|inactive|Battle timer is ON: inactive players will automatically lose when time's up. (requested by Ghosterol)
|
|t:|1667926849
|start
|switch|p1a: Ribombee|Ribombee, F|100/100
|switch|p2a: Landorus|Landorus-Therian, M|100/100
|-ability|p2a: Landorus|Intimidate|boost
|-unboost|p1a: Ribombee|atk|1
|turn|1
|inactive|Ghosterol has 120 seconds left.
|inactive|Ghosterol has 90 seconds left.
|
|t:|1667926923
|move|p1a: Ribombee|Stun Spore|p2a: Landorus|[miss]
|-miss|p1a: Ribombee|p2a: Landorus
|move|p2a: Landorus|Stealth Rock|p1a: Ribombee
|-sidestart|p1: WamBam Combo|move: Stealth Rock
|
|upkeep
|turn|2
|
|t:|1667926929
|move|p1a: Ribombee|Stun Spore|p2a: Landorus|[miss]
|-miss|p1a: Ribombee|p2a: Landorus
|move|p2a: Landorus|Explosion|p1a: Ribombee
|-enditem|p1a: Ribombee|Focus Sash
|-damage|p1a: Ribombee|1/100
|faint|p2a: Landorus
|
|upkeep
|
|t:|1667926936
|switch|p2a: Mamoswine|Mamoswine, F|100/100
|turn|3
|
|t:|1667926940
|move|p2a: Mamoswine|Ice Shard|p1a: Ribombee
|-damage|p1a: Ribombee|0 fnt
|faint|p1a: Ribombee
|
|upkeep
|
|t:|1667926946
|switch|p1a: Azumarill|Azumarill, F|100/100
|-damage|p1a: Azumarill|88/100|[from] Stealth Rock
|turn|4
|
|t:|1667926951
|switch|p2a: Steelix|Steelix, F|100/100
|move|p1a: Azumarill|Substitute|p1a: Azumarill
|-start|p1a: Azumarill|Substitute
|-damage|p1a: Azumarill|63/100
|
|-heal|p1a: Azumarill|69/100|[from] item: Leftovers
|upkeep
|turn|5
|j| caroline u-u
|
|t:|1667926960
|detailschange|p2a: Steelix|Steelix-Mega, F
|-mega|p2a: Steelix|Steelix|Steelixite
|move|p1a: Azumarill|Belly Drum|p1a: Azumarill
|-damage|p1a: Azumarill|20/100
|-setboost|p1a: Azumarill|atk|6|[from] move: Belly Drum
|move|p2a: Steelix|Gyro Ball|p1a: Azumarill
|-end|p1a: Azumarill|Substitute
|
|-heal|p1a: Azumarill|26/100|[from] item: Leftovers
|upkeep
|turn|6
|c| caroline u-u|one of em aint even using ubers oh my lord
|
|t:|1667926970
|move|p1a: Azumarill|Aqua Jet|p2a: Steelix
|-supereffective|p2a: Steelix
|-damage|p2a: Steelix|10/100
|move|p2a: Steelix|Gyro Ball|p1a: Azumarill
|-damage|p1a: Azumarill|0 fnt
|faint|p1a: Azumarill
|
|upkeep
|
|t:|1667926982
|switch|p1a: Grimmsnarl|Grimmsnarl, M|100/100
|-damage|p1a: Grimmsnarl|88/100|[from] Stealth Rock
|turn|7
|l| caroline u-u
|inactive|Ghosterol has 120 seconds left.
|inactive|Ghosterol has 90 seconds left.
|inactive|Ghosterol has 60 seconds left.
|
|t:|1667927055
|move|p1a: Grimmsnarl|Reflect|p1a: Grimmsnarl
|-sidestart|p1: WamBam Combo|Reflect
|move|p2a: Steelix|Explosion|p1a: Grimmsnarl
|-damage|p1a: Grimmsnarl|19/100
|-enditem|p1a: Grimmsnarl|Sitrus Berry|[eat]
|-heal|p1a: Grimmsnarl|44/100|[from] item: Sitrus Berry
|faint|p2a: Steelix
|
|upkeep
|inactive|Ghosterol has 60 seconds left.
|
|t:|1667927062
|switch|p2a: Mamoswine|Mamoswine, F|100/100
|turn|8
|
|t:|1667927071
|move|p1a: Grimmsnarl|Light Screen|p1a: Grimmsnarl
|-sidestart|p1: WamBam Combo|move: Light Screen
|move|p2a: Mamoswine|Earthquake|p1a: Grimmsnarl
|-damage|p1a: Grimmsnarl|0 fnt
|faint|p1a: Grimmsnarl
|
|upkeep
|
|t:|1667927075
|switch|p1a: Ninetales|Ninetales-Alola, F|100/100
|-weather|Hail|[from] ability: Snow Warning|[of] p1a: Ninetales
|turn|9
|inactive|Ghosterol has 60 seconds left.
|inactive|Ghosterol has 30 seconds left.
|inactive|Ghosterol has 20 seconds left.
|inactive|Ghosterol has 15 seconds left.
|inactive|Ghosterol has 10 seconds left.
|inactive|Ghosterol has 5 seconds left.
|
|t:|1667927157
|move|p1a: Ninetales|Calm Mind|p1a: Ninetales
|-boost|p1a: Ninetales|spa|1
|-boost|p1a: Ninetales|spd|1
|move|p2a: Mamoswine|Earthquake|p1a: Ninetales
|-damage|p1a: Ninetales|38/100
|
|-weather|Hail|[upkeep]
|upkeep
|turn|10
|inactive|Ghosterol has 15 seconds left this turn.
|inactive|Ghosterol has 10 seconds left.
|inactive|Ghosterol has 5 seconds left.
|-message|Ghosterol lost due to inactivity.
|
|win|WamBam Combo
|n|☆WamBam Combo|wambamcombo
|n|☆Ghosterol|ghosterol
