|j|☆kasak
|j|☆Neutralist
|t:|1610780288
|player|p1|kasak|youngster-gen4|1898
|player|p2|Neutralist|hilbert-dueldisk|1760
|teamsize|p1|6
|teamsize|p2|6
|gametype|singles
|gen|8
|tier|[Gen 8] National Dex AG
|rated|
|clearpoke
|poke|p1|Arceus-*|
|poke|p1|Ditto|
|poke|p1|Groudon|
|poke|p1|Sableye, F|
|poke|p1|Chansey, F|
|poke|p1|Lugia|
|poke|p2|Groudon|
|poke|p2|Kyogre|
|poke|p2|Yveltal|
|poke|p2|Zacian-Crowned|
|poke|p2|Rayquaza|
|poke|p2|Necrozma-Dusk-Mane|
|rule|HP Percentage Mod: HP is shown in percentages
|rule|Endless Battle Clause: Forcing endless battles is banned
|teampreview
|
|t:|1610780296
|start
|switch|p1a: 깜까미|Sableye, F|100/100
|switch|p2a: crappy junk|Necrozma-Dusk-Mane|100/100
|turn|1
|
|t:|1610780300
|detailschange|p1a: 깜까미|Sableye-Mega, F
|-mega|p1a: 깜까미|Sableye|Sablenite
|move|p2a: crappy junk|Sunsteel Strike|p1a: 깜까미
|-damage|p1a: 깜까미|64/100
|move|p1a: 깜까미|Will-O-Wisp|p2a: crappy junk
|-status|p2a: crappy junk|brn
|
|-damage|p2a: crappy junk|94/100 brn|[from] brn
|upkeep
|turn|2
|
|t:|1610780305
|switch|p2a: dumpster fire|Groudon|100/100
|detailschange|p2a: dumpster fire|Groudon-Primal
|-primal|p2a: dumpster fire
|-weather|DesolateLand|[from] ability: Desolate Land|[of] p2a: dumpster fire
|move|p1a: 깜까미|Recover|p1a: 깜까미
|-heal|p1a: 깜까미|100/100
|
|-weather|DesolateLand|[upkeep]
|upkeep
|turn|3
|
|t:|1610780310
|switch|p1a: 루기아|Lugia|100/100
|move|p2a: dumpster fire|Hidden Power|p1a: 루기아
|-supereffective|p1a: 루기아
|-damage|p1a: 루기아|85/100
|
|-weather|DesolateLand|[upkeep]
|upkeep
|turn|4
|
|t:|1610780317
|-weather|none
|switch|p2a: literal trash|Yveltal|100/100
|-ability|p2a: literal trash|Dark Aura
|move|p1a: 루기아|Roost|p1a: 루기아
|-heal|p1a: 루기아|100/100
|-singleturn|p1a: 루기아|move: Roost
|
|upkeep
|turn|5
|
|t:|1610780324
|switch|p2a: crappy junk|Necrozma-Dusk-Mane|94/100 brn
|move|p1a: 루기아|Toxic||[still]
|-fail|p1a: 루기아
|
|-damage|p2a: crappy junk|88/100 brn|[from] brn
|upkeep
|turn|6
|
|t:|1610780330
|switch|p1a: 깜까미|Sableye-Mega, F|100/100
|move|p2a: crappy junk|Knock Off|p1a: 깜까미
|-damage|p1a: 깜까미|93/100
|
|-damage|p2a: crappy junk|82/100 brn|[from] brn
|upkeep
|turn|7
|
|t:|1610780338
|switch|p2a: dumpster fire|Groudon-Primal|100/100
|-weather|DesolateLand|[from] ability: Desolate Land|[of] p2a: dumpster fire
|move|p1a: 깜까미|Will-O-Wisp|p2a: dumpster fire
|-immune|p2a: dumpster fire
|
|-weather|DesolateLand|[upkeep]
|upkeep
|turn|8
|
|t:|1610780341
|switch|p1a: 루기아|Lugia|100/100
|move|p2a: dumpster fire|Swords Dance|p2a: dumpster fire
|-boost|p2a: dumpster fire|atk|2
|
|-weather|DesolateLand|[upkeep]
|upkeep
|turn|9
|
|t:|1610780345
|move|p1a: 루기아|Toxic|p2a: dumpster fire
|-status|p2a: dumpster fire|tox
|move|p2a: dumpster fire|Heat Crash|p1a: 루기아
|-damage|p1a: 루기아|65/100
|-damage|p2a: dumpster fire|84/100 tox|[from] item: Rocky Helmet|[of] p1a: 루기아
|
|-weather|DesolateLand|[upkeep]
|-damage|p2a: dumpster fire|78/100 tox|[from] psn
|upkeep
|turn|10
|
|t:|1610780350
|move|p1a: 루기아|Roost|p1a: 루기아
|-heal|p1a: 루기아|100/100
|-singleturn|p1a: 루기아|move: Roost
|move|p2a: dumpster fire|Precipice Blades|p1a: 루기아
|-damage|p1a: 루기아|72/100
|
|-weather|DesolateLand|[upkeep]
|-damage|p2a: dumpster fire|65/100 tox|[from] psn
|upkeep
|turn|11
|
|t:|1610780360
|move|p1a: 루기아|Roost|p1a: 루기아
|-heal|p1a: 루기아|100/100
|-singleturn|p1a: 루기아|move: Roost
|move|p2a: dumpster fire|Hidden Power|p1a: 루기아
|-damage|p1a: 루기아|94/100
|
|-weather|DesolateLand|[upkeep]
|-damage|p2a: dumpster fire|47/100 tox|[from] psn
|upkeep
|turn|12
|
|t:|1610780366
|move|p1a: 루기아|Roost|p1a: 루기아
|-heal|p1a: 루기아|100/100
|-singleturn|p1a: 루기아|move: Roost
|move|p2a: dumpster fire|Heat Crash|p1a: 루기아
|-damage|p1a: 루기아|63/100
|-damage|p2a: dumpster fire|30/100 tox|[from] item: Rocky Helmet|[of] p1a: 루기아
|
|-weather|DesolateLand|[upkeep]
|-damage|p2a: dumpster fire|5/100 tox|[from] psn
|upkeep
|turn|13
|
|t:|1610780373
|move|p1a: 루기아|Roost|p1a: 루기아
|-heal|p1a: 루기아|100/100
|-singleturn|p1a: 루기아|move: Roost
|move|p2a: dumpster fire|Heat Crash|p1a: 루기아
|-damage|p1a: 루기아|64/100
|-damage|p2a: dumpster fire|0 fnt|[from] item: Rocky Helmet|[of] p1a: 루기아
|faint|p2a: dumpster fire
|-weather|none
|
|upkeep
|
|t:|1610780375
|switch|p2a: hot garbage|Kyogre|100/100
|detailschange|p2a: hot garbage|Kyogre-Primal
|-primal|p2a: hot garbage
|-weather|PrimordialSea|[from] ability: Primordial Sea|[of] p2a: hot garbage
|turn|14
|
|t:|1610780383
|switch|p1a: 그란돈|Groudon|100/100
|detailschange|p1a: 그란돈|Groudon-Primal
|-primal|p1a: 그란돈
|-weather|DesolateLand|[from] ability: Desolate Land|[of] p1a: 그란돈
|move|p2a: hot garbage|Ice Beam|p1a: 그란돈
|-damage|p1a: 그란돈|59/100
|
|-weather|DesolateLand|[upkeep]
|upkeep
|turn|15
|
|t:|1610780390
|-weather|none
|switch|p1a: 럭키|Chansey, F|100/100
|move|p2a: hot garbage|Ice Beam|p1a: 럭키
|-damage|p1a: 럭키|87/100
|
|upkeep
|turn|16
|
|t:|1610780393
|switch|p2a: crappy junk|Necrozma-Dusk-Mane|82/100 brn
|move|p1a: 럭키|Wish|p1a: 럭키
|
|-damage|p2a: crappy junk|76/100 brn|[from] brn
|upkeep
|turn|17
|
|t:|1610780400
|switch|p1a: 그란돈|Groudon-Primal|59/100
|-weather|DesolateLand|[from] ability: Desolate Land|[of] p1a: 그란돈
|move|p2a: crappy junk|Knock Off|p1a: 그란돈
|-damage|p1a: 그란돈|53/100
|
|-weather|DesolateLand|[upkeep]
|-heal|p1a: 그란돈|100/100|[from] move: Wish|[wisher] 럭키
|-damage|p2a: crappy junk|70/100 brn|[from] brn
|upkeep
|turn|18
|
|t:|1610780409
|move|p1a: 그란돈|Rock Tomb|p2a: crappy junk
|-resisted|p2a: crappy junk
|-damage|p2a: crappy junk|60/100 brn
|-unboost|p2a: crappy junk|spe|1
|move|p2a: crappy junk|Stealth Rock|p1a: 그란돈
|-sidestart|p1: kasak|move: Stealth Rock
|
|-weather|DesolateLand|[upkeep]
|-damage|p2a: crappy junk|54/100 brn|[from] brn
|upkeep
|turn|19
|
|t:|1610780412
|move|p1a: 그란돈|Earthquake|p2a: crappy junk
|-supereffective|p2a: crappy junk
|-damage|p2a: crappy junk|0 fnt
|faint|p2a: crappy junk
|
|-weather|DesolateLand|[upkeep]
|upkeep
|
|t:|1610780418
|switch|p2a: literal trash|Yveltal|100/100
|-ability|p2a: literal trash|Dark Aura
|turn|20
|
|t:|1610780423
|-weather|none
|switch|p1a: 아르세우스|Arceus-Fairy|100/100
|-damage|p1a: 아르세우스|88/100|[from] Stealth Rock
|-start|p2a: literal trash|Dynamax
|-heal|p2a: literal trash|100/100|[silent]
|move|p2a: literal trash|Max Darkness|p1a: 아르세우스
|-resisted|p1a: 아르세우스
|-damage|p1a: 아르세우스|51/100
|-unboost|p1a: 아르세우스|spd|1
|-damage|p2a: literal trash|96/100|[from] item: Life Orb
|
|upkeep
|turn|21
|
|t:|1610780434
|switch|p1a: 럭키|Chansey, F|87/100
|-damage|p1a: 럭키|75/100|[from] Stealth Rock
|move|p2a: literal trash|Max Airstream|p1a: 럭키
|-damage|p1a: 럭키|49/100
|-boost|p2a: literal trash|spe|1
|-damage|p2a: literal trash|91/100|[from] item: Life Orb
|
|upkeep
|turn|22
|
|t:|1610780444
|move|p2a: literal trash|Max Darkness|p1a: 럭키
|-damage|p1a: 럭키|0 fnt
|-damage|p2a: literal trash|86/100|[from] item: Life Orb
|faint|p1a: 럭키
|
|-end|p2a: literal trash|Dynamax
|-heal|p2a: literal trash|86/100|[silent]
|upkeep
|
|t:|1610780456
|switch|p1a: 메타몽|Ditto|100/100
|-damage|p1a: 메타몽|88/100|[from] Stealth Rock
|-transform|p1a: 메타몽|p2a: literal trash|[from] ability: Imposter
|-ability|p1a: 메타몽|Dark Aura
|turn|23
|
|t:|1610780461
|-start|p1a: 메타몽|Dynamax
|-heal|p1a: 메타몽|88/100|[silent]
|move|p2a: literal trash|Oblivion Wing|p1a: 메타몽
|-damage|p1a: 메타몽|58/100
|-heal|p2a: literal trash|100/100|[from] drain|[of] p1a: 메타몽
|-damage|p2a: literal trash|91/100|[from] item: Life Orb
|move|p1a: 메타몽|Max Airstream|p2a: literal trash
|-damage|p2a: literal trash|31/100
|-boost|p1a: 메타몽|spe|1
|
|upkeep
|turn|24
|
|t:|1610780467
|move|p2a: literal trash|Sucker Punch|p1a: 메타몽
|-resisted|p1a: 메타몽
|-damage|p1a: 메타몽|39/100
|-damage|p2a: literal trash|21/100|[from] item: Life Orb
|move|p1a: 메타몽|Max Airstream|p2a: literal trash
|-damage|p2a: literal trash|0 fnt
|-boost|p1a: 메타몽|spe|1
|faint|p2a: literal trash
|
|upkeep
|
|t:|1610780470
|switch|p2a: expensive shit|Zacian-Crowned|100/100
|-ability|p2a: expensive shit|Intrepid Sword|boost
|-boost|p2a: expensive shit|atk|1
|turn|25
|
|t:|1610780483
|move|p1a: 메타몽|Max Flare|p2a: expensive shit
|-supereffective|p2a: expensive shit
|-damage|p2a: expensive shit|18/100
|-weather|SunnyDay
|move|p2a: expensive shit|Behemoth Blade|p1a: 메타몽
|-damage|p1a: 메타몽|0 fnt
|faint|p1a: 메타몽
|
|-weather|SunnyDay|[upkeep]
|upkeep
|c|☆Neutralist|lol
|
|t:|1610780489
|switch|p1a: 루기아|Lugia|64/100
|-damage|p1a: 루기아|39/100|[from] Stealth Rock
|turn|26
|j| Enjoy enjoy 2
|
|t:|1610780492
|move|p2a: expensive shit|Wild Charge|p1a: 루기아
|-supereffective|p1a: 루기아
|-damage|p1a: 루기아|0 fnt
|-damage|p2a: expensive shit|1/100|[from] item: Rocky Helmet|[of] p1a: 루기아
|-damage|p2a: expensive shit|0 fnt|[from] Recoil
|faint|p1a: 루기아
|faint|p2a: expensive shit
|
|-weather|SunnyDay|[upkeep]
|upkeep
|
|t:|1610780499
|switch|p2a: hot garbage|Kyogre-Primal|100/100
|switch|p1a: 아르세우스|Arceus-Fairy|51/100
|-damage|p1a: 아르세우스|38/100|[from] Stealth Rock
|-weather|PrimordialSea|[from] ability: Primordial Sea|[of] p2a: hot garbage
|turn|27
|
|t:|1610780501
|move|p1a: 아르세우스|Recover|p1a: 아르세우스
|-heal|p1a: 아르세우스|88/100
|move|p2a: hot garbage|Water Spout|p1a: 아르세우스
|-damage|p1a: 아르세우스|0 fnt
|faint|p1a: 아르세우스
|
|-weather|PrimordialSea|[upkeep]
|upkeep
|
|t:|1610780507
|switch|p1a: 그란돈|Groudon-Primal|100/100
|-damage|p1a: 그란돈|88/100|[from] Stealth Rock
|-weather|DesolateLand|[from] ability: Desolate Land|[of] p1a: 그란돈
|turn|28
|
|t:|1610780511
|switch|p2a: broken scrap|Rayquaza|100/100
|-ability|p2a: broken scrap|Air Lock
|move|p1a: 그란돈|Rock Tomb|p2a: broken scrap
|-supereffective|p2a: broken scrap
|-damage|p2a: broken scrap|38/100
|-unboost|p2a: broken scrap|spe|1
|
|-weather|DesolateLand|[upkeep]
|upkeep
|turn|29
|
|t:|1610780518
|detailschange|p2a: broken scrap|Rayquaza-Mega
|-mega|p2a: broken scrap|Rayquaza|
|-weather|DeltaStream|[from] ability: Delta Stream|[of] p2a: broken scrap
|move|p2a: broken scrap|Earthquake|p1a: 그란돈
|-supereffective|p1a: 그란돈
|-damage|p1a: 그란돈|24/100
|-damage|p2a: broken scrap|28/100|[from] item: Life Orb
|move|p1a: 그란돈|Rock Tomb|p2a: broken scrap
|-activate||deltastream
|-damage|p2a: broken scrap|0 fnt
|faint|p2a: broken scrap
|-weather|none
|
|upkeep
|
|t:|1610780520
|switch|p2a: hot garbage|Kyogre-Primal|100/100
|-weather|PrimordialSea|[from] ability: Primordial Sea|[of] p2a: hot garbage
|turn|30
|j| Yandre
|l| Enjoy enjoy 2
|
|t:|1610780535
|switch|p1a: 깜까미|Sableye-Mega, F|93/100
|-damage|p1a: 깜까미|80/100|[from] Stealth Rock
|move|p2a: hot garbage|Water Spout|p1a: 깜까미
|-damage|p1a: 깜까미|0 fnt
|faint|p1a: 깜까미
|
|-weather|PrimordialSea|[upkeep]
|upkeep
|
|t:|1610780542
|switch|p1a: 그란돈|Groudon-Primal|24/100
|-damage|p1a: 그란돈|12/100|[from] Stealth Rock
|-weather|DesolateLand|[from] ability: Desolate Land|[of] p1a: 그란돈
|turn|31
|c| Yandre|yuh
|
|t:|1610780544
|move|p2a: hot garbage|Ice Beam|p1a: 그란돈
|-damage|p1a: 그란돈|0 fnt
|faint|p1a: 그란돈
|-weather|none
|
|win|Neutralist
|c| Yandre|lets go
|c|☆Neutralist|gg
|raw|kasak's rating: 1898 &rarr; <strong>1870</strong><br />(-28 for losing)
|raw|Neutralist's rating: 1760 &rarr; <strong>1788</strong><br />(+28 for winning)
|l|☆kasak
|c| Yandre|your team
|c| Yandre|me have
|c| Yandre|pls
|c|☆Neutralist|lol
|c| Yandre|wut team u wan exchange
|c|☆Neutralist|uhhh
|c|☆Neutralist|maybe a team with caly
|c| Yandre|baton pass?
|c|☆Neutralist|yeah, i'll settle for that
|c| Yandre|calyveltal
|c|☆Neutralist|mmm
|l| Yandre
|c|☆Neutralist|ok, let's pm
|c|☆Neutralist|for this
