|j|☆Onoufrios
|j|☆jbjbjbjbjb
|player|p1|Onoufrios|psychic-gen4|1778
|player|p2|jbjbjbjbjb|red|1705
|teamsize|p1|6
|teamsize|p2|6
|gametype|singles
|gen|8
|tier|[Gen 8] National Dex AG
|rated|
|clearpoke
|poke|p1|Necrozma-Dusk-Mane|
|poke|p1|Arceus-*|
|poke|p1|Xerneas|
|poke|p1|Zacian-Crowned|
|poke|p1|Lugia|
|poke|p1|Yveltal|
|poke|p2|Lugia|
|poke|p2|Rayquaza|
|poke|p2|Ditto|
|poke|p2|Zacian-Crowned|
|poke|p2|Yveltal|
|poke|p2|Ho-Oh|
|rule|HP Percentage Mod: HP is shown in percentages
|rule|Endless Battle Clause: Forcing endless battles is banned
|teampreview
|inactive|Battle timer is ON: inactive players will automatically lose when time's up. (requested by jbjbjbjbjb)
|j| Dirkwig
|
|start
|switch|p1a: Xerneas|Xerneas|100/100
|switch|p2a: VirgilVanDijk|Lugia|100/100
|-ability|p1a: Xerneas|Fairy Aura
|turn|1
|inactive|Onoufrios has 120 seconds left.
|
|move|p2a: VirgilVanDijk|Thunder Wave|p1a: Xerneas
|-status|p1a: Xerneas|par
|move|p1a: Xerneas|Moonblast|p2a: VirgilVanDijk
|-damage|p2a: VirgilVanDijk|82/100
|
|upkeep
|turn|2
|
|switch|p2a: MoSalah|Zacian-Crowned|100/100
|-ability|p2a: MoSalah|Intrepid Sword|boost
|-boost|p2a: MoSalah|atk|1
|cant|p1a: Xerneas|par
|
|upkeep
|turn|3
|
|switch|p1a: Lugia|Lugia|100/100
|move|p2a: MoSalah|Substitute|p2a: MoSalah
|-start|p2a: MoSalah|Substitute
|-damage|p2a: MoSalah|76/100
|
|upkeep
|turn|4
|inactive|Onoufrios has 120 seconds left.
|
|move|p2a: MoSalah|Crunch|p1a: Lugia
|-supereffective|p1a: Lugia
|-damage|p1a: Lugia|75/100
|-unboost|p1a: Lugia|def|1
|move|p1a: Lugia|Whirlwind|p2a: MoSalah
|drag|p2a: JoelMatip|Ho-Oh|100/100
|
|upkeep
|turn|5
|inactive|Onoufrios has 120 seconds left.
|
|move|p1a: Lugia|Thunder Wave|p2a: JoelMatip
|-status|p2a: JoelMatip|par
|move|p2a: JoelMatip|Toxic|p1a: Lugia
|-status|p1a: Lugia|tox
|
|-damage|p1a: Lugia|69/100 tox|[from] psn
|upkeep
|turn|6
|inactive|Onoufrios has 120 seconds left.
|
|move|p2a: JoelMatip|Sacred Fire|p1a: Lugia
|-damage|p1a: Lugia|37/100 tox
|move|p1a: Lugia|Whirlwind|p2a: JoelMatip
|drag|p2a: DivockOrigi|Yveltal|100/100
|-ability|p2a: DivockOrigi|Dark Aura
|
|-damage|p1a: Lugia|25/100 tox|[from] psn
|upkeep
|turn|7
|inactive|Onoufrios has 120 seconds left.
|
|-start|p2a: DivockOrigi|Dynamax
|-heal|p2a: DivockOrigi|100/100|[silent]
|move|p2a: DivockOrigi|Max Airstream|p1a: Lugia
|-damage|p1a: Lugia|0 fnt
|-boost|p2a: DivockOrigi|spe|1
|-damage|p2a: DivockOrigi|96/100|[from] item: Life Orb
|faint|p1a: Lugia
|
|upkeep
|inactive|Onoufrios has 120 seconds left.
|
|switch|p1a: Xerneas|Xerneas|100/100 par
|-ability|p1a: Xerneas|Fairy Aura
|turn|8
|
|move|p2a: DivockOrigi|Max Airstream|p1a: Xerneas
|-damage|p1a: Xerneas|30/100 par
|-boost|p2a: DivockOrigi|spe|1
|-damage|p2a: DivockOrigi|91/100|[from] item: Life Orb
|move|p1a: Xerneas|Moonblast|p2a: DivockOrigi
|-supereffective|p2a: DivockOrigi
|-damage|p2a: DivockOrigi|32/100
|-unboost|p2a: DivockOrigi|spa|1
|
|upkeep
|turn|9
|inactive|Onoufrios has 90 seconds left.
|
|move|p2a: DivockOrigi|Max Airstream|p1a: Xerneas
|-damage|p1a: Xerneas|0 fnt
|-boost|p2a: DivockOrigi|spe|1
|-damage|p2a: DivockOrigi|27/100|[from] item: Life Orb
|faint|p1a: Xerneas
|
|-end|p2a: DivockOrigi|Dynamax
|-heal|p2a: DivockOrigi|27/100|[silent]
|upkeep
|inactive|Onoufrios has 60 seconds left.
|
|switch|p1a: Yveltal|Yveltal|100/100
|-ability|p1a: Yveltal|Dark Aura
|turn|10
|inactive|jbjbjbjbjb has 120 seconds left.
|
|switch|p2a: JoelMatip|Ho-Oh|100/100 par
|-start|p1a: Yveltal|Dynamax
|-heal|p1a: Yveltal|100/100|[silent]
|move|p1a: Yveltal|Max Airstream|p2a: JoelMatip
|-damage|p2a: JoelMatip|60/100 par
|-boost|p1a: Yveltal|spe|1
|-damage|p1a: Yveltal|96/100|[from] item: Life Orb
|
|upkeep
|turn|11
|inactive|jbjbjbjbjb has 120 seconds left.
|
|switch|p2a: DivockOrigi|Yveltal|27/100
|-ability|p2a: DivockOrigi|Dark Aura
|move|p1a: Yveltal|Max Darkness|p2a: DivockOrigi
|-resisted|p2a: DivockOrigi
|-damage|p2a: DivockOrigi|0 fnt
|-damage|p1a: Yveltal|91/100|[from] item: Life Orb
|faint|p2a: DivockOrigi
|
|upkeep
|
|switch|p2a: MoSalah|Zacian-Crowned|76/100
|-ability|p2a: MoSalah|Intrepid Sword|boost
|-boost|p2a: MoSalah|atk|1
|turn|12
|inactive|Onoufrios has 30 seconds left.
|
|switch|p2a: JoelMatip|Ho-Oh|93/100 par
|move|p1a: Yveltal|Max Ooze|p2a: JoelMatip|[from]Hidden Power
|-damage|p2a: JoelMatip|68/100 par
|-boost|p1a: Yveltal|spa|1
|-damage|p1a: Yveltal|86/100|[from] item: Life Orb
|
|-end|p1a: Yveltal|Dynamax
|-heal|p1a: Yveltal|86/100|[silent]
|upkeep
|turn|13
|inactive|Onoufrios has 30 seconds left.
|
|move|p1a: Yveltal|Dark Pulse|p2a: JoelMatip
|-damage|p2a: JoelMatip|17/100 par
|-damage|p1a: Yveltal|76/100|[from] item: Life Orb
|cant|p2a: JoelMatip|par
|
|upkeep
|turn|14
|inactive|Onoufrios has 30 seconds left.
|inactive|Onoufrios has 20 seconds left.
|
|switch|p2a: JordanHenderson|Ditto, shiny|100/100
|-transform|p2a: JordanHenderson|p1a: Yveltal|[from] ability: Imposter
|-ability|p2a: JordanHenderson|Dark Aura
|move|p1a: Yveltal|Oblivion Wing|p2a: JordanHenderson
|-damage|p2a: JordanHenderson|0 fnt
|-heal|p1a: Yveltal|100/100|[from] drain|[of] p2a: JordanHenderson
|-damage|p1a: Yveltal|91/100|[from] item: Life Orb
|faint|p2a: JordanHenderson
|
|upkeep
|inactive|Onoufrios has 25 seconds left this turn.
|inactive|jbjbjbjbjb has 90 seconds left.
|
|switch|p2a: MoSalah|Zacian-Crowned|76/100
|-ability|p2a: MoSalah|Intrepid Sword|boost
|-boost|p2a: MoSalah|atk|1
|turn|15
|inactive|Onoufrios has 30 seconds left.
|
|move|p1a: Yveltal|Heat Wave|p2a: MoSalah
|-supereffective|p2a: MoSalah
|-damage|p2a: MoSalah|0 fnt
|-damage|p1a: Yveltal|81/100|[from] item: Life Orb
|faint|p2a: MoSalah
|
|upkeep
|
|switch|p2a: JoelMatip|Ho-Oh|50/100 par
|turn|16
|
|switch|p2a: VirgilVanDijk|Lugia|82/100
|move|p1a: Yveltal|Dark Pulse|p2a: VirgilVanDijk
|-supereffective|p2a: VirgilVanDijk
|-damage|p2a: VirgilVanDijk|0 fnt
|-damage|p1a: Yveltal|71/100|[from] item: Life Orb
|faint|p2a: VirgilVanDijk
|
|upkeep
|
|switch|p2a: SadioMane|Rayquaza|100/100
|-ability|p2a: SadioMane|Air Lock
|turn|17
|
|detailschange|p2a: SadioMane|Rayquaza-Mega
|-mega|p2a: SadioMane|Rayquaza|
|-weather|DeltaStream|[from] ability: Delta Stream|[of] p2a: SadioMane
|move|p2a: SadioMane|Extreme Speed|p1a: Yveltal
|-damage|p1a: Yveltal|28/100
|-damage|p2a: SadioMane|91/100|[from] item: Life Orb
|move|p1a: Yveltal|Dark Pulse|p2a: SadioMane
|-damage|p2a: SadioMane|0 fnt
|-damage|p1a: Yveltal|18/100|[from] item: Life Orb
|faint|p2a: SadioMane
|-weather|none
|
|upkeep
|
|switch|p2a: JoelMatip|Ho-Oh|83/100 par
|turn|18
|
|move|p1a: Yveltal|Oblivion Wing|p2a: JoelMatip
|-damage|p2a: JoelMatip|45/100 par
|-heal|p1a: Yveltal|49/100|[from] drain|[of] p2a: JoelMatip
|-damage|p1a: Yveltal|39/100|[from] item: Life Orb
|move|p2a: JoelMatip|Sacred Fire|p1a: Yveltal
|-damage|p1a: Yveltal|0 fnt
|faint|p1a: Yveltal
|
|upkeep
|
|switch|p1a: Zacian|Zacian-Crowned|100/100
|-ability|p1a: Zacian|Intrepid Sword|boost
|-boost|p1a: Zacian|atk|1
|turn|19
|
|move|p1a: Zacian|Wild Charge|p2a: JoelMatip
|-supereffective|p2a: JoelMatip
|-damage|p2a: JoelMatip|0 fnt
|-damage|p1a: Zacian|86/100|[from] Recoil
|faint|p2a: JoelMatip
|
|win|Onoufrios
|raw|Onoufrios's rating: 1778 &rarr; <strong>1794</strong><br />(+16 for winning)
|raw|jbjbjbjbjb's rating: 1705 &rarr; <strong>1689</strong><br />(-16 for losing)
|l|☆jbjbjbjbjb
|l| Dirkwig
