|j|☆Dragoneyes22
|j|☆Isnezhny
|t:|1668451542
|gametype|singles
|player|p1|Dragoneyes22|steven|1013
|player|p2|Isnezhny|grimsley-gen7|1045
|teamsize|p1|6
|teamsize|p2|6
|gen|8
|tier|[Gen 8] National Dex AG
|rated|
|rule|HP Percentage Mod: HP is shown in percentages
|rule|Endless Battle Clause: Forcing endless battles is banned
|clearpoke
|poke|p1|Dragapult, F|
|poke|p1|Gengar, M|
|poke|p1|Grimmsnarl, M|
|poke|p1|Sylveon, F|
|poke|p1|Necrozma-Dusk-Mane|
|poke|p1|Greninja, M|
|poke|p2|Deoxys-Speed|
|poke|p2|Lugia|
|poke|p2|Zygarde|
|poke|p2|Cresselia, F|
|poke|p2|Palkia|
|poke|p2|Stakataka|
|teampreview
|
|t:|1668451548
|start
|switch|p1a: Grimmsnarl|Grimmsnarl, M|100/100
|switch|p2a: Deoxys|Deoxys-Speed|100/100
|-ability|p2a: Deoxys|Pressure
|turn|1
|
|t:|1668451556
|move|p1a: Grimmsnarl|Taunt|p2a: Deoxys
|-start|p2a: Deoxys|move: Taunt
|cant|p2a: Deoxys|move: Taunt|Stealth Rock
|
|upkeep
|turn|2
|
|t:|1668451572
|switch|p2a: Zygarde|Zygarde|100/100
|move|p1a: Grimmsnarl|Light Screen|p1a: Grimmsnarl
|-sidestart|p1: Dragoneyes22|move: Light Screen
|
|upkeep
|turn|3
|
|t:|1668451586
|move|p1a: Grimmsnarl|Taunt|p2a: Zygarde
|-start|p2a: Zygarde|move: Taunt
|move|p2a: Zygarde|Thousand Waves|p1a: Grimmsnarl
|-damage|p1a: Grimmsnarl|75/100
|-activate|p1a: Grimmsnarl|trapped
|
|upkeep
|turn|4
|
|t:|1668451592
|move|p1a: Grimmsnarl|Reflect|p1a: Grimmsnarl
|-sidestart|p1: Dragoneyes22|Reflect
|move|p2a: Zygarde|Thousand Waves|p1a: Grimmsnarl
|-damage|p1a: Grimmsnarl|61/100
|
|upkeep
|turn|5
|
|t:|1668451603
|switch|p2a: Deoxys|Deoxys-Speed|100/100
|-ability|p2a: Deoxys|Pressure
|move|p1a: Grimmsnarl|Play Rough|p2a: Deoxys
|-damage|p2a: Deoxys|56/100
|
|upkeep
|turn|6
|
|t:|1668451611
|move|p1a: Grimmsnarl|Taunt|p2a: Deoxys
|-start|p2a: Deoxys|move: Taunt
|move|p2a: Deoxys|Shadow Ball|p1a: Grimmsnarl
|-resisted|p1a: Grimmsnarl
|-damage|p1a: Grimmsnarl|56/100
|
|upkeep
|turn|7
|
|t:|1668451637
|switch|p2a: Stakataka|Stakataka|100/100
|-item|p2a: Stakataka|Air Balloon
|switch|p1a: Eclipse|Sylveon, F, shiny|100/100
|
|upkeep
|turn|8
|
|t:|1668451644
|move|p1a: Eclipse|Calm Mind|p1a: Eclipse
|-boost|p1a: Eclipse|spa|1
|-boost|p1a: Eclipse|spd|1
|move|p2a: Stakataka|Trick Room|p2a: Stakataka
|-fieldstart|move: Trick Room|[of] p2a: Stakataka
|
|upkeep
|turn|9
|
|t:|1668451652
|move|p2a: Stakataka|Gyro Ball|p1a: Eclipse
|-supereffective|p1a: Eclipse
|-damage|p1a: Eclipse|35/100
|move|p1a: Eclipse|Calm Mind|p1a: Eclipse
|-boost|p1a: Eclipse|spa|1
|-boost|p1a: Eclipse|spd|1
|
|-heal|p1a: Eclipse|41/100|[from] item: Leftovers
|-sideend|p1: Dragoneyes22|move: Light Screen
|upkeep
|turn|10
|
|t:|1668451660
|-start|p1a: Eclipse|Dynamax|
|-heal|p1a: Eclipse|41/100|[silent]
|move|p2a: Stakataka|Gyro Ball|p1a: Eclipse
|-supereffective|p1a: Eclipse
|-damage|p1a: Eclipse|4/100
|move|p1a: Eclipse|Max Flare|p2a: Stakataka
|-damage|p2a: Stakataka|26/100
|-weather|SunnyDay
|-enditem|p2a: Stakataka|Air Balloon
|
|-weather|SunnyDay|[upkeep]
|-heal|p1a: Eclipse|7/100|[from] item: Leftovers
|upkeep
|turn|11
|
|t:|1668451673
|move|p1a: Eclipse|Max Guard|p1a: Eclipse
|-singleturn|p1a: Eclipse|Max Guard
|move|p2a: Stakataka|Gyro Ball|p1a: Eclipse
|-activate|p1a: Eclipse|move: Max Guard
|
|-weather|SunnyDay|[upkeep]
|-heal|p1a: Eclipse|10/100|[from] item: Leftovers
|-sideend|p1: Dragoneyes22|Reflect
|upkeep
|turn|12
|
|t:|1668451679
|move|p2a: Stakataka|Gyro Ball|p1a: Eclipse
|-supereffective|p1a: Eclipse
|-damage|p1a: Eclipse|0 fnt
|faint|p1a: Eclipse
|-ability|p2a: Stakataka|Beast Boost|boost
|-boost|p2a: Stakataka|atk|1
|
|-weather|SunnyDay|[upkeep]
|-fieldend|move: Trick Room
|upkeep
|
|t:|1668451693
|switch|p1a: Prizmatic|Necrozma-Dusk-Mane, shiny|100/100
|turn|13
|
|t:|1668451699
|move|p1a: Prizmatic|Earthquake|p2a: Stakataka
|-supereffective|p2a: Stakataka
|-damage|p2a: Stakataka|0 fnt
|faint|p2a: Stakataka
|
|-weather|SunnyDay|[upkeep]
|upkeep
|
|t:|1668451702
|switch|p2a: Deoxys|Deoxys-Speed|56/100
|-ability|p2a: Deoxys|Pressure
|turn|14
|
|t:|1668451708
|switch|p1a: Grimmsnarl|Grimmsnarl, M|56/100
|move|p2a: Deoxys|Reflect|p2a: Deoxys
|-sidestart|p2: Isnezhny|Reflect
|
|-weather|none
|upkeep
|turn|15
|
|t:|1668451718
|switch|p2a: Zygarde|Zygarde|100/100
|move|p1a: Grimmsnarl|Taunt|p2a: Zygarde
|-start|p2a: Zygarde|move: Taunt
|
|upkeep
|turn|16
|
|t:|1668451726
|move|p1a: Grimmsnarl|Reflect|p1a: Grimmsnarl
|-sidestart|p1: Dragoneyes22|Reflect
|move|p2a: Zygarde|Thousand Waves|p1a: Grimmsnarl
|-damage|p1a: Grimmsnarl|43/100
|-activate|p1a: Grimmsnarl|trapped
|
|upkeep
|turn|17
|
|t:|1668451731
|move|p1a: Grimmsnarl|Light Screen|p1a: Grimmsnarl
|-sidestart|p1: Dragoneyes22|move: Light Screen
|move|p2a: Zygarde|Thousand Waves|p1a: Grimmsnarl
|-damage|p1a: Grimmsnarl|31/100
|
|-end|p2a: Zygarde|move: Taunt
|upkeep
|turn|18
|
|t:|1668451745
|move|p1a: Grimmsnarl|Taunt|p2a: Zygarde
|-start|p2a: Zygarde|move: Taunt
|cant|p2a: Zygarde|move: Taunt|Coil
|
|upkeep
|turn|19
|
|t:|1668451752
|move|p2a: Zygarde|Thousand Waves|p1a: Grimmsnarl
|-damage|p1a: Grimmsnarl|18/100
|move|p1a: Grimmsnarl|Play Rough|p2a: Zygarde
|-supereffective|p2a: Zygarde
|-damage|p2a: Zygarde|80/100
|
|-heal|p2a: Zygarde|86/100|[from] item: Leftovers
|upkeep
|turn|20
|
|t:|1668451760
|move|p2a: Zygarde|Thousand Waves|p1a: Grimmsnarl
|-damage|p1a: Grimmsnarl|4/100
|move|p1a: Grimmsnarl|Play Rough|p2a: Zygarde
|-supereffective|p2a: Zygarde
|-damage|p2a: Zygarde|68/100
|
|-heal|p2a: Zygarde|74/100|[from] item: Leftovers
|-end|p2a: Zygarde|move: Taunt
|upkeep
|turn|21
|
|t:|1668451771
|move|p1a: Grimmsnarl|Taunt|p2a: Zygarde
|-start|p2a: Zygarde|move: Taunt
|move|p2a: Zygarde|Thousand Waves|p1a: Grimmsnarl
|-damage|p1a: Grimmsnarl|0 fnt
|faint|p1a: Grimmsnarl
|
|-heal|p2a: Zygarde|80/100|[from] item: Leftovers
|-sideend|p2: Isnezhny|Reflect
|upkeep
|
|t:|1668451808
|switch|p1a: Go Ghost|Dragapult, F|100/100
|turn|22
|
|t:|1668451819
|switch|p2a: Deoxys|Deoxys-Speed|56/100
|-ability|p2a: Deoxys|Pressure
|move|p1a: Go Ghost|Dragon Darts|p2a: Deoxys
|-crit|p2a: Deoxys
|-damage|p2a: Deoxys|5/100
|-anim|p1a: Go Ghost|Dragon Darts|p2a: Deoxys
|-damage|p2a: Deoxys|0 fnt
|faint|p2a: Deoxys
|
|upkeep
|
|t:|1668451840
|switch|p2a: Lugia|Lugia|100/100
|turn|23
|
|t:|1668451844
|move|p1a: Go Ghost|Phantom Force||[still]
|-prepare|p1a: Go Ghost|Phantom Force
|move|p2a: Lugia|Calm Mind|p2a: Lugia
|-boost|p2a: Lugia|spa|1
|-boost|p2a: Lugia|spd|1
|
|-sideend|p1: Dragoneyes22|Reflect
|upkeep
|turn|24
|
|t:|1668451854
|move|p1a: Go Ghost|Phantom Force|p2a: Lugia|[from]lockedmove
|-supereffective|p2a: Lugia
|-crit|p2a: Lugia
|-damage|p2a: Lugia|45/100
|move|p2a: Lugia|Recover|p2a: Lugia
|-heal|p2a: Lugia|95/100
|
|-sideend|p1: Dragoneyes22|move: Light Screen
|upkeep
|turn|25
|
|t:|1668451868
|switch|p1a: Prizmatic|Necrozma-Dusk-Mane, shiny|100/100
|move|p2a: Lugia|Recover|p2a: Lugia
|-heal|p2a: Lugia|100/100
|
|upkeep
|turn|26
|
|t:|1668451878
|move|p2a: Lugia|Calm Mind|p2a: Lugia
|-boost|p2a: Lugia|spa|1
|-boost|p2a: Lugia|spd|1
|move|p1a: Prizmatic|Photon Geyser|p2a: Lugia
|-resisted|p2a: Lugia
|-damage|p2a: Lugia|78/100
|
|upkeep
|turn|27
|
|t:|1668451890
|switch|p1a: Greninja|Greninja, M|100/100
|move|p2a: Lugia|Calm Mind|p2a: Lugia
|-boost|p2a: Lugia|spa|1
|-boost|p2a: Lugia|spd|1
|
|upkeep
|turn|28
|
|t:|1668451898
|-start|p2a: Lugia|Dynamax|
|-heal|p2a: Lugia|78/100|[silent]
|move|p1a: Greninja|Dark Pulse|p2a: Lugia
|-supereffective|p2a: Lugia
|-crit|p2a: Lugia
|-damage|p2a: Lugia|37/100
|move|p2a: Lugia|Max Airstream|p1a: Greninja
|-damage|p1a: Greninja|0 fnt
|-boost|p2a: Lugia|spe|1
|faint|p1a: Greninja
|
|upkeep
|
|t:|1668451926
|switch|p1a: Prizmatic|Necrozma-Dusk-Mane, shiny|100/100
|turn|29
|
|t:|1668451934
|move|p2a: Lugia|Max Quake|p1a: Prizmatic
|-supereffective|p1a: Prizmatic
|-damage|p1a: Prizmatic|36/100
|-boost|p2a: Lugia|spd|1
|move|p1a: Prizmatic|Sunsteel Strike|p2a: Lugia
|-damage|p2a: Lugia|15/100
|
|upkeep
|turn|30
|
|t:|1668451957
|move|p2a: Lugia|Max Quake|p1a: Prizmatic
|-supereffective|p1a: Prizmatic
|-damage|p1a: Prizmatic|0 fnt
|-boost|p2a: Lugia|spd|1
|faint|p1a: Prizmatic
|
|upkeep
|
|t:|1668451985
|switch|p1a: Go Ghost|Dragapult, F|100/100
|-end|p2a: Lugia|Dynamax
|-heal|p2a: Lugia|15/100|[silent]
|turn|31
|
|t:|1668451989
|move|p2a: Lugia|Recover|p2a: Lugia
|-heal|p2a: Lugia|65/100
|move|p1a: Go Ghost|Phantom Force||[still]
|-prepare|p1a: Go Ghost|Phantom Force
|
|upkeep
|turn|32
|
|t:|1668451994
|move|p2a: Lugia|Recover|p2a: Lugia
|-heal|p2a: Lugia|100/100
|move|p1a: Go Ghost|Phantom Force|p2a: Lugia|[from]lockedmove
|-supereffective|p2a: Lugia
|-damage|p2a: Lugia|61/100
|
|upkeep
|turn|33
|
|t:|1668452016
|move|p2a: Lugia|Aeroblast|p1a: Go Ghost
|-damage|p1a: Go Ghost|0 fnt
|faint|p1a: Go Ghost
|
|upkeep
|-message|Dragoneyes22 forfeited.
|
|win|Isnezhny
|raw|Dragoneyes22's rating: 1013 &rarr; <strong>1002</strong><br />(-11 for losing)
|raw|Isnezhny's rating: 1045 &rarr; <strong>1075</strong><br />(+30 for winning)
|l|☆Dragoneyes22
|l|☆Isnezhny
|j|☆Isnezhny
|player|p2|Isnezhny|grimsley-gen7
||Ladder isn't responding, score probably updated but might not have (Request timeout).
