|j|☆yuzhiboCheng爱甜
|j|☆YLong执迷不悟
|t:|1670137864
|gametype|singles
|player|p1|yuzhiboCheng爱甜|birdkeeper|
|player|p2|YLong执迷不悟|darach-caitlin|
|teamsize|p1|6
|teamsize|p2|6
|gen|8
|tier|[Gen 8] National Dex AG
|rule|HP Percentage Mod: HP is shown in percentages
|rule|Endless Battle Clause: Forcing endless battles is banned
|clearpoke
|poke|p1|Swellow, M|
|poke|p1|Corviknight, M|
|poke|p1|Dragapult, M|
|poke|p1|Noivern, M|
|poke|p1|Altaria, F|
|poke|p1|Gliscor, M|
|poke|p2|Latios, M|
|poke|p2|Charizard, M|
|poke|p2|Altaria, F|
|poke|p2|Donphan, F|
|poke|p2|Ribombee, F|
|poke|p2|Victini|
|teampreview
|j| morluation
|
|t:|1670137875
|start
|switch|p1a: 音波龙|Noivern, M|100/100
|switch|p2a: Donphan|Donphan, F|100/100
|turn|1
|c| morluation|队伍未变
|c| morluation|首发工兵遁甲
|c| morluation|和高速打手音波龙
|
|t:|1670137895
|move|p1a: 音波龙|Boomburst|p2a: Donphan
|-crit|p2a: Donphan
|-ability|p2a: Donphan|Sturdy
|-damage|p2a: Donphan|1/100
|move|p2a: Donphan|Stealth Rock|p1a: 音波龙
|-sidestart|p1: yuzhiboCheng爱甜|move: Stealth Rock
|
|-heal|p2a: Donphan|7/100|[from] item: Leftovers
|upkeep
|turn|2
|c| morluation|爆音波ct了
|
|t:|1670137903
|move|p1a: 音波龙|Boomburst|p2a: Donphan
|-damage|p2a: Donphan|0 fnt
|faint|p2a: Donphan
|
|upkeep
|
|t:|1670137907
|switch|p2a: Ribombee|Ribombee, F|100/100
|turn|3
|c| morluation|结实硬抗出钉子
|
|t:|1670137918
|move|p2a: Ribombee|Tailwind|p2a: Ribombee
|-sidestart|p2: YLong执迷不悟|move: Tailwind
|move|p1a: 音波龙|Boomburst|p2a: Ribombee
|-enditem|p2a: Ribombee|Focus Sash
|-damage|p2a: Ribombee|1/100
|
|upkeep
|turn|4
|c| morluation|上蝴蝶压制
|c| morluation|打出71
|
|t:|1670137926
|move|p2a: Ribombee|Dazzling Gleam|p1a: 音波龙
|-supereffective|p1a: 音波龙
|-damage|p1a: 音波龙|6/100
|move|p1a: 音波龙|Boomburst|p2a: Ribombee
|-crit|p2a: Ribombee
|-damage|p2a: Ribombee|0 fnt
|faint|p2a: Ribombee
|
|upkeep
|c| morluation|但是带来速度优势
|
|t:|1670137934
|switch|p2a: Altaria|Altaria, F|100/100
|-ability|p2a: Altaria|Cloud Nine
|turn|5
|c| morluation|可惜力度不足
|
|t:|1670137938
|detailschange|p2a: Altaria|Altaria-Mega, F
|-mega|p2a: Altaria|Altaria|Altarianite
|move|p2a: Altaria|Return|p1a: 音波龙
|-supereffective|p1a: 音波龙
|-damage|p1a: 音波龙|0 fnt
|faint|p1a: 音波龙
|
|upkeep
|
|t:|1670137944
|switch|p1a: 钢铠鸦|Corviknight, M, shiny|100/100
|-damage|p1a: 钢铠鸦|88/100|[from] Stealth Rock
|turn|6
|c| morluation|龙族叛徒反攻龙系
|
|t:|1670137957
|switch|p2a: Charizard|Charizard, M, shiny|100/100
|move|p1a: 钢铠鸦|U-turn|p2a: Charizard
|-resisted|p2a: Charizard
|-damage|p2a: Charizard|96/100
|c| morluation|钢铠鸦释放压迫感
|c| morluation|被迫下场
|c| morluation|轮换
|c| morluation|看下是谁
|
|t:|1670137980
|switch|p1a: 大王燕|Swellow, M|100/100|[from] U-turn
|-damage|p1a: 大王燕|76/100|[from] Stealth Rock
|
|-sideend|p2: YLong执迷不悟|move: Tailwind
|-status|p1a: 大王燕|brn|[from] item: Flame Orb
|upkeep
|turn|7
|c| morluation|大王燕
|c|☆yuzhiboCheng爱甜|来吧
|c| morluation|毅力特性的
|c|☆yuzhiboCheng爱甜|王牌对决
|c| morluation|物攻+1
|c| morluation|x喷的物耐能吃下这发硬撑吗
|
|t:|1670138016
|switch|p2a: Victini|Victini|100/100
|-start|p1a: 大王燕|Dynamax|
|-heal|p1a: 大王燕|76/100 brn|[silent]
|move|p1a: 大王燕|Max Airstream|p2a: Victini
|-damage|p2a: Victini|15/100
|-boost|p1a: 大王燕|spe|1
|
|-damage|p1a: 大王燕|73/100 brn|[from] brn
|upkeep
|turn|8
|c|☆yuzhiboCheng爱甜|他不是X喷
|c| morluation|他走了
|c| morluation|直接飞冲开干
|
|t:|1670138030
|move|p1a: 大王燕|Max Airstream|p2a: Victini
|-damage|p2a: Victini|0 fnt
|-boost|p1a: 大王燕|spe|1
|faint|p2a: Victini
|
|-damage|p1a: 大王燕|69/100 brn|[from] brn
|upkeep
|c|☆yuzhiboCheng爱甜|逆天
|c| morluation|v仔没开出强化
|
|t:|1670138042
|switch|p2a: Latios|Latios, M|100/100
|turn|9
|c| morluation|围巾哥哥登场
|
|t:|1670138052
|move|p1a: 大王燕|Max Flutterby|p2a: Latios
|-supereffective|p2a: Latios
|-damage|p2a: Latios|0 fnt
|faint|p2a: Latios
|
|-damage|p1a: 大王燕|66/100 brn|[from] brn
|upkeep
|c| morluation|但是失去了先手
|c| morluation|居然是虫反的极巨虫蛊！
|c|☆yuzhiboCheng爱甜|来自虫返的极巨虫蛊
|
|t:|1670138070
|switch|p2a: Altaria|Altaria-Mega, F|100/100
|-end|p1a: 大王燕|Dynamax
|-heal|p1a: 大王燕|66/100 brn|[silent]
|turn|10
|c| morluation|真是精彩的操作
|c|☆yuzhiboCheng爱甜|其实飞冲也能杀
|c|☆yuzhiboCheng爱甜|悲
|
|t:|1670138083
|move|p1a: 大王燕|Facade|p2a: Altaria
|-damage|p2a: Altaria|13/100
|move|p2a: Altaria|Return|p1a: 大王燕
|-damage|p1a: 大王燕|0 fnt
|faint|p1a: 大王燕
|
|upkeep
|c| morluation|好的，吃下了
|
|t:|1670138098
|switch|p1a: 天蝎王|Gliscor, M|100/100
|-damage|p1a: 天蝎王|88/100|[from] Stealth Rock
|turn|11
|c| morluation|但是进入斩杀线了
|
|t:|1670138106
|move|p2a: Altaria|Return|p1a: 天蝎王
|-damage|p1a: 天蝎王|44/100
|move|p1a: 天蝎王|Earthquake|p2a: Altaria
|-damage|p2a: Altaria|0 fnt
|faint|p2a: Altaria
|
|-status|p1a: 天蝎王|tox|[from] item: Toxic Orb
|upkeep
|
|t:|1670138110
|switch|p2a: Charizard|Charizard, M, shiny|96/100
|turn|12
|c| morluation|好的，地震带走
|c| morluation|老喷要超级巨吗
|
|t:|1670138126
|-start|p2a: Charizard|Dynamax|Gmax
|-heal|p2a: Charizard|96/100|[silent]
|move|p2a: Charizard|Max Airstream|p1a: 天蝎王
|-damage|p1a: 天蝎王|0 fnt
|-boost|p2a: Charizard|spe|1
|faint|p1a: 天蝎王
|-damage|p2a: Charizard|91/100|[from] item: Life Orb
|
|upkeep
|c| morluation|好的，开始极巨秀
|
|t:|1670138143
|switch|p1a: 七夕青鸟|Altaria, F|100/100
|-damage|p1a: 七夕青鸟|76/100|[from] Stealth Rock
|-ability|p1a: 七夕青鸟|Cloud Nine
|turn|13
|c|☆yuzhiboCheng爱甜|输了
|c| morluation|对于玩鸟人的联防压力很大
|l|☆YLong执迷不悟
|player|p2|
|c|☆yuzhiboCheng爱甜|悲
|c| morluation|开始博弈猜拳
|c|☆yuzhiboCheng爱甜|没啥博弈的
|j|☆YLong执迷不悟
|player|p2|YLong执迷不悟|darach-caitlin
|c|☆yuzhiboCheng爱甜|我只能赌青鸟能抗
|c| morluation|飞冲还是灭焰呢
|c|☆yuzhiboCheng爱甜|他只需要一直飞冲
|
|t:|1670138200
|detailschange|p1a: 七夕青鸟|Altaria-Mega, F
|-mega|p1a: 七夕青鸟|Altaria|Altarianite
|move|p2a: Charizard|Max Airstream|p1a: 七夕青鸟
|-damage|p1a: 七夕青鸟|0 fnt
|-boost|p2a: Charizard|spe|1
|faint|p1a: 七夕青鸟
|-damage|p2a: Charizard|86/100|[from] item: Life Orb
|
|upkeep
|
|t:|1670138208
|switch|p1a: 多龙巴鲁托|Dragapult, M|100/100
|-damage|p1a: 多龙巴鲁托|88/100|[from] Stealth Rock
|turn|14
|c| morluation|好的，比赛结束
|c| morluation|大逆转
|c|☆yuzhiboCheng爱甜|完犊子点错了
|c| morluation|丹帝人柱力
|
|t:|1670138226
|switch|p1a: 钢铠鸦|Corviknight, M, shiny|88/100
|-damage|p1a: 钢铠鸦|76/100|[from] Stealth Rock
|move|p2a: Charizard|Max Airstream|p1a: 钢铠鸦
|-resisted|p1a: 钢铠鸦
|-damage|p1a: 钢铠鸦|37/100
|-boost|p2a: Charizard|spe|1
|-damage|p2a: Charizard|81/100|[from] item: Life Orb
|
|upkeep
|-end|p2a: Charizard|Dynamax
|-heal|p2a: Charizard|81/100|[silent]
|turn|15
|
|t:|1670138233
|move|p2a: Charizard|Fire Blast|p1a: 钢铠鸦
|-supereffective|p1a: 钢铠鸦
|-damage|p1a: 钢铠鸦|0 fnt
|faint|p1a: 钢铠鸦
|-damage|p2a: Charizard|72/100|[from] item: Life Orb
|
|upkeep
|
|t:|1670138235
|switch|p1a: 多龙巴鲁托|Dragapult, M|88/100
|-damage|p1a: 多龙巴鲁托|76/100|[from] Stealth Rock
|turn|16
|
|t:|1670138239
|move|p1a: 多龙巴鲁托|Sucker Punch|p2a: Charizard
|-damage|p2a: Charizard|29/100
|-damage|p1a: 多龙巴鲁托|66/100|[from] item: Life Orb
|move|p2a: Charizard|Hurricane|p1a: 多龙巴鲁托|[miss]
|-miss|p2a: Charizard|p1a: 多龙巴鲁托
|
|upkeep
|turn|17
|c| morluation|大火没有miss
|c|☆yuzhiboCheng爱甜|乐
|c| morluation|那暴风呢
|c| morluation|出现了！
|c| morluation|羁绊！
|c|☆yuzhiboCheng爱甜|这下居然
|c|☆yuzhiboCheng爱甜|谢谢你多老
|c|☆yuzhiboCheng爱甜|多龙
|c|☆yuzhiboCheng爱甜|悲
|
|t:|1670138271
|move|p1a: 多龙巴鲁托|Sucker Punch|p2a: Charizard
|-damage|p2a: Charizard|0 fnt
|faint|p2a: Charizard
|-damage|p1a: 多龙巴鲁托|56/100|[from] item: Life Orb
|
|win|yuzhiboCheng爱甜
|c|☆YLong执迷不悟|乐
|c| morluation|哎呀
|c|☆yuzhiboCheng爱甜|（感动）
|c| morluation|真是遗憾
|c|☆yuzhiboCheng爱甜|这局大王燕乱杀
|c| morluation|没有带羽栖
|c|☆YLong执迷不悟|《乱杀》
|c|☆YLong执迷不悟|我没miss你被我乱杀
|c| morluation|我们看看大王燕选手的战绩阿
|c| morluation|回顾一下
|c| morluation|此言差矣
|c|☆YLong执迷不悟|乐
|c| morluation|不是暴风的飞冲没准打不死青鸟
|c| morluation|贪力度的恶果不知道什么时候就会回馈与你
|c|☆YLong执迷不悟|老飞行已经被我杀穿了
|c|☆YLong执迷不悟|要bo3吗
|l|☆YLong执迷不悟
|c| morluation|还打吗
|l| morluation
|j| morluation
|l| morluation
|j| yizhenheitian
|j| morluation
|l|☆yuzhiboCheng爱甜
|l| yizhenheitian
