|j|☆AG L T aker
|j|☆Jayki11
|player|p1|AG L T aker|harlequin|1392
|player|p2|Jayki11|red|1441
|teamsize|p1|6
|teamsize|p2|6
|gametype|singles
|gen|8
|tier|[Gen 8] National Dex AG
|rated|
|clearpoke
|poke|p1|Mewtwo|
|poke|p1|Xerneas|
|poke|p1|Rayquaza|
|poke|p1|Groudon|
|poke|p1|Yveltal|
|poke|p1|Necrozma-Dusk-Mane|
|poke|p2|Yveltal|
|poke|p2|Groudon|
|poke|p2|Necrozma-Dusk-Mane|
|poke|p2|Ho-Oh|
|poke|p2|Marshadow|
|poke|p2|Zygarde|
|rule|HP Percentage Mod: HP is shown in percentages
|rule|Endless Battle Clause: Forcing endless battles is banned
|teampreview
|inactive|Battle timer is ON: inactive players will automatically lose when time's up. (requested by Jayki11)
|
|start
|switch|p1a: Yveltal|Yveltal|100/100
|switch|p2a: Groudon|Groudon|100/100
|-ability|p1a: Yveltal|Dark Aura
|detailschange|p2a: Groudon|Groudon-Primal
|-primal|p2a: Groudon
|-weather|DesolateLand|[from] ability: Desolate Land|[of] p2a: Groudon
|turn|1
|
|move|p1a: Yveltal|Dark Pulse|p2a: Groudon
|-damage|p2a: Groudon|32/100
|cant|p2a: Groudon|flinch
|
|-weather|DesolateLand|[upkeep]
|upkeep
|turn|2
|
|-weather|none
|switch|p2a: Ho-Oh|Ho-Oh|100/100
|move|p1a: Yveltal|Dark Pulse|p2a: Ho-Oh
|-damage|p2a: Ho-Oh|51/100
|
|upkeep
|turn|3
|
|move|p1a: Yveltal|Dark Pulse|p2a: Ho-Oh
|-damage|p2a: Ho-Oh|2/100
|move|p2a: Ho-Oh|Toxic|p1a: Yveltal
|-status|p1a: Yveltal|tox
|
|-damage|p1a: Yveltal|94/100 tox|[from] psn
|upkeep
|turn|4
|
|switch|p1a: Xerneas|Xerneas|100/100
|-ability|p1a: Xerneas|Fairy Aura
|switch|p2a: Groudon|Groudon-Primal|32/100
|-weather|DesolateLand|[from] ability: Desolate Land|[of] p2a: Groudon
|
|-weather|DesolateLand|[upkeep]
|upkeep
|turn|5
|
|move|p1a: Xerneas|Moonblast|p2a: Groudon
|-resisted|p2a: Groudon
|-damage|p2a: Groudon|6/100
|-unboost|p2a: Groudon|spa|1
|move|p2a: Groudon|Toxic|p1a: Xerneas
|-status|p1a: Xerneas|tox
|
|-weather|DesolateLand|[upkeep]
|-damage|p1a: Xerneas|94/100 tox|[from] psn
|upkeep
|turn|6
|
|move|p1a: Xerneas|Moonblast|p2a: Groudon
|-resisted|p2a: Groudon
|-damage|p2a: Groudon|0 fnt
|faint|p2a: Groudon
|-weather|none
|
|-damage|p1a: Xerneas|82/100 tox|[from] psn
|upkeep
|
|switch|p2a: Necrozma|Necrozma-Dusk-Mane|100/100
|turn|7
|
|switch|p1a: Yveltal|Yveltal|94/100 tox
|-ability|p1a: Yveltal|Dark Aura
|move|p2a: Necrozma|Sunsteel Strike|p1a: Yveltal
|-damage|p1a: Yveltal|55/100 tox
|
|-damage|p1a: Yveltal|49/100 tox|[from] psn
|upkeep
|turn|8
|
|switch|p2a: Zygarde|Zygarde|100/100
|move|p1a: Yveltal|Dark Pulse|p2a: Zygarde
|-damage|p2a: Zygarde|28/100
|
|-heal|p2a: Zygarde|35/100|[from] item: Leftovers
|-damage|p1a: Yveltal|36/100 tox|[from] psn
|-activate|p2a: Zygarde|ability: Power Construct
|detailschange|p2a: Zygarde|Zygarde-Complete
|-heal|p2a: Zygarde|57/100|[silent]
|upkeep
|turn|9
|
|switch|p2a: Yveltal|Yveltal|100/100
|-ability|p2a: Yveltal|Dark Aura
|move|p1a: Yveltal|Dark Pulse|p2a: Yveltal
|-resisted|p2a: Yveltal
|-damage|p2a: Yveltal|59/100
|
|-damage|p1a: Yveltal|18/100 tox|[from] psn
|upkeep
|turn|10
|
|-start|p2a: Yveltal|Dynamax
|-heal|p2a: Yveltal|59/100|[silent]
|move|p2a: Yveltal|Max Airstream|p1a: Yveltal
|-damage|p1a: Yveltal|0 fnt
|-boost|p2a: Yveltal|spe|1
|-damage|p2a: Yveltal|54/100|[from] item: Life Orb
|faint|p1a: Yveltal
|
|upkeep
|
|switch|p1a: Xerneas|Xerneas|82/100 tox
|-ability|p1a: Xerneas|Fairy Aura
|turn|11
|
|-start|p1a: Xerneas|Dynamax
|-heal|p1a: Xerneas|82/100 tox|[silent]
|move|p2a: Yveltal|Max Airstream|p1a: Xerneas
|-damage|p1a: Xerneas|42/100 tox
|-boost|p2a: Yveltal|spe|1
|-damage|p2a: Yveltal|49/100|[from] item: Life Orb
|move|p1a: Xerneas|Max Starfall|p2a: Yveltal
|-supereffective|p2a: Yveltal
|-damage|p2a: Yveltal|0 fnt
|-fieldstart|move: Misty Terrain
|faint|p2a: Yveltal
|
|-damage|p1a: Xerneas|39/100 tox|[from] psn
|upkeep
|inactive|Jayki11 has 120 seconds left.
|
|switch|p2a: Ho-Oh|Ho-Oh|35/100
|turn|12
|
|move|p1a: Xerneas|Max Mindstorm|p2a: Ho-Oh
|-damage|p2a: Ho-Oh|9/100
|-fieldstart|move: Psychic Terrain
|move|p2a: Ho-Oh|Recover|p2a: Ho-Oh
|-heal|p2a: Ho-Oh|59/100
|
|-damage|p1a: Xerneas|33/100 tox|[from] psn
|upkeep
|turn|13
|
|move|p1a: Xerneas|Max Mindstorm|p2a: Ho-Oh
|-crit|p2a: Ho-Oh
|-damage|p2a: Ho-Oh|6/100
|move|p2a: Ho-Oh|Recover|p2a: Ho-Oh
|-heal|p2a: Ho-Oh|56/100
|
|-damage|p1a: Xerneas|24/100 tox|[from] psn
|-end|p1a: Xerneas|Dynamax
|-heal|p1a: Xerneas|24/100 tox|[silent]
|upkeep
|turn|14
|
|move|p1a: Xerneas|Psyshock|p2a: Ho-Oh
|-damage|p2a: Ho-Oh|28/100
|move|p2a: Ho-Oh|Recover|p2a: Ho-Oh
|-heal|p2a: Ho-Oh|78/100
|
|-damage|p1a: Xerneas|0 fnt|[from] psn
|faint|p1a: Xerneas
|upkeep
|
|switch|p1a: Groudon|Groudon|100/100
|detailschange|p1a: Groudon|Groudon-Primal
|-primal|p1a: Groudon
|-weather|DesolateLand|[from] ability: Desolate Land|[of] p1a: Groudon
|turn|15
|
|move|p1a: Groudon|Stealth Rock|p2a: Ho-Oh
|-sidestart|p2: Jayki11|move: Stealth Rock
|move|p2a: Ho-Oh|Toxic|p1a: Groudon
|-status|p1a: Groudon|tox
|
|-weather|DesolateLand|[upkeep]
|-damage|p1a: Groudon|94/100 tox|[from] psn
|upkeep
|turn|16
|
|move|p1a: Groudon|Thunder Wave|p2a: Ho-Oh
|-status|p2a: Ho-Oh|par
|cant|p2a: Ho-Oh|par
|
|-weather|DesolateLand|[upkeep]
|-damage|p1a: Groudon|82/100 tox|[from] psn
|-fieldend|move: Psychic Terrain
|upkeep
|turn|17
|
|-weather|none
|switch|p1a: Mewtwo|Mewtwo|100/100
|-ability|p1a: Mewtwo|Pressure
|move|p2a: Ho-Oh|Defog|p1a: Mewtwo
|-unboost|p1a: Mewtwo|evasion|1
|-sideend|p2: Jayki11|Stealth Rock|[from] move: Defog|[of] p2a: Ho-Oh
|
|upkeep
|turn|18
|
|move|p1a: Mewtwo|Taunt|p2a: Ho-Oh
|-start|p2a: Ho-Oh|move: Taunt
|cant|p2a: Ho-Oh|move: Taunt|Toxic
|
|upkeep
|turn|19
|
|move|p1a: Mewtwo|Reflect|p1a: Mewtwo
|-sidestart|p1: AG L T aker|Reflect
|move|p2a: Ho-Oh|Sacred Fire|p1a: Mewtwo
|-damage|p1a: Mewtwo|81/100
|
|upkeep
|turn|20
|
|move|p1a: Mewtwo|Psystrike|p2a: Ho-Oh
|-damage|p2a: Ho-Oh|47/100 par
|cant|p2a: Ho-Oh|par
|
|-end|p2a: Ho-Oh|move: Taunt
|upkeep
|turn|21
|
|move|p1a: Mewtwo|Taunt|p2a: Ho-Oh
|-start|p2a: Ho-Oh|move: Taunt
|cant|p2a: Ho-Oh|par
|
|upkeep
|turn|22
|c|☆Jayki11|3 times :)
|
|move|p1a: Mewtwo|Psystrike|p2a: Ho-Oh
|-damage|p2a: Ho-Oh|16/100 par
|move|p2a: Ho-Oh|Sacred Fire|p1a: Mewtwo
|-damage|p1a: Mewtwo|64/100
|
|upkeep
|turn|23
|c|☆Jayki11|god is with you dude
|c|☆AG L T aker|uh
|c|☆AG L T aker|sad you misse dout on that
|
|switch|p2a: Necrozma|Necrozma-Dusk-Mane|100/100
|move|p1a: Mewtwo|Psystrike|p2a: Necrozma
|-resisted|p2a: Necrozma
|-damage|p2a: Necrozma|94/100
|
|upkeep
|turn|24
|c|☆AG L T aker|40%
|
|switch|p2a: Ho-Oh|Ho-Oh|49/100 par
|move|p1a: Mewtwo|Taunt|p2a: Ho-Oh
|-start|p2a: Ho-Oh|move: Taunt
|
|upkeep
|turn|25
|
|switch|p1a: Groudon|Groudon-Primal|82/100 tox
|-weather|DesolateLand|[from] ability: Desolate Land|[of] p1a: Groudon
|cant|p2a: Ho-Oh|par
|
|-weather|DesolateLand|[upkeep]
|-damage|p1a: Groudon|76/100 tox|[from] psn
|upkeep
|turn|26
|
|move|p1a: Groudon|Overheat|p2a: Ho-Oh
|-resisted|p2a: Ho-Oh
|-crit|p2a: Ho-Oh
|-damage|p2a: Ho-Oh|3/100 par
|-unboost|p1a: Groudon|spa|2
|move|p2a: Ho-Oh|Sacred Fire|p1a: Groudon
|-resisted|p1a: Groudon
|-damage|p1a: Groudon|67/100 tox
|
|-weather|DesolateLand|[upkeep]
|-damage|p1a: Groudon|54/100 tox|[from] psn
|-end|p2a: Ho-Oh|move: Taunt
|-sideend|p1: AG L T aker|Reflect
|upkeep
|turn|27
|
|switch|p2a: Zygarde|Zygarde-Complete|57/100
|move|p1a: Groudon|Overheat|p2a: Zygarde
|-resisted|p2a: Zygarde
|-damage|p2a: Zygarde|41/100
|-unboost|p1a: Groudon|spa|2
|
|-weather|DesolateLand|[upkeep]
|-heal|p2a: Zygarde|47/100|[from] item: Leftovers
|-damage|p1a: Groudon|35/100 tox|[from] psn
|upkeep
|turn|28
|
|move|p1a: Groudon|Stealth Rock|p2a: Zygarde
|-sidestart|p2: Jayki11|move: Stealth Rock
|move|p2a: Zygarde|Coil|p2a: Zygarde
|-boost|p2a: Zygarde|atk|1
|-boost|p2a: Zygarde|def|1
|-boost|p2a: Zygarde|accuracy|1
|
|-weather|DesolateLand|[upkeep]
|-heal|p2a: Zygarde|53/100|[from] item: Leftovers
|-damage|p1a: Groudon|11/100 tox|[from] psn
|upkeep
|turn|29
|
|move|p2a: Zygarde|Thousand Arrows|p1a: Groudon
|-supereffective|p1a: Groudon
|-damage|p1a: Groudon|0 fnt
|faint|p1a: Groudon
|-weather|none
|
|-heal|p2a: Zygarde|59/100|[from] item: Leftovers
|upkeep
|
|switch|p1a: Mewtwo|Mewtwo|64/100
|-ability|p1a: Mewtwo|Pressure
|turn|30
|
|move|p1a: Mewtwo|Reflect|p1a: Mewtwo
|-sidestart|p1: AG L T aker|Reflect
|move|p2a: Zygarde|Glare|p1a: Mewtwo
|-status|p1a: Mewtwo|par
|
|-heal|p2a: Zygarde|65/100|[from] item: Leftovers
|upkeep
|turn|31
|
|move|p2a: Zygarde|Thousand Arrows|p1a: Mewtwo
|-damage|p1a: Mewtwo|45/100 par
|move|p1a: Mewtwo|Psystrike|p2a: Zygarde
|-damage|p2a: Zygarde|55/100
|
|-heal|p2a: Zygarde|61/100|[from] item: Leftovers
|upkeep
|turn|32
|-message|AG L T aker forfeited.
|
|win|Jayki11
|raw|AG L T aker's rating: 1392 &rarr; <strong>1375</strong><br />(-17 for losing)
|raw|Jayki11's rating: 1441 &rarr; <strong>1458</strong><br />(+17 for winning)
|l|☆Jayki11
|l|☆AG L T aker
