|j|☆badleif234
|j|☆Green Misfire
|t:|1615852459
|player|p1|badleif234|260|1515
|player|p2|Green Misfire|red|1513
|teamsize|p1|6
|teamsize|p2|6
|gametype|singles
|gen|8
|tier|[Gen 8] National Dex AG
|rated|
|clearpoke
|poke|p1|Smeargle, M|
|poke|p1|Rayquaza|
|poke|p1|Xerneas|
|poke|p1|Arceus-*|
|poke|p1|Kyogre|
|poke|p1|Zacian-Crowned|
|poke|p2|Venusaur, M|
|poke|p2|Rillaboom, M|
|poke|p2|Kartana|
|poke|p2|Shaymin-Sky|
|poke|p2|Ferrothorn, M|
|poke|p2|Breloom, M|
|rule|HP Percentage Mod: HP is shown in percentages
|rule|Endless Battle Clause: Forcing endless battles is banned
|teampreview
|inactive|Battle timer is ON: inactive players will automatically lose when time's up. (requested by Green Misfire)
|inactive|badleif234 has 120 seconds left.
|
|t:|1615852514
|start
|switch|p1a: Xerneas|Xerneas|100/100
|switch|p2a: Little Mac|Breloom, M|100/100
|-ability|p1a: Xerneas|Fairy Aura
|turn|1
|
|t:|1615852521
|move|p2a: Little Mac|Spore|p1a: Xerneas
|-status|p1a: Xerneas|slp|[from] move: Spore
|cant|p1a: Xerneas|slp
|
|upkeep
|turn|2
|
|t:|1615852526
|move|p2a: Little Mac|Bullet Seed|p1a: Xerneas
|-damage|p1a: Xerneas|86/100 slp
|-damage|p1a: Xerneas|70/100 slp
|-damage|p1a: Xerneas|54/100 slp
|-damage|p1a: Xerneas|40/100 slp
|-damage|p1a: Xerneas|25/100 slp
|-hitcount|p1a: Xerneas|5
|-curestatus|p1a: Xerneas|slp|[msg]
|move|p1a: Xerneas|Geomancy||[still]
|-prepare|p1a: Xerneas|Geomancy
|-enditem|p1a: Xerneas|Power Herb
|-anim|p1a: Xerneas|Geomancy|p1a: Xerneas
|-boost|p1a: Xerneas|spa|2
|-boost|p1a: Xerneas|spd|2
|-boost|p1a: Xerneas|spe|2
|
|upkeep
|turn|3
|
|t:|1615852544
|switch|p2a: Thorns|Ferrothorn, M|100/100
|-start|p1a: Xerneas|Dynamax
|-heal|p1a: Xerneas|25/100|[silent]
|move|p1a: Xerneas|Max Starfall|p2a: Thorns
|-resisted|p2a: Thorns
|-damage|p2a: Thorns|12/100
|-fieldstart|move: Misty Terrain
|
|-heal|p2a: Thorns|19/100|[from] item: Leftovers
|upkeep
|turn|4
|j| MattSmith1
|
|t:|1615852559
|move|p1a: Xerneas|Max Knuckle|p2a: Thorns
|-supereffective|p2a: Thorns
|-damage|p2a: Thorns|0 fnt
|-boost|p1a: Xerneas|atk|1
|faint|p2a: Thorns
|
|upkeep
|
|t:|1615852561
|switch|p2a: Drummer|Rillaboom, M|100/100
|-fieldstart|move: Grassy Terrain|[from] ability: Grassy Surge|[of] p2a: Drummer
|turn|5
|
|t:|1615852583
|move|p2a: Drummer|Grassy Glide|p1a: Xerneas
|-damage|p1a: Xerneas|2/100
|move|p1a: Xerneas|Max Starfall|p2a: Drummer
|-damage|p2a: Drummer|0 fnt
|-fieldstart|move: Misty Terrain
|faint|p2a: Drummer
|
|-end|p1a: Xerneas|Dynamax
|-heal|p1a: Xerneas|2/100|[silent]
|upkeep
|
|t:|1615852590
|switch|p2a: Little Mac|Breloom, M|100/100
|turn|6
|
|t:|1615852594
|move|p2a: Little Mac|Mach Punch|p1a: Xerneas
|-resisted|p1a: Xerneas
|-damage|p1a: Xerneas|0 fnt
|faint|p1a: Xerneas
|
|upkeep
|
|t:|1615852613
|switch|p1a: Rayquaza|Rayquaza, shiny|100/100
|-ability|p1a: Rayquaza|Air Lock
|turn|7
|
|t:|1615852619
|detailschange|p1a: Rayquaza|Rayquaza-Mega, shiny
|-mega|p1a: Rayquaza|Rayquaza|
|-weather|DeltaStream|[from] ability: Delta Stream|[of] p1a: Rayquaza
|move|p1a: Rayquaza|Dragon Ascent|p2a: Little Mac
|-supereffective|p2a: Little Mac
|-enditem|p2a: Little Mac|Focus Sash
|-damage|p2a: Little Mac|1/100
|-unboost|p1a: Rayquaza|def|1
|-unboost|p1a: Rayquaza|spd|1
|move|p2a: Little Mac|Spore|p1a: Rayquaza
|-status|p1a: Rayquaza|slp|[from] move: Spore
|
|-weather|DeltaStream|[upkeep]
|upkeep
|turn|8
|
|t:|1615852630
|cant|p1a: Rayquaza|slp
|move|p2a: Little Mac|Rock Tomb|p1a: Rayquaza|[miss]
|-miss|p2a: Little Mac|p1a: Rayquaza
|
|-weather|DeltaStream|[upkeep]
|upkeep
|turn|9
|
|t:|1615852635
|cant|p1a: Rayquaza|slp
|move|p2a: Little Mac|Rock Tomb|p1a: Rayquaza
|-activate||deltastream
|-damage|p1a: Rayquaza|57/100 slp
|-unboost|p1a: Rayquaza|spe|1
|
|-weather|DeltaStream|[upkeep]
|-fieldend|Misty Terrain
|upkeep
|turn|10
|
|t:|1615852642
|cant|p1a: Rayquaza|slp
|move|p2a: Little Mac|Rock Tomb|p1a: Rayquaza
|-activate||deltastream
|-damage|p1a: Rayquaza|12/100 slp
|-unboost|p1a: Rayquaza|spe|1
|
|-weather|DeltaStream|[upkeep]
|upkeep
|turn|11
|
|t:|1615852649
|-curestatus|p1a: Rayquaza|slp|[msg]
|move|p1a: Rayquaza|Extreme Speed|p2a: Little Mac
|-damage|p2a: Little Mac|0 fnt
|faint|p2a: Little Mac
|
|-weather|DeltaStream|[upkeep]
|upkeep
|
|t:|1615852653
|switch|p2a: Blade|Kartana|100/100
|turn|12
|
|t:|1615852681
|-weather|none
|switch|p1a: Zacian|Zacian-Crowned|100/100
|-ability|p1a: Zacian|Intrepid Sword|boost
|-boost|p1a: Zacian|atk|1
|move|p2a: Blade|Smart Strike|p1a: Zacian
|-damage|p1a: Zacian|54/100
|
|upkeep
|turn|13
|
|t:|1615852691
|-start|p2a: Blade|Dynamax
|-heal|p2a: Blade|100/100|[silent]
|move|p1a: Zacian|Close Combat|p2a: Blade
|-supereffective|p2a: Blade
|-damage|p2a: Blade|17/100
|-unboost|p1a: Zacian|def|1
|-unboost|p1a: Zacian|spd|1
|move|p2a: Blade|Max Steelspike|p1a: Zacian
|-damage|p1a: Zacian|0 fnt
|-boost|p2a: Blade|def|1
|faint|p1a: Zacian
|-ability|p2a: Blade|Beast Boost|boost
|-boost|p2a: Blade|atk|1
|
|upkeep
|
|t:|1615852706
|switch|p1a: Rayquaza|Rayquaza-Mega, shiny|12/100
|-weather|DeltaStream|[from] ability: Delta Stream|[of] p1a: Rayquaza
|turn|14
|l| MattSmith1
|
|t:|1615852715
|move|p1a: Rayquaza|Extreme Speed|p2a: Blade
|-resisted|p2a: Blade
|-damage|p2a: Blade|10/100
|move|p2a: Blade|Max Overgrowth|p1a: Rayquaza
|-resisted|p1a: Rayquaza
|-damage|p1a: Rayquaza|0 fnt
|-fieldstart|move: Grassy Terrain
|faint|p1a: Rayquaza
|-weather|none
|-ability|p2a: Blade|Beast Boost|boost
|-boost|p2a: Blade|atk|1
|
|-heal|p2a: Blade|13/100|[from] Grassy Terrain
|upkeep
|
|t:|1615852728
|switch|p1a: Arceus|Arceus|100/100
|turn|15
|
|t:|1615852737
|move|p1a: Arceus|Earthquake|p2a: Blade
|-damage|p2a: Blade|7/100
|move|p2a: Blade|Max Overgrowth|p1a: Arceus
|-damage|p1a: Arceus|0 fnt
|faint|p1a: Arceus
|-ability|p2a: Blade|Beast Boost|boost
|-boost|p2a: Blade|atk|1
|
|-heal|p2a: Blade|11/100|[from] Grassy Terrain
|-end|p2a: Blade|Dynamax
|-heal|p2a: Blade|11/100|[silent]
|upkeep
|
|t:|1615852752
|switch|p1a: Kyogre|Kyogre|100/100
|detailschange|p1a: Kyogre|Kyogre-Primal
|-primal|p1a: Kyogre
|-weather|PrimordialSea|[from] ability: Primordial Sea|[of] p1a: Kyogre
|turn|16
|
|t:|1615852761
|switch|p2a: Gracidea|Shaymin-Sky|100/100
|move|p1a: Kyogre|Water Spout|p2a: Gracidea
|-resisted|p2a: Gracidea
|-damage|p2a: Gracidea|0 fnt
|faint|p2a: Gracidea
|
|-weather|PrimordialSea|[upkeep]
|upkeep
|
|t:|1615852768
|switch|p2a: Blade|Kartana|11/100
|turn|17
|
|t:|1615852776
|move|p2a: Blade|Leaf Blade|p1a: Kyogre
|-supereffective|p1a: Kyogre
|-damage|p1a: Kyogre|0 fnt
|faint|p1a: Kyogre
|-weather|none
|-ability|p2a: Blade|Beast Boost|boost
|-boost|p2a: Blade|atk|1
|
|-heal|p2a: Blade|17/100|[from] Grassy Terrain
|upkeep
|-message|badleif234 forfeited.
|
|win|Green Misfire
|l|☆badleif234
|raw|badleif234's rating: 1514 &rarr; <strong>1494</strong><br />(-20 for losing)
|raw|Green Misfire's rating: 1513 &rarr; <strong>1533</strong><br />(+20 for winning)
||Ladder (probably) updated, but score could not be retrieved (Request timeout).
