|j|☆Snakethey
|j|☆JadeGaming4
|t:|1652340445
|gametype|singles
|player|p1|Snakethey|flint|1299
|player|p2|JadeGaming4|marley|1175
|teamsize|p1|6
|teamsize|p2|6
|gen|8
|tier|[Gen 8] National Dex AG
|rated|
|rule|HP Percentage Mod: HP is shown in percentages
|rule|Endless Battle Clause: Forcing endless battles is banned
|clearpoke
|poke|p1|Tapu Koko|
|poke|p1|Hawlucha, F|
|poke|p1|Raichu-Alola, M|
|poke|p1|Deoxys-Attack|
|poke|p1|Greninja, M|
|poke|p1|Shedinja|
|poke|p2|Rillaboom, F|
|poke|p2|Skarmory, M|
|poke|p2|Slowking, M|
|poke|p2|Dragapult, F|
|poke|p2|Charizard, F|
|poke|p2|Grimmsnarl, M|
|teampreview
|
|t:|1652340452
|start
|switch|p1a: Tapu Koko|Tapu Koko|100/100
|switch|p2a: Skarmory|Skarmory, M|100/100
|-fieldstart|move: Electric Terrain|[from] ability: Electric Surge|[of] p1a: Tapu Koko
|turn|1
|
|t:|1652340456
|move|p1a: Tapu Koko|Reflect|p1a: Tapu Koko
|-sidestart|p1: Snakethey|Reflect
|move|p2a: Skarmory|Stealth Rock|p1a: Tapu Koko
|-sidestart|p1: Snakethey|move: Stealth Rock
|
|upkeep
|turn|2
|
|t:|1652340468
|move|p1a: Tapu Koko|Light Screen|p1a: Tapu Koko
|-sidestart|p1: Snakethey|move: Light Screen
|move|p2a: Skarmory|Iron Head|p1a: Tapu Koko
|-crit|p1a: Tapu Koko
|-damage|p1a: Tapu Koko|65/100
|
|upkeep
|turn|3
|
|t:|1652340485
|move|p1a: Tapu Koko|Thunderbolt|p2a: Skarmory
|-supereffective|p2a: Skarmory
|-crit|p2a: Skarmory
|-ability|p2a: Skarmory|Sturdy
|-damage|p2a: Skarmory|1/100
|move|p2a: Skarmory|Iron Head|p1a: Tapu Koko
|-damage|p1a: Tapu Koko|54/100
|
|upkeep
|turn|4
|
|t:|1652340496
|move|p1a: Tapu Koko|U-turn|p2a: Skarmory
|-resisted|p2a: Skarmory
|-damage|p2a: Skarmory|0 fnt
|-damage|p1a: Tapu Koko|37/100|[from] item: Rocky Helmet|[of] p2a: Skarmory
|faint|p2a: Skarmory
|
|t:|1652340500
|switch|p1a: Hawlucha|Hawlucha, F|100/100|[from]move: U-turn
|-damage|p1a: Hawlucha|88/100|[from] Stealth Rock
|-enditem|p1a: Hawlucha|Electric Seed
|-boost|p1a: Hawlucha|def|1|[from] item: Electric Seed
|
|upkeep
|inactive|Battle timer is ON: inactive players will automatically lose when time's up. (requested by Snakethey)
|
|t:|1652340554
|switch|p2a: Dragapult|Dragapult, F|100/100
|turn|5
|
|t:|1652340559
|move|p1a: Hawlucha|Swords Dance|p1a: Hawlucha
|-boost|p1a: Hawlucha|atk|2
|move|p2a: Dragapult|Will-O-Wisp|p1a: Hawlucha
|-status|p1a: Hawlucha|brn
|
|-damage|p1a: Hawlucha|82/100 brn|[from] brn
|-sideend|p1: Snakethey|Reflect
|upkeep
|turn|6
|
|t:|1652340569
|switch|p2a: Slowking|Slowking, M|100/100
|move|p1a: Hawlucha|Acrobatics|p2a: Slowking
|-damage|p2a: Slowking|51/100
|
|-damage|p1a: Hawlucha|76/100 brn|[from] brn
|-sideend|p1: Snakethey|move: Light Screen
|upkeep
|turn|7
|
|t:|1652340583
|move|p1a: Hawlucha|Acrobatics|p2a: Slowking
|-damage|p2a: Slowking|4/100
|move|p2a: Slowking|Future Sight|p1a: Hawlucha
|-start|p2a: Slowking|move: Future Sight
|
|-damage|p1a: Hawlucha|70/100 brn|[from] brn
|upkeep
|turn|8
|
|t:|1652340590
|move|p1a: Hawlucha|Acrobatics|p2a: Slowking
|-damage|p2a: Slowking|0 fnt
|faint|p2a: Slowking
|
|-damage|p1a: Hawlucha|64/100 brn|[from] brn
|-fieldend|move: Electric Terrain
|upkeep
|
|t:|1652340599
|switch|p2a: Grimmsnarl|Grimmsnarl, M|100/100
|turn|9
|
|t:|1652340604
|move|p2a: Grimmsnarl|Reflect|p2a: Grimmsnarl
|-sidestart|p2: JadeGaming4|Reflect
|move|p1a: Hawlucha|Cross Chop|p2a: Grimmsnarl
|-damage|p2a: Grimmsnarl|72/100
|
|-end|p1a: Hawlucha|move: Future Sight
|-supereffective|p1a: Hawlucha
|-damage|p1a: Hawlucha|0 fnt
|faint|p1a: Hawlucha
|upkeep
|
|t:|1652340615
|switch|p1a: Tapu Koko|Tapu Koko|37/100
|-damage|p1a: Tapu Koko|25/100|[from] Stealth Rock
|-fieldstart|move: Electric Terrain|[from] ability: Electric Surge|[of] p1a: Tapu Koko
|turn|10
|
|t:|1652340633
|move|p2a: Grimmsnarl|Light Screen|p2a: Grimmsnarl
|-sidestart|p2: JadeGaming4|move: Light Screen
|move|p1a: Tapu Koko|Reflect|p1a: Tapu Koko
|-sidestart|p1: Snakethey|Reflect
|
|upkeep
|turn|11
|
|t:|1652340636
|move|p1a: Tapu Koko|Light Screen|p1a: Tapu Koko
|-sidestart|p1: Snakethey|move: Light Screen
|move|p2a: Grimmsnarl|Spirit Break|p1a: Tapu Koko
|-damage|p1a: Tapu Koko|9/100
|-unboost|p1a: Tapu Koko|spa|1
|
|upkeep
|turn|12
|
|t:|1652340643
|move|p1a: Tapu Koko|Thunderbolt|p2a: Grimmsnarl
|-damage|p2a: Grimmsnarl|63/100
|-status|p2a: Grimmsnarl|par
|move|p2a: Grimmsnarl|Spirit Break|p1a: Tapu Koko
|-damage|p1a: Tapu Koko|0 fnt
|faint|p1a: Tapu Koko
|
|upkeep
|
|t:|1652340655
|switch|p1a: Raichu|Raichu-Alola, M|100/100
|-damage|p1a: Raichu|88/100|[from] Stealth Rock
|turn|13
|
|t:|1652340676
|move|p1a: Raichu|Fake Out|p2a: Grimmsnarl
|-damage|p2a: Grimmsnarl|58/100 par
|cant|p2a: Grimmsnarl|flinch
|
|upkeep
|turn|14
|
|t:|1652340690
|move|p2a: Grimmsnarl|Taunt|p1a: Raichu
|-start|p1a: Raichu|move: Taunt
|-zpower|p1a: Raichu
|move|p1a: Raichu|Stoked Sparksurfer|p2a: Grimmsnarl|[zeffect]
|-damage|p2a: Grimmsnarl|23/100 par
|
|-sideend|p1: Snakethey|Reflect
|upkeep
|turn|15
|
|t:|1652340705
|move|p1a: Raichu|Thunderbolt|p2a: Grimmsnarl
|-damage|p2a: Grimmsnarl|4/100 par
|move|p2a: Grimmsnarl|Spirit Break|p1a: Raichu
|-damage|p1a: Raichu|25/100
|-unboost|p1a: Raichu|spa|1
|
|-sideend|p1: Snakethey|move: Light Screen
|upkeep
|turn|16
|
|t:|1652340716
|move|p1a: Raichu|Thunderbolt|p2a: Grimmsnarl
|-damage|p2a: Grimmsnarl|0 fnt
|faint|p2a: Grimmsnarl
|
|-end|p1a: Raichu|move: Taunt
|-sideend|p2: JadeGaming4|Reflect
|upkeep
|
|t:|1652340729
|switch|p2a: Rillaboom|Rillaboom, F|100/100
|-fieldstart|move: Grassy Terrain|[from] ability: Grassy Surge|[of] p2a: Rillaboom
|turn|17
|
|t:|1652340736
|move|p2a: Rillaboom|Grassy Glide|p1a: Raichu
|-damage|p1a: Raichu|0 fnt
|faint|p1a: Raichu
|
|-sideend|p2: JadeGaming4|move: Light Screen
|upkeep
|
|t:|1652340742
|switch|p1a: Deoxys|Deoxys-Attack|100/100
|-damage|p1a: Deoxys|88/100|[from] Stealth Rock
|-ability|p1a: Deoxys|Pressure
|turn|18
|
|t:|1652340745
|-start|p1a: Deoxys|Dynamax|
|-heal|p1a: Deoxys|88/100|[silent]
|move|p2a: Rillaboom|Grassy Glide|p1a: Deoxys
|-damage|p1a: Deoxys|0 fnt
|faint|p1a: Deoxys
|
|upkeep
|c|☆Snakethey|Lol
|
|t:|1652340759
|switch|p1a: Shedinja|Shedinja|100/100
|-damage|p1a: Shedinja|0 fnt|[from] Stealth Rock
|faint|p1a: Shedinja
|
|t:|1652340762
|switch|p1a: Greninja|Greninja, M|100/100
|-damage|p1a: Greninja|88/100|[from] Stealth Rock
|turn|19
|
|t:|1652340773
|move|p2a: Rillaboom|Grassy Glide|p1a: Greninja
|-supereffective|p1a: Greninja
|-damage|p1a: Greninja|0 fnt
|faint|p1a: Greninja
|
|win|JadeGaming4
|raw|Snakethey's rating: 1299 &rarr; <strong>1265</strong><br />(-34 for losing)
|raw|JadeGaming4's rating: 1175 &rarr; <strong>1209</strong><br />(+34 for winning)
|c|☆Snakethey|Gg
|l|☆Snakethey
|c|☆JadeGaming4|gg
