|j|☆Freeity
|j|☆King_Lion1123
|t:|1655478978
|gametype|singles
|player|p1|Freeity|hugh|1672
|player|p2|King_Lion1123|clair|1564
|teamsize|p1|6
|teamsize|p2|6
|gen|8
|tier|[Gen 8] National Dex AG
|rated|
|rule|HP Percentage Mod: HP is shown in percentages
|rule|Endless Battle Clause: Forcing endless battles is banned
|clearpoke
|poke|p1|Zacian-*|
|poke|p1|Yveltal|
|poke|p1|Necrozma-Dusk-Mane|
|poke|p1|Groudon|
|poke|p1|Giratina-Origin|
|poke|p1|Arceus-*|
|poke|p2|Zacian-*|
|poke|p2|Groudon|
|poke|p2|Yveltal|
|poke|p2|Marshadow|
|poke|p2|Ditto|
|poke|p2|Rayquaza|
|teampreview
|inactive|Battle timer is ON: inactive players will automatically lose when time's up. (requested by King_Lion1123)
|
|t:|1655478993
|start
|switch|p1a: Mikey|Groudon|100/100
|switch|p2a: Groudon|Groudon, shiny|100/100
|detailschange|p2a: Groudon|Groudon-Primal, shiny
|-primal|p2a: Groudon
|-weather|DesolateLand|[from] ability: Desolate Land|[of] p2a: Groudon
|detailschange|p1a: Mikey|Groudon-Primal
|-primal|p1a: Mikey
|turn|1
|
|t:|1655479006
|move|p2a: Groudon|Precipice Blades|p1a: Mikey
|-supereffective|p1a: Mikey
|-damage|p1a: Mikey|41/100
|move|p1a: Mikey|Stealth Rock|p2a: Groudon
|-sidestart|p2: King_Lion1123|move: Stealth Rock
|
|-weather|DesolateLand|[upkeep]
|upkeep
|turn|2
|
|t:|1655479017
|move|p2a: Groudon|Precipice Blades|p1a: Mikey
|-supereffective|p1a: Mikey
|-damage|p1a: Mikey|0 fnt
|faint|p1a: Mikey
|
|-weather|DesolateLand|[upkeep]
|upkeep
|
|t:|1655479021
|switch|p1a: Draken|Arceus-Ground|100/100
|turn|3
|
|t:|1655479026
|move|p1a: Draken|Judgment|p2a: Groudon
|-supereffective|p2a: Groudon
|-damage|p2a: Groudon|21/100
|move|p2a: Groudon|Stealth Rock|p1a: Draken
|-sidestart|p1: Freeity|move: Stealth Rock
|
|-weather|DesolateLand|[upkeep]
|upkeep
|turn|4
|
|t:|1655479032
|move|p1a: Draken|Judgment|p2a: Groudon
|-supereffective|p2a: Groudon
|-crit|p2a: Groudon
|-damage|p2a: Groudon|0 fnt
|faint|p2a: Groudon
|-weather|none
|
|upkeep
|
|t:|1655479040
|switch|p2a: Yveltal|Yveltal|100/100
|-damage|p2a: Yveltal|76/100|[from] Stealth Rock
|-ability|p2a: Yveltal|Dark Aura
|turn|5
|
|t:|1655479044
|-start|p2a: Yveltal|Dynamax|
|-heal|p2a: Yveltal|76/100|[silent]
|move|p1a: Draken|Stone Edge|p2a: Yveltal
|-supereffective|p2a: Yveltal
|-damage|p2a: Yveltal|53/100
|move|p2a: Yveltal|Max Airstream|p1a: Draken
|-damage|p1a: Draken|47/100
|-boost|p2a: Yveltal|spe|1
|-damage|p2a: Yveltal|48/100|[from] item: Life Orb
|
|upkeep
|turn|6
|
|t:|1655479054
|move|p2a: Yveltal|Max Airstream|p1a: Draken
|-damage|p1a: Draken|0 fnt
|-boost|p2a: Yveltal|spe|1
|faint|p1a: Draken
|-damage|p2a: Yveltal|43/100|[from] item: Life Orb
|
|upkeep
|
|t:|1655479058
|switch|p1a: Kazutora|Zacian-Crowned|100/100
|-damage|p1a: Kazutora|94/100|[from] Stealth Rock
|-ability|p1a: Kazutora|Intrepid Sword|boost
|-boost|p1a: Kazutora|atk|1
|turn|7
|
|t:|1655479060
|move|p2a: Yveltal|Max Flare|p1a: Kazutora
|-supereffective|p1a: Kazutora
|-damage|p1a: Kazutora|0 fnt
|-weather|SunnyDay
|faint|p1a: Kazutora
|-damage|p2a: Yveltal|38/100|[from] item: Life Orb
|
|-weather|SunnyDay|[upkeep]
|upkeep
|
|t:|1655479067
|switch|p1a: Kisaki|Giratina-Origin|100/100
|-damage|p1a: Kisaki|88/100|[from] Stealth Rock
|-end|p2a: Yveltal|Dynamax
|-heal|p2a: Yveltal|38/100|[silent]
|turn|8
|
|t:|1655479072
|move|p2a: Yveltal|Dark Pulse|p1a: Kisaki
|-supereffective|p1a: Kisaki
|-damage|p1a: Kisaki|0 fnt
|faint|p1a: Kisaki
|-damage|p2a: Yveltal|28/100|[from] item: Life Orb
|
|-weather|SunnyDay|[upkeep]
|upkeep
|
|t:|1655479075
|switch|p1a: Baji|Yveltal|100/100
|-ability|p1a: Baji|Dark Aura
|turn|9
|j| PRT_Luke032
|
|t:|1655479080
|move|p2a: Yveltal|Oblivion Wing|p1a: Baji
|-damage|p1a: Baji|70/100
|-heal|p2a: Yveltal|54/100|[from] drain|[of] p1a: Baji
|-damage|p2a: Yveltal|45/100|[from] item: Life Orb
|move|p1a: Baji|Foul Play|p2a: Yveltal
|-resisted|p2a: Yveltal
|-damage|p2a: Yveltal|25/100
|
|-weather|SunnyDay|[upkeep]
|upkeep
|turn|10
|
|t:|1655479100
|move|p2a: Yveltal|Oblivion Wing|p1a: Baji
|-damage|p1a: Baji|38/100
|-heal|p2a: Yveltal|53/100|[from] drain|[of] p1a: Baji
|-damage|p2a: Yveltal|43/100|[from] item: Life Orb
|move|p1a: Baji|Foul Play|p2a: Yveltal
|-resisted|p2a: Yveltal
|-damage|p2a: Yveltal|22/100
|
|-weather|SunnyDay|[upkeep]
|upkeep
|turn|11
|l| PRT_Luke032
|
|t:|1655479107
|move|p2a: Yveltal|Oblivion Wing|p1a: Baji
|-damage|p1a: Baji|6/100
|-heal|p2a: Yveltal|49/100|[from] drain|[of] p1a: Baji
|-damage|p2a: Yveltal|39/100|[from] item: Life Orb
|move|p1a: Baji|Roost|p1a: Baji
|-heal|p1a: Baji|57/100
|-singleturn|p1a: Baji|move: Roost
|
|-weather|none
|upkeep
|turn|12
|
|t:|1655479115
|move|p2a: Yveltal|Hidden Power|p1a: Baji
|-supereffective|p1a: Baji
|-damage|p1a: Baji|29/100
|-damage|p2a: Yveltal|30/100|[from] item: Life Orb
|move|p1a: Baji|Roost|p1a: Baji
|-heal|p1a: Baji|79/100
|-singleturn|p1a: Baji|move: Roost
|
|upkeep
|turn|13
|
|t:|1655479123
|move|p2a: Yveltal|Oblivion Wing|p1a: Baji
|-damage|p1a: Baji|48/100
|-heal|p2a: Yveltal|56/100|[from] drain|[of] p1a: Baji
|-damage|p2a: Yveltal|46/100|[from] item: Life Orb
|move|p1a: Baji|Foul Play|p2a: Yveltal
|-resisted|p2a: Yveltal
|-damage|p2a: Yveltal|26/100
|
|upkeep
|turn|14
|inactive|Freeity has 120 seconds left.
|
|t:|1655479162
|move|p2a: Yveltal|Oblivion Wing|p1a: Baji
|-damage|p1a: Baji|20/100
|-heal|p2a: Yveltal|50/100|[from] drain|[of] p1a: Baji
|-damage|p2a: Yveltal|40/100|[from] item: Life Orb
|move|p1a: Baji|Roost|p1a: Baji
|-heal|p1a: Baji|70/100
|-singleturn|p1a: Baji|move: Roost
|
|upkeep
|turn|15
|
|t:|1655479170
|move|p2a: Yveltal|Oblivion Wing|p1a: Baji
|-damage|p1a: Baji|42/100
|-heal|p2a: Yveltal|64/100|[from] drain|[of] p1a: Baji
|-damage|p2a: Yveltal|54/100|[from] item: Life Orb
|move|p1a: Baji|Roost|p1a: Baji
|-heal|p1a: Baji|92/100
|-singleturn|p1a: Baji|move: Roost
|
|upkeep
|turn|16
|inactive|Freeity has 120 seconds left.
|
|t:|1655479187
|move|p2a: Yveltal|Oblivion Wing|p1a: Baji
|-damage|p1a: Baji|63/100
|-heal|p2a: Yveltal|80/100|[from] drain|[of] p1a: Baji
|-damage|p2a: Yveltal|70/100|[from] item: Life Orb
|move|p1a: Baji|Foul Play|p2a: Yveltal
|-resisted|p2a: Yveltal
|-damage|p2a: Yveltal|50/100
|
|upkeep
|turn|17
|j| ogrespout
|
|t:|1655479195
|move|p2a: Yveltal|Oblivion Wing|p1a: Baji
|-damage|p1a: Baji|31/100
|-heal|p2a: Yveltal|78/100|[from] drain|[of] p1a: Baji
|-damage|p2a: Yveltal|68/100|[from] item: Life Orb
|move|p1a: Baji|Roost|p1a: Baji
|-heal|p1a: Baji|81/100
|-singleturn|p1a: Baji|move: Roost
|
|upkeep
|turn|18
|l| ogrespout
|
|t:|1655479205
|move|p2a: Yveltal|Dark Pulse|p1a: Baji
|-resisted|p1a: Baji
|-damage|p1a: Baji|60/100
|-damage|p2a: Yveltal|58/100|[from] item: Life Orb
|cant|p1a: Baji|flinch
|
|upkeep
|turn|19
|
|t:|1655479212
|move|p2a: Yveltal|Dark Pulse|p1a: Baji
|-resisted|p1a: Baji
|-damage|p1a: Baji|40/100
|-damage|p2a: Yveltal|48/100|[from] item: Life Orb
|move|p1a: Baji|Roost|p1a: Baji
|-heal|p1a: Baji|90/100
|-singleturn|p1a: Baji|move: Roost
|
|upkeep
|turn|20
|
|t:|1655479217
|move|p2a: Yveltal|Oblivion Wing|p1a: Baji
|-damage|p1a: Baji|61/100
|-heal|p2a: Yveltal|73/100|[from] drain|[of] p1a: Baji
|-damage|p2a: Yveltal|63/100|[from] item: Life Orb
|move|p1a: Baji|Foul Play|p2a: Yveltal
|-resisted|p2a: Yveltal
|-damage|p2a: Yveltal|43/100
|
|upkeep
|turn|21
|
|t:|1655479220
|move|p2a: Yveltal|Oblivion Wing|p1a: Baji
|-damage|p1a: Baji|33/100
|-heal|p2a: Yveltal|67/100|[from] drain|[of] p1a: Baji
|-damage|p2a: Yveltal|57/100|[from] item: Life Orb
|move|p1a: Baji|Roost|p1a: Baji
|-heal|p1a: Baji|83/100
|-singleturn|p1a: Baji|move: Roost
|
|upkeep
|turn|22
|
|t:|1655479227
|switch|p2a: Zacian|Zacian-Crowned|100/100
|-damage|p2a: Zacian|94/100|[from] Stealth Rock
|-ability|p2a: Zacian|Intrepid Sword|boost
|-boost|p2a: Zacian|atk|1
|move|p1a: Baji|Knock Off|p2a: Zacian
|-resisted|p2a: Zacian
|-damage|p2a: Zacian|75/100
|
|upkeep
|turn|23
|inactive|Freeity has 120 seconds left.
|
|t:|1655479262
|switch|p1a: Hanma|Necrozma-Dusk-Mane|100/100
|-damage|p1a: Hanma|94/100|[from] Stealth Rock
|move|p2a: Zacian|Play Rough|p1a: Hanma
|-resisted|p1a: Hanma
|-damage|p1a: Hanma|73/100
|-damage|p2a: Zacian|59/100|[from] item: Rocky Helmet|[of] p1a: Hanma
|
|upkeep
|turn|24
|
|t:|1655479270
|switch|p2a: Yveltal|Yveltal|57/100
|-damage|p2a: Yveltal|33/100|[from] Stealth Rock
|-ability|p2a: Yveltal|Dark Aura
|-start|p1a: Hanma|Dynamax|
|-heal|p1a: Hanma|73/100|[silent]
|move|p1a: Hanma|Max Steelspike|p2a: Yveltal
|-damage|p2a: Yveltal|0 fnt
|-boost|p1a: Hanma|def|1
|faint|p2a: Yveltal
|
|upkeep
|
|t:|1655479277
|switch|p2a: Rayquaza|Rayquaza|100/100
|-damage|p2a: Rayquaza|76/100|[from] Stealth Rock
|-ability|p2a: Rayquaza|Air Lock
|turn|25
|
|t:|1655479281
|detailschange|p2a: Rayquaza|Rayquaza-Mega
|-mega|p2a: Rayquaza|Rayquaza|
|-weather|DeltaStream|[from] ability: Delta Stream|[of] p2a: Rayquaza
|move|p2a: Rayquaza|Dragon Dance|p2a: Rayquaza
|-boost|p2a: Rayquaza|atk|1
|-boost|p2a: Rayquaza|spe|1
|move|p1a: Hanma|Max Steelspike|p2a: Rayquaza
|-damage|p2a: Rayquaza|8/100
|-boost|p1a: Hanma|def|1
|
|-weather|DeltaStream|[upkeep]
|upkeep
|turn|26
|
|t:|1655479287
|move|p2a: Rayquaza|Waterfall|p1a: Hanma
|-damage|p1a: Hanma|62/100
|-damage|p2a: Rayquaza|0 fnt|[from] item: Rocky Helmet|[of] p1a: Hanma
|faint|p2a: Rayquaza
|-weather|none
|move|p1a: Hanma|Max Steelspike|p2: Rayquaza|[notarget]
|-fail|p1a: Hanma
|
|upkeep
|
|t:|1655479295
|switch|p2a: Marshadow|Marshadow|100/100
|-damage|p2a: Marshadow|94/100|[from] Stealth Rock
|-end|p1a: Hanma|Dynamax
|-heal|p1a: Hanma|62/100|[silent]
|turn|27
|
|t:|1655479303
|move|p2a: Marshadow|Spectral Thief||[still]
|-clearpositiveboost|p1a: Hanma|p2a: Marshadow|move: Spectral Thief
|-boost|p2a: Marshadow|def|2
|-anim|p2a: Marshadow|Spectral Thief|p1a: Hanma
|-supereffective|p1a: Hanma
|-damage|p1a: Hanma|24/100
|-damage|p2a: Marshadow|78/100|[from] item: Rocky Helmet|[of] p1a: Hanma
|move|p1a: Hanma|Moonlight|p1a: Hanma
|-heal|p1a: Hanma|74/100
|
|upkeep
|turn|28
|
|t:|1655479314
|move|p2a: Marshadow|Shadow Sneak|p1a: Hanma
|-supereffective|p1a: Hanma
|-damage|p1a: Hanma|50/100
|-damage|p2a: Marshadow|61/100|[from] item: Rocky Helmet|[of] p1a: Hanma
|move|p1a: Hanma|Moonlight|p1a: Hanma
|-heal|p1a: Hanma|99/100
|
|upkeep
|turn|29
|j| Pikaslayer2001
|
|t:|1655479324
|move|p2a: Marshadow|Spectral Thief|p1a: Hanma
|-supereffective|p1a: Hanma
|-damage|p1a: Hanma|61/100
|-damage|p2a: Marshadow|45/100|[from] item: Rocky Helmet|[of] p1a: Hanma
|move|p1a: Hanma|Knock Off|p2a: Marshadow
|-damage|p2a: Marshadow|24/100
|-enditem|p2a: Marshadow|Focus Sash|[from] move: Knock Off|[of] p1a: Hanma
|
|upkeep
|turn|30
|
|t:|1655479329
|move|p2a: Marshadow|Spectral Thief|p1a: Hanma
|-supereffective|p1a: Hanma
|-damage|p1a: Hanma|23/100
|-damage|p2a: Marshadow|7/100|[from] item: Rocky Helmet|[of] p1a: Hanma
|move|p1a: Hanma|Moonlight|p1a: Hanma
|-heal|p1a: Hanma|73/100
|
|upkeep
|turn|31
|
|t:|1655479332
|move|p2a: Marshadow|Spectral Thief|p1a: Hanma
|-supereffective|p1a: Hanma
|-damage|p1a: Hanma|37/100
|-damage|p2a: Marshadow|0 fnt|[from] item: Rocky Helmet|[of] p1a: Hanma
|faint|p2a: Marshadow
|move|p1a: Hanma|Moonlight|p1a: Hanma
|-heal|p1a: Hanma|87/100
|
|upkeep
|
|t:|1655479335
|switch|p2a: Ditto|Ditto|100/100
|-damage|p2a: Ditto|88/100|[from] Stealth Rock
|-transform|p2a: Ditto|p1a: Hanma|[from] ability: Imposter
|turn|32
|
|t:|1655479338
|switch|p1a: Baji|Yveltal|83/100
|-ability|p1a: Baji|Dark Aura
|move|p2a: Ditto|Knock Off|p1a: Baji
|-resisted|p1a: Baji
|-damage|p1a: Baji|65/100
|-enditem|p1a: Baji|Heavy-Duty Boots|[from] move: Knock Off|[of] p2a: Ditto
|
|upkeep
|turn|33
|
|t:|1655479341
|switch|p2a: Zacian|Zacian-Crowned|59/100
|-damage|p2a: Zacian|52/100|[from] Stealth Rock
|-ability|p2a: Zacian|Intrepid Sword|boost
|-boost|p2a: Zacian|atk|1
|move|p1a: Baji|Foul Play|p2a: Zacian
|-resisted|p2a: Zacian
|-damage|p2a: Zacian|0 fnt
|faint|p2a: Zacian
|
|upkeep
|
|t:|1655479344
|switch|p2a: Ditto|Ditto|88/100
|-damage|p2a: Ditto|76/100|[from] Stealth Rock
|-transform|p2a: Ditto|p1a: Baji|[from] ability: Imposter
|-ability|p2a: Ditto|Dark Aura
|turn|34
|
|t:|1655479348
|move|p2a: Ditto|Foul Play|p1a: Baji
|-resisted|p1a: Baji
|-crit|p1a: Baji
|-damage|p1a: Baji|30/100
|move|p1a: Baji|Foul Play|p2a: Ditto
|-resisted|p2a: Ditto
|-damage|p2a: Ditto|41/100
|
|upkeep
|turn|35
|
|t:|1655479352
|move|p2a: Ditto|Foul Play|p1a: Baji
|-resisted|p1a: Baji
|-damage|p1a: Baji|8/100
|move|p1a: Baji|Roost|p1a: Baji
|-heal|p1a: Baji|58/100
|-singleturn|p1a: Baji|move: Roost
|
|upkeep
|turn|36
|-message|King_Lion1123 forfeited.
|
|win|Freeity
|raw|Freeity's rating: 1672 &rarr; <strong>1686</strong><br />(+14 for winning)
|raw|King_Lion1123's rating: 1564 &rarr; <strong>1550</strong><br />(-14 for losing)
|l|☆King_Lion1123
|j| ogrespout
