|j|☆Master kushagra
|j|☆Lazy#4341 on cord
|t:|1664523552
|gametype|singles
|player|p1|Master kushagra|leon-masters|1801
|player|p2|Lazy#4341 on cord|brawly|1813
|teamsize|p1|6
|teamsize|p2|6
|gen|8
|tier|[Gen 8] National Dex AG
|rated|
|rule|HP Percentage Mod: HP is shown in percentages
|rule|Endless Battle Clause: Forcing endless battles is banned
|clearpoke
|poke|p1|Arceus-*|
|poke|p1|Zacian-*|
|poke|p1|Rayquaza|
|poke|p1|Yveltal|
|poke|p1|Calyrex-Shadow|
|poke|p1|Arceus-*|
|poke|p2|Zacian-*|
|poke|p2|Zacian-*|
|poke|p2|Zygarde|
|poke|p2|Yveltal|
|poke|p2|Necrozma-Dusk-Mane|
|poke|p2|Arceus-*|
|teampreview
|inactive|Battle timer is ON: inactive players will automatically lose when time's up. (requested by Lazy#4341 on cord)
|
|t:|1664523563
|start
|switch|p1a: Future 🔮|Arceus-Ground|100/100
|switch|p2a: Dante|Zacian|100/100
|-ability|p2a: Dante|Intrepid Sword|boost
|-boost|p2a: Dante|atk|1
|turn|1
|
|t:|1664523570
|switch|p2a: V|Yveltal, shiny|100/100
|-ability|p2a: V|Dark Aura
|-zpower|p1a: Future 🔮
|move|p1a: Future 🔮|Tectonic Rage|p2a: V|[zeffect]
|-immune|p2a: V
|
|upkeep
|turn|2
|
|t:|1664523572
|move|p1a: Future 🔮|Stealth Rock|p2a: V
|-sidestart|p2: Lazy#4341 on cord|move: Stealth Rock
|move|p2a: V|Toxic|p1a: Future 🔮
|-status|p1a: Future 🔮|tox
|
|-damage|p1a: Future 🔮|94/100 tox|[from] psn
|upkeep
|turn|3
|
|t:|1664523576
|move|p1a: Future 🔮|Stone Edge|p2a: V
|-supereffective|p2a: V
|-crit|p2a: V
|-damage|p2a: V|17/100
|move|p2a: V|Foul Play|p1a: Future 🔮
|-damage|p1a: Future 🔮|50/100 tox
|
|-damage|p1a: Future 🔮|38/100 tox|[from] psn
|upkeep
|turn|4
|
|t:|1664523580
|move|p2a: V|Sucker Punch|p1a: Future 🔮
|-crit|p1a: Future 🔮
|-damage|p1a: Future 🔮|0 fnt
|faint|p1a: Future 🔮
|
|upkeep
|
|t:|1664523589
|switch|p1a: Yveltal|Yveltal, shiny|100/100
|-ability|p1a: Yveltal|Dark Aura
|turn|5
|
|t:|1664523592
|move|p1a: Yveltal|Sucker Punch||[still]
|-fail|p1a: Yveltal
|move|p2a: V|Roost|p2a: V
|-heal|p2a: V|67/100
|-singleturn|p2a: V|move: Roost
|
|upkeep
|turn|6
|
|t:|1664523600
|-start|p1a: Yveltal|Dynamax|
|-heal|p1a: Yveltal|100/100|[silent]
|move|p1a: Yveltal|Max Airstream|p2a: V
|-damage|p2a: V|12/100
|-boost|p1a: Yveltal|spe|1
|-damage|p1a: Yveltal|96/100|[from] item: Life Orb
|move|p2a: V|Roost|p2a: V
|-heal|p2a: V|62/100
|-singleturn|p2a: V|move: Roost
|
|upkeep
|turn|7
|
|t:|1664523602
|move|p1a: Yveltal|Max Airstream|p2a: V
|-damage|p2a: V|12/100
|-boost|p1a: Yveltal|spe|1
|-damage|p1a: Yveltal|91/100|[from] item: Life Orb
|move|p2a: V|Roost|p2a: V
|-heal|p2a: V|62/100
|-singleturn|p2a: V|move: Roost
|
|upkeep
|turn|8
|
|t:|1664523605
|move|p1a: Yveltal|Max Darkness|p2a: V
|-resisted|p2a: V
|-damage|p2a: V|28/100
|-unboost|p2a: V|spd|1
|-damage|p1a: Yveltal|86/100|[from] item: Life Orb
|move|p2a: V|Roost|p2a: V
|-heal|p2a: V|78/100
|-singleturn|p2a: V|move: Roost
|
|upkeep
|-end|p1a: Yveltal|Dynamax
|-heal|p1a: Yveltal|86/100|[silent]
|turn|9
|
|t:|1664523608
|switch|p2a: Nico|Arceus-Fairy|100/100
|-damage|p2a: Nico|88/100|[from] Stealth Rock
|move|p1a: Yveltal|Oblivion Wing|p2a: Nico
|-damage|p2a: Nico|59/100
|-heal|p1a: Yveltal|100/100|[from] drain|[of] p2a: Nico
|-damage|p1a: Yveltal|91/100|[from] item: Life Orb
|
|upkeep
|turn|10
|
|t:|1664523611
|move|p1a: Yveltal|Oblivion Wing|p2a: Nico
|-damage|p2a: Nico|28/100
|-heal|p1a: Yveltal|100/100|[from] drain|[of] p2a: Nico
|-damage|p1a: Yveltal|91/100|[from] item: Life Orb
|move|p2a: Nico|Thunder Wave|p1a: Yveltal
|-status|p1a: Yveltal|par
|
|upkeep
|turn|11
|
|t:|1664523618
|move|p2a: Nico|Recover|p2a: Nico
|-heal|p2a: Nico|78/100
|move|p1a: Yveltal|Oblivion Wing|p2a: Nico
|-damage|p2a: Nico|45/100
|-heal|p1a: Yveltal|100/100 par|[from] drain|[of] p2a: Nico
|-damage|p1a: Yveltal|91/100 par|[from] item: Life Orb
|
|upkeep
|turn|12
|
|t:|1664523620
|move|p2a: Nico|Recover|p2a: Nico
|-heal|p2a: Nico|95/100
|move|p1a: Yveltal|Oblivion Wing|p2a: Nico
|-damage|p2a: Nico|65/100
|-heal|p1a: Yveltal|100/100 par|[from] drain|[of] p2a: Nico
|-damage|p1a: Yveltal|91/100 par|[from] item: Life Orb
|
|upkeep
|turn|13
|
|t:|1664523623
|switch|p1a: Zacian|Zacian-Crowned, shiny|100/100
|-ability|p1a: Zacian|Intrepid Sword|boost
|-boost|p1a: Zacian|atk|1
|move|p2a: Nico|Thunder Wave|p1a: Zacian
|-status|p1a: Zacian|par
|
|upkeep
|turn|14
|
|t:|1664523626
|switch|p2a: Nero|Necrozma-Dusk-Mane, shiny|100/100
|-damage|p2a: Nero|94/100|[from] Stealth Rock
|cant|p1a: Zacian|par
|
|upkeep
|turn|15
|-message|Master kushagra forfeited.
|
|win|Lazy#4341 on cord
|raw|Master kushagra's rating: 1801 &rarr; <strong>1782</strong><br />(-19 for losing)
|raw|Lazy#4341 on cord's rating: 1813 &rarr; <strong>1832</strong><br />(+19 for winning)
|c|☆Lazy#4341 on cord|gg
|l|☆Master kushagra
