|j|☆DarkboiJ
|j|☆Dankyul
|t:|1666249893
|gametype|singles
|player|p1|DarkboiJ|blue-gen3two|1799
|player|p2|Dankyul|lucas-gen4pt|1852
|teamsize|p1|6
|teamsize|p2|6
|gen|8
|tier|[Gen 8] National Dex AG
|rated|
|rule|HP Percentage Mod: HP is shown in percentages
|rule|Endless Battle Clause: Forcing endless battles is banned
|clearpoke
|poke|p1|Serperior, F|
|poke|p1|Hydreigon, F|
|poke|p1|Zekrom|
|poke|p1|Kyurem-White|
|poke|p1|Genesect|
|poke|p1|Landorus-Therian, M|
|poke|p2|Marshadow|
|poke|p2|Xerneas-*|
|poke|p2|Groudon|
|poke|p2|Zacian-*|
|poke|p2|Banette, M|
|poke|p2|Arceus-*|
|teampreview
|inactive|Battle timer is ON: inactive players will automatically lose when time's up. (requested by Dankyul)
|inactive|DarkboiJ also wants the timer to be on.
|
|t:|1666249908
|start
|switch|p1a: Hydreigon|Hydreigon, F|100/100
|switch|p2a: Arceus|Arceus-Ground|100/100
|turn|1
|
|t:|1666249912
|move|p2a: Arceus|Stealth Rock|p1a: Hydreigon
|-sidestart|p1: DarkboiJ|move: Stealth Rock
|move|p1a: Hydreigon|Toxic|p2a: Arceus
|-status|p2a: Arceus|tox
|
|-damage|p2a: Arceus|94/100 tox|[from] psn
|upkeep
|turn|2
|
|t:|1666249915
|move|p2a: Arceus|Toxic|p1a: Hydreigon
|-status|p1a: Hydreigon|tox
|move|p1a: Hydreigon|Dark Pulse|p2a: Arceus
|-damage|p2a: Arceus|69/100 tox
|
|-damage|p2a: Arceus|57/100 tox|[from] psn
|-damage|p1a: Hydreigon|94/100 tox|[from] psn
|upkeep
|turn|3
|
|t:|1666249921
|switch|p2a: Groudon|Groudon|100/100
|detailschange|p2a: Groudon|Groudon-Primal
|-primal|p2a: Groudon
|-weather|DesolateLand|[from] ability: Desolate Land|[of] p2a: Groudon
|move|p1a: Hydreigon|Thunder Wave|p2a: Groudon
|-immune|p2a: Groudon
|
|-weather|DesolateLand|[upkeep]
|-damage|p1a: Hydreigon|82/100 tox|[from] psn
|upkeep
|turn|4
|
|t:|1666249928
|move|p2a: Groudon|Rock Slide|p1a: Hydreigon
|-damage|p1a: Hydreigon|51/100 tox
|cant|p1a: Hydreigon|flinch
|
|-weather|DesolateLand|[upkeep]
|-damage|p1a: Hydreigon|32/100 tox|[from] psn
|upkeep
|turn|5
|
|t:|1666249933
|move|p2a: Groudon|Rock Slide|p1a: Hydreigon
|-damage|p1a: Hydreigon|3/100 tox
|cant|p1a: Hydreigon|flinch
|
|-weather|DesolateLand|[upkeep]
|-damage|p1a: Hydreigon|0 fnt|[from] psn
|faint|p1a: Hydreigon
|upkeep
|
|t:|1666249946
|switch|p1a: Landorus|Landorus-Therian, M|100/100
|-damage|p1a: Landorus|88/100|[from] Stealth Rock
|-ability|p1a: Landorus|Intimidate|boost
|-unboost|p2a: Groudon|atk|1
|turn|6
|
|t:|1666249951
|-weather|none
|switch|p2a: Arceus|Arceus-Ground|57/100 tox
|move|p1a: Landorus|Stealth Rock|p2a: Arceus
|-sidestart|p2: Dankyul|move: Stealth Rock
|
|-damage|p2a: Arceus|51/100 tox|[from] psn
|upkeep
|turn|7
|
|t:|1666249960
|switch|p1a: Kyurem|Kyurem-White|100/100
|-damage|p1a: Kyurem|76/100|[from] Stealth Rock
|-ability|p1a: Kyurem|Turboblaze
|move|p2a: Arceus|Defog|p1a: Kyurem
|-unboost|p1a: Kyurem|evasion|1
|-sideend|p1: DarkboiJ|Stealth Rock|[from] move: Defog|[of] p2a: Arceus
|-sideend|p2: Dankyul|Stealth Rock|[from] move: Defog|[of] p2a: Arceus
|
|-damage|p2a: Arceus|39/100 tox|[from] psn
|upkeep
|turn|8
|
|t:|1666249965
|move|p1a: Kyurem|Ice Beam|p2a: Arceus
|-supereffective|p2a: Arceus
|-damage|p2a: Arceus|0 fnt
|faint|p2a: Arceus
|
|upkeep
|
|t:|1666249967
|switch|p2a: Groudon|Groudon-Primal|100/100
|-weather|DesolateLand|[from] ability: Desolate Land|[of] p2a: Groudon
|turn|9
|
|t:|1666249970
|move|p1a: Kyurem|Ice Beam|p2a: Groudon
|-damage|p2a: Groudon|43/100
|move|p2a: Groudon|Fire Punch|p1a: Kyurem
|-damage|p1a: Kyurem|6/100
|
|-weather|DesolateLand|[upkeep]
|upkeep
|turn|10
|
|t:|1666249983
|move|p1a: Kyurem|Ice Beam|p2a: Groudon
|-damage|p2a: Groudon|0 fnt
|faint|p2a: Groudon
|-weather|none
|
|upkeep
|
|t:|1666249987
|switch|p2a: Marshadow|Marshadow|100/100
|turn|11
|
|t:|1666249991
|switch|p1a: Landorus|Landorus-Therian, M|88/100
|-ability|p1a: Landorus|Intimidate|boost
|-unboost|p2a: Marshadow|atk|1
|move|p2a: Marshadow|Shadow Sneak|p1a: Landorus
|-damage|p1a: Landorus|75/100
|-damage|p2a: Marshadow|84/100|[from] item: Rocky Helmet|[of] p1a: Landorus
|
|upkeep
|turn|12
|
|t:|1666250005
|move|p2a: Marshadow|Spectral Thief|p1a: Landorus
|-damage|p1a: Landorus|54/100
|-damage|p2a: Marshadow|67/100|[from] item: Rocky Helmet|[of] p1a: Landorus
|move|p1a: Landorus|Earthquake|p2a: Marshadow
|-damage|p2a: Marshadow|9/100
|
|upkeep
|turn|13
|
|t:|1666250012
|move|p2a: Marshadow|Endeavor|p1a: Landorus
|-damage|p1a: Landorus|7/100
|-damage|p2a: Marshadow|0 fnt|[from] item: Rocky Helmet|[of] p1a: Landorus
|faint|p2a: Marshadow
|move|p1a: Landorus|Stealth Rock|p2: Marshadow
|-sidestart|p2: Dankyul|move: Stealth Rock
|
|upkeep
|
|t:|1666250017
|switch|p2a: Banette|Banette, M|100/100
|-damage|p2a: Banette|88/100|[from] Stealth Rock
|turn|14
|
|t:|1666250031
|switch|p1a: Serperior|Serperior, F, shiny|100/100
|detailschange|p2a: Banette|Banette-Mega, M
|-mega|p2a: Banette|Banette|Banettite
|move|p2a: Banette|Shadow Sneak|p1a: Serperior
|-damage|p1a: Serperior|66/100
|
|-heal|p1a: Serperior|73/100|[from] item: Leftovers
|upkeep
|turn|15
|
|t:|1666250040
|switch|p1a: Landorus|Landorus-Therian, M|7/100
|-ability|p1a: Landorus|Intimidate|boost
|-unboost|p2a: Banette|atk|1
|move|p2a: Banette|Destiny Bond|p2a: Banette
|-singlemove|p2a: Banette|Destiny Bond
|
|upkeep
|turn|16
|
|t:|1666250045
|move|p2a: Banette|Shadow Sneak|p1a: Landorus
|-damage|p1a: Landorus|0 fnt
|-damage|p2a: Banette|72/100|[from] item: Rocky Helmet|[of] p1a: Landorus
|faint|p1a: Landorus
|
|upkeep
|
|t:|1666250056
|switch|p1a: Genesect|Genesect, shiny|100/100
|-ability|p1a: Genesect|Download|boost
|-boost|p1a: Genesect|atk|1
|turn|17
|
|t:|1666250060
|move|p2a: Banette|Destiny Bond|p2a: Banette
|-singlemove|p2a: Banette|Destiny Bond
|move|p1a: Genesect|Shift Gear|p1a: Genesect
|-boost|p1a: Genesect|spe|2
|-boost|p1a: Genesect|atk|1
|
|upkeep
|turn|18
|
|t:|1666250068
|-start|p1a: Genesect|Dynamax|
|-heal|p1a: Genesect|100/100|[silent]
|move|p1a: Genesect|Max Steelspike|p2a: Banette
|-damage|p2a: Banette|0 fnt
|-boost|p1a: Genesect|def|1
|faint|p2a: Banette
|-hint|Dynamaxed Pokémon are immune to Destiny Bond.
|
|upkeep
|
|t:|1666250071
|switch|p2a: Zacian|Zacian-Crowned|100/100
|-damage|p2a: Zacian|94/100|[from] Stealth Rock
|-ability|p2a: Zacian|Intrepid Sword|boost
|-boost|p2a: Zacian|atk|1
|turn|19
|
|t:|1666250074
|move|p1a: Genesect|Max Steelspike|p2a: Zacian
|-crit|p2a: Zacian
|-damage|p2a: Zacian|0 fnt
|-boost|p1a: Genesect|def|1
|faint|p2a: Zacian
|
|upkeep
|
|t:|1666250076
|switch|p2a: Xerneas|Xerneas|100/100
|-damage|p2a: Xerneas|88/100|[from] Stealth Rock
|-ability|p2a: Xerneas|Fairy Aura
|turn|20
|
|t:|1666250082
|move|p1a: Genesect|Max Steelspike|p2a: Xerneas
|-supereffective|p2a: Xerneas
|-damage|p2a: Xerneas|0 fnt
|-boost|p1a: Genesect|def|1
|faint|p2a: Xerneas
|
|win|DarkboiJ
|raw|DarkboiJ's rating: 1799 &rarr; <strong>1821</strong><br />(+22 for winning)
|raw|Dankyul's rating: 1829 &rarr; <strong>1807</strong><br />(-22 for losing)
|l|☆Dankyul
