|j|☆Puigson
|j|☆Buck X
|t:|1662908248
|gametype|singles
|player|p1|Puigson|steven|1798
|player|p2|Buck X|ethan|1790
|teamsize|p1|6
|teamsize|p2|6
|gen|8
|tier|[Gen 8] National Dex AG
|rated|
|rule|HP Percentage Mod: HP is shown in percentages
|rule|Endless Battle Clause: Forcing endless battles is banned
|clearpoke
|poke|p1|Calyrex-Shadow|
|poke|p1|Zacian-*|
|poke|p1|Rayquaza|
|poke|p1|Necrozma-Dusk-Mane|
|poke|p1|Yveltal|
|poke|p1|Groudon|
|poke|p2|Groudon|
|poke|p2|Rayquaza|
|poke|p2|Calyrex-Shadow|
|poke|p2|Arceus-*|
|poke|p2|Yveltal|
|poke|p2|Marshadow|
|teampreview
|inactive|Battle timer is ON: inactive players will automatically lose when time's up. (requested by Buck X)
|
|t:|1662908254
|start
|switch|p1a: Groudon|Groudon|100/100
|switch|p2a: Behemoth|Groudon, shiny|100/100
|detailschange|p2a: Behemoth|Groudon-Primal, shiny
|-primal|p2a: Behemoth
|-weather|DesolateLand|[from] ability: Desolate Land|[of] p2a: Behemoth
|detailschange|p1a: Groudon|Groudon-Primal
|-primal|p1a: Groudon
|turn|1
|
|t:|1662908258
|switch|p1a: Rayquaza|Rayquaza|100/100
|-ability|p1a: Rayquaza|Air Lock
|move|p2a: Behemoth|Stealth Rock|p1a: Rayquaza
|-sidestart|p1: Puigson|move: Stealth Rock
|
|-weather|DesolateLand|[upkeep]
|upkeep
|turn|2
|
|t:|1662908270
|detailschange|p1a: Rayquaza|Rayquaza-Mega
|-mega|p1a: Rayquaza|Rayquaza|
|-weather|DeltaStream|[from] ability: Delta Stream|[of] p1a: Rayquaza
|move|p1a: Rayquaza|Dragon Ascent|p2a: Behemoth
|-damage|p2a: Behemoth|27/100
|-unboost|p1a: Rayquaza|def|1
|-unboost|p1a: Rayquaza|spd|1
|-damage|p1a: Rayquaza|91/100|[from] item: Life Orb
|move|p2a: Behemoth|Rock Tomb|p1a: Rayquaza
|-activate||deltastream
|-damage|p1a: Rayquaza|52/100
|-unboost|p1a: Rayquaza|spe|1
|
|-weather|DeltaStream|[upkeep]
|upkeep
|turn|3
|
|t:|1662908281
|move|p2a: Behemoth|Rock Tomb|p1a: Rayquaza
|-activate||deltastream
|-damage|p1a: Rayquaza|11/100
|-unboost|p1a: Rayquaza|spe|1
|move|p1a: Rayquaza|Dragon Ascent|p2a: Behemoth
|-damage|p2a: Behemoth|0 fnt
|-unboost|p1a: Rayquaza|def|1
|-unboost|p1a: Rayquaza|spd|1
|faint|p2a: Behemoth
|-damage|p1a: Rayquaza|1/100|[from] item: Life Orb
|
|-weather|DeltaStream|[upkeep]
|upkeep
|
|t:|1662908310
|switch|p2a: Dawn|Calyrex-Shadow|100/100
|-ability|p2a: Dawn|As One
|-ability|p2a: Dawn|Unnerve
|turn|4
|
|t:|1662908318
|-weather|none
|switch|p1a: Yveltal|Yveltal|100/100
|-ability|p1a: Yveltal|Dark Aura
|move|p2a: Dawn|Astral Barrage|p1a: Yveltal
|-resisted|p1a: Yveltal
|-damage|p1a: Yveltal|81/100
|
|upkeep
|turn|5
|inactive|Buck X has 120 seconds left.
|
|t:|1662908359
|move|p2a: Dawn|Substitute|p2a: Dawn
|-start|p2a: Dawn|Substitute
|-damage|p2a: Dawn|76/100
|move|p1a: Yveltal|Defog|p2a: Dawn
|-sideend|p1: Puigson|Stealth Rock|[from] move: Defog|[of] p1a: Yveltal
|
|upkeep
|turn|6
|
|t:|1662908365
|move|p2a: Dawn|Nasty Plot|p2a: Dawn
|-boost|p2a: Dawn|spa|2
|move|p1a: Yveltal|Knock Off|p2a: Dawn
|-supereffective|p2a: Dawn
|-end|p2a: Dawn|Substitute
|
|upkeep
|turn|7
|
|t:|1662908368
|move|p2a: Dawn|Baton Pass|p2a: Dawn
|
|t:|1662908369
|switch|p2a: Twilight|Yveltal|100/100|[from]move: Baton Pass
|-ability|p2a: Twilight|Dark Aura
|move|p1a: Yveltal|Knock Off|p2a: Twilight
|-resisted|p2a: Twilight
|-crit|p2a: Twilight
|-damage|p2a: Twilight|62/100
|-enditem|p2a: Twilight|Life Orb|[from] move: Knock Off|[of] p1a: Yveltal
|
|upkeep
|turn|8
|
|t:|1662908379
|-start|p1a: Yveltal|Dynamax|
|-heal|p1a: Yveltal|81/100|[silent]
|move|p2a: Twilight|Oblivion Wing|p1a: Yveltal
|-damage|p1a: Yveltal|57/100
|-heal|p2a: Twilight|100/100|[from] drain|[of] p1a: Yveltal
|move|p1a: Yveltal|Max Flutterby|p2a: Twilight
|-damage|p2a: Twilight|72/100
|-unboost|p2a: Twilight|spa|1
|
|upkeep
|turn|9
|
|t:|1662908391
|-start|p2a: Twilight|Dynamax|
|-heal|p2a: Twilight|72/100|[silent]
|move|p2a: Twilight|Max Guard|p2a: Twilight
|-singleturn|p2a: Twilight|Max Guard
|move|p1a: Yveltal|Max Flutterby|p2a: Twilight
|-activate|p2a: Twilight|move: Max Guard
|
|upkeep
|turn|10
|
|t:|1662908397
|move|p2a: Twilight|Max Airstream|p1a: Yveltal
|-damage|p1a: Yveltal|29/100
|-boost|p2a: Twilight|spe|1
|move|p1a: Yveltal|Max Flutterby|p2a: Twilight
|-damage|p2a: Twilight|57/100
|-unboost|p2a: Twilight|spa|1
|
|upkeep
|-end|p1a: Yveltal|Dynamax
|-heal|p1a: Yveltal|29/100|[silent]
|turn|11
|
|t:|1662908411
|move|p2a: Twilight|Max Airstream|p1a: Yveltal
|-damage|p1a: Yveltal|0 fnt
|-boost|p2a: Twilight|spe|1
|faint|p1a: Yveltal
|
|upkeep
|
|t:|1662908418
|switch|p1a: Rayquaza|Rayquaza-Mega|1/100
|-weather|DeltaStream|[from] ability: Delta Stream|[of] p1a: Rayquaza
|-end|p2a: Twilight|Dynamax
|-heal|p2a: Twilight|57/100|[silent]
|turn|12
|
|t:|1662908420
|move|p1a: Rayquaza|Extreme Speed|p2a: Twilight
|-damage|p2a: Twilight|13/100
|-damage|p1a: Rayquaza|0 fnt|[from] item: Life Orb
|faint|p1a: Rayquaza
|-weather|none
|move|p2a: Twilight|Oblivion Wing|p1: Rayquaza|[notarget]
|-fail|p2a: Twilight
|
|upkeep
|
|t:|1662908431
|switch|p1a: Calyrex|Calyrex-Shadow|100/100
|-ability|p1a: Calyrex|As One
|-ability|p1a: Calyrex|Unnerve
|turn|13
|
|t:|1662908436
|move|p1a: Calyrex|Astral Barrage|p2a: Twilight
|-resisted|p2a: Twilight
|-damage|p2a: Twilight|0 fnt
|faint|p2a: Twilight
|-ability|p1a: Calyrex|Grim Neigh|boost
|-boost|p1a: Calyrex|spa|1
|
|upkeep
|
|t:|1662908444
|switch|p2a: Transcendent Deity|Arceus|100/100
|turn|14
|
|t:|1662908452
|switch|p1a: Zacian|Zacian-Crowned|100/100
|-ability|p1a: Zacian|Intrepid Sword|boost
|-boost|p1a: Zacian|atk|1
|move|p2a: Transcendent Deity|Earthquake|p1a: Zacian
|-supereffective|p1a: Zacian
|-damage|p1a: Zacian|22/100
|-damage|p2a: Transcendent Deity|91/100|[from] item: Life Orb
|
|upkeep
|turn|15
|
|t:|1662908458
|move|p2a: Transcendent Deity|Extreme Speed|p1a: Zacian
|-resisted|p1a: Zacian
|-damage|p1a: Zacian|0 fnt
|faint|p1a: Zacian
|-damage|p2a: Transcendent Deity|81/100|[from] item: Life Orb
|
|upkeep
|
|t:|1662908465
|switch|p1a: Necrozma|Necrozma-Dusk-Mane|100/100
|turn|16
|
|t:|1662908467
|move|p2a: Transcendent Deity|Swords Dance|p2a: Transcendent Deity
|-boost|p2a: Transcendent Deity|atk|2
|move|p1a: Necrozma|Thunder Wave|p2a: Transcendent Deity
|-status|p2a: Transcendent Deity|par
|
|upkeep
|turn|17
|
|t:|1662908471
|move|p1a: Necrozma|Sunsteel Strike|p2a: Transcendent Deity
|-damage|p2a: Transcendent Deity|38/100 par
|move|p2a: Transcendent Deity|Earthquake|p1a: Necrozma
|-supereffective|p1a: Necrozma
|-damage|p1a: Necrozma|35/100
|-damage|p2a: Transcendent Deity|28/100 par|[from] item: Life Orb
|
|upkeep
|turn|18
|
|t:|1662908476
|move|p2a: Transcendent Deity|Extreme Speed|p1a: Necrozma
|-resisted|p1a: Necrozma
|-damage|p1a: Necrozma|10/100
|-damage|p2a: Transcendent Deity|12/100 par|[from] item: Rocky Helmet|[of] p1a: Necrozma
|-damage|p2a: Transcendent Deity|2/100 par|[from] item: Life Orb
|move|p1a: Necrozma|Morning Sun|p1a: Necrozma
|-heal|p1a: Necrozma|60/100
|
|upkeep
|turn|19
|
|t:|1662908488
|move|p1a: Necrozma|Morning Sun|p1a: Necrozma
|-heal|p1a: Necrozma|100/100
|move|p2a: Transcendent Deity|Earthquake|p1a: Necrozma
|-supereffective|p1a: Necrozma
|-damage|p1a: Necrozma|39/100
|-damage|p2a: Transcendent Deity|0 fnt|[from] item: Life Orb
|faint|p2a: Transcendent Deity
|
|upkeep
|
|t:|1662908495
|switch|p2a: Buck’s alter ego|Marshadow|100/100
|turn|20
|
|t:|1662908499
|move|p2a: Buck’s alter ego|Poltergeist|p1a: Necrozma|[miss]
|-miss|p2a: Buck’s alter ego|p1a: Necrozma
|move|p1a: Necrozma|Morning Sun|p1a: Necrozma
|-heal|p1a: Necrozma|89/100
|
|upkeep
|turn|21
|
|t:|1662908505
|move|p2a: Buck’s alter ego|Poltergeist|p1a: Necrozma
|-activate|p1a: Necrozma|move: Poltergeist|Rocky Helmet
|-supereffective|p1a: Necrozma
|-damage|p1a: Necrozma|29/100
|-damage|p2a: Buck’s alter ego|91/100|[from] item: Life Orb
|move|p1a: Necrozma|Sunsteel Strike|p2a: Buck’s alter ego
|-damage|p2a: Buck’s alter ego|29/100
|
|upkeep
|turn|22
|
|t:|1662908512
|move|p2a: Buck’s alter ego|Poltergeist|p1a: Necrozma
|-activate|p1a: Necrozma|move: Poltergeist|Rocky Helmet
|-supereffective|p1a: Necrozma
|-damage|p1a: Necrozma|0 fnt
|faint|p1a: Necrozma
|-damage|p2a: Buck’s alter ego|19/100|[from] item: Life Orb
|
|upkeep
|
|t:|1662908515
|switch|p1a: Groudon|Groudon-Primal|100/100
|-weather|DesolateLand|[from] ability: Desolate Land|[of] p1a: Groudon
|turn|23
|
|t:|1662908517
|switch|p2a: Ziz|Rayquaza, shiny|100/100
|-ability|p2a: Ziz|Air Lock
|move|p1a: Groudon|Precipice Blades|p2a: Ziz
|-immune|p2a: Ziz
|
|-weather|DesolateLand|[upkeep]
|upkeep
|turn|24
|
|t:|1662908521
|detailschange|p2a: Ziz|Rayquaza-Mega, shiny
|-mega|p2a: Ziz|Rayquaza|
|-weather|DeltaStream|[from] ability: Delta Stream|[of] p2a: Ziz
|move|p2a: Ziz|Earthquake|p1a: Groudon
|-supereffective|p1a: Groudon
|-damage|p1a: Groudon|35/100
|-damage|p2a: Ziz|91/100|[from] item: Life Orb
|move|p1a: Groudon|Roar|p2a: Ziz
|-weather|none
|drag|p2a: Buck’s alter ego|Marshadow|19/100
|
|upkeep
|turn|25
|
|t:|1662908527
|switch|p2a: Ziz|Rayquaza-Mega, shiny|91/100
|-weather|DeltaStream|[from] ability: Delta Stream|[of] p2a: Ziz
|move|p1a: Groudon|Roar|p2a: Ziz
|-weather|none
|drag|p2a: Buck’s alter ego|Marshadow|19/100
|
|upkeep
|turn|26
|
|t:|1662908530
|switch|p2a: Ziz|Rayquaza-Mega, shiny|91/100
|-weather|DeltaStream|[from] ability: Delta Stream|[of] p2a: Ziz
|move|p1a: Groudon|Stealth Rock|p2a: Ziz
|-sidestart|p2: Buck X|move: Stealth Rock
|
|-weather|DeltaStream|[upkeep]
|upkeep
|turn|27
|
|t:|1662908539
|move|p2a: Ziz|Dragon Ascent|p1a: Groudon
|-damage|p1a: Groudon|0 fnt
|-unboost|p2a: Ziz|def|1
|-unboost|p2a: Ziz|spd|1
|faint|p1a: Groudon
|-damage|p2a: Ziz|81/100|[from] item: Life Orb
|
|-weather|DeltaStream|[upkeep]
|upkeep
|
|t:|1662908541
|switch|p1a: Calyrex|Calyrex-Shadow|100/100
|-ability|p1a: Calyrex|As One
|-ability|p1a: Calyrex|Unnerve
|turn|28
|
|t:|1662908543
|move|p1a: Calyrex|Astral Barrage|p2a: Ziz
|-damage|p2a: Ziz|0 fnt
|faint|p2a: Ziz
|-weather|none
|-ability|p1a: Calyrex|Grim Neigh|boost
|-boost|p1a: Calyrex|spa|1
|
|upkeep
|
|t:|1662908544
|switch|p2a: Buck’s alter ego|Marshadow|19/100
|-damage|p2a: Buck’s alter ego|13/100|[from] Stealth Rock
|turn|29
|
|t:|1662908547
|move|p2a: Buck’s alter ego|Shadow Sneak|p1a: Calyrex
|-supereffective|p1a: Calyrex
|-damage|p1a: Calyrex|0 fnt
|faint|p1a: Calyrex
|-damage|p2a: Buck’s alter ego|3/100|[from] item: Life Orb
|
|win|Buck X
|raw|Puigson's rating: 1798 &rarr; <strong>1778</strong><br />(-20 for losing)
|raw|Buck X's rating: 1790 &rarr; <strong>1810</strong><br />(+20 for winning)
|l|☆Puigson
