|j|☆ChunkyRat
|j|☆Fractalis
|t:|1604819168
|player|p1|ChunkyRat|policeman|1706
|player|p2|Fractalis|giovanni|1642
|teamsize|p1|6
|teamsize|p2|6
|gametype|singles
|gen|8
|tier|[Gen 8] National Dex AG
|rated|
|clearpoke
|poke|p1|Lugia|
|poke|p1|Groudon|
|poke|p1|Necrozma-Dusk-Mane|
|poke|p1|Kyurem-White|
|poke|p1|Rayquaza|
|poke|p1|Calyrex-Shadow|
|poke|p2|Arceus-*|
|poke|p2|Arceus-*|
|poke|p2|Arceus-*|
|poke|p2|Arceus-*|
|poke|p2|Arceus-*|
|poke|p2|Arceus-*|
|rule|HP Percentage Mod: HP is shown in percentages
|rule|Endless Battle Clause: Forcing endless battles is banned
|teampreview
|inactive|Battle timer is ON: inactive players will automatically lose when time's up. (requested by ChunkyRat)
|
|t:|1604819179
|start
|switch|p1a: Kyurem|Kyurem-White|100/100
|switch|p2a: Arceus|Arceus|100/100
|-ability|p1a: Kyurem|Turboblaze
|turn|1
|
|t:|1604819181
|move|p1a: Kyurem|Ice Beam|p2a: Arceus
|-damage|p2a: Arceus|60/100
|move|p2a: Arceus|Stealth Rock|p1a: Kyurem
|-sidestart|p1: ChunkyRat|move: Stealth Rock
|
|-heal|p2a: Arceus|66/100|[from] item: Leftovers
|upkeep
|turn|2
|
|t:|1604819185
|move|p1a: Kyurem|Ice Beam|p2a: Arceus
|-damage|p2a: Arceus|25/100
|move|p2a: Arceus|Toxic|p1a: Kyurem
|-status|p1a: Kyurem|tox
|
|-heal|p2a: Arceus|31/100|[from] item: Leftovers
|-damage|p1a: Kyurem|94/100 tox|[from] psn
|upkeep
|turn|3
|
|t:|1604819188
|move|p1a: Kyurem|Ice Beam|p2a: Arceus
|-damage|p2a: Arceus|0 fnt
|faint|p2a: Arceus
|
|-damage|p1a: Kyurem|82/100 tox|[from] psn
|upkeep
|
|t:|1604819194
|switch|p2a: Arceus|Arceus|100/100
|turn|4
|
|t:|1604819196
|move|p1a: Kyurem|Ice Beam|p2a: Arceus
|-damage|p2a: Arceus|62/100
|move|p2a: Arceus|Calm Mind|p2a: Arceus
|-boost|p2a: Arceus|spa|1
|-boost|p2a: Arceus|spd|1
|
|-heal|p2a: Arceus|68/100|[from] item: Leftovers
|-damage|p1a: Kyurem|64/100 tox|[from] psn
|upkeep
|turn|5
|
|t:|1604819199
|move|p1a: Kyurem|Ice Beam|p2a: Arceus
|-damage|p2a: Arceus|41/100
|-status|p2a: Arceus|frz
|-curestatus|p2a: Arceus|frz|[msg]
|move|p2a: Arceus|Calm Mind|p2a: Arceus
|-boost|p2a: Arceus|spa|1
|-boost|p2a: Arceus|spd|1
|
|-heal|p2a: Arceus|47/100|[from] item: Leftovers
|-damage|p1a: Kyurem|39/100 tox|[from] psn
|upkeep
|turn|6
|
|t:|1604819201
|move|p1a: Kyurem|Ice Beam|p2a: Arceus
|-damage|p2a: Arceus|26/100
|move|p2a: Arceus|Recover|p2a: Arceus
|-heal|p2a: Arceus|76/100
|
|-heal|p2a: Arceus|82/100|[from] item: Leftovers
|-damage|p1a: Kyurem|9/100 tox|[from] psn
|upkeep
|turn|7
|j| Zrp200
|
|t:|1604819205
|move|p1a: Kyurem|Ice Beam|p2a: Arceus
|-damage|p2a: Arceus|64/100
|move|p2a: Arceus|Calm Mind|p2a: Arceus
|-boost|p2a: Arceus|spa|1
|-boost|p2a: Arceus|spd|1
|
|-heal|p2a: Arceus|70/100|[from] item: Leftovers
|-damage|p1a: Kyurem|0 fnt|[from] psn
|faint|p1a: Kyurem
|upkeep
|
|t:|1604819208
|switch|p1a: Lugia|Lugia|100/100
|turn|8
|
|t:|1604819215
|move|p2a: Arceus|Shadow Ball|p1a: Lugia
|-supereffective|p1a: Lugia
|-damage|p1a: Lugia|75/100
|-unboost|p1a: Lugia|spd|1
|move|p1a: Lugia|Thunder Wave|p2a: Arceus
|-status|p2a: Arceus|par
|
|-heal|p2a: Arceus|76/100 par|[from] item: Leftovers
|upkeep
|turn|9
|
|t:|1604819220
|move|p1a: Lugia|Defog|p2a: Arceus
|-unboost|p2a: Arceus|evasion|1
|-sideend|p1: ChunkyRat|Stealth Rock|[from] move: Defog|[of] p1a: Lugia
|move|p2a: Arceus|Will-O-Wisp|p1a: Lugia
|-status|p1a: Lugia|brn
|
|-heal|p2a: Arceus|82/100 par|[from] item: Leftovers
|-damage|p1a: Lugia|69/100 brn|[from] brn
|upkeep
|turn|10
|
|t:|1604819224
|move|p2a: Arceus|Shadow Ball|p1a: Lugia
|-supereffective|p1a: Lugia
|-damage|p1a: Lugia|0 fnt
|faint|p1a: Lugia
|
|-heal|p2a: Arceus|88/100 par|[from] item: Leftovers
|upkeep
|
|t:|1604819232
|switch|p1a: Rayquaza|Rayquaza|100/100
|-ability|p1a: Rayquaza|Air Lock
|turn|11
|
|t:|1604819234
|detailschange|p1a: Rayquaza|Rayquaza-Mega
|-mega|p1a: Rayquaza|Rayquaza|
|-weather|DeltaStream|[from] ability: Delta Stream|[of] p1a: Rayquaza
|move|p1a: Rayquaza|Dragon Ascent|p2a: Arceus
|-damage|p2a: Arceus|50/100 par
|-unboost|p1a: Rayquaza|def|1
|-unboost|p1a: Rayquaza|spd|1
|cant|p2a: Arceus|par
|
|-weather|DeltaStream|[upkeep]
|-heal|p2a: Arceus|56/100 par|[from] item: Leftovers
|upkeep
|turn|12
|
|t:|1604819240
|move|p1a: Rayquaza|Dragon Ascent|p2a: Arceus
|-damage|p2a: Arceus|15/100 par
|-unboost|p1a: Rayquaza|def|1
|-unboost|p1a: Rayquaza|spd|1
|move|p2a: Arceus|Recover|p2a: Arceus
|-heal|p2a: Arceus|65/100 par
|
|-weather|DeltaStream|[upkeep]
|-heal|p2a: Arceus|71/100 par|[from] item: Leftovers
|upkeep
|turn|13
|
|t:|1604819243
|move|p1a: Rayquaza|Dragon Dance|p1a: Rayquaza
|-boost|p1a: Rayquaza|atk|1
|-boost|p1a: Rayquaza|spe|1
|move|p2a: Arceus|Recover|p2a: Arceus
|-heal|p2a: Arceus|100/100 par
|
|-weather|DeltaStream|[upkeep]
|upkeep
|turn|14
|
|t:|1604819245
|move|p1a: Rayquaza|Dragon Ascent|p2a: Arceus
|-damage|p2a: Arceus|38/100 par
|-unboost|p1a: Rayquaza|def|1
|-unboost|p1a: Rayquaza|spd|1
|move|p2a: Arceus|Shadow Ball|p1a: Rayquaza
|-damage|p1a: Rayquaza|0 fnt
|faint|p1a: Rayquaza
|-weather|none
|
|-heal|p2a: Arceus|44/100 par|[from] item: Leftovers
|upkeep
|
|t:|1604819248
|switch|p1a: Wall|Necrozma-Dusk-Mane|100/100
|turn|15
|
|t:|1604819252
|move|p1a: Wall|Autotomize|p1a: Wall
|-boost|p1a: Wall|spe|2
|-start|p1a: Wall|Autotomize
|move|p2a: Arceus|Will-O-Wisp|p1a: Wall
|-status|p1a: Wall|brn
|
|-heal|p2a: Arceus|50/100 par|[from] item: Leftovers
|-damage|p1a: Wall|94/100 brn|[from] brn
|upkeep
|turn|16
|
|t:|1604819256
|move|p1a: Wall|Photon Geyser|p2a: Arceus
|-damage|p2a: Arceus|35/100 par
|move|p2a: Arceus|Recover|p2a: Arceus
|-heal|p2a: Arceus|85/100 par
|
|-heal|p2a: Arceus|91/100 par|[from] item: Leftovers
|-damage|p1a: Wall|88/100 brn|[from] brn
|upkeep
|turn|17
|-message|ChunkyRat forfeited.
|
|win|Fractalis
|l|☆ChunkyRat
|raw|ChunkyRat's rating: 1715 &rarr; <strong>1691</strong><br />(-24 for losing)
|raw|Fractalis's rating: 1642 &rarr; <strong>1666</strong><br />(+24 for winning)
|c|☆Fractalis|kek
