|j|☆ThenoJSZ
|j|☆Blackstar152001
|t:|1665567157
|gametype|singles
|player|p1|ThenoJSZ|twins-gen4dp|1770
|player|p2|Blackstar152001|blue-gen3two|2020
|teamsize|p1|6
|teamsize|p2|6
|gen|8
|tier|[Gen 8] National Dex AG
|rated|
|rule|HP Percentage Mod: HP is shown in percentages
|rule|Endless Battle Clause: Forcing endless battles is banned
|clearpoke
|poke|p1|Rayquaza|
|poke|p1|Zacian-*|
|poke|p1|Arceus-*|
|poke|p1|Kyogre|
|poke|p1|Calyrex-Shadow|
|poke|p1|Ditto|
|poke|p2|Necrozma-Dusk-Mane|
|poke|p2|Yveltal|
|poke|p2|Zygarde|
|poke|p2|Arceus-*|
|poke|p2|Ditto|
|poke|p2|Arceus-*|
|teampreview
|inactive|Battle timer is ON: inactive players will automatically lose when time's up. (requested by Blackstar152001)
|inactive|ThenoJSZ also wants the timer to be on.
|
|t:|1665567173
|start
|switch|p1a: Kyogre|Kyogre|100/100
|switch|p2a: Ditto|Ditto, shiny|100/100
|-transform|p2a: Ditto|p1a: Kyogre|[from] ability: Imposter
|-weather|RainDance|[from] ability: Drizzle|[of] p2a: Ditto
|detailschange|p1a: Kyogre|Kyogre-Primal
|-primal|p1a: Kyogre
|-weather|PrimordialSea|[from] ability: Primordial Sea|[of] p1a: Kyogre
|turn|1
|
|t:|1665567187
|switch|p2a: Arceus|Arceus-Fairy|100/100
|-weather|none
|switch|p1a: Arceus|Arceus-Electric|100/100
|
|upkeep
|turn|2
|
|t:|1665567192
|move|p1a: Arceus|Stealth Rock|p2a: Arceus
|-sidestart|p2: Blackstar152001|move: Stealth Rock
|move|p2a: Arceus|Stealth Rock|p1a: Arceus
|-sidestart|p1: ThenoJSZ|move: Stealth Rock
|
|upkeep
|turn|3
|
|t:|1665567200
|switch|p2a: Ditto|Ditto, shiny|100/100
|-damage|p2a: Ditto|88/100|[from] Stealth Rock
|-transform|p2a: Ditto|p1a: Arceus|[from] ability: Imposter
|move|p1a: Arceus|Judgment|p2a: Ditto
|-resisted|p2a: Ditto
|-damage|p2a: Ditto|61/100
|
|upkeep
|turn|4
|
|t:|1665567207
|switch|p2a: Zygarde|Zygarde, shiny|100/100
|-damage|p2a: Zygarde|94/100|[from] Stealth Rock
|move|p1a: Arceus|Judgment|p2a: Zygarde
|-immune|p2a: Zygarde
|
|-heal|p2a: Zygarde|100/100|[from] item: Leftovers
|upkeep
|turn|5
|
|t:|1665567212
|move|p1a: Arceus|Will-O-Wisp|p2a: Zygarde
|-status|p2a: Zygarde|brn
|move|p2a: Zygarde|Glare|p1a: Arceus
|-immune|p1a: Arceus
|
|-damage|p2a: Zygarde|94/100 brn|[from] brn
|upkeep
|turn|6
|
|t:|1665567223
|switch|p1a: Calyrex|Calyrex-Shadow|100/100
|-ability|p1a: Calyrex|As One
|-ability|p1a: Calyrex|Unnerve
|-damage|p1a: Calyrex|88/100|[from] Stealth Rock
|move|p2a: Zygarde|Glare|p1a: Calyrex
|-status|p1a: Calyrex|par
|
|-heal|p2a: Zygarde|100/100 brn|[from] item: Leftovers
|-damage|p2a: Zygarde|94/100 brn|[from] brn
|upkeep
|turn|7
|
|t:|1665567232
|switch|p2a: Yveltal|Yveltal, shiny|100/100
|-ability|p2a: Yveltal|Dark Aura
|move|p1a: Calyrex|Astral Barrage|p2a: Yveltal
|-resisted|p2a: Yveltal
|-damage|p2a: Yveltal|69/100
|
|upkeep
|turn|8
|
|t:|1665567244
|switch|p1a: Zacian|Zacian-Crowned|100/100
|-damage|p1a: Zacian|94/100|[from] Stealth Rock
|-ability|p1a: Zacian|Intrepid Sword|boost
|-boost|p1a: Zacian|atk|1
|move|p2a: Yveltal|U-turn|p1a: Zacian
|-resisted|p1a: Zacian
|-damage|p1a: Zacian|90/100
|
|t:|1665567247
|switch|p2a: Ditto|Ditto, shiny|61/100|[from]move: U-turn
|-damage|p2a: Ditto|49/100|[from] Stealth Rock
|-transform|p2a: Ditto|p1a: Zacian|[from] ability: Imposter
|-ability|p2a: Ditto|Intrepid Sword|boost
|-boost|p2a: Ditto|atk|1
|
|upkeep
|turn|9
|
|t:|1665567253
|switch|p1a: Arceus|Arceus-Electric|100/100
|-damage|p1a: Arceus|88/100|[from] Stealth Rock
|move|p2a: Ditto|Behemoth Blade|p1a: Arceus
|-resisted|p1a: Arceus
|-damage|p1a: Arceus|53/100
|
|upkeep
|turn|10
|
|t:|1665567263
|switch|p2a: Zygarde|Zygarde, shiny|94/100 brn
|-damage|p2a: Zygarde|88/100 brn|[from] Stealth Rock
|move|p1a: Arceus|Recover|p1a: Arceus
|-heal|p1a: Arceus|100/100
|
|-heal|p2a: Zygarde|94/100 brn|[from] item: Leftovers
|-damage|p2a: Zygarde|88/100 brn|[from] brn
|upkeep
|turn|11
|
|t:|1665567269
|switch|p1a: Calyrex|Calyrex-Shadow|88/100 par
|-ability|p1a: Calyrex|As One
|-ability|p1a: Calyrex|Unnerve
|-damage|p1a: Calyrex|76/100 par|[from] Stealth Rock
|move|p2a: Zygarde|Thousand Arrows|p1a: Calyrex
|-damage|p1a: Calyrex|58/100 par
|
|-heal|p2a: Zygarde|94/100 brn|[from] item: Leftovers
|-damage|p2a: Zygarde|88/100 brn|[from] brn
|upkeep
|turn|12
|
|t:|1665567279
|move|p2a: Zygarde|Thousand Arrows|p1a: Calyrex
|-damage|p1a: Calyrex|40/100 par
|move|p1a: Calyrex|Astral Barrage|p2a: Zygarde
|-damage|p2a: Zygarde|0 fnt
|faint|p2a: Zygarde
|-ability|p1a: Calyrex|Grim Neigh|boost
|-boost|p1a: Calyrex|spa|1
|
|upkeep
|
|t:|1665567289
|switch|p2a: Ditto|Ditto, shiny|49/100
|-damage|p2a: Ditto|36/100|[from] Stealth Rock
|-transform|p2a: Ditto|p1a: Calyrex|[from] ability: Imposter
|turn|13
|
|t:|1665567303
|move|p2a: Ditto|Astral Barrage|p1a: Calyrex
|-supereffective|p1a: Calyrex
|-damage|p1a: Calyrex|0 fnt
|faint|p1a: Calyrex
|-ability|p2a: Ditto|Grim Neigh|boost
|-boost|p2a: Ditto|spa|1
|
|upkeep
|
|t:|1665567308
|switch|p1a: Kyogre|Kyogre-Primal|100/100
|-damage|p1a: Kyogre|88/100|[from] Stealth Rock
|-weather|PrimordialSea|[from] ability: Primordial Sea|[of] p1a: Kyogre
|turn|14
|
|t:|1665567327
|-start|p2a: Ditto|Dynamax|
|-heal|p2a: Ditto|36/100|[silent]
|move|p2a: Ditto|Max Phantasm|p1a: Kyogre
|-damage|p1a: Kyogre|0 fnt
|faint|p1a: Kyogre
|-weather|none
|-ability|p2a: Ditto|Grim Neigh|boost
|-boost|p2a: Ditto|spa|1
|
|upkeep
|
|t:|1665567339
|switch|p1a: Arceus|Arceus-Electric|100/100
|-damage|p1a: Arceus|88/100|[from] Stealth Rock
|turn|15
|
|t:|1665567345
|-start|p1a: Arceus|Dynamax|
|-heal|p1a: Arceus|88/100|[silent]
|move|p2a: Ditto|Max Mindstorm|p1a: Arceus
|-damage|p1a: Arceus|19/100
|-fieldstart|move: Psychic Terrain
|move|p1a: Arceus|Max Lightning|p2a: Ditto
|-damage|p2a: Ditto|0 fnt
|-fieldstart|move: Electric Terrain
|faint|p2a: Ditto
|
|upkeep
|
|t:|1665567360
|switch|p2a: Arceus|Arceus-Fairy|100/100
|-damage|p2a: Arceus|88/100|[from] Stealth Rock
|turn|16
|
|t:|1665567368
|move|p1a: Arceus|Max Lightning|p2a: Arceus
|-damage|p2a: Arceus|45/100
|move|p2a: Arceus|Judgment|p1a: Arceus
|-damage|p1a: Arceus|3/100
|
|upkeep
|turn|17
|
|t:|1665567376
|move|p1a: Arceus|Max Lightning|p2a: Arceus
|-damage|p2a: Arceus|0 fnt
|faint|p2a: Arceus
|
|upkeep
|
|t:|1665567380
|switch|p2a: Arceus|Arceus|100/100
|-damage|p2a: Arceus|88/100|[from] Stealth Rock
|-end|p1a: Arceus|Dynamax
|-heal|p1a: Arceus|3/100|[silent]
|turn|18
|
|t:|1665567383
|move|p2a: Arceus|Extreme Speed|p1a: Arceus
|-damage|p1a: Arceus|0 fnt
|faint|p1a: Arceus
|
|upkeep
|
|t:|1665567389
|switch|p1a: Zacian|Zacian-Crowned|90/100
|-damage|p1a: Zacian|84/100|[from] Stealth Rock
|-ability|p1a: Zacian|Intrepid Sword|boost
|-boost|p1a: Zacian|atk|1
|turn|19
|
|t:|1665567393
|switch|p2a: Necrozma|Necrozma-Dusk-Mane|100/100
|-damage|p2a: Necrozma|94/100|[from] Stealth Rock
|move|p1a: Zacian|Close Combat|p2a: Necrozma
|-damage|p2a: Necrozma|53/100
|-unboost|p1a: Zacian|def|1
|-unboost|p1a: Zacian|spd|1
|-damage|p1a: Zacian|67/100|[from] item: Rocky Helmet|[of] p2a: Necrozma
|
|-fieldend|move: Electric Terrain
|upkeep
|turn|20
|
|t:|1665567402
|switch|p1a: Ditto|Ditto|100/100
|-damage|p1a: Ditto|88/100|[from] Stealth Rock
|-transform|p1a: Ditto|p2a: Necrozma|[from] ability: Imposter
|move|p2a: Necrozma|Morning Sun|p2a: Necrozma
|-heal|p2a: Necrozma|100/100
|
|upkeep
|turn|21
|
|t:|1665567419
|switch|p2a: Yveltal|Yveltal, shiny|69/100
|-ability|p2a: Yveltal|Dark Aura
|move|p1a: Ditto|Knock Off|p2a: Yveltal
|-resisted|p2a: Yveltal
|-damage|p2a: Yveltal|52/100
|-enditem|p2a: Yveltal|Heavy-Duty Boots|[from] move: Knock Off|[of] p1a: Ditto
|
|upkeep
|turn|22
|
|t:|1665567433
|switch|p1a: Rayquaza|Rayquaza|100/100
|-damage|p1a: Rayquaza|75/100|[from] Stealth Rock
|-ability|p1a: Rayquaza|Air Lock
|move|p2a: Yveltal|Roost|p2a: Yveltal
|-heal|p2a: Yveltal|100/100
|-singleturn|p2a: Yveltal|move: Roost
|
|upkeep
|turn|23
|
|t:|1665567449
|detailschange|p1a: Rayquaza|Rayquaza-Mega
|-mega|p1a: Rayquaza|Rayquaza|
|-weather|DeltaStream|[from] ability: Delta Stream|[of] p1a: Rayquaza
|move|p1a: Rayquaza|Dragon Ascent|p2a: Yveltal
|-damage|p2a: Yveltal|13/100
|-unboost|p1a: Rayquaza|def|1
|-unboost|p1a: Rayquaza|spd|1
|move|p2a: Yveltal|Knock Off|p1a: Rayquaza
|-damage|p1a: Rayquaza|0 fnt
|-enditem|p1a: Rayquaza|Choice Band|[from] move: Knock Off|[of] p2a: Yveltal
|faint|p1a: Rayquaza
|-weather|none
|
|upkeep
|
|t:|1665567464
|switch|p1a: Ditto|Ditto|88/100
|-damage|p1a: Ditto|76/100|[from] Stealth Rock
|-transform|p1a: Ditto|p2a: Yveltal|[from] ability: Imposter
|-ability|p1a: Ditto|Dark Aura
|turn|24
|
|t:|1665567470
|move|p1a: Ditto|Knock Off|p2a: Yveltal
|-resisted|p2a: Yveltal
|-damage|p2a: Yveltal|0 fnt
|faint|p2a: Yveltal
|
|upkeep
|
|t:|1665567474
|switch|p2a: Arceus|Arceus|88/100
|-damage|p2a: Arceus|76/100|[from] Stealth Rock
|turn|25
|
|t:|1665567480
|switch|p1a: Zacian|Zacian-Crowned|67/100
|-damage|p1a: Zacian|61/100|[from] Stealth Rock
|-ability|p1a: Zacian|Intrepid Sword|boost
|-boost|p1a: Zacian|atk|1
|move|p2a: Arceus|Extreme Speed|p1a: Zacian
|-resisted|p1a: Zacian
|-damage|p1a: Zacian|43/100
|
|upkeep
|turn|26
|
|t:|1665567491
|switch|p2a: Necrozma|Necrozma-Dusk-Mane|100/100
|-damage|p2a: Necrozma|94/100|[from] Stealth Rock
|move|p1a: Zacian|Close Combat|p2a: Necrozma
|-damage|p2a: Necrozma|54/100
|-unboost|p1a: Zacian|def|1
|-unboost|p1a: Zacian|spd|1
|-damage|p1a: Zacian|27/100|[from] item: Rocky Helmet|[of] p2a: Necrozma
|
|upkeep
|turn|27
|
|t:|1665567498
|switch|p1a: Ditto|Ditto|76/100
|-damage|p1a: Ditto|63/100|[from] Stealth Rock
|-transform|p1a: Ditto|p2a: Necrozma|[from] ability: Imposter
|move|p2a: Necrozma|Morning Sun|p2a: Necrozma
|-heal|p2a: Necrozma|100/100
|
|upkeep
|turn|28
|
|t:|1665567506
|move|p1a: Ditto|Knock Off|p2a: Necrozma
|-supereffective|p2a: Necrozma
|-damage|p2a: Necrozma|76/100
|-damage|p1a: Ditto|47/100|[from] item: Rocky Helmet|[of] p2a: Necrozma
|-enditem|p2a: Necrozma|Rocky Helmet|[from] move: Knock Off|[of] p1a: Ditto
|move|p2a: Necrozma|Sunsteel Strike|p1a: Ditto
|-resisted|p1a: Ditto
|-damage|p1a: Ditto|28/100
|
|upkeep
|turn|29
|
|t:|1665567516
|move|p1a: Ditto|Knock Off|p2a: Necrozma
|-supereffective|p2a: Necrozma
|-damage|p2a: Necrozma|58/100
|move|p2a: Necrozma|Morning Sun|p2a: Necrozma
|-heal|p2a: Necrozma|100/100
|
|upkeep
|turn|30
|
|t:|1665567521
|move|p1a: Ditto|Knock Off|p2a: Necrozma
|-supereffective|p2a: Necrozma
|-crit|p2a: Necrozma
|-damage|p2a: Necrozma|75/100
|move|p2a: Necrozma|Sunsteel Strike|p1a: Ditto
|-resisted|p1a: Ditto
|-damage|p1a: Ditto|11/100
|
|upkeep
|turn|31
|
|t:|1665567528
|switch|p1a: Zacian|Zacian-Crowned|27/100
|-damage|p1a: Zacian|20/100|[from] Stealth Rock
|-ability|p1a: Zacian|Intrepid Sword|boost
|-boost|p1a: Zacian|atk|1
|move|p2a: Necrozma|Morning Sun|p2a: Necrozma
|-heal|p2a: Necrozma|100/100
|
|upkeep
|turn|32
|
|t:|1665567539
|move|p1a: Zacian|Close Combat|p2a: Necrozma
|-damage|p2a: Necrozma|60/100
|-unboost|p1a: Zacian|def|1
|-unboost|p1a: Zacian|spd|1
|move|p2a: Necrozma|Sunsteel Strike|p1a: Zacian
|-damage|p1a: Zacian|0 fnt
|faint|p1a: Zacian
|
|upkeep
|
|t:|1665567547
|switch|p1a: Ditto|Ditto|11/100
|-damage|p1a: Ditto|0 fnt|[from] Stealth Rock
|faint|p1a: Ditto
|
|win|Blackstar152001
|raw|ThenoJSZ's rating: 1770 &rarr; <strong>1762</strong><br />(-8 for losing)
|raw|Blackstar152001's rating: 2020 &rarr; <strong>2028</strong><br />(+8 for winning)
