|j|☆egbdf egbdf
|j|☆IsoCon
|t:|1651100249
|gametype|singles
|player|p1|egbdf egbdf|schoolkidf|1600
|player|p2|IsoCon|acetrainersnowf|1624
|teamsize|p1|6
|teamsize|p2|6
|gen|8
|tier|[Gen 8] National Dex AG
|rated|
|rule|HP Percentage Mod: HP is shown in percentages
|rule|Endless Battle Clause: Forcing endless battles is banned
|clearpoke
|poke|p1|Zacian-*|
|poke|p1|Kyogre|
|poke|p1|Yveltal|
|poke|p1|Blaziken, M|
|poke|p1|Calyrex-Shadow|
|poke|p1|Ditto|
|poke|p2|Gengar, F|
|poke|p2|Yveltal|
|poke|p2|Zacian-*|
|poke|p2|Groudon|
|poke|p2|Ho-Oh|
|poke|p2|Arceus-*|
|teampreview
|inactive|Battle timer is ON: inactive players will automatically lose when time's up. (requested by egbdf egbdf)
|
|t:|1651100273
|start
|switch|p1a: Calyrex|Calyrex-Shadow|100/100
|switch|p2a: Arceus|Arceus-Water|100/100
|-ability|p1a: Calyrex|As One
|-ability|p1a: Calyrex|Unnerve
|turn|1
|
|t:|1651100287
|move|p1a: Calyrex|Nasty Plot|p1a: Calyrex
|-boost|p1a: Calyrex|spa|2
|move|p2a: Arceus|Judgment|p1a: Calyrex
|-damage|p1a: Calyrex|55/100
|
|upkeep
|turn|2
|
|t:|1651100317
|move|p1a: Calyrex|Astral Barrage|p2a: Arceus
|-crit|p2a: Arceus
|-damage|p2a: Arceus|0 fnt
|faint|p2a: Arceus
|-ability|p1a: Calyrex|Grim Neigh|boost
|-boost|p1a: Calyrex|spa|1
|
|upkeep
|
|t:|1651100321
|switch|p2a: Yveltal|Yveltal|100/100
|-ability|p2a: Yveltal|Dark Aura
|turn|3
|
|t:|1651100339
|-start|p1a: Calyrex|Dynamax|
|-heal|p1a: Calyrex|55/100|[silent]
|-start|p2a: Yveltal|Dynamax|
|-heal|p2a: Yveltal|100/100|[silent]
|move|p1a: Calyrex|Max Starfall|p2a: Yveltal
|-supereffective|p2a: Yveltal
|-damage|p2a: Yveltal|10/100
|-fieldstart|move: Misty Terrain
|move|p2a: Yveltal|Max Airstream|p1a: Calyrex
|-damage|p1a: Calyrex|10/100
|-boost|p2a: Yveltal|spe|1
|-damage|p2a: Yveltal|5/100|[from] item: Life Orb
|
|upkeep
|turn|4
|
|t:|1651100361
|move|p2a: Yveltal|Max Darkness|p1a: Calyrex
|-supereffective|p1a: Calyrex
|-damage|p1a: Calyrex|0 fnt
|faint|p1a: Calyrex
|-damage|p2a: Yveltal|0 fnt|[from] item: Life Orb
|faint|p2a: Yveltal
|
|upkeep
|inactive|egbdf egbdf has 120 seconds left.
|
|t:|1651100380
|switch|p1a: Ditto|Ditto|100/100
|switch|p2a: Groudon|Groudon|100/100
|-transform|p1a: Ditto|p2a: Groudon|[from] ability: Imposter
|-weather|SunnyDay|[from] ability: Drought|[of] p1a: Ditto
|detailschange|p2a: Groudon|Groudon-Primal
|-primal|p2a: Groudon
|-weather|DesolateLand|[from] ability: Desolate Land|[of] p2a: Groudon
|turn|5
|inactive|egbdf egbdf has 120 seconds left.
|
|t:|1651100397
|move|p1a: Ditto|Precipice Blades|p2a: Groudon
|-supereffective|p2a: Groudon
|-damage|p2a: Groudon|38/100
|move|p2a: Groudon|Precipice Blades|p1a: Ditto
|-damage|p1a: Ditto|46/100
|
|-weather|DesolateLand|[upkeep]
|upkeep
|turn|6
|inactive|egbdf egbdf has 120 seconds left.
|
|t:|1651100404
|-weather|none
|switch|p2a: Ho-Oh|Ho-Oh|100/100
|move|p1a: Ditto|Precipice Blades|p2a: Ho-Oh
|-immune|p2a: Ho-Oh
|
|upkeep
|turn|7
|j| icantbelievethiss
|inactive|egbdf egbdf has 120 seconds left.
|
|t:|1651100419
|switch|p1a: Blaziken|Blaziken, M|100/100
|move|p2a: Ho-Oh|Whirlwind|p1a: Blaziken
|drag|p1a: Ditto|Ditto|46/100
|-transform|p1a: Ditto|p2a: Ho-Oh|[from] ability: Imposter
|
|-fieldend|Misty Terrain
|upkeep
|turn|8
|inactive|egbdf egbdf has 120 seconds left.
|
|t:|1651100439
|switch|p2a: Gengar|Gengar, F|100/100
|move|p1a: Ditto|Whirlwind|p2a: Gengar
|drag|p2a: Ho-Oh|Ho-Oh|100/100
|
|upkeep
|turn|9
|
|t:|1651100450
|switch|p1a: Blaziken|Blaziken, M|100/100
|move|p2a: Ho-Oh|Toxic|p1a: Blaziken
|-status|p1a: Blaziken|tox
|
|-damage|p1a: Blaziken|95/100 tox|[from] psn
|upkeep
|turn|10
|
|t:|1651100460
|detailschange|p1a: Blaziken|Blaziken-Mega, M
|-mega|p1a: Blaziken|Blaziken|Blazikenite
|move|p1a: Blaziken|Swords Dance|p1a: Blaziken
|-boost|p1a: Blaziken|atk|2
|move|p2a: Ho-Oh|Whirlwind|p1a: Blaziken
|drag|p1a: Kyogre|Kyogre|100/100
|detailschange|p1a: Kyogre|Kyogre-Primal
|-primal|p1a: Kyogre
|-weather|PrimordialSea|[from] ability: Primordial Sea|[of] p1a: Kyogre
|
|-weather|PrimordialSea|[upkeep]
|upkeep
|turn|11
|inactive|egbdf egbdf has 120 seconds left.
|
|t:|1651100472
|-weather|none
|switch|p1a: Ditto|Ditto|79/100
|-transform|p1a: Ditto|p2a: Ho-Oh|[from] ability: Imposter
|switch|p2a: Groudon|Groudon-Primal|38/100
|-weather|DesolateLand|[from] ability: Desolate Land|[of] p2a: Groudon
|
|-weather|DesolateLand|[upkeep]
|upkeep
|turn|12
|inactive|egbdf egbdf has 120 seconds left.
|
|t:|1651100499
|switch|p1a: Zacian|Zacian-Crowned|100/100
|-ability|p1a: Zacian|Intrepid Sword|boost
|-boost|p1a: Zacian|atk|1
|-weather|none
|switch|p2a: Gengar|Gengar, F|100/100
|
|upkeep
|turn|13
|
|t:|1651100517
|switch|p2a: Ho-Oh|Ho-Oh|100/100
|move|p1a: Zacian|Crunch|p2a: Ho-Oh
|-damage|p2a: Ho-Oh|69/100
|-unboost|p2a: Ho-Oh|def|1
|
|upkeep
|turn|14
|
|t:|1651100523
|switch|p2a: Groudon|Groudon-Primal|38/100
|-weather|DesolateLand|[from] ability: Desolate Land|[of] p2a: Groudon
|move|p1a: Zacian|Wild Charge|p2a: Groudon
|-immune|p2a: Groudon
|
|-weather|DesolateLand|[upkeep]
|upkeep
|turn|15
|
|t:|1651100530
|move|p1a: Zacian|Crunch|p2a: Groudon
|-damage|p2a: Groudon|10/100
|move|p2a: Groudon|Precipice Blades|p1a: Zacian
|-supereffective|p1a: Zacian
|-damage|p1a: Zacian|0 fnt
|faint|p1a: Zacian
|
|-weather|DesolateLand|[upkeep]
|upkeep
|
|t:|1651100540
|switch|p1a: Blaziken|Blaziken-Mega, M|95/100 tox
|turn|16
|
|t:|1651100544
|move|p1a: Blaziken|Protect|p1a: Blaziken
|-singleturn|p1a: Blaziken|Protect
|move|p2a: Groudon|Precipice Blades|p1a: Blaziken
|-activate|p1a: Blaziken|move: Protect
|
|-weather|DesolateLand|[upkeep]
|-damage|p1a: Blaziken|89/100 tox|[from] psn
|-ability|p1a: Blaziken|Speed Boost|boost
|-boost|p1a: Blaziken|spe|1
|upkeep
|turn|17
|
|t:|1651100552
|-weather|none
|switch|p2a: Ho-Oh|Ho-Oh|100/100
|move|p1a: Blaziken|Flare Blitz|p2a: Ho-Oh
|-resisted|p2a: Ho-Oh
|-damage|p2a: Ho-Oh|73/100
|-damage|p1a: Blaziken|76/100 tox|[from] Recoil
|
|-damage|p1a: Blaziken|64/100 tox|[from] psn
|-ability|p1a: Blaziken|Speed Boost|boost
|-boost|p1a: Blaziken|spe|1
|upkeep
|turn|18
|
|t:|1651100562
|move|p1a: Blaziken|Baton Pass|p1a: Blaziken
|
|t:|1651100571
|switch|p1a: Kyogre|Kyogre-Primal|100/100|[from]move: Baton Pass
|-weather|PrimordialSea|[from] ability: Primordial Sea|[of] p1a: Kyogre
|move|p2a: Ho-Oh|Whirlwind|p1a: Kyogre
|-weather|none
|drag|p1a: Blaziken|Blaziken-Mega, M|64/100 tox
|
|-damage|p1a: Blaziken|58/100 tox|[from] psn
|upkeep
|turn|19
|
|t:|1651100583
|move|p1a: Blaziken|Baton Pass|p1a: Blaziken
|
|t:|1651100592
|switch|p1a: Ditto|Ditto|100/100|[from]move: Baton Pass
|-transform|p1a: Ditto|p2a: Ho-Oh|[from] ability: Imposter
|move|p2a: Ho-Oh|Toxic|p1a: Ditto|[miss]
|-miss|p2a: Ho-Oh|p1a: Ditto
|
|upkeep
|turn|20
|
|t:|1651100606
|switch|p2a: Gengar|Gengar, F|100/100
|move|p1a: Ditto|Whirlwind|p2a: Gengar
|drag|p2a: Ho-Oh|Ho-Oh|100/100
|
|upkeep
|turn|21
|
|t:|1651100614
|switch|p1a: Blaziken|Blaziken-Mega, M|58/100 tox
|move|p2a: Ho-Oh|Toxic|p1a: Blaziken|[miss]
|-miss|p2a: Ho-Oh|p1a: Blaziken
|
|-damage|p1a: Blaziken|52/100 tox|[from] psn
|upkeep
|turn|22
|
|t:|1651100624
|move|p1a: Blaziken|Baton Pass|p1a: Blaziken
|
|t:|1651100626
|switch|p1a: Yveltal|Yveltal|100/100|[from]move: Baton Pass
|-ability|p1a: Yveltal|Dark Aura
|move|p2a: Ho-Oh|Toxic|p1a: Yveltal
|-status|p1a: Yveltal|tox
|
|-damage|p1a: Yveltal|94/100 tox|[from] psn
|upkeep
|turn|23
|
|t:|1651100637
|switch|p2a: Zacian|Zacian-Crowned|100/100
|-ability|p2a: Zacian|Intrepid Sword|boost
|-boost|p2a: Zacian|atk|1
|move|p1a: Yveltal|Dark Pulse|p2a: Zacian
|-resisted|p2a: Zacian
|-damage|p2a: Zacian|75/100
|
|-damage|p1a: Yveltal|82/100 tox|[from] psn
|upkeep
|turn|24
|
|t:|1651100656
|switch|p1a: Ditto|Ditto|100/100
|-transform|p1a: Ditto|p2a: Zacian|[from] ability: Imposter
|-ability|p1a: Ditto|Intrepid Sword|boost
|-boost|p1a: Ditto|atk|1
|move|p2a: Zacian|Wild Charge|p1a: Ditto
|-damage|p1a: Ditto|41/100
|-damage|p2a: Zacian|61/100|[from] Recoil
|
|upkeep
|turn|25
|
|t:|1651100673
|switch|p2a: Groudon|Groudon-Primal|10/100
|-weather|DesolateLand|[from] ability: Desolate Land|[of] p2a: Groudon
|move|p1a: Ditto|Close Combat|p2a: Groudon
|-damage|p2a: Groudon|0 fnt
|-unboost|p1a: Ditto|def|1
|-unboost|p1a: Ditto|spd|1
|faint|p2a: Groudon
|-weather|none
|
|upkeep
|
|t:|1651100680
|switch|p2a: Gengar|Gengar, F|100/100
|turn|26
|
|t:|1651100687
|switch|p1a: Yveltal|Yveltal|82/100 tox
|-ability|p1a: Yveltal|Dark Aura
|detailschange|p2a: Gengar|Gengar-Mega, F
|-mega|p2a: Gengar|Gengar|Gengarite
|move|p2a: Gengar|Substitute|p2a: Gengar
|-start|p2a: Gengar|Substitute
|-damage|p2a: Gengar|76/100
|
|-damage|p1a: Yveltal|76/100 tox|[from] psn
|upkeep
|turn|27
|
|t:|1651100697
|move|p2a: Gengar|Focus Blast|p1a: Yveltal
|-damage|p1a: Yveltal|30/100 tox
|-unboost|p1a: Yveltal|spd|1
|move|p1a: Yveltal|Dark Pulse|p2a: Gengar
|-supereffective|p2a: Gengar
|-end|p2a: Gengar|Substitute
|
|-damage|p1a: Yveltal|18/100 tox|[from] psn
|upkeep
|turn|28
|
|t:|1651100706
|move|p1a: Yveltal|Sucker Punch||[still]
|-fail|p1a: Yveltal
|move|p2a: Gengar|Substitute|p2a: Gengar
|-start|p2a: Gengar|Substitute
|-damage|p2a: Gengar|51/100
|
|-damage|p1a: Yveltal|0 fnt|[from] psn
|faint|p1a: Yveltal
|upkeep
|
|t:|1651100721
|switch|p1a: Kyogre|Kyogre-Primal|100/100
|-weather|PrimordialSea|[from] ability: Primordial Sea|[of] p1a: Kyogre
|turn|29
|inactive|IsoCon has 120 seconds left.
|
|t:|1651100763
|move|p2a: Gengar|Shadow Ball|p1a: Kyogre
|-damage|p1a: Kyogre|68/100
|move|p1a: Kyogre|Origin Pulse|p2a: Gengar|[miss]
|-miss|p1a: Kyogre|p2a: Gengar
|
|-weather|PrimordialSea|[upkeep]
|upkeep
|turn|30
|inactive|egbdf egbdf has 120 seconds left.
|
|t:|1651100809
|move|p2a: Gengar|Shadow Ball|p1a: Kyogre
|-crit|p1a: Kyogre
|-damage|p1a: Kyogre|21/100
|move|p1a: Kyogre|Origin Pulse|p2a: Gengar
|-end|p2a: Gengar|Substitute
|
|-weather|PrimordialSea|[upkeep]
|upkeep
|turn|31
|inactive|IsoCon has 120 seconds left.
|
|t:|1651100818
|move|p2a: Gengar|Shadow Ball|p1a: Kyogre
|-damage|p1a: Kyogre|0 fnt
|faint|p1a: Kyogre
|-weather|none
|
|upkeep
|
|t:|1651100822
|switch|p1a: Ditto|Ditto|41/100
|-transform|p1a: Ditto|p2a: Gengar|[from] ability: Imposter
|turn|32
|inactive|egbdf egbdf has 120 seconds left.
|
|t:|1651100828
|switch|p2a: Ho-Oh|Ho-Oh|100/100
|move|p1a: Ditto|Shadow Ball|p2a: Ho-Oh
|-damage|p2a: Ho-Oh|72/100
|
|upkeep
|turn|33
|
|t:|1651100836
|move|p1a: Ditto|Shadow Ball|p2a: Ho-Oh
|-damage|p2a: Ho-Oh|45/100
|-unboost|p2a: Ho-Oh|spd|1
|move|p2a: Ho-Oh|Sacred Fire|p1a: Ditto
|-damage|p1a: Ditto|0 fnt
|faint|p1a: Ditto
|
|upkeep
|-message|egbdf egbdf forfeited.
|
|win|IsoCon
|raw|egbdf egbdf's rating: 1600 &rarr; <strong>1581</strong><br />(-19 for losing)
|raw|IsoCon's rating: 1624 &rarr; <strong>1643</strong><br />(+19 for winning)
|l|☆egbdf egbdf
||Ladder isn't responding, score probably updated but might not have (Request timeout).
