|j|☆YouShouldFF
|j|☆Naofumi_Bakugo_Jax
|t:|1665283298
|gametype|singles
|player|p1|YouShouldFF|swimmer-gen4dp|1506
|player|p2|Naofumi_Bakugo_Jax|blue|1654
|teamsize|p1|6
|teamsize|p2|6
|gen|8
|tier|[Gen 8] National Dex AG
|rated|
|rule|HP Percentage Mod: HP is shown in percentages
|rule|Endless Battle Clause: Forcing endless battles is banned
|clearpoke
|poke|p1|Rayquaza|
|poke|p1|Necrozma-Dusk-Mane|
|poke|p1|Deoxys-Speed|
|poke|p1|Arceus-*|
|poke|p1|Zygarde|
|poke|p1|Xerneas-*|
|poke|p2|Zacian-*|
|poke|p2|Calyrex-Shadow|
|poke|p2|Yveltal|
|poke|p2|Arceus-*|
|poke|p2|Swampert, F|
|poke|p2|Kyogre|
|teampreview
|
|t:|1665283307
|start
|switch|p1a: Deoxys|Deoxys-Speed|100/100
|switch|p2a: Arceus|Arceus, shiny|100/100
|-ability|p1a: Deoxys|Pressure
|turn|1
|
|t:|1665283332
|move|p2a: Arceus|Magic Coat|p2a: Arceus
|-singleturn|p2a: Arceus|move: Magic Coat
|move|p1a: Deoxys|Taunt|p2a: Arceus
|move|p2a: Arceus|Taunt|p1a: Deoxys|[from]Magic Coat
|-start|p1a: Deoxys|move: Taunt
|
|upkeep
|turn|2
|
|t:|1665283355
|switch|p1a: Arceus|Arceus|100/100
|move|p2a: Arceus|Reflect|p2a: Arceus
|-sidestart|p2: Naofumi_Bakugo_Jax|Reflect
|
|upkeep
|turn|3
|inactive|Battle timer is ON: inactive players will automatically lose when time's up. (requested by YouShouldFF)
|
|t:|1665283362
|move|p2a: Arceus|Extreme Speed|p1a: Arceus
|-damage|p1a: Arceus|66/100
|move|p1a: Arceus|Swords Dance|p1a: Arceus
|-boost|p1a: Arceus|atk|2
|
|upkeep
|turn|4
|
|t:|1665283369
|move|p1a: Arceus|Extreme Speed|p2a: Arceus
|-damage|p2a: Arceus|64/100
|move|p2a: Arceus|Extreme Speed|p1a: Arceus
|-damage|p1a: Arceus|33/100
|
|upkeep
|turn|5
|
|t:|1665283383
|move|p1a: Arceus|Extreme Speed|p2a: Arceus
|-damage|p2a: Arceus|27/100
|move|p2a: Arceus|Extreme Speed|p1a: Arceus
|-damage|p1a: Arceus|0 fnt
|faint|p1a: Arceus
|
|upkeep
|
|t:|1665283389
|switch|p1a: Deoxys|Deoxys-Speed|100/100
|-ability|p1a: Deoxys|Pressure
|turn|6
|j| Eg5htj
|
|t:|1665283424
|move|p2a: Arceus|Magic Coat|p2a: Arceus
|-singleturn|p2a: Arceus|move: Magic Coat
|move|p1a: Deoxys|Reflect|p1a: Deoxys
|-sidestart|p1: YouShouldFF|Reflect
|
|upkeep
|turn|7
|inactive|Naofumi_Bakugo_Jax has 120 seconds left.
|
|t:|1665283443
|move|p1a: Deoxys|Light Screen|p1a: Deoxys
|-sidestart|p1: YouShouldFF|move: Light Screen
|move|p2a: Arceus|Tailwind|p2a: Arceus
|-sidestart|p2: Naofumi_Bakugo_Jax|move: Tailwind
|
|upkeep
|turn|8
|
|t:|1665283452
|switch|p2a: Zacian|Zacian-Crowned|100/100
|-ability|p2a: Zacian|Intrepid Sword|boost
|-boost|p2a: Zacian|atk|1
|move|p1a: Deoxys|Stealth Rock|p2a: Zacian
|-sidestart|p2: Naofumi_Bakugo_Jax|move: Stealth Rock
|
|upkeep
|turn|9
|
|t:|1665283457
|move|p2a: Zacian|Psychic Fangs|p1a: Deoxys
|-sideend|p1: YouShouldFF|Reflect
|-sideend|p1: YouShouldFF|move: Light Screen
|-resisted|p1a: Deoxys
|-damage|p1a: Deoxys|62/100
|move|p1a: Deoxys|Taunt|p2a: Zacian
|-start|p2a: Zacian|move: Taunt
|
|-sideend|p2: Naofumi_Bakugo_Jax|Reflect
|upkeep
|turn|10
|
|t:|1665283479
|switch|p2a: Swampert|Swampert, F|100/100
|-damage|p2a: Swampert|94/100|[from] Stealth Rock
|move|p1a: Deoxys|Light Screen|p1a: Deoxys
|-sidestart|p1: YouShouldFF|move: Light Screen
|
|-sideend|p2: Naofumi_Bakugo_Jax|move: Tailwind
|upkeep
|turn|11
|inactive|Naofumi_Bakugo_Jax has 120 seconds left.
|
|t:|1665283496
|detailschange|p2a: Swampert|Swampert-Mega, F
|-mega|p2a: Swampert|Swampert|Swampertite
|move|p1a: Deoxys|Reflect|p1a: Deoxys
|-sidestart|p1: YouShouldFF|Reflect
|move|p2a: Swampert|Yawn|p1a: Deoxys
|-start|p1a: Deoxys|move: Yawn|[of] p2a: Swampert
|
|upkeep
|turn|12
|inactive|Naofumi_Bakugo_Jax has 120 seconds left.
|
|t:|1665283520
|switch|p1a: Necrozma|Necrozma-Dusk-Mane|100/100
|switch|p2a: Arceus|Arceus, shiny|27/100
|-damage|p2a: Arceus|14/100|[from] Stealth Rock
|
|upkeep
|turn|13
|
|t:|1665283535
|move|p2a: Arceus|Reflect|p2a: Arceus
|-sidestart|p2: Naofumi_Bakugo_Jax|Reflect
|move|p1a: Necrozma|Dragon Dance|p1a: Necrozma
|-boost|p1a: Necrozma|atk|1
|-boost|p1a: Necrozma|spe|1
|
|upkeep
|turn|14
|
|t:|1665283538
|move|p2a: Arceus|Tailwind|p2a: Arceus
|-sidestart|p2: Naofumi_Bakugo_Jax|move: Tailwind
|move|p1a: Necrozma|Dragon Dance|p1a: Necrozma
|-boost|p1a: Necrozma|atk|1
|-boost|p1a: Necrozma|spe|1
|
|upkeep
|turn|15
|inactive|Naofumi_Bakugo_Jax has 120 seconds left.
|
|t:|1665283558
|switch|p2a: Swampert|Swampert-Mega, F|94/100
|-damage|p2a: Swampert|88/100|[from] Stealth Rock
|move|p1a: Necrozma|Dragon Dance|p1a: Necrozma
|-boost|p1a: Necrozma|atk|1
|-boost|p1a: Necrozma|spe|1
|
|upkeep
|turn|16
|
|t:|1665283566
|-start|p1a: Necrozma|Dynamax|
|-heal|p1a: Necrozma|100/100|[silent]
|move|p2a: Swampert|Yawn|p1a: Necrozma
|-start|p1a: Necrozma|move: Yawn|[of] p2a: Swampert
|move|p1a: Necrozma|Max Quake|p2a: Swampert
|-damage|p2a: Swampert|35/100
|-boost|p1a: Necrozma|spd|1
|
|upkeep
|turn|17
|inactive|Naofumi_Bakugo_Jax has 120 seconds left.
|
|t:|1665283575
|switch|p2a: Arceus|Arceus, shiny|14/100
|-damage|p2a: Arceus|2/100|[from] Stealth Rock
|move|p1a: Necrozma|Max Steelspike|p2a: Arceus
|-damage|p2a: Arceus|0 fnt
|-boost|p1a: Necrozma|def|1
|faint|p2a: Arceus
|
|-end|p1a: Necrozma|move: Yawn|[silent]
|-status|p1a: Necrozma|slp
|-sideend|p1: YouShouldFF|move: Light Screen
|-sideend|p2: Naofumi_Bakugo_Jax|move: Tailwind
|upkeep
|inactive|Naofumi_Bakugo_Jax has 120 seconds left.
|
|t:|1665283592
|switch|p2a: Calyrex|Calyrex-Shadow|100/100
|-ability|p2a: Calyrex|As One
|-ability|p2a: Calyrex|Unnerve
|-damage|p2a: Calyrex|88/100|[from] Stealth Rock
|turn|18
|
|t:|1665283606
|move|p2a: Calyrex|Nasty Plot|p2a: Calyrex
|-boost|p2a: Calyrex|spa|2
|cant|p1a: Necrozma|slp
|
|-sideend|p1: YouShouldFF|Reflect
|upkeep
|-end|p1a: Necrozma|Dynamax
|-heal|p1a: Necrozma|100/100 slp|[silent]
|turn|19
|
|t:|1665283614
|move|p2a: Calyrex|Astral Barrage|p1a: Necrozma
|-supereffective|p1a: Necrozma
|-damage|p1a: Necrozma|0 fnt
|faint|p1a: Necrozma
|-ability|p2a: Calyrex|Grim Neigh|boost
|-boost|p2a: Calyrex|spa|1
|
|upkeep
|
|t:|1665283628
|switch|p1a: Deoxys|Deoxys-Speed|62/100
|-ability|p1a: Deoxys|Pressure
|turn|20
|inactive|Naofumi_Bakugo_Jax has 120 seconds left.
|
|t:|1665283643
|move|p1a: Deoxys|Light Screen|p1a: Deoxys
|-sidestart|p1: YouShouldFF|move: Light Screen
|move|p2a: Calyrex|Astral Barrage|p1a: Deoxys
|-supereffective|p1a: Deoxys
|-damage|p1a: Deoxys|0 fnt
|faint|p1a: Deoxys
|-ability|p2a: Calyrex|Grim Neigh|boost
|-boost|p2a: Calyrex|spa|1
|
|-sideend|p2: Naofumi_Bakugo_Jax|Reflect
|upkeep
|
|t:|1665283652
|switch|p1a: Zygarde|Zygarde|100/100
|turn|21
|
|t:|1665283660
|move|p2a: Calyrex|Taunt|p1a: Zygarde
|-start|p1a: Zygarde|move: Taunt
|cant|p1a: Zygarde|move: Taunt|Glare
|
|upkeep
|turn|22
|inactive|Naofumi_Bakugo_Jax has 120 seconds left.
|
|t:|1665283680
|move|p2a: Calyrex|Astral Barrage|p1a: Zygarde
|-damage|p1a: Zygarde|35/100
|move|p1a: Zygarde|Thousand Arrows|p2a: Calyrex
|-damage|p2a: Calyrex|54/100
|
|-heal|p1a: Zygarde|41/100|[from] item: Leftovers
|-activate|p1a: Zygarde|ability: Power Construct
|detailschange|p1a: Zygarde|Zygarde-Complete
|-heal|p1a: Zygarde|61/100|[silent]
|upkeep
|turn|23
|inactive|Naofumi_Bakugo_Jax has 120 seconds left.
|
|t:|1665283701
|move|p2a: Calyrex|Astral Barrage|p1a: Zygarde
|-damage|p1a: Zygarde|14/100
|move|p1a: Zygarde|Thousand Arrows|p2a: Calyrex
|-damage|p2a: Calyrex|19/100
|
|-heal|p1a: Zygarde|20/100|[from] item: Leftovers
|-end|p1a: Zygarde|move: Taunt
|upkeep
|turn|24
|
|t:|1665283713
|move|p2a: Calyrex|Astral Barrage|p1a: Zygarde
|-damage|p1a: Zygarde|0 fnt
|faint|p1a: Zygarde
|-ability|p2a: Calyrex|Grim Neigh|boost
|-boost|p2a: Calyrex|spa|1
|
|upkeep
|
|t:|1665283718
|switch|p1a: Rayquaza|Rayquaza|100/100
|-ability|p1a: Rayquaza|Air Lock
|turn|25
|inactive|Naofumi_Bakugo_Jax has 120 seconds left.
|
|t:|1665283732
|detailschange|p1a: Rayquaza|Rayquaza-Mega
|-mega|p1a: Rayquaza|Rayquaza|
|-weather|DeltaStream|[from] ability: Delta Stream|[of] p1a: Rayquaza
|move|p2a: Calyrex|Astral Barrage|p1a: Rayquaza
|-damage|p1a: Rayquaza|0 fnt
|faint|p1a: Rayquaza
|-weather|none
|-ability|p2a: Calyrex|Grim Neigh|boost
|-boost|p2a: Calyrex|spa|1
|
|upkeep
|
|t:|1665283739
|switch|p1a: Xerneas|Xerneas|100/100
|-ability|p1a: Xerneas|Fairy Aura
|turn|26
|inactive|Naofumi_Bakugo_Jax has 120 seconds left.
|
|t:|1665283758
|move|p2a: Calyrex|Astral Barrage|p1a: Xerneas
|-damage|p1a: Xerneas|0 fnt
|faint|p1a: Xerneas
|
|win|Naofumi_Bakugo_Jax
|raw|YouShouldFF's rating: 1506 &rarr; <strong>1494</strong><br />(-12 for losing)
|raw|Naofumi_Bakugo_Jax's rating: 1654 &rarr; <strong>1666</strong><br />(+12 for winning)
|l|☆YouShouldFF
|l| Eg5htj
||Ladder isn't responding, score probably updated but might not have (Request timeout).
