|j|☆CLEAR GEM清瑜
|j|☆rajof
|t:|1662523707
|gametype|singles
|player|p1|CLEAR GEM清瑜|skierf|1813
|player|p2|rajof|youngster-gen4|1924
|teamsize|p1|6
|teamsize|p2|6
|gen|8
|tier|[Gen 8] National Dex AG
|rated|
|rule|HP Percentage Mod: HP is shown in percentages
|rule|Endless Battle Clause: Forcing endless battles is banned
|clearpoke
|poke|p1|Rayquaza|
|poke|p1|Groudon|
|poke|p1|Arceus-*|
|poke|p1|Yveltal|
|poke|p1|Zacian-*|
|poke|p1|Necrozma-Dusk-Mane|
|poke|p2|Arceus-*|
|poke|p2|Ditto|
|poke|p2|Chansey, F|
|poke|p2|Lugia|
|poke|p2|Groudon|
|poke|p2|Arceus-*|
|teampreview
|inactive|Battle timer is ON: inactive players will automatically lose when time's up. (requested by CLEAR GEM清瑜)
|
|t:|1662523725
|start
|switch|p1a: 不会(?)|Groudon|100/100
|switch|p2a: 루기아|Lugia|100/100
|detailschange|p1a: 不会(?)|Groudon-Primal
|-primal|p1a: 不会(?)
|-weather|DesolateLand|[from] ability: Desolate Land|[of] p1a: 不会(?)
|turn|1
|
|t:|1662523733
|-weather|none
|switch|p1a: 嘉然小姐的狗|Zacian-Crowned|100/100
|-ability|p1a: 嘉然小姐的狗|Intrepid Sword|boost
|-boost|p1a: 嘉然小姐的狗|atk|1
|move|p2a: 루기아|Toxic|p1a: 嘉然小姐的狗
|-immune|p1a: 嘉然小姐的狗
|
|upkeep
|turn|2
|
|t:|1662523743
|switch|p1a: Y鸟|Yveltal|100/100
|-ability|p1a: Y鸟|Dark Aura
|move|p2a: 루기아|Roost||[still]
|-fail|p2a: 루기아|heal
|
|upkeep
|turn|3
|
|t:|1662523752
|move|p1a: Y鸟|Taunt|p2a: 루기아
|-start|p2a: 루기아|move: Taunt
|cant|p2a: 루기아|move: Taunt|Toxic
|
|upkeep
|turn|4
|
|t:|1662523759
|switch|p2a: 아르세우스|Arceus-Fairy|100/100
|move|p1a: Y鸟|Dark Pulse|p2a: 아르세우스
|-resisted|p2a: 아르세우스
|-damage|p2a: 아르세우스|80/100
|
|upkeep
|turn|5
|
|t:|1662523764
|switch|p1a: 不会(?)|Groudon-Primal|100/100
|-weather|DesolateLand|[from] ability: Desolate Land|[of] p1a: 不会(?)
|move|p2a: 아르세우스|Judgment|p1a: 不会(?)
|-resisted|p1a: 不会(?)
|-damage|p1a: 不会(?)|80/100
|
|-weather|DesolateLand|[upkeep]
|upkeep
|turn|6
|
|t:|1662523767
|switch|p2a: 루기아|Lugia|100/100
|move|p1a: 不会(?)|Heat Crash|p2a: 루기아
|-damage|p2a: 루기아|72/100
|-damage|p1a: 不会(?)|64/100|[from] item: Rocky Helmet|[of] p2a: 루기아
|
|-weather|DesolateLand|[upkeep]
|upkeep
|turn|7
|
|t:|1662523773
|move|p2a: 루기아|Roost|p2a: 루기아
|-heal|p2a: 루기아|100/100
|-singleturn|p2a: 루기아|move: Roost
|move|p1a: 不会(?)|Stealth Rock|p2a: 루기아
|-sidestart|p2: rajof|move: Stealth Rock
|
|-weather|DesolateLand|[upkeep]
|upkeep
|turn|8
|
|t:|1662523776
|-weather|none
|switch|p1a: Y鸟|Yveltal|100/100
|-ability|p1a: Y鸟|Dark Aura
|move|p2a: 루기아|Defog|p1a: Y鸟
|-unboost|p1a: Y鸟|evasion|1
|-sideend|p2: rajof|Stealth Rock|[from] move: Defog|[of] p2a: 루기아
|
|upkeep
|turn|9
|
|t:|1662523780
|switch|p1a: 嘉然小姐的狗|Zacian-Crowned|100/100
|-ability|p1a: 嘉然小姐的狗|Intrepid Sword|boost
|-boost|p1a: 嘉然小姐的狗|atk|1
|switch|p2a: 아르세우스|Arceus-Fairy|80/100
|
|upkeep
|turn|10
|
|t:|1662523783
|switch|p2a: 루기아|Lugia|100/100
|move|p1a: 嘉然小姐的狗|Behemoth Blade|p2a: 루기아
|-damage|p2a: 루기아|76/100
|-damage|p1a: 嘉然小姐的狗|84/100|[from] item: Rocky Helmet|[of] p2a: 루기아
|
|upkeep
|turn|11
|
|t:|1662523785
|move|p1a: 嘉然小姐的狗|Wild Charge|p2a: 루기아
|-supereffective|p2a: 루기아
|-damage|p2a: 루기아|19/100
|-damage|p1a: 嘉然小姐的狗|68/100|[from] item: Rocky Helmet|[of] p2a: 루기아
|-damage|p1a: 嘉然小姐的狗|52/100|[from] Recoil
|move|p2a: 루기아|Roost|p2a: 루기아
|-heal|p2a: 루기아|69/100
|-singleturn|p2a: 루기아|move: Roost
|
|upkeep
|turn|12
|
|t:|1662523793
|move|p1a: 嘉然小姐的狗|Wild Charge|p2a: 루기아
|-supereffective|p2a: 루기아
|-damage|p2a: 루기아|15/100
|-damage|p1a: 嘉然小姐的狗|36/100|[from] item: Rocky Helmet|[of] p2a: 루기아
|-damage|p1a: 嘉然小姐的狗|21/100|[from] Recoil
|move|p2a: 루기아|Roost|p2a: 루기아
|-heal|p2a: 루기아|65/100
|-singleturn|p2a: 루기아|move: Roost
|
|upkeep
|turn|13
|
|t:|1662523799
|move|p1a: 嘉然小姐的狗|Wild Charge|p2a: 루기아
|-supereffective|p2a: 루기아
|-damage|p2a: 루기아|8/100
|-damage|p1a: 嘉然小姐的狗|5/100|[from] item: Rocky Helmet|[of] p2a: 루기아
|-damage|p1a: 嘉然小姐的狗|0 fnt|[from] Recoil
|faint|p1a: 嘉然小姐的狗
|move|p2a: 루기아|Roost|p2a: 루기아
|-heal|p2a: 루기아|58/100
|-singleturn|p2a: 루기아|move: Roost
|
|upkeep
|
|t:|1662523803
|switch|p1a: Y鸟|Yveltal|100/100
|-ability|p1a: Y鸟|Dark Aura
|turn|14
|
|t:|1662523807
|switch|p2a: 악르세우스|Arceus-Dark|100/100
|move|p1a: Y鸟|Taunt|p2a: 악르세우스
|-start|p2a: 악르세우스|move: Taunt
|
|upkeep
|turn|15
|
|t:|1662523812
|switch|p2a: 아르세우스|Arceus-Fairy|80/100
|move|p1a: Y鸟|Oblivion Wing|p2a: 아르세우스
|-damage|p2a: 아르세우스|51/100
|
|upkeep
|turn|16
|
|t:|1662523831
|-start|p1a: Y鸟|Dynamax|
|-heal|p1a: Y鸟|100/100|[silent]
|move|p1a: Y鸟|Max Airstream|p2a: 아르세우스
|-crit|p2a: 아르세우스
|-damage|p2a: 아르세우스|0 fnt
|-boost|p1a: Y鸟|spe|1
|faint|p2a: 아르세우스
|
|upkeep
|
|t:|1662523838
|switch|p2a: 럭키|Chansey, F|100/100
|turn|17
|
|t:|1662523841
|move|p1a: Y鸟|Max Guard|p1a: Y鸟
|-singleturn|p1a: Y鸟|Max Guard
|move|p2a: 럭키|Toxic|p1a: Y鸟
|-activate|p1a: Y鸟|move: Max Guard
|
|upkeep
|turn|18
|
|t:|1662523846
|-end|p1a: Y鸟|Dynamax
|-heal|p1a: Y鸟|100/100|[silent]
|switch|p1a: 钢铁之躯|Necrozma-Dusk-Mane|100/100
|move|p2a: 럭키|Toxic|p1a: 钢铁之躯
|-immune|p1a: 钢铁之躯
|
|upkeep
|turn|19
|
|t:|1662523852
|switch|p2a: 루기아|Lugia|58/100
|move|p1a: 钢铁之躯|Stone Edge|p2a: 루기아
|-supereffective|p2a: 루기아
|-crit|p2a: 루기아
|-damage|p2a: 루기아|0 fnt
|faint|p2a: 루기아
|
|upkeep
|
|t:|1662523858
|switch|p2a: 악르세우스|Arceus-Dark|100/100
|turn|20
|
|t:|1662523861
|switch|p1a: Y鸟|Yveltal|100/100
|-ability|p1a: Y鸟|Dark Aura
|move|p2a: 악르세우스|Calm Mind|p2a: 악르세우스
|-boost|p2a: 악르세우스|spa|1
|-boost|p2a: 악르세우스|spd|1
|
|upkeep
|turn|21
|
|t:|1662523865
|move|p2a: 악르세우스|Judgment|p1a: Y鸟
|-resisted|p1a: Y鸟
|-damage|p1a: Y鸟|60/100
|move|p1a: Y鸟|Taunt|p2a: 악르세우스
|-start|p2a: 악르세우스|move: Taunt
|
|upkeep
|turn|22
|
|t:|1662523869
|move|p2a: 악르세우스|Judgment|p1a: Y鸟
|-resisted|p1a: Y鸟
|-damage|p1a: Y鸟|17/100
|move|p1a: Y鸟|Oblivion Wing|p2a: 악르세우스
|-damage|p2a: 악르세우스|80/100
|-heal|p1a: Y鸟|34/100|[from] drain|[of] p2a: 악르세우스
|
|upkeep
|turn|23
|
|t:|1662523871
|move|p2a: 악르세우스|Judgment|p1a: Y鸟
|-resisted|p1a: Y鸟
|-damage|p1a: Y鸟|0 fnt
|faint|p1a: Y鸟
|
|upkeep
|
|t:|1662523878
|switch|p1a: 悬空羊驼|Arceus-Flying|100/100
|turn|24
|
|t:|1662523880
|switch|p2a: 메타몽|Ditto|100/100
|-transform|p2a: 메타몽|p1a: 悬空羊驼|[from] ability: Imposter
|move|p1a: 悬空羊驼|Calm Mind|p1a: 悬空羊驼
|-boost|p1a: 悬空羊驼|spa|1
|-boost|p1a: 悬空羊驼|spd|1
|
|upkeep
|turn|25
|
|t:|1662523887
|switch|p2a: 럭키|Chansey, F|100/100
|move|p1a: 悬空羊驼|Judgment|p2a: 럭키
|-damage|p2a: 럭키|71/100
|
|upkeep
|turn|26
|
|t:|1662523890
|switch|p1a: 钢铁之躯|Necrozma-Dusk-Mane|100/100
|move|p2a: 럭키|Wish|p2a: 럭키
|
|upkeep
|turn|27
|
|t:|1662523894
|switch|p2a: 악르세우스|Arceus-Dark|80/100
|move|p1a: 钢铁之躯|Earthquake|p2a: 악르세우스
|-damage|p2a: 악르세우스|51/100
|
|-heal|p2a: 악르세우스|100/100|[from] move: Wish|[wisher] 럭키
|upkeep
|turn|28
|
|t:|1662523899
|switch|p1a: 悬空羊驼|Arceus-Flying|100/100
|move|p2a: 악르세우스|Calm Mind|p2a: 악르세우스
|-boost|p2a: 악르세우스|spa|1
|-boost|p2a: 악르세우스|spd|1
|
|upkeep
|turn|29
|
|t:|1662523904
|move|p2a: 악르세우스|Judgment|p1a: 悬空羊驼
|-damage|p1a: 悬空羊驼|53/100
|move|p1a: 悬空羊驼|Calm Mind|p1a: 悬空羊驼
|-boost|p1a: 悬空羊驼|spa|1
|-boost|p1a: 悬空羊驼|spd|1
|
|upkeep
|turn|30
|
|t:|1662523907
|-start|p2a: 악르세우스|Dynamax|
|-heal|p2a: 악르세우스|100/100|[silent]
|move|p2a: 악르세우스|Max Darkness|p1a: 悬空羊驼
|-damage|p1a: 悬空羊驼|11/100
|-unboost|p1a: 悬空羊驼|spd|1
|move|p1a: 悬空羊驼|Recover|p1a: 悬空羊驼
|-heal|p1a: 悬空羊驼|61/100
|
|upkeep
|turn|31
|
|t:|1662523913
|move|p2a: 악르세우스|Max Darkness|p1a: 悬空羊驼
|-damage|p1a: 悬空羊驼|0 fnt
|faint|p1a: 悬空羊驼
|
|upkeep
|
|t:|1662523918
|switch|p1a: 老烈|Rayquaza|100/100
|-ability|p1a: 老烈|Air Lock
|turn|32
|
|t:|1662523933
|switch|p1a: 不会(?)|Groudon-Primal|64/100
|-weather|DesolateLand|[from] ability: Desolate Land|[of] p1a: 不会(?)
|move|p2a: 악르세우스|Max Darkness|p1a: 不会(?)
|-damage|p1a: 不会(?)|0 fnt
|faint|p1a: 不会(?)
|-weather|none
|
|upkeep
|
|t:|1662523935
|switch|p1a: 老烈|Rayquaza|100/100
|-ability|p1a: 老烈|Air Lock
|-end|p2a: 악르세우스|Dynamax
|-heal|p2a: 악르세우스|100/100|[silent]
|turn|33
|
|t:|1662523940
|switch|p2a: 럭키|Chansey, F|71/100
|detailschange|p1a: 老烈|Rayquaza-Mega
|-mega|p1a: 老烈|Rayquaza|
|-weather|DeltaStream|[from] ability: Delta Stream|[of] p1a: 老烈
|move|p1a: 老烈|Dragon Ascent|p2a: 럭키
|-damage|p2a: 럭키|17/100
|-unboost|p1a: 老烈|def|1
|-unboost|p1a: 老烈|spd|1
|
|-weather|DeltaStream|[upkeep]
|upkeep
|turn|34
|
|t:|1662523951
|move|p1a: 老烈|Earthquake|p2a: 럭키
|-damage|p2a: 럭키|0 fnt
|faint|p2a: 럭키
|
|-weather|DeltaStream|[upkeep]
|upkeep
|
|t:|1662523953
|switch|p2a: 메타몽|Ditto|100/100
|-transform|p2a: 메타몽|p1a: 老烈|[from] ability: Imposter
|turn|35
|
|t:|1662523956
|move|p2a: 메타몽|Dragon Ascent|p1a: 老烈
|-enditem|p1a: 老烈|Focus Sash
|-damage|p1a: 老烈|1/100
|-unboost|p2a: 메타몽|def|1
|-unboost|p2a: 메타몽|spd|1
|move|p1a: 老烈|Dragon Ascent|p2a: 메타몽
|-damage|p2a: 메타몽|0 fnt
|-unboost|p1a: 老烈|def|1
|-unboost|p1a: 老烈|spd|1
|faint|p2a: 메타몽
|
|-weather|DeltaStream|[upkeep]
|upkeep
|
|t:|1662523964
|switch|p2a: 악르세우스|Arceus-Dark|100/100
|turn|36
|
|t:|1662523966
|move|p2a: 악르세우스|Judgment|p1a: 老烈
|-damage|p1a: 老烈|0 fnt
|faint|p1a: 老烈
|-weather|none
|
|upkeep
|
|t:|1662523968
|switch|p1a: 钢铁之躯|Necrozma-Dusk-Mane|100/100
|turn|37
|
|t:|1662523971
|move|p2a: 악르세우스|Calm Mind|p2a: 악르세우스
|-boost|p2a: 악르세우스|spa|1
|-boost|p2a: 악르세우스|spd|1
|move|p1a: 钢铁之躯|Dragon Dance|p1a: 钢铁之躯
|-boost|p1a: 钢铁之躯|atk|1
|-boost|p1a: 钢铁之躯|spe|1
|
|upkeep
|turn|38
|
|t:|1662523974
|move|p2a: 악르세우스|Judgment|p1a: 钢铁之躯
|-supereffective|p1a: 钢铁之躯
|-damage|p1a: 钢铁之躯|11/100
|move|p1a: 钢铁之躯|Earthquake|p2a: 악르세우스
|-damage|p2a: 악르세우스|56/100
|
|upkeep
|turn|39
|
|t:|1662523979
|detailschange|p1a: 钢铁之躯|Necrozma-Ultra
|-burst|p1a: 钢铁之躯|Necrozma|Ultranecrozium Z
|move|p1a: 钢铁之躯|Earthquake|p2a: 악르세우스
|-damage|p2a: 악르세우스|8/100
|move|p2a: 악르세우스|Judgment|p1a: 钢铁之躯
|-supereffective|p1a: 钢铁之躯
|-damage|p1a: 钢铁之躯|0 fnt
|faint|p1a: 钢铁之躯
|
|win|rajof
|raw|CLEAR GEM清瑜's rating: 1813 &rarr; <strong>1800</strong><br />(-13 for losing)
|raw|rajof's rating: 1934 &rarr; <strong>1947</strong><br />(+13 for winning)
