|j|☆LocalMetagross
|j|☆Vegeta Otsusuki
|t:|1665696307
|gametype|singles
|player|p1|LocalMetagross|akari|1770
|player|p2|Vegeta Otsusuki|blue-gen3two|1980
|teamsize|p1|6
|teamsize|p2|6
|gen|8
|tier|[Gen 8] National Dex AG
|rated|
|rule|HP Percentage Mod: HP is shown in percentages
|rule|Endless Battle Clause: Forcing endless battles is banned
|clearpoke
|poke|p1|Deoxys-Speed|
|poke|p1|Xerneas-*|
|poke|p1|Marshadow|
|poke|p1|Calyrex-Shadow|
|poke|p1|Yveltal|
|poke|p1|Zekrom|
|poke|p2|Rayquaza|
|poke|p2|Arceus-*|
|poke|p2|Ditto|
|poke|p2|Zacian-*|
|poke|p2|Muk-Alola, F|
|poke|p2|Groudon|
|teampreview
|inactive|Battle timer is ON: inactive players will automatically lose when time's up. (requested by LocalMetagross)
|inactive|Vegeta Otsusuki also wants the timer to be on.
|
|t:|1665696321
|start
|switch|p1a: Panama|Deoxys-Speed|100/100
|switch|p2a: Arceus|Arceus|100/100
|-ability|p1a: Panama|Pressure
|turn|1
|
|t:|1665696326
|move|p1a: Panama|Thunder Wave|p2a: Arceus|[miss]
|-miss|p1a: Panama|p2a: Arceus
|move|p2a: Arceus|Shadow Claw|p1a: Panama
|-supereffective|p1a: Panama
|-damage|p1a: Panama|36/100
|
|upkeep
|turn|2
|
|t:|1665696330
|move|p2a: Arceus|Extreme Speed|p1a: Panama
|-damage|p1a: Panama|0 fnt
|faint|p1a: Panama
|
|upkeep
|c|☆LocalMetagross|fuck off dude with the thunder wave misses
|
|t:|1665696339
|switch|p1a: Shoot to Thrill|Marshadow|100/100
|turn|3
|
|t:|1665696344
|switch|p2a: Groudon|Groudon|100/100
|-weather|SunnyDay|[from] ability: Drought|[of] p2a: Groudon
|move|p1a: Shoot to Thrill|Low Kick|p2a: Groudon
|-damage|p2a: Groudon|61/100
|-damage|p1a: Shoot to Thrill|91/100|[from] item: Life Orb
|
|-weather|SunnyDay|[upkeep]
|-heal|p2a: Groudon|67/100|[from] item: Leftovers
|upkeep
|turn|4
|
|t:|1665696369
|move|p1a: Shoot to Thrill|Low Kick|p2a: Groudon
|-damage|p2a: Groudon|27/100
|-damage|p1a: Shoot to Thrill|81/100|[from] item: Life Orb
|move|p2a: Groudon|Thunder Wave|p1a: Shoot to Thrill
|-status|p1a: Shoot to Thrill|par
|
|-weather|SunnyDay|[upkeep]
|-heal|p2a: Groudon|34/100|[from] item: Leftovers
|upkeep
|turn|5
|
|t:|1665696377
|move|p2a: Groudon|Stealth Rock|p1a: Shoot to Thrill
|-sidestart|p1: LocalMetagross|move: Stealth Rock
|cant|p1a: Shoot to Thrill|par
|
|-weather|SunnyDay|[upkeep]
|-heal|p2a: Groudon|40/100|[from] item: Leftovers
|upkeep
|turn|6
|c|☆Vegeta Otsusuki|I had lum berry anyways
|inactive|LocalMetagross has 120 seconds left.
|
|t:|1665696424
|move|p2a: Groudon|Earthquake|p1a: Shoot to Thrill
|-damage|p1a: Shoot to Thrill|21/100 par
|move|p1a: Shoot to Thrill|Low Kick|p2a: Groudon
|-damage|p2a: Groudon|0 fnt
|faint|p2a: Groudon
|-damage|p1a: Shoot to Thrill|11/100 par|[from] item: Life Orb
|
|-weather|SunnyDay|[upkeep]
|upkeep
|
|t:|1665696433
|switch|p2a: Arceus|Arceus|100/100
|turn|7
|
|t:|1665696446
|move|p2a: Arceus|Shadow Claw|p1a: Shoot to Thrill
|-supereffective|p1a: Shoot to Thrill
|-damage|p1a: Shoot to Thrill|0 fnt
|faint|p1a: Shoot to Thrill
|
|-weather|none
|upkeep
|
|t:|1665696455
|switch|p1a: Back in Black|Yveltal|100/100
|-damage|p1a: Back in Black|76/100|[from] Stealth Rock
|-ability|p1a: Back in Black|Dark Aura
|turn|8
|
|t:|1665696458
|switch|p2a: Muk|Muk-Alola, F|100/100
|-start|p1a: Back in Black|Dynamax|
|-heal|p1a: Back in Black|76/100|[silent]
|move|p1a: Back in Black|Max Airstream|p2a: Muk
|-damage|p2a: Muk|55/100
|-boost|p1a: Back in Black|spe|1
|-damage|p1a: Back in Black|71/100|[from] item: Life Orb
|
|upkeep
|turn|9
|
|t:|1665696464
|move|p1a: Back in Black|Max Flare|p2a: Muk
|-damage|p2a: Muk|27/100
|-weather|SunnyDay
|-damage|p1a: Back in Black|66/100|[from] item: Life Orb
|move|p2a: Muk|Poison Jab|p1a: Back in Black
|-damage|p1a: Back in Black|50/100
|
|-weather|SunnyDay|[upkeep]
|upkeep
|turn|10
|
|t:|1665696470
|move|p2a: Muk|Shadow Sneak|p1a: Back in Black
|-resisted|p1a: Back in Black
|-damage|p1a: Back in Black|48/100
|move|p1a: Back in Black|Max Airstream|p2a: Muk
|-damage|p2a: Muk|0 fnt
|-boost|p1a: Back in Black|spe|1
|faint|p2a: Muk
|-damage|p1a: Back in Black|43/100|[from] item: Life Orb
|
|-weather|SunnyDay|[upkeep]
|upkeep
|j| in 90
|
|t:|1665696478
|switch|p2a: Arceus|Arceus|100/100
|-end|p1a: Back in Black|Dynamax
|-heal|p1a: Back in Black|43/100|[silent]
|turn|11
|
|t:|1665696484
|move|p1a: Back in Black|Dark Pulse|p2a: Arceus
|-damage|p2a: Arceus|50/100
|-damage|p1a: Back in Black|33/100|[from] item: Life Orb
|cant|p2a: Arceus|flinch
|
|-weather|SunnyDay|[upkeep]
|upkeep
|turn|12
|
|t:|1665696490
|move|p2a: Arceus|Extreme Speed|p1a: Back in Black
|-damage|p1a: Back in Black|0 fnt
|faint|p1a: Back in Black
|
|-weather|SunnyDay|[upkeep]
|upkeep
|
|t:|1665696497
|switch|p1a: High Voltage|Zekrom|100/100
|-damage|p1a: High Voltage|88/100|[from] Stealth Rock
|-ability|p1a: High Voltage|Teravolt
|turn|13
|-message|LocalMetagross forfeited.
|
|win|Vegeta Otsusuki
|raw|LocalMetagross's rating: 1770 &rarr; <strong>1761</strong><br />(-9 for losing)
|raw|Vegeta Otsusuki's rating: 1980 &rarr; <strong>1989</strong><br />(+9 for winning)
|l|☆LocalMetagross
