|j|☆pisador2
|j|☆test3721
|t:|1607138229
|player|p1|pisador2|170|1778
|player|p2|test3721|2|1645
|teamsize|p1|6
|teamsize|p2|6
|gametype|singles
|gen|8
|tier|[Gen 8] National Dex AG
|rated|
|clearpoke
|poke|p1|Groudon|
|poke|p1|Rayquaza|
|poke|p1|Lugia|
|poke|p1|Tyranitar, M|
|poke|p1|Necrozma-Dusk-Mane|
|poke|p1|Groudon|
|poke|p2|Weavile, M|
|poke|p2|Necrozma-Dusk-Mane|
|poke|p2|Deoxys-Attack|
|poke|p2|Deoxys-Attack|
|poke|p2|Landorus-Therian, M|
|poke|p2|Marshadow|
|rule|HP Percentage Mod: HP is shown in percentages
|rule|Endless Battle Clause: Forcing endless battles is banned
|teampreview
|
|t:|1607138274
|start
|switch|p1a: Tyranitar|Tyranitar, M|100/100
|switch|p2a: Weavile|Weavile, M|100/100
|-ability|p2a: Weavile|Pressure
|-weather|Sandstorm|[from] ability: Sand Stream|[of] p1a: Tyranitar
|turn|1
|
|t:|1607138295
|switch|p2a: Necrozma|Necrozma-Dusk-Mane|100/100
|move|p1a: Tyranitar|Rock Tomb|p2a: Necrozma
|-resisted|p2a: Necrozma
|-damage|p2a: Necrozma|92/100
|-unboost|p2a: Necrozma|spe|1
|
|-weather|Sandstorm|[upkeep]
|-heal|p2a: Necrozma|98/100|[from] item: Leftovers
|upkeep
|turn|2
|
|t:|1607138315
|switch|p1a: Necrozma|Necrozma-Dusk-Mane|100/100
|move|p2a: Necrozma|Stealth Rock|p1a: Necrozma
|-sidestart|p1: pisador2|move: Stealth Rock
|
|-weather|Sandstorm|[upkeep]
|-heal|p2a: Necrozma|100/100|[from] item: Leftovers
|upkeep
|turn|3
|
|t:|1607138322
|switch|p2a: Weavile|Weavile, M|100/100
|-ability|p2a: Weavile|Pressure
|move|p1a: Necrozma|Sunsteel Strike|p2a: Weavile
|-supereffective|p2a: Weavile
|-damage|p2a: Weavile|0 fnt
|faint|p2a: Weavile
|
|-weather|Sandstorm|[upkeep]
|upkeep
|
|t:|1607138335
|switch|p2a: Landorus|Landorus-Therian, M|100/100
|-ability|p2a: Landorus|Intimidate|boost
|-unboost|p1a: Necrozma|atk|1
|turn|4
|
|t:|1607138353
|switch|p1a: Lugia|Lugia|100/100
|move|p2a: Landorus|U-turn|p1a: Lugia
|-damage|p1a: Lugia|94/100
|
|t:|1607138371
|switch|p2a: Necrozma|Necrozma-Dusk-Mane|100/100|[from]move: U-turn
|
|-weather|Sandstorm|[upkeep]
|-damage|p1a: Lugia|88/100|[from] Sandstorm
|upkeep
|turn|5
|
|t:|1607138378
|switch|p1a: Necrozma|Necrozma-Dusk-Mane|100/100
|-damage|p1a: Necrozma|94/100|[from] Stealth Rock
|move|p2a: Necrozma|Toxic|p1a: Necrozma
|-immune|p1a: Necrozma
|
|-weather|none
|upkeep
|turn|6
|
|t:|1607138392
|move|p2a: Necrozma|Sunsteel Strike|p1a: Necrozma
|-resisted|p1a: Necrozma
|-damage|p1a: Necrozma|79/100
|move|p1a: Necrozma|Sunsteel Strike|p2a: Necrozma
|-resisted|p2a: Necrozma
|-damage|p2a: Necrozma|86/100
|
|-heal|p2a: Necrozma|92/100|[from] item: Leftovers
|upkeep
|turn|7
|
|t:|1607138404
|switch|p2a: Marshadow|Marshadow|100/100
|switch|p1a: Groudon|Groudon|100/100
|-damage|p1a: Groudon|94/100|[from] Stealth Rock
|detailschange|p1a: Groudon|Groudon-Primal
|-primal|p1a: Groudon
|-weather|DesolateLand|[from] ability: Desolate Land|[of] p1a: Groudon
|
|-weather|DesolateLand|[upkeep]
|upkeep
|turn|8
|
|t:|1607138417
|move|p2a: Marshadow|Close Combat|p1a: Groudon
|-damage|p1a: Groudon|59/100
|-unboost|p2a: Marshadow|def|1
|-unboost|p2a: Marshadow|spd|1
|move|p1a: Groudon|Rock Tomb|p2a: Marshadow
|-resisted|p2a: Marshadow
|-damage|p2a: Marshadow|78/100
|-unboost|p2a: Marshadow|spe|1
|
|-weather|DesolateLand|[upkeep]
|upkeep
|turn|9
|
|t:|1607138427
|move|p1a: Groudon|Earthquake|p2a: Marshadow
|-damage|p2a: Marshadow|0 fnt
|faint|p2a: Marshadow
|
|-weather|DesolateLand|[upkeep]
|upkeep
|
|t:|1607138438
|switch|p2a: Deoxys|Deoxys-Attack|100/100
|-ability|p2a: Deoxys|Pressure
|turn|10
|
|t:|1607138447
|-weather|none
|switch|p1a: Tyranitar|Tyranitar, M|100/100
|-damage|p1a: Tyranitar|88/100|[from] Stealth Rock
|-weather|Sandstorm|[from] ability: Sand Stream|[of] p1a: Tyranitar
|move|p2a: Deoxys|Psycho Boost|p1a: Tyranitar
|-immune|p1a: Tyranitar
|
|-weather|Sandstorm|[upkeep]
|-damage|p2a: Deoxys|94/100|[from] Sandstorm
|upkeep
|turn|11
|
|t:|1607138459
|move|p2a: Deoxys|Superpower|p1a: Tyranitar
|-supereffective|p1a: Tyranitar
|-damage|p1a: Tyranitar|0 fnt
|-unboost|p2a: Deoxys|atk|1
|-unboost|p2a: Deoxys|def|1
|faint|p1a: Tyranitar
|
|-weather|Sandstorm|[upkeep]
|-damage|p2a: Deoxys|88/100|[from] Sandstorm
|upkeep
|
|t:|1607138468
|switch|p1a: Rayquaza|Rayquaza|100/100
|-damage|p1a: Rayquaza|75/100|[from] Stealth Rock
|-ability|p1a: Rayquaza|Air Lock
|turn|12
|
|t:|1607138475
|detailschange|p1a: Rayquaza|Rayquaza-Mega
|-mega|p1a: Rayquaza|Rayquaza|
|-weather|DeltaStream|[from] ability: Delta Stream|[of] p1a: Rayquaza
|move|p2a: Deoxys|Extreme Speed|p1a: Rayquaza
|-damage|p1a: Rayquaza|49/100
|move|p1a: Rayquaza|V-create|p2a: Deoxys
|-damage|p2a: Deoxys|0 fnt
|-unboost|p1a: Rayquaza|spe|1
|-unboost|p1a: Rayquaza|def|1
|-unboost|p1a: Rayquaza|spd|1
|faint|p2a: Deoxys
|
|-weather|DeltaStream|[upkeep]
|upkeep
|
|t:|1607138482
|switch|p2a: Deoxys|Deoxys-Attack|100/100
|-ability|p2a: Deoxys|Pressure
|turn|13
|
|t:|1607138502
|-weather|none
|switch|p1a: Necrozma|Necrozma-Dusk-Mane|79/100
|-damage|p1a: Necrozma|73/100|[from] Stealth Rock
|move|p2a: Deoxys|Extreme Speed|p1a: Necrozma
|-resisted|p1a: Necrozma
|-damage|p1a: Necrozma|60/100
|
|upkeep
|turn|14
|
|t:|1607138514
|switch|p2a: Landorus|Landorus-Therian, M|100/100
|-ability|p2a: Landorus|Intimidate|boost
|-unboost|p1a: Necrozma|atk|1
|move|p1a: Necrozma|Trick Room|p1a: Necrozma
|-fieldstart|move: Trick Room|[of] p1a: Necrozma
|
|upkeep
|turn|15
|
|t:|1607138521
|switch|p1a: Lugia|Lugia|88/100
|-start|p2a: Landorus|Dynamax
|-heal|p2a: Landorus|100/100|[silent]
|move|p2a: Landorus|Max Rockfall|p1a: Lugia
|-supereffective|p1a: Lugia
|-damage|p1a: Lugia|37/100
|-weather|Sandstorm
|
|-weather|Sandstorm|[upkeep]
|-damage|p1a: Lugia|31/100|[from] Sandstorm
|upkeep
|turn|16
|
|t:|1607138533
|move|p1a: Lugia|Roost|p1a: Lugia
|-heal|p1a: Lugia|81/100
|-singleturn|p1a: Lugia|move: Roost
|move|p2a: Landorus|Max Rockfall|p1a: Lugia
|-damage|p1a: Lugia|56/100
|
|-weather|Sandstorm|[upkeep]
|-damage|p1a: Lugia|50/100|[from] Sandstorm
|upkeep
|turn|17
|
|t:|1607138544
|move|p1a: Lugia|Roost|p1a: Lugia
|-heal|p1a: Lugia|99/100
|-singleturn|p1a: Lugia|move: Roost
|move|p2a: Landorus|Max Rockfall|p1a: Lugia
|-damage|p1a: Lugia|76/100
|
|-weather|Sandstorm|[upkeep]
|-damage|p1a: Lugia|70/100|[from] Sandstorm
|-end|p2a: Landorus|Dynamax
|-heal|p2a: Landorus|100/100|[silent]
|upkeep
|turn|18
|-message|test3721 forfeited.
|
|win|pisador2
|l|☆test3721
|c|☆pisador2|ggggggggggggggg
|raw|pisador2's rating: 1778 &rarr; <strong>1790</strong><br />(+12 for winning)
|raw|test3721's rating: 1645 &rarr; <strong>1632</strong><br />(-13 for losing)
