|j|☆jlsdfhpjksdhfni
|j|☆Neko Neko Nee 123
|t:|1648325301
|gametype|singles
|player|p1|jlsdfhpjksdhfni|2|1347
|player|p2|Neko Neko Nee 123|grimsley|1444
|teamsize|p1|6
|teamsize|p2|6
|gen|8
|tier|[Gen 8] National Dex AG
|rated|
|rule|HP Percentage Mod: HP is shown in percentages
|rule|Endless Battle Clause: Forcing endless battles is banned
|clearpoke
|poke|p1|Rayquaza|
|poke|p1|Ho-Oh|
|poke|p1|Ho-Oh|
|poke|p1|Groudon|
|poke|p1|Zygarde|
|poke|p1|Marshadow|
|poke|p2|Mewtwo|
|poke|p2|Zacian-*|
|poke|p2|Weavile, F|
|poke|p2|Zygarde|
|poke|p2|Gyarados, M|
|poke|p2|Ditto|
|teampreview
|inactive|Battle timer is ON: inactive players will automatically lose when time's up. (requested by Neko Neko Nee 123)
|inactive|jlsdfhpjksdhfni has 120 seconds left.
|inactive|Neko Neko Nee 123 has 120 seconds left.
|inactive|jlsdfhpjksdhfni has 90 seconds left.
|
|t:|1648325376
|start
|switch|p1a: Groudon|Groudon|100/100
|switch|p2a: Weavile|Weavile, F|100/100
|detailschange|p1a: Groudon|Groudon-Primal
|-primal|p1a: Groudon
|-weather|DesolateLand|[from] ability: Desolate Land|[of] p1a: Groudon
|turn|1
|
|t:|1648325387
|move|p2a: Weavile|Fake Out|p1a: Groudon
|-damage|p1a: Groudon|93/100
|cant|p1a: Groudon|flinch
|
|-weather|DesolateLand|[upkeep]
|upkeep
|turn|2
|
|t:|1648325397
|move|p2a: Weavile|Swords Dance|p2a: Weavile
|-boost|p2a: Weavile|atk|2
|move|p1a: Groudon|Rock Tomb|p2a: Weavile
|-supereffective|p2a: Weavile
|-damage|p2a: Weavile|14/100
|-unboost|p2a: Weavile|spe|1
|
|-weather|DesolateLand|[upkeep]
|upkeep
|turn|3
|
|t:|1648325404
|move|p1a: Groudon|Stealth Rock|p2a: Weavile
|-sidestart|p2: Neko Neko Nee 123|move: Stealth Rock
|move|p2a: Weavile|Knock Off|p1a: Groudon
|-damage|p1a: Groudon|60/100
|
|-weather|DesolateLand|[upkeep]
|upkeep
|turn|4
|
|t:|1648325412
|move|p1a: Groudon|Rock Tomb|p2a: Weavile
|-supereffective|p2a: Weavile
|-damage|p2a: Weavile|0 fnt
|faint|p2a: Weavile
|
|-weather|DesolateLand|[upkeep]
|upkeep
|
|t:|1648325421
|switch|p2a: Gyarados|Gyarados, M|100/100
|-damage|p2a: Gyarados|76/100|[from] Stealth Rock
|turn|5
|
|t:|1648325427
|-start|p2a: Gyarados|Dynamax
|-heal|p2a: Gyarados|76/100|[silent]
|move|p2a: Gyarados|Max Airstream|p1a: Groudon
|-damage|p1a: Groudon|22/100
|-boost|p2a: Gyarados|spe|1
|move|p1a: Groudon|Rock Tomb|p2a: Gyarados
|-supereffective|p2a: Gyarados
|-damage|p2a: Gyarados|45/100
|-unboost|p2a: Gyarados|spe|1
|
|-weather|DesolateLand|[upkeep]
|upkeep
|turn|6
|
|t:|1648325437
|move|p2a: Gyarados|Max Airstream|p1a: Groudon
|-damage|p1a: Groudon|0 fnt
|-boost|p2a: Gyarados|spe|1
|faint|p1a: Groudon
|-weather|none
|-ability|p2a: Gyarados|Moxie|boost
|-boost|p2a: Gyarados|atk|1
|
|upkeep
|
|t:|1648325445
|switch|p1a: Zygarde|Zygarde|100/100
|turn|7
|
|t:|1648325451
|move|p2a: Gyarados|Max Hailstorm|p1a: Zygarde
|-supereffective|p1a: Zygarde
|-damage|p1a: Zygarde|0 fnt
|-weather|Hail
|faint|p1a: Zygarde
|-ability|p2a: Gyarados|Moxie|boost
|-boost|p2a: Gyarados|atk|1
|
|-weather|Hail|[upkeep]
|-damage|p2a: Gyarados|42/100|[from] Hail
|-end|p2a: Gyarados|Dynamax
|-heal|p2a: Gyarados|42/100|[silent]
|upkeep
|
|t:|1648325459
|switch|p1a: Ho-Oh|Ho-Oh|100/100
|turn|8
|
|t:|1648325462
|move|p2a: Gyarados|Waterfall|p1a: Ho-Oh
|-supereffective|p1a: Ho-Oh
|-damage|p1a: Ho-Oh|0 fnt
|faint|p1a: Ho-Oh
|-ability|p2a: Gyarados|Moxie|boost
|-boost|p2a: Gyarados|atk|1
|
|-weather|Hail|[upkeep]
|-damage|p2a: Gyarados|36/100|[from] Hail
|upkeep
|inactive|jlsdfhpjksdhfni has 120 seconds left.
|inactive|jlsdfhpjksdhfni has 90 seconds left.
|
|t:|1648325539
|switch|p1a: Rayquaza|Rayquaza|100/100
|-ability|p1a: Rayquaza|Air Lock
|turn|9
|
|t:|1648325542
|detailschange|p1a: Rayquaza|Rayquaza-Mega
|-mega|p1a: Rayquaza|Rayquaza|
|-weather|DeltaStream|[from] ability: Delta Stream|[of] p1a: Rayquaza
|move|p1a: Rayquaza|Extreme Speed|p2a: Gyarados
|-damage|p2a: Gyarados|0 fnt
|faint|p2a: Gyarados
|-damage|p1a: Rayquaza|91/100|[from] item: Life Orb
|
|-weather|DeltaStream|[upkeep]
|upkeep
|
|t:|1648325550
|switch|p2a: Zacian|Zacian-Crowned|100/100
|-damage|p2a: Zacian|94/100|[from] Stealth Rock
|-ability|p2a: Zacian|Intrepid Sword|boost
|-boost|p2a: Zacian|atk|1
|turn|10
|
|t:|1648325558
|-weather|none
|switch|p1a: Ho-Oh|Ho-Oh|100/100
|move|p2a: Zacian|Behemoth Blade|p1a: Ho-Oh
|-resisted|p1a: Ho-Oh
|-damage|p1a: Ho-Oh|68/100
|
|upkeep
|turn|11
|inactive|Neko Neko Nee 123 has 120 seconds left.
|
|t:|1648325604
|move|p2a: Zacian|Behemoth Blade|p1a: Ho-Oh
|-resisted|p1a: Ho-Oh
|-crit|p1a: Ho-Oh
|-damage|p1a: Ho-Oh|21/100
|move|p1a: Ho-Oh|Sacred Fire|p2a: Zacian
|-supereffective|p2a: Zacian
|-damage|p2a: Zacian|9/100
|-status|p2a: Zacian|brn
|
|-damage|p2a: Zacian|3/100 brn|[from] brn
|upkeep
|turn|12
|inactive|jlsdfhpjksdhfni has 90 seconds left.
|
|t:|1648325646
|move|p2a: Zacian|Behemoth Blade|p1a: Ho-Oh
|-resisted|p1a: Ho-Oh
|-damage|p1a: Ho-Oh|4/100
|move|p1a: Ho-Oh|Sacred Fire|p2a: Zacian
|-supereffective|p2a: Zacian
|-damage|p2a: Zacian|0 fnt
|faint|p2a: Zacian
|
|upkeep
|
|t:|1648325651
|switch|p2a: Ditto|Ditto|100/100
|-damage|p2a: Ditto|88/100|[from] Stealth Rock
|-transform|p2a: Ditto|p1a: Ho-Oh|[from] ability: Imposter
|turn|13
|
|t:|1648325662
|switch|p1a: Rayquaza|Rayquaza-Mega|91/100
|-weather|DeltaStream|[from] ability: Delta Stream|[of] p1a: Rayquaza
|move|p2a: Ditto|Sacred Fire|p1a: Rayquaza
|-resisted|p1a: Rayquaza
|-damage|p1a: Rayquaza|67/100
|-status|p1a: Rayquaza|brn
|
|-weather|DeltaStream|[upkeep]
|-damage|p1a: Rayquaza|61/100 brn|[from] brn
|upkeep
|turn|14
|inactive|Neko Neko Nee 123 has 120 seconds left.
|
|t:|1648325683
|move|p1a: Rayquaza|Dragon Ascent|p2a: Ditto
|-crit|p2a: Ditto
|-damage|p2a: Ditto|1/100
|-unboost|p1a: Rayquaza|def|1
|-unboost|p1a: Rayquaza|spd|1
|-damage|p1a: Rayquaza|51/100 brn|[from] item: Life Orb
|move|p2a: Ditto|Sacred Fire|p1a: Rayquaza
|-resisted|p1a: Rayquaza
|-damage|p1a: Rayquaza|19/100 brn
|
|-weather|DeltaStream|[upkeep]
|-damage|p1a: Rayquaza|13/100 brn|[from] brn
|upkeep
|turn|15
|inactive|Neko Neko Nee 123 has 120 seconds left.
|inactive|jlsdfhpjksdhfni has 90 seconds left.
|
|t:|1648325694
|move|p1a: Rayquaza|Draco Meteor|p2a: Ditto
|-damage|p2a: Ditto|0 fnt
|-unboost|p1a: Rayquaza|spa|2
|faint|p2a: Ditto
|-damage|p1a: Rayquaza|3/100 brn|[from] item: Life Orb
|
|-weather|DeltaStream|[upkeep]
|-damage|p1a: Rayquaza|0 fnt|[from] brn
|faint|p1a: Rayquaza
|-weather|none
|upkeep
|
|t:|1648325700
|switch|p1a: Ho-Oh|Ho-Oh|37/100
|switch|p2a: Zygarde|Zygarde|100/100
|-damage|p2a: Zygarde|94/100|[from] Stealth Rock
|turn|16
|
|t:|1648325706
|move|p2a: Zygarde|Dragon Dance|p2a: Zygarde
|-boost|p2a: Zygarde|atk|1
|-boost|p2a: Zygarde|spe|1
|move|p1a: Ho-Oh|Whirlwind|p2a: Zygarde
|drag|p2a: Mewtwo|Mewtwo|100/100
|-ability|p2a: Mewtwo|Unnerve
|-damage|p2a: Mewtwo|88/100|[from] Stealth Rock
|
|upkeep
|turn|17
|
|t:|1648325715
|detailschange|p2a: Mewtwo|Mewtwo-Mega-Y
|-mega|p2a: Mewtwo|Mewtwo|Mewtwonite Y
|move|p2a: Mewtwo|Thunderbolt|p1a: Ho-Oh
|-supereffective|p1a: Ho-Oh
|-damage|p1a: Ho-Oh|0 fnt
|faint|p1a: Ho-Oh
|
|upkeep
|
|t:|1648325718
|switch|p1a: Marshadow|Marshadow|100/100
|turn|18
|
|t:|1648325722
|move|p1a: Marshadow|Shadow Sneak|p2a: Mewtwo
|-supereffective|p2a: Mewtwo
|-damage|p2a: Mewtwo|1/100
|-damage|p1a: Marshadow|91/100|[from] item: Life Orb
|move|p2a: Mewtwo|Psystrike|p1a: Marshadow
|-supereffective|p1a: Marshadow
|-damage|p1a: Marshadow|0 fnt
|faint|p1a: Marshadow
|
|win|Neko Neko Nee 123
|raw|jlsdfhpjksdhfni's rating: 1371 &rarr; <strong>1355</strong><br />(-16 for losing)
|raw|Neko Neko Nee 123's rating: 1441 &rarr; <strong>1457</strong><br />(+16 for winning)
|l|☆Neko Neko Nee 123
||Ladder isn't responding, score probably updated but might not have (Request timeout).
|n| lolipopkingpuppy5|jlsdfhpjksdhfni
|j|&Kennedy
