|j|☆cllout
|j|☆what ever floats
|t:|1667696972
|gametype|singles
|player|p1|cllout|misty-lgpe|1591
|player|p2|what ever floats|ltsurge|1495
|teamsize|p1|6
|teamsize|p2|6
|gen|8
|tier|[Gen 8] National Dex AG
|rated|
|rule|HP Percentage Mod: HP is shown in percentages
|rule|Endless Battle Clause: Forcing endless battles is banned
|clearpoke
|poke|p1|Smeargle, F|
|poke|p1|Marshadow|
|poke|p1|Yveltal|
|poke|p1|Necrozma-Dusk-Mane|
|poke|p1|Calyrex-Shadow|
|poke|p1|Zacian-*|
|poke|p2|Necrozma-Dusk-Mane|
|poke|p2|Kyogre|
|poke|p2|Marshadow|
|poke|p2|Moltres-Galar|
|poke|p2|Zacian-*|
|poke|p2|Ditto|
|teampreview
|inactive|Battle timer is ON: inactive players will automatically lose when time's up. (requested by cllout)
|
|t:|1667696981
|start
|switch|p1a: Smeargle|Smeargle, F|100/100
|switch|p2a: Kyogre|Kyogre|100/100
|-weather|RainDance|[from] ability: Drizzle|[of] p2a: Kyogre
|turn|1
|
|t:|1667697002
|move|p2a: Kyogre|Water Spout|p1a: Smeargle
|-enditem|p1a: Smeargle|Focus Sash
|-damage|p1a: Smeargle|1/100
|move|p1a: Smeargle|Sticky Web|p2a: Kyogre
|-sidestart|p2: what ever floats|move: Sticky Web
|
|-weather|RainDance|[upkeep]
|upkeep
|turn|2
|
|t:|1667697010
|move|p2a: Kyogre|Water Spout|p1a: Smeargle
|-damage|p1a: Smeargle|0 fnt
|faint|p1a: Smeargle
|
|-weather|RainDance|[upkeep]
|upkeep
|
|t:|1667697024
|switch|p1a: Calyrex|Calyrex-Shadow|100/100
|-ability|p1a: Calyrex|As One
|-ability|p1a: Calyrex|Unnerve
|turn|3
|
|t:|1667697031
|move|p2a: Kyogre|Water Spout|p1a: Calyrex
|-enditem|p1a: Calyrex|Focus Sash
|-damage|p1a: Calyrex|1/100
|move|p1a: Calyrex|Astral Barrage|p2a: Kyogre
|-damage|p2a: Kyogre|49/100
|
|-weather|RainDance|[upkeep]
|upkeep
|turn|4
|
|t:|1667697051
|switch|p1a: Zacian|Zacian-Crowned|100/100
|-ability|p1a: Zacian|Intrepid Sword|boost
|-boost|p1a: Zacian|atk|1
|move|p2a: Kyogre|Water Spout|p1a: Zacian
|-damage|p1a: Zacian|37/100
|
|-weather|RainDance|[upkeep]
|upkeep
|turn|5
|
|t:|1667697070
|switch|p1a: Calyrex|Calyrex-Shadow|1/100
|-ability|p1a: Calyrex|As One
|-ability|p1a: Calyrex|Unnerve
|move|p2a: Kyogre|Water Spout|p1a: Calyrex
|-damage|p1a: Calyrex|0 fnt
|faint|p1a: Calyrex
|
|-weather|none
|upkeep
|inactive|cllout has 120 seconds left.
|
|t:|1667697089
|switch|p1a: Yveltal|Yveltal, shiny|100/100
|-ability|p1a: Yveltal|Dark Aura
|turn|6
|inactive|cllout has 120 seconds left.
|
|t:|1667697103
|move|p2a: Kyogre|Water Spout|p1a: Yveltal
|-damage|p1a: Yveltal|70/100
|move|p1a: Yveltal|Knock Off|p2a: Kyogre
|-damage|p2a: Kyogre|0 fnt
|-enditem|p2a: Kyogre|Choice Scarf|[from] move: Knock Off|[of] p1a: Yveltal
|faint|p2a: Kyogre
|
|upkeep
|inactive|what ever floats has 120 seconds left.
|
|t:|1667697140
|switch|p2a: Zacian|Zacian-Crowned, shiny|100/100
|-activate|p2a: Zacian|move: Sticky Web
|-unboost|p2a: Zacian|spe|1
|-ability|p2a: Zacian|Intrepid Sword|boost
|-boost|p2a: Zacian|atk|1
|turn|7
|inactive|what ever floats has 120 seconds left.
|
|t:|1667697152
|switch|p1a: Necrozma|Necrozma-Dusk-Mane|100/100
|move|p2a: Zacian|Play Rough|p1a: Necrozma
|-resisted|p1a: Necrozma
|-damage|p1a: Necrozma|78/100
|-damage|p2a: Zacian|84/100|[from] item: Rocky Helmet|[of] p1a: Necrozma
|
|upkeep
|turn|8
|inactive|what ever floats has 120 seconds left.
|inactive|cllout has 120 seconds left.
|
|t:|1667697188
|move|p2a: Zacian|Sacred Sword|p1a: Necrozma
|-damage|p1a: Necrozma|50/100
|-damage|p2a: Zacian|67/100|[from] item: Rocky Helmet|[of] p1a: Necrozma
|move|p1a: Necrozma|Stealth Rock|p2a: Zacian
|-sidestart|p2: what ever floats|move: Stealth Rock
|
|upkeep
|turn|9
|inactive|what ever floats has 120 seconds left.
|
|t:|1667697197
|move|p2a: Zacian|Sacred Sword|p1a: Necrozma
|-damage|p1a: Necrozma|20/100
|-damage|p2a: Zacian|51/100|[from] item: Rocky Helmet|[of] p1a: Necrozma
|move|p1a: Necrozma|Morning Sun|p1a: Necrozma
|-heal|p1a: Necrozma|70/100
|
|upkeep
|turn|10
|
|t:|1667697205
|move|p2a: Zacian|Wild Charge|p1a: Necrozma
|-damage|p1a: Necrozma|40/100
|-damage|p2a: Zacian|34/100|[from] item: Rocky Helmet|[of] p1a: Necrozma
|-damage|p2a: Zacian|25/100|[from] Recoil
|move|p1a: Necrozma|Morning Sun|p1a: Necrozma
|-heal|p1a: Necrozma|90/100
|
|upkeep
|turn|11
|inactive|what ever floats has 120 seconds left.
|
|t:|1667697227
|switch|p2a: Necrozma|Necrozma-Dusk-Mane, shiny|100/100
|-activate|p2a: Necrozma|move: Sticky Web
|-unboost|p2a: Necrozma|spe|1
|-damage|p2a: Necrozma|94/100|[from] Stealth Rock
|move|p1a: Necrozma|Sunsteel Strike|p2a: Necrozma
|-resisted|p2a: Necrozma
|-damage|p2a: Necrozma|82/100
|
|upkeep
|turn|12
|inactive|cllout has 90 seconds left.
|
|t:|1667697256
|switch|p1a: Yveltal|Yveltal, shiny|70/100
|-ability|p1a: Yveltal|Dark Aura
|move|p2a: Necrozma|Thunder Wave|p1a: Yveltal
|-status|p1a: Yveltal|par
|
|upkeep
|turn|13
|
|t:|1667697265
|cant|p1a: Yveltal|par
|move|p2a: Necrozma|Sunsteel Strike|p1a: Yveltal
|-damage|p1a: Yveltal|26/100 par
|
|upkeep
|turn|14
|
|t:|1667697271
|move|p1a: Yveltal|Roost|p1a: Yveltal
|-heal|p1a: Yveltal|76/100 par
|-singleturn|p1a: Yveltal|move: Roost
|move|p2a: Necrozma|Sunsteel Strike|p1a: Yveltal
|-damage|p1a: Yveltal|33/100 par
|
|upkeep
|turn|15
|
|t:|1667697280
|move|p1a: Yveltal|Roost|p1a: Yveltal
|-heal|p1a: Yveltal|83/100 par
|-singleturn|p1a: Yveltal|move: Roost
|move|p2a: Necrozma|Sunsteel Strike|p1a: Yveltal
|-damage|p1a: Yveltal|34/100 par
|
|upkeep
|turn|16
|
|t:|1667697291
|move|p1a: Yveltal|Roost|p1a: Yveltal
|-heal|p1a: Yveltal|84/100 par
|-singleturn|p1a: Yveltal|move: Roost
|move|p2a: Necrozma|Sunsteel Strike|p1a: Yveltal
|-damage|p1a: Yveltal|42/100 par
|
|upkeep
|turn|17
|inactive|cllout has 120 seconds left.
|
|t:|1667697302
|cant|p1a: Yveltal|par
|move|p2a: Necrozma|Sunsteel Strike|p1a: Yveltal
|-damage|p1a: Yveltal|0 fnt
|faint|p1a: Yveltal
|
|upkeep
|
|t:|1667697308
|switch|p1a: Marshadow|Marshadow|100/100
|turn|18
|inactive|cllout has 120 seconds left.
|
|t:|1667697318
|detailschange|p2a: Necrozma|Necrozma-Ultra, shiny
|-burst|p2a: Necrozma|Necrozma|Ultranecrozium Z
|move|p1a: Marshadow|Poltergeist|p2a: Necrozma
|-activate|p2a: Necrozma|move: Poltergeist|Ultranecrozium Z
|-supereffective|p2a: Necrozma
|-damage|p2a: Necrozma|0 fnt
|faint|p2a: Necrozma
|
|upkeep
|
|t:|1667697327
|switch|p2a: Zacian|Zacian-Crowned, shiny|25/100
|-activate|p2a: Zacian|move: Sticky Web
|-unboost|p2a: Zacian|spe|1
|-damage|p2a: Zacian|19/100|[from] Stealth Rock
|-ability|p2a: Zacian|Intrepid Sword|boost
|-boost|p2a: Zacian|atk|1
|turn|19
|
|t:|1667697350
|move|p1a: Marshadow|Poltergeist|p2a: Zacian
|-activate|p2a: Zacian|move: Poltergeist|Rusted Sword
|-damage|p2a: Zacian|0 fnt
|faint|p2a: Zacian
|
|upkeep
|inactive|what ever floats has 120 seconds left.
|c|☆what ever floats|why no spectrail theif
|
|t:|1667697375
|switch|p2a: Moltres|Moltres-Galar, shiny|100/100
|-damage|p2a: Moltres|76/100|[from] Stealth Rock
|turn|20
|c|☆cllout|more powerful
|inactive|what ever floats has 120 seconds left.
|c|☆what ever floats|but then you can't steal buffs
|inactive|cllout has 120 seconds left.
|c|☆cllout|its better
|c|☆what ever floats|eh
|
|t:|1667697420
|move|p1a: Marshadow|Poltergeist|p2a: Moltres
|-activate|p2a: Moltres|move: Poltergeist|Leftovers
|-resisted|p2a: Moltres
|-damage|p2a: Moltres|24/100
|-ability|p2a: Moltres|Berserk|boost
|-boost|p2a: Moltres|spa|1
|move|p2a: Moltres|Fiery Wrath|p1a: Marshadow
|-crit|p1a: Marshadow
|-damage|p1a: Marshadow|1/100
|
|-heal|p2a: Moltres|30/100|[from] item: Leftovers
|upkeep
|turn|21
|c|☆cllout|plus its too obvious
|
|t:|1667697436
|move|p1a: Marshadow|Poltergeist|p2a: Moltres
|-activate|p2a: Moltres|move: Poltergeist|Leftovers
|-resisted|p2a: Moltres
|-damage|p2a: Moltres|0 fnt
|faint|p2a: Moltres
|
|upkeep
|c|☆what ever floats|but this is not obvious bad
|c|☆cllout|and its clearly working
|
|t:|1667697448
|switch|p2a: Marshadow|Marshadow|100/100
|-activate|p2a: Marshadow|move: Sticky Web
|-unboost|p2a: Marshadow|spe|1
|-damage|p2a: Marshadow|94/100|[from] Stealth Rock
|turn|22
|inactive|cllout has 90 seconds left.
|c|☆what ever floats|you killed the 3 pokemon that wasn't meant to fight marshadow
|c|☆cllout|ok...
|c|☆what ever floats|i mean techanically 2 and a pokemon that was so low that it was just death fodder
|c|☆cllout|but i killed 3 mons lol
|inactive|cllout has 60 seconds left.
|
|t:|1667697509
|move|p2a: Marshadow|Shadow Sneak|p1a: Marshadow
|-supereffective|p1a: Marshadow
|-damage|p1a: Marshadow|0 fnt
|faint|p1a: Marshadow
|
|upkeep
|
|t:|1667697517
|switch|p1a: Zacian|Zacian-Crowned|37/100
|-ability|p1a: Zacian|Intrepid Sword|boost
|-boost|p1a: Zacian|atk|1
|turn|23
|
|t:|1667697532
|move|p1a: Zacian|Behemoth Blade|p2a: Marshadow
|-damage|p2a: Marshadow|0 fnt
|faint|p2a: Marshadow
|
|upkeep
|
|t:|1667697537
|switch|p2a: Ditto|Ditto, shiny|100/100
|-activate|p2a: Ditto|move: Sticky Web
|-unboost|p2a: Ditto|spe|1
|-damage|p2a: Ditto|88/100|[from] Stealth Rock
|-transform|p2a: Ditto|p1a: Zacian|[from] ability: Imposter
|-ability|p2a: Ditto|Intrepid Sword|boost
|-boost|p2a: Ditto|atk|1
|turn|24
|c|☆cllout|and i just won
|inactive|cllout has 60 seconds left.
|inactive|what ever floats has 120 seconds left.
|c|☆what ever floats|really
|inactive|what ever floats has 90 seconds left.
|
|t:|1667697589
|move|p2a: Ditto|Close Combat|p1a: Zacian
|-damage|p1a: Zacian|0 fnt
|-unboost|p2a: Ditto|def|1
|-unboost|p2a: Ditto|spd|1
|faint|p1a: Zacian
|
|upkeep
|
|t:|1667697593
|switch|p1a: Necrozma|Necrozma-Dusk-Mane|90/100
|turn|25
|
|t:|1667697600
|move|p2a: Ditto|Close Combat|p1a: Necrozma
|-damage|p1a: Necrozma|41/100
|-unboost|p2a: Ditto|def|1
|-unboost|p2a: Ditto|spd|1
|-damage|p2a: Ditto|72/100|[from] item: Rocky Helmet|[of] p1a: Necrozma
|move|p1a: Necrozma|Morning Sun|p1a: Necrozma
|-heal|p1a: Necrozma|91/100
|
|upkeep
|turn|26
|inactive|cllout has 60 seconds left.
|
|t:|1667697611
|move|p2a: Ditto|Close Combat|p1a: Necrozma
|-damage|p1a: Necrozma|36/100
|-unboost|p2a: Ditto|def|1
|-unboost|p2a: Ditto|spd|1
|-damage|p2a: Ditto|55/100|[from] item: Rocky Helmet|[of] p1a: Necrozma
|move|p1a: Necrozma|Morning Sun|p1a: Necrozma
|-heal|p1a: Necrozma|86/100
|
|upkeep
|turn|27
|inactive|cllout has 60 seconds left.
|
|t:|1667697620
|move|p2a: Ditto|Close Combat|p1a: Necrozma
|-damage|p1a: Necrozma|31/100
|-unboost|p2a: Ditto|def|1
|-unboost|p2a: Ditto|spd|1
|-damage|p2a: Ditto|39/100|[from] item: Rocky Helmet|[of] p1a: Necrozma
|move|p1a: Necrozma|Morning Sun|p1a: Necrozma
|-heal|p1a: Necrozma|81/100
|
|upkeep
|turn|28
|
|t:|1667697632
|move|p2a: Ditto|Close Combat|p1a: Necrozma
|-damage|p1a: Necrozma|26/100
|-unboost|p2a: Ditto|def|1
|-unboost|p2a: Ditto|spd|1
|-damage|p2a: Ditto|23/100|[from] item: Rocky Helmet|[of] p1a: Necrozma
|move|p1a: Necrozma|Morning Sun|p1a: Necrozma
|-heal|p1a: Necrozma|76/100
|
|upkeep
|turn|29
|
|t:|1667697643
|-activate|p2a: Ditto|move: Struggle
|move|p2a: Ditto|Struggle|p1a: Necrozma
|-damage|p1a: Necrozma|53/100
|-damage|p2a: Ditto|6/100|[from] item: Rocky Helmet|[of] p1a: Necrozma
|-damage|p2a: Ditto|0 fnt|[from] recoil
|faint|p2a: Ditto
|
|win|cllout
|raw|cllout's rating: 1591 &rarr; <strong>1606</strong><br />(+15 for winning)
|raw|what ever floats's rating: 1495 &rarr; <strong>1480</strong><br />(-15 for losing)
|l|☆what ever floats
