|j|☆agdp
|j|☆Adnan13
|t:|1639841054
|gametype|singles
|player|p1|agdp|1|1624
|player|p2|Adnan13|102|1895
|teamsize|p1|6
|teamsize|p2|6
|gen|8
|tier|[Gen 8] National Dex AG
|rated|
|rule|HP Percentage Mod: HP is shown in percentages
|rule|Endless Battle Clause: Forcing endless battles is banned
|clearpoke
|poke|p1|Giratina-Origin|
|poke|p1|Ditto|
|poke|p1|Groudon|
|poke|p1|Yveltal|
|poke|p1|Ho-Oh|
|poke|p1|Eternatus|
|poke|p2|Calyrex-Shadow|
|poke|p2|Groudon|
|poke|p2|Yveltal|
|poke|p2|Ho-Oh|
|poke|p2|Rayquaza|
|poke|p2|Arceus-*|
|teampreview
|
|t:|1639841071
|start
|switch|p1a: Yveltal|Yveltal|100/100
|switch|p2a: Calyrex|Calyrex-Shadow|100/100
|-ability|p2a: Calyrex|As One
|-ability|p2a: Calyrex|Unnerve
|-ability|p1a: Yveltal|Dark Aura
|turn|1
|
|t:|1639841084
|switch|p2a: Arceus|Arceus-Fairy|100/100
|move|p1a: Yveltal|Foul Play|p2a: Arceus
|-resisted|p2a: Arceus
|-damage|p2a: Arceus|88/100
|
|upkeep
|turn|2
|
|t:|1639841102
|switch|p1a: Eternatus|Eternatus|100/100
|-ability|p1a: Eternatus|Pressure
|move|p2a: Arceus|Judgment|p1a: Eternatus
|-damage|p1a: Eternatus|66/100
|
|-heal|p1a: Eternatus|72/100|[from] item: Black Sludge
|upkeep
|turn|3
|inactive|Battle timer is ON: inactive players will automatically lose when time's up. (requested by Adnan13)
|
|t:|1639841114
|switch|p2a: Ho-Oh|Ho-Oh|100/100
|move|p1a: Eternatus|Cosmic Power|p1a: Eternatus
|-boost|p1a: Eternatus|def|1
|-boost|p1a: Eternatus|spd|1
|
|-heal|p1a: Eternatus|78/100|[from] item: Black Sludge
|upkeep
|turn|4
|
|t:|1639841123
|move|p1a: Eternatus|Cosmic Power|p1a: Eternatus
|-boost|p1a: Eternatus|def|1
|-boost|p1a: Eternatus|spd|1
|move|p2a: Ho-Oh|Whirlwind|p1a: Eternatus
|drag|p1a: Groudon|Groudon|100/100
|detailschange|p1a: Groudon|Groudon-Primal
|-primal|p1a: Groudon
|-weather|DesolateLand|[from] ability: Desolate Land|[of] p1a: Groudon
|
|-weather|DesolateLand|[upkeep]
|upkeep
|turn|5
|
|t:|1639841134
|move|p1a: Groudon|Rock Tomb|p2a: Ho-Oh
|-supereffective|p2a: Ho-Oh
|-damage|p2a: Ho-Oh|29/100
|-unboost|p2a: Ho-Oh|spe|1
|move|p2a: Ho-Oh|Toxic|p1a: Groudon
|-status|p1a: Groudon|tox
|
|-weather|DesolateLand|[upkeep]
|-damage|p1a: Groudon|94/100 tox|[from] psn
|upkeep
|turn|6
|
|t:|1639841144
|switch|p2a: Arceus|Arceus-Fairy|88/100
|move|p1a: Groudon|Rock Tomb|p2a: Arceus
|-damage|p2a: Arceus|68/100
|-unboost|p2a: Arceus|spe|1
|
|-weather|DesolateLand|[upkeep]
|-damage|p1a: Groudon|82/100 tox|[from] psn
|upkeep
|turn|7
|
|t:|1639841159
|move|p1a: Groudon|Rock Tomb|p2a: Arceus
|-damage|p2a: Arceus|48/100
|-unboost|p2a: Arceus|spe|1
|move|p2a: Arceus|Recover|p2a: Arceus
|-heal|p2a: Arceus|98/100
|
|-weather|DesolateLand|[upkeep]
|-damage|p1a: Groudon|63/100 tox|[from] psn
|upkeep
|turn|8
|
|t:|1639841182
|-weather|none
|switch|p1a: Ho-Oh|Ho-Oh|100/100
|switch|p2a: Rayquaza|Rayquaza|100/100
|-ability|p2a: Rayquaza|Air Lock
|
|upkeep
|turn|9
|
|t:|1639841195
|switch|p2a: Arceus|Arceus-Fairy|98/100
|move|p1a: Ho-Oh|Sacred Fire|p2a: Arceus
|-damage|p2a: Arceus|69/100
|
|upkeep
|turn|10
|
|t:|1639841204
|move|p1a: Ho-Oh|Toxic|p2a: Arceus
|-status|p2a: Arceus|tox
|move|p2a: Arceus|Recover|p2a: Arceus
|-heal|p2a: Arceus|100/100 tox
|
|-damage|p2a: Arceus|94/100 tox|[from] psn
|upkeep
|turn|11
|
|t:|1639841212
|move|p1a: Ho-Oh|Sacred Fire|p2a: Arceus
|-damage|p2a: Arceus|66/100 tox
|move|p2a: Arceus|Refresh|p2a: Arceus
|-curestatus|p2a: Arceus|tox|[msg]
|
|upkeep
|turn|12
|
|t:|1639841219
|move|p1a: Ho-Oh|Toxic|p2a: Arceus|[miss]
|-miss|p1a: Ho-Oh|p2a: Arceus
|move|p2a: Arceus|Toxic|p1a: Ho-Oh
|-status|p1a: Ho-Oh|tox
|
|-damage|p1a: Ho-Oh|94/100 tox|[from] psn
|upkeep
|turn|13
|j| pokemasterbrendan
|
|t:|1639841241
|move|p1a: Ho-Oh|Toxic|p2a: Arceus
|-status|p2a: Arceus|tox
|move|p2a: Arceus|Recover|p2a: Arceus
|-heal|p2a: Arceus|100/100 tox
|
|-damage|p1a: Ho-Oh|82/100 tox|[from] psn
|-damage|p2a: Arceus|94/100 tox|[from] psn
|upkeep
|turn|14
|
|t:|1639841251
|move|p1a: Ho-Oh|Sacred Fire|p2a: Arceus
|-damage|p2a: Arceus|66/100 tox
|move|p2a: Arceus|Refresh|p2a: Arceus
|-curestatus|p2a: Arceus|tox|[msg]
|
|-damage|p1a: Ho-Oh|64/100 tox|[from] psn
|upkeep
|turn|15
|
|t:|1639841260
|move|p1a: Ho-Oh|Toxic|p2a: Arceus
|-status|p2a: Arceus|tox
|move|p2a: Arceus|Judgment|p1a: Ho-Oh
|-resisted|p1a: Ho-Oh
|-damage|p1a: Ho-Oh|50/100 tox
|
|-damage|p1a: Ho-Oh|26/100 tox|[from] psn
|-damage|p2a: Arceus|60/100 tox|[from] psn
|upkeep
|turn|16
|
|t:|1639841269
|move|p1a: Ho-Oh|Roost|p1a: Ho-Oh
|-heal|p1a: Ho-Oh|76/100 tox
|-singleturn|p1a: Ho-Oh|move: Roost
|move|p2a: Arceus|Refresh|p2a: Arceus
|-curestatus|p2a: Arceus|tox|[msg]
|
|-damage|p1a: Ho-Oh|46/100 tox|[from] psn
|upkeep
|turn|17
|
|t:|1639841279
|switch|p1a: Groudon|Groudon-Primal|63/100 tox
|-weather|DesolateLand|[from] ability: Desolate Land|[of] p1a: Groudon
|move|p2a: Arceus|Recover|p2a: Arceus
|-heal|p2a: Arceus|100/100
|
|-weather|DesolateLand|[upkeep]
|-damage|p1a: Groudon|57/100 tox|[from] psn
|upkeep
|turn|18
|
|t:|1639841289
|move|p2a: Arceus|Judgment|p1a: Groudon
|-resisted|p1a: Groudon
|-damage|p1a: Groudon|36/100 tox
|move|p1a: Groudon|Rock Tomb|p2a: Arceus
|-crit|p2a: Arceus
|-damage|p2a: Arceus|70/100
|-unboost|p2a: Arceus|spe|1
|
|-weather|DesolateLand|[upkeep]
|-damage|p1a: Groudon|24/100 tox|[from] psn
|upkeep
|turn|19
|
|t:|1639841302
|move|p1a: Groudon|Heat Crash|p2a: Arceus
|-damage|p2a: Arceus|12/100
|move|p2a: Arceus|Judgment|p1a: Groudon
|-resisted|p1a: Groudon
|-damage|p1a: Groudon|2/100 tox
|
|-weather|DesolateLand|[upkeep]
|-damage|p1a: Groudon|0 fnt|[from] psn
|faint|p1a: Groudon
|-weather|none
|upkeep
|
|t:|1639841313
|switch|p1a: Yveltal|Yveltal|100/100
|-ability|p1a: Yveltal|Dark Aura
|turn|20
|
|t:|1639841319
|switch|p2a: Ho-Oh|Ho-Oh|62/100
|move|p1a: Yveltal|Oblivion Wing|p2a: Ho-Oh
|-damage|p2a: Ho-Oh|40/100
|
|upkeep
|turn|21
|
|t:|1639841326
|move|p1a: Yveltal|Taunt|p2a: Ho-Oh
|-start|p2a: Ho-Oh|move: Taunt
|cant|p2a: Ho-Oh|move: Taunt|Toxic
|
|upkeep
|turn|22
|
|t:|1639841332
|move|p1a: Yveltal|Foul Play|p2a: Ho-Oh
|-damage|p2a: Ho-Oh|5/100
|move|p2a: Ho-Oh|Sacred Fire|p1a: Yveltal
|-damage|p1a: Yveltal|64/100
|
|upkeep
|turn|23
|
|t:|1639841340
|move|p1a: Yveltal|Oblivion Wing|p2a: Ho-Oh
|-damage|p2a: Ho-Oh|0 fnt
|-heal|p1a: Yveltal|68/100|[from] drain|[of] p2a: Ho-Oh
|faint|p2a: Ho-Oh
|
|upkeep
|
|t:|1639841342
|switch|p2a: Arceus|Arceus-Fairy|12/100
|turn|24
|
|t:|1639841353
|-start|p1a: Yveltal|Dynamax
|-heal|p1a: Yveltal|68/100|[silent]
|move|p1a: Yveltal|Max Airstream|p2a: Arceus
|-crit|p2a: Arceus
|-damage|p2a: Arceus|0 fnt
|-boost|p1a: Yveltal|spe|1
|faint|p2a: Arceus
|
|upkeep
|
|t:|1639841367
|switch|p2a: Rayquaza|Rayquaza|100/100
|-ability|p2a: Rayquaza|Air Lock
|turn|25
|
|t:|1639841373
|detailschange|p2a: Rayquaza|Rayquaza-Mega
|-mega|p2a: Rayquaza|Rayquaza|
|-weather|DeltaStream|[from] ability: Delta Stream|[of] p2a: Rayquaza
|move|p1a: Yveltal|Max Airstream|p2a: Rayquaza
|-damage|p2a: Rayquaza|33/100
|-boost|p1a: Yveltal|spe|1
|move|p2a: Rayquaza|Dragon Ascent|p1a: Yveltal
|-damage|p1a: Yveltal|29/100
|-unboost|p2a: Rayquaza|def|1
|-unboost|p2a: Rayquaza|spd|1
|-damage|p2a: Rayquaza|17/100|[from] item: Rocky Helmet|[of] p1a: Yveltal
|
|-weather|DeltaStream|[upkeep]
|upkeep
|turn|26
|
|t:|1639841387
|move|p2a: Rayquaza|Extreme Speed|p1a: Yveltal
|-damage|p1a: Yveltal|11/100
|-damage|p2a: Rayquaza|0 fnt|[from] item: Rocky Helmet|[of] p1a: Yveltal
|faint|p2a: Rayquaza
|-weather|none
|move|p1a: Yveltal|Max Airstream|p2: Rayquaza|[notarget]
|-fail|p1a: Yveltal
|
|-end|p1a: Yveltal|Dynamax
|-heal|p1a: Yveltal|11/100|[silent]
|upkeep
|
|t:|1639841406
|switch|p2a: Yveltal|Yveltal|100/100
|-ability|p2a: Yveltal|Dark Aura
|turn|27
|
|t:|1639841411
|-start|p2a: Yveltal|Dynamax
|-heal|p2a: Yveltal|100/100|[silent]
|move|p1a: Yveltal|Oblivion Wing|p2a: Yveltal
|-damage|p2a: Yveltal|81/100
|-heal|p1a: Yveltal|40/100|[from] drain|[of] p2a: Yveltal
|move|p2a: Yveltal|Max Airstream|p1a: Yveltal
|-damage|p1a: Yveltal|0 fnt
|-boost|p2a: Yveltal|spe|1
|faint|p1a: Yveltal
|-damage|p2a: Yveltal|76/100|[from] item: Life Orb
|
|upkeep
|
|t:|1639841438
|switch|p1a: Ho-Oh|Ho-Oh|79/100 tox
|turn|28
|
|t:|1639841441
|move|p2a: Yveltal|Max Darkness|p1a: Ho-Oh
|-damage|p1a: Ho-Oh|2/100 tox
|-unboost|p1a: Ho-Oh|spd|1
|-damage|p2a: Yveltal|71/100|[from] item: Life Orb
|move|p1a: Ho-Oh|Roost|p1a: Ho-Oh
|-heal|p1a: Ho-Oh|52/100 tox
|-singleturn|p1a: Ho-Oh|move: Roost
|
|-damage|p1a: Ho-Oh|46/100 tox|[from] psn
|upkeep
|turn|29
|
|t:|1639841454
|move|p2a: Yveltal|Max Darkness|p1a: Ho-Oh
|-damage|p1a: Ho-Oh|0 fnt
|faint|p1a: Ho-Oh
|-damage|p2a: Yveltal|66/100|[from] item: Life Orb
|
|-end|p2a: Yveltal|Dynamax
|-heal|p2a: Yveltal|66/100|[silent]
|upkeep
|
|t:|1639841465
|switch|p1a: Eternatus|Eternatus|78/100
|-ability|p1a: Eternatus|Pressure
|turn|30
|
|t:|1639841469
|move|p2a: Yveltal|Dark Pulse|p1a: Eternatus
|-damage|p1a: Eternatus|17/100
|-damage|p2a: Yveltal|56/100|[from] item: Life Orb
|move|p1a: Eternatus|Cosmic Power|p1a: Eternatus
|-boost|p1a: Eternatus|def|1
|-boost|p1a: Eternatus|spd|1
|
|-heal|p1a: Eternatus|24/100|[from] item: Black Sludge
|upkeep
|turn|31
|
|t:|1639841481
|move|p2a: Yveltal|Dark Pulse|p1a: Eternatus
|-damage|p1a: Eternatus|0 fnt
|faint|p1a: Eternatus
|-damage|p2a: Yveltal|46/100|[from] item: Life Orb
|
|upkeep
|
|t:|1639841488
|switch|p1a: Ditto|Ditto|100/100
|-transform|p1a: Ditto|p2a: Yveltal|[from] ability: Imposter
|-ability|p1a: Ditto|Dark Aura
|turn|32
|
|t:|1639841497
|move|p1a: Ditto|Oblivion Wing|p2a: Yveltal
|-damage|p2a: Yveltal|2/100
|move|p2a: Yveltal|Oblivion Wing|p1a: Ditto
|-damage|p1a: Ditto|33/100
|-heal|p2a: Yveltal|41/100|[from] drain|[of] p1a: Ditto
|-damage|p2a: Yveltal|31/100|[from] item: Life Orb
|
|upkeep
|turn|33
|
|t:|1639841508
|move|p2a: Yveltal|Sucker Punch|p1a: Ditto
|-resisted|p1a: Ditto
|-damage|p1a: Ditto|0 fnt
|faint|p1a: Ditto
|-damage|p2a: Yveltal|21/100|[from] item: Life Orb
|
|upkeep
|
|t:|1639841514
|switch|p1a: Giratina|Giratina-Origin, shiny|100/100
|turn|34
|
|t:|1639841520
|move|p2a: Yveltal|Dark Pulse|p1a: Giratina
|-supereffective|p1a: Giratina
|-damage|p1a: Giratina|0 fnt
|faint|p1a: Giratina
|-damage|p2a: Yveltal|11/100|[from] item: Life Orb
|
|win|Adnan13
|raw|agdp's rating: 1624 &rarr; <strong>1617</strong><br />(-7 for losing)
|raw|Adnan13's rating: 1895 &rarr; <strong>1902</strong><br />(+7 for winning)
|l|☆Adnan13
