|j|☆700club
|j|☆chopforce8
|t:|1667240305
|gametype|singles
|player|p1|700club|shadowtriad|1596
|player|p2|chopforce8|red|1883
|teamsize|p1|6
|teamsize|p2|6
|gen|8
|tier|[Gen 8] National Dex AG
|rated|
|rule|HP Percentage Mod: HP is shown in percentages
|rule|Endless Battle Clause: Forcing endless battles is banned
|clearpoke
|poke|p1|Lapras, M|
|poke|p1|Rayquaza|
|poke|p1|Ditto|
|poke|p1|Groudon|
|poke|p1|Necrozma-Dusk-Mane|
|poke|p1|Zacian-*|
|poke|p2|Yveltal|
|poke|p2|Diancie|
|poke|p2|Calyrex-Shadow|
|poke|p2|Zacian-*|
|poke|p2|Ditto|
|poke|p2|Arceus-*|
|teampreview
|inactive|Battle timer is ON: inactive players will automatically lose when time's up. (requested by chopforce8)
|inactive|700club has 120 seconds left.
|
|t:|1667240355
|start
|switch|p1a: Necrozma|Necrozma-Dusk-Mane|100/100
|switch|p2a: Deadly Fart|Calyrex-Shadow|100/100
|-ability|p2a: Deadly Fart|As One
|-ability|p2a: Deadly Fart|Unnerve
|turn|1
|inactive|700club has 120 seconds left.
|inactive|700club has 90 seconds left.
|
|t:|1667240438
|detailschange|p1a: Necrozma|Necrozma-Ultra
|-burst|p1a: Necrozma|Necrozma|Ultranecrozium Z
|move|p2a: Deadly Fart|Nasty Plot|p2a: Deadly Fart
|-boost|p2a: Deadly Fart|spa|2
|move|p1a: Necrozma|Photon Geyser|p2a: Deadly Fart
|-resisted|p2a: Deadly Fart
|-damage|p2a: Deadly Fart|59/100
|
|upkeep
|turn|2
|
|t:|1667240452
|move|p2a: Deadly Fart|Substitute|p2a: Deadly Fart
|-start|p2a: Deadly Fart|Substitute
|-damage|p2a: Deadly Fart|34/100
|-zpower|p1a: Necrozma
|move|p1a: Necrozma|Light That Burns the Sky|p2a: Deadly Fart|[zeffect]
|-resisted|p2a: Deadly Fart
|-end|p2a: Deadly Fart|Substitute
|
|upkeep
|turn|3
|
|t:|1667240460
|move|p2a: Deadly Fart|Astral Barrage|p1a: Necrozma
|-supereffective|p1a: Necrozma
|-damage|p1a: Necrozma|0 fnt
|faint|p1a: Necrozma
|-ability|p2a: Deadly Fart|Grim Neigh|boost
|-boost|p2a: Deadly Fart|spa|1
|
|upkeep
|
|t:|1667240473
|switch|p1a: Ditto|Ditto|100/100
|-transform|p1a: Ditto|p2a: Deadly Fart|[from] ability: Imposter
|turn|4
|
|t:|1667240488
|switch|p2a: Bathroom Mirror|Ditto|100/100
|move|p1a: Ditto|Baton Pass|p1a: Ditto
|
|t:|1667240493
|switch|p1a: Lapras|Lapras, M|100/100|[from]move: Baton Pass
|
|upkeep
|turn|5
|
|t:|1667240507
|switch|p2a: Bird poo|Arceus-Flying|100/100
|-start|p1a: Lapras|Dynamax|Gmax
|-heal|p1a: Lapras|100/100|[silent]
|move|p1a: Lapras|G-Max Resonance|p2a: Bird poo
|-supereffective|p2a: Bird poo
|-damage|p2a: Bird poo|0 fnt
|-sidestart|p1: 700club|move: Aurora Veil
|faint|p2a: Bird poo
|
|upkeep
|
|t:|1667240518
|switch|p2a: Need Toilet|Zacian-Crowned|100/100
|-ability|p2a: Need Toilet|Intrepid Sword|boost
|-boost|p2a: Need Toilet|atk|1
|turn|6
|
|t:|1667240540
|move|p2a: Need Toilet|Substitute|p2a: Need Toilet
|-start|p2a: Need Toilet|Substitute
|-damage|p2a: Need Toilet|76/100
|move|p1a: Lapras|G-Max Resonance|p2a: Need Toilet
|-resisted|p2a: Need Toilet
|-end|p2a: Need Toilet|Substitute
|
|upkeep
|turn|7
|
|t:|1667240549
|move|p2a: Need Toilet|Behemoth Blade|p1a: Lapras
|-damage|p1a: Lapras|56/100
|move|p1a: Lapras|G-Max Resonance|p2a: Need Toilet
|-resisted|p2a: Need Toilet
|-damage|p2a: Need Toilet|29/100
|
|upkeep
|-end|p1a: Lapras|Dynamax
|-heal|p1a: Lapras|56/100|[silent]
|turn|8
|
|t:|1667240563
|move|p2a: Need Toilet|Substitute|p2a: Need Toilet
|-start|p2a: Need Toilet|Substitute
|-damage|p2a: Need Toilet|4/100
|move|p1a: Lapras|Sheer Cold|p2a: Need Toilet
|-ohko
|-end|p2a: Need Toilet|Substitute
|
|upkeep
|turn|9
|
|t:|1667240582
|switch|p2a: Deadly Fart|Calyrex-Shadow|34/100
|-ability|p2a: Deadly Fart|As One
|-ability|p2a: Deadly Fart|Unnerve
|switch|p1a: Ditto|Ditto|100/100
|-transform|p1a: Ditto|p2a: Deadly Fart|[from] ability: Imposter
|
|-sideend|p1: 700club|move: Aurora Veil
|upkeep
|turn|10
|
|t:|1667240597
|switch|p2a: Bathroom Mirror|Ditto|100/100
|move|p1a: Ditto|Astral Barrage|p2a: Bathroom Mirror
|-immune|p2a: Bathroom Mirror
|
|upkeep
|turn|11
|inactive|700club has 60 seconds left.
|
|t:|1667240623
|switch|p1a: Zacian|Zacian-Crowned|100/100
|-ability|p1a: Zacian|Intrepid Sword|boost
|-boost|p1a: Zacian|atk|1
|switch|p2a: Maximum Dump|Yveltal|100/100
|-ability|p2a: Maximum Dump|Dark Aura
|
|upkeep
|turn|12
|
|t:|1667240640
|switch|p2a: Need Toilet|Zacian-Crowned|4/100
|-ability|p2a: Need Toilet|Intrepid Sword|boost
|-boost|p2a: Need Toilet|atk|1
|move|p1a: Zacian|Substitute|p1a: Zacian
|-start|p1a: Zacian|Substitute
|-damage|p1a: Zacian|76/100
|
|upkeep
|turn|13
|j| luisYR_a
|
|t:|1667240648
|move|p1a: Zacian|Behemoth Blade|p2a: Need Toilet
|-damage|p2a: Need Toilet|0 fnt
|faint|p2a: Need Toilet
|
|upkeep
|
|t:|1667240654
|switch|p2a: Deadly Fart|Calyrex-Shadow|34/100
|-ability|p2a: Deadly Fart|As One
|-ability|p2a: Deadly Fart|Unnerve
|turn|14
|c|☆700club|you are good
|inactive|700club has 60 seconds left.
|
|t:|1667240664
|move|p2a: Deadly Fart|Astral Barrage|p1a: Zacian
|-end|p1a: Zacian|Substitute
|move|p1a: Zacian|Behemoth Blade|p2a: Deadly Fart
|-crit|p2a: Deadly Fart
|-damage|p2a: Deadly Fart|0 fnt
|faint|p2a: Deadly Fart
|
|upkeep
|c|☆chopforce8|hurry need toilet
|
|t:|1667240672
|switch|p2a: Bathroom Mirror|Ditto|100/100
|-transform|p2a: Bathroom Mirror|p1a: Zacian|[from] ability: Imposter
|-ability|p2a: Bathroom Mirror|Intrepid Sword|boost
|-boost|p2a: Bathroom Mirror|atk|1
|turn|15
|c|☆700club|lol
|
|t:|1667240683
|move|p2a: Bathroom Mirror|Close Combat|p1a: Zacian
|-damage|p1a: Zacian|0 fnt
|-unboost|p2a: Bathroom Mirror|def|1
|-unboost|p2a: Bathroom Mirror|spd|1
|faint|p1a: Zacian
|
|upkeep
|
|t:|1667240690
|switch|p1a: Groudon|Groudon|100/100
|detailschange|p1a: Groudon|Groudon-Primal
|-primal|p1a: Groudon
|-weather|DesolateLand|[from] ability: Desolate Land|[of] p1a: Groudon
|turn|16
|
|t:|1667240698
|move|p2a: Bathroom Mirror|Close Combat|p1a: Groudon
|-damage|p1a: Groudon|45/100
|-unboost|p2a: Bathroom Mirror|def|1
|-unboost|p2a: Bathroom Mirror|spd|1
|move|p1a: Groudon|Precipice Blades|p2a: Bathroom Mirror
|-supereffective|p2a: Bathroom Mirror
|-damage|p2a: Bathroom Mirror|0 fnt
|faint|p2a: Bathroom Mirror
|
|-weather|DesolateLand|[upkeep]
|upkeep
|
|t:|1667240708
|switch|p2a: stealthy poo|Diancie|100/100
|turn|17
|
|t:|1667240713
|detailschange|p2a: stealthy poo|Diancie-Mega
|-mega|p2a: stealthy poo|Diancie|Diancite
|move|p2a: stealthy poo|Stealth Rock|p1a: Groudon
|-sidestart|p1: 700club|move: Stealth Rock
|move|p1a: Groudon|Precipice Blades|p2a: stealthy poo
|-supereffective|p2a: stealthy poo
|-damage|p2a: stealthy poo|0 fnt
|faint|p2a: stealthy poo
|
|-weather|DesolateLand|[upkeep]
|upkeep
|
|t:|1667240720
|switch|p2a: Maximum Dump|Yveltal|100/100
|-ability|p2a: Maximum Dump|Dark Aura
|turn|18
|
|t:|1667240727
|-start|p2a: Maximum Dump|Dynamax|
|-heal|p2a: Maximum Dump|100/100|[silent]
|move|p2a: Maximum Dump|Max Airstream|p1a: Groudon
|-damage|p1a: Groudon|0 fnt
|-boost|p2a: Maximum Dump|spe|1
|faint|p1a: Groudon
|-weather|none
|-damage|p2a: Maximum Dump|96/100|[from] item: Life Orb
|
|upkeep
|
|t:|1667240737
|switch|p1a: Rayquaza|Rayquaza|100/100
|-damage|p1a: Rayquaza|76/100|[from] Stealth Rock
|-ability|p1a: Rayquaza|Air Lock
|turn|19
|
|t:|1667240745
|detailschange|p1a: Rayquaza|Rayquaza-Mega
|-mega|p1a: Rayquaza|Rayquaza|
|-weather|DeltaStream|[from] ability: Delta Stream|[of] p1a: Rayquaza
|move|p2a: Maximum Dump|Max Darkness|p1a: Rayquaza
|-damage|p1a: Rayquaza|0 fnt
|faint|p1a: Rayquaza
|-weather|none
|-damage|p2a: Maximum Dump|91/100|[from] item: Life Orb
|
|upkeep
|inactive|700club has 90 seconds left.
|
|t:|1667240763
|switch|p1a: Ditto|Ditto|100/100
|-damage|p1a: Ditto|88/100|[from] Stealth Rock
|-transform|p1a: Ditto|p2a: Maximum Dump|[from] ability: Imposter
|-ability|p1a: Ditto|Dark Aura
|turn|20
|inactive|700club has 90 seconds left.
|
|t:|1667240778
|move|p1a: Ditto|Oblivion Wing|p2a: Maximum Dump
|-damage|p2a: Maximum Dump|70/100
|-heal|p1a: Ditto|100/100|[from] drain|[of] p2a: Maximum Dump
|move|p2a: Maximum Dump|Max Airstream|p1a: Ditto
|-damage|p1a: Ditto|0 fnt
|-boost|p2a: Maximum Dump|spe|1
|faint|p1a: Ditto
|-damage|p2a: Maximum Dump|65/100|[from] item: Life Orb
|
|upkeep
|inactive|700club has 90 seconds left.
|
|t:|1667240789
|switch|p1a: Lapras|Lapras, M|56/100
|-end|p2a: Maximum Dump|Dynamax
|-heal|p2a: Maximum Dump|65/100|[silent]
|turn|21
|inactive|700club has 90 seconds left.
|
|t:|1667240795
|move|p2a: Maximum Dump|Dark Pulse|p1a: Lapras
|-damage|p1a: Lapras|19/100
|-damage|p2a: Maximum Dump|55/100|[from] item: Life Orb
|move|p1a: Lapras|Sheer Cold|p2a: Maximum Dump
|-damage|p2a: Maximum Dump|0 fnt
|faint|p2a: Maximum Dump
|-ohko
|
|win|700club
|raw|700club's rating: 1611 &rarr; <strong>1644</strong><br />(+33 for winning)
|raw|chopforce8's rating: 1883 &rarr; <strong>1850</strong><br />(-33 for losing)
|c|☆700club|gg
|c|☆chopforce8|gg
