|j|☆Mori Jin Kato
|j|☆Kirb245
|t:|1654534376
|gametype|singles
|player|p1|Mori Jin Kato|red|1541
|player|p2|Kirb245|lyra|1472
|teamsize|p1|6
|teamsize|p2|6
|gen|8
|tier|[Gen 8] National Dex AG
|rated|
|rule|HP Percentage Mod: HP is shown in percentages
|rule|Endless Battle Clause: Forcing endless battles is banned
|clearpoke
|poke|p1|Cinderace, M|
|poke|p1|Zacian-*|
|poke|p1|Calyrex-Shadow|
|poke|p1|Dragonite, M|
|poke|p1|Regieleki|
|poke|p1|Ditto|
|poke|p2|Deoxys-Speed|
|poke|p2|Blastoise, F|
|poke|p2|Groudon|
|poke|p2|Cinderace, F|
|poke|p2|Pheromosa|
|poke|p2|Urshifu-*, F|
|teampreview
|inactive|Battle timer is ON: inactive players will automatically lose when time's up. (requested by Mori Jin Kato)
|c|☆Mori Jin Kato|gl hf
|
|t:|1654534386
|start
|switch|p1a: Jaecheondaesong|Cinderace, M|100/100
|switch|p2a: Deoxys|Deoxys-Speed|100/100
|-ability|p2a: Deoxys|Pressure
|turn|1
|
|t:|1654534392
|-start|p1a: Jaecheondaesong|Dynamax|Gmax
|-heal|p1a: Jaecheondaesong|100/100|[silent]
|move|p2a: Deoxys|Knock Off|p1a: Jaecheondaesong
|-damage|p1a: Jaecheondaesong|88/100
|-enditem|p1a: Jaecheondaesong|Weakness Policy|[from] move: Knock Off|[of] p2a: Deoxys
|move|p1a: Jaecheondaesong|Max Airstream|p2a: Deoxys
|-start|p1a: Jaecheondaesong|typechange|Flying|[from] ability: Libero
|-damage|p2a: Deoxys|30/100
|-boost|p1a: Jaecheondaesong|spe|1
|
|upkeep
|turn|2
|
|t:|1654534404
|move|p2a: Deoxys|Stealth Rock|p1a: Jaecheondaesong
|-sidestart|p1: Mori Jin Kato|move: Stealth Rock
|move|p1a: Jaecheondaesong|Max Airstream|p2a: Deoxys
|-damage|p2a: Deoxys|0 fnt
|-boost|p1a: Jaecheondaesong|spe|1
|faint|p2a: Deoxys
|
|upkeep
|
|t:|1654534408
|switch|p2a: Blastoise|Blastoise, F|100/100
|turn|3
|
|t:|1654534413
|detailschange|p2a: Blastoise|Blastoise-Mega, F
|-mega|p2a: Blastoise|Blastoise|Blastoisinite
|move|p1a: Jaecheondaesong|Max Knuckle|p2a: Blastoise
|-start|p1a: Jaecheondaesong|typechange|Fighting|[from] ability: Libero
|-damage|p2a: Blastoise|58/100
|-boost|p1a: Jaecheondaesong|atk|1
|move|p2a: Blastoise|Water Pulse|p1a: Jaecheondaesong
|-damage|p1a: Jaecheondaesong|50/100
|-start|p1a: Jaecheondaesong|confusion
|
|upkeep
|-end|p1a: Jaecheondaesong|Dynamax
|-heal|p1a: Jaecheondaesong|50/100|[silent]
|turn|4
|
|t:|1654534427
|-activate|p1a: Jaecheondaesong|confusion
|-damage|p1a: Jaecheondaesong|25/100|[from] confusion
|move|p2a: Blastoise|Water Pulse|p1a: Jaecheondaesong
|-damage|p1a: Jaecheondaesong|0 fnt
|faint|p1a: Jaecheondaesong
|
|upkeep
|
|t:|1654534444
|switch|p1a: Gwendouwin|Regieleki|100/100
|-damage|p1a: Gwendouwin|88/100|[from] Stealth Rock
|turn|5
|
|t:|1654534448
|move|p1a: Gwendouwin|Explosion|p2a: Blastoise
|-damage|p2a: Blastoise|0 fnt
|faint|p1a: Gwendouwin
|faint|p2a: Blastoise
|
|upkeep
|c|☆Mori Jin Kato|no switch there?
|c|☆Mori Jin Kato|nice
|
|t:|1654534460
|switch|p1a: Yeoui|Dragonite, M|100/100
|switch|p2a: Cinderace|Cinderace, F|100/100
|-damage|p1a: Yeoui|75/100|[from] Stealth Rock
|turn|6
|
|t:|1654534465
|move|p2a: Cinderace|U-turn|p1a: Yeoui
|-start|p2a: Cinderace|typechange|Bug|[from] ability: Libero
|-resisted|p1a: Yeoui
|-crit|p1a: Yeoui
|-damage|p1a: Yeoui|45/100
|
|t:|1654534469
|switch|p2a: Groudon|Groudon|100/100|[from]move: U-turn
|detailschange|p2a: Groudon|Groudon-Primal
|-primal|p2a: Groudon
|-weather|DesolateLand|[from] ability: Desolate Land|[of] p2a: Groudon
|move|p1a: Yeoui|Dragon Dance|p1a: Yeoui
|-boost|p1a: Yeoui|atk|1
|-boost|p1a: Yeoui|spe|1
|
|-weather|DesolateLand|[upkeep]
|upkeep
|turn|7
|
|t:|1654534477
|move|p1a: Yeoui|Earthquake|p2a: Groudon
|-supereffective|p2a: Groudon
|-damage|p2a: Groudon|16/100
|move|p2a: Groudon|Rock Slide|p1a: Yeoui
|-supereffective|p1a: Yeoui
|-damage|p1a: Yeoui|0 fnt
|faint|p1a: Yeoui
|
|-weather|DesolateLand|[upkeep]
|upkeep
|c|☆Mori Jin Kato|dang ur groudon is tough
|c|☆Mori Jin Kato|as NAILZ
|
|t:|1654534502
|switch|p1a: Seventh Owner|Ditto|100/100
|-damage|p1a: Seventh Owner|88/100|[from] Stealth Rock
|-transform|p1a: Seventh Owner|p2a: Groudon|[from] ability: Imposter
|turn|8
|inactive|Mori Jin Kato has 120 seconds left.
|
|t:|1654534519
|move|p1a: Seventh Owner|Precipice Blades|p2a: Groudon
|-supereffective|p2a: Groudon
|-damage|p2a: Groudon|0 fnt
|faint|p2a: Groudon
|
|-weather|DesolateLand|[upkeep]
|upkeep
|
|t:|1654534524
|switch|p2a: Pheromosa|Pheromosa|100/100
|turn|9
|
|t:|1654534526
|move|p1a: Seventh Owner|Precipice Blades|p2a: Pheromosa|[miss]
|-miss|p1a: Seventh Owner|p2a: Pheromosa
|move|p2a: Pheromosa|Close Combat|p1a: Seventh Owner
|-damage|p1a: Seventh Owner|38/100
|-unboost|p2a: Pheromosa|def|1
|-unboost|p2a: Pheromosa|spd|1
|
|-weather|DesolateLand|[upkeep]
|upkeep
|turn|10
|c|☆Mori Jin Kato|wtf
|c|☆Mori Jin Kato|miss rng
|
|t:|1654534534
|move|p1a: Seventh Owner|Precipice Blades|p2a: Pheromosa
|-resisted|p2a: Pheromosa
|-enditem|p2a: Pheromosa|Focus Sash
|-damage|p2a: Pheromosa|1/100
|move|p2a: Pheromosa|Close Combat|p1a: Seventh Owner
|-crit|p1a: Seventh Owner
|-damage|p1a: Seventh Owner|0 fnt
|-unboost|p2a: Pheromosa|def|1
|-unboost|p2a: Pheromosa|spd|1
|faint|p1a: Seventh Owner
|-weather|none
|-ability|p2a: Pheromosa|Beast Boost|boost
|-boost|p2a: Pheromosa|spe|1
|
|upkeep
|inactive|Mori Jin Kato has 120 seconds left.
|
|t:|1654534584
|switch|p1a: Zacian|Zacian-Crowned|100/100
|-damage|p1a: Zacian|94/100|[from] Stealth Rock
|-ability|p1a: Zacian|Intrepid Sword|boost
|-boost|p1a: Zacian|atk|1
|turn|11
|
|t:|1654534593
|move|p2a: Pheromosa|Lunge|p1a: Zacian
|-resisted|p1a: Zacian
|-damage|p1a: Zacian|84/100
|-unboost|p1a: Zacian|atk|1
|move|p1a: Zacian|Sacred Sword|p2a: Pheromosa
|-resisted|p2a: Pheromosa
|-damage|p2a: Pheromosa|0 fnt
|faint|p2a: Pheromosa
|
|upkeep
|
|t:|1654534599
|switch|p2a: Cinderace|Cinderace, F|100/100
|turn|12
|c|☆Mori Jin Kato|no my atk boost
|
|t:|1654534611
|move|p1a: Zacian|Play Rough|p2a: Cinderace
|-resisted|p2a: Cinderace
|-damage|p2a: Cinderace|59/100
|move|p2a: Cinderace|Pyro Ball|p1a: Zacian
|-supereffective|p1a: Zacian
|-damage|p1a: Zacian|0 fnt
|faint|p1a: Zacian
|
|upkeep
|
|t:|1654534634
|switch|p1a: Calyrex|Calyrex-Shadow|100/100
|-ability|p1a: Calyrex|As One
|-ability|p1a: Calyrex|Unnerve
|-damage|p1a: Calyrex|88/100|[from] Stealth Rock
|turn|13
|
|t:|1654534640
|move|p1a: Calyrex|Astral Barrage|p2a: Cinderace
|-damage|p2a: Cinderace|0 fnt
|faint|p2a: Cinderace
|-ability|p1a: Calyrex|Grim Neigh|boost
|-boost|p1a: Calyrex|spa|1
|
|upkeep
|
|t:|1654534642
|switch|p2a: Urshifu|Urshifu, F|100/100
|turn|14
|c|☆Mori Jin Kato|pain train incoming
|c|☆Mori Jin Kato|for me lmao
|
|t:|1654534653
|-start|p2a: Urshifu|Dynamax|Gmax
|-heal|p2a: Urshifu|100/100|[silent]
|move|p1a: Calyrex|Astral Barrage|p2a: Urshifu
|-resisted|p2a: Urshifu
|-damage|p2a: Urshifu|58/100
|move|p2a: Urshifu|G-Max One Blow|p1a: Calyrex
|-supereffective|p1a: Calyrex
|-damage|p1a: Calyrex|0 fnt
|faint|p1a: Calyrex
|
|win|Kirb245
|raw|Mori Jin Kato's rating: 1541 &rarr; <strong>1517</strong><br />(-24 for losing)
|raw|Kirb245's rating: 1472 &rarr; <strong>1496</strong><br />(+24 for winning)
|l|☆Mori Jin Kato
|c|☆Kirb245|gg
||Ladder isn't responding, score probably updated but might not have (Request timeout).
