|j|☆the thin mints lad
|j|☆700club
|t:|1659114478
|gametype|singles
|player|p1|the thin mints lad|cress|1604
|player|p2|700club|shadowtriad|1594
|teamsize|p1|6
|teamsize|p2|6
|gen|8
|tier|[Gen 8] National Dex AG
|rated|
|rule|HP Percentage Mod: HP is shown in percentages
|rule|Endless Battle Clause: Forcing endless battles is banned
|clearpoke
|poke|p1|Marshadow|
|poke|p1|Necrozma-Dusk-Mane|
|poke|p1|Ditto|
|poke|p1|Zygarde|
|poke|p1|Grimmsnarl, M|
|poke|p1|Mewtwo|
|poke|p2|Zacian-*|
|poke|p2|Yveltal|
|poke|p2|Rayquaza|
|poke|p2|Groudon|
|poke|p2|Necrozma-Dusk-Mane|
|poke|p2|Xerneas-*|
|teampreview
|c|☆700club|hi
|c|☆the thin mints lad|hello
|
|t:|1659114519
|start
|switch|p1a: my solrock evolved|Necrozma-Dusk-Mane|100/100
|switch|p2a: Xerneas|Xerneas|100/100
|-ability|p2a: Xerneas|Fairy Aura
|turn|1
|
|t:|1659114532
|move|p1a: my solrock evolved|Dragon Dance|p1a: my solrock evolved
|-boost|p1a: my solrock evolved|atk|1
|-boost|p1a: my solrock evolved|spe|1
|move|p2a: Xerneas|Thunder|p1a: my solrock evolved|[miss]
|-miss|p2a: Xerneas|p1a: my solrock evolved
|
|upkeep
|turn|2
|
|t:|1659114538
|move|p1a: my solrock evolved|Dragon Dance|p1a: my solrock evolved
|-boost|p1a: my solrock evolved|atk|1
|-boost|p1a: my solrock evolved|spe|1
|move|p2a: Xerneas|Substitute|p2a: Xerneas
|-start|p2a: Xerneas|Substitute
|-damage|p2a: Xerneas|76/100
|
|upkeep
|turn|3
|
|t:|1659114546
|move|p1a: my solrock evolved|Sunsteel Strike|p2a: Xerneas
|-supereffective|p2a: Xerneas
|-end|p2a: Xerneas|Substitute
|move|p2a: Xerneas|Thunder|p1a: my solrock evolved
|-damage|p1a: my solrock evolved|58/100
|-status|p1a: my solrock evolved|par
|
|upkeep
|turn|4
|
|t:|1659114560
|move|p1a: my solrock evolved|Sunsteel Strike|p2a: Xerneas
|-supereffective|p2a: Xerneas
|-damage|p2a: Xerneas|0 fnt
|faint|p2a: Xerneas
|
|upkeep
|c|☆700club|lol what was i thinking
|j| Snake of the Moon
|
|t:|1659114585
|switch|p2a: Yveltal|Yveltal|100/100
|-ability|p2a: Yveltal|Dark Aura
|turn|5
|n| Buck X|snakeofthemoon
|
|t:|1659114600
|switch|p1a: quandale dingle|Grimmsnarl, M|100/100
|-start|p2a: Yveltal|Dynamax|
|-heal|p2a: Yveltal|100/100|[silent]
|move|p2a: Yveltal|Max Airstream|p1a: quandale dingle
|-damage|p1a: quandale dingle|28/100
|-boost|p2a: Yveltal|spe|1
|-damage|p2a: Yveltal|96/100|[from] item: Life Orb
|
|upkeep
|turn|6
|
|t:|1659114610
|move|p1a: quandale dingle|Light Screen|p1a: quandale dingle
|-sidestart|p1: the thin mints lad|move: Light Screen
|move|p2a: Yveltal|Max Airstream|p1a: quandale dingle
|-damage|p1a: quandale dingle|0 fnt
|-boost|p2a: Yveltal|spe|1
|faint|p1a: quandale dingle
|-damage|p2a: Yveltal|91/100|[from] item: Life Orb
|
|upkeep
|
|t:|1659114632
|switch|p1a: 10 literal dogs|Zygarde|100/100
|turn|7
|
|t:|1659114640
|move|p2a: Yveltal|Max Darkness|p1a: 10 literal dogs
|-damage|p1a: 10 literal dogs|48/100
|-unboost|p1a: 10 literal dogs|spd|1
|-damage|p2a: Yveltal|86/100|[from] item: Life Orb
|move|p1a: 10 literal dogs|Glare|p2a: Yveltal
|-status|p2a: Yveltal|par
|
|-activate|p1a: 10 literal dogs|ability: Power Construct
|detailschange|p1a: 10 literal dogs|Zygarde-Complete
|-heal|p1a: 10 literal dogs|66/100|[silent]
|upkeep
|-end|p2a: Yveltal|Dynamax
|-heal|p2a: Yveltal|86/100 par|[silent]
|turn|8
|
|t:|1659114675
|move|p2a: Yveltal|Dark Pulse|p1a: 10 literal dogs
|-damage|p1a: 10 literal dogs|37/100
|-damage|p2a: Yveltal|76/100 par|[from] item: Life Orb
|move|p1a: 10 literal dogs|Thousand Arrows|p2a: Yveltal
|-damage|p2a: Yveltal|49/100 par
|-start|p2a: Yveltal|Smack Down
|
|upkeep
|turn|9
|
|t:|1659114687
|move|p2a: Yveltal|Dark Pulse|p1a: 10 literal dogs
|-damage|p1a: 10 literal dogs|5/100
|-damage|p2a: Yveltal|39/100 par|[from] item: Life Orb
|move|p1a: 10 literal dogs|Thousand Arrows|p2a: Yveltal
|-damage|p2a: Yveltal|10/100 par
|
|upkeep
|turn|10
|
|t:|1659114696
|cant|p2a: Yveltal|par
|move|p1a: 10 literal dogs|Rest|p1a: 10 literal dogs
|-status|p1a: 10 literal dogs|slp|[from] move: Rest
|-heal|p1a: 10 literal dogs|100/100 slp|[silent]
|
|-sideend|p1: the thin mints lad|move: Light Screen
|upkeep
|turn|11
|c|☆the thin mints lad|lucky ngl
|c|☆700club|a bit lol
|
|t:|1659114742
|move|p2a: Yveltal|Dark Pulse|p1a: 10 literal dogs
|-damage|p1a: 10 literal dogs|37/100 slp
|-damage|p2a: Yveltal|0 fnt|[from] item: Life Orb
|faint|p2a: Yveltal
|cant|p1a: 10 literal dogs|slp
|
|upkeep
|
|t:|1659114763
|switch|p2a: Groudon|Groudon|100/100
|detailschange|p2a: Groudon|Groudon-Primal
|-primal|p2a: Groudon
|-weather|DesolateLand|[from] ability: Desolate Land|[of] p2a: Groudon
|turn|12
|
|t:|1659114774
|move|p2a: Groudon|Stealth Rock|p1a: 10 literal dogs
|-sidestart|p1: the thin mints lad|move: Stealth Rock
|cant|p1a: 10 literal dogs|slp
|
|-weather|DesolateLand|[upkeep]
|upkeep
|turn|13
|c|☆700club|i home you don't have coil
|
|t:|1659114802
|move|p2a: Groudon|Swords Dance|p2a: Groudon
|-boost|p2a: Groudon|atk|2
|-curestatus|p1a: 10 literal dogs|slp|[msg]
|move|p1a: 10 literal dogs|Glare|p2a: Groudon
|-status|p2a: Groudon|par
|
|-weather|DesolateLand|[upkeep]
|upkeep
|turn|14
|
|t:|1659114815
|move|p1a: 10 literal dogs|Coil|p1a: 10 literal dogs
|-boost|p1a: 10 literal dogs|atk|1
|-boost|p1a: 10 literal dogs|def|1
|-boost|p1a: 10 literal dogs|accuracy|1
|move|p2a: Groudon|Precipice Blades|p1a: 10 literal dogs
|-damage|p1a: 10 literal dogs|1/100
|
|-weather|DesolateLand|[upkeep]
|upkeep
|turn|15
|c|☆700club|lol
|c|☆700club|you have it
|
|t:|1659114830
|move|p1a: 10 literal dogs|Thousand Arrows|p2a: Groudon
|-supereffective|p2a: Groudon
|-damage|p2a: Groudon|42/100 par
|cant|p2a: Groudon|par
|
|-weather|DesolateLand|[upkeep]
|upkeep
|turn|16
|c|☆the thin mints lad|this is really uncomfortable.
|c|☆the thin mints lad|ok i stop lucking out
|
|t:|1659114848
|move|p1a: 10 literal dogs|Glare|p2a: Groudon
|-fail|p2a: Groudon|par
|move|p2a: Groudon|Rock Tomb|p1a: 10 literal dogs|[miss]
|-miss|p2a: Groudon|p1a: 10 literal dogs
|
|-weather|DesolateLand|[upkeep]
|upkeep
|turn|17
|c|☆700club|no no worries i accept my fate
|
|t:|1659114858
|move|p1a: 10 literal dogs|Glare|p2a: Groudon
|-fail|p2a: Groudon|par
|move|p2a: Groudon|Rock Tomb|p1a: 10 literal dogs
|-resisted|p1a: 10 literal dogs
|-damage|p1a: 10 literal dogs|0 fnt
|faint|p1a: 10 literal dogs
|
|-weather|DesolateLand|[upkeep]
|upkeep
|c|☆700club|your too kind sir lol
|
|t:|1659114871
|switch|p1a: Yoinker|Marshadow|100/100
|-damage|p1a: Yoinker|94/100|[from] Stealth Rock
|turn|18
|
|t:|1659114881
|-weather|none
|switch|p2a: Rayquaza|Rayquaza|100/100
|-ability|p2a: Rayquaza|Air Lock
|move|p1a: Yoinker|Spectral Thief|p2a: Rayquaza
|-damage|p2a: Rayquaza|26/100
|
|upkeep
|turn|19
|c|☆the thin mints lad|that's funny
|c|☆the thin mints lad|bc i either feel like being cursed by not having luvk at all or... this
|c|☆700club|strong marshadow adamant?
|
|t:|1659114907
|move|p1a: Yoinker|Spectral Thief|p2a: Rayquaza
|-damage|p2a: Rayquaza|0 fnt
|faint|p2a: Rayquaza
|
|upkeep
|c|☆the thin mints lad|nope, band
|c|☆700club|wow impressive
|
|t:|1659114921
|switch|p2a: Zacian|Zacian-Crowned|100/100
|-ability|p2a: Zacian|Intrepid Sword|boost
|-boost|p2a: Zacian|atk|1
|turn|20
|
|t:|1659114930
|switch|p1a: my solrock evolved|Necrozma-Dusk-Mane|58/100 par
|-damage|p1a: my solrock evolved|52/100 par|[from] Stealth Rock
|move|p2a: Zacian|Behemoth Blade|p1a: my solrock evolved
|-resisted|p1a: my solrock evolved
|-damage|p1a: my solrock evolved|14/100 par
|
|upkeep
|turn|21
|
|t:|1659114939
|detailschange|p1a: my solrock evolved|Necrozma-Ultra
|-burst|p1a: my solrock evolved|Necrozma|Ultranecrozium Z
|move|p2a: Zacian|Substitute|p2a: Zacian
|-start|p2a: Zacian|Substitute
|-damage|p2a: Zacian|76/100
|cant|p1a: my solrock evolved|par
|
|upkeep
|turn|22
|
|t:|1659114946
|move|p2a: Zacian|Behemoth Blade|p1a: my solrock evolved
|-damage|p1a: my solrock evolved|0 fnt
|faint|p1a: my solrock evolved
|
|upkeep
|
|t:|1659114948
|switch|p1a: Yoinker|Marshadow|94/100
|-damage|p1a: Yoinker|88/100|[from] Stealth Rock
|turn|23
|
|t:|1659114957
|move|p1a: Yoinker|Shadow Sneak|p2a: Zacian
|-end|p2a: Zacian|Substitute
|move|p2a: Zacian|Behemoth Blade|p1a: Yoinker
|-damage|p1a: Yoinker|0 fnt
|faint|p1a: Yoinker
|
|upkeep
|
|t:|1659114963
|switch|p1a: The better Yoinker|Ditto|100/100
|-damage|p1a: The better Yoinker|88/100|[from] Stealth Rock
|-transform|p1a: The better Yoinker|p2a: Zacian|[from] ability: Imposter
|-ability|p1a: The better Yoinker|Intrepid Sword|boost
|-boost|p1a: The better Yoinker|atk|1
|turn|24
|c|☆700club|wow that was smart
|
|t:|1659114983
|move|p1a: The better Yoinker|Behemoth Blade|p2a: Zacian
|-damage|p2a: Zacian|0 fnt
|faint|p2a: Zacian
|
|upkeep
|c|☆700club|gg
|
|t:|1659114989
|switch|p2a: Necrozma|Necrozma-Dusk-Mane|100/100
|turn|25
|c|☆the thin mints lad|wait, doesn't ndm tank ?
|
|t:|1659114998
|move|p1a: The better Yoinker|Behemoth Blade|p2a: Necrozma
|-resisted|p2a: Necrozma
|-damage|p2a: Necrozma|47/100
|move|p2a: Necrozma|Earthquake|p1a: The better Yoinker
|-supereffective|p1a: The better Yoinker
|-damage|p1a: The better Yoinker|0 fnt
|faint|p1a: The better Yoinker
|
|upkeep
|
|t:|1659115008
|switch|p1a: Mewtwo|Mewtwo|100/100
|-ability|p1a: Mewtwo|Unnerve
|-damage|p1a: Mewtwo|88/100|[from] Stealth Rock
|turn|26
|c|☆700club|yeah i forgot that lol
|
|t:|1659115023
|detailschange|p1a: Mewtwo|Mewtwo-Mega-Y
|-mega|p1a: Mewtwo|Mewtwo|Mewtwonite Y
|detailschange|p2a: Necrozma|Necrozma-Ultra
|-burst|p2a: Necrozma|Necrozma|Ultranecrozium Z
|move|p1a: Mewtwo|Fire Blast|p2a: Necrozma
|-resisted|p2a: Necrozma
|-damage|p2a: Necrozma|20/100
|move|p2a: Necrozma|Photon Geyser|p1a: Mewtwo
|-resisted|p1a: Mewtwo
|-damage|p1a: Mewtwo|48/100
|
|upkeep
|turn|27
|l|☆the thin mints lad
|player|p1|
|j|☆the thin mints lad
|player|p1|the thin mints lad|cress
|
|t:|1659115063
|move|p1a: Mewtwo|Ice Beam|p2a: Necrozma
|-supereffective|p2a: Necrozma
|-damage|p2a: Necrozma|0 fnt
|faint|p2a: Necrozma
|
|upkeep
|c|☆700club|but i am still pretty fucked
|
|t:|1659115068
|switch|p2a: Groudon|Groudon-Primal|42/100 par
|-weather|DesolateLand|[from] ability: Desolate Land|[of] p2a: Groudon
|turn|28
|
|t:|1659115075
|move|p1a: Mewtwo|Psystrike|p2a: Groudon
|-damage|p2a: Groudon|0 fnt
|faint|p2a: Groudon
|-weather|none
|
|win|the thin mints lad
|raw|the thin mints lad's rating: 1604 &rarr; <strong>1623</strong><br />(+19 for winning)
|raw|700club's rating: 1594 &rarr; <strong>1575</strong><br />(-19 for losing)
|c|☆the thin mints lad|gg
|c|☆700club|nice one gg
