|j|☆ricky555
|j|☆Booooty Bandit
|t:|1640558011
|gametype|singles
|player|p1|ricky555|266|1620
|player|p2|Booooty Bandit|ethan|1527
|teamsize|p1|6
|teamsize|p2|6
|gen|8
|tier|[Gen 8] National Dex AG
|rated|
|rule|HP Percentage Mod: HP is shown in percentages
|rule|Endless Battle Clause: Forcing endless battles is banned
|clearpoke
|poke|p1|Zacian-*|
|poke|p1|Palkia|
|poke|p1|Ditto|
|poke|p1|Calyrex-Shadow|
|poke|p1|Arceus-*|
|poke|p1|Xerneas-*|
|poke|p2|Zacian-*|
|poke|p2|Marshadow|
|poke|p2|Forretress, F|
|poke|p2|Serperior, M|
|poke|p2|Bisharp, M|
|poke|p2|Gengar, M|
|teampreview
|
|t:|1640558016
|start
|switch|p1a: Calyrex|Calyrex-Shadow|100/100
|switch|p2a: Forretress|Forretress, F|100/100
|-ability|p1a: Calyrex|As One
|-ability|p1a: Calyrex|Unnerve
|turn|1
|inactive|Battle timer is ON: inactive players will automatically lose when time's up. (requested by Booooty Bandit)
|
|t:|1640558020
|move|p1a: Calyrex|Taunt|p2a: Forretress
|-start|p2a: Forretress|move: Taunt
|cant|p2a: Forretress|move: Taunt|Stealth Rock
|
|upkeep
|turn|2
|j| Beatboxing_Phantom
|l| Beatboxing_Phantom
|
|t:|1640558046
|switch|p2a: Gengar|Gengar, M|100/100
|move|p1a: Calyrex|Astral Barrage|p2a: Gengar
|-supereffective|p2a: Gengar
|-damage|p2a: Gengar|0 fnt
|-start|p1a: Calyrex|Disable|Astral Barrage|[from] ability: Cursed Body|[of] p2a: Gengar
|faint|p2a: Gengar
|-ability|p1a: Calyrex|Grim Neigh|boost
|-boost|p1a: Calyrex|spa|1
|
|upkeep
|
|t:|1640558055
|switch|p2a: Bisharp|Bisharp, M|100/100
|turn|3
|
|t:|1640558068
|-start|p1a: Calyrex|Dynamax
|-heal|p1a: Calyrex|100/100|[silent]
|move|p1a: Calyrex|Max Starfall|p2a: Bisharp
|-damage|p2a: Bisharp|17/100
|-fieldstart|move: Misty Terrain
|move|p2a: Bisharp|Knock Off|p1a: Calyrex
|-supereffective|p1a: Calyrex
|-enditem|p1a: Calyrex|Focus Sash
|-damage|p1a: Calyrex|1/100
|
|upkeep
|turn|4
|
|t:|1640558078
|move|p2a: Bisharp|Sucker Punch|p1a: Calyrex
|-supereffective|p1a: Calyrex
|-damage|p1a: Calyrex|0 fnt
|faint|p1a: Calyrex
|
|upkeep
|inactive|ricky555 has 120 seconds left.
|
|t:|1640558104
|switch|p1a: Arceus|Arceus-Flying|100/100
|turn|5
|
|t:|1640558108
|move|p2a: Bisharp|Sucker Punch||[still]
|-fail|p2a: Bisharp
|move|p1a: Arceus|Calm Mind|p1a: Arceus
|-boost|p1a: Arceus|spa|1
|-boost|p1a: Arceus|spd|1
|
|upkeep
|turn|6
|
|t:|1640558113
|move|p1a: Arceus|Calm Mind|p1a: Arceus
|-boost|p1a: Arceus|spa|1
|-boost|p1a: Arceus|spd|1
|move|p2a: Bisharp|Knock Off|p1a: Arceus
|-damage|p1a: Arceus|75/100
|
|upkeep
|turn|7
|
|t:|1640558120
|move|p1a: Arceus|Judgment|p2a: Bisharp
|-resisted|p2a: Bisharp
|-damage|p2a: Bisharp|0 fnt
|faint|p2a: Bisharp
|
|-fieldend|Misty Terrain
|upkeep
|
|t:|1640558126
|switch|p2a: Forretress|Forretress, F|100/100
|turn|8
|
|t:|1640558128
|move|p1a: Arceus|Judgment|p2a: Forretress
|-ability|p2a: Forretress|Sturdy
|-damage|p2a: Forretress|1/100
|-enditem|p2a: Forretress|Aguav Berry|[eat]
|-heal|p2a: Forretress|34/100|[from] item: Aguav Berry
|move|p2a: Forretress|Stealth Rock|p1a: Arceus
|-sidestart|p1: ricky555|move: Stealth Rock
|
|upkeep
|turn|9
|
|t:|1640558134
|move|p1a: Arceus|Judgment|p2a: Forretress
|-damage|p2a: Forretress|0 fnt
|faint|p2a: Forretress
|
|upkeep
|
|t:|1640558141
|switch|p2a: Zacian|Zacian-Crowned|100/100
|-ability|p2a: Zacian|Intrepid Sword|boost
|-boost|p2a: Zacian|atk|1
|turn|10
|
|t:|1640558146
|move|p2a: Zacian|Wild Charge|p1a: Arceus
|-supereffective|p1a: Arceus
|-damage|p1a: Arceus|0 fnt
|faint|p1a: Arceus
|-damage|p2a: Zacian|75/100|[from] Recoil
|
|upkeep
|
|t:|1640558149
|switch|p1a: Ditto|Ditto|100/100
|-damage|p1a: Ditto|88/100|[from] Stealth Rock
|-transform|p1a: Ditto|p2a: Zacian|[from] ability: Imposter
|-ability|p1a: Ditto|Intrepid Sword|boost
|-boost|p1a: Ditto|atk|1
|turn|11
|
|t:|1640558154
|move|p1a: Ditto|Close Combat|p2a: Zacian
|-damage|p2a: Zacian|0 fnt
|-unboost|p1a: Ditto|def|1
|-unboost|p1a: Ditto|spd|1
|faint|p2a: Zacian
|
|upkeep
|
|t:|1640558159
|switch|p2a: Marshadow|Marshadow|100/100
|turn|12
|
|t:|1640558165
|switch|p1a: Xerneas|Xerneas|100/100
|-damage|p1a: Xerneas|88/100|[from] Stealth Rock
|-ability|p1a: Xerneas|Fairy Aura
|move|p2a: Marshadow|Spectral Thief|p1a: Xerneas
|-damage|p1a: Xerneas|47/100
|
|upkeep
|turn|13
|
|t:|1640558173
|move|p2a: Marshadow|Poison Jab|p1a: Xerneas
|-supereffective|p1a: Xerneas
|-damage|p1a: Xerneas|0 fnt
|faint|p1a: Xerneas
|
|upkeep
|
|t:|1640558181
|switch|p1a: Palkia|Palkia|100/100
|-damage|p1a: Palkia|88/100|[from] Stealth Rock
|-ability|p1a: Palkia|Pressure
|turn|14
|
|t:|1640558190
|move|p1a: Palkia|Spacial Rend|p2a: Marshadow
|-damage|p2a: Marshadow|27/100
|move|p2a: Marshadow|Drain Punch|p1a: Palkia
|-damage|p1a: Palkia|47/100
|-heal|p2a: Marshadow|48/100|[from] drain|[of] p1a: Palkia
|
|upkeep
|turn|15
|
|t:|1640558197
|move|p2a: Marshadow|Shadow Sneak|p1a: Palkia
|-damage|p1a: Palkia|13/100
|move|p1a: Palkia|Spacial Rend|p2a: Marshadow
|-damage|p2a: Marshadow|0 fnt
|faint|p2a: Marshadow
|
|upkeep
|
|t:|1640558202
|switch|p2a: Serperior|Serperior, M|100/100
|turn|16
|
|t:|1640558212
|-start|p2a: Serperior|Dynamax
|-heal|p2a: Serperior|100/100|[silent]
|move|p1a: Palkia|Spacial Rend|p2a: Serperior
|-damage|p2a: Serperior|63/100
|move|p2a: Serperior|Max Overgrowth|p1a: Palkia
|-crit|p1a: Palkia
|-damage|p1a: Palkia|0 fnt
|-fieldstart|move: Grassy Terrain
|faint|p1a: Palkia
|
|-heal|p2a: Serperior|66/100|[from] Grassy Terrain
|upkeep
|
|t:|1640558218
|switch|p1a: Zacian|Zacian-Crowned|100/100
|-damage|p1a: Zacian|94/100|[from] Stealth Rock
|-ability|p1a: Zacian|Intrepid Sword|boost
|-boost|p1a: Zacian|atk|1
|turn|17
|
|t:|1640558221
|move|p1a: Zacian|Behemoth Blade|p2a: Serperior
|-damage|p2a: Serperior|0 fnt
|faint|p2a: Serperior
|
|win|ricky555
|raw|ricky555's rating: 1620 &rarr; <strong>1635</strong><br />(+15 for winning)
|raw|Booooty Bandit's rating: 1527 &rarr; <strong>1512</strong><br />(-15 for losing)
|c|☆ricky555|gg
|l|☆Booooty Bandit
||Ladder isn't responding, score probably updated but might not have (Request timeout).
