|j|‽Mario60866iPod13
|j|☆Alice_Finnemore
|t:|1651067554
|gametype|singles
|player|p1|Mario60866iPod13|unknown|1392
|player|p2|Alice_Finnemore|cynthia|1479
|teamsize|p1|6
|teamsize|p2|6
|gen|8
|tier|[Gen 8] National Dex AG
|rated|
|rule|HP Percentage Mod: HP is shown in percentages
|rule|Endless Battle Clause: Forcing endless battles is banned
|clearpoke
|poke|p1|Kyogre|
|poke|p1|Giratina-Origin|
|poke|p1|Necrozma-Dawn-Wings|
|poke|p1|Arceus-*|
|poke|p1|Eternatus|
|poke|p1|Rayquaza|
|poke|p2|Diancie|
|poke|p2|Ho-Oh|
|poke|p2|Giratina-Origin|
|poke|p2|Yveltal|
|poke|p2|Groudon|
|poke|p2|Arceus-*|
|teampreview
|
|t:|1651067599
|start
|switch|p1a: Eternatus|Eternatus|100/100
|switch|p2a: Diancie|Diancie|100/100
|-ability|p1a: Eternatus|Pressure
|turn|1
|inactive|Battle timer is ON: inactive players will automatically lose when time's up. (requested by Alice_Finnemore)
|
|t:|1651067605
|detailschange|p2a: Diancie|Diancie-Mega
|-mega|p2a: Diancie|Diancie|Diancite
|move|p1a: Eternatus|Meteor Beam||[still]
|-prepare|p1a: Eternatus|Meteor Beam
|-boost|p1a: Eternatus|spa|1
|-enditem|p1a: Eternatus|Power Herb
|-anim|p1a: Eternatus|Meteor Beam|p2a: Diancie
|-damage|p2a: Diancie|0 fnt
|faint|p2a: Diancie
|
|upkeep
|
|t:|1651067610
|switch|p2a: Groudon|Groudon|100/100
|detailschange|p2a: Groudon|Groudon-Primal
|-primal|p2a: Groudon
|-weather|DesolateLand|[from] ability: Desolate Land|[of] p2a: Groudon
|turn|2
|
|t:|1651067617
|move|p1a: Eternatus|Dynamax Cannon|p2a: Groudon
|-damage|p2a: Groudon|21/100
|move|p2a: Groudon|Rock Polish|p2a: Groudon
|-boost|p2a: Groudon|spe|2
|
|-weather|DesolateLand|[upkeep]
|upkeep
|turn|3
|
|t:|1651067622
|move|p2a: Groudon|Earthquake|p1a: Eternatus
|-supereffective|p1a: Eternatus
|-damage|p1a: Eternatus|0 fnt
|faint|p1a: Eternatus
|
|-weather|DesolateLand|[upkeep]
|upkeep
|
|t:|1651067630
|switch|p1a: Arceus|Arceus, shiny|100/100
|turn|4
|
|t:|1651067640
|move|p2a: Groudon|Earthquake|p1a: Arceus
|-damage|p1a: Arceus|45/100
|move|p1a: Arceus|Swords Dance|p1a: Arceus
|-boost|p1a: Arceus|atk|2
|
|-weather|DesolateLand|[upkeep]
|upkeep
|turn|5
|
|t:|1651067649
|move|p1a: Arceus|Extreme Speed|p2a: Groudon
|-damage|p2a: Groudon|0 fnt
|faint|p2a: Groudon
|-weather|none
|-damage|p1a: Arceus|35/100|[from] item: Life Orb
|
|upkeep
|
|t:|1651067651
|switch|p2a: Giratina|Giratina-Origin|100/100
|turn|6
|
|t:|1651067660
|move|p1a: Arceus|Liquidation|p2a: Giratina
|-resisted|p2a: Giratina
|-damage|p2a: Giratina|77/100
|-damage|p1a: Arceus|25/100|[from] item: Life Orb
|move|p2a: Giratina|Will-O-Wisp|p1a: Arceus
|-status|p1a: Arceus|brn
|
|-damage|p1a: Arceus|19/100 brn|[from] brn
|upkeep
|turn|7
|inactive|Alice_Finnemore has 120 seconds left.
|inactive|Alice_Finnemore has 90 seconds left.
|inactive|Alice_Finnemore has 60 seconds left.
|inactive|Alice_Finnemore has 30 seconds left.
|inactive|Alice_Finnemore has 20 seconds left.
|inactive|Alice_Finnemore has 15 seconds left.
|inactive|Alice_Finnemore has 10 seconds left.
|inactive|Alice_Finnemore has 5 seconds left.
|-message|Alice_Finnemore lost due to inactivity.
|
|win|Mario60866iPod13
|raw|Mario60866iPod13's rating: 1392 &rarr; <strong>1417</strong><br />(+25 for winning)
|raw|Alice_Finnemore's rating: 1479 &rarr; <strong>1454</strong><br />(-25 for losing)
