|j|☆alpha678
|j|☆KingOfEscalators
|t:|1648831006
|gametype|singles
|player|p1|alpha678|unknown|1551
|player|p2|KingOfEscalators|elesa-gen5bw2|1631
|teamsize|p1|6
|teamsize|p2|6
|gen|8
|tier|[Gen 8] National Dex AG
|rated|
|rule|HP Percentage Mod: HP is shown in percentages
|rule|Endless Battle Clause: Forcing endless battles is banned
|clearpoke
|poke|p1|Zacian-*|
|poke|p1|Xerneas-*|
|poke|p1|Rayquaza|
|poke|p1|Calyrex-Shadow|
|poke|p1|Ditto|
|poke|p1|Groudon|
|poke|p2|Sableye, M|
|poke|p2|Chansey, F|
|poke|p2|Giratina|
|poke|p2|Groudon|
|poke|p2|Quagsire, M|
|poke|p2|Calyrex-Shadow|
|teampreview
|inactive|Battle timer is ON: inactive players will automatically lose when time's up. (requested by KingOfEscalators)
|
|t:|1648831031
|start
|switch|p1a: Zacian|Zacian-Crowned, shiny|100/100
|switch|p2a: Sableye|Sableye, M|100/100
|-ability|p1a: Zacian|Intrepid Sword|boost
|-boost|p1a: Zacian|atk|1
|turn|1
|
|t:|1648831042
|move|p2a: Sableye|Will-O-Wisp|p1a: Zacian
|-status|p1a: Zacian|brn
|move|p1a: Zacian|Play Rough|p2a: Sableye|[miss]
|-miss|p1a: Zacian|p2a: Sableye
|
|-damage|p1a: Zacian|94/100 brn|[from] brn
|upkeep
|turn|2
|
|t:|1648831055
|switch|p2a: Quagsire|Quagsire, M|100/100
|move|p1a: Zacian|Play Rough|p2a: Quagsire
|-damage|p2a: Quagsire|79/100
|
|-heal|p2a: Quagsire|85/100|[from] item: Leftovers
|-damage|p1a: Zacian|88/100 brn|[from] brn
|upkeep
|turn|3
|
|t:|1648831067
|switch|p1a: Rayquaza|Rayquaza|100/100
|-ability|p1a: Rayquaza|Air Lock
|move|p2a: Quagsire|Toxic|p1a: Rayquaza
|-status|p1a: Rayquaza|tox
|
|-heal|p2a: Quagsire|91/100|[from] item: Leftovers
|-damage|p1a: Rayquaza|95/100 tox|[from] psn
|upkeep
|turn|4
|
|t:|1648831079
|detailschange|p1a: Rayquaza|Rayquaza-Mega
|-mega|p1a: Rayquaza|Rayquaza|
|-weather|DeltaStream|[from] ability: Delta Stream|[of] p1a: Rayquaza
|move|p1a: Rayquaza|Dragon Ascent|p2a: Quagsire
|-damage|p2a: Quagsire|25/100
|-unboost|p1a: Rayquaza|def|1
|-unboost|p1a: Rayquaza|spd|1
|-damage|p1a: Rayquaza|85/100 tox|[from] item: Life Orb
|move|p2a: Quagsire|Recover|p2a: Quagsire
|-heal|p2a: Quagsire|75/100
|
|-weather|DeltaStream|[upkeep]
|-heal|p2a: Quagsire|81/100|[from] item: Leftovers
|-damage|p1a: Rayquaza|73/100 tox|[from] psn
|upkeep
|turn|5
|
|t:|1648831097
|-weather|none
|switch|p1a: Groudon|Groudon, shiny|100/100
|detailschange|p1a: Groudon|Groudon-Primal, shiny
|-primal|p1a: Groudon
|-weather|DesolateLand|[from] ability: Desolate Land|[of] p1a: Groudon
|move|p2a: Quagsire|Recover|p2a: Quagsire
|-heal|p2a: Quagsire|100/100
|
|-weather|DesolateLand|[upkeep]
|upkeep
|turn|6
|
|t:|1648831107
|move|p1a: Groudon|Rock Polish|p1a: Groudon
|-boost|p1a: Groudon|spe|2
|move|p2a: Quagsire|Toxic|p1a: Groudon
|-status|p1a: Groudon|tox
|
|-weather|DesolateLand|[upkeep]
|-damage|p1a: Groudon|94/100 tox|[from] psn
|upkeep
|turn|7
|
|t:|1648831118
|move|p1a: Groudon|Swords Dance|p1a: Groudon
|-boost|p1a: Groudon|atk|2
|move|p2a: Quagsire|Haze|p2a: Quagsire
|-clearallboost
|
|-weather|DesolateLand|[upkeep]
|-damage|p1a: Groudon|82/100 tox|[from] psn
|upkeep
|turn|8
|-message|alpha678 forfeited.
|
|win|KingOfEscalators
|raw|alpha678's rating: 1551 &rarr; <strong>1536</strong><br />(-15 for losing)
|raw|KingOfEscalators's rating: 1631 &rarr; <strong>1646</strong><br />(+15 for winning)
|l|☆alpha678
