|j|☆orange overhaul
|j|☆CLEAR GEM清瑜
|t:|1662811506
|gametype|singles
|player|p1|orange overhaul|plasmagruntf-gen5bw|1722
|player|p2|CLEAR GEM清瑜|skierf|1859
|teamsize|p1|6
|teamsize|p2|6
|gen|8
|tier|[Gen 8] National Dex AG
|rated|
|rule|HP Percentage Mod: HP is shown in percentages
|rule|Endless Battle Clause: Forcing endless battles is banned
|clearpoke
|poke|p1|Kartana|
|poke|p1|Arceus-*|
|poke|p1|Groudon|
|poke|p1|Zacian-*|
|poke|p1|Eternatus|
|poke|p1|Rayquaza|
|poke|p2|Rayquaza|
|poke|p2|Groudon|
|poke|p2|Necrozma-Dusk-Mane|
|poke|p2|Arceus-*|
|poke|p2|Zacian-*|
|poke|p2|Yveltal|
|teampreview
|inactive|Battle timer is ON: inactive players will automatically lose when time's up. (requested by orange overhaul)
|c|☆orange overhaul|glhf
|inactive|orange overhaul has 120 seconds left.
|
|t:|1662811537
|start
|switch|p1a: Eternatus|Eternatus|100/100
|switch|p2a: 不会(?)|Groudon|100/100
|-ability|p1a: Eternatus|Pressure
|detailschange|p2a: 不会(?)|Groudon-Primal
|-primal|p2a: 不会(?)
|-weather|DesolateLand|[from] ability: Desolate Land|[of] p2a: 不会(?)
|turn|1
|
|t:|1662811552
|move|p1a: Eternatus|Cosmic Power|p1a: Eternatus
|-boost|p1a: Eternatus|def|1
|-boost|p1a: Eternatus|spd|1
|move|p2a: 不会(?)|Stealth Rock|p1a: Eternatus
|-sidestart|p1: orange overhaul|move: Stealth Rock
|
|-weather|DesolateLand|[upkeep]
|upkeep
|turn|2
|
|t:|1662811565
|move|p1a: Eternatus|Dynamax Cannon|p2a: 不会(?)
|-damage|p2a: 不会(?)|43/100
|move|p2a: 不会(?)|Roar|p1a: Eternatus
|drag|p1a: Rayquaza|Rayquaza|100/100
|-damage|p1a: Rayquaza|76/100|[from] Stealth Rock
|-ability|p1a: Rayquaza|Air Lock
|
|-weather|DesolateLand|[upkeep]
|upkeep
|turn|3
|
|t:|1662811573
|detailschange|p1a: Rayquaza|Rayquaza-Mega
|-mega|p1a: Rayquaza|Rayquaza|
|-weather|DeltaStream|[from] ability: Delta Stream|[of] p1a: Rayquaza
|move|p1a: Rayquaza|Earthquake|p2a: 不会(?)
|-supereffective|p2a: 不会(?)
|-damage|p2a: 不会(?)|0 fnt
|faint|p2a: 不会(?)
|-damage|p1a: Rayquaza|66/100|[from] item: Life Orb
|
|-weather|DeltaStream|[upkeep]
|upkeep
|
|t:|1662811580
|switch|p2a: 嘉然小姐的狗|Zacian-Crowned|100/100
|-ability|p2a: 嘉然小姐的狗|Intrepid Sword|boost
|-boost|p2a: 嘉然小姐的狗|atk|1
|turn|4
|
|t:|1662811584
|-weather|none
|switch|p1a: Groudon|Groudon|100/100
|-damage|p1a: Groudon|94/100|[from] Stealth Rock
|detailschange|p1a: Groudon|Groudon-Primal
|-primal|p1a: Groudon
|-weather|DesolateLand|[from] ability: Desolate Land|[of] p1a: Groudon
|move|p2a: 嘉然小姐的狗|Behemoth Blade|p1a: Groudon
|-resisted|p1a: Groudon
|-damage|p1a: Groudon|68/100
|
|-weather|DesolateLand|[upkeep]
|upkeep
|turn|5
|
|t:|1662811595
|switch|p2a: 老烈|Rayquaza|100/100
|-ability|p2a: 老烈|Air Lock
|move|p1a: Groudon|Flamethrower|p2a: 老烈
|-resisted|p2a: 老烈
|-damage|p2a: 老烈|81/100
|
|-weather|DesolateLand|[upkeep]
|upkeep
|turn|6
|
|t:|1662811607
|-weather|none
|switch|p1a: Arceus|Arceus-Ground|100/100
|-damage|p1a: Arceus|94/100|[from] Stealth Rock
|detailschange|p2a: 老烈|Rayquaza-Mega
|-mega|p2a: 老烈|Rayquaza|
|-weather|DeltaStream|[from] ability: Delta Stream|[of] p2a: 老烈
|move|p2a: 老烈|Dragon Dance|p2a: 老烈
|-boost|p2a: 老烈|atk|1
|-boost|p2a: 老烈|spe|1
|
|-weather|DeltaStream|[upkeep]
|upkeep
|turn|7
|
|t:|1662811612
|move|p2a: 老烈|Dragon Ascent|p1a: Arceus
|-damage|p1a: Arceus|34/100
|-unboost|p2a: 老烈|def|1
|-unboost|p2a: 老烈|spd|1
|move|p1a: Arceus|Ice Beam|p2a: 老烈
|-activate||deltastream
|-supereffective|p2a: 老烈
|-damage|p2a: 老烈|18/100
|
|-weather|DeltaStream|[upkeep]
|upkeep
|turn|8
|
|t:|1662811619
|move|p2a: 老烈|Extreme Speed|p1a: Arceus
|-damage|p1a: Arceus|7/100
|move|p1a: Arceus|Ice Beam|p2a: 老烈
|-activate||deltastream
|-supereffective|p2a: 老烈
|-damage|p2a: 老烈|0 fnt
|faint|p2a: 老烈
|-weather|none
|
|upkeep
|
|t:|1662811630
|switch|p2a: 嘉然小姐的狗|Zacian-Crowned|100/100
|-ability|p2a: 嘉然小姐的狗|Intrepid Sword|boost
|-boost|p2a: 嘉然小姐的狗|atk|1
|turn|9
|
|t:|1662811635
|move|p2a: 嘉然小姐的狗|Behemoth Blade|p1a: Arceus
|-damage|p1a: Arceus|0 fnt
|faint|p1a: Arceus
|
|upkeep
|
|t:|1662811637
|switch|p1a: Groudon|Groudon-Primal|68/100
|-damage|p1a: Groudon|55/100|[from] Stealth Rock
|-weather|DesolateLand|[from] ability: Desolate Land|[of] p1a: Groudon
|turn|10
|
|t:|1662811641
|switch|p2a: 悬空羊驼|Arceus-Flying|100/100
|move|p1a: Groudon|Flamethrower|p2a: 悬空羊驼
|-damage|p2a: 悬空羊驼|56/100
|
|-weather|DesolateLand|[upkeep]
|upkeep
|turn|11
|
|t:|1662811647
|move|p2a: 悬空羊驼|Recover|p2a: 悬空羊驼
|-heal|p2a: 悬空羊驼|100/100
|move|p1a: Groudon|Stone Edge|p2a: 悬空羊驼|[miss]
|-miss|p1a: Groudon|p2a: 悬空羊驼
|
|-weather|DesolateLand|[upkeep]
|upkeep
|turn|12
|
|t:|1662811652
|move|p2a: 悬空羊驼|Earth Power|p1a: Groudon
|-supereffective|p1a: Groudon
|-damage|p1a: Groudon|0 fnt
|faint|p1a: Groudon
|-weather|none
|
|upkeep
|
|t:|1662811662
|switch|p1a: Eternatus|Eternatus|100/100
|-damage|p1a: Eternatus|88/100|[from] Stealth Rock
|-ability|p1a: Eternatus|Pressure
|turn|13
|
|t:|1662811666
|move|p1a: Eternatus|Cosmic Power|p1a: Eternatus
|-boost|p1a: Eternatus|def|1
|-boost|p1a: Eternatus|spd|1
|move|p2a: 悬空羊驼|Earth Power|p1a: Eternatus
|-supereffective|p1a: Eternatus
|-damage|p1a: Eternatus|51/100
|
|-heal|p1a: Eternatus|57/100|[from] item: Black Sludge
|upkeep
|turn|14
|
|t:|1662811672
|move|p1a: Eternatus|Recover|p1a: Eternatus
|-heal|p1a: Eternatus|100/100
|move|p2a: 悬空羊驼|Calm Mind|p2a: 悬空羊驼
|-boost|p2a: 悬空羊驼|spa|1
|-boost|p2a: 悬空羊驼|spd|1
|
|upkeep
|turn|15
|
|t:|1662811679
|move|p1a: Eternatus|Flamethrower|p2a: 悬空羊驼
|-damage|p2a: 悬空羊驼|83/100
|move|p2a: 悬空羊驼|Calm Mind|p2a: 悬空羊驼
|-boost|p2a: 悬空羊驼|spa|1
|-boost|p2a: 悬空羊驼|spd|1
|
|upkeep
|turn|16
|
|t:|1662811686
|move|p1a: Eternatus|Cosmic Power|p1a: Eternatus
|-boost|p1a: Eternatus|def|1
|-boost|p1a: Eternatus|spd|1
|move|p2a: 悬空羊驼|Earth Power|p1a: Eternatus
|-supereffective|p1a: Eternatus
|-damage|p1a: Eternatus|42/100
|
|-heal|p1a: Eternatus|48/100|[from] item: Black Sludge
|upkeep
|turn|17
|
|t:|1662811691
|move|p1a: Eternatus|Recover|p1a: Eternatus
|-heal|p1a: Eternatus|98/100
|move|p2a: 悬空羊驼|Earth Power|p1a: Eternatus
|-supereffective|p1a: Eternatus
|-damage|p1a: Eternatus|46/100
|
|-heal|p1a: Eternatus|52/100|[from] item: Black Sludge
|upkeep
|turn|18
|
|t:|1662811697
|move|p1a: Eternatus|Cosmic Power|p1a: Eternatus
|-boost|p1a: Eternatus|def|1
|-boost|p1a: Eternatus|spd|1
|move|p2a: 悬空羊驼|Calm Mind|p2a: 悬空羊驼
|-boost|p2a: 悬空羊驼|spa|1
|-boost|p2a: 悬空羊驼|spd|1
|
|-heal|p1a: Eternatus|58/100|[from] item: Black Sludge
|upkeep
|turn|19
|
|t:|1662811702
|move|p1a: Eternatus|Cosmic Power|p1a: Eternatus
|-boost|p1a: Eternatus|def|1
|-boost|p1a: Eternatus|spd|1
|move|p2a: 悬空羊驼|Calm Mind|p2a: 悬空羊驼
|-boost|p2a: 悬空羊驼|spa|1
|-boost|p2a: 悬空羊驼|spd|1
|
|-heal|p1a: Eternatus|65/100|[from] item: Black Sludge
|upkeep
|turn|20
|
|t:|1662811704
|move|p1a: Eternatus|Cosmic Power|p1a: Eternatus
|-boost|p1a: Eternatus|def|1
|-boost|p1a: Eternatus|spd|1
|move|p2a: 悬空羊驼|Calm Mind|p2a: 悬空羊驼
|-boost|p2a: 悬空羊驼|spa|1
|-boost|p2a: 悬空羊驼|spd|1
|
|-heal|p1a: Eternatus|71/100|[from] item: Black Sludge
|upkeep
|turn|21
|
|t:|1662811707
|move|p1a: Eternatus|Cosmic Power|p1a: Eternatus
|-boost|p1a: Eternatus|def|1
|-boost|p1a: Eternatus|spd|1
|move|p2a: 悬空羊驼|Calm Mind|p2a: 悬空羊驼
|-boost|p2a: 悬空羊驼|spa|1
|-boost|p2a: 悬空羊驼|spd|1
|
|-heal|p1a: Eternatus|77/100|[from] item: Black Sludge
|upkeep
|turn|22
|
|t:|1662811713
|-start|p2a: 悬空羊驼|Dynamax|
|-heal|p2a: 悬空羊驼|83/100|[silent]
|move|p1a: Eternatus|Flamethrower|p2a: 悬空羊驼
|-damage|p2a: 悬空羊驼|79/100
|-status|p2a: 悬空羊驼|brn
|move|p2a: 悬空羊驼|Max Airstream|p1a: Eternatus
|-damage|p1a: Eternatus|10/100
|-boost|p2a: 悬空羊驼|spe|1
|
|-heal|p1a: Eternatus|17/100|[from] item: Black Sludge
|-damage|p2a: 悬空羊驼|76/100 brn|[from] brn
|upkeep
|turn|23
|
|t:|1662811719
|move|p2a: 悬空羊驼|Max Airstream|p1a: Eternatus
|-damage|p1a: Eternatus|0 fnt
|-boost|p2a: 悬空羊驼|spe|1
|faint|p1a: Eternatus
|
|-damage|p2a: 悬空羊驼|73/100 brn|[from] brn
|upkeep
|
|t:|1662811729
|switch|p1a: Rayquaza|Rayquaza-Mega|66/100
|-damage|p1a: Rayquaza|41/100|[from] Stealth Rock
|-weather|DeltaStream|[from] ability: Delta Stream|[of] p1a: Rayquaza
|turn|24
|
|t:|1662811734
|move|p1a: Rayquaza|Extreme Speed|p2a: 悬空羊驼
|-damage|p2a: 悬空羊驼|56/100 brn
|-damage|p1a: Rayquaza|31/100|[from] item: Life Orb
|move|p2a: 悬空羊驼|Max Airstream|p1a: Rayquaza
|-damage|p1a: Rayquaza|0 fnt
|-boost|p2a: 悬空羊驼|spe|1
|faint|p1a: Rayquaza
|-weather|none
|
|-damage|p2a: 悬空羊驼|53/100 brn|[from] brn
|upkeep
|
|t:|1662811737
|switch|p1a: Kartana|Kartana|100/100
|-damage|p1a: Kartana|94/100|[from] Stealth Rock
|-end|p2a: 悬空羊驼|Dynamax
|-heal|p2a: 悬空羊驼|53/100 brn|[silent]
|turn|25
|
|t:|1662811741
|-start|p1a: Kartana|Dynamax|
|-heal|p1a: Kartana|94/100|[silent]
|move|p2a: 悬空羊驼|Judgment|p1a: Kartana
|-damage|p1a: Kartana|0 fnt
|faint|p1a: Kartana
|
|-damage|p2a: 悬空羊驼|47/100 brn|[from] brn
|upkeep
|
|t:|1662811745
|switch|p1a: Zacian|Zacian-Crowned|100/100
|-damage|p1a: Zacian|94/100|[from] Stealth Rock
|-ability|p1a: Zacian|Intrepid Sword|boost
|-boost|p1a: Zacian|atk|1
|turn|26
|
|t:|1662811755
|move|p2a: 悬空羊驼|Judgment|p1a: Zacian
|-resisted|p1a: Zacian
|-damage|p1a: Zacian|0 fnt
|faint|p1a: Zacian
|
|win|CLEAR GEM清瑜
|raw|orange overhaul's rating: 1722 &rarr; <strong>1710</strong><br />(-12 for losing)
|raw|CLEAR GEM清瑜's rating: 1859 &rarr; <strong>1871</strong><br />(+12 for winning)
|c|☆orange overhaul|gg wp
|l|☆orange overhaul
||Ladder isn't responding, score probably updated but might not have (Request timeout).
