|j|☆A Bread Sandwich
|j|☆BigDuckie
|t:|1608159091
|player|p1|A Bread Sandwich|kukui-stand|
|player|p2|BigDuckie|clair|
|teamsize|p1|6
|teamsize|p2|6
|gametype|singles
|gen|8
|tier|[Gen 8] National Dex AG
|rated|Tournament battle
|clearpoke
|poke|p1|Calyrex-Shadow|
|poke|p1|Arceus-*|
|poke|p1|Arceus-*|
|poke|p1|Necrozma-Dusk-Mane|
|poke|p1|Eternatus|
|poke|p1|Yveltal|
|poke|p2|Zacian-Crowned|
|poke|p2|Calyrex-Shadow|
|poke|p2|Necrozma-Dusk-Mane|
|poke|p2|Ditto|
|poke|p2|Tyranitar, F|
|poke|p2|Zygarde|
|rule|HP Percentage Mod: HP is shown in percentages
|rule|Endless Battle Clause: Forcing endless battles is banned
|teampreview
|inactive|Battle timer is ON: inactive players will automatically lose when time's up. (requested by BigDuckie)
|c|☆BigDuckie|oh god
|c|☆A Bread Sandwich|glhf
|c|☆BigDuckie|u probably gonna win
|
|t:|1608159109
|start
|switch|p1a: Calyrex|Calyrex-Shadow|100/100
|switch|p2a: Zygarde|Zygarde|100/100
|-ability|p1a: Calyrex|As One
|-ability|p1a: Calyrex|Unnerve|p2: BigDuckie
|turn|1
|c|☆A Bread Sandwich|you can probably win
|
|t:|1608159116
|switch|p2a: Tyranitar|Tyranitar, F|100/100
|-weather|Sandstorm|[from] ability: Sand Stream|[of] p2a: Tyranitar
|move|p1a: Calyrex|Substitute|p1a: Calyrex
|-start|p1a: Calyrex|Substitute
|-damage|p1a: Calyrex|76/100
|
|-weather|Sandstorm|[upkeep]
|-damage|p1a: Calyrex|69/100|[from] Sandstorm
|-heal|p1a: Calyrex|76/100|[from] item: Leftovers
|upkeep
|turn|2
|c|☆BigDuckie|no lmao
|
|t:|1608159122
|move|p1a: Calyrex|Leech Seed|p2a: Tyranitar
|-start|p2a: Tyranitar|move: Leech Seed
|move|p2a: Tyranitar|Pursuit|p1a: Calyrex
|-supereffective|p1a: Calyrex
|-end|p1a: Calyrex|Substitute
|
|-weather|Sandstorm|[upkeep]
|-damage|p1a: Calyrex|69/100|[from] Sandstorm
|-heal|p1a: Calyrex|76/100|[from] item: Leftovers
|-damage|p2a: Tyranitar|88/100|[from] Leech Seed|[of] p1a: Calyrex
|-heal|p1a: Calyrex|90/100|[silent]
|upkeep
|turn|3
|
|t:|1608159125
|move|p1a: Calyrex|Substitute|p1a: Calyrex
|-start|p1a: Calyrex|Substitute
|-damage|p1a: Calyrex|65/100
|move|p2a: Tyranitar|Pursuit|p1a: Calyrex
|-supereffective|p1a: Calyrex
|-end|p1a: Calyrex|Substitute
|
|-weather|Sandstorm|[upkeep]
|-damage|p1a: Calyrex|59/100|[from] Sandstorm
|-heal|p1a: Calyrex|65/100|[from] item: Leftovers
|-heal|p2a: Tyranitar|94/100|[from] item: Leftovers
|-damage|p2a: Tyranitar|82/100|[from] Leech Seed|[of] p1a: Calyrex
|-heal|p1a: Calyrex|80/100|[silent]
|upkeep
|turn|4
|j|^Mbouchon
|
|t:|1608159128
|move|p1a: Calyrex|Substitute|p1a: Calyrex
|-start|p1a: Calyrex|Substitute
|-damage|p1a: Calyrex|55/100
|move|p2a: Tyranitar|Pursuit|p1a: Calyrex
|-supereffective|p1a: Calyrex
|-end|p1a: Calyrex|Substitute
|
|-weather|Sandstorm|[upkeep]
|-damage|p1a: Calyrex|49/100|[from] Sandstorm
|-heal|p1a: Calyrex|55/100|[from] item: Leftovers
|-heal|p2a: Tyranitar|88/100|[from] item: Leftovers
|-damage|p2a: Tyranitar|76/100|[from] Leech Seed|[of] p1a: Calyrex
|-heal|p1a: Calyrex|70/100|[silent]
|upkeep
|turn|5
|
|t:|1608159135
|move|p1a: Calyrex|Substitute|p1a: Calyrex
|-start|p1a: Calyrex|Substitute
|-damage|p1a: Calyrex|45/100
|move|p2a: Tyranitar|Pursuit|p1a: Calyrex
|-supereffective|p1a: Calyrex
|-end|p1a: Calyrex|Substitute
|
|-weather|none
|-heal|p1a: Calyrex|51/100|[from] item: Leftovers
|-heal|p2a: Tyranitar|82/100|[from] item: Leftovers
|-damage|p2a: Tyranitar|70/100|[from] Leech Seed|[of] p1a: Calyrex
|-heal|p1a: Calyrex|66/100|[silent]
|upkeep
|turn|6
|
|t:|1608159137
|move|p1a: Calyrex|Substitute|p1a: Calyrex
|-start|p1a: Calyrex|Substitute
|-damage|p1a: Calyrex|41/100
|move|p2a: Tyranitar|Pursuit|p1a: Calyrex
|-supereffective|p1a: Calyrex
|-end|p1a: Calyrex|Substitute
|
|-heal|p1a: Calyrex|47/100|[from] item: Leftovers
|-heal|p2a: Tyranitar|76/100|[from] item: Leftovers
|-damage|p2a: Tyranitar|63/100|[from] Leech Seed|[of] p1a: Calyrex
|-heal|p1a: Calyrex|61/100|[silent]
|upkeep
|turn|7
|
|t:|1608159143
|move|p1a: Calyrex|Substitute|p1a: Calyrex
|-start|p1a: Calyrex|Substitute
|-damage|p1a: Calyrex|37/100
|move|p2a: Tyranitar|Pursuit|p1a: Calyrex
|-supereffective|p1a: Calyrex
|-end|p1a: Calyrex|Substitute
|
|-heal|p1a: Calyrex|43/100|[from] item: Leftovers
|-heal|p2a: Tyranitar|70/100|[from] item: Leftovers
|-damage|p2a: Tyranitar|57/100|[from] Leech Seed|[of] p1a: Calyrex
|-heal|p1a: Calyrex|57/100|[silent]
|upkeep
|turn|8
|
|t:|1608159158
|move|p1a: Calyrex|Substitute|p1a: Calyrex
|-start|p1a: Calyrex|Substitute
|-damage|p1a: Calyrex|32/100
|move|p2a: Tyranitar|Rock Tomb|p1a: Calyrex
|-end|p1a: Calyrex|Substitute
|
|-heal|p1a: Calyrex|39/100|[from] item: Leftovers
|-heal|p2a: Tyranitar|63/100|[from] item: Leftovers
|-damage|p2a: Tyranitar|51/100|[from] Leech Seed|[of] p1a: Calyrex
|-heal|p1a: Calyrex|53/100|[silent]
|upkeep
|turn|9
|
|t:|1608159182
|switch|p2a: Zygarde|Zygarde|100/100
|move|p1a: Calyrex|Substitute|p1a: Calyrex
|-start|p1a: Calyrex|Substitute
|-damage|p1a: Calyrex|28/100
|
|-heal|p1a: Calyrex|35/100|[from] item: Leftovers
|upkeep
|turn|10
|
|t:|1608159188
|move|p1a: Calyrex|Leech Seed|p2a: Zygarde
|-start|p2a: Zygarde|move: Leech Seed
|move|p2a: Zygarde|Substitute|p2a: Zygarde
|-start|p2a: Zygarde|Substitute
|-damage|p2a: Zygarde|76/100
|
|-heal|p1a: Calyrex|41/100|[from] item: Leftovers
|-heal|p2a: Zygarde|82/100|[from] item: Leftovers
|-damage|p2a: Zygarde|69/100|[from] Leech Seed|[of] p1a: Calyrex
|-heal|p1a: Calyrex|54/100|[silent]
|upkeep
|turn|11
|
|t:|1608159192
|move|p1a: Calyrex|Astral Barrage|p2a: Zygarde
|-end|p2a: Zygarde|Substitute
|move|p2a: Zygarde|Dragon Dance|p2a: Zygarde
|-boost|p2a: Zygarde|atk|1
|-boost|p2a: Zygarde|spe|1
|
|-heal|p1a: Calyrex|60/100|[from] item: Leftovers
|-heal|p2a: Zygarde|76/100|[from] item: Leftovers
|-damage|p2a: Zygarde|63/100|[from] Leech Seed|[of] p1a: Calyrex
|-heal|p1a: Calyrex|73/100|[silent]
|upkeep
|turn|12
|
|t:|1608159197
|move|p1a: Calyrex|Astral Barrage|p2a: Zygarde
|-damage|p2a: Zygarde|0 fnt
|faint|p2a: Zygarde
|-ability|p1a: Calyrex|Grim Neigh|boost
|-boost|p1a: Calyrex|spa|1
|
|-heal|p1a: Calyrex|79/100|[from] item: Leftovers
|upkeep
|
|t:|1608159203
|switch|p2a: Tyranitar|Tyranitar, F|51/100
|-weather|Sandstorm|[from] ability: Sand Stream|[of] p2a: Tyranitar
|turn|13
|
|t:|1608159209
|move|p1a: Calyrex|Leech Seed|p2a: Tyranitar|[miss]
|-miss|p1a: Calyrex|p2a: Tyranitar
|move|p2a: Tyranitar|Pursuit|p1a: Calyrex
|-supereffective|p1a: Calyrex
|-end|p1a: Calyrex|Substitute
|
|-weather|Sandstorm|[upkeep]
|-damage|p1a: Calyrex|73/100|[from] Sandstorm
|-heal|p1a: Calyrex|79/100|[from] item: Leftovers
|-heal|p2a: Tyranitar|57/100|[from] item: Leftovers
|upkeep
|turn|14
|
|t:|1608159214
|move|p1a: Calyrex|Substitute|p1a: Calyrex
|-start|p1a: Calyrex|Substitute
|-damage|p1a: Calyrex|54/100
|move|p2a: Tyranitar|Pursuit|p1a: Calyrex
|-supereffective|p1a: Calyrex
|-end|p1a: Calyrex|Substitute
|
|-weather|Sandstorm|[upkeep]
|-damage|p1a: Calyrex|48/100|[from] Sandstorm
|-heal|p1a: Calyrex|54/100|[from] item: Leftovers
|-heal|p2a: Tyranitar|63/100|[from] item: Leftovers
|upkeep
|turn|15
|
|t:|1608159217
|move|p1a: Calyrex|Astral Barrage|p2a: Tyranitar
|-resisted|p2a: Tyranitar
|-damage|p2a: Tyranitar|42/100
|move|p2a: Tyranitar|Pursuit|p1a: Calyrex
|-supereffective|p1a: Calyrex
|-damage|p1a: Calyrex|0 fnt
|faint|p1a: Calyrex
|
|-weather|Sandstorm|[upkeep]
|-heal|p2a: Tyranitar|49/100|[from] item: Leftovers
|upkeep
|
|t:|1608159222
|switch|p1a: Arceus|Arceus-Dark|100/100
|turn|16
|
|t:|1608159224
|move|p1a: Arceus|Calm Mind|p1a: Arceus
|-boost|p1a: Arceus|spa|1
|-boost|p1a: Arceus|spd|1
|move|p2a: Tyranitar|Thunder Wave|p1a: Arceus
|-status|p1a: Arceus|par
|
|-weather|Sandstorm|[upkeep]
|-damage|p1a: Arceus|94/100 par|[from] Sandstorm
|-heal|p2a: Tyranitar|55/100|[from] item: Leftovers
|upkeep
|turn|17
|
|t:|1608159227
|switch|p2a: Zacian|Zacian-Crowned|100/100
|-ability|p2a: Zacian|Intrepid Sword|boost
|-boost|p2a: Zacian|atk|1
|cant|p1a: Arceus|par
|
|-weather|none
|upkeep
|turn|18
|
|t:|1608159232
|switch|p1a: Necrozma|Necrozma-Dusk-Mane|100/100
|move|p2a: Zacian|Close Combat|p1a: Necrozma
|-damage|p1a: Necrozma|62/100
|-unboost|p2a: Zacian|def|1
|-unboost|p2a: Zacian|spd|1
|
|-heal|p1a: Necrozma|68/100|[from] item: Leftovers
|upkeep
|turn|19
|
|t:|1608159236
|switch|p2a: Necrozma|Necrozma-Dusk-Mane|100/100
|move|p1a: Necrozma|Sunsteel Strike|p2a: Necrozma
|-resisted|p2a: Necrozma
|-damage|p2a: Necrozma|88/100
|-damage|p1a: Necrozma|51/100|[from] item: Rocky Helmet|[of] p2a: Necrozma
|
|-heal|p1a: Necrozma|57/100|[from] item: Leftovers
|upkeep
|turn|20
|
|t:|1608159241
|move|p1a: Necrozma|Morning Sun|p1a: Necrozma
|-heal|p1a: Necrozma|100/100
|move|p2a: Necrozma|Sunsteel Strike|p1a: Necrozma
|-resisted|p1a: Necrozma
|-damage|p1a: Necrozma|86/100
|
|-heal|p1a: Necrozma|92/100|[from] item: Leftovers
|upkeep
|turn|21
|
|t:|1608159244
|switch|p1a: Arceus|Arceus-Dark|94/100 par
|move|p2a: Necrozma|Knock Off|p1a: Arceus
|-resisted|p1a: Arceus
|-damage|p1a: Arceus|87/100 par
|
|upkeep
|turn|22
|
|t:|1608159249
|switch|p2a: Zacian|Zacian-Crowned|100/100
|-ability|p2a: Zacian|Intrepid Sword|boost
|-boost|p2a: Zacian|atk|1
|move|p1a: Arceus|Refresh|p1a: Arceus
|-curestatus|p1a: Arceus|par|[msg]
|
|upkeep
|turn|23
|
|t:|1608159255
|switch|p2a: Calyrex|Calyrex-Shadow|100/100
|-ability|p2a: Calyrex|As One
|-ability|p2a: Calyrex|Unnerve|p1: A Bread Sandwich
|switch|p1a: Necrozma|Necrozma-Dusk-Mane|92/100
|
|-heal|p1a: Necrozma|98/100|[from] item: Leftovers
|upkeep
|turn|24
|
|t:|1608159263
|switch|p1a: Yveltal|Yveltal|100/100
|-ability|p1a: Yveltal|Dark Aura
|move|p2a: Calyrex|Nasty Plot|p2a: Calyrex
|-boost|p2a: Calyrex|spa|2
|
|upkeep
|turn|25
|
|t:|1608159281
|switch|p2a: Tyranitar|Tyranitar, F|55/100
|-weather|Sandstorm|[from] ability: Sand Stream|[of] p2a: Tyranitar
|move|p1a: Yveltal|Foul Play|p2a: Tyranitar
|-resisted|p2a: Tyranitar
|-damage|p2a: Tyranitar|31/100
|
|-weather|Sandstorm|[upkeep]
|-damage|p1a: Yveltal|94/100|[from] Sandstorm
|-heal|p2a: Tyranitar|37/100|[from] item: Leftovers
|upkeep
|turn|26
|
|t:|1608159292
|move|p1a: Yveltal|U-turn|p2a: Tyranitar
|-supereffective|p2a: Tyranitar
|-damage|p2a: Tyranitar|3/100
|
|t:|1608159297
|-activate|p1a: Yveltal|move: Pursuit
|move|p2a: Tyranitar|Pursuit|p1a: Yveltal|[from]Pursuit
|-resisted|p1a: Yveltal
|-damage|p1a: Yveltal|77/100
|switch|p1a: Arceus|Arceus-Dark|87/100|[from]move: U-turn
|
|-weather|Sandstorm|[upkeep]
|-damage|p1a: Arceus|81/100|[from] Sandstorm
|-heal|p2a: Tyranitar|9/100|[from] item: Leftovers
|upkeep
|turn|27
|
|t:|1608159304
|move|p1a: Arceus|Judgment|p2a: Tyranitar
|-resisted|p2a: Tyranitar
|-damage|p2a: Tyranitar|0 fnt
|faint|p2a: Tyranitar
|
|-weather|Sandstorm|[upkeep]
|-damage|p1a: Arceus|75/100|[from] Sandstorm
|upkeep
|
|t:|1608159309
|switch|p2a: Zacian|Zacian-Crowned|100/100
|-ability|p2a: Zacian|Intrepid Sword|boost
|-boost|p2a: Zacian|atk|1
|turn|28
|
|t:|1608159313
|switch|p1a: Necrozma|Necrozma-Dusk-Mane|98/100
|move|p2a: Zacian|Close Combat|p1a: Necrozma
|-damage|p1a: Necrozma|56/100
|-unboost|p2a: Zacian|def|1
|-unboost|p2a: Zacian|spd|1
|
|-weather|Sandstorm|[upkeep]
|-heal|p1a: Necrozma|62/100|[from] item: Leftovers
|upkeep
|turn|29
|
|t:|1608159319
|move|p2a: Zacian|Close Combat|p1a: Necrozma
|-damage|p1a: Necrozma|21/100
|-unboost|p2a: Zacian|def|1
|-unboost|p2a: Zacian|spd|1
|move|p1a: Necrozma|Morning Sun|p1a: Necrozma
|-heal|p1a: Necrozma|46/100
|
|-weather|none
|-heal|p1a: Necrozma|52/100|[from] item: Leftovers
|upkeep
|turn|30
|j| darkmonita567
|
|t:|1608159323
|move|p2a: Zacian|Close Combat|p1a: Necrozma
|-damage|p1a: Necrozma|13/100
|-unboost|p2a: Zacian|def|1
|-unboost|p2a: Zacian|spd|1
|move|p1a: Necrozma|Morning Sun|p1a: Necrozma
|-heal|p1a: Necrozma|63/100
|
|-heal|p1a: Necrozma|69/100|[from] item: Leftovers
|upkeep
|turn|31
|
|t:|1608159328
|move|p2a: Zacian|Close Combat|p1a: Necrozma
|-damage|p1a: Necrozma|31/100
|-unboost|p2a: Zacian|def|1
|-unboost|p2a: Zacian|spd|1
|move|p1a: Necrozma|Sunsteel Strike|p2a: Zacian
|-damage|p2a: Zacian|0 fnt
|faint|p2a: Zacian
|
|-heal|p1a: Necrozma|37/100|[from] item: Leftovers
|upkeep
|
|t:|1608159335
|switch|p2a: Calyrex|Calyrex-Shadow|100/100
|-ability|p2a: Calyrex|As One
|-ability|p2a: Calyrex|Unnerve|p1: A Bread Sandwich
|turn|32
|l| darkmonita567
|
|t:|1608159340
|move|p2a: Calyrex|Nasty Plot|p2a: Calyrex
|-boost|p2a: Calyrex|spa|2
|move|p1a: Necrozma|Thunder Wave|p2a: Calyrex
|-status|p2a: Calyrex|par
|
|-heal|p1a: Necrozma|43/100|[from] item: Leftovers
|upkeep
|turn|33
|
|t:|1608159344
|-start|p2a: Calyrex|Dynamax
|-heal|p2a: Calyrex|100/100 par|[silent]
|move|p2a: Calyrex|Max Phantasm|p1a: Necrozma
|-supereffective|p1a: Necrozma
|-damage|p1a: Necrozma|0 fnt
|faint|p1a: Necrozma
|-ability|p2a: Calyrex|Grim Neigh|boost
|-boost|p2a: Calyrex|spa|1
|
|upkeep
|
|t:|1608159348
|switch|p1a: Yveltal|Yveltal|77/100
|-ability|p1a: Yveltal|Dark Aura
|turn|34
|
|t:|1608159350
|move|p1a: Yveltal|Foul Play|p2a: Calyrex
|-supereffective|p2a: Calyrex
|-damage|p2a: Calyrex|33/100 par
|cant|p2a: Calyrex|par
|
|upkeep
|turn|35
|
|t:|1608159354
|move|p1a: Yveltal|Foul Play|p2a: Calyrex
|-supereffective|p2a: Calyrex
|-damage|p2a: Calyrex|0 fnt
|faint|p2a: Calyrex
|
|upkeep
|
|t:|1608159356
|switch|p2a: Necrozma|Necrozma-Dusk-Mane|88/100
|turn|36
|
|t:|1608159360
|move|p1a: Yveltal|Foul Play|p2a: Necrozma
|-supereffective|p2a: Necrozma
|-damage|p2a: Necrozma|40/100
|-damage|p1a: Yveltal|60/100|[from] item: Rocky Helmet|[of] p2a: Necrozma
|move|p2a: Necrozma|Sunsteel Strike|p1a: Yveltal
|-damage|p1a: Yveltal|21/100
|
|upkeep
|turn|37
|
|t:|1608159366
|switch|p2a: Ditto|Ditto|100/100
|-transform|p2a: Ditto|p1a: Yveltal|[from] ability: Imposter
|-ability|p2a: Ditto|Dark Aura
|move|p1a: Yveltal|Foul Play|p2a: Ditto
|-resisted|p2a: Ditto
|-damage|p2a: Ditto|68/100
|
|upkeep
|turn|38
|
|t:|1608159370
|move|p2a: Ditto|U-turn|p1a: Yveltal
|-damage|p1a: Yveltal|4/100
|
|t:|1608159372
|switch|p2a: Necrozma|Necrozma-Dusk-Mane|40/100|[from]move: U-turn
|move|p1a: Yveltal|Roost|p1a: Yveltal
|-heal|p1a: Yveltal|54/100
|-singleturn|p1a: Yveltal|move: Roost
|
|upkeep
|turn|39
|
|t:|1608159376
|switch|p2a: Ditto|Ditto|68/100
|-transform|p2a: Ditto|p1a: Yveltal|[from] ability: Imposter
|-ability|p2a: Ditto|Dark Aura
|move|p1a: Yveltal|Foul Play|p2a: Ditto
|-resisted|p2a: Ditto
|-damage|p2a: Ditto|38/100
|
|upkeep
|turn|40
|
|t:|1608159385
|move|p2a: Ditto|U-turn|p1a: Yveltal
|-damage|p1a: Yveltal|37/100
|
|t:|1608159387
|switch|p2a: Necrozma|Necrozma-Dusk-Mane|40/100|[from]move: U-turn
|move|p1a: Yveltal|Roost|p1a: Yveltal
|-heal|p1a: Yveltal|87/100
|-singleturn|p1a: Yveltal|move: Roost
|
|upkeep
|turn|41
|
|t:|1608159390
|move|p1a: Yveltal|Foul Play|p2a: Necrozma
|-supereffective|p2a: Necrozma
|-damage|p2a: Necrozma|0 fnt
|-damage|p1a: Yveltal|70/100|[from] item: Rocky Helmet|[of] p2a: Necrozma
|faint|p2a: Necrozma
|
|upkeep
|
|t:|1608159392
|switch|p2a: Ditto|Ditto|38/100
|-transform|p2a: Ditto|p1a: Yveltal|[from] ability: Imposter
|-ability|p2a: Ditto|Dark Aura
|turn|42
|-message|BigDuckie forfeited.
|
|win|A Bread Sandwich
|n|☆A Bread Sandwich|abreadsandwich
|n|☆BigDuckie|bigduckie
|n| Mbouchon|mbouchon
