|j|☆Andy611
|j|☆bhow
|t:|1657079806
|gametype|singles
|player|p1|Andy611|2|1203
|player|p2|bhow|n|1230
|teamsize|p1|6
|teamsize|p2|6
|gen|8
|tier|[Gen 8] National Dex AG
|rated|
|rule|HP Percentage Mod: HP is shown in percentages
|rule|Endless Battle Clause: Forcing endless battles is banned
|clearpoke
|poke|p1|Kangaskhan, F|
|poke|p1|Urshifu-*, M|
|poke|p1|Zamazenta-*|
|poke|p1|Calyrex-Shadow|
|poke|p1|Lugia|
|poke|p1|Kyogre|
|poke|p2|Cubone, M|
|poke|p2|Grovyle, M|
|poke|p2|Arcanine, M|
|poke|p2|Gyarados, F|
|poke|p2|Naganadel|
|poke|p2|Zeraora|
|teampreview
|inactive|Battle timer is ON: inactive players will automatically lose when time's up. (requested by Andy611)
|c|☆bhow|tryhard i see
|
|t:|1657079832
|start
|switch|p1a: Zamazenta|Zamazenta-Crowned|100/100
|switch|p2a: Zeraora|Zeraora|100/100
|-ability|p1a: Zamazenta|Dauntless Shield|boost
|-boost|p1a: Zamazenta|def|1
|turn|1
|
|t:|1657079841
|move|p2a: Zeraora|Fake Out|p1a: Zamazenta
|-resisted|p1a: Zamazenta
|-damage|p1a: Zamazenta|97/100
|cant|p1a: Zamazenta|flinch
|
|upkeep
|turn|2
|
|t:|1657079847
|move|p1a: Zamazenta|Close Combat|p2a: Zeraora
|-damage|p2a: Zeraora|29/100
|-unboost|p1a: Zamazenta|def|1
|-unboost|p1a: Zamazenta|spd|1
|move|p2a: Zeraora|Volt Switch|p1a: Zamazenta
|-damage|p1a: Zamazenta|74/100
|
|t:|1657079854
|switch|p2a: Arcanine|Arcanine, M|100/100|[from]move: Volt Switch
|-ability|p2a: Arcanine|Intimidate|boost
|-unboost|p1a: Zamazenta|atk|1
|
|upkeep
|turn|3
|
|t:|1657079861
|switch|p1a: Lugia|Lugia|100/100
|move|p2a: Arcanine|Flame Charge|p1a: Lugia
|-damage|p1a: Lugia|92/100
|-boost|p2a: Arcanine|spe|1
|
|upkeep
|turn|4
|
|t:|1657079869
|switch|p2a: Cubone|Cubone, M|100/100
|move|p1a: Lugia|Toxic|p2a: Cubone
|-status|p2a: Cubone|tox
|
|-damage|p2a: Cubone|94/100 tox|[from] psn
|upkeep
|turn|5
|
|t:|1657079878
|move|p1a: Lugia|Whirlpool|p2a: Cubone
|-supereffective|p2a: Cubone
|-damage|p2a: Cubone|75/100 tox
|-activate|p2a: Cubone|move: Whirlpool|[of] p1a: Lugia
|move|p2a: Cubone|Stealth Rock|p1a: Lugia
|-sidestart|p1: Andy611|move: Stealth Rock
|
|-damage|p2a: Cubone|62/100 tox|[from] psn
|-damage|p2a: Cubone|50/100 tox|[from] move: Whirlpool|[partiallytrapped]
|upkeep
|turn|6
|
|t:|1657079888
|move|p1a: Lugia|Defog|p2a: Cubone
|-unboost|p2a: Cubone|evasion|1
|-sideend|p1: Andy611|Stealth Rock|[from] move: Defog|[of] p1a: Lugia
|move|p2a: Cubone|Knock Off|p1a: Lugia
|-supereffective|p1a: Lugia
|-damage|p1a: Lugia|61/100
|-enditem|p1a: Lugia|Heavy-Duty Boots|[from] move: Knock Off|[of] p2a: Cubone
|
|-damage|p2a: Cubone|31/100 tox|[from] psn
|-damage|p2a: Cubone|18/100 tox|[from] move: Whirlpool|[partiallytrapped]
|upkeep
|turn|7
|
|t:|1657079900
|move|p1a: Lugia|Roost|p1a: Lugia
|-heal|p1a: Lugia|100/100
|-singleturn|p1a: Lugia|move: Roost
|move|p2a: Cubone|Stealth Rock|p1a: Lugia
|-sidestart|p1: Andy611|move: Stealth Rock
|
|-damage|p2a: Cubone|0 fnt|[from] psn
|faint|p2a: Cubone
|upkeep
|
|t:|1657079907
|switch|p2a: Grovyle|Grovyle, M|100/100
|turn|8
|
|t:|1657079917
|move|p1a: Lugia|Defog|p2a: Grovyle
|-unboost|p2a: Grovyle|evasion|1
|-sideend|p1: Andy611|Stealth Rock|[from] move: Defog|[of] p1a: Lugia
|move|p2a: Grovyle|Toxic|p1a: Lugia
|-status|p1a: Lugia|tox
|
|-damage|p1a: Lugia|94/100 tox|[from] psn
|upkeep
|turn|9
|
|t:|1657079935
|move|p2a: Grovyle|Protect|p2a: Grovyle
|-singleturn|p2a: Grovyle|Protect
|move|p1a: Lugia|Toxic|p2a: Grovyle
|-activate|p2a: Grovyle|move: Protect
|
|-damage|p1a: Lugia|82/100 tox|[from] psn
|upkeep
|turn|10
|
|t:|1657079943
|move|p1a: Lugia|Toxic|p2a: Grovyle
|-status|p2a: Grovyle|tox
|move|p2a: Grovyle|Leech Seed|p1a: Lugia
|-start|p1a: Lugia|move: Leech Seed
|
|-damage|p1a: Lugia|69/100 tox|[from] Leech Seed|[of] p2a: Grovyle
|-damage|p1a: Lugia|50/100 tox|[from] psn
|-damage|p2a: Grovyle|94/100 tox|[from] psn
|upkeep
|turn|11
|
|t:|1657079952
|switch|p1a: Kangaskhan|Kangaskhan, F|100/100
|move|p2a: Grovyle|Protect||[still]
|-fail|p2a: Grovyle
|
|-damage|p2a: Grovyle|82/100 tox|[from] psn
|upkeep
|turn|12
|
|t:|1657079961
|detailschange|p1a: Kangaskhan|Kangaskhan-Mega, F
|-mega|p1a: Kangaskhan|Kangaskhan|Kangaskhanite
|move|p1a: Kangaskhan|Fake Out|p2a: Grovyle
|-damage|p2a: Grovyle|63/100 tox
|-damage|p2a: Grovyle|58/100 tox
|-hitcount|p2a: Grovyle|2
|cant|p2a: Grovyle|flinch
|
|-damage|p2a: Grovyle|40/100 tox|[from] psn
|upkeep
|turn|13
|
|t:|1657079976
|move|p1a: Kangaskhan|Fake Out||[still]
|-hint|Fake Out only works on your first turn out.
|-fail|p1a: Kangaskhan
|move|p2a: Grovyle|Toxic|p1a: Kangaskhan
|-status|p1a: Kangaskhan|tox
|
|-damage|p1a: Kangaskhan|95/100 tox|[from] psn
|-damage|p2a: Grovyle|15/100 tox|[from] psn
|upkeep
|turn|14
|
|t:|1657079985
|move|p2a: Grovyle|Protect|p2a: Grovyle
|-singleturn|p2a: Grovyle|Protect
|move|p1a: Kangaskhan|Seismic Toss|p2a: Grovyle
|-activate|p2a: Grovyle|move: Protect
|
|-damage|p1a: Kangaskhan|83/100 tox|[from] psn
|-damage|p2a: Grovyle|0 fnt|[from] psn
|faint|p2a: Grovyle
|upkeep
|
|t:|1657079994
|switch|p2a: Zeraora|Zeraora|29/100
|turn|15
|
|t:|1657080000
|move|p2a: Zeraora|Fake Out|p1a: Kangaskhan
|-damage|p1a: Kangaskhan|69/100 tox
|cant|p1a: Kangaskhan|flinch
|
|-damage|p1a: Kangaskhan|51/100 tox|[from] psn
|upkeep
|turn|16
|
|t:|1657080020
|move|p1a: Kangaskhan|Sucker Punch|p2a: Zeraora
|-damage|p2a: Zeraora|0 fnt
|faint|p2a: Zeraora
|-hitcount|p2: Zeraora|1
|
|-damage|p1a: Kangaskhan|27/100 tox|[from] psn
|upkeep
|
|t:|1657080028
|switch|p2a: Naganadel|Naganadel|100/100
|turn|17
|
|t:|1657080033
|switch|p1a: Zamazenta|Zamazenta-Crowned|74/100
|-ability|p1a: Zamazenta|Dauntless Shield|boost
|-boost|p1a: Zamazenta|def|1
|-start|p2a: Naganadel|Dynamax|
|-heal|p2a: Naganadel|100/100|[silent]
|move|p2a: Naganadel|Max Ooze|p1a: Zamazenta
|-immune|p1a: Zamazenta
|
|upkeep
|turn|18
|
|t:|1657080044
|move|p1a: Zamazenta|Psychic Fangs|p2a: Naganadel
|-supereffective|p2a: Naganadel
|-damage|p2a: Naganadel|54/100
|move|p2a: Naganadel|Max Flare|p1a: Zamazenta
|-supereffective|p1a: Zamazenta
|-damage|p1a: Zamazenta|5/100
|-weather|SunnyDay
|
|-weather|SunnyDay|[upkeep]
|upkeep
|turn|19
|
|t:|1657080062
|move|p1a: Zamazenta|Wild Charge|p2a: Naganadel
|-resisted|p2a: Naganadel
|-damage|p2a: Naganadel|40/100
|-damage|p1a: Zamazenta|0 fnt|[from] Recoil
|faint|p1a: Zamazenta
|move|p2a: Naganadel|Max Flare|p1: Zamazenta|[notarget]
|-fail|p2a: Naganadel
|
|-weather|SunnyDay|[upkeep]
|upkeep
|
|t:|1657080076
|switch|p1a: Kyogre|Kyogre|100/100
|detailschange|p1a: Kyogre|Kyogre-Primal
|-primal|p1a: Kyogre
|-weather|PrimordialSea|[from] ability: Primordial Sea|[of] p1a: Kyogre
|-end|p2a: Naganadel|Dynamax
|-heal|p2a: Naganadel|40/100|[silent]
|turn|20
|
|t:|1657080087
|move|p2a: Naganadel|Thunderbolt|p1a: Kyogre
|-supereffective|p1a: Kyogre
|-crit|p1a: Kyogre
|-damage|p1a: Kyogre|8/100
|move|p1a: Kyogre|Ice Beam|p2a: Naganadel
|-supereffective|p2a: Naganadel
|-damage|p2a: Naganadel|0 fnt
|faint|p2a: Naganadel
|
|-weather|PrimordialSea|[upkeep]
|upkeep
|
|t:|1657080096
|switch|p2a: Arcanine|Arcanine, M|100/100
|-ability|p2a: Arcanine|Intimidate|boost
|-unboost|p1a: Kyogre|atk|1
|turn|21
|
|t:|1657080110
|move|p2a: Arcanine|Extreme Speed|p1a: Kyogre
|-damage|p1a: Kyogre|0 fnt
|faint|p1a: Kyogre
|-weather|none
|
|upkeep
|
|t:|1657080124
|switch|p1a: Kangaskhan|Kangaskhan-Mega, F|27/100 tox
|turn|22
|
|t:|1657080128
|move|p1a: Kangaskhan|Fake Out|p2a: Arcanine
|-damage|p2a: Arcanine|72/100
|-damage|p2a: Arcanine|67/100
|-hitcount|p2a: Arcanine|2
|cant|p2a: Arcanine|flinch
|
|-damage|p1a: Kangaskhan|21/100 tox|[from] psn
|upkeep
|turn|23
|
|t:|1657080141
|switch|p1a: Lugia|Lugia|50/100 tox
|switch|p2a: Gyarados|Gyarados, F, shiny|100/100
|-ability|p2a: Gyarados|Intimidate|boost
|-unboost|p1a: Lugia|atk|1
|
|-damage|p1a: Lugia|44/100 tox|[from] psn
|upkeep
|turn|24
|
|t:|1657080170
|switch|p2a: Arcanine|Arcanine, M|67/100
|-ability|p2a: Arcanine|Intimidate|boost
|-unboost|p1a: Lugia|atk|1
|move|p1a: Lugia|Toxic|p2a: Arcanine
|-status|p2a: Arcanine|tox
|
|-damage|p2a: Arcanine|60/100 tox|[from] psn
|-damage|p1a: Lugia|32/100 tox|[from] psn
|upkeep
|turn|25
|
|t:|1657080180
|move|p2a: Arcanine|Flame Charge|p1a: Lugia
|-damage|p1a: Lugia|16/100 tox
|-boost|p2a: Arcanine|spe|1
|move|p1a: Lugia|Roost|p1a: Lugia
|-heal|p1a: Lugia|66/100 tox
|-singleturn|p1a: Lugia|move: Roost
|
|-damage|p2a: Arcanine|48/100 tox|[from] psn
|-damage|p1a: Lugia|47/100 tox|[from] psn
|upkeep
|turn|26
|
|t:|1657080192
|move|p2a: Arcanine|Flame Charge|p1a: Lugia
|-damage|p1a: Lugia|30/100 tox
|-boost|p2a: Arcanine|spe|1
|move|p1a: Lugia|Roost|p1a: Lugia
|-heal|p1a: Lugia|80/100 tox
|-singleturn|p1a: Lugia|move: Roost
|
|-damage|p2a: Arcanine|29/100 tox|[from] psn
|-damage|p1a: Lugia|55/100 tox|[from] psn
|upkeep
|turn|27
|
|t:|1657080212
|move|p2a: Arcanine|Flame Charge|p1a: Lugia
|-damage|p1a: Lugia|38/100 tox
|-boost|p2a: Arcanine|spe|1
|move|p1a: Lugia|Whirlpool|p2a: Arcanine|[miss]
|-miss|p1a: Lugia|p2a: Arcanine
|
|-damage|p2a: Arcanine|5/100 tox|[from] psn
|-damage|p1a: Lugia|7/100 tox|[from] psn
|upkeep
|turn|28
|
|t:|1657080223
|move|p2a: Arcanine|Extreme Speed|p1a: Lugia
|-damage|p1a: Lugia|0 fnt
|faint|p1a: Lugia
|
|-damage|p2a: Arcanine|0 fnt|[from] psn
|faint|p2a: Arcanine
|upkeep
|inactive|Andy611 has 120 seconds left.
|
|t:|1657080242
|switch|p2a: Gyarados|Gyarados, F, shiny|100/100
|switch|p1a: Kangaskhan|Kangaskhan-Mega, F|21/100 tox
|-ability|p2a: Gyarados|Intimidate|boost
|-unboost|p1a: Kangaskhan|atk|1
|turn|29
|
|t:|1657080249
|move|p1a: Kangaskhan|Fake Out|p2a: Gyarados
|-damage|p2a: Gyarados|87/100
|-damage|p2a: Gyarados|83/100
|-hitcount|p2a: Gyarados|2
|cant|p2a: Gyarados|flinch
|
|-damage|p1a: Kangaskhan|15/100 tox|[from] psn
|upkeep
|turn|30
|
|t:|1657080258
|switch|p1a: Urshifu|Urshifu, M|100/100
|move|p2a: Gyarados|Dragon Dance|p2a: Gyarados
|-boost|p2a: Gyarados|atk|1
|-boost|p2a: Gyarados|spe|1
|
|upkeep
|turn|31
|inactive|Andy611 has 120 seconds left.
|
|t:|1657080287
|detailschange|p2a: Gyarados|Gyarados-Mega, F, shiny
|-mega|p2a: Gyarados|Gyarados|Gyaradosite
|-ability|p2a: Gyarados|Mold Breaker
|move|p2a: Gyarados|Waterfall|p1a: Urshifu
|-damage|p1a: Urshifu|43/100
|cant|p1a: Urshifu|flinch
|
|upkeep
|turn|32
|inactive|Andy611 has 120 seconds left.
|
|t:|1657080296
|move|p1a: Urshifu|Sucker Punch|p2a: Gyarados
|-resisted|p2a: Gyarados
|-damage|p2a: Gyarados|64/100
|-damage|p1a: Urshifu|33/100|[from] item: Life Orb
|move|p2a: Gyarados|Waterfall|p1a: Urshifu
|-damage|p1a: Urshifu|0 fnt
|faint|p1a: Urshifu
|
|upkeep
|inactive|Andy611 has 120 seconds left.
|
|t:|1657080305
|switch|p1a: Kangaskhan|Kangaskhan-Mega, F|15/100 tox
|turn|33
|
|t:|1657080309
|move|p1a: Kangaskhan|Fake Out|p2a: Gyarados
|-damage|p2a: Gyarados|48/100
|-damage|p2a: Gyarados|44/100
|-hitcount|p2a: Gyarados|2
|cant|p2a: Gyarados|flinch
|
|-damage|p1a: Kangaskhan|9/100 tox|[from] psn
|upkeep
|turn|34
|
|t:|1657080318
|move|p1a: Kangaskhan|Sucker Punch||[still]
|-fail|p1a: Kangaskhan
|move|p2a: Gyarados|Dragon Dance|p2a: Gyarados
|-boost|p2a: Gyarados|atk|1
|-boost|p2a: Gyarados|spe|1
|
|-damage|p1a: Kangaskhan|0 fnt|[from] psn
|faint|p1a: Kangaskhan
|upkeep
|
|t:|1657080326
|switch|p1a: Calyrex|Calyrex-Shadow|100/100
|-ability|p1a: Calyrex|As One
|-ability|p1a: Calyrex|Unnerve
|turn|35
|
|t:|1657080333
|move|p2a: Gyarados|Crunch|p1a: Calyrex
|-supereffective|p1a: Calyrex
|-enditem|p1a: Calyrex|Focus Sash
|-damage|p1a: Calyrex|1/100
|move|p1a: Calyrex|Giga Drain|p2a: Gyarados
|-supereffective|p2a: Gyarados
|-damage|p2a: Gyarados|3/100
|-heal|p1a: Calyrex|24/100|[from] drain|[of] p2a: Gyarados
|
|upkeep
|turn|36
|
|t:|1657080345
|-start|p1a: Calyrex|Dynamax|
|-heal|p1a: Calyrex|24/100|[silent]
|move|p2a: Gyarados|Crunch|p1a: Calyrex
|-supereffective|p1a: Calyrex
|-crit|p1a: Calyrex
|-damage|p1a: Calyrex|0 fnt
|faint|p1a: Calyrex
|
|win|bhow
|raw|Andy611's rating: 1203 &rarr; <strong>1180</strong><br />(-23 for losing)
|raw|bhow's rating: 1230 &rarr; <strong>1253</strong><br />(+23 for winning)
|c|☆bhow|gg
||Ladder isn't responding, score probably updated but might not have (Request timeout).
