|j|☆seidou45
|j|☆AG Champion Red
|t:|1659248504
|gametype|singles
|player|p1|seidou45|lucas|1764
|player|p2|AG Champion Red|red|1711
|teamsize|p1|6
|teamsize|p2|6
|gen|8
|tier|[Gen 8] National Dex AG
|rated|
|rule|HP Percentage Mod: HP is shown in percentages
|rule|Endless Battle Clause: Forcing endless battles is banned
|clearpoke
|poke|p1|Tyranitar, M|
|poke|p1|Ho-Oh|
|poke|p1|Arceus-*|
|poke|p1|Gothitelle, M|
|poke|p1|Necrozma-Dusk-Mane|
|poke|p1|Eternatus|
|poke|p2|Rayquaza|
|poke|p2|Ditto|
|poke|p2|Zacian-*|
|poke|p2|Toxapex, M|
|poke|p2|Calyrex-Shadow|
|poke|p2|Ho-Oh|
|teampreview
|inactive|Battle timer is ON: inactive players will automatically lose when time's up. (requested by AG Champion Red)
|
|t:|1659248508
|start
|switch|p1a: Eternatus|Eternatus|100/100
|switch|p2a: Calyrex|Calyrex-Shadow|100/100
|-ability|p2a: Calyrex|As One
|-ability|p2a: Calyrex|Unnerve
|-ability|p1a: Eternatus|Pressure
|turn|1
|
|t:|1659248512
|switch|p1a: Tyranitar|Tyranitar, M, shiny|100/100
|-weather|Sandstorm|[from] ability: Sand Stream|[of] p1a: Tyranitar
|move|p2a: Calyrex|Nasty Plot|p2a: Calyrex
|-boost|p2a: Calyrex|spa|2
|
|-weather|Sandstorm|[upkeep]
|-damage|p2a: Calyrex|94/100|[from] Sandstorm
|upkeep
|turn|2
|
|t:|1659248520
|detailschange|p1a: Tyranitar|Tyranitar-Mega, M, shiny
|-mega|p1a: Tyranitar|Tyranitar|Tyranitarite
|-start|p2a: Calyrex|Dynamax|
|-heal|p2a: Calyrex|94/100|[silent]
|move|p2a: Calyrex|Max Starfall|p1a: Tyranitar
|-supereffective|p1a: Tyranitar
|-damage|p1a: Tyranitar|37/100
|-fieldstart|move: Misty Terrain
|move|p1a: Tyranitar|Snarl|p2a: Calyrex
|-supereffective|p2a: Calyrex
|-damage|p2a: Calyrex|56/100
|-unboost|p2a: Calyrex|spa|1
|
|-weather|Sandstorm|[upkeep]
|-damage|p2a: Calyrex|53/100|[from] Sandstorm
|upkeep
|turn|3
|
|t:|1659248530
|switch|p1a: Ho-Oh|Ho-Oh, shiny|100/100
|move|p2a: Calyrex|Max Starfall|p1a: Ho-Oh
|-resisted|p1a: Ho-Oh
|-damage|p1a: Ho-Oh|86/100
|
|-weather|Sandstorm|[upkeep]
|-damage|p2a: Calyrex|49/100|[from] Sandstorm
|-damage|p1a: Ho-Oh|80/100|[from] Sandstorm
|upkeep
|turn|4
|
|t:|1659248536
|move|p2a: Calyrex|Max Mindstorm|p1a: Ho-Oh
|-damage|p1a: Ho-Oh|24/100
|-fieldstart|move: Psychic Terrain
|move|p1a: Ho-Oh|Sacred Fire|p2a: Calyrex
|-damage|p2a: Calyrex|25/100
|
|-weather|Sandstorm|[upkeep]
|-damage|p2a: Calyrex|22/100|[from] Sandstorm
|-damage|p1a: Ho-Oh|18/100|[from] Sandstorm
|upkeep
|-end|p2a: Calyrex|Dynamax
|-heal|p2a: Calyrex|22/100|[silent]
|turn|5
|
|t:|1659248546
|switch|p1a: Tyranitar|Tyranitar-Mega, M, shiny|37/100
|move|p2a: Calyrex|Astral Barrage|p1a: Tyranitar
|-resisted|p1a: Tyranitar
|-damage|p1a: Tyranitar|15/100
|
|-weather|none
|upkeep
|turn|6
|
|t:|1659248553
|switch|p1a: Ho-Oh|Ho-Oh, shiny|51/100
|move|p2a: Calyrex|Draining Kiss|p1a: Ho-Oh
|-resisted|p1a: Ho-Oh
|-damage|p1a: Ho-Oh|44/100
|-heal|p2a: Calyrex|28/100|[from] drain|[of] p1a: Ho-Oh
|
|upkeep
|turn|7
|
|t:|1659248561
|switch|p1a: Tyranitar|Tyranitar-Mega, M, shiny|15/100
|-weather|Sandstorm|[from] ability: Sand Stream|[of] p1a: Tyranitar
|move|p2a: Calyrex|Astral Barrage|p1a: Tyranitar
|-resisted|p1a: Tyranitar
|-damage|p1a: Tyranitar|0 fnt
|faint|p1a: Tyranitar
|-ability|p2a: Calyrex|Grim Neigh|boost
|-boost|p2a: Calyrex|spa|1
|
|-weather|Sandstorm|[upkeep]
|-damage|p2a: Calyrex|22/100|[from] Sandstorm
|upkeep
|
|t:|1659248563
|switch|p1a: Ho-Oh|Ho-Oh, shiny|78/100
|turn|8
|
|t:|1659248566
|-start|p1a: Ho-Oh|Dynamax|
|-heal|p1a: Ho-Oh|78/100|[silent]
|move|p2a: Calyrex|Astral Barrage|p1a: Ho-Oh
|-damage|p1a: Ho-Oh|44/100
|move|p1a: Ho-Oh|Max Flare|p2a: Calyrex
|-damage|p2a: Calyrex|0 fnt
|-weather|SunnyDay
|faint|p2a: Calyrex
|
|-weather|SunnyDay|[upkeep]
|-fieldend|move: Psychic Terrain
|upkeep
|
|t:|1659248574
|switch|p2a: Zacian|Zacian-Crowned, shiny|100/100
|-ability|p2a: Zacian|Intrepid Sword|boost
|-boost|p2a: Zacian|atk|1
|turn|9
|
|t:|1659248577
|move|p2a: Zacian|Wild Charge|p1a: Ho-Oh
|-supereffective|p1a: Ho-Oh
|-damage|p1a: Ho-Oh|0 fnt
|faint|p1a: Ho-Oh
|-damage|p2a: Zacian|73/100|[from] Recoil
|
|-weather|SunnyDay|[upkeep]
|upkeep
|
|t:|1659248581
|switch|p1a: Necrozma|Necrozma-Dusk-Mane, shiny|100/100
|turn|10
|
|t:|1659248585
|switch|p2a: Ho-Oh|Ho-Oh, shiny|100/100
|move|p1a: Necrozma|Thunder Wave|p2a: Ho-Oh
|-status|p2a: Ho-Oh|par
|
|-weather|SunnyDay|[upkeep]
|upkeep
|turn|11
|
|t:|1659248588
|switch|p1a: Gothitelle|Gothitelle, M, shiny|100/100
|move|p2a: Ho-Oh|Sacred Fire|p1a: Gothitelle
|-damage|p1a: Gothitelle|46/100
|-status|p1a: Gothitelle|brn
|
|-weather|SunnyDay|[upkeep]
|-damage|p1a: Gothitelle|40/100 brn|[from] brn
|upkeep
|turn|12
|
|t:|1659248591
|move|p1a: Gothitelle|Rest|p1a: Gothitelle
|-status|p1a: Gothitelle|slp|[from] move: Rest
|-heal|p1a: Gothitelle|100/100 slp|[silent]
|move|p2a: Ho-Oh|Sacred Fire|p1a: Gothitelle
|-damage|p1a: Gothitelle|46/100 slp
|
|-weather|none
|upkeep
|turn|13
|
|t:|1659248599
|cant|p1a: Gothitelle|slp
|move|p2a: Ho-Oh|Sacred Fire|p1a: Gothitelle
|-damage|p1a: Gothitelle|10/100 slp
|
|upkeep
|turn|14
|
|t:|1659248604
|cant|p1a: Gothitelle|slp
|move|p2a: Ho-Oh|Sacred Fire|p1a: Gothitelle
|-damage|p1a: Gothitelle|0 fnt
|faint|p1a: Gothitelle
|
|upkeep
|
|t:|1659248608
|switch|p1a: Eternatus|Eternatus|100/100
|-ability|p1a: Eternatus|Pressure
|turn|15
|
|t:|1659248619
|move|p1a: Eternatus|Cosmic Power|p1a: Eternatus
|-boost|p1a: Eternatus|def|1
|-boost|p1a: Eternatus|spd|1
|move|p2a: Ho-Oh|Sacred Fire|p1a: Eternatus
|-resisted|p1a: Eternatus
|-damage|p1a: Eternatus|89/100
|
|-heal|p1a: Eternatus|95/100|[from] item: Black Sludge
|upkeep
|turn|16
|
|t:|1659248629
|switch|p2a: Zacian|Zacian-Crowned, shiny|73/100
|-ability|p2a: Zacian|Intrepid Sword|boost
|-boost|p2a: Zacian|atk|1
|move|p1a: Eternatus|Cosmic Power|p1a: Eternatus
|-boost|p1a: Eternatus|def|1
|-boost|p1a: Eternatus|spd|1
|
|-heal|p1a: Eternatus|100/100|[from] item: Black Sludge
|upkeep
|turn|17
|
|t:|1659248631
|move|p2a: Zacian|Swords Dance|p2a: Zacian
|-boost|p2a: Zacian|atk|2
|move|p1a: Eternatus|Mystical Fire|p2a: Zacian
|-supereffective|p2a: Zacian
|-damage|p2a: Zacian|25/100
|-unboost|p2a: Zacian|spa|1
|
|upkeep
|turn|18
|
|t:|1659248637
|move|p2a: Zacian|Behemoth Blade|p1a: Eternatus
|-damage|p1a: Eternatus|36/100
|move|p1a: Eternatus|Mystical Fire|p2a: Zacian
|-supereffective|p2a: Zacian
|-damage|p2a: Zacian|0 fnt
|faint|p2a: Zacian
|
|-heal|p1a: Eternatus|43/100|[from] item: Black Sludge
|upkeep
|
|t:|1659248641
|switch|p2a: Rayquaza|Rayquaza, shiny|100/100
|-ability|p2a: Rayquaza|Air Lock
|turn|19
|
|t:|1659248654
|detailschange|p2a: Rayquaza|Rayquaza-Mega, shiny
|-mega|p2a: Rayquaza|Rayquaza|
|-weather|DeltaStream|[from] ability: Delta Stream|[of] p2a: Rayquaza
|move|p2a: Rayquaza|Draco Meteor|p1a: Eternatus
|-supereffective|p1a: Eternatus
|-damage|p1a: Eternatus|9/100
|-unboost|p2a: Rayquaza|spa|2
|move|p1a: Eternatus|Recover|p1a: Eternatus
|-heal|p1a: Eternatus|59/100
|
|-weather|DeltaStream|[upkeep]
|-heal|p1a: Eternatus|65/100|[from] item: Black Sludge
|upkeep
|turn|20
|
|t:|1659248663
|move|p2a: Rayquaza|Dragon Dance|p2a: Rayquaza
|-boost|p2a: Rayquaza|atk|1
|-boost|p2a: Rayquaza|spe|1
|move|p1a: Eternatus|Toxic|p2a: Rayquaza
|-status|p2a: Rayquaza|tox
|
|-weather|DeltaStream|[upkeep]
|-heal|p1a: Eternatus|72/100|[from] item: Black Sludge
|-damage|p2a: Rayquaza|95/100 tox|[from] psn
|upkeep
|turn|21
|
|t:|1659248676
|move|p2a: Rayquaza|Dragon Dance|p2a: Rayquaza
|-boost|p2a: Rayquaza|atk|1
|-boost|p2a: Rayquaza|spe|1
|move|p1a: Eternatus|Recover|p1a: Eternatus
|-heal|p1a: Eternatus|100/100
|
|-weather|DeltaStream|[upkeep]
|-damage|p2a: Rayquaza|83/100 tox|[from] psn
|upkeep
|turn|22
|
|t:|1659248679
|move|p2a: Rayquaza|Dragon Ascent|p1a: Eternatus
|-damage|p1a: Eternatus|39/100
|-unboost|p2a: Rayquaza|def|1
|-unboost|p2a: Rayquaza|spd|1
|move|p1a: Eternatus|Mystical Fire|p2a: Rayquaza
|-resisted|p2a: Rayquaza
|-damage|p2a: Rayquaza|65/100 tox
|-unboost|p2a: Rayquaza|spa|1
|
|-weather|DeltaStream|[upkeep]
|-heal|p1a: Eternatus|45/100|[from] item: Black Sludge
|-damage|p2a: Rayquaza|48/100 tox|[from] psn
|upkeep
|turn|23
|
|t:|1659248687
|switch|p1a: Necrozma|Necrozma-Dusk-Mane, shiny|100/100
|move|p2a: Rayquaza|Earthquake|p1a: Necrozma
|-supereffective|p1a: Necrozma
|-damage|p1a: Necrozma|29/100
|
|-weather|DeltaStream|[upkeep]
|-heal|p1a: Necrozma|35/100|[from] item: Leftovers
|-damage|p2a: Rayquaza|24/100 tox|[from] psn
|upkeep
|turn|24
|
|t:|1659248695
|switch|p1a: Arceus|Arceus-Ground, shiny|100/100
|move|p2a: Rayquaza|Earthquake|p1a: Arceus
|-damage|p1a: Arceus|45/100
|
|-weather|DeltaStream|[upkeep]
|-damage|p2a: Rayquaza|0 fnt|[from] psn
|faint|p2a: Rayquaza
|-weather|none
|upkeep
|
|t:|1659248700
|switch|p2a: Toxapex|Toxapex, M, shiny|100/100
|turn|25
|
|t:|1659248704
|move|p1a: Arceus|Judgment|p2a: Toxapex
|-supereffective|p2a: Toxapex
|-damage|p2a: Toxapex|20/100
|move|p2a: Toxapex|Scald|p1a: Arceus
|-supereffective|p1a: Arceus
|-damage|p1a: Arceus|24/100
|
|-heal|p2a: Toxapex|26/100|[from] item: Black Sludge
|upkeep
|turn|26
|
|t:|1659248711
|switch|p2a: Ho-Oh|Ho-Oh, shiny|100/100 par
|move|p1a: Arceus|Recover|p1a: Arceus
|-heal|p1a: Arceus|74/100
|
|upkeep
|turn|27
|
|t:|1659248715
|switch|p1a: Eternatus|Eternatus|45/100
|-ability|p1a: Eternatus|Pressure
|move|p2a: Ho-Oh|Sacred Fire|p1a: Eternatus
|-resisted|p1a: Eternatus
|-damage|p1a: Eternatus|29/100
|
|-heal|p1a: Eternatus|35/100|[from] item: Black Sludge
|upkeep
|turn|28
|
|t:|1659248724
|switch|p2a: Ditto|Ditto, shiny|100/100
|-transform|p2a: Ditto|p1a: Eternatus|[from] ability: Imposter
|-ability|p2a: Ditto|Pressure
|move|p1a: Eternatus|Recover|p1a: Eternatus
|-heal|p1a: Eternatus|85/100
|
|-heal|p1a: Eternatus|92/100|[from] item: Black Sludge
|upkeep
|turn|29
|
|t:|1659248730
|move|p2a: Ditto|Mystical Fire|p1a: Eternatus
|-resisted|p1a: Eternatus
|-damage|p1a: Eternatus|85/100
|-unboost|p1a: Eternatus|spa|1
|move|p1a: Eternatus|Mystical Fire|p2a: Ditto
|-resisted|p2a: Ditto
|-damage|p2a: Ditto|93/100
|-unboost|p2a: Ditto|spa|1
|
|-heal|p1a: Eternatus|91/100|[from] item: Black Sludge
|upkeep
|turn|30
|
|t:|1659248739
|switch|p1a: Arceus|Arceus-Ground, shiny|74/100
|move|p2a: Ditto|Mystical Fire|p1a: Arceus
|-damage|p1a: Arceus|63/100
|-unboost|p1a: Arceus|spa|1
|
|upkeep
|turn|31
|
|t:|1659248743
|switch|p2a: Ho-Oh|Ho-Oh, shiny|100/100 par
|move|p1a: Arceus|Judgment|p2a: Ho-Oh
|-immune|p2a: Ho-Oh
|
|upkeep
|turn|32
|
|t:|1659248747
|switch|p1a: Necrozma|Necrozma-Dusk-Mane, shiny|35/100
|move|p2a: Ho-Oh|Toxic|p1a: Necrozma
|-immune|p1a: Necrozma
|
|-heal|p1a: Necrozma|41/100|[from] item: Leftovers
|upkeep
|turn|33
|
|t:|1659248763
|switch|p2a: Ditto|Ditto, shiny|93/100
|-transform|p2a: Ditto|p1a: Necrozma|[from] ability: Imposter
|move|p1a: Necrozma|Moonlight|p1a: Necrozma
|-heal|p1a: Necrozma|91/100
|
|-heal|p1a: Necrozma|97/100|[from] item: Leftovers
|upkeep
|turn|34
|
|t:|1659248768
|switch|p1a: Arceus|Arceus-Ground, shiny|63/100
|move|p2a: Ditto|Thunder Wave|p1a: Arceus
|-immune|p1a: Arceus
|
|upkeep
|turn|35
|
|t:|1659248772
|switch|p2a: Toxapex|Toxapex, M, shiny|59/100
|move|p1a: Arceus|Recover|p1a: Arceus
|-heal|p1a: Arceus|100/100
|
|-heal|p2a: Toxapex|65/100|[from] item: Black Sludge
|upkeep
|turn|36
|
|t:|1659248774
|switch|p2a: Ho-Oh|Ho-Oh, shiny|100/100 par
|move|p1a: Arceus|Judgment|p2a: Ho-Oh
|-immune|p2a: Ho-Oh
|
|upkeep
|turn|37
|
|t:|1659248781
|switch|p1a: Necrozma|Necrozma-Dusk-Mane, shiny|97/100
|switch|p2a: Ditto|Ditto, shiny|93/100
|-transform|p2a: Ditto|p1a: Necrozma|[from] ability: Imposter
|
|-heal|p1a: Necrozma|100/100|[from] item: Leftovers
|upkeep
|turn|38
|
|t:|1659248800
|move|p2a: Ditto|Knock Off|p1a: Necrozma
|-supereffective|p1a: Necrozma
|-damage|p1a: Necrozma|76/100
|-enditem|p1a: Necrozma|Leftovers|[from] move: Knock Off|[of] p2a: Ditto
|move|p1a: Necrozma|Knock Off|p2a: Ditto
|-supereffective|p2a: Ditto
|-crit|p2a: Ditto
|-damage|p2a: Ditto|45/100
|-enditem|p2a: Ditto|Choice Scarf|[from] move: Knock Off|[of] p1a: Necrozma
|
|upkeep
|turn|39
|
|t:|1659248814
|switch|p1a: Arceus|Arceus-Ground, shiny|100/100
|move|p2a: Ditto|Moonlight|p2a: Ditto
|-heal|p2a: Ditto|95/100
|
|upkeep
|turn|40
|
|t:|1659248818
|switch|p2a: Ho-Oh|Ho-Oh, shiny|100/100 par
|move|p1a: Arceus|Calm Mind|p1a: Arceus
|-boost|p1a: Arceus|spa|1
|-boost|p1a: Arceus|spd|1
|
|upkeep
|turn|41
|
|t:|1659248823
|switch|p1a: Necrozma|Necrozma-Dusk-Mane, shiny|76/100
|cant|p2a: Ho-Oh|par
|
|upkeep
|turn|42
|
|t:|1659248829
|switch|p2a: Toxapex|Toxapex, M, shiny|99/100
|move|p1a: Necrozma|Thunder Wave|p2a: Toxapex
|-status|p2a: Toxapex|par
|
|-heal|p2a: Toxapex|100/100 par|[from] item: Black Sludge
|upkeep
|turn|43
|
|t:|1659248834
|move|p1a: Necrozma|Knock Off|p2a: Toxapex
|-damage|p2a: Toxapex|79/100 par
|-enditem|p2a: Toxapex|Black Sludge|[from] move: Knock Off|[of] p1a: Necrozma
|move|p2a: Toxapex|Scald|p1a: Necrozma
|-damage|p1a: Necrozma|63/100
|
|upkeep
|turn|44
|
|t:|1659248841
|switch|p1a: Eternatus|Eternatus|91/100
|-ability|p1a: Eternatus|Pressure
|cant|p2a: Toxapex|par
|
|-heal|p1a: Eternatus|97/100|[from] item: Black Sludge
|upkeep
|turn|45
|
|t:|1659248846
|move|p1a: Eternatus|Cosmic Power|p1a: Eternatus
|-boost|p1a: Eternatus|def|1
|-boost|p1a: Eternatus|spd|1
|cant|p2a: Toxapex|par
|
|-heal|p1a: Eternatus|100/100|[from] item: Black Sludge
|upkeep
|turn|46
|
|t:|1659248851
|switch|p1a: Arceus|Arceus-Ground, shiny|100/100
|move|p2a: Toxapex|Scald|p1a: Arceus
|-supereffective|p1a: Arceus
|-damage|p1a: Arceus|80/100
|-status|p1a: Arceus|brn
|
|-damage|p1a: Arceus|74/100 brn|[from] brn
|upkeep
|turn|47
|
|t:|1659248858
|switch|p2a: Ho-Oh|Ho-Oh, shiny|100/100 par
|move|p1a: Arceus|Calm Mind|p1a: Arceus
|-boost|p1a: Arceus|spa|1
|-boost|p1a: Arceus|spd|1
|
|-damage|p1a: Arceus|68/100 brn|[from] brn
|upkeep
|turn|48
|
|t:|1659248865
|switch|p2a: Ditto|Ditto, shiny|95/100
|-transform|p2a: Ditto|p1a: Arceus|[from] ability: Imposter
|move|p1a: Arceus|Calm Mind|p1a: Arceus
|-boost|p1a: Arceus|spa|1
|-boost|p1a: Arceus|spd|1
|
|-damage|p1a: Arceus|62/100 brn|[from] brn
|upkeep
|turn|49
|
|t:|1659248867
|move|p2a: Ditto|Ice Beam|p1a: Arceus
|-supereffective|p1a: Arceus
|-damage|p1a: Arceus|40/100 brn
|move|p1a: Arceus|Recover|p1a: Arceus
|-heal|p1a: Arceus|90/100 brn
|
|-damage|p1a: Arceus|84/100 brn|[from] brn
|upkeep
|turn|50
|
|t:|1659248889
|switch|p2a: Ho-Oh|Ho-Oh, shiny|100/100 par
|move|p1a: Arceus|Ice Beam|p2a: Ho-Oh
|-damage|p2a: Ho-Oh|78/100 par
|
|-damage|p1a: Arceus|78/100 brn|[from] brn
|upkeep
|turn|51
|
|t:|1659248895
|move|p1a: Arceus|Ice Beam|p2a: Ho-Oh
|-damage|p2a: Ho-Oh|57/100 par
|move|p2a: Ho-Oh|Recover|p2a: Ho-Oh
|-heal|p2a: Ho-Oh|100/100 par
|
|-damage|p1a: Arceus|72/100 brn|[from] brn
|upkeep
|turn|52
|
|t:|1659248900
|switch|p2a: Toxapex|Toxapex, M, shiny|100/100 par
|move|p1a: Arceus|Calm Mind|p1a: Arceus
|-boost|p1a: Arceus|spa|1
|-boost|p1a: Arceus|spd|1
|
|-damage|p1a: Arceus|66/100 brn|[from] brn
|upkeep
|turn|53
|
|t:|1659248905
|move|p2a: Toxapex|Baneful Bunker|p2a: Toxapex
|-singleturn|p2a: Toxapex|move: Protect
|move|p1a: Arceus|Judgment|p2a: Toxapex
|-activate|p2a: Toxapex|move: Protect
|
|-damage|p1a: Arceus|59/100 brn|[from] brn
|upkeep
|turn|54
|
|t:|1659248911
|switch|p2a: Ho-Oh|Ho-Oh, shiny|100/100 par
|move|p1a: Arceus|Recover|p1a: Arceus
|-heal|p1a: Arceus|100/100 brn
|
|-damage|p1a: Arceus|94/100 brn|[from] brn
|upkeep
|turn|55
|
|t:|1659248921
|move|p1a: Arceus|Calm Mind|p1a: Arceus
|-boost|p1a: Arceus|spa|1
|-boost|p1a: Arceus|spd|1
|move|p2a: Ho-Oh|Defog|p1a: Arceus
|-unboost|p1a: Arceus|evasion|1
|
|-damage|p1a: Arceus|88/100 brn|[from] brn
|upkeep
|turn|56
|
|t:|1659248927
|move|p1a: Arceus|Ice Beam|p2a: Ho-Oh
|-damage|p2a: Ho-Oh|71/100 par
|cant|p2a: Ho-Oh|par
|
|-damage|p1a: Arceus|82/100 brn|[from] brn
|upkeep
|turn|57
|
|t:|1659248931
|move|p1a: Arceus|Judgment|p2a: Ho-Oh
|-immune|p2a: Ho-Oh
|cant|p2a: Ho-Oh|par
|
|-damage|p1a: Arceus|76/100 brn|[from] brn
|upkeep
|turn|58
|
|t:|1659248937
|move|p1a: Arceus|Ice Beam|p2a: Ho-Oh
|-damage|p2a: Ho-Oh|40/100 par
|move|p2a: Ho-Oh|Defog|p1a: Arceus
|-unboost|p1a: Arceus|evasion|1
|
|-damage|p1a: Arceus|70/100 brn|[from] brn
|upkeep
|turn|59
|
|t:|1659248942
|move|p1a: Arceus|Ice Beam|p2a: Ho-Oh
|-damage|p2a: Ho-Oh|7/100 par
|move|p2a: Ho-Oh|Recover|p2a: Ho-Oh
|-heal|p2a: Ho-Oh|57/100 par
|
|-damage|p1a: Arceus|64/100 brn|[from] brn
|upkeep
|turn|60
|
|t:|1659248944
|move|p1a: Arceus|Ice Beam|p2a: Ho-Oh
|-damage|p2a: Ho-Oh|28/100 par
|cant|p2a: Ho-Oh|par
|
|-damage|p1a: Arceus|58/100 brn|[from] brn
|upkeep
|turn|61
|
|t:|1659248948
|switch|p2a: Ditto|Ditto, shiny|95/100
|-transform|p2a: Ditto|p1a: Arceus|[from] ability: Imposter
|move|p1a: Arceus|Ice Beam|p2a: Ditto
|-supereffective|p2a: Ditto
|-damage|p2a: Ditto|51/100
|
|-damage|p1a: Arceus|52/100 brn|[from] brn
|upkeep
|turn|62
|
|t:|1659248951
|move|p1a: Arceus|Ice Beam|p2a: Ditto
|-supereffective|p2a: Ditto
|-damage|p2a: Ditto|3/100
|move|p2a: Ditto|Ice Beam|p1a: Arceus
|-supereffective|p1a: Arceus
|-damage|p1a: Arceus|22/100 brn
|
|-damage|p1a: Arceus|16/100 brn|[from] brn
|upkeep
|turn|63
|
|t:|1659248958
|move|p2a: Ditto|Ice Beam|p1a: Arceus
|-supereffective|p1a: Arceus
|-damage|p1a: Arceus|0 fnt
|faint|p1a: Arceus
|
|upkeep
|
|t:|1659248961
|switch|p1a: Eternatus|Eternatus|100/100
|-ability|p1a: Eternatus|Pressure
|turn|64
|
|t:|1659248963
|move|p1a: Eternatus|Mystical Fire|p2a: Ditto
|-damage|p2a: Ditto|0 fnt
|faint|p2a: Ditto
|
|upkeep
|
|t:|1659248973
|switch|p2a: Ho-Oh|Ho-Oh, shiny|61/100 par
|turn|65
|
|t:|1659248975
|switch|p1a: Necrozma|Necrozma-Dusk-Mane, shiny|63/100
|switch|p2a: Toxapex|Toxapex, M, shiny|100/100 par
|
|upkeep
|turn|66
|
|t:|1659248980
|switch|p1a: Eternatus|Eternatus|100/100
|-ability|p1a: Eternatus|Pressure
|move|p2a: Toxapex|Scald|p1a: Eternatus
|-resisted|p1a: Eternatus
|-damage|p1a: Eternatus|96/100
|-status|p1a: Eternatus|brn
|
|-heal|p1a: Eternatus|100/100 brn|[from] item: Black Sludge
|-damage|p1a: Eternatus|94/100 brn|[from] brn
|upkeep
|turn|67
|
|t:|1659248984
|switch|p2a: Ho-Oh|Ho-Oh, shiny|94/100 par
|move|p1a: Eternatus|Toxic||[still]
|-fail|p1a: Eternatus
|
|-heal|p1a: Eternatus|100/100 brn|[from] item: Black Sludge
|-damage|p1a: Eternatus|94/100 brn|[from] brn
|upkeep
|turn|68
|
|t:|1659248989
|switch|p1a: Necrozma|Necrozma-Dusk-Mane, shiny|63/100
|switch|p2a: Toxapex|Toxapex, M, shiny|100/100 par
|
|upkeep
|turn|69
|
|t:|1659248994
|switch|p1a: Eternatus|Eternatus|94/100 brn
|-ability|p1a: Eternatus|Pressure
|cant|p2a: Toxapex|par
|
|-heal|p1a: Eternatus|100/100 brn|[from] item: Black Sludge
|-damage|p1a: Eternatus|94/100 brn|[from] brn
|upkeep
|turn|70
|
|t:|1659248996
|switch|p1a: Necrozma|Necrozma-Dusk-Mane, shiny|63/100
|move|p2a: Toxapex|Scald|p1a: Necrozma
|-damage|p1a: Necrozma|50/100
|
|upkeep
|turn|71
|-message|seidou45 forfeited.
|
|win|AG Champion Red
|raw|seidou45's rating: 1771 &rarr; <strong>1748</strong><br />(-23 for losing)
|raw|AG Champion Red's rating: 1711 &rarr; <strong>1734</strong><br />(+23 for winning)
|l|☆seidou45
|c|☆AG Champion Red|Ggggggg
|l|☆AG Champion Red
|j|☆AG Champion Red
|player|p2|AG Champion Red|red
