|j|☆iiOpticalFreeze
|j|☆FloomFlooms
|t:|1668536234
|gametype|singles
|player|p1|iiOpticalFreeze|hilda-wonderlauncher|1424
|player|p2|FloomFlooms|flannery|1449
|teamsize|p1|6
|teamsize|p2|6
|gen|8
|tier|[Gen 8] National Dex AG
|rated|
|rule|HP Percentage Mod: HP is shown in percentages
|rule|Endless Battle Clause: Forcing endless battles is banned
|clearpoke
|poke|p1|Smeargle, F|
|poke|p1|Necrozma-Dusk-Mane|
|poke|p1|Xerneas-*|
|poke|p1|Zygarde|
|poke|p1|Marshadow|
|poke|p1|Rayquaza|
|poke|p2|Cinccino, M|
|poke|p2|Buzzwole|
|poke|p2|Grimmsnarl, M|
|poke|p2|Smeargle, M|
|poke|p2|Magearna|
|poke|p2|Cinderace, F|
|teampreview
|inactive|Battle timer is ON: inactive players will automatically lose when time's up. (requested by iiOpticalFreeze)
|
|t:|1668536239
|start
|switch|p1a: Smeargle|Smeargle, F|100/100
|switch|p2a: Puffball|Cinccino, M|100/100
|turn|1
|c|☆iiOpticalFreeze|Prepare to get dunked on
|
|t:|1668536246
|switch|p1a: Marshadow|Marshadow|100/100
|move|p2a: Puffball|Bullet Seed|p1a: Marshadow
|-damage|p1a: Marshadow|92/100
|-damage|p1a: Marshadow|82/100
|-damage|p1a: Marshadow|74/100
|-damage|p1a: Marshadow|64/100
|-damage|p1a: Marshadow|56/100
|-hitcount|p1a: Marshadow|5
|
|upkeep
|turn|2
|c|☆FloomFlooms|Ok
|
|t:|1668536258
|move|p1a: Marshadow|Rock Tomb|p2a: Puffball
|-damage|p2a: Puffball|42/100
|-unboost|p2a: Puffball|spe|1
|move|p2a: Puffball|Bullet Seed|p1a: Marshadow
|-damage|p1a: Marshadow|46/100
|-damage|p1a: Marshadow|37/100
|-damage|p1a: Marshadow|27/100
|-damage|p1a: Marshadow|18/100
|-damage|p1a: Marshadow|10/100
|-hitcount|p1a: Marshadow|5
|
|upkeep
|turn|3
|
|t:|1668536266
|move|p1a: Marshadow|Rock Tomb|p2a: Puffball
|-damage|p2a: Puffball|0 fnt
|faint|p2a: Puffball
|
|upkeep
|
|t:|1668536268
|switch|p2a: Bunbun|Cinderace, F|100/100
|turn|4
|
|t:|1668536273
|move|p2a: Bunbun|Sucker Punch|p1a: Marshadow
|-start|p2a: Bunbun|typechange|Dark|[from] ability: Libero
|-damage|p1a: Marshadow|0 fnt
|faint|p1a: Marshadow
|
|upkeep
|
|t:|1668536276
|switch|p1a: Smeargle|Smeargle, F|100/100
|turn|5
|
|t:|1668536279
|move|p2a: Bunbun|Pyro Ball|p1a: Smeargle|[miss]
|-start|p2a: Bunbun|typechange|Fire|[from] ability: Libero
|-miss|p2a: Bunbun|p1a: Smeargle
|move|p1a: Smeargle|Spore|p2a: Bunbun
|-status|p2a: Bunbun|slp|[from] move: Spore
|
|upkeep
|turn|6
|
|t:|1668536284
|cant|p2a: Bunbun|slp
|move|p1a: Smeargle|Shell Smash|p1a: Smeargle
|-unboost|p1a: Smeargle|def|1
|-unboost|p1a: Smeargle|spd|1
|-boost|p1a: Smeargle|atk|2
|-boost|p1a: Smeargle|spa|2
|-boost|p1a: Smeargle|spe|2
|
|upkeep
|turn|7
|
|t:|1668536286
|move|p1a: Smeargle|Baton Pass|p1a: Smeargle
|
|t:|1668536289
|switch|p1a: Rayquaza|Rayquaza|100/100|[from]move: Baton Pass
|-ability|p1a: Rayquaza|Air Lock
|-curestatus|p2a: Bunbun|slp|[msg]
|move|p2a: Bunbun|Pyro Ball|p1a: Rayquaza
|-resisted|p1a: Rayquaza
|-damage|p1a: Rayquaza|50/100
|
|upkeep
|turn|8
|
|t:|1668536294
|detailschange|p1a: Rayquaza|Rayquaza-Mega
|-mega|p1a: Rayquaza|Rayquaza|
|-weather|DeltaStream|[from] ability: Delta Stream|[of] p1a: Rayquaza
|move|p2a: Bunbun|Sucker Punch|p1a: Rayquaza
|-start|p2a: Bunbun|typechange|Dark|[from] ability: Libero
|-damage|p1a: Rayquaza|0 fnt
|faint|p1a: Rayquaza
|-weather|none
|
|upkeep
|
|t:|1668536297
|switch|p1a: Smeargle|Smeargle, F|100/100
|turn|9
|
|t:|1668536301
|move|p2a: Bunbun|Pyro Ball|p1a: Smeargle|[miss]
|-start|p2a: Bunbun|typechange|Fire|[from] ability: Libero
|-miss|p2a: Bunbun|p1a: Smeargle
|move|p1a: Smeargle|Spore|p2a: Bunbun
|-status|p2a: Bunbun|slp|[from] move: Spore
|
|upkeep
|turn|10
|c|☆FloomFlooms|Bunbun doesn't wanna KO the french doggo
|
|t:|1668536316
|cant|p2a: Bunbun|slp
|move|p1a: Smeargle|Shell Smash|p1a: Smeargle
|-unboost|p1a: Smeargle|def|1
|-unboost|p1a: Smeargle|spd|1
|-boost|p1a: Smeargle|atk|2
|-boost|p1a: Smeargle|spa|2
|-boost|p1a: Smeargle|spe|2
|
|upkeep
|turn|11
|
|t:|1668536322
|move|p1a: Smeargle|Baton Pass|p1a: Smeargle
|
|t:|1668536323
|switch|p1a: Necrozma|Necrozma-Dusk-Mane, shiny|100/100|[from]move: Baton Pass
|cant|p2a: Bunbun|slp
|
|upkeep
|turn|12
|
|t:|1668536326
|-curestatus|p2a: Bunbun|slp|[msg]
|move|p2a: Bunbun|Sucker Punch|p1a: Necrozma
|-start|p2a: Bunbun|typechange|Dark|[from] ability: Libero
|-supereffective|p1a: Necrozma
|-damage|p1a: Necrozma|46/100
|move|p1a: Necrozma|Rock Blast|p2a: Bunbun
|-damage|p2a: Bunbun|70/100
|-crit|p2a: Bunbun
|-damage|p2a: Bunbun|26/100
|-damage|p2a: Bunbun|0 fnt
|faint|p2a: Bunbun
|-hitcount|p2: Bunbun|3
|
|upkeep
|
|t:|1668536335
|switch|p2a: Snarl|Grimmsnarl, M|100/100
|turn|13
|c|☆iiOpticalFreeze|It happens
|c|☆iiOpticalFreeze|Cope
|
|t:|1668536342
|detailschange|p1a: Necrozma|Necrozma-Ultra, shiny
|-burst|p1a: Necrozma|Necrozma|Ultranecrozium Z
|move|p2a: Snarl|Thunder Wave|p1a: Necrozma
|-status|p1a: Necrozma|par
|move|p1a: Necrozma|Earthquake|p2a: Snarl
|-damage|p2a: Snarl|0 fnt
|faint|p2a: Snarl
|
|upkeep
|c|☆FloomFlooms|Why're you being so rude ?
|
|t:|1668536349
|switch|p2a: Painty|Smeargle, M|100/100
|turn|14
|
|t:|1668536352
|cant|p1a: Necrozma|par
|move|p2a: Painty|Spectral Thief||[still]
|-clearpositiveboost|p1a: Necrozma|p2a: Painty|move: Spectral Thief
|-boost|p2a: Painty|atk|2
|-boost|p2a: Painty|spa|2
|-boost|p2a: Painty|spe|2
|-anim|p2a: Painty|Spectral Thief|p1a: Necrozma
|-supereffective|p1a: Necrozma
|-damage|p1a: Necrozma|10/100 par
|
|-ability|p2a: Painty|Moody|boost
|-boost|p2a: Painty|spd|2
|-unboost|p2a: Painty|def|1
|upkeep
|turn|15
|
|t:|1668536358
|move|p2a: Painty|Baton Pass|p2a: Painty
|
|t:|1668536360
|switch|p2a: Hulkskito|Buzzwole, shiny|100/100|[from]move: Baton Pass
|move|p1a: Necrozma|Rock Blast|p2a: Hulkskito|[miss]
|-miss|p1a: Necrozma|p2a: Hulkskito
|
|upkeep
|turn|16
|
|t:|1668536364
|move|p2a: Hulkskito|Earthquake|p1a: Necrozma
|-damage|p1a: Necrozma|0 fnt
|faint|p1a: Necrozma
|-ability|p2a: Hulkskito|Beast Boost|boost
|-boost|p2a: Hulkskito|atk|1
|
|upkeep
|
|t:|1668536367
|switch|p1a: Smeargle|Smeargle, F|100/100
|turn|17
|
|t:|1668536370
|move|p2a: Hulkskito|Dual Wingbeat|p1a: Smeargle
|-damage|p1a: Smeargle|24/100
|-damage|p1a: Smeargle|0 fnt
|faint|p1a: Smeargle
|-ability|p2a: Hulkskito|Beast Boost|boost
|-boost|p2a: Hulkskito|atk|1
|-hitcount|p1: Smeargle|2
|
|upkeep
|
|t:|1668536376
|switch|p1a: Zygarde|Zygarde, shiny|100/100
|turn|18
|
|t:|1668536378
|-start|p1a: Zygarde|Dynamax|
|-heal|p1a: Zygarde|100/100|[silent]
|move|p2a: Hulkskito|Ice Punch|p1a: Zygarde
|-supereffective|p1a: Zygarde
|-damage|p1a: Zygarde|0 fnt
|faint|p1a: Zygarde
|-ability|p2a: Hulkskito|Beast Boost|boost
|-boost|p2a: Hulkskito|atk|1
|
|upkeep
|-message|iiOpticalFreeze forfeited.
|
|win|FloomFlooms
|raw|iiOpticalFreeze's rating: 1424 &rarr; <strong>1405</strong><br />(-19 for losing)
|raw|FloomFlooms's rating: 1449 &rarr; <strong>1468</strong><br />(+19 for winning)
|l|☆iiOpticalFreeze
|c|☆FloomFlooms|I've been dunked on
|player|p2|FloomFlooms|flannery
||Ladder isn't responding, score probably updated but might not have (Request timeout).
|j| ImSorryForUberInAg
|c| ImSorryForUberInAg|lol
