|j|☆AG Champion Red
|j|☆dratini1yt
|t:|1659840496
|gametype|singles
|player|p1|AG Champion Red|red-masters|1746
|player|p2|dratini1yt|clair|1659
|teamsize|p1|6
|teamsize|p2|6
|gen|8
|tier|[Gen 8] National Dex AG
|rated|
|rule|HP Percentage Mod: HP is shown in percentages
|rule|Endless Battle Clause: Forcing endless battles is banned
|clearpoke
|poke|p1|Ditto|
|poke|p1|Rayquaza|
|poke|p1|Zacian-*|
|poke|p1|Zygarde|
|poke|p1|Ho-Oh|
|poke|p1|Toxapex, F|
|poke|p2|Necrozma-Dusk-Mane|
|poke|p2|Zacian-*|
|poke|p2|Calyrex-Shadow|
|poke|p2|Arceus-*|
|poke|p2|Yveltal|
|poke|p2|Rayquaza|
|teampreview
|c|☆dratini1yt|glhf
|inactive|Battle timer is ON: inactive players will automatically lose when time's up. (requested by dratini1yt)
|
|t:|1659840508
|start
|switch|p1a: Ditto|Ditto, shiny|100/100
|switch|p2a: Arceus|Arceus|100/100
|-transform|p1a: Ditto|p2a: Arceus|[from] ability: Imposter
|turn|1
|c|☆dratini1yt|interesting
|
|t:|1659840515
|switch|p1a: Toxapex|Toxapex, F, shiny|100/100
|move|p2a: Arceus|Stealth Rock|p1a: Toxapex
|-sidestart|p1: AG Champion Red|move: Stealth Rock
|
|upkeep
|turn|2
|
|t:|1659840522
|move|p2a: Arceus|Swords Dance|p2a: Arceus
|-boost|p2a: Arceus|atk|2
|move|p1a: Toxapex|Toxic Spikes|p2a: Arceus
|-sidestart|p2: dratini1yt|move: Toxic Spikes
|
|upkeep
|turn|3
|
|t:|1659840526
|move|p2a: Arceus|Swords Dance|p2a: Arceus
|-boost|p2a: Arceus|atk|2
|move|p1a: Toxapex|Scald|p2a: Arceus
|-damage|p2a: Arceus|89/100
|
|-heal|p2a: Arceus|95/100|[from] item: Leftovers
|upkeep
|turn|4
|
|t:|1659840533
|move|p2a: Arceus|Extreme Speed|p1a: Toxapex
|-damage|p1a: Toxapex|46/100
|move|p1a: Toxapex|Scald|p2a: Arceus
|-damage|p2a: Arceus|83/100
|-status|p2a: Arceus|brn
|
|-heal|p2a: Arceus|89/100 brn|[from] item: Leftovers
|-heal|p1a: Toxapex|52/100|[from] item: Black Sludge
|-damage|p2a: Arceus|83/100 brn|[from] brn
|upkeep
|turn|5
|c|☆dratini1yt|nooooooooooooooo
|
|t:|1659840544
|move|p2a: Arceus|Swords Dance|p2a: Arceus
|-boost|p2a: Arceus|atk|2
|move|p1a: Toxapex|Recover|p1a: Toxapex
|-heal|p1a: Toxapex|100/100
|
|-heal|p2a: Arceus|89/100 brn|[from] item: Leftovers
|-damage|p2a: Arceus|83/100 brn|[from] brn
|upkeep
|turn|6
|c|☆dratini1yt|always burned
|
|t:|1659840552
|move|p2a: Arceus|Extreme Speed|p1a: Toxapex
|-damage|p1a: Toxapex|60/100
|move|p1a: Toxapex|Toxic Spikes|p2a: Arceus
|-sidestart|p2: dratini1yt|move: Toxic Spikes
|
|-heal|p2a: Arceus|89/100 brn|[from] item: Leftovers
|-heal|p1a: Toxapex|67/100|[from] item: Black Sludge
|-damage|p2a: Arceus|83/100 brn|[from] brn
|upkeep
|turn|7
|
|t:|1659840560
|switch|p1a: Ho-Oh|Ho-Oh, shiny|100/100
|move|p2a: Arceus|Extreme Speed|p1a: Ho-Oh
|-damage|p1a: Ho-Oh|44/100
|
|-heal|p2a: Arceus|89/100 brn|[from] item: Leftovers
|-damage|p2a: Arceus|83/100 brn|[from] brn
|upkeep
|turn|8
|
|t:|1659840569
|switch|p1a: Zygarde|Zygarde, shiny|100/100
|-damage|p1a: Zygarde|94/100|[from] Stealth Rock
|move|p2a: Arceus|Extreme Speed|p1a: Zygarde
|-damage|p1a: Zygarde|49/100
|
|-heal|p2a: Arceus|89/100 brn|[from] item: Leftovers
|-heal|p1a: Zygarde|55/100|[from] item: Leftovers
|-damage|p2a: Arceus|83/100 brn|[from] brn
|upkeep
|turn|9
|
|t:|1659840579
|move|p2a: Arceus|Toxic|p1a: Zygarde
|-status|p1a: Zygarde|tox
|move|p1a: Zygarde|Coil|p1a: Zygarde
|-boost|p1a: Zygarde|atk|1
|-boost|p1a: Zygarde|def|1
|-boost|p1a: Zygarde|accuracy|1
|
|-heal|p2a: Arceus|89/100 brn|[from] item: Leftovers
|-heal|p1a: Zygarde|61/100 tox|[from] item: Leftovers
|-damage|p1a: Zygarde|55/100 tox|[from] psn
|-damage|p2a: Arceus|83/100 brn|[from] brn
|upkeep
|turn|10
|
|t:|1659840591
|move|p2a: Arceus|Extreme Speed|p1a: Zygarde
|-damage|p1a: Zygarde|25/100 tox
|move|p1a: Zygarde|Thousand Waves|p2a: Arceus
|-damage|p2a: Arceus|52/100 brn
|-activate|p2a: Arceus|trapped
|
|-heal|p2a: Arceus|58/100 brn|[from] item: Leftovers
|-heal|p1a: Zygarde|32/100 tox|[from] item: Leftovers
|-damage|p1a: Zygarde|19/100 tox|[from] psn
|-damage|p2a: Arceus|52/100 brn|[from] brn
|-activate|p1a: Zygarde|ability: Power Construct
|detailschange|p1a: Zygarde|Zygarde-Complete, shiny
|-heal|p1a: Zygarde|47/100 tox|[silent]
|upkeep
|turn|11
|c|☆dratini1yt|oops
|
|t:|1659840608
|move|p2a: Arceus|Extreme Speed|p1a: Zygarde
|-damage|p1a: Zygarde|29/100 tox
|move|p1a: Zygarde|Coil|p1a: Zygarde
|-boost|p1a: Zygarde|atk|1
|-boost|p1a: Zygarde|def|1
|-boost|p1a: Zygarde|accuracy|1
|
|-heal|p2a: Arceus|58/100 brn|[from] item: Leftovers
|-heal|p1a: Zygarde|35/100 tox|[from] item: Leftovers
|-damage|p1a: Zygarde|17/100 tox|[from] psn
|-damage|p2a: Arceus|52/100 brn|[from] brn
|upkeep
|turn|12
|c|☆dratini1yt|so hard
|
|t:|1659840619
|move|p2a: Arceus|Extreme Speed|p1a: Zygarde
|-damage|p1a: Zygarde|2/100 tox
|move|p1a: Zygarde|Substitute|p1a: Zygarde
|-fail|p1a: Zygarde|move: Substitute|[weak]
|
|-heal|p2a: Arceus|58/100 brn|[from] item: Leftovers
|-heal|p1a: Zygarde|8/100 tox|[from] item: Leftovers
|-damage|p1a: Zygarde|0 fnt|[from] psn
|faint|p1a: Zygarde
|-damage|p2a: Arceus|52/100 brn|[from] brn
|upkeep
|c|☆dratini1yt|now rest right
|
|t:|1659840623
|switch|p1a: Ditto|Ditto, shiny|100/100
|-damage|p1a: Ditto|88/100|[from] Stealth Rock
|-transform|p1a: Ditto|p2a: Arceus|[from] ability: Imposter
|turn|13
|c|☆dratini1yt|oh
|
|t:|1659840640
|move|p1a: Ditto|Extreme Speed|p2a: Arceus
|-damage|p2a: Arceus|0 fnt
|faint|p2a: Arceus
|
|upkeep
|
|t:|1659840645
|switch|p2a: Calyrex|Calyrex-Shadow|100/100
|-ability|p2a: Calyrex|As One
|-ability|p2a: Calyrex|Unnerve
|-status|p2a: Calyrex|tox
|turn|14
|
|t:|1659840655
|switch|p1a: Ho-Oh|Ho-Oh, shiny|77/100
|move|p2a: Calyrex|Astral Barrage|p1a: Ho-Oh
|-damage|p1a: Ho-Oh|48/100
|
|-damage|p2a: Calyrex|94/100 tox|[from] psn
|upkeep
|turn|15
|
|t:|1659840664
|move|p2a: Calyrex|Nasty Plot|p2a: Calyrex
|-boost|p2a: Calyrex|spa|2
|move|p1a: Ho-Oh|Recover|p1a: Ho-Oh
|-heal|p1a: Ho-Oh|98/100
|
|-damage|p2a: Calyrex|82/100 tox|[from] psn
|upkeep
|turn|16
|
|t:|1659840671
|move|p2a: Calyrex|Psyshock|p1a: Ho-Oh
|-damage|p1a: Ho-Oh|4/100
|move|p1a: Ho-Oh|Defog|p2a: Calyrex
|-unboost|p2a: Calyrex|evasion|1
|-sideend|p2: dratini1yt|Toxic Spikes|[from] move: Defog|[of] p1a: Ho-Oh
|-sideend|p1: AG Champion Red|Stealth Rock|[from] move: Defog|[of] p1a: Ho-Oh
|
|-damage|p2a: Calyrex|64/100 tox|[from] psn
|upkeep
|turn|17
|
|t:|1659840681
|move|p2a: Calyrex|Draining Kiss|p1a: Ho-Oh
|-resisted|p1a: Ho-Oh
|-crit|p1a: Ho-Oh
|-damage|p1a: Ho-Oh|0 fnt
|-heal|p2a: Calyrex|67/100 tox|[from] drain|[of] p1a: Ho-Oh
|faint|p1a: Ho-Oh
|-ability|p2a: Calyrex|Grim Neigh|boost
|-boost|p2a: Calyrex|spa|1
|
|-damage|p2a: Calyrex|42/100 tox|[from] psn
|upkeep
|
|t:|1659840683
|switch|p1a: Ditto|Ditto, shiny|88/100
|-transform|p1a: Ditto|p2a: Calyrex|[from] ability: Imposter
|turn|18
|
|t:|1659840694
|move|p1a: Ditto|Astral Barrage|p2a: Calyrex
|-supereffective|p2a: Calyrex
|-damage|p2a: Calyrex|0 fnt
|faint|p2a: Calyrex
|-ability|p1a: Ditto|Grim Neigh|boost
|-boost|p1a: Ditto|spa|1
|
|upkeep
|c|☆dratini1yt|i hate ditto
|
|t:|1659840701
|switch|p2a: Yveltal|Yveltal|100/100
|-ability|p2a: Yveltal|Dark Aura
|turn|19
|
|t:|1659840706
|-start|p1a: Ditto|Dynamax|
|-heal|p1a: Ditto|88/100|[silent]
|move|p1a: Ditto|Max Guard|p1a: Ditto
|-singleturn|p1a: Ditto|Max Guard
|move|p2a: Yveltal|Sucker Punch||[still]
|-fail|p2a: Yveltal
|
|upkeep
|turn|20
|j| ksdasfadasfa
|
|t:|1659840721
|-end|p1a: Ditto|Dynamax
|-heal|p1a: Ditto|88/100|[silent]
|switch|p1a: Zacian|Zacian, shiny|100/100
|-ability|p1a: Zacian|Intrepid Sword|boost
|-boost|p1a: Zacian|atk|1
|move|p2a: Yveltal|Sucker Punch||[still]
|-fail|p2a: Yveltal
|
|upkeep
|turn|21
|
|t:|1659840737
|-start|p2a: Yveltal|Dynamax|
|-heal|p2a: Yveltal|100/100|[silent]
|move|p1a: Zacian|Crunch|p2a: Yveltal
|-resisted|p2a: Yveltal
|-damage|p2a: Yveltal|76/100
|-unboost|p2a: Yveltal|def|1
|move|p2a: Yveltal|Max Airstream|p1a: Zacian
|-damage|p1a: Zacian|35/100
|-boost|p2a: Yveltal|spe|1
|
|upkeep
|turn|22
|c|☆dratini1yt|wait its normal zacian????
|
|t:|1659840754
|switch|p1a: Toxapex|Toxapex, F, shiny|99/100
|move|p2a: Yveltal|Max Darkness|p1a: Toxapex
|-damage|p1a: Toxapex|26/100
|-unboost|p1a: Toxapex|spd|1
|
|-heal|p1a: Toxapex|32/100|[from] item: Black Sludge
|upkeep
|turn|23
|
|t:|1659840764
|move|p1a: Toxapex|Baneful Bunker|p1a: Toxapex
|-singleturn|p1a: Toxapex|move: Protect
|move|p2a: Yveltal|Max Airstream|p1a: Toxapex
|-zbroken|p1a: Toxapex
|-damage|p1a: Toxapex|9/100
|-boost|p2a: Yveltal|spe|1
|
|-heal|p1a: Toxapex|16/100|[from] item: Black Sludge
|upkeep
|-end|p2a: Yveltal|Dynamax
|-heal|p2a: Yveltal|76/100|[silent]
|turn|24
|
|t:|1659840775
|switch|p1a: Rayquaza|Rayquaza, shiny|100/100
|-ability|p1a: Rayquaza|Air Lock
|move|p2a: Yveltal|Oblivion Wing|p1a: Rayquaza
|-damage|p1a: Rayquaza|58/100
|-heal|p2a: Yveltal|100/100|[from] drain|[of] p1a: Rayquaza
|
|upkeep
|turn|25
|
|t:|1659840785
|detailschange|p1a: Rayquaza|Rayquaza-Mega, shiny
|-mega|p1a: Rayquaza|Rayquaza|
|-weather|DeltaStream|[from] ability: Delta Stream|[of] p1a: Rayquaza
|move|p2a: Yveltal|Dark Pulse|p1a: Rayquaza
|-damage|p1a: Rayquaza|5/100
|move|p1a: Rayquaza|Draco Meteor|p2a: Yveltal
|-crit|p2a: Yveltal
|-damage|p2a: Yveltal|0 fnt
|-unboost|p1a: Rayquaza|spa|2
|faint|p2a: Yveltal
|
|-weather|DeltaStream|[upkeep]
|upkeep
|c|☆dratini1yt|nooooo
|inactive|dratini1yt has 120 seconds left.
|
|t:|1659840809
|switch|p2a: Zacian|Zacian-Crowned|100/100
|-ability|p2a: Zacian|Intrepid Sword|boost
|-boost|p2a: Zacian|atk|1
|turn|26
|
|t:|1659840817
|move|p2a: Zacian|Behemoth Blade|p1a: Rayquaza
|-damage|p1a: Rayquaza|0 fnt
|faint|p1a: Rayquaza
|-weather|none
|
|upkeep
|
|t:|1659840820
|switch|p1a: Ditto|Ditto, shiny|88/100
|-transform|p1a: Ditto|p2a: Zacian|[from] ability: Imposter
|-ability|p1a: Ditto|Intrepid Sword|boost
|-boost|p1a: Ditto|atk|1
|turn|27
|
|t:|1659840828
|move|p2a: Zacian|Quick Attack|p1a: Ditto
|-resisted|p1a: Ditto
|-damage|p1a: Ditto|75/100
|move|p1a: Ditto|Behemoth Blade|p2a: Zacian
|-damage|p2a: Zacian|0 fnt
|faint|p2a: Zacian
|
|upkeep
|
|t:|1659840835
|switch|p2a: Necrozma|Necrozma-Dusk-Mane|100/100
|turn|28
|
|t:|1659840846
|switch|p1a: Toxapex|Toxapex, F, shiny|49/100
|move|p2a: Necrozma|Dragon Dance|p2a: Necrozma
|-boost|p2a: Necrozma|atk|1
|-boost|p2a: Necrozma|spe|1
|
|-heal|p1a: Toxapex|55/100|[from] item: Black Sludge
|upkeep
|turn|29
|
|t:|1659840854
|move|p2a: Necrozma|Photon Geyser|p1a: Toxapex
|-supereffective|p1a: Toxapex
|-damage|p1a: Toxapex|0 fnt
|faint|p1a: Toxapex
|
|upkeep
|
|t:|1659840858
|switch|p1a: Zacian|Zacian, shiny|35/100
|-ability|p1a: Zacian|Intrepid Sword|boost
|-boost|p1a: Zacian|atk|1
|turn|30
|
|t:|1659840866
|move|p2a: Necrozma|Photon Geyser|p1a: Zacian
|-damage|p1a: Zacian|0 fnt
|faint|p1a: Zacian
|
|upkeep
|
|t:|1659840869
|switch|p1a: Ditto|Ditto, shiny|75/100
|-transform|p1a: Ditto|p2a: Necrozma|[from] ability: Imposter
|turn|31
|
|t:|1659840877
|detailschange|p2a: Necrozma|Necrozma-Ultra
|-burst|p2a: Necrozma|Necrozma|Ultranecrozium Z
|move|p1a: Ditto|Outrage|p2a: Necrozma
|-supereffective|p2a: Necrozma
|-damage|p2a: Necrozma|0 fnt
|faint|p2a: Necrozma
|
|upkeep
|c|☆AG Champion Red|Gh
|c|☆AG Champion Red|Gg
|
|t:|1659840885
|switch|p2a: Rayquaza|Rayquaza|100/100
|-ability|p2a: Rayquaza|Air Lock
|turn|32
|c|☆dratini1yt|gg
|
|t:|1659840891
|move|p1a: Ditto|Outrage|p2a: Rayquaza|[from]lockedmove
|-supereffective|p2a: Rayquaza
|-damage|p2a: Rayquaza|0 fnt
|faint|p2a: Rayquaza
|
|win|AG Champion Red
|raw|AG Champion Red's rating: 1746 &rarr; <strong>1761</strong><br />(+15 for winning)
|raw|dratini1yt's rating: 1659 &rarr; <strong>1644</strong><br />(-15 for losing)
|l|☆dratini1yt
|c|☆AG Champion Red|That was lucky for me
||Ladder isn't responding, score probably updated but might not have (Request timeout).
