|j|☆Emorawr79
|j|☆Hoenn Militian
|t:|1651598407
|gametype|singles
|player|p1|Emorawr79|ghetsis|1759
|player|p2|Hoenn Militian|ingo|1797
|teamsize|p1|6
|teamsize|p2|6
|gen|8
|tier|[Gen 8] National Dex AG
|rated|
|rule|HP Percentage Mod: HP is shown in percentages
|rule|Endless Battle Clause: Forcing endless battles is banned
|clearpoke
|poke|p1|Calyrex-Shadow|
|poke|p1|Smeargle, F|
|poke|p1|Ditto|
|poke|p1|Zygarde|
|poke|p1|Yveltal|
|poke|p1|Arceus-*|
|poke|p2|Yveltal|
|poke|p2|Quagsire, M|
|poke|p2|Mamoswine, F|
|poke|p2|Shedinja|
|poke|p2|Kyogre|
|poke|p2|Zacian-*|
|teampreview
|inactive|Battle timer is ON: inactive players will automatically lose when time's up. (requested by Emorawr79)
|
|t:|1651598424
|start
|switch|p1a: Smeargle|Smeargle, F|100/100
|switch|p2a: Kyogre|Kyogre|100/100
|-weather|RainDance|[from] ability: Drizzle|[of] p2a: Kyogre
|turn|1
|
|t:|1651598431
|move|p2a: Kyogre|Surf|p1a: Smeargle
|-enditem|p1a: Smeargle|Focus Sash
|-damage|p1a: Smeargle|1/100
|move|p1a: Smeargle|Spore|p2a: Kyogre
|-activate|p2a: Kyogre|item: Safety Goggles|Spore
|
|-weather|RainDance|[upkeep]
|-ability|p1a: Smeargle|Moody|boost
|-boost|p1a: Smeargle|spa|2
|-unboost|p1a: Smeargle|spe|1
|upkeep
|turn|2
|
|t:|1651598441
|move|p2a: Kyogre|Surf|p1a: Smeargle
|-damage|p1a: Smeargle|0 fnt
|faint|p1a: Smeargle
|
|-weather|RainDance|[upkeep]
|upkeep
|
|t:|1651598445
|switch|p1a: Ditto|Ditto|100/100
|-transform|p1a: Ditto|p2a: Kyogre|[from] ability: Imposter
|turn|3
|
|t:|1651598450
|switch|p2a: Shedinja|Shedinja|100/100
|move|p1a: Ditto|Thunder|p2a: Shedinja
|-immune|p2a: Shedinja|[from] ability: Wonder Guard
|
|-weather|RainDance|[upkeep]
|upkeep
|turn|4
|
|t:|1651598457
|switch|p1a: Arceus|Arceus-Ground|100/100
|move|p2a: Shedinja|Baton Pass|p2a: Shedinja
|
|t:|1651598465
|switch|p2a: Kyogre|Kyogre|100/100|[from]move: Baton Pass
|
|-weather|RainDance|[upkeep]
|upkeep
|turn|5
|
|t:|1651598473
|move|p2a: Kyogre|Water Spout|p1a: Arceus
|-supereffective|p1a: Arceus
|-damage|p1a: Arceus|0 fnt
|faint|p1a: Arceus
|
|-weather|none
|upkeep
|
|t:|1651598481
|switch|p1a: Yveltal|Yveltal|100/100
|-ability|p1a: Yveltal|Dark Aura
|turn|6
|
|t:|1651598489
|switch|p2a: Yveltal|Yveltal|100/100
|-ability|p2a: Yveltal|Dark Aura
|-start|p1a: Yveltal|Dynamax|
|-heal|p1a: Yveltal|100/100|[silent]
|move|p1a: Yveltal|Max Airstream|p2a: Yveltal
|-damage|p2a: Yveltal|25/100
|-boost|p1a: Yveltal|spe|1
|-damage|p1a: Yveltal|96/100|[from] item: Life Orb
|
|upkeep
|turn|7
|
|t:|1651598510
|switch|p2a: Quagsire|Quagsire, M|100/100
|move|p1a: Yveltal|Max Airstream|p2a: Quagsire
|-crit|p2a: Quagsire
|-damage|p2a: Quagsire|0 fnt
|-boost|p1a: Yveltal|spe|1
|faint|p2a: Quagsire
|-damage|p1a: Yveltal|91/100|[from] item: Life Orb
|
|upkeep
|
|t:|1651598521
|switch|p2a: Yveltal|Yveltal|25/100
|-ability|p2a: Yveltal|Dark Aura
|turn|8
|
|t:|1651598525
|move|p1a: Yveltal|Max Flare|p2a: Yveltal
|-damage|p2a: Yveltal|0 fnt
|-weather|SunnyDay
|faint|p2a: Yveltal
|-damage|p1a: Yveltal|86/100|[from] item: Life Orb
|
|-weather|SunnyDay|[upkeep]
|upkeep
|inactive|Hoenn Militian has 120 seconds left.
|
|t:|1651598549
|switch|p2a: Mamoswine|Mamoswine, F|100/100
|-end|p1a: Yveltal|Dynamax
|-heal|p1a: Yveltal|86/100|[silent]
|turn|9
|
|t:|1651598555
|move|p1a: Yveltal|Dark Pulse|p2a: Mamoswine
|-enditem|p2a: Mamoswine|Focus Sash
|-damage|p2a: Mamoswine|1/100
|-damage|p1a: Yveltal|76/100|[from] item: Life Orb
|move|p2a: Mamoswine|Endeavor|p1a: Yveltal
|-damage|p1a: Yveltal|1/100
|
|-weather|SunnyDay|[upkeep]
|upkeep
|turn|10
|
|t:|1651598565
|move|p2a: Mamoswine|Ice Shard|p1a: Yveltal
|-supereffective|p1a: Yveltal
|-damage|p1a: Yveltal|0 fnt
|faint|p1a: Yveltal
|
|-weather|SunnyDay|[upkeep]
|upkeep
|
|t:|1651598571
|switch|p1a: Calyrex|Calyrex-Shadow|100/100
|-ability|p1a: Calyrex|As One
|-ability|p1a: Calyrex|Unnerve
|turn|11
|
|t:|1651598577
|move|p2a: Mamoswine|Ice Shard|p1a: Calyrex
|-damage|p1a: Calyrex|72/100
|move|p1a: Calyrex|Astral Barrage|p2a: Mamoswine
|-damage|p2a: Mamoswine|0 fnt
|faint|p2a: Mamoswine
|-ability|p1a: Calyrex|Grim Neigh|boost
|-boost|p1a: Calyrex|spa|1
|
|-weather|SunnyDay|[upkeep]
|upkeep
|
|t:|1651598596
|switch|p2a: Shedinja|Shedinja|100/100
|turn|12
|
|t:|1651598600
|move|p2a: Shedinja|Shadow Sneak|p1a: Calyrex
|-supereffective|p1a: Calyrex
|-damage|p1a: Calyrex|0 fnt
|faint|p1a: Calyrex
|
|-weather|none
|upkeep
|
|t:|1651598602
|switch|p1a: Ditto|Ditto|100/100
|-transform|p1a: Ditto|p2a: Shedinja|[from] ability: Imposter
|turn|13
|
|t:|1651598613
|switch|p2a: Kyogre|Kyogre|100/100
|-weather|RainDance|[from] ability: Drizzle|[of] p2a: Kyogre
|move|p1a: Ditto|Baton Pass|p1a: Ditto
|
|t:|1651598615
|switch|p1a: Zygarde|Zygarde|100/100|[from]move: Baton Pass
|
|-weather|RainDance|[upkeep]
|upkeep
|turn|14
|
|t:|1651598624
|move|p2a: Kyogre|Ice Beam|p1a: Zygarde
|-supereffective|p1a: Zygarde
|-crit|p1a: Zygarde
|-damage|p1a: Zygarde|0 fnt
|faint|p1a: Zygarde
|
|-weather|RainDance|[upkeep]
|upkeep
|-message|Emorawr79 forfeited.
|
|win|Hoenn Militian
|raw|Emorawr79's rating: 1759 &rarr; <strong>1741</strong><br />(-18 for losing)
|raw|Hoenn Militian's rating: 1797 &rarr; <strong>1815</strong><br />(+18 for winning)
|l|☆Emorawr79
||Ladder isn't responding, score probably updated but might not have (Request timeout).
