|j|☆Ofjfdokjdf
|j|☆Nobodi_Nowan
|t:|1661419201
|gametype|singles
|player|p1|Ofjfdokjdf|clown|
|player|p2|Nobodi_Nowan|akari|
|teamsize|p1|6
|teamsize|p2|6
|gen|8
|tier|[Gen 8] National Dex AG
|rule|HP Percentage Mod: HP is shown in percentages
|rule|Endless Battle Clause: Forcing endless battles is banned
|clearpoke
|poke|p1|Dragonite, M|
|poke|p1|Reshiram|
|poke|p1|Charizard, M|
|poke|p1|Dialga|
|poke|p1|Gyarados, M|
|poke|p1|Tyranitar, M|
|poke|p2|Gliscor, F|
|poke|p2|Metagross|
|poke|p2|Kartana|
|poke|p2|Heatran, M|
|poke|p2|Chansey, F|
|poke|p2|Dragapult, F|
|teampreview
|inactive|Battle timer is ON: inactive players will automatically lose when time's up. (requested by Ofjfdokjdf)
|c|☆Ofjfdokjdf|Glhf
|c|☆Nobodi_Nowan|u2
|
|t:|1661419211
|start
|switch|p1a: Dragonite|Dragonite, M|100/100
|switch|p2a: Dragapult|Dragapult, F|100/100
|turn|1
|
|t:|1661419216
|-start|p1a: Dragonite|Dynamax|
|-heal|p1a: Dragonite|100/100|[silent]
|move|p2a: Dragapult|U-turn|p1a: Dragonite
|-resisted|p1a: Dragonite
|-crit|p1a: Dragonite
|-damage|p1a: Dragonite|97/100
|
|t:|1661419228
|switch|p2a: Gliscor|Gliscor, F|100/100|[from]move: U-turn
|move|p1a: Dragonite|Max Airstream|p2a: Gliscor
|-damage|p2a: Gliscor|50/100
|-boost|p1a: Dragonite|spe|1
|
|-status|p2a: Gliscor|tox|[from] item: Toxic Orb
|upkeep
|turn|2
|
|t:|1661419238
|switch|p2a: Heatran|Heatran, M|100/100
|-item|p2a: Heatran|Air Balloon
|move|p1a: Dragonite|Max Knuckle|p2a: Heatran
|-supereffective|p2a: Heatran
|-damage|p2a: Heatran|41/100
|-boost|p1a: Dragonite|atk|1
|-enditem|p2a: Heatran|Air Balloon
|
|upkeep
|turn|3
|
|t:|1661419251
|move|p1a: Dragonite|Max Airstream|p2a: Heatran
|-resisted|p2a: Heatran
|-damage|p2a: Heatran|0 fnt
|-boost|p1a: Dragonite|spe|1
|faint|p2a: Heatran
|
|upkeep
|
|t:|1661419275
|switch|p2a: Metagross|Metagross|100/100
|-end|p1a: Dragonite|Dynamax
|-heal|p1a: Dragonite|97/100|[silent]
|turn|4
|
|t:|1661419280
|detailschange|p2a: Metagross|Metagross-Mega
|-mega|p2a: Metagross|Metagross|Metagrossite
|move|p1a: Dragonite|Fire Punch|p2a: Metagross
|-supereffective|p2a: Metagross
|-damage|p2a: Metagross|36/100
|move|p2a: Metagross|Ice Punch|p1a: Dragonite
|-supereffective|p1a: Dragonite
|-damage|p1a: Dragonite|0 fnt
|faint|p1a: Dragonite
|
|upkeep
|
|t:|1661419286
|switch|p1a: Reshiram|Reshiram|100/100
|-ability|p1a: Reshiram|Turboblaze
|turn|5
|
|t:|1661419293
|move|p2a: Metagross|Earthquake|p1a: Reshiram
|-supereffective|p1a: Reshiram
|-enditem|p1a: Reshiram|Shuca Berry|[eat]
|-enditem|p1a: Reshiram|Shuca Berry|[weaken]
|-damage|p1a: Reshiram|57/100
|move|p1a: Reshiram|Dragon Dance|p1a: Reshiram
|-boost|p1a: Reshiram|atk|1
|-boost|p1a: Reshiram|spe|1
|
|upkeep
|turn|6
|
|t:|1661419300
|move|p2a: Metagross|Bullet Punch|p1a: Reshiram
|-resisted|p1a: Reshiram
|-damage|p1a: Reshiram|38/100
|move|p1a: Reshiram|Flare Blitz|p2a: Metagross
|-supereffective|p2a: Metagross
|-damage|p2a: Metagross|0 fnt
|faint|p2a: Metagross
|-damage|p1a: Reshiram|27/100|[from] Recoil
|
|upkeep
|
|t:|1661419310
|switch|p2a: Gliscor|Gliscor, F|50/100 tox
|turn|7
|
|t:|1661419312
|move|p1a: Reshiram|Hidden Power|p2a: Gliscor
|-supereffective|p2a: Gliscor
|-damage|p2a: Gliscor|0 fnt
|faint|p2a: Gliscor
|
|upkeep
|
|t:|1661419327
|switch|p2a: Kartana|Kartana|100/100
|turn|8
|
|t:|1661419330
|-start|p2a: Kartana|Dynamax|
|-heal|p2a: Kartana|100/100|[silent]
|move|p1a: Reshiram|Flare Blitz|p2a: Kartana
|-supereffective|p2a: Kartana
|-enditem|p2a: Kartana|Focus Sash
|-damage|p2a: Kartana|1/100
|-damage|p1a: Reshiram|0 fnt|[from] Recoil
|faint|p1a: Reshiram
|move|p2a: Kartana|Max Airstream|p1: Reshiram|[notarget]
|-fail|p2a: Kartana
|
|upkeep
|c|☆Ofjfdokjdf|Lol
|
|t:|1661419341
|switch|p1a: Charizard|Charizard, M|100/100
|turn|9
|c|☆Nobodi_Nowan|frick
|
|t:|1661419346
|detailschange|p1a: Charizard|Charizard-Mega-X, M
|-mega|p1a: Charizard|Charizard|Charizardite X
|move|p1a: Charizard|Dragon Dance|p1a: Charizard
|-boost|p1a: Charizard|atk|1
|-boost|p1a: Charizard|spe|1
|move|p2a: Kartana|Max Airstream|p1a: Charizard
|-damage|p1a: Charizard|37/100
|-boost|p2a: Kartana|spe|1
|
|upkeep
|turn|10
|
|t:|1661419355
|move|p1a: Charizard|Dragon Claw|p2a: Kartana
|-resisted|p2a: Kartana
|-damage|p2a: Kartana|0 fnt
|faint|p2a: Kartana
|
|upkeep
|c|☆Nobodi_Nowan|and now im ded
|
|t:|1661419367
|switch|p2a: Chansey|Chansey, F|100/100
|turn|11
|c|☆Ofjfdokjdf|Ggs :)
|
|t:|1661419375
|move|p1a: Charizard|Dragon Claw|p2a: Chansey
|-damage|p2a: Chansey|0 fnt
|faint|p2a: Chansey
|
|upkeep
|c|☆Nobodi_Nowan|:)
|
|t:|1661419379
|switch|p2a: Dragapult|Dragapult, F|100/100
|turn|12
|
|t:|1661419382
|move|p1a: Charizard|Dragon Claw|p2a: Dragapult
|-supereffective|p2a: Dragapult
|-damage|p2a: Dragapult|0 fnt
|faint|p2a: Dragapult
|
|win|Ofjfdokjdf
|l|☆Nobodi_Nowan
