|j|☆AdamHaziq
|j|☆not a strat
|t:|1661876640
|gametype|singles
|player|p1|AdamHaziq|unknown|1718
|player|p2|not a strat|lucian|1670
|teamsize|p1|6
|teamsize|p2|6
|gen|8
|tier|[Gen 8] National Dex AG
|rated|
|rule|HP Percentage Mod: HP is shown in percentages
|rule|Endless Battle Clause: Forcing endless battles is banned
|clearpoke
|poke|p1|Rayquaza|
|poke|p1|Ditto|
|poke|p1|Breloom, F|
|poke|p1|Calyrex-Shadow|
|poke|p1|Zacian-*|
|poke|p1|Darkrai|
|poke|p2|Chansey, F|
|poke|p2|Muk-Alola, M|
|poke|p2|Necrozma-Dusk-Mane|
|poke|p2|Yveltal|
|poke|p2|Giratina|
|poke|p2|Zacian-*|
|teampreview
|inactive|Battle timer is ON: inactive players will automatically lose when time's up. (requested by AdamHaziq)
|
|t:|1661876650
|start
|switch|p1a: Darkrai|Darkrai|100/100
|switch|p2a: Muk|Muk-Alola, M|100/100
|turn|1
|
|t:|1661876662
|-zpower|p1a: Darkrai
|move|p1a: Darkrai|Z-Hypnosis|p2a: Muk|[anim]Hypnosis
|-boost|p1a: Darkrai|spe|1|[zeffect]
|-status|p2a: Muk|slp|[from] move: Hypnosis
|cant|p2a: Muk|slp
|
|-damage|p2a: Muk|88/100 slp|[from] ability: Bad Dreams|[of] p1a: Darkrai
|upkeep
|turn|2
|
|t:|1661876669
|move|p1a: Darkrai|Substitute|p1a: Darkrai
|-start|p1a: Darkrai|Substitute
|-damage|p1a: Darkrai|76/100
|cant|p2a: Muk|slp
|
|-damage|p2a: Muk|76/100 slp|[from] ability: Bad Dreams|[of] p1a: Darkrai
|upkeep
|turn|3
|j| smoolic alt
|
|t:|1661876685
|move|p1a: Darkrai|Nasty Plot|p1a: Darkrai
|-boost|p1a: Darkrai|spa|2
|cant|p2a: Muk|slp
|
|-damage|p2a: Muk|64/100 slp|[from] ability: Bad Dreams|[of] p1a: Darkrai
|upkeep
|turn|4
|
|t:|1661876692
|move|p1a: Darkrai|Nasty Plot|p1a: Darkrai
|-boost|p1a: Darkrai|spa|2
|-curestatus|p2a: Muk|slp|[msg]
|move|p2a: Muk|Knock Off|p1a: Darkrai
|-resisted|p1a: Darkrai
|-activate|p1a: Darkrai|move: Substitute|[damage]
|
|upkeep
|turn|5
|
|t:|1661876697
|move|p2a: Muk|Shadow Sneak|p1a: Darkrai
|-resisted|p1a: Darkrai
|-end|p1a: Darkrai|Substitute
|move|p1a: Darkrai|Hypnosis|p2a: Muk|[miss]
|-miss|p1a: Darkrai|p2a: Muk
|
|upkeep
|turn|6
|
|t:|1661876705
|move|p2a: Muk|Shadow Sneak|p1a: Darkrai
|-resisted|p1a: Darkrai
|-damage|p1a: Darkrai|68/100
|move|p1a: Darkrai|Hypnosis|p2a: Muk
|-status|p2a: Muk|slp|[from] move: Hypnosis
|
|-damage|p2a: Muk|51/100 slp|[from] ability: Bad Dreams|[of] p1a: Darkrai
|upkeep
|turn|7
|
|t:|1661876709
|move|p1a: Darkrai|Substitute|p1a: Darkrai
|-start|p1a: Darkrai|Substitute
|-damage|p1a: Darkrai|43/100
|cant|p2a: Muk|slp
|
|-damage|p2a: Muk|39/100 slp|[from] ability: Bad Dreams|[of] p1a: Darkrai
|upkeep
|turn|8
|
|t:|1661876716
|move|p1a: Darkrai|Nasty Plot|p1a: Darkrai
|-boost|p1a: Darkrai|spa|2
|cant|p2a: Muk|slp
|
|-damage|p2a: Muk|27/100 slp|[from] ability: Bad Dreams|[of] p1a: Darkrai
|upkeep
|turn|9
|
|t:|1661876727
|move|p1a: Darkrai|Dark Pulse|p2a: Muk
|-resisted|p2a: Muk
|-damage|p2a: Muk|0 fnt
|faint|p2a: Muk
|
|upkeep
|
|t:|1661876729
|switch|p2a: Yveltal|Yveltal|100/100
|-ability|p2a: Yveltal|Dark Aura
|turn|10
|
|t:|1661876738
|move|p1a: Darkrai|Hypnosis|p2a: Yveltal|[miss]
|-miss|p1a: Darkrai|p2a: Yveltal
|move|p2a: Yveltal|U-turn|p1a: Darkrai
|-supereffective|p1a: Darkrai
|-end|p1a: Darkrai|Substitute
|
|t:|1661876754
|switch|p2a: Zacian|Zacian-Crowned|100/100|[from]move: U-turn
|-ability|p2a: Zacian|Intrepid Sword|boost
|-boost|p2a: Zacian|atk|1
|
|upkeep
|turn|11
|
|t:|1661876759
|move|p1a: Darkrai|Dark Pulse|p2a: Zacian
|-resisted|p2a: Zacian
|-damage|p2a: Zacian|20/100
|move|p2a: Zacian|Behemoth Blade|p1a: Darkrai
|-damage|p1a: Darkrai|0 fnt
|faint|p1a: Darkrai
|
|upkeep
|
|t:|1661876765
|switch|p1a: Ditto|Ditto|100/100
|-transform|p1a: Ditto|p2a: Zacian|[from] ability: Imposter
|-ability|p1a: Ditto|Intrepid Sword|boost
|-boost|p1a: Ditto|atk|1
|turn|12
|
|t:|1661876768
|switch|p2a: Necrozma|Necrozma-Dusk-Mane|100/100
|move|p1a: Ditto|Behemoth Blade|p2a: Necrozma
|-resisted|p2a: Necrozma
|-damage|p2a: Necrozma|68/100
|-damage|p1a: Ditto|84/100|[from] item: Rocky Helmet|[of] p2a: Necrozma
|
|upkeep
|turn|13
|
|t:|1661876772
|switch|p1a: Breloom|Breloom, F|100/100
|move|p2a: Necrozma|Stealth Rock|p1a: Breloom
|-sidestart|p1: AdamHaziq|move: Stealth Rock
|
|-status|p1a: Breloom|tox|[from] item: Toxic Orb
|upkeep
|turn|14
|
|t:|1661876779
|switch|p2a: Giratina|Giratina|100/100
|-ability|p2a: Giratina|Pressure
|move|p1a: Breloom|Spore|p2a: Giratina
|-status|p2a: Giratina|slp|[from] move: Spore
|
|upkeep
|turn|15
|
|t:|1661876783
|move|p1a: Breloom|Substitute|p1a: Breloom
|-start|p1a: Breloom|Substitute
|-damage|p1a: Breloom|76/100 tox
|cant|p2a: Giratina|slp
|
|-heal|p1a: Breloom|88/100 tox|[from] ability: Poison Heal
|upkeep
|turn|16
|
|t:|1661876788
|move|p1a: Breloom|Leech Seed|p2a: Giratina
|-start|p2a: Giratina|move: Leech Seed
|cant|p2a: Giratina|slp
|
|-damage|p2a: Giratina|88/100 slp|[from] Leech Seed|[of] p1a: Breloom
|-heal|p1a: Breloom|100/100 tox|[silent]
|upkeep
|turn|17
|
|t:|1661876793
|move|p1a: Breloom|Spore|p2a: Giratina
|-fail|p2a: Giratina|slp
|-curestatus|p2a: Giratina|slp|[msg]
|move|p2a: Giratina|Roar|p1a: Breloom
|drag|p1a: Rayquaza|Rayquaza, shiny|100/100
|-damage|p1a: Rayquaza|76/100|[from] Stealth Rock
|-ability|p1a: Rayquaza|Air Lock
|
|-heal|p1a: Rayquaza|82/100|[from] item: Leftovers
|-heal|p2a: Giratina|94/100|[from] item: Leftovers
|-damage|p2a: Giratina|82/100|[from] Leech Seed|[of] p1a: Rayquaza
|-heal|p1a: Rayquaza|99/100|[silent]
|upkeep
|turn|18
|
|t:|1661876800
|switch|p2a: Necrozma|Necrozma-Dusk-Mane|68/100
|move|p1a: Rayquaza|Dragon Dance|p1a: Rayquaza
|-boost|p1a: Rayquaza|atk|1
|-boost|p1a: Rayquaza|spe|1
|
|-heal|p1a: Rayquaza|100/100|[from] item: Leftovers
|upkeep
|turn|19
|
|t:|1661876807
|detailschange|p1a: Rayquaza|Rayquaza-Mega, shiny
|-mega|p1a: Rayquaza|Rayquaza|
|-weather|DeltaStream|[from] ability: Delta Stream|[of] p1a: Rayquaza
|-start|p2a: Necrozma|Dynamax|
|-heal|p2a: Necrozma|68/100|[silent]
|move|p1a: Rayquaza|Earthquake|p2a: Necrozma
|-supereffective|p2a: Necrozma
|-damage|p2a: Necrozma|40/100
|move|p2a: Necrozma|Max Steelspike|p1a: Rayquaza
|-damage|p1a: Rayquaza|35/100
|-boost|p2a: Necrozma|def|1
|
|-weather|DeltaStream|[upkeep]
|-heal|p1a: Rayquaza|41/100|[from] item: Leftovers
|upkeep
|turn|20
|
|t:|1661876815
|move|p1a: Rayquaza|Earthquake|p2a: Necrozma
|-supereffective|p2a: Necrozma
|-damage|p2a: Necrozma|20/100
|move|p2a: Necrozma|Max Steelspike|p1a: Rayquaza
|-damage|p1a: Rayquaza|0 fnt
|-boost|p2a: Necrozma|def|1
|faint|p1a: Rayquaza
|-weather|none
|
|upkeep
|
|t:|1661876821
|switch|p1a: Breloom|Breloom, F|100/100 tox
|-damage|p1a: Breloom|94/100 tox|[from] Stealth Rock
|turn|21
|
|t:|1661876841
|move|p2a: Necrozma|Max Guard|p2a: Necrozma
|-singleturn|p2a: Necrozma|Max Guard
|move|p1a: Breloom|Spore|p2a: Necrozma
|-activate|p2a: Necrozma|move: Max Guard
|
|-heal|p1a: Breloom|100/100 tox|[from] ability: Poison Heal
|upkeep
|-end|p2a: Necrozma|Dynamax
|-heal|p2a: Necrozma|20/100|[silent]
|turn|22
|l| smoolic alt
|
|t:|1661876850
|switch|p2a: Chansey|Chansey, F|100/100
|move|p1a: Breloom|Spore|p2a: Chansey
|-status|p2a: Chansey|slp|[from] move: Spore
|
|upkeep
|turn|23
|
|t:|1661876854
|-curestatus|p2a: Chansey|slp|[from] ability: Natural Cure
|switch|p2a: Giratina|Giratina|82/100
|-ability|p2a: Giratina|Pressure
|move|p1a: Breloom|Substitute|p1a: Breloom
|-start|p1a: Breloom|Substitute
|-damage|p1a: Breloom|76/100 tox
|
|-heal|p2a: Giratina|88/100|[from] item: Leftovers
|-heal|p1a: Breloom|88/100 tox|[from] ability: Poison Heal
|upkeep
|turn|24
|
|t:|1661876863
|move|p1a: Breloom|Spore|p2a: Giratina
|-status|p2a: Giratina|slp|[from] move: Spore
|cant|p2a: Giratina|slp
|
|-heal|p2a: Giratina|94/100 slp|[from] item: Leftovers
|-heal|p1a: Breloom|100/100 tox|[from] ability: Poison Heal
|upkeep
|turn|25
|
|t:|1661876866
|move|p1a: Breloom|Leech Seed|p2a: Giratina
|-start|p2a: Giratina|move: Leech Seed
|cant|p2a: Giratina|slp
|
|-heal|p2a: Giratina|99/100 slp|[from] item: Leftovers
|-damage|p2a: Giratina|88/100 slp|[from] Leech Seed|[of] p1a: Breloom
|upkeep
|turn|26
|
|t:|1661876872
|switch|p1a: Calyrex|Calyrex-Shadow|100/100
|-ability|p1a: Calyrex|As One
|-ability|p1a: Calyrex|Unnerve
|-damage|p1a: Calyrex|88/100|[from] Stealth Rock
|-curestatus|p2a: Giratina|slp|[msg]
|move|p2a: Giratina|Roar|p1a: Calyrex
|drag|p1a: Breloom|Breloom, F|100/100 tox
|-damage|p1a: Breloom|94/100 tox|[from] Stealth Rock
|
|-heal|p2a: Giratina|94/100|[from] item: Leftovers
|-damage|p2a: Giratina|81/100|[from] Leech Seed|[of] p1a: Breloom
|-heal|p1a: Breloom|100/100 tox|[silent]
|upkeep
|turn|27
|
|t:|1661876880
|switch|p2a: Chansey|Chansey, F|100/100
|move|p1a: Breloom|Spore|p2a: Chansey
|-status|p2a: Chansey|slp|[from] move: Spore
|
|upkeep
|turn|28
|
|t:|1661876896
|-curestatus|p2a: Chansey|slp|[from] ability: Natural Cure
|switch|p2a: Giratina|Giratina|81/100
|-ability|p2a: Giratina|Pressure
|move|p1a: Breloom|Substitute|p1a: Breloom
|-start|p1a: Breloom|Substitute
|-damage|p1a: Breloom|76/100 tox
|
|-heal|p2a: Giratina|87/100|[from] item: Leftovers
|-heal|p1a: Breloom|88/100 tox|[from] ability: Poison Heal
|upkeep
|turn|29
|
|t:|1661876905
|move|p1a: Breloom|Spore|p2a: Giratina
|-status|p2a: Giratina|slp|[from] move: Spore
|cant|p2a: Giratina|slp
|
|-heal|p2a: Giratina|94/100 slp|[from] item: Leftovers
|-heal|p1a: Breloom|100/100 tox|[from] ability: Poison Heal
|upkeep
|turn|30
|
|t:|1661876908
|move|p1a: Breloom|Leech Seed|p2a: Giratina
|-start|p2a: Giratina|move: Leech Seed
|cant|p2a: Giratina|slp
|
|-heal|p2a: Giratina|99/100 slp|[from] item: Leftovers
|-damage|p2a: Giratina|87/100 slp|[from] Leech Seed|[of] p1a: Breloom
|upkeep
|turn|31
|
|t:|1661876918
|move|p1a: Breloom|Leech Seed||[still]
|-fail|p1a: Breloom
|cant|p2a: Giratina|slp
|
|-heal|p2a: Giratina|93/100 slp|[from] item: Leftovers
|-damage|p2a: Giratina|81/100 slp|[from] Leech Seed|[of] p1a: Breloom
|upkeep
|turn|32
|
|t:|1661876935
|move|p1a: Breloom|Drain Punch|p2a: Giratina
|-immune|p2a: Giratina
|-curestatus|p2a: Giratina|slp|[msg]
|move|p2a: Giratina|Roar|p1a: Breloom
|drag|p1a: Calyrex|Calyrex-Shadow|88/100
|-ability|p1a: Calyrex|As One
|-ability|p1a: Calyrex|Unnerve
|-damage|p1a: Calyrex|76/100|[from] Stealth Rock
|
|-heal|p2a: Giratina|87/100|[from] item: Leftovers
|-damage|p2a: Giratina|75/100|[from] Leech Seed|[of] p1a: Calyrex
|-heal|p1a: Calyrex|94/100|[silent]
|upkeep
|turn|33
|
|t:|1661876943
|switch|p2a: Yveltal|Yveltal|100/100
|-ability|p2a: Yveltal|Dark Aura
|-start|p1a: Calyrex|Dynamax|
|-heal|p1a: Calyrex|94/100|[silent]
|move|p1a: Calyrex|Max Starfall|p2a: Yveltal
|-supereffective|p2a: Yveltal
|-damage|p2a: Yveltal|53/100
|-fieldstart|move: Misty Terrain
|
|upkeep
|turn|34
|
|t:|1661876953
|switch|p2a: Chansey|Chansey, F|100/100
|move|p1a: Calyrex|Max Starfall|p2a: Chansey
|-damage|p2a: Chansey|89/100
|
|upkeep
|turn|35
|
|t:|1661876958
|-end|p1a: Calyrex|Dynamax
|-heal|p1a: Calyrex|94/100|[silent]
|switch|p1a: Breloom|Breloom, F|100/100 tox
|-damage|p1a: Breloom|94/100 tox|[from] Stealth Rock
|move|p2a: Chansey|Toxic|p1a: Breloom
|-fail|p1a: Breloom|tox
|
|-heal|p1a: Breloom|100/100 tox|[from] ability: Poison Heal
|upkeep
|turn|36
|
|t:|1661876967
|switch|p2a: Giratina|Giratina|75/100
|-ability|p2a: Giratina|Pressure
|move|p1a: Breloom|Substitute|p1a: Breloom
|-start|p1a: Breloom|Substitute
|-damage|p1a: Breloom|76/100 tox
|
|-heal|p2a: Giratina|81/100|[from] item: Leftovers
|-heal|p1a: Breloom|88/100 tox|[from] ability: Poison Heal
|upkeep
|turn|37
|
|t:|1661876977
|move|p1a: Breloom|Spore|p2a: Giratina
|-activate|p2a: Giratina|move: Misty Terrain
|move|p2a: Giratina|Roar|p1a: Breloom
|drag|p1a: Calyrex|Calyrex-Shadow|94/100
|-ability|p1a: Calyrex|As One
|-ability|p1a: Calyrex|Unnerve
|-damage|p1a: Calyrex|82/100|[from] Stealth Rock
|
|-heal|p2a: Giratina|87/100|[from] item: Leftovers
|-fieldend|Misty Terrain
|upkeep
|turn|38
|
|t:|1661876988
|switch|p2a: Yveltal|Yveltal|53/100
|-ability|p2a: Yveltal|Dark Aura
|move|p1a: Calyrex|Astral Barrage|p2a: Yveltal
|-resisted|p2a: Yveltal
|-damage|p2a: Yveltal|31/100
|
|upkeep
|turn|39
|
|t:|1661876992
|switch|p1a: Breloom|Breloom, F|88/100 tox
|-damage|p1a: Breloom|82/100 tox|[from] Stealth Rock
|move|p2a: Yveltal|Roost|p2a: Yveltal
|-heal|p2a: Yveltal|81/100
|-singleturn|p2a: Yveltal|move: Roost
|
|-heal|p1a: Breloom|94/100 tox|[from] ability: Poison Heal
|upkeep
|turn|40
|
|t:|1661877000
|switch|p2a: Giratina|Giratina|87/100
|-ability|p2a: Giratina|Pressure
|move|p1a: Breloom|Spore|p2a: Giratina
|-status|p2a: Giratina|slp|[from] move: Spore
|
|-heal|p2a: Giratina|93/100 slp|[from] item: Leftovers
|-heal|p1a: Breloom|100/100 tox|[from] ability: Poison Heal
|upkeep
|turn|41
|
|t:|1661877007
|switch|p1a: Calyrex|Calyrex-Shadow|82/100
|-ability|p1a: Calyrex|As One
|-ability|p1a: Calyrex|Unnerve
|-damage|p1a: Calyrex|70/100|[from] Stealth Rock
|cant|p2a: Giratina|slp
|
|-heal|p2a: Giratina|99/100 slp|[from] item: Leftovers
|upkeep
|turn|42
|
|t:|1661877010
|switch|p2a: Yveltal|Yveltal|81/100
|-ability|p2a: Yveltal|Dark Aura
|move|p1a: Calyrex|Draining Kiss|p2a: Yveltal
|-supereffective|p2a: Yveltal
|-damage|p2a: Yveltal|58/100
|-heal|p1a: Calyrex|93/100|[from] drain|[of] p2a: Yveltal
|
|upkeep
|turn|43
|
|t:|1661877016
|switch|p1a: Zoro|Zacian-Crowned|100/100
|-damage|p1a: Zoro|94/100|[from] Stealth Rock
|-ability|p1a: Zoro|Intrepid Sword|boost
|-boost|p1a: Zoro|atk|1
|move|p2a: Yveltal|Roost|p2a: Yveltal
|-heal|p2a: Yveltal|100/100
|-singleturn|p2a: Yveltal|move: Roost
|
|upkeep
|turn|44
|
|t:|1661877023
|switch|p2a: Necrozma|Necrozma-Dusk-Mane|20/100
|move|p1a: Zoro|Swords Dance|p1a: Zoro
|-boost|p1a: Zoro|atk|2
|
|upkeep
|turn|45
|
|t:|1661877029
|move|p1a: Zoro|Behemoth Blade|p2a: Necrozma
|-resisted|p2a: Necrozma
|-damage|p2a: Necrozma|0 fnt
|-damage|p1a: Zoro|78/100|[from] item: Rocky Helmet|[of] p2a: Necrozma
|faint|p2a: Necrozma
|
|upkeep
|
|t:|1661877032
|switch|p2a: Zacian|Zacian-Crowned|20/100
|-ability|p2a: Zacian|Intrepid Sword|boost
|-boost|p2a: Zacian|atk|1
|turn|46
|
|t:|1661877034
|move|p2a: Zacian|Behemoth Blade|p1a: Zoro
|-damage|p1a: Zoro|0 fnt
|faint|p1a: Zoro
|
|upkeep
|
|t:|1661877037
|switch|p1a: Ditto|Ditto|84/100
|-damage|p1a: Ditto|71/100|[from] Stealth Rock
|-transform|p1a: Ditto|p2a: Zacian|[from] ability: Imposter
|-ability|p1a: Ditto|Intrepid Sword|boost
|-boost|p1a: Ditto|atk|1
|turn|47
|
|t:|1661877047
|switch|p2a: Yveltal|Yveltal|100/100
|-ability|p2a: Yveltal|Dark Aura
|move|p1a: Ditto|Behemoth Blade|p2a: Yveltal
|-damage|p2a: Yveltal|4/100
|
|upkeep
|turn|48
|
|t:|1661877054
|switch|p2a: Giratina|Giratina|99/100 slp
|-ability|p2a: Giratina|Pressure
|move|p1a: Ditto|Behemoth Blade|p2a: Giratina
|-damage|p2a: Giratina|49/100 slp
|
|-heal|p2a: Giratina|55/100 slp|[from] item: Leftovers
|upkeep
|turn|49
|
|t:|1661877063
|switch|p2a: Zacian|Zacian-Crowned|20/100
|-ability|p2a: Zacian|Intrepid Sword|boost
|-boost|p2a: Zacian|atk|1
|move|p1a: Ditto|Behemoth Blade|p2a: Zacian
|-damage|p2a: Zacian|0 fnt
|faint|p2a: Zacian
|
|upkeep
|
|t:|1661877069
|switch|p2a: Yveltal|Yveltal|4/100
|-ability|p2a: Yveltal|Dark Aura
|turn|50
|
|t:|1661877073
|move|p1a: Ditto|Behemoth Blade|p2a: Yveltal
|-damage|p2a: Yveltal|0 fnt
|faint|p2a: Yveltal
|
|upkeep
|
|t:|1661877076
|switch|p2a: Giratina|Giratina|55/100 slp
|-ability|p2a: Giratina|Pressure
|turn|51
|
|t:|1661877087
|switch|p1a: Breloom|Breloom, F|100/100 tox
|-damage|p1a: Breloom|94/100 tox|[from] Stealth Rock
|cant|p2a: Giratina|slp
|
|-heal|p2a: Giratina|61/100 slp|[from] item: Leftovers
|-heal|p1a: Breloom|100/100 tox|[from] ability: Poison Heal
|upkeep
|turn|52
|
|t:|1661877094
|cant|p2a: Giratina|slp
|move|p1a: Breloom|Leech Seed|p2a: Giratina|[miss]
|-miss|p1a: Breloom|p2a: Giratina
|
|-heal|p2a: Giratina|67/100 slp|[from] item: Leftovers
|upkeep
|turn|53
|
|t:|1661877100
|-curestatus|p2a: Giratina|slp|[msg]
|move|p2a: Giratina|Rest|p2a: Giratina
|-status|p2a: Giratina|slp|[from] move: Rest
|-heal|p2a: Giratina|100/100 slp|[silent]
|move|p1a: Breloom|Substitute|p1a: Breloom
|-start|p1a: Breloom|Substitute
|-damage|p1a: Breloom|76/100 tox
|
|-heal|p1a: Breloom|88/100 tox|[from] ability: Poison Heal
|upkeep
|turn|54
|
|t:|1661877105
|cant|p2a: Giratina|slp
|move|p1a: Breloom|Leech Seed|p2a: Giratina
|-start|p2a: Giratina|move: Leech Seed
|
|-damage|p2a: Giratina|88/100 slp|[from] Leech Seed|[of] p1a: Breloom
|-heal|p1a: Breloom|100/100 tox|[silent]
|upkeep
|turn|55
|
|t:|1661877113
|switch|p1a: Calyrex|Calyrex-Shadow|93/100
|-ability|p1a: Calyrex|As One
|-ability|p1a: Calyrex|Unnerve
|-damage|p1a: Calyrex|81/100|[from] Stealth Rock
|cant|p2a: Giratina|slp
|
|-heal|p2a: Giratina|94/100 slp|[from] item: Leftovers
|-damage|p2a: Giratina|82/100 slp|[from] Leech Seed|[of] p1a: Calyrex
|-heal|p1a: Calyrex|99/100|[silent]
|upkeep
|turn|56
|
|t:|1661877116
|switch|p2a: Chansey|Chansey, F|89/100
|move|p1a: Calyrex|Astral Barrage|p2a: Chansey
|-immune|p2a: Chansey
|
|upkeep
|turn|57
|
|t:|1661877120
|move|p1a: Calyrex|Psyshock|p2a: Chansey
|-damage|p2a: Chansey|56/100
|move|p2a: Chansey|Toxic|p1a: Calyrex
|-status|p1a: Calyrex|tox
|
|-damage|p1a: Calyrex|93/100 tox|[from] psn
|upkeep
|turn|58
|
|t:|1661877124
|move|p1a: Calyrex|Psyshock|p2a: Chansey
|-damage|p2a: Chansey|21/100
|move|p2a: Chansey|Soft-Boiled|p2a: Chansey
|-heal|p2a: Chansey|71/100
|
|-damage|p1a: Calyrex|81/100 tox|[from] psn
|upkeep
|turn|59
|
|t:|1661877130
|switch|p1a: Breloom|Breloom, F|100/100 tox
|-damage|p1a: Breloom|94/100 tox|[from] Stealth Rock
|move|p2a: Chansey|Soft-Boiled|p2a: Chansey
|-heal|p2a: Chansey|100/100
|
|-heal|p1a: Breloom|100/100 tox|[from] ability: Poison Heal
|upkeep
|turn|60
|
|t:|1661877136
|switch|p2a: Giratina|Giratina|82/100 slp
|-ability|p2a: Giratina|Pressure
|move|p1a: Breloom|Leech Seed|p2a: Giratina
|-start|p2a: Giratina|move: Leech Seed
|
|-heal|p2a: Giratina|88/100 slp|[from] item: Leftovers
|-damage|p2a: Giratina|75/100 slp|[from] Leech Seed|[of] p1a: Breloom
|upkeep
|turn|61
|
|t:|1661877145
|-curestatus|p2a: Giratina|slp|[msg]
|move|p2a: Giratina|Rest|p2a: Giratina
|-status|p2a: Giratina|slp|[from] move: Rest
|-heal|p2a: Giratina|100/100 slp|[silent]
|move|p1a: Breloom|Substitute|p1a: Breloom
|-start|p1a: Breloom|Substitute
|-damage|p1a: Breloom|76/100 tox
|
|-damage|p2a: Giratina|88/100 slp|[from] Leech Seed|[of] p1a: Breloom
|-heal|p1a: Breloom|95/100 tox|[silent]
|-heal|p1a: Breloom|100/100 tox|[from] ability: Poison Heal
|upkeep
|turn|62
|
|t:|1661877149
|switch|p1a: Ditto|Ditto|71/100
|-damage|p1a: Ditto|59/100|[from] Stealth Rock
|-transform|p1a: Ditto|p2a: Giratina|[from] ability: Imposter
|-ability|p1a: Ditto|Pressure
|cant|p2a: Giratina|slp
|
|-heal|p2a: Giratina|94/100 slp|[from] item: Leftovers
|-damage|p2a: Giratina|82/100 slp|[from] Leech Seed|[of] p1a: Ditto
|-heal|p1a: Ditto|80/100|[silent]
|upkeep
|turn|63
|
|t:|1661877159
|switch|p1a: Calyrex|Calyrex-Shadow|81/100 tox
|-ability|p1a: Calyrex|As One
|-ability|p1a: Calyrex|Unnerve
|-damage|p1a: Calyrex|69/100 tox|[from] Stealth Rock
|cant|p2a: Giratina|slp
|
|-heal|p2a: Giratina|88/100 slp|[from] item: Leftovers
|-damage|p2a: Giratina|75/100 slp|[from] Leech Seed|[of] p1a: Calyrex
|-heal|p1a: Calyrex|87/100 tox|[silent]
|-damage|p1a: Calyrex|81/100 tox|[from] psn
|upkeep
|turn|64
|
|t:|1661877162
|switch|p2a: Chansey|Chansey, F|100/100
|move|p1a: Calyrex|Psyshock|p2a: Chansey
|-damage|p2a: Chansey|68/100
|
|-damage|p1a: Calyrex|69/100 tox|[from] psn
|upkeep
|turn|65
|
|t:|1661877166
|switch|p1a: Breloom|Breloom, F|100/100 tox
|-damage|p1a: Breloom|94/100 tox|[from] Stealth Rock
|move|p2a: Chansey|Soft-Boiled|p2a: Chansey
|-heal|p2a: Chansey|100/100
|
|-heal|p1a: Breloom|100/100 tox|[from] ability: Poison Heal
|upkeep
|turn|66
|
|t:|1661877174
|switch|p2a: Giratina|Giratina|75/100 slp
|-ability|p2a: Giratina|Pressure
|move|p1a: Breloom|Leech Seed|p2a: Giratina
|-start|p2a: Giratina|move: Leech Seed
|
|-heal|p2a: Giratina|81/100 slp|[from] item: Leftovers
|-damage|p2a: Giratina|69/100 slp|[from] Leech Seed|[of] p1a: Breloom
|upkeep
|turn|67
|
|t:|1661877179
|-curestatus|p2a: Giratina|slp|[msg]
|move|p2a: Giratina|Rest|p2a: Giratina
|-status|p2a: Giratina|slp|[from] move: Rest
|-heal|p2a: Giratina|100/100 slp|[silent]
|move|p1a: Breloom|Substitute|p1a: Breloom
|-start|p1a: Breloom|Substitute
|-damage|p1a: Breloom|76/100 tox
|
|-damage|p2a: Giratina|88/100 slp|[from] Leech Seed|[of] p1a: Breloom
|-heal|p1a: Breloom|95/100 tox|[silent]
|-heal|p1a: Breloom|100/100 tox|[from] ability: Poison Heal
|upkeep
|turn|68
|
|t:|1661877189
|cant|p2a: Giratina|slp
|move|p1a: Breloom|Drain Punch|p2a: Giratina
|-immune|p2a: Giratina
|
|-heal|p2a: Giratina|94/100 slp|[from] item: Leftovers
|-damage|p2a: Giratina|82/100 slp|[from] Leech Seed|[of] p1a: Breloom
|upkeep
|turn|69
|
|t:|1661877196
|cant|p2a: Giratina|slp
|move|p1a: Breloom|Drain Punch|p2a: Giratina
|-immune|p2a: Giratina
|
|-heal|p2a: Giratina|88/100 slp|[from] item: Leftovers
|-damage|p2a: Giratina|75/100 slp|[from] Leech Seed|[of] p1a: Breloom
|upkeep
|turn|70
|
|t:|1661877218
|switch|p1a: Calyrex|Calyrex-Shadow|69/100 tox
|-ability|p1a: Calyrex|As One
|-ability|p1a: Calyrex|Unnerve
|-damage|p1a: Calyrex|56/100 tox|[from] Stealth Rock
|-curestatus|p2a: Giratina|slp|[msg]
|move|p2a: Giratina|Rest|p2a: Giratina
|-status|p2a: Giratina|slp|[from] move: Rest
|-heal|p2a: Giratina|100/100 slp|[silent]
|
|-damage|p2a: Giratina|88/100 slp|[from] Leech Seed|[of] p1a: Calyrex
|-heal|p1a: Calyrex|75/100 tox|[silent]
|-damage|p1a: Calyrex|69/100 tox|[from] psn
|upkeep
|turn|71
|
|t:|1661877222
|switch|p2a: Chansey|Chansey, F|100/100
|move|p1a: Calyrex|Psyshock|p2a: Chansey
|-damage|p2a: Chansey|65/100
|
|-damage|p1a: Calyrex|56/100 tox|[from] psn
|upkeep
|turn|72
|j| allaoleoo
|
|t:|1661877228
|move|p1a: Calyrex|Psyshock|p2a: Chansey
|-damage|p2a: Chansey|28/100
|move|p2a: Chansey|Soft-Boiled|p2a: Chansey
|-heal|p2a: Chansey|78/100
|
|-damage|p1a: Calyrex|38/100 tox|[from] psn
|upkeep
|turn|73
|
|t:|1661877233
|switch|p1a: Ditto|Ditto|80/100
|-damage|p1a: Ditto|68/100|[from] Stealth Rock
|-transform|p1a: Ditto|p2a: Chansey|[from] ability: Imposter
|move|p2a: Chansey|Soft-Boiled|p2a: Chansey
|-heal|p2a: Chansey|100/100
|
|upkeep
|turn|74
|
|t:|1661877243
|move|p1a: Ditto|Toxic|p2a: Chansey
|-status|p2a: Chansey|tox
|move|p2a: Chansey|Toxic|p1a: Ditto
|-status|p1a: Ditto|tox
|
|-damage|p1a: Ditto|62/100 tox|[from] psn
|-damage|p2a: Chansey|94/100 tox|[from] psn
|upkeep
|turn|75
|
|t:|1661877248
|-curestatus|p2a: Chansey|tox|[from] ability: Natural Cure
|switch|p2a: Giratina|Giratina|88/100 slp
|-ability|p2a: Giratina|Pressure
|move|p1a: Ditto|Toxic||[still]
|-fail|p1a: Ditto
|
|-heal|p2a: Giratina|94/100 slp|[from] item: Leftovers
|-damage|p1a: Ditto|50/100 tox|[from] psn
|upkeep
|turn|76
|l| allaoleoo
|
|t:|1661877254
|-curestatus|p1a: Ditto|tox|[from] ability: Natural Cure
|switch|p1a: Breloom|Breloom, F|100/100 tox
|-damage|p1a: Breloom|94/100 tox|[from] Stealth Rock
|cant|p2a: Giratina|slp
|
|-heal|p2a: Giratina|99/100 slp|[from] item: Leftovers
|-heal|p1a: Breloom|100/100 tox|[from] ability: Poison Heal
|upkeep
|turn|77
|
|t:|1661877261
|cant|p2a: Giratina|slp
|move|p1a: Breloom|Substitute|p1a: Breloom
|-start|p1a: Breloom|Substitute
|-damage|p1a: Breloom|76/100 tox
|
|-heal|p2a: Giratina|100/100 slp|[from] item: Leftovers
|-heal|p1a: Breloom|88/100 tox|[from] ability: Poison Heal
|upkeep
|turn|78
|
|t:|1661877268
|-curestatus|p2a: Giratina|slp|[msg]
|move|p2a: Giratina|Will-O-Wisp|p1a: Breloom|[miss]
|-miss|p2a: Giratina|p1a: Breloom
|move|p1a: Breloom|Drain Punch|p2a: Giratina
|-immune|p2a: Giratina
|
|-heal|p1a: Breloom|100/100 tox|[from] ability: Poison Heal
|upkeep
|turn|79
|
|t:|1661877278
|move|p2a: Giratina|Will-O-Wisp||[still]
|-fail|p2a: Giratina
|move|p1a: Breloom|Spore|p2a: Giratina
|-status|p2a: Giratina|slp|[from] move: Spore
|
|upkeep
|turn|80
|
|t:|1661877287
|switch|p1a: Calyrex|Calyrex-Shadow|38/100 tox
|-ability|p1a: Calyrex|As One
|-ability|p1a: Calyrex|Unnerve
|-damage|p1a: Calyrex|25/100 tox|[from] Stealth Rock
|cant|p2a: Giratina|slp
|
|-damage|p1a: Calyrex|19/100 tox|[from] psn
|upkeep
|turn|81
|
|t:|1661877291
|switch|p2a: Chansey|Chansey, F|94/100
|move|p1a: Calyrex|Psyshock|p2a: Chansey
|-damage|p2a: Chansey|59/100
|
|-damage|p1a: Calyrex|7/100 tox|[from] psn
|upkeep
|turn|82
|
|t:|1661877295
|move|p1a: Calyrex|Psyshock|p2a: Chansey
|-damage|p2a: Chansey|24/100
|move|p2a: Chansey|Soft-Boiled|p2a: Chansey
|-heal|p2a: Chansey|74/100
|
|-damage|p1a: Calyrex|0 fnt|[from] psn
|faint|p1a: Calyrex
|upkeep
|
|t:|1661877306
|switch|p1a: Breloom|Breloom, F|100/100 tox
|-damage|p1a: Breloom|94/100 tox|[from] Stealth Rock
|turn|83
|
|t:|1661877311
|switch|p2a: Giratina|Giratina|100/100 slp
|-ability|p2a: Giratina|Pressure
|move|p1a: Breloom|Substitute|p1a: Breloom
|-start|p1a: Breloom|Substitute
|-damage|p1a: Breloom|70/100 tox
|
|-heal|p1a: Breloom|82/100 tox|[from] ability: Poison Heal
|upkeep
|turn|84
|
|t:|1661877321
|cant|p2a: Giratina|slp
|move|p1a: Breloom|Spore|p2a: Giratina
|-fail|p2a: Giratina|slp
|
|-heal|p1a: Breloom|94/100 tox|[from] ability: Poison Heal
|upkeep
|turn|85
|
|t:|1661877326
|cant|p2a: Giratina|slp
|move|p1a: Breloom|Spore|p2a: Giratina
|-fail|p2a: Giratina|slp
|
|-heal|p1a: Breloom|100/100 tox|[from] ability: Poison Heal
|upkeep
|turn|86
|
|t:|1661877331
|-curestatus|p2a: Giratina|slp|[msg]
|move|p2a: Giratina|Will-O-Wisp||[still]
|-fail|p2a: Giratina
|move|p1a: Breloom|Spore|p2a: Giratina
|-status|p2a: Giratina|slp|[from] move: Spore
|
|upkeep
|turn|87
|
|t:|1661877341
|switch|p1a: Ditto|Ditto|50/100
|-damage|p1a: Ditto|37/100|[from] Stealth Rock
|-transform|p1a: Ditto|p2a: Giratina|[from] ability: Imposter
|-ability|p1a: Ditto|Pressure
|cant|p2a: Giratina|slp
|
|upkeep
|turn|88
|
|t:|1661877355
|switch|p2a: Chansey|Chansey, F|74/100
|move|p1a: Ditto|Rest|p1a: Ditto
|-status|p1a: Ditto|slp|[from] move: Rest
|-heal|p1a: Ditto|100/100 slp|[silent]
|
|upkeep
|turn|89
|
|t:|1661877360
|switch|p1a: Breloom|Breloom, F|100/100 tox
|-damage|p1a: Breloom|94/100 tox|[from] Stealth Rock
|switch|p2a: Giratina|Giratina|100/100 slp
|-ability|p2a: Giratina|Pressure
|
|-heal|p1a: Breloom|100/100 tox|[from] ability: Poison Heal
|upkeep
|turn|90
|
|t:|1661877372
|switch|p1a: Ditto|Ditto|100/100 slp
|-damage|p1a: Ditto|88/100 slp|[from] Stealth Rock
|-transform|p1a: Ditto|p2a: Giratina|[from] ability: Imposter
|-ability|p1a: Ditto|Pressure
|cant|p2a: Giratina|slp
|
|upkeep
|turn|91
|
|t:|1661877377
|switch|p2a: Chansey|Chansey, F|74/100
|cant|p1a: Ditto|slp
|
|upkeep
|turn|92
|
|t:|1661877380
|switch|p2a: Giratina|Giratina|100/100 slp
|-ability|p2a: Giratina|Pressure
|cant|p1a: Ditto|slp
|
|upkeep
|turn|93
|
|t:|1661877410
|switch|p1a: Breloom|Breloom, F|100/100 tox
|-damage|p1a: Breloom|94/100 tox|[from] Stealth Rock
|switch|p2a: Chansey|Chansey, F|74/100
|
|-heal|p1a: Breloom|100/100 tox|[from] ability: Poison Heal
|upkeep
|turn|94
|
|t:|1661877423
|switch|p1a: Ditto|Ditto|88/100 slp
|-damage|p1a: Ditto|76/100 slp|[from] Stealth Rock
|-transform|p1a: Ditto|p2a: Chansey|[from] ability: Imposter
|switch|p2a: Giratina|Giratina|100/100 slp
|-ability|p2a: Giratina|Pressure
|
|upkeep
|turn|95
|
|t:|1661877430
|switch|p2a: Chansey|Chansey, F|74/100
|-curestatus|p1a: Ditto|slp|[msg]
|move|p1a: Ditto|Toxic|p2a: Chansey
|-status|p2a: Chansey|tox
|
|-damage|p2a: Chansey|68/100 tox|[from] psn
|upkeep
|turn|96
|
|t:|1661877435
|switch|p1a: Breloom|Breloom, F|100/100 tox
|-damage|p1a: Breloom|94/100 tox|[from] Stealth Rock
|-curestatus|p2a: Chansey|tox|[from] ability: Natural Cure
|switch|p2a: Giratina|Giratina|100/100 slp
|-ability|p2a: Giratina|Pressure
|
|-heal|p1a: Breloom|100/100 tox|[from] ability: Poison Heal
|upkeep
|turn|97
|
|t:|1661877440
|switch|p1a: Ditto|Ditto|76/100
|-damage|p1a: Ditto|63/100|[from] Stealth Rock
|-transform|p1a: Ditto|p2a: Giratina|[from] ability: Imposter
|-ability|p1a: Ditto|Pressure
|-curestatus|p2a: Giratina|slp|[msg]
|move|p2a: Giratina|Will-O-Wisp|p1a: Ditto
|-status|p1a: Ditto|brn
|
|-damage|p1a: Ditto|57/100 brn|[from] brn
|upkeep
|turn|98
|
|t:|1661877446
|switch|p2a: Chansey|Chansey, F|68/100
|move|p1a: Ditto|Defog|p2a: Chansey
|-unboost|p2a: Chansey|evasion|1
|-sideend|p1: AdamHaziq|Stealth Rock|[from] move: Defog|[of] p1a: Ditto
|
|-damage|p1a: Ditto|51/100 brn|[from] brn
|upkeep
|turn|99
|
|t:|1661877454
|switch|p1a: Breloom|Breloom, F|100/100 tox
|switch|p2a: Giratina|Giratina|100/100
|-ability|p2a: Giratina|Pressure
|
|upkeep
|turn|100
not a strat is offering a tie.
AdamHaziq accepted the tie.
|
|tie
|raw|AdamHaziq's rating: 1733 &rarr; <strong>1729</strong><br />(-4 for tying)
|raw|not a strat's rating: 1670 &rarr; <strong>1674</strong><br />(+4 for tying)
