|j|☆SpaceTemmie
|j|☆TheBulbasaurFan55
|t:|1663885635
|gametype|singles
|player|p1|SpaceTemmie|proton|1501
|player|p2|TheBulbasaurFan55|allister|1426
|teamsize|p1|6
|teamsize|p2|6
|gen|8
|tier|[Gen 8] National Dex AG
|rated|
|rule|HP Percentage Mod: HP is shown in percentages
|rule|Endless Battle Clause: Forcing endless battles is banned
|clearpoke
|poke|p1|Espeon, F|
|poke|p1|Smeargle, M|
|poke|p1|Smeargle, F|
|poke|p1|Lucario, F|
|poke|p1|Smeargle, F|
|poke|p1|Arceus-*|
|poke|p2|Necrozma-Dusk-Mane|
|poke|p2|Zacian-*|
|poke|p2|Cinderace, M|
|poke|p2|Galvantula, F|
|poke|p2|Greninja, M|
|poke|p2|Ditto|
|teampreview
|inactive|Battle timer is ON: inactive players will automatically lose when time's up. (requested by SpaceTemmie)
|c|☆TheBulbasaurFan55|i dont like the team
|
|t:|1663885656
|start
|switch|p1a: Smeargle|Smeargle, M|100/100
|switch|p2a: Galvantula|Galvantula, F|100/100
|turn|1
|
|t:|1663885660
|move|p2a: Galvantula|Thunder Wave|p1a: Smeargle
|-status|p1a: Smeargle|par
|move|p1a: Smeargle|Spore|p2a: Galvantula
|-status|p2a: Galvantula|slp|[from] move: Spore
|
|-ability|p1a: Smeargle|Moody|boost
|-boost|p1a: Smeargle|spa|2
|-unboost|p1a: Smeargle|spe|1
|upkeep
|turn|2
|
|t:|1663885664
|cant|p2a: Galvantula|slp
|cant|p1a: Smeargle|par
|
|-ability|p1a: Smeargle|Moody|boost
|-boost|p1a: Smeargle|spe|2
|-unboost|p1a: Smeargle|def|1
|upkeep
|turn|3
|
|t:|1663885667
|cant|p2a: Galvantula|slp
|move|p1a: Smeargle|Substitute|p1a: Smeargle
|-start|p1a: Smeargle|Substitute
|-damage|p1a: Smeargle|76/100 par
|
|-ability|p1a: Smeargle|Moody|boost
|-boost|p1a: Smeargle|spd|2
|-unboost|p1a: Smeargle|spe|1
|upkeep
|turn|4
|
|t:|1663885671
|-curestatus|p2a: Galvantula|slp|[msg]
|move|p2a: Galvantula|Bug Buzz|p1a: Smeargle
|-damage|p1a: Smeargle|35/100 par
|move|p1a: Smeargle|Baton Pass|p1a: Smeargle
|
|t:|1663885676
|switch|p1a: Smeargle|Smeargle, F|100/100|[from]move: Baton Pass
|
|-ability|p1a: Smeargle|Moody|boost
|-boost|p1a: Smeargle|atk|2
|-unboost|p1a: Smeargle|spe|1
|upkeep
|turn|5
|
|t:|1663885681
|move|p2a: Galvantula|Bug Buzz|p1a: Smeargle
|-damage|p1a: Smeargle|62/100
|move|p1a: Smeargle|Spore|p2a: Galvantula
|-status|p2a: Galvantula|slp|[from] move: Spore
|
|-heal|p1a: Smeargle|68/100|[from] item: Leftovers
|-ability|p1a: Smeargle|Moody|boost
|-boost|p1a: Smeargle|spe|2
|-unboost|p1a: Smeargle|spd|1
|upkeep
|turn|6
|
|t:|1663885687
|move|p1a: Smeargle|Minimize|p1a: Smeargle
|-boost|p1a: Smeargle|evasion|2
|cant|p2a: Galvantula|slp
|
|-heal|p1a: Smeargle|74/100|[from] item: Leftovers
|-ability|p1a: Smeargle|Moody|boost
|-boost|p1a: Smeargle|def|2
|-unboost|p1a: Smeargle|spa|1
|upkeep
|turn|7
|
|t:|1663885694
|move|p1a: Smeargle|Minimize|p1a: Smeargle
|-boost|p1a: Smeargle|evasion|2
|cant|p2a: Galvantula|slp
|
|-heal|p1a: Smeargle|80/100|[from] item: Leftovers
|-ability|p1a: Smeargle|Moody|boost
|-boost|p1a: Smeargle|spa|2
|-unboost|p1a: Smeargle|spe|1
|upkeep
|turn|8
|
|t:|1663885698
|-curestatus|p2a: Galvantula|slp|[msg]
|move|p2a: Galvantula|Bug Buzz|p1a: Smeargle|[miss]
|-miss|p2a: Galvantula|p1a: Smeargle
|move|p1a: Smeargle|Minimize|p1a: Smeargle
|-boost|p1a: Smeargle|evasion|2
|
|-heal|p1a: Smeargle|86/100|[from] item: Leftovers
|-ability|p1a: Smeargle|Moody|boost
|-boost|p1a: Smeargle|def|2
|-unboost|p1a: Smeargle|atk|1
|upkeep
|turn|9
|c|☆SpaceTemmie|Me neither
|
|t:|1663885705
|move|p2a: Galvantula|Bug Buzz|p1a: Smeargle|[miss]
|-miss|p2a: Galvantula|p1a: Smeargle
|move|p1a: Smeargle|Spore|p2a: Galvantula
|-status|p2a: Galvantula|slp|[from] move: Spore
|
|-heal|p1a: Smeargle|93/100|[from] item: Leftovers
|-ability|p1a: Smeargle|Moody|boost
|-boost|p1a: Smeargle|atk|2
|-unboost|p1a: Smeargle|spa|1
|upkeep
|turn|10
|c|☆TheBulbasaurFan55|and you wonder why you have no friends
|-message|TheBulbasaurFan55 forfeited.
|
|win|SpaceTemmie
|raw|SpaceTemmie's rating: 1501 &rarr; <strong>1517</strong><br />(+16 for winning)
|raw|TheBulbasaurFan55's rating: 1426 &rarr; <strong>1410</strong><br />(-16 for losing)
|l|☆TheBulbasaurFan55
