|j|☆Chrisbensoo
|j|☆InteleonStan2
|t:|1657592498
|gametype|singles
|player|p1|Chrisbensoo|265|1552
|player|p2|InteleonStan2|galacticgruntf|1515
|teamsize|p1|6
|teamsize|p2|6
|gen|8
|tier|[Gen 8] National Dex AG
|rated|
|rule|HP Percentage Mod: HP is shown in percentages
|rule|Endless Battle Clause: Forcing endless battles is banned
|clearpoke
|poke|p1|Magearna|
|poke|p1|Calyrex-Shadow|
|poke|p1|Arceus-*|
|poke|p1|Ho-Oh|
|poke|p1|Tyranitar, M|
|poke|p1|Necrozma-Dusk-Mane|
|poke|p2|Arceus-*|
|poke|p2|Gengar, M|
|poke|p2|Zacian-*|
|poke|p2|Yveltal|
|poke|p2|Groudon|
|poke|p2|Necrozma-Dusk-Mane|
|teampreview
|
|t:|1657592524
|start
|switch|p1a: Cali|Calyrex-Shadow|100/100
|switch|p2a: Groudon|Groudon|100/100
|-ability|p1a: Cali|As One
|-ability|p1a: Cali|Unnerve
|detailschange|p2a: Groudon|Groudon-Primal
|-primal|p2a: Groudon
|-weather|DesolateLand|[from] ability: Desolate Land|[of] p2a: Groudon
|turn|1
|
|t:|1657592528
|-weather|none
|switch|p2a: Yveltal|Yveltal|100/100
|-ability|p2a: Yveltal|Dark Aura
|move|p1a: Cali|Astral Barrage|p2a: Yveltal
|-resisted|p2a: Yveltal
|-damage|p2a: Yveltal|66/100
|
|upkeep
|turn|2
|
|t:|1657592533
|switch|p1a: Magearna|Magearna|100/100
|move|p2a: Yveltal|Foul Play|p1a: Magearna
|-resisted|p1a: Magearna
|-damage|p1a: Magearna|88/100
|
|-heal|p1a: Magearna|94/100|[from] item: Leftovers
|upkeep
|turn|3
|
|t:|1657592541
|switch|p2a: Groudon|Groudon-Primal|100/100
|-weather|DesolateLand|[from] ability: Desolate Land|[of] p2a: Groudon
|switch|p1a: Cali|Calyrex-Shadow|100/100
|-ability|p1a: Cali|As One
|-ability|p1a: Cali|Unnerve
|
|-weather|DesolateLand|[upkeep]
|upkeep
|turn|4
|
|t:|1657592548
|move|p1a: Cali|Astral Barrage|p2a: Groudon
|-damage|p2a: Groudon|0 fnt
|faint|p2a: Groudon
|-weather|none
|-ability|p1a: Cali|Grim Neigh|boost
|-boost|p1a: Cali|spa|1
|
|upkeep
|
|t:|1657592557
|switch|p2a: Yveltal|Yveltal|66/100
|-ability|p2a: Yveltal|Dark Aura
|turn|5
|
|t:|1657592562
|switch|p1a: Magearna|Magearna|94/100
|move|p2a: Yveltal|Roost|p2a: Yveltal
|-heal|p2a: Yveltal|100/100
|-singleturn|p2a: Yveltal|move: Roost
|
|-heal|p1a: Magearna|99/100|[from] item: Leftovers
|upkeep
|turn|6
|
|t:|1657592564
|switch|p2a: Zacian|Zacian-Crowned|100/100
|-ability|p2a: Zacian|Intrepid Sword|boost
|-boost|p2a: Zacian|atk|1
|move|p1a: Magearna|Volt Switch|p2a: Zacian
|-damage|p2a: Zacian|80/100
|
|t:|1657592566
|switch|p1a: Cali|Calyrex-Shadow|100/100|[from]move: Volt Switch
|-ability|p1a: Cali|As One
|-ability|p1a: Cali|Unnerve
|
|upkeep
|turn|7
|
|t:|1657592569
|switch|p2a: Yveltal|Yveltal|100/100
|-ability|p2a: Yveltal|Dark Aura
|move|p1a: Cali|Astral Barrage|p2a: Yveltal
|-resisted|p2a: Yveltal
|-damage|p2a: Yveltal|64/100
|
|upkeep
|turn|8
|
|t:|1657592574
|switch|p1a: Arceus|Arceus-Ground|100/100
|switch|p2a: Gengar|Gengar, M|100/100
|
|upkeep
|turn|9
|
|t:|1657592580
|switch|p2a: Yveltal|Yveltal|64/100
|-ability|p2a: Yveltal|Dark Aura
|move|p1a: Arceus|Judgment|p2a: Yveltal
|-immune|p2a: Yveltal
|
|upkeep
|turn|10
|
|t:|1657592583
|move|p1a: Arceus|Ice Beam|p2a: Yveltal
|-supereffective|p2a: Yveltal
|-damage|p2a: Yveltal|32/100
|move|p2a: Yveltal|Roost|p2a: Yveltal
|-heal|p2a: Yveltal|82/100
|-singleturn|p2a: Yveltal|move: Roost
|
|upkeep
|turn|11
|
|t:|1657592586
|switch|p2a: Necrozma|Necrozma-Dusk-Mane|100/100
|move|p1a: Arceus|Ice Beam|p2a: Necrozma
|-resisted|p2a: Necrozma
|-damage|p2a: Necrozma|91/100
|
|-heal|p2a: Necrozma|97/100|[from] item: Leftovers
|upkeep
|turn|12
|
|t:|1657592592
|switch|p1a: Magearna|Magearna|99/100
|move|p2a: Necrozma|Stealth Rock|p1a: Magearna
|-sidestart|p1: Chrisbensoo|move: Stealth Rock
|
|-heal|p2a: Necrozma|100/100|[from] item: Leftovers
|-heal|p1a: Magearna|100/100|[from] item: Leftovers
|upkeep
|turn|13
|
|t:|1657592599
|move|p2a: Necrozma|Thunder Wave|p1a: Magearna
|-status|p1a: Magearna|par
|move|p1a: Magearna|Fleur Cannon|p2a: Necrozma
|-resisted|p2a: Necrozma
|-damage|p2a: Necrozma|79/100
|-unboost|p1a: Magearna|spa|2
|
|-heal|p2a: Necrozma|85/100|[from] item: Leftovers
|upkeep
|turn|14
|
|t:|1657592610
|switch|p2a: Gengar|Gengar, M|100/100
|move|p1a: Magearna|Fleur Cannon|p2a: Gengar
|-resisted|p2a: Gengar
|-damage|p2a: Gengar|76/100
|-unboost|p1a: Magearna|spa|2
|-start|p1a: Magearna|Disable|Fleur Cannon|[from] ability: Cursed Body|[of] p2a: Gengar
|
|upkeep
|turn|15
|
|t:|1657592616
|detailschange|p2a: Gengar|Gengar-Mega, M
|-mega|p2a: Gengar|Gengar|Gengarite
|move|p2a: Gengar|Hex|p1a: Magearna
|-damage|p1a: Magearna|53/100 par
|move|p1a: Magearna|Heart Swap|p2a: Gengar
|-swapboost|p1a: Magearna|p2a: Gengar|[from] move: Heart Swap
|
|-heal|p1a: Magearna|59/100 par|[from] item: Leftovers
|upkeep
|turn|16
|
|t:|1657592623
|move|p2a: Gengar|Nasty Plot|p2a: Gengar
|-boost|p2a: Gengar|spa|2
|cant|p1a: Magearna|par
|
|-heal|p1a: Magearna|65/100 par|[from] item: Leftovers
|upkeep
|turn|17
|
|t:|1657592627
|move|p2a: Gengar|Nasty Plot|p2a: Gengar
|-boost|p2a: Gengar|spa|2
|move|p1a: Magearna|Volt Switch|p2a: Gengar
|-damage|p2a: Gengar|46/100
|
|t:|1657592633
|switch|p1a: Tyranitar|Tyranitar, M|100/100|[from]move: Volt Switch
|-damage|p1a: Tyranitar|88/100|[from] Stealth Rock
|-weather|Sandstorm|[from] ability: Sand Stream|[of] p1a: Tyranitar
|
|-weather|Sandstorm|[upkeep]
|-damage|p2a: Gengar|40/100|[from] Sandstorm
|-heal|p1a: Tyranitar|94/100|[from] item: Leftovers
|upkeep
|turn|18
|
|t:|1657592637
|move|p2a: Gengar|Sludge Bomb|p1a: Tyranitar
|-resisted|p1a: Tyranitar
|-damage|p1a: Tyranitar|83/100
|move|p1a: Tyranitar|Pursuit|p2a: Gengar
|-supereffective|p2a: Gengar
|-damage|p2a: Gengar|0 fnt
|faint|p2a: Gengar
|
|-weather|Sandstorm|[upkeep]
|-heal|p1a: Tyranitar|89/100|[from] item: Leftovers
|upkeep
|
|t:|1657592652
|switch|p2a: Zacian|Zacian-Crowned|80/100
|-ability|p2a: Zacian|Intrepid Sword|boost
|-boost|p2a: Zacian|atk|1
|turn|19
|
|t:|1657592656
|switch|p1a: Ho-Oh|Ho-Oh|100/100
|move|p2a: Zacian|Swords Dance|p2a: Zacian
|-boost|p2a: Zacian|atk|2
|
|-weather|Sandstorm|[upkeep]
|-damage|p1a: Ho-Oh|94/100|[from] Sandstorm
|upkeep
|turn|20
|
|t:|1657592660
|move|p2a: Zacian|Behemoth Blade|p1a: Ho-Oh
|-resisted|p1a: Ho-Oh
|-damage|p1a: Ho-Oh|39/100
|move|p1a: Ho-Oh|Whirlwind|p2a: Zacian
|drag|p2a: Necrozma|Necrozma-Dusk-Mane|85/100
|
|-weather|Sandstorm|[upkeep]
|-damage|p1a: Ho-Oh|33/100|[from] Sandstorm
|-heal|p2a: Necrozma|91/100|[from] item: Leftovers
|upkeep
|turn|21
|
|t:|1657592670
|switch|p1a: Necrozma|Necrozma-Dusk-Mane|100/100
|-damage|p1a: Necrozma|95/100|[from] Stealth Rock
|move|p2a: Necrozma|Photon Geyser|p1a: Necrozma
|-resisted|p1a: Necrozma
|-damage|p1a: Necrozma|85/100
|
|-weather|none
|-heal|p2a: Necrozma|97/100|[from] item: Leftovers
|upkeep
|turn|22
|
|t:|1657592673
|move|p1a: Necrozma|Dragon Dance|p1a: Necrozma
|-boost|p1a: Necrozma|atk|1
|-boost|p1a: Necrozma|spe|1
|move|p2a: Necrozma|Thunder Wave|p1a: Necrozma
|-status|p1a: Necrozma|par
|
|-heal|p2a: Necrozma|100/100|[from] item: Leftovers
|upkeep
|turn|23
|
|t:|1657592679
|switch|p2a: Yveltal|Yveltal|82/100
|-ability|p2a: Yveltal|Dark Aura
|move|p1a: Necrozma|Dragon Dance|p1a: Necrozma
|-boost|p1a: Necrozma|atk|1
|-boost|p1a: Necrozma|spe|1
|
|upkeep
|turn|24
|
|t:|1657592682
|detailschange|p1a: Necrozma|Necrozma-Ultra
|-burst|p1a: Necrozma|Necrozma|Ultranecrozium Z
|move|p1a: Necrozma|Stone Edge|p2a: Yveltal
|-supereffective|p2a: Yveltal
|-damage|p2a: Yveltal|0 fnt
|faint|p2a: Yveltal
|
|upkeep
|
|t:|1657592690
|switch|p2a: Zacian|Zacian-Crowned|80/100
|-ability|p2a: Zacian|Intrepid Sword|boost
|-boost|p2a: Zacian|atk|1
|turn|25
|
|t:|1657592692
|move|p2a: Zacian|Play Rough|p1a: Necrozma
|-supereffective|p1a: Necrozma
|-damage|p1a: Necrozma|0 fnt
|faint|p1a: Necrozma
|
|upkeep
|
|t:|1657592695
|switch|p1a: Cali|Calyrex-Shadow|100/100
|-ability|p1a: Cali|As One
|-ability|p1a: Cali|Unnerve
|-damage|p1a: Cali|88/100|[from] Stealth Rock
|turn|26
|
|t:|1657592704
|switch|p2a: Arceus|Arceus-Steel|100/100
|move|p1a: Cali|Astral Barrage|p2a: Arceus
|-crit|p2a: Arceus
|-damage|p2a: Arceus|0 fnt
|faint|p2a: Arceus
|-ability|p1a: Cali|Grim Neigh|boost
|-boost|p1a: Cali|spa|1
|
|upkeep
|
|t:|1657592707
|switch|p2a: Necrozma|Necrozma-Dusk-Mane|100/100
|turn|27
|
|t:|1657592709
|move|p1a: Cali|Astral Barrage|p2a: Necrozma
|-supereffective|p2a: Necrozma
|-damage|p2a: Necrozma|0 fnt
|faint|p2a: Necrozma
|-ability|p1a: Cali|Grim Neigh|boost
|-boost|p1a: Cali|spa|1
|
|upkeep
|-message|InteleonStan2 forfeited.
|
|win|Chrisbensoo
|raw|Chrisbensoo's rating: 1552 &rarr; <strong>1570</strong><br />(+18 for winning)
|raw|InteleonStan2's rating: 1515 &rarr; <strong>1497</strong><br />(-18 for losing)
|l|☆InteleonStan2
