|j|☆rajof
|j|☆Frostigar479
|t:|1612013918
|player|p1|rajof|youngster-gen4|1856
|player|p2|Frostigar479|2|1667
|teamsize|p1|6
|teamsize|p2|6
|gametype|singles
|gen|8
|tier|[Gen 8] National Dex AG
|rated|
|clearpoke
|poke|p1|Arceus-*|
|poke|p1|Ditto|
|poke|p1|Chansey, F|
|poke|p1|Lugia|
|poke|p1|Groudon|
|poke|p1|Arceus-*|
|poke|p2|Zacian-Crowned|
|poke|p2|Calyrex-Shadow|
|poke|p2|Regieleki|
|poke|p2|Marshadow|
|poke|p2|Yveltal|
|poke|p2|Ditto|
|rule|HP Percentage Mod: HP is shown in percentages
|rule|Endless Battle Clause: Forcing endless battles is banned
|teampreview
|c|☆Frostigar479|Hola
|c|☆Frostigar479|please whoop my ass again
|
|t:|1612013953
|start
|switch|p1a: 아르세우스|Arceus-Fairy|100/100
|switch|p2a: Calyrex|Calyrex-Shadow|100/100
|-ability|p2a: Calyrex|As One
|-ability|p2a: Calyrex|Unnerve|p1: rajof
|turn|1
|
|t:|1612013966
|move|p2a: Calyrex|Astral Barrage|p1a: 아르세우스
|-damage|p1a: 아르세우스|25/100
|move|p1a: 아르세우스|Calm Mind|p1a: 아르세우스
|-boost|p1a: 아르세우스|spa|1
|-boost|p1a: 아르세우스|spd|1
|
|upkeep
|turn|2
|
|t:|1612013978
|switch|p2a: Marshadow|Marshadow|100/100
|switch|p1a: 럭키|Chansey, F|100/100
|
|upkeep
|turn|3
|
|t:|1612013988
|switch|p2a: Calyrex|Calyrex-Shadow|100/100
|-ability|p2a: Calyrex|As One
|-ability|p2a: Calyrex|Unnerve|p1: rajof
|switch|p1a: 루기아|Lugia|100/100
|
|upkeep
|turn|4
|
|t:|1612013997
|move|p2a: Calyrex|Astral Barrage|p1a: 루기아
|-supereffective|p1a: 루기아
|-damage|p1a: 루기아|35/100
|move|p1a: 루기아|Toxic|p2a: Calyrex
|-status|p2a: Calyrex|tox
|
|-damage|p2a: Calyrex|94/100 tox|[from] psn
|upkeep
|turn|5
|
|t:|1612014013
|switch|p2a: Marshadow|Marshadow|100/100
|switch|p1a: 럭키|Chansey, F|100/100
|
|upkeep
|turn|6
|
|t:|1612014020
|move|p1a: 럭키|Protect|p1a: 럭키
|-singleturn|p1a: 럭키|Protect
|move|p2a: Marshadow|Spectral Thief|p1a: 럭키
|-activate|p1a: 럭키|move: Protect
|
|upkeep
|turn|7
|
|t:|1612014031
|move|p2a: Marshadow|Close Combat|p1a: 럭키
|-supereffective|p1a: 럭키
|-damage|p1a: 럭키|14/100
|-unboost|p2a: Marshadow|def|1
|-unboost|p2a: Marshadow|spd|1
|move|p1a: 럭키|Wish|p1a: 럭키
|
|upkeep
|turn|8
|
|t:|1612014040
|switch|p1a: 그란돈|Groudon|100/100
|detailschange|p1a: 그란돈|Groudon-Primal
|-primal|p1a: 그란돈
|-weather|DesolateLand|[from] ability: Desolate Land|[of] p1a: 그란돈
|move|p2a: Marshadow|Spectral Thief|p1a: 그란돈
|-damage|p1a: 그란돈|74/100
|
|-weather|DesolateLand|[upkeep]
|-heal|p1a: 그란돈|100/100|[from] move: Wish|[wisher] 럭키
|upkeep
|turn|9
|
|t:|1612014056
|switch|p2a: Ditto|Ditto|100/100
|-transform|p2a: Ditto|p1a: 그란돈|[from] ability: Imposter
|move|p1a: 그란돈|Fire Punch|p2a: Ditto
|-resisted|p2a: Ditto
|-damage|p2a: Ditto|71/100
|
|-weather|DesolateLand|[upkeep]
|upkeep
|turn|10
|
|t:|1612014070
|move|p2a: Ditto|Precipice Blades|p1a: 그란돈
|-supereffective|p1a: 그란돈
|-damage|p1a: 그란돈|10/100
|move|p1a: 그란돈|Precipice Blades|p2a: Ditto
|-supereffective|p2a: Ditto
|-damage|p2a: Ditto|0 fnt
|faint|p2a: Ditto
|
|-weather|DesolateLand|[upkeep]
|upkeep
|j| will-o-wave
|
|t:|1612014085
|switch|p2a: Calyrex|Calyrex-Shadow|94/100 tox
|-ability|p2a: Calyrex|As One
|-ability|p2a: Calyrex|Unnerve|p1: rajof
|turn|11
|
|t:|1612014101
|move|p2a: Calyrex|Pollen Puff|p1a: 그란돈
|-resisted|p1a: 그란돈
|-crit|p1a: 그란돈
|-damage|p1a: 그란돈|0 fnt
|faint|p1a: 그란돈
|-weather|none
|-ability|p2a: Calyrex|Grim Neigh|boost
|-boost|p2a: Calyrex|spa|1
|
|-damage|p2a: Calyrex|88/100 tox|[from] psn
|upkeep
|
|t:|1612014107
|switch|p1a: 메타몽|Ditto|100/100
|-transform|p1a: 메타몽|p2a: Calyrex|[from] ability: Imposter
|turn|12
|
|t:|1612014115
|switch|p2a: Yveltal|Yveltal|100/100
|-ability|p2a: Yveltal|Dark Aura
|move|p1a: 메타몽|Astral Barrage|p2a: Yveltal
|-resisted|p2a: Yveltal
|-damage|p2a: Yveltal|54/100
|
|upkeep
|turn|13
|
|t:|1612014125
|switch|p1a: 악르세우스|Arceus-Dark|100/100
|move|p2a: Yveltal|Sucker Punch||[still]
|-fail|p2a: Yveltal
|
|upkeep
|turn|14
|
|t:|1612014137
|switch|p1a: 루기아|Lugia|35/100
|switch|p2a: Regieleki|Regieleki|100/100
|
|upkeep
|turn|15
|
|t:|1612014144
|switch|p1a: 메타몽|Ditto|100/100
|-transform|p1a: 메타몽|p2a: Regieleki|[from] ability: Imposter
|move|p2a: Regieleki|Volt Switch|p1a: 메타몽
|-resisted|p1a: 메타몽
|-damage|p1a: 메타몽|30/100
|
|t:|1612014153
|switch|p2a: Marshadow|Marshadow|100/100|[from]move: Volt Switch
|
|upkeep
|turn|16
|
|t:|1612014167
|switch|p2a: Regieleki|Regieleki|100/100
|move|p1a: 메타몽|Volt Switch|p2a: Regieleki
|-resisted|p2a: Regieleki
|-damage|p2a: Regieleki|60/100
|
|t:|1612014177
|switch|p1a: 악르세우스|Arceus-Dark|100/100|[from]move: Volt Switch
|
|upkeep
|turn|17
|
|t:|1612014188
|move|p2a: Regieleki|Thunderbolt|p1a: 악르세우스
|-damage|p1a: 악르세우스|47/100
|move|p1a: 악르세우스|Judgment|p2a: Regieleki
|-damage|p2a: Regieleki|0 fnt
|faint|p2a: Regieleki
|
|upkeep
|
|t:|1612014197
|switch|p2a: Zacian|Zacian-Crowned|100/100
|-ability|p2a: Zacian|Intrepid Sword|boost
|-boost|p2a: Zacian|atk|1
|turn|18
|j| Mrdarkweep
|
|t:|1612014206
|switch|p1a: 루기아|Lugia|35/100
|move|p2a: Zacian|Behemoth Blade|p1a: 루기아
|-damage|p1a: 루기아|0 fnt
|-damage|p2a: Zacian|84/100|[from] item: Rocky Helmet|[of] p1a: 루기아
|faint|p1a: 루기아
|
|upkeep
|
|t:|1612014211
|switch|p1a: 메타몽|Ditto|30/100
|-transform|p1a: 메타몽|p2a: Zacian|[from] ability: Imposter
|-ability|p1a: 메타몽|Intrepid Sword|boost
|-boost|p1a: 메타몽|atk|1
|turn|19
|
|t:|1612014227
|switch|p2a: Calyrex|Calyrex-Shadow|88/100 tox
|-ability|p2a: Calyrex|As One
|-ability|p2a: Calyrex|Unnerve|p1: rajof
|move|p1a: 메타몽|Behemoth Blade|p2a: Calyrex
|-damage|p2a: Calyrex|0 fnt
|faint|p2a: Calyrex
|
|upkeep
|
|t:|1612014238
|switch|p2a: Marshadow|Marshadow|100/100
|turn|20
|-message|rajof forfeited.
|
|win|Frostigar479
|l|☆rajof
|raw|rajof's rating: 1856 &rarr; <strong>1827</strong><br />(-29 for losing)
|raw|Frostigar479's rating: 1667 &rarr; <strong>1697</strong><br />(+30 for winning)
|l| Mrdarkweep
