|j|☆billette
|j|☆i feel stabby
|t:|1652735084
|gametype|singles
|player|p1|billette|lisia|
|player|p2|i feel stabby|n|
|teamsize|p1|6
|teamsize|p2|6
|gen|8
|tier|[Gen 8] National Dex AG
|rule|HP Percentage Mod: HP is shown in percentages
|rule|Endless Battle Clause: Forcing endless battles is banned
|clearpoke
|poke|p1|Blacephalon|
|poke|p1|Mimikyu, M|
|poke|p1|Gengar, M|
|poke|p1|Aegislash, M|
|poke|p1|Polteageist|
|poke|p1|Kommo-o, M|
|poke|p2|Kartana|
|poke|p2|Corviknight, F|
|poke|p2|Blissey, F|
|poke|p2|Lopunny, F|
|poke|p2|Xurkitree|
|poke|p2|Greninja, M|
|teampreview
|inactive|Battle timer is ON: inactive players will automatically lose when time's up. (requested by billette)
|j| Lunar Soda
|c| Lunar Soda|Brutal
|c| Lunar Soda|lol
|c|☆i feel stabby|basic team yeah yeah i know
|c|☆i feel stabby|sorry
|c| Lunar Soda|Billete you can do it
|inactive|billette has 270 seconds left.
|n| CheerLeader Soda|lunarsoda
|c| CheerLeader Soda|Uwu
|
|t:|1652735117
|start
|switch|p1a: Blacephalon|Blacephalon|100/100
|switch|p2a: Lopunny|Lopunny, F|100/100
|turn|1
|c| CheerLeader Soda|Do it
|c| CheerLeader Soda|Do it
|c| CheerLeader Soda|Billette you can do it
|c|☆i feel stabby|nvm
|c|☆i feel stabby|this team is illegal
|c|☆i feel stabby|….
|c|☆i feel stabby|just realized
|c|☆i feel stabby|2 immunities
|c|☆i feel stabby|and 1 resist
|inactive|i feel stabby has 270 seconds left.
|c|☆i feel stabby|can i not use one mon?
|c| CheerLeader Soda|Billette should find that out
|c| CheerLeader Soda|lol
|c| CheerLeader Soda|Sure
|c|☆i feel stabby|i wont use grenibja
|c| CheerLeader Soda|Strike moment
|c| CheerLeader Soda|Rip
|c| CheerLeader Soda|Sure
|
|t:|1652735172
|detailschange|p2a: Lopunny|Lopunny-Mega, F
|-mega|p2a: Lopunny|Lopunny|Lopunnite
|move|p2a: Lopunny|Fake Out|p1a: Blacephalon
|-damage|p1a: Blacephalon|49/100
|cant|p1a: Blacephalon|flinch
|
|upkeep
|turn|2
|
|t:|1652735179
|move|p1a: Blacephalon|Overheat|p2a: Lopunny
|-damage|p2a: Lopunny|6/100
|-unboost|p1a: Blacephalon|spa|2
|move|p2a: Lopunny|Close Combat|p1a: Blacephalon
|-damage|p1a: Blacephalon|0 fnt
|-unboost|p2a: Lopunny|def|1
|-unboost|p2a: Lopunny|spd|1
|faint|p1a: Blacephalon
|
|upkeep
|
|t:|1652735182
|switch|p1a: Polteageist|Polteageist|100/100
|turn|3
|
|t:|1652735193
|move|p2a: Lopunny|U-turn|p1a: Polteageist
|-resisted|p1a: Polteageist
|-damage|p1a: Polteageist|79/100
|
|t:|1652735195
|switch|p2a: Blissey|Blissey, F|100/100|[from]move: U-turn
|move|p1a: Polteageist|Shell Smash|p1a: Polteageist
|-unboost|p1a: Polteageist|def|1
|-unboost|p1a: Polteageist|spd|1
|-boost|p1a: Polteageist|atk|2
|-boost|p1a: Polteageist|spa|2
|-boost|p1a: Polteageist|spe|2
|
|upkeep
|turn|4
|c| CheerLeader Soda|Dumb moment
|c| CheerLeader Soda|lol
|c| CheerLeader Soda|Go Billette to
|c| CheerLeader Soda|Go Billette to
|c| CheerLeader Soda|CheerLeader Soda
|c| CheerLeader Soda|Is there!
|
|t:|1652735220
|move|p1a: Polteageist|Shell Smash|p1a: Polteageist
|-unboost|p1a: Polteageist|def|1
|-unboost|p1a: Polteageist|spd|1
|-boost|p1a: Polteageist|atk|2
|-boost|p1a: Polteageist|spa|2
|-boost|p1a: Polteageist|spe|2
|move|p2a: Blissey|Thunder Wave|p1a: Polteageist
|-status|p1a: Polteageist|par
|
|upkeep
|turn|5
|
|t:|1652735228
|move|p1a: Polteageist|Baton Pass|p1a: Polteageist
|
|t:|1652735230
|switch|p1a: Kommo-o|Kommo-o, M|100/100|[from]move: Baton Pass
|move|p2a: Blissey|Teleport|p2a: Blissey
|
|t:|1652735237
|switch|p2a: Lopunny|Lopunny-Mega, F|6/100|[from]move: Teleport
|
|upkeep
|turn|6
|
|t:|1652735241
|move|p2a: Lopunny|Fake Out|p1a: Kommo-o
|-damage|p1a: Kommo-o|56/100
|cant|p1a: Kommo-o|flinch
|
|upkeep
|turn|7
|
|t:|1652735246
|switch|p2a: Corviknight|Corviknight, F|100/100
|-ability|p2a: Corviknight|Pressure
|move|p1a: Kommo-o|Drain Punch|p2a: Corviknight
|-damage|p2a: Corviknight|52/100
|-heal|p1a: Kommo-o|89/100|[from] drain|[of] p2a: Corviknight
|-damage|p1a: Kommo-o|72/100|[from] item: Rocky Helmet|[of] p2a: Corviknight
|
|upkeep
|turn|8
|
|t:|1652735253
|move|p1a: Kommo-o|Flamethrower|p2a: Corviknight
|-supereffective|p2a: Corviknight
|-crit|p2a: Corviknight
|-damage|p2a: Corviknight|0 fnt
|faint|p2a: Corviknight
|
|upkeep
|c|☆i feel stabby|gg lol
|
|t:|1652735274
|switch|p2a: Lopunny|Lopunny-Mega, F|6/100
|turn|9
|c| CheerLeader Soda|Yay
|
|t:|1652735277
|move|p2a: Lopunny|Fake Out|p1a: Kommo-o
|-damage|p1a: Kommo-o|28/100
|cant|p1a: Kommo-o|flinch
|
|upkeep
|turn|10
|c| CheerLeader Soda|Go Billette go
|c| CheerLeader Soda|You should have had Quick Attack on Lop
|c| CheerLeader Soda|Tbh
|c| CheerLeader Soda|lol
|inactive|i feel stabby has 270 seconds left.
|
|t:|1652735313
|switch|p2a: Kartana|Kartana|100/100
|move|p1a: Kommo-o|Drain Punch|p2a: Kartana
|-supereffective|p2a: Kartana
|-damage|p2a: Kartana|0 fnt
|-heal|p1a: Kommo-o|73/100|[from] drain|[of] p2a: Kartana
|faint|p2a: Kartana
|
|upkeep
|
|t:|1652735315
|switch|p2a: Lopunny|Lopunny-Mega, F|6/100
|turn|11
|
|t:|1652735321
|move|p2a: Lopunny|Fake Out|p1a: Kommo-o
|-crit|p1a: Kommo-o
|-damage|p1a: Kommo-o|15/100
|cant|p1a: Kommo-o|flinch
|
|upkeep
|turn|12
|
|t:|1652735326
|switch|p2a: Xurkitree|Xurkitree|100/100
|move|p1a: Kommo-o|Drain Punch|p2a: Xurkitree
|-damage|p2a: Xurkitree|0 fnt
|-heal|p1a: Kommo-o|72/100|[from] drain|[of] p2a: Xurkitree
|faint|p2a: Xurkitree
|
|upkeep
|
|t:|1652735328
|switch|p2a: Lopunny|Lopunny-Mega, F|6/100
|turn|13
|
|t:|1652735330
|move|p2a: Lopunny|Fake Out|p1a: Kommo-o
|-damage|p1a: Kommo-o|31/100
|cant|p1a: Kommo-o|flinch
|
|upkeep
|turn|14
|
|t:|1652735335
|switch|p2a: Blissey|Blissey, F|100/100
|move|p1a: Kommo-o|Drain Punch|p2a: Blissey
|-supereffective|p2a: Blissey
|-damage|p2a: Blissey|0 fnt
|-heal|p1a: Kommo-o|100/100|[from] drain|[of] p2a: Blissey
|faint|p2a: Blissey
|
|upkeep
|c|☆i feel stabby|gg
|-message|i feel stabby forfeited.
|
|win|billette
|l|☆i feel stabby
|c| CheerLeader Soda|You could have at least sacked Gren
|c| CheerLeader Soda|But okay
|c| CheerLeader Soda|Go Billette go
|c|☆billette|gg
