|j|☆rajof
|j|☆DarkboiJ
|t:|1668321642
|gametype|singles
|player|p1|rajof|youngster-gen4dp|1809
|player|p2|DarkboiJ|blue-gen3two|1923
|teamsize|p1|6
|teamsize|p2|6
|gen|8
|tier|[Gen 8] National Dex AG
|rated|
|rule|HP Percentage Mod: HP is shown in percentages
|rule|Endless Battle Clause: Forcing endless battles is banned
|clearpoke
|poke|p1|Arceus-*|
|poke|p1|Ditto|
|poke|p1|Chansey, F|
|poke|p1|Lugia|
|poke|p1|Groudon|
|poke|p1|Sableye, F|
|poke|p2|Darkrai|
|poke|p2|Arceus-*|
|poke|p2|Kyogre|
|poke|p2|Ditto|
|poke|p2|Zapdos|
|poke|p2|Arceus-*|
|teampreview
|inactive|Battle timer is ON: inactive players will automatically lose when time's up. (requested by DarkboiJ)
|j| feitan laugh
|
|t:|1668321657
|start
|switch|p1a: 깜까미|Sableye, F|100/100
|switch|p2a: Arceus|Arceus-Fairy|100/100
|turn|1
|
|t:|1668321667
|switch|p1a: 럭키|Chansey, F|100/100
|move|p2a: Arceus|Judgment|p1a: 럭키
|-damage|p1a: 럭키|86/100
|
|upkeep
|turn|2
|
|t:|1668321671
|move|p2a: Arceus|Stealth Rock|p1a: 럭키
|-sidestart|p1: rajof|move: Stealth Rock
|move|p1a: 럭키|Toxic|p2a: Arceus
|-status|p2a: Arceus|tox
|
|-damage|p2a: Arceus|94/100 tox|[from] psn
|upkeep
|turn|3
|
|t:|1668321677
|switch|p2a: Arceus|Arceus|100/100
|move|p1a: 럭키|Wish|p1a: 럭키
|
|upkeep
|turn|4
|j| Eteracian
|
|t:|1668321683
|move|p2a: Arceus|Swords Dance|p2a: Arceus
|-boost|p2a: Arceus|atk|2
|move|p1a: 럭키|Toxic|p2a: Arceus
|-status|p2a: Arceus|tox
|-enditem|p2a: Arceus|Lum Berry|[eat]
|-curestatus|p2a: Arceus|tox|[msg]
|
|-heal|p1a: 럭키|100/100|[from] move: Wish|[wisher] 럭키
|upkeep
|turn|5
|
|t:|1668321692
|switch|p1a: 깜까미|Sableye, F|100/100
|-damage|p1a: 깜까미|88/100|[from] Stealth Rock
|move|p2a: Arceus|Extreme Speed|p1a: 깜까미
|-immune|p1a: 깜까미
|
|upkeep
|turn|6
|
|t:|1668321698
|switch|p2a: Darkrai|Darkrai|100/100
|move|p1a: 깜까미|Encore|p2a: Darkrai
|-hint|Since gen 7, Dark is immune to Prankster moves.
|-immune|p2a: Darkrai
|
|upkeep
|turn|7
|j| TwTv Bepersch
|
|t:|1668321706
|detailschange|p1a: 깜까미|Sableye-Mega, F
|-mega|p1a: 깜까미|Sableye|Sablenite
|move|p2a: Darkrai|Substitute|p2a: Darkrai
|-start|p2a: Darkrai|Substitute
|-damage|p2a: Darkrai|76/100
|move|p1a: 깜까미|Snarl|p2a: Darkrai
|-resisted|p2a: Darkrai
|-damage|p2a: Darkrai|64/100
|-unboost|p2a: Darkrai|spa|1
|
|-heal|p2a: Darkrai|70/100|[from] item: Leftovers
|upkeep
|turn|8
|
|t:|1668321715
|move|p2a: Darkrai|Dark Pulse|p1a: 깜까미
|-damage|p1a: 깜까미|60/100
|move|p1a: 깜까미|Encore|p2a: Darkrai
|-start|p2a: Darkrai|Encore
|
|-heal|p2a: Darkrai|76/100|[from] item: Leftovers
|upkeep
|turn|9
|
|t:|1668321723
|move|p2a: Darkrai|Dark Pulse|p1a: 깜까미
|-damage|p1a: 깜까미|32/100
|move|p1a: 깜까미|Recover|p1a: 깜까미
|-heal|p1a: 깜까미|82/100
|
|-heal|p2a: Darkrai|82/100|[from] item: Leftovers
|upkeep
|turn|10
|
|t:|1668321732
|move|p2a: Darkrai|Dark Pulse|p1a: 깜까미
|-damage|p1a: 깜까미|53/100
|move|p1a: 깜까미|Calm Mind|p1a: 깜까미
|-boost|p1a: 깜까미|spa|1
|-boost|p1a: 깜까미|spd|1
|
|-heal|p2a: Darkrai|88/100|[from] item: Leftovers
|upkeep
|turn|11
|
|t:|1668321739
|switch|p2a: Kyogre|Kyogre|100/100
|detailschange|p2a: Kyogre|Kyogre-Primal
|-primal|p2a: Kyogre
|-weather|PrimordialSea|[from] ability: Primordial Sea|[of] p2a: Kyogre
|move|p1a: 깜까미|Recover|p1a: 깜까미
|-heal|p1a: 깜까미|100/100
|
|-weather|PrimordialSea|[upkeep]
|upkeep
|turn|12
|
|t:|1668321743
|move|p2a: Kyogre|Water Spout|p1a: 깜까미
|-damage|p1a: 깜까미|0 fnt
|faint|p1a: 깜까미
|
|-weather|PrimordialSea|[upkeep]
|upkeep
|
|t:|1668321749
|switch|p1a: 그란돈|Groudon|100/100
|-damage|p1a: 그란돈|94/100|[from] Stealth Rock
|detailschange|p1a: 그란돈|Groudon-Primal
|-primal|p1a: 그란돈
|-weather|DesolateLand|[from] ability: Desolate Land|[of] p1a: 그란돈
|turn|13
|
|t:|1668321753
|switch|p2a: Arceus|Arceus-Fairy|94/100 tox
|move|p1a: 그란돈|Rock Tomb|p2a: Arceus
|-damage|p2a: Arceus|74/100 tox
|-unboost|p2a: Arceus|spe|1
|
|-weather|DesolateLand|[upkeep]
|-damage|p2a: Arceus|68/100 tox|[from] psn
|upkeep
|turn|14
|
|t:|1668321765
|move|p1a: 그란돈|Swords Dance|p1a: 그란돈
|-boost|p1a: 그란돈|atk|2
|move|p2a: Arceus|Toxic|p1a: 그란돈
|-status|p1a: 그란돈|tox
|
|-weather|DesolateLand|[upkeep]
|-damage|p1a: 그란돈|88/100 tox|[from] psn
|-damage|p2a: Arceus|56/100 tox|[from] psn
|upkeep
|turn|15
|
|t:|1668321771
|move|p1a: 그란돈|Precipice Blades|p2a: Arceus
|-damage|p2a: Arceus|0 fnt
|faint|p2a: Arceus
|
|-weather|DesolateLand|[upkeep]
|-damage|p1a: 그란돈|76/100 tox|[from] psn
|upkeep
|
|t:|1668321773
|switch|p2a: Kyogre|Kyogre-Primal|100/100
|-weather|PrimordialSea|[from] ability: Primordial Sea|[of] p2a: Kyogre
|turn|16
|
|t:|1668321777
|switch|p1a: 럭키|Chansey, F|100/100
|-damage|p1a: 럭키|88/100|[from] Stealth Rock
|move|p2a: Kyogre|Water Spout|p1a: 럭키
|-damage|p1a: 럭키|44/100
|
|-weather|PrimordialSea|[upkeep]
|upkeep
|turn|17
|
|t:|1668321781
|move|p2a: Kyogre|Liquidation|p1a: 럭키
|-damage|p1a: 럭키|2/100
|move|p1a: 럭키|Wish|p1a: 럭키
|
|-weather|PrimordialSea|[upkeep]
|upkeep
|turn|18
|
|t:|1668321787
|-weather|none
|switch|p2a: Darkrai|Darkrai|88/100
|move|p1a: 럭키|Protect||[still]
|-fail|p1a: 럭키
|
|-heal|p1a: 럭키|52/100|[from] move: Wish|[wisher] 럭키
|-heal|p2a: Darkrai|94/100|[from] item: Leftovers
|upkeep
|turn|19
|
|t:|1668321792
|move|p2a: Darkrai|Substitute|p2a: Darkrai
|-start|p2a: Darkrai|Substitute
|-damage|p2a: Darkrai|69/100
|move|p1a: 럭키|Toxic||[still]
|-fail|p1a: 럭키
|
|-heal|p2a: Darkrai|75/100|[from] item: Leftovers
|upkeep
|turn|20
|
|t:|1668321797
|move|p2a: Darkrai|Hypnosis|p1a: 럭키
|-status|p1a: 럭키|slp|[from] move: Hypnosis
|cant|p1a: 럭키|slp
|
|-heal|p2a: Darkrai|81/100|[from] item: Leftovers
|-damage|p1a: 럭키|39/100 slp|[from] ability: Bad Dreams|[of] p2a: Darkrai
|upkeep
|turn|21
|
|t:|1668321801
|-curestatus|p1a: 럭키|slp|[from] ability: Natural Cure
|switch|p1a: 악르세우스|Arceus-Fairy|100/100
|-damage|p1a: 악르세우스|88/100|[from] Stealth Rock
|move|p2a: Darkrai|Nasty Plot|p2a: Darkrai
|-boost|p2a: Darkrai|spa|2
|
|-heal|p2a: Darkrai|87/100|[from] item: Leftovers
|upkeep
|turn|22
|
|t:|1668321806
|move|p2a: Darkrai|Hypnosis|p1a: 악르세우스
|-status|p1a: 악르세우스|slp|[from] move: Hypnosis
|cant|p1a: 악르세우스|slp
|
|-heal|p2a: Darkrai|93/100|[from] item: Leftovers
|-damage|p1a: 악르세우스|76/100 slp|[from] ability: Bad Dreams|[of] p2a: Darkrai
|upkeep
|turn|23
|
|t:|1668321809
|-start|p1a: 악르세우스|Dynamax|
|-heal|p1a: 악르세우스|76/100 slp|[silent]
|move|p2a: Darkrai|Dark Pulse|p1a: 악르세우스
|-resisted|p1a: 악르세우스
|-damage|p1a: 악르세우스|63/100 slp
|-curestatus|p1a: 악르세우스|slp|[msg]
|move|p1a: 악르세우스|Max Starfall|p2a: Darkrai
|-supereffective|p2a: Darkrai
|-end|p2a: Darkrai|Substitute
|-fieldstart|move: Misty Terrain
|
|-heal|p2a: Darkrai|99/100|[from] item: Leftovers
|upkeep
|turn|24
|
|t:|1668321817
|move|p2a: Darkrai|Substitute|p2a: Darkrai
|-start|p2a: Darkrai|Substitute
|-damage|p2a: Darkrai|75/100
|move|p1a: 악르세우스|Max Quake|p2a: Darkrai
|-end|p2a: Darkrai|Substitute
|-boost|p1a: 악르세우스|spd|1
|
|-heal|p2a: Darkrai|81/100|[from] item: Leftovers
|upkeep
|turn|25
|
|t:|1668321822
|move|p2a: Darkrai|Substitute|p2a: Darkrai
|-start|p2a: Darkrai|Substitute
|-damage|p2a: Darkrai|56/100
|move|p1a: 악르세우스|Max Starfall|p2a: Darkrai
|-supereffective|p2a: Darkrai
|-end|p2a: Darkrai|Substitute
|
|-heal|p2a: Darkrai|62/100|[from] item: Leftovers
|upkeep
|-end|p1a: 악르세우스|Dynamax
|-heal|p1a: 악르세우스|63/100|[silent]
|turn|26
|
|t:|1668321827
|switch|p2a: Zapdos|Zapdos|100/100
|move|p1a: 악르세우스|Calm Mind|p1a: 악르세우스
|-boost|p1a: 악르세우스|spa|1
|-boost|p1a: 악르세우스|spd|1
|
|upkeep
|turn|27
|
|t:|1668321833
|move|p1a: 악르세우스|Judgment|p2a: Zapdos
|-damage|p2a: Zapdos|34/100
|move|p2a: Zapdos|Volt Switch|p1a: 악르세우스
|-damage|p1a: 악르세우스|53/100
|
|t:|1668321841
|switch|p2a: Arceus|Arceus|100/100|[from]move: Volt Switch
|
|-fieldend|Misty Terrain
|upkeep
|turn|28
|
|t:|1668321857
|move|p1a: 악르세우스|Judgment|p2a: Arceus
|-damage|p2a: Arceus|55/100
|move|p2a: Arceus|Swords Dance|p2a: Arceus
|-boost|p2a: Arceus|atk|2
|
|upkeep
|turn|29
|
|t:|1668321864
|switch|p1a: 루기아|Lugia|100/100
|-damage|p1a: 루기아|75/100|[from] Stealth Rock
|move|p2a: Arceus|Recover|p2a: Arceus
|-heal|p2a: Arceus|100/100
|
|upkeep
|turn|30
|
|t:|1668321873
|-start|p2a: Arceus|Dynamax|
|-heal|p2a: Arceus|100/100|[silent]
|move|p2a: Arceus|Max Phantasm|p1a: 루기아
|-supereffective|p1a: 루기아
|-damage|p1a: 루기아|0 fnt
|faint|p1a: 루기아
|
|upkeep
|
|t:|1668321880
|switch|p1a: 메타몽|Ditto|100/100
|-damage|p1a: 메타몽|88/100|[from] Stealth Rock
|-transform|p1a: 메타몽|p2a: Arceus|[from] ability: Imposter
|turn|31
|
|t:|1668321883
|switch|p1a: 럭키|Chansey, F|39/100
|-damage|p1a: 럭키|27/100|[from] Stealth Rock
|move|p2a: Arceus|Max Strike|p1a: 럭키
|-damage|p1a: 럭키|0 fnt
|faint|p1a: 럭키
|
|upkeep
|
|t:|1668321892
|switch|p1a: 악르세우스|Arceus-Fairy|53/100
|-damage|p1a: 악르세우스|41/100|[from] Stealth Rock
|turn|32
|
|t:|1668321901
|-end|p2a: Arceus|Dynamax
|-heal|p2a: Arceus|100/100|[silent]
|switch|p2a: Kyogre|Kyogre-Primal|100/100
|-weather|PrimordialSea|[from] ability: Primordial Sea|[of] p2a: Kyogre
|move|p1a: 악르세우스|Judgment|p2a: Kyogre
|-damage|p2a: Kyogre|66/100
|
|-weather|PrimordialSea|[upkeep]
|upkeep
|turn|33
|
|t:|1668321914
|switch|p1a: 그란돈|Groudon-Primal|76/100 tox
|-damage|p1a: 그란돈|63/100 tox|[from] Stealth Rock
|-weather|DesolateLand|[from] ability: Desolate Land|[of] p1a: 그란돈
|move|p2a: Kyogre|Ice Beam|p1a: 그란돈
|-damage|p1a: 그란돈|26/100 tox
|
|-weather|DesolateLand|[upkeep]
|-damage|p1a: 그란돈|20/100 tox|[from] psn
|upkeep
|turn|34
|
|t:|1668321918
|move|p2a: Kyogre|Ice Beam|p1a: 그란돈
|-damage|p1a: 그란돈|0 fnt
|faint|p1a: 그란돈
|-weather|none
|
|upkeep
|
|t:|1668321919
|switch|p1a: 메타몽|Ditto|88/100
|-damage|p1a: 메타몽|76/100|[from] Stealth Rock
|-transform|p1a: 메타몽|p2a: Kyogre|[from] ability: Imposter
|-weather|PrimordialSea|[from] ability: Primordial Sea|[of] p1a: 메타몽
|turn|35
|
|t:|1668321926
|switch|p2a: Zapdos|Zapdos|34/100
|move|p1a: 메타몽|Thunder|p2a: Zapdos
|-damage|p2a: Zapdos|0 fnt
|faint|p2a: Zapdos
|
|-weather|PrimordialSea|[upkeep]
|upkeep
|
|t:|1668321929
|switch|p2a: Arceus|Arceus|100/100
|turn|36
|
|t:|1668321945
|move|p2a: Arceus|Extreme Speed|p1a: 메타몽
|-damage|p1a: 메타몽|16/100
|move|p1a: 메타몽|Thunder|p2a: Arceus
|-damage|p2a: Arceus|69/100
|
|-weather|PrimordialSea|[upkeep]
|upkeep
|turn|37
|-message|rajof forfeited.
|
|win|DarkboiJ
|raw|rajof's rating: 1809 &rarr; <strong>1795</strong><br />(-14 for losing)
|raw|DarkboiJ's rating: 1923 &rarr; <strong>1937</strong><br />(+14 for winning)
|l|☆rajof
