|j|☆CLEAR GEM清瑜
|j|☆ThenoJSZ
|t:|1667102350
|gametype|singles
|player|p1|CLEAR GEM清瑜|skierf|1849
|player|p2|ThenoJSZ|ash|1725
|teamsize|p1|6
|teamsize|p2|6
|gen|8
|tier|[Gen 8] National Dex AG
|rated|
|rule|HP Percentage Mod: HP is shown in percentages
|rule|Endless Battle Clause: Forcing endless battles is banned
|clearpoke
|poke|p1|Rayquaza|
|poke|p1|Groudon|
|poke|p1|Necrozma-Dusk-Mane|
|poke|p1|Arceus-*|
|poke|p1|Zacian-*|
|poke|p1|Yveltal|
|poke|p2|Rayquaza|
|poke|p2|Ho-Oh|
|poke|p2|Arceus-*|
|poke|p2|Arceus-*|
|poke|p2|Necrozma-Dusk-Mane|
|poke|p2|Ditto|
|teampreview
|inactive|Battle timer is ON: inactive players will automatically lose when time's up. (requested by ThenoJSZ)
|
|t:|1667102362
|start
|switch|p1a: 老烈|Rayquaza, shiny|100/100
|switch|p2a: Rayquaza|Rayquaza|100/100
|-ability|p2a: Rayquaza|Air Lock
|-ability|p1a: 老烈|Air Lock
|turn|1
|
|t:|1667102371
|detailschange|p2a: Rayquaza|Rayquaza-Mega
|-mega|p2a: Rayquaza|Rayquaza|
|-weather|DeltaStream|[from] ability: Delta Stream|[of] p2a: Rayquaza
|detailschange|p1a: 老烈|Rayquaza-Mega, shiny
|-mega|p1a: 老烈|Rayquaza|
|move|p2a: Rayquaza|Scale Shot|p1a: 老烈
|-supereffective|p1a: 老烈
|-damage|p1a: 老烈|54/100
|-supereffective|p1a: 老烈
|-damage|p1a: 老烈|14/100
|-supereffective|p1a: 老烈
|-damage|p1a: 老烈|0 fnt
|faint|p1a: 老烈
|-hitcount|p1: 老烈|3
|-unboost|p2a: Rayquaza|def|1
|-boost|p2a: Rayquaza|spe|1
|-damage|p2a: Rayquaza|91/100|[from] item: Life Orb
|
|-weather|DeltaStream|[upkeep]
|upkeep
|
|t:|1667102374
|switch|p1a: 不会(?)|Groudon|100/100
|detailschange|p1a: 不会(?)|Groudon-Primal
|-primal|p1a: 不会(?)
|-weather|DesolateLand|[from] ability: Desolate Land|[of] p1a: 不会(?)
|turn|2
|
|t:|1667102383
|move|p2a: Rayquaza|Earthquake|p1a: 不会(?)
|-supereffective|p1a: 不会(?)
|-damage|p1a: 不会(?)|48/100
|-damage|p2a: Rayquaza|81/100|[from] item: Life Orb
|move|p1a: 不会(?)|Thunder Wave|p2a: Rayquaza
|-status|p2a: Rayquaza|par
|
|-weather|DesolateLand|[upkeep]
|upkeep
|turn|3
|
|t:|1667102393
|move|p2a: Rayquaza|Scale Shot|p1a: 不会(?)
|-damage|p1a: 不会(?)|38/100
|-damage|p1a: 不会(?)|28/100
|-hitcount|p1a: 不会(?)|2
|-unboost|p2a: Rayquaza|def|1
|-boost|p2a: Rayquaza|spe|1
|-damage|p2a: Rayquaza|71/100 par|[from] item: Life Orb
|move|p1a: 不会(?)|Stealth Rock|p2a: Rayquaza
|-sidestart|p2: ThenoJSZ|move: Stealth Rock
|
|-weather|DesolateLand|[upkeep]
|upkeep
|turn|4
|c|☆ThenoJSZ|悲
|
|t:|1667102403
|move|p2a: Rayquaza|Scale Shot|p1a: 不会(?)
|-damage|p1a: 不会(?)|16/100
|-damage|p1a: 不会(?)|5/100
|-hitcount|p1a: 不会(?)|2
|-unboost|p2a: Rayquaza|def|1
|-boost|p2a: Rayquaza|spe|1
|-damage|p2a: Rayquaza|61/100 par|[from] item: Life Orb
|move|p1a: 不会(?)|Fire Punch|p2a: Rayquaza
|-resisted|p2a: Rayquaza
|-damage|p2a: Rayquaza|0 fnt
|faint|p2a: Rayquaza
|
|-weather|DesolateLand|[upkeep]
|upkeep
|c|☆CLEAR GEM清瑜|?是国人
|
|t:|1667102417
|switch|p2a: Ho-Oh|Ho-Oh|100/100
|turn|5
|
|t:|1667102422
|move|p1a: 不会(?)|Thunder Wave|p2a: Ho-Oh
|-status|p2a: Ho-Oh|par
|move|p2a: Ho-Oh|Sacred Fire|p1a: 不会(?)
|-resisted|p1a: 不会(?)
|-damage|p1a: 不会(?)|0 fnt
|faint|p1a: 不会(?)
|-weather|none
|
|upkeep
|
|t:|1667102426
|switch|p1a: 嘉然小姐的狗|Zacian-Crowned|100/100
|-ability|p1a: 嘉然小姐的狗|Intrepid Sword|boost
|-boost|p1a: 嘉然小姐的狗|atk|1
|turn|6
|
|t:|1667102435
|switch|p2a: Necrozma|Necrozma-Dusk-Mane|100/100
|-damage|p2a: Necrozma|94/100|[from] Stealth Rock
|move|p1a: 嘉然小姐的狗|Wild Charge|p2a: Necrozma
|-damage|p2a: Necrozma|64/100
|-damage|p1a: 嘉然小姐的狗|84/100|[from] item: Rocky Helmet|[of] p2a: Necrozma
|-damage|p1a: 嘉然小姐的狗|76/100|[from] Recoil
|
|upkeep
|turn|7
|
|t:|1667102443
|switch|p1a: 钢铁之躯|Necrozma-Dusk-Mane|100/100
|move|p2a: Necrozma|Morning Sun|p2a: Necrozma
|-heal|p2a: Necrozma|100/100
|
|upkeep
|turn|8
|c|☆ThenoJSZ|事...事啊
|
|t:|1667102454
|move|p1a: 钢铁之躯|Dragon Dance|p1a: 钢铁之躯
|-boost|p1a: 钢铁之躯|atk|1
|-boost|p1a: 钢铁之躯|spe|1
|move|p2a: Necrozma|Stealth Rock|p1a: 钢铁之躯
|-sidestart|p1: CLEAR GEM清瑜|move: Stealth Rock
|
|upkeep
|turn|9
|
|t:|1667102462
|switch|p2a: Arceus|Arceus-Water|100/100
|-damage|p2a: Arceus|88/100|[from] Stealth Rock
|move|p1a: 钢铁之躯|Dragon Dance|p1a: 钢铁之躯
|-boost|p1a: 钢铁之躯|atk|1
|-boost|p1a: 钢铁之躯|spe|1
|
|upkeep
|turn|10
|
|t:|1667102469
|move|p1a: 钢铁之躯|Photon Geyser|p2a: Arceus
|-damage|p2a: Arceus|21/100
|move|p2a: Arceus|Judgment|p1a: 钢铁之躯
|-damage|p1a: 钢铁之躯|59/100
|
|upkeep
|turn|11
|
|t:|1667102474
|move|p1a: 钢铁之躯|Photon Geyser|p2a: Arceus
|-damage|p2a: Arceus|0 fnt
|faint|p2a: Arceus
|
|upkeep
|
|t:|1667102487
|switch|p2a: Arceus|Arceus-Dark|100/100
|-damage|p2a: Arceus|88/100|[from] Stealth Rock
|turn|12
|
|t:|1667102497
|-start|p2a: Arceus|Dynamax|
|-heal|p2a: Arceus|88/100|[silent]
|move|p1a: 钢铁之躯|Earthquake|p2a: Arceus
|-damage|p2a: Arceus|61/100
|move|p2a: Arceus|Max Darkness|p1a: 钢铁之躯
|-supereffective|p1a: 钢铁之躯
|-damage|p1a: 钢铁之躯|0 fnt
|faint|p1a: 钢铁之躯
|
|upkeep
|
|t:|1667102504
|switch|p1a: 悬空羊驼|Arceus-Flying|100/100
|-damage|p1a: 悬空羊驼|76/100|[from] Stealth Rock
|turn|13
|
|t:|1667102508
|move|p1a: 悬空羊驼|Swords Dance|p1a: 悬空羊驼
|-boost|p1a: 悬空羊驼|atk|2
|move|p2a: Arceus|Max Darkness|p1a: 悬空羊驼
|-damage|p1a: 悬空羊驼|33/100
|-unboost|p1a: 悬空羊驼|spd|1
|
|upkeep
|turn|14
|
|t:|1667102512
|-start|p1a: 悬空羊驼|Dynamax|
|-heal|p1a: 悬空羊驼|33/100|[silent]
|move|p1a: 悬空羊驼|Max Guard|p1a: 悬空羊驼
|-singleturn|p1a: 悬空羊驼|Max Guard
|move|p2a: Arceus|Max Darkness|p1a: 悬空羊驼
|-activate|p1a: 悬空羊驼|move: Max Guard
|
|upkeep
|-end|p2a: Arceus|Dynamax
|-heal|p2a: Arceus|61/100|[silent]
|turn|15
|
|t:|1667102520
|move|p1a: 悬空羊驼|Max Airstream|p2a: Arceus
|-damage|p2a: Arceus|0 fnt
|-boost|p1a: 悬空羊驼|spe|1
|faint|p2a: Arceus
|
|upkeep
|
|t:|1667102524
|switch|p2a: Ditto|Ditto|100/100
|-damage|p2a: Ditto|88/100|[from] Stealth Rock
|-transform|p2a: Ditto|p1a: 悬空羊驼|[from] ability: Imposter
|turn|16
|
|t:|1667102534
|-end|p1a: 悬空羊驼|Dynamax
|-heal|p1a: 悬空羊驼|33/100|[silent]
|switch|p1a: 嘉然小姐的狗|Zacian-Crowned|76/100
|-damage|p1a: 嘉然小姐的狗|70/100|[from] Stealth Rock
|-ability|p1a: 嘉然小姐的狗|Intrepid Sword|boost
|-boost|p1a: 嘉然小姐的狗|atk|1
|move|p2a: Ditto|Fly||[still]
|-prepare|p2a: Ditto|Fly
|
|upkeep
|turn|17
|
|t:|1667102538
|move|p2a: Ditto|Fly|p1a: 嘉然小姐的狗|[from]lockedmove
|-resisted|p1a: 嘉然小姐的狗
|-damage|p1a: 嘉然小姐的狗|31/100
|move|p1a: 嘉然小姐的狗|Behemoth Blade|p2a: Ditto
|-damage|p2a: Ditto|0 fnt
|faint|p2a: Ditto
|
|upkeep
|
|t:|1667102548
|switch|p2a: Necrozma|Necrozma-Dusk-Mane|100/100
|-damage|p2a: Necrozma|94/100|[from] Stealth Rock
|turn|18
|
|t:|1667102552
|switch|p1a: 悬空羊驼|Arceus-Flying|33/100
|-damage|p1a: 悬空羊驼|8/100|[from] Stealth Rock
|move|p2a: Necrozma|Sunsteel Strike|p1a: 悬空羊驼
|-damage|p1a: 悬空羊驼|0 fnt
|faint|p1a: 悬空羊驼
|
|upkeep
|
|t:|1667102555
|switch|p1a: Y鸟|Yveltal|100/100
|-damage|p1a: Y鸟|76/100|[from] Stealth Rock
|-ability|p1a: Y鸟|Dark Aura
|turn|19
|
|t:|1667102561
|move|p1a: Y鸟|Dark Pulse|p2a: Necrozma
|-supereffective|p2a: Necrozma
|-damage|p2a: Necrozma|3/100
|-damage|p1a: Y鸟|66/100|[from] item: Life Orb
|move|p2a: Necrozma|Sunsteel Strike|p1a: Y鸟
|-damage|p1a: Y鸟|20/100
|
|upkeep
|turn|20
|
|t:|1667102569
|move|p1a: Y鸟|Dark Pulse|p2a: Necrozma
|-supereffective|p2a: Necrozma
|-damage|p2a: Necrozma|0 fnt
|faint|p2a: Necrozma
|-damage|p1a: Y鸟|10/100|[from] item: Life Orb
|
|upkeep
|
|t:|1667102571
|switch|p2a: Ho-Oh|Ho-Oh|100/100 par
|turn|21
|
|t:|1667102576
|move|p1a: Y鸟|Dark Pulse|p2a: Ho-Oh
|-damage|p2a: Ho-Oh|54/100 par
|-damage|p1a: Y鸟|0 fnt|[from] item: Life Orb
|faint|p1a: Y鸟
|move|p2a: Ho-Oh|Sacred Fire|p1: Y鸟|[notarget]
|-fail|p2a: Ho-Oh
|
|upkeep
|
|t:|1667102579
|switch|p1a: 嘉然小姐的狗|Zacian-Crowned|31/100
|-damage|p1a: 嘉然小姐的狗|25/100|[from] Stealth Rock
|-ability|p1a: 嘉然小姐的狗|Intrepid Sword|boost
|-boost|p1a: 嘉然小姐的狗|atk|1
|turn|22
|
|t:|1667102581
|move|p1a: 嘉然小姐的狗|Wild Charge|p2a: Ho-Oh
|-supereffective|p2a: Ho-Oh
|-damage|p2a: Ho-Oh|0 fnt
|faint|p2a: Ho-Oh
|-damage|p1a: 嘉然小姐的狗|10/100|[from] Recoil
|
|win|CLEAR GEM清瑜
|raw|CLEAR GEM清瑜's rating: 1849 &rarr; <strong>1862</strong><br />(+13 for winning)
|raw|ThenoJSZ's rating: 1725 &rarr; <strong>1712</strong><br />(-13 for losing)
