|j|☆CigarSmokerForever
|j|☆0.7flower
|t:|1660716259
|gametype|singles
|player|p1|CigarSmokerForever|1|1570
|player|p2|0.7flower|n|1614
|teamsize|p1|6
|teamsize|p2|6
|gen|8
|tier|[Gen 8] National Dex AG
|rated|
|rule|HP Percentage Mod: HP is shown in percentages
|rule|Endless Battle Clause: Forcing endless battles is banned
|clearpoke
|poke|p1|Groudon|
|poke|p1|Smeargle, F|
|poke|p1|Ditto|
|poke|p1|Xerneas-*|
|poke|p1|Rayquaza|
|poke|p1|Zacian-*|
|poke|p2|Rayquaza|
|poke|p2|Zacian-*|
|poke|p2|Kyogre|
|poke|p2|Arceus-*|
|poke|p2|Marshadow|
|poke|p2|Ditto|
|teampreview
|inactive|Battle timer is ON: inactive players will automatically lose when time's up. (requested by CigarSmokerForever)
|
|t:|1660716282
|start
|switch|p1a: Zacian|Zacian-Crowned|100/100
|switch|p2a: 走你所走的长路|Zacian-Crowned, shiny|100/100
|-ability|p1a: Zacian|Intrepid Sword|boost
|-boost|p1a: Zacian|atk|1
|-ability|p2a: 走你所走的长路|Intrepid Sword|boost
|-boost|p2a: 走你所走的长路|atk|1
|turn|1
|
|t:|1660716287
|move|p1a: Zacian|Behemoth Blade|p2a: 走你所走的长路
|-damage|p2a: 走你所走的长路|14/100
|move|p2a: 走你所走的长路|Behemoth Blade|p1a: Zacian
|-damage|p1a: Zacian|11/100
|
|upkeep
|turn|2
|
|t:|1660716312
|move|p1a: Zacian|Behemoth Blade|p2a: 走你所走的长路
|-damage|p2a: 走你所走的长路|0 fnt
|faint|p2a: 走你所走的长路
|
|upkeep
|
|t:|1660716314
|switch|p2a: 我也将见你未见的世界|Arceus-Electric, shiny|100/100
|turn|3
|
|t:|1660716334
|move|p1a: Zacian|Behemoth Blade|p2a: 我也将见你未见的世界
|-resisted|p2a: 我也将见你未见的世界
|-damage|p2a: 我也将见你未见的世界|61/100
|move|p2a: 我也将见你未见的世界|Stealth Rock|p1a: Zacian
|-sidestart|p1: CigarSmokerForever|move: Stealth Rock
|
|upkeep
|turn|4
|
|t:|1660716342
|move|p1a: Zacian|Play Rough|p2a: 我也将见你未见的世界
|-damage|p2a: 我也将见你未见的世界|0 fnt
|faint|p2a: 我也将见你未见的世界
|
|upkeep
|
|t:|1660716351
|switch|p2a: 写你未写的诗篇|Marshadow|100/100
|turn|5
|
|t:|1660716358
|switch|p1a: Smeargle|Smeargle, F|100/100
|-damage|p1a: Smeargle|88/100|[from] Stealth Rock
|move|p2a: 写你未写的诗篇|Shadow Sneak|p1a: Smeargle
|-immune|p1a: Smeargle
|
|-heal|p1a: Smeargle|94/100|[from] item: Leftovers
|upkeep
|turn|6
|j| Faiz Kediri Butuh
|
|t:|1660716369
|switch|p1a: Groudon|Groudon|100/100
|-damage|p1a: Groudon|94/100|[from] Stealth Rock
|detailschange|p1a: Groudon|Groudon-Primal
|-primal|p1a: Groudon
|-weather|DesolateLand|[from] ability: Desolate Land|[of] p1a: Groudon
|move|p2a: 写你未写的诗篇|Close Combat|p1a: Groudon
|-damage|p1a: Groudon|61/100
|-unboost|p2a: 写你未写的诗篇|def|1
|-unboost|p2a: 写你未写的诗篇|spd|1
|-damage|p2a: 写你未写的诗篇|91/100|[from] item: Life Orb
|
|-weather|DesolateLand|[upkeep]
|upkeep
|turn|7
|
|t:|1660716384
|switch|p2a: 这样爱你啊|Kyogre, shiny|100/100
|detailschange|p2a: 这样爱你啊|Kyogre-Primal, shiny
|-primal|p2a: 这样爱你啊
|-weather|PrimordialSea|[from] ability: Primordial Sea|[of] p2a: 这样爱你啊
|move|p1a: Groudon|Stealth Rock|p2a: 这样爱你啊
|-sidestart|p2: 0.7flower|move: Stealth Rock
|
|-weather|PrimordialSea|[upkeep]
|upkeep
|turn|8
|
|t:|1660716392
|switch|p1a: Rayquaza|Rayquaza|100/100
|-damage|p1a: Rayquaza|76/100|[from] Stealth Rock
|-ability|p1a: Rayquaza|Air Lock
|move|p2a: 这样爱你啊|Ice Beam|p1a: Rayquaza
|-supereffective|p1a: Rayquaza
|-damage|p1a: Rayquaza|0 fnt
|faint|p1a: Rayquaza
|
|-weather|PrimordialSea|[upkeep]
|upkeep
|
|t:|1660716400
|switch|p1a: Groudon|Groudon-Primal|61/100
|-damage|p1a: Groudon|49/100|[from] Stealth Rock
|-weather|DesolateLand|[from] ability: Desolate Land|[of] p1a: Groudon
|turn|9
|
|t:|1660716404
|move|p1a: Groudon|Thunder Wave|p2a: 这样爱你啊
|-status|p2a: 这样爱你啊|par
|move|p2a: 这样爱你啊|Ice Beam|p1a: Groudon
|-damage|p1a: Groudon|9/100
|
|-weather|DesolateLand|[upkeep]
|upkeep
|turn|10
|
|t:|1660716408
|move|p1a: Groudon|Precipice Blades|p2a: 这样爱你啊
|-damage|p2a: 这样爱你啊|39/100 par
|move|p2a: 这样爱你啊|Ice Beam|p1a: Groudon
|-damage|p1a: Groudon|0 fnt
|faint|p1a: Groudon
|-weather|none
|
|upkeep
|
|t:|1660716419
|switch|p1a: Zacian|Zacian-Crowned|11/100
|-damage|p1a: Zacian|4/100|[from] Stealth Rock
|-ability|p1a: Zacian|Intrepid Sword|boost
|-boost|p1a: Zacian|atk|1
|turn|11
|
|t:|1660716425
|move|p1a: Zacian|Behemoth Blade|p2a: 这样爱你啊
|-resisted|p2a: 这样爱你啊
|-damage|p2a: 这样爱你啊|0 fnt
|faint|p2a: 这样爱你啊
|
|upkeep
|
|t:|1660716428
|switch|p2a: 天边的月心中的念|Ditto, shiny|100/100
|-damage|p2a: 天边的月心中的念|88/100|[from] Stealth Rock
|-transform|p2a: 天边的月心中的念|p1a: Zacian|[from] ability: Imposter
|-ability|p2a: 天边的月心中的念|Intrepid Sword|boost
|-boost|p2a: 天边的月心中的念|atk|1
|turn|12
|
|t:|1660716434
|move|p2a: 天边的月心中的念|Behemoth Blade|p1a: Zacian
|-damage|p1a: Zacian|0 fnt
|faint|p1a: Zacian
|
|upkeep
|
|t:|1660716438
|switch|p1a: Xerneas|Xerneas|100/100
|-damage|p1a: Xerneas|88/100|[from] Stealth Rock
|-ability|p1a: Xerneas|Fairy Aura
|turn|13
|
|t:|1660716442
|-start|p1a: Xerneas|Dynamax|
|-heal|p1a: Xerneas|88/100|[silent]
|move|p2a: 天边的月心中的念|Behemoth Blade|p1a: Xerneas
|-supereffective|p1a: Xerneas
|-damage|p1a: Xerneas|0 fnt
|faint|p1a: Xerneas
|
|upkeep
|-message|CigarSmokerForever forfeited.
|
|win|0.7flower
|raw|CigarSmokerForever's rating: 1570 &rarr; <strong>1553</strong><br />(-17 for losing)
|raw|0.7flower's rating: 1614 &rarr; <strong>1631</strong><br />(+17 for winning)
|l|☆CigarSmokerForever
