|j|☆comradesquidwar
|j|☆ThyKingCharles
|t:|1641956159
|gametype|singles
|player|p1|comradesquidwar|janitor|1621
|player|p2|ThyKingCharles|zinnia|1740
|teamsize|p1|6
|teamsize|p2|6
|gen|8
|tier|[Gen 8] National Dex AG
|rated|
|rule|HP Percentage Mod: HP is shown in percentages
|rule|Endless Battle Clause: Forcing endless battles is banned
|clearpoke
|poke|p1|Ditto|
|poke|p1|Groudon|
|poke|p1|Yveltal|
|poke|p1|Blissey, F|
|poke|p1|Arceus-*|
|poke|p1|Necrozma-Dusk-Mane|
|poke|p2|Rayquaza|
|poke|p2|Arceus-*|
|poke|p2|Yveltal|
|poke|p2|Zacian-*|
|poke|p2|Necrozma-Dusk-Mane|
|poke|p2|Marshadow|
|teampreview
|inactive|Battle timer is ON: inactive players will automatically lose when time's up. (requested by comradesquidwar)
|
|t:|1641956177
|start
|switch|p1a: Ditto|Ditto, shiny|100/100
|switch|p2a: Arceus|Arceus|100/100
|-transform|p1a: Ditto|p2a: Arceus|[from] ability: Imposter
|turn|1
|
|t:|1641956185
|switch|p1a: Yveltal|Yveltal, shiny|100/100
|-ability|p1a: Yveltal|Dark Aura
|move|p2a: Arceus|Swords Dance|p2a: Arceus
|-boost|p2a: Arceus|atk|2
|
|upkeep
|turn|2
|
|t:|1641956191
|move|p2a: Arceus|Extreme Speed|p1a: Yveltal
|-damage|p1a: Yveltal|46/100
|move|p1a: Yveltal|Foul Play|p2a: Arceus
|-damage|p2a: Arceus|0 fnt
|faint|p2a: Arceus
|
|upkeep
|
|t:|1641956200
|switch|p2a: Rayquaza|Rayquaza|100/100
|-ability|p2a: Rayquaza|Air Lock
|turn|3
|
|t:|1641956209
|switch|p1a: Blissey|Blissey, F|100/100
|detailschange|p2a: Rayquaza|Rayquaza-Mega
|-mega|p2a: Rayquaza|Rayquaza|
|-weather|DeltaStream|[from] ability: Delta Stream|[of] p2a: Rayquaza
|move|p2a: Rayquaza|Dragon Ascent|p1a: Blissey
|-damage|p1a: Blissey|0 fnt
|-unboost|p2a: Rayquaza|def|1
|-unboost|p2a: Rayquaza|spd|1
|faint|p1a: Blissey
|-damage|p2a: Rayquaza|91/100|[from] item: Life Orb
|
|-weather|DeltaStream|[upkeep]
|upkeep
|
|t:|1641956215
|switch|p1a: Arceus|Arceus-Fairy|100/100
|turn|4
|
|t:|1641956230
|move|p2a: Rayquaza|Dragon Ascent|p1a: Arceus
|-damage|p1a: Arceus|33/100
|-unboost|p2a: Rayquaza|def|1
|-unboost|p2a: Rayquaza|spd|1
|-damage|p2a: Rayquaza|81/100|[from] item: Life Orb
|move|p1a: Arceus|Judgment|p2a: Rayquaza
|-supereffective|p2a: Rayquaza
|-damage|p2a: Rayquaza|0 fnt
|faint|p2a: Rayquaza
|-weather|none
|
|upkeep
|
|t:|1641956239
|switch|p2a: Necrozma|Necrozma-Dusk-Mane|100/100
|turn|5
|
|t:|1641956242
|move|p1a: Arceus|Recover|p1a: Arceus
|-heal|p1a: Arceus|83/100
|move|p2a: Necrozma|Sunsteel Strike|p1a: Arceus
|-supereffective|p1a: Arceus
|-damage|p1a: Arceus|22/100
|
|upkeep
|turn|6
|
|t:|1641956249
|move|p1a: Arceus|Recover|p1a: Arceus
|-heal|p1a: Arceus|72/100
|move|p2a: Necrozma|Dragon Dance|p2a: Necrozma
|-boost|p2a: Necrozma|atk|1
|-boost|p2a: Necrozma|spe|1
|
|upkeep
|turn|7
|
|t:|1641956255
|switch|p1a: Groudon|Groudon|100/100
|detailschange|p1a: Groudon|Groudon-Primal
|-primal|p1a: Groudon
|-weather|DesolateLand|[from] ability: Desolate Land|[of] p1a: Groudon
|move|p2a: Necrozma|Sunsteel Strike|p1a: Groudon
|-resisted|p1a: Groudon
|-damage|p1a: Groudon|74/100
|
|-weather|DesolateLand|[upkeep]
|upkeep
|turn|8
|
|t:|1641956269
|move|p2a: Necrozma|Earthquake|p1a: Groudon
|-supereffective|p1a: Groudon
|-damage|p1a: Groudon|5/100
|move|p1a: Groudon|Roar|p2a: Necrozma
|drag|p2a: Marshadow|Marshadow|100/100
|
|-weather|DesolateLand|[upkeep]
|upkeep
|turn|9
|
|t:|1641956273
|move|p2a: Marshadow|Close Combat|p1a: Groudon
|-damage|p1a: Groudon|0 fnt
|-unboost|p2a: Marshadow|def|1
|-unboost|p2a: Marshadow|spd|1
|faint|p1a: Groudon
|-weather|none
|
|upkeep
|
|t:|1641956277
|switch|p1a: Arceus|Arceus-Fairy|72/100
|turn|10
|
|t:|1641956283
|switch|p2a: Zacian|Zacian-Crowned|100/100
|-ability|p2a: Zacian|Intrepid Sword|boost
|-boost|p2a: Zacian|atk|1
|switch|p1a: Necrozma|Necrozma-Dusk-Mane|100/100
|
|upkeep
|turn|11
|
|t:|1641956285
|move|p2a: Zacian|Swords Dance|p2a: Zacian
|-boost|p2a: Zacian|atk|2
|move|p1a: Necrozma|Thunder Wave|p2a: Zacian
|-status|p2a: Zacian|par
|
|upkeep
|turn|12
|
|t:|1641956301
|switch|p1a: Yveltal|Yveltal, shiny|46/100
|-ability|p1a: Yveltal|Dark Aura
|move|p2a: Zacian|Close Combat|p1a: Yveltal
|-damage|p1a: Yveltal|0 fnt
|-unboost|p2a: Zacian|def|1
|-unboost|p2a: Zacian|spd|1
|faint|p1a: Yveltal
|
|upkeep
|
|t:|1641956307
|switch|p1a: Ditto|Ditto, shiny|100/100
|-transform|p1a: Ditto|p2a: Zacian|[from] ability: Imposter
|-ability|p1a: Ditto|Intrepid Sword|boost
|-boost|p1a: Ditto|atk|1
|turn|13
|
|t:|1641956314
|move|p1a: Ditto|Behemoth Blade|p2a: Zacian
|-damage|p2a: Zacian|0 fnt
|faint|p2a: Zacian
|
|upkeep
|
|t:|1641956316
|switch|p2a: Marshadow|Marshadow|100/100
|turn|14
|
|t:|1641956329
|switch|p1a: Arceus|Arceus-Fairy|72/100
|move|p2a: Marshadow|Spectral Thief|p1a: Arceus
|-damage|p1a: Arceus|49/100
|
|upkeep
|turn|15
|
|t:|1641956333
|switch|p2a: Necrozma|Necrozma-Dusk-Mane|100/100
|move|p1a: Arceus|Recover|p1a: Arceus
|-heal|p1a: Arceus|99/100
|
|upkeep
|turn|16
|
|t:|1641956337
|switch|p1a: Necrozma|Necrozma-Dusk-Mane|100/100
|move|p2a: Necrozma|Dragon Dance|p2a: Necrozma
|-boost|p2a: Necrozma|atk|1
|-boost|p2a: Necrozma|spe|1
|
|upkeep
|turn|17
|
|t:|1641956340
|detailschange|p2a: Necrozma|Necrozma-Ultra
|-burst|p2a: Necrozma|Necrozma|Ultranecrozium Z
|move|p2a: Necrozma|Earthquake|p1a: Necrozma
|-supereffective|p1a: Necrozma
|-damage|p1a: Necrozma|38/100
|move|p1a: Necrozma|Thunder Wave|p2a: Necrozma
|-status|p2a: Necrozma|par
|
|-heal|p1a: Necrozma|44/100|[from] item: Leftovers
|upkeep
|turn|18
|
|t:|1641956345
|switch|p1a: Arceus|Arceus-Fairy|99/100
|cant|p2a: Necrozma|par
|
|upkeep
|turn|19
|
|t:|1641956348
|-start|p1a: Arceus|Dynamax
|-heal|p1a: Arceus|99/100|[silent]
|move|p1a: Arceus|Max Starfall|p2a: Necrozma
|-supereffective|p2a: Necrozma
|-damage|p2a: Necrozma|0 fnt
|-fieldstart|move: Misty Terrain
|faint|p2a: Necrozma
|
|upkeep
|
|t:|1641956351
|switch|p2a: Marshadow|Marshadow|100/100
|turn|20
|-message|ThyKingCharles forfeited.
|
|win|comradesquidwar
|raw|comradesquidwar's rating: 1621 &rarr; <strong>1648</strong><br />(+27 for winning)
|raw|ThyKingCharles's rating: 1740 &rarr; <strong>1713</strong><br />(-27 for losing)
|l|☆ThyKingCharles
