|j|☆KinglerCookie
|j|☆iopkj09
|t:|1665849602
|gametype|singles
|player|p1|KinglerCookie|plasmagrunt-gen5bw|1635
|player|p2|iopkj09|nate|1749
|teamsize|p1|6
|teamsize|p2|6
|gen|8
|tier|[Gen 8] National Dex AG
|rated|
|rule|HP Percentage Mod: HP is shown in percentages
|rule|Endless Battle Clause: Forcing endless battles is banned
|clearpoke
|poke|p1|Regieleki|
|poke|p1|Excadrill, F|
|poke|p1|Kyogre|
|poke|p1|Marshadow|
|poke|p1|Yveltal|
|poke|p1|Rayquaza|
|poke|p2|Yveltal|
|poke|p2|Xerneas-*|
|poke|p2|Rayquaza|
|poke|p2|Arceus-*|
|poke|p2|Melmetal|
|poke|p2|Ditto|
|teampreview
|inactive|Battle timer is ON: inactive players will automatically lose when time's up. (requested by iopkj09)
|inactive|KinglerCookie also wants the timer to be on.
|
|t:|1665849610
|start
|switch|p1a: Excadrill|Excadrill, F|100/100
|switch|p2a: Yveltal|Yveltal, shiny|100/100
|-ability|p2a: Yveltal|Dark Aura
|-ability|p1a: Excadrill|Mold Breaker
|turn|1
|
|t:|1665849613
|move|p2a: Yveltal|Heat Wave|p1a: Excadrill
|-supereffective|p1a: Excadrill
|-enditem|p1a: Excadrill|Focus Sash
|-damage|p1a: Excadrill|1/100
|move|p1a: Excadrill|Rock Tomb|p2a: Yveltal
|-supereffective|p2a: Yveltal
|-damage|p2a: Yveltal|57/100
|-unboost|p2a: Yveltal|spe|1
|
|upkeep
|turn|2
|
|t:|1665849619
|move|p1a: Excadrill|Stealth Rock|p2a: Yveltal
|-sidestart|p2: iopkj09|move: Stealth Rock
|move|p2a: Yveltal|Heat Wave|p1a: Excadrill
|-supereffective|p1a: Excadrill
|-damage|p1a: Excadrill|0 fnt
|faint|p1a: Excadrill
|
|upkeep
|
|t:|1665849624
|switch|p1a: Kyogre|Kyogre|100/100
|-weather|RainDance|[from] ability: Drizzle|[of] p1a: Kyogre
|turn|3
|
|t:|1665849626
|move|p2a: Yveltal|Sucker Punch|p1a: Kyogre
|-damage|p1a: Kyogre|63/100
|move|p1a: Kyogre|Water Spout|p2a: Yveltal
|-damage|p2a: Yveltal|9/100
|
|-weather|RainDance|[upkeep]
|upkeep
|turn|4
|
|t:|1665849633
|switch|p1a: Marshadow|Marshadow|100/100
|move|p2a: Yveltal|Sucker Punch||[still]
|-fail|p2a: Yveltal
|
|-weather|RainDance|[upkeep]
|upkeep
|turn|5
|
|t:|1665849635
|move|p1a: Marshadow|Shadow Sneak|p2a: Yveltal
|-resisted|p2a: Yveltal
|-damage|p2a: Yveltal|0 fnt
|faint|p2a: Yveltal
|-damage|p1a: Marshadow|91/100|[from] item: Life Orb
|
|-weather|RainDance|[upkeep]
|upkeep
|
|t:|1665849640
|switch|p2a: Xerneas|Xerneas, shiny|100/100
|-damage|p2a: Xerneas|88/100|[from] Stealth Rock
|-ability|p2a: Xerneas|Fairy Aura
|turn|6
|
|t:|1665849642
|move|p1a: Marshadow|Poltergeist|p2a: Xerneas
|-activate|p2a: Xerneas|move: Poltergeist|Power Herb
|-damage|p2a: Xerneas|21/100
|-damage|p1a: Marshadow|81/100|[from] item: Life Orb
|move|p2a: Xerneas|Geomancy||[still]
|-prepare|p2a: Xerneas|Geomancy
|-enditem|p2a: Xerneas|Power Herb
|-anim|p2a: Xerneas|Geomancy|p2a: Xerneas
|-boost|p2a: Xerneas|spa|2
|-boost|p2a: Xerneas|spd|2
|-boost|p2a: Xerneas|spe|2
|
|-weather|RainDance|[upkeep]
|upkeep
|turn|7
|
|t:|1665849646
|-start|p2a: Xerneas|Dynamax|
|-heal|p2a: Xerneas|21/100|[silent]
|move|p1a: Marshadow|Shadow Sneak|p2a: Xerneas
|-damage|p2a: Xerneas|4/100
|-damage|p1a: Marshadow|71/100|[from] item: Life Orb
|move|p2a: Xerneas|Max Starfall|p1a: Marshadow
|-supereffective|p1a: Marshadow
|-damage|p1a: Marshadow|0 fnt
|-fieldstart|move: Misty Terrain
|faint|p1a: Marshadow
|
|-weather|none
|upkeep
|
|t:|1665849650
|switch|p1a: Yveltal|Yveltal|100/100
|-ability|p1a: Yveltal|Dark Aura
|turn|8
|
|t:|1665849652
|move|p2a: Xerneas|Max Guard|p2a: Xerneas
|-singleturn|p2a: Xerneas|Max Guard
|move|p1a: Yveltal|Sucker Punch||[still]
|-fail|p1a: Yveltal
|
|upkeep
|turn|9
|
|t:|1665849655
|move|p2a: Xerneas|Max Guard|p2a: Xerneas
|-singleturn|p2a: Xerneas|Max Guard
|move|p1a: Yveltal|Sucker Punch||[still]
|-fail|p1a: Yveltal
|
|upkeep
|-end|p2a: Xerneas|Dynamax
|-heal|p2a: Xerneas|4/100|[silent]
|turn|10
|
|t:|1665849658
|move|p1a: Yveltal|Sucker Punch|p2a: Xerneas
|-resisted|p2a: Xerneas
|-damage|p2a: Xerneas|0 fnt
|faint|p2a: Xerneas
|-damage|p1a: Yveltal|91/100|[from] item: Life Orb
|
|upkeep
|
|t:|1665849662
|switch|p2a: Arceus|Arceus|100/100
|-damage|p2a: Arceus|88/100|[from] Stealth Rock
|turn|11
|
|t:|1665849664
|move|p1a: Yveltal|Dark Pulse|p2a: Arceus
|-damage|p2a: Arceus|36/100
|-damage|p1a: Yveltal|81/100|[from] item: Life Orb
|move|p2a: Arceus|Swords Dance|p2a: Arceus
|-boost|p2a: Arceus|atk|2
|
|-fieldend|Misty Terrain
|upkeep
|turn|12
|
|t:|1665849667
|move|p2a: Arceus|Extreme Speed|p1a: Yveltal
|-damage|p1a: Yveltal|0 fnt
|faint|p1a: Yveltal
|
|upkeep
|
|t:|1665849671
|switch|p1a: Rayquaza|Rayquaza|100/100
|-ability|p1a: Rayquaza|Air Lock
|turn|13
|
|t:|1665849672
|detailschange|p1a: Rayquaza|Rayquaza-Mega
|-mega|p1a: Rayquaza|Rayquaza|
|-weather|DeltaStream|[from] ability: Delta Stream|[of] p1a: Rayquaza
|move|p1a: Rayquaza|Extreme Speed|p2a: Arceus
|-damage|p2a: Arceus|0 fnt
|faint|p2a: Arceus
|-damage|p1a: Rayquaza|91/100|[from] item: Life Orb
|
|-weather|DeltaStream|[upkeep]
|upkeep
|
|t:|1665849678
|switch|p2a: Ditto|Ditto, shiny|100/100
|-damage|p2a: Ditto|88/100|[from] Stealth Rock
|-transform|p2a: Ditto|p1a: Rayquaza|[from] ability: Imposter
|turn|14
|
|t:|1665849680
|move|p1a: Rayquaza|Extreme Speed|p2a: Ditto
|-damage|p2a: Ditto|34/100
|-damage|p1a: Rayquaza|81/100|[from] item: Life Orb
|move|p2a: Ditto|Dragon Ascent|p1a: Rayquaza
|-damage|p1a: Rayquaza|0 fnt
|-unboost|p2a: Ditto|def|1
|-unboost|p2a: Ditto|spd|1
|faint|p1a: Rayquaza
|
|-weather|DeltaStream|[upkeep]
|upkeep
|
|t:|1665849684
|switch|p1a: Regieleki|Regieleki|100/100
|turn|15
|
|t:|1665849688
|-weather|none
|switch|p2a: Melmetal|Melmetal, shiny|100/100
|-damage|p2a: Melmetal|94/100|[from] Stealth Rock
|-start|p1a: Regieleki|Dynamax|
|-heal|p1a: Regieleki|100/100|[silent]
|move|p1a: Regieleki|Max Airstream|p2a: Melmetal
|-resisted|p2a: Melmetal
|-damage|p2a: Melmetal|80/100
|-boost|p1a: Regieleki|spe|1
|-damage|p1a: Regieleki|96/100|[from] item: Life Orb
|
|upkeep
|turn|16
|
|t:|1665849691
|move|p1a: Regieleki|Max Lightning|p2a: Melmetal
|-damage|p2a: Melmetal|15/100
|-fieldstart|move: Electric Terrain
|-damage|p1a: Regieleki|91/100|[from] item: Life Orb
|move|p2a: Melmetal|Earthquake|p1a: Regieleki
|-supereffective|p1a: Regieleki
|-damage|p1a: Regieleki|20/100
|
|upkeep
|turn|17
|
|t:|1665849696
|move|p1a: Regieleki|Max Lightning|p2a: Melmetal
|-damage|p2a: Melmetal|0 fnt
|faint|p2a: Melmetal
|-damage|p1a: Regieleki|15/100|[from] item: Life Orb
|
|upkeep
|
|t:|1665849699
|switch|p2a: Ditto|Ditto, shiny|34/100
|-damage|p2a: Ditto|22/100|[from] Stealth Rock
|-transform|p2a: Ditto|p1a: Regieleki|[from] ability: Imposter
|-end|p1a: Regieleki|Dynamax
|-heal|p1a: Regieleki|15/100|[silent]
|turn|18
|
|t:|1665849708
|switch|p1a: Kyogre|Kyogre|63/100
|-weather|RainDance|[from] ability: Drizzle|[of] p1a: Kyogre
|move|p2a: Ditto|Assurance|p1a: Kyogre
|-damage|p1a: Kyogre|43/100
|
|-weather|RainDance|[upkeep]
|upkeep
|turn|19
|
|t:|1665849716
|switch|p2a: Rayquaza|Rayquaza|100/100
|-damage|p2a: Rayquaza|75/100|[from] Stealth Rock
|-ability|p2a: Rayquaza|Air Lock
|move|p1a: Kyogre|Ice Beam|p2a: Rayquaza
|-supereffective|p2a: Rayquaza
|-damage|p2a: Rayquaza|0 fnt
|faint|p2a: Rayquaza
|
|-weather|RainDance|[upkeep]
|upkeep
|
|t:|1665849718
|switch|p2a: Ditto|Ditto, shiny|22/100
|-damage|p2a: Ditto|9/100|[from] Stealth Rock
|-transform|p2a: Ditto|p1a: Kyogre|[from] ability: Imposter
|turn|20
|
|t:|1665849725
|move|p2a: Ditto|Thunder|p1a: Kyogre
|-supereffective|p1a: Kyogre
|-damage|p1a: Kyogre|0 fnt
|faint|p1a: Kyogre
|
|-weather|RainDance|[upkeep]
|-fieldend|move: Electric Terrain
|upkeep
|
|t:|1665849727
|switch|p1a: Regieleki|Regieleki|15/100
|turn|21
|
|t:|1665849729
|move|p1a: Regieleki|Wild Charge|p2a: Ditto
|-supereffective|p2a: Ditto
|-damage|p2a: Ditto|0 fnt
|faint|p2a: Ditto
|-damage|p1a: Regieleki|13/100|[from] Recoil
|-damage|p1a: Regieleki|3/100|[from] item: Life Orb
|
|win|KinglerCookie
|raw|KinglerCookie's rating: 1635 &rarr; <strong>1661</strong><br />(+26 for winning)
|raw|iopkj09's rating: 1749 &rarr; <strong>1723</strong><br />(-26 for losing)
|l|☆iopkj09
