|j|☆Khoa champions
|j|☆Buck is stallish
|t:|1660982186
|gametype|singles
|player|p1|Khoa champions|blue|1810
|player|p2|Buck is stallish|ethan-masters|1899
|teamsize|p1|6
|teamsize|p2|6
|gen|8
|tier|[Gen 8] National Dex AG
|rated|
|rule|HP Percentage Mod: HP is shown in percentages
|rule|Endless Battle Clause: Forcing endless battles is banned
|clearpoke
|poke|p1|Zacian-*|
|poke|p1|Yveltal|
|poke|p1|Calyrex-Shadow|
|poke|p1|Arceus-*|
|poke|p1|Ditto|
|poke|p1|Rayquaza|
|poke|p2|Kyogre|
|poke|p2|Chansey, F|
|poke|p2|Sableye, F|
|poke|p2|Lugia|
|poke|p2|Yveltal|
|poke|p2|Arceus-*|
|teampreview
|inactive|Battle timer is ON: inactive players will automatically lose when time's up. (requested by Buck is stallish)
|
|t:|1660982210
|start
|switch|p1a: Ghostfreak|Calyrex-Shadow|100/100
|switch|p2a: Pretty gem|Sableye, F|100/100
|-ability|p1a: Ghostfreak|As One
|-ability|p1a: Ghostfreak|Unnerve
|turn|1
|
|t:|1660982229
|detailschange|p2a: Pretty gem|Sableye-Mega, F
|-mega|p2a: Pretty gem|Sableye|Sablenite
|move|p1a: Ghostfreak|Nasty Plot|p1a: Ghostfreak
|-boost|p1a: Ghostfreak|spa|2
|move|p2a: Pretty gem|Foul Play|p1a: Ghostfreak
|-supereffective|p1a: Ghostfreak
|-enditem|p1a: Ghostfreak|Focus Sash
|-damage|p1a: Ghostfreak|1/100
|
|upkeep
|turn|2
|
|t:|1660982249
|switch|p2a: Raven of death|Yveltal, shiny|100/100
|-ability|p2a: Raven of death|Dark Aura
|move|p1a: Ghostfreak|Astral Barrage|p2a: Raven of death
|-resisted|p2a: Raven of death
|-damage|p2a: Raven of death|49/100
|
|upkeep
|turn|3
|
|t:|1660982261
|move|p2a: Raven of death|U-turn|p1a: Ghostfreak
|-damage|p1a: Ghostfreak|0 fnt
|faint|p1a: Ghostfreak
|
|t:|1660982266
|switch|p2a: Tough pink lady|Chansey, F|100/100|[from]move: U-turn
|
|upkeep
|
|t:|1660982274
|switch|p1a: Wildmutt|Zacian-Crowned|100/100
|-ability|p1a: Wildmutt|Intrepid Sword|boost
|-boost|p1a: Wildmutt|atk|1
|turn|4
|
|t:|1660982280
|switch|p2a: Fearless priest|Arceus-Ground|100/100
|move|p1a: Wildmutt|Behemoth Blade|p2a: Fearless priest
|-damage|p2a: Fearless priest|52/100
|
|upkeep
|turn|5
|
|t:|1660982289
|move|p1a: Wildmutt|Behemoth Blade|p2a: Fearless priest
|-damage|p2a: Fearless priest|1/100
|move|p2a: Fearless priest|Recover|p2a: Fearless priest
|-heal|p2a: Fearless priest|51/100
|
|upkeep
|turn|6
|
|t:|1660982298
|move|p1a: Wildmutt|Play Rough|p2a: Fearless priest
|-damage|p2a: Fearless priest|12/100
|move|p2a: Fearless priest|Recover|p2a: Fearless priest
|-heal|p2a: Fearless priest|62/100
|
|upkeep
|turn|7
|
|t:|1660982306
|move|p1a: Wildmutt|Behemoth Blade|p2a: Fearless priest
|-damage|p2a: Fearless priest|13/100
|move|p2a: Fearless priest|Recover|p2a: Fearless priest
|-heal|p2a: Fearless priest|63/100
|
|upkeep
|turn|8
|
|t:|1660982323
|move|p1a: Wildmutt|Behemoth Blade|p2a: Fearless priest
|-crit|p2a: Fearless priest
|-damage|p2a: Fearless priest|0 fnt
|faint|p2a: Fearless priest
|
|upkeep
|
|t:|1660982330
|switch|p2a: Eternal storm|Kyogre|100/100
|-weather|RainDance|[from] ability: Drizzle|[of] p2a: Eternal storm
|turn|9
|
|t:|1660982336
|switch|p1a: Stinkfly|Rayquaza|100/100
|-ability|p1a: Stinkfly|Air Lock
|-start|p2a: Eternal storm|Dynamax|
|-heal|p2a: Eternal storm|100/100|[silent]
|move|p2a: Eternal storm|Max Geyser|p1a: Stinkfly
|-resisted|p1a: Stinkfly
|-damage|p1a: Stinkfly|65/100
|
|-weather|RainDance|[upkeep]
|upkeep
|turn|10
|
|t:|1660982351
|detailschange|p1a: Stinkfly|Rayquaza-Mega
|-mega|p1a: Stinkfly|Rayquaza|
|-weather|DeltaStream|[from] ability: Delta Stream|[of] p1a: Stinkfly
|move|p1a: Stinkfly|Dragon Ascent|p2a: Eternal storm
|-damage|p2a: Eternal storm|72/100
|-unboost|p1a: Stinkfly|def|1
|-unboost|p1a: Stinkfly|spd|1
|move|p2a: Eternal storm|Max Hailstorm|p1a: Stinkfly
|-activate||deltastream
|-supereffective|p1a: Stinkfly
|-damage|p1a: Stinkfly|0 fnt
|-weather|Hail
|faint|p1a: Stinkfly
|
|-weather|Hail|[upkeep]
|-damage|p2a: Eternal storm|68/100|[from] Hail
|-heal|p2a: Eternal storm|72/100|[from] item: Leftovers
|upkeep
|inactive|Khoa champions has 120 seconds left.
|
|t:|1660982383
|switch|p1a: Arceus|Arceus-Electric|100/100
|turn|11
|
|t:|1660982390
|-end|p2a: Eternal storm|Dynamax
|-heal|p2a: Eternal storm|72/100|[silent]
|switch|p2a: Tough pink lady|Chansey, F|100/100
|move|p1a: Arceus|Judgment|p2a: Tough pink lady
|-damage|p2a: Tough pink lady|85/100
|
|-weather|Hail|[upkeep]
|-damage|p1a: Arceus|94/100|[from] Hail
|-damage|p2a: Tough pink lady|79/100|[from] Hail
|upkeep
|turn|12
|inactive|Khoa champions has 120 seconds left.
|
|t:|1660982403
|switch|p1a: Wildmutt|Zacian-Crowned|100/100
|-ability|p1a: Wildmutt|Intrepid Sword|boost
|-boost|p1a: Wildmutt|atk|1
|switch|p2a: Eternal storm|Kyogre|72/100
|-weather|RainDance|[from] ability: Drizzle|[of] p2a: Eternal storm
|
|-weather|RainDance|[upkeep]
|-heal|p2a: Eternal storm|78/100|[from] item: Leftovers
|upkeep
|turn|13
|inactive|Khoa champions has 120 seconds left.
|
|t:|1660982418
|move|p1a: Wildmutt|Wild Charge|p2a: Eternal storm
|-supereffective|p2a: Eternal storm
|-damage|p2a: Eternal storm|9/100
|-damage|p1a: Wildmutt|79/100|[from] Recoil
|move|p2a: Eternal storm|Scald|p1a: Wildmutt
|-damage|p1a: Wildmutt|24/100
|
|-weather|RainDance|[upkeep]
|-heal|p2a: Eternal storm|15/100|[from] item: Leftovers
|upkeep
|turn|14
|inactive|Khoa champions has 120 seconds left.
|
|t:|1660982430
|switch|p2a: White phoenix|Lugia|100/100
|move|p1a: Wildmutt|Behemoth Blade|p2a: White phoenix
|-crit|p2a: White phoenix
|-damage|p2a: White phoenix|65/100
|
|-weather|RainDance|[upkeep]
|-heal|p2a: White phoenix|71/100|[from] item: Leftovers
|upkeep
|turn|15
|inactive|Khoa champions has 120 seconds left.
|
|t:|1660982441
|move|p1a: Wildmutt|Crunch|p2a: White phoenix
|-supereffective|p2a: White phoenix
|-damage|p2a: White phoenix|16/100
|-unboost|p2a: White phoenix|def|1
|move|p2a: White phoenix|Roost|p2a: White phoenix
|-heal|p2a: White phoenix|66/100
|-singleturn|p2a: White phoenix|move: Roost
|
|-weather|RainDance|[upkeep]
|-heal|p2a: White phoenix|73/100|[from] item: Leftovers
|upkeep
|turn|16
|inactive|Khoa champions has 120 seconds left.
|
|t:|1660982454
|switch|p2a: Eternal storm|Kyogre|15/100
|move|p1a: Wildmutt|Crunch|p2a: Eternal storm
|-damage|p2a: Eternal storm|0 fnt
|faint|p2a: Eternal storm
|
|-weather|none
|upkeep
|
|t:|1660982456
|switch|p2a: Raven of death|Yveltal, shiny|49/100
|-ability|p2a: Raven of death|Dark Aura
|turn|17
|inactive|Khoa champions has 120 seconds left.
|
|t:|1660982468
|move|p2a: Raven of death|Foul Play|p1a: Wildmutt
|-resisted|p1a: Wildmutt
|-damage|p1a: Wildmutt|0 fnt
|faint|p1a: Wildmutt
|
|upkeep
|inactive|Khoa champions has 120 seconds left.
|
|t:|1660982476
|switch|p1a: ???|Ditto|100/100
|-transform|p1a: ???|p2a: Raven of death|[from] ability: Imposter
|-ability|p1a: ???|Dark Aura
|turn|18
|inactive|Khoa champions has 120 seconds left.
|
|t:|1660982492
|switch|p2a: Pretty gem|Sableye-Mega, F|100/100
|-start|p1a: ???|Dynamax|
|-heal|p1a: ???|100/100|[silent]
|move|p1a: ???|Max Flutterby|p2a: Pretty gem
|-damage|p2a: Pretty gem|75/100
|-unboost|p2a: Pretty gem|spa|1
|
|upkeep
|turn|19
|inactive|Khoa champions has 120 seconds left.
|
|t:|1660982503
|move|p1a: ???|Max Darkness|p2a: Pretty gem
|-damage|p2a: Pretty gem|20/100
|-unboost|p2a: Pretty gem|spd|1
|move|p2a: Pretty gem|Recover|p2a: Pretty gem
|-heal|p2a: Pretty gem|70/100
|
|upkeep
|turn|20
|inactive|Khoa champions has 120 seconds left.
|
|t:|1660982513
|move|p1a: ???|Max Darkness|p2a: Pretty gem
|-damage|p2a: Pretty gem|8/100
|-unboost|p2a: Pretty gem|spd|1
|move|p2a: Pretty gem|Recover|p2a: Pretty gem
|-heal|p2a: Pretty gem|58/100
|
|upkeep
|-end|p1a: ???|Dynamax
|-heal|p1a: ???|100/100|[silent]
|turn|21
|inactive|Khoa champions has 120 seconds left.
|
|t:|1660982527
|move|p1a: ???|Foul Play|p2a: Pretty gem
|-damage|p2a: Pretty gem|36/100
|move|p2a: Pretty gem|Recover|p2a: Pretty gem
|-heal|p2a: Pretty gem|86/100
|
|upkeep
|turn|22
|inactive|Khoa champions has 120 seconds left.
|inactive|Khoa champions has 90 seconds left.
|inactive|Khoa champions has 60 seconds left.
|c|☆Buck is stallish|Hurry
|inactive|Khoa champions has 30 seconds left.
|inactive|Khoa champions has 20 seconds left.
|inactive|Khoa champions has 15 seconds left.
|inactive|Khoa champions has 10 seconds left.
|inactive|Khoa champions has 5 seconds left.
|-message|Khoa champions lost due to inactivity.
|
|win|Buck is stallish
|raw|Khoa champions's rating: 1810 &rarr; <strong>1796</strong><br />(-14 for losing)
|raw|Buck is stallish's rating: 1912 &rarr; <strong>1926</strong><br />(+14 for winning)
