|j|☆Splaska ka
|j|☆C0ld as Ice
|t:|1650443567
|gametype|singles
|player|p1|Splaska ka|wallace-gen6|
|player|p2|C0ld as Ice|schoolkid-gen4dp|
|teamsize|p1|6
|teamsize|p2|6
|gen|8
|tier|[Gen 8] National Dex AG
|rule|HP Percentage Mod: HP is shown in percentages
|rule|Endless Battle Clause: Forcing endless battles is banned
|clearpoke
|poke|p1|Arceus-*|
|poke|p1|Yveltal|
|poke|p1|Arceus-*|
|poke|p1|Necrozma-Dusk-Mane|
|poke|p1|Rayquaza|
|poke|p1|Zacian-*|
|poke|p2|Calyrex-Shadow|
|poke|p2|Zacian-*|
|poke|p2|Marshadow|
|poke|p2|Xerneas-*|
|poke|p2|Necrozma-Dusk-Mane|
|poke|p2|Yveltal|
|teampreview
|inactive|Battle timer is ON: inactive players will automatically lose when time's up. (requested by Splaska ka)
|inactive|C0ld as Ice also wants the timer to be on.
|inactive|C0ld as Ice has 270 seconds left.
|
|t:|1650443598
|start
|switch|p1a: Necrozma|Necrozma-Dusk-Mane|100/100
|switch|p2a: Marshadow|Marshadow|100/100
|turn|1
|
|t:|1650443603
|switch|p1a: Arceus|Arceus-Fairy|100/100
|move|p2a: Marshadow|Will-O-Wisp|p1a: Arceus
|-status|p1a: Arceus|brn
|
|-damage|p1a: Arceus|94/100 brn|[from] brn
|upkeep
|turn|2
|
|t:|1650443610
|switch|p2a: Zacian|Zacian|100/100
|-ability|p2a: Zacian|Intrepid Sword|boost
|-boost|p2a: Zacian|atk|1
|move|p1a: Arceus|Will-O-Wisp|p2a: Zacian
|-status|p2a: Zacian|brn
|
|-damage|p2a: Zacian|94/100 brn|[from] brn
|-damage|p1a: Arceus|88/100 brn|[from] brn
|upkeep
|turn|3
|
|t:|1650443616
|switch|p1a: Rayquaza|Rayquaza|100/100
|-ability|p1a: Rayquaza|Air Lock
|move|p2a: Zacian|Swords Dance|p2a: Zacian
|-boost|p2a: Zacian|atk|2
|
|-damage|p2a: Zacian|88/100 brn|[from] brn
|upkeep
|turn|4
|
|t:|1650443624
|switch|p1a: Necrozma|Necrozma-Dusk-Mane|100/100
|move|p2a: Zacian|Play Rough|p1a: Necrozma
|-resisted|p1a: Necrozma
|-damage|p1a: Necrozma|86/100
|-unboost|p1a: Necrozma|atk|1
|-damage|p2a: Zacian|72/100 brn|[from] item: Rocky Helmet|[of] p1a: Necrozma
|
|-damage|p2a: Zacian|65/100 brn|[from] brn
|upkeep
|turn|5
|
|t:|1650443628
|switch|p1a: Rayquaza|Rayquaza|100/100
|-ability|p1a: Rayquaza|Air Lock
|move|p2a: Zacian|Swords Dance|p2a: Zacian
|-boost|p2a: Zacian|atk|2
|
|-damage|p2a: Zacian|59/100 brn|[from] brn
|upkeep
|turn|6
|
|t:|1650443633
|detailschange|p1a: Rayquaza|Rayquaza-Mega
|-mega|p1a: Rayquaza|Rayquaza|
|-weather|DeltaStream|[from] ability: Delta Stream|[of] p1a: Rayquaza
|move|p1a: Rayquaza|Extreme Speed|p2a: Zacian
|-damage|p2a: Zacian|9/100 brn
|-damage|p1a: Rayquaza|91/100|[from] item: Life Orb
|move|p2a: Zacian|Play Rough|p1a: Rayquaza
|-supereffective|p1a: Rayquaza
|-damage|p1a: Rayquaza|0 fnt
|faint|p1a: Rayquaza
|-weather|none
|
|-damage|p2a: Zacian|3/100 brn|[from] brn
|upkeep
|
|t:|1650443640
|switch|p1a: Necrozma|Necrozma-Dusk-Mane|86/100
|turn|7
|c|☆Splaska ka|ik
|c|☆Splaska ka|xacian have zmove
|c|☆Splaska ka|zacian*
|
|t:|1650443672
|-zpower|p2a: Zacian
|move|p2a: Zacian|Tectonic Rage|p1a: Necrozma|[zeffect]
|-supereffective|p1a: Necrozma
|-damage|p1a: Necrozma|13/100
|move|p1a: Necrozma|Morning Sun|p1a: Necrozma
|-heal|p1a: Necrozma|63/100
|
|-damage|p2a: Zacian|0 fnt|[from] brn
|faint|p2a: Zacian
|upkeep
|inactive|C0ld as Ice has 270 seconds left.
|c|☆C0ld as Ice|x]
|
|t:|1650443706
|switch|p2a: Calyrex|Calyrex-Shadow|100/100
|-ability|p2a: Calyrex|As One
|-ability|p2a: Calyrex|Unnerve
|turn|8
|
|t:|1650443715
|move|p2a: Calyrex|Nasty Plot|p2a: Calyrex
|-boost|p2a: Calyrex|spa|2
|move|p1a: Necrozma|Stealth Rock|p2a: Calyrex
|-sidestart|p2: C0ld as Ice|move: Stealth Rock
|
|upkeep
|turn|9
|
|t:|1650443719
|move|p2a: Calyrex|Baton Pass|p2a: Calyrex
|
|t:|1650443720
|switch|p2a: Yveltal|Yveltal|100/100|[from]move: Baton Pass
|-damage|p2a: Yveltal|75/100|[from] Stealth Rock
|-ability|p2a: Yveltal|Dark Aura
|move|p1a: Necrozma|Thunder Wave|p2a: Yveltal
|-status|p2a: Yveltal|par
|
|upkeep
|turn|10
|
|t:|1650443729
|move|p1a: Necrozma|Sunsteel Strike|p2a: Yveltal
|-damage|p2a: Yveltal|32/100 par
|cant|p2a: Yveltal|par
|
|upkeep
|turn|11
|
|t:|1650443732
|move|p1a: Necrozma|Sunsteel Strike|p2a: Yveltal
|-damage|p2a: Yveltal|0 fnt
|faint|p2a: Yveltal
|
|upkeep
|
|t:|1650443756
|switch|p2a: Calyrex|Calyrex-Shadow|100/100
|-ability|p2a: Calyrex|As One
|-ability|p2a: Calyrex|Unnerve
|-damage|p2a: Calyrex|88/100|[from] Stealth Rock
|turn|12
|
|t:|1650443766
|move|p2a: Calyrex|Astral Barrage|p1a: Necrozma
|-supereffective|p1a: Necrozma
|-damage|p1a: Necrozma|0 fnt
|faint|p1a: Necrozma
|-ability|p2a: Calyrex|Grim Neigh|boost
|-boost|p2a: Calyrex|spa|1
|
|upkeep
|
|t:|1650443768
|switch|p1a: Yveltal|Yveltal|100/100
|-ability|p1a: Yveltal|Dark Aura
|turn|13
|
|t:|1650443775
|-start|p1a: Yveltal|Dynamax|
|-heal|p1a: Yveltal|100/100|[silent]
|move|p2a: Calyrex|Baton Pass|p2a: Calyrex
|
|t:|1650443782
|switch|p2a: Marshadow|Marshadow|100/100|[from]move: Baton Pass
|-damage|p2a: Marshadow|94/100|[from] Stealth Rock
|move|p1a: Yveltal|Max Airstream|p2a: Marshadow
|-supereffective|p2a: Marshadow
|-damage|p2a: Marshadow|0 fnt
|-boost|p1a: Yveltal|spe|1
|faint|p2a: Marshadow
|-damage|p1a: Yveltal|96/100|[from] item: Life Orb
|
|upkeep
|
|t:|1650443788
|switch|p2a: Xerneas|Xerneas|100/100
|-damage|p2a: Xerneas|88/100|[from] Stealth Rock
|-ability|p2a: Xerneas|Fairy Aura
|turn|14
|
|t:|1650443792
|move|p1a: Yveltal|Max Airstream|p2a: Xerneas
|-damage|p2a: Xerneas|2/100
|-boost|p1a: Yveltal|spe|1
|-damage|p1a: Yveltal|91/100|[from] item: Life Orb
|move|p2a: Xerneas|Draining Kiss|p1a: Yveltal
|-supereffective|p1a: Yveltal
|-damage|p1a: Yveltal|57/100
|-heal|p2a: Xerneas|53/100|[from] drain|[of] p1a: Yveltal
|
|upkeep
|turn|15
|
|t:|1650443795
|move|p1a: Yveltal|Max Airstream|p2a: Xerneas
|-damage|p2a: Xerneas|0 fnt
|-boost|p1a: Yveltal|spe|1
|faint|p2a: Xerneas
|-damage|p1a: Yveltal|52/100|[from] item: Life Orb
|
|-end|p1a: Yveltal|Dynamax
|-heal|p1a: Yveltal|52/100|[silent]
|upkeep
|
|t:|1650443797
|switch|p2a: Necrozma|Necrozma-Dusk-Mane|100/100
|-damage|p2a: Necrozma|94/100|[from] Stealth Rock
|turn|16
|
|t:|1650443802
|-start|p2a: Necrozma|Dynamax|
|-heal|p2a: Necrozma|94/100|[silent]
|move|p1a: Yveltal|Dark Pulse|p2a: Necrozma
|-supereffective|p2a: Necrozma
|-damage|p2a: Necrozma|45/100
|-enditem|p2a: Necrozma|Weakness Policy
|-boost|p2a: Necrozma|atk|2|[from] item: Weakness Policy
|-boost|p2a: Necrozma|spa|2|[from] item: Weakness Policy
|-damage|p1a: Yveltal|42/100|[from] item: Life Orb
|move|p2a: Necrozma|Max Steelspike|p1a: Yveltal
|-damage|p1a: Yveltal|0 fnt
|-boost|p2a: Necrozma|def|1
|faint|p1a: Yveltal
|
|upkeep
|
|t:|1650443808
|switch|p1a: Zacian|Zacian-Crowned|100/100
|-ability|p1a: Zacian|Intrepid Sword|boost
|-boost|p1a: Zacian|atk|1
|turn|17
|
|t:|1650443816
|move|p1a: Zacian|Close Combat|p2a: Necrozma
|-damage|p2a: Necrozma|30/100
|-unboost|p1a: Zacian|def|1
|-unboost|p1a: Zacian|spd|1
|move|p2a: Necrozma|Max Steelspike|p1a: Zacian
|-damage|p1a: Zacian|0 fnt
|-boost|p2a: Necrozma|def|1
|faint|p1a: Zacian
|
|upkeep
|
|t:|1650443821
|switch|p1a: Arceus|Arceus-Fairy|88/100 brn
|turn|18
|
|t:|1650443825
|move|p1a: Arceus|Will-O-Wisp|p2a: Necrozma
|-status|p2a: Necrozma|brn
|move|p2a: Necrozma|Max Quake|p1a: Arceus
|-damage|p1a: Arceus|43/100 brn
|-boost|p2a: Necrozma|spd|1
|
|-damage|p1a: Arceus|37/100 brn|[from] brn
|-damage|p2a: Necrozma|27/100 brn|[from] brn
|-end|p2a: Necrozma|Dynamax
|-heal|p2a: Necrozma|27/100 brn|[silent]
|upkeep
|turn|19
|
|t:|1650443829
|move|p1a: Arceus|Judgment|p2a: Necrozma
|-resisted|p2a: Necrozma
|-damage|p2a: Necrozma|16/100 brn
|move|p2a: Necrozma|Moonlight|p2a: Necrozma
|-heal|p2a: Necrozma|66/100 brn
|
|-damage|p1a: Arceus|31/100 brn|[from] brn
|-damage|p2a: Necrozma|60/100 brn|[from] brn
|upkeep
|turn|20
|
|t:|1650443832
|switch|p1a: Arceus|Arceus-Ground|100/100
|move|p2a: Necrozma|Trick Room|p2a: Necrozma
|-fieldstart|move: Trick Room|[of] p2a: Necrozma
|
|-damage|p2a: Necrozma|54/100 brn|[from] brn
|upkeep
|turn|21
|
|t:|1650443835
|move|p2a: Necrozma|Flash Cannon|p1a: Arceus
|-damage|p1a: Arceus|49/100
|move|p1a: Arceus|Calm Mind|p1a: Arceus
|-boost|p1a: Arceus|spa|1
|-boost|p1a: Arceus|spd|1
|
|-damage|p2a: Necrozma|48/100 brn|[from] brn
|upkeep
|turn|22
|
|t:|1650443839
|move|p2a: Necrozma|Flash Cannon|p1a: Arceus
|-damage|p1a: Arceus|17/100
|move|p1a: Arceus|Recover|p1a: Arceus
|-heal|p1a: Arceus|67/100
|
|-damage|p2a: Necrozma|42/100 brn|[from] brn
|upkeep
|turn|23
|
|t:|1650443843
|move|p2a: Necrozma|Flash Cannon|p1a: Arceus
|-damage|p1a: Arceus|34/100
|move|p1a: Arceus|Recover|p1a: Arceus
|-heal|p1a: Arceus|84/100
|
|-damage|p2a: Necrozma|36/100 brn|[from] brn
|upkeep
|turn|24
|
|t:|1650443846
|move|p2a: Necrozma|Flash Cannon|p1a: Arceus
|-damage|p1a: Arceus|50/100
|move|p1a: Arceus|Judgment|p2a: Necrozma
|-supereffective|p2a: Necrozma
|-damage|p2a: Necrozma|0 fnt
|faint|p2a: Necrozma
|
|-fieldend|move: Trick Room
|upkeep
|
|t:|1650443848
|switch|p2a: Calyrex|Calyrex-Shadow|88/100
|-ability|p2a: Calyrex|As One
|-ability|p2a: Calyrex|Unnerve
|-damage|p2a: Calyrex|76/100|[from] Stealth Rock
|turn|25
|
|t:|1650443850
|move|p2a: Calyrex|Astral Barrage|p1a: Arceus
|-damage|p1a: Arceus|11/100
|move|p1a: Arceus|Judgment|p2a: Calyrex
|-damage|p2a: Calyrex|0 fnt
|faint|p2a: Calyrex
|
|win|Splaska ka
|c|☆Splaska ka|gg
|c|☆C0ld as Ice|gg wp ^^
|c|☆Splaska ka|wp
|c|☆Splaska ka|can i make it publicroom
|c|☆C0ld as Ice|go ahead ^^
|c|☆Splaska ka|thanks
|c|☆Splaska ka|/log Splaska ka made this room public.
