|j|☆Log4j
|j|☆Pkmn3443
|t:|1617997719
|gametype|singles
|player|p1|Log4j|2|1697
|player|p2|Pkmn3443|266|1839
|teamsize|p1|6
|teamsize|p2|6
|gen|8
|tier|[Gen 8] National Dex AG
|rated|
|clearpoke
|poke|p1|Xerneas|
|poke|p1|Zacian-Crowned|
|poke|p1|Yveltal|
|poke|p1|Calyrex-Shadow|
|poke|p1|Ho-Oh|
|poke|p1|Ditto|
|poke|p2|Zacian-Crowned|
|poke|p2|Necrozma-Dusk-Mane|
|poke|p2|Ditto|
|poke|p2|Ho-Oh|
|poke|p2|Rayquaza|
|poke|p2|Yveltal|
|rule|HP Percentage Mod: HP is shown in percentages
|rule|Endless Battle Clause: Forcing endless battles is banned
|teampreview
|j| Wang2007
|
|t:|1617997738
|start
|switch|p1a: Yveltal|Yveltal|100/100
|switch|p2a: Zacian|Zacian-Crowned|100/100
|-ability|p2a: Zacian|Intrepid Sword|boost
|-boost|p2a: Zacian|atk|1
|-ability|p1a: Yveltal|Dark Aura
|turn|1
|
|t:|1617997744
|switch|p1a: Ho-Oh|Ho-Oh|100/100
|move|p2a: Zacian|Behemoth Blade|p1a: Ho-Oh
|-resisted|p1a: Ho-Oh
|-damage|p1a: Ho-Oh|66/100
|
|upkeep
|turn|2
|
|t:|1617997751
|switch|p2a: Ho-Oh|Ho-Oh|100/100
|move|p1a: Ho-Oh|Toxic|p2a: Ho-Oh
|-status|p2a: Ho-Oh|tox
|
|-damage|p2a: Ho-Oh|94/100 tox|[from] psn
|upkeep
|turn|3
|l| Wang2007
|
|t:|1617997759
|switch|p1a: Zacian|Zacian-Crowned|100/100
|-ability|p1a: Zacian|Intrepid Sword|boost
|-boost|p1a: Zacian|atk|1
|move|p2a: Ho-Oh|Toxic|p1a: Zacian
|-immune|p1a: Zacian
|
|-damage|p2a: Ho-Oh|82/100 tox|[from] psn
|upkeep
|turn|4
|
|t:|1617997769
|switch|p1a: Ho-Oh|Ho-Oh|99/100
|switch|p2a: Necrozma|Necrozma-Dusk-Mane|100/100
|
|upkeep
|turn|5
|
|t:|1617997773
|switch|p2a: Ho-Oh|Ho-Oh|100/100 tox
|move|p1a: Ho-Oh|Sacred Fire|p2a: Ho-Oh|[miss]
|-miss|p1a: Ho-Oh|p2a: Ho-Oh
|
|-damage|p2a: Ho-Oh|94/100 tox|[from] psn
|upkeep
|turn|6
|
|t:|1617997780
|move|p1a: Ho-Oh|Sacred Fire|p2a: Ho-Oh
|-resisted|p2a: Ho-Oh
|-damage|p2a: Ho-Oh|80/100 tox
|move|p2a: Ho-Oh|Sacred Fire|p1a: Ho-Oh
|-resisted|p1a: Ho-Oh
|-damage|p1a: Ho-Oh|86/100
|
|-damage|p2a: Ho-Oh|67/100 tox|[from] psn
|upkeep
|turn|7
|j| Wang2007
|
|t:|1617997785
|move|p2a: Ho-Oh|Toxic|p1a: Ho-Oh
|-status|p1a: Ho-Oh|tox
|move|p1a: Ho-Oh|Sacred Fire|p2a: Ho-Oh
|-resisted|p2a: Ho-Oh
|-damage|p2a: Ho-Oh|52/100 tox
|
|-damage|p1a: Ho-Oh|80/100 tox|[from] psn
|-damage|p2a: Ho-Oh|33/100 tox|[from] psn
|upkeep
|turn|8
|l| Wang2007
|
|t:|1617997794
|switch|p1a: Yveltal|Yveltal|100/100
|-ability|p1a: Yveltal|Dark Aura
|switch|p2a: Ditto|Ditto|100/100
|-transform|p2a: Ditto|p1a: Yveltal|[from] ability: Imposter
|-ability|p2a: Ditto|Dark Aura
|
|upkeep
|turn|9
|
|t:|1617997808
|switch|p2a: Zacian|Zacian-Crowned|100/100
|-ability|p2a: Zacian|Intrepid Sword|boost
|-boost|p2a: Zacian|atk|1
|-start|p1a: Yveltal|Dynamax
|-heal|p1a: Yveltal|100/100|[silent]
|move|p1a: Yveltal|Max Airstream|p2a: Zacian
|-resisted|p2a: Zacian
|-damage|p2a: Zacian|54/100
|-boost|p1a: Yveltal|spe|1
|-damage|p1a: Yveltal|96/100|[from] item: Life Orb
|
|upkeep
|turn|10
|
|t:|1617997813
|switch|p2a: Ho-Oh|Ho-Oh|66/100 tox
|move|p1a: Yveltal|Max Darkness|p2a: Ho-Oh
|-damage|p2a: Ho-Oh|1/100 tox
|-unboost|p2a: Ho-Oh|spd|1
|-damage|p1a: Yveltal|91/100|[from] item: Life Orb
|
|-damage|p2a: Ho-Oh|0 fnt|[from] psn
|faint|p2a: Ho-Oh
|upkeep
|
|t:|1617997821
|switch|p2a: Necrozma|Necrozma-Dusk-Mane|100/100
|turn|11
|
|t:|1617997824
|switch|p2a: Zacian|Zacian-Crowned|54/100
|-ability|p2a: Zacian|Intrepid Sword|boost
|-boost|p2a: Zacian|atk|1
|move|p1a: Yveltal|Max Darkness|p2a: Zacian
|-resisted|p2a: Zacian
|-damage|p2a: Zacian|0 fnt
|-damage|p1a: Yveltal|86/100|[from] item: Life Orb
|faint|p2a: Zacian
|
|-end|p1a: Yveltal|Dynamax
|-heal|p1a: Yveltal|86/100|[silent]
|upkeep
|
|t:|1617997827
|switch|p2a: Yveltal|Yveltal|100/100
|-ability|p2a: Yveltal|Dark Aura
|turn|12
|
|t:|1617997836
|-start|p2a: Yveltal|Dynamax
|-heal|p2a: Yveltal|100/100|[silent]
|move|p1a: Yveltal|Oblivion Wing|p2a: Yveltal
|-damage|p2a: Yveltal|75/100
|-heal|p1a: Yveltal|100/100|[from] drain|[of] p2a: Yveltal
|-damage|p1a: Yveltal|91/100|[from] item: Life Orb
|move|p2a: Yveltal|Max Airstream|p1a: Yveltal
|-damage|p1a: Yveltal|13/100
|-boost|p2a: Yveltal|spe|1
|-damage|p2a: Yveltal|70/100|[from] item: Life Orb
|
|upkeep
|turn|13
|
|t:|1617997858
|switch|p1a: Ho-Oh|Ho-Oh|100/100 tox
|move|p2a: Yveltal|Max Airstream|p1a: Ho-Oh
|-damage|p1a: Ho-Oh|50/100 tox
|-boost|p2a: Yveltal|spe|1
|-damage|p2a: Yveltal|65/100|[from] item: Life Orb
|
|-damage|p1a: Ho-Oh|44/100 tox|[from] psn
|upkeep
|turn|14
|
|t:|1617997864
|switch|p1a: Zacian|Zacian-Crowned|100/100
|-ability|p1a: Zacian|Intrepid Sword|boost
|-boost|p1a: Zacian|atk|1
|move|p2a: Yveltal|Max Darkness|p1a: Zacian
|-resisted|p1a: Zacian
|-damage|p1a: Zacian|57/100
|-unboost|p1a: Zacian|spd|1
|-damage|p2a: Yveltal|60/100|[from] item: Life Orb
|
|-end|p2a: Yveltal|Dynamax
|-heal|p2a: Yveltal|60/100|[silent]
|upkeep
|turn|15
|
|t:|1617997868
|switch|p2a: Necrozma|Necrozma-Dusk-Mane|100/100
|switch|p1a: Ho-Oh|Ho-Oh|77/100 tox
|
|-damage|p1a: Ho-Oh|71/100 tox|[from] psn
|upkeep
|turn|16
|
|t:|1617997872
|move|p1a: Ho-Oh|Sacred Fire|p2a: Necrozma
|-supereffective|p2a: Necrozma
|-damage|p2a: Necrozma|66/100
|move|p2a: Necrozma|Stealth Rock|p1a: Ho-Oh
|-sidestart|p1: Log4j|move: Stealth Rock
|
|-damage|p1a: Ho-Oh|59/100 tox|[from] psn
|upkeep
|turn|17
|
|t:|1617997879
|switch|p2a: Ditto|Ditto|100/100
|-transform|p2a: Ditto|p1a: Ho-Oh|[from] ability: Imposter
|move|p1a: Ho-Oh|Sacred Fire|p2a: Ditto
|-resisted|p2a: Ditto
|-damage|p2a: Ditto|79/100
|
|-damage|p1a: Ho-Oh|41/100 tox|[from] psn
|upkeep
|turn|18
|
|t:|1617997884
|move|p2a: Ditto|Sacred Fire|p1a: Ho-Oh
|-resisted|p1a: Ho-Oh
|-damage|p1a: Ho-Oh|27/100 tox
|move|p1a: Ho-Oh|Defog|p2a: Ditto
|-unboost|p2a: Ditto|evasion|1
|-sideend|p1: Log4j|Stealth Rock|[from] move: Defog|[of] p1a: Ho-Oh
|
|-damage|p1a: Ho-Oh|3/100 tox|[from] psn
|upkeep
|turn|19
|
|t:|1617997888
|switch|p1a: Yveltal|Yveltal|13/100
|-ability|p1a: Yveltal|Dark Aura
|move|p2a: Ditto|Sacred Fire|p1a: Yveltal|[miss]
|-miss|p2a: Ditto|p1a: Yveltal
|
|upkeep
|turn|20
|
|t:|1617997894
|move|p1a: Yveltal|Sucker Punch|p2a: Ditto
|-damage|p2a: Ditto|39/100
|-damage|p1a: Yveltal|3/100|[from] item: Life Orb
|move|p2a: Ditto|Sacred Fire|p1a: Yveltal
|-crit|p1a: Yveltal
|-damage|p1a: Yveltal|0 fnt
|faint|p1a: Yveltal
|
|upkeep
|
|t:|1617997906
|switch|p1a: Xerneas|Xerneas|100/100
|-ability|p1a: Xerneas|Fairy Aura
|turn|21
|
|t:|1617997911
|switch|p2a: Necrozma|Necrozma-Dusk-Mane|66/100
|move|p1a: Xerneas|Geomancy||[still]
|-prepare|p1a: Xerneas|Geomancy
|-enditem|p1a: Xerneas|Power Herb
|-anim|p1a: Xerneas|Geomancy|p1a: Xerneas
|-boost|p1a: Xerneas|spa|2
|-boost|p1a: Xerneas|spd|2
|-boost|p1a: Xerneas|spe|2
|
|upkeep
|turn|22
|
|t:|1617997916
|move|p1a: Xerneas|Moonblast|p2a: Necrozma
|-resisted|p2a: Necrozma
|-damage|p2a: Necrozma|11/100
|-unboost|p2a: Necrozma|spa|1
|move|p2a: Necrozma|Sunsteel Strike|p1a: Xerneas
|-supereffective|p1a: Xerneas
|-damage|p1a: Xerneas|17/100
|
|upkeep
|turn|23
|
|t:|1617997924
|move|p1a: Xerneas|Moonblast|p2a: Necrozma
|-resisted|p2a: Necrozma
|-damage|p2a: Necrozma|0 fnt
|faint|p2a: Necrozma
|
|upkeep
|
|t:|1617997927
|switch|p2a: Ditto|Ditto|72/100
|-transform|p2a: Ditto|p1a: Xerneas|[from] ability: Imposter
|-ability|p2a: Ditto|Fairy Aura
|turn|24
|
|t:|1617997940
|move|p2a: Ditto|Moonblast|p1a: Xerneas
|-damage|p1a: Xerneas|0 fnt
|faint|p1a: Xerneas
|
|upkeep
|
|t:|1617997957
|switch|p1a: Zacian|Zacian-Crowned|57/100
|-ability|p1a: Zacian|Intrepid Sword|boost
|-boost|p1a: Zacian|atk|1
|turn|25
|
|t:|1617997961
|move|p2a: Ditto|Moonblast|p1a: Zacian
|-resisted|p1a: Zacian
|-damage|p1a: Zacian|0 fnt
|faint|p1a: Zacian
|
|upkeep
|
|t:|1617997968
|switch|p1a: Calyrex|Calyrex-Shadow|100/100
|-ability|p1a: Calyrex|As One
|-ability|p1a: Calyrex|Unnerve
|turn|26
|
|t:|1617997973
|move|p2a: Ditto|Moonblast|p1a: Calyrex
|-enditem|p1a: Calyrex|Focus Sash
|-damage|p1a: Calyrex|1/100
|-unboost|p1a: Calyrex|spa|1
|move|p1a: Calyrex|Psyshock|p2a: Ditto
|-damage|p2a: Ditto|32/100
|
|upkeep
|turn|27
|-message|Log4j forfeited.
|
|win|Pkmn3443
|l|☆Log4j
|raw|Log4j's rating: 1696 &rarr; <strong>1684</strong><br />(-12 for losing)
|raw|Pkmn3443's rating: 1839 &rarr; <strong>1851</strong><br />(+12 for winning)
