|j|☆ReactJS3
|j|☆minp
|t:|1636260236
|gametype|singles
|player|p1|ReactJS3|1|1912
|player|p2|minp|gentleman-gen4dp|1753
|teamsize|p1|6
|teamsize|p2|6
|gen|8
|tier|[Gen 8] National Dex AG
|rated|
|rule|HP Percentage Mod: HP is shown in percentages
|rule|Endless Battle Clause: Forcing endless battles is banned
|clearpoke
|poke|p1|Rayquaza|
|poke|p1|Zacian-*|
|poke|p1|Yveltal|
|poke|p1|Groudon|
|poke|p1|Ho-Oh|
|poke|p1|Ditto|
|poke|p2|Espeon, M|
|poke|p2|Whimsicott, F|
|poke|p2|Eevee, M|
|poke|p2|Yveltal|
|poke|p2|Smeargle, F|
|poke|p2|Arceus-*|
|teampreview
|inactive|Battle timer is ON: inactive players will automatically lose when time's up. (requested by minp)
|inactive|ReactJS3 has 120 seconds left.
|
|t:|1636260272
|start
|switch|p1a: Rayquaza|Rayquaza|100/100
|switch|p2a: Arceus|Arceus-Ground|100/100
|-ability|p1a: Rayquaza|Air Lock
|turn|1
|
|t:|1636260285
|switch|p1a: Ho-Oh|Ho-Oh|100/100
|move|p2a: Arceus|Rock Tomb|p1a: Ho-Oh
|-supereffective|p1a: Ho-Oh
|-damage|p1a: Ho-Oh|60/100
|-unboost|p1a: Ho-Oh|spe|1
|
|upkeep
|turn|2
|
|t:|1636260292
|move|p2a: Arceus|Rock Tomb|p1a: Ho-Oh
|-supereffective|p1a: Ho-Oh
|-damage|p1a: Ho-Oh|21/100
|-unboost|p1a: Ho-Oh|spe|1
|move|p1a: Ho-Oh|Toxic|p2a: Arceus
|-status|p2a: Arceus|tox
|
|-damage|p2a: Arceus|94/100 tox|[from] psn
|upkeep
|turn|3
|
|t:|1636260303
|switch|p1a: Zacian|Zacian-Crowned|100/100
|-ability|p1a: Zacian|Intrepid Sword|boost
|-boost|p1a: Zacian|atk|1
|move|p2a: Arceus|Judgment|p1a: Zacian
|-supereffective|p1a: Zacian
|-damage|p1a: Zacian|0 fnt
|faint|p1a: Zacian
|
|-damage|p2a: Arceus|82/100 tox|[from] psn
|upkeep
|
|t:|1636260318
|switch|p1a: Groudon|Groudon|100/100
|detailschange|p1a: Groudon|Groudon-Primal
|-primal|p1a: Groudon
|-weather|DesolateLand|[from] ability: Desolate Land|[of] p1a: Groudon
|turn|4
|
|t:|1636260323
|move|p2a: Arceus|Judgment|p1a: Groudon
|-supereffective|p1a: Groudon
|-damage|p1a: Groudon|0 fnt
|faint|p1a: Groudon
|-weather|none
|
|-damage|p2a: Arceus|64/100 tox|[from] psn
|upkeep
|
|t:|1636260334
|switch|p1a: Rayquaza|Rayquaza|100/100
|-ability|p1a: Rayquaza|Air Lock
|turn|5
|
|t:|1636260338
|detailschange|p1a: Rayquaza|Rayquaza-Mega
|-mega|p1a: Rayquaza|Rayquaza|
|-weather|DeltaStream|[from] ability: Delta Stream|[of] p1a: Rayquaza
|move|p1a: Rayquaza|Dragon Dance|p1a: Rayquaza
|-boost|p1a: Rayquaza|atk|1
|-boost|p1a: Rayquaza|spe|1
|move|p2a: Arceus|Rock Tomb|p1a: Rayquaza
|-activate||deltastream
|-damage|p1a: Rayquaza|87/100
|-unboost|p1a: Rayquaza|spe|1
|
|-weather|DeltaStream|[upkeep]
|-damage|p2a: Arceus|40/100 tox|[from] psn
|upkeep
|turn|6
|j| rowletroost
|
|t:|1636260353
|move|p1a: Rayquaza|Dragon Ascent|p2a: Arceus
|-damage|p2a: Arceus|0 fnt
|-unboost|p1a: Rayquaza|def|1
|-unboost|p1a: Rayquaza|spd|1
|faint|p2a: Arceus
|
|-weather|DeltaStream|[upkeep]
|upkeep
|
|t:|1636260368
|switch|p2a: Smeargle|Smeargle, F|100/100
|turn|7
|
|t:|1636260377
|move|p1a: Rayquaza|Dragon Ascent|p2a: Smeargle
|-crit|p2a: Smeargle
|-enditem|p2a: Smeargle|Focus Sash
|-damage|p2a: Smeargle|1/100
|-unboost|p1a: Rayquaza|def|1
|-unboost|p1a: Rayquaza|spd|1
|move|p2a: Smeargle|Nuzzle|p1a: Rayquaza
|-activate||deltastream
|-resisted|p1a: Rayquaza
|-damage|p1a: Rayquaza|83/100
|-status|p1a: Rayquaza|par
|
|-weather|DeltaStream|[upkeep]
|upkeep
|turn|8
|
|t:|1636260387
|move|p1a: Rayquaza|Extreme Speed|p2a: Smeargle
|-damage|p2a: Smeargle|0 fnt
|faint|p2a: Smeargle
|
|-weather|DeltaStream|[upkeep]
|upkeep
|
|t:|1636260392
|switch|p2a: Whimsicott|Whimsicott, F|100/100
|turn|9
|
|t:|1636260396
|move|p2a: Whimsicott|Moonblast|p1a: Rayquaza
|-supereffective|p1a: Rayquaza
|-damage|p1a: Rayquaza|0 fnt
|faint|p1a: Rayquaza
|-weather|none
|
|upkeep
|
|t:|1636260401
|switch|p1a: Ho-Oh|Ho-Oh|55/100
|turn|10
|
|t:|1636260404
|move|p2a: Whimsicott|Taunt|p1a: Ho-Oh
|-start|p1a: Ho-Oh|move: Taunt
|move|p1a: Ho-Oh|Sacred Fire|p2a: Whimsicott
|-supereffective|p2a: Whimsicott
|-enditem|p2a: Whimsicott|Focus Sash
|-damage|p2a: Whimsicott|1/100
|-status|p2a: Whimsicott|brn
|
|-damage|p2a: Whimsicott|0 fnt|[from] brn
|faint|p2a: Whimsicott
|upkeep
|
|t:|1636260414
|switch|p2a: Eevee|Eevee, M|100/100
|turn|11
|
|t:|1636260427
|move|p2a: Eevee|Substitute|p2a: Eevee
|-start|p2a: Eevee|Substitute
|-damage|p2a: Eevee|76/100
|move|p1a: Ho-Oh|Sacred Fire|p2a: Eevee
|-end|p2a: Eevee|Substitute
|
|upkeep
|turn|12
|
|t:|1636260439
|-zpower|p2a: Eevee
|move|p2a: Eevee|Extreme Evoboost|p2a: Eevee
|-boost|p2a: Eevee|atk|2
|-boost|p2a: Eevee|def|2
|-boost|p2a: Eevee|spa|2
|-boost|p2a: Eevee|spd|2
|-boost|p2a: Eevee|spe|2
|move|p1a: Ho-Oh|Sacred Fire|p2a: Eevee
|-damage|p2a: Eevee|37/100
|
|-end|p1a: Ho-Oh|move: Taunt
|upkeep
|turn|13
|
|t:|1636260450
|move|p2a: Eevee|Baton Pass|p2a: Eevee
|
|t:|1636260452
|switch|p2a: Espeon|Espeon, M|100/100|[from]move: Baton Pass
|move|p1a: Ho-Oh|Sacred Fire|p2a: Espeon
|-damage|p2a: Espeon|77/100
|
|upkeep
|turn|14
|
|t:|1636260461
|move|p2a: Espeon|Stored Power|p1a: Ho-Oh
|-damage|p1a: Ho-Oh|0 fnt
|faint|p1a: Ho-Oh
|
|upkeep
|
|t:|1636260465
|switch|p1a: Ditto|Ditto|100/100
|-transform|p1a: Ditto|p2a: Espeon|[from] ability: Imposter
|turn|15
|
|t:|1636260477
|move|p1a: Ditto|Stored Power|p2a: Espeon
|-resisted|p2a: Espeon
|-damage|p2a: Espeon|27/100
|move|p2a: Espeon|Morning Sun|p2a: Espeon
|-heal|p2a: Espeon|76/100
|
|upkeep
|turn|16
|
|t:|1636260490
|move|p1a: Ditto|Stored Power|p2a: Espeon
|-resisted|p2a: Espeon
|-damage|p2a: Espeon|32/100
|move|p2a: Espeon|Morning Sun|p2a: Espeon
|-heal|p2a: Espeon|82/100
|
|upkeep
|turn|17
|
|t:|1636260495
|switch|p1a: Yveltal|Yveltal|100/100
|-ability|p1a: Yveltal|Dark Aura
|move|p2a: Espeon|Morning Sun|p2a: Espeon
|-heal|p2a: Espeon|100/100
|
|upkeep
|turn|18
|
|t:|1636260504
|-start|p1a: Yveltal|Dynamax
|-heal|p1a: Yveltal|100/100|[silent]
|move|p2a: Espeon|Dazzling Gleam|p1a: Yveltal
|-supereffective|p1a: Yveltal
|-damage|p1a: Yveltal|58/100
|move|p1a: Yveltal|Max Darkness|p2a: Espeon
|-supereffective|p2a: Espeon
|-enditem|p2a: Espeon|Colbur Berry|[eat]
|-enditem|p2a: Espeon|Colbur Berry|[weaken]
|-damage|p2a: Espeon|33/100
|-unboost|p2a: Espeon|spd|1
|-damage|p1a: Yveltal|53/100|[from] item: Life Orb
|
|upkeep
|turn|19
|
|t:|1636260524
|move|p2a: Espeon|Dazzling Gleam|p1a: Yveltal
|-supereffective|p1a: Yveltal
|-damage|p1a: Yveltal|10/100
|move|p1a: Yveltal|Max Darkness|p2a: Espeon
|-supereffective|p2a: Espeon
|-damage|p2a: Espeon|0 fnt
|faint|p2a: Espeon
|-damage|p1a: Yveltal|5/100|[from] item: Life Orb
|
|upkeep
|inactive|minp has 120 seconds left.
|
|t:|1636260539
|switch|p2a: Eevee|Eevee, M|37/100
|-ability|p2a: Eevee|Anticipation
|turn|20
|
|t:|1636260545
|move|p1a: Yveltal|Max Airstream|p2a: Eevee
|-damage|p2a: Eevee|0 fnt
|-boost|p1a: Yveltal|spe|1
|faint|p2a: Eevee
|-damage|p1a: Yveltal|0 fnt|[from] item: Life Orb
|faint|p1a: Yveltal
|
|upkeep
|
|t:|1636260553
|switch|p1a: Ditto|Ditto|100/100
|switch|p2a: Yveltal|Yveltal|100/100
|-ability|p2a: Yveltal|Dark Aura
|-transform|p1a: Ditto|p2a: Yveltal|[from] ability: Imposter
|-ability|p1a: Ditto|Dark Aura
|turn|21
|
|t:|1636260562
|move|p1a: Ditto|Oblivion Wing|p2a: Yveltal
|-damage|p2a: Yveltal|65/100
|move|p2a: Yveltal|Oblivion Wing|p1a: Ditto
|-damage|p1a: Ditto|38/100
|-heal|p2a: Yveltal|100/100|[from] drain|[of] p1a: Ditto
|-damage|p2a: Yveltal|91/100|[from] item: Life Orb
|
|upkeep
|turn|22
|-message|ReactJS3 forfeited.
|
|win|minp
|raw|ReactJS3's rating: 1912 &rarr; <strong>1883</strong><br />(-29 for losing)
|raw|minp's rating: 1753 &rarr; <strong>1782</strong><br />(+29 for winning)
|l|☆ReactJS3
|l|☆minp
