|j|☆chopforce8
|j|☆NOAH MK2
|t:|1631233146
|gametype|singles
|player|p1|chopforce8|red|1891
|player|p2|NOAH MK2|2|1869
|teamsize|p1|6
|teamsize|p2|6
|gen|8
|tier|[Gen 8] National Dex AG
|rated|
|rule|HP Percentage Mod: HP is shown in percentages
|rule|Endless Battle Clause: Forcing endless battles is banned
|clearpoke
|poke|p1|Yveltal|
|poke|p1|Diancie|
|poke|p1|Calyrex-Shadow|
|poke|p1|Zacian-*|
|poke|p1|Ditto|
|poke|p1|Arceus-*|
|poke|p2|Klefki, M|
|poke|p2|Zygarde|
|poke|p2|Calyrex-Shadow|
|poke|p2|Yveltal|
|poke|p2|Rayquaza|
|poke|p2|Necrozma-Dusk-Mane|
|teampreview
|
|t:|1631233183
|start
|switch|p1a: Harry Potter|Diancie|100/100
|switch|p2a: Necrozma|Necrozma-Dusk-Mane|100/100
|turn|1
|
|t:|1631233188
|detailschange|p1a: Harry Potter|Diancie-Mega
|-mega|p1a: Harry Potter|Diancie|Diancite
|move|p1a: Harry Potter|Stealth Rock|p2a: Necrozma
|-sidestart|p2: NOAH MK2|move: Stealth Rock
|move|p2a: Necrozma|Sunsteel Strike|p1a: Harry Potter
|-supereffective|p1a: Harry Potter
|-damage|p1a: Harry Potter|0 fnt
|faint|p1a: Harry Potter
|
|upkeep
|
|t:|1631233196
|switch|p1a: Professorquirrel|Calyrex-Shadow|100/100
|-ability|p1a: Professorquirrel|As One
|-ability|p1a: Professorquirrel|Unnerve
|turn|2
|
|t:|1631233205
|switch|p2a: Yveltal|Yveltal|100/100
|-damage|p2a: Yveltal|76/100|[from] Stealth Rock
|-ability|p2a: Yveltal|Dark Aura
|move|p1a: Professorquirrel|Nasty Plot|p1a: Professorquirrel
|-boost|p1a: Professorquirrel|spa|2
|
|upkeep
|turn|3
|
|t:|1631233212
|-start|p2a: Yveltal|Dynamax
|-heal|p2a: Yveltal|76/100|[silent]
|move|p1a: Professorquirrel|Baton Pass|p1a: Professorquirrel
|
|t:|1631233216
|switch|p1a: Fluffy|Zacian-Crowned|100/100|[from]move: Baton Pass
|-ability|p1a: Fluffy|Intrepid Sword|boost
|-boost|p1a: Fluffy|atk|1
|move|p2a: Yveltal|Max Airstream|p1a: Fluffy
|-resisted|p1a: Fluffy
|-damage|p1a: Fluffy|64/100
|-boost|p2a: Yveltal|spe|1
|-damage|p2a: Yveltal|71/100|[from] item: Life Orb
|
|upkeep
|turn|4
|
|t:|1631233230
|move|p2a: Yveltal|Max Flare|p1a: Fluffy
|-supereffective|p1a: Fluffy
|-damage|p1a: Fluffy|0 fnt
|-weather|SunnyDay
|faint|p1a: Fluffy
|-damage|p2a: Yveltal|66/100|[from] item: Life Orb
|
|-weather|SunnyDay|[upkeep]
|upkeep
|
|t:|1631233249
|switch|p1a: MirrorofErised|Ditto|100/100
|-transform|p1a: MirrorofErised|p2a: Yveltal|[from] ability: Imposter
|-ability|p1a: MirrorofErised|Dark Aura
|turn|5
|
|t:|1631233255
|-end|p2a: Yveltal|Dynamax
|-heal|p2a: Yveltal|66/100|[silent]
|switch|p2a: Klefki|Klefki, M|100/100
|-damage|p2a: Klefki|95/100|[from] Stealth Rock
|move|p1a: MirrorofErised|Knock Off|p2a: Klefki
|-resisted|p2a: Klefki
|-damage|p2a: Klefki|68/100
|-enditem|p2a: Klefki|Light Clay|[from] move: Knock Off|[of] p1a: MirrorofErised
|
|-weather|SunnyDay|[upkeep]
|upkeep
|turn|6
|
|t:|1631233268
|switch|p1a: Professorquirrel|Calyrex-Shadow|100/100
|-ability|p1a: Professorquirrel|As One
|-ability|p1a: Professorquirrel|Unnerve
|move|p2a: Klefki|Light Screen|p2a: Klefki
|-sidestart|p2: NOAH MK2|move: Light Screen
|
|-weather|SunnyDay|[upkeep]
|upkeep
|turn|7
|
|t:|1631233276
|move|p2a: Klefki|Defog|p1a: Professorquirrel
|-unboost|p1a: Professorquirrel|evasion|1
|-sideend|p2: NOAH MK2|Stealth Rock|[from] move: Defog|[of] p2a: Klefki
|move|p1a: Professorquirrel|Nasty Plot|p1a: Professorquirrel
|-boost|p1a: Professorquirrel|spa|2
|
|-weather|SunnyDay|[upkeep]
|upkeep
|turn|8
|
|t:|1631233282
|move|p1a: Professorquirrel|Substitute|p1a: Professorquirrel
|-start|p1a: Professorquirrel|Substitute
|-damage|p1a: Professorquirrel|76/100
|move|p2a: Klefki|Steel Beam|p1a: Professorquirrel
|-end|p1a: Professorquirrel|Substitute
|-damage|p2a: Klefki|18/100|[from] mindblown
|
|-weather|none
|upkeep
|turn|9
|
|t:|1631233289
|move|p1a: Professorquirrel|Substitute|p1a: Professorquirrel
|-start|p1a: Professorquirrel|Substitute
|-damage|p1a: Professorquirrel|51/100
|move|p2a: Klefki|Steel Beam|p1a: Professorquirrel
|-end|p1a: Professorquirrel|Substitute
|-damage|p2a: Klefki|0 fnt|[from] mindblown
|faint|p2a: Klefki
|
|upkeep
|
|t:|1631233293
|switch|p2a: Calyrex|Calyrex-Shadow|100/100
|-ability|p2a: Calyrex|As One
|-ability|p2a: Calyrex|Unnerve
|turn|10
|
|t:|1631233301
|move|p2a: Calyrex|Astral Barrage|p1a: Professorquirrel
|-supereffective|p1a: Professorquirrel
|-damage|p1a: Professorquirrel|0 fnt
|faint|p1a: Professorquirrel
|-ability|p2a: Calyrex|Grim Neigh|boost
|-boost|p2a: Calyrex|spa|1
|
|-sideend|p2: NOAH MK2|move: Light Screen
|upkeep
|
|t:|1631233311
|switch|p1a: Voldemort|Yveltal|100/100
|-ability|p1a: Voldemort|Dark Aura
|turn|11
|
|t:|1631233319
|switch|p2a: Necrozma|Necrozma-Dusk-Mane|100/100
|move|p1a: Voldemort|Sucker Punch||[still]
|-fail|p1a: Voldemort
|
|upkeep
|turn|12
|
|t:|1631233324
|move|p1a: Voldemort|Dark Pulse|p2a: Necrozma
|-supereffective|p2a: Necrozma
|-damage|p2a: Necrozma|13/100
|-damage|p1a: Voldemort|91/100|[from] item: Life Orb
|move|p2a: Necrozma|Thunder Wave|p1a: Voldemort
|-status|p1a: Voldemort|par
|
|upkeep
|turn|13
|
|t:|1631233334
|move|p2a: Necrozma|Stealth Rock|p1a: Voldemort
|-sidestart|p1: chopforce8|move: Stealth Rock
|move|p1a: Voldemort|Dark Pulse|p2a: Necrozma
|-supereffective|p2a: Necrozma
|-damage|p2a: Necrozma|0 fnt
|faint|p2a: Necrozma
|-damage|p1a: Voldemort|81/100 par|[from] item: Life Orb
|
|upkeep
|
|t:|1631233343
|switch|p2a: Yveltal|Yveltal|66/100
|-ability|p2a: Yveltal|Dark Aura
|turn|14
|
|t:|1631233351
|move|p2a: Yveltal|Oblivion Wing|p1a: Voldemort
|-damage|p1a: Voldemort|44/100 par
|-heal|p2a: Yveltal|93/100|[from] drain|[of] p1a: Voldemort
|-damage|p2a: Yveltal|83/100|[from] item: Life Orb
|move|p1a: Voldemort|Oblivion Wing|p2a: Yveltal
|-damage|p2a: Yveltal|35/100
|-heal|p1a: Voldemort|80/100 par|[from] drain|[of] p2a: Yveltal
|-damage|p1a: Voldemort|70/100 par|[from] item: Life Orb
|
|upkeep
|turn|15
|
|t:|1631233363
|move|p2a: Yveltal|Knock Off|p1a: Voldemort
|-resisted|p1a: Voldemort
|-damage|p1a: Voldemort|25/100 par
|-enditem|p1a: Voldemort|Life Orb|[from] move: Knock Off|[of] p2a: Yveltal
|-damage|p2a: Yveltal|25/100|[from] item: Life Orb
|cant|p1a: Voldemort|par
|
|upkeep
|turn|16
|
|t:|1631233370
|move|p1a: Voldemort|Sucker Punch|p2a: Yveltal
|-resisted|p2a: Yveltal
|-damage|p2a: Yveltal|6/100
|move|p2a: Yveltal|Oblivion Wing|p1a: Voldemort
|-damage|p1a: Voldemort|0 fnt
|-heal|p2a: Yveltal|25/100|[from] drain|[of] p1a: Voldemort
|faint|p1a: Voldemort
|-damage|p2a: Yveltal|15/100|[from] item: Life Orb
|
|upkeep
|
|t:|1631233379
|switch|p1a: Chess Wizard|Arceus-Flying|100/100
|-damage|p1a: Chess Wizard|76/100|[from] Stealth Rock
|turn|17
|
|t:|1631233384
|move|p1a: Chess Wizard|Calm Mind|p1a: Chess Wizard
|-boost|p1a: Chess Wizard|spa|1
|-boost|p1a: Chess Wizard|spd|1
|move|p2a: Yveltal|Knock Off|p1a: Chess Wizard
|-damage|p1a: Chess Wizard|36/100
|-damage|p2a: Yveltal|5/100|[from] item: Life Orb
|
|upkeep
|turn|18
|
|t:|1631233390
|move|p2a: Yveltal|Sucker Punch||[still]
|-fail|p2a: Yveltal
|move|p1a: Chess Wizard|Recover|p1a: Chess Wizard
|-heal|p1a: Chess Wizard|86/100
|
|upkeep
|turn|19
|
|t:|1631233395
|move|p1a: Chess Wizard|Calm Mind|p1a: Chess Wizard
|-boost|p1a: Chess Wizard|spa|1
|-boost|p1a: Chess Wizard|spd|1
|move|p2a: Yveltal|Knock Off|p1a: Chess Wizard
|-damage|p1a: Chess Wizard|49/100
|-damage|p2a: Yveltal|0 fnt|[from] item: Life Orb
|faint|p2a: Yveltal
|
|upkeep
|
|t:|1631233399
|switch|p2a: Rayquaza|Rayquaza|100/100
|-ability|p2a: Rayquaza|Air Lock
|turn|20
|
|t:|1631233407
|detailschange|p2a: Rayquaza|Rayquaza-Mega
|-mega|p2a: Rayquaza|Rayquaza|
|-weather|DeltaStream|[from] ability: Delta Stream|[of] p2a: Rayquaza
|-start|p1a: Chess Wizard|Dynamax
|-heal|p1a: Chess Wizard|49/100|[silent]
|move|p1a: Chess Wizard|Max Airstream|p2a: Rayquaza
|-damage|p2a: Rayquaza|0 fnt
|-boost|p1a: Chess Wizard|spe|1
|faint|p2a: Rayquaza
|-weather|none
|
|upkeep
|-message|NOAH MK2 forfeited.
|
|win|chopforce8
|l|☆NOAH MK2
|raw|chopforce8's rating: 1890 &rarr; <strong>1909</strong><br />(+19 for winning)
|raw|NOAH MK2's rating: 1869 &rarr; <strong>1850</strong><br />(-19 for losing)
|l|☆chopforce8
||Ladder isn't responding, score probably updated but might not have (Request timeout).
