|j|☆diemond35472
|j|☆DarkboiJ
|t:|1665467219
|gametype|singles
|player|p1|diemond35472|mustard|1602
|player|p2|DarkboiJ|blue-gen3two|1790
|teamsize|p1|6
|teamsize|p2|6
|gen|8
|tier|[Gen 8] National Dex AG
|rated|
|rule|HP Percentage Mod: HP is shown in percentages
|rule|Endless Battle Clause: Forcing endless battles is banned
|clearpoke
|poke|p1|Calyrex-Shadow|
|poke|p1|Yveltal|
|poke|p1|Smeargle, M|
|poke|p1|Rayquaza|
|poke|p1|Groudon|
|poke|p1|Arceus-*|
|poke|p2|Lugia|
|poke|p2|Ditto|
|poke|p2|Arceus-*|
|poke|p2|Necrozma-Dusk-Mane|
|poke|p2|Zacian-*|
|poke|p2|Arceus-*|
|teampreview
|inactive|Battle timer is ON: inactive players will automatically lose when time's up. (requested by DarkboiJ)
|inactive|DarkboiJ has 120 seconds left.
|
|t:|1665467252
|start
|switch|p1a: Smeargle|Smeargle, M|100/100
|switch|p2a: Arceus|Arceus|100/100
|turn|1
|
|t:|1665467262
|move|p2a: Arceus|Extreme Speed|p1a: Smeargle
|-damage|p1a: Smeargle|25/100
|move|p1a: Smeargle|Nuzzle|p2a: Arceus
|-damage|p2a: Arceus|99/100
|-status|p2a: Arceus|par
|-enditem|p2a: Arceus|Lum Berry|[eat]
|-curestatus|p2a: Arceus|par|[msg]
|
|upkeep
|turn|2
|
|t:|1665467269
|move|p2a: Arceus|Extreme Speed|p1a: Smeargle
|-damage|p1a: Smeargle|0 fnt
|faint|p1a: Smeargle
|
|upkeep
|
|t:|1665467278
|switch|p1a: Rayquaza|Rayquaza|100/100
|-ability|p1a: Rayquaza|Air Lock
|turn|3
|
|t:|1665467289
|switch|p2a: Lugia|Lugia|100/100
|detailschange|p1a: Rayquaza|Rayquaza-Mega
|-mega|p1a: Rayquaza|Rayquaza|
|-weather|DeltaStream|[from] ability: Delta Stream|[of] p1a: Rayquaza
|move|p1a: Rayquaza|Dragon Ascent|p2a: Lugia
|-damage|p2a: Lugia|65/100
|-unboost|p1a: Rayquaza|def|1
|-unboost|p1a: Rayquaza|spd|1
|-damage|p1a: Rayquaza|91/100|[from] item: Life Orb
|
|-weather|DeltaStream|[upkeep]
|upkeep
|turn|4
|
|t:|1665467296
|move|p2a: Lugia|Reflect|p2a: Lugia
|-sidestart|p2: DarkboiJ|Reflect
|move|p1a: Rayquaza|Dragon Ascent|p2a: Lugia
|-damage|p2a: Lugia|30/100
|-unboost|p1a: Rayquaza|def|1
|-unboost|p1a: Rayquaza|spd|1
|-damage|p1a: Rayquaza|81/100|[from] item: Life Orb
|
|-weather|DeltaStream|[upkeep]
|upkeep
|turn|5
|
|t:|1665467302
|-weather|none
|switch|p1a: Calyrex|Calyrex-Shadow|100/100
|-ability|p1a: Calyrex|As One
|-ability|p1a: Calyrex|Unnerve
|move|p2a: Lugia|Roost|p2a: Lugia
|-heal|p2a: Lugia|80/100
|-singleturn|p2a: Lugia|move: Roost
|
|upkeep
|turn|6
|
|t:|1665467308
|switch|p2a: Arceus|Arceus|99/100
|move|p1a: Calyrex|Nasty Plot|p1a: Calyrex
|-boost|p1a: Calyrex|spa|2
|
|upkeep
|turn|7
|
|t:|1665467313
|move|p1a: Calyrex|Baton Pass|p1a: Calyrex
|
|t:|1665467315
|switch|p1a: Yveltal|Yveltal|100/100|[from]move: Baton Pass
|-ability|p1a: Yveltal|Dark Aura
|move|p2a: Arceus|Shadow Claw|p1a: Yveltal
|-resisted|p1a: Yveltal
|-damage|p1a: Yveltal|89/100
|
|upkeep
|turn|8
|
|t:|1665467322
|switch|p2a: Lugia|Lugia|80/100
|-start|p1a: Yveltal|Dynamax|
|-heal|p1a: Yveltal|89/100|[silent]
|move|p1a: Yveltal|Max Airstream|p2a: Lugia
|-damage|p2a: Lugia|0 fnt
|-boost|p1a: Yveltal|spe|1
|faint|p2a: Lugia
|-damage|p1a: Yveltal|84/100|[from] item: Life Orb
|
|-sideend|p2: DarkboiJ|Reflect
|upkeep
|
|t:|1665467327
|switch|p2a: Arceus|Arceus-Fairy|100/100
|turn|9
|
|t:|1665467333
|move|p1a: Yveltal|Max Airstream|p2a: Arceus
|-damage|p2a: Arceus|17/100
|-boost|p1a: Yveltal|spe|1
|-damage|p1a: Yveltal|79/100|[from] item: Life Orb
|move|p2a: Arceus|Judgment|p1a: Yveltal
|-supereffective|p1a: Yveltal
|-damage|p1a: Yveltal|36/100
|
|upkeep
|turn|10
|
|t:|1665467337
|move|p1a: Yveltal|Max Airstream|p2a: Arceus
|-damage|p2a: Arceus|0 fnt
|-boost|p1a: Yveltal|spe|1
|faint|p2a: Arceus
|-damage|p1a: Yveltal|31/100|[from] item: Life Orb
|
|upkeep
|
|t:|1665467340
|switch|p2a: Ditto|Ditto, shiny|100/100
|-transform|p2a: Ditto|p1a: Yveltal|[from] ability: Imposter
|-ability|p2a: Ditto|Dark Aura
|-end|p1a: Yveltal|Dynamax
|-heal|p1a: Yveltal|31/100|[silent]
|turn|11
|
|t:|1665467344
|move|p2a: Ditto|Oblivion Wing|p1a: Yveltal
|-damage|p1a: Yveltal|0 fnt
|faint|p1a: Yveltal
|
|upkeep
|
|t:|1665467353
|switch|p1a: Arceus|Arceus|100/100
|turn|12
|
|t:|1665467357
|-start|p2a: Ditto|Dynamax|
|-heal|p2a: Ditto|100/100|[silent]
|move|p1a: Arceus|Extreme Speed|p2a: Ditto
|-damage|p2a: Ditto|70/100
|move|p2a: Ditto|Max Darkness|p1a: Arceus
|-damage|p1a: Arceus|0 fnt
|faint|p1a: Arceus
|
|upkeep
|
|t:|1665467364
|switch|p1a: Rayquaza|Rayquaza-Mega|81/100
|-weather|DeltaStream|[from] ability: Delta Stream|[of] p1a: Rayquaza
|turn|13
|
|t:|1665467368
|move|p1a: Rayquaza|Extreme Speed|p2a: Ditto
|-damage|p2a: Ditto|40/100
|-damage|p1a: Rayquaza|71/100|[from] item: Life Orb
|move|p2a: Ditto|Max Airstream|p1a: Rayquaza
|-damage|p1a: Rayquaza|0 fnt
|-boost|p2a: Ditto|spe|1
|faint|p1a: Rayquaza
|-weather|none
|
|upkeep
|
|t:|1665467373
|switch|p1a: Calyrex|Calyrex-Shadow|100/100
|-ability|p1a: Calyrex|As One
|-ability|p1a: Calyrex|Unnerve
|turn|14
|
|t:|1665467376
|move|p2a: Ditto|Max Darkness|p1a: Calyrex
|-supereffective|p1a: Calyrex
|-enditem|p1a: Calyrex|Focus Sash
|-damage|p1a: Calyrex|1/100
|-unboost|p1a: Calyrex|spd|1
|move|p1a: Calyrex|Draining Kiss|p2a: Ditto
|-supereffective|p2a: Ditto
|-damage|p2a: Ditto|14/100
|-heal|p1a: Calyrex|35/100|[from] drain|[of] p2a: Ditto
|
|upkeep
|-end|p2a: Ditto|Dynamax
|-heal|p2a: Ditto|14/100|[silent]
|turn|15
|
|t:|1665467381
|move|p2a: Ditto|Oblivion Wing|p1a: Calyrex
|-damage|p1a: Calyrex|0 fnt
|-heal|p2a: Ditto|43/100|[from] drain|[of] p1a: Calyrex
|faint|p1a: Calyrex
|
|upkeep
|
|t:|1665467382
|switch|p1a: Groudon|Groudon|100/100
|detailschange|p1a: Groudon|Groudon-Primal
|-primal|p1a: Groudon
|-weather|DesolateLand|[from] ability: Desolate Land|[of] p1a: Groudon
|turn|16
|
|t:|1665467384
|move|p2a: Ditto|Oblivion Wing|p1a: Groudon
|-damage|p1a: Groudon|14/100
|-heal|p2a: Ditto|100/100|[from] drain|[of] p1a: Groudon
|move|p1a: Groudon|Stone Edge|p2a: Ditto
|-supereffective|p2a: Ditto
|-damage|p2a: Ditto|0 fnt
|faint|p2a: Ditto
|
|-weather|DesolateLand|[upkeep]
|upkeep
|c|☆diemond35472|gg
|
|t:|1665467387
|switch|p2a: Arceus|Arceus|99/100
|turn|17
|
|t:|1665467389
|move|p2a: Arceus|Extreme Speed|p1a: Groudon
|-damage|p1a: Groudon|0 fnt
|faint|p1a: Groudon
|-weather|none
|
|win|DarkboiJ
|raw|diemond35472's rating: 1602 &rarr; <strong>1592</strong><br />(-10 for losing)
|raw|DarkboiJ's rating: 1790 &rarr; <strong>1800</strong><br />(+10 for winning)
|l|☆diemond35472
