|j|☆Czefkuu
|j|☆MRH1106
|t:|1657663825
|gametype|singles
|player|p1|Czefkuu|2|1841
|player|p2|MRH1106|red|1832
|teamsize|p1|6
|teamsize|p2|6
|gen|8
|tier|[Gen 8] National Dex AG
|rated|
|rule|HP Percentage Mod: HP is shown in percentages
|rule|Endless Battle Clause: Forcing endless battles is banned
|clearpoke
|poke|p1|Groudon|
|poke|p1|Ho-Oh|
|poke|p1|Xerneas-*|
|poke|p1|Marshadow|
|poke|p1|Rayquaza|
|poke|p1|Yveltal|
|poke|p2|Zacian-*|
|poke|p2|Calyrex-Shadow|
|poke|p2|Rayquaza|
|poke|p2|Ditto|
|poke|p2|Yveltal|
|poke|p2|Arceus-*|
|teampreview
|inactive|Battle timer is ON: inactive players will automatically lose when time's up. (requested by MRH1106)
|j| WBao
|
|t:|1657663850
|start
|switch|p1a: Rayquaza|Rayquaza|100/100
|switch|p2a: Legit god|Arceus-Ground|100/100
|-ability|p1a: Rayquaza|Air Lock
|turn|1
|
|t:|1657663855
|switch|p1a: Ho-Oh|Ho-Oh|100/100
|move|p2a: Legit god|Ice Beam|p1a: Ho-Oh
|-damage|p1a: Ho-Oh|88/100
|
|upkeep
|turn|2
|
|t:|1657663862
|switch|p2a: Fuck you <3|Ditto, shiny|100/100
|-transform|p2a: Fuck you <3|p1a: Ho-Oh|[from] ability: Imposter
|move|p1a: Ho-Oh|Toxic|p2a: Fuck you <3
|-status|p2a: Fuck you <3|tox
|
|-damage|p2a: Fuck you <3|94/100 tox|[from] psn
|upkeep
|turn|3
|
|t:|1657663875
|move|p2a: Fuck you <3|Toxic|p1a: Ho-Oh
|-status|p1a: Ho-Oh|tox
|move|p1a: Ho-Oh|Recover|p1a: Ho-Oh
|-heal|p1a: Ho-Oh|100/100 tox
|
|-damage|p2a: Fuck you <3|82/100 tox|[from] psn
|-damage|p1a: Ho-Oh|94/100 tox|[from] psn
|upkeep
|turn|4
|
|t:|1657663883
|switch|p2a: Hells dragon|Yveltal, shiny|100/100
|-ability|p2a: Hells dragon|Dark Aura
|switch|p1a: Rayquaza|Rayquaza|100/100
|-ability|p1a: Rayquaza|Air Lock
|
|upkeep
|turn|5
|
|t:|1657663888
|detailschange|p1a: Rayquaza|Rayquaza-Mega
|-mega|p1a: Rayquaza|Rayquaza|
|-weather|DeltaStream|[from] ability: Delta Stream|[of] p1a: Rayquaza
|-start|p2a: Hells dragon|Dynamax|
|-heal|p2a: Hells dragon|100/100|[silent]
|move|p1a: Rayquaza|Dragon Ascent|p2a: Hells dragon
|-damage|p2a: Hells dragon|49/100
|-unboost|p1a: Rayquaza|def|1
|-unboost|p1a: Rayquaza|spd|1
|-damage|p1a: Rayquaza|91/100|[from] item: Life Orb
|move|p2a: Hells dragon|Max Airstream|p1a: Rayquaza
|-damage|p1a: Rayquaza|0 fnt
|-boost|p2a: Hells dragon|spe|1
|faint|p1a: Rayquaza
|-weather|none
|-damage|p2a: Hells dragon|44/100|[from] item: Life Orb
|
|upkeep
|
|t:|1657663906
|switch|p1a: Yveltal|Yveltal|100/100
|-ability|p1a: Yveltal|Dark Aura
|turn|6
|
|t:|1657663916
|-start|p1a: Yveltal|Dynamax|
|-heal|p1a: Yveltal|100/100|[silent]
|move|p2a: Hells dragon|Max Airstream|p1a: Yveltal
|-damage|p1a: Yveltal|54/100
|-boost|p2a: Hells dragon|spe|1
|-damage|p2a: Hells dragon|39/100|[from] item: Life Orb
|move|p1a: Yveltal|Max Airstream|p2a: Hells dragon
|-damage|p2a: Hells dragon|0 fnt
|-boost|p1a: Yveltal|spe|1
|faint|p2a: Hells dragon
|-damage|p1a: Yveltal|49/100|[from] item: Life Orb
|
|upkeep
|
|t:|1657663938
|switch|p2a: Rayyyy|Rayquaza|100/100
|-ability|p2a: Rayyyy|Air Lock
|turn|7
|
|t:|1657663944
|detailschange|p2a: Rayyyy|Rayquaza-Mega
|-mega|p2a: Rayyyy|Rayquaza|
|-weather|DeltaStream|[from] ability: Delta Stream|[of] p2a: Rayyyy
|move|p1a: Yveltal|Max Darkness|p2a: Rayyyy
|-enditem|p2a: Rayyyy|Focus Sash
|-damage|p2a: Rayyyy|1/100
|-unboost|p2a: Rayyyy|spd|1
|-damage|p1a: Yveltal|44/100|[from] item: Life Orb
|move|p2a: Rayyyy|Dragon Dance|p2a: Rayyyy
|-boost|p2a: Rayyyy|atk|1
|-boost|p2a: Rayyyy|spe|1
|
|-weather|DeltaStream|[upkeep]
|upkeep
|turn|8
|
|t:|1657663950
|move|p1a: Yveltal|Max Guard|p1a: Yveltal
|-singleturn|p1a: Yveltal|Max Guard
|move|p2a: Rayyyy|Dragon Ascent|p1a: Yveltal
|-activate|p1a: Yveltal|move: Max Guard
|
|-weather|DeltaStream|[upkeep]
|upkeep
|-end|p1a: Yveltal|Dynamax
|-heal|p1a: Yveltal|44/100|[silent]
|turn|9
|
|t:|1657663956
|move|p2a: Rayyyy|Extreme Speed|p1a: Yveltal
|-damage|p1a: Yveltal|0 fnt
|faint|p1a: Yveltal
|
|-weather|DeltaStream|[upkeep]
|upkeep
|
|t:|1657663962
|switch|p1a: Marshadow|Marshadow|100/100
|turn|10
|
|t:|1657663967
|move|p1a: Marshadow|Shadow Sneak|p2a: Rayyyy
|-damage|p2a: Rayyyy|0 fnt
|faint|p2a: Rayyyy
|-weather|none
|
|upkeep
|
|t:|1657663968
|switch|p2a: Legit god|Arceus-Ground|100/100
|turn|11
|
|t:|1657663970
|switch|p1a: Ho-Oh|Ho-Oh|100/100 tox
|move|p2a: Legit god|Judgment|p1a: Ho-Oh
|-immune|p1a: Ho-Oh
|
|-damage|p1a: Ho-Oh|94/100 tox|[from] psn
|upkeep
|turn|12
|
|t:|1657663974
|switch|p2a: Fuck you <3|Ditto, shiny|100/100 tox
|-transform|p2a: Fuck you <3|p1a: Ho-Oh|[from] ability: Imposter
|move|p1a: Ho-Oh|Sacred Fire|p2a: Fuck you <3
|-resisted|p2a: Fuck you <3
|-damage|p2a: Fuck you <3|77/100 tox
|
|-damage|p2a: Fuck you <3|71/100 tox|[from] psn
|-damage|p1a: Ho-Oh|82/100 tox|[from] psn
|upkeep
|turn|13
|
|t:|1657663983
|switch|p1a: Groudon|Groudon|100/100
|detailschange|p1a: Groudon|Groudon-Primal
|-primal|p1a: Groudon
|-weather|DesolateLand|[from] ability: Desolate Land|[of] p1a: Groudon
|move|p2a: Fuck you <3|Recover|p2a: Fuck you <3
|-heal|p2a: Fuck you <3|100/100 tox
|
|-weather|DesolateLand|[upkeep]
|-damage|p2a: Fuck you <3|88/100 tox|[from] psn
|upkeep
|turn|14
|
|t:|1657663992
|switch|p2a: Legit god|Arceus-Ground|100/100
|-weather|none
|switch|p1a: Xerneas|Xerneas|100/100
|-ability|p1a: Xerneas|Fairy Aura
|
|upkeep
|turn|15
|
|t:|1657663998
|move|p1a: Xerneas|Moonblast|p2a: Legit god
|-damage|p2a: Legit god|55/100
|move|p2a: Legit god|Judgment|p1a: Xerneas
|-damage|p1a: Xerneas|58/100
|
|upkeep
|turn|16
|
|t:|1657664006
|move|p1a: Xerneas|Moonblast|p2a: Legit god
|-damage|p2a: Legit god|11/100
|move|p2a: Legit god|Judgment|p1a: Xerneas
|-damage|p1a: Xerneas|17/100
|
|upkeep
|turn|17
|
|t:|1657664010
|switch|p2a: Knifepuppy|Zacian-Crowned|100/100
|-ability|p2a: Knifepuppy|Intrepid Sword|boost
|-boost|p2a: Knifepuppy|atk|1
|move|p1a: Xerneas|Moonblast|p2a: Knifepuppy
|-resisted|p2a: Knifepuppy
|-damage|p2a: Knifepuppy|67/100
|-unboost|p2a: Knifepuppy|spa|1
|
|upkeep
|turn|18
|
|t:|1657664019
|switch|p1a: Ho-Oh|Ho-Oh|100/100 tox
|move|p2a: Knifepuppy|Swords Dance|p2a: Knifepuppy
|-boost|p2a: Knifepuppy|atk|2
|
|-damage|p1a: Ho-Oh|94/100 tox|[from] psn
|upkeep
|turn|19
|
|t:|1657664025
|switch|p1a: Groudon|Groudon-Primal|100/100
|-weather|DesolateLand|[from] ability: Desolate Land|[of] p1a: Groudon
|move|p2a: Knifepuppy|Wild Charge|p1a: Groudon
|-immune|p1a: Groudon
|
|-weather|DesolateLand|[upkeep]
|upkeep
|turn|20
|
|t:|1657664030
|switch|p2a: Fuck you <3|Ditto, shiny|100/100 tox
|-transform|p2a: Fuck you <3|p1a: Groudon|[from] ability: Imposter
|move|p1a: Groudon|Overheat|p2a: Fuck you <3
|-resisted|p2a: Fuck you <3
|-damage|p2a: Fuck you <3|41/100 tox
|-unboost|p1a: Groudon|spa|2
|
|-weather|DesolateLand|[upkeep]
|-damage|p2a: Fuck you <3|35/100 tox|[from] psn
|upkeep
|turn|21
|
|t:|1657664039
|move|p2a: Fuck you <3|Earthquake|p1a: Groudon
|-supereffective|p1a: Groudon
|-damage|p1a: Groudon|52/100
|move|p1a: Groudon|Earthquake|p2a: Fuck you <3
|-supereffective|p2a: Fuck you <3
|-damage|p2a: Fuck you <3|0 fnt
|faint|p2a: Fuck you <3
|
|-weather|DesolateLand|[upkeep]
|upkeep
|
|t:|1657664048
|switch|p2a: Legit god|Arceus-Ground|11/100
|turn|22
|
|t:|1657664051
|-weather|none
|switch|p1a: Ho-Oh|Ho-Oh|100/100 tox
|move|p2a: Legit god|Recover|p2a: Legit god
|-heal|p2a: Legit god|61/100
|
|-damage|p1a: Ho-Oh|94/100 tox|[from] psn
|upkeep
|turn|23
|
|t:|1657664056
|move|p2a: Legit god|Recover|p2a: Legit god
|-heal|p2a: Legit god|100/100
|move|p1a: Ho-Oh|Toxic|p2a: Legit god
|-status|p2a: Legit god|tox
|
|-damage|p2a: Legit god|94/100 tox|[from] psn
|-damage|p1a: Ho-Oh|82/100 tox|[from] psn
|upkeep
|turn|24
|
|t:|1657664063
|move|p2a: Legit god|Ice Beam|p1a: Ho-Oh
|-damage|p1a: Ho-Oh|69/100 tox
|move|p1a: Ho-Oh|Recover|p1a: Ho-Oh
|-heal|p1a: Ho-Oh|100/100 tox
|
|-damage|p2a: Legit god|82/100 tox|[from] psn
|-damage|p1a: Ho-Oh|82/100 tox|[from] psn
|upkeep
|turn|25
|
|t:|1657664070
|move|p2a: Legit god|Recover|p2a: Legit god
|-heal|p2a: Legit god|100/100 tox
|move|p1a: Ho-Oh|Sacred Fire|p2a: Legit god
|-damage|p2a: Legit god|72/100 tox
|
|-damage|p2a: Legit god|54/100 tox|[from] psn
|-damage|p1a: Ho-Oh|57/100 tox|[from] psn
|upkeep
|turn|26
|
|t:|1657664085
|move|p2a: Legit god|Recover|p2a: Legit god
|-heal|p2a: Legit god|100/100 tox
|move|p1a: Ho-Oh|Recover|p1a: Ho-Oh
|-heal|p1a: Ho-Oh|100/100 tox
|
|-damage|p2a: Legit god|76/100 tox|[from] psn
|-damage|p1a: Ho-Oh|69/100 tox|[from] psn
|upkeep
|turn|27
|
|t:|1657664094
|switch|p2a: Knifepuppy|Zacian-Crowned|67/100
|-ability|p2a: Knifepuppy|Intrepid Sword|boost
|-boost|p2a: Knifepuppy|atk|1
|move|p1a: Ho-Oh|Recover|p1a: Ho-Oh
|-heal|p1a: Ho-Oh|100/100 tox
|
|-damage|p1a: Ho-Oh|63/100 tox|[from] psn
|upkeep
|turn|28
|
|t:|1657664105
|move|p2a: Knifepuppy|Behemoth Blade|p1a: Ho-Oh
|-resisted|p1a: Ho-Oh
|-damage|p1a: Ho-Oh|23/100 tox
|move|p1a: Ho-Oh|Sacred Fire|p2a: Knifepuppy
|-supereffective|p2a: Knifepuppy
|-damage|p2a: Knifepuppy|0 fnt
|faint|p2a: Knifepuppy
|
|-damage|p1a: Ho-Oh|0 fnt|[from] psn
|faint|p1a: Ho-Oh
|upkeep
|
|t:|1657664120
|switch|p2a: Legit god|Arceus-Ground|76/100 tox
|switch|p1a: Marshadow|Marshadow|100/100
|turn|29
|
|t:|1657664135
|move|p1a: Marshadow|Close Combat|p2a: Legit god
|-damage|p2a: Legit god|37/100 tox
|-unboost|p1a: Marshadow|def|1
|-unboost|p1a: Marshadow|spd|1
|move|p2a: Legit god|Judgment|p1a: Marshadow
|-crit|p1a: Marshadow
|-enditem|p1a: Marshadow|Focus Sash
|-damage|p1a: Marshadow|1/100
|
|-damage|p2a: Legit god|31/100 tox|[from] psn
|upkeep
|turn|30
|
|t:|1657664142
|move|p1a: Marshadow|Spectral Thief|p2a: Legit god
|-crit|p2a: Legit god
|-damage|p2a: Legit god|0 fnt
|faint|p2a: Legit god
|
|upkeep
|
|t:|1657664144
|switch|p2a: YeeHaw~|Calyrex-Shadow|100/100
|-ability|p2a: YeeHaw~|As One
|-ability|p2a: YeeHaw~|Unnerve
|turn|31
|
|t:|1657664147
|move|p1a: Marshadow|Shadow Sneak|p2a: YeeHaw~
|-supereffective|p2a: YeeHaw~
|-enditem|p2a: YeeHaw~|Focus Sash
|-damage|p2a: YeeHaw~|1/100
|move|p2a: YeeHaw~|Astral Barrage|p1a: Marshadow
|-supereffective|p1a: Marshadow
|-damage|p1a: Marshadow|0 fnt
|faint|p1a: Marshadow
|-ability|p2a: YeeHaw~|Grim Neigh|boost
|-boost|p2a: YeeHaw~|spa|1
|
|upkeep
|
|t:|1657664150
|switch|p1a: Xerneas|Xerneas|17/100
|-ability|p1a: Xerneas|Fairy Aura
|turn|32
|
|t:|1657664152
|move|p1a: Xerneas|Moonblast|p2a: YeeHaw~
|-damage|p2a: YeeHaw~|0 fnt
|faint|p2a: YeeHaw~
|
|win|Czefkuu
|raw|Czefkuu's rating: 1841 &rarr; <strong>1860</strong><br />(+19 for winning)
|raw|MRH1106's rating: 1832 &rarr; <strong>1813</strong><br />(-19 for losing)
|c|☆MRH1106|gg
|c|☆Czefkuu|gg
|l|☆MRH1106
|l|☆Czefkuu
|l| WBao
