|j|☆Nobodi_Nowan
|j|☆testinthisgarbage
|t:|1659621359
|gametype|singles
|player|p1|Nobodi_Nowan|byron|
|player|p2|testinthisgarbage|preschooler|
|teamsize|p1|6
|teamsize|p2|6
|gen|8
|tier|[Gen 8] National Dex AG
|rule|HP Percentage Mod: HP is shown in percentages
|rule|Endless Battle Clause: Forcing endless battles is banned
|clearpoke
|poke|p1|Vivillon-Pokeball, F|
|poke|p1|Heatran, M|
|poke|p1|Corviknight, F|
|poke|p1|Chansey, F|
|poke|p1|Gengar, F|
|poke|p1|Solgaleo|
|poke|p2|Dracovish|
|poke|p2|Naganadel|
|poke|p2|Gengar, F|
|poke|p2|Greninja, M|
|poke|p2|Lunala|
|poke|p2|Eldegoss, F|
|teampreview
|c|☆Nobodi_Nowan|glhf
|c|☆testinthisgarbage|u2 >_<
|
|t:|1659621394
|start
|switch|p1a: Gengar|Gengar, F|100/100
|switch|p2a: Gengar|Gengar, F|100/100
|turn|1
|
|t:|1659621403
|switch|p1a: Chansey|Chansey, F|100/100
|detailschange|p2a: Gengar|Gengar-Mega, F
|-mega|p2a: Gengar|Gengar|Gengarite
|move|p2a: Gengar|Substitute|p2a: Gengar
|-start|p2a: Gengar|Substitute
|-damage|p2a: Gengar|76/100
|
|upkeep
|turn|2
|
|t:|1659621412
|switch|p2a: Naganadel|Naganadel|100/100
|move|p1a: Chansey|Stealth Rock|p2a: Naganadel
|-sidestart|p2: testinthisgarbage|move: Stealth Rock
|
|upkeep
|turn|3
|
|t:|1659621424
|switch|p1a: Gengar|Gengar, F|100/100
|move|p2a: Naganadel|Spikes|p1a: Gengar
|-sidestart|p1: Nobodi_Nowan|Spikes
|
|upkeep
|turn|4
|
|t:|1659621433
|switch|p2a: Eldegoss|Eldegoss, F|100/100
|-damage|p2a: Eldegoss|88/100|[from] Stealth Rock
|detailschange|p1a: Gengar|Gengar-Mega, F
|-mega|p1a: Gengar|Gengar|Gengarite
|move|p1a: Gengar|Shadow Ball|p2a: Eldegoss
|-damage|p2a: Eldegoss|53/100
|-ability|p2a: Eldegoss|Cotton Down
|-unboost|p1a: Gengar|spe|1
|-enditem|p2a: Eldegoss|Eject Button
|
|t:|1659621437
|switch|p2a: Dracovish|Dracovish|100/100
|-damage|p2a: Dracovish|88/100|[from] Stealth Rock
|
|upkeep
|turn|5
|
|t:|1659621453
|switch|p1a: Corviknight|Corviknight, F, shiny|100/100
|move|p2a: Dracovish|Fishious Rend|p1a: Corviknight
|-damage|p1a: Corviknight|40/100
|
|-heal|p1a: Corviknight|46/100|[from] item: Leftovers
|upkeep
|turn|6
|
|t:|1659621462
|-start|p1a: Corviknight|Dynamax|
|-heal|p1a: Corviknight|46/100|[silent]
|move|p2a: Dracovish|Fishious Rend|p1a: Corviknight
|-damage|p1a: Corviknight|18/100
|move|p1a: Corviknight|Max Airstream|p2a: Dracovish
|-damage|p2a: Dracovish|44/100
|-boost|p1a: Corviknight|spe|1
|
|-heal|p1a: Corviknight|21/100|[from] item: Leftovers
|upkeep
|turn|7
|
|t:|1659621476
|move|p2a: Dracovish|Fishious Rend|p1a: Corviknight
|-damage|p1a: Corviknight|0 fnt
|faint|p1a: Corviknight
|
|upkeep
|
|t:|1659621483
|switch|p1a: Gengar|Gengar-Mega, F|100/100
|-damage|p1a: Gengar|88/100|[from] Spikes
|turn|8
|
|t:|1659621491
|move|p2a: Dracovish|Fishious Rend|p1a: Gengar
|-damage|p1a: Gengar|0 fnt
|faint|p1a: Gengar
|
|upkeep
|
|t:|1659621496
|switch|p1a: Solgaleo|Solgaleo|100/100
|-damage|p1a: Solgaleo|88/100|[from] Spikes
|turn|9
|
|t:|1659621502
|switch|p2a: Eldegoss|Eldegoss, F|53/100
|-damage|p2a: Eldegoss|41/100|[from] Stealth Rock
|move|p1a: Solgaleo|Wild Charge|p2a: Eldegoss
|-resisted|p2a: Eldegoss
|-damage|p2a: Eldegoss|22/100
|-ability|p2a: Eldegoss|Cotton Down
|-fail|p1a: Solgaleo|unboost|[from] ability: Full Metal Body|[of] p1a: Solgaleo
|-damage|p1a: Solgaleo|84/100|[from] Recoil
|
|upkeep
|turn|10
|
|t:|1659621513
|switch|p1a: Vivillon|Vivillon-Pokeball, F|100/100
|move|p2a: Eldegoss|Rapid Spin|p1a: Vivillon
|-damage|p1a: Vivillon|91/100
|-boost|p2a: Eldegoss|spe|1
|-sideend|p2: testinthisgarbage|Stealth Rock|[from] move: Rapid Spin|[of] p2a: Eldegoss
|
|-heal|p1a: Vivillon|97/100|[from] item: Leftovers
|upkeep
|turn|11
|
|t:|1659621524
|move|p1a: Vivillon|Sleep Powder|p2a: Eldegoss
|-immune|p2a: Eldegoss
|move|p2a: Eldegoss|Sleep Powder|p1a: Vivillon
|-status|p1a: Vivillon|slp|[from] move: Sleep Powder
|
|-heal|p1a: Vivillon|100/100 slp|[from] item: Leftovers
|upkeep
|turn|12
|
|t:|1659621533
|switch|p2a: Dracovish|Dracovish|44/100
|cant|p1a: Vivillon|slp
|
|upkeep
|turn|13
|
|t:|1659621542
|switch|p1a: Chansey|Chansey, F|100/100
|-damage|p1a: Chansey|88/100|[from] Spikes
|move|p2a: Dracovish|Fishious Rend|p1a: Chansey
|-damage|p1a: Chansey|0 fnt
|faint|p1a: Chansey
|
|upkeep
|
|t:|1659621549
|switch|p1a: Solgaleo|Solgaleo|84/100
|-damage|p1a: Solgaleo|72/100|[from] Spikes
|turn|14
|
|t:|1659621555
|switch|p1a: Vivillon|Vivillon-Pokeball, F|100/100 slp
|switch|p2a: Eldegoss|Eldegoss, F|22/100
|
|upkeep
|turn|15
|
|t:|1659621564
|cant|p1a: Vivillon|slp
|move|p2a: Eldegoss|Cotton Spore|p1a: Vivillon
|-unboost|p1a: Vivillon|spe|2
|
|upkeep
|turn|16
|
|t:|1659621571
|move|p2a: Eldegoss|Cotton Spore|p1a: Vivillon
|-unboost|p1a: Vivillon|spe|2
|-curestatus|p1a: Vivillon|slp|[msg]
|move|p1a: Vivillon|Hurricane|p2a: Eldegoss
|-supereffective|p2a: Eldegoss
|-damage|p2a: Eldegoss|0 fnt
|-ability|p2a: Eldegoss|Cotton Down
|-unboost|p1a: Vivillon|spe|1
|faint|p2a: Eldegoss
|
|upkeep
|
|t:|1659621582
|switch|p2a: Dracovish|Dracovish|44/100
|turn|17
|
|t:|1659621585
|switch|p1a: Heatran|Heatran, M|100/100
|-item|p1a: Heatran|Air Balloon
|move|p2a: Dracovish|Fishious Rend|p1a: Heatran
|-supereffective|p1a: Heatran
|-damage|p1a: Heatran|0 fnt
|-enditem|p1a: Heatran|Air Balloon
|faint|p1a: Heatran
|
|upkeep
|
|t:|1659621593
|switch|p1a: Solgaleo|Solgaleo|72/100
|-damage|p1a: Solgaleo|59/100|[from] Spikes
|turn|18
|
|t:|1659621599
|move|p1a: Solgaleo|Earthquake|p2a: Dracovish
|-damage|p2a: Dracovish|4/100
|move|p2a: Dracovish|Fishious Rend|p1a: Solgaleo
|-damage|p1a: Solgaleo|19/100
|
|upkeep
|turn|19
|
|t:|1659621605
|move|p1a: Solgaleo|Earthquake|p2a: Dracovish
|-damage|p2a: Dracovish|0 fnt
|faint|p2a: Dracovish
|
|upkeep
|
|t:|1659621608
|switch|p2a: Lunala|Lunala|100/100
|turn|20
|
|t:|1659621613
|move|p1a: Solgaleo|Earthquake|p2a: Lunala
|-damage|p2a: Lunala|83/100
|move|p2a: Lunala|Moongeist Beam|p1a: Solgaleo
|-supereffective|p1a: Solgaleo
|-damage|p1a: Solgaleo|0 fnt
|faint|p1a: Solgaleo
|
|upkeep
|
|t:|1659621620
|switch|p1a: Vivillon|Vivillon-Pokeball, F|100/100
|turn|21
|
|t:|1659621626
|move|p2a: Lunala|Moongeist Beam|p1a: Vivillon
|-damage|p1a: Vivillon|0 fnt
|faint|p1a: Vivillon
|
|win|testinthisgarbage
|c|☆testinthisgarbage|gg
|c|☆Nobodi_Nowan|gg
