|j|☆irocks12345
|j|☆97thPhantom
|t:|1652288290
|gametype|singles
|player|p1|irocks12345|101|1436
|player|p2|97thPhantom|265|1473
|teamsize|p1|6
|teamsize|p2|6
|gen|8
|tier|[Gen 8] National Dex AG
|rated|
|rule|HP Percentage Mod: HP is shown in percentages
|rule|Endless Battle Clause: Forcing endless battles is banned
|clearpoke
|poke|p1|Zacian-*|
|poke|p1|Zacian-*|
|poke|p1|Zacian-*|
|poke|p1|Zacian-*|
|poke|p1|Zacian-*|
|poke|p1|Zacian-*|
|poke|p2|Kyogre|
|poke|p2|Gengar, M|
|poke|p2|Dracovish|
|poke|p2|Zygarde|
|poke|p2|Calyrex-Shadow|
|poke|p2|Forretress, M|
|teampreview
|inactive|Battle timer is ON: inactive players will automatically lose when time's up. (requested by irocks12345)
|
|t:|1652288295
|start
|switch|p1a: are u gonna|Zacian-Crowned, shiny|100/100
|switch|p2a: Immortal Snake|Zygarde, shiny|100/100
|-ability|p1a: are u gonna|Intrepid Sword|boost
|-boost|p1a: are u gonna|atk|1
|turn|1
|
|t:|1652288302
|move|p1a: are u gonna|Swords Dance|p1a: are u gonna
|-boost|p1a: are u gonna|atk|2
|move|p2a: Immortal Snake|Coil|p2a: Immortal Snake
|-boost|p2a: Immortal Snake|atk|1
|-boost|p2a: Immortal Snake|def|1
|-boost|p2a: Immortal Snake|accuracy|1
|
|upkeep
|turn|2
|
|t:|1652288310
|move|p1a: are u gonna|Play Rough|p2a: Immortal Snake
|-supereffective|p2a: Immortal Snake
|-damage|p2a: Immortal Snake|0 fnt
|faint|p2a: Immortal Snake
|
|upkeep
|
|t:|1652288317
|switch|p2a: 2 for 1 Deal|Calyrex-Shadow|100/100
|-ability|p2a: 2 for 1 Deal|As One
|-ability|p2a: 2 for 1 Deal|Unnerve
|turn|3
|
|t:|1652288335
|switch|p1a: Darkness consumer|Zacian-Crowned, shiny|100/100
|-ability|p1a: Darkness consumer|Intrepid Sword|boost
|-boost|p1a: Darkness consumer|atk|1
|move|p2a: 2 for 1 Deal|Astral Barrage|p1a: Darkness consumer
|-damage|p1a: Darkness consumer|34/100
|
|upkeep
|turn|4
|
|t:|1652288345
|move|p2a: 2 for 1 Deal|Astral Barrage|p1a: Darkness consumer
|-damage|p1a: Darkness consumer|0 fnt
|faint|p1a: Darkness consumer
|-ability|p2a: 2 for 1 Deal|Grim Neigh|boost
|-boost|p2a: 2 for 1 Deal|spa|1
|
|upkeep
|
|t:|1652288350
|switch|p1a: I like to bite|Zacian, shiny|100/100
|-ability|p1a: I like to bite|Intrepid Sword|boost
|-boost|p1a: I like to bite|atk|1
|turn|5
|
|t:|1652288361
|move|p1a: I like to bite|Wild Charge|p2a: 2 for 1 Deal
|-damage|p2a: 2 for 1 Deal|42/100
|-damage|p1a: I like to bite|87/100|[from] Recoil
|move|p2a: 2 for 1 Deal|Astral Barrage|p1a: I like to bite
|-damage|p1a: I like to bite|0 fnt
|faint|p1a: I like to bite
|-ability|p2a: 2 for 1 Deal|Grim Neigh|boost
|-boost|p2a: 2 for 1 Deal|spa|1
|
|upkeep
|
|t:|1652288366
|switch|p1a: Shiny weird|Zacian, shiny|100/100
|-ability|p1a: Shiny weird|Intrepid Sword|boost
|-boost|p1a: Shiny weird|atk|1
|turn|6
|c|☆irocks12345|shit
|
|t:|1652288377
|move|p2a: 2 for 1 Deal|Astral Barrage|p1a: Shiny weird
|-damage|p1a: Shiny weird|0 fnt
|faint|p1a: Shiny weird
|-ability|p2a: 2 for 1 Deal|Grim Neigh|boost
|-boost|p2a: 2 for 1 Deal|spa|1
|
|upkeep
|c|☆irocks12345|gg
|-message|irocks12345 forfeited.
|
|win|97thPhantom
|raw|irocks12345's rating: 1436 &rarr; <strong>1418</strong><br />(-18 for losing)
|raw|97thPhantom's rating: 1473 &rarr; <strong>1491</strong><br />(+18 for winning)
|l|☆irocks12345
||Ladder isn't responding, score probably updated but might not have (Request timeout).
