|j|☆MVP2536
|j|☆CLEAR GEM清瑜
|t:|1662537970
|gametype|singles
|player|p1|MVP2536|giovanni|1741
|player|p2|CLEAR GEM清瑜|skierf|1814
|teamsize|p1|6
|teamsize|p2|6
|gen|8
|tier|[Gen 8] National Dex AG
|rated|
|rule|HP Percentage Mod: HP is shown in percentages
|rule|Endless Battle Clause: Forcing endless battles is banned
|clearpoke
|poke|p1|Groudon|
|poke|p1|Aegislash, M|
|poke|p1|Rotom-Wash|
|poke|p1|Scrafty, M|
|poke|p1|Whimsicott, F|
|poke|p1|Ditto|
|poke|p2|Rayquaza|
|poke|p2|Groudon|
|poke|p2|Necrozma-Dusk-Mane|
|poke|p2|Arceus-*|
|poke|p2|Arceus-*|
|poke|p2|Arceus-*|
|teampreview
|inactive|Battle timer is ON: inactive players will automatically lose when time's up. (requested by CLEAR GEM清瑜)
|
|t:|1662537981
|start
|switch|p1a: garbage|Groudon|100/100
|switch|p2a: 不会(?)|Groudon|100/100
|detailschange|p1a: garbage|Groudon-Primal
|-primal|p1a: garbage
|-weather|DesolateLand|[from] ability: Desolate Land|[of] p1a: garbage
|detailschange|p2a: 不会(?)|Groudon-Primal
|-primal|p2a: 不会(?)
|turn|1
|
|t:|1662537989
|move|p1a: garbage|Precipice Blades|p2a: 不会(?)
|-supereffective|p2a: 不会(?)
|-damage|p2a: 不会(?)|20/100
|move|p2a: 不会(?)|Stealth Rock|p1a: garbage
|-sidestart|p1: MVP2536|move: Stealth Rock
|
|-weather|DesolateLand|[upkeep]
|upkeep
|turn|2
|
|t:|1662537994
|move|p1a: garbage|Precipice Blades|p2a: 不会(?)
|-supereffective|p2a: 不会(?)
|-damage|p2a: 不会(?)|0 fnt
|faint|p2a: 不会(?)
|
|-weather|DesolateLand|[upkeep]
|upkeep
|
|t:|1662537996
|switch|p2a: 乱杀P固|Arceus-Ground|100/100
|turn|3
|
|t:|1662538001
|switch|p2a: 究极辅助|Arceus-Dark|100/100
|-weather|none
|switch|p1a: Rotom|Rotom-Wash|100/100
|-damage|p1a: Rotom|88/100|[from] Stealth Rock
|
|upkeep
|turn|4
|
|t:|1662538008
|switch|p1a: Scrafty|Scrafty, M|100/100
|-damage|p1a: Scrafty|95/100|[from] Stealth Rock
|move|p2a: 究极辅助|Magic Coat|p2a: 究极辅助
|-singleturn|p2a: 究极辅助|move: Magic Coat
|
|upkeep
|turn|5
|
|t:|1662538013
|move|p1a: Scrafty|Ice Punch|p2a: 究极辅助
|-damage|p2a: 究极辅助|88/100
|move|p2a: 究极辅助|Roar|p1a: Scrafty
|drag|p1a: Ditto|Ditto|100/100
|-damage|p1a: Ditto|88/100|[from] Stealth Rock
|-transform|p1a: Ditto|p2a: 究极辅助|[from] ability: Imposter
|
|upkeep
|turn|6
|
|t:|1662538024
|switch|p1a: Scrafty|Scrafty, M|95/100
|-damage|p1a: Scrafty|89/100|[from] Stealth Rock
|move|p2a: 究极辅助|Roar|p1a: Scrafty
|drag|p1a: Whimsicott|Whimsicott, F|100/100
|
|upkeep
|turn|7
|
|t:|1662538032
|move|p1a: Whimsicott|Moonblast|p2a: 究极辅助
|-supereffective|p2a: 究极辅助
|-damage|p2a: 究极辅助|42/100
|move|p2a: 究极辅助|Roar|p1a: Whimsicott
|drag|p1a: Rotom|Rotom-Wash|88/100
|-damage|p1a: Rotom|76/100|[from] Stealth Rock
|
|upkeep
|turn|8
|
|t:|1662538039
|move|p1a: Rotom|Volt Switch|p2a: 究极辅助
|-damage|p2a: 究极辅助|25/100
|
|t:|1662538044
|switch|p1a: Aegislash|Aegislash, M|100/100|[from]move: Volt Switch
|-damage|p1a: Aegislash|94/100|[from] Stealth Rock
|move|p2a: 究极辅助|Roar|p1a: Aegislash
|drag|p1a: Rotom|Rotom-Wash|76/100
|-damage|p1a: Rotom|64/100|[from] Stealth Rock
|
|upkeep
|turn|9
|
|t:|1662538055
|switch|p1a: Whimsicott|Whimsicott, F|100/100
|move|p2a: 究极辅助|Recover|p2a: 究极辅助
|-heal|p2a: 究极辅助|75/100
|
|upkeep
|turn|10
|
|t:|1662538061
|move|p1a: Whimsicott|Moonblast|p2a: 究极辅助
|-supereffective|p2a: 究极辅助
|-damage|p2a: 究极辅助|31/100
|-unboost|p2a: 究极辅助|spa|1
|move|p2a: 究极辅助|Roar|p1a: Whimsicott
|drag|p1a: Ditto|Ditto|88/100
|-damage|p1a: Ditto|76/100|[from] Stealth Rock
|-transform|p1a: Ditto|p2a: 究极辅助|[from] ability: Imposter
|
|upkeep
|turn|11
|
|t:|1662538071
|switch|p1a: Whimsicott|Whimsicott, F|100/100
|move|p2a: 究极辅助|Recover|p2a: 究极辅助
|-heal|p2a: 究极辅助|81/100
|
|upkeep
|turn|12
|
|t:|1662538077
|move|p1a: Whimsicott|Taunt|p2a: 究极辅助
|-start|p2a: 究极辅助|move: Taunt
|cant|p2a: 究极辅助|move: Taunt|Roar
|
|upkeep
|turn|13
|
|t:|1662538082
|switch|p2a: 钢铁之躯|Necrozma-Dusk-Mane|100/100
|move|p1a: Whimsicott|Leech Seed|p2a: 钢铁之躯
|-start|p2a: 钢铁之躯|move: Leech Seed
|
|-damage|p2a: 钢铁之躯|88/100|[from] Leech Seed|[of] p1a: Whimsicott
|upkeep
|turn|14
|
|t:|1662538088
|switch|p1a: Scrafty|Scrafty, M|89/100
|-damage|p1a: Scrafty|83/100|[from] Stealth Rock
|switch|p2a: 究极辅助|Arceus-Dark|81/100
|
|upkeep
|turn|15
|
|t:|1662538094
|move|p1a: Scrafty|Drain Punch|p2a: 究极辅助
|-supereffective|p2a: 究极辅助
|-damage|p2a: 究极辅助|45/100
|-heal|p1a: Scrafty|100/100|[from] drain|[of] p2a: 究极辅助
|move|p2a: 究极辅助|Roar|p1a: Scrafty
|drag|p1a: garbage|Groudon-Primal|100/100
|-damage|p1a: garbage|88/100|[from] Stealth Rock
|-weather|DesolateLand|[from] ability: Desolate Land|[of] p1a: garbage
|
|-weather|DesolateLand|[upkeep]
|upkeep
|turn|16
|
|t:|1662538104
|move|p2a: 究极辅助|Recover|p2a: 究极辅助
|-heal|p2a: 究极辅助|95/100
|move|p1a: garbage|Heat Crash|p2a: 究极辅助
|-damage|p2a: 究极辅助|53/100
|
|-weather|DesolateLand|[upkeep]
|upkeep
|turn|17
|
|t:|1662538109
|move|p2a: 究极辅助|Recover|p2a: 究极辅助
|-heal|p2a: 究极辅助|100/100
|move|p1a: garbage|Heat Crash|p2a: 究极辅助
|-damage|p2a: 究极辅助|52/100
|
|-weather|DesolateLand|[upkeep]
|upkeep
|turn|18
|
|t:|1662538118
|-weather|none
|switch|p1a: Whimsicott|Whimsicott, F|100/100
|move|p2a: 究极辅助|Recover|p2a: 究极辅助
|-heal|p2a: 究极辅助|100/100
|
|upkeep
|turn|19
|
|t:|1662538126
|move|p1a: Whimsicott|Leech Seed|p2a: 究极辅助
|-start|p2a: 究极辅助|move: Leech Seed
|move|p2a: 究极辅助|Judgment|p1a: Whimsicott
|-resisted|p1a: Whimsicott
|-crit|p1a: Whimsicott
|-damage|p1a: Whimsicott|36/100
|
|-damage|p2a: 究极辅助|88/100|[from] Leech Seed|[of] p1a: Whimsicott
|-heal|p1a: Whimsicott|56/100|[silent]
|upkeep
|turn|20
|
|t:|1662538134
|move|p1a: Whimsicott|Moonblast|p2a: 究极辅助
|-supereffective|p2a: 究极辅助
|-damage|p2a: 究极辅助|46/100
|-unboost|p2a: 究极辅助|spa|1
|move|p2a: 究极辅助|Roar|p1a: Whimsicott
|drag|p1a: garbage|Groudon-Primal|88/100
|-damage|p1a: garbage|76/100|[from] Stealth Rock
|-weather|DesolateLand|[from] ability: Desolate Land|[of] p1a: garbage
|
|-weather|DesolateLand|[upkeep]
|-damage|p2a: 究极辅助|34/100|[from] Leech Seed|[of] p1a: garbage
|-heal|p1a: garbage|89/100|[silent]
|upkeep
|turn|21
|
|t:|1662538145
|-weather|none
|switch|p1a: Whimsicott|Whimsicott, F|56/100
|move|p2a: 究极辅助|Recover|p2a: 究极辅助
|-heal|p2a: 究极辅助|84/100
|
|-damage|p2a: 究极辅助|71/100|[from] Leech Seed|[of] p1a: Whimsicott
|-heal|p1a: Whimsicott|76/100|[silent]
|upkeep
|turn|22
|
|t:|1662538153
|switch|p2a: 钢铁之躯|Necrozma-Dusk-Mane|88/100
|move|p1a: Whimsicott|Taunt|p2a: 钢铁之躯
|-start|p2a: 钢铁之躯|move: Taunt
|
|upkeep
|turn|23
|
|t:|1662538160
|switch|p1a: Scrafty|Scrafty, M|100/100
|-damage|p1a: Scrafty|95/100|[from] Stealth Rock
|move|p2a: 钢铁之躯|Earthquake|p1a: Scrafty
|-damage|p1a: Scrafty|55/100
|
|upkeep
|turn|24
|
|t:|1662538167
|switch|p2a: 乱杀P固|Arceus-Ground|100/100
|move|p1a: Scrafty|Knock Off|p2a: 乱杀P固
|-damage|p2a: 乱杀P固|85/100
|
|upkeep
|turn|25
|
|t:|1662538173
|switch|p2a: 烈龙无敌|Rayquaza|100/100
|-ability|p2a: 烈龙无敌|Air Lock
|switch|p1a: Rotom|Rotom-Wash|64/100
|-damage|p1a: Rotom|52/100|[from] Stealth Rock
|
|upkeep
|turn|26
|
|t:|1662538180
|detailschange|p2a: 烈龙无敌|Rayquaza-Mega
|-mega|p2a: 烈龙无敌|Rayquaza|
|-weather|DeltaStream|[from] ability: Delta Stream|[of] p2a: 烈龙无敌
|move|p2a: 烈龙无敌|Dragon Ascent|p1a: Rotom
|-resisted|p1a: Rotom
|-damage|p1a: Rotom|19/100
|-unboost|p2a: 烈龙无敌|def|1
|-unboost|p2a: 烈龙无敌|spd|1
|-damage|p2a: 烈龙无敌|84/100|[from] item: Rocky Helmet|[of] p1a: Rotom
|move|p1a: Rotom|Pain Split|p2a: 烈龙无敌
|-sethp|p2a: 烈龙无敌|50/100|[from] move: Pain Split|[silent]
|-sethp|p1a: Rotom|61/100|[from] move: Pain Split
|
|-weather|DeltaStream|[upkeep]
|upkeep
|turn|27
|
|t:|1662538192
|move|p2a: 烈龙无敌|Dragon Dance|p2a: 烈龙无敌
|-boost|p2a: 烈龙无敌|atk|1
|-boost|p2a: 烈龙无敌|spe|1
|move|p1a: Rotom|Foul Play|p2a: 烈龙无敌
|-damage|p2a: 烈龙无敌|0 fnt
|faint|p2a: 烈龙无敌
|-weather|none
|
|upkeep
|
|t:|1662538200
|switch|p2a: 悬空羊驼|Arceus-Flying|100/100
|turn|28
|
|t:|1662538202
|move|p2a: 悬空羊驼|Calm Mind|p2a: 悬空羊驼
|-boost|p2a: 悬空羊驼|spa|1
|-boost|p2a: 悬空羊驼|spd|1
|move|p1a: Rotom|Pain Split|p2a: 悬空羊驼
|-sethp|p2a: 悬空羊驼|73/100|[from] move: Pain Split|[silent]
|-sethp|p1a: Rotom|99/100|[from] move: Pain Split
|
|upkeep
|turn|29
|
|t:|1662538208
|move|p2a: 悬空羊驼|Recover|p2a: 悬空羊驼
|-heal|p2a: 悬空羊驼|100/100
|move|p1a: Rotom|Toxic|p2a: 悬空羊驼
|-status|p2a: 悬空羊驼|tox
|
|-damage|p2a: 悬空羊驼|94/100 tox|[from] psn
|upkeep
|turn|30
|
|t:|1662538215
|move|p2a: 悬空羊驼|Calm Mind|p2a: 悬空羊驼
|-boost|p2a: 悬空羊驼|spa|1
|-boost|p2a: 悬空羊驼|spd|1
|move|p1a: Rotom|Volt Switch|p2a: 悬空羊驼
|-supereffective|p2a: 悬空羊驼
|-damage|p2a: 悬空羊驼|75/100 tox
|
|t:|1662538221
|switch|p1a: Aegislash|Aegislash, M|94/100|[from]move: Volt Switch
|-damage|p1a: Aegislash|88/100|[from] Stealth Rock
|
|-heal|p1a: Aegislash|94/100|[from] item: Leftovers
|-damage|p2a: 悬空羊驼|63/100 tox|[from] psn
|upkeep
|turn|31
|
|t:|1662538228
|-start|p2a: 悬空羊驼|Dynamax|
|-heal|p2a: 悬空羊驼|63/100 tox|[silent]
|move|p1a: Aegislash|King's Shield|p1a: Aegislash
|-singleturn|p1a: Aegislash|Protect
|move|p2a: 悬空羊驼|Max Quake|p1a: Aegislash
|-supereffective|p1a: Aegislash
|-zbroken|p1a: Aegislash
|-damage|p1a: Aegislash|59/100
|-boost|p2a: 悬空羊驼|spd|1
|
|-heal|p1a: Aegislash|65/100|[from] item: Leftovers
|-damage|p2a: 悬空羊驼|54/100 tox|[from] psn
|upkeep
|turn|32
|
|t:|1662538244
|switch|p1a: Rotom|Rotom-Wash|99/100
|-damage|p1a: Rotom|87/100|[from] Stealth Rock
|move|p2a: 悬空羊驼|Max Airstream|p1a: Rotom
|-resisted|p1a: Rotom
|-damage|p1a: Rotom|3/100
|-boost|p2a: 悬空羊驼|spe|1
|
|-damage|p2a: 悬空羊驼|42/100 tox|[from] psn
|upkeep
|turn|33
|
|t:|1662538259
|-end|p2a: 悬空羊驼|Dynamax
|-heal|p2a: 悬空羊驼|42/100 tox|[silent]
|switch|p2a: 究极辅助|Arceus-Dark|71/100
|move|p1a: Rotom|Volt Switch|p2a: 究极辅助
|-damage|p2a: 究极辅助|54/100
|
|t:|1662538266
|switch|p1a: Whimsicott|Whimsicott, F|76/100|[from]move: Volt Switch
|
|upkeep
|turn|34
|
|t:|1662538281
|switch|p2a: 乱杀P固|Arceus-Ground|85/100
|move|p1a: Whimsicott|Substitute|p1a: Whimsicott
|-start|p1a: Whimsicott|Substitute
|-damage|p1a: Whimsicott|51/100
|
|upkeep
|turn|35
|
|t:|1662538287
|move|p1a: Whimsicott|Leech Seed|p2a: 乱杀P固
|-start|p2a: 乱杀P固|move: Leech Seed
|move|p2a: 乱杀P固|Ice Beam|p1a: Whimsicott
|-supereffective|p1a: Whimsicott
|-end|p1a: Whimsicott|Substitute
|
|-damage|p2a: 乱杀P固|73/100|[from] Leech Seed|[of] p1a: Whimsicott
|-heal|p1a: Whimsicott|71/100|[silent]
|upkeep
|turn|36
|
|t:|1662538294
|switch|p2a: 究极辅助|Arceus-Dark|54/100
|move|p1a: Whimsicott|Substitute|p1a: Whimsicott
|-start|p1a: Whimsicott|Substitute
|-damage|p1a: Whimsicott|46/100
|
|upkeep
|turn|37
|
|t:|1662538299
|move|p1a: Whimsicott|Taunt|p2a: 究极辅助
|-start|p2a: 究极辅助|move: Taunt
|cant|p2a: 究极辅助|move: Taunt|Roar
|
|upkeep
|turn|38
|
|t:|1662538304
|move|p1a: Whimsicott|Leech Seed|p2a: 究极辅助
|-start|p2a: 究极辅助|move: Leech Seed
|move|p2a: 究极辅助|Judgment|p1a: Whimsicott
|-resisted|p1a: Whimsicott
|-end|p1a: Whimsicott|Substitute
|
|-damage|p2a: 究极辅助|42/100|[from] Leech Seed|[of] p1a: Whimsicott
|-heal|p1a: Whimsicott|66/100|[silent]
|upkeep
|turn|39
|
|t:|1662538313
|switch|p2a: 乱杀P固|Arceus-Ground|73/100
|move|p1a: Whimsicott|Substitute|p1a: Whimsicott
|-start|p1a: Whimsicott|Substitute
|-damage|p1a: Whimsicott|41/100
|
|upkeep
|turn|40
|
|t:|1662538319
|move|p1a: Whimsicott|Leech Seed|p2a: 乱杀P固
|-start|p2a: 乱杀P固|move: Leech Seed
|move|p2a: 乱杀P固|Ice Beam|p1a: Whimsicott
|-supereffective|p1a: Whimsicott
|-end|p1a: Whimsicott|Substitute
|
|-damage|p2a: 乱杀P固|60/100|[from] Leech Seed|[of] p1a: Whimsicott
|-heal|p1a: Whimsicott|60/100|[silent]
|upkeep
|turn|41
|
|t:|1662538326
|move|p1a: Whimsicott|Substitute|p1a: Whimsicott
|-start|p1a: Whimsicott|Substitute
|-damage|p1a: Whimsicott|35/100
|move|p2a: 乱杀P固|Ice Beam|p1a: Whimsicott
|-supereffective|p1a: Whimsicott
|-end|p1a: Whimsicott|Substitute
|
|-damage|p2a: 乱杀P固|48/100|[from] Leech Seed|[of] p1a: Whimsicott
|-heal|p1a: Whimsicott|55/100|[silent]
|upkeep
|turn|42
|
|t:|1662538333
|move|p1a: Whimsicott|Substitute|p1a: Whimsicott
|-start|p1a: Whimsicott|Substitute
|-damage|p1a: Whimsicott|30/100
|move|p2a: 乱杀P固|Ice Beam|p1a: Whimsicott
|-supereffective|p1a: Whimsicott
|-end|p1a: Whimsicott|Substitute
|
|-damage|p2a: 乱杀P固|36/100|[from] Leech Seed|[of] p1a: Whimsicott
|-heal|p1a: Whimsicott|50/100|[silent]
|upkeep
|turn|43
|
|t:|1662538341
|move|p1a: Whimsicott|Substitute|p1a: Whimsicott
|-start|p1a: Whimsicott|Substitute
|-damage|p1a: Whimsicott|25/100
|move|p2a: 乱杀P固|Ice Beam|p1a: Whimsicott
|-supereffective|p1a: Whimsicott
|-end|p1a: Whimsicott|Substitute
|
|-damage|p2a: 乱杀P固|23/100|[from] Leech Seed|[of] p1a: Whimsicott
|-heal|p1a: Whimsicott|44/100|[silent]
|upkeep
|turn|44
|
|t:|1662538348
|move|p1a: Whimsicott|Substitute|p1a: Whimsicott
|-start|p1a: Whimsicott|Substitute
|-damage|p1a: Whimsicott|19/100
|move|p2a: 乱杀P固|Ice Beam|p1a: Whimsicott
|-supereffective|p1a: Whimsicott
|-end|p1a: Whimsicott|Substitute
|
|-damage|p2a: 乱杀P固|11/100|[from] Leech Seed|[of] p1a: Whimsicott
|-heal|p1a: Whimsicott|39/100|[silent]
|upkeep
|turn|45
|
|t:|1662538356
|move|p1a: Whimsicott|Moonblast|p2a: 乱杀P固
|-damage|p2a: 乱杀P固|0 fnt
|faint|p2a: 乱杀P固
|
|upkeep
|
|t:|1662538360
|switch|p2a: 悬空羊驼|Arceus-Flying|42/100 tox
|turn|46
|
|t:|1662538364
|move|p1a: Whimsicott|Taunt|p2a: 悬空羊驼
|-start|p2a: 悬空羊驼|move: Taunt
|move|p2a: 悬空羊驼|Judgment|p1a: Whimsicott
|-supereffective|p1a: Whimsicott
|-damage|p1a: Whimsicott|0 fnt
|faint|p1a: Whimsicott
|
|-damage|p2a: 悬空羊驼|36/100 tox|[from] psn
|upkeep
|
|t:|1662538375
|switch|p1a: garbage|Groudon-Primal|89/100
|-damage|p1a: garbage|76/100|[from] Stealth Rock
|-weather|DesolateLand|[from] ability: Desolate Land|[of] p1a: garbage
|turn|47
|
|t:|1662538380
|move|p2a: 悬空羊驼|Earth Power|p1a: garbage
|-supereffective|p1a: garbage
|-damage|p1a: garbage|30/100
|-unboost|p1a: garbage|spd|1
|move|p1a: garbage|Heat Crash|p2a: 悬空羊驼
|-damage|p2a: 悬空羊驼|0 fnt
|faint|p2a: 悬空羊驼
|
|-weather|DesolateLand|[upkeep]
|upkeep
|
|t:|1662538388
|switch|p2a: 究极辅助|Arceus-Dark|42/100
|turn|48
|
|t:|1662538391
|-weather|none
|switch|p1a: Scrafty|Scrafty, M|55/100
|-damage|p1a: Scrafty|49/100|[from] Stealth Rock
|move|p2a: 究极辅助|Judgment|p1a: Scrafty
|-resisted|p1a: Scrafty
|-damage|p1a: Scrafty|42/100
|
|upkeep
|turn|49
|
|t:|1662538400
|move|p2a: 究极辅助|Recover|p2a: 究极辅助
|-heal|p2a: 究极辅助|92/100
|move|p1a: Scrafty|Drain Punch|p2a: 究极辅助
|-supereffective|p2a: 究极辅助
|-damage|p2a: 究极辅助|59/100
|-heal|p1a: Scrafty|63/100|[from] drain|[of] p2a: 究极辅助
|
|upkeep
|turn|50
|
|t:|1662538407
|move|p2a: 究极辅助|Recover|p2a: 究极辅助
|-heal|p2a: 究极辅助|100/100
|move|p1a: Scrafty|Drain Punch|p2a: 究极辅助
|-supereffective|p2a: 究极辅助
|-damage|p2a: 究极辅助|67/100
|-heal|p1a: Scrafty|84/100|[from] drain|[of] p2a: 究极辅助
|
|upkeep
|turn|51
|
|t:|1662538414
|move|p2a: 究极辅助|Recover|p2a: 究极辅助
|-heal|p2a: 究极辅助|100/100
|move|p1a: Scrafty|Drain Punch|p2a: 究极辅助
|-supereffective|p2a: 究极辅助
|-damage|p2a: 究极辅助|68/100
|-heal|p1a: Scrafty|100/100|[from] drain|[of] p2a: 究极辅助
|
|upkeep
|turn|52
|
|t:|1662538421
|move|p1a: Scrafty|Drain Punch|p2a: 究极辅助
|-supereffective|p2a: 究极辅助
|-damage|p2a: 究极辅助|31/100
|move|p2a: 究极辅助|Roar|p1a: Scrafty
|drag|p1a: Rotom|Rotom-Wash|3/100
|-damage|p1a: Rotom|0 fnt|[from] Stealth Rock
|faint|p1a: Rotom
|
|upkeep
|
|t:|1662538431
|switch|p1a: Scrafty|Scrafty, M|100/100
|-damage|p1a: Scrafty|95/100|[from] Stealth Rock
|turn|53
|
|t:|1662538435
|move|p2a: 究极辅助|Recover|p2a: 究极辅助
|-heal|p2a: 究极辅助|81/100
|move|p1a: Scrafty|Drain Punch|p2a: 究极辅助
|-supereffective|p2a: 究极辅助
|-damage|p2a: 究极辅助|49/100
|-heal|p1a: Scrafty|100/100|[from] drain|[of] p2a: 究极辅助
|
|upkeep
|turn|54
|
|t:|1662538442
|move|p2a: 究极辅助|Recover|p2a: 究极辅助
|-heal|p2a: 究极辅助|99/100
|move|p1a: Scrafty|Ice Punch|p2a: 究极辅助
|-damage|p2a: 究极辅助|86/100
|
|upkeep
|turn|55
|
|t:|1662538469
|switch|p2a: 钢铁之躯|Necrozma-Dusk-Mane|88/100
|-start|p1a: Scrafty|Dynamax|
|-heal|p1a: Scrafty|100/100|[silent]
|move|p1a: Scrafty|Max Knuckle|p2a: 钢铁之躯
|-damage|p2a: 钢铁之躯|63/100
|-boost|p1a: Scrafty|atk|1
|
|upkeep
|turn|56
|
|t:|1662538479
|switch|p2a: 究极辅助|Arceus-Dark|86/100
|move|p1a: Scrafty|Max Knuckle|p2a: 究极辅助
|-supereffective|p2a: 究极辅助
|-damage|p2a: 究极辅助|24/100
|-boost|p1a: Scrafty|atk|1
|
|upkeep
|turn|57
|
|t:|1662538487
|move|p2a: 究极辅助|Recover|p2a: 究极辅助
|-heal|p2a: 究极辅助|74/100
|move|p1a: Scrafty|Max Knuckle|p2a: 究极辅助
|-supereffective|p2a: 究极辅助
|-damage|p2a: 究极辅助|0 fnt
|-boost|p1a: Scrafty|atk|1
|faint|p2a: 究极辅助
|
|upkeep
|
|t:|1662538494
|switch|p2a: 钢铁之躯|Necrozma-Dusk-Mane|63/100
|-end|p1a: Scrafty|Dynamax
|-heal|p1a: Scrafty|100/100|[silent]
|turn|58
|
|t:|1662538499
|move|p2a: 钢铁之躯|Dragon Dance|p2a: 钢铁之躯
|-boost|p2a: 钢铁之躯|atk|1
|-boost|p2a: 钢铁之躯|spe|1
|move|p1a: Scrafty|Knock Off|p2a: 钢铁之躯
|-supereffective|p2a: 钢铁之躯
|-damage|p2a: 钢铁之躯|0 fnt
|faint|p2a: 钢铁之躯
|
|win|MVP2536
|raw|MVP2536's rating: 1741 &rarr; <strong>1765</strong><br />(+24 for winning)
|raw|CLEAR GEM清瑜's rating: 1814 &rarr; <strong>1790</strong><br />(-24 for losing)
|c|☆MVP2536|gg
|l|☆CLEAR GEM清瑜
