|j|☆soda49
|j|☆Adil
|t:|1641864410
|gametype|singles
|player|p1|soda49|101|1669
|player|p2|Adil|102|1875
|teamsize|p1|6
|teamsize|p2|6
|gen|8
|tier|[Gen 8] National Dex AG
|rated|
|rule|HP Percentage Mod: HP is shown in percentages
|rule|Endless Battle Clause: Forcing endless battles is banned
|clearpoke
|poke|p1|Smeargle, F|
|poke|p1|Charizard, F|
|poke|p1|Mimikyu, F|
|poke|p1|Thundurus, M|
|poke|p1|Gothitelle, F|
|poke|p1|Calyrex-Shadow|
|poke|p2|Zygarde|
|poke|p2|Calyrex-Shadow|
|poke|p2|Zacian-*|
|poke|p2|Necrozma-Dusk-Mane|
|poke|p2|Tyranitar, F|
|poke|p2|Rayquaza|
|teampreview
|inactive|Battle timer is ON: inactive players will automatically lose when time's up. (requested by soda49)
|
|t:|1641864419
|start
|switch|p1a: Charizard|Charizard, F|100/100
|switch|p2a: Calyrex|Calyrex-Shadow|100/100
|-ability|p2a: Calyrex|As One
|-ability|p2a: Calyrex|Unnerve
|turn|1
|
|t:|1641864426
|-start|p2a: Calyrex|Dynamax
|-heal|p2a: Calyrex|100/100|[silent]
|-start|p1a: Charizard|Dynamax
|-formechange|p1a: Charizard|Charizard-Gmax
|-heal|p1a: Charizard|100/100|[silent]
|move|p2a: Calyrex|Max Phantasm|p1a: Charizard
|-damage|p1a: Charizard|50/100
|-unboost|p1a: Charizard|def|1
|move|p1a: Charizard|Max Airstream|p2a: Calyrex
|-damage|p2a: Calyrex|71/100
|-boost|p1a: Charizard|spe|1
|
|upkeep
|turn|2
|
|t:|1641864432
|move|p1a: Charizard|Max Guard|p1a: Charizard
|-singleturn|p1a: Charizard|Max Guard
|move|p2a: Calyrex|Max Phantasm|p1a: Charizard
|-activate|p1a: Charizard|move: Max Guard
|
|upkeep
|turn|3
|
|t:|1641864434
|move|p1a: Charizard|G-Max Wildfire|p2a: Calyrex
|-damage|p2a: Calyrex|38/100
|-sidestart|p2: Adil|G-Max Wildfire
|move|p2a: Calyrex|Max Phantasm|p1a: Charizard
|-damage|p1a: Charizard|0 fnt
|faint|p1a: Charizard
|-ability|p2a: Calyrex|Grim Neigh|boost
|-boost|p2a: Calyrex|spa|1
|
|-damage|p2a: Calyrex|30/100|[from] G-Max Wildfire
|-end|p2a: Calyrex|Dynamax
|-heal|p2a: Calyrex|30/100|[silent]
|upkeep
|
|t:|1641864453
|switch|p1a: Mimikyu|Mimikyu, F|100/100
|turn|4
|
|t:|1641864457
|switch|p2a: Necrozma|Necrozma-Dusk-Mane|100/100
|move|p1a: Mimikyu|Trick Room|p1a: Mimikyu
|-fieldstart|move: Trick Room|[of] p1a: Mimikyu
|
|-damage|p2a: Necrozma|84/100|[from] G-Max Wildfire
|upkeep
|turn|5
|
|t:|1641864479
|move|p1a: Mimikyu|Destiny Bond|p1a: Mimikyu
|-singlemove|p1a: Mimikyu|Destiny Bond
|move|p2a: Necrozma|Stealth Rock|p1a: Mimikyu
|-sidestart|p1: soda49|move: Stealth Rock
|
|-damage|p2a: Necrozma|67/100|[from] G-Max Wildfire
|upkeep
|turn|6
|
|t:|1641864491
|switch|p1a: Thundurus|Thundurus, M|100/100
|move|p2a: Necrozma|Sunsteel Strike|p1a: Thundurus
|-resisted|p1a: Thundurus
|-damage|p1a: Thundurus|63/100
|
|-damage|p2a: Necrozma|51/100|[from] G-Max Wildfire
|-sideend|p2: Adil|G-Max Wildfire
|upkeep
|turn|7
|
|t:|1641864498
|move|p1a: Thundurus|Taunt|p2a: Necrozma
|-start|p2a: Necrozma|move: Taunt
|move|p2a: Necrozma|Sunsteel Strike|p1a: Thundurus
|-resisted|p1a: Thundurus
|-damage|p1a: Thundurus|21/100
|
|upkeep
|turn|8
|
|t:|1641864501
|move|p1a: Thundurus|Defog|p2a: Necrozma
|-unboost|p2a: Necrozma|evasion|1
|-sideend|p1: soda49|Stealth Rock|[from] move: Defog|[of] p1a: Thundurus
|move|p2a: Necrozma|Sunsteel Strike|p1a: Thundurus
|-resisted|p1a: Thundurus
|-damage|p1a: Thundurus|0 fnt
|faint|p1a: Thundurus
|
|-fieldend|move: Trick Room
|upkeep
|
|t:|1641864506
|switch|p1a: The wobbler|Smeargle, F|100/100
|turn|9
|
|t:|1641864510
|move|p1a: The wobbler|Spore|p2a: Necrozma
|-status|p2a: Necrozma|slp|[from] move: Spore
|cant|p2a: Necrozma|slp
|
|-end|p2a: Necrozma|move: Taunt
|-ability|p1a: The wobbler|Moody|boost
|-boost|p1a: The wobbler|spa|2
|-unboost|p1a: The wobbler|atk|1
|upkeep
|turn|10
|
|t:|1641864514
|switch|p2a: Calyrex|Calyrex-Shadow|30/100
|-ability|p2a: Calyrex|As One
|-ability|p2a: Calyrex|Unnerve
|move|p1a: The wobbler|Substitute|p1a: The wobbler
|-start|p1a: The wobbler|Substitute
|-damage|p1a: The wobbler|76/100
|
|-heal|p1a: The wobbler|82/100|[from] item: Leftovers
|-ability|p1a: The wobbler|Moody|boost
|-boost|p1a: The wobbler|spa|2
|-unboost|p1a: The wobbler|spd|1
|upkeep
|turn|11
|
|t:|1641864522
|move|p2a: Calyrex|Draining Kiss|p1a: The wobbler
|-end|p1a: The wobbler|Substitute
|-heal|p2a: Calyrex|44/100|[from] drain|[of] p1a: The wobbler
|move|p1a: The wobbler|Spore|p2a: Calyrex
|-status|p2a: Calyrex|slp|[from] move: Spore
|
|-heal|p1a: The wobbler|88/100|[from] item: Leftovers
|-ability|p1a: The wobbler|Moody|boost
|-boost|p1a: The wobbler|spd|2
|-unboost|p1a: The wobbler|spe|1
|upkeep
|turn|12
|
|t:|1641864532
|switch|p2a: Zygarde|Zygarde|100/100
|move|p1a: The wobbler|Substitute|p1a: The wobbler
|-start|p1a: The wobbler|Substitute
|-damage|p1a: The wobbler|63/100
|
|-heal|p1a: The wobbler|69/100|[from] item: Leftovers
|-ability|p1a: The wobbler|Moody|boost
|-boost|p1a: The wobbler|spe|2
|-unboost|p1a: The wobbler|spd|1
|upkeep
|turn|13
|
|t:|1641864548
|move|p1a: The wobbler|Spore|p2a: Zygarde
|-status|p2a: Zygarde|slp|[from] move: Spore
|cant|p2a: Zygarde|slp
|
|-heal|p1a: The wobbler|75/100|[from] item: Leftovers
|-ability|p1a: The wobbler|Moody|boost
|-boost|p1a: The wobbler|def|2
|-unboost|p1a: The wobbler|spe|1
|upkeep
|turn|14
|
|t:|1641864552
|move|p1a: The wobbler|Shell Smash|p1a: The wobbler
|-unboost|p1a: The wobbler|def|1
|-unboost|p1a: The wobbler|spd|1
|-boost|p1a: The wobbler|atk|2
|-boost|p1a: The wobbler|spa|2
|-boost|p1a: The wobbler|spe|2
|-curestatus|p2a: Zygarde|slp|[msg]
|move|p2a: Zygarde|Thousand Arrows|p1a: The wobbler
|-end|p1a: The wobbler|Substitute
|
|-heal|p1a: The wobbler|81/100|[from] item: Leftovers
|-ability|p1a: The wobbler|Moody|boost
|-boost|p1a: The wobbler|spe|2
|-unboost|p1a: The wobbler|atk|1
|upkeep
|turn|15
|
|t:|1641864564
|move|p1a: The wobbler|Spore|p2a: Zygarde
|-status|p2a: Zygarde|slp|[from] move: Spore
|cant|p2a: Zygarde|slp
|
|-heal|p1a: The wobbler|87/100|[from] item: Leftovers
|-ability|p1a: The wobbler|Moody|boost
|-boost|p1a: The wobbler|spe|2
|-unboost|p1a: The wobbler|spa|1
|upkeep
|turn|16
|
|t:|1641864568
|move|p1a: The wobbler|Substitute|p1a: The wobbler
|-start|p1a: The wobbler|Substitute
|-damage|p1a: The wobbler|62/100
|cant|p2a: Zygarde|slp
|
|-heal|p1a: The wobbler|68/100|[from] item: Leftovers
|-ability|p1a: The wobbler|Moody|boost
|-boost|p1a: The wobbler|spd|2
|-unboost|p1a: The wobbler|def|1
|upkeep
|turn|17
|
|t:|1641864574
|move|p1a: The wobbler|Shell Smash|p1a: The wobbler
|-unboost|p1a: The wobbler|def|1
|-unboost|p1a: The wobbler|spd|1
|-boost|p1a: The wobbler|atk|2
|-boost|p1a: The wobbler|spa|1
|-boost|p1a: The wobbler|spe|0
|-curestatus|p2a: Zygarde|slp|[msg]
|move|p2a: Zygarde|Substitute|p2a: Zygarde
|-start|p2a: Zygarde|Substitute
|-damage|p2a: Zygarde|76/100
|
|-heal|p1a: The wobbler|74/100|[from] item: Leftovers
|-heal|p2a: Zygarde|82/100|[from] item: Leftovers
|-ability|p1a: The wobbler|Moody|boost
|-boost|p1a: The wobbler|def|2
|-unboost|p1a: The wobbler|spe|1
|upkeep
|turn|18
|
|t:|1641864578
|move|p1a: The wobbler|Power Trip|p2a: Zygarde
|-end|p2a: Zygarde|Substitute
|move|p2a: Zygarde|Thousand Arrows|p1a: The wobbler
|-end|p1a: The wobbler|Substitute
|
|-heal|p1a: The wobbler|80/100|[from] item: Leftovers
|-heal|p2a: Zygarde|88/100|[from] item: Leftovers
|-ability|p1a: The wobbler|Moody|boost
|-boost|p1a: The wobbler|spd|2
|-unboost|p1a: The wobbler|spe|1
|upkeep
|turn|19
|
|t:|1641864589
|move|p1a: The wobbler|Spore|p2a: Zygarde
|-status|p2a: Zygarde|slp|[from] move: Spore
|cant|p2a: Zygarde|slp
|
|-heal|p1a: The wobbler|86/100|[from] item: Leftovers
|-heal|p2a: Zygarde|94/100 slp|[from] item: Leftovers
|-ability|p1a: The wobbler|Moody|boost
|-boost|p1a: The wobbler|spe|2
|-unboost|p1a: The wobbler|def|1
|upkeep
|turn|20
|
|t:|1641864591
|move|p1a: The wobbler|Substitute|p1a: The wobbler
|-start|p1a: The wobbler|Substitute
|-damage|p1a: The wobbler|61/100
|-curestatus|p2a: Zygarde|slp|[msg]
|move|p2a: Zygarde|Substitute|p2a: Zygarde
|-start|p2a: Zygarde|Substitute
|-damage|p2a: Zygarde|69/100
|
|-heal|p1a: The wobbler|67/100|[from] item: Leftovers
|-heal|p2a: Zygarde|75/100|[from] item: Leftovers
|-ability|p1a: The wobbler|Moody|boost
|-boost|p1a: The wobbler|atk|2
|-unboost|p1a: The wobbler|def|1
|upkeep
|turn|21
|
|t:|1641864595
|move|p1a: The wobbler|Power Trip|p2a: Zygarde
|-end|p2a: Zygarde|Substitute
|move|p2a: Zygarde|Thousand Arrows|p1a: The wobbler
|-end|p1a: The wobbler|Substitute
|
|-heal|p1a: The wobbler|73/100|[from] item: Leftovers
|-heal|p2a: Zygarde|81/100|[from] item: Leftovers
|-ability|p1a: The wobbler|Moody|boost
|-boost|p1a: The wobbler|def|2
|-unboost|p1a: The wobbler|spe|1
|upkeep
|turn|22
|
|t:|1641864608
|switch|p2a: Necrozma|Necrozma-Dusk-Mane|51/100 slp
|move|p1a: The wobbler|Spore|p2a: Necrozma
|-fail|p2a: Necrozma|slp
|
|-heal|p1a: The wobbler|79/100|[from] item: Leftovers
|-ability|p1a: The wobbler|Moody|boost
|-boost|p1a: The wobbler|spe|1
|-unboost|p1a: The wobbler|atk|1
|upkeep
|turn|23
|
|t:|1641864611
|move|p1a: The wobbler|Substitute|p1a: The wobbler
|-start|p1a: The wobbler|Substitute
|-damage|p1a: The wobbler|55/100
|-curestatus|p2a: Necrozma|slp|[msg]
|move|p2a: Necrozma|Sunsteel Strike|p1a: The wobbler
|-end|p1a: The wobbler|Substitute
|
|-heal|p1a: The wobbler|61/100|[from] item: Leftovers
|-ability|p1a: The wobbler|Moody|boost
|-boost|p1a: The wobbler|atk|2
|-unboost|p1a: The wobbler|spa|1
|upkeep
|turn|24
|
|t:|1641864617
|move|p1a: The wobbler|Spore|p2a: Necrozma
|-status|p2a: Necrozma|slp|[from] move: Spore
|cant|p2a: Necrozma|slp
|
|-heal|p1a: The wobbler|67/100|[from] item: Leftovers
|-ability|p1a: The wobbler|Moody|boost
|-boost|p1a: The wobbler|def|2
|-unboost|p1a: The wobbler|spa|1
|upkeep
|turn|25
|
|t:|1641864620
|move|p1a: The wobbler|Substitute|p1a: The wobbler
|-start|p1a: The wobbler|Substitute
|-damage|p1a: The wobbler|42/100
|cant|p2a: Necrozma|slp
|
|-heal|p1a: The wobbler|48/100|[from] item: Leftovers
|-ability|p1a: The wobbler|Moody|boost
|-boost|p1a: The wobbler|atk|1
|-unboost|p1a: The wobbler|def|1
|upkeep
|turn|26
|
|t:|1641864623
|move|p1a: The wobbler|Power Trip|p2a: Necrozma
|-supereffective|p2a: Necrozma
|-damage|p2a: Necrozma|0 fnt
|-damage|p1a: The wobbler|32/100|[from] item: Rocky Helmet|[of] p2a: Necrozma
|faint|p2a: Necrozma
|
|-heal|p1a: The wobbler|38/100|[from] item: Leftovers
|-ability|p1a: The wobbler|Moody|boost
|-boost|p1a: The wobbler|spa|2
|-unboost|p1a: The wobbler|spe|1
|upkeep
|
|t:|1641864635
|switch|p2a: Tyranitar|Tyranitar, F|100/100
|-weather|Sandstorm|[from] ability: Sand Stream|[of] p2a: Tyranitar
|turn|27
|
|t:|1641864639
|move|p1a: The wobbler|Spore|p2a: Tyranitar
|-status|p2a: Tyranitar|slp|[from] move: Spore
|cant|p2a: Tyranitar|slp
|
|-weather|Sandstorm|[upkeep]
|-damage|p1a: The wobbler|32/100|[from] Sandstorm
|-heal|p1a: The wobbler|38/100|[from] item: Leftovers
|-ability|p1a: The wobbler|Moody|boost
|-boost|p1a: The wobbler|spd|2
|-unboost|p1a: The wobbler|spe|1
|upkeep
|turn|28
|
|t:|1641864644
|move|p1a: The wobbler|Power Trip|p2a: Tyranitar
|-resisted|p2a: Tyranitar
|-damage|p2a: Tyranitar|3/100 slp
|cant|p2a: Tyranitar|slp
|
|-weather|Sandstorm|[upkeep]
|-damage|p1a: The wobbler|32/100|[from] Sandstorm
|-heal|p1a: The wobbler|38/100|[from] item: Leftovers
|-heal|p2a: Tyranitar|9/100 slp|[from] item: Leftovers
|-ability|p1a: The wobbler|Moody|boost
|-boost|p1a: The wobbler|spe|2
|-unboost|p1a: The wobbler|spa|1
|upkeep
|turn|29
|
|t:|1641864650
|move|p1a: The wobbler|Power Trip|p2a: Tyranitar
|-resisted|p2a: Tyranitar
|-damage|p2a: Tyranitar|0 fnt
|faint|p2a: Tyranitar
|
|-weather|Sandstorm|[upkeep]
|-damage|p1a: The wobbler|32/100|[from] Sandstorm
|-heal|p1a: The wobbler|38/100|[from] item: Leftovers
|-ability|p1a: The wobbler|Moody|boost
|-boost|p1a: The wobbler|spa|1
|-unboost|p1a: The wobbler|atk|1
|upkeep
|
|t:|1641864659
|switch|p2a: Zacian|Zacian-Crowned|100/100
|-ability|p2a: Zacian|Intrepid Sword|boost
|-boost|p2a: Zacian|atk|1
|turn|30
|
|t:|1641864661
|move|p2a: Zacian|Quick Attack|p1a: The wobbler
|-end|p1a: The wobbler|Substitute
|move|p1a: The wobbler|Spore|p2a: Zacian
|-status|p2a: Zacian|slp|[from] move: Spore
|
|-weather|Sandstorm|[upkeep]
|-damage|p1a: The wobbler|32/100|[from] Sandstorm
|-heal|p1a: The wobbler|38/100|[from] item: Leftovers
|-ability|p1a: The wobbler|Moody|boost
|-boost|p1a: The wobbler|spd|2
|-unboost|p1a: The wobbler|spa|1
|upkeep
|turn|31
|
|t:|1641864666
|cant|p2a: Zacian|slp
|move|p1a: The wobbler|Substitute|p1a: The wobbler
|-start|p1a: The wobbler|Substitute
|-damage|p1a: The wobbler|13/100
|
|-weather|none
|-heal|p1a: The wobbler|19/100|[from] item: Leftovers
|-ability|p1a: The wobbler|Moody|boost
|-boost|p1a: The wobbler|def|2
|-unboost|p1a: The wobbler|spa|1
|upkeep
|turn|32
|
|t:|1641864668
|-curestatus|p2a: Zacian|slp|[msg]
|move|p2a: Zacian|Quick Attack|p1a: The wobbler
|-end|p1a: The wobbler|Substitute
|move|p1a: The wobbler|Power Trip|p2a: Zacian
|-resisted|p2a: Zacian
|-damage|p2a: Zacian|0 fnt
|faint|p2a: Zacian
|
|-heal|p1a: The wobbler|25/100|[from] item: Leftovers
|-ability|p1a: The wobbler|Moody|boost
|-boost|p1a: The wobbler|spa|2
|-unboost|p1a: The wobbler|def|1
|upkeep
|
|t:|1641864672
|switch|p2a: Rayquaza|Rayquaza|100/100
|-ability|p2a: Rayquaza|Air Lock
|turn|33
|
|t:|1641864680
|switch|p1a: Gothitelle|Gothitelle, F|100/100
|detailschange|p2a: Rayquaza|Rayquaza-Mega
|-mega|p2a: Rayquaza|Rayquaza|
|-weather|DeltaStream|[from] ability: Delta Stream|[of] p2a: Rayquaza
|move|p2a: Rayquaza|Extreme Speed|p1a: Gothitelle
|-damage|p1a: Gothitelle|60/100
|
|-weather|DeltaStream|[upkeep]
|upkeep
|turn|34
|
|t:|1641864690
|move|p1a: Gothitelle|Trick|p2a: Rayquaza
|-activate|p1a: Gothitelle|move: Trick|[of] p2a: Rayquaza
|-item|p2a: Rayquaza|Choice Scarf|[from] move: Trick
|-item|p1a: Gothitelle|Focus Sash|[from] move: Trick
|move|p2a: Rayquaza|Dragon Ascent|p1a: Gothitelle
|-damage|p1a: Gothitelle|0 fnt
|-unboost|p2a: Rayquaza|def|1
|-unboost|p2a: Rayquaza|spd|1
|faint|p1a: Gothitelle
|
|-weather|DeltaStream|[upkeep]
|upkeep
|
|t:|1641864704
|switch|p1a: Mimikyu|Mimikyu, F|100/100
|turn|35
|
|t:|1641864707
|-weather|none
|switch|p2a: Zygarde|Zygarde|81/100
|move|p1a: Mimikyu|Trick Room|p1a: Mimikyu
|-fieldstart|move: Trick Room|[of] p1a: Mimikyu
|
|-heal|p2a: Zygarde|87/100|[from] item: Leftovers
|upkeep
|turn|36
|
|t:|1641864712
|-zpower|p1a: Mimikyu
|move|p1a: Mimikyu|Let's Snuggle Forever|p2a: Zygarde|[zeffect]
|-supereffective|p2a: Zygarde
|-damage|p2a: Zygarde|3/100
|move|p2a: Zygarde|Glare|p1a: Mimikyu
|-status|p1a: Mimikyu|par
|
|-heal|p2a: Zygarde|9/100|[from] item: Leftovers
|-activate|p2a: Zygarde|ability: Power Construct
|detailschange|p2a: Zygarde|Zygarde-Complete
|-heal|p2a: Zygarde|41/100|[silent]
|upkeep
|turn|37
|
|t:|1641864720
|move|p1a: Mimikyu|Curse|p2a: Zygarde
|-start|p2a: Zygarde|Curse|[of] p1a: Mimikyu
|-damage|p1a: Mimikyu|50/100 par
|move|p2a: Zygarde|Coil|p2a: Zygarde
|-boost|p2a: Zygarde|atk|1
|-boost|p2a: Zygarde|def|1
|-boost|p2a: Zygarde|accuracy|1
|
|-heal|p2a: Zygarde|47/100|[from] item: Leftovers
|-damage|p2a: Zygarde|22/100|[from] Curse
|upkeep
|turn|38
|
|t:|1641864730
|move|p1a: Mimikyu|Play Rough|p2a: Zygarde
|-supereffective|p2a: Zygarde
|-damage|p2a: Zygarde|4/100
|move|p2a: Zygarde|Thousand Arrows|p1a: Mimikyu
|-activate|p1a: Mimikyu|ability: Disguise
|-damage|p1a: Mimikyu|50/100 par
|detailschange|p1a: Mimikyu|Mimikyu-Busted, F
|-damage|p1a: Mimikyu|38/100 par|[from] pokemon: Mimikyu-Busted
|
|-heal|p2a: Zygarde|10/100|[from] item: Leftovers
|-damage|p2a: Zygarde|0 fnt|[from] Curse
|faint|p2a: Zygarde
|upkeep
|
|t:|1641864737
|switch|p2a: Rayquaza|Rayquaza-Mega|100/100
|-weather|DeltaStream|[from] ability: Delta Stream|[of] p2a: Rayquaza
|turn|39
|
|t:|1641864754
|-weather|none
|switch|p2a: Calyrex|Calyrex-Shadow|44/100 slp
|-ability|p2a: Calyrex|As One
|-ability|p2a: Calyrex|Unnerve
|cant|p1a: Mimikyu|par
|
|-fieldend|move: Trick Room
|upkeep
|turn|40
|
|t:|1641864762
|switch|p1a: The wobbler|Smeargle, F|25/100
|cant|p2a: Calyrex|slp
|
|-heal|p1a: The wobbler|31/100|[from] item: Leftovers
|-ability|p1a: The wobbler|Moody|boost
|-boost|p1a: The wobbler|spa|2
|-unboost|p1a: The wobbler|spe|1
|upkeep
|turn|41
|
|t:|1641864767
|cant|p2a: Calyrex|slp
|move|p1a: The wobbler|Substitute|p1a: The wobbler
|-start|p1a: The wobbler|Substitute
|-damage|p1a: The wobbler|6/100
|
|-heal|p1a: The wobbler|12/100|[from] item: Leftovers
|-ability|p1a: The wobbler|Moody|boost
|-boost|p1a: The wobbler|spe|2
|-unboost|p1a: The wobbler|atk|1
|upkeep
|turn|42
|
|t:|1641864772
|-curestatus|p2a: Calyrex|slp|[msg]
|move|p2a: Calyrex|Draining Kiss|p1a: The wobbler
|-end|p1a: The wobbler|Substitute
|-heal|p2a: Calyrex|57/100|[from] drain|[of] p1a: The wobbler
|move|p1a: The wobbler|Spore|p2a: Calyrex
|-status|p2a: Calyrex|slp|[from] move: Spore
|
|-heal|p1a: The wobbler|18/100|[from] item: Leftovers
|-ability|p1a: The wobbler|Moody|boost
|-boost|p1a: The wobbler|spd|2
|-unboost|p1a: The wobbler|atk|1
|upkeep
|turn|43
|
|t:|1641864779
|switch|p2a: Rayquaza|Rayquaza-Mega|100/100
|-weather|DeltaStream|[from] ability: Delta Stream|[of] p2a: Rayquaza
|move|p1a: The wobbler|Substitute|p1a: The wobbler
|-fail|p1a: The wobbler|move: Substitute|[weak]
|
|-weather|DeltaStream|[upkeep]
|-heal|p1a: The wobbler|24/100|[from] item: Leftovers
|-ability|p1a: The wobbler|Moody|boost
|-boost|p1a: The wobbler|spa|2
|-unboost|p1a: The wobbler|spe|1
|upkeep
|turn|44
|
|t:|1641864794
|switch|p1a: Mimikyu|Mimikyu-Busted, F|38/100 par
|move|p2a: Rayquaza|Dragon Ascent|p1a: Mimikyu
|-crit|p1a: Mimikyu
|-damage|p1a: Mimikyu|0 fnt
|-unboost|p2a: Rayquaza|def|1
|-unboost|p2a: Rayquaza|spd|1
|faint|p1a: Mimikyu
|
|-weather|DeltaStream|[upkeep]
|upkeep
|
|t:|1641864796
|switch|p1a: Calyrex|Calyrex-Shadow|100/100
|-ability|p1a: Calyrex|As One
|-ability|p1a: Calyrex|Unnerve
|turn|45
|
|t:|1641864799
|move|p2a: Rayquaza|Dragon Ascent|p1a: Calyrex
|-enditem|p1a: Calyrex|Focus Sash
|-damage|p1a: Calyrex|1/100
|-unboost|p2a: Rayquaza|def|1
|-unboost|p2a: Rayquaza|spd|1
|move|p1a: Calyrex|Astral Barrage|p2a: Rayquaza
|-damage|p2a: Rayquaza|0 fnt
|faint|p2a: Rayquaza
|-weather|none
|-ability|p1a: Calyrex|Grim Neigh|boost
|-boost|p1a: Calyrex|spa|1
|
|upkeep
|
|t:|1641864802
|switch|p2a: Calyrex|Calyrex-Shadow|57/100 slp
|-ability|p2a: Calyrex|As One
|-ability|p2a: Calyrex|Unnerve
|turn|46
|
|t:|1641864806
|cant|p2a: Calyrex|slp
|move|p1a: Calyrex|Astral Barrage|p2a: Calyrex
|-supereffective|p2a: Calyrex
|-damage|p2a: Calyrex|0 fnt
|faint|p2a: Calyrex
|
|win|soda49
|raw|soda49's rating: 1669 &rarr; <strong>1700</strong><br />(+31 for winning)
|raw|Adil's rating: 1875 &rarr; <strong>1844</strong><br />(-31 for losing)
|l|☆Adil
