|j|☆lmisdreavus
|j|☆CLEAR GEM清瑜
|t:|1665106675
|gametype|singles
|player|p1|lmisdreavus|101|1848
|player|p2|CLEAR GEM清瑜|skierf|1829
|teamsize|p1|6
|teamsize|p2|6
|gen|8
|tier|[Gen 8] National Dex AG
|rated|
|rule|HP Percentage Mod: HP is shown in percentages
|rule|Endless Battle Clause: Forcing endless battles is banned
|clearpoke
|poke|p1|Landorus-Therian, M|
|poke|p1|Ho-Oh|
|poke|p1|Arceus-*|
|poke|p1|Gengar, F|
|poke|p1|Zacian-*|
|poke|p1|Groudon|
|poke|p2|Rayquaza|
|poke|p2|Groudon|
|poke|p2|Necrozma-Dusk-Mane|
|poke|p2|Arceus-*|
|poke|p2|Zacian-*|
|poke|p2|Yveltal|
|teampreview
|inactive|Battle timer is ON: inactive players will automatically lose when time's up. (requested by CLEAR GEM清瑜)
|
|t:|1665106681
|start
|switch|p1a: Gengar|Gengar, F, shiny|100/100
|switch|p2a: 老烈|Rayquaza, shiny|100/100
|-ability|p2a: 老烈|Air Lock
|turn|1
|
|t:|1665106684
|detailschange|p1a: Gengar|Gengar-Mega, F, shiny
|-mega|p1a: Gengar|Gengar|Gengarite
|detailschange|p2a: 老烈|Rayquaza-Mega, shiny
|-mega|p2a: 老烈|Rayquaza|
|-weather|DeltaStream|[from] ability: Delta Stream|[of] p2a: 老烈
|move|p1a: Gengar|Substitute|p1a: Gengar
|-start|p1a: Gengar|Substitute
|-damage|p1a: Gengar|76/100
|move|p2a: 老烈|Scale Shot|p1a: Gengar
|-end|p1a: Gengar|Substitute
|-damage|p1a: Gengar|48/100
|-damage|p1a: Gengar|18/100
|-hitcount|p1a: Gengar|3
|-unboost|p2a: 老烈|def|1
|-boost|p2a: 老烈|spe|1
|-damage|p2a: 老烈|91/100|[from] item: Life Orb
|
|-weather|DeltaStream|[upkeep]
|upkeep
|turn|2
|
|t:|1665106698
|switch|p1a: Landorus|Landorus-Therian, M, shiny|100/100
|-ability|p1a: Landorus|Intimidate|boost
|-unboost|p2a: 老烈|atk|1
|move|p2a: 老烈|Earthquake|p1a: Landorus
|-immune|p1a: Landorus
|
|-weather|DeltaStream|[upkeep]
|upkeep
|turn|3
|
|t:|1665106709
|move|p2a: 老烈|Dragon Ascent|p1a: Landorus
|-damage|p1a: Landorus|51/100
|-unboost|p2a: 老烈|def|1
|-unboost|p2a: 老烈|spd|1
|-damage|p2a: 老烈|74/100|[from] item: Rocky Helmet|[of] p1a: Landorus
|-damage|p2a: 老烈|64/100|[from] item: Life Orb
|move|p1a: Landorus|Stealth Rock|p2a: 老烈
|-sidestart|p2: CLEAR GEM清瑜|move: Stealth Rock
|
|-weather|DeltaStream|[upkeep]
|upkeep
|turn|4
|
|t:|1665106713
|move|p2a: 老烈|Dragon Ascent|p1a: Landorus
|-damage|p1a: Landorus|0 fnt
|-unboost|p2a: 老烈|def|1
|-unboost|p2a: 老烈|spd|1
|-damage|p2a: 老烈|48/100|[from] item: Rocky Helmet|[of] p1a: Landorus
|faint|p1a: Landorus
|-damage|p2a: 老烈|38/100|[from] item: Life Orb
|
|-weather|DeltaStream|[upkeep]
|upkeep
|
|t:|1665106720
|switch|p1a: Zacian|Zacian-Crowned, shiny|100/100
|-ability|p1a: Zacian|Intrepid Sword|boost
|-boost|p1a: Zacian|atk|1
|turn|5
|
|t:|1665106722
|move|p2a: 老烈|Earthquake|p1a: Zacian
|-supereffective|p1a: Zacian
|-damage|p1a: Zacian|19/100
|-damage|p2a: 老烈|28/100|[from] item: Life Orb
|move|p1a: Zacian|Behemoth Blade|p2a: 老烈
|-damage|p2a: 老烈|0 fnt
|faint|p2a: 老烈
|-weather|none
|
|upkeep
|
|t:|1665106724
|switch|p2a: 不会(?)|Groudon|100/100
|-damage|p2a: 不会(?)|94/100|[from] Stealth Rock
|detailschange|p2a: 不会(?)|Groudon-Primal
|-primal|p2a: 不会(?)
|-weather|DesolateLand|[from] ability: Desolate Land|[of] p2a: 不会(?)
|turn|6
|
|t:|1665106728
|switch|p1a: Gengar|Gengar-Mega, F, shiny|18/100
|move|p2a: 不会(?)|Thunder Wave|p1a: Gengar|[miss]
|-miss|p2a: 不会(?)|p1a: Gengar
|
|-weather|DesolateLand|[upkeep]
|upkeep
|turn|7
|
|t:|1665106735
|move|p1a: Gengar|Encore|p2a: 不会(?)
|-start|p2a: 不会(?)|Encore
|move|p2a: 不会(?)|Thunder Wave|p1a: Gengar
|-status|p1a: Gengar|par
|
|-weather|DesolateLand|[upkeep]
|upkeep
|turn|8
|
|t:|1665106738
|move|p2a: 不会(?)|Thunder Wave|p1a: Gengar
|-fail|p1a: Gengar|par
|move|p1a: Gengar|Shadow Ball|p2a: 不会(?)
|-damage|p2a: 不会(?)|57/100
|
|-weather|DesolateLand|[upkeep]
|upkeep
|turn|9
|
|t:|1665106740
|move|p2a: 不会(?)|Thunder Wave|p1a: Gengar
|-fail|p1a: Gengar|par
|move|p1a: Gengar|Shadow Ball|p2a: 不会(?)
|-damage|p2a: 不会(?)|16/100
|
|-weather|DesolateLand|[upkeep]
|-end|p2a: 不会(?)|Encore
|upkeep
|turn|10
|
|t:|1665106742
|move|p2a: 不会(?)|Stealth Rock|p1a: Gengar
|-sidestart|p1: lmisdreavus|move: Stealth Rock
|move|p1a: Gengar|Shadow Ball|p2a: 不会(?)
|-damage|p2a: 不会(?)|0 fnt
|faint|p2a: 不会(?)
|-weather|none
|
|upkeep
|
|t:|1665106746
|switch|p2a: 嘉然小姐的狗|Zacian-Crowned|100/100
|-damage|p2a: 嘉然小姐的狗|94/100|[from] Stealth Rock
|-ability|p2a: 嘉然小姐的狗|Intrepid Sword|boost
|-boost|p2a: 嘉然小姐的狗|atk|1
|turn|11
|
|t:|1665106749
|move|p2a: 嘉然小姐的狗|Behemoth Blade|p1a: Gengar
|-damage|p1a: Gengar|0 fnt
|faint|p1a: Gengar
|
|upkeep
|
|t:|1665106755
|switch|p1a: Groudon|Groudon, shiny|100/100
|-damage|p1a: Groudon|94/100|[from] Stealth Rock
|detailschange|p1a: Groudon|Groudon-Primal, shiny
|-primal|p1a: Groudon
|-weather|DesolateLand|[from] ability: Desolate Land|[of] p1a: Groudon
|turn|12
|
|t:|1665106758
|switch|p2a: 悬空羊驼|Arceus-Flying|100/100
|-damage|p2a: 悬空羊驼|76/100|[from] Stealth Rock
|move|p1a: Groudon|Lava Plume|p2a: 悬空羊驼
|-damage|p2a: 悬空羊驼|35/100
|
|-weather|DesolateLand|[upkeep]
|upkeep
|turn|13
|
|t:|1665106763
|move|p2a: 悬空羊驼|Earthquake|p1a: Groudon
|-supereffective|p1a: Groudon
|-damage|p1a: Groudon|63/100
|move|p1a: Groudon|Thunder Wave|p2a: 悬空羊驼|[miss]
|-miss|p1a: Groudon|p2a: 悬空羊驼
|
|-weather|DesolateLand|[upkeep]
|upkeep
|turn|14
|
|t:|1665106770
|-weather|none
|switch|p1a: Ho-Oh|Ho-Oh, shiny|100/100
|move|p2a: 悬空羊驼|Earthquake|p1a: Ho-Oh
|-immune|p1a: Ho-Oh
|
|upkeep
|turn|15
|
|t:|1665106774
|move|p2a: 悬空羊驼|Recover|p2a: 悬空羊驼
|-heal|p2a: 悬空羊驼|85/100
|move|p1a: Ho-Oh|Toxic|p2a: 悬空羊驼
|-status|p2a: 悬空羊驼|tox
|
|-damage|p2a: 悬空羊驼|79/100 tox|[from] psn
|upkeep
|turn|16
|
|t:|1665106778
|move|p2a: 悬空羊驼|Swords Dance|p2a: 悬空羊驼
|-boost|p2a: 悬空羊驼|atk|2
|move|p1a: Ho-Oh|Sacred Fire|p2a: 悬空羊驼
|-damage|p2a: 悬空羊驼|49/100 tox
|
|-damage|p2a: 悬空羊驼|37/100 tox|[from] psn
|upkeep
|turn|17
|
|t:|1665106781
|move|p2a: 悬空羊驼|Recover|p2a: 悬空羊驼
|-heal|p2a: 悬空羊驼|87/100 tox
|move|p1a: Ho-Oh|Sacred Fire|p2a: 悬空羊驼
|-damage|p2a: 悬空羊驼|59/100 tox
|
|-damage|p2a: 悬空羊驼|41/100 tox|[from] psn
|upkeep
|turn|18
|
|t:|1665106783
|-start|p2a: 悬空羊驼|Dynamax|
|-heal|p2a: 悬空羊驼|41/100 tox|[silent]
|move|p2a: 悬空羊驼|Max Airstream|p1a: Ho-Oh
|-damage|p1a: Ho-Oh|0 fnt
|-boost|p2a: 悬空羊驼|spe|1
|faint|p1a: Ho-Oh
|
|-damage|p2a: 悬空羊驼|29/100 tox|[from] psn
|upkeep
|-message|lmisdreavus forfeited.
|
|win|CLEAR GEM清瑜
|raw|lmisdreavus's rating: 1848 &rarr; <strong>1827</strong><br />(-21 for losing)
|raw|CLEAR GEM清瑜's rating: 1829 &rarr; <strong>1850</strong><br />(+21 for winning)
|l|☆lmisdreavus
||Ladder isn't responding, score probably updated but might not have (Request timeout).
