|j|☆151 to go
|j|☆Acornion
|t:|1597148671
|player|p1|151 to go|ethan|1740
|player|p2|Acornion|red|1675
|teamsize|p1|6
|teamsize|p2|6
|gametype|singles
|gen|8
|tier|[Gen 8] National Dex AG
|rated|
|clearpoke
|poke|p1|Zacian-Crowned|
|poke|p1|Dracovish|
|poke|p1|Marshadow|
|poke|p1|Eternatus|
|poke|p1|Groudon|
|poke|p1|Ditto|
|poke|p2|Xerneas|
|poke|p2|Ho-Oh|
|poke|p2|Naganadel|
|poke|p2|Mewtwo|
|poke|p2|Genesect-*|
|poke|p2|Palkia|
|rule|HP Percentage Mod: HP is shown in percentages
|rule|Endless Battle Clause: Forcing endless battles is banned
|teampreview
|
|t:|1597148683
|start
|switch|p1a: Dracovish|Dracovish|100/100
|switch|p2a: Naganadel|Naganadel|100/100
|turn|1
|
|t:|1597148698
|switch|p2a: Palkia|Palkia|100/100
|-ability|p2a: Palkia|Pressure
|move|p1a: Dracovish|Earthquake|p2a: Palkia
|-damage|p2a: Palkia|71/100
|
|upkeep
|turn|2
|
|t:|1597148711
|-start|p1a: Dracovish|Dynamax
|-heal|p1a: Dracovish|100/100|[silent]
|move|p2a: Palkia|Spacial Rend|p1a: Dracovish
|-supereffective|p1a: Dracovish
|-crit|p1a: Dracovish
|-damage|p1a: Dracovish|0 fnt
|faint|p1a: Dracovish
|
|upkeep
|
|t:|1597148719
|switch|p1a: Zacian|Zacian-Crowned|100/100
|-ability|p1a: Zacian|Intrepid Sword|boost
|-boost|p1a: Zacian|atk|1
|turn|3
|
|t:|1597148725
|switch|p2a: Ho-Oh|Ho-Oh|100/100
|move|p1a: Zacian|Play Rough|p2a: Ho-Oh|[miss]
|-miss|p1a: Zacian|p2a: Ho-Oh
|
|upkeep
|turn|4
|
|t:|1597148733
|switch|p1a: Ditto|Ditto, shiny|100/100
|-transform|p1a: Ditto|p2a: Ho-Oh|[from] ability: Imposter
|move|p2a: Ho-Oh|Sacred Fire|p1a: Ditto
|-resisted|p1a: Ditto
|-damage|p1a: Ditto|74/100
|
|upkeep
|turn|5
|
|t:|1597148753
|switch|p2a: Naganadel|Naganadel|100/100
|move|p1a: Ditto|Brave Bird|p2a: Naganadel
|-damage|p2a: Naganadel|14/100
|-damage|p1a: Ditto|47/100|[from] Recoil
|
|upkeep
|turn|6
|
|t:|1597148762
|switch|p2a: Ho-Oh|Ho-Oh|100/100
|move|p1a: Ditto|Brave Bird|p2a: Ho-Oh
|-crit|p2a: Ho-Oh
|-damage|p2a: Ho-Oh|30/100
|-damage|p1a: Ditto|15/100|[from] Recoil
|
|upkeep
|turn|7
|
|t:|1597148772
|switch|p2a: Palkia|Palkia|71/100
|-ability|p2a: Palkia|Pressure
|move|p1a: Ditto|Brave Bird|p2a: Palkia
|-damage|p2a: Palkia|16/100
|-damage|p1a: Ditto|0 fnt|[from] Recoil
|faint|p1a: Ditto
|
|upkeep
|
|t:|1597148783
|switch|p1a: Marshadow|Marshadow|100/100
|turn|8
|
|t:|1597148787
|move|p2a: Palkia|Spacial Rend|p1a: Marshadow
|-crit|p1a: Marshadow
|-enditem|p1a: Marshadow|Focus Sash
|-damage|p1a: Marshadow|1/100
|move|p1a: Marshadow|Spectral Thief|p2a: Palkia
|-damage|p2a: Palkia|0 fnt
|faint|p2a: Palkia
|
|upkeep
|
|t:|1597148801
|switch|p2a: Xerneas|Xerneas|100/100
|-ability|p2a: Xerneas|Fairy Aura
|turn|9
|
|t:|1597148812
|move|p1a: Marshadow|Endeavor|p2a: Xerneas
|-damage|p2a: Xerneas|1/100
|move|p2a: Xerneas|Psychic|p1a: Marshadow
|-supereffective|p1a: Marshadow
|-damage|p1a: Marshadow|0 fnt
|faint|p1a: Marshadow
|
|upkeep
|j| Dark Fyn
|
|t:|1597148822
|switch|p1a: Zacian|Zacian-Crowned|100/100
|-ability|p1a: Zacian|Intrepid Sword|boost
|-boost|p1a: Zacian|atk|1
|turn|10
|
|t:|1597148828
|move|p1a: Zacian|Quick Attack|p2a: Xerneas
|-damage|p2a: Xerneas|0 fnt
|faint|p2a: Xerneas
|
|upkeep
|
|t:|1597148833
|switch|p2a: Mewtwo|Mewtwo|100/100
|-ability|p2a: Mewtwo|Pressure
|turn|11
|
|t:|1597148839
|detailschange|p2a: Mewtwo|Mewtwo-Mega-Y
|-mega|p2a: Mewtwo|Mewtwo|Mewtwonite Y
|move|p1a: Zacian|Behemoth Blade|p2a: Mewtwo
|-damage|p2a: Mewtwo|0 fnt
|faint|p2a: Mewtwo
|
|upkeep
|
|t:|1597148842
|switch|p2a: Genesect|Genesect-Shock, shiny|100/100
|-ability|p2a: Genesect|Download|boost
|-boost|p2a: Genesect|spa|1
|turn|12
|
|t:|1597148849
|move|p1a: Zacian|Close Combat|p2a: Genesect
|-damage|p2a: Genesect|2/100
|-unboost|p1a: Zacian|def|1
|-unboost|p1a: Zacian|spd|1
|move|p2a: Genesect|Flash Cannon|p1a: Zacian
|-damage|p1a: Zacian|14/100
|
|upkeep
|turn|13
|
|t:|1597148858
|move|p2a: Genesect|Extreme Speed|p1a: Zacian
|-resisted|p1a: Zacian
|-damage|p1a: Zacian|0 fnt
|faint|p1a: Zacian
|
|upkeep
|
|t:|1597148868
|switch|p1a: Groudon|Groudon|100/100
|detailschange|p1a: Groudon|Groudon-Primal
|-primal|p1a: Groudon
|-weather|DesolateLand|[from] ability: Desolate Land|[of] p1a: Groudon
|turn|14
|
|t:|1597148877
|move|p2a: Genesect|Bug Buzz|p1a: Groudon
|-resisted|p1a: Groudon
|-damage|p1a: Groudon|63/100
|move|p1a: Groudon|Fire Punch|p2a: Genesect
|-supereffective|p2a: Genesect
|-damage|p2a: Genesect|0 fnt
|faint|p2a: Genesect
|
|-weather|DesolateLand|[upkeep]
|upkeep
|
|t:|1597148880
|switch|p2a: Naganadel|Naganadel|14/100
|turn|15
|
|t:|1597148892
|-start|p2a: Naganadel|Dynamax
|-heal|p2a: Naganadel|14/100|[silent]
|move|p2a: Naganadel|Max Wyrmwind|p1a: Groudon
|-damage|p1a: Groudon|0 fnt
|-damage|p2a: Naganadel|10/100|[from] item: Life Orb
|faint|p1a: Groudon
|-weather|none
|-ability|p2a: Naganadel|Beast Boost|boost
|-boost|p2a: Naganadel|spe|1
|
|upkeep
|
|t:|1597148903
|switch|p1a: Eternatus|Eternatus|100/100
|-ability|p1a: Eternatus|Pressure
|turn|16
|
|t:|1597148909
|move|p1a: Eternatus|Dynamax Cannon|p2a: Naganadel
|-supereffective|p2a: Naganadel
|-crit|p2a: Naganadel
|-damage|p2a: Naganadel|0 fnt
|faint|p2a: Naganadel
|
|upkeep
|
|t:|1597148911
|switch|p2a: Ho-Oh|Ho-Oh|64/100
|turn|17
|
|t:|1597148917
|move|p1a: Eternatus|Dynamax Cannon|p2a: Ho-Oh
|-damage|p2a: Ho-Oh|39/100
|move|p2a: Ho-Oh|Roost|p2a: Ho-Oh
|-heal|p2a: Ho-Oh|89/100
|-singleturn|p2a: Ho-Oh|move: Roost
|
|upkeep
|turn|18
|
|t:|1597148925
|move|p1a: Eternatus|Dynamax Cannon|p2a: Ho-Oh
|-damage|p2a: Ho-Oh|66/100
|move|p2a: Ho-Oh|Roost|p2a: Ho-Oh
|-heal|p2a: Ho-Oh|100/100
|-singleturn|p2a: Ho-Oh|move: Roost
|
|upkeep
|turn|19
|
|t:|1597148933
|move|p1a: Eternatus|Dynamax Cannon|p2a: Ho-Oh
|-damage|p2a: Ho-Oh|75/100
|move|p2a: Ho-Oh|Sacred Fire|p1a: Eternatus
|-resisted|p1a: Eternatus
|-damage|p1a: Eternatus|82/100
|
|upkeep
|turn|20
|
|t:|1597148942
|move|p1a: Eternatus|Dynamax Cannon|p2a: Ho-Oh
|-damage|p2a: Ho-Oh|51/100
|move|p2a: Ho-Oh|Roost|p2a: Ho-Oh
|-heal|p2a: Ho-Oh|100/100
|-singleturn|p2a: Ho-Oh|move: Roost
|
|upkeep
|turn|21
|
|t:|1597148950
|move|p1a: Eternatus|Dynamax Cannon|p2a: Ho-Oh
|-damage|p2a: Ho-Oh|76/100
|move|p2a: Ho-Oh|Sacred Fire|p1a: Eternatus
|-resisted|p1a: Eternatus
|-crit|p1a: Eternatus
|-damage|p1a: Eternatus|57/100
|
|upkeep
|turn|22
|
|t:|1597148958
|move|p1a: Eternatus|Dynamax Cannon|p2a: Ho-Oh
|-damage|p2a: Ho-Oh|52/100
|move|p2a: Ho-Oh|Roost|p2a: Ho-Oh
|-heal|p2a: Ho-Oh|100/100
|-singleturn|p2a: Ho-Oh|move: Roost
|
|upkeep
|turn|23
|
|t:|1597148967
|move|p1a: Eternatus|Dynamax Cannon|p2a: Ho-Oh
|-damage|p2a: Ho-Oh|74/100
|move|p2a: Ho-Oh|Brave Bird|p1a: Eternatus
|-damage|p1a: Eternatus|15/100
|-damage|p2a: Ho-Oh|60/100|[from] Recoil
|
|upkeep
|turn|24
|
|t:|1597148976
|-activate|p1a: Eternatus|move: Struggle
|move|p1a: Eternatus|Struggle|p2a: Ho-Oh
|-damage|p2a: Ho-Oh|54/100
|-damage|p1a: Eternatus|0 fnt|[from] recoil
|faint|p1a: Eternatus
|
|win|Acornion
|raw|151 to go's rating: 1740 &rarr; <strong>1717</strong><br />(-23 for losing)
|raw|Acornion's rating: 1675 &rarr; <strong>1699</strong><br />(+24 for winning)
|l|☆151 to go
|c|☆Acornion|gg
|l|☆Acornion
