|j|☆BigRedCar69
|j|☆chopforce8
|t:|1650578686
|gametype|singles
|player|p1|BigRedCar69|elesa-gen5bw2|1714
|player|p2|chopforce8|red|1744
|teamsize|p1|6
|teamsize|p2|6
|gen|8
|tier|[Gen 8] National Dex AG
|rated|
|rule|HP Percentage Mod: HP is shown in percentages
|rule|Endless Battle Clause: Forcing endless battles is banned
|clearpoke
|poke|p1|Mewtwo|
|poke|p1|Arceus-*|
|poke|p1|Zygarde|
|poke|p1|Tyranitar, M|
|poke|p1|Groudon|
|poke|p1|Chansey, F|
|poke|p2|Ho-Oh|
|poke|p2|Dracovish|
|poke|p2|Xerneas-*|
|poke|p2|Excadrill, M|
|poke|p2|Blastoise, F|
|poke|p2|Ditto|
|teampreview
|inactive|Battle timer is ON: inactive players will automatically lose when time's up. (requested by BigRedCar69)
|
|t:|1650578694
|start
|switch|p1a: Groudon|Groudon|100/100
|switch|p2a: Oddjob|Excadrill, M|100/100
|detailschange|p1a: Groudon|Groudon-Primal
|-primal|p1a: Groudon
|-weather|DesolateLand|[from] ability: Desolate Land|[of] p1a: Groudon
|turn|1
|
|t:|1650578703
|move|p2a: Oddjob|Earthquake|p1a: Groudon
|-supereffective|p1a: Groudon
|-damage|p1a: Groudon|53/100
|move|p1a: Groudon|Precipice Blades|p2a: Oddjob
|-supereffective|p2a: Oddjob
|-enditem|p2a: Oddjob|Focus Sash
|-damage|p2a: Oddjob|1/100
|
|-weather|DesolateLand|[upkeep]
|upkeep
|turn|2
|
|t:|1650578710
|-weather|none
|switch|p1a: Arceus|Arceus-Ground|100/100
|move|p2a: Oddjob|Stealth Rock|p1a: Arceus
|-sidestart|p1: BigRedCar69|move: Stealth Rock
|
|upkeep
|turn|3
|
|t:|1650578716
|switch|p2a: Jaws|Dracovish|100/100
|move|p1a: Arceus|Defog|p2a: Jaws
|-unboost|p2a: Jaws|evasion|1
|-sideend|p1: BigRedCar69|Stealth Rock|[from] move: Defog|[of] p1a: Arceus
|
|upkeep
|turn|4
|
|t:|1650578723
|switch|p1a: Groudon|Groudon-Primal|53/100
|-weather|DesolateLand|[from] ability: Desolate Land|[of] p1a: Groudon
|move|p2a: Jaws|Earthquake|p1a: Groudon
|-supereffective|p1a: Groudon
|-damage|p1a: Groudon|29/100
|
|-weather|DesolateLand|[upkeep]
|upkeep
|turn|5
|
|t:|1650578731
|switch|p2a: Oddjob|Excadrill, M|1/100
|move|p1a: Groudon|Rest|p1a: Groudon
|-status|p1a: Groudon|slp|[from] move: Rest
|-heal|p1a: Groudon|100/100 slp|[silent]
|
|-weather|DesolateLand|[upkeep]
|upkeep
|turn|6
|
|t:|1650578749
|switch|p2a: Largo|Blastoise, F|100/100
|-weather|none
|switch|p1a: Arceus|Arceus-Ground|100/100
|
|upkeep
|turn|7
|
|t:|1650578755
|switch|p1a: Chansey|Chansey, F|100/100
|detailschange|p2a: Largo|Blastoise-Mega, F
|-mega|p2a: Largo|Blastoise|Blastoisinite
|move|p2a: Largo|Shell Smash|p2a: Largo
|-unboost|p2a: Largo|def|1
|-unboost|p2a: Largo|spd|1
|-boost|p2a: Largo|atk|2
|-boost|p2a: Largo|spa|2
|-boost|p2a: Largo|spe|2
|
|upkeep
|turn|8
|
|t:|1650578764
|move|p2a: Largo|Aura Sphere|p1a: Chansey
|-supereffective|p1a: Chansey
|-damage|p1a: Chansey|55/100
|move|p1a: Chansey|Toxic|p2a: Largo
|-status|p2a: Largo|tox
|
|-damage|p2a: Largo|94/100 tox|[from] psn
|upkeep
|turn|9
|
|t:|1650578771
|move|p2a: Largo|Shell Smash|p2a: Largo
|-unboost|p2a: Largo|def|1
|-unboost|p2a: Largo|spd|1
|-boost|p2a: Largo|atk|2
|-boost|p2a: Largo|spa|2
|-boost|p2a: Largo|spe|2
|move|p1a: Chansey|Soft-Boiled|p1a: Chansey
|-heal|p1a: Chansey|100/100
|
|-damage|p2a: Largo|82/100 tox|[from] psn
|upkeep
|turn|10
|
|t:|1650578780
|move|p2a: Largo|Aura Sphere|p1a: Chansey
|-supereffective|p1a: Chansey
|-damage|p1a: Chansey|25/100
|move|p1a: Chansey|Soft-Boiled|p1a: Chansey
|-heal|p1a: Chansey|75/100
|
|-damage|p2a: Largo|64/100 tox|[from] psn
|upkeep
|turn|11
|
|t:|1650578788
|move|p2a: Largo|Aura Sphere|p1a: Chansey
|-supereffective|p1a: Chansey
|-damage|p1a: Chansey|5/100
|move|p1a: Chansey|Soft-Boiled|p1a: Chansey
|-heal|p1a: Chansey|55/100
|
|-damage|p2a: Largo|40/100 tox|[from] psn
|upkeep
|turn|12
|
|t:|1650578815
|switch|p1a: Arceus|Arceus-Ground|100/100
|move|p2a: Largo|Aura Sphere|p1a: Arceus
|-damage|p1a: Arceus|2/100
|
|-damage|p2a: Largo|10/100 tox|[from] psn
|upkeep
|turn|13
|
|t:|1650578823
|move|p2a: Largo|Aqua Jet|p1a: Arceus
|-supereffective|p1a: Arceus
|-damage|p1a: Arceus|0 fnt
|faint|p1a: Arceus
|
|-damage|p2a: Largo|0 fnt|[from] psn
|faint|p2a: Largo
|upkeep
|
|t:|1650578830
|switch|p1a: Chansey|Chansey, F|55/100
|switch|p2a: Oddjob|Excadrill, M|1/100
|turn|14
|
|t:|1650578834
|move|p2a: Oddjob|Iron Head|p1a: Chansey
|-damage|p1a: Chansey|24/100
|move|p1a: Chansey|Heal Bell|p1a: Chansey
|-activate|p1a: Chansey|move: Heal Bell
|-curestatus|p1: Groudon|slp|[msg]
|
|upkeep
|turn|15
|
|t:|1650578849
|switch|p1a: Zygarde|Zygarde|100/100
|move|p2a: Oddjob|Earthquake|p1a: Zygarde
|-damage|p1a: Zygarde|71/100
|
|-heal|p1a: Zygarde|77/100|[from] item: Leftovers
|upkeep
|turn|16
|
|t:|1650578856
|move|p2a: Oddjob|Stealth Rock|p1a: Zygarde
|-sidestart|p1: BigRedCar69|move: Stealth Rock
|move|p1a: Zygarde|Thousand Arrows|p2a: Oddjob
|-supereffective|p2a: Oddjob
|-damage|p2a: Oddjob|0 fnt
|faint|p2a: Oddjob
|
|-heal|p1a: Zygarde|83/100|[from] item: Leftovers
|upkeep
|
|t:|1650578864
|switch|p2a: Jaws|Dracovish|100/100
|turn|17
|
|t:|1650578893
|switch|p2a: Goldfinger|Ho-Oh|100/100
|move|p1a: Zygarde|Glare|p2a: Goldfinger
|-status|p2a: Goldfinger|par
|
|-heal|p1a: Zygarde|90/100|[from] item: Leftovers
|upkeep
|turn|18
|
|t:|1650578899
|move|p1a: Zygarde|Thousand Arrows|p2a: Goldfinger
|-damage|p2a: Goldfinger|71/100 par
|-start|p2a: Goldfinger|Smack Down
|move|p2a: Goldfinger|Toxic|p1a: Zygarde
|-status|p1a: Zygarde|tox
|
|-heal|p1a: Zygarde|96/100 tox|[from] item: Leftovers
|-damage|p1a: Zygarde|90/100 tox|[from] psn
|upkeep
|turn|19
|
|t:|1650578909
|switch|p1a: Chansey|Chansey, F|24/100
|-damage|p1a: Chansey|11/100|[from] Stealth Rock
|switch|p2a: Jaws|Dracovish|100/100
|
|upkeep
|turn|20
|
|t:|1650578926
|switch|p1a: Groudon|Groudon-Primal|100/100
|-damage|p1a: Groudon|88/100|[from] Stealth Rock
|-weather|DesolateLand|[from] ability: Desolate Land|[of] p1a: Groudon
|move|p2a: Jaws|Crunch|p1a: Groudon
|-damage|p1a: Groudon|74/100
|
|-weather|DesolateLand|[upkeep]
|upkeep
|turn|21
|
|t:|1650578936
|-start|p2a: Jaws|Dynamax|
|-heal|p2a: Jaws|100/100|[silent]
|move|p2a: Jaws|Max Quake|p1a: Groudon
|-supereffective|p1a: Groudon
|-damage|p1a: Groudon|44/100
|-boost|p2a: Jaws|spd|1
|move|p1a: Groudon|Precipice Blades|p2a: Jaws
|-damage|p2a: Jaws|63/100
|
|-weather|DesolateLand|[upkeep]
|upkeep
|turn|22
|
|t:|1650578957
|move|p2a: Jaws|Max Quake|p1a: Groudon
|-supereffective|p1a: Groudon
|-damage|p1a: Groudon|15/100
|-boost|p2a: Jaws|spd|1
|move|p1a: Groudon|Rest|p1a: Groudon
|-status|p1a: Groudon|slp|[from] move: Rest
|-heal|p1a: Groudon|100/100 slp|[silent]
|
|-weather|DesolateLand|[upkeep]
|upkeep
|turn|23
|
|t:|1650578965
|-end|p2a: Jaws|Dynamax
|-heal|p2a: Jaws|63/100|[silent]
|switch|p2a: 007|Ditto|100/100
|-transform|p2a: 007|p1a: Groudon|[from] ability: Imposter
|switch|p1a: Chansey|Chansey, F|11/100
|-damage|p1a: Chansey|0 fnt|[from] Stealth Rock
|faint|p1a: Chansey
|
|-weather|DesolateLand|[upkeep]
|upkeep
|
|t:|1650578973
|switch|p1a: Zygarde|Zygarde|90/100 tox
|-damage|p1a: Zygarde|83/100 tox|[from] Stealth Rock
|turn|24
|
|t:|1650578978
|-weather|none
|switch|p2a: Goldfinger|Ho-Oh|100/100 par
|move|p1a: Zygarde|Glare|p2a: Goldfinger
|-fail|p2a: Goldfinger|par
|
|-heal|p1a: Zygarde|90/100 tox|[from] item: Leftovers
|-damage|p1a: Zygarde|83/100 tox|[from] psn
|upkeep
|turn|25
|
|t:|1650578988
|switch|p2a: Drax|Xerneas|100/100
|-ability|p2a: Drax|Fairy Aura
|move|p1a: Zygarde|Thousand Arrows|p2a: Drax
|-damage|p2a: Drax|77/100
|
|-heal|p1a: Zygarde|90/100 tox|[from] item: Leftovers
|-damage|p1a: Zygarde|77/100 tox|[from] psn
|upkeep
|turn|26
|
|t:|1650578997
|switch|p2a: Goldfinger|Ho-Oh|100/100 par
|move|p1a: Zygarde|Glare|p2a: Goldfinger
|-fail|p2a: Goldfinger|par
|
|-heal|p1a: Zygarde|83/100 tox|[from] item: Leftovers
|-damage|p1a: Zygarde|65/100 tox|[from] psn
|upkeep
|turn|27
|
|t:|1650579007
|move|p1a: Zygarde|Thousand Arrows|p2a: Goldfinger
|-damage|p2a: Goldfinger|72/100 par
|-start|p2a: Goldfinger|Smack Down
|move|p2a: Goldfinger|Toxic|p1a: Zygarde
|-fail|p1a: Zygarde|tox
|
|-heal|p1a: Zygarde|71/100 tox|[from] item: Leftovers
|-damage|p1a: Zygarde|46/100 tox|[from] psn
|-activate|p1a: Zygarde|ability: Power Construct
|detailschange|p1a: Zygarde|Zygarde-Complete
|-heal|p1a: Zygarde|65/100 tox|[silent]
|upkeep
|turn|28
|
|t:|1650579019
|move|p1a: Zygarde|Thousand Arrows|p2a: Goldfinger
|-supereffective|p2a: Goldfinger
|-damage|p2a: Goldfinger|13/100 par
|cant|p2a: Goldfinger|par
|
|-heal|p1a: Zygarde|71/100 tox|[from] item: Leftovers
|-damage|p1a: Zygarde|40/100 tox|[from] psn
|upkeep
|turn|29
|
|t:|1650579033
|switch|p2a: Drax|Xerneas|77/100
|-ability|p2a: Drax|Fairy Aura
|move|p1a: Zygarde|Thousand Arrows|p2a: Drax
|-damage|p2a: Drax|54/100
|
|-heal|p1a: Zygarde|46/100 tox|[from] item: Leftovers
|-damage|p1a: Zygarde|9/100 tox|[from] psn
|upkeep
|turn|30
|
|t:|1650579044
|move|p2a: Drax|Rest|p2a: Drax
|-status|p2a: Drax|slp|[from] move: Rest
|-heal|p2a: Drax|100/100 slp|[silent]
|move|p1a: Zygarde|Glare||[still]
|-fail|p1a: Zygarde
|
|-heal|p1a: Zygarde|16/100 tox|[from] item: Leftovers
|-damage|p1a: Zygarde|0 fnt|[from] psn
|faint|p1a: Zygarde
|upkeep
|
|t:|1650579048
|switch|p1a: Mewtwo|Mewtwo|100/100
|-damage|p1a: Mewtwo|88/100|[from] Stealth Rock
|-ability|p1a: Mewtwo|Pressure
|turn|31
|
|t:|1650579066
|detailschange|p1a: Mewtwo|Mewtwo-Mega-Y
|-mega|p1a: Mewtwo|Mewtwo|Mewtwonite Y
|move|p1a: Mewtwo|Psystrike|p2a: Drax
|-damage|p2a: Drax|44/100 slp
|cant|p2a: Drax|slp
|move|p2a: Drax|Sleep Talk|p2a: Drax
|move|p2a: Drax|Moonblast|p1a: Mewtwo|[from]move: Sleep Talk
|-damage|p1a: Mewtwo|25/100
|-unboost|p1a: Mewtwo|spa|1
|
|upkeep
|turn|32
|
|t:|1650579079
|switch|p2a: 007|Ditto|100/100
|-transform|p2a: 007|p1a: Mewtwo|[from] ability: Imposter
|move|p1a: Mewtwo|Psystrike|p2a: 007
|-resisted|p2a: 007
|-damage|p2a: 007|68/100
|
|upkeep
|turn|33
|
|t:|1650579089
|move|p2a: 007|Ice Beam|p1a: Mewtwo
|-damage|p1a: Mewtwo|0 fnt
|faint|p1a: Mewtwo
|
|upkeep
|
|t:|1650579094
|switch|p1a: Tyranitar|Tyranitar, M|100/100
|-damage|p1a: Tyranitar|88/100|[from] Stealth Rock
|-weather|Sandstorm|[from] ability: Sand Stream|[of] p1a: Tyranitar
|turn|34
|
|t:|1650579099
|-activate|p2a: 007|move: Pursuit
|move|p1a: Tyranitar|Pursuit|p2a: 007|[from]Pursuit
|-supereffective|p2a: 007
|-damage|p2a: 007|0 fnt
|faint|p2a: 007
|-hint|A Pokemon can't switch between when it runs out of HP and when it faints
|
|-weather|Sandstorm|[upkeep]
|-heal|p1a: Tyranitar|94/100|[from] item: Leftovers
|upkeep
|
|t:|1650579113
|switch|p2a: Drax|Xerneas|44/100 slp
|-ability|p2a: Drax|Fairy Aura
|turn|35
|
|t:|1650579127
|cant|p2a: Drax|slp
|move|p2a: Drax|Sleep Talk|p2a: Drax
|move|p2a: Drax|Rest||[from]move: Sleep Talk|[still]
|-fail|p2a: Drax
|move|p1a: Tyranitar|Rock Tomb|p2a: Drax
|-damage|p2a: Drax|25/100 slp
|-unboost|p2a: Drax|spe|1
|
|-weather|Sandstorm|[upkeep]
|-damage|p2a: Drax|19/100 slp|[from] Sandstorm
|-heal|p1a: Tyranitar|100/100|[from] item: Leftovers
|upkeep
|turn|36
|
|t:|1650579141
|move|p1a: Tyranitar|Rock Tomb|p2a: Drax
|-damage|p2a: Drax|0 fnt
|faint|p2a: Drax
|
|-weather|Sandstorm|[upkeep]
|upkeep
|
|t:|1650579150
|switch|p2a: Jaws|Dracovish|63/100
|turn|37
|
|t:|1650579159
|switch|p2a: Goldfinger|Ho-Oh|47/100 par
|switch|p1a: Groudon|Groudon-Primal|100/100 slp
|-damage|p1a: Groudon|88/100 slp|[from] Stealth Rock
|-weather|DesolateLand|[from] ability: Desolate Land|[of] p1a: Groudon
|
|-weather|DesolateLand|[upkeep]
|upkeep
|turn|38
|
|t:|1650579174
|-weather|none
|switch|p1a: Tyranitar|Tyranitar, M|100/100
|-damage|p1a: Tyranitar|88/100|[from] Stealth Rock
|-weather|Sandstorm|[from] ability: Sand Stream|[of] p1a: Tyranitar
|cant|p2a: Goldfinger|par
|
|-weather|Sandstorm|[upkeep]
|-damage|p2a: Goldfinger|40/100 par|[from] Sandstorm
|-heal|p1a: Tyranitar|94/100|[from] item: Leftovers
|upkeep
|turn|39
|
|t:|1650579186
|switch|p2a: Jaws|Dracovish|63/100
|move|p1a: Tyranitar|Rock Tomb|p2a: Jaws
|-damage|p2a: Jaws|37/100
|-unboost|p2a: Jaws|spe|1
|
|-weather|Sandstorm|[upkeep]
|-damage|p2a: Jaws|31/100|[from] Sandstorm
|-heal|p1a: Tyranitar|100/100|[from] item: Leftovers
|upkeep
|turn|40
|
|t:|1650579196
|switch|p2a: Goldfinger|Ho-Oh|74/100 par
|-start|p1a: Tyranitar|Dynamax|
|-heal|p1a: Tyranitar|100/100|[silent]
|move|p1a: Tyranitar|Max Darkness|p2a: Goldfinger
|-damage|p2a: Goldfinger|24/100 par
|-unboost|p2a: Goldfinger|spd|1
|
|-weather|Sandstorm|[upkeep]
|-damage|p2a: Goldfinger|18/100 par|[from] Sandstorm
|upkeep
|turn|41
|
|t:|1650579207
|move|p1a: Tyranitar|Max Rockfall|p2a: Goldfinger
|-supereffective|p2a: Goldfinger
|-damage|p2a: Goldfinger|0 fnt
|faint|p2a: Goldfinger
|
|-weather|Sandstorm|[upkeep]
|upkeep
|
|t:|1650579219
|switch|p2a: Jaws|Dracovish|31/100
|turn|42
|
|t:|1650579223
|move|p2a: Jaws|Fishious Rend|p1a: Tyranitar
|-supereffective|p1a: Tyranitar
|-crit|p1a: Tyranitar
|-damage|p1a: Tyranitar|0 fnt
|faint|p1a: Tyranitar
|
|-weather|none
|upkeep
|
|t:|1650579226
|switch|p1a: Groudon|Groudon-Primal|88/100 slp
|-damage|p1a: Groudon|76/100 slp|[from] Stealth Rock
|-weather|DesolateLand|[from] ability: Desolate Land|[of] p1a: Groudon
|turn|43
|
|t:|1650579232
|move|p2a: Jaws|Fishious Rend||[still]
|-fail|p2a: Jaws|Fishious Rend|[from] Desolate Land
|cant|p1a: Groudon|slp
|
|-weather|DesolateLand|[upkeep]
|upkeep
|turn|44
|c|☆BigRedCar69|ggwp, close match
|c|☆chopforce8|gg
|
|t:|1650579238
|move|p2a: Jaws|Fishious Rend||[still]
|-fail|p2a: Jaws|Fishious Rend|[from] Desolate Land
|cant|p1a: Groudon|slp
|
|-weather|DesolateLand|[upkeep]
|upkeep
|turn|45
|
|t:|1650579243
|move|p2a: Jaws|Fishious Rend||[still]
|-fail|p2a: Jaws|Fishious Rend|[from] Desolate Land
|-curestatus|p1a: Groudon|slp|[msg]
|move|p1a: Groudon|Precipice Blades|p2a: Jaws
|-damage|p2a: Jaws|0 fnt
|faint|p2a: Jaws
|
|win|BigRedCar69
|raw|BigRedCar69's rating: 1714 &rarr; <strong>1736</strong><br />(+22 for winning)
|raw|chopforce8's rating: 1744 &rarr; <strong>1722</strong><br />(-22 for losing)
