|j|☆NOAH MK2
|j|☆IanBrandonSomethng
|t:|1634450082
|gametype|singles
|player|p1|NOAH MK2|169|1680
|player|p2|IanBrandonSomethng|youngster-gen4|2003
|teamsize|p1|6
|teamsize|p2|6
|gen|8
|tier|[Gen 8] National Dex AG
|rated|
|rule|HP Percentage Mod: HP is shown in percentages
|rule|Endless Battle Clause: Forcing endless battles is banned
|clearpoke
|poke|p1|Klefki, F|
|poke|p1|Rayquaza|
|poke|p1|Groudon|
|poke|p1|Calyrex-Ice|
|poke|p1|Regirock|
|poke|p1|Umbreon, M|
|poke|p2|Zacian-*|
|poke|p2|Ho-Oh|
|poke|p2|Groudon|
|poke|p2|Rayquaza|
|poke|p2|Ditto|
|poke|p2|Yveltal|
|teampreview
|inactive|Battle timer is ON: inactive players will automatically lose when time's up. (requested by IanBrandonSomethng)
|
|t:|1634450111
|start
|switch|p1a: Klefki|Klefki, F|100/100
|switch|p2a: Zacian|Zacian-Crowned|100/100
|-ability|p2a: Zacian|Intrepid Sword|boost
|-boost|p2a: Zacian|atk|1
|turn|1
|
|t:|1634450115
|switch|p2a: Yveltal|Yveltal|100/100
|-ability|p2a: Yveltal|Dark Aura
|move|p1a: Klefki|Reflect|p1a: Klefki
|-sidestart|p1: NOAH MK2|Reflect
|
|upkeep
|turn|2
|
|t:|1634450137
|switch|p1a: Umbreon|Umbreon, M|100/100
|move|p2a: Yveltal|Dark Pulse|p1a: Umbreon
|-resisted|p1a: Umbreon
|-damage|p1a: Umbreon|81/100
|-damage|p2a: Yveltal|91/100|[from] item: Life Orb
|
|-heal|p1a: Umbreon|87/100|[from] item: Leftovers
|upkeep
|turn|3
|
|t:|1634450143
|switch|p2a: Groudon|Groudon|100/100
|detailschange|p2a: Groudon|Groudon-Primal
|-primal|p2a: Groudon
|-weather|DesolateLand|[from] ability: Desolate Land|[of] p2a: Groudon
|move|p1a: Umbreon|Wish|p1a: Umbreon
|
|-weather|DesolateLand|[upkeep]
|-heal|p1a: Umbreon|93/100|[from] item: Leftovers
|upkeep
|turn|4
|
|t:|1634450145
|move|p2a: Groudon|Stealth Rock|p1a: Umbreon
|-sidestart|p1: NOAH MK2|move: Stealth Rock
|move|p1a: Umbreon|Toxic|p2a: Groudon|[miss]
|-miss|p1a: Umbreon|p2a: Groudon
|
|-weather|DesolateLand|[upkeep]
|-heal|p1a: Umbreon|100/100|[from] move: Wish|[wisher] Umbreon
|upkeep
|turn|5
|
|t:|1634450149
|move|p2a: Groudon|Toxic|p1a: Umbreon|[miss]
|-miss|p2a: Groudon|p1a: Umbreon
|move|p1a: Umbreon|Toxic|p2a: Groudon
|-status|p2a: Groudon|tox
|
|-weather|DesolateLand|[upkeep]
|-damage|p2a: Groudon|94/100 tox|[from] psn
|upkeep
|turn|6
|
|t:|1634450159
|move|p1a: Umbreon|Protect|p1a: Umbreon
|-singleturn|p1a: Umbreon|Protect
|move|p2a: Groudon|Toxic|p1a: Umbreon
|-activate|p1a: Umbreon|move: Protect
|
|-weather|DesolateLand|[upkeep]
|-damage|p2a: Groudon|82/100 tox|[from] psn
|upkeep
|turn|7
|
|t:|1634450179
|switch|p1a: Regirock|Regirock|100/100
|-damage|p1a: Regirock|88/100|[from] Stealth Rock
|move|p2a: Groudon|Earthquake|p1a: Regirock
|-supereffective|p1a: Regirock
|-damage|p1a: Regirock|54/100
|
|-weather|DesolateLand|[upkeep]
|-damage|p2a: Groudon|64/100 tox|[from] psn
|upkeep
|turn|8
|
|t:|1634450186
|move|p2a: Groudon|Earthquake|p1a: Regirock
|-supereffective|p1a: Regirock
|-damage|p1a: Regirock|15/100
|move|p1a: Regirock|Stealth Rock|p2a: Groudon
|-sidestart|p2: IanBrandonSomethng|move: Stealth Rock
|
|-weather|DesolateLand|[upkeep]
|-damage|p2a: Groudon|40/100 tox|[from] psn
|-sideend|p1: NOAH MK2|Reflect
|upkeep
|turn|9
|-enditem|p1a: Regirock|Custap Berry|[eat]
|-activate|p1a: Regirock|item: Custap Berry|[consumed]
|
|t:|1634450195
|move|p1a: Regirock|Explosion|p2a: Groudon
|-damage|p2a: Groudon|0 fnt
|faint|p1a: Regirock
|faint|p2a: Groudon
|-weather|none
|
|upkeep
|
|t:|1634450203
|switch|p2a: Ho-Oh|Ho-Oh|100/100
|switch|p1a: Klefki|Klefki, F|100/100
|-damage|p1a: Klefki|95/100|[from] Stealth Rock
|turn|10
|
|t:|1634450208
|switch|p1a: Umbreon|Umbreon, M|100/100
|-damage|p1a: Umbreon|88/100|[from] Stealth Rock
|move|p2a: Ho-Oh|Sacred Fire|p1a: Umbreon
|-damage|p1a: Umbreon|51/100
|-status|p1a: Umbreon|brn
|-activate|p1a: Umbreon|ability: Synchronize
|-immune|p2a: Ho-Oh
|
|-heal|p1a: Umbreon|57/100 brn|[from] item: Leftovers
|-damage|p1a: Umbreon|51/100 brn|[from] brn
|upkeep
|turn|11
|
|t:|1634450214
|switch|p2a: Zacian|Zacian-Crowned|100/100
|-damage|p2a: Zacian|94/100|[from] Stealth Rock
|-ability|p2a: Zacian|Intrepid Sword|boost
|-boost|p2a: Zacian|atk|1
|move|p1a: Umbreon|Toxic|p2a: Zacian
|-immune|p2a: Zacian
|
|-heal|p1a: Umbreon|57/100 brn|[from] item: Leftovers
|-damage|p1a: Umbreon|51/100 brn|[from] brn
|upkeep
|turn|12
|
|t:|1634450218
|switch|p1a: Groudon|Groudon|100/100
|-damage|p1a: Groudon|94/100|[from] Stealth Rock
|detailschange|p1a: Groudon|Groudon-Primal
|-primal|p1a: Groudon
|-weather|DesolateLand|[from] ability: Desolate Land|[of] p1a: Groudon
|move|p2a: Zacian|Substitute|p2a: Zacian
|-start|p2a: Zacian|Substitute
|-damage|p2a: Zacian|69/100
|
|-weather|DesolateLand|[upkeep]
|upkeep
|turn|13
|
|t:|1634450221
|move|p2a: Zacian|Close Combat|p1a: Groudon
|-damage|p1a: Groudon|42/100
|-unboost|p2a: Zacian|def|1
|-unboost|p2a: Zacian|spd|1
|move|p1a: Groudon|Fire Punch|p2a: Zacian
|-supereffective|p2a: Zacian
|-end|p2a: Zacian|Substitute
|
|-weather|DesolateLand|[upkeep]
|upkeep
|turn|14
|
|t:|1634450227
|move|p2a: Zacian|Close Combat|p1a: Groudon
|-damage|p1a: Groudon|0 fnt
|-unboost|p2a: Zacian|def|1
|-unboost|p2a: Zacian|spd|1
|faint|p1a: Groudon
|-weather|none
|
|upkeep
|
|t:|1634450229
|switch|p1a: Klefki|Klefki, F|95/100
|-damage|p1a: Klefki|89/100|[from] Stealth Rock
|turn|15
|
|t:|1634450232
|switch|p2a: Yveltal|Yveltal|91/100
|-damage|p2a: Yveltal|66/100|[from] Stealth Rock
|-ability|p2a: Yveltal|Dark Aura
|move|p1a: Klefki|Reflect|p1a: Klefki
|-sidestart|p1: NOAH MK2|Reflect
|
|upkeep
|turn|16
|
|t:|1634450235
|move|p1a: Klefki|Light Screen|p1a: Klefki
|-sidestart|p1: NOAH MK2|move: Light Screen
|move|p2a: Yveltal|Heat Wave|p1a: Klefki
|-supereffective|p1a: Klefki
|-damage|p1a: Klefki|35/100
|-damage|p2a: Yveltal|56/100|[from] item: Life Orb
|
|upkeep
|turn|17
|
|t:|1634450242
|switch|p1a: Umbreon|Umbreon, M|51/100 brn
|-damage|p1a: Umbreon|39/100 brn|[from] Stealth Rock
|move|p2a: Yveltal|Dark Pulse|p1a: Umbreon
|-resisted|p1a: Umbreon
|-damage|p1a: Umbreon|29/100 brn
|-damage|p2a: Yveltal|46/100|[from] item: Life Orb
|
|-heal|p1a: Umbreon|36/100 brn|[from] item: Leftovers
|-damage|p1a: Umbreon|29/100 brn|[from] brn
|upkeep
|turn|18
|
|t:|1634450249
|switch|p2a: Zacian|Zacian-Crowned|69/100
|-damage|p2a: Zacian|63/100|[from] Stealth Rock
|-ability|p2a: Zacian|Intrepid Sword|boost
|-boost|p2a: Zacian|atk|1
|move|p1a: Umbreon|Wish|p1a: Umbreon
|
|-heal|p1a: Umbreon|36/100 brn|[from] item: Leftovers
|-damage|p1a: Umbreon|29/100 brn|[from] brn
|upkeep
|turn|19
|
|t:|1634450255
|move|p2a: Zacian|Substitute|p2a: Zacian
|-start|p2a: Zacian|Substitute
|-damage|p2a: Zacian|38/100
|move|p1a: Umbreon|Foul Play|p2a: Zacian
|-resisted|p2a: Zacian
|-activate|p2a: Zacian|move: Substitute|[damage]
|
|-heal|p1a: Umbreon|79/100 brn|[from] move: Wish|[wisher] Umbreon
|-heal|p1a: Umbreon|86/100 brn|[from] item: Leftovers
|-damage|p1a: Umbreon|79/100 brn|[from] brn
|upkeep
|turn|20
|
|t:|1634450261
|move|p2a: Zacian|Close Combat|p1a: Umbreon
|-supereffective|p1a: Umbreon
|-damage|p1a: Umbreon|22/100 brn
|-unboost|p2a: Zacian|def|1
|-unboost|p2a: Zacian|spd|1
|move|p1a: Umbreon|Foul Play|p2a: Zacian
|-resisted|p2a: Zacian
|-end|p2a: Zacian|Substitute
|
|-heal|p1a: Umbreon|28/100 brn|[from] item: Leftovers
|-damage|p1a: Umbreon|22/100 brn|[from] brn
|upkeep
|turn|21
|
|t:|1634450269
|move|p2a: Zacian|Substitute|p2a: Zacian
|-start|p2a: Zacian|Substitute
|-damage|p2a: Zacian|13/100
|move|p1a: Umbreon|Foul Play|p2a: Zacian
|-resisted|p2a: Zacian
|-end|p2a: Zacian|Substitute
|
|-heal|p1a: Umbreon|28/100 brn|[from] item: Leftovers
|-damage|p1a: Umbreon|22/100 brn|[from] brn
|upkeep
|turn|22
|
|t:|1634450277
|move|p2a: Zacian|Behemoth Blade|p1a: Umbreon
|-crit|p1a: Umbreon
|-damage|p1a: Umbreon|0 fnt
|faint|p1a: Umbreon
|
|-sideend|p1: NOAH MK2|Reflect
|upkeep
|
|t:|1634450280
|switch|p1a: Klefki|Klefki, F|35/100
|-damage|p1a: Klefki|29/100|[from] Stealth Rock
|turn|23
|
|t:|1634450283
|move|p1a: Klefki|Reflect|p1a: Klefki
|-sidestart|p1: NOAH MK2|Reflect
|move|p2a: Zacian|Behemoth Blade|p1a: Klefki
|-damage|p1a: Klefki|0 fnt
|faint|p1a: Klefki
|
|-sideend|p1: NOAH MK2|move: Light Screen
|upkeep
|
|t:|1634450287
|switch|p1a: Calyrex|Calyrex-Ice|100/100
|-ability|p1a: Calyrex|As One
|-ability|p1a: Calyrex|Unnerve
|-damage|p1a: Calyrex|76/100|[from] Stealth Rock
|turn|24
|
|t:|1634450289
|move|p2a: Zacian|Behemoth Blade|p1a: Calyrex
|-supereffective|p1a: Calyrex
|-damage|p1a: Calyrex|23/100
|-enditem|p1a: Calyrex|Weakness Policy
|-boost|p1a: Calyrex|atk|2|[from] item: Weakness Policy
|-boost|p1a: Calyrex|spa|2|[from] item: Weakness Policy
|move|p1a: Calyrex|Trick Room|p1a: Calyrex
|-fieldstart|move: Trick Room|[of] p1a: Calyrex
|
|upkeep
|turn|25
|
|t:|1634450294
|move|p1a: Calyrex|Glacial Lance|p2a: Zacian
|-resisted|p2a: Zacian
|-damage|p2a: Zacian|0 fnt
|faint|p2a: Zacian
|-ability|p1a: Calyrex|Chilling Neigh|boost
|-boost|p1a: Calyrex|atk|1
|
|upkeep
|
|t:|1634450298
|switch|p2a: Yveltal|Yveltal|46/100
|-damage|p2a: Yveltal|21/100|[from] Stealth Rock
|-ability|p2a: Yveltal|Dark Aura
|turn|26
|
|t:|1634450303
|-start|p1a: Calyrex|Dynamax
|-heal|p1a: Calyrex|23/100|[silent]
|move|p2a: Yveltal|Sucker Punch|p1a: Calyrex
|-supereffective|p1a: Calyrex
|-damage|p1a: Calyrex|9/100
|-damage|p2a: Yveltal|11/100|[from] item: Life Orb
|move|p1a: Calyrex|Max Hailstorm|p2a: Yveltal
|-supereffective|p2a: Yveltal
|-damage|p2a: Yveltal|0 fnt
|-weather|Hail
|faint|p2a: Yveltal
|-ability|p1a: Calyrex|Chilling Neigh|boost
|-boost|p1a: Calyrex|atk|1
|
|-weather|Hail|[upkeep]
|upkeep
|
|t:|1634450305
|switch|p2a: Rayquaza|Rayquaza|100/100
|-damage|p2a: Rayquaza|76/100|[from] Stealth Rock
|-ability|p2a: Rayquaza|Air Lock
|turn|27
|
|t:|1634450308
|detailschange|p2a: Rayquaza|Rayquaza-Mega
|-mega|p2a: Rayquaza|Rayquaza|
|-weather|DeltaStream|[from] ability: Delta Stream|[of] p2a: Rayquaza
|move|p2a: Rayquaza|Extreme Speed|p1a: Calyrex
|-damage|p1a: Calyrex|1/100
|move|p1a: Calyrex|Max Hailstorm|p2a: Rayquaza
|-activate||deltastream
|-supereffective|p2a: Rayquaza
|-damage|p2a: Rayquaza|0 fnt
|faint|p2a: Rayquaza
|-weather|none
|-ability|p1a: Calyrex|Chilling Neigh|boost
|-boost|p1a: Calyrex|atk|1
|
|upkeep
|
|t:|1634450313
|switch|p2a: Ho-Oh|Ho-Oh|100/100
|turn|28
|
|t:|1634450342
|move|p1a: Calyrex|Max Guard|p1a: Calyrex
|-singleturn|p1a: Calyrex|Max Guard
|move|p2a: Ho-Oh|Sacred Fire|p1a: Calyrex
|-activate|p1a: Calyrex|move: Max Guard
|
|-fieldend|move: Trick Room
|-end|p1a: Calyrex|Dynamax
|-heal|p1a: Calyrex|1/100|[silent]
|upkeep
|turn|29
|
|t:|1634450348
|move|p2a: Ho-Oh|Sacred Fire|p1a: Calyrex
|-supereffective|p1a: Calyrex
|-damage|p1a: Calyrex|0 fnt
|faint|p1a: Calyrex
|
|upkeep
|
|t:|1634450350
|switch|p1a: Rayquaza|Rayquaza|100/100
|-damage|p1a: Rayquaza|76/100|[from] Stealth Rock
|-ability|p1a: Rayquaza|Air Lock
|turn|30
|
|t:|1634450354
|detailschange|p1a: Rayquaza|Rayquaza-Mega
|-mega|p1a: Rayquaza|Rayquaza|
|-weather|DeltaStream|[from] ability: Delta Stream|[of] p1a: Rayquaza
|move|p1a: Rayquaza|Dragon Dance|p1a: Rayquaza
|-boost|p1a: Rayquaza|atk|1
|-boost|p1a: Rayquaza|spe|1
|move|p2a: Ho-Oh|Sacred Fire|p1a: Rayquaza
|-resisted|p1a: Rayquaza
|-damage|p1a: Rayquaza|66/100
|-status|p1a: Rayquaza|brn
|
|-weather|DeltaStream|[upkeep]
|-damage|p1a: Rayquaza|60/100 brn|[from] brn
|-sideend|p1: NOAH MK2|Reflect
|upkeep
|turn|31
|
|t:|1634450357
|move|p1a: Rayquaza|Dragon Dance|p1a: Rayquaza
|-boost|p1a: Rayquaza|atk|1
|-boost|p1a: Rayquaza|spe|1
|move|p2a: Ho-Oh|Sacred Fire|p1a: Rayquaza
|-resisted|p1a: Rayquaza
|-damage|p1a: Rayquaza|40/100 brn
|
|-weather|DeltaStream|[upkeep]
|-damage|p1a: Rayquaza|34/100 brn|[from] brn
|upkeep
|turn|32
|
|t:|1634450361
|move|p1a: Rayquaza|Dragon Ascent|p2a: Ho-Oh
|-damage|p2a: Ho-Oh|20/100
|-unboost|p1a: Rayquaza|def|1
|-unboost|p1a: Rayquaza|spd|1
|-damage|p1a: Rayquaza|24/100 brn|[from] item: Life Orb
|move|p2a: Ho-Oh|Sacred Fire|p1a: Rayquaza
|-resisted|p1a: Rayquaza
|-damage|p1a: Rayquaza|0 fnt
|faint|p1a: Rayquaza
|-weather|none
|
|win|IanBrandonSomethng
|raw|NOAH MK2's rating: 1680 &rarr; <strong>1675</strong><br />(-5 for losing)
|raw|IanBrandonSomethng's rating: 2003 &rarr; <strong>2008</strong><br />(+5 for winning)
|l|☆NOAH MK2
