|j|☆RUiNtheExtinct
|j|☆carrier ant attack
|t:|1642773482
|gametype|singles
|player|p1|RUiNtheExtinct|red-gen7|
|player|p2|carrier ant attack|lusamine-nihilego|
|teamsize|p1|6
|teamsize|p2|6
|gen|8
|tier|[Gen 8] National Dex AG
|rule|HP Percentage Mod: HP is shown in percentages
|rule|Endless Battle Clause: Forcing endless battles is banned
|clearpoke
|poke|p1|Ditto|
|poke|p1|Yveltal|
|poke|p1|Arceus-*|
|poke|p1|Groudon|
|poke|p1|Rayquaza|
|poke|p1|Zygarde|
|poke|p2|Arceus-*|
|poke|p2|Rayquaza|
|poke|p2|Necrozma-Dusk-Mane|
|poke|p2|Yveltal|
|poke|p2|Ditto|
|poke|p2|Arceus-*|
|teampreview
|inactive|Battle timer is ON: inactive players will automatically lose when time's up. (requested by carrier ant attack)
|
|t:|1642773497
|start
|switch|p1a: Rayquaza|Rayquaza|100/100
|switch|p2a: Large Blocker|Arceus-Fairy|100/100
|-ability|p1a: Rayquaza|Air Lock
|turn|1
|inactive|carrier ant attack has 270 seconds left.
|inactive|carrier ant attack has 240 seconds left.
|inactive|carrier ant attack has 210 seconds left.
|
|t:|1642773591
|switch|p1a: Groudon|Groudon|100/100
|detailschange|p1a: Groudon|Groudon-Primal
|-primal|p1a: Groudon
|-weather|DesolateLand|[from] ability: Desolate Land|[of] p1a: Groudon
|move|p2a: Large Blocker|Will-O-Wisp|p1a: Groudon
|-immune|p1a: Groudon
|
|-weather|DesolateLand|[upkeep]
|upkeep
|turn|2
|inactive|carrier ant attack has 210 seconds left.
|
|t:|1642773602
|switch|p2a: Cabal On the Field|Arceus-Ground|100/100
|move|p1a: Groudon|Stealth Rock|p2a: Cabal On the Field
|-sidestart|p2: carrier ant attack|move: Stealth Rock
|
|-weather|DesolateLand|[upkeep]
|upkeep
|turn|3
|
|t:|1642773610
|move|p2a: Cabal On the Field|Swords Dance|p2a: Cabal On the Field
|-boost|p2a: Cabal On the Field|atk|2
|move|p1a: Groudon|Precipice Blades|p2a: Cabal On the Field|[miss]
|-miss|p1a: Groudon|p2a: Cabal On the Field
|
|-weather|DesolateLand|[upkeep]
|upkeep
|turn|4
|
|t:|1642773619
|-weather|none
|switch|p1a: Zygarde|Zygarde|100/100
|move|p2a: Cabal On the Field|Earthquake|p1a: Zygarde
|-damage|p1a: Zygarde|17/100
|
|-heal|p1a: Zygarde|23/100|[from] item: Leftovers
|-activate|p1a: Zygarde|ability: Power Construct
|detailschange|p1a: Zygarde|Zygarde-Complete
|-heal|p1a: Zygarde|49/100|[silent]
|upkeep
|turn|5
|
|t:|1642773630
|move|p2a: Cabal On the Field|Earthquake|p1a: Zygarde
|-damage|p1a: Zygarde|0 fnt
|faint|p1a: Zygarde
|
|upkeep
|
|t:|1642773634
|switch|p1a: Ditto|Ditto|100/100
|-transform|p1a: Ditto|p2a: Cabal On the Field|[from] ability: Imposter
|turn|6
|
|t:|1642773640
|-start|p2a: Cabal On the Field|Dynamax
|-heal|p2a: Cabal On the Field|100/100|[silent]
|move|p1a: Ditto|Earthquake|p2a: Cabal On the Field
|-damage|p2a: Cabal On the Field|65/100
|move|p2a: Cabal On the Field|Max Quake|p1a: Ditto
|-damage|p1a: Ditto|0 fnt
|-boost|p2a: Cabal On the Field|spd|1
|faint|p1a: Ditto
|
|upkeep
|
|t:|1642773656
|switch|p1a: Arceus|Arceus-Flying|100/100
|turn|7
|
|t:|1642773660
|-start|p1a: Arceus|Dynamax
|-heal|p1a: Arceus|100/100|[silent]
|move|p2a: Cabal On the Field|Max Rockfall|p1a: Arceus
|-supereffective|p1a: Arceus
|-damage|p1a: Arceus|43/100
|-weather|Sandstorm
|move|p1a: Arceus|Max Airstream|p2a: Cabal On the Field
|-damage|p2a: Cabal On the Field|32/100
|-boost|p1a: Arceus|spe|1
|
|-weather|Sandstorm|[upkeep]
|-damage|p1a: Arceus|40/100|[from] Sandstorm
|upkeep
|turn|8
|
|t:|1642773673
|move|p1a: Arceus|Max Airstream|p2a: Cabal On the Field
|-damage|p2a: Cabal On the Field|2/100
|-boost|p1a: Arceus|spe|1
|move|p2a: Cabal On the Field|Max Rockfall|p1a: Arceus
|-supereffective|p1a: Arceus
|-damage|p1a: Arceus|0 fnt
|faint|p1a: Arceus
|
|-weather|Sandstorm|[upkeep]
|-end|p2a: Cabal On the Field|Dynamax
|-heal|p2a: Cabal On the Field|2/100|[silent]
|upkeep
|c|☆RUiNtheExtinct|gg
|-message|RUiNtheExtinct forfeited.
|
|win|carrier ant attack
|l|☆RUiNtheExtinct
