|j|☆iroeweuio
|j|☆SaintLaplace
|t:|1662776327
|gametype|singles
|player|p1|iroeweuio|2|1696
|player|p2|SaintLaplace|hilda-wonderlauncher|1817
|teamsize|p1|6
|teamsize|p2|6
|gen|8
|tier|[Gen 8] National Dex AG
|rated|
|rule|HP Percentage Mod: HP is shown in percentages
|rule|Endless Battle Clause: Forcing endless battles is banned
|clearpoke
|poke|p1|Chatot, F|
|poke|p1|Weavile, M|
|poke|p1|Giratina-Origin|
|poke|p1|Ditto|
|poke|p1|Breloom, F|
|poke|p1|Wobbuffet, F|
|poke|p2|Necrozma-Dusk-Mane|
|poke|p2|Marshadow|
|poke|p2|Zygarde|
|poke|p2|Calyrex-Shadow|
|poke|p2|Rayquaza|
|poke|p2|Arceus-*|
|teampreview
|inactive|Battle timer is ON: inactive players will automatically lose when time's up. (requested by SaintLaplace)
|
|t:|1662776346
|start
|switch|p1a: Weavile|Weavile, M|100/100
|switch|p2a: Arceus|Arceus|100/100
|-ability|p1a: Weavile|Pressure
|turn|1
|
|t:|1662776364
|switch|p1a: Giratina|Giratina-Origin|100/100
|move|p2a: Arceus|Thunder Wave|p1a: Giratina
|-status|p1a: Giratina|par
|
|upkeep
|turn|2
|
|t:|1662776383
|move|p2a: Arceus|Stealth Rock|p1a: Giratina
|-sidestart|p1: iroeweuio|move: Stealth Rock
|move|p1a: Giratina|Dragon Tail|p2a: Arceus|[miss]
|-miss|p1a: Giratina|p2a: Arceus
|
|upkeep
|turn|3
|
|t:|1662776388
|move|p2a: Arceus|Roar|p1a: Giratina
|drag|p1a: Chatot|Chatot, F|100/100
|-damage|p1a: Chatot|76/100|[from] Stealth Rock
|
|upkeep
|turn|4
|
|t:|1662776395
|move|p2a: Arceus|Thunder Wave|p1a: Chatot
|-status|p1a: Chatot|par
|move|p1a: Chatot|Chatter|p2a: Arceus
|-damage|p2a: Arceus|79/100
|-start|p2a: Arceus|confusion
|-enditem|p2a: Arceus|Red Card|[of] p1a: Chatot
|drag|p1a: Giratina|Giratina-Origin|100/100 par
|-damage|p1a: Giratina|88/100 par|[from] Stealth Rock
|
|upkeep
|turn|5
|
|t:|1662776405
|-activate|p2a: Arceus|confusion
|move|p2a: Arceus|Roar|p1a: Giratina
|drag|p1a: Weavile|Weavile, M|100/100
|-damage|p1a: Weavile|76/100|[from] Stealth Rock
|-ability|p1a: Weavile|Pressure
|
|-heal|p1a: Weavile|82/100|[from] item: Leftovers
|upkeep
|turn|6
|
|t:|1662776411
|move|p1a: Weavile|Assist|p1a: Weavile
|move|p1a: Weavile|Spore|p2a: Arceus|[from]move: Assist
|-status|p2a: Arceus|slp|[from] move: Spore
|cant|p2a: Arceus|slp
|
|-heal|p1a: Weavile|88/100|[from] item: Leftovers
|upkeep
|turn|7
|
|t:|1662776415
|move|p1a: Weavile|Triple Axel|p2a: Arceus
|-damage|p2a: Arceus|72/100 slp
|-damage|p2a: Arceus|59/100 slp
|-crit|p2a: Arceus
|-damage|p2a: Arceus|30/100 slp
|-hitcount|p2a: Arceus|3
|cant|p2a: Arceus|slp
|
|-heal|p1a: Weavile|94/100|[from] item: Leftovers
|upkeep
|turn|8
|
|t:|1662776421
|move|p1a: Weavile|Substitute|p1a: Weavile
|-start|p1a: Weavile|Substitute
|-damage|p1a: Weavile|69/100
|-curestatus|p2a: Arceus|slp|[msg]
|-activate|p2a: Arceus|confusion
|-damage|p2a: Arceus|24/100|[from] confusion
|
|-heal|p1a: Weavile|75/100|[from] item: Leftovers
|upkeep
|turn|9
|
|t:|1662776426
|move|p1a: Weavile|Triple Axel|p2a: Arceus
|-damage|p2a: Arceus|17/100
|-damage|p2a: Arceus|3/100
|-hitcount|p2a: Arceus|2
|-end|p2a: Arceus|confusion
|move|p2a: Arceus|Roar|p1a: Weavile
|drag|p1a: Giratina|Giratina-Origin|88/100 par
|-damage|p1a: Giratina|76/100 par|[from] Stealth Rock
|
|upkeep
|turn|10
|
|t:|1662776434
|move|p2a: Arceus|Roar|p1a: Giratina
|drag|p1a: Breloom|Breloom, F|100/100
|-damage|p1a: Breloom|94/100|[from] Stealth Rock
|
|-status|p1a: Breloom|tox|[from] item: Toxic Orb
|upkeep
|turn|11
|
|t:|1662776439
|move|p1a: Breloom|Spore|p2a: Arceus
|-status|p2a: Arceus|slp|[from] move: Spore
|cant|p2a: Arceus|slp
|
|-heal|p1a: Breloom|100/100 tox|[from] ability: Poison Heal
|upkeep
|turn|12
|
|t:|1662776443
|switch|p1a: Ditto|Ditto|100/100
|-damage|p1a: Ditto|88/100|[from] Stealth Rock
|-transform|p1a: Ditto|p2a: Arceus|[from] ability: Imposter
|cant|p2a: Arceus|slp
|
|upkeep
|turn|13
|
|t:|1662776449
|move|p1a: Ditto|Stealth Rock|p2a: Arceus
|-sidestart|p2: SaintLaplace|move: Stealth Rock
|-curestatus|p2a: Arceus|slp|[msg]
|move|p2a: Arceus|Roar|p1a: Ditto
|drag|p1a: Breloom|Breloom, F|100/100 tox
|-damage|p1a: Breloom|94/100 tox|[from] Stealth Rock
|
|-heal|p1a: Breloom|100/100 tox|[from] ability: Poison Heal
|upkeep
|turn|14
|
|t:|1662776461
|move|p1a: Breloom|Feint|p2a: Arceus
|-damage|p2a: Arceus|0 fnt
|faint|p2a: Arceus
|
|upkeep
|
|t:|1662776471
|switch|p2a: Zygarde|Zygarde|100/100
|-damage|p2a: Zygarde|94/100|[from] Stealth Rock
|turn|15
|
|t:|1662776475
|-singleturn|p1a: Breloom|move: Focus Punch
|move|p2a: Zygarde|Dragon Dance|p2a: Zygarde
|-boost|p2a: Zygarde|atk|1
|-boost|p2a: Zygarde|spe|1
|move|p1a: Breloom|Focus Punch|p2a: Zygarde
|-damage|p2a: Zygarde|30/100
|
|-activate|p2a: Zygarde|ability: Power Construct
|detailschange|p2a: Zygarde|Zygarde-Complete
|-heal|p2a: Zygarde|56/100|[silent]
|upkeep
|turn|16
|
|t:|1662776486
|-start|p2a: Zygarde|Dynamax|
|-heal|p2a: Zygarde|56/100|[silent]
|move|p2a: Zygarde|Max Quake|p1a: Breloom
|-resisted|p1a: Breloom
|-damage|p1a: Breloom|32/100 tox
|-boost|p2a: Zygarde|spd|1
|move|p1a: Breloom|Spore|p2a: Zygarde
|-status|p2a: Zygarde|slp|[from] move: Spore
|-enditem|p2a: Zygarde|Chesto Berry|[eat]
|-curestatus|p2a: Zygarde|slp|[msg]
|
|-heal|p1a: Breloom|45/100 tox|[from] ability: Poison Heal
|upkeep
|turn|17
|
|t:|1662776496
|switch|p1a: Chatot|Chatot, F|76/100 par
|-damage|p1a: Chatot|51/100 par|[from] Stealth Rock
|move|p2a: Zygarde|Max Rockfall|p1a: Chatot
|-supereffective|p1a: Chatot
|-damage|p1a: Chatot|0 fnt
|-weather|Sandstorm
|faint|p1a: Chatot
|
|-weather|Sandstorm|[upkeep]
|upkeep
|
|t:|1662776499
|switch|p1a: Breloom|Breloom, F|45/100 tox
|-damage|p1a: Breloom|38/100 tox|[from] Stealth Rock
|turn|18
|
|t:|1662776502
|move|p1a: Breloom|Protect|p1a: Breloom
|-singleturn|p1a: Breloom|Protect
|move|p2a: Zygarde|Max Rockfall|p1a: Breloom
|-resisted|p1a: Breloom
|-zbroken|p1a: Breloom
|-damage|p1a: Breloom|28/100 tox
|
|-weather|Sandstorm|[upkeep]
|-damage|p1a: Breloom|22/100 tox|[from] Sandstorm
|-heal|p1a: Breloom|34/100 tox|[from] ability: Poison Heal
|upkeep
|-end|p2a: Zygarde|Dynamax
|-heal|p2a: Zygarde|56/100|[silent]
|turn|19
|
|t:|1662776505
|move|p2a: Zygarde|Thousand Arrows|p1a: Breloom
|-resisted|p1a: Breloom
|-damage|p1a: Breloom|0 fnt
|faint|p1a: Breloom
|
|-weather|Sandstorm|[upkeep]
|upkeep
|
|t:|1662776510
|switch|p1a: Wobbuffet|Wobbuffet, F|100/100
|-damage|p1a: Wobbuffet|88/100|[from] Stealth Rock
|turn|20
|
|t:|1662776515
|move|p2a: Zygarde|Thousand Arrows|p1a: Wobbuffet
|-damage|p1a: Wobbuffet|33/100
|move|p1a: Wobbuffet|Counter|p2a: Zygarde
|-damage|p2a: Zygarde|0 fnt
|faint|p2a: Zygarde
|
|-weather|Sandstorm|[upkeep]
|-damage|p1a: Wobbuffet|27/100|[from] Sandstorm
|upkeep
|
|t:|1662776524
|switch|p2a: Calyrex|Calyrex-Shadow|100/100
|-ability|p2a: Calyrex|As One
|-ability|p2a: Calyrex|Unnerve
|-damage|p2a: Calyrex|88/100|[from] Stealth Rock
|turn|21
|
|t:|1662776530
|switch|p1a: Giratina|Giratina-Origin|76/100 par
|-damage|p1a: Giratina|63/100 par|[from] Stealth Rock
|move|p2a: Calyrex|Astral Barrage|p1a: Giratina
|-supereffective|p1a: Giratina
|-damage|p1a: Giratina|0 fnt
|faint|p1a: Giratina
|-ability|p2a: Calyrex|Grim Neigh|boost
|-boost|p2a: Calyrex|spa|1
|
|-weather|none
|upkeep
|
|t:|1662776532
|switch|p1a: Ditto|Ditto|88/100
|-damage|p1a: Ditto|76/100|[from] Stealth Rock
|-transform|p1a: Ditto|p2a: Calyrex|[from] ability: Imposter
|turn|22
|
|t:|1662776535
|move|p1a: Ditto|Astral Barrage|p2a: Calyrex
|-supereffective|p2a: Calyrex
|-damage|p2a: Calyrex|0 fnt
|faint|p2a: Calyrex
|-ability|p1a: Ditto|Grim Neigh|boost
|-boost|p1a: Ditto|spa|1
|
|upkeep
|
|t:|1662776539
|switch|p2a: Marshadow|Marshadow|100/100
|-damage|p2a: Marshadow|94/100|[from] Stealth Rock
|turn|23
|
|t:|1662776543
|switch|p1a: Wobbuffet|Wobbuffet, F|27/100
|-damage|p1a: Wobbuffet|14/100|[from] Stealth Rock
|move|p2a: Marshadow|Shadow Sneak|p1a: Wobbuffet
|-supereffective|p1a: Wobbuffet
|-damage|p1a: Wobbuffet|0 fnt
|faint|p1a: Wobbuffet
|
|upkeep
|
|t:|1662776545
|switch|p1a: Weavile|Weavile, M|75/100
|-damage|p1a: Weavile|50/100|[from] Stealth Rock
|-ability|p1a: Weavile|Pressure
|turn|24
|
|t:|1662776553
|switch|p2a: Necrozma|Necrozma-Dusk-Mane|100/100
|-damage|p2a: Necrozma|95/100|[from] Stealth Rock
|move|p1a: Weavile|Assist|p1a: Weavile
|move|p1a: Weavile|Spore|p2a: Necrozma|[from]move: Assist
|-status|p2a: Necrozma|slp|[from] move: Spore
|
|-heal|p1a: Weavile|56/100|[from] item: Leftovers
|upkeep
|turn|25
|
|t:|1662776558
|move|p1a: Weavile|Substitute|p1a: Weavile
|-start|p1a: Weavile|Substitute
|-damage|p1a: Weavile|31/100
|cant|p2a: Necrozma|slp
|
|-heal|p1a: Weavile|37/100|[from] item: Leftovers
|upkeep
|turn|26
|
|t:|1662776561
|move|p1a: Weavile|Swords Dance|p1a: Weavile
|-boost|p1a: Weavile|atk|2
|cant|p2a: Necrozma|slp
|
|-heal|p1a: Weavile|43/100|[from] item: Leftovers
|upkeep
|turn|27
|
|t:|1662776565
|move|p1a: Weavile|Swords Dance|p1a: Weavile
|-boost|p1a: Weavile|atk|2
|cant|p2a: Necrozma|slp
|
|-heal|p1a: Weavile|49/100|[from] item: Leftovers
|upkeep
|turn|28
|
|t:|1662776567
|move|p1a: Weavile|Swords Dance|p1a: Weavile
|-boost|p1a: Weavile|atk|2
|-curestatus|p2a: Necrozma|slp|[msg]
|move|p2a: Necrozma|Autotomize|p2a: Necrozma
|-boost|p2a: Necrozma|spe|2
|-start|p2a: Necrozma|Autotomize
|
|-heal|p1a: Weavile|55/100|[from] item: Leftovers
|upkeep
|turn|29
|
|t:|1662776570
|move|p2a: Necrozma|Sunsteel Strike|p1a: Weavile
|-supereffective|p1a: Weavile
|-end|p1a: Weavile|Substitute
|move|p1a: Weavile|Assist|p1a: Weavile
|move|p1a: Weavile|Spore|p2a: Necrozma|[from]move: Assist
|-status|p2a: Necrozma|slp|[from] move: Spore
|
|-heal|p1a: Weavile|61/100|[from] item: Leftovers
|upkeep
|turn|30
|
|t:|1662776577
|cant|p2a: Necrozma|slp
|move|p1a: Weavile|Substitute|p1a: Weavile
|-start|p1a: Weavile|Substitute
|-damage|p1a: Weavile|36/100
|
|-heal|p1a: Weavile|42/100|[from] item: Leftovers
|upkeep
|turn|31
|
|t:|1662776579
|-curestatus|p2a: Necrozma|slp|[msg]
|move|p2a: Necrozma|Sunsteel Strike|p1a: Weavile
|-supereffective|p1a: Weavile
|-end|p1a: Weavile|Substitute
|move|p1a: Weavile|Assist|p1a: Weavile
|move|p1a: Weavile|Spore|p2a: Necrozma|[from]move: Assist
|-status|p2a: Necrozma|slp|[from] move: Spore
|
|-heal|p1a: Weavile|49/100|[from] item: Leftovers
|upkeep
|turn|32
|
|t:|1662776588
|cant|p2a: Necrozma|slp
|move|p1a: Weavile|Substitute|p1a: Weavile
|-start|p1a: Weavile|Substitute
|-damage|p1a: Weavile|24/100
|
|-heal|p1a: Weavile|30/100|[from] item: Leftovers
|upkeep
|turn|33
|
|t:|1662776590
|cant|p2a: Necrozma|slp
|move|p1a: Weavile|Assist|p1a: Weavile
|move|p1a: Weavile|Spore|p2a: Necrozma|[from]move: Assist
|-fail|p2a: Necrozma|slp
|
|-heal|p1a: Weavile|36/100|[from] item: Leftovers
|upkeep
|turn|34
|
|t:|1662776594
|-curestatus|p2a: Necrozma|slp|[msg]
|move|p2a: Necrozma|Sunsteel Strike|p1a: Weavile
|-supereffective|p1a: Weavile
|-end|p1a: Weavile|Substitute
|move|p1a: Weavile|Assist|p1a: Weavile
|move|p1a: Weavile|Spore|p2a: Necrozma|[from]move: Assist
|-status|p2a: Necrozma|slp|[from] move: Spore
|
|-heal|p1a: Weavile|42/100|[from] item: Leftovers
|upkeep
|turn|35
|
|t:|1662776598
|cant|p2a: Necrozma|slp
|move|p1a: Weavile|Substitute|p1a: Weavile
|-start|p1a: Weavile|Substitute
|-damage|p1a: Weavile|17/100
|
|-heal|p1a: Weavile|23/100|[from] item: Leftovers
|upkeep
|turn|36
|
|t:|1662776600
|cant|p2a: Necrozma|slp
|move|p1a: Weavile|Assist|p1a: Weavile
|move|p1a: Weavile|Spore|p2a: Necrozma|[from]move: Assist
|-fail|p2a: Necrozma|slp
|
|-heal|p1a: Weavile|29/100|[from] item: Leftovers
|upkeep
|turn|37
|
|t:|1662776602
|-curestatus|p2a: Necrozma|slp|[msg]
|move|p2a: Necrozma|Sunsteel Strike|p1a: Weavile
|-supereffective|p1a: Weavile
|-end|p1a: Weavile|Substitute
|move|p1a: Weavile|Assist|p1a: Weavile
|move|p1a: Weavile|Spore|p2a: Necrozma|[from]move: Assist
|-status|p2a: Necrozma|slp|[from] move: Spore
|
|-heal|p1a: Weavile|35/100|[from] item: Leftovers
|upkeep
|turn|38
|
|t:|1662776613
|cant|p2a: Necrozma|slp
|move|p1a: Weavile|Substitute|p1a: Weavile
|-start|p1a: Weavile|Substitute
|-damage|p1a: Weavile|10/100
|
|-heal|p1a: Weavile|16/100|[from] item: Leftovers
|upkeep
|turn|39
|
|t:|1662776616
|-curestatus|p2a: Necrozma|slp|[msg]
|move|p2a: Necrozma|Earthquake|p1a: Weavile
|-end|p1a: Weavile|Substitute
|move|p1a: Weavile|Triple Axel|p2a: Necrozma
|-resisted|p2a: Necrozma
|-damage|p2a: Necrozma|80/100
|-resisted|p2a: Necrozma
|-damage|p2a: Necrozma|52/100
|-resisted|p2a: Necrozma
|-damage|p2a: Necrozma|12/100
|-hitcount|p2a: Necrozma|3
|
|-heal|p1a: Weavile|22/100|[from] item: Leftovers
|upkeep
|turn|40
|
|t:|1662776625
|move|p2a: Necrozma|Earthquake|p1a: Weavile
|-damage|p1a: Weavile|0 fnt
|faint|p1a: Weavile
|
|upkeep
|
|t:|1662776632
|switch|p1a: Ditto|Ditto|76/100
|-damage|p1a: Ditto|63/100|[from] Stealth Rock
|-transform|p1a: Ditto|p2a: Necrozma|[from] ability: Imposter
|turn|41
|
|t:|1662776635
|move|p1a: Ditto|Earthquake|p2a: Necrozma
|-supereffective|p2a: Necrozma
|-damage|p2a: Necrozma|0 fnt
|faint|p2a: Necrozma
|
|upkeep
|
|t:|1662776638
|switch|p2a: Marshadow|Marshadow|94/100
|-damage|p2a: Marshadow|88/100|[from] Stealth Rock
|turn|42
|
|t:|1662776648
|-start|p1a: Ditto|Dynamax|
|-heal|p1a: Ditto|63/100|[silent]
|move|p2a: Marshadow|Shadow Sneak|p1a: Ditto
|-supereffective|p1a: Ditto
|-damage|p1a: Ditto|46/100
|move|p1a: Ditto|Max Steelspike|p2a: Marshadow
|-damage|p2a: Marshadow|0 fnt
|-boost|p1a: Ditto|def|1
|faint|p2a: Marshadow
|
|upkeep
|
|t:|1662776656
|switch|p2a: Rayquaza|Rayquaza|100/100
|-damage|p2a: Rayquaza|76/100|[from] Stealth Rock
|-ability|p2a: Rayquaza|Air Lock
|turn|43
|
|t:|1662776659
|detailschange|p2a: Rayquaza|Rayquaza-Mega
|-mega|p2a: Rayquaza|Rayquaza|
|-weather|DeltaStream|[from] ability: Delta Stream|[of] p2a: Rayquaza
|move|p1a: Ditto|Max Steelspike|p2a: Rayquaza
|-damage|p2a: Rayquaza|0 fnt
|-boost|p1a: Ditto|def|1
|faint|p2a: Rayquaza
|-weather|none
|
|win|iroeweuio
|raw|iroeweuio's rating: 1696 &rarr; <strong>1723</strong><br />(+27 for winning)
|raw|SaintLaplace's rating: 1817 &rarr; <strong>1790</strong><br />(-27 for losing)
|c|☆iroeweuio|gg
|l|☆SaintLaplace
||Ladder isn't responding, score probably updated but might not have (Request timeout).
