|j|☆AmoghOp(
|j|☆Pokemetros OP....!
|t:|1661776910
|gametype|singles
|player|p1|AmoghOp(|chili|
|player|p2|Pokemetros OP....!|mustard-master|
|teamsize|p1|6
|teamsize|p2|6
|gen|8
|tier|[Gen 8] National Dex AG
|rule|HP Percentage Mod: HP is shown in percentages
|rule|Endless Battle Clause: Forcing endless battles is banned
|clearpoke
|poke|p1|Zacian-*|
|poke|p1|Calyrex-Shadow|
|poke|p1|Necrozma-Dusk-Mane|
|poke|p1|Yveltal|
|poke|p1|Yveltal|
|poke|p1|Kyogre|
|poke|p2|Zacian-*|
|poke|p2|Rayquaza|
|poke|p2|Quagsire, M|
|poke|p2|Arceus-*|
|poke|p2|Yveltal|
|poke|p2|Necrozma-Dusk-Mane|
|teampreview
|inactive|Battle timer is ON: inactive players will automatically lose when time's up. (requested by Pokemetros OP....!)
|
|t:|1661776924
|start
|switch|p1a: Kaat Dalunga saala|Zacian-Crowned|100/100
|switch|p2a: Rayquaza|Rayquaza|100/100
|-ability|p1a: Kaat Dalunga saala|Intrepid Sword|boost
|-boost|p1a: Kaat Dalunga saala|atk|1
|-ability|p2a: Rayquaza|Air Lock
|turn|1
|
|t:|1661776930
|switch|p2a: Quagsire|Quagsire, M|100/100
|move|p1a: Kaat Dalunga saala|Play Rough|p2a: Quagsire
|-damage|p2a: Quagsire|56/100
|-damage|p1a: Kaat Dalunga saala|84/100|[from] item: Rocky Helmet|[of] p2a: Quagsire
|
|upkeep
|turn|2
|
|t:|1661776935
|switch|p1a: Calyrex|Calyrex-Shadow|100/100
|-ability|p1a: Calyrex|As One
|-ability|p1a: Calyrex|Unnerve
|switch|p2a: Necrozma|Necrozma-Dusk-Mane|100/100
|
|upkeep
|turn|3
|
|t:|1661776938
|switch|p2a: Yveltal|Yveltal|100/100
|-ability|p2a: Yveltal|Dark Aura
|move|p1a: Calyrex|Astral Barrage|p2a: Yveltal
|-resisted|p2a: Yveltal
|-crit|p2a: Yveltal
|-damage|p2a: Yveltal|54/100
|
|upkeep
|turn|4
|
|t:|1661776946
|move|p1a: Calyrex|Nasty Plot|p1a: Calyrex
|-boost|p1a: Calyrex|spa|2
|move|p2a: Yveltal|Oblivion Wing|p1a: Calyrex
|-damage|p1a: Calyrex|42/100
|-heal|p2a: Yveltal|92/100|[from] drain|[of] p1a: Calyrex
|-damage|p2a: Yveltal|82/100|[from] item: Life Orb
|
|upkeep
|turn|5
|
|t:|1661776951
|move|p2a: Yveltal|Sucker Punch||[still]
|-fail|p2a: Yveltal
|move|p1a: Calyrex|Baton Pass|p1a: Calyrex
|
|t:|1661776955
|switch|p1a: Yveltal|Yveltal|100/100|[from]move: Baton Pass
|-ability|p1a: Yveltal|Dark Aura
|
|upkeep
|turn|6
|
|t:|1661776967
|switch|p2a: Quagsire|Quagsire, M|56/100
|-start|p1a: Yveltal|Dynamax|
|-heal|p1a: Yveltal|100/100|[silent]
|move|p1a: Yveltal|Max Airstream|p2a: Quagsire
|-damage|p2a: Quagsire|0 fnt
|-boost|p1a: Yveltal|spe|1
|faint|p2a: Quagsire
|-damage|p1a: Yveltal|96/100|[from] item: Life Orb
|
|upkeep
|c|☆AmoghOp(|Gg
|
|t:|1661776978
|switch|p2a: Yveltal|Yveltal|82/100
|-ability|p2a: Yveltal|Dark Aura
|turn|7
|
|t:|1661776985
|switch|p2a: Necrozma|Necrozma-Dusk-Mane|100/100
|move|p1a: Yveltal|Max Flare|p2a: Necrozma
|-supereffective|p2a: Necrozma
|-damage|p2a: Necrozma|0 fnt
|-weather|SunnyDay
|faint|p2a: Necrozma
|-damage|p1a: Yveltal|91/100|[from] item: Life Orb
|
|-weather|SunnyDay|[upkeep]
|upkeep
|
|t:|1661776988
|switch|p2a: Arceus|Arceus-Ground|100/100
|turn|8
|
|t:|1661776991
|move|p1a: Yveltal|Max Darkness|p2a: Arceus
|-damage|p2a: Arceus|0 fnt
|faint|p2a: Arceus
|-damage|p1a: Yveltal|86/100|[from] item: Life Orb
|
|-weather|SunnyDay|[upkeep]
|upkeep
|c|☆Pokemetros OP....!|Gg
|
|t:|1661776999
|switch|p2a: Yveltal|Yveltal|82/100
|-ability|p2a: Yveltal|Dark Aura
|-end|p1a: Yveltal|Dynamax
|-heal|p1a: Yveltal|86/100|[silent]
|turn|9
|
|t:|1661777002
|-start|p2a: Yveltal|Dynamax|
|-heal|p2a: Yveltal|82/100|[silent]
|move|p1a: Yveltal|Oblivion Wing|p2a: Yveltal
|-damage|p2a: Yveltal|33/100
|-heal|p1a: Yveltal|100/100|[from] drain|[of] p2a: Yveltal
|-damage|p1a: Yveltal|91/100|[from] item: Life Orb
|move|p2a: Yveltal|Max Airstream|p1a: Yveltal
|-damage|p1a: Yveltal|11/100
|-boost|p2a: Yveltal|spe|1
|-damage|p2a: Yveltal|28/100|[from] item: Life Orb
|
|-weather|SunnyDay|[upkeep]
|upkeep
|turn|10
|
|t:|1661777007
|move|p2a: Yveltal|Max Airstream|p1a: Yveltal
|-damage|p1a: Yveltal|0 fnt
|-boost|p2a: Yveltal|spe|1
|faint|p1a: Yveltal
|-damage|p2a: Yveltal|23/100|[from] item: Life Orb
|
|-weather|SunnyDay|[upkeep]
|upkeep
|c|☆AmoghOp(|Bruh
|c|☆AmoghOp(|Speed tie
|
|t:|1661777014
|switch|p1a: Kaat Dalunga saala|Zacian-Crowned|84/100
|-ability|p1a: Kaat Dalunga saala|Intrepid Sword|boost
|-boost|p1a: Kaat Dalunga saala|atk|1
|turn|11
|c|☆Pokemetros OP....!|:0 q attack incoming
|
|t:|1661777028
|move|p1a: Kaat Dalunga saala|Quick Attack|p2a: Yveltal
|-damage|p2a: Yveltal|7/100
|move|p2a: Yveltal|Max Flare|p1a: Kaat Dalunga saala
|-supereffective|p1a: Kaat Dalunga saala
|-damage|p1a: Kaat Dalunga saala|0 fnt
|faint|p1a: Kaat Dalunga saala
|-damage|p2a: Yveltal|3/100|[from] item: Life Orb
|
|-weather|none
|upkeep
|
|t:|1661777031
|switch|p1a: Yveltal|Yveltal|100/100
|-ability|p1a: Yveltal|Dark Aura
|-end|p2a: Yveltal|Dynamax
|-heal|p2a: Yveltal|3/100|[silent]
|turn|12
|
|t:|1661777037
|switch|p2a: Zacian|Zacian-Crowned|100/100
|-ability|p2a: Zacian|Intrepid Sword|boost
|-boost|p2a: Zacian|atk|1
|move|p1a: Yveltal|U-turn|p2a: Zacian
|-resisted|p2a: Zacian
|-damage|p2a: Zacian|96/100
|
|t:|1661777039
|switch|p1a: Kyogre|Kyogre|100/100|[from]move: U-turn
|-weather|RainDance|[from] ability: Drizzle|[of] p1a: Kyogre
|
|-weather|RainDance|[upkeep]
|upkeep
|turn|13
|
|t:|1661777043
|switch|p2a: Yveltal|Yveltal|3/100
|-ability|p2a: Yveltal|Dark Aura
|move|p1a: Kyogre|Water Spout|p2a: Yveltal
|-damage|p2a: Yveltal|0 fnt
|faint|p2a: Yveltal
|
|-weather|RainDance|[upkeep]
|upkeep
|
|t:|1661777045
|switch|p2a: Rayquaza|Rayquaza|100/100
|-ability|p2a: Rayquaza|Air Lock
|turn|14
|
|t:|1661777049
|switch|p1a: Necrozma|Necrozma-Dusk-Mane|100/100
|detailschange|p2a: Rayquaza|Rayquaza-Mega
|-mega|p2a: Rayquaza|Rayquaza|
|-weather|DeltaStream|[from] ability: Delta Stream|[of] p2a: Rayquaza
|move|p2a: Rayquaza|V-create|p1a: Necrozma
|-supereffective|p1a: Necrozma
|-damage|p1a: Necrozma|5/100
|-unboost|p2a: Rayquaza|spe|1
|-unboost|p2a: Rayquaza|def|1
|-unboost|p2a: Rayquaza|spd|1
|-damage|p2a: Rayquaza|84/100|[from] item: Rocky Helmet|[of] p1a: Necrozma
|
|-weather|DeltaStream|[upkeep]
|upkeep
|turn|15
|
|t:|1661777056
|-weather|none
|switch|p2a: Zacian|Zacian-Crowned|96/100
|-ability|p2a: Zacian|Intrepid Sword|boost
|-boost|p2a: Zacian|atk|1
|move|p1a: Necrozma|Sunsteel Strike|p2a: Zacian
|-damage|p2a: Zacian|52/100
|
|upkeep
|turn|16
|
|t:|1661777061
|move|p2a: Zacian|Behemoth Blade|p1a: Necrozma
|-resisted|p1a: Necrozma
|-damage|p1a: Necrozma|0 fnt
|-damage|p2a: Zacian|35/100|[from] item: Rocky Helmet|[of] p1a: Necrozma
|faint|p1a: Necrozma
|
|upkeep
|
|t:|1661777062
|switch|p1a: Calyrex|Calyrex-Shadow|42/100
|-ability|p1a: Calyrex|As One
|-ability|p1a: Calyrex|Unnerve
|turn|17
|c|☆Pokemetros OP....!|Gg
|c|☆AmoghOp(|Gg
|c|☆Pokemetros OP....!|Ray is banded
|-message|Pokemetros OP....! forfeited.
|
|win|AmoghOp(
|l|☆Pokemetros OP....!
|c|☆AmoghOp(|Oo
