|j|☆Lazy#4341 on cord
|j|☆Goku Uchiha 2001
|t:|1664308861
|gametype|singles
|player|p1|Lazy#4341 on cord|brawly|1726
|player|p2|Goku Uchiha 2001|blue-gen3two|1842
|teamsize|p1|6
|teamsize|p2|6
|gen|8
|tier|[Gen 8] National Dex AG
|rated|
|rule|HP Percentage Mod: HP is shown in percentages
|rule|Endless Battle Clause: Forcing endless battles is banned
|clearpoke
|poke|p1|Cinderace, F|
|poke|p1|Zygarde|
|poke|p1|Necrozma-Dusk-Mane|
|poke|p1|Rayquaza|
|poke|p1|Arceus-*|
|poke|p1|Ferrothorn, F|
|poke|p2|Landorus-Therian, M|
|poke|p2|Ditto|
|poke|p2|Arceus-*|
|poke|p2|Necrozma-Dusk-Mane|
|poke|p2|Deoxys-Speed|
|poke|p2|Giratina-Origin|
|teampreview
|inactive|Battle timer is ON: inactive players will automatically lose when time's up. (requested by Goku Uchiha 2001)
|
|t:|1664308875
|start
|switch|p1a: Sora|Necrozma-Dusk-Mane, shiny|100/100
|switch|p2a: Deoxys|Deoxys-Speed|100/100
|-ability|p2a: Deoxys|Pressure
|turn|1
|
|t:|1664308880
|move|p2a: Deoxys|Taunt|p1a: Sora
|-start|p1a: Sora|move: Taunt
|move|p1a: Sora|Knock Off|p2a: Deoxys
|-supereffective|p2a: Deoxys
|-damage|p2a: Deoxys|16/100
|-enditem|p2a: Deoxys|Focus Sash|[from] move: Knock Off|[of] p1a: Sora
|
|upkeep
|turn|2
|
|t:|1664308885
|switch|p1a: Mythra|Rayquaza|100/100
|-ability|p1a: Mythra|Air Lock
|move|p2a: Deoxys|Stealth Rock|p1a: Mythra
|-sidestart|p1: Lazy#4341 on cord|move: Stealth Rock
|
|upkeep
|turn|3
|
|t:|1664308894
|detailschange|p1a: Mythra|Rayquaza-Mega
|-mega|p1a: Mythra|Rayquaza|
|-weather|DeltaStream|[from] ability: Delta Stream|[of] p1a: Mythra
|move|p1a: Mythra|Extreme Speed|p2a: Deoxys
|-damage|p2a: Deoxys|0 fnt
|faint|p2a: Deoxys
|-damage|p1a: Mythra|91/100|[from] item: Life Orb
|
|-weather|DeltaStream|[upkeep]
|upkeep
|
|t:|1664308903
|switch|p2a: Ditto|Ditto, shiny|100/100
|-transform|p2a: Ditto|p1a: Mythra|[from] ability: Imposter
|turn|4
|
|t:|1664308913
|switch|p1a: Ferrothorn|Ferrothorn, F|100/100
|-damage|p1a: Ferrothorn|94/100|[from] Stealth Rock
|move|p2a: Ditto|V-create|p1a: Ferrothorn
|-supereffective|p1a: Ferrothorn
|-damage|p1a: Ferrothorn|0 fnt
|-unboost|p2a: Ditto|spe|1
|-unboost|p2a: Ditto|def|1
|-unboost|p2a: Ditto|spd|1
|-damage|p2a: Ditto|88/100|[from] ability: Iron Barbs|[of] p1a: Ferrothorn
|faint|p1a: Ferrothorn
|
|-weather|DeltaStream|[upkeep]
|upkeep
|
|t:|1664308920
|switch|p1a: Ganon|Zygarde|100/100
|-damage|p1a: Ganon|94/100|[from] Stealth Rock
|turn|5
|
|t:|1664308928
|-weather|none
|switch|p2a: Giratina|Giratina-Origin|100/100
|move|p1a: Ganon|Glare|p2a: Giratina
|-status|p2a: Giratina|par
|
|-heal|p1a: Ganon|100/100|[from] item: Leftovers
|upkeep
|turn|6
|
|t:|1664308931
|switch|p1a: Dark Pit|Arceus-Dark|100/100
|-damage|p1a: Dark Pit|88/100|[from] Stealth Rock
|move|p2a: Giratina|Dragon Claw|p1a: Dark Pit
|-damage|p1a: Dark Pit|52/100
|
|upkeep
|turn|7
|
|t:|1664308940
|move|p1a: Dark Pit|Recover|p1a: Dark Pit
|-heal|p1a: Dark Pit|100/100
|move|p2a: Giratina|Dragon Claw|p1a: Dark Pit
|-damage|p1a: Dark Pit|66/100
|
|upkeep
|turn|8
|
|t:|1664308947
|switch|p2a: Landorus|Landorus-Therian, M|100/100
|-ability|p2a: Landorus|Intimidate|boost
|-unboost|p1a: Dark Pit|atk|1
|move|p1a: Dark Pit|Recover|p1a: Dark Pit
|-heal|p1a: Dark Pit|100/100
|
|upkeep
|turn|9
|
|t:|1664308951
|-start|p2a: Landorus|Dynamax|
|-heal|p2a: Landorus|100/100|[silent]
|move|p1a: Dark Pit|Judgment|p2a: Landorus
|-damage|p2a: Landorus|69/100
|move|p2a: Landorus|Max Knuckle|p1a: Dark Pit
|-supereffective|p1a: Dark Pit
|-damage|p1a: Dark Pit|41/100
|-boost|p2a: Landorus|atk|1
|-damage|p2a: Landorus|64/100|[from] item: Life Orb
|
|upkeep
|turn|10
|
|t:|1664308956
|switch|p1a: Ganon|Zygarde|100/100
|-damage|p1a: Ganon|94/100|[from] Stealth Rock
|move|p2a: Landorus|Max Airstream|p1a: Ganon
|-damage|p1a: Ganon|19/100
|-boost|p2a: Landorus|spe|1
|-damage|p2a: Landorus|59/100|[from] item: Life Orb
|
|-heal|p1a: Ganon|26/100|[from] item: Leftovers
|-activate|p1a: Ganon|ability: Power Construct
|detailschange|p1a: Ganon|Zygarde-Complete
|-heal|p1a: Ganon|52/100|[silent]
|upkeep
|turn|11
|
|t:|1664308963
|move|p2a: Landorus|Max Quake|p1a: Ganon
|-damage|p1a: Ganon|3/100
|-boost|p2a: Landorus|spd|1
|-damage|p2a: Landorus|54/100|[from] item: Life Orb
|move|p1a: Ganon|Glare|p2a: Landorus
|-status|p2a: Landorus|par
|
|-heal|p1a: Ganon|9/100|[from] item: Leftovers
|upkeep
|-end|p2a: Landorus|Dynamax
|-heal|p2a: Landorus|54/100 par|[silent]
|turn|12
|
|t:|1664308974
|switch|p1a: Mythra|Rayquaza-Mega|91/100
|-damage|p1a: Mythra|66/100|[from] Stealth Rock
|-weather|DeltaStream|[from] ability: Delta Stream|[of] p1a: Mythra
|cant|p2a: Landorus|par
|
|-weather|DeltaStream|[upkeep]
|upkeep
|turn|13
|
|t:|1664308980
|move|p1a: Mythra|Extreme Speed|p2a: Landorus
|-damage|p2a: Landorus|2/100 par
|-damage|p1a: Mythra|56/100|[from] item: Life Orb
|cant|p2a: Landorus|par
|
|-weather|DeltaStream|[upkeep]
|upkeep
|turn|14
|
|t:|1664308985
|move|p1a: Mythra|Extreme Speed|p2a: Landorus
|-damage|p2a: Landorus|0 fnt
|faint|p2a: Landorus
|-damage|p1a: Mythra|46/100|[from] item: Life Orb
|
|-weather|DeltaStream|[upkeep]
|upkeep
|
|t:|1664308992
|switch|p2a: Ditto|Ditto, shiny|88/100
|-transform|p2a: Ditto|p1a: Mythra|[from] ability: Imposter
|turn|15
|
|t:|1664309003
|switch|p1a: Ganon|Zygarde-Complete|9/100
|-damage|p1a: Ganon|3/100|[from] Stealth Rock
|move|p2a: Ditto|Dragon Ascent|p1a: Ganon
|-damage|p1a: Ganon|0 fnt
|-unboost|p2a: Ditto|def|1
|-unboost|p2a: Ditto|spd|1
|faint|p1a: Ganon
|
|-weather|DeltaStream|[upkeep]
|upkeep
|
|t:|1664309006
|switch|p1a: Sora|Necrozma-Dusk-Mane, shiny|100/100
|-damage|p1a: Sora|94/100|[from] Stealth Rock
|turn|16
|
|t:|1664309010
|-weather|none
|switch|p2a: Giratina|Giratina-Origin|100/100 par
|move|p1a: Sora|Stealth Rock|p2a: Giratina
|-sidestart|p2: Goku Uchiha 2001|move: Stealth Rock
|
|upkeep
|turn|17
|
|t:|1664309020
|move|p1a: Sora|Sunsteel Strike|p2a: Giratina
|-crit|p2a: Giratina
|-damage|p2a: Giratina|52/100 par
|move|p2a: Giratina|Hone Claws|p2a: Giratina
|-boost|p2a: Giratina|atk|1
|-boost|p2a: Giratina|accuracy|1
|
|upkeep
|turn|18
|
|t:|1664309025
|move|p1a: Sora|Sunsteel Strike|p2a: Giratina
|-damage|p2a: Giratina|19/100 par
|move|p2a: Giratina|Poltergeist|p1a: Sora
|-activate|p1a: Sora|move: Poltergeist|Rocky Helmet
|-supereffective|p1a: Sora
|-damage|p1a: Sora|9/100
|
|upkeep
|turn|19
|
|t:|1664309030
|move|p2a: Giratina|Shadow Sneak|p1a: Sora
|-supereffective|p1a: Sora
|-damage|p1a: Sora|0 fnt
|-damage|p2a: Giratina|2/100 par|[from] item: Rocky Helmet|[of] p1a: Sora
|faint|p1a: Sora
|
|upkeep
|
|t:|1664309037
|switch|p1a: Pyra|Cinderace, F, shiny|100/100
|-damage|p1a: Pyra|76/100|[from] Stealth Rock
|turn|20
|
|t:|1664309043
|move|p1a: Pyra|Sucker Punch|p2a: Giratina
|-start|p1a: Pyra|typechange|Dark|[from] ability: Libero
|-supereffective|p2a: Giratina
|-damage|p2a: Giratina|0 fnt
|faint|p2a: Giratina
|-damage|p1a: Pyra|66/100|[from] item: Life Orb
|
|upkeep
|
|t:|1664309049
|switch|p2a: Ditto|Ditto, shiny|88/100
|-damage|p2a: Ditto|76/100|[from] Stealth Rock
|-transform|p2a: Ditto|p1a: Pyra|[from] ability: Imposter
|turn|21
|
|t:|1664309056
|-start|p1a: Pyra|Dynamax|Gmax
|-heal|p1a: Pyra|66/100|[silent]
|move|p2a: Ditto|Pyro Ball|p1a: Pyra
|-start|p2a: Ditto|typechange|Fire|[from] ability: Libero
|-damage|p1a: Pyra|23/100
|move|p1a: Pyra|Max Airstream|p2a: Ditto
|-start|p1a: Pyra|typechange|Flying|[from] ability: Libero
|-damage|p2a: Ditto|0 fnt
|-boost|p1a: Pyra|spe|1
|faint|p2a: Ditto
|-damage|p1a: Pyra|18/100|[from] item: Life Orb
|
|upkeep
|
|t:|1664309068
|switch|p2a: Arceus|Arceus|100/100
|-damage|p2a: Arceus|88/100|[from] Stealth Rock
|turn|22
|
|t:|1664309072
|move|p2a: Arceus|Extreme Speed|p1a: Pyra
|-damage|p1a: Pyra|0 fnt
|faint|p1a: Pyra
|
|upkeep
|
|t:|1664309074
|switch|p1a: Dark Pit|Arceus-Dark|41/100
|-damage|p1a: Dark Pit|29/100|[from] Stealth Rock
|turn|23
|
|t:|1664309076
|move|p2a: Arceus|Extreme Speed|p1a: Dark Pit
|-damage|p1a: Dark Pit|0 fnt
|faint|p1a: Dark Pit
|
|upkeep
|
|t:|1664309078
|switch|p1a: Mythra|Rayquaza-Mega|46/100
|-damage|p1a: Mythra|21/100|[from] Stealth Rock
|-weather|DeltaStream|[from] ability: Delta Stream|[of] p1a: Mythra
|turn|24
|
|t:|1664309079
|move|p1a: Mythra|Extreme Speed|p2a: Arceus
|-damage|p2a: Arceus|59/100
|-damage|p1a: Mythra|11/100|[from] item: Life Orb
|move|p2a: Arceus|Extreme Speed|p1a: Mythra
|-damage|p1a: Mythra|0 fnt
|faint|p1a: Mythra
|-weather|none
|
|win|Goku Uchiha 2001
|raw|Lazy#4341 on cord's rating: 1726 &rarr; <strong>1712</strong><br />(-14 for losing)
|raw|Goku Uchiha 2001's rating: 1842 &rarr; <strong>1856</strong><br />(+14 for winning)
|l|☆Lazy#4341 on cord
