|j|☆Pkmn3443
|j|☆Fofgofx
|t:|1618339965
|gametype|singles
|player|p1|Pkmn3443|266|1931
|player|p2|Fofgofx|unknown|1935
|teamsize|p1|6
|teamsize|p2|6
|gen|8
|tier|[Gen 8] National Dex AG
|rated|
|clearpoke
|poke|p1|Zacian-Crowned|
|poke|p1|Necrozma-Dusk-Mane|
|poke|p1|Ditto|
|poke|p1|Ho-Oh|
|poke|p1|Rayquaza|
|poke|p1|Yveltal|
|poke|p2|Rayquaza|
|poke|p2|Arceus-*|
|poke|p2|Necrozma-Dusk-Mane|
|poke|p2|Ho-Oh|
|poke|p2|Arceus-*|
|poke|p2|Ditto|
|rule|HP Percentage Mod: HP is shown in percentages
|rule|Endless Battle Clause: Forcing endless battles is banned
|teampreview
|inactive|Battle timer is ON: inactive players will automatically lose when time's up. (requested by Fofgofx)
|
|t:|1618339989
|start
|switch|p1a: Ditto|Ditto|100/100
|switch|p2a: Necrozma|Necrozma-Dusk-Mane|100/100
|-transform|p1a: Ditto|p2a: Necrozma|[from] ability: Imposter
|turn|1
|
|t:|1618340008
|move|p1a: Ditto|Knock Off|p2a: Necrozma
|-supereffective|p2a: Necrozma
|-damage|p2a: Necrozma|77/100
|-damage|p1a: Ditto|84/100|[from] item: Rocky Helmet|[of] p2a: Necrozma
|-enditem|p2a: Necrozma|Rocky Helmet|[from] move: Knock Off|[of] p1a: Ditto
|move|p2a: Necrozma|Stealth Rock|p1a: Ditto
|-sidestart|p1: Pkmn3443|move: Stealth Rock
|
|upkeep
|turn|2
|
|t:|1618340016
|switch|p1a: Necrozma|Necrozma-Dusk-Mane|100/100
|-damage|p1a: Necrozma|94/100|[from] Stealth Rock
|move|p2a: Necrozma|Morning Sun|p2a: Necrozma
|-heal|p2a: Necrozma|100/100
|
|upkeep
|turn|3
|j| Aema_V
|
|t:|1618340036
|move|p2a: Necrozma|Knock Off|p1a: Necrozma
|-supereffective|p1a: Necrozma
|-damage|p1a: Necrozma|68/100
|-damage|p2a: Necrozma|84/100|[from] item: Rocky Helmet|[of] p1a: Necrozma
|-enditem|p1a: Necrozma|Rocky Helmet|[from] move: Knock Off|[of] p2a: Necrozma
|move|p1a: Necrozma|Stealth Rock|p2a: Necrozma
|-sidestart|p2: Fofgofx|move: Stealth Rock
|
|upkeep
|turn|4
|
|t:|1618340045
|switch|p2a: Arceus|Arceus-Dark|100/100
|-damage|p2a: Arceus|88/100|[from] Stealth Rock
|move|p1a: Necrozma|Morning Sun|p1a: Necrozma
|-heal|p1a: Necrozma|100/100
|
|upkeep
|turn|5
|
|t:|1618340052
|switch|p2a: Necrozma|Necrozma-Dusk-Mane|84/100
|-damage|p2a: Necrozma|78/100|[from] Stealth Rock
|switch|p1a: Zacian|Zacian-Crowned|100/100
|-damage|p1a: Zacian|94/100|[from] Stealth Rock
|-ability|p1a: Zacian|Intrepid Sword|boost
|-boost|p1a: Zacian|atk|1
|
|upkeep
|turn|6
|
|t:|1618340061
|move|p1a: Zacian|Crunch|p2a: Necrozma
|-supereffective|p2a: Necrozma
|-damage|p2a: Necrozma|35/100
|move|p2a: Necrozma|Morning Sun|p2a: Necrozma
|-heal|p2a: Necrozma|85/100
|
|upkeep
|turn|7
|c| Aema_V|Not literally of course
|c| Aema_V|But you are pretty high
|
|t:|1618340085
|switch|p2a: Ditto|Ditto|100/100
|-damage|p2a: Ditto|88/100|[from] Stealth Rock
|-transform|p2a: Ditto|p1a: Zacian|[from] ability: Imposter
|-ability|p2a: Ditto|Intrepid Sword|boost
|-boost|p2a: Ditto|atk|1
|move|p1a: Zacian|Crunch|p2a: Ditto
|-resisted|p2a: Ditto
|-crit|p2a: Ditto
|-damage|p2a: Ditto|46/100
|
|upkeep
|turn|8
|c|☆Fofgofx|Crit lol
|
|t:|1618340097
|switch|p1a: Ho-Oh|Ho-Oh|100/100
|move|p2a: Ditto|Behemoth Blade|p1a: Ho-Oh
|-resisted|p1a: Ho-Oh
|-damage|p1a: Ho-Oh|48/100
|
|upkeep
|turn|9
|
|t:|1618340106
|switch|p1a: Necrozma|Necrozma-Dusk-Mane|100/100
|-damage|p1a: Necrozma|94/100|[from] Stealth Rock
|move|p2a: Ditto|Behemoth Blade|p1a: Necrozma
|-resisted|p1a: Necrozma
|-damage|p1a: Necrozma|55/100
|
|upkeep
|turn|10
|
|t:|1618340134
|switch|p2a: Arceus|Arceus-Dark|88/100
|-damage|p2a: Arceus|76/100|[from] Stealth Rock
|move|p1a: Necrozma|Morning Sun|p1a: Necrozma
|-heal|p1a: Necrozma|100/100
|
|upkeep
|turn|11
|
|t:|1618340142
|switch|p1a: Ho-Oh|Ho-Oh|82/100
|move|p2a: Arceus|Judgment|p1a: Ho-Oh
|-damage|p1a: Ho-Oh|55/100
|
|upkeep
|turn|12
|
|t:|1618340149
|switch|p2a: Necrozma|Necrozma-Dusk-Mane|85/100
|-damage|p2a: Necrozma|79/100|[from] Stealth Rock
|move|p1a: Ho-Oh|Toxic|p2a: Necrozma
|-immune|p2a: Necrozma
|
|upkeep
|turn|13
|
|t:|1618340154
|switch|p1a: Necrozma|Necrozma-Dusk-Mane|100/100
|-damage|p1a: Necrozma|94/100|[from] Stealth Rock
|move|p2a: Necrozma|Knock Off|p1a: Necrozma
|-supereffective|p1a: Necrozma
|-damage|p1a: Necrozma|75/100
|
|upkeep
|turn|14
|
|t:|1618340165
|switch|p2a: Arceus|Arceus-Dark|76/100
|-damage|p2a: Arceus|63/100|[from] Stealth Rock
|switch|p1a: Zacian|Zacian-Crowned|94/100
|-damage|p1a: Zacian|88/100|[from] Stealth Rock
|-ability|p1a: Zacian|Intrepid Sword|boost
|-boost|p1a: Zacian|atk|1
|
|upkeep
|turn|15
|
|t:|1618340187
|switch|p2a: Necrozma|Necrozma-Dusk-Mane|79/100
|-damage|p2a: Necrozma|73/100|[from] Stealth Rock
|move|p1a: Zacian|Crunch|p2a: Necrozma
|-supereffective|p2a: Necrozma
|-damage|p2a: Necrozma|26/100
|
|upkeep
|turn|16
|
|t:|1618340197
|move|p1a: Zacian|Close Combat|p2a: Necrozma
|-damage|p2a: Necrozma|0 fnt
|-unboost|p1a: Zacian|def|1
|-unboost|p1a: Zacian|spd|1
|faint|p2a: Necrozma
|
|upkeep
|
|t:|1618340203
|switch|p2a: Ditto|Ditto|46/100
|-damage|p2a: Ditto|34/100|[from] Stealth Rock
|-transform|p2a: Ditto|p1a: Zacian|[from] ability: Imposter
|-ability|p2a: Ditto|Intrepid Sword|boost
|-boost|p2a: Ditto|atk|1
|turn|17
|
|t:|1618340212
|switch|p1a: Ho-Oh|Ho-Oh|89/100
|move|p2a: Ditto|Behemoth Blade|p1a: Ho-Oh
|-resisted|p1a: Ho-Oh
|-damage|p1a: Ho-Oh|38/100
|
|upkeep
|turn|18
|
|t:|1618340217
|switch|p1a: Necrozma|Necrozma-Dusk-Mane|75/100
|-damage|p1a: Necrozma|69/100|[from] Stealth Rock
|move|p2a: Ditto|Behemoth Blade|p1a: Necrozma
|-resisted|p1a: Necrozma
|-damage|p1a: Necrozma|32/100
|
|upkeep
|turn|19
|
|t:|1618340226
|move|p2a: Ditto|Behemoth Blade|p1a: Necrozma
|-resisted|p1a: Necrozma
|-damage|p1a: Necrozma|0 fnt
|faint|p1a: Necrozma
|
|upkeep
|
|t:|1618340228
|switch|p1a: Ho-Oh|Ho-Oh|71/100
|turn|20
|
|t:|1618340244
|switch|p2a: Arceus|Arceus-Dark|63/100
|-damage|p2a: Arceus|51/100|[from] Stealth Rock
|move|p1a: Ho-Oh|Sacred Fire|p2a: Arceus
|-damage|p2a: Arceus|21/100
|-status|p2a: Arceus|brn
|
|-damage|p2a: Arceus|15/100 brn|[from] brn
|upkeep
|turn|21
|
|t:|1618340248
|switch|p1a: Zacian|Zacian-Crowned|88/100
|-damage|p1a: Zacian|82/100|[from] Stealth Rock
|-ability|p1a: Zacian|Intrepid Sword|boost
|-boost|p1a: Zacian|atk|1
|move|p2a: Arceus|Recover|p2a: Arceus
|-heal|p2a: Arceus|65/100 brn
|
|-damage|p2a: Arceus|59/100 brn|[from] brn
|upkeep
|turn|22
|j| Makaai(pokechamp)
|inactive|Fofgofx has 120 seconds left.
|
|t:|1618340281
|move|p1a: Zacian|Close Combat|p2a: Arceus
|-supereffective|p2a: Arceus
|-damage|p2a: Arceus|0 fnt
|-unboost|p1a: Zacian|def|1
|-unboost|p1a: Zacian|spd|1
|faint|p2a: Arceus
|
|upkeep
|
|t:|1618340285
|switch|p2a: Ditto|Ditto|34/100
|-damage|p2a: Ditto|22/100|[from] Stealth Rock
|-transform|p2a: Ditto|p1a: Zacian|[from] ability: Imposter
|-ability|p2a: Ditto|Intrepid Sword|boost
|-boost|p2a: Ditto|atk|1
|turn|23
|
|t:|1618340301
|switch|p1a: Ho-Oh|Ho-Oh|100/100
|move|p2a: Ditto|Behemoth Blade|p1a: Ho-Oh
|-resisted|p1a: Ho-Oh
|-damage|p1a: Ho-Oh|50/100
|
|upkeep
|turn|24
|
|t:|1618340307
|move|p2a: Ditto|Behemoth Blade|p1a: Ho-Oh
|-resisted|p1a: Ho-Oh
|-damage|p1a: Ho-Oh|3/100
|move|p1a: Ho-Oh|Sacred Fire|p2a: Ditto
|-supereffective|p2a: Ditto
|-damage|p2a: Ditto|0 fnt
|faint|p2a: Ditto
|
|upkeep
|c|☆Fofgofx|Tough
|c| Makaai(pokechamp)|Oof
|c|☆Fofgofx|Rng
|inactive|Fofgofx has 120 seconds left.
|c| Aema_V|Tough situation for fof rn
|
|t:|1618340350
|switch|p2a: Arceus|Arceus-Fairy|100/100
|-damage|p2a: Arceus|88/100|[from] Stealth Rock
|turn|25
|
|t:|1618340356
|move|p2a: Arceus|Calm Mind|p2a: Arceus
|-boost|p2a: Arceus|spa|1
|-boost|p2a: Arceus|spd|1
|move|p1a: Ho-Oh|Toxic|p2a: Arceus
|-status|p2a: Arceus|tox
|
|-damage|p2a: Arceus|82/100 tox|[from] psn
|upkeep
|turn|26
|inactive|Fofgofx has 120 seconds left.
|c| Makaai(pokechamp)|It is
|
|t:|1618340368
|switch|p1a: Zacian|Zacian-Crowned|82/100
|-damage|p1a: Zacian|76/100|[from] Stealth Rock
|-ability|p1a: Zacian|Intrepid Sword|boost
|-boost|p1a: Zacian|atk|1
|move|p2a: Arceus|Judgment|p1a: Zacian
|-resisted|p1a: Zacian
|-damage|p1a: Zacian|44/100
|
|-damage|p2a: Arceus|70/100 tox|[from] psn
|upkeep
|turn|27
|inactive|Fofgofx has 120 seconds left.
|
|t:|1618340380
|switch|p2a: Rayquaza|Rayquaza|100/100
|-damage|p2a: Rayquaza|76/100|[from] Stealth Rock
|-ability|p2a: Rayquaza|Air Lock
|move|p1a: Zacian|Behemoth Blade|p2a: Rayquaza
|-damage|p2a: Rayquaza|0 fnt
|faint|p2a: Rayquaza
|
|upkeep
|
|t:|1618340382
|switch|p2a: Ho-Oh|Ho-Oh|100/100
|turn|28
|
|t:|1618340401
|switch|p1a: Ditto|Ditto|84/100
|-damage|p1a: Ditto|72/100|[from] Stealth Rock
|-transform|p1a: Ditto|p2a: Ho-Oh|[from] ability: Imposter
|move|p2a: Ho-Oh|Sacred Fire|p1a: Ditto|[miss]
|-miss|p2a: Ho-Oh|p1a: Ditto
|
|upkeep
|turn|29
|inactive|Fofgofx has 120 seconds left.
|
|t:|1618340425
|switch|p2a: Arceus|Arceus-Fairy|70/100 tox
|-damage|p2a: Arceus|57/100 tox|[from] Stealth Rock
|move|p1a: Ditto|Toxic|p2a: Arceus
|-fail|p2a: Arceus|tox
|
|-damage|p2a: Arceus|51/100 tox|[from] psn
|upkeep
|turn|30
|
|t:|1618340431
|switch|p1a: Ho-Oh|Ho-Oh|37/100
|move|p2a: Arceus|Recover|p2a: Arceus
|-heal|p2a: Arceus|100/100 tox
|
|-damage|p2a: Arceus|88/100 tox|[from] psn
|upkeep
|turn|31
|
|t:|1618340439
|switch|p1a: Zacian|Zacian-Crowned|44/100
|-damage|p1a: Zacian|38/100|[from] Stealth Rock
|-ability|p1a: Zacian|Intrepid Sword|boost
|-boost|p1a: Zacian|atk|1
|move|p2a: Arceus|Refresh|p2a: Arceus
|-curestatus|p2a: Arceus|tox|[msg]
|
|upkeep
|turn|32
|
|t:|1618340447
|-start|p2a: Arceus|Dynamax
|-heal|p2a: Arceus|88/100|[silent]
|move|p1a: Zacian|Behemoth Blade|p2a: Arceus
|-supereffective|p2a: Arceus
|-damage|p2a: Arceus|0 fnt
|faint|p2a: Arceus
|
|upkeep
|c|☆Fofgofx|Gg
|
|t:|1618340450
|switch|p2a: Ho-Oh|Ho-Oh|100/100
|turn|33
|c|☆Pkmn3443|gg
|
|t:|1618340457
|switch|p1a: Ditto|Ditto|100/100
|-damage|p1a: Ditto|88/100|[from] Stealth Rock
|-transform|p1a: Ditto|p2a: Ho-Oh|[from] ability: Imposter
|move|p2a: Ho-Oh|Sacred Fire|p1a: Ditto
|-resisted|p1a: Ditto
|-damage|p1a: Ditto|69/100
|
|upkeep
|turn|34
|
|t:|1618340460
|move|p1a: Ditto|Toxic|p2a: Ho-Oh|[miss]
|-miss|p1a: Ditto|p2a: Ho-Oh
|move|p2a: Ho-Oh|Toxic|p1a: Ditto
|-status|p1a: Ditto|tox
|
|-damage|p1a: Ditto|63/100 tox|[from] psn
|upkeep
|turn|35
|
|t:|1618340464
|move|p1a: Ditto|Toxic|p2a: Ho-Oh
|-status|p2a: Ho-Oh|tox
|move|p2a: Ho-Oh|Whirlwind|p1a: Ditto
|drag|p1a: Ho-Oh|Ho-Oh|70/100
|
|-damage|p2a: Ho-Oh|94/100 tox|[from] psn
|upkeep
|turn|36
|c| Aema_V|Another w
|
|t:|1618340470
|move|p1a: Ho-Oh|Sacred Fire|p2a: Ho-Oh
|-resisted|p2a: Ho-Oh
|-damage|p2a: Ho-Oh|81/100 tox
|move|p2a: Ho-Oh|Toxic|p1a: Ho-Oh
|-status|p1a: Ho-Oh|tox
|
|-damage|p2a: Ho-Oh|68/100 tox|[from] psn
|-damage|p1a: Ho-Oh|64/100 tox|[from] psn
|upkeep
|turn|37
|c|☆Fofgofx|Losing ditto cost me
|c|☆Pkmn3443|yeah
|c|☆Fofgofx|Shouldn’t have risked it for ho oh
|
|t:|1618340498
|move|p2a: Ho-Oh|Sacred Fire|p1a: Ho-Oh
|-resisted|p1a: Ho-Oh
|-damage|p1a: Ho-Oh|48/100 tox
|move|p1a: Ho-Oh|Sacred Fire|p2a: Ho-Oh
|-resisted|p2a: Ho-Oh
|-damage|p2a: Ho-Oh|55/100 tox
|
|-damage|p2a: Ho-Oh|36/100 tox|[from] psn
|-damage|p1a: Ho-Oh|36/100 tox|[from] psn
|upkeep
|turn|38
|
|t:|1618340504
|switch|p1a: Ditto|Ditto|96/100 tox
|-damage|p1a: Ditto|83/100 tox|[from] Stealth Rock
|-transform|p1a: Ditto|p2a: Ho-Oh|[from] ability: Imposter
|move|p2a: Ho-Oh|Sacred Fire|p1a: Ditto|[miss]
|-miss|p2a: Ho-Oh|p1a: Ditto
|
|-damage|p1a: Ditto|77/100 tox|[from] psn
|-damage|p2a: Ho-Oh|11/100 tox|[from] psn
|upkeep
|turn|39
|
|t:|1618340507
|move|p1a: Ditto|Sacred Fire|p2a: Ho-Oh
|-resisted|p2a: Ho-Oh
|-damage|p2a: Ho-Oh|0 fnt
|faint|p2a: Ho-Oh
|
|win|Pkmn3443
|raw|Pkmn3443's rating: 1931 &rarr; <strong>1951</strong><br />(+20 for winning)
|raw|Fofgofx's rating: 1935 &rarr; <strong>1915</strong><br />(-20 for losing)
