|j|☆Not_Splushy
|j|☆xLeonisx
|t:|1653680963
|gametype|singles
|player|p1|Not_Splushy|2|1462
|player|p2|xLeonisx|1|1644
|teamsize|p1|6
|teamsize|p2|6
|gen|8
|tier|[Gen 8] National Dex AG
|rated|
|rule|HP Percentage Mod: HP is shown in percentages
|rule|Endless Battle Clause: Forcing endless battles is banned
|clearpoke
|poke|p1|Toxapex, M|
|poke|p1|Chansey, F|
|poke|p1|Skarmory, M|
|poke|p1|Gliscor, F|
|poke|p1|Heatran, F|
|poke|p1|Slowbro, M|
|poke|p2|Deoxys-Speed|
|poke|p2|Ditto|
|poke|p2|Kyogre|
|poke|p2|Calyrex-Shadow|
|poke|p2|Lugia|
|poke|p2|Zacian-*|
|teampreview
|inactive|Battle timer is ON: inactive players will automatically lose when time's up. (requested by Not_Splushy)
|
|t:|1653680976
|start
|switch|p1a: Skarmory|Skarmory, M|100/100
|switch|p2a: Deoxys|Deoxys-Speed|100/100
|-ability|p2a: Deoxys|Pressure
|turn|1
|
|t:|1653680988
|move|p2a: Deoxys|Magic Coat|p2a: Deoxys
|-singleturn|p2a: Deoxys|move: Magic Coat
|move|p1a: Skarmory|Spikes|p2a: Deoxys
|move|p2a: Deoxys|Spikes|p1a: Skarmory|[from]Magic Coat
|-sidestart|p1: Not_Splushy|Spikes
|
|upkeep
|turn|2
|
|t:|1653680994
|move|p2a: Deoxys|Knock Off|p1a: Skarmory
|-damage|p1a: Skarmory|85/100
|-damage|p2a: Deoxys|84/100|[from] item: Rocky Helmet|[of] p1a: Skarmory
|-enditem|p1a: Skarmory|Rocky Helmet|[from] move: Knock Off|[of] p2a: Deoxys
|move|p1a: Skarmory|Spikes|p2a: Deoxys
|-sidestart|p2: xLeonisx|Spikes
|
|upkeep
|turn|3
|
|t:|1653681002
|move|p2a: Deoxys|Stealth Rock|p1a: Skarmory
|-sidestart|p1: Not_Splushy|move: Stealth Rock
|move|p1a: Skarmory|Toxic|p2a: Deoxys
|-status|p2a: Deoxys|tox
|
|-damage|p2a: Deoxys|78/100 tox|[from] psn
|upkeep
|turn|4
|
|t:|1653681007
|move|p2a: Deoxys|Thunder Wave|p1a: Skarmory
|-status|p1a: Skarmory|par
|move|p1a: Skarmory|Roost|p1a: Skarmory
|-heal|p1a: Skarmory|100/100 par
|-singleturn|p1a: Skarmory|move: Roost
|
|-damage|p2a: Deoxys|65/100 tox|[from] psn
|upkeep
|turn|5
|
|t:|1653681009
|move|p2a: Deoxys|Knock Off|p1a: Skarmory
|-damage|p1a: Skarmory|91/100 par
|move|p1a: Skarmory|Spikes|p2a: Deoxys
|-sidestart|p2: xLeonisx|Spikes
|
|-damage|p2a: Deoxys|47/100 tox|[from] psn
|upkeep
|turn|6
|
|t:|1653681017
|switch|p2a: Calyrex|Calyrex-Shadow|100/100
|-ability|p2a: Calyrex|As One
|-ability|p2a: Calyrex|Unnerve
|-damage|p2a: Calyrex|84/100|[from] Spikes
|cant|p1a: Skarmory|par
|
|upkeep
|turn|7
|
|t:|1653681021
|switch|p1a: Chansey|Chansey, F|100/100
|-damage|p1a: Chansey|88/100|[from] Spikes
|-damage|p1a: Chansey|76/100|[from] Stealth Rock
|move|p2a: Calyrex|Astral Barrage|p1a: Chansey
|-immune|p1a: Chansey
|
|upkeep
|turn|8
|
|t:|1653681029
|switch|p2a: Deoxys|Deoxys-Speed|47/100 tox
|-damage|p2a: Deoxys|30/100 tox|[from] Spikes
|-ability|p2a: Deoxys|Pressure
|move|p1a: Chansey|Soft-Boiled|p1a: Chansey
|-heal|p1a: Chansey|100/100
|
|-damage|p2a: Deoxys|24/100 tox|[from] psn
|upkeep
|turn|9
|
|t:|1653681036
|switch|p1a: Skarmory|Skarmory, M|91/100 par
|-damage|p1a: Skarmory|78/100 par|[from] Stealth Rock
|move|p2a: Deoxys|Knock Off|p1a: Skarmory
|-damage|p1a: Skarmory|67/100 par
|
|-damage|p2a: Deoxys|12/100 tox|[from] psn
|upkeep
|turn|10
|
|t:|1653681040
|move|p2a: Deoxys|Knock Off|p1a: Skarmory
|-damage|p1a: Skarmory|57/100 par
|move|p1a: Skarmory|Whirlwind|p2a: Deoxys
|drag|p2a: Lugia|Lugia|100/100
|
|upkeep
|turn|11
|
|t:|1653681054
|switch|p2a: Kyogre|Kyogre|100/100
|-damage|p2a: Kyogre|84/100|[from] Spikes
|detailschange|p2a: Kyogre|Kyogre-Primal
|-primal|p2a: Kyogre
|-weather|PrimordialSea|[from] ability: Primordial Sea|[of] p2a: Kyogre
|move|p1a: Skarmory|Toxic|p2a: Kyogre
|-status|p2a: Kyogre|tox
|
|-weather|PrimordialSea|[upkeep]
|-damage|p2a: Kyogre|78/100 tox|[from] psn
|upkeep
|turn|12
|
|t:|1653681060
|switch|p1a: Chansey|Chansey, F|100/100
|-damage|p1a: Chansey|88/100|[from] Spikes
|-damage|p1a: Chansey|76/100|[from] Stealth Rock
|move|p2a: Kyogre|Origin Pulse|p1a: Chansey
|-damage|p1a: Chansey|43/100
|
|-weather|PrimordialSea|[upkeep]
|-damage|p2a: Kyogre|66/100 tox|[from] psn
|upkeep
|turn|13
|
|t:|1653681063
|move|p2a: Kyogre|Ice Beam|p1a: Chansey
|-crit|p1a: Chansey
|-damage|p1a: Chansey|23/100
|move|p1a: Chansey|Soft-Boiled|p1a: Chansey
|-heal|p1a: Chansey|73/100
|
|-weather|PrimordialSea|[upkeep]
|-damage|p2a: Kyogre|47/100 tox|[from] psn
|upkeep
|turn|14
|
|t:|1653681067
|move|p2a: Kyogre|Ice Beam|p1a: Chansey
|-damage|p1a: Chansey|62/100
|move|p1a: Chansey|Soft-Boiled|p1a: Chansey
|-heal|p1a: Chansey|100/100
|
|-weather|PrimordialSea|[upkeep]
|-damage|p2a: Kyogre|22/100 tox|[from] psn
|upkeep
|turn|15
|
|t:|1653681071
|-weather|none
|switch|p2a: Deoxys|Deoxys-Speed|12/100 tox
|-damage|p2a: Deoxys|0 fnt|[from] Spikes
|faint|p2a: Deoxys
|move|p1a: Chansey|Teleport|p1a: Chansey
|
|t:|1653681074
|switch|p1a: Gliscor|Gliscor, F|100/100|[from]move: Teleport
|-damage|p1a: Gliscor|88/100|[from] Stealth Rock
|
|-status|p1a: Gliscor|tox|[from] item: Toxic Orb
|upkeep
|
|t:|1653681078
|switch|p2a: Calyrex|Calyrex-Shadow|84/100
|-ability|p2a: Calyrex|As One
|-ability|p2a: Calyrex|Unnerve
|-damage|p2a: Calyrex|68/100|[from] Spikes
|turn|16
|
|t:|1653681084
|move|p2a: Calyrex|Psyshock|p1a: Gliscor
|-damage|p1a: Gliscor|50/100 tox
|move|p1a: Gliscor|Defog|p2a: Calyrex
|-unboost|p2a: Calyrex|evasion|1
|-sideend|p2: xLeonisx|Spikes|[from] move: Defog|[of] p1a: Gliscor
|-sideend|p1: Not_Splushy|Spikes|[from] move: Defog|[of] p1a: Gliscor
|-sideend|p1: Not_Splushy|Stealth Rock|[from] move: Defog|[of] p1a: Gliscor
|
|-heal|p1a: Gliscor|63/100 tox|[from] ability: Poison Heal
|upkeep
|turn|17
|
|t:|1653681094
|move|p2a: Calyrex|Psyshock|p1a: Gliscor
|-crit|p1a: Gliscor
|-damage|p1a: Gliscor|8/100 tox
|move|p1a: Gliscor|Roost|p1a: Gliscor
|-heal|p1a: Gliscor|58/100 tox
|-singleturn|p1a: Gliscor|move: Roost
|
|-heal|p1a: Gliscor|70/100 tox|[from] ability: Poison Heal
|upkeep
|turn|18
|
|t:|1653681097
|-start|p2a: Calyrex|Dynamax|
|-heal|p2a: Calyrex|68/100|[silent]
|move|p2a: Calyrex|Max Phantasm|p1a: Gliscor
|-damage|p1a: Gliscor|0 fnt
|faint|p1a: Gliscor
|-ability|p2a: Calyrex|Grim Neigh|boost
|-boost|p2a: Calyrex|spa|1
|
|upkeep
|n|!Not_Splushy|notsplushy
|
|t:|1653681106
|switch|p1a: Chansey|Chansey, F|100/100
|turn|19
|
|t:|1653681110
|move|p2a: Calyrex|Max Phantasm|p1a: Chansey
|-immune|p1a: Chansey
|move|p1a: Chansey|Toxic|p2a: Calyrex
|-status|p2a: Calyrex|tox
|
|-damage|p2a: Calyrex|65/100 tox|[from] psn
|upkeep
|turn|20
|
|t:|1653681116
|move|p2a: Calyrex|Max Mindstorm|p1a: Chansey
|-damage|p1a: Chansey|65/100
|-fieldstart|move: Psychic Terrain
|move|p1a: Chansey|Soft-Boiled|p1a: Chansey
|-heal|p1a: Chansey|100/100
|
|-damage|p2a: Calyrex|58/100 tox|[from] psn
|upkeep
|-end|p2a: Calyrex|Dynamax
|-heal|p2a: Calyrex|59/100 tox|[silent]
|turn|21
|
|t:|1653681122
|move|p2a: Calyrex|Psyshock|p1a: Chansey
|-damage|p1a: Chansey|40/100
|move|p1a: Chansey|Teleport|p1a: Chansey
|
|t:|1653681131
|switch|p1a: Heatran|Heatran, F|100/100|[from]move: Teleport
|-item|p1a: Heatran|Air Balloon
|
|-damage|p2a: Calyrex|40/100 tox|[from] psn
|upkeep
|turn|22
|
|t:|1653681134
|move|p1a: Heatran|Protect|p1a: Heatran
|-singleturn|p1a: Heatran|Protect
|move|p2a: Calyrex|Psyshock|p1a: Heatran
|-activate|p1a: Heatran|move: Protect
|
|-damage|p2a: Calyrex|15/100 tox|[from] psn
|upkeep
|turn|23
|
|t:|1653681142
|switch|p1a: Chansey|Chansey, F|40/100
|move|p2a: Calyrex|Psyshock|p1a: Chansey
|-damage|p1a: Chansey|0 fnt
|faint|p1a: Chansey
|-ability|p2a: Calyrex|Grim Neigh|boost
|-boost|p2a: Calyrex|spa|1
|
|-damage|p2a: Calyrex|0 fnt|[from] psn
|faint|p2a: Calyrex
|upkeep
|
|t:|1653681147
|switch|p2a: Kyogre|Kyogre-Primal|22/100 tox
|switch|p1a: Toxapex|Toxapex, M|100/100
|-weather|PrimordialSea|[from] ability: Primordial Sea|[of] p2a: Kyogre
|turn|24
|
|t:|1653681150
|move|p2a: Kyogre|Thunder|p1a: Toxapex
|-supereffective|p1a: Toxapex
|-damage|p1a: Toxapex|33/100
|move|p1a: Toxapex|Recover|p1a: Toxapex
|-heal|p1a: Toxapex|83/100
|
|-weather|PrimordialSea|[upkeep]
|-heal|p1a: Toxapex|90/100|[from] item: Black Sludge
|-damage|p2a: Kyogre|16/100 tox|[from] psn
|-fieldend|move: Psychic Terrain
|upkeep
|turn|25
|
|t:|1653681153
|move|p2a: Kyogre|Thunder|p1a: Toxapex
|-supereffective|p1a: Toxapex
|-damage|p1a: Toxapex|24/100
|-status|p1a: Toxapex|par
|move|p1a: Toxapex|Recover|p1a: Toxapex
|-heal|p1a: Toxapex|74/100 par
|
|-weather|PrimordialSea|[upkeep]
|-heal|p1a: Toxapex|80/100 par|[from] item: Black Sludge
|-damage|p2a: Kyogre|4/100 tox|[from] psn
|upkeep
|turn|26
|
|t:|1653681157
|move|p2a: Kyogre|Thunder|p1a: Toxapex
|-supereffective|p1a: Toxapex
|-damage|p1a: Toxapex|14/100 par
|move|p1a: Toxapex|Recover|p1a: Toxapex
|-heal|p1a: Toxapex|64/100 par
|
|-weather|PrimordialSea|[upkeep]
|-heal|p1a: Toxapex|71/100 par|[from] item: Black Sludge
|-damage|p2a: Kyogre|0 fnt|[from] psn
|faint|p2a: Kyogre
|-weather|none
|upkeep
|
|t:|1653681163
|switch|p2a: Zacian|Zacian-Crowned|100/100
|-ability|p2a: Zacian|Intrepid Sword|boost
|-boost|p2a: Zacian|atk|1
|turn|27
|
|t:|1653681167
|move|p2a: Zacian|Swords Dance|p2a: Zacian
|-boost|p2a: Zacian|atk|2
|move|p1a: Toxapex|Haze|p1a: Toxapex
|-clearallboost
|
|-heal|p1a: Toxapex|77/100 par|[from] item: Black Sludge
|upkeep
|turn|28
|
|t:|1653681171
|move|p2a: Zacian|Swords Dance|p2a: Zacian
|-boost|p2a: Zacian|atk|2
|move|p1a: Toxapex|Scald|p2a: Zacian
|-damage|p2a: Zacian|86/100
|-status|p2a: Zacian|brn
|
|-heal|p1a: Toxapex|83/100 par|[from] item: Black Sludge
|-damage|p2a: Zacian|80/100 brn|[from] brn
|upkeep
|turn|29
|
|t:|1653681174
|move|p2a: Zacian|Close Combat|p1a: Toxapex
|-resisted|p1a: Toxapex
|-damage|p1a: Toxapex|64/100 par
|-unboost|p2a: Zacian|def|1
|-unboost|p2a: Zacian|spd|1
|move|p1a: Toxapex|Haze|p1a: Toxapex
|-clearallboost
|
|-heal|p1a: Toxapex|71/100 par|[from] item: Black Sludge
|-damage|p2a: Zacian|73/100 brn|[from] brn
|upkeep
|turn|30
|-message|xLeonisx forfeited.
|
|win|Not_Splushy
|raw|Not_Splushy's rating: 1462 &rarr; <strong>1492</strong><br />(+30 for winning)
|raw|xLeonisx's rating: 1644 &rarr; <strong>1614</strong><br />(-30 for losing)
|l|☆xLeonisx
||Ladder isn't responding, score probably updated but might not have (Request timeout).
