|j|☆DJ Phoenix da Poet
|j|☆BasakBooster2
|t:|1668065395
|gametype|singles
|player|p1|DJ Phoenix da Poet|hilbert|1735
|player|p2|BasakBooster2|lucas|1836
|teamsize|p1|6
|teamsize|p2|6
|gen|8
|tier|[Gen 8] National Dex AG
|rated|
|rule|HP Percentage Mod: HP is shown in percentages
|rule|Endless Battle Clause: Forcing endless battles is banned
|clearpoke
|poke|p1|Groudon|
|poke|p1|Yveltal|
|poke|p1|Rayquaza|
|poke|p1|Necrozma-Dusk-Mane|
|poke|p1|Ditto|
|poke|p1|Zacian-*|
|poke|p2|Groudon|
|poke|p2|Rayquaza|
|poke|p2|Zygarde|
|poke|p2|Calyrex-Shadow|
|poke|p2|Arceus-*|
|poke|p2|Arceus-*|
|teampreview
|
|t:|1668065401
|start
|switch|p1a: Rayquaza|Rayquaza|100/100
|switch|p2a: the gwoat|Rayquaza|100/100
|-ability|p1a: Rayquaza|Air Lock
|-ability|p2a: the gwoat|Air Lock
|turn|1
|
|t:|1668065407
|detailschange|p1a: Rayquaza|Rayquaza-Mega
|-mega|p1a: Rayquaza|Rayquaza|
|-weather|DeltaStream|[from] ability: Delta Stream|[of] p1a: Rayquaza
|detailschange|p2a: the gwoat|Rayquaza-Mega
|-mega|p2a: the gwoat|Rayquaza|
|move|p1a: Rayquaza|Dragon Ascent|p2a: the gwoat
|-damage|p2a: the gwoat|23/100
|-unboost|p1a: Rayquaza|def|1
|-unboost|p1a: Rayquaza|spd|1
|move|p2a: the gwoat|Scale Shot|p1a: Rayquaza
|-supereffective|p1a: Rayquaza
|-damage|p1a: Rayquaza|34/100
|-supereffective|p1a: Rayquaza
|-damage|p1a: Rayquaza|0 fnt
|faint|p1a: Rayquaza
|-hitcount|p1: Rayquaza|2
|-unboost|p2a: the gwoat|def|1
|-boost|p2a: the gwoat|spe|1
|-damage|p2a: the gwoat|13/100|[from] item: Life Orb
|
|-weather|DeltaStream|[upkeep]
|upkeep
|
|t:|1668065424
|switch|p1a: Ditto|Ditto|100/100
|-transform|p1a: Ditto|p2a: the gwoat|[from] ability: Imposter
|turn|2
|
|t:|1668065427
|move|p1a: Ditto|Extreme Speed|p2a: the gwoat
|-damage|p2a: the gwoat|0 fnt
|faint|p2a: the gwoat
|
|-weather|DeltaStream|[upkeep]
|upkeep
|
|t:|1668065429
|switch|p2a: Calyrex|Calyrex-Shadow|100/100
|-ability|p2a: Calyrex|As One
|-ability|p2a: Calyrex|Unnerve
|turn|3
|
|t:|1668065438
|-weather|none
|switch|p1a: Yveltal|Yveltal|100/100
|-ability|p1a: Yveltal|Dark Aura
|switch|p2a: Arceus|Arceus-Fairy|100/100
|
|upkeep
|turn|4
|
|t:|1668065445
|move|p1a: Yveltal|Taunt|p2a: Arceus
|-start|p2a: Arceus|move: Taunt
|cant|p2a: Arceus|move: Taunt|Thunder Wave
|
|upkeep
|turn|5
|
|t:|1668065452
|switch|p1a: Groudon|Groudon|100/100
|detailschange|p1a: Groudon|Groudon-Primal
|-primal|p1a: Groudon
|-weather|DesolateLand|[from] ability: Desolate Land|[of] p1a: Groudon
|move|p2a: Arceus|Judgment|p1a: Groudon
|-resisted|p1a: Groudon
|-damage|p1a: Groudon|72/100
|
|-weather|DesolateLand|[upkeep]
|upkeep
|turn|6
|
|t:|1668065455
|switch|p2a: the goat|Zygarde, shiny|100/100
|move|p1a: Groudon|Precipice Blades|p2a: the goat
|-damage|p2a: the goat|58/100
|
|-weather|DesolateLand|[upkeep]
|-heal|p2a: the goat|64/100|[from] item: Leftovers
|upkeep
|turn|7
|
|t:|1668065457
|move|p1a: Groudon|Stealth Rock|p2a: the goat
|-sidestart|p2: BasakBooster2|move: Stealth Rock
|move|p2a: the goat|Glare|p1a: Groudon
|-status|p1a: Groudon|par
|
|-weather|DesolateLand|[upkeep]
|-heal|p2a: the goat|70/100|[from] item: Leftovers
|upkeep
|turn|8
|
|t:|1668065463
|-weather|none
|switch|p1a: Yveltal|Yveltal|100/100
|-ability|p1a: Yveltal|Dark Aura
|move|p2a: the goat|Substitute|p2a: the goat
|-start|p2a: the goat|Substitute
|-damage|p2a: the goat|45/100
|
|-heal|p2a: the goat|51/100|[from] item: Leftovers
|upkeep
|turn|9
|
|t:|1668065465
|move|p1a: Yveltal|Taunt|p2a: the goat
|-start|p2a: the goat|move: Taunt
|move|p2a: the goat|Thousand Arrows|p1a: Yveltal
|-crit|p1a: Yveltal
|-damage|p1a: Yveltal|61/100
|-start|p1a: Yveltal|Smack Down
|
|-heal|p2a: the goat|57/100|[from] item: Leftovers
|upkeep
|turn|10
|
|t:|1668065467
|move|p1a: Yveltal|Dark Pulse|p2a: the goat
|-end|p2a: the goat|Substitute
|-damage|p1a: Yveltal|52/100|[from] item: Life Orb
|move|p2a: the goat|Thousand Arrows|p1a: Yveltal
|-damage|p1a: Yveltal|25/100
|
|-heal|p2a: the goat|64/100|[from] item: Leftovers
|upkeep
|turn|11
|
|t:|1668065470
|move|p1a: Yveltal|Dark Pulse|p2a: the goat
|-damage|p2a: the goat|5/100
|-damage|p1a: Yveltal|15/100|[from] item: Life Orb
|cant|p2a: the goat|flinch
|
|-heal|p2a: the goat|11/100|[from] item: Leftovers
|-end|p2a: the goat|move: Taunt
|-activate|p2a: the goat|ability: Power Construct
|detailschange|p2a: the goat|Zygarde-Complete, shiny
|-heal|p2a: the goat|42/100|[silent]
|upkeep
|turn|12
|c|☆BasakBooster2|bruh moment
|
|t:|1668065478
|move|p1a: Yveltal|Dark Pulse|p2a: the goat
|-damage|p2a: the goat|0 fnt
|faint|p2a: the goat
|-damage|p1a: Yveltal|6/100|[from] item: Life Orb
|
|upkeep
|
|t:|1668065485
|switch|p2a: Calyrex|Calyrex-Shadow|100/100
|-ability|p2a: Calyrex|As One
|-ability|p2a: Calyrex|Unnerve
|-damage|p2a: Calyrex|88/100|[from] Stealth Rock
|turn|13
|
|t:|1668065488
|move|p2a: Calyrex|Substitute|p2a: Calyrex
|-start|p2a: Calyrex|Substitute
|-damage|p2a: Calyrex|63/100
|move|p1a: Yveltal|Dark Pulse|p2a: Calyrex
|-supereffective|p2a: Calyrex
|-end|p2a: Calyrex|Substitute
|-damage|p1a: Yveltal|0 fnt|[from] item: Life Orb
|faint|p1a: Yveltal
|
|-heal|p2a: Calyrex|70/100|[from] item: Leftovers
|upkeep
|
|t:|1668065491
|switch|p1a: Ditto|Ditto|100/100
|-transform|p1a: Ditto|p2a: Calyrex|[from] ability: Imposter
|turn|14
|l|☆DJ Phoenix da Poet
|player|p1|
|j|☆DJ Phoenix da Poet
|player|p1|DJ Phoenix da Poet|hilbert
|inactive|Battle timer is ON: inactive players will automatically lose when time's up. (requested by BasakBooster2)
|j| Ultramanball1
|
|t:|1668065525
|switch|p2a: Arceus|Arceus|100/100
|-damage|p2a: Arceus|88/100|[from] Stealth Rock
|move|p1a: Ditto|Astral Barrage|p2a: Arceus
|-immune|p2a: Arceus
|
|upkeep
|turn|15
|
|t:|1668065533
|switch|p1a: Groudon|Groudon-Primal|72/100 par
|-weather|DesolateLand|[from] ability: Desolate Land|[of] p1a: Groudon
|move|p2a: Arceus|Swords Dance|p2a: Arceus
|-boost|p2a: Arceus|atk|2
|
|-weather|DesolateLand|[upkeep]
|upkeep
|turn|16
|
|t:|1668065539
|move|p2a: Arceus|Swords Dance|p2a: Arceus
|-boost|p2a: Arceus|atk|2
|move|p1a: Groudon|Heat Crash|p2a: Arceus
|-damage|p2a: Arceus|33/100
|
|-weather|DesolateLand|[upkeep]
|upkeep
|turn|17
|
|t:|1668065542
|move|p2a: Arceus|Recover|p2a: Arceus
|-heal|p2a: Arceus|83/100
|move|p1a: Groudon|Precipice Blades|p2a: Arceus
|-damage|p2a: Arceus|25/100
|
|-weather|DesolateLand|[upkeep]
|upkeep
|turn|18
|
|t:|1668065545
|move|p2a: Arceus|Recover|p2a: Arceus
|-heal|p2a: Arceus|75/100
|move|p1a: Groudon|Heat Crash|p2a: Arceus
|-damage|p2a: Arceus|20/100
|
|-weather|DesolateLand|[upkeep]
|upkeep
|turn|19
|
|t:|1668065547
|move|p2a: Arceus|Recover|p2a: Arceus
|-heal|p2a: Arceus|70/100
|move|p1a: Groudon|Heat Crash|p2a: Arceus
|-damage|p2a: Arceus|19/100
|
|-weather|DesolateLand|[upkeep]
|upkeep
|turn|20
|
|t:|1668065550
|move|p2a: Arceus|Recover|p2a: Arceus
|-heal|p2a: Arceus|69/100
|move|p1a: Groudon|Heat Crash|p2a: Arceus
|-damage|p2a: Arceus|14/100
|
|-weather|DesolateLand|[upkeep]
|upkeep
|turn|21
|
|t:|1668065557
|move|p2a: Arceus|Recover|p2a: Arceus
|-heal|p2a: Arceus|64/100
|move|p1a: Groudon|Precipice Blades|p2a: Arceus
|-damage|p2a: Arceus|9/100
|
|-weather|DesolateLand|[upkeep]
|upkeep
|turn|22
|
|t:|1668065574
|move|p2a: Arceus|Shadow Claw|p1a: Groudon
|-damage|p1a: Groudon|22/100 par
|move|p1a: Groudon|Precipice Blades|p2a: Arceus
|-damage|p2a: Arceus|0 fnt
|faint|p2a: Arceus
|
|-weather|DesolateLand|[upkeep]
|upkeep
|
|t:|1668065580
|switch|p2a: Calyrex|Calyrex-Shadow|70/100
|-ability|p2a: Calyrex|As One
|-ability|p2a: Calyrex|Unnerve
|-damage|p2a: Calyrex|57/100|[from] Stealth Rock
|turn|23
|
|t:|1668065584
|move|p2a: Calyrex|Substitute|p2a: Calyrex
|-start|p2a: Calyrex|Substitute
|-damage|p2a: Calyrex|32/100
|move|p1a: Groudon|Heat Crash|p2a: Calyrex
|-end|p2a: Calyrex|Substitute
|
|-weather|DesolateLand|[upkeep]
|-heal|p2a: Calyrex|39/100|[from] item: Leftovers
|upkeep
|turn|24
|
|t:|1668065591
|move|p2a: Calyrex|Substitute|p2a: Calyrex
|-start|p2a: Calyrex|Substitute
|-damage|p2a: Calyrex|14/100
|move|p1a: Groudon|Heat Crash|p2a: Calyrex
|-end|p2a: Calyrex|Substitute
|
|-weather|DesolateLand|[upkeep]
|-heal|p2a: Calyrex|20/100|[from] item: Leftovers
|upkeep
|turn|25
|
|t:|1668065601
|switch|p2a: Pyra|Groudon|100/100
|-damage|p2a: Pyra|94/100|[from] Stealth Rock
|detailschange|p2a: Pyra|Groudon-Primal
|-primal|p2a: Pyra
|cant|p1a: Groudon|par
|
|-weather|DesolateLand|[upkeep]
|upkeep
|turn|26
|
|t:|1668065607
|move|p2a: Pyra|Precipice Blades|p1a: Groudon
|-supereffective|p1a: Groudon
|-damage|p1a: Groudon|0 fnt
|faint|p1a: Groudon
|
|-weather|DesolateLand|[upkeep]
|upkeep
|
|t:|1668065610
|switch|p1a: Ditto|Ditto|100/100
|-transform|p1a: Ditto|p2a: Pyra|[from] ability: Imposter
|turn|27
|
|t:|1668065614
|move|p1a: Ditto|Precipice Blades|p2a: Pyra
|-supereffective|p2a: Pyra
|-damage|p2a: Pyra|37/100
|move|p2a: Pyra|Precipice Blades|p1a: Ditto|[miss]
|-miss|p2a: Pyra|p1a: Ditto
|
|-weather|DesolateLand|[upkeep]
|upkeep
|turn|28
|c|☆BasakBooster2|breh
|
|t:|1668065621
|move|p1a: Ditto|Precipice Blades|p2a: Pyra
|-supereffective|p2a: Pyra
|-damage|p2a: Pyra|0 fnt
|faint|p2a: Pyra
|
|-weather|DesolateLand|[upkeep]
|upkeep
|c|☆DJ Phoenix da Poet|Brr momment
|
|t:|1668065624
|switch|p2a: Arceus|Arceus-Fairy|100/100
|-damage|p2a: Arceus|88/100|[from] Stealth Rock
|turn|29
|c|☆BasakBooster2|no para and dis
|
|t:|1668065633
|move|p1a: Ditto|Precipice Blades|p2a: Arceus
|-damage|p2a: Arceus|38/100
|move|p2a: Arceus|Recover|p2a: Arceus
|-heal|p2a: Arceus|88/100
|
|-weather|DesolateLand|[upkeep]
|upkeep
|turn|30
|
|t:|1668065639
|-weather|none
|switch|p1a: Zacian|Zacian-Crowned|100/100
|-ability|p1a: Zacian|Intrepid Sword|boost
|-boost|p1a: Zacian|atk|1
|move|p2a: Arceus|Thunder Wave|p1a: Zacian
|-status|p1a: Zacian|par
|
|upkeep
|turn|31
|
|t:|1668065649
|move|p2a: Arceus|Judgment|p1a: Zacian
|-resisted|p1a: Zacian
|-damage|p1a: Zacian|79/100 par
|move|p1a: Zacian|Behemoth Blade|p2a: Arceus
|-supereffective|p2a: Arceus
|-damage|p2a: Arceus|0 fnt
|faint|p2a: Arceus
|
|upkeep
|
|t:|1668065651
|switch|p2a: Calyrex|Calyrex-Shadow|20/100
|-ability|p2a: Calyrex|As One
|-ability|p2a: Calyrex|Unnerve
|-damage|p2a: Calyrex|8/100|[from] Stealth Rock
|turn|32
|
|t:|1668065657
|move|p2a: Calyrex|Leech Seed|p1a: Zacian
|-start|p1a: Zacian|move: Leech Seed
|cant|p1a: Zacian|par
|
|-heal|p2a: Calyrex|14/100|[from] item: Leftovers
|-damage|p1a: Zacian|67/100 par|[from] Leech Seed|[of] p2a: Calyrex
|-heal|p2a: Calyrex|25/100|[silent]
|upkeep
|turn|33
|
|t:|1668065667
|switch|p1a: Ditto|Ditto|100/100
|-transform|p1a: Ditto|p2a: Calyrex|[from] ability: Imposter
|move|p2a: Calyrex|Draining Kiss|p1a: Ditto
|-damage|p1a: Ditto|69/100
|-heal|p2a: Calyrex|42/100|[from] drain|[of] p1a: Ditto
|
|-heal|p2a: Calyrex|48/100|[from] item: Leftovers
|upkeep
|turn|34
|
|t:|1668065670
|move|p1a: Ditto|Astral Barrage|p2a: Calyrex
|-supereffective|p2a: Calyrex
|-damage|p2a: Calyrex|0 fnt
|faint|p2a: Calyrex
|
|win|DJ Phoenix da Poet
|raw|DJ Phoenix da Poet's rating: 1735 &rarr; <strong>1761</strong><br />(+26 for winning)
|raw|BasakBooster2's rating: 1836 &rarr; <strong>1810</strong><br />(-26 for losing)
|c|☆BasakBooster2|wack
