|j|☆SPamton neo at max
|j|☆Lance's Time
|t:|1665919315
|gametype|singles
|player|p1|SPamton neo at max|steven|1564
|player|p2|Lance's Time|selene-usum|1741
|teamsize|p1|6
|teamsize|p2|6
|gen|8
|tier|[Gen 8] National Dex AG
|rated|
|rule|HP Percentage Mod: HP is shown in percentages
|rule|Endless Battle Clause: Forcing endless battles is banned
|clearpoke
|poke|p1|Calyrex-Shadow|
|poke|p1|Yveltal|
|poke|p1|Pheromosa|
|poke|p1|Eternatus|
|poke|p1|Necrozma-Dusk-Mane|
|poke|p1|Kyogre|
|poke|p2|Deoxys-Speed|
|poke|p2|Necrozma-Dusk-Mane|
|poke|p2|Yveltal|
|poke|p2|Arceus-*|
|poke|p2|Calyrex-Shadow|
|poke|p2|Kyogre|
|teampreview
|
|t:|1665919324
|start
|switch|p1a: Calyrex|Calyrex-Shadow|100/100
|switch|p2a: Deoxys|Deoxys-Speed|100/100
|-ability|p1a: Calyrex|As One
|-ability|p1a: Calyrex|Unnerve
|-ability|p2a: Deoxys|Pressure
|turn|1
|
|t:|1665919328
|move|p2a: Deoxys|Thunder Wave|p1a: Calyrex
|-status|p1a: Calyrex|par
|cant|p1a: Calyrex|par
|
|upkeep
|turn|2
|
|t:|1665919331
|move|p2a: Deoxys|Stealth Rock|p1a: Calyrex
|-sidestart|p1: SPamton neo at max|move: Stealth Rock
|move|p1a: Calyrex|Nasty Plot|p1a: Calyrex
|-boost|p1a: Calyrex|spa|2
|
|upkeep
|turn|3
|
|t:|1665919356
|move|p2a: Deoxys|Taunt|p1a: Calyrex
|-start|p1a: Calyrex|move: Taunt
|move|p1a: Calyrex|Astral Barrage|p2a: Deoxys
|-supereffective|p2a: Deoxys
|-enditem|p2a: Deoxys|Focus Sash
|-damage|p2a: Deoxys|1/100
|
|upkeep
|turn|4
|
|t:|1665919371
|switch|p2a: Yveltal|Yveltal|100/100
|-ability|p2a: Yveltal|Dark Aura
|move|p1a: Calyrex|Psyshock|p2a: Yveltal
|-immune|p2a: Yveltal
|
|upkeep
|turn|5
|
|t:|1665919375
|move|p2a: Yveltal|Dark Pulse|p1a: Calyrex
|-supereffective|p1a: Calyrex
|-enditem|p1a: Calyrex|Focus Sash
|-damage|p1a: Calyrex|1/100 par
|-damage|p2a: Yveltal|91/100|[from] item: Life Orb
|move|p1a: Calyrex|Astral Barrage|p2a: Yveltal
|-resisted|p2a: Yveltal
|-damage|p2a: Yveltal|29/100
|
|-end|p1a: Calyrex|move: Taunt
|upkeep
|turn|6
|
|t:|1665919379
|move|p2a: Yveltal|Oblivion Wing|p1a: Calyrex
|-damage|p1a: Calyrex|0 fnt
|-heal|p2a: Yveltal|29/100|[from] drain|[of] p1a: Calyrex
|faint|p1a: Calyrex
|-damage|p2a: Yveltal|19/100|[from] item: Life Orb
|
|upkeep
|
|t:|1665919385
|switch|p1a: Pheromosa|Pheromosa|100/100
|-damage|p1a: Pheromosa|88/100|[from] Stealth Rock
|turn|7
|
|t:|1665919387
|switch|p2a: Deoxys|Deoxys-Speed|1/100
|-ability|p2a: Deoxys|Pressure
|move|p1a: Pheromosa|High Jump Kick|p2a: Deoxys
|-resisted|p2a: Deoxys
|-damage|p2a: Deoxys|0 fnt
|faint|p2a: Deoxys
|-ability|p1a: Pheromosa|Beast Boost|boost
|-boost|p1a: Pheromosa|atk|1
|
|upkeep
|
|t:|1665919393
|switch|p2a: Calyrex|Calyrex-Shadow|100/100
|-ability|p2a: Calyrex|As One
|-ability|p2a: Calyrex|Unnerve
|turn|8
|
|t:|1665919396
|move|p2a: Calyrex|Astral Barrage|p1a: Pheromosa
|-damage|p1a: Pheromosa|0 fnt
|faint|p1a: Pheromosa
|-ability|p2a: Calyrex|Grim Neigh|boost
|-boost|p2a: Calyrex|spa|1
|
|upkeep
|
|t:|1665919398
|switch|p1a: Yveltal|Yveltal|100/100
|-damage|p1a: Yveltal|76/100|[from] Stealth Rock
|-ability|p1a: Yveltal|Dark Aura
|turn|9
|
|t:|1665919401
|-start|p1a: Yveltal|Dynamax|
|-heal|p1a: Yveltal|76/100|[silent]
|move|p2a: Calyrex|Substitute|p2a: Calyrex
|-start|p2a: Calyrex|Substitute
|-damage|p2a: Calyrex|76/100
|move|p1a: Yveltal|Max Airstream|p2a: Calyrex
|-end|p2a: Calyrex|Substitute
|-boost|p1a: Yveltal|spe|1
|-damage|p1a: Yveltal|71/100|[from] item: Life Orb
|
|upkeep
|turn|10
|
|t:|1665919406
|switch|p2a: Yveltal|Yveltal|19/100
|-ability|p2a: Yveltal|Dark Aura
|move|p1a: Yveltal|Max Darkness|p2a: Yveltal
|-resisted|p2a: Yveltal
|-damage|p2a: Yveltal|0 fnt
|faint|p2a: Yveltal
|-damage|p1a: Yveltal|66/100|[from] item: Life Orb
|
|upkeep
|
|t:|1665919408
|switch|p2a: Arceus|Arceus-Ground|100/100
|turn|11
|
|t:|1665919410
|-start|p2a: Arceus|Dynamax|
|-heal|p2a: Arceus|100/100|[silent]
|move|p2a: Arceus|Max Guard|p2a: Arceus
|-singleturn|p2a: Arceus|Max Guard
|move|p1a: Yveltal|Max Darkness|p2a: Arceus
|-activate|p2a: Arceus|move: Max Guard
|
|upkeep
|-end|p1a: Yveltal|Dynamax
|-heal|p1a: Yveltal|66/100|[silent]
|turn|12
|
|t:|1665919416
|move|p1a: Yveltal|Dark Pulse|p2a: Arceus
|-damage|p2a: Arceus|69/100
|-damage|p1a: Yveltal|56/100|[from] item: Life Orb
|move|p2a: Arceus|Max Rockfall|p1a: Yveltal
|-supereffective|p1a: Yveltal
|-damage|p1a: Yveltal|0 fnt
|-weather|Sandstorm
|faint|p1a: Yveltal
|
|-weather|Sandstorm|[upkeep]
|upkeep
|
|t:|1665919422
|switch|p1a: Kyogre|Kyogre|100/100
|-damage|p1a: Kyogre|88/100|[from] Stealth Rock
|-weather|RainDance|[from] ability: Drizzle|[of] p1a: Kyogre
|turn|13
|
|t:|1665919425
|move|p1a: Kyogre|Water Spout|p2a: Arceus
|-supereffective|p2a: Arceus
|-damage|p2a: Arceus|0 fnt
|faint|p2a: Arceus
|
|-weather|RainDance|[upkeep]
|upkeep
|
|t:|1665919430
|switch|p2a: Kyogre|Kyogre|100/100
|detailschange|p2a: Kyogre|Kyogre-Primal
|-primal|p2a: Kyogre
|-weather|PrimordialSea|[from] ability: Primordial Sea|[of] p2a: Kyogre
|turn|14
|
|t:|1665919434
|switch|p1a: Eternatus|Eternatus|100/100
|-damage|p1a: Eternatus|88/100|[from] Stealth Rock
|-ability|p1a: Eternatus|Pressure
|move|p2a: Kyogre|Calm Mind|p2a: Kyogre
|-boost|p2a: Kyogre|spa|1
|-boost|p2a: Kyogre|spd|1
|
|-weather|PrimordialSea|[upkeep]
|upkeep
|turn|15
|
|t:|1665919441
|move|p1a: Eternatus|Dynamax Cannon|p2a: Kyogre
|-damage|p2a: Kyogre|67/100
|-damage|p1a: Eternatus|78/100|[from] item: Life Orb
|move|p2a: Kyogre|Ice Beam|p1a: Eternatus
|-supereffective|p1a: Eternatus
|-damage|p1a: Eternatus|0 fnt
|faint|p1a: Eternatus
|
|-weather|PrimordialSea|[upkeep]
|upkeep
|
|t:|1665919444
|switch|p1a: Necrozma|Necrozma-Dusk-Mane|100/100
|-damage|p1a: Necrozma|95/100|[from] Stealth Rock
|turn|16
|
|t:|1665919473
|detailschange|p1a: Necrozma|Necrozma-Ultra
|-burst|p1a: Necrozma|Necrozma|Ultranecrozium Z
|move|p1a: Necrozma|Dragon Dance|p1a: Necrozma
|-boost|p1a: Necrozma|atk|1
|-boost|p1a: Necrozma|spe|1
|move|p2a: Kyogre|Origin Pulse|p1a: Necrozma|[miss]
|-miss|p2a: Kyogre|p1a: Necrozma
|
|-weather|PrimordialSea|[upkeep]
|upkeep
|turn|17
|c|☆Lance's Time|ye
|c|☆Lance's Time|lucky noob
|c|☆Lance's Time|ye
|c|☆Lance's Time|ye
|c|☆Lance's Time|ye
|c|☆SPamton neo at max|It did not matter
|c|☆Lance's Time|AHAH
|
|t:|1665919502
|move|p1a: Necrozma|Photon Geyser|p2a: Kyogre
|-damage|p2a: Kyogre|0 fnt
|faint|p2a: Kyogre
|-weather|none
|
|upkeep
|
|t:|1665919505
|switch|p2a: Necrozma|Necrozma-Dusk-Mane|100/100
|turn|18
|c|☆Lance's Time|u stupid?
|c|☆Lance's Time|+1 252+ SpA Kyogre-Primal Origin Pulse vs. 0 HP / 0 SpD Necrozma-Ultra in Heavy Rain: 291-342 (86.8 - 102%) -- 18.8% chance to OHKO
|c|☆Lance's Time|102%
|c|☆Lance's Time|☆SPamton neo at max: It did not matter
|c|☆SPamton neo at max|That is not a high chance to ohko
|
|t:|1665919618
|move|p1a: Necrozma|Earthquake|p2a: Necrozma
|-supereffective|p2a: Necrozma
|-crit|p2a: Necrozma
|-damage|p2a: Necrozma|0 fnt
|faint|p2a: Necrozma
|
|upkeep
|c|☆Lance's Time|crit
|c|☆Lance's Time|ye
|c|☆Lance's Time|ye
|c|☆Lance's Time|ye
|c|☆Lance's Time|only luck
|c|☆Lance's Time|fucking noob
|
|t:|1665919639
|switch|p2a: Calyrex|Calyrex-Shadow|76/100
|-ability|p2a: Calyrex|As One
|-ability|p2a: Calyrex|Unnerve
|turn|19
|c|☆SPamton neo at max|Crit did not matter
|c|☆Lance's Time|low ladder trash with luck
|c|☆Lance's Time|nice
|c|☆SPamton neo at max|I reported you
|c|☆SPamton neo at max|Game showed me a report button
|c|☆Lance's Time|cry, baby
|c|☆Lance's Time|cry
|c|☆SPamton neo at max|Do not blame me if your account gets hurt in some way
|c|☆SPamton neo at max|18% is not that much
|c|☆SPamton neo at max|and crit did not matter
|c|☆SPamton neo at max|Bruh
|
|t:|1665919804
|-zpower|p1a: Necrozma
|move|p1a: Necrozma|Light That Burns the Sky|p2a: Calyrex|[zeffect]
|-resisted|p2a: Calyrex
|-damage|p2a: Calyrex|0 fnt
|faint|p2a: Calyrex
|
|win|SPamton neo at max
|raw|SPamton neo at max's rating: 1564 &rarr; <strong>1595</strong><br />(+31 for winning)
|raw|Lance&apos;s Time's rating: 1770 &rarr; <strong>1739</strong><br />(-31 for losing)
|c|☆SPamton neo at max|I wouldve swept anyway
|c|☆SPamton neo at max|with kyogre
