|j|☆TaxFraud094
|j|☆thicsucttv
|t:|1666992072
|gametype|singles
|player|p1|TaxFraud094|skyla-masters2|1871
|player|p2|thicsucttv|266|1908
|teamsize|p1|6
|teamsize|p2|6
|gen|8
|tier|[Gen 8] National Dex AG
|rated|
|rule|HP Percentage Mod: HP is shown in percentages
|rule|Endless Battle Clause: Forcing endless battles is banned
|clearpoke
|poke|p1|Groudon|
|poke|p1|Deoxys-Speed|
|poke|p1|Zekrom|
|poke|p1|Xerneas-*|
|poke|p1|Arceus-*|
|poke|p1|Yveltal|
|poke|p2|Tyranitar, M|
|poke|p2|Marshadow|
|poke|p2|Yveltal|
|poke|p2|Necrozma-Dusk-Mane|
|poke|p2|Ditto|
|poke|p2|Lucario, M|
|teampreview
|inactive|Battle timer is ON: inactive players will automatically lose when time's up. (requested by TaxFraud094)
|c|☆TaxFraud094|glhf
|
|t:|1666992092
|start
|switch|p1a: Deoxys|Deoxys-Speed|100/100
|switch|p2a: Lucario|Lucario, M|100/100
|-ability|p1a: Deoxys|Pressure
|turn|1
|
|t:|1666992101
|detailschange|p2a: Lucario|Lucario-Mega, M
|-mega|p2a: Lucario|Lucario|Lucarionite
|move|p1a: Deoxys|Stealth Rock|p2a: Lucario
|-sidestart|p2: thicsucttv|move: Stealth Rock
|move|p2a: Lucario|Copycat|p2a: Lucario
|move|p2a: Lucario|Stealth Rock|p1a: Deoxys|[from]move: Copycat
|-sidestart|p1: TaxFraud094|move: Stealth Rock
|
|upkeep
|turn|2
|
|t:|1666992112
|move|p1a: Deoxys|Taunt|p2a: Lucario
|-start|p2a: Lucario|move: Taunt
|move|p2a: Lucario|Close Combat|p1a: Deoxys
|-resisted|p1a: Deoxys
|-damage|p1a: Deoxys|41/100
|-unboost|p2a: Lucario|def|1
|-unboost|p2a: Lucario|spd|1
|
|upkeep
|turn|3
|j| f1r35t0rm_96
|
|t:|1666992123
|move|p1a: Deoxys|Spikes|p2a: Lucario
|-sidestart|p2: thicsucttv|Spikes
|move|p2a: Lucario|Close Combat|p1a: Deoxys
|-resisted|p1a: Deoxys
|-damage|p1a: Deoxys|0 fnt
|-unboost|p2a: Lucario|def|1
|-unboost|p2a: Lucario|spd|1
|faint|p1a: Deoxys
|
|upkeep
|j| BuckfromGothamCity
|
|t:|1666992145
|switch|p1a: Groudon|Groudon|100/100
|-damage|p1a: Groudon|94/100|[from] Stealth Rock
|detailschange|p1a: Groudon|Groudon-Primal
|-primal|p1a: Groudon
|-weather|DesolateLand|[from] ability: Desolate Land|[of] p1a: Groudon
|turn|4
|
|t:|1666992156
|move|p2a: Lucario|Close Combat|p1a: Groudon
|-damage|p1a: Groudon|39/100
|-unboost|p2a: Lucario|def|1
|-unboost|p2a: Lucario|spd|1
|move|p1a: Groudon|Precipice Blades|p2a: Lucario
|-supereffective|p2a: Lucario
|-damage|p2a: Lucario|0 fnt
|faint|p2a: Lucario
|
|-weather|DesolateLand|[upkeep]
|upkeep
|
|t:|1666992172
|switch|p2a: Necrozma|Necrozma-Dusk-Mane|100/100
|-damage|p2a: Necrozma|94/100|[from] Stealth Rock
|-damage|p2a: Necrozma|82/100|[from] Spikes
|turn|5
|
|t:|1666992192
|detailschange|p2a: Necrozma|Necrozma-Ultra
|-burst|p2a: Necrozma|Necrozma|Ultranecrozium Z
|move|p2a: Necrozma|Earth Power|p1a: Groudon
|-supereffective|p1a: Groudon
|-damage|p1a: Groudon|0 fnt
|faint|p1a: Groudon
|-weather|none
|
|upkeep
|j| ThisIsntHilarious
|inactive|TaxFraud094 has 120 seconds left.
|
|t:|1666992215
|switch|p1a: Holier Than Thou|Arceus|100/100
|-damage|p1a: Holier Than Thou|88/100|[from] Stealth Rock
|turn|6
|inactive|TaxFraud094 has 120 seconds left.
|
|t:|1666992231
|-zpower|p2a: Necrozma
|move|p2a: Necrozma|Light That Burns the Sky|p1a: Holier Than Thou|[zeffect]
|-damage|p1a: Holier Than Thou|6/100
|move|p1a: Holier Than Thou|Shadow Claw|p2a: Necrozma
|-supereffective|p2a: Necrozma
|-damage|p2a: Necrozma|13/100
|-damage|p1a: Holier Than Thou|0 fnt|[from] item: Life Orb
|faint|p1a: Holier Than Thou
|
|upkeep
|inactive|TaxFraud094 has 120 seconds left.
|
|t:|1666992239
|switch|p1a: Yveltal|Yveltal|100/100
|-damage|p1a: Yveltal|76/100|[from] Stealth Rock
|-ability|p1a: Yveltal|Dark Aura
|turn|7
|
|t:|1666992248
|move|p2a: Necrozma|Stone Edge|p1a: Yveltal
|-supereffective|p1a: Yveltal
|-damage|p1a: Yveltal|0 fnt
|faint|p1a: Yveltal
|
|upkeep
|inactive|TaxFraud094 has 120 seconds left.
|
|t:|1666992264
|switch|p1a: Ride the Lighting|Zekrom|100/100
|-damage|p1a: Ride the Lighting|88/100|[from] Stealth Rock
|-ability|p1a: Ride the Lighting|Teravolt
|turn|8
|c| BuckfromGothamCity|__lol__
|inactive|TaxFraud094 has 120 seconds left.
|
|t:|1666992297
|-start|p1a: Ride the Lighting|Dynamax|
|-heal|p1a: Ride the Lighting|88/100|[silent]
|move|p2a: Necrozma|Dragon Pulse|p1a: Ride the Lighting
|-supereffective|p1a: Ride the Lighting
|-damage|p1a: Ride the Lighting|32/100
|move|p1a: Ride the Lighting|Max Lightning|p2a: Necrozma
|-resisted|p2a: Necrozma
|-damage|p2a: Necrozma|0 fnt
|-fieldstart|move: Electric Terrain
|faint|p2a: Necrozma
|
|-heal|p1a: Ride the Lighting|35/100|[from] item: Leftovers
|upkeep
|inactive|thicsucttv has 120 seconds left.
|inactive|thicsucttv has 90 seconds left.
|
|t:|1666992371
|switch|p2a: Marshadow|Marshadow|100/100
|-damage|p2a: Marshadow|94/100|[from] Stealth Rock
|-damage|p2a: Marshadow|82/100|[from] Spikes
|turn|9
|
|t:|1666992386
|-start|p2a: Marshadow|Dynamax|
|-heal|p2a: Marshadow|82/100|[silent]
|move|p2a: Marshadow|Max Hailstorm|p1a: Ride the Lighting
|-supereffective|p1a: Ride the Lighting
|-damage|p1a: Ride the Lighting|0 fnt
|-weather|Hail
|faint|p1a: Ride the Lighting
|-damage|p2a: Marshadow|77/100|[from] item: Life Orb
|
|-weather|Hail|[upkeep]
|-damage|p2a: Marshadow|74/100|[from] Hail
|upkeep
|
|t:|1666992395
|switch|p1a: Xerneas|Xerneas, shiny|100/100
|-damage|p1a: Xerneas|88/100|[from] Stealth Rock
|-ability|p1a: Xerneas|Fairy Aura
|turn|10
|inactive|thicsucttv has 90 seconds left.
|
|t:|1666992405
|move|p2a: Marshadow|Max Phantasm|p1a: Xerneas
|-damage|p1a: Xerneas|12/100
|-unboost|p1a: Xerneas|def|1
|-damage|p2a: Marshadow|69/100|[from] item: Life Orb
|move|p1a: Xerneas|Geomancy||[still]
|-prepare|p1a: Xerneas|Geomancy
|-enditem|p1a: Xerneas|Power Herb
|-anim|p1a: Xerneas|Geomancy|p1a: Xerneas
|-boost|p1a: Xerneas|spa|2
|-boost|p1a: Xerneas|spd|2
|-boost|p1a: Xerneas|spe|2
|
|-weather|Hail|[upkeep]
|-damage|p1a: Xerneas|6/100|[from] Hail
|-damage|p2a: Marshadow|66/100|[from] Hail
|upkeep
|turn|11
|inactive|TaxFraud094 has 120 seconds left.
|inactive|thicsucttv has 90 seconds left.
|
|t:|1666992420
|-end|p2a: Marshadow|Dynamax
|-heal|p2a: Marshadow|66/100|[silent]
|switch|p2a: Ditto|Ditto|100/100
|-damage|p2a: Ditto|88/100|[from] Stealth Rock
|-damage|p2a: Ditto|76/100|[from] Spikes
|-transform|p2a: Ditto|p1a: Xerneas|[from] ability: Imposter
|-ability|p2a: Ditto|Fairy Aura
|move|p1a: Xerneas|Thunder|p2a: Ditto
|-damage|p2a: Ditto|13/100
|-status|p2a: Ditto|par
|
|-weather|Hail|[upkeep]
|-damage|p1a: Xerneas|0 fnt|[from] Hail
|-damage|p2a: Ditto|7/100 par|[from] Hail
|faint|p1a: Xerneas
|
|win|thicsucttv
|upkeep
|raw|TaxFraud094's rating: 1871 &rarr; <strong>1853</strong><br />(-18 for losing)
|raw|thicsucttv's rating: 1908 &rarr; <strong>1926</strong><br />(+18 for winning)
|l| ThisIsntHilarious
|l|☆TaxFraud094
|c|☆thicsucttv|Gg
|c| BuckfromGothamCity|fr
|l| BuckfromGothamCity
|l|☆thicsucttv
||Ladder isn't responding, score probably updated but might not have (Request timeout).
|j|☆thicsucttv
|player|p2|thicsucttv|266
