|j|‽Tahz
|j|☆Shyguy17
|t:|1667050622
|gametype|singles
|player|p1|Tahz|2|1708
|player|p2|Shyguy17|169|1645
|teamsize|p1|6
|teamsize|p2|6
|gen|8
|tier|[Gen 8] National Dex AG
|rated|
|rule|HP Percentage Mod: HP is shown in percentages
|rule|Endless Battle Clause: Forcing endless battles is banned
|clearpoke
|poke|p1|Groudon|
|poke|p1|Aegislash, M|
|poke|p1|Rotom-Wash|
|poke|p1|Scrafty, M|
|poke|p1|Whimsicott, F|
|poke|p1|Ditto|
|poke|p2|Umbreon, F|
|poke|p2|Espeon, F|
|poke|p2|Zacian-*|
|poke|p2|Rhyperior, M|
|poke|p2|Breloom, F|
|poke|p2|Groudon|
|teampreview
|inactive|Battle timer is ON: inactive players will automatically lose when time's up. (requested by Shyguy17)
|
|t:|1667050646
|start
|switch|p1a: Groudon|Groudon|100/100
|switch|p2a: Groudon|Groudon|100/100
|detailschange|p1a: Groudon|Groudon-Primal
|-primal|p1a: Groudon
|-weather|DesolateLand|[from] ability: Desolate Land|[of] p1a: Groudon
|detailschange|p2a: Groudon|Groudon-Primal
|-primal|p2a: Groudon
|turn|1
|
|t:|1667050658
|switch|p2a: Espeon|Espeon, F|100/100
|move|p1a: Groudon|Precipice Blades|p2a: Espeon
|-enditem|p2a: Espeon|Focus Sash
|-damage|p2a: Espeon|1/100
|
|-weather|DesolateLand|[upkeep]
|upkeep
|turn|2
|
|t:|1667050665
|move|p2a: Espeon|Psychic|p1a: Groudon
|-damage|p1a: Groudon|69/100
|move|p1a: Groudon|Heat Crash|p2a: Espeon
|-damage|p2a: Espeon|0 fnt
|faint|p2a: Espeon
|
|-weather|DesolateLand|[upkeep]
|upkeep
|
|t:|1667050673
|switch|p2a: Breloom|Breloom, F|100/100
|turn|3
|
|t:|1667050677
|move|p2a: Breloom|Spore|p1a: Groudon
|-status|p1a: Groudon|slp|[from] move: Spore
|cant|p1a: Groudon|slp
|
|-weather|DesolateLand|[upkeep]
|upkeep
|turn|4
|
|t:|1667050683
|move|p2a: Breloom|Bullet Seed|p1a: Groudon
|-damage|p1a: Groudon|59/100 slp
|-damage|p1a: Groudon|47/100 slp
|-hitcount|p1a: Groudon|2
|cant|p1a: Groudon|slp
|move|p1a: Groudon|Sleep Talk|p1a: Groudon
|move|p1a: Groudon|Heat Crash|p2a: Breloom|[from]move: Sleep Talk
|-supereffective|p2a: Breloom
|-enditem|p2a: Breloom|Focus Sash
|-damage|p2a: Breloom|1/100
|
|-weather|DesolateLand|[upkeep]
|upkeep
|turn|5
|
|t:|1667050695
|move|p2a: Breloom|Bullet Seed|p1a: Groudon
|-damage|p1a: Groudon|35/100 slp
|-damage|p1a: Groudon|24/100 slp
|-damage|p1a: Groudon|12/100 slp
|-damage|p1a: Groudon|0 fnt
|faint|p1a: Groudon
|-weather|none
|-hitcount|p1: Groudon|4
|
|upkeep
|
|t:|1667050704
|switch|p1a: Aegislash|Aegislash, M|100/100
|turn|6
|
|t:|1667050708
|switch|p2a: Rhyperior|Rhyperior, M|100/100
|-formechange|p1a: Aegislash|Aegislash-Blade||[from] ability: Stance Change
|move|p1a: Aegislash|Shadow Sneak|p2a: Rhyperior
|-damage|p2a: Rhyperior|86/100
|-damage|p1a: Aegislash|84/100|[from] item: Rocky Helmet|[of] p2a: Rhyperior
|
|-heal|p1a: Aegislash|90/100|[from] item: Leftovers
|upkeep
|turn|7
|
|t:|1667050721
|switch|p2a: Groudon|Groudon-Primal|100/100
|-weather|DesolateLand|[from] ability: Desolate Land|[of] p2a: Groudon
|-formechange|p1a: Aegislash|Aegislash||[from] ability: Stance Change
|move|p1a: Aegislash|King's Shield||[still]
|-fail|p1a: Aegislash
|
|-weather|DesolateLand|[upkeep]
|-heal|p1a: Aegislash|96/100|[from] item: Leftovers
|upkeep
|turn|8
|
|t:|1667050732
|switch|p1a: Rotom|Rotom-Wash|100/100
|move|p2a: Groudon|Stealth Rock|p1a: Rotom
|-sidestart|p1: Tahz|move: Stealth Rock
|
|-weather|DesolateLand|[upkeep]
|upkeep
|turn|9
|
|t:|1667050741
|move|p2a: Groudon|Rock Tomb|p1a: Rotom|[miss]
|-miss|p2a: Groudon|p1a: Rotom
|move|p1a: Rotom|Toxic|p2a: Groudon
|-status|p2a: Groudon|tox
|
|-weather|DesolateLand|[upkeep]
|-damage|p2a: Groudon|94/100 tox|[from] psn
|upkeep
|turn|10
|
|t:|1667050750
|-weather|none
|switch|p2a: Breloom|Breloom, F|1/100
|move|p1a: Rotom|Foul Play|p2a: Breloom
|-resisted|p2a: Breloom
|-damage|p2a: Breloom|0 fnt
|faint|p2a: Breloom
|
|upkeep
|
|t:|1667050762
|switch|p2a: Zacian|Zacian-Crowned|100/100
|-ability|p2a: Zacian|Intrepid Sword|boost
|-boost|p2a: Zacian|atk|1
|turn|11
|
|t:|1667050769
|move|p2a: Zacian|Behemoth Blade|p1a: Rotom
|-resisted|p1a: Rotom
|-damage|p1a: Rotom|82/100
|-damage|p2a: Zacian|84/100|[from] item: Rocky Helmet|[of] p1a: Rotom
|move|p1a: Rotom|Pain Split|p2a: Zacian
|-sethp|p2a: Zacian|80/100|[from] move: Pain Split|[silent]
|-sethp|p1a: Rotom|86/100|[from] move: Pain Split
|
|upkeep
|turn|12
|
|t:|1667050783
|switch|p2a: Umbreon|Umbreon, F, shiny|100/100
|move|p1a: Rotom|Foul Play|p2a: Umbreon
|-resisted|p2a: Umbreon
|-damage|p2a: Umbreon|96/100
|
|-heal|p2a: Umbreon|100/100|[from] item: Leftovers
|upkeep
|turn|13
|
|t:|1667050792
|move|p1a: Rotom|Volt Switch|p2a: Umbreon
|-damage|p2a: Umbreon|83/100
|
|t:|1667050796
|switch|p1a: Aegislash|Aegislash, M|96/100|[from]move: Volt Switch
|-damage|p1a: Aegislash|90/100|[from] Stealth Rock
|move|p2a: Umbreon|Curse|p2a: Umbreon
|-unboost|p2a: Umbreon|spe|1
|-boost|p2a: Umbreon|atk|1
|-boost|p2a: Umbreon|def|1
|
|-heal|p1a: Aegislash|96/100|[from] item: Leftovers
|-heal|p2a: Umbreon|89/100|[from] item: Leftovers
|upkeep
|turn|14
|
|t:|1667050809
|switch|p1a: Whimsicott|Whimsicott, F|100/100
|move|p2a: Umbreon|Curse|p2a: Umbreon
|-unboost|p2a: Umbreon|spe|1
|-boost|p2a: Umbreon|atk|1
|-boost|p2a: Umbreon|def|1
|
|-heal|p2a: Umbreon|95/100|[from] item: Leftovers
|upkeep
|turn|15
|
|t:|1667050821
|switch|p2a: Zacian|Zacian-Crowned|80/100
|-ability|p2a: Zacian|Intrepid Sword|boost
|-boost|p2a: Zacian|atk|1
|move|p1a: Whimsicott|Taunt|p2a: Zacian
|-start|p2a: Zacian|move: Taunt
|
|upkeep
|turn|16
|
|t:|1667050836
|switch|p1a: Aegislash|Aegislash, M|96/100
|-damage|p1a: Aegislash|90/100|[from] Stealth Rock
|move|p2a: Zacian|Play Rough|p1a: Aegislash|[miss]
|-miss|p2a: Zacian|p1a: Aegislash
|
|-heal|p1a: Aegislash|96/100|[from] item: Leftovers
|upkeep
|turn|17
|
|t:|1667050846
|switch|p2a: Groudon|Groudon-Primal|94/100 tox
|-weather|DesolateLand|[from] ability: Desolate Land|[of] p2a: Groudon
|move|p1a: Aegislash|King's Shield||[still]
|-fail|p1a: Aegislash
|
|-weather|DesolateLand|[upkeep]
|-heal|p1a: Aegislash|100/100|[from] item: Leftovers
|-damage|p2a: Groudon|88/100 tox|[from] psn
|upkeep
|turn|18
|
|t:|1667050857
|move|p1a: Aegislash|King's Shield|p1a: Aegislash
|-singleturn|p1a: Aegislash|Protect
|move|p2a: Groudon|Fire Punch|p1a: Aegislash
|-activate|p1a: Aegislash|move: Protect
|-unboost|p2a: Groudon|atk|1
|
|-weather|DesolateLand|[upkeep]
|-damage|p2a: Groudon|76/100 tox|[from] psn
|upkeep
|turn|19
|
|t:|1667050868
|-weather|none
|switch|p2a: Umbreon|Umbreon, F, shiny|95/100
|switch|p1a: Rotom|Rotom-Wash|86/100
|-damage|p1a: Rotom|74/100|[from] Stealth Rock
|
|-heal|p2a: Umbreon|100/100|[from] item: Leftovers
|upkeep
|turn|20
|j| ThisIsntHilarious
|
|t:|1667050889
|move|p1a: Rotom|Toxic|p2a: Umbreon
|-status|p2a: Umbreon|tox
|-activate|p2a: Umbreon|ability: Synchronize
|-status|p1a: Rotom|tox
|move|p2a: Umbreon|Toxic|p1a: Rotom
|-fail|p1a: Rotom|tox
|
|-damage|p1a: Rotom|68/100 tox|[from] psn
|-damage|p2a: Umbreon|94/100 tox|[from] psn
|upkeep
|turn|21
|
|t:|1667050905
|move|p1a: Rotom|Pain Split|p2a: Umbreon
|-sethp|p2a: Umbreon|78/100 tox|[from] move: Pain Split|[silent]
|-sethp|p1a: Rotom|86/100 tox|[from] move: Pain Split
|move|p2a: Umbreon|Payback|p1a: Rotom
|-damage|p1a: Rotom|68/100 tox
|-damage|p2a: Umbreon|62/100 tox|[from] item: Rocky Helmet|[of] p1a: Rotom
|
|-heal|p2a: Umbreon|68/100 tox|[from] item: Leftovers
|-damage|p1a: Rotom|56/100 tox|[from] psn
|-damage|p2a: Umbreon|56/100 tox|[from] psn
|upkeep
|turn|22
|
|t:|1667050917
|move|p1a: Rotom|Volt Switch|p2a: Umbreon
|-damage|p2a: Umbreon|38/100 tox
|
|t:|1667050921
|switch|p1a: Whimsicott|Whimsicott, F|100/100|[from]move: Volt Switch
|move|p2a: Umbreon|Payback|p1a: Whimsicott
|-resisted|p1a: Whimsicott
|-damage|p1a: Whimsicott|91/100
|
|-heal|p2a: Umbreon|44/100 tox|[from] item: Leftovers
|-damage|p2a: Umbreon|26/100 tox|[from] psn
|upkeep
|turn|23
|
|t:|1667050932
|move|p1a: Whimsicott|Hidden Power|p2a: Umbreon
|-damage|p2a: Umbreon|16/100 tox
|move|p2a: Umbreon|Moonlight|p2a: Umbreon
|-heal|p2a: Umbreon|66/100 tox
|
|-heal|p2a: Umbreon|72/100 tox|[from] item: Leftovers
|-damage|p2a: Umbreon|47/100 tox|[from] psn
|upkeep
|turn|24
|
|t:|1667050943
|switch|p2a: Groudon|Groudon-Primal|76/100 tox
|-weather|DesolateLand|[from] ability: Desolate Land|[of] p2a: Groudon
|move|p1a: Whimsicott|Leech Seed|p2a: Groudon
|-start|p2a: Groudon|move: Leech Seed
|
|-weather|DesolateLand|[upkeep]
|-damage|p2a: Groudon|64/100 tox|[from] Leech Seed|[of] p1a: Whimsicott
|-heal|p1a: Whimsicott|100/100|[silent]
|-damage|p2a: Groudon|58/100 tox|[from] psn
|upkeep
|turn|25
|
|t:|1667050953
|switch|p1a: Rotom|Rotom-Wash|56/100 tox
|-damage|p1a: Rotom|44/100 tox|[from] Stealth Rock
|move|p2a: Groudon|Fire Punch|p1a: Rotom
|-resisted|p1a: Rotom
|-crit|p1a: Rotom
|-damage|p1a: Rotom|0 fnt
|-damage|p2a: Groudon|41/100 tox|[from] item: Rocky Helmet|[of] p1a: Rotom
|faint|p1a: Rotom
|
|-weather|DesolateLand|[upkeep]
|-damage|p2a: Groudon|29/100 tox|[from] psn
|upkeep
|l| ThisIsntHilarious
|
|t:|1667050967
|switch|p1a: Ditto|Ditto|100/100
|-damage|p1a: Ditto|88/100|[from] Stealth Rock
|-transform|p1a: Ditto|p2a: Groudon|[from] ability: Imposter
|turn|26
|
|t:|1667050974
|move|p1a: Ditto|Earthquake|p2a: Groudon
|-supereffective|p2a: Groudon
|-damage|p2a: Groudon|0 fnt
|faint|p2a: Groudon
|
|-weather|DesolateLand|[upkeep]
|upkeep
|
|t:|1667050979
|switch|p2a: Rhyperior|Rhyperior, M|86/100
|turn|27
|
|t:|1667050983
|-start|p2a: Rhyperior|Dynamax|
|-heal|p2a: Rhyperior|86/100|[silent]
|move|p1a: Ditto|Earthquake|p2a: Rhyperior
|-supereffective|p2a: Rhyperior
|-damage|p2a: Rhyperior|55/100
|move|p2a: Rhyperior|Max Quake|p1a: Ditto
|-supereffective|p1a: Ditto
|-damage|p1a: Ditto|0 fnt
|-boost|p2a: Rhyperior|spd|1
|faint|p1a: Ditto
|-weather|none
|
|upkeep
|
|t:|1667050988
|switch|p1a: Whimsicott|Whimsicott, F|100/100
|turn|28
|
|t:|1667050998
|-start|p1a: Whimsicott|Dynamax|
|-heal|p1a: Whimsicott|100/100|[silent]
|move|p1a: Whimsicott|Max Starfall|p2a: Rhyperior
|-damage|p2a: Rhyperior|29/100
|-fieldstart|move: Misty Terrain
|move|p2a: Rhyperior|Max Hailstorm|p1a: Whimsicott
|-supereffective|p1a: Whimsicott
|-damage|p1a: Whimsicott|27/100
|-weather|Hail
|
|-weather|Hail|[upkeep]
|-damage|p1a: Whimsicott|24/100|[from] Hail
|-damage|p2a: Rhyperior|26/100|[from] Hail
|upkeep
|turn|29
|
|t:|1667051015
|-end|p2a: Rhyperior|Dynamax
|-heal|p2a: Rhyperior|26/100|[silent]
|switch|p2a: Zacian|Zacian-Crowned|80/100
|-ability|p2a: Zacian|Intrepid Sword|boost
|-boost|p2a: Zacian|atk|1
|move|p1a: Whimsicott|Max Guard||[still]
|-fail|p1a: Whimsicott
|
|-weather|Hail|[upkeep]
|-damage|p2a: Zacian|74/100|[from] Hail
|-damage|p1a: Whimsicott|21/100|[from] Hail
|upkeep
|turn|30
|
|t:|1667051027
|-end|p1a: Whimsicott|Dynamax
|-heal|p1a: Whimsicott|21/100|[silent]
|switch|p1a: Aegislash|Aegislash, M|100/100
|-damage|p1a: Aegislash|94/100|[from] Stealth Rock
|move|p2a: Zacian|Behemoth Blade|p1a: Aegislash
|-resisted|p1a: Aegislash
|-damage|p1a: Aegislash|55/100
|
|-weather|Hail|[upkeep]
|-damage|p2a: Zacian|68/100|[from] Hail
|-damage|p1a: Aegislash|49/100|[from] Hail
|-heal|p1a: Aegislash|55/100|[from] item: Leftovers
|upkeep
|turn|31
|
|t:|1667051042
|switch|p2a: Rhyperior|Rhyperior, M|26/100
|-formechange|p1a: Aegislash|Aegislash-Blade||[from] ability: Stance Change
|move|p1a: Aegislash|Sacred Sword|p2a: Rhyperior
|-supereffective|p2a: Rhyperior
|-damage|p2a: Rhyperior|0 fnt
|-damage|p1a: Aegislash|39/100|[from] item: Rocky Helmet|[of] p2a: Rhyperior
|faint|p2a: Rhyperior
|
|-weather|Hail|[upkeep]
|-damage|p1a: Aegislash|33/100|[from] Hail
|-heal|p1a: Aegislash|39/100|[from] item: Leftovers
|upkeep
|
|t:|1667051056
|switch|p2a: Zacian|Zacian-Crowned|68/100
|-ability|p2a: Zacian|Intrepid Sword|boost
|-boost|p2a: Zacian|atk|1
|turn|32
|
|t:|1667051062
|-formechange|p1a: Aegislash|Aegislash||[from] ability: Stance Change
|move|p1a: Aegislash|King's Shield|p1a: Aegislash
|-singleturn|p1a: Aegislash|Protect
|move|p2a: Zacian|Behemoth Blade|p1a: Aegislash
|-activate|p1a: Aegislash|move: Protect
|-unboost|p2a: Zacian|atk|1
|
|-weather|none
|-heal|p1a: Aegislash|45/100|[from] item: Leftovers
|-fieldend|Misty Terrain
|upkeep
|turn|33
|
|t:|1667051075
|switch|p2a: Umbreon|Umbreon, F, shiny|47/100 tox
|-formechange|p1a: Aegislash|Aegislash-Blade||[from] ability: Stance Change
|move|p1a: Aegislash|Iron Head|p2a: Umbreon
|-damage|p2a: Umbreon|12/100 tox
|
|-heal|p2a: Umbreon|18/100 tox|[from] item: Leftovers
|-heal|p1a: Aegislash|51/100|[from] item: Leftovers
|-damage|p2a: Umbreon|12/100 tox|[from] psn
|upkeep
|turn|34
|
|t:|1667051087
|-formechange|p1a: Aegislash|Aegislash||[from] ability: Stance Change
|move|p1a: Aegislash|King's Shield|p1a: Aegislash
|-singleturn|p1a: Aegislash|Protect
|move|p2a: Umbreon|Payback|p1a: Aegislash
|-activate|p1a: Aegislash|move: Protect
|-unboost|p2a: Umbreon|atk|1
|
|-heal|p2a: Umbreon|18/100 tox|[from] item: Leftovers
|-heal|p1a: Aegislash|57/100|[from] item: Leftovers
|-damage|p2a: Umbreon|6/100 tox|[from] psn
|upkeep
|turn|35
|
|t:|1667051100
|-formechange|p1a: Aegislash|Aegislash-Blade||[from] ability: Stance Change
|move|p1a: Aegislash|Shadow Sneak|p2a: Umbreon
|-resisted|p2a: Umbreon
|-damage|p2a: Umbreon|0 fnt
|faint|p2a: Umbreon
|
|-heal|p1a: Aegislash|63/100|[from] item: Leftovers
|upkeep
|
|t:|1667051109
|switch|p2a: Zacian|Zacian-Crowned|68/100
|-ability|p2a: Zacian|Intrepid Sword|boost
|-boost|p2a: Zacian|atk|1
|turn|36
|
|t:|1667051113
|-formechange|p1a: Aegislash|Aegislash||[from] ability: Stance Change
|move|p1a: Aegislash|King's Shield|p1a: Aegislash
|-singleturn|p1a: Aegislash|Protect
|move|p2a: Zacian|Swords Dance|p2a: Zacian
|-boost|p2a: Zacian|atk|2
|
|-heal|p1a: Aegislash|70/100|[from] item: Leftovers
|upkeep
|turn|37
|
|t:|1667051124
|move|p2a: Zacian|Behemoth Blade|p1a: Aegislash
|-resisted|p1a: Aegislash
|-damage|p1a: Aegislash|10/100
|-formechange|p1a: Aegislash|Aegislash-Blade||[from] ability: Stance Change
|move|p1a: Aegislash|Iron Head|p2a: Zacian
|-damage|p2a: Zacian|22/100
|
|-heal|p1a: Aegislash|17/100|[from] item: Leftovers
|upkeep
|turn|38
|
|t:|1667051134
|move|p1a: Aegislash|Shadow Sneak|p2a: Zacian
|-damage|p2a: Zacian|0 fnt
|faint|p2a: Zacian
|
|win|Tahz
|raw|Tahz's rating: 1708 &rarr; <strong>1724</strong><br />(+16 for winning)
|raw|Shyguy17's rating: 1645 &rarr; <strong>1629</strong><br />(-16 for losing)
