|j|☆starkorea74
|j|☆Lizardu
|t:|1598014216
|player|p1|starkorea74|cynthia|1945
|player|p2|Lizardu|colress-gen7|1671
|teamsize|p1|6
|teamsize|p2|6
|gametype|singles
|gen|8
|tier|[Gen 8] National Dex AG
|rated|
|clearpoke
|poke|p1|Necrozma-Dusk-Mane|
|poke|p1|Ho-Oh|
|poke|p1|Ditto|
|poke|p1|Arceus-*|
|poke|p1|Rayquaza|
|poke|p1|Yveltal|
|poke|p2|Arceus-*|
|poke|p2|Groudon|
|poke|p2|Necrozma-Dusk-Mane|
|poke|p2|Marshadow|
|poke|p2|Yveltal|
|poke|p2|Zygarde|
|rule|HP Percentage Mod: HP is shown in percentages
|rule|Endless Battle Clause: Forcing endless battles is banned
|teampreview
|
|t:|1598014231
|start
|switch|p1a: Rayquaza|Rayquaza|100/100
|switch|p2a: Arceus|Arceus-Ground|100/100
|-ability|p1a: Rayquaza|Air Lock
|turn|1
|
|t:|1598014239
|switch|p1a: Ho-Oh|Ho-Oh|100/100
|move|p2a: Arceus|Ice Beam|p1a: Ho-Oh
|-damage|p1a: Ho-Oh|87/100
|
|upkeep
|turn|2
|
|t:|1598014244
|switch|p2a: Groudon|Groudon|100/100
|detailschange|p2a: Groudon|Groudon-Primal
|-primal|p2a: Groudon
|-weather|DesolateLand|[from] ability: Desolate Land|[of] p2a: Groudon
|move|p1a: Ho-Oh|Toxic|p2a: Groudon
|-status|p2a: Groudon|tox
|
|-weather|DesolateLand|[upkeep]
|-damage|p2a: Groudon|94/100 tox|[from] psn
|upkeep
|turn|3
|
|t:|1598014254
|switch|p1a: Arceus|Arceus-Dark|100/100
|move|p2a: Groudon|Toxic|p1a: Arceus
|-status|p1a: Arceus|tox
|
|-weather|DesolateLand|[upkeep]
|-damage|p1a: Arceus|94/100 tox|[from] psn
|-damage|p2a: Groudon|82/100 tox|[from] psn
|upkeep
|turn|4
|
|t:|1598014262
|move|p1a: Arceus|Refresh|p1a: Arceus
|-curestatus|p1a: Arceus|tox|[msg]
|move|p2a: Groudon|Overheat|p1a: Arceus
|-damage|p1a: Arceus|50/100
|-unboost|p2a: Groudon|spa|2
|
|-weather|DesolateLand|[upkeep]
|-damage|p2a: Groudon|63/100 tox|[from] psn
|upkeep
|turn|5
|
|t:|1598014286
|-weather|none
|switch|p2a: Marshadow|Marshadow|100/100
|move|p1a: Arceus|Recover|p1a: Arceus
|-heal|p1a: Arceus|99/100
|
|upkeep
|turn|6
|
|t:|1598014293
|switch|p1a: Ho-Oh|Ho-Oh|100/100
|move|p2a: Marshadow|Close Combat|p1a: Ho-Oh
|-resisted|p1a: Ho-Oh
|-damage|p1a: Ho-Oh|83/100
|-unboost|p2a: Marshadow|def|1
|-unboost|p2a: Marshadow|spd|1
|
|upkeep
|turn|7
|
|t:|1598014312
|switch|p2a: Groudon|Groudon-Primal|63/100 tox
|-weather|DesolateLand|[from] ability: Desolate Land|[of] p2a: Groudon
|move|p1a: Ho-Oh|Toxic|p2a: Groudon
|-fail|p2a: Groudon|tox
|
|-weather|DesolateLand|[upkeep]
|-damage|p2a: Groudon|57/100 tox|[from] psn
|upkeep
|turn|8
|
|t:|1598014324
|switch|p1a: Rayquaza|Rayquaza|100/100
|-ability|p1a: Rayquaza|Air Lock
|move|p2a: Groudon|Stealth Rock|p1a: Rayquaza
|-sidestart|p1: starkorea74|move: Stealth Rock
|
|-weather|DesolateLand|[upkeep]
|-damage|p2a: Groudon|45/100 tox|[from] psn
|upkeep
|turn|9
|
|t:|1598014348
|detailschange|p1a: Rayquaza|Rayquaza-Mega
|-mega|p1a: Rayquaza|Rayquaza|
|-weather|DeltaStream|[from] ability: Delta Stream|[of] p1a: Rayquaza
|move|p1a: Rayquaza|Dragon Ascent|p2a: Groudon
|-damage|p2a: Groudon|0 fnt
|-unboost|p1a: Rayquaza|def|1
|-unboost|p1a: Rayquaza|spd|1
|-damage|p1a: Rayquaza|91/100|[from] item: Life Orb
|faint|p2a: Groudon
|
|-weather|DeltaStream|[upkeep]
|upkeep
|
|t:|1598014406
|switch|p2a: Arceus|Arceus-Ground|100/100
|turn|10
|
|t:|1598014413
|-weather|none
|switch|p1a: Ho-Oh|Ho-Oh|100/100
|switch|p2a: Yveltal|Yveltal|100/100
|-ability|p2a: Yveltal|Dark Aura
|
|upkeep
|turn|11
|
|t:|1598014420
|-start|p2a: Yveltal|Dynamax
|-heal|p2a: Yveltal|100/100|[silent]
|move|p2a: Yveltal|Max Rockfall|p1a: Ho-Oh
|-supereffective|p1a: Ho-Oh
|-damage|p1a: Ho-Oh|0 fnt
|-weather|Sandstorm
|-damage|p2a: Yveltal|96/100|[from] item: Life Orb
|faint|p1a: Ho-Oh
|
|-weather|Sandstorm|[upkeep]
|-damage|p2a: Yveltal|93/100|[from] Sandstorm
|upkeep
|
|t:|1598014432
|switch|p1a: Arceus|Arceus-Dark|99/100
|-damage|p1a: Arceus|88/100|[from] Stealth Rock
|turn|12
|
|t:|1598014437
|move|p2a: Yveltal|Max Darkness|p1a: Arceus
|-resisted|p1a: Arceus
|-damage|p1a: Arceus|56/100
|-unboost|p1a: Arceus|spd|1
|-damage|p2a: Yveltal|88/100|[from] item: Life Orb
|move|p1a: Arceus|Calm Mind|p1a: Arceus
|-boost|p1a: Arceus|spa|1
|-boost|p1a: Arceus|spd|1
|
|-weather|Sandstorm|[upkeep]
|-damage|p2a: Yveltal|85/100|[from] Sandstorm
|-damage|p1a: Arceus|50/100|[from] Sandstorm
|upkeep
|turn|13
|
|t:|1598014448
|move|p2a: Yveltal|Max Airstream|p1a: Arceus
|-damage|p1a: Arceus|3/100
|-boost|p2a: Yveltal|spe|1
|-damage|p2a: Yveltal|80/100|[from] item: Life Orb
|move|p1a: Arceus|Recover|p1a: Arceus
|-heal|p1a: Arceus|53/100
|
|-weather|Sandstorm|[upkeep]
|-damage|p2a: Yveltal|77/100|[from] Sandstorm
|-damage|p1a: Arceus|46/100|[from] Sandstorm
|-end|p2a: Yveltal|Dynamax
|-heal|p2a: Yveltal|77/100|[silent]
|upkeep
|turn|14
|
|t:|1598014464
|switch|p2a: Zygarde|Zygarde|100/100
|move|p1a: Arceus|Recover|p1a: Arceus
|-heal|p1a: Arceus|96/100
|
|-weather|Sandstorm|[upkeep]
|-damage|p1a: Arceus|90/100|[from] Sandstorm
|upkeep
|turn|15
|
|t:|1598014473
|move|p2a: Zygarde|Glare|p1a: Arceus
|-status|p1a: Arceus|par
|move|p1a: Arceus|Judgment|p2a: Zygarde
|-damage|p2a: Zygarde|35/100
|
|-weather|none
|-heal|p2a: Zygarde|41/100|[from] item: Leftovers
|-activate|p2a: Zygarde|ability: Power Construct
|detailschange|p2a: Zygarde|Zygarde-Complete
|-heal|p2a: Zygarde|64/100|[silent]
|upkeep
|turn|16
|
|t:|1598014490
|move|p2a: Zygarde|Thousand Arrows|p1a: Arceus
|-damage|p1a: Arceus|63/100 par
|move|p1a: Arceus|Judgment|p2a: Zygarde
|-damage|p2a: Zygarde|19/100
|
|-heal|p2a: Zygarde|25/100|[from] item: Leftovers
|upkeep
|turn|17
|
|t:|1598014497
|move|p2a: Zygarde|Thousand Arrows|p1a: Arceus
|-damage|p1a: Arceus|36/100 par
|move|p1a: Arceus|Judgment|p2a: Zygarde
|-damage|p2a: Zygarde|0 fnt
|faint|p2a: Zygarde
|
|upkeep
|
|t:|1598014535
|switch|p2a: Marshadow|Marshadow|100/100
|turn|18
|
|t:|1598014548
|switch|p1a: Necrozma|Necrozma-Dusk-Mane|100/100
|-damage|p1a: Necrozma|94/100|[from] Stealth Rock
|move|p2a: Marshadow|Close Combat|p1a: Necrozma
|-damage|p1a: Necrozma|65/100
|-unboost|p2a: Marshadow|def|1
|-unboost|p2a: Marshadow|spd|1
|
|-heal|p1a: Necrozma|71/100|[from] item: Leftovers
|upkeep
|turn|19
|j| Rex Fyn
|
|t:|1598014567
|move|p2a: Marshadow|Spectral Thief|p1a: Necrozma
|-supereffective|p1a: Necrozma
|-damage|p1a: Necrozma|34/100
|move|p1a: Necrozma|Toxic|p2a: Marshadow
|-status|p2a: Marshadow|tox
|
|-heal|p1a: Necrozma|40/100|[from] item: Leftovers
|-damage|p2a: Marshadow|94/100 tox|[from] psn
|upkeep
|turn|20
|
|t:|1598014577
|move|p2a: Marshadow|Spectral Thief|p1a: Necrozma
|-supereffective|p1a: Necrozma
|-damage|p1a: Necrozma|2/100
|move|p1a: Necrozma|Morning Sun|p1a: Necrozma
|-heal|p1a: Necrozma|52/100
|
|-heal|p1a: Necrozma|58/100|[from] item: Leftovers
|-damage|p2a: Marshadow|82/100 tox|[from] psn
|upkeep
|turn|21
|
|t:|1598014586
|move|p2a: Marshadow|Spectral Thief|p1a: Necrozma
|-supereffective|p1a: Necrozma
|-damage|p1a: Necrozma|24/100
|move|p1a: Necrozma|Morning Sun|p1a: Necrozma
|-heal|p1a: Necrozma|74/100
|
|-heal|p1a: Necrozma|80/100|[from] item: Leftovers
|-damage|p2a: Marshadow|63/100 tox|[from] psn
|upkeep
|turn|22
|
|t:|1598014597
|move|p2a: Marshadow|Spectral Thief|p1a: Necrozma
|-supereffective|p1a: Necrozma
|-damage|p1a: Necrozma|42/100
|move|p1a: Necrozma|Stealth Rock|p2a: Marshadow
|-sidestart|p2: Lizardu|move: Stealth Rock
|
|-heal|p1a: Necrozma|48/100|[from] item: Leftovers
|-damage|p2a: Marshadow|38/100 tox|[from] psn
|upkeep
|turn|23
|
|t:|1598014606
|move|p2a: Marshadow|Spectral Thief|p1a: Necrozma
|-supereffective|p1a: Necrozma
|-crit|p1a: Necrozma
|-damage|p1a: Necrozma|0 fnt
|faint|p1a: Necrozma
|
|-damage|p2a: Marshadow|7/100 tox|[from] psn
|upkeep
|
|t:|1598014619
|switch|p1a: Yveltal|Yveltal, shiny|100/100
|-damage|p1a: Yveltal|76/100|[from] Stealth Rock
|-ability|p1a: Yveltal|Dark Aura
|turn|24
|
|t:|1598014656
|switch|p2a: Necrozma|Necrozma-Dusk-Mane|100/100
|-damage|p2a: Necrozma|95/100|[from] Stealth Rock
|-start|p1a: Yveltal|Dynamax
|-heal|p1a: Yveltal|76/100|[silent]
|move|p1a: Yveltal|Max Airstream|p2a: Necrozma
|-resisted|p2a: Necrozma
|-damage|p2a: Necrozma|49/100
|-boost|p1a: Yveltal|spe|1
|-damage|p1a: Yveltal|71/100|[from] item: Life Orb
|
|upkeep
|turn|25
|
|t:|1598014672
|switch|p2a: Marshadow|Marshadow|7/100 tox
|-damage|p2a: Marshadow|1/100 tox|[from] Stealth Rock
|move|p1a: Yveltal|Max Quake|p2a: Marshadow
|-damage|p2a: Marshadow|0 fnt
|-boost|p1a: Yveltal|spd|1
|-damage|p1a: Yveltal|66/100|[from] item: Life Orb
|faint|p2a: Marshadow
|
|upkeep
|
|t:|1598014682
|switch|p2a: Arceus|Arceus-Ground|100/100
|-damage|p2a: Arceus|94/100|[from] Stealth Rock
|turn|26
|
|t:|1598014694
|move|p1a: Yveltal|Max Darkness|p2a: Arceus
|-damage|p2a: Arceus|12/100
|-unboost|p2a: Arceus|spd|1
|-damage|p1a: Yveltal|61/100|[from] item: Life Orb
|move|p2a: Arceus|Recover|p2a: Arceus
|-heal|p2a: Arceus|62/100
|
|-end|p1a: Yveltal|Dynamax
|-heal|p1a: Yveltal|61/100|[silent]
|upkeep
|turn|27
|
|t:|1598014715
|switch|p2a: Yveltal|Yveltal|77/100
|-damage|p2a: Yveltal|52/100|[from] Stealth Rock
|-ability|p2a: Yveltal|Dark Aura
|move|p1a: Yveltal|Oblivion Wing|p2a: Yveltal
|-damage|p2a: Yveltal|0 fnt
|-heal|p1a: Yveltal|99/100|[from] drain|[of] p2a: Yveltal
|-damage|p1a: Yveltal|90/100|[from] item: Life Orb
|faint|p2a: Yveltal
|
|upkeep
|
|t:|1598014723
|switch|p2a: Arceus|Arceus-Ground|62/100
|-damage|p2a: Arceus|56/100|[from] Stealth Rock
|turn|28
|
|t:|1598014729
|move|p1a: Yveltal|Taunt|p2a: Arceus
|-start|p2a: Arceus|move: Taunt
|cant|p2a: Arceus|move: Taunt|Recover
|
|upkeep
|turn|29
|
|t:|1598014733
|move|p1a: Yveltal|Dark Pulse|p2a: Arceus
|-damage|p2a: Arceus|6/100
|-damage|p1a: Yveltal|80/100|[from] item: Life Orb
|move|p2a: Arceus|Ice Beam|p1a: Yveltal
|-supereffective|p1a: Yveltal
|-damage|p1a: Yveltal|52/100
|
|upkeep
|turn|30
|
|t:|1598014740
|move|p1a: Yveltal|Oblivion Wing|p2a: Arceus
|-damage|p2a: Arceus|0 fnt
|-heal|p1a: Yveltal|57/100|[from] drain|[of] p2a: Arceus
|-damage|p1a: Yveltal|47/100|[from] item: Life Orb
|faint|p2a: Arceus
|
|upkeep
|
|t:|1598014742
|switch|p2a: Necrozma|Necrozma-Dusk-Mane|49/100
|-damage|p2a: Necrozma|43/100|[from] Stealth Rock
|turn|31
|
|t:|1598014750
|move|p1a: Yveltal|Dark Pulse|p2a: Necrozma
|-supereffective|p2a: Necrozma
|-damage|p2a: Necrozma|0 fnt
|-damage|p1a: Yveltal|37/100|[from] item: Life Orb
|faint|p2a: Necrozma
|
|win|starkorea74
|l|☆Lizardu
|raw|starkorea74's rating: 1945 &rarr; <strong>1951</strong><br />(+6 for winning)
|raw|Lizardu's rating: 1671 &rarr; <strong>1664</strong><br />(-7 for losing)
|l|☆starkorea74
