|j|☆ThenoJSZ
|j|☆kasak
|t:|1667103229
|gametype|singles
|player|p1|ThenoJSZ|ash|1686
|player|p2|kasak|youngster-gen4dp|1843
|teamsize|p1|6
|teamsize|p2|6
|gen|8
|tier|[Gen 8] National Dex AG
|rated|
|rule|HP Percentage Mod: HP is shown in percentages
|rule|Endless Battle Clause: Forcing endless battles is banned
|clearpoke
|poke|p1|Rayquaza|
|poke|p1|Ho-Oh|
|poke|p1|Arceus-*|
|poke|p1|Arceus-*|
|poke|p1|Necrozma-Dusk-Mane|
|poke|p1|Ditto|
|poke|p2|Arceus-*|
|poke|p2|Ditto|
|poke|p2|Chansey, F|
|poke|p2|Lugia|
|poke|p2|Groudon|
|poke|p2|Arceus-*|
|teampreview
|inactive|Battle timer is ON: inactive players will automatically lose when time's up. (requested by ThenoJSZ)
|
|t:|1667103237
|start
|switch|p1a: Rayquaza|Rayquaza|100/100
|switch|p2a: 그란돈|Groudon|100/100
|-ability|p1a: Rayquaza|Air Lock
|detailschange|p2a: 그란돈|Groudon-Primal
|-primal|p2a: 그란돈
|-weather|DesolateLand|[from] ability: Desolate Land|[of] p2a: 그란돈
|turn|1
|
|t:|1667103242
|-weather|none
|switch|p2a: 루기아|Lugia|100/100
|detailschange|p1a: Rayquaza|Rayquaza-Mega
|-mega|p1a: Rayquaza|Rayquaza|
|-weather|DeltaStream|[from] ability: Delta Stream|[of] p1a: Rayquaza
|move|p1a: Rayquaza|Earthquake|p2a: 루기아
|-immune|p2a: 루기아
|
|-weather|DeltaStream|[upkeep]
|upkeep
|turn|2
|
|t:|1667103251
|move|p1a: Rayquaza|Scale Shot|p2a: 루기아
|-crit|p2a: 루기아
|-damage|p2a: 루기아|91/100
|-damage|p2a: 루기아|80/100
|-damage|p2a: 루기아|69/100
|-damage|p2a: 루기아|58/100
|-damage|p2a: 루기아|47/100
|-hitcount|p2a: 루기아|5
|-unboost|p1a: Rayquaza|def|1
|-boost|p1a: Rayquaza|spe|1
|-damage|p1a: Rayquaza|91/100|[from] item: Life Orb
|move|p2a: 루기아|Toxic|p1a: Rayquaza
|-status|p1a: Rayquaza|tox
|
|-weather|DeltaStream|[upkeep]
|-damage|p1a: Rayquaza|84/100 tox|[from] psn
|upkeep
|turn|3
|
|t:|1667103264
|move|p1a: Rayquaza|Dragon Ascent|p2a: 루기아
|-damage|p2a: 루기아|0 fnt
|-unboost|p1a: Rayquaza|def|1
|-unboost|p1a: Rayquaza|spd|1
|-damage|p1a: Rayquaza|68/100 tox|[from] item: Rocky Helmet|[of] p2a: 루기아
|faint|p2a: 루기아
|-damage|p1a: Rayquaza|58/100 tox|[from] item: Life Orb
|
|-weather|DeltaStream|[upkeep]
|-damage|p1a: Rayquaza|45/100 tox|[from] psn
|upkeep
|
|t:|1667103267
|switch|p2a: 메타몽|Ditto|100/100
|-transform|p2a: 메타몽|p1a: Rayquaza|[from] ability: Imposter
|turn|4
|
|t:|1667103271
|switch|p2a: 악르세우스|Arceus-Dark|100/100
|-weather|none
|switch|p1a: Arceus|Arceus-Water|100/100
|
|upkeep
|turn|5
|
|t:|1667103275
|move|p2a: 악르세우스|Calm Mind|p2a: 악르세우스
|-boost|p2a: 악르세우스|spa|1
|-boost|p2a: 악르세우스|spd|1
|move|p1a: Arceus|Calm Mind|p1a: Arceus
|-boost|p1a: Arceus|spa|1
|-boost|p1a: Arceus|spd|1
|
|upkeep
|turn|6
|
|t:|1667103281
|move|p2a: 악르세우스|Calm Mind|p2a: 악르세우스
|-boost|p2a: 악르세우스|spa|1
|-boost|p2a: 악르세우스|spd|1
|move|p1a: Arceus|Calm Mind|p1a: Arceus
|-boost|p1a: Arceus|spa|1
|-boost|p1a: Arceus|spd|1
|
|upkeep
|turn|7
|
|t:|1667103283
|move|p2a: 악르세우스|Calm Mind|p2a: 악르세우스
|-boost|p2a: 악르세우스|spa|1
|-boost|p2a: 악르세우스|spd|1
|move|p1a: Arceus|Calm Mind|p1a: Arceus
|-boost|p1a: Arceus|spa|1
|-boost|p1a: Arceus|spd|1
|
|upkeep
|turn|8
|
|t:|1667103289
|move|p2a: 악르세우스|Calm Mind|p2a: 악르세우스
|-boost|p2a: 악르세우스|spa|1
|-boost|p2a: 악르세우스|spd|1
|move|p1a: Arceus|Calm Mind|p1a: Arceus
|-boost|p1a: Arceus|spa|1
|-boost|p1a: Arceus|spd|1
|
|upkeep
|turn|9
|
|t:|1667103291
|move|p2a: 악르세우스|Calm Mind|p2a: 악르세우스
|-boost|p2a: 악르세우스|spa|1
|-boost|p2a: 악르세우스|spd|1
|move|p1a: Arceus|Calm Mind|p1a: Arceus
|-boost|p1a: Arceus|spa|1
|-boost|p1a: Arceus|spd|1
|
|upkeep
|turn|10
|
|t:|1667103293
|move|p2a: 악르세우스|Calm Mind|p2a: 악르세우스
|-boost|p2a: 악르세우스|spa|1
|-boost|p2a: 악르세우스|spd|1
|move|p1a: Arceus|Calm Mind|p1a: Arceus
|-boost|p1a: Arceus|spa|1
|-boost|p1a: Arceus|spd|1
|
|upkeep
|turn|11
|
|t:|1667103296
|move|p2a: 악르세우스|Judgment|p1a: Arceus
|-damage|p1a: Arceus|70/100
|move|p1a: Arceus|Judgment|p2a: 악르세우스
|-damage|p2a: 악르세우스|69/100
|
|upkeep
|turn|12
|
|t:|1667103302
|move|p2a: 악르세우스|Judgment|p1a: Arceus
|-damage|p1a: Arceus|40/100
|move|p1a: Arceus|Judgment|p2a: 악르세우스
|-damage|p2a: 악르세우스|39/100
|
|upkeep
|turn|13
|
|t:|1667103308
|move|p2a: 악르세우스|Recover|p2a: 악르세우스
|-heal|p2a: 악르세우스|89/100
|move|p1a: Arceus|Recover|p1a: Arceus
|-heal|p1a: Arceus|90/100
|
|upkeep
|turn|14
|
|t:|1667103312
|move|p2a: 악르세우스|Judgment|p1a: Arceus
|-damage|p1a: Arceus|58/100
|move|p1a: Arceus|Recover|p1a: Arceus
|-heal|p1a: Arceus|100/100
|
|upkeep
|turn|15
|
|t:|1667103318
|move|p2a: 악르세우스|Judgment|p1a: Arceus
|-damage|p1a: Arceus|68/100
|move|p1a: Arceus|Judgment|p2a: 악르세우스
|-damage|p2a: 악르세우스|59/100
|
|upkeep
|turn|16
|
|t:|1667103330
|move|p2a: 악르세우스|Recover|p2a: 악르세우스
|-heal|p2a: 악르세우스|100/100
|move|p1a: Arceus|Judgment|p2a: 악르세우스
|-damage|p2a: 악르세우스|71/100
|
|upkeep
|turn|17
|
|t:|1667103332
|move|p2a: 악르세우스|Judgment|p1a: Arceus
|-damage|p1a: Arceus|33/100
|move|p1a: Arceus|Recover|p1a: Arceus
|-heal|p1a: Arceus|83/100
|
|upkeep
|turn|18
|
|t:|1667103341
|move|p2a: 악르세우스|Calm Mind|p2a: 악르세우스
|-boost|p2a: 악르세우스|spa|0
|-boost|p2a: 악르세우스|spd|0
|move|p1a: Arceus|Judgment|p2a: 악르세우스
|-damage|p2a: 악르세우스|40/100
|
|upkeep
|turn|19
|
|t:|1667103347
|move|p2a: 악르세우스|Recover|p2a: 악르세우스
|-heal|p2a: 악르세우스|90/100
|move|p1a: Arceus|Judgment|p2a: 악르세우스
|-damage|p2a: 악르세우스|59/100
|
|upkeep
|turn|20
|
|t:|1667103356
|move|p2a: 악르세우스|Judgment|p1a: Arceus
|-damage|p1a: Arceus|53/100
|move|p1a: Arceus|Judgment|p2a: 악르세우스
|-damage|p2a: 악르세우스|25/100
|
|upkeep
|turn|21
|
|t:|1667103361
|move|p2a: 악르세우스|Recover|p2a: 악르세우스
|-heal|p2a: 악르세우스|75/100
|move|p1a: Arceus|Recover|p1a: Arceus
|-heal|p1a: Arceus|100/100
|
|upkeep
|turn|22
|
|t:|1667103367
|move|p2a: 악르세우스|Judgment|p1a: Arceus
|-damage|p1a: Arceus|66/100
|move|p1a: Arceus|Judgment|p2a: 악르세우스
|-damage|p2a: 악르세우스|41/100
|
|upkeep
|turn|23
|
|t:|1667103373
|move|p2a: 악르세우스|Recover|p2a: 악르세우스
|-heal|p2a: 악르세우스|91/100
|move|p1a: Arceus|Judgment|p2a: 악르세우스
|-damage|p2a: 악르세우스|60/100
|
|upkeep
|turn|24
|
|t:|1667103379
|move|p2a: 악르세우스|Judgment|p1a: Arceus
|-damage|p1a: Arceus|35/100
|move|p1a: Arceus|Recover|p1a: Arceus
|-heal|p1a: Arceus|85/100
|
|upkeep
|turn|25
|
|t:|1667103385
|move|p2a: 악르세우스|Judgment|p1a: Arceus
|-damage|p1a: Arceus|55/100
|move|p1a: Arceus|Recover|p1a: Arceus
|-heal|p1a: Arceus|100/100
|
|upkeep
|turn|26
|
|t:|1667103391
|move|p2a: 악르세우스|Recover|p2a: 악르세우스
|-heal|p2a: 악르세우스|100/100
|move|p1a: Arceus|Recover||[still]
|-fail|p1a: Arceus|heal
|
|upkeep
|turn|27
|
|t:|1667103396
|move|p2a: 악르세우스|Refresh||[still]
|-fail|p2a: 악르세우스
|move|p1a: Arceus|Refresh||[still]
|-fail|p1a: Arceus
|
|upkeep
|turn|28
|
|t:|1667103400
|move|p2a: 악르세우스|Refresh||[still]
|-fail|p2a: 악르세우스
|move|p1a: Arceus|Refresh||[still]
|-fail|p1a: Arceus
|
|upkeep
|turn|29
|
|t:|1667103402
|move|p2a: 악르세우스|Refresh||[still]
|-fail|p2a: 악르세우스
|move|p1a: Arceus|Refresh||[still]
|-fail|p1a: Arceus
|
|upkeep
|turn|30
|
|t:|1667103404
|move|p2a: 악르세우스|Refresh||[still]
|-fail|p2a: 악르세우스
|move|p1a: Arceus|Refresh||[still]
|-fail|p1a: Arceus
|
|upkeep
|turn|31
|
|t:|1667103406
|move|p2a: 악르세우스|Refresh||[still]
|-fail|p2a: 악르세우스
|move|p1a: Arceus|Refresh||[still]
|-fail|p1a: Arceus
|
|upkeep
|turn|32
|
|t:|1667103408
|move|p2a: 악르세우스|Refresh||[still]
|-fail|p2a: 악르세우스
|move|p1a: Arceus|Refresh||[still]
|-fail|p1a: Arceus
|
|upkeep
|turn|33
|
|t:|1667103409
|move|p2a: 악르세우스|Refresh||[still]
|-fail|p2a: 악르세우스
|move|p1a: Arceus|Refresh||[still]
|-fail|p1a: Arceus
|
|upkeep
|turn|34
|
|t:|1667103411
|move|p2a: 악르세우스|Refresh||[still]
|-fail|p2a: 악르세우스
|move|p1a: Arceus|Refresh||[still]
|-fail|p1a: Arceus
|
|upkeep
|turn|35
|
|t:|1667103412
|move|p2a: 악르세우스|Refresh||[still]
|-fail|p2a: 악르세우스
|move|p1a: Arceus|Refresh||[still]
|-fail|p1a: Arceus
|
|upkeep
|turn|36
|
|t:|1667103416
|move|p2a: 악르세우스|Refresh||[still]
|-fail|p2a: 악르세우스
|move|p1a: Arceus|Refresh||[still]
|-fail|p1a: Arceus
|
|upkeep
|turn|37
|
|t:|1667103418
|move|p2a: 악르세우스|Refresh||[still]
|-fail|p2a: 악르세우스
|move|p1a: Arceus|Refresh||[still]
|-fail|p1a: Arceus
|
|upkeep
|turn|38
|
|t:|1667103419
|move|p2a: 악르세우스|Refresh||[still]
|-fail|p2a: 악르세우스
|move|p1a: Arceus|Refresh||[still]
|-fail|p1a: Arceus
|
|upkeep
|turn|39
|
|t:|1667103421
|move|p2a: 악르세우스|Refresh||[still]
|-fail|p2a: 악르세우스
|move|p1a: Arceus|Refresh||[still]
|-fail|p1a: Arceus
|
|upkeep
|turn|40
|
|t:|1667103423
|move|p2a: 악르세우스|Refresh||[still]
|-fail|p2a: 악르세우스
|move|p1a: Arceus|Refresh||[still]
|-fail|p1a: Arceus
|
|upkeep
|turn|41
|
|t:|1667103424
|move|p2a: 악르세우스|Refresh||[still]
|-fail|p2a: 악르세우스
|move|p1a: Arceus|Refresh||[still]
|-fail|p1a: Arceus
|
|upkeep
|turn|42
|
|t:|1667103428
|move|p2a: 악르세우스|Refresh||[still]
|-fail|p2a: 악르세우스
|move|p1a: Arceus|Refresh||[still]
|-fail|p1a: Arceus
|
|upkeep
|turn|43
|
|t:|1667103430
|move|p2a: 악르세우스|Refresh||[still]
|-fail|p2a: 악르세우스
|move|p1a: Arceus|Refresh||[still]
|-fail|p1a: Arceus
|
|upkeep
|turn|44
|
|t:|1667103434
|move|p2a: 악르세우스|Refresh||[still]
|-fail|p2a: 악르세우스
|move|p1a: Arceus|Refresh||[still]
|-fail|p1a: Arceus
|
|upkeep
|turn|45
|
|t:|1667103436
|move|p2a: 악르세우스|Refresh||[still]
|-fail|p2a: 악르세우스
|move|p1a: Arceus|Refresh||[still]
|-fail|p1a: Arceus
|
|upkeep
|turn|46
|
|t:|1667103439
|move|p2a: 악르세우스|Refresh||[still]
|-fail|p2a: 악르세우스
|move|p1a: Arceus|Refresh||[still]
|-fail|p1a: Arceus
|
|upkeep
|turn|47
|
|t:|1667103441
|move|p2a: 악르세우스|Refresh||[still]
|-fail|p2a: 악르세우스
|move|p1a: Arceus|Refresh||[still]
|-fail|p1a: Arceus
|
|upkeep
|turn|48
|
|t:|1667103442
|move|p2a: 악르세우스|Refresh||[still]
|-fail|p2a: 악르세우스
|move|p1a: Arceus|Refresh||[still]
|-fail|p1a: Arceus
|
|upkeep
|turn|49
|
|t:|1667103444
|move|p2a: 악르세우스|Calm Mind|p2a: 악르세우스
|-boost|p2a: 악르세우스|spa|0
|-boost|p2a: 악르세우스|spd|0
|move|p1a: Arceus|Refresh||[still]
|-fail|p1a: Arceus
|
|upkeep
|turn|50
|
|t:|1667103447
|move|p2a: 악르세우스|Calm Mind|p2a: 악르세우스
|-boost|p2a: 악르세우스|spa|0
|-boost|p2a: 악르세우스|spd|0
|move|p1a: Arceus|Refresh||[still]
|-fail|p1a: Arceus
|
|upkeep
|turn|51
|
|t:|1667103452
|move|p2a: 악르세우스|Calm Mind|p2a: 악르세우스
|-boost|p2a: 악르세우스|spa|0
|-boost|p2a: 악르세우스|spd|0
|move|p1a: Arceus|Calm Mind|p1a: Arceus
|-boost|p1a: Arceus|spa|0
|-boost|p1a: Arceus|spd|0
|
|upkeep
|turn|52
|
|t:|1667103454
|move|p2a: 악르세우스|Calm Mind|p2a: 악르세우스
|-boost|p2a: 악르세우스|spa|0
|-boost|p2a: 악르세우스|spd|0
|move|p1a: Arceus|Calm Mind|p1a: Arceus
|-boost|p1a: Arceus|spa|0
|-boost|p1a: Arceus|spd|0
|
|upkeep
|turn|53
|
|t:|1667103456
|move|p2a: 악르세우스|Calm Mind|p2a: 악르세우스
|-boost|p2a: 악르세우스|spa|0
|-boost|p2a: 악르세우스|spd|0
|move|p1a: Arceus|Calm Mind|p1a: Arceus
|-boost|p1a: Arceus|spa|0
|-boost|p1a: Arceus|spd|0
|
|upkeep
|turn|54
|
|t:|1667103457
|move|p2a: 악르세우스|Calm Mind|p2a: 악르세우스
|-boost|p2a: 악르세우스|spa|0
|-boost|p2a: 악르세우스|spd|0
|move|p1a: Arceus|Calm Mind|p1a: Arceus
|-boost|p1a: Arceus|spa|0
|-boost|p1a: Arceus|spd|0
|
|upkeep
|turn|55
|
|t:|1667103459
|move|p2a: 악르세우스|Calm Mind|p2a: 악르세우스
|-boost|p2a: 악르세우스|spa|0
|-boost|p2a: 악르세우스|spd|0
|move|p1a: Arceus|Calm Mind|p1a: Arceus
|-boost|p1a: Arceus|spa|0
|-boost|p1a: Arceus|spd|0
|
|upkeep
|turn|56
|
|t:|1667103460
|move|p2a: 악르세우스|Calm Mind|p2a: 악르세우스
|-boost|p2a: 악르세우스|spa|0
|-boost|p2a: 악르세우스|spd|0
|move|p1a: Arceus|Calm Mind|p1a: Arceus
|-boost|p1a: Arceus|spa|0
|-boost|p1a: Arceus|spd|0
|
|upkeep
|turn|57
|
|t:|1667103462
|move|p2a: 악르세우스|Calm Mind|p2a: 악르세우스
|-boost|p2a: 악르세우스|spa|0
|-boost|p2a: 악르세우스|spd|0
|move|p1a: Arceus|Calm Mind|p1a: Arceus
|-boost|p1a: Arceus|spa|0
|-boost|p1a: Arceus|spd|0
|
|upkeep
|turn|58
|
|t:|1667103463
|move|p2a: 악르세우스|Calm Mind|p2a: 악르세우스
|-boost|p2a: 악르세우스|spa|0
|-boost|p2a: 악르세우스|spd|0
|move|p1a: Arceus|Calm Mind|p1a: Arceus
|-boost|p1a: Arceus|spa|0
|-boost|p1a: Arceus|spd|0
|
|upkeep
|turn|59
|
|t:|1667103465
|move|p2a: 악르세우스|Calm Mind|p2a: 악르세우스
|-boost|p2a: 악르세우스|spa|0
|-boost|p2a: 악르세우스|spd|0
|move|p1a: Arceus|Calm Mind|p1a: Arceus
|-boost|p1a: Arceus|spa|0
|-boost|p1a: Arceus|spd|0
|
|upkeep
|turn|60
|
|t:|1667103467
|move|p2a: 악르세우스|Calm Mind|p2a: 악르세우스
|-boost|p2a: 악르세우스|spa|0
|-boost|p2a: 악르세우스|spd|0
|move|p1a: Arceus|Calm Mind|p1a: Arceus
|-boost|p1a: Arceus|spa|0
|-boost|p1a: Arceus|spd|0
|
|upkeep
|turn|61
|
|t:|1667103468
|move|p2a: 악르세우스|Calm Mind|p2a: 악르세우스
|-boost|p2a: 악르세우스|spa|0
|-boost|p2a: 악르세우스|spd|0
|move|p1a: Arceus|Calm Mind|p1a: Arceus
|-boost|p1a: Arceus|spa|0
|-boost|p1a: Arceus|spd|0
|
|upkeep
|turn|62
|
|t:|1667103470
|move|p2a: 악르세우스|Calm Mind|p2a: 악르세우스
|-boost|p2a: 악르세우스|spa|0
|-boost|p2a: 악르세우스|spd|0
|move|p1a: Arceus|Calm Mind|p1a: Arceus
|-boost|p1a: Arceus|spa|0
|-boost|p1a: Arceus|spd|0
|
|upkeep
|turn|63
|
|t:|1667103472
|move|p2a: 악르세우스|Calm Mind|p2a: 악르세우스
|-boost|p2a: 악르세우스|spa|0
|-boost|p2a: 악르세우스|spd|0
|move|p1a: Arceus|Calm Mind|p1a: Arceus
|-boost|p1a: Arceus|spa|0
|-boost|p1a: Arceus|spd|0
|
|upkeep
|turn|64
|
|t:|1667103488
|switch|p2a: 그란돈|Groudon-Primal|100/100
|-weather|DesolateLand|[from] ability: Desolate Land|[of] p2a: 그란돈
|move|p1a: Arceus|Calm Mind|p1a: Arceus
|-boost|p1a: Arceus|spa|0
|-boost|p1a: Arceus|spd|0
|
|-weather|DesolateLand|[upkeep]
|upkeep
|turn|65
|
|t:|1667103492
|switch|p1a: Rayquaza|Rayquaza-Mega|45/100 tox
|-weather|DeltaStream|[from] ability: Delta Stream|[of] p1a: Rayquaza
|move|p2a: 그란돈|Rock Tomb|p1a: Rayquaza|[miss]
|-miss|p2a: 그란돈|p1a: Rayquaza
|
|-weather|DeltaStream|[upkeep]
|-damage|p1a: Rayquaza|39/100 tox|[from] psn
|upkeep
|turn|66
|
|t:|1667103498
|switch|p2a: 아르세우스|Arceus-Fairy|100/100
|move|p1a: Rayquaza|Earthquake|p2a: 아르세우스
|-damage|p2a: 아르세우스|71/100
|-damage|p1a: Rayquaza|29/100 tox|[from] item: Life Orb
|
|-weather|DeltaStream|[upkeep]
|-damage|p1a: Rayquaza|17/100 tox|[from] psn
|upkeep
|turn|67
|
|t:|1667103504
|move|p1a: Rayquaza|Dragon Ascent|p2a: 아르세우스
|-damage|p2a: 아르세우스|18/100
|-unboost|p1a: Rayquaza|def|1
|-unboost|p1a: Rayquaza|spd|1
|-damage|p1a: Rayquaza|7/100 tox|[from] item: Life Orb
|move|p2a: 아르세우스|Judgment|p1a: Rayquaza
|-supereffective|p1a: Rayquaza
|-damage|p1a: Rayquaza|0 fnt
|faint|p1a: Rayquaza
|-weather|none
|
|upkeep
|
|t:|1667103514
|switch|p1a: Necrozma|Necrozma-Dusk-Mane|100/100
|turn|68
|
|t:|1667103518
|switch|p2a: 악르세우스|Arceus-Dark|100/100
|move|p1a: Necrozma|Stealth Rock|p2a: 악르세우스
|-sidestart|p2: kasak|move: Stealth Rock
|
|upkeep
|turn|69
|
|t:|1667103528
|switch|p1a: Arceus|Arceus-Dark|100/100
|move|p2a: 악르세우스|Judgment|p1a: Arceus
|-resisted|p1a: Arceus
|-damage|p1a: Arceus|89/100
|
|upkeep
|turn|70
|
|t:|1667103532
|switch|p2a: 럭키|Chansey, F|100/100
|-damage|p2a: 럭키|88/100|[from] Stealth Rock
|move|p1a: Arceus|Calm Mind|p1a: Arceus
|-boost|p1a: Arceus|spa|1
|-boost|p1a: Arceus|spd|1
|
|upkeep
|turn|71
|
|t:|1667103535
|move|p1a: Arceus|Calm Mind|p1a: Arceus
|-boost|p1a: Arceus|spa|1
|-boost|p1a: Arceus|spd|1
|move|p2a: 럭키|Toxic|p1a: Arceus
|-status|p1a: Arceus|tox
|
|-damage|p1a: Arceus|83/100 tox|[from] psn
|upkeep
|turn|72
|
|t:|1667103540
|move|p1a: Arceus|Refresh|p1a: Arceus
|-curestatus|p1a: Arceus|tox|[msg]
|move|p2a: 럭키|Wish|p2a: 럭키
|
|upkeep
|turn|73
|
|t:|1667103547
|move|p1a: Arceus|Judgment|p2a: 럭키
|-damage|p2a: 럭키|58/100
|move|p2a: 럭키|Seismic Toss|p1a: Arceus
|-damage|p1a: Arceus|60/100
|
|-heal|p2a: 럭키|100/100|[from] move: Wish|[wisher] 럭키
|upkeep
|turn|74
|
|t:|1667103552
|move|p1a: Arceus|Recover|p1a: Arceus
|-heal|p1a: Arceus|100/100
|move|p2a: 럭키|Wish|p2a: 럭키
|
|upkeep
|turn|75
|
|t:|1667103556
|switch|p2a: 아르세우스|Arceus-Fairy|18/100
|-damage|p2a: 아르세우스|5/100|[from] Stealth Rock
|move|p1a: Arceus|Calm Mind|p1a: Arceus
|-boost|p1a: Arceus|spa|1
|-boost|p1a: Arceus|spd|1
|
|-heal|p2a: 아르세우스|82/100|[from] move: Wish|[wisher] 럭키
|upkeep
|turn|76
|
|t:|1667103562
|move|p1a: Arceus|Judgment|p2a: 아르세우스
|-resisted|p2a: 아르세우스
|-damage|p2a: 아르세우스|40/100
|move|p2a: 아르세우스|Calm Mind|p2a: 아르세우스
|-boost|p2a: 아르세우스|spa|1
|-boost|p2a: 아르세우스|spd|1
|
|upkeep
|turn|77
|
|t:|1667103567
|move|p2a: 아르세우스|Recover|p2a: 아르세우스
|-heal|p2a: 아르세우스|90/100
|move|p1a: Arceus|Calm Mind|p1a: Arceus
|-boost|p1a: Arceus|spa|1
|-boost|p1a: Arceus|spd|1
|
|upkeep
|turn|78
|
|t:|1667103571
|move|p2a: 아르세우스|Calm Mind|p2a: 아르세우스
|-boost|p2a: 아르세우스|spa|1
|-boost|p2a: 아르세우스|spd|1
|move|p1a: Arceus|Calm Mind|p1a: Arceus
|-boost|p1a: Arceus|spa|1
|-boost|p1a: Arceus|spd|1
|
|upkeep
|turn|79
|
|t:|1667103576
|move|p2a: 아르세우스|Calm Mind|p2a: 아르세우스
|-boost|p2a: 아르세우스|spa|1
|-boost|p2a: 아르세우스|spd|1
|move|p1a: Arceus|Calm Mind|p1a: Arceus
|-boost|p1a: Arceus|spa|1
|-boost|p1a: Arceus|spd|1
|
|upkeep
|turn|80
|
|t:|1667103579
|-start|p1a: Arceus|Dynamax|
|-heal|p1a: Arceus|100/100|[silent]
|move|p2a: 아르세우스|Calm Mind|p2a: 아르세우스
|-boost|p2a: 아르세우스|spa|1
|-boost|p2a: 아르세우스|spd|1
|move|p1a: Arceus|Max Darkness|p2a: 아르세우스
|-resisted|p2a: 아르세우스
|-damage|p2a: 아르세우스|64/100
|-unboost|p2a: 아르세우스|spd|1
|
|upkeep
|turn|81
|
|t:|1667103592
|move|p2a: 아르세우스|Recover|p2a: 아르세우스
|-heal|p2a: 아르세우스|100/100
|move|p1a: Arceus|Max Darkness|p2a: 아르세우스
|-resisted|p2a: 아르세우스
|-damage|p2a: 아르세우스|69/100
|-unboost|p2a: 아르세우스|spd|1
|
|upkeep
|turn|82
|
|t:|1667103597
|move|p1a: Arceus|Max Darkness|p2a: 아르세우스
|-resisted|p2a: 아르세우스
|-damage|p2a: 아르세우스|25/100
|-unboost|p2a: 아르세우스|spd|1
|move|p2a: 아르세우스|Recover|p2a: 아르세우스
|-heal|p2a: 아르세우스|75/100
|
|upkeep
|-end|p1a: Arceus|Dynamax
|-heal|p1a: Arceus|100/100|[silent]
|turn|83
|
|t:|1667103604
|move|p1a: Arceus|Judgment|p2a: 아르세우스
|-resisted|p2a: 아르세우스
|-damage|p2a: 아르세우스|33/100
|move|p2a: 아르세우스|Recover|p2a: 아르세우스
|-heal|p2a: 아르세우스|83/100
|
|upkeep
|turn|84
|
|t:|1667103609
|move|p2a: 아르세우스|Recover|p2a: 아르세우스
|-heal|p2a: 아르세우스|100/100
|move|p1a: Arceus|Judgment|p2a: 아르세우스
|-resisted|p2a: 아르세우스
|-crit|p2a: 아르세우스
|-damage|p2a: 아르세우스|5/100
|
|upkeep
|turn|85
|
|t:|1667103617
|move|p1a: Arceus|Judgment|p2a: 아르세우스
|-resisted|p2a: 아르세우스
|-damage|p2a: 아르세우스|0 fnt
|faint|p2a: 아르세우스
|
|upkeep
|
|t:|1667103628
|switch|p2a: 악르세우스|Arceus-Dark|100/100
|-damage|p2a: 악르세우스|88/100|[from] Stealth Rock
|turn|86
|
|t:|1667103632
|move|p2a: 악르세우스|Calm Mind|p2a: 악르세우스
|-boost|p2a: 악르세우스|spa|1
|-boost|p2a: 악르세우스|spd|1
|move|p1a: Arceus|Refresh||[still]
|-fail|p1a: Arceus
|
|upkeep
|turn|87
|
|t:|1667103638
|move|p2a: 악르세우스|Calm Mind|p2a: 악르세우스
|-boost|p2a: 악르세우스|spa|1
|-boost|p2a: 악르세우스|spd|1
|move|p1a: Arceus|Judgment|p2a: 악르세우스
|-resisted|p2a: 악르세우스
|-damage|p2a: 악르세우스|56/100
|
|upkeep
|turn|88
|
|t:|1667103644
|move|p2a: 악르세우스|Calm Mind|p2a: 악르세우스
|-boost|p2a: 악르세우스|spa|1
|-boost|p2a: 악르세우스|spd|1
|move|p1a: Arceus|Refresh||[still]
|-fail|p1a: Arceus
|
|upkeep
|turn|89
|
|t:|1667103649
|move|p2a: 악르세우스|Calm Mind|p2a: 악르세우스
|-boost|p2a: 악르세우스|spa|1
|-boost|p2a: 악르세우스|spd|1
|move|p1a: Arceus|Refresh||[still]
|-fail|p1a: Arceus
|
|upkeep
|turn|90
|
|t:|1667103651
|move|p2a: 악르세우스|Calm Mind|p2a: 악르세우스
|-boost|p2a: 악르세우스|spa|1
|-boost|p2a: 악르세우스|spd|1
|move|p1a: Arceus|Refresh||[still]
|-fail|p1a: Arceus
|
|upkeep
|turn|91
|
|t:|1667103654
|move|p2a: 악르세우스|Calm Mind|p2a: 악르세우스
|-boost|p2a: 악르세우스|spa|1
|-boost|p2a: 악르세우스|spd|1
|move|p1a: Arceus|Refresh||[still]
|-fail|p1a: Arceus
|
|upkeep
|turn|92
|
|t:|1667103656
|move|p2a: 악르세우스|Recover|p2a: 악르세우스
|-heal|p2a: 악르세우스|100/100
|move|p1a: Arceus|Refresh||[still]
|-fail|p1a: Arceus
|
|upkeep
|turn|93
|
|t:|1667103679
|move|p2a: 악르세우스|Refresh||[still]
|-fail|p2a: 악르세우스
|move|p1a: Arceus|Refresh||[still]
|-fail|p1a: Arceus
|
|upkeep
|turn|94
|-message|kasak forfeited.
|
|win|ThenoJSZ
|raw|ThenoJSZ's rating: 1686 &rarr; <strong>1714</strong><br />(+28 for winning)
|raw|kasak's rating: 1843 &rarr; <strong>1815</strong><br />(-28 for losing)
|l|☆kasak
