|j|☆rarh2
|j|☆muhasin
|t:|1643221878
|gametype|singles
|player|p1|rarh2|colress|1464
|player|p2|muhasin|zinnia|1644
|teamsize|p1|6
|teamsize|p2|6
|gen|8
|tier|[Gen 8] National Dex AG
|rated|
|rule|HP Percentage Mod: HP is shown in percentages
|rule|Endless Battle Clause: Forcing endless battles is banned
|clearpoke
|poke|p1|Calyrex-Shadow|
|poke|p1|Zacian-*|
|poke|p1|Ditto|
|poke|p1|Rayquaza|
|poke|p1|Xerneas-*|
|poke|p1|Smeargle, F|
|poke|p2|Arceus-*|
|poke|p2|Arceus-*|
|poke|p2|Yveltal|
|poke|p2|Zacian-*|
|poke|p2|Necrozma-Dusk-Mane|
|poke|p2|Rayquaza|
|teampreview
|inactive|Battle timer is ON: inactive players will automatically lose when time's up. (requested by muhasin)
|
|t:|1643221889
|start
|switch|p1a: Smeargle|Smeargle, F|100/100
|switch|p2a: Arceus|Arceus-Water|100/100
|turn|1
|
|t:|1643221896
|move|p2a: Arceus|Stealth Rock|p1a: Smeargle
|-sidestart|p1: rarh2|move: Stealth Rock
|move|p1a: Smeargle|Nuzzle|p2a: Arceus
|-supereffective|p2a: Arceus
|-damage|p2a: Arceus|96/100
|-status|p2a: Arceus|par
|
|upkeep
|turn|2
|
|t:|1643221899
|move|p1a: Smeargle|Sticky Web|p2a: Arceus
|-sidestart|p2: muhasin|move: Sticky Web
|move|p2a: Arceus|Judgment|p1a: Smeargle
|-enditem|p1a: Smeargle|Focus Sash
|-damage|p1a: Smeargle|1/100
|
|upkeep
|turn|3
|
|t:|1643221903
|move|p1a: Smeargle|Rapid Spin|p2a: Arceus
|-damage|p2a: Arceus|87/100 par
|-boost|p1a: Smeargle|spe|1
|-sideend|p1: rarh2|Stealth Rock|[from] move: Rapid Spin|[of] p1a: Smeargle
|move|p2a: Arceus|Judgment|p1a: Smeargle
|-damage|p1a: Smeargle|0 fnt
|faint|p1a: Smeargle
|
|upkeep
|
|t:|1643221907
|switch|p1a: Xerneas|Xerneas|100/100
|-ability|p1a: Xerneas|Fairy Aura
|turn|4
|
|t:|1643221916
|move|p1a: Xerneas|Substitute|p1a: Xerneas
|-start|p1a: Xerneas|Substitute
|-damage|p1a: Xerneas|76/100
|cant|p2a: Arceus|par
|
|upkeep
|turn|5
|
|t:|1643221924
|move|p1a: Xerneas|Geomancy||[still]
|-prepare|p1a: Xerneas|Geomancy
|-enditem|p1a: Xerneas|Power Herb
|-anim|p1a: Xerneas|Geomancy|p1a: Xerneas
|-boost|p1a: Xerneas|spa|2
|-boost|p1a: Xerneas|spd|2
|-boost|p1a: Xerneas|spe|2
|move|p2a: Arceus|Stealth Rock|p1a: Xerneas
|-sidestart|p1: rarh2|move: Stealth Rock
|
|upkeep
|turn|6
|
|t:|1643221934
|switch|p2a: Arceus|Arceus-Ground|100/100
|-activate|p2a: Arceus|move: Sticky Web
|-unboost|p2a: Arceus|spe|1
|move|p1a: Xerneas|Moonblast|p2a: Arceus
|-crit|p2a: Arceus
|-damage|p2a: Arceus|0 fnt
|faint|p2a: Arceus
|
|upkeep
|
|t:|1643221938
|switch|p2a: Necrozma|Necrozma-Dusk-Mane|100/100
|-activate|p2a: Necrozma|move: Sticky Web
|-unboost|p2a: Necrozma|spe|1
|turn|7
|
|t:|1643221958
|move|p1a: Xerneas|Thunder|p2a: Necrozma|[miss]
|-miss|p1a: Xerneas|p2a: Necrozma
|move|p2a: Necrozma|Sunsteel Strike|p1a: Xerneas
|-supereffective|p1a: Xerneas
|-end|p1a: Xerneas|Substitute
|
|upkeep
|turn|8
|
|t:|1643221966
|-start|p2a: Necrozma|Dynamax
|-heal|p2a: Necrozma|100/100|[silent]
|move|p1a: Xerneas|Thunder|p2a: Necrozma
|-damage|p2a: Necrozma|64/100
|move|p2a: Necrozma|Max Steelspike|p1a: Xerneas
|-supereffective|p1a: Xerneas
|-damage|p1a: Xerneas|0 fnt
|-boost|p2a: Necrozma|def|1
|faint|p1a: Xerneas
|
|upkeep
|
|t:|1643221974
|switch|p1a: Calyrex|Calyrex-Shadow|100/100
|-ability|p1a: Calyrex|As One
|-ability|p1a: Calyrex|Unnerve
|-damage|p1a: Calyrex|88/100|[from] Stealth Rock
|turn|9
|
|t:|1643221979
|move|p1a: Calyrex|Astral Barrage|p2a: Necrozma
|-supereffective|p2a: Necrozma
|-damage|p2a: Necrozma|2/100
|move|p2a: Necrozma|Max Steelspike|p1a: Calyrex
|-damage|p1a: Calyrex|15/100
|-boost|p2a: Necrozma|def|1
|
|upkeep
|turn|10
|
|t:|1643221985
|move|p1a: Calyrex|Astral Barrage|p2a: Necrozma
|-supereffective|p2a: Necrozma
|-damage|p2a: Necrozma|0 fnt
|faint|p2a: Necrozma
|-ability|p1a: Calyrex|Grim Neigh|boost
|-boost|p1a: Calyrex|spa|1
|
|upkeep
|
|t:|1643221987
|switch|p2a: Yveltal|Yveltal|100/100
|-ability|p2a: Yveltal|Dark Aura
|turn|11
|
|t:|1643221990
|move|p1a: Calyrex|Astral Barrage|p2a: Yveltal
|-resisted|p2a: Yveltal
|-damage|p2a: Yveltal|59/100
|move|p2a: Yveltal|Foul Play|p1a: Calyrex
|-supereffective|p1a: Calyrex
|-damage|p1a: Calyrex|0 fnt
|faint|p1a: Calyrex
|
|upkeep
|
|t:|1643221998
|switch|p1a: Zacian|Zacian-Crowned|100/100
|-damage|p1a: Zacian|94/100|[from] Stealth Rock
|-ability|p1a: Zacian|Intrepid Sword|boost
|-boost|p1a: Zacian|atk|1
|turn|12
|
|t:|1643222003
|move|p1a: Zacian|Close Combat|p2a: Yveltal
|-damage|p2a: Yveltal|1/100
|-unboost|p1a: Zacian|def|1
|-unboost|p1a: Zacian|spd|1
|move|p2a: Yveltal|Foul Play|p1a: Zacian
|-resisted|p1a: Zacian
|-damage|p1a: Zacian|16/100
|
|upkeep
|turn|13
|
|t:|1643222007
|move|p1a: Zacian|Behemoth Blade|p2a: Yveltal
|-damage|p2a: Yveltal|0 fnt
|faint|p2a: Yveltal
|
|upkeep
|
|t:|1643222010
|switch|p2a: Rayquaza|Rayquaza|100/100
|-ability|p2a: Rayquaza|Air Lock
|turn|14
|inactive|muhasin has 120 seconds left.
|
|t:|1643222069
|move|p2a: Rayquaza|Extreme Speed|p1a: Zacian
|-resisted|p1a: Zacian
|-damage|p1a: Zacian|0 fnt
|faint|p1a: Zacian
|-damage|p2a: Rayquaza|91/100|[from] item: Life Orb
|
|upkeep
|
|t:|1643222093
|switch|p1a: Rayquaza|Rayquaza|100/100
|-damage|p1a: Rayquaza|76/100|[from] Stealth Rock
|-ability|p1a: Rayquaza|Air Lock
|turn|15
|
|t:|1643222099
|detailschange|p1a: Rayquaza|Rayquaza-Mega
|-mega|p1a: Rayquaza|Rayquaza|
|-weather|DeltaStream|[from] ability: Delta Stream|[of] p1a: Rayquaza
|move|p1a: Rayquaza|Dragon Ascent|p2a: Rayquaza
|-damage|p2a: Rayquaza|0 fnt
|-unboost|p1a: Rayquaza|def|1
|-unboost|p1a: Rayquaza|spd|1
|faint|p2a: Rayquaza
|-damage|p1a: Rayquaza|66/100|[from] item: Life Orb
|
|-weather|DeltaStream|[upkeep]
|upkeep
|
|t:|1643222108
|switch|p2a: Arceus|Arceus-Water|87/100 par
|-activate|p2a: Arceus|move: Sticky Web
|-unboost|p2a: Arceus|spe|1
|turn|16
|
|t:|1643222112
|move|p1a: Rayquaza|Dragon Ascent|p2a: Arceus
|-damage|p2a: Arceus|29/100 par
|-unboost|p1a: Rayquaza|def|1
|-unboost|p1a: Rayquaza|spd|1
|-damage|p1a: Rayquaza|56/100|[from] item: Life Orb
|move|p2a: Arceus|Toxic|p1a: Rayquaza
|-status|p1a: Rayquaza|tox
|
|-weather|DeltaStream|[upkeep]
|-damage|p1a: Rayquaza|50/100 tox|[from] psn
|upkeep
|turn|17
|inactive|muhasin has 120 seconds left.
|
|t:|1643222120
|move|p1a: Rayquaza|Dragon Ascent|p2a: Arceus
|-damage|p2a: Arceus|0 fnt
|-unboost|p1a: Rayquaza|def|1
|-unboost|p1a: Rayquaza|spd|1
|faint|p2a: Arceus
|-damage|p1a: Rayquaza|40/100 tox|[from] item: Life Orb
|
|-weather|DeltaStream|[upkeep]
|-damage|p1a: Rayquaza|28/100 tox|[from] psn
|upkeep
|inactive|muhasin has 120 seconds left.
|
|t:|1643222127
|switch|p2a: Zacian|Zacian-Crowned|100/100
|-activate|p2a: Zacian|move: Sticky Web
|-unboost|p2a: Zacian|spe|1
|-ability|p2a: Zacian|Intrepid Sword|boost
|-boost|p2a: Zacian|atk|1
|turn|18
|
|t:|1643222130
|move|p1a: Rayquaza|V-create|p2a: Zacian
|-supereffective|p2a: Zacian
|-damage|p2a: Zacian|0 fnt
|-unboost|p1a: Rayquaza|spe|1
|-unboost|p1a: Rayquaza|def|1
|-unboost|p1a: Rayquaza|spd|1
|faint|p2a: Zacian
|-damage|p1a: Rayquaza|18/100 tox|[from] item: Life Orb
|
|win|rarh2
|raw|rarh2's rating: 1464 &rarr; <strong>1494</strong><br />(+30 for winning)
|raw|muhasin's rating: 1644 &rarr; <strong>1614</strong><br />(-30 for losing)
|l|☆muhasin
||Ladder isn't responding, score probably updated but might not have (Request timeout).
