|j|☆atamabasenju
|j|☆chopforce8
|t:|1634849512
|gametype|singles
|player|p1|atamabasenju|swimmerf-gen4|1671
|player|p2|chopforce8|red|1849
|teamsize|p1|6
|teamsize|p2|6
|gen|8
|tier|[Gen 8] National Dex AG
|rated|
|rule|HP Percentage Mod: HP is shown in percentages
|rule|Endless Battle Clause: Forcing endless battles is banned
|clearpoke
|poke|p1|Ferrothorn, M|
|poke|p1|Yveltal|
|poke|p1|Groudon|
|poke|p1|Rayquaza|
|poke|p1|Zacian-*|
|poke|p1|Necrozma-Dusk-Mane|
|poke|p2|Yveltal|
|poke|p2|Diancie|
|poke|p2|Calyrex-Shadow|
|poke|p2|Zacian-*|
|poke|p2|Ditto|
|poke|p2|Arceus-*|
|teampreview
|
|t:|1634849566
|start
|switch|p1a: Necrozma|Necrozma-Dusk-Mane|100/100
|switch|p2a: Professorquirrel|Calyrex-Shadow|100/100
|-ability|p2a: Professorquirrel|As One
|-ability|p2a: Professorquirrel|Unnerve
|turn|1
|
|t:|1634849574
|switch|p1a: Yveltal|Yveltal|100/100
|-ability|p1a: Yveltal|Dark Aura
|move|p2a: Professorquirrel|Nasty Plot|p2a: Professorquirrel
|-boost|p2a: Professorquirrel|spa|2
|
|upkeep
|turn|2
|
|t:|1634849581
|move|p2a: Professorquirrel|Baton Pass|p2a: Professorquirrel
|
|t:|1634849583
|switch|p2a: Voldemort|Yveltal|100/100|[from]move: Baton Pass
|-ability|p2a: Voldemort|Dark Aura
|move|p1a: Yveltal|Snarl|p2a: Voldemort
|-resisted|p2a: Voldemort
|-damage|p2a: Voldemort|86/100
|-unboost|p2a: Voldemort|spa|1
|
|upkeep
|turn|3
|
|t:|1634849591
|move|p2a: Voldemort|Heat Wave|p1a: Yveltal
|-damage|p1a: Yveltal|63/100
|-damage|p2a: Voldemort|76/100|[from] item: Life Orb
|move|p1a: Yveltal|Snarl|p2a: Voldemort
|-resisted|p2a: Voldemort
|-damage|p2a: Voldemort|62/100
|-unboost|p2a: Voldemort|spa|1
|
|upkeep
|turn|4
|
|t:|1634849599
|move|p2a: Voldemort|Oblivion Wing|p1a: Yveltal
|-damage|p1a: Yveltal|33/100
|-heal|p2a: Voldemort|87/100|[from] drain|[of] p1a: Yveltal
|-damage|p2a: Voldemort|77/100|[from] item: Life Orb
|move|p1a: Yveltal|Roost|p1a: Yveltal
|-heal|p1a: Yveltal|83/100
|-singleturn|p1a: Yveltal|move: Roost
|
|upkeep
|turn|5
|
|t:|1634849609
|switch|p2a: Harry Potter|Diancie|100/100
|move|p1a: Yveltal|Snarl|p2a: Harry Potter|[miss]
|-miss|p1a: Yveltal|p2a: Harry Potter
|
|upkeep
|turn|6
|
|t:|1634849617
|switch|p1a: Ferrothorn|Ferrothorn, M|100/100
|detailschange|p2a: Harry Potter|Diancie-Mega
|-mega|p2a: Harry Potter|Diancie|Diancite
|move|p2a: Harry Potter|Stealth Rock|p1a: Ferrothorn
|-sidestart|p1: atamabasenju|move: Stealth Rock
|
|upkeep
|turn|7
|
|t:|1634849625
|switch|p2a: Fluffy|Zacian-Crowned|100/100
|-ability|p2a: Fluffy|Intrepid Sword|boost
|-boost|p2a: Fluffy|atk|1
|move|p1a: Ferrothorn|Iron Defense|p1a: Ferrothorn
|-boost|p1a: Ferrothorn|def|2
|
|upkeep
|turn|8
|
|t:|1634849635
|move|p2a: Fluffy|Close Combat|p1a: Ferrothorn
|-supereffective|p1a: Ferrothorn
|-damage|p1a: Ferrothorn|60/100
|-unboost|p2a: Fluffy|def|1
|-unboost|p2a: Fluffy|spd|1
|-damage|p2a: Fluffy|88/100|[from] ability: Iron Barbs|[of] p1a: Ferrothorn
|move|p1a: Ferrothorn|Leech Seed|p2a: Fluffy
|-start|p2a: Fluffy|move: Leech Seed
|
|-heal|p1a: Ferrothorn|66/100|[from] item: Leftovers
|-damage|p2a: Fluffy|76/100|[from] Leech Seed|[of] p1a: Ferrothorn
|-heal|p1a: Ferrothorn|77/100|[silent]
|upkeep
|turn|9
|
|t:|1634849646
|switch|p2a: Harry Potter|Diancie-Mega|100/100
|move|p1a: Ferrothorn|Body Press|p2a: Harry Potter
|-damage|p2a: Harry Potter|18/100
|
|-heal|p1a: Ferrothorn|83/100|[from] item: Leftovers
|upkeep
|turn|10
|
|t:|1634849654
|move|p1a: Ferrothorn|Protect|p1a: Ferrothorn
|-singleturn|p1a: Ferrothorn|Protect
|move|p2a: Harry Potter|Moonblast|p1a: Ferrothorn
|-activate|p1a: Ferrothorn|move: Protect
|
|-heal|p1a: Ferrothorn|90/100|[from] item: Leftovers
|upkeep
|turn|11
|
|t:|1634849661
|switch|p2a: Professorquirrel|Calyrex-Shadow|100/100
|-ability|p2a: Professorquirrel|As One
|-ability|p2a: Professorquirrel|Unnerve
|move|p1a: Ferrothorn|Body Press|p2a: Professorquirrel
|-immune|p2a: Professorquirrel
|
|-heal|p1a: Ferrothorn|96/100|[from] item: Leftovers
|upkeep
|turn|12
|
|t:|1634849670
|switch|p1a: Yveltal|Yveltal|83/100
|-ability|p1a: Yveltal|Dark Aura
|move|p2a: Professorquirrel|Substitute|p2a: Professorquirrel
|-start|p2a: Professorquirrel|Substitute
|-damage|p2a: Professorquirrel|76/100
|
|upkeep
|turn|13
|
|t:|1634849677
|move|p2a: Professorquirrel|Baton Pass|p2a: Professorquirrel
|
|t:|1634849679
|switch|p2a: Fluffy|Zacian-Crowned|76/100|[from]move: Baton Pass
|-ability|p2a: Fluffy|Intrepid Sword|boost
|-boost|p2a: Fluffy|atk|1
|move|p1a: Yveltal|Snarl|p2a: Fluffy
|-resisted|p2a: Fluffy
|-damage|p2a: Fluffy|61/100
|-unboost|p2a: Fluffy|spa|1
|
|upkeep
|turn|14
|inactive|Battle timer is ON: inactive players will automatically lose when time's up. (requested by atamabasenju)
|
|t:|1634849747
|switch|p1a: Groudon|Groudon|100/100
|-damage|p1a: Groudon|94/100|[from] Stealth Rock
|detailschange|p1a: Groudon|Groudon-Primal
|-primal|p1a: Groudon
|-weather|DesolateLand|[from] ability: Desolate Land|[of] p1a: Groudon
|move|p2a: Fluffy|Behemoth Blade|p1a: Groudon
|-resisted|p1a: Groudon
|-damage|p1a: Groudon|68/100
|
|-weather|DesolateLand|[upkeep]
|upkeep
|turn|15
|
|t:|1634849757
|move|p2a: Fluffy|Close Combat|p1a: Groudon
|-damage|p1a: Groudon|25/100
|-unboost|p2a: Fluffy|def|1
|-unboost|p2a: Fluffy|spd|1
|move|p1a: Groudon|Precipice Blades|p2a: Fluffy
|-supereffective|p2a: Fluffy
|-end|p2a: Fluffy|Substitute
|
|-weather|DesolateLand|[upkeep]
|upkeep
|turn|16
|
|t:|1634849777
|move|p2a: Fluffy|Close Combat|p1a: Groudon
|-damage|p1a: Groudon|0 fnt
|-unboost|p2a: Fluffy|def|1
|-unboost|p2a: Fluffy|spd|1
|faint|p1a: Groudon
|-weather|none
|
|upkeep
|
|t:|1634849779
|switch|p1a: Necrozma|Necrozma-Dusk-Mane|100/100
|-damage|p1a: Necrozma|94/100|[from] Stealth Rock
|turn|17
|
|t:|1634849786
|switch|p2a: Harry Potter|Diancie-Mega|18/100
|move|p1a: Necrozma|Trick Room|p1a: Necrozma
|-fieldstart|move: Trick Room|[of] p1a: Necrozma
|
|upkeep
|turn|18
|
|t:|1634849795
|switch|p2a: MirrorofErised|Ditto|100/100
|-transform|p2a: MirrorofErised|p1a: Necrozma|[from] ability: Imposter
|move|p1a: Necrozma|Sunsteel Strike|p2a: MirrorofErised
|-resisted|p2a: MirrorofErised
|-damage|p2a: MirrorofErised|67/100
|
|upkeep
|turn|19
|
|t:|1634849805
|switch|p2a: Voldemort|Yveltal|77/100
|-ability|p2a: Voldemort|Dark Aura
|move|p1a: Necrozma|Earthquake|p2a: Voldemort
|-immune|p2a: Voldemort
|
|upkeep
|turn|20
|
|t:|1634849818
|switch|p2a: Harry Potter|Diancie-Mega|18/100
|-start|p1a: Necrozma|Dynamax
|-heal|p1a: Necrozma|94/100|[silent]
|move|p1a: Necrozma|Max Steelspike|p2a: Harry Potter
|-supereffective|p2a: Harry Potter
|-damage|p2a: Harry Potter|0 fnt
|-boost|p1a: Necrozma|def|1
|faint|p2a: Harry Potter
|
|upkeep
|
|t:|1634849837
|switch|p2a: Fluffy|Zacian-Crowned|61/100
|-ability|p2a: Fluffy|Intrepid Sword|boost
|-boost|p2a: Fluffy|atk|1
|turn|21
|
|t:|1634849857
|move|p1a: Necrozma|Max Quake|p2a: Fluffy
|-supereffective|p2a: Fluffy
|-damage|p2a: Fluffy|0 fnt
|-boost|p1a: Necrozma|spd|1
|faint|p2a: Fluffy
|
|-fieldend|move: Trick Room
|upkeep
|
|t:|1634849868
|switch|p2a: Voldemort|Yveltal|77/100
|-ability|p2a: Voldemort|Dark Aura
|turn|22
|
|t:|1634849874
|-start|p2a: Voldemort|Dynamax
|-heal|p2a: Voldemort|77/100|[silent]
|move|p2a: Voldemort|Max Darkness|p1a: Necrozma
|-supereffective|p1a: Necrozma
|-damage|p1a: Necrozma|46/100
|-unboost|p1a: Necrozma|spd|1
|-enditem|p1a: Necrozma|Weakness Policy
|-boost|p1a: Necrozma|atk|2|[from] item: Weakness Policy
|-boost|p1a: Necrozma|spa|2|[from] item: Weakness Policy
|-damage|p2a: Voldemort|72/100|[from] item: Life Orb
|move|p1a: Necrozma|Max Steelspike|p2a: Voldemort
|-damage|p2a: Voldemort|0 fnt
|-boost|p1a: Necrozma|def|1
|faint|p2a: Voldemort
|
|-end|p1a: Necrozma|Dynamax
|-heal|p1a: Necrozma|46/100|[silent]
|upkeep
|inactive|chopforce8 has 120 seconds left.
|
|t:|1634849896
|switch|p2a: MirrorofErised|Ditto|67/100
|-transform|p2a: MirrorofErised|p1a: Necrozma|[from] ability: Imposter
|turn|23
|inactive|chopforce8 has 120 seconds left.
|
|t:|1634849907
|switch|p2a: Chess Wizard|Arceus-Flying|100/100
|move|p1a: Necrozma|Trick Room|p1a: Necrozma
|-fieldstart|move: Trick Room|[of] p1a: Necrozma
|
|upkeep
|turn|24
|inactive|chopforce8 has 120 seconds left.
|
|t:|1634849920
|switch|p2a: MirrorofErised|Ditto|67/100
|-transform|p2a: MirrorofErised|p1a: Necrozma|[from] ability: Imposter
|move|p1a: Necrozma|Sunsteel Strike|p2a: MirrorofErised
|-resisted|p2a: MirrorofErised
|-damage|p2a: MirrorofErised|38/100
|
|upkeep
|turn|25
|
|t:|1634849928
|switch|p2a: Chess Wizard|Arceus-Flying|100/100
|move|p1a: Necrozma|Earthquake|p2a: Chess Wizard
|-immune|p2a: Chess Wizard
|
|upkeep
|turn|26
|
|t:|1634849935
|switch|p2a: MirrorofErised|Ditto|38/100
|-transform|p2a: MirrorofErised|p1a: Necrozma|[from] ability: Imposter
|move|p1a: Necrozma|Sunsteel Strike|p2a: MirrorofErised
|-resisted|p2a: MirrorofErised
|-damage|p2a: MirrorofErised|5/100
|
|upkeep
|turn|27
|
|t:|1634849945
|switch|p2a: Chess Wizard|Arceus-Flying|100/100
|move|p1a: Necrozma|Sunsteel Strike|p2a: Chess Wizard
|-damage|p2a: Chess Wizard|15/100
|
|-fieldend|move: Trick Room
|upkeep
|turn|28
|
|t:|1634849953
|move|p2a: Chess Wizard|Judgment|p1a: Necrozma
|-resisted|p1a: Necrozma
|-damage|p1a: Necrozma|27/100
|move|p1a: Necrozma|Trick Room|p1a: Necrozma
|-fieldstart|move: Trick Room|[of] p1a: Necrozma
|
|upkeep
|turn|29
|
|t:|1634849961
|move|p1a: Necrozma|Sunsteel Strike|p2a: Chess Wizard
|-damage|p2a: Chess Wizard|0 fnt
|faint|p2a: Chess Wizard
|
|upkeep
|
|t:|1634849967
|switch|p2a: Professorquirrel|Calyrex-Shadow|76/100
|-ability|p2a: Professorquirrel|As One
|-ability|p2a: Professorquirrel|Unnerve
|turn|30
|
|t:|1634849972
|move|p1a: Necrozma|Sunsteel Strike|p2a: Professorquirrel
|-damage|p2a: Professorquirrel|0 fnt
|faint|p2a: Professorquirrel
|
|upkeep
|
|t:|1634849978
|switch|p2a: MirrorofErised|Ditto|5/100
|-transform|p2a: MirrorofErised|p1a: Necrozma|[from] ability: Imposter
|turn|31
|
|t:|1634849982
|move|p1a: Necrozma|Earthquake|p2a: MirrorofErised
|-supereffective|p2a: MirrorofErised
|-damage|p2a: MirrorofErised|0 fnt
|faint|p2a: MirrorofErised
|
|win|atamabasenju
|raw|atamabasenju's rating: 1671 &rarr; <strong>1700</strong><br />(+29 for winning)
|raw|chopforce8's rating: 1849 &rarr; <strong>1820</strong><br />(-29 for losing)
|l|☆chopforce8
