|j|☆Snake of the Moon
|j|☆Glaliegoesboom ❤
|t:|1659826555
|gametype|singles
|player|p1|Snake of the Moon|ethan-masters|
|player|p2|Glaliegoesboom ❤|1|
|teamsize|p1|6
|teamsize|p2|6
|gen|8
|tier|[Gen 8] National Dex AG
|rule|HP Percentage Mod: HP is shown in percentages
|rule|Endless Battle Clause: Forcing endless battles is banned
|clearpoke
|poke|p1|Calyrex-Ice|
|poke|p1|Dragonite, F|
|poke|p1|Ferrothorn, F|
|poke|p1|Toxapex, M|
|poke|p1|Urshifu-*, F|
|poke|p1|Mawile, M|
|poke|p2|Hatterene, F|
|poke|p2|Calyrex-Ice|
|poke|p2|Alakazam, F|
|poke|p2|Melmetal|
|poke|p2|Dracovish|
|poke|p2|Camerupt, F|
|teampreview
|inactive|Battle timer is ON: inactive players will automatically lose when time's up. (requested by Snake of the Moon)
|inactive|Glaliegoesboom ❤ also wants the timer to be on.
|c|☆Glaliegoesboom ❤|Glhf
|
|t:|1659826567
|start
|switch|p1a: Calyrex|Calyrex-Ice|100/100
|switch|p2a: Camerupt|Camerupt, F|100/100
|-ability|p1a: Calyrex|As One
|-ability|p1a: Calyrex|Unnerve
|turn|1
|
|t:|1659826572
|switch|p1a: Dragonite|Dragonite, F|100/100
|move|p2a: Camerupt|Stealth Rock|p1a: Dragonite
|-sidestart|p1: Snake of the Moon|move: Stealth Rock
|
|upkeep
|turn|2
|
|t:|1659826577
|move|p2a: Camerupt|Yawn|p1a: Dragonite
|-start|p1a: Dragonite|move: Yawn|[of] p2a: Camerupt
|move|p1a: Dragonite|Waterfall|p2a: Camerupt
|-supereffective|p2a: Camerupt
|-enditem|p2a: Camerupt|Focus Sash
|-damage|p2a: Camerupt|1/100
|
|upkeep
|turn|3
|
|t:|1659826584
|switch|p1a: Toxapex|Toxapex, M|100/100
|-damage|p1a: Toxapex|88/100|[from] Stealth Rock
|move|p2a: Camerupt|Lava Plume|p1a: Toxapex
|-resisted|p1a: Toxapex
|-damage|p1a: Toxapex|76/100
|
|upkeep
|turn|4
|c|☆Snake of the Moon|Hf
|
|t:|1659826601
|move|p1a: Toxapex|Baneful Bunker|p1a: Toxapex
|-singleturn|p1a: Toxapex|move: Protect
|move|p2a: Camerupt|Yawn|p1a: Toxapex
|-activate|p1a: Toxapex|move: Protect
|
|upkeep
|turn|5
|
|t:|1659826608
|move|p2a: Camerupt|Yawn|p1a: Toxapex
|-start|p1a: Toxapex|move: Yawn|[of] p2a: Camerupt
|move|p1a: Toxapex|Toxic Spikes|p2a: Camerupt
|-sidestart|p2: Glaliegoesboom ❤|move: Toxic Spikes
|
|upkeep
|turn|6
|
|t:|1659826612
|switch|p1a: Dragonite|Dragonite, F|100/100
|-damage|p1a: Dragonite|76/100|[from] Stealth Rock
|move|p2a: Camerupt|Explosion|p1a: Dragonite
|-damage|p1a: Dragonite|22/100
|faint|p2a: Camerupt
|
|upkeep
|inactive|Glaliegoesboom ❤ has 270 seconds left.
|
|t:|1659826644
|switch|p2a: Melmetal|Melmetal|100/100
|turn|7
|
|t:|1659826650
|move|p1a: Dragonite|Fire Blast|p2a: Melmetal
|-supereffective|p2a: Melmetal
|-damage|p2a: Melmetal|45/100
|move|p2a: Melmetal|Double Iron Bash|p1a: Dragonite
|-damage|p1a: Dragonite|0 fnt
|faint|p1a: Dragonite
|-hitcount|p1: Dragonite|1
|
|upkeep
|
|t:|1659826661
|switch|p1a: Urshifu|Urshifu, F|100/100
|-damage|p1a: Urshifu|94/100|[from] Stealth Rock
|turn|8
|
|t:|1659826664
|move|p1a: Urshifu|Wicked Blow|p2a: Melmetal
|-crit|p2a: Melmetal
|-damage|p2a: Melmetal|0 fnt
|faint|p2a: Melmetal
|
|upkeep
|
|t:|1659826691
|switch|p2a: Alakazam|Alakazam, F|100/100
|-status|p2a: Alakazam|psn
|turn|9
|
|t:|1659826701
|detailschange|p2a: Alakazam|Alakazam-Mega, F
|-mega|p2a: Alakazam|Alakazam|Alakazite
|-ability|p2a: Alakazam|Unseen Fist|[from] ability: Trace|[of] p1a: Urshifu
|move|p2a: Alakazam|Focus Blast|p1a: Urshifu
|-supereffective|p1a: Urshifu
|-crit|p1a: Urshifu
|-damage|p1a: Urshifu|0 fnt
|faint|p1a: Urshifu
|
|-damage|p2a: Alakazam|88/100 psn|[from] psn
|upkeep
|
|t:|1659826723
|switch|p1a: Mawile|Mawile, M|100/100
|-damage|p1a: Mawile|94/100|[from] Stealth Rock
|-ability|p1a: Mawile|Intimidate|boost
|-unboost|p2a: Alakazam|atk|1
|turn|10
|
|t:|1659826733
|switch|p2a: Dracovish|Dracovish|100/100
|-status|p2a: Dracovish|psn
|detailschange|p1a: Mawile|Mawile-Mega, M
|-mega|p1a: Mawile|Mawile|Mawilite
|move|p1a: Mawile|Iron Head|p2a: Dracovish
|-resisted|p2a: Dracovish
|-damage|p2a: Dracovish|60/100 psn
|
|-damage|p2a: Dracovish|47/100 psn|[from] psn
|upkeep
|turn|11
|
|t:|1659826742
|switch|p1a: Ferrothorn|Ferrothorn, F|100/100
|-damage|p1a: Ferrothorn|94/100|[from] Stealth Rock
|move|p2a: Dracovish|Earthquake|p1a: Ferrothorn
|-damage|p1a: Ferrothorn|76/100
|
|-heal|p1a: Ferrothorn|82/100|[from] item: Leftovers
|-damage|p2a: Dracovish|35/100 psn|[from] psn
|upkeep
|turn|12
|
|t:|1659826752
|switch|p2a: Alakazam|Alakazam-Mega, F|88/100 psn
|-ability|p2a: Alakazam|Iron Barbs|[from] ability: Trace|[of] p1a: Ferrothorn
|move|p1a: Ferrothorn|Stealth Rock|p2a: Alakazam
|-sidestart|p2: Glaliegoesboom ❤|move: Stealth Rock
|
|-heal|p1a: Ferrothorn|89/100|[from] item: Leftovers
|-damage|p2a: Alakazam|76/100 psn|[from] psn
|upkeep
|turn|13
|
|t:|1659826756
|move|p1a: Ferrothorn|Protect|p1a: Ferrothorn
|-singleturn|p1a: Ferrothorn|Protect
|move|p2a: Alakazam|Focus Blast|p1a: Ferrothorn
|-activate|p1a: Ferrothorn|move: Protect
|
|-heal|p1a: Ferrothorn|95/100|[from] item: Leftovers
|-damage|p2a: Alakazam|63/100 psn|[from] psn
|upkeep
|turn|14
|
|t:|1659826773
|move|p2a: Alakazam|Focus Blast|p1a: Ferrothorn
|-supereffective|p1a: Ferrothorn
|-damage|p1a: Ferrothorn|0 fnt
|faint|p1a: Ferrothorn
|
|-damage|p2a: Alakazam|51/100 psn|[from] psn
|upkeep
|
|t:|1659826777
|switch|p1a: Mawile|Mawile-Mega, M|94/100
|-damage|p1a: Mawile|88/100|[from] Stealth Rock
|turn|15
|
|t:|1659826782
|switch|p2a: Dracovish|Dracovish|35/100 psn
|-damage|p2a: Dracovish|22/100 psn|[from] Stealth Rock
|move|p1a: Mawile|Iron Head|p2a: Dracovish
|-resisted|p2a: Dracovish
|-damage|p2a: Dracovish|0 fnt
|faint|p2a: Dracovish
|
|upkeep
|
|t:|1659826792
|switch|p2a: Calyrex|Calyrex-Ice|100/100
|-ability|p2a: Calyrex|As One
|-ability|p2a: Calyrex|Unnerve
|-status|p2a: Calyrex|psn
|-damage|p2a: Calyrex|76/100 psn|[from] Stealth Rock
|turn|16
|
|t:|1659826799
|-start|p2a: Calyrex|Dynamax|
|-heal|p2a: Calyrex|76/100 psn|[silent]
|move|p2a: Calyrex|Max Quake|p1a: Mawile
|-supereffective|p1a: Mawile
|-damage|p1a: Mawile|0 fnt
|-boost|p2a: Calyrex|spd|1
|faint|p1a: Mawile
|-ability|p2a: Calyrex|Chilling Neigh|boost
|-boost|p2a: Calyrex|atk|1
|
|-damage|p2a: Calyrex|69/100 psn|[from] psn
|upkeep
|c|☆Snake of the Moon|Fuck
|c|☆Snake of the Moon|gg
|
|t:|1659826814
|switch|p1a: Toxapex|Toxapex, M|100/100
|-damage|p1a: Toxapex|88/100|[from] Stealth Rock
|turn|17
|
|t:|1659826821
|move|p1a: Toxapex|Baneful Bunker|p1a: Toxapex
|-singleturn|p1a: Toxapex|move: Protect
|move|p2a: Calyrex|Max Knuckle|p1a: Toxapex
|-resisted|p1a: Toxapex
|-zbroken|p1a: Toxapex
|-damage|p1a: Toxapex|83/100
|-boost|p2a: Calyrex|atk|1
|
|-damage|p2a: Calyrex|63/100 psn|[from] psn
|upkeep
|turn|18
|
|t:|1659826828
|move|p1a: Toxapex|Baneful Bunker||[still]
|-fail|p1a: Toxapex
|move|p2a: Calyrex|Max Quake|p1a: Toxapex
|-supereffective|p1a: Toxapex
|-damage|p1a: Toxapex|0 fnt
|-boost|p2a: Calyrex|spd|1
|faint|p1a: Toxapex
|-ability|p2a: Calyrex|Chilling Neigh|boost
|-boost|p2a: Calyrex|atk|1
|
|-damage|p2a: Calyrex|57/100 psn|[from] psn
|upkeep
|
|t:|1659826830
|switch|p1a: Calyrex|Calyrex-Ice|100/100
|-ability|p1a: Calyrex|As One
|-ability|p1a: Calyrex|Unnerve
|-damage|p1a: Calyrex|76/100|[from] Stealth Rock
|-end|p2a: Calyrex|Dynamax
|-heal|p2a: Calyrex|57/100 psn|[silent]
|turn|19
|
|t:|1659826836
|-start|p1a: Calyrex|Dynamax|
|-heal|p1a: Calyrex|76/100|[silent]
|move|p2a: Calyrex|Close Combat|p1a: Calyrex
|-damage|p1a: Calyrex|20/100
|-unboost|p2a: Calyrex|def|1
|-unboost|p2a: Calyrex|spd|1
|move|p1a: Calyrex|Max Darkness|p2a: Calyrex
|-supereffective|p2a: Calyrex
|-damage|p2a: Calyrex|0 fnt
|faint|p2a: Calyrex
|-ability|p1a: Calyrex|Chilling Neigh|boost
|-boost|p1a: Calyrex|atk|1
|
|upkeep
|
|t:|1659826843
|switch|p2a: Alakazam|Alakazam-Mega, F|51/100 psn
|-damage|p2a: Alakazam|39/100 psn|[from] Stealth Rock
|turn|20
|
|t:|1659826845
|move|p2a: Alakazam|Shadow Ball|p1a: Calyrex
|-supereffective|p1a: Calyrex
|-damage|p1a: Calyrex|0 fnt
|faint|p1a: Calyrex
|
|win|Glaliegoesboom ❤
|c|☆Glaliegoesboom ❤|Gg
|c|☆Snake of the Moon|Gg
|l|☆Snake of the Moon
|j|☆Snake of the Moon
|player|p1|Snake of the Moon|ethan-masters
