|j|‽Tahz
|j|☆nyanpekka
|t:|1666969082
|gametype|singles
|player|p1|Tahz|102|1752
|player|p2|nyanpekka|rosa|1724
|teamsize|p1|6
|teamsize|p2|6
|gen|8
|tier|[Gen 8] National Dex AG
|rated|
|rule|HP Percentage Mod: HP is shown in percentages
|rule|Endless Battle Clause: Forcing endless battles is banned
|clearpoke
|poke|p1|Zygarde|
|poke|p1|Chansey, F|
|poke|p1|Necrozma-Dusk-Mane|
|poke|p1|Yveltal|
|poke|p1|Arceus-*|
|poke|p1|Ferrothorn, M|
|poke|p2|Zacian-*|
|poke|p2|Rayquaza|
|poke|p2|Arceus-*|
|poke|p2|Yveltal|
|poke|p2|Cinderace, F|
|poke|p2|Marshadow|
|teampreview
|
|t:|1666969095
|start
|switch|p1a: Yveltal|Yveltal, shiny|100/100
|switch|p2a: Rayquaza|Rayquaza|100/100
|-ability|p2a: Rayquaza|Air Lock
|-ability|p1a: Yveltal|Dark Aura
|turn|1
|
|t:|1666969115
|switch|p2a: Zacian|Zacian-Crowned|100/100
|-ability|p2a: Zacian|Intrepid Sword|boost
|-boost|p2a: Zacian|atk|1
|move|p1a: Yveltal|Foul Play|p2a: Zacian
|-resisted|p2a: Zacian
|-damage|p2a: Zacian|44/100
|
|upkeep
|turn|2
|
|t:|1666969126
|switch|p1a: Necrozma|Necrozma-Dusk-Mane|100/100
|move|p2a: Zacian|Play Rough|p1a: Necrozma
|-resisted|p1a: Necrozma
|-damage|p1a: Necrozma|77/100
|-damage|p2a: Zacian|28/100|[from] item: Rocky Helmet|[of] p1a: Necrozma
|
|upkeep
|turn|3
|
|t:|1666969131
|switch|p2a: Yveltal|Yveltal|100/100
|-ability|p2a: Yveltal|Dark Aura
|move|p1a: Necrozma|Morning Sun|p1a: Necrozma
|-heal|p1a: Necrozma|100/100
|
|upkeep
|turn|4
|
|t:|1666969134
|switch|p1a: Yveltal|Yveltal, shiny|100/100
|-ability|p1a: Yveltal|Dark Aura
|move|p2a: Yveltal|U-turn|p1a: Yveltal
|-damage|p1a: Yveltal|73/100
|
|t:|1666969138
|switch|p2a: Zacian|Zacian-Crowned|28/100|[from]move: U-turn
|-ability|p2a: Zacian|Intrepid Sword|boost
|-boost|p2a: Zacian|atk|1
|
|upkeep
|turn|5
|inactive|Battle timer is ON: inactive players will automatically lose when time's up. (requested by nyanpekka)
|
|t:|1666969164
|switch|p2a: Yveltal|Yveltal|100/100
|-ability|p2a: Yveltal|Dark Aura
|switch|p1a: Necrozma|Necrozma-Dusk-Mane|100/100
|
|upkeep
|turn|6
|
|t:|1666969171
|switch|p1a: Yveltal|Yveltal, shiny|73/100
|-ability|p1a: Yveltal|Dark Aura
|move|p2a: Yveltal|Knock Off|p1a: Yveltal
|-resisted|p1a: Yveltal
|-damage|p1a: Yveltal|30/100
|-enditem|p1a: Yveltal|Heavy-Duty Boots|[from] move: Knock Off|[of] p2a: Yveltal
|
|upkeep
|turn|7
|
|t:|1666969180
|move|p2a: Yveltal|Knock Off|p1a: Yveltal
|-resisted|p1a: Yveltal
|-damage|p1a: Yveltal|6/100
|move|p1a: Yveltal|Roost|p1a: Yveltal
|-heal|p1a: Yveltal|56/100
|-singleturn|p1a: Yveltal|move: Roost
|
|upkeep
|turn|8
|
|t:|1666969186
|switch|p2a: Zacian|Zacian-Crowned|28/100
|-ability|p2a: Zacian|Intrepid Sword|boost
|-boost|p2a: Zacian|atk|1
|move|p1a: Yveltal|Roost|p1a: Yveltal
|-heal|p1a: Yveltal|100/100
|-singleturn|p1a: Yveltal|move: Roost
|
|upkeep
|turn|9
|
|t:|1666969196
|switch|p1a: Necrozma|Necrozma-Dusk-Mane|100/100
|move|p2a: Zacian|Close Combat|p1a: Necrozma
|-damage|p1a: Necrozma|63/100
|-unboost|p2a: Zacian|def|1
|-unboost|p2a: Zacian|spd|1
|-damage|p2a: Zacian|11/100|[from] item: Rocky Helmet|[of] p1a: Necrozma
|
|upkeep
|turn|10
|
|t:|1666969204
|switch|p2a: Yveltal|Yveltal|100/100
|-ability|p2a: Yveltal|Dark Aura
|move|p1a: Necrozma|Morning Sun|p1a: Necrozma
|-heal|p1a: Necrozma|100/100
|
|upkeep
|turn|11
|
|t:|1666969209
|switch|p1a: Yveltal|Yveltal, shiny|100/100
|-ability|p1a: Yveltal|Dark Aura
|move|p2a: Yveltal|U-turn|p1a: Yveltal
|-damage|p1a: Yveltal|74/100
|
|t:|1666969216
|switch|p2a: Rayquaza|Rayquaza|100/100|[from]move: U-turn
|-ability|p2a: Rayquaza|Air Lock
|
|upkeep
|turn|12
|
|t:|1666969220
|detailschange|p2a: Rayquaza|Rayquaza-Mega
|-mega|p2a: Rayquaza|Rayquaza|
|-weather|DeltaStream|[from] ability: Delta Stream|[of] p2a: Rayquaza
|move|p2a: Rayquaza|Dragon Ascent|p1a: Yveltal
|-damage|p1a: Yveltal|14/100
|-unboost|p2a: Rayquaza|def|1
|-unboost|p2a: Rayquaza|spd|1
|move|p1a: Yveltal|Foul Play|p2a: Rayquaza
|-damage|p2a: Rayquaza|0 fnt
|faint|p2a: Rayquaza
|-weather|none
|
|upkeep
|
|t:|1666969228
|switch|p2a: Yveltal|Yveltal|100/100
|-ability|p2a: Yveltal|Dark Aura
|turn|13
|
|t:|1666969231
|move|p2a: Yveltal|Knock Off|p1a: Yveltal
|-resisted|p1a: Yveltal
|-damage|p1a: Yveltal|0 fnt
|faint|p1a: Yveltal
|
|upkeep
|
|t:|1666969235
|switch|p1a: Arceus|Arceus-Rock|100/100
|turn|14
|
|t:|1666969241
|switch|p2a: Marshadow|Marshadow|100/100
|move|p1a: Arceus|Judgment|p2a: Marshadow
|-resisted|p2a: Marshadow
|-damage|p2a: Marshadow|74/100
|
|upkeep
|turn|15
|
|t:|1666969247
|switch|p1a: Zygarde|Zygarde, shiny|100/100
|move|p2a: Marshadow|Drain Punch|p1a: Zygarde
|-damage|p1a: Zygarde|80/100
|-heal|p2a: Marshadow|87/100|[from] drain|[of] p1a: Zygarde
|
|upkeep
|turn|16
|
|t:|1666969252
|switch|p2a: Zacian|Zacian-Crowned|11/100
|-ability|p2a: Zacian|Intrepid Sword|boost
|-boost|p2a: Zacian|atk|1
|move|p1a: Zygarde|Glare|p2a: Zacian
|-status|p2a: Zacian|par
|
|upkeep
|turn|17
|
|t:|1666969257
|switch|p1a: Necrozma|Necrozma-Dusk-Mane|100/100
|move|p2a: Zacian|Play Rough|p1a: Necrozma|[miss]
|-miss|p2a: Zacian|p1a: Necrozma
|
|upkeep
|turn|18
|
|t:|1666969263
|switch|p2a: Yveltal|Yveltal|100/100
|-ability|p2a: Yveltal|Dark Aura
|move|p1a: Necrozma|Stealth Rock|p2a: Yveltal
|-sidestart|p2: nyanpekka|move: Stealth Rock
|
|upkeep
|turn|19
|
|t:|1666969268
|switch|p1a: Arceus|Arceus-Rock|100/100
|move|p2a: Yveltal|Knock Off|p1a: Arceus
|-damage|p1a: Arceus|62/100
|
|upkeep
|turn|20
|
|t:|1666969277
|switch|p2a: Zacian|Zacian-Crowned|11/100 par
|-damage|p2a: Zacian|5/100 par|[from] Stealth Rock
|-ability|p2a: Zacian|Intrepid Sword|boost
|-boost|p2a: Zacian|atk|1
|move|p1a: Arceus|Will-O-Wisp||[still]
|-fail|p1a: Arceus
|
|upkeep
|turn|21
|
|t:|1666969282
|switch|p1a: Necrozma|Necrozma-Dusk-Mane|100/100
|move|p2a: Zacian|Behemoth Blade|p1a: Necrozma
|-resisted|p1a: Necrozma
|-damage|p1a: Necrozma|75/100
|-damage|p2a: Zacian|0 fnt|[from] item: Rocky Helmet|[of] p1a: Necrozma
|faint|p2a: Zacian
|
|upkeep
|
|t:|1666969287
|switch|p2a: Cinderace|Cinderace, F|100/100
|turn|22
|
|t:|1666969291
|switch|p1a: Arceus|Arceus-Rock|62/100
|move|p2a: Cinderace|Court Change|p2a: Cinderace
|-start|p2a: Cinderace|typechange|Normal|[from] ability: Libero
|-swapsideconditions
|-activate|p2a: Cinderace|move: Court Change
|
|upkeep
|turn|23
|
|t:|1666969299
|switch|p1a: Necrozma|Necrozma-Dusk-Mane|75/100
|-damage|p1a: Necrozma|69/100|[from] Stealth Rock
|move|p2a: Cinderace|High Jump Kick|p1a: Necrozma
|-start|p2a: Cinderace|typechange|Fighting|[from] ability: Libero
|-damage|p1a: Necrozma|38/100
|-damage|p2a: Cinderace|84/100|[from] item: Rocky Helmet|[of] p1a: Necrozma
|
|upkeep
|turn|24
|
|t:|1666969305
|switch|p1a: Arceus|Arceus-Rock|62/100
|-damage|p1a: Arceus|50/100|[from] Stealth Rock
|move|p2a: Cinderace|Pyro Ball|p1a: Arceus
|-start|p2a: Cinderace|typechange|Fire|[from] ability: Libero
|-resisted|p1a: Arceus
|-damage|p1a: Arceus|33/100
|
|upkeep
|turn|25
|
|t:|1666969309
|move|p2a: Cinderace|Sucker Punch||[still]
|-fail|p2a: Cinderace
|move|p1a: Arceus|Recover|p1a: Arceus
|-heal|p1a: Arceus|83/100
|
|upkeep
|turn|26
|
|t:|1666969312
|move|p2a: Cinderace|High Jump Kick|p1a: Arceus
|-start|p2a: Cinderace|typechange|Fighting|[from] ability: Libero
|-supereffective|p1a: Arceus
|-crit|p1a: Arceus
|-damage|p1a: Arceus|0 fnt
|faint|p1a: Arceus
|
|upkeep
|
|t:|1666969316
|switch|p1a: Zygarde|Zygarde, shiny|80/100
|-damage|p1a: Zygarde|74/100|[from] Stealth Rock
|turn|27
|
|t:|1666969323
|move|p2a: Cinderace|High Jump Kick|p1a: Zygarde
|-damage|p1a: Zygarde|44/100
|move|p1a: Zygarde|Glare|p2a: Cinderace
|-status|p2a: Cinderace|par
|
|-activate|p1a: Zygarde|ability: Power Construct
|detailschange|p1a: Zygarde|Zygarde-Complete, shiny
|-heal|p1a: Zygarde|63/100|[silent]
|upkeep
|turn|28
|
|t:|1666969334
|move|p1a: Zygarde|Thousand Arrows|p2a: Cinderace
|-damage|p2a: Cinderace|36/100 par
|move|p2a: Cinderace|High Jump Kick|p1a: Zygarde
|-damage|p1a: Zygarde|40/100
|
|upkeep
|turn|29
|
|t:|1666969340
|move|p1a: Zygarde|Thousand Arrows|p2a: Cinderace
|-damage|p2a: Cinderace|0 fnt
|faint|p2a: Cinderace
|
|upkeep
|
|t:|1666969346
|switch|p2a: Yveltal|Yveltal|100/100
|-ability|p2a: Yveltal|Dark Aura
|turn|30
|
|t:|1666969352
|move|p2a: Yveltal|Knock Off|p1a: Zygarde
|-damage|p1a: Zygarde|3/100
|-enditem|p1a: Zygarde|Safety Goggles|[from] move: Knock Off|[of] p2a: Yveltal
|move|p1a: Zygarde|Rest|p1a: Zygarde
|-status|p1a: Zygarde|slp|[from] move: Rest
|-heal|p1a: Zygarde|100/100 slp|[silent]
|
|upkeep
|turn|31
|
|t:|1666969360
|switch|p1a: Ferrothorn|Ferrothorn, M|100/100
|-damage|p1a: Ferrothorn|94/100|[from] Stealth Rock
|-start|p2a: Yveltal|Dynamax|
|-heal|p2a: Yveltal|100/100|[silent]
|move|p2a: Yveltal|Max Darkness|p1a: Ferrothorn
|-damage|p1a: Ferrothorn|27/100
|-unboost|p1a: Ferrothorn|spd|1
|
|-heal|p1a: Ferrothorn|34/100|[from] item: Leftovers
|upkeep
|turn|32
|
|t:|1666969373
|move|p2a: Yveltal|Max Darkness|p1a: Ferrothorn
|-damage|p1a: Ferrothorn|0 fnt
|faint|p1a: Ferrothorn
|
|upkeep
|
|t:|1666969376
|switch|p1a: Chansey|Chansey, F, shiny|100/100
|-damage|p1a: Chansey|88/100|[from] Stealth Rock
|turn|33
|
|t:|1666969378
|switch|p1a: Necrozma|Necrozma-Dusk-Mane|38/100
|-damage|p1a: Necrozma|32/100|[from] Stealth Rock
|move|p2a: Yveltal|Max Darkness|p1a: Necrozma
|-supereffective|p1a: Necrozma
|-damage|p1a: Necrozma|0 fnt
|faint|p1a: Necrozma
|
|upkeep
|
|t:|1666969382
|switch|p1a: Zygarde|Zygarde-Complete, shiny|100/100 slp
|-damage|p1a: Zygarde|94/100 slp|[from] Stealth Rock
|-end|p2a: Yveltal|Dynamax
|-heal|p2a: Yveltal|100/100|[silent]
|turn|34
|
|t:|1666969397
|switch|p2a: Arceus|Arceus|100/100
|cant|p1a: Zygarde|slp
|
|upkeep
|turn|35
|
|t:|1666969400
|move|p2a: Arceus|Swords Dance|p2a: Arceus
|-boost|p2a: Arceus|atk|2
|cant|p1a: Zygarde|slp
|
|upkeep
|turn|36
|
|t:|1666969403
|move|p2a: Arceus|Swords Dance|p2a: Arceus
|-boost|p2a: Arceus|atk|2
|-curestatus|p1a: Zygarde|slp|[msg]
|move|p1a: Zygarde|Haze|p1a: Zygarde
|-clearallboost
|
|upkeep
|turn|37
|
|t:|1666969409
|switch|p2a: Marshadow|Marshadow|87/100
|move|p1a: Zygarde|Glare|p2a: Marshadow
|-status|p2a: Marshadow|par
|
|upkeep
|turn|38
|
|t:|1666969413
|move|p1a: Zygarde|Thousand Arrows|p2a: Marshadow
|-damage|p2a: Marshadow|48/100 par
|move|p2a: Marshadow|Bulk Up|p2a: Marshadow
|-boost|p2a: Marshadow|atk|1
|-boost|p2a: Marshadow|def|1
|
|upkeep
|turn|39
|
|t:|1666969417
|move|p1a: Zygarde|Haze|p1a: Zygarde
|-clearallboost
|cant|p2a: Marshadow|par
|
|upkeep
|turn|40
|
|t:|1666969419
|move|p1a: Zygarde|Thousand Arrows|p2a: Marshadow
|-damage|p2a: Marshadow|6/100 par
|move|p2a: Marshadow|Drain Punch|p1a: Zygarde
|-damage|p1a: Zygarde|81/100
|-heal|p2a: Marshadow|20/100 par|[from] drain|[of] p1a: Zygarde
|
|upkeep
|turn|41
|
|t:|1666969422
|move|p2a: Marshadow|Shadow Sneak|p1a: Zygarde
|-damage|p1a: Zygarde|70/100
|move|p1a: Zygarde|Thousand Arrows|p2a: Marshadow
|-damage|p2a: Marshadow|0 fnt
|faint|p2a: Marshadow
|
|upkeep
|
|t:|1666969425
|switch|p2a: Arceus|Arceus|100/100
|turn|42
|
|t:|1666969427
|move|p2a: Arceus|Swords Dance|p2a: Arceus
|-boost|p2a: Arceus|atk|2
|move|p1a: Zygarde|Glare|p2a: Arceus
|-status|p2a: Arceus|par
|
|upkeep
|turn|43
|
|t:|1666969430
|move|p2a: Arceus|Extreme Speed|p1a: Zygarde
|-damage|p1a: Zygarde|33/100
|-damage|p2a: Arceus|91/100 par|[from] item: Life Orb
|move|p1a: Zygarde|Haze|p1a: Zygarde
|-clearallboost
|
|upkeep
|turn|44
|
|t:|1666969435
|move|p1a: Zygarde|Rest|p1a: Zygarde
|-status|p1a: Zygarde|slp|[from] move: Rest
|-heal|p1a: Zygarde|100/100 slp|[silent]
|cant|p2a: Arceus|par
|
|upkeep
|turn|45
|
|t:|1666969439
|cant|p1a: Zygarde|slp
|cant|p2a: Arceus|par
|
|upkeep
|turn|46
|
|t:|1666969441
|cant|p1a: Zygarde|slp
|move|p2a: Arceus|Swords Dance|p2a: Arceus
|-boost|p2a: Arceus|atk|2
|
|upkeep
|turn|47
|c|☆nyanpekka|bruh
|
|t:|1666969451
|cant|p2a: Arceus|par
|-curestatus|p1a: Zygarde|slp|[msg]
|move|p1a: Zygarde|Haze|p1a: Zygarde
|-clearallboost
|
|upkeep
|turn|48
|c|☆nyanpekka|fuck off
|
|t:|1666969457
|move|p1a: Zygarde|Thousand Arrows|p2a: Arceus
|-damage|p2a: Arceus|71/100 par
|move|p2a: Arceus|Swords Dance|p2a: Arceus
|-boost|p2a: Arceus|atk|2
|
|upkeep
|turn|49
|
|t:|1666969464
|move|p2a: Arceus|Extreme Speed|p1a: Zygarde
|-damage|p1a: Zygarde|61/100
|-damage|p2a: Arceus|61/100 par|[from] item: Life Orb
|move|p1a: Zygarde|Haze|p1a: Zygarde
|-clearallboost
|
|upkeep
|turn|50
|
|t:|1666969468
|move|p1a: Zygarde|Thousand Arrows|p2a: Arceus
|-damage|p2a: Arceus|40/100 par
|move|p2a: Arceus|Swords Dance|p2a: Arceus
|-boost|p2a: Arceus|atk|2
|
|upkeep
|turn|51
|
|t:|1666969477
|move|p2a: Arceus|Extreme Speed|p1a: Zygarde
|-damage|p1a: Zygarde|21/100
|-damage|p2a: Arceus|30/100 par|[from] item: Life Orb
|move|p1a: Zygarde|Thousand Arrows|p2a: Arceus
|-damage|p2a: Arceus|9/100 par
|
|upkeep
|turn|52
|
|t:|1666969482
|switch|p1a: Chansey|Chansey, F, shiny|88/100
|-damage|p1a: Chansey|76/100|[from] Stealth Rock
|cant|p2a: Arceus|par
|
|upkeep
|turn|53
|
|t:|1666969485
|switch|p1a: Zygarde|Zygarde-Complete, shiny|21/100
|-damage|p1a: Zygarde|15/100|[from] Stealth Rock
|move|p2a: Arceus|Recover|p2a: Arceus
|-heal|p2a: Arceus|59/100 par
|
|upkeep
|turn|54
|
|t:|1666969490
|move|p2a: Arceus|Extreme Speed|p1a: Zygarde
|-damage|p1a: Zygarde|0 fnt
|faint|p1a: Zygarde
|-damage|p2a: Arceus|49/100 par|[from] item: Life Orb
|
|upkeep
|
|t:|1666969492
|switch|p1a: Chansey|Chansey, F, shiny|76/100
|-damage|p1a: Chansey|63/100|[from] Stealth Rock
|turn|55
|
|t:|1666969495
|-start|p1a: Chansey|Dynamax|
|-heal|p1a: Chansey|63/100|[silent]
|move|p1a: Chansey|Max Guard|p1a: Chansey
|-singleturn|p1a: Chansey|Max Guard
|cant|p2a: Arceus|par
|
|upkeep
|turn|56
|
|t:|1666969497
|move|p1a: Chansey|Max Guard||[still]
|-fail|p1a: Chansey
|move|p2a: Arceus|Extreme Speed|p1a: Chansey
|-damage|p1a: Chansey|22/100
|-damage|p2a: Arceus|39/100 par|[from] item: Life Orb
|
|upkeep
|turn|57
|
|t:|1666969500
|move|p1a: Chansey|Max Guard|p1a: Chansey
|-singleturn|p1a: Chansey|Max Guard
|cant|p2a: Arceus|par
|
|upkeep
|-end|p1a: Chansey|Dynamax
|-heal|p1a: Chansey|22/100|[silent]
|turn|58
|
|t:|1666969503
|move|p2a: Arceus|Extreme Speed|p1a: Chansey
|-damage|p1a: Chansey|0 fnt
|faint|p1a: Chansey
|-damage|p2a: Arceus|30/100 par|[from] item: Life Orb
|
|win|nyanpekka
|raw|Tahz's rating: 1752 &rarr; <strong>1730</strong><br />(-22 for losing)
|raw|nyanpekka's rating: 1724 &rarr; <strong>1746</strong><br />(+22 for winning)
|l|‽Tahz
|c|☆nyanpekka|LLL
