|j|☆AG Champion Red
|j|☆rajof
|t:|1662899258
|gametype|singles
|player|p1|AG Champion Red|red|1818
|player|p2|rajof|youngster-gen4dp|1873
|teamsize|p1|6
|teamsize|p2|6
|gen|8
|tier|[Gen 8] National Dex AG
|rated|
|rule|HP Percentage Mod: HP is shown in percentages
|rule|Endless Battle Clause: Forcing endless battles is banned
|clearpoke
|poke|p1|Zacian-*|
|poke|p1|Calyrex-Shadow|
|poke|p1|Rayquaza|
|poke|p1|Groudon|
|poke|p1|Necrozma-Dusk-Mane|
|poke|p1|Yveltal|
|poke|p2|Groudon|
|poke|p2|Zygarde|
|poke|p2|Necrozma-Dusk-Mane|
|poke|p2|Chansey, F|
|poke|p2|Yveltal|
|poke|p2|Rayquaza|
|teampreview
|inactive|Battle timer is ON: inactive players will automatically lose when time's up. (requested by AG Champion Red)
|
|t:|1662899286
|start
|switch|p1a: Groudon|Groudon, shiny|100/100
|switch|p2a: 이벨타르|Yveltal|100/100
|-ability|p2a: 이벨타르|Dark Aura
|detailschange|p1a: Groudon|Groudon-Primal, shiny
|-primal|p1a: Groudon
|-weather|DesolateLand|[from] ability: Desolate Land|[of] p1a: Groudon
|turn|1
|
|t:|1662899307
|move|p2a: 이벨타르|Taunt|p1a: Groudon
|-start|p1a: Groudon|move: Taunt
|cant|p1a: Groudon|move: Taunt|Thunder Wave
|
|-weather|DesolateLand|[upkeep]
|upkeep
|turn|2
|
|t:|1662899327
|switch|p2a: 지가르데|Zygarde|100/100
|-weather|none
|switch|p1a: Zacian|Zacian|100/100
|-ability|p1a: Zacian|Intrepid Sword|boost
|-boost|p1a: Zacian|atk|1
|
|upkeep
|turn|3
|
|t:|1662899332
|switch|p2a: 네크로즈마|Necrozma-Dusk-Mane|100/100
|move|p1a: Zacian|Crunch|p2a: 네크로즈마
|-supereffective|p2a: 네크로즈마
|-damage|p2a: 네크로즈마|46/100
|-unboost|p2a: 네크로즈마|def|1
|-damage|p1a: Zacian|84/100|[from] item: Rocky Helmet|[of] p2a: 네크로즈마
|
|upkeep
|turn|4
|
|t:|1662899344
|switch|p2a: 이벨타르|Yveltal|100/100
|-ability|p2a: 이벨타르|Dark Aura
|move|p1a: Zacian|Crunch|p2a: 이벨타르
|-resisted|p2a: 이벨타르
|-damage|p2a: 이벨타르|60/100
|
|upkeep
|turn|5
|
|t:|1662899350
|move|p1a: Zacian|Crunch|p2a: 이벨타르
|-resisted|p2a: 이벨타르
|-damage|p2a: 이벨타르|17/100
|move|p2a: 이벨타르|Oblivion Wing|p1a: Zacian
|-damage|p1a: Zacian|36/100
|-heal|p2a: 이벨타르|47/100|[from] drain|[of] p1a: Zacian
|-damage|p2a: 이벨타르|37/100|[from] item: Life Orb
|
|upkeep
|turn|6
|
|t:|1662899367
|switch|p2a: 지가르데|Zygarde|100/100
|move|p1a: Zacian|Crunch|p2a: 지가르데
|-damage|p2a: 지가르데|56/100
|
|-heal|p2a: 지가르데|62/100|[from] item: Leftovers
|upkeep
|turn|7
|
|t:|1662899374
|switch|p1a: Groudon|Groudon-Primal, shiny|100/100
|-weather|DesolateLand|[from] ability: Desolate Land|[of] p1a: Groudon
|move|p2a: 지가르데|Glare|p1a: Groudon
|-status|p1a: Groudon|par
|
|-weather|DesolateLand|[upkeep]
|-heal|p2a: 지가르데|68/100|[from] item: Leftovers
|upkeep
|turn|8
|
|t:|1662899376
|move|p2a: 지가르데|Substitute|p2a: 지가르데
|-start|p2a: 지가르데|Substitute
|-damage|p2a: 지가르데|43/100
|move|p1a: Groudon|Stealth Rock|p2a: 지가르데
|-sidestart|p2: rajof|move: Stealth Rock
|
|-weather|DesolateLand|[upkeep]
|-heal|p2a: 지가르데|49/100|[from] item: Leftovers
|-activate|p2a: 지가르데|ability: Power Construct
|detailschange|p2a: 지가르데|Zygarde-Complete
|-heal|p2a: 지가르데|67/100|[silent]
|upkeep
|turn|9
|
|t:|1662899378
|move|p2a: 지가르데|Coil|p2a: 지가르데
|-boost|p2a: 지가르데|atk|1
|-boost|p2a: 지가르데|def|1
|-boost|p2a: 지가르데|accuracy|1
|move|p1a: Groudon|Precipice Blades|p2a: 지가르데
|-end|p2a: 지가르데|Substitute
|
|-weather|DesolateLand|[upkeep]
|-heal|p2a: 지가르데|73/100|[from] item: Leftovers
|upkeep
|turn|10
|
|t:|1662899382
|-weather|none
|switch|p1a: Yveltal|Yveltal|100/100
|-ability|p1a: Yveltal|Dark Aura
|move|p2a: 지가르데|Substitute|p2a: 지가르데
|-start|p2a: 지가르데|Substitute
|-damage|p2a: 지가르데|48/100
|
|-heal|p2a: 지가르데|54/100|[from] item: Leftovers
|upkeep
|turn|11
|
|t:|1662899386
|move|p2a: 지가르데|Glare|p1a: Yveltal
|-status|p1a: Yveltal|par
|move|p1a: Yveltal|Taunt|p2a: 지가르데
|-start|p2a: 지가르데|move: Taunt
|
|-heal|p2a: 지가르데|60/100|[from] item: Leftovers
|upkeep
|turn|12
|
|t:|1662899390
|move|p2a: 지가르데|Thousand Arrows|p1a: Yveltal
|-damage|p1a: Yveltal|65/100 par
|-start|p1a: Yveltal|Smack Down
|move|p1a: Yveltal|Knock Off|p2a: 지가르데
|-activate|p2a: 지가르데|move: Substitute|[damage]
|
|-heal|p2a: 지가르데|66/100|[from] item: Leftovers
|upkeep
|turn|13
|
|t:|1662899397
|switch|p1a: Zacian|Zacian|36/100
|-ability|p1a: Zacian|Intrepid Sword|boost
|-boost|p1a: Zacian|atk|1
|move|p2a: 지가르데|Thousand Arrows|p1a: Zacian
|-damage|p1a: Zacian|0 fnt
|faint|p1a: Zacian
|
|-heal|p2a: 지가르데|72/100|[from] item: Leftovers
|upkeep
|
|t:|1662899401
|switch|p1a: Calyrex|Calyrex-Shadow|100/100
|-ability|p1a: Calyrex|As One
|-ability|p1a: Calyrex|Unnerve
|turn|14
|j| dedaobudaode
|
|t:|1662899406
|-start|p1a: Calyrex|Dynamax|
|-heal|p1a: Calyrex|100/100|[silent]
|move|p1a: Calyrex|Max Starfall|p2a: 지가르데
|-supereffective|p2a: 지가르데
|-end|p2a: 지가르데|Substitute
|-fieldstart|move: Misty Terrain
|move|p2a: 지가르데|Thousand Arrows|p1a: Calyrex
|-damage|p1a: Calyrex|70/100
|
|-heal|p2a: 지가르데|78/100|[from] item: Leftovers
|-end|p2a: 지가르데|move: Taunt
|upkeep
|turn|15
|
|t:|1662899416
|switch|p2a: 럭키|Chansey, F|100/100
|-damage|p2a: 럭키|88/100|[from] Stealth Rock
|move|p1a: Calyrex|Max Mindstorm|p2a: 럭키
|-damage|p2a: 럭키|66/100
|-fieldstart|move: Psychic Terrain
|
|upkeep
|turn|16
|
|t:|1662899426
|move|p1a: Calyrex|Max Starfall|p2a: 럭키
|-crit|p2a: 럭키
|-damage|p2a: 럭키|49/100
|-fieldstart|move: Misty Terrain
|move|p2a: 럭키|Wish|p2a: 럭키
|
|upkeep
|-end|p1a: Calyrex|Dynamax
|-heal|p1a: Calyrex|70/100|[silent]
|turn|17
|
|t:|1662899434
|switch|p2a: 이벨타르|Yveltal|37/100
|-damage|p2a: 이벨타르|12/100|[from] Stealth Rock
|-ability|p2a: 이벨타르|Dark Aura
|move|p1a: Calyrex|Nasty Plot|p1a: Calyrex
|-boost|p1a: Calyrex|spa|2
|
|-heal|p2a: 이벨타르|98/100|[from] move: Wish|[wisher] 럭키
|upkeep
|turn|18
|
|t:|1662899444
|move|p2a: 이벨타르|Sucker Punch|p1a: Calyrex
|-supereffective|p1a: Calyrex
|-damage|p1a: Calyrex|0 fnt
|faint|p1a: Calyrex
|-damage|p2a: 이벨타르|89/100|[from] item: Life Orb
|
|upkeep
|
|t:|1662899450
|switch|p1a: Necrozma|Necrozma-Dusk-Mane, shiny|100/100
|turn|19
|
|t:|1662899457
|-start|p2a: 이벨타르|Dynamax|
|-heal|p2a: 이벨타르|89/100|[silent]
|move|p2a: 이벨타르|Max Darkness|p1a: Necrozma
|-supereffective|p1a: Necrozma
|-damage|p1a: Necrozma|0 fnt
|faint|p1a: Necrozma
|-damage|p2a: 이벨타르|84/100|[from] item: Life Orb
|
|upkeep
|
|t:|1662899464
|switch|p1a: Rayquaza|Rayquaza, shiny|100/100
|-ability|p1a: Rayquaza|Air Lock
|turn|20
|-message|AG Champion Red forfeited.
|
|win|rajof
|raw|AG Champion Red's rating: 1818 &rarr; <strong>1801</strong><br />(-17 for losing)
|raw|rajof's rating: 1873 &rarr; <strong>1890</strong><br />(+17 for winning)
|l|☆AG Champion Red
|j|☆AG Champion Red
|player|p1|AG Champion Red|red
|l|☆rajof
||Ladder isn't responding, score probably updated but might not have (Request timeout).
|l|☆AG Champion Red
|player|p1|
