|j|☆YLong
|j|☆LDP333
|t:|1668938728
|gametype|singles
|player|p1|YLong|darach-caitlin|
|player|p2|LDP333|caitlin|
|teamsize|p1|6
|teamsize|p2|6
|gen|8
|tier|[Gen 8] National Dex AG
|rule|HP Percentage Mod: HP is shown in percentages
|rule|Endless Battle Clause: Forcing endless battles is banned
|clearpoke
|poke|p1|Victini|
|poke|p1|Grimmsnarl, M|
|poke|p1|Charizard, M|
|poke|p1|Donphan, M|
|poke|p1|Ribombee, M|
|poke|p1|Latios, M|
|poke|p2|Pelipper, F|
|poke|p2|Dracovish|
|poke|p2|Ludicolo, M|
|poke|p2|Sceptile, F|
|poke|p2|Serperior, F|
|poke|p2|Rillaboom, M|
|teampreview
|
|t:|1668938749
|start
|switch|p1a: Donphan|Donphan, M|100/100
|switch|p2a: Pelipper|Pelipper, F|100/100
|-weather|RainDance|[from] ability: Drizzle|[of] p2a: Pelipper
|turn|1
|
|t:|1668938777
|move|p2a: Pelipper|U-turn|p1a: Donphan
|-damage|p1a: Donphan|96/100
|
|t:|1668938791
|switch|p2a: Dracovish|Dracovish|100/100|[from]move: U-turn
|move|p1a: Donphan|Stealth Rock|p2a: Dracovish
|-sidestart|p2: LDP333|move: Stealth Rock
|
|-weather|RainDance|[upkeep]
|-heal|p1a: Donphan|100/100|[from] item: Leftovers
|upkeep
|turn|2
|
|t:|1668938802
|move|p2a: Dracovish|Fishious Rend|p1a: Donphan
|-supereffective|p1a: Donphan
|-ability|p1a: Donphan|Sturdy
|-damage|p1a: Donphan|1/100
|move|p1a: Donphan|Knock Off|p2a: Dracovish
|-damage|p2a: Dracovish|71/100
|-enditem|p2a: Dracovish|Choice Scarf|[from] move: Knock Off|[of] p1a: Donphan
|
|-weather|RainDance|[upkeep]
|-heal|p1a: Donphan|7/100|[from] item: Leftovers
|upkeep
|turn|3
|
|t:|1668938814
|move|p2a: Dracovish|Fishious Rend|p1a: Donphan
|-supereffective|p1a: Donphan
|-damage|p1a: Donphan|0 fnt
|faint|p1a: Donphan
|
|-weather|RainDance|[upkeep]
|upkeep
|
|t:|1668938823
|switch|p1a: Ribombee|Ribombee, M|100/100
|turn|4
|
|t:|1668938836
|switch|p2a: Pelipper|Pelipper, F|100/100
|-damage|p2a: Pelipper|75/100|[from] Stealth Rock
|move|p1a: Ribombee|Tailwind|p1a: Ribombee
|-sidestart|p1: YLong|move: Tailwind
|
|-weather|RainDance|[upkeep]
|upkeep
|turn|5
|
|t:|1668938853
|move|p1a: Ribombee|Dazzling Gleam|p2a: Pelipper
|-damage|p2a: Pelipper|25/100
|move|p2a: Pelipper|U-turn|p1a: Ribombee
|-resisted|p1a: Ribombee
|-damage|p1a: Ribombee|93/100
|
|t:|1668938858
|switch|p2a: Dracovish|Dracovish|71/100|[from]move: U-turn
|-damage|p2a: Dracovish|59/100|[from] Stealth Rock
|
|-weather|RainDance|[upkeep]
|upkeep
|turn|6
|
|t:|1668938866
|move|p1a: Ribombee|Dazzling Gleam|p2a: Dracovish
|-supereffective|p2a: Dracovish
|-damage|p2a: Dracovish|0 fnt
|faint|p2a: Dracovish
|
|-weather|RainDance|[upkeep]
|upkeep
|
|t:|1668938874
|switch|p2a: Ludicolo|Ludicolo, M|100/100
|-damage|p2a: Ludicolo|88/100|[from] Stealth Rock
|turn|7
|
|t:|1668938881
|move|p1a: Ribombee|Sticky Web|p2a: Ludicolo
|-sidestart|p2: LDP333|move: Sticky Web
|move|p2a: Ludicolo|Hydro Pump|p1a: Ribombee
|-damage|p1a: Ribombee|0 fnt
|faint|p1a: Ribombee
|
|-weather|RainDance|[upkeep]
|-sideend|p1: YLong|move: Tailwind
|upkeep
|
|t:|1668938897
|switch|p1a: Grimmsnarl|Grimmsnarl, M|100/100
|turn|8
|j| lejiangcaibi
|
|t:|1668938921
|move|p1a: Grimmsnarl|Light Screen|p1a: Grimmsnarl
|-sidestart|p1: YLong|move: Light Screen
|-zpower|p2a: Ludicolo
|move|p2a: Ludicolo|Hydro Vortex|p1a: Grimmsnarl|[zeffect]
|-damage|p1a: Grimmsnarl|46/100
|
|-weather|none
|upkeep
|turn|9
|
|t:|1668938951
|move|p1a: Grimmsnarl|Reflect|p1a: Grimmsnarl
|-sidestart|p1: YLong|Reflect
|move|p2a: Ludicolo|Hydro Pump|p1a: Grimmsnarl
|-damage|p1a: Grimmsnarl|26/100
|
|upkeep
|turn|10
|
|t:|1668938958
|move|p2a: Ludicolo|Leaf Storm|p1a: Grimmsnarl
|-damage|p1a: Grimmsnarl|3/100
|-unboost|p2a: Ludicolo|spa|2
|move|p1a: Grimmsnarl|Spirit Break|p2a: Ludicolo
|-damage|p2a: Ludicolo|44/100
|-unboost|p2a: Ludicolo|spa|1
|
|upkeep
|turn|11
|
|t:|1668938967
|switch|p2a: Serperior|Serperior, F|100/100
|-damage|p2a: Serperior|88/100|[from] Stealth Rock
|-activate|p2a: Serperior|move: Sticky Web
|-boost|p2a: Serperior|spe|1
|switch|p1a: Latios|Latios, M|100/100
|
|-heal|p2a: Serperior|94/100|[from] item: Leftovers
|upkeep
|turn|12
|
|t:|1668938996
|move|p2a: Serperior|Glare|p1a: Latios
|-status|p1a: Latios|par
|move|p1a: Latios|Ice Beam|p2a: Serperior
|-supereffective|p2a: Serperior
|-damage|p2a: Serperior|7/100
|
|-heal|p2a: Serperior|14/100|[from] item: Leftovers
|upkeep
|turn|13
|
|t:|1668939010
|move|p2a: Serperior|Leaf Storm|p1a: Latios
|-resisted|p1a: Latios
|-damage|p1a: Latios|88/100 par
|-boost|p2a: Serperior|spa|2
|move|p1a: Latios|Ice Beam|p2a: Serperior
|-supereffective|p2a: Serperior
|-damage|p2a: Serperior|0 fnt
|faint|p2a: Serperior
|
|-heal|p1a: Latios|94/100 par|[from] item: Leftovers
|upkeep
|
|t:|1668939019
|switch|p2a: Sceptile|Sceptile, F|100/100
|-damage|p2a: Sceptile|88/100|[from] Stealth Rock
|-activate|p2a: Sceptile|move: Sticky Web
|-unboost|p2a: Sceptile|spe|1
|turn|14
|
|t:|1668939030
|detailschange|p2a: Sceptile|Sceptile-Mega, F
|-mega|p2a: Sceptile|Sceptile|Sceptilite
|move|p2a: Sceptile|Dragon Pulse|p1a: Latios
|-supereffective|p1a: Latios
|-damage|p1a: Latios|38/100 par
|move|p1a: Latios|Ice Beam|p2a: Sceptile
|-supereffective|p2a: Sceptile
|-damage|p2a: Sceptile|0 fnt
|faint|p2a: Sceptile
|
|-heal|p1a: Latios|44/100 par|[from] item: Leftovers
|upkeep
|
|t:|1668939036
|switch|p2a: Rillaboom|Rillaboom, M|100/100
|-damage|p2a: Rillaboom|88/100|[from] Stealth Rock
|-activate|p2a: Rillaboom|move: Sticky Web
|-unboost|p2a: Rillaboom|spe|1
|-fieldstart|move: Grassy Terrain|[from] ability: Grassy Surge|[of] p2a: Rillaboom
|turn|15
|
|t:|1668939050
|move|p2a: Rillaboom|Grassy Glide|p1a: Latios
|-resisted|p1a: Latios
|-damage|p1a: Latios|16/100 par
|cant|p1a: Latios|par
|
|-heal|p1a: Latios|22/100 par|[from] item: Leftovers
|-heal|p2a: Rillaboom|94/100|[from] Grassy Terrain
|-sideend|p1: YLong|move: Light Screen
|upkeep
|turn|16
|
|t:|1668939061
|move|p2a: Rillaboom|Grassy Glide|p1a: Latios
|-resisted|p1a: Latios
|-crit|p1a: Latios
|-damage|p1a: Latios|0 fnt
|faint|p1a: Latios
|
|-heal|p2a: Rillaboom|100/100|[from] Grassy Terrain
|-sideend|p1: YLong|Reflect
|upkeep
|
|t:|1668939064
|switch|p1a: Grimmsnarl|Grimmsnarl, M|3/100
|turn|17
|
|t:|1668939067
|move|p1a: Grimmsnarl|Reflect|p1a: Grimmsnarl
|-sidestart|p1: YLong|Reflect
|move|p2a: Rillaboom|Grassy Glide|p1a: Grimmsnarl
|-damage|p1a: Grimmsnarl|0 fnt
|faint|p1a: Grimmsnarl
|
|upkeep
|
|t:|1668939073
|switch|p1a: Victini|Victini|100/100
|turn|18
|
|t:|1668939078
|switch|p2a: Pelipper|Pelipper, F|25/100
|-damage|p2a: Pelipper|0 fnt|[from] Stealth Rock
|faint|p2a: Pelipper
|move|p1a: Victini|Final Gambit|p2: Pelipper|[notarget]
|-fail|p1a: Victini
|
|upkeep
|
|t:|1668939080
|switch|p2a: Ludicolo|Ludicolo, M|44/100
|-damage|p2a: Ludicolo|32/100|[from] Stealth Rock
|-activate|p2a: Ludicolo|move: Sticky Web
|-unboost|p2a: Ludicolo|spe|1
|turn|19
|
|t:|1668939100
|move|p2a: Ludicolo|Fake Out|p1a: Victini
|-damage|p1a: Victini|98/100
|cant|p1a: Victini|flinch
|
|-heal|p1a: Victini|100/100|[from] Grassy Terrain
|-heal|p2a: Ludicolo|38/100|[from] Grassy Terrain
|-fieldend|move: Grassy Terrain
|upkeep
|turn|20
|
|t:|1668939123
|move|p1a: Victini|Final Gambit|p2a: Ludicolo
|-damage|p2a: Ludicolo|0 fnt
|faint|p1a: Victini
|faint|p2a: Ludicolo
|
|upkeep
|
|t:|1668939129
|switch|p1a: 最初的相遇|Charizard, M, shiny|100/100
|switch|p2a: Rillaboom|Rillaboom, M|100/100
|-damage|p2a: Rillaboom|88/100|[from] Stealth Rock
|-activate|p2a: Rillaboom|move: Sticky Web
|-unboost|p2a: Rillaboom|spe|1
|-fieldstart|move: Grassy Terrain|[from] ability: Grassy Surge|[of] p2a: Rillaboom
|turn|21
|
|t:|1668939134
|-start|p1a: 最初的相遇|Dynamax|Gmax
|-heal|p1a: 最初的相遇|100/100|[silent]
|-start|p2a: Rillaboom|Dynamax|
|-heal|p2a: Rillaboom|88/100|[silent]
|move|p1a: 最初的相遇|G-Max Wildfire|p2a: Rillaboom
|-supereffective|p2a: Rillaboom
|-damage|p2a: Rillaboom|0 fnt
|-sidestart|p2: LDP333|G-Max Wildfire
|faint|p2a: Rillaboom
|-damage|p1a: 最初的相遇|96/100|[from] item: Life Orb
|
|win|YLong
