|j|☆Zrp200
|j|☆starkorea74
|t:|1597766880
|player|p1|Zrp200|supernerd-gen3|1774
|player|p2|starkorea74|cynthia|1884
|teamsize|p1|6
|teamsize|p2|6
|gametype|singles
|gen|8
|tier|[Gen 8] National Dex AG
|rated|
|clearpoke
|poke|p1|Ribombee, F|
|poke|p1|Deoxys-Speed|
|poke|p1|Grimmsnarl, M|
|poke|p1|Rayquaza|
|poke|p1|Arceus-*|
|poke|p1|Mewtwo|
|poke|p2|Necrozma-Dusk-Mane|
|poke|p2|Ho-Oh|
|poke|p2|Ditto|
|poke|p2|Arceus-*|
|poke|p2|Rayquaza|
|poke|p2|Yveltal|
|rule|HP Percentage Mod: HP is shown in percentages
|rule|Endless Battle Clause: Forcing endless battles is banned
|teampreview
|
|t:|1597766890
|start
|switch|p1a: Ribombee|Ribombee, F|100/100
|switch|p2a: Rayquaza|Rayquaza|100/100
|-ability|p2a: Rayquaza|Air Lock
|turn|1
|
|t:|1597766899
|switch|p2a: Ho-Oh|Ho-Oh|100/100
|move|p1a: Ribombee|Sticky Web|p2a: Ho-Oh
|-sidestart|p2: starkorea74|move: Sticky Web
|
|upkeep
|turn|2
|
|t:|1597766919
|move|p1a: Ribombee|Stun Spore|p2a: Ho-Oh
|-status|p2a: Ho-Oh|par
|move|p2a: Ho-Oh|Sacred Fire|p1a: Ribombee|[miss]
|-miss|p2a: Ho-Oh|p1a: Ribombee
|
|upkeep
|turn|3
|
|t:|1597766926
|switch|p1a: Deoxys|Deoxys-Speed|100/100
|-ability|p1a: Deoxys|Pressure
|cant|p2a: Ho-Oh|par
|
|upkeep
|turn|4
|
|t:|1597766934
|move|p1a: Deoxys|Taunt|p2a: Ho-Oh
|-start|p2a: Ho-Oh|move: Taunt
|move|p2a: Ho-Oh|Sacred Fire|p1a: Deoxys
|-damage|p1a: Deoxys|50/100
|-status|p1a: Deoxys|brn
|
|-damage|p1a: Deoxys|44/100 brn|[from] brn
|upkeep
|turn|5
|
|t:|1597766946
|move|p1a: Deoxys|Stealth Rock|p2a: Ho-Oh
|-sidestart|p2: starkorea74|move: Stealth Rock
|move|p2a: Ho-Oh|Sacred Fire|p1a: Deoxys
|-damage|p1a: Deoxys|0 fnt
|faint|p1a: Deoxys
|
|upkeep
|j| R/S/E Fanboy
|
|t:|1597766982
|switch|p1a: Grimmsnarl|Grimmsnarl, M|100/100
|turn|6
|
|t:|1597767010
|move|p1a: Grimmsnarl|Reflect|p1a: Grimmsnarl
|-sidestart|p1: Zrp200|Reflect
|move|p2a: Ho-Oh|Sacred Fire|p1a: Grimmsnarl
|-damage|p1a: Grimmsnarl|79/100
|
|-end|p2a: Ho-Oh|move: Taunt
|upkeep
|turn|7
|inactive|Battle timer is ON: inactive players will automatically lose when time's up. (requested by Zrp200)
|
|t:|1597767086
|move|p1a: Grimmsnarl|Taunt|p2a: Ho-Oh
|-start|p2a: Ho-Oh|move: Taunt
|cant|p2a: Ho-Oh|move: Taunt|Defog
|
|upkeep
|turn|8
|j| Starzionz
|
|t:|1597767113
|switch|p2a: Necrozma|Necrozma-Dusk-Mane|100/100
|-activate|p2a: Necrozma|move: Sticky Web
|-unboost|p2a: Necrozma|spe|1
|-damage|p2a: Necrozma|94/100|[from] Stealth Rock
|move|p1a: Grimmsnarl|Spirit Break|p2a: Necrozma
|-resisted|p2a: Necrozma
|-damage|p2a: Necrozma|87/100
|-unboost|p2a: Necrozma|spa|1
|
|-heal|p2a: Necrozma|93/100|[from] item: Leftovers
|upkeep
|turn|9
|
|t:|1597767124
|switch|p1a: Rayquaza|Rayquaza|100/100
|-ability|p1a: Rayquaza|Air Lock
|move|p2a: Necrozma|Sunsteel Strike|p1a: Rayquaza
|-damage|p1a: Rayquaza|73/100
|
|-heal|p2a: Necrozma|99/100|[from] item: Leftovers
|upkeep
|turn|10
|inactive|starkorea74 has 120 seconds left.
|j| Pikapikaraipika
|l| Pikapikaraipika
|
|t:|1597767166
|detailschange|p1a: Rayquaza|Rayquaza-Mega
|-mega|p1a: Rayquaza|Rayquaza|
|-weather|DeltaStream|[from] ability: Delta Stream|[of] p1a: Rayquaza
|move|p1a: Rayquaza|Swords Dance|p1a: Rayquaza
|-boost|p1a: Rayquaza|atk|2
|move|p2a: Necrozma|Toxic|p1a: Rayquaza
|-status|p1a: Rayquaza|tox
|
|-weather|DeltaStream|[upkeep]
|-heal|p2a: Necrozma|100/100|[from] item: Leftovers
|-damage|p1a: Rayquaza|67/100 tox|[from] psn
|upkeep
|turn|11
|
|t:|1597767179
|-start|p2a: Necrozma|Dynamax
|-heal|p2a: Necrozma|100/100|[silent]
|move|p1a: Rayquaza|Earthquake|p2a: Necrozma
|-supereffective|p2a: Necrozma
|-damage|p2a: Necrozma|47/100
|-damage|p1a: Rayquaza|57/100 tox|[from] item: Life Orb
|move|p2a: Necrozma|Max Steelspike|p1a: Rayquaza
|-damage|p1a: Rayquaza|27/100 tox
|-boost|p2a: Necrozma|def|1
|
|-weather|DeltaStream|[upkeep]
|-heal|p2a: Necrozma|50/100|[from] item: Leftovers
|-damage|p1a: Rayquaza|15/100 tox|[from] psn
|upkeep
|turn|12
|
|t:|1597767192
|move|p1a: Rayquaza|Earthquake|p2a: Necrozma
|-supereffective|p2a: Necrozma
|-damage|p2a: Necrozma|14/100
|-damage|p1a: Rayquaza|5/100 tox|[from] item: Life Orb
|move|p2a: Necrozma|Max Steelspike|p1a: Rayquaza
|-damage|p1a: Rayquaza|0 fnt
|-boost|p2a: Necrozma|def|1
|faint|p1a: Rayquaza
|-weather|none
|
|-heal|p2a: Necrozma|17/100|[from] item: Leftovers
|upkeep
|
|t:|1597767200
|switch|p1a: Mewtwo|Mewtwo|100/100
|-ability|p1a: Mewtwo|Pressure
|turn|13
|
|t:|1597767215
|move|p1a: Mewtwo|Nasty Plot|p1a: Mewtwo
|-boost|p1a: Mewtwo|spa|2
|move|p2a: Necrozma|Max Steelspike|p1a: Mewtwo
|-damage|p1a: Mewtwo|67/100
|-boost|p2a: Necrozma|def|1
|
|-heal|p2a: Necrozma|20/100|[from] item: Leftovers
|-sideend|p1: Zrp200|Reflect
|-end|p2a: Necrozma|Dynamax
|-heal|p2a: Necrozma|20/100|[silent]
|upkeep
|turn|14
|l| Starzionz
|
|t:|1597767236
|move|p1a: Mewtwo|Fire Blast|p2a: Necrozma|[miss]
|-miss|p1a: Mewtwo|p2a: Necrozma
|move|p2a: Necrozma|Sunsteel Strike|p1a: Mewtwo
|-damage|p1a: Mewtwo|13/100
|
|-heal|p2a: Necrozma|26/100|[from] item: Leftovers
|upkeep
|turn|15
|c|☆Zrp200|;;
|
|t:|1597767247
|-start|p1a: Mewtwo|Dynamax
|-heal|p1a: Mewtwo|13/100|[silent]
|move|p1a: Mewtwo|Max Flare|p2a: Necrozma
|-supereffective|p2a: Necrozma
|-damage|p2a: Necrozma|0 fnt
|-weather|SunnyDay
|-damage|p1a: Mewtwo|8/100|[from] item: Life Orb
|faint|p2a: Necrozma
|
|-weather|SunnyDay|[upkeep]
|upkeep
|j| X AE A-Xi
|
|t:|1597767257
|switch|p2a: Ditto|Ditto|100/100
|-activate|p2a: Ditto|move: Sticky Web
|-unboost|p2a: Ditto|spe|1
|-damage|p2a: Ditto|88/100|[from] Stealth Rock
|-transform|p2a: Ditto|p1a: Mewtwo|[from] ability: Imposter
|-ability|p2a: Ditto|Pressure
|turn|16
|
|t:|1597767270
|move|p2a: Ditto|Psystrike|p1a: Mewtwo
|-resisted|p1a: Mewtwo
|-crit|p1a: Mewtwo
|-damage|p1a: Mewtwo|0 fnt
|faint|p1a: Mewtwo
|
|-weather|SunnyDay|[upkeep]
|upkeep
|
|t:|1597767274
|switch|p1a: Grimmsnarl|Grimmsnarl, M|79/100
|turn|17
|inactive|starkorea74 has 90 seconds left.
|
|t:|1597767304
|switch|p2a: Rayquaza|Rayquaza|100/100
|-damage|p2a: Rayquaza|76/100|[from] Stealth Rock
|-ability|p2a: Rayquaza|Air Lock
|move|p1a: Grimmsnarl|Light Screen|p1a: Grimmsnarl
|-sidestart|p1: Zrp200|move: Light Screen
|
|-weather|SunnyDay|[upkeep]
|upkeep
|turn|18
|
|t:|1597767312
|detailschange|p2a: Rayquaza|Rayquaza-Mega
|-mega|p2a: Rayquaza|Rayquaza|
|-weather|DeltaStream|[from] ability: Delta Stream|[of] p2a: Rayquaza
|move|p1a: Grimmsnarl|Reflect|p1a: Grimmsnarl
|-sidestart|p1: Zrp200|Reflect
|move|p2a: Rayquaza|Dragon Ascent|p1a: Grimmsnarl
|-damage|p1a: Grimmsnarl|23/100
|-unboost|p2a: Rayquaza|def|1
|-unboost|p2a: Rayquaza|spd|1
|-damage|p2a: Rayquaza|66/100|[from] item: Life Orb
|
|-weather|DeltaStream|[upkeep]
|upkeep
|turn|19
|inactive|starkorea74 has 90 seconds left.
|
|t:|1597767328
|move|p2a: Rayquaza|Dragon Ascent|p1a: Grimmsnarl
|-damage|p1a: Grimmsnarl|0 fnt
|-unboost|p2a: Rayquaza|def|1
|-unboost|p2a: Rayquaza|spd|1
|-damage|p2a: Rayquaza|56/100|[from] item: Life Orb
|faint|p1a: Grimmsnarl
|
|-weather|DeltaStream|[upkeep]
|upkeep
|
|t:|1597767330
|switch|p1a: Arceus|Arceus-Ghost|100/100
|turn|20
|
|t:|1597767341
|move|p1a: Arceus|Swords Dance|p1a: Arceus
|-boost|p1a: Arceus|atk|2
|move|p2a: Rayquaza|Dragon Ascent|p1a: Arceus
|-damage|p1a: Arceus|59/100
|-unboost|p2a: Rayquaza|def|1
|-unboost|p2a: Rayquaza|spd|1
|-damage|p2a: Rayquaza|46/100|[from] item: Life Orb
|
|-weather|DeltaStream|[upkeep]
|upkeep
|turn|21
|
|t:|1597767353
|-weather|none
|switch|p2a: Ho-Oh|Ho-Oh|100/100 par
|move|p1a: Arceus|Extreme Speed|p2a: Ho-Oh
|-damage|p2a: Ho-Oh|64/100 par
|
|upkeep
|turn|22
|inactive|starkorea74 has 90 seconds left.
|
|t:|1597767374
|switch|p2a: Ditto|Ditto|88/100
|-activate|p2a: Ditto|move: Sticky Web
|-unboost|p2a: Ditto|spe|1
|-damage|p2a: Ditto|76/100|[from] Stealth Rock
|-transform|p2a: Ditto|p1a: Arceus|[from] ability: Imposter
|move|p1a: Arceus|Shadow Force||[still]
|-prepare|p1a: Arceus|Shadow Force
|
|upkeep
|turn|23
|inactive|starkorea74 has 90 seconds left.
|
|t:|1597767382
|move|p2a: Ditto|Shadow Force||[still]
|-prepare|p2a: Ditto|Shadow Force
|move|p1a: Arceus|Shadow Force|p2a: Ditto|[from]lockedmove|[miss]
|-miss|p1a: Arceus|p2a: Ditto
|
|upkeep
|turn|24
|
|t:|1597767387
|switch|p1a: Ribombee|Ribombee, F|100/100
|move|p2a: Ditto|Shadow Force|p1a: Ribombee|[from]lockedmove
|-enditem|p1a: Ribombee|Focus Sash
|-damage|p1a: Ribombee|1/100
|
|-sideend|p1: Zrp200|move: Light Screen
|upkeep
|turn|25
|
|t:|1597767400
|move|p2a: Ditto|Shadow Force||[still]
|-prepare|p2a: Ditto|Shadow Force
|move|p1a: Ribombee|Moonblast|p2a: Ditto|[miss]
|-miss|p1a: Ribombee|p2a: Ditto
|
|-sideend|p1: Zrp200|Reflect
|upkeep
|turn|26
|
|t:|1597767406
|move|p2a: Ditto|Shadow Force|p1a: Ribombee|[from]lockedmove
|-crit|p1a: Ribombee
|-damage|p1a: Ribombee|0 fnt
|faint|p1a: Ribombee
|
|upkeep
|c| X AE A-Xi|gg
|
|t:|1597767414
|switch|p1a: Arceus|Arceus-Ghost|59/100
|turn|27
|
|t:|1597767418
|switch|p2a: Ho-Oh|Ho-Oh|98/100 par
|move|p1a: Arceus|Shadow Force||[still]
|-prepare|p1a: Arceus|Shadow Force
|
|upkeep
|turn|28
|-message|Zrp200 forfeited.
|
|win|starkorea74
|l|☆Zrp200
|l| X AE A-Xi
