|j|☆chopforce8
|j|☆Whitedevil12345678
|t:|1664175684
|gametype|singles
|player|p1|chopforce8|red|2030
|player|p2|Whitedevil12345678|blue-gen3two|1980
|teamsize|p1|6
|teamsize|p2|6
|gen|8
|tier|[Gen 8] National Dex AG
|rated|
|rule|HP Percentage Mod: HP is shown in percentages
|rule|Endless Battle Clause: Forcing endless battles is banned
|clearpoke
|poke|p1|Yveltal|
|poke|p1|Diancie|
|poke|p1|Calyrex-Shadow|
|poke|p1|Zacian-*|
|poke|p1|Ditto|
|poke|p1|Arceus-*|
|poke|p2|Arceus-*|
|poke|p2|Ditto|
|poke|p2|Zygarde|
|poke|p2|Eternatus|
|poke|p2|Arceus-*|
|poke|p2|Arceus-*|
|teampreview
|inactive|Battle timer is ON: inactive players will automatically lose when time's up. (requested by Whitedevil12345678)
|
|t:|1664175698
|start
|switch|p1a: Harry Potter|Diancie|100/100
|switch|p2a: Arceus|Arceus-Fairy|100/100
|turn|1
|
|t:|1664175704
|detailschange|p1a: Harry Potter|Diancie-Mega
|-mega|p1a: Harry Potter|Diancie|Diancite
|move|p1a: Harry Potter|Moonblast|p2a: Arceus
|-damage|p2a: Arceus|71/100
|move|p2a: Arceus|Judgment|p1a: Harry Potter
|-damage|p1a: Harry Potter|34/100
|
|upkeep
|turn|2
|
|t:|1664175721
|move|p1a: Harry Potter|Stealth Rock|p2a: Arceus
|-sidestart|p2: Whitedevil12345678|move: Stealth Rock
|move|p2a: Arceus|Recover|p2a: Arceus
|-heal|p2a: Arceus|100/100
|
|upkeep
|turn|3
|
|t:|1664175727
|switch|p1a: Fluffy|Zacian-Crowned|100/100
|-ability|p1a: Fluffy|Intrepid Sword|boost
|-boost|p1a: Fluffy|atk|1
|move|p2a: Arceus|Judgment|p1a: Fluffy
|-resisted|p1a: Fluffy
|-damage|p1a: Fluffy|78/100
|
|upkeep
|turn|4
|
|t:|1664175735
|switch|p2a: Zygarde|Zygarde, shiny|100/100
|-damage|p2a: Zygarde|94/100|[from] Stealth Rock
|move|p1a: Fluffy|Substitute|p1a: Fluffy
|-start|p1a: Fluffy|Substitute
|-damage|p1a: Fluffy|53/100
|
|-heal|p2a: Zygarde|100/100|[from] item: Leftovers
|upkeep
|turn|5
|
|t:|1664175743
|move|p1a: Fluffy|Swords Dance|p1a: Fluffy
|-boost|p1a: Fluffy|atk|2
|move|p2a: Zygarde|Haze|p2a: Zygarde
|-clearallboost
|
|upkeep
|turn|6
|
|t:|1664175749
|move|p1a: Fluffy|Swords Dance|p1a: Fluffy
|-boost|p1a: Fluffy|atk|2
|move|p2a: Zygarde|Thousand Arrows|p1a: Fluffy
|-supereffective|p1a: Fluffy
|-end|p1a: Fluffy|Substitute
|
|upkeep
|turn|7
|
|t:|1664175756
|move|p1a: Fluffy|Behemoth Blade|p2a: Zygarde
|-damage|p2a: Zygarde|30/100
|move|p2a: Zygarde|Thousand Arrows|p1a: Fluffy
|-supereffective|p1a: Fluffy
|-damage|p1a: Fluffy|0 fnt
|faint|p1a: Fluffy
|
|-heal|p2a: Zygarde|37/100|[from] item: Leftovers
|-activate|p2a: Zygarde|ability: Power Construct
|detailschange|p2a: Zygarde|Zygarde-Complete, shiny
|-heal|p2a: Zygarde|58/100|[silent]
|upkeep
|
|t:|1664175768
|switch|p1a: Harry Potter|Diancie-Mega|34/100
|turn|8
|
|t:|1664175772
|switch|p2a: Arceus|Arceus-Fairy|100/100
|-damage|p2a: Arceus|88/100|[from] Stealth Rock
|move|p1a: Harry Potter|Moonblast|p2a: Arceus
|-damage|p2a: Arceus|61/100
|
|upkeep
|turn|9
|
|t:|1664175785
|switch|p1a: ProfessorQuirrell|Calyrex-Shadow|100/100
|-ability|p1a: ProfessorQuirrell|As One
|-ability|p1a: ProfessorQuirrell|Unnerve
|move|p2a: Arceus|Recover|p2a: Arceus
|-heal|p2a: Arceus|100/100
|
|upkeep
|turn|10
|
|t:|1664175793
|move|p1a: ProfessorQuirrell|Nasty Plot|p1a: ProfessorQuirrell
|-boost|p1a: ProfessorQuirrell|spa|2
|move|p2a: Arceus|Stealth Rock|p1a: ProfessorQuirrell
|-sidestart|p1: chopforce8|move: Stealth Rock
|
|upkeep
|turn|11
|j| Monrogue
|
|t:|1664175799
|move|p1a: ProfessorQuirrell|Astral Barrage|p2a: Arceus
|-damage|p2a: Arceus|30/100
|move|p2a: Arceus|Judgment|p1a: ProfessorQuirrell
|-damage|p1a: ProfessorQuirrell|55/100
|
|upkeep
|turn|12
|
|t:|1664175806
|move|p1a: ProfessorQuirrell|Baton Pass|p1a: ProfessorQuirrell
|
|t:|1664175808
|switch|p1a: Chess Wizard|Arceus-Flying|100/100|[from]move: Baton Pass
|-damage|p1a: Chess Wizard|76/100|[from] Stealth Rock
|move|p2a: Arceus|Judgment|p1a: Chess Wizard
|-damage|p1a: Chess Wizard|43/100
|
|upkeep
|turn|13
|
|t:|1664175814
|move|p1a: Chess Wizard|Recover|p1a: Chess Wizard
|-heal|p1a: Chess Wizard|93/100
|move|p2a: Arceus|Judgment|p1a: Chess Wizard
|-damage|p1a: Chess Wizard|60/100
|
|upkeep
|turn|14
|
|t:|1664175820
|move|p1a: Chess Wizard|Recover|p1a: Chess Wizard
|-heal|p1a: Chess Wizard|100/100
|move|p2a: Arceus|Judgment|p1a: Chess Wizard
|-damage|p1a: Chess Wizard|68/100
|
|upkeep
|turn|15
|
|t:|1664175825
|move|p1a: Chess Wizard|Calm Mind|p1a: Chess Wizard
|-boost|p1a: Chess Wizard|spa|1
|-boost|p1a: Chess Wizard|spd|1
|move|p2a: Arceus|Recover|p2a: Arceus
|-heal|p2a: Arceus|80/100
|
|upkeep
|turn|16
|
|t:|1664175831
|move|p1a: Chess Wizard|Recover|p1a: Chess Wizard
|-heal|p1a: Chess Wizard|100/100
|move|p2a: Arceus|Will-O-Wisp|p1a: Chess Wizard
|-status|p1a: Chess Wizard|brn
|
|-damage|p1a: Chess Wizard|94/100 brn|[from] brn
|upkeep
|turn|17
|
|t:|1664175839
|-start|p1a: Chess Wizard|Dynamax|
|-heal|p1a: Chess Wizard|94/100 brn|[silent]
|move|p1a: Chess Wizard|Max Airstream|p2a: Arceus
|-damage|p2a: Arceus|9/100
|-boost|p1a: Chess Wizard|spe|1
|move|p2a: Arceus|Judgment|p1a: Chess Wizard
|-crit|p1a: Chess Wizard
|-damage|p1a: Chess Wizard|71/100 brn
|
|-damage|p1a: Chess Wizard|68/100 brn|[from] brn
|upkeep
|turn|18
|
|t:|1664175850
|move|p1a: Chess Wizard|Max Airstream|p2a: Arceus
|-damage|p2a: Arceus|0 fnt
|-boost|p1a: Chess Wizard|spe|1
|faint|p2a: Arceus
|
|-damage|p1a: Chess Wizard|65/100 brn|[from] brn
|upkeep
|
|t:|1664175856
|switch|p2a: Ditto|Ditto|100/100
|-damage|p2a: Ditto|88/100|[from] Stealth Rock
|-transform|p2a: Ditto|p1a: Chess Wizard|[from] ability: Imposter
|turn|19
|
|t:|1664175862
|move|p2a: Ditto|Perish Song|p2a: Ditto
|-start|p1a: Chess Wizard|perish3|[silent]
|-start|p2a: Ditto|perish3|[silent]
|-fieldactivate|move: Perish Song
|move|p1a: Chess Wizard|Max Airstream|p2a: Ditto
|-damage|p2a: Ditto|0 fnt
|-boost|p1a: Chess Wizard|spe|1
|faint|p2a: Ditto
|
|-damage|p1a: Chess Wizard|62/100 brn|[from] brn
|-start|p1a: Chess Wizard|perish3
|upkeep
|
|t:|1664175869
|switch|p2a: Arceus|Arceus|100/100
|-damage|p2a: Arceus|88/100|[from] Stealth Rock
|-end|p1a: Chess Wizard|Dynamax
|-heal|p1a: Chess Wizard|62/100 brn|[silent]
|turn|20
|
|t:|1664175875
|move|p1a: Chess Wizard|Judgment|p2a: Arceus
|-damage|p2a: Arceus|12/100
|move|p2a: Arceus|Recover|p2a: Arceus
|-heal|p2a: Arceus|62/100
|
|-damage|p1a: Chess Wizard|56/100 brn|[from] brn
|-start|p1a: Chess Wizard|perish2
|upkeep
|turn|21
|
|t:|1664175900
|switch|p2a: Arceus|Arceus-Flying|100/100
|-damage|p2a: Arceus|76/100|[from] Stealth Rock
|move|p1a: Chess Wizard|Recover|p1a: Chess Wizard
|-heal|p1a: Chess Wizard|100/100 brn
|
|-damage|p1a: Chess Wizard|94/100 brn|[from] brn
|-start|p1a: Chess Wizard|perish1
|upkeep
|turn|22
|
|t:|1664175910
|switch|p1a: Harry Potter|Diancie-Mega|34/100
|-damage|p1a: Harry Potter|22/100|[from] Stealth Rock
|move|p2a: Arceus|Calm Mind|p2a: Arceus
|-boost|p2a: Arceus|spa|1
|-boost|p2a: Arceus|spd|1
|
|upkeep
|turn|23
|
|t:|1664175917
|move|p2a: Arceus|Earth Power|p1a: Harry Potter
|-supereffective|p1a: Harry Potter
|-damage|p1a: Harry Potter|0 fnt
|faint|p1a: Harry Potter
|
|upkeep
|
|t:|1664175922
|switch|p1a: Chess Wizard|Arceus-Flying|94/100 brn
|-damage|p1a: Chess Wizard|70/100 brn|[from] Stealth Rock
|turn|24
|
|t:|1664175928
|-start|p2a: Arceus|Dynamax|
|-heal|p2a: Arceus|76/100|[silent]
|move|p1a: Chess Wizard|Calm Mind|p1a: Chess Wizard
|-boost|p1a: Chess Wizard|spa|1
|-boost|p1a: Chess Wizard|spd|1
|move|p2a: Arceus|Max Airstream|p1a: Chess Wizard
|-damage|p1a: Chess Wizard|16/100 brn
|-boost|p2a: Arceus|spe|1
|
|-damage|p1a: Chess Wizard|10/100 brn|[from] brn
|upkeep
|turn|25
|
|t:|1664175940
|move|p2a: Arceus|Max Airstream|p1a: Chess Wizard
|-damage|p1a: Chess Wizard|0 fnt
|-boost|p2a: Arceus|spe|1
|faint|p1a: Chess Wizard
|
|upkeep
|
|t:|1664175948
|switch|p1a: MirrorofErised|Ditto|100/100
|-damage|p1a: MirrorofErised|88/100|[from] Stealth Rock
|-transform|p1a: MirrorofErised|p2a: Arceus|[from] ability: Imposter
|turn|26
|
|t:|1664175957
|move|p1a: MirrorofErised|Judgment|p2a: Arceus
|-damage|p2a: Arceus|64/100
|move|p2a: Arceus|Max Airstream|p1a: MirrorofErised
|-damage|p1a: MirrorofErised|12/100
|-boost|p2a: Arceus|spe|1
|
|upkeep
|-end|p2a: Arceus|Dynamax
|-heal|p2a: Arceus|64/100|[silent]
|turn|27
|
|t:|1664175966
|move|p1a: MirrorofErised|Judgment|p2a: Arceus
|-damage|p2a: Arceus|39/100
|move|p2a: Arceus|Recover|p2a: Arceus
|-heal|p2a: Arceus|89/100
|
|upkeep
|turn|28
|
|t:|1664175971
|move|p1a: MirrorofErised|Judgment|p2a: Arceus
|-damage|p2a: Arceus|63/100
|move|p2a: Arceus|Calm Mind|p2a: Arceus
|-boost|p2a: Arceus|spa|1
|-boost|p2a: Arceus|spd|1
|
|upkeep
|turn|29
|
|t:|1664175980
|move|p1a: MirrorofErised|Judgment|p2a: Arceus
|-damage|p2a: Arceus|45/100
|move|p2a: Arceus|Recover|p2a: Arceus
|-heal|p2a: Arceus|95/100
|
|upkeep
|turn|30
|
|t:|1664175986
|move|p1a: MirrorofErised|Judgment|p2a: Arceus
|-damage|p2a: Arceus|74/100
|move|p2a: Arceus|Judgment|p1a: MirrorofErised
|-damage|p1a: MirrorofErised|0 fnt
|faint|p1a: MirrorofErised
|
|upkeep
|
|t:|1664175995
|switch|p1a: Voldemort|Yveltal|100/100
|-damage|p1a: Voldemort|76/100|[from] Stealth Rock
|-ability|p1a: Voldemort|Dark Aura
|turn|31
|
|t:|1664176002
|move|p1a: Voldemort|Sucker Punch|p2a: Arceus
|-damage|p2a: Arceus|33/100
|-damage|p1a: Voldemort|66/100|[from] item: Life Orb
|move|p2a: Arceus|Judgment|p1a: Voldemort
|-damage|p1a: Voldemort|0 fnt
|faint|p1a: Voldemort
|
|upkeep
|
|t:|1664176008
|switch|p1a: ProfessorQuirrell|Calyrex-Shadow|55/100
|-ability|p1a: ProfessorQuirrell|As One
|-ability|p1a: ProfessorQuirrell|Unnerve
|-damage|p1a: ProfessorQuirrell|42/100|[from] Stealth Rock
|turn|32
|l| Monrogue
|
|t:|1664176014
|move|p2a: Arceus|Judgment|p1a: ProfessorQuirrell
|-damage|p1a: ProfessorQuirrell|0 fnt
|faint|p1a: ProfessorQuirrell
|
|win|Whitedevil12345678
|raw|chopforce8's rating: 2030 &rarr; <strong>2007</strong><br />(-23 for losing)
|raw|Whitedevil12345678's rating: 1980 &rarr; <strong>2003</strong><br />(+23 for winning)
|c|☆chopforce8|gg
|l|☆chopforce8
|c|☆Whitedevil12345678|Gg
