|j|☆151 to go
|j|☆starkorea74
|t:|1597678335
|player|p1|151 to go|giovanni|1757
|player|p2|starkorea74|cynthia|1854
|teamsize|p1|6
|teamsize|p2|6
|gametype|singles
|gen|8
|tier|[Gen 8] National Dex AG
|rated|
|clearpoke
|poke|p1|Zacian-Crowned|
|poke|p1|Dracovish|
|poke|p1|Marshadow|
|poke|p1|Eternatus|
|poke|p1|Groudon|
|poke|p1|Ditto|
|poke|p2|Necrozma-Dusk-Mane|
|poke|p2|Ho-Oh|
|poke|p2|Ditto|
|poke|p2|Arceus-*|
|poke|p2|Rayquaza|
|poke|p2|Yveltal|
|rule|HP Percentage Mod: HP is shown in percentages
|rule|Endless Battle Clause: Forcing endless battles is banned
|teampreview
|
|t:|1597678344
|start
|switch|p1a: Dracovish|Dracovish|100/100
|switch|p2a: Rayquaza|Rayquaza|100/100
|-ability|p2a: Rayquaza|Air Lock
|turn|1
|
|t:|1597678358
|switch|p2a: Necrozma|Necrozma-Dusk-Mane|100/100
|move|p1a: Dracovish|Outrage|p2a: Necrozma
|-resisted|p2a: Necrozma
|-damage|p2a: Necrozma|88/100
|
|-heal|p2a: Necrozma|94/100|[from] item: Leftovers
|upkeep
|turn|2
|
|t:|1597678372
|move|p1a: Dracovish|Outrage|p2a: Necrozma|[from]lockedmove
|-resisted|p2a: Necrozma
|-damage|p2a: Necrozma|81/100
|-start|p1a: Dracovish|confusion|[fatigue]
|move|p2a: Necrozma|Stealth Rock|p1a: Dracovish
|-sidestart|p1: 151 to go|move: Stealth Rock
|
|-heal|p2a: Necrozma|87/100|[from] item: Leftovers
|upkeep
|turn|3
|
|t:|1597678385
|switch|p1a: Groudon|Groudon|100/100
|-damage|p1a: Groudon|94/100|[from] Stealth Rock
|detailschange|p1a: Groudon|Groudon-Primal
|-primal|p1a: Groudon
|-weather|DesolateLand|[from] ability: Desolate Land|[of] p1a: Groudon
|switch|p2a: Rayquaza|Rayquaza|100/100
|-ability|p2a: Rayquaza|Air Lock
|
|-weather|DesolateLand|[upkeep]
|upkeep
|turn|4
|
|t:|1597678396
|detailschange|p2a: Rayquaza|Rayquaza-Mega
|-mega|p2a: Rayquaza|Rayquaza|
|-weather|DeltaStream|[from] ability: Delta Stream|[of] p2a: Rayquaza
|move|p2a: Rayquaza|Draco Meteor|p1a: Groudon
|-damage|p1a: Groudon|0 fnt
|-unboost|p2a: Rayquaza|spa|2
|-damage|p2a: Rayquaza|91/100|[from] item: Life Orb
|faint|p1a: Groudon
|
|-weather|DeltaStream|[upkeep]
|upkeep
|
|t:|1597678407
|switch|p1a: Eternatus|Eternatus|100/100
|-damage|p1a: Eternatus|88/100|[from] Stealth Rock
|-ability|p1a: Eternatus|Pressure
|turn|5
|
|t:|1597678414
|-weather|none
|switch|p2a: Ho-Oh|Ho-Oh|100/100
|move|p1a: Eternatus|Dynamax Cannon|p2a: Ho-Oh
|-damage|p2a: Ho-Oh|70/100
|
|upkeep
|turn|6
|
|t:|1597678423
|switch|p2a: Arceus|Arceus-Dark|100/100
|move|p1a: Eternatus|Dynamax Cannon|p2a: Arceus
|-damage|p2a: Arceus|74/100
|
|upkeep
|turn|7
|
|t:|1597678431
|switch|p1a: Zacian|Zacian-Crowned|100/100
|-damage|p1a: Zacian|94/100|[from] Stealth Rock
|-ability|p1a: Zacian|Intrepid Sword|boost
|-boost|p1a: Zacian|atk|1
|move|p2a: Arceus|Judgment|p1a: Zacian
|-resisted|p1a: Zacian
|-crit|p1a: Zacian
|-damage|p1a: Zacian|62/100
|
|upkeep
|turn|8
|
|t:|1597678442
|switch|p2a: Ho-Oh|Ho-Oh|100/100
|move|p1a: Zacian|Close Combat|p2a: Ho-Oh
|-resisted|p2a: Ho-Oh
|-damage|p2a: Ho-Oh|76/100
|-unboost|p1a: Zacian|def|1
|-unboost|p1a: Zacian|spd|1
|
|upkeep
|turn|9
|
|t:|1597678451
|switch|p1a: Dracovish|Dracovish|100/100
|-damage|p1a: Dracovish|88/100|[from] Stealth Rock
|switch|p2a: Necrozma|Necrozma-Dusk-Mane|87/100
|
|-heal|p2a: Necrozma|93/100|[from] item: Leftovers
|upkeep
|turn|10
|
|t:|1597678462
|move|p1a: Dracovish|Fishious Rend|p2a: Necrozma
|-damage|p2a: Necrozma|36/100
|move|p2a: Necrozma|Morning Sun|p2a: Necrozma
|-heal|p2a: Necrozma|86/100
|
|-heal|p2a: Necrozma|92/100|[from] item: Leftovers
|upkeep
|turn|11
|c|☆starkorea74|!dt fishious rend
|raw|<ul class="utilichart"><li class="result"><span class="col movenamecol"><a href="https://dex.pokemonshowdown.com/moves/fishiousrend">Fishious Rend</a></span> <span class="col typecol"><img src="//play.pokemonshowdown.com/sprites/types/Water.png" alt="Water" width="32" height="14"><img src="//play.pokemonshowdown.com/sprites/categories/Physical.png" alt="Physical" width="32" height="14"></span> <span class="col labelcol"><em>Power</em><br>85</span> <span class="col widelabelcol"><em>Accuracy</em><br>100%</span> <span class="col pplabelcol"><em>PP</em><br>16</span> <span class="col movedesccol">Power doubles if user moves before the target.</span> </li><li style="clear:both"></li></ul>
|raw|<font size="1"><font color="#686868">Priority:</font> 0&nbsp;|&ThickSpace;<font color="#686868">Gen:</font> 8&nbsp;|&ThickSpace;&#10003; Contact&nbsp;|&ThickSpace;&#10003; Bite&nbsp;|&ThickSpace;<font color="#686868">Z-Power:</font> 160&nbsp;|&ThickSpace;<font color="#686868">Dynamax Power:</font> 130&nbsp;|&ThickSpace;<font color="#686868">Target:</font> One Adjacent Pokémon</font>

|
|t:|1597678480
|switch|p2a: Ditto|Ditto|100/100
|-transform|p2a: Ditto|p1a: Dracovish|[from] ability: Imposter
|move|p1a: Dracovish|Fishious Rend|p2a: Ditto
|-resisted|p2a: Ditto
|-damage|p2a: Ditto|70/100
|
|upkeep
|turn|12
|
|t:|1597678491
|move|p2a: Ditto|Earthquake|p1a: Dracovish
|-crit|p1a: Dracovish
|-damage|p1a: Dracovish|48/100
|move|p1a: Dracovish|Fishious Rend|p2a: Ditto
|-resisted|p2a: Ditto
|-damage|p2a: Ditto|55/100
|
|upkeep
|turn|13
|
|t:|1597678498
|move|p1a: Dracovish|Fishious Rend|p2a: Ditto
|-resisted|p2a: Ditto
|-damage|p2a: Ditto|25/100
|move|p2a: Ditto|Earthquake|p1a: Dracovish
|-damage|p1a: Dracovish|17/100
|
|upkeep
|turn|14
|
|t:|1597678506
|move|p2a: Ditto|Earthquake|p1a: Dracovish
|-damage|p1a: Dracovish|0 fnt
|faint|p1a: Dracovish
|
|upkeep
|
|t:|1597678514
|switch|p1a: Zacian|Zacian-Crowned|62/100
|-damage|p1a: Zacian|56/100|[from] Stealth Rock
|-ability|p1a: Zacian|Intrepid Sword|boost
|-boost|p1a: Zacian|atk|1
|turn|15
|
|t:|1597678521
|switch|p2a: Ho-Oh|Ho-Oh|100/100
|move|p1a: Zacian|Play Rough|p2a: Ho-Oh
|-resisted|p2a: Ho-Oh
|-damage|p2a: Ho-Oh|74/100
|
|upkeep
|turn|16
|
|t:|1597678530
|move|p1a: Zacian|Play Rough|p2a: Ho-Oh
|-resisted|p2a: Ho-Oh
|-damage|p2a: Ho-Oh|48/100
|move|p2a: Ho-Oh|Sacred Fire|p1a: Zacian
|-supereffective|p1a: Zacian
|-damage|p1a: Zacian|0 fnt
|faint|p1a: Zacian
|
|upkeep
|
|t:|1597678544
|switch|p1a: Marshadow|Marshadow|100/100
|-damage|p1a: Marshadow|94/100|[from] Stealth Rock
|turn|17
|
|t:|1597678550
|-start|p1a: Marshadow|Dynamax
|-heal|p1a: Marshadow|94/100|[silent]
|move|p1a: Marshadow|Max Phantasm|p2a: Ho-Oh
|-damage|p2a: Ho-Oh|7/100
|-unboost|p2a: Ho-Oh|def|1
|move|p2a: Ho-Oh|Recover|p2a: Ho-Oh
|-heal|p2a: Ho-Oh|58/100
|
|upkeep
|turn|18
|
|t:|1597678563
|switch|p2a: Arceus|Arceus-Dark|74/100
|move|p1a: Marshadow|Max Phantasm|p2a: Arceus
|-resisted|p2a: Arceus
|-damage|p2a: Arceus|53/100
|-unboost|p2a: Arceus|def|1
|
|upkeep
|turn|19
|
|t:|1597678573
|switch|p2a: Ho-Oh|Ho-Oh|91/100
|move|p1a: Marshadow|Max Knuckle|p2a: Ho-Oh
|-resisted|p2a: Ho-Oh
|-damage|p2a: Ho-Oh|75/100
|-boost|p1a: Marshadow|atk|1
|
|-end|p1a: Marshadow|Dynamax
|-heal|p1a: Marshadow|94/100|[silent]
|upkeep
|turn|20
|
|t:|1597678592
|move|p1a: Marshadow|Spectral Thief|p2a: Ho-Oh
|-damage|p2a: Ho-Oh|35/100
|move|p2a: Ho-Oh|Sacred Fire|p1a: Marshadow
|-damage|p1a: Marshadow|43/100
|-status|p1a: Marshadow|brn
|
|-damage|p1a: Marshadow|37/100 brn|[from] brn
|upkeep
|turn|21
|-message|151 to go forfeited.
|
|win|starkorea74
|l|☆151 to go
|l|☆starkorea74
