|j|☆Achos
|j|☆Defensive0
|t:|1668690373
|gametype|singles
|player|p1|Achos|veteran|1604
|player|p2|Defensive0|riley|1904
|teamsize|p1|6
|teamsize|p2|6
|gen|8
|tier|[Gen 8] National Dex AG
|rated|
|rule|HP Percentage Mod: HP is shown in percentages
|rule|Endless Battle Clause: Forcing endless battles is banned
|clearpoke
|poke|p1|Groudon|
|poke|p1|Zacian-*|
|poke|p1|Kyurem-White|
|poke|p1|Yveltal|
|poke|p1|Ho-Oh|
|poke|p1|Groudon|
|poke|p2|Kyogre|
|poke|p2|Ditto|
|poke|p2|Xerneas-*|
|poke|p2|Arceus-*|
|poke|p2|Arceus-*|
|poke|p2|Necrozma-Dusk-Mane|
|teampreview
|inactive|Battle timer is ON: inactive players will automatically lose when time's up. (requested by Defensive0)
|inactive|Defensive0 has 120 seconds left.
|
|t:|1668690410
|start
|switch|p1a: Groudon|Groudon|100/100
|switch|p2a: Necrozma|Necrozma-Dusk-Mane|100/100
|detailschange|p1a: Groudon|Groudon-Primal
|-primal|p1a: Groudon
|-weather|DesolateLand|[from] ability: Desolate Land|[of] p1a: Groudon
|turn|1
|
|t:|1668690414
|switch|p2a: Kyogre|Kyogre|100/100
|detailschange|p2a: Kyogre|Kyogre-Primal
|-primal|p2a: Kyogre
|-weather|PrimordialSea|[from] ability: Primordial Sea|[of] p2a: Kyogre
|move|p1a: Groudon|Stealth Rock|p2a: Kyogre
|-sidestart|p2: Defensive0|move: Stealth Rock
|
|-weather|PrimordialSea|[upkeep]
|upkeep
|turn|2
|
|t:|1668690419
|switch|p1a: Groudon|Groudon, shiny|100/100
|detailschange|p1a: Groudon|Groudon-Primal, shiny
|-primal|p1a: Groudon
|-weather|DesolateLand|[from] ability: Desolate Land|[of] p1a: Groudon
|move|p2a: Kyogre|Water Spout||[still]
|-fail|p2a: Kyogre|Water Spout|[from] Desolate Land
|
|-weather|DesolateLand|[upkeep]
|upkeep
|turn|3
|
|t:|1668690429
|move|p2a: Kyogre|Ice Beam|p1a: Groudon
|-damage|p1a: Groudon|57/100
|move|p1a: Groudon|Precipice Blades|p2a: Kyogre
|-damage|p2a: Kyogre|15/100
|
|-weather|DesolateLand|[upkeep]
|upkeep
|turn|4
|
|t:|1668690434
|move|p2a: Kyogre|Ice Beam|p1a: Groudon
|-damage|p1a: Groudon|15/100
|move|p1a: Groudon|Fire Punch|p2a: Kyogre
|-resisted|p2a: Kyogre
|-damage|p2a: Kyogre|0 fnt
|faint|p2a: Kyogre
|
|-weather|DesolateLand|[upkeep]
|upkeep
|
|t:|1668690444
|switch|p2a: Arceus|Arceus|100/100
|-damage|p2a: Arceus|88/100|[from] Stealth Rock
|turn|5
|
|t:|1668690447
|move|p2a: Arceus|Extreme Speed|p1a: Groudon
|-damage|p1a: Groudon|0 fnt
|faint|p1a: Groudon
|-weather|none
|
|upkeep
|
|t:|1668690455
|switch|p1a: Yveltal|Yveltal|100/100
|-ability|p1a: Yveltal|Dark Aura
|turn|6
|
|t:|1668690461
|move|p1a: Yveltal|Knock Off|p2a: Arceus
|-damage|p2a: Arceus|46/100
|-enditem|p2a: Arceus|Lum Berry|[from] move: Knock Off|[of] p1a: Yveltal
|move|p2a: Arceus|Swords Dance|p2a: Arceus
|-boost|p2a: Arceus|atk|2
|
|upkeep
|turn|7
|
|t:|1668690467
|move|p2a: Arceus|Extreme Speed|p1a: Yveltal
|-crit|p1a: Yveltal
|-damage|p1a: Yveltal|0 fnt
|faint|p1a: Yveltal
|
|upkeep
|
|t:|1668690473
|switch|p1a: Ho-Oh|Ho-Oh|100/100
|turn|8
|
|t:|1668690478
|move|p2a: Arceus|Extreme Speed|p1a: Ho-Oh
|-damage|p1a: Ho-Oh|43/100
|move|p1a: Ho-Oh|Sacred Fire|p2a: Arceus
|-damage|p2a: Arceus|15/100
|-status|p2a: Arceus|brn
|
|-damage|p2a: Arceus|9/100 brn|[from] brn
|upkeep
|turn|9
|
|t:|1668690488
|switch|p1a: Groudon|Groudon-Primal|100/100
|-weather|DesolateLand|[from] ability: Desolate Land|[of] p1a: Groudon
|move|p2a: Arceus|Extreme Speed|p1a: Groudon
|-damage|p1a: Groudon|77/100
|
|-weather|DesolateLand|[upkeep]
|-damage|p2a: Arceus|3/100 brn|[from] brn
|upkeep
|turn|10
|
|t:|1668690495
|-weather|none
|switch|p1a: Ho-Oh|Ho-Oh|76/100
|move|p2a: Arceus|Extreme Speed|p1a: Ho-Oh
|-damage|p1a: Ho-Oh|48/100
|
|-damage|p2a: Arceus|0 fnt|[from] brn
|faint|p2a: Arceus
|upkeep
|
|t:|1668690506
|switch|p2a: Arceus|Arceus-Steel|100/100
|-damage|p2a: Arceus|94/100|[from] Stealth Rock
|turn|11
|
|t:|1668690517
|switch|p1a: Groudon|Groudon-Primal|77/100
|-weather|DesolateLand|[from] ability: Desolate Land|[of] p1a: Groudon
|move|p2a: Arceus|Calm Mind|p2a: Arceus
|-boost|p2a: Arceus|spa|1
|-boost|p2a: Arceus|spd|1
|
|-weather|DesolateLand|[upkeep]
|upkeep
|turn|12
|
|t:|1668690527
|-start|p2a: Arceus|Dynamax|
|-heal|p2a: Arceus|94/100|[silent]
|move|p2a: Arceus|Max Steelspike|p1a: Groudon
|-resisted|p1a: Groudon
|-damage|p1a: Groudon|43/100
|-boost|p2a: Arceus|def|1
|move|p1a: Groudon|Overheat|p2a: Arceus
|-supereffective|p2a: Arceus
|-damage|p2a: Arceus|56/100
|-unboost|p1a: Groudon|spa|2
|
|-weather|DesolateLand|[upkeep]
|upkeep
|turn|13
|
|t:|1668690541
|move|p2a: Arceus|Max Steelspike|p1a: Groudon
|-resisted|p1a: Groudon
|-damage|p1a: Groudon|6/100
|-boost|p2a: Arceus|def|1
|move|p1a: Groudon|Precipice Blades|p2a: Arceus
|-supereffective|p2a: Arceus
|-damage|p2a: Arceus|32/100
|
|-weather|DesolateLand|[upkeep]
|upkeep
|turn|14
|
|t:|1668690558
|-weather|none
|switch|p1a: Ho-Oh|Ho-Oh|81/100
|move|p2a: Arceus|Max Guard||[still]
|-fail|p2a: Arceus
|
|upkeep
|-end|p2a: Arceus|Dynamax
|-heal|p2a: Arceus|32/100|[silent]
|turn|15
|
|t:|1668690565
|-start|p1a: Ho-Oh|Dynamax|
|-heal|p1a: Ho-Oh|81/100|[silent]
|move|p2a: Arceus|Surf|p1a: Ho-Oh
|-supereffective|p1a: Ho-Oh
|-damage|p1a: Ho-Oh|62/100
|move|p1a: Ho-Oh|Max Flare|p2a: Arceus
|-supereffective|p2a: Arceus
|-damage|p2a: Arceus|0 fnt
|-weather|SunnyDay
|faint|p2a: Arceus
|
|-weather|SunnyDay|[upkeep]
|upkeep
|
|t:|1668690572
|switch|p2a: Ditto|Ditto, shiny|100/100
|-damage|p2a: Ditto|88/100|[from] Stealth Rock
|-transform|p2a: Ditto|p1a: Ho-Oh|[from] ability: Imposter
|turn|16
|
|t:|1668690576
|switch|p2a: Necrozma|Necrozma-Dusk-Mane|100/100
|-damage|p2a: Necrozma|94/100|[from] Stealth Rock
|move|p1a: Ho-Oh|Max Airstream|p2a: Necrozma
|-resisted|p2a: Necrozma
|-damage|p2a: Necrozma|80/100
|-boost|p1a: Ho-Oh|spe|1
|
|-weather|SunnyDay|[upkeep]
|upkeep
|turn|17
|
|t:|1668690583
|switch|p2a: Ditto|Ditto, shiny|100/100
|-damage|p2a: Ditto|88/100|[from] Stealth Rock
|-transform|p2a: Ditto|p1a: Ho-Oh|[from] ability: Imposter
|move|p1a: Ho-Oh|Max Flare|p2a: Ditto
|-resisted|p2a: Ditto
|-damage|p2a: Ditto|46/100
|
|-weather|SunnyDay|[upkeep]
|upkeep
|-end|p1a: Ho-Oh|Dynamax
|-heal|p1a: Ho-Oh|62/100|[silent]
|turn|18
|
|t:|1668690595
|switch|p2a: Necrozma|Necrozma-Dusk-Mane|80/100
|-damage|p2a: Necrozma|74/100|[from] Stealth Rock
|move|p1a: Ho-Oh|Toxic|p2a: Necrozma
|-immune|p2a: Necrozma
|
|-weather|SunnyDay|[upkeep]
|upkeep
|turn|19
|
|t:|1668690602
|move|p1a: Ho-Oh|Sacred Fire|p2a: Necrozma
|-supereffective|p2a: Necrozma
|-damage|p2a: Necrozma|18/100
|-status|p2a: Necrozma|brn
|move|p2a: Necrozma|Thunder Wave|p1a: Ho-Oh
|-status|p1a: Ho-Oh|par
|
|-weather|none
|-damage|p2a: Necrozma|12/100 brn|[from] brn
|upkeep
|turn|20
|
|t:|1668690609
|move|p2a: Necrozma|Stealth Rock|p1a: Ho-Oh
|-sidestart|p1: Achos|move: Stealth Rock
|cant|p1a: Ho-Oh|par
|
|-damage|p2a: Necrozma|6/100 brn|[from] brn
|upkeep
|turn|21
|
|t:|1668690612
|move|p2a: Necrozma|Morning Sun|p2a: Necrozma
|-heal|p2a: Necrozma|56/100 brn
|cant|p1a: Ho-Oh|par
|
|-damage|p2a: Necrozma|50/100 brn|[from] brn
|upkeep
|turn|22
|
|t:|1668690620
|switch|p1a: Groudon|Groudon-Primal|6/100
|-damage|p1a: Groudon|0 fnt|[from] Stealth Rock
|faint|p1a: Groudon
|move|p2a: Necrozma|Morning Sun|p2a: Necrozma
|-heal|p2a: Necrozma|99/100 brn
|
|-damage|p2a: Necrozma|94/100 brn|[from] brn
|upkeep
|
|t:|1668690626
|switch|p1a: Ho-Oh|Ho-Oh|95/100 par
|turn|23
|
|t:|1668690630
|move|p2a: Necrozma|Iron Head|p1a: Ho-Oh
|-resisted|p1a: Ho-Oh
|-damage|p1a: Ho-Oh|88/100 par
|cant|p1a: Ho-Oh|par
|
|-damage|p2a: Necrozma|88/100 brn|[from] brn
|upkeep
|turn|24
|
|t:|1668690636
|switch|p2a: Ditto|Ditto, shiny|79/100
|-damage|p2a: Ditto|67/100|[from] Stealth Rock
|-transform|p2a: Ditto|p1a: Ho-Oh|[from] ability: Imposter
|cant|p1a: Ho-Oh|par
|
|upkeep
|turn|25
|
|t:|1668690643
|switch|p2a: Necrozma|Necrozma-Dusk-Mane|88/100 brn
|-damage|p2a: Necrozma|82/100 brn|[from] Stealth Rock
|move|p1a: Ho-Oh|Sacred Fire|p2a: Necrozma
|-supereffective|p2a: Necrozma
|-damage|p2a: Necrozma|50/100 brn
|
|-damage|p2a: Necrozma|44/100 brn|[from] brn
|upkeep
|turn|26
|
|t:|1668690651
|switch|p1a: Zacian|Zacian-Crowned|100/100
|-damage|p1a: Zacian|94/100|[from] Stealth Rock
|-ability|p1a: Zacian|Intrepid Sword|boost
|-boost|p1a: Zacian|atk|1
|move|p2a: Necrozma|Morning Sun|p2a: Necrozma
|-heal|p2a: Necrozma|94/100 brn
|
|-damage|p2a: Necrozma|88/100 brn|[from] brn
|upkeep
|turn|27
|
|t:|1668690656
|move|p1a: Zacian|Crunch|p2a: Necrozma
|-supereffective|p2a: Necrozma
|-damage|p2a: Necrozma|52/100 brn
|-damage|p1a: Zacian|78/100|[from] item: Rocky Helmet|[of] p2a: Necrozma
|move|p2a: Necrozma|Iron Head|p1a: Zacian
|-damage|p1a: Zacian|59/100
|
|-damage|p2a: Necrozma|45/100 brn|[from] brn
|upkeep
|turn|28
|
|t:|1668690666
|move|p1a: Zacian|Behemoth Blade|p2a: Necrozma
|-resisted|p2a: Necrozma
|-damage|p2a: Necrozma|22/100 brn
|-damage|p1a: Zacian|43/100|[from] item: Rocky Helmet|[of] p2a: Necrozma
|move|p2a: Necrozma|Morning Sun|p2a: Necrozma
|-heal|p2a: Necrozma|72/100 brn
|
|-damage|p2a: Necrozma|66/100 brn|[from] brn
|upkeep
|turn|29
|
|t:|1668690673
|move|p1a: Zacian|Close Combat|p2a: Necrozma
|-damage|p2a: Necrozma|24/100 brn
|-unboost|p1a: Zacian|def|1
|-unboost|p1a: Zacian|spd|1
|-damage|p1a: Zacian|26/100|[from] item: Rocky Helmet|[of] p2a: Necrozma
|move|p2a: Necrozma|Iron Head|p1a: Zacian
|-damage|p1a: Zacian|0 fnt
|faint|p1a: Zacian
|
|-damage|p2a: Necrozma|18/100 brn|[from] brn
|upkeep
|
|t:|1668690678
|switch|p1a: Kyurem|Kyurem-White|100/100
|-damage|p1a: Kyurem|76/100|[from] Stealth Rock
|-ability|p1a: Kyurem|Turboblaze
|turn|30
|
|t:|1668690682
|move|p1a: Kyurem|Ice Beam|p2a: Necrozma
|-resisted|p2a: Necrozma
|-damage|p2a: Necrozma|0 fnt
|faint|p2a: Necrozma
|
|upkeep
|
|t:|1668690688
|switch|p2a: Xerneas|Xerneas, shiny|100/100
|-damage|p2a: Xerneas|88/100|[from] Stealth Rock
|-ability|p2a: Xerneas|Fairy Aura
|turn|31
|
|t:|1668690694
|move|p1a: Kyurem|Ice Beam|p2a: Xerneas
|-damage|p2a: Xerneas|48/100
|move|p2a: Xerneas|Geomancy||[still]
|-prepare|p2a: Xerneas|Geomancy
|-enditem|p2a: Xerneas|Power Herb
|-anim|p2a: Xerneas|Geomancy|p2a: Xerneas
|-boost|p2a: Xerneas|spa|2
|-boost|p2a: Xerneas|spd|2
|-boost|p2a: Xerneas|spe|2
|
|upkeep
|turn|32
|
|t:|1668690697
|move|p1a: Kyurem|Ice Beam|p2a: Xerneas
|-damage|p2a: Xerneas|28/100
|move|p2a: Xerneas|Draining Kiss|p1a: Kyurem
|-supereffective|p1a: Kyurem
|-damage|p1a: Kyurem|0 fnt
|-heal|p2a: Xerneas|77/100|[from] drain|[of] p1a: Kyurem
|faint|p1a: Kyurem
|
|upkeep
|
|t:|1668690701
|switch|p1a: Ho-Oh|Ho-Oh|100/100 par
|turn|33
|
|t:|1668690704
|move|p2a: Xerneas|Psyshock|p1a: Ho-Oh
|-damage|p1a: Ho-Oh|58/100 par
|move|p1a: Ho-Oh|Sacred Fire|p2a: Xerneas
|-damage|p2a: Xerneas|40/100
|
|upkeep
|turn|34
|
|t:|1668690707
|move|p2a: Xerneas|Psyshock|p1a: Ho-Oh
|-damage|p1a: Ho-Oh|20/100 par
|move|p1a: Ho-Oh|Toxic|p2a: Xerneas
|-status|p2a: Xerneas|tox
|
|-damage|p2a: Xerneas|33/100 tox|[from] psn
|upkeep
|turn|35
|
|t:|1668690712
|move|p2a: Xerneas|Psyshock|p1a: Ho-Oh
|-damage|p1a: Ho-Oh|0 fnt
|faint|p1a: Ho-Oh
|
|win|Defensive0
|raw|Achos's rating: 1604 &rarr; <strong>1598</strong><br />(-6 for losing)
|raw|Defensive0's rating: 1904 &rarr; <strong>1910</strong><br />(+6 for winning)
|l|☆Achos
