|j|☆Opnoob 598
|j|☆Pikaslayer2001
|inactive|Battle timer is ON: inactive players will automatically lose when time's up.
|t:|1658750201
|gametype|singles
|player|p1|Opnoob 598|supernerd|
|player|p2|Pikaslayer2001|brendan-contest|
|teamsize|p1|6
|teamsize|p2|6
|gen|8
|tier|[Gen 8] National Dex AG
|rated|Tournament battle
|rule|HP Percentage Mod: HP is shown in percentages
|rule|Endless Battle Clause: Forcing endless battles is banned
|clearpoke
|poke|p1|Arceus-*|
|poke|p1|Xerneas-*|
|poke|p1|Arceus-*|
|poke|p1|Gengar, F|
|poke|p1|Necrozma-Dusk-Mane|
|poke|p1|Arceus-*|
|poke|p2|Deoxys-Speed|
|poke|p2|Calyrex-Shadow|
|poke|p2|Necrozma-Dusk-Mane|
|poke|p2|Yveltal|
|poke|p2|Rayquaza|
|poke|p2|Ditto|
|teampreview
|j| aggron meta ✧
|j| Thetwinking
|j| Testing teams 596
|inactive|Pikaslayer2001 has 120 seconds left.
|
|t:|1658750232
|start
|switch|p1a: Arceus|Arceus|100/100
|switch|p2a: Deoxys|Deoxys-Speed|100/100
|-ability|p2a: Deoxys|Pressure
|turn|1
|c| aggron meta ✧|band xern
|c| Testing teams 596|Go pikaslayer
|
|t:|1658750244
|move|p2a: Deoxys|Reflect|p2a: Deoxys
|-sidestart|p2: Pikaslayer2001|Reflect
|move|p1a: Arceus|Shadow Claw|p2a: Deoxys
|-supereffective|p2a: Deoxys
|-damage|p2a: Deoxys|70/100
|
|upkeep
|turn|2
|c| aggron meta ✧|go opnoob
|
|t:|1658750249
|move|p2a: Deoxys|Taunt|p1a: Arceus
|-start|p1a: Arceus|move: Taunt
|move|p1a: Arceus|Shadow Claw|p2a: Deoxys
|-supereffective|p2a: Deoxys
|-damage|p2a: Deoxys|40/100
|
|upkeep
|turn|3
|j| seidou52
|
|t:|1658750263
|move|p2a: Deoxys|Stealth Rock|p1a: Arceus
|-sidestart|p1: Opnoob 598|move: Stealth Rock
|move|p1a: Arceus|Shadow Claw|p2a: Deoxys
|-supereffective|p2a: Deoxys
|-crit|p2a: Deoxys
|-damage|p2a: Deoxys|0 fnt
|faint|p2a: Deoxys
|
|upkeep
|j| thedreadedtigerxx
|
|t:|1658750269
|switch|p2a: Necrozma|Necrozma-Dusk-Mane, shiny|100/100
|turn|4
|
|t:|1658750276
|switch|p1a: Necrozma|Necrozma-Dusk-Mane|100/100
|-damage|p1a: Necrozma|94/100|[from] Stealth Rock
|move|p2a: Necrozma|Dragon Dance|p2a: Necrozma
|-boost|p2a: Necrozma|atk|1
|-boost|p2a: Necrozma|spe|1
|
|upkeep
|turn|5
|
|t:|1658750298
|move|p2a: Necrozma|Dragon Dance|p2a: Necrozma
|-boost|p2a: Necrozma|atk|1
|-boost|p2a: Necrozma|spe|1
|move|p1a: Necrozma|Thunder Wave|p2a: Necrozma
|-status|p2a: Necrozma|par
|
|upkeep
|turn|6
|j| yokobaby
|
|t:|1658750316
|switch|p1a: Gengar|Gengar, F|100/100
|-damage|p1a: Gengar|88/100|[from] Stealth Rock
|move|p2a: Necrozma|Dragon Dance|p2a: Necrozma
|-boost|p2a: Necrozma|atk|1
|-boost|p2a: Necrozma|spe|1
|
|upkeep
|turn|7
|
|t:|1658750325
|detailschange|p1a: Gengar|Gengar-Mega, F
|-mega|p1a: Gengar|Gengar|Gengarite
|detailschange|p2a: Necrozma|Necrozma-Ultra, shiny
|-burst|p2a: Necrozma|Necrozma|Ultranecrozium Z
|move|p2a: Necrozma|Photon Geyser|p1a: Gengar
|-supereffective|p1a: Gengar
|-damage|p1a: Gengar|0 fnt
|faint|p1a: Gengar
|
|upkeep
|
|t:|1658750334
|switch|p1a: Necrozma|Necrozma-Dusk-Mane|94/100
|-damage|p1a: Necrozma|88/100|[from] Stealth Rock
|turn|8
|l| aggron meta ✧
|
|t:|1658750342
|-start|p1a: Necrozma|Dynamax|
|-heal|p1a: Necrozma|88/100|[silent]
|move|p2a: Necrozma|Earthquake|p1a: Necrozma
|-supereffective|p1a: Necrozma
|-damage|p1a: Necrozma|36/100
|move|p1a: Necrozma|Max Steelspike|p2a: Necrozma
|-damage|p2a: Necrozma|69/100 par
|-boost|p1a: Necrozma|def|1
|
|-sideend|p2: Pikaslayer2001|Reflect
|upkeep
|turn|9
|
|t:|1658750350
|move|p2a: Necrozma|Earthquake|p1a: Necrozma
|-supereffective|p1a: Necrozma
|-damage|p1a: Necrozma|2/100
|move|p1a: Necrozma|Max Steelspike|p2a: Necrozma
|-damage|p2a: Necrozma|0 fnt
|-boost|p1a: Necrozma|def|1
|faint|p2a: Necrozma
|
|upkeep
|
|t:|1658750362
|switch|p2a: Yveltal|Yveltal|100/100
|-ability|p2a: Yveltal|Dark Aura
|turn|10
|c| Thetwinking|ok saved
|c| thedreadedtigerxx|pikaslayer wins
|
|t:|1658750370
|-start|p2a: Yveltal|Dynamax|
|-heal|p2a: Yveltal|100/100|[silent]
|move|p1a: Necrozma|Max Guard|p1a: Necrozma
|-singleturn|p1a: Necrozma|Max Guard
|move|p2a: Yveltal|Max Airstream|p1a: Necrozma
|-activate|p1a: Necrozma|move: Max Guard
|
|upkeep
|-end|p1a: Necrozma|Dynamax
|-heal|p1a: Necrozma|2/100|[silent]
|turn|11
|c| thedreadedtigerxx|lmao
|
|t:|1658750382
|switch|p1a: Arceus|Arceus-Electric|100/100
|-damage|p1a: Arceus|88/100|[from] Stealth Rock
|move|p2a: Yveltal|Max Airstream|p1a: Arceus
|-resisted|p1a: Arceus
|-damage|p1a: Arceus|58/100
|-boost|p2a: Yveltal|spe|1
|-damage|p2a: Yveltal|96/100|[from] item: Life Orb
|
|upkeep
|turn|12
|
|t:|1658750386
|switch|p1a: Necrozma|Necrozma-Dusk-Mane|2/100
|-damage|p1a: Necrozma|0 fnt|[from] Stealth Rock
|faint|p1a: Necrozma
|move|p2a: Yveltal|Max Darkness|p1: Necrozma|[notarget]
|-fail|p2a: Yveltal
|
|upkeep
|
|t:|1658750388
|switch|p1a: Xerneas|Xerneas|100/100
|-damage|p1a: Xerneas|88/100|[from] Stealth Rock
|-ability|p1a: Xerneas|Fairy Aura
|-end|p2a: Yveltal|Dynamax
|-heal|p2a: Yveltal|96/100|[silent]
|turn|13
|
|t:|1658750390
|move|p2a: Yveltal|Tailwind|p2a: Yveltal
|-sidestart|p2: Pikaslayer2001|move: Tailwind
|move|p1a: Xerneas|Moonblast|p2a: Yveltal
|-supereffective|p2a: Yveltal
|-damage|p2a: Yveltal|0 fnt
|faint|p2a: Yveltal
|
|upkeep
|j| RealPratyushZ
|j| aggron meta ✧
|
|t:|1658750394
|switch|p2a: Rayquaza|Rayquaza|100/100
|-ability|p2a: Rayquaza|Air Lock
|turn|14
|c| Testing teams 596|Wow
|
|t:|1658750397
|detailschange|p2a: Rayquaza|Rayquaza-Mega
|-mega|p2a: Rayquaza|Rayquaza|
|-weather|DeltaStream|[from] ability: Delta Stream|[of] p2a: Rayquaza
|move|p2a: Rayquaza|Dragon Ascent|p1a: Xerneas
|-damage|p1a: Xerneas|3/100
|-unboost|p2a: Rayquaza|def|1
|-unboost|p2a: Rayquaza|spd|1
|-damage|p2a: Rayquaza|91/100|[from] item: Life Orb
|move|p1a: Xerneas|Moonblast|p2a: Rayquaza
|-supereffective|p2a: Rayquaza
|-crit|p2a: Rayquaza
|-damage|p2a: Rayquaza|0 fnt
|faint|p2a: Rayquaza
|-weather|none
|
|upkeep
|c| yokobaby|Nice
|c| aggron meta ✧|LOL
|c| aggron meta ✧|sussy xern
|
|t:|1658750415
|switch|p2a: Ditto|Ditto|100/100
|-transform|p2a: Ditto|p1a: Xerneas|[from] ability: Imposter
|-ability|p2a: Ditto|Fairy Aura
|turn|15
|
|t:|1658750421
|move|p2a: Ditto|Moonblast|p1a: Xerneas
|-damage|p1a: Xerneas|0 fnt
|faint|p1a: Xerneas
|
|upkeep
|c| thedreadedtigerxx|after all of that imagine ditto just reverse sweeps
|l| aggron meta ✧
|
|t:|1658750427
|switch|p1a: Arceus|Arceus|100/100
|-damage|p1a: Arceus|88/100|[from] Stealth Rock
|turn|16
|c| RealPratyushZ|bro
|
|t:|1658750431
|move|p2a: Ditto|Moonblast|p1a: Arceus
|-damage|p1a: Arceus|29/100
|-unboost|p1a: Arceus|spa|1
|-zpower|p1a: Arceus
|move|p1a: Arceus|Breakneck Blitz|p2a: Ditto|[zeffect]
|-damage|p2a: Ditto|0 fnt
|faint|p2a: Ditto
|
|-sideend|p2: Pikaslayer2001|move: Tailwind
|upkeep
|c| RealPratyushZ|pls beat him
|c| thedreadedtigerxx|oh
|
|t:|1658750439
|switch|p2a: Calyrex|Calyrex-Shadow|100/100
|-ability|p2a: Calyrex|As One
|-ability|p2a: Calyrex|Unnerve
|turn|17
|c| thedreadedtigerxx|breakneck blitz goated
|
|t:|1658750443
|switch|p1a: Arceus|Arceus|100/100
|-damage|p1a: Arceus|88/100|[from] Stealth Rock
|move|p2a: Calyrex|Psyshock|p1a: Arceus
|-damage|p1a: Arceus|59/100
|
|-heal|p1a: Arceus|65/100|[from] item: Leftovers
|upkeep
|turn|18
|c| RealPratyushZ|i dont wanna fight 3 arceuses
|
|t:|1658750447
|move|p2a: Calyrex|Nasty Plot|p2a: Calyrex
|-boost|p2a: Calyrex|spa|2
|move|p1a: Arceus|Snarl|p2a: Calyrex
|-supereffective|p2a: Calyrex
|-damage|p2a: Calyrex|44/100
|-unboost|p2a: Calyrex|spa|1
|
|-heal|p1a: Arceus|71/100|[from] item: Leftovers
|upkeep
|turn|19
|
|t:|1658750452
|move|p2a: Calyrex|Psyshock|p1a: Arceus
|-damage|p1a: Arceus|28/100
|move|p1a: Arceus|Snarl|p2a: Calyrex|[miss]
|-miss|p1a: Arceus|p2a: Calyrex
|
|-heal|p1a: Arceus|34/100|[from] item: Leftovers
|upkeep
|turn|20
|c|☆Opnoob 598|Gg
|c| Thetwinking|ggs op
|c|☆Opnoob 598|Wp
|
|t:|1658750463
|move|p2a: Calyrex|Psyshock|p1a: Arceus
|-crit|p1a: Arceus
|-damage|p1a: Arceus|0 fnt
|faint|p1a: Arceus
|-ability|p2a: Calyrex|Grim Neigh|boost
|-boost|p2a: Calyrex|spa|1
|
|upkeep
|c| thedreadedtigerxx|how strong is giga impact into breakneck blitz
|
|t:|1658750467
|switch|p1a: Arceus|Arceus-Electric|58/100
|-damage|p1a: Arceus|45/100|[from] Stealth Rock
|turn|21
|
|t:|1658750469
|move|p2a: Calyrex|Astral Barrage|p1a: Arceus
|-crit|p1a: Arceus
|-damage|p1a: Arceus|0 fnt
|faint|p1a: Arceus
|-ability|p2a: Calyrex|Grim Neigh|boost
|-boost|p2a: Calyrex|spa|1
|
|upkeep
|c| thedreadedtigerxx|omfg
|c|☆Pikaslayer2001|Gg
|c| yokobaby|oh
|c| thedreadedtigerxx|u got so outskilled
|
|t:|1658750475
|switch|p1a: Arceus|Arceus|29/100
|-damage|p1a: Arceus|17/100|[from] Stealth Rock
|turn|22
|
|t:|1658750480
|move|p2a: Calyrex|Psyshock|p1a: Arceus
|-crit|p1a: Arceus
|-damage|p1a: Arceus|0 fnt
|faint|p1a: Arceus
|
|win|Pikaslayer2001
|n|☆Opnoob 598|opnoob598
|n|☆Pikaslayer2001|pikaslayer2001
|n| Thetwinking|thetwinking
|n| Testing teams 596|testingteams596
|n| seidou52|seidou52
|n| thedreadedtigerxx|thedreadedtigerxx
|n| yokobaby|yokobaby
|n| RealPratyushZ|realpratyushz
|c|☆Opnoob 598|yes
|l|☆Pikaslayer2001
|c| yokobaby|how much lucky
|c| Testing teams 596|Lol
|c|☆Opnoob 598|I did indeed
|c| RealPratyushZ|i think its like 200
|c|☆Opnoob 598|wp
|c| RealPratyushZ|bp
|c| thedreadedtigerxx|imagine being opnoob
|l| Thetwinking
|c| Testing teams 596|Yes 200
|c|☆Opnoob 598|And realpratyush z wym?
