|j|☆akarihikari
|j|☆AdamHaziq
|t:|1664706505
|gametype|singles
|player|p1|akarihikari|erika|1520
|player|p2|AdamHaziq|265|1543
|teamsize|p1|6
|teamsize|p2|6
|gen|8
|tier|[Gen 8] National Dex AG
|rated|
|rule|HP Percentage Mod: HP is shown in percentages
|rule|Endless Battle Clause: Forcing endless battles is banned
|clearpoke
|poke|p1|Necrozma-Dusk-Mane|
|poke|p1|Ditto|
|poke|p1|Shaymin-Sky|
|poke|p1|Rayquaza|
|poke|p1|Yveltal|
|poke|p1|Zacian-*|
|poke|p2|Smeargle, M|
|poke|p2|Zacian-*|
|poke|p2|Calyrex-Shadow|
|poke|p2|Necrozma-Dusk-Mane|
|poke|p2|Yveltal|
|poke|p2|Deoxys-Speed|
|teampreview
|inactive|Battle timer is ON: inactive players will automatically lose when time's up. (requested by AdamHaziq)
|
|t:|1664706511
|start
|switch|p1a: Shaymin|Shaymin-Sky|100/100
|switch|p2a: Deoxys|Deoxys-Speed|100/100
|-ability|p2a: Deoxys|Pressure
|turn|1
|
|t:|1664706516
|move|p1a: Shaymin|Air Slash|p2a: Deoxys
|-damage|p2a: Deoxys|49/100
|cant|p2a: Deoxys|flinch
|
|upkeep
|turn|2
|
|t:|1664706523
|switch|p2a: Necrozma|Necrozma-Dusk-Mane|100/100
|move|p1a: Shaymin|Air Slash|p2a: Necrozma
|-resisted|p2a: Necrozma
|-damage|p2a: Necrozma|79/100
|
|upkeep
|turn|3
|
|t:|1664706530
|move|p1a: Shaymin|Air Slash|p2a: Necrozma
|-resisted|p2a: Necrozma
|-damage|p2a: Necrozma|60/100
|cant|p2a: Necrozma|flinch
|
|upkeep
|turn|4
|
|t:|1664706534
|move|p1a: Shaymin|Air Slash|p2a: Necrozma
|-resisted|p2a: Necrozma
|-damage|p2a: Necrozma|38/100
|move|p2a: Necrozma|Photon Geyser|p1a: Shaymin
|-damage|p1a: Shaymin|20/100
|
|upkeep
|turn|5
|
|t:|1664706542
|move|p1a: Shaymin|Air Slash|p2a: Necrozma
|-resisted|p2a: Necrozma
|-damage|p2a: Necrozma|17/100
|move|p2a: Necrozma|Sunsteel Strike|p1a: Shaymin
|-damage|p1a: Shaymin|0 fnt
|faint|p1a: Shaymin
|
|upkeep
|
|t:|1664706551
|switch|p1a: Yveltal|Yveltal|100/100
|-ability|p1a: Yveltal|Dark Aura
|turn|6
|
|t:|1664706555
|move|p2a: Necrozma|Sunsteel Strike|p1a: Yveltal
|-damage|p1a: Yveltal|49/100
|move|p1a: Yveltal|Knock Off|p2a: Necrozma
|-supereffective|p2a: Necrozma
|-damage|p2a: Necrozma|0 fnt
|faint|p2a: Necrozma
|
|upkeep
|
|t:|1664706558
|switch|p2a: Deoxys|Deoxys-Speed|49/100
|-ability|p2a: Deoxys|Pressure
|turn|7
|
|t:|1664706564
|move|p2a: Deoxys|Stealth Rock|p1a: Yveltal
|-sidestart|p1: akarihikari|move: Stealth Rock
|move|p1a: Yveltal|Knock Off|p2a: Deoxys
|-supereffective|p2a: Deoxys
|-damage|p2a: Deoxys|0 fnt
|-enditem|p2a: Deoxys|Focus Sash|[from] move: Knock Off|[of] p1a: Yveltal
|faint|p2a: Deoxys
|
|upkeep
|
|t:|1664706567
|switch|p2a: Smeargle|Smeargle, M|100/100
|turn|8
|
|t:|1664706571
|move|p2a: Smeargle|Spore|p1a: Yveltal
|-status|p1a: Yveltal|slp|[from] move: Spore
|cant|p1a: Yveltal|slp
|
|-ability|p2a: Smeargle|Moody|boost
|-boost|p2a: Smeargle|spe|2
|-unboost|p2a: Smeargle|spa|1
|upkeep
|turn|9
|
|t:|1664706579
|move|p2a: Smeargle|Minimize|p2a: Smeargle
|-boost|p2a: Smeargle|evasion|2
|cant|p1a: Yveltal|slp
|
|-ability|p2a: Smeargle|Moody|boost
|-boost|p2a: Smeargle|spa|2
|-unboost|p2a: Smeargle|spe|1
|upkeep
|turn|10
|
|t:|1664706583
|move|p2a: Smeargle|Minimize|p2a: Smeargle
|-boost|p2a: Smeargle|evasion|2
|-curestatus|p1a: Yveltal|slp|[msg]
|move|p1a: Yveltal|Defog|p2a: Smeargle
|-unboost|p2a: Smeargle|evasion|1
|-sideend|p1: akarihikari|Stealth Rock|[from] move: Defog|[of] p1a: Yveltal
|
|-ability|p2a: Smeargle|Moody|boost
|-boost|p2a: Smeargle|def|2
|-unboost|p2a: Smeargle|spe|1
|upkeep
|turn|11
|
|t:|1664706594
|move|p2a: Smeargle|Spore|p1a: Yveltal
|-status|p1a: Yveltal|slp|[from] move: Spore
|cant|p1a: Yveltal|slp
|
|-ability|p2a: Smeargle|Moody|boost
|-boost|p2a: Smeargle|spe|2
|-unboost|p2a: Smeargle|atk|1
|upkeep
|turn|12
|
|t:|1664706599
|move|p2a: Smeargle|Minimize|p2a: Smeargle
|-boost|p2a: Smeargle|evasion|2
|cant|p1a: Yveltal|slp
|
|-ability|p2a: Smeargle|Moody|boost
|-boost|p2a: Smeargle|spd|2
|-unboost|p2a: Smeargle|spa|1
|upkeep
|turn|13
|
|t:|1664706603
|move|p2a: Smeargle|Minimize|p2a: Smeargle
|-boost|p2a: Smeargle|evasion|1
|cant|p1a: Yveltal|slp
|
|-ability|p2a: Smeargle|Moody|boost
|-boost|p2a: Smeargle|spd|2
|-unboost|p2a: Smeargle|atk|1
|upkeep
|turn|14
|
|t:|1664706613
|move|p2a: Smeargle|Baton Pass|p2a: Smeargle
|
|t:|1664706615
|switch|p2a: Yveltal|Yveltal|100/100|[from]move: Baton Pass
|-ability|p2a: Yveltal|Dark Aura
|-curestatus|p1a: Yveltal|slp|[msg]
|move|p1a: Yveltal|Knock Off|p2a: Yveltal
|-resisted|p2a: Yveltal
|-damage|p2a: Yveltal|86/100
|-enditem|p2a: Yveltal|Leftovers|[from] move: Knock Off|[of] p1a: Yveltal
|
|upkeep
|turn|15
|
|t:|1664706626
|move|p2a: Yveltal|Oblivion Wing|p1a: Yveltal
|-damage|p1a: Yveltal|21/100
|-heal|p2a: Yveltal|100/100|[from] drain|[of] p1a: Yveltal
|move|p1a: Yveltal|U-turn|p2a: Yveltal
|-damage|p2a: Yveltal|90/100
|
|t:|1664706631
|switch|p1a: Ditto|Ditto|100/100|[from]move: U-turn
|-transform|p1a: Ditto|p2a: Yveltal|[from] ability: Imposter
|-ability|p1a: Ditto|Dark Aura
|
|upkeep
|turn|16
|
|t:|1664706648
|-start|p1a: Ditto|Dynamax|
|-heal|p1a: Ditto|100/100|[silent]
|move|p1a: Ditto|Max Airstream|p2a: Yveltal
|-damage|p2a: Yveltal|69/100
|-boost|p1a: Ditto|spe|1
|move|p2a: Yveltal|Oblivion Wing|p1a: Ditto|[miss]
|-miss|p2a: Yveltal|p1a: Ditto
|
|upkeep
|turn|17
|
|t:|1664706664
|-start|p2a: Yveltal|Dynamax|
|-heal|p2a: Yveltal|69/100|[silent]
|move|p1a: Ditto|Max Darkness|p2a: Yveltal
|-resisted|p2a: Yveltal
|-damage|p2a: Yveltal|62/100
|-unboost|p2a: Yveltal|spd|1
|move|p2a: Yveltal|Max Airstream|p1a: Ditto
|-damage|p1a: Ditto|86/100
|-boost|p2a: Yveltal|spe|1
|
|upkeep
|turn|18
|
|t:|1664706676
|move|p2a: Yveltal|Max Airstream|p1a: Ditto
|-damage|p1a: Ditto|71/100
|-boost|p2a: Yveltal|spe|1
|move|p1a: Ditto|Max Darkness|p2a: Yveltal
|-resisted|p2a: Yveltal
|-damage|p2a: Yveltal|58/100
|-unboost|p2a: Yveltal|spd|1
|
|upkeep
|-end|p1a: Ditto|Dynamax
|-heal|p1a: Ditto|71/100|[silent]
|turn|19
|
|t:|1664706687
|move|p1a: Ditto|Oblivion Wing|p2a: Yveltal|[miss]
|-miss|p1a: Ditto|p2a: Yveltal
|move|p2a: Yveltal|Max Airstream|p1a: Ditto
|-damage|p1a: Ditto|43/100
|-boost|p2a: Yveltal|spe|1
|
|upkeep
|-end|p2a: Yveltal|Dynamax
|-heal|p2a: Yveltal|59/100|[silent]
|turn|20
|
|t:|1664706692
|move|p1a: Ditto|Oblivion Wing|p2a: Yveltal
|-damage|p2a: Yveltal|40/100
|-heal|p1a: Ditto|62/100|[from] drain|[of] p2a: Yveltal
|move|p2a: Yveltal|Oblivion Wing|p1a: Ditto|[miss]
|-miss|p2a: Yveltal|p1a: Ditto
|
|upkeep
|turn|21
|
|t:|1664706699
|move|p1a: Ditto|Oblivion Wing|p2a: Yveltal|[miss]
|-miss|p1a: Ditto|p2a: Yveltal
|move|p2a: Yveltal|Oblivion Wing|p1a: Ditto
|-damage|p1a: Ditto|44/100
|-heal|p2a: Yveltal|50/100|[from] drain|[of] p1a: Ditto
|
|upkeep
|turn|22
|
|t:|1664706708
|move|p1a: Ditto|Oblivion Wing|p2a: Yveltal
|-damage|p2a: Yveltal|29/100
|-heal|p1a: Ditto|65/100|[from] drain|[of] p2a: Yveltal
|move|p2a: Yveltal|Oblivion Wing|p1a: Ditto|[miss]
|-miss|p2a: Yveltal|p1a: Ditto
|
|upkeep
|turn|23
|
|t:|1664706716
|switch|p1a: Yveltal|Yveltal|21/100
|-ability|p1a: Yveltal|Dark Aura
|move|p2a: Yveltal|Oblivion Wing|p1a: Yveltal
|-damage|p1a: Yveltal|0 fnt
|-heal|p2a: Yveltal|47/100|[from] drain|[of] p1a: Yveltal
|faint|p1a: Yveltal
|
|upkeep
|
|t:|1664706719
|switch|p1a: Ditto|Ditto|65/100
|-transform|p1a: Ditto|p2a: Yveltal|[from] ability: Imposter
|-ability|p1a: Ditto|Dark Aura
|turn|24
|
|t:|1664706722
|move|p1a: Ditto|Oblivion Wing|p2a: Yveltal
|-damage|p2a: Yveltal|27/100
|-heal|p1a: Ditto|84/100|[from] drain|[of] p2a: Yveltal
|move|p2a: Yveltal|Oblivion Wing|p1a: Ditto|[miss]
|-miss|p2a: Yveltal|p1a: Ditto
|
|upkeep
|turn|25
|
|t:|1664706732
|move|p1a: Ditto|Oblivion Wing|p2a: Yveltal|[miss]
|-miss|p1a: Ditto|p2a: Yveltal
|move|p2a: Yveltal|Oblivion Wing|p1a: Ditto
|-damage|p1a: Ditto|57/100
|-heal|p2a: Yveltal|43/100|[from] drain|[of] p1a: Ditto
|
|upkeep
|turn|26
|
|t:|1664706741
|move|p1a: Ditto|Oblivion Wing|p2a: Yveltal|[miss]
|-miss|p1a: Ditto|p2a: Yveltal
|move|p2a: Yveltal|Oblivion Wing|p1a: Ditto
|-damage|p1a: Ditto|29/100
|-heal|p2a: Yveltal|58/100|[from] drain|[of] p1a: Ditto
|
|upkeep
|turn|27
|
|t:|1664706748
|move|p1a: Ditto|Oblivion Wing|p2a: Yveltal|[miss]
|-miss|p1a: Ditto|p2a: Yveltal
|move|p2a: Yveltal|Oblivion Wing|p1a: Ditto|[miss]
|-miss|p2a: Yveltal|p1a: Ditto
|
|upkeep
|turn|28
|
|t:|1664706760
|move|p1a: Ditto|Oblivion Wing|p2a: Yveltal|[miss]
|-miss|p1a: Ditto|p2a: Yveltal
|move|p2a: Yveltal|Oblivion Wing|p1a: Ditto
|-damage|p1a: Ditto|1/100
|-heal|p2a: Yveltal|74/100|[from] drain|[of] p1a: Ditto
|
|upkeep
|turn|29
|
|t:|1664706781
|switch|p1a: Necrozma|Necrozma-Dusk-Mane|100/100
|move|p2a: Yveltal|Dark Pulse|p1a: Necrozma
|-supereffective|p1a: Necrozma
|-damage|p1a: Necrozma|21/100
|
|upkeep
|turn|30
|
|t:|1664706786
|move|p2a: Yveltal|Dark Pulse|p1a: Necrozma
|-supereffective|p1a: Necrozma
|-damage|p1a: Necrozma|0 fnt
|faint|p1a: Necrozma
|
|upkeep
|
|t:|1664706789
|switch|p1a: Zacian|Zacian-Crowned|100/100
|-ability|p1a: Zacian|Intrepid Sword|boost
|-boost|p1a: Zacian|atk|1
|turn|31
|
|t:|1664706793
|move|p2a: Yveltal|Heat Wave|p1a: Zacian
|-supereffective|p1a: Zacian
|-damage|p1a: Zacian|29/100
|move|p1a: Zacian|Play Rough|p2a: Yveltal|[miss]
|-miss|p1a: Zacian|p2a: Yveltal
|
|upkeep
|turn|32
|
|t:|1664706801
|move|p2a: Yveltal|Heat Wave|p1a: Zacian
|-supereffective|p1a: Zacian
|-damage|p1a: Zacian|0 fnt
|faint|p1a: Zacian
|
|upkeep
|
|t:|1664706803
|switch|p1a: Ditto|Ditto|1/100
|-transform|p1a: Ditto|p2a: Yveltal|[from] ability: Imposter
|-ability|p1a: Ditto|Dark Aura
|turn|33
|
|t:|1664706806
|move|p1a: Ditto|Oblivion Wing|p2a: Yveltal|[miss]
|-miss|p1a: Ditto|p2a: Yveltal
|move|p2a: Yveltal|Oblivion Wing|p1a: Ditto
|-damage|p1a: Ditto|0 fnt
|-heal|p2a: Yveltal|75/100|[from] drain|[of] p1a: Ditto
|faint|p1a: Ditto
|
|upkeep
|
|t:|1664706816
|switch|p1a: Rayquaza|Rayquaza|100/100
|-ability|p1a: Rayquaza|Air Lock
|turn|34
|
|t:|1664706822
|detailschange|p1a: Rayquaza|Rayquaza-Mega
|-mega|p1a: Rayquaza|Rayquaza|
|-weather|DeltaStream|[from] ability: Delta Stream|[of] p1a: Rayquaza
|move|p2a: Yveltal|Dark Pulse|p1a: Rayquaza
|-damage|p1a: Rayquaza|43/100
|move|p1a: Rayquaza|Dragon Ascent|p2a: Yveltal
|-damage|p2a: Yveltal|27/100
|-unboost|p1a: Rayquaza|def|1
|-unboost|p1a: Rayquaza|spd|1
|-damage|p1a: Rayquaza|33/100|[from] item: Life Orb
|
|-weather|DeltaStream|[upkeep]
|upkeep
|turn|35
|
|t:|1664706834
|move|p2a: Yveltal|Dark Pulse|p1a: Rayquaza
|-damage|p1a: Rayquaza|0 fnt
|faint|p1a: Rayquaza
|-weather|none
|
|win|AdamHaziq
|raw|akarihikari's rating: 1520 &rarr; <strong>1501</strong><br />(-19 for losing)
|raw|AdamHaziq's rating: 1543 &rarr; <strong>1562</strong><br />(+19 for winning)
|l|☆AdamHaziq
