|j|☆wellhell
|j|☆pA Pa pAnDa/K
|t:|1640601338
|gametype|singles
|player|p1|wellhell|waiter|1587
|player|p2|pA Pa pAnDa/K|unknown|1706
|teamsize|p1|6
|teamsize|p2|6
|gen|8
|tier|[Gen 8] National Dex AG
|rated|
|rule|HP Percentage Mod: HP is shown in percentages
|rule|Endless Battle Clause: Forcing endless battles is banned
|clearpoke
|poke|p1|Smeargle, M|
|poke|p1|Groudon|
|poke|p1|Rayquaza|
|poke|p1|Ditto|
|poke|p1|Calyrex-Shadow|
|poke|p1|Zacian-*|
|poke|p2|Calyrex-Shadow|
|poke|p2|Groudon|
|poke|p2|Rayquaza|
|poke|p2|Zacian-*|
|poke|p2|Ditto|
|poke|p2|Yveltal|
|teampreview
|inactive|Battle timer is ON: inactive players will automatically lose when time's up. (requested by pA Pa pAnDa/K)
|
|t:|1640601360
|start
|switch|p1a: Smeargle|Smeargle, M|100/100
|switch|p2a: depression|Groudon|100/100
|detailschange|p2a: depression|Groudon-Primal
|-primal|p2a: depression
|-weather|DesolateLand|[from] ability: Desolate Land|[of] p2a: depression
|turn|1
|inactive|wellhell has 120 seconds left.
|
|t:|1640601395
|move|p2a: depression|Fire Punch|p1a: Smeargle
|-crit|p1a: Smeargle
|-enditem|p1a: Smeargle|Focus Sash
|-damage|p1a: Smeargle|1/100
|move|p1a: Smeargle|Spore|p2a: depression
|-status|p2a: depression|slp|[from] move: Spore
|
|-weather|DesolateLand|[upkeep]
|-ability|p1a: Smeargle|Moody|boost
|-boost|p1a: Smeargle|def|2
|-unboost|p1a: Smeargle|spa|1
|upkeep
|turn|2
|
|t:|1640601408
|cant|p2a: depression|slp
|move|p1a: Smeargle|Stealth Rock|p2a: depression
|-sidestart|p2: pA Pa pAnDa/K|move: Stealth Rock
|
|-weather|DesolateLand|[upkeep]
|-ability|p1a: Smeargle|Moody|boost
|-boost|p1a: Smeargle|spd|2
|-unboost|p1a: Smeargle|atk|1
|upkeep
|turn|3
|
|t:|1640601415
|switch|p1a: Groudon|Groudon|100/100
|detailschange|p1a: Groudon|Groudon-Primal
|-primal|p1a: Groudon
|-curestatus|p2a: depression|slp|[msg]
|move|p2a: depression|Fire Punch|p1a: Groudon
|-resisted|p1a: Groudon
|-damage|p1a: Groudon|75/100
|
|-weather|DesolateLand|[upkeep]
|upkeep
|turn|4
|
|t:|1640601423
|switch|p2a: batman|Yveltal|100/100
|-damage|p2a: batman|76/100|[from] Stealth Rock
|-ability|p2a: batman|Dark Aura
|move|p1a: Groudon|Earthquake|p2a: batman
|-immune|p2a: batman
|
|-weather|DesolateLand|[upkeep]
|upkeep
|turn|5
|
|t:|1640601430
|-weather|none
|switch|p1a: Smeargle|Smeargle, M|1/100
|move|p2a: batman|Defog|p1a: Smeargle
|-unboost|p1a: Smeargle|evasion|1
|-sideend|p2: pA Pa pAnDa/K|Stealth Rock|[from] move: Defog|[of] p2a: batman
|
|-ability|p1a: Smeargle|Moody|boost
|-boost|p1a: Smeargle|def|2
|-unboost|p1a: Smeargle|atk|1
|upkeep
|turn|6
|
|t:|1640601436
|move|p2a: batman|Oblivion Wing|p1a: Smeargle
|-damage|p1a: Smeargle|0 fnt
|-heal|p2a: batman|76/100|[from] drain|[of] p1a: Smeargle
|faint|p1a: Smeargle
|-damage|p2a: batman|66/100|[from] item: Life Orb
|
|upkeep
|
|t:|1640601441
|switch|p1a: Zacian|Zacian-Crowned|100/100
|-ability|p1a: Zacian|Intrepid Sword|boost
|-boost|p1a: Zacian|atk|1
|turn|7
|inactive|wellhell has 120 seconds left.
|inactive|wellhell has 90 seconds left.
|
|t:|1640601513
|switch|p2a: depression|Groudon-Primal|100/100
|-weather|DesolateLand|[from] ability: Desolate Land|[of] p2a: depression
|move|p1a: Zacian|Behemoth Blade|p2a: depression
|-resisted|p2a: depression
|-damage|p2a: depression|68/100
|
|-weather|DesolateLand|[upkeep]
|upkeep
|turn|8
|
|t:|1640601523
|switch|p1a: Rayquaza|Rayquaza|100/100
|-ability|p1a: Rayquaza|Air Lock
|move|p2a: depression|Fire Punch|p1a: Rayquaza
|-resisted|p1a: Rayquaza
|-damage|p1a: Rayquaza|74/100
|
|-weather|DesolateLand|[upkeep]
|upkeep
|turn|9
|inactive|wellhell has 90 seconds left.
|
|t:|1640601534
|detailschange|p1a: Rayquaza|Rayquaza-Mega
|-mega|p1a: Rayquaza|Rayquaza|
|-weather|DeltaStream|[from] ability: Delta Stream|[of] p1a: Rayquaza
|move|p1a: Rayquaza|Waterfall|p2a: depression
|-supereffective|p2a: depression
|-damage|p2a: depression|0 fnt
|faint|p2a: depression
|
|-weather|DeltaStream|[upkeep]
|upkeep
|
|t:|1640601543
|switch|p2a: steel-type type|Zacian-Crowned|100/100
|-ability|p2a: steel-type type|Intrepid Sword|boost
|-boost|p2a: steel-type type|atk|1
|turn|10
|
|t:|1640601550
|-weather|none
|switch|p1a: Groudon|Groudon-Primal|75/100
|-weather|DesolateLand|[from] ability: Desolate Land|[of] p1a: Groudon
|move|p2a: steel-type type|Behemoth Blade|p1a: Groudon
|-resisted|p1a: Groudon
|-damage|p1a: Groudon|42/100
|
|-weather|DesolateLand|[upkeep]
|upkeep
|turn|11
|
|t:|1640601560
|move|p2a: steel-type type|Close Combat|p1a: Groudon
|-damage|p1a: Groudon|0 fnt
|-unboost|p2a: steel-type type|def|1
|-unboost|p2a: steel-type type|spd|1
|faint|p1a: Groudon
|-weather|none
|
|upkeep
|
|t:|1640601568
|switch|p1a: Ditto|Ditto|100/100
|-transform|p1a: Ditto|p2a: steel-type type|[from] ability: Imposter
|-ability|p1a: Ditto|Intrepid Sword|boost
|-boost|p1a: Ditto|atk|1
|turn|12
|
|t:|1640601579
|switch|p2a: I'm fast|Ditto|100/100
|move|p1a: Ditto|Behemoth Blade|p2a: I'm fast
|-damage|p2a: I'm fast|0 fnt
|faint|p2a: I'm fast
|
|upkeep
|
|t:|1640601583
|switch|p2a: panda girl|Rayquaza|100/100
|-ability|p2a: panda girl|Air Lock
|turn|13
|inactive|wellhell has 120 seconds left.
|
|t:|1640601607
|detailschange|p2a: panda girl|Rayquaza-Mega
|-mega|p2a: panda girl|Rayquaza|
|-weather|DeltaStream|[from] ability: Delta Stream|[of] p2a: panda girl
|move|p1a: Ditto|Behemoth Blade|p2a: panda girl
|-enditem|p2a: panda girl|Focus Sash
|-damage|p2a: panda girl|1/100
|move|p2a: panda girl|Earthquake|p1a: Ditto
|-supereffective|p1a: Ditto
|-damage|p1a: Ditto|0 fnt
|faint|p1a: Ditto
|
|-weather|DeltaStream|[upkeep]
|upkeep
|c|☆wellhell|Panda girl
|
|t:|1640601622
|switch|p1a: Calyrex|Calyrex-Shadow|100/100
|-ability|p1a: Calyrex|As One
|-ability|p1a: Calyrex|Unnerve
|turn|14
|
|t:|1640601628
|move|p1a: Calyrex|Draining Kiss|p2a: panda girl
|-supereffective|p2a: panda girl
|-damage|p2a: panda girl|0 fnt
|faint|p2a: panda girl
|-weather|none
|-ability|p1a: Calyrex|Grim Neigh|boost
|-boost|p1a: Calyrex|spa|1
|
|upkeep
|
|t:|1640601633
|switch|p2a: batman|Yveltal|66/100
|-ability|p2a: batman|Dark Aura
|turn|15
|
|t:|1640601641
|-start|p1a: Calyrex|Dynamax
|-heal|p1a: Calyrex|100/100|[silent]
|move|p1a: Calyrex|Max Starfall|p2a: batman
|-supereffective|p2a: batman
|-damage|p2a: batman|0 fnt
|-fieldstart|move: Misty Terrain
|faint|p2a: batman
|-ability|p1a: Calyrex|Grim Neigh|boost
|-boost|p1a: Calyrex|spa|1
|
|upkeep
|-message|pA Pa pAnDa/K forfeited.
|
|win|wellhell
|raw|wellhell's rating: 1587 &rarr; <strong>1614</strong><br />(+27 for winning)
|raw|pA Pa pAnDa&#x2f;K's rating: 1706 &rarr; <strong>1679</strong><br />(-27 for losing)
|l|☆pA Pa pAnDa/K
