|j|☆halo222
|j|☆IamHrrimann
|t:|1631082277
|gametype|singles
|player|p1|halo222|265|1317
|player|p2|IamHrrimann|265|1506
|teamsize|p1|6
|teamsize|p2|6
|gen|8
|tier|[Gen 8] National Dex AG
|rated|
|rule|HP Percentage Mod: HP is shown in percentages
|rule|Endless Battle Clause: Forcing endless battles is banned
|clearpoke
|poke|p1|Pikachu-Kalos, M|
|poke|p1|Goodra, M|
|poke|p1|Greninja, M|
|poke|p1|Hawlucha, M|
|poke|p1|Talonflame, F|
|poke|p1|Noivern, F|
|poke|p2|Ferrothorn, M|
|poke|p2|Klefki, F|
|poke|p2|Necrozma-Dusk-Mane|
|poke|p2|Lucario, M|
|poke|p2|Zacian-*|
|poke|p2|Dialga|
|teampreview
|inactive|Battle timer is ON: inactive players will automatically lose when time's up. (requested by IamHrrimann)
|
|t:|1631082292
|start
|switch|p1a: Hawlucha|Hawlucha, M|100/100
|switch|p2a: Klefki|Klefki, F|100/100
|turn|1
|c|☆IamHrrimann|Glhf
|
|t:|1631082301
|move|p2a: Klefki|Reflect|p2a: Klefki
|-sidestart|p2: IamHrrimann|Reflect
|move|p1a: Hawlucha|Swords Dance|p1a: Hawlucha
|-boost|p1a: Hawlucha|atk|2
|
|upkeep
|turn|2
|
|t:|1631082308
|move|p2a: Klefki|Toxic|p1a: Hawlucha
|-status|p1a: Hawlucha|tox
|move|p1a: Hawlucha|Swords Dance|p1a: Hawlucha
|-boost|p1a: Hawlucha|atk|2
|
|-damage|p1a: Hawlucha|94/100 tox|[from] psn
|upkeep
|turn|3
|c|☆halo222|no
|
|t:|1631082327
|move|p2a: Klefki|Light Screen|p2a: Klefki
|-sidestart|p2: IamHrrimann|move: Light Screen
|move|p1a: Hawlucha|Flying Press|p2a: Klefki
|-resisted|p2a: Klefki
|-damage|p2a: Klefki|76/100
|
|-damage|p1a: Hawlucha|82/100 tox|[from] psn
|upkeep
|turn|4
|
|t:|1631082341
|switch|p2a: Ferrothorn|Ferrothorn, M, shiny|100/100
|-start|p1a: Hawlucha|Dynamax
|-heal|p1a: Hawlucha|82/100 tox|[silent]
|move|p1a: Hawlucha|Max Steelspike|p2a: Ferrothorn
|-resisted|p2a: Ferrothorn
|-damage|p2a: Ferrothorn|85/100
|-boost|p1a: Hawlucha|def|1
|
|-damage|p1a: Hawlucha|73/100 tox|[from] psn
|upkeep
|turn|5
|
|t:|1631082354
|move|p2a: Ferrothorn|Protect|p2a: Ferrothorn
|-singleturn|p2a: Ferrothorn|Protect
|move|p1a: Hawlucha|Max Knuckle|p2a: Ferrothorn
|-supereffective|p2a: Ferrothorn
|-zbroken|p2a: Ferrothorn
|-damage|p2a: Ferrothorn|69/100
|-boost|p1a: Hawlucha|atk|1
|
|-damage|p1a: Hawlucha|61/100 tox|[from] psn
|upkeep
|turn|6
|
|t:|1631082369
|move|p1a: Hawlucha|Max Knuckle|p2a: Ferrothorn
|-supereffective|p2a: Ferrothorn
|-damage|p2a: Ferrothorn|0 fnt
|-boost|p1a: Hawlucha|atk|1
|faint|p2a: Ferrothorn
|
|-damage|p1a: Hawlucha|46/100 tox|[from] psn
|-end|p1a: Hawlucha|Dynamax
|-heal|p1a: Hawlucha|46/100 tox|[silent]
|upkeep
|
|t:|1631082388
|switch|p2a: Zacian|Zacian-Crowned|100/100
|-ability|p2a: Zacian|Intrepid Sword|boost
|-boost|p2a: Zacian|atk|1
|turn|7
|
|t:|1631082397
|move|p2a: Zacian|Wild Charge|p1a: Hawlucha
|-supereffective|p1a: Hawlucha
|-damage|p1a: Hawlucha|0 fnt
|faint|p1a: Hawlucha
|-damage|p2a: Zacian|90/100|[from] Recoil
|
|upkeep
|
|t:|1631082404
|switch|p1a: Talonflame|Talonflame, F|100/100
|turn|8
|
|t:|1631082416
|move|p2a: Zacian|Wild Charge|p1a: Talonflame
|-supereffective|p1a: Talonflame
|-enditem|p1a: Talonflame|Focus Sash
|-damage|p1a: Talonflame|1/100
|-damage|p2a: Zacian|67/100|[from] Recoil
|move|p1a: Talonflame|Flare Blitz|p2a: Zacian
|-supereffective|p2a: Zacian
|-damage|p2a: Zacian|27/100
|-damage|p1a: Talonflame|0 fnt|[from] Recoil
|faint|p1a: Talonflame
|
|-sideend|p2: IamHrrimann|Reflect
|upkeep
|
|t:|1631082434
|switch|p1a: Pikachu|Pikachu-Kalos, M|100/100
|turn|9
|
|t:|1631082444
|move|p2a: Zacian|Close Combat|p1a: Pikachu
|-damage|p1a: Pikachu|0 fnt
|-unboost|p2a: Zacian|def|1
|-unboost|p2a: Zacian|spd|1
|faint|p1a: Pikachu
|
|upkeep
|
|t:|1631082453
|switch|p1a: Greninja|Greninja, M|100/100
|turn|10
|
|t:|1631082463
|move|p2a: Zacian|Wild Charge|p1a: Greninja
|-supereffective|p1a: Greninja
|-enditem|p1a: Greninja|Focus Sash
|-damage|p1a: Greninja|1/100
|-damage|p2a: Zacian|5/100|[from] Recoil
|move|p1a: Greninja|Scald|p2a: Zacian
|-damage|p2a: Zacian|0 fnt
|faint|p2a: Zacian
|-activate|p1a: Greninja|ability: Battle Bond
|detailschange|p1a: Greninja|Greninja-Ash, M
|
|-sideend|p2: IamHrrimann|move: Light Screen
|upkeep
|
|t:|1631082478
|switch|p2a: Klefki|Klefki, F|76/100
|turn|11
|
|t:|1631082483
|move|p2a: Klefki|Light Screen|p2a: Klefki
|-sidestart|p2: IamHrrimann|move: Light Screen
|move|p1a: Greninja|Scald|p2a: Klefki
|-damage|p2a: Klefki|47/100
|
|upkeep
|turn|12
|
|t:|1631082491
|move|p2a: Klefki|Reflect|p2a: Klefki
|-sidestart|p2: IamHrrimann|Reflect
|move|p1a: Greninja|Scald|p2a: Klefki
|-damage|p2a: Klefki|20/100
|-status|p2a: Klefki|brn
|
|-damage|p2a: Klefki|14/100 brn|[from] brn
|upkeep
|turn|13
|
|t:|1631082500
|move|p2a: Klefki|Toxic|p1a: Greninja
|-hint|Since gen 7, Dark is immune to Prankster moves.
|-immune|p1a: Greninja
|move|p1a: Greninja|Scald|p2a: Klefki
|-damage|p2a: Klefki|0 fnt
|faint|p2a: Klefki
|
|upkeep
|
|t:|1631082509
|switch|p2a: Lucario|Lucario, M, shiny|100/100
|turn|14
|
|t:|1631082518
|detailschange|p2a: Lucario|Lucario-Mega, M, shiny
|-mega|p2a: Lucario|Lucario|Lucarionite
|move|p2a: Lucario|Bullet Punch|p1a: Greninja
|-resisted|p1a: Greninja
|-crit|p1a: Greninja
|-damage|p1a: Greninja|0 fnt
|faint|p1a: Greninja
|
|upkeep
|
|t:|1631082531
|switch|p1a: Noivern|Noivern, F|100/100
|turn|15
|
|t:|1631082536
|move|p2a: Lucario|Meteor Mash|p1a: Noivern
|-damage|p1a: Noivern|10/100
|move|p1a: Noivern|Draco Meteor|p2a: Lucario
|-resisted|p2a: Lucario
|-damage|p2a: Lucario|39/100
|-unboost|p1a: Noivern|spa|2
|-damage|p1a: Noivern|0 fnt|[from] item: Life Orb
|faint|p1a: Noivern
|
|upkeep
|
|t:|1631082539
|switch|p1a: Goodra|Goodra, M|100/100
|turn|16
|inactive|halo222 has 120 seconds left.
|
|t:|1631082569
|move|p2a: Lucario|Close Combat|p1a: Goodra
|-damage|p1a: Goodra|12/100
|-unboost|p2a: Lucario|def|1
|-unboost|p2a: Lucario|spd|1
|-ability|p1a: Goodra|Gooey
|-unboost|p2a: Lucario|spe|1
|move|p1a: Goodra|Thunderbolt|p2a: Lucario
|-damage|p2a: Lucario|6/100
|
|-heal|p1a: Goodra|19/100|[from] item: Leftovers
|upkeep
|turn|17
|
|t:|1631082582
|move|p2a: Lucario|Bullet Punch|p1a: Goodra
|-damage|p1a: Goodra|0 fnt
|-ability|p1a: Goodra|Gooey
|-unboost|p2a: Lucario|spe|1
|faint|p1a: Goodra
|
|win|IamHrrimann
|raw|halo222's rating: 1317 &rarr; <strong>1307</strong><br />(-10 for losing)
|raw|IamHrrimann's rating: 1506 &rarr; <strong>1516</strong><br />(+10 for winning)
|l|☆halo222
