|j|☆trikingtri
|j|☆MiguelRRM
|t:|1645934146
|gametype|singles
|player|p1|trikingtri|169|1788
|player|p2|MiguelRRM|265|1674
|teamsize|p1|6
|teamsize|p2|6
|gen|8
|tier|[Gen 8] National Dex AG
|rated|
|rule|HP Percentage Mod: HP is shown in percentages
|rule|Endless Battle Clause: Forcing endless battles is banned
|clearpoke
|poke|p1|Rayquaza|
|poke|p1|Kyogre|
|poke|p1|Necrozma-Dusk-Mane|
|poke|p1|Zacian-*|
|poke|p1|Zygarde|
|poke|p1|Yveltal|
|poke|p2|Smeargle, M|
|poke|p2|Smeargle, M|
|poke|p2|Groudon|
|poke|p2|Rayquaza|
|poke|p2|Yveltal|
|poke|p2|Deoxys-Attack|
|teampreview
|inactive|Battle timer is ON: inactive players will automatically lose when time's up. (requested by trikingtri)
|
|t:|1645934168
|start
|switch|p1a: Zygarde|Zygarde|100/100
|switch|p2a: Deoxys|Deoxys-Attack|100/100
|-ability|p2a: Deoxys|Pressure
|turn|1
|
|t:|1645934174
|switch|p1a: Necrozma|Necrozma-Dusk-Mane|100/100
|move|p2a: Deoxys|Ice Beam|p1a: Necrozma
|-resisted|p1a: Necrozma
|-damage|p1a: Necrozma|81/100
|-damage|p2a: Deoxys|91/100|[from] item: Life Orb
|
|upkeep
|turn|2
|
|t:|1645934186
|move|p2a: Deoxys|Dark Pulse|p1a: Necrozma
|-supereffective|p1a: Necrozma
|-crit|p1a: Necrozma
|-damage|p1a: Necrozma|0 fnt
|faint|p1a: Necrozma
|-damage|p2a: Deoxys|81/100|[from] item: Life Orb
|
|upkeep
|
|t:|1645934195
|switch|p1a: Rayquaza|Rayquaza|100/100
|-ability|p1a: Rayquaza|Air Lock
|turn|3
|
|t:|1645934202
|switch|p2a: Groudon|Groudon|100/100
|detailschange|p2a: Groudon|Groudon-Primal
|-primal|p2a: Groudon
|-weather|DesolateLand|[from] ability: Desolate Land|[of] p2a: Groudon
|detailschange|p1a: Rayquaza|Rayquaza-Mega
|-mega|p1a: Rayquaza|Rayquaza|
|-weather|DeltaStream|[from] ability: Delta Stream|[of] p1a: Rayquaza
|move|p1a: Rayquaza|Extreme Speed|p2a: Groudon
|-damage|p2a: Groudon|70/100
|
|-weather|DeltaStream|[upkeep]
|upkeep
|turn|4
|
|t:|1645934209
|-weather|none
|switch|p1a: Zygarde|Zygarde|100/100
|move|p2a: Groudon|Eruption|p1a: Zygarde
|-resisted|p1a: Zygarde
|-damage|p1a: Zygarde|72/100
|
|upkeep
|turn|5
|
|t:|1645934215
|move|p1a: Zygarde|Glare|p2a: Groudon
|-status|p2a: Groudon|par
|cant|p2a: Groudon|par
|
|upkeep
|turn|6
|
|t:|1645934223
|switch|p2a: Smeargle|Smeargle, M|100/100
|move|p1a: Zygarde|Thousand Arrows|p2a: Smeargle
|-damage|p2a: Smeargle|44/100
|
|-heal|p2a: Smeargle|50/100|[from] item: Leftovers
|-ability|p2a: Smeargle|Moody|boost
|-boost|p2a: Smeargle|spa|2
|-unboost|p2a: Smeargle|atk|1
|upkeep
|turn|7
|
|t:|1645934229
|move|p2a: Smeargle|Substitute|p2a: Smeargle
|-start|p2a: Smeargle|Substitute
|-damage|p2a: Smeargle|26/100
|move|p1a: Zygarde|Thousand Arrows|p2a: Smeargle
|-end|p2a: Smeargle|Substitute
|
|-heal|p2a: Smeargle|32/100|[from] item: Leftovers
|-ability|p2a: Smeargle|Moody|boost
|-boost|p2a: Smeargle|def|2
|-unboost|p2a: Smeargle|atk|1
|upkeep
|turn|8
|
|t:|1645934234
|move|p2a: Smeargle|Baton Pass|p2a: Smeargle
|
|t:|1645934235
|switch|p2a: Yveltal|Yveltal|100/100|[from]move: Baton Pass
|-ability|p2a: Yveltal|Dark Aura
|move|p1a: Zygarde|Thousand Arrows|p2a: Yveltal
|-damage|p2a: Yveltal|89/100
|-start|p2a: Yveltal|Smack Down
|
|-heal|p2a: Yveltal|95/100|[from] item: Leftovers
|upkeep
|turn|9
|
|t:|1645934256
|-start|p2a: Yveltal|Dynamax
|-heal|p2a: Yveltal|95/100|[silent]
|move|p2a: Yveltal|Max Airstream|p1a: Zygarde
|-damage|p1a: Zygarde|0 fnt
|-boost|p2a: Yveltal|spe|1
|faint|p1a: Zygarde
|
|-heal|p2a: Yveltal|98/100|[from] item: Leftovers
|upkeep
|
|t:|1645934267
|switch|p1a: Yveltal|Yveltal|100/100
|-ability|p1a: Yveltal|Dark Aura
|turn|10
|
|t:|1645934273
|move|p2a: Yveltal|Max Darkness|p1a: Yveltal
|-resisted|p1a: Yveltal
|-damage|p1a: Yveltal|46/100
|-unboost|p1a: Yveltal|spd|1
|move|p1a: Yveltal|Snarl|p2a: Yveltal
|-resisted|p2a: Yveltal
|-damage|p2a: Yveltal|92/100
|-unboost|p2a: Yveltal|spa|1
|
|-heal|p2a: Yveltal|95/100|[from] item: Leftovers
|upkeep
|turn|11
|
|t:|1645934283
|switch|p1a: Zacian|Zacian-Crowned|100/100
|-ability|p1a: Zacian|Intrepid Sword|boost
|-boost|p1a: Zacian|atk|1
|move|p2a: Yveltal|Max Airstream|p1a: Zacian
|-resisted|p1a: Zacian
|-damage|p1a: Zacian|45/100
|-boost|p2a: Yveltal|spe|1
|
|-heal|p2a: Yveltal|99/100|[from] item: Leftovers
|-end|p2a: Yveltal|Dynamax
|-heal|p2a: Yveltal|99/100|[silent]
|upkeep
|turn|12
|
|t:|1645934290
|move|p2a: Yveltal|Dark Pulse|p1a: Zacian
|-resisted|p1a: Zacian
|-damage|p1a: Zacian|0 fnt
|faint|p1a: Zacian
|
|-heal|p2a: Yveltal|100/100|[from] item: Leftovers
|upkeep
|
|t:|1645934298
|switch|p1a: Kyogre|Kyogre|100/100
|detailschange|p1a: Kyogre|Kyogre-Primal
|-primal|p1a: Kyogre
|-weather|PrimordialSea|[from] ability: Primordial Sea|[of] p1a: Kyogre
|turn|13
|
|t:|1645934301
|move|p2a: Yveltal|Dark Pulse|p1a: Kyogre
|-damage|p1a: Kyogre|40/100
|cant|p1a: Kyogre|flinch
|
|-weather|PrimordialSea|[upkeep]
|upkeep
|turn|14
|
|t:|1645934306
|move|p2a: Yveltal|Dark Pulse|p1a: Kyogre
|-damage|p1a: Kyogre|0 fnt
|faint|p1a: Kyogre
|-weather|none
|
|upkeep
|
|t:|1645934313
|switch|p1a: Rayquaza|Rayquaza-Mega|100/100
|-weather|DeltaStream|[from] ability: Delta Stream|[of] p1a: Rayquaza
|turn|15
|
|t:|1645934318
|move|p2a: Yveltal|Substitute|p2a: Yveltal
|-start|p2a: Yveltal|Substitute
|-damage|p2a: Yveltal|76/100
|move|p1a: Rayquaza|Dragon Ascent|p2a: Yveltal
|-end|p2a: Yveltal|Substitute
|-unboost|p1a: Rayquaza|def|1
|-unboost|p1a: Rayquaza|spd|1
|
|-weather|DeltaStream|[upkeep]
|-heal|p2a: Yveltal|82/100|[from] item: Leftovers
|upkeep
|turn|16
|c|☆trikingtri|Lucky fuck
|-message|trikingtri forfeited.
|
|win|MiguelRRM
|raw|trikingtri's rating: 1788 &rarr; <strong>1761</strong><br />(-27 for losing)
|raw|MiguelRRM's rating: 1667 &rarr; <strong>1694</strong><br />(+27 for winning)
