|j|☆KumalalaSarvesta
|j|☆SpookyMareep
|t:|1656540955
|gametype|singles
|player|p1|KumalalaSarvesta|cynthia|1384
|player|p2|SpookyMareep|rocketgruntf|1529
|teamsize|p1|6
|teamsize|p2|6
|gen|8
|tier|[Gen 8] National Dex AG
|rated|
|rule|HP Percentage Mod: HP is shown in percentages
|rule|Endless Battle Clause: Forcing endless battles is banned
|clearpoke
|poke|p1|Excadrill, M|
|poke|p1|Gliscor, M|
|poke|p1|Yveltal|
|poke|p1|Charizard, M|
|poke|p1|Pheromosa|
|poke|p1|Toxapex, F|
|poke|p2|Ditto|
|poke|p2|Marshadow|
|poke|p2|Toxapex, F|
|poke|p2|Shedinja|
|poke|p2|Quagsire, M|
|poke|p2|Landorus-Therian, M|
|teampreview
|
|t:|1656540961
|start
|switch|p1a: Excadrill|Excadrill, M, shiny|100/100
|switch|p2a: Yakuza|Toxapex, F|100/100
|-ability|p1a: Excadrill|Mold Breaker
|turn|1
|
|t:|1656540966
|move|p1a: Excadrill|Stealth Rock|p2a: Yakuza
|-sidestart|p2: SpookyMareep|move: Stealth Rock
|move|p2a: Yakuza|Scald|p1a: Excadrill
|-supereffective|p1a: Excadrill
|-damage|p1a: Excadrill|59/100
|-status|p1a: Excadrill|brn
|
|-damage|p1a: Excadrill|53/100 brn|[from] brn
|upkeep
|turn|2
|
|t:|1656540969
|switch|p2a: NO FUN ALLOWED|Landorus-Therian, M|100/100
|-ability|p2a: NO FUN ALLOWED|Intimidate|boost
|-unboost|p1a: Excadrill|atk|1
|move|p1a: Excadrill|Earthquake|p2a: NO FUN ALLOWED
|-immune|p2a: NO FUN ALLOWED
|
|-damage|p1a: Excadrill|47/100 brn|[from] brn
|upkeep
|turn|3
|
|t:|1656540980
|move|p2a: NO FUN ALLOWED|Defog|p1a: Excadrill
|-unboost|p1a: Excadrill|evasion|1
|-sideend|p2: SpookyMareep|Stealth Rock|[from] move: Defog|[of] p2a: NO FUN ALLOWED
|move|p1a: Excadrill|Rapid Spin|p2a: NO FUN ALLOWED
|-damage|p2a: NO FUN ALLOWED|92/100
|-boost|p1a: Excadrill|spe|1
|
|-damage|p1a: Excadrill|41/100 brn|[from] brn
|upkeep
|turn|4
|
|t:|1656540983
|move|p1a: Excadrill|Stealth Rock|p2a: NO FUN ALLOWED
|-sidestart|p2: SpookyMareep|move: Stealth Rock
|move|p2a: NO FUN ALLOWED|Defog|p1a: Excadrill
|-unboost|p1a: Excadrill|evasion|1
|-sideend|p2: SpookyMareep|Stealth Rock|[from] move: Defog|[of] p2a: NO FUN ALLOWED
|
|-damage|p1a: Excadrill|35/100 brn|[from] brn
|upkeep
|turn|5
|
|t:|1656540985
|move|p1a: Excadrill|Stealth Rock|p2a: NO FUN ALLOWED
|-sidestart|p2: SpookyMareep|move: Stealth Rock
|move|p2a: NO FUN ALLOWED|Defog|p1a: Excadrill
|-unboost|p1a: Excadrill|evasion|1
|-sideend|p2: SpookyMareep|Stealth Rock|[from] move: Defog|[of] p2a: NO FUN ALLOWED
|
|-damage|p1a: Excadrill|28/100 brn|[from] brn
|upkeep
|turn|6
|
|t:|1656540987
|move|p1a: Excadrill|Iron Head|p2a: NO FUN ALLOWED
|-damage|p2a: NO FUN ALLOWED|74/100
|move|p2a: NO FUN ALLOWED|Defog|p1a: Excadrill
|-unboost|p1a: Excadrill|evasion|1
|
|-damage|p1a: Excadrill|22/100 brn|[from] brn
|upkeep
|turn|7
|
|t:|1656540990
|move|p1a: Excadrill|Stealth Rock|p2a: NO FUN ALLOWED
|-sidestart|p2: SpookyMareep|move: Stealth Rock
|move|p2a: NO FUN ALLOWED|Defog|p1a: Excadrill
|-unboost|p1a: Excadrill|evasion|1
|-sideend|p2: SpookyMareep|Stealth Rock|[from] move: Defog|[of] p2a: NO FUN ALLOWED
|
|-damage|p1a: Excadrill|16/100 brn|[from] brn
|upkeep
|turn|8
|
|t:|1656540992
|move|p1a: Excadrill|Iron Head|p2a: NO FUN ALLOWED
|-damage|p2a: NO FUN ALLOWED|56/100
|move|p2a: NO FUN ALLOWED|Defog|p1a: Excadrill
|-unboost|p1a: Excadrill|evasion|1
|
|-damage|p1a: Excadrill|10/100 brn|[from] brn
|upkeep
|turn|9
|
|t:|1656540994
|switch|p1a: Pheromosa|Pheromosa, shiny|100/100
|move|p2a: NO FUN ALLOWED|Defog|p1a: Pheromosa
|-unboost|p1a: Pheromosa|evasion|1
|
|upkeep
|turn|10
|
|t:|1656540998
|switch|p2a: Yakuza|Toxapex, F|100/100
|move|p1a: Pheromosa|Ice Beam|p2a: Yakuza
|-resisted|p2a: Yakuza
|-damage|p2a: Yakuza|86/100
|-damage|p1a: Pheromosa|91/100|[from] item: Life Orb
|
|upkeep
|turn|11
|
|t:|1656541001
|move|p1a: Pheromosa|U-turn|p2a: Yakuza
|-resisted|p2a: Yakuza
|-damage|p2a: Yakuza|70/100
|-damage|p1a: Pheromosa|74/100|[from] item: Rocky Helmet|[of] p2a: Yakuza
|-damage|p1a: Pheromosa|64/100|[from] item: Life Orb
|
|t:|1656541002
|switch|p1a: Sandglide|Gliscor, M, shiny|100/100|[from]move: U-turn
|move|p2a: Yakuza|Toxic Spikes|p1a: Sandglide
|-sidestart|p1: KumalalaSarvesta|move: Toxic Spikes
|
|-status|p1a: Sandglide|tox|[from] item: Toxic Orb
|upkeep
|turn|12
|
|t:|1656541005
|switch|p1a: Excadrill|Excadrill, M, shiny|10/100 brn
|-ability|p1a: Excadrill|Mold Breaker
|move|p2a: Yakuza|Scald|p1a: Excadrill
|-supereffective|p1a: Excadrill
|-damage|p1a: Excadrill|0 fnt
|faint|p1a: Excadrill
|
|upkeep
|
|t:|1656541007
|switch|p1a: Toxapex|Toxapex, F, shiny|100/100
|-sideend|p1: KumalalaSarvesta|move: Toxic Spikes|[of] p1a: Toxapex
|turn|13
|
|t:|1656541009
|switch|p1a: Yveltal|Yveltal, shiny|100/100
|-ability|p1a: Yveltal|Dark Aura
|move|p2a: Yakuza|Toxic Spikes|p1a: Yveltal
|-sidestart|p1: KumalalaSarvesta|move: Toxic Spikes
|
|upkeep
|turn|14
|
|t:|1656541011
|move|p1a: Yveltal|Taunt|p2a: Yakuza
|-start|p2a: Yakuza|move: Taunt
|cant|p2a: Yakuza|move: Taunt|Toxic
|
|upkeep
|turn|15
|
|t:|1656541017
|switch|p2a: NO FUN ALLOWED|Landorus-Therian, M|56/100
|-ability|p2a: NO FUN ALLOWED|Intimidate|boost
|-unboost|p1a: Yveltal|atk|1
|move|p1a: Yveltal|Oblivion Wing|p2a: NO FUN ALLOWED
|-damage|p2a: NO FUN ALLOWED|0 fnt
|faint|p2a: NO FUN ALLOWED
|-damage|p1a: Yveltal|91/100|[from] item: Life Orb
|
|upkeep
|
|t:|1656541020
|switch|p2a: Zacian is bad|Ditto|100/100
|-transform|p2a: Zacian is bad|p1a: Yveltal|[from] ability: Imposter
|-ability|p2a: Zacian is bad|Dark Aura
|turn|16
|
|t:|1656541023
|switch|p1a: Toxapex|Toxapex, F, shiny|100/100
|-sideend|p1: KumalalaSarvesta|move: Toxic Spikes|[of] p1a: Toxapex
|move|p2a: Zacian is bad|Oblivion Wing|p1a: Toxapex
|-damage|p1a: Toxapex|69/100
|
|-status|p1a: Toxapex|brn|[from] item: Flame Orb
|upkeep
|turn|17
|
|t:|1656541032
|switch|p2a: Yakuza|Toxapex, F|100/100
|move|p1a: Toxapex|Toxic|p2a: Yakuza
|-immune|p2a: Yakuza
|
|-damage|p1a: Toxapex|62/100 brn|[from] brn
|upkeep
|turn|18
|inactive|Battle timer is ON: inactive players will automatically lose when time's up. (requested by KumalalaSarvesta)
|
|t:|1656541046
|switch|p1a: Sandglide|Gliscor, M, shiny|100/100 tox
|move|p2a: Yakuza|Toxic|p1a: Sandglide
|-fail|p1a: Sandglide|tox
|
|upkeep
|turn|19
|
|t:|1656541049
|move|p1a: Sandglide|Earthquake|p2a: Yakuza
|-supereffective|p2a: Yakuza
|-damage|p2a: Yakuza|58/100
|move|p2a: Yakuza|Scald|p1a: Sandglide
|-supereffective|p1a: Sandglide
|-damage|p1a: Sandglide|67/100 tox
|
|-heal|p1a: Sandglide|79/100 tox|[from] ability: Poison Heal
|upkeep
|turn|20
|
|t:|1656541051
|move|p1a: Sandglide|Earthquake|p2a: Yakuza
|-supereffective|p2a: Yakuza
|-damage|p2a: Yakuza|15/100
|move|p2a: Yakuza|Recover|p2a: Yakuza
|-heal|p2a: Yakuza|65/100
|
|-heal|p1a: Sandglide|91/100 tox|[from] ability: Poison Heal
|upkeep
|turn|21
|
|t:|1656541054
|switch|p2a: Yakuza.|Shedinja|100/100
|move|p1a: Sandglide|Earthquake|p2a: Yakuza.
|-immune|p2a: Yakuza.|[from] ability: Wonder Guard
|
|-heal|p1a: Sandglide|100/100 tox|[from] ability: Poison Heal
|upkeep
|turn|22
|
|t:|1656541057
|switch|p2a: Yakuza|Toxapex, F|98/100
|move|p1a: Sandglide|Toxic|p2a: Yakuza
|-immune|p2a: Yakuza
|
|upkeep
|turn|23
|
|t:|1656541059
|move|p1a: Sandglide|Earthquake|p2a: Yakuza
|-supereffective|p2a: Yakuza
|-damage|p2a: Yakuza|58/100
|move|p2a: Yakuza|Toxic Spikes|p1a: Sandglide
|-sidestart|p1: KumalalaSarvesta|move: Toxic Spikes
|
|upkeep
|turn|24
|
|t:|1656541062
|switch|p2a: Zacian is bad|Ditto|100/100
|-transform|p2a: Zacian is bad|p1a: Sandglide|[from] ability: Imposter
|move|p1a: Sandglide|Earthquake|p2a: Zacian is bad
|-immune|p2a: Zacian is bad
|
|upkeep
|turn|25
|
|t:|1656541066
|switch|p2a: Yakuza|Toxapex, F|91/100
|move|p1a: Sandglide|Toxic|p2a: Yakuza|[miss]
|-miss|p1a: Sandglide|p2a: Yakuza
|
|upkeep
|turn|26
|
|t:|1656541069
|switch|p2a: Zacian is bad|Ditto|100/100
|-transform|p2a: Zacian is bad|p1a: Sandglide|[from] ability: Imposter
|move|p1a: Sandglide|Earthquake|p2a: Zacian is bad
|-immune|p2a: Zacian is bad
|
|upkeep
|turn|27
|
|t:|1656541071
|switch|p2a: Yakuza|Toxapex, F|100/100
|move|p1a: Sandglide|Toxic|p2a: Yakuza
|-immune|p2a: Yakuza
|
|upkeep
|turn|28
|
|t:|1656541076
|move|p1a: Sandglide|Earthquake|p2a: Yakuza
|-supereffective|p2a: Yakuza
|-damage|p2a: Yakuza|63/100
|move|p2a: Yakuza|Toxic|p1a: Sandglide
|-fail|p1a: Sandglide|tox
|
|upkeep
|turn|29
|
|t:|1656541078
|move|p1a: Sandglide|Earthquake|p2a: Yakuza
|-supereffective|p2a: Yakuza
|-damage|p2a: Yakuza|19/100
|move|p2a: Yakuza|Recover|p2a: Yakuza
|-heal|p2a: Yakuza|69/100
|
|upkeep
|turn|30
|
|t:|1656541082
|move|p1a: Sandglide|Earthquake|p2a: Yakuza
|-supereffective|p2a: Yakuza
|-damage|p2a: Yakuza|27/100
|move|p2a: Yakuza|Recover|p2a: Yakuza
|-heal|p2a: Yakuza|77/100
|
|upkeep
|turn|31
|
|t:|1656541085
|switch|p1a: Yveltal|Yveltal, shiny|91/100
|-ability|p1a: Yveltal|Dark Aura
|switch|p2a: Yakuza.|Shedinja|100/100
|
|upkeep
|turn|32
|
|t:|1656541097
|move|p1a: Yveltal|Taunt|p2a: Yakuza.
|-start|p2a: Yakuza.|move: Taunt
|cant|p2a: Yakuza.|move: Taunt|Toxic
|
|upkeep
|turn|33
|
|t:|1656541099
|switch|p2a: Yakuza|Toxapex, F|100/100
|move|p1a: Yveltal|Oblivion Wing|p2a: Yakuza
|-damage|p2a: Yakuza|52/100
|-heal|p1a: Yveltal|100/100|[from] drain|[of] p2a: Yakuza
|-damage|p1a: Yveltal|91/100|[from] item: Life Orb
|
|upkeep
|turn|34
|
|t:|1656541102
|move|p1a: Yveltal|Taunt|p2a: Yakuza
|-start|p2a: Yakuza|move: Taunt
|cant|p2a: Yakuza|move: Taunt|Recover
|
|upkeep
|turn|35
|
|t:|1656541103
|move|p1a: Yveltal|Oblivion Wing|p2a: Yakuza
|-damage|p2a: Yakuza|0 fnt
|-heal|p1a: Yveltal|100/100|[from] drain|[of] p2a: Yakuza
|faint|p2a: Yakuza
|-damage|p1a: Yveltal|91/100|[from] item: Life Orb
|
|upkeep
|
|t:|1656541106
|switch|p2a: Broken|Marshadow|100/100
|turn|36
|
|t:|1656541110
|switch|p1a: Toxapex|Toxapex, F, shiny|96/100 brn
|-sideend|p1: KumalalaSarvesta|move: Toxic Spikes|[of] p1a: Toxapex
|move|p2a: Broken|Ice Punch|p1a: Toxapex
|-resisted|p1a: Toxapex
|-damage|p1a: Toxapex|86/100 brn
|
|-damage|p1a: Toxapex|80/100 brn|[from] brn
|upkeep
|turn|37
|
|t:|1656541119
|switch|p2a: Zacian is bad|Ditto|100/100
|-transform|p2a: Zacian is bad|p1a: Toxapex|[from] ability: Imposter
|move|p1a: Toxapex|Scald|p2a: Zacian is bad
|-resisted|p2a: Zacian is bad
|-damage|p2a: Zacian is bad|93/100
|-status|p2a: Zacian is bad|brn
|
|-damage|p2a: Zacian is bad|87/100 brn|[from] brn
|-damage|p1a: Toxapex|74/100 brn|[from] brn
|upkeep
|turn|38
|
|t:|1656541125
|switch|p2a: Broken|Marshadow|100/100
|switch|p1a: Sandglide|Gliscor, M, shiny|100/100 tox
|
|upkeep
|turn|39
|
|t:|1656541128
|move|p2a: Broken|Ice Punch|p1a: Sandglide
|-supereffective|p1a: Sandglide
|-damage|p1a: Sandglide|29/100 tox
|move|p1a: Sandglide|Toxic|p2a: Broken
|-status|p2a: Broken|tox
|
|-damage|p2a: Broken|94/100 tox|[from] psn
|-heal|p1a: Sandglide|42/100 tox|[from] ability: Poison Heal
|upkeep
|turn|40
|
|t:|1656541131
|switch|p1a: Toxapex|Toxapex, F, shiny|100/100 brn
|move|p2a: Broken|Spectral Thief|p1a: Toxapex
|-damage|p1a: Toxapex|71/100 brn
|
|-damage|p2a: Broken|82/100 tox|[from] psn
|-damage|p1a: Toxapex|64/100 brn|[from] brn
|upkeep
|turn|41
|
|t:|1656541134
|switch|p2a: Zacian is bad|Ditto|100/100 brn
|-transform|p2a: Zacian is bad|p1a: Toxapex|[from] ability: Imposter
|move|p1a: Toxapex|Recover|p1a: Toxapex
|-heal|p1a: Toxapex|100/100 brn
|
|-damage|p2a: Zacian is bad|95/100 brn|[from] brn
|-damage|p1a: Toxapex|94/100 brn|[from] brn
|upkeep
|turn|42
|
|t:|1656541136
|switch|p2a: :)|Quagsire, M|100/100
|switch|p1a: Sandglide|Gliscor, M, shiny|42/100 tox
|
|-heal|p1a: Sandglide|54/100 tox|[from] ability: Poison Heal
|upkeep
|turn|43
|
|t:|1656541139
|-start|p2a: :)|Dynamax|
|-heal|p2a: :)|100/100|[silent]
|move|p1a: Sandglide|Roost|p1a: Sandglide
|-heal|p1a: Sandglide|100/100 tox
|-singleturn|p1a: Sandglide|move: Roost
|move|p2a: :)|Max Geyser|p1a: Sandglide
|-supereffective|p1a: Sandglide
|-damage|p1a: Sandglide|36/100 tox
|-weather|RainDance
|
|-weather|RainDance|[upkeep]
|-heal|p1a: Sandglide|49/100 tox|[from] ability: Poison Heal
|upkeep
|turn|44
|
|t:|1656541141
|move|p1a: Sandglide|Toxic|p2a: :)
|-status|p2a: :)|tox
|move|p2a: :)|Max Geyser|p1a: Sandglide
|-supereffective|p1a: Sandglide
|-damage|p1a: Sandglide|0 fnt
|faint|p1a: Sandglide
|
|-weather|RainDance|[upkeep]
|-damage|p2a: :)|97/100 tox|[from] psn
|upkeep
|
|t:|1656541145
|switch|p1a: Pheromosa|Pheromosa, shiny|64/100
|turn|45
|
|t:|1656541149
|move|p1a: Pheromosa|U-turn|p2a: :)
|-damage|p2a: :)|80/100 tox
|-damage|p1a: Pheromosa|47/100|[from] item: Rocky Helmet|[of] p2a: :)
|-damage|p1a: Pheromosa|38/100|[from] item: Life Orb
|
|t:|1656541150
|switch|p1a: Toxapex|Toxapex, F, shiny|100/100 brn|[from]move: U-turn
|move|p2a: :)|Max Quake|p1a: Toxapex
|-supereffective|p1a: Toxapex
|-damage|p1a: Toxapex|49/100 brn
|-boost|p2a: :)|spd|1
|
|-weather|RainDance|[upkeep]
|-damage|p2a: :)|74/100 tox|[from] psn
|-damage|p1a: Toxapex|42/100 brn|[from] brn
|upkeep
|-end|p2a: :)|Dynamax
|-heal|p2a: :)|74/100 tox|[silent]
|turn|46
|
|t:|1656541154
|move|p1a: Toxapex|Recover|p1a: Toxapex
|-heal|p1a: Toxapex|92/100 brn
|move|p2a: :)|Earthquake|p1a: Toxapex
|-supereffective|p1a: Toxapex
|-damage|p1a: Toxapex|45/100 brn
|
|-weather|RainDance|[upkeep]
|-damage|p2a: :)|56/100 tox|[from] psn
|-damage|p1a: Toxapex|39/100 brn|[from] brn
|upkeep
|turn|47
|
|t:|1656541156
|move|p1a: Toxapex|Recover|p1a: Toxapex
|-heal|p1a: Toxapex|89/100 brn
|move|p2a: :)|Recover|p2a: :)
|-heal|p2a: :)|100/100 tox
|
|-weather|none
|-damage|p2a: :)|76/100 tox|[from] psn
|-damage|p1a: Toxapex|82/100 brn|[from] brn
|upkeep
|turn|48
|
|t:|1656541159
|switch|p1a: Pheromosa|Pheromosa, shiny|38/100
|switch|p2a: Zacian is bad|Ditto|100/100 brn
|-transform|p2a: Zacian is bad|p1a: Pheromosa|[from] ability: Imposter
|
|-damage|p2a: Zacian is bad|95/100 brn|[from] brn
|upkeep
|turn|49
|
|t:|1656541163
|switch|p1a: Toxapex|Toxapex, F, shiny|100/100 brn
|move|p2a: Zacian is bad|High Jump Kick|p1a: Toxapex
|-resisted|p1a: Toxapex
|-damage|p1a: Toxapex|87/100 brn
|
|-damage|p2a: Zacian is bad|89/100 brn|[from] brn
|-damage|p1a: Toxapex|81/100 brn|[from] brn
|upkeep
|turn|50
|
|t:|1656541166
|switch|p2a: :)|Quagsire, M|76/100 tox
|move|p1a: Toxapex|Scald|p2a: :)
|-damage|p2a: :)|55/100 tox
|
|-damage|p2a: :)|49/100 tox|[from] psn
|-damage|p1a: Toxapex|75/100 brn|[from] brn
|upkeep
|turn|51
|
|t:|1656541168
|move|p1a: Toxapex|Recover|p1a: Toxapex
|-heal|p1a: Toxapex|100/100 brn
|move|p2a: :)|Recover|p2a: :)
|-heal|p2a: :)|99/100 tox
|
|-damage|p2a: :)|87/100 tox|[from] psn
|-damage|p1a: Toxapex|94/100 brn|[from] brn
|upkeep
|turn|52
|
|t:|1656541172
|switch|p2a: Zacian is bad|Ditto|89/100 brn
|-transform|p2a: Zacian is bad|p1a: Toxapex|[from] ability: Imposter
|move|p1a: Toxapex|Scald|p2a: Zacian is bad
|-resisted|p2a: Zacian is bad
|-damage|p2a: Zacian is bad|81/100 brn
|
|-damage|p2a: Zacian is bad|75/100 brn|[from] brn
|-damage|p1a: Toxapex|88/100 brn|[from] brn
|upkeep
|turn|53
|
|t:|1656541178
|switch|p1a: Yveltal|Yveltal, shiny|91/100
|-ability|p1a: Yveltal|Dark Aura
|move|p2a: Zacian is bad|Recover|p2a: Zacian is bad
|-heal|p2a: Zacian is bad|100/100 brn
|
|-damage|p2a: Zacian is bad|95/100 brn|[from] brn
|upkeep
|turn|54
|
|t:|1656541184
|switch|p2a: :)|Quagsire, M|87/100 tox
|move|p1a: Yveltal|Oblivion Wing|p2a: :)
|-damage|p2a: :)|14/100 tox
|-heal|p1a: Yveltal|100/100|[from] drain|[of] p2a: :)
|-damage|p1a: Yveltal|91/100|[from] item: Life Orb
|
|-damage|p2a: :)|8/100 tox|[from] psn
|upkeep
|turn|55
|
|t:|1656541188
|move|p1a: Yveltal|Oblivion Wing|p2a: :)
|-damage|p2a: :)|0 fnt
|-heal|p1a: Yveltal|96/100|[from] drain|[of] p2a: :)
|faint|p2a: :)
|-damage|p1a: Yveltal|86/100|[from] item: Life Orb
|
|upkeep
|-message|SpookyMareep forfeited.
|
|win|KumalalaSarvesta
|raw|KumalalaSarvesta's rating: 1384 &rarr; <strong>1413</strong><br />(+29 for winning)
|raw|SpookyMareep's rating: 1543 &rarr; <strong>1514</strong><br />(-29 for losing)
|l|☆SpookyMareep
