|j|☆Sheeplol
|j|☆RUiNtheExtinct
|t:|1641182566
|gametype|singles
|player|p1|Sheeplol|hugh|1530
|player|p2|RUiNtheExtinct|red-gen7|1746
|teamsize|p1|6
|teamsize|p2|6
|gen|8
|tier|[Gen 8] National Dex AG
|rated|
|rule|HP Percentage Mod: HP is shown in percentages
|rule|Endless Battle Clause: Forcing endless battles is banned
|clearpoke
|poke|p1|Ditto|
|poke|p1|Calyrex-Shadow|
|poke|p1|Yveltal|
|poke|p1|Rayquaza|
|poke|p1|Necrozma-Dusk-Mane|
|poke|p1|Chansey, F|
|poke|p2|Whimsicott, F|
|poke|p2|Ditto|
|poke|p2|Yveltal|
|poke|p2|Necrozma-Dusk-Mane|
|poke|p2|Xerneas-*|
|poke|p2|Groudon|
|teampreview
|
|t:|1641182572
|start
|switch|p1a: Necrozma|Necrozma-Dusk-Mane|100/100
|switch|p2a: Whimsicott|Whimsicott, F|100/100
|turn|1
|inactive|Battle timer is ON: inactive players will automatically lose when time's up. (requested by RUiNtheExtinct)
|
|t:|1641182583
|switch|p2a: Groudon|Groudon|100/100
|detailschange|p2a: Groudon|Groudon-Primal
|-primal|p2a: Groudon
|-weather|DesolateLand|[from] ability: Desolate Land|[of] p2a: Groudon
|move|p1a: Necrozma|Sunsteel Strike|p2a: Groudon
|-resisted|p2a: Groudon
|-damage|p2a: Groudon|85/100
|
|-weather|DesolateLand|[upkeep]
|upkeep
|turn|2
|
|t:|1641182593
|switch|p1a: Yveltal|Yveltal|100/100
|-ability|p1a: Yveltal|Dark Aura
|move|p2a: Groudon|Precipice Blades|p1a: Yveltal
|-immune|p1a: Yveltal
|
|-weather|DesolateLand|[upkeep]
|upkeep
|turn|3
|
|t:|1641182600
|-start|p1a: Yveltal|Dynamax
|-heal|p1a: Yveltal|100/100|[silent]
|move|p1a: Yveltal|Max Airstream|p2a: Groudon
|-damage|p2a: Groudon|5/100
|-boost|p1a: Yveltal|spe|1
|-damage|p1a: Yveltal|96/100|[from] item: Life Orb
|move|p2a: Groudon|Heat Crash||[still]
|-fail|p2a: Groudon|Dynamax
|
|-weather|DesolateLand|[upkeep]
|upkeep
|turn|4
|c|☆Sheeplol|lmfao
|c|☆RUiNtheExtinct|f
|
|t:|1641182622
|move|p1a: Yveltal|Max Airstream|p2a: Groudon
|-damage|p2a: Groudon|0 fnt
|-boost|p1a: Yveltal|spe|1
|faint|p2a: Groudon
|-weather|none
|-damage|p1a: Yveltal|91/100|[from] item: Life Orb
|
|upkeep
|
|t:|1641182629
|switch|p2a: Xerneas|Xerneas|100/100
|-ability|p2a: Xerneas|Fairy Aura
|turn|5
|
|t:|1641182633
|move|p1a: Yveltal|Max Airstream|p2a: Xerneas
|-damage|p2a: Xerneas|38/100
|-boost|p1a: Yveltal|spe|1
|-damage|p1a: Yveltal|86/100|[from] item: Life Orb
|move|p2a: Xerneas|Moonblast|p1a: Yveltal
|-supereffective|p1a: Yveltal
|-damage|p1a: Yveltal|22/100
|
|-end|p1a: Yveltal|Dynamax
|-heal|p1a: Yveltal|22/100|[silent]
|upkeep
|turn|6
|
|t:|1641182645
|move|p1a: Yveltal|Oblivion Wing|p2a: Xerneas
|-damage|p2a: Xerneas|0 fnt
|-heal|p1a: Yveltal|55/100|[from] drain|[of] p2a: Xerneas
|faint|p2a: Xerneas
|-damage|p1a: Yveltal|45/100|[from] item: Life Orb
|
|upkeep
|
|t:|1641182654
|switch|p2a: Whimsicott|Whimsicott, F|100/100
|turn|7
|
|t:|1641182665
|switch|p2a: Yveltal|Yveltal|100/100
|-ability|p2a: Yveltal|Dark Aura
|move|p1a: Yveltal|Oblivion Wing|p2a: Yveltal
|-damage|p2a: Yveltal|50/100
|-heal|p1a: Yveltal|83/100|[from] drain|[of] p2a: Yveltal
|-damage|p1a: Yveltal|73/100|[from] item: Life Orb
|
|upkeep
|turn|8
|
|t:|1641182675
|-start|p2a: Yveltal|Dynamax
|-heal|p2a: Yveltal|50/100|[silent]
|move|p1a: Yveltal|Oblivion Wing|p2a: Yveltal
|-damage|p2a: Yveltal|27/100
|-heal|p1a: Yveltal|100/100|[from] drain|[of] p2a: Yveltal
|-damage|p1a: Yveltal|91/100|[from] item: Life Orb
|move|p2a: Yveltal|Max Airstream|p1a: Yveltal
|-damage|p1a: Yveltal|13/100
|-boost|p2a: Yveltal|spe|1
|-damage|p2a: Yveltal|22/100|[from] item: Life Orb
|
|upkeep
|turn|9
|c|☆RUiNtheExtinct|i didn't think this though
|
|t:|1641182692
|move|p1a: Yveltal|Oblivion Wing|p2a: Yveltal
|-damage|p2a: Yveltal|0 fnt
|-heal|p1a: Yveltal|46/100|[from] drain|[of] p2a: Yveltal
|faint|p2a: Yveltal
|-damage|p1a: Yveltal|36/100|[from] item: Life Orb
|
|upkeep
|
|t:|1641182702
|switch|p2a: Ditto|Ditto|100/100
|-transform|p2a: Ditto|p1a: Yveltal|[from] ability: Imposter
|-ability|p2a: Ditto|Dark Aura
|turn|10
|c|☆RUiNtheExtinct|this is gg
|
|t:|1641182709
|move|p2a: Ditto|Oblivion Wing|p1a: Yveltal
|-damage|p1a: Yveltal|0 fnt
|faint|p1a: Yveltal
|
|upkeep
|
|t:|1641182721
|switch|p1a: Necrozma|Necrozma-Dusk-Mane|100/100
|turn|11
|
|t:|1641182725
|switch|p2a: Necrozma|Necrozma-Dusk-Mane|100/100
|move|p1a: Necrozma|Sunsteel Strike|p2a: Necrozma
|-resisted|p2a: Necrozma
|-damage|p2a: Necrozma|83/100
|-damage|p1a: Necrozma|84/100|[from] item: Rocky Helmet|[of] p2a: Necrozma
|
|-heal|p1a: Necrozma|90/100|[from] item: Leftovers
|upkeep
|turn|12
|
|t:|1641182734
|move|p2a: Necrozma|Sunsteel Strike|p1a: Necrozma
|-resisted|p1a: Necrozma
|-damage|p1a: Necrozma|72/100
|move|p1a: Necrozma|Stealth Rock|p2a: Necrozma
|-sidestart|p2: RUiNtheExtinct|move: Stealth Rock
|
|-heal|p1a: Necrozma|78/100|[from] item: Leftovers
|upkeep
|turn|13
|
|t:|1641182744
|move|p2a: Necrozma|Earthquake|p1a: Necrozma
|-supereffective|p1a: Necrozma
|-damage|p1a: Necrozma|40/100
|move|p1a: Necrozma|Knock Off|p2a: Necrozma
|-supereffective|p2a: Necrozma
|-damage|p2a: Necrozma|46/100
|-damage|p1a: Necrozma|23/100|[from] item: Rocky Helmet|[of] p2a: Necrozma
|-enditem|p2a: Necrozma|Rocky Helmet|[from] move: Knock Off|[of] p1a: Necrozma
|
|-heal|p1a: Necrozma|29/100|[from] item: Leftovers
|upkeep
|turn|14
|
|t:|1641182754
|switch|p1a: Chansey|Chansey, F|100/100
|move|p2a: Necrozma|Morning Sun|p2a: Necrozma
|-heal|p2a: Necrozma|96/100
|
|upkeep
|turn|15
|
|t:|1641182761
|move|p2a: Necrozma|Toxic|p1a: Chansey
|-status|p1a: Chansey|tox
|move|p1a: Chansey|Healing Wish|p1a: Chansey
|faint|p1a: Chansey
|
|upkeep
|
|t:|1641182765
|switch|p1a: Calyrex|Calyrex-Shadow|100/100
|-ability|p1a: Calyrex|As One
|-ability|p1a: Calyrex|Unnerve
|turn|16
|
|t:|1641182773
|move|p1a: Calyrex|Astral Barrage|p2a: Necrozma
|-supereffective|p2a: Necrozma
|-damage|p2a: Necrozma|3/100
|move|p2a: Necrozma|Sunsteel Strike|p1a: Calyrex
|-damage|p1a: Calyrex|18/100
|
|upkeep
|turn|17
|
|t:|1641182782
|move|p1a: Calyrex|Draining Kiss|p2a: Necrozma
|-resisted|p2a: Necrozma
|-damage|p2a: Necrozma|0 fnt
|-heal|p1a: Calyrex|19/100|[from] drain|[of] p2a: Necrozma
|faint|p2a: Necrozma
|-ability|p1a: Calyrex|Grim Neigh|boost
|-boost|p1a: Calyrex|spa|1
|
|upkeep
|
|t:|1641182788
|switch|p2a: Ditto|Ditto|100/100
|-damage|p2a: Ditto|88/100|[from] Stealth Rock
|-transform|p2a: Ditto|p1a: Calyrex|[from] ability: Imposter
|turn|18
|
|t:|1641182798
|move|p2a: Ditto|Astral Barrage|p1a: Calyrex
|-supereffective|p1a: Calyrex
|-damage|p1a: Calyrex|0 fnt
|faint|p1a: Calyrex
|-ability|p2a: Ditto|Grim Neigh|boost
|-boost|p2a: Ditto|spa|1
|
|upkeep
|
|t:|1641182803
|switch|p1a: Rayquaza|Rayquaza|100/100
|-ability|p1a: Rayquaza|Air Lock
|turn|19
|
|t:|1641182809
|detailschange|p1a: Rayquaza|Rayquaza-Mega
|-mega|p1a: Rayquaza|Rayquaza|
|-weather|DeltaStream|[from] ability: Delta Stream|[of] p1a: Rayquaza
|move|p1a: Rayquaza|Extreme Speed|p2a: Ditto
|-immune|p2a: Ditto
|move|p2a: Ditto|Astral Barrage|p1a: Rayquaza
|-damage|p1a: Rayquaza|0 fnt
|faint|p1a: Rayquaza
|-weather|none
|-ability|p2a: Ditto|Grim Neigh|boost
|-boost|p2a: Ditto|spa|1
|
|upkeep
|c|☆Sheeplol|gg
|
|t:|1641182813
|switch|p1a: Ditto|Ditto|100/100
|turn|20
|c|☆RUiNtheExtinct|why
|
|t:|1641182824
|switch|p2a: Whimsicott|Whimsicott, F|100/100
|-damage|p2a: Whimsicott|88/100|[from] Stealth Rock
|move|p1a: Ditto|Transform|p2a: Whimsicott
|-transform|p1a: Ditto|p2a: Whimsicott
|
|upkeep
|turn|21
|
|t:|1641182832
|move|p1a: Ditto|Taunt|p2a: Whimsicott
|-start|p2a: Whimsicott|move: Taunt
|move|p2a: Whimsicott|Moonblast|p1a: Ditto
|-damage|p1a: Ditto|51/100
|-unboost|p1a: Ditto|spa|1
|
|upkeep
|turn|22
|
|t:|1641182839
|switch|p1a: Necrozma|Necrozma-Dusk-Mane|29/100
|-heal|p1a: Necrozma|100/100|[from] move: Healing Wish
|move|p2a: Whimsicott|Moonblast|p1a: Necrozma
|-resisted|p1a: Necrozma
|-damage|p1a: Necrozma|86/100
|
|-heal|p1a: Necrozma|92/100|[from] item: Leftovers
|upkeep
|turn|23
|
|t:|1641182848
|switch|p2a: Ditto|Ditto|88/100
|-damage|p2a: Ditto|76/100|[from] Stealth Rock
|-transform|p2a: Ditto|p1a: Necrozma|[from] ability: Imposter
|move|p1a: Necrozma|Knock Off|p2a: Ditto
|-supereffective|p2a: Ditto
|-damage|p2a: Ditto|43/100
|-enditem|p2a: Ditto|Choice Scarf|[from] move: Knock Off|[of] p1a: Necrozma
|
|-heal|p1a: Necrozma|98/100|[from] item: Leftovers
|upkeep
|turn|24
|
|t:|1641182861
|move|p1a: Necrozma|Sunsteel Strike|p2a: Ditto
|-resisted|p2a: Ditto
|-damage|p2a: Ditto|24/100
|move|p2a: Ditto|Morning Sun|p2a: Ditto
|-heal|p2a: Ditto|74/100
|
|-heal|p1a: Necrozma|100/100|[from] item: Leftovers
|upkeep
|turn|25
|c|☆RUiNtheExtinct|thanks
|
|t:|1641182871
|move|p2a: Ditto|Knock Off|p1a: Necrozma
|-supereffective|p1a: Necrozma
|-damage|p1a: Necrozma|75/100
|-enditem|p1a: Necrozma|Leftovers|[from] move: Knock Off|[of] p2a: Ditto
|move|p1a: Necrozma|Stealth Rock||[still]
|-fail|p1a: Necrozma
|
|upkeep
|turn|26
|
|t:|1641182878
|move|p1a: Necrozma|Stealth Rock||[still]
|-fail|p1a: Necrozma
|move|p2a: Ditto|Stealth Rock|p1a: Necrozma
|-sidestart|p1: Sheeplol|move: Stealth Rock
|
|upkeep
|turn|27
|
|t:|1641182883
|move|p2a: Ditto|Knock Off|p1a: Necrozma
|-supereffective|p1a: Necrozma
|-damage|p1a: Necrozma|57/100
|move|p1a: Necrozma|Stealth Rock||[still]
|-fail|p1a: Necrozma
|
|upkeep
|turn|28
|
|t:|1641182888
|move|p2a: Ditto|Knock Off|p1a: Necrozma
|-supereffective|p1a: Necrozma
|-damage|p1a: Necrozma|37/100
|move|p1a: Necrozma|Stealth Rock||[still]
|-fail|p1a: Necrozma
|
|upkeep
|turn|29
|
|t:|1641182894
|switch|p2a: Whimsicott|Whimsicott, F|88/100
|-damage|p2a: Whimsicott|76/100|[from] Stealth Rock
|move|p1a: Necrozma|Morning Sun|p1a: Necrozma
|-heal|p1a: Necrozma|87/100
|
|upkeep
|turn|30
|
|t:|1641182906
|switch|p2a: Ditto|Ditto|74/100
|-damage|p2a: Ditto|62/100|[from] Stealth Rock
|-transform|p2a: Ditto|p1a: Necrozma|[from] ability: Imposter
|move|p1a: Necrozma|Sunsteel Strike|p2a: Ditto
|-resisted|p2a: Ditto
|-damage|p2a: Ditto|45/100
|
|upkeep
|turn|31
|
|t:|1641182915
|move|p2a: Ditto|Morning Sun|p2a: Ditto
|-heal|p2a: Ditto|95/100
|move|p1a: Necrozma|Stealth Rock||[still]
|-fail|p1a: Necrozma
|
|upkeep
|turn|32
|
|t:|1641182921
|move|p2a: Ditto|Knock Off|p1a: Necrozma
|-supereffective|p1a: Necrozma
|-damage|p1a: Necrozma|71/100
|move|p1a: Necrozma|Stealth Rock||[still]
|-fail|p1a: Necrozma
|
|upkeep
|turn|33
|
|t:|1641182927
|move|p2a: Ditto|Knock Off|p1a: Necrozma
|-supereffective|p1a: Necrozma
|-damage|p1a: Necrozma|52/100
|move|p1a: Necrozma|Stealth Rock||[still]
|-fail|p1a: Necrozma
|
|upkeep
|turn|34
|
|t:|1641182940
|move|p2a: Ditto|Knock Off|p1a: Necrozma
|-supereffective|p1a: Necrozma
|-damage|p1a: Necrozma|33/100
|move|p1a: Necrozma|Stealth Rock||[still]
|-fail|p1a: Necrozma
|
|upkeep
|turn|35
|
|t:|1641182945
|move|p2a: Ditto|Knock Off|p1a: Necrozma
|-supereffective|p1a: Necrozma
|-damage|p1a: Necrozma|16/100
|move|p1a: Necrozma|Morning Sun|p1a: Necrozma
|-heal|p1a: Necrozma|66/100
|
|upkeep
|turn|36
|
|t:|1641182954
|move|p1a: Necrozma|Morning Sun|p1a: Necrozma
|-heal|p1a: Necrozma|100/100
|move|p2a: Ditto|Knock Off|p1a: Necrozma
|-supereffective|p1a: Necrozma
|-damage|p1a: Necrozma|83/100
|
|upkeep
|turn|37
|
|t:|1641182961
|move|p2a: Ditto|Sunsteel Strike|p1a: Necrozma
|-resisted|p1a: Necrozma
|-damage|p1a: Necrozma|69/100
|move|p1a: Necrozma|Sunsteel Strike|p2a: Ditto
|-resisted|p2a: Ditto
|-damage|p2a: Ditto|79/100
|
|upkeep
|turn|38
|
|t:|1641182969
|move|p2a: Ditto|Sunsteel Strike|p1a: Necrozma
|-resisted|p1a: Necrozma
|-damage|p1a: Necrozma|55/100
|move|p1a: Necrozma|Sunsteel Strike|p2a: Ditto
|-resisted|p2a: Ditto
|-damage|p2a: Ditto|62/100
|
|upkeep
|turn|39
|
|t:|1641182978
|move|p2a: Ditto|Sunsteel Strike|p1a: Necrozma
|-resisted|p1a: Necrozma
|-damage|p1a: Necrozma|41/100
|move|p1a: Necrozma|Stealth Rock||[still]
|-fail|p1a: Necrozma
|
|upkeep
|turn|40
|
|t:|1641182985
|move|p2a: Ditto|Morning Sun|p2a: Ditto
|-heal|p2a: Ditto|100/100
|move|p1a: Necrozma|Morning Sun|p1a: Necrozma
|-heal|p1a: Necrozma|91/100
|
|upkeep
|turn|41
|
|t:|1641182994
|switch|p2a: Whimsicott|Whimsicott, F|76/100
|-damage|p2a: Whimsicott|64/100|[from] Stealth Rock
|move|p1a: Necrozma|Knock Off|p2a: Whimsicott
|-resisted|p2a: Whimsicott
|-damage|p2a: Whimsicott|39/100
|-enditem|p2a: Whimsicott|Focus Sash|[from] move: Knock Off|[of] p1a: Necrozma
|
|upkeep
|turn|42
|
|t:|1641183005
|switch|p2a: Ditto|Ditto|100/100
|-damage|p2a: Ditto|88/100|[from] Stealth Rock
|-transform|p2a: Ditto|p1a: Necrozma|[from] ability: Imposter
|move|p1a: Necrozma|Stealth Rock||[still]
|-fail|p1a: Necrozma
|
|upkeep
|turn|43
|
|t:|1641183014
|move|p1a: Necrozma|Stealth Rock||[still]
|-fail|p1a: Necrozma
|move|p2a: Ditto|Knock Off|p1a: Necrozma
|-supereffective|p1a: Necrozma
|-damage|p1a: Necrozma|72/100
|
|upkeep
|turn|44
|
|t:|1641183020
|move|p1a: Necrozma|Stealth Rock||[still]
|-fail|p1a: Necrozma
|move|p2a: Ditto|Knock Off|p1a: Necrozma
|-supereffective|p1a: Necrozma
|-damage|p1a: Necrozma|55/100
|
|upkeep
|turn|45
|
|t:|1641183026
|move|p1a: Necrozma|Stealth Rock||[still]
|-fail|p1a: Necrozma
|move|p2a: Ditto|Knock Off|p1a: Necrozma
|-supereffective|p1a: Necrozma
|-damage|p1a: Necrozma|38/100
|
|upkeep
|turn|46
|
|t:|1641183036
|move|p1a: Necrozma|Morning Sun|p1a: Necrozma
|-heal|p1a: Necrozma|88/100
|move|p2a: Ditto|Knock Off|p1a: Necrozma
|-supereffective|p1a: Necrozma
|-damage|p1a: Necrozma|70/100
|
|upkeep
|turn|47
|
|t:|1641183042
|move|p2a: Ditto|Knock Off|p1a: Necrozma
|-supereffective|p1a: Necrozma
|-damage|p1a: Necrozma|53/100
|move|p1a: Necrozma|Stealth Rock||[still]
|-fail|p1a: Necrozma
|
|upkeep
|turn|48
|
|t:|1641183047
|move|p1a: Necrozma|Stealth Rock||[still]
|-fail|p1a: Necrozma
|move|p2a: Ditto|Sunsteel Strike|p1a: Necrozma
|-resisted|p1a: Necrozma
|-damage|p1a: Necrozma|39/100
|
|upkeep
|turn|49
|
|t:|1641183055
|move|p2a: Ditto|Sunsteel Strike|p1a: Necrozma
|-resisted|p1a: Necrozma
|-damage|p1a: Necrozma|26/100
|move|p1a: Necrozma|Stealth Rock||[still]
|-fail|p1a: Necrozma
|
|upkeep
|turn|50
|
|t:|1641183062
|switch|p2a: Whimsicott|Whimsicott, F|39/100
|-damage|p2a: Whimsicott|27/100|[from] Stealth Rock
|move|p1a: Necrozma|Morning Sun|p1a: Necrozma
|-heal|p1a: Necrozma|76/100
|
|upkeep
|turn|51
|
|t:|1641183069
|move|p2a: Whimsicott|Leech Seed|p1a: Necrozma
|-start|p1a: Necrozma|move: Leech Seed
|move|p1a: Necrozma|Knock Off|p2a: Whimsicott
|-resisted|p2a: Whimsicott
|-damage|p2a: Whimsicott|10/100
|
|-damage|p1a: Necrozma|63/100|[from] Leech Seed|[of] p2a: Whimsicott
|-heal|p2a: Whimsicott|28/100|[silent]
|upkeep
|turn|52
|
|t:|1641183076
|switch|p1a: Ditto|Ditto|51/100
|-damage|p1a: Ditto|39/100|[from] Stealth Rock
|-transform|p1a: Ditto|p2a: Whimsicott|[from] ability: Imposter
|move|p2a: Whimsicott|Substitute|p2a: Whimsicott
|-start|p2a: Whimsicott|Substitute
|-damage|p2a: Whimsicott|4/100
|
|upkeep
|turn|53
|
|t:|1641183085
|move|p1a: Ditto|Taunt|p2a: Whimsicott
|-start|p2a: Whimsicott|move: Taunt
|move|p2a: Whimsicott|Moonblast|p1a: Ditto
|-damage|p1a: Ditto|0 fnt
|faint|p1a: Ditto
|
|upkeep
|
|t:|1641183087
|switch|p1a: Necrozma|Necrozma-Dusk-Mane|63/100
|-damage|p1a: Necrozma|57/100|[from] Stealth Rock
|turn|54
|
|t:|1641183097
|move|p2a: Whimsicott|Moonblast|p1a: Necrozma
|-resisted|p1a: Necrozma
|-damage|p1a: Necrozma|44/100
|-unboost|p1a: Necrozma|spa|1
|move|p1a: Necrozma|Sunsteel Strike|p2a: Whimsicott
|-supereffective|p2a: Whimsicott
|-end|p2a: Whimsicott|Substitute
|
|upkeep
|turn|55
|
|t:|1641183107
|move|p2a: Whimsicott|Moonblast|p1a: Necrozma
|-resisted|p1a: Necrozma
|-damage|p1a: Necrozma|29/100
|move|p1a: Necrozma|Knock Off|p2a: Whimsicott
|-resisted|p2a: Whimsicott
|-damage|p2a: Whimsicott|0 fnt
|faint|p2a: Whimsicott
|
|upkeep
|c|☆Sheeplol|gg
|
|t:|1641183114
|switch|p2a: Ditto|Ditto|88/100
|-damage|p2a: Ditto|76/100|[from] Stealth Rock
|-transform|p2a: Ditto|p1a: Necrozma|[from] ability: Imposter
|turn|56
|
|t:|1641183120
|move|p2a: Ditto|Knock Off|p1a: Necrozma
|-supereffective|p1a: Necrozma
|-damage|p1a: Necrozma|10/100
|move|p1a: Necrozma|Morning Sun|p1a: Necrozma
|-heal|p1a: Necrozma|60/100
|
|upkeep
|turn|57
|
|t:|1641183126
|move|p1a: Necrozma|Stealth Rock||[still]
|-fail|p1a: Necrozma
|move|p2a: Ditto|Sunsteel Strike|p1a: Necrozma
|-resisted|p1a: Necrozma
|-damage|p1a: Necrozma|47/100
|
|upkeep
|turn|58
|
|t:|1641183133
|move|p2a: Ditto|Sunsteel Strike|p1a: Necrozma
|-resisted|p1a: Necrozma
|-crit|p1a: Necrozma
|-damage|p1a: Necrozma|26/100
|move|p1a: Necrozma|Stealth Rock||[still]
|-fail|p1a: Necrozma
|
|upkeep
|turn|59
|
|t:|1641183140
|move|p1a: Necrozma|Morning Sun|p1a: Necrozma
|-heal|p1a: Necrozma|76/100
|move|p2a: Ditto|Sunsteel Strike|p1a: Necrozma
|-resisted|p1a: Necrozma
|-damage|p1a: Necrozma|63/100
|
|upkeep
|turn|60
|
|t:|1641183147
|move|p2a: Ditto|Sunsteel Strike|p1a: Necrozma
|-resisted|p1a: Necrozma
|-damage|p1a: Necrozma|49/100
|move|p1a: Necrozma|Knock Off|p2a: Ditto
|-supereffective|p2a: Ditto
|-damage|p2a: Ditto|52/100
|
|upkeep
|turn|61
|c|☆RUiNtheExtinct|gg
|
|t:|1641183155
|move|p2a: Ditto|Morning Sun|p2a: Ditto
|-heal|p2a: Ditto|100/100
|move|p1a: Necrozma|Knock Off|p2a: Ditto
|-supereffective|p2a: Ditto
|-damage|p2a: Ditto|77/100
|
|upkeep
|turn|62
|
|t:|1641183161
|move|p1a: Necrozma|Knock Off|p2a: Ditto
|-supereffective|p2a: Ditto
|-damage|p2a: Ditto|54/100
|move|p2a: Ditto|Knock Off|p1a: Necrozma
|-supereffective|p1a: Necrozma
|-damage|p1a: Necrozma|32/100
|
|upkeep
|turn|63
|
|t:|1641183167
|move|p2a: Ditto|Morning Sun|p2a: Ditto
|-heal|p2a: Ditto|100/100
|move|p1a: Necrozma|Knock Off|p2a: Ditto
|-supereffective|p2a: Ditto
|-damage|p2a: Ditto|76/100
|
|upkeep
|turn|64
|
|t:|1641183174
|move|p1a: Necrozma|Knock Off|p2a: Ditto
|-supereffective|p2a: Ditto
|-damage|p2a: Ditto|51/100
|move|p2a: Ditto|Knock Off|p1a: Necrozma
|-supereffective|p1a: Necrozma
|-damage|p1a: Necrozma|14/100
|
|upkeep
|turn|65
|
|t:|1641183180
|move|p2a: Ditto|Knock Off|p1a: Necrozma
|-supereffective|p1a: Necrozma
|-damage|p1a: Necrozma|0 fnt
|faint|p1a: Necrozma
|
|win|RUiNtheExtinct
|raw|Sheeplol's rating: 1530 &rarr; <strong>1521</strong><br />(-9 for losing)
|raw|RUiNtheExtinct's rating: 1746 &rarr; <strong>1755</strong><br />(+9 for winning)
|c|☆RUiNtheExtinct|that was fun
|c|☆Sheeplol|no it wasnt
|c|☆RUiNtheExtinct|gg man
|c|☆Sheeplol|gg
|l|☆Sheeplol
