|j|☆Irisxeno
|j|☆CLEAR GEM清瑜
|t:|1667107766
|gametype|singles
|player|p1|Irisxeno|nate|1644
|player|p2|CLEAR GEM清瑜|skierf|1936
|teamsize|p1|6
|teamsize|p2|6
|gen|8
|tier|[Gen 8] National Dex AG
|rated|
|rule|HP Percentage Mod: HP is shown in percentages
|rule|Endless Battle Clause: Forcing endless battles is banned
|clearpoke
|poke|p1|Grimmsnarl, M|
|poke|p1|Groudon|
|poke|p1|Yveltal|
|poke|p1|Calyrex-Shadow|
|poke|p1|Xerneas-*|
|poke|p1|Rayquaza|
|poke|p2|Rayquaza|
|poke|p2|Groudon|
|poke|p2|Necrozma-Dusk-Mane|
|poke|p2|Arceus-*|
|poke|p2|Zacian-*|
|poke|p2|Yveltal|
|teampreview
|inactive|Battle timer is ON: inactive players will automatically lose when time's up. (requested by Irisxeno)
|
|t:|1667107780
|start
|switch|p1a: 超级绿毛虫|Rayquaza|100/100
|switch|p2a: 老烈|Rayquaza, shiny|100/100
|-ability|p1a: 超级绿毛虫|Air Lock
|-ability|p2a: 老烈|Air Lock
|turn|1
|c|☆CLEAR GEM清瑜|国人?
|
|t:|1667107791
|switch|p2a: 不会(?)|Groudon|100/100
|detailschange|p2a: 不会(?)|Groudon-Primal
|-primal|p2a: 不会(?)
|-weather|DesolateLand|[from] ability: Desolate Land|[of] p2a: 不会(?)
|detailschange|p1a: 超级绿毛虫|Rayquaza-Mega
|-mega|p1a: 超级绿毛虫|Rayquaza|
|-weather|DeltaStream|[from] ability: Delta Stream|[of] p1a: 超级绿毛虫
|move|p1a: 超级绿毛虫|Dragon Ascent|p2a: 不会(?)
|-damage|p2a: 不会(?)|38/100
|-unboost|p1a: 超级绿毛虫|def|1
|-unboost|p1a: 超级绿毛虫|spd|1
|
|-weather|DeltaStream|[upkeep]
|upkeep
|turn|2
|c|☆Irisxeno|dui
|
|t:|1667107803
|move|p1a: 超级绿毛虫|Dragon Ascent|p2a: 不会(?)
|-damage|p2a: 不会(?)|0 fnt
|-unboost|p1a: 超级绿毛虫|def|1
|-unboost|p1a: 超级绿毛虫|spd|1
|faint|p2a: 不会(?)
|
|-weather|DeltaStream|[upkeep]
|upkeep
|
|t:|1667107807
|switch|p2a: 钢铁之躯|Necrozma-Dusk-Mane|100/100
|turn|3
|
|t:|1667107828
|-weather|none
|switch|p1a: 原始不会飞|Groudon|100/100
|detailschange|p1a: 原始不会飞|Groudon-Primal
|-primal|p1a: 原始不会飞
|-weather|DesolateLand|[from] ability: Desolate Land|[of] p1a: 原始不会飞
|move|p2a: 钢铁之躯|Dragon Dance|p2a: 钢铁之躯
|-boost|p2a: 钢铁之躯|atk|1
|-boost|p2a: 钢铁之躯|spe|1
|
|-weather|DesolateLand|[upkeep]
|upkeep
|turn|4
|
|t:|1667107837
|detailschange|p2a: 钢铁之躯|Necrozma-Ultra
|-burst|p2a: 钢铁之躯|Necrozma|Ultranecrozium Z
|move|p2a: 钢铁之躯|Earthquake|p1a: 原始不会飞
|-supereffective|p1a: 原始不会飞
|-damage|p1a: 原始不会飞|8/100
|move|p1a: 原始不会飞|Thunder Wave|p2a: 钢铁之躯|[miss]
|-miss|p1a: 原始不会飞|p2a: 钢铁之躯
|
|-weather|DesolateLand|[upkeep]
|upkeep
|turn|5
|
|t:|1667107848
|move|p2a: 钢铁之躯|Earthquake|p1a: 原始不会飞
|-supereffective|p1a: 原始不会飞
|-damage|p1a: 原始不会飞|0 fnt
|faint|p1a: 原始不会飞
|-weather|none
|
|upkeep
|
|t:|1667107854
|switch|p1a: 绿帽大白兔|Calyrex-Shadow|100/100
|-ability|p1a: 绿帽大白兔|As One
|-ability|p1a: 绿帽大白兔|Unnerve
|turn|6
|
|t:|1667107859
|-zpower|p2a: 钢铁之躯
|move|p2a: 钢铁之躯|Light That Burns the Sky|p1a: 绿帽大白兔|[zeffect]
|-resisted|p1a: 绿帽大白兔
|-enditem|p1a: 绿帽大白兔|Focus Sash
|-damage|p1a: 绿帽大白兔|1/100
|move|p1a: 绿帽大白兔|Astral Barrage|p2a: 钢铁之躯
|-supereffective|p2a: 钢铁之躯
|-damage|p2a: 钢铁之躯|0 fnt
|faint|p2a: 钢铁之躯
|-ability|p1a: 绿帽大白兔|Grim Neigh|boost
|-boost|p1a: 绿帽大白兔|spa|1
|
|upkeep
|
|t:|1667107865
|switch|p2a: Y鸟|Yveltal|100/100
|-ability|p2a: Y鸟|Dark Aura
|turn|7
|
|t:|1667107877
|switch|p1a: 飞行五花肉|Yveltal|100/100
|-ability|p1a: 飞行五花肉|Dark Aura
|move|p2a: Y鸟|Dark Pulse|p1a: 飞行五花肉
|-resisted|p1a: 飞行五花肉
|-damage|p1a: 飞行五花肉|83/100
|-damage|p2a: Y鸟|91/100|[from] item: Life Orb
|
|upkeep
|turn|8
|
|t:|1667107885
|-start|p2a: Y鸟|Dynamax|
|-heal|p2a: Y鸟|91/100|[silent]
|move|p2a: Y鸟|Max Airstream|p1a: 飞行五花肉
|-damage|p1a: 飞行五花肉|36/100
|-boost|p2a: Y鸟|spe|1
|-damage|p2a: Y鸟|86/100|[from] item: Life Orb
|move|p1a: 飞行五花肉|Focus Blast|p2a: Y鸟
|-damage|p2a: Y鸟|65/100
|
|upkeep
|turn|9
|c|☆Irisxeno|点错了...
|
|t:|1667107911
|switch|p1a: Grimmsnarl|Grimmsnarl, M|100/100
|move|p2a: Y鸟|Max Airstream|p1a: Grimmsnarl
|-damage|p1a: Grimmsnarl|0 fnt
|-boost|p2a: Y鸟|spe|1
|faint|p1a: Grimmsnarl
|-damage|p2a: Y鸟|60/100|[from] item: Life Orb
|
|upkeep
|inactive|Irisxeno has 120 seconds left.
|
|t:|1667107922
|switch|p1a: 飞行五花肉|Yveltal|36/100
|-ability|p1a: 飞行五花肉|Dark Aura
|turn|10
|
|t:|1667107927
|move|p2a: Y鸟|Max Airstream|p1a: 飞行五花肉
|-damage|p1a: 飞行五花肉|0 fnt
|-boost|p2a: Y鸟|spe|1
|faint|p1a: 飞行五花肉
|-damage|p2a: Y鸟|55/100|[from] item: Life Orb
|
|upkeep
|
|t:|1667107934
|switch|p1a: 大地掌控鹿|Xerneas|100/100
|-ability|p1a: 大地掌控鹿|Fairy Aura
|-end|p2a: Y鸟|Dynamax
|-heal|p2a: Y鸟|55/100|[silent]
|turn|11
|
|t:|1667107939
|move|p2a: Y鸟|Hurricane|p1a: 大地掌控鹿
|-damage|p1a: 大地掌控鹿|35/100
|-damage|p2a: Y鸟|45/100|[from] item: Life Orb
|move|p1a: 大地掌控鹿|Geomancy||[still]
|-prepare|p1a: 大地掌控鹿|Geomancy
|-enditem|p1a: 大地掌控鹿|Power Herb
|-anim|p1a: 大地掌控鹿|Geomancy|p1a: 大地掌控鹿
|-boost|p1a: 大地掌控鹿|spa|2
|-boost|p1a: 大地掌控鹿|spd|2
|-boost|p1a: 大地掌控鹿|spe|2
|
|upkeep
|turn|12
|
|t:|1667107948
|-start|p1a: 大地掌控鹿|Dynamax|
|-heal|p1a: 大地掌控鹿|35/100|[silent]
|move|p2a: Y鸟|Hurricane|p1a: 大地掌控鹿|[miss]
|-miss|p2a: Y鸟|p1a: 大地掌控鹿
|move|p1a: 大地掌控鹿|Max Starfall|p2a: Y鸟
|-supereffective|p2a: Y鸟
|-damage|p2a: Y鸟|0 fnt
|-fieldstart|move: Misty Terrain
|faint|p2a: Y鸟
|
|upkeep
|
|t:|1667107955
|switch|p2a: 老烈|Rayquaza, shiny|100/100
|-ability|p2a: 老烈|Air Lock
|turn|13
|
|t:|1667107960
|detailschange|p2a: 老烈|Rayquaza-Mega, shiny
|-mega|p2a: 老烈|Rayquaza|
|-weather|DeltaStream|[from] ability: Delta Stream|[of] p2a: 老烈
|move|p2a: 老烈|Extreme Speed|p1a: 大地掌控鹿
|-damage|p1a: 大地掌控鹿|15/100
|-damage|p2a: 老烈|91/100|[from] item: Life Orb
|move|p1a: 大地掌控鹿|Max Starfall|p2a: 老烈
|-supereffective|p2a: 老烈
|-crit|p2a: 老烈
|-damage|p2a: 老烈|0 fnt
|faint|p2a: 老烈
|-weather|none
|
|upkeep
|
|t:|1667107967
|switch|p2a: 悬空羊驼|Arceus-Flying|100/100
|turn|14
|
|t:|1667107973
|move|p1a: 大地掌控鹿|Max Starfall|p2a: 悬空羊驼
|-damage|p2a: 悬空羊驼|0 fnt
|faint|p2a: 悬空羊驼
|
|upkeep
|
|t:|1667107976
|switch|p2a: 嘉然小姐的狗|Zacian-Crowned|100/100
|-ability|p2a: 嘉然小姐的狗|Intrepid Sword|boost
|-boost|p2a: 嘉然小姐的狗|atk|1
|-end|p1a: 大地掌控鹿|Dynamax
|-heal|p1a: 大地掌控鹿|15/100|[silent]
|turn|15
|
|t:|1667107982
|move|p2a: 嘉然小姐的狗|Quick Attack|p1a: 大地掌控鹿
|-damage|p1a: 大地掌控鹿|0 fnt
|faint|p1a: 大地掌控鹿
|
|upkeep
|
|t:|1667107991
|switch|p1a: 绿帽大白兔|Calyrex-Shadow|1/100
|-ability|p1a: 绿帽大白兔|As One
|-ability|p1a: 绿帽大白兔|Unnerve
|turn|16
|
|t:|1667107996
|move|p1a: 绿帽大白兔|Astral Barrage|p2a: 嘉然小姐的狗
|-damage|p2a: 嘉然小姐的狗|41/100
|move|p2a: 嘉然小姐的狗|Behemoth Blade|p1a: 绿帽大白兔
|-damage|p1a: 绿帽大白兔|0 fnt
|faint|p1a: 绿帽大白兔
|
|-fieldend|Misty Terrain
|upkeep
|
|t:|1667108004
|switch|p1a: 超级绿毛虫|Rayquaza-Mega|100/100
|-weather|DeltaStream|[from] ability: Delta Stream|[of] p1a: 超级绿毛虫
|turn|17
|
|t:|1667108011
|move|p2a: 嘉然小姐的狗|Behemoth Blade|p1a: 超级绿毛虫
|-crit|p1a: 超级绿毛虫
|-damage|p1a: 超级绿毛虫|0 fnt
|faint|p1a: 超级绿毛虫
|-weather|none
|
|win|CLEAR GEM清瑜
|raw|Irisxeno's rating: 1644 &rarr; <strong>1638</strong><br />(-6 for losing)
|raw|CLEAR GEM清瑜's rating: 1936 &rarr; <strong>1942</strong><br />(+6 for winning)
|c|☆Irisxeno|ct了...
