|j|☆theChikunEater
|j|☆bruhbruhlol9
|t:|1665611236
|gametype|singles
|player|p1|theChikunEater|flannery|
|player|p2|bruhbruhlol9|hilbert-wonderlauncher|
|teamsize|p1|6
|teamsize|p2|6
|gen|8
|tier|[Gen 8] National Dex AG
|rule|HP Percentage Mod: HP is shown in percentages
|rule|Endless Battle Clause: Forcing endless battles is banned
|clearpoke
|poke|p1|Gengar, F|
|poke|p1|Milotic, M|
|poke|p1|Ribombee, M|
|poke|p1|Magearna|
|poke|p1|Aggron, M|
|poke|p1|Blaziken, M|
|poke|p2|Wobbuffet, F|
|poke|p2|Golduck, F|
|poke|p2|Lopunny, M|
|poke|p2|Marshadow|
|poke|p2|Ditto|
|poke|p2|Magearna|
|teampreview
|inactive|Battle timer is ON: inactive players will automatically lose when time's up. (requested by theChikunEater)
|inactive|bruhbruhlol9 also wants the timer to be on.
|c|☆bruhbruhlol9|lemme try this again
|
|t:|1665611245
|start
|switch|p1a: Blaziken|Blaziken, M|100/100
|switch|p2a: Lopunny|Lopunny, M|100/100
|turn|1
|c|☆theChikunEater|ok
|
|t:|1665611255
|detailschange|p2a: Lopunny|Lopunny-Mega, M
|-mega|p2a: Lopunny|Lopunny|Lopunnite
|move|p1a: Blaziken|Protect|p1a: Blaziken
|-singleturn|p1a: Blaziken|Protect
|move|p2a: Lopunny|Fake Out|p1a: Blaziken
|-activate|p1a: Blaziken|move: Protect
|
|-ability|p1a: Blaziken|Speed Boost|boost
|-boost|p1a: Blaziken|spe|1
|upkeep
|turn|2
|
|t:|1665611266
|move|p2a: Lopunny|Frustration|p1a: Blaziken
|-damage|p1a: Blaziken|14/100
|move|p1a: Blaziken|Focus Blast|p2a: Lopunny|[miss]
|-miss|p1a: Blaziken|p2a: Lopunny
|
|-ability|p1a: Blaziken|Speed Boost|boost
|-boost|p1a: Blaziken|spe|1
|upkeep
|turn|3
|c|☆theChikunEater|damn
|
|t:|1665611276
|switch|p2a: Marshadow|Marshadow|100/100
|move|p1a: Blaziken|Vacuum Wave|p2a: Marshadow
|-immune|p2a: Marshadow
|
|-ability|p1a: Blaziken|Speed Boost|boost
|-boost|p1a: Blaziken|spe|1
|upkeep
|turn|4
|
|t:|1665611284
|move|p2a: Marshadow|Shadow Sneak|p1a: Blaziken
|-damage|p1a: Blaziken|0 fnt
|faint|p1a: Blaziken
|
|upkeep
|
|t:|1665611285
|switch|p1a: Ribombee|Ribombee, M|100/100
|turn|5
|c|☆bruhbruhlol9|what am i facing?????
|
|t:|1665611292
|move|p2a: Marshadow|Spectral Thief|p1a: Ribombee
|-damage|p1a: Ribombee|13/100
|move|p1a: Ribombee|Sticky Web|p2a: Marshadow
|-sidestart|p2: bruhbruhlol9|move: Sticky Web
|
|upkeep
|turn|6
|c|☆theChikunEater|yes
|
|t:|1665611297
|move|p2a: Marshadow|Shadow Sneak|p1a: Ribombee
|-damage|p1a: Ribombee|0 fnt
|faint|p1a: Ribombee
|
|upkeep
|
|t:|1665611307
|switch|p1a: Aggron|Aggron, M|100/100
|turn|7
|
|t:|1665611312
|move|p2a: Marshadow|Close Combat|p1a: Aggron
|-supereffective|p1a: Aggron
|-ability|p1a: Aggron|Sturdy
|-damage|p1a: Aggron|1/100
|-unboost|p2a: Marshadow|def|1
|-unboost|p2a: Marshadow|spd|1
|-damage|p2a: Marshadow|84/100|[from] item: Rocky Helmet|[of] p1a: Aggron
|move|p1a: Aggron|Metal Burst|p2a: Marshadow
|-damage|p2a: Marshadow|0 fnt
|faint|p2a: Marshadow
|
|upkeep
|c|☆bruhbruhlol9|staill a rock -steel type
|
|t:|1665611327
|switch|p2a: Lopunny|Lopunny-Mega, M|100/100
|-activate|p2a: Lopunny|move: Sticky Web
|-unboost|p2a: Lopunny|spe|1
|turn|8
|
|t:|1665611332
|move|p2a: Lopunny|Fake Out|p1a: Aggron
|-resisted|p1a: Aggron
|-damage|p1a: Aggron|0 fnt
|-damage|p2a: Lopunny|84/100|[from] item: Rocky Helmet|[of] p1a: Aggron
|faint|p1a: Aggron
|
|upkeep
|
|t:|1665611341
|switch|p1a: Milotic|Milotic, M|100/100
|turn|9
|c|☆bruhbruhlol9|oh
|c|☆bruhbruhlol9|I messed up
|
|t:|1665611346
|move|p2a: Lopunny|High Jump Kick|p1a: Milotic|[miss]
|-miss|p2a: Lopunny|p1a: Milotic
|-damage|p2a: Lopunny|34/100|[from] highjumpkick
|move|p1a: Milotic|Dragon Dance|p1a: Milotic
|-boost|p1a: Milotic|atk|1
|-boost|p1a: Milotic|spe|1
|
|upkeep
|turn|10
|
|t:|1665611349
|move|p1a: Milotic|Coil|p1a: Milotic
|-boost|p1a: Milotic|atk|1
|-boost|p1a: Milotic|def|1
|-boost|p1a: Milotic|accuracy|1
|move|p2a: Lopunny|High Jump Kick|p1a: Milotic
|-crit|p1a: Milotic
|-damage|p1a: Milotic|0 fnt
|faint|p1a: Milotic
|
|upkeep
|c|☆theChikunEater|dayum
|c|☆bruhbruhlol9|LOL
|c|☆theChikunEater|well that was a thing
|c|☆bruhbruhlol9|Karma game be like
|
|t:|1665611369
|switch|p1a: Gengar|Gengar, F|100/100
|turn|11
|c|☆bruhbruhlol9|hi mega gengar
|
|t:|1665611382
|move|p1a: Gengar|Sludge Wave|p2a: Lopunny
|-damage|p2a: Lopunny|0 fnt
|faint|p2a: Lopunny
|
|upkeep
|c|☆theChikunEater|hi
|
|t:|1665611395
|switch|p2a: Golduck|Golduck, F|100/100
|-activate|p2a: Golduck|move: Sticky Web
|-unboost|p2a: Golduck|spe|1
|-ability|p2a: Golduck|Cloud Nine
|turn|12
|
|t:|1665611399
|move|p1a: Gengar|Substitute|p1a: Gengar
|-start|p1a: Gengar|Substitute
|-damage|p1a: Gengar|76/100
|move|p2a: Golduck|Worry Seed||[still]
|-fail|p2a: Golduck
|
|upkeep
|turn|13
|
|t:|1665611410
|-start|p2a: Golduck|Dynamax|
|-heal|p2a: Golduck|100/100|[silent]
|move|p1a: Gengar|Sludge Wave|p2a: Golduck
|-damage|p2a: Golduck|69/100
|move|p2a: Golduck|Max Geyser|p1a: Gengar
|-end|p1a: Gengar|Substitute
|-weather|RainDance
|
|-weather|RainDance|[upkeep]
|upkeep
|turn|14
|
|t:|1665611413
|move|p1a: Gengar|Substitute|p1a: Gengar
|-start|p1a: Gengar|Substitute
|-damage|p1a: Gengar|51/100
|move|p2a: Golduck|Max Geyser|p1a: Gengar
|-end|p1a: Gengar|Substitute
|
|-weather|RainDance|[upkeep]
|upkeep
|turn|15
|
|t:|1665611416
|move|p1a: Gengar|Substitute|p1a: Gengar
|-start|p1a: Gengar|Substitute
|-damage|p1a: Gengar|26/100
|move|p2a: Golduck|Max Geyser|p1a: Gengar
|-end|p1a: Gengar|Substitute
|
|-weather|RainDance|[upkeep]
|upkeep
|-end|p2a: Golduck|Dynamax
|-heal|p2a: Golduck|69/100|[silent]
|turn|16
|
|t:|1665611421
|switch|p2a: Ditto|Ditto|100/100
|-activate|p2a: Ditto|move: Sticky Web
|-unboost|p2a: Ditto|spe|1
|-transform|p2a: Ditto|p1a: Gengar|[from] ability: Imposter
|move|p1a: Gengar|Sludge Wave|p2a: Ditto
|-resisted|p2a: Ditto
|-damage|p2a: Ditto|83/100
|
|-weather|RainDance|[upkeep]
|upkeep
|turn|17
|
|t:|1665611428
|detailschange|p1a: Gengar|Gengar-Mega, F
|-mega|p1a: Gengar|Gengar|Gengarite
|move|p2a: Ditto|Shadow Ball|p1a: Gengar
|-supereffective|p1a: Gengar
|-damage|p1a: Gengar|0 fnt
|faint|p1a: Gengar
|
|-weather|none
|upkeep
|
|t:|1665611430
|switch|p1a: Magearna|Magearna|100/100
|turn|18
|c|☆bruhbruhlol9|its not mega???
|c|☆bruhbruhlol9|welp gg
|c|☆bruhbruhlol9|oh it is
|
|t:|1665611441
|move|p2a: Ditto|Shadow Ball|p1a: Magearna
|-damage|p1a: Magearna|61/100
|move|p1a: Magearna|Shift Gear|p1a: Magearna
|-boost|p1a: Magearna|spe|2
|-boost|p1a: Magearna|atk|1
|
|upkeep
|turn|19
|c|☆theChikunEater|gg
|
|t:|1665611450
|move|p2a: Ditto|Shadow Ball|p1a: Magearna
|-damage|p1a: Magearna|21/100
|-unboost|p1a: Magearna|spd|1
|move|p1a: Magearna|Shift Gear|p1a: Magearna
|-boost|p1a: Magearna|spe|2
|-boost|p1a: Magearna|atk|1
|
|upkeep
|turn|20
|
|t:|1665611455
|move|p1a: Magearna|Stored Power|p2a: Ditto
|-supereffective|p2a: Ditto
|-crit|p2a: Ditto
|-damage|p2a: Ditto|0 fnt
|faint|p2a: Ditto
|-ability|p1a: Magearna|Soul-Heart|boost
|-boost|p1a: Magearna|spa|1
|
|upkeep
|
|t:|1665611461
|switch|p2a: Wobbuffet|Wobbuffet, F|100/100
|-activate|p2a: Wobbuffet|move: Sticky Web
|-unboost|p2a: Wobbuffet|spe|1
|turn|21
|
|t:|1665611465
|move|p1a: Magearna|Calm Mind|p1a: Magearna
|-boost|p1a: Magearna|spa|1
|-boost|p1a: Magearna|spd|1
|move|p2a: Wobbuffet|Encore|p1a: Magearna
|-start|p1a: Magearna|Encore
|
|upkeep
|turn|22
|
|t:|1665611473
|switch|p2a: Magearna|Magearna|100/100
|-activate|p2a: Magearna|move: Sticky Web
|-unboost|p2a: Magearna|spe|1
|-start|p1a: Magearna|Dynamax|
|-heal|p1a: Magearna|21/100|[silent]
|move|p1a: Magearna|Max Starfall|p2a: Magearna
|-resisted|p2a: Magearna
|-damage|p2a: Magearna|63/100
|-fieldstart|move: Misty Terrain
|
|-heal|p2a: Magearna|69/100|[from] item: Leftovers
|upkeep
|turn|23
|
|t:|1665611487
|move|p1a: Magearna|Max Mindstorm|p2a: Magearna
|-resisted|p2a: Magearna
|-damage|p2a: Magearna|36/100
|-fieldstart|move: Psychic Terrain
|move|p2a: Magearna|Focus Blast|p1a: Magearna
|-damage|p1a: Magearna|1/100
|
|-heal|p2a: Magearna|42/100|[from] item: Leftovers
|upkeep
|turn|24
|
|t:|1665611499
|move|p1a: Magearna|Max Guard|p1a: Magearna
|-singleturn|p1a: Magearna|Max Guard
|move|p2a: Magearna|Flash Cannon|p1a: Magearna
|-activate|p1a: Magearna|move: Max Guard
|
|-heal|p2a: Magearna|48/100|[from] item: Leftovers
|-end|p1a: Magearna|Encore
|upkeep
|-end|p1a: Magearna|Dynamax
|-heal|p1a: Magearna|1/100|[silent]
|turn|25
|
|t:|1665611502
|move|p1a: Magearna|Stored Power|p2a: Magearna
|-resisted|p2a: Magearna
|-damage|p2a: Magearna|0 fnt
|faint|p2a: Magearna
|-ability|p1a: Magearna|Soul-Heart|boost
|-boost|p1a: Magearna|spa|1
|
|upkeep
|
|t:|1665611510
|switch|p2a: Wobbuffet|Wobbuffet, F|100/100
|-activate|p2a: Wobbuffet|move: Sticky Web
|-unboost|p2a: Wobbuffet|spe|1
|turn|26
|
|t:|1665611515
|move|p1a: Magearna|Draining Kiss|p2a: Wobbuffet
|-damage|p2a: Wobbuffet|65/100
|-heal|p1a: Magearna|52/100|[from] drain|[of] p2a: Wobbuffet
|move|p2a: Wobbuffet|Mirror Coat|p1a: Magearna
|-damage|p1a: Magearna|0 fnt
|faint|p1a: Magearna
|
|win|bruhbruhlol9
|c|☆bruhbruhlol9|lol
|c|☆theChikunEater|shouldve calm minded
|c|☆theChikunEater|gg
|c|☆bruhbruhlol9|I know how to predict
|c|☆theChikunEater|down for another?
|c|☆bruhbruhlol9|sure
|l|☆theChikunEater
