|j|☆Testing Teams 596
|j|☆Wheatum
|inactive|Battle timer is ON: inactive players will automatically lose when time's up.
|t:|1655522607
|gametype|singles
|player|p1|Testing Teams 596|schoolkid-gen4dp|
|player|p2|Wheatum|2|
|teamsize|p1|6
|teamsize|p2|6
|gen|8
|tier|[Gen 8] National Dex AG
|rated|Tournament battle
|rule|HP Percentage Mod: HP is shown in percentages
|rule|Endless Battle Clause: Forcing endless battles is banned
|clearpoke
|poke|p1|Mew|
|poke|p1|Groudon|
|poke|p1|Stakataka|
|poke|p1|Stakataka|
|poke|p1|Rayquaza|
|poke|p1|Lunala|
|poke|p2|Rayquaza|
|poke|p2|Zacian-*|
|poke|p2|Yveltal|
|poke|p2|Calyrex-Shadow|
|poke|p2|Ho-Oh|
|poke|p2|Groudon|
|teampreview
|inactive|Wheatum also wants the timer to be on.
|inactive|Testing Teams 596 also wants the timer to be on.
|j| Ar0ma v3il
|
|t:|1655522612
|start
|switch|p1a: Mew|Mew|100/100
|switch|p2a: Yveltal|Yveltal|100/100
|-ability|p2a: Yveltal|Dark Aura
|turn|1
|
|t:|1655522617
|move|p2a: Yveltal|Knock Off|p1a: Mew
|-supereffective|p1a: Mew
|-enditem|p1a: Mew|Focus Sash
|-damage|p1a: Mew|1/100
|-damage|p2a: Yveltal|91/100|[from] item: Life Orb
|move|p1a: Mew|Trick Room|p1a: Mew
|-fieldstart|move: Trick Room|[of] p1a: Mew
|
|upkeep
|turn|2
|
|t:|1655522625
|move|p1a: Mew|Stealth Rock|p2a: Yveltal
|-sidestart|p2: Wheatum|move: Stealth Rock
|move|p2a: Yveltal|Oblivion Wing|p1a: Mew
|-damage|p1a: Mew|0 fnt
|-heal|p2a: Yveltal|91/100|[from] drain|[of] p1a: Mew
|faint|p1a: Mew
|-damage|p2a: Yveltal|81/100|[from] item: Life Orb
|
|upkeep
|j| BirdsPoke
|
|t:|1655522628
|switch|p1a: Stakataka|Stakataka|100/100
|-item|p1a: Stakataka|Air Balloon
|turn|3
|j| New teams testing
|j| Celestia74
|
|t:|1655522637
|switch|p2a: Groudon|Groudon|100/100
|-damage|p2a: Groudon|94/100|[from] Stealth Rock
|detailschange|p2a: Groudon|Groudon-Primal
|-primal|p2a: Groudon
|-weather|DesolateLand|[from] ability: Desolate Land|[of] p2a: Groudon
|-start|p1a: Stakataka|Dynamax|
|-heal|p1a: Stakataka|100/100|[silent]
|move|p1a: Stakataka|Max Rockfall|p2a: Groudon
|-damage|p2a: Groudon|50/100
|
|-weather|DesolateLand|[upkeep]
|upkeep
|turn|4
|
|t:|1655522644
|move|p1a: Stakataka|Max Quake|p2a: Groudon
|-supereffective|p2a: Groudon
|-damage|p2a: Groudon|0 fnt
|-boost|p1a: Stakataka|spd|1
|faint|p2a: Groudon
|-weather|none
|-ability|p1a: Stakataka|Beast Boost|boost
|-boost|p1a: Stakataka|atk|1
|
|upkeep
|
|t:|1655522653
|switch|p2a: Rayquaza|Rayquaza|100/100
|-damage|p2a: Rayquaza|76/100|[from] Stealth Rock
|-ability|p2a: Rayquaza|Air Lock
|turn|5
|
|t:|1655522655
|detailschange|p2a: Rayquaza|Rayquaza-Mega
|-mega|p2a: Rayquaza|Rayquaza|
|-weather|DeltaStream|[from] ability: Delta Stream|[of] p2a: Rayquaza
|move|p2a: Rayquaza|Extreme Speed|p1a: Stakataka
|-resisted|p1a: Stakataka
|-damage|p1a: Stakataka|98/100
|-enditem|p1a: Stakataka|Air Balloon
|move|p1a: Stakataka|Max Steelspike|p2a: Rayquaza
|-damage|p2a: Rayquaza|0 fnt
|-boost|p1a: Stakataka|def|1
|faint|p2a: Rayquaza
|-weather|none
|-ability|p1a: Stakataka|Beast Boost|boost
|-boost|p1a: Stakataka|atk|1
|
|-fieldend|move: Trick Room
|upkeep
|
|t:|1655522673
|switch|p2a: Zacian|Zacian-Crowned|100/100
|-damage|p2a: Zacian|94/100|[from] Stealth Rock
|-ability|p2a: Zacian|Intrepid Sword|boost
|-boost|p2a: Zacian|atk|1
|-end|p1a: Stakataka|Dynamax
|-heal|p1a: Stakataka|98/100|[silent]
|turn|6
|
|t:|1655522677
|move|p2a: Zacian|Close Combat|p1a: Stakataka
|-supereffective|p1a: Stakataka
|-damage|p1a: Stakataka|0 fnt
|-unboost|p2a: Zacian|def|1
|-unboost|p2a: Zacian|spd|1
|faint|p1a: Stakataka
|
|upkeep
|
|t:|1655522681
|switch|p1a: Rayquaza|Rayquaza|100/100
|-ability|p1a: Rayquaza|Air Lock
|turn|7
|
|t:|1655522683
|detailschange|p1a: Rayquaza|Rayquaza-Mega
|-mega|p1a: Rayquaza|Rayquaza|
|-weather|DeltaStream|[from] ability: Delta Stream|[of] p1a: Rayquaza
|move|p1a: Rayquaza|V-create|p2a: Zacian
|-supereffective|p2a: Zacian
|-damage|p2a: Zacian|0 fnt
|-unboost|p1a: Rayquaza|spe|1
|-unboost|p1a: Rayquaza|def|1
|-unboost|p1a: Rayquaza|spd|1
|faint|p2a: Zacian
|
|-weather|DeltaStream|[upkeep]
|upkeep
|j| BTZ•CRAZY
|
|t:|1655522690
|switch|p2a: Ho-Oh|Ho-Oh|100/100
|turn|8
|c| Ar0ma v3il|Goat
|
|t:|1655522696
|-weather|none
|switch|p1a: Lunala|Lunala|100/100
|move|p2a: Ho-Oh|Sacred Fire|p1a: Lunala
|-damage|p1a: Lunala|84/100
|-status|p1a: Lunala|brn
|
|-damage|p1a: Lunala|78/100 brn|[from] brn
|upkeep
|turn|9
|
|t:|1655522701
|move|p2a: Ho-Oh|Defog|p1a: Lunala
|-unboost|p1a: Lunala|evasion|1
|-sideend|p2: Wheatum|Stealth Rock|[from] move: Defog|[of] p2a: Ho-Oh
|move|p1a: Lunala|Trick Room|p1a: Lunala
|-fieldstart|move: Trick Room|[of] p1a: Lunala
|
|-damage|p1a: Lunala|72/100 brn|[from] brn
|upkeep
|turn|10
|
|t:|1655522704
|move|p1a: Lunala|Calm Mind|p1a: Lunala
|-boost|p1a: Lunala|spa|1
|-boost|p1a: Lunala|spd|1
|move|p2a: Ho-Oh|Sacred Fire|p1a: Lunala
|-damage|p1a: Lunala|39/100 brn
|
|-damage|p1a: Lunala|33/100 brn|[from] brn
|upkeep
|turn|11
|
|t:|1655522706
|-zpower|p1a: Lunala
|move|p1a: Lunala|Menacing Moonraze Maelstrom|p2a: Ho-Oh|[zeffect]
|-damage|p2a: Ho-Oh|7/100
|move|p2a: Ho-Oh|Sacred Fire|p1a: Lunala
|-damage|p1a: Lunala|2/100 brn
|
|-damage|p1a: Lunala|0 fnt|[from] brn
|faint|p1a: Lunala
|upkeep
|
|t:|1655522709
|switch|p1a: Stakataka|Stakataka|100/100
|-item|p1a: Stakataka|Air Balloon
|turn|12
|
|t:|1655522716
|move|p1a: Stakataka|Gyro Ball|p2a: Ho-Oh
|-resisted|p2a: Ho-Oh
|-damage|p2a: Ho-Oh|0 fnt
|faint|p2a: Ho-Oh
|-ability|p1a: Stakataka|Beast Boost|boost
|-boost|p1a: Stakataka|atk|1
|
|upkeep
|
|t:|1655522726
|switch|p2a: Yveltal|Yveltal|81/100
|-ability|p2a: Yveltal|Dark Aura
|turn|13
|
|t:|1655522734
|-start|p2a: Yveltal|Dynamax|
|-heal|p2a: Yveltal|81/100|[silent]
|move|p1a: Stakataka|Gyro Ball|p2a: Yveltal
|-damage|p2a: Yveltal|26/100
|move|p2a: Yveltal|Max Darkness|p1a: Stakataka
|-crit|p1a: Stakataka
|-damage|p1a: Stakataka|0 fnt
|-enditem|p1a: Stakataka|Air Balloon
|faint|p1a: Stakataka
|-damage|p2a: Yveltal|21/100|[from] item: Life Orb
|
|-fieldend|move: Trick Room
|upkeep
|
|t:|1655522738
|switch|p1a: Rayquaza|Rayquaza-Mega|100/100
|-weather|DeltaStream|[from] ability: Delta Stream|[of] p1a: Rayquaza
|turn|14
|
|t:|1655522744
|move|p1a: Rayquaza|Dragon Ascent|p2a: Yveltal
|-damage|p2a: Yveltal|0 fnt
|-unboost|p1a: Rayquaza|def|1
|-unboost|p1a: Rayquaza|spd|1
|faint|p2a: Yveltal
|
|-weather|DeltaStream|[upkeep]
|upkeep
|
|t:|1655522746
|switch|p2a: Calyrex|Calyrex-Shadow|100/100
|-ability|p2a: Calyrex|As One
|-ability|p2a: Calyrex|Unnerve
|turn|15
|c| New teams testing|Oml
|
|t:|1655522750
|move|p1a: Rayquaza|Dragon Ascent|p2a: Calyrex
|-enditem|p2a: Calyrex|Focus Sash
|-damage|p2a: Calyrex|1/100
|-unboost|p1a: Rayquaza|def|1
|-unboost|p1a: Rayquaza|spd|1
|move|p2a: Calyrex|Astral Barrage|p1a: Rayquaza
|-damage|p1a: Rayquaza|0 fnt
|faint|p1a: Rayquaza
|-weather|none
|-ability|p2a: Calyrex|Grim Neigh|boost
|-boost|p2a: Calyrex|spa|1
|
|upkeep
|
|t:|1655522752
|switch|p1a: Groudon|Groudon|100/100
|detailschange|p1a: Groudon|Groudon-Primal
|-primal|p1a: Groudon
|-weather|DesolateLand|[from] ability: Desolate Land|[of] p1a: Groudon
|turn|16
|
|t:|1655522754
|move|p2a: Calyrex|Astral Barrage|p1a: Groudon
|-damage|p1a: Groudon|0 fnt
|faint|p1a: Groudon
|-weather|none
|
|win|Wheatum
|n|☆Testing Teams 596|testingteams596
|n|☆Wheatum|wheatum
|n| Ar0ma v3il|ar0mav3il
|n| BirdsPoke|birdspoke
|n| New teams testing|newteamstesting
|n| Celestia74|celestia74
|n| BTZ•CRAZY|btzcrazy
