|j|☆iopkj09
|j|☆Buck is stallish
|t:|1660982020
|gametype|singles
|player|p1|iopkj09|nate|1530
|player|p2|Buck is stallish|ethan-masters|1895
|teamsize|p1|6
|teamsize|p2|6
|gen|8
|tier|[Gen 8] National Dex AG
|rated|
|rule|HP Percentage Mod: HP is shown in percentages
|rule|Endless Battle Clause: Forcing endless battles is banned
|clearpoke
|poke|p1|Yveltal|
|poke|p1|Xerneas-*|
|poke|p1|Rayquaza|
|poke|p1|Calyrex-Shadow|
|poke|p1|Melmetal|
|poke|p1|Ditto|
|poke|p2|Kyogre|
|poke|p2|Chansey, F|
|poke|p2|Sableye, F|
|poke|p2|Lugia|
|poke|p2|Yveltal|
|poke|p2|Arceus-*|
|teampreview
|inactive|Battle timer is ON: inactive players will automatically lose when time's up. (requested by Buck is stallish)
|inactive|iopkj09 also wants the timer to be on.
|
|t:|1660982026
|start
|switch|p1a: Xerneas|Xerneas, shiny|100/100
|switch|p2a: Pretty gem|Sableye, F|100/100
|-ability|p1a: Xerneas|Fairy Aura
|turn|1
|
|t:|1660982031
|switch|p1a: Rayquaza|Rayquaza|100/100
|-ability|p1a: Rayquaza|Air Lock
|detailschange|p2a: Pretty gem|Sableye-Mega, F
|-mega|p2a: Pretty gem|Sableye|Sablenite
|move|p2a: Pretty gem|Protect||[still]
|-fail|p2a: Pretty gem
|
|upkeep
|turn|2
|
|t:|1660982040
|switch|p1a: Xerneas|Xerneas, shiny|100/100
|-ability|p1a: Xerneas|Fairy Aura
|switch|p2a: White phoenix|Lugia|100/100
|
|upkeep
|turn|3
|
|t:|1660982044
|move|p1a: Xerneas|Geomancy||[still]
|-prepare|p1a: Xerneas|Geomancy
|-enditem|p1a: Xerneas|Power Herb
|-anim|p1a: Xerneas|Geomancy|p1a: Xerneas
|-boost|p1a: Xerneas|spa|2
|-boost|p1a: Xerneas|spd|2
|-boost|p1a: Xerneas|spe|2
|move|p2a: White phoenix|Toxic|p1a: Xerneas
|-status|p1a: Xerneas|tox
|
|-damage|p1a: Xerneas|94/100 tox|[from] psn
|upkeep
|turn|4
|
|t:|1660982050
|switch|p2a: Tough pink lady|Chansey, F|100/100
|move|p1a: Xerneas|Thunderbolt|p2a: Tough pink lady
|-damage|p2a: Tough pink lady|82/100
|
|-damage|p1a: Xerneas|82/100 tox|[from] psn
|upkeep
|turn|5
|
|t:|1660982053
|-start|p1a: Xerneas|Dynamax|
|-heal|p1a: Xerneas|82/100 tox|[silent]
|move|p1a: Xerneas|Max Starfall|p2a: Tough pink lady
|-damage|p2a: Tough pink lady|41/100
|-fieldstart|move: Misty Terrain
|move|p2a: Tough pink lady|Aromatherapy||[still]
|-activate|p2a: Tough pink lady|move: Aromatherapy
|-fail|p2a: Tough pink lady
|
|-damage|p1a: Xerneas|73/100 tox|[from] psn
|upkeep
|turn|6
|
|t:|1660982056
|move|p1a: Xerneas|Max Starfall|p2a: Tough pink lady
|-damage|p2a: Tough pink lady|6/100
|move|p2a: Tough pink lady|Soft-Boiled|p2a: Tough pink lady
|-heal|p2a: Tough pink lady|56/100
|
|-damage|p1a: Xerneas|61/100 tox|[from] psn
|upkeep
|turn|7
|
|t:|1660982059
|move|p1a: Xerneas|Max Starfall|p2a: Tough pink lady
|-damage|p2a: Tough pink lady|17/100
|move|p2a: Tough pink lady|Soft-Boiled|p2a: Tough pink lady
|-heal|p2a: Tough pink lady|67/100
|
|-damage|p1a: Xerneas|46/100 tox|[from] psn
|upkeep
|-end|p1a: Xerneas|Dynamax
|-heal|p1a: Xerneas|46/100 tox|[silent]
|turn|8
|-message|iopkj09 forfeited.
|
|win|Buck is stallish
|raw|iopkj09's rating: 1530 &rarr; <strong>1526</strong><br />(-4 for losing)
|raw|Buck is stallish's rating: 1895 &rarr; <strong>1899</strong><br />(+4 for winning)
|l|☆iopkj09
