|j|☆iroeweuio
|j|☆Nobodi_Nowan
|t:|1662230625
|gametype|singles
|player|p1|iroeweuio|2|1726
|player|p2|Nobodi_Nowan|akari|1984
|teamsize|p1|6
|teamsize|p2|6
|gen|8
|tier|[Gen 8] National Dex AG
|rated|
|rule|HP Percentage Mod: HP is shown in percentages
|rule|Endless Battle Clause: Forcing endless battles is banned
|clearpoke
|poke|p1|Chatot, F|
|poke|p1|Weavile, F|
|poke|p1|Giratina-Origin|
|poke|p1|Ditto|
|poke|p1|Breloom, F|
|poke|p1|Wobbuffet, F|
|poke|p2|Forretress, M|
|poke|p2|Arceus-*|
|poke|p2|Kyogre|
|poke|p2|Calyrex-Shadow|
|poke|p2|Zacian-*|
|poke|p2|Rayquaza|
|teampreview
|
|t:|1662230637
|start
|switch|p1a: Chatot|Chatot, F|100/100
|switch|p2a: Zacian|Zacian-Crowned, shiny|100/100
|-ability|p2a: Zacian|Intrepid Sword|boost
|-boost|p2a: Zacian|atk|1
|turn|1
|
|t:|1662230643
|switch|p1a: Wobbuffet|Wobbuffet, F|100/100
|move|p2a: Zacian|Substitute|p2a: Zacian
|-start|p2a: Zacian|Substitute
|-damage|p2a: Zacian|76/100
|
|upkeep
|turn|2
|
|t:|1662230648
|move|p2a: Zacian|Behemoth Blade|p1a: Wobbuffet
|-damage|p1a: Wobbuffet|15/100
|move|p1a: Wobbuffet|Counter|p2a: Zacian
|-end|p2a: Zacian|Substitute
|
|upkeep
|turn|3
|-enditem|p1a: Wobbuffet|Custap Berry|[eat]
|-activate|p1a: Wobbuffet|item: Custap Berry|[consumed]
|
|t:|1662230655
|move|p1a: Wobbuffet|Destiny Bond|p1a: Wobbuffet
|-singlemove|p1a: Wobbuffet|Destiny Bond
|move|p2a: Zacian|Substitute|p2a: Zacian
|-start|p2a: Zacian|Substitute
|-damage|p2a: Zacian|51/100
|
|upkeep
|turn|4
|
|t:|1662230662
|move|p2a: Zacian|Substitute|p2a: Zacian
|-fail|p2a: Zacian|move: Substitute
|move|p1a: Wobbuffet|Counter||[still]
|-fail|p1a: Wobbuffet
|
|upkeep
|turn|5
|
|t:|1662230666
|move|p2a: Zacian|Behemoth Blade|p1a: Wobbuffet
|-damage|p1a: Wobbuffet|0 fnt
|faint|p1a: Wobbuffet
|
|upkeep
|
|t:|1662230668
|switch|p1a: Giratina|Giratina-Origin|100/100
|turn|6
|
|t:|1662230672
|move|p2a: Zacian|Behemoth Blade|p1a: Giratina
|-damage|p1a: Giratina|30/100
|move|p1a: Giratina|Shadow Force||[still]
|-prepare|p1a: Giratina|Shadow Force
|
|upkeep
|turn|7
|
|t:|1662230680
|switch|p2a: Arceus|Arceus|100/100
|move|p1a: Giratina|Shadow Force|p2a: Arceus|[from]lockedmove
|-immune|p2a: Arceus
|
|upkeep
|turn|8
|
|t:|1662230685
|move|p1a: Giratina|Destiny Bond|p1a: Giratina
|-singlemove|p1a: Giratina|Destiny Bond
|move|p2a: Arceus|Swords Dance|p2a: Arceus
|-boost|p2a: Arceus|atk|2
|
|upkeep
|turn|9
|
|t:|1662230691
|move|p2a: Arceus|Recover||[still]
|-fail|p2a: Arceus|heal
|move|p1a: Giratina|Dragon Tail|p2a: Arceus|[miss]
|-miss|p1a: Giratina|p2a: Arceus
|
|upkeep
|turn|10
|
|t:|1662230697
|switch|p1a: Ditto|Ditto|100/100
|-transform|p1a: Ditto|p2a: Arceus|[from] ability: Imposter
|move|p2a: Arceus|Shadow Claw|p1a: Ditto
|-immune|p1a: Ditto
|
|upkeep
|turn|11
|
|t:|1662230705
|switch|p2a: Forretress|Forretress, M|100/100
|-start|p1a: Ditto|Dynamax|
|-heal|p1a: Ditto|100/100|[silent]
|move|p1a: Ditto|Max Strike|p2a: Forretress
|-resisted|p2a: Forretress
|-damage|p2a: Forretress|65/100
|-unboost|p2a: Forretress|spe|1
|
|-heal|p2a: Forretress|71/100|[from] item: Leftovers
|upkeep
|turn|12
|
|t:|1662230715
|move|p1a: Ditto|Max Phantasm|p2a: Forretress
|-damage|p2a: Forretress|22/100
|-unboost|p2a: Forretress|def|1
|move|p2a: Forretress|Stealth Rock|p1a: Ditto
|-sidestart|p1: iroeweuio|move: Stealth Rock
|
|-heal|p2a: Forretress|28/100|[from] item: Leftovers
|upkeep
|turn|13
|
|t:|1662230722
|move|p1a: Ditto|Max Strike|p2a: Forretress
|-resisted|p2a: Forretress
|-damage|p2a: Forretress|0 fnt
|faint|p2a: Forretress
|
|upkeep
|
|t:|1662230728
|switch|p2a: Zacian|Zacian-Crowned, shiny|51/100
|-ability|p2a: Zacian|Intrepid Sword|boost
|-boost|p2a: Zacian|atk|1
|-end|p1a: Ditto|Dynamax
|-heal|p1a: Ditto|100/100|[silent]
|turn|14
|
|t:|1662230733
|move|p1a: Ditto|Extreme Speed|p2a: Zacian
|-resisted|p2a: Zacian
|-damage|p2a: Zacian|11/100
|move|p2a: Zacian|Wild Charge|p1a: Ditto
|-damage|p1a: Ditto|47/100
|-damage|p2a: Zacian|0 fnt|[from] Recoil
|faint|p2a: Zacian
|
|upkeep
|j| Apprenti Buck
|c|☆Nobodi_Nowan|fucking misclicked
|
|t:|1662230749
|switch|p2a: Calyrex|Calyrex-Shadow|100/100
|-ability|p2a: Calyrex|As One
|-ability|p2a: Calyrex|Unnerve
|turn|15
|c|☆iroeweuio|:(
|
|t:|1662230759
|switch|p1a: Weavile|Weavile, F|100/100
|-damage|p1a: Weavile|76/100|[from] Stealth Rock
|-ability|p1a: Weavile|Pressure
|move|p2a: Calyrex|Psyshock|p1a: Weavile
|-immune|p1a: Weavile
|
|-heal|p1a: Weavile|82/100|[from] item: Leftovers
|upkeep
|turn|16
|
|t:|1662230768
|-start|p2a: Calyrex|Dynamax|
|-heal|p2a: Calyrex|100/100|[silent]
|move|p2a: Calyrex|Max Starfall|p1a: Weavile
|-supereffective|p1a: Weavile
|-crit|p1a: Weavile
|-damage|p1a: Weavile|0 fnt
|-fieldstart|move: Misty Terrain
|faint|p1a: Weavile
|-ability|p2a: Calyrex|Grim Neigh|boost
|-boost|p2a: Calyrex|spa|1
|
|upkeep
|
|t:|1662230775
|switch|p1a: Ditto|Ditto|47/100
|-damage|p1a: Ditto|34/100|[from] Stealth Rock
|-transform|p1a: Ditto|p2a: Calyrex|[from] ability: Imposter
|turn|17
|
|t:|1662230781
|-end|p2a: Calyrex|Dynamax
|-heal|p2a: Calyrex|100/100|[silent]
|switch|p2a: Arceus|Arceus|100/100
|move|p1a: Ditto|Astral Barrage|p2a: Arceus
|-immune|p2a: Arceus
|
|upkeep
|turn|18
|
|t:|1662230794
|switch|p1a: Chatot|Chatot, F|100/100
|-damage|p1a: Chatot|76/100|[from] Stealth Rock
|move|p2a: Arceus|Swords Dance|p2a: Arceus
|-boost|p2a: Arceus|atk|2
|
|upkeep
|turn|19
|
|t:|1662230801
|move|p1a: Chatot|Protect|p1a: Chatot
|-singleturn|p1a: Chatot|Protect
|move|p2a: Arceus|Extreme Speed|p1a: Chatot
|-activate|p1a: Chatot|move: Protect
|
|upkeep
|turn|20
|
|t:|1662230806
|move|p2a: Arceus|Extreme Speed|p1a: Chatot
|-damage|p1a: Chatot|0 fnt
|faint|p1a: Chatot
|
|-fieldend|Misty Terrain
|upkeep
|
|t:|1662230812
|switch|p1a: Giratina|Giratina-Origin|30/100
|-damage|p1a: Giratina|18/100|[from] Stealth Rock
|turn|21
|
|t:|1662230816
|move|p1a: Giratina|Destiny Bond|p1a: Giratina
|-singlemove|p1a: Giratina|Destiny Bond
|move|p2a: Arceus|Shadow Claw|p1a: Giratina
|-supereffective|p1a: Giratina
|-damage|p1a: Giratina|0 fnt
|faint|p1a: Giratina
|-activate|p1a: Giratina|move: Destiny Bond
|faint|p2a: Arceus
|
|upkeep
|c|☆Nobodi_Nowan|how many speed u have on giratina
|
|t:|1662230839
|switch|p1a: Breloom|Breloom, F|100/100
|switch|p2a: Rayquaza|Rayquaza|100/100
|-ability|p2a: Rayquaza|Air Lock
|-damage|p1a: Breloom|94/100|[from] Stealth Rock
|turn|22
|
|t:|1662230847
|detailschange|p2a: Rayquaza|Rayquaza-Mega
|-mega|p2a: Rayquaza|Rayquaza|
|-weather|DeltaStream|[from] ability: Delta Stream|[of] p2a: Rayquaza
|move|p1a: Breloom|Protect|p1a: Breloom
|-singleturn|p1a: Breloom|Protect
|move|p2a: Rayquaza|Dragon Ascent|p1a: Breloom
|-activate|p1a: Breloom|move: Protect
|
|-weather|DeltaStream|[upkeep]
|-status|p1a: Breloom|tox|[from] item: Toxic Orb
|upkeep
|turn|23
|c|☆iroeweuio|all of it
|
|t:|1662230862
|move|p2a: Rayquaza|Dragon Ascent|p1a: Breloom
|-supereffective|p1a: Breloom
|-damage|p1a: Breloom|0 fnt
|-unboost|p2a: Rayquaza|def|1
|-unboost|p2a: Rayquaza|spd|1
|faint|p1a: Breloom
|
|-weather|DeltaStream|[upkeep]
|upkeep
|
|t:|1662230864
|switch|p1a: Ditto|Ditto|34/100
|-damage|p1a: Ditto|22/100|[from] Stealth Rock
|-transform|p1a: Ditto|p2a: Rayquaza|[from] ability: Imposter
|turn|24
|
|t:|1662230872
|move|p2a: Rayquaza|Endure|p2a: Rayquaza
|-singleturn|p2a: Rayquaza|move: Endure
|move|p1a: Ditto|Dragon Ascent|p2a: Rayquaza
|-activate|p2a: Rayquaza|move: Endure
|-damage|p2a: Rayquaza|1/100
|-unboost|p1a: Ditto|def|1
|-unboost|p1a: Ditto|spd|1
|
|-weather|DeltaStream|[upkeep]
|upkeep
|turn|25
|-enditem|p2a: Rayquaza|Custap Berry|[eat]
|-activate|p2a: Rayquaza|item: Custap Berry|[consumed]
|
|t:|1662230879
|move|p2a: Rayquaza|Dragon Ascent|p1a: Ditto
|-damage|p1a: Ditto|0 fnt
|-unboost|p2a: Rayquaza|def|1
|-unboost|p2a: Rayquaza|spd|1
|faint|p1a: Ditto
|
|win|Nobodi_Nowan
|raw|iroeweuio's rating: 1726 &rarr; <strong>1719</strong><br />(-7 for losing)
|raw|Nobodi_Nowan's rating: 1984 &rarr; <strong>1991</strong><br />(+7 for winning)
|c|☆iroeweuio|gg wp
|c|☆Nobodi_Nowan|gg
