|j|☆Crud oil office
|j|☆Lazy#4341 on cord
|t:|1663742314
|gametype|singles
|player|p1|Crud oil office|101|1687
|player|p2|Lazy#4341 on cord|brawly|1698
|teamsize|p1|6
|teamsize|p2|6
|gen|8
|tier|[Gen 8] National Dex AG
|rated|
|rule|HP Percentage Mod: HP is shown in percentages
|rule|Endless Battle Clause: Forcing endless battles is banned
|clearpoke
|poke|p1|Arceus-*|
|poke|p1|Yveltal|
|poke|p1|Necrozma-Dusk-Mane|
|poke|p1|Rayquaza|
|poke|p1|Zacian-*|
|poke|p1|Calyrex-Shadow|
|poke|p2|Calyrex-Ice|
|poke|p2|Magnezone|
|poke|p2|Zygarde|
|poke|p2|Necrozma-Dusk-Mane|
|poke|p2|Zacian-*|
|poke|p2|Yveltal|
|teampreview
|inactive|Battle timer is ON: inactive players will automatically lose when time's up. (requested by Lazy#4341 on cord)
|
|t:|1663742324
|start
|switch|p1a: Rayquaza|Rayquaza|100/100
|switch|p2a: Sif|Zacian-Crowned, shiny|100/100
|-ability|p1a: Rayquaza|Air Lock
|-ability|p2a: Sif|Intrepid Sword|boost
|-boost|p2a: Sif|atk|1
|turn|1
|inactive|Crud oil office has 120 seconds left.
|inactive|Crud oil office has 90 seconds left.
|
|t:|1663742389
|switch|p2a: Nebby|Necrozma-Dusk-Mane|100/100
|detailschange|p1a: Rayquaza|Rayquaza-Mega
|-mega|p1a: Rayquaza|Rayquaza|
|-weather|DeltaStream|[from] ability: Delta Stream|[of] p1a: Rayquaza
|move|p1a: Rayquaza|V-create|p2a: Nebby
|-supereffective|p2a: Nebby
|-damage|p2a: Nebby|32/100
|-unboost|p1a: Rayquaza|spe|1
|-unboost|p1a: Rayquaza|def|1
|-unboost|p1a: Rayquaza|spd|1
|-damage|p1a: Rayquaza|84/100|[from] item: Rocky Helmet|[of] p2a: Nebby
|
|-weather|DeltaStream|[upkeep]
|upkeep
|turn|2
|j| Jelly cookie
|
|t:|1663742396
|switch|p2a: Zygyatt|Zygarde, shiny|100/100
|move|p1a: Rayquaza|V-create|p2a: Zygyatt|[miss]
|-miss|p1a: Rayquaza|p2a: Zygyatt
|
|-weather|DeltaStream|[upkeep]
|upkeep
|turn|3
|
|t:|1663742406
|-weather|none
|switch|p1a: Yveltal|Yveltal|100/100
|-ability|p1a: Yveltal|Dark Aura
|switch|p2a: Sif|Zacian-Crowned, shiny|100/100
|-ability|p2a: Sif|Intrepid Sword|boost
|-boost|p2a: Sif|atk|1
|
|upkeep
|turn|4
|
|t:|1663742418
|switch|p1a: Necrozma|Necrozma-Dusk-Mane|100/100
|move|p2a: Sif|Behemoth Blade|p1a: Necrozma
|-resisted|p1a: Necrozma
|-damage|p1a: Necrozma|74/100
|-damage|p2a: Sif|84/100|[from] item: Rocky Helmet|[of] p1a: Necrozma
|
|upkeep
|turn|5
|
|t:|1663742426
|switch|p2a: Trap Card|Magnezone, shiny|100/100
|-item|p2a: Trap Card|Air Balloon
|move|p1a: Necrozma|Thunder Wave|p2a: Trap Card
|-immune|p2a: Trap Card
|
|upkeep
|turn|6
|
|t:|1663742430
|move|p2a: Trap Card|Thunder Wave|p1a: Necrozma
|-status|p1a: Necrozma|par
|move|p1a: Necrozma|Knock Off|p2a: Trap Card
|-damage|p2a: Trap Card|73/100
|-enditem|p2a: Trap Card|Air Balloon
|
|upkeep
|turn|7
|
|t:|1663742435
|move|p2a: Trap Card|Magnet Rise|p2a: Trap Card
|-start|p2a: Trap Card|Magnet Rise
|move|p1a: Necrozma|Morning Sun|p1a: Necrozma
|-heal|p1a: Necrozma|100/100 par
|
|upkeep
|turn|8
|
|t:|1663742441
|move|p2a: Trap Card|Iron Defense|p2a: Trap Card
|-boost|p2a: Trap Card|def|2
|move|p1a: Necrozma|Knock Off|p2a: Trap Card
|-damage|p2a: Trap Card|63/100
|
|upkeep
|turn|9
|
|t:|1663742445
|move|p2a: Trap Card|Iron Defense|p2a: Trap Card
|-boost|p2a: Trap Card|def|2
|move|p1a: Necrozma|Knock Off|p2a: Trap Card
|-damage|p2a: Trap Card|58/100
|
|upkeep
|turn|10
|
|t:|1663742476
|move|p2a: Trap Card|Iron Defense|p2a: Trap Card
|-boost|p2a: Trap Card|def|2
|move|p1a: Necrozma|Knock Off|p2a: Trap Card
|-damage|p2a: Trap Card|53/100
|
|upkeep
|turn|11
|
|t:|1663742479
|move|p2a: Trap Card|Body Press|p1a: Necrozma
|-damage|p1a: Necrozma|44/100 par
|-damage|p2a: Trap Card|37/100|[from] item: Rocky Helmet|[of] p1a: Necrozma
|move|p1a: Necrozma|Knock Off|p2a: Trap Card
|-damage|p2a: Trap Card|32/100
|
|-end|p2a: Trap Card|Magnet Rise
|upkeep
|turn|12
|
|t:|1663742484
|move|p2a: Trap Card|Body Press|p1a: Necrozma
|-damage|p1a: Necrozma|0 fnt
|-damage|p2a: Trap Card|15/100|[from] item: Rocky Helmet|[of] p1a: Necrozma
|faint|p1a: Necrozma
|
|upkeep
|
|t:|1663742501
|switch|p1a: Calyrex|Calyrex-Shadow|100/100
|-ability|p1a: Calyrex|As One
|-ability|p1a: Calyrex|Unnerve
|turn|13
|
|t:|1663742506
|switch|p2a: Lazy|Yveltal, shiny|100/100
|-ability|p2a: Lazy|Dark Aura
|move|p1a: Calyrex|Draining Kiss|p2a: Lazy
|-supereffective|p2a: Lazy
|-damage|p2a: Lazy|62/100
|
|upkeep
|turn|14
|
|t:|1663742513
|switch|p1a: Zacian|Zacian-Crowned|100/100
|-ability|p1a: Zacian|Intrepid Sword|boost
|-boost|p1a: Zacian|atk|1
|move|p2a: Lazy|Roost|p2a: Lazy
|-heal|p2a: Lazy|100/100
|-singleturn|p2a: Lazy|move: Roost
|
|upkeep
|turn|15
|
|t:|1663742518
|switch|p2a: Trap Card|Magnezone, shiny|15/100
|move|p1a: Zacian|Substitute|p1a: Zacian
|-start|p1a: Zacian|Substitute
|-damage|p1a: Zacian|76/100
|
|upkeep
|turn|16
|
|t:|1663742522
|move|p1a: Zacian|Crunch|p2a: Trap Card
|-damage|p2a: Trap Card|0 fnt
|faint|p2a: Trap Card
|
|upkeep
|
|t:|1663742526
|switch|p2a: Zygyatt|Zygarde, shiny|100/100
|turn|17
|
|t:|1663742541
|move|p1a: Zacian|Behemoth Blade|p2a: Zygyatt
|-damage|p2a: Zygyatt|48/100
|move|p2a: Zygyatt|Thousand Arrows|p1a: Zacian
|-supereffective|p1a: Zacian
|-end|p1a: Zacian|Substitute
|
|-heal|p2a: Zygyatt|54/100|[from] item: Leftovers
|upkeep
|turn|18
|
|t:|1663742549
|switch|p1a: Calyrex|Calyrex-Shadow|100/100
|-ability|p1a: Calyrex|As One
|-ability|p1a: Calyrex|Unnerve
|move|p2a: Zygyatt|Thousand Arrows|p1a: Calyrex
|-damage|p1a: Calyrex|60/100
|
|-heal|p2a: Zygyatt|60/100|[from] item: Leftovers
|upkeep
|turn|19
|
|t:|1663742553
|switch|p2a: Lazy|Yveltal, shiny|100/100
|-ability|p2a: Lazy|Dark Aura
|move|p1a: Calyrex|Astral Barrage|p2a: Lazy
|-resisted|p2a: Lazy
|-damage|p2a: Lazy|71/100
|
|upkeep
|turn|20
|
|t:|1663742567
|switch|p1a: Arceus|Arceus-Poison|100/100
|move|p2a: Lazy|Foul Play|p1a: Arceus
|-damage|p1a: Arceus|73/100
|
|upkeep
|turn|21
|
|t:|1663742572
|move|p1a: Arceus|Thunder Wave|p2a: Lazy
|-status|p2a: Lazy|par
|move|p2a: Lazy|Roost|p2a: Lazy
|-heal|p2a: Lazy|100/100 par
|-singleturn|p2a: Lazy|move: Roost
|
|upkeep
|turn|22
|
|t:|1663742583
|switch|p2a: Zygyatt|Zygarde, shiny|60/100
|move|p1a: Arceus|Poison Jab|p2a: Zygyatt
|-resisted|p2a: Zygyatt
|-damage|p2a: Zygyatt|51/100
|
|-heal|p2a: Zygyatt|57/100|[from] item: Leftovers
|upkeep
|turn|23
|
|t:|1663742588
|switch|p1a: Rayquaza|Rayquaza-Mega|84/100
|-weather|DeltaStream|[from] ability: Delta Stream|[of] p1a: Rayquaza
|move|p2a: Zygyatt|Glare|p1a: Rayquaza
|-status|p1a: Rayquaza|par
|
|-weather|DeltaStream|[upkeep]
|-heal|p2a: Zygyatt|63/100|[from] item: Leftovers
|upkeep
|turn|24
|
|t:|1663742597
|switch|p2a: Sif|Zacian-Crowned, shiny|84/100
|-ability|p2a: Sif|Intrepid Sword|boost
|-boost|p2a: Sif|atk|1
|cant|p1a: Rayquaza|par
|
|-weather|DeltaStream|[upkeep]
|upkeep
|turn|25
|
|t:|1663742606
|-weather|none
|switch|p1a: Arceus|Arceus-Poison|73/100
|move|p2a: Sif|Behemoth Blade|p1a: Arceus
|-damage|p1a: Arceus|17/100
|
|upkeep
|turn|26
|
|t:|1663742617
|move|p2a: Sif|Behemoth Blade|p1a: Arceus
|-damage|p1a: Arceus|0 fnt
|faint|p1a: Arceus
|
|upkeep
|
|t:|1663742621
|switch|p1a: Calyrex|Calyrex-Shadow|60/100
|-ability|p1a: Calyrex|As One
|-ability|p1a: Calyrex|Unnerve
|turn|27
|
|t:|1663742625
|switch|p2a: Lazy|Yveltal, shiny|100/100 par
|-ability|p2a: Lazy|Dark Aura
|move|p1a: Calyrex|Aromatherapy|p1a: Calyrex
|-activate|p1a: Calyrex|move: Aromatherapy
|-curestatus|p1: Rayquaza|par|[msg]
|
|upkeep
|turn|28
|
|t:|1663742629
|switch|p1a: Zacian|Zacian-Crowned|76/100
|-ability|p1a: Zacian|Intrepid Sword|boost
|-boost|p1a: Zacian|atk|1
|move|p2a: Lazy|Foul Play|p1a: Zacian
|-resisted|p1a: Zacian
|-damage|p1a: Zacian|16/100
|
|upkeep
|turn|29
|
|t:|1663742636
|switch|p1a: Rayquaza|Rayquaza-Mega|84/100
|-weather|DeltaStream|[from] ability: Delta Stream|[of] p1a: Rayquaza
|switch|p2a: Nebby|Necrozma-Dusk-Mane|32/100
|
|-weather|DeltaStream|[upkeep]
|upkeep
|turn|30
|
|t:|1663742642
|move|p1a: Rayquaza|Hydro Pump|p2a: Nebby
|-damage|p2a: Nebby|1/100
|move|p2a: Nebby|Sunsteel Strike|p1a: Rayquaza
|-damage|p1a: Rayquaza|32/100
|
|-weather|DeltaStream|[upkeep]
|upkeep
|turn|31
|
|t:|1663742649
|move|p1a: Rayquaza|Hydro Pump|p2a: Nebby
|-crit|p2a: Nebby
|-damage|p2a: Nebby|0 fnt
|faint|p2a: Nebby
|
|-weather|DeltaStream|[upkeep]
|upkeep
|
|t:|1663742655
|switch|p2a: SIPPIN ON|Calyrex-Ice|100/100
|-ability|p2a: SIPPIN ON|As One
|-ability|p2a: SIPPIN ON|Unnerve
|turn|32
|
|t:|1663742662
|-weather|none
|switch|p1a: Zacian|Zacian-Crowned|16/100
|-ability|p1a: Zacian|Intrepid Sword|boost
|-boost|p1a: Zacian|atk|1
|-zpower|p2a: SIPPIN ON
|move|p2a: SIPPIN ON|Z-Speed Swap|p1a: Zacian|[anim]Speed Swap
|-boost|p2a: SIPPIN ON|spe|1|[zeffect]
|-activate|p2a: SIPPIN ON|move: Speed Swap|[of] p1a: Zacian
|
|upkeep
|turn|33
|c|☆Lazy#4341 on cord|!!!!
|
|t:|1663742671
|move|p2a: SIPPIN ON|Glacial Lance|p1a: Zacian
|-resisted|p1a: Zacian
|-damage|p1a: Zacian|0 fnt
|faint|p1a: Zacian
|-ability|p2a: SIPPIN ON|Chilling Neigh|boost
|-boost|p2a: SIPPIN ON|atk|1
|
|upkeep
|c|☆Lazy#4341 on cord|LETS GO CHAMP
|
|t:|1663742678
|switch|p1a: Calyrex|Calyrex-Shadow|60/100
|-ability|p1a: Calyrex|As One
|-ability|p1a: Calyrex|Unnerve
|turn|34
|c|☆Lazy#4341 on cord|LETS GO CHAMP
|
|t:|1663742683
|move|p2a: SIPPIN ON|Glacial Lance|p1a: Calyrex
|-crit|p1a: Calyrex
|-damage|p1a: Calyrex|0 fnt
|faint|p1a: Calyrex
|-ability|p2a: SIPPIN ON|Chilling Neigh|boost
|-boost|p2a: SIPPIN ON|atk|1
|
|upkeep
|
|t:|1663742688
|switch|p1a: Rayquaza|Rayquaza-Mega|32/100
|-weather|DeltaStream|[from] ability: Delta Stream|[of] p1a: Rayquaza
|turn|35
|
|t:|1663742692
|move|p2a: SIPPIN ON|Glacial Lance|p1a: Rayquaza
|-activate||deltastream
|-supereffective|p1a: Rayquaza
|-damage|p1a: Rayquaza|0 fnt
|faint|p1a: Rayquaza
|-weather|none
|-ability|p2a: SIPPIN ON|Chilling Neigh|boost
|-boost|p2a: SIPPIN ON|atk|1
|
|upkeep
|-message|Crud oil office forfeited.
|
|win|Lazy#4341 on cord
|raw|Crud oil office's rating: 1687 &rarr; <strong>1668</strong><br />(-19 for losing)
|raw|Lazy#4341 on cord's rating: 1698 &rarr; <strong>1717</strong><br />(+19 for winning)
|l|☆Crud oil office
|j|☆Crud oil office
|player|p1|Crud oil office|101
|l|☆Crud oil office
|player|p1|
