|j|☆lemoncell0
|j|☆Matsui_Miyako
|t:|1663020417
|gametype|singles
|player|p1|lemoncell0|allister|1750
|player|p2|Matsui_Miyako|allister|1723
|teamsize|p1|6
|teamsize|p2|6
|gen|8
|tier|[Gen 8] National Dex AG
|rated|
|rule|HP Percentage Mod: HP is shown in percentages
|rule|Endless Battle Clause: Forcing endless battles is banned
|clearpoke
|poke|p1|Gothitelle, M|
|poke|p1|Diancie|
|poke|p1|Quagsire, M|
|poke|p1|Tyranitar, M|
|poke|p1|Blissey, F|
|poke|p1|Zacian-*|
|poke|p2|Deoxys-Speed|
|poke|p2|Xerneas-*|
|poke|p2|Marshadow|
|poke|p2|Arceus-*|
|poke|p2|Calyrex-Shadow|
|poke|p2|Arceus-*|
|teampreview
|inactive|Battle timer is ON: inactive players will automatically lose when time's up. (requested by Matsui_Miyako)
|
|t:|1663020454
|start
|switch|p1a: Diancie|Diancie|100/100
|switch|p2a: Titã|Arceus-Ground|100/100
|turn|1
|
|t:|1663020459
|switch|p1a: Blissey|Blissey, F|100/100
|move|p2a: Titã|Earth Power|p1a: Blissey
|-damage|p1a: Blissey|87/100
|
|upkeep
|turn|2
|
|t:|1663020465
|move|p2a: Titã|Stealth Rock|p1a: Blissey
|-sidestart|p1: lemoncell0|move: Stealth Rock
|move|p1a: Blissey|Toxic|p2a: Titã
|-status|p2a: Titã|tox
|
|-damage|p2a: Titã|94/100 tox|[from] psn
|upkeep
|turn|3
|
|t:|1663020468
|move|p2a: Titã|Refresh|p2a: Titã
|-curestatus|p2a: Titã|tox|[msg]
|move|p1a: Blissey|Seismic Toss|p2a: Titã
|-damage|p2a: Titã|68/100
|
|upkeep
|turn|4
|
|t:|1663020477
|switch|p2a: Rápido|Deoxys-Speed|100/100
|-ability|p2a: Rápido|Pressure
|move|p1a: Blissey|Seismic Toss|p2a: Rápido
|-damage|p2a: Rápido|67/100
|-damage|p1a: Blissey|70/100|[from] item: Rocky Helmet|[of] p2a: Rápido
|
|upkeep
|turn|5
|
|t:|1663020481
|switch|p1a: Diancie|Diancie|100/100
|-damage|p1a: Diancie|88/100|[from] Stealth Rock
|move|p2a: Rápido|Taunt|p1a: Diancie
|-start|p1a: Diancie|move: Taunt
|
|upkeep
|turn|6
|
|t:|1663020487
|switch|p2a: Titã|Arceus-Ground|68/100
|detailschange|p1a: Diancie|Diancie-Mega
|-mega|p1a: Diancie|Diancie|Diancite
|move|p1a: Diancie|Moonblast|p2a: Titã
|-damage|p2a: Titã|29/100
|
|upkeep
|turn|7
|
|t:|1663020496
|move|p1a: Diancie|Moonblast|p2a: Titã
|-damage|p2a: Titã|0 fnt
|faint|p2a: Titã
|
|-end|p1a: Diancie|move: Taunt
|upkeep
|
|t:|1663020503
|switch|p2a: Xerneas|Xerneas|100/100
|-ability|p2a: Xerneas|Fairy Aura
|turn|8
|
|t:|1663020523
|switch|p1a: Blissey|Blissey, F|70/100
|-damage|p1a: Blissey|58/100|[from] Stealth Rock
|move|p2a: Xerneas|Ingrain|p2a: Xerneas
|-start|p2a: Xerneas|move: Ingrain
|
|upkeep
|turn|9
|
|t:|1663020527
|move|p2a: Xerneas|Geomancy||[still]
|-prepare|p2a: Xerneas|Geomancy
|-enditem|p2a: Xerneas|Power Herb
|-anim|p2a: Xerneas|Geomancy|p2a: Xerneas
|-boost|p2a: Xerneas|spa|2
|-boost|p2a: Xerneas|spd|2
|-boost|p2a: Xerneas|spe|2
|move|p1a: Blissey|Soft-Boiled|p1a: Blissey
|-heal|p1a: Blissey|100/100
|
|upkeep
|turn|10
|
|t:|1663020533
|move|p2a: Xerneas|Geomancy||[still]
|-prepare|p2a: Xerneas|Geomancy
|move|p1a: Blissey|Confide|p2a: Xerneas
|-unboost|p2a: Xerneas|spa|1
|
|upkeep
|turn|11
|
|t:|1663020541
|move|p2a: Xerneas|Geomancy|p2a: Xerneas|[from]lockedmove
|-boost|p2a: Xerneas|spa|2
|-boost|p2a: Xerneas|spd|2
|-boost|p2a: Xerneas|spe|2
|move|p1a: Blissey|Confide|p2a: Xerneas
|-unboost|p2a: Xerneas|spa|1
|
|upkeep
|turn|12
|
|t:|1663020545
|-start|p2a: Xerneas|Dynamax|
|-heal|p2a: Xerneas|100/100|[silent]
|move|p2a: Xerneas|Max Starfall|p1a: Blissey
|-damage|p1a: Blissey|44/100
|-fieldstart|move: Misty Terrain
|move|p1a: Blissey|Toxic|p2a: Xerneas
|-activate|p2a: Xerneas|move: Misty Terrain
|
|upkeep
|turn|13
|
|t:|1663020564
|switch|p1a: Gothitelle|Gothitelle, M|100/100
|-damage|p1a: Gothitelle|88/100|[from] Stealth Rock
|move|p2a: Xerneas|Max Starfall|p1a: Gothitelle
|-damage|p1a: Gothitelle|0 fnt
|faint|p1a: Gothitelle
|
|upkeep
|
|t:|1663020570
|switch|p1a: Diancie|Diancie-Mega|88/100
|-damage|p1a: Diancie|76/100|[from] Stealth Rock
|turn|14
|
|t:|1663020574
|move|p2a: Xerneas|Max Starfall|p1a: Diancie
|-damage|p1a: Diancie|0 fnt
|faint|p1a: Diancie
|
|upkeep
|
|t:|1663020578
|switch|p1a: Blissey|Blissey, F|44/100
|-damage|p1a: Blissey|32/100|[from] Stealth Rock
|-end|p2a: Xerneas|Dynamax
|-heal|p2a: Xerneas|100/100|[silent]
|turn|15
|
|t:|1663020581
|move|p2a: Xerneas|Moonblast|p1a: Blissey
|-damage|p1a: Blissey|0 fnt
|faint|p1a: Blissey
|
|upkeep
|-message|lemoncell0 forfeited.
|
|win|Matsui_Miyako
|raw|lemoncell0's rating: 1750 &rarr; <strong>1728</strong><br />(-22 for losing)
|raw|Matsui_Miyako's rating: 1723 &rarr; <strong>1745</strong><br />(+22 for winning)
|l|☆lemoncell0
