|j|☆EZ Bake Mac n GG
|j|☆Jayki11
|player|p1|EZ Bake Mac n GG|boarder|1807
|player|p2|Jayki11|red|1607
|teamsize|p1|6
|teamsize|p2|6
|gametype|singles
|gen|8
|tier|[Gen 8] National Dex AG
|rated|
|clearpoke
|poke|p1|Deoxys-Speed|
|poke|p1|Yveltal|
|poke|p1|Eternatus|
|poke|p1|Ditto|
|poke|p1|Zacian-Crowned|
|poke|p1|Rayquaza|
|poke|p2|Yveltal|
|poke|p2|Groudon|
|poke|p2|Ho-Oh|
|poke|p2|Arceus-*|
|poke|p2|Zacian-Crowned|
|poke|p2|Necrozma-Dusk-Mane|
|rule|HP Percentage Mod: HP is shown in percentages
|rule|Endless Battle Clause: Forcing endless battles is banned
|teampreview
|inactive|Battle timer is ON: inactive players will automatically lose when time's up. (requested by EZ Bake Mac n GG)
|
|start
|switch|p1a: Deoxys|Deoxys-Speed|100/100
|switch|p2a: Groudon|Groudon|100/100
|-ability|p1a: Deoxys|Pressure
|detailschange|p2a: Groudon|Groudon-Primal
|-primal|p2a: Groudon
|-weather|DesolateLand|[from] ability: Desolate Land|[of] p2a: Groudon
|turn|1
|
|move|p1a: Deoxys|Stealth Rock|p2a: Groudon
|-sidestart|p2: Jayki11|move: Stealth Rock
|move|p2a: Groudon|Precipice Blades|p1a: Deoxys|[miss]
|-miss|p2a: Groudon|p1a: Deoxys
|
|-weather|DesolateLand|[upkeep]
|upkeep
|turn|2
|
|move|p1a: Deoxys|Taunt|p2a: Groudon
|-start|p2a: Groudon|move: Taunt
|move|p2a: Groudon|Stone Edge|p1a: Deoxys
|-damage|p1a: Deoxys|50/100
|
|-weather|DesolateLand|[upkeep]
|upkeep
|turn|3
|
|move|p1a: Deoxys|Spikes|p2a: Groudon
|-sidestart|p2: Jayki11|Spikes
|move|p2a: Groudon|Stone Edge|p1a: Deoxys
|-damage|p1a: Deoxys|2/100
|
|-weather|DesolateLand|[upkeep]
|upkeep
|turn|4
|
|-weather|none
|switch|p2a: Ho-Oh|Ho-Oh|100/100
|move|p1a: Deoxys|Spikes|p2a: Ho-Oh
|-sidestart|p2: Jayki11|Spikes
|
|upkeep
|turn|5
|
|move|p1a: Deoxys|Taunt|p2a: Ho-Oh
|-start|p2a: Ho-Oh|move: Taunt
|move|p2a: Ho-Oh|Sacred Fire|p1a: Deoxys
|-damage|p1a: Deoxys|0 fnt
|faint|p1a: Deoxys
|
|upkeep
|
|switch|p1a: Rayquaza|Rayquaza|100/100
|-ability|p1a: Rayquaza|Air Lock
|turn|6
|
|detailschange|p1a: Rayquaza|Rayquaza-Mega
|-mega|p1a: Rayquaza|Rayquaza|
|-weather|DeltaStream|[from] ability: Delta Stream|[of] p1a: Rayquaza
|move|p1a: Rayquaza|Dragon Ascent|p2a: Ho-Oh
|-damage|p2a: Ho-Oh|28/100
|-unboost|p1a: Rayquaza|def|1
|-unboost|p1a: Rayquaza|spd|1
|-damage|p1a: Rayquaza|91/100|[from] item: Life Orb
|move|p2a: Ho-Oh|Sacred Fire|p1a: Rayquaza
|-resisted|p1a: Rayquaza
|-damage|p1a: Rayquaza|59/100
|
|-weather|DeltaStream|[upkeep]
|upkeep
|turn|7
|
|switch|p2a: Arceus|Arceus-Ground|100/100
|-damage|p2a: Arceus|94/100|[from] Stealth Rock
|-damage|p2a: Arceus|78/100|[from] Spikes
|move|p1a: Rayquaza|Dragon Dance|p1a: Rayquaza
|-boost|p1a: Rayquaza|atk|1
|-boost|p1a: Rayquaza|spe|1
|
|-weather|DeltaStream|[upkeep]
|upkeep
|turn|8
|
|move|p1a: Rayquaza|Dragon Ascent|p2a: Arceus
|-damage|p2a: Arceus|0 fnt
|-unboost|p1a: Rayquaza|def|1
|-unboost|p1a: Rayquaza|spd|1
|-damage|p1a: Rayquaza|49/100|[from] item: Life Orb
|faint|p2a: Arceus
|
|-weather|DeltaStream|[upkeep]
|upkeep
|
|switch|p2a: Necrozma|Necrozma-Dusk-Mane|100/100
|-damage|p2a: Necrozma|95/100|[from] Stealth Rock
|-damage|p2a: Necrozma|78/100|[from] Spikes
|turn|9
|
|-start|p2a: Necrozma|Dynamax
|-heal|p2a: Necrozma|78/100|[silent]
|move|p1a: Rayquaza|Earthquake|p2a: Necrozma
|-supereffective|p2a: Necrozma
|-damage|p2a: Necrozma|23/100
|-enditem|p2a: Necrozma|Weakness Policy
|-boost|p2a: Necrozma|atk|2|[from] item: Weakness Policy
|-boost|p2a: Necrozma|spa|2|[from] item: Weakness Policy
|-damage|p1a: Rayquaza|39/100|[from] item: Life Orb
|move|p2a: Necrozma|Max Steelspike|p1a: Rayquaza
|-damage|p1a: Rayquaza|0 fnt
|-boost|p2a: Necrozma|def|1
|faint|p1a: Rayquaza
|-weather|none
|
|upkeep
|
|switch|p1a: Zacian|Zacian-Crowned|100/100
|-ability|p1a: Zacian|Intrepid Sword|boost
|-boost|p1a: Zacian|atk|1
|turn|10
|
|move|p1a: Zacian|Behemoth Blade|p2a: Necrozma
|-resisted|p2a: Necrozma
|-damage|p2a: Necrozma|0 fnt
|faint|p2a: Necrozma
|
|upkeep
|
|switch|p2a: Ho-Oh|Ho-Oh|61/100
|turn|11
|
|move|p1a: Zacian|Wild Charge|p2a: Ho-Oh
|-supereffective|p2a: Ho-Oh
|-damage|p2a: Ho-Oh|0 fnt
|-damage|p1a: Zacian|81/100|[from] Recoil
|faint|p2a: Ho-Oh
|
|upkeep
|
|switch|p2a: Groudon|Groudon-Primal|100/100
|-damage|p2a: Groudon|84/100|[from] Spikes
|-damage|p2a: Groudon|72/100|[from] Stealth Rock
|-weather|DesolateLand|[from] ability: Desolate Land|[of] p2a: Groudon
|turn|12
|
|move|p1a: Zacian|Close Combat|p2a: Groudon
|-damage|p2a: Groudon|27/100
|-unboost|p1a: Zacian|def|1
|-unboost|p1a: Zacian|spd|1
|move|p2a: Groudon|Precipice Blades|p1a: Zacian
|-supereffective|p1a: Zacian
|-damage|p1a: Zacian|0 fnt
|faint|p1a: Zacian
|
|-weather|DesolateLand|[upkeep]
|upkeep
|
|switch|p1a: Eternatus|Eternatus|100/100
|-ability|p1a: Eternatus|Pressure
|turn|13
|
|move|p1a: Eternatus|Dynamax Cannon|p2a: Groudon
|-damage|p2a: Groudon|0 fnt
|faint|p2a: Groudon
|-weather|none
|
|upkeep
|
|switch|p2a: Yveltal|Yveltal|100/100
|-damage|p2a: Yveltal|76/100|[from] Stealth Rock
|-ability|p2a: Yveltal|Dark Aura
|turn|14
|
|move|p1a: Eternatus|Dynamax Cannon|p2a: Yveltal
|-crit|p2a: Yveltal
|-damage|p2a: Yveltal|0 fnt
|faint|p2a: Yveltal
|
|upkeep
|-message|Jayki11 forfeited.
|
|win|EZ Bake Mac n GG
|l|☆Jayki11
|raw|EZ Bake Mac n GG's rating: 1807 &rarr; <strong>1817</strong><br />(+10 for winning)
|raw|Jayki11's rating: 1607 &rarr; <strong>1597</strong><br />(-10 for losing)
