|j|☆A-sepower
|j|☆chippytreatz
|t:|1649080751
|gametype|singles
|player|p1|A-sepower|whitney|1655
|player|p2|chippytreatz|veteran|1748
|teamsize|p1|6
|teamsize|p2|6
|gen|8
|tier|[Gen 8] National Dex AG
|rated|
|rule|HP Percentage Mod: HP is shown in percentages
|rule|Endless Battle Clause: Forcing endless battles is banned
|clearpoke
|poke|p1|Zacian-*|
|poke|p1|Zacian-*|
|poke|p1|Zacian-*|
|poke|p1|Ditto|
|poke|p1|Marshadow|
|poke|p1|Yveltal|
|poke|p2|Zacian-*|
|poke|p2|Arceus-*|
|poke|p2|Arceus-*|
|poke|p2|Yveltal|
|poke|p2|Ditto|
|poke|p2|Necrozma-Dusk-Mane|
|teampreview
|inactive|Battle timer is ON: inactive players will automatically lose when time's up. (requested by A-sepower)
|
|t:|1649080768
|start
|switch|p1a: Zacian|Zacian|100/100
|switch|p2a: Arceus|Arceus-Ground|100/100
|-ability|p1a: Zacian|Intrepid Sword|boost
|-boost|p1a: Zacian|atk|1
|turn|1
|
|t:|1649080778
|move|p1a: Zacian|Play Rough|p2a: Arceus
|-damage|p2a: Arceus|19/100
|move|p2a: Arceus|Stealth Rock|p1a: Zacian
|-sidestart|p1: A-sepower|move: Stealth Rock
|
|upkeep
|turn|2
|
|t:|1649080785
|switch|p1a: Yveltal|Yveltal|100/100
|-ability|p1a: Yveltal|Dark Aura
|move|p2a: Arceus|Earth Power|p1a: Yveltal
|-immune|p1a: Yveltal
|
|upkeep
|turn|3
|
|t:|1649080789
|move|p2a: Arceus|Ice Beam|p1a: Yveltal
|-supereffective|p1a: Yveltal
|-damage|p1a: Yveltal|68/100
|move|p1a: Yveltal|Knock Off|p2a: Arceus
|-damage|p2a: Arceus|0 fnt
|faint|p2a: Arceus
|
|upkeep
|
|t:|1649080799
|switch|p2a: Zacian|Zacian-Crowned|100/100
|-ability|p2a: Zacian|Intrepid Sword|boost
|-boost|p2a: Zacian|atk|1
|turn|4
|
|t:|1649080812
|switch|p1a: Zacian|Zacian|100/100
|-damage|p1a: Zacian|88/100|[from] Stealth Rock
|-ability|p1a: Zacian|Intrepid Sword|boost
|-boost|p1a: Zacian|atk|1
|move|p2a: Zacian|Close Combat|p1a: Zacian
|-resisted|p1a: Zacian
|-damage|p1a: Zacian|53/100
|-unboost|p2a: Zacian|def|1
|-unboost|p2a: Zacian|spd|1
|
|upkeep
|turn|5
|
|t:|1649080834
|move|p2a: Zacian|Behemoth Blade|p1a: Zacian
|-supereffective|p1a: Zacian
|-damage|p1a: Zacian|0 fnt
|faint|p1a: Zacian
|
|upkeep
|
|t:|1649080845
|switch|p1a: Ditto|Ditto|100/100
|-damage|p1a: Ditto|88/100|[from] Stealth Rock
|-transform|p1a: Ditto|p2a: Zacian|[from] ability: Imposter
|-ability|p1a: Ditto|Intrepid Sword|boost
|-boost|p1a: Ditto|atk|1
|turn|6
|
|t:|1649080851
|move|p1a: Ditto|Close Combat|p2a: Zacian
|-damage|p2a: Zacian|0 fnt
|-unboost|p1a: Ditto|def|1
|-unboost|p1a: Ditto|spd|1
|faint|p2a: Zacian
|
|upkeep
|
|t:|1649080854
|switch|p2a: Necrozma|Necrozma-Dusk-Mane|100/100
|turn|7
|
|t:|1649080861
|detailschange|p2a: Necrozma|Necrozma-Ultra
|-burst|p2a: Necrozma|Necrozma|Ultranecrozium Z
|move|p1a: Ditto|Close Combat|p2a: Necrozma
|-resisted|p2a: Necrozma
|-damage|p2a: Necrozma|51/100
|-unboost|p1a: Ditto|def|1
|-unboost|p1a: Ditto|spd|1
|move|p2a: Necrozma|Dragon Dance|p2a: Necrozma
|-boost|p2a: Necrozma|atk|1
|-boost|p2a: Necrozma|spe|1
|
|upkeep
|turn|8
|
|t:|1649080872
|move|p1a: Ditto|Close Combat|p2a: Necrozma
|-resisted|p2a: Necrozma
|-damage|p2a: Necrozma|2/100
|-unboost|p1a: Ditto|def|1
|-unboost|p1a: Ditto|spd|1
|move|p2a: Necrozma|Stone Edge|p1a: Ditto
|-resisted|p1a: Ditto
|-damage|p1a: Ditto|0 fnt
|faint|p1a: Ditto
|
|upkeep
|
|t:|1649080882
|switch|p1a: Marshadow|Marshadow|100/100
|-damage|p1a: Marshadow|94/100|[from] Stealth Rock
|turn|9
|
|t:|1649080888
|move|p1a: Marshadow|Shadow Sneak|p2a: Necrozma
|-supereffective|p2a: Necrozma
|-damage|p2a: Necrozma|0 fnt
|faint|p2a: Necrozma
|
|upkeep
|
|t:|1649080892
|switch|p2a: Yveltal|Yveltal|100/100
|-ability|p2a: Yveltal|Dark Aura
|turn|10
|
|t:|1649080895
|-start|p1a: Marshadow|Dynamax|
|-heal|p1a: Marshadow|94/100|[silent]
|move|p2a: Yveltal|Oblivion Wing|p1a: Marshadow
|-supereffective|p1a: Marshadow
|-damage|p1a: Marshadow|47/100
|move|p1a: Marshadow|Max Rockfall|p2a: Yveltal
|-supereffective|p2a: Yveltal
|-damage|p2a: Yveltal|26/100
|-weather|Sandstorm
|
|-weather|Sandstorm|[upkeep]
|-damage|p2a: Yveltal|20/100|[from] Sandstorm
|-damage|p1a: Marshadow|43/100|[from] Sandstorm
|upkeep
|turn|11
|
|t:|1649080905
|move|p2a: Yveltal|Oblivion Wing|p1a: Marshadow
|-supereffective|p1a: Marshadow
|-damage|p1a: Marshadow|0 fnt
|-heal|p2a: Yveltal|72/100|[from] drain|[of] p1a: Marshadow
|faint|p1a: Marshadow
|
|-weather|Sandstorm|[upkeep]
|-damage|p2a: Yveltal|66/100|[from] Sandstorm
|upkeep
|
|t:|1649080916
|switch|p1a: Zacian|Zacian|100/100
|-damage|p1a: Zacian|88/100|[from] Stealth Rock
|-ability|p1a: Zacian|Intrepid Sword|boost
|-boost|p1a: Zacian|atk|1
|turn|12
|
|t:|1649080922
|move|p2a: Yveltal|Oblivion Wing|p1a: Zacian
|-damage|p1a: Zacian|46/100
|-heal|p2a: Yveltal|93/100|[from] drain|[of] p1a: Zacian
|move|p1a: Zacian|Play Rough|p2a: Yveltal
|-supereffective|p2a: Yveltal
|-damage|p2a: Yveltal|0 fnt
|faint|p2a: Yveltal
|
|-weather|Sandstorm|[upkeep]
|-damage|p1a: Zacian|40/100|[from] Sandstorm
|upkeep
|
|t:|1649080930
|switch|p2a: Arceus|Arceus|100/100
|turn|13
|
|t:|1649080935
|move|p2a: Arceus|Extreme Speed|p1a: Zacian
|-damage|p1a: Zacian|0 fnt
|faint|p1a: Zacian
|
|-weather|Sandstorm|[upkeep]
|-damage|p2a: Arceus|94/100|[from] Sandstorm
|upkeep
|
|t:|1649080940
|switch|p1a: Yveltal|Yveltal|68/100
|-ability|p1a: Yveltal|Dark Aura
|turn|14
|
|t:|1649080945
|-start|p2a: Arceus|Dynamax|
|-heal|p2a: Arceus|94/100|[silent]
|move|p2a: Arceus|Max Strike|p1a: Yveltal
|-damage|p1a: Yveltal|11/100
|-unboost|p1a: Yveltal|spe|1
|move|p1a: Yveltal|Knock Off|p2a: Arceus
|-damage|p2a: Arceus|72/100
|-enditem|p2a: Arceus|Chople Berry|[from] move: Knock Off|[of] p1a: Yveltal
|
|-weather|none
|upkeep
|turn|15
|
|t:|1649080950
|move|p2a: Arceus|Max Strike|p1a: Yveltal
|-damage|p1a: Yveltal|0 fnt
|faint|p1a: Yveltal
|
|upkeep
|
|t:|1649080953
|switch|p1a: Zacian|Zacian-Crowned|100/100
|-damage|p1a: Zacian|94/100|[from] Stealth Rock
|-ability|p1a: Zacian|Intrepid Sword|boost
|-boost|p1a: Zacian|atk|1
|turn|16
|
|t:|1649080958
|move|p1a: Zacian|Close Combat|p2a: Arceus
|-supereffective|p2a: Arceus
|-damage|p2a: Arceus|4/100
|-unboost|p1a: Zacian|def|1
|-unboost|p1a: Zacian|spd|1
|move|p2a: Arceus|Max Phantasm|p1a: Zacian
|-damage|p1a: Zacian|41/100
|-unboost|p1a: Zacian|def|1
|
|-end|p2a: Arceus|Dynamax
|-heal|p2a: Arceus|4/100|[silent]
|upkeep
|turn|17
|
|t:|1649080962
|move|p2a: Arceus|Extreme Speed|p1a: Zacian
|-resisted|p1a: Zacian
|-crit|p1a: Zacian
|-damage|p1a: Zacian|0 fnt
|faint|p1a: Zacian
|
|win|chippytreatz
|raw|A-sepower's rating: 1655 &rarr; <strong>1640</strong><br />(-15 for losing)
|raw|chippytreatz's rating: 1748 &rarr; <strong>1763</strong><br />(+15 for winning)
|l|☆A-sepower
