|j|☆frostcrush
|j|‽MoeZilla
|t:|1657351068
|gametype|singles
|player|p1|frostcrush|266|1547
|player|p2|MoeZilla|2|1507
|teamsize|p1|6
|teamsize|p2|6
|gen|8
|tier|[Gen 8] National Dex AG
|rated|
|rule|HP Percentage Mod: HP is shown in percentages
|rule|Endless Battle Clause: Forcing endless battles is banned
|clearpoke
|poke|p1|Pyukumuku, F|
|poke|p1|Magnemite, L1|
|poke|p1|Lugia|
|poke|p1|Gloom, M|
|poke|p1|Manectric, F|
|poke|p1|Alomomola, M|
|poke|p2|Zacian-*|
|poke|p2|Rayquaza|
|poke|p2|Arceus-*|
|poke|p2|Ditto|
|poke|p2|Necrozma-Dusk-Mane|
|poke|p2|Arceus-*|
|teampreview
|inactive|Battle timer is ON: inactive players will automatically lose when time's up. (requested by MoeZilla)
|
|t:|1657351084
|start
|switch|p1a: Alomomola|Alomomola, M|100/100
|switch|p2a: Zacian|Zacian-Crowned|100/100
|-ability|p2a: Zacian|Intrepid Sword|boost
|-boost|p2a: Zacian|atk|1
|turn|1
|
|t:|1657351091
|switch|p2a: Necrozma|Necrozma-Dusk-Mane|100/100
|move|p1a: Alomomola|Soak|p2a: Necrozma
|-start|p2a: Necrozma|typechange|Water
|
|upkeep
|turn|2
|
|t:|1657351094
|move|p2a: Necrozma|Stealth Rock|p1a: Alomomola
|-sidestart|p1: frostcrush|move: Stealth Rock
|move|p1a: Alomomola|Toxic|p2a: Necrozma
|-status|p2a: Necrozma|tox
|
|-damage|p2a: Necrozma|94/100 tox|[from] psn
|upkeep
|turn|3
|
|t:|1657351100
|switch|p2a: Zacian|Zacian-Crowned|100/100
|-ability|p2a: Zacian|Intrepid Sword|boost
|-boost|p2a: Zacian|atk|1
|switch|p1a: Lugia|Lugia|100/100
|-damage|p1a: Lugia|76/100|[from] Stealth Rock
|-ability|p1a: Lugia|Pressure
|
|-heal|p1a: Lugia|82/100|[from] item: Leftovers
|upkeep
|turn|4
|
|t:|1657351104
|move|p2a: Zacian|Behemoth Blade|p1a: Lugia
|-damage|p1a: Lugia|21/100
|move|p1a: Lugia|Defog|p2a: Zacian
|-unboost|p2a: Zacian|evasion|1
|-sideend|p1: frostcrush|Stealth Rock|[from] move: Defog|[of] p1a: Lugia
|
|-heal|p1a: Lugia|27/100|[from] item: Leftovers
|upkeep
|turn|5
|
|t:|1657351111
|switch|p1a: Magnemite|Magnemite, L1|100/100
|move|p2a: Zacian|Play Rough|p1a: Magnemite
|-resisted|p1a: Magnemite
|-ability|p1a: Magnemite|Sturdy
|-damage|p1a: Magnemite|10/100
|-enditem|p1a: Magnemite|Berry Juice
|-heal|p1a: Magnemite|100/100|[from] item: Berry Juice
|
|upkeep
|turn|6
|
|t:|1657351117
|move|p2a: Zacian|Behemoth Blade|p1a: Magnemite
|-resisted|p1a: Magnemite
|-ability|p1a: Magnemite|Sturdy
|-damage|p1a: Magnemite|10/100
|move|p1a: Magnemite|Recycle|p1a: Magnemite
|-item|p1a: Magnemite|Berry Juice|[from] move: Recycle
|-enditem|p1a: Magnemite|Berry Juice
|-heal|p1a: Magnemite|100/100|[from] item: Berry Juice
|
|upkeep
|turn|7
|
|t:|1657351121
|move|p2a: Zacian|Behemoth Blade|p1a: Magnemite
|-resisted|p1a: Magnemite
|-ability|p1a: Magnemite|Sturdy
|-damage|p1a: Magnemite|10/100
|move|p1a: Magnemite|Recycle|p1a: Magnemite
|-item|p1a: Magnemite|Berry Juice|[from] move: Recycle
|-enditem|p1a: Magnemite|Berry Juice
|-heal|p1a: Magnemite|100/100|[from] item: Berry Juice
|
|upkeep
|turn|8
|
|t:|1657351132
|move|p2a: Zacian|Behemoth Blade|p1a: Magnemite
|-resisted|p1a: Magnemite
|-ability|p1a: Magnemite|Sturdy
|-damage|p1a: Magnemite|10/100
|move|p1a: Magnemite|Recycle|p1a: Magnemite
|-item|p1a: Magnemite|Berry Juice|[from] move: Recycle
|-enditem|p1a: Magnemite|Berry Juice
|-heal|p1a: Magnemite|100/100|[from] item: Berry Juice
|
|upkeep
|turn|9
|
|t:|1657351135
|move|p2a: Zacian|Behemoth Blade|p1a: Magnemite
|-resisted|p1a: Magnemite
|-ability|p1a: Magnemite|Sturdy
|-damage|p1a: Magnemite|10/100
|move|p1a: Magnemite|Recycle|p1a: Magnemite
|-item|p1a: Magnemite|Berry Juice|[from] move: Recycle
|-enditem|p1a: Magnemite|Berry Juice
|-heal|p1a: Magnemite|100/100|[from] item: Berry Juice
|
|upkeep
|turn|10
|
|t:|1657351138
|move|p2a: Zacian|Behemoth Blade|p1a: Magnemite
|-resisted|p1a: Magnemite
|-ability|p1a: Magnemite|Sturdy
|-damage|p1a: Magnemite|10/100
|move|p1a: Magnemite|Recycle|p1a: Magnemite
|-item|p1a: Magnemite|Berry Juice|[from] move: Recycle
|-enditem|p1a: Magnemite|Berry Juice
|-heal|p1a: Magnemite|100/100|[from] item: Berry Juice
|
|upkeep
|turn|11
|
|t:|1657351143
|move|p2a: Zacian|Behemoth Blade|p1a: Magnemite
|-resisted|p1a: Magnemite
|-ability|p1a: Magnemite|Sturdy
|-damage|p1a: Magnemite|10/100
|move|p1a: Magnemite|Recycle|p1a: Magnemite
|-item|p1a: Magnemite|Berry Juice|[from] move: Recycle
|-enditem|p1a: Magnemite|Berry Juice
|-heal|p1a: Magnemite|100/100|[from] item: Berry Juice
|
|upkeep
|turn|12
|
|t:|1657351158
|switch|p1a: Pyukumuku|Pyukumuku, F|100/100
|move|p2a: Zacian|Play Rough|p1a: Pyukumuku
|-crit|p1a: Pyukumuku
|-damage|p1a: Pyukumuku|23/100
|
|-heal|p1a: Pyukumuku|29/100|[from] item: Leftovers
|upkeep
|turn|13
|
|t:|1657351161
|move|p2a: Zacian|Play Rough|p1a: Pyukumuku
|-damage|p1a: Pyukumuku|0 fnt
|faint|p1a: Pyukumuku
|
|upkeep
|
|t:|1657351168
|switch|p1a: Manectric|Manectric, F|100/100
|turn|14
|
|t:|1657351172
|switch|p2a: Arceus|Arceus-Dark|100/100
|detailschange|p1a: Manectric|Manectric-Mega, F
|-mega|p1a: Manectric|Manectric|Manectite
|-ability|p1a: Manectric|Intimidate|boost
|-unboost|p2a: Arceus|atk|1
|move|p1a: Manectric|Flamethrower|p2a: Arceus
|-damage|p2a: Arceus|83/100
|
|upkeep
|turn|15
|
|t:|1657351180
|switch|p2a: Rayquaza|Rayquaza|100/100
|-ability|p2a: Rayquaza|Air Lock
|move|p1a: Manectric|Volt Switch|p2a: Rayquaza
|-damage|p2a: Rayquaza|58/100
|
|t:|1657351188
|switch|p1a: Lugia|Lugia|27/100|[from]move: Volt Switch
|-ability|p1a: Lugia|Pressure
|
|-heal|p1a: Lugia|33/100|[from] item: Leftovers
|upkeep
|turn|16
|
|t:|1657351191
|switch|p2a: Zacian|Zacian-Crowned|100/100
|-ability|p2a: Zacian|Intrepid Sword|boost
|-boost|p2a: Zacian|atk|1
|move|p1a: Lugia|Toxic|p2a: Zacian
|-immune|p2a: Zacian
|
|-heal|p1a: Lugia|39/100|[from] item: Leftovers
|upkeep
|turn|17
|
|t:|1657351195
|switch|p1a: Manectric|Manectric-Mega, F|100/100
|-ability|p1a: Manectric|Intimidate|boost
|-unboost|p2a: Zacian|atk|1
|move|p2a: Zacian|Play Rough|p1a: Manectric
|-damage|p1a: Manectric|10/100
|
|upkeep
|turn|18
|
|t:|1657351198
|move|p2a: Zacian|Play Rough|p1a: Manectric
|-damage|p1a: Manectric|0 fnt
|faint|p1a: Manectric
|
|upkeep
|
|t:|1657351203
|switch|p1a: Alomomola|Alomomola, M|100/100
|turn|19
|
|t:|1657351204
|move|p2a: Zacian|Play Rough|p1a: Alomomola
|-damage|p1a: Alomomola|72/100
|move|p1a: Alomomola|Soak|p2a: Zacian
|-start|p2a: Zacian|typechange|Water
|
|-heal|p1a: Alomomola|78/100|[from] item: Leftovers
|upkeep
|turn|20
|
|t:|1657351208
|move|p2a: Zacian|Play Rough|p1a: Alomomola
|-damage|p1a: Alomomola|58/100
|-unboost|p1a: Alomomola|atk|1
|move|p1a: Alomomola|Toxic|p2a: Zacian
|-status|p2a: Zacian|tox
|
|-heal|p1a: Alomomola|64/100|[from] item: Leftovers
|-damage|p2a: Zacian|94/100 tox|[from] psn
|upkeep
|turn|21
|
|t:|1657351218
|switch|p2a: Necrozma|Necrozma-Dusk-Mane|94/100 tox
|move|p1a: Alomomola|Protect||[still]
|-fail|p1a: Alomomola
|
|-heal|p1a: Alomomola|70/100|[from] item: Leftovers
|-damage|p2a: Necrozma|88/100 tox|[from] psn
|upkeep
|turn|22
|
|t:|1657351221
|switch|p1a: Lugia|Lugia|39/100
|-ability|p1a: Lugia|Pressure
|move|p2a: Necrozma|Stealth Rock|p1a: Lugia
|-sidestart|p1: frostcrush|move: Stealth Rock
|
|-heal|p1a: Lugia|45/100|[from] item: Leftovers
|-damage|p2a: Necrozma|76/100 tox|[from] psn
|upkeep
|turn|23
|
|t:|1657351224
|switch|p2a: Zacian|Zacian-Crowned|94/100 tox
|-ability|p2a: Zacian|Intrepid Sword|boost
|-boost|p2a: Zacian|atk|1
|move|p1a: Lugia|Roost|p1a: Lugia
|-heal|p1a: Lugia|95/100
|-singleturn|p1a: Lugia|move: Roost
|
|-heal|p1a: Lugia|100/100|[from] item: Leftovers
|-damage|p2a: Zacian|88/100 tox|[from] psn
|upkeep
|turn|24
|
|t:|1657351230
|switch|p2a: Necrozma|Necrozma-Dusk-Mane|76/100 tox
|move|p1a: Lugia|Defog|p2a: Necrozma
|-unboost|p2a: Necrozma|evasion|1
|-sideend|p1: frostcrush|Stealth Rock|[from] move: Defog|[of] p1a: Lugia
|
|-damage|p2a: Necrozma|70/100 tox|[from] psn
|upkeep
|turn|25
|
|t:|1657351234
|move|p1a: Lugia|Substitute|p1a: Lugia
|-start|p1a: Lugia|Substitute
|-damage|p1a: Lugia|76/100
|move|p2a: Necrozma|Moonlight|p2a: Necrozma
|-heal|p2a: Necrozma|100/100 tox
|
|-heal|p1a: Lugia|82/100|[from] item: Leftovers
|-damage|p2a: Necrozma|88/100 tox|[from] psn
|upkeep
|turn|26
|
|t:|1657351239
|switch|p2a: Zacian|Zacian-Crowned|88/100 tox
|-ability|p2a: Zacian|Intrepid Sword|boost
|-boost|p2a: Zacian|atk|1
|move|p1a: Lugia|Roost|p1a: Lugia
|-heal|p1a: Lugia|100/100
|-singleturn|p1a: Lugia|move: Roost
|
|-damage|p2a: Zacian|82/100 tox|[from] psn
|upkeep
|turn|27
|
|t:|1657351243
|switch|p2a: Necrozma|Necrozma-Dusk-Mane|88/100 tox
|move|p1a: Lugia|Substitute|p1a: Lugia
|-fail|p1a: Lugia|move: Substitute
|
|-damage|p2a: Necrozma|82/100 tox|[from] psn
|upkeep
|turn|28
|
|t:|1657351246
|switch|p1a: Magnemite|Magnemite, L1|100/100
|move|p2a: Necrozma|Moonlight|p2a: Necrozma
|-heal|p2a: Necrozma|100/100 tox
|
|-damage|p2a: Necrozma|88/100 tox|[from] psn
|upkeep
|turn|29
|
|t:|1657351250
|move|p2a: Necrozma|Stealth Rock|p1a: Magnemite
|-sidestart|p1: frostcrush|move: Stealth Rock
|move|p1a: Magnemite|Recycle|p1a: Magnemite
|-item|p1a: Magnemite|Berry Juice|[from] move: Recycle
|
|-damage|p2a: Necrozma|70/100 tox|[from] psn
|upkeep
|turn|30
|
|t:|1657351254
|move|p1a: Magnemite|Protect|p1a: Magnemite
|-singleturn|p1a: Magnemite|Protect
|move|p2a: Necrozma|Sunsteel Strike|p1a: Magnemite
|-activate|p1a: Magnemite|move: Protect
|
|-damage|p2a: Necrozma|46/100 tox|[from] psn
|upkeep
|turn|31
|
|t:|1657351273
|switch|p1a: Gloom|Gloom, M|100/100
|-damage|p1a: Gloom|88/100|[from] Stealth Rock
|move|p2a: Necrozma|Moonlight|p2a: Necrozma
|-heal|p2a: Necrozma|96/100 tox
|
|-damage|p2a: Necrozma|66/100 tox|[from] psn
|upkeep
|turn|32
|
|t:|1657351277
|switch|p2a: Rayquaza|Rayquaza|58/100
|-ability|p2a: Rayquaza|Air Lock
|move|p1a: Gloom|Leech Seed|p2a: Rayquaza
|-start|p2a: Rayquaza|move: Leech Seed
|
|-damage|p2a: Rayquaza|46/100|[from] Leech Seed|[of] p1a: Gloom
|-heal|p1a: Gloom|100/100|[silent]
|upkeep
|turn|33
|
|t:|1657351282
|detailschange|p2a: Rayquaza|Rayquaza-Mega
|-mega|p2a: Rayquaza|Rayquaza|
|-weather|DeltaStream|[from] ability: Delta Stream|[of] p2a: Rayquaza
|move|p2a: Rayquaza|Waterfall|p1a: Gloom
|-resisted|p1a: Gloom
|-damage|p1a: Gloom|76/100
|cant|p1a: Gloom|flinch
|
|-weather|DeltaStream|[upkeep]
|-damage|p2a: Rayquaza|34/100|[from] Leech Seed|[of] p1a: Gloom
|-heal|p1a: Gloom|90/100|[silent]
|upkeep
|turn|34
|
|t:|1657351289
|-weather|none
|switch|p2a: Necrozma|Necrozma-Dusk-Mane|66/100 tox
|move|p1a: Gloom|Strength Sap|p2a: Necrozma
|-unboost|p2a: Necrozma|atk|1
|-heal|p1a: Gloom|100/100
|
|-damage|p2a: Necrozma|60/100 tox|[from] psn
|upkeep
|turn|35
|
|t:|1657351294
|move|p2a: Necrozma|Moonlight|p2a: Necrozma
|-heal|p2a: Necrozma|100/100 tox
|move|p1a: Gloom|Leech Seed|p2a: Necrozma
|-start|p2a: Necrozma|move: Leech Seed
|
|-damage|p2a: Necrozma|88/100 tox|[from] Leech Seed|[of] p1a: Gloom
|-damage|p2a: Necrozma|76/100 tox|[from] psn
|upkeep
|turn|36
|
|t:|1657351299
|switch|p1a: Lugia|Lugia|100/100
|-damage|p1a: Lugia|76/100|[from] Stealth Rock
|-ability|p1a: Lugia|Pressure
|move|p2a: Necrozma|Moonlight|p2a: Necrozma
|-heal|p2a: Necrozma|100/100 tox
|
|-heal|p1a: Lugia|82/100|[from] item: Leftovers
|-damage|p2a: Necrozma|88/100 tox|[from] Leech Seed|[of] p1a: Lugia
|-heal|p1a: Lugia|94/100|[silent]
|-damage|p2a: Necrozma|70/100 tox|[from] psn
|upkeep
|turn|37
|
|t:|1657351302
|switch|p2a: Zacian|Zacian-Crowned|82/100 tox
|-ability|p2a: Zacian|Intrepid Sword|boost
|-boost|p2a: Zacian|atk|1
|move|p1a: Lugia|Defog|p2a: Zacian
|-unboost|p2a: Zacian|evasion|1
|-sideend|p1: frostcrush|Stealth Rock|[from] move: Defog|[of] p1a: Lugia
|
|-heal|p1a: Lugia|99/100|[from] item: Leftovers
|-damage|p2a: Zacian|76/100 tox|[from] psn
|upkeep
|turn|38
|
|t:|1657351306
|switch|p2a: Necrozma|Necrozma-Dusk-Mane|70/100 tox
|move|p1a: Lugia|Substitute|p1a: Lugia
|-start|p1a: Lugia|Substitute
|-damage|p1a: Lugia|75/100
|
|-heal|p1a: Lugia|81/100|[from] item: Leftovers
|-damage|p2a: Necrozma|64/100 tox|[from] psn
|upkeep
|turn|39
|
|t:|1657351308
|move|p1a: Lugia|Roost|p1a: Lugia
|-heal|p1a: Lugia|100/100
|-singleturn|p1a: Lugia|move: Roost
|move|p2a: Necrozma|Moonlight|p2a: Necrozma
|-heal|p2a: Necrozma|100/100 tox
|
|-damage|p2a: Necrozma|88/100 tox|[from] psn
|upkeep
|turn|40
|
|t:|1657351313
|switch|p2a: Zacian|Zacian-Crowned|76/100 tox
|-ability|p2a: Zacian|Intrepid Sword|boost
|-boost|p2a: Zacian|atk|1
|move|p1a: Lugia|Substitute|p1a: Lugia
|-fail|p1a: Lugia|move: Substitute
|
|-damage|p2a: Zacian|70/100 tox|[from] psn
|upkeep
|turn|41
|
|t:|1657351316
|switch|p2a: Necrozma|Necrozma-Dusk-Mane|88/100 tox
|move|p1a: Lugia|Substitute|p1a: Lugia
|-fail|p1a: Lugia|move: Substitute
|
|-damage|p2a: Necrozma|82/100 tox|[from] psn
|upkeep
|turn|42
|
|t:|1657351321
|move|p1a: Lugia|Substitute|p1a: Lugia
|-fail|p1a: Lugia|move: Substitute
|move|p2a: Necrozma|Knock Off|p1a: Lugia
|-supereffective|p1a: Lugia
|-end|p1a: Lugia|Substitute
|
|-damage|p2a: Necrozma|70/100 tox|[from] psn
|upkeep
|turn|43
|
|t:|1657351324
|switch|p2a: Zacian|Zacian-Crowned|70/100 tox
|-ability|p2a: Zacian|Intrepid Sword|boost
|-boost|p2a: Zacian|atk|1
|move|p1a: Lugia|Substitute|p1a: Lugia
|-start|p1a: Lugia|Substitute
|-damage|p1a: Lugia|76/100
|
|-heal|p1a: Lugia|82/100|[from] item: Leftovers
|-damage|p2a: Zacian|64/100 tox|[from] psn
|upkeep
|turn|44
|
|t:|1657351326
|switch|p2a: Necrozma|Necrozma-Dusk-Mane|70/100 tox
|move|p1a: Lugia|Roost|p1a: Lugia
|-heal|p1a: Lugia|100/100
|-singleturn|p1a: Lugia|move: Roost
|
|-damage|p2a: Necrozma|64/100 tox|[from] psn
|upkeep
|turn|45
|
|t:|1657351329
|switch|p1a: Alomomola|Alomomola, M|100/100
|move|p2a: Necrozma|Knock Off|p1a: Alomomola
|-damage|p1a: Alomomola|82/100
|-enditem|p1a: Alomomola|Leftovers|[from] move: Knock Off|[of] p2a: Necrozma
|
|-damage|p2a: Necrozma|52/100 tox|[from] psn
|upkeep
|turn|46
|
|t:|1657351335
|move|p2a: Necrozma|Knock Off|p1a: Alomomola
|-damage|p1a: Alomomola|70/100
|move|p1a: Alomomola|Scald|p2a: Necrozma
|-damage|p2a: Necrozma|42/100 tox
|
|-damage|p2a: Necrozma|23/100 tox|[from] psn
|upkeep
|turn|47
|
|t:|1657351342
|switch|p2a: Zacian|Zacian-Crowned|64/100 tox
|-ability|p2a: Zacian|Intrepid Sword|boost
|-boost|p2a: Zacian|atk|1
|move|p1a: Alomomola|Scald|p2a: Zacian
|-damage|p2a: Zacian|50/100 tox
|
|-damage|p2a: Zacian|44/100 tox|[from] psn
|upkeep
|turn|48
|
|t:|1657351349
|switch|p2a: Necrozma|Necrozma-Dusk-Mane|23/100 tox
|move|p1a: Alomomola|Protect||[still]
|-fail|p1a: Alomomola
|
|-damage|p2a: Necrozma|17/100 tox|[from] psn
|upkeep
|turn|49
|
|t:|1657351355
|move|p1a: Alomomola|Protect|p1a: Alomomola
|-singleturn|p1a: Alomomola|Protect
|move|p2a: Necrozma|Moonlight|p2a: Necrozma
|-heal|p2a: Necrozma|67/100 tox
|
|-damage|p2a: Necrozma|55/100 tox|[from] psn
|upkeep
|turn|50
|
|t:|1657351359
|move|p2a: Necrozma|Knock Off|p1a: Alomomola
|-damage|p1a: Alomomola|59/100
|move|p1a: Alomomola|Scald|p2a: Necrozma
|-damage|p2a: Necrozma|45/100 tox
|
|-damage|p2a: Necrozma|26/100 tox|[from] psn
|upkeep
|turn|51
|
|t:|1657351363
|move|p2a: Necrozma|Moonlight|p2a: Necrozma
|-heal|p2a: Necrozma|76/100 tox
|move|p1a: Alomomola|Scald|p2a: Necrozma
|-damage|p2a: Necrozma|66/100 tox
|
|-damage|p2a: Necrozma|42/100 tox|[from] psn
|upkeep
|turn|52
|
|t:|1657351369
|switch|p2a: Rayquaza|Rayquaza-Mega|34/100
|-weather|DeltaStream|[from] ability: Delta Stream|[of] p2a: Rayquaza
|switch|p1a: Magnemite|Magnemite, L1|100/100
|
|-weather|DeltaStream|[upkeep]
|upkeep
|turn|53
|
|t:|1657351372
|move|p2a: Rayquaza|Dragon Ascent|p1a: Magnemite
|-resisted|p1a: Magnemite
|-crit|p1a: Magnemite
|-ability|p1a: Magnemite|Sturdy
|-damage|p1a: Magnemite|10/100
|-unboost|p2a: Rayquaza|def|1
|-unboost|p2a: Rayquaza|spd|1
|-enditem|p1a: Magnemite|Berry Juice
|-heal|p1a: Magnemite|100/100|[from] item: Berry Juice
|move|p1a: Magnemite|Toxic|p2a: Rayquaza
|-status|p2a: Rayquaza|tox
|
|-weather|DeltaStream|[upkeep]
|-damage|p2a: Rayquaza|28/100 tox|[from] psn
|upkeep
|turn|54
|
|t:|1657351380
|move|p2a: Rayquaza|Dragon Ascent|p1a: Magnemite
|-resisted|p1a: Magnemite
|-ability|p1a: Magnemite|Sturdy
|-damage|p1a: Magnemite|10/100
|-unboost|p2a: Rayquaza|def|1
|-unboost|p2a: Rayquaza|spd|1
|move|p1a: Magnemite|Recycle|p1a: Magnemite
|-item|p1a: Magnemite|Berry Juice|[from] move: Recycle
|-enditem|p1a: Magnemite|Berry Juice
|-heal|p1a: Magnemite|100/100|[from] item: Berry Juice
|
|-weather|DeltaStream|[upkeep]
|-damage|p2a: Rayquaza|16/100 tox|[from] psn
|upkeep
|turn|55
|
|t:|1657351383
|-weather|none
|switch|p2a: Zacian|Zacian-Crowned|44/100 tox
|-ability|p2a: Zacian|Intrepid Sword|boost
|-boost|p2a: Zacian|atk|1
|move|p1a: Magnemite|Recycle|p1a: Magnemite
|-item|p1a: Magnemite|Berry Juice|[from] move: Recycle
|
|-damage|p2a: Zacian|38/100 tox|[from] psn
|upkeep
|turn|56
|
|t:|1657351387
|move|p2a: Zacian|Play Rough|p1a: Magnemite
|-resisted|p1a: Magnemite
|-ability|p1a: Magnemite|Sturdy
|-damage|p1a: Magnemite|10/100
|-enditem|p1a: Magnemite|Berry Juice
|-heal|p1a: Magnemite|100/100|[from] item: Berry Juice
|move|p1a: Magnemite|Double Team|p1a: Magnemite
|-boost|p1a: Magnemite|evasion|1
|
|-damage|p2a: Zacian|26/100 tox|[from] psn
|upkeep
|turn|57
|
|t:|1657351392
|move|p2a: Zacian|Play Rough|p1a: Magnemite|[miss]
|-miss|p2a: Zacian|p1a: Magnemite
|move|p1a: Magnemite|Recycle|p1a: Magnemite
|-item|p1a: Magnemite|Berry Juice|[from] move: Recycle
|
|-damage|p2a: Zacian|7/100 tox|[from] psn
|upkeep
|turn|58
|
|t:|1657351395
|move|p2a: Zacian|Play Rough|p1a: Magnemite
|-resisted|p1a: Magnemite
|-ability|p1a: Magnemite|Sturdy
|-damage|p1a: Magnemite|10/100
|-enditem|p1a: Magnemite|Berry Juice
|-heal|p1a: Magnemite|100/100|[from] item: Berry Juice
|move|p1a: Magnemite|Double Team|p1a: Magnemite
|-boost|p1a: Magnemite|evasion|1
|
|-damage|p2a: Zacian|0 fnt|[from] psn
|faint|p2a: Zacian
|upkeep
|
|t:|1657351395
|switch|p2a: Necrozma|Necrozma-Dusk-Mane|42/100 tox
|turn|59
|
|t:|1657351401
|move|p1a: Magnemite|Protect|p1a: Magnemite
|-singleturn|p1a: Magnemite|Protect
|move|p2a: Necrozma|Stealth Rock|p1a: Magnemite
|-sidestart|p1: frostcrush|move: Stealth Rock
|
|-damage|p2a: Necrozma|36/100 tox|[from] psn
|upkeep
|turn|60
|
|t:|1657351405
|move|p2a: Necrozma|Sunsteel Strike|p1a: Magnemite|[miss]
|-miss|p2a: Necrozma|p1a: Magnemite
|move|p1a: Magnemite|Recycle|p1a: Magnemite
|-item|p1a: Magnemite|Berry Juice|[from] move: Recycle
|
|-damage|p2a: Necrozma|24/100 tox|[from] psn
|upkeep
|turn|61
|
|t:|1657351411
|move|p2a: Necrozma|Sunsteel Strike|p1a: Magnemite|[miss]
|-miss|p2a: Necrozma|p1a: Magnemite
|move|p1a: Magnemite|Double Team|p1a: Magnemite
|-boost|p1a: Magnemite|evasion|1
|
|-damage|p2a: Necrozma|6/100 tox|[from] psn
|upkeep
|turn|62
|
|t:|1657351416
|move|p1a: Magnemite|Protect|p1a: Magnemite
|-singleturn|p1a: Magnemite|Protect
|move|p2a: Necrozma|Sunsteel Strike|p1a: Magnemite
|-activate|p1a: Magnemite|move: Protect
|
|-damage|p2a: Necrozma|0 fnt|[from] psn
|faint|p2a: Necrozma
|upkeep
|
|t:|1657351416
|switch|p2a: Rayquaza|Rayquaza-Mega|16/100 tox
|-weather|DeltaStream|[from] ability: Delta Stream|[of] p2a: Rayquaza
|turn|63
|
|t:|1657351424
|move|p2a: Rayquaza|Dragon Ascent|p1a: Magnemite|[miss]
|-miss|p2a: Rayquaza|p1a: Magnemite
|move|p1a: Magnemite|Recycle||[still]
|-fail|p1a: Magnemite
|
|-weather|DeltaStream|[upkeep]
|-damage|p2a: Rayquaza|10/100 tox|[from] psn
|upkeep
|turn|64
|
|t:|1657351429
|-weather|none
|switch|p2a: Arceus|Arceus-Dark|83/100
|move|p1a: Magnemite|Protect||[still]
|-fail|p1a: Magnemite
|
|upkeep
|turn|65
|
|t:|1657351432
|move|p2a: Arceus|Judgment|p1a: Magnemite
|-ability|p1a: Magnemite|Sturdy
|-damage|p1a: Magnemite|10/100
|-enditem|p1a: Magnemite|Berry Juice
|-heal|p1a: Magnemite|100/100|[from] item: Berry Juice
|move|p1a: Magnemite|Toxic|p2a: Arceus
|-status|p2a: Arceus|tox
|
|-damage|p2a: Arceus|77/100 tox|[from] psn
|upkeep
|turn|66
|
|t:|1657351438
|switch|p2a: Rayquaza|Rayquaza-Mega|10/100 tox
|-weather|DeltaStream|[from] ability: Delta Stream|[of] p2a: Rayquaza
|move|p1a: Magnemite|Recycle|p1a: Magnemite
|-item|p1a: Magnemite|Berry Juice|[from] move: Recycle
|
|-weather|DeltaStream|[upkeep]
|-damage|p2a: Rayquaza|4/100 tox|[from] psn
|upkeep
|turn|67
|
|t:|1657351447
|-weather|none
|switch|p2a: Arceus|Arceus-Dark|77/100 tox
|move|p1a: Magnemite|Protect||[still]
|-fail|p1a: Magnemite
|
|-damage|p2a: Arceus|71/100 tox|[from] psn
|upkeep
|turn|68
|
|t:|1657351455
|move|p2a: Arceus|Judgment|p1a: Magnemite
|-ability|p1a: Magnemite|Sturdy
|-damage|p1a: Magnemite|10/100
|-enditem|p1a: Magnemite|Berry Juice
|-heal|p1a: Magnemite|100/100|[from] item: Berry Juice
|move|p1a: Magnemite|Double Team|p1a: Magnemite
|-boost|p1a: Magnemite|evasion|1
|
|-damage|p2a: Arceus|59/100 tox|[from] psn
|upkeep
|turn|69
|
|t:|1657351458
|move|p2a: Arceus|Recover|p2a: Arceus
|-heal|p2a: Arceus|100/100 tox
|move|p1a: Magnemite|Recycle|p1a: Magnemite
|-item|p1a: Magnemite|Berry Juice|[from] move: Recycle
|
|-damage|p2a: Arceus|82/100 tox|[from] psn
|upkeep
|turn|70
|
|t:|1657351463
|switch|p2a: Arceus|Arceus-Water|100/100
|move|p1a: Magnemite|Protect||[still]
|-fail|p1a: Magnemite
|
|upkeep
|turn|71
|
|t:|1657351465
|move|p2a: Arceus|Whirlpool|p1a: Magnemite|[miss]
|-miss|p2a: Arceus|p1a: Magnemite
|move|p1a: Magnemite|Toxic|p2a: Arceus
|-status|p2a: Arceus|tox
|
|-damage|p2a: Arceus|94/100 tox|[from] psn
|upkeep
|turn|72
|
|t:|1657351473
|move|p1a: Magnemite|Protect|p1a: Magnemite
|-singleturn|p1a: Magnemite|Protect
|move|p2a: Arceus|Whirlpool|p1a: Magnemite
|-activate|p1a: Magnemite|move: Protect
|
|-damage|p2a: Arceus|82/100 tox|[from] psn
|upkeep
|turn|73
|
|t:|1657351480
|switch|p1a: Lugia|Lugia|100/100
|-damage|p1a: Lugia|76/100|[from] Stealth Rock
|-ability|p1a: Lugia|Pressure
|move|p2a: Arceus|Whirlpool|p1a: Lugia
|-crit|p1a: Lugia
|-damage|p1a: Lugia|58/100
|-activate|p1a: Lugia|move: Whirlpool|[of] p2a: Arceus
|
|-heal|p1a: Lugia|64/100|[from] item: Leftovers
|-damage|p2a: Arceus|64/100 tox|[from] psn
|-damage|p1a: Lugia|52/100|[from] move: Whirlpool|[partiallytrapped]
|upkeep
|turn|74
|
|t:|1657351482
|move|p1a: Lugia|Defog|p2a: Arceus
|-unboost|p2a: Arceus|evasion|1
|-sideend|p1: frostcrush|Stealth Rock|[from] move: Defog|[of] p1a: Lugia
|move|p2a: Arceus|Recover|p2a: Arceus
|-heal|p2a: Arceus|100/100 tox
|
|-heal|p1a: Lugia|58/100|[from] item: Leftovers
|-damage|p2a: Arceus|76/100 tox|[from] psn
|-damage|p1a: Lugia|46/100|[from] move: Whirlpool|[partiallytrapped]
|upkeep
|turn|75
|
|t:|1657351485
|switch|p2a: Arceus|Arceus-Dark|82/100 tox
|move|p1a: Lugia|Substitute|p1a: Lugia
|-start|p1a: Lugia|Substitute
|-end|p1a: Lugia|Whirlpool|[partiallytrapped]|[silent]
|-damage|p1a: Lugia|21/100
|
|-heal|p1a: Lugia|27/100|[from] item: Leftovers
|-damage|p2a: Arceus|76/100 tox|[from] psn
|upkeep
|turn|76
|
|t:|1657351487
|switch|p2a: Arceus|Arceus-Water|76/100 tox
|move|p1a: Lugia|Roost|p1a: Lugia
|-heal|p1a: Lugia|77/100
|-singleturn|p1a: Lugia|move: Roost
|
|-heal|p1a: Lugia|83/100|[from] item: Leftovers
|-damage|p2a: Arceus|70/100 tox|[from] psn
|upkeep
|turn|77
|
|t:|1657351493
|move|p1a: Lugia|Roost|p1a: Lugia
|-heal|p1a: Lugia|100/100
|-singleturn|p1a: Lugia|move: Roost
|move|p2a: Arceus|Recover|p2a: Arceus
|-heal|p2a: Arceus|100/100 tox
|
|-damage|p2a: Arceus|88/100 tox|[from] psn
|upkeep
|turn|78
|
|t:|1657351498
|switch|p2a: Arceus|Arceus-Dark|76/100 tox
|move|p1a: Lugia|Defog|p2a: Arceus
|-unboost|p2a: Arceus|evasion|1
|
|-damage|p2a: Arceus|70/100 tox|[from] psn
|upkeep
|turn|79
|
|t:|1657351503
|move|p1a: Lugia|Defog|p2a: Arceus
|-unboost|p2a: Arceus|evasion|1
|move|p2a: Arceus|Defog||[still]
|-fail|p2a: Arceus
|
|-damage|p2a: Arceus|58/100 tox|[from] psn
|upkeep
|turn|80
|
|t:|1657351506
|move|p1a: Lugia|Defog|p2a: Arceus
|-unboost|p2a: Arceus|evasion|1
|move|p2a: Arceus|Recover|p2a: Arceus
|-heal|p2a: Arceus|100/100 tox
|
|-damage|p2a: Arceus|82/100 tox|[from] psn
|upkeep
|turn|81
|
|t:|1657351510
|switch|p2a: Arceus|Arceus-Water|88/100 tox
|move|p1a: Lugia|Defog|p2a: Arceus
|-unboost|p2a: Arceus|evasion|1
|
|-damage|p2a: Arceus|82/100 tox|[from] psn
|upkeep
|turn|82
|
|t:|1657351513
|switch|p2a: Arceus|Arceus-Dark|82/100 tox
|move|p1a: Lugia|Defog|p2a: Arceus
|-unboost|p2a: Arceus|evasion|1
|
|-damage|p2a: Arceus|76/100 tox|[from] psn
|upkeep
|turn|83
|
|t:|1657351517
|move|p1a: Lugia|Defog|p2a: Arceus
|-unboost|p2a: Arceus|evasion|1
|move|p2a: Arceus|Defog||[still]
|-fail|p2a: Arceus
|
|-damage|p2a: Arceus|64/100 tox|[from] psn
|upkeep
|turn|84
|
|t:|1657351520
|move|p1a: Lugia|Defog|p2a: Arceus
|-unboost|p2a: Arceus|evasion|1
|move|p2a: Arceus|Recover|p2a: Arceus
|-heal|p2a: Arceus|100/100 tox
|
|-damage|p2a: Arceus|82/100 tox|[from] psn
|upkeep
|turn|85
|
|t:|1657351522
|switch|p2a: Arceus|Arceus-Water|82/100 tox
|move|p1a: Lugia|Defog|p2a: Arceus
|-unboost|p2a: Arceus|evasion|1
|
|-damage|p2a: Arceus|76/100 tox|[from] psn
|upkeep
|turn|86
|
|t:|1657351526
|move|p1a: Lugia|Defog|p2a: Arceus
|-unboost|p2a: Arceus|evasion|1
|move|p2a: Arceus|Perish Song|p2a: Arceus
|-start|p1a: Lugia|perish3|[silent]
|-start|p2a: Arceus|perish3|[silent]
|-fieldactivate|move: Perish Song
|
|-damage|p2a: Arceus|64/100 tox|[from] psn
|-start|p1a: Lugia|perish3
|-start|p2a: Arceus|perish3
|upkeep
|turn|87
|
|t:|1657351531
|move|p1a: Lugia|Defog|p2a: Arceus
|-unboost|p2a: Arceus|evasion|1
|move|p2a: Arceus|Recover|p2a: Arceus
|-heal|p2a: Arceus|100/100 tox
|
|-damage|p2a: Arceus|82/100 tox|[from] psn
|-start|p1a: Lugia|perish2
|-start|p2a: Arceus|perish2
|upkeep
|turn|88
|
|t:|1657351534
|switch|p2a: Arceus|Arceus-Dark|82/100 tox
|move|p1a: Lugia|Defog|p2a: Arceus
|-unboost|p2a: Arceus|evasion|1
|
|-damage|p2a: Arceus|76/100 tox|[from] psn
|-start|p1a: Lugia|perish1
|upkeep
|turn|89
|
|t:|1657351537
|switch|p1a: Gloom|Gloom, M|100/100
|move|p2a: Arceus|Defog|p1a: Gloom
|-unboost|p1a: Gloom|evasion|1
|
|-damage|p2a: Arceus|64/100 tox|[from] psn
|upkeep
|turn|90
|
|t:|1657351541
|move|p2a: Arceus|Recover|p2a: Arceus
|-heal|p2a: Arceus|100/100 tox
|move|p1a: Gloom|Leech Seed|p2a: Arceus
|-start|p2a: Arceus|move: Leech Seed
|
|-damage|p2a: Arceus|88/100 tox|[from] Leech Seed|[of] p1a: Gloom
|-damage|p2a: Arceus|70/100 tox|[from] psn
|upkeep
|turn|91
|c|☆frostcrush|you lose this lol stop stalling
|
|t:|1657351553
|switch|p2a: Rayquaza|Rayquaza-Mega|4/100 tox
|-weather|DeltaStream|[from] ability: Delta Stream|[of] p2a: Rayquaza
|switch|p1a: Alomomola|Alomomola, M|92/100
|
|-weather|DeltaStream|[upkeep]
|-damage|p2a: Rayquaza|0 fnt|[from] psn
|faint|p2a: Rayquaza
|-weather|none
|upkeep
|
|t:|1657351553
|switch|p2a: Arceus|Arceus-Dark|70/100 tox
|turn|92
|
|t:|1657351558
|switch|p1a: Gloom|Gloom, M|100/100
|move|p2a: Arceus|Defog|p1a: Gloom
|-unboost|p1a: Gloom|evasion|1
|
|-damage|p2a: Arceus|64/100 tox|[from] psn
|upkeep
|turn|93
|
|t:|1657351563
|move|p2a: Arceus|Recover|p2a: Arceus
|-heal|p2a: Arceus|100/100 tox
|move|p1a: Gloom|Leech Seed|p2a: Arceus
|-start|p2a: Arceus|move: Leech Seed
|
|-damage|p2a: Arceus|88/100 tox|[from] Leech Seed|[of] p1a: Gloom
|-damage|p2a: Arceus|76/100 tox|[from] psn
|upkeep
|turn|94
|
|t:|1657351571
|switch|p2a: Arceus|Arceus-Water|82/100 tox
|move|p1a: Gloom|Protect||[still]
|-fail|p1a: Gloom
|
|-damage|p2a: Arceus|76/100 tox|[from] psn
|upkeep
|turn|95
|
|t:|1657351576
|switch|p2a: Arceus|Arceus-Dark|76/100 tox
|move|p1a: Gloom|Protect||[still]
|-fail|p1a: Gloom
|
|-damage|p2a: Arceus|70/100 tox|[from] psn
|upkeep
|turn|96
|
|t:|1657351578
|move|p2a: Arceus|Recover|p2a: Arceus
|-heal|p2a: Arceus|100/100 tox
|move|p1a: Gloom|Leech Seed|p2a: Arceus
|-start|p2a: Arceus|move: Leech Seed
|
|-damage|p2a: Arceus|88/100 tox|[from] Leech Seed|[of] p1a: Gloom
|-damage|p2a: Arceus|76/100 tox|[from] psn
|upkeep
|turn|97
|
|t:|1657351581
|switch|p2a: Arceus|Arceus-Water|76/100 tox
|move|p1a: Gloom|Leech Seed|p2a: Arceus
|-start|p2a: Arceus|move: Leech Seed
|
|-damage|p2a: Arceus|64/100 tox|[from] Leech Seed|[of] p1a: Gloom
|-damage|p2a: Arceus|58/100 tox|[from] psn
|upkeep
|turn|98
|
|t:|1657351591
|switch|p2a: Arceus|Arceus-Dark|76/100 tox
|move|p1a: Gloom|Leech Seed|p2a: Arceus
|-start|p2a: Arceus|move: Leech Seed
|
|-damage|p2a: Arceus|64/100 tox|[from] Leech Seed|[of] p1a: Gloom
|-damage|p2a: Arceus|57/100 tox|[from] psn
|upkeep
|turn|99
|
|t:|1657351595
|switch|p1a: Lugia|Lugia|100/100
|-ability|p1a: Lugia|Pressure
|move|p2a: Arceus|Recover|p2a: Arceus
|-heal|p2a: Arceus|100/100 tox
|
|-damage|p2a: Arceus|88/100 tox|[from] Leech Seed|[of] p1a: Lugia
|-damage|p2a: Arceus|76/100 tox|[from] psn
|upkeep
|turn|100
|
|t:|1657351597
|switch|p2a: Arceus|Arceus-Water|58/100 tox
|move|p1a: Lugia|Substitute|p1a: Lugia
|-start|p1a: Lugia|Substitute
|-damage|p1a: Lugia|76/100
|
|-heal|p1a: Lugia|82/100|[from] item: Leftovers
|-damage|p2a: Arceus|52/100 tox|[from] psn
|upkeep
|turn|101
|
|t:|1657351600
|move|p1a: Lugia|Roost|p1a: Lugia
|-heal|p1a: Lugia|100/100
|-singleturn|p1a: Lugia|move: Roost
|move|p2a: Arceus|Recover|p2a: Arceus
|-heal|p2a: Arceus|100/100 tox
|
|-damage|p2a: Arceus|88/100 tox|[from] psn
|upkeep
|turn|102
|
|t:|1657351605
|switch|p2a: Arceus|Arceus-Dark|76/100 tox
|move|p1a: Lugia|Toxic|p2a: Arceus
|-fail|p2a: Arceus|tox
|
|-damage|p2a: Arceus|70/100 tox|[from] psn
|upkeep
|turn|103
|
|t:|1657351609
|move|p1a: Lugia|Toxic|p2a: Arceus
|-fail|p2a: Arceus|tox
|move|p2a: Arceus|Defog||[still]
|-fail|p2a: Arceus
|
|-damage|p2a: Arceus|58/100 tox|[from] psn
|upkeep
|turn|104
|
|t:|1657351612
|move|p1a: Lugia|Toxic|p2a: Arceus
|-fail|p2a: Arceus|tox
|move|p2a: Arceus|Recover|p2a: Arceus
|-heal|p2a: Arceus|100/100 tox
|
|-damage|p2a: Arceus|82/100 tox|[from] psn
|upkeep
|turn|105
|
|t:|1657351614
|switch|p2a: Arceus|Arceus-Water|88/100 tox
|move|p1a: Lugia|Toxic|p2a: Arceus
|-fail|p2a: Arceus|tox
|
|-damage|p2a: Arceus|82/100 tox|[from] psn
|upkeep
|turn|106
|
|t:|1657351620
|switch|p2a: Arceus|Arceus-Dark|82/100 tox
|move|p1a: Lugia|Toxic|p2a: Arceus|[miss]
|-miss|p1a: Lugia|p2a: Arceus
|
|-damage|p2a: Arceus|76/100 tox|[from] psn
|upkeep
|turn|107
|
|t:|1657351625
|move|p1a: Lugia|Toxic|p2a: Arceus
|-fail|p2a: Arceus|tox
|move|p2a: Arceus|Defog||[still]
|-fail|p2a: Arceus
|
|-damage|p2a: Arceus|64/100 tox|[from] psn
|upkeep
|turn|108
|
|t:|1657351628
|move|p1a: Lugia|Toxic|p2a: Arceus
|-fail|p2a: Arceus|tox
|move|p2a: Arceus|Recover|p2a: Arceus
|-heal|p2a: Arceus|100/100 tox
|
|-damage|p2a: Arceus|82/100 tox|[from] psn
|upkeep
|turn|109
|
|t:|1657351632
|switch|p2a: Arceus|Arceus-Water|82/100 tox
|move|p1a: Lugia|Toxic|p2a: Arceus
|-fail|p2a: Arceus|tox
|
|-damage|p2a: Arceus|76/100 tox|[from] psn
|upkeep
|turn|110
|
|t:|1657351638
|move|p1a: Lugia|Defog|p2a: Arceus
|-unboost|p2a: Arceus|evasion|1
|move|p2a: Arceus|Recover|p2a: Arceus
|-heal|p2a: Arceus|100/100 tox
|
|-damage|p2a: Arceus|88/100 tox|[from] psn
|upkeep
|turn|111
|
|t:|1657351641
|switch|p2a: Arceus|Arceus-Dark|82/100 tox
|move|p1a: Lugia|Defog|p2a: Arceus
|-unboost|p2a: Arceus|evasion|1
|
|-damage|p2a: Arceus|76/100 tox|[from] psn
|upkeep
|turn|112
|
|t:|1657351648
|move|p1a: Lugia|Defog|p2a: Arceus
|-unboost|p2a: Arceus|evasion|1
|move|p2a: Arceus|Defog||[still]
|-fail|p2a: Arceus
|
|-damage|p2a: Arceus|64/100 tox|[from] psn
|upkeep
|turn|113
|
|t:|1657351651
|move|p1a: Lugia|Roost||[still]
|-fail|p1a: Lugia|heal
|move|p2a: Arceus|Recover|p2a: Arceus
|-heal|p2a: Arceus|100/100 tox
|
|-damage|p2a: Arceus|82/100 tox|[from] psn
|upkeep
|turn|114
|
|t:|1657351658
|switch|p2a: Arceus|Arceus-Water|88/100 tox
|move|p1a: Lugia|Roost||[still]
|-fail|p1a: Lugia|heal
|
|-damage|p2a: Arceus|82/100 tox|[from] psn
|upkeep
|turn|115
|
|t:|1657351663
|switch|p1a: Alomomola|Alomomola, M|100/100
|switch|p2a: Arceus|Arceus-Dark|82/100 tox
|
|-damage|p2a: Arceus|76/100 tox|[from] psn
|upkeep
|turn|116
|
|t:|1657351666
|move|p2a: Arceus|Recover|p2a: Arceus
|-heal|p2a: Arceus|100/100 tox
|move|p1a: Alomomola|Scald|p2a: Arceus
|-damage|p2a: Arceus|93/100 tox
|
|-damage|p2a: Arceus|81/100 tox|[from] psn
|upkeep
|turn|117
|
|t:|1657351670
|switch|p2a: Arceus|Arceus-Water|82/100 tox
|move|p1a: Alomomola|Scald|p2a: Arceus
|-resisted|p2a: Arceus
|-damage|p2a: Arceus|78/100 tox
|
|-damage|p2a: Arceus|71/100 tox|[from] psn
|upkeep
|turn|118
|
|t:|1657351675
|move|p2a: Arceus|Whirlpool|p1a: Alomomola
|-resisted|p1a: Alomomola
|-damage|p1a: Alomomola|88/100
|-activate|p1a: Alomomola|move: Whirlpool|[of] p2a: Arceus
|move|p1a: Alomomola|Scald|p2a: Arceus
|-resisted|p2a: Arceus
|-damage|p2a: Arceus|67/100 tox
|
|-damage|p2a: Arceus|55/100 tox|[from] psn
|-damage|p1a: Alomomola|76/100|[from] move: Whirlpool|[partiallytrapped]
|upkeep
|turn|119
|
|t:|1657351680
|move|p2a: Arceus|Recover|p2a: Arceus
|-heal|p2a: Arceus|100/100 tox
|move|p1a: Alomomola|Scald|p2a: Arceus
|-resisted|p2a: Arceus
|-damage|p2a: Arceus|96/100 tox
|
|-damage|p2a: Arceus|78/100 tox|[from] psn
|-damage|p1a: Alomomola|64/100|[from] move: Whirlpool|[partiallytrapped]
|upkeep
|turn|120
|
|t:|1657351683
|switch|p2a: Arceus|Arceus-Dark|81/100 tox
|move|p1a: Alomomola|Scald|p2a: Arceus
|-damage|p2a: Arceus|73/100 tox
|
|-damage|p2a: Arceus|67/100 tox|[from] psn
|-end|p1a: Alomomola|Whirlpool|[partiallytrapped]|[silent]
|upkeep
|turn|121
|
|t:|1657351687
|switch|p1a: Lugia|Lugia|100/100
|-ability|p1a: Lugia|Pressure
|move|p2a: Arceus|Recover|p2a: Arceus
|-heal|p2a: Arceus|100/100 tox
|
|-damage|p2a: Arceus|88/100 tox|[from] psn
|upkeep
|turn|122
|
|t:|1657351689
|switch|p2a: Arceus|Arceus-Water|78/100 tox
|move|p1a: Lugia|Substitute|p1a: Lugia
|-start|p1a: Lugia|Substitute
|-damage|p1a: Lugia|76/100
|
|-heal|p1a: Lugia|82/100|[from] item: Leftovers
|-damage|p2a: Arceus|72/100 tox|[from] psn
|upkeep
|turn|123
|
|t:|1657351693
|move|p1a: Lugia|Defog|p2a: Arceus
|-unboost|p2a: Arceus|evasion|1
|move|p2a: Arceus|Recover|p2a: Arceus
|-heal|p2a: Arceus|100/100 tox
|
|-heal|p1a: Lugia|88/100|[from] item: Leftovers
|-damage|p2a: Arceus|88/100 tox|[from] psn
|upkeep
|turn|124
|
|t:|1657351697
|switch|p1a: Alomomola|Alomomola, M|97/100
|switch|p2a: Arceus|Arceus-Dark|88/100 tox
|
|-damage|p2a: Arceus|82/100 tox|[from] psn
|upkeep
|turn|125
|
|t:|1657351700
|switch|p1a: Lugia|Lugia|88/100
|-ability|p1a: Lugia|Pressure
|move|p2a: Arceus|Recover|p2a: Arceus
|-heal|p2a: Arceus|100/100 tox
|
|-heal|p1a: Lugia|94/100|[from] item: Leftovers
|-damage|p2a: Arceus|88/100 tox|[from] psn
|upkeep
|turn|126
|
|t:|1657351706
|switch|p2a: Arceus|Arceus-Water|88/100 tox
|move|p1a: Lugia|Substitute|p1a: Lugia
|-start|p1a: Lugia|Substitute
|-damage|p1a: Lugia|69/100
|
|-heal|p1a: Lugia|75/100|[from] item: Leftovers
|-damage|p2a: Arceus|82/100 tox|[from] psn
|upkeep
|turn|127
|
|t:|1657351713
|move|p1a: Lugia|Roost|p1a: Lugia
|-heal|p1a: Lugia|100/100
|-singleturn|p1a: Lugia|move: Roost
|move|p2a: Arceus|Recover|p2a: Arceus
|-heal|p2a: Arceus|100/100 tox
|
|-damage|p2a: Arceus|88/100 tox|[from] psn
|upkeep
|turn|128
|
|t:|1657351722
|switch|p2a: Arceus|Arceus-Dark|88/100 tox
|move|p1a: Lugia|Toxic|p2a: Arceus
|-fail|p2a: Arceus|tox
|
|-damage|p2a: Arceus|82/100 tox|[from] psn
|upkeep
|turn|129
|
|t:|1657351731
|move|p1a: Lugia|Roost||[still]
|-fail|p1a: Lugia|heal
|move|p2a: Arceus|Defog||[still]
|-fail|p2a: Arceus
|
|-damage|p2a: Arceus|70/100 tox|[from] psn
|upkeep
|turn|130
|
|t:|1657351734
|move|p1a: Lugia|Toxic|p2a: Arceus
|-fail|p2a: Arceus|tox
|move|p2a: Arceus|Defog||[still]
|-fail|p2a: Arceus
|
|-damage|p2a: Arceus|52/100 tox|[from] psn
|upkeep
|turn|131
|
|t:|1657351743
|switch|p1a: Gloom|Gloom, M|100/100
|move|p2a: Arceus|Recover|p2a: Arceus
|-heal|p2a: Arceus|100/100 tox
|
|-damage|p2a: Arceus|76/100 tox|[from] psn
|upkeep
|turn|132
|
|t:|1657351746
|move|p2a: Arceus|Recover|p2a: Arceus
|-heal|p2a: Arceus|100/100 tox
|move|p1a: Gloom|Leech Seed|p2a: Arceus
|-start|p2a: Arceus|move: Leech Seed
|
|-damage|p2a: Arceus|88/100 tox|[from] Leech Seed|[of] p1a: Gloom
|-damage|p2a: Arceus|58/100 tox|[from] psn
|upkeep
|turn|133
|
|t:|1657351750
|switch|p2a: Arceus|Arceus-Water|88/100 tox
|switch|p1a: Lugia|Lugia|100/100
|-ability|p1a: Lugia|Pressure
|
|-damage|p2a: Arceus|82/100 tox|[from] psn
|upkeep
|turn|134
|
|t:|1657351753
|switch|p2a: Arceus|Arceus-Dark|58/100 tox
|move|p1a: Lugia|Substitute|p1a: Lugia
|-start|p1a: Lugia|Substitute
|-damage|p1a: Lugia|76/100
|
|-heal|p1a: Lugia|82/100|[from] item: Leftovers
|-damage|p2a: Arceus|52/100 tox|[from] psn
|upkeep
|turn|135
|
|t:|1657351759
|move|p1a: Lugia|Roost|p1a: Lugia
|-heal|p1a: Lugia|100/100
|-singleturn|p1a: Lugia|move: Roost
|move|p2a: Arceus|Recover|p2a: Arceus
|-heal|p2a: Arceus|100/100 tox
|
|-damage|p2a: Arceus|88/100 tox|[from] psn
|upkeep
|turn|136
|
|t:|1657351761
|switch|p1a: Gloom|Gloom, M|100/100
|switch|p2a: Arceus|Arceus-Water|82/100 tox
|
|-damage|p2a: Arceus|76/100 tox|[from] psn
|upkeep
|turn|137
|
|t:|1657351765
|switch|p1a: Magnemite|Magnemite, L1|100/100
|move|p2a: Arceus|Recover|p2a: Arceus
|-heal|p2a: Arceus|100/100 tox
|
|-damage|p2a: Arceus|88/100 tox|[from] psn
|upkeep
|turn|138
|
|t:|1657351770
|switch|p2a: Ditto|Ditto|100/100
|-transform|p2a: Ditto|p1a: Magnemite|[from] ability: Imposter
|move|p1a: Magnemite|Protect||[still]
|-fail|p1a: Magnemite
|
|upkeep
|turn|139
|
|t:|1657351776
|switch|p1a: Alomomola|Alomomola, M|100/100
|move|p2a: Ditto|Double Team|p2a: Ditto
|-boost|p2a: Ditto|evasion|1
|
|upkeep
|turn|140
|
|t:|1657351778
|move|p1a: Alomomola|Soak|p2a: Ditto
|-start|p2a: Ditto|typechange|Water
|move|p2a: Ditto|Double Team|p2a: Ditto
|-boost|p2a: Ditto|evasion|1
|
|upkeep
|turn|141
|
|t:|1657351780
|move|p1a: Alomomola|Toxic|p2a: Ditto|[miss]
|-miss|p1a: Alomomola|p2a: Ditto
|move|p2a: Ditto|Double Team|p2a: Ditto
|-boost|p2a: Ditto|evasion|1
|
|upkeep
|turn|142
|
|t:|1657351781
|move|p1a: Alomomola|Toxic|p2a: Ditto|[miss]
|-miss|p1a: Alomomola|p2a: Ditto
|move|p2a: Ditto|Double Team|p2a: Ditto
|-boost|p2a: Ditto|evasion|1
|
|upkeep
|turn|143
|
|t:|1657351783
|move|p1a: Alomomola|Toxic|p2a: Ditto
|-status|p2a: Ditto|tox
|move|p2a: Ditto|Double Team|p2a: Ditto
|-boost|p2a: Ditto|evasion|1
|
|-damage|p2a: Ditto|94/100 tox|[from] psn
|upkeep
|turn|144
|
|t:|1657351787
|switch|p1a: Magnemite|Magnemite, L1|100/100
|switch|p2a: Arceus|Arceus-Water|88/100 tox
|
|-damage|p2a: Arceus|82/100 tox|[from] psn
|upkeep
|turn|145
|
|t:|1657351791
|move|p2a: Arceus|Whirlpool|p1a: Magnemite
|-ability|p1a: Magnemite|Sturdy
|-damage|p1a: Magnemite|10/100
|-activate|p1a: Magnemite|move: Whirlpool|[of] p2a: Arceus
|-enditem|p1a: Magnemite|Berry Juice
|-heal|p1a: Magnemite|100/100|[from] item: Berry Juice
|move|p1a: Magnemite|Double Team|p1a: Magnemite
|-boost|p1a: Magnemite|evasion|1
|
|-damage|p2a: Arceus|70/100 tox|[from] psn
|-damage|p1a: Magnemite|91/100|[from] move: Whirlpool|[partiallytrapped]
|upkeep
|turn|146
|
|t:|1657351794
|move|p2a: Arceus|Whirlpool|p1a: Magnemite|[miss]
|-miss|p2a: Arceus|p1a: Magnemite
|move|p1a: Magnemite|Recycle|p1a: Magnemite
|-item|p1a: Magnemite|Berry Juice|[from] move: Recycle
|
|-damage|p2a: Arceus|52/100 tox|[from] psn
|-damage|p1a: Magnemite|82/100|[from] move: Whirlpool|[partiallytrapped]
|upkeep
|turn|147
|
|t:|1657351797
|move|p1a: Magnemite|Protect|p1a: Magnemite
|-singleturn|p1a: Magnemite|Protect
|move|p2a: Arceus|Recover|p2a: Arceus
|-heal|p2a: Arceus|100/100 tox
|
|-damage|p2a: Arceus|76/100 tox|[from] psn
|-damage|p1a: Magnemite|73/100|[from] move: Whirlpool|[partiallytrapped]
|upkeep
|turn|148
|
|t:|1657351804
|switch|p2a: Arceus|Arceus-Dark|88/100 tox
|move|p1a: Magnemite|Recycle||[still]
|-fail|p1a: Magnemite
|
|-damage|p2a: Arceus|82/100 tox|[from] psn
|-end|p1a: Magnemite|Whirlpool|[partiallytrapped]|[silent]
|upkeep
|turn|149
|
|t:|1657351812
|switch|p2a: Arceus|Arceus-Water|76/100 tox
|move|p1a: Magnemite|Double Team|p1a: Magnemite
|-boost|p1a: Magnemite|evasion|1
|
|-damage|p2a: Arceus|70/100 tox|[from] psn
|upkeep
|turn|150
|
|t:|1657351815
|move|p2a: Arceus|Whirlpool|p1a: Magnemite
|-damage|p1a: Magnemite|0 fnt
|faint|p1a: Magnemite
|
|-damage|p2a: Arceus|58/100 tox|[from] psn
|upkeep
|
|t:|1657351818
|switch|p1a: Gloom|Gloom, M|100/100
|turn|151
|
|t:|1657351821
|move|p1a: Gloom|Protect|p1a: Gloom
|-singleturn|p1a: Gloom|Protect
|move|p2a: Arceus|Recover|p2a: Arceus
|-heal|p2a: Arceus|100/100 tox
|
|-damage|p2a: Arceus|82/100 tox|[from] psn
|upkeep
|turn|152
|
|t:|1657351826
|switch|p2a: Arceus|Arceus-Dark|82/100 tox
|move|p1a: Gloom|Leech Seed|p2a: Arceus
|-start|p2a: Arceus|move: Leech Seed
|
|-damage|p2a: Arceus|70/100 tox|[from] Leech Seed|[of] p1a: Gloom
|-damage|p2a: Arceus|64/100 tox|[from] psn
|upkeep
|turn|153
|
|t:|1657351832
|switch|p2a: Arceus|Arceus-Water|82/100 tox
|switch|p1a: Lugia|Lugia|100/100
|-ability|p1a: Lugia|Pressure
|
|-damage|p2a: Arceus|76/100 tox|[from] psn
|upkeep
|turn|154
|
|t:|1657351834
|switch|p2a: Arceus|Arceus-Dark|64/100 tox
|move|p1a: Lugia|Substitute|p1a: Lugia
|-start|p1a: Lugia|Substitute
|-damage|p1a: Lugia|76/100
|
|-heal|p1a: Lugia|82/100|[from] item: Leftovers
|-damage|p2a: Arceus|58/100 tox|[from] psn
|upkeep
|turn|155
|
|t:|1657351842
|switch|p2a: Arceus|Arceus-Water|76/100 tox
|move|p1a: Lugia|Toxic|p2a: Arceus
|-fail|p2a: Arceus|tox
|
|-heal|p1a: Lugia|88/100|[from] item: Leftovers
|-damage|p2a: Arceus|70/100 tox|[from] psn
|upkeep
|turn|156
|
|t:|1657351851
|switch|p2a: Arceus|Arceus-Dark|58/100 tox
|move|p1a: Lugia|Defog|p2a: Arceus
|-unboost|p2a: Arceus|evasion|1
|
|-heal|p1a: Lugia|94/100|[from] item: Leftovers
|-damage|p2a: Arceus|52/100 tox|[from] psn
|upkeep
|turn|157
|
|t:|1657351859
|switch|p2a: Arceus|Arceus-Water|70/100 tox
|move|p1a: Lugia|Toxic|p2a: Arceus|[miss]
|-miss|p1a: Lugia|p2a: Arceus
|
|-heal|p1a: Lugia|99/100|[from] item: Leftovers
|-damage|p2a: Arceus|64/100 tox|[from] psn
|upkeep
|turn|158
|
|t:|1657351862
|switch|p1a: Gloom|Gloom, M|100/100
|switch|p2a: Arceus|Arceus-Dark|52/100 tox
|
|-damage|p2a: Arceus|46/100 tox|[from] psn
|upkeep
|turn|159
|
|t:|1657351866
|switch|p2a: Arceus|Arceus-Water|64/100 tox
|move|p1a: Gloom|Protect||[still]
|-fail|p1a: Gloom
|
|-damage|p2a: Arceus|58/100 tox|[from] psn
|upkeep
|turn|160
|
|t:|1657351868
|move|p2a: Arceus|Recover|p2a: Arceus
|-heal|p2a: Arceus|100/100 tox
|move|p1a: Gloom|Leech Seed|p2a: Arceus
|-start|p2a: Arceus|move: Leech Seed
|
|-damage|p2a: Arceus|88/100 tox|[from] Leech Seed|[of] p1a: Gloom
|-damage|p2a: Arceus|76/100 tox|[from] psn
|upkeep
|turn|161
|
|t:|1657351872
|switch|p2a: Arceus|Arceus-Dark|46/100 tox
|switch|p1a: Lugia|Lugia|99/100
|-ability|p1a: Lugia|Pressure
|
|-heal|p1a: Lugia|100/100|[from] item: Leftovers
|-damage|p2a: Arceus|39/100 tox|[from] psn
|upkeep
|turn|162
|
|t:|1657351875
|switch|p1a: Gloom|Gloom, M|100/100
|switch|p2a: Arceus|Arceus-Water|76/100 tox
|
|-damage|p2a: Arceus|70/100 tox|[from] psn
|upkeep
|turn|163
|
|t:|1657351880
|switch|p2a: Arceus|Arceus-Dark|39/100 tox
|switch|p1a: Lugia|Lugia|100/100
|-ability|p1a: Lugia|Pressure
|
|-damage|p2a: Arceus|33/100 tox|[from] psn
|upkeep
|turn|164
|
|t:|1657351882
|switch|p1a: Gloom|Gloom, M|100/100
|switch|p2a: Arceus|Arceus-Water|70/100 tox
|
|-damage|p2a: Arceus|64/100 tox|[from] psn
|upkeep
|turn|165
|
|t:|1657351885
|move|p2a: Arceus|Recover|p2a: Arceus
|-heal|p2a: Arceus|100/100 tox
|move|p1a: Gloom|Leech Seed|p2a: Arceus
|-start|p2a: Arceus|move: Leech Seed
|
|-damage|p2a: Arceus|88/100 tox|[from] Leech Seed|[of] p1a: Gloom
|-damage|p2a: Arceus|76/100 tox|[from] psn
|upkeep
|turn|166
|
|t:|1657351890
|switch|p2a: Arceus|Arceus-Dark|33/100 tox
|move|p1a: Gloom|Protect||[still]
|-fail|p1a: Gloom
|
|-damage|p2a: Arceus|27/100 tox|[from] psn
|upkeep
|turn|167
|
|t:|1657351892
|switch|p2a: Arceus|Arceus-Water|76/100 tox
|move|p1a: Gloom|Leech Seed|p2a: Arceus
|-start|p2a: Arceus|move: Leech Seed
|
|-damage|p2a: Arceus|64/100 tox|[from] Leech Seed|[of] p1a: Gloom
|-damage|p2a: Arceus|57/100 tox|[from] psn
|upkeep
|turn|168
|
|t:|1657351897
|switch|p2a: Arceus|Arceus-Dark|27/100 tox
|move|p1a: Gloom|Strength Sap|p2a: Arceus
|-unboost|p2a: Arceus|atk|1
|
|-damage|p2a: Arceus|21/100 tox|[from] psn
|upkeep
|turn|169
|
|t:|1657351899
|switch|p2a: Arceus|Arceus-Water|57/100 tox
|move|p1a: Gloom|Leech Seed|p2a: Arceus
|-start|p2a: Arceus|move: Leech Seed
|
|-damage|p2a: Arceus|45/100 tox|[from] Leech Seed|[of] p1a: Gloom
|-damage|p2a: Arceus|39/100 tox|[from] psn
|upkeep
|turn|170
|
|t:|1657351904
|move|p2a: Arceus|Recover|p2a: Arceus
|-heal|p2a: Arceus|89/100 tox
|move|p1a: Gloom|Strength Sap|p2a: Arceus
|-unboost|p2a: Arceus|atk|1
|
|-damage|p2a: Arceus|77/100 tox|[from] Leech Seed|[of] p1a: Gloom
|-damage|p2a: Arceus|64/100 tox|[from] psn
|upkeep
|turn|171
|
|t:|1657351909
|switch|p2a: Arceus|Arceus-Dark|21/100 tox
|move|p1a: Gloom|Strength Sap|p2a: Arceus
|-unboost|p2a: Arceus|atk|1
|
|-damage|p2a: Arceus|15/100 tox|[from] psn
|upkeep
|turn|172
|
|t:|1657351913
|switch|p2a: Arceus|Arceus-Water|64/100 tox
|move|p1a: Gloom|Leech Seed|p2a: Arceus
|-start|p2a: Arceus|move: Leech Seed
|
|-damage|p2a: Arceus|52/100 tox|[from] Leech Seed|[of] p1a: Gloom
|-damage|p2a: Arceus|46/100 tox|[from] psn
|upkeep
|turn|173
|
|t:|1657351921
|switch|p1a: Alomomola|Alomomola, M|100/100
|move|p2a: Arceus|Recover|p2a: Arceus
|-heal|p2a: Arceus|96/100 tox
|
|-damage|p2a: Arceus|84/100 tox|[from] Leech Seed|[of] p1a: Alomomola
|-damage|p2a: Arceus|71/100 tox|[from] psn
|upkeep
|turn|174
|
|t:|1657351927
|switch|p2a: Arceus|Arceus-Dark|15/100 tox
|switch|p1a: Gloom|Gloom, M|100/100
|
|-damage|p2a: Arceus|9/100 tox|[from] psn
|upkeep
|turn|175
|
|t:|1657351930
|switch|p2a: Arceus|Arceus-Water|71/100 tox
|switch|p1a: Alomomola|Alomomola, M|100/100
|
|-damage|p2a: Arceus|65/100 tox|[from] psn
|upkeep
|turn|176
|
|t:|1657351935
|move|p2a: Arceus|Whirlpool|p1a: Alomomola|[miss]
|-miss|p2a: Arceus|p1a: Alomomola
|move|p1a: Alomomola|Scald|p2a: Arceus
|-resisted|p2a: Arceus
|-damage|p2a: Arceus|61/100 tox
|
|-damage|p2a: Arceus|49/100 tox|[from] psn
|upkeep
|turn|177
|
|t:|1657351937
|move|p1a: Alomomola|Protect|p1a: Alomomola
|-singleturn|p1a: Alomomola|Protect
|move|p2a: Arceus|Recover|p2a: Arceus
|-heal|p2a: Arceus|99/100 tox
|
|-damage|p2a: Arceus|80/100 tox|[from] psn
|upkeep
|turn|178
|
|t:|1657351947
|switch|p2a: Arceus|Arceus-Dark|9/100 tox
|move|p1a: Alomomola|Soak|p2a: Arceus
|-fail|p2a: Arceus
|
|-damage|p2a: Arceus|3/100 tox|[from] psn
|upkeep
|turn|179
|
|t:|1657351954
|switch|p2a: Arceus|Arceus-Water|80/100 tox
|move|p1a: Alomomola|Soak|p2a: Arceus
|-fail|p2a: Arceus
|
|-damage|p2a: Arceus|74/100 tox|[from] psn
|upkeep
|turn|180
|
|t:|1657351958
|move|p1a: Alomomola|Protect|p1a: Alomomola
|-singleturn|p1a: Alomomola|Protect
|move|p2a: Arceus|Whirlpool|p1a: Alomomola
|-activate|p1a: Alomomola|move: Protect
|
|-damage|p2a: Arceus|62/100 tox|[from] psn
|upkeep
|turn|181
|
|t:|1657351966
|switch|p2a: Arceus|Arceus-Dark|3/100 tox
|move|p1a: Alomomola|Scald|p2a: Arceus
|-damage|p2a: Arceus|0 fnt
|faint|p2a: Arceus
|
|upkeep
|
|t:|1657351966
|switch|p2a: Arceus|Arceus-Water|62/100 tox
|turn|182
|
|t:|1657351971
|move|p2a: Arceus|Whirlpool|p1a: Alomomola|[miss]
|-miss|p2a: Arceus|p1a: Alomomola
|move|p1a: Alomomola|Soak|p2a: Arceus
|-fail|p2a: Arceus
|
|-damage|p2a: Arceus|56/100 tox|[from] psn
|upkeep
|turn|183
|
|t:|1657351975
|move|p2a: Arceus|Whirlpool|p1a: Alomomola
|-resisted|p1a: Alomomola
|-damage|p1a: Alomomola|89/100
|-activate|p1a: Alomomola|move: Whirlpool|[of] p2a: Arceus
|move|p1a: Alomomola|Scald|p2a: Arceus
|-resisted|p2a: Arceus
|-damage|p2a: Arceus|52/100 tox
|
|-damage|p2a: Arceus|40/100 tox|[from] psn
|-damage|p1a: Alomomola|77/100|[from] move: Whirlpool|[partiallytrapped]
|upkeep
|turn|184
|
|t:|1657351979
|switch|p2a: Ditto|Ditto|94/100 tox
|-transform|p2a: Ditto|p1a: Alomomola|[from] ability: Imposter
|move|p1a: Alomomola|Scald|p2a: Ditto
|-resisted|p2a: Ditto
|-damage|p2a: Ditto|79/100 tox
|
|-damage|p2a: Ditto|73/100 tox|[from] psn
|-end|p1a: Alomomola|Whirlpool|[partiallytrapped]|[silent]
|upkeep
|turn|185
|
|t:|1657351988
|switch|p2a: Arceus|Arceus-Water|40/100 tox
|switch|p1a: Gloom|Gloom, M|100/100
|
|-damage|p2a: Arceus|34/100 tox|[from] psn
|upkeep
|turn|186
|
|t:|1657351991
|move|p2a: Arceus|Whirlpool|p1a: Gloom
|-resisted|p1a: Gloom
|-damage|p1a: Gloom|94/100
|-activate|p1a: Gloom|move: Whirlpool|[of] p2a: Arceus
|move|p1a: Gloom|Leech Seed|p2a: Arceus
|-start|p2a: Arceus|move: Leech Seed
|
|-damage|p2a: Arceus|21/100 tox|[from] Leech Seed|[of] p1a: Gloom
|-heal|p1a: Gloom|100/100|[silent]
|-damage|p2a: Arceus|9/100 tox|[from] psn
|-damage|p1a: Gloom|88/100|[from] move: Whirlpool|[partiallytrapped]
|upkeep
|turn|187
|
|t:|1657351996
|move|p2a: Arceus|Whirlpool|p1a: Gloom|[miss]
|-miss|p2a: Arceus|p1a: Gloom
|move|p1a: Gloom|Strength Sap|p2a: Arceus
|-unboost|p2a: Arceus|atk|1
|-heal|p1a: Gloom|100/100
|
|-damage|p2a: Arceus|0 fnt|[from] Leech Seed|[of] p1a: Gloom
|faint|p2a: Arceus
|-end|p1a: Gloom|Whirlpool|[partiallytrapped]|[silent]
|upkeep
|
|t:|1657351996
|switch|p2a: Ditto|Ditto|100/100 tox
|-transform|p2a: Ditto|p1a: Gloom|[from] ability: Imposter
|turn|188
|
|t:|1657352001
|-start|p2a: Ditto|Dynamax|
|-heal|p2a: Ditto|100/100 tox|[silent]
|move|p2a: Ditto|Max Guard|p2a: Ditto
|-singleturn|p2a: Ditto|Max Guard
|move|p1a: Gloom|Protect||[still]
|-fail|p1a: Gloom
|
|-damage|p2a: Ditto|97/100 tox|[from] psn
|upkeep
|turn|189
|
|t:|1657352007
|switch|p1a: Lugia|Lugia|100/100
|-ability|p1a: Lugia|Pressure
|move|p2a: Ditto|Max Guard||[still]
|-fail|p2a: Ditto
|
|-damage|p2a: Ditto|91/100 tox|[from] psn
|upkeep
|turn|190
|
|t:|1657352009
|move|p2a: Ditto|Max Guard|p2a: Ditto
|-singleturn|p2a: Ditto|Max Guard
|move|p1a: Lugia|Substitute|p1a: Lugia
|-start|p1a: Lugia|Substitute
|-damage|p1a: Lugia|76/100
|
|-heal|p1a: Lugia|82/100|[from] item: Leftovers
|-damage|p2a: Ditto|82/100 tox|[from] psn
|upkeep
|-end|p2a: Ditto|Dynamax
|-heal|p2a: Ditto|82/100 tox|[silent]
|turn|191
|c|☆frostcrush|its sad how bad u are
|c|☆frostcrush|if you were smart you would spam whirlpool and perish song
|
|t:|1657352034
|move|p1a: Lugia|Roost|p1a: Lugia
|-heal|p1a: Lugia|100/100
|-singleturn|p1a: Lugia|move: Roost
|move|p2a: Ditto|Strength Sap||[still]
|-fail|p2a: Ditto
|
|-damage|p2a: Ditto|58/100 tox|[from] psn
|upkeep
|turn|192
|
|t:|1657352037
|move|p1a: Lugia|Defog|p2a: Ditto
|-unboost|p2a: Ditto|evasion|1
|-activate|p2a: Ditto|move: Struggle
|move|p2a: Ditto|Struggle|p1a: Lugia
|-activate|p1a: Lugia|move: Substitute|[damage]
|-damage|p2a: Ditto|33/100 tox|[from] recoil
|
|-damage|p2a: Ditto|3/100 tox|[from] psn
|upkeep
|turn|193
|c|☆frostcrush|couldve won
|
|t:|1657352044
|move|p1a: Lugia|Defog|p2a: Ditto
|-unboost|p2a: Ditto|evasion|1
|-activate|p2a: Ditto|move: Struggle
|move|p2a: Ditto|Struggle|p1a: Lugia
|-activate|p1a: Lugia|move: Substitute|[damage]
|-damage|p2a: Ditto|0 fnt|[from] recoil
|faint|p2a: Ditto
|
|win|frostcrush
|raw|frostcrush's rating: 1547 &rarr; <strong>1565</strong><br />(+18 for winning)
|raw|MoeZilla's rating: 1507 &rarr; <strong>1489</strong><br />(-18 for losing)
|l|‽MoeZilla
|c|☆frostcrush|ditto users cant think for themselves tho
