|j|☆amarillo346
|j|☆876ModernDayNinja
|t:|1658726004
|gametype|singles
|player|p1|amarillo346|steven|1527
|player|p2|876ModernDayNinja|shadowtriad|1583
|teamsize|p1|6
|teamsize|p2|6
|gen|8
|tier|[Gen 8] National Dex AG
|rated|
|rule|HP Percentage Mod: HP is shown in percentages
|rule|Endless Battle Clause: Forcing endless battles is banned
|clearpoke
|poke|p1|Salamence, F|
|poke|p1|Gengar, M|
|poke|p1|Porygon2|
|poke|p1|Dragapult, M|
|poke|p1|Serperior, M|
|poke|p1|Dhelmise|
|poke|p2|Arceus-*|
|poke|p2|Groudon|
|poke|p2|Chansey, F|
|poke|p2|Marshadow|
|poke|p2|Ferrothorn, F|
|poke|p2|Giratina-Origin|
|teampreview
|inactive|Battle timer is ON: inactive players will automatically lose when time's up. (requested by 876ModernDayNinja)
|
|t:|1658726029
|start
|switch|p1a: Serperior|Serperior, M|100/100
|switch|p2a: Groudon|Groudon|100/100
|detailschange|p2a: Groudon|Groudon-Primal
|-primal|p2a: Groudon
|-weather|DesolateLand|[from] ability: Desolate Land|[of] p2a: Groudon
|turn|1
|
|t:|1658726036
|move|p1a: Serperior|Leaf Storm|p2a: Groudon
|-damage|p2a: Groudon|60/100
|-boost|p1a: Serperior|spa|2
|move|p2a: Groudon|Heat Crash|p1a: Serperior
|-supereffective|p1a: Serperior
|-enditem|p1a: Serperior|Focus Sash
|-damage|p1a: Serperior|1/100
|
|-weather|DesolateLand|[upkeep]
|upkeep
|turn|2
|
|t:|1658726046
|-weather|none
|switch|p2a: Chansey|Chansey, F|100/100
|move|p1a: Serperior|Leaf Storm|p2a: Chansey
|-damage|p2a: Chansey|73/100
|-boost|p1a: Serperior|spa|2
|
|upkeep
|turn|3
|
|t:|1658726054
|move|p1a: Serperior|Leaf Storm|p2a: Chansey
|-damage|p2a: Chansey|29/100
|-boost|p1a: Serperior|spa|2
|move|p2a: Chansey|Wish|p2a: Chansey
|
|upkeep
|turn|4
|
|t:|1658726061
|move|p2a: Chansey|Protect|p2a: Chansey
|-singleturn|p2a: Chansey|Protect
|move|p1a: Serperior|Leaf Storm|p2a: Chansey
|-activate|p2a: Chansey|move: Protect
|
|-heal|p2a: Chansey|79/100|[from] move: Wish|[wisher] Chansey
|upkeep
|turn|5
|j| rahull
|
|t:|1658726069
|move|p1a: Serperior|Leaf Storm|p2a: Chansey
|-damage|p2a: Chansey|24/100
|move|p2a: Chansey|Seismic Toss|p1a: Serperior
|-damage|p1a: Serperior|0 fnt
|faint|p1a: Serperior
|
|upkeep
|
|t:|1658726073
|switch|p1a: Dhelmise|Dhelmise|100/100
|turn|6
|
|t:|1658726081
|switch|p2a: Ferrothorn|Ferrothorn, F|100/100
|move|p1a: Dhelmise|Knock Off|p2a: Ferrothorn
|-damage|p2a: Ferrothorn|78/100
|-damage|p1a: Dhelmise|88/100|[from] ability: Iron Barbs|[of] p2a: Ferrothorn
|-enditem|p2a: Ferrothorn|Leftovers|[from] move: Knock Off|[of] p1a: Dhelmise
|
|upkeep
|turn|7
|
|t:|1658726091
|move|p1a: Dhelmise|Poltergeist||[still]
|-fail|p1a: Dhelmise
|move|p2a: Ferrothorn|Knock Off|p1a: Dhelmise
|-supereffective|p1a: Dhelmise
|-damage|p1a: Dhelmise|45/100
|-enditem|p1a: Dhelmise|Focus Sash|[from] move: Knock Off|[of] p2a: Ferrothorn
|
|upkeep
|turn|8
|c|☆876ModernDayNinja|u dumb ass
|c|☆876ModernDayNinja|what a move set lol
|c|☆876ModernDayNinja|sorry for calling u dumb
|
|t:|1658726118
|move|p1a: Dhelmise|Power Whip|p2a: Ferrothorn
|-resisted|p2a: Ferrothorn
|-damage|p2a: Ferrothorn|67/100
|-damage|p1a: Dhelmise|32/100|[from] ability: Iron Barbs|[of] p2a: Ferrothorn
|move|p2a: Ferrothorn|Knock Off|p1a: Dhelmise
|-supereffective|p1a: Dhelmise
|-damage|p1a: Dhelmise|3/100
|
|upkeep
|turn|9
|
|t:|1658726129
|move|p1a: Dhelmise|Power Whip|p2a: Ferrothorn
|-resisted|p2a: Ferrothorn
|-damage|p2a: Ferrothorn|58/100
|-damage|p1a: Dhelmise|0 fnt|[from] ability: Iron Barbs|[of] p2a: Ferrothorn
|faint|p1a: Dhelmise
|move|p2a: Ferrothorn|Knock Off|p1: Dhelmise|[notarget]
|-fail|p2a: Ferrothorn
|
|upkeep
|
|t:|1658726135
|switch|p1a: Gengar|Gengar, M|100/100
|turn|10
|l| rahull
|
|t:|1658726146
|-start|p1a: Gengar|Dynamax|Gmax
|-heal|p1a: Gengar|100/100|[silent]
|move|p1a: Gengar|G-Max Terror|p2a: Ferrothorn
|-damage|p2a: Ferrothorn|0 fnt
|faint|p2a: Ferrothorn
|
|upkeep
|
|t:|1658726164
|switch|p2a: Chansey|Chansey, F|24/100
|turn|11
|
|t:|1658726167
|move|p1a: Gengar|Max Ooze|p2a: Chansey
|-damage|p2a: Chansey|10/100
|-boost|p1a: Gengar|spa|1
|move|p2a: Chansey|Wish|p2a: Chansey
|
|upkeep
|turn|12
|
|t:|1658726175
|switch|p2a: Groudon|Groudon-Primal|60/100
|-weather|DesolateLand|[from] ability: Desolate Land|[of] p2a: Groudon
|move|p1a: Gengar|Max Ooze|p2a: Groudon
|-resisted|p2a: Groudon
|-damage|p2a: Groudon|28/100
|-boost|p1a: Gengar|spa|1
|
|-weather|DesolateLand|[upkeep]
|-heal|p2a: Groudon|100/100|[from] move: Wish|[wisher] Chansey
|upkeep
|-end|p1a: Gengar|Dynamax
|-heal|p1a: Gengar|100/100|[silent]
|turn|13
|
|t:|1658726189
|move|p1a: Gengar|Shadow Ball|p2a: Groudon
|-damage|p2a: Groudon|28/100
|move|p2a: Groudon|Earthquake|p1a: Gengar
|-supereffective|p1a: Gengar
|-enditem|p1a: Gengar|Focus Sash
|-damage|p1a: Gengar|1/100
|
|-weather|DesolateLand|[upkeep]
|upkeep
|turn|14
|
|t:|1658726204
|-weather|none
|switch|p2a: Chansey|Chansey, F|10/100
|move|p1a: Gengar|Sludge Wave|p2a: Chansey
|-damage|p2a: Chansey|0 fnt
|faint|p2a: Chansey
|
|upkeep
|inactive|876ModernDayNinja has 120 seconds left.
|
|t:|1658726232
|switch|p2a: Arceus|Arceus-Electric|100/100
|turn|15
|
|t:|1658726238
|move|p2a: Arceus|Judgment|p1a: Gengar
|-damage|p1a: Gengar|0 fnt
|faint|p1a: Gengar
|
|upkeep
|
|t:|1658726243
|switch|p1a: Dragapult|Dragapult, M|100/100
|turn|16
|
|t:|1658726259
|switch|p2a: Groudon|Groudon-Primal|28/100
|-weather|DesolateLand|[from] ability: Desolate Land|[of] p2a: Groudon
|move|p1a: Dragapult|Dragon Dance|p1a: Dragapult
|-boost|p1a: Dragapult|atk|1
|-boost|p1a: Dragapult|spe|1
|
|-weather|DesolateLand|[upkeep]
|upkeep
|turn|17
|
|t:|1658726267
|move|p1a: Dragapult|Dragon Darts|p2a: Groudon
|-damage|p2a: Groudon|6/100
|-anim|p1a: Dragapult|Dragon Darts|p2a: Groudon
|-crit|p2a: Groudon
|-damage|p2a: Groudon|0 fnt
|faint|p2a: Groudon
|-weather|none
|
|upkeep
|
|t:|1658726275
|switch|p2a: Arceus|Arceus-Electric|100/100
|turn|18
|
|t:|1658726280
|-start|p2a: Arceus|Dynamax|
|-heal|p2a: Arceus|100/100|[silent]
|move|p1a: Dragapult|Dragon Darts|p2a: Arceus
|-damage|p2a: Arceus|86/100
|-anim|p1a: Dragapult|Dragon Darts|p2a: Arceus
|-damage|p2a: Arceus|71/100
|move|p2a: Arceus|Max Hailstorm|p1a: Dragapult
|-supereffective|p1a: Dragapult
|-enditem|p1a: Dragapult|Focus Sash
|-damage|p1a: Dragapult|1/100
|-weather|Hail
|
|-weather|Hail|[upkeep]
|-damage|p1a: Dragapult|0 fnt|[from] Hail
|-damage|p2a: Arceus|68/100|[from] Hail
|faint|p1a: Dragapult
|upkeep
|
|t:|1658726284
|switch|p1a: Porygon2|Porygon2|100/100
|turn|19
|
|t:|1658726298
|move|p2a: Arceus|Max Ooze|p1a: Porygon2
|-damage|p1a: Porygon2|82/100
|-boost|p2a: Arceus|spa|1
|move|p1a: Porygon2|Recover|p1a: Porygon2
|-heal|p1a: Porygon2|100/100
|
|-weather|Hail|[upkeep]
|-damage|p2a: Arceus|65/100|[from] Hail
|-damage|p1a: Porygon2|94/100|[from] Hail
|upkeep
|turn|20
|
|t:|1658726310
|move|p2a: Arceus|Max Ooze|p1a: Porygon2
|-damage|p1a: Porygon2|66/100
|-boost|p2a: Arceus|spa|1
|move|p1a: Porygon2|Recover|p1a: Porygon2
|-heal|p1a: Porygon2|100/100
|
|-weather|Hail|[upkeep]
|-damage|p2a: Arceus|62/100|[from] Hail
|-damage|p1a: Porygon2|94/100|[from] Hail
|upkeep
|-end|p2a: Arceus|Dynamax
|-heal|p2a: Arceus|62/100|[silent]
|turn|21
|
|t:|1658726325
|move|p2a: Arceus|Judgment|p1a: Porygon2
|-damage|p1a: Porygon2|15/100
|move|p1a: Porygon2|Tri Attack|p2a: Arceus
|-damage|p2a: Arceus|34/100
|-status|p2a: Arceus|brn
|
|-weather|Hail|[upkeep]
|-damage|p2a: Arceus|28/100 brn|[from] Hail
|-damage|p1a: Porygon2|9/100|[from] Hail
|-damage|p2a: Arceus|22/100 brn|[from] brn
|upkeep
|turn|22
|
|t:|1658726352
|move|p2a: Arceus|Recover|p2a: Arceus
|-heal|p2a: Arceus|72/100 brn
|move|p1a: Porygon2|Recover|p1a: Porygon2
|-heal|p1a: Porygon2|59/100
|
|-weather|none
|-damage|p2a: Arceus|66/100 brn|[from] brn
|upkeep
|turn|23
|
|t:|1658726359
|move|p2a: Arceus|Judgment|p1a: Porygon2
|-damage|p1a: Porygon2|0 fnt
|faint|p1a: Porygon2
|
|-damage|p2a: Arceus|60/100 brn|[from] brn
|upkeep
|
|t:|1658726362
|switch|p1a: Salamence|Salamence, F|100/100
|-ability|p1a: Salamence|Intimidate|boost
|-unboost|p2a: Arceus|atk|1
|turn|24
|
|t:|1658726369
|detailschange|p1a: Salamence|Salamence-Mega, F
|-mega|p1a: Salamence|Salamence|Salamencite
|move|p2a: Arceus|Ice Beam|p1a: Salamence
|-supereffective|p1a: Salamence
|-damage|p1a: Salamence|0 fnt
|faint|p1a: Salamence
|
|win|876ModernDayNinja
|raw|amarillo346's rating: 1527 &rarr; <strong>1510</strong><br />(-17 for losing)
|raw|876ModernDayNinja's rating: 1583 &rarr; <strong>1600</strong><br />(+17 for winning)
|c|☆876ModernDayNinja|gg
|l|☆amarillo346
