|j|☆thicsucttv
|j|☆PixLmonTest
|t:|1666443692
|gametype|singles
|player|p1|thicsucttv|170|1844
|player|p2|PixLmonTest|1|1816
|teamsize|p1|6
|teamsize|p2|6
|gen|8
|tier|[Gen 8] National Dex AG
|rated|
|rule|HP Percentage Mod: HP is shown in percentages
|rule|Endless Battle Clause: Forcing endless battles is banned
|clearpoke
|poke|p1|Tyranitar, M|
|poke|p1|Marshadow|
|poke|p1|Yveltal|
|poke|p1|Necrozma-Dusk-Mane|
|poke|p1|Ditto|
|poke|p1|Lucario, F|
|poke|p2|Arceus-*|
|poke|p2|Arceus-*|
|poke|p2|Necrozma-Dusk-Mane|
|poke|p2|Calyrex-Shadow|
|poke|p2|Rayquaza|
|poke|p2|Ditto|
|teampreview
|inactive|Battle timer is ON: inactive players will automatically lose when time's up. (requested by thicsucttv)
|inactive|PixLmonTest has 120 seconds left.
|
|t:|1666443731
|start
|switch|p1a: Lucario|Lucario, F|100/100
|switch|p2a: Rayquaza|Rayquaza|100/100
|-ability|p2a: Rayquaza|Air Lock
|turn|1
|
|t:|1666443758
|detailschange|p2a: Rayquaza|Rayquaza-Mega
|-mega|p2a: Rayquaza|Rayquaza|
|-weather|DeltaStream|[from] ability: Delta Stream|[of] p2a: Rayquaza
|detailschange|p1a: Lucario|Lucario-Mega, F
|-mega|p1a: Lucario|Lucario|Lucarionite
|move|p1a: Lucario|Bullet Punch|p2a: Rayquaza
|-damage|p2a: Rayquaza|70/100
|move|p2a: Rayquaza|Dragon Ascent|p1a: Lucario
|-damage|p1a: Lucario|0 fnt
|-unboost|p2a: Rayquaza|def|1
|-unboost|p2a: Rayquaza|spd|1
|faint|p1a: Lucario
|-damage|p2a: Rayquaza|60/100|[from] item: Life Orb
|
|-weather|DeltaStream|[upkeep]
|upkeep
|inactive|thicsucttv has 120 seconds left.
|
|t:|1666443773
|switch|p1a: Necrozma|Necrozma-Dusk-Mane|100/100
|turn|2
|
|t:|1666443792
|detailschange|p1a: Necrozma|Necrozma-Ultra
|-burst|p1a: Necrozma|Necrozma|Ultranecrozium Z
|move|p1a: Necrozma|Photon Geyser|p2a: Rayquaza
|-damage|p2a: Rayquaza|0 fnt
|faint|p2a: Rayquaza
|-weather|none
|
|upkeep
|inactive|PixLmonTest has 120 seconds left.
|
|t:|1666443831
|switch|p2a: Necrozma|Necrozma-Dusk-Mane|100/100
|turn|3
|
|t:|1666443838
|move|p1a: Necrozma|Substitute|p1a: Necrozma
|-start|p1a: Necrozma|Substitute
|-damage|p1a: Necrozma|76/100
|move|p2a: Necrozma|Sunsteel Strike|p1a: Necrozma
|-end|p1a: Necrozma|Substitute
|
|upkeep
|turn|4
|
|t:|1666443848
|move|p1a: Necrozma|Earthquake|p2a: Necrozma
|-supereffective|p2a: Necrozma
|-damage|p2a: Necrozma|58/100
|move|p2a: Necrozma|Sunsteel Strike|p1a: Necrozma
|-damage|p1a: Necrozma|21/100
|
|upkeep
|turn|5
|inactive|PixLmonTest has 90 seconds left.
|
|t:|1666443885
|move|p1a: Necrozma|Earthquake|p2a: Necrozma
|-supereffective|p2a: Necrozma
|-damage|p2a: Necrozma|19/100
|move|p2a: Necrozma|Sunsteel Strike|p1a: Necrozma
|-damage|p1a: Necrozma|0 fnt
|faint|p1a: Necrozma
|
|upkeep
|
|t:|1666443913
|switch|p1a: Yveltal|Yveltal|100/100
|-ability|p1a: Yveltal|Dark Aura
|turn|6
|
|t:|1666443941
|switch|p2a: Arceus|Arceus-Dark|100/100
|move|p1a: Yveltal|Knock Off|p2a: Arceus
|-resisted|p2a: Arceus
|-damage|p2a: Arceus|78/100
|-damage|p1a: Yveltal|91/100|[from] item: Life Orb
|
|upkeep
|turn|7
|
|t:|1666443954
|-start|p1a: Yveltal|Dynamax|
|-heal|p1a: Yveltal|91/100|[silent]
|move|p1a: Yveltal|Max Airstream|p2a: Arceus
|-damage|p2a: Arceus|10/100
|-boost|p1a: Yveltal|spe|1
|-damage|p1a: Yveltal|86/100|[from] item: Life Orb
|move|p2a: Arceus|Toxic|p1a: Yveltal
|-status|p1a: Yveltal|tox
|
|-damage|p1a: Yveltal|83/100 tox|[from] psn
|upkeep
|turn|8
|inactive|PixLmonTest has 60 seconds left.
|
|t:|1666443971
|switch|p2a: Necrozma|Necrozma-Dusk-Mane|19/100
|move|p1a: Yveltal|Max Airstream|p2a: Necrozma
|-resisted|p2a: Necrozma
|-damage|p2a: Necrozma|0 fnt
|-boost|p1a: Yveltal|spe|1
|faint|p2a: Necrozma
|-damage|p1a: Yveltal|78/100 tox|[from] item: Life Orb
|
|-damage|p1a: Yveltal|72/100 tox|[from] psn
|upkeep
|inactive|PixLmonTest has 60 seconds left.
|
|t:|1666443992
|switch|p2a: Arceus|Arceus-Dark|10/100
|turn|9
|
|t:|1666444001
|move|p1a: Yveltal|Max Airstream|p2a: Arceus
|-damage|p2a: Arceus|0 fnt
|-boost|p1a: Yveltal|spe|1
|faint|p2a: Arceus
|-damage|p1a: Yveltal|67/100 tox|[from] item: Life Orb
|
|-damage|p1a: Yveltal|57/100 tox|[from] psn
|upkeep
|
|t:|1666444005
|switch|p2a: Ditto|Ditto, shiny|100/100
|-transform|p2a: Ditto|p1a: Yveltal|[from] ability: Imposter
|-ability|p2a: Ditto|Dark Aura
|-end|p1a: Yveltal|Dynamax
|-heal|p1a: Yveltal|58/100 tox|[silent]
|turn|10
|inactive|PixLmonTest has 60 seconds left.
|
|t:|1666444024
|-start|p2a: Ditto|Dynamax|
|-heal|p2a: Ditto|100/100|[silent]
|move|p1a: Yveltal|Knock Off|p2a: Ditto
|-resisted|p2a: Ditto
|-damage|p2a: Ditto|73/100
|-enditem|p2a: Ditto|Choice Scarf|[from] move: Knock Off|[of] p1a: Yveltal
|-damage|p1a: Yveltal|48/100 tox|[from] item: Life Orb
|move|p2a: Ditto|Max Airstream|p1a: Yveltal
|-damage|p1a: Yveltal|0 fnt
|-boost|p2a: Ditto|spe|1
|faint|p1a: Yveltal
|
|upkeep
|
|t:|1666444039
|switch|p1a: Tyranitar|Tyranitar, M|100/100
|-weather|Sandstorm|[from] ability: Sand Stream|[of] p1a: Tyranitar
|turn|11
|inactive|PixLmonTest has 60 seconds left.
|inactive|PixLmonTest has 30 seconds left.
|inactive|PixLmonTest has 20 seconds left.
|
|t:|1666444090
|-end|p2a: Ditto|Dynamax
|-heal|p2a: Ditto|73/100|[silent]
|switch|p2a: Arceus|Arceus-Water|100/100
|move|p1a: Tyranitar|Thunder Wave|p2a: Arceus
|-status|p2a: Arceus|par
|
|-weather|Sandstorm|[upkeep]
|-damage|p2a: Arceus|94/100 par|[from] Sandstorm
|upkeep
|turn|12
|inactive|PixLmonTest has 30 seconds left this turn.
|
|t:|1666444112
|switch|p1a: Ditto|Ditto|100/100
|-transform|p1a: Ditto|p2a: Arceus|[from] ability: Imposter
|cant|p2a: Arceus|par
|
|-weather|Sandstorm|[upkeep]
|-damage|p1a: Ditto|95/100|[from] Sandstorm
|-damage|p2a: Arceus|88/100 par|[from] Sandstorm
|upkeep
|turn|13
|
|t:|1666444132
|move|p1a: Ditto|Perish Song|p1a: Ditto
|-start|p1a: Ditto|perish3|[silent]
|-start|p2a: Arceus|perish3|[silent]
|-fieldactivate|move: Perish Song
|move|p2a: Arceus|Whirlpool|p1a: Ditto
|-resisted|p1a: Ditto
|-damage|p1a: Ditto|84/100
|-activate|p1a: Ditto|move: Whirlpool|[of] p2a: Arceus
|
|-weather|Sandstorm|[upkeep]
|-damage|p1a: Ditto|78/100|[from] Sandstorm
|-damage|p2a: Arceus|82/100 par|[from] Sandstorm
|-damage|p1a: Ditto|65/100|[from] move: Whirlpool|[partiallytrapped]
|-start|p1a: Ditto|perish3
|-start|p2a: Arceus|perish3
|upkeep
|turn|14
|inactive|PixLmonTest has 30 seconds left.
|
|t:|1666444160
|move|p1a: Ditto|Perish Song||[still]
|-fail|p1a: Ditto
|cant|p2a: Arceus|par
|
|-weather|Sandstorm|[upkeep]
|-damage|p1a: Ditto|60/100|[from] Sandstorm
|-damage|p2a: Arceus|76/100 par|[from] Sandstorm
|-damage|p1a: Ditto|47/100|[from] move: Whirlpool|[partiallytrapped]
|-start|p1a: Ditto|perish2
|-start|p2a: Arceus|perish2
|upkeep
|turn|15
|inactive|PixLmonTest has 30 seconds left.
|
|t:|1666444173
|move|p1a: Ditto|Perish Song||[still]
|-fail|p1a: Ditto
|move|p2a: Arceus|Recover|p2a: Arceus
|-heal|p2a: Arceus|100/100 par
|
|-weather|none
|-damage|p1a: Ditto|35/100|[from] move: Whirlpool|[partiallytrapped]
|-start|p1a: Ditto|perish1
|-start|p2a: Arceus|perish1
|upkeep
|turn|16
|inactive|PixLmonTest has 30 seconds left.
|inactive|PixLmonTest has 20 seconds left.
|
|t:|1666444190
|switch|p2a: Ditto|Ditto, shiny|73/100
|move|p1a: Ditto|Perish Song|p1a: Ditto
|-start|p2a: Ditto|perish3|[silent]
|-fieldactivate|move: Perish Song
|
|-end|p1a: Ditto|Whirlpool|[partiallytrapped]|[silent]
|-start|p1a: Ditto|perish0
|-start|p2a: Ditto|perish3
|faint|p1a: Ditto
|upkeep
|inactive|PixLmonTest has 25 seconds left this turn.
|
|t:|1666444200
|switch|p1a: Tyranitar|Tyranitar, M|100/100
|-weather|Sandstorm|[from] ability: Sand Stream|[of] p1a: Tyranitar
|turn|17
|inactive|PixLmonTest has 30 seconds left.
|inactive|thicsucttv has 120 seconds left.
|c|☆PixLmonTest|you wanna ff?
|
|t:|1666444219
|switch|p2a: Arceus|Arceus-Water|100/100 par
|move|p1a: Tyranitar|Stealth Rock|p2a: Arceus
|-sidestart|p2: PixLmonTest|move: Stealth Rock
|
|-weather|Sandstorm|[upkeep]
|-damage|p2a: Arceus|94/100 par|[from] Sandstorm
|upkeep
|turn|18
|j| 123SQZ
|inactive|thicsucttv has 120 seconds left.
|
|t:|1666444235
|move|p1a: Tyranitar|Stone Edge|p2a: Arceus
|-crit|p2a: Arceus
|-damage|p2a: Arceus|63/100 par
|move|p2a: Arceus|Whirlpool|p1a: Tyranitar|[miss]
|-miss|p2a: Arceus|p1a: Tyranitar
|
|-weather|Sandstorm|[upkeep]
|-damage|p2a: Arceus|57/100 par|[from] Sandstorm
|upkeep
|turn|19
|inactive|thicsucttv has 120 seconds left.
|
|t:|1666444246
|move|p1a: Tyranitar|Stone Edge|p2a: Arceus
|-damage|p2a: Arceus|35/100 par
|cant|p2a: Arceus|par
|
|-weather|Sandstorm|[upkeep]
|-damage|p2a: Arceus|29/100 par|[from] Sandstorm
|upkeep
|turn|20
|inactive|thicsucttv has 120 seconds left.
|
|t:|1666444255
|move|p1a: Tyranitar|Stone Edge|p2a: Arceus
|-damage|p2a: Arceus|8/100 par
|move|p2a: Arceus|Recover|p2a: Arceus
|-heal|p2a: Arceus|58/100 par
|
|-weather|Sandstorm|[upkeep]
|-damage|p2a: Arceus|52/100 par|[from] Sandstorm
|upkeep
|turn|21
|
|t:|1666444264
|move|p1a: Tyranitar|Stone Edge|p2a: Arceus|[miss]
|-miss|p1a: Tyranitar|p2a: Arceus
|cant|p2a: Arceus|par
|
|-weather|none
|upkeep
|turn|22
|c|☆PixLmonTest|almost
|inactive|thicsucttv has 120 seconds left.
|
|t:|1666444291
|switch|p1a: Marshadow|Marshadow|100/100
|move|p2a: Arceus|Recover|p2a: Arceus
|-heal|p2a: Arceus|100/100 par
|
|upkeep
|turn|23
|inactive|PixLmonTest has 60 seconds left.
|c|☆thicsucttv|Lucky af
|c|☆PixLmonTest|what
|c|☆PixLmonTest|kekw?
|inactive|PixLmonTest has 30 seconds left.
|c|☆PixLmonTest|you were going for a 1/16 tripple paralyze not to mention the crit
|c|☆PixLmonTest|makes it like over 1/100 odds
|
|t:|1666444356
|move|p1a: Marshadow|Spectral Thief|p2a: Arceus
|-damage|p2a: Arceus|71/100 par
|-damage|p1a: Marshadow|91/100|[from] item: Life Orb
|move|p2a: Arceus|Toxic|p1a: Marshadow
|-status|p1a: Marshadow|tox
|
|-damage|p1a: Marshadow|84/100 tox|[from] psn
|upkeep
|turn|24
|inactive|PixLmonTest has 30 seconds left.
|
|t:|1666444367
|move|p1a: Marshadow|Close Combat|p2a: Arceus
|-damage|p2a: Arceus|33/100 par
|-unboost|p1a: Marshadow|def|1
|-unboost|p1a: Marshadow|spd|1
|-damage|p1a: Marshadow|74/100 tox|[from] item: Life Orb
|move|p2a: Arceus|Whirlpool|p1a: Marshadow
|-damage|p1a: Marshadow|45/100 tox
|-activate|p1a: Marshadow|move: Whirlpool|[of] p2a: Arceus
|
|-damage|p1a: Marshadow|33/100 tox|[from] psn
|-damage|p1a: Marshadow|20/100 tox|[from] move: Whirlpool|[partiallytrapped]
|upkeep
|turn|25
|inactive|PixLmonTest has 30 seconds left.
|inactive|PixLmonTest has 20 seconds left.
|inactive|PixLmonTest has 15 seconds left.
|
|t:|1666444390
|switch|p2a: Calyrex|Calyrex-Shadow|100/100
|-ability|p2a: Calyrex|As One
|-ability|p2a: Calyrex|Unnerve
|-damage|p2a: Calyrex|88/100|[from] Stealth Rock
|move|p1a: Marshadow|Spectral Thief|p2a: Calyrex
|-supereffective|p2a: Calyrex
|-damage|p2a: Calyrex|0 fnt
|faint|p2a: Calyrex
|-damage|p1a: Marshadow|10/100 tox|[from] item: Life Orb
|
|-damage|p1a: Marshadow|0 fnt|[from] psn
|faint|p1a: Marshadow
|upkeep
|inactive|PixLmonTest has 25 seconds left this turn.
|inactive|PixLmonTest has 20 seconds left.
|inactive|PixLmonTest has 15 seconds left.
|
|t:|1666444407
|switch|p2a: Ditto|Ditto, shiny|73/100
|switch|p1a: Tyranitar|Tyranitar, M|100/100
|-weather|Sandstorm|[from] ability: Sand Stream|[of] p1a: Tyranitar
|-damage|p2a: Ditto|60/100|[from] Stealth Rock
|-transform|p2a: Ditto|p1a: Tyranitar|[from] ability: Imposter
|turn|26
|inactive|PixLmonTest has 25 seconds left this turn.
|inactive|PixLmonTest has 20 seconds left.
|inactive|PixLmonTest has 15 seconds left.
|
|t:|1666444421
|move|p1a: Tyranitar|Stone Edge|p2a: Ditto
|-damage|p2a: Ditto|15/100
|move|p2a: Ditto|Thunder Wave|p1a: Tyranitar
|-status|p1a: Tyranitar|par
|
|-weather|Sandstorm|[upkeep]
|upkeep
|turn|27
|inactive|PixLmonTest has 25 seconds left this turn.
|inactive|PixLmonTest has 20 seconds left.
|inactive|PixLmonTest has 15 seconds left.
|
|t:|1666444436
|move|p2a: Ditto|Stone Edge|p1a: Tyranitar|[miss]
|-miss|p2a: Ditto|p1a: Tyranitar
|cant|p1a: Tyranitar|par
|
|-weather|Sandstorm|[upkeep]
|upkeep
|turn|28
|inactive|PixLmonTest has 25 seconds left this turn.
|
|t:|1666444443
|move|p2a: Ditto|Stone Edge|p1a: Tyranitar|[miss]
|-miss|p2a: Ditto|p1a: Tyranitar
|cant|p1a: Tyranitar|par
|
|-weather|Sandstorm|[upkeep]
|upkeep
|turn|29
|inactive|PixLmonTest has 30 seconds left.
|
|t:|1666444450
|move|p2a: Ditto|Stone Edge|p1a: Tyranitar
|-damage|p1a: Tyranitar|67/100 par
|move|p1a: Tyranitar|Stone Edge|p2a: Ditto|[miss]
|-miss|p1a: Tyranitar|p2a: Ditto
|
|-weather|Sandstorm|[upkeep]
|-heal|p1a: Tyranitar|73/100 par|[from] item: Leftovers
|upkeep
|turn|30
|inactive|PixLmonTest has 30 seconds left.
|
|t:|1666444471
|move|p2a: Ditto|Stone Edge|p1a: Tyranitar
|-crit|p1a: Tyranitar
|-damage|p1a: Tyranitar|16/100 par
|move|p1a: Tyranitar|Stone Edge|p2a: Ditto
|-crit|p2a: Ditto
|-damage|p2a: Ditto|0 fnt
|faint|p2a: Ditto
|
|-weather|none
|-heal|p1a: Tyranitar|22/100 par|[from] item: Leftovers
|upkeep
|inactive|PixLmonTest has 30 seconds left this turn.
|
|t:|1666444477
|switch|p2a: Arceus|Arceus-Water|33/100 par
|-damage|p2a: Arceus|20/100 par|[from] Stealth Rock
|turn|31
|inactive|PixLmonTest has 30 seconds left.
|
|t:|1666444486
|cant|p2a: Arceus|par
|move|p1a: Tyranitar|Stone Edge|p2a: Arceus
|-damage|p2a: Arceus|0 fnt
|faint|p2a: Arceus
|
|win|thicsucttv
|raw|thicsucttv's rating: 1844 &rarr; <strong>1862</strong><br />(+18 for winning)
|raw|PixLmonTest's rating: 1816 &rarr; <strong>1798</strong><br />(-18 for losing)
|c|☆PixLmonTest|kekw
|l|☆PixLmonTest
|c|☆thicsucttv|Ezzz
|c| 123SQZ|....
|c|☆thicsucttv|Exzzz
|c|☆thicsucttv|Ezzzzz
||Ladder isn't responding, score probably updated but might not have (Request timeout).
