|j|☆rngdespisesmexd
|j|☆C0ld as Ice
|t:|1648519588
|gametype|singles
|player|p1|rngdespisesmexd|shadowtriad|1586
|player|p2|C0ld as Ice|schoolkid-gen4dp|1782
|teamsize|p1|6
|teamsize|p2|6
|gen|8
|tier|[Gen 8] National Dex AG
|rated|
|rule|HP Percentage Mod: HP is shown in percentages
|rule|Endless Battle Clause: Forcing endless battles is banned
|clearpoke
|poke|p1|Arceus-*|
|poke|p1|Arceus-*|
|poke|p1|Grimmsnarl, M|
|poke|p1|Groudon|
|poke|p1|Yveltal|
|poke|p1|Ho-Oh|
|poke|p2|Magearna|
|poke|p2|Arceus-*|
|poke|p2|Calyrex-Shadow|
|poke|p2|Donphan, M|
|poke|p2|Marshadow|
|poke|p2|Smeargle, M|
|teampreview
|inactive|Battle timer is ON: inactive players will automatically lose when time's up. (requested by rngdespisesmexd)
|inactive|C0ld as Ice also wants the timer to be on.
|
|t:|1648519603
|start
|switch|p1a: Arceus|Arceus-Ground|100/100
|switch|p2a: Donphan|Donphan, M|100/100
|turn|1
|
|t:|1648519612
|move|p1a: Arceus|Ice Beam|p2a: Donphan
|-supereffective|p2a: Donphan
|-damage|p2a: Donphan|34/100
|-enditem|p2a: Donphan|Red Card|[of] p1a: Arceus
|drag|p1a: Groudon|Groudon|100/100
|detailschange|p1a: Groudon|Groudon-Primal
|-primal|p1a: Groudon
|-weather|DesolateLand|[from] ability: Desolate Land|[of] p1a: Groudon
|move|p2a: Donphan|Stealth Rock|p1a: Groudon
|-sidestart|p1: rngdespisesmexd|move: Stealth Rock
|
|-weather|DesolateLand|[upkeep]
|upkeep
|turn|2
|
|t:|1648519621
|move|p1a: Groudon|Stealth Rock|p2a: Donphan
|-sidestart|p2: C0ld as Ice|move: Stealth Rock
|move|p2a: Donphan|Bulldoze|p1a: Groudon
|-supereffective|p1a: Groudon
|-damage|p1a: Groudon|77/100
|-unboost|p1a: Groudon|spe|1
|
|-weather|DesolateLand|[upkeep]
|upkeep
|turn|3
|
|t:|1648519625
|move|p2a: Donphan|Rapid Spin|p1a: Groudon
|-damage|p1a: Groudon|70/100
|-boost|p2a: Donphan|spe|1
|-sideend|p2: C0ld as Ice|Stealth Rock|[from] move: Rapid Spin|[of] p2a: Donphan
|move|p1a: Groudon|Precipice Blades|p2a: Donphan|[miss]
|-miss|p1a: Groudon|p2a: Donphan
|
|-weather|DesolateLand|[upkeep]
|upkeep
|turn|4
|
|t:|1648519628
|move|p2a: Donphan|Toxic|p1a: Groudon
|-status|p1a: Groudon|tox
|move|p1a: Groudon|Stealth Rock|p2a: Donphan
|-sidestart|p2: C0ld as Ice|move: Stealth Rock
|
|-weather|DesolateLand|[upkeep]
|-damage|p1a: Groudon|64/100 tox|[from] psn
|upkeep
|turn|5
|
|t:|1648519632
|move|p2a: Donphan|Rapid Spin|p1a: Groudon
|-damage|p1a: Groudon|57/100 tox
|-boost|p2a: Donphan|spe|1
|-sideend|p2: C0ld as Ice|Stealth Rock|[from] move: Rapid Spin|[of] p2a: Donphan
|move|p1a: Groudon|Precipice Blades|p2a: Donphan
|-damage|p2a: Donphan|0 fnt
|faint|p2a: Donphan
|
|-weather|DesolateLand|[upkeep]
|-damage|p1a: Groudon|45/100 tox|[from] psn
|upkeep
|
|t:|1648519652
|switch|p2a: Calyrex|Calyrex-Shadow|100/100
|-ability|p2a: Calyrex|As One
|-ability|p2a: Calyrex|Unnerve
|turn|6
|
|t:|1648519662
|move|p2a: Calyrex|Nasty Plot|p2a: Calyrex
|-boost|p2a: Calyrex|spa|2
|move|p1a: Groudon|Stealth Rock|p2a: Calyrex
|-sidestart|p2: C0ld as Ice|move: Stealth Rock
|
|-weather|DesolateLand|[upkeep]
|-damage|p1a: Groudon|26/100 tox|[from] psn
|upkeep
|turn|7
|
|t:|1648519669
|move|p2a: Calyrex|Astral Barrage|p1a: Groudon
|-damage|p1a: Groudon|0 fnt
|faint|p1a: Groudon
|-weather|none
|-ability|p2a: Calyrex|Grim Neigh|boost
|-boost|p2a: Calyrex|spa|1
|
|upkeep
|
|t:|1648519671
|switch|p1a: Grimmsnarl|Grimmsnarl, M|100/100
|-damage|p1a: Grimmsnarl|88/100|[from] Stealth Rock
|turn|8
|
|t:|1648519674
|move|p1a: Grimmsnarl|Light Screen|p1a: Grimmsnarl
|-sidestart|p1: rngdespisesmexd|move: Light Screen
|move|p2a: Calyrex|Taunt|p1a: Grimmsnarl
|-start|p1a: Grimmsnarl|move: Taunt
|
|upkeep
|turn|9
|
|t:|1648519678
|move|p2a: Calyrex|Baton Pass|p2a: Calyrex
|
|t:|1648519679
|switch|p2a: Magearna|Magearna|100/100|[from]move: Baton Pass
|-damage|p2a: Magearna|95/100|[from] Stealth Rock
|move|p1a: Grimmsnarl|Spirit Break|p2a: Magearna
|-resisted|p2a: Magearna
|-damage|p2a: Magearna|75/100
|-unboost|p2a: Magearna|spa|1
|
|upkeep
|turn|10
|
|t:|1648519682
|-start|p2a: Magearna|Dynamax|
|-heal|p2a: Magearna|75/100|[silent]
|move|p2a: Magearna|Max Airstream|p1a: Grimmsnarl
|-damage|p1a: Grimmsnarl|41/100
|-boost|p2a: Magearna|spe|1
|move|p1a: Grimmsnarl|Spirit Break|p2a: Magearna
|-resisted|p2a: Magearna
|-crit|p2a: Magearna
|-damage|p2a: Magearna|58/100
|-unboost|p2a: Magearna|spa|1
|
|upkeep
|turn|11
|
|t:|1648519690
|move|p2a: Magearna|Max Lightning|p1a: Grimmsnarl
|-damage|p1a: Grimmsnarl|0 fnt
|-fieldstart|move: Electric Terrain
|faint|p1a: Grimmsnarl
|-ability|p2a: Magearna|Soul-Heart|boost
|-boost|p2a: Magearna|spa|1
|
|upkeep
|
|t:|1648519695
|switch|p1a: Arceus|Arceus-Ground|100/100
|-damage|p1a: Arceus|94/100|[from] Stealth Rock
|turn|12
|
|t:|1648519699
|move|p2a: Magearna|Max Steelspike|p1a: Arceus
|-damage|p1a: Arceus|45/100
|-boost|p2a: Magearna|def|1
|move|p1a: Arceus|Calm Mind|p1a: Arceus
|-boost|p1a: Arceus|spa|1
|-boost|p1a: Arceus|spd|1
|
|-end|p2a: Magearna|Dynamax
|-heal|p2a: Magearna|58/100|[silent]
|upkeep
|turn|13
|
|t:|1648519713
|move|p2a: Magearna|Steel Beam|p1a: Arceus
|-damage|p1a: Arceus|8/100
|-damage|p2a: Magearna|8/100|[from] mindblown
|move|p1a: Arceus|Judgment|p2a: Magearna
|-supereffective|p2a: Magearna
|-damage|p2a: Magearna|0 fnt
|faint|p2a: Magearna
|
|upkeep
|
|t:|1648519725
|switch|p2a: Arceus|Arceus|100/100
|-damage|p2a: Arceus|88/100|[from] Stealth Rock
|turn|14
|
|t:|1648519729
|move|p2a: Arceus|Extreme Speed|p1a: Arceus
|-damage|p1a: Arceus|0 fnt
|faint|p1a: Arceus
|
|upkeep
|
|t:|1648519739
|switch|p1a: Ho-Oh|Ho-Oh|100/100
|turn|15
|
|t:|1648519751
|move|p2a: Arceus|Swords Dance|p2a: Arceus
|-boost|p2a: Arceus|atk|2
|move|p1a: Ho-Oh|Sacred Fire|p2a: Arceus
|-damage|p2a: Arceus|59/100
|-status|p2a: Arceus|brn
|
|-damage|p2a: Arceus|53/100 brn|[from] brn
|-sideend|p1: rngdespisesmexd|move: Light Screen
|-fieldend|move: Electric Terrain
|upkeep
|turn|16
|
|t:|1648519757
|switch|p1a: Arceus|Arceus|100/100
|-damage|p1a: Arceus|88/100|[from] Stealth Rock
|-zpower|p2a: Arceus
|move|p2a: Arceus|Breakneck Blitz|p1a: Arceus|[zeffect]
|-damage|p1a: Arceus|18/100
|
|-damage|p2a: Arceus|47/100 brn|[from] brn
|upkeep
|turn|17
|
|t:|1648519762
|move|p2a: Arceus|Extreme Speed|p1a: Arceus
|-damage|p1a: Arceus|0 fnt
|faint|p1a: Arceus
|
|-damage|p2a: Arceus|41/100 brn|[from] brn
|upkeep
|
|t:|1648519764
|switch|p1a: Yveltal|Yveltal|100/100
|-damage|p1a: Yveltal|76/100|[from] Stealth Rock
|-ability|p1a: Yveltal|Dark Aura
|turn|18
|
|t:|1648519766
|-start|p1a: Yveltal|Dynamax|
|-heal|p1a: Yveltal|76/100|[silent]
|move|p2a: Arceus|Extreme Speed|p1a: Yveltal
|-damage|p1a: Yveltal|56/100
|move|p1a: Yveltal|Max Airstream|p2a: Arceus
|-damage|p2a: Arceus|0 fnt
|-boost|p1a: Yveltal|spe|1
|faint|p2a: Arceus
|-damage|p1a: Yveltal|52/100|[from] item: Life Orb
|
|upkeep
|c|☆C0ld as Ice|gg
|-message|C0ld as Ice forfeited.
|
|win|rngdespisesmexd
|raw|rngdespisesmexd's rating: 1586 &rarr; <strong>1616</strong><br />(+30 for winning)
|raw|C0ld as Ice's rating: 1782 &rarr; <strong>1752</strong><br />(-30 for losing)
|l|☆C0ld as Ice
