|j|☆DJ Phoenix da Poet
|j|☆Nobodi_Nowan
|t:|1660047963
|gametype|singles
|player|p1|DJ Phoenix da Poet|red|1691
|player|p2|Nobodi_Nowan|byron|1965
|teamsize|p1|6
|teamsize|p2|6
|gen|8
|tier|[Gen 8] National Dex AG
|rated|
|rule|HP Percentage Mod: HP is shown in percentages
|rule|Endless Battle Clause: Forcing endless battles is banned
|clearpoke
|poke|p1|Necrozma-Dusk-Mane|
|poke|p1|Calyrex-Shadow|
|poke|p1|Zacian-*|
|poke|p1|Groudon|
|poke|p1|Ditto|
|poke|p1|Yveltal|
|poke|p2|Forretress, M|
|poke|p2|Arceus-*|
|poke|p2|Kyogre|
|poke|p2|Calyrex-Shadow|
|poke|p2|Zacian-*|
|poke|p2|Rayquaza|
|teampreview
|
|t:|1660047994
|start
|switch|p1a: Ditto|Ditto|100/100
|switch|p2a: Rayquaza|Rayquaza|100/100
|-transform|p1a: Ditto|p2a: Rayquaza|[from] ability: Imposter
|-ability|p2a: Rayquaza|Air Lock
|turn|1
|
|t:|1660048021
|detailschange|p2a: Rayquaza|Rayquaza-Mega
|-mega|p2a: Rayquaza|Rayquaza|
|-weather|DeltaStream|[from] ability: Delta Stream|[of] p2a: Rayquaza
|-start|p1a: Ditto|Dynamax|
|-heal|p1a: Ditto|100/100|[silent]
|move|p2a: Rayquaza|Dragon Ascent|p1a: Ditto
|-damage|p1a: Ditto|45/100
|-unboost|p2a: Rayquaza|def|1
|-unboost|p2a: Rayquaza|spd|1
|move|p1a: Ditto|Max Airstream|p2a: Rayquaza
|-damage|p2a: Rayquaza|0 fnt
|-boost|p1a: Ditto|spe|1
|faint|p2a: Rayquaza
|-weather|none
|
|upkeep
|
|t:|1660048036
|switch|p2a: Zacian|Zacian-Crowned, shiny|100/100
|-ability|p2a: Zacian|Intrepid Sword|boost
|-boost|p2a: Zacian|atk|1
|turn|2
|
|t:|1660048040
|switch|p2a: Kyogre|Kyogre|100/100
|detailschange|p2a: Kyogre|Kyogre-Primal
|-primal|p2a: Kyogre
|-weather|PrimordialSea|[from] ability: Primordial Sea|[of] p2a: Kyogre
|move|p1a: Ditto|Max Flare|p2a: Kyogre
|-resisted|p2a: Kyogre
|-damage|p2a: Kyogre|69/100
|
|-weather|PrimordialSea|[upkeep]
|upkeep
|turn|3
|
|t:|1660048059
|-end|p1a: Ditto|Dynamax
|-heal|p1a: Ditto|45/100|[silent]
|switch|p1a: Groudon|Groudon|100/100
|detailschange|p1a: Groudon|Groudon-Primal
|-primal|p1a: Groudon
|-weather|DesolateLand|[from] ability: Desolate Land|[of] p1a: Groudon
|move|p2a: Kyogre|Ice Beam|p1a: Groudon
|-damage|p1a: Groudon|54/100
|
|-weather|DesolateLand|[upkeep]
|upkeep
|turn|4
|
|t:|1660048072
|move|p1a: Groudon|Earthquake|p2a: Kyogre
|-damage|p2a: Kyogre|0 fnt
|faint|p2a: Kyogre
|
|-weather|DesolateLand|[upkeep]
|upkeep
|
|t:|1660048084
|switch|p2a: Forretress|Forretress, M|100/100
|turn|5
|
|t:|1660048091
|-weather|none
|switch|p1a: Ditto|Ditto|45/100
|-transform|p1a: Ditto|p2a: Forretress|[from] ability: Imposter
|move|p2a: Forretress|Stealth Rock|p1a: Ditto
|-sidestart|p1: DJ Phoenix da Poet|move: Stealth Rock
|
|upkeep
|turn|6
|
|t:|1660048099
|switch|p2a: Calyrex|Calyrex-Shadow|100/100
|-ability|p2a: Calyrex|As One
|-ability|p2a: Calyrex|Unnerve
|move|p1a: Ditto|Stealth Rock|p2a: Calyrex
|-sidestart|p2: Nobodi_Nowan|move: Stealth Rock
|
|upkeep
|turn|7
|
|t:|1660048110
|switch|p1a: Groudon|Groudon-Primal|54/100
|-damage|p1a: Groudon|42/100|[from] Stealth Rock
|-weather|DesolateLand|[from] ability: Desolate Land|[of] p1a: Groudon
|move|p2a: Calyrex|Astral Barrage|p1a: Groudon
|-damage|p1a: Groudon|0 fnt
|faint|p1a: Groudon
|-weather|none
|-ability|p2a: Calyrex|Grim Neigh|boost
|-boost|p2a: Calyrex|spa|1
|
|upkeep
|
|t:|1660048113
|switch|p1a: Yveltal|Yveltal|100/100
|-damage|p1a: Yveltal|76/100|[from] Stealth Rock
|-ability|p1a: Yveltal|Dark Aura
|turn|8
|
|t:|1660048131
|switch|p2a: Forretress|Forretress, M|100/100
|-damage|p2a: Forretress|88/100|[from] Stealth Rock
|move|p1a: Yveltal|Heat Wave|p2a: Forretress
|-supereffective|p2a: Forretress
|-damage|p2a: Forretress|0 fnt
|faint|p2a: Forretress
|-damage|p1a: Yveltal|66/100|[from] item: Life Orb
|
|upkeep
|
|t:|1660048145
|switch|p2a: Zacian|Zacian-Crowned, shiny|100/100
|-damage|p2a: Zacian|94/100|[from] Stealth Rock
|-ability|p2a: Zacian|Intrepid Sword|boost
|-boost|p2a: Zacian|atk|1
|turn|9
|
|t:|1660048150
|switch|p1a: Necrozma|Necrozma-Dusk-Mane|100/100
|-damage|p1a: Necrozma|94/100|[from] Stealth Rock
|move|p2a: Zacian|Substitute|p2a: Zacian
|-start|p2a: Zacian|Substitute
|-damage|p2a: Zacian|70/100
|
|upkeep
|turn|10
|
|t:|1660048159
|move|p2a: Zacian|Close Combat|p1a: Necrozma
|-damage|p1a: Necrozma|52/100
|-unboost|p2a: Zacian|def|1
|-unboost|p2a: Zacian|spd|1
|-damage|p2a: Zacian|53/100|[from] item: Rocky Helmet|[of] p1a: Necrozma
|move|p1a: Necrozma|Sunsteel Strike|p2a: Zacian
|-end|p2a: Zacian|Substitute
|
|upkeep
|turn|11
|
|t:|1660048173
|move|p2a: Zacian|Close Combat|p1a: Necrozma
|-damage|p1a: Necrozma|6/100
|-unboost|p2a: Zacian|def|1
|-unboost|p2a: Zacian|spd|1
|-damage|p2a: Zacian|36/100|[from] item: Rocky Helmet|[of] p1a: Necrozma
|move|p1a: Necrozma|Sunsteel Strike|p2a: Zacian
|-damage|p2a: Zacian|0 fnt
|faint|p2a: Zacian
|
|upkeep
|
|t:|1660048183
|switch|p2a: Arceus|Arceus|100/100
|-damage|p2a: Arceus|88/100|[from] Stealth Rock
|turn|12
|
|t:|1660048188
|move|p2a: Arceus|Swords Dance|p2a: Arceus
|-boost|p2a: Arceus|atk|2
|move|p1a: Necrozma|Thunder Wave|p2a: Arceus
|-status|p2a: Arceus|par
|-enditem|p2a: Arceus|Lum Berry|[eat]
|-curestatus|p2a: Arceus|par|[msg]
|
|upkeep
|turn|13
|
|t:|1660048195
|move|p2a: Arceus|Swords Dance|p2a: Arceus
|-boost|p2a: Arceus|atk|2
|move|p1a: Necrozma|Thunder Wave|p2a: Arceus
|-status|p2a: Arceus|par
|
|upkeep
|turn|14
|j| Enjoy enjoy
|
|t:|1660048200
|move|p1a: Necrozma|Sunsteel Strike|p2a: Arceus
|-damage|p2a: Arceus|56/100 par
|cant|p2a: Arceus|par
|
|upkeep
|turn|15
|
|t:|1660048209
|move|p1a: Necrozma|Photon Geyser|p2a: Arceus
|-damage|p2a: Arceus|20/100 par
|cant|p2a: Arceus|par
|
|upkeep
|turn|16
|
|t:|1660048221
|cant|p2a: Arceus|par
|move|p1a: Necrozma|Photon Geyser|p2a: Arceus
|-damage|p2a: Arceus|0 fnt
|faint|p2a: Arceus
|
|upkeep
|
|t:|1660048229
|switch|p2a: Calyrex|Calyrex-Shadow|100/100
|-ability|p2a: Calyrex|As One
|-ability|p2a: Calyrex|Unnerve
|-damage|p2a: Calyrex|88/100|[from] Stealth Rock
|turn|17
|
|t:|1660048241
|move|p2a: Calyrex|Astral Barrage|p1a: Necrozma
|-supereffective|p1a: Necrozma
|-damage|p1a: Necrozma|0 fnt
|faint|p1a: Necrozma
|-ability|p2a: Calyrex|Grim Neigh|boost
|-boost|p2a: Calyrex|spa|1
|
|upkeep
|
|t:|1660048245
|switch|p1a: Yveltal|Yveltal|66/100
|-damage|p1a: Yveltal|41/100|[from] Stealth Rock
|-ability|p1a: Yveltal|Dark Aura
|turn|18
|
|t:|1660048253
|move|p2a: Calyrex|Astral Barrage|p1a: Yveltal
|-resisted|p1a: Yveltal
|-damage|p1a: Yveltal|0 fnt
|faint|p1a: Yveltal
|-ability|p2a: Calyrex|Grim Neigh|boost
|-boost|p2a: Calyrex|spa|1
|
|upkeep
|
|t:|1660048256
|switch|p1a: Ditto|Ditto|45/100
|-damage|p1a: Ditto|33/100|[from] Stealth Rock
|-transform|p1a: Ditto|p2a: Calyrex|[from] ability: Imposter
|turn|19
|c|☆Nobodi_Nowan|im also scarfed
|c|☆DJ Phoenix da Poet|Chouce scraf ,
|c|☆DJ Phoenix da Poet|Lmao
|c|☆Nobodi_Nowan|ps have a bit of luck
|
|t:|1660048285
|move|p1a: Ditto|Astral Barrage|p2a: Calyrex
|-supereffective|p2a: Calyrex
|-damage|p2a: Calyrex|0 fnt
|faint|p2a: Calyrex
|
|win|DJ Phoenix da Poet
|raw|DJ Phoenix da Poet's rating: 1691 &rarr; <strong>1724</strong><br />(+33 for winning)
|raw|Nobodi_Nowan's rating: 1965 &rarr; <strong>1932</strong><br />(-33 for losing)
|c|☆DJ Phoenix da Poet|You will win lmao
|c|☆DJ Phoenix da Poet|Oh
|l| Enjoy enjoy
|c|☆Nobodi_Nowan|ok course
|c|☆DJ Phoenix da Poet|1965
|c|☆DJ Phoenix da Poet|V:
||Ladder isn't responding, score probably updated but might not have (Request timeout).
