|j|☆Arcspam Domination
|j|☆llmmllmm
|inactive|Battle timer is ON: inactive players will automatically lose when time's up.
|t:|1649391393
|gametype|singles
|player|p1|Arcspam Domination|169|
|player|p2|llmmllmm|tuberf|
|teamsize|p1|6
|teamsize|p2|6
|gen|8
|tier|[Gen 8] National Dex AG
|rated|Tournament battle
|rule|HP Percentage Mod: HP is shown in percentages
|rule|Endless Battle Clause: Forcing endless battles is banned
|clearpoke
|poke|p1|Arceus-*|
|poke|p1|Arceus-*|
|poke|p1|Arceus-*|
|poke|p1|Arceus-*|
|poke|p1|Arceus-*|
|poke|p1|Arceus-*|
|poke|p2|Arceus-*|
|poke|p2|Yveltal|
|poke|p2|Rayquaza|
|poke|p2|Necrozma-Dusk-Mane|
|poke|p2|Ditto|
|poke|p2|Calyrex-Shadow|
|teampreview
|inactive|llmmllmm also wants the timer to be on.
|c|☆llmmllmm|oh no
|
|t:|1649391416
|start
|switch|p1a: Arceus|Arceus-Water|100/100
|switch|p2a: Arceus|Arceus-Dark|100/100
|turn|1
|
|t:|1649391435
|switch|p1a: Arceus|Arceus|100/100
|move|p2a: Arceus|Whirlpool|p1a: Arceus
|-damage|p1a: Arceus|94/100
|-activate|p1a: Arceus|move: Whirlpool|[of] p2a: Arceus
|
|-damage|p1a: Arceus|81/100|[from] move: Whirlpool|[partiallytrapped]
|upkeep
|turn|2
|
|t:|1649391438
|move|p1a: Arceus|Swords Dance|p1a: Arceus
|-boost|p1a: Arceus|atk|2
|move|p2a: Arceus|Perish Song|p2a: Arceus
|-start|p1a: Arceus|perish3|[silent]
|-start|p2a: Arceus|perish3|[silent]
|-fieldactivate|move: Perish Song
|
|-damage|p1a: Arceus|69/100|[from] move: Whirlpool|[partiallytrapped]
|-start|p1a: Arceus|perish3
|-start|p2a: Arceus|perish3
|upkeep
|turn|3
|
|t:|1649391445
|move|p1a: Arceus|Swords Dance|p1a: Arceus
|-boost|p1a: Arceus|atk|2
|move|p2a: Arceus|Recover||[still]
|-fail|p2a: Arceus|heal
|
|-damage|p1a: Arceus|57/100|[from] move: Whirlpool|[partiallytrapped]
|-start|p1a: Arceus|perish2
|-start|p2a: Arceus|perish2
|upkeep
|turn|4
|
|t:|1649391459
|switch|p2a: Necrozma|Necrozma-Dusk-Mane|100/100
|move|p1a: Arceus|Extreme Speed|p2a: Necrozma
|-resisted|p2a: Necrozma
|-damage|p2a: Necrozma|55/100
|-damage|p1a: Arceus|40/100|[from] item: Rocky Helmet|[of] p2a: Necrozma
|-damage|p1a: Arceus|31/100|[from] item: Life Orb
|
|-end|p1a: Arceus|Whirlpool|[partiallytrapped]|[silent]
|-start|p1a: Arceus|perish1
|upkeep
|turn|5
|j| Laprasdestiny
|
|t:|1649391478
|switch|p1a: Arceus|Arceus-Water|100/100
|switch|p2a: Rayquaza|Rayquaza|100/100
|-ability|p2a: Rayquaza|Air Lock
|
|upkeep
|turn|6
|
|t:|1649391485
|detailschange|p2a: Rayquaza|Rayquaza-Mega
|-mega|p2a: Rayquaza|Rayquaza|
|-weather|DeltaStream|[from] ability: Delta Stream|[of] p2a: Rayquaza
|move|p2a: Rayquaza|Dragon Ascent|p1a: Arceus
|-damage|p1a: Arceus|60/100
|-unboost|p2a: Rayquaza|def|1
|-unboost|p2a: Rayquaza|spd|1
|move|p1a: Arceus|Will-O-Wisp|p2a: Rayquaza
|-status|p2a: Rayquaza|brn
|
|-weather|DeltaStream|[upkeep]
|-damage|p2a: Rayquaza|95/100 brn|[from] brn
|upkeep
|turn|7
|c| Laprasdestiny|dragon ascent doesn't even do half ;
|
|t:|1649391501
|-weather|none
|switch|p2a: Arceus|Arceus-Dark|100/100
|move|p1a: Arceus|Recover|p1a: Arceus
|-heal|p1a: Arceus|100/100
|
|upkeep
|turn|8
|
|t:|1649391507
|switch|p1a: Arceus|Arceus-Ground|100/100
|move|p2a: Arceus|Whirlpool|p1a: Arceus
|-supereffective|p1a: Arceus
|-damage|p1a: Arceus|87/100
|-activate|p1a: Arceus|move: Whirlpool|[of] p2a: Arceus
|
|-damage|p1a: Arceus|75/100|[from] move: Whirlpool|[partiallytrapped]
|upkeep
|turn|9
|
|t:|1649391513
|move|p1a: Arceus|Swords Dance|p1a: Arceus
|-boost|p1a: Arceus|atk|2
|move|p2a: Arceus|Perish Song|p2a: Arceus
|-start|p1a: Arceus|perish3|[silent]
|-start|p2a: Arceus|perish3|[silent]
|-fieldactivate|move: Perish Song
|
|-damage|p1a: Arceus|62/100|[from] move: Whirlpool|[partiallytrapped]
|-start|p1a: Arceus|perish3
|-start|p2a: Arceus|perish3
|upkeep
|turn|10
|
|t:|1649391516
|move|p1a: Arceus|Earthquake|p2a: Arceus
|-damage|p2a: Arceus|23/100
|move|p2a: Arceus|Snarl|p1a: Arceus
|-damage|p1a: Arceus|44/100
|-unboost|p1a: Arceus|spa|1
|
|-damage|p1a: Arceus|32/100|[from] move: Whirlpool|[partiallytrapped]
|-start|p1a: Arceus|perish2
|-start|p2a: Arceus|perish2
|upkeep
|turn|11
|
|t:|1649391524
|switch|p2a: Rayquaza|Rayquaza-Mega|95/100 brn
|-weather|DeltaStream|[from] ability: Delta Stream|[of] p2a: Rayquaza
|move|p1a: Arceus|Stone Edge|p2a: Rayquaza
|-activate||deltastream
|-damage|p2a: Rayquaza|25/100 brn
|
|-weather|DeltaStream|[upkeep]
|-damage|p2a: Rayquaza|19/100 brn|[from] brn
|-end|p1a: Arceus|Whirlpool|[partiallytrapped]|[silent]
|-start|p1a: Arceus|perish1
|upkeep
|turn|12
|
|t:|1649391533
|-weather|none
|switch|p2a: Calyrex|Calyrex-Shadow|100/100
|-ability|p2a: Calyrex|As One
|-ability|p2a: Calyrex|Unnerve
|switch|p1a: Arceus|Arceus-Water|100/100
|
|upkeep
|turn|13
|
|t:|1649391535
|switch|p1a: Arceus|Arceus-Dark|100/100
|move|p2a: Calyrex|Astral Barrage|p1a: Arceus
|-resisted|p1a: Arceus
|-damage|p1a: Arceus|83/100
|
|upkeep
|turn|14
|
|t:|1649391542
|switch|p2a: Arceus|Arceus-Dark|23/100
|move|p1a: Arceus|Thunder Wave|p2a: Arceus
|-status|p2a: Arceus|par
|
|upkeep
|turn|15
|
|t:|1649391545
|switch|p1a: Arceus|Arceus|31/100
|move|p2a: Arceus|Whirlpool|p1a: Arceus
|-damage|p1a: Arceus|24/100
|-activate|p1a: Arceus|move: Whirlpool|[of] p2a: Arceus
|
|-damage|p1a: Arceus|11/100|[from] move: Whirlpool|[partiallytrapped]
|upkeep
|turn|16
|
|t:|1649391548
|move|p1a: Arceus|Recover|p1a: Arceus
|-heal|p1a: Arceus|61/100
|move|p2a: Arceus|Recover|p2a: Arceus
|-heal|p2a: Arceus|73/100 par
|
|-damage|p1a: Arceus|49/100|[from] move: Whirlpool|[partiallytrapped]
|upkeep
|turn|17
|j| IAmJklol
|
|t:|1649391552
|move|p1a: Arceus|Swords Dance|p1a: Arceus
|-boost|p1a: Arceus|atk|2
|cant|p2a: Arceus|par
|
|-damage|p1a: Arceus|37/100|[from] move: Whirlpool|[partiallytrapped]
|upkeep
|turn|18
|c| IAmJklol|owo
|c| IAmJklol|I missed this one
|c|☆llmmllmm|i'll lose now
|
|t:|1649391560
|switch|p2a: Rayquaza|Rayquaza-Mega|19/100 brn
|-weather|DeltaStream|[from] ability: Delta Stream|[of] p2a: Rayquaza
|move|p1a: Arceus|Recover|p1a: Arceus
|-heal|p1a: Arceus|87/100
|
|-weather|DeltaStream|[upkeep]
|-damage|p2a: Rayquaza|13/100 brn|[from] brn
|-end|p1a: Arceus|Whirlpool|[partiallytrapped]|[silent]
|upkeep
|turn|19
|
|t:|1649391565
|move|p2a: Rayquaza|Extreme Speed|p1a: Arceus
|-crit|p1a: Arceus
|-damage|p1a: Arceus|68/100
|move|p1a: Arceus|Recover|p1a: Arceus
|-heal|p1a: Arceus|100/100
|
|-weather|DeltaStream|[upkeep]
|-damage|p2a: Rayquaza|7/100 brn|[from] brn
|upkeep
|turn|20
|c| IAmJklol|nice nice
|
|t:|1649391568
|move|p2a: Rayquaza|Extreme Speed|p1a: Arceus
|-damage|p1a: Arceus|88/100
|move|p1a: Arceus|Recover|p1a: Arceus
|-heal|p1a: Arceus|100/100
|
|-weather|DeltaStream|[upkeep]
|-damage|p2a: Rayquaza|1/100 brn|[from] brn
|upkeep
|turn|21
|
|t:|1649391570
|move|p2a: Rayquaza|Extreme Speed|p1a: Arceus
|-damage|p1a: Arceus|88/100
|move|p1a: Arceus|Recover|p1a: Arceus
|-heal|p1a: Arceus|100/100
|
|-weather|DeltaStream|[upkeep]
|-damage|p2a: Rayquaza|0 fnt|[from] brn
|faint|p2a: Rayquaza
|-weather|none
|upkeep
|
|t:|1649391575
|switch|p2a: Yveltal|Yveltal|100/100
|-ability|p2a: Yveltal|Dark Aura
|turn|22
|
|t:|1649391579
|switch|p2a: Necrozma|Necrozma-Dusk-Mane|55/100
|-start|p1a: Arceus|Dynamax|
|-heal|p1a: Arceus|100/100|[silent]
|move|p1a: Arceus|Max Strike|p2a: Necrozma
|-resisted|p2a: Necrozma
|-damage|p2a: Necrozma|9/100
|-unboost|p2a: Necrozma|spe|1
|-damage|p1a: Arceus|96/100|[from] item: Life Orb
|
|upkeep
|turn|23
|
|t:|1649391585
|move|p1a: Arceus|Max Phantasm|p2a: Necrozma
|-supereffective|p2a: Necrozma
|-damage|p2a: Necrozma|0 fnt
|faint|p2a: Necrozma
|-damage|p1a: Arceus|91/100|[from] item: Life Orb
|
|upkeep
|c| IAmJklol|arceus > literally everything else
|
|t:|1649391590
|switch|p2a: Ditto|Ditto|100/100
|-transform|p2a: Ditto|p1a: Arceus|[from] ability: Imposter
|turn|24
|
|t:|1649391603
|-start|p2a: Ditto|Dynamax|
|-heal|p2a: Ditto|100/100|[silent]
|move|p2a: Ditto|Max Guard|p2a: Ditto
|-singleturn|p2a: Ditto|Max Guard
|move|p1a: Arceus|Max Strike|p2a: Ditto
|-activate|p2a: Ditto|move: Max Guard
|
|-end|p1a: Arceus|Dynamax
|-heal|p1a: Arceus|91/100|[silent]
|upkeep
|turn|25
|
|t:|1649391609
|switch|p1a: Arceus|Arceus-Ground|32/100
|move|p2a: Ditto|Max Strike|p1a: Arceus
|-damage|p1a: Arceus|0 fnt
|faint|p1a: Arceus
|
|upkeep
|
|t:|1649391621
|switch|p1a: Arceus|Arceus-Poison|100/100
|turn|26
|
|t:|1649391626
|move|p2a: Ditto|Max Phantasm|p1a: Arceus
|-damage|p1a: Arceus|46/100
|-unboost|p1a: Arceus|def|1
|move|p1a: Arceus|Stealth Rock|p2a: Ditto
|-sidestart|p2: llmmllmm|move: Stealth Rock
|
|-end|p2a: Ditto|Dynamax
|-heal|p2a: Ditto|100/100|[silent]
|upkeep
|turn|27
|
|t:|1649391631
|switch|p1a: Arceus|Arceus-Water|100/100
|move|p2a: Ditto|Extreme Speed|p1a: Arceus
|-damage|p1a: Arceus|55/100
|
|upkeep
|turn|28
|
|t:|1649391634
|move|p2a: Ditto|Extreme Speed|p1a: Arceus
|-damage|p1a: Arceus|13/100
|move|p1a: Arceus|Recover|p1a: Arceus
|-heal|p1a: Arceus|63/100
|
|upkeep
|turn|29
|
|t:|1649391639
|switch|p2a: Arceus|Arceus-Dark|73/100 par
|-damage|p2a: Arceus|60/100 par|[from] Stealth Rock
|move|p1a: Arceus|Recover|p1a: Arceus
|-heal|p1a: Arceus|100/100
|
|upkeep
|turn|30
|
|t:|1649391647
|switch|p1a: Arceus|Arceus-Grass|100/100
|move|p2a: Arceus|Perish Song|p2a: Arceus
|-start|p1a: Arceus|perish3|[silent]
|-start|p2a: Arceus|perish3|[silent]
|-fieldactivate|move: Perish Song
|
|-start|p1a: Arceus|perish3
|-start|p2a: Arceus|perish3
|upkeep
|turn|31
|
|t:|1649391652
|switch|p1a: Arceus|Arceus-Dark|83/100
|move|p2a: Arceus|Whirlpool|p1a: Arceus
|-damage|p1a: Arceus|78/100
|-activate|p1a: Arceus|move: Whirlpool|[of] p2a: Arceus
|
|-damage|p1a: Arceus|66/100|[from] move: Whirlpool|[partiallytrapped]
|-start|p2a: Arceus|perish2
|upkeep
|turn|32
|
|t:|1649391654
|move|p1a: Arceus|Calm Mind|p1a: Arceus
|-boost|p1a: Arceus|spa|1
|-boost|p1a: Arceus|spd|1
|move|p2a: Arceus|Perish Song|p2a: Arceus
|-start|p1a: Arceus|perish3|[silent]
|-fieldactivate|move: Perish Song
|
|-damage|p1a: Arceus|53/100|[from] move: Whirlpool|[partiallytrapped]
|-start|p1a: Arceus|perish3
|-start|p2a: Arceus|perish1
|upkeep
|turn|33
|
|t:|1649391657
|move|p1a: Arceus|Judgment|p2a: Arceus
|-resisted|p2a: Arceus
|-damage|p2a: Arceus|43/100 par
|move|p2a: Arceus|Recover|p2a: Arceus
|-heal|p2a: Arceus|93/100 par
|
|-damage|p1a: Arceus|41/100|[from] move: Whirlpool|[partiallytrapped]
|-start|p1a: Arceus|perish2
|-start|p2a: Arceus|perish0
|upkeep
|faint|p2a: Arceus
|
|t:|1649391667
|switch|p2a: Ditto|Ditto|100/100
|-damage|p2a: Ditto|88/100|[from] Stealth Rock
|-transform|p2a: Ditto|p1a: Arceus|[from] ability: Imposter
|turn|34
|
|t:|1649391671
|move|p2a: Ditto|Thunder Wave|p1a: Arceus
|-status|p1a: Arceus|par
|cant|p1a: Arceus|par
|
|-end|p1a: Arceus|Whirlpool|[partiallytrapped]|[silent]
|-start|p1a: Arceus|perish1
|upkeep
|turn|35
|
|t:|1649391678
|switch|p2a: Yveltal|Yveltal|100/100
|-damage|p2a: Yveltal|76/100|[from] Stealth Rock
|-ability|p2a: Yveltal|Dark Aura
|switch|p1a: Arceus|Arceus-Poison|46/100
|
|upkeep
|turn|36
|
|t:|1649391682
|move|p2a: Yveltal|Dark Pulse|p1a: Arceus
|-crit|p1a: Arceus
|-damage|p1a: Arceus|0 fnt
|faint|p1a: Arceus
|-damage|p2a: Yveltal|66/100|[from] item: Life Orb
|
|upkeep
|
|t:|1649391688
|switch|p1a: Arceus|Arceus-Dark|41/100 par
|turn|37
|
|t:|1649391690
|move|p2a: Yveltal|Oblivion Wing|p1a: Arceus
|-damage|p1a: Arceus|12/100 par
|-heal|p2a: Yveltal|90/100|[from] drain|[of] p1a: Arceus
|-damage|p2a: Yveltal|80/100|[from] item: Life Orb
|move|p1a: Arceus|Recover|p1a: Arceus
|-heal|p1a: Arceus|62/100 par
|
|upkeep
|turn|38
|c| IAmJklol|shouldve saved dyna
|c|☆llmmllmm|sigh
|c| IAmJklol|for yveltal
|c|☆llmmllmm|gg
|c|☆Arcspam Domination|gg
|-message|llmmllmm forfeited.
|
|win|Arcspam Domination
|n|☆Arcspam Domination|arcspamdomination
|n|☆llmmllmm|llmmllmm
|n| Laprasdestiny|laprasdestiny
|n| IAmJklol|iamjklol
|l|☆llmmllmm
