|j|☆wheelien
|j|☆001Mewtwo-
|player|p1|wheelien|214|1452
|player|p2|001Mewtwo-|red|1439
|teamsize|p1|6
|teamsize|p2|6
|gametype|singles
|gen|8
|tier|[Gen 8] National Dex AG
|rated|
|clearpoke
|poke|p1|Arceus-*|
|poke|p1|Arceus-*|
|poke|p1|Arceus-*|
|poke|p1|Arceus-*|
|poke|p1|Arceus-*|
|poke|p1|Arceus-*|
|poke|p2|Yveltal|
|poke|p2|Zacian-Crowned|
|poke|p2|Rayquaza|
|poke|p2|Marshadow|
|poke|p2|Necrozma-Dusk-Mane|
|poke|p2|Ho-Oh|
|rule|HP Percentage Mod: HP is shown in percentages
|rule|Endless Battle Clause: Forcing endless battles is banned
|teampreview
|
|start
|switch|p1a: Love|Arceus|100/100
|switch|p2a: Fawkes|Ho-Oh|100/100
|turn|1
|
|move|p1a: Love|Reflect|p1a: Love
|-sidestart|p1: wheelien|Reflect
|move|p2a: Fawkes|Sacred Fire|p1a: Love|[miss]
|-miss|p2a: Fawkes|p1a: Love
|
|upkeep
|turn|2
|
|move|p1a: Love|Stealth Rock|p2a: Fawkes
|-sidestart|p2: 001Mewtwo-|move: Stealth Rock
|move|p2a: Fawkes|Sacred Fire|p1a: Love
|-damage|p1a: Love|88/100
|-status|p1a: Love|brn
|
|-damage|p1a: Love|82/100 brn|[from] brn
|upkeep
|turn|3
|
|move|p1a: Love|Light Screen|p1a: Love
|-sidestart|p1: wheelien|move: Light Screen
|move|p2a: Fawkes|Brave Bird|p1a: Love
|-damage|p1a: Love|67/100 brn
|-damage|p2a: Fawkes|95/100|[from] Recoil
|
|-heal|p2a: Fawkes|100/100|[from] item: Leftovers
|-damage|p1a: Love|61/100 brn|[from] brn
|upkeep
|turn|4
|
|move|p1a: Love|Perish Song|p1a: Love
|-start|p1a: Love|perish3|[silent]
|-start|p2a: Fawkes|perish3|[silent]
|-fieldactivate|move: Perish Song
|move|p2a: Fawkes|Brave Bird|p1a: Love
|-damage|p1a: Love|47/100 brn
|-damage|p2a: Fawkes|95/100|[from] Recoil
|
|-heal|p2a: Fawkes|100/100|[from] item: Leftovers
|-damage|p1a: Love|41/100 brn|[from] brn
|-start|p1a: Love|perish3
|-start|p2a: Fawkes|perish3
|upkeep
|turn|5
|
|switch|p1a: Sacrifice|Arceus|100/100
|move|p2a: Fawkes|Brave Bird|p1a: Sacrifice
|-damage|p1a: Sacrifice|83/100
|-damage|p2a: Fawkes|94/100|[from] Recoil
|
|-heal|p2a: Fawkes|100/100|[from] item: Leftovers
|-start|p2a: Fawkes|perish2
|upkeep
|turn|6
|
|move|p1a: Sacrifice|Substitute|p1a: Sacrifice
|-start|p1a: Sacrifice|Substitute
|-damage|p1a: Sacrifice|59/100
|move|p2a: Fawkes|Sacred Fire|p1a: Sacrifice
|-activate|p1a: Sacrifice|move: Substitute|[damage]
|
|-start|p2a: Fawkes|perish1
|upkeep
|turn|7
|
|switch|p2a: Destructor|Yveltal, shiny|100/100
|-damage|p2a: Destructor|76/100|[from] Stealth Rock
|-ability|p2a: Destructor|Dark Aura
|move|p1a: Sacrifice|Swords Dance|p1a: Sacrifice
|-boost|p1a: Sacrifice|atk|2
|
|upkeep
|turn|8
|
|move|p1a: Sacrifice|Extreme Speed|p2a: Destructor
|-damage|p2a: Destructor|0 fnt
|faint|p2a: Destructor
|
|-sideend|p1: wheelien|Reflect
|upkeep
|
|switch|p2a: Emperor|Necrozma-Dusk-Mane|100/100
|-damage|p2a: Emperor|94/100|[from] Stealth Rock
|turn|9
|
|move|p1a: Sacrifice|Shadow Claw|p2a: Emperor
|-supereffective|p2a: Emperor
|-damage|p2a: Emperor|39/100
|-enditem|p2a: Emperor|Weakness Policy
|-boost|p2a: Emperor|atk|2|[from] item: Weakness Policy
|-boost|p2a: Emperor|spa|2|[from] item: Weakness Policy
|move|p2a: Emperor|Sunsteel Strike|p1a: Sacrifice
|-crit|p1a: Sacrifice
|-end|p1a: Sacrifice|Substitute
|
|upkeep
|turn|10
|
|-start|p2a: Emperor|Dynamax
|-heal|p2a: Emperor|39/100|[silent]
|move|p1a: Sacrifice|Shadow Claw|p2a: Emperor
|-supereffective|p2a: Emperor
|-damage|p2a: Emperor|12/100
|move|p2a: Emperor|Max Steelspike|p1a: Sacrifice
|-damage|p1a: Sacrifice|0 fnt
|-boost|p2a: Emperor|def|1
|faint|p1a: Sacrifice
|
|-sideend|p1: wheelien|move: Light Screen
|upkeep
|
|switch|p1a: Patience|Arceus|100/100
|turn|11
|
|move|p1a: Patience|Shadow Ball|p2a: Emperor
|-supereffective|p2a: Emperor
|-damage|p2a: Emperor|0 fnt
|faint|p2a: Emperor
|
|upkeep
|
|switch|p2a: Samarai|Zacian-Crowned|100/100
|-damage|p2a: Samarai|94/100|[from] Stealth Rock
|-ability|p2a: Samarai|Intrepid Sword|boost
|-boost|p2a: Samarai|atk|1
|turn|12
|
|switch|p1a: Love|Arceus|41/100 brn
|move|p2a: Samarai|Close Combat|p1a: Love
|-supereffective|p1a: Love
|-damage|p1a: Love|0 fnt
|-unboost|p2a: Samarai|def|1
|-unboost|p2a: Samarai|spd|1
|faint|p1a: Love
|
|upkeep
|
|switch|p1a: Judgment|Arceus|100/100
|turn|13
|
|move|p1a: Judgment|Retaliate|p2a: Samarai
|-resisted|p2a: Samarai
|-damage|p2a: Samarai|50/100
|move|p2a: Samarai|Close Combat|p1a: Judgment
|-supereffective|p1a: Judgment
|-damage|p1a: Judgment|0 fnt
|-unboost|p2a: Samarai|def|1
|-unboost|p2a: Samarai|spd|1
|faint|p1a: Judgment
|
|upkeep
|l|☆001Mewtwo-
|player|p2|
|j|☆001Mewtwo-
|player|p2|001Mewtwo-|red
|
|switch|p1a: Miracle|Arceus|100/100
|turn|14
|
|move|p1a: Miracle|Extreme Speed|p2a: Samarai
|-resisted|p2a: Samarai
|-damage|p2a: Samarai|10/100
|move|p2a: Samarai|Close Combat|p1a: Miracle
|-supereffective|p1a: Miracle
|-damage|p1a: Miracle|0 fnt
|-unboost|p2a: Samarai|def|1
|-unboost|p2a: Samarai|spd|1
|faint|p1a: Miracle
|
|upkeep
|
|switch|p1a: Persecution|Arceus|100/100
|turn|15
|
|move|p1a: Persecution|Extreme Speed|p2a: Samarai
|-resisted|p2a: Samarai
|-damage|p2a: Samarai|0 fnt
|-damage|p1a: Persecution|91/100|[from] item: Life Orb
|faint|p2a: Samarai
|
|upkeep
|
|switch|p2a: Fawkes|Ho-Oh|100/100
|-damage|p2a: Fawkes|50/100|[from] Stealth Rock
|turn|16
|
|switch|p1a: Patience|Arceus|100/100
|move|p2a: Fawkes|Roost|p2a: Fawkes
|-heal|p2a: Fawkes|100/100
|-singleturn|p2a: Fawkes|move: Roost
|
|upkeep
|turn|17
|
|move|p1a: Patience|Thunder Wave|p2a: Fawkes
|-status|p2a: Fawkes|par
|move|p2a: Fawkes|Sacred Fire|p1a: Patience
|-damage|p1a: Patience|74/100
|
|upkeep
|turn|18
|
|move|p1a: Patience|Judgment|p2a: Fawkes
|-damage|p2a: Fawkes|76/100 par
|move|p2a: Fawkes|Sacred Fire|p1a: Patience
|-damage|p1a: Patience|47/100
|-status|p1a: Patience|brn
|
|-heal|p2a: Fawkes|82/100 par|[from] item: Leftovers
|-damage|p1a: Patience|40/100 brn|[from] brn
|upkeep
|turn|19
|
|move|p1a: Patience|Recover|p1a: Patience
|-heal|p1a: Patience|91/100 brn
|cant|p2a: Fawkes|par
|
|-heal|p2a: Fawkes|88/100 par|[from] item: Leftovers
|-damage|p1a: Patience|84/100 brn|[from] brn
|upkeep
|turn|20
|
|-start|p1a: Patience|Dynamax
|-heal|p1a: Patience|84/100 brn|[silent]
|move|p1a: Patience|Max Strike|p2a: Fawkes
|-damage|p2a: Fawkes|60/100 par
|-unboost|p2a: Fawkes|spe|1
|cant|p2a: Fawkes|par
|
|-heal|p2a: Fawkes|66/100 par|[from] item: Leftovers
|-damage|p1a: Patience|81/100 brn|[from] brn
|upkeep
|turn|21
|
|move|p1a: Patience|Max Strike|p2a: Fawkes
|-damage|p2a: Fawkes|35/100 par
|-unboost|p2a: Fawkes|spe|1
|cant|p2a: Fawkes|par
|
|-heal|p2a: Fawkes|41/100 par|[from] item: Leftovers
|-damage|p1a: Patience|78/100 brn|[from] brn
|upkeep
|turn|22
|
|move|p1a: Patience|Max Phantasm|p2a: Fawkes
|-damage|p2a: Fawkes|20/100 par
|-unboost|p2a: Fawkes|def|1
|cant|p2a: Fawkes|par
|
|-heal|p2a: Fawkes|27/100 par|[from] item: Leftovers
|-damage|p1a: Patience|75/100 brn|[from] brn
|-end|p1a: Patience|Dynamax
|-heal|p1a: Patience|75/100 brn|[silent]
|upkeep
|turn|23
|
|move|p1a: Patience|Judgment|p2a: Fawkes
|-damage|p2a: Fawkes|2/100 par
|cant|p2a: Fawkes|par
|
|-heal|p2a: Fawkes|8/100 par|[from] item: Leftovers
|-damage|p1a: Patience|69/100 brn|[from] brn
|upkeep
|turn|24
|
|move|p1a: Patience|Judgment|p2a: Fawkes
|-damage|p2a: Fawkes|0 fnt
|faint|p2a: Fawkes
|
|-damage|p1a: Patience|63/100 brn|[from] brn
|upkeep
|c|☆wheelien|wow
|
|switch|p2a: Inferi|Marshadow|100/100
|-damage|p2a: Inferi|94/100|[from] Stealth Rock
|turn|25
|
|move|p2a: Inferi|Rock Tomb|p1a: Patience
|-damage|p1a: Patience|41/100 brn
|-unboost|p1a: Patience|spe|1
|move|p1a: Patience|Shadow Ball|p2a: Inferi
|-supereffective|p2a: Inferi
|-damage|p2a: Inferi|21/100
|-unboost|p2a: Inferi|spd|1
|
|-damage|p1a: Patience|35/100 brn|[from] brn
|upkeep
|turn|26
|
|move|p2a: Inferi|Iron Head|p1a: Patience
|-damage|p1a: Patience|18/100 brn
|move|p1a: Patience|Recover|p1a: Patience
|-heal|p1a: Patience|69/100 brn
|
|-damage|p1a: Patience|62/100 brn|[from] brn
|upkeep
|turn|27
|
|move|p2a: Inferi|Iron Head|p1a: Patience
|-damage|p1a: Patience|43/100 brn
|move|p1a: Patience|Shadow Ball|p2a: Inferi
|-supereffective|p2a: Inferi
|-damage|p2a: Inferi|0 fnt
|faint|p2a: Inferi
|
|-damage|p1a: Patience|37/100 brn|[from] brn
|upkeep
|
|switch|p2a: Unburnt|Rayquaza, shiny|100/100
|-damage|p2a: Unburnt|76/100|[from] Stealth Rock
|-ability|p2a: Unburnt|Air Lock
|turn|28
|
|detailschange|p2a: Unburnt|Rayquaza-Mega, shiny
|-mega|p2a: Unburnt|Rayquaza|
|-weather|DeltaStream|[from] ability: Delta Stream|[of] p2a: Unburnt
|move|p2a: Unburnt|Dragon Dance|p2a: Unburnt
|-boost|p2a: Unburnt|atk|1
|-boost|p2a: Unburnt|spe|1
|move|p1a: Patience|Thunder Wave|p2a: Unburnt
|-status|p2a: Unburnt|par
|
|-weather|DeltaStream|[upkeep]
|-damage|p1a: Patience|31/100 brn|[from] brn
|upkeep
|turn|29
|
|cant|p2a: Unburnt|par
|move|p1a: Patience|Judgment|p2a: Unburnt
|-damage|p2a: Unburnt|22/100 par
|
|-weather|DeltaStream|[upkeep]
|-damage|p1a: Patience|25/100 brn|[from] brn
|upkeep
|turn|30
|
|move|p2a: Unburnt|Extreme Speed|p1a: Patience
|-damage|p1a: Patience|0 fnt
|faint|p1a: Patience
|
|-weather|DeltaStream|[upkeep]
|upkeep
|c|☆wheelien|wow
|
|switch|p1a: Persecution|Arceus|91/100
|turn|31
|
|move|p1a: Persecution|Extreme Speed|p2a: Unburnt
|-crit|p2a: Unburnt
|-damage|p2a: Unburnt|0 fnt
|-damage|p1a: Persecution|81/100|[from] item: Life Orb
|faint|p2a: Unburnt
|-weather|none
|
|win|wheelien
|c|☆wheelien|sorry man
|raw|wheelien's rating: 1452 &rarr; <strong>1471</strong><br />(+19 for winning)
|raw|001Mewtwo-'s rating: 1439 &rarr; <strong>1420</strong><br />(-19 for losing)
