|j|☆Mr_kraft_
|j|☆Whitedevil12345678
|t:|1665553266
|gametype|singles
|player|p1|Mr_kraft_|102|1752
|player|p2|Whitedevil12345678|blue-gen3two|2045
|teamsize|p1|6
|teamsize|p2|6
|gen|8
|tier|[Gen 8] National Dex AG
|rated|
|rule|HP Percentage Mod: HP is shown in percentages
|rule|Endless Battle Clause: Forcing endless battles is banned
|clearpoke
|poke|p1|Groudon|
|poke|p1|Marshadow|
|poke|p1|Zacian-*|
|poke|p1|Ditto|
|poke|p1|Kyurem-Black|
|poke|p1|Yveltal|
|poke|p2|Necrozma-Dusk-Mane|
|poke|p2|Yveltal|
|poke|p2|Zygarde|
|poke|p2|Arceus-*|
|poke|p2|Ditto|
|poke|p2|Arceus-*|
|teampreview
|inactive|Battle timer is ON: inactive players will automatically lose when time's up. (requested by Whitedevil12345678)
|
|t:|1665553276
|start
|switch|p1a: Groudon|Groudon|100/100
|switch|p2a: Necrozma|Necrozma-Dusk-Mane|100/100
|detailschange|p1a: Groudon|Groudon-Primal
|-primal|p1a: Groudon
|-weather|DesolateLand|[from] ability: Desolate Land|[of] p1a: Groudon
|turn|1
|
|t:|1665553282
|switch|p2a: Zygarde|Zygarde, shiny|100/100
|move|p1a: Groudon|Heat Crash|p2a: Zygarde
|-resisted|p2a: Zygarde
|-damage|p2a: Zygarde|78/100
|
|-weather|DesolateLand|[upkeep]
|-heal|p2a: Zygarde|84/100|[from] item: Leftovers
|upkeep
|turn|2
|
|t:|1665553286
|-weather|none
|switch|p1a: Kyurem|Kyurem-Black, shiny|100/100
|-ability|p1a: Kyurem|Teravolt
|move|p2a: Zygarde|Glare|p1a: Kyurem
|-status|p1a: Kyurem|par
|
|-heal|p2a: Zygarde|90/100|[from] item: Leftovers
|upkeep
|turn|3
|
|t:|1665553294
|switch|p2a: Necrozma|Necrozma-Dusk-Mane|100/100
|move|p1a: Kyurem|Icicle Spear|p2a: Necrozma
|-resisted|p2a: Necrozma
|-damage|p2a: Necrozma|96/100
|-resisted|p2a: Necrozma
|-damage|p2a: Necrozma|92/100
|-hitcount|p2a: Necrozma|2
|
|upkeep
|turn|4
|
|t:|1665553297
|switch|p1a: Groudon|Groudon-Primal|100/100
|-weather|DesolateLand|[from] ability: Desolate Land|[of] p1a: Groudon
|move|p2a: Necrozma|Stealth Rock|p1a: Groudon
|-sidestart|p1: Mr_kraft_|move: Stealth Rock
|
|-weather|DesolateLand|[upkeep]
|upkeep
|turn|5
|
|t:|1665553301
|switch|p2a: Zygarde|Zygarde, shiny|90/100
|move|p1a: Groudon|Precipice Blades|p2a: Zygarde
|-damage|p2a: Zygarde|48/100
|
|-weather|DesolateLand|[upkeep]
|-heal|p2a: Zygarde|55/100|[from] item: Leftovers
|upkeep
|turn|6
|
|t:|1665553308
|-weather|none
|switch|p1a: Yveltal|Yveltal|100/100
|-damage|p1a: Yveltal|76/100|[from] Stealth Rock
|-ability|p1a: Yveltal|Dark Aura
|move|p2a: Zygarde|Glare|p1a: Yveltal
|-status|p1a: Yveltal|par
|
|-heal|p2a: Zygarde|61/100|[from] item: Leftovers
|upkeep
|turn|7
|
|t:|1665553317
|switch|p2a: Arceus|Arceus-Fairy|100/100
|move|p1a: Yveltal|Defog|p2a: Arceus
|-unboost|p2a: Arceus|evasion|1
|-sideend|p1: Mr_kraft_|Stealth Rock|[from] move: Defog|[of] p1a: Yveltal
|
|upkeep
|turn|8
|
|t:|1665553322
|switch|p1a: Groudon|Groudon-Primal|100/100
|-weather|DesolateLand|[from] ability: Desolate Land|[of] p1a: Groudon
|move|p2a: Arceus|Stealth Rock|p1a: Groudon
|-sidestart|p1: Mr_kraft_|move: Stealth Rock
|
|-weather|DesolateLand|[upkeep]
|upkeep
|turn|9
|
|t:|1665553328
|switch|p2a: Yveltal|Yveltal, shiny|100/100
|-ability|p2a: Yveltal|Dark Aura
|move|p1a: Groudon|Precipice Blades|p2a: Yveltal
|-immune|p2a: Yveltal
|
|-weather|DesolateLand|[upkeep]
|upkeep
|turn|10
|
|t:|1665553333
|-weather|none
|switch|p1a: Yveltal|Yveltal|76/100 par
|-damage|p1a: Yveltal|51/100 par|[from] Stealth Rock
|-ability|p1a: Yveltal|Dark Aura
|move|p2a: Yveltal|Toxic|p1a: Yveltal|[miss]
|-miss|p2a: Yveltal|p1a: Yveltal
|
|upkeep
|turn|11
|
|t:|1665553339
|move|p2a: Yveltal|U-turn|p1a: Yveltal
|-damage|p1a: Yveltal|31/100 par
|
|t:|1665553343
|switch|p2a: Arceus|Arceus-Fairy|100/100|[from]move: U-turn
|move|p1a: Yveltal|Defog|p2a: Arceus
|-unboost|p2a: Arceus|evasion|1
|-sideend|p1: Mr_kraft_|Stealth Rock|[from] move: Defog|[of] p1a: Yveltal
|
|upkeep
|turn|12
|
|t:|1665553348
|move|p2a: Arceus|Stealth Rock|p1a: Yveltal
|-sidestart|p1: Mr_kraft_|move: Stealth Rock
|move|p1a: Yveltal|Oblivion Wing|p2a: Arceus
|-damage|p2a: Arceus|75/100
|-heal|p1a: Yveltal|53/100 par|[from] drain|[of] p2a: Arceus
|-damage|p1a: Yveltal|43/100 par|[from] item: Life Orb
|
|upkeep
|turn|13
|
|t:|1665553352
|move|p2a: Arceus|Judgment|p1a: Yveltal
|-supereffective|p1a: Yveltal
|-damage|p1a: Yveltal|0 fnt
|faint|p1a: Yveltal
|
|upkeep
|
|t:|1665553362
|switch|p1a: Groudon|Groudon-Primal|100/100
|-damage|p1a: Groudon|88/100|[from] Stealth Rock
|-weather|DesolateLand|[from] ability: Desolate Land|[of] p1a: Groudon
|turn|14
|
|t:|1665553368
|switch|p2a: Zygarde|Zygarde, shiny|61/100
|move|p1a: Groudon|Heat Crash|p2a: Zygarde
|-resisted|p2a: Zygarde
|-damage|p2a: Zygarde|37/100
|
|-weather|DesolateLand|[upkeep]
|-heal|p2a: Zygarde|43/100|[from] item: Leftovers
|-activate|p2a: Zygarde|ability: Power Construct
|detailschange|p2a: Zygarde|Zygarde-Complete, shiny
|-heal|p2a: Zygarde|62/100|[silent]
|upkeep
|turn|15
|
|t:|1665553373
|-weather|none
|switch|p1a: Kyurem|Kyurem-Black, shiny|100/100 par
|-damage|p1a: Kyurem|76/100 par|[from] Stealth Rock
|-ability|p1a: Kyurem|Teravolt
|move|p2a: Zygarde|Glare|p1a: Kyurem
|-fail|p1a: Kyurem|par
|
|-heal|p2a: Zygarde|69/100|[from] item: Leftovers
|upkeep
|turn|16
|
|t:|1665553384
|switch|p2a: Necrozma|Necrozma-Dusk-Mane|92/100
|move|p1a: Kyurem|Icicle Spear|p2a: Necrozma
|-resisted|p2a: Necrozma
|-damage|p2a: Necrozma|87/100
|-resisted|p2a: Necrozma
|-damage|p2a: Necrozma|83/100
|-resisted|p2a: Necrozma
|-damage|p2a: Necrozma|79/100
|-hitcount|p2a: Necrozma|3
|
|upkeep
|turn|17
|
|t:|1665553395
|move|p1a: Kyurem|Icicle Spear|p2a: Necrozma
|-resisted|p2a: Necrozma
|-damage|p2a: Necrozma|75/100
|-resisted|p2a: Necrozma
|-damage|p2a: Necrozma|70/100
|-hitcount|p2a: Necrozma|2
|move|p2a: Necrozma|Sunsteel Strike|p1a: Kyurem
|-supereffective|p1a: Kyurem
|-damage|p1a: Kyurem|0 fnt
|faint|p1a: Kyurem
|
|upkeep
|
|t:|1665553408
|switch|p1a: Groudon|Groudon-Primal|88/100
|-damage|p1a: Groudon|76/100|[from] Stealth Rock
|-weather|DesolateLand|[from] ability: Desolate Land|[of] p1a: Groudon
|turn|18
|
|t:|1665553415
|switch|p2a: Yveltal|Yveltal, shiny|100/100
|-ability|p2a: Yveltal|Dark Aura
|move|p1a: Groudon|Precipice Blades|p2a: Yveltal
|-immune|p2a: Yveltal
|
|-weather|DesolateLand|[upkeep]
|upkeep
|turn|19
|
|t:|1665553422
|-weather|none
|switch|p1a: Zacian|Zacian-Crowned|100/100
|-damage|p1a: Zacian|94/100|[from] Stealth Rock
|-ability|p1a: Zacian|Intrepid Sword|boost
|-boost|p1a: Zacian|atk|1
|move|p2a: Yveltal|Toxic|p1a: Zacian
|-immune|p1a: Zacian
|
|upkeep
|turn|20
|
|t:|1665553425
|switch|p2a: Necrozma|Necrozma-Dusk-Mane|70/100
|move|p1a: Zacian|Behemoth Blade|p2a: Necrozma
|-resisted|p2a: Necrozma
|-damage|p2a: Necrozma|45/100
|-damage|p1a: Zacian|78/100|[from] item: Rocky Helmet|[of] p2a: Necrozma
|
|upkeep
|turn|21
|
|t:|1665553436
|switch|p1a: Groudon|Groudon-Primal|76/100
|-damage|p1a: Groudon|63/100|[from] Stealth Rock
|-weather|DesolateLand|[from] ability: Desolate Land|[of] p1a: Groudon
|move|p2a: Necrozma|Morning Sun|p2a: Necrozma
|-heal|p2a: Necrozma|100/100
|
|-weather|DesolateLand|[upkeep]
|upkeep
|turn|22
|
|t:|1665553440
|switch|p2a: Zygarde|Zygarde-Complete, shiny|69/100
|move|p1a: Groudon|Heat Crash|p2a: Zygarde
|-resisted|p2a: Zygarde
|-damage|p2a: Zygarde|61/100
|
|-weather|DesolateLand|[upkeep]
|-heal|p2a: Zygarde|67/100|[from] item: Leftovers
|upkeep
|turn|23
|
|t:|1665553444
|move|p1a: Groudon|Precipice Blades|p2a: Zygarde
|-damage|p2a: Zygarde|37/100
|move|p2a: Zygarde|Glare|p1a: Groudon
|-status|p1a: Groudon|par
|
|-weather|DesolateLand|[upkeep]
|-heal|p2a: Zygarde|43/100|[from] item: Leftovers
|upkeep
|turn|24
|
|t:|1665553447
|move|p2a: Zygarde|Thousand Arrows|p1a: Groudon
|-supereffective|p1a: Groudon
|-damage|p1a: Groudon|27/100 par
|move|p1a: Groudon|Precipice Blades|p2a: Zygarde
|-damage|p2a: Zygarde|11/100
|
|-weather|DesolateLand|[upkeep]
|-heal|p2a: Zygarde|17/100|[from] item: Leftovers
|upkeep
|turn|25
|
|t:|1665553451
|move|p2a: Zygarde|Rest|p2a: Zygarde
|-status|p2a: Zygarde|slp|[from] move: Rest
|-heal|p2a: Zygarde|100/100 slp|[silent]
|move|p1a: Groudon|Precipice Blades|p2a: Zygarde
|-damage|p2a: Zygarde|72/100 slp
|
|-weather|DesolateLand|[upkeep]
|-heal|p2a: Zygarde|78/100 slp|[from] item: Leftovers
|upkeep
|turn|26
|
|t:|1665553454
|cant|p2a: Zygarde|slp
|move|p1a: Groudon|Precipice Blades|p2a: Zygarde
|-damage|p2a: Zygarde|50/100 slp
|
|-weather|DesolateLand|[upkeep]
|-heal|p2a: Zygarde|56/100 slp|[from] item: Leftovers
|upkeep
|turn|27
|
|t:|1665553457
|cant|p2a: Zygarde|slp
|move|p1a: Groudon|Precipice Blades|p2a: Zygarde
|-damage|p2a: Zygarde|24/100 slp
|
|-weather|DesolateLand|[upkeep]
|-heal|p2a: Zygarde|30/100 slp|[from] item: Leftovers
|upkeep
|turn|28
|
|t:|1665553464
|-curestatus|p2a: Zygarde|slp|[msg]
|move|p2a: Zygarde|Thousand Arrows|p1a: Groudon
|-supereffective|p1a: Groudon
|-damage|p1a: Groudon|0 fnt
|faint|p1a: Groudon
|-weather|none
|
|-heal|p2a: Zygarde|36/100|[from] item: Leftovers
|upkeep
|
|t:|1665553470
|switch|p1a: Marshadow|Marshadow|100/100
|-damage|p1a: Marshadow|94/100|[from] Stealth Rock
|turn|29
|
|t:|1665553474
|switch|p2a: Necrozma|Necrozma-Dusk-Mane|100/100
|move|p1a: Marshadow|Ice Punch|p2a: Necrozma
|-resisted|p2a: Necrozma
|-damage|p2a: Necrozma|93/100
|-damage|p1a: Marshadow|78/100|[from] item: Rocky Helmet|[of] p2a: Necrozma
|
|upkeep
|turn|30
|
|t:|1665553480
|switch|p2a: Yveltal|Yveltal, shiny|100/100
|-ability|p2a: Yveltal|Dark Aura
|-start|p1a: Marshadow|Dynamax|
|-heal|p1a: Marshadow|78/100|[silent]
|move|p1a: Marshadow|Max Phantasm|p2a: Yveltal
|-resisted|p2a: Yveltal
|-damage|p2a: Yveltal|73/100
|-unboost|p2a: Yveltal|def|1
|
|upkeep
|turn|31
|
|t:|1665553486
|switch|p2a: Necrozma|Necrozma-Dusk-Mane|93/100
|move|p1a: Marshadow|Max Hailstorm|p2a: Necrozma
|-resisted|p2a: Necrozma
|-damage|p2a: Necrozma|81/100
|-weather|Hail
|
|-weather|Hail|[upkeep]
|-damage|p1a: Marshadow|75/100|[from] Hail
|-damage|p2a: Necrozma|75/100|[from] Hail
|upkeep
|turn|32
|
|t:|1665553499
|switch|p2a: Arceus|Arceus-Fairy|75/100
|move|p1a: Marshadow|Max Knuckle|p2a: Arceus
|-resisted|p2a: Arceus
|-damage|p2a: Arceus|58/100
|-boost|p1a: Marshadow|atk|1
|
|-weather|Hail|[upkeep]
|-damage|p1a: Marshadow|72/100|[from] Hail
|-damage|p2a: Arceus|52/100|[from] Hail
|upkeep
|-end|p1a: Marshadow|Dynamax
|-heal|p1a: Marshadow|72/100|[silent]
|turn|33
|
|t:|1665553511
|switch|p2a: Arceus|Arceus|100/100
|move|p1a: Marshadow|Ice Punch|p2a: Arceus
|-damage|p2a: Arceus|77/100
|-status|p2a: Arceus|frz
|-enditem|p2a: Arceus|Lum Berry|[eat]
|-curestatus|p2a: Arceus|frz|[msg]
|
|-weather|Hail|[upkeep]
|-damage|p1a: Marshadow|65/100|[from] Hail
|-damage|p2a: Arceus|71/100|[from] Hail
|upkeep
|turn|34
|
|t:|1665553522
|switch|p2a: Ditto|Ditto, shiny|100/100
|-transform|p2a: Ditto|p1a: Marshadow|[from] ability: Imposter
|move|p1a: Marshadow|Close Combat|p2a: Ditto
|-immune|p2a: Ditto
|
|-weather|Hail|[upkeep]
|-damage|p2a: Ditto|94/100|[from] Hail
|-damage|p1a: Marshadow|59/100|[from] Hail
|upkeep
|turn|35
|
|t:|1665553526
|move|p2a: Ditto|Shadow Sneak|p1a: Marshadow
|-supereffective|p1a: Marshadow
|-damage|p1a: Marshadow|0 fnt
|faint|p1a: Marshadow
|
|-weather|none
|upkeep
|
|t:|1665553530
|switch|p1a: Zacian|Zacian-Crowned|78/100
|-damage|p1a: Zacian|72/100|[from] Stealth Rock
|-ability|p1a: Zacian|Intrepid Sword|boost
|-boost|p1a: Zacian|atk|1
|turn|36
|
|t:|1665553533
|switch|p2a: Necrozma|Necrozma-Dusk-Mane|75/100
|move|p1a: Zacian|Behemoth Blade|p2a: Necrozma
|-resisted|p2a: Necrozma
|-damage|p2a: Necrozma|51/100
|-damage|p1a: Zacian|55/100|[from] item: Rocky Helmet|[of] p2a: Necrozma
|
|upkeep
|turn|37
|
|t:|1665553537
|move|p1a: Zacian|Play Rough|p2a: Necrozma
|-resisted|p2a: Necrozma
|-damage|p2a: Necrozma|29/100
|-unboost|p2a: Necrozma|atk|1
|-damage|p1a: Zacian|38/100|[from] item: Rocky Helmet|[of] p2a: Necrozma
|move|p2a: Necrozma|Morning Sun|p2a: Necrozma
|-heal|p2a: Necrozma|79/100
|
|upkeep
|turn|38
|-message|Mr_kraft_ forfeited.
|
|win|Whitedevil12345678
|raw|Mr_kraft_'s rating: 1752 &rarr; <strong>1746</strong><br />(-6 for losing)
|raw|Whitedevil12345678's rating: 2045 &rarr; <strong>2051</strong><br />(+6 for winning)
|l|☆Mr_kraft_
