|j|☆Nobodi_Nowan
|j|☆Apprenti Buck
|t:|1656151721
|gametype|singles
|player|p1|Nobodi_Nowan|akari|1941
|player|p2|Apprenti Buck|lance|1941
|teamsize|p1|6
|teamsize|p2|6
|gen|8
|tier|[Gen 8] National Dex AG
|rated|
|rule|HP Percentage Mod: HP is shown in percentages
|rule|Endless Battle Clause: Forcing endless battles is banned
|clearpoke
|poke|p1|Forretress, M|
|poke|p1|Arceus-*|
|poke|p1|Kyogre|
|poke|p1|Calyrex-Shadow|
|poke|p1|Zacian-*|
|poke|p1|Rayquaza|
|poke|p2|Rayquaza|
|poke|p2|Groudon|
|poke|p2|Yveltal|
|poke|p2|Marshadow|
|poke|p2|Necrozma-Dusk-Mane|
|poke|p2|Ho-Oh|
|teampreview
|inactive|Battle timer is ON: inactive players will automatically lose when time's up. (requested by Apprenti Buck)
|c|☆Nobodi_Nowan|hi there glhf
|inactive|Nobodi_Nowan has 120 seconds left.
|
|t:|1656151752
|start
|switch|p1a: Rayquaza|Rayquaza|100/100
|switch|p2a: Rayquaza|Rayquaza|100/100
|-ability|p2a: Rayquaza|Air Lock
|-ability|p1a: Rayquaza|Air Lock
|turn|1
|
|t:|1656151762
|switch|p1a: Zacian|Zacian-Crowned, shiny|100/100
|-ability|p1a: Zacian|Intrepid Sword|boost
|-boost|p1a: Zacian|atk|1
|detailschange|p2a: Rayquaza|Rayquaza-Mega
|-mega|p2a: Rayquaza|Rayquaza|
|-weather|DeltaStream|[from] ability: Delta Stream|[of] p2a: Rayquaza
|move|p2a: Rayquaza|Draco Meteor|p1a: Zacian
|-immune|p1a: Zacian
|
|-weather|DeltaStream|[upkeep]
|upkeep
|turn|2
|
|t:|1656151773
|switch|p1a: Rayquaza|Rayquaza|100/100
|-ability|p1a: Rayquaza|Air Lock
|-weather|none
|switch|p2a: Groudon|Groudon|100/100
|detailschange|p2a: Groudon|Groudon-Primal
|-primal|p2a: Groudon
|-weather|DesolateLand|[from] ability: Desolate Land|[of] p2a: Groudon
|
|-weather|DesolateLand|[upkeep]
|upkeep
|turn|3
|inactive|Apprenti Buck has 120 seconds left.
|
|t:|1656151819
|-weather|none
|switch|p2a: Necrozma|Necrozma-Dusk-Mane|100/100
|detailschange|p1a: Rayquaza|Rayquaza-Mega
|-mega|p1a: Rayquaza|Rayquaza|
|-weather|DeltaStream|[from] ability: Delta Stream|[of] p1a: Rayquaza
|move|p1a: Rayquaza|Surf|p2a: Necrozma
|-damage|p2a: Necrozma|74/100
|
|-weather|DeltaStream|[upkeep]
|-heal|p2a: Necrozma|80/100|[from] item: Leftovers
|upkeep
|turn|4
|
|t:|1656151828
|switch|p2a: Groudon|Groudon-Primal|100/100
|-weather|DesolateLand|[from] ability: Desolate Land|[of] p2a: Groudon
|move|p1a: Rayquaza|V-create|p2a: Groudon
|-resisted|p2a: Groudon
|-crit|p2a: Groudon
|-damage|p2a: Groudon|48/100
|-unboost|p1a: Rayquaza|spe|1
|-unboost|p1a: Rayquaza|def|1
|-unboost|p1a: Rayquaza|spd|1
|
|-weather|DesolateLand|[upkeep]
|upkeep
|turn|5
|inactive|Apprenti Buck has 120 seconds left.
|
|t:|1656151843
|switch|p1a: Forretress|Forretress, M|100/100
|move|p2a: Groudon|Stealth Rock|p1a: Forretress
|-sidestart|p1: Nobodi_Nowan|move: Stealth Rock
|
|-weather|DesolateLand|[upkeep]
|upkeep
|turn|6
|l|☆Apprenti Buck
|inactive|Apprenti Buck disconnected and has a minute to reconnect!
|player|p2|
|j|☆Apprenti Buck
|inactive|Apprenti Buck reconnected and has 125 seconds left.
|player|p2|Apprenti Buck|lance
|inactive|Apprenti Buck has 120 seconds left.
|
|t:|1656151854
|-weather|none
|switch|p2a: Marshadow|Marshadow|100/100
|move|p1a: Forretress|Stealth Rock|p2a: Marshadow
|-sidestart|p2: Apprenti Buck|move: Stealth Rock
|
|upkeep
|turn|7
|
|t:|1656151860
|move|p2a: Marshadow|Close Combat|p1a: Forretress
|-damage|p1a: Forretress|46/100
|-unboost|p2a: Marshadow|def|1
|-unboost|p2a: Marshadow|spd|1
|move|p1a: Forretress|Toxic|p2a: Marshadow|[miss]
|-miss|p1a: Forretress|p2a: Marshadow
|
|-heal|p1a: Forretress|52/100|[from] item: Leftovers
|upkeep
|turn|8
|
|t:|1656151873
|switch|p1a: Calyrex|Calyrex-Shadow|100/100
|-ability|p1a: Calyrex|As One
|-ability|p1a: Calyrex|Unnerve
|-damage|p1a: Calyrex|88/100|[from] Stealth Rock
|move|p2a: Marshadow|Close Combat|p1a: Calyrex
|-immune|p1a: Calyrex
|
|upkeep
|turn|9
|
|t:|1656151883
|switch|p2a: Ho-Oh|Ho-Oh|100/100
|move|p1a: Calyrex|Astral Barrage|p2a: Ho-Oh
|-damage|p2a: Ho-Oh|57/100
|
|upkeep
|turn|10
|inactive|Apprenti Buck has 120 seconds left.
|
|t:|1656151924
|switch|p1a: Kyogre|Kyogre|100/100
|-damage|p1a: Kyogre|88/100|[from] Stealth Rock
|detailschange|p1a: Kyogre|Kyogre-Primal
|-primal|p1a: Kyogre
|-weather|PrimordialSea|[from] ability: Primordial Sea|[of] p1a: Kyogre
|move|p2a: Ho-Oh|Whirlwind|p1a: Kyogre
|-weather|none
|drag|p1a: Arceus|Arceus|100/100
|-damage|p1a: Arceus|88/100|[from] Stealth Rock
|
|upkeep
|turn|11
|
|t:|1656151935
|switch|p2a: Marshadow|Marshadow|100/100
|-damage|p2a: Marshadow|94/100|[from] Stealth Rock
|move|p1a: Arceus|Swords Dance|p1a: Arceus
|-boost|p1a: Arceus|atk|2
|
|upkeep
|turn|12
|inactive|Apprenti Buck has 120 seconds left.
|
|t:|1656151942
|switch|p1a: Calyrex|Calyrex-Shadow|88/100
|-ability|p1a: Calyrex|As One
|-ability|p1a: Calyrex|Unnerve
|-damage|p1a: Calyrex|76/100|[from] Stealth Rock
|move|p2a: Marshadow|Close Combat|p1a: Calyrex
|-immune|p1a: Calyrex
|
|upkeep
|turn|13
|
|t:|1656151951
|switch|p2a: Ho-Oh|Ho-Oh|90/100
|move|p1a: Calyrex|Astral Barrage|p2a: Ho-Oh
|-damage|p2a: Ho-Oh|51/100
|
|upkeep
|turn|14
|inactive|Apprenti Buck has 120 seconds left.
|j| Adhiraj8202
|inactive|Apprenti Buck has 90 seconds left.
|
|t:|1656152001
|move|p1a: Calyrex|Astral Barrage|p2a: Ho-Oh
|-damage|p2a: Ho-Oh|11/100
|move|p2a: Ho-Oh|Sacred Fire|p1a: Calyrex
|-damage|p1a: Calyrex|25/100
|
|upkeep
|turn|15
|
|t:|1656152009
|switch|p2a: Groudon|Groudon-Primal|48/100
|-damage|p2a: Groudon|36/100|[from] Stealth Rock
|-weather|DesolateLand|[from] ability: Desolate Land|[of] p2a: Groudon
|move|p1a: Calyrex|Astral Barrage|p2a: Groudon
|-damage|p2a: Groudon|0 fnt
|faint|p2a: Groudon
|-weather|none
|-ability|p1a: Calyrex|Grim Neigh|boost
|-boost|p1a: Calyrex|spa|1
|
|upkeep
|inactive|Apprenti Buck has 90 seconds left.
|
|t:|1656152029
|switch|p2a: Marshadow|Marshadow|94/100
|-damage|p2a: Marshadow|88/100|[from] Stealth Rock
|turn|16
|
|t:|1656152037
|switch|p1a: Forretress|Forretress, M|52/100
|-damage|p1a: Forretress|40/100|[from] Stealth Rock
|move|p2a: Marshadow|Shadow Sneak|p1a: Forretress
|-damage|p1a: Forretress|17/100
|
|-heal|p1a: Forretress|23/100|[from] item: Leftovers
|upkeep
|turn|17
|inactive|Apprenti Buck has 90 seconds left.
|
|t:|1656152045
|switch|p2a: Ho-Oh|Ho-Oh|44/100
|move|p1a: Forretress|Volt Switch|p2a: Ho-Oh
|-supereffective|p2a: Ho-Oh
|-damage|p2a: Ho-Oh|33/100
|
|t:|1656152053
|switch|p1a: Kyogre|Kyogre-Primal|88/100|[from]move: Volt Switch
|-damage|p1a: Kyogre|76/100|[from] Stealth Rock
|-weather|PrimordialSea|[from] ability: Primordial Sea|[of] p1a: Kyogre
|
|-weather|PrimordialSea|[upkeep]
|upkeep
|turn|18
|
|t:|1656152061
|move|p1a: Kyogre|Ice Beam|p2a: Ho-Oh
|-damage|p2a: Ho-Oh|10/100
|move|p2a: Ho-Oh|Whirlwind|p1a: Kyogre
|-weather|none
|drag|p1a: Forretress|Forretress, M|23/100
|-damage|p1a: Forretress|11/100|[from] Stealth Rock
|
|-heal|p1a: Forretress|17/100|[from] item: Leftovers
|upkeep
|turn|19
|
|t:|1656152073
|switch|p2a: Marshadow|Marshadow|88/100
|-damage|p2a: Marshadow|82/100|[from] Stealth Rock
|move|p1a: Forretress|Stealth Rock||[still]
|-fail|p1a: Forretress
|
|-heal|p1a: Forretress|23/100|[from] item: Leftovers
|upkeep
|turn|20
|
|t:|1656152084
|move|p2a: Marshadow|Close Combat|p1a: Forretress
|-damage|p1a: Forretress|0 fnt
|-unboost|p2a: Marshadow|def|1
|-unboost|p2a: Marshadow|spd|1
|faint|p1a: Forretress
|
|upkeep
|l| Adhiraj8202
|
|t:|1656152092
|switch|p1a: Zacian|Zacian-Crowned, shiny|100/100
|-damage|p1a: Zacian|94/100|[from] Stealth Rock
|-ability|p1a: Zacian|Intrepid Sword|boost
|-boost|p1a: Zacian|atk|1
|turn|21
|inactive|Apprenti Buck has 120 seconds left.
|
|t:|1656152110
|switch|p2a: Ho-Oh|Ho-Oh|43/100
|move|p1a: Zacian|Close Combat|p2a: Ho-Oh
|-resisted|p2a: Ho-Oh
|-damage|p2a: Ho-Oh|19/100
|-unboost|p1a: Zacian|def|1
|-unboost|p1a: Zacian|spd|1
|
|upkeep
|turn|22
|
|t:|1656152122
|switch|p2a: Marshadow|Marshadow|82/100
|-damage|p2a: Marshadow|76/100|[from] Stealth Rock
|move|p1a: Zacian|Substitute|p1a: Zacian
|-start|p1a: Zacian|Substitute
|-damage|p1a: Zacian|70/100
|
|upkeep
|turn|23
|
|t:|1656152129
|move|p2a: Marshadow|Shadow Sneak|p1a: Zacian
|-end|p1a: Zacian|Substitute
|move|p1a: Zacian|Behemoth Blade|p2a: Marshadow
|-damage|p2a: Marshadow|0 fnt
|faint|p2a: Marshadow
|
|upkeep
|
|t:|1656152133
|switch|p2a: Necrozma|Necrozma-Dusk-Mane|80/100
|-damage|p2a: Necrozma|74/100|[from] Stealth Rock
|turn|24
|inactive|Apprenti Buck has 120 seconds left.
|j| harshad b10
|c| harshad b10|oh
|c| harshad b10|hi buck
|
|t:|1656152155
|move|p1a: Zacian|Close Combat|p2a: Necrozma
|-damage|p2a: Necrozma|27/100
|-unboost|p1a: Zacian|def|1
|-unboost|p1a: Zacian|spd|1
|move|p2a: Necrozma|Morning Sun|p2a: Necrozma
|-heal|p2a: Necrozma|77/100
|
|-heal|p2a: Necrozma|83/100|[from] item: Leftovers
|upkeep
|turn|25
|inactive|Apprenti Buck has 120 seconds left.
|
|t:|1656152165
|move|p1a: Zacian|Substitute|p1a: Zacian
|-start|p1a: Zacian|Substitute
|-damage|p1a: Zacian|45/100
|move|p2a: Necrozma|Earthquake|p1a: Zacian
|-supereffective|p1a: Zacian
|-end|p1a: Zacian|Substitute
|
|-heal|p2a: Necrozma|89/100|[from] item: Leftovers
|upkeep
|turn|26
|c| harshad b10|the one who asks for nat dex ag tours very often
|
|t:|1656152172
|move|p1a: Zacian|Substitute|p1a: Zacian
|-start|p1a: Zacian|Substitute
|-damage|p1a: Zacian|20/100
|move|p2a: Necrozma|Earthquake|p1a: Zacian
|-supereffective|p1a: Zacian
|-end|p1a: Zacian|Substitute
|
|-heal|p2a: Necrozma|95/100|[from] item: Leftovers
|upkeep
|turn|27
|
|t:|1656152179
|move|p1a: Zacian|Close Combat|p2a: Necrozma
|-damage|p2a: Necrozma|53/100
|-unboost|p1a: Zacian|def|1
|-unboost|p1a: Zacian|spd|1
|move|p2a: Necrozma|Dragon Dance|p2a: Necrozma
|-boost|p2a: Necrozma|atk|1
|-boost|p2a: Necrozma|spe|1
|
|-heal|p2a: Necrozma|59/100|[from] item: Leftovers
|upkeep
|turn|28
|
|t:|1656152187
|move|p1a: Zacian|Close Combat|p2a: Necrozma
|-damage|p2a: Necrozma|12/100
|-unboost|p1a: Zacian|def|1
|-unboost|p1a: Zacian|spd|1
|move|p2a: Necrozma|Dragon Dance|p2a: Necrozma
|-boost|p2a: Necrozma|atk|1
|-boost|p2a: Necrozma|spe|1
|
|-heal|p2a: Necrozma|18/100|[from] item: Leftovers
|upkeep
|turn|29
|
|t:|1656152196
|move|p2a: Necrozma|Morning Sun|p2a: Necrozma
|-heal|p2a: Necrozma|68/100
|move|p1a: Zacian|Close Combat|p2a: Necrozma
|-damage|p2a: Necrozma|21/100
|-unboost|p1a: Zacian|def|1
|-unboost|p1a: Zacian|spd|1
|
|-heal|p2a: Necrozma|27/100|[from] item: Leftovers
|upkeep
|turn|30
|
|t:|1656152204
|move|p2a: Necrozma|Morning Sun|p2a: Necrozma
|-heal|p2a: Necrozma|77/100
|move|p1a: Zacian|Close Combat|p2a: Necrozma
|-damage|p2a: Necrozma|30/100
|-unboost|p1a: Zacian|def|1
|-unboost|p1a: Zacian|spd|1
|
|-heal|p2a: Necrozma|36/100|[from] item: Leftovers
|upkeep
|turn|31
|
|t:|1656152215
|move|p2a: Necrozma|Morning Sun|p2a: Necrozma
|-heal|p2a: Necrozma|86/100
|move|p1a: Zacian|Close Combat|p2a: Necrozma
|-damage|p2a: Necrozma|41/100
|
|-heal|p2a: Necrozma|47/100|[from] item: Leftovers
|upkeep
|turn|32
|c|☆Apprenti Buck|Maybe i win
|
|t:|1656152222
|move|p2a: Necrozma|Morning Sun|p2a: Necrozma
|-heal|p2a: Necrozma|97/100
|move|p1a: Zacian|Close Combat|p2a: Necrozma
|-damage|p2a: Necrozma|54/100
|
|-heal|p2a: Necrozma|60/100|[from] item: Leftovers
|upkeep
|turn|33
|
|t:|1656152230
|move|p2a: Necrozma|Dragon Dance|p2a: Necrozma
|-boost|p2a: Necrozma|atk|1
|-boost|p2a: Necrozma|spe|1
|move|p1a: Zacian|Wild Charge|p2a: Necrozma
|-damage|p2a: Necrozma|30/100
|-damage|p1a: Zacian|11/100|[from] Recoil
|
|-heal|p2a: Necrozma|36/100|[from] item: Leftovers
|upkeep
|turn|34
|
|t:|1656152247
|-start|p2a: Necrozma|Dynamax|
|-heal|p2a: Necrozma|36/100|[silent]
|move|p2a: Necrozma|Max Steelspike|p1a: Zacian
|-damage|p1a: Zacian|0 fnt
|-boost|p2a: Necrozma|def|1
|faint|p1a: Zacian
|
|-heal|p2a: Necrozma|39/100|[from] item: Leftovers
|upkeep
|
|t:|1656152256
|switch|p1a: Rayquaza|Rayquaza-Mega|100/100
|-damage|p1a: Rayquaza|76/100|[from] Stealth Rock
|-weather|DeltaStream|[from] ability: Delta Stream|[of] p1a: Rayquaza
|turn|35
|
|t:|1656152261
|move|p1a: Rayquaza|Endure|p1a: Rayquaza
|-singleturn|p1a: Rayquaza|move: Endure
|move|p2a: Necrozma|Max Steelspike|p1a: Rayquaza
|-activate|p1a: Rayquaza|move: Endure
|-damage|p1a: Rayquaza|1/100
|-boost|p2a: Necrozma|def|1
|
|-weather|DeltaStream|[upkeep]
|-heal|p2a: Necrozma|42/100|[from] item: Leftovers
|upkeep
|turn|36
|-enditem|p1a: Rayquaza|Custap Berry|[eat]
|-activate|p1a: Rayquaza|item: Custap Berry|[consumed]
|
|t:|1656152269
|move|p2a: Necrozma|Max Guard|p2a: Necrozma
|-singleturn|p2a: Necrozma|Max Guard
|move|p1a: Rayquaza|V-create|p2a: Necrozma
|-activate|p2a: Necrozma|move: Max Guard
|
|-weather|DeltaStream|[upkeep]
|-heal|p2a: Necrozma|45/100|[from] item: Leftovers
|upkeep
|-end|p2a: Necrozma|Dynamax
|-heal|p2a: Necrozma|45/100|[silent]
|turn|37
|
|t:|1656152286
|move|p2a: Necrozma|Morning Sun|p2a: Necrozma
|-heal|p2a: Necrozma|95/100
|move|p1a: Rayquaza|V-create|p2a: Necrozma
|-supereffective|p2a: Necrozma
|-damage|p2a: Necrozma|58/100
|-unboost|p1a: Rayquaza|spe|1
|-unboost|p1a: Rayquaza|def|1
|-unboost|p1a: Rayquaza|spd|1
|
|-weather|DeltaStream|[upkeep]
|-heal|p2a: Necrozma|64/100|[from] item: Leftovers
|upkeep
|turn|38
|
|t:|1656152295
|move|p2a: Necrozma|Dragon Dance|p2a: Necrozma
|-boost|p2a: Necrozma|atk|1
|-boost|p2a: Necrozma|spe|1
|move|p1a: Rayquaza|V-create|p2a: Necrozma
|-supereffective|p2a: Necrozma
|-damage|p2a: Necrozma|23/100
|-unboost|p1a: Rayquaza|spe|1
|-unboost|p1a: Rayquaza|def|1
|-unboost|p1a: Rayquaza|spd|1
|
|-weather|DeltaStream|[upkeep]
|-heal|p2a: Necrozma|29/100|[from] item: Leftovers
|upkeep
|turn|39
|
|t:|1656152304
|move|p2a: Necrozma|Morning Sun|p2a: Necrozma
|-heal|p2a: Necrozma|79/100
|move|p1a: Rayquaza|V-create|p2a: Necrozma
|-supereffective|p2a: Necrozma
|-damage|p2a: Necrozma|41/100
|-unboost|p1a: Rayquaza|spe|1
|-unboost|p1a: Rayquaza|def|1
|-unboost|p1a: Rayquaza|spd|1
|
|-weather|DeltaStream|[upkeep]
|-heal|p2a: Necrozma|47/100|[from] item: Leftovers
|upkeep
|turn|40
|
|t:|1656152329
|move|p2a: Necrozma|Sunsteel Strike|p1a: Rayquaza
|-damage|p1a: Rayquaza|0 fnt
|faint|p1a: Rayquaza
|-weather|none
|
|-heal|p2a: Necrozma|54/100|[from] item: Leftovers
|upkeep
|
|t:|1656152335
|switch|p1a: Arceus|Arceus|88/100
|-damage|p1a: Arceus|76/100|[from] Stealth Rock
|turn|41
|
|t:|1656152343
|-start|p1a: Arceus|Dynamax|
|-heal|p1a: Arceus|76/100|[silent]
|move|p1a: Arceus|Max Guard|p1a: Arceus
|-singleturn|p1a: Arceus|Max Guard
|move|p2a: Necrozma|Sunsteel Strike|p1a: Arceus
|-activate|p1a: Arceus|move: Max Guard
|
|-heal|p2a: Necrozma|60/100|[from] item: Leftovers
|upkeep
|turn|42
|c|☆Apprenti Buck|Gg
|c|☆Apprenti Buck|unless u crit
|
|t:|1656152353
|move|p2a: Necrozma|Sunsteel Strike|p1a: Arceus
|-damage|p1a: Arceus|27/100
|move|p1a: Arceus|Max Phantasm|p2a: Necrozma
|-supereffective|p2a: Necrozma
|-damage|p2a: Necrozma|41/100
|-unboost|p2a: Necrozma|def|1
|
|-heal|p2a: Necrozma|47/100|[from] item: Leftovers
|upkeep
|turn|43
|
|t:|1656152363
|move|p2a: Necrozma|Morning Sun|p2a: Necrozma
|-heal|p2a: Necrozma|97/100
|move|p1a: Arceus|Max Strike|p2a: Necrozma
|-resisted|p2a: Necrozma
|-damage|p2a: Necrozma|83/100
|-unboost|p2a: Necrozma|spe|1
|
|-heal|p2a: Necrozma|89/100|[from] item: Leftovers
|upkeep
|-end|p1a: Arceus|Dynamax
|-heal|p1a: Arceus|28/100|[silent]
|turn|44
|
|t:|1656152373
|move|p2a: Necrozma|Sunsteel Strike|p1a: Arceus
|-damage|p1a: Arceus|0 fnt
|faint|p1a: Arceus
|
|-heal|p2a: Necrozma|95/100|[from] item: Leftovers
|upkeep
|
|t:|1656152379
|switch|p1a: Calyrex|Calyrex-Shadow|25/100
|-ability|p1a: Calyrex|As One
|-ability|p1a: Calyrex|Unnerve
|-damage|p1a: Calyrex|13/100|[from] Stealth Rock
|turn|45
|c|☆Apprenti Buck|Ah scarf
|
|t:|1656152391
|move|p1a: Calyrex|Astral Barrage|p2a: Necrozma
|-supereffective|p2a: Necrozma
|-damage|p2a: Necrozma|10/100
|move|p2a: Necrozma|Sunsteel Strike|p1a: Calyrex
|-damage|p1a: Calyrex|0 fnt
|faint|p1a: Calyrex
|
|-heal|p2a: Necrozma|16/100|[from] item: Leftovers
|upkeep
|c|☆Apprenti Buck|Can’t ohko tho
|-message|Nobodi_Nowan forfeited.
|
|win|Apprenti Buck
|raw|Nobodi_Nowan's rating: 1941 &rarr; <strong>1921</strong><br />(-20 for losing)
|raw|Apprenti Buck's rating: 1941 &rarr; <strong>1961</strong><br />(+20 for winning)
|l|☆Nobodi_Nowan
|c|☆Apprenti Buck|so ggwp
