|j|‽Tahz
|j|☆Whitespaniard
|t:|1667245004
|gametype|singles
|player|p1|Tahz|266|1719
|player|p2|Whitespaniard|cynthia-gen4|1781
|teamsize|p1|6
|teamsize|p2|6
|gen|8
|tier|[Gen 8] National Dex AG
|rated|
|rule|HP Percentage Mod: HP is shown in percentages
|rule|Endless Battle Clause: Forcing endless battles is banned
|clearpoke
|poke|p1|Ho-Oh|
|poke|p1|Zygarde|
|poke|p1|Necrozma-Dusk-Mane|
|poke|p1|Yveltal|
|poke|p1|Chansey, F|
|poke|p1|Arceus-*|
|poke|p2|Mewtwo|
|poke|p2|Tyranitar, F|
|poke|p2|Ferrothorn, M|
|poke|p2|Ho-Oh|
|poke|p2|Arceus-*|
|poke|p2|Ditto|
|teampreview
|inactive|Battle timer is ON: inactive players will automatically lose when time's up. (requested by Whitespaniard)
|
|t:|1667245018
|start
|switch|p1a: Zygarde|Zygarde|100/100
|switch|p2a: Ferrothorn|Ferrothorn, M|100/100
|turn|1
|
|t:|1667245026
|move|p1a: Zygarde|Glare|p2a: Ferrothorn
|-status|p2a: Ferrothorn|par
|move|p2a: Ferrothorn|Leech Seed|p1a: Zygarde
|-start|p1a: Zygarde|move: Leech Seed
|
|-damage|p1a: Zygarde|88/100|[from] Leech Seed|[of] p2a: Ferrothorn
|upkeep
|turn|2
|
|t:|1667245031
|switch|p1a: Ho-Oh|Ho-Oh|100/100
|cant|p2a: Ferrothorn|par
|
|upkeep
|turn|3
|
|t:|1667245038
|switch|p2a: Tyranitar|Tyranitar, F|100/100
|-weather|Sandstorm|[from] ability: Sand Stream|[of] p2a: Tyranitar
|move|p1a: Ho-Oh|Thunder Wave|p2a: Tyranitar
|-status|p2a: Tyranitar|par
|
|-weather|Sandstorm|[upkeep]
|-damage|p1a: Ho-Oh|94/100|[from] Sandstorm
|upkeep
|turn|4
|
|t:|1667245048
|switch|p1a: Zygarde|Zygarde|88/100
|detailschange|p2a: Tyranitar|Tyranitar-Mega, F
|-mega|p2a: Tyranitar|Tyranitar|Tyranitarite
|move|p2a: Tyranitar|Stealth Rock|p1a: Zygarde
|-sidestart|p1: Tahz|move: Stealth Rock
|
|-weather|Sandstorm|[upkeep]
|upkeep
|turn|5
|
|t:|1667245055
|switch|p2a: Ferrothorn|Ferrothorn, M|100/100 par
|move|p1a: Zygarde|Thousand Arrows|p2a: Ferrothorn
|-damage|p2a: Ferrothorn|78/100 par
|
|-weather|Sandstorm|[upkeep]
|-heal|p2a: Ferrothorn|84/100 par|[from] item: Leftovers
|upkeep
|turn|6
|
|t:|1667245061
|switch|p1a: Ho-Oh|Ho-Oh|100/100
|move|p2a: Ferrothorn|Leech Seed|p1a: Ho-Oh
|-start|p1a: Ho-Oh|move: Leech Seed
|
|-weather|Sandstorm|[upkeep]
|-damage|p1a: Ho-Oh|94/100|[from] Sandstorm
|-heal|p2a: Ferrothorn|91/100 par|[from] item: Leftovers
|-damage|p1a: Ho-Oh|82/100|[from] Leech Seed|[of] p2a: Ferrothorn
|-heal|p2a: Ferrothorn|100/100 par|[silent]
|upkeep
|turn|7
|
|t:|1667245066
|switch|p2a: Tyranitar|Tyranitar-Mega, F|100/100 par
|move|p1a: Ho-Oh|Defog|p2a: Tyranitar
|-unboost|p2a: Tyranitar|evasion|1
|-sideend|p1: Tahz|Stealth Rock|[from] move: Defog|[of] p1a: Ho-Oh
|
|-weather|none
|-damage|p1a: Ho-Oh|70/100|[from] Leech Seed|[of] p2a: Tyranitar
|upkeep
|turn|8
|
|t:|1667245077
|switch|p1a: Arceus|Arceus-Fairy|100/100
|cant|p2a: Tyranitar|par
|
|upkeep
|turn|9
|
|t:|1667245087
|switch|p1a: Ho-Oh|Ho-Oh|100/100
|switch|p2a: Ferrothorn|Ferrothorn, M|100/100 par
|
|upkeep
|turn|10
|
|t:|1667245090
|switch|p2a: Tyranitar|Tyranitar-Mega, F|100/100 par
|-weather|Sandstorm|[from] ability: Sand Stream|[of] p2a: Tyranitar
|move|p1a: Ho-Oh|Sacred Fire|p2a: Tyranitar
|-resisted|p2a: Tyranitar
|-damage|p2a: Tyranitar|85/100 par
|
|-weather|Sandstorm|[upkeep]
|-damage|p1a: Ho-Oh|94/100|[from] Sandstorm
|upkeep
|turn|11
|
|t:|1667245094
|switch|p1a: Arceus|Arceus-Fairy|100/100
|move|p2a: Tyranitar|Stealth Rock|p1a: Arceus
|-sidestart|p1: Tahz|move: Stealth Rock
|
|-weather|Sandstorm|[upkeep]
|-damage|p1a: Arceus|94/100|[from] Sandstorm
|upkeep
|turn|12
|
|t:|1667245100
|move|p1a: Arceus|Defog|p2a: Tyranitar
|-unboost|p2a: Tyranitar|evasion|1
|-sideend|p1: Tahz|Stealth Rock|[from] move: Defog|[of] p1a: Arceus
|move|p2a: Tyranitar|Stone Edge|p1a: Arceus
|-damage|p1a: Arceus|68/100
|
|-weather|Sandstorm|[upkeep]
|-damage|p1a: Arceus|62/100|[from] Sandstorm
|upkeep
|turn|13
|
|t:|1667245104
|switch|p2a: Ferrothorn|Ferrothorn, M|100/100 par
|move|p1a: Arceus|Judgment|p2a: Ferrothorn
|-resisted|p2a: Ferrothorn
|-damage|p2a: Ferrothorn|85/100 par
|
|-weather|Sandstorm|[upkeep]
|-damage|p1a: Arceus|56/100|[from] Sandstorm
|-heal|p2a: Ferrothorn|91/100 par|[from] item: Leftovers
|upkeep
|turn|14
|
|t:|1667245107
|move|p1a: Arceus|Recover|p1a: Arceus
|-heal|p1a: Arceus|100/100
|move|p2a: Ferrothorn|Knock Off|p1a: Arceus
|-resisted|p1a: Arceus
|-damage|p1a: Arceus|97/100
|
|-weather|none
|-heal|p2a: Ferrothorn|97/100 par|[from] item: Leftovers
|upkeep
|turn|15
|
|t:|1667245116
|switch|p1a: Necrozma|Necrozma-Dusk-Mane|100/100
|move|p2a: Ferrothorn|Leech Seed|p1a: Necrozma
|-start|p1a: Necrozma|move: Leech Seed
|
|-heal|p2a: Ferrothorn|100/100 par|[from] item: Leftovers
|-damage|p1a: Necrozma|88/100|[from] Leech Seed|[of] p2a: Ferrothorn
|upkeep
|turn|16
|
|t:|1667245123
|switch|p2a: Ho-Oh|Ho-Oh|100/100
|move|p1a: Necrozma|Stealth Rock|p2a: Ho-Oh
|-sidestart|p2: Whitespaniard|move: Stealth Rock
|
|-damage|p1a: Necrozma|76/100|[from] Leech Seed|[of] p2a: Ho-Oh
|upkeep
|turn|17
|
|t:|1667245138
|switch|p1a: Zygarde|Zygarde|88/100
|move|p2a: Ho-Oh|Sacred Fire|p1a: Zygarde
|-resisted|p1a: Zygarde
|-damage|p1a: Zygarde|77/100
|-status|p1a: Zygarde|brn
|
|-damage|p1a: Zygarde|71/100 brn|[from] brn
|upkeep
|turn|18
|
|t:|1667245148
|move|p1a: Zygarde|Glare|p2a: Ho-Oh
|-status|p2a: Ho-Oh|par
|move|p2a: Ho-Oh|Whirlwind|p1a: Zygarde
|drag|p1a: Chansey|Chansey, F|100/100
|
|upkeep
|turn|19
|
|t:|1667245155
|switch|p2a: Ditto|Ditto|100/100
|-damage|p2a: Ditto|88/100|[from] Stealth Rock
|-transform|p2a: Ditto|p1a: Chansey|[from] ability: Imposter
|move|p1a: Chansey|Seismic Toss|p2a: Ditto
|-damage|p2a: Ditto|55/100
|
|upkeep
|turn|20
|
|t:|1667245170
|switch|p1a: Ho-Oh|Ho-Oh|100/100
|move|p2a: Ditto|Heal Bell|p2a: Ditto
|-activate|p2a: Ditto|move: Heal Bell
|-curestatus|p2: Tyranitar|par|[msg]
|-curestatus|p2: Ferrothorn|par|[msg]
|-curestatus|p2: Ho-Oh|par|[msg]
|
|upkeep
|turn|21
|
|t:|1667245174
|switch|p2a: Tyranitar|Tyranitar-Mega, F|85/100
|-damage|p2a: Tyranitar|73/100|[from] Stealth Rock
|-weather|Sandstorm|[from] ability: Sand Stream|[of] p2a: Tyranitar
|move|p1a: Ho-Oh|Sacred Fire|p2a: Tyranitar
|-resisted|p2a: Tyranitar
|-damage|p2a: Tyranitar|57/100
|-status|p2a: Tyranitar|brn
|
|-weather|Sandstorm|[upkeep]
|-damage|p1a: Ho-Oh|94/100|[from] Sandstorm
|-damage|p2a: Tyranitar|50/100 brn|[from] brn
|upkeep
|turn|22
|
|t:|1667245183
|switch|p1a: Chansey|Chansey, F|100/100
|move|p2a: Tyranitar|Rest|p2a: Tyranitar
|-status|p2a: Tyranitar|slp|[from] move: Rest
|-heal|p2a: Tyranitar|100/100 slp|[silent]
|
|-weather|Sandstorm|[upkeep]
|-damage|p1a: Chansey|94/100|[from] Sandstorm
|upkeep
|turn|23
|
|t:|1667245187
|cant|p2a: Tyranitar|slp
|move|p1a: Chansey|Seismic Toss|p2a: Tyranitar
|-damage|p2a: Tyranitar|76/100 slp
|
|-weather|Sandstorm|[upkeep]
|-damage|p1a: Chansey|88/100|[from] Sandstorm
|upkeep
|turn|24
|
|t:|1667245192
|cant|p2a: Tyranitar|slp
|move|p1a: Chansey|Seismic Toss|p2a: Tyranitar
|-damage|p2a: Tyranitar|51/100 slp
|
|-weather|Sandstorm|[upkeep]
|-damage|p1a: Chansey|82/100|[from] Sandstorm
|upkeep
|turn|25
|
|t:|1667245195
|-curestatus|p2a: Tyranitar|slp|[msg]
|move|p2a: Tyranitar|Stealth Rock|p1a: Chansey
|-sidestart|p1: Tahz|move: Stealth Rock
|move|p1a: Chansey|Seismic Toss|p2a: Tyranitar
|-damage|p2a: Tyranitar|26/100
|
|-weather|none
|upkeep
|turn|26
|
|t:|1667245211
|switch|p1a: Arceus|Arceus-Fairy|97/100
|-damage|p1a: Arceus|85/100|[from] Stealth Rock
|move|p2a: Tyranitar|Stone Edge|p1a: Arceus|[miss]
|-miss|p2a: Tyranitar|p1a: Arceus
|
|upkeep
|turn|27
|
|t:|1667245218
|switch|p2a: Ferrothorn|Ferrothorn, M|100/100
|-damage|p2a: Ferrothorn|94/100|[from] Stealth Rock
|move|p1a: Arceus|Will-O-Wisp|p2a: Ferrothorn|[miss]
|-miss|p1a: Arceus|p2a: Ferrothorn
|
|-heal|p2a: Ferrothorn|100/100|[from] item: Leftovers
|upkeep
|turn|28
|
|t:|1667245223
|move|p1a: Arceus|Will-O-Wisp|p2a: Ferrothorn
|-status|p2a: Ferrothorn|brn
|move|p2a: Ferrothorn|Leech Seed|p1a: Arceus
|-start|p1a: Arceus|move: Leech Seed
|
|-damage|p1a: Arceus|72/100|[from] Leech Seed|[of] p2a: Ferrothorn
|-damage|p2a: Ferrothorn|94/100 brn|[from] brn
|upkeep
|turn|29
|
|t:|1667245230
|switch|p1a: Ho-Oh|Ho-Oh|100/100
|move|p2a: Ferrothorn|Knock Off|p1a: Ho-Oh
|-damage|p1a: Ho-Oh|91/100
|-enditem|p1a: Ho-Oh|Heavy-Duty Boots|[from] move: Knock Off|[of] p2a: Ferrothorn
|
|-heal|p2a: Ferrothorn|100/100 brn|[from] item: Leftovers
|-damage|p2a: Ferrothorn|94/100 brn|[from] brn
|upkeep
|turn|30
|
|t:|1667245239
|switch|p2a: Ho-Oh|Ho-Oh|100/100
|move|p1a: Ho-Oh|Defog|p2a: Ho-Oh
|-unboost|p2a: Ho-Oh|evasion|1
|-sideend|p2: Whitespaniard|Stealth Rock|[from] move: Defog|[of] p1a: Ho-Oh
|-sideend|p1: Tahz|Stealth Rock|[from] move: Defog|[of] p1a: Ho-Oh
|
|upkeep
|turn|31
|
|t:|1667245244
|move|p2a: Ho-Oh|Toxic|p1a: Ho-Oh
|-status|p1a: Ho-Oh|tox
|move|p1a: Ho-Oh|Thunder Wave|p2a: Ho-Oh
|-status|p2a: Ho-Oh|par
|
|-damage|p1a: Ho-Oh|85/100 tox|[from] psn
|upkeep
|turn|32
|
|t:|1667245253
|switch|p1a: Necrozma|Necrozma-Dusk-Mane|76/100
|move|p2a: Ho-Oh|Toxic|p1a: Necrozma
|-immune|p1a: Necrozma
|
|upkeep
|turn|33
|
|t:|1667245257
|switch|p1a: Chansey|Chansey, F|82/100
|move|p2a: Ho-Oh|Sacred Fire|p1a: Chansey
|-damage|p1a: Chansey|46/100
|
|upkeep
|turn|34
|
|t:|1667245261
|move|p1a: Chansey|Soft-Boiled|p1a: Chansey
|-heal|p1a: Chansey|96/100
|move|p2a: Ho-Oh|Brave Bird|p1a: Chansey
|-damage|p1a: Chansey|54/100
|-damage|p2a: Ho-Oh|79/100 par|[from] Recoil
|
|upkeep
|turn|35
|j| Defensive0
|
|t:|1667245270
|move|p1a: Chansey|Heal Bell|p1a: Chansey
|-activate|p1a: Chansey|move: Heal Bell
|-curestatus|p1: Ho-Oh|tox|[msg]
|-curestatus|p1: Zygarde|brn|[msg]
|move|p2a: Ho-Oh|Whirlwind|p1a: Chansey
|drag|p1a: Yveltal|Yveltal|100/100
|-ability|p1a: Yveltal|Dark Aura
|
|upkeep
|turn|36
|
|t:|1667245281
|switch|p2a: Tyranitar|Tyranitar-Mega, F|26/100
|-weather|Sandstorm|[from] ability: Sand Stream|[of] p2a: Tyranitar
|move|p1a: Yveltal|Foul Play|p2a: Tyranitar
|-resisted|p2a: Tyranitar
|-damage|p2a: Tyranitar|7/100
|
|-weather|Sandstorm|[upkeep]
|-damage|p1a: Yveltal|94/100|[from] Sandstorm
|upkeep
|turn|37
|
|t:|1667245286
|move|p1a: Yveltal|Foul Play|p2a: Tyranitar
|-resisted|p2a: Tyranitar
|-damage|p2a: Tyranitar|0 fnt
|faint|p2a: Tyranitar
|
|-weather|Sandstorm|[upkeep]
|-damage|p1a: Yveltal|88/100|[from] Sandstorm
|upkeep
|
|t:|1667245313
|switch|p2a: Ferrothorn|Ferrothorn, M|94/100 brn
|turn|38
|inactive|Tahz has 120 seconds left.
|l|☆Whitespaniard
|inactive|Whitespaniard disconnected and has a minute to reconnect!
|player|p2|
|inactive|Tahz has 90 seconds left.
|j|☆Whitespaniard
|inactive|Whitespaniard reconnected.
|player|p2|Whitespaniard|cynthia-gen4
|
|t:|1667245393
|switch|p1a: Ho-Oh|Ho-Oh|100/100
|move|p2a: Ferrothorn|Leech Seed|p1a: Ho-Oh
|-start|p1a: Ho-Oh|move: Leech Seed
|
|-weather|Sandstorm|[upkeep]
|-damage|p1a: Ho-Oh|94/100|[from] Sandstorm
|-heal|p2a: Ferrothorn|100/100 brn|[from] item: Leftovers
|-damage|p1a: Ho-Oh|82/100|[from] Leech Seed|[of] p2a: Ferrothorn
|-damage|p2a: Ferrothorn|94/100 brn|[from] brn
|upkeep
|turn|39
|
|t:|1667245400
|switch|p2a: Ho-Oh|Ho-Oh|100/100 par
|move|p1a: Ho-Oh|Sacred Fire|p2a: Ho-Oh
|-resisted|p2a: Ho-Oh
|-damage|p2a: Ho-Oh|81/100 par
|
|-weather|Sandstorm|[upkeep]
|-damage|p1a: Ho-Oh|76/100|[from] Sandstorm
|-damage|p2a: Ho-Oh|75/100 par|[from] Sandstorm
|-damage|p1a: Ho-Oh|64/100|[from] Leech Seed|[of] p2a: Ho-Oh
|-heal|p2a: Ho-Oh|88/100 par|[silent]
|upkeep
|turn|40
|
|t:|1667245405
|switch|p1a: Yveltal|Yveltal|88/100
|-ability|p1a: Yveltal|Dark Aura
|move|p2a: Ho-Oh|Sacred Fire|p1a: Yveltal
|-damage|p1a: Yveltal|57/100
|-status|p1a: Yveltal|brn
|
|-weather|none
|-damage|p1a: Yveltal|51/100 brn|[from] brn
|upkeep
|turn|41
|inactive|Tahz has 90 seconds left.
|
|t:|1667245412
|switch|p2a: Ferrothorn|Ferrothorn, M|94/100 brn
|move|p1a: Yveltal|Roost|p1a: Yveltal
|-heal|p1a: Yveltal|100/100 brn
|-singleturn|p1a: Yveltal|move: Roost
|
|-heal|p2a: Ferrothorn|100/100 brn|[from] item: Leftovers
|-damage|p1a: Yveltal|94/100 brn|[from] brn
|-damage|p2a: Ferrothorn|94/100 brn|[from] brn
|upkeep
|turn|42
|
|t:|1667245418
|switch|p1a: Zygarde|Zygarde|71/100
|move|p2a: Ferrothorn|Leech Seed|p1a: Zygarde
|-start|p1a: Zygarde|move: Leech Seed
|
|-heal|p2a: Ferrothorn|100/100 brn|[from] item: Leftovers
|-damage|p1a: Zygarde|58/100|[from] Leech Seed|[of] p2a: Ferrothorn
|-damage|p2a: Ferrothorn|94/100 brn|[from] brn
|upkeep
|turn|43
|
|t:|1667245429
|move|p1a: Zygarde|Thousand Arrows|p2a: Ferrothorn
|-damage|p2a: Ferrothorn|69/100 brn
|move|p2a: Ferrothorn|Leech Seed|p1a: Zygarde|[miss]
|-miss|p2a: Ferrothorn|p1a: Zygarde
|
|-heal|p2a: Ferrothorn|75/100 brn|[from] item: Leftovers
|-damage|p1a: Zygarde|46/100|[from] Leech Seed|[of] p2a: Ferrothorn
|-heal|p2a: Ferrothorn|90/100 brn|[silent]
|-damage|p2a: Ferrothorn|84/100 brn|[from] brn
|-activate|p1a: Zygarde|ability: Power Construct
|detailschange|p1a: Zygarde|Zygarde-Complete
|-heal|p1a: Zygarde|64/100|[silent]
|upkeep
|turn|44
|inactive|Tahz has 90 seconds left.
|
|t:|1667245473
|switch|p1a: Chansey|Chansey, F|54/100
|move|p2a: Ferrothorn|Knock Off|p1a: Chansey
|-damage|p1a: Chansey|46/100
|-enditem|p1a: Chansey|Eviolite|[from] move: Knock Off|[of] p2a: Ferrothorn
|
|-heal|p2a: Ferrothorn|90/100 brn|[from] item: Leftovers
|-damage|p2a: Ferrothorn|84/100 brn|[from] brn
|upkeep
|turn|45
|
|t:|1667245481
|move|p1a: Chansey|Soft-Boiled|p1a: Chansey
|-heal|p1a: Chansey|96/100
|move|p2a: Ferrothorn|Leech Seed|p1a: Chansey
|-start|p1a: Chansey|move: Leech Seed
|
|-heal|p2a: Ferrothorn|90/100 brn|[from] item: Leftovers
|-damage|p1a: Chansey|84/100|[from] Leech Seed|[of] p2a: Ferrothorn
|-heal|p2a: Ferrothorn|100/100 brn|[silent]
|-damage|p2a: Ferrothorn|94/100 brn|[from] brn
|upkeep
|turn|46
|
|t:|1667245486
|switch|p1a: Ho-Oh|Ho-Oh|97/100
|switch|p2a: Ditto|Ditto|55/100
|-transform|p2a: Ditto|p1a: Ho-Oh|[from] ability: Imposter
|
|upkeep
|turn|47
|
|t:|1667245494
|switch|p2a: Ho-Oh|Ho-Oh|100/100 par
|move|p1a: Ho-Oh|Thunder Wave|p2a: Ho-Oh
|-fail|p2a: Ho-Oh|par
|
|upkeep
|turn|48
|
|t:|1667245504
|switch|p1a: Zygarde|Zygarde-Complete|64/100
|cant|p2a: Ho-Oh|par
|
|upkeep
|turn|49
|
|t:|1667245511
|switch|p2a: Ferrothorn|Ferrothorn, M|94/100 brn
|move|p1a: Zygarde|Thousand Arrows|p2a: Ferrothorn
|-damage|p2a: Ferrothorn|69/100 brn
|
|-heal|p2a: Ferrothorn|75/100 brn|[from] item: Leftovers
|-damage|p2a: Ferrothorn|69/100 brn|[from] brn
|upkeep
|turn|50
|inactive|Tahz has 120 seconds left.
|
|t:|1667245517
|switch|p1a: Ho-Oh|Ho-Oh|100/100
|move|p2a: Ferrothorn|Leech Seed|p1a: Ho-Oh
|-start|p1a: Ho-Oh|move: Leech Seed
|
|-heal|p2a: Ferrothorn|75/100 brn|[from] item: Leftovers
|-damage|p1a: Ho-Oh|88/100|[from] Leech Seed|[of] p2a: Ferrothorn
|-heal|p2a: Ferrothorn|89/100 brn|[silent]
|-damage|p2a: Ferrothorn|83/100 brn|[from] brn
|upkeep
|turn|51
|
|t:|1667245530
|switch|p1a: Zygarde|Zygarde-Complete|64/100
|move|p2a: Ferrothorn|Protect||[still]
|-fail|p2a: Ferrothorn
|
|-heal|p2a: Ferrothorn|89/100 brn|[from] item: Leftovers
|-damage|p2a: Ferrothorn|83/100 brn|[from] brn
|upkeep
|turn|52
|
|t:|1667245535
|switch|p1a: Ho-Oh|Ho-Oh|100/100
|move|p2a: Ferrothorn|Leech Seed|p1a: Ho-Oh
|-start|p1a: Ho-Oh|move: Leech Seed
|
|-heal|p2a: Ferrothorn|89/100 brn|[from] item: Leftovers
|-damage|p1a: Ho-Oh|88/100|[from] Leech Seed|[of] p2a: Ferrothorn
|-heal|p2a: Ferrothorn|100/100 brn|[silent]
|-damage|p2a: Ferrothorn|94/100 brn|[from] brn
|upkeep
|turn|53
|
|t:|1667245540
|move|p2a: Ferrothorn|Protect|p2a: Ferrothorn
|-singleturn|p2a: Ferrothorn|Protect
|move|p1a: Ho-Oh|Brave Bird|p2a: Ferrothorn
|-activate|p2a: Ferrothorn|move: Protect
|
|-heal|p2a: Ferrothorn|100/100 brn|[from] item: Leftovers
|-damage|p1a: Ho-Oh|76/100|[from] Leech Seed|[of] p2a: Ferrothorn
|-damage|p2a: Ferrothorn|94/100 brn|[from] brn
|upkeep
|turn|54
|
|t:|1667245547
|switch|p2a: Arceus|Arceus-Ground|100/100
|move|p1a: Ho-Oh|Sacred Fire|p2a: Arceus
|-damage|p2a: Arceus|70/100
|
|-damage|p1a: Ho-Oh|63/100|[from] Leech Seed|[of] p2a: Arceus
|-heal|p2a: Arceus|81/100|[silent]
|upkeep
|turn|55
|
|t:|1667245556
|switch|p1a: Arceus|Arceus-Fairy|72/100
|move|p2a: Arceus|Judgment|p1a: Arceus
|-damage|p1a: Arceus|43/100
|
|upkeep
|turn|56
|
|t:|1667245575
|switch|p2a: Ho-Oh|Ho-Oh|100/100 par
|move|p1a: Arceus|Recover|p1a: Arceus
|-heal|p1a: Arceus|93/100
|
|upkeep
|turn|57
|
|t:|1667245582
|switch|p1a: Chansey|Chansey, F|84/100
|move|p2a: Ho-Oh|Sacred Fire|p1a: Chansey
|-damage|p1a: Chansey|35/100
|
|upkeep
|turn|58
|
|t:|1667245591
|switch|p1a: Zygarde|Zygarde-Complete|64/100
|move|p2a: Ho-Oh|Toxic|p1a: Zygarde
|-status|p1a: Zygarde|tox
|
|-damage|p1a: Zygarde|58/100 tox|[from] psn
|upkeep
|turn|59
|
|t:|1667245597
|switch|p2a: Ferrothorn|Ferrothorn, M|94/100 brn
|move|p1a: Zygarde|Thousand Arrows|p2a: Ferrothorn
|-damage|p2a: Ferrothorn|69/100 brn
|
|-heal|p2a: Ferrothorn|75/100 brn|[from] item: Leftovers
|-damage|p1a: Zygarde|46/100 tox|[from] psn
|-damage|p2a: Ferrothorn|69/100 brn|[from] brn
|upkeep
|turn|60
|
|t:|1667245602
|switch|p2a: Ho-Oh|Ho-Oh|100/100 par
|move|p1a: Zygarde|Glare|p2a: Ho-Oh
|-fail|p2a: Ho-Oh|par
|
|-damage|p1a: Zygarde|28/100 tox|[from] psn
|upkeep
|turn|61
|
|t:|1667245612
|switch|p2a: Ferrothorn|Ferrothorn, M|69/100 brn
|move|p1a: Zygarde|Rest|p1a: Zygarde
|-status|p1a: Zygarde|slp|[from] move: Rest
|-heal|p1a: Zygarde|100/100 slp|[silent]
|
|-heal|p2a: Ferrothorn|75/100 brn|[from] item: Leftovers
|-damage|p2a: Ferrothorn|69/100 brn|[from] brn
|upkeep
|turn|62
|
|t:|1667245615
|switch|p1a: Ho-Oh|Ho-Oh|97/100
|move|p2a: Ferrothorn|Leech Seed|p1a: Ho-Oh
|-start|p1a: Ho-Oh|move: Leech Seed
|
|-heal|p2a: Ferrothorn|75/100 brn|[from] item: Leftovers
|-damage|p1a: Ho-Oh|84/100|[from] Leech Seed|[of] p2a: Ferrothorn
|-heal|p2a: Ferrothorn|90/100 brn|[silent]
|-damage|p2a: Ferrothorn|84/100 brn|[from] brn
|upkeep
|turn|63
|
|t:|1667245624
|switch|p2a: Arceus|Arceus-Ground|81/100
|move|p1a: Ho-Oh|Sacred Fire|p2a: Arceus
|-damage|p2a: Arceus|54/100
|-status|p2a: Arceus|brn
|
|-damage|p1a: Ho-Oh|72/100|[from] Leech Seed|[of] p2a: Arceus
|-heal|p2a: Arceus|66/100 brn|[silent]
|-damage|p2a: Arceus|60/100 brn|[from] brn
|upkeep
|turn|64
|
|t:|1667245637
|move|p2a: Arceus|Recover|p2a: Arceus
|-heal|p2a: Arceus|100/100 brn
|move|p1a: Ho-Oh|Sacred Fire|p2a: Arceus
|-damage|p2a: Arceus|71/100 brn
|
|-damage|p1a: Ho-Oh|60/100|[from] Leech Seed|[of] p2a: Arceus
|-heal|p2a: Arceus|83/100 brn|[silent]
|-damage|p2a: Arceus|77/100 brn|[from] brn
|upkeep
|turn|65
|
|t:|1667245646
|switch|p2a: Ho-Oh|Ho-Oh|100/100 par
|switch|p1a: Chansey|Chansey, F|35/100
|
|upkeep
|turn|66
|
|t:|1667245657
|switch|p1a: Arceus|Arceus-Fairy|93/100
|move|p2a: Ho-Oh|Brave Bird|p1a: Arceus
|-damage|p1a: Arceus|69/100
|-damage|p2a: Ho-Oh|92/100 par|[from] Recoil
|
|upkeep
|turn|67
|
|t:|1667245667
|switch|p1a: Necrozma|Necrozma-Dusk-Mane|76/100
|cant|p2a: Ho-Oh|par
|
|upkeep
|turn|68
|
|t:|1667245674
|move|p1a: Necrozma|Knock Off|p2a: Ho-Oh
|-damage|p2a: Ho-Oh|72/100 par
|-enditem|p2a: Ho-Oh|Heavy-Duty Boots|[from] move: Knock Off|[of] p1a: Necrozma
|move|p2a: Ho-Oh|Sacred Fire|p1a: Necrozma
|-supereffective|p1a: Necrozma
|-crit|p1a: Necrozma
|-damage|p1a: Necrozma|24/100
|-status|p1a: Necrozma|brn
|
|-damage|p1a: Necrozma|18/100 brn|[from] brn
|upkeep
|turn|69
|
|t:|1667245691
|switch|p2a: Ferrothorn|Ferrothorn, M|84/100 brn
|move|p1a: Necrozma|Stealth Rock|p2a: Ferrothorn
|-sidestart|p2: Whitespaniard|move: Stealth Rock
|
|-heal|p2a: Ferrothorn|90/100 brn|[from] item: Leftovers
|-damage|p1a: Necrozma|12/100 brn|[from] brn
|-damage|p2a: Ferrothorn|84/100 brn|[from] brn
|upkeep
|turn|70
|
|t:|1667245697
|move|p1a: Necrozma|Morning Sun|p1a: Necrozma
|-heal|p1a: Necrozma|62/100 brn
|move|p2a: Ferrothorn|Spikes|p1a: Necrozma
|-sidestart|p1: Tahz|Spikes
|
|-heal|p2a: Ferrothorn|90/100 brn|[from] item: Leftovers
|-damage|p1a: Necrozma|56/100 brn|[from] brn
|-damage|p2a: Ferrothorn|84/100 brn|[from] brn
|upkeep
|turn|71
|
|t:|1667245705
|switch|p1a: Ho-Oh|Ho-Oh|93/100
|move|p2a: Ferrothorn|Leech Seed|p1a: Ho-Oh
|-start|p1a: Ho-Oh|move: Leech Seed
|
|-heal|p2a: Ferrothorn|90/100 brn|[from] item: Leftovers
|-damage|p1a: Ho-Oh|80/100|[from] Leech Seed|[of] p2a: Ferrothorn
|-heal|p2a: Ferrothorn|100/100 brn|[silent]
|-damage|p2a: Ferrothorn|94/100 brn|[from] brn
|upkeep
|turn|72
|
|t:|1667245716
|switch|p2a: Ditto|Ditto|88/100
|-damage|p2a: Ditto|76/100|[from] Stealth Rock
|-transform|p2a: Ditto|p1a: Ho-Oh|[from] ability: Imposter
|move|p1a: Ho-Oh|Sacred Fire|p2a: Ditto
|-resisted|p2a: Ditto
|-damage|p2a: Ditto|41/100
|
|-damage|p1a: Ho-Oh|68/100|[from] Leech Seed|[of] p2a: Ditto
|-heal|p2a: Ditto|58/100|[silent]
|upkeep
|turn|73
|
|t:|1667245724
|move|p2a: Ditto|Defog|p1a: Ho-Oh
|-unboost|p1a: Ho-Oh|evasion|1
|-sideend|p1: Tahz|Spikes|[from] move: Defog|[of] p2a: Ditto
|-sideend|p2: Whitespaniard|Stealth Rock|[from] move: Defog|[of] p2a: Ditto
|move|p1a: Ho-Oh|Brave Bird|p2a: Ditto
|-damage|p2a: Ditto|0 fnt
|faint|p2a: Ditto
|-damage|p1a: Ho-Oh|54/100|[from] Recoil
|
|upkeep
|inactive|Whitespaniard has 120 seconds left.
|
|t:|1667245783
|switch|p2a: Ferrothorn|Ferrothorn, M|94/100 brn
|turn|74
|
|t:|1667245812
|move|p1a: Ho-Oh|Sacred Fire|p2a: Ferrothorn|[miss]
|-miss|p1a: Ho-Oh|p2a: Ferrothorn
|move|p2a: Ferrothorn|Spikes|p1a: Ho-Oh
|-sidestart|p1: Tahz|Spikes
|
|-heal|p2a: Ferrothorn|100/100 brn|[from] item: Leftovers
|-damage|p1a: Ho-Oh|42/100|[from] Leech Seed|[of] p2a: Ferrothorn
|-damage|p2a: Ferrothorn|94/100 brn|[from] brn
|upkeep
|turn|75
|inactive|Tahz has 120 seconds left.
|
|t:|1667245841
|switch|p1a: Chansey|Chansey, F|35/100
|-damage|p1a: Chansey|22/100|[from] Spikes
|switch|p2a: Arceus|Arceus-Ground|77/100 brn
|
|-damage|p2a: Arceus|71/100 brn|[from] brn
|upkeep
|turn|76
|inactive|Whitespaniard has 90 seconds left.
|
|t:|1667245874
|switch|p2a: Ho-Oh|Ho-Oh|100/100 par
|move|p1a: Chansey|Soft-Boiled|p1a: Chansey
|-heal|p1a: Chansey|72/100
|
|upkeep
|turn|77
|inactive|Tahz has 120 seconds left.
|
|t:|1667245889
|switch|p1a: Ho-Oh|Ho-Oh|75/100
|move|p2a: Ho-Oh|Toxic|p1a: Ho-Oh
|-status|p1a: Ho-Oh|tox
|
|-damage|p1a: Ho-Oh|69/100 tox|[from] psn
|upkeep
|turn|78
|
|t:|1667245896
|switch|p2a: Ferrothorn|Ferrothorn, M|94/100 brn
|move|p1a: Ho-Oh|Defog|p2a: Ferrothorn
|-unboost|p2a: Ferrothorn|evasion|1
|-sideend|p1: Tahz|Spikes|[from] move: Defog|[of] p1a: Ho-Oh
|
|-heal|p2a: Ferrothorn|100/100 brn|[from] item: Leftovers
|-damage|p1a: Ho-Oh|57/100 tox|[from] psn
|-damage|p2a: Ferrothorn|94/100 brn|[from] brn
|upkeep
|turn|79
|inactive|Tahz has 120 seconds left.
|
|t:|1667245907
|switch|p1a: Chansey|Chansey, F|72/100
|switch|p2a: Ho-Oh|Ho-Oh|100/100 par
|
|upkeep
|turn|80
|
|t:|1667245921
|move|p1a: Chansey|Heal Bell|p1a: Chansey
|-activate|p1a: Chansey|move: Heal Bell
|-curestatus|p1: Ho-Oh|tox|[msg]
|-curestatus|p1: Necrozma|brn|[msg]
|-curestatus|p1: Yveltal|brn|[msg]
|-curestatus|p1: Zygarde|slp|[msg]
|move|p2a: Ho-Oh|Brave Bird|p1a: Chansey
|-damage|p1a: Chansey|13/100
|-damage|p2a: Ho-Oh|70/100 par|[from] Recoil
|
|upkeep
|turn|81
|
|t:|1667245931
|switch|p1a: Necrozma|Necrozma-Dusk-Mane|56/100
|move|p2a: Ho-Oh|Toxic|p1a: Necrozma
|-immune|p1a: Necrozma
|
|upkeep
|turn|82
|
|t:|1667245938
|switch|p1a: Ho-Oh|Ho-Oh|90/100
|cant|p2a: Ho-Oh|par
|
|upkeep
|turn|83
|
|t:|1667245945
|switch|p2a: Ferrothorn|Ferrothorn, M|94/100 brn
|move|p1a: Ho-Oh|Brave Bird|p2a: Ferrothorn
|-damage|p2a: Ferrothorn|44/100 brn
|-damage|p1a: Ho-Oh|78/100|[from] ability: Iron Barbs|[of] p2a: Ferrothorn
|-damage|p1a: Ho-Oh|64/100|[from] Recoil
|
|-heal|p2a: Ferrothorn|50/100 brn|[from] item: Leftovers
|-damage|p2a: Ferrothorn|44/100 brn|[from] brn
|upkeep
|turn|84
|
|t:|1667245958
|switch|p2a: Arceus|Arceus-Ground|71/100 brn
|-start|p1a: Ho-Oh|Dynamax|
|-heal|p1a: Ho-Oh|64/100|[silent]
|move|p1a: Ho-Oh|Max Airstream|p2a: Arceus
|-damage|p2a: Arceus|33/100 brn
|-boost|p1a: Ho-Oh|spe|1
|
|-damage|p2a: Arceus|27/100 brn|[from] brn
|upkeep
|turn|85
|inactive|Whitespaniard has 120 seconds left.
|
|t:|1667245981
|move|p1a: Ho-Oh|Max Airstream|p2a: Arceus
|-crit|p2a: Arceus
|-damage|p2a: Arceus|0 fnt
|-boost|p1a: Ho-Oh|spe|1
|faint|p2a: Arceus
|
|upkeep
|inactive|Whitespaniard has 120 seconds left.
|
|t:|1667245994
|switch|p2a: Ferrothorn|Ferrothorn, M|44/100 brn
|turn|86
|
|t:|1667245997
|move|p2a: Ferrothorn|Protect|p2a: Ferrothorn
|-singleturn|p2a: Ferrothorn|Protect
|move|p1a: Ho-Oh|Max Airstream|p2a: Ferrothorn
|-zbroken|p2a: Ferrothorn
|-damage|p2a: Ferrothorn|29/100 brn
|-boost|p1a: Ho-Oh|spe|1
|
|-heal|p2a: Ferrothorn|35/100 brn|[from] item: Leftovers
|-damage|p2a: Ferrothorn|29/100 brn|[from] brn
|upkeep
|-end|p1a: Ho-Oh|Dynamax
|-heal|p1a: Ho-Oh|64/100|[silent]
|turn|87
|
|t:|1667246006
|move|p1a: Ho-Oh|Brave Bird|p2a: Ferrothorn
|-damage|p2a: Ferrothorn|0 fnt
|-damage|p1a: Ho-Oh|51/100|[from] ability: Iron Barbs|[of] p2a: Ferrothorn
|faint|p2a: Ferrothorn
|-damage|p1a: Ho-Oh|43/100|[from] Recoil
|
|upkeep
|
|t:|1667246009
|switch|p2a: Ho-Oh|Ho-Oh|100/100 par
|turn|88
|
|t:|1667246013
|move|p1a: Ho-Oh|Brave Bird|p2a: Ho-Oh
|-damage|p2a: Ho-Oh|53/100 par
|-damage|p1a: Ho-Oh|28/100|[from] Recoil
|move|p2a: Ho-Oh|Sacred Fire|p1a: Ho-Oh
|-resisted|p1a: Ho-Oh
|-damage|p1a: Ho-Oh|9/100
|
|upkeep
|turn|89
|
|t:|1667246020
|switch|p1a: Arceus|Arceus-Fairy|69/100
|move|p2a: Ho-Oh|Toxic|p1a: Arceus
|-status|p1a: Arceus|tox
|
|-damage|p1a: Arceus|63/100 tox|[from] psn
|upkeep
|turn|90
|
|t:|1667246029
|switch|p1a: Ho-Oh|Ho-Oh|43/100
|switch|p2a: Mewtwo|Mewtwo|100/100
|-ability|p2a: Mewtwo|Pressure
|
|upkeep
|turn|91
|
|t:|1667246039
|move|p2a: Mewtwo|Nasty Plot|p2a: Mewtwo
|-boost|p2a: Mewtwo|spa|2
|move|p1a: Ho-Oh|Brave Bird|p2a: Mewtwo
|-damage|p2a: Mewtwo|25/100
|-damage|p1a: Ho-Oh|21/100|[from] Recoil
|
|upkeep
|turn|92
|
|t:|1667246042
|-start|p2a: Mewtwo|Dynamax|
|-heal|p2a: Mewtwo|25/100|[silent]
|move|p2a: Mewtwo|Max Mindstorm|p1a: Ho-Oh
|-damage|p1a: Ho-Oh|0 fnt
|-fieldstart|move: Psychic Terrain
|faint|p1a: Ho-Oh
|-damage|p2a: Mewtwo|20/100|[from] item: Life Orb
|
|upkeep
|
|t:|1667246049
|switch|p1a: Chansey|Chansey, F|13/100
|turn|93
|
|t:|1667246054
|move|p2a: Mewtwo|Max Flare|p1a: Chansey
|-damage|p1a: Chansey|0 fnt
|-weather|SunnyDay
|faint|p1a: Chansey
|-damage|p2a: Mewtwo|15/100|[from] item: Life Orb
|
|-weather|SunnyDay|[upkeep]
|upkeep
|
|t:|1667246057
|switch|p1a: Necrozma|Necrozma-Dusk-Mane|56/100
|turn|94
|
|t:|1667246061
|switch|p1a: Arceus|Arceus-Fairy|63/100 tox
|move|p2a: Mewtwo|Max Flare|p1a: Arceus
|-damage|p1a: Arceus|0 fnt
|faint|p1a: Arceus
|-damage|p2a: Mewtwo|10/100|[from] item: Life Orb
|
|-weather|SunnyDay|[upkeep]
|upkeep
|
|t:|1667246067
|switch|p1a: Zygarde|Zygarde-Complete|100/100
|-end|p2a: Mewtwo|Dynamax
|-heal|p2a: Mewtwo|10/100|[silent]
|turn|95
|
|t:|1667246076
|move|p2a: Mewtwo|Psystrike|p1a: Zygarde
|-damage|p1a: Zygarde|30/100
|-damage|p2a: Mewtwo|0 fnt|[from] item: Life Orb
|faint|p2a: Mewtwo
|move|p1a: Zygarde|Thousand Arrows|p2: Mewtwo|[notarget]
|-fail|p1a: Zygarde
|
|-weather|SunnyDay|[upkeep]
|upkeep
|j| Bionic Cloud
|
|t:|1667246079
|switch|p2a: Ho-Oh|Ho-Oh|87/100 par
|turn|96
|
|t:|1667246083
|move|p1a: Zygarde|Thousand Arrows|p2a: Ho-Oh
|-damage|p2a: Ho-Oh|66/100 par
|-start|p2a: Ho-Oh|Smack Down
|move|p2a: Ho-Oh|Sacred Fire|p1a: Zygarde
|-resisted|p1a: Zygarde
|-damage|p1a: Zygarde|20/100
|-status|p1a: Zygarde|brn
|
|-weather|SunnyDay|[upkeep]
|-damage|p1a: Zygarde|14/100 brn|[from] brn
|-fieldend|move: Psychic Terrain
|upkeep
|turn|97
|
|t:|1667246088
|move|p1a: Zygarde|Rest|p1a: Zygarde
|-status|p1a: Zygarde|slp|[from] move: Rest
|-heal|p1a: Zygarde|100/100 slp|[silent]
|move|p2a: Ho-Oh|Brave Bird|p1a: Zygarde
|-damage|p1a: Zygarde|84/100 slp
|-damage|p2a: Ho-Oh|58/100 par|[from] Recoil
|
|-weather|none
|upkeep
|turn|98
|
|t:|1667246091
|switch|p1a: Yveltal|Yveltal|94/100
|-ability|p1a: Yveltal|Dark Aura
|move|p2a: Ho-Oh|Sacred Fire|p1a: Yveltal
|-damage|p1a: Yveltal|65/100
|-status|p1a: Yveltal|brn
|
|-damage|p1a: Yveltal|59/100 brn|[from] brn
|upkeep
|turn|99
|
|t:|1667246095
|move|p1a: Yveltal|Foul Play|p2a: Ho-Oh
|-damage|p2a: Ho-Oh|41/100 par
|move|p2a: Ho-Oh|Brave Bird|p1a: Yveltal
|-damage|p1a: Yveltal|22/100 brn
|-damage|p2a: Ho-Oh|28/100 par|[from] Recoil
|
|-damage|p1a: Yveltal|16/100 brn|[from] brn
|upkeep
|turn|100
|l| Defensive0
|
|t:|1667246102
|move|p1a: Yveltal|Foul Play|p2a: Ho-Oh
|-damage|p2a: Ho-Oh|8/100 par
|move|p2a: Ho-Oh|Brave Bird|p1a: Yveltal
|-damage|p1a: Yveltal|0 fnt
|faint|p1a: Yveltal
|-damage|p2a: Ho-Oh|2/100 par|[from] Recoil
|
|upkeep
|
|t:|1667246108
|switch|p1a: Necrozma|Necrozma-Dusk-Mane|56/100
|turn|101
|c|☆Whitespaniard|gg
|
|t:|1667246112
|move|p1a: Necrozma|Knock Off|p2a: Ho-Oh
|-damage|p2a: Ho-Oh|0 fnt
|faint|p2a: Ho-Oh
|
|win|Tahz
|raw|Tahz's rating: 1719 &rarr; <strong>1743</strong><br />(+24 for winning)
|raw|Whitespaniard's rating: 1781 &rarr; <strong>1757</strong><br />(-24 for losing)
||Ladder isn't responding, score probably updated but might not have (Request timeout).
