|j|☆Jojoestar belmont
|j|☆Aloe Lumen
|t:|1657609571
|gametype|singles
|player|p1|Jojoestar belmont|waiter-gen4dp|1537
|player|p2|Aloe Lumen|clown|1560
|teamsize|p1|6
|teamsize|p2|6
|gen|8
|tier|[Gen 8] National Dex AG
|rated|
|rule|HP Percentage Mod: HP is shown in percentages
|rule|Endless Battle Clause: Forcing endless battles is banned
|clearpoke
|poke|p1|Marshadow|
|poke|p1|Cinderace, F|
|poke|p1|Ditto|
|poke|p1|Celesteela|
|poke|p1|Venusaur, M|
|poke|p1|Darmanitan-Galar, M|
|poke|p2|Ho-Oh|
|poke|p2|Chansey, F|
|poke|p2|Ditto|
|poke|p2|Necrozma-Dusk-Mane|
|poke|p2|Arceus-*|
|poke|p2|Gliscor, M|
|teampreview
|inactive|Battle timer is ON: inactive players will automatically lose when time's up. (requested by Aloe Lumen)
|
|t:|1657609583
|start
|switch|p1a: Darmanitan|Darmanitan-Galar, M|100/100
|switch|p2a: Necrozma|Necrozma-Dusk-Mane|100/100
|turn|1
|
|t:|1657609591
|move|p1a: Darmanitan|U-turn|p2a: Necrozma
|-damage|p2a: Necrozma|80/100
|-damage|p1a: Darmanitan|84/100|[from] item: Rocky Helmet|[of] p2a: Necrozma
|
|t:|1657609596
|switch|p1a: Cinderace|Cinderace, F|100/100|[from]move: U-turn
|move|p2a: Necrozma|Stealth Rock|p1a: Cinderace
|-sidestart|p1: Jojoestar belmont|move: Stealth Rock
|
|upkeep
|turn|2
|
|t:|1657609605
|switch|p2a: Ho-Oh|Ho-Oh|100/100
|move|p1a: Cinderace|Court Change|p1a: Cinderace
|-start|p1a: Cinderace|typechange|Normal|[from] ability: Libero
|-swapsideconditions
|-activate|p1a: Cinderace|move: Court Change
|
|upkeep
|turn|3
|
|t:|1657609617
|switch|p1a: Venusaur|Venusaur, M|100/100
|move|p2a: Ho-Oh|Defog|p1a: Venusaur
|-unboost|p1a: Venusaur|evasion|1
|-sideend|p2: Aloe Lumen|Stealth Rock|[from] move: Defog|[of] p2a: Ho-Oh
|
|upkeep
|turn|4
|
|t:|1657609625
|detailschange|p1a: Venusaur|Venusaur-Mega, M
|-mega|p1a: Venusaur|Venusaur|Venusaurite
|move|p1a: Venusaur|Toxic|p2a: Ho-Oh
|-status|p2a: Ho-Oh|tox
|move|p2a: Ho-Oh|Sacred Fire|p1a: Venusaur
|-supereffective|p1a: Venusaur
|-damage|p1a: Venusaur|57/100
|-status|p1a: Venusaur|brn
|
|-damage|p2a: Ho-Oh|94/100 tox|[from] psn
|-damage|p1a: Venusaur|51/100 brn|[from] brn
|upkeep
|turn|5
|j| rahull
|
|t:|1657609638
|switch|p2a: Chansey|Chansey, F|100/100
|move|p1a: Venusaur|Synthesis|p1a: Venusaur
|-heal|p1a: Venusaur|100/100 brn
|
|-damage|p1a: Venusaur|95/100 brn|[from] brn
|upkeep
|turn|6
|
|t:|1657609649
|switch|p1a: Cinderace|Cinderace, F|100/100
|move|p2a: Chansey|Heal Bell|p2a: Chansey
|-activate|p2a: Chansey|move: Heal Bell
|-curestatus|p2: Ho-Oh|tox|[msg]
|
|upkeep
|turn|7
|
|t:|1657609657
|switch|p2a: Gliscor|Gliscor, M|100/100
|move|p1a: Cinderace|Low Kick|p2a: Gliscor
|-start|p1a: Cinderace|typechange|Fighting|[from] ability: Libero
|-resisted|p2a: Gliscor
|-damage|p2a: Gliscor|89/100
|
|-status|p2a: Gliscor|tox|[from] item: Toxic Orb
|upkeep
|turn|8
|
|t:|1657609668
|switch|p1a: Celesteela|Celesteela|100/100
|move|p2a: Gliscor|Sand Tomb|p1a: Celesteela
|-immune|p1a: Celesteela
|
|-heal|p2a: Gliscor|100/100 tox|[from] ability: Poison Heal
|upkeep
|turn|9
|
|t:|1657609677
|move|p2a: Gliscor|Guillotine|p1a: Celesteela|[miss]
|-miss|p2a: Gliscor|p1a: Celesteela
|move|p1a: Celesteela|Leech Seed|p2a: Gliscor
|-start|p2a: Gliscor|move: Leech Seed
|
|-damage|p2a: Gliscor|88/100 tox|[from] Leech Seed|[of] p1a: Celesteela
|-heal|p2a: Gliscor|100/100 tox|[from] ability: Poison Heal
|upkeep
|turn|10
|
|t:|1657609687
|move|p1a: Celesteela|Protect|p1a: Celesteela
|-singleturn|p1a: Celesteela|Protect
|move|p2a: Gliscor|Guillotine|p1a: Celesteela
|-activate|p1a: Celesteela|move: Protect
|
|-damage|p2a: Gliscor|88/100 tox|[from] Leech Seed|[of] p1a: Celesteela
|-heal|p2a: Gliscor|100/100 tox|[from] ability: Poison Heal
|upkeep
|turn|11
|
|t:|1657609712
|switch|p1a: Marshadow|Marshadow|100/100
|move|p2a: Gliscor|Guillotine|p1a: Marshadow
|-immune|p1a: Marshadow
|
|-damage|p2a: Gliscor|88/100 tox|[from] Leech Seed|[of] p1a: Marshadow
|-heal|p2a: Gliscor|100/100 tox|[from] ability: Poison Heal
|upkeep
|turn|12
|inactive|Jojoestar belmont has 120 seconds left.
|
|t:|1657609727
|switch|p2a: Arceus|Arceus-Ground|100/100
|move|p1a: Marshadow|Spectral Thief|p2a: Arceus
|-damage|p2a: Arceus|78/100
|
|upkeep
|turn|13
|
|t:|1657609737
|switch|p1a: Celesteela|Celesteela|100/100
|move|p2a: Arceus|Ice Beam|p1a: Celesteela
|-damage|p1a: Celesteela|79/100
|
|-heal|p1a: Celesteela|85/100|[from] item: Leftovers
|upkeep
|turn|14
|
|t:|1657609745
|move|p2a: Arceus|Ice Beam|p1a: Celesteela
|-damage|p1a: Celesteela|64/100
|move|p1a: Celesteela|Leech Seed|p2a: Arceus
|-start|p2a: Arceus|move: Leech Seed
|
|-heal|p1a: Celesteela|70/100|[from] item: Leftovers
|-damage|p2a: Arceus|65/100|[from] Leech Seed|[of] p1a: Celesteela
|-heal|p1a: Celesteela|84/100|[silent]
|upkeep
|turn|15
|
|t:|1657609755
|move|p2a: Arceus|Recover|p2a: Arceus
|-heal|p2a: Arceus|100/100
|move|p1a: Celesteela|Air Slash|p2a: Arceus
|-damage|p2a: Arceus|81/100
|
|-heal|p1a: Celesteela|90/100|[from] item: Leftovers
|-damage|p2a: Arceus|69/100|[from] Leech Seed|[of] p1a: Celesteela
|-heal|p1a: Celesteela|100/100|[silent]
|upkeep
|turn|16
|
|t:|1657609766
|switch|p2a: Necrozma|Necrozma-Dusk-Mane|80/100
|move|p1a: Celesteela|Air Slash|p2a: Necrozma
|-resisted|p2a: Necrozma
|-damage|p2a: Necrozma|69/100
|
|upkeep
|turn|17
|
|t:|1657609772
|move|p2a: Necrozma|Knock Off|p1a: Celesteela
|-damage|p1a: Celesteela|80/100
|-enditem|p1a: Celesteela|Leftovers|[from] move: Knock Off|[of] p2a: Necrozma
|move|p1a: Celesteela|Flamethrower|p2a: Necrozma
|-supereffective|p2a: Necrozma
|-damage|p2a: Necrozma|44/100
|-status|p2a: Necrozma|brn
|
|-damage|p2a: Necrozma|38/100 brn|[from] brn
|upkeep
|turn|18
|
|t:|1657609784
|move|p2a: Necrozma|Morning Sun|p2a: Necrozma
|-heal|p2a: Necrozma|88/100 brn
|move|p1a: Celesteela|Leech Seed|p2a: Necrozma
|-start|p2a: Necrozma|move: Leech Seed
|
|-damage|p2a: Necrozma|75/100 brn|[from] Leech Seed|[of] p1a: Celesteela
|-heal|p1a: Celesteela|93/100|[silent]
|-damage|p2a: Necrozma|69/100 brn|[from] brn
|upkeep
|turn|19
|
|t:|1657609794
|switch|p2a: Ho-Oh|Ho-Oh|100/100
|move|p1a: Celesteela|Flamethrower|p2a: Ho-Oh
|-resisted|p2a: Ho-Oh
|-damage|p2a: Ho-Oh|94/100
|
|upkeep
|turn|20
|
|t:|1657609804
|switch|p1a: Venusaur|Venusaur-Mega, M|95/100 brn
|move|p2a: Ho-Oh|Whirlwind|p1a: Venusaur
|drag|p1a: Marshadow|Marshadow|100/100
|
|upkeep
|turn|21
|
|t:|1657609811
|switch|p1a: Venusaur|Venusaur-Mega, M|95/100 brn
|move|p2a: Ho-Oh|Toxic||[still]
|-fail|p2a: Ho-Oh
|
|-damage|p1a: Venusaur|89/100 brn|[from] brn
|upkeep
|turn|22
|
|t:|1657609819
|move|p1a: Venusaur|Synthesis|p1a: Venusaur
|-heal|p1a: Venusaur|100/100 brn
|move|p2a: Ho-Oh|Sacred Fire|p1a: Venusaur
|-supereffective|p1a: Venusaur
|-damage|p1a: Venusaur|59/100 brn
|
|-damage|p1a: Venusaur|53/100 brn|[from] brn
|upkeep
|turn|23
|
|t:|1657609829
|move|p1a: Venusaur|Synthesis|p1a: Venusaur
|-heal|p1a: Venusaur|100/100 brn
|move|p2a: Ho-Oh|Whirlwind|p1a: Venusaur
|drag|p1a: Cinderace|Cinderace, F|100/100
|
|upkeep
|turn|24
|
|t:|1657609839
|switch|p1a: Venusaur|Venusaur-Mega, M|100/100 brn
|move|p2a: Ho-Oh|Toxic|p1a: Venusaur|[miss]
|-miss|p2a: Ho-Oh|p1a: Venusaur
|
|-damage|p1a: Venusaur|95/100 brn|[from] brn
|upkeep
|turn|25
|
|t:|1657609847
|move|p1a: Venusaur|Toxic|p2a: Ho-Oh
|-status|p2a: Ho-Oh|tox
|move|p2a: Ho-Oh|Whirlwind|p1a: Venusaur
|drag|p1a: Ditto|Ditto|100/100
|-transform|p1a: Ditto|p2a: Ho-Oh|[from] ability: Imposter
|
|-damage|p2a: Ho-Oh|88/100 tox|[from] psn
|upkeep
|turn|26
|
|t:|1657609859
|move|p2a: Ho-Oh|Sacred Fire|p1a: Ditto
|-resisted|p1a: Ditto
|-crit|p1a: Ditto
|-damage|p1a: Ditto|71/100
|move|p1a: Ditto|Whirlwind|p2a: Ho-Oh
|drag|p2a: Chansey|Chansey, F|100/100
|
|upkeep
|turn|27
|
|t:|1657609870
|move|p2a: Chansey|Heal Bell|p2a: Chansey
|-activate|p2a: Chansey|move: Heal Bell
|-curestatus|p2: Necrozma|brn|[msg]
|-curestatus|p2: Gliscor|tox|[msg]
|-curestatus|p2: Ho-Oh|tox|[msg]
|move|p1a: Ditto|Whirlwind|p2a: Chansey
|drag|p2a: Gliscor|Gliscor, M|100/100
|
|-status|p2a: Gliscor|tox|[from] item: Toxic Orb
|upkeep
|turn|28
|
|t:|1657609887
|switch|p1a: Celesteela|Celesteela|93/100
|move|p2a: Gliscor|Sand Tomb|p1a: Celesteela
|-immune|p1a: Celesteela
|
|upkeep
|turn|29
|
|t:|1657609893
|move|p2a: Gliscor|Sand Tomb|p1a: Celesteela
|-immune|p1a: Celesteela
|move|p1a: Celesteela|Leech Seed|p2a: Gliscor
|-start|p2a: Gliscor|move: Leech Seed
|
|-damage|p2a: Gliscor|88/100 tox|[from] Leech Seed|[of] p1a: Celesteela
|-heal|p1a: Celesteela|100/100|[silent]
|-heal|p2a: Gliscor|100/100 tox|[from] ability: Poison Heal
|upkeep
|turn|30
|
|t:|1657609903
|move|p2a: Gliscor|Sand Tomb|p1a: Celesteela
|-immune|p1a: Celesteela
|move|p1a: Celesteela|Flamethrower|p2a: Gliscor
|-damage|p2a: Gliscor|83/100 tox
|
|-damage|p2a: Gliscor|70/100 tox|[from] Leech Seed|[of] p1a: Celesteela
|-heal|p2a: Gliscor|83/100 tox|[from] ability: Poison Heal
|upkeep
|turn|31
|
|t:|1657609912
|move|p2a: Gliscor|Guillotine|p1a: Celesteela|[miss]
|-miss|p2a: Gliscor|p1a: Celesteela
|move|p1a: Celesteela|Air Slash|p2a: Gliscor
|-damage|p2a: Gliscor|61/100 tox
|
|-damage|p2a: Gliscor|49/100 tox|[from] Leech Seed|[of] p1a: Celesteela
|-heal|p2a: Gliscor|61/100 tox|[from] ability: Poison Heal
|upkeep
|turn|32
|
|t:|1657609923
|move|p2a: Gliscor|Roost|p2a: Gliscor
|-heal|p2a: Gliscor|100/100 tox
|-singleturn|p2a: Gliscor|move: Roost
|move|p1a: Celesteela|Flamethrower|p2a: Gliscor
|-damage|p2a: Gliscor|83/100 tox
|
|-damage|p2a: Gliscor|71/100 tox|[from] Leech Seed|[of] p1a: Celesteela
|-heal|p2a: Gliscor|83/100 tox|[from] ability: Poison Heal
|upkeep
|turn|33
|
|t:|1657609935
|switch|p1a: Darmanitan|Darmanitan-Galar, M|84/100
|move|p2a: Gliscor|Guillotine|p1a: Darmanitan|[miss]
|-miss|p2a: Gliscor|p1a: Darmanitan
|
|-damage|p2a: Gliscor|71/100 tox|[from] Leech Seed|[of] p1a: Darmanitan
|-heal|p1a: Darmanitan|97/100|[silent]
|-heal|p2a: Gliscor|83/100 tox|[from] ability: Poison Heal
|upkeep
|turn|34
|
|t:|1657609946
|switch|p2a: Necrozma|Necrozma-Dusk-Mane|69/100
|move|p1a: Darmanitan|Earthquake|p2a: Necrozma
|-supereffective|p2a: Necrozma
|-damage|p2a: Necrozma|29/100
|
|upkeep
|turn|35
|
|t:|1657609958
|switch|p2a: Ho-Oh|Ho-Oh|100/100
|-start|p1a: Darmanitan|Dynamax|
|-heal|p1a: Darmanitan|97/100|[silent]
|move|p1a: Darmanitan|Max Rockfall|p2a: Ho-Oh
|-supereffective|p2a: Ho-Oh
|-damage|p2a: Ho-Oh|0 fnt
|-weather|Sandstorm
|faint|p2a: Ho-Oh
|
|-weather|Sandstorm|[upkeep]
|-damage|p1a: Darmanitan|94/100|[from] Sandstorm
|upkeep
|-message|Aloe Lumen forfeited.
|
|win|Jojoestar belmont
|raw|Jojoestar belmont's rating: 1537 &rarr; <strong>1558</strong><br />(+21 for winning)
|raw|Aloe Lumen's rating: 1560 &rarr; <strong>1539</strong><br />(-21 for losing)
|l|☆Aloe Lumen
