|j|☆ChunkyRat
|j|☆Kabia San
|t:|1640451626
|gametype|singles
|player|p1|ChunkyRat|schoolkidf|1727
|player|p2|Kabia San|psychic-gen4|1766
|teamsize|p1|6
|teamsize|p2|6
|gen|8
|tier|[Gen 8] National Dex AG
|rated|
|rule|HP Percentage Mod: HP is shown in percentages
|rule|Endless Battle Clause: Forcing endless battles is banned
|clearpoke
|poke|p1|Rayquaza|
|poke|p1|Lugia|
|poke|p1|Arceus-*|
|poke|p1|Calyrex-Shadow|
|poke|p1|Groudon|
|poke|p1|Arceus-*|
|poke|p2|Xerneas-*|
|poke|p2|Volcanion|
|poke|p2|Necrozma-Dusk-Mane|
|poke|p2|Yveltal|
|poke|p2|Zygarde|
|poke|p2|Lopunny, F|
|teampreview
|inactive|Battle timer is ON: inactive players will automatically lose when time's up. (requested by Kabia San)
|
|t:|1640451639
|start
|switch|p1a: Rayquaza|Rayquaza|100/100
|switch|p2a: Fire|Volcanion|100/100
|-ability|p1a: Rayquaza|Air Lock
|turn|1
|
|t:|1640451646
|detailschange|p1a: Rayquaza|Rayquaza-Mega
|-mega|p1a: Rayquaza|Rayquaza|
|-weather|DeltaStream|[from] ability: Delta Stream|[of] p1a: Rayquaza
|move|p1a: Rayquaza|Scale Shot|p2a: Fire
|-damage|p2a: Fire|83/100
|-damage|p2a: Fire|65/100
|-damage|p2a: Fire|46/100
|-crit|p2a: Fire
|-damage|p2a: Fire|18/100
|-damage|p2a: Fire|0 fnt
|faint|p2a: Fire
|-hitcount|p2: Fire|5
|-unboost|p1a: Rayquaza|def|1
|-boost|p1a: Rayquaza|spe|1
|
|-weather|DeltaStream|[upkeep]
|upkeep
|
|t:|1640451659
|switch|p2a: Dragon|Zygarde|100/100
|turn|2
|
|t:|1640451661
|move|p1a: Rayquaza|Scale Shot|p2a: Dragon
|-supereffective|p2a: Dragon
|-damage|p2a: Dragon|70/100
|-supereffective|p2a: Dragon
|-damage|p2a: Dragon|39/100
|-hitcount|p2a: Dragon|2
|-unboost|p1a: Rayquaza|def|1
|-boost|p1a: Rayquaza|spe|1
|move|p2a: Dragon|Breaking Swipe|p1a: Rayquaza
|-supereffective|p1a: Rayquaza
|-damage|p1a: Rayquaza|3/100
|-unboost|p1a: Rayquaza|atk|1
|
|-weather|DeltaStream|[upkeep]
|-activate|p2a: Dragon|ability: Power Construct
|detailschange|p2a: Dragon|Zygarde-Complete
|-heal|p2a: Dragon|62/100|[silent]
|upkeep
|turn|3
|
|t:|1640451669
|move|p2a: Dragon|Extreme Speed|p1a: Rayquaza
|-damage|p1a: Rayquaza|0 fnt
|faint|p1a: Rayquaza
|-weather|none
|
|upkeep
|
|t:|1640451673
|switch|p1a: Groudon|Groudon|100/100
|detailschange|p1a: Groudon|Groudon-Primal
|-primal|p1a: Groudon
|-weather|DesolateLand|[from] ability: Desolate Land|[of] p1a: Groudon
|turn|4
|
|t:|1640451676
|move|p1a: Groudon|Toxic|p2a: Dragon
|-status|p2a: Dragon|tox
|move|p2a: Dragon|Thousand Arrows|p1a: Groudon
|-supereffective|p1a: Groudon
|-damage|p1a: Groudon|46/100
|
|-weather|DesolateLand|[upkeep]
|-damage|p2a: Dragon|56/100 tox|[from] psn
|upkeep
|turn|5
|
|t:|1640451682
|move|p1a: Groudon|Stealth Rock|p2a: Dragon
|-sidestart|p2: Kabia San|move: Stealth Rock
|move|p2a: Dragon|Dragon Dance|p2a: Dragon
|-boost|p2a: Dragon|atk|1
|-boost|p2a: Dragon|spe|1
|
|-weather|DesolateLand|[upkeep]
|-damage|p2a: Dragon|44/100 tox|[from] psn
|upkeep
|turn|6
|
|t:|1640451684
|move|p2a: Dragon|Thousand Arrows|p1a: Groudon
|-supereffective|p1a: Groudon
|-damage|p1a: Groudon|0 fnt
|faint|p1a: Groudon
|-weather|none
|
|-damage|p2a: Dragon|26/100 tox|[from] psn
|upkeep
|
|t:|1640451690
|switch|p1a: Lugia|Lugia|100/100
|turn|7
|
|t:|1640451692
|move|p2a: Dragon|Thousand Arrows|p1a: Lugia
|-damage|p1a: Lugia|86/100
|-start|p1a: Lugia|Smack Down
|move|p1a: Lugia|Roost|p1a: Lugia
|-heal|p1a: Lugia|100/100
|-singleturn|p1a: Lugia|move: Roost
|
|-damage|p2a: Dragon|1/100 tox|[from] psn
|upkeep
|turn|8
|
|t:|1640451696
|move|p2a: Dragon|Thousand Arrows|p1a: Lugia
|-damage|p1a: Lugia|85/100
|move|p1a: Lugia|Roost|p1a: Lugia
|-heal|p1a: Lugia|100/100
|-singleturn|p1a: Lugia|move: Roost
|
|-damage|p2a: Dragon|0 fnt|[from] psn
|faint|p2a: Dragon
|upkeep
|
|t:|1640451699
|switch|p2a: Dark|Yveltal, shiny|100/100
|-ability|p2a: Dark|Dark Aura
|turn|9
|
|t:|1640451701
|move|p2a: Dark|Defog|p1a: Lugia
|-unboost|p1a: Lugia|evasion|1
|-sideend|p2: Kabia San|Stealth Rock|[from] move: Defog|[of] p2a: Dark
|move|p1a: Lugia|Thunder Wave|p2a: Dark
|-status|p2a: Dark|par
|
|upkeep
|turn|10
|
|t:|1640451706
|switch|p1a: Arceus|Arceus-Ground|100/100
|move|p2a: Dark|Knock Off|p1a: Arceus
|-damage|p1a: Arceus|77/100
|
|upkeep
|turn|11
|
|t:|1640451713
|switch|p2a: Normal|Lopunny, F|100/100
|move|p1a: Arceus|Calm Mind|p1a: Arceus
|-boost|p1a: Arceus|spa|1
|-boost|p1a: Arceus|spd|1
|
|upkeep
|turn|12
|
|t:|1640451717
|detailschange|p2a: Normal|Lopunny-Mega, F
|-mega|p2a: Normal|Lopunny|Lopunnite
|move|p2a: Normal|Fake Out|p1a: Arceus
|-damage|p1a: Arceus|65/100
|cant|p1a: Arceus|flinch
|
|upkeep
|turn|13
|
|t:|1640451721
|move|p2a: Normal|Return|p1a: Arceus
|-damage|p1a: Arceus|38/100
|move|p1a: Arceus|Recover|p1a: Arceus
|-heal|p1a: Arceus|88/100
|
|upkeep
|turn|14
|
|t:|1640451726
|move|p2a: Normal|Return|p1a: Arceus
|-damage|p1a: Arceus|62/100
|move|p1a: Arceus|Recover|p1a: Arceus
|-heal|p1a: Arceus|100/100
|
|upkeep
|turn|15
|
|t:|1640451728
|move|p2a: Normal|Return|p1a: Arceus
|-damage|p1a: Arceus|75/100
|move|p1a: Arceus|Calm Mind|p1a: Arceus
|-boost|p1a: Arceus|spa|1
|-boost|p1a: Arceus|spd|1
|
|upkeep
|turn|16
|
|t:|1640451731
|move|p2a: Normal|Power-Up Punch|p1a: Arceus
|-damage|p1a: Arceus|64/100
|-boost|p2a: Normal|atk|1
|move|p1a: Arceus|Recover|p1a: Arceus
|-heal|p1a: Arceus|100/100
|
|upkeep
|turn|17
|
|t:|1640451733
|move|p2a: Normal|Return|p1a: Arceus
|-damage|p1a: Arceus|57/100
|move|p1a: Arceus|Judgment|p2a: Normal
|-crit|p2a: Normal
|-damage|p2a: Normal|0 fnt
|faint|p2a: Normal
|
|upkeep
|
|t:|1640451737
|switch|p2a: Fairy|Xerneas|100/100
|-ability|p2a: Fairy|Fairy Aura
|turn|18
|
|t:|1640451741
|-start|p2a: Fairy|Dynamax
|-heal|p2a: Fairy|100/100|[silent]
|move|p2a: Fairy|Max Starfall|p1a: Arceus
|-damage|p1a: Arceus|29/100
|-fieldstart|move: Misty Terrain
|move|p1a: Arceus|Calm Mind|p1a: Arceus
|-boost|p1a: Arceus|spa|1
|-boost|p1a: Arceus|spd|1
|
|upkeep
|turn|19
|
|t:|1640451744
|move|p2a: Fairy|Max Starfall|p1a: Arceus
|-damage|p1a: Arceus|4/100
|move|p1a: Arceus|Recover|p1a: Arceus
|-heal|p1a: Arceus|54/100
|
|upkeep
|turn|20
|
|t:|1640451748
|move|p2a: Fairy|Max Starfall|p1a: Arceus
|-damage|p1a: Arceus|31/100
|move|p1a: Arceus|Recover|p1a: Arceus
|-heal|p1a: Arceus|81/100
|
|-end|p2a: Fairy|Dynamax
|-heal|p2a: Fairy|100/100|[silent]
|upkeep
|turn|21
|
|t:|1640451751
|move|p2a: Fairy|Geomancy||[still]
|-prepare|p2a: Fairy|Geomancy
|-enditem|p2a: Fairy|Power Herb
|-anim|p2a: Fairy|Geomancy|p2a: Fairy
|-boost|p2a: Fairy|spa|2
|-boost|p2a: Fairy|spd|2
|-boost|p2a: Fairy|spe|2
|move|p1a: Arceus|Calm Mind|p1a: Arceus
|-boost|p1a: Arceus|spa|1
|-boost|p1a: Arceus|spd|1
|
|upkeep
|turn|22
|
|t:|1640451753
|move|p2a: Fairy|Moonblast|p1a: Arceus
|-damage|p1a: Arceus|50/100
|-unboost|p1a: Arceus|spa|1
|move|p1a: Arceus|Recover|p1a: Arceus
|-heal|p1a: Arceus|99/100
|
|-fieldend|Misty Terrain
|upkeep
|turn|23
|
|t:|1640451755
|move|p2a: Fairy|Moonblast|p1a: Arceus
|-damage|p1a: Arceus|69/100
|-unboost|p1a: Arceus|spa|1
|move|p1a: Arceus|Calm Mind|p1a: Arceus
|-boost|p1a: Arceus|spa|1
|-boost|p1a: Arceus|spd|1
|
|upkeep
|turn|24
|
|t:|1640451757
|move|p2a: Fairy|Geomancy||[still]
|-prepare|p2a: Fairy|Geomancy
|move|p1a: Arceus|Calm Mind|p1a: Arceus
|-boost|p1a: Arceus|spa|1
|-boost|p1a: Arceus|spd|1
|
|upkeep
|turn|25
|
|t:|1640451760
|move|p2a: Fairy|Geomancy|p2a: Fairy|[from]lockedmove
|-boost|p2a: Fairy|spa|2
|-boost|p2a: Fairy|spd|2
|-boost|p2a: Fairy|spe|2
|move|p1a: Arceus|Calm Mind|p1a: Arceus
|-boost|p1a: Arceus|spa|1
|-boost|p1a: Arceus|spd|0
|
|upkeep
|turn|26
|
|t:|1640451763
|move|p2a: Fairy|Geomancy||[still]
|-prepare|p2a: Fairy|Geomancy
|move|p1a: Arceus|Calm Mind|p1a: Arceus
|-boost|p1a: Arceus|spa|1
|-boost|p1a: Arceus|spd|0
|
|upkeep
|turn|27
|
|t:|1640451765
|move|p2a: Fairy|Geomancy|p2a: Fairy|[from]lockedmove
|-boost|p2a: Fairy|spa|2
|-boost|p2a: Fairy|spd|2
|-boost|p2a: Fairy|spe|2
|move|p1a: Arceus|Judgment|p2a: Fairy
|-damage|p2a: Fairy|59/100
|
|upkeep
|turn|28
|
|t:|1640451769
|move|p2a: Fairy|Moonblast|p1a: Arceus
|-damage|p1a: Arceus|27/100
|move|p1a: Arceus|Recover|p1a: Arceus
|-heal|p1a: Arceus|77/100
|
|upkeep
|turn|29
|
|t:|1640451771
|move|p2a: Fairy|Moonblast|p1a: Arceus
|-damage|p1a: Arceus|31/100
|-unboost|p1a: Arceus|spa|1
|move|p1a: Arceus|Judgment|p2a: Fairy
|-damage|p2a: Fairy|23/100
|
|upkeep
|turn|30
|
|t:|1640451773
|move|p2a: Fairy|Moonblast|p1a: Arceus
|-damage|p1a: Arceus|0 fnt
|faint|p1a: Arceus
|
|upkeep
|
|t:|1640451776
|switch|p1a: Lugia|Lugia|100/100
|turn|31
|
|t:|1640451779
|move|p2a: Fairy|Ingrain|p2a: Fairy
|-start|p2a: Fairy|move: Ingrain
|move|p1a: Lugia|Roar|p2a: Fairy
|-activate|p2a: Fairy|move: Ingrain
|
|-heal|p2a: Fairy|29/100|[from] Ingrain
|upkeep
|turn|32
|
|t:|1640451784
|move|p2a: Fairy|Thunderbolt|p1a: Lugia
|-supereffective|p1a: Lugia
|-damage|p1a: Lugia|33/100
|move|p1a: Lugia|Thunder Wave|p2a: Fairy
|-status|p2a: Fairy|par
|
|-heal|p2a: Fairy|35/100 par|[from] Ingrain
|upkeep
|turn|33
|
|t:|1640451788
|move|p2a: Fairy|Thunderbolt|p1a: Lugia
|-supereffective|p1a: Lugia
|-damage|p1a: Lugia|0 fnt
|faint|p1a: Lugia
|
|-heal|p2a: Fairy|41/100 par|[from] Ingrain
|upkeep
|
|t:|1640451789
|switch|p1a: Calyrex|Calyrex-Shadow|100/100
|-ability|p1a: Calyrex|As One
|-ability|p1a: Calyrex|Unnerve
|turn|34
|
|t:|1640451792
|move|p2a: Fairy|Moonblast|p1a: Calyrex
|-enditem|p1a: Calyrex|Focus Sash
|-damage|p1a: Calyrex|1/100
|-unboost|p1a: Calyrex|spa|1
|move|p1a: Calyrex|Astral Barrage|p2a: Fairy
|-damage|p2a: Fairy|29/100 par
|
|-heal|p2a: Fairy|35/100 par|[from] Ingrain
|upkeep
|turn|35
|
|t:|1640451795
|move|p2a: Fairy|Moonblast|p1a: Calyrex
|-crit|p1a: Calyrex
|-damage|p1a: Calyrex|0 fnt
|faint|p1a: Calyrex
|
|-heal|p2a: Fairy|41/100 par|[from] Ingrain
|upkeep
|
|t:|1640451796
|switch|p1a: Arceus|Arceus-Flying|100/100
|turn|36
|
|t:|1640451798
|-start|p1a: Arceus|Dynamax
|-heal|p1a: Arceus|100/100|[silent]
|cant|p2a: Fairy|par
|move|p1a: Arceus|Max Airstream|p2a: Fairy
|-damage|p2a: Fairy|0 fnt
|-boost|p1a: Arceus|spe|1
|faint|p2a: Fairy
|
|upkeep
|c|☆ChunkyRat|gg
|
|t:|1640451804
|switch|p2a: Dark|Yveltal, shiny|100/100 par
|-ability|p2a: Dark|Dark Aura
|turn|37
|
|t:|1640451810
|move|p1a: Arceus|Max Airstream|p2a: Dark
|-damage|p2a: Dark|27/100 par
|-boost|p1a: Arceus|spe|1
|cant|p2a: Dark|par
|
|upkeep
|turn|38
|
|t:|1640451819
|move|p2a: Dark|Sucker Punch|p1a: Arceus
|-damage|p1a: Arceus|83/100
|move|p1a: Arceus|Max Airstream|p2a: Dark
|-damage|p2a: Dark|0 fnt
|-boost|p1a: Arceus|spe|1
|faint|p2a: Dark
|
|-end|p1a: Arceus|Dynamax
|-heal|p1a: Arceus|83/100|[silent]
|upkeep
|
|t:|1640451825
|switch|p2a: Steel|Necrozma-Dusk-Mane|100/100
|turn|39
|
|t:|1640451827
|move|p1a: Arceus|Swords Dance|p1a: Arceus
|-boost|p1a: Arceus|atk|2
|move|p2a: Steel|Dragon Dance|p2a: Steel
|-boost|p2a: Steel|atk|1
|-boost|p2a: Steel|spe|1
|
|upkeep
|turn|40
|
|t:|1640451829
|move|p1a: Arceus|Earthquake|p2a: Steel
|-supereffective|p2a: Steel
|-damage|p2a: Steel|3/100
|-enditem|p2a: Steel|Weakness Policy
|-boost|p2a: Steel|atk|2|[from] item: Weakness Policy
|-boost|p2a: Steel|spa|2|[from] item: Weakness Policy
|move|p2a: Steel|Sunsteel Strike|p1a: Arceus
|-damage|p1a: Arceus|0 fnt
|faint|p1a: Arceus
|
|win|Kabia San
|raw|ChunkyRat's rating: 1727 &rarr; <strong>1709</strong><br />(-18 for losing)
|raw|Kabia San's rating: 1766 &rarr; <strong>1784</strong><br />(+18 for winning)
|l|☆ChunkyRat
|c|☆Kabia San|Yeah gg
