|j|☆Lasombralegendaria
|j|☆FenixFyre04
|t:|1650266994
|gametype|singles
|player|p1|Lasombralegendaria|koga-lgpe|1868
|player|p2|FenixFyre04|benga|1946
|teamsize|p1|6
|teamsize|p2|6
|gen|8
|tier|[Gen 8] National Dex AG
|rated|
|rule|HP Percentage Mod: HP is shown in percentages
|rule|Endless Battle Clause: Forcing endless battles is banned
|clearpoke
|poke|p1|Necrozma-Dusk-Mane|
|poke|p1|Eternatus|
|poke|p1|Arceus-*|
|poke|p1|Ho-Oh|
|poke|p1|Calyrex-Shadow|
|poke|p1|Arceus-*|
|poke|p2|Tyranitar, M|
|poke|p2|Zacian-*|
|poke|p2|Ho-Oh|
|poke|p2|Necrozma-Dusk-Mane|
|poke|p2|Rayquaza|
|poke|p2|Calyrex-Shadow|
|teampreview
|inactive|Battle timer is ON: inactive players will automatically lose when time's up. (requested by FenixFyre04)
|inactive|FenixFyre04 has 120 seconds left.
|
|t:|1650267051
|start
|switch|p1a: Arceus|Arceus-Fairy|100/100
|switch|p2a: Rayquaza|Rayquaza|100/100
|-ability|p2a: Rayquaza|Air Lock
|turn|1
|
|t:|1650267057
|switch|p2a: Necrozma|Necrozma-Dusk-Mane|100/100
|move|p1a: Arceus|Will-O-Wisp|p2a: Necrozma
|-status|p2a: Necrozma|brn
|
|-damage|p2a: Necrozma|94/100 brn|[from] brn
|upkeep
|turn|2
|
|t:|1650267083
|switch|p1a: Ho-Oh|Ho-Oh|100/100
|move|p2a: Necrozma|Stealth Rock|p1a: Ho-Oh
|-sidestart|p1: Lasombralegendaria|move: Stealth Rock
|
|-damage|p2a: Necrozma|88/100 brn|[from] brn
|upkeep
|turn|3
|
|t:|1650267086
|move|p1a: Ho-Oh|Defog|p2a: Necrozma
|-unboost|p2a: Necrozma|evasion|1
|-sideend|p1: Lasombralegendaria|Stealth Rock|[from] move: Defog|[of] p1a: Ho-Oh
|move|p2a: Necrozma|Knock Off|p1a: Ho-Oh
|-damage|p1a: Ho-Oh|90/100
|-enditem|p1a: Ho-Oh|Heavy-Duty Boots|[from] move: Knock Off|[of] p2a: Necrozma
|
|-damage|p2a: Necrozma|82/100 brn|[from] brn
|upkeep
|turn|4
|
|t:|1650267091
|move|p1a: Ho-Oh|Sacred Fire|p2a: Necrozma
|-supereffective|p2a: Necrozma
|-damage|p2a: Necrozma|47/100 brn
|move|p2a: Necrozma|Stealth Rock|p1a: Ho-Oh
|-sidestart|p1: Lasombralegendaria|move: Stealth Rock
|
|-damage|p2a: Necrozma|41/100 brn|[from] brn
|upkeep
|turn|5
|
|t:|1650267102
|switch|p2a: Rayquaza|Rayquaza|100/100
|-ability|p2a: Rayquaza|Air Lock
|move|p1a: Ho-Oh|Defog|p2a: Rayquaza
|-unboost|p2a: Rayquaza|evasion|1
|-sideend|p1: Lasombralegendaria|Stealth Rock|[from] move: Defog|[of] p1a: Ho-Oh
|
|upkeep
|turn|6
|
|t:|1650267107
|detailschange|p2a: Rayquaza|Rayquaza-Mega
|-mega|p2a: Rayquaza|Rayquaza|
|-weather|DeltaStream|[from] ability: Delta Stream|[of] p2a: Rayquaza
|move|p2a: Rayquaza|V-create|p1a: Ho-Oh
|-resisted|p1a: Ho-Oh
|-damage|p1a: Ho-Oh|43/100
|-unboost|p2a: Rayquaza|spe|1
|-unboost|p2a: Rayquaza|def|1
|-unboost|p2a: Rayquaza|spd|1
|move|p1a: Ho-Oh|Sacred Fire|p2a: Rayquaza
|-resisted|p2a: Rayquaza
|-damage|p2a: Rayquaza|68/100
|
|-weather|DeltaStream|[upkeep]
|upkeep
|turn|7
|j| your pretty sus
|j| M0nsh1
|
|t:|1650267135
|-weather|none
|switch|p2a: Necrozma|Necrozma-Dusk-Mane|41/100 brn
|switch|p1a: Arceus|Arceus-Fairy|100/100
|
|-damage|p2a: Necrozma|35/100 brn|[from] brn
|upkeep
|turn|8
|
|t:|1650267148
|switch|p1a: Ho-Oh|Ho-Oh|76/100
|move|p2a: Necrozma|Stealth Rock|p1a: Ho-Oh
|-sidestart|p1: Lasombralegendaria|move: Stealth Rock
|
|-damage|p2a: Necrozma|29/100 brn|[from] brn
|upkeep
|turn|9
|
|t:|1650267153
|move|p1a: Ho-Oh|Defog|p2a: Necrozma
|-unboost|p2a: Necrozma|evasion|1
|-sideend|p1: Lasombralegendaria|Stealth Rock|[from] move: Defog|[of] p1a: Ho-Oh
|move|p2a: Necrozma|Morning Sun|p2a: Necrozma
|-heal|p2a: Necrozma|79/100 brn
|
|-damage|p2a: Necrozma|73/100 brn|[from] brn
|upkeep
|turn|10
|
|t:|1650267158
|move|p1a: Ho-Oh|Sacred Fire|p2a: Necrozma
|-supereffective|p2a: Necrozma
|-damage|p2a: Necrozma|39/100 brn
|move|p2a: Necrozma|Stealth Rock|p1a: Ho-Oh
|-sidestart|p1: Lasombralegendaria|move: Stealth Rock
|
|-damage|p2a: Necrozma|33/100 brn|[from] brn
|upkeep
|turn|11
|
|t:|1650267166
|switch|p2a: Rayquaza|Rayquaza-Mega|68/100
|-weather|DeltaStream|[from] ability: Delta Stream|[of] p2a: Rayquaza
|move|p1a: Ho-Oh|Defog|p2a: Rayquaza
|-unboost|p2a: Rayquaza|evasion|1
|-sideend|p1: Lasombralegendaria|Stealth Rock|[from] move: Defog|[of] p1a: Ho-Oh
|
|-weather|DeltaStream|[upkeep]
|upkeep
|turn|12
|l| M0nsh1
|
|t:|1650267172
|switch|p1a: Arceus|Arceus-Fairy|100/100
|move|p2a: Rayquaza|Dragon Ascent|p1a: Arceus
|-damage|p1a: Arceus|29/100
|-unboost|p2a: Rayquaza|def|1
|-unboost|p2a: Rayquaza|spd|1
|
|-weather|DeltaStream|[upkeep]
|upkeep
|turn|13
|
|t:|1650267192
|move|p1a: Arceus|Judgment|p2a: Rayquaza
|-supereffective|p2a: Rayquaza
|-damage|p2a: Rayquaza|0 fnt
|faint|p2a: Rayquaza
|-weather|none
|
|upkeep
|
|t:|1650267203
|switch|p2a: Calyrex|Calyrex-Shadow|100/100
|-ability|p2a: Calyrex|As One
|-ability|p2a: Calyrex|Unnerve
|turn|14
|
|t:|1650267206
|switch|p2a: Zacian|Zacian-Crowned|100/100
|-ability|p2a: Zacian|Intrepid Sword|boost
|-boost|p2a: Zacian|atk|1
|switch|p1a: Arceus|Arceus-Dark|100/100
|
|upkeep
|turn|15
|
|t:|1650267223
|switch|p1a: Necrozma|Necrozma-Dusk-Mane|100/100
|move|p2a: Zacian|Behemoth Blade|p1a: Necrozma
|-resisted|p1a: Necrozma
|-damage|p1a: Necrozma|75/100
|-damage|p2a: Zacian|84/100|[from] item: Rocky Helmet|[of] p1a: Necrozma
|
|upkeep
|turn|16
|
|t:|1650267229
|switch|p2a: Necrozma|Necrozma-Dusk-Mane|33/100 brn
|move|p1a: Necrozma|Morning Sun|p1a: Necrozma
|-heal|p1a: Necrozma|100/100
|
|-damage|p2a: Necrozma|27/100 brn|[from] brn
|upkeep
|turn|17
|
|t:|1650267237
|switch|p1a: Ho-Oh|Ho-Oh|100/100
|move|p2a: Necrozma|Morning Sun|p2a: Necrozma
|-heal|p2a: Necrozma|77/100 brn
|
|-damage|p2a: Necrozma|71/100 brn|[from] brn
|upkeep
|turn|18
|
|t:|1650267246
|switch|p2a: Ho-Oh|Ho-Oh, shiny|100/100
|move|p1a: Ho-Oh|Sacred Fire|p2a: Ho-Oh
|-resisted|p2a: Ho-Oh
|-damage|p2a: Ho-Oh|86/100
|
|upkeep
|turn|19
|
|t:|1650267249
|switch|p1a: Eternatus|Eternatus|100/100
|-ability|p1a: Eternatus|Pressure
|move|p2a: Ho-Oh|Toxic|p1a: Eternatus|[miss]
|-miss|p2a: Ho-Oh|p1a: Eternatus
|
|upkeep
|turn|20
|
|t:|1650267251
|switch|p2a: Necrozma|Necrozma-Dusk-Mane|71/100 brn
|move|p1a: Eternatus|Toxic Spikes|p2a: Necrozma
|-sidestart|p2: FenixFyre04|move: Toxic Spikes
|
|-damage|p2a: Necrozma|65/100 brn|[from] brn
|upkeep
|turn|21
|
|t:|1650267281
|move|p1a: Eternatus|Flamethrower|p2a: Necrozma
|-supereffective|p2a: Necrozma
|-damage|p2a: Necrozma|34/100 brn
|move|p2a: Necrozma|Stealth Rock|p1a: Eternatus
|-sidestart|p1: Lasombralegendaria|move: Stealth Rock
|
|-damage|p2a: Necrozma|28/100 brn|[from] brn
|upkeep
|turn|22
|
|t:|1650267292
|switch|p2a: Zacian|Zacian-Crowned|84/100
|-ability|p2a: Zacian|Intrepid Sword|boost
|-boost|p2a: Zacian|atk|1
|move|p1a: Eternatus|Flamethrower|p2a: Zacian
|-supereffective|p2a: Zacian
|-crit|p2a: Zacian
|-damage|p2a: Zacian|9/100
|
|upkeep
|turn|23
|
|t:|1650267297
|switch|p1a: Necrozma|Necrozma-Dusk-Mane|100/100
|-damage|p1a: Necrozma|94/100|[from] Stealth Rock
|move|p2a: Zacian|Behemoth Blade|p1a: Necrozma
|-resisted|p1a: Necrozma
|-damage|p1a: Necrozma|66/100
|-damage|p2a: Zacian|0 fnt|[from] item: Rocky Helmet|[of] p1a: Necrozma
|faint|p2a: Zacian
|
|upkeep
|inactive|FenixFyre04 has 120 seconds left.
|
|t:|1650267317
|switch|p2a: Calyrex|Calyrex-Shadow|100/100
|-ability|p2a: Calyrex|As One
|-ability|p2a: Calyrex|Unnerve
|-status|p2a: Calyrex|psn
|turn|24
|
|t:|1650267322
|switch|p2a: Ho-Oh|Ho-Oh, shiny|100/100
|switch|p1a: Arceus|Arceus-Dark|100/100
|-damage|p1a: Arceus|88/100|[from] Stealth Rock
|
|upkeep
|turn|25
|
|t:|1650267326
|move|p1a: Arceus|Whirlpool|p2a: Ho-Oh
|-supereffective|p2a: Ho-Oh
|-damage|p2a: Ho-Oh|89/100
|-activate|p2a: Ho-Oh|move: Whirlpool|[of] p1a: Arceus
|move|p2a: Ho-Oh|Defog|p1a: Arceus
|-unboost|p1a: Arceus|evasion|1
|-sideend|p1: Lasombralegendaria|Stealth Rock|[from] move: Defog|[of] p2a: Ho-Oh
|-sideend|p2: FenixFyre04|Toxic Spikes|[from] move: Defog|[of] p2a: Ho-Oh
|
|-damage|p2a: Ho-Oh|77/100|[from] move: Whirlpool|[partiallytrapped]
|upkeep
|turn|26
|
|t:|1650267335
|switch|p1a: Eternatus|Eternatus|100/100
|-ability|p1a: Eternatus|Pressure
|move|p2a: Ho-Oh|Toxic|p1a: Eternatus
|-immune|p1a: Eternatus
|
|-end|p2a: Ho-Oh|Whirlpool|[partiallytrapped]|[silent]
|upkeep
|turn|27
|
|t:|1650267350
|switch|p2a: Tyranitar|Tyranitar, M, shiny|100/100
|-weather|Sandstorm|[from] ability: Sand Stream|[of] p2a: Tyranitar
|move|p1a: Eternatus|Toxic Spikes|p2a: Tyranitar
|-sidestart|p2: FenixFyre04|move: Toxic Spikes
|
|-weather|Sandstorm|[upkeep]
|-damage|p1a: Eternatus|94/100|[from] Sandstorm
|-heal|p1a: Eternatus|100/100|[from] item: Black Sludge
|upkeep
|turn|28
|-message|FenixFyre04 forfeited.
|
|win|Lasombralegendaria
|raw|Lasombralegendaria's rating: 1868 &rarr; <strong>1892</strong><br />(+24 for winning)
|raw|FenixFyre04's rating: 1946 &rarr; <strong>1922</strong><br />(-24 for losing)
|l|☆FenixFyre04
