|j|☆DarkboiJ
|j|☆OhLooord
|t:|1664179234
|gametype|singles
|player|p1|DarkboiJ|blue-gen3two|1814
|player|p2|OhLooord|lucas|1821
|teamsize|p1|6
|teamsize|p2|6
|gen|8
|tier|[Gen 8] National Dex AG
|rated|
|rule|HP Percentage Mod: HP is shown in percentages
|rule|Endless Battle Clause: Forcing endless battles is banned
|clearpoke
|poke|p1|Deoxys-Attack|
|poke|p1|Ditto|
|poke|p1|Azumarill, M|
|poke|p1|Lugia|
|poke|p1|Arceus-*|
|poke|p1|Arceus-*|
|poke|p2|Groudon|
|poke|p2|Rayquaza|
|poke|p2|Zygarde|
|poke|p2|Calyrex-Shadow|
|poke|p2|Arceus-*|
|poke|p2|Arceus-*|
|teampreview
|inactive|Battle timer is ON: inactive players will automatically lose when time's up. (requested by DarkboiJ)
|
|t:|1664179246
|start
|switch|p1a: Deoxys|Deoxys-Attack, shiny|100/100
|switch|p2a: the gwoat|Rayquaza|100/100
|-ability|p1a: Deoxys|Pressure
|-ability|p2a: the gwoat|Air Lock
|turn|1
|
|t:|1664179251
|detailschange|p2a: the gwoat|Rayquaza-Mega
|-mega|p2a: the gwoat|Rayquaza|
|-weather|DeltaStream|[from] ability: Delta Stream|[of] p2a: the gwoat
|move|p1a: Deoxys|Psycho Boost|p2a: the gwoat
|-damage|p2a: the gwoat|12/100
|-unboost|p1a: Deoxys|spa|2
|move|p2a: the gwoat|Scale Shot|p1a: Deoxys
|-enditem|p1a: Deoxys|Focus Sash
|-damage|p1a: Deoxys|1/100
|-damage|p1a: Deoxys|0 fnt
|faint|p1a: Deoxys
|-hitcount|p1: Deoxys|2
|-unboost|p2a: the gwoat|def|1
|-boost|p2a: the gwoat|spe|1
|-damage|p2a: the gwoat|2/100|[from] item: Life Orb
|
|-weather|DeltaStream|[upkeep]
|upkeep
|
|t:|1664179261
|switch|p1a: Arceus|Arceus-Fairy|100/100
|turn|2
|
|t:|1664179265
|move|p2a: the gwoat|Dragon Ascent|p1a: Arceus
|-damage|p1a: Arceus|30/100
|-unboost|p2a: the gwoat|def|1
|-unboost|p2a: the gwoat|spd|1
|-damage|p2a: the gwoat|0 fnt|[from] item: Life Orb
|faint|p2a: the gwoat
|-weather|none
|move|p1a: Arceus|Recover|p1a: Arceus
|-heal|p1a: Arceus|80/100
|
|upkeep
|
|t:|1664179276
|switch|p2a: Pyra|Groudon|100/100
|detailschange|p2a: Pyra|Groudon-Primal
|-primal|p2a: Pyra
|-weather|DesolateLand|[from] ability: Desolate Land|[of] p2a: Pyra
|turn|3
|
|t:|1664179281
|move|p1a: Arceus|Toxic|p2a: Pyra
|-status|p2a: Pyra|tox
|move|p2a: Pyra|Thunder Wave|p1a: Arceus|[miss]
|-miss|p2a: Pyra|p1a: Arceus
|
|-weather|DesolateLand|[upkeep]
|-damage|p2a: Pyra|94/100 tox|[from] psn
|upkeep
|turn|4
|
|t:|1664179289
|switch|p1a: Ditto|Ditto, shiny|100/100
|-transform|p1a: Ditto|p2a: Pyra|[from] ability: Imposter
|move|p2a: Pyra|Thunder Wave|p1a: Ditto
|-immune|p1a: Ditto
|
|-weather|DesolateLand|[upkeep]
|-damage|p2a: Pyra|82/100 tox|[from] psn
|upkeep
|turn|5
|
|t:|1664179292
|switch|p2a: the goat|Zygarde, shiny|100/100
|move|p1a: Ditto|Precipice Blades|p2a: the goat
|-damage|p2a: the goat|55/100
|
|-weather|DesolateLand|[upkeep]
|-heal|p2a: the goat|61/100|[from] item: Leftovers
|upkeep
|turn|6
|
|t:|1664179297
|-weather|none
|switch|p1a: Arceus|Arceus-Fairy|80/100
|move|p2a: the goat|Substitute|p2a: the goat
|-start|p2a: the goat|Substitute
|-damage|p2a: the goat|36/100
|
|-heal|p2a: the goat|42/100|[from] item: Leftovers
|-activate|p2a: the goat|ability: Power Construct
|detailschange|p2a: the goat|Zygarde-Complete, shiny
|-heal|p2a: the goat|62/100|[silent]
|upkeep
|turn|7
|
|t:|1664179302
|move|p1a: Arceus|Judgment|p2a: the goat
|-supereffective|p2a: the goat
|-end|p2a: the goat|Substitute
|move|p2a: the goat|Glare|p1a: Arceus
|-status|p1a: Arceus|par
|
|-heal|p2a: the goat|68/100|[from] item: Leftovers
|upkeep
|turn|8
|
|t:|1664179310
|switch|p2a: Pyra|Groudon-Primal|82/100 tox
|-weather|DesolateLand|[from] ability: Desolate Land|[of] p2a: Pyra
|move|p1a: Arceus|Judgment|p2a: Pyra
|-resisted|p2a: Pyra
|-damage|p2a: Pyra|62/100 tox
|
|-weather|DesolateLand|[upkeep]
|-damage|p2a: Pyra|56/100 tox|[from] psn
|upkeep
|turn|9
|
|t:|1664179318
|move|p2a: Pyra|Precipice Blades|p1a: Arceus
|-damage|p1a: Arceus|21/100 par
|move|p1a: Arceus|Stealth Rock|p2a: Pyra
|-sidestart|p2: OhLooord|move: Stealth Rock
|
|-weather|DesolateLand|[upkeep]
|-damage|p2a: Pyra|44/100 tox|[from] psn
|upkeep
|turn|10
|
|t:|1664179320
|move|p2a: Pyra|Precipice Blades|p1a: Arceus
|-damage|p1a: Arceus|0 fnt
|faint|p1a: Arceus
|
|-weather|DesolateLand|[upkeep]
|-damage|p2a: Pyra|26/100 tox|[from] psn
|upkeep
|
|t:|1664179323
|switch|p1a: Lugia|Lugia|100/100
|turn|11
|
|t:|1664179330
|move|p1a: Lugia|Calm Mind|p1a: Lugia
|-boost|p1a: Lugia|spa|1
|-boost|p1a: Lugia|spd|1
|move|p2a: Pyra|Thunder Wave|p1a: Lugia
|-status|p1a: Lugia|par
|
|-weather|DesolateLand|[upkeep]
|-damage|p2a: Pyra|2/100 tox|[from] psn
|upkeep
|turn|12
|
|t:|1664179335
|move|p2a: Pyra|Stone Edge|p1a: Lugia
|-supereffective|p1a: Lugia
|-crit|p1a: Lugia
|-damage|p1a: Lugia|51/100 par
|-enditem|p1a: Lugia|Weakness Policy
|-boost|p1a: Lugia|atk|2|[from] item: Weakness Policy
|-boost|p1a: Lugia|spa|2|[from] item: Weakness Policy
|move|p1a: Lugia|Recover|p1a: Lugia
|-heal|p1a: Lugia|100/100 par
|
|-weather|DesolateLand|[upkeep]
|-damage|p2a: Pyra|0 fnt|[from] psn
|faint|p2a: Pyra
|-weather|none
|upkeep
|
|t:|1664179340
|switch|p2a: Calyrex|Calyrex-Shadow|100/100
|-ability|p2a: Calyrex|As One
|-ability|p2a: Calyrex|Unnerve
|-damage|p2a: Calyrex|88/100|[from] Stealth Rock
|turn|13
|
|t:|1664179349
|move|p2a: Calyrex|Substitute|p2a: Calyrex
|-start|p2a: Calyrex|Substitute
|-damage|p2a: Calyrex|63/100
|cant|p1a: Lugia|par
|
|-heal|p2a: Calyrex|70/100|[from] item: Leftovers
|upkeep
|turn|14
|
|t:|1664179353
|move|p2a: Calyrex|Leech Seed|p1a: Lugia
|-start|p1a: Lugia|move: Leech Seed
|move|p1a: Lugia|Thunderbolt|p2a: Calyrex
|-end|p2a: Calyrex|Substitute
|
|-heal|p2a: Calyrex|76/100|[from] item: Leftovers
|-damage|p1a: Lugia|88/100 par|[from] Leech Seed|[of] p2a: Calyrex
|-heal|p2a: Calyrex|91/100|[silent]
|upkeep
|turn|15
|
|t:|1664179359
|switch|p1a: Arceus|Arceus|100/100
|move|p2a: Calyrex|Substitute|p2a: Calyrex
|-start|p2a: Calyrex|Substitute
|-damage|p2a: Calyrex|66/100
|
|-heal|p2a: Calyrex|72/100|[from] item: Leftovers
|upkeep
|turn|16
|
|t:|1664179361
|move|p2a: Calyrex|Leech Seed|p1a: Arceus|[miss]
|-miss|p2a: Calyrex|p1a: Arceus
|move|p1a: Arceus|Shadow Claw|p2a: Calyrex
|-supereffective|p2a: Calyrex
|-end|p2a: Calyrex|Substitute
|
|-heal|p2a: Calyrex|78/100|[from] item: Leftovers
|upkeep
|turn|17
|
|t:|1664179367
|switch|p2a: Arceus|Arceus|100/100
|-damage|p2a: Arceus|88/100|[from] Stealth Rock
|move|p1a: Arceus|Shadow Claw|p2a: Arceus
|-immune|p2a: Arceus
|
|upkeep
|turn|18
|
|t:|1664179375
|move|p2a: Arceus|Swords Dance|p2a: Arceus
|-boost|p2a: Arceus|atk|2
|move|p1a: Arceus|Swords Dance|p1a: Arceus
|-boost|p1a: Arceus|atk|2
|
|upkeep
|turn|19
|
|t:|1664179379
|move|p2a: Arceus|Extreme Speed|p1a: Arceus
|-damage|p1a: Arceus|39/100
|move|p1a: Arceus|Extreme Speed|p2a: Arceus
|-crit|p2a: Arceus
|-damage|p2a: Arceus|2/100
|
|upkeep
|turn|20
|
|t:|1664179383
|switch|p1a: Lugia|Lugia|88/100 par
|move|p2a: Arceus|Extreme Speed|p1a: Lugia
|-damage|p1a: Lugia|29/100 par
|
|upkeep
|turn|21
|
|t:|1664179387
|move|p2a: Arceus|Shadow Claw|p1a: Lugia
|-supereffective|p1a: Lugia
|-damage|p1a: Lugia|0 fnt
|faint|p1a: Lugia
|
|upkeep
|
|t:|1664179389
|switch|p1a: Ditto|Ditto, shiny|100/100
|-transform|p1a: Ditto|p2a: Arceus|[from] ability: Imposter
|turn|22
|
|t:|1664179395
|move|p1a: Ditto|Extreme Speed|p2a: Arceus
|-damage|p2a: Arceus|0 fnt
|faint|p2a: Arceus
|
|upkeep
|
|t:|1664179399
|switch|p2a: the goat|Zygarde-Complete, shiny|68/100
|-damage|p2a: the goat|62/100|[from] Stealth Rock
|turn|23
|
|t:|1664179404
|-start|p1a: Ditto|Dynamax|
|-heal|p1a: Ditto|100/100|[silent]
|move|p1a: Ditto|Max Strike|p2a: the goat
|-damage|p2a: the goat|9/100
|-unboost|p2a: the goat|spe|1
|move|p2a: the goat|Glare|p1a: Ditto
|-status|p1a: Ditto|par
|
|-heal|p2a: the goat|16/100|[from] item: Leftovers
|upkeep
|turn|24
|
|t:|1664179409
|move|p2a: the goat|Thousand Arrows|p1a: Ditto
|-damage|p1a: Ditto|85/100 par
|move|p1a: Ditto|Max Phantasm|p2a: the goat
|-damage|p2a: the goat|0 fnt
|faint|p2a: the goat
|
|upkeep
|
|t:|1664179414
|switch|p2a: Calyrex|Calyrex-Shadow|78/100
|-ability|p2a: Calyrex|As One
|-ability|p2a: Calyrex|Unnerve
|-damage|p2a: Calyrex|66/100|[from] Stealth Rock
|turn|25
|
|t:|1664179422
|move|p2a: Calyrex|Substitute|p2a: Calyrex
|-start|p2a: Calyrex|Substitute
|-damage|p2a: Calyrex|41/100
|move|p1a: Ditto|Max Phantasm|p2a: Calyrex
|-supereffective|p2a: Calyrex
|-end|p2a: Calyrex|Substitute
|-unboost|p2a: Calyrex|def|1
|
|-heal|p2a: Calyrex|47/100|[from] item: Leftovers
|upkeep
|-end|p1a: Ditto|Dynamax
|-heal|p1a: Ditto|85/100 par|[silent]
|turn|26
|
|t:|1664179425
|switch|p1a: Arceus|Arceus|39/100
|move|p2a: Calyrex|Leech Seed|p1a: Arceus
|-start|p1a: Arceus|move: Leech Seed
|
|-heal|p2a: Calyrex|53/100|[from] item: Leftovers
|-damage|p1a: Arceus|27/100|[from] Leech Seed|[of] p2a: Calyrex
|-heal|p2a: Calyrex|70/100|[silent]
|upkeep
|turn|27
|
|t:|1664179429
|move|p2a: Calyrex|Substitute|p2a: Calyrex
|-start|p2a: Calyrex|Substitute
|-damage|p2a: Calyrex|45/100
|move|p1a: Arceus|Recover|p1a: Arceus
|-heal|p1a: Arceus|77/100
|
|-heal|p2a: Calyrex|51/100|[from] item: Leftovers
|-damage|p1a: Arceus|65/100|[from] Leech Seed|[of] p2a: Calyrex
|-heal|p2a: Calyrex|67/100|[silent]
|upkeep
|turn|28
|
|t:|1664179432
|move|p2a: Calyrex|Draining Kiss|p1a: Arceus
|-damage|p1a: Arceus|50/100
|-heal|p2a: Calyrex|81/100|[from] drain|[of] p1a: Arceus
|move|p1a: Arceus|Recover|p1a: Arceus
|-heal|p1a: Arceus|99/100
|
|-heal|p2a: Calyrex|87/100|[from] item: Leftovers
|-damage|p1a: Arceus|88/100|[from] Leech Seed|[of] p2a: Calyrex
|-heal|p2a: Calyrex|100/100|[silent]
|upkeep
|turn|29
|
|t:|1664179442
|move|p2a: Calyrex|Draining Kiss|p1a: Arceus
|-damage|p1a: Arceus|75/100
|move|p1a: Arceus|Shadow Claw|p2a: Calyrex
|-supereffective|p2a: Calyrex
|-end|p2a: Calyrex|Substitute
|
|-damage|p1a: Arceus|63/100|[from] Leech Seed|[of] p2a: Calyrex
|upkeep
|turn|30
|
|t:|1664179447
|switch|p2a: Arceus|Arceus-Fairy|100/100
|-damage|p2a: Arceus|88/100|[from] Stealth Rock
|move|p1a: Arceus|Recover|p1a: Arceus
|-heal|p1a: Arceus|100/100
|
|-damage|p1a: Arceus|88/100|[from] Leech Seed|[of] p2a: Arceus
|-heal|p2a: Arceus|100/100|[silent]
|upkeep
|turn|31
|
|t:|1664179450
|switch|p1a: Ditto|Ditto, shiny|85/100 par
|-transform|p1a: Ditto|p2a: Arceus|[from] ability: Imposter
|move|p2a: Arceus|Thunder Wave|p1a: Ditto
|-fail|p1a: Ditto|par
|
|upkeep
|turn|32
|
|t:|1664179456
|switch|p2a: Calyrex|Calyrex-Shadow|100/100
|-ability|p2a: Calyrex|As One
|-ability|p2a: Calyrex|Unnerve
|-damage|p2a: Calyrex|88/100|[from] Stealth Rock
|move|p1a: Ditto|Thunder Wave|p2a: Calyrex
|-status|p2a: Calyrex|par
|
|-heal|p2a: Calyrex|94/100 par|[from] item: Leftovers
|upkeep
|turn|33
|
|t:|1664179460
|switch|p1a: Arceus|Arceus|88/100
|move|p2a: Calyrex|Leech Seed|p1a: Arceus
|-start|p1a: Arceus|move: Leech Seed
|
|-heal|p2a: Calyrex|100/100 par|[from] item: Leftovers
|-damage|p1a: Arceus|76/100|[from] Leech Seed|[of] p2a: Calyrex
|upkeep
|turn|34
|
|t:|1664179465
|switch|p2a: Arceus|Arceus-Fairy|100/100
|-damage|p2a: Arceus|88/100|[from] Stealth Rock
|move|p1a: Arceus|Swords Dance|p1a: Arceus
|-boost|p1a: Arceus|atk|2
|
|-damage|p1a: Arceus|63/100|[from] Leech Seed|[of] p2a: Arceus
|-heal|p2a: Arceus|100/100|[silent]
|upkeep
|turn|35
|
|t:|1664179469
|-start|p2a: Arceus|Dynamax|
|-heal|p2a: Arceus|100/100|[silent]
|move|p1a: Arceus|Extreme Speed|p2a: Arceus
|-damage|p2a: Arceus|71/100
|move|p2a: Arceus|Max Starfall|p1a: Arceus
|-damage|p1a: Arceus|20/100
|-fieldstart|move: Misty Terrain
|
|-damage|p1a: Arceus|7/100|[from] Leech Seed|[of] p2a: Arceus
|-heal|p2a: Arceus|77/100|[silent]
|upkeep
|turn|36
|
|t:|1664179477
|switch|p1a: Ditto|Ditto, shiny|85/100 par
|-transform|p1a: Ditto|p2a: Arceus|[from] ability: Imposter
|move|p2a: Arceus|Max Starfall|p1a: Ditto
|-damage|p1a: Ditto|36/100 par
|
|upkeep
|turn|37
|
|t:|1664179482
|move|p2a: Arceus|Max Starfall|p1a: Ditto
|-damage|p1a: Ditto|0 fnt
|faint|p1a: Ditto
|
|upkeep
|
|t:|1664179485
|switch|p1a: Azumarill|Azumarill, M|100/100
|-end|p2a: Arceus|Dynamax
|-heal|p2a: Arceus|78/100|[silent]
|turn|38
|
|t:|1664179491
|move|p2a: Arceus|Thunder Wave|p1a: Azumarill
|-activate|p1a: Azumarill|move: Misty Terrain
|move|p1a: Azumarill|Play Rough|p2a: Arceus
|-damage|p2a: Arceus|43/100
|
|upkeep
|turn|39
|
|t:|1664179496
|move|p2a: Arceus|Recover|p2a: Arceus
|-heal|p2a: Arceus|93/100
|move|p1a: Azumarill|Play Rough|p2a: Arceus
|-damage|p2a: Arceus|55/100
|
|-fieldend|Misty Terrain
|upkeep
|turn|40
|
|t:|1664179499
|move|p2a: Arceus|Recover|p2a: Arceus
|-heal|p2a: Arceus|100/100
|move|p1a: Azumarill|Belly Drum|p1a: Azumarill
|-damage|p1a: Azumarill|50/100
|-setboost|p1a: Azumarill|atk|6|[from] move: Belly Drum
|-enditem|p1a: Azumarill|Sitrus Berry|[eat]
|-heal|p1a: Azumarill|75/100|[from] item: Sitrus Berry
|
|upkeep
|turn|41
|
|t:|1664179503
|move|p1a: Azumarill|Aqua Jet|p2a: Arceus
|-damage|p2a: Arceus|37/100
|move|p2a: Arceus|Thunder Wave|p1a: Azumarill
|-status|p1a: Azumarill|par
|
|upkeep
|turn|42
|
|t:|1664179505
|move|p1a: Azumarill|Aqua Jet|p2a: Arceus
|-damage|p2a: Arceus|0 fnt
|faint|p2a: Arceus
|
|upkeep
|
|t:|1664179507
|switch|p2a: Calyrex|Calyrex-Shadow|100/100 par
|-ability|p2a: Calyrex|As One
|-ability|p2a: Calyrex|Unnerve
|-damage|p2a: Calyrex|88/100 par|[from] Stealth Rock
|turn|43
|
|t:|1664179511
|move|p1a: Azumarill|Aqua Jet|p2a: Calyrex
|-damage|p2a: Calyrex|0 fnt
|faint|p2a: Calyrex
|
|win|DarkboiJ
|raw|DarkboiJ's rating: 1814 &rarr; <strong>1834</strong><br />(+20 for winning)
|raw|OhLooord's rating: 1821 &rarr; <strong>1801</strong><br />(-20 for losing)
|l|☆OhLooord
