|j|☆iHaveAsthma
|j|☆JohnWise
|t:|1666473142
|gametype|singles
|player|p1|iHaveAsthma|doctor|1830
|player|p2|JohnWise|hooligans|1693
|teamsize|p1|6
|teamsize|p2|6
|gen|8
|tier|[Gen 8] National Dex AG
|rated|
|rule|HP Percentage Mod: HP is shown in percentages
|rule|Endless Battle Clause: Forcing endless battles is banned
|clearpoke
|poke|p1|Rayquaza|
|poke|p1|Arceus-*|
|poke|p1|Arceus-*|
|poke|p1|Lugia|
|poke|p1|Groudon|
|poke|p1|Marshadow|
|poke|p2|Copperajah, F|
|poke|p2|Lugia|
|poke|p2|Deoxys-Speed|
|poke|p2|Lugia|
|poke|p2|Pheromosa|
|poke|p2|Calyrex-Shadow|
|teampreview
|inactive|Battle timer is ON: inactive players will automatically lose when time's up. (requested by iHaveAsthma)
|
|t:|1666473150
|start
|switch|p1a: Rayquaza|Rayquaza|100/100
|switch|p2a: Deoxys|Deoxys-Speed|100/100
|-ability|p2a: Deoxys|Pressure
|-ability|p1a: Rayquaza|Air Lock
|turn|1
|
|t:|1666473158
|detailschange|p1a: Rayquaza|Rayquaza-Mega
|-mega|p1a: Rayquaza|Rayquaza|
|-weather|DeltaStream|[from] ability: Delta Stream|[of] p1a: Rayquaza
|move|p2a: Deoxys|Psycho Boost|p1a: Rayquaza|[miss]
|-miss|p2a: Deoxys|p1a: Rayquaza
|move|p1a: Rayquaza|Scale Shot|p2a: Deoxys
|-damage|p2a: Deoxys|73/100
|-damage|p2a: Deoxys|45/100
|-damage|p2a: Deoxys|19/100
|-damage|p2a: Deoxys|0 fnt
|faint|p2a: Deoxys
|-hitcount|p2: Deoxys|4
|-unboost|p1a: Rayquaza|def|1
|-boost|p1a: Rayquaza|spe|1
|
|-weather|DeltaStream|[upkeep]
|upkeep
|
|t:|1666473165
|switch|p2a: Copperajah|Copperajah, F|100/100
|turn|2
|c|☆iHaveAsthma|bruh
|c|☆JohnWise|ikr
|c|☆iHaveAsthma|!dt psycho boost
|raw|<ul class="utilichart"><li class="result"><span class="col movenamecol"><a href="https://dex.pokemonshowdown.com/moves/psychoboost">Psycho Boost</a></span> <span class="col typecol"><img src="//play.pokemonshowdown.com/sprites/types/Psychic.png" alt="Psychic" width="32" height="14"><img src="//play.pokemonshowdown.com/sprites/categories/Special.png" alt="Special" width="32" height="14"></span> <span class="col labelcol"><em>Power</em><br>140</span> <span class="col widelabelcol"><em>Accuracy</em><br>90%</span> <span class="col pplabelcol"><em>PP</em><br>8</span> <span class="col movedesccol">Lowers the user's Sp. Atk by 2.</span> </li><li style="clear:both"></li></ul>
|raw|<font size="1"><font color="#686868">Priority:</font> 0&nbsp;|&ThickSpace;<font color="#686868">Gen:</font> 3&nbsp;|&ThickSpace;&#10007; Past Gens Only&nbsp;|&ThickSpace;<font color="#686868">Z-Power:</font> 200&nbsp;|&ThickSpace;<font color="#686868">Dynamax Power:</font> 140&nbsp;|&ThickSpace;<font color="#686868">Target:</font> One Adjacent Pokémon</font>

|
|t:|1666473170
|-weather|none
|switch|p1a: Groudon|Groudon|100/100
|detailschange|p1a: Groudon|Groudon-Primal
|-primal|p1a: Groudon
|-weather|DesolateLand|[from] ability: Desolate Land|[of] p1a: Groudon
|-start|p2a: Copperajah|Dynamax|Gmax
|-heal|p2a: Copperajah|100/100|[silent]
|move|p2a: Copperajah|G-Max Steelsurge|p1a: Groudon
|-resisted|p1a: Groudon
|-damage|p1a: Groudon|77/100
|-sidestart|p1: iHaveAsthma|move: G-Max Steelsurge
|
|-weather|DesolateLand|[upkeep]
|upkeep
|turn|3
|
|t:|1666473174
|move|p1a: Groudon|Eruption|p2a: Copperajah
|-supereffective|p2a: Copperajah
|-damage|p2a: Copperajah|0 fnt
|faint|p2a: Copperajah
|
|-weather|DesolateLand|[upkeep]
|upkeep
|
|t:|1666473182
|switch|p2a: Calyrex|Calyrex-Shadow|100/100
|-ability|p2a: Calyrex|As One
|-ability|p2a: Calyrex|Unnerve
|turn|4
|
|t:|1666473191
|move|p2a: Calyrex|Astral Barrage|p1a: Groudon
|-damage|p1a: Groudon|0 fnt
|faint|p1a: Groudon
|-weather|none
|-ability|p2a: Calyrex|Grim Neigh|boost
|-boost|p2a: Calyrex|spa|1
|
|upkeep
|
|t:|1666473193
|switch|p1a: Lugia|Lugia|100/100
|turn|5
|
|t:|1666473200
|move|p2a: Calyrex|Astral Barrage|p1a: Lugia
|-supereffective|p1a: Lugia
|-damage|p1a: Lugia|35/100
|move|p1a: Lugia|Defog|p2a: Calyrex
|-unboost|p2a: Calyrex|evasion|1
|-sideend|p1: iHaveAsthma|G-Max Steelsurge|[from] move: Defog|[of] p1a: Lugia
|
|upkeep
|turn|6
|
|t:|1666473207
|switch|p2a: Pheromosa|Pheromosa|100/100
|move|p1a: Lugia|Thunder Wave|p2a: Pheromosa
|-status|p2a: Pheromosa|par
|
|upkeep
|turn|7
|
|t:|1666473211
|move|p1a: Lugia|Recover|p1a: Lugia
|-heal|p1a: Lugia|85/100
|move|p2a: Pheromosa|Triple Axel|p1a: Lugia
|-supereffective|p1a: Lugia
|-damage|p1a: Lugia|78/100
|-supereffective|p1a: Lugia
|-damage|p1a: Lugia|63/100
|-supereffective|p1a: Lugia
|-damage|p1a: Lugia|43/100
|-hitcount|p1a: Lugia|3
|
|upkeep
|turn|8
|
|t:|1666473215
|move|p1a: Lugia|Recover|p1a: Lugia
|-heal|p1a: Lugia|93/100
|move|p2a: Pheromosa|U-turn|p1a: Lugia
|-damage|p1a: Lugia|75/100
|
|t:|1666473217
|switch|p2a: Calyrex|Calyrex-Shadow|100/100|[from]move: U-turn
|-ability|p2a: Calyrex|As One
|-ability|p2a: Calyrex|Unnerve
|
|upkeep
|turn|9
|
|t:|1666473219
|move|p2a: Calyrex|Astral Barrage|p1a: Lugia
|-supereffective|p1a: Lugia
|-damage|p1a: Lugia|0 fnt
|faint|p1a: Lugia
|-ability|p2a: Calyrex|Grim Neigh|boost
|-boost|p2a: Calyrex|spa|1
|
|upkeep
|
|t:|1666473221
|switch|p1a: Marshadow|Marshadow|100/100
|turn|10
|
|t:|1666473225
|switch|p2a: Lugia|Lugia|100/100
|move|p1a: Marshadow|Rock Tomb|p2a: Lugia
|-supereffective|p2a: Lugia
|-damage|p2a: Lugia|85/100
|-unboost|p2a: Lugia|spe|1
|-enditem|p2a: Lugia|Red Card|[of] p1a: Marshadow
|drag|p1a: Arceus|Arceus-Flying|100/100
|
|upkeep
|turn|11
|
|t:|1666473230
|move|p1a: Arceus|Swords Dance|p1a: Arceus
|-boost|p1a: Arceus|atk|2
|move|p2a: Lugia|Toxic|p1a: Arceus
|-status|p1a: Arceus|tox
|
|-damage|p1a: Arceus|94/100 tox|[from] psn
|upkeep
|turn|12
|
|t:|1666473235
|move|p1a: Arceus|Fly||[still]
|-prepare|p1a: Arceus|Fly
|move|p2a: Lugia|Whirlwind|p1a: Arceus|[miss]
|-miss|p2a: Lugia|p1a: Arceus
|
|-damage|p1a: Arceus|82/100 tox|[from] psn
|upkeep
|turn|13
|
|t:|1666473239
|move|p1a: Arceus|Fly|p2a: Lugia|[from]lockedmove
|-damage|p2a: Lugia|28/100
|move|p2a: Lugia|Roost|p2a: Lugia
|-heal|p2a: Lugia|78/100
|-singleturn|p2a: Lugia|move: Roost
|
|-damage|p1a: Arceus|63/100 tox|[from] psn
|upkeep
|turn|14
|
|t:|1666473244
|switch|p1a: Marshadow|Marshadow|100/100
|move|p2a: Lugia|Roost|p2a: Lugia
|-heal|p2a: Lugia|100/100
|-singleturn|p2a: Lugia|move: Roost
|
|upkeep
|turn|15
|
|t:|1666473247
|move|p1a: Marshadow|Toxic|p2a: Lugia
|-status|p2a: Lugia|tox
|move|p2a: Lugia|Aeroblast|p1a: Marshadow
|-supereffective|p1a: Marshadow
|-damage|p1a: Marshadow|27/100
|
|-damage|p2a: Lugia|94/100 tox|[from] psn
|upkeep
|turn|16
|
|t:|1666473252
|switch|p1a: Arceus|Arceus-Flying|63/100 tox
|move|p2a: Lugia|Aeroblast|p1a: Arceus
|-crit|p1a: Arceus
|-damage|p1a: Arceus|27/100 tox
|
|-damage|p1a: Arceus|21/100 tox|[from] psn
|-damage|p2a: Lugia|82/100 tox|[from] psn
|upkeep
|turn|17
|
|t:|1666473259
|switch|p2a: Lugia|Lugia|100/100
|move|p1a: Arceus|Recover|p1a: Arceus
|-heal|p1a: Arceus|71/100 tox
|
|-damage|p1a: Arceus|58/100 tox|[from] psn
|upkeep
|turn|18
|
|t:|1666473266
|switch|p1a: Arceus|Arceus-Ground|100/100
|move|p2a: Lugia|Aeroblast|p1a: Arceus
|-damage|p1a: Arceus|80/100
|
|upkeep
|turn|19
|
|t:|1666473268
|switch|p1a: Marshadow|Marshadow|27/100
|move|p2a: Lugia|Toxic|p1a: Marshadow
|-status|p1a: Marshadow|tox
|
|-damage|p1a: Marshadow|21/100 tox|[from] psn
|upkeep
|turn|20
|
|t:|1666473273
|switch|p2a: Lugia|Lugia|82/100 tox
|move|p1a: Marshadow|Rock Tomb|p2a: Lugia
|-supereffective|p2a: Lugia
|-damage|p2a: Lugia|52/100 tox
|-unboost|p2a: Lugia|spe|1
|
|-damage|p1a: Marshadow|9/100 tox|[from] psn
|-damage|p2a: Lugia|46/100 tox|[from] psn
|upkeep
|turn|21
|
|t:|1666473278
|switch|p1a: Arceus|Arceus-Flying|58/100 tox
|move|p2a: Lugia|Roost|p2a: Lugia
|-heal|p2a: Lugia|96/100 tox
|-singleturn|p2a: Lugia|move: Roost
|
|-damage|p1a: Arceus|52/100 tox|[from] psn
|-damage|p2a: Lugia|83/100 tox|[from] psn
|upkeep
|turn|22
|
|t:|1666473284
|move|p1a: Arceus|Recover|p1a: Arceus
|-heal|p1a: Arceus|100/100 tox
|move|p2a: Lugia|Aeroblast|p1a: Arceus
|-damage|p1a: Arceus|78/100 tox
|
|-damage|p1a: Arceus|66/100 tox|[from] psn
|-damage|p2a: Lugia|64/100 tox|[from] psn
|upkeep
|turn|23
|
|t:|1666473292
|switch|p2a: Lugia|Lugia|100/100
|move|p1a: Arceus|Recover|p1a: Arceus
|-heal|p1a: Arceus|100/100 tox
|
|-damage|p1a: Arceus|82/100 tox|[from] psn
|upkeep
|turn|24
|
|t:|1666473300
|switch|p1a: Arceus|Arceus-Ground|80/100
|move|p2a: Lugia|Toxic|p1a: Arceus
|-status|p1a: Arceus|tox
|
|-damage|p1a: Arceus|73/100 tox|[from] psn
|upkeep
|turn|25
|
|t:|1666473303
|move|p1a: Arceus|Calm Mind|p1a: Arceus
|-boost|p1a: Arceus|spa|1
|-boost|p1a: Arceus|spd|1
|move|p2a: Lugia|Whirlwind|p1a: Arceus
|drag|p1a: Rayquaza|Rayquaza-Mega|100/100
|-weather|DeltaStream|[from] ability: Delta Stream|[of] p1a: Rayquaza
|
|-weather|DeltaStream|[upkeep]
|upkeep
|turn|26
|
|t:|1666473307
|-weather|none
|switch|p1a: Arceus|Arceus-Ground|73/100 tox
|move|p2a: Lugia|Toxic|p1a: Arceus
|-fail|p1a: Arceus|tox
|
|-damage|p1a: Arceus|67/100 tox|[from] psn
|upkeep
|turn|27
|
|t:|1666473309
|-start|p1a: Arceus|Dynamax|
|-heal|p1a: Arceus|67/100 tox|[silent]
|move|p1a: Arceus|Max Hailstorm|p2a: Lugia
|-supereffective|p2a: Lugia
|-damage|p2a: Lugia|80/100
|-weather|Hail
|-enditem|p2a: Lugia|Red Card|[of] p1a: Arceus
|-block|p1a: Arceus|Dynamax
|move|p2a: Lugia|Whirlwind|p1a: Arceus
|-block|p1a: Arceus|Dynamax
|
|-weather|Hail|[upkeep]
|-damage|p2a: Lugia|74/100|[from] Hail
|-damage|p1a: Arceus|64/100 tox|[from] Hail
|-damage|p1a: Arceus|58/100 tox|[from] psn
|upkeep
|turn|28
|
|t:|1666473312
|move|p2a: Lugia|Roost|p2a: Lugia
|-heal|p2a: Lugia|100/100
|-singleturn|p2a: Lugia|move: Roost
|move|p1a: Arceus|Max Hailstorm|p2a: Lugia
|-damage|p2a: Lugia|92/100
|
|-weather|Hail|[upkeep]
|-damage|p2a: Lugia|85/100|[from] Hail
|-damage|p1a: Arceus|55/100 tox|[from] Hail
|-damage|p1a: Arceus|46/100 tox|[from] psn
|upkeep
|turn|29
|
|t:|1666473315
|move|p2a: Lugia|Roost|p2a: Lugia
|-heal|p2a: Lugia|100/100
|-singleturn|p2a: Lugia|move: Roost
|move|p1a: Arceus|Max Hailstorm|p2a: Lugia
|-damage|p2a: Lugia|90/100
|
|-weather|Hail|[upkeep]
|-damage|p2a: Lugia|84/100|[from] Hail
|-damage|p1a: Arceus|43/100 tox|[from] Hail
|-damage|p1a: Arceus|31/100 tox|[from] psn
|upkeep
|-end|p1a: Arceus|Dynamax
|-heal|p1a: Arceus|31/100 tox|[silent]
|turn|30
|
|t:|1666473319
|move|p1a: Arceus|Ice Beam|p2a: Lugia
|-supereffective|p2a: Lugia
|-damage|p2a: Lugia|58/100
|move|p2a: Lugia|Whirlwind|p1a: Arceus
|drag|p1a: Arceus|Arceus-Flying|82/100 tox
|
|-weather|Hail|[upkeep]
|-damage|p1a: Arceus|76/100 tox|[from] Hail
|-damage|p2a: Lugia|51/100|[from] Hail
|-damage|p1a: Arceus|69/100 tox|[from] psn
|upkeep
|turn|31
|j| AnRandomGuy
|
|t:|1666473326
|switch|p1a: Rayquaza|Rayquaza-Mega|100/100
|-weather|DeltaStream|[from] ability: Delta Stream|[of] p1a: Rayquaza
|move|p2a: Lugia|Roost|p2a: Lugia
|-heal|p2a: Lugia|100/100
|-singleturn|p2a: Lugia|move: Roost
|
|-weather|DeltaStream|[upkeep]
|upkeep
|turn|32
|-message|iHaveAsthma forfeited.
|
|win|JohnWise
|raw|iHaveAsthma's rating: 1830 &rarr; <strong>1802</strong><br />(-28 for losing)
|raw|JohnWise's rating: 1693 &rarr; <strong>1721</strong><br />(+28 for winning)
|l|☆iHaveAsthma
|player|p2|JohnWise|hooligans
|l| AnRandomGuy
||Ladder isn't responding, score probably updated but might not have (Request timeout).
