|j|☆JAY100064
|j|☆Imarandompotato
|t:|1625065491
|gametype|singles
|player|p1|JAY100064|preschooler|1340
|player|p2|Imarandompotato|hilbert|1380
|teamsize|p1|6
|teamsize|p2|6
|gen|8
|tier|[Gen 8] National Dex AG
|rated|
|rule|HP Percentage Mod: HP is shown in percentages
|rule|Endless Battle Clause: Forcing endless battles is banned
|clearpoke
|poke|p1|Arceus-*|
|poke|p1|Chansey, F|
|poke|p1|Giratina|
|poke|p1|Sableye, M|
|poke|p1|Necrozma-Dusk-Mane|
|poke|p1|Ho-Oh|
|poke|p2|Deoxys-Speed|
|poke|p2|Rayquaza|
|poke|p2|Kyogre|
|poke|p2|Ditto|
|poke|p2|Zacian-*|
|poke|p2|Calyrex-Shadow|
|teampreview
|c|☆JAY100064|ugh the ditto
|
|t:|1625065506
|start
|switch|p1a: Sableye|Sableye, M, shiny|100/100
|switch|p2a: Deoxys|Deoxys-Speed|100/100
|-ability|p2a: Deoxys|Pressure
|turn|1
|
|t:|1625065513
|switch|p2a: Ditto|Ditto|100/100
|-transform|p2a: Ditto|p1a: Sableye|[from] ability: Imposter
|move|p1a: Sableye|Fake Out|p2a: Ditto
|-immune|p2a: Ditto
|
|upkeep
|turn|2
|
|t:|1625065525
|move|p2a: Ditto|Will-O-Wisp|p1a: Sableye
|-hint|Since gen 7, Dark is immune to Prankster moves.
|-immune|p1a: Sableye
|move|p1a: Sableye|Foul Play|p2a: Ditto
|-damage|p2a: Ditto|75/100
|
|upkeep
|turn|3
|
|t:|1625065535
|switch|p2a: Deoxys|Deoxys-Speed|100/100
|-ability|p2a: Deoxys|Pressure
|move|p1a: Sableye|Foul Play|p2a: Deoxys
|-supereffective|p2a: Deoxys
|-damage|p2a: Deoxys|39/100
|
|upkeep
|turn|4
|
|t:|1625065548
|switch|p1a: Ho-Oh|Ho-Oh, shiny|100/100
|move|p2a: Deoxys|Skill Swap|p1a: Ho-Oh
|-activate|p2a: Deoxys|move: Skill Swap|Regenerator|Pressure|[of] p1a: Ho-Oh
|-ability|p1a: Ho-Oh|Pressure
|
|upkeep
|turn|5
|
|t:|1625065557
|move|p2a: Deoxys|Stealth Rock|p1a: Ho-Oh
|-sidestart|p1: JAY100064|move: Stealth Rock
|move|p1a: Ho-Oh|Sacred Fire|p2a: Deoxys
|-damage|p2a: Deoxys|0 fnt
|faint|p2a: Deoxys
|
|upkeep
|
|t:|1625065564
|switch|p2a: Kyogre|Kyogre|100/100
|-weather|RainDance|[from] ability: Drizzle|[of] p2a: Kyogre
|turn|6
|
|t:|1625065570
|switch|p1a: Joy|Chansey, F|100/100
|-damage|p1a: Joy|88/100|[from] Stealth Rock
|move|p2a: Kyogre|Water Spout|p1a: Joy
|-damage|p1a: Joy|55/100
|
|-weather|RainDance|[upkeep]
|upkeep
|turn|7
|
|t:|1625065582
|switch|p2a: Zacian|Zacian-Crowned|100/100
|-ability|p2a: Zacian|Intrepid Sword|boost
|-boost|p2a: Zacian|atk|1
|move|p1a: Joy|Soft-Boiled|p1a: Joy
|-heal|p1a: Joy|100/100
|
|-weather|RainDance|[upkeep]
|upkeep
|turn|8
|
|t:|1625065592
|switch|p1a: Necrozma|Necrozma-Dusk-Mane|100/100
|-damage|p1a: Necrozma|94/100|[from] Stealth Rock
|move|p2a: Zacian|Substitute|p2a: Zacian
|-start|p2a: Zacian|Substitute
|-damage|p2a: Zacian|76/100
|
|-weather|RainDance|[upkeep]
|upkeep
|turn|9
|
|t:|1625065622
|move|p2a: Zacian|Behemoth Blade|p1a: Necrozma
|-resisted|p1a: Necrozma
|-damage|p1a: Necrozma|68/100
|-damage|p2a: Zacian|59/100|[from] item: Rocky Helmet|[of] p1a: Necrozma
|move|p1a: Necrozma|Earthquake|p2a: Zacian
|-supereffective|p2a: Zacian
|-end|p2a: Zacian|Substitute
|
|-weather|RainDance|[upkeep]
|upkeep
|turn|10
|
|t:|1625065636
|switch|p2a: Rayquaza|Rayquaza|100/100
|-ability|p2a: Rayquaza|Air Lock
|move|p1a: Necrozma|Morning Sun|p1a: Necrozma
|-heal|p1a: Necrozma|100/100
|
|-weather|none
|upkeep
|turn|11
|
|t:|1625065648
|detailschange|p2a: Rayquaza|Rayquaza-Mega
|-mega|p2a: Rayquaza|Rayquaza|
|-weather|DeltaStream|[from] ability: Delta Stream|[of] p2a: Rayquaza
|-start|p1a: Necrozma|Dynamax
|-heal|p1a: Necrozma|100/100|[silent]
|move|p2a: Rayquaza|Dragon Dance|p2a: Rayquaza
|-boost|p2a: Rayquaza|atk|1
|-boost|p2a: Rayquaza|spe|1
|move|p1a: Necrozma|Max Steelspike|p2a: Rayquaza
|-damage|p2a: Rayquaza|31/100
|-boost|p1a: Necrozma|def|1
|
|-weather|DeltaStream|[upkeep]
|upkeep
|turn|12
|
|t:|1625065675
|move|p2a: Rayquaza|Earthquake|p1a: Necrozma
|-supereffective|p1a: Necrozma
|-damage|p1a: Necrozma|77/100
|-damage|p2a: Rayquaza|21/100|[from] item: Life Orb
|move|p1a: Necrozma|Max Steelspike|p2a: Rayquaza
|-damage|p2a: Rayquaza|0 fnt
|-boost|p1a: Necrozma|def|1
|faint|p2a: Rayquaza
|-weather|none
|
|upkeep
|j| Coolcodename
|l| Coolcodename
|
|t:|1625065685
|switch|p2a: Calyrex|Calyrex-Shadow|100/100
|-ability|p2a: Calyrex|As One
|-ability|p2a: Calyrex|Unnerve
|turn|13
|
|t:|1625065700
|-start|p2a: Calyrex|Dynamax
|-heal|p2a: Calyrex|100/100|[silent]
|move|p1a: Necrozma|Max Guard|p1a: Necrozma
|-singleturn|p1a: Necrozma|Max Guard
|move|p2a: Calyrex|Max Phantasm|p1a: Necrozma
|-activate|p1a: Necrozma|move: Max Guard
|
|-end|p1a: Necrozma|Dynamax
|-heal|p1a: Necrozma|77/100|[silent]
|upkeep
|turn|14
|
|t:|1625065716
|switch|p1a: Joy|Chansey, F|100/100
|-damage|p1a: Joy|88/100|[from] Stealth Rock
|move|p2a: Calyrex|Max Flutterby|p1a: Joy
|-damage|p1a: Joy|72/100
|-unboost|p1a: Joy|spa|1
|-damage|p2a: Calyrex|96/100|[from] item: Life Orb
|
|upkeep
|turn|15
|
|t:|1625065727
|move|p2a: Calyrex|Max Flutterby|p1a: Joy
|-damage|p1a: Joy|55/100
|-unboost|p1a: Joy|spa|1
|-damage|p2a: Calyrex|91/100|[from] item: Life Orb
|move|p1a: Joy|Soft-Boiled|p1a: Joy
|-heal|p1a: Joy|100/100
|
|-end|p2a: Calyrex|Dynamax
|-heal|p2a: Calyrex|91/100|[silent]
|upkeep
|turn|16
|
|t:|1625065739
|move|p2a: Calyrex|Substitute|p2a: Calyrex
|-start|p2a: Calyrex|Substitute
|-damage|p2a: Calyrex|66/100
|move|p1a: Joy|Toxic||[still]
|-fail|p1a: Joy
|
|upkeep
|turn|17
|
|t:|1625065748
|move|p2a: Calyrex|Nasty Plot|p2a: Calyrex
|-boost|p2a: Calyrex|spa|2
|move|p1a: Joy|Confide|p2a: Calyrex
|-unboost|p2a: Calyrex|spa|1
|
|upkeep
|turn|18
|
|t:|1625065756
|move|p2a: Calyrex|Nasty Plot|p2a: Calyrex
|-boost|p2a: Calyrex|spa|2
|move|p1a: Joy|Confide|p2a: Calyrex
|-unboost|p2a: Calyrex|spa|1
|
|upkeep
|turn|19
|
|t:|1625065764
|move|p2a: Calyrex|Nasty Plot|p2a: Calyrex
|-boost|p2a: Calyrex|spa|2
|move|p1a: Joy|Confide|p2a: Calyrex
|-unboost|p2a: Calyrex|spa|1
|
|upkeep
|turn|20
|
|t:|1625065771
|move|p2a: Calyrex|Nasty Plot|p2a: Calyrex
|-boost|p2a: Calyrex|spa|2
|move|p1a: Joy|Confide|p2a: Calyrex
|-unboost|p2a: Calyrex|spa|1
|
|upkeep
|turn|21
|
|t:|1625065778
|move|p2a: Calyrex|Nasty Plot|p2a: Calyrex
|-boost|p2a: Calyrex|spa|2
|move|p1a: Joy|Confide|p2a: Calyrex
|-unboost|p2a: Calyrex|spa|1
|
|upkeep
|turn|22
|
|t:|1625065785
|move|p2a: Calyrex|Pollen Puff|p1a: Joy
|-damage|p1a: Joy|61/100
|-damage|p2a: Calyrex|56/100|[from] item: Life Orb
|move|p1a: Joy|Confide|p2a: Calyrex
|-unboost|p2a: Calyrex|spa|1
|
|upkeep
|turn|23
|
|t:|1625065796
|move|p2a: Calyrex|Nasty Plot|p2a: Calyrex
|-boost|p2a: Calyrex|spa|2
|move|p1a: Joy|Soft-Boiled|p1a: Joy
|-heal|p1a: Joy|100/100
|
|upkeep
|turn|24
|
|t:|1625065806
|move|p2a: Calyrex|Pollen Puff|p1a: Joy
|-damage|p1a: Joy|55/100
|-damage|p2a: Calyrex|46/100|[from] item: Life Orb
|move|p1a: Joy|Confide|p2a: Calyrex
|-unboost|p2a: Calyrex|spa|1
|
|upkeep
|turn|25
|
|t:|1625065815
|move|p2a: Calyrex|Pollen Puff|p1a: Joy
|-damage|p1a: Joy|13/100
|-damage|p2a: Calyrex|36/100|[from] item: Life Orb
|move|p1a: Joy|Soft-Boiled|p1a: Joy
|-heal|p1a: Joy|63/100
|
|upkeep
|turn|26
|
|t:|1625065824
|move|p2a: Calyrex|Pollen Puff|p1a: Joy
|-damage|p1a: Joy|20/100
|-damage|p2a: Calyrex|26/100|[from] item: Life Orb
|move|p1a: Joy|Soft-Boiled|p1a: Joy
|-heal|p1a: Joy|70/100
|
|upkeep
|turn|27
|
|t:|1625065832
|move|p2a: Calyrex|Pollen Puff|p1a: Joy
|-damage|p1a: Joy|27/100
|-damage|p2a: Calyrex|16/100|[from] item: Life Orb
|move|p1a: Joy|Soft-Boiled|p1a: Joy
|-heal|p1a: Joy|77/100
|
|upkeep
|turn|28
|
|t:|1625065841
|move|p2a: Calyrex|Pollen Puff|p1a: Joy
|-damage|p1a: Joy|38/100
|-damage|p2a: Calyrex|6/100|[from] item: Life Orb
|move|p1a: Joy|Soft-Boiled|p1a: Joy
|-heal|p1a: Joy|88/100
|
|upkeep
|turn|29
|-message|Imarandompotato forfeited.
|
|win|JAY100064
|raw|JAY100064's rating: 1340 &rarr; <strong>1362</strong><br />(+22 for winning)
|raw|Imarandompotato's rating: 1379 &rarr; <strong>1357</strong><br />(-22 for losing)
|l|☆Imarandompotato
|c|☆JAY100064|BAHGHHAA
|c|☆JAY100064|lol
||Ladder isn't responding, score probably updated but might not have (Request timeout).
