|j|☆CLEAR GEM清瑜
|j|☆xqiht
|t:|1666455412
|gametype|singles
|player|p1|CLEAR GEM清瑜|skierf|1790
|player|p2|xqiht|elesa-masters|1711
|teamsize|p1|6
|teamsize|p2|6
|gen|8
|tier|[Gen 8] National Dex AG
|rated|
|rule|HP Percentage Mod: HP is shown in percentages
|rule|Endless Battle Clause: Forcing endless battles is banned
|clearpoke
|poke|p1|Rayquaza|
|poke|p1|Groudon|
|poke|p1|Necrozma-Dusk-Mane|
|poke|p1|Arceus-*|
|poke|p1|Zacian-*|
|poke|p1|Yveltal|
|poke|p2|Arceus-*|
|poke|p2|Zacian-*|
|poke|p2|Kyogre|
|poke|p2|Rayquaza|
|poke|p2|Marshadow|
|poke|p2|Ditto|
|teampreview
|inactive|Battle timer is ON: inactive players will automatically lose when time's up. (requested by CLEAR GEM清瑜)
|c|☆xqiht|国人
|c|☆CLEAR GEM清瑜|是
|
|t:|1666455443
|start
|switch|p1a: 老烈|Rayquaza, shiny|100/100
|switch|p2a: Arceus|Arceus-Electric|100/100
|-ability|p1a: 老烈|Air Lock
|turn|1
|
|t:|1666455448
|detailschange|p1a: 老烈|Rayquaza-Mega, shiny
|-mega|p1a: 老烈|Rayquaza|
|-weather|DeltaStream|[from] ability: Delta Stream|[of] p1a: 老烈
|move|p2a: Arceus|Stealth Rock|p1a: 老烈
|-sidestart|p1: CLEAR GEM清瑜|move: Stealth Rock
|move|p1a: 老烈|Scale Shot|p2a: Arceus
|-damage|p2a: Arceus|82/100
|-damage|p2a: Arceus|64/100
|-damage|p2a: Arceus|46/100
|-hitcount|p2a: Arceus|3
|-unboost|p1a: 老烈|def|1
|-boost|p1a: 老烈|spe|1
|-damage|p1a: 老烈|91/100|[from] item: Life Orb
|
|-weather|DeltaStream|[upkeep]
|upkeep
|turn|2
|inactive|xqiht has 120 seconds left.
|
|t:|1666455488
|move|p1a: 老烈|Earthquake|p2a: Arceus
|-supereffective|p2a: Arceus
|-damage|p2a: Arceus|0 fnt
|faint|p2a: Arceus
|-damage|p1a: 老烈|81/100|[from] item: Life Orb
|
|-weather|DeltaStream|[upkeep]
|upkeep
|
|t:|1666455495
|switch|p2a: Ditto|Ditto|100/100
|-transform|p2a: Ditto|p1a: 老烈|[from] ability: Imposter
|turn|3
|inactive|xqiht has 120 seconds left.
|
|t:|1666455503
|move|p2a: Ditto|Extreme Speed|p1a: 老烈
|-damage|p1a: 老烈|25/100
|move|p1a: 老烈|Scale Shot|p2a: Ditto
|-supereffective|p2a: Ditto
|-damage|p2a: Ditto|20/100
|-supereffective|p2a: Ditto
|-damage|p2a: Ditto|0 fnt
|faint|p2a: Ditto
|-hitcount|p2: Ditto|2
|-unboost|p1a: 老烈|def|1
|-boost|p1a: 老烈|spe|1
|-damage|p1a: 老烈|15/100|[from] item: Life Orb
|
|-weather|DeltaStream|[upkeep]
|upkeep
|inactive|xqiht has 120 seconds left.
|
|t:|1666455510
|switch|p2a: Marshadow|Marshadow|100/100
|turn|4
|
|t:|1666455512
|move|p2a: Marshadow|Shadow Sneak|p1a: 老烈
|-damage|p1a: 老烈|0 fnt
|faint|p1a: 老烈
|-weather|none
|
|upkeep
|
|t:|1666455514
|switch|p1a: 不会(?)|Groudon|100/100
|-damage|p1a: 不会(?)|94/100|[from] Stealth Rock
|detailschange|p1a: 不会(?)|Groudon-Primal
|-primal|p1a: 不会(?)
|-weather|DesolateLand|[from] ability: Desolate Land|[of] p1a: 不会(?)
|turn|5
|
|t:|1666455526
|switch|p2a: Rayquaza|Rayquaza|100/100
|-ability|p2a: Rayquaza|Air Lock
|move|p1a: 不会(?)|Thunder Wave|p2a: Rayquaza
|-status|p2a: Rayquaza|par
|
|-weather|DesolateLand|[upkeep]
|upkeep
|turn|6
|
|t:|1666455538
|detailschange|p2a: Rayquaza|Rayquaza-Mega
|-mega|p2a: Rayquaza|Rayquaza|
|-weather|DeltaStream|[from] ability: Delta Stream|[of] p2a: Rayquaza
|move|p1a: 不会(?)|Stealth Rock|p2a: Rayquaza
|-sidestart|p2: xqiht|move: Stealth Rock
|move|p2a: Rayquaza|Dragon Ascent|p1a: 不会(?)
|-damage|p1a: 不会(?)|50/100
|-unboost|p2a: Rayquaza|def|1
|-unboost|p2a: Rayquaza|spd|1
|-damage|p2a: Rayquaza|91/100 par|[from] item: Life Orb
|
|-weather|DeltaStream|[upkeep]
|upkeep
|turn|7
|
|t:|1666455551
|cant|p2a: Rayquaza|par
|move|p1a: 不会(?)|Roar|p2a: Rayquaza
|-weather|none
|drag|p2a: Marshadow|Marshadow|100/100
|-damage|p2a: Marshadow|94/100|[from] Stealth Rock
|
|upkeep
|turn|8
|
|t:|1666455559
|-zpower|p2a: Marshadow
|move|p2a: Marshadow|Never-Ending Nightmare|p1a: 不会(?)|[zeffect]
|-damage|p1a: 不会(?)|7/100
|move|p1a: 不会(?)|Fire Punch|p2a: Marshadow
|-damage|p2a: Marshadow|43/100
|
|upkeep
|turn|9
|inactive|xqiht has 120 seconds left.
|
|t:|1666455592
|move|p2a: Marshadow|Pursuit|p1a: 不会(?)
|-damage|p1a: 不会(?)|0 fnt
|faint|p1a: 不会(?)
|
|upkeep
|
|t:|1666455600
|switch|p1a: 悬空羊驼|Arceus-Flying|100/100
|-damage|p1a: 悬空羊驼|76/100|[from] Stealth Rock
|turn|10
|c|☆CLEAR GEM清瑜|150物耐的含金量
|inactive|xqiht has 120 seconds left.
|
|t:|1666455636
|switch|p2a: Rayquaza|Rayquaza-Mega|91/100 par
|-damage|p2a: Rayquaza|66/100 par|[from] Stealth Rock
|-weather|DeltaStream|[from] ability: Delta Stream|[of] p2a: Rayquaza
|-start|p1a: 悬空羊驼|Dynamax|
|-heal|p1a: 悬空羊驼|76/100|[silent]
|move|p1a: 悬空羊驼|Max Airstream|p2a: Rayquaza
|-damage|p2a: Rayquaza|0 fnt
|-boost|p1a: 悬空羊驼|spe|1
|faint|p2a: Rayquaza
|-weather|none
|
|upkeep
|
|t:|1666455639
|switch|p2a: Zacian|Zacian-Crowned|100/100
|-damage|p2a: Zacian|94/100|[from] Stealth Rock
|-ability|p2a: Zacian|Intrepid Sword|boost
|-boost|p2a: Zacian|atk|1
|turn|11
|
|t:|1666455641
|move|p1a: 悬空羊驼|Max Quake|p2a: Zacian
|-supereffective|p2a: Zacian
|-damage|p2a: Zacian|8/100
|-boost|p1a: 悬空羊驼|spd|1
|move|p2a: Zacian|Behemoth Blade|p1a: 悬空羊驼
|-damage|p1a: 悬空羊驼|14/100
|
|upkeep
|turn|12
|
|t:|1666455646
|move|p1a: 悬空羊驼|Max Quake|p2a: Zacian
|-supereffective|p2a: Zacian
|-damage|p2a: Zacian|0 fnt
|-boost|p1a: 悬空羊驼|spd|1
|faint|p2a: Zacian
|
|upkeep
|inactive|xqiht has 120 seconds left.
|
|t:|1666455671
|switch|p2a: Marshadow|Marshadow|43/100
|-damage|p2a: Marshadow|37/100|[from] Stealth Rock
|-end|p1a: 悬空羊驼|Dynamax
|-heal|p1a: 悬空羊驼|14/100|[silent]
|turn|13
|
|t:|1666455673
|move|p2a: Marshadow|Shadow Sneak|p1a: 悬空羊驼
|-damage|p1a: 悬空羊驼|0 fnt
|faint|p1a: 悬空羊驼
|
|upkeep
|
|t:|1666455676
|switch|p1a: Y鸟|Yveltal|100/100
|-damage|p1a: Y鸟|76/100|[from] Stealth Rock
|-ability|p1a: Y鸟|Dark Aura
|turn|14
|
|t:|1666455687
|move|p2a: Marshadow|Close Combat|p1a: Y鸟
|-damage|p1a: Y鸟|19/100
|-unboost|p2a: Marshadow|def|1
|-unboost|p2a: Marshadow|spd|1
|move|p1a: Y鸟|Hurricane|p2a: Marshadow|[miss]
|-miss|p1a: Y鸟|p2a: Marshadow
|
|upkeep
|turn|15
|
|t:|1666455694
|move|p2a: Marshadow|Close Combat|p1a: Y鸟
|-damage|p1a: Y鸟|0 fnt
|-unboost|p2a: Marshadow|def|1
|-unboost|p2a: Marshadow|spd|1
|faint|p1a: Y鸟
|
|upkeep
|
|t:|1666455697
|switch|p1a: 嘉然小姐的狗|Zacian-Crowned|100/100
|-damage|p1a: 嘉然小姐的狗|94/100|[from] Stealth Rock
|-ability|p1a: 嘉然小姐的狗|Intrepid Sword|boost
|-boost|p1a: 嘉然小姐的狗|atk|1
|turn|16
|
|t:|1666455704
|move|p2a: Marshadow|Shadow Sneak|p1a: 嘉然小姐的狗
|-damage|p1a: 嘉然小姐的狗|70/100
|move|p1a: 嘉然小姐的狗|Behemoth Blade|p2a: Marshadow
|-damage|p2a: Marshadow|0 fnt
|faint|p2a: Marshadow
|
|upkeep
|
|t:|1666455706
|switch|p2a: Kyogre|Kyogre|100/100
|-damage|p2a: Kyogre|88/100|[from] Stealth Rock
|detailschange|p2a: Kyogre|Kyogre-Primal
|-primal|p2a: Kyogre
|-weather|PrimordialSea|[from] ability: Primordial Sea|[of] p2a: Kyogre
|turn|17
|
|t:|1666455720
|move|p1a: 嘉然小姐的狗|Wild Charge|p2a: Kyogre
|-supereffective|p2a: Kyogre
|-damage|p2a: Kyogre|0 fnt
|faint|p2a: Kyogre
|-weather|none
|-damage|p1a: 嘉然小姐的狗|51/100|[from] Recoil
|
|win|CLEAR GEM清瑜
|raw|CLEAR GEM清瑜's rating: 1790 &rarr; <strong>1805</strong><br />(+15 for winning)
|raw|xqiht's rating: 1692 &rarr; <strong>1677</strong><br />(-15 for losing)
