|j|☆TomoTaco69
|j|☆Naofumi_Bakugo_Jax
|t:|1665804852
|gametype|singles
|player|p1|TomoTaco69|102|1784
|player|p2|Naofumi_Bakugo_Jax|blue|1640
|teamsize|p1|6
|teamsize|p2|6
|gen|8
|tier|[Gen 8] National Dex AG
|rated|
|rule|HP Percentage Mod: HP is shown in percentages
|rule|Endless Battle Clause: Forcing endless battles is banned
|clearpoke
|poke|p1|Arceus-*|
|poke|p1|Arceus-*|
|poke|p1|Yveltal|
|poke|p1|Necrozma-Dusk-Mane|
|poke|p1|Ditto|
|poke|p1|Marshadow|
|poke|p2|Zacian-*|
|poke|p2|Calyrex-Shadow|
|poke|p2|Yveltal|
|poke|p2|Arceus-*|
|poke|p2|Swampert, M|
|poke|p2|Kyogre|
|teampreview
|inactive|Battle timer is ON: inactive players will automatically lose when time's up. (requested by TomoTaco69)
|j| Hui hui boi
|
|t:|1665804877
|start
|switch|p1a: Arceus|Arceus-Flying|100/100
|switch|p2a: Kyogre|Kyogre|100/100
|-weather|RainDance|[from] ability: Drizzle|[of] p2a: Kyogre
|turn|1
|inactive|Naofumi_Bakugo_Jax has 120 seconds left.
|
|t:|1665804910
|-start|p2a: Kyogre|Dynamax|
|-heal|p2a: Kyogre|100/100|[silent]
|move|p1a: Arceus|Judgment|p2a: Kyogre
|-damage|p2a: Kyogre|82/100
|move|p2a: Kyogre|Max Hailstorm|p1a: Arceus
|-supereffective|p1a: Arceus
|-damage|p1a: Arceus|31/100
|-weather|Hail
|
|-weather|Hail|[upkeep]
|-damage|p1a: Arceus|25/100|[from] Hail
|-damage|p2a: Kyogre|79/100|[from] Hail
|upkeep
|turn|2
|
|t:|1665804917
|move|p1a: Arceus|Recover|p1a: Arceus
|-heal|p1a: Arceus|75/100
|move|p2a: Kyogre|Max Geyser|p1a: Arceus
|-damage|p1a: Arceus|19/100
|-weather|RainDance
|
|-weather|RainDance|[upkeep]
|upkeep
|turn|3
|
|t:|1665804930
|move|p1a: Arceus|Judgment|p2a: Kyogre
|-damage|p2a: Kyogre|59/100
|move|p2a: Kyogre|Max Geyser|p1a: Arceus
|-damage|p1a: Arceus|0 fnt
|faint|p1a: Arceus
|
|-weather|RainDance|[upkeep]
|upkeep
|
|t:|1665804935
|switch|p1a: Ditto|Ditto|100/100
|-transform|p1a: Ditto|p2a: Kyogre|[from] ability: Imposter
|-end|p2a: Kyogre|Dynamax
|-heal|p2a: Kyogre|59/100|[silent]
|turn|4
|
|t:|1665804953
|switch|p1a: Arceus|Arceus-Ground|100/100
|move|p2a: Kyogre|Thunder Wave|p1a: Arceus
|-immune|p1a: Arceus
|
|-weather|RainDance|[upkeep]
|upkeep
|turn|5
|inactive|Naofumi_Bakugo_Jax has 120 seconds left.
|
|t:|1665804980
|switch|p2a: Swampert|Swampert, M|100/100
|-zpower|p1a: Arceus
|move|p1a: Arceus|Tectonic Rage|p2a: Swampert|[zeffect]
|-damage|p2a: Swampert|7/100
|
|-weather|RainDance|[upkeep]
|upkeep
|turn|6
|inactive|Naofumi_Bakugo_Jax has 120 seconds left.
|
|t:|1665804990
|switch|p1a: Necrozma|Necrozma-Dusk-Mane|100/100
|detailschange|p2a: Swampert|Swampert-Mega, M
|-mega|p2a: Swampert|Swampert|Swampertite
|move|p2a: Swampert|Stealth Rock|p1a: Necrozma
|-sidestart|p1: TomoTaco69|move: Stealth Rock
|
|-weather|none
|upkeep
|turn|7
|
|t:|1665804996
|move|p2a: Swampert|Yawn|p1a: Necrozma
|-start|p1a: Necrozma|move: Yawn|[of] p2a: Swampert
|move|p1a: Necrozma|Stealth Rock|p2a: Swampert
|-sidestart|p2: Naofumi_Bakugo_Jax|move: Stealth Rock
|
|upkeep
|turn|8
|
|t:|1665805008
|switch|p1a: Arceus|Arceus-Ground|100/100
|-damage|p1a: Arceus|94/100|[from] Stealth Rock
|move|p2a: Swampert|Liquidation|p1a: Arceus
|-supereffective|p1a: Arceus
|-damage|p1a: Arceus|25/100
|
|upkeep
|turn|9
|
|t:|1665805018
|move|p1a: Arceus|Earthquake|p2a: Swampert
|-damage|p2a: Swampert|0 fnt
|faint|p2a: Swampert
|
|upkeep
|
|t:|1665805032
|switch|p2a: Arceus|Arceus, shiny|100/100
|-damage|p2a: Arceus|88/100|[from] Stealth Rock
|turn|10
|
|t:|1665805040
|switch|p1a: Necrozma|Necrozma-Dusk-Mane|100/100
|-damage|p1a: Necrozma|94/100|[from] Stealth Rock
|move|p2a: Arceus|Tailwind|p2a: Arceus
|-sidestart|p2: Naofumi_Bakugo_Jax|move: Tailwind
|
|upkeep
|turn|11
|
|t:|1665805046
|move|p2a: Arceus|Reflect|p2a: Arceus
|-sidestart|p2: Naofumi_Bakugo_Jax|Reflect
|move|p1a: Necrozma|Knock Off|p2a: Arceus
|-damage|p2a: Arceus|78/100
|-enditem|p2a: Arceus|Light Clay|[from] move: Knock Off|[of] p1a: Necrozma
|
|upkeep
|turn|12
|inactive|Naofumi_Bakugo_Jax has 120 seconds left.
|
|t:|1665805090
|switch|p2a: Kyogre|Kyogre|59/100
|-damage|p2a: Kyogre|47/100|[from] Stealth Rock
|-weather|RainDance|[from] ability: Drizzle|[of] p2a: Kyogre
|switch|p1a: Arceus|Arceus-Ground|25/100
|-damage|p1a: Arceus|19/100|[from] Stealth Rock
|
|-weather|RainDance|[upkeep]
|upkeep
|turn|13
|
|t:|1665805095
|move|p2a: Kyogre|Origin Pulse|p1a: Arceus
|-supereffective|p1a: Arceus
|-damage|p1a: Arceus|0 fnt
|faint|p1a: Arceus
|
|-weather|RainDance|[upkeep]
|-sideend|p2: Naofumi_Bakugo_Jax|move: Tailwind
|upkeep
|
|t:|1665805108
|switch|p1a: Yveltal|Yveltal|100/100
|-damage|p1a: Yveltal|75/100|[from] Stealth Rock
|-ability|p1a: Yveltal|Dark Aura
|turn|14
|
|t:|1665805110
|-start|p1a: Yveltal|Dynamax|
|-heal|p1a: Yveltal|75/100|[silent]
|move|p2a: Kyogre|Origin Pulse|p1a: Yveltal
|-damage|p1a: Yveltal|38/100
|move|p1a: Yveltal|Max Airstream|p2a: Kyogre
|-damage|p2a: Kyogre|0 fnt
|-boost|p1a: Yveltal|spe|1
|faint|p2a: Kyogre
|-damage|p1a: Yveltal|33/100|[from] item: Life Orb
|
|-weather|RainDance|[upkeep]
|upkeep
|inactive|Naofumi_Bakugo_Jax has 120 seconds left.
|
|t:|1665805147
|switch|p2a: Arceus|Arceus, shiny|78/100
|-damage|p2a: Arceus|65/100|[from] Stealth Rock
|turn|15
|
|t:|1665805153
|move|p1a: Yveltal|Max Darkness|p2a: Arceus
|-damage|p2a: Arceus|0 fnt
|faint|p2a: Arceus
|-damage|p1a: Yveltal|28/100|[from] item: Life Orb
|
|-weather|RainDance|[upkeep]
|upkeep
|inactive|Naofumi_Bakugo_Jax has 90 seconds left.
|
|t:|1665805200
|switch|p2a: Yveltal|Yveltal, shiny|100/100
|-damage|p2a: Yveltal|76/100|[from] Stealth Rock
|-ability|p2a: Yveltal|Dark Aura
|turn|16
|
|t:|1665805202
|move|p1a: Yveltal|Max Airstream|p2a: Yveltal
|-damage|p2a: Yveltal|1/100
|-boost|p1a: Yveltal|spe|1
|-damage|p1a: Yveltal|23/100|[from] item: Life Orb
|move|p2a: Yveltal|Tailwind|p2a: Yveltal
|-sidestart|p2: Naofumi_Bakugo_Jax|move: Tailwind
|
|-weather|none
|upkeep
|-end|p1a: Yveltal|Dynamax
|-heal|p1a: Yveltal|23/100|[silent]
|turn|17
|
|t:|1665805217
|move|p2a: Yveltal|Tailwind||[still]
|-fail|p2a: Yveltal
|move|p1a: Yveltal|Oblivion Wing|p2a: Yveltal
|-damage|p2a: Yveltal|0 fnt
|-heal|p1a: Yveltal|23/100|[from] drain|[of] p2a: Yveltal
|faint|p2a: Yveltal
|-damage|p1a: Yveltal|13/100|[from] item: Life Orb
|
|upkeep
|inactive|Naofumi_Bakugo_Jax has 60 seconds left.
|
|t:|1665805241
|switch|p2a: Zacian|Zacian-Crowned|100/100
|-damage|p2a: Zacian|94/100|[from] Stealth Rock
|-ability|p2a: Zacian|Intrepid Sword|boost
|-boost|p2a: Zacian|atk|1
|turn|18
|inactive|Naofumi_Bakugo_Jax has 60 seconds left.
|
|t:|1665805248
|move|p2a: Zacian|Behemoth Blade|p1a: Yveltal
|-damage|p1a: Yveltal|0 fnt
|faint|p1a: Yveltal
|
|-sideend|p2: Naofumi_Bakugo_Jax|Reflect
|upkeep
|
|t:|1665805251
|switch|p1a: Ditto|Ditto|100/100
|-damage|p1a: Ditto|88/100|[from] Stealth Rock
|-transform|p1a: Ditto|p2a: Zacian|[from] ability: Imposter
|-ability|p1a: Ditto|Intrepid Sword|boost
|-boost|p1a: Ditto|atk|1
|turn|19
|
|t:|1665805255
|switch|p1a: Necrozma|Necrozma-Dusk-Mane|94/100
|-damage|p1a: Necrozma|88/100|[from] Stealth Rock
|move|p2a: Zacian|Behemoth Blade|p1a: Necrozma
|-resisted|p1a: Necrozma
|-damage|p1a: Necrozma|52/100
|-damage|p2a: Zacian|78/100|[from] item: Rocky Helmet|[of] p1a: Necrozma
|
|-sideend|p2: Naofumi_Bakugo_Jax|move: Tailwind
|upkeep
|turn|20
|
|t:|1665805273
|move|p2a: Zacian|Behemoth Blade|p1a: Necrozma
|-resisted|p1a: Necrozma
|-damage|p1a: Necrozma|20/100
|-damage|p2a: Zacian|61/100|[from] item: Rocky Helmet|[of] p1a: Necrozma
|move|p1a: Necrozma|Moonlight|p1a: Necrozma
|-heal|p1a: Necrozma|70/100
|
|upkeep
|turn|21
|l| Hui hui boi
|
|t:|1665805282
|switch|p2a: Calyrex|Calyrex-Shadow|100/100
|-ability|p2a: Calyrex|As One
|-ability|p2a: Calyrex|Unnerve
|-damage|p2a: Calyrex|88/100|[from] Stealth Rock
|move|p1a: Necrozma|Moonlight|p1a: Necrozma
|-heal|p1a: Necrozma|100/100
|
|upkeep
|turn|22
|
|t:|1665805290
|move|p2a: Calyrex|Astral Barrage|p1a: Necrozma
|-supereffective|p1a: Necrozma
|-damage|p1a: Necrozma|23/100
|move|p1a: Necrozma|Knock Off|p2a: Calyrex
|-supereffective|p2a: Calyrex
|-damage|p2a: Calyrex|0 fnt
|-enditem|p2a: Calyrex|Focus Sash|[from] move: Knock Off|[of] p1a: Necrozma
|faint|p2a: Calyrex
|
|upkeep
|
|t:|1665805292
|switch|p2a: Zacian|Zacian-Crowned|61/100
|-damage|p2a: Zacian|55/100|[from] Stealth Rock
|-ability|p2a: Zacian|Intrepid Sword|boost
|-boost|p2a: Zacian|atk|1
|turn|23
|
|t:|1665805295
|move|p2a: Zacian|Behemoth Blade|p1a: Necrozma
|-resisted|p1a: Necrozma
|-damage|p1a: Necrozma|0 fnt
|-damage|p2a: Zacian|38/100|[from] item: Rocky Helmet|[of] p1a: Necrozma
|faint|p1a: Necrozma
|
|upkeep
|
|t:|1665805297
|switch|p1a: Ditto|Ditto|88/100
|-damage|p1a: Ditto|76/100|[from] Stealth Rock
|-transform|p1a: Ditto|p2a: Zacian|[from] ability: Imposter
|-ability|p1a: Ditto|Intrepid Sword|boost
|-boost|p1a: Ditto|atk|1
|turn|24
|-message|Naofumi_Bakugo_Jax forfeited.
|
|win|TomoTaco69
|raw|TomoTaco69's rating: 1784 &rarr; <strong>1796</strong><br />(+12 for winning)
|raw|Naofumi_Bakugo_Jax's rating: 1640 &rarr; <strong>1628</strong><br />(-12 for losing)
|l|☆Naofumi_Bakugo_Jax
