|j|☆Ronron0901
|j|☆Diancie_hhh
|t:|1665588818
|gametype|singles
|player|p1|Ronron0901|lucas|1682
|player|p2|Diancie_hhh|marnie|1848
|teamsize|p1|6
|teamsize|p2|6
|gen|8
|tier|[Gen 8] National Dex AG
|rated|
|rule|HP Percentage Mod: HP is shown in percentages
|rule|Endless Battle Clause: Forcing endless battles is banned
|clearpoke
|poke|p1|Cinderace, M|
|poke|p1|Ferrothorn, F|
|poke|p1|Toxapex, F|
|poke|p1|Landorus-Therian, M|
|poke|p1|Zacian-*|
|poke|p1|Ditto|
|poke|p2|Arceus-*|
|poke|p2|Zacian-*|
|poke|p2|Groudon|
|poke|p2|Ho-Oh|
|poke|p2|Zygarde|
|poke|p2|Weavile, F|
|teampreview
|
|t:|1665588830
|start
|switch|p1a: Landorus|Landorus-Therian, M|100/100
|switch|p2a: Zygarde|Zygarde, shiny|100/100
|-ability|p1a: Landorus|Intimidate|boost
|-unboost|p2a: Zygarde|atk|1
|turn|1
|
|t:|1665588838
|move|p1a: Landorus|Earthquake|p2a: Zygarde
|-damage|p2a: Zygarde|68/100
|move|p2a: Zygarde|Glare|p1a: Landorus
|-status|p1a: Landorus|par
|
|upkeep
|turn|2
|
|t:|1665588849
|move|p2a: Zygarde|Coil|p2a: Zygarde
|-boost|p2a: Zygarde|atk|1
|-boost|p2a: Zygarde|def|1
|-boost|p2a: Zygarde|accuracy|1
|move|p1a: Landorus|Earthquake|p2a: Zygarde
|-damage|p2a: Zygarde|47/100
|
|-activate|p2a: Zygarde|ability: Power Construct
|detailschange|p2a: Zygarde|Zygarde-Complete, shiny
|-heal|p2a: Zygarde|66/100|[silent]
|upkeep
|turn|3
|
|t:|1665588881
|switch|p1a: Ferrothorn|Ferrothorn, F|100/100
|move|p2a: Zygarde|Coil|p2a: Zygarde
|-boost|p2a: Zygarde|atk|1
|-boost|p2a: Zygarde|def|1
|-boost|p2a: Zygarde|accuracy|1
|
|upkeep
|turn|4
|
|t:|1665588896
|move|p2a: Zygarde|Glare|p1a: Ferrothorn
|-status|p1a: Ferrothorn|par
|move|p1a: Ferrothorn|Stealth Rock|p2a: Zygarde
|-sidestart|p2: Diancie_hhh|move: Stealth Rock
|
|upkeep
|turn|5
|
|t:|1665588907
|move|p2a: Zygarde|Coil|p2a: Zygarde
|-boost|p2a: Zygarde|atk|1
|-boost|p2a: Zygarde|def|1
|-boost|p2a: Zygarde|accuracy|1
|cant|p1a: Ferrothorn|par
|
|upkeep
|turn|6
|
|t:|1665588914
|move|p2a: Zygarde|Thousand Arrows|p1a: Ferrothorn
|-damage|p1a: Ferrothorn|48/100 par
|move|p1a: Ferrothorn|Leech Seed|p2a: Zygarde
|-start|p2a: Zygarde|move: Leech Seed
|
|-heal|p1a: Ferrothorn|54/100 par|[from] item: Leftovers
|-damage|p2a: Zygarde|53/100|[from] Leech Seed|[of] p1a: Ferrothorn
|-heal|p1a: Ferrothorn|76/100 par|[silent]
|upkeep
|turn|7
|
|t:|1665588923
|move|p2a: Zygarde|Coil|p2a: Zygarde
|-boost|p2a: Zygarde|atk|1
|-boost|p2a: Zygarde|def|1
|-boost|p2a: Zygarde|accuracy|1
|move|p1a: Ferrothorn|Gyro Ball|p2a: Zygarde
|-damage|p2a: Zygarde|46/100
|
|-heal|p1a: Ferrothorn|82/100 par|[from] item: Leftovers
|-damage|p2a: Zygarde|34/100|[from] Leech Seed|[of] p1a: Ferrothorn
|-heal|p1a: Ferrothorn|100/100 par|[silent]
|upkeep
|turn|8
|
|t:|1665588939
|move|p2a: Zygarde|Rest|p2a: Zygarde
|-status|p2a: Zygarde|slp|[from] move: Rest
|-heal|p2a: Zygarde|100/100 slp|[silent]
|-enditem|p2a: Zygarde|Chesto Berry|[eat]
|-curestatus|p2a: Zygarde|slp|[msg]
|move|p1a: Ferrothorn|Gyro Ball|p2a: Zygarde
|-damage|p2a: Zygarde|94/100
|
|-damage|p2a: Zygarde|81/100|[from] Leech Seed|[of] p1a: Ferrothorn
|upkeep
|turn|9
|
|t:|1665588953
|switch|p2a: Ho-Oh|Ho-Oh|100/100
|move|p1a: Ferrothorn|Protect||[still]
|-fail|p1a: Ferrothorn
|
|upkeep
|turn|10
|
|t:|1665588969
|switch|p1a: Toxapex|Toxapex, F|100/100
|move|p2a: Ho-Oh|Defog|p1a: Toxapex
|-unboost|p1a: Toxapex|evasion|1
|-sideend|p2: Diancie_hhh|Stealth Rock|[from] move: Defog|[of] p2a: Ho-Oh
|
|upkeep
|turn|11
|
|t:|1665588978
|switch|p2a: Zygarde|Zygarde-Complete, shiny|81/100
|move|p1a: Toxapex|Sludge Bomb|p2a: Zygarde
|-resisted|p2a: Zygarde
|-damage|p2a: Zygarde|76/100
|
|upkeep
|turn|12
|
|t:|1665589005
|move|p2a: Zygarde|Glare|p1a: Toxapex
|-status|p1a: Toxapex|par
|move|p1a: Toxapex|Sludge Bomb|p2a: Zygarde
|-resisted|p2a: Zygarde
|-damage|p2a: Zygarde|71/100
|
|upkeep
|turn|13
|
|t:|1665589012
|move|p2a: Zygarde|Coil|p2a: Zygarde
|-boost|p2a: Zygarde|atk|1
|-boost|p2a: Zygarde|def|1
|-boost|p2a: Zygarde|accuracy|1
|cant|p1a: Toxapex|par
|
|upkeep
|turn|14
|
|t:|1665589022
|move|p2a: Zygarde|Thousand Arrows|p1a: Toxapex
|-supereffective|p1a: Toxapex
|-damage|p1a: Toxapex|41/100 par
|move|p1a: Toxapex|Sludge Bomb|p2a: Zygarde
|-resisted|p2a: Zygarde
|-damage|p2a: Zygarde|66/100
|
|-heal|p1a: Toxapex|48/100 par|[from] item: Black Sludge
|upkeep
|turn|15
|
|t:|1665589045
|move|p2a: Zygarde|Thousand Arrows|p1a: Toxapex
|-supereffective|p1a: Toxapex
|-damage|p1a: Toxapex|0 fnt
|faint|p1a: Toxapex
|
|upkeep
|
|t:|1665589051
|switch|p1a: Ferrothorn|Ferrothorn, F|100/100 par
|turn|16
|
|t:|1665589069
|switch|p2a: Ho-Oh|Ho-Oh|100/100
|move|p1a: Ferrothorn|Stealth Rock|p2a: Ho-Oh
|-sidestart|p2: Diancie_hhh|move: Stealth Rock
|
|upkeep
|turn|17
|
|t:|1665589087
|move|p2a: Ho-Oh|Defog|p1a: Ferrothorn
|-unboost|p1a: Ferrothorn|evasion|1
|-sideend|p2: Diancie_hhh|Stealth Rock|[from] move: Defog|[of] p2a: Ho-Oh
|move|p1a: Ferrothorn|Leech Seed|p2a: Ho-Oh
|-start|p2a: Ho-Oh|move: Leech Seed
|
|-damage|p2a: Ho-Oh|88/100|[from] Leech Seed|[of] p1a: Ferrothorn
|upkeep
|turn|18
|
|t:|1665589096
|switch|p2a: 大地之神|Groudon, shiny|100/100
|detailschange|p2a: 大地之神|Groudon-Primal, shiny
|-primal|p2a: 大地之神
|-weather|DesolateLand|[from] ability: Desolate Land|[of] p2a: 大地之神
|cant|p1a: Ferrothorn|par
|
|-weather|DesolateLand|[upkeep]
|upkeep
|turn|19
|
|t:|1665589111
|move|p2a: 大地之神|Stealth Rock|p1a: Ferrothorn
|-sidestart|p1: Ronron0901|move: Stealth Rock
|move|p1a: Ferrothorn|Stealth Rock|p2a: 大地之神
|-sidestart|p2: Diancie_hhh|move: Stealth Rock
|
|-weather|DesolateLand|[upkeep]
|upkeep
|turn|20
|
|t:|1665589119
|-weather|none
|switch|p2a: Ho-Oh|Ho-Oh|100/100
|move|p1a: Ferrothorn|Leech Seed|p2a: Ho-Oh
|-start|p2a: Ho-Oh|move: Leech Seed
|
|-damage|p2a: Ho-Oh|88/100|[from] Leech Seed|[of] p1a: Ferrothorn
|upkeep
|turn|21
|
|t:|1665589132
|switch|p1a: Zacian|Zacian-Crowned|100/100
|-damage|p1a: Zacian|94/100|[from] Stealth Rock
|-ability|p1a: Zacian|Intrepid Sword|boost
|-boost|p1a: Zacian|atk|1
|move|p2a: Ho-Oh|Defog|p1a: Zacian
|-unboost|p1a: Zacian|evasion|1
|-sideend|p1: Ronron0901|Stealth Rock|[from] move: Defog|[of] p2a: Ho-Oh
|-sideend|p2: Diancie_hhh|Stealth Rock|[from] move: Defog|[of] p2a: Ho-Oh
|
|-damage|p2a: Ho-Oh|76/100|[from] Leech Seed|[of] p1a: Zacian
|-heal|p1a: Zacian|100/100|[silent]
|upkeep
|turn|22
|
|t:|1665589145
|switch|p2a: 大地之神|Groudon-Primal, shiny|100/100
|-weather|DesolateLand|[from] ability: Desolate Land|[of] p2a: 大地之神
|move|p1a: Zacian|Wild Charge|p2a: 大地之神
|-immune|p2a: 大地之神
|
|-weather|DesolateLand|[upkeep]
|upkeep
|turn|23
|
|t:|1665589163
|switch|p1a: Landorus|Landorus-Therian, M|100/100 par
|-ability|p1a: Landorus|Intimidate|boost
|-unboost|p2a: 大地之神|atk|1
|move|p2a: 大地之神|Fire Punch|p1a: Landorus
|-damage|p1a: Landorus|34/100 par
|
|-weather|DesolateLand|[upkeep]
|upkeep
|turn|24
|
|t:|1665589172
|move|p2a: 大地之神|Fire Punch|p1a: Landorus
|-damage|p1a: Landorus|0 fnt
|faint|p1a: Landorus
|
|-weather|DesolateLand|[upkeep]
|upkeep
|
|t:|1665589177
|switch|p1a: Cinderace|Cinderace, M|100/100
|turn|25
|
|t:|1665589185
|-weather|none
|switch|p2a: Zygarde|Zygarde-Complete, shiny|66/100
|-start|p1a: Cinderace|Dynamax|Gmax
|-heal|p1a: Cinderace|100/100|[silent]
|move|p1a: Cinderace|Max Airstream|p2a: Zygarde
|-start|p1a: Cinderace|typechange|Flying|[from] ability: Libero
|-damage|p2a: Zygarde|47/100
|-boost|p1a: Cinderace|spe|1
|
|upkeep
|turn|26
|
|t:|1665589206
|move|p1a: Cinderace|Max Darkness|p2a: Zygarde
|-start|p1a: Cinderace|typechange|Dark|[from] ability: Libero
|-damage|p2a: Zygarde|29/100
|-unboost|p2a: Zygarde|spd|1
|move|p2a: Zygarde|Glare|p1a: Cinderace
|-status|p1a: Cinderace|par
|
|upkeep
|turn|27
|
|t:|1665589217
|cant|p1a: Cinderace|par
|move|p2a: Zygarde|Rest|p2a: Zygarde
|-status|p2a: Zygarde|slp|[from] move: Rest
|-heal|p2a: Zygarde|100/100 slp|[silent]
|
|upkeep
|-end|p1a: Cinderace|Dynamax
|-heal|p1a: Cinderace|100/100 par|[silent]
|turn|28
|
|t:|1665589227
|switch|p1a: Zacian|Zacian-Crowned|100/100
|-ability|p1a: Zacian|Intrepid Sword|boost
|-boost|p1a: Zacian|atk|1
|cant|p2a: Zygarde|slp
|
|upkeep
|turn|29
|inactive|Battle timer is ON: inactive players will automatically lose when time's up. (requested by Diancie_hhh)
|
|t:|1665589234
|switch|p2a: Ho-Oh|Ho-Oh|100/100
|move|p1a: Zacian|Play Rough|p2a: Ho-Oh
|-resisted|p2a: Ho-Oh
|-damage|p2a: Ho-Oh|54/100
|
|upkeep
|turn|30
|
|t:|1665589241
|switch|p2a: 大地之神|Groudon-Primal, shiny|100/100
|-weather|DesolateLand|[from] ability: Desolate Land|[of] p2a: 大地之神
|move|p1a: Zacian|Wild Charge|p2a: 大地之神
|-immune|p2a: 大地之神
|
|-weather|DesolateLand|[upkeep]
|upkeep
|turn|31
|
|t:|1665589254
|switch|p1a: Ferrothorn|Ferrothorn, F|100/100 par
|move|p2a: 大地之神|Fire Punch|p1a: Ferrothorn
|-supereffective|p1a: Ferrothorn
|-damage|p1a: Ferrothorn|0 fnt
|-damage|p2a: 大地之神|88/100|[from] ability: Iron Barbs|[of] p1a: Ferrothorn
|faint|p1a: Ferrothorn
|
|-weather|DesolateLand|[upkeep]
|upkeep
|
|t:|1665589263
|switch|p1a: Ditto|Ditto|100/100
|-transform|p1a: Ditto|p2a: 大地之神|[from] ability: Imposter
|turn|32
|
|t:|1665589270
|switch|p2a: Ho-Oh|Ho-Oh|88/100
|move|p1a: Ditto|Earthquake|p2a: Ho-Oh
|-immune|p2a: Ho-Oh
|
|-weather|DesolateLand|[upkeep]
|upkeep
|turn|33
|
|t:|1665589278
|-weather|none
|switch|p1a: Cinderace|Cinderace, M|100/100 par
|move|p2a: Ho-Oh|Sacred Fire|p1a: Cinderace|[miss]
|-miss|p2a: Ho-Oh|p1a: Cinderace
|
|upkeep
|turn|34
|
|t:|1665589288
|move|p2a: Ho-Oh|Sacred Fire|p1a: Cinderace
|-resisted|p1a: Cinderace
|-damage|p1a: Cinderace|70/100 par
|move|p1a: Cinderace|Bounce||[still]
|-prepare|p1a: Cinderace|Bounce
|-start|p1a: Cinderace|typechange|Flying|[from] ability: Libero
|
|upkeep
|turn|35
|
|t:|1665589296
|switch|p2a: Zygarde|Zygarde-Complete, shiny|100/100 slp
|cant|p1a: Cinderace|par
|
|upkeep
|turn|36
|
|t:|1665589305
|switch|p1a: Zacian|Zacian-Crowned|100/100
|-ability|p1a: Zacian|Intrepid Sword|boost
|-boost|p1a: Zacian|atk|1
|cant|p2a: Zygarde|slp
|
|upkeep
|turn|37
|
|t:|1665589312
|move|p1a: Zacian|Play Rough|p2a: Zygarde
|-supereffective|p2a: Zygarde
|-damage|p2a: Zygarde|30/100 slp
|-curestatus|p2a: Zygarde|slp|[msg]
|move|p2a: Zygarde|Glare|p1a: Zacian
|-status|p1a: Zacian|par
|
|upkeep
|turn|38
|
|t:|1665589322
|switch|p2a: 大地之神|Groudon-Primal, shiny|88/100
|-weather|DesolateLand|[from] ability: Desolate Land|[of] p2a: 大地之神
|move|p1a: Zacian|Play Rough|p2a: 大地之神
|-resisted|p2a: 大地之神
|-damage|p2a: 大地之神|60/100
|
|-weather|DesolateLand|[upkeep]
|upkeep
|turn|39
|
|t:|1665589337
|switch|p1a: Cinderace|Cinderace, M|70/100 par
|move|p2a: 大地之神|Earthquake|p1a: Cinderace
|-supereffective|p1a: Cinderace
|-damage|p1a: Cinderace|0 fnt
|faint|p1a: Cinderace
|
|-weather|DesolateLand|[upkeep]
|upkeep
|
|t:|1665589350
|switch|p1a: Ditto|Ditto|100/100
|-transform|p1a: Ditto|p2a: 大地之神|[from] ability: Imposter
|turn|40
|
|t:|1665589358
|switch|p2a: Ho-Oh|Ho-Oh|100/100
|move|p1a: Ditto|Fire Punch|p2a: Ho-Oh
|-resisted|p2a: Ho-Oh
|-damage|p2a: Ho-Oh|63/100
|
|-weather|DesolateLand|[upkeep]
|upkeep
|turn|41
|
|t:|1665589366
|move|p1a: Ditto|Fire Punch|p2a: Ho-Oh
|-resisted|p2a: Ho-Oh
|-damage|p2a: Ho-Oh|20/100
|move|p2a: Ho-Oh|Toxic|p1a: Ditto
|-status|p1a: Ditto|tox
|
|-weather|DesolateLand|[upkeep]
|-damage|p1a: Ditto|94/100 tox|[from] psn
|upkeep
|turn|42
|
|t:|1665589381
|switch|p2a: 大地之神|Groudon-Primal, shiny|60/100
|move|p1a: Ditto|Fire Punch|p2a: 大地之神
|-resisted|p2a: 大地之神
|-damage|p2a: 大地之神|35/100
|
|-weather|DesolateLand|[upkeep]
|-damage|p1a: Ditto|82/100 tox|[from] psn
|upkeep
|turn|43
|
|t:|1665589393
|move|p1a: Ditto|Fire Punch|p2a: 大地之神
|-resisted|p2a: 大地之神
|-damage|p2a: 大地之神|11/100
|move|p2a: 大地之神|Earthquake|p1a: Ditto
|-supereffective|p1a: Ditto
|-damage|p1a: Ditto|0 fnt
|faint|p1a: Ditto
|
|-weather|DesolateLand|[upkeep]
|upkeep
|
|t:|1665589401
|switch|p1a: Zacian|Zacian-Crowned|100/100 par
|-ability|p1a: Zacian|Intrepid Sword|boost
|-boost|p1a: Zacian|atk|1
|turn|44
|
|t:|1665589406
|move|p2a: 大地之神|Fire Punch|p1a: Zacian
|-supereffective|p1a: Zacian
|-damage|p1a: Zacian|0 fnt
|faint|p1a: Zacian
|
|win|Diancie_hhh
|raw|Ronron0901's rating: 1682 &rarr; <strong>1671</strong><br />(-11 for losing)
|raw|Diancie_hhh's rating: 1848 &rarr; <strong>1859</strong><br />(+11 for winning)
