|j|☆Aliphena
|j|☆xLeonisx
|t:|1643691495
|gametype|singles
|player|p1|Aliphena|265|1677
|player|p2|xLeonisx|169|1595
|teamsize|p1|6
|teamsize|p2|6
|gen|8
|tier|[Gen 8] National Dex AG
|rated|
|rule|HP Percentage Mod: HP is shown in percentages
|rule|Endless Battle Clause: Forcing endless battles is banned
|clearpoke
|poke|p1|Rayquaza|
|poke|p1|Xerneas-*|
|poke|p1|Necrozma-Dusk-Mane|
|poke|p1|Ditto|
|poke|p1|Chatot, M|
|poke|p1|Kyogre|
|poke|p2|Zacian-*|
|poke|p2|Calyrex-Shadow|
|poke|p2|Yveltal|
|poke|p2|Rayquaza|
|poke|p2|Ditto|
|poke|p2|Smeargle, M|
|teampreview
|inactive|Battle timer is ON: inactive players will automatically lose when time's up. (requested by xLeonisx)
|
|t:|1643691522
|start
|switch|p1a: Ditto|Ditto|100/100
|switch|p2a: Yveltal|Yveltal|100/100
|-ability|p2a: Yveltal|Dark Aura
|-transform|p1a: Ditto|p2a: Yveltal|[from] ability: Imposter
|-ability|p1a: Ditto|Dark Aura
|turn|1
|
|t:|1643691539
|switch|p1a: Xerneas|Xerneas|100/100
|-ability|p1a: Xerneas|Fairy Aura
|move|p2a: Yveltal|Knock Off|p1a: Xerneas
|-resisted|p1a: Xerneas
|-damage|p1a: Xerneas|59/100
|-enditem|p1a: Xerneas|Power Herb|[from] move: Knock Off|[of] p2a: Yveltal
|-damage|p2a: Yveltal|91/100|[from] item: Life Orb
|
|upkeep
|turn|2
|
|t:|1643691556
|move|p2a: Yveltal|Knock Off|p1a: Xerneas
|-resisted|p1a: Xerneas
|-damage|p1a: Xerneas|30/100
|-damage|p2a: Yveltal|81/100|[from] item: Life Orb
|move|p1a: Xerneas|Moonblast|p2a: Yveltal
|-supereffective|p2a: Yveltal
|-damage|p2a: Yveltal|0 fnt
|faint|p2a: Yveltal
|
|upkeep
|
|t:|1643691564
|switch|p2a: Calyrex|Calyrex-Shadow|100/100
|-ability|p2a: Calyrex|As One
|-ability|p2a: Calyrex|Unnerve
|turn|3
|
|t:|1643691578
|move|p2a: Calyrex|Astral Barrage|p1a: Xerneas
|-damage|p1a: Xerneas|0 fnt
|faint|p1a: Xerneas
|-ability|p2a: Calyrex|Grim Neigh|boost
|-boost|p2a: Calyrex|spa|1
|
|upkeep
|
|t:|1643691588
|switch|p1a: Chatot|Chatot, M, shiny|100/100
|turn|4
|
|t:|1643691593
|move|p2a: Calyrex|Psychic|p1a: Chatot
|-enditem|p1a: Chatot|Focus Sash
|-damage|p1a: Chatot|1/100
|-unboost|p1a: Chatot|spd|1
|move|p1a: Chatot|Chatter|p2a: Calyrex
|-crit|p2a: Calyrex
|-damage|p2a: Calyrex|61/100
|-start|p2a: Calyrex|confusion
|
|upkeep
|turn|5
|
|t:|1643691600
|-activate|p2a: Calyrex|confusion
|move|p2a: Calyrex|Psychic|p1a: Chatot
|-damage|p1a: Chatot|0 fnt
|faint|p1a: Chatot
|-ability|p2a: Calyrex|Grim Neigh|boost
|-boost|p2a: Calyrex|spa|1
|
|upkeep
|
|t:|1643691604
|switch|p1a: Ditto|Ditto|100/100
|-transform|p1a: Ditto|p2a: Calyrex|[from] ability: Imposter
|turn|6
|
|t:|1643691619
|switch|p2a: Smeargle|Smeargle, M|100/100
|move|p1a: Ditto|Astral Barrage|p2a: Smeargle
|-immune|p2a: Smeargle
|
|-ability|p2a: Smeargle|Moody|boost
|-boost|p2a: Smeargle|spd|2
|-unboost|p2a: Smeargle|atk|1
|upkeep
|turn|7
|
|t:|1643691624
|-start|p1a: Ditto|Dynamax
|-heal|p1a: Ditto|100/100|[silent]
|move|p1a: Ditto|Max Starfall|p2a: Smeargle
|-damage|p2a: Smeargle|15/100
|-fieldstart|move: Misty Terrain
|move|p2a: Smeargle|Shift Gear|p2a: Smeargle
|-boost|p2a: Smeargle|spe|2
|-boost|p2a: Smeargle|atk|1
|
|-ability|p2a: Smeargle|Moody|boost
|-boost|p2a: Smeargle|def|2
|-unboost|p2a: Smeargle|spe|1
|upkeep
|turn|8
|
|t:|1643691631
|move|p1a: Ditto|Max Starfall|p2a: Smeargle
|-damage|p2a: Smeargle|0 fnt
|faint|p2a: Smeargle
|-ability|p1a: Ditto|Grim Neigh|boost
|-boost|p1a: Ditto|spa|1
|
|upkeep
|
|t:|1643691642
|switch|p2a: Rayquaza|Rayquaza|100/100
|-ability|p2a: Rayquaza|Air Lock
|turn|9
|
|t:|1643691656
|detailschange|p2a: Rayquaza|Rayquaza-Mega
|-mega|p2a: Rayquaza|Rayquaza|
|-weather|DeltaStream|[from] ability: Delta Stream|[of] p2a: Rayquaza
|move|p1a: Ditto|Max Mindstorm|p2a: Rayquaza
|-enditem|p2a: Rayquaza|Focus Sash
|-damage|p2a: Rayquaza|1/100
|-fieldstart|move: Psychic Terrain
|move|p2a: Rayquaza|Dragon Ascent|p1a: Ditto
|-damage|p1a: Ditto|35/100
|-unboost|p2a: Rayquaza|def|1
|-unboost|p2a: Rayquaza|spd|1
|
|-weather|DeltaStream|[upkeep]
|-end|p1a: Ditto|Dynamax
|-heal|p1a: Ditto|35/100|[silent]
|upkeep
|turn|10
|
|t:|1643691665
|move|p1a: Ditto|Astral Barrage|p2a: Rayquaza
|-damage|p2a: Rayquaza|0 fnt
|faint|p2a: Rayquaza
|-weather|none
|-ability|p1a: Ditto|Grim Neigh|boost
|-boost|p1a: Ditto|spa|1
|
|upkeep
|
|t:|1643691671
|switch|p2a: OP Dog|Zacian-Crowned|100/100
|-ability|p2a: OP Dog|Intrepid Sword|boost
|-boost|p2a: OP Dog|atk|1
|turn|11
|
|t:|1643691678
|move|p1a: Ditto|Astral Barrage|p2a: OP Dog
|-damage|p2a: OP Dog|0 fnt
|faint|p2a: OP Dog
|-ability|p1a: Ditto|Grim Neigh|boost
|-boost|p1a: Ditto|spa|1
|
|upkeep
|
|t:|1643691686
|switch|p2a: Calyrex|Calyrex-Shadow|61/100
|-ability|p2a: Calyrex|As One
|-ability|p2a: Calyrex|Unnerve
|turn|12
|
|t:|1643691691
|move|p1a: Ditto|Astral Barrage|p2a: Calyrex
|-supereffective|p2a: Calyrex
|-damage|p2a: Calyrex|0 fnt
|faint|p2a: Calyrex
|-ability|p1a: Ditto|Grim Neigh|boost
|-boost|p1a: Ditto|spa|1
|
|upkeep
|
|t:|1643691693
|switch|p2a: I COPY but faster|Ditto|100/100
|turn|13
|-message|xLeonisx forfeited.
|
|win|Aliphena
|raw|Aliphena's rating: 1677 &rarr; <strong>1692</strong><br />(+15 for winning)
|raw|xLeonisx's rating: 1595 &rarr; <strong>1580</strong><br />(-15 for losing)
|l|☆xLeonisx
