|j|☆rajof
|j|☆Apprenti Buck
|t:|1662797596
|gametype|singles
|player|p1|rajof|youngster-gen4|1973
|player|p2|Apprenti Buck|ethan|1950
|teamsize|p1|6
|teamsize|p2|6
|gen|8
|tier|[Gen 8] National Dex AG
|rated|
|rule|HP Percentage Mod: HP is shown in percentages
|rule|Endless Battle Clause: Forcing endless battles is banned
|clearpoke
|poke|p1|Arceus-*|
|poke|p1|Ditto|
|poke|p1|Chansey, F|
|poke|p1|Lugia|
|poke|p1|Groudon|
|poke|p1|Arceus-*|
|poke|p2|Groudon|
|poke|p2|Rayquaza|
|poke|p2|Calyrex-Shadow|
|poke|p2|Arceus-*|
|poke|p2|Yveltal|
|poke|p2|Marshadow|
|teampreview
|inactive|Battle timer is ON: inactive players will automatically lose when time's up. (requested by Apprenti Buck)
|
|t:|1662797601
|start
|switch|p1a: 루기아|Lugia|100/100
|switch|p2a: Groudon|Groudon|100/100
|detailschange|p2a: Groudon|Groudon-Primal
|-primal|p2a: Groudon
|-weather|DesolateLand|[from] ability: Desolate Land|[of] p2a: Groudon
|turn|1
|
|t:|1662797605
|move|p2a: Groudon|Stealth Rock|p1a: 루기아
|-sidestart|p1: rajof|move: Stealth Rock
|move|p1a: 루기아|Toxic|p2a: Groudon
|-status|p2a: Groudon|tox
|
|-weather|DesolateLand|[upkeep]
|-damage|p2a: Groudon|94/100 tox|[from] psn
|upkeep
|turn|2
|
|t:|1662797609
|move|p2a: Groudon|Swords Dance|p2a: Groudon
|-boost|p2a: Groudon|atk|2
|move|p1a: 루기아|Defog|p2a: Groudon
|-unboost|p2a: Groudon|evasion|1
|-sideend|p1: rajof|Stealth Rock|[from] move: Defog|[of] p1a: 루기아
|
|-weather|DesolateLand|[upkeep]
|-damage|p2a: Groudon|82/100 tox|[from] psn
|upkeep
|turn|3
|
|t:|1662797613
|move|p2a: Groudon|Rock Tomb|p1a: 루기아|[miss]
|-miss|p2a: Groudon|p1a: 루기아
|move|p1a: 루기아|Roost||[still]
|-fail|p1a: 루기아|heal
|
|-weather|DesolateLand|[upkeep]
|-damage|p2a: Groudon|64/100 tox|[from] psn
|upkeep
|turn|4
|
|t:|1662797621
|move|p2a: Groudon|Rock Tomb|p1a: 루기아
|-supereffective|p1a: 루기아
|-damage|p1a: 루기아|75/100
|-unboost|p1a: 루기아|spe|1
|move|p1a: 루기아|Roost|p1a: 루기아
|-heal|p1a: 루기아|100/100
|-singleturn|p1a: 루기아|move: Roost
|
|-weather|DesolateLand|[upkeep]
|-damage|p2a: Groudon|39/100 tox|[from] psn
|upkeep
|turn|5
|
|t:|1662797633
|move|p2a: Groudon|Rock Tomb|p1a: 루기아
|-supereffective|p1a: 루기아
|-damage|p1a: 루기아|74/100
|-unboost|p1a: 루기아|spe|1
|move|p1a: 루기아|Roost|p1a: 루기아
|-heal|p1a: 루기아|100/100
|-singleturn|p1a: 루기아|move: Roost
|
|-weather|DesolateLand|[upkeep]
|-damage|p2a: Groudon|8/100 tox|[from] psn
|upkeep
|turn|6
|
|t:|1662797636
|move|p2a: Groudon|Rock Tomb|p1a: 루기아
|-supereffective|p1a: 루기아
|-damage|p1a: 루기아|74/100
|-unboost|p1a: 루기아|spe|1
|move|p1a: 루기아|Defog|p2a: Groudon
|-unboost|p2a: Groudon|evasion|1
|
|-weather|DesolateLand|[upkeep]
|-damage|p2a: Groudon|0 fnt|[from] psn
|faint|p2a: Groudon
|-weather|none
|upkeep
|
|t:|1662797645
|switch|p2a: Calyrex|Calyrex-Shadow|100/100
|-ability|p2a: Calyrex|As One
|-ability|p2a: Calyrex|Unnerve
|turn|7
|
|t:|1662797648
|switch|p1a: 악르세우스|Arceus-Dark|100/100
|move|p2a: Calyrex|Astral Barrage|p1a: 악르세우스
|-resisted|p1a: 악르세우스
|-damage|p1a: 악르세우스|76/100
|
|upkeep
|turn|8
|
|t:|1662797651
|switch|p2a: Marshadow|Marshadow|100/100
|move|p1a: 악르세우스|Judgment|p2a: Marshadow
|-damage|p2a: Marshadow|47/100
|
|upkeep
|turn|9
|
|t:|1662797654
|switch|p1a: 루기아|Lugia|74/100
|move|p2a: Marshadow|Close Combat|p1a: 루기아
|-resisted|p1a: 루기아
|-damage|p1a: 루기아|65/100
|-unboost|p2a: Marshadow|def|1
|-unboost|p2a: Marshadow|spd|1
|-damage|p2a: Marshadow|30/100|[from] item: Rocky Helmet|[of] p1a: 루기아
|-damage|p2a: Marshadow|20/100|[from] item: Life Orb
|
|upkeep
|turn|10
|
|t:|1662797659
|move|p2a: Marshadow|Poltergeist|p1a: 루기아
|-activate|p1a: 루기아|move: Poltergeist|Rocky Helmet
|-supereffective|p1a: 루기아
|-damage|p1a: 루기아|0 fnt
|faint|p1a: 루기아
|-damage|p2a: Marshadow|10/100|[from] item: Life Orb
|
|upkeep
|
|t:|1662797664
|switch|p1a: 메타몽|Ditto|100/100
|-transform|p1a: 메타몽|p2a: Marshadow|[from] ability: Imposter
|turn|11
|
|t:|1662797671
|switch|p2a: Rayquaza|Rayquaza|100/100
|-ability|p2a: Rayquaza|Air Lock
|move|p1a: 메타몽|Shadow Sneak|p2a: Rayquaza
|-damage|p2a: Rayquaza|67/100
|
|upkeep
|turn|12
|
|t:|1662797679
|switch|p1a: 아르세우스|Arceus-Fairy|100/100
|detailschange|p2a: Rayquaza|Rayquaza-Mega
|-mega|p2a: Rayquaza|Rayquaza|
|-weather|DeltaStream|[from] ability: Delta Stream|[of] p2a: Rayquaza
|move|p2a: Rayquaza|Dragon Dance|p2a: Rayquaza
|-boost|p2a: Rayquaza|atk|1
|-boost|p2a: Rayquaza|spe|1
|
|-weather|DeltaStream|[upkeep]
|upkeep
|turn|13
|
|t:|1662797686
|move|p2a: Rayquaza|Dragon Ascent|p1a: 아르세우스
|-damage|p1a: 아르세우스|14/100
|-unboost|p2a: Rayquaza|def|1
|-unboost|p2a: Rayquaza|spd|1
|-damage|p2a: Rayquaza|57/100|[from] item: Life Orb
|move|p1a: 아르세우스|Judgment|p2a: Rayquaza
|-supereffective|p2a: Rayquaza
|-damage|p2a: Rayquaza|0 fnt
|faint|p2a: Rayquaza
|-weather|none
|
|upkeep
|
|t:|1662797696
|switch|p2a: Calyrex|Calyrex-Shadow|100/100
|-ability|p2a: Calyrex|As One
|-ability|p2a: Calyrex|Unnerve
|turn|14
|
|t:|1662797700
|switch|p1a: 럭키|Chansey, F|100/100
|move|p2a: Calyrex|Astral Barrage|p1a: 럭키
|-immune|p1a: 럭키
|
|upkeep
|turn|15
|
|t:|1662797704
|move|p2a: Calyrex|Substitute|p2a: Calyrex
|-start|p2a: Calyrex|Substitute
|-damage|p2a: Calyrex|76/100
|move|p1a: 럭키|Wish|p1a: 럭키
|
|upkeep
|turn|16
|
|t:|1662797710
|switch|p1a: 악르세우스|Arceus-Dark|76/100
|move|p2a: Calyrex|Nasty Plot|p2a: Calyrex
|-boost|p2a: Calyrex|spa|2
|
|-heal|p1a: 악르세우스|100/100|[from] move: Wish|[wisher] 럭키
|upkeep
|turn|17
|
|t:|1662797720
|-zpower|p2a: Calyrex
|move|p2a: Calyrex|Never-Ending Nightmare|p1a: 악르세우스|[zeffect]
|-resisted|p1a: 악르세우스
|-damage|p1a: 악르세우스|18/100
|move|p1a: 악르세우스|Judgment|p2a: Calyrex
|-supereffective|p2a: Calyrex
|-end|p2a: Calyrex|Substitute
|
|upkeep
|turn|18
|
|t:|1662797729
|move|p2a: Calyrex|Astral Barrage|p1a: 악르세우스
|-resisted|p1a: 악르세우스
|-damage|p1a: 악르세우스|0 fnt
|faint|p1a: 악르세우스
|-ability|p2a: Calyrex|Grim Neigh|boost
|-boost|p2a: Calyrex|spa|1
|
|upkeep
|
|t:|1662797731
|switch|p1a: 메타몽|Ditto|100/100
|-transform|p1a: 메타몽|p2a: Calyrex|[from] ability: Imposter
|turn|19
|
|t:|1662797735
|switch|p2a: Arceus|Arceus|100/100
|move|p1a: 메타몽|Astral Barrage|p2a: Arceus
|-immune|p2a: Arceus
|
|upkeep
|turn|20
|
|t:|1662797748
|switch|p1a: 럭키|Chansey, F|100/100
|move|p2a: Arceus|Shadow Claw|p1a: 럭키
|-immune|p1a: 럭키
|
|upkeep
|turn|21
|
|t:|1662797751
|move|p2a: Arceus|Swords Dance|p2a: Arceus
|-boost|p2a: Arceus|atk|2
|move|p1a: 럭키|Toxic|p2a: Arceus|[miss]
|-miss|p1a: 럭키|p2a: Arceus
|
|upkeep
|turn|22
|
|t:|1662797756
|move|p2a: Arceus|Extreme Speed|p1a: 럭키
|-damage|p1a: 럭키|33/100
|-damage|p2a: Arceus|91/100|[from] item: Life Orb
|move|p1a: 럭키|Toxic|p2a: Arceus
|-status|p2a: Arceus|tox
|
|-damage|p2a: Arceus|84/100 tox|[from] psn
|upkeep
|turn|23
|
|t:|1662797759
|move|p2a: Arceus|Extreme Speed|p1a: 럭키
|-damage|p1a: 럭키|0 fnt
|faint|p1a: 럭키
|-damage|p2a: Arceus|75/100 tox|[from] item: Life Orb
|
|-damage|p2a: Arceus|62/100 tox|[from] psn
|upkeep
|
|t:|1662797762
|switch|p1a: 아르세우스|Arceus-Fairy|14/100
|turn|24
|
|t:|1662797765
|move|p2a: Arceus|Extreme Speed|p1a: 아르세우스
|-damage|p1a: 아르세우스|0 fnt
|faint|p1a: 아르세우스
|-damage|p2a: Arceus|52/100 tox|[from] item: Life Orb
|
|-damage|p2a: Arceus|34/100 tox|[from] psn
|upkeep
|
|t:|1662797767
|switch|p1a: 메타몽|Ditto|100/100
|-transform|p1a: 메타몽|p2a: Arceus|[from] ability: Imposter
|turn|25
|
|t:|1662797772
|move|p1a: 메타몽|Extreme Speed|p2a: Arceus
|-damage|p2a: Arceus|0 fnt
|faint|p2a: Arceus
|
|upkeep
|
|t:|1662797779
|switch|p2a: Marshadow|Marshadow|10/100
|turn|26
|
|t:|1662797798
|-start|p1a: 메타몽|Dynamax|
|-heal|p1a: 메타몽|100/100|[silent]
|move|p2a: Marshadow|Close Combat|p1a: 메타몽
|-supereffective|p1a: 메타몽
|-damage|p1a: 메타몽|26/100
|-unboost|p2a: Marshadow|def|1
|-unboost|p2a: Marshadow|spd|1
|-damage|p2a: Marshadow|0 fnt|[from] item: Life Orb
|faint|p2a: Marshadow
|move|p1a: 메타몽|Max Quake|p2: Marshadow|[notarget]
|-fail|p1a: 메타몽
|
|upkeep
|
|t:|1662797801
|switch|p2a: Calyrex|Calyrex-Shadow|76/100
|-ability|p2a: Calyrex|As One
|-ability|p2a: Calyrex|Unnerve
|turn|27
|
|t:|1662797813
|move|p2a: Calyrex|Substitute|p2a: Calyrex
|-start|p2a: Calyrex|Substitute
|-damage|p2a: Calyrex|51/100
|move|p1a: 메타몽|Max Quake|p2a: Calyrex
|-crit|p2a: Calyrex
|-end|p2a: Calyrex|Substitute
|-boost|p1a: 메타몽|spd|1
|
|upkeep
|turn|28
|
|t:|1662797831
|move|p2a: Calyrex|Substitute|p2a: Calyrex
|-start|p2a: Calyrex|Substitute
|-damage|p2a: Calyrex|26/100
|move|p1a: 메타몽|Max Phantasm|p2a: Calyrex
|-supereffective|p2a: Calyrex
|-end|p2a: Calyrex|Substitute
|-unboost|p2a: Calyrex|def|1
|
|upkeep
|-end|p1a: 메타몽|Dynamax
|-heal|p1a: 메타몽|26/100|[silent]
|turn|29
|
|t:|1662797844
|switch|p1a: 그란돈|Groudon|100/100
|detailschange|p1a: 그란돈|Groudon-Primal
|-primal|p1a: 그란돈
|-weather|DesolateLand|[from] ability: Desolate Land|[of] p1a: 그란돈
|move|p2a: Calyrex|Nasty Plot|p2a: Calyrex
|-boost|p2a: Calyrex|spa|2
|
|-weather|DesolateLand|[upkeep]
|upkeep
|turn|30
|
|t:|1662797847
|move|p2a: Calyrex|Astral Barrage|p1a: 그란돈
|-damage|p1a: 그란돈|0 fnt
|faint|p1a: 그란돈
|-weather|none
|-ability|p2a: Calyrex|Grim Neigh|boost
|-boost|p2a: Calyrex|spa|1
|
|upkeep
|
|t:|1662797849
|switch|p1a: 메타몽|Ditto|26/100
|-transform|p1a: 메타몽|p2a: Calyrex|[from] ability: Imposter
|turn|31
|
|t:|1662797851
|move|p1a: 메타몽|Astral Barrage|p2a: Calyrex
|-supereffective|p2a: Calyrex
|-damage|p2a: Calyrex|0 fnt
|faint|p2a: Calyrex
|-ability|p1a: 메타몽|Grim Neigh|boost
|-boost|p1a: 메타몽|spa|1
|
|upkeep
|
|t:|1662797853
|switch|p2a: Yveltal|Yveltal|100/100
|-ability|p2a: Yveltal|Dark Aura
|turn|32
|
|t:|1662797856
|-start|p2a: Yveltal|Dynamax|
|-heal|p2a: Yveltal|100/100|[silent]
|move|p1a: 메타몽|Astral Barrage|p2a: Yveltal
|-resisted|p2a: Yveltal
|-damage|p2a: Yveltal|54/100
|move|p2a: Yveltal|Max Darkness|p1a: 메타몽
|-supereffective|p1a: 메타몽
|-damage|p1a: 메타몽|0 fnt
|faint|p1a: 메타몽
|-damage|p2a: Yveltal|49/100|[from] item: Life Orb
|
|win|Apprenti Buck
|raw|rajof's rating: 1973 &rarr; <strong>1952</strong><br />(-21 for losing)
|raw|Apprenti Buck's rating: 1950 &rarr; <strong>1971</strong><br />(+21 for winning)
|l|☆rajof
