|j|☆thicsucttv
|j|☆takaihiza
|t:|1658349087
|gametype|singles
|player|p1|thicsucttv|2|1292
|player|p2|takaihiza|irida|1400
|teamsize|p1|6
|teamsize|p2|6
|gen|8
|tier|[Gen 8] National Dex AG
|rated|
|rule|HP Percentage Mod: HP is shown in percentages
|rule|Endless Battle Clause: Forcing endless battles is banned
|clearpoke
|poke|p1|Ditto|
|poke|p1|Eevee, M|
|poke|p1|Lucario, F|
|poke|p1|Gyarados, F|
|poke|p1|Ninjask, F|
|poke|p1|Lugia|
|poke|p2|Necrozma-Dusk-Mane|
|poke|p2|Deoxys-Speed|
|poke|p2|Pheromosa|
|poke|p2|Kyogre|
|poke|p2|Melmetal|
|poke|p2|Quagsire, M|
|teampreview
|inactive|Battle timer is ON: inactive players will automatically lose when time's up. (requested by takaihiza)
|
|t:|1658349098
|start
|switch|p1a: Ditto|Ditto|100/100
|switch|p2a: Deoxys|Deoxys-Speed, shiny|100/100
|-ability|p2a: Deoxys|Pressure
|-transform|p1a: Ditto|p2a: Deoxys|[from] ability: Imposter
|-ability|p1a: Ditto|Pressure
|turn|1
|
|t:|1658349115
|switch|p2a: Quagsire|Quagsire, M|100/100
|move|p1a: Ditto|Stealth Rock|p2a: Quagsire
|-sidestart|p2: takaihiza|move: Stealth Rock
|
|upkeep
|turn|2
|
|t:|1658349126
|switch|p1a: Eevee|Eevee, M|100/100
|move|p2a: Quagsire|Encore||[still]
|-fail|p2a: Quagsire
|
|upkeep
|turn|3
|
|t:|1658349136
|switch|p2a: Deoxys|Deoxys-Speed, shiny|100/100
|-damage|p2a: Deoxys|88/100|[from] Stealth Rock
|-ability|p2a: Deoxys|Pressure
|-zpower|p1a: Eevee
|move|p1a: Eevee|Extreme Evoboost|p1a: Eevee
|-boost|p1a: Eevee|atk|2
|-boost|p1a: Eevee|def|2
|-boost|p1a: Eevee|spa|2
|-boost|p1a: Eevee|spd|2
|-boost|p1a: Eevee|spe|2
|
|upkeep
|turn|4
|
|t:|1658349150
|move|p2a: Deoxys|Taunt|p1a: Eevee
|-start|p1a: Eevee|move: Taunt
|cant|p1a: Eevee|move: Taunt|Baton Pass
|
|upkeep
|turn|5
|
|t:|1658349161
|switch|p1a: Lugia|Lugia|100/100
|move|p2a: Deoxys|Stealth Rock|p1a: Lugia
|-sidestart|p1: thicsucttv|move: Stealth Rock
|
|upkeep
|turn|6
|
|t:|1658349167
|move|p2a: Deoxys|Thunder Wave|p1a: Lugia
|-status|p1a: Lugia|par
|move|p1a: Lugia|Toxic|p2a: Deoxys
|-status|p2a: Deoxys|tox
|
|-damage|p2a: Deoxys|82/100 tox|[from] psn
|upkeep
|turn|7
|
|t:|1658349176
|move|p1a: Lugia|Protect|p1a: Lugia
|-singleturn|p1a: Lugia|Protect
|move|p2a: Deoxys|Taunt|p1a: Lugia
|-activate|p1a: Lugia|move: Protect
|
|-damage|p2a: Deoxys|69/100 tox|[from] psn
|upkeep
|turn|8
|
|t:|1658349189
|move|p2a: Deoxys|Taunt|p1a: Lugia
|-start|p1a: Lugia|move: Taunt
|cant|p1a: Lugia|move: Taunt|Toxic
|
|-damage|p2a: Deoxys|51/100 tox|[from] psn
|upkeep
|turn|9
|
|t:|1658349204
|move|p2a: Deoxys|Psycho Boost|p1a: Lugia
|-resisted|p1a: Lugia
|-damage|p1a: Lugia|93/100 par
|-unboost|p2a: Deoxys|spa|2
|-activate|p1a: Lugia|move: Struggle
|move|p1a: Lugia|Struggle|p2a: Deoxys
|-damage|p2a: Deoxys|37/100 tox
|-damage|p1a: Lugia|67/100 par|[from] recoil
|
|-heal|p1a: Lugia|74/100 par|[from] item: Leftovers
|-damage|p2a: Deoxys|12/100 tox|[from] psn
|upkeep
|turn|10
|
|t:|1658349232
|switch|p2a: Pheromosa|Pheromosa, shiny|100/100
|-damage|p2a: Pheromosa|88/100|[from] Stealth Rock
|switch|p1a: Eevee|Eevee, M|100/100
|-damage|p1a: Eevee|88/100|[from] Stealth Rock
|-ability|p1a: Eevee|Anticipation
|
|upkeep
|turn|11
|
|t:|1658349243
|move|p2a: Pheromosa|Triple Axel|p1a: Eevee
|-damage|p1a: Eevee|75/100
|-damage|p1a: Eevee|47/100
|-damage|p1a: Eevee|11/100
|-hitcount|p1a: Eevee|3
|move|p1a: Eevee|Yawn|p2a: Pheromosa
|-start|p2a: Pheromosa|move: Yawn|[of] p1a: Eevee
|
|upkeep
|turn|12
|
|t:|1658349255
|switch|p2a: Kyogre|Kyogre|100/100
|-damage|p2a: Kyogre|88/100|[from] Stealth Rock
|-weather|RainDance|[from] ability: Drizzle|[of] p2a: Kyogre
|move|p1a: Eevee|Last Resort||[still]
|-fail|p1a: Eevee
|
|-weather|RainDance|[upkeep]
|upkeep
|turn|13
|
|t:|1658349264
|move|p2a: Kyogre|Water Spout|p1a: Eevee
|-damage|p1a: Eevee|0 fnt
|faint|p1a: Eevee
|
|-weather|RainDance|[upkeep]
|upkeep
|
|t:|1658349271
|switch|p1a: Ninjask|Ninjask, F|100/100
|-damage|p1a: Ninjask|50/100|[from] Stealth Rock
|turn|14
|
|t:|1658349276
|-start|p2a: Kyogre|Dynamax|
|-heal|p2a: Kyogre|88/100|[silent]
|move|p1a: Ninjask|Protect|p1a: Ninjask
|-singleturn|p1a: Ninjask|Protect
|move|p2a: Kyogre|Max Lightning|p1a: Ninjask
|-supereffective|p1a: Ninjask
|-zbroken|p1a: Ninjask
|-damage|p1a: Ninjask|4/100
|-fieldstart|move: Electric Terrain
|-enditem|p1a: Ninjask|Liechi Berry|[eat]
|-boost|p1a: Ninjask|atk|1|[from] item: Liechi Berry
|
|-weather|RainDance|[upkeep]
|-ability|p1a: Ninjask|Speed Boost|boost
|-boost|p1a: Ninjask|spe|1
|upkeep
|turn|15
|
|t:|1658349296
|move|p1a: Ninjask|Baton Pass|p1a: Ninjask
|
|t:|1658349302
|switch|p1a: Lugia|Lugia|74/100 par|[from]move: Baton Pass
|-damage|p1a: Lugia|49/100 par|[from] Stealth Rock
|move|p2a: Kyogre|Max Lightning|p1a: Lugia
|-supereffective|p1a: Lugia
|-damage|p1a: Lugia|0 fnt
|faint|p1a: Lugia
|
|-weather|RainDance|[upkeep]
|upkeep
|
|t:|1658349315
|switch|p1a: Gyarados|Gyarados, F|100/100
|-damage|p1a: Gyarados|76/100|[from] Stealth Rock
|turn|16
|
|t:|1658349321
|-start|p1a: Gyarados|Dynamax|
|-heal|p1a: Gyarados|76/100|[silent]
|move|p1a: Gyarados|Max Guard|p1a: Gyarados
|-singleturn|p1a: Gyarados|Max Guard
|move|p2a: Kyogre|Max Lightning|p1a: Gyarados
|-activate|p1a: Gyarados|move: Max Guard
|
|-weather|none
|upkeep
|-end|p2a: Kyogre|Dynamax
|-heal|p2a: Kyogre|88/100|[silent]
|turn|17
|
|t:|1658349334
|move|p2a: Kyogre|Water Spout|p1a: Gyarados
|-resisted|p1a: Gyarados
|-damage|p1a: Gyarados|58/100
|move|p1a: Gyarados|Max Overgrowth|p2a: Kyogre
|-supereffective|p2a: Kyogre
|-damage|p2a: Kyogre|0 fnt
|-fieldstart|move: Grassy Terrain
|faint|p2a: Kyogre
|-ability|p1a: Gyarados|Moxie|boost
|-boost|p1a: Gyarados|atk|1
|-damage|p1a: Gyarados|53/100|[from] item: Life Orb
|
|upkeep
|
|t:|1658349351
|switch|p2a: Deoxys|Deoxys-Speed, shiny|12/100 tox
|-damage|p2a: Deoxys|0 fnt|[from] Stealth Rock
|faint|p2a: Deoxys
|
|t:|1658349365
|switch|p2a: Quagsire|Quagsire, M|100/100
|-damage|p2a: Quagsire|94/100|[from] Stealth Rock
|turn|18
|
|t:|1658349373
|move|p1a: Gyarados|Max Overgrowth|p2a: Quagsire
|-supereffective|p2a: Quagsire
|-damage|p2a: Quagsire|0 fnt
|faint|p2a: Quagsire
|-ability|p1a: Gyarados|Moxie|boost
|-boost|p1a: Gyarados|atk|1
|-damage|p1a: Gyarados|48/100|[from] item: Life Orb
|
|upkeep
|
|t:|1658349385
|switch|p2a: Pheromosa|Pheromosa, shiny|88/100
|-damage|p2a: Pheromosa|76/100|[from] Stealth Rock
|-end|p1a: Gyarados|Dynamax
|-heal|p1a: Gyarados|48/100|[silent]
|turn|19
|
|t:|1658349398
|move|p2a: Pheromosa|Triple Axel|p1a: Gyarados
|-damage|p1a: Gyarados|39/100
|-damage|p1a: Gyarados|24/100
|-damage|p1a: Gyarados|0 fnt
|faint|p1a: Gyarados
|-ability|p2a: Pheromosa|Beast Boost|boost
|-boost|p2a: Pheromosa|atk|1
|-hitcount|p1: Gyarados|3
|
|-heal|p2a: Pheromosa|82/100|[from] Grassy Terrain
|upkeep
|
|t:|1658349412
|switch|p1a: Ditto|Ditto|100/100
|-damage|p1a: Ditto|88/100|[from] Stealth Rock
|-transform|p1a: Ditto|p2a: Pheromosa|[from] ability: Imposter
|turn|20
|
|t:|1658349426
|move|p1a: Ditto|Triple Axel|p2a: Pheromosa
|-damage|p2a: Pheromosa|50/100
|-damage|p2a: Pheromosa|0 fnt
|faint|p2a: Pheromosa
|-ability|p1a: Ditto|Beast Boost|boost
|-boost|p1a: Ditto|atk|1
|-hitcount|p2: Pheromosa|2
|
|-heal|p1a: Ditto|94/100|[from] Grassy Terrain
|upkeep
|
|t:|1658349450
|switch|p2a: Melmetal|Melmetal|100/100
|-damage|p2a: Melmetal|94/100|[from] Stealth Rock
|turn|21
|
|t:|1658349458
|move|p1a: Ditto|Triple Axel|p2a: Melmetal
|-resisted|p2a: Melmetal
|-damage|p2a: Melmetal|90/100
|-resisted|p2a: Melmetal
|-damage|p2a: Melmetal|81/100
|-resisted|p2a: Melmetal
|-damage|p2a: Melmetal|68/100
|-hitcount|p2a: Melmetal|3
|move|p2a: Melmetal|Double Iron Bash|p1a: Ditto
|-damage|p1a: Ditto|0 fnt
|faint|p1a: Ditto
|-hitcount|p1: Ditto|1
|
|-heal|p2a: Melmetal|74/100|[from] Grassy Terrain
|-fieldend|move: Grassy Terrain
|upkeep
|
|t:|1658349472
|switch|p1a: Lucario|Lucario, F|100/100
|-damage|p1a: Lucario|98/100|[from] Stealth Rock
|turn|22
|
|t:|1658349479
|detailschange|p1a: Lucario|Lucario-Mega, F
|-mega|p1a: Lucario|Lucario|Lucarionite
|move|p1a: Lucario|Swords Dance|p1a: Lucario
|-boost|p1a: Lucario|atk|2
|move|p2a: Melmetal|Double Iron Bash|p1a: Lucario
|-resisted|p1a: Lucario
|-damage|p1a: Lucario|50/100
|-resisted|p1a: Lucario
|-damage|p1a: Lucario|5/100
|-hitcount|p1a: Lucario|2
|
|upkeep
|turn|23
|
|t:|1658349489
|move|p1a: Lucario|Close Combat|p2a: Melmetal
|-supereffective|p2a: Melmetal
|-damage|p2a: Melmetal|0 fnt
|-unboost|p1a: Lucario|def|1
|-unboost|p1a: Lucario|spd|1
|faint|p2a: Melmetal
|
|upkeep
|
|t:|1658349491
|switch|p2a: Necrozma|Necrozma-Dusk-Mane, shiny|100/100
|-damage|p2a: Necrozma|95/100|[from] Stealth Rock
|turn|24
|
|t:|1658349502
|detailschange|p2a: Necrozma|Necrozma-Ultra, shiny
|-burst|p2a: Necrozma|Necrozma|Ultranecrozium Z
|move|p2a: Necrozma|Photon Geyser|p1a: Lucario
|-damage|p1a: Lucario|0 fnt
|faint|p1a: Lucario
|
|upkeep
|c|☆takaihiza|gg
|
|t:|1658349512
|switch|p1a: Ninjask|Ninjask, F|4/100
|-damage|p1a: Ninjask|0 fnt|[from] Stealth Rock
|faint|p1a: Ninjask
|
|win|takaihiza
|raw|thicsucttv's rating: 1292 &rarr; <strong>1275</strong><br />(-17 for losing)
|raw|takaihiza's rating: 1400 &rarr; <strong>1414</strong><br />(+14 for winning)
|l|☆thicsucttv
