|j|☆xu9
|j|☆Glaliegoesboom ❤
|t:|1667319804
|gametype|singles
|player|p1|xu9|steven|1638
|player|p2|Glaliegoesboom ❤|cynthia-masters|1903
|teamsize|p1|6
|teamsize|p2|6
|gen|8
|tier|[Gen 8] National Dex AG
|rated|
|rule|HP Percentage Mod: HP is shown in percentages
|rule|Endless Battle Clause: Forcing endless battles is banned
|clearpoke
|poke|p1|Dubwool, M|
|poke|p1|Scolipede, F|
|poke|p1|Diancie|
|poke|p1|Groudon|
|poke|p1|Smeargle, F|
|poke|p1|Arceus-*|
|poke|p2|Zygarde|
|poke|p2|Chansey, F|
|poke|p2|Necrozma-Dusk-Mane|
|poke|p2|Yveltal|
|poke|p2|Arceus-*|
|poke|p2|Ferrothorn, F|
|teampreview
|inactive|Battle timer is ON: inactive players will automatically lose when time's up. (requested by Glaliegoesboom ❤)
|
|t:|1667319813
|start
|switch|p1a: Scolipede|Scolipede, F|100/100
|switch|p2a: Altar Of The Sunne|Necrozma-Dusk-Mane|100/100
|turn|1
|
|t:|1667319820
|move|p1a: Scolipede|Substitute|p1a: Scolipede
|-start|p1a: Scolipede|Substitute
|-damage|p1a: Scolipede|75/100
|move|p2a: Altar Of The Sunne|Stealth Rock|p1a: Scolipede
|-sidestart|p1: xu9|move: Stealth Rock
|
|-ability|p1a: Scolipede|Speed Boost|boost
|-boost|p1a: Scolipede|spe|1
|upkeep
|turn|2
|
|t:|1667319828
|switch|p2a: Dusty Bowl|Ferrothorn, F|100/100
|move|p1a: Scolipede|Protect||[still]
|-fail|p1a: Scolipede
|
|-ability|p1a: Scolipede|Speed Boost|boost
|-boost|p1a: Scolipede|spe|1
|upkeep
|turn|3
|
|t:|1667319836
|move|p1a: Scolipede|Swords Dance|p1a: Scolipede
|-boost|p1a: Scolipede|atk|2
|move|p2a: Dusty Bowl|Spikes|p1a: Scolipede
|-sidestart|p1: xu9|Spikes
|
|-ability|p1a: Scolipede|Speed Boost|boost
|-boost|p1a: Scolipede|spe|1
|upkeep
|turn|4
|
|t:|1667319856
|switch|p2a: Terminus Cave|Zygarde, shiny|100/100
|move|p1a: Scolipede|Baton Pass|p1a: Scolipede
|
|t:|1667319868
|switch|p1a: Arceus|Arceus-Water|100/100|[from]move: Baton Pass
|-damage|p1a: Arceus|88/100|[from] Stealth Rock
|-damage|p1a: Arceus|76/100|[from] Spikes
|
|upkeep
|turn|5
|
|t:|1667319884
|switch|p2a: Honeycalm Island|Chansey, F, shiny|100/100
|-end|p1a: Arceus|Substitute
|-start|p1a: Arceus|Dynamax|
|-heal|p1a: Arceus|76/100|[silent]
|move|p1a: Arceus|Max Geyser|p2a: Honeycalm Island
|-damage|p2a: Honeycalm Island|0 fnt
|-weather|RainDance
|faint|p2a: Honeycalm Island
|
|-weather|RainDance|[upkeep]
|upkeep
|
|t:|1667319891
|switch|p2a: Dusty Bowl|Ferrothorn, F|100/100
|turn|6
|
|t:|1667319900
|switch|p2a: Flare HQ|Yveltal, shiny|100/100
|-ability|p2a: Flare HQ|Dark Aura
|move|p1a: Arceus|Max Quake|p2a: Flare HQ
|-immune|p2a: Flare HQ
|
|-weather|RainDance|[upkeep]
|upkeep
|turn|7
|
|t:|1667319909
|move|p2a: Flare HQ|Sucker Punch|p1a: Arceus
|-crit|p1a: Arceus
|-damage|p1a: Arceus|54/100
|move|p1a: Arceus|Max Geyser|p2a: Flare HQ
|-damage|p2a: Flare HQ|0 fnt
|faint|p2a: Flare HQ
|
|-weather|RainDance|[upkeep]
|upkeep
|
|t:|1667319912
|switch|p2a: Dusty Bowl|Ferrothorn, F|100/100
|-end|p1a: Arceus|Dynamax
|-heal|p1a: Arceus|54/100|[silent]
|turn|8
|
|t:|1667319922
|move|p1a: Arceus|Earthquake|p2a: Dusty Bowl
|-damage|p2a: Dusty Bowl|49/100
|move|p2a: Dusty Bowl|Toxic|p1a: Arceus
|-status|p1a: Arceus|tox
|
|-weather|RainDance|[upkeep]
|-heal|p2a: Dusty Bowl|55/100|[from] item: Leftovers
|-damage|p1a: Arceus|48/100 tox|[from] psn
|upkeep
|turn|9
|
|t:|1667319932
|-start|p2a: Dusty Bowl|Dynamax|
|-heal|p2a: Dusty Bowl|55/100|[silent]
|move|p2a: Dusty Bowl|Max Guard|p2a: Dusty Bowl
|-singleturn|p2a: Dusty Bowl|Max Guard
|move|p1a: Arceus|Earthquake|p2a: Dusty Bowl
|-activate|p2a: Dusty Bowl|move: Max Guard
|
|-weather|none
|-heal|p2a: Dusty Bowl|58/100|[from] item: Leftovers
|-damage|p1a: Arceus|36/100 tox|[from] psn
|upkeep
|turn|10
|
|t:|1667319944
|move|p1a: Arceus|Earthquake|p2a: Dusty Bowl
|-damage|p2a: Dusty Bowl|32/100
|move|p2a: Dusty Bowl|Max Steelspike|p1a: Arceus
|-resisted|p1a: Arceus
|-damage|p1a: Arceus|23/100 tox
|-boost|p2a: Dusty Bowl|def|1
|
|-heal|p2a: Dusty Bowl|35/100|[from] item: Leftovers
|-damage|p1a: Arceus|5/100 tox|[from] psn
|upkeep
|turn|11
|
|t:|1667319956
|move|p2a: Dusty Bowl|Max Guard|p2a: Dusty Bowl
|-singleturn|p2a: Dusty Bowl|Max Guard
|move|p1a: Arceus|Earthquake|p2a: Dusty Bowl
|-activate|p2a: Dusty Bowl|move: Max Guard
|
|-heal|p2a: Dusty Bowl|38/100|[from] item: Leftovers
|-damage|p1a: Arceus|0 fnt|[from] psn
|faint|p1a: Arceus
|upkeep
|
|t:|1667319969
|switch|p1a: Dubwool|Dubwool, M|100/100
|-damage|p1a: Dubwool|88/100|[from] Stealth Rock
|-damage|p1a: Dubwool|76/100|[from] Spikes
|-end|p2a: Dusty Bowl|Dynamax
|-heal|p2a: Dusty Bowl|39/100|[silent]
|turn|12
|
|t:|1667319977
|move|p1a: Dubwool|Substitute|p1a: Dubwool
|-start|p1a: Dubwool|Substitute
|-damage|p1a: Dubwool|51/100
|move|p2a: Dusty Bowl|Spikes|p1a: Dubwool
|-sidestart|p1: xu9|Spikes
|
|-heal|p1a: Dubwool|57/100|[from] item: Leftovers
|-heal|p2a: Dusty Bowl|45/100|[from] item: Leftovers
|upkeep
|turn|13
|
|t:|1667319986
|move|p1a: Dubwool|Cotton Guard|p1a: Dubwool
|-boost|p1a: Dubwool|def|3
|move|p2a: Dusty Bowl|Spikes|p1a: Dubwool
|-sidestart|p1: xu9|Spikes
|
|-heal|p1a: Dubwool|63/100|[from] item: Leftovers
|-heal|p2a: Dusty Bowl|51/100|[from] item: Leftovers
|upkeep
|turn|14
|
|t:|1667319995
|switch|p2a: Terminus Cave|Zygarde, shiny|100/100
|move|p1a: Dubwool|Cotton Guard|p1a: Dubwool
|-boost|p1a: Dubwool|def|3
|
|-heal|p1a: Dubwool|69/100|[from] item: Leftovers
|upkeep
|turn|15
|
|t:|1667320003
|move|p2a: Terminus Cave|Haze|p2a: Terminus Cave
|-clearallboost
|move|p1a: Dubwool|Body Press|p2a: Terminus Cave
|-damage|p2a: Terminus Cave|87/100
|
|-heal|p1a: Dubwool|76/100|[from] item: Leftovers
|upkeep
|turn|16
|
|t:|1667320014
|move|p2a: Terminus Cave|Thousand Arrows|p1a: Dubwool
|-activate|p1a: Dubwool|move: Substitute|[damage]
|move|p1a: Dubwool|Baton Pass|p1a: Dubwool
|
|t:|1667320019
|switch|p1a: Diancie|Diancie|100/100|[from]move: Baton Pass
|-damage|p1a: Diancie|88/100|[from] Stealth Rock
|-damage|p1a: Diancie|63/100|[from] Spikes
|
|upkeep
|turn|17
|
|t:|1667320027
|switch|p2a: Altar Of The Sunne|Necrozma-Dusk-Mane|100/100
|detailschange|p1a: Diancie|Diancie-Mega
|-mega|p1a: Diancie|Diancie|Diancite
|move|p1a: Diancie|Moonblast|p2a: Altar Of The Sunne
|-resisted|p2a: Altar Of The Sunne
|-crit|p2a: Altar Of The Sunne
|-damage|p2a: Altar Of The Sunne|65/100
|
|upkeep
|turn|18
|
|t:|1667320041
|move|p1a: Diancie|Baton Pass|p1a: Diancie
|j| Dockiva for fun
|
|t:|1667320048
|switch|p1a: Groudon|Groudon|100/100|[from]move: Baton Pass
|-damage|p1a: Groudon|94/100|[from] Stealth Rock
|-damage|p1a: Groudon|69/100|[from] Spikes
|detailschange|p1a: Groudon|Groudon-Primal
|-primal|p1a: Groudon
|-weather|DesolateLand|[from] ability: Desolate Land|[of] p1a: Groudon
|move|p2a: Altar Of The Sunne|Morning Sun|p2a: Altar Of The Sunne
|-heal|p2a: Altar Of The Sunne|100/100
|
|-weather|DesolateLand|[upkeep]
|upkeep
|turn|19
|l| Dockiva for fun
|
|t:|1667320061
|switch|p2a: Terminus Cave|Zygarde, shiny|87/100
|move|p1a: Groudon|Heat Crash|p2a: Terminus Cave
|-resisted|p2a: Terminus Cave
|-damage|p2a: Terminus Cave|65/100
|
|-weather|DesolateLand|[upkeep]
|upkeep
|turn|20
|
|t:|1667320069
|move|p2a: Terminus Cave|Thousand Arrows|p1a: Groudon
|-supereffective|p1a: Groudon
|-end|p1a: Groudon|Substitute
|move|p1a: Groudon|Stealth Rock|p2a: Terminus Cave
|-sidestart|p2: Glaliegoesboom ❤|move: Stealth Rock
|
|-weather|DesolateLand|[upkeep]
|upkeep
|turn|21
|inactive|Glaliegoesboom ❤ has 120 seconds left.
|
|t:|1667320102
|move|p2a: Terminus Cave|Thousand Arrows|p1a: Groudon
|-supereffective|p1a: Groudon
|-crit|p1a: Groudon
|-damage|p1a: Groudon|20/100
|move|p1a: Groudon|Earthquake|p2a: Terminus Cave
|-damage|p2a: Terminus Cave|30/100
|
|-weather|DesolateLand|[upkeep]
|-activate|p2a: Terminus Cave|ability: Power Construct
|detailschange|p2a: Terminus Cave|Zygarde-Complete, shiny
|-heal|p2a: Terminus Cave|54/100|[silent]
|upkeep
|turn|22
|
|t:|1667320116
|move|p1a: Groudon|Earthquake|p2a: Terminus Cave
|-damage|p2a: Terminus Cave|31/100
|move|p2a: Terminus Cave|Thousand Arrows|p1a: Groudon
|-supereffective|p1a: Groudon
|-damage|p1a: Groudon|0 fnt
|faint|p1a: Groudon
|-weather|none
|
|upkeep
|
|t:|1667320126
|switch|p1a: Scolipede|Scolipede, F|75/100
|-damage|p1a: Scolipede|50/100|[from] Stealth Rock
|-damage|p1a: Scolipede|25/100|[from] Spikes
|turn|23
|
|t:|1667320138
|move|p1a: Scolipede|Substitute|p1a: Scolipede
|-fail|p1a: Scolipede|move: Substitute|[weak]
|move|p2a: Terminus Cave|Thousand Arrows|p1a: Scolipede
|-damage|p1a: Scolipede|0 fnt
|faint|p1a: Scolipede
|
|upkeep
|
|t:|1667320152
|switch|p1a: Dubwool|Dubwool, M|76/100
|-damage|p1a: Dubwool|63/100|[from] Stealth Rock
|-damage|p1a: Dubwool|38/100|[from] Spikes
|turn|24
|
|t:|1667320166
|move|p1a: Dubwool|Cotton Guard|p1a: Dubwool
|-boost|p1a: Dubwool|def|3
|move|p2a: Terminus Cave|Thousand Arrows|p1a: Dubwool
|-damage|p1a: Dubwool|30/100
|
|-heal|p1a: Dubwool|36/100|[from] item: Leftovers
|upkeep
|turn|25
|
|t:|1667320179
|move|p1a: Dubwool|Body Press|p2a: Terminus Cave
|-damage|p2a: Terminus Cave|8/100
|move|p2a: Terminus Cave|Haze|p2a: Terminus Cave
|-clearallboost
|
|-heal|p1a: Dubwool|42/100|[from] item: Leftovers
|upkeep
|turn|26
|
|t:|1667320188
|move|p1a: Dubwool|Cotton Guard|p1a: Dubwool
|-boost|p1a: Dubwool|def|3
|move|p2a: Terminus Cave|Rest|p2a: Terminus Cave
|-status|p2a: Terminus Cave|slp|[from] move: Rest
|-heal|p2a: Terminus Cave|100/100 slp|[silent]
|
|-heal|p1a: Dubwool|48/100|[from] item: Leftovers
|upkeep
|turn|27
|
|t:|1667320198
|move|p1a: Dubwool|Cotton Guard|p1a: Dubwool
|-boost|p1a: Dubwool|def|3
|cant|p2a: Terminus Cave|slp
|
|-heal|p1a: Dubwool|54/100|[from] item: Leftovers
|upkeep
|turn|28
|
|t:|1667320205
|move|p1a: Dubwool|Body Press|p2a: Terminus Cave
|-damage|p2a: Terminus Cave|68/100 slp
|cant|p2a: Terminus Cave|slp
|
|-heal|p1a: Dubwool|60/100|[from] item: Leftovers
|upkeep
|turn|29
|j| kip en patat
|
|t:|1667320224
|move|p1a: Dubwool|Body Press|p2a: Terminus Cave
|-damage|p2a: Terminus Cave|37/100 slp
|-curestatus|p2a: Terminus Cave|slp|[msg]
|move|p2a: Terminus Cave|Haze|p2a: Terminus Cave
|-clearallboost
|
|-heal|p1a: Dubwool|66/100|[from] item: Leftovers
|upkeep
|turn|30
|
|t:|1667320234
|switch|p2a: Hall Of Origin|Arceus-Rock|100/100
|-damage|p2a: Hall Of Origin|88/100|[from] Stealth Rock
|move|p1a: Dubwool|Cotton Guard|p1a: Dubwool
|-boost|p1a: Dubwool|def|3
|
|-heal|p1a: Dubwool|73/100|[from] item: Leftovers
|upkeep
|turn|31
|
|t:|1667320245
|move|p2a: Hall Of Origin|Will-O-Wisp|p1a: Dubwool
|-status|p1a: Dubwool|brn
|move|p1a: Dubwool|Body Press|p2a: Hall Of Origin
|-supereffective|p2a: Hall Of Origin
|-damage|p2a: Hall Of Origin|50/100
|
|-heal|p1a: Dubwool|79/100 brn|[from] item: Leftovers
|-damage|p1a: Dubwool|73/100 brn|[from] brn
|upkeep
|turn|32
|
|t:|1667320256
|move|p2a: Hall Of Origin|Recover|p2a: Hall Of Origin
|-heal|p2a: Hall Of Origin|99/100
|move|p1a: Dubwool|Cotton Guard|p1a: Dubwool
|-boost|p1a: Dubwool|def|3
|
|-heal|p1a: Dubwool|79/100 brn|[from] item: Leftovers
|-damage|p1a: Dubwool|73/100 brn|[from] brn
|upkeep
|turn|33
|
|t:|1667320266
|move|p2a: Hall Of Origin|Judgment|p1a: Dubwool
|-damage|p1a: Dubwool|21/100 brn
|move|p1a: Dubwool|Substitute|p1a: Dubwool
|-fail|p1a: Dubwool|move: Substitute|[weak]
|
|-heal|p1a: Dubwool|27/100 brn|[from] item: Leftovers
|-damage|p1a: Dubwool|21/100 brn|[from] brn
|upkeep
|turn|34
|
|t:|1667320276
|move|p2a: Hall Of Origin|Judgment|p1a: Dubwool
|-damage|p1a: Dubwool|0 fnt
|faint|p1a: Dubwool
|
|upkeep
|-message|xu9 forfeited.
|
|win|Glaliegoesboom ❤
|raw|xu9's rating: 1638 &rarr; <strong>1631</strong><br />(-7 for losing)
|raw|Glaliegoesboom ❤'s rating: 1903 &rarr; <strong>1910</strong><br />(+7 for winning)
|l|☆xu9
|l|☆Glaliegoesboom ❤
||Ladder isn't responding, score probably updated but might not have (Request timeout).
|l| kip en patat
|j| kip en patat
