|j|☆High ladder bros
|j|☆Clausura
|t:|1662583886
|gametype|singles
|player|p1|High ladder bros|adaman|1791
|player|p2|Clausura|cynthia-gen4|1795
|teamsize|p1|6
|teamsize|p2|6
|gen|8
|tier|[Gen 8] National Dex AG
|rated|
|rule|HP Percentage Mod: HP is shown in percentages
|rule|Endless Battle Clause: Forcing endless battles is banned
|clearpoke
|poke|p1|Arceus-*|
|poke|p1|Rayquaza|
|poke|p1|Arceus-*|
|poke|p1|Necrozma-Dusk-Mane|
|poke|p1|Arceus-*|
|poke|p1|Ferrothorn, M|
|poke|p2|Arceus-*|
|poke|p2|Calyrex-Shadow|
|poke|p2|Marshadow|
|poke|p2|Yveltal|
|poke|p2|Kyogre|
|poke|p2|Kyurem-Black|
|teampreview
|inactive|Battle timer is ON: inactive players will automatically lose when time's up. (requested by High ladder bros)
|
|t:|1662583893
|start
|switch|p1a: Rayquaza|Rayquaza|100/100
|switch|p2a: Calyrex|Calyrex-Shadow|100/100
|-ability|p2a: Calyrex|As One
|-ability|p2a: Calyrex|Unnerve
|-ability|p1a: Rayquaza|Air Lock
|turn|1
|
|t:|1662583905
|detailschange|p1a: Rayquaza|Rayquaza-Mega
|-mega|p1a: Rayquaza|Rayquaza|
|-weather|DeltaStream|[from] ability: Delta Stream|[of] p1a: Rayquaza
|move|p2a: Calyrex|Astral Barrage|p1a: Rayquaza
|-crit|p1a: Rayquaza
|-damage|p1a: Rayquaza|0 fnt
|faint|p1a: Rayquaza
|-weather|none
|-ability|p2a: Calyrex|Grim Neigh|boost
|-boost|p2a: Calyrex|spa|1
|
|upkeep
|
|t:|1662583913
|switch|p1a: Arceus|Arceus-Dark, shiny|100/100
|turn|2
|
|t:|1662583916
|switch|p2a: Yveltal|Yveltal|100/100
|-ability|p2a: Yveltal|Dark Aura
|move|p1a: Arceus|Judgment|p2a: Yveltal
|-resisted|p2a: Yveltal
|-damage|p2a: Yveltal|81/100
|
|upkeep
|turn|3
|
|t:|1662583921
|switch|p1a: Arceus|Arceus-Ground, shiny|100/100
|move|p2a: Yveltal|Taunt|p1a: Arceus
|-start|p1a: Arceus|move: Taunt
|
|upkeep
|turn|4
|
|t:|1662583925
|switch|p2a: Kyogre|Kyogre|100/100
|-weather|RainDance|[from] ability: Drizzle|[of] p2a: Kyogre
|move|p1a: Arceus|Ice Beam|p2a: Kyogre
|-resisted|p2a: Kyogre
|-damage|p2a: Kyogre|89/100
|
|-weather|RainDance|[upkeep]
|upkeep
|turn|5
|
|t:|1662583931
|switch|p2a: Marshadow|Marshadow|100/100
|switch|p1a: Ferrothorn|Ferrothorn, M, shiny|100/100
|
|-weather|RainDance|[upkeep]
|upkeep
|turn|6
|
|t:|1662583934
|switch|p1a: Necrozma|Necrozma-Dusk-Mane, shiny|100/100
|move|p2a: Marshadow|Close Combat|p1a: Necrozma
|-damage|p1a: Necrozma|66/100
|-unboost|p2a: Marshadow|def|1
|-unboost|p2a: Marshadow|spd|1
|
|-weather|RainDance|[upkeep]
|-heal|p1a: Necrozma|72/100|[from] item: Leftovers
|upkeep
|turn|7
|
|t:|1662583941
|move|p2a: Marshadow|Shadow Sneak|p1a: Necrozma
|-supereffective|p1a: Necrozma
|-damage|p1a: Necrozma|46/100
|move|p1a: Necrozma|Stealth Rock|p2a: Marshadow
|-sidestart|p2: Clausura|move: Stealth Rock
|
|-weather|RainDance|[upkeep]
|-heal|p1a: Necrozma|52/100|[from] item: Leftovers
|upkeep
|turn|8
|
|t:|1662583944
|switch|p2a: Yveltal|Yveltal|81/100
|-ability|p2a: Yveltal|Dark Aura
|move|p1a: Necrozma|Morning Sun|p1a: Necrozma
|-heal|p1a: Necrozma|77/100
|
|-weather|none
|-heal|p1a: Necrozma|83/100|[from] item: Leftovers
|upkeep
|turn|9
|
|t:|1662583950
|switch|p1a: Arceus|Arceus-Ground, shiny|100/100
|move|p2a: Yveltal|Defog|p1a: Arceus
|-unboost|p1a: Arceus|evasion|1
|-sideend|p2: Clausura|Stealth Rock|[from] move: Defog|[of] p2a: Yveltal
|
|upkeep
|turn|10
|
|t:|1662583952
|move|p1a: Arceus|Calm Mind|p1a: Arceus
|-boost|p1a: Arceus|spa|1
|-boost|p1a: Arceus|spd|1
|move|p2a: Yveltal|Knock Off|p1a: Arceus
|-damage|p1a: Arceus|72/100
|
|upkeep
|turn|11
|
|t:|1662583956
|move|p1a: Arceus|Ice Beam|p2a: Yveltal
|-supereffective|p2a: Yveltal
|-damage|p2a: Yveltal|24/100
|-status|p2a: Yveltal|frz
|cant|p2a: Yveltal|frz
|
|upkeep
|turn|12
|
|t:|1662583959
|move|p1a: Arceus|Ice Beam|p2a: Yveltal
|-supereffective|p2a: Yveltal
|-damage|p2a: Yveltal|0 fnt
|faint|p2a: Yveltal
|
|upkeep
|
|t:|1662583961
|switch|p2a: Kyogre|Kyogre|89/100
|-weather|RainDance|[from] ability: Drizzle|[of] p2a: Kyogre
|turn|13
|
|t:|1662583967
|switch|p2a: Marshadow|Marshadow|100/100
|switch|p1a: Ferrothorn|Ferrothorn, M, shiny|100/100
|
|-weather|RainDance|[upkeep]
|upkeep
|turn|14
|
|t:|1662583972
|switch|p2a: Kyogre|Kyogre|89/100
|move|p1a: Ferrothorn|Protect||[still]
|-fail|p1a: Ferrothorn
|
|-weather|RainDance|[upkeep]
|upkeep
|turn|15
|
|t:|1662583976
|switch|p2a: Marshadow|Marshadow|100/100
|move|p1a: Ferrothorn|Leech Seed|p2a: Marshadow
|-start|p2a: Marshadow|move: Leech Seed
|
|-weather|RainDance|[upkeep]
|-damage|p2a: Marshadow|88/100|[from] Leech Seed|[of] p1a: Ferrothorn
|upkeep
|turn|16
|
|t:|1662583982
|switch|p2a: Calyrex|Calyrex-Shadow|100/100
|-ability|p2a: Calyrex|As One
|-ability|p2a: Calyrex|Unnerve
|move|p1a: Ferrothorn|Protect||[still]
|-fail|p1a: Ferrothorn
|
|-weather|RainDance|[upkeep]
|upkeep
|turn|17
|
|t:|1662583986
|move|p2a: Calyrex|Substitute|p2a: Calyrex
|-start|p2a: Calyrex|Substitute
|-damage|p2a: Calyrex|76/100
|move|p1a: Ferrothorn|Knock Off|p2a: Calyrex
|-supereffective|p2a: Calyrex
|-end|p2a: Calyrex|Substitute
|
|-weather|none
|upkeep
|turn|18
|
|t:|1662583989
|move|p2a: Calyrex|Astral Barrage|p1a: Ferrothorn
|-damage|p1a: Ferrothorn|53/100
|move|p1a: Ferrothorn|Knock Off|p2a: Calyrex
|-supereffective|p2a: Calyrex
|-crit|p2a: Calyrex
|-damage|p2a: Calyrex|0 fnt
|-enditem|p2a: Calyrex|Focus Sash|[from] move: Knock Off|[of] p1a: Ferrothorn
|faint|p2a: Calyrex
|
|-heal|p1a: Ferrothorn|59/100|[from] item: Leftovers
|upkeep
|
|t:|1662583991
|switch|p2a: Kyurem|Kyurem-Black|100/100
|-ability|p2a: Kyurem|Teravolt
|turn|19
|
|t:|1662583995
|move|p2a: Kyurem|Dragon Dance|p2a: Kyurem
|-boost|p2a: Kyurem|atk|1
|-boost|p2a: Kyurem|spe|1
|move|p1a: Ferrothorn|Leech Seed|p2a: Kyurem
|-start|p2a: Kyurem|move: Leech Seed
|
|-heal|p1a: Ferrothorn|65/100|[from] item: Leftovers
|-damage|p2a: Kyurem|88/100|[from] Leech Seed|[of] p1a: Ferrothorn
|-heal|p1a: Ferrothorn|79/100|[silent]
|upkeep
|turn|20
|
|t:|1662584018
|switch|p1a: Necrozma|Necrozma-Dusk-Mane, shiny|83/100
|-start|p2a: Kyurem|Dynamax|
|-heal|p2a: Kyurem|88/100|[silent]
|move|p2a: Kyurem|Max Hailstorm|p1a: Necrozma
|-resisted|p1a: Necrozma
|-damage|p1a: Necrozma|43/100
|-weather|Hail
|-damage|p2a: Kyurem|83/100|[from] item: Life Orb
|
|-weather|Hail|[upkeep]
|-damage|p1a: Necrozma|37/100|[from] Hail
|-heal|p1a: Necrozma|43/100|[from] item: Leftovers
|-damage|p2a: Kyurem|77/100|[from] Leech Seed|[of] p1a: Necrozma
|-heal|p1a: Necrozma|55/100|[silent]
|upkeep
|turn|21
|
|t:|1662584025
|-start|p1a: Necrozma|Dynamax|
|-heal|p1a: Necrozma|55/100|[silent]
|move|p1a: Necrozma|Max Guard|p1a: Necrozma
|-singleturn|p1a: Necrozma|Max Guard
|move|p2a: Kyurem|Max Lightning|p1a: Necrozma
|-activate|p1a: Necrozma|move: Max Guard
|
|-weather|Hail|[upkeep]
|-damage|p1a: Necrozma|52/100|[from] Hail
|-heal|p1a: Necrozma|55/100|[from] item: Leftovers
|-damage|p2a: Kyurem|71/100|[from] Leech Seed|[of] p1a: Necrozma
|-heal|p1a: Necrozma|62/100|[silent]
|upkeep
|turn|22
|
|t:|1662584030
|-end|p2a: Kyurem|Dynamax
|-heal|p2a: Kyurem|71/100|[silent]
|switch|p2a: Kyogre|Kyogre|89/100
|-weather|RainDance|[from] ability: Drizzle|[of] p2a: Kyogre
|move|p1a: Necrozma|Max Steelspike|p2a: Kyogre
|-resisted|p2a: Kyogre
|-damage|p2a: Kyogre|50/100
|-boost|p1a: Necrozma|def|1
|
|-weather|RainDance|[upkeep]
|-heal|p1a: Necrozma|65/100|[from] item: Leftovers
|upkeep
|turn|23
|
|t:|1662584038
|-end|p1a: Necrozma|Dynamax
|-heal|p1a: Necrozma|65/100|[silent]
|switch|p1a: Ferrothorn|Ferrothorn, M, shiny|79/100
|move|p2a: Kyogre|Scald|p1a: Ferrothorn
|-resisted|p1a: Ferrothorn
|-damage|p1a: Ferrothorn|58/100
|
|-weather|RainDance|[upkeep]
|-heal|p1a: Ferrothorn|64/100|[from] item: Leftovers
|upkeep
|turn|24
|
|t:|1662584040
|switch|p2a: Arceus|Arceus|100/100
|move|p1a: Ferrothorn|Leech Seed|p2a: Arceus
|-start|p2a: Arceus|move: Leech Seed
|
|-weather|RainDance|[upkeep]
|-heal|p1a: Ferrothorn|71/100|[from] item: Leftovers
|-damage|p2a: Arceus|88/100|[from] Leech Seed|[of] p1a: Ferrothorn
|-heal|p1a: Ferrothorn|86/100|[silent]
|upkeep
|turn|25
|
|t:|1662584044
|move|p2a: Arceus|Swords Dance|p2a: Arceus
|-boost|p2a: Arceus|atk|2
|move|p1a: Ferrothorn|Knock Off|p2a: Arceus
|-damage|p2a: Arceus|73/100
|-enditem|p2a: Arceus|Silk Scarf|[from] move: Knock Off|[of] p1a: Ferrothorn
|
|-weather|RainDance|[upkeep]
|-heal|p1a: Ferrothorn|92/100|[from] item: Leftovers
|-damage|p2a: Arceus|61/100|[from] Leech Seed|[of] p1a: Ferrothorn
|-heal|p1a: Ferrothorn|100/100|[silent]
|upkeep
|turn|26
|j|+Dragonillis
|
|t:|1662584054
|switch|p1a: Arceus|Arceus-Water, shiny|100/100
|move|p2a: Arceus|Earthquake|p1a: Arceus
|-damage|p1a: Arceus|67/100
|
|-weather|none
|-damage|p2a: Arceus|49/100|[from] Leech Seed|[of] p1a: Arceus
|-heal|p1a: Arceus|79/100|[silent]
|upkeep
|turn|27
|
|t:|1662584057
|switch|p2a: Kyogre|Kyogre|50/100
|-weather|RainDance|[from] ability: Drizzle|[of] p2a: Kyogre
|move|p1a: Arceus|Will-O-Wisp|p2a: Kyogre
|-status|p2a: Kyogre|brn
|
|-weather|RainDance|[upkeep]
|-damage|p2a: Kyogre|44/100 brn|[from] brn
|upkeep
|turn|28
|
|t:|1662584062
|switch|p2a: Marshadow|Marshadow|88/100
|switch|p1a: Ferrothorn|Ferrothorn, M, shiny|100/100
|
|-weather|RainDance|[upkeep]
|upkeep
|turn|29
|
|t:|1662584066
|switch|p2a: Kyurem|Kyurem-Black|71/100
|-ability|p2a: Kyurem|Teravolt
|switch|p1a: Necrozma|Necrozma-Dusk-Mane, shiny|65/100
|
|-weather|RainDance|[upkeep]
|-heal|p1a: Necrozma|71/100|[from] item: Leftovers
|upkeep
|turn|30
|
|t:|1662584072
|move|p2a: Kyurem|Fusion Bolt|p1a: Necrozma
|-damage|p1a: Necrozma|40/100
|-damage|p2a: Kyurem|61/100|[from] item: Life Orb
|move|p1a: Necrozma|Sunsteel Strike|p2a: Kyurem
|-supereffective|p2a: Kyurem
|-damage|p2a: Kyurem|0 fnt
|faint|p2a: Kyurem
|
|-weather|RainDance|[upkeep]
|-heal|p1a: Necrozma|46/100|[from] item: Leftovers
|upkeep
|-message|Clausura forfeited.
|
|win|High ladder bros
|raw|High ladder bros's rating: 1791 &rarr; <strong>1811</strong><br />(+20 for winning)
|raw|Clausura's rating: 1795 &rarr; <strong>1775</strong><br />(-20 for losing)
|l|☆Clausura
|l|☆High ladder bros
