|j|☆adftest
|j|☆Leafstorm121❤
|inactive|Battle timer is ON: inactive players will automatically lose when time's up.
|t:|1666403574
|gametype|singles
|player|p1|adftest|vessa|
|player|p2|Leafstorm121❤|sina|
|teamsize|p1|6
|teamsize|p2|6
|gen|8
|tier|[Gen 8] National Dex AG
|rated|Tournament battle
|rule|HP Percentage Mod: HP is shown in percentages
|rule|Endless Battle Clause: Forcing endless battles is banned
|clearpoke
|poke|p1|Diancie|
|poke|p1|Zacian-*|
|poke|p1|Arceus-*|
|poke|p1|Ditto|
|poke|p1|Arceus-*|
|poke|p1|Skarmory, F|
|poke|p2|Smeargle, F|
|poke|p2|Rayquaza|
|poke|p2|Groudon|
|poke|p2|Yveltal|
|poke|p2|Arceus-*|
|poke|p2|Calyrex-Shadow|
|teampreview
|inactive|adftest also wants the timer to be on.
|j| Fedi fedi
|
|t:|1666403603
|start
|switch|p1a: Arceus|Arceus-Water|100/100
|switch|p2a: Rayquaza|Rayquaza|100/100
|-ability|p2a: Rayquaza|Air Lock
|turn|1
|
|t:|1666403613
|detailschange|p2a: Rayquaza|Rayquaza-Mega
|-mega|p2a: Rayquaza|Rayquaza|
|-weather|DeltaStream|[from] ability: Delta Stream|[of] p2a: Rayquaza
|move|p2a: Rayquaza|Swords Dance|p2a: Rayquaza
|-boost|p2a: Rayquaza|atk|2
|move|p1a: Arceus|Ice Beam|p2a: Rayquaza
|-activate||deltastream
|-supereffective|p2a: Rayquaza
|-damage|p2a: Rayquaza|53/100
|
|-weather|DeltaStream|[upkeep]
|upkeep
|turn|2
|
|t:|1666403627
|switch|p1a: Skarmory|Skarmory, F|100/100
|move|p2a: Rayquaza|Dragon Ascent|p1a: Skarmory
|-resisted|p1a: Skarmory
|-damage|p1a: Skarmory|45/100
|-unboost|p2a: Rayquaza|def|1
|-unboost|p2a: Rayquaza|spd|1
|-damage|p2a: Rayquaza|36/100|[from] item: Rocky Helmet|[of] p1a: Skarmory
|-damage|p2a: Rayquaza|26/100|[from] item: Life Orb
|
|-weather|DeltaStream|[upkeep]
|upkeep
|turn|3
|
|t:|1666403634
|move|p2a: Rayquaza|Dragon Ascent|p1a: Skarmory
|-resisted|p1a: Skarmory
|-damage|p1a: Skarmory|0 fnt
|-unboost|p2a: Rayquaza|def|1
|-unboost|p2a: Rayquaza|spd|1
|-damage|p2a: Rayquaza|10/100|[from] item: Rocky Helmet|[of] p1a: Skarmory
|faint|p1a: Skarmory
|-damage|p2a: Rayquaza|0 fnt|[from] item: Life Orb
|faint|p2a: Rayquaza
|-weather|none
|
|upkeep
|inactive|adftest has 120 seconds left.
|
|t:|1666403689
|switch|p2a: Calyrex|Calyrex-Shadow|100/100
|switch|p1a: Zacian|Zacian-Crowned|100/100
|-ability|p2a: Calyrex|As One
|-ability|p2a: Calyrex|Unnerve
|-ability|p1a: Zacian|Intrepid Sword|boost
|-boost|p1a: Zacian|atk|1
|turn|4
|
|t:|1666403702
|switch|p2a: Groudon|Groudon|100/100
|detailschange|p2a: Groudon|Groudon-Primal
|-primal|p2a: Groudon
|-weather|DesolateLand|[from] ability: Desolate Land|[of] p2a: Groudon
|move|p1a: Zacian|Behemoth Blade|p2a: Groudon
|-resisted|p2a: Groudon
|-damage|p2a: Groudon|66/100
|
|-weather|DesolateLand|[upkeep]
|upkeep
|turn|5
|
|t:|1666403708
|move|p1a: Zacian|Close Combat|p2a: Groudon
|-damage|p2a: Groudon|6/100
|-unboost|p1a: Zacian|def|1
|-unboost|p1a: Zacian|spd|1
|move|p2a: Groudon|Precipice Blades|p1a: Zacian
|-supereffective|p1a: Zacian
|-damage|p1a: Zacian|0 fnt
|faint|p1a: Zacian
|
|-weather|DesolateLand|[upkeep]
|upkeep
|
|t:|1666403727
|switch|p1a: Arceus|Arceus|100/100
|turn|6
|
|t:|1666403734
|move|p1a: Arceus|Earthquake|p2a: Groudon
|-supereffective|p2a: Groudon
|-damage|p2a: Groudon|0 fnt
|faint|p2a: Groudon
|-weather|none
|
|upkeep
|
|t:|1666403744
|switch|p2a: Arceus|Arceus|100/100
|turn|7
|
|t:|1666403751
|move|p2a: Arceus|Swords Dance|p2a: Arceus
|-boost|p2a: Arceus|atk|2
|move|p1a: Arceus|Swords Dance|p1a: Arceus
|-boost|p1a: Arceus|atk|2
|
|upkeep
|turn|8
|
|t:|1666403757
|-start|p1a: Arceus|Dynamax|
|-heal|p1a: Arceus|100/100|[silent]
|move|p2a: Arceus|Extreme Speed|p1a: Arceus
|-damage|p1a: Arceus|61/100
|-damage|p2a: Arceus|91/100|[from] item: Life Orb
|move|p1a: Arceus|Max Strike|p2a: Arceus
|-damage|p2a: Arceus|0 fnt
|faint|p2a: Arceus
|
|upkeep
|
|t:|1666403773
|switch|p2a: Yveltal|Yveltal|100/100
|-ability|p2a: Yveltal|Dark Aura
|turn|9
|
|t:|1666403779
|-start|p2a: Yveltal|Dynamax|
|-heal|p2a: Yveltal|100/100|[silent]
|move|p1a: Arceus|Max Strike|p2a: Yveltal
|-damage|p2a: Yveltal|30/100
|-unboost|p2a: Yveltal|spe|1
|move|p2a: Yveltal|Max Airstream|p1a: Arceus
|-damage|p1a: Arceus|24/100
|-boost|p2a: Yveltal|spe|1
|-damage|p2a: Yveltal|25/100|[from] item: Life Orb
|
|upkeep
|turn|10
|
|t:|1666403789
|move|p1a: Arceus|Max Strike|p2a: Yveltal
|-damage|p2a: Yveltal|0 fnt
|faint|p2a: Yveltal
|
|upkeep
|
|t:|1666403792
|switch|p2a: Smeargle|Smeargle, F|100/100
|-end|p1a: Arceus|Dynamax
|-heal|p1a: Arceus|24/100|[silent]
|turn|11
|
|t:|1666403795
|move|p1a: Arceus|Earthquake|p2a: Smeargle
|-enditem|p2a: Smeargle|Focus Sash
|-damage|p2a: Smeargle|1/100
|move|p2a: Smeargle|Nuzzle|p1a: Arceus
|-damage|p1a: Arceus|22/100
|-status|p1a: Arceus|par
|-enditem|p1a: Arceus|Lum Berry|[eat]
|-curestatus|p1a: Arceus|par|[msg]
|
|upkeep
|turn|12
|
|t:|1666403798
|move|p1a: Arceus|Earthquake|p2a: Smeargle
|-damage|p2a: Smeargle|0 fnt
|faint|p2a: Smeargle
|
|upkeep
|
|t:|1666403800
|switch|p2a: Calyrex|Calyrex-Shadow|100/100
|-ability|p2a: Calyrex|As One
|-ability|p2a: Calyrex|Unnerve
|turn|13
|
|t:|1666403804
|move|p2a: Calyrex|Pollen Puff|p1a: Arceus
|-damage|p1a: Arceus|0 fnt
|faint|p1a: Arceus
|-ability|p2a: Calyrex|Grim Neigh|boost
|-boost|p2a: Calyrex|spa|1
|-damage|p2a: Calyrex|91/100|[from] item: Life Orb
|
|upkeep
|
|t:|1666403808
|switch|p1a: Ditto|Ditto|100/100
|-transform|p1a: Ditto|p2a: Calyrex|[from] ability: Imposter
|turn|14
|-message|Leafstorm121❤ forfeited.
|
|win|adftest
|n|☆adftest|adftest
|n|☆Leafstorm121❤|leafstorm121
|n| Fedi fedi|fedifedi
