|j|☆the thin mints lad
|j|☆85792195wwww
|t:|1658845768
|gametype|singles
|player|p1|the thin mints lad|cress|1641
|player|p2|85792195wwww|lady|1777
|teamsize|p1|6
|teamsize|p2|6
|gen|8
|tier|[Gen 8] National Dex AG
|rated|
|rule|HP Percentage Mod: HP is shown in percentages
|rule|Endless Battle Clause: Forcing endless battles is banned
|clearpoke
|poke|p1|Marshadow|
|poke|p1|Necrozma-Dusk-Mane|
|poke|p1|Xerneas-*|
|poke|p1|Ditto|
|poke|p1|Zygarde|
|poke|p1|Grimmsnarl, M|
|poke|p2|Rayquaza|
|poke|p2|Zacian-*|
|poke|p2|Kyogre|
|poke|p2|Arceus-*|
|poke|p2|Marshadow|
|poke|p2|Ditto|
|teampreview
|
|t:|1658845777
|start
|switch|p1a: hairy dingle|Grimmsnarl, M|100/100
|switch|p2a: Zacian|Zacian-Crowned|100/100
|-ability|p2a: Zacian|Intrepid Sword|boost
|-boost|p2a: Zacian|atk|1
|turn|1
|
|t:|1658845783
|move|p1a: hairy dingle|Reflect|p1a: hairy dingle
|-sidestart|p1: the thin mints lad|Reflect
|move|p2a: Zacian|Substitute|p2a: Zacian
|-start|p2a: Zacian|Substitute
|-damage|p2a: Zacian|76/100
|
|upkeep
|turn|2
|
|t:|1658845789
|move|p1a: hairy dingle|Light Screen|p1a: hairy dingle
|-sidestart|p1: the thin mints lad|move: Light Screen
|move|p2a: Zacian|Behemoth Blade|p1a: hairy dingle
|-supereffective|p1a: hairy dingle
|-damage|p1a: hairy dingle|0 fnt
|faint|p1a: hairy dingle
|
|upkeep
|
|t:|1658845795
|switch|p1a: Yoinker|Marshadow|100/100
|turn|3
|
|t:|1658845799
|move|p1a: Yoinker|Shadow Sneak|p2a: Zacian
|-end|p2a: Zacian|Substitute
|move|p2a: Zacian|Behemoth Blade|p1a: Yoinker
|-damage|p1a: Yoinker|34/100
|
|upkeep
|turn|4
|
|t:|1658845806
|move|p1a: Yoinker|Shadow Sneak|p2a: Zacian
|-damage|p2a: Zacian|30/100
|move|p2a: Zacian|Behemoth Blade|p1a: Yoinker
|-damage|p1a: Yoinker|0 fnt
|faint|p1a: Yoinker
|
|upkeep
|
|t:|1658845813
|switch|p1a: The better Yoinker|Ditto|100/100
|-transform|p1a: The better Yoinker|p2a: Zacian|[from] ability: Imposter
|-ability|p1a: The better Yoinker|Intrepid Sword|boost
|-boost|p1a: The better Yoinker|atk|1
|turn|5
|
|t:|1658845823
|move|p1a: The better Yoinker|Behemoth Blade|p2a: Zacian
|-damage|p2a: Zacian|0 fnt
|faint|p2a: Zacian
|
|upkeep
|
|t:|1658845836
|switch|p2a: Kyogre|Kyogre|100/100
|detailschange|p2a: Kyogre|Kyogre-Primal
|-primal|p2a: Kyogre
|-weather|PrimordialSea|[from] ability: Primordial Sea|[of] p2a: Kyogre
|turn|6
|
|t:|1658845841
|move|p1a: The better Yoinker|Behemoth Blade|p2a: Kyogre
|-resisted|p2a: Kyogre
|-damage|p2a: Kyogre|41/100
|move|p2a: Kyogre|Scald|p1a: The better Yoinker
|-damage|p1a: The better Yoinker|57/100
|-status|p1a: The better Yoinker|brn
|
|-weather|PrimordialSea|[upkeep]
|-damage|p1a: The better Yoinker|51/100 brn|[from] brn
|upkeep
|turn|7
|
|t:|1658845852
|move|p1a: The better Yoinker|Behemoth Blade|p2a: Kyogre
|-resisted|p2a: Kyogre
|-damage|p2a: Kyogre|8/100
|move|p2a: Kyogre|Calm Mind|p2a: Kyogre
|-boost|p2a: Kyogre|spa|1
|-boost|p2a: Kyogre|spd|1
|
|-weather|PrimordialSea|[upkeep]
|-damage|p1a: The better Yoinker|45/100 brn|[from] brn
|upkeep
|turn|8
|
|t:|1658845863
|move|p1a: The better Yoinker|Behemoth Blade|p2a: Kyogre
|-resisted|p2a: Kyogre
|-damage|p2a: Kyogre|0 fnt
|faint|p2a: Kyogre
|-weather|none
|
|-damage|p1a: The better Yoinker|39/100 brn|[from] brn
|-sideend|p1: the thin mints lad|Reflect
|upkeep
|
|t:|1658845876
|switch|p2a: Arceus|Arceus-Electric|100/100
|turn|9
|
|t:|1658845882
|switch|p1a: 10 literal dogs|Zygarde|100/100
|move|p2a: Arceus|Stealth Rock|p1a: 10 literal dogs
|-sidestart|p1: the thin mints lad|move: Stealth Rock
|
|-sideend|p1: the thin mints lad|move: Light Screen
|upkeep
|turn|10
|
|t:|1658845888
|move|p2a: Arceus|Ice Beam|p1a: 10 literal dogs
|-supereffective|p1a: 10 literal dogs
|-damage|p1a: 10 literal dogs|0 fnt
|faint|p1a: 10 literal dogs
|
|upkeep
|-message|the thin mints lad forfeited.
|
|win|85792195wwww
|raw|the thin mints lad's rating: 1641 &rarr; <strong>1628</strong><br />(-13 for losing)
|raw|85792195wwww's rating: 1777 &rarr; <strong>1790</strong><br />(+13 for winning)
|l|☆the thin mints lad
