|j|☆arhamaaa
|j|☆Vugatti_Beyron
|t:|1662843489
|gametype|singles
|player|p1|arhamaaa|2|
|player|p2|Vugatti_Beyron|265|
|teamsize|p1|6
|teamsize|p2|6
|gen|8
|tier|[Gen 8] National Dex AG
|rule|HP Percentage Mod: HP is shown in percentages
|rule|Endless Battle Clause: Forcing endless battles is banned
|clearpoke
|poke|p1|Raboot, M|
|poke|p1|Azurill, F|
|poke|p1|Corsola-Galar, F|
|poke|p1|Magby, M|
|poke|p1|Vulpix-Alola, F|
|poke|p1|Sandshrew-Alola, F|
|poke|p2|Pikachu, M|
|poke|p2|Slowpoke, F|
|poke|p2|Diglett, F|
|poke|p2|Growlithe, M|
|poke|p2|Clamperl, F|
|poke|p2|Spritzee, M|
|teampreview
|c|☆arhamaaa|glhf
|
|t:|1662843508
|start
|switch|p1a: Vulpix|Vulpix-Alola, F|100/100
|switch|p2a: Pikachu|Pikachu, M|100/100
|-weather|Hail|[from] ability: Snow Warning|[of] p1a: Vulpix
|turn|1
|
|t:|1662843520
|move|p2a: Pikachu|Thunderbolt|p1a: Vulpix
|-damage|p1a: Vulpix|7/100
|move|p1a: Vulpix|Aurora Veil|p1a: Vulpix
|-sidestart|p1: arhamaaa|move: Aurora Veil
|
|-weather|Hail|[upkeep]
|-damage|p2a: Pikachu|94/100|[from] Hail
|upkeep
|turn|2
|
|t:|1662843526
|move|p2a: Pikachu|Encore|p1a: Vulpix
|-start|p1a: Vulpix|Encore
|move|p1a: Vulpix|Aurora Veil||[still]
|-fail|p1a: Vulpix
|
|-weather|Hail|[upkeep]
|-damage|p2a: Pikachu|88/100|[from] Hail
|upkeep
|turn|3
|
|t:|1662843537
|move|p2a: Pikachu|Volt Switch|p1a: Vulpix
|-damage|p1a: Vulpix|0 fnt
|faint|p1a: Vulpix
|
|t:|1662843543
|switch|p2a: Slowpoke|Slowpoke, F|100/100|[from]move: Volt Switch
|
|-weather|Hail|[upkeep]
|-damage|p2a: Slowpoke|94/100|[from] Hail
|upkeep
|
|t:|1662843550
|switch|p1a: Magby|Magby, M|100/100
|turn|4
|
|t:|1662843559
|move|p1a: Magby|Belly Drum|p1a: Magby
|-damage|p1a: Magby|51/100
|-setboost|p1a: Magby|atk|6|[from] move: Belly Drum
|move|p2a: Slowpoke|Toxic|p1a: Magby
|-status|p1a: Magby|tox
|
|-weather|Hail|[upkeep]
|-damage|p1a: Magby|45/100 tox|[from] Hail
|-damage|p2a: Slowpoke|88/100|[from] Hail
|-enditem|p1a: Magby|Berry Juice
|-heal|p1a: Magby|53/100 tox|[from] item: Berry Juice
|-damage|p1a: Magby|47/100 tox|[from] psn
|upkeep
|turn|5
|
|t:|1662843591
|switch|p2a: Spritzee|Spritzee, M|100/100
|move|p1a: Magby|Thunder Punch|p2a: Spritzee
|-damage|p2a: Spritzee|0 fnt
|faint|p2a: Spritzee
|
|-weather|Hail|[upkeep]
|-damage|p1a: Magby|41/100 tox|[from] Hail
|-damage|p1a: Magby|29/100 tox|[from] psn
|-sideend|p1: arhamaaa|move: Aurora Veil
|upkeep
|
|t:|1662843600
|switch|p2a: Diglett|Diglett, F|100/100
|turn|6
|
|t:|1662843604
|move|p1a: Magby|Mach Punch|p2a: Diglett
|-damage|p2a: Diglett|0 fnt
|faint|p2a: Diglett
|
|-weather|Hail|[upkeep]
|-damage|p1a: Magby|23/100 tox|[from] Hail
|-damage|p1a: Magby|5/100 tox|[from] psn
|upkeep
|
|t:|1662843614
|switch|p2a: Pikachu|Pikachu, M|88/100
|turn|7
|
|t:|1662843619
|switch|p2a: Slowpoke|Slowpoke, F|100/100
|move|p1a: Magby|Mach Punch|p2a: Slowpoke
|-resisted|p2a: Slowpoke
|-damage|p2a: Slowpoke|83/100
|
|-weather|Hail|[upkeep]
|-damage|p1a: Magby|0 fnt|[from] Hail
|-damage|p2a: Slowpoke|77/100|[from] Hail
|faint|p1a: Magby
|upkeep
|
|t:|1662843629
|switch|p1a: Sandshrew|Sandshrew-Alola, F|100/100
|turn|8
|
|t:|1662843633
|move|p1a: Sandshrew|Knock Off|p2a: Slowpoke
|-supereffective|p2a: Slowpoke
|-damage|p2a: Slowpoke|18/100
|-enditem|p2a: Slowpoke|Eviolite|[from] move: Knock Off|[of] p1a: Sandshrew
|-damage|p1a: Sandshrew|91/100|[from] item: Life Orb
|move|p2a: Slowpoke|Scald|p1a: Sandshrew
|-damage|p1a: Sandshrew|51/100
|
|-weather|none
|upkeep
|turn|9
|
|t:|1662843642
|move|p1a: Sandshrew|Knock Off|p2a: Slowpoke
|-supereffective|p2a: Slowpoke
|-damage|p2a: Slowpoke|0 fnt
|faint|p2a: Slowpoke
|-damage|p1a: Sandshrew|41/100|[from] item: Life Orb
|
|upkeep
|
|t:|1662843646
|switch|p2a: Pikachu|Pikachu, M|88/100
|turn|10
|
|t:|1662843667
|move|p2a: Pikachu|Thunderbolt|p1a: Sandshrew
|-damage|p1a: Sandshrew|0 fnt
|faint|p1a: Sandshrew
|
|upkeep
|
|t:|1662843671
|switch|p1a: Raboot|Raboot, M|100/100
|turn|11
|
|t:|1662843678
|switch|p2a: Growlithe|Growlithe, M|100/100
|-ability|p2a: Growlithe|Intimidate|boost
|-unboost|p1a: Raboot|atk|1
|move|p1a: Raboot|High Jump Kick|p2a: Growlithe
|-start|p1a: Raboot|typechange|Fighting|[from] ability: Libero
|-damage|p2a: Growlithe|66/100
|
|upkeep
|turn|12
|
|t:|1662843687
|move|p1a: Raboot|U-turn|p2a: Growlithe
|-start|p1a: Raboot|typechange|Bug|[from] ability: Libero
|-resisted|p2a: Growlithe
|-damage|p2a: Growlithe|57/100
|
|t:|1662843691
|switch|p1a: Corsola|Corsola-Galar, F|100/100|[from]move: U-turn
|move|p2a: Growlithe|Morning Sun|p2a: Growlithe
|-heal|p2a: Growlithe|100/100
|
|upkeep
|turn|13
|
|t:|1662843696
|move|p2a: Growlithe|Toxic|p1a: Corsola
|-status|p1a: Corsola|tox
|move|p1a: Corsola|Stealth Rock|p2a: Growlithe
|-sidestart|p2: Vugatti_Beyron|move: Stealth Rock
|
|-damage|p1a: Corsola|94/100 tox|[from] psn
|upkeep
|turn|14
|
|t:|1662843704
|switch|p1a: Azurill|Azurill, F|100/100
|move|p2a: Growlithe|Flamethrower|p1a: Azurill
|-damage|p1a: Azurill|52/100
|-status|p1a: Azurill|brn
|
|-damage|p1a: Azurill|46/100 brn|[from] brn
|upkeep
|-enditem|p1a: Azurill|Berry Juice
|-heal|p1a: Azurill|53/100 brn|[from] item: Berry Juice
|turn|15
|
|t:|1662843716
|move|p2a: Growlithe|Flamethrower|p1a: Azurill
|-damage|p1a: Azurill|0 fnt
|faint|p1a: Azurill
|
|upkeep
|c|☆arhamaaa|oof
|c|☆arhamaaa|i forgot
|c|☆arhamaaa|this is lvl 100
|c|☆Vugatti_Beyron|Lol
|c|☆arhamaaa|and i brought berry juice
|c|☆arhamaaa|even to the fight b4 this
|c|☆arhamaaa|lol
|c|☆Vugatti_Beyron|Berry juice kinda heat
|
|t:|1662843738
|switch|p1a: Raboot|Raboot, M|100/100
|turn|16
|
|t:|1662843748
|move|p1a: Raboot|High Jump Kick|p2a: Growlithe
|-start|p1a: Raboot|typechange|Fighting|[from] ability: Libero
|-damage|p2a: Growlithe|48/100
|move|p2a: Growlithe|Will-O-Wisp|p1a: Raboot
|-status|p1a: Raboot|brn
|
|-damage|p1a: Raboot|95/100 brn|[from] brn
|upkeep
|turn|17
|
|t:|1662843763
|move|p1a: Raboot|Gunk Shot|p2a: Growlithe
|-start|p1a: Raboot|typechange|Poison|[from] ability: Libero
|-crit|p2a: Growlithe
|-damage|p2a: Growlithe|12/100
|move|p2a: Growlithe|Morning Sun|p2a: Growlithe
|-heal|p2a: Growlithe|62/100
|
|-damage|p1a: Raboot|89/100 brn|[from] brn
|upkeep
|turn|18
|
|t:|1662843771
|move|p1a: Raboot|Gunk Shot|p2a: Growlithe
|-damage|p2a: Growlithe|37/100
|move|p2a: Growlithe|Morning Sun|p2a: Growlithe
|-heal|p2a: Growlithe|87/100
|
|-damage|p1a: Raboot|83/100 brn|[from] brn
|upkeep
|turn|19
|
|t:|1662843778
|move|p1a: Raboot|Gunk Shot|p2a: Growlithe
|-damage|p2a: Growlithe|64/100
|-status|p2a: Growlithe|psn
|move|p2a: Growlithe|Flamethrower|p1a: Raboot
|-damage|p1a: Raboot|38/100 brn
|
|-damage|p2a: Growlithe|52/100 psn|[from] psn
|-damage|p1a: Raboot|32/100 brn|[from] brn
|upkeep
|turn|20
|
|t:|1662843786
|move|p1a: Raboot|U-turn|p2a: Growlithe
|-start|p1a: Raboot|typechange|Bug|[from] ability: Libero
|-resisted|p2a: Growlithe
|-damage|p2a: Growlithe|45/100 psn
|c|☆arhamaaa|well ive lost
|c|☆arhamaaa|got lucky cuz u got a bye smh
|
|t:|1662843793
|switch|p1a: Corsola|Corsola-Galar, F|94/100 tox|[from]move: U-turn
|move|p2a: Growlithe|Morning Sun|p2a: Growlithe
|-heal|p2a: Growlithe|95/100 psn
|
|-damage|p2a: Growlithe|82/100 psn|[from] psn
|-damage|p1a: Corsola|88/100 tox|[from] psn
|upkeep
|turn|21
|
|t:|1662843803
|move|p2a: Growlithe|Flamethrower|p1a: Corsola
|-crit|p1a: Corsola
|-damage|p1a: Corsola|64/100 tox
|move|p1a: Corsola|Hex|p2a: Growlithe
|-damage|p2a: Growlithe|50/100 psn
|
|-damage|p2a: Growlithe|37/100 psn|[from] psn
|-damage|p1a: Corsola|51/100 tox|[from] psn
|upkeep
|turn|22
|
|t:|1662843809
|move|p2a: Growlithe|Morning Sun|p2a: Growlithe
|-heal|p2a: Growlithe|87/100 psn
|move|p1a: Corsola|Strength Sap|p2a: Growlithe
|-unboost|p2a: Growlithe|atk|1
|-heal|p1a: Corsola|92/100 tox
|
|-damage|p2a: Growlithe|75/100 psn|[from] psn
|-damage|p1a: Corsola|73/100 tox|[from] psn
|upkeep
|turn|23
|
|t:|1662843819
|switch|p1a: Raboot|Raboot, M|32/100 brn
|move|p2a: Growlithe|Morning Sun|p2a: Growlithe
|-heal|p2a: Growlithe|100/100 psn
|
|-damage|p2a: Growlithe|88/100 psn|[from] psn
|-damage|p1a: Raboot|26/100 brn|[from] brn
|upkeep
|turn|24
|
|t:|1662843829
|move|p1a: Raboot|High Jump Kick|p2a: Growlithe|[miss]
|-start|p1a: Raboot|typechange|Fighting|[from] ability: Libero
|-miss|p1a: Raboot|p2a: Growlithe
|-damage|p1a: Raboot|0 fnt|[from] highjumpkick
|faint|p1a: Raboot
|move|p2a: Growlithe|Flamethrower|p1: Raboot|[notarget]
|-fail|p2a: Growlithe
|
|-damage|p2a: Growlithe|76/100 psn|[from] psn
|upkeep
|
|t:|1662843832
|switch|p1a: Corsola|Corsola-Galar, F|73/100 tox
|turn|25
|-message|arhamaaa forfeited.
|
|win|Vugatti_Beyron
|l|☆arhamaaa
