|j|☆Obito152001
|j|☆BasakBooster2
|t:|1665124207
|gametype|singles
|player|p1|Obito152001|blue-gen3two|1979
|player|p2|BasakBooster2|265|1936
|teamsize|p1|6
|teamsize|p2|6
|gen|8
|tier|[Gen 8] National Dex AG
|rated|
|rule|HP Percentage Mod: HP is shown in percentages
|rule|Endless Battle Clause: Forcing endless battles is banned
|clearpoke
|poke|p1|Rayquaza|
|poke|p1|Groudon|
|poke|p1|Kyogre|
|poke|p1|Arceus-*|
|poke|p1|Ditto|
|poke|p1|Arceus-*|
|poke|p2|Groudon|
|poke|p2|Rayquaza|
|poke|p2|Zygarde|
|poke|p2|Calyrex-Shadow|
|poke|p2|Arceus-*|
|poke|p2|Arceus-*|
|teampreview
|inactive|Battle timer is ON: inactive players will automatically lose when time's up. (requested by Obito152001)
|
|t:|1665124222
|start
|switch|p1a: Arceus|Arceus-Fairy|100/100
|switch|p2a: the goat|Zygarde, shiny|100/100
|turn|1
|
|t:|1665124227
|switch|p2a: Arceus|Arceus-Fairy|100/100
|move|p1a: Arceus|Judgment|p2a: Arceus
|-damage|p2a: Arceus|76/100
|
|upkeep
|turn|2
|
|t:|1665124230
|move|p2a: Arceus|Thunder Wave|p1a: Arceus
|-status|p1a: Arceus|par
|move|p1a: Arceus|Toxic|p2a: Arceus
|-status|p2a: Arceus|tox
|
|-damage|p2a: Arceus|70/100 tox|[from] psn
|upkeep
|turn|3
|
|t:|1665124234
|move|p2a: Arceus|Perish Song|p2a: Arceus
|-start|p1a: Arceus|perish3|[silent]
|-start|p2a: Arceus|perish3|[silent]
|-fieldactivate|move: Perish Song
|move|p1a: Arceus|Stealth Rock|p2a: Arceus
|-sidestart|p2: BasakBooster2|move: Stealth Rock
|
|-damage|p2a: Arceus|58/100 tox|[from] psn
|-start|p2a: Arceus|perish3
|-start|p1a: Arceus|perish3
|upkeep
|turn|4
|
|t:|1665124243
|switch|p1a: Groudon|Groudon|100/100
|detailschange|p1a: Groudon|Groudon-Primal
|-primal|p1a: Groudon
|-weather|DesolateLand|[from] ability: Desolate Land|[of] p1a: Groudon
|move|p2a: Arceus|Recover|p2a: Arceus
|-heal|p2a: Arceus|100/100 tox
|
|-weather|DesolateLand|[upkeep]
|-damage|p2a: Arceus|82/100 tox|[from] psn
|-start|p2a: Arceus|perish2
|upkeep
|turn|5
|
|t:|1665124249
|switch|p2a: the gwoat|Rayquaza|100/100
|-damage|p2a: the gwoat|76/100|[from] Stealth Rock
|-ability|p2a: the gwoat|Air Lock
|move|p1a: Groudon|Substitute|p1a: Groudon
|-start|p1a: Groudon|Substitute
|-damage|p1a: Groudon|76/100
|
|-weather|DesolateLand|[upkeep]
|upkeep
|turn|6
|
|t:|1665124252
|detailschange|p2a: the gwoat|Rayquaza-Mega
|-mega|p2a: the gwoat|Rayquaza|
|-weather|DeltaStream|[from] ability: Delta Stream|[of] p2a: the gwoat
|move|p2a: the gwoat|Scale Shot|p1a: Groudon
|-activate|p1a: Groudon|move: Substitute|[damage]
|-end|p1a: Groudon|Substitute
|-hitcount|p1a: Groudon|2
|-unboost|p2a: the gwoat|def|1
|-boost|p2a: the gwoat|spe|1
|-damage|p2a: the gwoat|66/100|[from] item: Life Orb
|move|p1a: Groudon|Rock Tomb|p2a: the gwoat
|-activate||deltastream
|-damage|p2a: the gwoat|26/100
|-unboost|p2a: the gwoat|spe|1
|
|-weather|DeltaStream|[upkeep]
|upkeep
|turn|7
|
|t:|1665124267
|switch|p1a: Arceus|Arceus-Fairy|100/100 par
|move|p2a: the gwoat|Dragon Ascent|p1a: Arceus
|-damage|p1a: Arceus|21/100 par
|-unboost|p2a: the gwoat|def|1
|-unboost|p2a: the gwoat|spd|1
|-damage|p2a: the gwoat|16/100|[from] item: Life Orb
|
|-weather|DeltaStream|[upkeep]
|upkeep
|turn|8
|
|t:|1665124271
|move|p2a: the gwoat|Dragon Ascent|p1a: Arceus
|-damage|p1a: Arceus|0 fnt
|-unboost|p2a: the gwoat|def|1
|-unboost|p2a: the gwoat|spd|1
|faint|p1a: Arceus
|-damage|p2a: the gwoat|6/100|[from] item: Life Orb
|
|-weather|DeltaStream|[upkeep]
|upkeep
|
|t:|1665124274
|switch|p1a: Ditto|Ditto, shiny|100/100
|-transform|p1a: Ditto|p2a: the gwoat|[from] ability: Imposter
|turn|9
|
|t:|1665124277
|move|p1a: Ditto|Extreme Speed|p2a: the gwoat
|-damage|p2a: the gwoat|0 fnt
|faint|p2a: the gwoat
|
|-weather|DeltaStream|[upkeep]
|upkeep
|
|t:|1665124287
|switch|p2a: the goat|Zygarde, shiny|100/100
|-damage|p2a: the goat|94/100|[from] Stealth Rock
|turn|10
|
|t:|1665124290
|-weather|none
|switch|p1a: Kyogre|Kyogre|100/100
|detailschange|p1a: Kyogre|Kyogre-Primal
|-primal|p1a: Kyogre
|-weather|PrimordialSea|[from] ability: Primordial Sea|[of] p1a: Kyogre
|move|p2a: the goat|Glare|p1a: Kyogre
|-status|p1a: Kyogre|par
|
|-weather|PrimordialSea|[upkeep]
|-heal|p2a: the goat|100/100|[from] item: Leftovers
|upkeep
|turn|11
|
|t:|1665124296
|switch|p2a: Pyra|Groudon|100/100
|-damage|p2a: Pyra|94/100|[from] Stealth Rock
|detailschange|p2a: Pyra|Groudon-Primal
|-primal|p2a: Pyra
|-weather|DesolateLand|[from] ability: Desolate Land|[of] p2a: Pyra
|move|p1a: Kyogre|Calm Mind|p1a: Kyogre
|-boost|p1a: Kyogre|spa|1
|-boost|p1a: Kyogre|spd|1
|
|-weather|DesolateLand|[upkeep]
|upkeep
|turn|12
|
|t:|1665124307
|switch|p1a: Groudon|Groudon-Primal|76/100
|move|p2a: Pyra|Stealth Rock|p1a: Groudon
|-sidestart|p1: Obito152001|move: Stealth Rock
|
|-weather|DesolateLand|[upkeep]
|upkeep
|turn|13
|
|t:|1665124316
|move|p1a: Groudon|Earthquake|p2a: Pyra
|-supereffective|p2a: Pyra
|-damage|p2a: Pyra|40/100
|move|p2a: Pyra|Precipice Blades|p1a: Groudon
|-supereffective|p1a: Groudon
|-damage|p1a: Groudon|0 fnt
|faint|p1a: Groudon
|
|-weather|DesolateLand|[upkeep]
|upkeep
|
|t:|1665124323
|switch|p1a: Rayquaza|Rayquaza, shiny|100/100
|-damage|p1a: Rayquaza|76/100|[from] Stealth Rock
|-ability|p1a: Rayquaza|Air Lock
|turn|14
|
|t:|1665124331
|detailschange|p1a: Rayquaza|Rayquaza-Mega, shiny
|-mega|p1a: Rayquaza|Rayquaza|
|-weather|DeltaStream|[from] ability: Delta Stream|[of] p1a: Rayquaza
|move|p1a: Rayquaza|Dragon Ascent|p2a: Pyra
|-damage|p2a: Pyra|0 fnt
|-unboost|p1a: Rayquaza|def|1
|-unboost|p1a: Rayquaza|spd|1
|faint|p2a: Pyra
|-damage|p1a: Rayquaza|66/100|[from] item: Life Orb
|
|-weather|DeltaStream|[upkeep]
|upkeep
|
|t:|1665124338
|switch|p2a: Calyrex|Calyrex-Shadow|100/100
|-ability|p2a: Calyrex|As One
|-ability|p2a: Calyrex|Unnerve
|-damage|p2a: Calyrex|88/100|[from] Stealth Rock
|turn|15
|
|t:|1665124340
|-weather|none
|switch|p1a: Arceus|Arceus|100/100
|-damage|p1a: Arceus|88/100|[from] Stealth Rock
|move|p2a: Calyrex|Substitute|p2a: Calyrex
|-start|p2a: Calyrex|Substitute
|-damage|p2a: Calyrex|63/100
|
|-heal|p2a: Calyrex|70/100|[from] item: Leftovers
|upkeep
|turn|16
|
|t:|1665124345
|move|p2a: Calyrex|Leech Seed|p1a: Arceus
|-start|p1a: Arceus|move: Leech Seed
|move|p1a: Arceus|Swords Dance|p1a: Arceus
|-boost|p1a: Arceus|atk|2
|
|-heal|p2a: Calyrex|76/100|[from] item: Leftovers
|-damage|p1a: Arceus|76/100|[from] Leech Seed|[of] p2a: Calyrex
|-heal|p2a: Calyrex|92/100|[silent]
|upkeep
|turn|17
|
|t:|1665124349
|move|p2a: Calyrex|Draining Kiss|p1a: Arceus
|-damage|p1a: Arceus|61/100
|-heal|p2a: Calyrex|100/100|[from] drain|[of] p1a: Arceus
|move|p1a: Arceus|Swords Dance|p1a: Arceus
|-boost|p1a: Arceus|atk|2
|
|-damage|p1a: Arceus|49/100|[from] Leech Seed|[of] p2a: Calyrex
|upkeep
|turn|18
|
|t:|1665124354
|move|p2a: Calyrex|Draining Kiss|p1a: Arceus
|-damage|p1a: Arceus|35/100
|move|p1a: Arceus|Recover|p1a: Arceus
|-heal|p1a: Arceus|85/100
|
|-damage|p1a: Arceus|72/100|[from] Leech Seed|[of] p2a: Calyrex
|upkeep
|turn|19
|
|t:|1665124362
|switch|p2a: Arceus|Arceus-Fairy|82/100 tox
|-damage|p2a: Arceus|70/100 tox|[from] Stealth Rock
|move|p1a: Arceus|Swords Dance|p1a: Arceus
|-boost|p1a: Arceus|atk|2
|
|-damage|p1a: Arceus|60/100|[from] Leech Seed|[of] p2a: Arceus
|-heal|p2a: Arceus|82/100 tox|[silent]
|-damage|p2a: Arceus|76/100 tox|[from] psn
|upkeep
|turn|20
|
|t:|1665124367
|move|p1a: Arceus|Extreme Speed|p2a: Arceus
|-damage|p2a: Arceus|0 fnt
|faint|p2a: Arceus
|
|upkeep
|
|t:|1665124371
|switch|p2a: the goat|Zygarde, shiny|100/100
|-damage|p2a: the goat|94/100|[from] Stealth Rock
|turn|21
|
|t:|1665124373
|switch|p2a: Calyrex|Calyrex-Shadow|100/100
|-ability|p2a: Calyrex|As One
|-ability|p2a: Calyrex|Unnerve
|-damage|p2a: Calyrex|88/100|[from] Stealth Rock
|-start|p1a: Arceus|Dynamax|
|-heal|p1a: Arceus|60/100|[silent]
|move|p1a: Arceus|Max Strike|p2a: Calyrex
|-immune|p2a: Calyrex
|
|-heal|p2a: Calyrex|94/100|[from] item: Leftovers
|-damage|p1a: Arceus|54/100|[from] Leech Seed|[of] p2a: Calyrex
|-heal|p2a: Calyrex|100/100|[silent]
|upkeep
|turn|22
|
|t:|1665124381
|switch|p2a: Arceus|Arceus|100/100
|-damage|p2a: Arceus|88/100|[from] Stealth Rock
|move|p1a: Arceus|Max Phantasm|p2a: Arceus
|-immune|p2a: Arceus
|
|-damage|p1a: Arceus|47/100|[from] Leech Seed|[of] p2a: Arceus
|-heal|p2a: Arceus|100/100|[silent]
|upkeep
|turn|23
|
|t:|1665124390
|-start|p2a: Arceus|Dynamax|
|-heal|p2a: Arceus|100/100|[silent]
|move|p2a: Arceus|Max Guard|p2a: Arceus
|-singleturn|p2a: Arceus|Max Guard
|move|p1a: Arceus|Max Strike|p2a: Arceus
|-activate|p2a: Arceus|move: Max Guard
|
|-damage|p1a: Arceus|41/100|[from] Leech Seed|[of] p2a: Arceus
|upkeep
|-end|p1a: Arceus|Dynamax
|-heal|p1a: Arceus|41/100|[silent]
|turn|24
|
|t:|1665124394
|move|p2a: Arceus|Max Strike|p1a: Arceus
|-damage|p1a: Arceus|0 fnt
|faint|p1a: Arceus
|
|upkeep
|c|☆BasakBooster2|oh loord
|c|☆BasakBooster2|im that guy
|
|t:|1665124413
|switch|p1a: Rayquaza|Rayquaza-Mega, shiny|66/100
|-damage|p1a: Rayquaza|41/100|[from] Stealth Rock
|-weather|DeltaStream|[from] ability: Delta Stream|[of] p1a: Rayquaza
|turn|25
|
|t:|1665124418
|move|p1a: Rayquaza|Dragon Ascent|p2a: Arceus
|-damage|p2a: Arceus|68/100
|-unboost|p1a: Rayquaza|def|1
|-unboost|p1a: Rayquaza|spd|1
|-damage|p1a: Rayquaza|31/100|[from] item: Life Orb
|move|p2a: Arceus|Max Strike|p1a: Rayquaza
|-damage|p1a: Rayquaza|0 fnt
|faint|p1a: Rayquaza
|-weather|none
|
|upkeep
|
|t:|1665124425
|switch|p1a: Kyogre|Kyogre-Primal|100/100 par
|-damage|p1a: Kyogre|88/100 par|[from] Stealth Rock
|-weather|PrimordialSea|[from] ability: Primordial Sea|[of] p1a: Kyogre
|-end|p2a: Arceus|Dynamax
|-heal|p2a: Arceus|68/100|[silent]
|turn|26
|
|t:|1665124432
|move|p2a: Arceus|Swords Dance|p2a: Arceus
|-boost|p2a: Arceus|atk|2
|cant|p1a: Kyogre|par
|
|-weather|PrimordialSea|[upkeep]
|upkeep
|turn|27
|
|t:|1665124440
|move|p2a: Arceus|Extreme Speed|p1a: Kyogre
|-damage|p1a: Kyogre|32/100 par
|cant|p1a: Kyogre|par
|
|-weather|PrimordialSea|[upkeep]
|upkeep
|turn|28
|
|t:|1665124450
|move|p2a: Arceus|Extreme Speed|p1a: Kyogre
|-damage|p1a: Kyogre|0 fnt
|faint|p1a: Kyogre
|-weather|none
|
|upkeep
|-message|Obito152001 forfeited.
|
|win|BasakBooster2
|raw|Obito152001's rating: 1979 &rarr; <strong>1957</strong><br />(-22 for losing)
|raw|BasakBooster2's rating: 1936 &rarr; <strong>1958</strong><br />(+22 for winning)
|l|☆Obito152001
