|j|☆amnael01
|j|☆MiguelRRM
|t:|1631646958
|gametype|singles
|player|p1|amnael01|265|1701
|player|p2|MiguelRRM|lucas|1872
|teamsize|p1|6
|teamsize|p2|6
|gen|8
|tier|[Gen 8] National Dex AG
|rated|
|rule|HP Percentage Mod: HP is shown in percentages
|rule|Endless Battle Clause: Forcing endless battles is banned
|clearpoke
|poke|p1|Smeargle, M|
|poke|p1|Espeon, M|
|poke|p1|Groudon|
|poke|p1|Rayquaza|
|poke|p1|Xerneas-*|
|poke|p1|Zacian-*|
|poke|p2|Marshadow|
|poke|p2|Yveltal|
|poke|p2|Rayquaza|
|poke|p2|Zacian-*|
|poke|p2|Arceus-*|
|poke|p2|Groudon|
|teampreview
|inactive|Battle timer is ON: inactive players will automatically lose when time's up. (requested by amnael01)
|
|t:|1631646968
|start
|switch|p1a: Smeargle|Smeargle, M|100/100
|switch|p2a: Rayquaza|Rayquaza|100/100
|-ability|p2a: Rayquaza|Air Lock
|turn|1
|
|t:|1631646970
|detailschange|p2a: Rayquaza|Rayquaza-Mega
|-mega|p2a: Rayquaza|Rayquaza|
|-weather|DeltaStream|[from] ability: Delta Stream|[of] p2a: Rayquaza
|move|p1a: Smeargle|Spiky Shield|p1a: Smeargle
|-singleturn|p1a: Smeargle|move: Protect
|move|p2a: Rayquaza|Scale Shot|p1a: Smeargle
|-activate|p1a: Smeargle|move: Protect
|
|-weather|DeltaStream|[upkeep]
|-ability|p1a: Smeargle|Moody|boost
|-boost|p1a: Smeargle|def|2
|-unboost|p1a: Smeargle|atk|1
|upkeep
|turn|2
|
|t:|1631646974
|move|p2a: Rayquaza|Scale Shot|p1a: Smeargle|[miss]
|-miss|p2a: Rayquaza|p1a: Smeargle
|move|p1a: Smeargle|Spore|p2a: Rayquaza
|-status|p2a: Rayquaza|slp|[from] move: Spore
|
|-weather|DeltaStream|[upkeep]
|-ability|p1a: Smeargle|Moody|boost
|-boost|p1a: Smeargle|def|2
|-unboost|p1a: Smeargle|atk|1
|upkeep
|turn|3
|
|t:|1631646977
|cant|p2a: Rayquaza|slp
|move|p1a: Smeargle|Shift Gear|p1a: Smeargle
|-boost|p1a: Smeargle|spe|2
|-boost|p1a: Smeargle|atk|1
|
|-weather|DeltaStream|[upkeep]
|-ability|p1a: Smeargle|Moody|boost
|-boost|p1a: Smeargle|spa|2
|-unboost|p1a: Smeargle|spe|1
|upkeep
|turn|4
|
|t:|1631646981
|move|p1a: Smeargle|Shift Gear|p1a: Smeargle
|-boost|p1a: Smeargle|spe|2
|-boost|p1a: Smeargle|atk|1
|cant|p2a: Rayquaza|slp
|
|-weather|DeltaStream|[upkeep]
|-ability|p1a: Smeargle|Moody|boost
|-boost|p1a: Smeargle|spa|2
|-unboost|p1a: Smeargle|atk|1
|upkeep
|turn|5
|
|t:|1631646989
|move|p1a: Smeargle|Spiky Shield|p1a: Smeargle
|-singleturn|p1a: Smeargle|move: Protect
|-curestatus|p2a: Rayquaza|slp|[msg]
|move|p2a: Rayquaza|Scale Shot|p1a: Smeargle
|-activate|p1a: Smeargle|move: Protect
|
|-weather|DeltaStream|[upkeep]
|-ability|p1a: Smeargle|Moody|boost
|-boost|p1a: Smeargle|spd|2
|-unboost|p1a: Smeargle|spe|1
|upkeep
|turn|6
|
|t:|1631646992
|move|p1a: Smeargle|Spore|p2a: Rayquaza
|-status|p2a: Rayquaza|slp|[from] move: Spore
|cant|p2a: Rayquaza|slp
|
|-weather|DeltaStream|[upkeep]
|-ability|p1a: Smeargle|Moody|boost
|-boost|p1a: Smeargle|spe|2
|-unboost|p1a: Smeargle|def|1
|upkeep
|turn|7
|
|t:|1631646996
|-weather|none
|switch|p2a: Marshadow|Marshadow|100/100
|move|p1a: Smeargle|Baton Pass|p1a: Smeargle
|
|t:|1631647002
|switch|p1a: Groudon|Groudon|100/100|[from]move: Baton Pass
|detailschange|p1a: Groudon|Groudon-Primal
|-primal|p1a: Groudon
|-weather|DesolateLand|[from] ability: Desolate Land|[of] p1a: Groudon
|
|-weather|DesolateLand|[upkeep]
|upkeep
|turn|8
|
|t:|1631647005
|move|p1a: Groudon|Stealth Rock|p2a: Marshadow
|-sidestart|p2: MiguelRRM|move: Stealth Rock
|move|p2a: Marshadow|Spectral Thief||[still]
|-clearpositiveboost|p1a: Groudon|p2a: Marshadow|move: Spectral Thief
|-boost|p2a: Marshadow|def|3
|-boost|p2a: Marshadow|spa|4
|-boost|p2a: Marshadow|spd|2
|-boost|p2a: Marshadow|spe|4
|-anim|p2a: Marshadow|Spectral Thief|p1a: Groudon
|-damage|p1a: Groudon|70/100
|
|-weather|DesolateLand|[upkeep]
|upkeep
|turn|9
|j| Wiso
|
|t:|1631647018
|switch|p2a: Arceus|Arceus-Ground|100/100
|-damage|p2a: Arceus|94/100|[from] Stealth Rock
|move|p1a: Groudon|Roar|p2a: Arceus
|drag|p2a: Groudon|Groudon|100/100
|-damage|p2a: Groudon|94/100|[from] Stealth Rock
|detailschange|p2a: Groudon|Groudon-Primal
|-primal|p2a: Groudon
|
|-weather|DesolateLand|[upkeep]
|upkeep
|turn|10
|
|t:|1631647023
|switch|p1a: Espeon|Espeon, M|100/100
|move|p2a: Groudon|Rock Tomb|p1a: Espeon
|-damage|p1a: Espeon|57/100
|-unboost|p1a: Espeon|spe|1
|
|-weather|DesolateLand|[upkeep]
|upkeep
|turn|11
|
|t:|1631647029
|move|p1a: Espeon|Psychic|p2a: Groudon
|-damage|p2a: Groudon|53/100
|move|p2a: Groudon|Rock Tomb|p1a: Espeon
|-damage|p1a: Espeon|20/100
|-unboost|p1a: Espeon|spe|1
|
|-weather|DesolateLand|[upkeep]
|upkeep
|turn|12
|
|t:|1631647033
|-weather|none
|switch|p2a: Arceus|Arceus-Ground|94/100
|-damage|p2a: Arceus|88/100|[from] Stealth Rock
|move|p1a: Espeon|Psychic|p2a: Arceus
|-damage|p2a: Arceus|54/100
|
|upkeep
|turn|13
|
|t:|1631647035
|move|p2a: Arceus|Defog|p1a: Espeon
|move|p1a: Espeon|Defog|p2a: Arceus|[from]ability: Magic Bounce
|-unboost|p2a: Arceus|evasion|1
|-sideend|p2: MiguelRRM|Stealth Rock|[from] move: Defog|[of] p1a: Espeon
|move|p1a: Espeon|Yawn|p2a: Arceus
|-start|p2a: Arceus|move: Yawn|[of] p1a: Espeon
|
|upkeep
|turn|14
|
|t:|1631647039
|switch|p2a: Zacian|Zacian-Crowned|100/100
|-ability|p2a: Zacian|Intrepid Sword|boost
|-boost|p2a: Zacian|atk|1
|switch|p1a: Smeargle|Smeargle, M|100/100
|
|-ability|p1a: Smeargle|Moody|boost
|-boost|p1a: Smeargle|spa|2
|-unboost|p1a: Smeargle|atk|1
|upkeep
|turn|15
|
|t:|1631647043
|move|p2a: Zacian|Substitute|p2a: Zacian
|-start|p2a: Zacian|Substitute
|-damage|p2a: Zacian|76/100
|move|p1a: Smeargle|Shift Gear|p1a: Smeargle
|-boost|p1a: Smeargle|spe|2
|-boost|p1a: Smeargle|atk|1
|
|-ability|p1a: Smeargle|Moody|boost
|-boost|p1a: Smeargle|spd|2
|-unboost|p1a: Smeargle|spa|1
|upkeep
|turn|16
|
|t:|1631647046
|move|p1a: Smeargle|Spiky Shield|p1a: Smeargle
|-singleturn|p1a: Smeargle|move: Protect
|move|p2a: Zacian|Behemoth Blade|p1a: Smeargle
|-activate|p1a: Smeargle|move: Protect
|-damage|p2a: Zacian|63/100|[from] Spiky Shield|[of] p1a: Smeargle
|
|-ability|p1a: Smeargle|Moody|boost
|-boost|p1a: Smeargle|spa|2
|-unboost|p1a: Smeargle|spd|1
|upkeep
|turn|17
|
|t:|1631647049
|move|p1a: Smeargle|Shift Gear|p1a: Smeargle
|-boost|p1a: Smeargle|spe|2
|-boost|p1a: Smeargle|atk|1
|move|p2a: Zacian|Behemoth Blade|p1a: Smeargle
|-enditem|p1a: Smeargle|Focus Sash
|-damage|p1a: Smeargle|1/100
|
|-ability|p1a: Smeargle|Moody|boost
|-boost|p1a: Smeargle|spa|2
|-unboost|p1a: Smeargle|spd|1
|upkeep
|turn|18
|
|t:|1631647059
|move|p1a: Smeargle|Spiky Shield|p1a: Smeargle
|-singleturn|p1a: Smeargle|move: Protect
|move|p2a: Zacian|Swords Dance|p2a: Zacian
|-boost|p2a: Zacian|atk|2
|
|-ability|p1a: Smeargle|Moody|boost
|-boost|p1a: Smeargle|spe|2
|-unboost|p1a: Smeargle|spa|1
|upkeep
|turn|19
|
|t:|1631647063
|move|p1a: Smeargle|Baton Pass|p1a: Smeargle
|
|t:|1631647065
|switch|p1a: Groudon|Groudon-Primal|70/100|[from]move: Baton Pass
|-weather|DesolateLand|[from] ability: Desolate Land|[of] p1a: Groudon
|move|p2a: Zacian|Behemoth Blade|p1a: Groudon
|-resisted|p1a: Groudon
|-damage|p1a: Groudon|18/100
|
|-weather|DesolateLand|[upkeep]
|upkeep
|turn|20
|
|t:|1631647068
|move|p1a: Groudon|Fire Punch|p2a: Zacian
|-supereffective|p2a: Zacian
|-end|p2a: Zacian|Substitute
|move|p2a: Zacian|Behemoth Blade|p1a: Groudon
|-resisted|p1a: Groudon
|-damage|p1a: Groudon|0 fnt
|faint|p1a: Groudon
|-weather|none
|
|upkeep
|
|t:|1631647070
|switch|p1a: Rayquaza|Rayquaza|100/100
|-ability|p1a: Rayquaza|Air Lock
|turn|21
|
|t:|1631647073
|detailschange|p1a: Rayquaza|Rayquaza-Mega
|-mega|p1a: Rayquaza|Rayquaza|
|-weather|DeltaStream|[from] ability: Delta Stream|[of] p1a: Rayquaza
|move|p2a: Zacian|Behemoth Blade|p1a: Rayquaza
|-enditem|p1a: Rayquaza|Focus Sash
|-damage|p1a: Rayquaza|1/100
|move|p1a: Rayquaza|Earthquake|p2a: Zacian
|-supereffective|p2a: Zacian
|-damage|p2a: Zacian|0 fnt
|faint|p2a: Zacian
|
|-weather|DeltaStream|[upkeep]
|upkeep
|
|t:|1631647081
|switch|p2a: Marshadow|Marshadow|100/100
|turn|22
|
|t:|1631647084
|-weather|none
|switch|p1a: Smeargle|Smeargle, M|1/100
|move|p2a: Marshadow|Spectral Thief|p1a: Smeargle
|-immune|p1a: Smeargle
|
|-ability|p1a: Smeargle|Moody|boost
|-boost|p1a: Smeargle|atk|2
|-unboost|p1a: Smeargle|spd|1
|upkeep
|turn|23
|
|t:|1631647086
|move|p1a: Smeargle|Spiky Shield|p1a: Smeargle
|-singleturn|p1a: Smeargle|move: Protect
|move|p2a: Marshadow|Rock Tomb|p1a: Smeargle
|-activate|p1a: Smeargle|move: Protect
|
|-ability|p1a: Smeargle|Moody|boost
|-boost|p1a: Smeargle|spa|2
|-unboost|p1a: Smeargle|def|1
|upkeep
|turn|24
|
|t:|1631647091
|move|p2a: Marshadow|Drain Punch|p1a: Smeargle
|-supereffective|p1a: Smeargle
|-damage|p1a: Smeargle|0 fnt
|faint|p1a: Smeargle
|
|upkeep
|
|t:|1631647096
|switch|p1a: Xerneas|Xerneas|100/100
|-ability|p1a: Xerneas|Fairy Aura
|turn|25
|
|t:|1631647100
|switch|p2a: Rayquaza|Rayquaza-Mega|100/100 slp
|-weather|DeltaStream|[from] ability: Delta Stream|[of] p2a: Rayquaza
|move|p1a: Xerneas|Moonblast|p2a: Rayquaza
|-supereffective|p2a: Rayquaza
|-damage|p2a: Rayquaza|0 fnt
|faint|p2a: Rayquaza
|-weather|none
|
|upkeep
|
|t:|1631647103
|switch|p2a: Groudon|Groudon-Primal|53/100
|-weather|DesolateLand|[from] ability: Desolate Land|[of] p2a: Groudon
|turn|26
|
|t:|1631647105
|switch|p1a: Espeon|Espeon, M|20/100
|move|p2a: Groudon|Rock Tomb|p1a: Espeon
|-damage|p1a: Espeon|0 fnt
|faint|p1a: Espeon
|
|-weather|DesolateLand|[upkeep]
|upkeep
|
|t:|1631647108
|switch|p1a: Rayquaza|Rayquaza-Mega|1/100
|-weather|DeltaStream|[from] ability: Delta Stream|[of] p1a: Rayquaza
|turn|27
|
|t:|1631647113
|move|p1a: Rayquaza|Earthquake|p2a: Groudon
|-supereffective|p2a: Groudon
|-damage|p2a: Groudon|9/100
|move|p2a: Groudon|Stealth Rock|p1a: Rayquaza
|-sidestart|p1: amnael01|move: Stealth Rock
|
|-weather|DeltaStream|[upkeep]
|upkeep
|turn|28
|
|t:|1631647118
|move|p1a: Rayquaza|Earthquake|p2a: Groudon
|-supereffective|p2a: Groudon
|-damage|p2a: Groudon|0 fnt
|faint|p2a: Groudon
|
|-weather|DeltaStream|[upkeep]
|upkeep
|
|t:|1631647120
|switch|p2a: Marshadow|Marshadow|100/100
|turn|29
|
|t:|1631647122
|move|p2a: Marshadow|Spectral Thief|p1a: Rayquaza
|-damage|p1a: Rayquaza|0 fnt
|faint|p1a: Rayquaza
|-weather|none
|
|upkeep
|
|t:|1631647124
|switch|p1a: Xerneas|Xerneas|100/100
|-damage|p1a: Xerneas|88/100|[from] Stealth Rock
|-ability|p1a: Xerneas|Fairy Aura
|turn|30
|
|t:|1631647132
|switch|p2a: Arceus|Arceus-Ground|54/100
|move|p1a: Xerneas|Moonblast|p2a: Arceus
|-damage|p2a: Arceus|4/100
|-unboost|p2a: Arceus|spa|1
|
|upkeep
|turn|31
|
|t:|1631647140
|move|p2a: Arceus|Judgment|p1a: Xerneas
|-damage|p1a: Xerneas|65/100
|move|p1a: Xerneas|Moonblast|p2a: Arceus
|-damage|p2a: Arceus|0 fnt
|faint|p2a: Arceus
|
|upkeep
|
|t:|1631647144
|switch|p2a: Marshadow|Marshadow|100/100
|turn|32
|
|t:|1631647149
|-start|p1a: Xerneas|Dynamax
|-heal|p1a: Xerneas|65/100|[silent]
|move|p2a: Marshadow|Rock Tomb|p1a: Xerneas
|-damage|p1a: Xerneas|55/100
|-unboost|p1a: Xerneas|spe|1
|move|p1a: Xerneas|Max Starfall|p2a: Marshadow
|-supereffective|p2a: Marshadow
|-enditem|p2a: Marshadow|Focus Sash
|-damage|p2a: Marshadow|1/100
|-fieldstart|move: Misty Terrain
|
|upkeep
|turn|33
|
|t:|1631647155
|move|p2a: Marshadow|Spectral Thief|p1a: Xerneas
|-damage|p1a: Xerneas|41/100
|move|p1a: Xerneas|Max Starfall|p2a: Marshadow
|-supereffective|p2a: Marshadow
|-damage|p2a: Marshadow|0 fnt
|faint|p2a: Marshadow
|
|upkeep
|
|t:|1631647159
|switch|p2a: Yveltal|Yveltal|100/100
|-ability|p2a: Yveltal|Dark Aura
|turn|34
|
|t:|1631647160
|-start|p2a: Yveltal|Dynamax
|-heal|p2a: Yveltal|100/100|[silent]
|move|p2a: Yveltal|Max Airstream|p1a: Xerneas
|-damage|p1a: Xerneas|8/100
|-boost|p2a: Yveltal|spe|1
|-damage|p2a: Yveltal|96/100|[from] item: Life Orb
|move|p1a: Xerneas|Max Starfall|p2a: Yveltal
|-supereffective|p2a: Yveltal
|-damage|p2a: Yveltal|13/100
|
|-end|p1a: Xerneas|Dynamax
|-heal|p1a: Xerneas|8/100|[silent]
|upkeep
|turn|35
|
|t:|1631647163
|move|p2a: Yveltal|Max Airstream|p1a: Xerneas
|-damage|p1a: Xerneas|0 fnt
|-boost|p2a: Yveltal|spe|1
|faint|p1a: Xerneas
|-damage|p2a: Yveltal|8/100|[from] item: Life Orb
|
|upkeep
|
|t:|1631647165
|switch|p1a: Zacian|Zacian-Crowned|100/100
|-damage|p1a: Zacian|94/100|[from] Stealth Rock
|-ability|p1a: Zacian|Intrepid Sword|boost
|-boost|p1a: Zacian|atk|1
|turn|36
|
|t:|1631647167
|move|p2a: Yveltal|Max Flare|p1a: Zacian
|-supereffective|p1a: Zacian
|-damage|p1a: Zacian|0 fnt
|-weather|SunnyDay
|faint|p1a: Zacian
|-damage|p2a: Yveltal|3/100|[from] item: Life Orb
|
|win|MiguelRRM
|l|☆amnael01
|raw|amnael01's rating: 1701 &rarr; <strong>1690</strong><br />(-11 for losing)
|raw|MiguelRRM's rating: 1872 &rarr; <strong>1883</strong><br />(+11 for winning)
|l| Wiso
||Ladder isn't responding, score probably updated but might not have (Request timeout).
