|j|☆dasort
|j|☆Birds30
|player|p1|dasort|marlon|
|player|p2|Birds30|brycenman|
|teamsize|p1|6
|teamsize|p2|6
|gametype|singles
|gen|8
|tier|[Gen 8] National Dex AG
|rated|Tournament battle
|clearpoke
|poke|p1|Zacian-Crowned|
|poke|p1|Rayquaza|
|poke|p1|Ditto|
|poke|p1|Xerneas|
|poke|p1|Ho-Oh|
|poke|p1|Necrozma-Dusk-Mane|
|poke|p2|Rayquaza|
|poke|p2|Kyogre|
|poke|p2|Necrozma-Dusk-Mane|
|poke|p2|Ho-Oh|
|poke|p2|Zygarde|
|poke|p2|Yveltal|
|rule|HP Percentage Mod: HP is shown in percentages
|rule|Endless Battle Clause: Forcing endless battles is banned
|teampreview
|inactive|Battle timer is ON: inactive players will automatically lose when time's up. (requested by dasort)
|j| The Radiant Me
|j| Rupivam
|
|start
|switch|p1a: Rayquaza|Rayquaza|100/100
|switch|p2a: Ho-Oh|Ho-Oh|100/100
|-ability|p1a: Rayquaza|Air Lock
|turn|1
|j| mbappinho
|
|switch|p1a: Ho-Oh|Ho-Oh|100/100
|move|p2a: Ho-Oh|Sacred Fire|p1a: Ho-Oh
|-resisted|p1a: Ho-Oh
|-damage|p1a: Ho-Oh|87/100
|
|upkeep
|turn|2
|
|move|p1a: Ho-Oh|Toxic|p2a: Ho-Oh|[miss]
|-miss|p1a: Ho-Oh|p2a: Ho-Oh
|move|p2a: Ho-Oh|Toxic|p1a: Ho-Oh
|-status|p1a: Ho-Oh|tox
|
|-damage|p1a: Ho-Oh|81/100 tox|[from] psn
|upkeep
|turn|3
|
|switch|p2a: Necrozma|Necrozma-Dusk-Mane|100/100
|move|p1a: Ho-Oh|Sacred Fire|p2a: Necrozma
|-supereffective|p2a: Necrozma
|-damage|p2a: Necrozma|43/100
|-status|p2a: Necrozma|brn
|
|-damage|p2a: Necrozma|37/100 brn|[from] brn
|-damage|p1a: Ho-Oh|68/100 tox|[from] psn
|upkeep
|turn|4
|
|switch|p1a: Necrozma|Necrozma-Dusk-Mane|100/100
|detailschange|p2a: Necrozma|Necrozma-Ultra
|-burst|p2a: Necrozma|Necrozma|Ultranecrozium Z
|move|p2a: Necrozma|Stone Edge|p1a: Necrozma
|-resisted|p1a: Necrozma
|-damage|p1a: Necrozma|94/100
|
|-heal|p1a: Necrozma|100/100|[from] item: Leftovers
|-damage|p2a: Necrozma|31/100 brn|[from] brn
|upkeep
|turn|5
|j| Order&CrimsonChaos
|
|move|p2a: Necrozma|Earthquake|p1a: Necrozma
|-supereffective|p1a: Necrozma
|-damage|p1a: Necrozma|76/100
|move|p1a: Necrozma|Stealth Rock|p2a: Necrozma
|-sidestart|p2: Birds30|move: Stealth Rock
|
|-heal|p1a: Necrozma|82/100|[from] item: Leftovers
|-damage|p2a: Necrozma|25/100 brn|[from] brn
|upkeep
|turn|6
|
|move|p2a: Necrozma|Earthquake|p1a: Necrozma
|-supereffective|p1a: Necrozma
|-damage|p1a: Necrozma|60/100
|move|p1a: Necrozma|Knock Off|p2a: Necrozma
|-supereffective|p2a: Necrozma
|-damage|p2a: Necrozma|0 fnt
|faint|p2a: Necrozma
|
|-heal|p1a: Necrozma|66/100|[from] item: Leftovers
|upkeep
|
|switch|p2a: Zygarde|Zygarde|100/100
|-damage|p2a: Zygarde|94/100|[from] Stealth Rock
|turn|7
|
|move|p2a: Zygarde|Glare|p1a: Necrozma
|-status|p1a: Necrozma|par
|move|p1a: Necrozma|Knock Off|p2a: Zygarde
|-damage|p2a: Zygarde|77/100
|-enditem|p2a: Zygarde|Leftovers|[from] move: Knock Off|[of] p1a: Necrozma
|
|-heal|p1a: Necrozma|72/100 par|[from] item: Leftovers
|upkeep
|turn|8
|
|switch|p1a: Ho-Oh|Ho-Oh|100/100 tox
|move|p2a: Zygarde|Thousand Arrows|p1a: Ho-Oh
|-damage|p1a: Ho-Oh|80/100 tox
|-start|p1a: Ho-Oh|Smack Down
|
|-damage|p1a: Ho-Oh|74/100 tox|[from] psn
|upkeep
|turn|9
|
|move|p2a: Zygarde|Thousand Arrows|p1a: Ho-Oh
|-supereffective|p1a: Ho-Oh
|-damage|p1a: Ho-Oh|33/100 tox
|move|p1a: Ho-Oh|Toxic|p2a: Zygarde
|-status|p2a: Zygarde|tox
|
|-damage|p2a: Zygarde|70/100 tox|[from] psn
|-damage|p1a: Ho-Oh|21/100 tox|[from] psn
|upkeep
|turn|10
|
|switch|p1a: Rayquaza|Rayquaza|100/100
|-ability|p1a: Rayquaza|Air Lock
|move|p2a: Zygarde|Thousand Arrows|p1a: Rayquaza
|-damage|p1a: Rayquaza|69/100
|-start|p1a: Rayquaza|Smack Down
|
|-damage|p2a: Zygarde|58/100 tox|[from] psn
|upkeep
|turn|11
|
|detailschange|p1a: Rayquaza|Rayquaza-Mega
|-mega|p1a: Rayquaza|Rayquaza|
|-weather|DeltaStream|[from] ability: Delta Stream|[of] p1a: Rayquaza
|move|p1a: Rayquaza|Draco Meteor|p2a: Zygarde
|-supereffective|p2a: Zygarde
|-damage|p2a: Zygarde|0 fnt
|-unboost|p1a: Rayquaza|spa|2
|faint|p2a: Zygarde
|
|-weather|DeltaStream|[upkeep]
|upkeep
|inactive|Birds30 has 120 seconds left.
|
|switch|p2a: Rayquaza|Rayquaza|100/100
|-damage|p2a: Rayquaza|76/100|[from] Stealth Rock
|-ability|p2a: Rayquaza|Air Lock
|turn|12
|inactive|Birds30 has 120 seconds left.
|inactive|dasort has 120 seconds left.
|n| Abomv Vo|rupivam
|j| FireFern
|
|detailschange|p2a: Rayquaza|Rayquaza-Mega
|-mega|p2a: Rayquaza|Rayquaza|
|move|p1a: Rayquaza|Draco Meteor|p2a: Rayquaza
|-supereffective|p2a: Rayquaza
|-damage|p2a: Rayquaza|2/100
|-unboost|p1a: Rayquaza|spa|2
|move|p2a: Rayquaza|Dragon Ascent|p1a: Rayquaza
|-damage|p1a: Rayquaza|0 fnt
|-unboost|p2a: Rayquaza|def|1
|-unboost|p2a: Rayquaza|spd|1
|-damage|p2a: Rayquaza|0 fnt|[from] item: Life Orb
|faint|p1a: Rayquaza
|faint|p2a: Rayquaza
|-weather|none
|
|upkeep
|j| WrathoftheLeopard
|inactive|Birds30 has 120 seconds left.
|
|switch|p2a: Kyogre|Kyogre|100/100
|switch|p1a: Ditto|Ditto, shiny|100/100
|-damage|p2a: Kyogre|88/100|[from] Stealth Rock
|-transform|p1a: Ditto|p2a: Kyogre|[from] ability: Imposter
|-weather|RainDance|[from] ability: Drizzle|[of] p1a: Ditto
|detailschange|p2a: Kyogre|Kyogre-Primal
|-primal|p2a: Kyogre
|-weather|PrimordialSea|[from] ability: Primordial Sea|[of] p2a: Kyogre
|turn|13
|
|switch|p1a: Necrozma|Necrozma-Dusk-Mane|72/100 par
|move|p2a: Kyogre|Thunder|p1a: Necrozma
|-damage|p1a: Necrozma|30/100 par
|
|-weather|PrimordialSea|[upkeep]
|-heal|p1a: Necrozma|36/100 par|[from] item: Leftovers
|upkeep
|turn|14
|
|move|p2a: Kyogre|Thunder|p1a: Necrozma
|-damage|p1a: Necrozma|0 fnt
|faint|p1a: Necrozma
|
|-weather|PrimordialSea|[upkeep]
|upkeep
|n| Rupivam|abomvvo
|inactive|dasort has 90 seconds left.
|
|switch|p1a: Ditto|Ditto, shiny|100/100
|-transform|p1a: Ditto|p2a: Kyogre|[from] ability: Imposter
|turn|15
|
|move|p1a: Ditto|Thunder|p2a: Kyogre
|-supereffective|p2a: Kyogre
|-damage|p2a: Kyogre|24/100
|move|p2a: Kyogre|Thunder|p1a: Ditto
|-supereffective|p1a: Ditto
|-damage|p1a: Ditto|32/100
|
|-weather|PrimordialSea|[upkeep]
|upkeep
|turn|16
|
|move|p1a: Ditto|Thunder|p2a: Kyogre
|-supereffective|p2a: Kyogre
|-damage|p2a: Kyogre|0 fnt
|faint|p2a: Kyogre
|
|-weather|PrimordialSea|[upkeep]
|upkeep
|
|switch|p2a: Dark sexy monster|Yveltal|100/100
|-damage|p2a: Dark sexy monster|76/100|[from] Stealth Rock
|-ability|p2a: Dark sexy monster|Dark Aura
|turn|17
|n| Shivam3299|rupivam
|
|-start|p2a: Dark sexy monster|Dynamax
|-heal|p2a: Dark sexy monster|76/100|[silent]
|move|p1a: Ditto|Thunder|p2a: Dark sexy monster
|-supereffective|p2a: Dark sexy monster
|-damage|p2a: Dark sexy monster|29/100
|move|p2a: Dark sexy monster|Max Airstream|p1a: Ditto
|-damage|p1a: Ditto|0 fnt
|-boost|p2a: Dark sexy monster|spe|1
|-damage|p2a: Dark sexy monster|24/100|[from] item: Life Orb
|faint|p1a: Ditto
|-weather|none
|
|upkeep
|inactive|dasort has 120 seconds left.
|
|switch|p1a: Zacian|Zacian-Crowned|100/100
|-ability|p1a: Zacian|Intrepid Sword|boost
|-boost|p1a: Zacian|atk|1
|turn|18
|
|switch|p1a: Ho-Oh|Ho-Oh|54/100 tox
|move|p2a: Dark sexy monster|Max Flare|p1a: Ho-Oh
|-resisted|p1a: Ho-Oh
|-damage|p1a: Ho-Oh|37/100 tox
|-weather|SunnyDay
|-damage|p2a: Dark sexy monster|19/100|[from] item: Life Orb
|
|-weather|SunnyDay|[upkeep]
|-damage|p1a: Ho-Oh|31/100 tox|[from] psn
|upkeep
|turn|19
|j| J1mm1P 13
|
|move|p2a: Dark sexy monster|Max Darkness|p1a: Ho-Oh
|-damage|p1a: Ho-Oh|0 fnt
|-damage|p2a: Dark sexy monster|14/100|[from] item: Life Orb
|faint|p1a: Ho-Oh
|
|-weather|SunnyDay|[upkeep]
|-end|p2a: Dark sexy monster|Dynamax
|-heal|p2a: Dark sexy monster|14/100|[silent]
|upkeep
|
|switch|p1a: Xerneas|Xerneas|100/100
|-ability|p1a: Xerneas|Fairy Aura
|turn|20
|
|move|p2a: Dark sexy monster|Oblivion Wing|p1a: Xerneas
|-damage|p1a: Xerneas|55/100
|-heal|p2a: Dark sexy monster|48/100|[from] drain|[of] p1a: Xerneas
|-damage|p2a: Dark sexy monster|38/100|[from] item: Life Orb
|move|p1a: Xerneas|Geomancy||[still]
|-prepare|p1a: Xerneas|Geomancy|p1a: Xerneas
|-enditem|p1a: Xerneas|Power Herb
|-anim|p1a: Xerneas|Geomancy|p1a: Xerneas
|-boost|p1a: Xerneas|spa|2
|-boost|p1a: Xerneas|spd|2
|-boost|p1a: Xerneas|spe|2
|
|-weather|SunnyDay|[upkeep]
|upkeep
|turn|21
|
|-start|p1a: Xerneas|Dynamax
|-heal|p1a: Xerneas|55/100|[silent]
|move|p1a: Xerneas|Max Lightning|p2a: Dark sexy monster
|-supereffective|p2a: Dark sexy monster
|-damage|p2a: Dark sexy monster|0 fnt
|-fieldstart|move: Electric Terrain
|faint|p2a: Dark sexy monster
|
|-weather|SunnyDay|[upkeep]
|upkeep
|c|☆Birds30|gg
|
|switch|p2a: Ho-Oh|Ho-Oh|100/100
|turn|22
|
|move|p1a: Xerneas|Max Lightning|p2a: Ho-Oh
|-supereffective|p2a: Ho-Oh
|-damage|p2a: Ho-Oh|0 fnt
|faint|p2a: Ho-Oh
|
|win|dasort
