|j|☆Chloe
|j|☆Hogwashimperial
|player|p1|Chloe|#chloe|1547
|player|p2|Hogwashimperial|swimmer-gen4|1506
|teamsize|p1|6
|teamsize|p2|6
|gametype|singles
|gen|8
|tier|[Gen 8] National Dex AG
|rated|
|clearpoke
|poke|p1|Darkrai|
|poke|p1|Groudon|
|poke|p1|Necrozma-Dusk-Mane|
|poke|p1|Ho-Oh|
|poke|p1|Zygarde|
|poke|p1|Zacian-Crowned|
|poke|p2|Rayquaza|
|poke|p2|Zacian-Crowned|
|poke|p2|Groudon|
|poke|p2|Smeargle, M|
|poke|p2|Necrozma-Dusk-Mane|
|poke|p2|Smeargle, M|
|rule|HP Percentage Mod: HP is shown in percentages
|rule|Endless Battle Clause: Forcing endless battles is banned
|teampreview
|inactive|Battle timer is ON: inactive players will automatically lose when time's up. (requested by Hogwashimperial)
|
|start
|switch|p1a: Zygarde|Zygarde|100/100
|switch|p2a: Smeargle|Smeargle, M|100/100
|turn|1
|
|move|p2a: Smeargle|Sticky Web|p1a: Zygarde
|-sidestart|p1: Chloe|move: Sticky Web
|move|p1a: Zygarde|Thousand Arrows|p2a: Smeargle
|-damage|p2a: Smeargle|27/100
|
|upkeep
|turn|2
|c|☆Hogwashimperial|wassup chloe
|
|move|p2a: Smeargle|Stealth Rock|p1a: Zygarde
|-sidestart|p1: Chloe|move: Stealth Rock
|move|p1a: Zygarde|Thousand Arrows|p2a: Smeargle
|-damage|p2a: Smeargle|0 fnt
|faint|p2a: Smeargle
|
|upkeep
|c|☆Chloe|not much hbu
|c|☆Hogwashimperial|horny
|c|☆Chloe|o_o
|c|☆Hogwashimperial|but
|c|☆Hogwashimperial|glhf
|
|switch|p2a: Zacian|Zacian-Crowned|100/100
|-ability|p2a: Zacian|Intrepid Sword|boost
|-boost|p2a: Zacian|atk|1
|turn|3
|c|☆Chloe|u2
|c|☆Hogwashimperial|lol
|
|switch|p1a: Ho-Oh|Ho-Oh|100/100
|move|p2a: Zacian|Play Rough|p1a: Ho-Oh
|-resisted|p1a: Ho-Oh
|-damage|p1a: Ho-Oh|73/100
|-unboost|p1a: Ho-Oh|atk|1
|
|upkeep
|turn|4
|
|switch|p2a: Rayquaza|Rayquaza|100/100
|-ability|p2a: Rayquaza|Air Lock
|switch|p1a: Groudon|Groudon|100/100
|-activate|p1a: Groudon|move: Sticky Web
|-unboost|p1a: Groudon|spe|1
|-damage|p1a: Groudon|94/100|[from] Stealth Rock
|detailschange|p1a: Groudon|Groudon-Primal
|-primal|p1a: Groudon
|-weather|DesolateLand|[from] ability: Desolate Land|[of] p1a: Groudon
|
|-weather|DesolateLand|[upkeep]
|upkeep
|turn|5
|j|+Cynara
|
|-weather|none
|switch|p1a: Zygarde|Zygarde|100/100
|-damage|p1a: Zygarde|94/100|[from] Stealth Rock
|-activate|p1a: Zygarde|move: Sticky Web
|-unboost|p1a: Zygarde|spe|1
|detailschange|p2a: Rayquaza|Rayquaza-Mega
|-mega|p2a: Rayquaza|Rayquaza|
|-weather|DeltaStream|[from] ability: Delta Stream|[of] p2a: Rayquaza
|move|p2a: Rayquaza|Dragon Dance|p2a: Rayquaza
|-boost|p2a: Rayquaza|atk|1
|-boost|p2a: Rayquaza|spe|1
|
|-weather|DeltaStream|[upkeep]
|upkeep
|turn|6
|
|move|p2a: Rayquaza|Dragon Ascent|p1a: Zygarde
|-damage|p1a: Zygarde|5/100
|-unboost|p2a: Rayquaza|def|1
|-unboost|p2a: Rayquaza|spd|1
|-damage|p2a: Rayquaza|91/100|[from] item: Life Orb
|move|p1a: Zygarde|Glare|p2a: Rayquaza
|-status|p2a: Rayquaza|par
|
|-weather|DeltaStream|[upkeep]
|-activate|p1a: Zygarde|ability: Power Construct
|detailschange|p1a: Zygarde|Zygarde-Complete
|-heal|p1a: Zygarde|38/100|[silent]
|upkeep
|turn|7
|
|move|p2a: Rayquaza|Dragon Ascent|p1a: Zygarde
|-damage|p1a: Zygarde|0 fnt
|-unboost|p2a: Rayquaza|def|1
|-unboost|p2a: Rayquaza|spd|1
|-damage|p2a: Rayquaza|81/100 par|[from] item: Life Orb
|faint|p1a: Zygarde
|
|-weather|DeltaStream|[upkeep]
|upkeep
|
|switch|p1a: Zacian|Zacian-Crowned|100/100
|-damage|p1a: Zacian|94/100|[from] Stealth Rock
|-activate|p1a: Zacian|move: Sticky Web
|-unboost|p1a: Zacian|spe|1
|-ability|p1a: Zacian|Intrepid Sword|boost
|-boost|p1a: Zacian|atk|1
|turn|8
|c|☆Hogwashimperial|was that a joke
|j|‽agltdlc lorgone
|
|move|p1a: Zacian|Behemoth Blade|p2a: Rayquaza
|-damage|p2a: Rayquaza|0 fnt
|faint|p2a: Rayquaza
|-weather|none
|
|upkeep
|
|switch|p2a: Zacian|Zacian-Crowned|100/100
|-ability|p2a: Zacian|Intrepid Sword|boost
|-boost|p2a: Zacian|atk|1
|turn|9
|
|switch|p1a: Ho-Oh|Ho-Oh|100/100
|move|p2a: Zacian|Behemoth Blade|p1a: Ho-Oh
|-resisted|p1a: Ho-Oh
|-damage|p1a: Ho-Oh|68/100
|
|upkeep
|turn|10
|c|☆Hogwashimperial|does being a mod give u higher luck or something
|
|move|p2a: Zacian|Substitute|p2a: Zacian
|-start|p2a: Zacian|Substitute
|-damage|p2a: Zacian|76/100
|move|p1a: Ho-Oh|Defog|p2a: Zacian
|-sideend|p1: Chloe|Stealth Rock|[from] move: Defog|[of] p1a: Ho-Oh
|-sideend|p1: Chloe|Sticky Web|[from] move: Defog|[of] p1a: Ho-Oh
|
|upkeep
|turn|11
|c|☆Chloe|what luck did i get
|c|☆Hogwashimperial|vs zyg
|inactive|Hogwashimperial has 120 seconds left.
|c|+Cynara|yes
|c|☆Hogwashimperial|the 4% clutch
|c|☆Hogwashimperial|lol
|c|+Cynara|chloe is cheating
|c|☆Hogwashimperial|yes
|c|☆Chloe|its supposed to live that?
|c|☆Hogwashimperial|cynara ban her
|c|+Cynara|Will do
|c|☆Hogwashimperial|thx
|inactive|Hogwashimperial has 90 seconds left.
|c|+Cynara|np
|c|☆Hogwashimperial|quick i only have 90 seconds
|c|☆Chloe|uwu
|c|☆Hogwashimperial|if i move she'll probably just insta killl all my moms
|c|☆Hogwashimperial|mons
|c|+Cynara|indeed
|inactive|Hogwashimperial has 60 seconds left.
|
|move|p2a: Zacian|Crunch|p1a: Ho-Oh
|-damage|p1a: Ho-Oh|36/100
|-unboost|p1a: Ho-Oh|def|1
|move|p1a: Ho-Oh|Sacred Fire|p2a: Zacian
|-supereffective|p2a: Zacian
|-end|p2a: Zacian|Substitute
|
|upkeep
|turn|12
|
|switch|p1a: Groudon|Groudon-Primal|94/100
|-weather|DesolateLand|[from] ability: Desolate Land|[of] p1a: Groudon
|move|p2a: Zacian|Crunch|p1a: Groudon
|-damage|p1a: Groudon|63/100
|
|-weather|DesolateLand|[upkeep]
|upkeep
|turn|13
|c|☆Hogwashimperial|haha i have luck hacks
|c|☆Hogwashimperial|i installed a mod
|
|switch|p2a: Smeargle|Smeargle, M|100/100
|move|p1a: Groudon|Stealth Rock|p2a: Smeargle
|-sidestart|p2: Hogwashimperial|move: Stealth Rock
|
|-weather|DesolateLand|[upkeep]
|-ability|p2a: Smeargle|Moody|boost
|-boost|p2a: Smeargle|spa|2
|-unboost|p2a: Smeargle|atk|1
|upkeep
|turn|14
|c|☆Hogwashimperial|JK DONT BAN ME
|
|move|p2a: Smeargle|Spore|p1a: Groudon
|-status|p1a: Groudon|slp|[from] move: Spore
|cant|p1a: Groudon|slp
|
|-weather|DesolateLand|[upkeep]
|-ability|p2a: Smeargle|Moody|boost
|-boost|p2a: Smeargle|def|2
|-unboost|p2a: Smeargle|spe|1
|upkeep
|turn|15
|
|move|p2a: Smeargle|Shell Smash|p2a: Smeargle
|-unboost|p2a: Smeargle|def|1
|-unboost|p2a: Smeargle|spd|1
|-boost|p2a: Smeargle|atk|2
|-boost|p2a: Smeargle|spa|2
|-boost|p2a: Smeargle|spe|2
|cant|p1a: Groudon|slp
|
|-weather|DesolateLand|[upkeep]
|-ability|p2a: Smeargle|Moody|boost
|-boost|p2a: Smeargle|spe|2
|-unboost|p2a: Smeargle|spa|1
|upkeep
|turn|16
|j| lightengale
|
|move|p2a: Smeargle|Baton Pass|p2a: Smeargle
|
|switch|p2a: Groudon|Groudon|100/100|[from]move: Baton Pass
|-damage|p2a: Groudon|94/100|[from] Stealth Rock
|detailschange|p2a: Groudon|Groudon-Primal
|-primal|p2a: Groudon
|-curestatus|p1a: Groudon|slp|[msg]
|move|p1a: Groudon|Roar|p2a: Groudon
|drag|p2a: Zacian|Zacian-Crowned|76/100
|-damage|p2a: Zacian|69/100|[from] Stealth Rock
|-ability|p2a: Zacian|Intrepid Sword|boost
|-boost|p2a: Zacian|atk|1
|
|-weather|DesolateLand|[upkeep]
|upkeep
|turn|17
|c|☆Hogwashimperial|NO
|c|☆Hogwashimperial|ur toxic
|c|☆Hogwashimperial|toxic
|c|☆Hogwashimperial|toxic i tell you
|
|switch|p2a: Groudon|Groudon-Primal|94/100
|-damage|p2a: Groudon|82/100|[from] Stealth Rock
|move|p1a: Groudon|Precipice Blades|p2a: Groudon
|-supereffective|p2a: Groudon
|-damage|p2a: Groudon|1/100
|
|-weather|DesolateLand|[upkeep]
|upkeep
|turn|18
|c|☆Hogwashimperial|pls
|
|move|p2a: Groudon|Earth Power|p1a: Groudon
|-supereffective|p1a: Groudon
|-damage|p1a: Groudon|0 fnt
|faint|p1a: Groudon
|
|-weather|DesolateLand|[upkeep]
|upkeep
|c|☆Hogwashimperial|yes
|
|switch|p1a: Darkrai|Darkrai|100/100
|turn|19
|j| XxdecksdeebxX
|
|move|p1a: Darkrai|Dark Pulse|p2a: Groudon
|-damage|p2a: Groudon|0 fnt
|-damage|p1a: Darkrai|91/100|[from] item: Life Orb
|faint|p2a: Groudon
|-weather|none
|
|upkeep
|c|☆Hogwashimperial|no
|
|switch|p2a: Zacian|Zacian-Crowned|69/100
|-damage|p2a: Zacian|63/100|[from] Stealth Rock
|-ability|p2a: Zacian|Intrepid Sword|boost
|-boost|p2a: Zacian|atk|1
|turn|20
|
|switch|p1a: Necrozma|Necrozma-Dusk-Mane|100/100
|move|p2a: Zacian|Substitute|p2a: Zacian
|-start|p2a: Zacian|Substitute
|-damage|p2a: Zacian|38/100
|
|upkeep
|turn|21
|
|move|p2a: Zacian|Crunch|p1a: Necrozma
|-supereffective|p1a: Necrozma
|-damage|p1a: Necrozma|63/100
|move|p1a: Necrozma|Sunsteel Strike|p2a: Zacian
|-end|p2a: Zacian|Substitute
|
|-heal|p1a: Necrozma|69/100|[from] item: Leftovers
|upkeep
|turn|22
|
|move|p2a: Zacian|Crunch|p1a: Necrozma
|-supereffective|p1a: Necrozma
|-damage|p1a: Necrozma|30/100
|move|p1a: Necrozma|Moonlight|p1a: Necrozma
|-heal|p1a: Necrozma|80/100
|
|-heal|p1a: Necrozma|86/100|[from] item: Leftovers
|upkeep
|turn|23
|c|☆Hogwashimperial|ono
|c|☆Hogwashimperial|ur toxic
|c|☆Hogwashimperial|toxic
|c|☆Hogwashimperial|toxic
|c|☆Hogwashimperial|toxic
|
|move|p2a: Zacian|Crunch|p1a: Necrozma
|-supereffective|p1a: Necrozma
|-damage|p1a: Necrozma|45/100
|-unboost|p1a: Necrozma|def|1
|move|p1a: Necrozma|Moonlight|p1a: Necrozma
|-heal|p1a: Necrozma|95/100
|
|-heal|p1a: Necrozma|100/100|[from] item: Leftovers
|upkeep
|turn|24
|c|☆Hogwashimperial|i cant compete with this
|c|☆Hogwashimperial|oh im so lucky
|
|switch|p1a: Ho-Oh|Ho-Oh|69/100
|move|p2a: Zacian|Crunch|p1a: Ho-Oh
|-damage|p1a: Ho-Oh|34/100
|
|upkeep
|turn|25
|c|☆Hogwashimperial|y are there so many spectators
|
|switch|p1a: Necrozma|Necrozma-Dusk-Mane|100/100
|move|p2a: Zacian|Substitute|p2a: Zacian
|-start|p2a: Zacian|Substitute
|-damage|p2a: Zacian|13/100
|
|upkeep
|turn|26
|
|move|p2a: Zacian|Crunch|p1a: Necrozma
|-supereffective|p1a: Necrozma
|-damage|p1a: Necrozma|64/100
|move|p1a: Necrozma|Sunsteel Strike|p2a: Zacian
|-end|p2a: Zacian|Substitute
|
|-heal|p1a: Necrozma|70/100|[from] item: Leftovers
|upkeep
|turn|27
|
|move|p2a: Zacian|Crunch|p1a: Necrozma
|-supereffective|p1a: Necrozma
|-damage|p1a: Necrozma|28/100
|move|p1a: Necrozma|Moonlight|p1a: Necrozma
|-heal|p1a: Necrozma|78/100
|
|-heal|p1a: Necrozma|84/100|[from] item: Leftovers
|upkeep
|turn|28
|c|☆Hogwashimperial|gg
|c| XxdecksdeebxX|chloe is kind of a big deal
|c|☆Chloe|gg
|
|move|p2a: Zacian|Crunch|p1a: Necrozma
|-supereffective|p1a: Necrozma
|-damage|p1a: Necrozma|46/100
|move|p1a: Necrozma|Moonlight|p1a: Necrozma
|-heal|p1a: Necrozma|96/100
|
|-heal|p1a: Necrozma|100/100|[from] item: Leftovers
|upkeep
|turn|29
|c|☆Hogwashimperial|ah i see
|c|☆Hogwashimperial|how good
|c|☆Hogwashimperial|big
|
|move|p2a: Zacian|Crunch|p1a: Necrozma
|-supereffective|p1a: Necrozma
|-damage|p1a: Necrozma|59/100
|move|p1a: Necrozma|Sunsteel Strike|p2a: Zacian
|-damage|p2a: Zacian|0 fnt
|faint|p2a: Zacian
|
|-heal|p1a: Necrozma|65/100|[from] item: Leftovers
|upkeep
|c|☆Hogwashimperial|i hate nat dex
|c|☆Hogwashimperial|also chloe do you know hwy they removed gen 7
|
|switch|p2a: Smeargle|Smeargle, M|100/100
|-damage|p2a: Smeargle|88/100|[from] Stealth Rock
|turn|30
|c|☆Hogwashimperial|i love gen 7
|c|☆Hogwashimperial|loved
|c|☆Chloe|idk but i want it back
|
|move|p2a: Smeargle|Spore|p1a: Necrozma
|-status|p1a: Necrozma|slp|[from] move: Spore
|cant|p1a: Necrozma|slp
|
|-heal|p1a: Necrozma|71/100 slp|[from] item: Leftovers
|-ability|p2a: Smeargle|Moody|boost
|-boost|p2a: Smeargle|spd|2
|-unboost|p2a: Smeargle|atk|1
|upkeep
|turn|31
|c|☆Hogwashimperial|SAME
|c|☆Hogwashimperial|OK UR A GOOD PERSONS THEN
|
|move|p2a: Smeargle|Shell Smash|p2a: Smeargle
|-unboost|p2a: Smeargle|def|1
|-unboost|p2a: Smeargle|spd|1
|-boost|p2a: Smeargle|atk|2
|-boost|p2a: Smeargle|spa|2
|-boost|p2a: Smeargle|spe|2
|-curestatus|p1a: Necrozma|slp|[msg]
|move|p1a: Necrozma|Sunsteel Strike|p2a: Smeargle
|-crit|p2a: Smeargle
|-damage|p2a: Smeargle|0 fnt
|faint|p2a: Smeargle
|
|-heal|p1a: Necrozma|77/100|[from] item: Leftovers
|upkeep
|
|switch|p2a: Necrozma|Necrozma-Dusk-Mane|100/100
|-damage|p2a: Necrozma|94/100|[from] Stealth Rock
|turn|32
|c| XxdecksdeebxX|everyone wants it back
|c|☆Hogwashimperial|nvrm u suck
|
|switch|p1a: Darkrai|Darkrai|91/100
|move|p2a: Necrozma|Autotomize|p2a: Necrozma
|-boost|p2a: Necrozma|spe|2
|-start|p2a: Necrozma|Autotomize
|
|upkeep
|turn|33
|
|-start|p2a: Necrozma|Dynamax
|-heal|p2a: Necrozma|94/100|[silent]
|-start|p1a: Darkrai|Dynamax
|-heal|p1a: Darkrai|91/100|[silent]
|move|p2a: Necrozma|Max Steelspike|p1a: Darkrai
|-damage|p1a: Darkrai|34/100
|-boost|p2a: Necrozma|def|1
|move|p1a: Darkrai|Max Darkness|p2a: Necrozma
|-supereffective|p2a: Necrozma
|-damage|p2a: Necrozma|39/100
|-enditem|p2a: Necrozma|Weakness Policy
|-boost|p2a: Necrozma|atk|2|[from] item: Weakness Policy
|-boost|p2a: Necrozma|spa|2|[from] item: Weakness Policy
|-unboost|p2a: Necrozma|spd|1
|-damage|p1a: Darkrai|29/100|[from] item: Life Orb
|
|upkeep
|turn|34
|c|☆Hogwashimperial|PLS
|c|☆Hogwashimperial|NO U DMAXED TOO
|c|☆Hogwashimperial|PLS
|
|move|p1a: Darkrai|Max Guard|p1a: Darkrai
|-singleturn|p1a: Darkrai|Max Guard
|move|p2a: Necrozma|Max Steelspike|p1a: Darkrai
|-activate|p1a: Darkrai|move: Max Guard
|
|upkeep
|turn|35
|
|-end|p1a: Darkrai|Dynamax
|-heal|p1a: Darkrai|29/100|[silent]
|switch|p1a: Ho-Oh|Ho-Oh|67/100
|move|p2a: Necrozma|Max Steelspike|p1a: Ho-Oh
|-resisted|p1a: Ho-Oh
|-crit|p1a: Ho-Oh
|-damage|p1a: Ho-Oh|0 fnt
|-boost|p2a: Necrozma|def|1
|faint|p1a: Ho-Oh
|
|-end|p2a: Necrozma|Dynamax
|-heal|p2a: Necrozma|39/100|[silent]
|upkeep
|c|☆Hogwashimperial|UR TOXIC
|
|switch|p1a: Necrozma|Necrozma-Dusk-Mane|77/100
|turn|36
|c|☆Hogwashimperial|GAH
|c|☆Hogwashimperial|pls
|
|move|p2a: Necrozma|Earthquake|p1a: Necrozma
|-supereffective|p1a: Necrozma
|-damage|p1a: Necrozma|11/100
|move|p1a: Necrozma|Knock Off|p2a: Necrozma
|-supereffective|p2a: Necrozma
|-damage|p2a: Necrozma|27/100
|
|-heal|p1a: Necrozma|17/100|[from] item: Leftovers
|upkeep
|turn|37
|c|☆Hogwashimperial|sweep
|c|☆Hogwashimperial|NO
|c|☆Hogwashimperial|its ok
|c|☆Hogwashimperial|sweep
|
|move|p2a: Necrozma|Earthquake|p1a: Necrozma
|-supereffective|p1a: Necrozma
|-damage|p1a: Necrozma|0 fnt
|faint|p1a: Necrozma
|
|upkeep
|c|☆Hogwashimperial|u can do this
|
|switch|p1a: Darkrai|Darkrai|29/100
|turn|38
|c|☆Hogwashimperial|lets go necro
|
|move|p2a: Necrozma|Earthquake|p1a: Darkrai
|-damage|p1a: Darkrai|0 fnt
|faint|p1a: Darkrai
|
|upkeep
|c|☆Hogwashimperial|yes
|c|☆Hogwashimperial|yes
|
|switch|p1a: Zacian|Zacian-Crowned|94/100
|-ability|p1a: Zacian|Intrepid Sword|boost
|-boost|p1a: Zacian|atk|1
|turn|39
|c|☆Hogwashimperial|yes
|c|☆Hogwashimperial|ohko
|
|move|p2a: Necrozma|Earthquake|p1a: Zacian
|-supereffective|p1a: Zacian
|-damage|p1a: Zacian|0 fnt
|faint|p1a: Zacian
|
|win|Hogwashimperial
|c|☆Hogwashimperial|YES
|raw|Chloe's rating: 1547 &rarr; <strong>1524</strong><br />(-23 for losing)
|raw|Hogwashimperial's rating: 1506 &rarr; <strong>1529</strong><br />(+23 for winning)
|l|☆Chloe
|l| XxdecksdeebxX
|c|☆Hogwashimperial|I LOVE U NDM
|l|☆Hogwashimperial
|l|‽agltdlc lorgone
