|j|☆moyv123
|j|☆CLEAR GEM清瑜
|t:|1664973695
|gametype|singles
|player|p1|moyv123|169|1610
|player|p2|CLEAR GEM清瑜|skierf|1815
|teamsize|p1|6
|teamsize|p2|6
|gen|8
|tier|[Gen 8] National Dex AG
|rated|
|rule|HP Percentage Mod: HP is shown in percentages
|rule|Endless Battle Clause: Forcing endless battles is banned
|clearpoke
|poke|p1|Arceus-*|
|poke|p1|Yveltal|
|poke|p1|Rayquaza|
|poke|p1|Lugia|
|poke|p1|Zacian-*|
|poke|p1|Necrozma-Dusk-Mane|
|poke|p2|Rayquaza|
|poke|p2|Groudon|
|poke|p2|Necrozma-Dusk-Mane|
|poke|p2|Arceus-*|
|poke|p2|Zacian-*|
|poke|p2|Yveltal|
|teampreview
|inactive|Battle timer is ON: inactive players will automatically lose when time's up. (requested by CLEAR GEM清瑜)
|
|t:|1664973716
|start
|switch|p1a: Arceus|Arceus|100/100
|switch|p2a: 老烈|Rayquaza, shiny|100/100
|-ability|p2a: 老烈|Air Lock
|turn|1
|
|t:|1664973725
|detailschange|p2a: 老烈|Rayquaza-Mega, shiny
|-mega|p2a: 老烈|Rayquaza|
|-weather|DeltaStream|[from] ability: Delta Stream|[of] p2a: 老烈
|move|p2a: 老烈|Scale Shot|p1a: Arceus
|-damage|p1a: Arceus|86/100
|-damage|p1a: Arceus|70/100
|-damage|p1a: Arceus|55/100
|-damage|p1a: Arceus|40/100
|-hitcount|p1a: Arceus|4
|-unboost|p2a: 老烈|def|1
|-boost|p2a: 老烈|spe|1
|-damage|p2a: 老烈|91/100|[from] item: Life Orb
|move|p1a: Arceus|Swords Dance|p1a: Arceus
|-boost|p1a: Arceus|atk|2
|
|-weather|DeltaStream|[upkeep]
|upkeep
|turn|2
|
|t:|1664973741
|move|p2a: 老烈|Extreme Speed|p1a: Arceus
|-damage|p1a: Arceus|7/100
|-damage|p2a: 老烈|81/100|[from] item: Life Orb
|move|p1a: Arceus|Extreme Speed|p2a: 老烈
|-damage|p2a: 老烈|0 fnt
|faint|p2a: 老烈
|-weather|none
|
|upkeep
|
|t:|1664973743
|switch|p2a: 嘉然小姐的狗|Zacian-Crowned|100/100
|-ability|p2a: 嘉然小姐的狗|Intrepid Sword|boost
|-boost|p2a: 嘉然小姐的狗|atk|1
|turn|3
|
|t:|1664973759
|move|p1a: Arceus|Extreme Speed|p2a: 嘉然小姐的狗
|-resisted|p2a: 嘉然小姐的狗
|-damage|p2a: 嘉然小姐的狗|70/100
|move|p2a: 嘉然小姐的狗|Quick Attack|p1a: Arceus
|-damage|p1a: Arceus|0 fnt
|faint|p1a: Arceus
|
|upkeep
|
|t:|1664973775
|switch|p1a: Zacian|Zacian-Crowned|100/100
|-ability|p1a: Zacian|Intrepid Sword|boost
|-boost|p1a: Zacian|atk|1
|turn|4
|
|t:|1664973781
|switch|p2a: 不会(?)|Groudon|100/100
|detailschange|p2a: 不会(?)|Groudon-Primal
|-primal|p2a: 不会(?)
|-weather|DesolateLand|[from] ability: Desolate Land|[of] p2a: 不会(?)
|move|p1a: Zacian|Behemoth Blade|p2a: 不会(?)
|-resisted|p2a: 不会(?)
|-damage|p2a: 不会(?)|73/100
|
|-weather|DesolateLand|[upkeep]
|upkeep
|turn|5
|
|t:|1664973800
|switch|p1a: Rayquaza|Rayquaza|100/100
|-ability|p1a: Rayquaza|Air Lock
|move|p2a: 不会(?)|Stealth Rock|p1a: Rayquaza
|-sidestart|p1: moyv123|move: Stealth Rock
|
|-weather|DesolateLand|[upkeep]
|upkeep
|turn|6
|
|t:|1664973808
|detailschange|p1a: Rayquaza|Rayquaza-Mega
|-mega|p1a: Rayquaza|Rayquaza|
|-weather|DeltaStream|[from] ability: Delta Stream|[of] p1a: Rayquaza
|move|p1a: Rayquaza|Dragon Dance|p1a: Rayquaza
|-boost|p1a: Rayquaza|atk|1
|-boost|p1a: Rayquaza|spe|1
|move|p2a: 不会(?)|Roar|p1a: Rayquaza
|-weather|none
|drag|p1a: Zacian|Zacian-Crowned|100/100
|-damage|p1a: Zacian|94/100|[from] Stealth Rock
|-ability|p1a: Zacian|Intrepid Sword|boost
|-boost|p1a: Zacian|atk|1
|
|upkeep
|turn|7
|
|t:|1664973822
|switch|p1a: Lugia|Lugia|100/100
|move|p2a: 不会(?)|Heat Crash|p1a: Lugia
|-damage|p1a: Lugia|82/100
|
|upkeep
|turn|8
|
|t:|1664973830
|switch|p2a: Y鸟|Yveltal|100/100
|-ability|p2a: Y鸟|Dark Aura
|move|p1a: Lugia|Defog|p2a: Y鸟
|-unboost|p2a: Y鸟|evasion|1
|-sideend|p1: moyv123|Stealth Rock|[from] move: Defog|[of] p1a: Lugia
|
|upkeep
|turn|9
|
|t:|1664973840
|switch|p1a: Zacian|Zacian-Crowned|94/100
|-ability|p1a: Zacian|Intrepid Sword|boost
|-boost|p1a: Zacian|atk|1
|-start|p2a: Y鸟|Dynamax|
|-heal|p2a: Y鸟|100/100|[silent]
|move|p2a: Y鸟|Max Airstream|p1a: Zacian
|-resisted|p1a: Zacian
|-damage|p1a: Zacian|50/100
|-boost|p2a: Y鸟|spe|1
|-damage|p2a: Y鸟|96/100|[from] item: Life Orb
|
|upkeep
|turn|10
|
|t:|1664973853
|move|p2a: Y鸟|Max Darkness|p1a: Zacian
|-resisted|p1a: Zacian
|-damage|p1a: Zacian|0 fnt
|faint|p1a: Zacian
|-damage|p2a: Y鸟|91/100|[from] item: Life Orb
|
|upkeep
|
|t:|1664973861
|switch|p1a: Yveltal|Yveltal|100/100
|-ability|p1a: Yveltal|Dark Aura
|turn|11
|
|t:|1664973867
|-start|p1a: Yveltal|Dynamax|
|-heal|p1a: Yveltal|100/100|[silent]
|move|p2a: Y鸟|Max Airstream|p1a: Yveltal
|-damage|p1a: Yveltal|57/100
|-boost|p2a: Y鸟|spe|1
|-damage|p2a: Y鸟|86/100|[from] item: Life Orb
|move|p1a: Yveltal|Max Airstream|p2a: Y鸟
|-damage|p2a: Y鸟|45/100
|-boost|p1a: Yveltal|spe|1
|-damage|p1a: Yveltal|53/100|[from] item: Life Orb
|
|upkeep
|-end|p2a: Y鸟|Dynamax
|-heal|p2a: Y鸟|45/100|[silent]
|turn|12
|
|t:|1664973885
|move|p2a: Y鸟|Hurricane|p1a: Yveltal
|-damage|p1a: Yveltal|16/100
|-damage|p2a: Y鸟|36/100|[from] item: Life Orb
|move|p1a: Yveltal|Max Airstream|p2a: Y鸟
|-damage|p2a: Y鸟|0 fnt
|-boost|p1a: Yveltal|spe|1
|faint|p2a: Y鸟
|-damage|p1a: Yveltal|11/100|[from] item: Life Orb
|
|upkeep
|
|t:|1664973889
|switch|p2a: 嘉然小姐的狗|Zacian-Crowned|70/100
|-ability|p2a: 嘉然小姐的狗|Intrepid Sword|boost
|-boost|p2a: 嘉然小姐的狗|atk|1
|turn|13
|
|t:|1664973901
|move|p2a: 嘉然小姐的狗|Quick Attack|p1a: Yveltal
|-damage|p1a: Yveltal|0 fnt
|faint|p1a: Yveltal
|
|upkeep
|
|t:|1664973909
|switch|p1a: Necrozma|Necrozma-Dusk-Mane|100/100
|turn|14
|
|t:|1664973921
|switch|p2a: 不会(?)|Groudon-Primal|73/100
|-weather|DesolateLand|[from] ability: Desolate Land|[of] p2a: 不会(?)
|move|p1a: Necrozma|Dragon Dance|p1a: Necrozma
|-boost|p1a: Necrozma|atk|1
|-boost|p1a: Necrozma|spe|1
|
|-weather|DesolateLand|[upkeep]
|upkeep
|turn|15
|
|t:|1664973936
|detailschange|p1a: Necrozma|Necrozma-Ultra
|-burst|p1a: Necrozma|Necrozma|Ultranecrozium Z
|move|p1a: Necrozma|Earthquake|p2a: 不会(?)
|-supereffective|p2a: 不会(?)
|-damage|p2a: 不会(?)|0 fnt
|faint|p2a: 不会(?)
|-weather|none
|
|upkeep
|
|t:|1664973940
|switch|p2a: 钢铁之躯|Necrozma-Dusk-Mane|100/100
|turn|16
|
|t:|1664973969
|detailschange|p2a: 钢铁之躯|Necrozma-Ultra
|-burst|p2a: 钢铁之躯|Necrozma|Ultranecrozium Z
|move|p1a: Necrozma|Earthquake|p2a: 钢铁之躯
|-damage|p2a: 钢铁之躯|47/100
|move|p2a: 钢铁之躯|Earthquake|p1a: Necrozma
|-damage|p1a: Necrozma|57/100
|
|upkeep
|turn|17
|
|t:|1664973980
|move|p1a: Necrozma|Sunsteel Strike|p2a: 钢铁之躯
|-damage|p2a: 钢铁之躯|0 fnt
|faint|p2a: 钢铁之躯
|
|upkeep
|
|t:|1664973982
|switch|p2a: 悬空羊驼|Arceus-Flying|100/100
|turn|18
|
|t:|1664973992
|switch|p2a: 嘉然小姐的狗|Zacian-Crowned|70/100
|-ability|p2a: 嘉然小姐的狗|Intrepid Sword|boost
|-boost|p2a: 嘉然小姐的狗|atk|1
|-zpower|p1a: Necrozma
|move|p1a: Necrozma|Light That Burns the Sky|p2a: 嘉然小姐的狗|[zeffect]
|-resisted|p2a: 嘉然小姐的狗
|-damage|p2a: 嘉然小姐的狗|0 fnt
|faint|p2a: 嘉然小姐的狗
|
|upkeep
|
|t:|1664973994
|switch|p2a: 悬空羊驼|Arceus-Flying|100/100
|turn|19
|
|t:|1664974006
|move|p1a: Necrozma|Photon Geyser|p2a: 悬空羊驼
|-damage|p2a: 悬空羊驼|31/100
|move|p2a: 悬空羊驼|Fly||[still]
|-prepare|p2a: 悬空羊驼|Fly
|
|upkeep
|turn|20
|
|t:|1664974030
|move|p1a: Necrozma|Photon Geyser|p2a: 悬空羊驼|[miss]
|-miss|p1a: Necrozma|p2a: 悬空羊驼
|move|p2a: 悬空羊驼|Fly|p1a: Necrozma|[from]lockedmove
|-damage|p1a: Necrozma|8/100
|
|upkeep
|turn|21
|-message|CLEAR GEM清瑜 forfeited.
|
|win|moyv123
|raw|moyv123's rating: 1610 &rarr; <strong>1641</strong><br />(+31 for winning)
|raw|CLEAR GEM清瑜's rating: 1815 &rarr; <strong>1784</strong><br />(-31 for losing)
|l|☆CLEAR GEM清瑜
