|j|☆MVP2536
|j|☆CLEAR GEM清瑜
|t:|1664004556
|gametype|singles
|player|p1|MVP2536|giovanni|1729
|player|p2|CLEAR GEM清瑜|skierf|1819
|teamsize|p1|6
|teamsize|p2|6
|gen|8
|tier|[Gen 8] National Dex AG
|rated|
|rule|HP Percentage Mod: HP is shown in percentages
|rule|Endless Battle Clause: Forcing endless battles is banned
|clearpoke
|poke|p1|Groudon|
|poke|p1|Aegislash, M|
|poke|p1|Rotom-Wash|
|poke|p1|Scrafty, M|
|poke|p1|Whimsicott, F|
|poke|p1|Ditto|
|poke|p2|Rayquaza|
|poke|p2|Groudon|
|poke|p2|Necrozma-Dusk-Mane|
|poke|p2|Arceus-*|
|poke|p2|Arceus-*|
|poke|p2|Arceus-*|
|teampreview
|inactive|Battle timer is ON: inactive players will automatically lose when time's up. (requested by CLEAR GEM清瑜)
|
|t:|1664004566
|start
|switch|p1a: Ditto|Ditto|100/100
|switch|p2a: 不会(?)|Groudon|100/100
|-transform|p1a: Ditto|p2a: 不会(?)|[from] ability: Imposter
|-weather|SunnyDay|[from] ability: Drought|[of] p1a: Ditto
|detailschange|p2a: 不会(?)|Groudon-Primal
|-primal|p2a: 不会(?)
|-weather|DesolateLand|[from] ability: Desolate Land|[of] p2a: 不会(?)
|turn|1
|
|t:|1664004570
|move|p1a: Ditto|Stealth Rock|p2a: 不会(?)
|-sidestart|p2: CLEAR GEM清瑜|move: Stealth Rock
|move|p2a: 不会(?)|Stealth Rock|p1a: Ditto
|-sidestart|p1: MVP2536|move: Stealth Rock
|
|-weather|DesolateLand|[upkeep]
|upkeep
|turn|2
|
|t:|1664004575
|-start|p1a: Ditto|Dynamax|
|-heal|p1a: Ditto|100/100|[silent]
|move|p1a: Ditto|Max Quake|p2a: 不会(?)
|-supereffective|p2a: 不会(?)
|-damage|p2a: 不会(?)|2/100
|-boost|p1a: Ditto|spd|1
|move|p2a: 不会(?)|Roar|p1a: Ditto
|-block|p1a: Ditto|Dynamax
|
|-weather|DesolateLand|[upkeep]
|upkeep
|turn|3
|
|t:|1664004580
|move|p1a: Ditto|Max Flare|p2a: 不会(?)
|-resisted|p2a: 不会(?)
|-damage|p2a: 不会(?)|0 fnt
|-weather|SunnyDay
|faint|p2a: 不会(?)
|
|-weather|SunnyDay|[upkeep]
|upkeep
|
|t:|1664004583
|switch|p2a: 究极辅助|Arceus-Dark|100/100
|-damage|p2a: 究极辅助|88/100|[from] Stealth Rock
|turn|4
|
|t:|1664004587
|move|p2a: 究极辅助|Recover|p2a: 究极辅助
|-heal|p2a: 究极辅助|100/100
|move|p1a: Ditto|Max Flare|p2a: 究极辅助
|-damage|p2a: 究极辅助|51/100
|
|-weather|SunnyDay|[upkeep]
|upkeep
|-end|p1a: Ditto|Dynamax
|-heal|p1a: Ditto|100/100|[silent]
|turn|5
|
|t:|1664004592
|switch|p1a: Scrafty|Scrafty, M|100/100
|-damage|p1a: Scrafty|95/100|[from] Stealth Rock
|move|p2a: 究极辅助|Roar|p1a: Scrafty
|drag|p1a: Rotom|Rotom-Wash|100/100
|-damage|p1a: Rotom|88/100|[from] Stealth Rock
|
|-weather|SunnyDay|[upkeep]
|upkeep
|turn|6
|
|t:|1664004596
|switch|p1a: Scrafty|Scrafty, M|95/100
|-damage|p1a: Scrafty|89/100|[from] Stealth Rock
|move|p2a: 究极辅助|Roar|p1a: Scrafty
|drag|p1a: Aegislash|Aegislash, M|100/100
|-damage|p1a: Aegislash|94/100|[from] Stealth Rock
|
|-weather|SunnyDay|[upkeep]
|-heal|p1a: Aegislash|100/100|[from] item: Leftovers
|upkeep
|turn|7
|
|t:|1664004598
|move|p1a: Aegislash|King's Shield|p1a: Aegislash
|-singleturn|p1a: Aegislash|Protect
|move|p2a: 究极辅助|Roar|p1a: Aegislash
|drag|p1a: garbage|Groudon|100/100
|-damage|p1a: garbage|94/100|[from] Stealth Rock
|detailschange|p1a: garbage|Groudon-Primal
|-primal|p1a: garbage
|-weather|DesolateLand|[from] ability: Desolate Land|[of] p1a: garbage
|
|-weather|DesolateLand|[upkeep]
|upkeep
|turn|8
|
|t:|1664004601
|move|p1a: garbage|Heat Crash|p2a: 究极辅助
|-damage|p2a: 究极辅助|9/100
|move|p2a: 究极辅助|Roar|p1a: garbage
|-weather|none
|drag|p1a: Aegislash|Aegislash, M|100/100
|-damage|p1a: Aegislash|94/100|[from] Stealth Rock
|
|-heal|p1a: Aegislash|100/100|[from] item: Leftovers
|upkeep
|turn|9
|
|t:|1664004611
|switch|p1a: Scrafty|Scrafty, M|89/100
|-damage|p1a: Scrafty|83/100|[from] Stealth Rock
|move|p2a: 究极辅助|Recover|p2a: 究极辅助
|-heal|p2a: 究极辅助|59/100
|
|upkeep
|turn|10
|
|t:|1664004614
|move|p1a: Scrafty|Drain Punch|p2a: 究极辅助
|-supereffective|p2a: 究极辅助
|-damage|p2a: 究极辅助|22/100
|-heal|p1a: Scrafty|100/100|[from] drain|[of] p2a: 究极辅助
|move|p2a: 究极辅助|Roar|p1a: Scrafty
|drag|p1a: Aegislash|Aegislash, M|100/100
|-damage|p1a: Aegislash|94/100|[from] Stealth Rock
|
|-heal|p1a: Aegislash|100/100|[from] item: Leftovers
|upkeep
|turn|11
|
|t:|1664004619
|switch|p1a: Whimsicott|Whimsicott, F|100/100
|move|p2a: 究极辅助|Roar|p1a: Whimsicott
|drag|p1a: Rotom|Rotom-Wash|88/100
|-damage|p1a: Rotom|76/100|[from] Stealth Rock
|
|upkeep
|turn|12
|
|t:|1664004623
|move|p2a: 究极辅助|Recover|p2a: 究极辅助
|-heal|p2a: 究极辅助|72/100
|move|p1a: Rotom|Toxic|p2a: 究极辅助
|-status|p2a: 究极辅助|tox
|
|-damage|p2a: 究极辅助|66/100 tox|[from] psn
|upkeep
|turn|13
|
|t:|1664004627
|switch|p1a: Scrafty|Scrafty, M|100/100
|-damage|p1a: Scrafty|95/100|[from] Stealth Rock
|move|p2a: 究极辅助|Roar|p1a: Scrafty
|drag|p1a: Aegislash|Aegislash, M|100/100
|-damage|p1a: Aegislash|94/100|[from] Stealth Rock
|
|-heal|p1a: Aegislash|100/100|[from] item: Leftovers
|-damage|p2a: 究极辅助|54/100 tox|[from] psn
|upkeep
|turn|14
|
|t:|1664004630
|move|p1a: Aegislash|King's Shield|p1a: Aegislash
|-singleturn|p1a: Aegislash|Protect
|move|p2a: 究极辅助|Roar|p1a: Aegislash
|drag|p1a: Scrafty|Scrafty, M|95/100
|-damage|p1a: Scrafty|89/100|[from] Stealth Rock
|
|-damage|p2a: 究极辅助|35/100 tox|[from] psn
|upkeep
|turn|15
|
|t:|1664004638
|move|p1a: Scrafty|Drain Punch|p2a: 究极辅助
|-supereffective|p2a: 究极辅助
|-damage|p2a: 究极辅助|0 fnt
|-heal|p1a: Scrafty|100/100|[from] drain|[of] p2a: 究极辅助
|faint|p2a: 究极辅助
|
|upkeep
|
|t:|1664004643
|switch|p2a: 烈龙无敌|Rayquaza|100/100
|-damage|p2a: 烈龙无敌|76/100|[from] Stealth Rock
|-ability|p2a: 烈龙无敌|Air Lock
|turn|16
|
|t:|1664004651
|switch|p1a: Aegislash|Aegislash, M|100/100
|-damage|p1a: Aegislash|94/100|[from] Stealth Rock
|detailschange|p2a: 烈龙无敌|Rayquaza-Mega
|-mega|p2a: 烈龙无敌|Rayquaza|
|-weather|DeltaStream|[from] ability: Delta Stream|[of] p2a: 烈龙无敌
|move|p2a: 烈龙无敌|Earthquake|p1a: Aegislash
|-supereffective|p1a: Aegislash
|-damage|p1a: Aegislash|12/100
|
|-weather|DeltaStream|[upkeep]
|-heal|p1a: Aegislash|18/100|[from] item: Leftovers
|upkeep
|turn|17
|
|t:|1664004656
|switch|p1a: Rotom|Rotom-Wash|76/100
|-damage|p1a: Rotom|64/100|[from] Stealth Rock
|move|p2a: 烈龙无敌|Earthquake|p1a: Rotom
|-immune|p1a: Rotom|[from] ability: Levitate
|
|-weather|DeltaStream|[upkeep]
|upkeep
|turn|18
|
|t:|1664004661
|move|p2a: 烈龙无敌|Dragon Ascent|p1a: Rotom
|-resisted|p1a: Rotom
|-damage|p1a: Rotom|28/100
|-unboost|p2a: 烈龙无敌|def|1
|-unboost|p2a: 烈龙无敌|spd|1
|-damage|p2a: 烈龙无敌|59/100|[from] item: Rocky Helmet|[of] p1a: Rotom
|move|p1a: Rotom|Pain Split|p2a: 烈龙无敌
|-sethp|p2a: 烈龙无敌|41/100|[from] move: Pain Split|[silent]
|-sethp|p1a: Rotom|50/100|[from] move: Pain Split
|
|-weather|DeltaStream|[upkeep]
|upkeep
|turn|19
|
|t:|1664004685
|move|p2a: 烈龙无敌|Dragon Dance|p2a: 烈龙无敌
|-boost|p2a: 烈龙无敌|atk|1
|-boost|p2a: 烈龙无敌|spe|1
|move|p1a: Rotom|Foul Play|p2a: 烈龙无敌
|-damage|p2a: 烈龙无敌|0 fnt
|faint|p2a: 烈龙无敌
|-weather|none
|
|upkeep
|
|t:|1664004689
|switch|p2a: 钢铁之躯|Necrozma-Dusk-Mane|100/100
|-damage|p2a: 钢铁之躯|94/100|[from] Stealth Rock
|turn|20
|
|t:|1664004694
|switch|p1a: Scrafty|Scrafty, M|100/100
|-damage|p1a: Scrafty|95/100|[from] Stealth Rock
|move|p2a: 钢铁之躯|Dragon Dance|p2a: 钢铁之躯
|-boost|p2a: 钢铁之躯|atk|1
|-boost|p2a: 钢铁之躯|spe|1
|
|upkeep
|turn|21
|
|t:|1664004698
|detailschange|p2a: 钢铁之躯|Necrozma-Ultra
|-burst|p2a: 钢铁之躯|Necrozma|Ultranecrozium Z
|move|p2a: 钢铁之躯|Earthquake|p1a: Scrafty
|-damage|p1a: Scrafty|27/100
|move|p1a: Scrafty|Knock Off|p2a: 钢铁之躯
|-supereffective|p2a: 钢铁之躯
|-damage|p2a: 钢铁之躯|50/100
|
|upkeep
|turn|22
|
|t:|1664004708
|move|p2a: 钢铁之躯|Earthquake|p1a: Scrafty
|-damage|p1a: Scrafty|0 fnt
|faint|p1a: Scrafty
|
|upkeep
|
|t:|1664004715
|switch|p1a: Aegislash|Aegislash, M|18/100
|-damage|p1a: Aegislash|12/100|[from] Stealth Rock
|turn|23
|
|t:|1664004717
|-formechange|p1a: Aegislash|Aegislash-Blade||[from] ability: Stance Change
|move|p1a: Aegislash|Shadow Sneak|p2a: 钢铁之躯
|-supereffective|p2a: 钢铁之躯
|-damage|p2a: 钢铁之躯|9/100
|move|p2a: 钢铁之躯|Earthquake|p1a: Aegislash
|-supereffective|p1a: Aegislash
|-damage|p1a: Aegislash|0 fnt
|faint|p1a: Aegislash
|
|upkeep
|
|t:|1664004720
|switch|p1a: Ditto|Ditto|100/100
|-damage|p1a: Ditto|88/100|[from] Stealth Rock
|-transform|p1a: Ditto|p2a: 钢铁之躯|[from] ability: Imposter
|turn|24
|
|t:|1664004723
|move|p1a: Ditto|Photon Geyser|p2a: 钢铁之躯
|-resisted|p2a: 钢铁之躯
|-damage|p2a: 钢铁之躯|0 fnt
|faint|p2a: 钢铁之躯
|
|upkeep
|
|t:|1664004726
|switch|p2a: 悬空羊驼|Arceus-Flying|100/100
|-damage|p2a: 悬空羊驼|76/100|[from] Stealth Rock
|turn|25
|
|t:|1664004745
|-start|p2a: 悬空羊驼|Dynamax|
|-heal|p2a: 悬空羊驼|76/100|[silent]
|move|p1a: Ditto|Photon Geyser|p2a: 悬空羊驼
|-damage|p2a: 悬空羊驼|40/100
|move|p2a: 悬空羊驼|Max Airstream|p1a: Ditto
|-damage|p1a: Ditto|0 fnt
|-boost|p2a: 悬空羊驼|spe|1
|faint|p1a: Ditto
|
|upkeep
|j| Rajesh123
|inactive|MVP2536 has 120 seconds left.
|
|t:|1664004767
|switch|p1a: garbage|Groudon-Primal|94/100
|-damage|p1a: garbage|82/100|[from] Stealth Rock
|-weather|DesolateLand|[from] ability: Desolate Land|[of] p1a: garbage
|turn|26
|
|t:|1664004771
|-weather|none
|switch|p1a: Rotom|Rotom-Wash|50/100
|-damage|p1a: Rotom|38/100|[from] Stealth Rock
|move|p2a: 悬空羊驼|Max Airstream|p1a: Rotom
|-resisted|p1a: Rotom
|-damage|p1a: Rotom|0 fnt
|-boost|p2a: 悬空羊驼|spe|1
|faint|p1a: Rotom
|
|upkeep
|
|t:|1664004775
|switch|p1a: Whimsicott|Whimsicott, F|100/100
|turn|27
|
|t:|1664004777
|move|p2a: 悬空羊驼|Max Airstream|p1a: Whimsicott
|-supereffective|p1a: Whimsicott
|-damage|p1a: Whimsicott|0 fnt
|-boost|p2a: 悬空羊驼|spe|1
|faint|p1a: Whimsicott
|
|upkeep
|
|t:|1664004780
|switch|p1a: garbage|Groudon-Primal|82/100
|-damage|p1a: garbage|70/100|[from] Stealth Rock
|-weather|DesolateLand|[from] ability: Desolate Land|[of] p1a: garbage
|-end|p2a: 悬空羊驼|Dynamax
|-heal|p2a: 悬空羊驼|40/100|[silent]
|turn|28
|
|t:|1664004787
|move|p2a: 悬空羊驼|Earth Power|p1a: garbage
|-supereffective|p1a: garbage
|-damage|p1a: garbage|26/100
|move|p1a: garbage|Heat Crash|p2a: 悬空羊驼
|-damage|p2a: 悬空羊驼|0 fnt
|faint|p2a: 悬空羊驼
|
|-weather|DesolateLand|[upkeep]
|upkeep
|
|t:|1664004789
|switch|p2a: 乱杀P固|Arceus-Ground|100/100
|-damage|p2a: 乱杀P固|94/100|[from] Stealth Rock
|turn|29
|c|☆MVP2536|gg
|
|t:|1664004796
|move|p2a: 乱杀P固|Judgment|p1a: garbage
|-supereffective|p1a: garbage
|-crit|p1a: garbage
|-damage|p1a: garbage|0 fnt
|faint|p1a: garbage
|-weather|none
|
|win|CLEAR GEM清瑜
|raw|MVP2536's rating: 1729 &rarr; <strong>1714</strong><br />(-15 for losing)
|raw|CLEAR GEM清瑜's rating: 1819 &rarr; <strong>1834</strong><br />(+15 for winning)
|l|☆MVP2536
