|j|☆uuzuuz
|j|☆eeeeeeawgega
|t:|1668046538
|gametype|singles
|player|p1|uuzuuz|elesa-gen5bw2|1409
|player|p2|eeeeeeawgega|byron|1689
|teamsize|p1|6
|teamsize|p2|6
|gen|8
|tier|[Gen 8] National Dex AG
|rated|
|rule|HP Percentage Mod: HP is shown in percentages
|rule|Endless Battle Clause: Forcing endless battles is banned
|clearpoke
|poke|p1|Ho-Oh|
|poke|p1|Kyurem-Black|
|poke|p1|Yveltal|
|poke|p1|Necrozma-Dusk-Mane|
|poke|p1|Ditto|
|poke|p1|Zacian-*|
|poke|p2|Kyurem-Black|
|poke|p2|Arceus-*|
|poke|p2|Rayquaza|
|poke|p2|Necrozma-Dusk-Mane|
|poke|p2|Murkrow, M|
|poke|p2|Quagsire, F|
|teampreview
|inactive|Battle timer is ON: inactive players will automatically lose when time's up. (requested by eeeeeeawgega)
|
|t:|1668046634
|start
|switch|p1a: 都多余了|Necrozma-Dusk-Mane, shiny|100/100
|switch|p2a: Rayquaza|Rayquaza|100/100
|-ability|p2a: Rayquaza|Air Lock
|turn|1
|
|t:|1668046638
|detailschange|p2a: Rayquaza|Rayquaza-Mega
|-mega|p2a: Rayquaza|Rayquaza|
|-weather|DeltaStream|[from] ability: Delta Stream|[of] p2a: Rayquaza
|move|p2a: Rayquaza|V-create|p1a: 都多余了
|-supereffective|p1a: 都多余了
|-damage|p1a: 都多余了|33/100
|-unboost|p2a: Rayquaza|spe|1
|-unboost|p2a: Rayquaza|def|1
|-unboost|p2a: Rayquaza|spd|1
|-damage|p2a: Rayquaza|84/100|[from] item: Rocky Helmet|[of] p1a: 都多余了
|move|p1a: 都多余了|Stealth Rock|p2a: Rayquaza
|-sidestart|p2: eeeeeeawgega|move: Stealth Rock
|
|-weather|DeltaStream|[upkeep]
|upkeep
|turn|2
|
|t:|1668046665
|move|p2a: Rayquaza|V-create|p1a: 都多余了
|-supereffective|p1a: 都多余了
|-damage|p1a: 都多余了|0 fnt
|-unboost|p2a: Rayquaza|spe|1
|-unboost|p2a: Rayquaza|def|1
|-unboost|p2a: Rayquaza|spd|1
|-damage|p2a: Rayquaza|68/100|[from] item: Rocky Helmet|[of] p1a: 都多余了
|faint|p1a: 都多余了
|
|-weather|DeltaStream|[upkeep]
|upkeep
|inactive|uuzuuz has 120 seconds left.
|
|t:|1668046680
|switch|p1a: 嗨嗨嗨|Yveltal, shiny|100/100
|-ability|p1a: 嗨嗨嗨|Dark Aura
|turn|3
|
|t:|1668046684
|move|p1a: 嗨嗨嗨|Sucker Punch|p2a: Rayquaza
|-damage|p2a: Rayquaza|0 fnt
|faint|p2a: Rayquaza
|-weather|none
|
|upkeep
|
|t:|1668046690
|switch|p2a: Arceus|Arceus|100/100
|-damage|p2a: Arceus|88/100|[from] Stealth Rock
|turn|4
|
|t:|1668046694
|move|p1a: 嗨嗨嗨|Sucker Punch||[still]
|-fail|p1a: 嗨嗨嗨
|move|p2a: Arceus|Swords Dance|p2a: Arceus
|-boost|p2a: Arceus|atk|2
|
|upkeep
|turn|5
|
|t:|1668046702
|switch|p1a: 拼速必赢|Ditto, shiny|100/100
|-transform|p1a: 拼速必赢|p2a: Arceus|[from] ability: Imposter
|move|p2a: Arceus|Extreme Speed|p1a: 拼速必赢
|-damage|p1a: 拼速必赢|0 fnt
|faint|p1a: 拼速必赢
|-damage|p2a: Arceus|78/100|[from] item: Life Orb
|
|upkeep
|
|t:|1668046710
|switch|p1a: 嗨嗨嗨|Yveltal, shiny|100/100
|-ability|p1a: 嗨嗨嗨|Dark Aura
|turn|6
|
|t:|1668046716
|move|p1a: 嗨嗨嗨|Sucker Punch||[still]
|-fail|p1a: 嗨嗨嗨
|move|p2a: Arceus|Recover|p2a: Arceus
|-heal|p2a: Arceus|100/100
|
|upkeep
|turn|7
|
|t:|1668046721
|move|p1a: 嗨嗨嗨|Sucker Punch||[still]
|-fail|p1a: 嗨嗨嗨
|move|p2a: Arceus|Swords Dance|p2a: Arceus
|-boost|p2a: Arceus|atk|2
|
|upkeep
|turn|8
|
|t:|1668046729
|-start|p1a: 嗨嗨嗨|Dynamax|
|-heal|p1a: 嗨嗨嗨|100/100|[silent]
|move|p1a: 嗨嗨嗨|Max Darkness|p2a: Arceus
|-damage|p2a: Arceus|28/100
|-unboost|p2a: Arceus|spd|1
|move|p2a: Arceus|Swords Dance|p2a: Arceus
|-boost|p2a: Arceus|atk|2
|
|upkeep
|turn|9
|
|t:|1668046736
|move|p2a: Arceus|Extreme Speed|p1a: 嗨嗨嗨
|-damage|p1a: 嗨嗨嗨|0 fnt
|faint|p1a: 嗨嗨嗨
|-damage|p2a: Arceus|18/100|[from] item: Life Orb
|
|upkeep
|
|t:|1668046740
|switch|p1a: 一刀九九九|Zacian-Crowned, shiny|100/100
|-ability|p1a: 一刀九九九|Intrepid Sword|boost
|-boost|p1a: 一刀九九九|atk|1
|turn|10
|
|t:|1668046742
|move|p2a: Arceus|Extreme Speed|p1a: 一刀九九九
|-resisted|p1a: 一刀九九九
|-damage|p1a: 一刀九九九|3/100
|-damage|p2a: Arceus|8/100|[from] item: Life Orb
|move|p1a: 一刀九九九|Behemoth Blade|p2a: Arceus
|-damage|p2a: Arceus|0 fnt
|faint|p2a: Arceus
|
|upkeep
|
|t:|1668046749
|switch|p2a: Murkrow|Murkrow, M|100/100
|-damage|p2a: Murkrow|75/100|[from] Stealth Rock
|turn|11
|
|t:|1668046751
|move|p2a: Murkrow|Thunder Wave|p1a: 一刀九九九
|-status|p1a: 一刀九九九|par
|cant|p1a: 一刀九九九|par
|
|upkeep
|turn|12
|
|t:|1668046756
|move|p2a: Murkrow|Defog|p1a: 一刀九九九
|-unboost|p1a: 一刀九九九|evasion|1
|-sideend|p2: eeeeeeawgega|Stealth Rock|[from] move: Defog|[of] p2a: Murkrow
|cant|p1a: 一刀九九九|par
|
|upkeep
|turn|13
|
|t:|1668046762
|move|p2a: Murkrow|Haze|p2a: Murkrow
|-clearallboost
|cant|p1a: 一刀九九九|par
|
|upkeep
|turn|14
|
|t:|1668046766
|move|p2a: Murkrow|Taunt|p1a: 一刀九九九
|-start|p1a: 一刀九九九|move: Taunt
|cant|p1a: 一刀九九九|par
|
|upkeep
|turn|15
|
|t:|1668046769
|switch|p2a: Necrozma|Necrozma-Dusk-Mane|100/100
|cant|p1a: 一刀九九九|par
|
|upkeep
|turn|16
|
|t:|1668046778
|move|p2a: Necrozma|Dragon Dance|p2a: Necrozma
|-boost|p2a: Necrozma|atk|1
|-boost|p2a: Necrozma|spe|1
|move|p1a: 一刀九九九|Behemoth Blade|p2a: Necrozma
|-resisted|p2a: Necrozma
|-damage|p2a: Necrozma|70/100
|
|-end|p1a: 一刀九九九|move: Taunt
|upkeep
|turn|17
|
|t:|1668046789
|detailschange|p2a: Necrozma|Necrozma-Ultra
|-burst|p2a: Necrozma|Necrozma|Ultranecrozium Z
|move|p2a: Necrozma|Photon Geyser|p1a: 一刀九九九
|-resisted|p1a: 一刀九九九
|-damage|p1a: 一刀九九九|0 fnt
|faint|p1a: 一刀九九九
|
|upkeep
|
|t:|1668046798
|switch|p1a: 黑冰五连发！|Kyurem-Black, shiny|100/100
|-ability|p1a: 黑冰五连发！|Teravolt
|turn|18
|-message|uuzuuz forfeited.
|
|win|eeeeeeawgega
|raw|uuzuuz's rating: 1409 &rarr; <strong>1402</strong><br />(-7 for losing)
|raw|eeeeeeawgega's rating: 1689 &rarr; <strong>1696</strong><br />(+7 for winning)
|l|☆uuzuuz
