|j|☆inoion
|j|☆xLeonisx
|t:|1660096255
|gametype|singles
|player|p1|inoion|tateandliza-gen6|1692
|player|p2|xLeonisx|266|1710
|teamsize|p1|6
|teamsize|p2|6
|gen|8
|tier|[Gen 8] National Dex AG
|rated|
|rule|HP Percentage Mod: HP is shown in percentages
|rule|Endless Battle Clause: Forcing endless battles is banned
|clearpoke
|poke|p1|Calyrex-Shadow|
|poke|p1|Marshadow|
|poke|p1|Necrozma-Dusk-Mane|
|poke|p1|Ho-Oh|
|poke|p1|Zygarde|
|poke|p1|Arceus-*|
|poke|p2|Deoxys-Speed|
|poke|p2|Ditto|
|poke|p2|Kyogre|
|poke|p2|Calyrex-Shadow|
|poke|p2|Lugia|
|poke|p2|Zacian-*|
|teampreview
|inactive|Battle timer is ON: inactive players will automatically lose when time's up. (requested by xLeonisx)
|
|t:|1660096270
|start
|switch|p1a: Calyrex|Calyrex-Shadow|100/100
|switch|p2a: Kyogre|Kyogre|100/100
|-ability|p1a: Calyrex|As One
|-ability|p1a: Calyrex|Unnerve
|detailschange|p2a: Kyogre|Kyogre-Primal
|-primal|p2a: Kyogre
|-weather|PrimordialSea|[from] ability: Primordial Sea|[of] p2a: Kyogre
|turn|1
|inactive|inoion has 120 seconds left.
|
|t:|1660096317
|-weather|none
|switch|p2a: Lugia|Lugia|100/100
|move|p1a: Calyrex|Astral Barrage|p2a: Lugia
|-supereffective|p2a: Lugia
|-damage|p2a: Lugia|61/100
|
|upkeep
|turn|2
|
|t:|1660096321
|move|p1a: Calyrex|Astral Barrage|p2a: Lugia
|-supereffective|p2a: Lugia
|-damage|p2a: Lugia|0 fnt
|faint|p2a: Lugia
|-ability|p1a: Calyrex|Grim Neigh|boost
|-boost|p1a: Calyrex|spa|1
|
|upkeep
|
|t:|1660096325
|switch|p2a: Deoxys|Deoxys-Speed|100/100
|-ability|p2a: Deoxys|Pressure
|turn|3
|inactive|inoion has 120 seconds left.
|
|t:|1660096340
|move|p2a: Deoxys|Knock Off|p1a: Calyrex
|-supereffective|p1a: Calyrex
|-damage|p1a: Calyrex|4/100
|-zpower|p1a: Calyrex
|move|p1a: Calyrex|Savage Spin-Out|p2a: Deoxys|[zeffect]
|-supereffective|p2a: Deoxys
|-enditem|p2a: Deoxys|Focus Sash
|-damage|p2a: Deoxys|1/100
|
|upkeep
|turn|4
|inactive|inoion has 120 seconds left.
|
|t:|1660096355
|switch|p1a: Necrozma|Necrozma-Dusk-Mane|100/100
|move|p2a: Deoxys|Knock Off|p1a: Necrozma
|-supereffective|p1a: Necrozma
|-damage|p1a: Necrozma|78/100
|-damage|p2a: Deoxys|0 fnt|[from] item: Rocky Helmet|[of] p1a: Necrozma
|faint|p2a: Deoxys
|
|upkeep
|
|t:|1660096358
|switch|p2a: Kyogre|Kyogre-Primal|100/100
|-weather|PrimordialSea|[from] ability: Primordial Sea|[of] p2a: Kyogre
|turn|5
|inactive|inoion has 120 seconds left.
|
|t:|1660096372
|switch|p1a: Calyrex|Calyrex-Shadow|4/100
|-ability|p1a: Calyrex|As One
|-ability|p1a: Calyrex|Unnerve
|move|p2a: Kyogre|Water Spout|p1a: Calyrex
|-damage|p1a: Calyrex|0 fnt
|faint|p1a: Calyrex
|
|-weather|PrimordialSea|[upkeep]
|upkeep
|
|t:|1660096375
|switch|p1a: Marshadow|Marshadow|100/100
|turn|6
|
|t:|1660096377
|move|p1a: Marshadow|Poltergeist|p2a: Kyogre
|-activate|p2a: Kyogre|move: Poltergeist|Blue Orb
|-damage|p2a: Kyogre|24/100
|-damage|p1a: Marshadow|91/100|[from] item: Life Orb
|move|p2a: Kyogre|Origin Pulse|p1a: Marshadow
|-damage|p1a: Marshadow|0 fnt
|faint|p1a: Marshadow
|
|-weather|PrimordialSea|[upkeep]
|upkeep
|
|t:|1660096383
|switch|p1a: Arceus|Arceus-Dark|100/100
|turn|7
|
|t:|1660096385
|-weather|none
|switch|p2a: Zacian|Zacian-Crowned|100/100
|-ability|p2a: Zacian|Intrepid Sword|boost
|-boost|p2a: Zacian|atk|1
|move|p1a: Arceus|Judgment|p2a: Zacian
|-resisted|p2a: Zacian
|-damage|p2a: Zacian|79/100
|
|upkeep
|turn|8
|
|t:|1660096394
|switch|p1a: Zygarde|Zygarde|100/100
|move|p2a: Zacian|Close Combat|p1a: Zygarde
|-damage|p1a: Zygarde|62/100
|-unboost|p2a: Zacian|def|1
|-unboost|p2a: Zacian|spd|1
|
|-heal|p1a: Zygarde|69/100|[from] item: Leftovers
|upkeep
|turn|9
|
|t:|1660096399
|switch|p1a: Ho-Oh|Ho-Oh|100/100
|move|p2a: Zacian|Play Rough|p1a: Ho-Oh
|-resisted|p1a: Ho-Oh
|-damage|p1a: Ho-Oh|74/100
|
|upkeep
|turn|10
|
|t:|1660096404
|switch|p2a: Kyogre|Kyogre-Primal|24/100
|-weather|PrimordialSea|[from] ability: Primordial Sea|[of] p2a: Kyogre
|switch|p1a: Necrozma|Necrozma-Dusk-Mane|78/100
|
|-weather|PrimordialSea|[upkeep]
|upkeep
|turn|11
|
|t:|1660096407
|move|p2a: Kyogre|Origin Pulse|p1a: Necrozma
|-damage|p1a: Necrozma|0 fnt
|faint|p1a: Necrozma
|
|-weather|PrimordialSea|[upkeep]
|upkeep
|
|t:|1660096409
|switch|p1a: Arceus|Arceus-Dark|100/100
|turn|12
|
|t:|1660096412
|-weather|none
|switch|p2a: Zacian|Zacian-Crowned|79/100
|-ability|p2a: Zacian|Intrepid Sword|boost
|-boost|p2a: Zacian|atk|1
|move|p1a: Arceus|Judgment|p2a: Zacian
|-resisted|p2a: Zacian
|-damage|p2a: Zacian|57/100
|
|upkeep
|turn|13
|
|t:|1660096415
|switch|p1a: Zygarde|Zygarde|69/100
|move|p2a: Zacian|Play Rough|p1a: Zygarde
|-supereffective|p1a: Zygarde
|-damage|p1a: Zygarde|0 fnt
|faint|p1a: Zygarde
|
|upkeep
|
|t:|1660096417
|switch|p1a: Ho-Oh|Ho-Oh|100/100
|turn|14
|
|t:|1660096420
|switch|p2a: Kyogre|Kyogre-Primal|24/100
|-weather|PrimordialSea|[from] ability: Primordial Sea|[of] p2a: Kyogre
|move|p1a: Ho-Oh|Thunder Wave|p2a: Kyogre
|-status|p2a: Kyogre|par
|
|-weather|PrimordialSea|[upkeep]
|upkeep
|turn|15
|
|t:|1660096426
|switch|p1a: Arceus|Arceus-Dark|100/100
|move|p2a: Kyogre|Origin Pulse|p1a: Arceus
|-damage|p1a: Arceus|29/100
|
|-weather|PrimordialSea|[upkeep]
|upkeep
|turn|16
|
|t:|1660096431
|-weather|none
|switch|p2a: Zacian|Zacian-Crowned|57/100
|-ability|p2a: Zacian|Intrepid Sword|boost
|-boost|p2a: Zacian|atk|1
|move|p1a: Arceus|Judgment|p2a: Zacian
|-resisted|p2a: Zacian
|-damage|p2a: Zacian|36/100
|
|upkeep
|turn|17
|
|t:|1660096437
|switch|p1a: Ho-Oh|Ho-Oh|100/100
|move|p2a: Zacian|Close Combat|p1a: Ho-Oh
|-resisted|p1a: Ho-Oh
|-damage|p1a: Ho-Oh|76/100
|-unboost|p2a: Zacian|def|1
|-unboost|p2a: Zacian|spd|1
|
|upkeep
|turn|18
|
|t:|1660096440
|switch|p2a: Kyogre|Kyogre-Primal|24/100 par
|-weather|PrimordialSea|[from] ability: Primordial Sea|[of] p2a: Kyogre
|move|p1a: Ho-Oh|Sacred Fire||[still]
|-fail|p1a: Ho-Oh|Sacred Fire|[from] Primordial Sea
|
|-weather|PrimordialSea|[upkeep]
|upkeep
|turn|19
|
|t:|1660096454
|switch|p1a: Arceus|Arceus-Dark|29/100
|cant|p2a: Kyogre|par
|
|-weather|PrimordialSea|[upkeep]
|upkeep
|turn|20
|
|t:|1660096458
|-weather|none
|switch|p2a: Zacian|Zacian-Crowned|36/100
|-ability|p2a: Zacian|Intrepid Sword|boost
|-boost|p2a: Zacian|atk|1
|move|p1a: Arceus|Judgment|p2a: Zacian
|-resisted|p2a: Zacian
|-damage|p2a: Zacian|14/100
|
|upkeep
|turn|21
|
|t:|1660096462
|switch|p1a: Ho-Oh|Ho-Oh|100/100
|move|p2a: Zacian|Close Combat|p1a: Ho-Oh
|-resisted|p1a: Ho-Oh
|-damage|p1a: Ho-Oh|75/100
|-unboost|p2a: Zacian|def|1
|-unboost|p2a: Zacian|spd|1
|
|upkeep
|turn|22
|
|t:|1660096465
|switch|p2a: Kyogre|Kyogre-Primal|24/100 par
|-weather|PrimordialSea|[from] ability: Primordial Sea|[of] p2a: Kyogre
|move|p1a: Ho-Oh|Whirlwind|p2a: Kyogre
|-weather|none
|drag|p2a: Calyrex|Calyrex-Shadow|100/100
|-ability|p2a: Calyrex|As One
|-ability|p2a: Calyrex|Unnerve
|
|upkeep
|turn|23
|
|t:|1660096470
|move|p2a: Calyrex|Trick|p1a: Ho-Oh
|-activate|p2a: Calyrex|move: Trick|[of] p1a: Ho-Oh
|-item|p1a: Ho-Oh|Choice Scarf|[from] move: Trick
|-item|p2a: Calyrex|Heavy-Duty Boots|[from] move: Trick
|move|p1a: Ho-Oh|Thunder Wave|p2a: Calyrex
|-status|p2a: Calyrex|par
|
|upkeep
|turn|24
|
|t:|1660096479
|switch|p1a: Arceus|Arceus-Dark|29/100
|move|p2a: Calyrex|Psyshock|p1a: Arceus
|-immune|p1a: Arceus
|
|upkeep
|turn|25
|
|t:|1660096485
|-start|p2a: Calyrex|Dynamax|
|-heal|p2a: Calyrex|100/100 par|[silent]
|move|p1a: Arceus|Judgment|p2a: Calyrex
|-supereffective|p2a: Calyrex
|-damage|p2a: Calyrex|11/100 par
|cant|p2a: Calyrex|par
|
|upkeep
|turn|26
|
|t:|1660096492
|move|p1a: Arceus|Judgment|p2a: Calyrex
|-supereffective|p2a: Calyrex
|-damage|p2a: Calyrex|0 fnt
|faint|p2a: Calyrex
|
|upkeep
|
|t:|1660096494
|switch|p2a: Zacian|Zacian-Crowned|14/100
|-ability|p2a: Zacian|Intrepid Sword|boost
|-boost|p2a: Zacian|atk|1
|turn|27
|
|t:|1660096496
|switch|p1a: Ho-Oh|Ho-Oh|100/100
|move|p2a: Zacian|Play Rough|p1a: Ho-Oh
|-resisted|p1a: Ho-Oh
|-damage|p1a: Ho-Oh|74/100
|
|upkeep
|turn|28
|
|t:|1660096498
|switch|p2a: Kyogre|Kyogre-Primal|24/100 par
|-weather|PrimordialSea|[from] ability: Primordial Sea|[of] p2a: Kyogre
|move|p1a: Ho-Oh|Whirlwind|p2a: Kyogre
|-weather|none
|drag|p2a: Zacian|Zacian-Crowned|14/100
|-ability|p2a: Zacian|Intrepid Sword|boost
|-boost|p2a: Zacian|atk|1
|
|upkeep
|turn|29
|
|t:|1660096502
|switch|p2a: Kyogre|Kyogre-Primal|24/100 par
|-weather|PrimordialSea|[from] ability: Primordial Sea|[of] p2a: Kyogre
|move|p1a: Ho-Oh|Whirlwind|p2a: Kyogre
|-weather|none
|drag|p2a: Zacian|Zacian-Crowned|14/100
|-ability|p2a: Zacian|Intrepid Sword|boost
|-boost|p2a: Zacian|atk|1
|
|upkeep
|turn|30
|
|t:|1660096506
|switch|p2a: Kyogre|Kyogre-Primal|24/100 par
|-weather|PrimordialSea|[from] ability: Primordial Sea|[of] p2a: Kyogre
|move|p1a: Ho-Oh|Whirlwind|p2a: Kyogre
|-weather|none
|drag|p2a: Zacian|Zacian-Crowned|14/100
|-ability|p2a: Zacian|Intrepid Sword|boost
|-boost|p2a: Zacian|atk|1
|
|upkeep
|turn|31
|
|t:|1660096511
|switch|p2a: Kyogre|Kyogre-Primal|24/100 par
|-weather|PrimordialSea|[from] ability: Primordial Sea|[of] p2a: Kyogre
|switch|p1a: Arceus|Arceus-Dark|29/100
|
|-weather|PrimordialSea|[upkeep]
|upkeep
|turn|32
|
|t:|1660096515
|-weather|none
|switch|p2a: Ditto|Ditto|100/100
|-transform|p2a: Ditto|p1a: Arceus|[from] ability: Imposter
|move|p1a: Arceus|Judgment|p2a: Ditto
|-resisted|p2a: Ditto
|-damage|p2a: Ditto|76/100
|
|upkeep
|turn|33
|
|t:|1660096518
|move|p2a: Ditto|Judgment|p1a: Arceus
|-damage|p1a: Arceus|13/100
|move|p1a: Arceus|Recover|p1a: Arceus
|-heal|p1a: Arceus|63/100
|
|upkeep
|turn|34
|
|t:|1660096523
|switch|p2a: Zacian|Zacian-Crowned|14/100
|-ability|p2a: Zacian|Intrepid Sword|boost
|-boost|p2a: Zacian|atk|1
|move|p1a: Arceus|Judgment|p2a: Zacian
|-resisted|p2a: Zacian
|-damage|p2a: Zacian|0 fnt
|faint|p2a: Zacian
|
|upkeep
|
|t:|1660096524
|switch|p2a: Kyogre|Kyogre-Primal|24/100 par
|-weather|PrimordialSea|[from] ability: Primordial Sea|[of] p2a: Kyogre
|turn|35
|
|t:|1660096526
|move|p1a: Arceus|Judgment|p2a: Kyogre
|-damage|p2a: Kyogre|0 fnt
|faint|p2a: Kyogre
|-weather|none
|
|upkeep
|
|t:|1660096528
|switch|p2a: Ditto|Ditto|76/100
|-transform|p2a: Ditto|p1a: Arceus|[from] ability: Imposter
|turn|36
|c|☆inoion|gg
|c|☆xLeonisx|gg
|-message|xLeonisx forfeited.
|
|win|inoion
|raw|inoion's rating: 1692 &rarr; <strong>1713</strong><br />(+21 for winning)
|raw|xLeonisx's rating: 1710 &rarr; <strong>1689</strong><br />(-21 for losing)
|l|☆xLeonisx
||Ladder isn't responding, score probably updated but might not have (Request timeout).
