|j|☆Lobsterboi9
|j|☆Jojoestar Belmont
|t:|1655620069
|gametype|singles
|player|p1|Lobsterboi9|ghetsis-gen5bw|1314
|player|p2|Jojoestar Belmont|169|1428
|teamsize|p1|6
|teamsize|p2|6
|gen|8
|tier|[Gen 8] National Dex AG
|rated|
|rule|HP Percentage Mod: HP is shown in percentages
|rule|Endless Battle Clause: Forcing endless battles is banned
|clearpoke
|poke|p1|Blaziken, M|
|poke|p1|Mewtwo|
|poke|p1|Kyogre|
|poke|p1|Malamar, M|
|poke|p1|Grimmsnarl, M|
|poke|p1|Rayquaza|
|poke|p2|Kommo-o, F|
|poke|p2|Shuckle, F|
|poke|p2|Marshadow|
|poke|p2|Ditto|
|poke|p2|Metagross|
|poke|p2|Serperior, F|
|teampreview
|inactive|Battle timer is ON: inactive players will automatically lose when time's up. (requested by Lobsterboi9)
|
|t:|1655620083
|start
|switch|p1a: Grimmsnarl|Grimmsnarl, M|100/100
|switch|p2a: Bruh|Shuckle, F|100/100
|turn|1
|
|t:|1655620093
|switch|p1a: Blaziken|Blaziken, M|100/100
|move|p2a: Bruh|Knock Off|p1a: Blaziken
|-resisted|p1a: Blaziken
|-damage|p1a: Blaziken|99/100
|-enditem|p1a: Blaziken|Sitrus Berry|[from] move: Knock Off|[of] p2a: Bruh
|
|upkeep
|turn|2
|
|t:|1655620101
|move|p1a: Blaziken|Substitute|p1a: Blaziken
|-start|p1a: Blaziken|Substitute
|-damage|p1a: Blaziken|74/100
|move|p2a: Bruh|Sticky Web|p1a: Blaziken
|-sidestart|p1: Lobsterboi9|move: Sticky Web
|
|-ability|p1a: Blaziken|Speed Boost|boost
|-boost|p1a: Blaziken|spe|1
|upkeep
|turn|3
|
|t:|1655620107
|move|p1a: Blaziken|Swords Dance|p1a: Blaziken
|-boost|p1a: Blaziken|atk|2
|move|p2a: Bruh|Stealth Rock|p1a: Blaziken
|-sidestart|p1: Lobsterboi9|move: Stealth Rock
|
|-ability|p1a: Blaziken|Speed Boost|boost
|-boost|p1a: Blaziken|spe|1
|upkeep
|turn|4
|
|t:|1655620113
|move|p1a: Blaziken|Swords Dance|p1a: Blaziken
|-boost|p1a: Blaziken|atk|2
|move|p2a: Bruh|Knock Off|p1a: Blaziken
|-resisted|p1a: Blaziken
|-activate|p1a: Blaziken|move: Substitute|[damage]
|
|-ability|p1a: Blaziken|Speed Boost|boost
|-boost|p1a: Blaziken|spe|1
|upkeep
|turn|5
|
|t:|1655620120
|move|p1a: Blaziken|Swords Dance|p1a: Blaziken
|-boost|p1a: Blaziken|atk|2
|move|p2a: Bruh|Knock Off|p1a: Blaziken
|-resisted|p1a: Blaziken
|-activate|p1a: Blaziken|move: Substitute|[damage]
|
|-ability|p1a: Blaziken|Speed Boost|boost
|-boost|p1a: Blaziken|spe|1
|upkeep
|turn|6
|
|t:|1655620127
|move|p1a: Blaziken|Baton Pass|p1a: Blaziken
|
|t:|1655620129
|switch|p1a: Rayquaza|Rayquaza|100/100|[from]move: Baton Pass
|-damage|p1a: Rayquaza|76/100|[from] Stealth Rock
|-ability|p1a: Rayquaza|Air Lock
|move|p2a: Bruh|Knock Off|p1a: Rayquaza
|-crit|p1a: Rayquaza
|-activate|p1a: Rayquaza|move: Substitute|[damage]
|
|upkeep
|turn|7
|
|t:|1655620137
|detailschange|p1a: Rayquaza|Rayquaza-Mega
|-mega|p1a: Rayquaza|Rayquaza|
|-weather|DeltaStream|[from] ability: Delta Stream|[of] p1a: Rayquaza
|move|p1a: Rayquaza|Extreme Speed|p2a: Bruh
|-resisted|p2a: Bruh
|-damage|p2a: Bruh|57/100
|-damage|p1a: Rayquaza|59/100|[from] item: Rocky Helmet|[of] p2a: Bruh
|move|p2a: Bruh|Knock Off|p1a: Rayquaza
|-activate|p1a: Rayquaza|move: Substitute|[damage]
|
|-weather|DeltaStream|[upkeep]
|upkeep
|turn|8
|c|☆Jojoestar Belmont|WOW
|
|t:|1655620148
|move|p1a: Rayquaza|Dragon Ascent|p2a: Bruh
|-damage|p2a: Bruh|0 fnt
|-unboost|p1a: Rayquaza|def|1
|-unboost|p1a: Rayquaza|spd|1
|-damage|p1a: Rayquaza|43/100|[from] item: Rocky Helmet|[of] p2a: Bruh
|-enditem|p1a: Rayquaza|Sitrus Berry|[eat]
|-heal|p1a: Rayquaza|67/100|[from] item: Sitrus Berry
|faint|p2a: Bruh
|
|-weather|DeltaStream|[upkeep]
|upkeep
|c|☆Lobsterboi9|ggs my bruv
|
|t:|1655620158
|switch|p2a: Star platinum|Marshadow|100/100
|turn|9
|
|t:|1655620163
|move|p1a: Rayquaza|Dragon Ascent|p2a: Star platinum
|-supereffective|p2a: Star platinum
|-enditem|p2a: Star platinum|Focus Sash
|-damage|p2a: Star platinum|1/100
|-unboost|p1a: Rayquaza|def|1
|-unboost|p1a: Rayquaza|spd|1
|move|p2a: Star platinum|Spectral Thief||[still]
|-clearpositiveboost|p1a: Rayquaza|p2a: Star platinum|move: Spectral Thief
|-boost|p2a: Star platinum|atk|6
|-boost|p2a: Star platinum|spe|4
|-anim|p2a: Star platinum|Spectral Thief|p1a: Rayquaza
|-crit|p1a: Rayquaza
|-damage|p1a: Rayquaza|0 fnt
|faint|p1a: Rayquaza
|-weather|none
|
|upkeep
|c|☆Lobsterboi9|WAIT WHAT
|c|☆Lobsterboi9|WHAT
|c|☆Lobsterboi9|WHAAAAAAATTTT
|c|☆Jojoestar Belmont|hahahah thanx
|inactive|Lobsterboi9 has 120 seconds left.
|
|t:|1655620204
|switch|p1a: Malamar|Malamar, M|100/100
|-activate|p1a: Malamar|move: Sticky Web
|-boost|p1a: Malamar|spe|1
|-damage|p1a: Malamar|88/100|[from] Stealth Rock
|turn|10
|
|t:|1655620213
|move|p2a: Star platinum|Drain Punch|p1a: Malamar
|-damage|p1a: Malamar|0 fnt
|-heal|p2a: Star platinum|52/100|[from] drain|[of] p1a: Malamar
|faint|p1a: Malamar
|
|upkeep
|inactive|Lobsterboi9 has 120 seconds left.
|
|t:|1655620222
|switch|p1a: Grimmsnarl|Grimmsnarl, M|100/100
|-activate|p1a: Grimmsnarl|move: Sticky Web
|-unboost|p1a: Grimmsnarl|spe|1
|-damage|p1a: Grimmsnarl|88/100|[from] Stealth Rock
|turn|11
|
|t:|1655620228
|move|p1a: Grimmsnarl|Thunder Wave|p2a: Star platinum
|-status|p2a: Star platinum|par
|move|p2a: Star platinum|Drain Punch|p1a: Grimmsnarl
|-damage|p1a: Grimmsnarl|0 fnt
|-heal|p2a: Star platinum|100/100 par|[from] drain|[of] p1a: Grimmsnarl
|faint|p1a: Grimmsnarl
|
|upkeep
|
|t:|1655620236
|switch|p1a: Kyogre|Kyogre|100/100
|-activate|p1a: Kyogre|move: Sticky Web
|-unboost|p1a: Kyogre|spe|1
|-damage|p1a: Kyogre|88/100|[from] Stealth Rock
|detailschange|p1a: Kyogre|Kyogre-Primal
|-primal|p1a: Kyogre
|-weather|PrimordialSea|[from] ability: Primordial Sea|[of] p1a: Kyogre
|turn|12
|c|☆Lobsterboi9|please
|
|t:|1655620243
|move|p2a: Star platinum|Drain Punch|p1a: Kyogre
|-damage|p1a: Kyogre|0 fnt
|faint|p1a: Kyogre
|-weather|none
|
|upkeep
|c|☆Lobsterboi9|PARALYZE
|c|☆Lobsterboi9|MF
|
|t:|1655620249
|switch|p1a: Blaziken|Blaziken, M|74/100
|-activate|p1a: Blaziken|move: Sticky Web
|-unboost|p1a: Blaziken|spe|1
|-damage|p1a: Blaziken|61/100|[from] Stealth Rock
|turn|13
|
|t:|1655620258
|move|p2a: Star platinum|Drain Punch|p1a: Blaziken
|-damage|p1a: Blaziken|0 fnt
|faint|p1a: Blaziken
|
|upkeep
|c|☆Lobsterboi9|PARALYZE YOU PIECE OF SHIT
|
|t:|1655620263
|switch|p1a: Mewtwo|Mewtwo|100/100
|-activate|p1a: Mewtwo|move: Sticky Web
|-unboost|p1a: Mewtwo|spe|1
|-damage|p1a: Mewtwo|88/100|[from] Stealth Rock
|-ability|p1a: Mewtwo|Pressure
|turn|14
|
|t:|1655620271
|-start|p1a: Mewtwo|Dynamax|
|-heal|p1a: Mewtwo|88/100|[silent]
|move|p2a: Star platinum|Spectral Thief|p1a: Mewtwo
|-supereffective|p1a: Mewtwo
|-damage|p1a: Mewtwo|0 fnt
|faint|p1a: Mewtwo
|
|win|Jojoestar Belmont
|raw|Lobsterboi9's rating: 1314 &rarr; <strong>1300</strong><br />(-14 for losing)
|raw|Jojoestar Belmont's rating: 1428 &rarr; <strong>1442</strong><br />(+14 for winning)
|c|☆Lobsterboi9|ggs
|c|☆Lobsterboi9|to you
|c|☆Jojoestar Belmont|same
|c|☆Jojoestar Belmont|gg
|l|☆Lobsterboi9
