|j|☆TemmieUndertwale
|j|☆showdownplayer#1
|t:|1663904061
|gametype|singles
|player|p1|TemmieUndertwale|iris-gen5bw2|
|player|p2|showdownplayer#1|1|
|teamsize|p1|6
|teamsize|p2|6
|gen|8
|tier|[Gen 8] National Dex AG
|rule|HP Percentage Mod: HP is shown in percentages
|rule|Endless Battle Clause: Forcing endless battles is banned
|clearpoke
|poke|p1|Charizard, M|
|poke|p1|Kartana|
|poke|p1|Darkrai|
|poke|p1|Buzzwole|
|poke|p1|Lunala|
|poke|p1|Landorus-Therian, M|
|poke|p2|Weavile, F|
|poke|p2|Kartana|
|poke|p2|Kyurem-Black|
|poke|p2|Landorus-Therian, M|
|poke|p2|Scizor, F|
|poke|p2|Darkrai|
|teampreview
|inactive|Battle timer is ON: inactive players will automatically lose when time's up. (requested by showdownplayer#1)
|c|☆TemmieUndertwale|hi
|
|t:|1663904083
|start
|switch|p1a: Kartana|Kartana|100/100
|switch|p2a: Kyurem|Kyurem-Black|100/100
|-ability|p2a: Kyurem|Teravolt
|turn|1
|c|☆showdownplayer#1|Shit I screwed up Rai
|
|t:|1663904089
|move|p1a: Kartana|Sacred Sword|p2a: Kyurem
|-supereffective|p2a: Kyurem
|-damage|p2a: Kyurem|31/100
|move|p2a: Kyurem|Dragon Dance|p2a: Kyurem
|-boost|p2a: Kyurem|atk|1
|-boost|p2a: Kyurem|spe|1
|
|upkeep
|turn|2
|
|t:|1663904093
|move|p1a: Kartana|Sacred Sword|p2a: Kyurem
|-supereffective|p2a: Kyurem
|-damage|p2a: Kyurem|0 fnt
|faint|p2a: Kyurem
|-ability|p1a: Kartana|Beast Boost|boost
|-boost|p1a: Kartana|atk|1
|
|upkeep
|
|t:|1663904095
|switch|p2a: Darkrai|Darkrai|100/100
|turn|3
|c|☆TemmieUndertwale|im faster
|
|t:|1663904098
|move|p2a: Darkrai|Dark Pulse|p1a: Kartana
|-damage|p1a: Kartana|0 fnt
|faint|p1a: Kartana
|
|upkeep
|c|☆TemmieUndertwale|ah what the fuck
|
|t:|1663904113
|switch|p1a: Landorus|Landorus-Therian, M|100/100
|-ability|p1a: Landorus|Intimidate|boost
|-unboost|p2a: Darkrai|atk|1
|turn|4
|
|t:|1663904121
|move|p2a: Darkrai|Dark Pulse|p1a: Landorus
|-damage|p1a: Landorus|64/100
|move|p1a: Landorus|U-turn|p2a: Darkrai
|-supereffective|p2a: Darkrai
|-crit|p2a: Darkrai
|-damage|p2a: Darkrai|17/100
|c|☆TemmieUndertwale|hella that was scary af.
|
|t:|1663904129
|switch|p1a: Darkrai|Darkrai|100/100|[from]move: U-turn
|
|upkeep
|turn|5
|
|t:|1663904135
|switch|p2a: Landorus|Landorus-Therian, M|100/100
|-ability|p2a: Landorus|Intimidate|boost
|-unboost|p1a: Darkrai|atk|1
|move|p1a: Darkrai|Ice Beam|p2a: Landorus
|-supereffective|p2a: Landorus
|-damage|p2a: Landorus|0 fnt
|faint|p2a: Landorus
|-damage|p1a: Darkrai|91/100|[from] item: Life Orb
|
|upkeep
|
|t:|1663904139
|switch|p2a: Weavile|Weavile, F|100/100
|-ability|p2a: Weavile|Pressure
|turn|6
|c|☆TemmieUndertwale|lol
|
|t:|1663904143
|switch|p1a: Buzzwole|Buzzwole|100/100
|move|p2a: Weavile|Beat Up|p1a: Buzzwole
|-resisted|p1a: Buzzwole
|-damage|p1a: Buzzwole|98/100
|-resisted|p1a: Buzzwole
|-damage|p1a: Buzzwole|94/100
|-resisted|p1a: Buzzwole
|-damage|p1a: Buzzwole|91/100
|-resisted|p1a: Buzzwole
|-damage|p1a: Buzzwole|88/100
|-hitcount|p1a: Buzzwole|4
|
|upkeep
|turn|7
|
|t:|1663904148
|switch|p2a: Darkrai|Darkrai|17/100
|move|p1a: Buzzwole|Close Combat|p2a: Darkrai
|-supereffective|p2a: Darkrai
|-damage|p2a: Darkrai|0 fnt
|-unboost|p1a: Buzzwole|def|1
|-unboost|p1a: Buzzwole|spd|1
|faint|p2a: Darkrai
|-ability|p1a: Buzzwole|Beast Boost|boost
|-boost|p1a: Buzzwole|def|1
|
|upkeep
|
|t:|1663904152
|switch|p2a: Scizor|Scizor, F|100/100
|turn|8
|
|t:|1663904169
|detailschange|p2a: Scizor|Scizor-Mega, F
|-mega|p2a: Scizor|Scizor|Scizorite
|move|p1a: Buzzwole|Roost|p1a: Buzzwole
|-heal|p1a: Buzzwole|100/100
|-singleturn|p1a: Buzzwole|move: Roost
|move|p2a: Scizor|Dual Wingbeat|p1a: Buzzwole
|-supereffective|p1a: Buzzwole
|-damage|p1a: Buzzwole|50/100
|-damage|p2a: Scizor|84/100|[from] item: Rocky Helmet|[of] p1a: Buzzwole
|-supereffective|p1a: Buzzwole
|-crit|p1a: Buzzwole
|-damage|p1a: Buzzwole|0 fnt
|-damage|p2a: Scizor|67/100|[from] item: Rocky Helmet|[of] p1a: Buzzwole
|faint|p1a: Buzzwole
|-hitcount|p1: Buzzwole|2
|
|upkeep
|
|t:|1663904177
|switch|p1a: Charizard|Charizard, M, shiny|100/100
|turn|9
|
|t:|1663904182
|detailschange|p1a: Charizard|Charizard-Mega-X, M, shiny
|-mega|p1a: Charizard|Charizard|Charizardite X
|move|p1a: Charizard|Fire Punch|p2a: Scizor
|-supereffective|p2a: Scizor
|-damage|p2a: Scizor|0 fnt
|faint|p2a: Scizor
|
|upkeep
|c|☆TemmieUndertwale|GRAAA
|
|t:|1663904191
|switch|p2a: Weavile|Weavile, F|100/100
|-ability|p2a: Weavile|Pressure
|turn|10
|c|☆TemmieUndertwale|not losing now
|inactive|TemmieUndertwale has 270 seconds left.
|
|t:|1663904221
|switch|p1a: Landorus|Landorus-Therian, M|64/100
|-ability|p1a: Landorus|Intimidate|boost
|-unboost|p2a: Weavile|atk|1
|move|p2a: Weavile|Triple Axel|p1a: Landorus
|-supereffective|p1a: Landorus
|-damage|p1a: Landorus|22/100
|-supereffective|p1a: Landorus
|-damage|p1a: Landorus|0 fnt
|faint|p1a: Landorus
|-hitcount|p1: Landorus|2
|
|upkeep
|c|☆showdownplayer#1|It would be kind of funny if you lost now. But I don't necessarily think you are
|inactive|TemmieUndertwale has 270 seconds left.
|
|t:|1663904227
|switch|p1a: Charizard|Charizard-Mega-X, M, shiny|100/100
|turn|11
|
|t:|1663904229
|move|p2a: Weavile|Triple Axel|p1a: Charizard
|-damage|p1a: Charizard|90/100
|-damage|p1a: Charizard|68/100
|-damage|p1a: Charizard|34/100
|-hitcount|p1a: Charizard|3
|move|p1a: Charizard|Dragon Dance|p1a: Charizard
|-boost|p1a: Charizard|atk|1
|-boost|p1a: Charizard|spe|1
|
|upkeep
|turn|12
|inactive|TemmieUndertwale has 270 seconds left.
|
|t:|1663904251
|move|p1a: Charizard|Fire Punch|p2a: Weavile
|-supereffective|p2a: Weavile
|-damage|p2a: Weavile|0 fnt
|faint|p2a: Weavile
|
|upkeep
|
|t:|1663904254
|switch|p2a: Kartana|Kartana|100/100
|turn|13
|c|☆TemmieUndertwale|i dunno i think i lose
|
|t:|1663904263
|move|p2a: Kartana|Knock Off|p1a: Charizard
|-damage|p1a: Charizard|4/100
|move|p1a: Charizard|Roost|p1a: Charizard
|-heal|p1a: Charizard|54/100
|-singleturn|p1a: Charizard|move: Roost
|
|upkeep
|turn|14
|
|t:|1663904267
|move|p2a: Kartana|Knock Off|p1a: Charizard
|-damage|p1a: Charizard|24/100
|move|p1a: Charizard|Fire Punch|p2a: Kartana
|-supereffective|p2a: Kartana
|-damage|p2a: Kartana|0 fnt
|faint|p2a: Kartana
|
|win|TemmieUndertwale
|c|☆TemmieUndertwale|woo
|c|☆TemmieUndertwale|gg
|c|☆showdownplayer#1|Ah GG
|c|☆TemmieUndertwale|ggwp
|c|☆TemmieUndertwale|Char X is decemt here zamn.
|c|☆showdownplayer#1|Now that my Rai has multiple moves I think I can do better
|c|☆TemmieUndertwale|also thank god i lived banded t axle
|c|☆showdownplayer#1|-1 banded taxle
|c|☆TemmieUndertwale|yeah
|l|☆showdownplayer#1
|c|☆TemmieUndertwale|well i gtg
|l|☆TemmieUndertwale
|j|☆TemmieUndertwale
|player|p1|TemmieUndertwale|iris-gen5bw2
