|j|☆wafflecone67
|j|☆MehicTUH_92
|t:|1667150619
|gametype|singles
|player|p1|wafflecone67|1|1720
|player|p2|MehicTUH_92|yellow|1770
|teamsize|p1|6
|teamsize|p2|6
|gen|8
|tier|[Gen 8] National Dex AG
|rated|
|rule|HP Percentage Mod: HP is shown in percentages
|rule|Endless Battle Clause: Forcing endless battles is banned
|clearpoke
|poke|p1|Scolipede, M|
|poke|p1|Smeargle, M|
|poke|p1|Magearna|
|poke|p1|Smeargle, M|
|poke|p1|Espeon, F|
|poke|p1|Mr. Mime, M|
|poke|p2|Zacian-*|
|poke|p2|Arceus-*|
|poke|p2|Arceus-*|
|poke|p2|Necrozma-Dusk-Mane|
|poke|p2|Ho-Oh|
|poke|p2|Rayquaza|
|teampreview
|
|t:|1667150632
|start
|switch|p1a: Scolipede|Scolipede, M|100/100
|switch|p2a: Ho-Oh|Ho-Oh|100/100
|turn|1
|
|t:|1667150640
|move|p1a: Scolipede|Protect|p1a: Scolipede
|-singleturn|p1a: Scolipede|Protect
|move|p2a: Ho-Oh|Sacred Fire|p1a: Scolipede
|-activate|p1a: Scolipede|move: Protect
|
|-ability|p1a: Scolipede|Speed Boost|boost
|-boost|p1a: Scolipede|spe|1
|upkeep
|turn|2
|
|t:|1667150644
|move|p1a: Scolipede|Baton Pass|p1a: Scolipede
|
|t:|1667150646
|switch|p1a: Espeon|Espeon, F|100/100|[from]move: Baton Pass
|move|p2a: Ho-Oh|Whirlwind|p1a: Espeon
|move|p1a: Espeon|Whirlwind|p2a: Ho-Oh|[from]ability: Magic Bounce
|drag|p2a: Rayquaza|Rayquaza|100/100
|-ability|p2a: Rayquaza|Air Lock
|
|upkeep
|turn|3
|
|t:|1667150648
|detailschange|p2a: Rayquaza|Rayquaza-Mega
|-mega|p2a: Rayquaza|Rayquaza|
|-weather|DeltaStream|[from] ability: Delta Stream|[of] p2a: Rayquaza
|move|p1a: Espeon|Baton Pass|p1a: Espeon
|
|t:|1667150653
|switch|p1a: labrys|Magearna|100/100|[from]move: Baton Pass
|move|p2a: Rayquaza|Dragon Ascent|p1a: labrys
|-resisted|p1a: labrys
|-damage|p1a: labrys|47/100
|-unboost|p2a: Rayquaza|def|1
|-unboost|p2a: Rayquaza|spd|1
|-damage|p2a: Rayquaza|91/100|[from] item: Life Orb
|
|-weather|DeltaStream|[upkeep]
|upkeep
|turn|4
|
|t:|1667150656
|switch|p1a: Espeon|Espeon, F|100/100
|move|p2a: Rayquaza|V-create|p1a: Espeon
|-damage|p1a: Espeon|0 fnt
|-unboost|p2a: Rayquaza|spe|1
|-unboost|p2a: Rayquaza|def|1
|-unboost|p2a: Rayquaza|spd|1
|faint|p1a: Espeon
|-damage|p2a: Rayquaza|81/100|[from] item: Life Orb
|
|-weather|DeltaStream|[upkeep]
|upkeep
|
|t:|1667150661
|switch|p1a: Smeargle|Smeargle, M|100/100
|turn|5
|
|t:|1667150664
|move|p2a: Rayquaza|Extreme Speed|p1a: Smeargle
|-damage|p1a: Smeargle|13/100
|-damage|p2a: Rayquaza|71/100|[from] item: Life Orb
|move|p1a: Smeargle|Spore|p2a: Rayquaza
|-status|p2a: Rayquaza|slp|[from] move: Spore
|
|-weather|DeltaStream|[upkeep]
|-ability|p1a: Smeargle|Moody|boost
|-boost|p1a: Smeargle|spd|2
|-unboost|p1a: Smeargle|def|1
|upkeep
|turn|6
|
|t:|1667150670
|-weather|none
|switch|p2a: Zacian|Zacian-Crowned|100/100
|-ability|p2a: Zacian|Intrepid Sword|boost
|-boost|p2a: Zacian|atk|1
|move|p1a: Smeargle|Baton Pass|p1a: Smeargle
|
|t:|1667150672
|switch|p1a: Scolipede|Scolipede, M|100/100|[from]move: Baton Pass
|
|upkeep
|turn|7
|
|t:|1667150676
|move|p1a: Scolipede|Protect|p1a: Scolipede
|-singleturn|p1a: Scolipede|Protect
|move|p2a: Zacian|Behemoth Blade|p1a: Scolipede
|-activate|p1a: Scolipede|move: Protect
|
|-ability|p1a: Scolipede|Speed Boost|boost
|-boost|p1a: Scolipede|spe|1
|upkeep
|turn|8
|
|t:|1667150678
|move|p1a: Scolipede|Iron Defense|p1a: Scolipede
|-boost|p1a: Scolipede|def|2
|move|p2a: Zacian|Behemoth Blade|p1a: Scolipede
|-damage|p1a: Scolipede|28/100
|
|-ability|p1a: Scolipede|Speed Boost|boost
|-boost|p1a: Scolipede|spe|1
|upkeep
|turn|9
|
|t:|1667150686
|move|p1a: Scolipede|Protect|p1a: Scolipede
|-singleturn|p1a: Scolipede|Protect
|move|p2a: Zacian|Behemoth Blade|p1a: Scolipede
|-activate|p1a: Scolipede|move: Protect
|
|-ability|p1a: Scolipede|Speed Boost|boost
|-boost|p1a: Scolipede|spe|1
|upkeep
|turn|10
|
|t:|1667150690
|move|p1a: Scolipede|Substitute|p1a: Scolipede
|-start|p1a: Scolipede|Substitute
|-damage|p1a: Scolipede|3/100
|move|p2a: Zacian|Behemoth Blade|p1a: Scolipede
|-end|p1a: Scolipede|Substitute
|
|-ability|p1a: Scolipede|Speed Boost|boost
|-boost|p1a: Scolipede|spe|1
|upkeep
|turn|11
|inactive|Battle timer is ON: inactive players will automatically lose when time's up. (requested by wafflecone67)
|
|t:|1667150698
|move|p1a: Scolipede|Baton Pass|p1a: Scolipede
|
|t:|1667150701
|switch|p1a: Smeargle|Smeargle, M|100/100|[from]move: Baton Pass
|move|p2a: Zacian|Behemoth Blade|p1a: Smeargle
|-damage|p1a: Smeargle|0 fnt
|faint|p1a: Smeargle
|
|upkeep
|-message|wafflecone67 forfeited.
|
|win|MehicTUH_92
|raw|wafflecone67's rating: 1720 &rarr; <strong>1703</strong><br />(-17 for losing)
|raw|MehicTUH_92's rating: 1770 &rarr; <strong>1787</strong><br />(+17 for winning)
|l|☆wafflecone67
