|j|☆700club
|j|☆Sir John Moses
|t:|1667247288
|gametype|singles
|player|p1|700club|shadowtriad|1600
|player|p2|Sir John Moses|pokemaniac|1635
|teamsize|p1|6
|teamsize|p2|6
|gen|8
|tier|[Gen 8] National Dex AG
|rated|
|rule|HP Percentage Mod: HP is shown in percentages
|rule|Endless Battle Clause: Forcing endless battles is banned
|clearpoke
|poke|p1|Lapras, F|
|poke|p1|Rayquaza|
|poke|p1|Ditto|
|poke|p1|Smeargle, M|
|poke|p1|Necrozma-Dusk-Mane|
|poke|p1|Zacian-*|
|poke|p2|Arceus-*|
|poke|p2|Calyrex-Shadow|
|poke|p2|Yveltal|
|poke|p2|Groudon|
|poke|p2|Necrozma-Dusk-Mane|
|poke|p2|Rayquaza|
|teampreview
|c|☆700club|hi
|
|t:|1667247308
|start
|switch|p1a: Zacian|Zacian-Crowned|100/100
|switch|p2a: Anomander Rake|Calyrex-Shadow|100/100
|-ability|p2a: Anomander Rake|As One
|-ability|p2a: Anomander Rake|Unnerve
|-ability|p1a: Zacian|Intrepid Sword|boost
|-boost|p1a: Zacian|atk|1
|turn|1
|
|t:|1667247320
|move|p2a: Anomander Rake|Substitute|p2a: Anomander Rake
|-start|p2a: Anomander Rake|Substitute
|-damage|p2a: Anomander Rake|76/100
|move|p1a: Zacian|Behemoth Blade|p2a: Anomander Rake
|-end|p2a: Anomander Rake|Substitute
|
|upkeep
|turn|2
|
|t:|1667247326
|switch|p2a: Severus|Necrozma-Dusk-Mane|100/100
|move|p1a: Zacian|Behemoth Blade|p2a: Severus
|-resisted|p2a: Severus
|-damage|p2a: Severus|76/100
|-damage|p1a: Zacian|84/100|[from] item: Rocky Helmet|[of] p2a: Severus
|
|upkeep
|turn|3
|c|☆Sir John Moses|espanol?
|c|☆700club|nope sorry
|
|t:|1667247340
|move|p1a: Zacian|Close Combat|p2a: Severus
|-damage|p2a: Severus|39/100
|-unboost|p1a: Zacian|def|1
|-unboost|p1a: Zacian|spd|1
|-damage|p1a: Zacian|67/100|[from] item: Rocky Helmet|[of] p2a: Severus
|move|p2a: Severus|Thunder Wave|p1a: Zacian
|-status|p1a: Zacian|par
|
|upkeep
|turn|4
|c|☆Sir John Moses|ingles?
|c|☆700club|yea
|
|t:|1667247356
|move|p1a: Zacian|Close Combat|p2a: Severus
|-damage|p2a: Severus|2/100
|-unboost|p1a: Zacian|def|1
|-unboost|p1a: Zacian|spd|1
|-damage|p1a: Zacian|51/100 par|[from] item: Rocky Helmet|[of] p2a: Severus
|move|p2a: Severus|Morning Sun|p2a: Severus
|-heal|p2a: Severus|52/100
|
|upkeep
|turn|5
|c|☆Sir John Moses|i talk some ingles
|c|☆700club|cool
|
|t:|1667247368
|move|p1a: Zacian|Wild Charge|p2a: Severus
|-damage|p2a: Severus|24/100
|-damage|p1a: Zacian|34/100 par|[from] item: Rocky Helmet|[of] p2a: Severus
|-damage|p1a: Zacian|25/100 par|[from] Recoil
|move|p2a: Severus|Morning Sun|p2a: Severus
|-heal|p2a: Severus|74/100
|
|upkeep
|turn|6
|
|t:|1667247376
|cant|p1a: Zacian|par
|move|p2a: Severus|Morning Sun|p2a: Severus
|-heal|p2a: Severus|100/100
|
|upkeep
|turn|7
|
|t:|1667247386
|switch|p2a: Godzilla|Groudon|100/100
|detailschange|p2a: Godzilla|Groudon-Primal
|-primal|p2a: Godzilla
|-weather|DesolateLand|[from] ability: Desolate Land|[of] p2a: Godzilla
|move|p1a: Zacian|Wild Charge|p2a: Godzilla
|-immune|p2a: Godzilla
|
|-weather|DesolateLand|[upkeep]
|upkeep
|turn|8
|
|t:|1667247395
|move|p2a: Godzilla|Stealth Rock|p1a: Zacian
|-sidestart|p1: 700club|move: Stealth Rock
|move|p1a: Zacian|Close Combat|p2a: Godzilla
|-damage|p2a: Godzilla|70/100
|-unboost|p1a: Zacian|def|1
|-unboost|p1a: Zacian|spd|1
|
|-weather|DesolateLand|[upkeep]
|upkeep
|turn|9
|
|t:|1667247407
|move|p1a: Zacian|Behemoth Blade|p2a: Godzilla
|-resisted|p2a: Godzilla
|-damage|p2a: Godzilla|47/100
|move|p2a: Godzilla|Roar|p1a: Zacian
|drag|p1a: Smeargle|Smeargle, M|100/100
|-damage|p1a: Smeargle|88/100|[from] Stealth Rock
|
|-weather|DesolateLand|[upkeep]
|-heal|p1a: Smeargle|94/100|[from] item: Leftovers
|-ability|p1a: Smeargle|Moody|boost
|-boost|p1a: Smeargle|spd|2
|-unboost|p1a: Smeargle|spe|1
|upkeep
|turn|10
|
|t:|1667247421
|move|p2a: Godzilla|Earthquake|p1a: Smeargle
|-damage|p1a: Smeargle|0 fnt
|faint|p1a: Smeargle
|
|-weather|DesolateLand|[upkeep]
|upkeep
|
|t:|1667247432
|switch|p1a: Rayquaza|Rayquaza|100/100
|-damage|p1a: Rayquaza|76/100|[from] Stealth Rock
|-ability|p1a: Rayquaza|Air Lock
|turn|11
|c|☆Sir John Moses|i do not like smeargle
|c|☆Sir John Moses|smearlges es no bueno
|c|☆Sir John Moses|easy to play against
|c|☆700club|i understand
|c|☆Sir John Moses|bad pokemon
|
|t:|1667247458
|detailschange|p1a: Rayquaza|Rayquaza-Mega
|-mega|p1a: Rayquaza|Rayquaza|
|-weather|DeltaStream|[from] ability: Delta Stream|[of] p1a: Rayquaza
|move|p1a: Rayquaza|Dragon Ascent|p2a: Godzilla
|-damage|p2a: Godzilla|1/100
|-unboost|p1a: Rayquaza|def|1
|-unboost|p1a: Rayquaza|spd|1
|-damage|p1a: Rayquaza|66/100|[from] item: Life Orb
|move|p2a: Godzilla|Roar|p1a: Rayquaza
|-weather|none
|drag|p1a: Zacian|Zacian-Crowned|25/100 par
|-damage|p1a: Zacian|19/100 par|[from] Stealth Rock
|-ability|p1a: Zacian|Intrepid Sword|boost
|-boost|p1a: Zacian|atk|1
|
|upkeep
|turn|12
|
|t:|1667247477
|move|p2a: Godzilla|Earthquake|p1a: Zacian
|-supereffective|p1a: Zacian
|-damage|p1a: Zacian|0 fnt
|faint|p1a: Zacian
|
|upkeep
|
|t:|1667247486
|switch|p1a: Rayquaza|Rayquaza-Mega|66/100
|-damage|p1a: Rayquaza|41/100|[from] Stealth Rock
|-weather|DeltaStream|[from] ability: Delta Stream|[of] p1a: Rayquaza
|turn|13
|
|t:|1667247495
|move|p1a: Rayquaza|Dragon Ascent|p2a: Godzilla
|-damage|p2a: Godzilla|0 fnt
|-unboost|p1a: Rayquaza|def|1
|-unboost|p1a: Rayquaza|spd|1
|faint|p2a: Godzilla
|-damage|p1a: Rayquaza|31/100|[from] item: Life Orb
|
|-weather|DeltaStream|[upkeep]
|upkeep
|
|t:|1667247510
|switch|p2a: Pink God|Arceus-Fairy|100/100
|turn|14
|
|t:|1667247524
|move|p1a: Rayquaza|Dragon Ascent|p2a: Pink God
|-damage|p2a: Pink God|13/100
|-unboost|p1a: Rayquaza|def|1
|-unboost|p1a: Rayquaza|spd|1
|-damage|p1a: Rayquaza|21/100|[from] item: Life Orb
|move|p2a: Pink God|Judgment|p1a: Rayquaza
|-supereffective|p1a: Rayquaza
|-damage|p1a: Rayquaza|0 fnt
|faint|p1a: Rayquaza
|-weather|none
|
|upkeep
|
|t:|1667247536
|switch|p1a: Necrozma|Necrozma-Dusk-Mane|100/100
|-damage|p1a: Necrozma|95/100|[from] Stealth Rock
|turn|15
|
|t:|1667247552
|switch|p2a: Severus|Necrozma-Dusk-Mane|100/100
|move|p1a: Necrozma|Dragon Dance|p1a: Necrozma
|-boost|p1a: Necrozma|atk|1
|-boost|p1a: Necrozma|spe|1
|
|upkeep
|turn|16
|
|t:|1667247570
|detailschange|p1a: Necrozma|Necrozma-Ultra
|-burst|p1a: Necrozma|Necrozma|Ultranecrozium Z
|move|p1a: Necrozma|Earthquake|p2a: Severus
|-supereffective|p2a: Severus
|-damage|p2a: Severus|35/100
|move|p2a: Severus|Thunder Wave|p1a: Necrozma|[miss]
|-miss|p2a: Severus|p1a: Necrozma
|
|upkeep
|turn|17
|c|☆Sir John Moses|necrozma good pokemon
|c|☆Sir John Moses|very good
|c|☆Sir John Moses|many sets
|c|☆700club|yeah
|c|☆700club|much coverage too
|c|☆Sir John Moses|difficult to play against
|
|t:|1667247593
|move|p1a: Necrozma|Earthquake|p2a: Severus
|-supereffective|p2a: Severus
|-damage|p2a: Severus|0 fnt
|faint|p2a: Severus
|
|upkeep
|
|t:|1667247609
|switch|p2a: Silver Wing|Yveltal, shiny|100/100
|-ability|p2a: Silver Wing|Dark Aura
|turn|18
|
|t:|1667247615
|move|p2a: Silver Wing|Sucker Punch|p1a: Necrozma
|-supereffective|p1a: Necrozma
|-damage|p1a: Necrozma|15/100
|move|p1a: Necrozma|Stone Edge|p2a: Silver Wing
|-supereffective|p2a: Silver Wing
|-damage|p2a: Silver Wing|0 fnt
|faint|p2a: Silver Wing
|
|upkeep
|
|t:|1667247628
|switch|p2a: Mr. Wiggles|Rayquaza|100/100
|-ability|p2a: Mr. Wiggles|Air Lock
|turn|19
|
|t:|1667247638
|move|p2a: Mr. Wiggles|Extreme Speed|p1a: Necrozma
|-damage|p1a: Necrozma|0 fnt
|faint|p1a: Necrozma
|-damage|p2a: Mr. Wiggles|91/100|[from] item: Life Orb
|
|upkeep
|
|t:|1667247646
|switch|p1a: Ditto|Ditto|100/100
|-damage|p1a: Ditto|88/100|[from] Stealth Rock
|-transform|p1a: Ditto|p2a: Mr. Wiggles|[from] ability: Imposter
|turn|20
|c|☆Sir John Moses|ditto also good mon
|c|☆Sir John Moses|annoying. very annoying. but good.
|
|t:|1667247684
|detailschange|p2a: Mr. Wiggles|Rayquaza-Mega
|-mega|p2a: Mr. Wiggles|Rayquaza|
|-weather|DeltaStream|[from] ability: Delta Stream|[of] p2a: Mr. Wiggles
|move|p2a: Mr. Wiggles|Extreme Speed|p1a: Ditto
|-damage|p1a: Ditto|24/100
|-damage|p2a: Mr. Wiggles|81/100|[from] item: Life Orb
|move|p1a: Ditto|Dragon Ascent|p2a: Mr. Wiggles
|-damage|p2a: Mr. Wiggles|10/100
|-unboost|p1a: Ditto|def|1
|-unboost|p1a: Ditto|spd|1
|
|-weather|DeltaStream|[upkeep]
|upkeep
|turn|21
|
|t:|1667247699
|move|p2a: Mr. Wiggles|Extreme Speed|p1a: Ditto
|-damage|p1a: Ditto|0 fnt
|faint|p1a: Ditto
|-damage|p2a: Mr. Wiggles|0 fnt|[from] item: Life Orb
|faint|p2a: Mr. Wiggles
|-weather|none
|
|upkeep
|
|t:|1667247706
|switch|p2a: Pink God|Arceus-Fairy|13/100
|switch|p1a: Lapras|Lapras, F|100/100
|turn|22
|c|☆700club|am i dead...?
|
|t:|1667247721
|-start|p1a: Lapras|Dynamax|Gmax
|-heal|p1a: Lapras|100/100|[silent]
|move|p2a: Pink God|Recover|p2a: Pink God
|-heal|p2a: Pink God|63/100
|move|p1a: Lapras|G-Max Resonance|p2a: Pink God
|-damage|p2a: Pink God|43/100
|-sidestart|p1: 700club|move: Aurora Veil
|
|upkeep
|turn|23
|c|☆700club|yea
|c|☆Sir John Moses|i think yes you do not win
|
|t:|1667247731
|move|p2a: Pink God|Recover|p2a: Pink God
|-heal|p2a: Pink God|93/100
|move|p1a: Lapras|G-Max Resonance|p2a: Pink God
|-damage|p2a: Pink God|72/100
|
|upkeep
|turn|24
|c|☆700club|nice man
|c|☆Sir John Moses|lapras gmax good early for screen
|c|☆Sir John Moses|bad late game
|
|t:|1667247748
|move|p2a: Pink God|Recover|p2a: Pink God
|-heal|p2a: Pink God|100/100
|move|p1a: Lapras|G-Max Resonance|p2a: Pink God
|-damage|p2a: Pink God|80/100
|
|upkeep
|-end|p1a: Lapras|Dynamax
|-heal|p1a: Lapras|100/100|[silent]
|turn|25
|c|☆700club|yeah lol
|c|☆Sir John Moses|good spd but little damage
|c|☆700club|too bad
|
|t:|1667247763
|move|p2a: Pink God|Calm Mind|p2a: Pink God
|-boost|p2a: Pink God|spa|1
|-boost|p2a: Pink God|spd|1
|move|p1a: Lapras|Toxic|p2a: Pink God|[miss]
|-miss|p1a: Lapras|p2a: Pink God
|
|upkeep
|turn|26
|
|t:|1667247769
|move|p2a: Pink God|Calm Mind|p2a: Pink God
|-boost|p2a: Pink God|spa|1
|-boost|p2a: Pink God|spd|1
|move|p1a: Lapras|Toxic|p2a: Pink God
|-status|p2a: Pink God|tox
|
|-damage|p2a: Pink God|74/100 tox|[from] psn
|-sideend|p1: 700club|move: Aurora Veil
|upkeep
|turn|27
|
|t:|1667247779
|move|p2a: Pink God|Refresh|p2a: Pink God
|-curestatus|p2a: Pink God|tox|[msg]
|move|p1a: Lapras|Sheer Cold|p2a: Pink God
|-damage|p2a: Pink God|0 fnt
|faint|p2a: Pink God
|-ohko
|
|upkeep
|c|☆700club|gg
|c|☆Sir John Moses|o.
|
|t:|1667247790
|switch|p2a: Anomander Rake|Calyrex-Shadow|76/100
|-ability|p2a: Anomander Rake|As One
|-ability|p2a: Anomander Rake|Unnerve
|turn|28
|
|t:|1667247795
|move|p2a: Anomander Rake|Substitute|p2a: Anomander Rake
|-start|p2a: Anomander Rake|Substitute
|-damage|p2a: Anomander Rake|51/100
|move|p1a: Lapras|Sheer Cold|p2a: Anomander Rake|[miss]
|-miss|p1a: Lapras|p2a: Anomander Rake
|
|upkeep
|turn|29
|
|t:|1667247802
|-zpower|p2a: Anomander Rake
|move|p2a: Anomander Rake|Never-Ending Nightmare|p1a: Lapras|[zeffect]
|-damage|p1a: Lapras|35/100
|move|p1a: Lapras|Sheer Cold|p2a: Anomander Rake
|-ohko
|-end|p2a: Anomander Rake|Substitute
|
|upkeep
|turn|30
|
|t:|1667247813
|move|p2a: Anomander Rake|Substitute|p2a: Anomander Rake
|-start|p2a: Anomander Rake|Substitute
|-damage|p2a: Anomander Rake|26/100
|move|p1a: Lapras|Sheer Cold|p2a: Anomander Rake|[miss]
|-miss|p1a: Lapras|p2a: Anomander Rake
|
|upkeep
|turn|31
|
|t:|1667247819
|move|p2a: Anomander Rake|Astral Barrage|p1a: Lapras
|-damage|p1a: Lapras|0 fnt
|faint|p1a: Lapras
|
|win|Sir John Moses
|raw|700club's rating: 1600 &rarr; <strong>1583</strong><br />(-17 for losing)
|raw|Sir John Moses's rating: 1647 &rarr; <strong>1664</strong><br />(+17 for winning)
