|j|‽Flynn Watson ^~^
|j|☆Argentavis_Gaming
|t:|1656908641
|gametype|singles
|player|p1|Flynn Watson ^~^|guitarist|1584
|player|p2|Argentavis_Gaming|unknown|1523
|teamsize|p1|6
|teamsize|p2|6
|gen|8
|tier|[Gen 8] National Dex AG
|rated|
|rule|HP Percentage Mod: HP is shown in percentages
|rule|Endless Battle Clause: Forcing endless battles is banned
|clearpoke
|poke|p1|Rayquaza|
|poke|p1|Arceus-*|
|poke|p1|Arceus-*|
|poke|p1|Necrozma-Dusk-Mane|
|poke|p1|Celesteela|
|poke|p1|Groudon|
|poke|p2|Xerneas-*|
|poke|p2|Groudon|
|poke|p2|Tyranitar, M|
|poke|p2|Ferrothorn, M|
|poke|p2|Calyrex-Ice|
|poke|p2|Galvantula, F|
|teampreview
|
|t:|1656908652
|start
|switch|p1a: Groudon|Groudon|100/100
|switch|p2a: Spydar!|Galvantula, F|100/100
|detailschange|p1a: Groudon|Groudon-Primal
|-primal|p1a: Groudon
|-weather|DesolateLand|[from] ability: Desolate Land|[of] p1a: Groudon
|turn|1
|
|t:|1656908698
|move|p2a: Spydar!|Sticky Web|p1a: Groudon
|-sidestart|p1: Flynn Watson ^~^|move: Sticky Web
|move|p1a: Groudon|Stealth Rock|p2a: Spydar!
|-sidestart|p2: Argentavis_Gaming|move: Stealth Rock
|
|-weather|DesolateLand|[upkeep]
|upkeep
|turn|2
|
|t:|1656908798
|move|p2a: Spydar!|Bug Buzz|p1a: Groudon
|-resisted|p1a: Groudon
|-damage|p1a: Groudon|87/100
|move|p1a: Groudon|Roar|p2a: Spydar!
|drag|p2a: Duck this one!|Xerneas|100/100
|-damage|p2a: Duck this one!|88/100|[from] Stealth Rock
|-ability|p2a: Duck this one!|Fairy Aura
|
|-weather|DesolateLand|[upkeep]
|upkeep
|turn|3
|
|t:|1656908804
|move|p2a: Duck this one!|Rock Slide|p1a: Groudon
|-damage|p1a: Groudon|75/100
|move|p1a: Groudon|Roar|p2a: Duck this one!
|drag|p2a: Ferrothorn|Ferrothorn, M|100/100
|-damage|p2a: Ferrothorn|94/100|[from] Stealth Rock
|
|-weather|DesolateLand|[upkeep]
|-heal|p2a: Ferrothorn|100/100|[from] item: Leftovers
|upkeep
|turn|4
|
|t:|1656908811
|-weather|none
|switch|p1a: Celesteela|Celesteela|100/100
|move|p2a: Ferrothorn|Protect||[still]
|-fail|p2a: Ferrothorn
|
|upkeep
|turn|5
|
|t:|1656908814
|switch|p1a: Necrozma|Necrozma-Dusk-Mane|100/100
|-activate|p1a: Necrozma|move: Sticky Web
|-unboost|p1a: Necrozma|spe|1
|move|p2a: Ferrothorn|Leech Seed|p1a: Necrozma
|-start|p1a: Necrozma|move: Leech Seed
|
|-damage|p1a: Necrozma|88/100|[from] Leech Seed|[of] p2a: Ferrothorn
|upkeep
|turn|6
|
|t:|1656908818
|switch|p1a: Rayquaza|Rayquaza|100/100
|-ability|p1a: Rayquaza|Air Lock
|move|p2a: Ferrothorn|Knock Off|p1a: Rayquaza
|-damage|p1a: Rayquaza|79/100
|-enditem|p1a: Rayquaza|Choice Band|[from] move: Knock Off|[of] p2a: Ferrothorn
|
|upkeep
|turn|7
|
|t:|1656908823
|detailschange|p1a: Rayquaza|Rayquaza-Mega
|-mega|p1a: Rayquaza|Rayquaza|
|-weather|DeltaStream|[from] ability: Delta Stream|[of] p1a: Rayquaza
|move|p1a: Rayquaza|V-create|p2a: Ferrothorn
|-supereffective|p2a: Ferrothorn
|-damage|p2a: Ferrothorn|0 fnt
|-unboost|p1a: Rayquaza|spe|1
|-unboost|p1a: Rayquaza|def|1
|-unboost|p1a: Rayquaza|spd|1
|-damage|p1a: Rayquaza|67/100|[from] ability: Iron Barbs|[of] p2a: Ferrothorn
|faint|p2a: Ferrothorn
|
|-weather|DeltaStream|[upkeep]
|upkeep
|
|t:|1656908831
|switch|p2a: Groudon|Groudon|100/100
|-damage|p2a: Groudon|94/100|[from] Stealth Rock
|-ability|p2a: Groudon|Drought|[from] deltastream|[fail]
|turn|8
|
|t:|1656908836
|move|p2a: Groudon|Swords Dance|p2a: Groudon
|-boost|p2a: Groudon|atk|2
|move|p1a: Rayquaza|Dragon Ascent|p2a: Groudon
|-damage|p2a: Groudon|27/100
|-unboost|p1a: Rayquaza|def|1
|-unboost|p1a: Rayquaza|spd|1
|
|-weather|DeltaStream|[upkeep]
|upkeep
|turn|9
|
|t:|1656908842
|move|p1a: Rayquaza|Extreme Speed|p2a: Groudon
|-damage|p2a: Groudon|0 fnt
|faint|p2a: Groudon
|
|-weather|DeltaStream|[upkeep]
|upkeep
|
|t:|1656908846
|switch|p2a: Duck this one!|Xerneas|88/100
|-damage|p2a: Duck this one!|76/100|[from] Stealth Rock
|-ability|p2a: Duck this one!|Fairy Aura
|turn|10
|
|t:|1656908851
|-weather|none
|switch|p1a: Celesteela|Celesteela|100/100
|move|p2a: Duck this one!|Play Rough|p1a: Celesteela|[miss]
|-miss|p2a: Duck this one!|p1a: Celesteela
|
|upkeep
|turn|11
|
|t:|1656908854
|switch|p2a: Spydar!|Galvantula, F|100/100
|-damage|p2a: Spydar!|76/100|[from] Stealth Rock
|move|p1a: Celesteela|Leech Seed|p2a: Spydar!
|-start|p2a: Spydar!|move: Leech Seed
|
|-damage|p2a: Spydar!|63/100|[from] Leech Seed|[of] p1a: Celesteela
|upkeep
|turn|12
|
|t:|1656908858
|switch|p2a: Calyrex|Calyrex-Ice|100/100
|-ability|p2a: Calyrex|As One
|-ability|p2a: Calyrex|Unnerve
|-damage|p2a: Calyrex|76/100|[from] Stealth Rock
|switch|p1a: Arceus|Arceus-Ground|100/100
|-activate|p1a: Arceus|move: Sticky Web
|-unboost|p1a: Arceus|spe|1
|
|upkeep
|turn|13
|
|t:|1656908866
|switch|p1a: Necrozma|Necrozma-Dusk-Mane|88/100
|-activate|p1a: Necrozma|move: Sticky Web
|-unboost|p1a: Necrozma|spe|1
|move|p2a: Calyrex|Agility|p2a: Calyrex
|-boost|p2a: Calyrex|spe|2
|
|upkeep
|turn|14
|
|t:|1656908870
|detailschange|p1a: Necrozma|Necrozma-Ultra
|-burst|p1a: Necrozma|Necrozma|Ultranecrozium Z
|-start|p2a: Calyrex|Dynamax|
|-heal|p2a: Calyrex|76/100|[silent]
|move|p2a: Calyrex|Max Knuckle|p1a: Necrozma
|-resisted|p1a: Necrozma
|-damage|p1a: Necrozma|69/100
|-boost|p2a: Calyrex|atk|1
|move|p1a: Necrozma|Heat Wave|p2a: Calyrex
|-supereffective|p2a: Calyrex
|-damage|p2a: Calyrex|36/100
|-enditem|p2a: Calyrex|Weakness Policy
|-boost|p2a: Calyrex|atk|2|[from] item: Weakness Policy
|-boost|p2a: Calyrex|spa|2|[from] item: Weakness Policy
|
|upkeep
|turn|15
|
|t:|1656908890
|move|p2a: Calyrex|Max Hailstorm|p1a: Necrozma
|-supereffective|p1a: Necrozma
|-damage|p1a: Necrozma|0 fnt
|-weather|Hail
|faint|p1a: Necrozma
|-ability|p2a: Calyrex|Chilling Neigh|boost
|-boost|p2a: Calyrex|atk|1
|
|-weather|Hail|[upkeep]
|upkeep
|c|☆Argentavis_Gaming|I see. A lure set
|
|t:|1656908896
|switch|p1a: Celesteela|Celesteela|100/100
|turn|16
|c|☆Argentavis_Gaming|Cool
|
|t:|1656908898
|move|p1a: Celesteela|Protect|p1a: Celesteela
|-singleturn|p1a: Celesteela|Protect
|move|p2a: Calyrex|Max Hailstorm|p1a: Celesteela
|-zbroken|p1a: Celesteela
|-damage|p1a: Celesteela|60/100
|
|-weather|Hail|[upkeep]
|-damage|p1a: Celesteela|54/100|[from] Hail
|-heal|p1a: Celesteela|60/100|[from] item: Leftovers
|upkeep
|-end|p2a: Calyrex|Dynamax
|-heal|p2a: Calyrex|36/100|[silent]
|turn|17
|
|t:|1656908903
|-start|p1a: Celesteela|Dynamax|
|-heal|p1a: Celesteela|60/100|[silent]
|move|p2a: Calyrex|Glacial Lance|p1a: Celesteela
|-damage|p1a: Celesteela|0 fnt
|faint|p1a: Celesteela
|-ability|p2a: Calyrex|Chilling Neigh|boost
|-boost|p2a: Calyrex|atk|1
|
|-weather|Hail|[upkeep]
|upkeep
|
|t:|1656908915
|switch|p1a: Rayquaza|Rayquaza-Mega|67/100
|-weather|DeltaStream|[from] ability: Delta Stream|[of] p1a: Rayquaza
|turn|18
|
|t:|1656908917
|move|p2a: Calyrex|Glacial Lance|p1a: Rayquaza
|-activate||deltastream
|-supereffective|p1a: Rayquaza
|-damage|p1a: Rayquaza|0 fnt
|faint|p1a: Rayquaza
|-weather|none
|-ability|p2a: Calyrex|Chilling Neigh|boost
|-boost|p2a: Calyrex|atk|1
|
|upkeep
|-message|Flynn Watson ^~^ forfeited.
|
|win|Argentavis_Gaming
|raw|Flynn Watson ^~^'s rating: 1584 &rarr; <strong>1561</strong><br />(-23 for losing)
|raw|Argentavis_Gaming's rating: 1523 &rarr; <strong>1546</strong><br />(+23 for winning)
|l|‽Flynn Watson ^~^
