|j|☆pipi0.0
|j|☆Obito 2001
|t:|1667072831
|gametype|singles
|player|p1|pipi0.0|lady|1886
|player|p2|Obito 2001|teamrocket|1968
|teamsize|p1|6
|teamsize|p2|6
|gen|8
|tier|[Gen 8] National Dex AG
|rated|
|rule|HP Percentage Mod: HP is shown in percentages
|rule|Endless Battle Clause: Forcing endless battles is banned
|clearpoke
|poke|p1|Rayquaza|
|poke|p1|Kyogre|
|poke|p1|Necrozma-Dusk-Mane|
|poke|p1|Zacian-*|
|poke|p1|Zygarde|
|poke|p1|Yveltal|
|poke|p2|Mewtwo|
|poke|p2|Lugia|
|poke|p2|Ho-Oh|
|poke|p2|Yveltal|
|poke|p2|Necrozma-Dusk-Mane|
|poke|p2|Blissey, F|
|teampreview
|inactive|Battle timer is ON: inactive players will automatically lose when time's up. (requested by Obito 2001)
|inactive|pipi0.0 also wants the timer to be on.
|c|☆pipi0.0|glhf
|
|t:|1667072858
|start
|switch|p1a: Rayquaza|Rayquaza|100/100
|switch|p2a: Mewtwo G.O.A.T|Mewtwo|100/100
|-ability|p2a: Mewtwo G.O.A.T|Pressure
|-ability|p1a: Rayquaza|Air Lock
|turn|1
|
|t:|1667072867
|switch|p2a: Necrozma|Necrozma-Dusk-Mane|100/100
|detailschange|p1a: Rayquaza|Rayquaza-Mega
|-mega|p1a: Rayquaza|Rayquaza|
|-weather|DeltaStream|[from] ability: Delta Stream|[of] p1a: Rayquaza
|move|p1a: Rayquaza|Scale Shot|p2a: Necrozma
|-resisted|p2a: Necrozma
|-damage|p2a: Necrozma|94/100
|-resisted|p2a: Necrozma
|-damage|p2a: Necrozma|86/100
|-hitcount|p2a: Necrozma|2
|-unboost|p1a: Rayquaza|def|1
|-boost|p1a: Rayquaza|spe|1
|
|-weather|DeltaStream|[upkeep]
|upkeep
|turn|2
|
|t:|1667072874
|-weather|none
|switch|p1a: Zygarde|Zygarde|100/100
|switch|p2a: Ho-Oh|Ho-Oh|100/100
|
|upkeep
|turn|3
|
|t:|1667072882
|move|p1a: Zygarde|Substitute|p1a: Zygarde
|-start|p1a: Zygarde|Substitute
|-damage|p1a: Zygarde|76/100
|move|p2a: Ho-Oh|Toxic||[still]
|-fail|p2a: Ho-Oh
|
|-heal|p1a: Zygarde|82/100|[from] item: Leftovers
|upkeep
|turn|4
|
|t:|1667072889
|switch|p2a: Necrozma|Necrozma-Dusk-Mane|86/100
|move|p1a: Zygarde|Glare|p2a: Necrozma
|-status|p2a: Necrozma|par
|
|-heal|p1a: Zygarde|88/100|[from] item: Leftovers
|upkeep
|turn|5
|
|t:|1667072892
|move|p1a: Zygarde|Coil|p1a: Zygarde
|-boost|p1a: Zygarde|atk|1
|-boost|p1a: Zygarde|def|1
|-boost|p1a: Zygarde|accuracy|1
|move|p2a: Necrozma|Stealth Rock|p1a: Zygarde
|-sidestart|p1: pipi0.0|move: Stealth Rock
|
|-heal|p1a: Zygarde|94/100|[from] item: Leftovers
|upkeep
|turn|6
|
|t:|1667072896
|switch|p2a: Mewtwo G.O.A.T|Mewtwo|100/100
|-ability|p2a: Mewtwo G.O.A.T|Pressure
|move|p1a: Zygarde|Coil|p1a: Zygarde
|-boost|p1a: Zygarde|atk|1
|-boost|p1a: Zygarde|def|1
|-boost|p1a: Zygarde|accuracy|1
|
|-heal|p1a: Zygarde|100/100|[from] item: Leftovers
|upkeep
|turn|7
|
|t:|1667072899
|move|p2a: Mewtwo G.O.A.T|Taunt|p1a: Zygarde
|-start|p1a: Zygarde|move: Taunt
|cant|p1a: Zygarde|move: Taunt|Glare
|
|upkeep
|turn|8
|
|t:|1667072902
|move|p2a: Mewtwo G.O.A.T|Ice Beam|p1a: Zygarde
|-supereffective|p1a: Zygarde
|-end|p1a: Zygarde|Substitute
|move|p1a: Zygarde|Thousand Arrows|p2a: Mewtwo G.O.A.T
|-damage|p2a: Mewtwo G.O.A.T|35/100
|
|upkeep
|turn|9
|
|t:|1667072908
|-start|p1a: Zygarde|Dynamax|
|-heal|p1a: Zygarde|100/100|[silent]
|move|p2a: Mewtwo G.O.A.T|Ice Beam|p1a: Zygarde
|-supereffective|p1a: Zygarde
|-damage|p1a: Zygarde|51/100
|move|p1a: Zygarde|Max Quake|p2a: Mewtwo G.O.A.T
|-damage|p2a: Mewtwo G.O.A.T|0 fnt
|-boost|p1a: Zygarde|spd|1
|faint|p2a: Mewtwo G.O.A.T
|
|-heal|p1a: Zygarde|54/100|[from] item: Leftovers
|-end|p1a: Zygarde|move: Taunt
|upkeep
|
|t:|1667072916
|switch|p2a: Lugia|Lugia|100/100
|turn|10
|
|t:|1667072919
|move|p1a: Zygarde|Max Guard|p1a: Zygarde
|-singleturn|p1a: Zygarde|Max Guard
|move|p2a: Lugia|Toxic|p1a: Zygarde
|-activate|p1a: Zygarde|move: Max Guard
|
|-heal|p1a: Zygarde|57/100|[from] item: Leftovers
|upkeep
|turn|11
|
|t:|1667072921
|move|p1a: Zygarde|Max Guard||[still]
|-fail|p1a: Zygarde
|move|p2a: Lugia|Toxic|p1a: Zygarde|[miss]
|-miss|p2a: Lugia|p1a: Zygarde
|
|-heal|p1a: Zygarde|60/100|[from] item: Leftovers
|upkeep
|-end|p1a: Zygarde|Dynamax
|-heal|p1a: Zygarde|60/100|[silent]
|turn|12
|
|t:|1667072927
|move|p2a: Lugia|Substitute|p2a: Lugia
|-start|p2a: Lugia|Substitute
|-damage|p2a: Lugia|75/100
|move|p1a: Zygarde|Substitute|p1a: Zygarde
|-start|p1a: Zygarde|Substitute
|-damage|p1a: Zygarde|36/100
|
|-heal|p1a: Zygarde|42/100|[from] item: Leftovers
|-activate|p1a: Zygarde|ability: Power Construct
|detailschange|p1a: Zygarde|Zygarde-Complete
|-heal|p1a: Zygarde|62/100|[silent]
|upkeep
|turn|13
|
|t:|1667072932
|move|p2a: Lugia|Roost|p2a: Lugia
|-heal|p2a: Lugia|100/100
|-singleturn|p2a: Lugia|move: Roost
|move|p1a: Zygarde|Thousand Arrows|p2a: Lugia
|-activate|p2a: Lugia|move: Substitute|[damage]
|
|-heal|p1a: Zygarde|68/100|[from] item: Leftovers
|upkeep
|turn|14
|
|t:|1667072935
|move|p1a: Zygarde|Thousand Arrows|p2a: Lugia
|-end|p2a: Lugia|Substitute
|move|p2a: Lugia|Whirlwind|p1a: Zygarde
|drag|p1a: Kyogre|Kyogre|100/100
|-damage|p1a: Kyogre|88/100|[from] Stealth Rock
|detailschange|p1a: Kyogre|Kyogre-Primal
|-primal|p1a: Kyogre
|-weather|PrimordialSea|[from] ability: Primordial Sea|[of] p1a: Kyogre
|
|-weather|PrimordialSea|[upkeep]
|upkeep
|turn|15
|
|t:|1667072942
|move|p2a: Lugia|Toxic|p1a: Kyogre
|-status|p1a: Kyogre|tox
|move|p1a: Kyogre|Water Spout|p2a: Lugia
|-damage|p2a: Lugia|63/100
|
|-weather|PrimordialSea|[upkeep]
|-damage|p1a: Kyogre|82/100 tox|[from] psn
|upkeep
|turn|16
|
|t:|1667072952
|move|p2a: Lugia|Roost|p2a: Lugia
|-heal|p2a: Lugia|100/100
|-singleturn|p2a: Lugia|move: Roost
|move|p1a: Kyogre|Thunder|p2a: Lugia
|-damage|p2a: Lugia|88/100
|-status|p2a: Lugia|par
|
|-weather|PrimordialSea|[upkeep]
|-damage|p1a: Kyogre|70/100 tox|[from] psn
|upkeep
|turn|17
|
|t:|1667072956
|-weather|none
|switch|p1a: Yveltal|Yveltal|100/100
|-ability|p1a: Yveltal|Dark Aura
|switch|p2a: Blissey|Blissey, F, shiny|100/100
|
|upkeep
|turn|18
|
|t:|1667072964
|switch|p2a: Yveltal|Yveltal, shiny|100/100
|-ability|p2a: Yveltal|Dark Aura
|move|p1a: Yveltal|Defog|p2a: Yveltal
|-unboost|p2a: Yveltal|evasion|1
|-sideend|p1: pipi0.0|Stealth Rock|[from] move: Defog|[of] p1a: Yveltal
|
|upkeep
|turn|19
|
|t:|1667072968
|move|p2a: Yveltal|U-turn|p1a: Yveltal
|-damage|p1a: Yveltal|85/100
|
|t:|1667072971
|switch|p2a: Necrozma|Necrozma-Dusk-Mane|86/100 par|[from]move: U-turn
|move|p1a: Yveltal|Snarl|p2a: Necrozma
|-supereffective|p2a: Necrozma
|-damage|p2a: Necrozma|50/100 par
|-unboost|p2a: Necrozma|spa|1
|
|upkeep
|turn|20
|
|t:|1667072975
|move|p1a: Yveltal|Snarl|p2a: Necrozma
|-supereffective|p2a: Necrozma
|-damage|p2a: Necrozma|15/100 par
|-unboost|p2a: Necrozma|spa|1
|move|p2a: Necrozma|Stealth Rock|p1a: Yveltal
|-sidestart|p1: pipi0.0|move: Stealth Rock
|
|upkeep
|turn|21
|
|t:|1667072979
|move|p1a: Yveltal|Snarl|p2a: Necrozma
|-supereffective|p2a: Necrozma
|-damage|p2a: Necrozma|0 fnt
|faint|p2a: Necrozma
|
|upkeep
|
|t:|1667072986
|switch|p2a: Blissey|Blissey, F, shiny|100/100
|turn|22
|
|t:|1667072988
|move|p1a: Yveltal|Defog|p2a: Blissey
|-unboost|p2a: Blissey|evasion|1
|-sideend|p1: pipi0.0|Stealth Rock|[from] move: Defog|[of] p1a: Yveltal
|move|p2a: Blissey|Aromatherapy|p2a: Blissey
|-activate|p2a: Blissey|move: Aromatherapy
|-curestatus|p2: Lugia|par|[msg]
|
|upkeep
|turn|23
|j| Susjsbsbs
|
|t:|1667072994
|move|p1a: Yveltal|U-turn|p2a: Blissey
|-damage|p2a: Blissey|65/100
|
|t:|1667072998
|switch|p1a: Zacian|Zacian-Crowned|100/100|[from]move: U-turn
|-ability|p1a: Zacian|Intrepid Sword|boost
|-boost|p1a: Zacian|atk|1
|move|p2a: Blissey|Toxic|p1a: Zacian
|-immune|p1a: Zacian
|
|upkeep
|turn|24
|
|t:|1667073004
|switch|p2a: Ho-Oh|Ho-Oh|100/100
|move|p1a: Zacian|Wild Charge|p2a: Ho-Oh
|-supereffective|p2a: Ho-Oh
|-damage|p2a: Ho-Oh|0 fnt
|faint|p2a: Ho-Oh
|-damage|p1a: Zacian|68/100|[from] Recoil
|
|upkeep
|
|t:|1667073008
|switch|p2a: Yveltal|Yveltal, shiny|100/100
|-ability|p2a: Yveltal|Dark Aura
|turn|25
|
|t:|1667073012
|move|p1a: Zacian|Wild Charge|p2a: Yveltal
|-supereffective|p2a: Yveltal
|-damage|p2a: Yveltal|30/100
|-damage|p1a: Zacian|44/100|[from] Recoil
|move|p2a: Yveltal|Foul Play|p1a: Zacian
|-resisted|p1a: Zacian
|-damage|p1a: Zacian|0 fnt
|faint|p1a: Zacian
|
|upkeep
|
|t:|1667073017
|switch|p1a: Rayquaza|Rayquaza-Mega|100/100
|-weather|DeltaStream|[from] ability: Delta Stream|[of] p1a: Rayquaza
|turn|26
|
|t:|1667073026
|-start|p2a: Yveltal|Dynamax|
|-heal|p2a: Yveltal|30/100|[silent]
|move|p1a: Rayquaza|Scale Shot|p2a: Yveltal
|-damage|p2a: Yveltal|22/100
|-damage|p2a: Yveltal|15/100
|-damage|p2a: Yveltal|7/100
|-hitcount|p2a: Yveltal|3
|-unboost|p1a: Rayquaza|def|1
|-boost|p1a: Rayquaza|spe|1
|move|p2a: Yveltal|Max Darkness|p1a: Rayquaza
|-damage|p1a: Rayquaza|0 fnt
|faint|p1a: Rayquaza
|-weather|none
|
|upkeep
|
|t:|1667073034
|switch|p1a: Yveltal|Yveltal|85/100
|-ability|p1a: Yveltal|Dark Aura
|turn|27
|
|t:|1667073045
|move|p2a: Yveltal|Max Darkness|p1a: Yveltal
|-resisted|p1a: Yveltal
|-damage|p1a: Yveltal|54/100
|-unboost|p1a: Yveltal|spd|1
|move|p1a: Yveltal|Snarl|p2a: Yveltal
|-resisted|p2a: Yveltal
|-damage|p2a: Yveltal|1/100
|-unboost|p2a: Yveltal|spa|1
|
|upkeep
|turn|28
|
|t:|1667073052
|move|p2a: Yveltal|Max Guard|p2a: Yveltal
|-singleturn|p2a: Yveltal|Max Guard
|move|p1a: Yveltal|Snarl|p2a: Yveltal
|-activate|p2a: Yveltal|move: Max Guard
|
|upkeep
|-end|p2a: Yveltal|Dynamax
|-heal|p2a: Yveltal|1/100|[silent]
|turn|29
|
|t:|1667073054
|move|p2a: Yveltal|Roost|p2a: Yveltal
|-heal|p2a: Yveltal|51/100
|-singleturn|p2a: Yveltal|move: Roost
|move|p1a: Yveltal|Snarl|p2a: Yveltal
|-resisted|p2a: Yveltal
|-damage|p2a: Yveltal|39/100
|-unboost|p2a: Yveltal|spa|1
|
|upkeep
|turn|30
|
|t:|1667073057
|move|p2a: Yveltal|Roost|p2a: Yveltal
|-heal|p2a: Yveltal|89/100
|-singleturn|p2a: Yveltal|move: Roost
|move|p1a: Yveltal|Snarl|p2a: Yveltal|[miss]
|-miss|p1a: Yveltal|p2a: Yveltal
|
|upkeep
|turn|31
|
|t:|1667073063
|move|p2a: Yveltal|U-turn|p1a: Yveltal
|-damage|p1a: Yveltal|39/100
|
|t:|1667073067
|switch|p2a: Blissey|Blissey, F, shiny|65/100|[from]move: U-turn
|move|p1a: Yveltal|Snarl|p2a: Blissey
|-damage|p2a: Blissey|57/100
|-unboost|p2a: Blissey|spa|1
|
|upkeep
|turn|32
|
|t:|1667073072
|move|p1a: Yveltal|Roost|p1a: Yveltal
|-heal|p1a: Yveltal|90/100
|-singleturn|p1a: Yveltal|move: Roost
|move|p2a: Blissey|Soft-Boiled|p2a: Blissey
|-heal|p2a: Blissey|100/100
|
|upkeep
|turn|33
|
|t:|1667073076
|move|p1a: Yveltal|U-turn|p2a: Blissey
|-damage|p2a: Blissey|62/100
|
|t:|1667073082
|switch|p1a: Necrozma|Necrozma-Dusk-Mane|100/100|[from]move: U-turn
|move|p2a: Blissey|Toxic|p1a: Necrozma
|-immune|p1a: Necrozma
|
|upkeep
|turn|34
|
|t:|1667073088
|switch|p2a: Yveltal|Yveltal, shiny|89/100
|-ability|p2a: Yveltal|Dark Aura
|move|p1a: Necrozma|Stealth Rock|p2a: Yveltal
|-sidestart|p2: Obito 2001|move: Stealth Rock
|
|upkeep
|turn|35
|
|t:|1667073092
|move|p2a: Yveltal|Foul Play|p1a: Necrozma
|-supereffective|p1a: Necrozma
|-damage|p1a: Necrozma|46/100
|-damage|p2a: Yveltal|73/100|[from] item: Rocky Helmet|[of] p1a: Necrozma
|move|p1a: Necrozma|Thunder Wave|p2a: Yveltal
|-status|p2a: Yveltal|par
|
|upkeep
|turn|36
|
|t:|1667073099
|move|p1a: Necrozma|Sunsteel Strike|p2a: Yveltal
|-damage|p2a: Yveltal|44/100 par
|move|p2a: Yveltal|Foul Play|p1a: Necrozma
|-supereffective|p1a: Necrozma
|-damage|p1a: Necrozma|0 fnt
|-damage|p2a: Yveltal|27/100 par|[from] item: Rocky Helmet|[of] p1a: Necrozma
|faint|p1a: Necrozma
|
|upkeep
|
|t:|1667073109
|switch|p1a: Kyogre|Kyogre-Primal|70/100 tox
|-weather|PrimordialSea|[from] ability: Primordial Sea|[of] p1a: Kyogre
|turn|37
|
|t:|1667073118
|switch|p2a: Lugia|Lugia|88/100
|move|p1a: Kyogre|Origin Pulse|p2a: Lugia
|-damage|p2a: Lugia|26/100
|
|-weather|PrimordialSea|[upkeep]
|-damage|p1a: Kyogre|64/100 tox|[from] psn
|upkeep
|turn|38
|
|t:|1667073126
|move|p2a: Lugia|Roost|p2a: Lugia
|-heal|p2a: Lugia|76/100
|-singleturn|p2a: Lugia|move: Roost
|move|p1a: Kyogre|Thunder|p2a: Lugia
|-damage|p2a: Lugia|48/100
|
|-weather|PrimordialSea|[upkeep]
|-damage|p1a: Kyogre|51/100 tox|[from] psn
|upkeep
|turn|39
|
|t:|1667073133
|move|p2a: Lugia|Roost|p2a: Lugia
|-heal|p2a: Lugia|98/100
|-singleturn|p2a: Lugia|move: Roost
|move|p1a: Kyogre|Origin Pulse|p2a: Lugia
|-damage|p2a: Lugia|40/100
|
|-weather|PrimordialSea|[upkeep]
|-damage|p1a: Kyogre|33/100 tox|[from] psn
|upkeep
|turn|40
|
|t:|1667073139
|-weather|none
|switch|p1a: Yveltal|Yveltal|90/100
|-ability|p1a: Yveltal|Dark Aura
|move|p2a: Lugia|Roost|p2a: Lugia
|-heal|p2a: Lugia|90/100
|-singleturn|p2a: Lugia|move: Roost
|
|upkeep
|turn|41
|
|t:|1667073148
|move|p2a: Lugia|Toxic|p1a: Yveltal
|-status|p1a: Yveltal|tox
|move|p1a: Yveltal|Snarl|p2a: Lugia
|-supereffective|p2a: Lugia
|-damage|p2a: Lugia|50/100
|-unboost|p2a: Lugia|spa|1
|
|-damage|p1a: Yveltal|83/100 tox|[from] psn
|upkeep
|turn|42
|
|t:|1667073151
|move|p2a: Lugia|Roost|p2a: Lugia
|-heal|p2a: Lugia|100/100
|-singleturn|p2a: Lugia|move: Roost
|move|p1a: Yveltal|U-turn|p2a: Lugia
|-supereffective|p2a: Lugia
|-damage|p2a: Lugia|88/100
|inactive|pipi0.0 has 120 seconds left.
|
|t:|1667073182
|switch|p1a: Kyogre|Kyogre-Primal|33/100 tox|[from]move: U-turn
|-weather|PrimordialSea|[from] ability: Primordial Sea|[of] p1a: Kyogre
|
|-weather|PrimordialSea|[upkeep]
|-damage|p1a: Kyogre|27/100 tox|[from] psn
|upkeep
|turn|43
|
|t:|1667073195
|move|p2a: Lugia|Substitute|p2a: Lugia
|-start|p2a: Lugia|Substitute
|-damage|p2a: Lugia|63/100
|move|p1a: Kyogre|Thunder|p2a: Lugia
|-supereffective|p2a: Lugia
|-crit|p2a: Lugia
|-end|p2a: Lugia|Substitute
|
|-weather|PrimordialSea|[upkeep]
|-damage|p1a: Kyogre|14/100 tox|[from] psn
|upkeep
|turn|44
|
|t:|1667073205
|move|p2a: Lugia|Substitute|p2a: Lugia
|-start|p2a: Lugia|Substitute
|-damage|p2a: Lugia|38/100
|move|p1a: Kyogre|Thunder|p2a: Lugia
|-supereffective|p2a: Lugia
|-end|p2a: Lugia|Substitute
|
|-weather|PrimordialSea|[upkeep]
|-damage|p1a: Kyogre|0 fnt|[from] psn
|faint|p1a: Kyogre
|-weather|none
|upkeep
|inactive|pipi0.0 has 120 seconds left.
|
|t:|1667073239
|switch|p1a: Yveltal|Yveltal|83/100 tox
|-ability|p1a: Yveltal|Dark Aura
|turn|45
|
|t:|1667073247
|switch|p2a: Blissey|Blissey, F, shiny|62/100
|move|p1a: Yveltal|Snarl|p2a: Blissey
|-damage|p2a: Blissey|53/100
|-unboost|p2a: Blissey|spa|1
|
|-damage|p1a: Yveltal|77/100 tox|[from] psn
|upkeep
|turn|46
|
|t:|1667073251
|move|p1a: Yveltal|U-turn|p2a: Blissey
|-damage|p2a: Blissey|16/100
|
|t:|1667073253
|switch|p1a: Zygarde|Zygarde-Complete|68/100|[from]move: U-turn
|move|p2a: Blissey|Aromatherapy|p2a: Blissey
|-activate|p2a: Blissey|move: Aromatherapy
|-curestatus|p2: Yveltal|par|[msg]
|
|-heal|p1a: Zygarde|74/100|[from] item: Leftovers
|upkeep
|turn|47
|
|t:|1667073259
|move|p1a: Zygarde|Substitute|p1a: Zygarde
|-start|p1a: Zygarde|Substitute
|-damage|p1a: Zygarde|49/100
|move|p2a: Blissey|Soft-Boiled|p2a: Blissey
|-heal|p2a: Blissey|66/100
|
|-heal|p1a: Zygarde|55/100|[from] item: Leftovers
|upkeep
|turn|48
|
|t:|1667073264
|move|p1a: Zygarde|Coil|p1a: Zygarde
|-boost|p1a: Zygarde|atk|1
|-boost|p1a: Zygarde|def|1
|-boost|p1a: Zygarde|accuracy|1
|move|p2a: Blissey|Seismic Toss|p1a: Zygarde
|-activate|p1a: Zygarde|move: Substitute|[damage]
|
|-heal|p1a: Zygarde|61/100|[from] item: Leftovers
|upkeep
|turn|49
|
|t:|1667073270
|move|p1a: Zygarde|Coil|p1a: Zygarde
|-boost|p1a: Zygarde|atk|1
|-boost|p1a: Zygarde|def|1
|-boost|p1a: Zygarde|accuracy|1
|move|p2a: Blissey|Seismic Toss|p1a: Zygarde
|-end|p1a: Zygarde|Substitute
|
|-heal|p1a: Zygarde|68/100|[from] item: Leftovers
|upkeep
|turn|50
|
|t:|1667073275
|switch|p2a: Lugia|Lugia|38/100
|move|p1a: Zygarde|Substitute|p1a: Zygarde
|-start|p1a: Zygarde|Substitute
|-damage|p1a: Zygarde|43/100
|
|-heal|p1a: Zygarde|49/100|[from] item: Leftovers
|upkeep
|turn|51
|
|t:|1667073281
|move|p2a: Lugia|Roost|p2a: Lugia
|-heal|p2a: Lugia|88/100
|-singleturn|p2a: Lugia|move: Roost
|move|p1a: Zygarde|Thousand Arrows|p2a: Lugia
|-damage|p2a: Lugia|45/100
|
|-heal|p1a: Zygarde|55/100|[from] item: Leftovers
|upkeep
|turn|52
|
|t:|1667073287
|move|p1a: Zygarde|Thousand Arrows|p2a: Lugia
|-damage|p2a: Lugia|5/100
|-start|p2a: Lugia|Smack Down
|move|p2a: Lugia|Whirlwind|p1a: Zygarde
|drag|p1a: Yveltal|Yveltal|77/100 tox
|-ability|p1a: Yveltal|Dark Aura
|
|-damage|p1a: Yveltal|71/100 tox|[from] psn
|upkeep
|turn|53
|
|t:|1667073293
|move|p2a: Lugia|Roost|p2a: Lugia
|-heal|p2a: Lugia|55/100
|-singleturn|p2a: Lugia|move: Roost
|move|p1a: Yveltal|Snarl|p2a: Lugia
|-supereffective|p2a: Lugia
|-damage|p2a: Lugia|15/100
|-unboost|p2a: Lugia|spa|1
|
|-damage|p1a: Yveltal|59/100 tox|[from] psn
|upkeep
|turn|54
|
|t:|1667073307
|move|p2a: Lugia|Roost|p2a: Lugia
|-heal|p2a: Lugia|65/100
|-singleturn|p2a: Lugia|move: Roost
|move|p1a: Yveltal|Snarl|p2a: Lugia
|-supereffective|p2a: Lugia
|-damage|p2a: Lugia|29/100
|-unboost|p2a: Lugia|spa|1
|
|-damage|p1a: Yveltal|40/100 tox|[from] psn
|upkeep
|turn|55
|
|t:|1667073311
|move|p2a: Lugia|Roost|p2a: Lugia
|-heal|p2a: Lugia|79/100
|-singleturn|p2a: Lugia|move: Roost
|move|p1a: Yveltal|Snarl|p2a: Lugia
|-supereffective|p2a: Lugia
|-crit|p2a: Lugia
|-damage|p2a: Lugia|24/100
|-unboost|p2a: Lugia|spa|1
|
|-damage|p1a: Yveltal|16/100 tox|[from] psn
|upkeep
|turn|56
|
|t:|1667073315
|move|p2a: Lugia|Roost|p2a: Lugia
|-heal|p2a: Lugia|74/100
|-singleturn|p2a: Lugia|move: Roost
|move|p1a: Yveltal|Snarl|p2a: Lugia
|-supereffective|p2a: Lugia
|-damage|p2a: Lugia|40/100
|-unboost|p2a: Lugia|spa|1
|
|-damage|p1a: Yveltal|0 fnt|[from] psn
|faint|p1a: Yveltal
|upkeep
|
|t:|1667073317
|switch|p1a: Zygarde|Zygarde-Complete|55/100
|turn|57
|
|t:|1667073325
|move|p2a: Lugia|Toxic|p1a: Zygarde
|-status|p1a: Zygarde|tox
|move|p1a: Zygarde|Glare|p2a: Lugia
|-status|p2a: Lugia|par
|
|-heal|p1a: Zygarde|61/100 tox|[from] item: Leftovers
|-damage|p1a: Zygarde|55/100 tox|[from] psn
|upkeep
|turn|58
|
|t:|1667073329
|switch|p2a: Blissey|Blissey, F, shiny|66/100
|move|p1a: Zygarde|Thousand Arrows|p2a: Blissey
|-damage|p2a: Blissey|2/100
|
|-heal|p1a: Zygarde|61/100 tox|[from] item: Leftovers
|-damage|p1a: Zygarde|49/100 tox|[from] psn
|upkeep
|turn|59
|
|t:|1667073333
|move|p1a: Zygarde|Thousand Arrows|p2a: Blissey
|-damage|p2a: Blissey|0 fnt
|faint|p2a: Blissey
|
|-heal|p1a: Zygarde|55/100 tox|[from] item: Leftovers
|-damage|p1a: Zygarde|37/100 tox|[from] psn
|upkeep
|
|t:|1667073335
|switch|p2a: Yveltal|Yveltal, shiny|27/100
|-ability|p2a: Yveltal|Dark Aura
|turn|60
|
|t:|1667073342
|move|p2a: Yveltal|Foul Play|p1a: Zygarde
|-damage|p1a: Zygarde|22/100 tox
|move|p1a: Zygarde|Thousand Arrows|p2a: Yveltal
|-damage|p2a: Yveltal|9/100
|-start|p2a: Yveltal|Smack Down
|
|-heal|p1a: Zygarde|28/100 tox|[from] item: Leftovers
|-damage|p1a: Zygarde|4/100 tox|[from] psn
|upkeep
|turn|61
|
|t:|1667073348
|move|p2a: Yveltal|Foul Play|p1a: Zygarde
|-damage|p1a: Zygarde|0 fnt
|faint|p1a: Zygarde
|
|win|Obito 2001
|raw|pipi0.0's rating: 1886 &rarr; <strong>1871</strong><br />(-15 for losing)
|raw|Obito 2001's rating: 1968 &rarr; <strong>1983</strong><br />(+15 for winning)
|l|☆pipi0.0
