|j|☆devil's secretary
|j|☆Batman Magic
|t:|1657217522
|gametype|singles
|player|p1|devil's secretary|blue-gen2|1551
|player|p2|Batman Magic|cogita|1840
|teamsize|p1|6
|teamsize|p2|6
|gen|8
|tier|[Gen 8] National Dex AG
|rated|
|rule|HP Percentage Mod: HP is shown in percentages
|rule|Endless Battle Clause: Forcing endless battles is banned
|clearpoke
|poke|p1|Smeargle, M|
|poke|p1|Ditto|
|poke|p1|Arceus-*|
|poke|p1|Zacian-*|
|poke|p1|Deoxys-Speed|
|poke|p1|Groudon|
|poke|p2|Groudon|
|poke|p2|Arceus-*|
|poke|p2|Kyogre|
|poke|p2|Arceus-*|
|poke|p2|Gengar, F|
|poke|p2|Arceus-*|
|teampreview
|inactive|Battle timer is ON: inactive players will automatically lose when time's up. (requested by Batman Magic)
|
|t:|1657217537
|start
|switch|p1a: Deoxys|Deoxys-Speed, shiny|100/100
|switch|p2a: Vader|Gengar, F, shiny|100/100
|-ability|p1a: Deoxys|Pressure
|turn|1
|
|t:|1657217548
|detailschange|p2a: Vader|Gengar-Mega, F, shiny
|-mega|p2a: Vader|Gengar|Gengarite
|move|p1a: Deoxys|Knock Off|p2a: Vader
|-supereffective|p2a: Vader
|-damage|p2a: Vader|47/100
|move|p2a: Vader|Encore|p1a: Deoxys
|-start|p1a: Deoxys|Encore
|
|upkeep
|turn|2
|
|t:|1657217558
|switch|p2a: Ahsoka|Arceus-Dark|100/100
|move|p1a: Deoxys|Knock Off|p2a: Ahsoka
|-resisted|p2a: Ahsoka
|-damage|p2a: Ahsoka|95/100
|
|upkeep
|turn|3
|
|t:|1657217565
|switch|p2a: Mandalorian|Kyogre|100/100
|-weather|RainDance|[from] ability: Drizzle|[of] p2a: Mandalorian
|move|p1a: Deoxys|Knock Off|p2a: Mandalorian
|-damage|p2a: Mandalorian|70/100
|-enditem|p2a: Mandalorian|Choice Scarf|[from] move: Knock Off|[of] p1a: Deoxys
|
|-weather|RainDance|[upkeep]
|upkeep
|turn|4
|
|t:|1657217571
|move|p1a: Deoxys|Knock Off|p2a: Mandalorian
|-damage|p2a: Mandalorian|50/100
|move|p2a: Mandalorian|Thunder|p1a: Deoxys
|-damage|p1a: Deoxys|35/100
|
|-weather|RainDance|[upkeep]
|-end|p1a: Deoxys|Encore
|upkeep
|turn|5
|
|t:|1657217577
|move|p1a: Deoxys|Stealth Rock|p2a: Mandalorian
|-sidestart|p2: Batman Magic|move: Stealth Rock
|move|p2a: Mandalorian|Thunder|p1a: Deoxys
|-damage|p1a: Deoxys|0 fnt
|faint|p1a: Deoxys
|
|-weather|RainDance|[upkeep]
|upkeep
|
|t:|1657217599
|switch|p1a: Groudon|Groudon|100/100
|detailschange|p1a: Groudon|Groudon-Primal
|-primal|p1a: Groudon
|-weather|DesolateLand|[from] ability: Desolate Land|[of] p1a: Groudon
|turn|6
|
|t:|1657217603
|switch|p2a: Obi-Wan|Arceus-Ground|100/100
|-damage|p2a: Obi-Wan|94/100|[from] Stealth Rock
|move|p1a: Groudon|Earthquake|p2a: Obi-Wan
|-damage|p2a: Obi-Wan|59/100
|
|-weather|DesolateLand|[upkeep]
|upkeep
|turn|7
|
|t:|1657217608
|move|p1a: Groudon|Fire Punch|p2a: Obi-Wan
|-damage|p2a: Obi-Wan|25/100
|-zpower|p2a: Obi-Wan
|move|p2a: Obi-Wan|Tectonic Rage|p1a: Groudon|[zeffect]
|-supereffective|p1a: Groudon
|-damage|p1a: Groudon|9/100
|
|-weather|DesolateLand|[upkeep]
|upkeep
|turn|8
|
|t:|1657217633
|move|p1a: Groudon|Earthquake|p2a: Obi-Wan
|-damage|p2a: Obi-Wan|0 fnt
|faint|p2a: Obi-Wan
|
|-weather|DesolateLand|[upkeep]
|upkeep
|
|t:|1657217643
|switch|p2a: Vader|Gengar-Mega, F, shiny|47/100
|-damage|p2a: Vader|35/100|[from] Stealth Rock
|turn|9
|
|t:|1657217646
|move|p2a: Vader|Shadow Ball|p1a: Groudon
|-damage|p1a: Groudon|0 fnt
|faint|p1a: Groudon
|-weather|none
|
|upkeep
|
|t:|1657217650
|switch|p1a: Ditto|Ditto|100/100
|-transform|p1a: Ditto|p2a: Vader|[from] ability: Imposter
|turn|10
|
|t:|1657217655
|switch|p2a: Ahsoka|Arceus-Dark|95/100
|-damage|p2a: Ahsoka|82/100|[from] Stealth Rock
|move|p1a: Ditto|Shadow Ball|p2a: Ahsoka
|-resisted|p2a: Ahsoka
|-damage|p2a: Ahsoka|70/100
|
|upkeep
|turn|11
|
|t:|1657217660
|switch|p1a: Zacian|Zacian-Crowned|100/100
|-ability|p1a: Zacian|Intrepid Sword|boost
|-boost|p1a: Zacian|atk|1
|move|p2a: Ahsoka|Judgment|p1a: Zacian
|-resisted|p1a: Zacian
|-damage|p1a: Zacian|77/100
|
|upkeep
|turn|12
|
|t:|1657217673
|switch|p1a: Smeargle|Smeargle, M|100/100
|switch|p2a: Yoda|Groudon, shiny|100/100
|-damage|p2a: Yoda|94/100|[from] Stealth Rock
|detailschange|p2a: Yoda|Groudon-Primal, shiny
|-primal|p2a: Yoda
|-weather|DesolateLand|[from] ability: Desolate Land|[of] p2a: Yoda
|
|-weather|DesolateLand|[upkeep]
|-ability|p1a: Smeargle|Moody|boost
|-boost|p1a: Smeargle|spd|2
|-unboost|p1a: Smeargle|spe|1
|upkeep
|turn|13
|
|t:|1657217696
|move|p2a: Yoda|Earthquake|p1a: Smeargle
|-enditem|p1a: Smeargle|Focus Sash
|-damage|p1a: Smeargle|1/100
|move|p1a: Smeargle|Spore|p2a: Yoda
|-status|p2a: Yoda|slp|[from] move: Spore
|
|-weather|DesolateLand|[upkeep]
|-ability|p1a: Smeargle|Moody|boost
|-boost|p1a: Smeargle|def|2
|-unboost|p1a: Smeargle|spe|1
|upkeep
|turn|14
|
|t:|1657217701
|-weather|none
|switch|p2a: Vader|Gengar-Mega, F, shiny|35/100
|-damage|p2a: Vader|22/100|[from] Stealth Rock
|move|p1a: Smeargle|Spore|p2a: Vader
|-status|p2a: Vader|slp|[from] move: Spore
|
|-ability|p1a: Smeargle|Moody|boost
|-boost|p1a: Smeargle|spd|2
|-unboost|p1a: Smeargle|spe|1
|upkeep
|turn|15
|
|t:|1657217705
|switch|p2a: Ahsoka|Arceus-Dark|70/100
|-damage|p2a: Ahsoka|58/100|[from] Stealth Rock
|move|p1a: Smeargle|Shell Smash|p1a: Smeargle
|-unboost|p1a: Smeargle|def|1
|-unboost|p1a: Smeargle|spd|1
|-boost|p1a: Smeargle|atk|2
|-boost|p1a: Smeargle|spa|2
|-boost|p1a: Smeargle|spe|2
|
|-ability|p1a: Smeargle|Moody|boost
|-boost|p1a: Smeargle|spe|2
|-unboost|p1a: Smeargle|def|1
|upkeep
|turn|16
|
|t:|1657217709
|move|p1a: Smeargle|Spore|p2a: Ahsoka
|-status|p2a: Ahsoka|slp|[from] move: Spore
|cant|p2a: Ahsoka|slp
|
|-ability|p1a: Smeargle|Moody|boost
|-boost|p1a: Smeargle|spa|2
|-unboost|p1a: Smeargle|atk|1
|upkeep
|turn|17
|
|t:|1657217711
|move|p1a: Smeargle|Baton Pass|p1a: Smeargle
|
|t:|1657217716
|switch|p1a: Zacian|Zacian-Crowned|77/100|[from]move: Baton Pass
|-ability|p1a: Zacian|Intrepid Sword|boost
|-boost|p1a: Zacian|atk|1
|-curestatus|p2a: Ahsoka|slp|[msg]
|move|p2a: Ahsoka|Perish Song|p2a: Ahsoka
|-start|p1a: Zacian|perish3|[silent]
|-start|p2a: Ahsoka|perish3|[silent]
|-fieldactivate|move: Perish Song
|
|-start|p1a: Zacian|perish3
|-start|p2a: Ahsoka|perish3
|upkeep
|turn|18
|
|t:|1657217722
|switch|p2a: Yoda|Groudon-Primal, shiny|94/100 slp
|-damage|p2a: Yoda|82/100 slp|[from] Stealth Rock
|-weather|DesolateLand|[from] ability: Desolate Land|[of] p2a: Yoda
|move|p1a: Zacian|Behemoth Blade|p2a: Yoda
|-resisted|p2a: Yoda
|-damage|p2a: Yoda|55/100 slp
|
|-weather|DesolateLand|[upkeep]
|-start|p1a: Zacian|perish2
|upkeep
|turn|19
|
|t:|1657217744
|move|p1a: Zacian|Behemoth Blade|p2a: Yoda
|-resisted|p2a: Yoda
|-damage|p2a: Yoda|29/100 slp
|cant|p2a: Yoda|slp
|
|-weather|DesolateLand|[upkeep]
|-start|p1a: Zacian|perish1
|upkeep
|turn|20
|
|t:|1657217757
|switch|p1a: Smeargle|Smeargle, M|1/100
|cant|p2a: Yoda|slp
|
|-weather|DesolateLand|[upkeep]
|-ability|p1a: Smeargle|Moody|boost
|-boost|p1a: Smeargle|spa|2
|-unboost|p1a: Smeargle|spe|1
|upkeep
|turn|21
|
|t:|1657217770
|cant|p2a: Yoda|slp
|move|p1a: Smeargle|Spore|p2a: Yoda
|-fail|p2a: Yoda|slp
|
|-weather|DesolateLand|[upkeep]
|-ability|p1a: Smeargle|Moody|boost
|-boost|p1a: Smeargle|spa|2
|-unboost|p1a: Smeargle|spe|1
|upkeep
|turn|22
|
|t:|1657217779
|-curestatus|p2a: Yoda|slp|[msg]
|move|p2a: Yoda|Earthquake|p1a: Smeargle
|-damage|p1a: Smeargle|0 fnt
|faint|p1a: Smeargle
|
|-weather|DesolateLand|[upkeep]
|upkeep
|
|t:|1657217785
|switch|p1a: Ditto|Ditto|100/100
|-transform|p1a: Ditto|p2a: Yoda|[from] ability: Imposter
|turn|23
|
|t:|1657217790
|move|p1a: Ditto|Earthquake|p2a: Yoda
|-supereffective|p2a: Yoda
|-damage|p2a: Yoda|0 fnt
|faint|p2a: Yoda
|
|-weather|DesolateLand|[upkeep]
|upkeep
|
|t:|1657217793
|switch|p2a: Grogu|Arceus-Flying|100/100
|-damage|p2a: Grogu|76/100|[from] Stealth Rock
|turn|24
|
|t:|1657217797
|-weather|none
|switch|p1a: Arceus|Arceus|100/100
|move|p2a: Grogu|Calm Mind|p2a: Grogu
|-boost|p2a: Grogu|spa|1
|-boost|p2a: Grogu|spd|1
|
|upkeep
|turn|25
|
|t:|1657217802
|-start|p2a: Grogu|Dynamax|
|-heal|p2a: Grogu|76/100|[silent]
|-start|p1a: Arceus|Dynamax|
|-heal|p1a: Arceus|100/100|[silent]
|move|p2a: Grogu|Max Airstream|p1a: Arceus
|-damage|p1a: Arceus|68/100
|-boost|p2a: Grogu|spe|1
|move|p1a: Arceus|Max Rockfall|p2a: Grogu
|-supereffective|p2a: Grogu
|-damage|p2a: Grogu|47/100
|-weather|Sandstorm
|
|-weather|Sandstorm|[upkeep]
|-damage|p2a: Grogu|44/100|[from] Sandstorm
|-damage|p1a: Arceus|65/100|[from] Sandstorm
|upkeep
|turn|26
|
|t:|1657217816
|move|p2a: Grogu|Max Airstream|p1a: Arceus
|-damage|p1a: Arceus|31/100
|-boost|p2a: Grogu|spe|1
|move|p1a: Arceus|Max Rockfall|p2a: Grogu
|-supereffective|p2a: Grogu
|-damage|p2a: Grogu|11/100
|
|-weather|Sandstorm|[upkeep]
|-damage|p2a: Grogu|7/100|[from] Sandstorm
|-damage|p1a: Arceus|28/100|[from] Sandstorm
|upkeep
|turn|27
|
|t:|1657217826
|move|p2a: Grogu|Max Airstream|p1a: Arceus
|-damage|p1a: Arceus|0 fnt
|-boost|p2a: Grogu|spe|1
|faint|p1a: Arceus
|
|-weather|Sandstorm|[upkeep]
|-damage|p2a: Grogu|4/100|[from] Sandstorm
|upkeep
|
|t:|1657217830
|switch|p1a: Ditto|Ditto|100/100
|-transform|p1a: Ditto|p2a: Grogu|[from] ability: Imposter
|-end|p2a: Grogu|Dynamax
|-heal|p2a: Grogu|5/100|[silent]
|turn|28
|
|t:|1657217837
|move|p1a: Ditto|Judgment|p2a: Grogu
|-damage|p2a: Grogu|0 fnt
|faint|p2a: Grogu
|
|-weather|Sandstorm|[upkeep]
|-damage|p1a: Ditto|94/100|[from] Sandstorm
|upkeep
|
|t:|1657217839
|switch|p2a: Vader|Gengar-Mega, F, shiny|22/100 slp
|-damage|p2a: Vader|10/100 slp|[from] Stealth Rock
|turn|29
|
|t:|1657217842
|move|p1a: Ditto|Judgment|p2a: Vader
|-immune|p2a: Vader
|cant|p2a: Vader|slp
|
|-weather|none
|upkeep
|turn|30
|
|t:|1657217849
|move|p1a: Ditto|Judgment|p2a: Vader
|-immune|p2a: Vader
|cant|p2a: Vader|slp
|
|upkeep
|turn|31
|
|t:|1657217852
|move|p1a: Ditto|Judgment|p2a: Vader
|-immune|p2a: Vader
|cant|p2a: Vader|slp
|
|upkeep
|turn|32
|
|t:|1657217854
|move|p1a: Ditto|Judgment|p2a: Vader
|-immune|p2a: Vader
|-curestatus|p2a: Vader|slp|[msg]
|move|p2a: Vader|Encore||[still]
|-fail|p2a: Vader
|
|upkeep
|turn|33
|
|t:|1657217860
|-activate|p1a: Ditto|move: Struggle
|move|p1a: Ditto|Struggle|p2a: Vader
|-damage|p2a: Vader|0 fnt
|faint|p2a: Vader
|-damage|p1a: Ditto|69/100|[from] recoil
|
|upkeep
|
|t:|1657217866
|switch|p2a: Ahsoka|Arceus-Dark|58/100
|-damage|p2a: Ahsoka|46/100|[from] Stealth Rock
|turn|34
|
|t:|1657217870
|-activate|p1a: Ditto|move: Struggle
|move|p1a: Ditto|Struggle|p2a: Ahsoka
|-damage|p2a: Ahsoka|39/100
|-damage|p1a: Ditto|44/100|[from] recoil
|move|p2a: Ahsoka|Recover|p2a: Ahsoka
|-heal|p2a: Ahsoka|89/100
|
|upkeep
|turn|35
|
|t:|1657217874
|-activate|p1a: Ditto|move: Struggle
|move|p1a: Ditto|Struggle|p2a: Ahsoka
|-damage|p2a: Ahsoka|82/100
|-damage|p1a: Ditto|19/100|[from] recoil
|move|p2a: Ahsoka|Recover|p2a: Ahsoka
|-heal|p2a: Ahsoka|100/100
|
|upkeep
|turn|36
|
|t:|1657217877
|-activate|p1a: Ditto|move: Struggle
|move|p1a: Ditto|Struggle|p2a: Ahsoka
|-damage|p2a: Ahsoka|93/100
|-damage|p1a: Ditto|0 fnt|[from] recoil
|faint|p1a: Ditto
|move|p2a: Ahsoka|Recover|p2a: Ahsoka
|-heal|p2a: Ahsoka|100/100
|
|upkeep
|
|t:|1657217883
|switch|p1a: Zacian|Zacian-Crowned|77/100
|-ability|p1a: Zacian|Intrepid Sword|boost
|-boost|p1a: Zacian|atk|1
|turn|37
|
|t:|1657217885
|move|p1a: Zacian|Play Rough|p2a: Ahsoka
|-supereffective|p2a: Ahsoka
|-damage|p2a: Ahsoka|0 fnt
|faint|p2a: Ahsoka
|
|upkeep
|
|t:|1657217888
|switch|p2a: Mandalorian|Kyogre|50/100
|-damage|p2a: Mandalorian|37/100|[from] Stealth Rock
|-weather|RainDance|[from] ability: Drizzle|[of] p2a: Mandalorian
|turn|38
|
|t:|1657217893
|move|p1a: Zacian|Close Combat|p2a: Mandalorian
|-damage|p2a: Mandalorian|0 fnt
|-unboost|p1a: Zacian|def|1
|-unboost|p1a: Zacian|spd|1
|faint|p2a: Mandalorian
|
|win|devil's secretary
|raw|devil&apos;s secretary's rating: 1551 &rarr; <strong>1585</strong><br />(+34 for winning)
|raw|Batman Magic's rating: 1840 &rarr; <strong>1806</strong><br />(-34 for losing)
|l|☆Batman Magic
||Ladder isn't responding, score probably updated but might not have (Request timeout).
