|j|☆Lord Tonii Chan
|j|☆Schweppess
|t:|1652631492
|gametype|singles
|player|p1|Lord Tonii Chan|juan|1689
|player|p2|Schweppess|1|1671
|teamsize|p1|6
|teamsize|p2|6
|gen|8
|tier|[Gen 8] National Dex AG
|rated|
|rule|HP Percentage Mod: HP is shown in percentages
|rule|Endless Battle Clause: Forcing endless battles is banned
|clearpoke
|poke|p1|Yveltal|
|poke|p1|Tyranitar, M|
|poke|p1|Quagsire, M|
|poke|p1|Rayquaza|
|poke|p1|Ho-Oh|
|poke|p1|Ferrothorn, M|
|poke|p2|Rayquaza|
|poke|p2|Kyogre|
|poke|p2|Yveltal|
|poke|p2|Zacian-*|
|poke|p2|Necrozma-Dusk-Mane|
|poke|p2|Ditto|
|teampreview
|inactive|Battle timer is ON: inactive players will automatically lose when time's up. (requested by Schweppess)
|inactive|Schweppess has 120 seconds left.
|
|t:|1652631537
|start
|switch|p1a: Desu Desu|Rayquaza|100/100
|switch|p2a: Yveltal|Yveltal|100/100
|-ability|p1a: Desu Desu|Air Lock
|-ability|p2a: Yveltal|Dark Aura
|turn|1
|
|t:|1652631545
|switch|p1a: Terry|Tyranitar, M|100/100
|-weather|Sandstorm|[from] ability: Sand Stream|[of] p1a: Terry
|switch|p2a: Necrozma|Necrozma-Dusk-Mane|100/100
|
|-weather|Sandstorm|[upkeep]
|upkeep
|turn|2
|
|t:|1652631559
|switch|p1a: Bloop|Ferrothorn, M|100/100
|move|p2a: Necrozma|Thunder Wave|p1a: Bloop
|-status|p1a: Bloop|par
|
|-weather|Sandstorm|[upkeep]
|upkeep
|turn|3
|
|t:|1652631565
|move|p2a: Necrozma|Stealth Rock|p1a: Bloop
|-sidestart|p1: Lord Tonii Chan|move: Stealth Rock
|cant|p1a: Bloop|par
|
|-weather|Sandstorm|[upkeep]
|upkeep
|turn|4
|
|t:|1652631578
|switch|p2a: Ditto|Ditto|100/100
|-transform|p2a: Ditto|p1a: Bloop|[from] ability: Imposter
|move|p1a: Bloop|Block|p2a: Ditto
|-activate|p2a: Ditto|trapped
|
|-weather|Sandstorm|[upkeep]
|upkeep
|turn|5
|inactive|Lord Tonii Chan has 120 seconds left.
|
|t:|1652631608
|move|p2a: Ditto|Knock Off|p1a: Bloop
|-damage|p1a: Bloop|83/100 par
|-damage|p2a: Ditto|88/100|[from] ability: Iron Barbs|[of] p1a: Bloop
|-enditem|p1a: Bloop|Leftovers|[from] move: Knock Off|[of] p2a: Ditto
|move|p1a: Bloop|Leech Seed|p2a: Ditto
|-immune|p2a: Ditto
|
|-weather|none
|upkeep
|turn|6
|
|t:|1652631617
|move|p2a: Ditto|Knock Off|p1a: Bloop
|-damage|p1a: Bloop|72/100 par
|-damage|p2a: Ditto|76/100|[from] ability: Iron Barbs|[of] p1a: Bloop
|move|p1a: Bloop|Leech Seed|p2a: Ditto
|-immune|p2a: Ditto
|
|upkeep
|turn|7
|
|t:|1652631626
|move|p1a: Bloop|Protect|p1a: Bloop
|-singleturn|p1a: Bloop|Protect
|move|p2a: Ditto|Knock Off|p1a: Bloop
|-activate|p1a: Bloop|move: Protect
|
|upkeep
|turn|8
|
|t:|1652631634
|cant|p1a: Bloop|par
|move|p2a: Ditto|Knock Off|p1a: Bloop
|-damage|p1a: Bloop|62/100 par
|-damage|p2a: Ditto|63/100|[from] ability: Iron Barbs|[of] p1a: Bloop
|
|upkeep
|turn|9
|
|t:|1652631638
|move|p1a: Bloop|Protect|p1a: Bloop
|-singleturn|p1a: Bloop|Protect
|move|p2a: Ditto|Knock Off|p1a: Bloop
|-activate|p1a: Bloop|move: Protect
|
|upkeep
|turn|10
|
|t:|1652631642
|cant|p1a: Bloop|par
|-activate|p2a: Ditto|move: Struggle
|move|p2a: Ditto|Struggle|p1a: Bloop
|-damage|p1a: Bloop|54/100 par
|-damage|p2a: Ditto|51/100|[from] ability: Iron Barbs|[of] p1a: Bloop
|-damage|p2a: Ditto|26/100|[from] recoil
|
|upkeep
|turn|11
|
|t:|1652631645
|-activate|p2a: Ditto|move: Struggle
|move|p2a: Ditto|Struggle|p1a: Bloop
|-damage|p1a: Bloop|46/100 par
|-damage|p2a: Ditto|14/100|[from] ability: Iron Barbs|[of] p1a: Bloop
|-damage|p2a: Ditto|0 fnt|[from] recoil
|faint|p2a: Ditto
|move|p1a: Bloop|Leech Seed|p2: Ditto|[notarget]
|-fail|p1a: Bloop
|
|upkeep
|
|t:|1652631654
|switch|p2a: Kyogre|Kyogre|100/100
|-weather|RainDance|[from] ability: Drizzle|[of] p2a: Kyogre
|turn|12
|
|t:|1652631657
|move|p2a: Kyogre|Water Spout|p1a: Bloop
|-resisted|p1a: Bloop
|-damage|p1a: Bloop|6/100 par
|move|p1a: Bloop|Leech Seed|p2a: Kyogre
|-start|p2a: Kyogre|move: Leech Seed
|
|-weather|RainDance|[upkeep]
|-damage|p2a: Kyogre|88/100|[from] Leech Seed|[of] p1a: Bloop
|-heal|p1a: Bloop|18/100 par|[silent]
|upkeep
|turn|13
|
|t:|1652631672
|switch|p2a: Yveltal|Yveltal|100/100
|-ability|p2a: Yveltal|Dark Aura
|move|p1a: Bloop|Protect||[still]
|-fail|p1a: Bloop
|
|-weather|RainDance|[upkeep]
|upkeep
|turn|14
|
|t:|1652631692
|move|p2a: Yveltal|Heat Wave|p1a: Bloop
|-supereffective|p1a: Bloop
|-damage|p1a: Bloop|0 fnt
|faint|p1a: Bloop
|-damage|p2a: Yveltal|91/100|[from] item: Life Orb
|
|-weather|RainDance|[upkeep]
|upkeep
|
|t:|1652631696
|switch|p1a: Oh-No|Ho-Oh|100/100
|turn|15
|
|t:|1652631703
|switch|p2a: Kyogre|Kyogre|88/100
|move|p1a: Oh-No|Thunder Wave|p2a: Kyogre
|-status|p2a: Kyogre|par
|
|-weather|RainDance|[upkeep]
|upkeep
|turn|16
|
|t:|1652631709
|move|p2a: Kyogre|Origin Pulse|p1a: Oh-No
|-supereffective|p1a: Oh-No
|-damage|p1a: Oh-No|20/100
|move|p1a: Oh-No|Sacred Fire|p2a: Kyogre
|-resisted|p2a: Kyogre
|-damage|p2a: Kyogre|76/100 par
|
|-weather|none
|upkeep
|turn|17
|
|t:|1652631722
|-start|p2a: Kyogre|Dynamax|
|-heal|p2a: Kyogre|76/100 par|[silent]
|move|p1a: Oh-No|Sacred Fire|p2a: Kyogre
|-resisted|p2a: Kyogre
|-damage|p2a: Kyogre|64/100 par
|move|p2a: Kyogre|Max Lightning|p1a: Oh-No
|-supereffective|p1a: Oh-No
|-damage|p1a: Oh-No|0 fnt
|-fieldstart|move: Electric Terrain
|faint|p1a: Oh-No
|
|upkeep
|
|t:|1652631740
|switch|p1a: Terry|Tyranitar, M|100/100
|-damage|p1a: Terry|88/100|[from] Stealth Rock
|-weather|Sandstorm|[from] ability: Sand Stream|[of] p1a: Terry
|turn|18
|
|t:|1652631748
|move|p2a: Kyogre|Max Geyser|p1a: Terry
|-supereffective|p1a: Terry
|-damage|p1a: Terry|16/100
|-weather|RainDance
|move|p1a: Terry|Stealth Rock|p2a: Kyogre
|-sidestart|p2: Schweppess|move: Stealth Rock
|
|-weather|RainDance|[upkeep]
|-heal|p1a: Terry|22/100|[from] item: Leftovers
|upkeep
|turn|19
|
|t:|1652631757
|move|p2a: Kyogre|Max Geyser|p1a: Terry
|-supereffective|p1a: Terry
|-damage|p1a: Terry|0 fnt
|faint|p1a: Terry
|
|-weather|RainDance|[upkeep]
|upkeep
|
|t:|1652631760
|switch|p1a: Mandy|Yveltal|100/100
|-damage|p1a: Mandy|76/100|[from] Stealth Rock
|-ability|p1a: Mandy|Dark Aura
|-end|p2a: Kyogre|Dynamax
|-heal|p2a: Kyogre|64/100 par|[silent]
|turn|20
|
|t:|1652631765
|-start|p1a: Mandy|Dynamax|
|-heal|p1a: Mandy|76/100|[silent]
|move|p1a: Mandy|Max Airstream|p2a: Kyogre
|-damage|p2a: Kyogre|0 fnt
|-boost|p1a: Mandy|spe|1
|faint|p2a: Kyogre
|-damage|p1a: Mandy|71/100|[from] item: Life Orb
|
|-weather|RainDance|[upkeep]
|upkeep
|
|t:|1652631773
|switch|p2a: Necrozma|Necrozma-Dusk-Mane|100/100
|-damage|p2a: Necrozma|94/100|[from] Stealth Rock
|turn|21
|
|t:|1652631775
|move|p1a: Mandy|Max Flare|p2a: Necrozma
|-supereffective|p2a: Necrozma
|-crit|p2a: Necrozma
|-damage|p2a: Necrozma|41/100
|-weather|SunnyDay
|-damage|p1a: Mandy|66/100|[from] item: Life Orb
|move|p2a: Necrozma|Thunder Wave|p1a: Mandy
|-status|p1a: Mandy|par
|
|-weather|SunnyDay|[upkeep]
|-fieldend|move: Electric Terrain
|upkeep
|turn|22
|
|t:|1652631789
|move|p1a: Mandy|Max Flare|p2a: Necrozma
|-supereffective|p2a: Necrozma
|-damage|p2a: Necrozma|0 fnt
|faint|p2a: Necrozma
|-damage|p1a: Mandy|61/100 par|[from] item: Life Orb
|
|-weather|SunnyDay|[upkeep]
|upkeep
|
|t:|1652631796
|switch|p2a: Zacian|Zacian|100/100
|-damage|p2a: Zacian|88/100|[from] Stealth Rock
|-ability|p2a: Zacian|Intrepid Sword|boost
|-boost|p2a: Zacian|atk|1
|-end|p1a: Mandy|Dynamax
|-heal|p1a: Mandy|61/100 par|[silent]
|turn|23
|
|t:|1652631800
|move|p2a: Zacian|Play Rough|p1a: Mandy
|-supereffective|p1a: Mandy
|-damage|p1a: Mandy|0 fnt
|faint|p1a: Mandy
|
|-weather|SunnyDay|[upkeep]
|upkeep
|
|t:|1652631808
|switch|p1a: Quagy|Quagsire, M|100/100
|-damage|p1a: Quagy|94/100|[from] Stealth Rock
|turn|24
|
|t:|1652631814
|move|p2a: Zacian|Play Rough|p1a: Quagy
|-damage|p1a: Quagy|64/100
|move|p1a: Quagy|Counter|p2a: Zacian
|-damage|p2a: Zacian|16/100
|
|-weather|SunnyDay|[upkeep]
|-heal|p1a: Quagy|71/100|[from] item: Leftovers
|upkeep
|turn|25
|
|t:|1652631823
|switch|p2a: Yveltal|Yveltal|91/100
|-damage|p2a: Yveltal|66/100|[from] Stealth Rock
|-ability|p2a: Yveltal|Dark Aura
|move|p1a: Quagy|Recover|p1a: Quagy
|-heal|p1a: Quagy|100/100
|
|-weather|none
|upkeep
|turn|26
|
|t:|1652631826
|move|p2a: Yveltal|Dark Pulse|p1a: Quagy
|-damage|p1a: Quagy|5/100
|-damage|p2a: Yveltal|56/100|[from] item: Life Orb
|move|p1a: Quagy|Toxic|p2a: Yveltal
|-status|p2a: Yveltal|tox
|
|-heal|p1a: Quagy|11/100|[from] item: Leftovers
|-damage|p2a: Yveltal|50/100 tox|[from] psn
|upkeep
|turn|27
|
|t:|1652631834
|move|p2a: Yveltal|Oblivion Wing|p1a: Quagy
|-damage|p1a: Quagy|0 fnt
|-heal|p2a: Yveltal|58/100 tox|[from] drain|[of] p1a: Quagy
|faint|p1a: Quagy
|-damage|p2a: Yveltal|48/100 tox|[from] item: Life Orb
|
|-damage|p2a: Yveltal|36/100 tox|[from] psn
|upkeep
|
|t:|1652631836
|switch|p1a: Desu Desu|Rayquaza|100/100
|-damage|p1a: Desu Desu|76/100|[from] Stealth Rock
|-ability|p1a: Desu Desu|Air Lock
|turn|28
|
|t:|1652631841
|detailschange|p1a: Desu Desu|Rayquaza-Mega
|-mega|p1a: Desu Desu|Rayquaza|
|-weather|DeltaStream|[from] ability: Delta Stream|[of] p1a: Desu Desu
|move|p1a: Desu Desu|Dragon Ascent|p2a: Yveltal
|-damage|p2a: Yveltal|0 fnt
|-unboost|p1a: Desu Desu|def|1
|-unboost|p1a: Desu Desu|spd|1
|faint|p2a: Yveltal
|
|-weather|DeltaStream|[upkeep]
|upkeep
|
|t:|1652631846
|switch|p2a: Rayquaza|Rayquaza, shiny|100/100
|-damage|p2a: Rayquaza|76/100|[from] Stealth Rock
|-ability|p2a: Rayquaza|Air Lock
|turn|29
|
|t:|1652631851
|detailschange|p2a: Rayquaza|Rayquaza-Mega, shiny
|-mega|p2a: Rayquaza|Rayquaza|
|move|p2a: Rayquaza|Extreme Speed|p1a: Desu Desu
|-damage|p1a: Desu Desu|21/100
|move|p1a: Desu Desu|Dragon Ascent|p2a: Rayquaza
|-damage|p2a: Rayquaza|0 fnt
|-unboost|p1a: Desu Desu|def|1
|-unboost|p1a: Desu Desu|spd|1
|faint|p2a: Rayquaza
|
|-weather|DeltaStream|[upkeep]
|upkeep
|
|t:|1652631858
|switch|p2a: Zacian|Zacian|16/100
|-damage|p2a: Zacian|3/100|[from] Stealth Rock
|-ability|p2a: Zacian|Intrepid Sword|boost
|-boost|p2a: Zacian|atk|1
|turn|30
|
|t:|1652631866
|move|p2a: Zacian|Iron Head|p1a: Desu Desu
|-damage|p1a: Desu Desu|0 fnt
|faint|p1a: Desu Desu
|-weather|none
|
|win|Schweppess
|raw|Lord Tonii Chan's rating: 1689 &rarr; <strong>1668</strong><br />(-21 for losing)
|raw|Schweppess's rating: 1671 &rarr; <strong>1692</strong><br />(+21 for winning)
|l|☆Schweppess
|l|☆Lord Tonii Chan
||Ladder isn't responding, score probably updated but might not have (Request timeout).
|j|☆Lord Tonii Chan
|player|p1|Lord Tonii Chan|juan
