|j|☆Morale Booster
|j|☆Mori Jin Kato
|t:|1660317603
|gametype|singles
|player|p1|Morale Booster|pokemonranger|1582
|player|p2|Mori Jin Kato|red|1523
|teamsize|p1|6
|teamsize|p2|6
|gen|8
|tier|[Gen 8] National Dex AG
|rated|
|rule|HP Percentage Mod: HP is shown in percentages
|rule|Endless Battle Clause: Forcing endless battles is banned
|clearpoke
|poke|p1|Smeargle, F|
|poke|p1|Diancie|
|poke|p1|Xerneas-*|
|poke|p1|Lugia|
|poke|p1|Marshadow|
|poke|p1|Groudon|
|poke|p2|Zacian-*|
|poke|p2|Calyrex-Shadow|
|poke|p2|Dragonite, M|
|poke|p2|Regieleki|
|poke|p2|Ditto|
|poke|p2|Mewtwo|
|teampreview
|
|t:|1660317609
|start
|switch|p1a: No you|Diancie, shiny|100/100
|switch|p2a: Yeoui|Dragonite, M|100/100
|turn|1
|inactive|Battle timer is ON: inactive players will automatically lose when time's up. (requested by Mori Jin Kato)
|inactive|Morale Booster also wants the timer to be on.
|
|t:|1660317624
|detailschange|p1a: No you|Diancie-Mega, shiny
|-mega|p1a: No you|Diancie|Diancite
|move|p1a: No you|Stealth Rock|p2a: Yeoui
|-sidestart|p2: Mori Jin Kato|move: Stealth Rock
|move|p2a: Yeoui|Dragon Dance|p2a: Yeoui
|-boost|p2a: Yeoui|atk|1
|-boost|p2a: Yeoui|spe|1
|
|upkeep
|turn|2
|
|t:|1660317634
|-start|p2a: Yeoui|Dynamax|
|-heal|p2a: Yeoui|100/100|[silent]
|move|p2a: Yeoui|Max Quake|p1a: No you
|-supereffective|p1a: No you
|-damage|p1a: No you|0 fnt
|-boost|p2a: Yeoui|spd|1
|faint|p1a: No you
|
|upkeep
|
|t:|1660317644
|switch|p1a: u = mine|Marshadow|100/100
|turn|3
|
|t:|1660317648
|move|p2a: Yeoui|Max Airstream|p1a: u = mine
|-supereffective|p1a: u = mine
|-enditem|p1a: u = mine|Focus Sash
|-damage|p1a: u = mine|1/100
|-boost|p2a: Yeoui|spe|1
|move|p1a: u = mine|Spectral Thief||[still]
|-clearpositiveboost|p2a: Yeoui|p1a: u = mine|move: Spectral Thief
|-boost|p1a: u = mine|atk|1
|-boost|p1a: u = mine|spd|1
|-boost|p1a: u = mine|spe|2
|-anim|p1a: u = mine|Spectral Thief|p2a: Yeoui
|-damage|p2a: Yeoui|85/100
|
|upkeep
|turn|4
|
|t:|1660317664
|move|p1a: u = mine|Close Combat|p2a: Yeoui
|-resisted|p2a: Yeoui
|-damage|p2a: Yeoui|63/100
|-unboost|p1a: u = mine|def|1
|-unboost|p1a: u = mine|spd|1
|move|p2a: Yeoui|Max Airstream|p1a: u = mine
|-supereffective|p1a: u = mine
|-damage|p1a: u = mine|0 fnt
|-boost|p2a: Yeoui|spe|1
|faint|p1a: u = mine
|
|upkeep
|
|t:|1660317675
|switch|p1a: zzzZZZZZ|Smeargle, F|100/100
|-end|p2a: Yeoui|Dynamax
|-heal|p2a: Yeoui|63/100|[silent]
|turn|5
|
|t:|1660317681
|move|p2a: Yeoui|Dual Wingbeat|p1a: zzzZZZZZ
|-damage|p1a: zzzZZZZZ|44/100
|-damage|p1a: zzzZZZZZ|0 fnt
|faint|p1a: zzzZZZZZ
|-hitcount|p1: zzzZZZZZ|2
|
|upkeep
|c|☆Mori Jin Kato|gg
|c|☆Mori Jin Kato|wp
|
|t:|1660317694
|switch|p1a: Not stalling|Lugia|100/100
|turn|6
|
|t:|1660317696
|move|p2a: Yeoui|Roost|p2a: Yeoui
|-heal|p2a: Yeoui|100/100
|-singleturn|p2a: Yeoui|move: Roost
|move|p1a: Not stalling|Toxic|p2a: Yeoui
|-status|p2a: Yeoui|tox
|
|-damage|p2a: Yeoui|94/100 tox|[from] psn
|upkeep
|turn|7
|
|t:|1660317704
|move|p2a: Yeoui|Dragon Dance|p2a: Yeoui
|-boost|p2a: Yeoui|atk|1
|-boost|p2a: Yeoui|spe|1
|move|p1a: Not stalling|Calm Mind|p1a: Not stalling
|-boost|p1a: Not stalling|spa|1
|-boost|p1a: Not stalling|spd|1
|
|-damage|p2a: Yeoui|82/100 tox|[from] psn
|upkeep
|turn|8
|
|t:|1660317712
|move|p2a: Yeoui|Dual Wingbeat|p1a: Not stalling
|-damage|p1a: Not stalling|93/100
|-damage|p1a: Not stalling|79/100
|-hitcount|p1a: Not stalling|2
|move|p1a: Not stalling|Roost|p1a: Not stalling
|-heal|p1a: Not stalling|100/100
|-singleturn|p1a: Not stalling|move: Roost
|
|-damage|p2a: Yeoui|63/100 tox|[from] psn
|upkeep
|turn|9
|
|t:|1660317721
|move|p2a: Yeoui|Dragon Dance|p2a: Yeoui
|-boost|p2a: Yeoui|atk|1
|-boost|p2a: Yeoui|spe|1
|move|p1a: Not stalling|Roost||[still]
|-fail|p1a: Not stalling|heal
|
|-damage|p2a: Yeoui|38/100 tox|[from] psn
|upkeep
|turn|10
|
|t:|1660317728
|move|p2a: Yeoui|Dual Wingbeat|p1a: Not stalling
|-damage|p1a: Not stalling|91/100
|-damage|p1a: Not stalling|72/100
|-hitcount|p1a: Not stalling|2
|move|p1a: Not stalling|Roost|p1a: Not stalling
|-heal|p1a: Not stalling|100/100
|-singleturn|p1a: Not stalling|move: Roost
|
|-damage|p2a: Yeoui|7/100 tox|[from] psn
|upkeep
|turn|11
|
|t:|1660317737
|move|p2a: Yeoui|Roost|p2a: Yeoui
|-heal|p2a: Yeoui|57/100 tox
|-singleturn|p2a: Yeoui|move: Roost
|move|p1a: Not stalling|Roost||[still]
|-fail|p1a: Not stalling|heal
|
|-damage|p2a: Yeoui|20/100 tox|[from] psn
|upkeep
|turn|12
|
|t:|1660317746
|move|p2a: Yeoui|Roost|p2a: Yeoui
|-heal|p2a: Yeoui|70/100 tox
|-singleturn|p2a: Yeoui|move: Roost
|move|p1a: Not stalling|Roost||[still]
|-fail|p1a: Not stalling|heal
|
|-damage|p2a: Yeoui|26/100 tox|[from] psn
|upkeep
|turn|13
|
|t:|1660317758
|move|p2a: Yeoui|Roost|p2a: Yeoui
|-heal|p2a: Yeoui|76/100 tox
|-singleturn|p2a: Yeoui|move: Roost
|move|p1a: Not stalling|Calm Mind|p1a: Not stalling
|-boost|p1a: Not stalling|spa|1
|-boost|p1a: Not stalling|spd|1
|
|-damage|p2a: Yeoui|27/100 tox|[from] psn
|upkeep
|turn|14
|c|☆Mori Jin Kato|il keep u
|c|☆Mori Jin Kato|here
|c|☆Mori Jin Kato|forever
|c|☆Mori Jin Kato|in purgatory
|
|t:|1660317767
|move|p2a: Yeoui|Dual Wingbeat|p1a: Not stalling
|-damage|p1a: Not stalling|91/100
|-damage|p1a: Not stalling|71/100
|-hitcount|p1a: Not stalling|2
|move|p1a: Not stalling|Roost|p1a: Not stalling
|-heal|p1a: Not stalling|100/100
|-singleturn|p1a: Not stalling|move: Roost
|
|-damage|p2a: Yeoui|0 fnt|[from] psn
|faint|p2a: Yeoui
|upkeep
|
|t:|1660317777
|switch|p2a: Gwendouwin|Regieleki|100/100
|-damage|p2a: Gwendouwin|88/100|[from] Stealth Rock
|turn|15
|
|t:|1660317788
|switch|p1a: The 1 - 2 punch|Groudon|100/100
|detailschange|p1a: The 1 - 2 punch|Groudon-Primal
|-primal|p1a: The 1 - 2 punch
|-weather|DesolateLand|[from] ability: Desolate Land|[of] p1a: The 1 - 2 punch
|move|p2a: Gwendouwin|Wild Charge|p1a: The 1 - 2 punch
|-immune|p1a: The 1 - 2 punch
|
|-weather|DesolateLand|[upkeep]
|upkeep
|turn|16
|
|t:|1660317806
|switch|p2a: Mewtwo|Mewtwo|100/100
|-ability|p2a: Mewtwo|Unnerve
|-damage|p2a: Mewtwo|88/100|[from] Stealth Rock
|move|p1a: The 1 - 2 punch|Fire Punch|p2a: Mewtwo
|-damage|p2a: Mewtwo|0 fnt
|faint|p2a: Mewtwo
|
|-weather|DesolateLand|[upkeep]
|upkeep
|
|t:|1660317815
|switch|p2a: Gwendouwin|Regieleki|88/100
|-damage|p2a: Gwendouwin|76/100|[from] Stealth Rock
|turn|17
|
|t:|1660317820
|move|p2a: Gwendouwin|Explosion|p1a: The 1 - 2 punch
|-damage|p1a: The 1 - 2 punch|51/100
|faint|p2a: Gwendouwin
|move|p1a: The 1 - 2 punch|Fire Punch|p2: Gwendouwin|[notarget]
|-fail|p1a: The 1 - 2 punch
|
|-weather|DesolateLand|[upkeep]
|upkeep
|
|t:|1660317830
|switch|p2a: Calyrex|Calyrex-Shadow|100/100
|-ability|p2a: Calyrex|As One
|-ability|p2a: Calyrex|Unnerve
|-damage|p2a: Calyrex|88/100|[from] Stealth Rock
|turn|18
|
|t:|1660317837
|move|p2a: Calyrex|Astral Barrage|p1a: The 1 - 2 punch
|-damage|p1a: The 1 - 2 punch|0 fnt
|faint|p1a: The 1 - 2 punch
|-weather|none
|-ability|p2a: Calyrex|Grim Neigh|boost
|-boost|p2a: Calyrex|spa|1
|
|upkeep
|c|☆Mori Jin Kato|160 proof
|
|t:|1660317850
|switch|p1a: Divine poke|Xerneas|100/100
|-ability|p1a: Divine poke|Fairy Aura
|turn|19
|
|t:|1660317854
|move|p2a: Calyrex|Astral Barrage|p1a: Divine poke
|-damage|p1a: Divine poke|23/100
|move|p1a: Divine poke|Geomancy||[still]
|-prepare|p1a: Divine poke|Geomancy
|-enditem|p1a: Divine poke|Power Herb
|-anim|p1a: Divine poke|Geomancy|p1a: Divine poke
|-boost|p1a: Divine poke|spa|2
|-boost|p1a: Divine poke|spd|2
|-boost|p1a: Divine poke|spe|2
|
|upkeep
|turn|20
|
|t:|1660317864
|-start|p1a: Divine poke|Dynamax|
|-heal|p1a: Divine poke|23/100|[silent]
|move|p2a: Calyrex|Astral Barrage|p1a: Divine poke
|-damage|p1a: Divine poke|1/100
|move|p1a: Divine poke|Max Starfall|p2a: Calyrex
|-damage|p2a: Calyrex|0 fnt
|-fieldstart|move: Misty Terrain
|faint|p2a: Calyrex
|
|upkeep
|c|☆Mori Jin Kato|ONG
|c|☆Mori Jin Kato|TY
|
|t:|1660317875
|switch|p2a: Seventh Owner|Ditto|100/100
|-damage|p2a: Seventh Owner|88/100|[from] Stealth Rock
|-transform|p2a: Seventh Owner|p1a: Divine poke|[from] ability: Imposter
|-ability|p2a: Seventh Owner|Fairy Aura
|turn|21
|
|t:|1660317882
|move|p2a: Seventh Owner|Moonblast|p1a: Divine poke
|-damage|p1a: Divine poke|0 fnt
|faint|p1a: Divine poke
|
|upkeep
|
|t:|1660317887
|switch|p1a: Not stalling|Lugia|100/100
|turn|22
|
|t:|1660317891
|move|p2a: Seventh Owner|Moonblast|p1a: Not stalling
|-damage|p1a: Not stalling|63/100
|move|p1a: Not stalling|Roost|p1a: Not stalling
|-heal|p1a: Not stalling|100/100
|-singleturn|p1a: Not stalling|move: Roost
|
|upkeep
|turn|23
|
|t:|1660317898
|move|p2a: Seventh Owner|Moonblast|p1a: Not stalling
|-damage|p1a: Not stalling|57/100
|move|p1a: Not stalling|Calm Mind|p1a: Not stalling
|-boost|p1a: Not stalling|spa|1
|-boost|p1a: Not stalling|spd|1
|
|-heal|p1a: Not stalling|63/100|[from] item: Leftovers
|upkeep
|turn|24
|
|t:|1660317905
|move|p2a: Seventh Owner|Moonblast|p1a: Not stalling
|-damage|p1a: Not stalling|5/100
|move|p1a: Not stalling|Roost|p1a: Not stalling
|-heal|p1a: Not stalling|55/100
|-singleturn|p1a: Not stalling|move: Roost
|
|-heal|p1a: Not stalling|61/100|[from] item: Leftovers
|-fieldend|Misty Terrain
|upkeep
|turn|25
|
|t:|1660317913
|move|p2a: Seventh Owner|Moonblast|p1a: Not stalling
|-damage|p1a: Not stalling|4/100
|-unboost|p1a: Not stalling|spa|1
|move|p1a: Not stalling|Roost|p1a: Not stalling
|-heal|p1a: Not stalling|54/100
|-singleturn|p1a: Not stalling|move: Roost
|
|-heal|p1a: Not stalling|60/100|[from] item: Leftovers
|upkeep
|turn|26
|
|t:|1660317926
|switch|p2a: Zacian|Zacian-Crowned|100/100
|-damage|p2a: Zacian|94/100|[from] Stealth Rock
|-ability|p2a: Zacian|Intrepid Sword|boost
|-boost|p2a: Zacian|atk|1
|move|p1a: Not stalling|Roost|p1a: Not stalling
|-heal|p1a: Not stalling|100/100
|-singleturn|p1a: Not stalling|move: Roost
|
|upkeep
|turn|27
|c|☆Mori Jin Kato|love this game
|c|☆Mori Jin Kato|love this luck
|c|☆Mori Jin Kato|love this life
|c|☆Mori Jin Kato|1 percent
|c|☆Mori Jin Kato|u were at 1  percent
|c|☆Mori Jin Kato|and it would have been over
|c|☆Mori Jin Kato|god just favors anyone but me
|c|☆Mori Jin Kato|love it
|
|t:|1660317953
|move|p2a: Zacian|Wild Charge|p1a: Not stalling
|-supereffective|p1a: Not stalling
|-damage|p1a: Not stalling|74/100
|-damage|p2a: Zacian|86/100|[from] Recoil
|move|p1a: Not stalling|Calm Mind|p1a: Not stalling
|-boost|p1a: Not stalling|spa|1
|-boost|p1a: Not stalling|spd|1
|
|-heal|p1a: Not stalling|80/100|[from] item: Leftovers
|upkeep
|turn|28
|
|t:|1660317962
|move|p2a: Zacian|Wild Charge|p1a: Not stalling
|-supereffective|p1a: Not stalling
|-damage|p1a: Not stalling|23/100
|-damage|p2a: Zacian|67/100|[from] Recoil
|move|p1a: Not stalling|Roost|p1a: Not stalling
|-heal|p1a: Not stalling|73/100
|-singleturn|p1a: Not stalling|move: Roost
|
|-heal|p1a: Not stalling|79/100|[from] item: Leftovers
|upkeep
|turn|29
|
|t:|1660317971
|move|p2a: Zacian|Wild Charge|p1a: Not stalling
|-supereffective|p1a: Not stalling
|-damage|p1a: Not stalling|19/100
|-damage|p2a: Zacian|48/100|[from] Recoil
|move|p1a: Not stalling|Roost|p1a: Not stalling
|-heal|p1a: Not stalling|69/100
|-singleturn|p1a: Not stalling|move: Roost
|
|-heal|p1a: Not stalling|75/100|[from] item: Leftovers
|upkeep
|turn|30
|
|t:|1660317981
|move|p2a: Zacian|Wild Charge|p1a: Not stalling
|-supereffective|p1a: Not stalling
|-damage|p1a: Not stalling|19/100
|-damage|p2a: Zacian|30/100|[from] Recoil
|move|p1a: Not stalling|Roost|p1a: Not stalling
|-heal|p1a: Not stalling|69/100
|-singleturn|p1a: Not stalling|move: Roost
|
|-heal|p1a: Not stalling|75/100|[from] item: Leftovers
|upkeep
|turn|31
|
|t:|1660317997
|move|p2a: Zacian|Behemoth Blade|p1a: Not stalling
|-damage|p1a: Not stalling|24/100
|move|p1a: Not stalling|Roost|p1a: Not stalling
|-heal|p1a: Not stalling|74/100
|-singleturn|p1a: Not stalling|move: Roost
|
|-heal|p1a: Not stalling|80/100|[from] item: Leftovers
|upkeep
|turn|32
|
|t:|1660318008
|move|p2a: Zacian|Behemoth Blade|p1a: Not stalling
|-damage|p1a: Not stalling|36/100
|move|p1a: Not stalling|Roost|p1a: Not stalling
|-heal|p1a: Not stalling|86/100
|-singleturn|p1a: Not stalling|move: Roost
|
|-heal|p1a: Not stalling|92/100|[from] item: Leftovers
|upkeep
|turn|33
|
|t:|1660318016
|move|p2a: Zacian|Wild Charge|p1a: Not stalling
|-supereffective|p1a: Not stalling
|-damage|p1a: Not stalling|32/100
|-damage|p2a: Zacian|11/100|[from] Recoil
|move|p1a: Not stalling|Roost|p1a: Not stalling
|-heal|p1a: Not stalling|82/100
|-singleturn|p1a: Not stalling|move: Roost
|
|-heal|p1a: Not stalling|88/100|[from] item: Leftovers
|upkeep
|turn|34
|
|t:|1660318026
|move|p2a: Zacian|Wild Charge|p1a: Not stalling
|-supereffective|p1a: Not stalling
|-damage|p1a: Not stalling|30/100
|-damage|p2a: Zacian|0 fnt|[from] Recoil
|faint|p2a: Zacian
|move|p1a: Not stalling|Aeroblast|p2: Zacian|[notarget]
|-fail|p1a: Not stalling
|
|-heal|p1a: Not stalling|37/100|[from] item: Leftovers
|upkeep
|c|☆Mori Jin Kato|supid fing game
|c|☆Mori Jin Kato|1 percent
|c|☆Mori Jin Kato|dumb showdown
|
|t:|1660318045
|switch|p2a: Seventh Owner|Ditto|88/100
|-damage|p2a: Seventh Owner|76/100|[from] Stealth Rock
|-transform|p2a: Seventh Owner|p1a: Not stalling|[from] ability: Imposter
|turn|35
|
|t:|1660318052
|move|p2a: Seventh Owner|Aeroblast|p1a: Not stalling
|-damage|p1a: Not stalling|23/100
|move|p1a: Not stalling|Toxic|p2a: Seventh Owner|[miss]
|-miss|p1a: Not stalling|p2a: Seventh Owner
|
|-heal|p1a: Not stalling|29/100|[from] item: Leftovers
|upkeep
|turn|36
|
|t:|1660318059
|move|p2a: Seventh Owner|Aeroblast|p1a: Not stalling
|-damage|p1a: Not stalling|15/100
|move|p1a: Not stalling|Toxic|p2a: Seventh Owner
|-status|p2a: Seventh Owner|tox
|
|-heal|p1a: Not stalling|21/100|[from] item: Leftovers
|-damage|p2a: Seventh Owner|70/100 tox|[from] psn
|upkeep
|turn|37
|
|t:|1660318067
|move|p2a: Seventh Owner|Aeroblast|p1a: Not stalling
|-damage|p1a: Not stalling|8/100
|move|p1a: Not stalling|Aeroblast|p2a: Seventh Owner
|-damage|p2a: Seventh Owner|50/100 tox
|
|-heal|p1a: Not stalling|14/100|[from] item: Leftovers
|-damage|p2a: Seventh Owner|38/100 tox|[from] psn
|upkeep
|turn|38
|
|t:|1660318075
|move|p2a: Seventh Owner|Aeroblast|p1a: Not stalling
|-damage|p1a: Not stalling|2/100
|move|p1a: Not stalling|Aeroblast|p2a: Seventh Owner
|-damage|p2a: Seventh Owner|18/100 tox
|
|-heal|p1a: Not stalling|8/100|[from] item: Leftovers
|-damage|p2a: Seventh Owner|0 fnt|[from] psn
|faint|p2a: Seventh Owner
|
|win|Morale Booster
|upkeep
|raw|Morale Booster's rating: 1582 &rarr; <strong>1599</strong><br />(+17 for winning)
|raw|Mori Jin Kato's rating: 1523 &rarr; <strong>1506</strong><br />(-17 for losing)
|c|☆Morale Booster|gg easy
|c|☆Mori Jin Kato|fuck this
|c|☆Mori Jin Kato|yea right
|n|!Mori Jin Kato|morijinkato
|l|!Mori Jin Kato
||Ladder isn't responding, score probably updated but might not have (Request timeout).
