|j|‽Mawm
|j|☆Wizarhrd2
|t:|1665958026
|gametype|singles
|player|p1|Mawm|beauty-gen6xy|1801
|player|p2|Wizarhrd2|cynthia|1578
|teamsize|p1|6
|teamsize|p2|6
|gen|8
|tier|[Gen 8] National Dex AG
|rated|
|rule|HP Percentage Mod: HP is shown in percentages
|rule|Endless Battle Clause: Forcing endless battles is banned
|clearpoke
|poke|p1|Arceus-*|
|poke|p1|Genesect|
|poke|p1|Yveltal|
|poke|p1|Necrozma-Dusk-Mane|
|poke|p1|Rayquaza|
|poke|p1|Groudon|
|poke|p2|Yveltal|
|poke|p2|Ditto|
|poke|p2|Calyrex-Shadow|
|poke|p2|Dragapult, M|
|poke|p2|Darmanitan-Galar, M|
|poke|p2|Swellow, F|
|teampreview
|inactive|Battle timer is ON: inactive players will automatically lose when time's up. (requested by Mawm)
|
|t:|1665958037
|start
|switch|p1a: Groudon|Groudon|100/100
|switch|p2a: Darmanitan|Darmanitan-Galar, M|100/100
|detailschange|p1a: Groudon|Groudon-Primal
|-primal|p1a: Groudon
|-weather|DesolateLand|[from] ability: Desolate Land|[of] p1a: Groudon
|turn|1
|
|t:|1665958040
|move|p2a: Darmanitan|Earthquake|p1a: Groudon
|-supereffective|p1a: Groudon
|-damage|p1a: Groudon|21/100
|move|p1a: Groudon|Stealth Rock|p2a: Darmanitan
|-sidestart|p2: Wizarhrd2|move: Stealth Rock
|
|-weather|DesolateLand|[upkeep]
|upkeep
|turn|2
|
|t:|1665958048
|switch|p2a: Yveltal|Yveltal|100/100
|-ability|p2a: Yveltal|Dark Aura
|move|p1a: Groudon|Rock Tomb|p2a: Yveltal
|-supereffective|p2a: Yveltal
|-damage|p2a: Yveltal|66/100
|-unboost|p2a: Yveltal|spe|1
|
|-weather|DesolateLand|[upkeep]
|upkeep
|turn|3
|
|t:|1665958055
|move|p1a: Groudon|Rock Tomb|p2a: Yveltal
|-supereffective|p2a: Yveltal
|-damage|p2a: Yveltal|30/100
|-unboost|p2a: Yveltal|spe|1
|move|p2a: Yveltal|Defog|p1a: Groudon
|-unboost|p1a: Groudon|evasion|1
|-sideend|p2: Wizarhrd2|Stealth Rock|[from] move: Defog|[of] p2a: Yveltal
|
|-weather|DesolateLand|[upkeep]
|upkeep
|turn|4
|
|t:|1665958059
|move|p2a: Yveltal|Sucker Punch||[still]
|-fail|p2a: Yveltal
|move|p1a: Groudon|Stealth Rock|p2a: Yveltal
|-sidestart|p2: Wizarhrd2|move: Stealth Rock
|
|-weather|DesolateLand|[upkeep]
|upkeep
|turn|5
|
|t:|1665958064
|move|p2a: Yveltal|Sucker Punch|p1a: Groudon
|-crit|p1a: Groudon
|-damage|p1a: Groudon|0 fnt
|faint|p1a: Groudon
|-weather|none
|
|upkeep
|
|t:|1665958069
|switch|p1a: Arceus|Arceus|100/100
|turn|6
|
|t:|1665958077
|switch|p2a: Calyrex|Calyrex-Shadow|100/100
|-ability|p2a: Calyrex|As One
|-ability|p2a: Calyrex|Unnerve
|-damage|p2a: Calyrex|88/100|[from] Stealth Rock
|move|p1a: Arceus|Extreme Speed|p2a: Calyrex
|-immune|p2a: Calyrex
|
|upkeep
|turn|7
|
|t:|1665958085
|move|p2a: Calyrex|Draining Kiss|p1a: Arceus
|-damage|p1a: Arceus|86/100
|-heal|p2a: Calyrex|100/100|[from] drain|[of] p1a: Arceus
|move|p1a: Arceus|Swords Dance|p1a: Arceus
|-boost|p1a: Arceus|atk|2
|
|upkeep
|turn|8
|
|t:|1665958091
|move|p2a: Calyrex|Astral Barrage|p1a: Arceus
|-immune|p1a: Arceus
|move|p1a: Arceus|Shadow Claw|p2a: Calyrex
|-supereffective|p2a: Calyrex
|-enditem|p2a: Calyrex|Focus Sash
|-damage|p2a: Calyrex|1/100
|
|upkeep
|turn|9
|c|☆Wizarhrd2|IM BLIND
|c|☆Wizarhrd2|FUCK
|
|t:|1665958099
|move|p2a: Calyrex|Energy Ball|p1a: Arceus
|-crit|p1a: Arceus
|-damage|p1a: Arceus|51/100
|-unboost|p1a: Arceus|spd|1
|move|p1a: Arceus|Shadow Claw|p2a: Calyrex
|-supereffective|p2a: Calyrex
|-damage|p2a: Calyrex|0 fnt
|faint|p2a: Calyrex
|
|upkeep
|
|t:|1665958111
|switch|p2a: Darmanitan|Darmanitan-Galar, M|100/100
|-damage|p2a: Darmanitan|76/100|[from] Stealth Rock
|turn|10
|
|t:|1665958118
|move|p1a: Arceus|Extreme Speed|p2a: Darmanitan
|-damage|p2a: Darmanitan|0 fnt
|faint|p2a: Darmanitan
|
|upkeep
|
|t:|1665958123
|switch|p2a: Ditto|Ditto|100/100
|-damage|p2a: Ditto|88/100|[from] Stealth Rock
|-transform|p2a: Ditto|p1a: Arceus|[from] ability: Imposter
|turn|11
|
|t:|1665958128
|move|p2a: Ditto|Extreme Speed|p1a: Arceus
|-damage|p1a: Arceus|0 fnt
|faint|p1a: Arceus
|
|upkeep
|
|t:|1665958143
|switch|p1a: Genesect|Genesect, shiny|100/100
|-ability|p1a: Genesect|Download|boost
|-boost|p1a: Genesect|spa|1
|turn|12
|
|t:|1665958154
|-start|p2a: Ditto|Dynamax|
|-heal|p2a: Ditto|88/100|[silent]
|move|p2a: Ditto|Max Phantasm|p1a: Genesect
|-damage|p1a: Genesect|13/100
|-unboost|p1a: Genesect|def|1
|move|p1a: Genesect|Shift Gear|p1a: Genesect
|-boost|p1a: Genesect|spe|2
|-boost|p1a: Genesect|atk|1
|
|upkeep
|turn|13
|
|t:|1665958166
|move|p2a: Ditto|Max Guard|p2a: Ditto
|-singleturn|p2a: Ditto|Max Guard
|move|p1a: Genesect|Leech Life|p2a: Ditto
|-activate|p2a: Ditto|move: Max Guard
|
|upkeep
|turn|14
|
|t:|1665958172
|move|p1a: Genesect|Leech Life|p2a: Ditto
|-damage|p2a: Ditto|36/100
|-heal|p1a: Genesect|49/100|[from] drain|[of] p2a: Ditto
|-damage|p1a: Genesect|39/100|[from] item: Life Orb
|move|p2a: Ditto|Max Phantasm|p1a: Genesect
|-damage|p1a: Genesect|0 fnt
|faint|p1a: Genesect
|
|upkeep
|
|t:|1665958176
|switch|p1a: Necrozma|Necrozma-Dusk-Mane, shiny|100/100
|-end|p2a: Ditto|Dynamax
|-heal|p2a: Ditto|36/100|[silent]
|turn|15
|
|t:|1665958181
|move|p2a: Ditto|Extreme Speed|p1a: Necrozma
|-resisted|p1a: Necrozma
|-damage|p1a: Necrozma|74/100
|move|p1a: Necrozma|Dragon Dance|p1a: Necrozma
|-boost|p1a: Necrozma|atk|1
|-boost|p1a: Necrozma|spe|1
|
|upkeep
|turn|16
|
|t:|1665958188
|switch|p2a: Yveltal|Yveltal|30/100
|-ability|p2a: Yveltal|Dark Aura
|move|p1a: Necrozma|Photon Geyser|p2a: Yveltal
|-immune|p2a: Yveltal
|
|upkeep
|turn|17
|
|t:|1665958191
|detailschange|p1a: Necrozma|Necrozma-Ultra, shiny
|-burst|p1a: Necrozma|Necrozma|Ultranecrozium Z
|move|p1a: Necrozma|Rock Blast|p2a: Yveltal
|-supereffective|p2a: Yveltal
|-damage|p2a: Yveltal|3/100
|-supereffective|p2a: Yveltal
|-damage|p2a: Yveltal|0 fnt
|faint|p2a: Yveltal
|-hitcount|p2: Yveltal|2
|
|upkeep
|
|t:|1665958196
|switch|p2a: Ditto|Ditto|36/100
|-damage|p2a: Ditto|24/100|[from] Stealth Rock
|-transform|p2a: Ditto|p1a: Necrozma|[from] ability: Imposter
|turn|18
|
|t:|1665958205
|move|p2a: Ditto|Moonlight|p2a: Ditto
|-heal|p2a: Ditto|74/100
|move|p1a: Necrozma|Moonlight|p1a: Necrozma
|-heal|p1a: Necrozma|100/100
|
|upkeep
|turn|19
|
|t:|1665958213
|switch|p2a: Dragapult|Dragapult, M|100/100
|-damage|p2a: Dragapult|88/100|[from] Stealth Rock
|move|p1a: Necrozma|Dragon Dance|p1a: Necrozma
|-boost|p1a: Necrozma|atk|1
|-boost|p1a: Necrozma|spe|1
|
|upkeep
|turn|20
|
|t:|1665958218
|move|p1a: Necrozma|Photon Geyser|p2a: Dragapult
|-damage|p2a: Dragapult|0 fnt
|faint|p2a: Dragapult
|
|upkeep
|
|t:|1665958228
|switch|p2a: Ditto|Ditto|74/100
|-damage|p2a: Ditto|62/100|[from] Stealth Rock
|-transform|p2a: Ditto|p1a: Necrozma|[from] ability: Imposter
|turn|21
|
|t:|1665958241
|move|p2a: Ditto|Rock Blast|p1a: Necrozma
|-damage|p1a: Necrozma|86/100
|-damage|p1a: Necrozma|72/100
|-hitcount|p1a: Necrozma|2
|-zpower|p1a: Necrozma
|move|p1a: Necrozma|Light That Burns the Sky|p2a: Ditto|[zeffect]
|-resisted|p2a: Ditto
|-damage|p2a: Ditto|0 fnt
|faint|p2a: Ditto
|
|upkeep
|-message|Wizarhrd2 forfeited.
|
|win|Mawm
|raw|Mawm's rating: 1801 &rarr; <strong>1810</strong><br />(+9 for winning)
|raw|Wizarhrd2's rating: 1578 &rarr; <strong>1569</strong><br />(-9 for losing)
