|j|☆cllout
|j|☆Acornion
|t:|1668292937
|gametype|singles
|player|p1|cllout|misty-lgpe|1666
|player|p2|Acornion|170|1746
|teamsize|p1|6
|teamsize|p2|6
|gen|8
|tier|[Gen 8] National Dex AG
|rated|
|rule|HP Percentage Mod: HP is shown in percentages
|rule|Endless Battle Clause: Forcing endless battles is banned
|clearpoke
|poke|p1|Rayquaza|
|poke|p1|Groudon|
|poke|p1|Arceus-*|
|poke|p1|Zacian-*|
|poke|p1|Calyrex-Shadow|
|poke|p1|Shaymin-Sky|
|poke|p2|Kyogre|
|poke|p2|Cinderace, M|
|poke|p2|Marshadow|
|poke|p2|Yveltal|
|poke|p2|Zekrom|
|poke|p2|Quagsire, M|
|teampreview
|inactive|Battle timer is ON: inactive players will automatically lose when time's up. (requested by cllout)
|
|t:|1668292949
|start
|switch|p1a: Shay|Shaymin-Sky, shiny|100/100
|switch|p2a: Yveltal|Yveltal|100/100
|-ability|p2a: Yveltal|Dark Aura
|turn|1
|j| sedffvfvf
|
|t:|1668292958
|move|p1a: Shay|Air Slash|p2a: Yveltal
|-damage|p2a: Yveltal|63/100
|move|p2a: Yveltal|Oblivion Wing|p1a: Shay
|-supereffective|p1a: Shay
|-damage|p1a: Shay|0 fnt
|-heal|p2a: Yveltal|100/100|[from] drain|[of] p1a: Shay
|faint|p1a: Shay
|-damage|p2a: Yveltal|91/100|[from] item: Life Orb
|
|upkeep
|l| sedffvfvf
|
|t:|1668292971
|switch|p1a: Arse|Arceus-Fairy|100/100
|turn|2
|c|☆Acornion|is shaymin z earthpower
|
|t:|1668292996
|switch|p2a: Cinderace|Cinderace, M|100/100
|move|p1a: Arse|Toxic|p2a: Cinderace
|-status|p2a: Cinderace|tox
|
|-damage|p2a: Cinderace|95/100 tox|[from] psn
|upkeep
|turn|3
|c|☆cllout|ye
|inactive|cllout has 120 seconds left.
|
|t:|1668293030
|switch|p1a: G-Primal|Groudon|100/100
|detailschange|p1a: G-Primal|Groudon-Primal
|-primal|p1a: G-Primal
|-weather|DesolateLand|[from] ability: Desolate Land|[of] p1a: G-Primal
|move|p2a: Cinderace|U-turn|p1a: G-Primal
|-start|p2a: Cinderace|typechange|Bug|[from] ability: Libero
|-resisted|p1a: G-Primal
|-damage|p1a: G-Primal|93/100
|c|☆Acornion|lol i used it and got top 10
|c|☆Acornion|it goes sooo hard
|
|t:|1668293044
|switch|p2a: Yveltal|Yveltal|91/100|[from]move: U-turn
|-ability|p2a: Yveltal|Dark Aura
|
|-weather|DesolateLand|[upkeep]
|upkeep
|turn|4
|c|☆cllout|its pretty op
|
|t:|1668293054
|move|p2a: Yveltal|Dark Pulse|p1a: G-Primal
|-damage|p1a: G-Primal|35/100
|-damage|p2a: Yveltal|81/100|[from] item: Life Orb
|cant|p1a: G-Primal|flinch
|
|-weather|DesolateLand|[upkeep]
|upkeep
|turn|5
|c|☆cllout|fk
|inactive|cllout has 120 seconds left.
|
|t:|1668293070
|-weather|none
|switch|p1a: Arse|Arceus-Fairy|100/100
|move|p2a: Yveltal|Dark Pulse|p1a: Arse
|-resisted|p1a: Arse
|-damage|p1a: Arse|81/100
|-damage|p2a: Yveltal|71/100|[from] item: Life Orb
|
|upkeep
|turn|6
|
|t:|1668293080
|switch|p2a: Cinderace|Cinderace, M|95/100 tox
|move|p1a: Arse|Judgment|p2a: Cinderace
|-resisted|p2a: Cinderace
|-damage|p2a: Cinderace|58/100 tox
|
|-damage|p2a: Cinderace|52/100 tox|[from] psn
|upkeep
|turn|7
|
|t:|1668293086
|move|p2a: Cinderace|Pyro Ball|p1a: Arse
|-damage|p1a: Arse|48/100
|move|p1a: Arse|Judgment|p2a: Cinderace
|-resisted|p2a: Cinderace
|-damage|p2a: Cinderace|16/100 tox
|
|-damage|p2a: Cinderace|4/100 tox|[from] psn
|upkeep
|turn|8
|
|t:|1668293089
|move|p2a: Cinderace|Sucker Punch||[still]
|-fail|p2a: Cinderace
|move|p1a: Arse|Recover|p1a: Arse
|-heal|p1a: Arse|98/100
|
|-damage|p2a: Cinderace|0 fnt|[from] psn
|faint|p2a: Cinderace
|upkeep
|
|t:|1668293095
|switch|p2a: Kyogre|Kyogre|100/100
|-weather|RainDance|[from] ability: Drizzle|[of] p2a: Kyogre
|turn|9
|
|t:|1668293125
|move|p2a: Kyogre|Ice Beam|p1a: Arse
|-damage|p1a: Arse|80/100
|move|p1a: Arse|Judgment|p2a: Kyogre
|-damage|p2a: Kyogre|65/100
|
|-weather|RainDance|[upkeep]
|upkeep
|turn|10
|
|t:|1668293133
|switch|p2a: Yveltal|Yveltal|71/100
|-ability|p2a: Yveltal|Dark Aura
|move|p1a: Arse|Judgment|p2a: Yveltal
|-supereffective|p2a: Yveltal
|-damage|p2a: Yveltal|0 fnt
|faint|p2a: Yveltal
|
|-weather|RainDance|[upkeep]
|upkeep
|
|t:|1668293136
|switch|p2a: Kyogre|Kyogre|65/100
|turn|11
|
|t:|1668293142
|move|p2a: Kyogre|Ice Beam|p1a: Arse
|-damage|p1a: Arse|61/100
|-status|p1a: Arse|frz
|cant|p1a: Arse|frz
|
|-weather|RainDance|[upkeep]
|upkeep
|turn|12
|
|t:|1668293147
|switch|p2a: Zekrom|Zekrom|100/100
|-ability|p2a: Zekrom|Teravolt
|cant|p1a: Arse|frz
|
|-weather|RainDance|[upkeep]
|upkeep
|turn|13
|c|☆cllout|...
|
|t:|1668293162
|move|p2a: Zekrom|Dragon Dance|p2a: Zekrom
|-boost|p2a: Zekrom|atk|1
|-boost|p2a: Zekrom|spe|1
|cant|p1a: Arse|frz
|
|-weather|none
|upkeep
|turn|14
|
|t:|1668293166
|move|p2a: Zekrom|Bolt Strike|p1a: Arse
|-damage|p1a: Arse|0 fnt
|faint|p1a: Arse
|
|upkeep
|
|t:|1668293194
|switch|p1a: Caly|Calyrex-Shadow|100/100
|-ability|p1a: Caly|As One
|-ability|p1a: Caly|Unnerve
|turn|15
|
|t:|1668293205
|switch|p2a: Kyogre|Kyogre|65/100
|-weather|RainDance|[from] ability: Drizzle|[of] p2a: Kyogre
|-start|p1a: Caly|Dynamax|
|-heal|p1a: Caly|100/100|[silent]
|move|p1a: Caly|Max Starfall|p2a: Kyogre
|-damage|p2a: Kyogre|33/100
|-fieldstart|move: Misty Terrain
|
|-weather|RainDance|[upkeep]
|upkeep
|turn|16
|
|t:|1668293211
|move|p2a: Kyogre|Origin Pulse|p1a: Caly
|-damage|p1a: Caly|55/100
|move|p1a: Caly|Max Phantasm|p2a: Kyogre
|-damage|p2a: Kyogre|0 fnt
|faint|p2a: Kyogre
|-ability|p1a: Caly|Grim Neigh|boost
|-boost|p1a: Caly|spa|1
|
|-weather|RainDance|[upkeep]
|upkeep
|
|t:|1668293214
|switch|p2a: Marshadow|Marshadow|100/100
|turn|17
|
|t:|1668293228
|-end|p1a: Caly|Dynamax
|-heal|p1a: Caly|55/100|[silent]
|switch|p1a: G-Primal|Groudon-Primal|35/100
|-weather|DesolateLand|[from] ability: Desolate Land|[of] p1a: G-Primal
|move|p2a: Marshadow|Shadow Sneak|p1a: G-Primal
|-damage|p1a: G-Primal|19/100
|
|-weather|DesolateLand|[upkeep]
|upkeep
|turn|18
|
|t:|1668293233
|move|p2a: Marshadow|Swagger|p1a: G-Primal
|-boost|p1a: G-Primal|atk|2
|-activate|p1a: G-Primal|move: Misty Terrain
|move|p1a: G-Primal|Stealth Rock|p2a: Marshadow
|-sidestart|p2: Acornion|move: Stealth Rock
|
|-weather|DesolateLand|[upkeep]
|upkeep
|turn|19
|
|t:|1668293243
|move|p2a: Marshadow|Spectral Thief||[still]
|-clearpositiveboost|p1a: G-Primal|p2a: Marshadow|move: Spectral Thief
|-boost|p2a: Marshadow|atk|2
|-anim|p2a: Marshadow|Spectral Thief|p1a: G-Primal
|-damage|p1a: G-Primal|0 fnt
|faint|p1a: G-Primal
|-weather|none
|
|-fieldend|Misty Terrain
|upkeep
|c|☆cllout|interesting
|
|t:|1668293262
|switch|p1a: Zace|Zacian-Crowned, shiny|100/100
|-ability|p1a: Zace|Intrepid Sword|boost
|-boost|p1a: Zace|atk|1
|turn|20
|
|t:|1668293282
|move|p1a: Zace|Play Rough|p2a: Marshadow
|-supereffective|p2a: Marshadow
|-enditem|p2a: Marshadow|Focus Sash
|-damage|p2a: Marshadow|1/100
|move|p2a: Marshadow|Spectral Thief||[still]
|-clearpositiveboost|p1a: Zace|p2a: Marshadow|move: Spectral Thief
|-boost|p2a: Marshadow|atk|1
|-anim|p2a: Marshadow|Spectral Thief|p1a: Zace
|-damage|p1a: Zace|0 fnt
|faint|p1a: Zace
|
|upkeep
|
|t:|1668293293
|switch|p1a: Ray|Rayquaza|100/100
|-ability|p1a: Ray|Air Lock
|turn|21
|
|t:|1668293304
|detailschange|p1a: Ray|Rayquaza-Mega
|-mega|p1a: Ray|Rayquaza|
|-weather|DeltaStream|[from] ability: Delta Stream|[of] p1a: Ray
|move|p1a: Ray|Waterfall|p2a: Marshadow
|-damage|p2a: Marshadow|0 fnt
|faint|p2a: Marshadow
|
|-weather|DeltaStream|[upkeep]
|upkeep
|
|t:|1668293307
|switch|p2a: Zekrom|Zekrom|100/100
|-damage|p2a: Zekrom|88/100|[from] Stealth Rock
|-ability|p2a: Zekrom|Teravolt
|turn|22
|
|t:|1668293318
|-weather|none
|switch|p1a: Caly|Calyrex-Shadow|55/100
|-ability|p1a: Caly|As One
|-ability|p1a: Caly|Unnerve
|move|p2a: Zekrom|Dragon Dance|p2a: Zekrom
|-boost|p2a: Zekrom|atk|1
|-boost|p2a: Zekrom|spe|1
|
|upkeep
|turn|23
|c|☆cllout|gg, but I haxed so bad
|c|☆cllout|i got haxed*
|c|☆Acornion|ye
|inactive|cllout has 120 seconds left.
|c|☆Acornion|but i dont outspeed
|c|☆cllout|yea, you do
|c|☆cllout|459
|c|☆Acornion|nah adm
|c|☆cllout|vs 438
|c|☆Acornion|nature
|c|☆Acornion|im 419
|inactive|cllout has 90 seconds left.
|
|t:|1668293374
|move|p1a: Caly|Astral Barrage|p2a: Zekrom
|-crit|p2a: Zekrom
|-damage|p2a: Zekrom|0 fnt
|faint|p2a: Zekrom
|-ability|p1a: Caly|Grim Neigh|boost
|-boost|p1a: Caly|spa|1
|
|upkeep
|c|☆cllout|oof
|c|☆cllout|ok
|c|☆Acornion|gg
|c|☆Acornion|wp
|c|☆cllout|thought jolly
|c|☆cllout|gg
|c|☆cllout|wp
|-message|Acornion forfeited.
|
|win|cllout
|raw|cllout's rating: 1666 &rarr; <strong>1691</strong><br />(+25 for winning)
|raw|Acornion's rating: 1746 &rarr; <strong>1721</strong><br />(-25 for losing)
|l|☆Acornion
