|j|☆Adam4002
|j|☆09-10a
|t:|1653032130
|gametype|singles
|player|p1|Adam4002|acetrainer|1524
|player|p2|09-10a|schoolkid-gen4dp|1816
|teamsize|p1|6
|teamsize|p2|6
|gen|8
|tier|[Gen 8] National Dex AG
|rated|
|rule|HP Percentage Mod: HP is shown in percentages
|rule|Endless Battle Clause: Forcing endless battles is banned
|clearpoke
|poke|p1|Salamence, M|
|poke|p1|Cinderace, M|
|poke|p1|Ferrothorn, M|
|poke|p1|Xatu, M|
|poke|p1|Rotom-Mow|
|poke|p1|Toxapex, M|
|poke|p2|Arceus-*|
|poke|p2|Necrozma-Dusk-Mane|
|poke|p2|Arceus-*|
|poke|p2|Groudon, L99|
|poke|p2|Rayquaza|
|poke|p2|Yveltal|
|teampreview
|inactive|Battle timer is ON: inactive players will automatically lose when time's up. (requested by 09-10a)
|
|t:|1653032139
|start
|switch|p1a: Salamence|Salamence, M|100/100
|switch|p2a: Rayquaza|Rayquaza|100/100
|-ability|p1a: Salamence|Intimidate|boost
|-unboost|p2a: Rayquaza|atk|1
|-ability|p2a: Rayquaza|Air Lock
|turn|1
|
|t:|1653032147
|switch|p2a: Arceus|Arceus-Water|100/100
|detailschange|p1a: Salamence|Salamence-Mega, M
|-mega|p1a: Salamence|Salamence|Salamencite
|move|p1a: Salamence|Dragon Claw|p2a: Arceus
|-damage|p2a: Arceus|76/100
|
|upkeep
|turn|2
|
|t:|1653032154
|switch|p1a: Toxapex|Toxapex, M|100/100
|move|p2a: Arceus|Recover|p2a: Arceus
|-heal|p2a: Arceus|100/100
|
|upkeep
|turn|3
|
|t:|1653032163
|switch|p2a: Necrozma|Necrozma-Dusk-Mane|100/100
|move|p1a: Toxapex|Scald|p2a: Necrozma
|-damage|p2a: Necrozma|91/100
|-status|p2a: Necrozma|brn
|
|-damage|p2a: Necrozma|85/100 brn|[from] brn
|upkeep
|turn|4
|
|t:|1653032171
|move|p2a: Necrozma|Knock Off|p1a: Toxapex
|-damage|p1a: Toxapex|89/100
|-enditem|p1a: Toxapex|Black Sludge|[from] move: Knock Off|[of] p2a: Necrozma
|move|p1a: Toxapex|Scald|p2a: Necrozma
|-damage|p2a: Necrozma|75/100 brn
|
|-damage|p2a: Necrozma|69/100 brn|[from] brn
|upkeep
|turn|5
|
|t:|1653032180
|switch|p2a: Groudon|Groudon, L99, shiny|100/100
|detailschange|p2a: Groudon|Groudon-Primal, L99, shiny
|-primal|p2a: Groudon
|-weather|DesolateLand|[from] ability: Desolate Land|[of] p2a: Groudon
|switch|p1a: Ferrothorn|Ferrothorn, M|100/100
|
|-weather|DesolateLand|[upkeep]
|upkeep
|turn|6
|
|t:|1653032206
|-weather|none
|switch|p2a: Necrozma|Necrozma-Dusk-Mane|69/100 brn
|move|p1a: Ferrothorn|Protect||[still]
|-fail|p1a: Ferrothorn
|
|-damage|p2a: Necrozma|63/100 brn|[from] brn
|upkeep
|turn|7
|
|t:|1653032213
|move|p2a: Necrozma|Knock Off|p1a: Ferrothorn
|-damage|p1a: Ferrothorn|92/100
|-damage|p2a: Necrozma|50/100 brn|[from] ability: Iron Barbs|[of] p1a: Ferrothorn
|-enditem|p1a: Ferrothorn|Leftovers|[from] move: Knock Off|[of] p2a: Necrozma
|move|p1a: Ferrothorn|Stealth Rock|p2a: Necrozma
|-sidestart|p2: 09-10a|move: Stealth Rock
|
|-damage|p2a: Necrozma|44/100 brn|[from] brn
|upkeep
|turn|8
|
|t:|1653032221
|move|p2a: Necrozma|Moonlight|p2a: Necrozma
|-heal|p2a: Necrozma|94/100 brn
|move|p1a: Ferrothorn|Leech Seed|p2a: Necrozma
|-start|p2a: Necrozma|move: Leech Seed
|
|-damage|p2a: Necrozma|82/100 brn|[from] Leech Seed|[of] p1a: Ferrothorn
|-heal|p1a: Ferrothorn|100/100|[silent]
|-damage|p2a: Necrozma|76/100 brn|[from] brn
|upkeep
|turn|9
|inactive|Adam4002 has 120 seconds left.
|
|t:|1653032251
|switch|p2a: Yveltal|Yveltal, shiny|100/100
|-ability|p2a: Yveltal|Dark Aura
|switch|p1a: Salamence|Salamence-Mega, M|100/100
|
|upkeep
|turn|10
|
|t:|1653032259
|move|p1a: Salamence|Dragon Dance|p1a: Salamence
|-boost|p1a: Salamence|atk|1
|-boost|p1a: Salamence|spe|1
|move|p2a: Yveltal|Defog|p1a: Salamence
|-unboost|p1a: Salamence|evasion|1
|-sideend|p2: 09-10a|Stealth Rock|[from] move: Defog|[of] p2a: Yveltal
|
|upkeep
|turn|11
|
|t:|1653032265
|move|p1a: Salamence|Dragon Claw|p2a: Yveltal
|-damage|p2a: Yveltal|48/100
|move|p2a: Yveltal|Foul Play|p1a: Salamence
|-damage|p1a: Salamence|6/100
|
|upkeep
|turn|12
|
|t:|1653032271
|switch|p2a: Necrozma|Necrozma-Dusk-Mane|76/100 brn
|move|p1a: Salamence|Return|p2a: Necrozma
|-resisted|p2a: Necrozma
|-damage|p2a: Necrozma|40/100 brn
|
|-damage|p2a: Necrozma|34/100 brn|[from] brn
|upkeep
|turn|13
|
|t:|1653032279
|switch|p2a: Arceus|Arceus-Water|100/100
|move|p1a: Salamence|Earthquake|p2a: Arceus
|-damage|p2a: Arceus|69/100
|
|upkeep
|turn|14
|
|t:|1653032284
|move|p1a: Salamence|Return|p2a: Arceus
|-damage|p2a: Arceus|12/100
|move|p2a: Arceus|Ice Beam|p1a: Salamence
|-supereffective|p1a: Salamence
|-damage|p1a: Salamence|0 fnt
|faint|p1a: Salamence
|
|upkeep
|
|t:|1653032291
|switch|p1a: Rotom|Rotom-Mow|100/100
|turn|15
|
|t:|1653032297
|switch|p2a: Necrozma|Necrozma-Dusk-Mane|34/100 brn
|move|p1a: Rotom|Leaf Storm|p2a: Necrozma
|-resisted|p2a: Necrozma
|-damage|p2a: Necrozma|16/100 brn
|-unboost|p1a: Rotom|spa|2
|
|-damage|p2a: Necrozma|10/100 brn|[from] brn
|upkeep
|turn|16
|
|t:|1653032305
|move|p1a: Rotom|Leaf Storm|p2a: Necrozma
|-resisted|p2a: Necrozma
|-damage|p2a: Necrozma|2/100 brn
|-unboost|p1a: Rotom|spa|2
|move|p2a: Necrozma|Moonlight|p2a: Necrozma
|-heal|p2a: Necrozma|52/100 brn
|
|-damage|p2a: Necrozma|46/100 brn|[from] brn
|upkeep
|turn|17
|
|t:|1653032314
|switch|p1a: Ferrothorn|Ferrothorn, M|100/100
|move|p2a: Necrozma|Knock Off|p1a: Ferrothorn
|-damage|p1a: Ferrothorn|94/100
|-damage|p2a: Necrozma|34/100 brn|[from] ability: Iron Barbs|[of] p1a: Ferrothorn
|
|-damage|p2a: Necrozma|28/100 brn|[from] brn
|upkeep
|turn|18
|
|t:|1653032322
|switch|p2a: Arceus|Arceus-Water|12/100
|move|p1a: Ferrothorn|Leech Seed|p2a: Arceus
|-start|p2a: Arceus|move: Leech Seed
|
|-damage|p2a: Arceus|0 fnt|[from] Leech Seed|[of] p1a: Ferrothorn
|-heal|p1a: Ferrothorn|100/100|[silent]
|faint|p2a: Arceus
|upkeep
|
|t:|1653032325
|switch|p2a: Rayquaza|Rayquaza|100/100
|-ability|p2a: Rayquaza|Air Lock
|turn|19
|
|t:|1653032334
|detailschange|p2a: Rayquaza|Rayquaza-Mega
|-mega|p2a: Rayquaza|Rayquaza|
|-weather|DeltaStream|[from] ability: Delta Stream|[of] p2a: Rayquaza
|move|p2a: Rayquaza|Dragon Ascent|p1a: Ferrothorn
|-damage|p1a: Ferrothorn|28/100
|-unboost|p2a: Rayquaza|def|1
|-unboost|p2a: Rayquaza|spd|1
|-damage|p2a: Rayquaza|88/100|[from] ability: Iron Barbs|[of] p1a: Ferrothorn
|move|p1a: Ferrothorn|Gyro Ball|p2a: Rayquaza
|-damage|p2a: Rayquaza|13/100
|
|-weather|DeltaStream|[upkeep]
|upkeep
|turn|20
|
|t:|1653032351
|move|p2a: Rayquaza|Dragon Ascent|p1a: Ferrothorn
|-damage|p1a: Ferrothorn|0 fnt
|-unboost|p2a: Rayquaza|def|1
|-unboost|p2a: Rayquaza|spd|1
|-damage|p2a: Rayquaza|0 fnt|[from] ability: Iron Barbs|[of] p1a: Ferrothorn
|faint|p1a: Ferrothorn
|faint|p2a: Rayquaza
|-weather|none
|
|upkeep
|
|t:|1653032359
|switch|p2a: Groudon|Groudon-Primal, L99, shiny|100/100
|switch|p1a: Libero F.|Cinderace, M|100/100
|-weather|DesolateLand|[from] ability: Desolate Land|[of] p2a: Groudon
|turn|21
|
|t:|1653032366
|move|p1a: Libero F.|High Jump Kick|p2a: Groudon
|-start|p1a: Libero F.|typechange|Fighting|[from] ability: Libero
|-damage|p2a: Groudon|57/100
|-damage|p1a: Libero F.|91/100|[from] item: Life Orb
|move|p2a: Groudon|Rock Tomb|p1a: Libero F.
|-resisted|p1a: Libero F.
|-damage|p1a: Libero F.|75/100
|-unboost|p1a: Libero F.|spe|1
|
|-weather|DesolateLand|[upkeep]
|upkeep
|turn|22
|
|t:|1653032379
|switch|p1a: Rotom|Rotom-Mow|100/100
|-weather|none
|switch|p2a: Necrozma|Necrozma-Dusk-Mane|28/100 brn
|
|-damage|p2a: Necrozma|22/100 brn|[from] brn
|upkeep
|turn|23
|
|t:|1653032387
|move|p1a: Rotom|Volt Switch|p2a: Necrozma
|-damage|p2a: Necrozma|2/100 brn
|
|t:|1653032390
|switch|p1a: Libero F.|Cinderace, M|75/100|[from]move: Volt Switch
|move|p2a: Necrozma|Moonlight|p2a: Necrozma
|-heal|p2a: Necrozma|52/100 brn
|
|-damage|p2a: Necrozma|46/100 brn|[from] brn
|upkeep
|turn|24
|
|t:|1653032400
|switch|p2a: Arceus|Arceus-Electric, shiny|100/100
|move|p1a: Libero F.|Pyro Ball|p2a: Arceus
|-damage|p2a: Arceus|66/100
|-damage|p1a: Libero F.|65/100|[from] item: Life Orb
|
|upkeep
|turn|25
|
|t:|1653032411
|switch|p1a: Rotom|Rotom-Mow|100/100
|-start|p2a: Arceus|Dynamax|
|-heal|p2a: Arceus|66/100|[silent]
|move|p2a: Arceus|Max Lightning|p1a: Rotom
|-resisted|p1a: Rotom
|-damage|p1a: Rotom|79/100
|-fieldstart|move: Electric Terrain
|
|upkeep
|turn|26
|
|t:|1653032421
|-start|p1a: Rotom|Dynamax|
|-heal|p1a: Rotom|79/100|[silent]
|move|p1a: Rotom|Max Overgrowth|p2a: Arceus
|-damage|p2a: Arceus|45/100
|-fieldstart|move: Grassy Terrain
|move|p2a: Arceus|Max Lightning|p1a: Rotom
|-resisted|p1a: Rotom
|-damage|p1a: Rotom|67/100
|-fieldstart|move: Electric Terrain
|
|upkeep
|turn|27
|
|t:|1653032433
|move|p2a: Arceus|Max Guard|p2a: Arceus
|-singleturn|p2a: Arceus|Max Guard
|move|p1a: Rotom|Max Overgrowth|p2a: Arceus
|-activate|p2a: Arceus|move: Max Guard
|
|upkeep
|-end|p2a: Arceus|Dynamax
|-heal|p2a: Arceus|45/100|[silent]
|turn|28
|
|t:|1653032443
|move|p1a: Rotom|Max Overgrowth|p2a: Arceus
|-damage|p2a: Arceus|3/100
|-fieldstart|move: Grassy Terrain
|move|p2a: Arceus|Recover|p2a: Arceus
|-heal|p2a: Arceus|53/100
|
|-heal|p2a: Arceus|59/100|[from] Grassy Terrain
|upkeep
|-end|p1a: Rotom|Dynamax
|-heal|p1a: Rotom|67/100|[silent]
|turn|29
|
|t:|1653032456
|move|p1a: Rotom|Leaf Storm|p2a: Arceus
|-damage|p2a: Arceus|22/100
|-unboost|p1a: Rotom|spa|2
|move|p2a: Arceus|Recover|p2a: Arceus
|-heal|p2a: Arceus|72/100
|
|-heal|p2a: Arceus|78/100|[from] Grassy Terrain
|upkeep
|turn|30
|
|t:|1653032464
|switch|p1a: Xatu|Xatu, M|100/100
|move|p2a: Arceus|Recover|p2a: Arceus
|-heal|p2a: Arceus|100/100
|
|upkeep
|turn|31
|
|t:|1653032472
|switch|p2a: Necrozma|Necrozma-Dusk-Mane|46/100 brn
|move|p1a: Xatu|Psychic|p2a: Necrozma
|-resisted|p2a: Necrozma
|-damage|p2a: Necrozma|42/100 brn
|
|-heal|p2a: Necrozma|48/100 brn|[from] Grassy Terrain
|-damage|p2a: Necrozma|42/100 brn|[from] brn
|upkeep
|turn|32
|
|t:|1653032484
|switch|p1a: Toxapex|Toxapex, M|100/100
|move|p2a: Necrozma|Knock Off|p1a: Toxapex
|-damage|p1a: Toxapex|92/100
|
|-heal|p2a: Necrozma|48/100 brn|[from] Grassy Terrain
|-heal|p1a: Toxapex|99/100|[from] Grassy Terrain
|-damage|p2a: Necrozma|42/100 brn|[from] brn
|-fieldend|move: Grassy Terrain
|upkeep
|turn|33
|
|t:|1653032492
|switch|p2a: Groudon|Groudon-Primal, L99, shiny|57/100
|-weather|DesolateLand|[from] ability: Desolate Land|[of] p2a: Groudon
|move|p1a: Toxapex|Toxic|p2a: Groudon
|-status|p2a: Groudon|tox
|
|-weather|DesolateLand|[upkeep]
|-damage|p2a: Groudon|51/100 tox|[from] psn
|upkeep
|turn|34
|
|t:|1653032500
|switch|p1a: Rotom|Rotom-Mow|67/100
|move|p2a: Groudon|Stealth Rock|p1a: Rotom
|-sidestart|p1: Adam4002|move: Stealth Rock
|
|-weather|DesolateLand|[upkeep]
|-damage|p2a: Groudon|39/100 tox|[from] psn
|upkeep
|turn|35
|
|t:|1653032510
|move|p1a: Rotom|Volt Switch|p2a: Groudon
|-immune|p2a: Groudon
|move|p2a: Groudon|Rock Tomb|p1a: Rotom|[miss]
|-miss|p2a: Groudon|p1a: Rotom
|
|-weather|DesolateLand|[upkeep]
|-damage|p2a: Groudon|21/100 tox|[from] psn
|upkeep
|turn|36
|
|t:|1653032517
|move|p1a: Rotom|Volt Switch|p2a: Groudon
|-immune|p2a: Groudon
|move|p2a: Groudon|Precipice Blades|p1a: Rotom
|-immune|p1a: Rotom|[from] ability: Levitate
|
|-weather|DesolateLand|[upkeep]
|-damage|p2a: Groudon|0 fnt|[from] psn
|faint|p2a: Groudon
|-weather|none
|upkeep
|
|t:|1653032521
|switch|p2a: Arceus|Arceus-Electric, shiny|100/100
|turn|37
|
|t:|1653032527
|move|p1a: Rotom|Volt Switch|p2a: Arceus
|-resisted|p2a: Arceus
|-damage|p2a: Arceus|90/100
|
|t:|1653032535
|switch|p1a: Xatu|Xatu, M|100/100|[from]move: Volt Switch
|move|p2a: Arceus|Calm Mind|p2a: Arceus
|-boost|p2a: Arceus|spa|1
|-boost|p2a: Arceus|spd|1
|
|upkeep
|turn|38
|
|t:|1653032541
|move|p2a: Arceus|Calm Mind|p2a: Arceus
|-boost|p2a: Arceus|spa|1
|-boost|p2a: Arceus|spd|1
|move|p1a: Xatu|Defog|p2a: Arceus
|-unboost|p2a: Arceus|evasion|1
|-sideend|p1: Adam4002|Stealth Rock|[from] move: Defog|[of] p1a: Xatu
|
|upkeep
|turn|39
|
|t:|1653032547
|move|p2a: Arceus|Thunder|p1a: Xatu
|-supereffective|p1a: Xatu
|-crit|p1a: Xatu
|-damage|p1a: Xatu|0 fnt
|faint|p1a: Xatu
|
|upkeep
|
|t:|1653032552
|switch|p1a: Libero F.|Cinderace, M|65/100
|turn|40
|
|t:|1653032555
|move|p1a: Libero F.|High Jump Kick|p2a: Arceus
|-start|p1a: Libero F.|typechange|Fighting|[from] ability: Libero
|-damage|p2a: Arceus|53/100
|-damage|p1a: Libero F.|55/100|[from] item: Life Orb
|move|p2a: Arceus|Thunder|p1a: Libero F.|[miss]
|-miss|p2a: Arceus|p1a: Libero F.
|
|upkeep
|turn|41
|
|t:|1653032564
|move|p1a: Libero F.|High Jump Kick|p2a: Arceus
|-damage|p2a: Arceus|9/100
|-damage|p1a: Libero F.|45/100|[from] item: Life Orb
|move|p2a: Arceus|Recover|p2a: Arceus
|-heal|p2a: Arceus|59/100
|
|upkeep
|turn|42
|
|t:|1653032571
|move|p1a: Libero F.|High Jump Kick|p2a: Arceus
|-damage|p2a: Arceus|18/100
|-damage|p1a: Libero F.|35/100|[from] item: Life Orb
|move|p2a: Arceus|Recover|p2a: Arceus
|-heal|p2a: Arceus|68/100
|
|upkeep
|turn|43
|
|t:|1653032578
|switch|p1a: Toxapex|Toxapex, M|100/100
|move|p2a: Arceus|Recover|p2a: Arceus
|-heal|p2a: Arceus|100/100
|
|upkeep
|turn|44
|
|t:|1653032583
|move|p2a: Arceus|Thunder|p1a: Toxapex|[miss]
|-miss|p2a: Arceus|p1a: Toxapex
|move|p1a: Toxapex|Haze|p1a: Toxapex
|-clearallboost
|
|upkeep
|turn|45
|
|t:|1653032590
|switch|p2a: Necrozma|Necrozma-Dusk-Mane|42/100 brn
|move|p1a: Toxapex|Toxic||[still]
|-fail|p1a: Toxapex
|
|-damage|p2a: Necrozma|36/100 brn|[from] brn
|upkeep
|turn|46
|
|t:|1653032596
|switch|p2a: Yveltal|Yveltal, shiny|48/100
|-ability|p2a: Yveltal|Dark Aura
|move|p1a: Toxapex|Scald|p2a: Yveltal
|-damage|p2a: Yveltal|39/100
|
|upkeep
|turn|47
|
|t:|1653032603
|move|p2a: Yveltal|U-turn|p1a: Toxapex
|-resisted|p1a: Toxapex
|-damage|p1a: Toxapex|94/100
|
|t:|1653032605
|switch|p2a: Necrozma|Necrozma-Dusk-Mane|36/100 brn|[from]move: U-turn
|move|p1a: Toxapex|Toxic||[still]
|-fail|p1a: Toxapex
|
|-damage|p2a: Necrozma|30/100 brn|[from] brn
|upkeep
|turn|48
|
|t:|1653032611
|move|p2a: Necrozma|Moonlight|p2a: Necrozma
|-heal|p2a: Necrozma|80/100 brn
|move|p1a: Toxapex|Toxic||[still]
|-fail|p1a: Toxapex
|
|-damage|p2a: Necrozma|74/100 brn|[from] brn
|upkeep
|turn|49
|
|t:|1653032620
|move|p2a: Necrozma|Knock Off|p1a: Toxapex
|-damage|p1a: Toxapex|85/100
|move|p1a: Toxapex|Toxic||[still]
|-fail|p1a: Toxapex
|
|-damage|p2a: Necrozma|68/100 brn|[from] brn
|upkeep
|turn|50
|
|t:|1653032626
|move|p2a: Necrozma|Knock Off|p1a: Toxapex
|-damage|p1a: Toxapex|77/100
|move|p1a: Toxapex|Recover|p1a: Toxapex
|-heal|p1a: Toxapex|100/100
|
|-damage|p2a: Necrozma|61/100 brn|[from] brn
|upkeep
|turn|51
|
|t:|1653032643
|move|p2a: Necrozma|Dragon Dance|p2a: Necrozma
|-boost|p2a: Necrozma|atk|1
|-boost|p2a: Necrozma|spe|1
|move|p1a: Toxapex|Scald|p2a: Necrozma
|-damage|p2a: Necrozma|52/100 brn
|
|-damage|p2a: Necrozma|46/100 brn|[from] brn
|upkeep
|turn|52
|
|t:|1653032651
|move|p2a: Necrozma|Sunsteel Strike|p1a: Toxapex
|-resisted|p1a: Toxapex
|-damage|p1a: Toxapex|87/100
|move|p1a: Toxapex|Toxic||[still]
|-fail|p1a: Toxapex
|
|-damage|p2a: Necrozma|40/100 brn|[from] brn
|upkeep
|turn|53
|
|t:|1653032659
|move|p2a: Necrozma|Dragon Dance|p2a: Necrozma
|-boost|p2a: Necrozma|atk|1
|-boost|p2a: Necrozma|spe|1
|move|p1a: Toxapex|Scald|p2a: Necrozma
|-damage|p2a: Necrozma|29/100 brn
|
|-damage|p2a: Necrozma|23/100 brn|[from] brn
|upkeep
|turn|54
|
|t:|1653032673
|switch|p2a: Yveltal|Yveltal, shiny|39/100
|-ability|p2a: Yveltal|Dark Aura
|move|p1a: Toxapex|Haze|p1a: Toxapex
|-clearallboost
|
|upkeep
|turn|55
|
|t:|1653032681
|move|p2a: Yveltal|U-turn|p1a: Toxapex
|-resisted|p1a: Toxapex
|-damage|p1a: Toxapex|80/100
|
|t:|1653032683
|switch|p2a: Necrozma|Necrozma-Dusk-Mane|23/100 brn|[from]move: U-turn
|move|p1a: Toxapex|Scald|p2a: Necrozma
|-damage|p2a: Necrozma|13/100 brn
|
|-damage|p2a: Necrozma|7/100 brn|[from] brn
|upkeep
|turn|56
|
|t:|1653032691
|move|p2a: Necrozma|Moonlight|p2a: Necrozma
|-heal|p2a: Necrozma|57/100 brn
|move|p1a: Toxapex|Scald|p2a: Necrozma
|-crit|p2a: Necrozma
|-damage|p2a: Necrozma|41/100 brn
|
|-damage|p2a: Necrozma|35/100 brn|[from] brn
|upkeep
|turn|57
|
|t:|1653032705
|switch|p2a: Yveltal|Yveltal, shiny|39/100
|-ability|p2a: Yveltal|Dark Aura
|switch|p1a: Rotom|Rotom-Mow|67/100
|
|upkeep
|turn|58
|
|t:|1653032714
|switch|p2a: Arceus|Arceus-Electric, shiny|100/100
|move|p1a: Rotom|Volt Switch|p2a: Arceus
|-resisted|p2a: Arceus
|-damage|p2a: Arceus|90/100
|
|t:|1653032719
|switch|p1a: Toxapex|Toxapex, M|100/100|[from]move: Volt Switch
|
|upkeep
|turn|59
|
|t:|1653032725
|switch|p2a: Necrozma|Necrozma-Dusk-Mane|35/100 brn
|move|p1a: Toxapex|Toxic||[still]
|-fail|p1a: Toxapex
|
|-damage|p2a: Necrozma|29/100 brn|[from] brn
|upkeep
|turn|60
|
|t:|1653032743
|switch|p1a: Rotom|Rotom-Mow|67/100
|move|p2a: Necrozma|Moonlight|p2a: Necrozma
|-heal|p2a: Necrozma|79/100 brn
|
|-damage|p2a: Necrozma|73/100 brn|[from] brn
|upkeep
|turn|61
|
|t:|1653032752
|move|p1a: Rotom|Trick||[still]
|-fail|p1a: Rotom
|move|p2a: Necrozma|Knock Off|p1a: Rotom
|-damage|p1a: Rotom|46/100
|-enditem|p1a: Rotom|Choice Scarf|[from] move: Knock Off|[of] p2a: Necrozma
|
|-damage|p2a: Necrozma|66/100 brn|[from] brn
|upkeep
|turn|62
|
|t:|1653032765
|move|p1a: Rotom|Volt Switch|p2a: Necrozma
|-damage|p2a: Necrozma|48/100 brn
|
|t:|1653032769
|switch|p1a: Toxapex|Toxapex, M|100/100|[from]move: Volt Switch
|move|p2a: Necrozma|Knock Off|p1a: Toxapex
|-damage|p1a: Toxapex|93/100
|
|-damage|p2a: Necrozma|42/100 brn|[from] brn
|upkeep
|turn|63
|
|t:|1653032781
|switch|p1a: Libero F.|Cinderace, M|35/100
|move|p2a: Necrozma|Moonlight|p2a: Necrozma
|-heal|p2a: Necrozma|91/100 brn
|
|-damage|p2a: Necrozma|85/100 brn|[from] brn
|upkeep
|turn|64
|
|t:|1653032789
|move|p1a: Libero F.|Pyro Ball|p2a: Necrozma
|-supereffective|p2a: Necrozma
|-damage|p2a: Necrozma|2/100 brn
|-damage|p1a: Libero F.|25/100|[from] item: Life Orb
|-zpower|p2a: Necrozma
|move|p2a: Necrozma|Searing Sunraze Smash|p1a: Libero F.|[zeffect]
|-resisted|p1a: Libero F.
|-damage|p1a: Libero F.|0 fnt
|faint|p1a: Libero F.
|
|-damage|p2a: Necrozma|0 fnt|[from] brn
|faint|p2a: Necrozma
|upkeep
|
|t:|1653032804
|switch|p1a: Toxapex|Toxapex, M|100/100
|switch|p2a: Arceus|Arceus-Electric, shiny|90/100
|turn|65
|
|t:|1653032808
|move|p2a: Arceus|Calm Mind|p2a: Arceus
|-boost|p2a: Arceus|spa|1
|-boost|p2a: Arceus|spd|1
|move|p1a: Toxapex|Toxic|p2a: Arceus
|-status|p2a: Arceus|tox
|
|-damage|p2a: Arceus|84/100 tox|[from] psn
|upkeep
|turn|66
|
|t:|1653032815
|move|p2a: Arceus|Thunder|p1a: Toxapex
|-supereffective|p1a: Toxapex
|-damage|p1a: Toxapex|0 fnt
|faint|p1a: Toxapex
|
|-damage|p2a: Arceus|71/100 tox|[from] psn
|upkeep
|
|t:|1653032821
|switch|p1a: Rotom|Rotom-Mow|46/100
|turn|67
|
|t:|1653032823
|move|p1a: Rotom|Leaf Storm|p2a: Arceus
|-damage|p2a: Arceus|46/100 tox
|-unboost|p1a: Rotom|spa|2
|move|p2a: Arceus|Recover|p2a: Arceus
|-heal|p2a: Arceus|96/100 tox
|
|-damage|p2a: Arceus|78/100 tox|[from] psn
|upkeep
|turn|68
|
|t:|1653032831
|move|p1a: Rotom|Volt Switch|p2a: Arceus
|-resisted|p2a: Arceus
|-damage|p2a: Arceus|74/100 tox
|move|p2a: Arceus|Recover|p2a: Arceus
|-heal|p2a: Arceus|100/100 tox
|
|-damage|p2a: Arceus|76/100 tox|[from] psn
|upkeep
|turn|69
|
|t:|1653032841
|move|p1a: Rotom|Thunderbolt|p2a: Arceus
|-resisted|p2a: Arceus
|-damage|p2a: Arceus|72/100 tox
|move|p2a: Arceus|Recover|p2a: Arceus
|-heal|p2a: Arceus|100/100 tox
|
|-damage|p2a: Arceus|70/100 tox|[from] psn
|upkeep
|turn|70
|
|t:|1653032849
|move|p1a: Rotom|Thunderbolt|p2a: Arceus
|-resisted|p2a: Arceus
|-damage|p2a: Arceus|66/100 tox
|move|p2a: Arceus|Ice Beam|p1a: Rotom
|-supereffective|p1a: Rotom
|-damage|p1a: Rotom|0 fnt
|faint|p1a: Rotom
|
|win|09-10a
|raw|Adam4002's rating: 1524 &rarr; <strong>1518</strong><br />(-6 for losing)
|raw|09-10a's rating: 1831 &rarr; <strong>1837</strong><br />(+6 for winning)
