|j|☆chopforce8
|j|☆Flynn Watson ^~^
|t:|1642071217
|gametype|singles
|player|p1|chopforce8|red|1784
|player|p2|Flynn Watson ^~^|parasollady-gen4|1865
|teamsize|p1|6
|teamsize|p2|6
|gen|8
|tier|[Gen 8] National Dex AG
|rated|
|rule|HP Percentage Mod: HP is shown in percentages
|rule|Endless Battle Clause: Forcing endless battles is banned
|clearpoke
|poke|p1|Yveltal|
|poke|p1|Diancie|
|poke|p1|Calyrex-Shadow|
|poke|p1|Zacian-*|
|poke|p1|Ditto|
|poke|p1|Arceus-*|
|poke|p2|Zygarde|
|poke|p2|Necrozma-Dusk-Mane|
|poke|p2|Kyogre|
|poke|p2|Arceus-*|
|poke|p2|Groudon|
|poke|p2|Yveltal|
|teampreview
|inactive|Battle timer is ON: inactive players will automatically lose when time's up. (requested by Flynn Watson ^~^)
|j| Azq2020❤ ^~^
|
|t:|1642071230
|start
|switch|p1a: Voldemort|Yveltal|100/100
|switch|p2a: Necrozma|Necrozma-Dusk-Mane|100/100
|-ability|p1a: Voldemort|Dark Aura
|turn|1
|
|t:|1642071240
|switch|p2a: Yveltal|Yveltal|100/100
|-ability|p2a: Yveltal|Dark Aura
|-start|p1a: Voldemort|Dynamax
|-heal|p1a: Voldemort|100/100|[silent]
|move|p1a: Voldemort|Max Darkness|p2a: Yveltal
|-resisted|p2a: Yveltal
|-damage|p2a: Yveltal|67/100
|-unboost|p2a: Yveltal|spd|1
|-damage|p1a: Voldemort|96/100|[from] item: Life Orb
|
|upkeep
|turn|2
|
|t:|1642071252
|switch|p2a: Necrozma|Necrozma-Dusk-Mane|100/100
|move|p1a: Voldemort|Max Airstream|p2a: Necrozma
|-resisted|p2a: Necrozma
|-damage|p2a: Necrozma|65/100
|-boost|p1a: Voldemort|spe|1
|-damage|p1a: Voldemort|91/100|[from] item: Life Orb
|
|upkeep
|turn|3
|j| pokemasterbrendan
|
|t:|1642071264
|switch|p2a: Arceus|Arceus-Fairy|100/100
|move|p1a: Voldemort|Max Darkness|p2a: Arceus
|-resisted|p2a: Arceus
|-damage|p2a: Arceus|62/100
|-unboost|p2a: Arceus|spd|1
|-damage|p1a: Voldemort|86/100|[from] item: Life Orb
|
|-end|p1a: Voldemort|Dynamax
|-heal|p1a: Voldemort|86/100|[silent]
|upkeep
|turn|4
|
|t:|1642071278
|switch|p1a: Fluffy|Zacian-Crowned|100/100
|-ability|p1a: Fluffy|Intrepid Sword|boost
|-boost|p1a: Fluffy|atk|1
|switch|p2a: Kyogre|Kyogre|100/100
|detailschange|p2a: Kyogre|Kyogre-Primal
|-primal|p2a: Kyogre
|-weather|PrimordialSea|[from] ability: Primordial Sea|[of] p2a: Kyogre
|
|-weather|PrimordialSea|[upkeep]
|upkeep
|turn|5
|
|t:|1642071287
|-weather|none
|switch|p2a: Groudon|Groudon|100/100
|detailschange|p2a: Groudon|Groudon-Primal
|-primal|p2a: Groudon
|-weather|DesolateLand|[from] ability: Desolate Land|[of] p2a: Groudon
|move|p1a: Fluffy|Close Combat|p2a: Groudon
|-damage|p2a: Groudon|56/100
|-unboost|p1a: Fluffy|def|1
|-unboost|p1a: Fluffy|spd|1
|
|-weather|DesolateLand|[upkeep]
|upkeep
|turn|6
|
|t:|1642071300
|move|p1a: Fluffy|Close Combat|p2a: Groudon
|-damage|p2a: Groudon|13/100
|-unboost|p1a: Fluffy|def|1
|-unboost|p1a: Fluffy|spd|1
|move|p2a: Groudon|Precipice Blades|p1a: Fluffy
|-supereffective|p1a: Fluffy
|-damage|p1a: Fluffy|0 fnt
|faint|p1a: Fluffy
|
|-weather|DesolateLand|[upkeep]
|upkeep
|
|t:|1642071312
|switch|p1a: Professorquirrel|Calyrex-Shadow|100/100
|-ability|p1a: Professorquirrel|As One
|-ability|p1a: Professorquirrel|Unnerve
|turn|7
|
|t:|1642071317
|-weather|none
|switch|p2a: Yveltal|Yveltal|67/100
|-ability|p2a: Yveltal|Dark Aura
|move|p1a: Professorquirrel|Astral Barrage|p2a: Yveltal
|-resisted|p2a: Yveltal
|-damage|p2a: Yveltal|50/100
|
|upkeep
|turn|8
|j| carrier ant attack
|c| carrier ant attack|wow
|c| carrier ant attack|so many spectators
|
|t:|1642071332
|switch|p1a: Harry Potter|Diancie|100/100
|move|p2a: Yveltal|Roost|p2a: Yveltal
|-heal|p2a: Yveltal|99/100
|-singleturn|p2a: Yveltal|move: Roost
|
|upkeep
|turn|9
|c|☆Flynn Watson ^~^|Usual battles of mine lmao-
|
|t:|1642071347
|switch|p2a: Necrozma|Necrozma-Dusk-Mane|65/100
|detailschange|p1a: Harry Potter|Diancie-Mega
|-mega|p1a: Harry Potter|Diancie|Diancite
|move|p1a: Harry Potter|Stealth Rock|p2a: Necrozma
|-sidestart|p2: Flynn Watson ^~^|move: Stealth Rock
|
|upkeep
|turn|10
|c| carrier ant attack|i only get like one spectator
|c| carrier ant attack|and it's always brendan
|
|t:|1642071362
|switch|p1a: Voldemort|Yveltal|86/100
|-ability|p1a: Voldemort|Dark Aura
|move|p2a: Necrozma|Toxic|p1a: Voldemort
|-status|p1a: Voldemort|tox
|
|-damage|p1a: Voldemort|80/100 tox|[from] psn
|upkeep
|turn|11
|
|t:|1642071373
|switch|p2a: Yveltal|Yveltal|99/100
|-ability|p2a: Yveltal|Dark Aura
|move|p1a: Voldemort|Oblivion Wing|p2a: Yveltal
|-damage|p2a: Yveltal|73/100
|-heal|p1a: Voldemort|100/100 tox|[from] drain|[of] p2a: Yveltal
|-damage|p1a: Voldemort|91/100 tox|[from] item: Life Orb
|
|-damage|p1a: Voldemort|78/100 tox|[from] psn
|upkeep
|turn|12
|c| carrier ant attack|brendan always joining high ladder games for some reason
|
|t:|1642071386
|switch|p1a: Harry Potter|Diancie-Mega|100/100
|move|p2a: Yveltal|Defog|p1a: Harry Potter
|move|p1a: Harry Potter|Defog|p2a: Yveltal|[from]ability: Magic Bounce
|-unboost|p2a: Yveltal|evasion|1
|-sideend|p2: Flynn Watson ^~^|Stealth Rock|[from] move: Defog|[of] p1a: Harry Potter
|
|upkeep
|turn|13
|
|t:|1642071394
|switch|p2a: Groudon|Groudon-Primal|13/100
|-weather|DesolateLand|[from] ability: Desolate Land|[of] p2a: Groudon
|move|p1a: Harry Potter|Earth Power|p2a: Groudon
|-supereffective|p2a: Groudon
|-damage|p2a: Groudon|0 fnt
|faint|p2a: Groudon
|-weather|none
|
|upkeep
|
|t:|1642071396
|switch|p2a: Necrozma|Necrozma-Dusk-Mane|65/100
|turn|14
|
|t:|1642071409
|switch|p1a: MirrorofErised|Ditto|100/100
|-transform|p1a: MirrorofErised|p2a: Necrozma|[from] ability: Imposter
|move|p2a: Necrozma|Sunsteel Strike|p1a: MirrorofErised
|-resisted|p1a: MirrorofErised
|-damage|p1a: MirrorofErised|81/100
|
|upkeep
|turn|15
|
|t:|1642071418
|switch|p1a: Harry Potter|Diancie-Mega|100/100
|move|p2a: Necrozma|Sunsteel Strike|p1a: Harry Potter
|-supereffective|p1a: Harry Potter
|-damage|p1a: Harry Potter|0 fnt
|faint|p1a: Harry Potter
|
|upkeep
|
|t:|1642071426
|switch|p1a: Professorquirrel|Calyrex-Shadow|100/100
|-ability|p1a: Professorquirrel|As One
|-ability|p1a: Professorquirrel|Unnerve
|turn|16
|
|t:|1642071432
|switch|p2a: Yveltal|Yveltal|73/100
|-ability|p2a: Yveltal|Dark Aura
|move|p1a: Professorquirrel|Nasty Plot|p1a: Professorquirrel
|-boost|p1a: Professorquirrel|spa|2
|
|upkeep
|turn|17
|c| carrier ant attack|damn diancie is too weak
|
|t:|1642071438
|-start|p2a: Yveltal|Dynamax
|-heal|p2a: Yveltal|73/100|[silent]
|move|p1a: Professorquirrel|Baton Pass|p1a: Professorquirrel
|
|t:|1642071446
|switch|p1a: Voldemort|Yveltal|78/100 tox|[from]move: Baton Pass
|-ability|p1a: Voldemort|Dark Aura
|move|p2a: Yveltal|Max Darkness|p1a: Voldemort
|-resisted|p1a: Voldemort
|-damage|p1a: Voldemort|50/100 tox
|-unboost|p1a: Voldemort|spd|1
|
|-damage|p1a: Voldemort|44/100 tox|[from] psn
|upkeep
|turn|18
|
|t:|1642071458
|move|p1a: Voldemort|Oblivion Wing|p2a: Yveltal
|-damage|p2a: Yveltal|43/100
|-heal|p1a: Voldemort|95/100 tox|[from] drain|[of] p2a: Yveltal
|-damage|p1a: Voldemort|85/100 tox|[from] item: Life Orb
|move|p2a: Yveltal|Max Darkness|p1a: Voldemort
|-resisted|p1a: Voldemort
|-damage|p1a: Voldemort|41/100 tox
|-unboost|p1a: Voldemort|spd|1
|
|-damage|p1a: Voldemort|29/100 tox|[from] psn
|upkeep
|turn|19
|
|t:|1642071471
|move|p2a: Yveltal|Max Guard|p2a: Yveltal
|-singleturn|p2a: Yveltal|Max Guard
|move|p1a: Voldemort|Oblivion Wing|p2a: Yveltal
|-activate|p2a: Yveltal|move: Max Guard
|
|-damage|p1a: Voldemort|11/100 tox|[from] psn
|-end|p2a: Yveltal|Dynamax
|-heal|p2a: Yveltal|43/100|[silent]
|upkeep
|turn|20
|
|t:|1642071478
|switch|p2a: Necrozma|Necrozma-Dusk-Mane|65/100
|move|p1a: Voldemort|Oblivion Wing|p2a: Necrozma
|-resisted|p2a: Necrozma
|-damage|p2a: Necrozma|21/100
|-heal|p1a: Voldemort|44/100 tox|[from] drain|[of] p2a: Necrozma
|-damage|p1a: Voldemort|34/100 tox|[from] item: Life Orb
|
|-damage|p1a: Voldemort|10/100 tox|[from] psn
|upkeep
|turn|21
|
|t:|1642071491
|move|p1a: Voldemort|Oblivion Wing|p2a: Necrozma
|-resisted|p2a: Necrozma
|-damage|p2a: Necrozma|0 fnt
|-heal|p1a: Voldemort|25/100 tox|[from] drain|[of] p2a: Necrozma
|faint|p2a: Necrozma
|-damage|p1a: Voldemort|16/100 tox|[from] item: Life Orb
|
|-damage|p1a: Voldemort|0 fnt|[from] psn
|faint|p1a: Voldemort
|upkeep
|
|t:|1642071502
|switch|p1a: Professorquirrel|Calyrex-Shadow|100/100
|switch|p2a: Kyogre|Kyogre-Primal|100/100
|-ability|p1a: Professorquirrel|As One
|-ability|p1a: Professorquirrel|Unnerve
|-weather|PrimordialSea|[from] ability: Primordial Sea|[of] p2a: Kyogre
|turn|22
|
|t:|1642071513
|switch|p1a: MirrorofErised|Ditto|81/100
|-transform|p1a: MirrorofErised|p2a: Kyogre|[from] ability: Imposter
|move|p2a: Kyogre|Scald|p1a: MirrorofErised
|-resisted|p1a: MirrorofErised
|-damage|p1a: MirrorofErised|53/100
|
|-weather|PrimordialSea|[upkeep]
|upkeep
|turn|23
|
|t:|1642071525
|switch|p1a: Chess Wizard|Arceus-Flying|100/100
|move|p2a: Kyogre|Calm Mind|p2a: Kyogre
|-boost|p2a: Kyogre|spa|1
|-boost|p2a: Kyogre|spd|1
|
|-weather|PrimordialSea|[upkeep]
|upkeep
|turn|24
|c| carrier ant attack|wow flynn
|
|t:|1642071533
|move|p1a: Chess Wizard|Perish Song|p1a: Chess Wizard
|-start|p1a: Chess Wizard|perish3|[silent]
|-start|p2a: Kyogre|perish3|[silent]
|-fieldactivate|move: Perish Song
|move|p2a: Kyogre|Ice Beam|p1a: Chess Wizard
|-supereffective|p1a: Chess Wizard
|-damage|p1a: Chess Wizard|27/100
|
|-weather|PrimordialSea|[upkeep]
|-start|p1a: Chess Wizard|perish3
|-start|p2a: Kyogre|perish3
|upkeep
|turn|25
|c| carrier ant attack|nice
|
|t:|1642071544
|switch|p1a: MirrorofErised|Ditto|53/100
|-transform|p1a: MirrorofErised|p2a: Kyogre|[from] ability: Imposter
|move|p2a: Kyogre|Ice Beam|p1a: MirrorofErised
|-resisted|p1a: MirrorofErised
|-damage|p1a: MirrorofErised|39/100
|
|-weather|PrimordialSea|[upkeep]
|-start|p2a: Kyogre|perish2
|upkeep
|turn|26
|
|t:|1642071557
|move|p1a: MirrorofErised|Scald|p2a: Kyogre
|-resisted|p2a: Kyogre
|-damage|p2a: Kyogre|78/100
|-status|p2a: Kyogre|brn
|move|p2a: Kyogre|Scald|p1a: MirrorofErised
|-resisted|p1a: MirrorofErised
|-damage|p1a: MirrorofErised|12/100
|
|-weather|PrimordialSea|[upkeep]
|-damage|p2a: Kyogre|71/100 brn|[from] brn
|-start|p2a: Kyogre|perish1
|upkeep
|turn|27
|
|t:|1642071568
|move|p1a: MirrorofErised|Scald|p2a: Kyogre
|-resisted|p2a: Kyogre
|-damage|p2a: Kyogre|51/100 brn
|move|p2a: Kyogre|Scald|p1a: MirrorofErised
|-resisted|p1a: MirrorofErised
|-damage|p1a: MirrorofErised|0 fnt
|faint|p1a: MirrorofErised
|
|-weather|PrimordialSea|[upkeep]
|-damage|p2a: Kyogre|45/100 brn|[from] brn
|-start|p2a: Kyogre|perish0
|upkeep
|faint|p2a: Kyogre
|-weather|none
|
|t:|1642071583
|switch|p2a: Yveltal|Yveltal|43/100
|switch|p1a: Chess Wizard|Arceus-Flying|27/100
|-ability|p2a: Yveltal|Dark Aura
|turn|28
|
|t:|1642071589
|move|p1a: Chess Wizard|Recover|p1a: Chess Wizard
|-heal|p1a: Chess Wizard|77/100
|move|p2a: Yveltal|Roost|p2a: Yveltal
|-heal|p2a: Yveltal|93/100
|-singleturn|p2a: Yveltal|move: Roost
|
|upkeep
|turn|29
|
|t:|1642071595
|move|p1a: Chess Wizard|Calm Mind|p1a: Chess Wizard
|-boost|p1a: Chess Wizard|spa|1
|-boost|p1a: Chess Wizard|spd|1
|move|p2a: Yveltal|Snarl|p1a: Chess Wizard
|-damage|p1a: Chess Wizard|64/100
|-unboost|p1a: Chess Wizard|spa|1
|
|upkeep
|turn|30
|
|t:|1642071603
|move|p1a: Chess Wizard|Recover|p1a: Chess Wizard
|-heal|p1a: Chess Wizard|100/100
|move|p2a: Yveltal|Snarl|p1a: Chess Wizard
|-damage|p1a: Chess Wizard|85/100
|-unboost|p1a: Chess Wizard|spa|1
|
|upkeep
|turn|31
|
|t:|1642071609
|move|p1a: Chess Wizard|Calm Mind|p1a: Chess Wizard
|-boost|p1a: Chess Wizard|spa|1
|-boost|p1a: Chess Wizard|spd|1
|move|p2a: Yveltal|Snarl|p1a: Chess Wizard
|-damage|p1a: Chess Wizard|73/100
|-unboost|p1a: Chess Wizard|spa|1
|
|upkeep
|turn|32
|
|t:|1642071628
|switch|p2a: Zygarde|Zygarde|100/100
|move|p1a: Chess Wizard|Calm Mind|p1a: Chess Wizard
|-boost|p1a: Chess Wizard|spa|1
|-boost|p1a: Chess Wizard|spd|1
|
|upkeep
|turn|33
|
|t:|1642071637
|move|p1a: Chess Wizard|Calm Mind|p1a: Chess Wizard
|-boost|p1a: Chess Wizard|spa|1
|-boost|p1a: Chess Wizard|spd|1
|move|p2a: Zygarde|Dragon Dance|p2a: Zygarde
|-boost|p2a: Zygarde|atk|1
|-boost|p2a: Zygarde|spe|1
|
|upkeep
|turn|34
|c| carrier ant attack|you shouldn't have let the kyogre die
|c| carrier ant attack|lol
|
|t:|1642071652
|move|p2a: Zygarde|Thousand Arrows|p1a: Chess Wizard
|-damage|p1a: Chess Wizard|36/100
|-start|p1a: Chess Wizard|Smack Down
|move|p1a: Chess Wizard|Perish Song|p1a: Chess Wizard
|-start|p1a: Chess Wizard|perish3|[silent]
|-start|p2a: Zygarde|perish3|[silent]
|-fieldactivate|move: Perish Song
|
|-start|p2a: Zygarde|perish3
|-start|p1a: Chess Wizard|perish3
|upkeep
|turn|35
|
|t:|1642071662
|switch|p1a: Professorquirrel|Calyrex-Shadow|100/100
|-ability|p1a: Professorquirrel|As One
|-ability|p1a: Professorquirrel|Unnerve
|move|p2a: Zygarde|Thousand Arrows|p1a: Professorquirrel
|-damage|p1a: Professorquirrel|41/100
|
|-start|p2a: Zygarde|perish2
|upkeep
|turn|36
|
|t:|1642071672
|move|p1a: Professorquirrel|Substitute|p1a: Professorquirrel
|-start|p1a: Professorquirrel|Substitute
|-damage|p1a: Professorquirrel|16/100
|move|p2a: Zygarde|Thousand Arrows|p1a: Professorquirrel
|-end|p1a: Professorquirrel|Substitute
|
|-start|p2a: Zygarde|perish1
|upkeep
|turn|37
|c| carrier ant attack|oh oh
|
|t:|1642071682
|switch|p2a: Yveltal|Yveltal|93/100
|-ability|p2a: Yveltal|Dark Aura
|move|p1a: Professorquirrel|Nasty Plot|p1a: Professorquirrel
|-boost|p1a: Professorquirrel|spa|2
|
|upkeep
|turn|38
|
|t:|1642071688
|move|p1a: Professorquirrel|Baton Pass|p1a: Professorquirrel
|
|t:|1642071689
|switch|p1a: Chess Wizard|Arceus-Flying|36/100|[from]move: Baton Pass
|move|p2a: Yveltal|Snarl|p1a: Chess Wizard
|-damage|p1a: Chess Wizard|17/100
|-unboost|p1a: Chess Wizard|spa|1
|
|upkeep
|turn|39
|c| carrier ant attack|oh oh oh
|
|t:|1642071698
|move|p1a: Chess Wizard|Calm Mind|p1a: Chess Wizard
|-boost|p1a: Chess Wizard|spa|1
|-boost|p1a: Chess Wizard|spd|1
|move|p2a: Yveltal|Snarl|p1a: Chess Wizard
|-damage|p1a: Chess Wizard|2/100
|-unboost|p1a: Chess Wizard|spa|1
|
|upkeep
|turn|40
|
|t:|1642071704
|move|p1a: Chess Wizard|Recover|p1a: Chess Wizard
|-heal|p1a: Chess Wizard|52/100
|move|p2a: Yveltal|Snarl|p1a: Chess Wizard
|-damage|p1a: Chess Wizard|39/100
|-unboost|p1a: Chess Wizard|spa|1
|
|upkeep
|turn|41
|
|t:|1642071717
|switch|p2a: Arceus|Arceus-Fairy|62/100
|move|p1a: Chess Wizard|Calm Mind|p1a: Chess Wizard
|-boost|p1a: Chess Wizard|spa|1
|-boost|p1a: Chess Wizard|spd|1
|
|upkeep
|turn|42
|
|t:|1642071724
|move|p1a: Chess Wizard|Calm Mind|p1a: Chess Wizard
|-boost|p1a: Chess Wizard|spa|1
|-boost|p1a: Chess Wizard|spd|1
|move|p2a: Arceus|Calm Mind|p2a: Arceus
|-boost|p2a: Arceus|spa|1
|-boost|p2a: Arceus|spd|1
|
|upkeep
|turn|43
|
|t:|1642071730
|move|p1a: Chess Wizard|Recover|p1a: Chess Wizard
|-heal|p1a: Chess Wizard|89/100
|move|p2a: Arceus|Calm Mind|p2a: Arceus
|-boost|p2a: Arceus|spa|1
|-boost|p2a: Arceus|spd|1
|
|upkeep
|turn|44
|
|t:|1642071738
|move|p1a: Chess Wizard|Judgment|p2a: Arceus
|-damage|p2a: Arceus|31/100
|move|p2a: Arceus|Calm Mind|p2a: Arceus
|-boost|p2a: Arceus|spa|1
|-boost|p2a: Arceus|spd|1
|
|upkeep
|turn|45
|
|t:|1642071744
|move|p1a: Chess Wizard|Calm Mind|p1a: Chess Wizard
|-boost|p1a: Chess Wizard|spa|1
|-boost|p1a: Chess Wizard|spd|1
|move|p2a: Arceus|Recover|p2a: Arceus
|-heal|p2a: Arceus|81/100
|
|upkeep
|turn|46
|
|t:|1642071750
|move|p1a: Chess Wizard|Judgment|p2a: Arceus
|-damage|p2a: Arceus|47/100
|move|p2a: Arceus|Calm Mind|p2a: Arceus
|-boost|p2a: Arceus|spa|1
|-boost|p2a: Arceus|spd|1
|
|upkeep
|turn|47
|
|t:|1642071755
|move|p1a: Chess Wizard|Calm Mind|p1a: Chess Wizard
|-boost|p1a: Chess Wizard|spa|1
|-boost|p1a: Chess Wizard|spd|1
|move|p2a: Arceus|Recover|p2a: Arceus
|-heal|p2a: Arceus|97/100
|
|upkeep
|turn|48
|c| carrier ant attack|get to 4x
|
|t:|1642071761
|move|p1a: Chess Wizard|Judgment|p2a: Arceus
|-damage|p2a: Arceus|64/100
|move|p2a: Arceus|Calm Mind|p2a: Arceus
|-boost|p2a: Arceus|spa|1
|-boost|p2a: Arceus|spd|1
|
|upkeep
|turn|49
|
|t:|1642071768
|move|p1a: Chess Wizard|Judgment|p2a: Arceus
|-damage|p2a: Arceus|35/100
|move|p2a: Arceus|Calm Mind|p2a: Arceus
|-boost|p2a: Arceus|spa|1
|-boost|p2a: Arceus|spd|1
|
|upkeep
|turn|50
|
|t:|1642071774
|move|p1a: Chess Wizard|Calm Mind|p1a: Chess Wizard
|-boost|p1a: Chess Wizard|spa|1
|-boost|p1a: Chess Wizard|spd|1
|move|p2a: Arceus|Recover|p2a: Arceus
|-heal|p2a: Arceus|85/100
|
|upkeep
|turn|51
|
|t:|1642071780
|move|p1a: Chess Wizard|Calm Mind|p1a: Chess Wizard
|-boost|p1a: Chess Wizard|spa|1
|-boost|p1a: Chess Wizard|spd|0
|move|p2a: Arceus|Judgment|p1a: Chess Wizard
|-damage|p1a: Chess Wizard|56/100
|
|upkeep
|turn|52
|
|t:|1642071789
|move|p1a: Chess Wizard|Recover|p1a: Chess Wizard
|-heal|p1a: Chess Wizard|100/100
|move|p2a: Arceus|Judgment|p1a: Chess Wizard
|-damage|p1a: Chess Wizard|66/100
|
|upkeep
|turn|53
|c|☆Flynn Watson ^~^|I lose tho
|
|t:|1642071807
|move|p1a: Chess Wizard|Judgment|p2a: Arceus
|-damage|p2a: Arceus|52/100
|move|p2a: Arceus|Calm Mind|p2a: Arceus
|-boost|p2a: Arceus|spa|0
|-boost|p2a: Arceus|spd|0
|
|upkeep
|turn|54
|c| carrier ant attack|why?
|
|t:|1642071813
|move|p1a: Chess Wizard|Judgment|p2a: Arceus
|-damage|p2a: Arceus|22/100
|move|p2a: Arceus|Recover|p2a: Arceus
|-heal|p2a: Arceus|72/100
|
|upkeep
|turn|55
|c| carrier ant attack|^~^
|c|☆Flynn Watson ^~^|Perish song...
|
|t:|1642071828
|move|p1a: Chess Wizard|Judgment|p2a: Arceus
|-damage|p2a: Arceus|40/100
|move|p2a: Arceus|Judgment|p1a: Chess Wizard
|-damage|p1a: Chess Wizard|33/100
|
|upkeep
|turn|56
|
|t:|1642071835
|move|p1a: Chess Wizard|Recover|p1a: Chess Wizard
|-heal|p1a: Chess Wizard|83/100
|move|p2a: Arceus|Recover|p2a: Arceus
|-heal|p2a: Arceus|90/100
|
|upkeep
|turn|57
|
|t:|1642071845
|move|p1a: Chess Wizard|Recover|p1a: Chess Wizard
|-heal|p1a: Chess Wizard|100/100
|move|p2a: Arceus|Judgment|p1a: Chess Wizard
|-damage|p1a: Chess Wizard|67/100
|
|upkeep
|turn|58
|c| carrier ant attack|hes not whirlpool
|c|☆Flynn Watson ^~^|But he outspeeds my team
|c|☆Flynn Watson ^~^|And plus 4
|
|t:|1642071861
|move|p1a: Chess Wizard|Calm Mind|p1a: Chess Wizard
|-boost|p1a: Chess Wizard|spa|0
|-boost|p1a: Chess Wizard|spd|0
|move|p2a: Arceus|Judgment|p1a: Chess Wizard
|-damage|p1a: Chess Wizard|36/100
|
|upkeep
|turn|59
|c| carrier ant attack|he will also die
|
|t:|1642071867
|move|p1a: Chess Wizard|Recover|p1a: Chess Wizard
|-heal|p1a: Chess Wizard|86/100
|move|p2a: Arceus|Refresh||[still]
|-fail|p2a: Arceus
|
|upkeep
|turn|60
|c|☆Flynn Watson ^~^|Oh wait a minute you're correct
|c|☆Flynn Watson ^~^|I out pp him
|
|t:|1642071883
|move|p1a: Chess Wizard|Judgment|p2a: Arceus
|-damage|p2a: Arceus|60/100
|move|p2a: Arceus|Calm Mind|p2a: Arceus
|-boost|p2a: Arceus|spa|0
|-boost|p2a: Arceus|spd|0
|
|upkeep
|turn|61
|c| carrier ant attack|yeah!
|c| carrier ant attack|you won
|j| q44
|c| carrier ant attack|unless
|
|t:|1642071892
|move|p1a: Chess Wizard|Calm Mind|p1a: Chess Wizard
|-boost|p1a: Chess Wizard|spa|0
|-boost|p1a: Chess Wizard|spd|0
|move|p2a: Arceus|Calm Mind|p2a: Arceus
|-boost|p2a: Arceus|spa|0
|-boost|p2a: Arceus|spd|0
|
|upkeep
|turn|62
|c| carrier ant attack|unless he gets in one of those crits
|
|t:|1642071899
|move|p1a: Chess Wizard|Judgment|p2a: Arceus
|-damage|p2a: Arceus|25/100
|move|p2a: Arceus|Calm Mind|p2a: Arceus
|-boost|p2a: Arceus|spa|0
|-boost|p2a: Arceus|spd|0
|
|upkeep
|turn|63
|c| carrier ant attack|crits are always pretty fun
|c| carrier ant attack|oh oh
|
|t:|1642071906
|move|p1a: Chess Wizard|Judgment|p2a: Arceus
|-damage|p2a: Arceus|0 fnt
|faint|p2a: Arceus
|
|upkeep
|c|☆Flynn Watson ^~^|Huh
|
|t:|1642071915
|switch|p2a: Yveltal|Yveltal|93/100
|-ability|p2a: Yveltal|Dark Aura
|turn|64
|c| carrier ant attack|well i guess that's that
|
|t:|1642071921
|move|p1a: Chess Wizard|Judgment|p2a: Yveltal
|-damage|p2a: Yveltal|0 fnt
|faint|p2a: Yveltal
|
|upkeep
|c|☆Flynn Watson ^~^|Yea ggwp
|
|t:|1642071925
|switch|p2a: Zygarde|Zygarde|100/100
|turn|65
|c|☆chopforce8|gg
|
|t:|1642071928
|move|p1a: Chess Wizard|Judgment|p2a: Zygarde
|-damage|p2a: Zygarde|0 fnt
|faint|p2a: Zygarde
|
|win|chopforce8
|raw|chopforce8's rating: 1784 &rarr; <strong>1809</strong><br />(+25 for winning)
|raw|Flynn Watson ^~^'s rating: 1865 &rarr; <strong>1840</strong><br />(-25 for losing)
|l|☆chopforce8
|l|☆Flynn Watson ^~^
|l| carrier ant attack
|l| Azq2020❤ ^~^
|l| q44
|c| pokemasterbrendan|:(
