|j|☆Supplement
|j|☆Defensive0
|t:|1667593924
|gametype|singles
|player|p1|Supplement|red|1777
|player|p2|Defensive0|riley|1965
|teamsize|p1|6
|teamsize|p2|6
|gen|8
|tier|[Gen 8] National Dex AG
|rated|
|rule|HP Percentage Mod: HP is shown in percentages
|rule|Endless Battle Clause: Forcing endless battles is banned
|clearpoke
|poke|p1|Deoxys-Speed|
|poke|p1|Yveltal|
|poke|p1|Chansey, F|
|poke|p1|Necrozma-Dusk-Mane|
|poke|p1|Calyrex-Shadow|
|poke|p1|Rayquaza|
|poke|p2|Kyogre|
|poke|p2|Zacian-*|
|poke|p2|Ditto|
|poke|p2|Arceus-*|
|poke|p2|Groudon|
|poke|p2|Arceus-*|
|teampreview
|inactive|Battle timer is ON: inactive players will automatically lose when time's up. (requested by Defensive0)
|inactive|Supplement also wants the timer to be on.
|
|t:|1667593941
|start
|switch|p1a: Deoxys|Deoxys-Speed|100/100
|switch|p2a: Arceus|Arceus|100/100
|-ability|p1a: Deoxys|Pressure
|turn|1
|
|t:|1667593959
|move|p1a: Deoxys|Taunt|p2a: Arceus
|-start|p2a: Arceus|move: Taunt
|move|p2a: Arceus|Shadow Claw|p1a: Deoxys
|-supereffective|p1a: Deoxys
|-damage|p1a: Deoxys|39/100
|-enditem|p1a: Deoxys|Red Card|[of] p2a: Arceus
|drag|p2a: Ditto|Ditto, shiny|100/100
|-transform|p2a: Ditto|p1a: Deoxys|[from] ability: Imposter
|-ability|p2a: Ditto|Pressure
|
|upkeep
|turn|2
|
|t:|1667593969
|switch|p2a: Arceus|Arceus|100/100
|move|p1a: Deoxys|Magic Coat|p1a: Deoxys
|-singleturn|p1a: Deoxys|move: Magic Coat
|
|upkeep
|turn|3
|
|t:|1667593975
|move|p2a: Arceus|Extreme Speed|p1a: Deoxys
|-damage|p1a: Deoxys|0 fnt
|faint|p1a: Deoxys
|
|upkeep
|
|t:|1667593996
|switch|p1a: Rayquaza|Rayquaza|100/100
|-ability|p1a: Rayquaza|Air Lock
|turn|4
|
|t:|1667594007
|switch|p2a: Groudon|Groudon|100/100
|detailschange|p2a: Groudon|Groudon-Primal
|-primal|p2a: Groudon
|-weather|DesolateLand|[from] ability: Desolate Land|[of] p2a: Groudon
|detailschange|p1a: Rayquaza|Rayquaza-Mega
|-mega|p1a: Rayquaza|Rayquaza|
|-weather|DeltaStream|[from] ability: Delta Stream|[of] p1a: Rayquaza
|move|p1a: Rayquaza|Dragon Dance|p1a: Rayquaza
|-boost|p1a: Rayquaza|atk|1
|-boost|p1a: Rayquaza|spe|1
|
|-weather|DeltaStream|[upkeep]
|upkeep
|turn|5
|
|t:|1667594021
|move|p1a: Rayquaza|Waterfall|p2a: Groudon
|-supereffective|p2a: Groudon
|-damage|p2a: Groudon|0 fnt
|faint|p2a: Groudon
|-damage|p1a: Rayquaza|91/100|[from] item: Life Orb
|
|-weather|DeltaStream|[upkeep]
|upkeep
|
|t:|1667594028
|switch|p2a: Ditto|Ditto, shiny|100/100
|-transform|p2a: Ditto|p1a: Rayquaza|[from] ability: Imposter
|turn|6
|
|t:|1667594049
|switch|p1a: Necrozma|Necrozma-Dusk-Mane|100/100
|move|p2a: Ditto|Dragon Ascent|p1a: Necrozma
|-resisted|p1a: Necrozma
|-crit|p1a: Necrozma
|-damage|p1a: Necrozma|47/100
|-unboost|p2a: Ditto|def|1
|-unboost|p2a: Ditto|spd|1
|-damage|p2a: Ditto|84/100|[from] item: Rocky Helmet|[of] p1a: Necrozma
|
|-weather|DeltaStream|[upkeep]
|upkeep
|turn|7
|
|t:|1667594056
|-weather|none
|switch|p2a: Kyogre|Kyogre|100/100
|-weather|RainDance|[from] ability: Drizzle|[of] p2a: Kyogre
|move|p1a: Necrozma|Morning Sun|p1a: Necrozma
|-heal|p1a: Necrozma|72/100
|
|-weather|RainDance|[upkeep]
|upkeep
|turn|8
|
|t:|1667594066
|switch|p1a: Chansey|Chansey, F|100/100
|move|p2a: Kyogre|Water Spout|p1a: Chansey
|-damage|p1a: Chansey|49/100
|
|-weather|RainDance|[upkeep]
|upkeep
|turn|9
|
|t:|1667594073
|move|p2a: Kyogre|Water Spout|p1a: Chansey
|-damage|p1a: Chansey|4/100
|move|p1a: Chansey|Soft-Boiled|p1a: Chansey
|-heal|p1a: Chansey|54/100
|
|-weather|RainDance|[upkeep]
|upkeep
|turn|10
|
|t:|1667594079
|switch|p2a: Arceus|Arceus-Fairy|100/100
|move|p1a: Chansey|Soft-Boiled|p1a: Chansey
|-heal|p1a: Chansey|100/100
|
|-weather|RainDance|[upkeep]
|upkeep
|turn|11
|
|t:|1667594094
|switch|p1a: Necrozma|Necrozma-Dusk-Mane|72/100
|move|p2a: Arceus|Stealth Rock|p1a: Necrozma
|-sidestart|p1: Supplement|move: Stealth Rock
|
|-weather|none
|upkeep
|turn|12
|
|t:|1667594101
|switch|p2a: Kyogre|Kyogre|100/100
|-weather|RainDance|[from] ability: Drizzle|[of] p2a: Kyogre
|move|p1a: Necrozma|Toxic|p2a: Kyogre
|-status|p2a: Kyogre|tox
|
|-weather|RainDance|[upkeep]
|-damage|p2a: Kyogre|94/100 tox|[from] psn
|upkeep
|turn|13
|
|t:|1667594117
|switch|p1a: Chansey|Chansey, F|100/100
|-damage|p1a: Chansey|88/100|[from] Stealth Rock
|move|p2a: Kyogre|Water Spout|p1a: Chansey
|-damage|p1a: Chansey|42/100
|
|-weather|RainDance|[upkeep]
|-damage|p2a: Kyogre|82/100 tox|[from] psn
|upkeep
|turn|14
|
|t:|1667594125
|move|p2a: Kyogre|Water Spout|p1a: Chansey
|-damage|p1a: Chansey|1/100
|move|p1a: Chansey|Soft-Boiled|p1a: Chansey
|-heal|p1a: Chansey|51/100
|
|-weather|RainDance|[upkeep]
|-damage|p2a: Kyogre|64/100 tox|[from] psn
|upkeep
|turn|15
|
|t:|1667594131
|switch|p2a: Zacian|Zacian, shiny|100/100
|-ability|p2a: Zacian|Intrepid Sword|boost
|-boost|p2a: Zacian|atk|1
|move|p1a: Chansey|Soft-Boiled|p1a: Chansey
|-heal|p1a: Chansey|100/100
|
|-weather|RainDance|[upkeep]
|upkeep
|turn|16
|
|t:|1667594143
|switch|p1a: Necrozma|Necrozma-Dusk-Mane|72/100
|-damage|p1a: Necrozma|66/100|[from] Stealth Rock
|move|p2a: Zacian|Close Combat|p1a: Necrozma
|-damage|p1a: Necrozma|14/100
|-unboost|p2a: Zacian|def|1
|-unboost|p2a: Zacian|spd|1
|-damage|p2a: Zacian|84/100|[from] item: Rocky Helmet|[of] p1a: Necrozma
|
|-weather|none
|upkeep
|turn|17
|
|t:|1667594152
|move|p2a: Zacian|Close Combat|p1a: Necrozma
|-damage|p1a: Necrozma|0 fnt
|-unboost|p2a: Zacian|def|1
|-unboost|p2a: Zacian|spd|1
|-damage|p2a: Zacian|67/100|[from] item: Rocky Helmet|[of] p1a: Necrozma
|faint|p1a: Necrozma
|
|upkeep
|
|t:|1667594165
|switch|p1a: Calyrex|Calyrex-Shadow|100/100
|-ability|p1a: Calyrex|As One
|-ability|p1a: Calyrex|Unnerve
|-damage|p1a: Calyrex|88/100|[from] Stealth Rock
|turn|18
|
|t:|1667594170
|switch|p2a: Arceus|Arceus|100/100
|move|p1a: Calyrex|Astral Barrage|p2a: Arceus
|-immune|p2a: Arceus
|
|upkeep
|turn|19
|
|t:|1667594184
|switch|p1a: Yveltal|Yveltal, shiny|100/100
|-damage|p1a: Yveltal|76/100|[from] Stealth Rock
|-ability|p1a: Yveltal|Dark Aura
|move|p2a: Arceus|Swords Dance|p2a: Arceus
|-boost|p2a: Arceus|atk|2
|
|upkeep
|turn|20
|
|t:|1667594207
|-start|p1a: Yveltal|Dynamax|
|-heal|p1a: Yveltal|76/100|[silent]
|-start|p2a: Arceus|Dynamax|
|-heal|p2a: Arceus|100/100|[silent]
|move|p1a: Yveltal|Max Airstream|p2a: Arceus
|-damage|p2a: Arceus|74/100
|-boost|p1a: Yveltal|spe|1
|move|p2a: Arceus|Max Strike|p1a: Yveltal
|-damage|p1a: Yveltal|9/100
|-unboost|p1a: Yveltal|spe|1
|
|upkeep
|turn|21
|
|t:|1667594222
|move|p1a: Yveltal|Max Darkness|p2a: Arceus
|-damage|p2a: Arceus|43/100
|-unboost|p2a: Arceus|spd|1
|move|p2a: Arceus|Max Phantasm|p1a: Yveltal
|-resisted|p1a: Yveltal
|-damage|p1a: Yveltal|0 fnt
|faint|p1a: Yveltal
|
|upkeep
|
|t:|1667594231
|switch|p1a: Calyrex|Calyrex-Shadow|88/100
|-ability|p1a: Calyrex|As One
|-ability|p1a: Calyrex|Unnerve
|-damage|p1a: Calyrex|76/100|[from] Stealth Rock
|turn|22
|
|t:|1667594239
|move|p1a: Calyrex|Draining Kiss|p2a: Arceus
|-damage|p2a: Arceus|32/100
|-heal|p1a: Calyrex|98/100|[from] drain|[of] p2a: Arceus
|move|p2a: Arceus|Max Phantasm|p1a: Calyrex
|-supereffective|p1a: Calyrex
|-damage|p1a: Calyrex|0 fnt
|faint|p1a: Calyrex
|
|upkeep
|
|t:|1667594252
|switch|p1a: Rayquaza|Rayquaza-Mega|91/100
|-damage|p1a: Rayquaza|66/100|[from] Stealth Rock
|-weather|DeltaStream|[from] ability: Delta Stream|[of] p1a: Rayquaza
|-end|p2a: Arceus|Dynamax
|-heal|p2a: Arceus|32/100|[silent]
|turn|23
|
|t:|1667594261
|move|p1a: Rayquaza|Extreme Speed|p2a: Arceus
|-damage|p2a: Arceus|0 fnt
|faint|p2a: Arceus
|-damage|p1a: Rayquaza|56/100|[from] item: Life Orb
|
|-weather|DeltaStream|[upkeep]
|upkeep
|
|t:|1667594267
|switch|p2a: Ditto|Ditto, shiny|84/100
|-transform|p2a: Ditto|p1a: Rayquaza|[from] ability: Imposter
|turn|24
|
|t:|1667594271
|move|p2a: Ditto|Dragon Ascent|p1a: Rayquaza
|-damage|p1a: Rayquaza|0 fnt
|-unboost|p2a: Ditto|def|1
|-unboost|p2a: Ditto|spd|1
|faint|p1a: Rayquaza
|
|-weather|DeltaStream|[upkeep]
|upkeep
|
|t:|1667594275
|switch|p1a: Chansey|Chansey, F|100/100
|-damage|p1a: Chansey|88/100|[from] Stealth Rock
|turn|25
|
|t:|1667594280
|-weather|none
|switch|p2a: Arceus|Arceus-Fairy|100/100
|move|p1a: Chansey|Toxic|p2a: Arceus|[miss]
|-miss|p1a: Chansey|p2a: Arceus
|
|upkeep
|turn|26
|
|t:|1667594287
|move|p2a: Arceus|Toxic|p1a: Chansey
|-status|p1a: Chansey|tox
|move|p1a: Chansey|Toxic|p2a: Arceus
|-status|p2a: Arceus|tox
|
|-damage|p2a: Arceus|94/100 tox|[from] psn
|-damage|p1a: Chansey|82/100 tox|[from] psn
|upkeep
|turn|27
|
|t:|1667594297
|switch|p2a: Ditto|Ditto, shiny|84/100
|-transform|p2a: Ditto|p1a: Chansey|[from] ability: Imposter
|move|p1a: Chansey|Heal Bell|p1a: Chansey
|-activate|p1a: Chansey|move: Heal Bell
|-curestatus|p1a: Chansey|tox|[msg]
|
|upkeep
|turn|28
|
|t:|1667594306
|move|p2a: Ditto|Heal Bell|p2a: Ditto
|-activate|p2a: Ditto|move: Heal Bell
|-curestatus|p2: Kyogre|tox|[msg]
|-curestatus|p2: Arceus|tox|[msg]
|move|p1a: Chansey|Toxic|p2a: Ditto
|-status|p2a: Ditto|tox
|
|-damage|p2a: Ditto|78/100 tox|[from] psn
|upkeep
|turn|29
|
|t:|1667594314
|-curestatus|p2a: Ditto|tox|[from] ability: Natural Cure
|switch|p2a: Kyogre|Kyogre|64/100
|-weather|RainDance|[from] ability: Drizzle|[of] p2a: Kyogre
|move|p1a: Chansey|Toxic|p2a: Kyogre
|-status|p2a: Kyogre|tox
|
|-weather|RainDance|[upkeep]
|-damage|p2a: Kyogre|57/100 tox|[from] psn
|upkeep
|turn|30
|
|t:|1667594323
|move|p2a: Kyogre|Surf|p1a: Chansey
|-damage|p1a: Chansey|55/100
|move|p1a: Chansey|Soft-Boiled|p1a: Chansey
|-heal|p1a: Chansey|100/100
|
|-weather|RainDance|[upkeep]
|-damage|p2a: Kyogre|45/100 tox|[from] psn
|upkeep
|turn|31
|
|t:|1667594332
|switch|p2a: Ditto|Ditto, shiny|78/100
|-transform|p2a: Ditto|p1a: Chansey|[from] ability: Imposter
|move|p1a: Chansey|Soft-Boiled||[still]
|-fail|p1a: Chansey|heal
|
|-weather|RainDance|[upkeep]
|upkeep
|turn|32
|c|☆Defensive0|Ima troll this dam egg lol
|c|☆Supplement|lol, nah you seem be having a hard time
|inactive|Supplement has 120 seconds left.
|
|t:|1667594364
|move|p2a: Ditto|Heal Bell|p2a: Ditto
|-activate|p2a: Ditto|move: Heal Bell
|-curestatus|p2: Kyogre|tox|[msg]
|move|p1a: Chansey|Confide|p2a: Ditto
|-unboost|p2a: Ditto|spa|1
|
|-weather|RainDance|[upkeep]
|upkeep
|turn|33
|c|☆Defensive0|I have close combat Zacian 😂😂
|
|t:|1667594374
|switch|p2a: Arceus|Arceus-Fairy|94/100
|move|p1a: Chansey|Toxic|p2a: Arceus|[miss]
|-miss|p1a: Chansey|p2a: Arceus
|
|-weather|none
|upkeep
|turn|34
|
|t:|1667594381
|move|p2a: Arceus|Toxic|p1a: Chansey
|-status|p1a: Chansey|tox
|move|p1a: Chansey|Toxic|p2a: Arceus
|-status|p2a: Arceus|tox
|
|-damage|p2a: Arceus|88/100 tox|[from] psn
|-damage|p1a: Chansey|94/100 tox|[from] psn
|upkeep
|turn|35
|
|t:|1667594387
|move|p2a: Arceus|Judgment|p1a: Chansey
|-damage|p1a: Chansey|82/100 tox
|move|p1a: Chansey|Heal Bell|p1a: Chansey
|-activate|p1a: Chansey|move: Heal Bell
|-curestatus|p1a: Chansey|tox|[msg]
|
|-damage|p2a: Arceus|76/100 tox|[from] psn
|upkeep
|turn|36
|
|t:|1667594393
|move|p2a: Arceus|Toxic|p1a: Chansey|[miss]
|-miss|p2a: Arceus|p1a: Chansey
|move|p1a: Chansey|Confide|p2a: Arceus
|-unboost|p2a: Arceus|spa|1
|
|-damage|p2a: Arceus|58/100 tox|[from] psn
|upkeep
|turn|37
|
|t:|1667594404
|move|p2a: Arceus|Toxic|p1a: Chansey
|-status|p1a: Chansey|tox
|move|p1a: Chansey|Confide|p2a: Arceus
|-unboost|p2a: Arceus|spa|1
|
|-damage|p2a: Arceus|34/100 tox|[from] psn
|-damage|p1a: Chansey|76/100 tox|[from] psn
|upkeep
|turn|38
|
|t:|1667594410
|move|p2a: Arceus|Recover|p2a: Arceus
|-heal|p2a: Arceus|84/100 tox
|move|p1a: Chansey|Heal Bell|p1a: Chansey
|-activate|p1a: Chansey|move: Heal Bell
|-curestatus|p1a: Chansey|tox|[msg]
|
|-damage|p2a: Arceus|53/100 tox|[from] psn
|upkeep
|turn|39
|
|t:|1667594418
|switch|p2a: Ditto|Ditto, shiny|78/100
|-transform|p2a: Ditto|p1a: Chansey|[from] ability: Imposter
|move|p1a: Chansey|Soft-Boiled|p1a: Chansey
|-heal|p1a: Chansey|100/100
|
|upkeep
|turn|40
|
|t:|1667594428
|move|p2a: Ditto|Heal Bell|p2a: Ditto
|-activate|p2a: Ditto|move: Heal Bell
|-curestatus|p2: Arceus|tox|[msg]
|move|p1a: Chansey|Confide|p2a: Ditto
|-unboost|p2a: Ditto|spa|1
|
|upkeep
|turn|41
|
|t:|1667594433
|switch|p2a: Arceus|Arceus-Fairy|53/100
|move|p1a: Chansey|Toxic|p2a: Arceus
|-status|p2a: Arceus|tox
|
|-damage|p2a: Arceus|47/100 tox|[from] psn
|upkeep
|turn|42
|
|t:|1667594438
|move|p2a: Arceus|Recover|p2a: Arceus
|-heal|p2a: Arceus|97/100 tox
|move|p1a: Chansey|Confide|p2a: Arceus
|-unboost|p2a: Arceus|spa|1
|
|-damage|p2a: Arceus|85/100 tox|[from] psn
|upkeep
|turn|43
|
|t:|1667594443
|switch|p2a: Ditto|Ditto, shiny|78/100
|-transform|p2a: Ditto|p1a: Chansey|[from] ability: Imposter
|move|p1a: Chansey|Confide|p2a: Ditto
|-unboost|p2a: Ditto|spa|1
|
|upkeep
|turn|44
|
|t:|1667594451
|move|p2a: Ditto|Toxic|p1a: Chansey|[miss]
|-miss|p2a: Ditto|p1a: Chansey
|move|p1a: Chansey|Confide|p2a: Ditto
|-unboost|p2a: Ditto|spa|1
|
|upkeep
|turn|45
|
|t:|1667594460
|move|p2a: Ditto|Toxic|p1a: Chansey
|-status|p1a: Chansey|tox
|move|p1a: Chansey|Confide|p2a: Ditto
|-unboost|p2a: Ditto|spa|1
|
|-damage|p1a: Chansey|94/100 tox|[from] psn
|upkeep
|turn|46
|
|t:|1667594463
|switch|p2a: Arceus|Arceus-Fairy|85/100 tox
|move|p1a: Chansey|Heal Bell|p1a: Chansey
|-activate|p1a: Chansey|move: Heal Bell
|-curestatus|p1a: Chansey|tox|[msg]
|
|-damage|p2a: Arceus|79/100 tox|[from] psn
|upkeep
|turn|47
|
|t:|1667594469
|move|p2a: Arceus|Toxic|p1a: Chansey
|-status|p1a: Chansey|tox
|move|p1a: Chansey|Confide|p2a: Arceus
|-unboost|p2a: Arceus|spa|1
|
|-damage|p2a: Arceus|67/100 tox|[from] psn
|-damage|p1a: Chansey|88/100 tox|[from] psn
|upkeep
|turn|48
|
|t:|1667594472
|switch|p2a: Ditto|Ditto, shiny|78/100
|-transform|p2a: Ditto|p1a: Chansey|[from] ability: Imposter
|move|p1a: Chansey|Heal Bell|p1a: Chansey
|-activate|p1a: Chansey|move: Heal Bell
|-curestatus|p1a: Chansey|tox|[msg]
|
|upkeep
|turn|49
|
|t:|1667594480
|move|p2a: Ditto|Toxic|p1a: Chansey
|-status|p1a: Chansey|tox
|move|p1a: Chansey|Toxic|p2a: Ditto
|-status|p2a: Ditto|tox
|
|-damage|p2a: Ditto|72/100 tox|[from] psn
|-damage|p1a: Chansey|82/100 tox|[from] psn
|upkeep
|turn|50
|
|t:|1667594485
|-curestatus|p2a: Ditto|tox|[from] ability: Natural Cure
|switch|p2a: Arceus|Arceus-Fairy|67/100 tox
|move|p1a: Chansey|Heal Bell|p1a: Chansey
|-activate|p1a: Chansey|move: Heal Bell
|-curestatus|p1a: Chansey|tox|[msg]
|
|-damage|p2a: Arceus|61/100 tox|[from] psn
|upkeep
|turn|51
|
|t:|1667594493
|move|p2a: Arceus|Toxic|p1a: Chansey
|-status|p1a: Chansey|tox
|move|p1a: Chansey|Confide|p2a: Arceus
|-unboost|p2a: Arceus|spa|1
|
|-damage|p2a: Arceus|48/100 tox|[from] psn
|-damage|p1a: Chansey|76/100 tox|[from] psn
|upkeep
|turn|52
|
|t:|1667594496
|switch|p2a: Ditto|Ditto, shiny|72/100
|-transform|p2a: Ditto|p1a: Chansey|[from] ability: Imposter
|move|p1a: Chansey|Heal Bell|p1a: Chansey
|-activate|p1a: Chansey|move: Heal Bell
|-curestatus|p1a: Chansey|tox|[msg]
|
|upkeep
|turn|53
|
|t:|1667594504
|move|p2a: Ditto|Toxic|p1a: Chansey
|-status|p1a: Chansey|tox
|move|p1a: Chansey|Confide|p2a: Ditto
|-unboost|p2a: Ditto|spa|1
|
|-damage|p1a: Chansey|69/100 tox|[from] psn
|upkeep
|turn|54
|
|t:|1667594511
|switch|p2a: Arceus|Arceus-Fairy|48/100 tox
|move|p1a: Chansey|Toxic|p2a: Arceus
|-fail|p2a: Arceus|tox
|
|-damage|p2a: Arceus|42/100 tox|[from] psn
|-damage|p1a: Chansey|57/100 tox|[from] psn
|upkeep
|turn|55
|
|t:|1667594515
|move|p2a: Arceus|Recover|p2a: Arceus
|-heal|p2a: Arceus|92/100 tox
|move|p1a: Chansey|Heal Bell|p1a: Chansey
|-activate|p1a: Chansey|move: Heal Bell
|-curestatus|p1a: Chansey|tox|[msg]
|
|-damage|p2a: Arceus|80/100 tox|[from] psn
|upkeep
|turn|56
|
|t:|1667594518
|move|p2a: Arceus|Toxic|p1a: Chansey
|-status|p1a: Chansey|tox
|move|p1a: Chansey|Soft-Boiled|p1a: Chansey
|-heal|p1a: Chansey|100/100 tox
|
|-damage|p2a: Arceus|62/100 tox|[from] psn
|-damage|p1a: Chansey|94/100 tox|[from] psn
|upkeep
|turn|57
|j| Buck is stallish
|c|☆Supplement|lol
|-message|Supplement forfeited.
|
|win|Defensive0
|raw|Supplement's rating: 1777 &rarr; <strong>1767</strong><br />(-10 for losing)
|raw|Defensive0's rating: 1965 &rarr; <strong>1975</strong><br />(+10 for winning)
|l|☆Supplement
|c|☆Defensive0|Gg lol
