|j|☆Dark Umbreon 08
|j|☆Ra1nOnMe
|t:|1666542368
|gametype|singles
|player|p1|Dark Umbreon 08|acetrainerf-gen4dp|1386
|player|p2|Ra1nOnMe|266|1340
|teamsize|p1|6
|teamsize|p2|6
|gen|8
|tier|[Gen 8] National Dex AG
|rated|
|rule|HP Percentage Mod: HP is shown in percentages
|rule|Endless Battle Clause: Forcing endless battles is banned
|clearpoke
|poke|p1|Charizard, M|
|poke|p1|Rillaboom, M|
|poke|p1|Cinderace, M|
|poke|p1|Inteleon, F|
|poke|p1|Dragapult, F|
|poke|p1|Aegislash, F|
|poke|p2|Togedemaru, L1, F|
|poke|p2|Tyranitar, M|
|poke|p2|Celesteela|
|poke|p2|Whimsicott, M|
|poke|p2|Smeargle, F|
|poke|p2|Eternatus|
|teampreview
|inactive|Battle timer is ON: inactive players will automatically lose when time's up. (requested by Dark Umbreon 08)
|
|t:|1666542376
|start
|switch|p1a: Rillaboom|Rillaboom, M|100/100
|switch|p2a: Togedemaru|Togedemaru, L1, F|100/100
|-fieldstart|move: Grassy Terrain|[from] ability: Grassy Surge|[of] p1a: Rillaboom
|turn|1
|
|t:|1666542381
|switch|p1a: Dragapult|Dragapult, F|100/100
|move|p2a: Togedemaru|Endeavor|p1a: Dragapult
|-immune|p1a: Dragapult
|
|upkeep
|turn|2
|
|t:|1666542387
|move|p2a: Togedemaru|Spiky Shield|p2a: Togedemaru
|-singleturn|p2a: Togedemaru|move: Protect
|move|p1a: Dragapult|Dragon Darts|p2a: Togedemaru
|-activate|p2a: Togedemaru|move: Protect
|
|upkeep
|turn|3
|
|t:|1666542390
|switch|p2a: Tyranitar|Tyranitar, M|100/100
|-weather|Sandstorm|[from] ability: Sand Stream|[of] p2a: Tyranitar
|move|p1a: Dragapult|Dragon Darts|p2a: Tyranitar
|-damage|p2a: Tyranitar|79/100
|-anim|p1a: Dragapult|Dragon Darts|p2a: Tyranitar
|-damage|p2a: Tyranitar|59/100
|
|-weather|Sandstorm|[upkeep]
|-damage|p1a: Dragapult|95/100|[from] Sandstorm
|-heal|p1a: Dragapult|100/100|[from] Grassy Terrain
|-heal|p2a: Tyranitar|65/100|[from] Grassy Terrain
|upkeep
|turn|4
|
|t:|1666542395
|-start|p1a: Dragapult|Dynamax|
|-heal|p1a: Dragapult|100/100|[silent]
|move|p1a: Dragapult|Max Steelspike|p2a: Tyranitar
|-supereffective|p2a: Tyranitar
|-damage|p2a: Tyranitar|0 fnt
|-boost|p1a: Dragapult|def|1
|faint|p2a: Tyranitar
|
|-weather|Sandstorm|[upkeep]
|-damage|p1a: Dragapult|98/100|[from] Sandstorm
|-heal|p1a: Dragapult|100/100|[from] Grassy Terrain
|upkeep
|
|t:|1666542408
|switch|p2a: Celesteela|Celesteela|100/100
|turn|5
|
|t:|1666542412
|move|p1a: Dragapult|Max Phantasm|p2a: Celesteela
|-damage|p2a: Celesteela|58/100
|-unboost|p2a: Celesteela|def|1
|move|p2a: Celesteela|Leech Seed|p1a: Dragapult
|-start|p1a: Dragapult|move: Leech Seed
|
|-weather|Sandstorm|[upkeep]
|-damage|p1a: Dragapult|98/100|[from] Sandstorm
|-heal|p1a: Dragapult|100/100|[from] Grassy Terrain
|-damage|p1a: Dragapult|94/100|[from] Leech Seed|[of] p2a: Celesteela
|-heal|p2a: Celesteela|67/100|[silent]
|-fieldend|move: Grassy Terrain
|upkeep
|turn|6
|
|t:|1666542418
|-start|p2a: Celesteela|Dynamax|
|-heal|p2a: Celesteela|67/100|[silent]
|move|p2a: Celesteela|Max Guard|p2a: Celesteela
|-singleturn|p2a: Celesteela|Max Guard
|move|p1a: Dragapult|Max Phantasm|p2a: Celesteela
|-activate|p2a: Celesteela|move: Max Guard
|
|-weather|Sandstorm|[upkeep]
|-damage|p1a: Dragapult|91/100|[from] Sandstorm
|-damage|p1a: Dragapult|85/100|[from] Leech Seed|[of] p2a: Celesteela
|-heal|p2a: Celesteela|72/100|[silent]
|upkeep
|-end|p1a: Dragapult|Dynamax
|-heal|p1a: Dragapult|85/100|[silent]
|turn|7
|
|t:|1666542427
|switch|p1a: Charizard|Charizard, M|100/100
|move|p2a: Celesteela|Max Steelspike|p1a: Charizard
|-resisted|p1a: Charizard
|-damage|p1a: Charizard|70/100
|-boost|p2a: Celesteela|def|1
|
|-weather|none
|upkeep
|turn|8
|
|t:|1666542433
|-end|p2a: Celesteela|Dynamax
|-heal|p2a: Celesteela|72/100|[silent]
|switch|p2a: Eternatus|Eternatus|100/100
|-ability|p2a: Eternatus|Pressure
|move|p1a: Charizard|Fire Blast|p2a: Eternatus
|-resisted|p2a: Eternatus
|-damage|p2a: Eternatus|80/100
|
|-heal|p2a: Eternatus|86/100|[from] item: Leftovers
|upkeep
|turn|9
|
|t:|1666542443
|switch|p1a: Aegislash|Aegislash, F|100/100
|move|p2a: Eternatus|Cosmic Power|p2a: Eternatus
|-boost|p2a: Eternatus|def|1
|-boost|p2a: Eternatus|spd|1
|
|-heal|p2a: Eternatus|93/100|[from] item: Leftovers
|upkeep
|turn|10
|
|t:|1666542446
|move|p2a: Eternatus|Flamethrower|p1a: Aegislash
|-supereffective|p1a: Aegislash
|-damage|p1a: Aegislash|54/100
|-enditem|p1a: Aegislash|Weakness Policy
|-boost|p1a: Aegislash|atk|2|[from] item: Weakness Policy
|-boost|p1a: Aegislash|spa|2|[from] item: Weakness Policy
|move|p1a: Aegislash|Swords Dance|p1a: Aegislash
|-boost|p1a: Aegislash|atk|2
|
|-heal|p2a: Eternatus|99/100|[from] item: Leftovers
|upkeep
|turn|11
|
|t:|1666542455
|move|p2a: Eternatus|Flamethrower|p1a: Aegislash
|-supereffective|p1a: Aegislash
|-damage|p1a: Aegislash|9/100
|move|p1a: Aegislash|Swords Dance|p1a: Aegislash
|-boost|p1a: Aegislash|atk|2
|
|-heal|p2a: Eternatus|100/100|[from] item: Leftovers
|upkeep
|turn|12
|
|t:|1666542460
|-formechange|p1a: Aegislash|Aegislash-Blade||[from] ability: Stance Change
|move|p1a: Aegislash|Shadow Sneak|p2a: Eternatus
|-damage|p2a: Eternatus|55/100
|move|p2a: Eternatus|Flamethrower|p1a: Aegislash
|-supereffective|p1a: Aegislash
|-damage|p1a: Aegislash|0 fnt
|faint|p1a: Aegislash
|
|-heal|p2a: Eternatus|61/100|[from] item: Leftovers
|upkeep
|
|t:|1666542465
|switch|p1a: Inteleon|Inteleon, F|100/100
|turn|13
|
|t:|1666542473
|move|p2a: Eternatus|Toxic|p1a: Inteleon
|-status|p1a: Inteleon|tox
|move|p1a: Inteleon|Ice Beam|p2a: Eternatus
|-supereffective|p2a: Eternatus
|-damage|p2a: Eternatus|30/100
|-status|p2a: Eternatus|frz
|
|-heal|p2a: Eternatus|37/100 frz|[from] item: Leftovers
|-damage|p1a: Inteleon|94/100 tox|[from] psn
|upkeep
|turn|14
|
|t:|1666542479
|cant|p2a: Eternatus|frz
|move|p1a: Inteleon|Focus Energy|p1a: Inteleon
|-start|p1a: Inteleon|move: Focus Energy
|
|-heal|p2a: Eternatus|43/100 frz|[from] item: Leftovers
|-damage|p1a: Inteleon|82/100 tox|[from] psn
|upkeep
|turn|15
|
|t:|1666542488
|cant|p2a: Eternatus|frz
|move|p1a: Inteleon|Ice Beam|p2a: Eternatus
|-supereffective|p2a: Eternatus
|-damage|p2a: Eternatus|10/100 frz
|
|-heal|p2a: Eternatus|16/100 frz|[from] item: Leftovers
|-damage|p1a: Inteleon|64/100 tox|[from] psn
|upkeep
|turn|16
|
|t:|1666542494
|-curestatus|p2a: Eternatus|frz|[msg]
|move|p2a: Eternatus|Flamethrower|p1a: Inteleon
|-resisted|p1a: Inteleon
|-damage|p1a: Inteleon|39/100 tox
|move|p1a: Inteleon|Ice Beam|p2a: Eternatus
|-supereffective|p2a: Eternatus
|-damage|p2a: Eternatus|0 fnt
|faint|p2a: Eternatus
|
|-damage|p1a: Inteleon|14/100 tox|[from] psn
|upkeep
|
|t:|1666542506
|switch|p2a: Togedemaru|Togedemaru, L1, F|100/100
|turn|17
|
|t:|1666542509
|switch|p1a: Dragapult|Dragapult, F|85/100
|move|p2a: Togedemaru|Spiky Shield||[still]
|-fail|p2a: Togedemaru
|
|upkeep
|turn|18
|
|t:|1666542513
|switch|p2a: Whimsicott|Whimsicott, M|100/100
|move|p1a: Dragapult|Dragon Darts|p2a: Whimsicott
|-immune|p2a: Whimsicott
|
|upkeep
|turn|19
|
|t:|1666542518
|switch|p1a: Cinderace|Cinderace, M|100/100
|move|p2a: Whimsicott|Moonblast|p1a: Cinderace
|-resisted|p1a: Cinderace
|-damage|p1a: Cinderace|81/100
|
|upkeep
|turn|20
|
|t:|1666542524
|move|p2a: Whimsicott|Substitute|p2a: Whimsicott
|-start|p2a: Whimsicott|Substitute
|-damage|p2a: Whimsicott|76/100
|move|p1a: Cinderace|Pyro Ball|p2a: Whimsicott
|-supereffective|p2a: Whimsicott
|-crit|p2a: Whimsicott
|-end|p2a: Whimsicott|Substitute
|-damage|p1a: Cinderace|71/100|[from] item: Life Orb
|
|-heal|p2a: Whimsicott|82/100|[from] item: Leftovers
|upkeep
|turn|21
|
|t:|1666542528
|move|p2a: Whimsicott|Substitute|p2a: Whimsicott
|-start|p2a: Whimsicott|Substitute
|-damage|p2a: Whimsicott|57/100
|move|p1a: Cinderace|Pyro Ball|p2a: Whimsicott
|-supereffective|p2a: Whimsicott
|-crit|p2a: Whimsicott
|-end|p2a: Whimsicott|Substitute
|-damage|p1a: Cinderace|61/100|[from] item: Life Orb
|
|-heal|p2a: Whimsicott|63/100|[from] item: Leftovers
|upkeep
|turn|22
|
|t:|1666542532
|move|p2a: Whimsicott|Leech Seed|p1a: Cinderace
|-start|p1a: Cinderace|move: Leech Seed
|move|p1a: Cinderace|Pyro Ball|p2a: Whimsicott
|-supereffective|p2a: Whimsicott
|-damage|p2a: Whimsicott|0 fnt
|faint|p2a: Whimsicott
|-damage|p1a: Cinderace|51/100|[from] item: Life Orb
|
|upkeep
|
|t:|1666542535
|switch|p2a: Togedemaru|Togedemaru, L1, F|100/100
|turn|23
|
|t:|1666542539
|switch|p1a: Dragapult|Dragapult, F|85/100
|move|p2a: Togedemaru|Toxic|p1a: Dragapult
|-status|p1a: Dragapult|tox
|
|-damage|p1a: Dragapult|79/100 tox|[from] psn
|upkeep
|turn|24
|
|t:|1666542542
|move|p2a: Togedemaru|Spiky Shield|p2a: Togedemaru
|-singleturn|p2a: Togedemaru|move: Protect
|move|p1a: Dragapult|Dragon Dance|p1a: Dragapult
|-boost|p1a: Dragapult|atk|1
|-boost|p1a: Dragapult|spe|1
|
|-damage|p1a: Dragapult|67/100 tox|[from] psn
|upkeep
|turn|25
|
|t:|1666542549
|switch|p2a: Celesteela|Celesteela|72/100
|move|p1a: Dragapult|Dragon Darts|p2a: Celesteela
|-resisted|p2a: Celesteela
|-damage|p2a: Celesteela|60/100
|-anim|p1a: Dragapult|Dragon Darts|p2a: Celesteela
|-resisted|p2a: Celesteela
|-damage|p2a: Celesteela|49/100
|
|-damage|p1a: Dragapult|49/100 tox|[from] psn
|upkeep
|turn|26
|
|t:|1666542555
|switch|p2a: Smeargle|Smeargle, F|100/100
|move|p1a: Dragapult|Dragon Darts|p2a: Smeargle
|-damage|p2a: Smeargle|2/100
|-anim|p1a: Dragapult|Dragon Darts|p2a: Smeargle
|-damage|p2a: Smeargle|0 fnt
|faint|p2a: Smeargle
|
|-damage|p1a: Dragapult|25/100 tox|[from] psn
|upkeep
|-message|Ra1nOnMe forfeited.
|
|win|Dark Umbreon 08
|raw|Dark Umbreon 08's rating: 1386 &rarr; <strong>1403</strong><br />(+17 for winning)
|raw|Ra1nOnMe's rating: 1340 &rarr; <strong>1323</strong><br />(-17 for losing)
|l|☆Ra1nOnMe
||Ladder isn't responding, score probably updated but might not have (Request timeout).
