|j|☆Draugadrottinn
|j|☆theCheeseVendor
|t:|1665001586
|gametype|singles
|player|p1|Draugadrottinn|az|1713
|player|p2|theCheeseVendor|gentleman|1721
|teamsize|p1|6
|teamsize|p2|6
|gen|8
|tier|[Gen 8] National Dex AG
|rated|
|rule|HP Percentage Mod: HP is shown in percentages
|rule|Endless Battle Clause: Forcing endless battles is banned
|clearpoke
|poke|p1|Necrozma-Dusk-Mane|
|poke|p1|Arceus-*|
|poke|p1|Arceus-*|
|poke|p1|Groudon|
|poke|p1|Yveltal|
|poke|p1|Ditto|
|poke|p2|Arceus-*|
|poke|p2|Necrozma-Dusk-Mane|
|poke|p2|Zacian-*|
|poke|p2|Ditto|
|poke|p2|Groudon|
|poke|p2|Zygarde|
|teampreview
|inactive|Battle timer is ON: inactive players will automatically lose when time's up. (requested by Draugadrottinn)
|
|t:|1665001594
|start
|switch|p1a: Big Dino Check|Arceus-Ground, shiny|100/100
|switch|p2a: Groudon|Groudon|100/100
|detailschange|p2a: Groudon|Groudon-Primal
|-primal|p2a: Groudon
|-weather|DesolateLand|[from] ability: Desolate Land|[of] p2a: Groudon
|turn|1
|
|t:|1665001602
|-weather|none
|switch|p2a: Arceus|Arceus-Ground, shiny|100/100
|move|p1a: Big Dino Check|Judgment|p2a: Arceus
|-damage|p2a: Arceus|69/100
|
|upkeep
|turn|2
|
|t:|1665001607
|move|p1a: Big Dino Check|Ice Beam|p2a: Arceus
|-supereffective|p2a: Arceus
|-damage|p2a: Arceus|40/100
|move|p2a: Arceus|Ice Beam|p1a: Big Dino Check
|-supereffective|p1a: Big Dino Check
|-damage|p1a: Big Dino Check|71/100
|-status|p1a: Big Dino Check|frz
|
|upkeep
|turn|3
|
|t:|1665001613
|cant|p1a: Big Dino Check|frz
|move|p2a: Arceus|Recover|p2a: Arceus
|-heal|p2a: Arceus|90/100
|
|upkeep
|turn|4
|
|t:|1665001617
|cant|p1a: Big Dino Check|frz
|move|p2a: Arceus|Ice Beam|p1a: Big Dino Check
|-supereffective|p1a: Big Dino Check
|-damage|p1a: Big Dino Check|40/100 frz
|
|upkeep
|turn|5
|
|t:|1665001621
|cant|p1a: Big Dino Check|frz
|move|p2a: Arceus|Ice Beam|p1a: Big Dino Check
|-supereffective|p1a: Big Dino Check
|-damage|p1a: Big Dino Check|10/100 frz
|
|upkeep
|turn|6
|
|t:|1665001623
|cant|p1a: Big Dino Check|frz
|move|p2a: Arceus|Ice Beam|p1a: Big Dino Check
|-supereffective|p1a: Big Dino Check
|-damage|p1a: Big Dino Check|0 fnt
|faint|p1a: Big Dino Check
|
|upkeep
|
|t:|1665001628
|switch|p1a: OP Dog Check|Necrozma-Dusk-Mane|100/100
|turn|7
|
|t:|1665001636
|move|p2a: Arceus|Judgment|p1a: OP Dog Check
|-supereffective|p1a: OP Dog Check
|-damage|p1a: OP Dog Check|42/100
|move|p1a: OP Dog Check|Toxic|p2a: Arceus
|-status|p2a: Arceus|tox
|
|-heal|p1a: OP Dog Check|48/100|[from] item: Leftovers
|-damage|p2a: Arceus|84/100 tox|[from] psn
|upkeep
|turn|8
|
|t:|1665001642
|switch|p1a: Horse Check|Yveltal, shiny|100/100
|-ability|p1a: Horse Check|Dark Aura
|move|p2a: Arceus|Refresh|p2a: Arceus
|-curestatus|p2a: Arceus|tox|[msg]
|
|upkeep
|turn|9
|
|t:|1665001651
|move|p1a: Horse Check|Taunt|p2a: Arceus
|-start|p2a: Arceus|move: Taunt
|move|p2a: Arceus|Ice Beam|p1a: Horse Check
|-supereffective|p1a: Horse Check
|-damage|p1a: Horse Check|67/100
|
|upkeep
|turn|10
|
|t:|1665001667
|switch|p2a: Zacian|Zacian-Crowned|100/100
|-ability|p2a: Zacian|Intrepid Sword|boost
|-boost|p2a: Zacian|atk|1
|move|p1a: Horse Check|Sucker Punch||[still]
|-fail|p1a: Horse Check
|
|upkeep
|turn|11
|c|☆Draugadrottinn|That freeze gonna make me lose.
|
|t:|1665001684
|switch|p1a: OP Dog Check|Necrozma-Dusk-Mane|48/100
|move|p2a: Zacian|Close Combat|p1a: OP Dog Check
|-damage|p1a: OP Dog Check|7/100
|-unboost|p2a: Zacian|def|1
|-unboost|p2a: Zacian|spd|1
|
|-heal|p1a: OP Dog Check|13/100|[from] item: Leftovers
|upkeep
|turn|12
|c|☆theCheeseVendor|the ar en gee giveth and the ar en gee taketh away
|
|t:|1665001698
|move|p2a: Zacian|Close Combat|p1a: OP Dog Check
|-damage|p1a: OP Dog Check|0 fnt
|-unboost|p2a: Zacian|def|1
|-unboost|p2a: Zacian|spd|1
|faint|p1a: OP Dog Check
|
|upkeep
|c|☆Draugadrottinn|The rng takes more than it gives
|c|☆theCheeseVendor|true
|
|t:|1665001724
|switch|p1a: Check Yourself|Ditto, shiny|100/100
|-transform|p1a: Check Yourself|p2a: Zacian|[from] ability: Imposter
|-ability|p1a: Check Yourself|Intrepid Sword|boost
|-boost|p1a: Check Yourself|atk|1
|turn|13
|
|t:|1665001741
|switch|p2a: Necrozma|Necrozma-Dusk-Mane, shiny|100/100
|move|p1a: Check Yourself|Close Combat|p2a: Necrozma
|-damage|p2a: Necrozma|46/100
|-unboost|p1a: Check Yourself|def|1
|-unboost|p1a: Check Yourself|spd|1
|-damage|p1a: Check Yourself|84/100|[from] item: Rocky Helmet|[of] p2a: Necrozma
|
|upkeep
|turn|14
|
|t:|1665001749
|move|p1a: Check Yourself|Close Combat|p2a: Necrozma
|-crit|p2a: Necrozma
|-damage|p2a: Necrozma|0 fnt
|-unboost|p1a: Check Yourself|def|1
|-unboost|p1a: Check Yourself|spd|1
|-damage|p1a: Check Yourself|68/100|[from] item: Rocky Helmet|[of] p2a: Necrozma
|faint|p2a: Necrozma
|
|upkeep
|
|t:|1665001758
|switch|p2a: Groudon|Groudon-Primal|100/100
|-weather|DesolateLand|[from] ability: Desolate Land|[of] p2a: Groudon
|turn|15
|
|t:|1665001766
|switch|p1a: Horse Check|Yveltal, shiny|67/100
|-ability|p1a: Horse Check|Dark Aura
|move|p2a: Groudon|Heat Crash|p1a: Horse Check
|-damage|p1a: Horse Check|0 fnt
|faint|p1a: Horse Check
|
|-weather|DesolateLand|[upkeep]
|upkeep
|
|t:|1665001770
|switch|p1a: Big Whale Check|Groudon, shiny|100/100
|detailschange|p1a: Big Whale Check|Groudon-Primal, shiny
|-primal|p1a: Big Whale Check
|turn|16
|
|t:|1665001773
|switch|p2a: Arceus|Arceus-Ground, shiny|84/100
|move|p1a: Big Whale Check|Precipice Blades|p2a: Arceus|[miss]
|-miss|p1a: Big Whale Check|p2a: Arceus
|
|-weather|DesolateLand|[upkeep]
|upkeep
|turn|17
|
|t:|1665001779
|-weather|none
|switch|p1a: Dark Birb Check|Arceus-Fairy, shiny|100/100
|move|p2a: Arceus|Judgment|p1a: Dark Birb Check
|-damage|p1a: Dark Birb Check|72/100
|
|upkeep
|turn|18
|
|t:|1665001786
|switch|p2a: Groudon|Groudon-Primal|100/100
|-weather|DesolateLand|[from] ability: Desolate Land|[of] p2a: Groudon
|move|p1a: Dark Birb Check|Will-O-Wisp|p2a: Groudon
|-immune|p2a: Groudon
|
|-weather|DesolateLand|[upkeep]
|upkeep
|turn|19
|
|t:|1665001793
|move|p1a: Dark Birb Check|Judgment|p2a: Groudon
|-resisted|p2a: Groudon
|-damage|p2a: Groudon|74/100
|move|p2a: Groudon|Heat Crash|p1a: Dark Birb Check
|-damage|p1a: Dark Birb Check|12/100
|
|-weather|DesolateLand|[upkeep]
|upkeep
|turn|20
|
|t:|1665001801
|move|p1a: Dark Birb Check|Recover|p1a: Dark Birb Check
|-heal|p1a: Dark Birb Check|62/100
|move|p2a: Groudon|Precipice Blades|p1a: Dark Birb Check
|-damage|p1a: Dark Birb Check|5/100
|
|-weather|DesolateLand|[upkeep]
|upkeep
|turn|21
|
|t:|1665001806
|move|p1a: Dark Birb Check|Judgment|p2a: Groudon
|-resisted|p2a: Groudon
|-damage|p2a: Groudon|49/100
|move|p2a: Groudon|Heat Crash|p1a: Dark Birb Check
|-damage|p1a: Dark Birb Check|0 fnt
|faint|p1a: Dark Birb Check
|
|-weather|DesolateLand|[upkeep]
|upkeep
|
|t:|1665001809
|switch|p1a: Check Yourself|Ditto, shiny|68/100
|-transform|p1a: Check Yourself|p2a: Groudon|[from] ability: Imposter
|turn|22
|-message|Draugadrottinn forfeited.
|
|win|theCheeseVendor
|raw|Draugadrottinn's rating: 1713 &rarr; <strong>1693</strong><br />(-20 for losing)
|raw|theCheeseVendor's rating: 1721 &rarr; <strong>1741</strong><br />(+20 for winning)
|l|☆Draugadrottinn
