|j|☆wafflecone67
|j|☆SirWaffles77
|t:|1667356436
|gametype|singles
|player|p1|wafflecone67|265|1728
|player|p2|SirWaffles77|266|1674
|teamsize|p1|6
|teamsize|p2|6
|gen|8
|tier|[Gen 8] National Dex AG
|rated|
|rule|HP Percentage Mod: HP is shown in percentages
|rule|Endless Battle Clause: Forcing endless battles is banned
|clearpoke
|poke|p1|Scolipede, M|
|poke|p1|Smeargle, F|
|poke|p1|Magearna|
|poke|p1|Smeargle, F|
|poke|p1|Espeon, M|
|poke|p1|Mr. Mime, F|
|poke|p2|Calyrex-Shadow|
|poke|p2|Necrozma-Dusk-Mane|
|poke|p2|Zacian-*|
|poke|p2|Thundurus, M|
|poke|p2|Yveltal|
|poke|p2|Ditto|
|teampreview
|inactive|Battle timer is ON: inactive players will automatically lose when time's up. (requested by wafflecone67)
|
|t:|1667356443
|start
|switch|p1a: Scolipede|Scolipede, M|100/100
|switch|p2a: Thundurus|Thundurus, M|100/100
|turn|1
|c|☆SirWaffles77|nice baton pass team
|
|t:|1667356451
|switch|p1a: Espeon|Espeon, M|100/100
|move|p2a: Thundurus|Taunt|p1a: Espeon
|move|p1a: Espeon|Taunt|p2a: Thundurus|[from]ability: Magic Bounce
|-start|p2a: Thundurus|move: Taunt
|
|upkeep
|turn|2
|
|t:|1667356455
|move|p1a: Espeon|Toxic|p2a: Thundurus
|-status|p2a: Thundurus|tox
|move|p2a: Thundurus|Knock Off|p1a: Espeon
|-supereffective|p1a: Espeon
|-damage|p1a: Espeon|20/100
|-enditem|p1a: Espeon|Red Card|[from] move: Knock Off|[of] p2a: Thundurus
|
|-damage|p2a: Thundurus|94/100 tox|[from] psn
|upkeep
|turn|3
|
|t:|1667356463
|move|p1a: Espeon|Double Team|p1a: Espeon
|-boost|p1a: Espeon|evasion|1
|move|p2a: Thundurus|Knock Off|p1a: Espeon
|-supereffective|p1a: Espeon
|-damage|p1a: Espeon|0 fnt
|faint|p1a: Espeon
|
|-damage|p2a: Thundurus|82/100 tox|[from] psn
|upkeep
|c|☆wafflecone67|thx'
|
|t:|1667356470
|switch|p1a: Scolipede|Scolipede, M|100/100
|turn|4
|
|t:|1667356484
|move|p1a: Scolipede|Protect|p1a: Scolipede
|-singleturn|p1a: Scolipede|Protect
|move|p2a: Thundurus|Knock Off|p1a: Scolipede
|-activate|p1a: Scolipede|move: Protect
|
|-damage|p2a: Thundurus|64/100 tox|[from] psn
|-end|p2a: Thundurus|move: Taunt
|-ability|p1a: Scolipede|Speed Boost|boost
|-boost|p1a: Scolipede|spe|1
|upkeep
|turn|5
|
|t:|1667356492
|move|p2a: Thundurus|Thunder Wave|p1a: Scolipede
|-status|p1a: Scolipede|par
|move|p1a: Scolipede|Substitute|p1a: Scolipede
|-start|p1a: Scolipede|Substitute
|-damage|p1a: Scolipede|76/100 par
|
|-damage|p2a: Thundurus|40/100 tox|[from] psn
|-ability|p1a: Scolipede|Speed Boost|boost
|-boost|p1a: Scolipede|spe|1
|upkeep
|turn|6
|
|t:|1667356500
|switch|p2a: Zacian|Zacian-Crowned, shiny|100/100
|-ability|p2a: Zacian|Intrepid Sword|boost
|-boost|p2a: Zacian|atk|1
|move|p1a: Scolipede|Protect||[still]
|-fail|p1a: Scolipede
|
|-ability|p1a: Scolipede|Speed Boost|boost
|-boost|p1a: Scolipede|spe|1
|upkeep
|turn|7
|
|t:|1667356504
|move|p2a: Zacian|Behemoth Blade|p1a: Scolipede
|-end|p1a: Scolipede|Substitute
|cant|p1a: Scolipede|par
|
|-ability|p1a: Scolipede|Speed Boost|boost
|-boost|p1a: Scolipede|spe|1
|upkeep
|turn|8
|
|t:|1667356511
|move|p1a: Scolipede|Baton Pass|p1a: Scolipede
|
|t:|1667356514
|switch|p1a: Smeargle|Smeargle, F|100/100|[from]move: Baton Pass
|move|p2a: Zacian|Behemoth Blade|p1a: Smeargle
|-enditem|p1a: Smeargle|Focus Sash
|-damage|p1a: Smeargle|1/100
|
|-ability|p1a: Smeargle|Moody|boost
|-boost|p1a: Smeargle|spd|2
|-unboost|p1a: Smeargle|spe|1
|upkeep
|turn|9
|
|t:|1667356522
|switch|p2a: Thundurus|Thundurus, M|40/100 tox
|move|p1a: Smeargle|Spore||[still]
|-fail|p1a: Smeargle
|
|-damage|p2a: Thundurus|34/100 tox|[from] psn
|-ability|p1a: Smeargle|Moody|boost
|-boost|p1a: Smeargle|atk|2
|-unboost|p1a: Smeargle|def|1
|upkeep
|turn|10
|
|t:|1667356531
|-start|p1a: Smeargle|Dynamax|
|-heal|p1a: Smeargle|1/100|[silent]
|move|p1a: Smeargle|Max Guard|p1a: Smeargle
|-singleturn|p1a: Smeargle|Max Guard
|move|p2a: Thundurus|Thunder Wave|p1a: Smeargle
|-activate|p1a: Smeargle|move: Max Guard
|
|-damage|p2a: Thundurus|21/100 tox|[from] psn
|-ability|p1a: Smeargle|Moody|boost
|-boost|p1a: Smeargle|spd|2
|-unboost|p1a: Smeargle|spa|1
|upkeep
|turn|11
|
|t:|1667356550
|move|p1a: Smeargle|Max Guard|p1a: Smeargle
|-singleturn|p1a: Smeargle|Max Guard
|move|p2a: Thundurus|Toxic|p1a: Smeargle
|-activate|p1a: Smeargle|move: Max Guard
|
|-damage|p2a: Thundurus|3/100 tox|[from] psn
|-ability|p1a: Smeargle|Moody|boost
|-boost|p1a: Smeargle|def|2
|-unboost|p1a: Smeargle|spe|1
|upkeep
|turn|12
|
|t:|1667356554
|move|p1a: Smeargle|Max Guard||[still]
|-fail|p1a: Smeargle
|move|p2a: Thundurus|Toxic|p1a: Smeargle|[miss]
|-miss|p2a: Thundurus|p1a: Smeargle
|
|-damage|p2a: Thundurus|0 fnt|[from] psn
|faint|p2a: Thundurus
|-ability|p1a: Smeargle|Moody|boost
|-boost|p1a: Smeargle|spa|2
|-unboost|p1a: Smeargle|spd|1
|upkeep
|
|t:|1667356561
|switch|p2a: Ditto|Ditto|100/100
|-transform|p2a: Ditto|p1a: Smeargle|[from] ability: Imposter
|-end|p1a: Smeargle|Dynamax
|-heal|p1a: Smeargle|1/100|[silent]
|turn|13
|
|t:|1667356566
|move|p2a: Ditto|Spectral Thief|p1a: Smeargle
|-immune|p1a: Smeargle
|move|p1a: Smeargle|Baton Pass|p1a: Smeargle
|
|t:|1667356568
|switch|p1a: Smeargle|Smeargle, F|100/100|[from]move: Baton Pass
|
|-ability|p2a: Ditto|Moody|boost
|-boost|p2a: Ditto|spe|2
|-unboost|p2a: Ditto|def|1
|-ability|p1a: Smeargle|Moody|boost
|-boost|p1a: Smeargle|spd|2
|-unboost|p1a: Smeargle|spe|1
|upkeep
|turn|14
|c|☆SirWaffles77|worth a shot
|
|t:|1667356581
|switch|p2a: Zacian|Zacian-Crowned, shiny|100/100
|-ability|p2a: Zacian|Intrepid Sword|boost
|-boost|p2a: Zacian|atk|1
|move|p1a: Smeargle|Substitute|p1a: Smeargle
|-start|p1a: Smeargle|Substitute
|-damage|p1a: Smeargle|76/100
|
|-ability|p1a: Smeargle|Moody|boost
|-boost|p1a: Smeargle|spd|1
|-unboost|p1a: Smeargle|spa|1
|upkeep
|turn|15
|
|t:|1667356585
|move|p1a: Smeargle|Spiky Shield|p1a: Smeargle
|-singleturn|p1a: Smeargle|move: Protect
|move|p2a: Zacian|Behemoth Blade|p1a: Smeargle
|-activate|p1a: Smeargle|move: Protect
|-damage|p2a: Zacian|88/100|[from] Spiky Shield|[of] p1a: Smeargle
|
|-ability|p1a: Smeargle|Moody|boost
|-boost|p1a: Smeargle|spa|2
|-unboost|p1a: Smeargle|spd|1
|upkeep
|turn|16
|c|☆wafflecone67|You prop should have passed to zacian
|
|t:|1667356597
|move|p2a: Zacian|Behemoth Blade|p1a: Smeargle
|-end|p1a: Smeargle|Substitute
|move|p1a: Smeargle|Spore|p2a: Zacian
|-status|p2a: Zacian|slp|[from] move: Spore
|
|-ability|p1a: Smeargle|Moody|boost
|-boost|p1a: Smeargle|spe|2
|-unboost|p1a: Smeargle|spd|1
|upkeep
|turn|17
|
|t:|1667356603
|switch|p2a: Ditto|Ditto|100/100
|-transform|p2a: Ditto|p1a: Smeargle|[from] ability: Imposter
|move|p1a: Smeargle|Spore|p2a: Ditto
|-status|p2a: Ditto|slp|[from] move: Spore
|
|-ability|p2a: Ditto|Moody|boost
|-boost|p2a: Ditto|def|2
|-unboost|p2a: Ditto|spe|1
|-ability|p1a: Smeargle|Moody|boost
|-boost|p1a: Smeargle|spa|2
|-unboost|p1a: Smeargle|spd|1
|upkeep
|turn|18
|
|t:|1667356610
|cant|p2a: Ditto|slp
|move|p1a: Smeargle|Baton Pass|p1a: Smeargle
|
|t:|1667356613
|switch|p1a: labrys|Magearna|100/100|[from]move: Baton Pass
|
|-ability|p2a: Ditto|Moody|boost
|-boost|p2a: Ditto|spd|2
|-unboost|p2a: Ditto|atk|1
|upkeep
|turn|19
|
|t:|1667356619
|cant|p2a: Ditto|slp
|move|p1a: labrys|Stored Power|p2a: Ditto
|-damage|p2a: Ditto|0 fnt
|faint|p2a: Ditto
|-ability|p1a: labrys|Soul-Heart|boost
|-boost|p1a: labrys|spa|1
|
|upkeep
|c|☆wafflecone67|gg
|
|t:|1667356627
|switch|p2a: Necrozma|Necrozma-Dusk-Mane|100/100
|turn|20
|
|t:|1667356631
|move|p1a: labrys|Stored Power|p2a: Necrozma
|-resisted|p2a: Necrozma
|-damage|p2a: Necrozma|50/100
|move|p2a: Necrozma|Sunsteel Strike|p1a: labrys
|-damage|p1a: labrys|68/100
|
|-heal|p2a: Necrozma|56/100|[from] item: Leftovers
|upkeep
|turn|21
|
|t:|1667356637
|move|p1a: labrys|Stored Power|p2a: Necrozma
|-resisted|p2a: Necrozma
|-damage|p2a: Necrozma|3/100
|move|p2a: Necrozma|Morning Sun|p2a: Necrozma
|-heal|p2a: Necrozma|53/100
|
|-heal|p2a: Necrozma|59/100|[from] item: Leftovers
|upkeep
|turn|22
|
|t:|1667356644
|move|p1a: labrys|Substitute|p1a: labrys
|-start|p1a: labrys|Substitute
|-damage|p1a: labrys|43/100
|move|p2a: Necrozma|Morning Sun|p2a: Necrozma
|-heal|p2a: Necrozma|100/100
|
|upkeep
|turn|23
|
|t:|1667356650
|-start|p2a: Necrozma|Dynamax|
|-heal|p2a: Necrozma|100/100|[silent]
|move|p1a: labrys|Stored Power|p2a: Necrozma
|-resisted|p2a: Necrozma
|-damage|p2a: Necrozma|75/100
|move|p2a: Necrozma|Max Steelspike|p1a: labrys
|-end|p1a: labrys|Substitute
|-boost|p2a: Necrozma|def|1
|
|-heal|p2a: Necrozma|78/100|[from] item: Leftovers
|upkeep
|turn|24
|
|t:|1667356653
|move|p1a: labrys|Baton Pass|p1a: labrys
|
|t:|1667356664
|switch|p1a: Smeargle|Smeargle, F|76/100|[from]move: Baton Pass
|move|p2a: Necrozma|Max Steelspike|p1a: Smeargle
|-damage|p1a: Smeargle|0 fnt
|-boost|p2a: Necrozma|def|1
|faint|p1a: Smeargle
|
|-heal|p2a: Necrozma|81/100|[from] item: Leftovers
|upkeep
|-message|wafflecone67 forfeited.
|
|win|SirWaffles77
|raw|wafflecone67's rating: 1728 &rarr; <strong>1705</strong><br />(-23 for losing)
|raw|SirWaffles77's rating: 1674 &rarr; <strong>1697</strong><br />(+23 for winning)
|l|☆wafflecone67
|j| Sir. Skrelp
|j| Captainbruh1008
|l| Captainbruh1008
|l| Sir. Skrelp
||Ladder isn't responding, score probably updated but might not have (Request timeout).
