|j|☆FenixFyre04
|j|☆diseased rodent
|t:|1635459347
|gametype|singles
|player|p1|FenixFyre04|benga|1724
|player|p2|diseased rodent|spenser-gen3|1873
|teamsize|p1|6
|teamsize|p2|6
|gen|8
|tier|[Gen 8] National Dex AG
|rated|
|rule|HP Percentage Mod: HP is shown in percentages
|rule|Endless Battle Clause: Forcing endless battles is banned
|clearpoke
|poke|p1|Calyrex-Shadow|
|poke|p1|Zygarde|
|poke|p1|Necrozma-Dusk-Mane|
|poke|p1|Zacian-*|
|poke|p1|Rayquaza|
|poke|p1|Yveltal|
|poke|p2|Lunala|
|poke|p2|Tyranitar, F|
|poke|p2|Arceus-*|
|poke|p2|Necrozma-Dusk-Mane|
|poke|p2|Rayquaza|
|poke|p2|Zacian-*|
|teampreview
|inactive|Battle timer is ON: inactive players will automatically lose when time's up. (requested by FenixFyre04)
|inactive|FenixFyre04 has 120 seconds left.
|inactive|diseased rodent has 120 seconds left.
|
|t:|1635459405
|start
|switch|p1a: Zacian|Zacian-Crowned, shiny|100/100
|switch|p2a: Rayquaza|Rayquaza|100/100
|-ability|p1a: Zacian|Intrepid Sword|boost
|-boost|p1a: Zacian|atk|1
|-ability|p2a: Rayquaza|Air Lock
|turn|1
|
|t:|1635459414
|switch|p1a: Rayquaza|Rayquaza|100/100
|-ability|p1a: Rayquaza|Air Lock
|switch|p2a: Necrozma|Necrozma-Dusk-Mane|100/100
|
|upkeep
|turn|2
|
|t:|1635459422
|switch|p2a: Arceus|Arceus-Ground|100/100
|detailschange|p1a: Rayquaza|Rayquaza-Mega
|-mega|p1a: Rayquaza|Rayquaza|
|-weather|DeltaStream|[from] ability: Delta Stream|[of] p1a: Rayquaza
|move|p1a: Rayquaza|V-create|p2a: Arceus
|-damage|p2a: Arceus|39/100
|-unboost|p1a: Rayquaza|spe|1
|-unboost|p1a: Rayquaza|def|1
|-unboost|p1a: Rayquaza|spd|1
|
|-weather|DeltaStream|[upkeep]
|upkeep
|turn|3
|
|t:|1635459434
|-weather|none
|switch|p1a: Zacian|Zacian-Crowned, shiny|100/100
|-ability|p1a: Zacian|Intrepid Sword|boost
|-boost|p1a: Zacian|atk|1
|move|p2a: Arceus|Recover|p2a: Arceus
|-heal|p2a: Arceus|89/100
|
|upkeep
|turn|4
|
|t:|1635459443
|switch|p1a: Necrozma|Necrozma-Dusk-Mane|100/100
|move|p2a: Arceus|Judgment|p1a: Necrozma
|-supereffective|p1a: Necrozma
|-damage|p1a: Necrozma|43/100
|
|upkeep
|turn|5
|
|t:|1635459454
|switch|p1a: Zygarde|Zygarde|100/100
|move|p2a: Arceus|Judgment|p1a: Zygarde
|-damage|p1a: Zygarde|52/100
|
|-heal|p1a: Zygarde|58/100|[from] item: Leftovers
|upkeep
|turn|6
|
|t:|1635459462
|move|p1a: Zygarde|Glare|p2a: Arceus
|-status|p2a: Arceus|par
|cant|p2a: Arceus|par
|
|-heal|p1a: Zygarde|64/100|[from] item: Leftovers
|upkeep
|turn|7
|
|t:|1635459468
|switch|p1a: Necrozma|Necrozma-Dusk-Mane|43/100
|move|p2a: Arceus|Ice Beam|p1a: Necrozma
|-resisted|p1a: Necrozma
|-damage|p1a: Necrozma|34/100
|
|upkeep
|turn|8
|
|t:|1635459471
|switch|p2a: Rayquaza|Rayquaza|100/100
|-ability|p2a: Rayquaza|Air Lock
|move|p1a: Necrozma|Stealth Rock|p2a: Rayquaza
|-sidestart|p2: diseased rodent|move: Stealth Rock
|
|upkeep
|turn|9
|
|t:|1635459481
|switch|p1a: Zygarde|Zygarde|64/100
|detailschange|p2a: Rayquaza|Rayquaza-Mega
|-mega|p2a: Rayquaza|Rayquaza|
|-weather|DeltaStream|[from] ability: Delta Stream|[of] p2a: Rayquaza
|move|p2a: Rayquaza|Dragon Ascent|p1a: Zygarde
|-damage|p1a: Zygarde|0 fnt
|-unboost|p2a: Rayquaza|def|1
|-unboost|p2a: Rayquaza|spd|1
|faint|p1a: Zygarde
|
|-weather|DeltaStream|[upkeep]
|upkeep
|inactive|FenixFyre04 has 120 seconds left.
|
|t:|1635459508
|switch|p1a: Necrozma|Necrozma-Dusk-Mane|34/100
|turn|10
|
|t:|1635459513
|move|p2a: Rayquaza|Dragon Ascent|p1a: Necrozma
|-resisted|p1a: Necrozma
|-damage|p1a: Necrozma|3/100
|-unboost|p2a: Rayquaza|def|1
|-unboost|p2a: Rayquaza|spd|1
|-damage|p2a: Rayquaza|84/100|[from] item: Rocky Helmet|[of] p1a: Necrozma
|move|p1a: Necrozma|Knock Off|p2a: Rayquaza
|-crit|p2a: Rayquaza
|-damage|p2a: Rayquaza|0 fnt
|-enditem|p2a: Rayquaza|Choice Band|[from] move: Knock Off|[of] p1a: Necrozma
|faint|p2a: Rayquaza
|-weather|none
|
|upkeep
|
|t:|1635459516
|switch|p2a: Zacian|Zacian-Crowned|100/100
|-damage|p2a: Zacian|94/100|[from] Stealth Rock
|-ability|p2a: Zacian|Intrepid Sword|boost
|-boost|p2a: Zacian|atk|1
|turn|11
|
|t:|1635459521
|move|p2a: Zacian|Close Combat|p1a: Necrozma
|-damage|p1a: Necrozma|0 fnt
|-unboost|p2a: Zacian|def|1
|-unboost|p2a: Zacian|spd|1
|-damage|p2a: Zacian|78/100|[from] item: Rocky Helmet|[of] p1a: Necrozma
|faint|p1a: Necrozma
|
|upkeep
|
|t:|1635459531
|switch|p1a: Calyrex|Calyrex-Shadow|100/100
|-ability|p1a: Calyrex|As One
|-ability|p1a: Calyrex|Unnerve
|turn|12
|
|t:|1635459535
|switch|p1a: Zacian|Zacian-Crowned, shiny|100/100
|-ability|p1a: Zacian|Intrepid Sword|boost
|-boost|p1a: Zacian|atk|1
|switch|p2a: Tyranitar|Tyranitar, F, shiny|100/100
|-damage|p2a: Tyranitar|88/100|[from] Stealth Rock
|-weather|Sandstorm|[from] ability: Sand Stream|[of] p2a: Tyranitar
|
|-weather|Sandstorm|[upkeep]
|-heal|p2a: Tyranitar|94/100|[from] item: Leftovers
|upkeep
|turn|13
|
|t:|1635459555
|switch|p2a: Lunala|Lunala, shiny|100/100
|move|p1a: Zacian|Close Combat|p2a: Lunala
|-immune|p2a: Lunala
|
|-weather|Sandstorm|[upkeep]
|-damage|p2a: Lunala|94/100|[from] Sandstorm
|upkeep
|turn|14
|
|t:|1635459567
|switch|p1a: Yveltal|Yveltal, shiny|100/100
|-ability|p1a: Yveltal|Dark Aura
|move|p2a: Lunala|Will-O-Wisp|p1a: Yveltal|[miss]
|-miss|p2a: Lunala|p1a: Yveltal
|
|-weather|Sandstorm|[upkeep]
|-damage|p1a: Yveltal|94/100|[from] Sandstorm
|-damage|p2a: Lunala|88/100|[from] Sandstorm
|upkeep
|turn|15
|
|t:|1635459574
|switch|p2a: Tyranitar|Tyranitar, F, shiny|94/100
|-damage|p2a: Tyranitar|82/100|[from] Stealth Rock
|move|p1a: Yveltal|Foul Play|p2a: Tyranitar
|-resisted|p2a: Tyranitar
|-damage|p2a: Tyranitar|60/100
|
|-weather|Sandstorm|[upkeep]
|-damage|p1a: Yveltal|88/100|[from] Sandstorm
|-heal|p2a: Tyranitar|66/100|[from] item: Leftovers
|upkeep
|turn|16
|
|t:|1635459592
|switch|p1a: Rayquaza|Rayquaza-Mega|100/100
|-weather|DeltaStream|[from] ability: Delta Stream|[of] p1a: Rayquaza
|move|p2a: Tyranitar|Foul Play|p1a: Rayquaza
|-damage|p1a: Rayquaza|33/100
|
|-weather|DeltaStream|[upkeep]
|-heal|p2a: Tyranitar|72/100|[from] item: Leftovers
|upkeep
|turn|17
|
|t:|1635459604
|switch|p2a: Arceus|Arceus-Ground|89/100 par
|-damage|p2a: Arceus|83/100 par|[from] Stealth Rock
|move|p1a: Rayquaza|V-create|p2a: Arceus
|-damage|p2a: Arceus|17/100 par
|-unboost|p1a: Rayquaza|spe|1
|-unboost|p1a: Rayquaza|def|1
|-unboost|p1a: Rayquaza|spd|1
|
|-weather|DeltaStream|[upkeep]
|upkeep
|turn|18
|
|t:|1635459611
|move|p1a: Rayquaza|V-create|p2a: Arceus
|-damage|p2a: Arceus|0 fnt
|-unboost|p1a: Rayquaza|spe|1
|-unboost|p1a: Rayquaza|def|1
|-unboost|p1a: Rayquaza|spd|1
|faint|p2a: Arceus
|
|-weather|DeltaStream|[upkeep]
|upkeep
|
|t:|1635459615
|switch|p2a: Lunala|Lunala, shiny|88/100
|turn|19
|
|t:|1635459635
|-weather|none
|switch|p1a: Yveltal|Yveltal, shiny|88/100
|-ability|p1a: Yveltal|Dark Aura
|move|p2a: Lunala|Roost|p2a: Lunala
|-heal|p2a: Lunala|100/100
|-singleturn|p2a: Lunala|move: Roost
|
|upkeep
|turn|20
|
|t:|1635459648
|switch|p1a: Rayquaza|Rayquaza-Mega|33/100
|-weather|DeltaStream|[from] ability: Delta Stream|[of] p1a: Rayquaza
|move|p2a: Lunala|Will-O-Wisp|p1a: Rayquaza|[miss]
|-miss|p2a: Lunala|p1a: Rayquaza
|
|-weather|DeltaStream|[upkeep]
|upkeep
|turn|21
|c|☆FenixFyre04|unlucky
|
|t:|1635459660
|-weather|none
|switch|p1a: Yveltal|Yveltal, shiny|88/100
|-ability|p1a: Yveltal|Dark Aura
|move|p2a: Lunala|Will-O-Wisp|p1a: Yveltal|[miss]
|-miss|p2a: Lunala|p1a: Yveltal
|
|upkeep
|turn|22
|c|☆FenixFyre04|geez
|c|☆diseased rodent|can i play the game pls
|
|t:|1635459671
|switch|p2a: Zacian|Zacian-Crowned|78/100
|-damage|p2a: Zacian|72/100|[from] Stealth Rock
|-ability|p2a: Zacian|Intrepid Sword|boost
|-boost|p2a: Zacian|atk|1
|move|p1a: Yveltal|Knock Off|p2a: Zacian
|-resisted|p2a: Zacian
|-damage|p2a: Zacian|54/100
|
|upkeep
|turn|23
|
|t:|1635459678
|move|p2a: Zacian|Behemoth Blade|p1a: Yveltal
|-damage|p1a: Yveltal|1/100
|move|p1a: Yveltal|Foul Play|p2a: Zacian
|-resisted|p2a: Zacian
|-damage|p2a: Zacian|0 fnt
|faint|p2a: Zacian
|
|upkeep
|c|☆diseased rodent|ok
|
|t:|1635459692
|switch|p2a: Lunala|Lunala, shiny|100/100
|turn|24
|c|☆FenixFyre04|I mean that one wasn't unlucky
|
|t:|1635459699
|move|p1a: Yveltal|Knock Off|p2a: Lunala
|-supereffective|p2a: Lunala
|-crit|p2a: Lunala
|-damage|p2a: Lunala|1/100
|-enditem|p2a: Lunala|Heavy-Duty Boots|[from] move: Knock Off|[of] p1a: Yveltal
|move|p2a: Lunala|Moongeist Beam|p1a: Yveltal
|-resisted|p1a: Yveltal
|-damage|p1a: Yveltal|0 fnt
|faint|p1a: Yveltal
|
|upkeep
|c|☆diseased rodent|yes it was
|c|☆diseased rodent|it was a bad roll
|c|☆FenixFyre04|no it wasn't you dn't know my spread
|c|☆diseased rodent|i know it isnt 252 defense because its faster than my lunala
|inactive|FenixFyre04 has 120 seconds left.
|
|t:|1635459736
|switch|p1a: Rayquaza|Rayquaza-Mega|33/100
|-weather|DeltaStream|[from] ability: Delta Stream|[of] p1a: Rayquaza
|turn|25
|inactive|FenixFyre04 has 120 seconds left.
|
|t:|1635459743
|move|p1a: Rayquaza|V-create|p2a: Lunala
|-damage|p2a: Lunala|0 fnt
|-unboost|p1a: Rayquaza|spe|1
|-unboost|p1a: Rayquaza|def|1
|-unboost|p1a: Rayquaza|spd|1
|faint|p2a: Lunala
|
|-weather|DeltaStream|[upkeep]
|upkeep
|
|t:|1635459751
|switch|p2a: Tyranitar|Tyranitar, F, shiny|72/100
|-damage|p2a: Tyranitar|60/100|[from] Stealth Rock
|-ability|p2a: Tyranitar|Sand Stream|[from] deltastream|[fail]
|turn|26
|inactive|FenixFyre04 has 120 seconds left.
|
|t:|1635459777
|move|p1a: Rayquaza|V-create|p2a: Tyranitar
|-resisted|p2a: Tyranitar
|-damage|p2a: Tyranitar|10/100
|-unboost|p1a: Rayquaza|spe|1
|-unboost|p1a: Rayquaza|def|1
|-unboost|p1a: Rayquaza|spd|1
|move|p2a: Tyranitar|Rest|p2a: Tyranitar
|-status|p2a: Tyranitar|slp|[from] move: Rest
|-heal|p2a: Tyranitar|100/100 slp|[silent]
|
|-weather|DeltaStream|[upkeep]
|upkeep
|turn|27
|
|t:|1635459785
|-weather|none
|switch|p1a: Zacian|Zacian-Crowned, shiny|100/100
|-ability|p1a: Zacian|Intrepid Sword|boost
|-boost|p1a: Zacian|atk|1
|cant|p2a: Tyranitar|slp
|
|upkeep
|turn|28
|inactive|FenixFyre04 has 120 seconds left.
|
|t:|1635459793
|switch|p1a: Rayquaza|Rayquaza-Mega|33/100
|-weather|DeltaStream|[from] ability: Delta Stream|[of] p1a: Rayquaza
|switch|p2a: Necrozma|Necrozma-Dusk-Mane|100/100
|-damage|p2a: Necrozma|94/100|[from] Stealth Rock
|
|-weather|DeltaStream|[upkeep]
|upkeep
|turn|29
|
|t:|1635459801
|-start|p2a: Necrozma|Dynamax
|-heal|p2a: Necrozma|94/100|[silent]
|move|p1a: Rayquaza|V-create|p2a: Necrozma
|-supereffective|p2a: Necrozma
|-damage|p2a: Necrozma|43/100
|-unboost|p1a: Rayquaza|spe|1
|-unboost|p1a: Rayquaza|def|1
|-unboost|p1a: Rayquaza|spd|1
|-damage|p1a: Rayquaza|16/100|[from] item: Rocky Helmet|[of] p2a: Necrozma
|move|p2a: Necrozma|Max Steelspike|p1a: Rayquaza
|-damage|p1a: Rayquaza|0 fnt
|-boost|p2a: Necrozma|def|1
|faint|p1a: Rayquaza
|-weather|none
|
|upkeep
|
|t:|1635459810
|switch|p1a: Calyrex|Calyrex-Shadow|100/100
|-ability|p1a: Calyrex|As One
|-ability|p1a: Calyrex|Unnerve
|turn|30
|
|t:|1635459813
|move|p1a: Calyrex|Astral Barrage|p2a: Necrozma
|-supereffective|p2a: Necrozma
|-damage|p2a: Necrozma|0 fnt
|faint|p2a: Necrozma
|-ability|p1a: Calyrex|Grim Neigh|boost
|-boost|p1a: Calyrex|spa|1
|
|upkeep
|-message|diseased rodent forfeited.
|
|win|FenixFyre04
|raw|FenixFyre04's rating: 1736 &rarr; <strong>1764</strong><br />(+28 for winning)
|raw|diseased rodent's rating: 1873 &rarr; <strong>1845</strong><br />(-28 for losing)
|l|☆diseased rodent
