|j|☆SaintLaplace
|j|☆abhishek17727
|t:|1664520172
|gametype|singles
|player|p1|SaintLaplace|hilda-wonderlauncher|1853
|player|p2|abhishek17727|2|1684
|teamsize|p1|6
|teamsize|p2|6
|gen|8
|tier|[Gen 8] National Dex AG
|rated|
|rule|HP Percentage Mod: HP is shown in percentages
|rule|Endless Battle Clause: Forcing endless battles is banned
|clearpoke
|poke|p1|Zygarde|
|poke|p1|Rayquaza|
|poke|p1|Marshadow|
|poke|p1|Necrozma-Dusk-Mane|
|poke|p1|Smeargle, M|
|poke|p1|Eternatus|
|poke|p2|Slurpuff, M|
|poke|p2|Ditto|
|poke|p2|Zacian-*|
|poke|p2|Groudon|
|poke|p2|Calyrex-Shadow|
|poke|p2|Rayquaza|
|teampreview
|inactive|Battle timer is ON: inactive players will automatically lose when time's up. (requested by SaintLaplace)
|
|t:|1664520186
|start
|switch|p1a: Eternatus|Eternatus|100/100
|switch|p2a: Slurpuff|Slurpuff, M|100/100
|-ability|p1a: Eternatus|Pressure
|turn|1
|
|t:|1664520195
|move|p1a: Eternatus|Agility|p1a: Eternatus
|-boost|p1a: Eternatus|spe|2
|move|p2a: Slurpuff|Sticky Web|p1a: Eternatus
|-sidestart|p1: SaintLaplace|move: Sticky Web
|
|upkeep
|turn|2
|
|t:|1664520199
|move|p1a: Eternatus|Meteor Beam||[still]
|-prepare|p1a: Eternatus|Meteor Beam
|-boost|p1a: Eternatus|spa|1
|-enditem|p1a: Eternatus|Power Herb
|-anim|p1a: Eternatus|Meteor Beam|p2a: Slurpuff
|-enditem|p2a: Slurpuff|Focus Sash
|-damage|p2a: Slurpuff|1/100
|move|p2a: Slurpuff|Endeavor|p1a: Eternatus
|-damage|p1a: Eternatus|1/100
|
|upkeep
|turn|3
|
|t:|1664520210
|move|p1a: Eternatus|Flamethrower|p2a: Slurpuff
|-damage|p2a: Slurpuff|0 fnt
|faint|p2a: Slurpuff
|
|upkeep
|
|t:|1664520213
|switch|p2a: Rayquaza|Rayquaza|100/100
|-ability|p2a: Rayquaza|Air Lock
|turn|4
|
|t:|1664520219
|detailschange|p2a: Rayquaza|Rayquaza-Mega
|-mega|p2a: Rayquaza|Rayquaza|
|-weather|DeltaStream|[from] ability: Delta Stream|[of] p2a: Rayquaza
|move|p2a: Rayquaza|Extreme Speed|p1a: Eternatus
|-damage|p1a: Eternatus|0 fnt
|faint|p1a: Eternatus
|
|-weather|DeltaStream|[upkeep]
|upkeep
|
|t:|1664520225
|switch|p1a: Rayquaza|Rayquaza|100/100
|-ability|p1a: Rayquaza|Air Lock
|turn|5
|
|t:|1664520228
|detailschange|p1a: Rayquaza|Rayquaza-Mega
|-mega|p1a: Rayquaza|Rayquaza|
|move|p2a: Rayquaza|Dragon Ascent|p1a: Rayquaza
|-damage|p1a: Rayquaza|10/100
|-unboost|p2a: Rayquaza|def|1
|-unboost|p2a: Rayquaza|spd|1
|move|p1a: Rayquaza|Scale Shot|p2a: Rayquaza
|-supereffective|p2a: Rayquaza
|-damage|p2a: Rayquaza|51/100
|-supereffective|p2a: Rayquaza
|-damage|p2a: Rayquaza|0 fnt
|faint|p2a: Rayquaza
|-hitcount|p2: Rayquaza|2
|-unboost|p1a: Rayquaza|def|1
|-boost|p1a: Rayquaza|spe|1
|
|-weather|DeltaStream|[upkeep]
|upkeep
|
|t:|1664520238
|switch|p2a: Ditto|Ditto|100/100
|-transform|p2a: Ditto|p1a: Rayquaza|[from] ability: Imposter
|turn|6
|
|t:|1664520245
|move|p2a: Ditto|Extreme Speed|p1a: Rayquaza
|-damage|p1a: Rayquaza|0 fnt
|faint|p1a: Rayquaza
|
|-weather|DeltaStream|[upkeep]
|upkeep
|
|t:|1664520252
|switch|p1a: Smeargle|Smeargle, M|100/100
|-activate|p1a: Smeargle|move: Sticky Web
|-unboost|p1a: Smeargle|spe|1
|turn|7
|
|t:|1664520260
|move|p2a: Ditto|Extreme Speed|p1a: Smeargle
|-crit|p1a: Smeargle
|-enditem|p1a: Smeargle|Focus Sash
|-damage|p1a: Smeargle|1/100
|move|p1a: Smeargle|Spore|p2a: Ditto
|-status|p2a: Ditto|slp|[from] move: Spore
|
|-weather|DeltaStream|[upkeep]
|upkeep
|turn|8
|
|t:|1664520263
|cant|p2a: Ditto|slp
|move|p1a: Smeargle|Shell Smash|p1a: Smeargle
|-unboost|p1a: Smeargle|def|1
|-unboost|p1a: Smeargle|spd|1
|-boost|p1a: Smeargle|atk|2
|-boost|p1a: Smeargle|spa|2
|-boost|p1a: Smeargle|spe|2
|
|-weather|DeltaStream|[upkeep]
|upkeep
|turn|9
|
|t:|1664520269
|-curestatus|p2a: Ditto|slp|[msg]
|move|p2a: Ditto|Extreme Speed|p1a: Smeargle
|-damage|p1a: Smeargle|0 fnt
|faint|p1a: Smeargle
|
|-weather|DeltaStream|[upkeep]
|upkeep
|
|t:|1664520272
|switch|p1a: Marshadow|Marshadow|100/100
|-activate|p1a: Marshadow|move: Sticky Web
|-unboost|p1a: Marshadow|spe|1
|turn|10
|
|t:|1664520275
|-weather|none
|switch|p2a: Groudon|Groudon|100/100
|detailschange|p2a: Groudon|Groudon-Primal
|-primal|p2a: Groudon
|-weather|DesolateLand|[from] ability: Desolate Land|[of] p2a: Groudon
|move|p1a: Marshadow|Spectral Thief|p2a: Groudon
|-damage|p2a: Groudon|71/100
|
|-weather|DesolateLand|[upkeep]
|upkeep
|turn|11
|
|t:|1664520280
|switch|p1a: Zygarde|Zygarde, shiny|100/100
|-activate|p1a: Zygarde|move: Sticky Web
|-unboost|p1a: Zygarde|spe|1
|move|p2a: Groudon|Fire Punch|p1a: Zygarde
|-resisted|p1a: Zygarde
|-damage|p1a: Zygarde|76/100
|
|-weather|DesolateLand|[upkeep]
|upkeep
|turn|12
|
|t:|1664520284
|move|p2a: Groudon|Precipice Blades|p1a: Zygarde
|-damage|p1a: Zygarde|25/100
|move|p1a: Zygarde|Dragon Dance|p1a: Zygarde
|-boost|p1a: Zygarde|atk|1
|-boost|p1a: Zygarde|spe|1
|
|-weather|DesolateLand|[upkeep]
|-activate|p1a: Zygarde|ability: Power Construct
|detailschange|p1a: Zygarde|Zygarde-Complete, shiny
|-heal|p1a: Zygarde|51/100|[silent]
|upkeep
|turn|13
|
|t:|1664520288
|move|p2a: Groudon|Precipice Blades|p1a: Zygarde
|-damage|p1a: Zygarde|16/100
|move|p1a: Zygarde|Dragon Dance|p1a: Zygarde
|-boost|p1a: Zygarde|atk|1
|-boost|p1a: Zygarde|spe|1
|
|-weather|DesolateLand|[upkeep]
|upkeep
|turn|14
|
|t:|1664520293
|move|p1a: Zygarde|Rest|p1a: Zygarde
|-status|p1a: Zygarde|slp|[from] move: Rest
|-heal|p1a: Zygarde|100/100 slp|[silent]
|-enditem|p1a: Zygarde|Chesto Berry|[eat]
|-curestatus|p1a: Zygarde|slp|[msg]
|move|p2a: Groudon|Precipice Blades|p1a: Zygarde|[miss]
|-miss|p2a: Groudon|p1a: Zygarde
|
|-weather|DesolateLand|[upkeep]
|upkeep
|turn|15
|
|t:|1664520298
|-start|p1a: Zygarde|Dynamax|
|-heal|p1a: Zygarde|100/100|[silent]
|move|p1a: Zygarde|Max Quake|p2a: Groudon
|-supereffective|p2a: Groudon
|-damage|p2a: Groudon|0 fnt
|-boost|p1a: Zygarde|spd|1
|faint|p2a: Groudon
|-weather|none
|
|upkeep
|
|t:|1664520305
|switch|p2a: Ditto|Ditto|100/100
|-transform|p2a: Ditto|p1a: Zygarde|[from] ability: Imposter
|turn|16
|
|t:|1664520322
|-start|p2a: Ditto|Dynamax|
|-heal|p2a: Ditto|100/100|[silent]
|move|p2a: Ditto|Max Quake|p1a: Zygarde
|-damage|p1a: Zygarde|73/100
|-boost|p2a: Ditto|spd|1
|move|p1a: Zygarde|Max Quake|p2a: Ditto
|-damage|p2a: Ditto|39/100
|-boost|p1a: Zygarde|spd|1
|
|upkeep
|turn|17
|
|t:|1664520335
|move|p2a: Ditto|Max Quake|p1a: Zygarde
|-damage|p1a: Zygarde|45/100
|-boost|p2a: Ditto|spd|1
|move|p1a: Zygarde|Max Quake|p2a: Ditto
|-damage|p2a: Ditto|0 fnt
|-boost|p1a: Zygarde|spd|1
|faint|p2a: Ditto
|
|upkeep
|
|t:|1664520337
|switch|p2a: Zacian|Zacian-Crowned|100/100
|-ability|p2a: Zacian|Intrepid Sword|boost
|-boost|p2a: Zacian|atk|1
|-end|p1a: Zygarde|Dynamax
|-heal|p1a: Zygarde|45/100|[silent]
|turn|18
|
|t:|1664520345
|move|p2a: Zacian|Play Rough|p1a: Zygarde|[miss]
|-miss|p2a: Zacian|p1a: Zygarde
|move|p1a: Zygarde|Thousand Arrows|p2a: Zacian
|-supereffective|p2a: Zacian
|-damage|p2a: Zacian|0 fnt
|faint|p2a: Zacian
|
|upkeep
|
|t:|1664520350
|switch|p2a: Calyrex|Calyrex-Shadow|100/100
|-ability|p2a: Calyrex|As One
|-ability|p2a: Calyrex|Unnerve
|turn|19
|
|t:|1664520356
|move|p2a: Calyrex|Astral Barrage|p1a: Zygarde
|-damage|p1a: Zygarde|28/100
|move|p1a: Zygarde|Thousand Arrows|p2a: Calyrex
|-enditem|p2a: Calyrex|Focus Sash
|-damage|p2a: Calyrex|1/100
|
|upkeep
|turn|20
|-message|abhishek17727 forfeited.
|
|win|SaintLaplace
|raw|SaintLaplace's rating: 1853 &rarr; <strong>1864</strong><br />(+11 for winning)
|raw|abhishek17727's rating: 1684 &rarr; <strong>1673</strong><br />(-11 for losing)
|l|☆abhishek17727
