|j|☆Maroratsu7
|j|☆MVP2536
|t:|1661935434
|gametype|singles
|player|p1|Maroratsu7|ash-kalos|
|player|p2|MVP2536|giovanni|
|teamsize|p1|6
|teamsize|p2|6
|gen|8
|tier|[Gen 8] National Dex AG
|rule|HP Percentage Mod: HP is shown in percentages
|rule|Endless Battle Clause: Forcing endless battles is banned
|clearpoke
|poke|p1|Dracovish|
|poke|p1|Ferrothorn, M|
|poke|p1|Charizard, M|
|poke|p1|Excadrill, F|
|poke|p1|Tyranitar, M|
|poke|p1|Giratina-Origin|
|poke|p2|Lucario, M|
|poke|p2|Rotom-Heat|
|poke|p2|Tyranitar, F|
|poke|p2|Nidoking, M|
|poke|p2|Zarude|
|poke|p2|Tapu Fini|
|teampreview
|
|t:|1661935457
|start
|switch|p1a: Excadrill|Excadrill, F|100/100
|switch|p2a: Zarude|Zarude|100/100
|-ability|p1a: Excadrill|Mold Breaker
|turn|1
|
|t:|1661935465
|move|p2a: Zarude|Bulk Up|p2a: Zarude
|-boost|p2a: Zarude|atk|1
|-boost|p2a: Zarude|def|1
|move|p1a: Excadrill|Rapid Spin|p2a: Zarude
|-damage|p2a: Zarude|91/100
|-boost|p1a: Excadrill|spe|1
|
|upkeep
|turn|2
|
|t:|1661935472
|move|p1a: Excadrill|Toxic|p2a: Zarude
|-status|p2a: Zarude|tox
|-enditem|p2a: Zarude|Lum Berry|[eat]
|-curestatus|p2a: Zarude|tox|[msg]
|move|p2a: Zarude|Bulk Up|p2a: Zarude
|-boost|p2a: Zarude|atk|1
|-boost|p2a: Zarude|def|1
|
|upkeep
|turn|3
|
|t:|1661935483
|move|p1a: Excadrill|Toxic|p2a: Zarude
|-status|p2a: Zarude|tox
|move|p2a: Zarude|Drain Punch|p1a: Excadrill
|-supereffective|p1a: Excadrill
|-enditem|p1a: Excadrill|Focus Sash
|-damage|p1a: Excadrill|1/100
|-heal|p2a: Zarude|100/100 tox|[from] drain|[of] p1a: Excadrill
|
|-damage|p2a: Zarude|94/100 tox|[from] psn
|upkeep
|turn|4
|
|t:|1661935493
|move|p1a: Excadrill|Stealth Rock|p2a: Zarude
|-sidestart|p2: MVP2536|move: Stealth Rock
|move|p2a: Zarude|Darkest Lariat|p1a: Excadrill
|-damage|p1a: Excadrill|0 fnt
|faint|p1a: Excadrill
|
|-damage|p2a: Zarude|82/100 tox|[from] psn
|upkeep
|c|☆MVP2536|wait
|
|t:|1661935526
|switch|p1a: Charizard|Charizard, M|100/100
|turn|5
|c|☆MVP2536|ur not using the right giritina i think
|c|☆MVP2536|idk
|c|☆Maroratsu7|?
|c|☆MVP2536|after this we will see if this is valid
|
|t:|1661935556
|switch|p1a: Giratina|Giratina-Origin|100/100
|-start|p2a: Zarude|Dynamax|
|-heal|p2a: Zarude|82/100 tox|[silent]
|move|p2a: Zarude|Max Darkness|p1a: Giratina
|-supereffective|p1a: Giratina
|-crit|p1a: Giratina
|-damage|p1a: Giratina|0 fnt
|faint|p1a: Giratina
|
|-damage|p2a: Zarude|72/100 tox|[from] psn
|upkeep
|
|t:|1661935561
|switch|p1a: Ferrothorn|Ferrothorn, M|100/100
|turn|6
|
|t:|1661935569
|move|p2a: Zarude|Max Knuckle|p1a: Ferrothorn
|-supereffective|p1a: Ferrothorn
|-damage|p1a: Ferrothorn|33/100
|-boost|p2a: Zarude|atk|1
|move|p1a: Ferrothorn|Spikes|p2a: Zarude
|-sidestart|p2: MVP2536|Spikes
|
|-damage|p2a: Zarude|60/100 tox|[from] psn
|upkeep
|turn|7
|
|t:|1661935578
|move|p2a: Zarude|Max Knuckle|p1a: Ferrothorn
|-supereffective|p1a: Ferrothorn
|-damage|p1a: Ferrothorn|0 fnt
|-boost|p2a: Zarude|atk|1
|faint|p1a: Ferrothorn
|
|-damage|p2a: Zarude|44/100 tox|[from] psn
|upkeep
|
|t:|1661935583
|switch|p1a: Charizard|Charizard, M|100/100
|-end|p2a: Zarude|Dynamax
|-heal|p2a: Zarude|44/100 tox|[silent]
|turn|8
|
|t:|1661935590
|-start|p1a: Charizard|Dynamax|
|-heal|p1a: Charizard|100/100|[silent]
|move|p2a: Zarude|Darkest Lariat|p1a: Charizard
|-damage|p1a: Charizard|19/100
|move|p1a: Charizard|Max Airstream|p2a: Zarude
|-supereffective|p2a: Zarude
|-damage|p2a: Zarude|0 fnt
|-boost|p1a: Charizard|spe|1
|faint|p2a: Zarude
|
|upkeep
|
|t:|1661935604
|switch|p2a: Rotom|Rotom-Heat|100/100
|turn|9
|
|t:|1661935608
|move|p1a: Charizard|Max Flare|p2a: Rotom
|-resisted|p2a: Rotom
|-damage|p2a: Rotom|65/100
|-weather|SunnyDay
|move|p2a: Rotom|Volt Switch|p1a: Charizard
|-supereffective|p1a: Charizard
|-damage|p1a: Charizard|0 fnt
|faint|p1a: Charizard
|
|t:|1661935638
|switch|p2a: Lucario|Lucario, M|100/100|[from]move: Volt Switch
|-damage|p2a: Lucario|98/100|[from] Stealth Rock
|-damage|p2a: Lucario|85/100|[from] Spikes
|
|-weather|SunnyDay|[upkeep]
|upkeep
|
|t:|1661935640
|switch|p1a: Dracovish|Dracovish|100/100
|turn|10
|
|t:|1661935653
|detailschange|p2a: Lucario|Lucario-Mega, M
|-mega|p2a: Lucario|Lucario|Lucarionite
|move|p2a: Lucario|Drain Punch|p1a: Dracovish
|-damage|p1a: Dracovish|41/100
|-heal|p2a: Lucario|100/100|[from] drain|[of] p1a: Dracovish
|move|p1a: Dracovish|Fishious Rend|p2a: Lucario
|-damage|p2a: Lucario|45/100
|
|-weather|SunnyDay|[upkeep]
|upkeep
|turn|11
|
|t:|1661935661
|move|p2a: Lucario|Drain Punch|p1a: Dracovish
|-damage|p1a: Dracovish|0 fnt
|-heal|p2a: Lucario|68/100|[from] drain|[of] p1a: Dracovish
|faint|p1a: Dracovish
|
|-weather|SunnyDay|[upkeep]
|upkeep
|
|t:|1661935665
|switch|p1a: Tyranitar|Tyranitar, M|100/100
|-weather|Sandstorm|[from] ability: Sand Stream|[of] p1a: Tyranitar
|turn|12
|
|t:|1661935670
|move|p2a: Lucario|Drain Punch|p1a: Tyranitar
|-supereffective|p1a: Tyranitar
|-damage|p1a: Tyranitar|0 fnt
|-heal|p2a: Lucario|100/100|[from] drain|[of] p1a: Tyranitar
|faint|p1a: Tyranitar
|
|win|MVP2536
|l|☆Maroratsu7
|c|☆MVP2536|gg
