|j|☆Tranquil Demagogy
|j|☆dasort
|player|p1|Tranquil Demagogy|169|
|player|p2|dasort|marlon|
|teamsize|p1|6
|teamsize|p2|6
|gametype|singles
|gen|8
|tier|[Gen 8] National Dex AG
|rated|Tournament battle
|clearpoke
|poke|p1|Arceus-*|
|poke|p1|Ho-Oh|
|poke|p1|Giratina|
|poke|p1|Groudon|
|poke|p1|Tyranitar, F|
|poke|p1|Necrozma-Dusk-Mane|
|poke|p2|Urshifu-Rapid-Strike, F|
|poke|p2|Zygarde|
|poke|p2|Arceus-*|
|poke|p2|Necrozma-Dusk-Mane|
|poke|p2|Eternatus|
|poke|p2|Ferrothorn, M|
|rule|HP Percentage Mod: HP is shown in percentages
|rule|Endless Battle Clause: Forcing endless battles is banned
|teampreview
|j| ThePikachuNoob
|inactive|Battle timer is ON: inactive players will automatically lose when time's up. (requested by dasort)
|c|☆Tranquil Demagogy|shoutouts to JD for this cool team
|c|☆Tranquil Demagogy|love you JD, if you can see this
|
|start
|switch|p1a: I am a God|Arceus-Dark|100/100
|switch|p2a: Zygarde|Zygarde|100/100
|-ability|p2a: Zygarde|Aura Break
|turn|1
|j| A Year in Waiting
|
|move|p1a: I am a God|Ice Beam|p2a: Zygarde
|-supereffective|p2a: Zygarde
|-damage|p2a: Zygarde|19/100
|move|p2a: Zygarde|Glare|p1a: I am a God
|-status|p1a: I am a God|par
|
|-heal|p2a: Zygarde|25/100|[from] item: Leftovers
|upkeep
|turn|2
|c|☆dasort|F forgot to put the right ability
|
|switch|p2a: Ferrothorn|Ferrothorn, M|100/100
|move|p1a: I am a God|Refresh|p1a: I am a God
|-curestatus|p1a: I am a God|par|[msg]
|
|upkeep
|turn|3
|c|☆Tranquil Demagogy|aura break is niche for yveltal :^)
|
|switch|p1a: I'm a demon|Giratina|100/100
|-ability|p1a: I'm a demon|Pressure
|move|p2a: Ferrothorn|Leech Seed|p1a: I'm a demon
|-start|p1a: I'm a demon|move: Leech Seed
|
|-damage|p1a: I'm a demon|88/100|[from] Leech Seed|[of] p2a: Ferrothorn
|upkeep
|turn|4
|
|switch|p1a: I am a bird|Ho-Oh|100/100
|move|p2a: Ferrothorn|Knock Off|p1a: I am a bird
|-damage|p1a: I am a bird|86/100
|-enditem|p1a: I am a bird|Heavy-Duty Boots|[from] move: Knock Off|[of] p2a: Ferrothorn
|
|upkeep
|turn|5
|
|switch|p1a: I rock this world|Groudon|100/100
|detailschange|p1a: I rock this world|Groudon-Primal
|-primal|p1a: I rock this world
|-weather|DesolateLand|[from] ability: Desolate Land|[of] p1a: I rock this world
|switch|p2a: Eternatus|Eternatus|100/100
|-ability|p2a: Eternatus|Pressure
|
|-weather|DesolateLand|[upkeep]
|upkeep
|turn|6
|l| ThePikachuNoob
|
|switch|p2a: Arceus|Arceus-Ground|100/100
|move|p1a: I rock this world|Stealth Rock|p2a: Arceus
|-sidestart|p2: dasort|move: Stealth Rock
|
|-weather|DesolateLand|[upkeep]
|upkeep
|turn|7
|j| RapperDude2003
|
|-weather|none
|switch|p1a: I'm a demon|Giratina|88/100
|-ability|p1a: I'm a demon|Pressure
|move|p2a: Arceus|Defog|p1a: I'm a demon
|-unboost|p1a: I'm a demon|evasion|1
|-sideend|p2: dasort|Stealth Rock|[from] move: Defog|[of] p2a: Arceus
|
|-heal|p1a: I'm a demon|94/100|[from] item: Leftovers
|upkeep
|turn|8
|
|switch|p2a: Ferrothorn|Ferrothorn, M|100/100
|move|p1a: I'm a demon|Will-O-Wisp|p2a: Ferrothorn
|-status|p2a: Ferrothorn|brn
|
|-heal|p1a: I'm a demon|100/100|[from] item: Leftovers
|-damage|p2a: Ferrothorn|94/100 brn|[from] brn
|upkeep
|turn|9
|j| war penguinz
|
|switch|p1a: I am a bird|Ho-Oh|100/100
|switch|p2a: Zygarde|Zygarde|25/100
|-ability|p2a: Zygarde|Aura Break
|
|-heal|p2a: Zygarde|31/100|[from] item: Leftovers
|upkeep
|turn|10
|l| A Year in Waiting
|
|move|p2a: Zygarde|Glare|p1a: I am a bird
|-status|p1a: I am a bird|par
|move|p1a: I am a bird|Brave Bird|p2a: Zygarde
|-damage|p2a: Zygarde|7/100
|-damage|p1a: I am a bird|92/100 par|[from] Recoil
|
|-heal|p2a: Zygarde|13/100|[from] item: Leftovers
|upkeep
|turn|11
|
|move|p2a: Zygarde|Rest|p2a: Zygarde
|-status|p2a: Zygarde|slp|[from] move: Rest
|-heal|p2a: Zygarde|100/100 slp|[silent]
|move|p1a: I am a bird|Brave Bird|p2a: Zygarde
|-damage|p2a: Zygarde|72/100 slp
|-damage|p1a: I am a bird|83/100 par|[from] Recoil
|
|-heal|p2a: Zygarde|79/100 slp|[from] item: Leftovers
|upkeep
|turn|12
|
|switch|p2a: Necrozma|Necrozma-Dusk-Mane|100/100
|switch|p1a: I rock this world|Groudon-Primal|100/100
|-weather|DesolateLand|[from] ability: Desolate Land|[of] p1a: I rock this world
|
|-weather|DesolateLand|[upkeep]
|upkeep
|turn|13
|
|switch|p2a: Arceus|Arceus-Ground|100/100
|move|p1a: I rock this world|Stealth Rock|p2a: Arceus
|-sidestart|p2: dasort|move: Stealth Rock
|
|-weather|DesolateLand|[upkeep]
|upkeep
|turn|14
|
|-weather|none
|switch|p1a: I'm a demon|Giratina|100/100
|-ability|p1a: I'm a demon|Pressure
|move|p2a: Arceus|Ice Beam|p1a: I'm a demon
|-supereffective|p1a: I'm a demon
|-damage|p1a: I'm a demon|71/100
|-status|p1a: I'm a demon|frz
|
|-heal|p1a: I'm a demon|78/100 frz|[from] item: Leftovers
|upkeep
|turn|15
|
|switch|p2a: Eternatus|Eternatus|100/100
|-damage|p2a: Eternatus|88/100|[from] Stealth Rock
|-ability|p2a: Eternatus|Pressure
|cant|p1a: I'm a demon|frz
|
|-heal|p1a: I'm a demon|84/100 frz|[from] item: Leftovers
|upkeep
|turn|16
|
|switch|p1a: I Hate Ttar|Necrozma-Dusk-Mane|100/100
|move|p2a: Eternatus|Dynamax Cannon|p1a: I Hate Ttar
|-resisted|p1a: I Hate Ttar
|-damage|p1a: I Hate Ttar|74/100
|-damage|p2a: Eternatus|78/100|[from] item: Life Orb
|
|upkeep
|turn|17
|
|move|p2a: Eternatus|Flamethrower|p1a: I Hate Ttar
|-supereffective|p1a: I Hate Ttar
|-damage|p1a: I Hate Ttar|27/100
|-enditem|p1a: I Hate Ttar|Weakness Policy
|-boost|p1a: I Hate Ttar|atk|2|[from] item: Weakness Policy
|-boost|p1a: I Hate Ttar|spa|2|[from] item: Weakness Policy
|-damage|p2a: Eternatus|68/100|[from] item: Life Orb
|move|p1a: I Hate Ttar|Trick Room|p1a: I Hate Ttar
|-fieldstart|move: Trick Room|[of] p1a: I Hate Ttar
|
|upkeep
|turn|18
|
|switch|p2a: Ferrothorn|Ferrothorn, M|94/100 brn
|-damage|p2a: Ferrothorn|88/100 brn|[from] Stealth Rock
|-start|p1a: I Hate Ttar|Dynamax
|-heal|p1a: I Hate Ttar|27/100|[silent]
|move|p1a: I Hate Ttar|Max Quake|p2a: Ferrothorn
|-damage|p2a: Ferrothorn|14/100 brn
|-boost|p1a: I Hate Ttar|spd|1
|
|-heal|p2a: Ferrothorn|20/100 brn|[from] item: Leftovers
|-damage|p2a: Ferrothorn|14/100 brn|[from] brn
|upkeep
|turn|19
|
|move|p2a: Ferrothorn|Protect|p2a: Ferrothorn
|-singleturn|p2a: Ferrothorn|Protect
|move|p1a: I Hate Ttar|Max Steelspike|p2a: Ferrothorn
|-resisted|p2a: Ferrothorn
|-zbroken|p2a: Ferrothorn
|-damage|p2a: Ferrothorn|0 fnt
|-boost|p1a: I Hate Ttar|def|1
|faint|p2a: Ferrothorn
|
|upkeep
|
|switch|p2a: Arceus|Arceus-Ground|100/100
|-damage|p2a: Arceus|94/100|[from] Stealth Rock
|turn|20
|c|☆Tranquil Demagogy|I take back what I said, wp DM is flames
|
|-start|p2a: Arceus|Dynamax
|-heal|p2a: Arceus|94/100|[silent]
|move|p2a: Arceus|Max Guard|p2a: Arceus
|-singleturn|p2a: Arceus|Max Guard
|move|p1a: I Hate Ttar|Max Steelspike|p2a: Arceus
|-activate|p2a: Arceus|move: Max Guard
|
|-end|p1a: I Hate Ttar|Dynamax
|-heal|p1a: I Hate Ttar|27/100|[silent]
|upkeep
|turn|21
|
|switch|p1a: I am a bird|Ho-Oh|100/100 par
|move|p2a: Arceus|Max Quake|p1a: I am a bird
|-immune|p1a: I am a bird
|
|-fieldend|move: Trick Room
|upkeep
|turn|22
|j| Shivam3299
|
|-end|p2a: Arceus|Dynamax
|-heal|p2a: Arceus|94/100|[silent]
|switch|p2a: Eternatus|Eternatus|68/100
|-damage|p2a: Eternatus|56/100|[from] Stealth Rock
|-ability|p2a: Eternatus|Pressure
|cant|p1a: I am a bird|par
|
|upkeep
|turn|23
|
|move|p2a: Eternatus|Dynamax Cannon|p1a: I am a bird
|-damage|p1a: I am a bird|56/100 par
|-damage|p2a: Eternatus|46/100|[from] item: Life Orb
|cant|p1a: I am a bird|par
|
|upkeep
|turn|24
|
|switch|p1a: I nerf DM|Tyranitar, F|100/100
|-weather|Sandstorm|[from] ability: Sand Stream|[of] p1a: I nerf DM
|move|p2a: Eternatus|Meteor Beam||[still]
|-prepare|p2a: Eternatus|Meteor Beam|p1a: I nerf DM
|-boost|p2a: Eternatus|spa|1
|
|-weather|Sandstorm|[upkeep]
|-damage|p2a: Eternatus|40/100|[from] Sandstorm
|upkeep
|turn|25
|j| ThePikachuNoob
|
|move|p2a: Eternatus|Meteor Beam|p1a: I nerf DM|[from]lockedmove
|-damage|p1a: I nerf DM|64/100
|-damage|p2a: Eternatus|30/100|[from] item: Life Orb
|move|p1a: I nerf DM|Foul Play|p2a: Eternatus
|-damage|p2a: Eternatus|10/100
|
|-weather|Sandstorm|[upkeep]
|-damage|p2a: Eternatus|4/100|[from] Sandstorm
|-heal|p1a: I nerf DM|70/100|[from] item: Leftovers
|upkeep
|turn|26
|
|switch|p1a: I am a bird|Ho-Oh|89/100 par
|move|p2a: Eternatus|Recover|p2a: Eternatus
|-heal|p2a: Eternatus|54/100
|
|-weather|Sandstorm|[upkeep]
|-damage|p2a: Eternatus|48/100|[from] Sandstorm
|-damage|p1a: I am a bird|83/100 par|[from] Sandstorm
|upkeep
|turn|27
|
|move|p2a: Eternatus|Recover|p2a: Eternatus
|-heal|p2a: Eternatus|98/100
|move|p1a: I am a bird|Whirlwind|p2a: Eternatus
|drag|p2a: Zygarde|Zygarde|79/100 slp
|-damage|p2a: Zygarde|72/100 slp|[from] Stealth Rock
|-ability|p2a: Zygarde|Aura Break
|
|-weather|Sandstorm|[upkeep]
|-damage|p1a: I am a bird|77/100 par|[from] Sandstorm
|-heal|p2a: Zygarde|79/100 slp|[from] item: Leftovers
|upkeep
|turn|28
|
|switch|p1a: I am a God|Arceus-Dark|100/100
|cant|p2a: Zygarde|slp
|
|-weather|none
|-heal|p2a: Zygarde|85/100 slp|[from] item: Leftovers
|upkeep
|turn|29
|
|switch|p2a: Urshifu|Urshifu-Rapid-Strike, F|100/100
|-damage|p2a: Urshifu|94/100|[from] Stealth Rock
|move|p1a: I am a God|Ice Beam|p2a: Urshifu
|-resisted|p2a: Urshifu
|-damage|p2a: Urshifu|76/100
|
|-heal|p2a: Urshifu|82/100|[from] item: Leftovers
|upkeep
|turn|30
|
|switch|p1a: I am a bird|Ho-Oh|100/100 par
|move|p2a: Urshifu|Substitute|p2a: Urshifu
|-start|p2a: Urshifu|Substitute
|-damage|p2a: Urshifu|57/100
|
|-heal|p2a: Urshifu|63/100|[from] item: Leftovers
|upkeep
|turn|31
|
|move|p2a: Urshifu|Bulk Up|p2a: Urshifu
|-boost|p2a: Urshifu|atk|1
|-boost|p2a: Urshifu|def|1
|move|p1a: I am a bird|Whirlwind|p2a: Urshifu
|drag|p2a: Necrozma|Necrozma-Dusk-Mane|100/100
|-damage|p2a: Necrozma|94/100|[from] Stealth Rock
|
|-heal|p2a: Necrozma|100/100|[from] item: Leftovers
|upkeep
|turn|32
|
|move|p2a: Necrozma|Stealth Rock|p1a: I am a bird
|-sidestart|p1: Tranquil Demagogy|move: Stealth Rock
|cant|p1a: I am a bird|par
|
|upkeep
|turn|33
|
|switch|p2a: Eternatus|Eternatus|98/100
|-damage|p2a: Eternatus|86/100|[from] Stealth Rock
|-ability|p2a: Eternatus|Pressure
|move|p1a: I am a bird|Defog|p2a: Eternatus
|-unboost|p2a: Eternatus|evasion|1
|-sideend|p2: dasort|Stealth Rock|[from] move: Defog|[of] p1a: I am a bird
|-sideend|p1: Tranquil Demagogy|Stealth Rock|[from] move: Defog|[of] p1a: I am a bird
|
|upkeep
|turn|34
|
|move|p2a: Eternatus|Dynamax Cannon|p1a: I am a bird
|-damage|p1a: I am a bird|60/100 par
|-damage|p2a: Eternatus|76/100|[from] item: Life Orb
|cant|p1a: I am a bird|par
|
|upkeep
|turn|35
|
|switch|p1a: I nerf DM|Tyranitar, F|70/100
|-weather|Sandstorm|[from] ability: Sand Stream|[of] p1a: I nerf DM
|move|p2a: Eternatus|Meteor Beam||[still]
|-prepare|p2a: Eternatus|Meteor Beam|p1a: I nerf DM
|-boost|p2a: Eternatus|spa|1
|
|-weather|Sandstorm|[upkeep]
|-damage|p2a: Eternatus|70/100|[from] Sandstorm
|-heal|p1a: I nerf DM|76/100|[from] item: Leftovers
|upkeep
|turn|36
|
|move|p2a: Eternatus|Meteor Beam|p1a: I nerf DM|[from]lockedmove
|-damage|p1a: I nerf DM|40/100
|-damage|p2a: Eternatus|60/100|[from] item: Life Orb
|move|p1a: I nerf DM|Foul Play|p2a: Eternatus
|-damage|p2a: Eternatus|42/100
|
|-weather|Sandstorm|[upkeep]
|-damage|p2a: Eternatus|35/100|[from] Sandstorm
|-heal|p1a: I nerf DM|46/100|[from] item: Leftovers
|upkeep
|turn|37
|
|switch|p1a: I am a bird|Ho-Oh|93/100 par
|move|p2a: Eternatus|Recover|p2a: Eternatus
|-heal|p2a: Eternatus|86/100
|
|-weather|Sandstorm|[upkeep]
|-damage|p2a: Eternatus|79/100|[from] Sandstorm
|-damage|p1a: I am a bird|87/100 par|[from] Sandstorm
|upkeep
|turn|38
|
|move|p2a: Eternatus|Meteor Beam||[still]
|-prepare|p2a: Eternatus|Meteor Beam|p1a: I am a bird
|-boost|p2a: Eternatus|spa|1
|cant|p1a: I am a bird|par
|
|-weather|Sandstorm|[upkeep]
|-damage|p2a: Eternatus|73/100|[from] Sandstorm
|-damage|p1a: I am a bird|81/100 par|[from] Sandstorm
|upkeep
|turn|39
|
|switch|p1a: I Hate Ttar|Necrozma-Dusk-Mane|27/100
|move|p2a: Eternatus|Meteor Beam|p1a: I Hate Ttar|[from]lockedmove
|-resisted|p1a: I Hate Ttar
|-crit|p1a: I Hate Ttar
|-damage|p1a: I Hate Ttar|0 fnt
|-damage|p2a: Eternatus|63/100|[from] item: Life Orb
|faint|p1a: I Hate Ttar
|
|-weather|none
|upkeep
|
|switch|p1a: I am a bird|Ho-Oh|100/100 par
|turn|40
|
|move|p2a: Eternatus|Dynamax Cannon|p1a: I am a bird
|-damage|p1a: I am a bird|21/100 par
|-damage|p2a: Eternatus|53/100|[from] item: Life Orb
|move|p1a: I am a bird|Whirlwind|p2a: Eternatus
|drag|p2a: Arceus|Arceus-Ground|94/100
|
|upkeep
|turn|41
|
|switch|p1a: I rock this world|Groudon-Primal|100/100
|-weather|DesolateLand|[from] ability: Desolate Land|[of] p1a: I rock this world
|move|p2a: Arceus|Ice Beam|p1a: I rock this world
|-damage|p1a: I rock this world|84/100
|
|-weather|DesolateLand|[upkeep]
|upkeep
|turn|42
|
|-weather|none
|switch|p1a: I am a bird|Ho-Oh|54/100 par
|move|p2a: Arceus|Judgment|p1a: I am a bird
|-immune|p1a: I am a bird
|
|upkeep
|turn|43
|
|switch|p2a: Eternatus|Eternatus|53/100
|-ability|p2a: Eternatus|Pressure
|switch|p1a: I am a God|Arceus-Dark|100/100
|
|upkeep
|turn|44
|
|switch|p2a: Urshifu|Urshifu-Rapid-Strike, F|63/100
|move|p1a: I am a God|Ice Beam|p2a: Urshifu
|-resisted|p2a: Urshifu
|-crit|p2a: Urshifu
|-damage|p2a: Urshifu|38/100
|
|-heal|p2a: Urshifu|44/100|[from] item: Leftovers
|upkeep
|turn|45
|
|switch|p1a: I am a bird|Ho-Oh|88/100 par
|move|p2a: Urshifu|Substitute|p2a: Urshifu
|-start|p2a: Urshifu|Substitute
|-damage|p2a: Urshifu|19/100
|
|-heal|p2a: Urshifu|25/100|[from] item: Leftovers
|upkeep
|turn|46
|
|move|p2a: Urshifu|Surging Strikes|p1a: I am a bird
|-supereffective|p1a: I am a bird
|-crit|p1a: I am a bird
|-damage|p1a: I am a bird|63/100 par
|-supereffective|p1a: I am a bird
|-crit|p1a: I am a bird
|-damage|p1a: I am a bird|39/100 par
|-supereffective|p1a: I am a bird
|-crit|p1a: I am a bird
|-damage|p1a: I am a bird|15/100 par
|-hitcount|p1a: I am a bird|3
|move|p1a: I am a bird|Whirlwind|p2a: Urshifu
|drag|p2a: Arceus|Arceus-Ground|94/100
|
|upkeep
|turn|47
|
|switch|p1a: I am a God|Arceus-Dark|100/100
|move|p2a: Arceus|Judgment|p1a: I am a God
|-damage|p1a: I am a God|68/100
|
|upkeep
|turn|48
|
|move|p1a: I am a God|Judgment|p2a: Arceus
|-crit|p2a: Arceus
|-damage|p2a: Arceus|47/100
|move|p2a: Arceus|Judgment|p1a: I am a God
|-damage|p1a: I am a God|36/100
|
|upkeep
|turn|49
|
|move|p1a: I am a God|Recover|p1a: I am a God
|-heal|p1a: I am a God|87/100
|move|p2a: Arceus|Recover|p2a: Arceus
|-heal|p2a: Arceus|97/100
|
|upkeep
|turn|50
|
|switch|p1a: I am a bird|Ho-Oh|49/100 par
|move|p2a: Arceus|Ice Beam|p1a: I am a bird
|-damage|p1a: I am a bird|34/100 par
|
|upkeep
|turn|51
|
|switch|p2a: Zygarde|Zygarde|85/100 slp
|-ability|p2a: Zygarde|Aura Break
|switch|p1a: I am a God|Arceus-Dark|87/100
|
|-heal|p2a: Zygarde|91/100 slp|[from] item: Leftovers
|upkeep
|turn|52
|l| Shivam3299
|
|switch|p2a: Arceus|Arceus-Ground|97/100
|move|p1a: I am a God|Ice Beam|p2a: Arceus
|-supereffective|p2a: Arceus
|-damage|p2a: Arceus|63/100
|
|upkeep
|turn|53
|
|switch|p1a: I am a bird|Ho-Oh|67/100 par
|move|p2a: Arceus|Ice Beam|p1a: I am a bird
|-damage|p1a: I am a bird|53/100 par
|
|upkeep
|turn|54
|j| No u Pick
|
|switch|p2a: Eternatus|Eternatus|53/100
|-ability|p2a: Eternatus|Pressure
|switch|p1a: I am a God|Arceus-Dark|87/100
|
|upkeep
|turn|55
|
|switch|p1a: I rock this world|Groudon-Primal|84/100
|-weather|DesolateLand|[from] ability: Desolate Land|[of] p1a: I rock this world
|move|p2a: Eternatus|Recover|p2a: Eternatus
|-heal|p2a: Eternatus|100/100
|
|-weather|DesolateLand|[upkeep]
|upkeep
|turn|56
|
|switch|p2a: Arceus|Arceus-Ground|63/100
|move|p1a: I rock this world|Earthquake|p2a: Arceus
|-damage|p2a: Arceus|35/100
|
|-weather|DesolateLand|[upkeep]
|upkeep
|turn|57
|
|switch|p2a: Eternatus|Eternatus|100/100
|-ability|p2a: Eternatus|Pressure
|move|p1a: I rock this world|Stealth Rock|p2a: Eternatus
|-sidestart|p2: dasort|move: Stealth Rock
|
|-weather|DesolateLand|[upkeep]
|upkeep
|turn|58
|
|switch|p2a: Zygarde|Zygarde|91/100 slp
|-damage|p2a: Zygarde|85/100 slp|[from] Stealth Rock
|-ability|p2a: Zygarde|Aura Break
|move|p1a: I rock this world|Earthquake|p2a: Zygarde
|-damage|p2a: Zygarde|53/100 slp
|
|-weather|DesolateLand|[upkeep]
|-heal|p2a: Zygarde|60/100 slp|[from] item: Leftovers
|upkeep
|turn|59
|
|-weather|none
|switch|p1a: I am a God|Arceus-Dark|87/100
|cant|p2a: Zygarde|slp
|
|-heal|p2a: Zygarde|66/100 slp|[from] item: Leftovers
|upkeep
|turn|60
|
|switch|p2a: Eternatus|Eternatus|100/100
|-damage|p2a: Eternatus|88/100|[from] Stealth Rock
|-ability|p2a: Eternatus|Pressure
|move|p1a: I am a God|Ice Beam|p2a: Eternatus
|-supereffective|p2a: Eternatus
|-damage|p2a: Eternatus|45/100
|
|upkeep
|turn|61
|
|move|p2a: Eternatus|Recover|p2a: Eternatus
|-heal|p2a: Eternatus|96/100
|move|p1a: I am a God|Ice Beam|p2a: Eternatus
|-supereffective|p2a: Eternatus
|-damage|p2a: Eternatus|58/100
|
|upkeep
|turn|62
|
|switch|p1a: I rock this world|Groudon-Primal|84/100
|-weather|DesolateLand|[from] ability: Desolate Land|[of] p1a: I rock this world
|move|p2a: Eternatus|Recover|p2a: Eternatus
|-heal|p2a: Eternatus|100/100
|
|-weather|DesolateLand|[upkeep]
|upkeep
|turn|63
|
|switch|p2a: Zygarde|Zygarde|66/100 slp
|-damage|p2a: Zygarde|60/100 slp|[from] Stealth Rock
|-ability|p2a: Zygarde|Aura Break
|move|p1a: I rock this world|Earthquake|p2a: Zygarde
|-damage|p2a: Zygarde|27/100 slp
|
|-weather|DesolateLand|[upkeep]
|-heal|p2a: Zygarde|33/100 slp|[from] item: Leftovers
|upkeep
|turn|64
|
|-weather|none
|switch|p1a: I am a God|Arceus-Dark|87/100
|-curestatus|p2a: Zygarde|slp|[msg]
|move|p2a: Zygarde|Glare|p1a: I am a God
|-status|p1a: I am a God|par
|
|-heal|p2a: Zygarde|40/100|[from] item: Leftovers
|upkeep
|turn|65
|j| carlitos385
|
|switch|p2a: Eternatus|Eternatus|100/100
|-damage|p2a: Eternatus|88/100|[from] Stealth Rock
|-ability|p2a: Eternatus|Pressure
|move|p1a: I am a God|Refresh|p1a: I am a God
|-curestatus|p1a: I am a God|par|[msg]
|
|upkeep
|turn|66
|
|switch|p1a: I am a bird|Ho-Oh|86/100 par
|move|p2a: Eternatus|Flamethrower|p1a: I am a bird
|-resisted|p1a: I am a bird
|-damage|p1a: I am a bird|74/100 par
|-damage|p2a: Eternatus|78/100|[from] item: Life Orb
|
|upkeep
|turn|67
|l| No u Pick
|
|switch|p1a: I rock this world|Groudon-Primal|84/100
|-weather|DesolateLand|[from] ability: Desolate Land|[of] p1a: I rock this world
|move|p2a: Eternatus|Meteor Beam||[still]
|-prepare|p2a: Eternatus|Meteor Beam|p1a: I rock this world
|-boost|p2a: Eternatus|spa|1
|
|-weather|DesolateLand|[upkeep]
|upkeep
|turn|68
|
|move|p2a: Eternatus|Meteor Beam|p1a: I rock this world|[from]lockedmove
|-damage|p1a: I rock this world|30/100
|-damage|p2a: Eternatus|68/100|[from] item: Life Orb
|move|p1a: I rock this world|Earthquake|p2a: Eternatus
|-supereffective|p2a: Eternatus
|-damage|p2a: Eternatus|0 fnt
|faint|p2a: Eternatus
|
|-weather|DesolateLand|[upkeep]
|upkeep
|c|☆Tranquil Demagogy|bop
|
|switch|p2a: Zygarde|Zygarde|40/100
|-damage|p2a: Zygarde|33/100|[from] Stealth Rock
|-ability|p2a: Zygarde|Aura Break
|turn|69
|
|-weather|none
|switch|p1a: I am a God|Arceus-Dark|87/100
|move|p2a: Zygarde|Glare|p1a: I am a God
|-status|p1a: I am a God|par
|
|-heal|p2a: Zygarde|40/100|[from] item: Leftovers
|upkeep
|turn|70
|c|☆Tranquil Demagogy|prolly the only downside to using mbeam
|
|switch|p2a: Urshifu|Urshifu-Rapid-Strike, F|25/100
|-damage|p2a: Urshifu|19/100|[from] Stealth Rock
|cant|p1a: I am a God|par
|
|-heal|p2a: Urshifu|25/100|[from] item: Leftovers
|upkeep
|turn|71
|l| ThePikachuNoob
|c|☆dasort|now time for para hax
|c|☆Tranquil Demagogy|bet
|
|switch|p1a: I rock this world|Groudon-Primal|30/100
|-weather|DesolateLand|[from] ability: Desolate Land|[of] p1a: I rock this world
|move|p2a: Urshifu|Surging Strikes||[still]
|-fail|p2a: Urshifu|Surging Strikes|[from] Desolate Land
|
|-weather|DesolateLand|[upkeep]
|-heal|p2a: Urshifu|32/100|[from] item: Leftovers
|upkeep
|turn|72
|
|move|p2a: Urshifu|Ice Punch|p1a: I rock this world
|-damage|p1a: I rock this world|15/100
|move|p1a: I rock this world|Earthquake|p2a: Urshifu
|-damage|p2a: Urshifu|0 fnt
|faint|p2a: Urshifu
|
|-weather|DesolateLand|[upkeep]
|upkeep
|c|☆Tranquil Demagogy|wait
|
|switch|p2a: Arceus|Arceus-Ground|35/100
|-damage|p2a: Arceus|29/100|[from] Stealth Rock
|turn|73
|c|☆Tranquil Demagogy|no fighting stab?
|
|-weather|none
|switch|p1a: I am a bird|Ho-Oh|100/100 par
|move|p2a: Arceus|Recover|p2a: Arceus
|-heal|p2a: Arceus|79/100
|
|upkeep
|turn|74
|c|☆dasort|Had more use with ice punch than with CC
|c|☆Tranquil Demagogy|kk
|
|move|p2a: Arceus|Defog|p1a: I am a bird
|-unboost|p1a: I am a bird|evasion|1
|-sideend|p2: dasort|Stealth Rock|[from] move: Defog|[of] p2a: Arceus
|move|p1a: I am a bird|Whirlwind|p2a: Arceus
|drag|p2a: Necrozma|Necrozma-Dusk-Mane|100/100
|
|upkeep
|turn|75
|
|switch|p1a: I'm a demon|Giratina|84/100 frz
|-ability|p1a: I'm a demon|Pressure
|move|p2a: Necrozma|Stealth Rock|p1a: I'm a demon
|-sidestart|p1: Tranquil Demagogy|move: Stealth Rock
|
|-heal|p1a: I'm a demon|90/100 frz|[from] item: Leftovers
|upkeep
|turn|76
|
|switch|p2a: Zygarde|Zygarde|40/100
|-ability|p2a: Zygarde|Aura Break
|cant|p1a: I'm a demon|frz
|
|-heal|p2a: Zygarde|46/100|[from] item: Leftovers
|-heal|p1a: I'm a demon|96/100 frz|[from] item: Leftovers
|upkeep
|turn|77
|
|move|p2a: Zygarde|Coil|p2a: Zygarde
|-boost|p2a: Zygarde|atk|1
|-boost|p2a: Zygarde|def|1
|-boost|p2a: Zygarde|accuracy|1
|cant|p1a: I'm a demon|frz
|
|-heal|p2a: Zygarde|52/100|[from] item: Leftovers
|-heal|p1a: I'm a demon|100/100 frz|[from] item: Leftovers
|upkeep
|turn|78
|
|switch|p1a: I am a bird|Ho-Oh|100/100 par
|-damage|p1a: I am a bird|51/100 par|[from] Stealth Rock
|move|p2a: Zygarde|Thousand Arrows|p1a: I am a bird
|-damage|p1a: I am a bird|20/100 par
|-start|p1a: I am a bird|Smack Down
|
|-heal|p2a: Zygarde|58/100|[from] item: Leftovers
|upkeep
|turn|79
|
|move|p2a: Zygarde|Thousand Arrows|p1a: I am a bird
|-supereffective|p1a: I am a bird
|-damage|p1a: I am a bird|0 fnt
|faint|p1a: I am a bird
|
|-heal|p2a: Zygarde|64/100|[from] item: Leftovers
|upkeep
|
|switch|p1a: I am a God|Arceus-Dark|87/100 par
|-damage|p1a: I am a God|74/100 par|[from] Stealth Rock
|turn|80
|
|move|p2a: Zygarde|Thousand Arrows|p1a: I am a God
|-damage|p1a: I am a God|49/100 par
|move|p1a: I am a God|Refresh|p1a: I am a God
|-curestatus|p1a: I am a God|par|[msg]
|
|-heal|p2a: Zygarde|70/100|[from] item: Leftovers
|upkeep
|turn|81
|
|move|p1a: I am a God|Recover|p1a: I am a God
|-heal|p1a: I am a God|99/100
|move|p2a: Zygarde|Glare|p1a: I am a God
|-status|p1a: I am a God|par
|
|-heal|p2a: Zygarde|77/100|[from] item: Leftovers
|upkeep
|turn|82
|
|move|p2a: Zygarde|Thousand Arrows|p1a: I am a God
|-damage|p1a: I am a God|75/100 par
|move|p1a: I am a God|Refresh|p1a: I am a God
|-curestatus|p1a: I am a God|par|[msg]
|
|-heal|p2a: Zygarde|83/100|[from] item: Leftovers
|upkeep
|turn|83
|
|move|p1a: I am a God|Ice Beam|p2a: Zygarde
|-supereffective|p2a: Zygarde
|-damage|p2a: Zygarde|5/100
|-status|p2a: Zygarde|frz
|cant|p2a: Zygarde|frz
|
|-heal|p2a: Zygarde|11/100 frz|[from] item: Leftovers
|upkeep
|turn|84
|
|move|p1a: I am a God|Ice Beam|p2a: Zygarde
|-supereffective|p2a: Zygarde
|-damage|p2a: Zygarde|0 fnt
|faint|p2a: Zygarde
|
|upkeep
|c|☆Tranquil Demagogy|did that matter
|c|☆Tranquil Demagogy|sry if it did
|inactive|dasort has 120 seconds left.
|c|☆Tranquil Demagogy|(well gira being frozen is almost on the same page but idk)
|c|☆dasort|Only mattered in me getting possibly getting para hax, but that's very unlikely
|
|switch|p2a: Arceus|Arceus-Ground|79/100
|turn|85
|c|☆Tranquil Demagogy|yea
|inactive|dasort has 120 seconds left.
|
|move|p1a: I am a God|Judgment|p2a: Arceus
|-damage|p2a: Arceus|46/100
|move|p2a: Arceus|Ice Beam|p1a: I am a God
|-damage|p1a: I am a God|58/100
|-status|p1a: I am a God|frz
|
|upkeep
|turn|86
|
|-curestatus|p1a: I am a God|frz|[msg]
|move|p1a: I am a God|Judgment|p2a: Arceus
|-damage|p2a: Arceus|14/100
|move|p2a: Arceus|Recover|p2a: Arceus
|-heal|p2a: Arceus|64/100
|
|upkeep
|turn|87
|
|move|p1a: I am a God|Judgment|p2a: Arceus
|-damage|p2a: Arceus|33/100
|move|p2a: Arceus|Ice Beam|p1a: I am a God
|-damage|p1a: I am a God|42/100
|
|upkeep
|turn|88
|
|move|p1a: I am a God|Ice Beam|p2a: Arceus
|-supereffective|p2a: Arceus
|-damage|p2a: Arceus|0 fnt
|faint|p2a: Arceus
|
|upkeep
|
|switch|p2a: Necrozma|Necrozma-Dusk-Mane|100/100
|turn|89
|
|move|p1a: I am a God|Recover|p1a: I am a God
|-heal|p1a: I am a God|92/100
|move|p2a: Necrozma|Sunsteel Strike|p1a: I am a God
|-damage|p1a: I am a God|63/100
|
|upkeep
|turn|90
|c|☆dasort|gg
|c|☆Tranquil Demagogy|that's game
|
|move|p1a: I am a God|Recover|p1a: I am a God
|-heal|p1a: I am a God|100/100
|move|p2a: Necrozma|Sunsteel Strike|p1a: I am a God
|-damage|p1a: I am a God|69/100
|
|upkeep
|turn|91
|c|☆dasort|Just kill me lol
|
|move|p1a: I am a God|Judgment|p2a: Necrozma
|-supereffective|p2a: Necrozma
|-damage|p2a: Necrozma|41/100
|move|p2a: Necrozma|Sunsteel Strike|p1a: I am a God
|-damage|p1a: I am a God|40/100
|
|-heal|p2a: Necrozma|47/100|[from] item: Leftovers
|upkeep
|turn|92
|
|move|p1a: I am a God|Judgment|p2a: Necrozma
|-supereffective|p2a: Necrozma
|-damage|p2a: Necrozma|0 fnt
|faint|p2a: Necrozma
|
|win|Tranquil Demagogy
|c|☆Tranquil Demagogy|ok
|c|☆Tranquil Demagogy|sry for hax
