|j|☆AyanManPlays yt
|j|☆NykterStein
|t:|1665233738
|gametype|singles
|player|p1|AyanManPlays yt|alder|1549
|player|p2|NykterStein|lady|1482
|teamsize|p1|6
|teamsize|p2|6
|gen|8
|tier|[Gen 8] National Dex AG
|rated|
|rule|HP Percentage Mod: HP is shown in percentages
|rule|Endless Battle Clause: Forcing endless battles is banned
|clearpoke
|poke|p1|Blaziken, M|
|poke|p1|Landorus-Therian, M|
|poke|p1|Necrozma-Dusk-Mane|
|poke|p1|Arceus-*|
|poke|p1|Quagsire, M|
|poke|p1|Mewtwo|
|poke|p2|Gengar, M|
|poke|p2|Xerneas-*|
|poke|p2|Ho-Oh|
|poke|p2|Groudon|
|poke|p2|Necrozma-Dusk-Mane|
|poke|p2|Zygarde|
|teampreview
|inactive|Battle timer is ON: inactive players will automatically lose when time's up. (requested by NykterStein)
|inactive|AyanManPlays yt has 120 seconds left.
|
|t:|1665233786
|start
|switch|p1a: Necrozma|Necrozma-Dusk-Mane|100/100
|switch|p2a: Gengar|Gengar, M|100/100
|turn|1
|
|t:|1665233797
|detailschange|p2a: Gengar|Gengar-Mega, M
|-mega|p2a: Gengar|Gengar|Gengarite
|move|p2a: Gengar|Substitute|p2a: Gengar
|-start|p2a: Gengar|Substitute
|-damage|p2a: Gengar|76/100
|move|p1a: Necrozma|Trick Room|p1a: Necrozma
|-fieldstart|move: Trick Room|[of] p1a: Necrozma
|
|upkeep
|turn|2
|
|t:|1665233804
|move|p1a: Necrozma|Photon Geyser|p2a: Gengar
|-supereffective|p2a: Gengar
|-end|p2a: Gengar|Substitute
|move|p2a: Gengar|Encore|p1a: Necrozma
|-start|p1a: Necrozma|Encore
|
|upkeep
|turn|3
|
|t:|1665233823
|move|p1a: Necrozma|Photon Geyser|p2a: Gengar
|-supereffective|p2a: Gengar
|-damage|p2a: Gengar|0 fnt
|faint|p2a: Gengar
|
|upkeep
|
|t:|1665233839
|switch|p2a: Groudon|Groudon|100/100
|detailschange|p2a: Groudon|Groudon-Primal
|-primal|p2a: Groudon
|-weather|DesolateLand|[from] ability: Desolate Land|[of] p2a: Groudon
|turn|4
|
|t:|1665233861
|-start|p1a: Necrozma|Dynamax|
|-heal|p1a: Necrozma|100/100|[silent]
|move|p1a: Necrozma|Max Quake|p2a: Groudon
|-supereffective|p2a: Groudon
|-damage|p2a: Groudon|34/100
|-boost|p1a: Necrozma|spd|1
|move|p2a: Groudon|Stealth Rock|p1a: Necrozma
|-sidestart|p1: AyanManPlays yt|move: Stealth Rock
|
|-weather|DesolateLand|[upkeep]
|upkeep
|turn|5
|
|t:|1665233870
|-weather|none
|switch|p2a: Ho-Oh|Ho-Oh|100/100
|move|p1a: Necrozma|Max Quake|p2a: Ho-Oh
|-immune|p2a: Ho-Oh
|
|-end|p1a: Necrozma|Encore
|-fieldend|move: Trick Room
|upkeep
|turn|6
|
|t:|1665233884
|switch|p2a: Groudon|Groudon-Primal|34/100
|-weather|DesolateLand|[from] ability: Desolate Land|[of] p2a: Groudon
|move|p1a: Necrozma|Max Mindstorm|p2a: Groudon
|-damage|p2a: Groudon|3/100
|-fieldstart|move: Psychic Terrain
|
|-weather|DesolateLand|[upkeep]
|upkeep
|-end|p1a: Necrozma|Dynamax
|-heal|p1a: Necrozma|100/100|[silent]
|turn|7
|
|t:|1665233895
|move|p2a: Groudon|Precipice Blades|p1a: Necrozma|[miss]
|-miss|p2a: Groudon|p1a: Necrozma
|move|p1a: Necrozma|Trick Room|p1a: Necrozma
|-fieldstart|move: Trick Room|[of] p1a: Necrozma
|
|-weather|DesolateLand|[upkeep]
|upkeep
|turn|8
|
|t:|1665233901
|move|p1a: Necrozma|Sunsteel Strike|p2a: Groudon
|-resisted|p2a: Groudon
|-crit|p2a: Groudon
|-damage|p2a: Groudon|0 fnt
|faint|p2a: Groudon
|-weather|none
|
|upkeep
|
|t:|1665233915
|switch|p2a: Goku|Zygarde|100/100
|turn|9
|
|t:|1665233927
|-start|p2a: Goku|Dynamax|
|-heal|p2a: Goku|100/100|[silent]
|move|p1a: Necrozma|Photon Geyser|p2a: Goku
|-damage|p2a: Goku|67/100
|move|p2a: Goku|Max Quake|p1a: Necrozma
|-supereffective|p1a: Necrozma
|-damage|p1a: Necrozma|32/100
|-boost|p2a: Goku|spd|1
|-enditem|p1a: Necrozma|Weakness Policy
|-boost|p1a: Necrozma|atk|2|[from] item: Weakness Policy
|-boost|p1a: Necrozma|spa|2|[from] item: Weakness Policy
|
|upkeep
|turn|10
|
|t:|1665233941
|move|p1a: Necrozma|Photon Geyser|p2a: Goku
|-damage|p2a: Goku|2/100
|move|p2a: Goku|Max Quake|p1a: Necrozma
|-supereffective|p1a: Necrozma
|-damage|p1a: Necrozma|0 fnt
|-boost|p2a: Goku|spd|1
|faint|p1a: Necrozma
|
|-fieldend|move: Psychic Terrain
|-activate|p2a: Goku|ability: Power Construct
|detailschange|p2a: Goku|Zygarde-Complete
|-heal|p2a: Goku|39/100|[silent]
|upkeep
|
|t:|1665233953
|switch|p1a: Landorus|Landorus-Therian, M|100/100
|-damage|p1a: Landorus|88/100|[from] Stealth Rock
|-ability|p1a: Landorus|Intimidate|boost
|-unboost|p2a: Goku|atk|1
|turn|11
|
|t:|1665233960
|move|p2a: Goku|Max Guard|p2a: Goku
|-singleturn|p2a: Goku|Max Guard
|move|p1a: Landorus|Defog|p2a: Goku
|-activate|p2a: Goku|move: Max Guard
|
|-heal|p1a: Landorus|94/100|[from] item: Leftovers
|-fieldend|move: Trick Room
|upkeep
|-end|p2a: Goku|Dynamax
|-heal|p2a: Goku|39/100|[silent]
|turn|12
|
|t:|1665233986
|move|p1a: Landorus|Defog|p2a: Goku
|-unboost|p2a: Goku|evasion|1
|-sideend|p1: AyanManPlays yt|Stealth Rock|[from] move: Defog|[of] p1a: Landorus
|move|p2a: Goku|Substitute|p2a: Goku
|-start|p2a: Goku|Substitute
|-damage|p2a: Goku|14/100
|
|-heal|p1a: Landorus|99/100|[from] item: Leftovers
|upkeep
|turn|13
|
|t:|1665233996
|move|p1a: Landorus|Earthquake|p2a: Goku
|-end|p2a: Goku|Substitute
|move|p2a: Goku|Glare|p1a: Landorus
|-status|p1a: Landorus|par
|
|-heal|p1a: Landorus|100/100 par|[from] item: Leftovers
|upkeep
|turn|14
|
|t:|1665234010
|move|p2a: Goku|Dragon Dance|p2a: Goku
|-boost|p2a: Goku|atk|1
|-boost|p2a: Goku|spe|1
|move|p1a: Landorus|U-turn|p2a: Goku
|-damage|p2a: Goku|0 fnt
|faint|p2a: Goku
|
|t:|1665234015
|switch|p1a: Blaziken|Blaziken, M|100/100|[from]move: U-turn
|
|upkeep
|
|t:|1665234020
|switch|p2a: Xerneas|Xerneas|100/100
|-ability|p2a: Xerneas|Fairy Aura
|turn|15
|
|t:|1665234027
|move|p2a: Xerneas|Geomancy||[still]
|-prepare|p2a: Xerneas|Geomancy
|-enditem|p2a: Xerneas|Power Herb
|-anim|p2a: Xerneas|Geomancy|p2a: Xerneas
|-boost|p2a: Xerneas|spa|2
|-boost|p2a: Xerneas|spd|2
|-boost|p2a: Xerneas|spe|2
|move|p1a: Blaziken|Swords Dance|p1a: Blaziken
|-boost|p1a: Blaziken|atk|2
|
|-ability|p1a: Blaziken|Speed Boost|boost
|-boost|p1a: Blaziken|spe|1
|upkeep
|turn|16
|
|t:|1665234043
|move|p2a: Xerneas|Moonblast|p1a: Blaziken
|-enditem|p1a: Blaziken|Focus Sash
|-damage|p1a: Blaziken|1/100
|-unboost|p1a: Blaziken|spa|1
|move|p1a: Blaziken|Reversal|p2a: Xerneas
|-resisted|p2a: Xerneas
|-damage|p2a: Xerneas|3/100
|
|-ability|p1a: Blaziken|Speed Boost|boost
|-boost|p1a: Blaziken|spe|1
|upkeep
|turn|17
|
|t:|1665234053
|move|p1a: Blaziken|Endure|p1a: Blaziken
|-singleturn|p1a: Blaziken|move: Endure
|move|p2a: Xerneas|Moonblast|p1a: Blaziken
|-activate|p1a: Blaziken|move: Endure
|-damage|p1a: Blaziken|1/100
|
|-ability|p1a: Blaziken|Speed Boost|boost
|-boost|p1a: Blaziken|spe|1
|upkeep
|turn|18
|
|t:|1665234066
|move|p1a: Blaziken|Fire Punch|p2a: Xerneas
|-damage|p2a: Xerneas|0 fnt
|faint|p2a: Xerneas
|
|-ability|p1a: Blaziken|Speed Boost|boost
|-boost|p1a: Blaziken|spe|1
|upkeep
|-message|NykterStein forfeited.
|
|win|AyanManPlays yt
|raw|AyanManPlays yt's rating: 1549 &rarr; <strong>1565</strong><br />(+16 for winning)
|raw|NykterStein's rating: 1482 &rarr; <strong>1466</strong><br />(-16 for losing)
|l|☆NykterStein
