|j|☆Vlarkdark
|j|☆MRH1106
|t:|1657833100
|gametype|singles
|player|p1|Vlarkdark|red|1795
|player|p2|MRH1106|red|1880
|teamsize|p1|6
|teamsize|p2|6
|gen|8
|tier|[Gen 8] National Dex AG
|rated|
|rule|HP Percentage Mod: HP is shown in percentages
|rule|Endless Battle Clause: Forcing endless battles is banned
|clearpoke
|poke|p1|Rayquaza|
|poke|p1|Yveltal|
|poke|p1|Groudon|
|poke|p1|Arceus-*|
|poke|p1|Ditto|
|poke|p1|Yveltal|
|poke|p2|Zacian-*|
|poke|p2|Calyrex-Shadow|
|poke|p2|Rayquaza|
|poke|p2|Ditto|
|poke|p2|Yveltal|
|poke|p2|Arceus-*|
|teampreview
|inactive|Battle timer is ON: inactive players will automatically lose when time's up. (requested by MRH1106)
|inactive|MRH1106 has 120 seconds left.
|
|t:|1657833148
|start
|switch|p1a: Yveltal|Yveltal|100/100
|switch|p2a: Legit god|Arceus-Ground|100/100
|-ability|p1a: Yveltal|Dark Aura
|turn|1
|
|t:|1657833151
|move|p2a: Legit god|Ice Beam|p1a: Yveltal
|-supereffective|p1a: Yveltal
|-damage|p1a: Yveltal|64/100
|move|p1a: Yveltal|Foul Play|p2a: Legit god
|-damage|p2a: Legit god|74/100
|
|upkeep
|turn|2
|
|t:|1657833156
|move|p2a: Legit god|Ice Beam|p1a: Yveltal
|-supereffective|p1a: Yveltal
|-damage|p1a: Yveltal|25/100
|-status|p1a: Yveltal|frz
|cant|p1a: Yveltal|frz
|
|upkeep
|turn|3
|
|t:|1657833159
|move|p2a: Legit god|Ice Beam|p1a: Yveltal
|-supereffective|p1a: Yveltal
|-damage|p1a: Yveltal|0 fnt
|faint|p1a: Yveltal
|
|upkeep
|
|t:|1657833165
|switch|p1a: Arceus|Arceus-Ground|100/100
|turn|4
|
|t:|1657833169
|move|p2a: Legit god|Ice Beam|p1a: Arceus
|-supereffective|p1a: Arceus
|-damage|p1a: Arceus|68/100
|-status|p1a: Arceus|frz
|cant|p1a: Arceus|frz
|
|upkeep
|turn|5
|c|☆Vlarkdark|....
|
|t:|1657833186
|move|p2a: Legit god|Ice Beam|p1a: Arceus
|-supereffective|p1a: Arceus
|-damage|p1a: Arceus|35/100 frz
|cant|p1a: Arceus|frz
|
|upkeep
|turn|6
|
|t:|1657833194
|move|p2a: Legit god|Ice Beam|p1a: Arceus
|-supereffective|p1a: Arceus
|-damage|p1a: Arceus|4/100 frz
|cant|p1a: Arceus|frz
|
|upkeep
|turn|7
|
|t:|1657833196
|move|p2a: Legit god|Ice Beam|p1a: Arceus
|-supereffective|p1a: Arceus
|-damage|p1a: Arceus|0 fnt
|faint|p1a: Arceus
|
|upkeep
|
|t:|1657833199
|switch|p1a: Groudon|Groudon|100/100
|detailschange|p1a: Groudon|Groudon-Primal
|-primal|p1a: Groudon
|-weather|DesolateLand|[from] ability: Desolate Land|[of] p1a: Groudon
|turn|8
|c|☆MRH1106|my plot armor is too powerful
|
|t:|1657833206
|move|p2a: Legit god|Judgment|p1a: Groudon
|-supereffective|p1a: Groudon
|-damage|p1a: Groudon|32/100
|move|p1a: Groudon|Overheat|p2a: Legit god
|-damage|p2a: Legit god|10/100
|-unboost|p1a: Groudon|spa|2
|
|-weather|DesolateLand|[upkeep]
|upkeep
|turn|9
|
|t:|1657833210
|move|p2a: Legit god|Recover|p2a: Legit god
|-heal|p2a: Legit god|60/100
|move|p1a: Groudon|Toxic|p2a: Legit god
|-status|p2a: Legit god|tox
|
|-weather|DesolateLand|[upkeep]
|-damage|p2a: Legit god|54/100 tox|[from] psn
|upkeep
|turn|10
|
|t:|1657833213
|move|p2a: Legit god|Judgment|p1a: Groudon
|-supereffective|p1a: Groudon
|-damage|p1a: Groudon|0 fnt
|faint|p1a: Groudon
|-weather|none
|
|-damage|p2a: Legit god|42/100 tox|[from] psn
|upkeep
|
|t:|1657833216
|switch|p1a: Rayquaza|Rayquaza|100/100
|-ability|p1a: Rayquaza|Air Lock
|turn|11
|
|t:|1657833218
|detailschange|p1a: Rayquaza|Rayquaza-Mega
|-mega|p1a: Rayquaza|Rayquaza|
|-weather|DeltaStream|[from] ability: Delta Stream|[of] p1a: Rayquaza
|move|p2a: Legit god|Ice Beam|p1a: Rayquaza
|-activate||deltastream
|-supereffective|p1a: Rayquaza
|-damage|p1a: Rayquaza|49/100
|move|p1a: Rayquaza|Scale Shot|p2a: Legit god
|-damage|p2a: Legit god|27/100 tox
|-damage|p2a: Legit god|11/100 tox
|-hitcount|p2a: Legit god|2
|-unboost|p1a: Rayquaza|def|1
|-boost|p1a: Rayquaza|spe|1
|-damage|p1a: Rayquaza|39/100|[from] item: Life Orb
|
|-weather|DeltaStream|[upkeep]
|-damage|p2a: Legit god|0 fnt|[from] psn
|faint|p2a: Legit god
|upkeep
|
|t:|1657833225
|switch|p2a: Hells dragon|Yveltal, shiny|100/100
|-ability|p2a: Hells dragon|Dark Aura
|turn|12
|
|t:|1657833228
|-start|p2a: Hells dragon|Dynamax|
|-heal|p2a: Hells dragon|100/100|[silent]
|move|p1a: Rayquaza|Dragon Ascent|p2a: Hells dragon
|-damage|p2a: Hells dragon|42/100
|-unboost|p1a: Rayquaza|def|1
|-unboost|p1a: Rayquaza|spd|1
|-damage|p1a: Rayquaza|29/100|[from] item: Life Orb
|move|p2a: Hells dragon|Max Airstream|p1a: Rayquaza
|-crit|p1a: Rayquaza
|-damage|p1a: Rayquaza|0 fnt
|-boost|p2a: Hells dragon|spe|1
|faint|p1a: Rayquaza
|-weather|none
|-damage|p2a: Hells dragon|38/100|[from] item: Life Orb
|
|upkeep
|
|t:|1657833237
|switch|p1a: Ditto|Ditto|100/100
|-transform|p1a: Ditto|p2a: Hells dragon|[from] ability: Imposter
|-ability|p1a: Ditto|Dark Aura
|turn|13
|
|t:|1657833242
|-start|p1a: Ditto|Dynamax|
|-heal|p1a: Ditto|100/100|[silent]
|move|p2a: Hells dragon|Max Airstream|p1a: Ditto
|-damage|p1a: Ditto|50/100
|-boost|p2a: Hells dragon|spe|1
|-damage|p2a: Hells dragon|33/100|[from] item: Life Orb
|move|p1a: Ditto|Max Airstream|p2a: Hells dragon
|-damage|p2a: Hells dragon|1/100
|-boost|p1a: Ditto|spe|1
|
|upkeep
|turn|14
|
|t:|1657833249
|move|p1a: Ditto|Max Airstream|p2a: Hells dragon
|-damage|p2a: Hells dragon|0 fnt
|-boost|p1a: Ditto|spe|1
|faint|p2a: Hells dragon
|
|upkeep
|
|t:|1657833251
|switch|p2a: Rayyyy|Rayquaza|100/100
|-ability|p2a: Rayyyy|Air Lock
|turn|15
|
|t:|1657833258
|detailschange|p2a: Rayyyy|Rayquaza-Mega
|-mega|p2a: Rayyyy|Rayquaza|
|-weather|DeltaStream|[from] ability: Delta Stream|[of] p2a: Rayyyy
|move|p1a: Ditto|Max Darkness|p2a: Rayyyy
|-damage|p2a: Rayyyy|30/100
|-unboost|p2a: Rayyyy|spd|1
|move|p2a: Rayyyy|Dragon Ascent|p1a: Ditto
|-damage|p1a: Ditto|0 fnt
|-unboost|p2a: Rayyyy|def|1
|-unboost|p2a: Rayyyy|spd|1
|faint|p1a: Ditto
|
|-weather|DeltaStream|[upkeep]
|upkeep
|
|t:|1657833265
|switch|p1a: Yveltal|Yveltal|100/100
|-ability|p1a: Yveltal|Dark Aura
|turn|16
|
|t:|1657833267
|move|p2a: Rayyyy|Dragon Ascent|p1a: Yveltal
|-damage|p1a: Yveltal|16/100
|-unboost|p2a: Rayyyy|def|1
|-unboost|p2a: Rayyyy|spd|1
|move|p1a: Yveltal|Oblivion Wing|p2a: Rayyyy
|-damage|p2a: Rayyyy|0 fnt
|-heal|p1a: Yveltal|36/100|[from] drain|[of] p2a: Rayyyy
|faint|p2a: Rayyyy
|-weather|none
|-damage|p1a: Yveltal|26/100|[from] item: Life Orb
|
|upkeep
|
|t:|1657833270
|switch|p2a: Knifepuppy|Zacian-Crowned|100/100
|-ability|p2a: Knifepuppy|Intrepid Sword|boost
|-boost|p2a: Knifepuppy|atk|1
|turn|17
|
|t:|1657833273
|move|p2a: Knifepuppy|Behemoth Blade|p1a: Yveltal
|-damage|p1a: Yveltal|0 fnt
|faint|p1a: Yveltal
|
|win|MRH1106
|raw|Vlarkdark's rating: 1795 &rarr; <strong>1780</strong><br />(-15 for losing)
|raw|MRH1106's rating: 1880 &rarr; <strong>1895</strong><br />(+15 for winning)
|c|☆MRH1106|gg
||Ladder isn't responding, score probably updated but might not have (Request timeout).
