|j|☆rarh2
|j|☆siamzz
|t:|1643438169
|gametype|singles
|player|p1|rarh2|colress|1602
|player|p2|siamzz|266|1735
|teamsize|p1|6
|teamsize|p2|6
|gen|8
|tier|[Gen 8] National Dex AG
|rated|
|rule|HP Percentage Mod: HP is shown in percentages
|rule|Endless Battle Clause: Forcing endless battles is banned
|clearpoke
|poke|p1|Calyrex-Shadow|
|poke|p1|Zacian-*|
|poke|p1|Ditto|
|poke|p1|Rayquaza|
|poke|p1|Xerneas-*|
|poke|p1|Smeargle, M|
|poke|p2|Rayquaza|
|poke|p2|Zacian-*|
|poke|p2|Kyogre|
|poke|p2|Zygarde|
|poke|p2|Regieleki|
|poke|p2|Calyrex-Shadow|
|teampreview
|inactive|Battle timer is ON: inactive players will automatically lose when time's up. (requested by rarh2)
|
|t:|1643438182
|start
|switch|p1a: Smeargle|Smeargle, M|100/100
|switch|p2a: Calyrex|Calyrex-Shadow|100/100
|-ability|p2a: Calyrex|As One
|-ability|p2a: Calyrex|Unnerve
|turn|1
|
|t:|1643438187
|move|p2a: Calyrex|Taunt|p1a: Smeargle
|-start|p1a: Smeargle|move: Taunt
|move|p1a: Smeargle|Nuzzle|p2a: Calyrex
|-damage|p2a: Calyrex|95/100
|-status|p2a: Calyrex|par
|
|upkeep
|turn|2
|
|t:|1643438194
|switch|p1a: Zacian|Zacian-Crowned|100/100
|-ability|p1a: Zacian|Intrepid Sword|boost
|-boost|p1a: Zacian|atk|1
|move|p2a: Calyrex|Draining Kiss|p1a: Zacian
|-resisted|p1a: Zacian
|-damage|p1a: Zacian|91/100
|-heal|p2a: Calyrex|100/100 par|[from] drain|[of] p1a: Zacian
|
|upkeep
|turn|3
|
|t:|1643438209
|move|p1a: Zacian|Behemoth Blade|p2a: Calyrex
|-enditem|p2a: Calyrex|Focus Sash
|-damage|p2a: Calyrex|1/100 par
|cant|p2a: Calyrex|par
|
|upkeep
|turn|4
|
|t:|1643438217
|move|p1a: Zacian|Behemoth Blade|p2a: Calyrex
|-damage|p2a: Calyrex|0 fnt
|faint|p2a: Calyrex
|
|upkeep
|
|t:|1643438225
|switch|p2a: Kyogre|Kyogre|100/100
|detailschange|p2a: Kyogre|Kyogre-Primal
|-primal|p2a: Kyogre
|-weather|PrimordialSea|[from] ability: Primordial Sea|[of] p2a: Kyogre
|turn|5
|
|t:|1643438229
|move|p1a: Zacian|Wild Charge|p2a: Kyogre
|-supereffective|p2a: Kyogre
|-damage|p2a: Kyogre|2/100
|-damage|p1a: Zacian|61/100|[from] Recoil
|move|p2a: Kyogre|Origin Pulse|p1a: Zacian
|-damage|p1a: Zacian|0 fnt
|faint|p1a: Zacian
|
|-weather|PrimordialSea|[upkeep]
|upkeep
|
|t:|1643438235
|switch|p1a: Smeargle|Smeargle, M|100/100
|turn|6
|
|t:|1643438240
|move|p1a: Smeargle|Sticky Web|p2a: Kyogre
|-sidestart|p2: siamzz|move: Sticky Web
|move|p2a: Kyogre|Ice Beam|p1a: Smeargle
|-enditem|p1a: Smeargle|Focus Sash
|-damage|p1a: Smeargle|1/100
|
|-weather|PrimordialSea|[upkeep]
|upkeep
|turn|7
|
|t:|1643438248
|move|p1a: Smeargle|Stealth Rock|p2a: Kyogre
|-sidestart|p2: siamzz|move: Stealth Rock
|move|p2a: Kyogre|Ice Beam|p1a: Smeargle
|-damage|p1a: Smeargle|0 fnt
|faint|p1a: Smeargle
|
|-weather|PrimordialSea|[upkeep]
|upkeep
|
|t:|1643438250
|switch|p1a: Calyrex|Calyrex-Shadow|100/100
|-ability|p1a: Calyrex|As One
|-ability|p1a: Calyrex|Unnerve
|turn|8
|
|t:|1643438259
|move|p1a: Calyrex|Astral Barrage|p2a: Kyogre
|-damage|p2a: Kyogre|0 fnt
|faint|p2a: Kyogre
|-weather|none
|-ability|p1a: Calyrex|Grim Neigh|boost
|-boost|p1a: Calyrex|spa|1
|
|upkeep
|
|t:|1643438265
|switch|p2a: Zygarde|Zygarde|100/100
|-damage|p2a: Zygarde|94/100|[from] Stealth Rock
|-activate|p2a: Zygarde|move: Sticky Web
|-unboost|p2a: Zygarde|spe|1
|turn|9
|
|t:|1643438282
|-start|p2a: Zygarde|Dynamax
|-heal|p2a: Zygarde|94/100|[silent]
|move|p1a: Calyrex|Astral Barrage|p2a: Zygarde
|-damage|p2a: Zygarde|28/100
|move|p2a: Zygarde|Max Wyrmwind|p1a: Calyrex
|-damage|p1a: Calyrex|26/100
|-unboost|p1a: Calyrex|atk|1
|
|-heal|p2a: Zygarde|31/100|[from] item: Leftovers
|-activate|p2a: Zygarde|ability: Power Construct
|detailschange|p2a: Zygarde|Zygarde-Complete
|-heal|p2a: Zygarde|54/100|[silent]
|upkeep
|turn|10
|
|t:|1643438297
|move|p1a: Calyrex|Astral Barrage|p2a: Zygarde
|-damage|p2a: Zygarde|11/100
|move|p2a: Zygarde|Max Quake|p1a: Calyrex
|-damage|p1a: Calyrex|0 fnt
|-boost|p2a: Zygarde|spd|1
|faint|p1a: Calyrex
|
|-heal|p2a: Zygarde|14/100|[from] item: Leftovers
|upkeep
|
|t:|1643438311
|switch|p1a: Xerneas|Xerneas|100/100
|-ability|p1a: Xerneas|Fairy Aura
|turn|11
|
|t:|1643438320
|move|p1a: Xerneas|Geomancy||[still]
|-prepare|p1a: Xerneas|Geomancy
|-enditem|p1a: Xerneas|Power Herb
|-anim|p1a: Xerneas|Geomancy|p1a: Xerneas
|-boost|p1a: Xerneas|spa|2
|-boost|p1a: Xerneas|spd|2
|-boost|p1a: Xerneas|spe|2
|move|p2a: Zygarde|Max Quake|p1a: Xerneas
|-damage|p1a: Xerneas|47/100
|-boost|p2a: Zygarde|spd|1
|
|-heal|p2a: Zygarde|17/100|[from] item: Leftovers
|-end|p2a: Zygarde|Dynamax
|-heal|p2a: Zygarde|17/100|[silent]
|upkeep
|turn|12
|
|t:|1643438333
|move|p2a: Zygarde|Extreme Speed|p1a: Xerneas
|-damage|p1a: Xerneas|25/100
|move|p1a: Xerneas|Moonblast|p2a: Zygarde
|-supereffective|p2a: Zygarde
|-damage|p2a: Zygarde|0 fnt
|faint|p2a: Zygarde
|
|upkeep
|inactive|siamzz has 120 seconds left.
|l|☆siamzz
|inactive|siamzz disconnected and has a minute to reconnect!
|player|p2|
|j|☆siamzz
|inactive|siamzz reconnected and has 105 seconds left.
|player|p2|siamzz|266
|
|t:|1643438383
|switch|p2a: Rayquaza|Rayquaza, shiny|100/100
|-damage|p2a: Rayquaza|76/100|[from] Stealth Rock
|-ability|p2a: Rayquaza|Air Lock
|turn|13
|
|t:|1643438396
|detailschange|p2a: Rayquaza|Rayquaza-Mega, shiny
|-mega|p2a: Rayquaza|Rayquaza|
|-weather|DeltaStream|[from] ability: Delta Stream|[of] p2a: Rayquaza
|-start|p1a: Xerneas|Dynamax
|-heal|p1a: Xerneas|25/100|[silent]
|move|p2a: Rayquaza|Extreme Speed|p1a: Xerneas
|-damage|p1a: Xerneas|7/100
|move|p1a: Xerneas|Max Starfall|p2a: Rayquaza
|-supereffective|p2a: Rayquaza
|-damage|p2a: Rayquaza|0 fnt
|-fieldstart|move: Misty Terrain
|faint|p2a: Rayquaza
|-weather|none
|
|upkeep
|
|t:|1643438408
|switch|p2a: Regieleki|Regieleki|100/100
|-activate|p2a: Regieleki|move: Sticky Web
|-unboost|p2a: Regieleki|spe|1
|-damage|p2a: Regieleki|88/100|[from] Stealth Rock
|turn|14
|
|t:|1643438413
|move|p1a: Xerneas|Max Starfall|p2a: Regieleki
|-damage|p2a: Regieleki|0 fnt
|faint|p2a: Regieleki
|
|upkeep
|
|t:|1643438417
|switch|p2a: Zacian|Zacian-Crowned|100/100
|-activate|p2a: Zacian|move: Sticky Web
|-unboost|p2a: Zacian|spe|1
|-damage|p2a: Zacian|94/100|[from] Stealth Rock
|-ability|p2a: Zacian|Intrepid Sword|boost
|-boost|p2a: Zacian|atk|1
|turn|15
|
|t:|1643438420
|move|p1a: Xerneas|Max Lightning|p2a: Zacian
|-damage|p2a: Zacian|0 fnt
|-fieldstart|move: Electric Terrain
|faint|p2a: Zacian
|
|win|rarh2
|raw|rarh2's rating: 1602 &rarr; <strong>1629</strong><br />(+27 for winning)
|raw|siamzz's rating: 1735 &rarr; <strong>1708</strong><br />(-27 for losing)
|l|☆siamzz
