|j|☆Heatran192
|j|☆Firehawk_yt
|t:|1657340148
|gametype|singles
|player|p1|Heatran192|burglar|
|player|p2|Firehawk_yt|170|
|teamsize|p1|6
|teamsize|p2|6
|gen|8
|tier|[Gen 8] National Dex AG
|rule|HP Percentage Mod: HP is shown in percentages
|rule|Endless Battle Clause: Forcing endless battles is banned
|clearpoke
|poke|p1|Rayquaza|
|poke|p1|Necrozma-Dusk-Mane|
|poke|p1|Arceus-*|
|poke|p1|Arceus-*|
|poke|p1|Arceus-*|
|poke|p1|Groudon|
|poke|p2|Zacian-*|
|poke|p2|Rayquaza|
|poke|p2|Ditto|
|poke|p2|Groudon|
|poke|p2|Xerneas-*|
|poke|p2|Lugia|
|teampreview
|inactive|Battle timer is ON: inactive players will automatically lose when time's up. (requested by Heatran192)
|
|t:|1657340162
|start
|switch|p1a: Necrozma|Necrozma-Dusk-Mane|100/100
|switch|p2a: Ditto|Ditto|100/100
|-transform|p2a: Ditto|p1a: Necrozma|[from] ability: Imposter
|turn|1
|
|t:|1657340171
|switch|p1a: Groudon|Groudon|100/100
|detailschange|p1a: Groudon|Groudon-Primal
|-primal|p1a: Groudon
|-weather|DesolateLand|[from] ability: Desolate Land|[of] p1a: Groudon
|move|p2a: Ditto|Thunder Wave|p1a: Groudon
|-immune|p1a: Groudon
|
|-weather|DesolateLand|[upkeep]
|upkeep
|turn|2
|
|t:|1657340180
|switch|p2a: Rayquaza|Rayquaza|100/100
|-ability|p2a: Rayquaza|Air Lock
|move|p1a: Groudon|Stone Edge|p2a: Rayquaza|[miss]
|-miss|p1a: Groudon|p2a: Rayquaza
|
|-weather|DesolateLand|[upkeep]
|upkeep
|turn|3
|
|t:|1657340194
|-weather|none
|switch|p1a: Arceus|Arceus-Water|100/100
|detailschange|p2a: Rayquaza|Rayquaza-Mega
|-mega|p2a: Rayquaza|Rayquaza|
|-weather|DeltaStream|[from] ability: Delta Stream|[of] p2a: Rayquaza
|move|p2a: Rayquaza|Dragon Ascent|p1a: Arceus
|-damage|p1a: Arceus|40/100
|-unboost|p2a: Rayquaza|def|1
|-unboost|p2a: Rayquaza|spd|1
|-damage|p2a: Rayquaza|91/100|[from] item: Life Orb
|
|-weather|DeltaStream|[upkeep]
|upkeep
|turn|4
|
|t:|1657340211
|-weather|none
|switch|p2a: Ditto|Ditto|100/100
|-transform|p2a: Ditto|p1a: Arceus|[from] ability: Imposter
|switch|p1a: Necrozma|Necrozma-Dusk-Mane|100/100
|
|upkeep
|turn|5
|
|t:|1657340223
|move|p2a: Ditto|Judgment|p1a: Necrozma
|-resisted|p1a: Necrozma
|-damage|p1a: Necrozma|90/100
|move|p1a: Necrozma|Thunder Wave|p2a: Ditto
|-status|p2a: Ditto|par
|
|upkeep
|turn|6
|
|t:|1657340235
|switch|p2a: Groudon|Groudon|100/100
|detailschange|p2a: Groudon|Groudon-Primal
|-primal|p2a: Groudon
|-weather|DesolateLand|[from] ability: Desolate Land|[of] p2a: Groudon
|move|p1a: Necrozma|Stealth Rock|p2a: Groudon
|-sidestart|p2: Firehawk_yt|move: Stealth Rock
|
|-weather|DesolateLand|[upkeep]
|upkeep
|turn|7
|
|t:|1657340245
|move|p2a: Groudon|Stealth Rock|p1a: Necrozma
|-sidestart|p1: Heatran192|move: Stealth Rock
|move|p1a: Necrozma|Moonlight|p1a: Necrozma
|-heal|p1a: Necrozma|100/100
|
|-weather|DesolateLand|[upkeep]
|upkeep
|turn|8
|
|t:|1657340259
|switch|p1a: Rayquaza|Rayquaza|100/100
|-damage|p1a: Rayquaza|76/100|[from] Stealth Rock
|-ability|p1a: Rayquaza|Air Lock
|move|p2a: Groudon|Roar|p1a: Rayquaza
|drag|p1a: Necrozma|Necrozma-Dusk-Mane|100/100
|-damage|p1a: Necrozma|94/100|[from] Stealth Rock
|
|-weather|DesolateLand|[upkeep]
|upkeep
|turn|9
|
|t:|1657340272
|move|p1a: Necrozma|Sunsteel Strike|p2a: Groudon
|-resisted|p2a: Groudon
|-damage|p2a: Groudon|86/100
|move|p2a: Groudon|Roar|p1a: Necrozma
|drag|p1a: Arceus|Arceus-Water|40/100
|-damage|p1a: Arceus|28/100|[from] Stealth Rock
|
|-weather|DesolateLand|[upkeep]
|upkeep
|turn|10
|
|t:|1657340281
|move|p1a: Arceus|Recover|p1a: Arceus
|-heal|p1a: Arceus|78/100
|move|p2a: Groudon|Precipice Blades|p1a: Arceus
|-damage|p1a: Arceus|29/100
|
|-weather|DesolateLand|[upkeep]
|upkeep
|turn|11
|
|t:|1657340288
|move|p1a: Arceus|Recover|p1a: Arceus
|-heal|p1a: Arceus|80/100
|move|p2a: Groudon|Precipice Blades|p1a: Arceus
|-damage|p1a: Arceus|37/100
|
|-weather|DesolateLand|[upkeep]
|upkeep
|turn|12
|
|t:|1657340295
|move|p1a: Arceus|Recover|p1a: Arceus
|-heal|p1a: Arceus|87/100
|move|p2a: Groudon|Roar|p1a: Arceus
|drag|p1a: Groudon|Groudon-Primal|100/100
|-damage|p1a: Groudon|88/100|[from] Stealth Rock
|
|-weather|DesolateLand|[upkeep]
|upkeep
|turn|13
|
|t:|1657340305
|move|p2a: Groudon|Precipice Blades|p1a: Groudon
|-supereffective|p1a: Groudon
|-damage|p1a: Groudon|0 fnt
|faint|p1a: Groudon
|
|-weather|DesolateLand|[upkeep]
|upkeep
|
|t:|1657340311
|switch|p1a: Arceus|Arceus-Water|87/100
|-damage|p1a: Arceus|74/100|[from] Stealth Rock
|turn|14
|
|t:|1657340316
|move|p1a: Arceus|Toxic|p2a: Groudon|[miss]
|-miss|p1a: Arceus|p2a: Groudon
|move|p2a: Groudon|Roar|p1a: Arceus
|drag|p1a: Rayquaza|Rayquaza|76/100
|-damage|p1a: Rayquaza|51/100|[from] Stealth Rock
|-ability|p1a: Rayquaza|Air Lock
|
|-weather|DesolateLand|[upkeep]
|upkeep
|turn|15
|
|t:|1657340327
|detailschange|p1a: Rayquaza|Rayquaza-Mega
|-mega|p1a: Rayquaza|Rayquaza|
|-weather|DeltaStream|[from] ability: Delta Stream|[of] p1a: Rayquaza
|move|p1a: Rayquaza|Dragon Ascent|p2a: Groudon
|-damage|p2a: Groudon|17/100
|-unboost|p1a: Rayquaza|def|1
|-unboost|p1a: Rayquaza|spd|1
|-damage|p1a: Rayquaza|41/100|[from] item: Life Orb
|move|p2a: Groudon|Stone Edge|p1a: Rayquaza
|-activate||deltastream
|-crit|p1a: Rayquaza
|-damage|p1a: Rayquaza|0 fnt
|faint|p1a: Rayquaza
|-weather|none
|
|upkeep
|c|☆Heatran192|Bro
|c|☆Heatran192|Wtf
|c|☆Firehawk_yt|Lmao
|c|☆Heatran192|I missed two toxics
|inactive|Heatran192 has 270 seconds left.
|
|t:|1657340353
|switch|p1a: Arceus|Arceus-Water|74/100
|-damage|p1a: Arceus|62/100|[from] Stealth Rock
|turn|16
|
|t:|1657340367
|switch|p2a: Ditto|Ditto|100/100 par
|-damage|p2a: Ditto|88/100 par|[from] Stealth Rock
|-transform|p2a: Ditto|p1a: Arceus|[from] ability: Imposter
|move|p1a: Arceus|Toxic|p2a: Ditto|[miss]
|-miss|p1a: Arceus|p2a: Ditto
|
|upkeep
|turn|17
|c|☆Firehawk_yt|YOOO
|c|☆Firehawk_yt|Another miss
|c|☆Heatran192|💀
|
|t:|1657340381
|move|p1a: Arceus|Recover|p1a: Arceus
|-heal|p1a: Arceus|100/100
|move|p2a: Ditto|Toxic|p1a: Arceus
|-status|p1a: Arceus|tox
|
|-damage|p1a: Arceus|94/100 tox|[from] psn
|upkeep
|turn|18
|
|t:|1657340398
|switch|p1a: Arceus|Arceus|100/100
|-damage|p1a: Arceus|88/100|[from] Stealth Rock
|switch|p2a: Lugia|Lugia|100/100
|
|upkeep
|turn|19
|
|t:|1657340407
|move|p1a: Arceus|Stone Edge|p2a: Lugia
|-supereffective|p2a: Lugia
|-damage|p2a: Lugia|76/100
|-damage|p1a: Arceus|78/100|[from] item: Life Orb
|move|p2a: Lugia|Toxic|p1a: Arceus
|-status|p1a: Arceus|tox
|
|-damage|p1a: Arceus|72/100 tox|[from] psn
|upkeep
|turn|20
|
|t:|1657340417
|move|p1a: Arceus|Stone Edge|p2a: Lugia
|-supereffective|p2a: Lugia
|-damage|p2a: Lugia|28/100
|-damage|p1a: Arceus|62/100 tox|[from] item: Life Orb
|move|p2a: Lugia|Roost|p2a: Lugia
|-heal|p2a: Lugia|79/100
|-singleturn|p2a: Lugia|move: Roost
|
|-damage|p1a: Arceus|50/100 tox|[from] psn
|upkeep
|turn|21
|
|t:|1657340428
|switch|p1a: Necrozma|Necrozma-Dusk-Mane|94/100
|-damage|p1a: Necrozma|88/100|[from] Stealth Rock
|move|p2a: Lugia|Roost|p2a: Lugia
|-heal|p2a: Lugia|100/100
|-singleturn|p2a: Lugia|move: Roost
|
|upkeep
|turn|22
|
|t:|1657340437
|move|p2a: Lugia|Defog|p1a: Necrozma
|-unboost|p1a: Necrozma|evasion|1
|-sideend|p1: Heatran192|Stealth Rock|[from] move: Defog|[of] p2a: Lugia
|-sideend|p2: Firehawk_yt|Stealth Rock|[from] move: Defog|[of] p2a: Lugia
|move|p1a: Necrozma|Thunder Wave|p2a: Lugia
|-status|p2a: Lugia|par
|
|upkeep
|turn|23
|
|t:|1657340444
|switch|p2a: Ditto|Ditto|88/100 par
|-transform|p2a: Ditto|p1a: Necrozma|[from] ability: Imposter
|move|p1a: Necrozma|Stealth Rock|p2a: Ditto
|-sidestart|p2: Firehawk_yt|move: Stealth Rock
|
|upkeep
|turn|24
|
|t:|1657340456
|switch|p1a: Arceus|Arceus-Dark|100/100
|move|p2a: Ditto|Stealth Rock|p1a: Arceus
|-sidestart|p1: Heatran192|move: Stealth Rock
|
|upkeep
|turn|25
|
|t:|1657340470
|switch|p2a: Zacian|Zacian-Crowned|100/100
|-damage|p2a: Zacian|94/100|[from] Stealth Rock
|-ability|p2a: Zacian|Intrepid Sword|boost
|-boost|p2a: Zacian|atk|1
|move|p1a: Arceus|Calm Mind|p1a: Arceus
|-boost|p1a: Arceus|spa|1
|-boost|p1a: Arceus|spd|1
|
|upkeep
|turn|26
|
|t:|1657340479
|switch|p1a: Necrozma|Necrozma-Dusk-Mane|88/100
|-damage|p1a: Necrozma|82/100|[from] Stealth Rock
|move|p2a: Zacian|Behemoth Blade|p1a: Necrozma
|-resisted|p1a: Necrozma
|-damage|p1a: Necrozma|60/100
|-damage|p2a: Zacian|78/100|[from] item: Rocky Helmet|[of] p1a: Necrozma
|
|upkeep
|turn|27
|
|t:|1657340489
|move|p2a: Zacian|Swords Dance|p2a: Zacian
|-boost|p2a: Zacian|atk|2
|move|p1a: Necrozma|Moonlight|p1a: Necrozma
|-heal|p1a: Necrozma|100/100
|
|upkeep
|turn|28
|
|t:|1657340496
|move|p2a: Zacian|Sacred Sword|p1a: Necrozma
|-damage|p1a: Necrozma|53/100
|-damage|p2a: Zacian|61/100|[from] item: Rocky Helmet|[of] p1a: Necrozma
|move|p1a: Necrozma|Thunder Wave|p2a: Zacian
|-status|p2a: Zacian|par
|
|upkeep
|turn|29
|
|t:|1657340509
|cant|p2a: Zacian|par
|move|p1a: Necrozma|Moonlight|p1a: Necrozma
|-heal|p1a: Necrozma|100/100
|
|upkeep
|turn|30
|
|t:|1657340515
|move|p2a: Zacian|Behemoth Blade|p1a: Necrozma
|-resisted|p1a: Necrozma
|-damage|p1a: Necrozma|60/100
|-damage|p2a: Zacian|44/100 par|[from] item: Rocky Helmet|[of] p1a: Necrozma
|move|p1a: Necrozma|Sunsteel Strike|p2a: Zacian
|-damage|p2a: Zacian|3/100 par
|
|upkeep
|turn|31
|
|t:|1657340529
|move|p2a: Zacian|Sacred Sword|p1a: Necrozma
|-damage|p1a: Necrozma|9/100
|-damage|p2a: Zacian|0 fnt|[from] item: Rocky Helmet|[of] p1a: Necrozma
|faint|p2a: Zacian
|move|p1a: Necrozma|Moonlight|p1a: Necrozma
|-heal|p1a: Necrozma|59/100
|
|upkeep
|
|t:|1657340538
|switch|p2a: Rayquaza|Rayquaza-Mega|91/100
|-damage|p2a: Rayquaza|66/100|[from] Stealth Rock
|-weather|DeltaStream|[from] ability: Delta Stream|[of] p2a: Rayquaza
|turn|32
|
|t:|1657340546
|switch|p1a: Arceus|Arceus-Water|94/100 tox
|-damage|p1a: Arceus|82/100 tox|[from] Stealth Rock
|move|p2a: Rayquaza|V-create|p1a: Arceus
|-resisted|p1a: Arceus
|-damage|p1a: Arceus|52/100 tox
|-unboost|p2a: Rayquaza|spe|1
|-unboost|p2a: Rayquaza|def|1
|-unboost|p2a: Rayquaza|spd|1
|-damage|p2a: Rayquaza|56/100|[from] item: Life Orb
|
|-weather|DeltaStream|[upkeep]
|-damage|p1a: Arceus|46/100 tox|[from] psn
|upkeep
|turn|33
|
|t:|1657340559
|-weather|none
|switch|p2a: Ditto|Ditto|88/100 par
|-damage|p2a: Ditto|76/100 par|[from] Stealth Rock
|-transform|p2a: Ditto|p1a: Arceus|[from] ability: Imposter
|move|p1a: Arceus|Recover|p1a: Arceus
|-heal|p1a: Arceus|96/100 tox
|
|-damage|p1a: Arceus|84/100 tox|[from] psn
|upkeep
|turn|34
|
|t:|1657340573
|move|p1a: Arceus|Toxic||[still]
|-fail|p1a: Arceus
|move|p2a: Ditto|Judgment|p1a: Arceus
|-damage|p1a: Arceus|66/100 tox
|
|-damage|p1a: Arceus|47/100 tox|[from] psn
|upkeep
|turn|35
|
|t:|1657340581
|move|p1a: Arceus|Recover|p1a: Arceus
|-heal|p1a: Arceus|98/100 tox
|move|p2a: Ditto|Judgment|p1a: Arceus
|-crit|p1a: Arceus
|-damage|p1a: Arceus|72/100 tox
|
|-damage|p1a: Arceus|48/100 tox|[from] psn
|upkeep
|turn|36
|
|t:|1657340591
|switch|p1a: Necrozma|Necrozma-Dusk-Mane|59/100
|-damage|p1a: Necrozma|53/100|[from] Stealth Rock
|move|p2a: Ditto|Judgment|p1a: Necrozma
|-resisted|p1a: Necrozma
|-damage|p1a: Necrozma|43/100
|
|upkeep
|turn|37
|c|☆Heatran192|Can you like
|c|☆Heatran192|Stop critting me
|c|☆Firehawk_yt|Maybe
|
|t:|1657340611
|move|p2a: Ditto|Judgment|p1a: Necrozma
|-resisted|p1a: Necrozma
|-damage|p1a: Necrozma|32/100
|move|p1a: Necrozma|Moonlight|p1a: Necrozma
|-heal|p1a: Necrozma|82/100
|
|upkeep
|turn|38
|
|t:|1657340625
|switch|p2a: Lugia|Lugia|100/100 par
|move|p1a: Necrozma|Sunsteel Strike|p2a: Lugia
|-crit|p2a: Lugia
|-damage|p2a: Lugia|63/100 par
|
|upkeep
|turn|39
|
|t:|1657340633
|move|p1a: Necrozma|Sunsteel Strike|p2a: Lugia
|-damage|p2a: Lugia|39/100 par
|move|p2a: Lugia|Defog|p1a: Necrozma
|-unboost|p1a: Necrozma|evasion|1
|-sideend|p1: Heatran192|Stealth Rock|[from] move: Defog|[of] p2a: Lugia
|-sideend|p2: Firehawk_yt|Stealth Rock|[from] move: Defog|[of] p2a: Lugia
|
|upkeep
|turn|40
|
|t:|1657340641
|move|p1a: Necrozma|Sunsteel Strike|p2a: Lugia
|-damage|p2a: Lugia|14/100 par
|move|p2a: Lugia|Roost|p2a: Lugia
|-heal|p2a: Lugia|65/100 par
|-singleturn|p2a: Lugia|move: Roost
|
|upkeep
|turn|41
|
|t:|1657340650
|move|p1a: Necrozma|Sunsteel Strike|p2a: Lugia
|-damage|p2a: Lugia|41/100 par
|move|p2a: Lugia|Ice Beam|p1a: Necrozma
|-resisted|p1a: Necrozma
|-damage|p1a: Necrozma|75/100
|
|upkeep
|turn|42
|
|t:|1657340660
|move|p1a: Necrozma|Stealth Rock|p2a: Lugia
|-sidestart|p2: Firehawk_yt|move: Stealth Rock
|move|p2a: Lugia|Roost|p2a: Lugia
|-heal|p2a: Lugia|91/100 par
|-singleturn|p2a: Lugia|move: Roost
|
|upkeep
|turn|43
|
|t:|1657340668
|switch|p1a: Arceus|Arceus-Dark|100/100
|move|p2a: Lugia|Defog|p1a: Arceus
|-unboost|p1a: Arceus|evasion|1
|-sideend|p2: Firehawk_yt|Stealth Rock|[from] move: Defog|[of] p2a: Lugia
|
|upkeep
|turn|44
|
|t:|1657340675
|move|p1a: Arceus|Judgment|p2a: Lugia
|-supereffective|p2a: Lugia
|-damage|p2a: Lugia|39/100 par
|move|p2a: Lugia|Toxic|p1a: Arceus
|-status|p1a: Arceus|tox
|
|-damage|p1a: Arceus|94/100 tox|[from] psn
|upkeep
|turn|45
|
|t:|1657340685
|switch|p2a: Ditto|Ditto|76/100 par
|-transform|p2a: Ditto|p1a: Arceus|[from] ability: Imposter
|move|p1a: Arceus|Judgment|p2a: Ditto
|-resisted|p2a: Ditto
|-damage|p2a: Ditto|56/100 par
|
|-damage|p1a: Arceus|82/100 tox|[from] psn
|upkeep
|turn|46
|
|t:|1657340698
|move|p1a: Arceus|Refresh|p1a: Arceus
|-curestatus|p1a: Arceus|tox|[msg]
|move|p2a: Ditto|Refresh|p2a: Ditto
|-curestatus|p2a: Ditto|par|[msg]
|
|upkeep
|turn|47
|
|t:|1657340705
|switch|p2a: Xerneas|Xerneas|100/100
|-ability|p2a: Xerneas|Fairy Aura
|move|p1a: Arceus|Calm Mind|p1a: Arceus
|-boost|p1a: Arceus|spa|1
|-boost|p1a: Arceus|spd|1
|
|upkeep
|turn|48
|
|t:|1657340714
|move|p1a: Arceus|Calm Mind|p1a: Arceus
|-boost|p1a: Arceus|spa|1
|-boost|p1a: Arceus|spd|1
|move|p2a: Xerneas|Geomancy||[still]
|-prepare|p2a: Xerneas|Geomancy
|-enditem|p2a: Xerneas|Power Herb
|-anim|p2a: Xerneas|Geomancy|p2a: Xerneas
|-boost|p2a: Xerneas|spa|2
|-boost|p2a: Xerneas|spd|2
|-boost|p2a: Xerneas|spe|2
|
|upkeep
|turn|49
|
|t:|1657340726
|-start|p1a: Arceus|Dynamax|
|-heal|p1a: Arceus|82/100|[silent]
|move|p1a: Arceus|Max Guard|p1a: Arceus
|-singleturn|p1a: Arceus|Max Guard
|move|p2a: Xerneas|Moonblast|p1a: Arceus
|-activate|p1a: Arceus|move: Max Guard
|
|upkeep
|turn|50
|
|t:|1657340734
|-start|p2a: Xerneas|Dynamax|
|-heal|p2a: Xerneas|100/100|[silent]
|move|p2a: Xerneas|Max Starfall|p1a: Arceus
|-supereffective|p1a: Arceus
|-damage|p1a: Arceus|27/100
|-fieldstart|move: Misty Terrain
|move|p1a: Arceus|Max Darkness|p2a: Xerneas
|-resisted|p2a: Xerneas
|-damage|p2a: Xerneas|86/100
|-unboost|p2a: Xerneas|spd|1
|
|upkeep
|turn|51
|
|t:|1657340747
|move|p1a: Arceus|Max Guard|p1a: Arceus
|-singleturn|p1a: Arceus|Max Guard
|move|p2a: Xerneas|Max Starfall|p1a: Arceus
|-activate|p1a: Arceus|move: Max Guard
|
|upkeep
|-end|p1a: Arceus|Dynamax
|-heal|p1a: Arceus|27/100|[silent]
|turn|52
|
|t:|1657340755
|switch|p1a: Necrozma|Necrozma-Dusk-Mane|75/100
|move|p2a: Xerneas|Max Starfall|p1a: Necrozma
|-resisted|p1a: Necrozma
|-damage|p1a: Necrozma|0 fnt
|faint|p1a: Necrozma
|
|upkeep
|c|☆Firehawk_yt|Wtf
|-message|Heatran192 forfeited.
|
|win|Firehawk_yt
|l|☆Heatran192
|c|☆Firehawk_yt|That kills
|c|☆Firehawk_yt|Lmao
