|j|☆AligningStars
|j|☆Matsui_Miyako
|t:|1663104583
|gametype|singles
|player|p1|AligningStars|hilbert|1668
|player|p2|Matsui_Miyako|allister|1740
|teamsize|p1|6
|teamsize|p2|6
|gen|8
|tier|[Gen 8] National Dex AG
|rated|
|rule|HP Percentage Mod: HP is shown in percentages
|rule|Endless Battle Clause: Forcing endless battles is banned
|clearpoke
|poke|p1|Yveltal|
|poke|p1|Zacian-*|
|poke|p1|Groudon|
|poke|p1|Excadrill, F|
|poke|p1|Marshadow|
|poke|p1|Calyrex-Shadow|
|poke|p2|Yveltal|
|poke|p2|Deoxys-Attack|
|poke|p2|Marshadow|
|poke|p2|Arceus-*|
|poke|p2|Calyrex-Shadow|
|poke|p2|Arceus-*|
|teampreview
|inactive|Battle timer is ON: inactive players will automatically lose when time's up. (requested by AligningStars)
|
|t:|1663104603
|start
|switch|p1a: Excadrill|Excadrill, F|100/100
|switch|p2a: Deoxys|Deoxys-Attack|100/100
|-ability|p2a: Deoxys|Pressure
|-ability|p1a: Excadrill|Mold Breaker
|turn|1
|inactive|AligningStars has 120 seconds left.
|inactive|AligningStars has 90 seconds left.
|
|t:|1663104663
|move|p2a: Deoxys|Knock Off|p1a: Excadrill
|-damage|p1a: Excadrill|35/100
|-enditem|p1a: Excadrill|Focus Sash|[from] move: Knock Off|[of] p2a: Deoxys
|move|p1a: Excadrill|Bulldoze|p2a: Deoxys
|-enditem|p2a: Deoxys|Focus Sash
|-damage|p2a: Deoxys|1/100
|-unboost|p2a: Deoxys|spe|1
|
|upkeep
|turn|2
|
|t:|1663104677
|move|p2a: Deoxys|Extreme Speed|p1a: Excadrill
|-resisted|p1a: Excadrill
|-damage|p1a: Excadrill|8/100
|move|p1a: Excadrill|Stealth Rock|p2a: Deoxys
|-sidestart|p2: Matsui_Miyako|move: Stealth Rock
|
|upkeep
|turn|3
|
|t:|1663104685
|move|p2a: Deoxys|Extreme Speed|p1a: Excadrill
|-resisted|p1a: Excadrill
|-damage|p1a: Excadrill|0 fnt
|faint|p1a: Excadrill
|
|upkeep
|
|t:|1663104688
|switch|p1a: Marshadow|Marshadow|100/100
|turn|4
|
|t:|1663104691
|move|p1a: Marshadow|Shadow Sneak|p2a: Deoxys
|-supereffective|p2a: Deoxys
|-damage|p2a: Deoxys|0 fnt
|faint|p2a: Deoxys
|-damage|p1a: Marshadow|91/100|[from] item: Life Orb
|
|upkeep
|
|t:|1663104695
|switch|p2a: Titã|Arceus-Ground|100/100
|-damage|p2a: Titã|94/100|[from] Stealth Rock
|turn|5
|
|t:|1663104698
|move|p1a: Marshadow|Close Combat|p2a: Titã
|-damage|p2a: Titã|36/100
|-unboost|p1a: Marshadow|def|1
|-unboost|p1a: Marshadow|spd|1
|-damage|p1a: Marshadow|81/100|[from] item: Life Orb
|move|p2a: Titã|Stealth Rock|p1a: Marshadow
|-sidestart|p1: AligningStars|move: Stealth Rock
|
|upkeep
|turn|6
|
|t:|1663104703
|move|p1a: Marshadow|Close Combat|p2a: Titã
|-damage|p2a: Titã|0 fnt
|-unboost|p1a: Marshadow|def|1
|-unboost|p1a: Marshadow|spd|1
|faint|p2a: Titã
|-damage|p1a: Marshadow|71/100|[from] item: Life Orb
|
|upkeep
|
|t:|1663104707
|switch|p2a: Pássaro das Trevas|Yveltal|100/100
|-damage|p2a: Pássaro das Trevas|76/100|[from] Stealth Rock
|-ability|p2a: Pássaro das Trevas|Dark Aura
|turn|7
|
|t:|1663104711
|move|p1a: Marshadow|Rock Tomb|p2a: Pássaro das Trevas
|-supereffective|p2a: Pássaro das Trevas
|-damage|p2a: Pássaro das Trevas|0 fnt
|faint|p2a: Pássaro das Trevas
|-damage|p1a: Marshadow|61/100|[from] item: Life Orb
|
|upkeep
|
|t:|1663104722
|switch|p2a: Sombra|Marshadow|100/100
|-damage|p2a: Sombra|94/100|[from] Stealth Rock
|turn|8
|
|t:|1663104725
|move|p1a: Marshadow|Shadow Sneak|p2a: Sombra
|-supereffective|p2a: Sombra
|-damage|p2a: Sombra|0 fnt
|faint|p2a: Sombra
|-damage|p1a: Marshadow|51/100|[from] item: Life Orb
|
|upkeep
|
|t:|1663104729
|switch|p2a: Deus|Arceus|100/100
|-damage|p2a: Deus|88/100|[from] Stealth Rock
|turn|9
|
|t:|1663104732
|move|p1a: Marshadow|Close Combat|p2a: Deus
|-supereffective|p2a: Deus
|-damage|p2a: Deus|0 fnt
|-unboost|p1a: Marshadow|def|1
|-unboost|p1a: Marshadow|spd|1
|faint|p2a: Deus
|-damage|p1a: Marshadow|41/100|[from] item: Life Orb
|
|upkeep
|
|t:|1663104735
|switch|p2a: Cavaleiro Fantasma|Calyrex-Shadow|100/100
|-ability|p2a: Cavaleiro Fantasma|As One
|-ability|p2a: Cavaleiro Fantasma|Unnerve
|-damage|p2a: Cavaleiro Fantasma|88/100|[from] Stealth Rock
|turn|10
|
|t:|1663104742
|-start|p2a: Cavaleiro Fantasma|Dynamax|
|-heal|p2a: Cavaleiro Fantasma|88/100|[silent]
|move|p1a: Marshadow|Shadow Sneak|p2a: Cavaleiro Fantasma
|-supereffective|p2a: Cavaleiro Fantasma
|-damage|p2a: Cavaleiro Fantasma|0 fnt
|faint|p2a: Cavaleiro Fantasma
|-damage|p1a: Marshadow|31/100|[from] item: Life Orb
|
|win|AligningStars
|raw|AligningStars's rating: 1668 &rarr; <strong>1692</strong><br />(+24 for winning)
|raw|Matsui_Miyako's rating: 1740 &rarr; <strong>1716</strong><br />(-24 for losing)
|c|☆AligningStars|gg
|l|☆Matsui_Miyako
||Ladder isn't responding, score probably updated but might not have (Request timeout).
