|j|☆Alkir
|j|‽Pokemh
|t:|1617871687
|gametype|singles
|player|p1|Alkir|pokemonranger-gen4|1571
|player|p2|Pokemh|valerie|1608
|teamsize|p1|6
|teamsize|p2|6
|gen|8
|tier|[Gen 8] National Dex AG
|rated|
|clearpoke
|poke|p1|Zacian-Crowned|
|poke|p1|Xerneas|
|poke|p1|Rayquaza|
|poke|p1|Lugia|
|poke|p1|Marshadow|
|poke|p1|Groudon|
|poke|p2|Arceus-*|
|poke|p2|Arceus-*|
|poke|p2|Groudon|
|poke|p2|Zacian-Crowned|
|poke|p2|Arceus-*|
|poke|p2|Rayquaza|
|rule|HP Percentage Mod: HP is shown in percentages
|rule|Endless Battle Clause: Forcing endless battles is banned
|teampreview
|inactive|Battle timer is ON: inactive players will automatically lose when time's up. (requested by Alkir)
|
|t:|1617871704
|start
|switch|p1a: Groudon|Groudon|100/100
|switch|p2a: Rayquaza|Rayquaza|100/100
|-ability|p2a: Rayquaza|Air Lock
|detailschange|p1a: Groudon|Groudon-Primal
|-primal|p1a: Groudon
|-weather|DesolateLand|[from] ability: Desolate Land|[of] p1a: Groudon
|turn|1
|
|t:|1617871708
|detailschange|p2a: Rayquaza|Rayquaza-Mega
|-mega|p2a: Rayquaza|Rayquaza|
|-weather|DeltaStream|[from] ability: Delta Stream|[of] p2a: Rayquaza
|move|p2a: Rayquaza|Dragon Dance|p2a: Rayquaza
|-boost|p2a: Rayquaza|atk|1
|-boost|p2a: Rayquaza|spe|1
|move|p1a: Groudon|Stealth Rock|p2a: Rayquaza
|-sidestart|p2: Pokemh|move: Stealth Rock
|
|-weather|DeltaStream|[upkeep]
|upkeep
|turn|2
|
|t:|1617871718
|move|p2a: Rayquaza|Earthquake|p1a: Groudon
|-supereffective|p1a: Groudon
|-damage|p1a: Groudon|0 fnt
|-damage|p2a: Rayquaza|91/100|[from] item: Life Orb
|faint|p1a: Groudon
|
|-weather|DeltaStream|[upkeep]
|upkeep
|
|t:|1617871723
|switch|p1a: Marshadow|Marshadow|100/100
|turn|3
|
|t:|1617871726
|-weather|none
|switch|p2a: Groudon|Groudon|100/100
|-damage|p2a: Groudon|94/100|[from] Stealth Rock
|detailschange|p2a: Groudon|Groudon-Primal
|-primal|p2a: Groudon
|-weather|DesolateLand|[from] ability: Desolate Land|[of] p2a: Groudon
|move|p1a: Marshadow|Spectral Thief|p2a: Groudon
|-damage|p2a: Groudon|74/100
|
|-weather|DesolateLand|[upkeep]
|upkeep
|turn|4
|
|t:|1617871731
|switch|p1a: Lugia|Lugia|100/100
|move|p2a: Groudon|Rock Tomb|p1a: Lugia
|-supereffective|p1a: Lugia
|-damage|p1a: Lugia|89/100
|-unboost|p1a: Lugia|spe|1
|
|-weather|DesolateLand|[upkeep]
|upkeep
|turn|5
|j| AGCL3 Swastik
|
|t:|1617871740
|move|p2a: Groudon|Stealth Rock|p1a: Lugia
|-sidestart|p1: Alkir|move: Stealth Rock
|move|p1a: Lugia|Toxic|p2a: Groudon
|-status|p2a: Groudon|tox
|
|-weather|DesolateLand|[upkeep]
|-damage|p2a: Groudon|67/100 tox|[from] psn
|upkeep
|turn|6
|c| AGCL3 Swastik|Stall is bad
|
|t:|1617871745
|move|p1a: Lugia|Roost|p1a: Lugia
|-heal|p1a: Lugia|100/100
|-singleturn|p1a: Lugia|move: Roost
|move|p2a: Groudon|Dragon Tail|p1a: Lugia
|-damage|p1a: Lugia|95/100
|drag|p1a: Zacian|Zacian-Crowned|100/100
|-damage|p1a: Zacian|94/100|[from] Stealth Rock
|-ability|p1a: Zacian|Intrepid Sword|boost
|-boost|p1a: Zacian|atk|1
|
|-weather|DesolateLand|[upkeep]
|-damage|p2a: Groudon|55/100 tox|[from] psn
|upkeep
|turn|7
|c| AGCL3 Swastik|Go Alkir!
|
|t:|1617871750
|move|p1a: Zacian|Close Combat|p2a: Groudon
|-damage|p2a: Groudon|20/100 tox
|-unboost|p1a: Zacian|def|1
|-unboost|p1a: Zacian|spd|1
|move|p2a: Groudon|Precipice Blades|p1a: Zacian
|-supereffective|p1a: Zacian
|-damage|p1a: Zacian|0 fnt
|faint|p1a: Zacian
|
|-weather|DesolateLand|[upkeep]
|-damage|p2a: Groudon|1/100 tox|[from] psn
|upkeep
|
|t:|1617871763
|switch|p1a: Lugia|Lugia|95/100
|turn|8
|
|t:|1617871770
|move|p1a: Lugia|Roost|p1a: Lugia
|-heal|p1a: Lugia|100/100
|-singleturn|p1a: Lugia|move: Roost
|move|p2a: Groudon|Rock Tomb|p1a: Lugia
|-damage|p1a: Lugia|95/100
|-unboost|p1a: Lugia|spe|1
|
|-weather|DesolateLand|[upkeep]
|-damage|p2a: Groudon|0 fnt|[from] psn
|faint|p2a: Groudon
|-weather|none
|upkeep
|
|t:|1617871774
|switch|p2a: Arceus|Arceus-Water|100/100
|-damage|p2a: Arceus|88/100|[from] Stealth Rock
|turn|9
|
|t:|1617871777
|move|p2a: Arceus|Swords Dance|p2a: Arceus
|-boost|p2a: Arceus|atk|2
|move|p1a: Lugia|Toxic|p2a: Arceus|[miss]
|-miss|p1a: Lugia|p2a: Arceus
|
|upkeep
|turn|10
|
|t:|1617871780
|-start|p2a: Arceus|Dynamax
|-heal|p2a: Arceus|88/100|[silent]
|move|p2a: Arceus|Max Geyser|p1a: Lugia
|-damage|p1a: Lugia|24/100
|-weather|RainDance
|move|p1a: Lugia|Roost|p1a: Lugia
|-heal|p1a: Lugia|74/100
|-singleturn|p1a: Lugia|move: Roost
|
|-weather|RainDance|[upkeep]
|upkeep
|turn|11
|
|t:|1617871793
|switch|p1a: Marshadow|Marshadow|100/100
|-damage|p1a: Marshadow|94/100|[from] Stealth Rock
|move|p2a: Arceus|Max Geyser|p1a: Marshadow
|-damage|p1a: Marshadow|0 fnt
|faint|p1a: Marshadow
|
|-weather|RainDance|[upkeep]
|upkeep
|
|t:|1617871795
|switch|p1a: Rayquaza|Rayquaza|100/100
|-damage|p1a: Rayquaza|76/100|[from] Stealth Rock
|-ability|p1a: Rayquaza|Air Lock
|turn|12
|
|t:|1617871803
|detailschange|p1a: Rayquaza|Rayquaza-Mega
|-mega|p1a: Rayquaza|Rayquaza|
|-weather|DeltaStream|[from] ability: Delta Stream|[of] p1a: Rayquaza
|move|p1a: Rayquaza|Dragon Ascent|p2a: Arceus
|-damage|p2a: Arceus|57/100
|-unboost|p1a: Rayquaza|def|1
|-unboost|p1a: Rayquaza|spd|1
|move|p2a: Arceus|Max Airstream|p1a: Rayquaza
|-damage|p1a: Rayquaza|0 fnt
|-boost|p2a: Arceus|spe|1
|faint|p1a: Rayquaza
|-weather|none
|
|-end|p2a: Arceus|Dynamax
|-heal|p2a: Arceus|58/100|[silent]
|upkeep
|
|t:|1617871814
|switch|p1a: Xerneas|Xerneas|100/100
|-damage|p1a: Xerneas|88/100|[from] Stealth Rock
|-ability|p1a: Xerneas|Fairy Aura
|turn|13
|
|t:|1617871817
|move|p2a: Arceus|Liquidation|p1a: Xerneas
|-damage|p1a: Xerneas|0 fnt
|faint|p1a: Xerneas
|
|upkeep
|
|t:|1617871819
|switch|p1a: Lugia|Lugia|74/100
|turn|14
|
|t:|1617871822
|move|p2a: Arceus|Swords Dance|p2a: Arceus
|-boost|p2a: Arceus|atk|2
|move|p1a: Lugia|Roost|p1a: Lugia
|-heal|p1a: Lugia|100/100
|-singleturn|p1a: Lugia|move: Roost
|
|upkeep
|turn|15
|
|t:|1617871826
|move|p2a: Arceus|Swords Dance|p2a: Arceus
|-boost|p2a: Arceus|atk|2
|move|p1a: Lugia|Toxic|p2a: Arceus
|-status|p2a: Arceus|tox
|
|-damage|p2a: Arceus|52/100 tox|[from] psn
|upkeep
|turn|16
|
|t:|1617871840
|move|p2a: Arceus|Liquidation|p1a: Lugia
|-damage|p1a: Lugia|54/100
|move|p1a: Lugia|Roost|p1a: Lugia
|-heal|p1a: Lugia|100/100
|-singleturn|p1a: Lugia|move: Roost
|
|-damage|p2a: Arceus|40/100 tox|[from] psn
|upkeep
|turn|17
|
|t:|1617871849
|move|p2a: Arceus|Liquidation|p1a: Lugia
|-damage|p1a: Lugia|51/100
|-unboost|p1a: Lugia|def|1
|move|p1a: Lugia|Roost|p1a: Lugia
|-heal|p1a: Lugia|100/100
|-singleturn|p1a: Lugia|move: Roost
|
|-damage|p2a: Arceus|21/100 tox|[from] psn
|upkeep
|turn|18
|
|t:|1617871860
|move|p2a: Arceus|Liquidation|p1a: Lugia
|-damage|p1a: Lugia|28/100
|move|p1a: Lugia|Roost|p1a: Lugia
|-heal|p1a: Lugia|78/100
|-singleturn|p1a: Lugia|move: Roost
|
|-damage|p2a: Arceus|0 fnt|[from] psn
|faint|p2a: Arceus
|upkeep
|
|t:|1617871863
|switch|p2a: Zacian|Zacian-Crowned|100/100
|-damage|p2a: Zacian|94/100|[from] Stealth Rock
|-ability|p2a: Zacian|Intrepid Sword|boost
|-boost|p2a: Zacian|atk|1
|turn|19
|
|t:|1617871874
|move|p2a: Zacian|Wild Charge|p1a: Lugia
|-supereffective|p1a: Lugia
|-damage|p1a: Lugia|0 fnt
|-damage|p2a: Zacian|69/100|[from] Recoil
|faint|p1a: Lugia
|
|win|Pokemh
|raw|Alkir's rating: 1571 &rarr; <strong>1553</strong><br />(-18 for losing)
|raw|Pokemh's rating: 1608 &rarr; <strong>1626</strong><br />(+18 for winning)
