|j|☆Senpai_1987
|j|☆thicsucttv
|t:|1661286883
|gametype|singles
|player|p1|Senpai_1987|preschoolerf|1415
|player|p2|thicsucttv|102|1522
|teamsize|p1|6
|teamsize|p2|6
|gen|8
|tier|[Gen 8] National Dex AG
|rated|
|rule|HP Percentage Mod: HP is shown in percentages
|rule|Endless Battle Clause: Forcing endless battles is banned
|clearpoke
|poke|p1|Magearna|
|poke|p1|Necrozma-Dusk-Mane|
|poke|p1|Shaymin-Sky|
|poke|p1|Kyogre|
|poke|p1|Scizor, M|
|poke|p1|Slowbro, F|
|poke|p2|Shuckle, F|
|poke|p2|Marshadow|
|poke|p2|Gyarados, F|
|poke|p2|Necrozma-Dusk-Mane|
|poke|p2|Ditto|
|poke|p2|Lucario, M|
|teampreview
|inactive|Battle timer is ON: inactive players will automatically lose when time's up. (requested by Senpai_1987)
|
|t:|1661286910
|start
|switch|p1a: Inquisition Lite|Scizor, M|100/100
|switch|p2a: Marshadow|Marshadow|100/100
|turn|1
|
|t:|1661286922
|detailschange|p1a: Inquisition Lite|Scizor-Mega, M
|-mega|p1a: Inquisition Lite|Scizor|Scizorite
|-start|p2a: Marshadow|Dynamax|
|-heal|p2a: Marshadow|100/100|[silent]
|move|p2a: Marshadow|Max Flare|p1a: Inquisition Lite
|-supereffective|p1a: Inquisition Lite
|-damage|p1a: Inquisition Lite|7/100
|-weather|SunnyDay
|move|p1a: Inquisition Lite|U-turn|p2a: Marshadow
|-resisted|p2a: Marshadow
|-damage|p2a: Marshadow|95/100
|
|t:|1661286934
|switch|p1a: LET THERE BE RAIN|Kyogre|100/100|[from]move: U-turn
|-weather|RainDance|[from] ability: Drizzle|[of] p1a: LET THERE BE RAIN
|
|-weather|RainDance|[upkeep]
|upkeep
|turn|2
|
|t:|1661286964
|move|p1a: LET THERE BE RAIN|Origin Pulse|p2a: Marshadow
|-damage|p2a: Marshadow|41/100
|move|p2a: Marshadow|Max Knuckle|p1a: LET THERE BE RAIN
|-damage|p1a: LET THERE BE RAIN|52/100
|-boost|p2a: Marshadow|atk|1
|
|-weather|RainDance|[upkeep]
|upkeep
|turn|3
|
|t:|1661286975
|move|p1a: LET THERE BE RAIN|Origin Pulse|p2a: Marshadow
|-damage|p2a: Marshadow|0 fnt
|faint|p2a: Marshadow
|
|-weather|RainDance|[upkeep]
|upkeep
|
|t:|1661286984
|switch|p2a: Shuckle|Shuckle, F, shiny|100/100
|turn|4
|
|t:|1661286988
|move|p1a: LET THERE BE RAIN|Origin Pulse|p2a: Shuckle|[miss]
|-miss|p1a: LET THERE BE RAIN|p2a: Shuckle
|move|p2a: Shuckle|Stealth Rock|p1a: LET THERE BE RAIN
|-sidestart|p1: Senpai_1987|move: Stealth Rock
|
|-weather|RainDance|[upkeep]
|upkeep
|turn|5
|
|t:|1661286996
|move|p1a: LET THERE BE RAIN|Origin Pulse|p2a: Shuckle
|-supereffective|p2a: Shuckle
|-ability|p2a: Shuckle|Sturdy
|-damage|p2a: Shuckle|1/100
|move|p2a: Shuckle|Sticky Web|p1a: LET THERE BE RAIN
|-sidestart|p1: Senpai_1987|move: Sticky Web
|
|-weather|none
|upkeep
|turn|6
|
|t:|1661287013
|switch|p1a: Inquisition Lite|Scizor-Mega, M|7/100
|-damage|p1a: Inquisition Lite|0 fnt|[from] Stealth Rock
|-activate|p1a: Inquisition Lite|move: Sticky Web
|faint|p1a: Inquisition Lite
|move|p2a: Shuckle|Knock Off|p1: Inquisition Lite|[notarget]
|-fail|p2a: Shuckle
|
|upkeep
|
|t:|1661287021
|switch|p1a: Maple|Shaymin-Sky, shiny|100/100
|-damage|p1a: Maple|76/100|[from] Stealth Rock
|turn|7
|
|t:|1661287026
|move|p1a: Maple|Air Slash|p2a: Shuckle
|-damage|p2a: Shuckle|0 fnt
|faint|p2a: Shuckle
|
|upkeep
|
|t:|1661287031
|switch|p2a: Necrozma|Necrozma-Dusk-Mane|100/100
|turn|8
|
|t:|1661287041
|detailschange|p2a: Necrozma|Necrozma-Ultra
|-burst|p2a: Necrozma|Necrozma|Ultranecrozium Z
|move|p2a: Necrozma|Stone Edge|p1a: Maple
|-supereffective|p1a: Maple
|-crit|p1a: Maple
|-damage|p1a: Maple|0 fnt
|faint|p1a: Maple
|
|upkeep
|
|t:|1661287057
|switch|p1a: LET THERE BE RAIN|Kyogre|52/100
|-damage|p1a: LET THERE BE RAIN|40/100|[from] Stealth Rock
|-activate|p1a: LET THERE BE RAIN|move: Sticky Web
|-unboost|p1a: LET THERE BE RAIN|spe|1
|-weather|RainDance|[from] ability: Drizzle|[of] p1a: LET THERE BE RAIN
|turn|9
|
|t:|1661287064
|move|p2a: Necrozma|Photon Geyser|p1a: LET THERE BE RAIN
|-damage|p1a: LET THERE BE RAIN|0 fnt
|faint|p1a: LET THERE BE RAIN
|
|-weather|RainDance|[upkeep]
|upkeep
|
|t:|1661287071
|switch|p1a: Lavi|Magearna|100/100
|-damage|p1a: Lavi|94/100|[from] Stealth Rock
|-activate|p1a: Lavi|move: Sticky Web
|-unboost|p1a: Lavi|spe|1
|turn|10
|
|t:|1661287081
|move|p2a: Necrozma|Earthquake|p1a: Lavi
|-supereffective|p1a: Lavi
|-damage|p1a: Lavi|8/100
|move|p1a: Lavi|Fleur Cannon|p2a: Necrozma
|-supereffective|p2a: Necrozma
|-damage|p2a: Necrozma|0 fnt
|-unboost|p1a: Lavi|spa|2
|faint|p2a: Necrozma
|-ability|p1a: Lavi|Soul-Heart|boost
|-boost|p1a: Lavi|spa|1
|
|-weather|RainDance|[upkeep]
|-heal|p1a: Lavi|14/100|[from] item: Leftovers
|upkeep
|
|t:|1661287095
|switch|p2a: Lucario|Lucario, M|100/100
|turn|11
|
|t:|1661287099
|detailschange|p2a: Lucario|Lucario-Mega, M
|-mega|p2a: Lucario|Lucario|Lucarionite
|move|p2a: Lucario|Bullet Punch|p1a: Lavi
|-damage|p1a: Lavi|0 fnt
|faint|p1a: Lavi
|
|-weather|RainDance|[upkeep]
|upkeep
|
|t:|1661287108
|switch|p1a: Slowsibling|Slowbro, F|100/100
|-damage|p1a: Slowsibling|88/100|[from] Stealth Rock
|-activate|p1a: Slowsibling|move: Sticky Web
|-unboost|p1a: Slowsibling|spe|1
|turn|12
|
|t:|1661287118
|move|p2a: Lucario|Close Combat|p1a: Slowsibling
|-resisted|p1a: Slowsibling
|-damage|p1a: Slowsibling|62/100
|-unboost|p2a: Lucario|def|1
|-unboost|p2a: Lucario|spd|1
|-damage|p2a: Lucario|84/100|[from] item: Rocky Helmet|[of] p1a: Slowsibling
|move|p1a: Slowsibling|Scald|p2a: Lucario
|-damage|p2a: Lucario|0 fnt
|faint|p2a: Lucario
|
|-weather|RainDance|[upkeep]
|upkeep
|
|t:|1661287131
|switch|p2a: Gyarados|Gyarados, F, shiny|100/100
|turn|13
|
|t:|1661287134
|move|p2a: Gyarados|Dragon Dance|p2a: Gyarados
|-boost|p2a: Gyarados|atk|1
|-boost|p2a: Gyarados|spe|1
|move|p1a: Slowsibling|Thunder Wave|p2a: Gyarados|[miss]
|-miss|p1a: Slowsibling|p2a: Gyarados
|
|-weather|none
|upkeep
|turn|14
|
|t:|1661287147
|move|p2a: Gyarados|Bounce||[still]
|-prepare|p2a: Gyarados|Bounce
|move|p1a: Slowsibling|Thunder Wave|p2a: Gyarados|[miss]
|-miss|p1a: Slowsibling|p2a: Gyarados
|
|upkeep
|turn|15
|-activate|p2a: Gyarados|item: Quick Claw
|
|t:|1661287153
|move|p2a: Gyarados|Bounce|p1a: Slowsibling|[from]lockedmove
|-damage|p1a: Slowsibling|24/100
|-status|p1a: Slowsibling|par
|-damage|p2a: Gyarados|84/100|[from] item: Rocky Helmet|[of] p1a: Slowsibling
|move|p1a: Slowsibling|Slack Off|p1a: Slowsibling
|-heal|p1a: Slowsibling|74/100 par
|
|upkeep
|turn|16
|
|t:|1661287164
|move|p2a: Gyarados|Dragon Dance|p2a: Gyarados
|-boost|p2a: Gyarados|atk|1
|-boost|p2a: Gyarados|spe|1
|move|p1a: Slowsibling|Future Sight|p2a: Gyarados
|-start|p1a: Slowsibling|move: Future Sight
|
|upkeep
|turn|17
|
|t:|1661287171
|move|p2a: Gyarados|Dragon Dance|p2a: Gyarados
|-boost|p2a: Gyarados|atk|1
|-boost|p2a: Gyarados|spe|1
|move|p1a: Slowsibling|Thunder Wave|p2a: Gyarados
|-status|p2a: Gyarados|par
|
|upkeep
|turn|18
|-activate|p2a: Gyarados|item: Quick Claw
|
|t:|1661287178
|cant|p2a: Gyarados|par
|move|p1a: Slowsibling|Scald|p2a: Gyarados
|-resisted|p2a: Gyarados
|-crit|p2a: Gyarados
|-damage|p2a: Gyarados|64/100 par
|
|-end|p2a: Gyarados|move: Future Sight
|-damage|p2a: Gyarados|21/100 par
|upkeep
|turn|19
|
|t:|1661287190
|move|p2a: Gyarados|Waterfall|p1a: Slowsibling
|-resisted|p1a: Slowsibling
|-damage|p1a: Slowsibling|46/100 par
|-damage|p2a: Gyarados|5/100 par|[from] item: Rocky Helmet|[of] p1a: Slowsibling
|move|p1a: Slowsibling|Future Sight|p2a: Gyarados
|-start|p1a: Slowsibling|move: Future Sight
|
|upkeep
|turn|20
|
|t:|1661287198
|move|p2a: Gyarados|Bounce||[still]
|-prepare|p2a: Gyarados|Bounce
|move|p1a: Slowsibling|Slack Off|p1a: Slowsibling
|-heal|p1a: Slowsibling|96/100 par
|
|upkeep
|turn|21
|
|t:|1661287213
|move|p2a: Gyarados|Bounce|p1a: Slowsibling|[from]lockedmove
|-damage|p1a: Slowsibling|36/100 par
|-damage|p2a: Gyarados|0 fnt|[from] item: Rocky Helmet|[of] p1a: Slowsibling
|faint|p2a: Gyarados
|move|p1a: Slowsibling|Scald|p2: Gyarados|[notarget]
|-fail|p1a: Slowsibling
|
|-hint|Future Sight did not hit because the target is fainted.
|upkeep
|l|☆thicsucttv
|inactive|thicsucttv disconnected and has a minute to reconnect!
|player|p2|
|inactive|thicsucttv has 30 seconds to reconnect!
|inactive|thicsucttv has 20 seconds to reconnect!
|inactive|thicsucttv has 15 seconds to reconnect!
|inactive|thicsucttv has 10 seconds to reconnect!
|inactive|thicsucttv has 5 seconds to reconnect!
|-message|thicsucttv lost due to inactivity.
|
|win|Senpai_1987
|raw|Senpai_1987's rating: 1415 &rarr; <strong>1441</strong><br />(+26 for winning)
|raw|thicsucttv's rating: 1522 &rarr; <strong>1496</strong><br />(-26 for losing)
