|j|☆Heatran192
|j|☆Kypza
|t:|1660021406
|gametype|singles
|player|p1|Heatran192|burglar|
|player|p2|Kypza|bugcatcher-gen4dp|
|teamsize|p1|6
|teamsize|p2|6
|gen|8
|tier|[Gen 8] National Dex AG
|rule|HP Percentage Mod: HP is shown in percentages
|rule|Endless Battle Clause: Forcing endless battles is banned
|clearpoke
|poke|p1|Zygarde|
|poke|p1|Blastoise, F|
|poke|p1|Kyogre|
|poke|p1|Darkrai|
|poke|p1|Heatran, M|
|poke|p1|Deoxys-Speed|
|poke|p2|Marshadow|
|poke|p2|Scizor, F|
|poke|p2|Roserade, F|
|poke|p2|Ambipom, F|
|poke|p2|Mr. Mime, M|
|poke|p2|Persian, M|
|teampreview
|inactive|Battle timer is ON: inactive players will automatically lose when time's up. (requested by Heatran192)
|
|t:|1660021422
|start
|switch|p1a: Deoxys|Deoxys-Speed|100/100
|switch|p2a: Ambipom|Ambipom, F|100/100
|-ability|p1a: Deoxys|Pressure
|turn|1
|
|t:|1660021427
|move|p1a: Deoxys|Protect|p1a: Deoxys
|-singleturn|p1a: Deoxys|Protect
|move|p2a: Ambipom|Fake Out|p1a: Deoxys
|-activate|p1a: Deoxys|move: Protect
|
|upkeep
|turn|2
|
|t:|1660021442
|switch|p2a: Scizor|Scizor, F|100/100
|move|p1a: Deoxys|Substitute|p1a: Deoxys
|-start|p1a: Deoxys|Substitute
|-damage|p1a: Deoxys|75/100
|
|-heal|p1a: Deoxys|82/100|[from] item: Leftovers
|upkeep
|turn|3
|
|t:|1660021447
|move|p1a: Deoxys|Protect|p1a: Deoxys
|-singleturn|p1a: Deoxys|Protect
|move|p2a: Scizor|Bullet Punch|p1a: Deoxys
|-activate|p1a: Deoxys|move: Protect
|
|-heal|p1a: Deoxys|88/100|[from] item: Leftovers
|upkeep
|turn|4
|
|t:|1660021455
|move|p2a: Scizor|Bullet Punch|p1a: Deoxys
|-end|p1a: Deoxys|Substitute
|move|p1a: Deoxys|Substitute|p1a: Deoxys
|-start|p1a: Deoxys|Substitute
|-damage|p1a: Deoxys|63/100
|
|-heal|p1a: Deoxys|69/100|[from] item: Leftovers
|upkeep
|turn|5
|
|t:|1660021464
|move|p1a: Deoxys|Protect|p1a: Deoxys
|-singleturn|p1a: Deoxys|Protect
|move|p2a: Scizor|Bullet Punch|p1a: Deoxys
|-activate|p1a: Deoxys|move: Protect
|
|-heal|p1a: Deoxys|75/100|[from] item: Leftovers
|upkeep
|turn|6
|
|t:|1660021472
|move|p2a: Scizor|Bullet Punch|p1a: Deoxys
|-end|p1a: Deoxys|Substitute
|move|p1a: Deoxys|Recover|p1a: Deoxys
|-heal|p1a: Deoxys|100/100
|
|upkeep
|turn|7
|
|t:|1660021483
|move|p1a: Deoxys|Protect|p1a: Deoxys
|-singleturn|p1a: Deoxys|Protect
|move|p2a: Scizor|Iron Defense|p2a: Scizor
|-boost|p2a: Scizor|def|2
|
|upkeep
|turn|8
|
|t:|1660021488
|move|p2a: Scizor|Bullet Punch|p1a: Deoxys
|-damage|p1a: Deoxys|65/100
|move|p1a: Deoxys|Substitute|p1a: Deoxys
|-start|p1a: Deoxys|Substitute
|-damage|p1a: Deoxys|40/100
|
|-heal|p1a: Deoxys|46/100|[from] item: Leftovers
|upkeep
|turn|9
|
|t:|1660021493
|move|p1a: Deoxys|Recover|p1a: Deoxys
|-heal|p1a: Deoxys|96/100
|move|p2a: Scizor|Iron Defense|p2a: Scizor
|-boost|p2a: Scizor|def|2
|
|-heal|p1a: Deoxys|100/100|[from] item: Leftovers
|upkeep
|turn|10
|
|t:|1660021500
|move|p2a: Scizor|Bullet Punch|p1a: Deoxys
|-end|p1a: Deoxys|Substitute
|move|p1a: Deoxys|Toxic|p2a: Scizor
|-immune|p2a: Scizor
|
|upkeep
|turn|11
|
|t:|1660021503
|move|p2a: Scizor|Bullet Punch|p1a: Deoxys
|-damage|p1a: Deoxys|66/100
|move|p1a: Deoxys|Substitute|p1a: Deoxys
|-start|p1a: Deoxys|Substitute
|-damage|p1a: Deoxys|41/100
|
|-heal|p1a: Deoxys|47/100|[from] item: Leftovers
|upkeep
|turn|12
|
|t:|1660021508
|move|p1a: Deoxys|Recover|p1a: Deoxys
|-heal|p1a: Deoxys|97/100
|move|p2a: Scizor|Iron Defense|p2a: Scizor
|-boost|p2a: Scizor|def|2
|
|-heal|p1a: Deoxys|100/100|[from] item: Leftovers
|upkeep
|turn|13
|
|t:|1660021516
|move|p1a: Deoxys|Protect|p1a: Deoxys
|-singleturn|p1a: Deoxys|Protect
|move|p2a: Scizor|Bullet Punch|p1a: Deoxys
|-activate|p1a: Deoxys|move: Protect
|
|upkeep
|turn|14
|
|t:|1660021523
|move|p2a: Scizor|Bullet Punch|p1a: Deoxys
|-end|p1a: Deoxys|Substitute
|move|p1a: Deoxys|Substitute|p1a: Deoxys
|-start|p1a: Deoxys|Substitute
|-damage|p1a: Deoxys|75/100
|
|-heal|p1a: Deoxys|82/100|[from] item: Leftovers
|upkeep
|turn|15
|
|t:|1660021533
|move|p1a: Deoxys|Protect|p1a: Deoxys
|-singleturn|p1a: Deoxys|Protect
|move|p2a: Scizor|Bullet Punch|p1a: Deoxys
|-activate|p1a: Deoxys|move: Protect
|
|-heal|p1a: Deoxys|88/100|[from] item: Leftovers
|upkeep
|turn|16
|c|☆Kypza|Wild ass mf
|c|☆Kypza|💀
|c|☆Heatran192|Gaming
|c|☆Kypza|Funni tho
|
|t:|1660021556
|move|p2a: Scizor|Bullet Punch|p1a: Deoxys
|-end|p1a: Deoxys|Substitute
|move|p1a: Deoxys|Substitute|p1a: Deoxys
|-start|p1a: Deoxys|Substitute
|-damage|p1a: Deoxys|63/100
|
|-heal|p1a: Deoxys|69/100|[from] item: Leftovers
|upkeep
|turn|17
|
|t:|1660021565
|move|p1a: Deoxys|Protect|p1a: Deoxys
|-singleturn|p1a: Deoxys|Protect
|move|p2a: Scizor|Bullet Punch|p1a: Deoxys
|-activate|p1a: Deoxys|move: Protect
|
|-heal|p1a: Deoxys|75/100|[from] item: Leftovers
|upkeep
|turn|18
|
|t:|1660021575
|move|p2a: Scizor|Bullet Punch|p1a: Deoxys
|-end|p1a: Deoxys|Substitute
|move|p1a: Deoxys|Substitute|p1a: Deoxys
|-start|p1a: Deoxys|Substitute
|-damage|p1a: Deoxys|50/100
|
|-heal|p1a: Deoxys|57/100|[from] item: Leftovers
|upkeep
|turn|19
|
|t:|1660021583
|move|p2a: Scizor|Bullet Punch|p1a: Deoxys
|-end|p1a: Deoxys|Substitute
|move|p1a: Deoxys|Recover|p1a: Deoxys
|-heal|p1a: Deoxys|100/100
|
|upkeep
|turn|20
|inactive|Kypza has 270 seconds left.
|c|☆Kypza|This wild 💀
|
|t:|1660021621
|move|p1a: Deoxys|Substitute|p1a: Deoxys
|-start|p1a: Deoxys|Substitute
|-damage|p1a: Deoxys|75/100
|move|p2a: Scizor|Iron Defense|p2a: Scizor
|-boost|p2a: Scizor|def|0
|
|-heal|p1a: Deoxys|82/100|[from] item: Leftovers
|upkeep
|turn|21
|inactive|Kypza has 270 seconds left.
|
|t:|1660021629
|move|p1a: Deoxys|Toxic|p2a: Scizor
|-immune|p2a: Scizor
|move|p2a: Scizor|Iron Defense|p2a: Scizor
|-boost|p2a: Scizor|def|0
|
|-heal|p1a: Deoxys|88/100|[from] item: Leftovers
|upkeep
|turn|22
|
|t:|1660021638
|move|p1a: Deoxys|Toxic|p2a: Scizor
|-immune|p2a: Scizor
|move|p2a: Scizor|Iron Defense|p2a: Scizor
|-boost|p2a: Scizor|def|0
|
|-heal|p1a: Deoxys|94/100|[from] item: Leftovers
|upkeep
|turn|23
|
|t:|1660021645
|move|p1a: Deoxys|Toxic|p2a: Scizor
|-immune|p2a: Scizor
|move|p2a: Scizor|Iron Defense|p2a: Scizor
|-boost|p2a: Scizor|def|0
|
|-heal|p1a: Deoxys|100/100|[from] item: Leftovers
|upkeep
|turn|24
|
|t:|1660021653
|move|p1a: Deoxys|Toxic|p2a: Scizor
|-immune|p2a: Scizor
|move|p2a: Scizor|Iron Defense|p2a: Scizor
|-boost|p2a: Scizor|def|0
|
|upkeep
|turn|25
|
|t:|1660021657
|move|p1a: Deoxys|Toxic|p2a: Scizor
|-immune|p2a: Scizor
|move|p2a: Scizor|Iron Defense|p2a: Scizor
|-boost|p2a: Scizor|def|0
|
|upkeep
|turn|26
|
|t:|1660021664
|move|p1a: Deoxys|Toxic|p2a: Scizor
|-immune|p2a: Scizor
|move|p2a: Scizor|Iron Defense|p2a: Scizor
|-boost|p2a: Scizor|def|0
|
|upkeep
|turn|27
|
|t:|1660021683
|move|p1a: Deoxys|Toxic|p2a: Scizor
|-immune|p2a: Scizor
|move|p2a: Scizor|Iron Defense|p2a: Scizor
|-boost|p2a: Scizor|def|0
|
|upkeep
|turn|28
|c|☆Kypza|This is interesting to say the least...
|
|t:|1660021692
|move|p1a: Deoxys|Toxic|p2a: Scizor|[miss]
|-miss|p1a: Deoxys|p2a: Scizor
|move|p2a: Scizor|Iron Defense|p2a: Scizor
|-boost|p2a: Scizor|def|0
|
|upkeep
|turn|29
|
|t:|1660021699
|move|p1a: Deoxys|Toxic|p2a: Scizor
|-immune|p2a: Scizor
|move|p2a: Scizor|Iron Defense|p2a: Scizor
|-boost|p2a: Scizor|def|0
|
|upkeep
|turn|30
|
|t:|1660021704
|move|p1a: Deoxys|Toxic|p2a: Scizor
|-immune|p2a: Scizor
|move|p2a: Scizor|Iron Defense|p2a: Scizor
|-boost|p2a: Scizor|def|0
|
|upkeep
|turn|31
|
|t:|1660021709
|move|p1a: Deoxys|Toxic|p2a: Scizor
|-immune|p2a: Scizor
|move|p2a: Scizor|Iron Defense|p2a: Scizor
|-boost|p2a: Scizor|def|0
|
|upkeep
|turn|32
|
|t:|1660021715
|move|p1a: Deoxys|Recover||[still]
|-fail|p1a: Deoxys|heal
|move|p2a: Scizor|Iron Defense|p2a: Scizor
|-boost|p2a: Scizor|def|0
|
|upkeep
|turn|33
|
|t:|1660021724
|move|p2a: Scizor|Bullet Punch|p1a: Deoxys
|-end|p1a: Deoxys|Substitute
|move|p1a: Deoxys|Recover||[still]
|-fail|p1a: Deoxys|heal
|
|upkeep
|turn|34
|
|t:|1660021732
|move|p2a: Scizor|Bullet Punch|p1a: Deoxys
|-damage|p1a: Deoxys|62/100
|move|p1a: Deoxys|Substitute|p1a: Deoxys
|-start|p1a: Deoxys|Substitute
|-damage|p1a: Deoxys|37/100
|
|-heal|p1a: Deoxys|43/100|[from] item: Leftovers
|upkeep
|turn|35
|
|t:|1660021744
|move|p1a: Deoxys|Protect|p1a: Deoxys
|-singleturn|p1a: Deoxys|Protect
|move|p2a: Scizor|Bullet Punch|p1a: Deoxys
|-activate|p1a: Deoxys|move: Protect
|
|-heal|p1a: Deoxys|50/100|[from] item: Leftovers
|upkeep
|turn|36
|
|t:|1660021758
|move|p1a: Deoxys|Recover|p1a: Deoxys
|-heal|p1a: Deoxys|99/100
|move|p2a: Scizor|Iron Defense|p2a: Scizor
|-boost|p2a: Scizor|def|0
|
|-heal|p1a: Deoxys|100/100|[from] item: Leftovers
|upkeep
|turn|37
|
|t:|1660021772
|move|p1a: Deoxys|Protect|p1a: Deoxys
|-singleturn|p1a: Deoxys|Protect
|move|p2a: Scizor|Bullet Punch|p1a: Deoxys
|-activate|p1a: Deoxys|move: Protect
|
|upkeep
|turn|38
|c|☆Heatran192|Gaming
|
|t:|1660021787
|move|p1a: Deoxys|Protect|p1a: Deoxys
|-singleturn|p1a: Deoxys|Protect
|move|p2a: Scizor|Iron Defense|p2a: Scizor
|-boost|p2a: Scizor|def|0
|
|upkeep
|turn|39
|c|☆Heatran192|The double protect tho
|c|☆Kypza|Crazy ngl
|
|t:|1660021813
|switch|p1a: Heatran|Heatran, M|100/100
|move|p2a: Scizor|Iron Defense|p2a: Scizor
|-boost|p2a: Scizor|def|0
|
|upkeep
|turn|40
|
|t:|1660021819
|move|p1a: Heatran|Heat Crash|p2a: Scizor
|-supereffective|p2a: Scizor
|-damage|p2a: Scizor|47/100
|move|p2a: Scizor|Superpower|p1a: Heatran
|-supereffective|p1a: Heatran
|-damage|p1a: Heatran|3/100
|-unboost|p2a: Scizor|atk|1
|-unboost|p2a: Scizor|def|1
|
|upkeep
|turn|41
|
|t:|1660021824
|move|p2a: Scizor|Bullet Punch|p1a: Heatran
|-resisted|p1a: Heatran
|-damage|p1a: Heatran|0 fnt
|faint|p1a: Heatran
|
|upkeep
|c|☆Kypza|He
|
|t:|1660021836
|switch|p1a: Darkrai|Darkrai|100/100
|turn|42
|
|t:|1660021841
|move|p1a: Darkrai|Dark Void|p2a: Scizor
|-status|p2a: Scizor|slp|[from] move: Dark Void
|cant|p2a: Scizor|slp
|
|-damage|p2a: Scizor|35/100 slp|[from] ability: Bad Dreams|[of] p1a: Darkrai
|upkeep
|turn|43
|c|☆Heatran192|HOLY SHIT
|
|t:|1660021852
|move|p1a: Darkrai|Swords Dance|p1a: Darkrai
|-boost|p1a: Darkrai|atk|2
|cant|p2a: Scizor|slp
|
|-damage|p2a: Scizor|22/100 slp|[from] ability: Bad Dreams|[of] p1a: Darkrai
|upkeep
|turn|44
|
|t:|1660021856
|move|p1a: Darkrai|Shadow Claw|p2a: Scizor
|-damage|p2a: Scizor|9/100 slp
|-curestatus|p2a: Scizor|slp|[msg]
|move|p2a: Scizor|Superpower|p1a: Darkrai
|-supereffective|p1a: Darkrai
|-damage|p1a: Darkrai|22/100
|-unboost|p2a: Scizor|atk|1
|-unboost|p2a: Scizor|def|1
|
|upkeep
|turn|45
|
|t:|1660021863
|move|p1a: Darkrai|Shadow Claw|p2a: Scizor
|-crit|p2a: Scizor
|-damage|p2a: Scizor|0 fnt
|faint|p2a: Scizor
|
|upkeep
|
|t:|1660021869
|switch|p2a: Ambipom|Ambipom, F|100/100
|turn|46
|
|t:|1660021874
|move|p2a: Ambipom|Fake Out|p1a: Darkrai
|-enditem|p2a: Ambipom|Normal Gem|[from] gem
|-crit|p1a: Darkrai
|-damage|p1a: Darkrai|0 fnt
|faint|p1a: Darkrai
|
|upkeep
|
|t:|1660021879
|switch|p1a: Blastoise|Blastoise, F|100/100
|turn|47
|c|☆Kypza|Eeeeee
|
|t:|1660021892
|detailschange|p1a: Blastoise|Blastoise-Mega, F
|-mega|p1a: Blastoise|Blastoise|Blastoisinite
|move|p2a: Ambipom|Acrobatics|p1a: Blastoise
|-damage|p1a: Blastoise|71/100
|move|p1a: Blastoise|Shell Smash|p1a: Blastoise
|-unboost|p1a: Blastoise|def|1
|-unboost|p1a: Blastoise|spd|1
|-boost|p1a: Blastoise|atk|2
|-boost|p1a: Blastoise|spa|2
|-boost|p1a: Blastoise|spe|2
|
|upkeep
|turn|48
|
|t:|1660021899
|move|p1a: Blastoise|Liquidation|p2a: Ambipom
|-damage|p2a: Ambipom|0 fnt
|faint|p2a: Ambipom
|
|upkeep
|inactive|Kypza has 270 seconds left.
|c|☆Kypza|Uh oh
|
|t:|1660021937
|switch|p2a: Roserade|Roserade, F|100/100
|turn|49
|
|t:|1660021940
|move|p1a: Blastoise|Earthquake|p2a: Roserade
|-damage|p2a: Roserade|0 fnt
|faint|p2a: Roserade
|
|upkeep
|inactive|Kypza has 270 seconds left.
|c|☆Kypza|That was unexpected
|
|t:|1660021961
|switch|p2a: Persian|Persian, M|100/100
|turn|50
|c|☆Kypza|My only hope
|c|☆Kypza|Is cat
|
|t:|1660021988
|-start|p2a: Persian|Dynamax|
|-heal|p2a: Persian|100/100|[silent]
|move|p1a: Blastoise|Liquidation|p2a: Persian
|-damage|p2a: Persian|15/100
|move|p2a: Persian|Max Airstream|p1a: Blastoise
|-damage|p1a: Blastoise|36/100
|-boost|p2a: Persian|spe|1
|
|upkeep
|turn|51
|
|t:|1660021996
|move|p1a: Blastoise|Aqua Jet|p2a: Persian
|-damage|p2a: Persian|0 fnt
|faint|p2a: Persian
|
|upkeep
|
|t:|1660022002
|switch|p2a: Mr. Mime|Mr. Mime, M|100/100
|turn|52
|
|t:|1660022005
|move|p2a: Mr. Mime|Fake Out|p1a: Blastoise
|-enditem|p2a: Mr. Mime|Normal Gem|[from] gem
|-damage|p1a: Blastoise|22/100
|cant|p1a: Blastoise|flinch
|
|upkeep
|turn|53
|
|t:|1660022016
|move|p1a: Blastoise|Liquidation|p2a: Mr. Mime
|-damage|p2a: Mr. Mime|0 fnt
|faint|p2a: Mr. Mime
|
|upkeep
|
|t:|1660022020
|switch|p2a: Marshadow|Marshadow|100/100
|turn|54
|inactive|Kypza has 270 seconds left.
|
|t:|1660022026
|move|p1a: Blastoise|Aqua Jet|p2a: Marshadow
|-damage|p2a: Marshadow|52/100
|move|p2a: Marshadow|Close Combat|p1a: Blastoise
|-damage|p1a: Blastoise|0 fnt
|-unboost|p2a: Marshadow|def|1
|-unboost|p2a: Marshadow|spd|1
|faint|p1a: Blastoise
|
|-heal|p2a: Marshadow|58/100|[from] item: Leftovers
|upkeep
|
|t:|1660022030
|switch|p1a: Kyogre|Kyogre|100/100
|detailschange|p1a: Kyogre|Kyogre-Primal
|-primal|p1a: Kyogre
|-weather|PrimordialSea|[from] ability: Primordial Sea|[of] p1a: Kyogre
|turn|55
|c|☆Heatran192|Watch this play
|
|t:|1660022040
|move|p2a: Marshadow|Close Combat|p1a: Kyogre
|-damage|p1a: Kyogre|32/100
|-unboost|p2a: Marshadow|def|1
|-unboost|p2a: Marshadow|spd|1
|move|p1a: Kyogre|Aqua Tail|p2a: Marshadow
|-damage|p2a: Marshadow|0 fnt
|faint|p2a: Marshadow
|
|win|Heatran192
|c|☆Heatran192|Epic
|c|☆Heatran192|gh
|c|☆Kypza|Funni tail
|c|☆Heatran192|gg
|c|☆Kypza|Gg
|l|☆Heatran192
|l|☆Kypza
|j|☆Heatran192
|player|p1|Heatran192|burglar
