|j|☆Cream2905
|j|☆Matsui_Miyako
|t:|1663020061
|gametype|singles
|player|p1|Cream2905|lucas|1627
|player|p2|Matsui_Miyako|allister|1708
|teamsize|p1|6
|teamsize|p2|6
|gen|8
|tier|[Gen 8] National Dex AG
|rated|
|rule|HP Percentage Mod: HP is shown in percentages
|rule|Endless Battle Clause: Forcing endless battles is banned
|clearpoke
|poke|p1|Arceus-*|
|poke|p1|Regieleki|
|poke|p1|Mewtwo|
|poke|p1|Yveltal|
|poke|p1|Eternatus|
|poke|p1|Necrozma-Dusk-Mane|
|poke|p2|Deoxys-Speed|
|poke|p2|Xerneas-*|
|poke|p2|Marshadow|
|poke|p2|Arceus-*|
|poke|p2|Calyrex-Shadow|
|poke|p2|Arceus-*|
|teampreview
|inactive|Battle timer is ON: inactive players will automatically lose when time's up. (requested by Cream2905)
|
|t:|1663020065
|start
|switch|p1a: Regieleki|Regieleki|100/100
|switch|p2a: Rápido|Deoxys-Speed|100/100
|-ability|p2a: Rápido|Pressure
|turn|1
|
|t:|1663020067
|move|p2a: Rápido|Knock Off|p1a: Regieleki
|-damage|p1a: Regieleki|74/100
|move|p1a: Regieleki|Volt Switch|p2a: Rápido
|-damage|p2a: Rápido|43/100
|
|t:|1663020073
|switch|p1a: Yveltal|Yveltal|100/100|[from]move: Volt Switch
|-ability|p1a: Yveltal|Dark Aura
|
|upkeep
|turn|2
|
|t:|1663020076
|move|p2a: Rápido|Stealth Rock|p1a: Yveltal
|-sidestart|p1: Cream2905|move: Stealth Rock
|move|p1a: Yveltal|Knock Off|p2a: Rápido
|-supereffective|p2a: Rápido
|-damage|p2a: Rápido|0 fnt
|-damage|p1a: Yveltal|84/100|[from] item: Rocky Helmet|[of] p2a: Rápido
|-enditem|p2a: Rápido|Rocky Helmet|[from] move: Knock Off|[of] p1a: Yveltal
|faint|p2a: Rápido
|
|-heal|p1a: Yveltal|90/100|[from] item: Leftovers
|upkeep
|
|t:|1663020082
|switch|p2a: Xerneas|Xerneas|100/100
|-ability|p2a: Xerneas|Fairy Aura
|turn|3
|
|t:|1663020085
|move|p2a: Xerneas|Geomancy||[still]
|-prepare|p2a: Xerneas|Geomancy
|-enditem|p2a: Xerneas|Power Herb
|-anim|p2a: Xerneas|Geomancy|p2a: Xerneas
|-boost|p2a: Xerneas|spa|2
|-boost|p2a: Xerneas|spd|2
|-boost|p2a: Xerneas|spe|2
|move|p1a: Yveltal|U-turn|p2a: Xerneas
|-resisted|p2a: Xerneas
|-damage|p2a: Xerneas|91/100
|
|t:|1663020092
|switch|p1a: Necrozma|Necrozma-Dusk-Mane|100/100|[from]move: U-turn
|-damage|p1a: Necrozma|94/100|[from] Stealth Rock
|
|upkeep
|turn|4
|
|t:|1663020097
|-start|p2a: Xerneas|Dynamax|
|-heal|p2a: Xerneas|91/100|[silent]
|-start|p1a: Necrozma|Dynamax|
|-heal|p1a: Necrozma|94/100|[silent]
|move|p2a: Xerneas|Max Flare|p1a: Necrozma
|-supereffective|p1a: Necrozma
|-damage|p1a: Necrozma|60/100
|-weather|SunnyDay
|move|p1a: Necrozma|Max Steelspike|p2a: Xerneas
|-supereffective|p2a: Xerneas
|-damage|p2a: Xerneas|12/100
|-boost|p1a: Necrozma|def|1
|
|-weather|SunnyDay|[upkeep]
|upkeep
|turn|5
|
|t:|1663020113
|move|p2a: Xerneas|Max Guard|p2a: Xerneas
|-singleturn|p2a: Xerneas|Max Guard
|move|p1a: Necrozma|Max Steelspike|p2a: Xerneas
|-activate|p2a: Xerneas|move: Max Guard
|
|-weather|SunnyDay|[upkeep]
|upkeep
|turn|6
|
|t:|1663020118
|move|p2a: Xerneas|Max Flare|p1a: Necrozma
|-supereffective|p1a: Necrozma
|-damage|p1a: Necrozma|9/100
|move|p1a: Necrozma|Max Steelspike|p2a: Xerneas
|-supereffective|p2a: Xerneas
|-damage|p2a: Xerneas|0 fnt
|-boost|p1a: Necrozma|def|1
|faint|p2a: Xerneas
|
|-weather|SunnyDay|[upkeep]
|upkeep
|
|t:|1663020126
|switch|p2a: Cavaleiro Fantasma|Calyrex-Shadow|100/100
|-ability|p2a: Cavaleiro Fantasma|As One
|-ability|p2a: Cavaleiro Fantasma|Unnerve
|-end|p1a: Necrozma|Dynamax
|-heal|p1a: Necrozma|9/100|[silent]
|turn|7
|
|t:|1663020130
|switch|p1a: Yveltal|Yveltal|90/100
|-damage|p1a: Yveltal|65/100|[from] Stealth Rock
|-ability|p1a: Yveltal|Dark Aura
|move|p2a: Cavaleiro Fantasma|Astral Barrage|p1a: Yveltal
|-resisted|p1a: Yveltal
|-damage|p1a: Yveltal|44/100
|
|-weather|SunnyDay|[upkeep]
|-heal|p1a: Yveltal|50/100|[from] item: Leftovers
|upkeep
|turn|8
|
|t:|1663020138
|move|p2a: Cavaleiro Fantasma|Astral Barrage|p1a: Yveltal
|-resisted|p1a: Yveltal
|-damage|p1a: Yveltal|29/100
|move|p1a: Yveltal|Roost|p1a: Yveltal
|-heal|p1a: Yveltal|79/100
|-singleturn|p1a: Yveltal|move: Roost
|
|-weather|none
|-heal|p1a: Yveltal|85/100|[from] item: Leftovers
|upkeep
|turn|9
|
|t:|1663020148
|move|p2a: Cavaleiro Fantasma|Astral Barrage|p1a: Yveltal
|-resisted|p1a: Yveltal
|-damage|p1a: Yveltal|64/100
|move|p1a: Yveltal|Knock Off|p2a: Cavaleiro Fantasma
|-supereffective|p2a: Cavaleiro Fantasma
|-damage|p2a: Cavaleiro Fantasma|0 fnt
|-enditem|p2a: Cavaleiro Fantasma|Choice Scarf|[from] move: Knock Off|[of] p1a: Yveltal
|faint|p2a: Cavaleiro Fantasma
|
|-heal|p1a: Yveltal|70/100|[from] item: Leftovers
|upkeep
|
|t:|1663020159
|switch|p2a: Deus|Arceus|100/100
|turn|10
|
|t:|1663020163
|move|p2a: Deus|Swords Dance|p2a: Deus
|-boost|p2a: Deus|atk|2
|move|p1a: Yveltal|U-turn|p2a: Deus
|-damage|p2a: Deus|84/100
|
|t:|1663020168
|switch|p1a: Arceus|Arceus-Ground|100/100|[from]move: U-turn
|-damage|p1a: Arceus|94/100|[from] Stealth Rock
|
|-heal|p2a: Deus|91/100|[from] item: Leftovers
|upkeep
|turn|11
|
|t:|1663020172
|move|p2a: Deus|Extreme Speed|p1a: Arceus
|-damage|p1a: Arceus|50/100
|move|p1a: Arceus|Will-O-Wisp|p2a: Deus
|-status|p2a: Deus|brn
|
|-heal|p2a: Deus|97/100 brn|[from] item: Leftovers
|-damage|p2a: Deus|91/100 brn|[from] brn
|upkeep
|turn|12
|
|t:|1663020178
|switch|p2a: Titã|Arceus-Ground|100/100
|move|p1a: Arceus|Recover|p1a: Arceus
|-heal|p1a: Arceus|99/100
|
|upkeep
|turn|13
|
|t:|1663020182
|switch|p1a: Necrozma|Necrozma-Dusk-Mane|9/100
|-damage|p1a: Necrozma|3/100|[from] Stealth Rock
|-zpower|p2a: Titã
|move|p2a: Titã|Tectonic Rage|p1a: Necrozma|[zeffect]
|-supereffective|p1a: Necrozma
|-damage|p1a: Necrozma|0 fnt
|faint|p1a: Necrozma
|
|upkeep
|
|t:|1663020191
|switch|p1a: Eternatus|Eternatus|100/100
|-damage|p1a: Eternatus|88/100|[from] Stealth Rock
|-ability|p1a: Eternatus|Pressure
|turn|14
|
|t:|1663020194
|move|p1a: Eternatus|Toxic|p2a: Titã
|-status|p2a: Titã|tox
|move|p2a: Titã|Earth Power|p1a: Eternatus
|-supereffective|p1a: Eternatus
|-damage|p1a: Eternatus|20/100
|
|-heal|p1a: Eternatus|26/100|[from] item: Black Sludge
|-damage|p2a: Titã|94/100 tox|[from] psn
|upkeep
|turn|15
|
|t:|1663020200
|switch|p1a: Yveltal|Yveltal|70/100
|-damage|p1a: Yveltal|45/100|[from] Stealth Rock
|-ability|p1a: Yveltal|Dark Aura
|move|p2a: Titã|Earth Power|p1a: Yveltal
|-immune|p1a: Yveltal
|
|-heal|p1a: Yveltal|52/100|[from] item: Leftovers
|-damage|p2a: Titã|82/100 tox|[from] psn
|upkeep
|turn|16
|
|t:|1663020208
|move|p2a: Titã|Ice Beam|p1a: Yveltal
|-supereffective|p1a: Yveltal
|-damage|p1a: Yveltal|17/100
|move|p1a: Yveltal|Roost|p1a: Yveltal
|-heal|p1a: Yveltal|67/100
|-singleturn|p1a: Yveltal|move: Roost
|
|-heal|p1a: Yveltal|73/100|[from] item: Leftovers
|-damage|p2a: Titã|64/100 tox|[from] psn
|upkeep
|turn|17
|
|t:|1663020213
|move|p2a: Titã|Refresh|p2a: Titã
|-curestatus|p2a: Titã|tox|[msg]
|move|p1a: Yveltal|Roost|p1a: Yveltal
|-heal|p1a: Yveltal|100/100
|-singleturn|p1a: Yveltal|move: Roost
|
|upkeep
|turn|18
|
|t:|1663020217
|move|p2a: Titã|Ice Beam|p1a: Yveltal
|-supereffective|p1a: Yveltal
|-damage|p1a: Yveltal|63/100
|move|p1a: Yveltal|U-turn|p2a: Titã
|-damage|p2a: Titã|49/100
|
|t:|1663020222
|switch|p1a: Mewtwo|Mewtwo|100/100|[from]move: U-turn
|-damage|p1a: Mewtwo|88/100|[from] Stealth Rock
|-ability|p1a: Mewtwo|Pressure
|
|upkeep
|turn|19
|
|t:|1663020226
|detailschange|p1a: Mewtwo|Mewtwo-Mega-Y
|-mega|p1a: Mewtwo|Mewtwo|Mewtwonite Y
|move|p1a: Mewtwo|Psystrike|p2a: Titã
|-damage|p2a: Titã|0 fnt
|faint|p2a: Titã
|
|upkeep
|
|t:|1663020232
|switch|p2a: Sombra|Marshadow|100/100
|turn|20
|
|t:|1663020238
|switch|p1a: Yveltal|Yveltal|63/100
|-damage|p1a: Yveltal|38/100|[from] Stealth Rock
|-ability|p1a: Yveltal|Dark Aura
|move|p2a: Sombra|Shadow Sneak|p1a: Yveltal
|-resisted|p1a: Yveltal
|-damage|p1a: Yveltal|23/100
|
|-heal|p1a: Yveltal|30/100|[from] item: Leftovers
|upkeep
|turn|21
|
|t:|1663020249
|move|p2a: Sombra|Ice Punch|p1a: Yveltal
|-supereffective|p1a: Yveltal
|-damage|p1a: Yveltal|0 fnt
|faint|p1a: Yveltal
|
|upkeep
|
|t:|1663020252
|switch|p1a: Arceus|Arceus-Ground|99/100
|-damage|p1a: Arceus|94/100|[from] Stealth Rock
|turn|22
|
|t:|1663020257
|switch|p2a: Deus|Arceus|91/100 brn
|move|p1a: Arceus|Will-O-Wisp|p2a: Deus
|-fail|p2a: Deus|brn
|
|-heal|p2a: Deus|97/100 brn|[from] item: Leftovers
|-damage|p2a: Deus|91/100 brn|[from] brn
|upkeep
|turn|23
|
|t:|1663020260
|move|p2a: Deus|Extreme Speed|p1a: Arceus
|-damage|p1a: Arceus|83/100
|move|p1a: Arceus|Judgment|p2a: Deus
|-damage|p2a: Deus|56/100 brn
|
|-heal|p2a: Deus|62/100 brn|[from] item: Leftovers
|-damage|p2a: Deus|56/100 brn|[from] brn
|upkeep
|turn|24
|
|t:|1663020266
|move|p2a: Deus|Swords Dance|p2a: Deus
|-boost|p2a: Deus|atk|2
|move|p1a: Arceus|Recover|p1a: Arceus
|-heal|p1a: Arceus|100/100
|
|-heal|p2a: Deus|62/100 brn|[from] item: Leftovers
|-damage|p2a: Deus|56/100 brn|[from] brn
|upkeep
|turn|25
|
|t:|1663020268
|move|p2a: Deus|Swords Dance|p2a: Deus
|-boost|p2a: Deus|atk|2
|move|p1a: Arceus|Judgment|p2a: Deus
|-damage|p2a: Deus|17/100 brn
|
|-heal|p2a: Deus|23/100 brn|[from] item: Leftovers
|-damage|p2a: Deus|17/100 brn|[from] brn
|upkeep
|turn|26
|
|t:|1663020278
|move|p2a: Deus|Extreme Speed|p1a: Arceus
|-damage|p1a: Arceus|66/100
|move|p1a: Arceus|Recover|p1a: Arceus
|-heal|p1a: Arceus|100/100
|
|-heal|p2a: Deus|23/100 brn|[from] item: Leftovers
|-damage|p2a: Deus|17/100 brn|[from] brn
|upkeep
|turn|27
|
|t:|1663020283
|move|p2a: Deus|Extreme Speed|p1a: Arceus
|-damage|p1a: Arceus|69/100
|move|p1a: Arceus|Judgment|p2a: Deus
|-damage|p2a: Deus|0 fnt
|faint|p2a: Deus
|
|upkeep
|
|t:|1663020289
|switch|p2a: Sombra|Marshadow|100/100
|turn|28
|
|t:|1663020291
|move|p2a: Sombra|Ice Punch|p1a: Arceus
|-supereffective|p1a: Arceus
|-damage|p1a: Arceus|43/100
|-status|p1a: Arceus|frz
|cant|p1a: Arceus|frz
|
|upkeep
|turn|29
|
|t:|1663020299
|move|p2a: Sombra|Ice Punch|p1a: Arceus
|-supereffective|p1a: Arceus
|-damage|p1a: Arceus|14/100 frz
|cant|p1a: Arceus|frz
|
|upkeep
|turn|30
|
|t:|1663020304
|move|p2a: Sombra|Ice Punch|p1a: Arceus
|-supereffective|p1a: Arceus
|-damage|p1a: Arceus|0 fnt
|faint|p1a: Arceus
|
|upkeep
|
|t:|1663020308
|switch|p1a: Regieleki|Regieleki|74/100
|-damage|p1a: Regieleki|62/100|[from] Stealth Rock
|turn|31
|
|t:|1663020315
|-zpower|p1a: Regieleki
|move|p1a: Regieleki|Gigavolt Havoc|p2a: Sombra|[zeffect]
|-enditem|p2a: Sombra|Focus Sash
|-damage|p2a: Sombra|1/100
|move|p2a: Sombra|Spectral Thief|p1a: Regieleki
|-damage|p1a: Regieleki|0 fnt
|faint|p1a: Regieleki
|
|upkeep
|
|t:|1663020326
|switch|p1a: Eternatus|Eternatus|26/100
|-damage|p1a: Eternatus|14/100|[from] Stealth Rock
|-ability|p1a: Eternatus|Pressure
|turn|32
|
|t:|1663020329
|move|p2a: Sombra|Shadow Sneak|p1a: Eternatus
|-damage|p1a: Eternatus|0 fnt
|faint|p1a: Eternatus
|
|upkeep
|
|t:|1663020332
|switch|p1a: Mewtwo|Mewtwo-Mega-Y|88/100
|-damage|p1a: Mewtwo|76/100|[from] Stealth Rock
|turn|33
|
|t:|1663020349
|move|p2a: Sombra|Shadow Sneak|p1a: Mewtwo
|-supereffective|p1a: Mewtwo
|-damage|p1a: Mewtwo|0 fnt
|faint|p1a: Mewtwo
|
|win|Matsui_Miyako
|raw|Cream2905's rating: 1627 &rarr; <strong>1612</strong><br />(-15 for losing)
|raw|Matsui_Miyako's rating: 1708 &rarr; <strong>1723</strong><br />(+15 for winning)
|l|☆Cream2905
|j|☆Cream2905
|player|p1|Cream2905|lucas
||Ladder isn't responding, score probably updated but might not have (Request timeout).
