|j|☆SpaceTemmie
|j|☆CLEAR GEM清瑜
|t:|1664983503
|gametype|singles
|player|p1|SpaceTemmie|proton|1515
|player|p2|CLEAR GEM清瑜|skierf|1792
|teamsize|p1|6
|teamsize|p2|6
|gen|8
|tier|[Gen 8] National Dex AG
|rated|
|rule|HP Percentage Mod: HP is shown in percentages
|rule|Endless Battle Clause: Forcing endless battles is banned
|clearpoke
|poke|p1|Espeon, M|
|poke|p1|Smeargle, F|
|poke|p1|Smeargle, F|
|poke|p1|Smeargle, F|
|poke|p1|Smeargle, M|
|poke|p1|Arceus-*|
|poke|p2|Rayquaza|
|poke|p2|Groudon|
|poke|p2|Necrozma-Dusk-Mane|
|poke|p2|Arceus-*|
|poke|p2|Zacian-*|
|poke|p2|Yveltal|
|teampreview
|inactive|Battle timer is ON: inactive players will automatically lose when time's up. (requested by SpaceTemmie)
|
|t:|1664983508
|start
|switch|p1a: Smeargle|Smeargle, M|100/100
|switch|p2a: 老烈|Rayquaza, shiny|100/100
|-ability|p2a: 老烈|Air Lock
|turn|1
|
|t:|1664983520
|detailschange|p2a: 老烈|Rayquaza-Mega, shiny
|-mega|p2a: 老烈|Rayquaza|
|-weather|DeltaStream|[from] ability: Delta Stream|[of] p2a: 老烈
|move|p2a: 老烈|Scale Shot|p1a: Smeargle
|-damage|p1a: Smeargle|45/100
|-damage|p1a: Smeargle|0 fnt
|faint|p1a: Smeargle
|-hitcount|p1: Smeargle|2
|-unboost|p2a: 老烈|def|1
|-boost|p2a: 老烈|spe|1
|-damage|p2a: 老烈|91/100|[from] item: Life Orb
|
|-weather|DeltaStream|[upkeep]
|upkeep
|
|t:|1664983527
|switch|p1a: Smeargle|Smeargle, F|100/100
|turn|2
|
|t:|1664983535
|move|p1a: Smeargle|Protect|p1a: Smeargle
|-singleturn|p1a: Smeargle|Protect
|move|p2a: 老烈|Scale Shot|p1a: Smeargle
|-activate|p1a: Smeargle|move: Protect
|
|-weather|DeltaStream|[upkeep]
|-ability|p1a: Smeargle|Moody|boost
|-boost|p1a: Smeargle|spd|2
|-unboost|p1a: Smeargle|def|1
|upkeep
|turn|3
|
|t:|1664983543
|move|p1a: Smeargle|Protect||[still]
|-fail|p1a: Smeargle
|move|p2a: 老烈|Scale Shot|p1a: Smeargle
|-damage|p1a: Smeargle|16/100
|-damage|p1a: Smeargle|0 fnt
|faint|p1a: Smeargle
|-hitcount|p1: Smeargle|2
|-unboost|p2a: 老烈|def|1
|-boost|p2a: 老烈|spe|1
|-damage|p2a: 老烈|81/100|[from] item: Life Orb
|
|-weather|DeltaStream|[upkeep]
|upkeep
|
|t:|1664983550
|switch|p1a: Arceus|Arceus|100/100
|turn|4
|
|t:|1664983553
|-weather|none
|switch|p2a: 不会(?)|Groudon|100/100
|detailschange|p2a: 不会(?)|Groudon-Primal
|-primal|p2a: 不会(?)
|-weather|DesolateLand|[from] ability: Desolate Land|[of] p2a: 不会(?)
|move|p1a: Arceus|Extreme Speed|p2a: 不会(?)
|-damage|p2a: 不会(?)|80/100
|
|-weather|DesolateLand|[upkeep]
|upkeep
|turn|5
|
|t:|1664983559
|move|p1a: Arceus|Substitute|p1a: Arceus
|-start|p1a: Arceus|Substitute
|-damage|p1a: Arceus|76/100
|move|p2a: 不会(?)|Thunder Wave||[still]
|-fail|p2a: 不会(?)
|
|-weather|DesolateLand|[upkeep]
|-heal|p1a: Arceus|82/100|[from] item: Leftovers
|upkeep
|turn|6
|
|t:|1664983562
|move|p1a: Arceus|Earthquake|p2a: 不会(?)
|-supereffective|p2a: 不会(?)
|-damage|p2a: 不会(?)|46/100
|move|p2a: 不会(?)|Stealth Rock|p1a: Arceus
|-sidestart|p1: SpaceTemmie|move: Stealth Rock
|
|-weather|DesolateLand|[upkeep]
|-heal|p1a: Arceus|88/100|[from] item: Leftovers
|upkeep
|turn|7
|
|t:|1664983567
|move|p1a: Arceus|Earthquake|p2a: 不会(?)
|-supereffective|p2a: 不会(?)
|-damage|p2a: 不会(?)|15/100
|move|p2a: 不会(?)|Roar|p1a: Arceus
|drag|p1a: Flashbang|Espeon, M|100/100
|-damage|p1a: Flashbang|88/100|[from] Stealth Rock
|
|-weather|DesolateLand|[upkeep]
|-heal|p1a: Flashbang|94/100|[from] item: Leftovers
|upkeep
|turn|8
|
|t:|1664983572
|move|p1a: Flashbang|Flash|p2a: 不会(?)
|-unboost|p2a: 不会(?)|accuracy|1
|move|p2a: 不会(?)|Fire Punch|p1a: Flashbang
|-damage|p1a: Flashbang|0 fnt
|faint|p1a: Flashbang
|
|-weather|DesolateLand|[upkeep]
|upkeep
|
|t:|1664983591
|switch|p1a: Smeargle|Smeargle, F|100/100
|-damage|p1a: Smeargle|88/100|[from] Stealth Rock
|turn|9
|
|t:|1664983597
|move|p1a: Smeargle|Spore|p2a: 不会(?)
|-status|p2a: 不会(?)|slp|[from] move: Spore
|cant|p2a: 不会(?)|slp
|
|-weather|DesolateLand|[upkeep]
|-ability|p1a: Smeargle|Moody|boost
|-boost|p1a: Smeargle|spd|2
|-unboost|p1a: Smeargle|spe|1
|upkeep
|turn|10
|
|t:|1664983602
|move|p1a: Smeargle|Substitute|p1a: Smeargle
|-start|p1a: Smeargle|Substitute
|-damage|p1a: Smeargle|63/100
|cant|p2a: 不会(?)|slp
|
|-weather|DesolateLand|[upkeep]
|-ability|p1a: Smeargle|Moody|boost
|-boost|p1a: Smeargle|spe|2
|-unboost|p1a: Smeargle|def|1
|upkeep
|turn|11
|
|t:|1664983604
|move|p1a: Smeargle|Minimize|p1a: Smeargle
|-boost|p1a: Smeargle|evasion|2
|-curestatus|p2a: 不会(?)|slp|[msg]
|move|p2a: 不会(?)|Roar|p1a: Smeargle
|drag|p1a: Arceus|Arceus|88/100
|-damage|p1a: Arceus|75/100|[from] Stealth Rock
|
|-weather|DesolateLand|[upkeep]
|-heal|p1a: Arceus|82/100|[from] item: Leftovers
|upkeep
|turn|12
|-message|SpaceTemmie forfeited.
|
|win|CLEAR GEM清瑜
|raw|SpaceTemmie's rating: 1515 &rarr; <strong>1508</strong><br />(-7 for losing)
|raw|CLEAR GEM清瑜's rating: 1792 &rarr; <strong>1799</strong><br />(+7 for winning)
|l|☆SpaceTemmie
||Ladder isn't responding, score probably updated but might not have (Request timeout).
