|j|☆thicsucttv
|j|☆CLEAR GEM清瑜
|t:|1664808462
|gametype|singles
|player|p1|thicsucttv|101|1655
|player|p2|CLEAR GEM清瑜|skierf|1725
|teamsize|p1|6
|teamsize|p2|6
|gen|8
|tier|[Gen 8] National Dex AG
|rated|
|rule|HP Percentage Mod: HP is shown in percentages
|rule|Endless Battle Clause: Forcing endless battles is banned
|clearpoke
|poke|p1|Tyranitar, M|
|poke|p1|Marshadow|
|poke|p1|Yveltal|
|poke|p1|Necrozma-Dusk-Mane|
|poke|p1|Ditto|
|poke|p1|Lucario, F|
|poke|p2|Rayquaza|
|poke|p2|Groudon|
|poke|p2|Necrozma-Dusk-Mane|
|poke|p2|Arceus-*|
|poke|p2|Zacian-*|
|poke|p2|Yveltal|
|teampreview
|inactive|Battle timer is ON: inactive players will automatically lose when time's up. (requested by CLEAR GEM清瑜)
|
|t:|1664808471
|start
|switch|p1a: Lucario|Lucario, F|100/100
|switch|p2a: 不会(?)|Groudon|100/100
|detailschange|p2a: 不会(?)|Groudon-Primal
|-primal|p2a: 不会(?)
|-weather|DesolateLand|[from] ability: Desolate Land|[of] p2a: 不会(?)
|turn|1
|
|t:|1664808490
|detailschange|p1a: Lucario|Lucario-Mega, F
|-mega|p1a: Lucario|Lucario|Lucarionite
|move|p1a: Lucario|Close Combat|p2a: 不会(?)
|-damage|p2a: 不会(?)|49/100
|-unboost|p1a: Lucario|def|1
|-unboost|p1a: Lucario|spd|1
|move|p2a: 不会(?)|Stealth Rock|p1a: Lucario
|-sidestart|p1: thicsucttv|move: Stealth Rock
|
|-weather|DesolateLand|[upkeep]
|upkeep
|turn|2
|
|t:|1664808513
|move|p1a: Lucario|Copycat|p1a: Lucario
|move|p1a: Lucario|Stealth Rock|p2a: 不会(?)|[from]move: Copycat
|-sidestart|p2: CLEAR GEM清瑜|move: Stealth Rock
|move|p2a: 不会(?)|Heat Crash|p1a: Lucario
|-supereffective|p1a: Lucario
|-damage|p1a: Lucario|0 fnt
|faint|p1a: Lucario
|
|-weather|DesolateLand|[upkeep]
|upkeep
|
|t:|1664808524
|switch|p1a: Necrozma|Necrozma-Dusk-Mane|100/100
|-damage|p1a: Necrozma|94/100|[from] Stealth Rock
|turn|3
|
|t:|1664808529
|detailschange|p1a: Necrozma|Necrozma-Ultra
|-burst|p1a: Necrozma|Necrozma|Ultranecrozium Z
|move|p1a: Necrozma|Earthquake|p2a: 不会(?)
|-supereffective|p2a: 不会(?)
|-damage|p2a: 不会(?)|0 fnt
|faint|p2a: 不会(?)
|-weather|none
|
|upkeep
|
|t:|1664808534
|switch|p2a: 嘉然小姐的狗|Zacian-Crowned|100/100
|-damage|p2a: 嘉然小姐的狗|94/100|[from] Stealth Rock
|-ability|p2a: 嘉然小姐的狗|Intrepid Sword|boost
|-boost|p2a: 嘉然小姐的狗|atk|1
|turn|4
|
|t:|1664808542
|switch|p1a: Tyranitar|Tyranitar, M|100/100
|-damage|p1a: Tyranitar|88/100|[from] Stealth Rock
|-weather|Sandstorm|[from] ability: Sand Stream|[of] p1a: Tyranitar
|move|p2a: 嘉然小姐的狗|Behemoth Blade|p1a: Tyranitar
|-supereffective|p1a: Tyranitar
|-damage|p1a: Tyranitar|0 fnt
|faint|p1a: Tyranitar
|
|-weather|Sandstorm|[upkeep]
|upkeep
|
|t:|1664808554
|switch|p1a: Ditto|Ditto|100/100
|-damage|p1a: Ditto|88/100|[from] Stealth Rock
|-transform|p1a: Ditto|p2a: 嘉然小姐的狗|[from] ability: Imposter
|-ability|p1a: Ditto|Intrepid Sword|boost
|-boost|p1a: Ditto|atk|1
|turn|5
|
|t:|1664808561
|switch|p2a: 老烈|Rayquaza, shiny|100/100
|-damage|p2a: 老烈|76/100|[from] Stealth Rock
|-ability|p2a: 老烈|Air Lock
|move|p1a: Ditto|Behemoth Blade|p2a: 老烈
|-crit|p2a: 老烈
|-damage|p2a: 老烈|0 fnt
|faint|p2a: 老烈
|
|-weather|Sandstorm|[upkeep]
|upkeep
|
|t:|1664808563
|switch|p2a: 钢铁之躯|Necrozma-Dusk-Mane|100/100
|-damage|p2a: 钢铁之躯|94/100|[from] Stealth Rock
|turn|6
|
|t:|1664808587
|move|p1a: Ditto|Behemoth Blade|p2a: 钢铁之躯
|-resisted|p2a: 钢铁之躯
|-damage|p2a: 钢铁之躯|49/100
|move|p2a: 钢铁之躯|Earthquake|p1a: Ditto
|-supereffective|p1a: Ditto
|-damage|p1a: Ditto|0 fnt
|faint|p1a: Ditto
|
|-weather|Sandstorm|[upkeep]
|upkeep
|
|t:|1664808602
|switch|p1a: Marshadow|Marshadow|100/100
|-damage|p1a: Marshadow|94/100|[from] Stealth Rock
|turn|7
|
|t:|1664808606
|move|p1a: Marshadow|Shadow Sneak|p2a: 钢铁之躯
|-supereffective|p2a: 钢铁之躯
|-damage|p2a: 钢铁之躯|4/100
|-damage|p1a: Marshadow|84/100|[from] item: Life Orb
|move|p2a: 钢铁之躯|Photon Geyser|p1a: Marshadow
|-supereffective|p1a: Marshadow
|-damage|p1a: Marshadow|0 fnt
|faint|p1a: Marshadow
|
|-weather|Sandstorm|[upkeep]
|upkeep
|
|t:|1664808618
|switch|p1a: Necrozma|Necrozma-Ultra|94/100
|-damage|p1a: Necrozma|82/100|[from] Stealth Rock
|turn|8
|
|t:|1664808624
|move|p1a: Necrozma|Dragon Dance|p1a: Necrozma
|-boost|p1a: Necrozma|atk|1
|-boost|p1a: Necrozma|spe|1
|move|p2a: 钢铁之躯|Earthquake|p1a: Necrozma
|-damage|p1a: Necrozma|38/100
|
|-weather|none
|upkeep
|turn|9
|c|☆thicsucttv|Why no switch
|
|t:|1664808634
|move|p1a: Necrozma|Earthquake|p2a: 钢铁之躯
|-supereffective|p2a: 钢铁之躯
|-damage|p2a: 钢铁之躯|0 fnt
|faint|p2a: 钢铁之躯
|
|upkeep
|
|t:|1664808636
|switch|p2a: 悬空羊驼|Arceus-Flying|100/100
|-damage|p2a: 悬空羊驼|76/100|[from] Stealth Rock
|turn|10
|
|t:|1664808649
|-zpower|p1a: Necrozma
|move|p1a: Necrozma|Light That Burns the Sky|p2a: 悬空羊驼|[zeffect]
|-damage|p2a: 悬空羊驼|0 fnt
|faint|p2a: 悬空羊驼
|
|upkeep
|
|t:|1664808651
|switch|p2a: Y鸟|Yveltal|100/100
|-damage|p2a: Y鸟|76/100|[from] Stealth Rock
|-ability|p2a: Y鸟|Dark Aura
|turn|11
|
|t:|1664808663
|-start|p2a: Y鸟|Dynamax|
|-heal|p2a: Y鸟|76/100|[silent]
|move|p1a: Necrozma|Stone Edge|p2a: Y鸟
|-supereffective|p2a: Y鸟
|-damage|p2a: Y鸟|9/100
|move|p2a: Y鸟|Max Airstream|p1a: Necrozma
|-crit|p1a: Necrozma
|-damage|p1a: Necrozma|0 fnt
|-boost|p2a: Y鸟|spe|1
|faint|p1a: Necrozma
|-damage|p2a: Y鸟|4/100|[from] item: Life Orb
|
|upkeep
|
|t:|1664808677
|switch|p1a: Yveltal|Yveltal|100/100
|-damage|p1a: Yveltal|76/100|[from] Stealth Rock
|-ability|p1a: Yveltal|Dark Aura
|turn|12
|
|t:|1664808686
|move|p1a: Yveltal|Sucker Punch|p2a: Y鸟
|-resisted|p2a: Y鸟
|-damage|p2a: Y鸟|0 fnt
|faint|p2a: Y鸟
|-damage|p1a: Yveltal|66/100|[from] item: Life Orb
|
|upkeep
|
|t:|1664808688
|switch|p2a: 嘉然小姐的狗|Zacian-Crowned|94/100
|-damage|p2a: 嘉然小姐的狗|88/100|[from] Stealth Rock
|-ability|p2a: 嘉然小姐的狗|Intrepid Sword|boost
|-boost|p2a: 嘉然小姐的狗|atk|1
|turn|13
|c|☆thicsucttv|If stone edge crit I would win
|c|☆thicsucttv|Sad af
|
|t:|1664808701
|move|p1a: Yveltal|Sucker Punch|p2a: 嘉然小姐的狗
|-resisted|p2a: 嘉然小姐的狗
|-damage|p2a: 嘉然小姐的狗|59/100
|-damage|p1a: Yveltal|56/100|[from] item: Life Orb
|move|p2a: 嘉然小姐的狗|Behemoth Blade|p1a: Yveltal
|-damage|p1a: Yveltal|0 fnt
|faint|p1a: Yveltal
|
|win|CLEAR GEM清瑜
|raw|thicsucttv's rating: 1655 &rarr; <strong>1639</strong><br />(-16 for losing)
|raw|CLEAR GEM清瑜's rating: 1725 &rarr; <strong>1741</strong><br />(+16 for winning)
