|j|☆fghgfhgfhfggf
|j|☆spicyntegral
|t:|1617785328
|gametype|singles
|player|p1|fghgfhgfhfggf|2|1458
|player|p2|spicyntegral|n|1503
|teamsize|p1|6
|teamsize|p2|6
|gen|8
|tier|[Gen 8] National Dex AG
|rated|
|clearpoke
|poke|p1|Zacian-Crowned|
|poke|p1|Rayquaza|
|poke|p1|Groudon|
|poke|p1|Necrozma-Dusk-Mane|
|poke|p1|Arceus-*|
|poke|p1|Tyranitar, M|
|poke|p2|Ditto|
|poke|p2|Ho-Oh|
|poke|p2|Groudon|
|poke|p2|Yveltal|
|poke|p2|Zacian-Crowned|
|poke|p2|Arceus-*|
|rule|HP Percentage Mod: HP is shown in percentages
|rule|Endless Battle Clause: Forcing endless battles is banned
|teampreview
|inactive|Battle timer is ON: inactive players will automatically lose when time's up. (requested by fghgfhgfhfggf)
|
|t:|1617785334
|start
|switch|p1a: Arceus|Arceus-Ground|100/100
|switch|p2a: Ditto|Ditto|100/100
|-transform|p2a: Ditto|p1a: Arceus|[from] ability: Imposter
|turn|1
|
|t:|1617785355
|switch|p2a: Ho-Oh|Ho-Oh|100/100
|move|p1a: Arceus|Ice Beam|p2a: Ho-Oh
|-damage|p2a: Ho-Oh|87/100
|
|upkeep
|turn|2
|
|t:|1617785365
|switch|p1a: Tyranitar|Tyranitar, M|100/100
|-weather|Sandstorm|[from] ability: Sand Stream|[of] p1a: Tyranitar
|move|p2a: Ho-Oh|Sacred Fire|p1a: Tyranitar
|-resisted|p1a: Tyranitar
|-damage|p1a: Tyranitar|85/100
|
|-weather|Sandstorm|[upkeep]
|-damage|p2a: Ho-Oh|80/100|[from] Sandstorm
|-heal|p1a: Tyranitar|91/100|[from] item: Leftovers
|upkeep
|turn|3
|
|t:|1617785385
|switch|p2a: Groudon|Groudon|100/100
|detailschange|p2a: Groudon|Groudon-Primal
|-primal|p2a: Groudon
|-weather|DesolateLand|[from] ability: Desolate Land|[of] p2a: Groudon
|move|p1a: Tyranitar|Rock Blast|p2a: Groudon
|-damage|p2a: Groudon|95/100
|-damage|p2a: Groudon|89/100
|-damage|p2a: Groudon|83/100
|-hitcount|p2a: Groudon|3
|
|-weather|DesolateLand|[upkeep]
|-heal|p1a: Tyranitar|97/100|[from] item: Leftovers
|upkeep
|turn|4
|inactive|spicyntegral has 120 seconds left.
|
|t:|1617785408
|switch|p1a: Arceus|Arceus-Ground|100/100
|move|p2a: Groudon|Rock Tomb|p1a: Arceus
|-resisted|p1a: Arceus
|-damage|p1a: Arceus|94/100
|-unboost|p1a: Arceus|spe|1
|
|-weather|DesolateLand|[upkeep]
|upkeep
|turn|5
|inactive|spicyntegral has 120 seconds left.
|
|t:|1617785417
|-weather|none
|switch|p2a: Ho-Oh|Ho-Oh|100/100
|move|p1a: Arceus|Judgment|p2a: Ho-Oh
|-immune|p2a: Ho-Oh
|
|upkeep
|turn|6
|
|t:|1617785426
|switch|p1a: Tyranitar|Tyranitar, M|97/100
|-weather|Sandstorm|[from] ability: Sand Stream|[of] p1a: Tyranitar
|move|p2a: Ho-Oh|Sacred Fire|p1a: Tyranitar
|-resisted|p1a: Tyranitar
|-damage|p1a: Tyranitar|80/100
|-status|p1a: Tyranitar|brn
|
|-weather|Sandstorm|[upkeep]
|-damage|p2a: Ho-Oh|94/100|[from] Sandstorm
|-heal|p1a: Tyranitar|87/100 brn|[from] item: Leftovers
|-damage|p1a: Tyranitar|80/100 brn|[from] brn
|upkeep
|turn|7
|
|t:|1617785439
|switch|p2a: Zacian|Zacian-Crowned|100/100
|-ability|p2a: Zacian|Intrepid Sword|boost
|-boost|p2a: Zacian|atk|1
|move|p1a: Tyranitar|Rock Blast|p2a: Zacian
|-resisted|p2a: Zacian
|-damage|p2a: Zacian|98/100
|-resisted|p2a: Zacian
|-damage|p2a: Zacian|96/100
|-resisted|p2a: Zacian
|-damage|p2a: Zacian|93/100
|-hitcount|p2a: Zacian|3
|
|-weather|Sandstorm|[upkeep]
|-heal|p1a: Tyranitar|87/100 brn|[from] item: Leftovers
|-damage|p1a: Tyranitar|80/100 brn|[from] brn
|upkeep
|turn|8
|inactive|spicyntegral has 120 seconds left.
|
|t:|1617785455
|switch|p1a: Necrozma|Necrozma-Dusk-Mane|100/100
|move|p2a: Zacian|Substitute|p2a: Zacian
|-start|p2a: Zacian|Substitute
|-damage|p2a: Zacian|68/100
|
|-weather|Sandstorm|[upkeep]
|upkeep
|turn|9
|j| Makaai(pokechamp)
|
|t:|1617785464
|move|p2a: Zacian|Close Combat|p1a: Necrozma
|-damage|p1a: Necrozma|54/100
|-unboost|p2a: Zacian|def|1
|-unboost|p2a: Zacian|spd|1
|move|p1a: Necrozma|Sunsteel Strike|p2a: Zacian
|-end|p2a: Zacian|Substitute
|
|-weather|Sandstorm|[upkeep]
|-heal|p1a: Necrozma|60/100|[from] item: Leftovers
|upkeep
|turn|10
|inactive|spicyntegral has 120 seconds left.
|
|t:|1617785482
|switch|p2a: Yveltal|Yveltal|100/100
|-ability|p2a: Yveltal|Dark Aura
|move|p1a: Necrozma|Morning Sun|p1a: Necrozma
|-heal|p1a: Necrozma|85/100
|
|-weather|none
|-heal|p1a: Necrozma|91/100|[from] item: Leftovers
|upkeep
|turn|11
|inactive|spicyntegral has 120 seconds left.
|
|t:|1617785518
|switch|p1a: Tyranitar|Tyranitar, M|80/100 brn
|-weather|Sandstorm|[from] ability: Sand Stream|[of] p1a: Tyranitar
|move|p2a: Yveltal|Dark Pulse|p1a: Tyranitar
|-resisted|p1a: Tyranitar
|-damage|p1a: Tyranitar|64/100 brn
|-damage|p2a: Yveltal|91/100|[from] item: Life Orb
|
|-weather|Sandstorm|[upkeep]
|-damage|p2a: Yveltal|85/100|[from] Sandstorm
|-heal|p1a: Tyranitar|70/100 brn|[from] item: Leftovers
|-damage|p1a: Tyranitar|64/100 brn|[from] brn
|upkeep
|turn|12
|inactive|spicyntegral has 90 seconds left.
|
|t:|1617785534
|switch|p2a: Zacian|Zacian-Crowned|68/100
|-ability|p2a: Zacian|Intrepid Sword|boost
|-boost|p2a: Zacian|atk|1
|move|p1a: Tyranitar|Rest|p1a: Tyranitar
|-status|p1a: Tyranitar|slp|[from] move: Rest
|-heal|p1a: Tyranitar|100/100 slp|[silent]
|
|-weather|Sandstorm|[upkeep]
|upkeep
|turn|13
|inactive|spicyntegral has 90 seconds left.
|l| Makaai(pokechamp)
|
|t:|1617785551
|switch|p1a: Necrozma|Necrozma-Dusk-Mane|91/100
|move|p2a: Zacian|Close Combat|p1a: Necrozma
|-damage|p1a: Necrozma|47/100
|-unboost|p2a: Zacian|def|1
|-unboost|p2a: Zacian|spd|1
|
|-weather|Sandstorm|[upkeep]
|-heal|p1a: Necrozma|54/100|[from] item: Leftovers
|upkeep
|turn|14
|inactive|spicyntegral has 90 seconds left.
|
|t:|1617785562
|move|p2a: Zacian|Close Combat|p1a: Necrozma
|-damage|p1a: Necrozma|13/100
|-unboost|p2a: Zacian|def|1
|-unboost|p2a: Zacian|spd|1
|move|p1a: Necrozma|Morning Sun|p1a: Necrozma
|-heal|p1a: Necrozma|38/100
|
|-weather|Sandstorm|[upkeep]
|-heal|p1a: Necrozma|44/100|[from] item: Leftovers
|upkeep
|turn|15
|inactive|spicyntegral has 90 seconds left.
|
|t:|1617785574
|-start|p1a: Necrozma|Dynamax
|-heal|p1a: Necrozma|44/100|[silent]
|move|p2a: Zacian|Substitute|p2a: Zacian
|-start|p2a: Zacian|Substitute
|-damage|p2a: Zacian|43/100
|move|p1a: Necrozma|Max Steelspike|p2a: Zacian
|-end|p2a: Zacian|Substitute
|-boost|p1a: Necrozma|def|1
|
|-weather|none
|-heal|p1a: Necrozma|47/100|[from] item: Leftovers
|upkeep
|turn|16
|inactive|spicyntegral has 90 seconds left.
|
|t:|1617785586
|move|p2a: Zacian|Substitute|p2a: Zacian
|-start|p2a: Zacian|Substitute
|-damage|p2a: Zacian|19/100
|move|p1a: Necrozma|Max Steelspike|p2a: Zacian
|-end|p2a: Zacian|Substitute
|-boost|p1a: Necrozma|def|1
|
|-heal|p1a: Necrozma|50/100|[from] item: Leftovers
|upkeep
|turn|17
|inactive|spicyntegral has 90 seconds left.
|
|t:|1617785603
|move|p2a: Zacian|Close Combat|p1a: Necrozma
|-damage|p1a: Necrozma|40/100
|-unboost|p2a: Zacian|def|1
|-unboost|p2a: Zacian|spd|1
|move|p1a: Necrozma|Max Steelspike|p2a: Zacian
|-damage|p2a: Zacian|0 fnt
|-boost|p1a: Necrozma|def|1
|faint|p2a: Zacian
|
|-heal|p1a: Necrozma|43/100|[from] item: Leftovers
|-end|p1a: Necrozma|Dynamax
|-heal|p1a: Necrozma|43/100|[silent]
|upkeep
|inactive|spicyntegral has 60 seconds left.
|
|t:|1617785652
|switch|p2a: Arceus|Arceus-Flying|100/100
|turn|18
|
|t:|1617785658
|move|p2a: Arceus|Calm Mind|p2a: Arceus
|-boost|p2a: Arceus|spa|1
|-boost|p2a: Arceus|spd|1
|move|p1a: Necrozma|Sunsteel Strike|p2a: Arceus
|-damage|p2a: Arceus|61/100
|
|-heal|p1a: Necrozma|49/100|[from] item: Leftovers
|upkeep
|turn|19
|
|t:|1617785671
|switch|p1a: Rayquaza|Rayquaza|100/100
|-ability|p1a: Rayquaza|Air Lock
|-start|p2a: Arceus|Dynamax
|-heal|p2a: Arceus|61/100|[silent]
|move|p2a: Arceus|Max Airstream|p1a: Rayquaza
|-enditem|p1a: Rayquaza|Focus Sash
|-damage|p1a: Rayquaza|1/100
|-boost|p2a: Arceus|spe|1
|
|upkeep
|turn|20
|
|t:|1617785686
|detailschange|p1a: Rayquaza|Rayquaza-Mega
|-mega|p1a: Rayquaza|Rayquaza|
|-weather|DeltaStream|[from] ability: Delta Stream|[of] p1a: Rayquaza
|move|p1a: Rayquaza|Extreme Speed|p2a: Arceus
|-damage|p2a: Arceus|48/100
|move|p2a: Arceus|Max Airstream|p1a: Rayquaza
|-damage|p1a: Rayquaza|0 fnt
|-boost|p2a: Arceus|spe|1
|faint|p1a: Rayquaza
|-weather|none
|
|upkeep
|inactive|fghgfhgfhfggf has 120 seconds left.
|
|t:|1617785730
|switch|p1a: Necrozma|Necrozma-Dusk-Mane|49/100
|turn|21
|
|t:|1617785736
|move|p2a: Arceus|Max Quake|p1a: Necrozma
|-supereffective|p1a: Necrozma
|-damage|p1a: Necrozma|0 fnt
|-boost|p2a: Arceus|spd|1
|faint|p1a: Necrozma
|
|-end|p2a: Arceus|Dynamax
|-heal|p2a: Arceus|48/100|[silent]
|upkeep
|inactive|fghgfhgfhfggf has 120 seconds left.
|
|t:|1617785743
|switch|p1a: Groudon|Groudon|100/100
|detailschange|p1a: Groudon|Groudon-Primal
|-primal|p1a: Groudon
|-weather|DesolateLand|[from] ability: Desolate Land|[of] p1a: Groudon
|turn|22
|
|t:|1617785752
|move|p2a: Arceus|Earth Power|p1a: Groudon
|-supereffective|p1a: Groudon
|-damage|p1a: Groudon|33/100
|move|p1a: Groudon|Roar|p2a: Arceus
|drag|p2a: Groudon|Groudon-Primal|83/100
|
|-weather|DesolateLand|[upkeep]
|upkeep
|turn|23
|inactive|spicyntegral has 60 seconds left.
|
|t:|1617785776
|switch|p1a: Arceus|Arceus-Ground|94/100
|-weather|none
|switch|p2a: Arceus|Arceus-Flying|48/100
|
|upkeep
|turn|24
|inactive|spicyntegral has 60 seconds left.
|
|t:|1617785791
|switch|p2a: Ho-Oh|Ho-Oh|100/100
|move|p1a: Arceus|Ice Beam|p2a: Ho-Oh
|-damage|p2a: Ho-Oh|87/100
|
|upkeep
|turn|25
|
|t:|1617785805
|switch|p1a: Tyranitar|Tyranitar, M|100/100 slp
|-weather|Sandstorm|[from] ability: Sand Stream|[of] p1a: Tyranitar
|switch|p2a: Groudon|Groudon-Primal|83/100
|-weather|DesolateLand|[from] ability: Desolate Land|[of] p2a: Groudon
|
|-weather|DesolateLand|[upkeep]
|upkeep
|turn|26
|
|t:|1617785822
|switch|p1a: Arceus|Arceus-Ground|94/100
|move|p2a: Groudon|Precipice Blades|p1a: Arceus
|-damage|p1a: Arceus|60/100
|
|-weather|DesolateLand|[upkeep]
|upkeep
|turn|27
|
|t:|1617785831
|-weather|none
|switch|p2a: Ho-Oh|Ho-Oh|100/100
|move|p1a: Arceus|Recover|p1a: Arceus
|-heal|p1a: Arceus|100/100
|
|upkeep
|turn|28
|
|t:|1617785839
|switch|p1a: Tyranitar|Tyranitar, M|100/100 slp
|-weather|Sandstorm|[from] ability: Sand Stream|[of] p1a: Tyranitar
|move|p2a: Ho-Oh|Toxic||[still]
|-fail|p2a: Ho-Oh
|
|-weather|Sandstorm|[upkeep]
|-damage|p2a: Ho-Oh|94/100|[from] Sandstorm
|upkeep
|turn|29
|inactive|spicyntegral has 60 seconds left.
|
|t:|1617785851
|switch|p2a: Groudon|Groudon-Primal|83/100
|-weather|DesolateLand|[from] ability: Desolate Land|[of] p2a: Groudon
|cant|p1a: Tyranitar|slp
|move|p1a: Tyranitar|Sleep Talk|p1a: Tyranitar
|move|p1a: Tyranitar|Pursuit|p2a: Groudon|[from]move: Sleep Talk
|-damage|p2a: Groudon|73/100
|
|-weather|DesolateLand|[upkeep]
|upkeep
|turn|30
|inactive|spicyntegral has 60 seconds left.
|
|t:|1617785861
|switch|p1a: Arceus|Arceus-Ground|100/100
|move|p2a: Groudon|Stealth Rock|p1a: Arceus
|-sidestart|p1: fghgfhgfhfggf|move: Stealth Rock
|
|-weather|DesolateLand|[upkeep]
|upkeep
|turn|31
|inactive|spicyntegral has 60 seconds left.
|
|t:|1617785868
|-weather|none
|switch|p2a: Ho-Oh|Ho-Oh|100/100
|move|p1a: Arceus|Defog|p2a: Ho-Oh
|-unboost|p2a: Ho-Oh|evasion|1
|-sideend|p1: fghgfhgfhfggf|Stealth Rock|[from] move: Defog|[of] p1a: Arceus
|
|upkeep
|turn|32
|
|t:|1617785877
|move|p1a: Arceus|Ice Beam|p2a: Ho-Oh
|-damage|p2a: Ho-Oh|88/100
|move|p2a: Ho-Oh|Whirlwind|p1a: Arceus
|drag|p1a: Groudon|Groudon-Primal|33/100
|-weather|DesolateLand|[from] ability: Desolate Land|[of] p1a: Groudon
|
|-weather|DesolateLand|[upkeep]
|upkeep
|turn|33
|
|t:|1617785888
|switch|p2a: Arceus|Arceus-Flying|48/100
|-weather|none
|switch|p1a: Tyranitar|Tyranitar, M|100/100 slp
|-weather|Sandstorm|[from] ability: Sand Stream|[of] p1a: Tyranitar
|
|-weather|Sandstorm|[upkeep]
|-damage|p2a: Arceus|42/100|[from] Sandstorm
|upkeep
|turn|34
|
|t:|1617785900
|move|p2a: Arceus|Earth Power|p1a: Tyranitar
|-supereffective|p1a: Tyranitar
|-damage|p1a: Tyranitar|75/100 slp
|cant|p1a: Tyranitar|slp
|move|p1a: Tyranitar|Sleep Talk|p1a: Tyranitar
|move|p1a: Tyranitar|Rest||[from]move: Sleep Talk|[still]
|-fail|p1a: Tyranitar
|
|-weather|Sandstorm|[upkeep]
|-damage|p2a: Arceus|36/100|[from] Sandstorm
|-heal|p1a: Tyranitar|81/100 slp|[from] item: Leftovers
|upkeep
|turn|35
|
|t:|1617785912
|move|p2a: Arceus|Earth Power|p1a: Tyranitar
|-supereffective|p1a: Tyranitar
|-damage|p1a: Tyranitar|52/100 slp
|-curestatus|p1a: Tyranitar|slp|[msg]
|move|p1a: Tyranitar|Rock Blast|p2a: Arceus|[miss]
|-miss|p1a: Tyranitar|p2a: Arceus
|
|-weather|Sandstorm|[upkeep]
|-damage|p2a: Arceus|30/100|[from] Sandstorm
|-heal|p1a: Tyranitar|58/100|[from] item: Leftovers
|upkeep
|turn|36
|
|t:|1617785923
|move|p2a: Arceus|Earth Power|p1a: Tyranitar
|-supereffective|p1a: Tyranitar
|-damage|p1a: Tyranitar|34/100
|move|p1a: Tyranitar|Rock Blast|p2a: Arceus
|-supereffective|p2a: Arceus
|-damage|p2a: Arceus|14/100
|-supereffective|p2a: Arceus
|-damage|p2a: Arceus|0 fnt
|-hitcount|p2a: Arceus|2
|faint|p2a: Arceus
|
|-weather|Sandstorm|[upkeep]
|-heal|p1a: Tyranitar|40/100|[from] item: Leftovers
|upkeep
|inactive|spicyntegral has 60 seconds left.
|
|t:|1617785938
|switch|p2a: Groudon|Groudon-Primal|73/100
|-weather|DesolateLand|[from] ability: Desolate Land|[of] p2a: Groudon
|turn|37
|inactive|spicyntegral has 60 seconds left.
|
|t:|1617785948
|switch|p1a: Arceus|Arceus-Ground|100/100
|move|p2a: Groudon|Precipice Blades|p1a: Arceus
|-damage|p1a: Arceus|66/100
|
|-weather|DesolateLand|[upkeep]
|upkeep
|turn|38
|inactive|spicyntegral has 60 seconds left.
|
|t:|1617785955
|move|p1a: Arceus|Recover|p1a: Arceus
|-heal|p1a: Arceus|100/100
|move|p2a: Groudon|Overheat|p1a: Arceus
|-damage|p1a: Arceus|35/100
|-unboost|p2a: Groudon|spa|2
|
|-weather|DesolateLand|[upkeep]
|upkeep
|turn|39
|inactive|spicyntegral has 60 seconds left.
|
|t:|1617785968
|-weather|none
|switch|p2a: Yveltal|Yveltal|85/100
|-ability|p2a: Yveltal|Dark Aura
|move|p1a: Arceus|Recover|p1a: Arceus
|-heal|p1a: Arceus|85/100
|
|upkeep
|turn|40
|
|t:|1617785977
|switch|p1a: Tyranitar|Tyranitar, M|40/100
|-weather|Sandstorm|[from] ability: Sand Stream|[of] p1a: Tyranitar
|move|p2a: Yveltal|Dark Pulse|p1a: Tyranitar
|-resisted|p1a: Tyranitar
|-damage|p1a: Tyranitar|25/100
|-damage|p2a: Yveltal|75/100|[from] item: Life Orb
|
|-weather|Sandstorm|[upkeep]
|-damage|p2a: Yveltal|69/100|[from] Sandstorm
|-heal|p1a: Tyranitar|31/100|[from] item: Leftovers
|upkeep
|turn|41
|
|t:|1617785990
|switch|p2a: Groudon|Groudon-Primal|73/100
|-weather|DesolateLand|[from] ability: Desolate Land|[of] p2a: Groudon
|move|p1a: Tyranitar|Rest|p1a: Tyranitar
|-status|p1a: Tyranitar|slp|[from] move: Rest
|-heal|p1a: Tyranitar|100/100 slp|[silent]
|
|-weather|DesolateLand|[upkeep]
|upkeep
|turn|42
|
|t:|1617786002
|switch|p1a: Arceus|Arceus-Ground|85/100
|move|p2a: Groudon|Rock Tomb|p1a: Arceus
|-resisted|p1a: Arceus
|-damage|p1a: Arceus|79/100
|-unboost|p1a: Arceus|spe|1
|
|-weather|DesolateLand|[upkeep]
|upkeep
|turn|43
|
|t:|1617786010
|move|p1a: Arceus|Recover|p1a: Arceus
|-heal|p1a: Arceus|100/100
|move|p2a: Groudon|Precipice Blades|p1a: Arceus
|-damage|p1a: Arceus|61/100
|
|-weather|DesolateLand|[upkeep]
|upkeep
|turn|44
|
|t:|1617786016
|move|p1a: Arceus|Recover|p1a: Arceus
|-heal|p1a: Arceus|100/100
|move|p2a: Groudon|Rock Tomb|p1a: Arceus
|-resisted|p1a: Arceus
|-damage|p1a: Arceus|95/100
|-unboost|p1a: Arceus|spe|1
|
|-weather|DesolateLand|[upkeep]
|upkeep
|turn|45
|
|t:|1617786024
|move|p2a: Groudon|Precipice Blades|p1a: Arceus
|-damage|p1a: Arceus|58/100
|move|p1a: Arceus|Judgment|p2a: Groudon
|-supereffective|p2a: Groudon
|-damage|p2a: Groudon|8/100
|
|-weather|DesolateLand|[upkeep]
|upkeep
|turn|46
|
|t:|1617786036
|switch|p1a: Groudon|Groudon-Primal|33/100
|move|p2a: Groudon|Overheat|p1a: Groudon
|-resisted|p1a: Groudon
|-crit|p1a: Groudon
|-damage|p1a: Groudon|0 fnt
|-unboost|p2a: Groudon|spa|2
|faint|p1a: Groudon
|
|-weather|DesolateLand|[upkeep]
|upkeep
|
|t:|1617786040
|switch|p1a: Arceus|Arceus-Ground|58/100
|turn|47
|inactive|spicyntegral has 90 seconds left.
|
|t:|1617786049
|-weather|none
|switch|p2a: Ho-Oh|Ho-Oh|100/100
|move|p1a: Arceus|Recover|p1a: Arceus
|-heal|p1a: Arceus|100/100
|
|upkeep
|turn|48
|inactive|spicyntegral has 90 seconds left.
|
|t:|1617786066
|switch|p1a: Tyranitar|Tyranitar, M|100/100 slp
|-weather|Sandstorm|[from] ability: Sand Stream|[of] p1a: Tyranitar
|switch|p2a: Groudon|Groudon-Primal|8/100
|-weather|DesolateLand|[from] ability: Desolate Land|[of] p2a: Groudon
|
|-weather|DesolateLand|[upkeep]
|upkeep
|turn|49
|inactive|spicyntegral has 90 seconds left.
|
|t:|1617786080
|switch|p1a: Arceus|Arceus-Ground|100/100
|move|p2a: Groudon|Stealth Rock|p1a: Arceus
|-sidestart|p1: fghgfhgfhfggf|move: Stealth Rock
|
|-weather|DesolateLand|[upkeep]
|upkeep
|turn|50
|inactive|spicyntegral has 90 seconds left.
|
|t:|1617786086
|-weather|none
|switch|p2a: Ho-Oh|Ho-Oh|100/100
|move|p1a: Arceus|Defog|p2a: Ho-Oh
|-unboost|p2a: Ho-Oh|evasion|1
|-sideend|p1: fghgfhgfhfggf|Stealth Rock|[from] move: Defog|[of] p1a: Arceus
|
|upkeep
|turn|51
|
|t:|1617786094
|switch|p1a: Tyranitar|Tyranitar, M|100/100 slp
|-weather|Sandstorm|[from] ability: Sand Stream|[of] p1a: Tyranitar
|move|p2a: Ho-Oh|Whirlwind|p1a: Tyranitar
|drag|p1a: Zacian|Zacian-Crowned|100/100
|-ability|p1a: Zacian|Intrepid Sword|boost
|-boost|p1a: Zacian|atk|1
|
|-weather|Sandstorm|[upkeep]
|-damage|p2a: Ho-Oh|94/100|[from] Sandstorm
|upkeep
|turn|52
|
|t:|1617786104
|switch|p1a: Tyranitar|Tyranitar, M|100/100 slp
|switch|p2a: Groudon|Groudon-Primal|8/100
|-weather|DesolateLand|[from] ability: Desolate Land|[of] p2a: Groudon
|
|-weather|DesolateLand|[upkeep]
|upkeep
|turn|53
|
|t:|1617786114
|switch|p1a: Arceus|Arceus-Ground|100/100
|move|p2a: Groudon|Precipice Blades|p1a: Arceus
|-damage|p1a: Arceus|63/100
|
|-weather|DesolateLand|[upkeep]
|upkeep
|turn|54
|
|t:|1617786120
|move|p1a: Arceus|Recover|p1a: Arceus
|-heal|p1a: Arceus|100/100
|move|p2a: Groudon|Overheat|p1a: Arceus|[miss]
|-miss|p2a: Groudon|p1a: Arceus
|
|-weather|DesolateLand|[upkeep]
|upkeep
|turn|55
|
|t:|1617786129
|-weather|none
|switch|p2a: Ho-Oh|Ho-Oh|100/100
|move|p1a: Arceus|Ice Beam|p2a: Ho-Oh
|-damage|p2a: Ho-Oh|87/100
|
|upkeep
|turn|56
|
|t:|1617786138
|switch|p1a: Tyranitar|Tyranitar, M|100/100 slp
|-weather|Sandstorm|[from] ability: Sand Stream|[of] p1a: Tyranitar
|move|p2a: Ho-Oh|Toxic||[still]
|-fail|p2a: Ho-Oh
|
|-weather|Sandstorm|[upkeep]
|-damage|p2a: Ho-Oh|81/100|[from] Sandstorm
|upkeep
|turn|57
|inactive|spicyntegral has 120 seconds left.
|
|t:|1617786148
|cant|p1a: Tyranitar|slp
|move|p1a: Tyranitar|Sleep Talk|p1a: Tyranitar
|move|p1a: Tyranitar|Rest||[from]move: Sleep Talk|[still]
|-fail|p1a: Tyranitar
|move|p2a: Ho-Oh|Whirlwind|p1a: Tyranitar
|drag|p1a: Arceus|Arceus-Ground|100/100
|
|-weather|Sandstorm|[upkeep]
|-damage|p2a: Ho-Oh|75/100|[from] Sandstorm
|upkeep
|turn|58
|inactive|spicyntegral has 120 seconds left.
|
|t:|1617786169
|switch|p2a: Groudon|Groudon-Primal|8/100
|-weather|DesolateLand|[from] ability: Desolate Land|[of] p2a: Groudon
|move|p1a: Arceus|Judgment|p2a: Groudon
|-supereffective|p2a: Groudon
|-damage|p2a: Groudon|0 fnt
|faint|p2a: Groudon
|-weather|none
|
|upkeep
|
|t:|1617786179
|switch|p2a: Yveltal|Yveltal|69/100
|-ability|p2a: Yveltal|Dark Aura
|turn|59
|
|t:|1617786188
|switch|p1a: Tyranitar|Tyranitar, M|100/100 slp
|-weather|Sandstorm|[from] ability: Sand Stream|[of] p1a: Tyranitar
|switch|p2a: Ditto|Ditto|100/100
|-transform|p2a: Ditto|p1a: Tyranitar|[from] ability: Imposter
|
|-weather|Sandstorm|[upkeep]
|upkeep
|turn|60
|inactive|spicyntegral has 120 seconds left.
|
|t:|1617786200
|move|p2a: Ditto|Rock Blast|p1a: Tyranitar
|-damage|p1a: Tyranitar|91/100 slp
|-damage|p1a: Tyranitar|83/100 slp
|-damage|p1a: Tyranitar|73/100 slp
|-hitcount|p1a: Tyranitar|3
|cant|p1a: Tyranitar|slp
|move|p1a: Tyranitar|Sleep Talk|p1a: Tyranitar
|move|p1a: Tyranitar|Rest||[from]move: Sleep Talk|[still]
|-fail|p1a: Tyranitar
|
|-weather|Sandstorm|[upkeep]
|-heal|p1a: Tyranitar|79/100 slp|[from] item: Leftovers
|upkeep
|turn|61
|inactive|spicyntegral has 120 seconds left.
|
|t:|1617786218
|switch|p2a: Ho-Oh|Ho-Oh|100/100
|-curestatus|p1a: Tyranitar|slp|[msg]
|move|p1a: Tyranitar|Rest|p1a: Tyranitar
|-status|p1a: Tyranitar|slp|[from] move: Rest
|-heal|p1a: Tyranitar|100/100 slp|[silent]
|
|-weather|Sandstorm|[upkeep]
|-damage|p2a: Ho-Oh|94/100|[from] Sandstorm
|upkeep
|turn|62
|
|t:|1617786229
|cant|p1a: Tyranitar|slp
|move|p1a: Tyranitar|Sleep Talk|p1a: Tyranitar
|move|p1a: Tyranitar|Rest||[from]move: Sleep Talk|[still]
|-fail|p1a: Tyranitar
|move|p2a: Ho-Oh|Whirlwind|p1a: Tyranitar
|drag|p1a: Arceus|Arceus-Ground|100/100
|
|-weather|Sandstorm|[upkeep]
|-damage|p2a: Ho-Oh|88/100|[from] Sandstorm
|upkeep
|turn|63
|
|t:|1617786240
|switch|p1a: Tyranitar|Tyranitar, M|100/100 slp
|switch|p2a: Ditto|Ditto|100/100
|-transform|p2a: Ditto|p1a: Tyranitar|[from] ability: Imposter
|
|-weather|none
|upkeep
|turn|64
|
|t:|1617786257
|switch|p1a: Arceus|Arceus-Ground|100/100
|move|p2a: Ditto|Rock Blast|p1a: Arceus
|-resisted|p1a: Arceus
|-damage|p1a: Arceus|98/100
|-resisted|p1a: Arceus
|-damage|p1a: Arceus|95/100
|-resisted|p1a: Arceus
|-damage|p1a: Arceus|91/100
|-resisted|p1a: Arceus
|-damage|p1a: Arceus|88/100
|-resisted|p1a: Arceus
|-damage|p1a: Arceus|85/100
|-hitcount|p1a: Arceus|5
|
|upkeep
|turn|65
|
|t:|1617786270
|switch|p1a: Tyranitar|Tyranitar, M|100/100 slp
|-weather|Sandstorm|[from] ability: Sand Stream|[of] p1a: Tyranitar
|switch|p2a: Ho-Oh|Ho-Oh|100/100
|
|-weather|Sandstorm|[upkeep]
|-damage|p2a: Ho-Oh|94/100|[from] Sandstorm
|upkeep
|turn|66
|
|t:|1617786282
|switch|p2a: Ditto|Ditto|100/100
|-transform|p2a: Ditto|p1a: Tyranitar|[from] ability: Imposter
|cant|p1a: Tyranitar|slp
|move|p1a: Tyranitar|Sleep Talk|p1a: Tyranitar
|move|p1a: Tyranitar|Rest||[from]move: Sleep Talk|[still]
|-fail|p1a: Tyranitar
|
|-weather|Sandstorm|[upkeep]
|upkeep
|turn|67
|
|t:|1617786293
|move|p2a: Ditto|Rock Blast|p1a: Tyranitar
|-damage|p1a: Tyranitar|91/100 slp
|-damage|p1a: Tyranitar|82/100 slp
|-damage|p1a: Tyranitar|74/100 slp
|-damage|p1a: Tyranitar|64/100 slp
|-hitcount|p1a: Tyranitar|4
|-curestatus|p1a: Tyranitar|slp|[msg]
|move|p1a: Tyranitar|Rock Blast|p2a: Ditto|[miss]
|-miss|p1a: Tyranitar|p2a: Ditto
|
|-weather|Sandstorm|[upkeep]
|-heal|p1a: Tyranitar|70/100|[from] item: Leftovers
|upkeep
|turn|68
|
|t:|1617786307
|move|p2a: Ditto|Rock Blast|p1a: Tyranitar
|-damage|p1a: Tyranitar|61/100
|-damage|p1a: Tyranitar|52/100
|-crit|p1a: Tyranitar
|-damage|p1a: Tyranitar|39/100
|-damage|p1a: Tyranitar|30/100
|-damage|p1a: Tyranitar|22/100
|-hitcount|p1a: Tyranitar|5
|move|p1a: Tyranitar|Rest|p1a: Tyranitar
|-status|p1a: Tyranitar|slp|[from] move: Rest
|-heal|p1a: Tyranitar|100/100 slp|[silent]
|
|-weather|Sandstorm|[upkeep]
|upkeep
|turn|69
|
|t:|1617786325
|switch|p2a: Yveltal|Yveltal|69/100
|-ability|p2a: Yveltal|Dark Aura
|switch|p1a: Arceus|Arceus-Ground|85/100
|
|-weather|none
|upkeep
|turn|70
|
|t:|1617786337
|switch|p1a: Tyranitar|Tyranitar, M|100/100 slp
|-weather|Sandstorm|[from] ability: Sand Stream|[of] p1a: Tyranitar
|move|p2a: Yveltal|Oblivion Wing|p1a: Tyranitar
|-resisted|p1a: Tyranitar
|-damage|p1a: Tyranitar|88/100 slp
|-heal|p2a: Yveltal|78/100|[from] drain|[of] p1a: Tyranitar
|-damage|p2a: Yveltal|68/100|[from] item: Life Orb
|
|-weather|Sandstorm|[upkeep]
|-damage|p2a: Yveltal|62/100|[from] Sandstorm
|-heal|p1a: Tyranitar|94/100 slp|[from] item: Leftovers
|upkeep
|turn|71
|
|t:|1617786351
|move|p2a: Yveltal|Rock Slide|p1a: Tyranitar
|-damage|p1a: Tyranitar|72/100 slp
|-damage|p2a: Yveltal|52/100|[from] item: Life Orb
|cant|p1a: Tyranitar|slp
|move|p1a: Tyranitar|Sleep Talk|p1a: Tyranitar
|move|p1a: Tyranitar|Pursuit|p2a: Yveltal|[from]move: Sleep Talk
|-resisted|p2a: Yveltal
|-damage|p2a: Yveltal|41/100
|
|-weather|Sandstorm|[upkeep]
|-damage|p2a: Yveltal|35/100|[from] Sandstorm
|-heal|p1a: Tyranitar|78/100 slp|[from] item: Leftovers
|upkeep
|turn|72
|
|t:|1617786365
|switch|p1a: Arceus|Arceus-Ground|85/100
|move|p2a: Yveltal|Rock Slide|p1a: Arceus
|-resisted|p1a: Arceus
|-damage|p1a: Arceus|77/100
|-damage|p2a: Yveltal|25/100|[from] item: Life Orb
|
|-weather|Sandstorm|[upkeep]
|-damage|p2a: Yveltal|19/100|[from] Sandstorm
|upkeep
|turn|73
|
|t:|1617786376
|switch|p1a: Tyranitar|Tyranitar, M|78/100 slp
|switch|p2a: Ho-Oh|Ho-Oh|100/100
|
|-weather|Sandstorm|[upkeep]
|-damage|p2a: Ho-Oh|94/100|[from] Sandstorm
|-heal|p1a: Tyranitar|84/100 slp|[from] item: Leftovers
|upkeep
|turn|74
|
|t:|1617786387
|switch|p2a: Ditto|Ditto|100/100
|-transform|p2a: Ditto|p1a: Tyranitar|[from] ability: Imposter
|cant|p1a: Tyranitar|slp
|move|p1a: Tyranitar|Sleep Talk|p1a: Tyranitar
|move|p1a: Tyranitar|Rock Blast|p2a: Ditto|[from]move: Sleep Talk
|-damage|p2a: Ditto|87/100
|-damage|p2a: Ditto|75/100
|-damage|p2a: Ditto|63/100
|-damage|p2a: Ditto|51/100
|-crit|p2a: Ditto
|-damage|p2a: Ditto|34/100
|-hitcount|p2a: Ditto|5
|
|-weather|none
|-heal|p1a: Tyranitar|90/100 slp|[from] item: Leftovers
|upkeep
|turn|75
|
|t:|1617786405
|move|p2a: Ditto|Rest|p2a: Ditto
|-status|p2a: Ditto|slp|[from] move: Rest
|-heal|p2a: Ditto|100/100 slp|[silent]
|-curestatus|p1a: Tyranitar|slp|[msg]
|move|p1a: Tyranitar|Rock Blast|p2a: Ditto
|-damage|p2a: Ditto|87/100 slp
|-damage|p2a: Ditto|75/100 slp
|-damage|p2a: Ditto|64/100 slp
|-hitcount|p2a: Ditto|3
|
|-heal|p1a: Tyranitar|97/100|[from] item: Leftovers
|upkeep
|turn|76
|inactive|spicyntegral has 90 seconds left.
|-message|spicyntegral forfeited.
|
|win|fghgfhgfhfggf
|raw|fghgfhgfhfggf's rating: 1458 &rarr; <strong>1481</strong><br />(+23 for winning)
|raw|spicyntegral's rating: 1503 &rarr; <strong>1480</strong><br />(-23 for losing)
|l|☆spicyntegral
