|j|☆amnael1
|j|☆Goku Uchiha 2001
|t:|1664546371
|gametype|singles
|player|p1|amnael1|102|1854
|player|p2|Goku Uchiha 2001|dawn|1860
|teamsize|p1|6
|teamsize|p2|6
|gen|8
|tier|[Gen 8] National Dex AG
|rated|
|rule|HP Percentage Mod: HP is shown in percentages
|rule|Endless Battle Clause: Forcing endless battles is banned
|clearpoke
|poke|p1|Smeargle, F|
|poke|p1|Groudon|
|poke|p1|Espeon, M|
|poke|p1|Rayquaza|
|poke|p1|Xerneas-*|
|poke|p1|Zacian-*|
|poke|p2|Arceus-*|
|poke|p2|Ditto|
|poke|p2|Arceus-*|
|poke|p2|Arceus-*|
|poke|p2|Giratina-Origin|
|poke|p2|Arceus-*|
|teampreview
|inactive|Battle timer is ON: inactive players will automatically lose when time's up. (requested by Goku Uchiha 2001)
|
|t:|1664546388
|start
|switch|p1a: Groudon|Groudon|100/100
|switch|p2a: Arceus|Arceus|100/100
|detailschange|p1a: Groudon|Groudon-Primal
|-primal|p1a: Groudon
|-weather|DesolateLand|[from] ability: Desolate Land|[of] p1a: Groudon
|turn|1
|
|t:|1664546398
|switch|p2a: Arceus|Arceus-Fairy|100/100
|move|p1a: Groudon|Fire Punch|p2a: Arceus
|-damage|p2a: Arceus|48/100
|
|-weather|DesolateLand|[upkeep]
|upkeep
|turn|2
|
|t:|1664546408
|switch|p2a: Arceus|Arceus|100/100
|move|p1a: Groudon|Fire Punch|p2a: Arceus
|-damage|p2a: Arceus|62/100
|-damage|p1a: Groudon|84/100|[from] item: Rocky Helmet|[of] p2a: Arceus
|
|-weather|DesolateLand|[upkeep]
|upkeep
|turn|3
|
|t:|1664546410
|move|p1a: Groudon|Fire Punch|p2a: Arceus
|-damage|p2a: Arceus|28/100
|-damage|p1a: Groudon|68/100|[from] item: Rocky Helmet|[of] p2a: Arceus
|move|p2a: Arceus|Recover|p2a: Arceus
|-heal|p2a: Arceus|78/100
|
|-weather|DesolateLand|[upkeep]
|upkeep
|turn|4
|
|t:|1664546412
|move|p1a: Groudon|Stealth Rock|p2a: Arceus
|-sidestart|p2: Goku Uchiha 2001|move: Stealth Rock
|move|p2a: Arceus|Stealth Rock|p1a: Groudon
|-sidestart|p1: amnael1|move: Stealth Rock
|
|-weather|DesolateLand|[upkeep]
|upkeep
|turn|5
|
|t:|1664546416
|move|p2a: Arceus|Recover|p2a: Arceus
|-heal|p2a: Arceus|100/100
|move|p1a: Groudon|Roar|p2a: Arceus
|drag|p2a: Arceus|Arceus|100/100
|-damage|p2a: Arceus|88/100|[from] Stealth Rock
|
|-weather|DesolateLand|[upkeep]
|upkeep
|turn|6
|
|t:|1664546422
|switch|p2a: Arceus|Arceus|100/100
|-damage|p2a: Arceus|88/100|[from] Stealth Rock
|move|p1a: Groudon|Fire Punch|p2a: Arceus
|-damage|p2a: Arceus|51/100
|-damage|p1a: Groudon|51/100|[from] item: Rocky Helmet|[of] p2a: Arceus
|
|-weather|DesolateLand|[upkeep]
|upkeep
|turn|7
|
|t:|1664546426
|move|p2a: Arceus|Recover|p2a: Arceus
|-heal|p2a: Arceus|100/100
|move|p1a: Groudon|Roar|p2a: Arceus
|drag|p2a: Arceus|Arceus|88/100
|-damage|p2a: Arceus|76/100|[from] Stealth Rock
|
|-weather|DesolateLand|[upkeep]
|upkeep
|turn|8
|
|t:|1664546431
|switch|p2a: Arceus|Arceus|100/100
|-damage|p2a: Arceus|88/100|[from] Stealth Rock
|move|p1a: Groudon|Fire Punch|p2a: Arceus
|-damage|p2a: Arceus|52/100
|-damage|p1a: Groudon|35/100|[from] item: Rocky Helmet|[of] p2a: Arceus
|
|-weather|DesolateLand|[upkeep]
|upkeep
|turn|9
|
|t:|1664546434
|move|p2a: Arceus|Recover|p2a: Arceus
|-heal|p2a: Arceus|100/100
|move|p1a: Groudon|Roar|p2a: Arceus
|drag|p2a: Giratina|Giratina-Origin|100/100
|-damage|p2a: Giratina|88/100|[from] Stealth Rock
|
|-weather|DesolateLand|[upkeep]
|upkeep
|turn|10
|
|t:|1664546439
|move|p1a: Groudon|Fire Punch|p2a: Giratina
|-resisted|p2a: Giratina
|-damage|p2a: Giratina|63/100
|-status|p2a: Giratina|brn
|move|p2a: Giratina|Hone Claws|p2a: Giratina
|-boost|p2a: Giratina|atk|1
|-boost|p2a: Giratina|accuracy|1
|
|-weather|DesolateLand|[upkeep]
|-damage|p2a: Giratina|57/100 brn|[from] brn
|upkeep
|turn|11
|
|t:|1664546442
|move|p2a: Giratina|Poltergeist|p1a: Groudon
|-activate|p1a: Groudon|move: Poltergeist|Red Orb
|-crit|p1a: Groudon
|-damage|p1a: Groudon|0 fnt
|faint|p1a: Groudon
|-weather|none
|
|-damage|p2a: Giratina|51/100 brn|[from] brn
|upkeep
|
|t:|1664546449
|switch|p1a: Zacian|Zacian-Crowned|100/100
|-damage|p1a: Zacian|94/100|[from] Stealth Rock
|-ability|p1a: Zacian|Intrepid Sword|boost
|-boost|p1a: Zacian|atk|1
|turn|12
|
|t:|1664546453
|move|p1a: Zacian|Behemoth Blade|p2a: Giratina
|-damage|p2a: Giratina|0 fnt
|faint|p2a: Giratina
|
|upkeep
|
|t:|1664546455
|switch|p2a: Ditto|Ditto, shiny|100/100
|-damage|p2a: Ditto|88/100|[from] Stealth Rock
|-transform|p2a: Ditto|p1a: Zacian|[from] ability: Imposter
|-ability|p2a: Ditto|Intrepid Sword|boost
|-boost|p2a: Ditto|atk|1
|turn|13
|
|t:|1664546459
|switch|p1a: Espeon|Espeon, M|100/100
|-damage|p1a: Espeon|88/100|[from] Stealth Rock
|move|p2a: Ditto|Behemoth Blade|p1a: Espeon
|-damage|p1a: Espeon|0 fnt
|faint|p1a: Espeon
|
|upkeep
|
|t:|1664546461
|switch|p1a: Smeargle|Smeargle, F|100/100
|-damage|p1a: Smeargle|88/100|[from] Stealth Rock
|turn|14
|
|t:|1664546464
|move|p1a: Smeargle|Spiky Shield|p1a: Smeargle
|-singleturn|p1a: Smeargle|move: Protect
|move|p2a: Ditto|Behemoth Blade|p1a: Smeargle
|-activate|p1a: Smeargle|move: Protect
|-damage|p2a: Ditto|76/100|[from] Spiky Shield|[of] p1a: Smeargle
|
|-ability|p1a: Smeargle|Moody|boost
|-boost|p1a: Smeargle|spa|2
|-unboost|p1a: Smeargle|def|1
|upkeep
|turn|15
|
|t:|1664546471
|switch|p1a: Rayquaza|Rayquaza|100/100
|-damage|p1a: Rayquaza|76/100|[from] Stealth Rock
|-ability|p1a: Rayquaza|Air Lock
|move|p2a: Ditto|Behemoth Blade|p1a: Rayquaza
|-damage|p1a: Rayquaza|0 fnt
|faint|p1a: Rayquaza
|
|upkeep
|
|t:|1664546473
|switch|p1a: Smeargle|Smeargle, F|88/100
|-damage|p1a: Smeargle|76/100|[from] Stealth Rock
|turn|16
|
|t:|1664546481
|switch|p2a: Arceus|Arceus|76/100
|-damage|p2a: Arceus|63/100|[from] Stealth Rock
|move|p1a: Smeargle|Spiky Shield||[still]
|-fail|p1a: Smeargle
|
|-ability|p1a: Smeargle|Moody|boost
|-boost|p1a: Smeargle|spe|2
|-unboost|p1a: Smeargle|atk|1
|upkeep
|turn|17
|
|t:|1664546485
|move|p1a: Smeargle|Spiky Shield|p1a: Smeargle
|-singleturn|p1a: Smeargle|move: Protect
|move|p2a: Arceus|Swords Dance|p2a: Arceus
|-boost|p2a: Arceus|atk|2
|
|-ability|p1a: Smeargle|Moody|boost
|-boost|p1a: Smeargle|spe|2
|-unboost|p1a: Smeargle|spd|1
|upkeep
|turn|18
|
|t:|1664546488
|move|p2a: Arceus|Extreme Speed|p1a: Smeargle
|-crit|p1a: Smeargle
|-damage|p1a: Smeargle|0 fnt
|faint|p1a: Smeargle
|
|upkeep
|
|t:|1664546490
|switch|p1a: Xerneas|Xerneas|100/100
|-damage|p1a: Xerneas|88/100|[from] Stealth Rock
|-ability|p1a: Xerneas|Fairy Aura
|turn|19
|
|t:|1664546493
|-start|p2a: Arceus|Dynamax|
|-heal|p2a: Arceus|63/100|[silent]
|-start|p1a: Xerneas|Dynamax|
|-heal|p1a: Xerneas|88/100|[silent]
|move|p2a: Arceus|Max Strike|p1a: Xerneas
|-damage|p1a: Xerneas|40/100
|-unboost|p1a: Xerneas|spe|1
|move|p1a: Xerneas|Max Starfall|p2a: Arceus
|-damage|p2a: Arceus|34/100
|-fieldstart|move: Misty Terrain
|
|upkeep
|turn|20
|
|t:|1664546495
|move|p1a: Xerneas|Max Guard|p1a: Xerneas
|-singleturn|p1a: Xerneas|Max Guard
|move|p2a: Arceus|Max Strike|p1a: Xerneas
|-activate|p1a: Xerneas|move: Max Guard
|
|upkeep
|turn|21
|
|t:|1664546498
|move|p2a: Arceus|Max Strike|p1a: Xerneas
|-damage|p1a: Xerneas|0 fnt
|faint|p1a: Xerneas
|
|upkeep
|
|t:|1664546500
|switch|p1a: Zacian|Zacian-Crowned|94/100
|-damage|p1a: Zacian|88/100|[from] Stealth Rock
|-ability|p1a: Zacian|Intrepid Sword|boost
|-boost|p1a: Zacian|atk|1
|-end|p2a: Arceus|Dynamax
|-heal|p2a: Arceus|34/100|[silent]
|turn|22
|
|t:|1664546504
|move|p2a: Arceus|Extreme Speed|p1a: Zacian
|-resisted|p1a: Zacian
|-damage|p1a: Zacian|49/100
|move|p1a: Zacian|Behemoth Blade|p2a: Arceus
|-damage|p2a: Arceus|0 fnt
|faint|p2a: Arceus
|
|upkeep
|-message|amnael1 forfeited.
|
|win|Goku Uchiha 2001
|raw|amnael1's rating: 1854 &rarr; <strong>1834</strong><br />(-20 for losing)
|raw|Goku Uchiha 2001's rating: 1860 &rarr; <strong>1880</strong><br />(+20 for winning)
|l|☆amnael1
