|j|☆Aarsh2601
|j|☆meepacman
|t:|1648126992
|gametype|singles
|player|p1|Aarsh2601|red|1510
|player|p2|meepacman|170|1512
|teamsize|p1|6
|teamsize|p2|6
|gen|8
|tier|[Gen 8] National Dex AG
|rated|
|rule|HP Percentage Mod: HP is shown in percentages
|rule|Endless Battle Clause: Forcing endless battles is banned
|clearpoke
|poke|p1|Arceus-*|
|poke|p1|Calyrex-Shadow|
|poke|p1|Pheromosa|
|poke|p1|Blaziken, M|
|poke|p1|Marshadow|
|poke|p1|Zacian-*|
|poke|p2|Yveltal|
|poke|p2|Arceus-*|
|poke|p2|Groudon|
|poke|p2|Xerneas-*|
|poke|p2|Rayquaza|
|poke|p2|Quagsire, F|
|teampreview
|inactive|Battle timer is ON: inactive players will automatically lose when time's up. (requested by Aarsh2601)
|
|t:|1648127009
|start
|switch|p1a: Samosa|Pheromosa, shiny|100/100
|switch|p2a: Xerneas|Xerneas|100/100
|-ability|p2a: Xerneas|Fairy Aura
|turn|1
|
|t:|1648127017
|move|p1a: Samosa|Poison Jab|p2a: Xerneas
|-supereffective|p2a: Xerneas
|-damage|p2a: Xerneas|40/100
|move|p2a: Xerneas|Play Rough|p1a: Samosa
|-supereffective|p1a: Samosa
|-damage|p1a: Samosa|0 fnt
|faint|p1a: Samosa
|
|upkeep
|
|t:|1648127028
|switch|p1a: Arceus|Arceus-Steel|100/100
|turn|2
|
|t:|1648127039
|switch|p2a: Groudon|Groudon|100/100
|detailschange|p2a: Groudon|Groudon-Primal
|-primal|p2a: Groudon
|-weather|DesolateLand|[from] ability: Desolate Land|[of] p2a: Groudon
|move|p1a: Arceus|Judgment|p2a: Groudon
|-resisted|p2a: Groudon
|-damage|p2a: Groudon|68/100
|
|-weather|DesolateLand|[upkeep]
|upkeep
|turn|3
|
|t:|1648127049
|move|p2a: Groudon|Precipice Blades|p1a: Arceus
|-supereffective|p1a: Arceus
|-damage|p1a: Arceus|0 fnt
|faint|p1a: Arceus
|
|-weather|DesolateLand|[upkeep]
|upkeep
|
|t:|1648127054
|switch|p1a: Calyrex|Calyrex-Shadow|100/100
|-ability|p1a: Calyrex|As One
|-ability|p1a: Calyrex|Unnerve
|turn|4
|
|t:|1648127060
|-weather|none
|switch|p2a: Yveltal|Yveltal|100/100
|-ability|p2a: Yveltal|Dark Aura
|move|p1a: Calyrex|Astral Barrage|p2a: Yveltal
|-resisted|p2a: Yveltal
|-crit|p2a: Yveltal
|-damage|p2a: Yveltal|69/100
|
|upkeep
|turn|5
|
|t:|1648127071
|move|p1a: Calyrex|Substitute|p1a: Calyrex
|-start|p1a: Calyrex|Substitute
|-damage|p1a: Calyrex|76/100
|move|p2a: Yveltal|Roost|p2a: Yveltal
|-heal|p2a: Yveltal|100/100
|-singleturn|p2a: Yveltal|move: Roost
|
|-heal|p1a: Calyrex|82/100|[from] item: Leftovers
|upkeep
|turn|6
|
|t:|1648127081
|move|p1a: Calyrex|Draining Kiss|p2a: Yveltal
|-supereffective|p2a: Yveltal
|-damage|p2a: Yveltal|79/100
|-heal|p1a: Calyrex|100/100|[from] drain|[of] p2a: Yveltal
|move|p2a: Yveltal|Foul Play|p1a: Calyrex
|-supereffective|p1a: Calyrex
|-crit|p1a: Calyrex
|-end|p1a: Calyrex|Substitute
|
|upkeep
|turn|7
|
|t:|1648127095
|switch|p1a: Blaziken|Blaziken, M, shiny|100/100
|move|p2a: Yveltal|Foul Play|p1a: Blaziken
|-resisted|p1a: Blaziken
|-damage|p1a: Blaziken|64/100
|
|upkeep
|turn|8
|
|t:|1648127104
|detailschange|p1a: Blaziken|Blaziken-Mega, M, shiny
|-mega|p1a: Blaziken|Blaziken|Blazikenite
|move|p1a: Blaziken|Flare Blitz|p2a: Yveltal
|-damage|p2a: Yveltal|27/100
|-damage|p1a: Blaziken|37/100|[from] Recoil
|move|p2a: Yveltal|Oblivion Wing|p1a: Blaziken
|-supereffective|p1a: Blaziken
|-damage|p1a: Blaziken|0 fnt
|-heal|p2a: Yveltal|45/100|[from] drain|[of] p1a: Blaziken
|faint|p1a: Blaziken
|
|upkeep
|
|t:|1648127118
|switch|p1a: The dog|Zacian-Crowned|100/100
|-ability|p1a: The dog|Intrepid Sword|boost
|-boost|p1a: The dog|atk|1
|turn|9
|
|t:|1648127123
|switch|p2a: Quagsire|Quagsire, F|100/100
|move|p1a: The dog|Play Rough|p2a: Quagsire
|-crit|p2a: Quagsire
|-damage|p2a: Quagsire|45/100
|
|-heal|p2a: Quagsire|51/100|[from] item: Leftovers
|upkeep
|turn|10
|
|t:|1648127130
|move|p1a: The dog|Play Rough|p2a: Quagsire
|-crit|p2a: Quagsire
|-damage|p2a: Quagsire|0 fnt
|faint|p2a: Quagsire
|
|upkeep
|c|☆meepacman|wow
|c|☆meepacman|thats one way to beat quagsire LOL
|
|t:|1648127147
|switch|p2a: Rayquaza|Rayquaza|100/100
|-ability|p2a: Rayquaza|Air Lock
|turn|11
|
|t:|1648127152
|detailschange|p2a: Rayquaza|Rayquaza-Mega
|-mega|p2a: Rayquaza|Rayquaza|
|-weather|DeltaStream|[from] ability: Delta Stream|[of] p2a: Rayquaza
|move|p2a: Rayquaza|V-create|p1a: The dog|[miss]
|-miss|p2a: Rayquaza|p1a: The dog
|move|p1a: The dog|Play Rough|p2a: Rayquaza
|-supereffective|p2a: Rayquaza
|-damage|p2a: Rayquaza|0 fnt
|faint|p2a: Rayquaza
|-weather|none
|
|upkeep
|c|☆meepacman|bruh
|inactive|meepacman has 120 seconds left.
|
|t:|1648127185
|switch|p2a: Groudon|Groudon-Primal|68/100
|-weather|DesolateLand|[from] ability: Desolate Land|[of] p2a: Groudon
|turn|12
|
|t:|1648127190
|switch|p1a: Cutie boy|Marshadow|100/100
|move|p2a: Groudon|Precipice Blades|p1a: Cutie boy
|-damage|p1a: Cutie boy|11/100
|
|-weather|DesolateLand|[upkeep]
|upkeep
|turn|13
|
|t:|1648127201
|-weather|none
|switch|p2a: Yveltal|Yveltal|45/100
|-ability|p2a: Yveltal|Dark Aura
|move|p1a: Cutie boy|Close Combat|p2a: Yveltal
|-damage|p2a: Yveltal|0 fnt
|-unboost|p1a: Cutie boy|def|1
|-unboost|p1a: Cutie boy|spd|1
|faint|p2a: Yveltal
|
|upkeep
|inactive|meepacman has 120 seconds left.
|
|t:|1648127217
|switch|p2a: Arceus|Arceus-Water|100/100
|turn|14
|
|t:|1648127222
|move|p1a: Cutie boy|Drain Punch|p2a: Arceus
|-damage|p2a: Arceus|83/100
|-heal|p1a: Cutie boy|24/100|[from] drain|[of] p2a: Arceus
|move|p2a: Arceus|Whirlpool|p1a: Cutie boy
|-damage|p1a: Cutie boy|0 fnt
|faint|p1a: Cutie boy
|
|upkeep
|
|t:|1648127232
|switch|p1a: Calyrex|Calyrex-Shadow|100/100
|-ability|p1a: Calyrex|As One
|-ability|p1a: Calyrex|Unnerve
|turn|15
|
|t:|1648127247
|-start|p2a: Arceus|Dynamax
|-heal|p2a: Arceus|83/100|[silent]
|move|p1a: Calyrex|Substitute|p1a: Calyrex
|-start|p1a: Calyrex|Substitute
|-damage|p1a: Calyrex|76/100
|move|p2a: Arceus|Max Geyser|p1a: Calyrex
|-end|p1a: Calyrex|Substitute
|-weather|RainDance
|
|-weather|RainDance|[upkeep]
|-heal|p1a: Calyrex|82/100|[from] item: Leftovers
|upkeep
|turn|16
|-message|meepacman forfeited.
|
|win|Aarsh2601
|raw|Aarsh2601's rating: 1510 &rarr; <strong>1530</strong><br />(+20 for winning)
|raw|meepacman's rating: 1512 &rarr; <strong>1492</strong><br />(-20 for losing)
