|j|☆kerrozxl-
|j|☆CLEAR GEM清瑜
|t:|1661844953
|gametype|singles
|player|p1|kerrozxl-|unknownf|1669
|player|p2|CLEAR GEM清瑜|skierf|1728
|teamsize|p1|6
|teamsize|p2|6
|gen|8
|tier|[Gen 8] National Dex AG
|rated|
|rule|HP Percentage Mod: HP is shown in percentages
|rule|Endless Battle Clause: Forcing endless battles is banned
|clearpoke
|poke|p1|Rayquaza|
|poke|p1|Groudon|
|poke|p1|Necrozma-Dusk-Mane|
|poke|p1|Marshadow|
|poke|p1|Yveltal|
|poke|p1|Xerneas-*|
|poke|p2|Rayquaza|
|poke|p2|Groudon|
|poke|p2|Necrozma-Dusk-Mane|
|poke|p2|Arceus-*|
|poke|p2|Arceus-*|
|poke|p2|Arceus-*|
|teampreview
|inactive|Battle timer is ON: inactive players will automatically lose when time's up. (requested by CLEAR GEM清瑜)
|
|t:|1661844965
|start
|switch|p1a: smeargle&lugiahate|Rayquaza, shiny|100/100
|switch|p2a: 乱杀P固|Arceus-Ground|100/100
|-ability|p1a: smeargle&lugiahate|Air Lock
|turn|1
|
|t:|1661844973
|detailschange|p1a: smeargle&lugiahate|Rayquaza-Mega, shiny
|-mega|p1a: smeargle&lugiahate|Rayquaza|
|-weather|DeltaStream|[from] ability: Delta Stream|[of] p1a: smeargle&lugiahate
|move|p1a: smeargle&lugiahate|Dragon Ascent|p2a: 乱杀P固
|-damage|p2a: 乱杀P固|5/100
|-unboost|p1a: smeargle&lugiahate|def|1
|-unboost|p1a: smeargle&lugiahate|spd|1
|move|p2a: 乱杀P固|Ice Beam|p1a: smeargle&lugiahate
|-activate||deltastream
|-supereffective|p1a: smeargle&lugiahate
|-damage|p1a: smeargle&lugiahate|0 fnt
|faint|p1a: smeargle&lugiahate
|-weather|none
|
|upkeep
|
|t:|1661844976
|switch|p1a: Ho-0h|Marshadow|100/100
|turn|2
|
|t:|1661844986
|move|p1a: Ho-0h|Rock Tomb|p2a: 乱杀P固
|-resisted|p2a: 乱杀P固
|-damage|p2a: 乱杀P固|0 fnt
|faint|p2a: 乱杀P固
|
|upkeep
|
|t:|1661844987
|switch|p2a: 不会(?)|Groudon|100/100
|detailschange|p2a: 不会(?)|Groudon-Primal
|-primal|p2a: 不会(?)
|-weather|DesolateLand|[from] ability: Desolate Land|[of] p2a: 不会(?)
|turn|3
|
|t:|1661845000
|switch|p1a: Zacian-Crown3d|Groudon|100/100
|detailschange|p1a: Zacian-Crown3d|Groudon-Primal
|-primal|p1a: Zacian-Crown3d
|move|p2a: 不会(?)|Heat Crash|p1a: Zacian-Crown3d
|-resisted|p1a: Zacian-Crown3d
|-damage|p1a: Zacian-Crown3d|88/100
|
|-weather|DesolateLand|[upkeep]
|upkeep
|turn|4
|
|t:|1661845008
|move|p2a: 不会(?)|Stealth Rock|p1a: Zacian-Crown3d
|-sidestart|p1: kerrozxl-|move: Stealth Rock
|move|p1a: Zacian-Crown3d|Precipice Blades|p2a: 不会(?)
|-supereffective|p2a: 不会(?)
|-damage|p2a: 不会(?)|25/100
|
|-weather|DesolateLand|[upkeep]
|upkeep
|turn|5
|
|t:|1661845012
|move|p2a: 不会(?)|Precipice Blades|p1a: Zacian-Crown3d
|-supereffective|p1a: Zacian-Crown3d
|-damage|p1a: Zacian-Crown3d|0 fnt
|faint|p1a: Zacian-Crown3d
|
|-weather|DesolateLand|[upkeep]
|upkeep
|
|t:|1661845014
|switch|p1a: Keqing|Yveltal|100/100
|-ability|p1a: Keqing|Dark Aura
|turn|6
|
|t:|1661845016
|move|p1a: Keqing|Defog|p2a: 不会(?)
|-unboost|p2a: 不会(?)|evasion|1
|-sideend|p1: kerrozxl-|Stealth Rock|[from] move: Defog|[of] p1a: Keqing
|move|p2a: 不会(?)|Heat Crash|p1a: Keqing
|-damage|p1a: Keqing|0 fnt
|faint|p1a: Keqing
|
|-weather|DesolateLand|[upkeep]
|upkeep
|
|t:|1661845041
|switch|p1a: Ho-0h|Marshadow|100/100
|turn|7
|
|t:|1661845056
|move|p1a: Ho-0h|Close Combat|p2a: 不会(?)
|-damage|p2a: 不会(?)|0 fnt
|-unboost|p1a: Ho-0h|def|1
|-unboost|p1a: Ho-0h|spd|1
|faint|p2a: 不会(?)
|-weather|none
|
|upkeep
|
|t:|1661845061
|switch|p2a: 烈龙无敌|Rayquaza, shiny|100/100
|-ability|p2a: 烈龙无敌|Air Lock
|turn|8
|
|t:|1661845068
|detailschange|p2a: 烈龙无敌|Rayquaza-Mega, shiny
|-mega|p2a: 烈龙无敌|Rayquaza|
|-weather|DeltaStream|[from] ability: Delta Stream|[of] p2a: 烈龙无敌
|move|p1a: Ho-0h|Rock Tomb|p2a: 烈龙无敌
|-activate||deltastream
|-damage|p2a: 烈龙无敌|75/100
|-unboost|p2a: 烈龙无敌|spe|1
|move|p2a: 烈龙无敌|Dragon Ascent|p1a: Ho-0h
|-supereffective|p1a: Ho-0h
|-enditem|p1a: Ho-0h|Focus Sash
|-damage|p1a: Ho-0h|1/100
|-unboost|p2a: 烈龙无敌|def|1
|-unboost|p2a: 烈龙无敌|spd|1
|
|-weather|DeltaStream|[upkeep]
|upkeep
|turn|9
|
|t:|1661845078
|move|p1a: Ho-0h|Spectral Thief|p2a: 烈龙无敌
|-damage|p2a: 烈龙无敌|15/100
|move|p2a: 烈龙无敌|Dragon Ascent|p1a: Ho-0h
|-supereffective|p1a: Ho-0h
|-damage|p1a: Ho-0h|0 fnt
|-unboost|p2a: 烈龙无敌|def|1
|-unboost|p2a: 烈龙无敌|spd|1
|faint|p1a: Ho-0h
|
|-weather|DeltaStream|[upkeep]
|upkeep
|
|t:|1661845085
|switch|p1a: Dynamax Yveltal|Xerneas|100/100
|-ability|p1a: Dynamax Yveltal|Fairy Aura
|turn|10
|
|t:|1661845089
|-start|p1a: Dynamax Yveltal|Dynamax|
|-heal|p1a: Dynamax Yveltal|100/100|[silent]
|move|p1a: Dynamax Yveltal|Max Starfall|p2a: 烈龙无敌
|-supereffective|p2a: 烈龙无敌
|-damage|p2a: 烈龙无敌|0 fnt
|-fieldstart|move: Misty Terrain
|faint|p2a: 烈龙无敌
|-weather|none
|
|upkeep
|
|t:|1661845094
|switch|p2a: 钢铁之躯|Necrozma-Dusk-Mane|100/100
|turn|11
|
|t:|1661845096
|move|p1a: Dynamax Yveltal|Max Flare|p2a: 钢铁之躯
|-supereffective|p2a: 钢铁之躯
|-damage|p2a: 钢铁之躯|49/100
|-weather|SunnyDay
|move|p2a: 钢铁之躯|Dragon Dance|p2a: 钢铁之躯
|-boost|p2a: 钢铁之躯|atk|1
|-boost|p2a: 钢铁之躯|spe|1
|
|-weather|SunnyDay|[upkeep]
|upkeep
|turn|12
|
|t:|1661845102
|detailschange|p2a: 钢铁之躯|Necrozma-Ultra
|-burst|p2a: 钢铁之躯|Necrozma|Ultranecrozium Z
|move|p2a: 钢铁之躯|Dragon Dance|p2a: 钢铁之躯
|-boost|p2a: 钢铁之躯|atk|1
|-boost|p2a: 钢铁之躯|spe|1
|move|p1a: Dynamax Yveltal|Max Starfall|p2a: 钢铁之躯
|-supereffective|p2a: 钢铁之躯
|-damage|p2a: 钢铁之躯|0 fnt
|faint|p2a: 钢铁之躯
|
|-weather|SunnyDay|[upkeep]
|upkeep
|
|t:|1661845108
|switch|p2a: 悬空羊驼|Arceus-Flying|100/100
|-end|p1a: Dynamax Yveltal|Dynamax
|-heal|p1a: Dynamax Yveltal|100/100|[silent]
|turn|13
|
|t:|1661845114
|move|p2a: 悬空羊驼|Calm Mind|p2a: 悬空羊驼
|-boost|p2a: 悬空羊驼|spa|1
|-boost|p2a: 悬空羊驼|spd|1
|move|p1a: Dynamax Yveltal|Geomancy||[still]
|-prepare|p1a: Dynamax Yveltal|Geomancy
|-enditem|p1a: Dynamax Yveltal|Power Herb
|-anim|p1a: Dynamax Yveltal|Geomancy|p1a: Dynamax Yveltal
|-boost|p1a: Dynamax Yveltal|spa|2
|-boost|p1a: Dynamax Yveltal|spd|2
|-boost|p1a: Dynamax Yveltal|spe|2
|
|-weather|SunnyDay|[upkeep]
|upkeep
|turn|14
|
|t:|1661845117
|-start|p2a: 悬空羊驼|Dynamax|
|-heal|p2a: 悬空羊驼|100/100|[silent]
|move|p1a: Dynamax Yveltal|Moonblast|p2a: 悬空羊驼
|-damage|p2a: 悬空羊驼|67/100
|move|p2a: 悬空羊驼|Max Airstream|p1a: Dynamax Yveltal
|-damage|p1a: Dynamax Yveltal|53/100
|-boost|p2a: 悬空羊驼|spe|1
|
|-weather|SunnyDay|[upkeep]
|-fieldend|Misty Terrain
|upkeep
|turn|15
|
|t:|1661845124
|move|p1a: Dynamax Yveltal|Moonblast|p2a: 悬空羊驼
|-damage|p2a: 悬空羊驼|33/100
|move|p2a: 悬空羊驼|Max Airstream|p1a: Dynamax Yveltal
|-damage|p1a: Dynamax Yveltal|6/100
|-boost|p2a: 悬空羊驼|spe|1
|
|-weather|none
|upkeep
|turn|16
|
|t:|1661845130
|move|p2a: 悬空羊驼|Max Quake|p1a: Dynamax Yveltal
|-damage|p1a: Dynamax Yveltal|0 fnt
|-boost|p2a: 悬空羊驼|spd|1
|faint|p1a: Dynamax Yveltal
|
|upkeep
|
|t:|1661845132
|switch|p1a: Ditt0 50/50|Necrozma-Dusk-Mane|100/100
|-end|p2a: 悬空羊驼|Dynamax
|-heal|p2a: 悬空羊驼|33/100|[silent]
|turn|17
|
|t:|1661845135
|detailschange|p1a: Ditt0 50/50|Necrozma-Ultra
|-burst|p1a: Ditt0 50/50|Necrozma|Ultranecrozium Z
|move|p2a: 悬空羊驼|Earth Power|p1a: Ditt0 50/50
|-damage|p1a: Ditt0 50/50|52/100
|move|p1a: Ditt0 50/50|Photon Geyser|p2a: 悬空羊驼
|-damage|p2a: 悬空羊驼|0 fnt
|faint|p2a: 悬空羊驼
|
|upkeep
|
|t:|1661845138
|switch|p2a: 究极辅助|Arceus-Dark|100/100
|turn|18
|
|t:|1661845139
|move|p1a: Ditt0 50/50|Earthquake|p2a: 究极辅助
|-damage|p2a: 究极辅助|66/100
|move|p2a: 究极辅助|Judgment|p1a: Ditt0 50/50
|-supereffective|p1a: Ditt0 50/50
|-damage|p1a: Ditt0 50/50|0 fnt
|faint|p1a: Ditt0 50/50
|
|win|CLEAR GEM清瑜
|raw|kerrozxl-'s rating: 1669 &rarr; <strong>1652</strong><br />(-17 for losing)
|raw|CLEAR GEM清瑜's rating: 1728 &rarr; <strong>1745</strong><br />(+17 for winning)
|l|☆kerrozxl-
