|j|☆Mr_kraft_
|j|☆Sanchos
|t:|1663874484
|gametype|singles
|player|p1|Mr_kraft_|170|1678
|player|p2|Sanchos|iris-gen5bw2|1631
|teamsize|p1|6
|teamsize|p2|6
|gen|8
|tier|[Gen 8] National Dex AG
|rated|
|rule|HP Percentage Mod: HP is shown in percentages
|rule|Endless Battle Clause: Forcing endless battles is banned
|clearpoke
|poke|p1|Groudon|
|poke|p1|Marshadow|
|poke|p1|Zacian-*|
|poke|p1|Ditto|
|poke|p1|Kyurem-Black|
|poke|p1|Yveltal|
|poke|p2|Zygarde|
|poke|p2|Arceus-*|
|poke|p2|Yveltal|
|poke|p2|Chansey, F|
|poke|p2|Necrozma-Dusk-Mane|
|poke|p2|Marshadow|
|teampreview
|
|t:|1663874490
|start
|switch|p1a: Groudon|Groudon|100/100
|switch|p2a: Zygarde|Zygarde|100/100
|detailschange|p1a: Groudon|Groudon-Primal
|-primal|p1a: Groudon
|-weather|DesolateLand|[from] ability: Desolate Land|[of] p1a: Groudon
|turn|1
|inactive|Battle timer is ON: inactive players will automatically lose when time's up. (requested by Mr_kraft_)
|
|t:|1663874495
|-weather|none
|switch|p1a: Kyurem|Kyurem-Black, shiny|100/100
|-ability|p1a: Kyurem|Teravolt
|move|p2a: Zygarde|Glare|p1a: Kyurem
|-status|p1a: Kyurem|par
|
|upkeep
|turn|2
|
|t:|1663874506
|switch|p2a: Arceus|Arceus-Fairy|100/100
|move|p1a: Kyurem|Icicle Spear|p2a: Arceus
|-damage|p2a: Arceus|93/100
|-damage|p2a: Arceus|85/100
|-damage|p2a: Arceus|77/100
|-hitcount|p2a: Arceus|3
|
|upkeep
|turn|3
|
|t:|1663874511
|switch|p1a: Groudon|Groudon-Primal|100/100
|-weather|DesolateLand|[from] ability: Desolate Land|[of] p1a: Groudon
|move|p2a: Arceus|Recover|p2a: Arceus
|-heal|p2a: Arceus|100/100
|
|-weather|DesolateLand|[upkeep]
|upkeep
|turn|4
|
|t:|1663874514
|move|p2a: Arceus|Toxic|p1a: Groudon
|-status|p1a: Groudon|tox
|move|p1a: Groudon|Heat Crash|p2a: Arceus
|-crit|p2a: Arceus
|-damage|p2a: Arceus|37/100
|
|-weather|DesolateLand|[upkeep]
|-damage|p1a: Groudon|94/100 tox|[from] psn
|upkeep
|turn|5
|
|t:|1663874518
|move|p2a: Arceus|Recover|p2a: Arceus
|-heal|p2a: Arceus|87/100
|move|p1a: Groudon|Heat Crash|p2a: Arceus
|-damage|p2a: Arceus|44/100
|
|-weather|DesolateLand|[upkeep]
|-damage|p1a: Groudon|82/100 tox|[from] psn
|upkeep
|turn|6
|
|t:|1663874521
|move|p2a: Arceus|Recover|p2a: Arceus
|-heal|p2a: Arceus|94/100
|move|p1a: Groudon|Heat Crash|p2a: Arceus
|-damage|p2a: Arceus|52/100
|
|-weather|DesolateLand|[upkeep]
|-damage|p1a: Groudon|63/100 tox|[from] psn
|upkeep
|turn|7
|
|t:|1663874524
|move|p2a: Arceus|Recover|p2a: Arceus
|-heal|p2a: Arceus|100/100
|move|p1a: Groudon|Rest|p1a: Groudon
|-status|p1a: Groudon|slp|[from] move: Rest
|-heal|p1a: Groudon|100/100 slp|[silent]
|
|-weather|DesolateLand|[upkeep]
|upkeep
|turn|8
|
|t:|1663874528
|switch|p2a: Zygarde|Zygarde|100/100
|cant|p1a: Groudon|slp
|move|p1a: Groudon|Sleep Talk|p1a: Groudon
|move|p1a: Groudon|Heat Crash|p2a: Zygarde|[from]move: Sleep Talk
|-resisted|p2a: Zygarde
|-crit|p2a: Zygarde
|-damage|p2a: Zygarde|68/100
|
|-weather|DesolateLand|[upkeep]
|-heal|p2a: Zygarde|74/100|[from] item: Leftovers
|upkeep
|turn|9
|
|t:|1663874534
|-weather|none
|switch|p1a: Kyurem|Kyurem-Black, shiny|100/100 par
|-ability|p1a: Kyurem|Teravolt
|move|p2a: Zygarde|Substitute|p2a: Zygarde
|-start|p2a: Zygarde|Substitute
|-damage|p2a: Zygarde|49/100
|
|-heal|p2a: Zygarde|56/100|[from] item: Leftovers
|upkeep
|turn|10
|
|t:|1663874538
|move|p1a: Kyurem|Icicle Spear|p2a: Zygarde
|-supereffective|p2a: Zygarde
|-end|p2a: Zygarde|Substitute
|-supereffective|p2a: Zygarde
|-damage|p2a: Zygarde|23/100
|-hitcount|p2a: Zygarde|2
|move|p2a: Zygarde|Dragon Dance|p2a: Zygarde
|-boost|p2a: Zygarde|atk|1
|-boost|p2a: Zygarde|spe|1
|
|-heal|p2a: Zygarde|29/100|[from] item: Leftovers
|-activate|p2a: Zygarde|ability: Power Construct
|detailschange|p2a: Zygarde|Zygarde-Complete
|-heal|p2a: Zygarde|53/100|[silent]
|upkeep
|turn|11
|
|t:|1663874543
|move|p2a: Zygarde|Thousand Arrows|p1a: Kyurem
|-damage|p1a: Kyurem|62/100 par
|move|p1a: Kyurem|Icicle Spear|p2a: Zygarde
|-supereffective|p2a: Zygarde
|-damage|p2a: Zygarde|32/100
|-supereffective|p2a: Zygarde
|-damage|p2a: Zygarde|9/100
|-supereffective|p2a: Zygarde
|-damage|p2a: Zygarde|0 fnt
|faint|p2a: Zygarde
|-hitcount|p2: Zygarde|3
|
|upkeep
|
|t:|1663874547
|switch|p2a: Necrozma|Necrozma-Dusk-Mane|100/100
|turn|12
|
|t:|1663874552
|switch|p1a: Groudon|Groudon-Primal|100/100 slp
|-weather|DesolateLand|[from] ability: Desolate Land|[of] p1a: Groudon
|move|p2a: Necrozma|Sunsteel Strike|p1a: Groudon
|-resisted|p1a: Groudon
|-damage|p1a: Groudon|86/100 slp
|
|-weather|DesolateLand|[upkeep]
|upkeep
|turn|13
|
|t:|1663874557
|switch|p2a: Yveltal|Yveltal, shiny|100/100
|-ability|p2a: Yveltal|Dark Aura
|cant|p1a: Groudon|slp
|move|p1a: Groudon|Sleep Talk|p1a: Groudon
|move|p1a: Groudon|Rest||[from]move: Sleep Talk|[still]
|-fail|p1a: Groudon
|
|-weather|DesolateLand|[upkeep]
|upkeep
|turn|14
|
|t:|1663874561
|-weather|none
|switch|p1a: Kyurem|Kyurem-Black, shiny|62/100 par
|-ability|p1a: Kyurem|Teravolt
|-start|p2a: Yveltal|Dynamax|
|-heal|p2a: Yveltal|100/100|[silent]
|move|p2a: Yveltal|Max Airstream|p1a: Kyurem
|-damage|p1a: Kyurem|0 fnt
|-boost|p2a: Yveltal|spe|1
|faint|p1a: Kyurem
|-damage|p2a: Yveltal|96/100|[from] item: Life Orb
|
|upkeep
|
|t:|1663874569
|switch|p1a: Yveltal|Yveltal|100/100
|-ability|p1a: Yveltal|Dark Aura
|turn|15
|
|t:|1663874572
|-start|p1a: Yveltal|Dynamax|
|-heal|p1a: Yveltal|100/100|[silent]
|move|p2a: Yveltal|Max Airstream|p1a: Yveltal
|-damage|p1a: Yveltal|63/100
|-boost|p2a: Yveltal|spe|1
|-damage|p2a: Yveltal|91/100|[from] item: Life Orb
|move|p1a: Yveltal|Max Airstream|p2a: Yveltal
|-damage|p2a: Yveltal|51/100
|-boost|p1a: Yveltal|spe|1
|-damage|p1a: Yveltal|58/100|[from] item: Life Orb
|
|upkeep
|turn|16
|
|t:|1663874579
|move|p2a: Yveltal|Max Airstream|p1a: Yveltal
|-damage|p1a: Yveltal|19/100
|-boost|p2a: Yveltal|spe|1
|-damage|p2a: Yveltal|46/100|[from] item: Life Orb
|move|p1a: Yveltal|Max Airstream|p2a: Yveltal
|-damage|p2a: Yveltal|7/100
|-boost|p1a: Yveltal|spe|1
|-damage|p1a: Yveltal|14/100|[from] item: Life Orb
|
|upkeep
|-end|p2a: Yveltal|Dynamax
|-heal|p2a: Yveltal|7/100|[silent]
|turn|17
|
|t:|1663874586
|move|p1a: Yveltal|Max Guard|p1a: Yveltal
|-singleturn|p1a: Yveltal|Max Guard
|move|p2a: Yveltal|Oblivion Wing|p1a: Yveltal
|-activate|p1a: Yveltal|move: Max Guard
|
|upkeep
|-end|p1a: Yveltal|Dynamax
|-heal|p1a: Yveltal|14/100|[silent]
|turn|18
|
|t:|1663874596
|move|p2a: Yveltal|Sucker Punch|p1a: Yveltal
|-resisted|p1a: Yveltal
|-damage|p1a: Yveltal|0 fnt
|faint|p1a: Yveltal
|-damage|p2a: Yveltal|0 fnt|[from] item: Life Orb
|faint|p2a: Yveltal
|
|upkeep
|
|t:|1663874611
|switch|p1a: Groudon|Groudon-Primal|86/100 slp
|switch|p2a: Arceus|Arceus-Fairy|100/100
|-weather|DesolateLand|[from] ability: Desolate Land|[of] p1a: Groudon
|turn|19
|
|t:|1663874628
|switch|p2a: Marshadow|Marshadow|100/100
|-curestatus|p1a: Groudon|slp|[msg]
|move|p1a: Groudon|Heat Crash|p2a: Marshadow
|-enditem|p2a: Marshadow|Focus Sash
|-damage|p2a: Marshadow|1/100
|
|-weather|DesolateLand|[upkeep]
|upkeep
|turn|20
|
|t:|1663874634
|move|p2a: Marshadow|Endeavor|p1a: Groudon
|-damage|p1a: Groudon|1/100
|move|p1a: Groudon|Heat Crash|p2a: Marshadow
|-damage|p2a: Marshadow|0 fnt
|faint|p2a: Marshadow
|
|-weather|DesolateLand|[upkeep]
|upkeep
|
|t:|1663874637
|switch|p2a: Arceus|Arceus-Fairy|100/100
|turn|21
|
|t:|1663874640
|move|p2a: Arceus|Judgment|p1a: Groudon
|-resisted|p1a: Groudon
|-damage|p1a: Groudon|0 fnt
|faint|p1a: Groudon
|-weather|none
|
|upkeep
|
|t:|1663874643
|switch|p1a: Zacian|Zacian-Crowned|100/100
|-ability|p1a: Zacian|Intrepid Sword|boost
|-boost|p1a: Zacian|atk|1
|turn|22
|
|t:|1663874652
|switch|p2a: Necrozma|Necrozma-Dusk-Mane|100/100
|move|p1a: Zacian|Close Combat|p2a: Necrozma
|-crit|p2a: Necrozma
|-damage|p2a: Necrozma|31/100
|-unboost|p1a: Zacian|def|1
|-unboost|p1a: Zacian|spd|1
|-damage|p1a: Zacian|84/100|[from] item: Rocky Helmet|[of] p2a: Necrozma
|
|upkeep
|turn|23
|
|t:|1663874656
|move|p1a: Zacian|Close Combat|p2a: Necrozma
|-damage|p2a: Necrozma|0 fnt
|-unboost|p1a: Zacian|def|1
|-unboost|p1a: Zacian|spd|1
|-damage|p1a: Zacian|67/100|[from] item: Rocky Helmet|[of] p2a: Necrozma
|faint|p2a: Necrozma
|
|upkeep
|
|t:|1663874658
|switch|p2a: Arceus|Arceus-Fairy|100/100
|turn|24
|
|t:|1663874661
|move|p1a: Zacian|Behemoth Blade|p2a: Arceus
|-supereffective|p2a: Arceus
|-damage|p2a: Arceus|7/100
|move|p2a: Arceus|Judgment|p1a: Zacian
|-resisted|p1a: Zacian
|-damage|p1a: Zacian|21/100
|
|upkeep
|turn|25
|c|☆Mr_kraft_|gg
|
|t:|1663874667
|move|p1a: Zacian|Behemoth Blade|p2a: Arceus
|-supereffective|p2a: Arceus
|-damage|p2a: Arceus|0 fnt
|faint|p2a: Arceus
|
|upkeep
|
|t:|1663874676
|switch|p2a: Chansey|Chansey, F, shiny|100/100
|turn|26
|
|t:|1663874678
|move|p1a: Zacian|Close Combat|p2a: Chansey
|-supereffective|p2a: Chansey
|-damage|p2a: Chansey|4/100
|-unboost|p1a: Zacian|def|1
|-unboost|p1a: Zacian|spd|1
|move|p2a: Chansey|Seismic Toss|p1a: Zacian
|-damage|p1a: Zacian|0 fnt
|faint|p1a: Zacian
|
|upkeep
|
|t:|1663874682
|switch|p1a: Marshadow|Marshadow|100/100
|turn|27
|
|t:|1663874686
|move|p1a: Marshadow|Close Combat|p2a: Chansey
|-supereffective|p2a: Chansey
|-damage|p2a: Chansey|0 fnt
|-unboost|p1a: Marshadow|def|1
|-unboost|p1a: Marshadow|spd|1
|faint|p2a: Chansey
|
|win|Mr_kraft_
|raw|Mr_kraft_'s rating: 1678 &rarr; <strong>1695</strong><br />(+17 for winning)
|raw|Sanchos's rating: 1631 &rarr; <strong>1614</strong><br />(-17 for losing)
|l|☆Mr_kraft_
