|j|☆Quackers2446†
|j|☆Lone Thief
|t:|1599584366
|player|p1|Quackers2446†|veteran|1451
|player|p2|Lone Thief|gambler|1502
|teamsize|p1|6
|teamsize|p2|6
|gametype|singles
|gen|8
|tier|[Gen 8] National Dex AG
|rated|
|clearpoke
|poke|p1|Ferrothorn, M|
|poke|p1|Excadrill, M|
|poke|p1|Naganadel|
|poke|p1|Ditto|
|poke|p1|Zygarde|
|poke|p1|Drifblim, F|
|poke|p2|Tyranitar, M|
|poke|p2|Rayquaza|
|poke|p2|Greninja, M|
|poke|p2|Zacian-Crowned|
|poke|p2|Groudon|
|poke|p2|Deoxys-Attack|
|rule|HP Percentage Mod: HP is shown in percentages
|rule|Endless Battle Clause: Forcing endless battles is banned
|teampreview
|inactive|Battle timer is ON: inactive players will automatically lose when time's up. (requested by Lone Thief)
|c|☆Quackers2446†|:|
|c|☆Quackers2446†|oh boy.
|c|☆Lone Thief|Random Battle?
|
|t:|1599584381
|start
|switch|p1a: Weeeee|Excadrill, M|100/100
|switch|p2a: Greninja|Greninja, M|100/100
|-ability|p1a: Weeeee|Mold Breaker
|turn|1
|
|t:|1599584394
|move|p2a: Greninja|Water Shuriken|p1a: Weeeee
|-supereffective|p1a: Weeeee
|-damage|p1a: Weeeee|78/100
|-supereffective|p1a: Weeeee
|-damage|p1a: Weeeee|54/100
|-hitcount|p1a: Weeeee|2
|-damage|p2a: Greninja|91/100|[from] item: Life Orb
|move|p1a: Weeeee|Rapid Spin|p2a: Greninja
|-damage|p2a: Greninja|57/100
|-boost|p1a: Weeeee|spe|1
|
|upkeep
|turn|2
|
|t:|1599584404
|move|p2a: Greninja|Water Shuriken|p1a: Weeeee
|-supereffective|p1a: Weeeee
|-damage|p1a: Weeeee|30/100
|-supereffective|p1a: Weeeee
|-damage|p1a: Weeeee|7/100
|-supereffective|p1a: Weeeee
|-damage|p1a: Weeeee|0 fnt
|-hitcount|p1a: Weeeee|3
|-damage|p2a: Greninja|47/100|[from] item: Life Orb
|faint|p1a: Weeeee
|-activate|p2a: Greninja|ability: Battle Bond
|detailschange|p2a: Greninja|Greninja-Ash, M
|
|upkeep
|c|☆Quackers2446†|O-o
|c|☆Quackers2446†|oh no
|inactive|Quackers2446† has 120 seconds left.
|
|t:|1599584451
|switch|p1a: Pokeity Poke|Ferrothorn, M|100/100
|turn|3
|
|t:|1599584460
|switch|p2a: Groudon|Groudon|100/100
|detailschange|p2a: Groudon|Groudon-Primal
|-primal|p2a: Groudon
|-weather|DesolateLand|[from] ability: Desolate Land|[of] p2a: Groudon
|move|p1a: Pokeity Poke|Leech Seed|p2a: Groudon
|-start|p2a: Groudon|move: Leech Seed
|
|-weather|DesolateLand|[upkeep]
|-damage|p2a: Groudon|88/100|[from] Leech Seed|[of] p1a: Pokeity Poke
|upkeep
|turn|4
|
|t:|1599584470
|move|p1a: Pokeity Poke|Protect|p1a: Pokeity Poke
|-singleturn|p1a: Pokeity Poke|Protect
|move|p2a: Groudon|Fire Punch|p1a: Pokeity Poke
|-activate|p1a: Pokeity Poke|move: Protect
|
|-weather|DesolateLand|[upkeep]
|-damage|p2a: Groudon|76/100|[from] Leech Seed|[of] p1a: Pokeity Poke
|upkeep
|turn|5
|
|t:|1599584483
|switch|p1a: Zygarde|Zygarde|100/100
|move|p2a: Groudon|Fire Punch|p1a: Zygarde
|-resisted|p1a: Zygarde
|-damage|p1a: Zygarde|67/100
|
|-weather|DesolateLand|[upkeep]
|-damage|p2a: Groudon|63/100|[from] Leech Seed|[of] p1a: Zygarde
|-heal|p1a: Zygarde|80/100|[silent]
|upkeep
|turn|6
|
|t:|1599584493
|move|p1a: Zygarde|Substitute|p1a: Zygarde
|-start|p1a: Zygarde|Substitute
|-damage|p1a: Zygarde|56/100
|move|p2a: Groudon|Dragon Claw|p1a: Zygarde
|-supereffective|p1a: Zygarde
|-end|p1a: Zygarde|Substitute
|
|-weather|DesolateLand|[upkeep]
|-damage|p2a: Groudon|51/100|[from] Leech Seed|[of] p1a: Zygarde
|-heal|p1a: Zygarde|69/100|[silent]
|upkeep
|turn|7
|inactive|Quackers2446† has 120 seconds left.
|
|t:|1599584505
|-weather|none
|switch|p2a: Rayquaza|Rayquaza|100/100
|-ability|p2a: Rayquaza|Air Lock
|move|p1a: Zygarde|Substitute|p1a: Zygarde
|-start|p1a: Zygarde|Substitute
|-damage|p1a: Zygarde|44/100
|
|-activate|p1a: Zygarde|ability: Power Construct
|detailschange|p1a: Zygarde|Zygarde-Complete
|-heal|p1a: Zygarde|65/100|[silent]
|upkeep
|turn|8
|inactive|Quackers2446† has 120 seconds left.
|
|t:|1599584527
|detailschange|p2a: Rayquaza|Rayquaza-Mega
|-mega|p2a: Rayquaza|Rayquaza|
|-weather|DeltaStream|[from] ability: Delta Stream|[of] p2a: Rayquaza
|move|p2a: Rayquaza|Earthquake|p1a: Zygarde
|-end|p1a: Zygarde|Substitute
|-damage|p2a: Rayquaza|91/100|[from] item: Life Orb
|move|p1a: Zygarde|Dragon Dance|p1a: Zygarde
|-boost|p1a: Zygarde|atk|1
|-boost|p1a: Zygarde|spe|1
|
|-weather|DeltaStream|[upkeep]
|upkeep
|turn|9
|
|t:|1599584538
|-zpower|p1a: Zygarde
|move|p1a: Zygarde|Devastating Drake|p2a: Rayquaza|[zeffect]
|-supereffective|p2a: Rayquaza
|-damage|p2a: Rayquaza|0 fnt
|faint|p2a: Rayquaza
|-weather|none
|
|upkeep
|
|t:|1599584545
|switch|p2a: Greninja|Greninja-Ash, M|47/100
|turn|10
|
|t:|1599584563
|move|p2a: Greninja|Ice Beam|p1a: Zygarde
|-supereffective|p1a: Zygarde
|-damage|p1a: Zygarde|0 fnt
|-damage|p2a: Greninja|37/100|[from] item: Life Orb
|faint|p1a: Zygarde
|
|upkeep
|
|t:|1599584570
|switch|p1a: Pokeity Poke|Ferrothorn, M|100/100
|turn|11
|
|t:|1599584587
|switch|p2a: Zacian|Zacian-Crowned|100/100
|-ability|p2a: Zacian|Intrepid Sword|boost
|-boost|p2a: Zacian|atk|1
|move|p1a: Pokeity Poke|Leech Seed|p2a: Zacian
|-start|p2a: Zacian|move: Leech Seed
|
|-damage|p2a: Zacian|88/100|[from] Leech Seed|[of] p1a: Pokeity Poke
|upkeep
|turn|12
|inactive|Quackers2446† has 120 seconds left.
|
|t:|1599584597
|switch|p2a: Groudon|Groudon-Primal|51/100
|-weather|DesolateLand|[from] ability: Desolate Land|[of] p2a: Groudon
|move|p1a: Pokeity Poke|Knock Off|p2a: Groudon
|-damage|p2a: Groudon|42/100
|
|-weather|DesolateLand|[upkeep]
|upkeep
|turn|13
|inactive|Quackers2446† has 120 seconds left.
|
|t:|1599584614
|switch|p1a: Drifting Blimp|Drifblim, F|100/100
|move|p2a: Groudon|Fire Punch|p1a: Drifting Blimp
|-damage|p1a: Drifting Blimp|26/100
|-enditem|p1a: Drifting Blimp|Sitrus Berry|[eat]
|-heal|p1a: Drifting Blimp|51/100|[from] item: Sitrus Berry
|
|-weather|DesolateLand|[upkeep]
|upkeep
|turn|14
|
|t:|1599584626
|move|p1a: Drifting Blimp|Minimize|p1a: Drifting Blimp
|-boost|p1a: Drifting Blimp|evasion|2
|move|p2a: Groudon|Fire Punch|p1a: Drifting Blimp|[miss]
|-miss|p2a: Groudon|p1a: Drifting Blimp
|
|-weather|DesolateLand|[upkeep]
|upkeep
|turn|15
|
|t:|1599584632
|move|p1a: Drifting Blimp|Substitute|p1a: Drifting Blimp
|-start|p1a: Drifting Blimp|Substitute
|-damage|p1a: Drifting Blimp|26/100
|move|p2a: Groudon|Fire Punch|p1a: Drifting Blimp|[miss]
|-miss|p2a: Groudon|p1a: Drifting Blimp
|
|-weather|DesolateLand|[upkeep]
|upkeep
|turn|16
|inactive|Quackers2446† has 120 seconds left.
|
|t:|1599584638
|-weather|none
|switch|p2a: Tyranitar|Tyranitar, M|100/100
|-weather|Sandstorm|[from] ability: Sand Stream|[of] p2a: Tyranitar
|move|p1a: Drifting Blimp|Minimize|p1a: Drifting Blimp
|-boost|p1a: Drifting Blimp|evasion|2
|
|-weather|Sandstorm|[upkeep]
|-damage|p1a: Drifting Blimp|20/100|[from] Sandstorm
|upkeep
|turn|17
|
|t:|1599584647
|move|p1a: Drifting Blimp|Baton Pass|p1a: Drifting Blimp
|
|t:|1599584651
|switch|p1a: Beta Eternatus|Naganadel|100/100|[from]move: Baton Pass
|move|p2a: Tyranitar|Stealth Rock|p1a: Beta Eternatus
|-sidestart|p1: Quackers2446†|move: Stealth Rock
|
|-weather|Sandstorm|[upkeep]
|-damage|p1a: Beta Eternatus|95/100|[from] Sandstorm
|upkeep
|turn|18
|
|t:|1599584659
|move|p2a: Tyranitar|Protect|p2a: Tyranitar
|-singleturn|p2a: Tyranitar|Protect
|move|p1a: Beta Eternatus|Nasty Plot|p1a: Beta Eternatus
|-boost|p1a: Beta Eternatus|spa|2
|
|-weather|Sandstorm|[upkeep]
|-damage|p1a: Beta Eternatus|89/100|[from] Sandstorm
|upkeep
|turn|19
|
|t:|1599584677
|-end|p1a: Beta Eternatus|Substitute
|-start|p1a: Beta Eternatus|Dynamax
|-heal|p1a: Beta Eternatus|89/100|[silent]
|move|p1a: Beta Eternatus|Max Flare|p2a: Tyranitar
|-resisted|p2a: Tyranitar
|-damage|p2a: Tyranitar|70/100
|-weather|SunnyDay
|-damage|p1a: Beta Eternatus|84/100|[from] item: Life Orb
|move|p2a: Tyranitar|Dragon Tail|p1a: Beta Eternatus
|-supereffective|p1a: Beta Eternatus
|-damage|p1a: Beta Eternatus|58/100
|-block|p1a: Beta Eternatus|Dynamax
|
|-weather|SunnyDay|[upkeep]
|-heal|p2a: Tyranitar|76/100|[from] item: Leftovers
|upkeep
|turn|20
|
|t:|1599584690
|move|p2a: Tyranitar|Protect|p2a: Tyranitar
|-singleturn|p2a: Tyranitar|Protect
|move|p1a: Beta Eternatus|Max Wyrmwind|p2a: Tyranitar
|-zbroken|p2a: Tyranitar
|-damage|p2a: Tyranitar|42/100
|-unboost|p2a: Tyranitar|atk|1
|-damage|p1a: Beta Eternatus|53/100|[from] item: Life Orb
|
|-weather|SunnyDay|[upkeep]
|-heal|p2a: Tyranitar|48/100|[from] item: Leftovers
|upkeep
|turn|21
|
|t:|1599584701
|move|p1a: Beta Eternatus|Max Ooze|p2a: Tyranitar
|-resisted|p2a: Tyranitar
|-damage|p2a: Tyranitar|1/100
|-boost|p1a: Beta Eternatus|spa|1
|-damage|p1a: Beta Eternatus|48/100|[from] item: Life Orb
|move|p2a: Tyranitar|Dragon Tail|p1a: Beta Eternatus|[miss]
|-miss|p2a: Tyranitar|p1a: Beta Eternatus
|
|-weather|SunnyDay|[upkeep]
|-heal|p2a: Tyranitar|7/100|[from] item: Leftovers
|-end|p1a: Beta Eternatus|Dynamax
|-heal|p1a: Beta Eternatus|48/100|[silent]
|upkeep
|turn|22
|
|t:|1599584717
|move|p1a: Beta Eternatus|Sludge Wave|p2a: Tyranitar
|-resisted|p2a: Tyranitar
|-damage|p2a: Tyranitar|0 fnt
|-damage|p1a: Beta Eternatus|38/100|[from] item: Life Orb
|faint|p2a: Tyranitar
|-ability|p1a: Beta Eternatus|Beast Boost|boost
|-boost|p1a: Beta Eternatus|spe|1
|
|-weather|SunnyDay|[upkeep]
|upkeep
|
|t:|1599584724
|switch|p2a: Deoxys|Deoxys-Attack|100/100
|-ability|p2a: Deoxys|Pressure
|turn|23
|
|t:|1599584737
|-start|p2a: Deoxys|Dynamax
|-heal|p2a: Deoxys|100/100|[silent]
|move|p1a: Beta Eternatus|Sludge Wave|p2a: Deoxys
|-enditem|p2a: Deoxys|Focus Sash
|-damage|p2a: Deoxys|1/100
|-damage|p1a: Beta Eternatus|29/100|[from] item: Life Orb
|move|p2a: Deoxys|Max Mindstorm|p1a: Beta Eternatus
|-supereffective|p1a: Beta Eternatus
|-damage|p1a: Beta Eternatus|0 fnt
|-fieldstart|move: Psychic Terrain
|faint|p1a: Beta Eternatus
|
|-weather|none
|upkeep
|inactive|Quackers2446† has 120 seconds left.
|
|t:|1599584756
|switch|p1a: Pokeity Poke|Ferrothorn, M|100/100
|-damage|p1a: Pokeity Poke|94/100|[from] Stealth Rock
|turn|24
|inactive|Quackers2446† has 120 seconds left.
|
|t:|1599584767
|move|p2a: Deoxys|Max Flare|p1a: Pokeity Poke
|-supereffective|p1a: Pokeity Poke
|-crit|p1a: Pokeity Poke
|-damage|p1a: Pokeity Poke|0 fnt
|-weather|SunnyDay
|faint|p1a: Pokeity Poke
|
|-weather|SunnyDay|[upkeep]
|upkeep
|inactive|Quackers2446† has 120 seconds left.
|
|t:|1599584786
|switch|p1a: No U|Ditto|100/100
|-damage|p1a: No U|88/100|[from] Stealth Rock
|-transform|p1a: No U|p2a: Deoxys|[from] ability: Imposter
|-ability|p1a: No U|Pressure
|turn|25
|
|t:|1599584809
|move|p1a: No U|Drain Punch|p2a: Deoxys
|-resisted|p2a: Deoxys
|-damage|p2a: Deoxys|0 fnt
|-heal|p1a: No U|88/100|[from] drain|[of] p2a: Deoxys
|faint|p2a: Deoxys
|
|-weather|SunnyDay|[upkeep]
|upkeep
|
|t:|1599584815
|switch|p2a: Greninja|Greninja-Ash, M|37/100
|turn|26
|
|t:|1599584819
|move|p2a: Greninja|Water Shuriken|p1a: No U
|-activate|p1a: No U|move: Psychic Terrain
|move|p1a: No U|Drain Punch|p2a: Greninja
|-supereffective|p2a: Greninja
|-damage|p2a: Greninja|0 fnt
|-heal|p1a: No U|100/100|[from] drain|[of] p2a: Greninja
|faint|p2a: Greninja
|
|-weather|SunnyDay|[upkeep]
|upkeep
|
|t:|1599584827
|switch|p2a: Zacian|Zacian-Crowned|88/100
|-ability|p2a: Zacian|Intrepid Sword|boost
|-boost|p2a: Zacian|atk|1
|turn|27
|
|t:|1599584831
|switch|p1a: Drifting Blimp|Drifblim, F|20/100
|-damage|p1a: Drifting Blimp|0 fnt|[from] Stealth Rock
|faint|p1a: Drifting Blimp
|move|p2a: Zacian|Behemoth Blade|p1: Drifting Blimp|[notarget]
|-fail|p2a: Zacian
|
|-weather|SunnyDay|[upkeep]
|-fieldend|move: Psychic Terrain
|upkeep
|
|t:|1599584838
|switch|p1a: No U|Ditto|100/100
|-damage|p1a: No U|88/100|[from] Stealth Rock
|-transform|p1a: No U|p2a: Zacian|[from] ability: Imposter
|-ability|p1a: No U|Intrepid Sword|boost
|-boost|p1a: No U|atk|1
|turn|28
|inactive|Quackers2446† has 120 seconds left.
|
|t:|1599584866
|move|p1a: No U|Close Combat|p2a: Zacian
|-damage|p2a: Zacian|0 fnt
|-unboost|p1a: No U|def|1
|-unboost|p1a: No U|spd|1
|faint|p2a: Zacian
|
|-weather|none
|upkeep
|
|t:|1599584873
|switch|p2a: Groudon|Groudon-Primal|42/100
|-weather|DesolateLand|[from] ability: Desolate Land|[of] p2a: Groudon
|turn|29
|
|t:|1599584877
|move|p1a: No U|Close Combat|p2a: Groudon
|-damage|p2a: Groudon|0 fnt
|-unboost|p1a: No U|def|1
|-unboost|p1a: No U|spd|1
|faint|p2a: Groudon
|-weather|none
|
|win|Quackers2446†
|c|☆Quackers2446†|Gg wp
|l|☆Lone Thief
||Ladder (probably) updated, but score could not be retrieved (Request timeout).
