|j|☆Leafstorm121❤
|j|☆Malote10p
|inactive|Battle timer is ON: inactive players will automatically lose when time's up.
|t:|1666403237
|gametype|singles
|player|p1|Leafstorm121❤|sina|
|player|p2|Malote10p|veteran|
|teamsize|p1|6
|teamsize|p2|6
|gen|8
|tier|[Gen 8] National Dex AG
|rated|Tournament battle
|rule|HP Percentage Mod: HP is shown in percentages
|rule|Endless Battle Clause: Forcing endless battles is banned
|clearpoke
|poke|p1|Smeargle, M|
|poke|p1|Rayquaza|
|poke|p1|Groudon|
|poke|p1|Yveltal|
|poke|p1|Arceus-*|
|poke|p1|Calyrex-Shadow|
|poke|p2|Froslass, F|
|poke|p2|Glaceon, M|
|poke|p2|Lapras, M|
|poke|p2|Mamoswine, F|
|poke|p2|Weavile, M|
|poke|p2|Silvally-*|
|teampreview
|
|t:|1666403264
|start
|switch|p1a: Groudon|Groudon|100/100
|switch|p2a: Mamoswine|Mamoswine, F|100/100
|detailschange|p1a: Groudon|Groudon-Primal
|-primal|p1a: Groudon
|-weather|DesolateLand|[from] ability: Desolate Land|[of] p1a: Groudon
|turn|1
|j| Fedi fedi
|inactive|Malote10p has 120 seconds left.
|
|t:|1666403301
|move|p1a: Groudon|Stealth Rock|p2a: Mamoswine
|-sidestart|p2: Malote10p|move: Stealth Rock
|move|p2a: Mamoswine|Stealth Rock|p1a: Groudon
|-sidestart|p1: Leafstorm121❤|move: Stealth Rock
|
|-weather|DesolateLand|[upkeep]
|upkeep
|turn|2
|inactive|Malote10p has 120 seconds left.
|
|t:|1666403318
|move|p1a: Groudon|Eruption|p2a: Mamoswine
|-supereffective|p2a: Mamoswine
|-enditem|p2a: Mamoswine|Focus Sash
|-damage|p2a: Mamoswine|1/100
|move|p2a: Mamoswine|Knock Off|p1a: Groudon
|-damage|p1a: Groudon|84/100
|
|-weather|DesolateLand|[upkeep]
|upkeep
|turn|3
|
|t:|1666403339
|move|p2a: Mamoswine|Ice Shard|p1a: Groudon
|-damage|p1a: Groudon|71/100
|move|p1a: Groudon|Eruption|p2a: Mamoswine
|-supereffective|p2a: Mamoswine
|-damage|p2a: Mamoswine|0 fnt
|faint|p2a: Mamoswine
|
|-weather|DesolateLand|[upkeep]
|upkeep
|inactive|Malote10p has 90 seconds left.
|
|t:|1666403366
|switch|p2a: Lapras|Lapras, M, shiny|100/100
|-damage|p2a: Lapras|76/100|[from] Stealth Rock
|turn|4
|
|t:|1666403374
|-start|p2a: Lapras|Dynamax|
|-heal|p2a: Lapras|76/100|[silent]
|move|p1a: Groudon|Eruption|p2a: Lapras
|-damage|p2a: Lapras|45/100
|move|p2a: Lapras|Max Geyser||[still]
|-fail|p2a: Lapras|Max Geyser|[from] Desolate Land
|
|-weather|DesolateLand|[upkeep]
|-heal|p2a: Lapras|48/100|[from] item: Leftovers
|upkeep
|turn|5
|inactive|Malote10p has 90 seconds left.
|
|t:|1666403404
|move|p1a: Groudon|Eruption|p2a: Lapras
|-damage|p2a: Lapras|19/100
|move|p2a: Lapras|Max Geyser||[still]
|-fail|p2a: Lapras|Max Geyser|[from] Desolate Land
|
|-weather|DesolateLand|[upkeep]
|-heal|p2a: Lapras|22/100|[from] item: Leftovers
|upkeep
|turn|6
|inactive|Malote10p has 60 seconds left.
|
|t:|1666403425
|move|p2a: Lapras|Max Guard|p2a: Lapras
|-singleturn|p2a: Lapras|Max Guard
|move|p1a: Groudon|Eruption|p2a: Lapras
|-activate|p2a: Lapras|move: Max Guard
|
|-weather|DesolateLand|[upkeep]
|-heal|p2a: Lapras|25/100|[from] item: Leftovers
|upkeep
|-end|p2a: Lapras|Dynamax
|-heal|p2a: Lapras|25/100|[silent]
|turn|7
|inactive|Malote10p has 60 seconds left.
|
|t:|1666403436
|move|p1a: Groudon|Eruption|p2a: Lapras
|-damage|p2a: Lapras|0 fnt
|faint|p2a: Lapras
|
|-weather|DesolateLand|[upkeep]
|upkeep
|
|t:|1666403455
|switch|p2a: Froslass|Froslass, F, shiny|100/100
|-damage|p2a: Froslass|76/100|[from] Stealth Rock
|turn|8
|
|t:|1666403461
|move|p2a: Froslass|Destiny Bond|p2a: Froslass
|-singlemove|p2a: Froslass|Destiny Bond
|move|p1a: Groudon|Eruption|p2a: Froslass
|-supereffective|p2a: Froslass
|-damage|p2a: Froslass|0 fnt
|-start|p1a: Groudon|Disable|Eruption|[from] ability: Cursed Body|[of] p2a: Froslass
|faint|p2a: Froslass
|-activate|p2a: Froslass|move: Destiny Bond
|faint|p1a: Groudon
|-weather|none
|
|upkeep
|inactive|Malote10p has 60 seconds left.
|
|t:|1666403482
|switch|p2a: Silvally|Silvally-Ice|100/100
|switch|p1a: Rayquaza|Rayquaza|100/100
|-damage|p2a: Silvally|76/100|[from] Stealth Rock
|-damage|p1a: Rayquaza|76/100|[from] Stealth Rock
|-ability|p1a: Rayquaza|Air Lock
|turn|9
|
|t:|1666403490
|detailschange|p1a: Rayquaza|Rayquaza-Mega
|-mega|p1a: Rayquaza|Rayquaza|
|-weather|DeltaStream|[from] ability: Delta Stream|[of] p1a: Rayquaza
|move|p1a: Rayquaza|Dragon Ascent|p2a: Silvally
|-damage|p2a: Silvally|0 fnt
|-unboost|p1a: Rayquaza|def|1
|-unboost|p1a: Rayquaza|spd|1
|faint|p2a: Silvally
|-damage|p1a: Rayquaza|66/100|[from] item: Life Orb
|
|-weather|DeltaStream|[upkeep]
|upkeep
|
|t:|1666403500
|switch|p2a: Weavile|Weavile, M, shiny|100/100
|-damage|p2a: Weavile|76/100|[from] Stealth Rock
|-ability|p2a: Weavile|Pressure
|turn|10
|
|t:|1666403506
|move|p1a: Rayquaza|Extreme Speed|p2a: Weavile
|-damage|p2a: Weavile|3/100
|-damage|p1a: Rayquaza|56/100|[from] item: Life Orb
|move|p2a: Weavile|Ice Beam|p1a: Rayquaza
|-activate||deltastream
|-supereffective|p1a: Rayquaza
|-damage|p1a: Rayquaza|11/100
|
|-weather|DeltaStream|[upkeep]
|upkeep
|turn|11
|j|^adftest
|inactive|Malote10p has 60 seconds left.
|l|^adftest
|
|t:|1666403530
|move|p1a: Rayquaza|Extreme Speed|p2a: Weavile
|-damage|p2a: Weavile|0 fnt
|faint|p2a: Weavile
|-damage|p1a: Rayquaza|1/100|[from] item: Life Orb
|
|-weather|DeltaStream|[upkeep]
|upkeep
|
|t:|1666403535
|switch|p2a: Glaceon|Glaceon, M, shiny|100/100
|-damage|p2a: Glaceon|76/100|[from] Stealth Rock
|turn|12
|
|t:|1666403542
|move|p2a: Glaceon|Protect|p2a: Glaceon
|-singleturn|p2a: Glaceon|Protect
|move|p1a: Rayquaza|Dragon Ascent|p2a: Glaceon
|-activate|p2a: Glaceon|move: Protect
|
|-weather|DeltaStream|[upkeep]
|upkeep
|turn|13
|inactive|Malote10p has 60 seconds left.
|
|t:|1666403550
|move|p1a: Rayquaza|Dragon Ascent|p2a: Glaceon
|-damage|p2a: Glaceon|0 fnt
|-unboost|p1a: Rayquaza|def|1
|-unboost|p1a: Rayquaza|spd|1
|faint|p2a: Glaceon
|-damage|p1a: Rayquaza|0 fnt|[from] item: Life Orb
|faint|p1a: Rayquaza
|-weather|none
|
|win|Leafstorm121❤
|n|☆Leafstorm121❤|leafstorm121
|n|☆Malote10p|malote10p
|n| Fedi fedi|fedifedi
|l|☆Malote10p
|l|☆Leafstorm121❤
|j| adftest
