|j|☆xLeonisx
|j|☆Aquatic Shelter
|t:|1662357518
|gametype|singles
|player|p1|xLeonisx|2|1676
|player|p2|Aquatic Shelter|kahili|1764
|teamsize|p1|6
|teamsize|p2|6
|gen|8
|tier|[Gen 8] National Dex AG
|rated|
|rule|HP Percentage Mod: HP is shown in percentages
|rule|Endless Battle Clause: Forcing endless battles is banned
|clearpoke
|poke|p1|Deoxys-Speed|
|poke|p1|Ditto|
|poke|p1|Kyogre|
|poke|p1|Calyrex-Shadow|
|poke|p1|Lugia|
|poke|p1|Zacian-*|
|poke|p2|Ditto|
|poke|p2|Kyogre|
|poke|p2|Yveltal|
|poke|p2|Quagsire, F|
|poke|p2|Rayquaza|
|poke|p2|Tyranitar, F|
|teampreview
|inactive|Battle timer is ON: inactive players will automatically lose when time's up. (requested by xLeonisx)
|
|t:|1662357534
|start
|switch|p1a: Lugia|Lugia|100/100
|switch|p2a: Tyranitar|Tyranitar, F|100/100
|-weather|Sandstorm|[from] ability: Sand Stream|[of] p2a: Tyranitar
|turn|1
|
|t:|1662357546
|move|p1a: Lugia|Toxic|p2a: Tyranitar
|-status|p2a: Tyranitar|tox
|move|p2a: Tyranitar|Thunder Wave|p1a: Lugia
|-status|p1a: Lugia|par
|
|-weather|Sandstorm|[upkeep]
|-damage|p1a: Lugia|94/100 par|[from] Sandstorm
|-damage|p2a: Tyranitar|94/100 tox|[from] psn
|upkeep
|turn|2
|
|t:|1662357560
|move|p1a: Lugia|Roost|p1a: Lugia
|-heal|p1a: Lugia|100/100 par
|-singleturn|p1a: Lugia|move: Roost
|move|p2a: Tyranitar|Rock Tomb|p1a: Lugia
|-damage|p1a: Lugia|92/100 par
|-unboost|p1a: Lugia|spe|1
|
|-weather|Sandstorm|[upkeep]
|-damage|p1a: Lugia|86/100 par|[from] Sandstorm
|-damage|p2a: Tyranitar|82/100 tox|[from] psn
|upkeep
|turn|3
|j| rahull
|
|t:|1662357576
|move|p2a: Tyranitar|Stealth Rock|p1a: Lugia
|-sidestart|p1: xLeonisx|move: Stealth Rock
|move|p1a: Lugia|Roost|p1a: Lugia
|-heal|p1a: Lugia|100/100 par
|-singleturn|p1a: Lugia|move: Roost
|
|-weather|Sandstorm|[upkeep]
|-damage|p1a: Lugia|94/100 par|[from] Sandstorm
|-damage|p2a: Tyranitar|63/100 tox|[from] psn
|upkeep
|turn|4
|
|t:|1662357590
|switch|p2a: Cá cá|Kyogre|100/100
|-weather|RainDance|[from] ability: Drizzle|[of] p2a: Cá cá
|cant|p1a: Lugia|par
|
|-weather|RainDance|[upkeep]
|upkeep
|turn|5
|
|t:|1662357602
|-start|p2a: Cá cá|Dynamax|
|-heal|p2a: Cá cá|100/100|[silent]
|move|p2a: Cá cá|Max Lightning|p1a: Lugia
|-supereffective|p1a: Lugia
|-damage|p1a: Lugia|31/100 par
|-fieldstart|move: Electric Terrain
|cant|p1a: Lugia|par
|
|-weather|RainDance|[upkeep]
|upkeep
|turn|6
|
|t:|1662357615
|move|p2a: Cá cá|Max Lightning|p1a: Lugia
|-supereffective|p1a: Lugia
|-damage|p1a: Lugia|0 fnt
|faint|p1a: Lugia
|
|-weather|RainDance|[upkeep]
|upkeep
|
|t:|1662357618
|switch|p1a: Deoxys|Deoxys-Speed|100/100
|-damage|p1a: Deoxys|88/100|[from] Stealth Rock
|-ability|p1a: Deoxys|Pressure
|turn|7
|
|t:|1662357631
|move|p1a: Deoxys|Thunder Wave|p2a: Cá cá
|-status|p2a: Cá cá|par
|move|p2a: Cá cá|Max Geyser|p1a: Deoxys
|-damage|p1a: Deoxys|0 fnt
|faint|p1a: Deoxys
|
|-weather|RainDance|[upkeep]
|upkeep
|
|t:|1662357638
|switch|p1a: Kyogre|Kyogre|100/100
|-damage|p1a: Kyogre|88/100|[from] Stealth Rock
|detailschange|p1a: Kyogre|Kyogre-Primal
|-primal|p1a: Kyogre
|-weather|PrimordialSea|[from] ability: Primordial Sea|[of] p1a: Kyogre
|-end|p2a: Cá cá|Dynamax
|-heal|p2a: Cá cá|100/100 par|[silent]
|turn|8
|
|t:|1662357663
|move|p1a: Kyogre|Thunder|p2a: Cá cá
|-supereffective|p2a: Cá cá
|-damage|p2a: Cá cá|0 fnt
|faint|p2a: Cá cá
|
|-weather|PrimordialSea|[upkeep]
|upkeep
|
|t:|1662357671
|switch|p2a: Đít to|Ditto|100/100
|-transform|p2a: Đít to|p1a: Kyogre|[from] ability: Imposter
|turn|9
|
|t:|1662357678
|move|p2a: Đít to|Thunder|p1a: Kyogre
|-supereffective|p1a: Kyogre
|-damage|p1a: Kyogre|1/100
|move|p1a: Kyogre|Thunder|p2a: Đít to
|-supereffective|p2a: Đít to
|-crit|p2a: Đít to
|-damage|p2a: Đít to|0 fnt
|faint|p2a: Đít to
|
|-weather|PrimordialSea|[upkeep]
|-fieldend|move: Electric Terrain
|upkeep
|
|t:|1662357691
|switch|p2a: Chym dàk|Yveltal|100/100
|-ability|p2a: Chym dàk|Dark Aura
|turn|10
|
|t:|1662357697
|move|p2a: Chym dàk|Sucker Punch|p1a: Kyogre
|-damage|p1a: Kyogre|0 fnt
|faint|p1a: Kyogre
|-weather|none
|
|upkeep
|
|t:|1662357706
|switch|p1a: Zacian|Zacian-Crowned|100/100
|-damage|p1a: Zacian|94/100|[from] Stealth Rock
|-ability|p1a: Zacian|Intrepid Sword|boost
|-boost|p1a: Zacian|atk|1
|turn|11
|
|t:|1662357713
|switch|p1a: Calyrex|Calyrex-Shadow|100/100
|-ability|p1a: Calyrex|As One
|-ability|p1a: Calyrex|Unnerve
|-damage|p1a: Calyrex|88/100|[from] Stealth Rock
|switch|p2a: Vua lì đòn|Quagsire, F, shiny|100/100
|
|upkeep
|turn|12
|j| AMODN65
|
|t:|1662357726
|switch|p2a: Tyranitar|Tyranitar, F|63/100 tox
|-weather|Sandstorm|[from] ability: Sand Stream|[of] p2a: Tyranitar
|-start|p1a: Calyrex|Dynamax|
|-heal|p1a: Calyrex|88/100|[silent]
|move|p1a: Calyrex|Max Starfall|p2a: Tyranitar
|-supereffective|p2a: Tyranitar
|-damage|p2a: Tyranitar|27/100 tox
|-fieldstart|move: Misty Terrain
|
|-weather|Sandstorm|[upkeep]
|-damage|p1a: Calyrex|85/100|[from] Sandstorm
|-damage|p2a: Tyranitar|21/100 tox|[from] psn
|upkeep
|turn|13
|
|t:|1662357743
|move|p1a: Calyrex|Max Starfall|p2a: Tyranitar
|-supereffective|p2a: Tyranitar
|-damage|p2a: Tyranitar|0 fnt
|faint|p2a: Tyranitar
|-ability|p1a: Calyrex|Grim Neigh|boost
|-boost|p1a: Calyrex|spa|1
|
|-weather|Sandstorm|[upkeep]
|-damage|p1a: Calyrex|82/100|[from] Sandstorm
|upkeep
|
|t:|1662357754
|switch|p2a: Chym dàk|Yveltal|100/100
|-ability|p2a: Chym dàk|Dark Aura
|turn|14
|
|t:|1662357760
|move|p1a: Calyrex|Max Guard|p1a: Calyrex
|-singleturn|p1a: Calyrex|Max Guard
|move|p2a: Chym dàk|Sucker Punch||[still]
|-fail|p2a: Chym dàk
|
|-weather|Sandstorm|[upkeep]
|-damage|p1a: Calyrex|79/100|[from] Sandstorm
|-damage|p2a: Chym dàk|94/100|[from] Sandstorm
|upkeep
|-end|p1a: Calyrex|Dynamax
|-heal|p1a: Calyrex|79/100|[silent]
|turn|15
|l| AMODN65
|
|t:|1662357773
|move|p1a: Calyrex|Trick|p2a: Chym dàk
|-activate|p1a: Calyrex|move: Trick|[of] p2a: Chym dàk
|-item|p2a: Chym dàk|Choice Scarf|[from] move: Trick
|-item|p1a: Calyrex|Heavy-Duty Boots|[from] move: Trick
|move|p2a: Chym dàk|Heat Wave|p1a: Calyrex
|-damage|p1a: Calyrex|46/100
|
|-weather|Sandstorm|[upkeep]
|-damage|p2a: Chym dàk|88/100|[from] Sandstorm
|-damage|p1a: Calyrex|40/100|[from] Sandstorm
|upkeep
|turn|16
|
|t:|1662357784
|move|p2a: Chym dàk|Heat Wave|p1a: Calyrex
|-damage|p1a: Calyrex|4/100
|move|p1a: Calyrex|Draining Kiss|p2a: Chym dàk
|-supereffective|p2a: Chym dàk
|-damage|p2a: Chym dàk|28/100
|-heal|p1a: Calyrex|56/100|[from] drain|[of] p2a: Chym dàk
|
|-weather|none
|-fieldend|Misty Terrain
|upkeep
|turn|17
|
|t:|1662357796
|move|p2a: Chym dàk|Heat Wave|p1a: Calyrex
|-damage|p1a: Calyrex|24/100
|move|p1a: Calyrex|Draining Kiss|p2a: Chym dàk
|-supereffective|p2a: Chym dàk
|-damage|p2a: Chym dàk|0 fnt
|-heal|p1a: Calyrex|48/100|[from] drain|[of] p2a: Chym dàk
|faint|p2a: Chym dàk
|-ability|p1a: Calyrex|Grim Neigh|boost
|-boost|p1a: Calyrex|spa|1
|
|upkeep
|c|☆xLeonisx|u got merked
|c|☆xLeonisx|at the end
|
|t:|1662357809
|switch|p2a: Giun xanh|Rayquaza|100/100
|-ability|p2a: Giun xanh|Air Lock
|turn|18
|
|t:|1662357819
|detailschange|p2a: Giun xanh|Rayquaza-Mega
|-mega|p2a: Giun xanh|Rayquaza|
|-weather|DeltaStream|[from] ability: Delta Stream|[of] p2a: Giun xanh
|move|p1a: Calyrex|Astral Barrage|p2a: Giun xanh
|-enditem|p2a: Giun xanh|Focus Sash
|-damage|p2a: Giun xanh|1/100
|move|p2a: Giun xanh|Dragon Ascent|p1a: Calyrex
|-damage|p1a: Calyrex|0 fnt
|-unboost|p2a: Giun xanh|def|1
|-unboost|p2a: Giun xanh|spd|1
|faint|p1a: Calyrex
|
|-weather|DeltaStream|[upkeep]
|upkeep
|
|t:|1662357828
|switch|p1a: Ditto|Ditto|100/100
|-damage|p1a: Ditto|88/100|[from] Stealth Rock
|-transform|p1a: Ditto|p2a: Giun xanh|[from] ability: Imposter
|turn|19
|
|t:|1662357842
|move|p1a: Ditto|Extreme Speed|p2a: Giun xanh
|-damage|p2a: Giun xanh|0 fnt
|faint|p2a: Giun xanh
|
|-weather|DeltaStream|[upkeep]
|upkeep
|
|t:|1662357849
|switch|p2a: Vua lì đòn|Quagsire, F, shiny|100/100
|turn|20
|
|t:|1662357853
|move|p1a: Ditto|Extreme Speed|p2a: Vua lì đòn
|-damage|p2a: Vua lì đòn|77/100
|move|p2a: Vua lì đòn|Scald|p1a: Ditto
|-resisted|p1a: Ditto
|-damage|p1a: Ditto|79/100
|
|-weather|DeltaStream|[upkeep]
|-heal|p2a: Vua lì đòn|83/100|[from] item: Leftovers
|upkeep
|turn|21
|
|t:|1662357863
|-weather|none
|switch|p1a: Zacian|Zacian-Crowned|94/100
|-damage|p1a: Zacian|88/100|[from] Stealth Rock
|-ability|p1a: Zacian|Intrepid Sword|boost
|-boost|p1a: Zacian|atk|1
|move|p2a: Vua lì đòn|Toxic|p1a: Zacian
|-immune|p1a: Zacian
|
|-heal|p2a: Vua lì đòn|89/100|[from] item: Leftovers
|upkeep
|turn|22
|
|t:|1662357876
|switch|p1a: Ditto|Ditto|79/100
|-damage|p1a: Ditto|67/100|[from] Stealth Rock
|-transform|p1a: Ditto|p2a: Vua lì đòn|[from] ability: Imposter
|move|p2a: Vua lì đòn|Earthquake|p1a: Ditto
|-damage|p1a: Ditto|41/100
|
|-heal|p2a: Vua lì đòn|95/100|[from] item: Leftovers
|upkeep
|turn|23
|
|t:|1662357888
|move|p1a: Ditto|Toxic|p2a: Vua lì đòn|[miss]
|-miss|p1a: Ditto|p2a: Vua lì đòn
|move|p2a: Vua lì đòn|Toxic|p1a: Ditto
|-status|p1a: Ditto|tox
|
|-heal|p2a: Vua lì đòn|100/100|[from] item: Leftovers
|-damage|p1a: Ditto|35/100 tox|[from] psn
|upkeep
|turn|24
|c|☆xLeonisx|wow
|
|t:|1662357900
|move|p1a: Ditto|Toxic|p2a: Vua lì đòn
|-status|p2a: Vua lì đòn|tox
|move|p2a: Vua lì đòn|Earthquake|p1a: Ditto
|-damage|p1a: Ditto|6/100 tox
|
|-damage|p1a: Ditto|0 fnt|[from] psn
|faint|p1a: Ditto
|-damage|p2a: Vua lì đòn|94/100 tox|[from] psn
|upkeep
|
|t:|1662357903
|switch|p1a: Zacian|Zacian-Crowned|88/100
|-damage|p1a: Zacian|82/100|[from] Stealth Rock
|-ability|p1a: Zacian|Intrepid Sword|boost
|-boost|p1a: Zacian|atk|1
|turn|25
|l| rahull
|
|t:|1662357917
|move|p1a: Zacian|Close Combat|p2a: Vua lì đòn
|-damage|p2a: Vua lì đòn|57/100 tox
|-unboost|p1a: Zacian|def|1
|-unboost|p1a: Zacian|spd|1
|move|p2a: Vua lì đòn|Earthquake|p1a: Zacian
|-supereffective|p1a: Zacian
|-damage|p1a: Zacian|25/100
|
|-heal|p2a: Vua lì đòn|63/100 tox|[from] item: Leftovers
|-damage|p2a: Vua lì đòn|51/100 tox|[from] psn
|upkeep
|turn|26
|
|t:|1662357931
|move|p1a: Zacian|Close Combat|p2a: Vua lì đòn
|-damage|p2a: Vua lì đòn|18/100 tox
|-unboost|p1a: Zacian|def|1
|-unboost|p1a: Zacian|spd|1
|move|p2a: Vua lì đòn|Earthquake|p1a: Zacian
|-supereffective|p1a: Zacian
|-damage|p1a: Zacian|0 fnt
|faint|p1a: Zacian
|
|win|Aquatic Shelter
|raw|xLeonisx's rating: 1676 &rarr; <strong>1661</strong><br />(-15 for losing)
|raw|Aquatic Shelter's rating: 1764 &rarr; <strong>1779</strong><br />(+15 for winning)
|c|☆xLeonisx|crazy how u win off that toxic miss
|l|☆xLeonisx
