|j|☆shenGT
|j|☆Nobodi_Nowan
|t:|1651231360
|gametype|singles
|player|p1|shenGT|nate|1494
|player|p2|Nobodi_Nowan|dawn|1619
|teamsize|p1|6
|teamsize|p2|6
|gen|8
|tier|[Gen 8] National Dex AG
|rated|
|rule|HP Percentage Mod: HP is shown in percentages
|rule|Endless Battle Clause: Forcing endless battles is banned
|clearpoke
|poke|p1|Necrozma-Dawn-Wings|
|poke|p1|Calyrex-Shadow|
|poke|p1|Zacian-*|
|poke|p1|Zamazenta-*|
|poke|p1|Groudon|
|poke|p1|Kyogre|
|poke|p2|Victini|
|poke|p2|Cottonee, L1, F|
|poke|p2|Pineco, L1, M|
|poke|p2|Aron, L1, M|
|poke|p2|Togedemaru, L1, F|
|poke|p2|Arceus-*|
|teampreview
|inactive|Battle timer is ON: inactive players will automatically lose when time's up. (requested by shenGT)
|
|t:|1651231394
|start
|switch|p1a: Kyogre|Kyogre, shiny|100/100
|switch|p2a: Pineco|Pineco, L1, M|100/100
|detailschange|p1a: Kyogre|Kyogre-Primal, shiny
|-primal|p1a: Kyogre
|-weather|PrimordialSea|[from] ability: Primordial Sea|[of] p1a: Kyogre
|turn|1
|
|t:|1651231404
|move|p1a: Kyogre|Water Spout|p2a: Pineco
|-ability|p2a: Pineco|Sturdy
|-damage|p2a: Pineco|9/100
|-enditem|p2a: Pineco|Berry Juice
|-heal|p2a: Pineco|100/100|[from] item: Berry Juice
|move|p2a: Pineco|Toxic Spikes|p1a: Kyogre
|-sidestart|p1: shenGT|move: Toxic Spikes
|
|-weather|PrimordialSea|[upkeep]
|upkeep
|turn|2
|c|☆Nobodi_Nowan|glhf
|
|t:|1651231413
|move|p1a: Kyogre|Water Spout|p2a: Pineco
|-ability|p2a: Pineco|Sturdy
|-damage|p2a: Pineco|9/100
|move|p2a: Pineco|Pain Split|p1a: Kyogre
|-sethp|p1a: Kyogre|51/100|[from] move: Pain Split|[silent]
|-sethp|p2a: Pineco|100/100|[from] move: Pain Split
|
|-weather|PrimordialSea|[upkeep]
|upkeep
|turn|3
|
|t:|1651231425
|move|p2a: Pineco|Protect|p2a: Pineco
|-singleturn|p2a: Pineco|Protect
|move|p1a: Kyogre|Water Spout|p2a: Pineco
|-activate|p2a: Pineco|move: Protect
|
|-weather|PrimordialSea|[upkeep]
|upkeep
|turn|4
|
|t:|1651231431
|move|p1a: Kyogre|Water Spout|p2a: Pineco
|-ability|p2a: Pineco|Sturdy
|-damage|p2a: Pineco|9/100
|move|p2a: Pineco|Pain Split|p1a: Kyogre
|-sethp|p1a: Kyogre|26/100|[from] move: Pain Split|[silent]
|-sethp|p2a: Pineco|100/100|[from] move: Pain Split
|
|-weather|PrimordialSea|[upkeep]
|upkeep
|turn|5
|
|t:|1651231441
|move|p1a: Kyogre|Water Spout|p2a: Pineco
|-ability|p2a: Pineco|Sturdy
|-damage|p2a: Pineco|9/100
|move|p2a: Pineco|Pain Split|p1a: Kyogre
|-sethp|p1a: Kyogre|13/100|[from] move: Pain Split|[silent]
|-sethp|p2a: Pineco|100/100|[from] move: Pain Split
|
|-weather|PrimordialSea|[upkeep]
|upkeep
|turn|6
|
|t:|1651231451
|move|p1a: Kyogre|Water Spout|p2a: Pineco
|-ability|p2a: Pineco|Sturdy
|-damage|p2a: Pineco|9/100
|move|p2a: Pineco|Toxic Spikes|p1a: Kyogre
|-sidestart|p1: shenGT|move: Toxic Spikes
|
|-weather|PrimordialSea|[upkeep]
|upkeep
|turn|7
|
|t:|1651231460
|move|p2a: Pineco|Protect|p2a: Pineco
|-singleturn|p2a: Pineco|Protect
|move|p1a: Kyogre|Water Spout|p2a: Pineco
|-activate|p2a: Pineco|move: Protect
|
|-weather|PrimordialSea|[upkeep]
|upkeep
|turn|8
|
|t:|1651231473
|move|p1a: Kyogre|Water Spout|p2a: Pineco
|-damage|p2a: Pineco|0 fnt
|faint|p2a: Pineco
|
|-weather|PrimordialSea|[upkeep]
|upkeep
|
|t:|1651231479
|switch|p2a: Arceus|Arceus-Dark|100/100
|turn|9
|
|t:|1651231486
|move|p2a: Arceus|Calm Mind|p2a: Arceus
|-boost|p2a: Arceus|spa|1
|-boost|p2a: Arceus|spd|1
|move|p1a: Kyogre|Origin Pulse|p2a: Arceus|[miss]
|-miss|p1a: Kyogre|p2a: Arceus
|
|-weather|PrimordialSea|[upkeep]
|upkeep
|turn|10
|
|t:|1651231495
|move|p2a: Arceus|Calm Mind|p2a: Arceus
|-boost|p2a: Arceus|spa|1
|-boost|p2a: Arceus|spd|1
|move|p1a: Kyogre|Origin Pulse|p2a: Arceus
|-damage|p2a: Arceus|56/100
|
|-weather|PrimordialSea|[upkeep]
|upkeep
|turn|11
|
|t:|1651231501
|move|p2a: Arceus|Calm Mind|p2a: Arceus
|-boost|p2a: Arceus|spa|1
|-boost|p2a: Arceus|spd|1
|move|p1a: Kyogre|Origin Pulse|p2a: Arceus
|-crit|p2a: Arceus
|-damage|p2a: Arceus|0 fnt
|faint|p2a: Arceus
|
|-weather|PrimordialSea|[upkeep]
|upkeep
|
|t:|1651231508
|switch|p2a: Victini|Victini|100/100
|turn|12
|
|t:|1651231512
|move|p2a: Victini|U-turn|p1a: Kyogre
|-damage|p1a: Kyogre|0 fnt
|faint|p1a: Kyogre
|-weather|none
|
|t:|1651231521
|switch|p2a: Cottonee|Cottonee, L1, F|100/100|[from]move: U-turn
|
|upkeep
|inactiveoff|Battle timer is now OFF.
|
|t:|1651231526
|switch|p1a: Zacian|Zacian-Crowned, shiny|100/100
|-ability|p1a: Zacian|Intrepid Sword|boost
|-boost|p1a: Zacian|atk|1
|turn|13
|
|t:|1651231532
|move|p2a: Cottonee|Leech Seed|p1a: Zacian
|-start|p1a: Zacian|move: Leech Seed
|move|p1a: Zacian|Behemoth Blade|p2a: Cottonee
|-supereffective|p2a: Cottonee
|-enditem|p2a: Cottonee|Focus Sash
|-damage|p2a: Cottonee|9/100
|
|-damage|p1a: Zacian|88/100|[from] Leech Seed|[of] p2a: Cottonee
|-heal|p2a: Cottonee|100/100|[silent]
|upkeep
|turn|14
|
|t:|1651231548
|switch|p1a: Groudon|Groudon, shiny|100/100
|-status|p1a: Groudon|tox
|detailschange|p1a: Groudon|Groudon-Primal, shiny
|-primal|p1a: Groudon
|-weather|DesolateLand|[from] ability: Desolate Land|[of] p1a: Groudon
|move|p2a: Cottonee|Substitute|p2a: Cottonee
|-start|p2a: Cottonee|Substitute
|-damage|p2a: Cottonee|75/100
|
|-weather|DesolateLand|[upkeep]
|-damage|p1a: Groudon|94/100 tox|[from] psn
|upkeep
|turn|15
|
|t:|1651231560
|move|p2a: Cottonee|Protect|p2a: Cottonee
|-singleturn|p2a: Cottonee|Protect
|move|p1a: Groudon|Fire Punch|p2a: Cottonee
|-activate|p2a: Cottonee|move: Protect
|
|-weather|DesolateLand|[upkeep]
|-damage|p1a: Groudon|82/100 tox|[from] psn
|upkeep
|turn|16
|
|t:|1651231568
|move|p2a: Cottonee|Leech Seed|p1a: Groudon
|-start|p1a: Groudon|move: Leech Seed
|move|p1a: Groudon|Fire Punch|p2a: Cottonee
|-supereffective|p2a: Cottonee
|-end|p2a: Cottonee|Substitute
|
|-weather|DesolateLand|[upkeep]
|-damage|p1a: Groudon|70/100 tox|[from] Leech Seed|[of] p2a: Cottonee
|-heal|p2a: Cottonee|100/100|[silent]
|-damage|p1a: Groudon|51/100 tox|[from] psn
|upkeep
|turn|17
|
|t:|1651231578
|move|p2a: Cottonee|Substitute|p2a: Cottonee
|-start|p2a: Cottonee|Substitute
|-damage|p2a: Cottonee|75/100
|move|p1a: Groudon|Fire Punch|p2a: Cottonee
|-supereffective|p2a: Cottonee
|-end|p2a: Cottonee|Substitute
|
|-weather|DesolateLand|[upkeep]
|-damage|p1a: Groudon|39/100 tox|[from] Leech Seed|[of] p2a: Cottonee
|-heal|p2a: Cottonee|100/100|[silent]
|-damage|p1a: Groudon|14/100 tox|[from] psn
|upkeep
|turn|18
|
|t:|1651231590
|move|p2a: Cottonee|Protect|p2a: Cottonee
|-singleturn|p2a: Cottonee|Protect
|move|p1a: Groudon|Fire Punch|p2a: Cottonee
|-activate|p2a: Cottonee|move: Protect
|
|-weather|DesolateLand|[upkeep]
|-damage|p1a: Groudon|2/100 tox|[from] Leech Seed|[of] p2a: Cottonee
|-damage|p1a: Groudon|0 fnt|[from] psn
|faint|p1a: Groudon
|-weather|none
|upkeep
|inactive|Battle timer is ON: inactive players will automatically lose when time's up. (requested by shenGT)
|
|t:|1651231603
|switch|p1a: Calyrex|Calyrex-Shadow|100/100
|-ability|p1a: Calyrex|As One
|-ability|p1a: Calyrex|Unnerve
|-status|p1a: Calyrex|tox
|turn|19
|
|t:|1651231611
|-start|p1a: Calyrex|Dynamax|
|-heal|p1a: Calyrex|100/100 tox|[silent]
|move|p2a: Cottonee|Substitute|p2a: Cottonee
|-start|p2a: Cottonee|Substitute
|-damage|p2a: Cottonee|75/100
|move|p1a: Calyrex|Max Phantasm|p2a: Cottonee
|-end|p2a: Cottonee|Substitute
|-unboost|p2a: Cottonee|def|1
|
|-damage|p1a: Calyrex|97/100 tox|[from] psn
|upkeep
|turn|20
|
|t:|1651231624
|move|p2a: Cottonee|Substitute|p2a: Cottonee
|-start|p2a: Cottonee|Substitute
|-damage|p2a: Cottonee|50/100
|move|p1a: Calyrex|Max Phantasm|p2a: Cottonee
|-end|p2a: Cottonee|Substitute
|-unboost|p2a: Cottonee|def|1
|
|-damage|p1a: Calyrex|91/100 tox|[from] psn
|upkeep
|turn|21
|
|t:|1651231633
|move|p2a: Cottonee|Substitute|p2a: Cottonee
|-start|p2a: Cottonee|Substitute
|-damage|p2a: Cottonee|25/100
|move|p1a: Calyrex|Max Phantasm|p2a: Cottonee
|-end|p2a: Cottonee|Substitute
|-unboost|p2a: Cottonee|def|1
|
|-damage|p1a: Calyrex|82/100 tox|[from] psn
|upkeep
|-end|p1a: Calyrex|Dynamax
|-heal|p1a: Calyrex|82/100 tox|[silent]
|turn|22
|
|t:|1651231644
|move|p2a: Cottonee|Protect|p2a: Cottonee
|-singleturn|p2a: Cottonee|Protect
|move|p1a: Calyrex|Astral Barrage|p2a: Cottonee
|-activate|p2a: Cottonee|move: Protect
|
|-damage|p1a: Calyrex|58/100 tox|[from] psn
|upkeep
|turn|23
|
|t:|1651231652
|move|p2a: Cottonee|Leech Seed|p1a: Calyrex
|-start|p1a: Calyrex|move: Leech Seed
|move|p1a: Calyrex|Astral Barrage|p2a: Cottonee
|-damage|p2a: Cottonee|0 fnt
|faint|p2a: Cottonee
|-ability|p1a: Calyrex|Grim Neigh|boost
|-boost|p1a: Calyrex|spa|1
|
|-damage|p1a: Calyrex|27/100 tox|[from] psn
|upkeep
|
|t:|1651231665
|switch|p2a: Togedemaru|Togedemaru, L1, F|100/100
|turn|24
|
|t:|1651231673
|move|p2a: Togedemaru|Spiky Shield|p2a: Togedemaru
|-singleturn|p2a: Togedemaru|move: Protect
|move|p1a: Calyrex|Astral Barrage|p2a: Togedemaru
|-activate|p2a: Togedemaru|move: Protect
|
|-damage|p1a: Calyrex|15/100 tox|[from] Leech Seed|[of] p2a: Togedemaru
|-damage|p1a: Calyrex|0 fnt|[from] psn
|faint|p1a: Calyrex
|upkeep
|
|t:|1651231679
|switch|p1a: Zamazenta|Zamazenta-Crowned, shiny|100/100
|-ability|p1a: Zamazenta|Dauntless Shield|boost
|-boost|p1a: Zamazenta|def|1
|turn|25
|inactiveoff|Battle timer is now OFF.
|
|t:|1651231690
|move|p1a: Zamazenta|Behemoth Bash|p2a: Togedemaru
|-resisted|p2a: Togedemaru
|-ability|p2a: Togedemaru|Sturdy
|-damage|p2a: Togedemaru|9/100
|-enditem|p2a: Togedemaru|Berry Juice
|-heal|p2a: Togedemaru|100/100|[from] item: Berry Juice
|move|p2a: Togedemaru|Endeavor|p1a: Zamazenta
|-damage|p1a: Zamazenta|4/100
|
|upkeep
|turn|26
|
|t:|1651231702
|move|p2a: Togedemaru|Spiky Shield|p2a: Togedemaru
|-singleturn|p2a: Togedemaru|move: Protect
|move|p1a: Zamazenta|Behemoth Bash|p2a: Togedemaru
|-activate|p2a: Togedemaru|move: Protect
|-damage|p1a: Zamazenta|0 fnt|[from] Spiky Shield|[of] p2a: Togedemaru
|faint|p1a: Zamazenta
|
|upkeep
|
|t:|1651231707
|switch|p1a: Necrozma|Necrozma-Dawn-Wings, shiny|100/100
|-status|p1a: Necrozma|tox
|turn|27
|
|t:|1651231714
|detailschange|p1a: Necrozma|Necrozma-Ultra, shiny
|-burst|p1a: Necrozma|Necrozma|Ultranecrozium Z
|move|p1a: Necrozma|Photon Geyser|p2a: Togedemaru
|-resisted|p2a: Togedemaru
|-damage|p2a: Togedemaru|0 fnt
|faint|p2a: Togedemaru
|
|-damage|p1a: Necrozma|94/100 tox|[from] psn
|upkeep
|inactive|Battle timer is ON: inactive players will automatically lose when time's up. (requested by shenGT)
|inactive|Nobodi_Nowan has 120 seconds left.
|
|t:|1651231765
|switch|p2a: Victini|Victini|100/100
|turn|28
|inactive|Nobodi_Nowan has 120 seconds left.
|
|t:|1651231789
|-start|p2a: Victini|Dynamax|
|-heal|p2a: Victini|100/100|[silent]
|-zpower|p1a: Necrozma
|move|p1a: Necrozma|Light That Burns the Sky|p2a: Victini|[zeffect]
|-resisted|p2a: Victini
|-damage|p2a: Victini|75/100
|move|p2a: Victini|Max Flutterby|p1a: Necrozma
|-supereffective|p1a: Necrozma
|-damage|p1a: Necrozma|35/100 tox
|-unboost|p1a: Necrozma|spa|1
|
|-damage|p1a: Necrozma|22/100 tox|[from] psn
|upkeep
|turn|29
|
|t:|1651231805
|move|p1a: Necrozma|Dragon Pulse|p2a: Victini
|-damage|p2a: Victini|61/100
|move|p2a: Victini|Max Flutterby|p1a: Necrozma
|-supereffective|p1a: Necrozma
|-damage|p1a: Necrozma|0 fnt
|faint|p1a: Necrozma
|
|upkeep
|
|t:|1651231809
|switch|p1a: Zacian|Zacian-Crowned, shiny|88/100
|-ability|p1a: Zacian|Intrepid Sword|boost
|-boost|p1a: Zacian|atk|1
|turn|30
|
|t:|1651231816
|-end|p2a: Victini|Dynamax
|-heal|p2a: Victini|61/100|[silent]
|switch|p2a: Aron|Aron, L1, M|100/100
|move|p1a: Zacian|Behemoth Blade|p2a: Aron
|-crit|p2a: Aron
|-ability|p2a: Aron|Sturdy
|-damage|p2a: Aron|9/100
|-enditem|p2a: Aron|Berry Juice
|-heal|p2a: Aron|100/100|[from] item: Berry Juice
|
|upkeep
|turn|31
|inactive|Nobodi_Nowan has 120 seconds left.
|
|t:|1651231829
|move|p1a: Zacian|Swords Dance|p1a: Zacian
|-boost|p1a: Zacian|atk|2
|move|p2a: Aron|Endeavor|p1a: Zacian
|-damage|p1a: Zacian|4/100
|
|upkeep
|turn|32
|inactive|Nobodi_Nowan has 120 seconds left.
|
|t:|1651231838
|move|p1a: Zacian|Swords Dance|p1a: Zacian
|-boost|p1a: Zacian|atk|2
|move|p2a: Aron|Endeavor|p1a: Zacian
|-immune|p1a: Zacian
|
|upkeep
|turn|33
|
|t:|1651231847
|move|p1a: Zacian|Swords Dance|p1a: Zacian
|-boost|p1a: Zacian|atk|1
|move|p2a: Aron|Endeavor|p1a: Zacian
|-immune|p1a: Zacian
|
|upkeep
|turn|34
|
|t:|1651231854
|move|p1a: Zacian|Swords Dance|p1a: Zacian
|-boost|p1a: Zacian|atk|0
|move|p2a: Aron|Endeavor|p1a: Zacian
|-immune|p1a: Zacian
|
|upkeep
|turn|35
|
|t:|1651231863
|move|p2a: Aron|Protect|p2a: Aron
|-singleturn|p2a: Aron|Protect
|move|p1a: Zacian|Swords Dance|p1a: Zacian
|-boost|p1a: Zacian|atk|0
|
|upkeep
|turn|36
|
|t:|1651231870
|move|p1a: Zacian|Swords Dance|p1a: Zacian
|-boost|p1a: Zacian|atk|0
|move|p2a: Aron|Roar||[still]
|-fail|p2a: Aron
|
|upkeep
|turn|37
|
|t:|1651231875
|move|p1a: Zacian|Swords Dance|p1a: Zacian
|-boost|p1a: Zacian|atk|0
|move|p2a: Aron|Roar||[still]
|-fail|p2a: Aron
|
|upkeep
|turn|38
|
|t:|1651231881
|move|p1a: Zacian|Swords Dance|p1a: Zacian
|-boost|p1a: Zacian|atk|0
|move|p2a: Aron|Roar||[still]
|-fail|p2a: Aron
|
|upkeep
|turn|39
|
|t:|1651231890
|move|p1a: Zacian|Behemoth Blade|p2a: Aron
|-ability|p2a: Aron|Sturdy
|-damage|p2a: Aron|9/100
|move|p2a: Aron|Roar||[still]
|-fail|p2a: Aron
|
|upkeep
|turn|40
|
|t:|1651231898
|move|p1a: Zacian|Behemoth Blade|p2a: Aron
|-damage|p2a: Aron|0 fnt
|faint|p2a: Aron
|
|upkeep
|
|t:|1651231903
|switch|p2a: Victini|Victini|61/100
|turn|41
|
|t:|1651231906
|move|p2a: Victini|V-create|p1a: Zacian
|-supereffective|p1a: Zacian
|-damage|p1a: Zacian|0 fnt
|-unboost|p2a: Victini|spe|1
|-unboost|p2a: Victini|def|1
|-unboost|p2a: Victini|spd|1
|faint|p1a: Zacian
|
|win|Nobodi_Nowan
|raw|shenGT's rating: 1494 &rarr; <strong>1481</strong><br />(-13 for losing)
|raw|Nobodi_Nowan's rating: 1619 &rarr; <strong>1632</strong><br />(+13 for winning)
|c|☆Nobodi_Nowan|gg
|l|☆Nobodi_Nowan
