|j|☆BasakBooster
|j|☆Blackstar152001
|t:|1665383115
|gametype|singles
|player|p1|BasakBooster|lucas|1940
|player|p2|Blackstar152001|blue-gen3two|1975
|teamsize|p1|6
|teamsize|p2|6
|gen|8
|tier|[Gen 8] National Dex AG
|rated|
|rule|HP Percentage Mod: HP is shown in percentages
|rule|Endless Battle Clause: Forcing endless battles is banned
|clearpoke
|poke|p1|Groudon|
|poke|p1|Rayquaza|
|poke|p1|Zygarde|
|poke|p1|Calyrex-Shadow|
|poke|p1|Arceus-*|
|poke|p1|Arceus-*|
|poke|p2|Mewtwo|
|poke|p2|Arceus-*|
|poke|p2|Ditto|
|poke|p2|Arceus-*|
|poke|p2|Zygarde|
|poke|p2|Kyogre|
|teampreview
|inactive|Battle timer is ON: inactive players will automatically lose when time's up. (requested by Blackstar152001)
|
|t:|1665383134
|start
|switch|p1a: the gwoat|Rayquaza|100/100
|switch|p2a: Mewtwo|Mewtwo|100/100
|-ability|p2a: Mewtwo|Pressure
|-ability|p1a: the gwoat|Air Lock
|turn|1
|
|t:|1665383138
|detailschange|p1a: the gwoat|Rayquaza-Mega
|-mega|p1a: the gwoat|Rayquaza|
|-weather|DeltaStream|[from] ability: Delta Stream|[of] p1a: the gwoat
|move|p2a: Mewtwo|Will-O-Wisp|p1a: the gwoat
|-status|p1a: the gwoat|brn
|move|p1a: the gwoat|Scale Shot|p2a: Mewtwo
|-damage|p2a: Mewtwo|87/100
|-damage|p2a: Mewtwo|75/100
|-damage|p2a: Mewtwo|62/100
|-hitcount|p2a: Mewtwo|3
|-unboost|p1a: the gwoat|def|1
|-boost|p1a: the gwoat|spe|1
|-damage|p1a: the gwoat|91/100 brn|[from] item: Life Orb
|
|-weather|DeltaStream|[upkeep]
|-damage|p1a: the gwoat|85/100 brn|[from] brn
|upkeep
|turn|2
|
|t:|1665383155
|move|p1a: the gwoat|Dragon Ascent|p2a: Mewtwo
|-damage|p2a: Mewtwo|0 fnt
|-unboost|p1a: the gwoat|def|1
|-unboost|p1a: the gwoat|spd|1
|faint|p2a: Mewtwo
|-damage|p1a: the gwoat|75/100 brn|[from] item: Life Orb
|
|-weather|DeltaStream|[upkeep]
|-damage|p1a: the gwoat|69/100 brn|[from] brn
|upkeep
|
|t:|1665383164
|switch|p2a: Arceus|Arceus-Fairy|100/100
|turn|3
|
|t:|1665383170
|move|p1a: the gwoat|Dragon Ascent|p2a: Arceus
|-damage|p2a: Arceus|61/100
|-unboost|p1a: the gwoat|def|1
|-unboost|p1a: the gwoat|spd|1
|-damage|p1a: the gwoat|59/100 brn|[from] item: Life Orb
|move|p2a: Arceus|Stealth Rock|p1a: the gwoat
|-sidestart|p1: BasakBooster|move: Stealth Rock
|
|-weather|DeltaStream|[upkeep]
|-damage|p1a: the gwoat|53/100 brn|[from] brn
|upkeep
|turn|4
|
|t:|1665383174
|move|p1a: the gwoat|Dragon Ascent|p2a: Arceus
|-damage|p2a: Arceus|20/100
|-unboost|p1a: the gwoat|def|1
|-unboost|p1a: the gwoat|spd|1
|-damage|p1a: the gwoat|43/100 brn|[from] item: Life Orb
|move|p2a: Arceus|Recover|p2a: Arceus
|-heal|p2a: Arceus|70/100
|
|-weather|DeltaStream|[upkeep]
|-damage|p1a: the gwoat|37/100 brn|[from] brn
|upkeep
|turn|5
|
|t:|1665383178
|move|p1a: the gwoat|Dragon Ascent|p2a: Arceus
|-damage|p2a: Arceus|35/100
|-unboost|p1a: the gwoat|def|1
|-unboost|p1a: the gwoat|spd|1
|-damage|p1a: the gwoat|27/100 brn|[from] item: Life Orb
|move|p2a: Arceus|Recover|p2a: Arceus
|-heal|p2a: Arceus|85/100
|
|-weather|DeltaStream|[upkeep]
|-damage|p1a: the gwoat|21/100 brn|[from] brn
|upkeep
|turn|6
|
|t:|1665383183
|move|p1a: the gwoat|Dragon Ascent|p2a: Arceus
|-damage|p2a: Arceus|44/100
|-unboost|p1a: the gwoat|def|1
|-unboost|p1a: the gwoat|spd|1
|-damage|p1a: the gwoat|11/100 brn|[from] item: Life Orb
|move|p2a: Arceus|Recover|p2a: Arceus
|-heal|p2a: Arceus|94/100
|
|-weather|DeltaStream|[upkeep]
|-damage|p1a: the gwoat|5/100 brn|[from] brn
|upkeep
|turn|7
|
|t:|1665383189
|move|p1a: the gwoat|Dragon Ascent|p2a: Arceus
|-damage|p2a: Arceus|56/100
|-unboost|p1a: the gwoat|spd|1
|-damage|p1a: the gwoat|0 fnt|[from] item: Life Orb
|faint|p1a: the gwoat
|-weather|none
|move|p2a: Arceus|Recover|p2a: Arceus
|-heal|p2a: Arceus|100/100
|
|upkeep
|
|t:|1665383194
|switch|p1a: Arceus|Arceus-Fairy|100/100
|-damage|p1a: Arceus|88/100|[from] Stealth Rock
|turn|8
|
|t:|1665383200
|move|p1a: Arceus|Thunder Wave|p2a: Arceus
|-status|p2a: Arceus|par
|move|p2a: Arceus|Toxic|p1a: Arceus
|-status|p1a: Arceus|tox
|
|-damage|p1a: Arceus|82/100 tox|[from] psn
|upkeep
|turn|9
|
|t:|1665383207
|move|p1a: Arceus|Perish Song|p1a: Arceus
|-start|p1a: Arceus|perish3|[silent]
|-start|p2a: Arceus|perish3|[silent]
|-fieldactivate|move: Perish Song
|move|p2a: Arceus|Judgment|p1a: Arceus
|-damage|p1a: Arceus|57/100 tox
|
|-damage|p1a: Arceus|45/100 tox|[from] psn
|-start|p1a: Arceus|perish3
|-start|p2a: Arceus|perish3
|upkeep
|turn|10
|
|t:|1665383216
|switch|p1a: Pyra|Groudon|100/100
|-damage|p1a: Pyra|94/100|[from] Stealth Rock
|detailschange|p1a: Pyra|Groudon-Primal
|-primal|p1a: Pyra
|-weather|DesolateLand|[from] ability: Desolate Land|[of] p1a: Pyra
|move|p2a: Arceus|Judgment|p1a: Pyra
|-resisted|p1a: Pyra
|-damage|p1a: Pyra|73/100
|
|-weather|DesolateLand|[upkeep]
|-start|p2a: Arceus|perish2
|upkeep
|turn|11
|
|t:|1665383225
|-weather|none
|switch|p1a: Arceus|Arceus|100/100
|-damage|p1a: Arceus|88/100|[from] Stealth Rock
|switch|p2a: Zygarde|Zygarde, shiny|100/100
|
|upkeep
|turn|12
|
|t:|1665383233
|move|p1a: Arceus|Swords Dance|p1a: Arceus
|-boost|p1a: Arceus|atk|2
|move|p2a: Zygarde|Glare|p1a: Arceus
|-status|p1a: Arceus|par
|-enditem|p1a: Arceus|Lum Berry|[eat]
|-curestatus|p1a: Arceus|par|[msg]
|
|upkeep
|turn|13
|
|t:|1665383238
|move|p1a: Arceus|Swords Dance|p1a: Arceus
|-boost|p1a: Arceus|atk|2
|move|p2a: Zygarde|Haze|p2a: Zygarde
|-clearallboost
|
|upkeep
|turn|14
|
|t:|1665383241
|move|p1a: Arceus|Swords Dance|p1a: Arceus
|-boost|p1a: Arceus|atk|2
|move|p2a: Zygarde|Glare|p1a: Arceus
|-status|p1a: Arceus|par
|
|upkeep
|turn|15
|
|t:|1665383242
|move|p2a: Zygarde|Haze|p2a: Zygarde
|-clearallboost
|move|p1a: Arceus|Swords Dance|p1a: Arceus
|-boost|p1a: Arceus|atk|2
|
|upkeep
|turn|16
|
|t:|1665383246
|switch|p1a: Arceus|Arceus-Fairy|45/100 tox
|-damage|p1a: Arceus|33/100 tox|[from] Stealth Rock
|move|p2a: Zygarde|Haze|p2a: Zygarde
|-clearallboost
|
|-damage|p1a: Arceus|27/100 tox|[from] psn
|upkeep
|turn|17
|
|t:|1665383248
|switch|p2a: Arceus|Arceus-Fairy|100/100 par
|move|p1a: Arceus|Recover|p1a: Arceus
|-heal|p1a: Arceus|77/100 tox
|
|-damage|p1a: Arceus|64/100 tox|[from] psn
|upkeep
|turn|18
|
|t:|1665383256
|switch|p1a: Pyra|Groudon-Primal|73/100
|-damage|p1a: Pyra|61/100|[from] Stealth Rock
|-weather|DesolateLand|[from] ability: Desolate Land|[of] p1a: Pyra
|move|p2a: Arceus|Judgment|p1a: Pyra
|-resisted|p1a: Pyra
|-damage|p1a: Pyra|38/100
|
|-weather|DesolateLand|[upkeep]
|upkeep
|turn|19
|
|t:|1665383260
|switch|p2a: Zygarde|Zygarde, shiny|100/100
|move|p1a: Pyra|Precipice Blades|p2a: Zygarde
|-damage|p2a: Zygarde|65/100
|
|-weather|DesolateLand|[upkeep]
|-heal|p2a: Zygarde|72/100|[from] item: Leftovers
|upkeep
|turn|20
|
|t:|1665383263
|-weather|none
|switch|p1a: Arceus|Arceus|88/100 par
|-damage|p1a: Arceus|76/100 par|[from] Stealth Rock
|move|p2a: Zygarde|Glare|p1a: Arceus
|-fail|p1a: Arceus|par
|
|-heal|p2a: Zygarde|78/100|[from] item: Leftovers
|upkeep
|turn|21
|
|t:|1665383267
|switch|p1a: Arceus|Arceus-Fairy|64/100 tox
|-damage|p1a: Arceus|52/100 tox|[from] Stealth Rock
|move|p2a: Zygarde|Thousand Arrows|p1a: Arceus
|-damage|p1a: Arceus|31/100 tox
|
|-heal|p2a: Zygarde|84/100|[from] item: Leftovers
|-damage|p1a: Arceus|25/100 tox|[from] psn
|upkeep
|turn|22
|
|t:|1665383277
|switch|p2a: Arceus|Arceus-Fairy|100/100 par
|move|p1a: Arceus|Recover|p1a: Arceus
|-heal|p1a: Arceus|75/100 tox
|
|-damage|p1a: Arceus|63/100 tox|[from] psn
|upkeep
|turn|23
|
|t:|1665383280
|move|p1a: Arceus|Perish Song|p1a: Arceus
|-start|p1a: Arceus|perish3|[silent]
|-start|p2a: Arceus|perish3|[silent]
|-fieldactivate|move: Perish Song
|move|p2a: Arceus|Judgment|p1a: Arceus
|-damage|p1a: Arceus|37/100 tox
|
|-damage|p1a: Arceus|19/100 tox|[from] psn
|-start|p1a: Arceus|perish3
|-start|p2a: Arceus|perish3
|upkeep
|turn|24
|
|t:|1665383287
|switch|p2a: Zygarde|Zygarde, shiny|84/100
|move|p1a: Arceus|Recover|p1a: Arceus
|-heal|p1a: Arceus|69/100 tox
|
|-heal|p2a: Zygarde|90/100|[from] item: Leftovers
|-damage|p1a: Arceus|45/100 tox|[from] psn
|-start|p1a: Arceus|perish2
|upkeep
|turn|25
|
|t:|1665383291
|switch|p2a: Arceus|Arceus-Fairy|100/100 par
|move|p1a: Arceus|Judgment|p2a: Arceus
|-damage|p2a: Arceus|79/100 par
|
|-damage|p1a: Arceus|14/100 tox|[from] psn
|-start|p1a: Arceus|perish1
|upkeep
|turn|26
|
|t:|1665383295
|move|p1a: Arceus|Perish Song|p1a: Arceus
|-start|p2a: Arceus|perish3|[silent]
|-fieldactivate|move: Perish Song
|move|p2a: Arceus|Recover|p2a: Arceus
|-heal|p2a: Arceus|100/100 par
|
|-damage|p1a: Arceus|0 fnt|[from] psn
|faint|p1a: Arceus
|-start|p2a: Arceus|perish3
|upkeep
|
|t:|1665383300
|switch|p1a: the goat|Zygarde, shiny|100/100
|-damage|p1a: the goat|94/100|[from] Stealth Rock
|turn|27
|
|t:|1665383304
|switch|p2a: Zygarde|Zygarde, shiny|90/100
|move|p1a: the goat|Substitute|p1a: the goat
|-start|p1a: the goat|Substitute
|-damage|p1a: the goat|69/100
|
|-heal|p1a: the goat|75/100|[from] item: Leftovers
|-heal|p2a: Zygarde|96/100|[from] item: Leftovers
|upkeep
|turn|28
|
|t:|1665383310
|move|p1a: the goat|Glare|p2a: Zygarde
|-status|p2a: Zygarde|par
|cant|p2a: Zygarde|par
|
|-heal|p1a: the goat|82/100|[from] item: Leftovers
|-heal|p2a: Zygarde|100/100 par|[from] item: Leftovers
|upkeep
|turn|29
|
|t:|1665383313
|move|p1a: the goat|Coil|p1a: the goat
|-boost|p1a: the goat|atk|1
|-boost|p1a: the goat|def|1
|-boost|p1a: the goat|accuracy|1
|move|p2a: Zygarde|Haze|p2a: Zygarde
|-clearallboost
|
|-heal|p1a: the goat|88/100|[from] item: Leftovers
|upkeep
|turn|30
|
|t:|1665383320
|move|p1a: the goat|Coil|p1a: the goat
|-boost|p1a: the goat|atk|1
|-boost|p1a: the goat|def|1
|-boost|p1a: the goat|accuracy|1
|move|p2a: Zygarde|Haze|p2a: Zygarde
|-clearallboost
|
|-heal|p1a: the goat|94/100|[from] item: Leftovers
|upkeep
|turn|31
|
|t:|1665383327
|switch|p1a: Calyrex|Calyrex-Shadow|100/100
|-ability|p1a: Calyrex|As One
|-ability|p1a: Calyrex|Unnerve
|-damage|p1a: Calyrex|88/100|[from] Stealth Rock
|cant|p2a: Zygarde|par
|
|-heal|p1a: Calyrex|94/100|[from] item: Leftovers
|upkeep
|turn|32
|
|t:|1665383331
|switch|p2a: Arceus|Arceus|100/100
|move|p1a: Calyrex|Substitute|p1a: Calyrex
|-start|p1a: Calyrex|Substitute
|-damage|p1a: Calyrex|70/100
|
|-heal|p1a: Calyrex|76/100|[from] item: Leftovers
|upkeep
|turn|33
|
|t:|1665383333
|move|p1a: Calyrex|Leech Seed|p2a: Arceus
|-start|p2a: Arceus|move: Leech Seed
|move|p2a: Arceus|Swords Dance|p2a: Arceus
|-boost|p2a: Arceus|atk|2
|
|-heal|p1a: Calyrex|82/100|[from] item: Leftovers
|-damage|p2a: Arceus|88/100|[from] Leech Seed|[of] p1a: Calyrex
|-heal|p1a: Calyrex|98/100|[silent]
|upkeep
|turn|34
|
|t:|1665383339
|switch|p1a: the goat|Zygarde, shiny|94/100
|-damage|p1a: the goat|88/100|[from] Stealth Rock
|move|p2a: Arceus|Swords Dance|p2a: Arceus
|-boost|p2a: Arceus|atk|2
|
|-heal|p1a: the goat|94/100|[from] item: Leftovers
|-damage|p2a: Arceus|76/100|[from] Leech Seed|[of] p1a: the goat
|-heal|p1a: the goat|100/100|[silent]
|upkeep
|turn|35
|
|t:|1665383350
|-start|p1a: the goat|Dynamax|
|-heal|p1a: the goat|100/100|[silent]
|move|p2a: Arceus|Swords Dance|p2a: Arceus
|-boost|p2a: Arceus|atk|2
|move|p1a: the goat|Max Quake|p2a: Arceus
|-damage|p2a: Arceus|46/100
|-boost|p1a: the goat|spd|1
|
|-damage|p2a: Arceus|34/100|[from] Leech Seed|[of] p1a: the goat
|upkeep
|turn|36
|
|t:|1665383357
|move|p2a: Arceus|Recover|p2a: Arceus
|-heal|p2a: Arceus|84/100
|move|p1a: the goat|Max Quake|p2a: Arceus
|-damage|p2a: Arceus|56/100
|-boost|p1a: the goat|spd|1
|
|-damage|p2a: Arceus|43/100|[from] Leech Seed|[of] p1a: the goat
|upkeep
|turn|37
|
|t:|1665383363
|move|p2a: Arceus|Recover|p2a: Arceus
|-heal|p2a: Arceus|93/100
|move|p1a: the goat|Max Quake|p2a: Arceus
|-damage|p2a: Arceus|63/100
|-boost|p1a: the goat|spd|1
|
|-damage|p2a: Arceus|51/100|[from] Leech Seed|[of] p1a: the goat
|upkeep
|-end|p1a: the goat|Dynamax
|-heal|p1a: the goat|100/100|[silent]
|turn|38
|
|t:|1665383366
|-start|p2a: Arceus|Dynamax|
|-heal|p2a: Arceus|51/100|[silent]
|move|p2a: Arceus|Max Strike|p1a: the goat
|-damage|p1a: the goat|0 fnt
|faint|p1a: the goat
|
|upkeep
|
|t:|1665383368
|switch|p1a: Calyrex|Calyrex-Shadow|98/100
|-ability|p1a: Calyrex|As One
|-ability|p1a: Calyrex|Unnerve
|-damage|p1a: Calyrex|86/100|[from] Stealth Rock
|turn|39
|
|t:|1665383371
|move|p1a: Calyrex|Substitute|p1a: Calyrex
|-start|p1a: Calyrex|Substitute
|-damage|p1a: Calyrex|61/100
|move|p2a: Arceus|Max Phantasm|p1a: Calyrex
|-supereffective|p1a: Calyrex
|-crit|p1a: Calyrex
|-end|p1a: Calyrex|Substitute
|-unboost|p1a: Calyrex|def|1
|
|-heal|p1a: Calyrex|67/100|[from] item: Leftovers
|-damage|p2a: Arceus|45/100|[from] Leech Seed|[of] p1a: Calyrex
|-heal|p1a: Calyrex|83/100|[silent]
|upkeep
|turn|40
|
|t:|1665383373
|move|p1a: Calyrex|Substitute|p1a: Calyrex
|-start|p1a: Calyrex|Substitute
|-damage|p1a: Calyrex|58/100
|move|p2a: Arceus|Max Phantasm|p1a: Calyrex
|-supereffective|p1a: Calyrex
|-end|p1a: Calyrex|Substitute
|-unboost|p1a: Calyrex|def|1
|
|-heal|p1a: Calyrex|64/100|[from] item: Leftovers
|-damage|p2a: Arceus|39/100|[from] Leech Seed|[of] p1a: Calyrex
|-heal|p1a: Calyrex|80/100|[silent]
|upkeep
|-end|p2a: Arceus|Dynamax
|-heal|p2a: Arceus|39/100|[silent]
|turn|41
|
|t:|1665383376
|move|p1a: Calyrex|Draining Kiss|p2a: Arceus
|-damage|p2a: Arceus|25/100
|-heal|p1a: Calyrex|94/100|[from] drain|[of] p2a: Arceus
|move|p2a: Arceus|Recover|p2a: Arceus
|-heal|p2a: Arceus|75/100
|
|-heal|p1a: Calyrex|99/100|[from] item: Leftovers
|-damage|p2a: Arceus|62/100|[from] Leech Seed|[of] p1a: Calyrex
|-heal|p1a: Calyrex|100/100|[silent]
|upkeep
|turn|42
|
|t:|1665383381
|switch|p1a: Pyra|Groudon-Primal|38/100
|-damage|p1a: Pyra|25/100|[from] Stealth Rock
|-weather|DesolateLand|[from] ability: Desolate Land|[of] p1a: Pyra
|move|p2a: Arceus|Recover|p2a: Arceus
|-heal|p2a: Arceus|100/100
|
|-weather|DesolateLand|[upkeep]
|-damage|p2a: Arceus|88/100|[from] Leech Seed|[of] p1a: Pyra
|-heal|p1a: Pyra|39/100|[silent]
|upkeep
|turn|43
|
|t:|1665383385
|move|p2a: Arceus|Shadow Claw|p1a: Pyra
|-crit|p1a: Pyra
|-damage|p1a: Pyra|0 fnt
|faint|p1a: Pyra
|-weather|none
|
|upkeep
|
|t:|1665383387
|switch|p1a: Arceus|Arceus|76/100 par
|-damage|p1a: Arceus|64/100 par|[from] Stealth Rock
|turn|44
|
|t:|1665383390
|move|p2a: Arceus|Extreme Speed|p1a: Arceus
|-damage|p1a: Arceus|0 fnt
|faint|p1a: Arceus
|
|upkeep
|-message|BasakBooster forfeited.
|
|win|Blackstar152001
|raw|BasakBooster's rating: 1940 &rarr; <strong>1922</strong><br />(-18 for losing)
|raw|Blackstar152001's rating: 1975 &rarr; <strong>1993</strong><br />(+18 for winning)
|l|☆BasakBooster
