|j|☆Lotus_wang
|j|☆mardydu
|t:|1666487091
|gametype|singles
|player|p1|Lotus_wang|lillie|1512
|player|p2|mardydu|boarder|1737
|teamsize|p1|6
|teamsize|p2|6
|gen|8
|tier|[Gen 8] National Dex AG
|rated|
|rule|HP Percentage Mod: HP is shown in percentages
|rule|Endless Battle Clause: Forcing endless battles is banned
|clearpoke
|poke|p1|Kyogre|
|poke|p1|Rayquaza|
|poke|p1|Marshadow|
|poke|p1|Mewtwo|
|poke|p1|Calyrex-Shadow|
|poke|p1|Zacian-*|
|poke|p2|Arceus-*|
|poke|p2|Calyrex-Shadow|
|poke|p2|Rayquaza|
|poke|p2|Regieleki|
|poke|p2|Smeargle, M|
|poke|p2|Skarmory, F|
|teampreview
|inactive|Battle timer is ON: inactive players will automatically lose when time's up. (requested by mardydu)
|
|t:|1666487102
|start
|switch|p1a: Kyogre|Kyogre|100/100
|switch|p2a: Skarmory|Skarmory, F|100/100
|detailschange|p1a: Kyogre|Kyogre-Primal
|-primal|p1a: Kyogre
|-weather|PrimordialSea|[from] ability: Primordial Sea|[of] p1a: Kyogre
|turn|1
|
|t:|1666487117
|move|p1a: Kyogre|Origin Pulse|p2a: Skarmory|[miss]
|-miss|p1a: Kyogre|p2a: Skarmory
|move|p2a: Skarmory|Stealth Rock|p1a: Kyogre
|-sidestart|p1: Lotus_wang|move: Stealth Rock
|
|-weather|PrimordialSea|[upkeep]
|upkeep
|turn|2
|
|t:|1666487124
|move|p1a: Kyogre|Origin Pulse|p2a: Skarmory
|-ability|p2a: Skarmory|Sturdy
|-damage|p2a: Skarmory|1/100
|move|p2a: Skarmory|Whirlwind|p1a: Kyogre
|-weather|none
|drag|p1a: Mewtwo|Mewtwo|100/100
|-damage|p1a: Mewtwo|88/100|[from] Stealth Rock
|-ability|p1a: Mewtwo|Pressure
|
|upkeep
|turn|3
|
|t:|1666487135
|detailschange|p1a: Mewtwo|Mewtwo-Mega-Y
|-mega|p1a: Mewtwo|Mewtwo|Mewtwonite Y
|move|p1a: Mewtwo|Psystrike|p2a: Skarmory
|-resisted|p2a: Skarmory
|-damage|p2a: Skarmory|0 fnt
|faint|p2a: Skarmory
|
|upkeep
|
|t:|1666487160
|switch|p2a: Arceus|Arceus|100/100
|turn|4
|
|t:|1666487166
|move|p2a: Arceus|Dark Pulse|p1a: Mewtwo
|-supereffective|p1a: Mewtwo
|-damage|p1a: Mewtwo|42/100
|cant|p1a: Mewtwo|flinch
|
|upkeep
|turn|5
|
|t:|1666487174
|move|p2a: Arceus|Dark Pulse|p1a: Mewtwo
|-supereffective|p1a: Mewtwo
|-damage|p1a: Mewtwo|0 fnt
|faint|p1a: Mewtwo
|
|upkeep
|
|t:|1666487178
|switch|p1a: Rayquaza|Rayquaza|100/100
|-damage|p1a: Rayquaza|76/100|[from] Stealth Rock
|-ability|p1a: Rayquaza|Air Lock
|turn|6
|
|t:|1666487184
|move|p2a: Arceus|Dark Pulse|p1a: Rayquaza
|-damage|p1a: Rayquaza|44/100
|-zpower|p1a: Rayquaza
|move|p1a: Rayquaza|Supersonic Skystrike|p2a: Arceus|[zeffect]
|-damage|p2a: Arceus|16/100
|
|upkeep
|turn|7
|
|t:|1666487197
|move|p2a: Arceus|Dark Pulse|p1a: Rayquaza
|-damage|p1a: Rayquaza|16/100
|cant|p1a: Rayquaza|flinch
|
|upkeep
|turn|8
|
|t:|1666487204
|move|p2a: Arceus|Dark Pulse|p1a: Rayquaza
|-damage|p1a: Rayquaza|0 fnt
|faint|p1a: Rayquaza
|
|upkeep
|
|t:|1666487209
|switch|p1a: Marshadow|Marshadow|100/100
|-damage|p1a: Marshadow|94/100|[from] Stealth Rock
|turn|9
|
|t:|1666487215
|move|p2a: Arceus|Dark Pulse|p1a: Marshadow
|-damage|p1a: Marshadow|61/100
|cant|p1a: Marshadow|flinch
|
|upkeep
|turn|10
|
|t:|1666487221
|move|p2a: Arceus|Dark Pulse|p1a: Marshadow
|-damage|p1a: Marshadow|28/100
|move|p1a: Marshadow|Close Combat|p2a: Arceus
|-supereffective|p2a: Arceus
|-damage|p2a: Arceus|0 fnt
|-unboost|p1a: Marshadow|def|1
|-unboost|p1a: Marshadow|spd|1
|faint|p2a: Arceus
|
|upkeep
|c|☆Lotus_wang|?
|
|t:|1666487229
|switch|p2a: Smeargle|Smeargle, M|100/100
|turn|11
|c|☆Lotus_wang|hex
|
|t:|1666487236
|move|p1a: Marshadow|Close Combat|p2a: Smeargle
|-supereffective|p2a: Smeargle
|-enditem|p2a: Smeargle|Focus Sash
|-damage|p2a: Smeargle|1/100
|-unboost|p1a: Marshadow|def|1
|-unboost|p1a: Marshadow|spd|1
|move|p2a: Smeargle|Shell Smash|p2a: Smeargle
|-unboost|p2a: Smeargle|def|1
|-unboost|p2a: Smeargle|spd|1
|-boost|p2a: Smeargle|atk|2
|-boost|p2a: Smeargle|spa|2
|-boost|p2a: Smeargle|spe|2
|
|-ability|p2a: Smeargle|Moody|boost
|-boost|p2a: Smeargle|spa|2
|-unboost|p2a: Smeargle|spd|1
|upkeep
|turn|12
|c|☆mardydu|Have no idea bruh
|
|t:|1666487247
|move|p2a: Smeargle|Spectral Thief|p1a: Marshadow
|-supereffective|p1a: Marshadow
|-damage|p1a: Marshadow|0 fnt
|faint|p1a: Marshadow
|
|-ability|p2a: Smeargle|Moody|boost
|-boost|p2a: Smeargle|spa|2
|-unboost|p2a: Smeargle|def|1
|upkeep
|inactive|Lotus_wang has 120 seconds left.
|
|t:|1666487282
|switch|p1a: Calyrex|Calyrex-Shadow|100/100
|-ability|p1a: Calyrex|As One
|-ability|p1a: Calyrex|Unnerve
|-damage|p1a: Calyrex|88/100|[from] Stealth Rock
|turn|13
|
|t:|1666487286
|-start|p1a: Calyrex|Dynamax|
|-heal|p1a: Calyrex|88/100|[silent]
|move|p2a: Smeargle|Spore|p1a: Calyrex
|-status|p1a: Calyrex|slp|[from] move: Spore
|cant|p1a: Calyrex|slp
|
|-ability|p2a: Smeargle|Moody|boost
|-boost|p2a: Smeargle|spd|2
|-unboost|p2a: Smeargle|spa|1
|upkeep
|turn|14
|
|t:|1666487296
|move|p2a: Smeargle|Baton Pass|p2a: Smeargle
|
|t:|1666487297
|switch|p2a: Horse in cali|Calyrex-Shadow|100/100|[from]move: Baton Pass
|-ability|p2a: Horse in cali|As One
|-ability|p2a: Horse in cali|Unnerve
|cant|p1a: Calyrex|slp
|
|upkeep
|turn|15
|
|t:|1666487306
|move|p2a: Horse in cali|Astral Barrage|p1a: Calyrex
|-supereffective|p1a: Calyrex
|-damage|p1a: Calyrex|0 fnt
|faint|p1a: Calyrex
|-ability|p2a: Horse in cali|Grim Neigh|boost
|-boost|p2a: Horse in cali|spa|1
|
|upkeep
|
|t:|1666487310
|switch|p1a: Kyogre|Kyogre-Primal|100/100
|-damage|p1a: Kyogre|88/100|[from] Stealth Rock
|-weather|PrimordialSea|[from] ability: Primordial Sea|[of] p1a: Kyogre
|turn|16
|
|t:|1666487314
|move|p2a: Horse in cali|Astral Barrage|p1a: Kyogre
|-damage|p1a: Kyogre|0 fnt
|faint|p1a: Kyogre
|-weather|none
|
|upkeep
|
|t:|1666487319
|switch|p1a: Zacian|Zacian-Crowned, shiny|100/100
|-damage|p1a: Zacian|94/100|[from] Stealth Rock
|-ability|p1a: Zacian|Intrepid Sword|boost
|-boost|p1a: Zacian|atk|1
|turn|17
|
|t:|1666487322
|move|p2a: Horse in cali|Astral Barrage|p1a: Zacian
|-damage|p1a: Zacian|0 fnt
|faint|p1a: Zacian
|
|win|mardydu
|raw|Lotus_wang's rating: 1512 &rarr; <strong>1503</strong><br />(-9 for losing)
|raw|mardydu's rating: 1737 &rarr; <strong>1746</strong><br />(+9 for winning)
|l|☆mardydu
