|j|☆whitegx
|j|☆aseeasase
|t:|1656393382
|gametype|singles
|player|p1|whitegx|101|1390
|player|p2|aseeasase|101|1417
|teamsize|p1|6
|teamsize|p2|6
|gen|8
|tier|[Gen 8] National Dex AG
|rated|
|rule|HP Percentage Mod: HP is shown in percentages
|rule|Endless Battle Clause: Forcing endless battles is banned
|clearpoke
|poke|p1|Gardevoir, F|
|poke|p1|Gengar, M|
|poke|p1|Salamence, M|
|poke|p1|Kommo-o, M|
|poke|p1|Tyranitar, F|
|poke|p1|Metagross|
|poke|p2|Arceus-*|
|poke|p2|Arceus-*|
|poke|p2|Smeargle, M|
|poke|p2|Diancie|
|poke|p2|Arceus-*|
|poke|p2|Arceus-*|
|teampreview
|
|t:|1656393390
|start
|switch|p1a: Salamence|Salamence, M|100/100
|switch|p2a: Diancie|Diancie|100/100
|turn|1
|
|t:|1656393403
|detailschange|p2a: Diancie|Diancie-Mega
|-mega|p2a: Diancie|Diancie|Diancite
|-start|p1a: Salamence|Dynamax|
|-heal|p1a: Salamence|100/100|[silent]
|move|p2a: Diancie|Substitute|p2a: Diancie
|-start|p2a: Diancie|Substitute
|-damage|p2a: Diancie|76/100
|move|p1a: Salamence|Max Airstream|p2a: Diancie
|-resisted|p2a: Diancie
|-end|p2a: Diancie|Substitute
|-boost|p1a: Salamence|spe|1
|
|upkeep
|turn|2
|
|t:|1656393417
|move|p1a: Salamence|Max Quake|p2a: Diancie
|-supereffective|p2a: Diancie
|-damage|p2a: Diancie|0 fnt
|-boost|p1a: Salamence|spd|1
|faint|p2a: Diancie
|-ability|p1a: Salamence|Moxie|boost
|-boost|p1a: Salamence|atk|1
|
|upkeep
|
|t:|1656393430
|switch|p2a: Arceus|Arceus-Ground|100/100
|turn|3
|
|t:|1656393438
|-start|p2a: Arceus|Dynamax|
|-heal|p2a: Arceus|100/100|[silent]
|move|p1a: Salamence|Max Wyrmwind|p2a: Arceus
|-damage|p2a: Arceus|61/100
|-unboost|p2a: Arceus|atk|1
|move|p2a: Arceus|Max Hailstorm|p1a: Salamence
|-supereffective|p1a: Salamence
|-damage|p1a: Salamence|28/100
|-weather|Hail
|
|-weather|Hail|[upkeep]
|-damage|p1a: Salamence|25/100|[from] Hail
|-damage|p2a: Arceus|58/100|[from] Hail
|-enditem|p1a: Salamence|Aguav Berry|[eat]
|-heal|p1a: Salamence|41/100|[from] item: Aguav Berry
|upkeep
|-end|p1a: Salamence|Dynamax
|-heal|p1a: Salamence|41/100|[silent]
|turn|4
|
|t:|1656393459
|move|p1a: Salamence|Outrage|p2a: Arceus
|-damage|p2a: Arceus|23/100
|move|p2a: Arceus|Max Hailstorm|p1a: Salamence
|-supereffective|p1a: Salamence
|-damage|p1a: Salamence|0 fnt
|faint|p1a: Salamence
|
|-weather|Hail|[upkeep]
|-damage|p2a: Arceus|20/100|[from] Hail
|upkeep
|
|t:|1656393478
|switch|p1a: Gardevoir|Gardevoir, F, shiny|100/100
|turn|5
|
|t:|1656393484
|move|p1a: Gardevoir|Moonblast|p2a: Arceus
|-damage|p2a: Arceus|2/100
|move|p2a: Arceus|Max Quake|p1a: Gardevoir
|-damage|p1a: Gardevoir|9/100
|-boost|p2a: Arceus|spd|1
|
|-weather|Hail|[upkeep]
|-damage|p1a: Gardevoir|3/100|[from] Hail
|-damage|p2a: Arceus|0 fnt|[from] Hail
|faint|p2a: Arceus
|upkeep
|
|t:|1656393513
|switch|p2a: Arceus|Arceus|100/100
|turn|6
|
|t:|1656393522
|switch|p1a: Gengar|Gengar, M, shiny|100/100
|move|p2a: Arceus|Swords Dance|p2a: Arceus
|-boost|p2a: Arceus|atk|2
|
|-weather|Hail|[upkeep]
|-damage|p1a: Gengar|94/100|[from] Hail
|-damage|p2a: Arceus|94/100|[from] Hail
|upkeep
|turn|7
|
|t:|1656393533
|move|p1a: Gengar|Sludge Bomb|p2a: Arceus
|-damage|p2a: Arceus|65/100
|move|p2a: Arceus|Earthquake|p1a: Gengar
|-supereffective|p1a: Gengar
|-damage|p1a: Gengar|0 fnt
|faint|p1a: Gengar
|
|-weather|none
|upkeep
|
|t:|1656393545
|switch|p1a: Tyranitar|Tyranitar, F, shiny|100/100
|-weather|Sandstorm|[from] ability: Sand Stream|[of] p1a: Tyranitar
|turn|8
|
|t:|1656393553
|move|p2a: Arceus|Earthquake|p1a: Tyranitar
|-supereffective|p1a: Tyranitar
|-damage|p1a: Tyranitar|0 fnt
|faint|p1a: Tyranitar
|
|-weather|Sandstorm|[upkeep]
|-damage|p2a: Arceus|59/100|[from] Sandstorm
|upkeep
|
|t:|1656393562
|switch|p1a: Kommo-o|Kommo-o, M|100/100
|turn|9
|
|t:|1656393568
|move|p2a: Arceus|Extreme Speed|p1a: Kommo-o
|-damage|p1a: Kommo-o|16/100
|-zpower|p1a: Kommo-o
|move|p1a: Kommo-o|Clangorous Soulblaze|p2a: Arceus|[zeffect]
|-damage|p2a: Arceus|2/100
|-boost|p1a: Kommo-o|atk|1
|-boost|p1a: Kommo-o|def|1
|-boost|p1a: Kommo-o|spa|1
|-boost|p1a: Kommo-o|spd|1
|-boost|p1a: Kommo-o|spe|1
|
|-weather|Sandstorm|[upkeep]
|-damage|p2a: Arceus|0 fnt|[from] Sandstorm
|faint|p2a: Arceus
|upkeep
|
|t:|1656393593
|switch|p2a: Arceus|Arceus-Flying|100/100
|turn|10
|
|t:|1656393605
|move|p1a: Kommo-o|Clanging Scales|p2a: Arceus
|-damage|p2a: Arceus|35/100
|-unboost|p1a: Kommo-o|def|1
|move|p2a: Arceus|Tailwind|p2a: Arceus
|-sidestart|p2: aseeasase|move: Tailwind
|
|-weather|Sandstorm|[upkeep]
|-damage|p2a: Arceus|29/100|[from] Sandstorm
|upkeep
|turn|11
|
|t:|1656393620
|-zpower|p2a: Arceus
|move|p2a: Arceus|Supersonic Skystrike|p1a: Kommo-o|[zeffect]
|-supereffective|p1a: Kommo-o
|-damage|p1a: Kommo-o|0 fnt
|faint|p1a: Kommo-o
|
|-weather|Sandstorm|[upkeep]
|-damage|p2a: Arceus|23/100|[from] Sandstorm
|upkeep
|
|t:|1656393631
|switch|p1a: Metagross|Metagross, shiny|100/100
|turn|12
|
|t:|1656393640
|detailschange|p1a: Metagross|Metagross-Mega, shiny
|-mega|p1a: Metagross|Metagross|Metagrossite
|move|p2a: Arceus|Fly||[still]
|-prepare|p2a: Arceus|Fly
|move|p1a: Metagross|Meteor Mash|p2a: Arceus|[miss]
|-miss|p1a: Metagross|p2a: Arceus
|
|-weather|none
|upkeep
|turn|13
|
|t:|1656393650
|move|p2a: Arceus|Fly|p1a: Metagross|[from]lockedmove
|-resisted|p1a: Metagross
|-damage|p1a: Metagross|83/100
|move|p1a: Metagross|Ice Punch|p2a: Arceus
|-supereffective|p2a: Arceus
|-damage|p2a: Arceus|0 fnt
|faint|p2a: Arceus
|
|-sideend|p2: aseeasase|move: Tailwind
|upkeep
|
|t:|1656393661
|switch|p2a: Arceus|Arceus-Ghost|100/100
|turn|14
|
|t:|1656393672
|move|p1a: Metagross|Meteor Mash|p2a: Arceus
|-damage|p2a: Arceus|47/100
|move|p2a: Arceus|Shadow Force||[still]
|-prepare|p2a: Arceus|Shadow Force
|
|upkeep
|turn|15
|
|t:|1656393680
|switch|p1a: Gardevoir|Gardevoir, F, shiny|3/100
|move|p2a: Arceus|Shadow Force|p1a: Gardevoir|[from]lockedmove
|-supereffective|p1a: Gardevoir
|-damage|p1a: Gardevoir|0 fnt
|faint|p1a: Gardevoir
|
|upkeep
|
|t:|1656393690
|switch|p1a: Metagross|Metagross-Mega, shiny|83/100
|turn|16
|
|t:|1656393696
|move|p1a: Metagross|Meteor Mash|p2a: Arceus
|-damage|p2a: Arceus|0 fnt
|-boost|p1a: Metagross|atk|1
|faint|p2a: Arceus
|
|upkeep
|
|t:|1656393703
|switch|p2a: Smeargle|Smeargle, M|100/100
|turn|17
|
|t:|1656393707
|move|p1a: Metagross|Zen Headbutt|p2a: Smeargle
|-damage|p2a: Smeargle|0 fnt
|faint|p2a: Smeargle
|
|win|whitegx
|raw|whitegx's rating: 1390 &rarr; <strong>1412</strong><br />(+22 for winning)
|raw|aseeasase's rating: 1417 &rarr; <strong>1395</strong><br />(-22 for losing)
