|j|☆Bunrphenix
|j|☆AnimeZZZZ5
|t:|1651072728
|gametype|singles
|player|p1|Bunrphenix|ash-kalos|1892
|player|p2|AnimeZZZZ5|101|2032
|teamsize|p1|6
|teamsize|p2|6
|gen|8
|tier|[Gen 8] National Dex AG
|rated|
|rule|HP Percentage Mod: HP is shown in percentages
|rule|Endless Battle Clause: Forcing endless battles is banned
|clearpoke
|poke|p1|Rayquaza|
|poke|p1|Zygarde|
|poke|p1|Groudon|
|poke|p1|Marshadow|
|poke|p1|Necrozma-Dusk-Mane|
|poke|p1|Arceus-*|
|poke|p2|Marshadow|
|poke|p2|Yveltal|
|poke|p2|Rayquaza|
|poke|p2|Calyrex-Shadow|
|poke|p2|Xerneas-*|
|poke|p2|Groudon|
|teampreview
|
|t:|1651072759
|start
|switch|p1a: Arceus|Arceus-Fairy|100/100
|switch|p2a: Calyrex|Calyrex-Shadow|100/100
|-ability|p2a: Calyrex|As One
|-ability|p2a: Calyrex|Unnerve
|turn|1
|
|t:|1651072770
|move|p2a: Calyrex|Nasty Plot|p2a: Calyrex
|-boost|p2a: Calyrex|spa|2
|move|p1a: Arceus|Judgment|p2a: Calyrex
|-damage|p2a: Calyrex|49/100
|
|upkeep
|turn|2
|
|t:|1651072783
|-start|p2a: Calyrex|Dynamax|
|-heal|p2a: Calyrex|49/100|[silent]
|-start|p1a: Arceus|Dynamax|
|-heal|p1a: Arceus|100/100|[silent]
|move|p2a: Calyrex|Max Mindstorm|p1a: Arceus
|-damage|p1a: Arceus|59/100
|-fieldstart|move: Psychic Terrain
|move|p1a: Arceus|Max Starfall|p2a: Calyrex
|-damage|p2a: Calyrex|19/100
|-fieldstart|move: Misty Terrain
|
|upkeep
|turn|3
|
|t:|1651072795
|move|p2a: Calyrex|Max Phantasm|p1a: Arceus
|-damage|p1a: Arceus|17/100
|-unboost|p1a: Arceus|def|1
|move|p1a: Arceus|Max Starfall|p2a: Calyrex
|-damage|p2a: Calyrex|0 fnt
|faint|p2a: Calyrex
|
|upkeep
|
|t:|1651072810
|switch|p2a: Yveltal|Yveltal|100/100
|-ability|p2a: Yveltal|Dark Aura
|turn|4
|
|t:|1651072813
|move|p1a: Arceus|Max Starfall|p2a: Yveltal
|-supereffective|p2a: Yveltal
|-damage|p2a: Yveltal|0 fnt
|faint|p2a: Yveltal
|
|-end|p1a: Arceus|Dynamax
|-heal|p1a: Arceus|17/100|[silent]
|upkeep
|
|t:|1651072818
|switch|p2a: Marshadow|Marshadow|100/100
|turn|5
|
|t:|1651072821
|move|p2a: Marshadow|Spectral Thief|p1a: Arceus
|-damage|p1a: Arceus|0 fnt
|faint|p1a: Arceus
|
|upkeep
|
|t:|1651072823
|switch|p1a: Zygarde|Zygarde|100/100
|turn|6
|
|t:|1651072828
|switch|p2a: Rayquaza|Rayquaza|100/100
|-ability|p2a: Rayquaza|Air Lock
|move|p1a: Zygarde|Glare|p2a: Rayquaza
|-status|p2a: Rayquaza|par
|
|-fieldend|Misty Terrain
|upkeep
|turn|7
|
|t:|1651072831
|detailschange|p2a: Rayquaza|Rayquaza-Mega
|-mega|p2a: Rayquaza|Rayquaza|
|-weather|DeltaStream|[from] ability: Delta Stream|[of] p2a: Rayquaza
|move|p1a: Zygarde|Substitute|p1a: Zygarde
|-start|p1a: Zygarde|Substitute
|-damage|p1a: Zygarde|76/100
|move|p2a: Rayquaza|Scale Shot|p1a: Zygarde
|-supereffective|p1a: Zygarde
|-end|p1a: Zygarde|Substitute
|-supereffective|p1a: Zygarde
|-damage|p1a: Zygarde|43/100
|-hitcount|p1a: Zygarde|2
|-unboost|p2a: Rayquaza|def|1
|-boost|p2a: Rayquaza|spe|1
|-damage|p2a: Rayquaza|91/100 par|[from] item: Life Orb
|
|-weather|DeltaStream|[upkeep]
|-heal|p1a: Zygarde|49/100|[from] item: Leftovers
|-activate|p1a: Zygarde|ability: Power Construct
|detailschange|p1a: Zygarde|Zygarde-Complete
|-heal|p1a: Zygarde|68/100|[silent]
|upkeep
|turn|8
|
|t:|1651072853
|switch|p1a: Marshadow|Marshadow|100/100
|cant|p2a: Rayquaza|par
|
|-weather|DeltaStream|[upkeep]
|upkeep
|turn|9
|
|t:|1651072858
|move|p1a: Marshadow|Spectral Thief||[still]
|-clearpositiveboost|p2a: Rayquaza|p1a: Marshadow|move: Spectral Thief
|-boost|p1a: Marshadow|spe|1
|-anim|p1a: Marshadow|Spectral Thief|p2a: Rayquaza
|-damage|p2a: Rayquaza|1/100 par
|-damage|p1a: Marshadow|91/100|[from] item: Life Orb
|cant|p2a: Rayquaza|par
|
|-weather|DeltaStream|[upkeep]
|upkeep
|turn|10
|
|t:|1651072865
|-weather|none
|switch|p2a: Groudon|Groudon|100/100
|detailschange|p2a: Groudon|Groudon-Primal
|-primal|p2a: Groudon
|-weather|DesolateLand|[from] ability: Desolate Land|[of] p2a: Groudon
|move|p1a: Marshadow|Spectral Thief|p2a: Groudon
|-damage|p2a: Groudon|73/100
|-damage|p1a: Marshadow|81/100|[from] item: Life Orb
|
|-weather|DesolateLand|[upkeep]
|upkeep
|turn|11
|
|t:|1651072871
|switch|p1a: Rayquaza|Rayquaza|100/100
|-ability|p1a: Rayquaza|Air Lock
|move|p2a: Groudon|Stealth Rock|p1a: Rayquaza
|-sidestart|p1: Bunrphenix|move: Stealth Rock
|
|-weather|DesolateLand|[upkeep]
|upkeep
|turn|12
|
|t:|1651072880
|-weather|none
|switch|p2a: Rayquaza|Rayquaza-Mega|1/100 par
|-weather|DeltaStream|[from] ability: Delta Stream|[of] p2a: Rayquaza
|detailschange|p1a: Rayquaza|Rayquaza-Mega
|-mega|p1a: Rayquaza|Rayquaza|
|move|p1a: Rayquaza|Earthquake|p2a: Rayquaza
|-immune|p2a: Rayquaza
|
|-weather|DeltaStream|[upkeep]
|upkeep
|turn|13
|
|t:|1651072884
|move|p1a: Rayquaza|Extreme Speed|p2a: Rayquaza
|-damage|p2a: Rayquaza|0 fnt
|faint|p2a: Rayquaza
|-damage|p1a: Rayquaza|91/100|[from] item: Life Orb
|
|-weather|DeltaStream|[upkeep]
|upkeep
|
|t:|1651072888
|switch|p2a: Xerneas|Xerneas|100/100
|-ability|p2a: Xerneas|Fairy Aura
|turn|14
|
|t:|1651072891
|-weather|none
|switch|p1a: Necrozma|Necrozma-Dusk-Mane|100/100
|-damage|p1a: Necrozma|94/100|[from] Stealth Rock
|move|p2a: Xerneas|Moonblast|p1a: Necrozma
|-resisted|p1a: Necrozma
|-damage|p1a: Necrozma|74/100
|-unboost|p1a: Necrozma|spa|1
|
|-heal|p1a: Necrozma|80/100|[from] item: Leftovers
|upkeep
|turn|15
|
|t:|1651072895
|switch|p2a: Groudon|Groudon-Primal|73/100
|-weather|DesolateLand|[from] ability: Desolate Land|[of] p2a: Groudon
|move|p1a: Necrozma|Stealth Rock|p2a: Groudon
|-sidestart|p2: AnimeZZZZ5|move: Stealth Rock
|
|-weather|DesolateLand|[upkeep]
|-heal|p1a: Necrozma|86/100|[from] item: Leftovers
|upkeep
|turn|16
|
|t:|1651072898
|switch|p1a: Rayquaza|Rayquaza-Mega|91/100
|-damage|p1a: Rayquaza|66/100|[from] Stealth Rock
|-weather|DeltaStream|[from] ability: Delta Stream|[of] p1a: Rayquaza
|move|p2a: Groudon|Overheat|p1a: Rayquaza|[miss]
|-miss|p2a: Groudon|p1a: Rayquaza
|
|-weather|DeltaStream|[upkeep]
|upkeep
|turn|17
|-message|AnimeZZZZ5 forfeited.
|
|win|Bunrphenix
|raw|Bunrphenix's rating: 1892 &rarr; <strong>1920</strong><br />(+28 for winning)
|raw|AnimeZZZZ5's rating: 2032 &rarr; <strong>2004</strong><br />(-28 for losing)
|l|☆AnimeZZZZ5
