|j|☆AGLT VRS fardin
|j|☆Hogwashimperial
|player|p1|AGLT VRS fardin|265|1423
|player|p2|Hogwashimperial|swimmer-gen4|1489
|teamsize|p1|6
|teamsize|p2|6
|gametype|singles
|gen|8
|tier|[Gen 8] National Dex AG
|rated|
|clearpoke
|poke|p1|Necrozma-Dusk-Mane|
|poke|p1|Arceus-*|
|poke|p1|Ho-Oh|
|poke|p1|Ferrothorn, F|
|poke|p1|Zacian-Crowned|
|poke|p1|Tyranitar, F|
|poke|p2|Rayquaza|
|poke|p2|Zacian-Crowned|
|poke|p2|Groudon|
|poke|p2|Smeargle, M|
|poke|p2|Necrozma-Dusk-Mane|
|poke|p2|Zygarde|
|rule|HP Percentage Mod: HP is shown in percentages
|rule|Endless Battle Clause: Forcing endless battles is banned
|teampreview
|inactive|Battle timer is ON: inactive players will automatically lose when time's up. (requested by AGLT VRS fardin)
|
|start
|switch|p1a: Arceus|Arceus-Ground|100/100
|switch|p2a: Groudon|Groudon|100/100
|detailschange|p2a: Groudon|Groudon-Primal
|-primal|p2a: Groudon
|-weather|DesolateLand|[from] ability: Desolate Land|[of] p2a: Groudon
|turn|1
|
|move|p1a: Arceus|Judgment|p2a: Groudon
|-supereffective|p2a: Groudon
|-damage|p2a: Groudon|4/100
|move|p2a: Groudon|Eruption|p1a: Arceus
|-damage|p1a: Arceus|97/100
|
|-weather|DesolateLand|[upkeep]
|upkeep
|turn|2
|
|move|p1a: Arceus|Ice Beam|p2a: Groudon
|-damage|p2a: Groudon|0 fnt
|faint|p2a: Groudon
|-weather|none
|
|upkeep
|
|switch|p2a: Necrozma|Necrozma-Dusk-Mane|100/100
|turn|3
|
|switch|p1a: Ho-Oh|Ho-Oh|100/100
|move|p2a: Necrozma|Autotomize|p2a: Necrozma
|-boost|p2a: Necrozma|spe|2
|-start|p2a: Necrozma|Autotomize
|
|upkeep
|turn|4
|
|move|p2a: Necrozma|Photon Geyser|p1a: Ho-Oh
|-damage|p1a: Ho-Oh|57/100
|move|p1a: Ho-Oh|Whirlwind|p2a: Necrozma
|drag|p2a: Zacian|Zacian-Crowned|100/100
|-ability|p2a: Zacian|Intrepid Sword|boost
|-boost|p2a: Zacian|atk|1
|
|upkeep
|turn|5
|inactive|AGLT VRS fardin has 120 seconds left.
|
|switch|p1a: Arceus|Arceus-Ground|97/100
|move|p2a: Zacian|Crunch|p1a: Arceus
|-damage|p1a: Arceus|70/100
|-unboost|p1a: Arceus|def|1
|
|upkeep
|turn|6
|
|switch|p1a: Necrozma|Necrozma-Dusk-Mane|100/100
|move|p2a: Zacian|Behemoth Blade|p1a: Necrozma
|-resisted|p1a: Necrozma
|-damage|p1a: Necrozma|75/100
|
|-heal|p1a: Necrozma|81/100|[from] item: Leftovers
|upkeep
|turn|7
|
|move|p2a: Zacian|Crunch|p1a: Necrozma
|-supereffective|p1a: Necrozma
|-damage|p1a: Necrozma|41/100
|move|p1a: Necrozma|Sunsteel Strike|p2a: Zacian
|-damage|p2a: Zacian|50/100
|
|-heal|p1a: Necrozma|47/100|[from] item: Leftovers
|upkeep
|turn|8
|
|move|p2a: Zacian|Crunch|p1a: Necrozma
|-supereffective|p1a: Necrozma
|-damage|p1a: Necrozma|4/100
|move|p1a: Necrozma|Moonlight|p1a: Necrozma
|-heal|p1a: Necrozma|54/100
|
|-heal|p1a: Necrozma|60/100|[from] item: Leftovers
|upkeep
|turn|9
|
|move|p2a: Zacian|Crunch|p1a: Necrozma
|-supereffective|p1a: Necrozma
|-damage|p1a: Necrozma|20/100
|move|p1a: Necrozma|Sunsteel Strike|p2a: Zacian
|-damage|p2a: Zacian|1/100
|
|-heal|p1a: Necrozma|26/100|[from] item: Leftovers
|upkeep
|turn|10
|
|switch|p1a: Ho-Oh|Ho-Oh|90/100
|move|p2a: Zacian|Crunch|p1a: Ho-Oh
|-damage|p1a: Ho-Oh|55/100
|-unboost|p1a: Ho-Oh|def|1
|
|upkeep
|turn|11
|
|switch|p1a: Ferrothorn|Ferrothorn, F|100/100
|move|p2a: Zacian|Crunch|p1a: Ferrothorn
|-damage|p1a: Ferrothorn|59/100
|-damage|p2a: Zacian|0 fnt|[from] ability: Iron Barbs|[of] p1a: Ferrothorn
|faint|p2a: Zacian
|
|-heal|p1a: Ferrothorn|65/100|[from] item: Leftovers
|upkeep
|
|switch|p2a: Zygarde|Zygarde|100/100
|turn|12
|
|move|p2a: Zygarde|Glare|p1a: Ferrothorn
|-status|p1a: Ferrothorn|par
|cant|p1a: Ferrothorn|par
|
|-heal|p1a: Ferrothorn|71/100 par|[from] item: Leftovers
|upkeep
|turn|13
|
|move|p2a: Zygarde|Substitute|p2a: Zygarde
|-start|p2a: Zygarde|Substitute
|-damage|p2a: Zygarde|76/100
|move|p1a: Ferrothorn|Knock Off|p2a: Zygarde
|-activate|p2a: Zygarde|move: Substitute|[damage]
|
|-heal|p2a: Zygarde|82/100|[from] item: Leftovers
|-heal|p1a: Ferrothorn|77/100 par|[from] item: Leftovers
|upkeep
|turn|14
|
|switch|p1a: Ho-Oh|Ho-Oh|88/100
|move|p2a: Zygarde|Dragon Dance|p2a: Zygarde
|-boost|p2a: Zygarde|atk|1
|-boost|p2a: Zygarde|spe|1
|
|-heal|p2a: Zygarde|88/100|[from] item: Leftovers
|upkeep
|turn|15
|
|move|p2a: Zygarde|Glare|p1a: Ho-Oh
|-status|p1a: Ho-Oh|par
|move|p1a: Ho-Oh|Whirlwind|p2a: Zygarde
|drag|p2a: Smeargle|Smeargle, M|100/100
|
|-ability|p2a: Smeargle|Moody|boost
|-boost|p2a: Smeargle|atk|2
|-unboost|p2a: Smeargle|spe|1
|upkeep
|turn|16
|
|switch|p2a: Zygarde|Zygarde|88/100
|move|p1a: Ho-Oh|Sacred Fire|p2a: Zygarde
|-resisted|p2a: Zygarde
|-damage|p2a: Zygarde|73/100
|
|-heal|p2a: Zygarde|79/100|[from] item: Leftovers
|upkeep
|turn|17
|
|switch|p1a: Necrozma|Necrozma-Dusk-Mane|26/100
|move|p2a: Zygarde|Substitute|p2a: Zygarde
|-start|p2a: Zygarde|Substitute
|-damage|p2a: Zygarde|54/100
|
|-heal|p2a: Zygarde|60/100|[from] item: Leftovers
|-heal|p1a: Necrozma|32/100|[from] item: Leftovers
|upkeep
|turn|18
|
|switch|p1a: Ho-Oh|Ho-Oh|100/100 par
|move|p2a: Zygarde|Thousand Arrows|p1a: Ho-Oh
|-damage|p1a: Ho-Oh|70/100 par
|-start|p1a: Ho-Oh|Smack Down
|
|-heal|p2a: Zygarde|66/100|[from] item: Leftovers
|upkeep
|turn|19
|inactive|AGLT VRS fardin has 120 seconds left.
|
|switch|p1a: Ferrothorn|Ferrothorn, F|77/100 par
|move|p2a: Zygarde|Thousand Arrows|p1a: Ferrothorn
|-damage|p1a: Ferrothorn|46/100 par
|
|-heal|p2a: Zygarde|73/100|[from] item: Leftovers
|-heal|p1a: Ferrothorn|52/100 par|[from] item: Leftovers
|upkeep
|turn|20
|
|switch|p1a: Ho-Oh|Ho-Oh|100/100 par
|move|p2a: Zygarde|Dragon Dance|p2a: Zygarde
|-boost|p2a: Zygarde|atk|1
|-boost|p2a: Zygarde|spe|1
|
|-heal|p2a: Zygarde|79/100|[from] item: Leftovers
|upkeep
|turn|21
|inactive|AGLT VRS fardin has 120 seconds left.
|
|move|p2a: Zygarde|Thousand Arrows|p1a: Ho-Oh
|-damage|p1a: Ho-Oh|57/100 par
|-start|p1a: Ho-Oh|Smack Down
|move|p1a: Ho-Oh|Whirlwind|p2a: Zygarde
|drag|p2a: Rayquaza|Rayquaza|100/100
|-ability|p2a: Rayquaza|Air Lock
|
|upkeep
|turn|22
|
|switch|p1a: Tyranitar|Tyranitar, F|100/100
|-weather|Sandstorm|[from] ability: Sand Stream|[of] p1a: Tyranitar
|detailschange|p2a: Rayquaza|Rayquaza-Mega
|-mega|p2a: Rayquaza|Rayquaza|
|-weather|DeltaStream|[from] ability: Delta Stream|[of] p2a: Rayquaza
|move|p2a: Rayquaza|Dragon Ascent|p1a: Tyranitar
|-resisted|p1a: Tyranitar
|-crit|p1a: Tyranitar
|-damage|p1a: Tyranitar|54/100
|-unboost|p2a: Rayquaza|def|1
|-unboost|p2a: Rayquaza|spd|1
|
|-weather|DeltaStream|[upkeep]
|-heal|p1a: Tyranitar|60/100|[from] item: Leftovers
|upkeep
|turn|23
|
|move|p2a: Rayquaza|V-create|p1a: Tyranitar
|-resisted|p1a: Tyranitar
|-damage|p1a: Tyranitar|29/100
|-unboost|p2a: Rayquaza|spe|1
|-unboost|p2a: Rayquaza|def|1
|-unboost|p2a: Rayquaza|spd|1
|move|p1a: Tyranitar|Stealth Rock|p2a: Rayquaza
|-sidestart|p2: Hogwashimperial|move: Stealth Rock
|
|-weather|DeltaStream|[upkeep]
|-heal|p1a: Tyranitar|35/100|[from] item: Leftovers
|upkeep
|turn|24
|
|move|p2a: Rayquaza|Dragon Ascent|p1a: Tyranitar
|-resisted|p1a: Tyranitar
|-damage|p1a: Tyranitar|2/100
|-unboost|p2a: Rayquaza|def|1
|-unboost|p2a: Rayquaza|spd|1
|move|p1a: Tyranitar|Pursuit|p2a: Rayquaza
|-damage|p2a: Rayquaza|59/100
|
|-weather|DeltaStream|[upkeep]
|-heal|p1a: Tyranitar|8/100|[from] item: Leftovers
|upkeep
|turn|25
|c|☆Hogwashimperial|oops
|
|move|p2a: Rayquaza|Extreme Speed|p1a: Tyranitar
|-resisted|p1a: Tyranitar
|-damage|p1a: Tyranitar|0 fnt
|faint|p1a: Tyranitar
|
|-weather|DeltaStream|[upkeep]
|upkeep
|
|switch|p1a: Zacian|Zacian-Crowned|100/100
|-ability|p1a: Zacian|Intrepid Sword|boost
|-boost|p1a: Zacian|atk|1
|turn|26
|
|move|p2a: Rayquaza|Extreme Speed|p1a: Zacian
|-resisted|p1a: Zacian
|-damage|p1a: Zacian|84/100
|move|p1a: Zacian|Behemoth Blade|p2a: Rayquaza
|-damage|p2a: Rayquaza|0 fnt
|faint|p2a: Rayquaza
|-weather|none
|
|upkeep
|
|switch|p2a: Necrozma|Necrozma-Dusk-Mane|100/100
|-damage|p2a: Necrozma|94/100|[from] Stealth Rock
|turn|27
|
|switch|p1a: Ho-Oh|Ho-Oh|90/100 par
|move|p2a: Necrozma|Autotomize|p2a: Necrozma
|-boost|p2a: Necrozma|spe|2
|-start|p2a: Necrozma|Autotomize
|
|upkeep
|turn|28
|
|move|p2a: Necrozma|Photon Geyser|p1a: Ho-Oh
|-damage|p1a: Ho-Oh|44/100 par
|move|p1a: Ho-Oh|Whirlwind|p2a: Necrozma
|drag|p2a: Smeargle|Smeargle, M|100/100
|-damage|p2a: Smeargle|88/100|[from] Stealth Rock
|
|-ability|p2a: Smeargle|Moody|boost
|-boost|p2a: Smeargle|def|2
|-unboost|p2a: Smeargle|spa|1
|upkeep
|turn|29
|
|move|p2a: Smeargle|Baton Pass|p2a: Smeargle
|
|switch|p2a: Zygarde|Zygarde|79/100|[from]move: Baton Pass
|-damage|p2a: Zygarde|73/100|[from] Stealth Rock
|cant|p1a: Ho-Oh|par
|
|-heal|p2a: Zygarde|79/100|[from] item: Leftovers
|upkeep
|turn|30
|
|move|p2a: Zygarde|Thousand Arrows|p1a: Ho-Oh
|-damage|p1a: Ho-Oh|17/100 par
|-start|p1a: Ho-Oh|Smack Down
|move|p1a: Ho-Oh|Toxic|p2a: Zygarde|[miss]
|-miss|p1a: Ho-Oh|p2a: Zygarde
|
|-heal|p2a: Zygarde|85/100|[from] item: Leftovers
|upkeep
|turn|31
|
|switch|p1a: Arceus|Arceus-Ground|70/100
|move|p2a: Zygarde|Thousand Arrows|p1a: Arceus
|-damage|p1a: Arceus|50/100
|
|-heal|p2a: Zygarde|91/100|[from] item: Leftovers
|upkeep
|turn|32
|c|☆Hogwashimperial|ayy
|
|-start|p1a: Arceus|Dynamax
|-heal|p1a: Arceus|50/100|[silent]
|move|p1a: Arceus|Max Hailstorm|p2a: Zygarde
|-supereffective|p2a: Zygarde
|-damage|p2a: Zygarde|0 fnt
|-weather|Hail
|faint|p2a: Zygarde
|
|-weather|Hail|[upkeep]
|-damage|p1a: Arceus|47/100|[from] Hail
|upkeep
|
|switch|p2a: Necrozma|Necrozma-Dusk-Mane|94/100
|-damage|p2a: Necrozma|88/100|[from] Stealth Rock
|turn|33
|
|-start|p2a: Necrozma|Dynamax
|-heal|p2a: Necrozma|88/100|[silent]
|move|p1a: Arceus|Max Quake|p2a: Necrozma|[from]Judgment
|-supereffective|p2a: Necrozma
|-damage|p2a: Necrozma|47/100
|-enditem|p2a: Necrozma|Weakness Policy
|-boost|p2a: Necrozma|atk|2|[from] item: Weakness Policy
|-boost|p2a: Necrozma|spa|2|[from] item: Weakness Policy
|-boost|p1a: Arceus|spd|1
|move|p2a: Necrozma|Max Steelspike|p1a: Arceus
|-crit|p1a: Arceus
|-damage|p1a: Arceus|0 fnt
|-boost|p2a: Necrozma|def|1
|faint|p1a: Arceus
|
|-weather|Hail|[upkeep]
|-damage|p2a: Necrozma|44/100|[from] Hail
|upkeep
|
|switch|p1a: Ho-Oh|Ho-Oh|50/100 par
|turn|34
|
|switch|p1a: Necrozma|Necrozma-Dusk-Mane|32/100
|move|p2a: Necrozma|Max Mindstorm|p1a: Necrozma
|-resisted|p1a: Necrozma
|-damage|p1a: Necrozma|16/100
|-fieldstart|move: Psychic Terrain
|
|-weather|Hail|[upkeep]
|-damage|p2a: Necrozma|41/100|[from] Hail
|-damage|p1a: Necrozma|10/100|[from] Hail
|-heal|p1a: Necrozma|16/100|[from] item: Leftovers
|upkeep
|turn|35
|
|switch|p1a: Ho-Oh|Ho-Oh|83/100 par
|move|p2a: Necrozma|Max Steelspike|p1a: Ho-Oh
|-resisted|p1a: Ho-Oh
|-damage|p1a: Ho-Oh|29/100 par
|-boost|p2a: Necrozma|def|1
|
|-weather|Hail|[upkeep]
|-damage|p2a: Necrozma|38/100|[from] Hail
|-damage|p1a: Ho-Oh|23/100 par|[from] Hail
|-end|p2a: Necrozma|Dynamax
|-heal|p2a: Necrozma|38/100|[silent]
|upkeep
|turn|36
|inactive|Hogwashimperial has 120 seconds left.
|
|switch|p1a: Necrozma|Necrozma-Dusk-Mane|16/100
|move|p2a: Necrozma|Photon Geyser|p1a: Necrozma
|-resisted|p1a: Necrozma
|-damage|p1a: Necrozma|0 fnt
|faint|p1a: Necrozma
|
|-weather|none
|upkeep
|
|switch|p1a: Ho-Oh|Ho-Oh|56/100 par
|turn|37
|
|switch|p1a: Zacian|Zacian-Crowned|84/100
|-ability|p1a: Zacian|Intrepid Sword|boost
|-boost|p1a: Zacian|atk|1
|move|p2a: Necrozma|Autotomize|p2a: Necrozma
|-boost|p2a: Necrozma|spe|2
|-start|p2a: Necrozma|Autotomize
|
|upkeep
|turn|38
|c|☆Hogwashimperial|thx
|
|move|p2a: Necrozma|Earthquake|p1a: Zacian
|-supereffective|p1a: Zacian
|-damage|p1a: Zacian|0 fnt
|faint|p1a: Zacian
|
|-fieldend|move: Psychic Terrain
|upkeep
|
|switch|p1a: Ho-Oh|Ho-Oh|89/100 par
|turn|39
|
|move|p2a: Necrozma|Photon Geyser|p1a: Ho-Oh
|-crit|p1a: Ho-Oh
|-damage|p1a: Ho-Oh|0 fnt
|faint|p1a: Ho-Oh
|
|upkeep
|c|☆Hogwashimperial|LMAO
|c|☆Hogwashimperial|the ndm sweep?
|
|switch|p1a: Ferrothorn|Ferrothorn, F|52/100 par
|turn|40
|
|move|p1a: Ferrothorn|Protect|p1a: Ferrothorn
|-singleturn|p1a: Ferrothorn|Protect
|move|p2a: Necrozma|Earthquake|p1a: Ferrothorn
|-activate|p1a: Ferrothorn|move: Protect
|
|-heal|p1a: Ferrothorn|58/100 par|[from] item: Leftovers
|upkeep
|turn|41
|
|move|p2a: Necrozma|Earthquake|p1a: Ferrothorn
|-damage|p1a: Ferrothorn|0 fnt
|faint|p1a: Ferrothorn
|
|win|Hogwashimperial
|c|☆AGLT VRS fardin|gg
|c|☆Hogwashimperial|ayyyyyyy
|c|☆Hogwashimperial|gg
|l|☆AGLT VRS fardin
||Ladder (probably) updated, but score could not be retrieved (Response not received).
