|j|☆Ussolando
|j|☆Sam4682
|t:|1656052929
|gametype|singles
|player|p1|Ussolando|karen|1550
|player|p2|Sam4682|lance|1518
|teamsize|p1|6
|teamsize|p2|6
|gen|8
|tier|[Gen 8] National Dex AG
|rated|
|rule|HP Percentage Mod: HP is shown in percentages
|rule|Endless Battle Clause: Forcing endless battles is banned
|clearpoke
|poke|p1|Kyogre|
|poke|p1|Galvantula, M|
|poke|p1|Greninja, M|
|poke|p1|Arceus-*|
|poke|p1|Zacian-*|
|poke|p1|Lugia|
|poke|p2|Groudon|
|poke|p2|Excadrill, F|
|poke|p2|Yveltal|
|poke|p2|Kyogre|
|poke|p2|Swampert, M|
|poke|p2|Sceptile, F|
|teampreview
|inactive|Battle timer is ON: inactive players will automatically lose when time's up. (requested by Sam4682)
|
|t:|1656052935
|start
|switch|p1a: Galvantula|Galvantula, M, shiny|100/100
|switch|p2a: Excadrill|Excadrill, F|100/100
|-ability|p2a: Excadrill|Mold Breaker
|turn|1
|
|t:|1656052943
|move|p1a: Galvantula|Energy Ball|p2a: Excadrill
|-damage|p2a: Excadrill|60/100
|move|p2a: Excadrill|Rapid Spin|p1a: Galvantula
|-damage|p1a: Galvantula|69/100
|-boost|p2a: Excadrill|spe|1
|
|upkeep
|turn|2
|
|t:|1656052954
|switch|p1a: Lugia|Lugia|100/100
|move|p2a: Excadrill|Earthquake|p1a: Lugia
|-immune|p1a: Lugia
|
|upkeep
|turn|3
|
|t:|1656052962
|move|p2a: Excadrill|Stealth Rock|p1a: Lugia
|-sidestart|p1: Ussolando|move: Stealth Rock
|move|p1a: Lugia|Calm Mind|p1a: Lugia
|-boost|p1a: Lugia|spa|1
|-boost|p1a: Lugia|spd|1
|
|upkeep
|turn|4
|
|t:|1656052968
|move|p2a: Excadrill|Iron Head|p1a: Lugia
|-damage|p1a: Lugia|71/100
|cant|p1a: Lugia|flinch
|
|-heal|p1a: Lugia|78/100|[from] item: Leftovers
|upkeep
|turn|5
|
|t:|1656052976
|move|p2a: Excadrill|Iron Head|p1a: Lugia
|-damage|p1a: Lugia|49/100
|move|p1a: Lugia|Recover|p1a: Lugia
|-heal|p1a: Lugia|99/100
|
|-heal|p1a: Lugia|100/100|[from] item: Leftovers
|upkeep
|turn|6
|
|t:|1656052985
|switch|p2a: Yveltal|Yveltal|100/100
|-ability|p2a: Yveltal|Dark Aura
|move|p1a: Lugia|Calm Mind|p1a: Lugia
|-boost|p1a: Lugia|spa|1
|-boost|p1a: Lugia|spd|1
|
|upkeep
|turn|7
|
|t:|1656052993
|-start|p1a: Lugia|Dynamax|
|-heal|p1a: Lugia|100/100|[silent]
|move|p2a: Yveltal|Taunt|p1a: Lugia
|-start|p1a: Lugia|move: Taunt
|move|p1a: Lugia|Max Airstream|p2a: Yveltal
|-damage|p2a: Yveltal|9/100
|-boost|p1a: Lugia|spe|1
|
|upkeep
|turn|8
|
|t:|1656053004
|move|p2a: Yveltal|Sucker Punch|p1a: Lugia
|-supereffective|p1a: Lugia
|-damage|p1a: Lugia|86/100
|move|p1a: Lugia|Max Airstream|p2a: Yveltal
|-damage|p2a: Yveltal|0 fnt
|-boost|p1a: Lugia|spe|1
|faint|p2a: Yveltal
|
|-heal|p1a: Lugia|89/100|[from] item: Leftovers
|upkeep
|
|t:|1656053020
|switch|p2a: Swampert|Swampert, M|100/100
|turn|9
|
|t:|1656053026
|move|p1a: Lugia|Max Airstream|p2a: Swampert
|-crit|p2a: Swampert
|-damage|p2a: Swampert|0 fnt
|-boost|p1a: Lugia|spe|1
|faint|p2a: Swampert
|
|-heal|p1a: Lugia|92/100|[from] item: Leftovers
|-end|p1a: Lugia|move: Taunt
|upkeep
|
|t:|1656053036
|switch|p2a: Groudon|Groudon|100/100
|detailschange|p2a: Groudon|Groudon-Primal
|-primal|p2a: Groudon
|-weather|DesolateLand|[from] ability: Desolate Land|[of] p2a: Groudon
|-end|p1a: Lugia|Dynamax
|-heal|p1a: Lugia|92/100|[silent]
|turn|10
|
|t:|1656053044
|move|p1a: Lugia|Psychic|p2a: Groudon
|-damage|p2a: Groudon|26/100
|move|p2a: Groudon|Roar|p1a: Lugia
|drag|p1a: Kyogre|Kyogre, shiny|100/100
|-damage|p1a: Kyogre|88/100|[from] Stealth Rock
|detailschange|p1a: Kyogre|Kyogre-Primal, shiny
|-primal|p1a: Kyogre
|-weather|PrimordialSea|[from] ability: Primordial Sea|[of] p1a: Kyogre
|
|-weather|PrimordialSea|[upkeep]
|upkeep
|turn|11
|c|☆Sam4682|Jesus.
|c|☆Sam4682|I thought it was game over for me.
|
|t:|1656053070
|switch|p2a: Excadrill|Excadrill, F|60/100
|-ability|p2a: Excadrill|Mold Breaker
|move|p1a: Kyogre|Water Spout|p2a: Excadrill
|-supereffective|p2a: Excadrill
|-damage|p2a: Excadrill|0 fnt
|faint|p2a: Excadrill
|
|-weather|PrimordialSea|[upkeep]
|upkeep
|
|t:|1656053079
|switch|p2a: Groudon|Groudon-Primal|26/100
|-weather|DesolateLand|[from] ability: Desolate Land|[of] p2a: Groudon
|turn|12
|
|t:|1656053089
|move|p1a: Kyogre|Ice Beam|p2a: Groudon
|-damage|p2a: Groudon|0 fnt
|faint|p2a: Groudon
|-weather|none
|
|upkeep
|
|t:|1656053096
|switch|p2a: Sceptile|Sceptile, F|100/100
|turn|13
|
|t:|1656053116
|detailschange|p2a: Sceptile|Sceptile-Mega, F
|-mega|p2a: Sceptile|Sceptile|Sceptilite
|move|p2a: Sceptile|Leaf Blade|p1a: Kyogre
|-supereffective|p1a: Kyogre
|-damage|p1a: Kyogre|0 fnt
|faint|p1a: Kyogre
|
|upkeep
|
|t:|1656053135
|switch|p1a: Lugia|Lugia|92/100
|-damage|p1a: Lugia|67/100|[from] Stealth Rock
|turn|14
|
|t:|1656053141
|move|p2a: Sceptile|Scale Shot|p1a: Lugia
|-damage|p1a: Lugia|59/100
|-damage|p1a: Lugia|49/100
|-damage|p1a: Lugia|40/100
|-damage|p1a: Lugia|31/100
|-damage|p1a: Lugia|21/100
|-hitcount|p1a: Lugia|5
|-unboost|p2a: Sceptile|def|1
|-boost|p2a: Sceptile|spe|1
|move|p1a: Lugia|Aeroblast|p2a: Sceptile
|-supereffective|p2a: Sceptile
|-damage|p2a: Sceptile|0 fnt
|faint|p2a: Sceptile
|
|-heal|p1a: Lugia|27/100|[from] item: Leftovers
|upkeep
|
|t:|1656053157
|switch|p2a: Kyogre|Kyogre|100/100
|-weather|RainDance|[from] ability: Drizzle|[of] p2a: Kyogre
|turn|15
|
|t:|1656053161
|move|p2a: Kyogre|Water Spout|p1a: Lugia
|-damage|p1a: Lugia|0 fnt
|faint|p1a: Lugia
|
|-weather|RainDance|[upkeep]
|upkeep
|
|t:|1656053167
|switch|p1a: Greninja|Greninja, M|100/100
|-damage|p1a: Greninja|88/100|[from] Stealth Rock
|turn|16
|
|t:|1656053171
|move|p1a: Greninja|Water Shuriken|p2a: Kyogre
|-resisted|p2a: Kyogre
|-damage|p2a: Kyogre|96/100
|-resisted|p2a: Kyogre
|-damage|p2a: Kyogre|92/100
|-resisted|p2a: Kyogre
|-damage|p2a: Kyogre|88/100
|-hitcount|p2a: Kyogre|3
|move|p2a: Kyogre|Water Spout|p1a: Greninja
|-resisted|p1a: Greninja
|-damage|p1a: Greninja|0 fnt
|faint|p1a: Greninja
|
|-weather|RainDance|[upkeep]
|upkeep
|j| psaddict123
|
|t:|1656053184
|switch|p1a: Galvantula|Galvantula, M, shiny|69/100
|-damage|p1a: Galvantula|44/100|[from] Stealth Rock
|turn|17
|
|t:|1656053188
|move|p2a: Kyogre|Water Spout|p1a: Galvantula
|-damage|p1a: Galvantula|0 fnt
|faint|p1a: Galvantula
|
|-weather|RainDance|[upkeep]
|upkeep
|
|t:|1656053199
|switch|p1a: Zacian|Zacian-Crowned, shiny|100/100
|-damage|p1a: Zacian|94/100|[from] Stealth Rock
|-ability|p1a: Zacian|Intrepid Sword|boost
|-boost|p1a: Zacian|atk|1
|turn|18
|
|t:|1656053207
|move|p2a: Kyogre|Water Spout|p1a: Zacian
|-damage|p1a: Zacian|0 fnt
|faint|p1a: Zacian
|
|-weather|RainDance|[upkeep]
|upkeep
|
|t:|1656053212
|switch|p1a: Arceus|Arceus-Fairy, shiny|100/100
|-damage|p1a: Arceus|88/100|[from] Stealth Rock
|turn|19
|
|t:|1656053227
|-start|p2a: Kyogre|Dynamax|
|-heal|p2a: Kyogre|88/100|[silent]
|move|p1a: Arceus|Judgment|p2a: Kyogre
|-damage|p2a: Kyogre|66/100
|move|p2a: Kyogre|Max Geyser|p1a: Arceus
|-damage|p1a: Arceus|0 fnt
|faint|p1a: Arceus
|
|win|Sam4682
|raw|Ussolando's rating: 1550 &rarr; <strong>1528</strong><br />(-22 for losing)
|raw|Sam4682's rating: 1518 &rarr; <strong>1540</strong><br />(+22 for winning)
|l|☆Ussolando
|l|☆Sam4682
|j|☆Sam4682
|player|p2|Sam4682|lance
