|j|☆Puigson
|j|☆iHaveAsthma
|t:|1650040204
|gametype|singles
|player|p1|Puigson|steven|1738
|player|p2|iHaveAsthma|doctor|1860
|teamsize|p1|6
|teamsize|p2|6
|gen|8
|tier|[Gen 8] National Dex AG
|rated|
|rule|HP Percentage Mod: HP is shown in percentages
|rule|Endless Battle Clause: Forcing endless battles is banned
|clearpoke
|poke|p1|Calyrex-Shadow|
|poke|p1|Zacian-*|
|poke|p1|Rayquaza|
|poke|p1|Necrozma-Dusk-Mane|
|poke|p1|Yveltal|
|poke|p1|Groudon|
|poke|p2|Rayquaza|
|poke|p2|Lugia|
|poke|p2|Groudon|
|poke|p2|Arceus-*|
|poke|p2|Arceus-*|
|poke|p2|Marshadow|
|teampreview
|inactive|Battle timer is ON: inactive players will automatically lose when time's up. (requested by Puigson)
|inactive|iHaveAsthma has 120 seconds left.
|
|t:|1650040255
|start
|switch|p1a: Zacian|Zacian-Crowned|100/100
|switch|p2a: Lugia|Lugia|100/100
|-ability|p1a: Zacian|Intrepid Sword|boost
|-boost|p1a: Zacian|atk|1
|turn|1
|
|t:|1650040260
|move|p1a: Zacian|Wild Charge|p2a: Lugia
|-supereffective|p2a: Lugia
|-damage|p2a: Lugia|73/100
|-damage|p1a: Zacian|92/100|[from] Recoil
|move|p2a: Lugia|Thunder Wave|p1a: Zacian
|-status|p1a: Zacian|par
|
|upkeep
|turn|2
|inactive|iHaveAsthma has 120 seconds left.
|
|t:|1650040315
|move|p2a: Lugia|Roost|p2a: Lugia
|-heal|p2a: Lugia|100/100
|-singleturn|p2a: Lugia|move: Roost
|move|p1a: Zacian|Wild Charge|p2a: Lugia
|-damage|p2a: Lugia|86/100
|-damage|p1a: Zacian|87/100 par|[from] Recoil
|
|upkeep
|turn|3
|
|t:|1650040328
|switch|p2a: Groudon|Groudon|100/100
|detailschange|p2a: Groudon|Groudon-Primal
|-primal|p2a: Groudon
|-weather|DesolateLand|[from] ability: Desolate Land|[of] p2a: Groudon
|switch|p1a: Yveltal|Yveltal|100/100
|-ability|p1a: Yveltal|Dark Aura
|
|-weather|DesolateLand|[upkeep]
|upkeep
|turn|4
|
|t:|1650040335
|switch|p1a: Rayquaza|Rayquaza|100/100
|-ability|p1a: Rayquaza|Air Lock
|move|p2a: Groudon|Eruption|p1a: Rayquaza
|-resisted|p1a: Rayquaza
|-damage|p1a: Rayquaza|57/100
|
|-weather|DesolateLand|[upkeep]
|upkeep
|turn|5
|
|t:|1650040341
|detailschange|p1a: Rayquaza|Rayquaza-Mega
|-mega|p1a: Rayquaza|Rayquaza|
|-weather|DeltaStream|[from] ability: Delta Stream|[of] p1a: Rayquaza
|move|p1a: Rayquaza|Dragon Ascent|p2a: Groudon
|-damage|p2a: Groudon|25/100
|-unboost|p1a: Rayquaza|def|1
|-unboost|p1a: Rayquaza|spd|1
|-damage|p1a: Rayquaza|47/100|[from] item: Life Orb
|move|p2a: Groudon|Stealth Rock|p1a: Rayquaza
|-sidestart|p1: Puigson|move: Stealth Rock
|
|-weather|DeltaStream|[upkeep]
|upkeep
|turn|6
|
|t:|1650040344
|move|p1a: Rayquaza|Extreme Speed|p2a: Groudon
|-damage|p2a: Groudon|0 fnt
|faint|p2a: Groudon
|-damage|p1a: Rayquaza|37/100|[from] item: Life Orb
|
|-weather|DeltaStream|[upkeep]
|upkeep
|
|t:|1650040347
|switch|p2a: Rayquaza|Rayquaza|100/100
|-ability|p2a: Rayquaza|Air Lock
|turn|7
|
|t:|1650040350
|detailschange|p2a: Rayquaza|Rayquaza-Mega
|-mega|p2a: Rayquaza|Rayquaza|
|move|p1a: Rayquaza|Extreme Speed|p2a: Rayquaza
|-damage|p2a: Rayquaza|54/100
|-damage|p1a: Rayquaza|27/100|[from] item: Life Orb
|move|p2a: Rayquaza|Scale Shot|p1a: Rayquaza|[miss]
|-miss|p2a: Rayquaza|p1a: Rayquaza
|
|-weather|DeltaStream|[upkeep]
|upkeep
|turn|8
|
|t:|1650040358
|move|p1a: Rayquaza|Extreme Speed|p2a: Rayquaza
|-damage|p2a: Rayquaza|1/100
|-damage|p1a: Rayquaza|17/100|[from] item: Life Orb
|move|p2a: Rayquaza|Extreme Speed|p1a: Rayquaza
|-damage|p1a: Rayquaza|0 fnt
|faint|p1a: Rayquaza
|
|-weather|DeltaStream|[upkeep]
|upkeep
|
|t:|1650040365
|switch|p1a: Calyrex|Calyrex-Shadow|100/100
|-ability|p1a: Calyrex|As One
|-ability|p1a: Calyrex|Unnerve
|-damage|p1a: Calyrex|88/100|[from] Stealth Rock
|turn|9
|
|t:|1650040371
|move|p1a: Calyrex|Astral Barrage|p2a: Rayquaza
|-damage|p2a: Rayquaza|0 fnt
|faint|p2a: Rayquaza
|-weather|none
|-ability|p1a: Calyrex|Grim Neigh|boost
|-boost|p1a: Calyrex|spa|1
|
|upkeep
|
|t:|1650040373
|switch|p2a: Marshadow|Marshadow|100/100
|turn|10
|
|t:|1650040375
|switch|p1a: Groudon|Groudon|100/100
|-damage|p1a: Groudon|94/100|[from] Stealth Rock
|detailschange|p1a: Groudon|Groudon-Primal
|-primal|p1a: Groudon
|-weather|DesolateLand|[from] ability: Desolate Land|[of] p1a: Groudon
|move|p2a: Marshadow|Spectral Thief|p1a: Groudon
|-damage|p1a: Groudon|70/100
|
|-weather|DesolateLand|[upkeep]
|upkeep
|turn|11
|
|t:|1650040389
|switch|p2a: Arceus|Arceus-Ground|100/100
|move|p1a: Groudon|Stealth Rock|p2a: Arceus
|-sidestart|p2: iHaveAsthma|move: Stealth Rock
|
|-weather|DesolateLand|[upkeep]
|upkeep
|turn|12
|inactive|iHaveAsthma has 120 seconds left.
|
|t:|1650040442
|-weather|none
|switch|p1a: Yveltal|Yveltal|100/100
|-ability|p1a: Yveltal|Dark Aura
|move|p2a: Arceus|Calm Mind|p2a: Arceus
|-boost|p2a: Arceus|spa|1
|-boost|p2a: Arceus|spd|1
|
|upkeep
|turn|13
|inactive|iHaveAsthma has 90 seconds left.
|
|t:|1650040477
|move|p2a: Arceus|Calm Mind|p2a: Arceus
|-boost|p2a: Arceus|spa|1
|-boost|p2a: Arceus|spd|1
|move|p1a: Yveltal|Snarl|p2a: Arceus
|-damage|p2a: Arceus|90/100
|-unboost|p2a: Arceus|spa|1
|
|upkeep
|turn|14
|
|t:|1650040487
|move|p2a: Arceus|Ice Beam|p1a: Yveltal
|-supereffective|p1a: Yveltal
|-damage|p1a: Yveltal|60/100
|move|p1a: Yveltal|Snarl|p2a: Arceus
|-damage|p2a: Arceus|78/100
|-unboost|p2a: Arceus|spa|1
|
|upkeep
|turn|15
|inactive|iHaveAsthma has 90 seconds left.
|inactive|iHaveAsthma has 60 seconds left.
|
|t:|1650040540
|move|p2a: Arceus|Calm Mind|p2a: Arceus
|-boost|p2a: Arceus|spa|1
|-boost|p2a: Arceus|spd|1
|move|p1a: Yveltal|Snarl|p2a: Arceus
|-damage|p2a: Arceus|70/100
|-unboost|p2a: Arceus|spa|1
|
|upkeep
|turn|16
|
|t:|1650040546
|move|p2a: Arceus|Calm Mind|p2a: Arceus
|-boost|p2a: Arceus|spa|1
|-boost|p2a: Arceus|spd|1
|move|p1a: Yveltal|Snarl|p2a: Arceus
|-damage|p2a: Arceus|62/100
|-unboost|p2a: Arceus|spa|1
|
|upkeep
|turn|17
|
|t:|1650040550
|move|p2a: Arceus|Calm Mind|p2a: Arceus
|-boost|p2a: Arceus|spa|1
|-boost|p2a: Arceus|spd|1
|move|p1a: Yveltal|Snarl|p2a: Arceus
|-damage|p2a: Arceus|56/100
|-unboost|p2a: Arceus|spa|1
|
|upkeep
|turn|18
|inactive|iHaveAsthma has 60 seconds left.
|
|t:|1650040560
|move|p2a: Arceus|Recover|p2a: Arceus
|-heal|p2a: Arceus|100/100
|move|p1a: Yveltal|U-turn|p2a: Arceus
|-damage|p2a: Arceus|91/100
|
|t:|1650040563
|switch|p1a: Groudon|Groudon-Primal|70/100|[from]move: U-turn
|-damage|p1a: Groudon|57/100|[from] Stealth Rock
|-weather|DesolateLand|[from] ability: Desolate Land|[of] p1a: Groudon
|
|-weather|DesolateLand|[upkeep]
|upkeep
|turn|19
|
|t:|1650040566
|move|p2a: Arceus|Judgment|p1a: Groudon
|-supereffective|p1a: Groudon
|-damage|p1a: Groudon|0 fnt
|faint|p1a: Groudon
|-weather|none
|
|upkeep
|
|t:|1650040575
|switch|p1a: Calyrex|Calyrex-Shadow|88/100
|-ability|p1a: Calyrex|As One
|-ability|p1a: Calyrex|Unnerve
|-damage|p1a: Calyrex|76/100|[from] Stealth Rock
|turn|20
|
|t:|1650040579
|move|p1a: Calyrex|Psyshock|p2a: Arceus
|-damage|p2a: Arceus|66/100
|move|p2a: Arceus|Calm Mind|p2a: Arceus
|-boost|p2a: Arceus|spa|1
|-boost|p2a: Arceus|spd|1
|
|upkeep
|turn|21
|
|t:|1650040582
|move|p1a: Calyrex|Psyshock|p2a: Arceus
|-damage|p2a: Arceus|43/100
|move|p2a: Arceus|Calm Mind|p2a: Arceus
|-boost|p2a: Arceus|spa|1
|-boost|p2a: Arceus|spd|0
|
|upkeep
|turn|22
|
|t:|1650040583
|move|p1a: Calyrex|Psyshock|p2a: Arceus
|-damage|p2a: Arceus|16/100
|move|p2a: Arceus|Recover|p2a: Arceus
|-heal|p2a: Arceus|66/100
|
|upkeep
|turn|23
|
|t:|1650040585
|move|p1a: Calyrex|Psyshock|p2a: Arceus
|-damage|p2a: Arceus|41/100
|move|p2a: Arceus|Recover|p2a: Arceus
|-heal|p2a: Arceus|91/100
|
|upkeep
|turn|24
|
|t:|1650040588
|move|p1a: Calyrex|Psyshock|p2a: Arceus
|-damage|p2a: Arceus|69/100
|move|p2a: Arceus|Calm Mind|p2a: Arceus
|-boost|p2a: Arceus|spa|1
|-boost|p2a: Arceus|spd|0
|
|upkeep
|turn|25
|
|t:|1650040592
|move|p1a: Calyrex|Psyshock|p2a: Arceus
|-damage|p2a: Arceus|43/100
|move|p2a: Arceus|Recover|p2a: Arceus
|-heal|p2a: Arceus|93/100
|
|upkeep
|turn|26
|
|t:|1650040595
|move|p1a: Calyrex|Psyshock|p2a: Arceus
|-damage|p2a: Arceus|70/100
|move|p2a: Arceus|Calm Mind|p2a: Arceus
|-boost|p2a: Arceus|spa|1
|-boost|p2a: Arceus|spd|0
|
|upkeep
|turn|27
|-message|Puigson forfeited.
|
|win|iHaveAsthma
|raw|Puigson's rating: 1738 &rarr; <strong>1725</strong><br />(-13 for losing)
|raw|iHaveAsthma's rating: 1860 &rarr; <strong>1873</strong><br />(+13 for winning)
|l|☆Puigson
|l|☆iHaveAsthma
