|j|☆Freeity
|j|☆Togenium Z
|t:|1649982299
|gametype|singles
|player|p1|Freeity|iris-gen5bw2|
|player|p2|Togenium Z|lass-gen4|
|teamsize|p1|6
|teamsize|p2|6
|gen|8
|tier|[Gen 8] National Dex AG
|rule|HP Percentage Mod: HP is shown in percentages
|rule|Endless Battle Clause: Forcing endless battles is banned
|clearpoke
|poke|p1|Kyogre|
|poke|p1|Chansey, F|
|poke|p1|Zacian-*|
|poke|p1|Zygarde|
|poke|p1|Necrozma-Dusk-Mane|
|poke|p1|Arceus-*|
|poke|p2|Marshadow|
|poke|p2|Rotom-Heat|
|poke|p2|Aerodactyl, F|
|poke|p2|Dracovish|
|poke|p2|Butterfree, F|
|poke|p2|Cottonee, L1, F|
|teampreview
|j| RGCultist
|
|t:|1649982313
|start
|switch|p1a: Zygarde|Zygarde|100/100
|switch|p2a: Butterfree|Butterfree, F|100/100
|turn|1
|
|t:|1649982319
|move|p2a: Butterfree|Sleep Powder|p1a: Zygarde
|-status|p1a: Zygarde|slp|[from] move: Sleep Powder
|cant|p1a: Zygarde|slp
|
|upkeep
|turn|2
|c| RGCultist|ass
|c| RGCultist|jk
|
|t:|1649982324
|switch|p1a: Necrozma|Necrozma-Dusk-Mane|100/100
|move|p2a: Butterfree|Substitute|p2a: Butterfree
|-start|p2a: Butterfree|Substitute
|-damage|p2a: Butterfree|76/100
|
|-heal|p2a: Butterfree|82/100|[from] item: Leftovers
|upkeep
|turn|3
|
|t:|1649982330
|move|p2a: Butterfree|Sleep Powder|p1a: Necrozma
|-status|p1a: Necrozma|slp|[from] move: Sleep Powder
|cant|p1a: Necrozma|slp
|
|-heal|p2a: Butterfree|88/100|[from] item: Leftovers
|upkeep
|turn|4
|c|☆Togenium Z|Im finna be an asshole rn
|c| RGCultist|L
|c|☆Togenium Z|sorry
|
|t:|1649982337
|move|p2a: Butterfree|Quiver Dance|p2a: Butterfree
|-boost|p2a: Butterfree|spa|1
|-boost|p2a: Butterfree|spd|1
|-boost|p2a: Butterfree|spe|1
|cant|p1a: Necrozma|slp
|
|-heal|p2a: Butterfree|94/100|[from] item: Leftovers
|upkeep
|turn|5
|c| RGCultist|getting beat by butterfree
|j| Im_Snoopyspitz
|
|t:|1649982348
|move|p2a: Butterfree|Quiver Dance|p2a: Butterfree
|-boost|p2a: Butterfree|spa|1
|-boost|p2a: Butterfree|spd|1
|-boost|p2a: Butterfree|spe|1
|cant|p1a: Necrozma|slp
|
|-heal|p2a: Butterfree|99/100|[from] item: Leftovers
|upkeep
|turn|6
|
|t:|1649982354
|move|p2a: Butterfree|Quiver Dance|p2a: Butterfree
|-boost|p2a: Butterfree|spa|1
|-boost|p2a: Butterfree|spd|1
|-boost|p2a: Butterfree|spe|1
|-curestatus|p1a: Necrozma|slp|[msg]
|move|p1a: Necrozma|Dragon Dance|p1a: Necrozma
|-boost|p1a: Necrozma|atk|1
|-boost|p1a: Necrozma|spe|1
|
|-heal|p2a: Butterfree|100/100|[from] item: Leftovers
|upkeep
|turn|7
|c|☆Freeity|what's wrong with that fr
|c| Im_Snoopyspitz|ew
|
|t:|1649982362
|move|p2a: Butterfree|Quiver Dance|p2a: Butterfree
|-boost|p2a: Butterfree|spa|1
|-boost|p2a: Butterfree|spd|1
|-boost|p2a: Butterfree|spe|1
|move|p1a: Necrozma|Dragon Dance|p1a: Necrozma
|-boost|p1a: Necrozma|atk|1
|-boost|p1a: Necrozma|spe|1
|
|upkeep
|turn|8
|c| Im_Snoopyspitz|even worse team
|
|t:|1649982367
|move|p2a: Butterfree|Sleep Powder|p1a: Necrozma
|-status|p1a: Necrozma|slp|[from] move: Sleep Powder
|cant|p1a: Necrozma|slp
|
|upkeep
|turn|9
|c| RGCultist|ew
|
|t:|1649982373
|move|p2a: Butterfree|Quiver Dance|p2a: Butterfree
|-boost|p2a: Butterfree|spa|1
|-boost|p2a: Butterfree|spd|1
|-boost|p2a: Butterfree|spe|1
|cant|p1a: Necrozma|slp
|
|upkeep
|turn|10
|c| RGCultist|dd necrodm
|
|t:|1649982376
|move|p2a: Butterfree|Quiver Dance|p2a: Butterfree
|-boost|p2a: Butterfree|spa|1
|-boost|p2a: Butterfree|spd|1
|-boost|p2a: Butterfree|spe|1
|-curestatus|p1a: Necrozma|slp|[msg]
|move|p1a: Necrozma|Dragon Dance|p1a: Necrozma
|-boost|p1a: Necrozma|atk|1
|-boost|p1a: Necrozma|spe|1
|
|upkeep
|turn|11
|c| Im_Snoopyspitz|cottonee
|
|t:|1649982382
|move|p2a: Butterfree|Sleep Powder|p1a: Necrozma
|-status|p1a: Necrozma|slp|[from] move: Sleep Powder
|cant|p1a: Necrozma|slp
|
|upkeep
|turn|12
|c| Im_Snoopyspitz|is dogshit
|
|t:|1649982385
|move|p2a: Butterfree|Hurricane|p1a: Necrozma
|-resisted|p1a: Necrozma
|-damage|p1a: Necrozma|26/100 slp
|-curestatus|p1a: Necrozma|slp|[msg]
|move|p1a: Necrozma|Dragon Dance|p1a: Necrozma
|-boost|p1a: Necrozma|atk|1
|-boost|p1a: Necrozma|spe|1
|
|upkeep
|turn|13
|c| RGCultist|aimony good at the game
|
|t:|1649982394
|move|p2a: Butterfree|Hurricane|p1a: Necrozma
|-resisted|p1a: Necrozma
|-damage|p1a: Necrozma|0 fnt
|faint|p1a: Necrozma
|
|upkeep
|c|☆Togenium Z|(real)
|
|t:|1649982403
|switch|p1a: Chansey|Chansey, F|100/100
|turn|14
|
|t:|1649982407
|move|p2a: Butterfree|Sleep Powder|p1a: Chansey
|-status|p1a: Chansey|slp|[from] move: Sleep Powder
|cant|p1a: Chansey|slp
|
|upkeep
|turn|15
|c| RGCultist|gg sweep
|
|t:|1649982409
|move|p2a: Butterfree|Hurricane|p1a: Chansey
|-damage|p1a: Chansey|63/100 slp
|cant|p1a: Chansey|slp
|
|upkeep
|turn|16
|
|t:|1649982412
|move|p2a: Butterfree|Hurricane|p1a: Chansey
|-damage|p1a: Chansey|25/100 slp
|cant|p1a: Chansey|slp
|
|upkeep
|turn|17
|
|t:|1649982415
|move|p2a: Butterfree|Hurricane|p1a: Chansey
|-damage|p1a: Chansey|0 fnt
|faint|p1a: Chansey
|
|upkeep
|c| RGCultist|LOL
|
|t:|1649982424
|switch|p1a: Kyogre|Kyogre|100/100
|detailschange|p1a: Kyogre|Kyogre-Primal
|-primal|p1a: Kyogre
|-weather|PrimordialSea|[from] ability: Primordial Sea|[of] p1a: Kyogre
|turn|18
|
|t:|1649982428
|move|p2a: Butterfree|Hurricane|p1a: Kyogre
|-damage|p1a: Kyogre|6/100
|move|p1a: Kyogre|Thunder|p2a: Butterfree
|-supereffective|p2a: Butterfree
|-end|p2a: Butterfree|Substitute
|
|-weather|PrimordialSea|[upkeep]
|upkeep
|turn|19
|c|☆Togenium Z|I..
|c| RGCultist|deity getting swept by butterfree
|
|t:|1649982436
|move|p2a: Butterfree|Hurricane|p1a: Kyogre
|-crit|p1a: Kyogre
|-damage|p1a: Kyogre|0 fnt
|faint|p1a: Kyogre
|-weather|none
|
|upkeep
|c| RGCultist|no way.
|
|t:|1649982439
|switch|p1a: Zacian|Zacian-Crowned|100/100
|-ability|p1a: Zacian|Intrepid Sword|boost
|-boost|p1a: Zacian|atk|1
|turn|20
|
|t:|1649982442
|move|p2a: Butterfree|Sleep Powder|p1a: Zacian
|-status|p1a: Zacian|slp|[from] move: Sleep Powder
|cant|p1a: Zacian|slp
|
|upkeep
|turn|21
|c|☆Togenium Z|im boutta end this mans whole career
|
|t:|1649982454
|-start|p2a: Butterfree|Dynamax|
|-heal|p2a: Butterfree|100/100|[silent]
|move|p2a: Butterfree|Max Airstream|p1a: Zacian
|-resisted|p1a: Zacian
|-crit|p1a: Zacian
|-damage|p1a: Zacian|0 fnt
|-boost|p2a: Butterfree|spe|0
|faint|p1a: Zacian
|
|upkeep
|c|☆Freeity|was hoping to wake up and revenge but ok
|
|t:|1649982472
|switch|p1a: Arceus|Arceus|100/100
|turn|22
|c| RGCultist|LOL
|
|t:|1649982476
|move|p2a: Butterfree|Max Airstream|p1a: Arceus
|-damage|p1a: Arceus|0 fnt
|-boost|p2a: Butterfree|spe|0
|faint|p1a: Arceus
|
|upkeep
|
|t:|1649982479
|switch|p1a: Zygarde|Zygarde|100/100 slp
|turn|23
|c| RGCultist|LOL
|
|t:|1649982483
|move|p2a: Butterfree|Max Airstream|p1a: Zygarde
|-damage|p1a: Zygarde|0 fnt
|-boost|p2a: Butterfree|spe|0
|faint|p1a: Zygarde
|
|win|Togenium Z
|c|☆Togenium Z|gg
|c|☆Freeity|gg
|c| Im_Snoopyspitz|deity
|c| RGCultist|HOW YOU GET 6-0d BY BUTTERFREE
|c|☆Freeity|cuz i wasn't trying?
|c|☆Freeity|if i brought my real team i would've wiped
|c|☆Togenium Z|(real)
|c| RGCultist|excuses
|c| RGCultist|real
|c| Im_Snoopyspitz|fr
|c|☆Freeity|ok bro
|c|☆Freeity|believe what u want
|c| Im_Snoopyspitz|we will
|c|☆Freeity|but i'm not gonna try against aim
|c|☆Togenium Z|wow
|c| RGCultist|l simp
|c|☆Freeity|how simp
|c| RGCultist|softie
|c| RGCultist|simp
|c| RGCultist|gg
|c| RGCultist|ez
|j| 1hfkqhwhrelk
|c|☆Freeity|ok bro wtv
|c| RGCultist|bald shaymin gonna make fun of you now
|c|☆Freeity|L:
|c|☆Freeity|not my problem
|c| 1hfkqhwhrelk|noob
|l| RGCultist
|j| Vxinsality❤️
|l| 1hfkqhwhrelk
|l|☆Freeity
|l| Vxinsality❤️
