|j|☆Krooknotch
|j|☆DJ Phoenix da Poet
|t:|1667799370
|gametype|singles
|player|p1|Krooknotch|li|1448
|player|p2|DJ Phoenix da Poet|hilbert|1646
|teamsize|p1|6
|teamsize|p2|6
|gen|8
|tier|[Gen 8] National Dex AG
|rated|
|rule|HP Percentage Mod: HP is shown in percentages
|rule|Endless Battle Clause: Forcing endless battles is banned
|clearpoke
|poke|p1|Tyranitar, M|
|poke|p1|Togedemaru, L1, F|
|poke|p1|Magnezone|
|poke|p1|Lapras, F|
|poke|p1|Aerodactyl, F|
|poke|p1|Chandelure, F|
|poke|p2|Groudon|
|poke|p2|Yveltal|
|poke|p2|Calyrex-Shadow|
|poke|p2|Necrozma-Dusk-Mane|
|poke|p2|Ditto|
|poke|p2|Zacian-*|
|teampreview
|
|t:|1667799376
|start
|switch|p1a: Magnezone|Magnezone|100/100
|switch|p2a: Necrozma|Necrozma-Dusk-Mane|100/100
|turn|1
|
|t:|1667799382
|move|p2a: Necrozma|Stealth Rock|p1a: Magnezone
|-sidestart|p1: Krooknotch|move: Stealth Rock
|move|p1a: Magnezone|Hidden Power|p2a: Necrozma
|-supereffective|p2a: Necrozma
|-damage|p2a: Necrozma|79/100
|
|upkeep
|turn|2
|
|t:|1667799386
|move|p2a: Necrozma|Knock Off|p1a: Magnezone
|-damage|p1a: Magnezone|76/100
|-damage|p2a: Necrozma|63/100|[from] item: Rocky Helmet|[of] p1a: Magnezone
|-enditem|p1a: Magnezone|Rocky Helmet|[from] move: Knock Off|[of] p2a: Necrozma
|move|p1a: Magnezone|Thunderbolt|p2a: Necrozma
|-damage|p2a: Necrozma|30/100
|
|upkeep
|turn|3
|
|t:|1667799397
|move|p2a: Necrozma|Morning Sun|p2a: Necrozma
|-heal|p2a: Necrozma|80/100
|move|p1a: Magnezone|Volt Switch|p2a: Necrozma
|-damage|p2a: Necrozma|56/100
|
|t:|1667799405
|switch|p1a: Chandelure|Chandelure, F|100/100|[from]move: Volt Switch
|-damage|p1a: Chandelure|76/100|[from] Stealth Rock
|
|upkeep
|turn|4
|
|t:|1667799408
|move|p1a: Chandelure|Overheat|p2a: Necrozma
|-supereffective|p2a: Necrozma
|-damage|p2a: Necrozma|0 fnt
|-unboost|p1a: Chandelure|spa|2
|faint|p2a: Necrozma
|
|upkeep
|
|t:|1667799410
|switch|p2a: Calyrex|Calyrex-Shadow|100/100
|-ability|p2a: Calyrex|As One
|-ability|p2a: Calyrex|Unnerve
|turn|5
|
|t:|1667799419
|switch|p1a: Magnezone|Magnezone|76/100
|-damage|p1a: Magnezone|70/100|[from] Stealth Rock
|move|p2a: Calyrex|Nasty Plot|p2a: Calyrex
|-boost|p2a: Calyrex|spa|2
|
|upkeep
|turn|6
|
|t:|1667799424
|move|p2a: Calyrex|Astral Barrage|p1a: Magnezone
|-damage|p1a: Magnezone|0 fnt
|faint|p1a: Magnezone
|-ability|p2a: Calyrex|Grim Neigh|boost
|-boost|p2a: Calyrex|spa|1
|
|upkeep
|
|t:|1667799434
|switch|p1a: Aerodactyl|Aerodactyl, F|100/100
|-damage|p1a: Aerodactyl|76/100|[from] Stealth Rock
|turn|7
|l|☆DJ Phoenix da Poet
|player|p2|
|j|☆DJ Phoenix da Poet
|player|p2|DJ Phoenix da Poet|hilbert
|
|t:|1667799468
|detailschange|p1a: Aerodactyl|Aerodactyl-Mega, F
|-mega|p1a: Aerodactyl|Aerodactyl|Aerodactylite
|move|p2a: Calyrex|Astral Barrage|p1a: Aerodactyl
|-damage|p1a: Aerodactyl|0 fnt
|faint|p1a: Aerodactyl
|-ability|p2a: Calyrex|Grim Neigh|boost
|-boost|p2a: Calyrex|spa|1
|
|upkeep
|
|t:|1667799476
|switch|p1a: Tyranitar|Tyranitar, M|100/100
|-damage|p1a: Tyranitar|88/100|[from] Stealth Rock
|-weather|Sandstorm|[from] ability: Sand Stream|[of] p1a: Tyranitar
|turn|8
|
|t:|1667799479
|-start|p2a: Calyrex|Dynamax|
|-heal|p2a: Calyrex|100/100|[silent]
|-start|p1a: Tyranitar|Dynamax|
|-heal|p1a: Tyranitar|88/100|[silent]
|move|p2a: Calyrex|Max Starfall|p1a: Tyranitar
|-supereffective|p1a: Tyranitar
|-damage|p1a: Tyranitar|23/100
|-fieldstart|move: Misty Terrain
|move|p1a: Tyranitar|Max Darkness|p2a: Calyrex
|-supereffective|p2a: Calyrex
|-enditem|p2a: Calyrex|Focus Sash
|-damage|p2a: Calyrex|1/100
|-unboost|p2a: Calyrex|spd|1
|
|-weather|Sandstorm|[upkeep]
|-damage|p2a: Calyrex|0 fnt|[from] Sandstorm
|faint|p2a: Calyrex
|upkeep
|
|t:|1667799488
|switch|p2a: Zacian|Zacian-Crowned|100/100
|-ability|p2a: Zacian|Intrepid Sword|boost
|-boost|p2a: Zacian|atk|1
|turn|9
|
|t:|1667799492
|move|p2a: Zacian|Behemoth Blade|p1a: Tyranitar
|-supereffective|p1a: Tyranitar
|-damage|p1a: Tyranitar|0 fnt
|faint|p1a: Tyranitar
|
|-weather|Sandstorm|[upkeep]
|upkeep
|
|t:|1667799500
|switch|p1a: Togedemaru|Togedemaru, L1, F, shiny|100/100
|-damage|p1a: Togedemaru|92/100|[from] Stealth Rock
|turn|10
|
|t:|1667799503
|move|p1a: Togedemaru|Fake Out|p2a: Zacian
|-resisted|p2a: Zacian
|-crit|p2a: Zacian
|-damage|p2a: Zacian|99/100
|-heal|p1a: Togedemaru|100/100|[from] item: Shell Bell|[of] p2a: Zacian
|cant|p2a: Zacian|flinch
|
|-weather|Sandstorm|[upkeep]
|upkeep
|turn|11
|
|t:|1667799505
|move|p2a: Zacian|Sacred Sword|p1a: Togedemaru
|-supereffective|p1a: Togedemaru
|-ability|p1a: Togedemaru|Sturdy
|-damage|p1a: Togedemaru|9/100
|move|p1a: Togedemaru|Endeavor|p2a: Zacian
|-damage|p2a: Zacian|1/100
|-heal|p1a: Togedemaru|100/100|[from] item: Shell Bell|[of] p2a: Zacian
|
|-weather|Sandstorm|[upkeep]
|upkeep
|turn|12
|
|t:|1667799511
|switch|p2a: Yveltal|Yveltal|100/100
|-ability|p2a: Yveltal|Dark Aura
|move|p1a: Togedemaru|Spiky Shield||[still]
|-fail|p1a: Togedemaru
|
|-weather|Sandstorm|[upkeep]
|-damage|p2a: Yveltal|94/100|[from] Sandstorm
|-fieldend|Misty Terrain
|upkeep
|turn|13
|
|t:|1667799514
|move|p2a: Yveltal|Taunt|p1a: Togedemaru
|-start|p1a: Togedemaru|move: Taunt
|move|p1a: Togedemaru|Endeavor|p2a: Yveltal
|-damage|p2a: Yveltal|4/100
|
|-weather|Sandstorm|[upkeep]
|-damage|p2a: Yveltal|0 fnt|[from] Sandstorm
|faint|p2a: Yveltal
|upkeep
|
|t:|1667799517
|switch|p2a: Zacian|Zacian-Crowned|1/100
|-ability|p2a: Zacian|Intrepid Sword|boost
|-boost|p2a: Zacian|atk|1
|turn|14
|
|t:|1667799525
|switch|p1a: Lapras|Lapras, F|100/100
|-damage|p1a: Lapras|76/100|[from] Stealth Rock
|move|p2a: Zacian|Sacred Sword|p1a: Lapras
|-supereffective|p1a: Lapras
|-damage|p1a: Lapras|0 fnt
|faint|p1a: Lapras
|
|-weather|Sandstorm|[upkeep]
|upkeep
|
|t:|1667799529
|switch|p1a: Togedemaru|Togedemaru, L1, F, shiny|100/100
|-damage|p1a: Togedemaru|92/100|[from] Stealth Rock
|turn|15
|l|☆DJ Phoenix da Poet
|player|p2|
|j|☆DJ Phoenix da Poet
|player|p2|DJ Phoenix da Poet|hilbert
|
|t:|1667799562
|switch|p2a: Groudon|Groudon|100/100
|detailschange|p2a: Groudon|Groudon-Primal
|-primal|p2a: Groudon
|-weather|DesolateLand|[from] ability: Desolate Land|[of] p2a: Groudon
|move|p1a: Togedemaru|Fake Out|p2a: Groudon
|-damage|p2a: Groudon|99/100
|-heal|p1a: Togedemaru|100/100|[from] item: Shell Bell|[of] p2a: Groudon
|
|-weather|DesolateLand|[upkeep]
|upkeep
|turn|16
|
|t:|1667799575
|move|p2a: Groudon|Earthquake|p1a: Togedemaru
|-supereffective|p1a: Togedemaru
|-ability|p1a: Togedemaru|Sturdy
|-damage|p1a: Togedemaru|9/100
|move|p1a: Togedemaru|Endeavor|p2a: Groudon
|-damage|p2a: Groudon|1/100
|-heal|p1a: Togedemaru|100/100|[from] item: Shell Bell|[of] p2a: Groudon
|
|-weather|DesolateLand|[upkeep]
|upkeep
|turn|17
|
|t:|1667799588
|switch|p1a: Chandelure|Chandelure, F|76/100
|-damage|p1a: Chandelure|51/100|[from] Stealth Rock
|move|p2a: Groudon|Earthquake|p1a: Chandelure
|-supereffective|p1a: Chandelure
|-damage|p1a: Chandelure|0 fnt
|faint|p1a: Chandelure
|
|-weather|DesolateLand|[upkeep]
|upkeep
|
|t:|1667799590
|switch|p1a: Togedemaru|Togedemaru, L1, F, shiny|100/100
|-damage|p1a: Togedemaru|92/100|[from] Stealth Rock
|turn|18
|
|t:|1667799601
|-weather|none
|switch|p2a: Ditto|Ditto|100/100
|-transform|p2a: Ditto|p1a: Togedemaru|[from] ability: Imposter
|move|p1a: Togedemaru|Fake Out|p2a: Ditto
|-resisted|p2a: Ditto
|-damage|p2a: Ditto|99/100
|-heal|p1a: Togedemaru|100/100|[from] item: Shell Bell|[of] p2a: Ditto
|
|upkeep
|turn|19
|
|t:|1667799615
|move|p2a: Ditto|Spiky Shield|p2a: Ditto
|-singleturn|p2a: Ditto|move: Protect
|move|p1a: Togedemaru|Spiky Shield||[still]
|-fail|p1a: Togedemaru
|
|upkeep
|turn|20
|
|t:|1667799622
|switch|p2a: Groudon|Groudon-Primal|1/100
|-weather|DesolateLand|[from] ability: Desolate Land|[of] p2a: Groudon
|move|p1a: Togedemaru|Endeavor|p2a: Groudon
|-immune|p2a: Groudon
|
|-weather|DesolateLand|[upkeep]
|upkeep
|turn|21
|
|t:|1667799629
|move|p2a: Groudon|Earthquake|p1a: Togedemaru
|-supereffective|p1a: Togedemaru
|-ability|p1a: Togedemaru|Sturdy
|-damage|p1a: Togedemaru|9/100
|move|p1a: Togedemaru|Toxic|p2a: Groudon
|-status|p2a: Groudon|tox
|
|-weather|DesolateLand|[upkeep]
|-damage|p2a: Groudon|0 fnt|[from] psn
|faint|p2a: Groudon
|-weather|none
|upkeep
|
|t:|1667799637
|switch|p2a: Zacian|Zacian-Crowned|1/100
|-ability|p2a: Zacian|Intrepid Sword|boost
|-boost|p2a: Zacian|atk|1
|turn|22
|
|t:|1667799648
|switch|p2a: Ditto|Ditto|99/100
|-transform|p2a: Ditto|p1a: Togedemaru|[from] ability: Imposter
|move|p1a: Togedemaru|Spiky Shield||[still]
|-fail|p1a: Togedemaru
|
|upkeep
|turn|23
|
|t:|1667799655
|switch|p2a: Zacian|Zacian-Crowned|1/100
|-ability|p2a: Zacian|Intrepid Sword|boost
|-boost|p2a: Zacian|atk|1
|move|p1a: Togedemaru|Spiky Shield||[still]
|-fail|p1a: Togedemaru
|
|upkeep
|turn|24
|
|t:|1667799664
|switch|p2a: Ditto|Ditto|99/100
|-transform|p2a: Ditto|p1a: Togedemaru|[from] ability: Imposter
|move|p1a: Togedemaru|Spiky Shield||[still]
|-fail|p1a: Togedemaru
|
|upkeep
|turn|25
|
|t:|1667799669
|move|p2a: Ditto|Spiky Shield|p2a: Ditto
|-singleturn|p2a: Ditto|move: Protect
|move|p1a: Togedemaru|Spiky Shield||[still]
|-fail|p1a: Togedemaru
|
|upkeep
|turn|26
|
|t:|1667799674
|move|p2a: Ditto|Spiky Shield||[still]
|-fail|p2a: Ditto
|move|p1a: Togedemaru|Spiky Shield||[still]
|-fail|p1a: Togedemaru
|
|upkeep
|turn|27
|
|t:|1667799678
|switch|p2a: Zacian|Zacian-Crowned|1/100
|-ability|p2a: Zacian|Intrepid Sword|boost
|-boost|p2a: Zacian|atk|1
|move|p1a: Togedemaru|Endeavor|p2a: Zacian
|-immune|p2a: Zacian
|
|upkeep
|turn|28
|
|t:|1667799687
|switch|p2a: Ditto|Ditto|99/100
|-transform|p2a: Ditto|p1a: Togedemaru|[from] ability: Imposter
|move|p1a: Togedemaru|Endeavor|p2a: Ditto
|-damage|p2a: Ditto|1/100
|-heal|p1a: Togedemaru|100/100|[from] item: Shell Bell|[of] p2a: Ditto
|
|upkeep
|turn|29
|
|t:|1667799703
|move|p1a: Togedemaru|Spiky Shield|p1a: Togedemaru
|-singleturn|p1a: Togedemaru|move: Protect
|move|p2a: Ditto|Endeavor|p1a: Togedemaru
|-activate|p1a: Togedemaru|move: Protect
|-damage|p2a: Ditto|0 fnt|[from] Spiky Shield|[of] p1a: Togedemaru
|faint|p2a: Ditto
|
|upkeep
|
|t:|1667799705
|switch|p2a: Zacian|Zacian-Crowned|1/100
|-ability|p2a: Zacian|Intrepid Sword|boost
|-boost|p2a: Zacian|atk|1
|turn|30
|
|t:|1667799710
|move|p1a: Togedemaru|Spiky Shield||[still]
|-fail|p1a: Togedemaru
|move|p2a: Zacian|Sacred Sword|p1a: Togedemaru
|-supereffective|p1a: Togedemaru
|-ability|p1a: Togedemaru|Sturdy
|-damage|p1a: Togedemaru|9/100
|
|upkeep
|turn|31
|
|t:|1667799718
|move|p1a: Togedemaru|Spiky Shield|p1a: Togedemaru
|-singleturn|p1a: Togedemaru|move: Protect
|move|p2a: Zacian|Play Rough|p1a: Togedemaru
|-activate|p1a: Togedemaru|move: Protect
|-damage|p2a: Zacian|0 fnt|[from] Spiky Shield|[of] p1a: Togedemaru
|faint|p2a: Zacian
|
|win|Krooknotch
|raw|Krooknotch's rating: 1448 &rarr; <strong>1478</strong><br />(+30 for winning)
|raw|DJ Phoenix da Poet's rating: 1632 &rarr; <strong>1602</strong><br />(-30 for losing)
|c|☆Krooknotch|Gg
|c|☆DJ Phoenix da Poet|Lol misclick
|c|☆DJ Phoenix da Poet|Sucks
|c|☆Krooknotch|Lol ok sure
|c|☆DJ Phoenix da Poet|Ok you won but lol why
|c|☆Krooknotch|Because this team is curated nonsense
|c|☆DJ Phoenix da Poet|What team
|c|☆Krooknotch|My bullshit
|c|☆DJ Phoenix da Poet|Lmao ok
|c|☆DJ Phoenix da Poet|Wanna try again ?
|c|☆Krooknotch|Yup
|c|☆Krooknotch|This is 100% built around Togedemaru
|c|☆Krooknotch|For fun
