|j|☆DiegoDM©
|j|☆Lance's Time
|t:|1654497445
|gametype|singles
|player|p1|DiegoDM©|wikstrom|1842
|player|p2|Lance's Time|lance-gen1|2003
|teamsize|p1|6
|teamsize|p2|6
|gen|8
|tier|[Gen 8] National Dex AG
|rated|
|rule|HP Percentage Mod: HP is shown in percentages
|rule|Endless Battle Clause: Forcing endless battles is banned
|clearpoke
|poke|p1|Deoxys-Attack|
|poke|p1|Calyrex-Shadow|
|poke|p1|Lugia|
|poke|p1|Xerneas-*|
|poke|p1|Rayquaza|
|poke|p1|Yveltal|
|poke|p2|Rayquaza|
|poke|p2|Necrozma-Dusk-Mane|
|poke|p2|Ho-Oh|
|poke|p2|Zygarde|
|poke|p2|Chansey, F|
|poke|p2|Tyranitar, M|
|teampreview
|inactive|Battle timer is ON: inactive players will automatically lose when time's up. (requested by DiegoDM©)
|j| rahull
|inactive|DiegoDM© has 120 seconds left.
|
|t:|1654497486
|start
|switch|p1a: Deoxys|Deoxys-Attack|100/100
|switch|p2a: Ho-Oh|Ho-Oh|100/100
|-ability|p1a: Deoxys|Pressure
|turn|1
|
|t:|1654497489
|move|p1a: Deoxys|Stealth Rock|p2a: Ho-Oh
|-sidestart|p2: Lance's Time|move: Stealth Rock
|move|p2a: Ho-Oh|Sacred Fire|p1a: Deoxys
|-enditem|p1a: Deoxys|Focus Sash
|-damage|p1a: Deoxys|1/100
|-status|p1a: Deoxys|brn
|
|-damage|p1a: Deoxys|0 fnt|[from] brn
|faint|p1a: Deoxys
|upkeep
|
|t:|1654497494
|switch|p1a: Yveltal|Yveltal|100/100
|-ability|p1a: Yveltal|Dark Aura
|turn|2
|
|t:|1654497497
|move|p1a: Yveltal|Rock Slide|p2a: Ho-Oh
|-supereffective|p2a: Ho-Oh
|-damage|p2a: Ho-Oh|28/100
|-damage|p1a: Yveltal|91/100|[from] item: Life Orb
|cant|p2a: Ho-Oh|flinch
|
|upkeep
|turn|3
|c|☆Lance's Time|I HATE MY LUCK
|
|t:|1654497507
|switch|p2a: Tyranitar|Tyranitar, M|100/100
|-damage|p2a: Tyranitar|88/100|[from] Stealth Rock
|-weather|Sandstorm|[from] ability: Sand Stream|[of] p2a: Tyranitar
|move|p1a: Yveltal|Oblivion Wing|p2a: Tyranitar
|-resisted|p2a: Tyranitar
|-damage|p2a: Tyranitar|76/100
|-heal|p1a: Yveltal|99/100|[from] drain|[of] p2a: Tyranitar
|-damage|p1a: Yveltal|90/100|[from] item: Life Orb
|
|-weather|Sandstorm|[upkeep]
|-damage|p1a: Yveltal|83/100|[from] Sandstorm
|-heal|p2a: Tyranitar|83/100|[from] item: Leftovers
|upkeep
|turn|4
|
|t:|1654497520
|move|p1a: Yveltal|Oblivion Wing|p2a: Tyranitar
|-resisted|p2a: Tyranitar
|-damage|p2a: Tyranitar|70/100
|-heal|p1a: Yveltal|93/100|[from] drain|[of] p2a: Tyranitar
|-damage|p1a: Yveltal|83/100|[from] item: Life Orb
|move|p2a: Tyranitar|Pursuit|p1a: Yveltal
|-resisted|p1a: Yveltal
|-damage|p1a: Yveltal|73/100
|
|-weather|Sandstorm|[upkeep]
|-damage|p1a: Yveltal|67/100|[from] Sandstorm
|-heal|p2a: Tyranitar|76/100|[from] item: Leftovers
|upkeep
|turn|5
|
|t:|1654497522
|move|p1a: Yveltal|Rock Slide|p2a: Tyranitar
|-damage|p2a: Tyranitar|58/100
|-damage|p1a: Yveltal|57/100|[from] item: Life Orb
|cant|p2a: Tyranitar|flinch
|
|-weather|Sandstorm|[upkeep]
|-damage|p1a: Yveltal|51/100|[from] Sandstorm
|-heal|p2a: Tyranitar|64/100|[from] item: Leftovers
|upkeep
|turn|6
|
|t:|1654497526
|move|p1a: Yveltal|Dark Pulse|p2a: Tyranitar
|-resisted|p2a: Tyranitar
|-damage|p2a: Tyranitar|49/100
|-damage|p1a: Yveltal|41/100|[from] item: Life Orb
|move|p2a: Tyranitar|Stealth Rock|p1a: Yveltal
|-sidestart|p1: DiegoDM©|move: Stealth Rock
|
|-weather|Sandstorm|[upkeep]
|-damage|p1a: Yveltal|35/100|[from] Sandstorm
|-heal|p2a: Tyranitar|55/100|[from] item: Leftovers
|upkeep
|turn|7
|
|t:|1654497531
|switch|p2a: Chansey|Chansey, F|100/100
|-damage|p2a: Chansey|88/100|[from] Stealth Rock
|move|p1a: Yveltal|Oblivion Wing|p2a: Chansey
|-damage|p2a: Chansey|73/100
|-heal|p1a: Yveltal|54/100|[from] drain|[of] p2a: Chansey
|-damage|p1a: Yveltal|44/100|[from] item: Life Orb
|
|-weather|none
|upkeep
|turn|8
|
|t:|1654497537
|move|p1a: Yveltal|Oblivion Wing|p2a: Chansey
|-damage|p2a: Chansey|57/100
|-heal|p1a: Yveltal|63/100|[from] drain|[of] p2a: Chansey
|-damage|p1a: Yveltal|53/100|[from] item: Life Orb
|move|p2a: Chansey|Toxic|p1a: Yveltal
|-status|p1a: Yveltal|tox
|
|-damage|p1a: Yveltal|47/100 tox|[from] psn
|upkeep
|turn|9
|
|t:|1654497546
|move|p1a: Yveltal|Oblivion Wing|p2a: Chansey
|-damage|p2a: Chansey|41/100
|-heal|p1a: Yveltal|66/100 tox|[from] drain|[of] p2a: Chansey
|-damage|p1a: Yveltal|56/100 tox|[from] item: Life Orb
|move|p2a: Chansey|Soft-Boiled|p2a: Chansey
|-heal|p2a: Chansey|91/100
|
|-damage|p1a: Yveltal|44/100 tox|[from] psn
|upkeep
|turn|10
|
|t:|1654497550
|move|p1a: Yveltal|Oblivion Wing|p2a: Chansey
|-damage|p2a: Chansey|76/100
|-heal|p1a: Yveltal|63/100 tox|[from] drain|[of] p2a: Chansey
|-damage|p1a: Yveltal|53/100 tox|[from] item: Life Orb
|move|p2a: Chansey|Toxic|p1a: Yveltal
|-fail|p1a: Yveltal|tox
|
|-damage|p1a: Yveltal|35/100 tox|[from] psn
|upkeep
|turn|11
|
|t:|1654497552
|move|p1a: Yveltal|Dark Pulse|p2a: Chansey
|-crit|p2a: Chansey
|-damage|p2a: Chansey|47/100
|-damage|p1a: Yveltal|25/100 tox|[from] item: Life Orb
|cant|p2a: Chansey|flinch
|
|-damage|p1a: Yveltal|1/100 tox|[from] psn
|upkeep
|turn|12
|
|t:|1654497554
|move|p1a: Yveltal|Dark Pulse|p2a: Chansey
|-damage|p2a: Chansey|27/100
|-damage|p1a: Yveltal|0 fnt|[from] item: Life Orb
|faint|p1a: Yveltal
|move|p2a: Chansey|Soft-Boiled|p2a: Chansey
|-heal|p2a: Chansey|77/100
|
|upkeep
|c|☆Lance's Time|NICE
|
|t:|1654497557
|switch|p1a: Xerneas|Xerneas|100/100
|-damage|p1a: Xerneas|88/100|[from] Stealth Rock
|-ability|p1a: Xerneas|Fairy Aura
|turn|13
|
|t:|1654497561
|move|p1a: Xerneas|Geomancy||[still]
|-prepare|p1a: Xerneas|Geomancy
|-enditem|p1a: Xerneas|Power Herb
|-anim|p1a: Xerneas|Geomancy|p1a: Xerneas
|-boost|p1a: Xerneas|spa|2
|-boost|p1a: Xerneas|spd|2
|-boost|p1a: Xerneas|spe|2
|move|p2a: Chansey|Toxic|p1a: Xerneas
|-status|p1a: Xerneas|tox
|
|-damage|p1a: Xerneas|82/100 tox|[from] psn
|upkeep
|turn|14
|
|t:|1654497569
|-start|p1a: Xerneas|Dynamax|
|-heal|p1a: Xerneas|82/100 tox|[silent]
|move|p1a: Xerneas|Max Starfall|p2a: Chansey
|-damage|p2a: Chansey|31/100
|-fieldstart|move: Misty Terrain
|move|p2a: Chansey|Soft-Boiled|p2a: Chansey
|-heal|p2a: Chansey|81/100
|
|-damage|p1a: Xerneas|76/100 tox|[from] psn
|upkeep
|turn|15
|
|t:|1654497574
|move|p1a: Xerneas|Max Starfall|p2a: Chansey
|-damage|p2a: Chansey|30/100
|move|p2a: Chansey|Soft-Boiled|p2a: Chansey
|-heal|p2a: Chansey|80/100
|
|-damage|p1a: Xerneas|67/100 tox|[from] psn
|upkeep
|turn|16
|
|t:|1654497577
|move|p1a: Xerneas|Max Starfall|p2a: Chansey
|-damage|p2a: Chansey|28/100
|move|p2a: Chansey|Soft-Boiled|p2a: Chansey
|-heal|p2a: Chansey|78/100
|
|-damage|p1a: Xerneas|54/100 tox|[from] psn
|upkeep
|-end|p1a: Xerneas|Dynamax
|-heal|p1a: Xerneas|54/100 tox|[silent]
|turn|17
|
|t:|1654497582
|move|p1a: Xerneas|Moonblast|p2a: Chansey
|-damage|p2a: Chansey|45/100
|move|p2a: Chansey|Soft-Boiled|p2a: Chansey
|-heal|p2a: Chansey|95/100
|
|-damage|p1a: Xerneas|24/100 tox|[from] psn
|upkeep
|turn|18
|
|t:|1654497586
|switch|p1a: Lugia|Lugia|100/100
|move|p2a: Chansey|Confide|p1a: Lugia
|-unboost|p1a: Lugia|spa|1
|
|-fieldend|Misty Terrain
|upkeep
|turn|19
|
|t:|1654497589
|move|p1a: Lugia|Defog|p2a: Chansey
|-unboost|p2a: Chansey|evasion|1
|-sideend|p2: Lance's Time|Stealth Rock|[from] move: Defog|[of] p1a: Lugia
|-sideend|p1: DiegoDM©|Stealth Rock|[from] move: Defog|[of] p1a: Lugia
|move|p2a: Chansey|Toxic|p1a: Lugia
|-status|p1a: Lugia|tox
|
|-damage|p1a: Lugia|94/100 tox|[from] psn
|upkeep
|turn|20
|
|t:|1654497595
|switch|p1a: Rayquaza|Rayquaza|100/100
|-ability|p1a: Rayquaza|Air Lock
|switch|p2a: Ho-Oh|Ho-Oh|61/100
|
|upkeep
|turn|21
|
|t:|1654497599
|detailschange|p1a: Rayquaza|Rayquaza-Mega
|-mega|p1a: Rayquaza|Rayquaza|
|-weather|DeltaStream|[from] ability: Delta Stream|[of] p1a: Rayquaza
|move|p1a: Rayquaza|Dragon Dance|p1a: Rayquaza
|-boost|p1a: Rayquaza|atk|1
|-boost|p1a: Rayquaza|spe|1
|move|p2a: Ho-Oh|Sacred Fire|p1a: Rayquaza
|-resisted|p1a: Rayquaza
|-damage|p1a: Rayquaza|80/100
|
|-weather|DeltaStream|[upkeep]
|upkeep
|turn|22
|
|t:|1654497601
|move|p1a: Rayquaza|Dragon Ascent|p2a: Ho-Oh
|-damage|p2a: Ho-Oh|0 fnt
|-unboost|p1a: Rayquaza|def|1
|-unboost|p1a: Rayquaza|spd|1
|faint|p2a: Ho-Oh
|
|-weather|DeltaStream|[upkeep]
|upkeep
|
|t:|1654497606
|switch|p2a: Zygarde|Zygarde|100/100
|turn|23
|
|t:|1654497610
|move|p1a: Rayquaza|Dragon Ascent|p2a: Zygarde
|-damage|p2a: Zygarde|31/100
|-unboost|p1a: Rayquaza|def|1
|-unboost|p1a: Rayquaza|spd|1
|move|p2a: Zygarde|Thousand Arrows|p1a: Rayquaza
|-damage|p1a: Rayquaza|23/100
|-start|p1a: Rayquaza|Smack Down
|
|-weather|DeltaStream|[upkeep]
|-heal|p2a: Zygarde|37/100|[from] item: Leftovers
|-activate|p2a: Zygarde|ability: Power Construct
|detailschange|p2a: Zygarde|Zygarde-Complete
|-heal|p2a: Zygarde|59/100|[silent]
|upkeep
|turn|24
|
|t:|1654497612
|move|p1a: Rayquaza|Dragon Ascent|p2a: Zygarde
|-damage|p2a: Zygarde|12/100
|-unboost|p1a: Rayquaza|def|1
|-unboost|p1a: Rayquaza|spd|1
|move|p2a: Zygarde|Thousand Arrows|p1a: Rayquaza
|-damage|p1a: Rayquaza|0 fnt
|faint|p1a: Rayquaza
|-weather|none
|
|-heal|p2a: Zygarde|18/100|[from] item: Leftovers
|upkeep
|
|t:|1654497616
|switch|p1a: Calyrex|Calyrex-Shadow|100/100
|-ability|p1a: Calyrex|As One
|-ability|p1a: Calyrex|Unnerve
|turn|25
|
|t:|1654497619
|switch|p2a: Tyranitar|Tyranitar, M|55/100
|-weather|Sandstorm|[from] ability: Sand Stream|[of] p2a: Tyranitar
|move|p1a: Calyrex|Astral Barrage|p2a: Tyranitar
|-resisted|p2a: Tyranitar
|-damage|p2a: Tyranitar|40/100
|
|-weather|Sandstorm|[upkeep]
|-damage|p1a: Calyrex|94/100|[from] Sandstorm
|-heal|p2a: Tyranitar|46/100|[from] item: Leftovers
|upkeep
|turn|26
|
|t:|1654497623
|move|p1a: Calyrex|Draining Kiss|p2a: Tyranitar
|-supereffective|p2a: Tyranitar
|-damage|p2a: Tyranitar|29/100
|-heal|p1a: Calyrex|100/100|[from] drain|[of] p2a: Tyranitar
|move|p2a: Tyranitar|Pursuit|p1a: Calyrex
|-supereffective|p1a: Calyrex
|-damage|p1a: Calyrex|20/100
|
|-weather|Sandstorm|[upkeep]
|-damage|p1a: Calyrex|13/100|[from] Sandstorm
|-heal|p2a: Tyranitar|35/100|[from] item: Leftovers
|upkeep
|turn|27
|
|t:|1654497626
|move|p1a: Calyrex|Draining Kiss|p2a: Tyranitar
|-supereffective|p2a: Tyranitar
|-damage|p2a: Tyranitar|17/100
|-heal|p1a: Calyrex|29/100|[from] drain|[of] p2a: Tyranitar
|move|p2a: Tyranitar|Pursuit|p1a: Calyrex
|-supereffective|p1a: Calyrex
|-damage|p1a: Calyrex|0 fnt
|faint|p1a: Calyrex
|
|-weather|Sandstorm|[upkeep]
|-heal|p2a: Tyranitar|23/100|[from] item: Leftovers
|upkeep
|-message|DiegoDM© forfeited.
|
|win|Lance's Time
|raw|DiegoDM©'s rating: 1818 &rarr; <strong>1808</strong><br />(-10 for losing)
|raw|Lance&apos;s Time's rating: 2003 &rarr; <strong>2013</strong><br />(+10 for winning)
|l|☆DiegoDM©
|j|☆DiegoDM©
|player|p1|DiegoDM©|wikstrom
|c|☆Lance's Time|gg
|j| Opnoob 598
|l|☆DiegoDM©
|player|p1|
|l| rahull
|l| Opnoob 598
