|j|☆PaddyTheLegend
|j|☆Pawnnel
|t:|1656950729
|gametype|singles
|player|p1|PaddyTheLegend|n|1384
|player|p2|Pawnnel|psychic-gen4|1537
|teamsize|p1|6
|teamsize|p2|6
|gen|8
|tier|[Gen 8] National Dex AG
|rated|
|rule|HP Percentage Mod: HP is shown in percentages
|rule|Endless Battle Clause: Forcing endless battles is banned
|clearpoke
|poke|p1|Chansey, F|
|poke|p1|Toxicroak, F|
|poke|p1|Ditto|
|poke|p1|Aerodactyl, F|
|poke|p1|Arceus-*|
|poke|p1|Morpeko, F|
|poke|p2|Venusaur, M|
|poke|p2|Torkoal, M|
|poke|p2|Alakazam, M|
|poke|p2|Quagsire, M|
|poke|p2|Garchomp, M|
|poke|p2|Metagross|
|teampreview
|inactive|Battle timer is ON: inactive players will automatically lose when time's up. (requested by Pawnnel)
|
|t:|1656950747
|start
|switch|p1a: ButWho'sToJudge|Arceus|100/100
|switch|p2a: Rex|Garchomp, M|100/100
|turn|1
|
|t:|1656950759
|move|p1a: ButWho'sToJudge|Ice Beam|p2a: Rex
|-supereffective|p2a: Rex
|-damage|p2a: Rex|0 fnt
|faint|p2a: Rex
|-damage|p1a: ButWho'sToJudge|91/100|[from] item: Life Orb
|
|upkeep
|
|t:|1656950771
|switch|p2a: Flop|Quagsire, M|100/100
|turn|2
|
|t:|1656950800
|move|p1a: ButWho'sToJudge|Extreme Speed|p2a: Flop
|-crit|p2a: Flop
|-damage|p2a: Flop|36/100
|-damage|p1a: ButWho'sToJudge|81/100|[from] item: Life Orb
|move|p2a: Flop|Earthquake|p1a: ButWho'sToJudge
|-damage|p1a: ButWho'sToJudge|59/100
|
|-heal|p2a: Flop|42/100|[from] item: Leftovers
|upkeep
|turn|3
|
|t:|1656950830
|move|p1a: ButWho'sToJudge|Extreme Speed|p2a: Flop
|-crit|p2a: Flop
|-damage|p2a: Flop|0 fnt
|faint|p2a: Flop
|-damage|p1a: ButWho'sToJudge|49/100|[from] item: Life Orb
|
|upkeep
|inactive|Pawnnel has 120 seconds left.
|c|☆PaddyTheLegend|i am so sorry for those 2 crits
|
|t:|1656950851
|switch|p2a: Faust|Alakazam, M|100/100
|turn|4
|
|t:|1656950857
|move|p2a: Faust|Psychic|p1a: ButWho'sToJudge
|-damage|p1a: ButWho'sToJudge|9/100
|move|p1a: ButWho'sToJudge|Swords Dance|p1a: ButWho'sToJudge
|-boost|p1a: ButWho'sToJudge|atk|2
|
|upkeep
|turn|5
|inactive|Pawnnel has 120 seconds left.
|
|t:|1656950868
|move|p1a: ButWho'sToJudge|Extreme Speed|p2a: Faust
|-enditem|p2a: Faust|Focus Sash
|-damage|p2a: Faust|1/100
|-damage|p1a: ButWho'sToJudge|0 fnt|[from] item: Life Orb
|faint|p1a: ButWho'sToJudge
|move|p2a: Faust|Psychic|p1: ButWho'sToJudge|[notarget]
|-fail|p2a: Faust
|
|upkeep
|
|t:|1656950887
|switch|p1a: I realize|Toxicroak, F|100/100
|-ability|p1a: I realize|Anticipation
|turn|6
|
|t:|1656950892
|move|p1a: I realize|Sucker Punch||[still]
|-fail|p1a: I realize
|move|p2a: Faust|Nasty Plot|p2a: Faust
|-boost|p2a: Faust|spa|2
|
|upkeep
|turn|7
|
|t:|1656950900
|move|p1a: I realize|Sucker Punch||[still]
|-fail|p1a: I realize
|move|p2a: Faust|Nasty Plot|p2a: Faust
|-boost|p2a: Faust|spa|2
|
|upkeep
|turn|8
|
|t:|1656950911
|move|p1a: I realize|Sucker Punch||[still]
|-fail|p1a: I realize
|move|p2a: Faust|Nasty Plot|p2a: Faust
|-boost|p2a: Faust|spa|2
|
|upkeep
|turn|9
|
|t:|1656950924
|move|p1a: I realize|Sucker Punch||[still]
|-fail|p1a: I realize
|move|p2a: Faust|Nasty Plot|p2a: Faust
|-boost|p2a: Faust|spa|0
|
|upkeep
|turn|10
|
|t:|1656950937
|move|p2a: Faust|Psychic|p1a: I realize
|-supereffective|p1a: I realize
|-damage|p1a: I realize|0 fnt
|faint|p1a: I realize
|
|upkeep
|
|t:|1656950943
|switch|p1a: YouAreJustLikeMe|Ditto|100/100
|-transform|p1a: YouAreJustLikeMe|p2a: Faust|[from] ability: Imposter
|turn|11
|
|t:|1656950954
|move|p1a: YouAreJustLikeMe|Shadow Ball|p2a: Faust
|-supereffective|p2a: Faust
|-crit|p2a: Faust
|-damage|p2a: Faust|0 fnt
|faint|p2a: Faust
|
|upkeep
|inactive|Pawnnel has 120 seconds left.
|
|t:|1656950994
|switch|p2a: Metallix|Metagross, shiny|100/100
|turn|12
|
|t:|1656950999
|detailschange|p2a: Metallix|Metagross-Mega, shiny
|-mega|p2a: Metallix|Metagross|Metagrossite
|move|p2a: Metallix|Bullet Punch|p1a: YouAreJustLikeMe
|-damage|p1a: YouAreJustLikeMe|33/100
|move|p1a: YouAreJustLikeMe|Shadow Ball|p2a: Metallix
|-supereffective|p2a: Metallix
|-damage|p2a: Metallix|0 fnt
|faint|p2a: Metallix
|
|upkeep
|inactive|Pawnnel has 120 seconds left.
|
|t:|1656951020
|switch|p2a: Turt|Torkoal, M|100/100
|-weather|SunnyDay|[from] ability: Drought|[of] p2a: Turt
|turn|13
|
|t:|1656951026
|move|p1a: YouAreJustLikeMe|Shadow Ball|p2a: Turt
|-damage|p2a: Turt|0 fnt
|faint|p2a: Turt
|
|-weather|SunnyDay|[upkeep]
|upkeep
|
|t:|1656951049
|switch|p2a: Bobsor|Venusaur, M|100/100
|turn|14
|
|t:|1656951053
|-start|p1a: YouAreJustLikeMe|Dynamax|
|-heal|p1a: YouAreJustLikeMe|33/100|[silent]
|-start|p2a: Bobsor|Dynamax|Gmax
|-heal|p2a: Bobsor|100/100|[silent]
|move|p2a: Bobsor|Max Ooze|p1a: YouAreJustLikeMe
|-damage|p1a: YouAreJustLikeMe|0 fnt
|-boost|p2a: Bobsor|spa|1
|faint|p1a: YouAreJustLikeMe
|-damage|p2a: Bobsor|96/100|[from] item: Life Orb
|
|-weather|SunnyDay|[upkeep]
|upkeep
|
|t:|1656951077
|switch|p1a: Trying2MakeHistory|Aerodactyl, F|100/100
|turn|15
|
|t:|1656951104
|detailschange|p1a: Trying2MakeHistory|Aerodactyl-Mega, F
|-mega|p1a: Trying2MakeHistory|Aerodactyl|Aerodactylite
|move|p2a: Bobsor|Max Ooze|p1a: Trying2MakeHistory
|-resisted|p1a: Trying2MakeHistory
|-damage|p1a: Trying2MakeHistory|50/100
|-boost|p2a: Bobsor|spa|1
|-damage|p2a: Bobsor|91/100|[from] item: Life Orb
|move|p1a: Trying2MakeHistory|Dual Wingbeat|p2a: Bobsor
|-supereffective|p2a: Bobsor
|-damage|p2a: Bobsor|52/100
|-supereffective|p2a: Bobsor
|-damage|p2a: Bobsor|12/100
|-hitcount|p2a: Bobsor|2
|
|-weather|SunnyDay|[upkeep]
|upkeep
|turn|16
|inactive|Pawnnel has 90 seconds left.
|
|t:|1656951121
|move|p2a: Bobsor|Max Ooze|p1a: Trying2MakeHistory
|-resisted|p1a: Trying2MakeHistory
|-damage|p1a: Trying2MakeHistory|0 fnt
|-boost|p2a: Bobsor|spa|1
|faint|p1a: Trying2MakeHistory
|-damage|p2a: Bobsor|7/100|[from] item: Life Orb
|
|-weather|SunnyDay|[upkeep]
|upkeep
|inactive|PaddyTheLegend has 120 seconds left.
|
|t:|1656951142
|switch|p1a: TheRightFromWrong|Morpeko, F|100/100
|-end|p2a: Bobsor|Dynamax
|-heal|p2a: Bobsor|7/100|[silent]
|turn|17
|
|t:|1656951148
|move|p2a: Bobsor|Giga Drain|p1a: TheRightFromWrong
|-damage|p1a: TheRightFromWrong|0 fnt
|-heal|p2a: Bobsor|50/100|[from] drain|[of] p1a: TheRightFromWrong
|faint|p1a: TheRightFromWrong
|-damage|p2a: Bobsor|40/100|[from] item: Life Orb
|
|-weather|none
|upkeep
|inactive|PaddyTheLegend has 120 seconds left.
|
|t:|1656951184
|switch|p1a: Standing here|Chansey, F|100/100
|turn|18
|
|t:|1656951188
|move|p2a: Bobsor|Giga Drain|p1a: Standing here
|-damage|p1a: Standing here|75/100
|-heal|p2a: Bobsor|70/100|[from] drain|[of] p1a: Standing here
|-damage|p2a: Bobsor|60/100|[from] item: Life Orb
|move|p1a: Standing here|Seismic Toss|p2a: Bobsor
|-damage|p2a: Bobsor|27/100
|
|upkeep
|turn|19
|inactive|PaddyTheLegend has 90 seconds left.
|inactive|PaddyTheLegend has 60 seconds left.
|
|t:|1656951264
|move|p2a: Bobsor|Giga Drain|p1a: Standing here
|-damage|p1a: Standing here|49/100
|-heal|p2a: Bobsor|58/100|[from] drain|[of] p1a: Standing here
|-damage|p2a: Bobsor|48/100|[from] item: Life Orb
|move|p1a: Standing here|Seismic Toss|p2a: Bobsor
|-damage|p2a: Bobsor|15/100
|
|upkeep
|turn|20
|inactive|Pawnnel has 120 seconds left.
|inactive|PaddyTheLegend has 30 seconds left.
|
|t:|1656951291
|move|p2a: Bobsor|Giga Drain|p1a: Standing here
|-damage|p1a: Standing here|24/100
|-heal|p2a: Bobsor|44/100|[from] drain|[of] p1a: Standing here
|-damage|p2a: Bobsor|34/100|[from] item: Life Orb
|move|p1a: Standing here|Seismic Toss|p2a: Bobsor
|-damage|p2a: Bobsor|1/100
|
|upkeep
|turn|21
|inactive|PaddyTheLegend has 30 seconds left.
|
|t:|1656951305
|move|p2a: Bobsor|Sludge Bomb|p1a: Standing here
|-damage|p1a: Standing here|0 fnt
|faint|p1a: Standing here
|-damage|p2a: Bobsor|0 fnt|[from] item: Life Orb
|faint|p2a: Bobsor
|
|win|Pawnnel
|raw|PaddyTheLegend's rating: 1384 &rarr; <strong>1372</strong><br />(-12 for losing)
|raw|Pawnnel's rating: 1537 &rarr; <strong>1549</strong><br />(+12 for winning)
|c|☆Pawnnel|Ggs
|l|☆PaddyTheLegend
||Ladder isn't responding, score probably updated but might not have (Request timeout).
