|j|☆SpookyMareep
|j|☆Crystallita
|t:|1661487020
|gametype|singles
|player|p1|SpookyMareep|rocketgruntf|1599
|player|p2|Crystallita|winona|1551
|teamsize|p1|6
|teamsize|p2|6
|gen|8
|tier|[Gen 8] National Dex AG
|rated|
|rule|HP Percentage Mod: HP is shown in percentages
|rule|Endless Battle Clause: Forcing endless battles is banned
|clearpoke
|poke|p1|Ditto|
|poke|p1|Marshadow|
|poke|p1|Toxapex, F|
|poke|p1|Shedinja|
|poke|p1|Quagsire, F|
|poke|p1|Landorus-Therian, M|
|poke|p2|Yveltal|
|poke|p2|Xerneas-*|
|poke|p2|Smeargle, F|
|poke|p2|Zacian-*|
|poke|p2|Calyrex-Shadow|
|poke|p2|Ditto|
|teampreview
|
|t:|1661487029
|start
|switch|p1a: Zacian! Wait STOP!|Ditto|100/100
|switch|p2a: Ditto|Ditto|100/100
|-transform|p1a: Zacian! Wait STOP!|p2a: Ditto|[from] ability: Imposter
|turn|1
|inactive|Battle timer is ON: inactive players will automatically lose when time's up. (requested by Crystallita)
|c|☆SpookyMareep|>:V
|c|☆SpookyMareep|baka
|
|t:|1661487039
|move|p1a: Zacian! Wait STOP!|Transform||[still]
|-fail|p1a: Zacian! Wait STOP!
|move|p2a: Ditto|Transform||[still]
|-fail|p2a: Ditto
|
|upkeep
|turn|2
|
|t:|1661487045
|switch|p1a: Yakuza.|Shedinja|100/100
|move|p2a: Ditto|Transform|p1a: Yakuza.
|-transform|p2a: Ditto|p1a: Yakuza.
|
|upkeep
|turn|3
|
|t:|1661487056
|switch|p1a: Yakuza|Toxapex, F|100/100
|move|p2a: Ditto|Toxic|p1a: Yakuza
|-immune|p1a: Yakuza
|
|upkeep
|turn|4
|
|t:|1661487072
|switch|p2a: Smeargle|Smeargle, F|100/100
|move|p1a: Yakuza|Toxic Spikes|p2a: Smeargle
|-sidestart|p2: Crystallita|move: Toxic Spikes
|
|-ability|p2a: Smeargle|Moody|boost
|-boost|p2a: Smeargle|def|2
|-unboost|p2a: Smeargle|spe|1
|upkeep
|turn|5
|
|t:|1661487082
|move|p2a: Smeargle|Spore|p1a: Yakuza
|-status|p1a: Yakuza|slp|[from] move: Spore
|cant|p1a: Yakuza|slp
|
|-ability|p2a: Smeargle|Moody|boost
|-boost|p2a: Smeargle|spe|2
|-unboost|p2a: Smeargle|atk|1
|upkeep
|turn|6
|
|t:|1661487102
|switch|p1a: :)|Quagsire, F|100/100
|move|p2a: Smeargle|Baton Pass|p2a: Smeargle
|
|t:|1661487114
|switch|p2a: Calyrex|Calyrex-Shadow|100/100|[from]move: Baton Pass
|-ability|p2a: Calyrex|As One
|-ability|p2a: Calyrex|Unnerve
|-status|p2a: Calyrex|psn
|
|-damage|p2a: Calyrex|88/100 psn|[from] psn
|upkeep
|turn|7
|
|t:|1661487127
|switch|p1a: Yakuza|Toxapex, F|100/100 slp
|move|p2a: Calyrex|Leaf Storm|p1a: Yakuza
|-damage|p1a: Yakuza|59/100 slp
|-unboost|p2a: Calyrex|spa|2
|
|-damage|p2a: Calyrex|76/100 psn|[from] psn
|upkeep
|turn|8
|
|t:|1661487137
|-start|p2a: Calyrex|Dynamax|
|-heal|p2a: Calyrex|76/100 psn|[silent]
|move|p2a: Calyrex|Max Phantasm|p1a: Yakuza
|-damage|p1a: Yakuza|22/100 slp
|-unboost|p1a: Yakuza|def|1
|cant|p1a: Yakuza|slp
|
|-damage|p2a: Calyrex|70/100 psn|[from] psn
|upkeep
|turn|9
|
|t:|1661487145
|switch|p1a: Yakuza.|Shedinja|100/100
|move|p2a: Calyrex|Max Phantasm|p1a: Yakuza.
|-supereffective|p1a: Yakuza.
|-enditem|p1a: Yakuza.|Focus Sash
|-damage|p1a: Yakuza.|100/100
|-unboost|p1a: Yakuza.|def|1
|
|-damage|p2a: Calyrex|64/100 psn|[from] psn
|upkeep
|turn|10
|
|t:|1661487156
|move|p1a: Yakuza.|Shadow Sneak|p2a: Calyrex
|-supereffective|p2a: Calyrex
|-damage|p2a: Calyrex|41/100 psn
|move|p2a: Calyrex|Max Phantasm|p1a: Yakuza.
|-supereffective|p1a: Yakuza.
|-damage|p1a: Yakuza.|0 fnt
|faint|p1a: Yakuza.
|-ability|p2a: Calyrex|Grim Neigh|boost
|-boost|p2a: Calyrex|spa|1
|
|-damage|p2a: Calyrex|35/100 psn|[from] psn
|upkeep
|
|t:|1661487162
|switch|p1a: SpookyMareep(YT)|Marshadow|100/100
|-end|p2a: Calyrex|Dynamax
|-heal|p2a: Calyrex|35/100 psn|[silent]
|turn|11
|
|t:|1661487172
|move|p1a: SpookyMareep(YT)|Shadow Sneak|p2a: Calyrex
|-supereffective|p2a: Calyrex
|-damage|p2a: Calyrex|0 fnt
|faint|p2a: Calyrex
|-damage|p1a: SpookyMareep(YT)|91/100|[from] item: Life Orb
|
|upkeep
|
|t:|1661487181
|switch|p2a: Yveltal|Yveltal|100/100
|-ability|p2a: Yveltal|Dark Aura
|turn|12
|
|t:|1661487187
|-start|p1a: SpookyMareep(YT)|Dynamax|
|-heal|p1a: SpookyMareep(YT)|91/100|[silent]
|move|p1a: SpookyMareep(YT)|Max Hailstorm|p2a: Yveltal
|-supereffective|p2a: Yveltal
|-damage|p2a: Yveltal|9/100
|-weather|Hail
|-damage|p1a: SpookyMareep(YT)|86/100|[from] item: Life Orb
|move|p2a: Yveltal|Knock Off|p1a: SpookyMareep(YT)
|-damage|p1a: SpookyMareep(YT)|33/100
|-enditem|p1a: SpookyMareep(YT)|Life Orb|[from] move: Knock Off|[of] p2a: Yveltal
|
|-weather|Hail|[upkeep]
|-damage|p1a: SpookyMareep(YT)|30/100|[from] Hail
|-damage|p2a: Yveltal|3/100|[from] Hail
|upkeep
|turn|13
|
|t:|1661487202
|move|p2a: Yveltal|Sucker Punch|p1a: SpookyMareep(YT)
|-damage|p1a: SpookyMareep(YT)|0 fnt
|faint|p1a: SpookyMareep(YT)
|
|-weather|Hail|[upkeep]
|-damage|p2a: Yveltal|0 fnt|[from] Hail
|faint|p2a: Yveltal
|upkeep
|
|t:|1661487218
|switch|p1a: Zacian! Wait STOP!|Ditto|100/100
|switch|p2a: Smeargle|Smeargle, F|100/100
|-transform|p1a: Zacian! Wait STOP!|p2a: Smeargle|[from] ability: Imposter
|-status|p2a: Smeargle|psn
|turn|14
|
|t:|1661487235
|switch|p1a: Yakuza|Toxapex, F|55/100 slp
|move|p2a: Smeargle|Spore|p1a: Yakuza
|-fail|p1a: Yakuza|slp
|
|-weather|Hail|[upkeep]
|-damage|p2a: Smeargle|94/100 psn|[from] Hail
|-damage|p1a: Yakuza|49/100 slp|[from] Hail
|-damage|p2a: Smeargle|82/100 psn|[from] psn
|-ability|p2a: Smeargle|Moody|boost
|-boost|p2a: Smeargle|spd|2
|-unboost|p2a: Smeargle|atk|1
|upkeep
|turn|15
|inactive|Crystallita has 120 seconds left.
|
|t:|1661487267
|move|p2a: Smeargle|Minimize|p2a: Smeargle
|-boost|p2a: Smeargle|evasion|2
|cant|p1a: Yakuza|slp
|
|-weather|Hail|[upkeep]
|-damage|p2a: Smeargle|76/100 psn|[from] Hail
|-damage|p1a: Yakuza|43/100 slp|[from] Hail
|-damage|p2a: Smeargle|64/100 psn|[from] psn
|-ability|p2a: Smeargle|Moody|boost
|-boost|p2a: Smeargle|def|2
|-unboost|p2a: Smeargle|spa|1
|upkeep
|turn|16
|inactive|Crystallita has 120 seconds left.
|
|t:|1661487279
|move|p2a: Smeargle|Minimize|p2a: Smeargle
|-boost|p2a: Smeargle|evasion|2
|-curestatus|p1a: Yakuza|slp|[msg]
|move|p1a: Yakuza|Toxic Spikes|p2a: Smeargle
|-sidestart|p2: Crystallita|move: Toxic Spikes
|
|-weather|none
|-damage|p2a: Smeargle|51/100 psn|[from] psn
|-ability|p2a: Smeargle|Moody|boost
|-boost|p2a: Smeargle|spa|2
|-unboost|p2a: Smeargle|atk|1
|upkeep
|turn|17
|inactive|Crystallita has 120 seconds left.
|
|t:|1661487292
|move|p2a: Smeargle|Baton Pass|p2a: Smeargle
|
|t:|1661487293
|switch|p2a: Xerneas|Xerneas|100/100|[from]move: Baton Pass
|-status|p2a: Xerneas|tox
|-ability|p2a: Xerneas|Fairy Aura
|move|p1a: Yakuza|Scald|p2a: Xerneas|[miss]
|-miss|p1a: Yakuza|p2a: Xerneas
|
|-damage|p2a: Xerneas|94/100 tox|[from] psn
|upkeep
|turn|18
|inactive|Crystallita has 120 seconds left.
|
|t:|1661487309
|switch|p1a: Zacian! Wait STOP!|Ditto|100/100
|-transform|p1a: Zacian! Wait STOP!|p2a: Xerneas|[from] ability: Imposter
|-ability|p1a: Zacian! Wait STOP!|Fairy Aura
|move|p2a: Xerneas|Thunderbolt|p1a: Zacian! Wait STOP!|[miss]
|-miss|p2a: Xerneas|p1a: Zacian! Wait STOP!
|
|-damage|p2a: Xerneas|82/100 tox|[from] psn
|upkeep
|turn|19
|
|t:|1661487319
|move|p1a: Zacian! Wait STOP!|Moonblast|p2a: Xerneas|[miss]
|-miss|p1a: Zacian! Wait STOP!|p2a: Xerneas
|move|p2a: Xerneas|Flash Cannon|p1a: Zacian! Wait STOP!|[miss]
|-miss|p2a: Xerneas|p1a: Zacian! Wait STOP!
|
|-damage|p2a: Xerneas|64/100 tox|[from] psn
|upkeep
|turn|20
|
|t:|1661487324
|move|p1a: Zacian! Wait STOP!|Moonblast|p2a: Xerneas|[miss]
|-miss|p1a: Zacian! Wait STOP!|p2a: Xerneas
|move|p2a: Xerneas|Moonblast|p1a: Zacian! Wait STOP!
|-damage|p1a: Zacian! Wait STOP!|27/100
|-unboost|p1a: Zacian! Wait STOP!|spa|1
|
|-damage|p2a: Xerneas|39/100 tox|[from] psn
|upkeep
|turn|21
|
|t:|1661487331
|move|p1a: Zacian! Wait STOP!|Moonblast|p2a: Xerneas|[miss]
|-miss|p1a: Zacian! Wait STOP!|p2a: Xerneas
|move|p2a: Xerneas|Moonblast|p1a: Zacian! Wait STOP!|[miss]
|-miss|p2a: Xerneas|p1a: Zacian! Wait STOP!
|
|-damage|p2a: Xerneas|8/100 tox|[from] psn
|upkeep
|turn|22
|
|t:|1661487337
|switch|p1a: Yakuza|Toxapex, F|77/100
|move|p2a: Xerneas|Moonblast|p1a: Yakuza
|-resisted|p1a: Yakuza
|-crit|p1a: Yakuza
|-damage|p1a: Yakuza|6/100
|
|-damage|p2a: Xerneas|0 fnt|[from] psn
|faint|p2a: Xerneas
|upkeep
|
|t:|1661487357
|switch|p2a: Smeargle|Smeargle, F|51/100 psn
|turn|23
|
|t:|1661487364
|move|p2a: Smeargle|Spore|p1a: Yakuza
|-status|p1a: Yakuza|slp|[from] move: Spore
|cant|p1a: Yakuza|slp
|
|-damage|p2a: Smeargle|39/100 psn|[from] psn
|-ability|p2a: Smeargle|Moody|boost
|-boost|p2a: Smeargle|spe|2
|-unboost|p2a: Smeargle|def|1
|upkeep
|turn|24
|
|t:|1661487371
|switch|p1a: Zacian! Wait STOP!|Ditto|27/100
|-transform|p1a: Zacian! Wait STOP!|p2a: Smeargle|[from] ability: Imposter
|move|p2a: Smeargle|Substitute|p2a: Smeargle
|-start|p2a: Smeargle|Substitute
|-damage|p2a: Smeargle|14/100 psn
|
|-damage|p2a: Smeargle|1/100 psn|[from] psn
|-ability|p1a: Zacian! Wait STOP!|Moody|boost
|-boost|p1a: Zacian! Wait STOP!|spe|2
|-unboost|p1a: Zacian! Wait STOP!|def|1
|-ability|p2a: Smeargle|Moody|boost
|-boost|p2a: Smeargle|spd|2
|-unboost|p2a: Smeargle|atk|1
|upkeep
|turn|25
|
|t:|1661487398
|move|p1a: Zacian! Wait STOP!|Baton Pass|p1a: Zacian! Wait STOP!
|
|t:|1661487400
|switch|p1a: Yakuza|Toxapex, F|39/100 slp|[from]move: Baton Pass
|move|p2a: Smeargle|Baton Pass|p2a: Smeargle
|
|t:|1661487409
|switch|p2a: Zacian|Zacian-Crowned, shiny|100/100|[from]move: Baton Pass
|-ability|p2a: Zacian|Intrepid Sword|boost
|-boost|p2a: Zacian|atk|1
|
|upkeep
|turn|26
|
|t:|1661487426
|switch|p1a: >1440 ELO TEAM|Landorus-Therian, M|100/100
|-ability|p1a: >1440 ELO TEAM|Intimidate|boost
|-immune|p2a: Zacian
|move|p2a: Zacian|Behemoth Blade|p1a: >1440 ELO TEAM
|-damage|p1a: >1440 ELO TEAM|23/100
|
|upkeep
|turn|27
|
|t:|1661487435
|move|p2a: Zacian|Behemoth Blade|p1a: >1440 ELO TEAM
|-damage|p1a: >1440 ELO TEAM|0 fnt
|faint|p1a: >1440 ELO TEAM
|
|upkeep
|
|t:|1661487438
|switch|p1a: :)|Quagsire, F|100/100
|turn|28
|
|t:|1661487442
|move|p2a: Zacian|Close Combat|p1a: :)
|-damage|p1a: :)|65/100
|-unboost|p2a: Zacian|def|1
|-unboost|p2a: Zacian|spd|1
|-damage|p2a: Zacian|84/100|[from] item: Rocky Helmet|[of] p1a: :)
|move|p1a: :)|Earthquake|p2a: Zacian
|-supereffective|p2a: Zacian
|-end|p2a: Zacian|Substitute
|
|upkeep
|turn|29
|
|t:|1661487453
|move|p2a: Zacian|Behemoth Blade|p1a: :)
|-resisted|p1a: :)
|-damage|p1a: :)|45/100
|-damage|p2a: Zacian|67/100|[from] item: Rocky Helmet|[of] p1a: :)
|move|p1a: :)|Scald|p2a: Zacian
|-damage|p2a: Zacian|51/100
|-status|p2a: Zacian|brn
|
|-damage|p2a: Zacian|44/100 brn|[from] brn
|upkeep
|turn|30
|-message|Crystallita forfeited.
|
|win|SpookyMareep
|raw|SpookyMareep's rating: 1599 &rarr; <strong>1616</strong><br />(+17 for winning)
|raw|Crystallita's rating: 1551 &rarr; <strong>1534</strong><br />(-17 for losing)
|l|☆Crystallita
|c|☆SpookyMareep|wp
