|j|☆TaxFraud094
|j|☆High ladder bros
|inactive|Battle timer is ON: inactive players will automatically lose when time's up.
|t:|1663784326
|gametype|singles
|player|p1|TaxFraud094|skyla-masters2|
|player|p2|High ladder bros|adaman|
|teamsize|p1|6
|teamsize|p2|6
|gen|8
|tier|[Gen 8] National Dex AG
|rated|Tournament battle
|rule|HP Percentage Mod: HP is shown in percentages
|rule|Endless Battle Clause: Forcing endless battles is banned
|clearpoke
|poke|p1|Calyrex-Shadow|
|poke|p1|Yveltal|
|poke|p1|Ho-Oh|
|poke|p1|Groudon|
|poke|p1|Necrozma-Dusk-Mane|
|poke|p1|Zygarde|
|poke|p2|Arceus-*|
|poke|p2|Groudon|
|poke|p2|Necrozma-Dusk-Mane|
|poke|p2|Rayquaza|
|poke|p2|Arceus-*|
|poke|p2|Arceus-*|
|teampreview
|inactive|High ladder bros also wants the timer to be on.
|inactive|TaxFraud094 also wants the timer to be on.
|c|☆High ladder bros|Hfgl
|inactive|TaxFraud094 has 120 seconds left.
|j| EternalStiff
|c|☆TaxFraud094|glhf
|j| literal doodoo
|l| literal doodoo
|
|t:|1663784379
|start
|switch|p1a: Zygarde|Zygarde|100/100
|switch|p2a: Drunken bagua|Rayquaza|100/100
|-ability|p2a: Drunken bagua|Air Lock
|turn|1
|
|t:|1663784402
|switch|p2a: Drip feed|Arceus-Water, shiny|100/100
|move|p1a: Zygarde|Glare|p2a: Drip feed
|-status|p2a: Drip feed|par
|
|upkeep
|turn|2
|inactive|TaxFraud094 has 120 seconds left.
|
|t:|1663784433
|switch|p1a: Yveltal|Yveltal|100/100
|-ability|p1a: Yveltal|Dark Aura
|switch|p2a: Drunken bagua|Rayquaza|100/100
|-ability|p2a: Drunken bagua|Air Lock
|
|upkeep
|turn|3
|
|t:|1663784447
|switch|p1a: Zygarde|Zygarde|100/100
|detailschange|p2a: Drunken bagua|Rayquaza-Mega
|-mega|p2a: Drunken bagua|Rayquaza|
|-weather|DeltaStream|[from] ability: Delta Stream|[of] p2a: Drunken bagua
|move|p2a: Drunken bagua|V-create|p1a: Zygarde
|-resisted|p1a: Zygarde
|-damage|p1a: Zygarde|67/100
|-unboost|p2a: Drunken bagua|spe|1
|-unboost|p2a: Drunken bagua|def|1
|-unboost|p2a: Drunken bagua|spd|1
|
|-weather|DeltaStream|[upkeep]
|upkeep
|turn|4
|inactive|TaxFraud094 has 120 seconds left.
|inactive|TaxFraud094 has 90 seconds left.
|
|t:|1663784508
|-weather|none
|switch|p2a: Drip feed|Arceus-Water, shiny|100/100 par
|move|p1a: Zygarde|Thousand Arrows|p2a: Drip feed
|-damage|p2a: Drip feed|84/100 par
|
|upkeep
|turn|5
|
|t:|1663784520
|switch|p1a: Necrozma|Necrozma-Dusk-Mane|100/100
|switch|p2a: Drunken bagua|Rayquaza-Mega|100/100
|-weather|DeltaStream|[from] ability: Delta Stream|[of] p2a: Drunken bagua
|
|-weather|DeltaStream|[upkeep]
|upkeep
|turn|6
|inactive|TaxFraud094 has 90 seconds left.
|
|t:|1663784534
|switch|p1a: Zygarde|Zygarde|67/100
|move|p2a: Drunken bagua|Dragon Ascent|p1a: Zygarde
|-damage|p1a: Zygarde|0 fnt
|-unboost|p2a: Drunken bagua|def|1
|-unboost|p2a: Drunken bagua|spd|1
|faint|p1a: Zygarde
|
|-weather|DeltaStream|[upkeep]
|upkeep
|
|t:|1663784536
|switch|p1a: Calyrex|Calyrex-Shadow|100/100
|-ability|p1a: Calyrex|As One
|-ability|p1a: Calyrex|Unnerve
|turn|7
|inactive|TaxFraud094 has 90 seconds left.
|
|t:|1663784555
|-weather|none
|switch|p2a: Bad dreams|Arceus-Dark, shiny|100/100
|move|p1a: Calyrex|Nasty Plot|p1a: Calyrex
|-boost|p1a: Calyrex|spa|2
|
|upkeep
|turn|8
|inactive|TaxFraud094 has 90 seconds left.
|c|☆TaxFraud094|ahhh yes
|c|☆TaxFraud094|the great dilemma
|inactive|High ladder bros has 120 seconds left.
|c|☆TaxFraud094|do I dynamax or not
|c|☆High ladder bros|No bugz?
|inactive|TaxFraud094 has 60 seconds left.
|c|☆High ladder bros|🤔
|c|☆TaxFraud094|what if I am baiting you?
|inactive|High ladder bros has 90 seconds left.
|j| smoolic alt
|
|t:|1663784627
|switch|p1a: Groudon|Groudon|100/100
|detailschange|p1a: Groudon|Groudon-Primal
|-primal|p1a: Groudon
|-weather|DesolateLand|[from] ability: Desolate Land|[of] p1a: Groudon
|-start|p2a: Bad dreams|Dynamax|
|-heal|p2a: Bad dreams|100/100|[silent]
|move|p2a: Bad dreams|Max Darkness|p1a: Groudon
|-damage|p1a: Groudon|49/100
|-unboost|p1a: Groudon|spd|1
|
|-weather|DesolateLand|[upkeep]
|upkeep
|turn|9
|c| smoolic alt|hi
|inactive|High ladder bros has 90 seconds left.
|c|☆TaxFraud094|L
|
|t:|1663784636
|-weather|none
|switch|p1a: Ho-Oh|Ho-Oh|100/100
|move|p2a: Bad dreams|Max Darkness|p1a: Ho-Oh
|-damage|p1a: Ho-Oh|71/100
|-unboost|p1a: Ho-Oh|spd|1
|
|upkeep
|turn|10
|
|t:|1663784649
|-end|p2a: Bad dreams|Dynamax
|-heal|p2a: Bad dreams|100/100|[silent]
|switch|p2a: Drunken bagua|Rayquaza-Mega|100/100
|-weather|DeltaStream|[from] ability: Delta Stream|[of] p2a: Drunken bagua
|switch|p1a: Groudon|Groudon-Primal|49/100
|-weather|DesolateLand|[from] ability: Desolate Land|[of] p1a: Groudon
|
|-weather|DesolateLand|[upkeep]
|upkeep
|turn|11
|inactive|High ladder bros has 90 seconds left.
|
|t:|1663784670
|move|p2a: Drunken bagua|Dragon Ascent|p1a: Groudon
|-damage|p1a: Groudon|0 fnt
|-unboost|p2a: Drunken bagua|def|1
|-unboost|p2a: Drunken bagua|spd|1
|faint|p1a: Groudon
|-weather|none
|
|upkeep
|
|t:|1663784676
|switch|p1a: Calyrex|Calyrex-Shadow|100/100
|-ability|p1a: Calyrex|As One
|-ability|p1a: Calyrex|Unnerve
|turn|12
|
|t:|1663784678
|move|p1a: Calyrex|Astral Barrage|p2a: Drunken bagua
|-damage|p2a: Drunken bagua|0 fnt
|faint|p2a: Drunken bagua
|-ability|p1a: Calyrex|Grim Neigh|boost
|-boost|p1a: Calyrex|spa|1
|-damage|p1a: Calyrex|91/100|[from] item: Life Orb
|
|upkeep
|
|t:|1663784680
|switch|p2a: Bad dreams|Arceus-Dark, shiny|100/100
|turn|13
|inactive|TaxFraud094 has 60 seconds left.
|l| smoolic alt
|c|☆High ladder bros|Go on then switch
|inactive|TaxFraud094 has 30 seconds left.
|
|t:|1663784726
|switch|p1a: Ho-Oh|Ho-Oh|100/100
|move|p2a: Bad dreams|Snarl|p1a: Ho-Oh|[miss]
|-miss|p2a: Bad dreams|p1a: Ho-Oh
|
|upkeep
|turn|14
|inactive|TaxFraud094 has 30 seconds left.
|inactive|High ladder bros has 120 seconds left.
|
|t:|1663784734
|move|p2a: Bad dreams|Magic Coat|p2a: Bad dreams
|-singleturn|p2a: Bad dreams|move: Magic Coat
|move|p1a: Ho-Oh|Sacred Fire|p2a: Bad dreams
|-damage|p2a: Bad dreams|73/100
|-status|p2a: Bad dreams|brn
|
|-damage|p2a: Bad dreams|67/100 brn|[from] brn
|upkeep
|turn|15
|
|t:|1663784739
|move|p2a: Bad dreams|Recover|p2a: Bad dreams
|-heal|p2a: Bad dreams|100/100 brn
|move|p1a: Ho-Oh|Toxic||[still]
|-fail|p1a: Ho-Oh
|
|-damage|p2a: Bad dreams|94/100 brn|[from] brn
|upkeep
|turn|16
|
|t:|1663784752
|switch|p2a: Free rocks|Groudon, shiny|100/100
|detailschange|p2a: Free rocks|Groudon-Primal, shiny
|-primal|p2a: Free rocks
|-weather|DesolateLand|[from] ability: Desolate Land|[of] p2a: Free rocks
|switch|p1a: Necrozma|Necrozma-Dusk-Mane|100/100
|
|-weather|DesolateLand|[upkeep]
|upkeep
|turn|17
|
|t:|1663784762
|move|p2a: Free rocks|Rock Tomb|p1a: Necrozma
|-resisted|p1a: Necrozma
|-damage|p1a: Necrozma|94/100
|-unboost|p1a: Necrozma|spe|1
|move|p1a: Necrozma|Dragon Dance|p1a: Necrozma
|-boost|p1a: Necrozma|atk|1
|-boost|p1a: Necrozma|spe|1
|
|-weather|DesolateLand|[upkeep]
|-heal|p1a: Necrozma|99/100|[from] item: Leftovers
|upkeep
|turn|18
|
|t:|1663784777
|move|p2a: Free rocks|Precipice Blades|p1a: Necrozma
|-supereffective|p1a: Necrozma
|-damage|p1a: Necrozma|45/100
|move|p1a: Necrozma|Dragon Dance|p1a: Necrozma
|-boost|p1a: Necrozma|atk|1
|-boost|p1a: Necrozma|spe|1
|
|-weather|DesolateLand|[upkeep]
|-heal|p1a: Necrozma|51/100|[from] item: Leftovers
|upkeep
|turn|19
|
|t:|1663784784
|move|p1a: Necrozma|Moonlight|p1a: Necrozma
|-heal|p1a: Necrozma|100/100
|move|p2a: Free rocks|Precipice Blades|p1a: Necrozma
|-supereffective|p1a: Necrozma
|-damage|p1a: Necrozma|46/100
|
|-weather|DesolateLand|[upkeep]
|-heal|p1a: Necrozma|52/100|[from] item: Leftovers
|upkeep
|turn|20
|
|t:|1663784788
|move|p1a: Necrozma|Moonlight|p1a: Necrozma
|-heal|p1a: Necrozma|100/100
|move|p2a: Free rocks|Rock Tomb|p1a: Necrozma
|-resisted|p1a: Necrozma
|-damage|p1a: Necrozma|94/100
|-unboost|p1a: Necrozma|spe|1
|
|-weather|DesolateLand|[upkeep]
|-heal|p1a: Necrozma|99/100|[from] item: Leftovers
|upkeep
|turn|21
|
|t:|1663784794
|move|p2a: Free rocks|Precipice Blades|p1a: Necrozma
|-supereffective|p1a: Necrozma
|-damage|p1a: Necrozma|50/100
|move|p1a: Necrozma|Dragon Dance|p1a: Necrozma
|-boost|p1a: Necrozma|atk|1
|-boost|p1a: Necrozma|spe|1
|
|-weather|DesolateLand|[upkeep]
|-heal|p1a: Necrozma|56/100|[from] item: Leftovers
|upkeep
|turn|22
|
|t:|1663784800
|move|p1a: Necrozma|Moonlight|p1a: Necrozma
|-heal|p1a: Necrozma|100/100
|move|p2a: Free rocks|Precipice Blades|p1a: Necrozma
|-supereffective|p1a: Necrozma
|-damage|p1a: Necrozma|42/100
|
|-weather|DesolateLand|[upkeep]
|-heal|p1a: Necrozma|48/100|[from] item: Leftovers
|upkeep
|turn|23
|j| smoolic alt
|
|t:|1663784802
|move|p1a: Necrozma|Moonlight|p1a: Necrozma
|-heal|p1a: Necrozma|100/100
|move|p2a: Free rocks|Precipice Blades|p1a: Necrozma
|-supereffective|p1a: Necrozma
|-damage|p1a: Necrozma|46/100
|
|-weather|DesolateLand|[upkeep]
|-heal|p1a: Necrozma|52/100|[from] item: Leftovers
|upkeep
|turn|24
|
|t:|1663784806
|move|p1a: Necrozma|Moonlight|p1a: Necrozma
|-heal|p1a: Necrozma|100/100
|move|p2a: Free rocks|Precipice Blades|p1a: Necrozma
|-supereffective|p1a: Necrozma
|-damage|p1a: Necrozma|49/100
|
|-weather|DesolateLand|[upkeep]
|-heal|p1a: Necrozma|55/100|[from] item: Leftovers
|upkeep
|turn|25
|inactive|TaxFraud094 has 90 seconds left.
|
|t:|1663784821
|move|p1a: Necrozma|Earthquake|p2a: Free rocks
|-supereffective|p2a: Free rocks
|-damage|p2a: Free rocks|29/100
|move|p2a: Free rocks|Rock Tomb|p1a: Necrozma
|-resisted|p1a: Necrozma
|-damage|p1a: Necrozma|48/100
|-unboost|p1a: Necrozma|spe|1
|
|-weather|DesolateLand|[upkeep]
|-heal|p1a: Necrozma|54/100|[from] item: Leftovers
|upkeep
|turn|26
|c| EternalStiff|26 turns
|inactive|TaxFraud094 has 90 seconds left.
|
|t:|1663784835
|move|p2a: Free rocks|Stealth Rock|p1a: Necrozma
|-sidestart|p1: TaxFraud094|move: Stealth Rock
|move|p1a: Necrozma|Dragon Dance|p1a: Necrozma
|-boost|p1a: Necrozma|atk|1
|-boost|p1a: Necrozma|spe|1
|
|-weather|DesolateLand|[upkeep]
|-heal|p1a: Necrozma|61/100|[from] item: Leftovers
|upkeep
|turn|27
|l| smoolic alt
|
|t:|1663784840
|move|p1a: Necrozma|Earthquake|p2a: Free rocks
|-supereffective|p2a: Free rocks
|-crit|p2a: Free rocks
|-damage|p2a: Free rocks|0 fnt
|faint|p2a: Free rocks
|-weather|none
|
|-heal|p1a: Necrozma|67/100|[from] item: Leftovers
|upkeep
|
|t:|1663784843
|switch|p2a: Drip feed|Arceus-Water, shiny|84/100 par
|turn|28
|
|t:|1663784847
|move|p1a: Necrozma|Earthquake|p2a: Drip feed
|-damage|p2a: Drip feed|32/100 par
|cant|p2a: Drip feed|par
|
|-heal|p1a: Necrozma|73/100|[from] item: Leftovers
|upkeep
|turn|29
|c|☆TaxFraud094|oof
|c|☆TaxFraud094|sorry bout that
|
|t:|1663784864
|move|p1a: Necrozma|Earthquake|p2a: Drip feed
|-damage|p2a: Drip feed|0 fnt
|faint|p2a: Drip feed
|
|-heal|p1a: Necrozma|79/100|[from] item: Leftovers
|upkeep
|
|t:|1663784866
|switch|p2a: Ole reliable|Arceus-Ground, shiny|100/100
|turn|30
|
|t:|1663784873
|-start|p1a: Necrozma|Dynamax|
|-heal|p1a: Necrozma|79/100|[silent]
|move|p2a: Ole reliable|Judgment|p1a: Necrozma
|-supereffective|p1a: Necrozma
|-damage|p1a: Necrozma|44/100
|move|p1a: Necrozma|Max Steelspike|p2a: Ole reliable
|-damage|p2a: Ole reliable|0 fnt
|-boost|p1a: Necrozma|def|1
|faint|p2a: Ole reliable
|
|-heal|p1a: Necrozma|47/100|[from] item: Leftovers
|upkeep
|-message|High ladder bros forfeited.
|
|win|TaxFraud094
|n|☆TaxFraud094|taxfraud094
|n|☆High ladder bros|highladderbros
|n| EternalStiff|eternalstiff
|l|☆High ladder bros
|c|☆TaxFraud094|gg
|l|☆TaxFraud094
|l| EternalStiff
