|j|☆Reincarnation of .
|j|☆SalvageLordRonin
|inactive|Battle timer is ON: inactive players will automatically lose when time's up.
|t:|1667028225
|gametype|singles
|player|p1|Reincarnation of .|blue-gen3two|
|player|p2|SalvageLordRonin|psychic-gen4|
|teamsize|p1|6
|teamsize|p2|6
|gen|8
|tier|[Gen 8] National Dex AG
|rated|Tournament battle
|rule|HP Percentage Mod: HP is shown in percentages
|rule|Endless Battle Clause: Forcing endless battles is banned
|clearpoke
|poke|p1|Arceus-*|
|poke|p1|Ditto|
|poke|p1|Necrozma-Dusk-Mane|
|poke|p1|Rayquaza|
|poke|p1|Arceus-*|
|poke|p1|Arceus-*|
|poke|p2|Marshadow|
|poke|p2|Zacian-*|
|poke|p2|Zekrom|
|poke|p2|Kyogre|
|poke|p2|Necrozma-Dusk-Mane|
|poke|p2|Calyrex-Shadow|
|teampreview
|inactive|Reincarnation of . also wants the timer to be on.
|j| Pokemh
|j| Testaltv38
|j|+Frozoid
|
|t:|1667028244
|start
|switch|p1a: 🐉|Rayquaza|100/100
|switch|p2a: Ocean King|Kyogre|100/100
|-weather|RainDance|[from] ability: Drizzle|[of] p2a: Ocean King
|-ability|p1a: 🐉|Air Lock
|turn|1
|
|t:|1667028250
|detailschange|p1a: 🐉|Rayquaza-Mega
|-mega|p1a: 🐉|Rayquaza|
|-weather|DeltaStream|[from] ability: Delta Stream|[of] p1a: 🐉
|move|p2a: Ocean King|Blizzard|p1a: 🐉
|-activate||deltastream
|-supereffective|p1a: 🐉
|-damage|p1a: 🐉|12/100
|move|p1a: 🐉|Dragon Dance|p1a: 🐉
|-boost|p1a: 🐉|atk|1
|-boost|p1a: 🐉|spe|1
|
|-weather|DeltaStream|[upkeep]
|upkeep
|turn|2
|j| Numi's toothbrush
|
|t:|1667028253
|move|p1a: 🐉|Dragon Ascent|p2a: Ocean King
|-damage|p2a: Ocean King|0 fnt
|-unboost|p1a: 🐉|def|1
|-unboost|p1a: 🐉|spd|1
|faint|p2a: Ocean King
|
|-weather|DeltaStream|[upkeep]
|upkeep
|
|t:|1667028259
|switch|p2a: Cavalry King|Calyrex-Shadow|100/100
|-ability|p2a: Cavalry King|As One
|-ability|p2a: Cavalry King|Unnerve
|turn|3
|
|t:|1667028263
|-weather|none
|switch|p1a: 👑|Arceus|100/100
|move|p2a: Cavalry King|Astral Barrage|p1a: 👑
|-immune|p1a: 👑
|
|upkeep
|turn|4
|j| KAREN STEPHANIE
|
|t:|1667028269
|switch|p2a: Combat King|Zacian|100/100
|-ability|p2a: Combat King|Intrepid Sword|boost
|-boost|p2a: Combat King|atk|1
|move|p1a: 👑|Shadow Claw|p2a: Combat King
|-damage|p2a: Combat King|77/100
|
|upkeep
|turn|5
|j| Genki dashite yo
|
|t:|1667028291
|switch|p2a: Lion King|Necrozma-Dusk-Mane|100/100
|switch|p1a: 🐉|Rayquaza-Mega|12/100
|-weather|DeltaStream|[from] ability: Delta Stream|[of] p1a: 🐉
|
|-weather|DeltaStream|[upkeep]
|upkeep
|turn|6
|
|t:|1667028298
|move|p1a: 🐉|Earthquake|p2a: Lion King
|-supereffective|p2a: Lion King
|-damage|p2a: Lion King|44/100
|-enditem|p2a: Lion King|Weakness Policy
|-boost|p2a: Lion King|atk|2|[from] item: Weakness Policy
|-boost|p2a: Lion King|spa|2|[from] item: Weakness Policy
|move|p2a: Lion King|Sunsteel Strike|p1a: 🐉
|-crit|p1a: 🐉
|-damage|p1a: 🐉|0 fnt
|faint|p1a: 🐉
|-weather|none
|
|upkeep
|
|t:|1667028303
|switch|p1a: Kriti Sanon💋|Ditto|100/100
|-transform|p1a: Kriti Sanon💋|p2a: Lion King|[from] ability: Imposter
|turn|7
|
|t:|1667028305
|move|p1a: Kriti Sanon💋|Earthquake|p2a: Lion King
|-supereffective|p2a: Lion King
|-damage|p2a: Lion King|0 fnt
|faint|p2a: Lion King
|
|upkeep
|
|t:|1667028307
|switch|p2a: Shadow King|Marshadow|100/100
|turn|8
|
|t:|1667028312
|switch|p1a: 💗|Arceus-Fairy|100/100
|move|p2a: Shadow King|Bulk Up|p2a: Shadow King
|-boost|p2a: Shadow King|atk|1
|-boost|p2a: Shadow King|def|1
|
|upkeep
|turn|9
|
|t:|1667028320
|move|p2a: Shadow King|Spectral Thief|p1a: 💗
|-damage|p1a: 💗|57/100
|move|p1a: 💗|Judgment|p2a: Shadow King
|-supereffective|p2a: Shadow King
|-enditem|p2a: Shadow King|Focus Sash
|-damage|p2a: Shadow King|1/100
|
|upkeep
|turn|10
|
|t:|1667028325
|move|p2a: Shadow King|Spectral Thief|p1a: 💗
|-damage|p1a: 💗|10/100
|move|p1a: 💗|Stealth Rock|p2a: Shadow King
|-sidestart|p2: SalvageLordRonin|move: Stealth Rock
|
|upkeep
|turn|11
|
|t:|1667028328
|move|p2a: Shadow King|Shadow Sneak|p1a: 💗
|-damage|p1a: 💗|0 fnt
|faint|p1a: 💗
|
|upkeep
|
|t:|1667028330
|switch|p1a: Kriti Sanon💋|Ditto|100/100
|-transform|p1a: Kriti Sanon💋|p2a: Shadow King|[from] ability: Imposter
|turn|12
|
|t:|1667028333
|move|p1a: Kriti Sanon💋|Shadow Sneak|p2a: Shadow King
|-supereffective|p2a: Shadow King
|-damage|p2a: Shadow King|0 fnt
|faint|p2a: Shadow King
|
|upkeep
|
|t:|1667028342
|switch|p2a: Dragon King|Zekrom|100/100
|-damage|p2a: Dragon King|88/100|[from] Stealth Rock
|-ability|p2a: Dragon King|Teravolt
|turn|13
|
|t:|1667028359
|switch|p1a: 🦁|Necrozma-Dusk-Mane|100/100
|move|p2a: Dragon King|Bolt Strike|p1a: 🦁
|-damage|p1a: 🦁|20/100
|-damage|p2a: Dragon King|78/100|[from] item: Life Orb
|
|upkeep
|turn|14
|
|t:|1667028367
|move|p2a: Dragon King|Dragon Claw|p1a: 🦁
|-resisted|p1a: 🦁
|-damage|p1a: 🦁|0 fnt
|faint|p1a: 🦁
|-damage|p2a: Dragon King|68/100|[from] item: Life Orb
|
|upkeep
|
|t:|1667028376
|switch|p1a: Kriti Sanon💋|Ditto|100/100
|-transform|p1a: Kriti Sanon💋|p2a: Dragon King|[from] ability: Imposter
|-ability|p1a: Kriti Sanon💋|Teravolt
|turn|15
|
|t:|1667028383
|switch|p1a: 🌊|Arceus-Water|100/100
|-start|p2a: Dragon King|Dynamax|
|-heal|p2a: Dragon King|68/100|[silent]
|move|p2a: Dragon King|Max Wyrmwind|p1a: 🌊
|-damage|p1a: 🌊|52/100
|-unboost|p1a: 🌊|atk|1
|-damage|p2a: Dragon King|63/100|[from] item: Life Orb
|
|upkeep
|turn|16
|
|t:|1667028388
|move|p1a: 🌊|Toxic|p2a: Dragon King|[miss]
|-miss|p1a: 🌊|p2a: Dragon King
|move|p2a: Dragon King|Max Wyrmwind|p1a: 🌊
|-damage|p1a: 🌊|0 fnt
|faint|p1a: 🌊
|-damage|p2a: Dragon King|58/100|[from] item: Life Orb
|
|upkeep
|
|t:|1667028392
|switch|p1a: 👑|Arceus|100/100
|turn|17
|
|t:|1667028396
|-start|p1a: 👑|Dynamax|
|-heal|p1a: 👑|100/100|[silent]
|move|p1a: 👑|Max Guard|p1a: 👑
|-singleturn|p1a: 👑|Max Guard
|move|p2a: Dragon King|Max Lightning|p1a: 👑
|-activate|p1a: 👑|move: Max Guard
|
|upkeep
|-end|p2a: Dragon King|Dynamax
|-heal|p2a: Dragon King|58/100|[silent]
|turn|18
|
|t:|1667028398
|move|p1a: 👑|Max Strike|p2a: Dragon King
|-damage|p2a: Dragon King|8/100
|-unboost|p2a: Dragon King|spe|1
|move|p2a: Dragon King|Bolt Strike|p1a: 👑
|-damage|p1a: 👑|65/100
|-damage|p2a: Dragon King|0 fnt|[from] item: Life Orb
|faint|p2a: Dragon King
|
|upkeep
|
|t:|1667028403
|switch|p2a: Combat King|Zacian|77/100
|-damage|p2a: Combat King|64/100|[from] Stealth Rock
|-ability|p2a: Combat King|Intrepid Sword|boost
|-boost|p2a: Combat King|atk|1
|turn|19
|
|t:|1667028408
|move|p2a: Combat King|Close Combat|p1a: 👑
|-supereffective|p1a: 👑
|-damage|p1a: 👑|8/100
|-unboost|p2a: Combat King|def|1
|-unboost|p2a: Combat King|spd|1
|-damage|p2a: Combat King|54/100|[from] item: Life Orb
|move|p1a: 👑|Max Phantasm|p2a: Combat King
|-damage|p2a: Combat King|0 fnt
|faint|p2a: Combat King
|
|upkeep
|
|t:|1667028411
|switch|p2a: Cavalry King|Calyrex-Shadow|100/100
|-ability|p2a: Cavalry King|As One
|-ability|p2a: Cavalry King|Unnerve
|-damage|p2a: Cavalry King|88/100|[from] Stealth Rock
|-end|p1a: 👑|Dynamax
|-heal|p1a: 👑|8/100|[silent]
|turn|20
|
|t:|1667028414
|move|p2a: Cavalry King|Dark Pulse|p1a: 👑
|-damage|p1a: 👑|0 fnt
|faint|p1a: 👑
|-ability|p2a: Cavalry King|Grim Neigh|boost
|-boost|p2a: Cavalry King|spa|1
|
|upkeep
|
|t:|1667028416
|switch|p1a: Kriti Sanon💋|Ditto|100/100
|-transform|p1a: Kriti Sanon💋|p2a: Cavalry King|[from] ability: Imposter
|turn|21
|
|t:|1667028418
|move|p1a: Kriti Sanon💋|Astral Barrage|p2a: Cavalry King
|-supereffective|p2a: Cavalry King
|-damage|p2a: Cavalry King|0 fnt
|faint|p2a: Cavalry King
|
|win|Reincarnation of .
|n|☆Reincarnation of .|reincarnationof
|n|☆SalvageLordRonin|salvagelordronin
|n| Pokemh|pokemh
|n| Testaltv38|testaltv38
|n| Frozoid|frozoid
|n| Numi's toothbrush|numistoothbrush
|n| KAREN STEPHANIE|karenstephanie
|n| Genki dashite yo|genkidashiteyo
|l| Pokemh
|l|☆SalvageLordRonin
