|j|☆TomoTaco69
|j|☆coolthingdude
|t:|1665757695
|gametype|singles
|player|p1|TomoTaco69|102|1729
|player|p2|coolthingdude|byron|1777
|teamsize|p1|6
|teamsize|p2|6
|gen|8
|tier|[Gen 8] National Dex AG
|rated|
|rule|HP Percentage Mod: HP is shown in percentages
|rule|Endless Battle Clause: Forcing endless battles is banned
|clearpoke
|poke|p1|Arceus-*|
|poke|p1|Arceus-*|
|poke|p1|Yveltal|
|poke|p1|Necrozma-Dusk-Mane|
|poke|p1|Ditto|
|poke|p1|Marshadow|
|poke|p2|Xerneas-*|
|poke|p2|Lucario, M|
|poke|p2|Dialga|
|poke|p2|Zacian-*|
|poke|p2|Groudon|
|poke|p2|Ditto|
|teampreview
|
|t:|1665757703
|start
|switch|p1a: Arceus|Arceus-Ground|100/100
|switch|p2a: Bork|Dialga|100/100
|-ability|p2a: Bork|Pressure
|turn|1
|
|t:|1665757711
|-zpower|p1a: Arceus
|move|p1a: Arceus|Tectonic Rage|p2a: Bork|[zeffect]
|-supereffective|p2a: Bork
|-damage|p2a: Bork|0 fnt
|faint|p2a: Bork
|
|upkeep
|
|t:|1665757719
|switch|p2a: FAT|Xerneas|100/100
|-ability|p2a: FAT|Fairy Aura
|turn|2
|
|t:|1665757723
|move|p1a: Arceus|Rock Tomb|p2a: FAT
|-damage|p2a: FAT|86/100
|-unboost|p2a: FAT|spe|1
|move|p2a: FAT|Geomancy||[still]
|-prepare|p2a: FAT|Geomancy
|-enditem|p2a: FAT|Power Herb
|-anim|p2a: FAT|Geomancy|p2a: FAT
|-boost|p2a: FAT|spa|2
|-boost|p2a: FAT|spd|2
|-boost|p2a: FAT|spe|2
|
|upkeep
|turn|3
|
|t:|1665757727
|switch|p1a: Necrozma|Necrozma-Dusk-Mane|100/100
|-start|p2a: FAT|Dynamax|
|-heal|p2a: FAT|86/100|[silent]
|move|p2a: FAT|Max Starfall|p1a: Necrozma
|-resisted|p1a: Necrozma
|-damage|p1a: Necrozma|32/100
|-fieldstart|move: Misty Terrain
|
|upkeep
|turn|4
|
|t:|1665757733
|move|p2a: FAT|Max Starfall|p1a: Necrozma
|-resisted|p1a: Necrozma
|-damage|p1a: Necrozma|0 fnt
|faint|p1a: Necrozma
|
|upkeep
|
|t:|1665757738
|switch|p1a: Marshadow|Marshadow|100/100
|turn|5
|
|t:|1665757741
|move|p1a: Marshadow|Spectral Thief||[still]
|-clearpositiveboost|p2a: FAT|p1a: Marshadow|move: Spectral Thief
|-boost|p1a: Marshadow|spa|2
|-boost|p1a: Marshadow|spd|2
|-boost|p1a: Marshadow|spe|1
|-anim|p1a: Marshadow|Spectral Thief|p2a: FAT
|-damage|p2a: FAT|68/100
|move|p2a: FAT|Max Starfall|p1a: Marshadow
|-supereffective|p1a: Marshadow
|-enditem|p1a: Marshadow|Focus Sash
|-damage|p1a: Marshadow|1/100
|
|upkeep
|-end|p2a: FAT|Dynamax
|-heal|p2a: FAT|68/100|[silent]
|turn|6
|
|t:|1665757745
|move|p1a: Marshadow|Spectral Thief|p2a: FAT
|-damage|p2a: FAT|31/100
|move|p2a: FAT|Moonblast|p1a: Marshadow
|-supereffective|p1a: Marshadow
|-crit|p1a: Marshadow
|-damage|p1a: Marshadow|0 fnt
|faint|p1a: Marshadow
|
|upkeep
|
|t:|1665757749
|switch|p1a: Arceus|Arceus-Ground|100/100
|turn|7
|
|t:|1665757751
|move|p1a: Arceus|Earthquake|p2a: FAT
|-damage|p2a: FAT|0 fnt
|faint|p2a: FAT
|
|-fieldend|Misty Terrain
|upkeep
|
|t:|1665757760
|switch|p2a: imposter|Ditto|100/100
|-transform|p2a: imposter|p1a: Arceus|[from] ability: Imposter
|turn|8
|
|t:|1665757767
|switch|p1a: Arceus|Arceus-Flying|100/100
|move|p2a: imposter|Rock Tomb|p1a: Arceus
|-supereffective|p1a: Arceus
|-damage|p1a: Arceus|72/100
|-unboost|p1a: Arceus|spe|1
|
|upkeep
|turn|9
|
|t:|1665757770
|move|p2a: imposter|Rock Tomb|p1a: Arceus
|-supereffective|p1a: Arceus
|-damage|p1a: Arceus|42/100
|-unboost|p1a: Arceus|spe|1
|move|p1a: Arceus|Recover|p1a: Arceus
|-heal|p1a: Arceus|92/100
|
|upkeep
|turn|10
|
|t:|1665757776
|switch|p2a: Mr. Luke|Lucario, M|100/100
|move|p1a: Arceus|Will-O-Wisp|p2a: Mr. Luke|[miss]
|-miss|p1a: Arceus|p2a: Mr. Luke
|
|upkeep
|turn|11
|
|t:|1665757782
|detailschange|p2a: Mr. Luke|Lucario-Mega, M
|-mega|p2a: Mr. Luke|Lucario|Lucarionite
|move|p2a: Mr. Luke|Low Kick|p1a: Arceus
|-resisted|p1a: Arceus
|-damage|p1a: Arceus|59/100
|move|p1a: Arceus|Will-O-Wisp|p2a: Mr. Luke
|-status|p2a: Mr. Luke|brn
|
|-damage|p2a: Mr. Luke|94/100 brn|[from] brn
|upkeep
|turn|12
|
|t:|1665757786
|move|p2a: Mr. Luke|Rock Slide|p1a: Arceus
|-supereffective|p1a: Arceus
|-damage|p1a: Arceus|40/100
|cant|p1a: Arceus|flinch
|
|-damage|p2a: Mr. Luke|88/100 brn|[from] brn
|upkeep
|turn|13
|
|t:|1665757789
|move|p2a: Mr. Luke|Rock Slide|p1a: Arceus
|-supereffective|p1a: Arceus
|-damage|p1a: Arceus|21/100
|move|p1a: Arceus|Recover|p1a: Arceus
|-heal|p1a: Arceus|71/100
|
|-damage|p2a: Mr. Luke|82/100 brn|[from] brn
|upkeep
|turn|14
|
|t:|1665757793
|move|p2a: Mr. Luke|Bullet Punch|p1a: Arceus
|-damage|p1a: Arceus|59/100
|move|p1a: Arceus|Recover|p1a: Arceus
|-heal|p1a: Arceus|100/100
|
|-damage|p2a: Mr. Luke|76/100 brn|[from] brn
|upkeep
|turn|15
|
|t:|1665757799
|switch|p2a: Primal being|Groudon|100/100
|detailschange|p2a: Primal being|Groudon-Primal
|-primal|p2a: Primal being
|-weather|DesolateLand|[from] ability: Desolate Land|[of] p2a: Primal being
|switch|p1a: Arceus|Arceus-Ground|100/100
|
|-weather|DesolateLand|[upkeep]
|upkeep
|turn|16
|
|t:|1665757802
|move|p1a: Arceus|Earthquake|p2a: Primal being
|-supereffective|p2a: Primal being
|-damage|p2a: Primal being|46/100
|move|p2a: Primal being|Lava Plume|p1a: Arceus
|-damage|p1a: Arceus|47/100
|-status|p1a: Arceus|brn
|
|-weather|DesolateLand|[upkeep]
|-damage|p1a: Arceus|41/100 brn|[from] brn
|upkeep
|turn|17
|
|t:|1665757809
|move|p1a: Arceus|Earthquake|p2a: Primal being
|-supereffective|p2a: Primal being
|-crit|p2a: Primal being
|-damage|p2a: Primal being|8/100
|move|p2a: Primal being|Lava Plume|p1a: Arceus
|-damage|p1a: Arceus|0 fnt
|faint|p1a: Arceus
|
|-weather|DesolateLand|[upkeep]
|upkeep
|
|t:|1665757818
|switch|p1a: Arceus|Arceus-Flying|100/100
|turn|18
|
|t:|1665757821
|move|p1a: Arceus|Judgment|p2a: Primal being
|-damage|p2a: Primal being|0 fnt
|faint|p2a: Primal being
|-weather|none
|
|upkeep
|
|t:|1665757825
|switch|p2a: Mr. Luke|Lucario-Mega, M|76/100 brn
|turn|19
|
|t:|1665757829
|move|p1a: Arceus|Judgment|p2a: Mr. Luke
|-damage|p2a: Mr. Luke|0 fnt
|faint|p2a: Mr. Luke
|
|upkeep
|
|t:|1665757833
|switch|p2a: Doggo|Zacian-Crowned|100/100
|-ability|p2a: Doggo|Intrepid Sword|boost
|-boost|p2a: Doggo|atk|1
|turn|20
|
|t:|1665757836
|move|p2a: Doggo|Wild Charge|p1a: Arceus
|-supereffective|p1a: Arceus
|-damage|p1a: Arceus|14/100
|-damage|p2a: Doggo|72/100|[from] Recoil
|move|p1a: Arceus|Will-O-Wisp|p2a: Doggo|[miss]
|-miss|p1a: Arceus|p2a: Doggo
|
|upkeep
|turn|21
|
|t:|1665757840
|move|p2a: Doggo|Behemoth Blade|p1a: Arceus
|-damage|p1a: Arceus|0 fnt
|faint|p1a: Arceus
|
|upkeep
|
|t:|1665757841
|switch|p1a: Ditto|Ditto|100/100
|-transform|p1a: Ditto|p2a: Doggo|[from] ability: Imposter
|-ability|p1a: Ditto|Intrepid Sword|boost
|-boost|p1a: Ditto|atk|1
|turn|22
|c|☆coolthingdude|gg
|-message|coolthingdude forfeited.
|
|win|TomoTaco69
|raw|TomoTaco69's rating: 1729 &rarr; <strong>1752</strong><br />(+23 for winning)
|raw|coolthingdude's rating: 1777 &rarr; <strong>1754</strong><br />(-23 for losing)
|l|☆coolthingdude
