|j|☆test3721
|j|☆son of pisador
|t:|1606268124
|player|p1|test3721|170|1631
|player|p2|son of pisador|266|1763
|teamsize|p1|6
|teamsize|p2|6
|gametype|singles
|gen|8
|tier|[Gen 8] National Dex AG
|rated|
|clearpoke
|poke|p1|Weavile, F|
|poke|p1|Necrozma-Dusk-Mane|
|poke|p1|Deoxys-Attack|
|poke|p1|Deoxys-Attack|
|poke|p1|Landorus-Therian, M|
|poke|p1|Marshadow|
|poke|p2|Groudon|
|poke|p2|Necrozma-Dusk-Mane|
|poke|p2|Rayquaza|
|poke|p2|Lugia|
|poke|p2|Arceus-*|
|poke|p2|Tyranitar, M|
|rule|HP Percentage Mod: HP is shown in percentages
|rule|Endless Battle Clause: Forcing endless battles is banned
|teampreview
|
|t:|1606268143
|start
|switch|p1a: Weavile|Weavile, F|100/100
|switch|p2a: Arceus|Arceus-Fairy|100/100
|-ability|p1a: Weavile|Pressure
|turn|1
|
|t:|1606268152
|switch|p1a: Necrozma|Necrozma-Dusk-Mane|100/100
|switch|p2a: Tyranitar|Tyranitar, M|100/100
|-weather|Sandstorm|[from] ability: Sand Stream|[of] p2a: Tyranitar
|
|-weather|Sandstorm|[upkeep]
|upkeep
|turn|2
|
|t:|1606268162
|switch|p2a: Lugia|Lugia|100/100
|move|p1a: Necrozma|Stealth Rock|p2a: Lugia
|-sidestart|p2: son of pisador|move: Stealth Rock
|
|-weather|Sandstorm|[upkeep]
|-damage|p2a: Lugia|94/100|[from] Sandstorm
|upkeep
|turn|3
|
|t:|1606268168
|move|p2a: Lugia|Thunder Wave|p1a: Necrozma
|-status|p1a: Necrozma|par
|move|p1a: Necrozma|Toxic|p2a: Lugia
|-status|p2a: Lugia|tox
|
|-weather|Sandstorm|[upkeep]
|-damage|p2a: Lugia|88/100 tox|[from] Sandstorm
|-damage|p2a: Lugia|82/100 tox|[from] psn
|upkeep
|turn|4
|
|t:|1606268180
|switch|p2a: Necrozma|Necrozma-Dusk-Mane|100/100
|-damage|p2a: Necrozma|94/100|[from] Stealth Rock
|move|p1a: Necrozma|Sunsteel Strike|p2a: Necrozma
|-resisted|p2a: Necrozma
|-damage|p2a: Necrozma|77/100
|
|-weather|Sandstorm|[upkeep]
|upkeep
|turn|5
|
|t:|1606268190
|switch|p1a: Weavile|Weavile, F|100/100
|-ability|p1a: Weavile|Pressure
|move|p2a: Necrozma|Stealth Rock|p1a: Weavile
|-sidestart|p1: test3721|move: Stealth Rock
|
|-weather|none
|upkeep
|turn|6
|
|t:|1606268198
|switch|p2a: Tyranitar|Tyranitar, M|100/100
|-damage|p2a: Tyranitar|88/100|[from] Stealth Rock
|-weather|Sandstorm|[from] ability: Sand Stream|[of] p2a: Tyranitar
|move|p1a: Weavile|Beat Up|p2a: Tyranitar
|-resisted|p2a: Tyranitar
|-damage|p2a: Tyranitar|85/100
|-resisted|p2a: Tyranitar
|-damage|p2a: Tyranitar|80/100
|-resisted|p2a: Tyranitar
|-damage|p2a: Tyranitar|76/100
|-resisted|p2a: Tyranitar
|-damage|p2a: Tyranitar|72/100
|-resisted|p2a: Tyranitar
|-damage|p2a: Tyranitar|69/100
|-hitcount|p2a: Tyranitar|5
|
|-weather|Sandstorm|[upkeep]
|-damage|p1a: Weavile|94/100|[from] Sandstorm
|upkeep
|turn|7
|
|t:|1606268217
|switch|p1a: Necrozma|Necrozma-Dusk-Mane|100/100 par
|-damage|p1a: Necrozma|94/100 par|[from] Stealth Rock
|move|p2a: Tyranitar|Superpower|p1a: Necrozma
|-damage|p1a: Necrozma|75/100 par
|-unboost|p2a: Tyranitar|atk|1
|-unboost|p2a: Tyranitar|def|1
|
|-weather|Sandstorm|[upkeep]
|-heal|p1a: Necrozma|81/100 par|[from] item: Leftovers
|upkeep
|turn|8
|
|t:|1606268229
|switch|p2a: Groudon|Groudon|100/100
|-damage|p2a: Groudon|94/100|[from] Stealth Rock
|detailschange|p2a: Groudon|Groudon-Primal
|-primal|p2a: Groudon
|-weather|DesolateLand|[from] ability: Desolate Land|[of] p2a: Groudon
|switch|p1a: Landorus|Landorus-Therian, M|100/100
|-damage|p1a: Landorus|88/100|[from] Stealth Rock
|-ability|p1a: Landorus|Intimidate|boost
|-unboost|p2a: Groudon|atk|1
|
|-weather|DesolateLand|[upkeep]
|upkeep
|turn|9
|
|t:|1606268241
|-weather|none
|switch|p2a: Lugia|Lugia|82/100 tox
|move|p1a: Landorus|Defog|p2a: Lugia
|-unboost|p2a: Lugia|evasion|1
|-sideend|p2: son of pisador|Stealth Rock|[from] move: Defog|[of] p1a: Landorus
|-sideend|p1: test3721|Stealth Rock|[from] move: Defog|[of] p1a: Landorus
|
|-damage|p2a: Lugia|75/100 tox|[from] psn
|upkeep
|turn|10
|
|t:|1606268251
|switch|p1a: Necrozma|Necrozma-Dusk-Mane|81/100 par
|switch|p2a: Necrozma|Necrozma-Dusk-Mane|77/100
|
|-heal|p1a: Necrozma|87/100 par|[from] item: Leftovers
|upkeep
|turn|11
|
|t:|1606268270
|move|p2a: Necrozma|Stealth Rock|p1a: Necrozma
|-sidestart|p1: test3721|move: Stealth Rock
|move|p1a: Necrozma|Stealth Rock|p2a: Necrozma
|-sidestart|p2: son of pisador|move: Stealth Rock
|
|-heal|p1a: Necrozma|93/100 par|[from] item: Leftovers
|upkeep
|turn|12
|inactive|Battle timer is ON: inactive players will automatically lose when time's up. (requested by son of pisador)
|
|t:|1606268298
|move|p2a: Necrozma|Sunsteel Strike|p1a: Necrozma
|-resisted|p1a: Necrozma
|-damage|p1a: Necrozma|77/100 par
|move|p1a: Necrozma|Sunsteel Strike|p2a: Necrozma
|-resisted|p2a: Necrozma
|-damage|p2a: Necrozma|62/100
|
|-heal|p1a: Necrozma|83/100 par|[from] item: Leftovers
|upkeep
|turn|13
|inactive|test3721 has 120 seconds left.
|
|t:|1606268330
|move|p2a: Necrozma|Morning Sun|p2a: Necrozma
|-heal|p2a: Necrozma|100/100
|move|p1a: Necrozma|Sunsteel Strike|p2a: Necrozma
|-resisted|p2a: Necrozma
|-damage|p2a: Necrozma|85/100
|
|-heal|p1a: Necrozma|89/100 par|[from] item: Leftovers
|upkeep
|turn|14
|inactive|test3721 has 120 seconds left.
|
|t:|1606268341
|switch|p2a: Groudon|Groudon-Primal|94/100
|-damage|p2a: Groudon|82/100|[from] Stealth Rock
|-weather|DesolateLand|[from] ability: Desolate Land|[of] p2a: Groudon
|move|p1a: Necrozma|Stealth Rock||[still]
|-fail|p1a: Necrozma
|
|-weather|DesolateLand|[upkeep]
|-heal|p1a: Necrozma|95/100 par|[from] item: Leftovers
|upkeep
|turn|15
|
|t:|1606268351
|move|p2a: Groudon|Substitute|p2a: Groudon
|-start|p2a: Groudon|Substitute
|-damage|p2a: Groudon|57/100
|move|p1a: Necrozma|Toxic||[still]
|-fail|p1a: Necrozma
|
|-weather|DesolateLand|[upkeep]
|-heal|p1a: Necrozma|100/100 par|[from] item: Leftovers
|upkeep
|turn|16
|
|t:|1606268361
|move|p2a: Groudon|Earthquake|p1a: Necrozma
|-supereffective|p1a: Necrozma
|-crit|p1a: Necrozma
|-damage|p1a: Necrozma|30/100 par
|move|p1a: Necrozma|Sunsteel Strike|p2a: Groudon
|-resisted|p2a: Groudon
|-activate|p2a: Groudon|move: Substitute|[damage]
|
|-weather|DesolateLand|[upkeep]
|-heal|p1a: Necrozma|36/100 par|[from] item: Leftovers
|upkeep
|turn|17
|
|t:|1606268371
|move|p2a: Groudon|Earthquake|p1a: Necrozma
|-supereffective|p1a: Necrozma
|-damage|p1a: Necrozma|0 fnt
|faint|p1a: Necrozma
|
|-weather|DesolateLand|[upkeep]
|upkeep
|
|t:|1606268376
|switch|p1a: Weavile|Weavile, F|94/100
|-damage|p1a: Weavile|70/100|[from] Stealth Rock
|-ability|p1a: Weavile|Pressure
|turn|18
|
|t:|1606268383
|move|p1a: Weavile|Beat Up|p2a: Groudon
|-activate|p2a: Groudon|move: Substitute|[damage]
|-end|p2a: Groudon|Substitute
|-damage|p2a: Groudon|50/100
|-damage|p2a: Groudon|44/100
|-damage|p2a: Groudon|40/100
|-hitcount|p2a: Groudon|5
|move|p2a: Groudon|Earthquake|p1a: Weavile
|-damage|p1a: Weavile|0 fnt
|faint|p1a: Weavile
|
|-weather|DesolateLand|[upkeep]
|upkeep
|
|t:|1606268390
|switch|p1a: Landorus|Landorus-Therian, M|88/100
|-damage|p1a: Landorus|76/100|[from] Stealth Rock
|-ability|p1a: Landorus|Intimidate|boost
|-unboost|p2a: Groudon|atk|1
|turn|19
|
|t:|1606268402
|-start|p1a: Landorus|Dynamax
|-heal|p1a: Landorus|76/100|[silent]
|move|p1a: Landorus|Max Rockfall|p2a: Groudon
|-damage|p2a: Groudon|13/100
|move|p2a: Groudon|Hidden Power|p1a: Landorus
|-supereffective|p1a: Landorus
|-damage|p1a: Landorus|32/100
|
|-weather|DesolateLand|[upkeep]
|upkeep
|turn|20
|
|t:|1606268416
|move|p1a: Landorus|Max Quake|p2a: Groudon
|-supereffective|p2a: Groudon
|-damage|p2a: Groudon|0 fnt
|-boost|p1a: Landorus|spd|1
|faint|p2a: Groudon
|-weather|none
|
|upkeep
|
|t:|1606268423
|switch|p2a: Rayquaza|Rayquaza|100/100
|-damage|p2a: Rayquaza|75/100|[from] Stealth Rock
|-ability|p2a: Rayquaza|Air Lock
|turn|21
|
|t:|1606268430
|detailschange|p2a: Rayquaza|Rayquaza-Mega
|-mega|p2a: Rayquaza|Rayquaza|
|-weather|DeltaStream|[from] ability: Delta Stream|[of] p2a: Rayquaza
|move|p1a: Landorus|Max Guard|p1a: Landorus
|-singleturn|p1a: Landorus|Max Guard
|move|p2a: Rayquaza|Dragon Ascent|p1a: Landorus
|-activate|p1a: Landorus|move: Max Guard
|
|-weather|DeltaStream|[upkeep]
|-end|p1a: Landorus|Dynamax
|-heal|p1a: Landorus|32/100|[silent]
|upkeep
|turn|22
|
|t:|1606268440
|move|p2a: Rayquaza|Dragon Ascent|p1a: Landorus
|-crit|p1a: Landorus
|-damage|p1a: Landorus|0 fnt
|-unboost|p2a: Rayquaza|def|1
|-unboost|p2a: Rayquaza|spd|1
|faint|p1a: Landorus
|
|-weather|DeltaStream|[upkeep]
|upkeep
|
|t:|1606268452
|switch|p1a: Deoxys|Deoxys-Attack|100/100
|-damage|p1a: Deoxys|88/100|[from] Stealth Rock
|-ability|p1a: Deoxys|Pressure
|turn|23
|
|t:|1606268457
|move|p1a: Deoxys|Extreme Speed|p2a: Rayquaza
|-damage|p2a: Rayquaza|21/100
|move|p2a: Rayquaza|Dragon Ascent|p1a: Deoxys
|-damage|p1a: Deoxys|0 fnt
|-unboost|p2a: Rayquaza|def|1
|-unboost|p2a: Rayquaza|spd|1
|faint|p1a: Deoxys
|
|-weather|DeltaStream|[upkeep]
|upkeep
|-message|test3721 forfeited.
|
|win|son of pisador
|l|☆test3721
|c|☆son of pisador|gggggggggggggggggggggggggggggggggggggg
