|j|☆cllout
|j|☆xing-ggggg
|t:|1667696152
|gametype|singles
|player|p1|cllout|misty-lgpe|1539
|player|p2|xing-ggggg|hexmaniac-gen6|1688
|teamsize|p1|6
|teamsize|p2|6
|gen|8
|tier|[Gen 8] National Dex AG
|rated|
|rule|HP Percentage Mod: HP is shown in percentages
|rule|Endless Battle Clause: Forcing endless battles is banned
|clearpoke
|poke|p1|Smeargle, F|
|poke|p1|Marshadow|
|poke|p1|Yveltal|
|poke|p1|Necrozma-Dusk-Mane|
|poke|p1|Calyrex-Shadow|
|poke|p1|Zacian-*|
|poke|p2|Rayquaza|
|poke|p2|Zacian-*|
|poke|p2|Ditto|
|poke|p2|Calyrex-Shadow|
|poke|p2|Yveltal|
|poke|p2|Groudon|
|teampreview
|inactive|Battle timer is ON: inactive players will automatically lose when time's up. (requested by cllout)
|inactive|xing-ggggg has 120 seconds left.
|
|t:|1667696189
|start
|switch|p1a: Smeargle|Smeargle, F|100/100
|switch|p2a: 这一剑 叫你灰飞烟灭!|Zacian-Crowned|100/100
|-ability|p2a: 这一剑 叫你灰飞烟灭!|Intrepid Sword|boost
|-boost|p2a: 这一剑 叫你灰飞烟灭!|atk|1
|turn|1
|
|t:|1667696203
|move|p2a: 这一剑 叫你灰飞烟灭!|Behemoth Blade|p1a: Smeargle
|-enditem|p1a: Smeargle|Focus Sash
|-damage|p1a: Smeargle|1/100
|move|p1a: Smeargle|Sticky Web|p2a: 这一剑 叫你灰飞烟灭!
|-sidestart|p2: xing-ggggg|move: Sticky Web
|
|upkeep
|turn|2
|
|t:|1667696215
|move|p2a: 这一剑 叫你灰飞烟灭!|Crunch|p1a: Smeargle
|-damage|p1a: Smeargle|0 fnt
|faint|p1a: Smeargle
|
|upkeep
|inactive|cllout has 120 seconds left.
|
|t:|1667696241
|switch|p1a: Calyrex|Calyrex-Shadow|100/100
|-ability|p1a: Calyrex|As One
|-ability|p1a: Calyrex|Unnerve
|turn|3
|
|t:|1667696249
|switch|p2a: 斩破长空的邪恶之翼！|Yveltal|100/100
|-ability|p2a: 斩破长空的邪恶之翼！|Dark Aura
|move|p1a: Calyrex|Nasty Plot|p1a: Calyrex
|-boost|p1a: Calyrex|spa|2
|
|upkeep
|turn|4
|
|t:|1667696258
|-start|p1a: Calyrex|Dynamax|
|-heal|p1a: Calyrex|100/100|[silent]
|-start|p2a: 斩破长空的邪恶之翼！|Dynamax|
|-heal|p2a: 斩破长空的邪恶之翼！|100/100|[silent]
|move|p1a: Calyrex|Max Starfall|p2a: 斩破长空的邪恶之翼！
|-supereffective|p2a: 斩破长空的邪恶之翼！
|-damage|p2a: 斩破长空的邪恶之翼！|13/100
|-fieldstart|move: Misty Terrain
|move|p2a: 斩破长空的邪恶之翼！|Max Airstream|p1a: Calyrex
|-damage|p1a: Calyrex|55/100
|-boost|p2a: 斩破长空的邪恶之翼！|spe|1
|-damage|p2a: 斩破长空的邪恶之翼！|8/100|[from] item: Life Orb
|
|upkeep
|turn|5
|inactive|cllout has 120 seconds left.
|
|t:|1667696282
|move|p1a: Calyrex|Max Guard|p1a: Calyrex
|-singleturn|p1a: Calyrex|Max Guard
|move|p2a: 斩破长空的邪恶之翼！|Max Darkness|p1a: Calyrex
|-activate|p1a: Calyrex|move: Max Guard
|
|upkeep
|turn|6
|inactive|cllout has 120 seconds left.
|
|t:|1667696293
|move|p1a: Calyrex|Max Guard|p1a: Calyrex
|-singleturn|p1a: Calyrex|Max Guard
|move|p2a: 斩破长空的邪恶之翼！|Max Darkness|p1a: Calyrex
|-activate|p1a: Calyrex|move: Max Guard
|
|upkeep
|-end|p2a: 斩破长空的邪恶之翼！|Dynamax
|-heal|p2a: 斩破长空的邪恶之翼！|9/100|[silent]
|-end|p1a: Calyrex|Dynamax
|-heal|p1a: Calyrex|55/100|[silent]
|turn|7
|inactive|cllout has 120 seconds left.
|
|t:|1667696312
|switch|p1a: Yveltal|Yveltal, shiny|100/100
|-ability|p1a: Yveltal|Dark Aura
|move|p2a: 斩破长空的邪恶之翼！|Dark Pulse|p1a: Yveltal
|-resisted|p1a: Yveltal
|-crit|p1a: Yveltal
|-damage|p1a: Yveltal|65/100
|-damage|p2a: 斩破长空的邪恶之翼！|0 fnt|[from] item: Life Orb
|faint|p2a: 斩破长空的邪恶之翼！
|
|upkeep
|
|t:|1667696326
|switch|p2a: 挣破枷锁的天空之龙！|Rayquaza|100/100
|-ability|p2a: 挣破枷锁的天空之龙！|Air Lock
|turn|8
|
|t:|1667696335
|switch|p1a: Necrozma|Necrozma-Dusk-Mane|100/100
|detailschange|p2a: 挣破枷锁的天空之龙！|Rayquaza-Mega
|-mega|p2a: 挣破枷锁的天空之龙！|Rayquaza|
|-weather|DeltaStream|[from] ability: Delta Stream|[of] p2a: 挣破枷锁的天空之龙！
|move|p2a: 挣破枷锁的天空之龙！|Dragon Ascent|p1a: Necrozma
|-resisted|p1a: Necrozma
|-damage|p1a: Necrozma|82/100
|-unboost|p2a: 挣破枷锁的天空之龙！|def|1
|-unboost|p2a: 挣破枷锁的天空之龙！|spd|1
|-damage|p2a: 挣破枷锁的天空之龙！|84/100|[from] item: Rocky Helmet|[of] p1a: Necrozma
|
|-weather|DeltaStream|[upkeep]
|-fieldend|Misty Terrain
|upkeep
|turn|9
|inactive|cllout has 120 seconds left.
|
|t:|1667696353
|-weather|none
|switch|p2a: 统治大地的熔岩魔神！|Groudon|100/100
|-activate|p2a: 统治大地的熔岩魔神！|move: Sticky Web
|-unboost|p2a: 统治大地的熔岩魔神！|spe|1
|detailschange|p2a: 统治大地的熔岩魔神！|Groudon-Primal
|-primal|p2a: 统治大地的熔岩魔神！
|-weather|DesolateLand|[from] ability: Desolate Land|[of] p2a: 统治大地的熔岩魔神！
|move|p1a: Necrozma|Stealth Rock|p2a: 统治大地的熔岩魔神！
|-sidestart|p2: xing-ggggg|move: Stealth Rock
|
|-weather|DesolateLand|[upkeep]
|upkeep
|turn|10
|inactive|cllout has 120 seconds left.
|
|t:|1667696374
|move|p1a: Necrozma|Toxic|p2a: 统治大地的熔岩魔神！
|-status|p2a: 统治大地的熔岩魔神！|tox
|move|p2a: 统治大地的熔岩魔神！|Stealth Rock|p1a: Necrozma
|-sidestart|p1: cllout|move: Stealth Rock
|
|-weather|DesolateLand|[upkeep]
|-damage|p2a: 统治大地的熔岩魔神！|94/100 tox|[from] psn
|upkeep
|turn|11
|
|t:|1667696381
|move|p1a: Necrozma|Morning Sun|p1a: Necrozma
|-heal|p1a: Necrozma|100/100
|move|p2a: 统治大地的熔岩魔神！|Earthquake|p1a: Necrozma
|-supereffective|p1a: Necrozma
|-damage|p1a: Necrozma|55/100
|
|-weather|DesolateLand|[upkeep]
|-damage|p2a: 统治大地的熔岩魔神！|82/100 tox|[from] psn
|upkeep
|turn|12
|inactive|cllout has 120 seconds left.
|
|t:|1667696387
|move|p1a: Necrozma|Morning Sun|p1a: Necrozma
|-heal|p1a: Necrozma|100/100
|move|p2a: 统治大地的熔岩魔神！|Dragon Tail|p1a: Necrozma
|-resisted|p1a: Necrozma
|-damage|p1a: Necrozma|94/100
|-damage|p2a: 统治大地的熔岩魔神！|65/100 tox|[from] item: Rocky Helmet|[of] p1a: Necrozma
|drag|p1a: Marshadow|Marshadow|100/100
|-damage|p1a: Marshadow|94/100|[from] Stealth Rock
|
|-weather|DesolateLand|[upkeep]
|-damage|p2a: 统治大地的熔岩魔神！|47/100 tox|[from] psn
|upkeep
|turn|13
|inactive|cllout has 120 seconds left.
|
|t:|1667696411
|move|p1a: Marshadow|Poltergeist|p2a: 统治大地的熔岩魔神！
|-activate|p2a: 统治大地的熔岩魔神！|move: Poltergeist|Red Orb
|-crit|p2a: 统治大地的熔岩魔神！
|-damage|p2a: 统治大地的熔岩魔神！|0 fnt
|faint|p2a: 统治大地的熔岩魔神！
|-weather|none
|
|upkeep
|
|t:|1667696416
|switch|p2a: 你的强化，我收下了！|Ditto|100/100
|-activate|p2a: 你的强化，我收下了！|move: Sticky Web
|-unboost|p2a: 你的强化，我收下了！|spe|1
|-damage|p2a: 你的强化，我收下了！|88/100|[from] Stealth Rock
|-transform|p2a: 你的强化，我收下了！|p1a: Marshadow|[from] ability: Imposter
|turn|14
|inactive|cllout has 120 seconds left.
|
|t:|1667696428
|switch|p1a: Yveltal|Yveltal, shiny|65/100
|-ability|p1a: Yveltal|Dark Aura
|move|p2a: 你的强化，我收下了！|Shadow Sneak|p1a: Yveltal
|-resisted|p1a: Yveltal
|-damage|p1a: Yveltal|51/100
|
|upkeep
|turn|15
|
|t:|1667696434
|switch|p2a: 这一剑 叫你灰飞烟灭!|Zacian-Crowned|100/100
|-activate|p2a: 这一剑 叫你灰飞烟灭!|move: Sticky Web
|-unboost|p2a: 这一剑 叫你灰飞烟灭!|spe|1
|-damage|p2a: 这一剑 叫你灰飞烟灭!|94/100|[from] Stealth Rock
|-ability|p2a: 这一剑 叫你灰飞烟灭!|Intrepid Sword|boost
|-boost|p2a: 这一剑 叫你灰飞烟灭!|atk|1
|move|p1a: Yveltal|Roost|p1a: Yveltal
|-heal|p1a: Yveltal|100/100
|-singleturn|p1a: Yveltal|move: Roost
|
|upkeep
|turn|16
|
|t:|1667696449
|switch|p1a: Necrozma|Necrozma-Dusk-Mane|94/100
|-damage|p1a: Necrozma|88/100|[from] Stealth Rock
|move|p2a: 这一剑 叫你灰飞烟灭!|Behemoth Blade|p1a: Necrozma
|-resisted|p1a: Necrozma
|-damage|p1a: Necrozma|68/100
|-damage|p2a: 这一剑 叫你灰飞烟灭!|78/100|[from] item: Rocky Helmet|[of] p1a: Necrozma
|
|upkeep
|turn|17
|
|t:|1667696463
|move|p2a: 这一剑 叫你灰飞烟灭!|Crunch|p1a: Necrozma
|-supereffective|p1a: Necrozma
|-damage|p1a: Necrozma|28/100
|-damage|p2a: 这一剑 叫你灰飞烟灭!|61/100|[from] item: Rocky Helmet|[of] p1a: Necrozma
|move|p1a: Necrozma|Morning Sun|p1a: Necrozma
|-heal|p1a: Necrozma|78/100
|
|upkeep
|turn|18
|
|t:|1667696471
|switch|p2a: 未知之国的孤傲国王！|Calyrex-Shadow|100/100
|-ability|p2a: 未知之国的孤傲国王！|As One
|-ability|p2a: 未知之国的孤傲国王！|Unnerve
|-activate|p2a: 未知之国的孤傲国王！|move: Sticky Web
|-unboost|p2a: 未知之国的孤傲国王！|spe|1
|-damage|p2a: 未知之国的孤傲国王！|88/100|[from] Stealth Rock
|move|p1a: Necrozma|Morning Sun|p1a: Necrozma
|-heal|p1a: Necrozma|100/100
|
|upkeep
|turn|19
|
|t:|1667696476
|switch|p1a: Yveltal|Yveltal, shiny|100/100
|-ability|p1a: Yveltal|Dark Aura
|move|p2a: 未知之国的孤傲国王！|Draining Kiss|p1a: Yveltal
|-supereffective|p1a: Yveltal
|-damage|p1a: Yveltal|70/100
|-heal|p2a: 未知之国的孤傲国王！|100/100|[from] drain|[of] p1a: Yveltal
|
|upkeep
|turn|20
|
|t:|1667696493
|move|p1a: Yveltal|Knock Off|p2a: 未知之国的孤傲国王！
|-supereffective|p2a: 未知之国的孤傲国王！
|-enditem|p2a: 未知之国的孤傲国王！|Focus Sash
|-damage|p2a: 未知之国的孤傲国王！|1/100
|move|p2a: 未知之国的孤傲国王！|Haze|p2a: 未知之国的孤傲国王！
|-clearallboost
|
|upkeep
|turn|21
|
|t:|1667696508
|move|p2a: 未知之国的孤傲国王！|Astral Barrage|p1a: Yveltal
|-resisted|p1a: Yveltal
|-damage|p1a: Yveltal|44/100
|move|p1a: Yveltal|Knock Off|p2a: 未知之国的孤傲国王！
|-supereffective|p2a: 未知之国的孤傲国王！
|-damage|p2a: 未知之国的孤傲国王！|0 fnt
|faint|p2a: 未知之国的孤傲国王！
|
|upkeep
|
|t:|1667696512
|switch|p2a: 挣破枷锁的天空之龙！|Rayquaza-Mega|84/100
|-weather|DeltaStream|[from] ability: Delta Stream|[of] p2a: 挣破枷锁的天空之龙！
|turn|22
|
|t:|1667696520
|switch|p1a: Necrozma|Necrozma-Dusk-Mane|100/100
|-damage|p1a: Necrozma|94/100|[from] Stealth Rock
|move|p2a: 挣破枷锁的天空之龙！|Dragon Dance|p2a: 挣破枷锁的天空之龙！
|-boost|p2a: 挣破枷锁的天空之龙！|atk|1
|-boost|p2a: 挣破枷锁的天空之龙！|spe|1
|
|-weather|DeltaStream|[upkeep]
|upkeep
|turn|23
|
|t:|1667696534
|move|p2a: 挣破枷锁的天空之龙！|Dragon Dance|p2a: 挣破枷锁的天空之龙！
|-boost|p2a: 挣破枷锁的天空之龙！|atk|1
|-boost|p2a: 挣破枷锁的天空之龙！|spe|1
|move|p1a: Necrozma|Toxic|p2a: 挣破枷锁的天空之龙！
|-status|p2a: 挣破枷锁的天空之龙！|tox
|
|-weather|DeltaStream|[upkeep]
|-damage|p2a: 挣破枷锁的天空之龙！|78/100 tox|[from] psn
|upkeep
|turn|24
|
|t:|1667696559
|move|p2a: 挣破枷锁的天空之龙！|Earthquake|p1a: Necrozma
|-supereffective|p1a: Necrozma
|-damage|p1a: Necrozma|26/100
|move|p1a: Necrozma|Morning Sun|p1a: Necrozma
|-heal|p1a: Necrozma|76/100
|
|-weather|DeltaStream|[upkeep]
|-damage|p2a: 挣破枷锁的天空之龙！|65/100 tox|[from] psn
|upkeep
|turn|25
|
|t:|1667696570
|move|p2a: 挣破枷锁的天空之龙！|Earthquake|p1a: Necrozma
|-supereffective|p1a: Necrozma
|-damage|p1a: Necrozma|5/100
|move|p1a: Necrozma|Morning Sun|p1a: Necrozma
|-heal|p1a: Necrozma|55/100
|
|-weather|DeltaStream|[upkeep]
|-damage|p2a: 挣破枷锁的天空之龙！|46/100 tox|[from] psn
|upkeep
|turn|26
|inactive|cllout has 120 seconds left.
|
|t:|1667696586
|move|p2a: 挣破枷锁的天空之龙！|Dragon Ascent|p1a: Necrozma
|-resisted|p1a: Necrozma
|-damage|p1a: Necrozma|14/100
|-unboost|p2a: 挣破枷锁的天空之龙！|def|1
|-unboost|p2a: 挣破枷锁的天空之龙！|spd|1
|-damage|p2a: 挣破枷锁的天空之龙！|30/100 tox|[from] item: Rocky Helmet|[of] p1a: Necrozma
|move|p1a: Necrozma|Morning Sun|p1a: Necrozma
|-heal|p1a: Necrozma|64/100
|
|-weather|DeltaStream|[upkeep]
|-damage|p2a: 挣破枷锁的天空之龙！|5/100 tox|[from] psn
|upkeep
|turn|27
|inactive|cllout has 120 seconds left.
|
|t:|1667696597
|move|p2a: 挣破枷锁的天空之龙！|Earthquake|p1a: Necrozma
|-supereffective|p1a: Necrozma
|-damage|p1a: Necrozma|2/100
|move|p1a: Necrozma|Morning Sun|p1a: Necrozma
|-heal|p1a: Necrozma|52/100
|
|-weather|DeltaStream|[upkeep]
|-damage|p2a: 挣破枷锁的天空之龙！|0 fnt|[from] psn
|faint|p2a: 挣破枷锁的天空之龙！
|-weather|none
|upkeep
|
|t:|1667696602
|switch|p2a: 这一剑 叫你灰飞烟灭!|Zacian-Crowned|61/100
|-activate|p2a: 这一剑 叫你灰飞烟灭!|move: Sticky Web
|-unboost|p2a: 这一剑 叫你灰飞烟灭!|spe|1
|-damage|p2a: 这一剑 叫你灰飞烟灭!|55/100|[from] Stealth Rock
|-ability|p2a: 这一剑 叫你灰飞烟灭!|Intrepid Sword|boost
|-boost|p2a: 这一剑 叫你灰飞烟灭!|atk|1
|turn|28
|inactive|cllout has 120 seconds left.
|
|t:|1667696625
|move|p2a: 这一剑 叫你灰飞烟灭!|Crunch|p1a: Necrozma
|-supereffective|p1a: Necrozma
|-damage|p1a: Necrozma|18/100
|-damage|p2a: 这一剑 叫你灰飞烟灭!|38/100|[from] item: Rocky Helmet|[of] p1a: Necrozma
|move|p1a: Necrozma|Sunsteel Strike|p2a: 这一剑 叫你灰飞烟灭!
|-damage|p2a: 这一剑 叫你灰飞烟灭!|0 fnt
|faint|p2a: 这一剑 叫你灰飞烟灭!
|
|upkeep
|
|t:|1667696629
|switch|p2a: 你的强化，我收下了！|Ditto|88/100
|-activate|p2a: 你的强化，我收下了！|move: Sticky Web
|-unboost|p2a: 你的强化，我收下了！|spe|1
|-damage|p2a: 你的强化，我收下了！|76/100|[from] Stealth Rock
|-transform|p2a: 你的强化，我收下了！|p1a: Necrozma|[from] ability: Imposter
|turn|29
|inactive|cllout has 120 seconds left.
|c|☆xing-ggggg|gg
|c|☆cllout|gg
|
|t:|1667696664
|move|p2a: 你的强化，我收下了！|Sunsteel Strike|p1a: Necrozma
|-resisted|p1a: Necrozma
|-damage|p1a: Necrozma|3/100
|-damage|p2a: 你的强化，我收下了！|59/100|[from] item: Rocky Helmet|[of] p1a: Necrozma
|move|p1a: Necrozma|Sunsteel Strike|p2a: 你的强化，我收下了！
|-resisted|p2a: 你的强化，我收下了！
|-damage|p2a: 你的强化，我收下了！|42/100
|
|upkeep
|turn|30
|
|t:|1667696675
|move|p2a: 你的强化，我收下了！|Sunsteel Strike|p1a: Necrozma
|-resisted|p1a: Necrozma
|-crit|p1a: Necrozma
|-damage|p1a: Necrozma|0 fnt
|-damage|p2a: 你的强化，我收下了！|25/100|[from] item: Rocky Helmet|[of] p1a: Necrozma
|faint|p1a: Necrozma
|
|upkeep
|
|t:|1667696678
|switch|p1a: Marshadow|Marshadow|94/100
|-damage|p1a: Marshadow|88/100|[from] Stealth Rock
|turn|31
|
|t:|1667696683
|move|p1a: Marshadow|Close Combat|p2a: 你的强化，我收下了！
|-damage|p2a: 你的强化，我收下了！|0 fnt
|-unboost|p1a: Marshadow|def|1
|-unboost|p1a: Marshadow|spd|1
|faint|p2a: 你的强化，我收下了！
|
|win|cllout
|raw|cllout's rating: 1539 &rarr; <strong>1567</strong><br />(+28 for winning)
|raw|xing-ggggg's rating: 1688 &rarr; <strong>1660</strong><br />(-28 for losing)
|l|☆xing-ggggg
