|j|☆pipi0.0
|j|☆CLEAR GEM清瑜
|t:|1666491497
|gametype|singles
|player|p1|pipi0.0|lusamine-nihilego|1827
|player|p2|CLEAR GEM清瑜|skierf|1879
|teamsize|p1|6
|teamsize|p2|6
|gen|8
|tier|[Gen 8] National Dex AG
|rated|
|rule|HP Percentage Mod: HP is shown in percentages
|rule|Endless Battle Clause: Forcing endless battles is banned
|clearpoke
|poke|p1|Arceus-*|
|poke|p1|Arceus-*|
|poke|p1|Arceus-*|
|poke|p1|Arceus-*|
|poke|p1|Arceus-*|
|poke|p1|Ditto|
|poke|p2|Rayquaza|
|poke|p2|Groudon|
|poke|p2|Necrozma-Dusk-Mane|
|poke|p2|Arceus-*|
|poke|p2|Zacian-*|
|poke|p2|Yveltal|
|teampreview
|inactive|Battle timer is ON: inactive players will automatically lose when time's up. (requested by pipi0.0)
|
|t:|1666491504
|start
|switch|p1a: Arceus|Arceus-Fairy|100/100
|switch|p2a: 老烈|Rayquaza, shiny|100/100
|-ability|p2a: 老烈|Air Lock
|turn|1
|
|t:|1666491509
|detailschange|p2a: 老烈|Rayquaza-Mega, shiny
|-mega|p2a: 老烈|Rayquaza|
|-weather|DeltaStream|[from] ability: Delta Stream|[of] p2a: 老烈
|move|p1a: Arceus|Judgment|p2a: 老烈
|-supereffective|p2a: 老烈
|-crit|p2a: 老烈
|-damage|p2a: 老烈|0 fnt
|faint|p2a: 老烈
|-weather|none
|
|upkeep
|
|t:|1666491515
|switch|p2a: 不会(?)|Groudon|100/100
|detailschange|p2a: 不会(?)|Groudon-Primal
|-primal|p2a: 不会(?)
|-weather|DesolateLand|[from] ability: Desolate Land|[of] p2a: 不会(?)
|turn|2
|c|☆pipi0.0|😨
|
|t:|1666491521
|move|p1a: Arceus|Earth Power|p2a: 不会(?)
|-supereffective|p2a: 不会(?)
|-damage|p2a: 不会(?)|49/100
|move|p2a: 不会(?)|Thunder Wave|p1a: Arceus
|-status|p1a: Arceus|par
|
|-weather|DesolateLand|[upkeep]
|upkeep
|turn|3
|
|t:|1666491526
|move|p2a: 不会(?)|Stealth Rock|p1a: Arceus
|-sidestart|p1: pipi0.0|move: Stealth Rock
|cant|p1a: Arceus|par
|
|-weather|DesolateLand|[upkeep]
|upkeep
|turn|4
|
|t:|1666491529
|move|p2a: 不会(?)|Fire Punch|p1a: Arceus
|-damage|p1a: Arceus|53/100 par
|move|p1a: Arceus|Stealth Rock|p2a: 不会(?)
|-sidestart|p2: CLEAR GEM清瑜|move: Stealth Rock
|
|-weather|DesolateLand|[upkeep]
|upkeep
|turn|5
|
|t:|1666491533
|move|p2a: 不会(?)|Fire Punch|p1a: Arceus
|-damage|p1a: Arceus|3/100 par
|move|p1a: Arceus|Earth Power|p2a: 不会(?)
|-supereffective|p2a: 不会(?)
|-damage|p2a: 不会(?)|0 fnt
|faint|p2a: 不会(?)
|-weather|none
|
|upkeep
|
|t:|1666491536
|switch|p2a: 悬空羊驼|Arceus-Flying|100/100
|-damage|p2a: 悬空羊驼|76/100|[from] Stealth Rock
|turn|6
|
|t:|1666491539
|move|p2a: 悬空羊驼|Swords Dance|p2a: 悬空羊驼
|-boost|p2a: 悬空羊驼|atk|2
|move|p1a: Arceus|Judgment|p2a: 悬空羊驼
|-damage|p2a: 悬空羊驼|34/100
|
|upkeep
|turn|7
|
|t:|1666491544
|move|p2a: 悬空羊驼|Recover|p2a: 悬空羊驼
|-heal|p2a: 悬空羊驼|84/100
|move|p1a: Arceus|Judgment|p2a: 悬空羊驼
|-damage|p2a: 悬空羊驼|44/100
|
|upkeep
|turn|8
|
|t:|1666491551
|move|p2a: 悬空羊驼|Recover|p2a: 悬空羊驼
|-heal|p2a: 悬空羊驼|94/100
|move|p1a: Arceus|Judgment|p2a: 悬空羊驼
|-damage|p2a: 悬空羊驼|52/100
|
|upkeep
|turn|9
|
|t:|1666491575
|switch|p1a: Arceus|Arceus-Ground|100/100
|-damage|p1a: Arceus|94/100|[from] Stealth Rock
|move|p2a: 悬空羊驼|Earthquake|p1a: Arceus
|-damage|p1a: Arceus|44/100
|
|upkeep
|turn|10
|
|t:|1666491581
|-start|p1a: Arceus|Dynamax|
|-heal|p1a: Arceus|44/100|[silent]
|-start|p2a: 悬空羊驼|Dynamax|
|-heal|p2a: 悬空羊驼|52/100|[silent]
|move|p1a: Arceus|Max Rockfall|p2a: 悬空羊驼
|-supereffective|p2a: 悬空羊驼
|-damage|p2a: 悬空羊驼|23/100
|-weather|Sandstorm
|move|p2a: 悬空羊驼|Max Airstream|p1a: Arceus
|-damage|p1a: Arceus|0 fnt
|-boost|p2a: 悬空羊驼|spe|1
|faint|p1a: Arceus
|
|-weather|Sandstorm|[upkeep]
|-damage|p2a: 悬空羊驼|20/100|[from] Sandstorm
|upkeep
|
|t:|1666491587
|switch|p1a: Ditto|Ditto|100/100
|-damage|p1a: Ditto|88/100|[from] Stealth Rock
|-transform|p1a: Ditto|p2a: 悬空羊驼|[from] ability: Imposter
|turn|11
|
|t:|1666491593
|move|p1a: Ditto|Fly||[still]
|-prepare|p1a: Ditto|Fly
|move|p2a: 悬空羊驼|Max Airstream|p1a: Ditto|[miss]
|-miss|p2a: 悬空羊驼|p1a: Ditto
|
|-weather|Sandstorm|[upkeep]
|-damage|p1a: Ditto|82/100|[from] Sandstorm
|-damage|p2a: 悬空羊驼|17/100|[from] Sandstorm
|upkeep
|turn|12
|
|t:|1666491597
|move|p2a: 悬空羊驼|Max Guard|p2a: 悬空羊驼
|-singleturn|p2a: 悬空羊驼|Max Guard
|move|p1a: Ditto|Fly|p2a: 悬空羊驼|[from]lockedmove
|-activate|p2a: 悬空羊驼|move: Max Guard
|
|-weather|Sandstorm|[upkeep]
|-damage|p1a: Ditto|76/100|[from] Sandstorm
|-damage|p2a: 悬空羊驼|14/100|[from] Sandstorm
|upkeep
|-end|p2a: 悬空羊驼|Dynamax
|-heal|p2a: 悬空羊驼|14/100|[silent]
|turn|13
|
|t:|1666491603
|move|p1a: Ditto|Fly||[still]
|-prepare|p1a: Ditto|Fly
|move|p2a: 悬空羊驼|Fly||[still]
|-prepare|p2a: 悬空羊驼|Fly
|
|-weather|Sandstorm|[upkeep]
|-damage|p1a: Ditto|70/100|[from] Sandstorm
|-damage|p2a: 悬空羊驼|8/100|[from] Sandstorm
|upkeep
|turn|14
|
|t:|1666491608
|move|p1a: Ditto|Fly|p2a: 悬空羊驼|[from]lockedmove|[miss]
|-miss|p1a: Ditto|p2a: 悬空羊驼
|move|p2a: 悬空羊驼|Fly|p1a: Ditto|[from]lockedmove
|-damage|p1a: Ditto|0 fnt
|faint|p1a: Ditto
|
|-weather|none
|upkeep
|
|t:|1666491618
|switch|p1a: Arceus|Arceus-Electric|100/100
|-damage|p1a: Arceus|88/100|[from] Stealth Rock
|turn|15
|
|t:|1666491625
|move|p2a: 悬空羊驼|Earthquake|p1a: Arceus
|-supereffective|p1a: Arceus
|-damage|p1a: Arceus|0 fnt
|faint|p1a: Arceus
|
|upkeep
|
|t:|1666491630
|switch|p1a: Arceus|Arceus-Dark|100/100
|-damage|p1a: Arceus|88/100|[from] Stealth Rock
|turn|16
|
|t:|1666491633
|move|p2a: 悬空羊驼|Fly||[still]
|-prepare|p2a: 悬空羊驼|Fly
|move|p1a: Arceus|Judgment|p2a: 悬空羊驼|[miss]
|-miss|p1a: Arceus|p2a: 悬空羊驼
|
|upkeep
|turn|17
|
|t:|1666491636
|move|p2a: 悬空羊驼|Fly|p1a: Arceus|[from]lockedmove
|-damage|p1a: Arceus|10/100
|move|p1a: Arceus|Judgment|p2a: 悬空羊驼
|-damage|p2a: 悬空羊驼|0 fnt
|faint|p2a: 悬空羊驼
|
|upkeep
|
|t:|1666491639
|switch|p2a: 嘉然小姐的狗|Zacian-Crowned|100/100
|-damage|p2a: 嘉然小姐的狗|94/100|[from] Stealth Rock
|-ability|p2a: 嘉然小姐的狗|Intrepid Sword|boost
|-boost|p2a: 嘉然小姐的狗|atk|1
|turn|18
|c|☆pipi0.0|逆天
|
|t:|1666491651
|move|p2a: 嘉然小姐的狗|Quick Attack|p1a: Arceus
|-damage|p1a: Arceus|0 fnt
|faint|p1a: Arceus
|
|upkeep
|
|t:|1666491653
|switch|p1a: Arceus|Arceus-Grass|100/100
|-damage|p1a: Arceus|88/100|[from] Stealth Rock
|turn|19
|c|☆CLEAR GEM清瑜|?
|c|☆CLEAR GEM清瑜|是国人啊
|
|t:|1666491663
|move|p1a: Arceus|Earthquake|p2a: 嘉然小姐的狗
|-supereffective|p2a: 嘉然小姐的狗
|-damage|p2a: 嘉然小姐的狗|47/100
|move|p2a: 嘉然小姐的狗|Behemoth Blade|p1a: Arceus
|-damage|p1a: Arceus|11/100
|
|upkeep
|turn|20
|
|t:|1666491668
|move|p2a: 嘉然小姐的狗|Quick Attack|p1a: Arceus
|-damage|p1a: Arceus|0 fnt
|faint|p1a: Arceus
|
|upkeep
|
|t:|1666491672
|switch|p1a: Arceus|Arceus-Fairy|3/100 par
|-damage|p1a: Arceus|0 fnt|[from] Stealth Rock
|faint|p1a: Arceus
|
|win|CLEAR GEM清瑜
|raw|pipi0.0's rating: 1827 &rarr; <strong>1810</strong><br />(-17 for losing)
|raw|CLEAR GEM清瑜's rating: 1879 &rarr; <strong>1896</strong><br />(+17 for winning)
|l|☆pipi0.0
|j| DDDDKKAOPO13
||Ladder isn't responding, score probably updated but might not have (Request timeout).
