|j|☆egwgawe
|j|☆JAY100064
|t:|1618189038
|gametype|singles
|player|p1|egwgawe|darach|1148
|player|p2|JAY100064|170|1034
|teamsize|p1|6
|teamsize|p2|6
|gen|8
|tier|[Gen 8] National Dex AG
|rated|
|clearpoke
|poke|p1|Stakataka|
|poke|p1|Naganadel|
|poke|p1|Pheromosa|
|poke|p1|Xurkitree|
|poke|p1|Guzzlord|
|poke|p1|Blacephalon|
|poke|p2|Metagross|
|poke|p2|Garchomp, M|
|poke|p2|Forretress, M|
|poke|p2|Volcarona, F|
|poke|p2|Braviary, M|
|poke|p2|Eelektross, F|
|rule|HP Percentage Mod: HP is shown in percentages
|rule|Endless Battle Clause: Forcing endless battles is banned
|teampreview
|inactive|Battle timer is ON: inactive players will automatically lose when time's up. (requested by egwgawe)
|
|t:|1618189065
|start
|switch|p1a: Blacephalon|Blacephalon|100/100
|switch|p2a: Forretress|Forretress, M, shiny|100/100
|turn|1
|
|t:|1618189094
|move|p1a: Blacephalon|Mind Blown|p2a: Forretress
|-supereffective|p2a: Forretress
|-ability|p2a: Forretress|Sturdy
|-damage|p2a: Forretress|1/100
|-damage|p1a: Blacephalon|50/100|[from] mindblown
|-heal|p1a: Blacephalon|68/100|[from] item: Shell Bell|[of] p2a: Forretress
|move|p2a: Forretress|Spikes|p1a: Blacephalon
|-sidestart|p1: egwgawe|Spikes
|
|-heal|p2a: Forretress|7/100|[from] item: Leftovers
|upkeep
|turn|2
|
|t:|1618189107
|move|p1a: Blacephalon|Dark Pulse|p2a: Forretress
|-damage|p2a: Forretress|0 fnt
|-heal|p1a: Blacephalon|69/100|[from] item: Shell Bell|[of] p2a: Forretress
|faint|p2a: Forretress
|-ability|p1a: Blacephalon|Beast Boost|boost
|-boost|p1a: Blacephalon|spa|1
|
|upkeep
|inactive|JAY100064 has 120 seconds left.
|
|t:|1618189132
|switch|p2a: Braviary|Braviary, M, shiny|100/100
|turn|3
|
|t:|1618189148
|-start|p1a: Blacephalon|Dynamax
|-heal|p1a: Blacephalon|69/100|[silent]
|move|p1a: Blacephalon|Max Darkness|p2a: Braviary
|-damage|p2a: Braviary|0 fnt
|-heal|p1a: Blacephalon|77/100|[from] item: Shell Bell|[of] p2a: Braviary
|faint|p2a: Braviary
|-ability|p1a: Blacephalon|Beast Boost|boost
|-boost|p1a: Blacephalon|spa|1
|
|upkeep
|
|t:|1618189168
|switch|p2a: Eelektross|Eelektross, F, shiny|100/100
|turn|4
|
|t:|1618189176
|move|p1a: Blacephalon|Max Mindstorm|p2a: Eelektross
|-damage|p2a: Eelektross|32/100
|-fieldstart|move: Psychic Terrain
|-heal|p1a: Blacephalon|84/100|[from] item: Shell Bell|[of] p2a: Eelektross
|move|p2a: Eelektross|Aqua Tail|p1a: Blacephalon
|-supereffective|p1a: Blacephalon
|-damage|p1a: Blacephalon|35/100
|
|upkeep
|turn|5
|
|t:|1618189184
|move|p1a: Blacephalon|Max Darkness|p2a: Eelektross
|-damage|p2a: Eelektross|0 fnt
|-heal|p1a: Blacephalon|38/100|[from] item: Shell Bell|[of] p2a: Eelektross
|faint|p2a: Eelektross
|-ability|p1a: Blacephalon|Beast Boost|boost
|-boost|p1a: Blacephalon|spa|1
|
|-end|p1a: Blacephalon|Dynamax
|-heal|p1a: Blacephalon|38/100|[silent]
|upkeep
|
|t:|1618189213
|switch|p2a: Garchomp|Garchomp, M, shiny|100/100
|turn|6
|
|t:|1618189224
|-start|p2a: Garchomp|Dynamax
|-heal|p2a: Garchomp|100/100|[silent]
|move|p1a: Blacephalon|Psychic|p2a: Garchomp
|-damage|p2a: Garchomp|36/100
|-unboost|p2a: Garchomp|spd|1
|-heal|p1a: Blacephalon|61/100|[from] item: Shell Bell|[of] p2a: Garchomp
|move|p2a: Garchomp|Max Wyrmwind|p1a: Blacephalon
|-damage|p1a: Blacephalon|0 fnt
|-damage|p2a: Garchomp|31/100|[from] item: Life Orb
|faint|p1a: Blacephalon
|
|upkeep
|
|t:|1618189235
|switch|p1a: Naganadel|Naganadel, shiny|100/100
|-item|p1a: Naganadel|Air Balloon
|turn|7
|
|t:|1618189252
|move|p1a: Naganadel|Dragon Pulse|p2a: Garchomp
|-supereffective|p2a: Garchomp
|-damage|p2a: Garchomp|0 fnt
|faint|p2a: Garchomp
|-ability|p1a: Naganadel|Beast Boost|boost
|-boost|p1a: Naganadel|spe|1
|
|upkeep
|inactive|JAY100064 has 90 seconds left.
|
|t:|1618189264
|switch|p2a: Metagross|Metagross, shiny|100/100
|turn|8
|
|t:|1618189271
|detailschange|p2a: Metagross|Metagross-Mega, shiny
|-mega|p2a: Metagross|Metagross|Metagrossite
|move|p1a: Naganadel|Nasty Plot|p1a: Naganadel
|-boost|p1a: Naganadel|spa|2
|move|p2a: Metagross|Zen Headbutt|p1a: Naganadel|[miss]
|-miss|p2a: Metagross|p1a: Naganadel
|
|-fieldend|move: Psychic Terrain
|upkeep
|turn|9
|
|t:|1618189279
|move|p1a: Naganadel|Dragon Pulse|p2a: Metagross
|-resisted|p2a: Metagross
|-damage|p2a: Metagross|55/100
|move|p2a: Metagross|Zen Headbutt|p1a: Naganadel
|-supereffective|p1a: Naganadel
|-damage|p1a: Naganadel|0 fnt
|-enditem|p1a: Naganadel|Air Balloon
|faint|p1a: Naganadel
|
|upkeep
|
|t:|1618189291
|switch|p1a: Stakataka|Stakataka|100/100
|-damage|p1a: Stakataka|88/100|[from] Spikes
|turn|10
|
|t:|1618189311
|move|p2a: Metagross|Earthquake|p1a: Stakataka
|-supereffective|p1a: Stakataka
|-damage|p1a: Stakataka|2/100
|move|p1a: Stakataka|Body Press|p2a: Metagross
|-damage|p2a: Metagross|26/100
|
|upkeep
|turn|11
|
|t:|1618189319
|move|p2a: Metagross|Earthquake|p1a: Stakataka
|-supereffective|p1a: Stakataka
|-damage|p1a: Stakataka|0 fnt
|faint|p1a: Stakataka
|
|upkeep
|
|t:|1618189331
|switch|p1a: Guzzlord|Guzzlord, shiny|100/100
|-damage|p1a: Guzzlord|88/100|[from] Spikes
|turn|12
|
|t:|1618189346
|move|p2a: Metagross|Hammer Arm|p1a: Guzzlord
|-supereffective|p1a: Guzzlord
|-damage|p1a: Guzzlord|1/100
|-unboost|p2a: Metagross|spe|1
|move|p1a: Guzzlord|Earthquake|p2a: Metagross
|-supereffective|p2a: Metagross
|-damage|p2a: Metagross|0 fnt
|-heal|p1a: Guzzlord|3/100|[from] item: Shell Bell|[of] p2a: Metagross
|faint|p2a: Metagross
|-ability|p1a: Guzzlord|Beast Boost|boost
|-boost|p1a: Guzzlord|atk|1
|
|upkeep
|
|t:|1618189358
|switch|p2a: Volcarona|Volcarona, F, shiny|100/100
|turn|13
|
|t:|1618189364
|move|p2a: Volcarona|Giga Drain|p1a: Guzzlord
|-resisted|p1a: Guzzlord
|-damage|p1a: Guzzlord|0 fnt
|faint|p1a: Guzzlord
|
|upkeep
|
|t:|1618189371
|switch|p1a: Pheromosa|Pheromosa, shiny|100/100
|-damage|p1a: Pheromosa|88/100|[from] Spikes
|turn|14
|
|t:|1618189377
|move|p1a: Pheromosa|Triple Axel|p2a: Volcarona
|-resisted|p2a: Volcarona
|-damage|p2a: Volcarona|95/100
|-status|p1a: Pheromosa|brn|[from] ability: Flame Body|[of] p2a: Volcarona
|-resisted|p2a: Volcarona
|-crit|p2a: Volcarona
|-damage|p2a: Volcarona|85/100
|-resisted|p2a: Volcarona
|-damage|p2a: Volcarona|76/100
|-hitcount|p2a: Volcarona|3
|-heal|p1a: Pheromosa|91/100 brn|[from] item: Shell Bell|[of] p2a: Volcarona
|move|p2a: Volcarona|Flamethrower|p1a: Pheromosa
|-supereffective|p1a: Pheromosa
|-damage|p1a: Pheromosa|0 fnt
|faint|p1a: Pheromosa
|
|-heal|p2a: Volcarona|82/100|[from] item: Leftovers
|upkeep
|
|t:|1618189380
|switch|p1a: Xurkitree|Xurkitree|100/100
|-damage|p1a: Xurkitree|88/100|[from] Spikes
|turn|15
|inactive|JAY100064 has 120 seconds left.
|
|t:|1618189401
|move|p2a: Volcarona|Flamethrower|p1a: Xurkitree
|-damage|p1a: Xurkitree|28/100
|move|p1a: Xurkitree|Thunderbolt|p2a: Volcarona
|-damage|p2a: Volcarona|20/100
|-heal|p1a: Xurkitree|35/100|[from] item: Shell Bell|[of] p2a: Volcarona
|
|-heal|p2a: Volcarona|26/100|[from] item: Leftovers
|upkeep
|turn|16
|
|t:|1618189410
|move|p2a: Volcarona|Flamethrower|p1a: Xurkitree
|-crit|p1a: Xurkitree
|-damage|p1a: Xurkitree|0 fnt
|faint|p1a: Xurkitree
|
|win|JAY100064
|raw|egwgawe's rating: 1148 &rarr; <strong>1115</strong><br />(-33 for losing)
|raw|JAY100064's rating: 1034 &rarr; <strong>1080</strong><br />(+46 for winning)
|l|☆egwgawe
|c|☆JAY100064|gg
