|j|☆Gen 5 goated
|j|☆Garchomp8000
|t:|1666394208
|gametype|singles
|player|p1|Gen 5 goated|1|1351
|player|p2|Garchomp8000|policeman-gen4|1345
|teamsize|p1|6
|teamsize|p2|6
|gen|8
|tier|[Gen 8] National Dex AG
|rated|
|rule|HP Percentage Mod: HP is shown in percentages
|rule|Endless Battle Clause: Forcing endless battles is banned
|clearpoke
|poke|p1|Xerneas-*|
|poke|p1|Calyrex-Shadow|
|poke|p1|Rayquaza|
|poke|p1|Necrozma-Dusk-Mane|
|poke|p1|Deoxys-Speed|
|poke|p1|Yveltal|
|poke|p2|Yveltal|
|poke|p2|Volcanion|
|poke|p2|Zekrom|
|poke|p2|Ditto|
|poke|p2|Xatu, M|
|poke|p2|Malamar, M|
|teampreview
|
|t:|1666394221
|start
|switch|p1a: Rainha Das Vidas|Xerneas, shiny|100/100
|switch|p2a: Ditto|Ditto|100/100
|-ability|p1a: Rainha Das Vidas|Fairy Aura
|-transform|p2a: Ditto|p1a: Rainha Das Vidas|[from] ability: Imposter
|-ability|p2a: Ditto|Fairy Aura
|turn|1
|
|t:|1666394237
|move|p1a: Rainha Das Vidas|Moonblast|p2a: Ditto
|-damage|p2a: Ditto|14/100
|move|p2a: Ditto|Moonblast|p1a: Rainha Das Vidas
|-damage|p1a: Rainha Das Vidas|32/100
|
|upkeep
|turn|2
|
|t:|1666394242
|move|p2a: Ditto|Moonblast|p1a: Rainha Das Vidas
|-damage|p1a: Rainha Das Vidas|0 fnt
|faint|p1a: Rainha Das Vidas
|
|upkeep
|
|t:|1666394246
|switch|p1a: Lobo Do Crepúsculo|Necrozma-Dusk-Mane, shiny|100/100
|turn|3
|
|t:|1666394249
|switch|p2a: Xatu|Xatu, M, shiny|100/100
|move|p1a: Lobo Do Crepúsculo|Dragon Dance|p1a: Lobo Do Crepúsculo
|-boost|p1a: Lobo Do Crepúsculo|atk|1
|-boost|p1a: Lobo Do Crepúsculo|spe|1
|
|upkeep
|turn|4
|
|t:|1666394254
|move|p1a: Lobo Do Crepúsculo|Dragon Dance|p1a: Lobo Do Crepúsculo
|-boost|p1a: Lobo Do Crepúsculo|atk|1
|-boost|p1a: Lobo Do Crepúsculo|spe|1
|move|p2a: Xatu|Feather Dance|p1a: Lobo Do Crepúsculo
|-unboost|p1a: Lobo Do Crepúsculo|atk|2
|
|upkeep
|turn|5
|
|t:|1666394261
|switch|p1a: Pássaro Das Trevas|Yveltal, shiny|100/100
|-ability|p1a: Pássaro Das Trevas|Dark Aura
|move|p2a: Xatu|Feather Dance|p1a: Pássaro Das Trevas
|-unboost|p1a: Pássaro Das Trevas|atk|2
|
|upkeep
|turn|6
|
|t:|1666394268
|move|p2a: Xatu|Protect|p2a: Xatu
|-singleturn|p2a: Xatu|Protect
|move|p1a: Pássaro Das Trevas|Dark Pulse|p2a: Xatu
|-activate|p2a: Xatu|move: Protect
|
|upkeep
|turn|7
|
|t:|1666394273
|move|p2a: Xatu|Dazzling Gleam|p1a: Pássaro Das Trevas
|-supereffective|p1a: Pássaro Das Trevas
|-damage|p1a: Pássaro Das Trevas|61/100
|move|p1a: Pássaro Das Trevas|Dark Pulse|p2a: Xatu
|-supereffective|p2a: Xatu
|-damage|p2a: Xatu|0 fnt
|faint|p2a: Xatu
|-damage|p1a: Pássaro Das Trevas|51/100|[from] item: Life Orb
|
|upkeep
|
|t:|1666394282
|switch|p2a: Zekrom|Zekrom|100/100
|-ability|p2a: Zekrom|Teravolt
|turn|8
|
|t:|1666394285
|move|p2a: Zekrom|Bolt Strike|p1a: Pássaro Das Trevas
|-supereffective|p1a: Pássaro Das Trevas
|-damage|p1a: Pássaro Das Trevas|0 fnt
|faint|p1a: Pássaro Das Trevas
|
|upkeep
|
|t:|1666394291
|switch|p1a: Lobo Do Crepúsculo|Necrozma-Dusk-Mane, shiny|100/100
|turn|9
|
|t:|1666394295
|detailschange|p1a: Lobo Do Crepúsculo|Necrozma-Ultra, shiny
|-burst|p1a: Lobo Do Crepúsculo|Necrozma|Ultranecrozium Z
|move|p1a: Lobo Do Crepúsculo|Dragon Dance|p1a: Lobo Do Crepúsculo
|-boost|p1a: Lobo Do Crepúsculo|atk|1
|-boost|p1a: Lobo Do Crepúsculo|spe|1
|move|p2a: Zekrom|Bolt Strike|p1a: Lobo Do Crepúsculo
|-resisted|p1a: Lobo Do Crepúsculo
|-damage|p1a: Lobo Do Crepúsculo|62/100
|
|upkeep
|turn|10
|
|t:|1666394302
|move|p1a: Lobo Do Crepúsculo|Earthquake|p2a: Zekrom
|-supereffective|p2a: Zekrom
|-damage|p2a: Zekrom|0 fnt
|faint|p2a: Zekrom
|
|upkeep
|
|t:|1666394306
|switch|p2a: Yveltal|Yveltal|100/100
|-ability|p2a: Yveltal|Dark Aura
|turn|11
|
|t:|1666394310
|move|p2a: Yveltal|Sucker Punch|p1a: Lobo Do Crepúsculo
|-supereffective|p1a: Lobo Do Crepúsculo
|-damage|p1a: Lobo Do Crepúsculo|0 fnt
|faint|p1a: Lobo Do Crepúsculo
|
|upkeep
|
|t:|1666394316
|switch|p1a: Deus Do Ar|Rayquaza|100/100
|-ability|p1a: Deus Do Ar|Air Lock
|turn|12
|
|t:|1666394319
|move|p2a: Yveltal|Dark Pulse|p1a: Deus Do Ar
|-damage|p1a: Deus Do Ar|35/100
|move|p1a: Deus Do Ar|Swords Dance|p1a: Deus Do Ar
|-boost|p1a: Deus Do Ar|atk|2
|
|upkeep
|turn|13
|
|t:|1666394325
|detailschange|p1a: Deus Do Ar|Rayquaza-Mega
|-mega|p1a: Deus Do Ar|Rayquaza|
|-weather|DeltaStream|[from] ability: Delta Stream|[of] p1a: Deus Do Ar
|move|p1a: Deus Do Ar|Extreme Speed|p2a: Yveltal
|-damage|p2a: Yveltal|24/100
|move|p2a: Yveltal|Sucker Punch||[still]
|-fail|p2a: Yveltal
|
|-weather|DeltaStream|[upkeep]
|upkeep
|turn|14
|
|t:|1666394334
|switch|p2a: Volcanion|Volcanion|100/100
|move|p1a: Deus Do Ar|Extreme Speed|p2a: Volcanion
|-damage|p2a: Volcanion|35/100
|
|-weather|DeltaStream|[upkeep]
|upkeep
|turn|15
|
|t:|1666394339
|move|p1a: Deus Do Ar|Extreme Speed|p2a: Volcanion
|-damage|p2a: Volcanion|0 fnt
|faint|p2a: Volcanion
|
|-weather|DeltaStream|[upkeep]
|upkeep
|
|t:|1666394344
|switch|p2a: Ditto|Ditto|14/100
|-transform|p2a: Ditto|p1a: Deus Do Ar|[from] ability: Imposter
|turn|16
|
|t:|1666394349
|move|p1a: Deus Do Ar|Extreme Speed|p2a: Ditto
|-damage|p2a: Ditto|0 fnt
|faint|p2a: Ditto
|
|-weather|DeltaStream|[upkeep]
|upkeep
|
|t:|1666394352
|switch|p2a: Malamar|Malamar, M|100/100
|turn|17
|
|t:|1666394355
|move|p1a: Deus Do Ar|Dragon Ascent|p2a: Malamar
|-enditem|p2a: Malamar|Focus Sash
|-damage|p2a: Malamar|1/100
|-unboost|p1a: Deus Do Ar|def|1
|-unboost|p1a: Deus Do Ar|spd|1
|move|p2a: Malamar|Topsy-Turvy|p1a: Deus Do Ar
|-invertboost|p1a: Deus Do Ar|[from] move: Topsy-Turvy
|
|-weather|DeltaStream|[upkeep]
|upkeep
|turn|18
|
|t:|1666394363
|move|p1a: Deus Do Ar|Extreme Speed|p2a: Malamar
|-damage|p2a: Malamar|0 fnt
|faint|p2a: Malamar
|
|-weather|DeltaStream|[upkeep]
|upkeep
|
|t:|1666394367
|switch|p2a: Yveltal|Yveltal|24/100
|-ability|p2a: Yveltal|Dark Aura
|turn|19
|
|t:|1666394371
|move|p1a: Deus Do Ar|Extreme Speed|p2a: Yveltal
|-damage|p2a: Yveltal|4/100
|move|p2a: Yveltal|Oblivion Wing|p1a: Deus Do Ar
|-damage|p1a: Deus Do Ar|8/100
|-heal|p2a: Yveltal|22/100|[from] drain|[of] p1a: Deus Do Ar
|
|-weather|DeltaStream|[upkeep]
|upkeep
|turn|20
|
|t:|1666394378
|move|p2a: Yveltal|Sucker Punch|p1a: Deus Do Ar
|-damage|p1a: Deus Do Ar|0 fnt
|faint|p1a: Deus Do Ar
|-weather|none
|
|upkeep
|
|t:|1666394384
|switch|p1a: Cavaleiro Fantasma|Calyrex-Shadow|100/100
|-ability|p1a: Cavaleiro Fantasma|As One
|-ability|p1a: Cavaleiro Fantasma|Unnerve
|turn|21
|
|t:|1666394389
|-start|p1a: Cavaleiro Fantasma|Dynamax|
|-heal|p1a: Cavaleiro Fantasma|100/100|[silent]
|move|p2a: Yveltal|Sucker Punch|p1a: Cavaleiro Fantasma
|-supereffective|p1a: Cavaleiro Fantasma
|-damage|p1a: Cavaleiro Fantasma|0 fnt
|faint|p1a: Cavaleiro Fantasma
|
|upkeep
|
|t:|1666394393
|switch|p1a: Rápido|Deoxys-Speed, shiny|100/100
|-ability|p1a: Rápido|Pressure
|turn|22
|-message|Gen 5 goated forfeited.
|
|win|Garchomp8000
|raw|Gen 5 goated's rating: 1351 &rarr; <strong>1331</strong><br />(-20 for losing)
|raw|Garchomp8000's rating: 1345 &rarr; <strong>1365</strong><br />(+20 for winning)
|l|☆Gen 5 goated
||Ladder isn't responding, score probably updated but might not have (Request timeout).
