|j|☆cddvv
|j|☆Capri...song?!
|t:|1665242157
|gametype|singles
|player|p1|cddvv|lyra|1650
|player|p2|Capri...song?!|melli|1709
|teamsize|p1|6
|teamsize|p2|6
|gen|8
|tier|[Gen 8] National Dex AG
|rated|
|rule|HP Percentage Mod: HP is shown in percentages
|rule|Endless Battle Clause: Forcing endless battles is banned
|clearpoke
|poke|p1|Rayquaza|
|poke|p1|Zacian-*|
|poke|p1|Ditto|
|poke|p1|Necrozma-Dusk-Mane|
|poke|p1|Yveltal|
|poke|p1|Lugia|
|poke|p2|Necrozma-Dusk-Mane|
|poke|p2|Ditto|
|poke|p2|Chansey, F|
|poke|p2|Zygarde|
|poke|p2|Ho-Oh|
|poke|p2|Zacian-*|
|teampreview
|inactive|Battle timer is ON: inactive players will automatically lose when time's up. (requested by Capri...song?!)
|
|t:|1665242183
|start
|switch|p1a: Yveltal|Yveltal|100/100
|switch|p2a: drama club|Zygarde|100/100
|-ability|p1a: Yveltal|Dark Aura
|turn|1
|
|t:|1665242193
|move|p1a: Yveltal|Dark Pulse|p2a: drama club
|-damage|p2a: drama club|48/100
|move|p2a: drama club|Glare|p1a: Yveltal
|-status|p1a: Yveltal|par
|
|-activate|p2a: drama club|ability: Power Construct
|detailschange|p2a: drama club|Zygarde-Complete
|-heal|p2a: drama club|66/100|[silent]
|upkeep
|turn|2
|
|t:|1665242204
|switch|p2a: lunchbox friends|Chansey, F|100/100
|move|p1a: Yveltal|Oblivion Wing|p2a: lunchbox friends
|-crit|p2a: lunchbox friends
|-damage|p2a: lunchbox friends|84/100
|
|upkeep
|turn|3
|
|t:|1665242213
|switch|p1a: Zacian|Zacian-Crowned|100/100
|-ability|p1a: Zacian|Intrepid Sword|boost
|-boost|p1a: Zacian|atk|1
|move|p2a: lunchbox friends|Teleport|p2a: lunchbox friends
|
|t:|1665242219
|switch|p2a: show and tell|Ditto|100/100|[from]move: Teleport
|-transform|p2a: show and tell|p1a: Zacian|[from] ability: Imposter
|-ability|p2a: show and tell|Intrepid Sword|boost
|-boost|p2a: show and tell|atk|1
|
|upkeep
|turn|4
|
|t:|1665242229
|switch|p1a: Necrozma|Necrozma-Dusk-Mane|100/100
|move|p2a: show and tell|Sacred Sword|p1a: Necrozma
|-damage|p1a: Necrozma|63/100
|-damage|p2a: show and tell|84/100|[from] item: Rocky Helmet|[of] p1a: Necrozma
|
|upkeep
|turn|5
|
|t:|1665242238
|switch|p2a: orange juice|Ho-Oh, shiny|100/100
|move|p1a: Necrozma|Morning Sun|p1a: Necrozma
|-heal|p1a: Necrozma|100/100
|
|upkeep
|turn|6
|
|t:|1665242250
|switch|p1a: Lugia|Lugia|100/100
|move|p2a: orange juice|Sacred Fire|p1a: Lugia
|-damage|p1a: Lugia|86/100
|-status|p1a: Lugia|brn
|
|-heal|p1a: Lugia|92/100 brn|[from] item: Leftovers
|-damage|p1a: Lugia|86/100 brn|[from] brn
|upkeep
|turn|7
|
|t:|1665242261
|switch|p2a: lunchbox friends|Chansey, F|84/100
|move|p1a: Lugia|Toxic|p2a: lunchbox friends|[miss]
|-miss|p1a: Lugia|p2a: lunchbox friends
|
|-heal|p1a: Lugia|92/100 brn|[from] item: Leftovers
|-damage|p1a: Lugia|86/100 brn|[from] brn
|upkeep
|turn|8
|
|t:|1665242271
|move|p1a: Lugia|Toxic|p2a: lunchbox friends
|-status|p2a: lunchbox friends|tox
|move|p2a: lunchbox friends|Teleport|p2a: lunchbox friends
|
|t:|1665242275
|-curestatus|p2a: lunchbox friends|tox|[from] ability: Natural Cure
|switch|p2a: teacher's pet|Zacian-Crowned, shiny|100/100|[from]move: Teleport
|-ability|p2a: teacher's pet|Intrepid Sword|boost
|-boost|p2a: teacher's pet|atk|1
|
|-heal|p1a: Lugia|92/100 brn|[from] item: Leftovers
|-damage|p1a: Lugia|86/100 brn|[from] brn
|upkeep
|turn|9
|
|t:|1665242293
|switch|p1a: Necrozma|Necrozma-Dusk-Mane|100/100
|move|p2a: teacher's pet|Behemoth Blade|p1a: Necrozma
|-resisted|p1a: Necrozma
|-damage|p1a: Necrozma|73/100
|-damage|p2a: teacher's pet|84/100|[from] item: Rocky Helmet|[of] p1a: Necrozma
|
|upkeep
|turn|10
|j| f1r35t0rm_96
|
|t:|1665242311
|switch|p2a: orange juice|Ho-Oh, shiny|100/100
|move|p1a: Necrozma|Morning Sun|p1a: Necrozma
|-heal|p1a: Necrozma|100/100
|
|upkeep
|turn|11
|
|t:|1665242331
|switch|p1a: Lugia|Lugia|86/100 brn
|move|p2a: orange juice|Sacred Fire|p1a: Lugia
|-damage|p1a: Lugia|58/100 brn
|
|-heal|p1a: Lugia|65/100 brn|[from] item: Leftovers
|-damage|p1a: Lugia|58/100 brn|[from] brn
|upkeep
|turn|12
|
|t:|1665242344
|switch|p2a: lunchbox friends|Chansey, F|84/100
|move|p1a: Lugia|Roost|p1a: Lugia
|-heal|p1a: Lugia|100/100 brn
|-singleturn|p1a: Lugia|move: Roost
|
|-damage|p1a: Lugia|94/100 brn|[from] brn
|upkeep
|turn|13
|
|t:|1665242356
|move|p1a: Lugia|Ice Beam|p2a: lunchbox friends
|-damage|p2a: lunchbox friends|80/100
|move|p2a: lunchbox friends|Teleport|p2a: lunchbox friends
|
|t:|1665242359
|switch|p2a: class fight|Necrozma-Dusk-Mane, shiny|100/100|[from]move: Teleport
|
|-heal|p1a: Lugia|100/100 brn|[from] item: Leftovers
|-damage|p1a: Lugia|94/100 brn|[from] brn
|upkeep
|turn|14
|
|t:|1665242372
|switch|p1a: Yveltal|Yveltal|100/100 par
|-ability|p1a: Yveltal|Dark Aura
|move|p2a: class fight|Stealth Rock|p1a: Yveltal
|-sidestart|p1: cddvv|move: Stealth Rock
|
|upkeep
|turn|15
|inactive|cddvv has 120 seconds left.
|
|t:|1665242407
|switch|p2a: orange juice|Ho-Oh, shiny|100/100
|move|p1a: Yveltal|Foul Play|p2a: orange juice
|-damage|p2a: orange juice|65/100
|
|upkeep
|turn|16
|inactive|cddvv has 120 seconds left.
|
|t:|1665242430
|switch|p1a: Lugia|Lugia|94/100 brn
|-damage|p1a: Lugia|69/100 brn|[from] Stealth Rock
|move|p2a: orange juice|Sacred Fire|p1a: Lugia
|-damage|p1a: Lugia|43/100 brn
|
|-heal|p1a: Lugia|49/100 brn|[from] item: Leftovers
|-damage|p1a: Lugia|43/100 brn|[from] brn
|upkeep
|turn|17
|
|t:|1665242443
|switch|p2a: class fight|Necrozma-Dusk-Mane, shiny|100/100
|move|p1a: Lugia|Roost|p1a: Lugia
|-heal|p1a: Lugia|93/100 brn
|-singleturn|p1a: Lugia|move: Roost
|
|-heal|p1a: Lugia|99/100 brn|[from] item: Leftovers
|-damage|p1a: Lugia|93/100 brn|[from] brn
|upkeep
|turn|18
|
|t:|1665242463
|switch|p1a: Yveltal|Yveltal|100/100 par
|-damage|p1a: Yveltal|76/100 par|[from] Stealth Rock
|-ability|p1a: Yveltal|Dark Aura
|move|p2a: class fight|Knock Off|p1a: Yveltal
|-resisted|p1a: Yveltal
|-damage|p1a: Yveltal|59/100 par
|-enditem|p1a: Yveltal|Assault Vest|[from] move: Knock Off|[of] p2a: class fight
|
|upkeep
|turn|19
|
|t:|1665242475
|switch|p2a: orange juice|Ho-Oh, shiny|98/100
|move|p1a: Yveltal|Foul Play|p2a: orange juice
|-damage|p2a: orange juice|59/100
|
|upkeep
|turn|20
|
|t:|1665242486
|switch|p1a: Lugia|Lugia|93/100 brn
|-damage|p1a: Lugia|68/100 brn|[from] Stealth Rock
|move|p2a: orange juice|Whirlwind|p1a: Lugia
|drag|p1a: Ditto|Ditto|100/100
|-damage|p1a: Ditto|88/100|[from] Stealth Rock
|-transform|p1a: Ditto|p2a: orange juice|[from] ability: Imposter
|
|upkeep
|turn|21
|
|t:|1665242500
|switch|p2a: class fight|Necrozma-Dusk-Mane, shiny|100/100
|move|p1a: Ditto|Defog|p2a: class fight
|-unboost|p2a: class fight|evasion|1
|-sideend|p1: cddvv|Stealth Rock|[from] move: Defog|[of] p1a: Ditto
|
|upkeep
|turn|22
|
|t:|1665242518
|switch|p1a: Yveltal|Yveltal|59/100 par
|-ability|p1a: Yveltal|Dark Aura
|move|p2a: class fight|Stealth Rock|p1a: Yveltal
|-sidestart|p1: cddvv|move: Stealth Rock
|
|upkeep
|turn|23
|
|t:|1665242526
|switch|p2a: orange juice|Ho-Oh, shiny|93/100
|move|p1a: Yveltal|Oblivion Wing|p2a: orange juice
|-damage|p2a: orange juice|68/100
|-heal|p1a: Yveltal|76/100 par|[from] drain|[of] p2a: orange juice
|
|upkeep
|turn|24
|inactive|cddvv has 90 seconds left.
|
|t:|1665242567
|switch|p2a: drama club|Zygarde-Complete|66/100
|move|p1a: Yveltal|Oblivion Wing|p2a: drama club
|-damage|p2a: drama club|39/100
|-heal|p1a: Yveltal|100/100 par|[from] drain|[of] p2a: drama club
|
|upkeep
|turn|25
|
|t:|1665242577
|move|p2a: drama club|Rest|p2a: drama club
|-status|p2a: drama club|slp|[from] move: Rest
|-heal|p2a: drama club|100/100 slp|[silent]
|cant|p1a: Yveltal|par
|
|upkeep
|turn|26
|
|t:|1665242584
|switch|p2a: lunchbox friends|Chansey, F|80/100
|move|p1a: Yveltal|Dark Pulse|p2a: lunchbox friends
|-damage|p2a: lunchbox friends|64/100
|
|upkeep
|turn|27
|
|t:|1665242598
|move|p1a: Yveltal|Dark Pulse|p2a: lunchbox friends
|-damage|p2a: lunchbox friends|51/100
|move|p2a: lunchbox friends|Aromatherapy|p2a: lunchbox friends
|-activate|p2a: lunchbox friends|move: Aromatherapy
|-curestatus|p2: drama club|slp|[msg]
|
|upkeep
|turn|28
|
|t:|1665242606
|move|p1a: Yveltal|Dark Pulse|p2a: lunchbox friends
|-damage|p2a: lunchbox friends|35/100
|move|p2a: lunchbox friends|Soft-Boiled|p2a: lunchbox friends
|-heal|p2a: lunchbox friends|85/100
|
|upkeep
|turn|29
|inactive|cddvv has 90 seconds left.
|
|t:|1665242613
|switch|p1a: Zacian|Zacian-Crowned|100/100
|-damage|p1a: Zacian|94/100|[from] Stealth Rock
|-ability|p1a: Zacian|Intrepid Sword|boost
|-boost|p1a: Zacian|atk|1
|switch|p2a: orange juice|Ho-Oh, shiny|100/100
|
|upkeep
|turn|30
|l| f1r35t0rm_96
|j| f1r35t0rm_96
|inactive|cddvv has 90 seconds left.
|
|t:|1665242639
|switch|p1a: Lugia|Lugia|68/100 brn
|-damage|p1a: Lugia|43/100 brn|[from] Stealth Rock
|switch|p2a: class fight|Necrozma-Dusk-Mane, shiny|100/100
|
|-heal|p1a: Lugia|49/100 brn|[from] item: Leftovers
|-damage|p1a: Lugia|43/100 brn|[from] brn
|upkeep
|turn|31
|
|t:|1665242654
|move|p1a: Lugia|Roost|p1a: Lugia
|-heal|p1a: Lugia|93/100 brn
|-singleturn|p1a: Lugia|move: Roost
|move|p2a: class fight|Knock Off|p1a: Lugia
|-supereffective|p1a: Lugia
|-damage|p1a: Lugia|49/100 brn
|-enditem|p1a: Lugia|Leftovers|[from] move: Knock Off|[of] p2a: class fight
|
|-damage|p1a: Lugia|43/100 brn|[from] brn
|upkeep
|turn|32
|
|t:|1665242666
|switch|p2a: lunchbox friends|Chansey, F|85/100
|move|p1a: Lugia|Defog|p2a: lunchbox friends
|-unboost|p2a: lunchbox friends|evasion|1
|-sideend|p1: cddvv|Stealth Rock|[from] move: Defog|[of] p1a: Lugia
|
|-damage|p1a: Lugia|36/100 brn|[from] brn
|upkeep
|turn|33
|
|t:|1665242675
|move|p1a: Lugia|Roost|p1a: Lugia
|-heal|p1a: Lugia|86/100 brn
|-singleturn|p1a: Lugia|move: Roost
|move|p2a: lunchbox friends|Teleport|p2a: lunchbox friends
|
|t:|1665242678
|switch|p2a: class fight|Necrozma-Dusk-Mane, shiny|100/100|[from]move: Teleport
|
|-damage|p1a: Lugia|80/100 brn|[from] brn
|upkeep
|turn|34
|
|t:|1665242694
|move|p1a: Lugia|Roost|p1a: Lugia
|-heal|p1a: Lugia|100/100 brn
|-singleturn|p1a: Lugia|move: Roost
|move|p2a: class fight|Stealth Rock|p1a: Lugia
|-sidestart|p1: cddvv|move: Stealth Rock
|
|-damage|p1a: Lugia|94/100 brn|[from] brn
|upkeep
|turn|35
|
|t:|1665242704
|switch|p2a: teacher's pet|Zacian-Crowned, shiny|84/100
|-ability|p2a: teacher's pet|Intrepid Sword|boost
|-boost|p2a: teacher's pet|atk|1
|move|p1a: Lugia|Defog|p2a: teacher's pet
|-unboost|p2a: teacher's pet|evasion|1
|-sideend|p1: cddvv|Stealth Rock|[from] move: Defog|[of] p1a: Lugia
|
|-damage|p1a: Lugia|88/100 brn|[from] brn
|upkeep
|turn|36
|
|t:|1665242716
|switch|p2a: class fight|Necrozma-Dusk-Mane, shiny|100/100
|switch|p1a: Necrozma|Necrozma-Dusk-Mane|100/100
|
|upkeep
|turn|37
|
|t:|1665242738
|switch|p1a: Yveltal|Yveltal|100/100 par
|-ability|p1a: Yveltal|Dark Aura
|move|p2a: class fight|Stealth Rock|p1a: Yveltal
|-sidestart|p1: cddvv|move: Stealth Rock
|
|upkeep
|turn|38
|
|t:|1665242751
|switch|p2a: orange juice|Ho-Oh, shiny|100/100
|move|p1a: Yveltal|Dark Pulse|p2a: orange juice
|-damage|p2a: orange juice|69/100
|
|upkeep
|turn|39
|inactive|cddvv has 60 seconds left.
|
|t:|1665242767
|move|p1a: Yveltal|Oblivion Wing|p2a: orange juice
|-damage|p2a: orange juice|47/100
|move|p2a: orange juice|Whirlwind|p1a: Yveltal
|drag|p1a: Rayquaza|Rayquaza|100/100
|-damage|p1a: Rayquaza|76/100|[from] Stealth Rock
|-ability|p1a: Rayquaza|Air Lock
|
|upkeep
|turn|40
|inactive|cddvv has 60 seconds left.
|
|t:|1665242780
|switch|p2a: drama club|Zygarde-Complete|100/100
|detailschange|p1a: Rayquaza|Rayquaza-Mega
|-mega|p1a: Rayquaza|Rayquaza|
|-weather|DeltaStream|[from] ability: Delta Stream|[of] p1a: Rayquaza
|move|p1a: Rayquaza|Dragon Ascent|p2a: drama club
|-damage|p2a: drama club|75/100
|-unboost|p1a: Rayquaza|def|1
|-unboost|p1a: Rayquaza|spd|1
|
|-weather|DeltaStream|[upkeep]
|upkeep
|turn|41
|inactive|cddvv has 60 seconds left.
|
|t:|1665242797
|-weather|none
|switch|p1a: Lugia|Lugia|88/100 brn
|-damage|p1a: Lugia|63/100 brn|[from] Stealth Rock
|move|p2a: drama club|Glare||[still]
|-fail|p2a: drama club
|
|-damage|p1a: Lugia|57/100 brn|[from] brn
|upkeep
|turn|42
|inactive|cddvv has 60 seconds left.
|
|t:|1665242808
|switch|p2a: lunchbox friends|Chansey, F|85/100
|move|p1a: Lugia|Ice Beam|p2a: lunchbox friends
|-damage|p2a: lunchbox friends|81/100
|
|-damage|p1a: Lugia|50/100 brn|[from] brn
|upkeep
|turn|43
|inactive|cddvv has 60 seconds left.
|
|t:|1665242818
|move|p1a: Lugia|Roost|p1a: Lugia
|-heal|p1a: Lugia|100/100 brn
|-singleturn|p1a: Lugia|move: Roost
|move|p2a: lunchbox friends|Teleport|p2a: lunchbox friends
|
|t:|1665242823
|switch|p2a: class fight|Necrozma-Dusk-Mane, shiny|100/100|[from]move: Teleport
|
|-damage|p1a: Lugia|94/100 brn|[from] brn
|upkeep
|turn|44
|
|t:|1665242830
|move|p1a: Lugia|Defog|p2a: class fight
|-unboost|p2a: class fight|evasion|1
|-sideend|p1: cddvv|Stealth Rock|[from] move: Defog|[of] p1a: Lugia
|move|p2a: class fight|Knock Off|p1a: Lugia
|-supereffective|p1a: Lugia
|-damage|p1a: Lugia|65/100 brn
|
|-damage|p1a: Lugia|59/100 brn|[from] brn
|upkeep
|turn|45
|inactive|cddvv has 60 seconds left.
|
|t:|1665242847
|move|p1a: Lugia|Roost|p1a: Lugia
|-heal|p1a: Lugia|100/100 brn
|-singleturn|p1a: Lugia|move: Roost
|move|p2a: class fight|Stealth Rock|p1a: Lugia
|-sidestart|p1: cddvv|move: Stealth Rock
|
|-damage|p1a: Lugia|94/100 brn|[from] brn
|upkeep
|turn|46
|inactive|cddvv has 60 seconds left.
|
|t:|1665242858
|move|p1a: Lugia|Toxic|p2a: class fight
|-immune|p2a: class fight
|move|p2a: class fight|Knock Off|p1a: Lugia
|-supereffective|p1a: Lugia
|-damage|p1a: Lugia|68/100 brn
|
|-damage|p1a: Lugia|62/100 brn|[from] brn
|upkeep
|turn|47
|
|t:|1665242866
|move|p1a: Lugia|Roost|p1a: Lugia
|-heal|p1a: Lugia|100/100 brn
|-singleturn|p1a: Lugia|move: Roost
|move|p2a: class fight|Knock Off|p1a: Lugia
|-supereffective|p1a: Lugia
|-damage|p1a: Lugia|87/100 brn
|
|-damage|p1a: Lugia|81/100 brn|[from] brn
|upkeep
|turn|48
|
|t:|1665242880
|move|p1a: Lugia|Ice Beam|p2a: class fight
|-resisted|p2a: class fight
|-damage|p2a: class fight|92/100
|move|p2a: class fight|Knock Off|p1a: Lugia
|-supereffective|p1a: Lugia
|-damage|p1a: Lugia|52/100 brn
|
|-damage|p1a: Lugia|46/100 brn|[from] brn
|upkeep
|turn|49
|c| f1r35t0rm_96|pp stall
|
|t:|1665242889
|move|p1a: Lugia|Roost|p1a: Lugia
|-heal|p1a: Lugia|96/100 brn
|-singleturn|p1a: Lugia|move: Roost
|move|p2a: class fight|Knock Off|p1a: Lugia
|-supereffective|p1a: Lugia
|-damage|p1a: Lugia|67/100 brn
|
|-damage|p1a: Lugia|61/100 brn|[from] brn
|upkeep
|turn|50
|
|t:|1665242900
|move|p1a: Lugia|Defog|p2a: class fight
|-unboost|p2a: class fight|evasion|1
|-sideend|p1: cddvv|Stealth Rock|[from] move: Defog|[of] p1a: Lugia
|move|p2a: class fight|Knock Off|p1a: Lugia
|-supereffective|p1a: Lugia
|-damage|p1a: Lugia|35/100 brn
|
|-damage|p1a: Lugia|29/100 brn|[from] brn
|upkeep
|turn|51
|
|t:|1665242912
|move|p1a: Lugia|Roost|p1a: Lugia
|-heal|p1a: Lugia|79/100 brn
|-singleturn|p1a: Lugia|move: Roost
|move|p2a: class fight|Stealth Rock|p1a: Lugia
|-sidestart|p1: cddvv|move: Stealth Rock
|
|-damage|p1a: Lugia|73/100 brn|[from] brn
|upkeep
|turn|52
|
|t:|1665242923
|move|p1a: Lugia|Defog|p2a: class fight
|-unboost|p2a: class fight|evasion|1
|-sideend|p1: cddvv|Stealth Rock|[from] move: Defog|[of] p1a: Lugia
|move|p2a: class fight|Sunsteel Strike|p1a: Lugia
|-damage|p1a: Lugia|41/100 brn
|
|-damage|p1a: Lugia|35/100 brn|[from] brn
|upkeep
|turn|53
|
|t:|1665242936
|switch|p1a: Yveltal|Yveltal|100/100 par
|-ability|p1a: Yveltal|Dark Aura
|move|p2a: class fight|Stealth Rock|p1a: Yveltal
|-sidestart|p1: cddvv|move: Stealth Rock
|
|upkeep
|turn|54
|inactive|cddvv has 60 seconds left.
|
|t:|1665242970
|switch|p2a: orange juice|Ho-Oh, shiny|80/100
|switch|p1a: Lugia|Lugia|35/100 brn
|-damage|p1a: Lugia|10/100 brn|[from] Stealth Rock
|
|-damage|p1a: Lugia|4/100 brn|[from] brn
|upkeep
|turn|55
|
|t:|1665242984
|move|p1a: Lugia|Roost|p1a: Lugia
|-heal|p1a: Lugia|54/100 brn
|-singleturn|p1a: Lugia|move: Roost
|move|p2a: orange juice|Sacred Fire|p1a: Lugia
|-damage|p1a: Lugia|29/100 brn
|
|-damage|p1a: Lugia|23/100 brn|[from] brn
|upkeep
|turn|56
|
|t:|1665242995
|switch|p2a: class fight|Necrozma-Dusk-Mane, shiny|92/100
|move|p1a: Lugia|Roost|p1a: Lugia
|-heal|p1a: Lugia|73/100 brn
|-singleturn|p1a: Lugia|move: Roost
|
|-damage|p1a: Lugia|67/100 brn|[from] brn
|upkeep
|turn|57
|
|t:|1665243006
|move|p1a: Lugia|Defog|p2a: class fight
|-unboost|p2a: class fight|evasion|1
|-sideend|p1: cddvv|Stealth Rock|[from] move: Defog|[of] p1a: Lugia
|move|p2a: class fight|Knock Off|p1a: Lugia
|-supereffective|p1a: Lugia
|-damage|p1a: Lugia|37/100 brn
|
|-damage|p1a: Lugia|31/100 brn|[from] brn
|upkeep
|turn|58
|
|t:|1665243015
|move|p1a: Lugia|Roost|p1a: Lugia
|-heal|p1a: Lugia|81/100 brn
|-singleturn|p1a: Lugia|move: Roost
|move|p2a: class fight|Stealth Rock|p1a: Lugia
|-sidestart|p1: cddvv|move: Stealth Rock
|
|-damage|p1a: Lugia|74/100 brn|[from] brn
|upkeep
|turn|59
|inactive|cddvv has 60 seconds left.
|
|t:|1665243025
|move|p1a: Lugia|Defog|p2a: class fight
|-unboost|p2a: class fight|evasion|1
|-sideend|p1: cddvv|Stealth Rock|[from] move: Defog|[of] p1a: Lugia
|move|p2a: class fight|Knock Off|p1a: Lugia
|-supereffective|p1a: Lugia
|-damage|p1a: Lugia|45/100 brn
|
|-damage|p1a: Lugia|39/100 brn|[from] brn
|upkeep
|turn|60
|inactive|cddvv has 60 seconds left.
|
|t:|1665243040
|switch|p1a: Yveltal|Yveltal|100/100 par
|-ability|p1a: Yveltal|Dark Aura
|move|p2a: class fight|Stealth Rock|p1a: Yveltal
|-sidestart|p1: cddvv|move: Stealth Rock
|
|upkeep
|turn|61
|inactive|cddvv has 60 seconds left.
|
|t:|1665243061
|switch|p2a: orange juice|Ho-Oh, shiny|100/100
|switch|p1a: Rayquaza|Rayquaza-Mega|76/100
|-damage|p1a: Rayquaza|51/100|[from] Stealth Rock
|-weather|DeltaStream|[from] ability: Delta Stream|[of] p1a: Rayquaza
|
|-weather|DeltaStream|[upkeep]
|upkeep
|turn|62
|
|t:|1665243071
|switch|p2a: drama club|Zygarde-Complete|75/100
|move|p1a: Rayquaza|Dragon Ascent|p2a: drama club
|-damage|p2a: drama club|47/100
|-unboost|p1a: Rayquaza|def|1
|-unboost|p1a: Rayquaza|spd|1
|
|-weather|DeltaStream|[upkeep]
|upkeep
|turn|63
|inactive|cddvv has 60 seconds left.
|
|t:|1665243079
|move|p1a: Rayquaza|Dragon Ascent|p2a: drama club
|-damage|p2a: drama club|21/100
|-unboost|p1a: Rayquaza|def|1
|-unboost|p1a: Rayquaza|spd|1
|move|p2a: drama club|Thousand Arrows|p1a: Rayquaza
|-damage|p1a: Rayquaza|0 fnt
|faint|p1a: Rayquaza
|-weather|none
|
|upkeep
|inactive|cddvv has 60 seconds left.
|
|t:|1665243099
|switch|p1a: Yveltal|Yveltal|100/100 par
|-damage|p1a: Yveltal|76/100 par|[from] Stealth Rock
|-ability|p1a: Yveltal|Dark Aura
|turn|64
|
|t:|1665243105
|move|p2a: drama club|Rest|p2a: drama club
|-status|p2a: drama club|slp|[from] move: Rest
|-heal|p2a: drama club|100/100 slp|[silent]
|cant|p1a: Yveltal|par
|
|upkeep
|turn|65
|inactive|cddvv has 60 seconds left.
|
|t:|1665243112
|switch|p2a: lunchbox friends|Chansey, F|81/100
|move|p1a: Yveltal|Oblivion Wing|p2a: lunchbox friends
|-damage|p2a: lunchbox friends|69/100
|-heal|p1a: Yveltal|88/100 par|[from] drain|[of] p2a: lunchbox friends
|
|upkeep
|turn|66
|inactive|cddvv has 60 seconds left.
|-message|cddvv forfeited.
|
|win|Capri...song?!
|raw|cddvv's rating: 1650 &rarr; <strong>1633</strong><br />(-17 for losing)
|raw|Capri...song?!'s rating: 1709 &rarr; <strong>1726</strong><br />(+17 for winning)
|l|☆cddvv
|c|☆Capri...song?!|put in a pack
