|j|☆Mori Jin Kato
|j|☆VsP 2969
|t:|1663858117
|gametype|singles
|player|p1|Mori Jin Kato|red|1586
|player|p2|VsP 2969|cynthia|1621
|teamsize|p1|6
|teamsize|p2|6
|gen|8
|tier|[Gen 8] National Dex AG
|rated|
|rule|HP Percentage Mod: HP is shown in percentages
|rule|Endless Battle Clause: Forcing endless battles is banned
|clearpoke
|poke|p1|Eternatus|
|poke|p1|Zacian-*|
|poke|p1|Dragapult, M|
|poke|p1|Rayquaza|
|poke|p1|Dragonite, M|
|poke|p1|Ditto|
|poke|p2|Zacian-*|
|poke|p2|Rayquaza|
|poke|p2|Ditto|
|poke|p2|Groudon|
|poke|p2|Xerneas-*|
|poke|p2|Lugia|
|teampreview
|inactive|Battle timer is ON: inactive players will automatically lose when time's up. (requested by Mori Jin Kato)
|inactive|VsP 2969 has 120 seconds left.
|
|t:|1663858175
|start
|switch|p1a: #62MoonShadow|Dragapult, M|100/100
|switch|p2a: Groudon|Groudon|100/100
|detailschange|p2a: Groudon|Groudon-Primal
|-primal|p2a: Groudon
|-weather|DesolateLand|[from] ability: Desolate Land|[of] p2a: Groudon
|turn|1
|j| Jod11
|inactive|Mori Jin Kato has 120 seconds left.
|
|t:|1663858209
|move|p1a: #62MoonShadow|Dragon Darts|p2a: Groudon
|-damage|p2a: Groudon|82/100
|-anim|p1a: #62MoonShadow|Dragon Darts|p2a: Groudon
|-damage|p2a: Groudon|63/100
|-damage|p1a: #62MoonShadow|91/100|[from] item: Life Orb
|move|p2a: Groudon|Stealth Rock|p1a: #62MoonShadow
|-sidestart|p1: Mori Jin Kato|move: Stealth Rock
|
|-weather|DesolateLand|[upkeep]
|upkeep
|turn|2
|inactive|Mori Jin Kato has 120 seconds left.
|
|t:|1663858222
|-weather|none
|switch|p2a: Xerneas|Xerneas|100/100
|-ability|p2a: Xerneas|Fairy Aura
|move|p1a: #62MoonShadow|Dragon Darts|p2a: Xerneas
|-immune|p2a: Xerneas
|
|upkeep
|turn|3
|inactive|Mori Jin Kato has 120 seconds left.
|
|t:|1663858235
|-start|p1a: #62MoonShadow|Dynamax|
|-heal|p1a: #62MoonShadow|91/100|[silent]
|move|p1a: #62MoonShadow|Max Steelspike|p2a: Xerneas
|-supereffective|p2a: Xerneas
|-damage|p2a: Xerneas|3/100
|-boost|p1a: #62MoonShadow|def|1
|-damage|p1a: #62MoonShadow|86/100|[from] item: Life Orb
|move|p2a: Xerneas|Geomancy||[still]
|-prepare|p2a: Xerneas|Geomancy
|-enditem|p2a: Xerneas|Power Herb
|-anim|p2a: Xerneas|Geomancy|p2a: Xerneas
|-boost|p2a: Xerneas|spa|2
|-boost|p2a: Xerneas|spd|2
|-boost|p2a: Xerneas|spe|2
|
|upkeep
|turn|4
|inactive|Mori Jin Kato has 120 seconds left.
|
|t:|1663858254
|move|p2a: Xerneas|Moonblast|p1a: #62MoonShadow
|-supereffective|p1a: #62MoonShadow
|-damage|p1a: #62MoonShadow|0 fnt
|faint|p1a: #62MoonShadow
|
|upkeep
|
|t:|1663858259
|switch|p1a: Seventh Owner|Ditto|100/100
|-damage|p1a: Seventh Owner|88/100|[from] Stealth Rock
|-transform|p1a: Seventh Owner|p2a: Xerneas|[from] ability: Imposter
|-ability|p1a: Seventh Owner|Fairy Aura
|turn|5
|inactive|Mori Jin Kato has 120 seconds left.
|
|t:|1663858267
|move|p1a: Seventh Owner|Moonblast|p2a: Xerneas
|-crit|p2a: Xerneas
|-damage|p2a: Xerneas|0 fnt
|faint|p2a: Xerneas
|
|upkeep
|
|t:|1663858282
|switch|p2a: Lugia|Lugia|100/100
|turn|6
|
|t:|1663858287
|move|p1a: Seventh Owner|Moonblast|p2a: Lugia
|-damage|p2a: Lugia|63/100
|move|p2a: Lugia|Toxic|p1a: Seventh Owner
|-status|p1a: Seventh Owner|tox
|
|-damage|p1a: Seventh Owner|82/100 tox|[from] psn
|upkeep
|turn|7
|
|t:|1663858298
|move|p1a: Seventh Owner|Moonblast|p2a: Lugia
|-damage|p2a: Lugia|0 fnt
|faint|p2a: Lugia
|
|-damage|p1a: Seventh Owner|70/100 tox|[from] psn
|upkeep
|
|t:|1663858308
|switch|p2a: Groudon|Groudon-Primal|63/100
|-weather|DesolateLand|[from] ability: Desolate Land|[of] p2a: Groudon
|turn|8
|
|t:|1663858315
|move|p1a: Seventh Owner|Moonblast|p2a: Groudon
|-resisted|p2a: Groudon
|-damage|p2a: Groudon|0 fnt
|faint|p2a: Groudon
|-weather|none
|
|-damage|p1a: Seventh Owner|52/100 tox|[from] psn
|upkeep
|
|t:|1663858324
|switch|p2a: Zacian|Zacian-Crowned|100/100
|-ability|p2a: Zacian|Intrepid Sword|boost
|-boost|p2a: Zacian|atk|1
|turn|9
|
|t:|1663858335
|switch|p1a: Yeoui|Dragonite, M|100/100
|-damage|p1a: Yeoui|76/100|[from] Stealth Rock
|move|p2a: Zacian|Swords Dance|p2a: Zacian
|-boost|p2a: Zacian|atk|2
|
|upkeep
|turn|10
|inactive|VsP 2969 has 120 seconds left.
|c|☆Mori Jin Kato|to be fair
|
|t:|1663858382
|switch|p2a: Rayquaza|Rayquaza|100/100
|-ability|p2a: Rayquaza|Air Lock
|move|p1a: Yeoui|Earthquake|p2a: Rayquaza
|-immune|p2a: Rayquaza
|
|upkeep
|turn|11
|c|☆Mori Jin Kato|you sped this up by swaping xerneas off bat
|c|☆Mori Jin Kato|nice swap again
|
|t:|1663858398
|detailschange|p2a: Rayquaza|Rayquaza-Mega
|-mega|p2a: Rayquaza|Rayquaza|
|-weather|DeltaStream|[from] ability: Delta Stream|[of] p2a: Rayquaza
|move|p2a: Rayquaza|Draco Meteor|p1a: Yeoui
|-supereffective|p1a: Yeoui
|-damage|p1a: Yeoui|0 fnt
|-unboost|p2a: Rayquaza|spa|2
|faint|p1a: Yeoui
|-damage|p2a: Rayquaza|91/100|[from] item: Life Orb
|
|-weather|DeltaStream|[upkeep]
|upkeep
|inactive|Mori Jin Kato has 120 seconds left.
|
|t:|1663858435
|switch|p1a: Ancient DragonKing|Rayquaza|100/100
|-damage|p1a: Ancient DragonKing|76/100|[from] Stealth Rock
|-ability|p1a: Ancient DragonKing|Air Lock
|turn|12
|inactive|Mori Jin Kato has 120 seconds left.
|
|t:|1663858446
|detailschange|p1a: Ancient DragonKing|Rayquaza-Mega
|-mega|p1a: Ancient DragonKing|Rayquaza|
|move|p2a: Rayquaza|Extreme Speed|p1a: Ancient DragonKing
|-damage|p1a: Ancient DragonKing|40/100
|-enditem|p1a: Ancient DragonKing|Sitrus Berry|[eat]
|-heal|p1a: Ancient DragonKing|65/100|[from] item: Sitrus Berry
|-damage|p2a: Rayquaza|81/100|[from] item: Life Orb
|move|p1a: Ancient DragonKing|Extreme Speed|p2a: Rayquaza
|-damage|p2a: Rayquaza|45/100
|
|-weather|DeltaStream|[upkeep]
|upkeep
|turn|13
|inactive|Mori Jin Kato has 120 seconds left.
|
|t:|1663858464
|move|p1a: Ancient DragonKing|Extreme Speed|p2a: Rayquaza
|-damage|p2a: Rayquaza|5/100
|move|p2a: Rayquaza|Dragon Ascent|p1a: Ancient DragonKing
|-damage|p1a: Ancient DragonKing|0 fnt
|-unboost|p2a: Rayquaza|def|1
|-unboost|p2a: Rayquaza|spd|1
|faint|p1a: Ancient DragonKing
|-damage|p2a: Rayquaza|0 fnt|[from] item: Life Orb
|faint|p2a: Rayquaza
|-weather|none
|
|upkeep
|inactive|Mori Jin Kato has 120 seconds left.
|c| Jod11|?
|
|t:|1663858487
|switch|p2a: Ditto|Ditto|100/100
|switch|p1a: Ryuong|Eternatus|100/100
|-damage|p1a: Ryuong|88/100|[from] Stealth Rock
|-ability|p1a: Ryuong|Pressure
|-transform|p2a: Ditto|p1a: Ryuong|[from] ability: Imposter
|-ability|p2a: Ditto|Pressure
|turn|14
|l| Jod11
|c|☆Mori Jin Kato|im saying this was a fun fight, but like i thought you were gunna use groudon more
|j| Jod11
|c|☆Mori Jin Kato|lmaoo
|
|t:|1663858512
|move|p2a: Ditto|Dynamax Cannon|p1a: Ryuong
|-supereffective|p1a: Ryuong
|-damage|p1a: Ryuong|0 fnt
|faint|p1a: Ryuong
|
|upkeep
|
|t:|1663858518
|switch|p1a: Zacian|Zacian-Crowned|100/100
|-damage|p1a: Zacian|94/100|[from] Stealth Rock
|-ability|p1a: Zacian|Intrepid Sword|boost
|-boost|p1a: Zacian|atk|1
|turn|15
|l|☆VsP 2969
|inactive|VsP 2969 disconnected and has a minute to reconnect!
|player|p2|
|c|☆Mori Jin Kato|game
|c|☆Mori Jin Kato|check mate
|c|☆Mori Jin Kato|gg
|c|☆Mori Jin Kato|good fight tho
|j|☆VsP 2969
|inactive|VsP 2969 reconnected and has 85 seconds left.
|player|p2|VsP 2969|cynthia
|c|☆Mori Jin Kato|we duked it out to the last 2 pokemon
|
|t:|1663858550
|switch|p2a: Zacian|Zacian-Crowned|100/100
|-ability|p2a: Zacian|Intrepid Sword|boost
|-boost|p2a: Zacian|atk|1
|move|p1a: Zacian|Play Rough|p2a: Zacian
|-resisted|p2a: Zacian
|-damage|p2a: Zacian|64/100
|
|upkeep
|turn|16
|
|t:|1663858564
|move|p2a: Zacian|Behemoth Blade|p1a: Zacian
|-damage|p1a: Zacian|15/100
|move|p1a: Zacian|Behemoth Blade|p2a: Zacian
|-damage|p2a: Zacian|0 fnt
|faint|p2a: Zacian
|
|upkeep
|c|☆Mori Jin Kato|nevermd
|c|☆Mori Jin Kato|u win
|c|☆Mori Jin Kato|fuck this
|
|t:|1663858573
|switch|p2a: Ditto|Ditto|100/100
|-transform|p2a: Ditto|p1a: Zacian|[from] ability: Imposter
|-ability|p2a: Ditto|Intrepid Sword|boost
|-boost|p2a: Ditto|atk|1
|turn|17
|-message|Mori Jin Kato forfeited.
|
|win|VsP 2969
|raw|Mori Jin Kato's rating: 1586 &rarr; <strong>1568</strong><br />(-18 for losing)
|raw|VsP 2969's rating: 1621 &rarr; <strong>1639</strong><br />(+18 for winning)
|l|☆Mori Jin Kato
||Ladder isn't responding, score probably updated but might not have (Request timeout).
|l| Jod11
