|j|☆FloomFlooms
|j|☆Hhhhhhhhhhhhx
|t:|1664204431
|gametype|singles
|player|p1|FloomFlooms|flannery|1468
|player|p2|Hhhhhhhhhhhhx|nate|1489
|teamsize|p1|6
|teamsize|p2|6
|gen|8
|tier|[Gen 8] National Dex AG
|rated|
|rule|HP Percentage Mod: HP is shown in percentages
|rule|Endless Battle Clause: Forcing endless battles is banned
|clearpoke
|poke|p1|Buzzwole|
|poke|p1|Cinccino, F|
|poke|p1|Magearna|
|poke|p1|Smeargle, M|
|poke|p1|Grimmsnarl, M|
|poke|p1|Cinderace, F|
|poke|p2|Necrozma-Dusk-Mane|
|poke|p2|Yveltal|
|poke|p2|Lugia|
|poke|p2|Tapu Fini|
|poke|p2|Kyogre|
|poke|p2|Urshifu-*, M|
|teampreview
|
|t:|1664204442
|start
|switch|p1a: Puffball|Cinccino, F|100/100
|switch|p2a: Tapu Fini|Tapu Fini|100/100
|-fieldstart|move: Misty Terrain|[from] ability: Misty Surge|[of] p2a: Tapu Fini
|turn|1
|
|t:|1664204446
|move|p1a: Puffball|Bullet Seed|p2a: Tapu Fini
|-supereffective|p2a: Tapu Fini
|-damage|p2a: Tapu Fini|89/100
|-supereffective|p2a: Tapu Fini
|-damage|p2a: Tapu Fini|76/100
|-supereffective|p2a: Tapu Fini
|-damage|p2a: Tapu Fini|63/100
|-supereffective|p2a: Tapu Fini
|-damage|p2a: Tapu Fini|51/100
|-supereffective|p2a: Tapu Fini
|-damage|p2a: Tapu Fini|39/100
|-hitcount|p2a: Tapu Fini|5
|cant|p2a: Tapu Fini|flinch
|
|upkeep
|turn|2
|
|t:|1664204463
|switch|p2a: Yveltal|Yveltal, shiny|100/100
|-ability|p2a: Yveltal|Dark Aura
|move|p1a: Puffball|Bullet Seed|p2a: Yveltal
|-resisted|p2a: Yveltal
|-damage|p2a: Yveltal|97/100
|-resisted|p2a: Yveltal
|-damage|p2a: Yveltal|94/100
|-resisted|p2a: Yveltal
|-damage|p2a: Yveltal|91/100
|-resisted|p2a: Yveltal
|-damage|p2a: Yveltal|88/100
|-resisted|p2a: Yveltal
|-damage|p2a: Yveltal|84/100
|-hitcount|p2a: Yveltal|5
|
|upkeep
|turn|3
|
|t:|1664204467
|move|p1a: Puffball|Rock Blast|p2a: Yveltal
|-supereffective|p2a: Yveltal
|-damage|p2a: Yveltal|71/100
|-supereffective|p2a: Yveltal
|-damage|p2a: Yveltal|57/100
|-supereffective|p2a: Yveltal
|-damage|p2a: Yveltal|45/100
|-supereffective|p2a: Yveltal
|-damage|p2a: Yveltal|31/100
|-supereffective|p2a: Yveltal
|-damage|p2a: Yveltal|19/100
|-hitcount|p2a: Yveltal|5
|move|p2a: Yveltal|Knock Off|p1a: Puffball
|-damage|p1a: Puffball|0 fnt
|-enditem|p1a: Puffball|King's Rock|[from] move: Knock Off|[of] p2a: Yveltal
|faint|p1a: Puffball
|
|upkeep
|
|t:|1664204473
|switch|p1a: Snarl|Grimmsnarl, M|100/100
|turn|4
|
|t:|1664204480
|switch|p2a: Tapu Fini|Tapu Fini|39/100
|move|p1a: Snarl|Spirit Break|p2a: Tapu Fini
|-damage|p2a: Tapu Fini|12/100
|-unboost|p2a: Tapu Fini|spa|1
|
|upkeep
|turn|5
|
|t:|1664204484
|move|p2a: Tapu Fini|Draining Kiss|p1a: Snarl
|-supereffective|p1a: Snarl
|-damage|p1a: Snarl|84/100
|-heal|p2a: Tapu Fini|27/100|[from] drain|[of] p1a: Snarl
|move|p1a: Snarl|Spirit Break|p2a: Tapu Fini
|-damage|p2a: Tapu Fini|2/100
|-unboost|p2a: Tapu Fini|spa|1
|
|-fieldend|Misty Terrain
|upkeep
|turn|6
|
|t:|1664204490
|move|p2a: Tapu Fini|Trick|p1a: Snarl
|-activate|p2a: Tapu Fini|move: Trick|[of] p1a: Snarl
|-item|p1a: Snarl|Lagging Tail|[from] move: Trick
|-item|p2a: Tapu Fini|Lagging Tail|[from] move: Trick
|move|p1a: Snarl|Spirit Break|p2a: Tapu Fini
|-damage|p2a: Tapu Fini|0 fnt
|faint|p2a: Tapu Fini
|
|upkeep
|c|☆FloomFlooms|Uh
|c|☆FloomFlooms|Hm
|
|t:|1664204513
|switch|p2a: Necrozma|Necrozma-Dusk-Mane, shiny|100/100
|turn|7
|
|t:|1664204516
|-start|p2a: Necrozma|Dynamax|
|-heal|p2a: Necrozma|100/100|[silent]
|move|p1a: Snarl|Thunder Wave|p2a: Necrozma
|-status|p2a: Necrozma|par
|move|p2a: Necrozma|Max Steelspike|p1a: Snarl
|-supereffective|p1a: Snarl
|-damage|p1a: Snarl|3/100
|-boost|p2a: Necrozma|def|1
|
|upkeep
|turn|8
|
|t:|1664204523
|move|p1a: Snarl|Trick|p2a: Necrozma
|-activate|p1a: Snarl|move: Trick|[of] p2a: Necrozma
|-item|p2a: Necrozma|Lagging Tail|[from] move: Trick
|-item|p1a: Snarl|Leftovers|[from] move: Trick
|move|p2a: Necrozma|Max Steelspike|p1a: Snarl
|-supereffective|p1a: Snarl
|-damage|p1a: Snarl|0 fnt
|-boost|p2a: Necrozma|def|1
|faint|p1a: Snarl
|
|upkeep
|
|t:|1664204528
|switch|p1a: Bunbun|Cinderace, F, shiny|100/100
|turn|9
|
|t:|1664204534
|move|p1a: Bunbun|Sucker Punch|p2a: Necrozma
|-start|p1a: Bunbun|typechange|Dark|[from] ability: Libero
|-supereffective|p2a: Necrozma
|-damage|p2a: Necrozma|92/100 par
|move|p2a: Necrozma|Max Steelspike|p1a: Bunbun
|-damage|p1a: Bunbun|13/100
|-boost|p2a: Necrozma|def|1
|
|upkeep
|-end|p2a: Necrozma|Dynamax
|-heal|p2a: Necrozma|92/100 par|[silent]
|turn|10
|
|t:|1664204540
|move|p1a: Bunbun|Pyro Ball|p2a: Necrozma
|-start|p1a: Bunbun|typechange|Fire|[from] ability: Libero
|-supereffective|p2a: Necrozma
|-damage|p2a: Necrozma|71/100 par
|move|p2a: Necrozma|Calm Mind|p2a: Necrozma
|-boost|p2a: Necrozma|spa|1
|-boost|p2a: Necrozma|spd|1
|
|upkeep
|turn|11
|
|t:|1664204548
|move|p1a: Bunbun|Sucker Punch||[still]
|-fail|p1a: Bunbun
|cant|p2a: Necrozma|par
|
|upkeep
|turn|12
|
|t:|1664204551
|move|p1a: Bunbun|Sucker Punch||[still]
|-fail|p1a: Bunbun
|move|p2a: Necrozma|Calm Mind|p2a: Necrozma
|-boost|p2a: Necrozma|spa|1
|-boost|p2a: Necrozma|spd|1
|
|upkeep
|turn|13
|
|t:|1664204556
|move|p1a: Bunbun|Pyro Ball|p2a: Necrozma|[miss]
|-miss|p1a: Bunbun|p2a: Necrozma
|move|p2a: Necrozma|Calm Mind|p2a: Necrozma
|-boost|p2a: Necrozma|spa|1
|-boost|p2a: Necrozma|spd|1
|
|upkeep
|turn|14
|
|t:|1664204563
|move|p1a: Bunbun|Pyro Ball|p2a: Necrozma|[miss]
|-miss|p1a: Bunbun|p2a: Necrozma
|move|p2a: Necrozma|Morning Sun|p2a: Necrozma
|-heal|p2a: Necrozma|100/100 par
|
|upkeep
|turn|15
|
|t:|1664204568
|move|p1a: Bunbun|Pyro Ball|p2a: Necrozma
|-supereffective|p2a: Necrozma
|-damage|p2a: Necrozma|79/100 par
|move|p2a: Necrozma|Calm Mind|p2a: Necrozma
|-boost|p2a: Necrozma|spa|1
|-boost|p2a: Necrozma|spd|1
|
|upkeep
|turn|16
|c|☆FloomFlooms|It's not even hitting
|
|t:|1664204574
|move|p1a: Bunbun|Pyro Ball|p2a: Necrozma
|-supereffective|p2a: Necrozma
|-damage|p2a: Necrozma|58/100 par
|move|p2a: Necrozma|Calm Mind|p2a: Necrozma
|-boost|p2a: Necrozma|spa|1
|-boost|p2a: Necrozma|spd|1
|
|upkeep
|turn|17
|
|t:|1664204578
|move|p1a: Bunbun|Pyro Ball|p2a: Necrozma
|-supereffective|p2a: Necrozma
|-damage|p2a: Necrozma|35/100 par
|move|p2a: Necrozma|Morning Sun|p2a: Necrozma
|-heal|p2a: Necrozma|85/100 par
|
|upkeep
|turn|18
|
|t:|1664204586
|move|p1a: Bunbun|Pyro Ball|p2a: Necrozma
|-supereffective|p2a: Necrozma
|-damage|p2a: Necrozma|65/100 par
|move|p2a: Necrozma|Calm Mind|p2a: Necrozma
|-boost|p2a: Necrozma|spa|1
|-boost|p2a: Necrozma|spd|1
|
|upkeep
|turn|19
|
|t:|1664204590
|move|p1a: Bunbun|Pyro Ball|p2a: Necrozma
|-supereffective|p2a: Necrozma
|-damage|p2a: Necrozma|43/100 par
|move|p2a: Necrozma|Morning Sun|p2a: Necrozma
|-heal|p2a: Necrozma|93/100 par
|
|upkeep
|turn|20
|
|t:|1664204594
|move|p1a: Bunbun|Sucker Punch|p2a: Necrozma
|-start|p1a: Bunbun|typechange|Dark|[from] ability: Libero
|-supereffective|p2a: Necrozma
|-damage|p2a: Necrozma|81/100 par
|move|p2a: Necrozma|Flash Cannon|p1a: Bunbun
|-damage|p1a: Bunbun|0 fnt
|faint|p1a: Bunbun
|
|upkeep
|
|t:|1664204596
|switch|p1a: Painty|Smeargle, M|100/100
|turn|21
|
|t:|1664204603
|move|p1a: Painty|Spectral Thief||[still]
|-clearpositiveboost|p2a: Necrozma|p1a: Painty|move: Spectral Thief
|-boost|p1a: Painty|def|3
|-boost|p1a: Painty|spa|6
|-boost|p1a: Painty|spd|6
|-anim|p1a: Painty|Spectral Thief|p2a: Necrozma
|-supereffective|p2a: Necrozma
|-damage|p2a: Necrozma|75/100 par
|move|p2a: Necrozma|Stored Power|p1a: Painty
|-damage|p1a: Painty|95/100
|
|-ability|p1a: Painty|Moody|boost
|-boost|p1a: Painty|def|2
|-unboost|p1a: Painty|atk|1
|upkeep
|turn|22
|c|☆FloomFlooms|Huhu
|
|t:|1664204628
|switch|p2a: Kyogre|Kyogre|100/100
|-weather|RainDance|[from] ability: Drizzle|[of] p2a: Kyogre
|move|p1a: Painty|Ingrain|p1a: Painty
|-start|p1a: Painty|move: Ingrain
|
|-weather|RainDance|[upkeep]
|-heal|p1a: Painty|100/100|[from] Ingrain
|-ability|p1a: Painty|Moody|boost
|-boost|p1a: Painty|atk|2
|-unboost|p1a: Painty|spa|1
|upkeep
|turn|23
|
|t:|1664204633
|move|p1a: Painty|Baton Pass|p1a: Painty
|
|t:|1664204636
|switch|p1a: Mawa|Magearna|100/100|[from]move: Baton Pass
|move|p2a: Kyogre|Toxic|p1a: Mawa
|-immune|p1a: Mawa
|
|-weather|RainDance|[upkeep]
|upkeep
|turn|24
|
|t:|1664204640
|move|p2a: Kyogre|Scald|p1a: Mawa
|-damage|p1a: Mawa|91/100
|move|p1a: Mawa|Shift Gear|p1a: Mawa
|-boost|p1a: Mawa|spe|2
|-boost|p1a: Mawa|atk|1
|
|-weather|RainDance|[upkeep]
|-heal|p1a: Mawa|97/100|[from] Ingrain
|upkeep
|turn|25
|
|t:|1664204644
|move|p1a: Mawa|Substitute|p1a: Mawa
|-start|p1a: Mawa|Substitute
|-damage|p1a: Mawa|72/100
|move|p2a: Kyogre|Scald|p1a: Mawa
|-activate|p1a: Mawa|move: Substitute|[damage]
|
|-weather|RainDance|[upkeep]
|-heal|p1a: Mawa|78/100|[from] Ingrain
|upkeep
|turn|26
|
|t:|1664204646
|move|p1a: Mawa|Shift Gear|p1a: Mawa
|-boost|p1a: Mawa|spe|2
|-boost|p1a: Mawa|atk|1
|move|p2a: Kyogre|Scald|p1a: Mawa
|-activate|p1a: Mawa|move: Substitute|[damage]
|
|-weather|none
|-heal|p1a: Mawa|85/100|[from] Ingrain
|upkeep
|turn|27
|
|t:|1664204649
|move|p1a: Mawa|Shift Gear|p1a: Mawa
|-boost|p1a: Mawa|spe|2
|-boost|p1a: Mawa|atk|1
|move|p2a: Kyogre|Scald|p1a: Mawa
|-end|p1a: Mawa|Substitute
|
|-heal|p1a: Mawa|91/100|[from] Ingrain
|upkeep
|turn|28
|
|t:|1664204656
|move|p1a: Mawa|Substitute|p1a: Mawa
|-start|p1a: Mawa|Substitute
|-damage|p1a: Mawa|66/100
|move|p2a: Kyogre|Roar|p1a: Mawa
|-activate|p1a: Mawa|move: Ingrain
|
|-heal|p1a: Mawa|72/100|[from] Ingrain
|upkeep
|turn|29
|
|t:|1664204675
|move|p1a: Mawa|Baton Pass|p1a: Mawa
|
|t:|1664204676
|switch|p1a: Hulkskito|Buzzwole, shiny|100/100|[from]move: Baton Pass
|move|p2a: Kyogre|Scald|p1a: Hulkskito
|-activate|p1a: Hulkskito|move: Substitute|[damage]
|
|upkeep
|turn|30
|
|t:|1664204688
|move|p1a: Hulkskito|Drain Punch|p2a: Kyogre
|-damage|p2a: Kyogre|0 fnt
|faint|p2a: Kyogre
|-ability|p1a: Hulkskito|Beast Boost|boost
|-boost|p1a: Hulkskito|atk|1
|
|upkeep
|
|t:|1664204691
|switch|p2a: Lugia|Lugia|100/100
|turn|31
|
|t:|1664204694
|move|p1a: Hulkskito|Ice Punch|p2a: Lugia
|-supereffective|p2a: Lugia
|-damage|p2a: Lugia|55/100
|-damage|p1a: Hulkskito|84/100|[from] item: Rocky Helmet|[of] p2a: Lugia
|move|p2a: Lugia|Recover|p2a: Lugia
|-heal|p2a: Lugia|100/100
|
|-heal|p1a: Hulkskito|90/100|[from] Ingrain
|upkeep
|turn|32
|
|t:|1664204698
|move|p1a: Hulkskito|Ice Punch|p2a: Lugia
|-supereffective|p2a: Lugia
|-damage|p2a: Lugia|47/100
|-damage|p1a: Hulkskito|73/100|[from] item: Rocky Helmet|[of] p2a: Lugia
|move|p2a: Lugia|Recover|p2a: Lugia
|-heal|p2a: Lugia|97/100
|
|-heal|p1a: Hulkskito|79/100|[from] Ingrain
|upkeep
|turn|33
|
|t:|1664204701
|move|p1a: Hulkskito|Ice Punch|p2a: Lugia
|-supereffective|p2a: Lugia
|-damage|p2a: Lugia|0 fnt
|-damage|p1a: Hulkskito|63/100|[from] item: Rocky Helmet|[of] p2a: Lugia
|faint|p2a: Lugia
|-ability|p1a: Hulkskito|Beast Boost|boost
|-boost|p1a: Hulkskito|atk|1
|
|-heal|p1a: Hulkskito|69/100|[from] Ingrain
|upkeep
|-message|Hhhhhhhhhhhhx forfeited.
|
|win|FloomFlooms
|raw|FloomFlooms's rating: 1468 &rarr; <strong>1489</strong><br />(+21 for winning)
|raw|Hhhhhhhhhhhhx's rating: 1489 &rarr; <strong>1468</strong><br />(-21 for losing)
|l|☆Hhhhhhhhhhhhx
||Ladder isn't responding, score probably updated but might not have (Request timeout).
