|j|☆Chompychipper
|j|☆Log4j
|t:|1666662482
|gametype|singles
|player|p1|Chompychipper|maxie-gen6|1781
|player|p2|Log4j|265|1968
|teamsize|p1|6
|teamsize|p2|6
|gen|8
|tier|[Gen 8] National Dex AG
|rated|
|rule|HP Percentage Mod: HP is shown in percentages
|rule|Endless Battle Clause: Forcing endless battles is banned
|clearpoke
|poke|p1|Groudon|
|poke|p1|Groudon|
|poke|p1|Groudon|
|poke|p1|Groudon|
|poke|p1|Groudon|
|poke|p1|Groudon|
|poke|p2|Calyrex-Shadow|
|poke|p2|Groudon|
|poke|p2|Yveltal|
|poke|p2|Ho-Oh|
|poke|p2|Rayquaza|
|poke|p2|Arceus-*|
|teampreview
|
|t:|1666662496
|start
|switch|p1a: Groudon|Groudon|100/100
|switch|p2a: Yveltal|Yveltal|100/100
|-ability|p2a: Yveltal|Dark Aura
|detailschange|p1a: Groudon|Groudon-Primal
|-primal|p1a: Groudon
|-weather|DesolateLand|[from] ability: Desolate Land|[of] p1a: Groudon
|turn|1
|
|t:|1666662499
|-start|p2a: Yveltal|Dynamax|
|-heal|p2a: Yveltal|100/100|[silent]
|move|p1a: Groudon|Eruption|p2a: Yveltal
|-damage|p2a: Yveltal|38/100
|move|p2a: Yveltal|Max Darkness|p1a: Groudon
|-crit|p1a: Groudon
|-damage|p1a: Groudon|0 fnt
|faint|p1a: Groudon
|-weather|none
|-damage|p2a: Yveltal|33/100|[from] item: Life Orb
|
|upkeep
|inactive|Battle timer is ON: inactive players will automatically lose when time's up. (requested by Log4j)
|
|t:|1666662516
|switch|p1a: Groudon|Groudon|100/100
|-weather|SunnyDay|[from] ability: Drought|[of] p1a: Groudon
|turn|2
|
|t:|1666662519
|move|p1a: Groudon|Stone Edge|p2a: Yveltal
|-supereffective|p2a: Yveltal
|-crit|p2a: Yveltal
|-damage|p2a: Yveltal|0 fnt
|faint|p2a: Yveltal
|
|-weather|SunnyDay|[upkeep]
|upkeep
|
|t:|1666662525
|switch|p2a: Arceus|Arceus-Fairy|100/100
|turn|3
|
|t:|1666662532
|switch|p1a: Groudon|Groudon|100/100
|detailschange|p1a: Groudon|Groudon-Primal
|-primal|p1a: Groudon
|-weather|DesolateLand|[from] ability: Desolate Land|[of] p1a: Groudon
|move|p2a: Arceus|Toxic|p1a: Groudon
|-status|p1a: Groudon|tox
|
|-weather|DesolateLand|[upkeep]
|-damage|p1a: Groudon|94/100 tox|[from] psn
|upkeep
|turn|4
|
|t:|1666662543
|move|p2a: Arceus|Judgment|p1a: Groudon
|-resisted|p1a: Groudon
|-damage|p1a: Groudon|79/100 tox
|move|p1a: Groudon|Precipice Blades|p2a: Arceus
|-damage|p2a: Arceus|52/100
|
|-weather|DesolateLand|[upkeep]
|-damage|p1a: Groudon|67/100 tox|[from] psn
|upkeep
|turn|5
|
|t:|1666662550
|move|p2a: Arceus|Judgment|p1a: Groudon
|-resisted|p1a: Groudon
|-damage|p1a: Groudon|52/100 tox
|move|p1a: Groudon|Swords Dance|p1a: Groudon
|-boost|p1a: Groudon|atk|2
|
|-weather|DesolateLand|[upkeep]
|-damage|p1a: Groudon|34/100 tox|[from] psn
|upkeep
|turn|6
|
|t:|1666662561
|switch|p2a: Ho-Oh|Ho-Oh|100/100
|move|p1a: Groudon|Precipice Blades|p2a: Ho-Oh
|-immune|p2a: Ho-Oh
|
|-weather|DesolateLand|[upkeep]
|-damage|p1a: Groudon|9/100 tox|[from] psn
|upkeep
|turn|7
|
|t:|1666662589
|switch|p2a: Groudon|Groudon|100/100
|detailschange|p2a: Groudon|Groudon-Primal
|-primal|p2a: Groudon
|move|p1a: Groudon|Stone Edge|p2a: Groudon
|-damage|p2a: Groudon|70/100
|
|-weather|DesolateLand|[upkeep]
|-damage|p1a: Groudon|0 fnt|[from] psn
|faint|p1a: Groudon
|upkeep
|
|t:|1666662597
|switch|p1a: Groudon|Groudon|100/100
|-ability|p1a: Groudon|Drought|[from] desolateland|[fail]
|turn|8
|
|t:|1666662609
|move|p1a: Groudon|Earthquake|p2a: Groudon
|-supereffective|p2a: Groudon
|-damage|p2a: Groudon|13/100
|move|p2a: Groudon|Overheat|p1a: Groudon
|-damage|p1a: Groudon|11/100
|-unboost|p2a: Groudon|spa|2
|
|-weather|DesolateLand|[upkeep]
|upkeep
|turn|9
|
|t:|1666662616
|move|p1a: Groudon|Earthquake|p2a: Groudon
|-supereffective|p2a: Groudon
|-damage|p2a: Groudon|0 fnt
|faint|p2a: Groudon
|-weather|none
|
|upkeep
|
|t:|1666662618
|switch|p2a: Calyrex|Calyrex-Shadow|100/100
|-ability|p2a: Calyrex|As One
|-ability|p2a: Calyrex|Unnerve
|turn|10
|
|t:|1666662628
|move|p2a: Calyrex|Astral Barrage|p1a: Groudon
|-damage|p1a: Groudon|0 fnt
|faint|p1a: Groudon
|-ability|p2a: Calyrex|Grim Neigh|boost
|-boost|p2a: Calyrex|spa|1
|
|upkeep
|
|t:|1666662643
|switch|p1a: Groudon|Groudon|100/100
|-weather|SunnyDay|[from] ability: Drought|[of] p1a: Groudon
|turn|11
|
|t:|1666662658
|-start|p1a: Groudon|Dynamax|
|-heal|p1a: Groudon|100/100|[silent]
|move|p2a: Calyrex|Astral Barrage|p1a: Groudon
|-damage|p1a: Groudon|44/100
|move|p1a: Groudon|Max Quake|p2a: Calyrex
|-crit|p2a: Calyrex
|-enditem|p2a: Calyrex|Focus Sash
|-damage|p2a: Calyrex|1/100
|-boost|p1a: Groudon|spd|1
|
|-weather|SunnyDay|[upkeep]
|upkeep
|turn|12
|
|t:|1666662669
|switch|p2a: Ho-Oh|Ho-Oh|100/100
|move|p1a: Groudon|Max Airstream|p2a: Ho-Oh
|-damage|p2a: Ho-Oh|72/100
|-boost|p1a: Groudon|spe|1
|
|-weather|SunnyDay|[upkeep]
|upkeep
|turn|13
|
|t:|1666662680
|switch|p2a: Arceus|Arceus-Fairy|52/100
|move|p1a: Groudon|Max Rockfall|p2a: Arceus
|-damage|p2a: Arceus|19/100
|-weather|Sandstorm
|
|-weather|Sandstorm|[upkeep]
|-damage|p2a: Arceus|13/100|[from] Sandstorm
|upkeep
|-end|p1a: Groudon|Dynamax
|-heal|p1a: Groudon|44/100|[silent]
|turn|14
|
|t:|1666662702
|move|p1a: Groudon|Precipice Blades|p2a: Arceus
|-damage|p2a: Arceus|0 fnt
|faint|p2a: Arceus
|
|-weather|Sandstorm|[upkeep]
|upkeep
|
|t:|1666662705
|switch|p2a: Rayquaza|Rayquaza|100/100
|-ability|p2a: Rayquaza|Air Lock
|turn|15
|
|t:|1666662717
|detailschange|p2a: Rayquaza|Rayquaza-Mega
|-mega|p2a: Rayquaza|Rayquaza|
|-weather|DeltaStream|[from] ability: Delta Stream|[of] p2a: Rayquaza
|move|p1a: Groudon|Stone Edge|p2a: Rayquaza
|-activate||deltastream
|-damage|p2a: Rayquaza|62/100
|move|p2a: Rayquaza|Dragon Dance|p2a: Rayquaza
|-boost|p2a: Rayquaza|atk|1
|-boost|p2a: Rayquaza|spe|1
|
|-weather|DeltaStream|[upkeep]
|upkeep
|turn|16
|
|t:|1666662728
|move|p2a: Rayquaza|Dragon Ascent|p1a: Groudon
|-damage|p1a: Groudon|0 fnt
|-unboost|p2a: Rayquaza|def|1
|-unboost|p2a: Rayquaza|spd|1
|faint|p1a: Groudon
|
|-weather|DeltaStream|[upkeep]
|upkeep
|
|t:|1666662733
|switch|p1a: Groudon|Groudon|100/100
|detailschange|p1a: Groudon|Groudon-Primal
|-primal|p1a: Groudon
|-weather|DesolateLand|[from] ability: Desolate Land|[of] p1a: Groudon
|turn|17
|
|t:|1666662739
|move|p2a: Rayquaza|Dragon Ascent|p1a: Groudon
|-damage|p1a: Groudon|42/100
|-unboost|p2a: Rayquaza|def|1
|-unboost|p2a: Rayquaza|spd|1
|move|p1a: Groudon|Dragon Claw|p2a: Rayquaza
|-supereffective|p2a: Rayquaza
|-damage|p2a: Rayquaza|0 fnt
|faint|p2a: Rayquaza
|
|-weather|DesolateLand|[upkeep]
|upkeep
|
|t:|1666662742
|switch|p2a: Calyrex|Calyrex-Shadow|1/100
|-ability|p2a: Calyrex|As One
|-ability|p2a: Calyrex|Unnerve
|turn|18
|
|t:|1666662769
|move|p2a: Calyrex|Astral Barrage|p1a: Groudon
|-damage|p1a: Groudon|0 fnt
|faint|p1a: Groudon
|-weather|none
|-ability|p2a: Calyrex|Grim Neigh|boost
|-boost|p2a: Calyrex|spa|1
|
|upkeep
|
|t:|1666662771
|switch|p1a: Groudon|Groudon|100/100
|-weather|SunnyDay|[from] ability: Drought|[of] p1a: Groudon
|turn|19
|
|t:|1666662782
|move|p1a: Groudon|Stone Edge|p2a: Calyrex
|-damage|p2a: Calyrex|0 fnt
|faint|p2a: Calyrex
|
|-weather|SunnyDay|[upkeep]
|upkeep
|
|t:|1666662785
|switch|p2a: Ho-Oh|Ho-Oh|100/100
|turn|20
|
|t:|1666662787
|move|p1a: Groudon|Stone Edge|p2a: Ho-Oh
|-supereffective|p2a: Ho-Oh
|-damage|p2a: Ho-Oh|0 fnt
|faint|p2a: Ho-Oh
|
|win|Chompychipper
|raw|Chompychipper's rating: 1781 &rarr; <strong>1811</strong><br />(+30 for winning)
|raw|Log4j's rating: 1968 &rarr; <strong>1938</strong><br />(-30 for losing)
|c|☆Chompychipper|gg
|l|☆Log4j
||Ladder isn't responding, score probably updated but might not have (Request timeout).
