|j|☆Competitive.01
|j|‽Mori Jin Kato
|t:|1660579195
|gametype|singles
|player|p1|Competitive.01|red|1479
|player|p2|Mori Jin Kato|red|1553
|teamsize|p1|6
|teamsize|p2|6
|gen|8
|tier|[Gen 8] National Dex AG
|rated|
|rule|HP Percentage Mod: HP is shown in percentages
|rule|Endless Battle Clause: Forcing endless battles is banned
|clearpoke
|poke|p1|Scizor, M|
|poke|p1|Chandelure, M|
|poke|p1|Kartana|
|poke|p1|Araquanid, M|
|poke|p1|Gliscor, M|
|poke|p1|Regieleki|
|poke|p2|Zacian-*|
|poke|p2|Calyrex-Shadow|
|poke|p2|Dragonite, M|
|poke|p2|Regieleki|
|poke|p2|Ditto|
|poke|p2|Mewtwo|
|teampreview
|inactive|Battle timer is ON: inactive players will automatically lose when time's up. (requested by Mori Jin Kato)
|
|t:|1660579210
|start
|switch|p1a: Chandelure|Chandelure, M|100/100
|switch|p2a: Dragonite|Dragonite, M|100/100
|turn|1
|inactive|Mori Jin Kato has 120 seconds left.
|
|t:|1660579257
|move|p1a: Chandelure|Will-O-Wisp|p2a: Dragonite
|-status|p2a: Dragonite|brn
|move|p2a: Dragonite|Dragon Dance|p2a: Dragonite
|-boost|p2a: Dragonite|atk|1
|-boost|p2a: Dragonite|spe|1
|
|-damage|p2a: Dragonite|94/100 brn|[from] brn
|upkeep
|turn|2
|
|t:|1660579274
|move|p2a: Dragonite|Dragon Dance|p2a: Dragonite
|-boost|p2a: Dragonite|atk|1
|-boost|p2a: Dragonite|spe|1
|move|p1a: Chandelure|Shadow Ball|p2a: Dragonite
|-damage|p2a: Dragonite|57/100 brn
|
|-damage|p2a: Dragonite|51/100 brn|[from] brn
|upkeep
|turn|3
|
|t:|1660579283
|move|p2a: Dragonite|Earthquake|p1a: Chandelure
|-supereffective|p1a: Chandelure
|-damage|p1a: Chandelure|11/100
|move|p1a: Chandelure|Shadow Ball|p2a: Dragonite
|-damage|p2a: Dragonite|10/100 brn
|-unboost|p2a: Dragonite|spd|1
|
|-damage|p2a: Dragonite|3/100 brn|[from] brn
|upkeep
|turn|4
|inactive|Mori Jin Kato has 120 seconds left.
|
|t:|1660579303
|move|p2a: Dragonite|Earthquake|p1a: Chandelure
|-supereffective|p1a: Chandelure
|-damage|p1a: Chandelure|0 fnt
|faint|p1a: Chandelure
|
|-damage|p2a: Dragonite|0 fnt|[from] brn
|faint|p2a: Dragonite
|upkeep
|
|t:|1660579316
|switch|p1a: Gliscor|Gliscor, M|100/100
|switch|p2a: Mewtwo|Mewtwo|100/100
|-ability|p2a: Mewtwo|Unnerve
|turn|5
|
|t:|1660579329
|move|p2a: Mewtwo|Ice Beam|p1a: Gliscor
|-supereffective|p1a: Gliscor
|-damage|p1a: Gliscor|0 fnt
|faint|p1a: Gliscor
|
|upkeep
|
|t:|1660579337
|switch|p1a: Araquanid|Araquanid, M|100/100
|turn|6
|
|t:|1660579353
|-start|p2a: Mewtwo|Dynamax|
|-heal|p2a: Mewtwo|100/100|[silent]
|move|p2a: Mewtwo|Max Lightning|p1a: Araquanid
|-supereffective|p1a: Araquanid
|-damage|p1a: Araquanid|14/100
|-fieldstart|move: Electric Terrain
|move|p1a: Araquanid|Sticky Web|p2a: Mewtwo
|-sidestart|p2: Mori Jin Kato|move: Sticky Web
|
|upkeep
|turn|7
|inactive|Mori Jin Kato has 120 seconds left.
|
|t:|1660579379
|move|p2a: Mewtwo|Max Lightning|p1a: Araquanid
|-supereffective|p1a: Araquanid
|-damage|p1a: Araquanid|0 fnt
|faint|p1a: Araquanid
|
|upkeep
|
|t:|1660579383
|switch|p1a: Regieleki|Regieleki|100/100
|turn|8
|inactive|Mori Jin Kato has 120 seconds left.
|
|t:|1660579393
|-start|p1a: Regieleki|Dynamax|
|-heal|p1a: Regieleki|100/100|[silent]
|move|p1a: Regieleki|Max Guard|p1a: Regieleki
|-singleturn|p1a: Regieleki|Max Guard
|move|p2a: Mewtwo|Max Mindstorm|p1a: Regieleki
|-activate|p1a: Regieleki|move: Max Guard
|
|upkeep
|-end|p2a: Mewtwo|Dynamax
|-heal|p2a: Mewtwo|100/100|[silent]
|turn|9
|inactive|Mori Jin Kato has 120 seconds left.
|
|t:|1660579409
|move|p2a: Mewtwo|Ice Beam|p1a: Regieleki
|-damage|p1a: Regieleki|64/100
|move|p1a: Regieleki|Max Lightning|p2a: Mewtwo
|-damage|p2a: Mewtwo|0 fnt
|faint|p2a: Mewtwo
|
|upkeep
|
|t:|1660579418
|switch|p2a: Regieleki|Regieleki|100/100
|-activate|p2a: Regieleki|move: Sticky Web
|-unboost|p2a: Regieleki|spe|1
|turn|10
|
|t:|1660579425
|move|p1a: Regieleki|Max Lightning|p2a: Regieleki
|-resisted|p2a: Regieleki
|-damage|p2a: Regieleki|0 fnt
|faint|p2a: Regieleki
|
|-fieldend|move: Electric Terrain
|upkeep
|
|t:|1660579448
|switch|p2a: Ditto|Ditto|100/100
|-activate|p2a: Ditto|move: Sticky Web
|-unboost|p2a: Ditto|spe|1
|-transform|p2a: Ditto|p1a: Regieleki|[from] ability: Imposter
|-end|p1a: Regieleki|Dynamax
|-heal|p1a: Regieleki|64/100|[silent]
|turn|11
|inactive|Mori Jin Kato has 90 seconds left.
|
|t:|1660579470
|move|p2a: Ditto|Thunderbolt|p1a: Regieleki
|-resisted|p1a: Regieleki
|-damage|p1a: Regieleki|3/100
|move|p1a: Regieleki|Rapid Spin|p2a: Ditto
|-damage|p2a: Ditto|81/100
|-boost|p1a: Regieleki|spe|1
|
|upkeep
|turn|12
|
|t:|1660579479
|move|p2a: Ditto|Thunderbolt|p1a: Regieleki
|-resisted|p1a: Regieleki
|-damage|p1a: Regieleki|0 fnt
|faint|p1a: Regieleki
|
|upkeep
|
|t:|1660579486
|switch|p1a: Scizor|Scizor, M|100/100
|turn|13
|
|t:|1660579496
|switch|p2a: Zacian|Zacian-Crowned|100/100
|-activate|p2a: Zacian|move: Sticky Web
|-unboost|p2a: Zacian|spe|1
|-ability|p2a: Zacian|Intrepid Sword|boost
|-boost|p2a: Zacian|atk|1
|detailschange|p1a: Scizor|Scizor-Mega, M
|-mega|p1a: Scizor|Scizor|Scizorite
|move|p1a: Scizor|Bullet Punch|p2a: Zacian
|-damage|p2a: Zacian|65/100
|
|upkeep
|turn|14
|
|t:|1660579521
|move|p1a: Scizor|Bullet Punch|p2a: Zacian
|-damage|p2a: Zacian|31/100
|move|p2a: Zacian|Sacred Sword|p1a: Scizor
|-damage|p1a: Scizor|61/100
|
|upkeep
|turn|15
|
|t:|1660579531
|move|p1a: Scizor|Bullet Punch|p2a: Zacian
|-damage|p2a: Zacian|0 fnt
|faint|p2a: Zacian
|
|upkeep
|
|t:|1660579535
|switch|p2a: Ditto|Ditto|81/100
|-activate|p2a: Ditto|move: Sticky Web
|-unboost|p2a: Ditto|spe|1
|-transform|p2a: Ditto|p1a: Scizor|[from] ability: Imposter
|turn|16
|inactive|Mori Jin Kato has 120 seconds left.
|
|t:|1660579549
|move|p2a: Ditto|Bullet Punch|p1a: Scizor
|-resisted|p1a: Scizor
|-damage|p1a: Scizor|46/100
|move|p1a: Scizor|Roost|p1a: Scizor
|-heal|p1a: Scizor|96/100
|-singleturn|p1a: Scizor|move: Roost
|
|upkeep
|turn|17
|inactive|Mori Jin Kato has 120 seconds left.
|-message|Mori Jin Kato forfeited.
|
|win|Competitive.01
|raw|Competitive.01's rating: 1479 &rarr; <strong>1503</strong><br />(+24 for winning)
|raw|Mori Jin Kato's rating: 1553 &rarr; <strong>1529</strong><br />(-24 for losing)
|l|‽Mori Jin Kato
