|j|☆Hydra Pikachu
|j|☆chopforce8
|t:|1648053674
|gametype|singles
|player|p1|Hydra Pikachu|jogger|1729
|player|p2|chopforce8|red|1773
|teamsize|p1|6
|teamsize|p2|6
|gen|8
|tier|[Gen 8] National Dex AG
|rated|
|rule|HP Percentage Mod: HP is shown in percentages
|rule|Endless Battle Clause: Forcing endless battles is banned
|clearpoke
|poke|p1|Calyrex-Shadow|
|poke|p1|Xerneas-*|
|poke|p1|Ditto|
|poke|p1|Arceus-*|
|poke|p1|Yveltal|
|poke|p1|Gengar, M|
|poke|p2|Yveltal|
|poke|p2|Diancie|
|poke|p2|Calyrex-Shadow|
|poke|p2|Zacian-*|
|poke|p2|Ditto|
|poke|p2|Arceus-*|
|teampreview
|inactive|Battle timer is ON: inactive players will automatically lose when time's up. (requested by Hydra Pikachu)
|
|t:|1648053692
|start
|switch|p1a: Arceus|Arceus-Ground|100/100
|switch|p2a: Professorquirrel|Calyrex-Shadow|100/100
|-ability|p2a: Professorquirrel|As One
|-ability|p2a: Professorquirrel|Unnerve
|turn|1
|
|t:|1648053700
|move|p2a: Professorquirrel|Nasty Plot|p2a: Professorquirrel
|-boost|p2a: Professorquirrel|spa|2
|move|p1a: Arceus|Earthquake|p2a: Professorquirrel
|-damage|p2a: Professorquirrel|48/100
|
|upkeep
|turn|2
|
|t:|1648053706
|move|p2a: Professorquirrel|Substitute|p2a: Professorquirrel
|-start|p2a: Professorquirrel|Substitute
|-damage|p2a: Professorquirrel|24/100
|move|p1a: Arceus|Earthquake|p2a: Professorquirrel
|-end|p2a: Professorquirrel|Substitute
|
|upkeep
|turn|3
|
|t:|1648053711
|move|p2a: Professorquirrel|Astral Barrage|p1a: Arceus
|-damage|p1a: Arceus|15/100
|move|p1a: Arceus|Earthquake|p2a: Professorquirrel
|-damage|p2a: Professorquirrel|0 fnt
|faint|p2a: Professorquirrel
|
|upkeep
|
|t:|1648053722
|switch|p2a: Chess Wizard|Arceus-Flying|100/100
|turn|4
|
|t:|1648053726
|move|p2a: Chess Wizard|Judgment|p1a: Arceus
|-damage|p1a: Arceus|0 fnt
|faint|p1a: Arceus
|
|upkeep
|
|t:|1648053731
|switch|p1a: Gengar|Gengar, M|100/100
|turn|5
|
|t:|1648053747
|detailschange|p1a: Gengar|Gengar-Mega, M
|-mega|p1a: Gengar|Gengar|Gengarite
|move|p1a: Gengar|Substitute|p1a: Gengar
|-start|p1a: Gengar|Substitute
|-damage|p1a: Gengar|76/100
|move|p2a: Chess Wizard|Calm Mind|p2a: Chess Wizard
|-boost|p2a: Chess Wizard|spa|1
|-boost|p2a: Chess Wizard|spd|1
|
|upkeep
|turn|6
|
|t:|1648053757
|-start|p2a: Chess Wizard|Dynamax
|-heal|p2a: Chess Wizard|100/100|[silent]
|move|p1a: Gengar|Perish Song|p1a: Gengar
|-start|p1a: Gengar|perish3|[silent]
|-start|p2a: Chess Wizard|perish3|[silent]
|-fieldactivate|move: Perish Song
|move|p2a: Chess Wizard|Max Airstream|p1a: Gengar
|-crit|p1a: Gengar
|-end|p1a: Gengar|Substitute
|-boost|p2a: Chess Wizard|spe|1
|
|-start|p2a: Chess Wizard|perish3
|-start|p1a: Gengar|perish3
|upkeep
|turn|7
|
|t:|1648053769
|move|p1a: Gengar|Protect|p1a: Gengar
|-singleturn|p1a: Gengar|Protect
|move|p2a: Chess Wizard|Max Airstream|p1a: Gengar
|-zbroken|p1a: Gengar
|-damage|p1a: Gengar|48/100
|-boost|p2a: Chess Wizard|spe|1
|
|-start|p2a: Chess Wizard|perish2
|-start|p1a: Gengar|perish2
|upkeep
|turn|8
|
|t:|1648053779
|move|p2a: Chess Wizard|Max Airstream|p1a: Gengar
|-damage|p1a: Gengar|0 fnt
|-boost|p2a: Chess Wizard|spe|1
|faint|p1a: Gengar
|
|-start|p2a: Chess Wizard|perish1
|-end|p2a: Chess Wizard|Dynamax
|-heal|p2a: Chess Wizard|100/100|[silent]
|upkeep
|
|t:|1648053785
|switch|p1a: Ditto|Ditto|100/100
|-transform|p1a: Ditto|p2a: Chess Wizard|[from] ability: Imposter
|turn|9
|
|t:|1648053795
|switch|p2a: Harry Potter|Diancie|100/100
|move|p1a: Ditto|Judgment|p2a: Harry Potter
|-resisted|p2a: Harry Potter
|-damage|p2a: Harry Potter|80/100
|
|upkeep
|turn|10
|
|t:|1648053810
|switch|p1a: Xerneas|Xerneas, shiny|100/100
|-ability|p1a: Xerneas|Fairy Aura
|detailschange|p2a: Harry Potter|Diancie-Mega
|-mega|p2a: Harry Potter|Diancie|Diancite
|move|p2a: Harry Potter|Moonblast|p1a: Xerneas
|-damage|p1a: Xerneas|45/100
|-unboost|p1a: Xerneas|spa|1
|
|upkeep
|turn|11
|
|t:|1648053820
|move|p2a: Harry Potter|Moonblast|p1a: Xerneas
|-damage|p1a: Xerneas|0 fnt
|faint|p1a: Xerneas
|
|upkeep
|
|t:|1648053823
|switch|p1a: Calyrex|Calyrex-Shadow|100/100
|-ability|p1a: Calyrex|As One
|-ability|p1a: Calyrex|Unnerve
|turn|12
|
|t:|1648053830
|switch|p2a: Voldemort|Yveltal|100/100
|-ability|p2a: Voldemort|Dark Aura
|-start|p1a: Calyrex|Dynamax
|-heal|p1a: Calyrex|100/100|[silent]
|move|p1a: Calyrex|Max Starfall|p2a: Voldemort
|-supereffective|p2a: Voldemort
|-damage|p2a: Voldemort|22/100
|-fieldstart|move: Misty Terrain
|
|upkeep
|turn|13
|
|t:|1648053850
|move|p2a: Voldemort|Sucker Punch|p1a: Calyrex
|-supereffective|p1a: Calyrex
|-enditem|p1a: Calyrex|Focus Sash
|-damage|p1a: Calyrex|1/100
|-damage|p2a: Voldemort|12/100|[from] item: Life Orb
|move|p1a: Calyrex|Max Starfall|p2a: Voldemort
|-supereffective|p2a: Voldemort
|-damage|p2a: Voldemort|0 fnt
|faint|p2a: Voldemort
|-ability|p1a: Calyrex|Grim Neigh|boost
|-boost|p1a: Calyrex|spa|1
|
|upkeep
|
|t:|1648053860
|switch|p2a: MirrorofErised|Ditto|100/100
|-transform|p2a: MirrorofErised|p1a: Calyrex|[from] ability: Imposter
|turn|14
|
|t:|1648053869
|-end|p1a: Calyrex|Dynamax
|-heal|p1a: Calyrex|1/100|[silent]
|switch|p1a: Yveltal|Yveltal, shiny|100/100
|-ability|p1a: Yveltal|Dark Aura
|move|p2a: MirrorofErised|Astral Barrage|p1a: Yveltal
|-resisted|p1a: Yveltal
|-damage|p1a: Yveltal|50/100
|
|upkeep
|turn|15
|
|t:|1648053881
|switch|p2a: Harry Potter|Diancie-Mega|80/100
|move|p1a: Yveltal|Sucker Punch||[still]
|-fail|p1a: Yveltal
|
|upkeep
|turn|16
|inactive|chopforce8 has 120 seconds left.
|
|t:|1648053906
|switch|p1a: Ditto|Ditto|100/100
|-transform|p1a: Ditto|p2a: Harry Potter|[from] ability: Imposter
|move|p2a: Harry Potter|Stealth Rock|p1a: Ditto
|move|p1a: Ditto|Stealth Rock|p2a: Harry Potter|[from]ability: Magic Bounce
|-sidestart|p2: chopforce8|move: Stealth Rock
|
|-fieldend|Misty Terrain
|upkeep
|turn|17
|
|t:|1648053915
|switch|p2a: Chess Wizard|Arceus-Flying|100/100
|-damage|p2a: Chess Wizard|76/100|[from] Stealth Rock
|move|p1a: Ditto|Diamond Storm|p2a: Chess Wizard
|-supereffective|p2a: Chess Wizard
|-damage|p2a: Chess Wizard|3/100
|-boost|p1a: Ditto|def|2
|
|upkeep
|turn|18
|
|t:|1648053923
|move|p1a: Ditto|Diamond Storm|p2a: Chess Wizard
|-supereffective|p2a: Chess Wizard
|-damage|p2a: Chess Wizard|0 fnt
|-boost|p1a: Ditto|def|2
|faint|p2a: Chess Wizard
|
|upkeep
|
|t:|1648053933
|switch|p2a: Harry Potter|Diancie-Mega|80/100
|-damage|p2a: Harry Potter|68/100|[from] Stealth Rock
|turn|19
|
|t:|1648053936
|move|p1a: Ditto|Diamond Storm|p2a: Harry Potter
|-damage|p2a: Harry Potter|0 fnt
|-boost|p1a: Ditto|def|2
|faint|p2a: Harry Potter
|
|upkeep
|c|☆chopforce8|wtf lol
|
|t:|1648053943
|switch|p2a: Fluffy|Zacian-Crowned|100/100
|-damage|p2a: Fluffy|94/100|[from] Stealth Rock
|-ability|p2a: Fluffy|Intrepid Sword|boost
|-boost|p2a: Fluffy|atk|1
|turn|20
|
|t:|1648053957
|switch|p1a: Yveltal|Yveltal, shiny|50/100
|-ability|p1a: Yveltal|Dark Aura
|move|p2a: Fluffy|Substitute|p2a: Fluffy
|-start|p2a: Fluffy|Substitute
|-damage|p2a: Fluffy|69/100
|
|upkeep
|turn|21
|
|t:|1648053964
|move|p1a: Yveltal|Sucker Punch|p2a: Fluffy
|-resisted|p2a: Fluffy
|-end|p2a: Fluffy|Substitute
|-damage|p1a: Yveltal|40/100|[from] item: Life Orb
|move|p2a: Fluffy|Behemoth Blade|p1a: Yveltal
|-damage|p1a: Yveltal|0 fnt
|faint|p1a: Yveltal
|
|upkeep
|
|t:|1648053967
|switch|p1a: Ditto|Ditto|100/100
|-transform|p1a: Ditto|p2a: Fluffy|[from] ability: Imposter
|-ability|p1a: Ditto|Intrepid Sword|boost
|-boost|p1a: Ditto|atk|1
|turn|22
|c|☆chopforce8|gg :(
|
|t:|1648053976
|move|p1a: Ditto|Behemoth Blade|p2a: Fluffy
|-damage|p2a: Fluffy|0 fnt
|faint|p2a: Fluffy
|
|upkeep
|c|☆chopforce8|nooo lol
|
|t:|1648053980
|switch|p2a: MirrorofErised|Ditto|100/100
|-damage|p2a: MirrorofErised|88/100|[from] Stealth Rock
|turn|23
|
|t:|1648053984
|move|p1a: Ditto|Behemoth Blade|p2a: MirrorofErised
|-damage|p2a: MirrorofErised|0 fnt
|faint|p2a: MirrorofErised
|
|win|Hydra Pikachu
|raw|Hydra Pikachu's rating: 1729 &rarr; <strong>1752</strong><br />(+23 for winning)
|raw|chopforce8's rating: 1773 &rarr; <strong>1750</strong><br />(-23 for losing)
|c|☆Hydra Pikachu|lets goo
|l|☆chopforce8
||Ladder isn't responding, score probably updated but might not have (Request timeout).
