|j|☆Adil
|j|☆rowletroost
|t:|1641485082
|gametype|singles
|player|p1|Adil|101|1609
|player|p2|rowletroost|aromalady|1688
|teamsize|p1|6
|teamsize|p2|6
|gen|8
|tier|[Gen 8] National Dex AG
|rated|
|rule|HP Percentage Mod: HP is shown in percentages
|rule|Endless Battle Clause: Forcing endless battles is banned
|clearpoke
|poke|p1|Zygarde|
|poke|p1|Calyrex-Shadow|
|poke|p1|Necrozma-Dusk-Mane|
|poke|p1|Zacian-*|
|poke|p1|Arceus-*|
|poke|p1|Tyranitar, M|
|poke|p2|Arceus-*|
|poke|p2|Xerneas-*|
|poke|p2|Kyogre|
|poke|p2|Marshadow|
|poke|p2|Ribombee, F|
|poke|p2|Vivillon-Savanna, M|
|teampreview
|inactive|Battle timer is ON: inactive players will automatically lose when time's up. (requested by rowletroost)
|
|t:|1641485100
|start
|switch|p1a: Tyranitar|Tyranitar, M|100/100
|switch|p2a: Ribombee|Ribombee, F, shiny|100/100
|-weather|Sandstorm|[from] ability: Sand Stream|[of] p1a: Tyranitar
|turn|1
|
|t:|1641485107
|switch|p2a: Arceus|Arceus-Ground|100/100
|move|p1a: Tyranitar|Rock Tomb|p2a: Arceus
|-resisted|p2a: Arceus
|-damage|p2a: Arceus|93/100
|-unboost|p2a: Arceus|spe|1
|
|-weather|Sandstorm|[upkeep]
|upkeep
|turn|2
|
|t:|1641485112
|switch|p1a: Arceus|Arceus-Water|100/100
|move|p2a: Arceus|Judgment|p1a: Arceus
|-damage|p1a: Arceus|71/100
|
|-weather|Sandstorm|[upkeep]
|-damage|p1a: Arceus|65/100|[from] Sandstorm
|upkeep
|turn|3
|
|t:|1641485122
|switch|p2a: Kyogre|Kyogre, shiny|100/100
|detailschange|p2a: Kyogre|Kyogre-Primal, shiny
|-primal|p2a: Kyogre
|-weather|PrimordialSea|[from] ability: Primordial Sea|[of] p2a: Kyogre
|move|p1a: Arceus|Judgment|p2a: Kyogre
|-resisted|p2a: Kyogre
|-damage|p2a: Kyogre|80/100
|
|-weather|PrimordialSea|[upkeep]
|upkeep
|turn|4
|
|t:|1641485129
|move|p1a: Arceus|Recover|p1a: Arceus
|-heal|p1a: Arceus|100/100
|move|p2a: Kyogre|Thunder|p1a: Arceus
|-supereffective|p1a: Arceus
|-crit|p1a: Arceus
|-damage|p1a: Arceus|3/100
|
|-weather|PrimordialSea|[upkeep]
|upkeep
|turn|5
|
|t:|1641485133
|move|p1a: Arceus|Judgment|p2a: Kyogre
|-resisted|p2a: Kyogre
|-damage|p2a: Kyogre|59/100
|move|p2a: Kyogre|Origin Pulse|p1a: Arceus
|-resisted|p1a: Arceus
|-damage|p1a: Arceus|0 fnt
|faint|p1a: Arceus
|
|-weather|PrimordialSea|[upkeep]
|upkeep
|
|t:|1641485142
|switch|p1a: Zacian|Zacian-Crowned|100/100
|-ability|p1a: Zacian|Intrepid Sword|boost
|-boost|p1a: Zacian|atk|1
|turn|6
|
|t:|1641485148
|-weather|none
|switch|p2a: Arceus|Arceus-Ground|93/100
|move|p1a: Zacian|Close Combat|p2a: Arceus
|-damage|p2a: Arceus|53/100
|-unboost|p1a: Zacian|def|1
|-unboost|p1a: Zacian|spd|1
|
|upkeep
|turn|7
|
|t:|1641485155
|move|p1a: Zacian|Behemoth Blade|p2a: Arceus
|-damage|p2a: Arceus|4/100
|move|p2a: Arceus|Judgment|p1a: Zacian
|-supereffective|p1a: Zacian
|-damage|p1a: Zacian|0 fnt
|faint|p1a: Zacian
|
|upkeep
|
|t:|1641485159
|switch|p1a: Calyrex|Calyrex-Shadow|100/100
|-ability|p1a: Calyrex|As One
|-ability|p1a: Calyrex|Unnerve
|turn|8
|
|t:|1641485169
|move|p1a: Calyrex|Astral Barrage|p2a: Arceus
|-damage|p2a: Arceus|0 fnt
|faint|p2a: Arceus
|-ability|p1a: Calyrex|Grim Neigh|boost
|-boost|p1a: Calyrex|spa|1
|
|upkeep
|
|t:|1641485171
|switch|p2a: Ribombee|Ribombee, F, shiny|100/100
|turn|9
|
|t:|1641485176
|switch|p1a: Tyranitar|Tyranitar, M|100/100
|-weather|Sandstorm|[from] ability: Sand Stream|[of] p1a: Tyranitar
|move|p2a: Ribombee|Sticky Web|p1a: Tyranitar
|-sidestart|p1: Adil|move: Sticky Web
|
|-weather|Sandstorm|[upkeep]
|-damage|p2a: Ribombee|94/100|[from] Sandstorm
|upkeep
|turn|10
|
|t:|1641485186
|move|p2a: Ribombee|Moonblast|p1a: Tyranitar
|-supereffective|p1a: Tyranitar
|-damage|p1a: Tyranitar|65/100
|-unboost|p1a: Tyranitar|spa|1
|move|p1a: Tyranitar|Thunder Wave|p2a: Ribombee
|-status|p2a: Ribombee|par
|
|-weather|Sandstorm|[upkeep]
|-damage|p2a: Ribombee|88/100 par|[from] Sandstorm
|-heal|p1a: Tyranitar|71/100|[from] item: Leftovers
|upkeep
|turn|11
|
|t:|1641485190
|switch|p1a: Necrozma|Necrozma-Dusk-Mane|100/100
|-activate|p1a: Necrozma|move: Sticky Web
|-unboost|p1a: Necrozma|spe|1
|cant|p2a: Ribombee|par
|
|-weather|Sandstorm|[upkeep]
|-damage|p2a: Ribombee|82/100 par|[from] Sandstorm
|upkeep
|turn|12
|
|t:|1641485193
|switch|p2a: Vivillon|Vivillon-Savanna, M|100/100
|move|p1a: Necrozma|Stealth Rock|p2a: Vivillon
|-sidestart|p2: rowletroost|move: Stealth Rock
|
|-weather|Sandstorm|[upkeep]
|-damage|p2a: Vivillon|95/100|[from] Sandstorm
|-heal|p2a: Vivillon|100/100|[from] item: Leftovers
|upkeep
|turn|13
|
|t:|1641485200
|move|p2a: Vivillon|Sleep Powder|p1a: Necrozma
|-status|p1a: Necrozma|slp|[from] move: Sleep Powder
|cant|p1a: Necrozma|slp
|
|-weather|none
|upkeep
|turn|14
|
|t:|1641485203
|switch|p1a: Calyrex|Calyrex-Shadow|100/100
|-ability|p1a: Calyrex|As One
|-ability|p1a: Calyrex|Unnerve
|-activate|p1a: Calyrex|move: Sticky Web
|-unboost|p1a: Calyrex|spe|1
|move|p2a: Vivillon|Substitute|p2a: Vivillon
|-start|p2a: Vivillon|Substitute
|-damage|p2a: Vivillon|76/100
|
|-heal|p2a: Vivillon|82/100|[from] item: Leftovers
|upkeep
|turn|15
|
|t:|1641485206
|move|p1a: Calyrex|Astral Barrage|p2a: Vivillon
|-end|p2a: Vivillon|Substitute
|move|p2a: Vivillon|Sleep Powder|p1a: Calyrex
|-status|p1a: Calyrex|slp|[from] move: Sleep Powder
|
|-heal|p2a: Vivillon|88/100|[from] item: Leftovers
|upkeep
|turn|16
|
|t:|1641485208
|cant|p1a: Calyrex|slp
|move|p2a: Vivillon|Substitute|p2a: Vivillon
|-start|p2a: Vivillon|Substitute
|-damage|p2a: Vivillon|63/100
|
|-heal|p2a: Vivillon|69/100|[from] item: Leftovers
|upkeep
|turn|17
|
|t:|1641485210
|cant|p1a: Calyrex|slp
|move|p2a: Vivillon|Quiver Dance|p2a: Vivillon
|-boost|p2a: Vivillon|spa|1
|-boost|p2a: Vivillon|spd|1
|-boost|p2a: Vivillon|spe|1
|
|-heal|p2a: Vivillon|75/100|[from] item: Leftovers
|upkeep
|turn|18
|
|t:|1641485214
|move|p2a: Vivillon|Quiver Dance|p2a: Vivillon
|-boost|p2a: Vivillon|spa|1
|-boost|p2a: Vivillon|spd|1
|-boost|p2a: Vivillon|spe|1
|-curestatus|p1a: Calyrex|slp|[msg]
|move|p1a: Calyrex|Astral Barrage|p2a: Vivillon
|-end|p2a: Vivillon|Substitute
|
|-heal|p2a: Vivillon|81/100|[from] item: Leftovers
|upkeep
|turn|19
|
|t:|1641485218
|move|p2a: Vivillon|Sleep Powder|p1a: Calyrex
|-status|p1a: Calyrex|slp|[from] move: Sleep Powder
|cant|p1a: Calyrex|slp
|
|-heal|p2a: Vivillon|87/100|[from] item: Leftovers
|upkeep
|turn|20
|-message|Adil forfeited.
|
|win|rowletroost
|raw|Adil's rating: 1609 &rarr; <strong>1593</strong><br />(-16 for losing)
|raw|rowletroost's rating: 1688 &rarr; <strong>1704</strong><br />(+16 for winning)
|l|☆Adil
||Ladder isn't responding, score probably updated but might not have (Request timeout).
