|j|☆abismal
|j|☆IsoCon
|t:|1627085819
|gametype|singles
|player|p1|abismal|101|
|player|p2|IsoCon|aromalady|
|teamsize|p1|6
|teamsize|p2|6
|gen|8
|tier|[Gen 8] National Dex AG
|rule|HP Percentage Mod: HP is shown in percentages
|rule|Endless Battle Clause: Forcing endless battles is banned
|clearpoke
|poke|p1|Zapdos|
|poke|p1|Flygon, F|
|poke|p1|Volcarona, F|
|poke|p1|Jirachi|
|poke|p1|Manaphy|
|poke|p1|Mr. Mime-Galar, F|
|poke|p2|Manaphy|
|poke|p2|Jirachi|
|poke|p2|Palkia|
|poke|p2|Zapdos|
|poke|p2|Glalie, M|
|poke|p2|Mew|
|teampreview
|c|☆IsoCon|glhf
|c|☆abismal|u2
|c|☆abismal|this will be very interesting
|c|☆abismal|so i wasnt quite sure how megas would've been handled
|
|t:|1627085879
|start
|switch|p1a: Volcarona|Volcarona, F|100/100
|switch|p2a: Manaphy|Manaphy|100/100
|turn|1
|
|t:|1627085887
|move|p2a: Manaphy|Rain Dance|p2a: Manaphy
|-weather|RainDance
|move|p1a: Volcarona|Quiver Dance|p1a: Volcarona
|-boost|p1a: Volcarona|spa|1
|-boost|p1a: Volcarona|spd|1
|-boost|p1a: Volcarona|spe|1
|
|-weather|RainDance|[upkeep]
|upkeep
|turn|2
|
|t:|1627085893
|move|p1a: Volcarona|Bug Buzz|p2a: Manaphy
|-damage|p2a: Manaphy|45/100
|move|p2a: Manaphy|Surf|p1a: Volcarona
|-supereffective|p1a: Volcarona
|-damage|p1a: Volcarona|47/100
|
|-weather|RainDance|[upkeep]
|upkeep
|turn|3
|
|t:|1627085901
|switch|p2a: Palkia|Palkia|100/100
|-ability|p2a: Palkia|Pressure
|move|p1a: Volcarona|Bug Buzz|p2a: Palkia
|-damage|p2a: Palkia|67/100
|-unboost|p2a: Palkia|spd|1
|
|-weather|RainDance|[upkeep]
|upkeep
|turn|4
|
|t:|1627085910
|move|p1a: Volcarona|Roost|p1a: Volcarona
|-heal|p1a: Volcarona|98/100
|-singleturn|p1a: Volcarona|move: Roost
|move|p2a: Palkia|Surf|p1a: Volcarona
|-supereffective|p1a: Volcarona
|-damage|p1a: Volcarona|30/100
|
|-weather|RainDance|[upkeep]
|upkeep
|turn|5
|
|t:|1627085915
|move|p1a: Volcarona|Roost|p1a: Volcarona
|-heal|p1a: Volcarona|80/100
|-singleturn|p1a: Volcarona|move: Roost
|move|p2a: Palkia|Surf|p1a: Volcarona
|-supereffective|p1a: Volcarona
|-damage|p1a: Volcarona|9/100
|
|-weather|none
|upkeep
|turn|6
|
|t:|1627085923
|move|p1a: Volcarona|Roost|p1a: Volcarona
|-heal|p1a: Volcarona|59/100
|-singleturn|p1a: Volcarona|move: Roost
|move|p2a: Palkia|Surf|p1a: Volcarona
|-supereffective|p1a: Volcarona
|-damage|p1a: Volcarona|17/100
|
|upkeep
|turn|7
|
|t:|1627085928
|move|p1a: Volcarona|Roost|p1a: Volcarona
|-heal|p1a: Volcarona|67/100
|-singleturn|p1a: Volcarona|move: Roost
|move|p2a: Palkia|Surf|p1a: Volcarona
|-supereffective|p1a: Volcarona
|-damage|p1a: Volcarona|19/100
|
|upkeep
|turn|8
|
|t:|1627085939
|move|p1a: Volcarona|Bug Buzz|p2a: Palkia
|-damage|p2a: Palkia|12/100
|move|p2a: Palkia|Surf|p1a: Volcarona
|-supereffective|p1a: Volcarona
|-damage|p1a: Volcarona|0 fnt
|faint|p1a: Volcarona
|
|upkeep
|
|t:|1627085952
|switch|p1a: Zapdos|Zapdos|100/100
|-ability|p1a: Zapdos|Pressure
|turn|9
|
|t:|1627085961
|switch|p2a: Jirachi|Jirachi|100/100
|move|p1a: Zapdos|Volt Switch|p2a: Jirachi
|-damage|p2a: Jirachi|68/100
|
|t:|1627085971
|switch|p1a: Manaphy|Manaphy|100/100|[from]move: Volt Switch
|
|-heal|p2a: Jirachi|75/100|[from] item: Leftovers
|upkeep
|turn|10
|
|t:|1627085976
|move|p2a: Jirachi|Wish|p2a: Jirachi
|-zpower|p1a: Manaphy
|move|p1a: Manaphy|Z-Rain Dance|p1a: Manaphy|[anim]Rain Dance
|-boost|p1a: Manaphy|spe|1|[zeffect]
|-weather|RainDance
|
|-weather|RainDance|[upkeep]
|-heal|p2a: Jirachi|81/100|[from] item: Leftovers
|upkeep
|turn|11
|
|t:|1627085983
|move|p1a: Manaphy|Tail Glow|p1a: Manaphy
|-boost|p1a: Manaphy|spa|3
|move|p2a: Jirachi|U-turn|p1a: Manaphy
|-damage|p1a: Manaphy|85/100
|
|t:|1627085985
|switch|p2a: Palkia|Palkia|12/100|[from]move: U-turn
|-ability|p2a: Palkia|Pressure
|
|-weather|RainDance|[upkeep]
|-heal|p2a: Palkia|75/100|[from] move: Wish|[wisher] Jirachi
|upkeep
|turn|12
|
|t:|1627085994
|move|p1a: Manaphy|Ice Beam|p2a: Palkia
|-damage|p2a: Palkia|35/100
|move|p2a: Palkia|Thunderbolt|p1a: Manaphy
|-supereffective|p1a: Manaphy
|-damage|p1a: Manaphy|15/100
|
|-weather|RainDance|[upkeep]
|upkeep
|turn|13
|
|t:|1627086007
|move|p1a: Manaphy|Ice Beam|p2a: Palkia
|-damage|p2a: Palkia|0 fnt
|faint|p2a: Palkia
|
|-weather|RainDance|[upkeep]
|upkeep
|
|t:|1627086039
|switch|p2a: Mew|Mew|100/100
|turn|14
|
|t:|1627086042
|move|p1a: Manaphy|Surf|p2a: Mew
|-damage|p2a: Mew|0 fnt
|faint|p2a: Mew
|
|-weather|none
|upkeep
|
|t:|1627086052
|switch|p2a: Manaphy|Manaphy|45/100
|turn|15
|
|t:|1627086057
|move|p1a: Manaphy|Surf|p2a: Manaphy
|-resisted|p2a: Manaphy
|-damage|p2a: Manaphy|5/100
|move|p2a: Manaphy|Surf|p1a: Manaphy
|-resisted|p1a: Manaphy
|-damage|p1a: Manaphy|0 fnt
|faint|p1a: Manaphy
|
|upkeep
|
|t:|1627086066
|switch|p1a: Zapdos|Zapdos|100/100
|-ability|p1a: Zapdos|Pressure
|turn|16
|
|t:|1627086071
|switch|p2a: Zapdos|Zapdos|100/100
|move|p1a: Zapdos|Volt Switch|p2a: Zapdos
|-damage|p2a: Zapdos|62/100
|
|t:|1627086077
|switch|p1a: Mr. Mime|Mr. Mime-Galar, F|100/100|[from]move: Volt Switch
|
|upkeep
|turn|17
|
|t:|1627086082
|switch|p2a: Jirachi|Jirachi|81/100
|move|p1a: Mr. Mime|Toxic|p2a: Jirachi
|-immune|p2a: Jirachi
|
|-heal|p2a: Jirachi|87/100|[from] item: Leftovers
|upkeep
|turn|18
|
|t:|1627086093
|switch|p1a: Zapdos|Zapdos|100/100
|-ability|p1a: Zapdos|Pressure
|move|p2a: Jirachi|Wish|p2a: Jirachi
|
|-heal|p2a: Jirachi|93/100|[from] item: Leftovers
|upkeep
|turn|19
|
|t:|1627086099
|move|p1a: Zapdos|Thunderbolt|p2a: Jirachi
|-damage|p2a: Jirachi|53/100
|move|p2a: Jirachi|U-turn|p1a: Zapdos
|-resisted|p1a: Zapdos
|-damage|p1a: Zapdos|92/100
|
|t:|1627086115
|switch|p2a: Manaphy|Manaphy|5/100|[from]move: U-turn
|
|-heal|p2a: Manaphy|55/100|[from] move: Wish|[wisher] Jirachi
|upkeep
|turn|20
|c|☆IsoCon|oh that was an awful play
|
|t:|1627086178
|switch|p2a: Jirachi|Jirachi|53/100
|move|p1a: Zapdos|Thunderbolt|p2a: Jirachi
|-damage|p2a: Jirachi|9/100
|
|-heal|p2a: Jirachi|15/100|[from] item: Leftovers
|upkeep
|turn|21
|c|☆abismal|i learned something that's quite useful
|c|☆abismal|speed boosting sweepers don't need any speed enhancements beforehand
|
|t:|1627086201
|move|p1a: Zapdos|Thunderbolt|p2a: Jirachi
|-damage|p2a: Jirachi|0 fnt
|faint|p2a: Jirachi
|
|upkeep
|
|t:|1627086203
|switch|p2a: Glalie|Glalie, M|100/100
|turn|22
|c|☆abismal|same applies to scarfers
|j| regiboat └▲┘
|
|t:|1627086217
|switch|p1a: Mr. Mime|Mr. Mime-Galar, F|100/100
|detailschange|p2a: Glalie|Glalie-Mega, M
|-mega|p2a: Glalie|Glalie|Glalitite
|move|p2a: Glalie|Earthquake|p1a: Mr. Mime
|-damage|p1a: Mr. Mime|66/100
|
|upkeep
|turn|23
|c| regiboat └▲┘|oh this is the 100 speed thingy
|
|t:|1627086234
|move|p1a: Mr. Mime|Fake Out|p2a: Glalie
|-damage|p2a: Glalie|92/100
|cant|p2a: Glalie|flinch
|
|upkeep
|turn|24
|
|t:|1627086237
|move|p2a: Glalie|Earthquake|p1a: Mr. Mime
|-damage|p1a: Mr. Mime|31/100
|move|p1a: Mr. Mime|Toxic|p2a: Glalie
|-status|p2a: Glalie|tox
|
|-damage|p2a: Glalie|86/100 tox|[from] psn
|upkeep
|turn|25
|
|t:|1627086244
|move|p2a: Glalie|Return|p1a: Mr. Mime
|-resisted|p1a: Mr. Mime
|-damage|p1a: Mr. Mime|0 fnt
|faint|p1a: Mr. Mime
|
|-damage|p2a: Glalie|74/100 tox|[from] psn
|upkeep
|
|t:|1627086249
|switch|p1a: Jirachi|Jirachi|100/100
|turn|26
|
|t:|1627086253
|switch|p2a: Zapdos|Zapdos|62/100
|move|p1a: Jirachi|Stealth Rock|p2a: Zapdos
|-sidestart|p2: IsoCon|move: Stealth Rock
|
|upkeep
|turn|27
|
|t:|1627086261
|move|p1a: Jirachi|Wish|p1a: Jirachi
|move|p2a: Zapdos|Roost|p2a: Zapdos
|-heal|p2a: Zapdos|100/100
|-singleturn|p2a: Zapdos|move: Roost
|
|upkeep
|turn|28
|
|t:|1627086266
|switch|p1a: Flygon|Flygon, F|100/100
|move|p2a: Zapdos|Defog|p1a: Flygon
|-unboost|p1a: Flygon|evasion|1
|-sideend|p2: IsoCon|Stealth Rock|[from] move: Defog|[of] p2a: Zapdos
|
|upkeep
|turn|29
|
|t:|1627086272
|move|p2a: Zapdos|Hurricane|p1a: Flygon
|-damage|p1a: Flygon|52/100
|-start|p1a: Flygon|confusion
|-activate|p1a: Flygon|confusion
|-damage|p1a: Flygon|37/100|[from] confusion
|
|upkeep
|turn|30
|c|☆IsoCon|sorry
|
|t:|1627086298
|switch|p1a: Zapdos|Zapdos|92/100
|-ability|p1a: Zapdos|Pressure
|move|p2a: Zapdos|Volt Switch|p1a: Zapdos
|-damage|p1a: Zapdos|62/100
|
|t:|1627086310
|switch|p2a: Manaphy|Manaphy|55/100|[from]move: Volt Switch
|
|upkeep
|turn|31
|
|t:|1627086313
|switch|p2a: Zapdos|Zapdos|100/100
|move|p1a: Zapdos|Volt Switch|p2a: Zapdos
|-damage|p2a: Zapdos|64/100
|
|t:|1627086319
|switch|p1a: Flygon|Flygon, F|37/100|[from]move: Volt Switch
|
|upkeep
|turn|32
|
|t:|1627086324
|switch|p1a: Zapdos|Zapdos|62/100
|-ability|p1a: Zapdos|Pressure
|move|p2a: Zapdos|Roost|p2a: Zapdos
|-heal|p2a: Zapdos|100/100
|-singleturn|p2a: Zapdos|move: Roost
|
|upkeep
|turn|33
|
|t:|1627086334
|move|p1a: Zapdos|Thunderbolt|p2a: Zapdos
|-damage|p2a: Zapdos|48/100
|move|p2a: Zapdos|Hurricane|p1a: Zapdos
|-resisted|p1a: Zapdos
|-damage|p1a: Zapdos|39/100
|
|upkeep
|turn|34
|
|t:|1627086349
|switch|p2a: Manaphy|Manaphy|55/100
|move|p1a: Zapdos|Thunderbolt|p2a: Manaphy
|-supereffective|p2a: Manaphy
|-damage|p2a: Manaphy|0 fnt
|faint|p2a: Manaphy
|
|upkeep
|
|t:|1627086354
|switch|p2a: Glalie|Glalie-Mega, M|74/100 tox
|turn|35
|
|t:|1627086357
|switch|p1a: Flygon|Flygon, F|37/100
|move|p2a: Glalie|Return|p1a: Flygon
|-supereffective|p1a: Flygon
|-damage|p1a: Flygon|0 fnt
|faint|p1a: Flygon
|
|-damage|p2a: Glalie|68/100 tox|[from] psn
|upkeep
|
|t:|1627086366
|switch|p1a: Jirachi|Jirachi|100/100
|turn|36
|
|t:|1627086370
|switch|p2a: Zapdos|Zapdos|48/100
|move|p1a: Jirachi|Wish|p1a: Jirachi
|
|upkeep
|turn|37
|
|t:|1627086382
|move|p1a: Jirachi|Stealth Rock|p2a: Zapdos
|-sidestart|p2: IsoCon|move: Stealth Rock
|move|p2a: Zapdos|Volt Switch|p1a: Jirachi
|-damage|p1a: Jirachi|77/100
|
|t:|1627086387
|switch|p2a: Glalie|Glalie-Mega, M|68/100 tox|[from]move: Volt Switch
|-damage|p2a: Glalie|43/100 tox|[from] Stealth Rock
|
|-heal|p1a: Jirachi|100/100|[from] move: Wish|[wisher] Jirachi
|-damage|p2a: Glalie|37/100 tox|[from] psn
|upkeep
|turn|38
|
|t:|1627086390
|switch|p2a: Zapdos|Zapdos|48/100
|move|p1a: Jirachi|Iron Head|p2a: Zapdos
|-resisted|p2a: Zapdos
|-damage|p2a: Zapdos|38/100
|
|upkeep
|turn|39
|
|t:|1627086395
|move|p1a: Jirachi|Iron Head|p2a: Zapdos
|-resisted|p2a: Zapdos
|-damage|p2a: Zapdos|27/100
|-status|p1a: Jirachi|par|[from] ability: Static|[of] p2a: Zapdos
|move|p2a: Zapdos|Roost|p2a: Zapdos
|-heal|p2a: Zapdos|77/100
|-singleturn|p2a: Zapdos|move: Roost
|
|upkeep
|turn|40
|
|t:|1627086400
|move|p2a: Zapdos|Defog|p1a: Jirachi
|-unboost|p1a: Jirachi|evasion|1
|-sideend|p2: IsoCon|Stealth Rock|[from] move: Defog|[of] p2a: Zapdos
|move|p1a: Jirachi|Wish|p1a: Jirachi
|
|upkeep
|turn|41
|
|t:|1627086404
|move|p2a: Zapdos|Roost|p2a: Zapdos
|-heal|p2a: Zapdos|100/100
|-singleturn|p2a: Zapdos|move: Roost
|cant|p1a: Jirachi|par
|
|upkeep
|turn|42
|
|t:|1627086414
|move|p2a: Zapdos|Hurricane|p1a: Jirachi
|-resisted|p1a: Jirachi
|-damage|p1a: Jirachi|82/100 par
|-start|p1a: Jirachi|confusion
|-activate|p1a: Jirachi|confusion
|move|p1a: Jirachi|Stealth Rock|p2a: Zapdos
|-sidestart|p2: IsoCon|move: Stealth Rock
|
|upkeep
|turn|43
|
|t:|1627086421
|-activate|p1a: Jirachi|confusion
|move|p1a: Jirachi|Protect|p1a: Jirachi
|-singleturn|p1a: Jirachi|Protect
|move|p2a: Zapdos|Defog|p1a: Jirachi
|-activate|p1a: Jirachi|move: Protect
|
|upkeep
|turn|44
|
|t:|1627086426
|move|p2a: Zapdos|Defog|p1a: Jirachi
|-unboost|p1a: Jirachi|evasion|1
|-sideend|p2: IsoCon|Stealth Rock|[from] move: Defog|[of] p2a: Zapdos
|-activate|p1a: Jirachi|confusion
|-damage|p1a: Jirachi|75/100 par|[from] confusion
|
|upkeep
|turn|45
|
|t:|1627086436
|move|p2a: Zapdos|Volt Switch|p1a: Jirachi
|-damage|p1a: Jirachi|49/100 par
|
|t:|1627086439
|switch|p2a: Glalie|Glalie-Mega, M|37/100 tox|[from]move: Volt Switch
|-end|p1a: Jirachi|confusion
|cant|p1a: Jirachi|par
|
|-damage|p2a: Glalie|31/100 tox|[from] psn
|upkeep
|turn|46
|
|t:|1627086444
|move|p1a: Jirachi|Protect|p1a: Jirachi
|-singleturn|p1a: Jirachi|Protect
|move|p2a: Glalie|Earthquake|p1a: Jirachi
|-activate|p1a: Jirachi|move: Protect
|
|-damage|p2a: Glalie|19/100 tox|[from] psn
|upkeep
|turn|47
|
|t:|1627086447
|switch|p2a: Zapdos|Zapdos|100/100
|move|p1a: Jirachi|Wish|p1a: Jirachi
|
|upkeep
|turn|48
|
|t:|1627086459
|switch|p1a: Zapdos|Zapdos|39/100
|-ability|p1a: Zapdos|Pressure
|move|p2a: Zapdos|Hurricane|p1a: Zapdos
|-resisted|p1a: Zapdos
|-damage|p1a: Zapdos|16/100
|
|-heal|p1a: Zapdos|68/100|[from] move: Wish|[wisher] Jirachi
|upkeep
|turn|49
|c|☆IsoCon|yeah gg
|
|t:|1627086472
|move|p1a: Zapdos|Thunderbolt|p2a: Zapdos
|-damage|p2a: Zapdos|53/100
|move|p2a: Zapdos|Roost|p2a: Zapdos
|-heal|p2a: Zapdos|100/100
|-singleturn|p2a: Zapdos|move: Roost
|
|upkeep
|turn|50
|
|t:|1627086480
|move|p1a: Zapdos|Thunderbolt|p2a: Zapdos
|-damage|p2a: Zapdos|52/100
|move|p2a: Zapdos|Volt Switch|p1a: Zapdos
|-damage|p1a: Zapdos|39/100
|
|t:|1627086486
|switch|p2a: Glalie|Glalie-Mega, M|19/100 tox|[from]move: Volt Switch
|
|-damage|p2a: Glalie|13/100 tox|[from] psn
|upkeep
|turn|51
|
|t:|1627086489
|switch|p1a: Jirachi|Jirachi|49/100 par
|move|p2a: Glalie|Explosion|p1a: Jirachi
|-resisted|p1a: Jirachi
|-damage|p1a: Jirachi|0 fnt
|faint|p2a: Glalie
|faint|p1a: Jirachi
|
|upkeep
|
|t:|1627086494
|switch|p1a: Zapdos|Zapdos|39/100
|switch|p2a: Zapdos|Zapdos|52/100
|-ability|p1a: Zapdos|Pressure
|turn|52
|
|t:|1627086497
|move|p1a: Zapdos|Thunderbolt|p2a: Zapdos
|-damage|p2a: Zapdos|3/100
|move|p2a: Zapdos|Roost|p2a: Zapdos
|-heal|p2a: Zapdos|53/100
|-singleturn|p2a: Zapdos|move: Roost
|
|upkeep
|turn|53
|
|t:|1627086499
|move|p1a: Zapdos|Thunderbolt|p2a: Zapdos
|-damage|p2a: Zapdos|7/100
|move|p2a: Zapdos|Roost|p2a: Zapdos
|-heal|p2a: Zapdos|57/100
|-singleturn|p2a: Zapdos|move: Roost
|
|upkeep
|turn|54
|
|t:|1627086514
|move|p1a: Zapdos|Thunderbolt|p2a: Zapdos
|-damage|p2a: Zapdos|5/100
|move|p2a: Zapdos|Roost|p2a: Zapdos
|-heal|p2a: Zapdos|55/100
|-singleturn|p2a: Zapdos|move: Roost
|
|upkeep
|turn|55
|
|t:|1627086517
|move|p1a: Zapdos|Thunderbolt|p2a: Zapdos
|-damage|p2a: Zapdos|11/100
|move|p2a: Zapdos|Roost|p2a: Zapdos
|-heal|p2a: Zapdos|61/100
|-singleturn|p2a: Zapdos|move: Roost
|
|upkeep
|turn|56
|
|t:|1627086522
|move|p1a: Zapdos|Thunderbolt|p2a: Zapdos
|-damage|p2a: Zapdos|15/100
|move|p2a: Zapdos|Roost|p2a: Zapdos
|-heal|p2a: Zapdos|66/100
|-singleturn|p2a: Zapdos|move: Roost
|
|upkeep
|turn|57
|
|t:|1627086541
|move|p1a: Zapdos|Thunderbolt|p2a: Zapdos
|-damage|p2a: Zapdos|16/100
|move|p2a: Zapdos|Roost|p2a: Zapdos
|-heal|p2a: Zapdos|66/100
|-singleturn|p2a: Zapdos|move: Roost
|
|upkeep
|turn|58
|
|t:|1627086545
|move|p1a: Zapdos|Thunderbolt|p2a: Zapdos
|-damage|p2a: Zapdos|17/100
|move|p2a: Zapdos|Roost|p2a: Zapdos
|-heal|p2a: Zapdos|68/100
|-singleturn|p2a: Zapdos|move: Roost
|
|upkeep
|turn|59
|
|t:|1627086548
|move|p1a: Zapdos|Thunderbolt|p2a: Zapdos
|-damage|p2a: Zapdos|18/100
|move|p2a: Zapdos|Roost|p2a: Zapdos
|-heal|p2a: Zapdos|68/100
|-singleturn|p2a: Zapdos|move: Roost
|
|upkeep
|turn|60
|
|t:|1627086552
|move|p1a: Zapdos|Thunderbolt|p2a: Zapdos
|-damage|p2a: Zapdos|19/100
|move|p2a: Zapdos|Roost|p2a: Zapdos
|-heal|p2a: Zapdos|69/100
|-singleturn|p2a: Zapdos|move: Roost
|
|upkeep
|turn|61
|
|t:|1627086554
|move|p1a: Zapdos|Thunderbolt|p2a: Zapdos
|-damage|p2a: Zapdos|21/100
|move|p2a: Zapdos|Roost|p2a: Zapdos
|-heal|p2a: Zapdos|71/100
|-singleturn|p2a: Zapdos|move: Roost
|
|upkeep
|turn|62
|
|t:|1627086558
|move|p1a: Zapdos|Thunderbolt|p2a: Zapdos
|-damage|p2a: Zapdos|24/100
|move|p2a: Zapdos|Roost|p2a: Zapdos
|-heal|p2a: Zapdos|74/100
|-singleturn|p2a: Zapdos|move: Roost
|
|upkeep
|turn|63
|l|☆IsoCon
|player|p2|
|j|☆IsoCon
|player|p2|IsoCon|aromalady
|
|t:|1627086639
|move|p1a: Zapdos|Thunderbolt|p2a: Zapdos
|-damage|p2a: Zapdos|24/100
|move|p2a: Zapdos|Volt Switch|p1a: Zapdos
|-damage|p1a: Zapdos|8/100
|
|upkeep
|turn|64
|c|☆abismal|gg
|c|☆IsoCon|gg
|
|t:|1627086648
|move|p1a: Zapdos|Thunderbolt|p2a: Zapdos
|-damage|p2a: Zapdos|0 fnt
|faint|p2a: Zapdos
|
|win|abismal
|c|☆IsoCon|offensive zapdos fucked me over
|c|☆abismal|yeah
|c|☆abismal|this thing is insane here
|c|☆abismal|covers manaphy, can hit flygon, hits other zapdos
|c|☆IsoCon|also ice beam manaphy meant av palkia got invalidated
|c|☆abismal|dang that was av
|c|☆IsoCon|yeah
|c|☆IsoCon|blanket checks most the special attackers amd can in theory stay healthy with jirachi wish
|c|☆IsoCon|flygon is definitely good here
|c|☆abismal|as i said before if a pokemon can raise its speed even 1 stage it doesn't have to put ev's into speed, i forgot that with my manaphy which means i could've taken more hits from palkia if i fully invested in health
|c|☆abismal|the lowest you can go to outspeed the 100 tier is 220
|c|☆IsoCon|only electric immunity in the tier and is one of the more obvious users of scarf
|c|☆abismal|mine was dd
|c|☆IsoCon|yeah dd works too
|c|☆IsoCon|wouldve worked without hurricane confusing
|c|☆IsoCon|if you were edge which i assume you were
|c|☆abismal|sometimes i forget how strong hurricane is
|c|☆abismal|it was
|c|☆abismal|no roost because again, bulk investment can be afforded
|c|☆abismal|that's why volcarona took practically no damage from surf
|c|☆IsoCon|yeah
|c|☆IsoCon|zapdos was modest?
|c|☆abismal|mhm
|c|☆IsoCon|damn
|c|☆IsoCon|thats basically unwallable yeah
|c|☆abismal|i ended up doing a last-ish minute calculation to figure out what i could really push
|c|☆IsoCon|hp ice just murders flygon
|c|☆abismal|most things end up unwallable as we have no walls
|l|☆IsoCon
|c|☆abismal|unless you want to take a look at miltank
|c|☆abismal|its our equivalent to blissey
|j|☆IsoCon
|player|p2|IsoCon|aromalady
|c|☆IsoCon|252+ SpA Zapdos Hurricane vs. 0 HP / 4 SpD Assault Vest Palkia: 109-130 (33.9 - 40.4%) -- guaranteed 3HKO
|c|☆abismal|thick fat can absorb hp ice, anything else no clue
|c|☆abismal|miltank can't heal without milk drink so av's risky
|c|☆IsoCon|yeah miltank def wants milk drink
|c|☆IsoCon|av also stops you from running rocks on it
|c|☆abismal|galarian mime has mirror coat thoug
|c|☆IsoCon|i think it gets that
|c|☆IsoCon|mirror coat?
|c|☆abismal|well think about it
|c|☆abismal|if you're investing mostly in special defense with an eviolite it can attempt to bounce back special hits and force zapdos away at the same time
|c|☆abismal|might even threaten volcarona if it can get a toxic on it
|c|☆IsoCon|yeah i see
|c|☆IsoCon|from preview i just expected plot 3 attacks
|c|☆IsoCon|mew did absolutely nothing this game but its the only mega medicham defensive check
|c|☆IsoCon|cosmic power set
|c|☆abismal|that works but personally i don't want to risk a sweep to a speed tie, that's why i brang 4 variations of speed sweepers
|c|☆abismal|if mr mime had amnesia
|c|☆abismal|calm mind works too
|c|☆IsoCon|yeah
|c|☆IsoCon|i ran no speed boosters on my team
|c|☆IsoCon|i technically have z rain dance manaphy but i put waterium on for nuclear z surf
|c|☆abismal|both are good options but it depends on what you need right at that moment
|c|☆IsoCon|yeah
|c|☆abismal|thats the fun with z-moves and status moves
|c|☆abismal|you get to pick
|c|☆abismal|there's tentacruel
|c|☆IsoCon|z rain dance generally seems pretty strong
|c|☆abismal|idk how much it can take from a zapdos at max spdef and av
|c|☆abismal|maybe even rain dish for manaphy's rain
|c|☆IsoCon|yeah it caj run rain dish as anti manaphy
|c|☆IsoCon|but +6 surf in rain probably does too much
|c|☆IsoCon|and manaphy can just spam rest
|c|☆abismal|i thought about using shaymin but it has no practicality other than to potentially hit manaphy or leech seed something
|c|☆abismal|good thing tentacruel has giga drain
|c|☆IsoCon|yeah shaymin is basically just for manaphy
|c|☆IsoCon|sun seeks like an option
|c|☆IsoCon|you have ninetales volcarona and victini
|c|☆abismal|charizard is there too
|c|☆abismal|rocks aren't too common so uh
|c|☆IsoCon|oh yeah zard
|c|☆IsoCon|rachi is basically the only rocker
|c|☆abismal|if palkia's not banned that's what's stopping zard
|c|☆abismal|otherwise it just shreds through everything
|c|☆abismal|or what it can
|c|☆IsoCon|palkia probably shouldnt be banned
|c|☆abismal|there's still unexplored options
|c|☆abismal|like linoone
|c|☆IsoCon|its important as a blanket check to the special attackers
|c|☆IsoCon|linoone is scary
|c|☆abismal|only has 1 counter
|c|☆abismal|no mach punch
|c|☆abismal|no bullet punch
|c|☆abismal|only jirachi or itself
|c|☆IsoCon|scarf rachi yeah
|c|☆abismal|you have medicham's bp
|c|☆IsoCon|fake out mega medicham probably does a lot
|c|☆abismal|yeah
|c|☆IsoCon|does medi need tpunch in this meta
|c|☆abismal|ehh
|c|☆abismal|its got options
|c|☆abismal|but you could say the same about ice punch
|c|☆IsoCon|yeah ig so
|c|☆abismal|i think it could help to expurgate manaphy early on, ice punch could do the same to zapdos on the switch in but i doubt anyone would play that aggressively against it
|c|☆IsoCon|hjk does more to manaphy
|c|☆IsoCon|150 vs 195
|c|☆abismal|it doesn't seem like fire moves are too necessary either
|c|☆IsoCon|just more reliable
|c|☆abismal|volcarona might even be comfortable running hp ice
|c|☆IsoCon|fire is only wanted for rachi
|c|☆abismal|or glalie
|c|☆abismal|but bug buzz can tear it down
|c|☆abismal|and glalie can't do much back
|c|☆IsoCon|yeah
|c|☆IsoCon|hp ice is pretty good
|c|☆IsoCon|do you reckon mega gardevoir is any good
|c|☆IsoCon|only really countered by rachi but i think mystical fire does a lot
|c|☆abismal|could serve against medicham too
|c|☆abismal|and so can comfey
|c|☆abismal|which could be a revenge killer against linoone
|c|☆abismal|and with cm it can hold its ground against zapdos
|c|☆IsoCon|jirachi is probably going to be everywhere so comfey might struggle
|c|☆IsoCon|extremely valuable defensive typing wish pivoting and can run rocks
|c|☆IsoCon|252 SpA Gardevoir-Mega Mystical Fire vs. 252 HP / 0 SpD Jirachi: 196-232 (48.5 - 57.4%) -- guaranteed 2HKO after Leftovers recovery
|c|☆abismal|we also have entei with sacred fire
|c|☆IsoCon|theres a lot of fires
|c|☆abismal|i think ninetales could be useful for immediate drought
|c|☆abismal|just to pressure the opponent more
|c|☆abismal|its not that strong though
|c|☆abismal|but entei coould end up having a use
|c|☆abismal|i think its the only thing with eruption
|c|☆IsoCon|+1 252 SpA Victini Stored Power (120 BP) vs. 4 HP / 0 SpD Assault Vest Palkia: 141-166 (43.7 - 51.5%) -- 9% chance to 2HKO
|c|☆IsoCon|hm
|c|☆abismal|victini, almost forgot
|c|☆abismal|thats a scary one
|c|☆abismal|good thing we have priority
|c|☆abismal|any sucker punchers
|c|☆IsoCon|252 Atk Choice Band Victini V-create vs. 4 HP / 0 Def Palkia in Sun: 138-162 (42.8 - 50.3%) -- 1.2% chance to 2HKO
|c|☆abismal|makes me question whether you run normalium-z or band
|c|☆IsoCon|scarf victini is probably decent also
|c|☆IsoCon|if only for pressuring non rocks rachi constantly
|c|☆abismal|entei has espeed too
|c|☆abismal|its got stone edge for zapdos
|c|☆IsoCon|yeah you might want band entei to just shred things
|c|☆IsoCon|or lo if you think you can manage rocks well
|c|☆abismal|would mixed scarf hp grass be enough for manaphy
|c|☆abismal|252 spatk btw
|c|☆IsoCon|entei?
|c|☆abismal|actually no it wouldnt
|c|☆abismal|it deals basically nothing
|c|☆IsoCon|yeah thats to be expected
|c|☆abismal|solar beam still works
|c|☆abismal|victini's better for that though
|c|☆abismal|simply for v-create
|c|☆IsoCon|sun might want a taunter for manaphy
|c|☆abismal|victini's got taunt
|c|☆abismal|gardevoir might do it if it wants boosted mystical fire
|c|☆IsoCon|band victini cant taunt thougj
|c|☆IsoCon|btw band victini can just bolt strike manaphy
|c|☆IsoCon|taunt also helps to stop rocks from going up
|c|☆abismal|does jirachi even want speed
|c|☆IsoCon|honestly
|c|☆IsoCon|it might prefer slow uturn
|c|☆IsoCon|so could go max hp max spd
|c|☆IsoCon|oh and mega gard actually seeks great for sun
|c|☆IsoCon|beats palkia
|c|☆IsoCon|im gonna go post all this to the discord and i might try a bit more building
|c|☆abismal|doesnt look like hail or sand exist
|c|☆abismal|yeah
|c|☆IsoCon|ty for the game
|c|☆abismal|i saved the replay like 500 times so i think the chats all caught up
|c|☆abismal|np, pretty fun and this gave us way more information than i expected
