|j|☆rowletroost
|j|☆Ahuehuehue
|t:|1636919180
|gametype|singles
|player|p1|rowletroost|candice|1771
|player|p2|Ahuehuehue|pokekid|1817
|teamsize|p1|6
|teamsize|p2|6
|gen|8
|tier|[Gen 8] National Dex AG
|rated|
|rule|HP Percentage Mod: HP is shown in percentages
|rule|Endless Battle Clause: Forcing endless battles is banned
|clearpoke
|poke|p1|Arceus-*|
|poke|p1|Xerneas-*|
|poke|p1|Kyogre|
|poke|p1|Marshadow|
|poke|p1|Ribombee, F|
|poke|p1|Vivillon-Savanna, F|
|poke|p2|Groudon|
|poke|p2|Rayquaza|
|poke|p2|Calyrex-Shadow|
|poke|p2|Yveltal|
|poke|p2|Necrozma-Dusk-Mane|
|poke|p2|Ditto|
|teampreview
|inactive|Battle timer is ON: inactive players will automatically lose when time's up. (requested by rowletroost)
|j| Magistrolo
|j| Leodot
|l| Leodot
|
|t:|1636919195
|start
|switch|p1a: Arceus|Arceus-Ground|100/100
|switch|p2a: Ditto|Ditto, shiny|100/100
|-transform|p2a: Ditto|p1a: Arceus|[from] ability: Imposter
|turn|1
|inactive|Ahuehuehue has 120 seconds left.
|
|t:|1636919232
|switch|p1a: Kyogre|Kyogre, shiny|100/100
|detailschange|p1a: Kyogre|Kyogre-Primal, shiny
|-primal|p1a: Kyogre
|-weather|PrimordialSea|[from] ability: Primordial Sea|[of] p1a: Kyogre
|move|p2a: Ditto|Ice Beam|p1a: Kyogre
|-resisted|p1a: Kyogre
|-damage|p1a: Kyogre|94/100
|
|-weather|PrimordialSea|[upkeep]
|upkeep
|turn|2
|
|t:|1636919236
|switch|p2a: SANIC|Groudon, shiny|100/100
|detailschange|p2a: SANIC|Groudon-Primal, shiny
|-primal|p2a: SANIC
|-weather|DesolateLand|[from] ability: Desolate Land|[of] p2a: SANIC
|move|p1a: Kyogre|Ice Beam|p2a: SANIC
|-damage|p2a: SANIC|62/100
|
|-weather|DesolateLand|[upkeep]
|upkeep
|turn|3
|
|t:|1636919243
|switch|p1a: Arceus|Arceus-Ground|100/100
|move|p2a: SANIC|Stealth Rock|p1a: Arceus
|-sidestart|p1: rowletroost|move: Stealth Rock
|
|-weather|DesolateLand|[upkeep]
|upkeep
|turn|4
|
|t:|1636919247
|-weather|none
|switch|p2a: Hunterstorm777|Yveltal, shiny|100/100
|-ability|p2a: Hunterstorm777|Dark Aura
|move|p1a: Arceus|Defog|p2a: Hunterstorm777
|-unboost|p2a: Hunterstorm777|evasion|1
|-sideend|p1: rowletroost|Stealth Rock|[from] move: Defog|[of] p1a: Arceus
|
|upkeep
|turn|5
|
|t:|1636919252
|switch|p1a: Kyogre|Kyogre-Primal, shiny|94/100
|-weather|PrimordialSea|[from] ability: Primordial Sea|[of] p1a: Kyogre
|move|p2a: Hunterstorm777|U-turn|p1a: Kyogre
|-damage|p1a: Kyogre|76/100
|
|t:|1636919269
|switch|p2a: DELTA VARIANT|Rayquaza|100/100|[from]move: U-turn
|-ability|p2a: DELTA VARIANT|Air Lock
|
|-weather|PrimordialSea|[upkeep]
|upkeep
|turn|6
|
|t:|1636919275
|detailschange|p2a: DELTA VARIANT|Rayquaza-Mega
|-mega|p2a: DELTA VARIANT|Rayquaza|
|-weather|DeltaStream|[from] ability: Delta Stream|[of] p2a: DELTA VARIANT
|move|p2a: DELTA VARIANT|Dragon Ascent|p1a: Kyogre
|-damage|p1a: Kyogre|0 fnt
|-unboost|p2a: DELTA VARIANT|def|1
|-unboost|p2a: DELTA VARIANT|spd|1
|faint|p1a: Kyogre
|-damage|p2a: DELTA VARIANT|91/100|[from] item: Life Orb
|
|-weather|DeltaStream|[upkeep]
|upkeep
|
|t:|1636919282
|switch|p1a: Ribombee|Ribombee, F, shiny|100/100
|turn|7
|
|t:|1636919293
|move|p1a: Ribombee|Moonblast|p2a: DELTA VARIANT
|-supereffective|p2a: DELTA VARIANT
|-damage|p2a: DELTA VARIANT|0 fnt
|faint|p2a: DELTA VARIANT
|-weather|none
|
|upkeep
|
|t:|1636919297
|switch|p2a: SANIC|Groudon-Primal, shiny|62/100
|-weather|DesolateLand|[from] ability: Desolate Land|[of] p2a: SANIC
|turn|8
|
|t:|1636919303
|switch|p1a: Arceus|Arceus-Ground|100/100
|move|p2a: SANIC|Stealth Rock|p1a: Arceus
|-sidestart|p1: rowletroost|move: Stealth Rock
|
|-weather|DesolateLand|[upkeep]
|upkeep
|turn|9
|
|t:|1636919311
|-weather|none
|switch|p2a: Hunterstorm777|Yveltal, shiny|100/100
|-ability|p2a: Hunterstorm777|Dark Aura
|move|p1a: Arceus|Defog|p2a: Hunterstorm777
|-unboost|p2a: Hunterstorm777|evasion|1
|-sideend|p1: rowletroost|Stealth Rock|[from] move: Defog|[of] p1a: Arceus
|
|upkeep
|turn|10
|
|t:|1636919315
|move|p1a: Arceus|Ice Beam|p2a: Hunterstorm777
|-supereffective|p2a: Hunterstorm777
|-damage|p2a: Hunterstorm777|73/100
|-status|p2a: Hunterstorm777|frz
|-curestatus|p2a: Hunterstorm777|frz|[msg]
|move|p2a: Hunterstorm777|U-turn|p1a: Arceus
|-damage|p1a: Arceus|91/100
|
|t:|1636919326
|switch|p2a: MY LIL PONY|Calyrex-Shadow|100/100|[from]move: U-turn
|-ability|p2a: MY LIL PONY|As One
|-ability|p2a: MY LIL PONY|Unnerve
|
|upkeep
|turn|11
|
|t:|1636919330
|move|p2a: MY LIL PONY|Astral Barrage|p1a: Arceus
|-damage|p1a: Arceus|38/100
|move|p1a: Arceus|Judgment|p2a: MY LIL PONY
|-damage|p2a: MY LIL PONY|48/100
|
|upkeep
|turn|12
|
|t:|1636919347
|move|p2a: MY LIL PONY|Astral Barrage|p1a: Arceus
|-damage|p1a: Arceus|0 fnt
|faint|p1a: Arceus
|-ability|p2a: MY LIL PONY|Grim Neigh|boost
|-boost|p2a: MY LIL PONY|spa|1
|
|upkeep
|
|t:|1636919363
|switch|p1a: Marshadow|Marshadow|100/100
|turn|13
|
|t:|1636919369
|switch|p2a: Hunterstorm777|Yveltal, shiny|73/100
|-ability|p2a: Hunterstorm777|Dark Aura
|move|p1a: Marshadow|Rock Tomb|p2a: Hunterstorm777
|-supereffective|p2a: Hunterstorm777
|-damage|p2a: Hunterstorm777|25/100
|-unboost|p2a: Hunterstorm777|spe|1
|
|upkeep
|turn|14
|
|t:|1636919373
|move|p1a: Marshadow|Rock Tomb|p2a: Hunterstorm777
|-supereffective|p2a: Hunterstorm777
|-damage|p2a: Hunterstorm777|0 fnt
|faint|p2a: Hunterstorm777
|
|upkeep
|
|t:|1636919388
|switch|p2a: SANIC|Groudon-Primal, shiny|62/100
|-weather|DesolateLand|[from] ability: Desolate Land|[of] p2a: SANIC
|turn|15
|
|t:|1636919390
|switch|p1a: Ribombee|Ribombee, F, shiny|100/100
|move|p2a: SANIC|Stealth Rock|p1a: Ribombee
|-sidestart|p1: rowletroost|move: Stealth Rock
|
|-weather|DesolateLand|[upkeep]
|upkeep
|turn|16
|
|t:|1636919393
|move|p1a: Ribombee|Defog|p2a: SANIC
|-unboost|p2a: SANIC|evasion|1
|-sideend|p1: rowletroost|Stealth Rock|[from] move: Defog|[of] p1a: Ribombee
|move|p2a: SANIC|Rock Tomb|p1a: Ribombee
|-supereffective|p1a: Ribombee
|-enditem|p1a: Ribombee|Focus Sash
|-damage|p1a: Ribombee|1/100
|-unboost|p1a: Ribombee|spe|1
|
|-weather|DesolateLand|[upkeep]
|upkeep
|turn|17
|inactive|rowletroost has 120 seconds left.
|l| Magistrolo
|j| Magistrolo
|
|t:|1636919451
|move|p1a: Ribombee|Moonblast|p2a: SANIC
|-resisted|p2a: SANIC
|-damage|p2a: SANIC|43/100
|-unboost|p2a: SANIC|spa|1
|move|p2a: SANIC|Rock Tomb|p1a: Ribombee
|-supereffective|p1a: Ribombee
|-damage|p1a: Ribombee|0 fnt
|faint|p1a: Ribombee
|
|-weather|DesolateLand|[upkeep]
|upkeep
|inactive|rowletroost has 90 seconds left.
|
|t:|1636919470
|switch|p1a: Xerneas|Xerneas, shiny|100/100
|-ability|p1a: Xerneas|Fairy Aura
|turn|18
|
|t:|1636919474
|move|p1a: Xerneas|Geomancy||[still]
|-prepare|p1a: Xerneas|Geomancy
|-enditem|p1a: Xerneas|Power Herb
|-anim|p1a: Xerneas|Geomancy|p1a: Xerneas
|-boost|p1a: Xerneas|spa|2
|-boost|p1a: Xerneas|spd|2
|-boost|p1a: Xerneas|spe|2
|move|p2a: SANIC|Precipice Blades|p1a: Xerneas
|-damage|p1a: Xerneas|39/100
|
|-weather|DesolateLand|[upkeep]
|upkeep
|turn|19
|
|t:|1636919490
|-weather|none
|switch|p2a: MY LIL PONY|Calyrex-Shadow|48/100
|-ability|p2a: MY LIL PONY|As One
|-ability|p2a: MY LIL PONY|Unnerve
|move|p1a: Xerneas|Hidden Power|p2a: MY LIL PONY
|-damage|p2a: MY LIL PONY|2/100
|
|upkeep
|turn|20
|
|t:|1636919497
|move|p1a: Xerneas|Moonblast|p2a: MY LIL PONY
|-damage|p2a: MY LIL PONY|0 fnt
|faint|p2a: MY LIL PONY
|
|upkeep
|
|t:|1636919502
|switch|p2a: Necrozma|Necrozma-Dusk-Mane, shiny|100/100
|turn|21
|
|t:|1636919511
|-start|p2a: Necrozma|Dynamax
|-heal|p2a: Necrozma|100/100|[silent]
|move|p1a: Xerneas|Hidden Power|p2a: Necrozma
|-supereffective|p2a: Necrozma
|-damage|p2a: Necrozma|75/100
|-enditem|p2a: Necrozma|Weakness Policy
|-boost|p2a: Necrozma|atk|2|[from] item: Weakness Policy
|-boost|p2a: Necrozma|spa|2|[from] item: Weakness Policy
|move|p2a: Necrozma|Max Rockfall|p1a: Xerneas
|-damage|p1a: Xerneas|0 fnt
|-weather|Sandstorm
|faint|p1a: Xerneas
|
|-weather|Sandstorm|[upkeep]
|upkeep
|
|t:|1636919515
|switch|p1a: Vivillon|Vivillon-Savanna, F|100/100
|turn|22
|
|t:|1636919520
|move|p1a: Vivillon|Sleep Powder|p2a: Necrozma
|-status|p2a: Necrozma|slp|[from] move: Sleep Powder
|cant|p2a: Necrozma|slp
|
|-weather|Sandstorm|[upkeep]
|-damage|p1a: Vivillon|95/100|[from] Sandstorm
|-heal|p1a: Vivillon|100/100|[from] item: Leftovers
|upkeep
|turn|23
|
|t:|1636919525
|move|p1a: Vivillon|Substitute|p1a: Vivillon
|-start|p1a: Vivillon|Substitute
|-damage|p1a: Vivillon|76/100
|cant|p2a: Necrozma|slp
|
|-weather|Sandstorm|[upkeep]
|-damage|p1a: Vivillon|70/100|[from] Sandstorm
|-heal|p1a: Vivillon|76/100|[from] item: Leftovers
|-end|p2a: Necrozma|Dynamax
|-heal|p2a: Necrozma|75/100 slp|[silent]
|upkeep
|turn|24
|
|t:|1636919529
|move|p1a: Vivillon|Quiver Dance|p1a: Vivillon
|-boost|p1a: Vivillon|spa|1
|-boost|p1a: Vivillon|spd|1
|-boost|p1a: Vivillon|spe|1
|cant|p2a: Necrozma|slp
|
|-weather|Sandstorm|[upkeep]
|-damage|p1a: Vivillon|70/100|[from] Sandstorm
|-heal|p1a: Vivillon|76/100|[from] item: Leftovers
|upkeep
|turn|25
|
|t:|1636919531
|move|p1a: Vivillon|Hurricane|p2a: Necrozma
|-resisted|p2a: Necrozma
|-damage|p2a: Necrozma|47/100 slp
|-start|p2a: Necrozma|confusion
|-curestatus|p2a: Necrozma|slp|[msg]
|-activate|p2a: Necrozma|confusion
|-damage|p2a: Necrozma|26/100|[from] confusion
|
|-weather|none
|-heal|p1a: Vivillon|82/100|[from] item: Leftovers
|upkeep
|turn|26
|
|t:|1636919538
|move|p1a: Vivillon|Sleep Powder|p2a: Necrozma
|-status|p2a: Necrozma|slp|[from] move: Sleep Powder
|cant|p2a: Necrozma|slp
|
|-heal|p1a: Vivillon|88/100|[from] item: Leftovers
|upkeep
|turn|27
|
|t:|1636919540
|move|p1a: Vivillon|Hurricane|p2a: Necrozma
|-resisted|p2a: Necrozma
|-damage|p2a: Necrozma|0 fnt
|faint|p2a: Necrozma
|
|-heal|p1a: Vivillon|94/100|[from] item: Leftovers
|upkeep
|-message|Ahuehuehue forfeited.
|
|win|rowletroost
|raw|rowletroost's rating: 1771 &rarr; <strong>1794</strong><br />(+23 for winning)
|raw|Ahuehuehue's rating: 1817 &rarr; <strong>1794</strong><br />(-23 for losing)
|l|☆Ahuehuehue
