|j|☆getess
|j|☆the thin mints lad
|inactive|Battle timer is ON: inactive players will automatically lose when time's up.
|t:|1669833541
|gametype|singles
|player|p1|getess|artist-gen4|
|player|p2|the thin mints lad|blaine|
|teamsize|p1|6
|teamsize|p2|6
|gen|8
|tier|[Gen 8] National Dex AG
|rated|Tournament battle
|rule|HP Percentage Mod: HP is shown in percentages
|rule|Endless Battle Clause: Forcing endless battles is banned
|clearpoke
|poke|p1|Necrozma-Dusk-Mane|
|poke|p1|Calyrex-Shadow|
|poke|p1|Yveltal|
|poke|p1|Arceus-*|
|poke|p1|Xerneas-*|
|poke|p1|Groudon|
|poke|p2|Marshadow|
|poke|p2|Ditto|
|poke|p2|Zygarde|
|poke|p2|Murkrow, M|
|poke|p2|Arceus-*|
|poke|p2|Eternatus|
|teampreview
|j| NATALlE
|
|t:|1669833570
|start
|switch|p1a: Arceus|Arceus-Dark|100/100
|switch|p2a: クソ偽りの神|Arceus-Fairy, shiny|100/100
|turn|1
|j| DM/Umibozu
|
|t:|1669833591
|move|p2a: クソ偽りの神|Stealth Rock|p1a: Arceus
|-sidestart|p1: getess|move: Stealth Rock
|move|p1a: Arceus|Stealth Rock|p2a: クソ偽りの神
|-sidestart|p2: the thin mints lad|move: Stealth Rock
|
|upkeep
|turn|2
|
|t:|1669833602
|switch|p1a: Groudon|Groudon|100/100
|-damage|p1a: Groudon|94/100|[from] Stealth Rock
|detailschange|p1a: Groudon|Groudon-Primal
|-primal|p1a: Groudon
|-weather|DesolateLand|[from] ability: Desolate Land|[of] p1a: Groudon
|move|p2a: クソ偽りの神|Judgment|p1a: Groudon
|-resisted|p1a: Groudon
|-damage|p1a: Groudon|74/100
|
|-weather|DesolateLand|[upkeep]
|upkeep
|turn|3
|
|t:|1669833608
|switch|p2a: 10匹のファットドッグの歯磨き粉|Zygarde, shiny|100/100
|-damage|p2a: 10匹のファットドッグの歯磨き粉|94/100|[from] Stealth Rock
|move|p1a: Groudon|Swords Dance|p1a: Groudon
|-boost|p1a: Groudon|atk|2
|
|-weather|DesolateLand|[upkeep]
|upkeep
|turn|4
|
|t:|1669833616
|move|p1a: Groudon|Precipice Blades|p2a: 10匹のファットドッグの歯磨き粉|[miss]
|-miss|p1a: Groudon|p2a: 10匹のファットドッグの歯磨き粉
|move|p2a: 10匹のファットドッグの歯磨き粉|Glare|p1a: Groudon
|-status|p1a: Groudon|par
|
|-weather|DesolateLand|[upkeep]
|upkeep
|turn|5
|
|t:|1669833621
|-weather|none
|switch|p1a: Xerneas|Xerneas|100/100
|-damage|p1a: Xerneas|88/100|[from] Stealth Rock
|-ability|p1a: Xerneas|Fairy Aura
|move|p2a: 10匹のファットドッグの歯磨き粉|Coil|p2a: 10匹のファットドッグの歯磨き粉
|-boost|p2a: 10匹のファットドッグの歯磨き粉|atk|1
|-boost|p2a: 10匹のファットドッグの歯磨き粉|def|1
|-boost|p2a: 10匹のファットドッグの歯磨き粉|accuracy|1
|
|-heal|p1a: Xerneas|94/100|[from] item: Leftovers
|upkeep
|turn|6
|
|t:|1669833624
|-start|p2a: 10匹のファットドッグの歯磨き粉|Dynamax|
|-heal|p2a: 10匹のファットドッグの歯磨き粉|94/100|[silent]
|move|p2a: 10匹のファットドッグの歯磨き粉|Max Quake|p1a: Xerneas
|-damage|p1a: Xerneas|45/100
|-boost|p2a: 10匹のファットドッグの歯磨き粉|spd|1
|move|p1a: Xerneas|Aromatherapy|p1a: Xerneas
|-activate|p1a: Xerneas|move: Aromatherapy
|-curestatus|p1: Groudon|par|[msg]
|
|-heal|p1a: Xerneas|51/100|[from] item: Leftovers
|upkeep
|turn|7
|j| Danygamer10
|
|t:|1669833632
|-start|p1a: Xerneas|Dynamax|
|-heal|p1a: Xerneas|51/100|[silent]
|move|p2a: 10匹のファットドッグの歯磨き粉|Max Quake|p1a: Xerneas
|-damage|p1a: Xerneas|26/100
|-boost|p2a: 10匹のファットドッグの歯磨き粉|spd|1
|move|p1a: Xerneas|Max Starfall|p2a: 10匹のファットドッグの歯磨き粉
|-supereffective|p2a: 10匹のファットドッグの歯磨き粉
|-damage|p2a: 10匹のファットドッグの歯磨き粉|58/100
|-fieldstart|move: Misty Terrain
|
|-heal|p1a: Xerneas|29/100|[from] item: Leftovers
|upkeep
|turn|8
|
|t:|1669833637
|move|p1a: Xerneas|Max Guard|p1a: Xerneas
|-singleturn|p1a: Xerneas|Max Guard
|move|p2a: 10匹のファットドッグの歯磨き粉|Max Quake|p1a: Xerneas
|-activate|p1a: Xerneas|move: Max Guard
|
|-heal|p1a: Xerneas|32/100|[from] item: Leftovers
|upkeep
|-end|p2a: 10匹のファットドッグの歯磨き粉|Dynamax
|-heal|p2a: 10匹のファットドッグの歯磨き粉|58/100|[silent]
|turn|9
|
|t:|1669833644
|move|p2a: 10匹のファットドッグの歯磨き粉|Coil|p2a: 10匹のファットドッグの歯磨き粉
|-boost|p2a: 10匹のファットドッグの歯磨き粉|atk|1
|-boost|p2a: 10匹のファットドッグの歯磨き粉|def|1
|-boost|p2a: 10匹のファットドッグの歯磨き粉|accuracy|1
|move|p1a: Xerneas|Max Starfall|p2a: 10匹のファットドッグの歯磨き粉
|-supereffective|p2a: 10匹のファットドッグの歯磨き粉
|-damage|p2a: 10匹のファットドッグの歯磨き粉|0 fnt
|faint|p2a: 10匹のファットドッグの歯磨き粉
|
|-heal|p1a: Xerneas|35/100|[from] item: Leftovers
|upkeep
|
|t:|1669833655
|switch|p2a: 毒タイプ？|Eternatus|100/100
|-damage|p2a: 毒タイプ？|88/100|[from] Stealth Rock
|-ability|p2a: 毒タイプ？|Pressure
|-end|p1a: Xerneas|Dynamax
|-heal|p1a: Xerneas|35/100|[silent]
|turn|10
|
|t:|1669833664
|switch|p1a: Groudon|Groudon-Primal|74/100
|-damage|p1a: Groudon|61/100|[from] Stealth Rock
|-weather|DesolateLand|[from] ability: Desolate Land|[of] p1a: Groudon
|move|p2a: 毒タイプ？|Sludge Bomb|p1a: Groudon
|-resisted|p1a: Groudon
|-damage|p1a: Groudon|29/100
|-damage|p2a: 毒タイプ？|78/100|[from] item: Life Orb
|
|-weather|DesolateLand|[upkeep]
|upkeep
|turn|11
|
|t:|1669833674
|move|p2a: 毒タイプ？|Sludge Bomb|p1a: Groudon
|-resisted|p1a: Groudon
|-damage|p1a: Groudon|0 fnt
|faint|p1a: Groudon
|-weather|none
|-damage|p2a: 毒タイプ？|68/100|[from] item: Life Orb
|
|-fieldend|Misty Terrain
|upkeep
|
|t:|1669833679
|switch|p1a: Necrozma|Necrozma-Dusk-Mane|100/100
|-damage|p1a: Necrozma|94/100|[from] Stealth Rock
|turn|12
|
|t:|1669833692
|move|p2a: 毒タイプ？|Flamethrower|p1a: Necrozma
|-supereffective|p1a: Necrozma
|-damage|p1a: Necrozma|44/100
|-damage|p2a: 毒タイプ？|58/100|[from] item: Life Orb
|move|p1a: Necrozma|Dragon Dance|p1a: Necrozma
|-boost|p1a: Necrozma|atk|1
|-boost|p1a: Necrozma|spe|1
|
|upkeep
|turn|13
|
|t:|1669833705
|switch|p1a: Calyrex|Calyrex-Shadow|100/100
|-ability|p1a: Calyrex|As One
|-ability|p1a: Calyrex|Unnerve
|-damage|p1a: Calyrex|88/100|[from] Stealth Rock
|move|p2a: 毒タイプ？|Dynamax Cannon|p1a: Calyrex
|-damage|p1a: Calyrex|12/100
|-damage|p2a: 毒タイプ？|48/100|[from] item: Life Orb
|
|upkeep
|turn|14
|
|t:|1669833711
|switch|p2a: 真の神|Murkrow, M, shiny|100/100
|-damage|p2a: 真の神|76/100|[from] Stealth Rock
|move|p1a: Calyrex|Astral Barrage|p2a: 真の神
|-resisted|p2a: 真の神
|-damage|p2a: 真の神|45/100
|
|upkeep
|turn|15
|
|t:|1669833720
|move|p2a: 真の神|Roost|p2a: 真の神
|-heal|p2a: 真の神|96/100
|-singleturn|p2a: 真の神|move: Roost
|move|p1a: Calyrex|Draining Kiss|p2a: 真の神
|-supereffective|p2a: 真の神
|-damage|p2a: 真の神|63/100
|-heal|p1a: Calyrex|35/100|[from] drain|[of] p2a: 真の神
|
|upkeep
|turn|16
|
|t:|1669833725
|move|p1a: Calyrex|Draining Kiss|p2a: 真の神
|-supereffective|p2a: 真の神
|-crit|p2a: 真の神
|-damage|p2a: 真の神|7/100
|-heal|p1a: Calyrex|75/100|[from] drain|[of] p2a: 真の神
|move|p2a: 真の神|Foul Play|p1a: Calyrex
|-supereffective|p1a: Calyrex
|-damage|p1a: Calyrex|0 fnt
|faint|p1a: Calyrex
|
|upkeep
|
|t:|1669833738
|switch|p1a: Arceus|Arceus-Dark|100/100
|-damage|p1a: Arceus|88/100|[from] Stealth Rock
|turn|17
|
|t:|1669833746
|move|p2a: 真の神|Roost|p2a: 真の神
|-heal|p2a: 真の神|57/100
|-singleturn|p2a: 真の神|move: Roost
|move|p1a: Arceus|Toxic|p2a: 真の神
|-status|p2a: 真の神|tox
|
|-damage|p2a: 真の神|51/100 tox|[from] psn
|upkeep
|turn|18
|
|t:|1669833766
|switch|p2a: 毒タイプ？|Eternatus|48/100
|-damage|p2a: 毒タイプ？|36/100|[from] Stealth Rock
|-ability|p2a: 毒タイプ？|Pressure
|move|p1a: Arceus|Judgment|p2a: 毒タイプ？
|-crit|p2a: 毒タイプ？
|-damage|p2a: 毒タイプ？|0 fnt
|faint|p2a: 毒タイプ？
|
|upkeep
|
|t:|1669833774
|switch|p2a: 良い泥棒|Marshadow|100/100
|-damage|p2a: 良い泥棒|94/100|[from] Stealth Rock
|turn|19
|
|t:|1669833779
|switch|p1a: Xerneas|Xerneas|35/100
|-damage|p1a: Xerneas|22/100|[from] Stealth Rock
|-ability|p1a: Xerneas|Fairy Aura
|move|p2a: 良い泥棒|Close Combat|p1a: Xerneas
|-resisted|p1a: Xerneas
|-damage|p1a: Xerneas|0 fnt
|-unboost|p2a: 良い泥棒|def|1
|-unboost|p2a: 良い泥棒|spd|1
|faint|p1a: Xerneas
|
|upkeep
|
|t:|1669833784
|switch|p1a: Yveltal|Yveltal|100/100
|-damage|p1a: Yveltal|76/100|[from] Stealth Rock
|-ability|p1a: Yveltal|Dark Aura
|turn|20
|
|t:|1669833789
|move|p2a: 良い泥棒|Close Combat|p1a: Yveltal
|-damage|p1a: Yveltal|0 fnt
|-unboost|p2a: 良い泥棒|def|1
|-unboost|p2a: 良い泥棒|spd|1
|faint|p1a: Yveltal
|
|upkeep
|-message|getess forfeited.
|
|win|the thin mints lad
|n|☆getess|getess
|n|☆the thin mints lad|thethinmintslad
|n| NATALlE|natalle
|n| DM/Umibozu|dmumibozu
|n| Danygamer10|danygamer10
