|j|☆Buck X
|j|☆Glaliegoesboom ❤
|t:|1661432038
|gametype|singles
|player|p1|Buck X|lance-masters|
|player|p2|Glaliegoesboom ❤|cynthia-masters|
|teamsize|p1|6
|teamsize|p2|6
|gen|8
|tier|[Gen 8] National Dex AG
|rule|HP Percentage Mod: HP is shown in percentages
|rule|Endless Battle Clause: Forcing endless battles is banned
|clearpoke
|poke|p1|Tapu Koko|
|poke|p1|Arcanine, M|
|poke|p1|Marshadow|
|poke|p1|Groudon|
|poke|p1|Zamazenta-*|
|poke|p1|Dragonite, F|
|poke|p2|Marshadow|
|poke|p2|Urshifu-*, M|
|poke|p2|Groudon|
|poke|p2|Celesteela|
|poke|p2|Diancie|
|poke|p2|Giratina|
|teampreview
|inactive|Battle timer is ON: inactive players will automatically lose when time's up. (requested by Buck X)
|inactive|Glaliegoesboom ❤ also wants the timer to be on.
|
|t:|1661432042
|start
|switch|p1a: Arcanine|Arcanine, M|100/100
|switch|p2a: Diancie|Diancie|100/100
|-ability|p1a: Arcanine|Intimidate|boost
|-fail|p2a: Diancie|unboost|[from] ability: Clear Body|[of] p2a: Diancie
|turn|1
|
|t:|1661432046
|move|p1a: Arcanine|Iron Head|p2a: Diancie
|-supereffective|p2a: Diancie
|-damage|p2a: Diancie|19/100
|cant|p2a: Diancie|flinch
|
|upkeep
|turn|2
|
|t:|1661432067
|switch|p2a: Giratina|Giratina|100/100
|-ability|p2a: Giratina|Pressure
|move|p1a: Arcanine|Iron Head|p2a: Giratina
|-damage|p2a: Giratina|89/100
|
|upkeep
|turn|3
|
|t:|1661432076
|move|p1a: Arcanine|Play Rough|p2a: Giratina
|-supereffective|p2a: Giratina
|-enditem|p2a: Giratina|Roseli Berry|[eat]
|-enditem|p2a: Giratina|Roseli Berry|[weaken]
|-damage|p2a: Giratina|73/100
|move|p2a: Giratina|Toxic|p1a: Arcanine
|-status|p1a: Arcanine|tox
|
|-damage|p1a: Arcanine|94/100 tox|[from] psn
|upkeep
|turn|4
|c|☆Buck X|Alright that’s good
|
|t:|1661432095
|switch|p1a: Groudon|Groudon|100/100
|-weather|SunnyDay|[from] ability: Drought|[of] p1a: Groudon
|move|p2a: Giratina|Poltergeist|p1a: Groudon
|-activate|p1a: Groudon|move: Poltergeist|Leftovers
|-damage|p1a: Groudon|65/100
|
|-weather|SunnyDay|[upkeep]
|-heal|p1a: Groudon|71/100|[from] item: Leftovers
|upkeep
|turn|5
|
|t:|1661432104
|switch|p2a: Diancie|Diancie|19/100
|move|p1a: Groudon|Stealth Rock|p2a: Diancie
|-sidestart|p2: Glaliegoesboom ❤|move: Stealth Rock
|
|-weather|SunnyDay|[upkeep]
|-heal|p1a: Groudon|77/100|[from] item: Leftovers
|upkeep
|turn|6
|
|t:|1661432108
|move|p2a: Diancie|Stealth Rock|p1a: Groudon
|-sidestart|p1: Buck X|move: Stealth Rock
|move|p1a: Groudon|Solar Beam||[still]
|-prepare|p1a: Groudon|Solar Beam
|-anim|p1a: Groudon|Solar Beam|p2a: Diancie
|-supereffective|p2a: Diancie
|-damage|p2a: Diancie|0 fnt
|faint|p2a: Diancie
|
|-weather|SunnyDay|[upkeep]
|-heal|p1a: Groudon|83/100|[from] item: Leftovers
|upkeep
|
|t:|1661432116
|switch|p2a: Giratina|Giratina|73/100
|-damage|p2a: Giratina|61/100|[from] Stealth Rock
|-ability|p2a: Giratina|Pressure
|turn|7
|
|t:|1661432119
|move|p2a: Giratina|Toxic|p1a: Groudon
|-status|p1a: Groudon|tox
|move|p1a: Groudon|Dragon Pulse|p2a: Giratina
|-supereffective|p2a: Giratina
|-damage|p2a: Giratina|27/100
|
|-weather|SunnyDay|[upkeep]
|-heal|p1a: Groudon|89/100 tox|[from] item: Leftovers
|-damage|p1a: Groudon|83/100 tox|[from] psn
|upkeep
|turn|8
|
|t:|1661432123
|move|p2a: Giratina|Poltergeist|p1a: Groudon
|-activate|p1a: Groudon|move: Poltergeist|Leftovers
|-damage|p1a: Groudon|53/100 tox
|move|p1a: Groudon|Dragon Pulse|p2a: Giratina
|-supereffective|p2a: Giratina
|-damage|p2a: Giratina|0 fnt
|faint|p2a: Giratina
|
|-weather|none
|-heal|p1a: Groudon|59/100 tox|[from] item: Leftovers
|-damage|p1a: Groudon|47/100 tox|[from] psn
|upkeep
|
|t:|1661432137
|switch|p2a: Marshadow|Marshadow|100/100
|-damage|p2a: Marshadow|94/100|[from] Stealth Rock
|turn|9
|c|☆Buck X|It would be great if groudon had cm
|
|t:|1661432148
|move|p2a: Marshadow|Spectral Thief|p1a: Groudon
|-damage|p1a: Groudon|1/100 tox
|move|p1a: Groudon|Flamethrower|p2a: Marshadow
|-damage|p2a: Marshadow|61/100
|
|-heal|p1a: Groudon|7/100 tox|[from] item: Leftovers
|-damage|p1a: Groudon|0 fnt|[from] psn
|faint|p1a: Groudon
|upkeep
|
|t:|1661432160
|switch|p1a: Zamazenta|Zamazenta|100/100
|-damage|p1a: Zamazenta|94/100|[from] Stealth Rock
|-ability|p1a: Zamazenta|Dauntless Shield|boost
|-boost|p1a: Zamazenta|def|1
|turn|10
|
|t:|1661432165
|switch|p1a: Tapu Koko|Tapu Koko|100/100
|-damage|p1a: Tapu Koko|88/100|[from] Stealth Rock
|-fieldstart|move: Electric Terrain|[from] ability: Electric Surge|[of] p1a: Tapu Koko
|move|p2a: Marshadow|Spectral Thief|p1a: Tapu Koko
|-damage|p1a: Tapu Koko|0 fnt
|faint|p1a: Tapu Koko
|
|upkeep
|c|☆Buck X|Fuck
|c|☆Buck X|gg
|
|t:|1661432176
|switch|p1a: Zamazenta|Zamazenta|94/100
|-damage|p1a: Zamazenta|88/100|[from] Stealth Rock
|-ability|p1a: Zamazenta|Dauntless Shield|boost
|-boost|p1a: Zamazenta|def|1
|turn|11
|
|t:|1661432181
|move|p1a: Zamazenta|Wild Charge|p2a: Marshadow
|-damage|p2a: Marshadow|0 fnt
|faint|p2a: Marshadow
|-damage|p1a: Zamazenta|73/100|[from] Recoil
|
|upkeep
|
|t:|1661432185
|switch|p2a: Groudon|Groudon|100/100
|-damage|p2a: Groudon|94/100|[from] Stealth Rock
|-weather|SunnyDay|[from] ability: Drought|[of] p2a: Groudon
|turn|12
|
|t:|1661432197
|switch|p1a: Dragonite|Dragonite, F|100/100
|-damage|p1a: Dragonite|76/100|[from] Stealth Rock
|-start|p2a: Groudon|Dynamax|
|-heal|p2a: Groudon|94/100|[silent]
|move|p2a: Groudon|Max Airstream|p1a: Dragonite
|-damage|p1a: Dragonite|22/100
|-boost|p2a: Groudon|spe|1
|
|-weather|SunnyDay|[upkeep]
|upkeep
|turn|13
|
|t:|1661432206
|move|p2a: Groudon|Max Airstream|p1a: Dragonite
|-damage|p1a: Dragonite|0 fnt
|-boost|p2a: Groudon|spe|1
|faint|p1a: Dragonite
|
|-weather|SunnyDay|[upkeep]
|upkeep
|
|t:|1661432212
|switch|p1a: Arcanine|Arcanine, M|94/100 tox
|-damage|p1a: Arcanine|70/100 tox|[from] Stealth Rock
|-ability|p1a: Arcanine|Intimidate|boost
|-unboost|p2a: Groudon|atk|1
|turn|14
|
|t:|1661432217
|move|p2a: Groudon|Max Quake|p1a: Arcanine
|-supereffective|p1a: Arcanine
|-enditem|p1a: Arcanine|Shuca Berry|[eat]
|-enditem|p1a: Arcanine|Shuca Berry|[weaken]
|-damage|p1a: Arcanine|7/100 tox
|-boost|p2a: Groudon|spd|1
|move|p1a: Arcanine|Will-O-Wisp|p2a: Groudon
|-status|p2a: Groudon|brn
|
|-weather|SunnyDay|[upkeep]
|-damage|p1a: Arcanine|1/100 tox|[from] psn
|-damage|p2a: Groudon|91/100 brn|[from] brn
|-fieldend|move: Electric Terrain
|upkeep
|-end|p2a: Groudon|Dynamax
|-heal|p2a: Groudon|91/100 brn|[silent]
|turn|15
|
|t:|1661432232
|move|p2a: Groudon|Aerial Ace|p1a: Arcanine
|-damage|p1a: Arcanine|0 fnt
|faint|p1a: Arcanine
|
|-weather|SunnyDay|[upkeep]
|-damage|p2a: Groudon|85/100 brn|[from] brn
|upkeep
|
|t:|1661432235
|switch|p1a: Marshadow|Marshadow|100/100
|-damage|p1a: Marshadow|94/100|[from] Stealth Rock
|turn|16
|
|t:|1661432240
|-start|p1a: Marshadow|Dynamax|
|-heal|p1a: Marshadow|94/100|[silent]
|move|p2a: Groudon|Aerial Ace|p1a: Marshadow
|-supereffective|p1a: Marshadow
|-damage|p1a: Marshadow|83/100
|move|p1a: Marshadow|Max Knuckle|p2a: Groudon
|-damage|p2a: Groudon|51/100 brn
|-boost|p1a: Marshadow|atk|1
|
|-weather|none
|-damage|p2a: Groudon|45/100 brn|[from] brn
|upkeep
|turn|17
|
|t:|1661432244
|move|p2a: Groudon|Earthquake|p1a: Marshadow
|-damage|p1a: Marshadow|71/100
|move|p1a: Marshadow|Max Knuckle|p2a: Groudon
|-damage|p2a: Groudon|0 fnt
|-boost|p1a: Marshadow|atk|1
|faint|p2a: Groudon
|
|upkeep
|
|t:|1661432246
|switch|p2a: Urshifu|Urshifu, M|100/100
|-damage|p2a: Urshifu|94/100|[from] Stealth Rock
|turn|18
|
|t:|1661432251
|move|p2a: Urshifu|Wicked Blow|p1a: Marshadow
|-crit|p1a: Marshadow
|-damage|p1a: Marshadow|23/100
|move|p1a: Marshadow|Max Knuckle|p2a: Urshifu
|-supereffective|p2a: Urshifu
|-damage|p2a: Urshifu|0 fnt
|-boost|p1a: Marshadow|atk|1
|faint|p2a: Urshifu
|
|upkeep
|
|t:|1661432252
|switch|p2a: Celesteela|Celesteela|100/100
|-damage|p2a: Celesteela|88/100|[from] Stealth Rock
|-end|p1a: Marshadow|Dynamax
|-heal|p1a: Marshadow|24/100|[silent]
|turn|19
|c|☆Buck X|Whoa
|c|☆Buck X|gg
|
|t:|1661432265
|move|p1a: Marshadow|Close Combat|p2a: Celesteela
|-damage|p2a: Celesteela|0 fnt
|-unboost|p1a: Marshadow|def|1
|-unboost|p1a: Marshadow|spd|1
|faint|p2a: Celesteela
|
|win|Buck X
|c|☆Glaliegoesboom ❤|Gg
