|j|☆ArcadeStarJonah
|j|☆Ike745
|t:|1658784184
|gametype|singles
|player|p1|ArcadeStarJonah|dahlia|1613
|player|p2|Ike745|blue|1743
|teamsize|p1|6
|teamsize|p2|6
|gen|8
|tier|[Gen 8] National Dex AG
|rated|
|rule|HP Percentage Mod: HP is shown in percentages
|rule|Endless Battle Clause: Forcing endless battles is banned
|clearpoke
|poke|p1|Murkrow, F|
|poke|p1|Zacian-*|
|poke|p1|Calyrex-Shadow|
|poke|p1|Groudon|
|poke|p1|Necrozma-Dusk-Mane|
|poke|p1|Yveltal|
|poke|p2|Rayquaza|
|poke|p2|Groudon|
|poke|p2|Arceus-*|
|poke|p2|Calyrex-Shadow|
|poke|p2|Yveltal|
|poke|p2|Necrozma-Dusk-Mane|
|teampreview
|inactive|Battle timer is ON: inactive players will automatically lose when time's up. (requested by Ike745)
|j| DrippinSauce
|
|t:|1658784194
|start
|switch|p1a: Necrozma|Necrozma-Dusk-Mane|100/100
|switch|p2a: Groudon|Groudon, shiny|100/100
|detailschange|p2a: Groudon|Groudon-Primal, shiny
|-primal|p2a: Groudon
|-weather|DesolateLand|[from] ability: Desolate Land|[of] p2a: Groudon
|turn|1
|
|t:|1658784206
|switch|p1a: Murkrow|Murkrow, F|100/100
|move|p2a: Groudon|Fire Punch|p1a: Murkrow
|-enditem|p1a: Murkrow|Focus Sash
|-damage|p1a: Murkrow|1/100
|
|-weather|DesolateLand|[upkeep]
|upkeep
|turn|2
|j| kek1445645
|
|t:|1658784229
|move|p1a: Murkrow|Foul Play|p2a: Groudon
|-damage|p2a: Groudon|76/100
|move|p2a: Groudon|Fire Punch|p1a: Murkrow
|-damage|p1a: Murkrow|0 fnt
|faint|p1a: Murkrow
|
|-weather|DesolateLand|[upkeep]
|upkeep
|c| kek1445645|hey you like kpop?
|
|t:|1658784249
|switch|p1a: Groudon|Groudon|100/100
|detailschange|p1a: Groudon|Groudon-Primal
|-primal|p1a: Groudon
|turn|3
|c|☆Ike745|i like to kpop that cherry
|
|t:|1658784260
|move|p1a: Groudon|Precipice Blades|p2a: Groudon
|-supereffective|p2a: Groudon
|-damage|p2a: Groudon|8/100
|move|p2a: Groudon|Precipice Blades|p1a: Groudon
|-supereffective|p1a: Groudon
|-damage|p1a: Groudon|3/100
|
|-weather|DesolateLand|[upkeep]
|upkeep
|turn|4
|
|t:|1658784268
|move|p1a: Groudon|Fire Punch|p2a: Groudon
|-resisted|p2a: Groudon
|-damage|p2a: Groudon|0 fnt
|faint|p2a: Groudon
|
|-weather|DesolateLand|[upkeep]
|upkeep
|
|t:|1658784288
|switch|p2a: Rayquaza|Rayquaza|100/100
|-ability|p2a: Rayquaza|Air Lock
|turn|5
|
|t:|1658784298
|detailschange|p2a: Rayquaza|Rayquaza-Mega
|-mega|p2a: Rayquaza|Rayquaza|
|-weather|DeltaStream|[from] ability: Delta Stream|[of] p2a: Rayquaza
|move|p1a: Groudon|Fire Punch|p2a: Rayquaza
|-resisted|p2a: Rayquaza
|-damage|p2a: Rayquaza|79/100
|move|p2a: Rayquaza|Dragon Dance|p2a: Rayquaza
|-boost|p2a: Rayquaza|atk|1
|-boost|p2a: Rayquaza|spe|1
|
|-weather|DeltaStream|[upkeep]
|upkeep
|turn|6
|
|t:|1658784308
|move|p2a: Rayquaza|Earthquake|p1a: Groudon
|-supereffective|p1a: Groudon
|-damage|p1a: Groudon|0 fnt
|faint|p1a: Groudon
|
|-weather|DeltaStream|[upkeep]
|upkeep
|
|t:|1658784314
|switch|p1a: Calyrex|Calyrex-Shadow|100/100
|-ability|p1a: Calyrex|As One
|-ability|p1a: Calyrex|Unnerve
|turn|7
|
|t:|1658784321
|move|p2a: Rayquaza|Earthquake|p1a: Calyrex
|-damage|p1a: Calyrex|14/100
|move|p1a: Calyrex|Astral Barrage|p2a: Rayquaza
|-damage|p2a: Rayquaza|18/100
|
|-weather|DeltaStream|[upkeep]
|upkeep
|turn|8
|c| kek1445645|GUNDAN STYLE
|
|t:|1658784338
|switch|p1a: Necrozma|Necrozma-Dusk-Mane|100/100
|move|p2a: Rayquaza|Earthquake|p1a: Necrozma
|-supereffective|p1a: Necrozma
|-damage|p1a: Necrozma|42/100
|
|-weather|DeltaStream|[upkeep]
|-heal|p1a: Necrozma|48/100|[from] item: Leftovers
|upkeep
|turn|9
|
|t:|1658784344
|move|p2a: Rayquaza|Earthquake|p1a: Necrozma
|-supereffective|p1a: Necrozma
|-crit|p1a: Necrozma
|-damage|p1a: Necrozma|0 fnt
|faint|p1a: Necrozma
|
|-weather|DeltaStream|[upkeep]
|upkeep
|
|t:|1658784346
|switch|p1a: Yveltal|Yveltal|100/100
|-ability|p1a: Yveltal|Dark Aura
|turn|10
|c| kek1445645|HES BOUT THAT LIFE
|c| kek1445645|HES THAT GUY
|
|t:|1658784353
|-start|p1a: Yveltal|Dynamax|
|-heal|p1a: Yveltal|100/100|[silent]
|move|p2a: Rayquaza|Extreme Speed|p1a: Yveltal
|-damage|p1a: Yveltal|75/100
|move|p1a: Yveltal|Max Airstream|p2a: Rayquaza
|-damage|p2a: Rayquaza|0 fnt
|-boost|p1a: Yveltal|spe|1
|faint|p2a: Rayquaza
|-weather|none
|
|upkeep
|
|t:|1658784366
|switch|p2a: Arceus|Arceus, shiny|100/100
|turn|11
|
|t:|1658784395
|move|p2a: Arceus|Extreme Speed|p1a: Yveltal
|-damage|p1a: Yveltal|56/100
|move|p1a: Yveltal|Max Darkness|p2a: Arceus
|-damage|p2a: Arceus|30/100
|-unboost|p2a: Arceus|spd|1
|
|upkeep
|turn|12
|c|☆ArcadeStarJonah|Kek wym?
|
|t:|1658784414
|move|p2a: Arceus|Extreme Speed|p1a: Yveltal
|-damage|p1a: Yveltal|37/100
|move|p1a: Yveltal|Max Airstream|p2a: Arceus
|-damage|p2a: Arceus|0 fnt
|-boost|p1a: Yveltal|spe|1
|faint|p2a: Arceus
|
|upkeep
|c| DrippinSauce|have you seen the clown that hides from gay people
|
|t:|1658784419
|switch|p2a: Yveltal|Yveltal|100/100
|-ability|p2a: Yveltal|Dark Aura
|-end|p1a: Yveltal|Dynamax
|-heal|p1a: Yveltal|37/100|[silent]
|turn|13
|
|t:|1658784424
|-start|p2a: Yveltal|Dynamax|
|-heal|p2a: Yveltal|100/100|[silent]
|move|p1a: Yveltal|Oblivion Wing|p2a: Yveltal
|-damage|p2a: Yveltal|82/100
|-heal|p1a: Yveltal|65/100|[from] drain|[of] p2a: Yveltal
|move|p2a: Yveltal|Max Airstream|p1a: Yveltal
|-damage|p1a: Yveltal|0 fnt
|-boost|p2a: Yveltal|spe|1
|faint|p1a: Yveltal
|-damage|p2a: Yveltal|77/100|[from] item: Life Orb
|
|upkeep
|
|t:|1658784431
|switch|p1a: Zacian|Zacian-Crowned|100/100
|-ability|p1a: Zacian|Intrepid Sword|boost
|-boost|p1a: Zacian|atk|1
|turn|14
|
|t:|1658784445
|move|p2a: Yveltal|Max Flare|p1a: Zacian
|-supereffective|p1a: Zacian
|-crit|p1a: Zacian
|-damage|p1a: Zacian|0 fnt
|-weather|SunnyDay
|faint|p1a: Zacian
|-damage|p2a: Yveltal|72/100|[from] item: Life Orb
|
|-weather|SunnyDay|[upkeep]
|upkeep
|l| DrippinSauce
|-message|ArcadeStarJonah forfeited.
|
|win|Ike745
|raw|ArcadeStarJonah's rating: 1613 &rarr; <strong>1600</strong><br />(-13 for losing)
|raw|Ike745's rating: 1743 &rarr; <strong>1756</strong><br />(+13 for winning)
|l|☆ArcadeStarJonah
||Ladder isn't responding, score probably updated but might not have (Request timeout).
