|j|☆TimeToPissYouOff
|j|☆llmmllmm
|t:|1662506183
|gametype|singles
|player|p1|TimeToPissYouOff|red|
|player|p2|llmmllmm|2|
|teamsize|p1|6
|teamsize|p2|6
|gen|8
|tier|[Gen 8] National Dex AG
|rule|HP Percentage Mod: HP is shown in percentages
|rule|Endless Battle Clause: Forcing endless battles is banned
|clearpoke
|poke|p1|Tyranitar, M|
|poke|p1|Ditto|
|poke|p1|Latias, F|
|poke|p1|Gothitelle, F|
|poke|p1|Quagsire, F|
|poke|p1|Zacian-*|
|poke|p2|Arceus-*|
|poke|p2|Giratina|
|poke|p2|Chansey, F|
|poke|p2|Lugia|
|poke|p2|Sableye, M|
|poke|p2|Quagsire, F|
|teampreview
|inactive|Battle timer is ON: inactive players will automatically lose when time's up. (requested by TimeToPissYouOff)
|c|☆llmmllmm|oh
|c|☆llmmllmm|!!!
|
|t:|1662506196
|start
|switch|p1a: Ditto|Ditto|100/100
|switch|p2a: Sableye|Sableye, M|100/100
|-transform|p1a: Ditto|p2a: Sableye|[from] ability: Imposter
|turn|1
|
|t:|1662506206
|detailschange|p2a: Sableye|Sableye-Mega, M
|-mega|p2a: Sableye|Sableye|Sablenite
|move|p1a: Ditto|Foul Play|p2a: Sableye
|-damage|p2a: Sableye|82/100
|move|p2a: Sableye|Foul Play|p1a: Ditto
|-damage|p1a: Ditto|74/100
|
|upkeep
|turn|2
|
|t:|1662506215
|switch|p1a: Tyranitar|Tyranitar, M|100/100
|-weather|Sandstorm|[from] ability: Sand Stream|[of] p1a: Tyranitar
|move|p2a: Sableye|Toxic|p1a: Tyranitar
|-status|p1a: Tyranitar|tox
|
|-weather|Sandstorm|[upkeep]
|-damage|p2a: Sableye|75/100|[from] Sandstorm
|-damage|p1a: Tyranitar|94/100 tox|[from] psn
|upkeep
|turn|3
|c|☆TimeToPissYouOff|holdup
|
|t:|1662506225
|switch|p1a: Quagsire|Quagsire, F|100/100
|switch|p2a: Arceus|Arceus-Dark|100/100
|
|-weather|Sandstorm|[upkeep]
|-damage|p2a: Arceus|94/100|[from] Sandstorm
|upkeep
|turn|4
|
|t:|1662506238
|switch|p2a: Sableye|Sableye-Mega, M|75/100
|switch|p1a: Zacian|Zacian-Crowned|100/100
|-ability|p1a: Zacian|Intrepid Sword|boost
|-boost|p1a: Zacian|atk|1
|
|-weather|Sandstorm|[upkeep]
|-damage|p2a: Sableye|69/100|[from] Sandstorm
|upkeep
|turn|5
|c|☆llmmllmm|not
|
|t:|1662506244
|switch|p1a: Gothitelle|Gothitelle, F|100/100
|switch|p2a: Quagsire|Quagsire, F|100/100
|
|-weather|Sandstorm|[upkeep]
|-damage|p1a: Gothitelle|94/100|[from] Sandstorm
|-heal|p1a: Gothitelle|100/100|[from] item: Leftovers
|upkeep
|turn|6
|
|t:|1662506249
|move|p1a: Gothitelle|Taunt|p2a: Quagsire
|-start|p2a: Quagsire|move: Taunt
|cant|p2a: Quagsire|move: Taunt|Toxic
|
|-weather|none
|upkeep
|turn|7
|
|t:|1662506251
|move|p1a: Gothitelle|Cosmic Power|p1a: Gothitelle
|-boost|p1a: Gothitelle|def|1
|-boost|p1a: Gothitelle|spd|1
|move|p2a: Quagsire|Earthquake|p1a: Gothitelle
|-damage|p1a: Gothitelle|75/100
|
|-heal|p1a: Gothitelle|81/100|[from] item: Leftovers
|upkeep
|turn|8
|c|☆llmmllmm|that is rude
|
|t:|1662506257
|move|p1a: Gothitelle|Cosmic Power|p1a: Gothitelle
|-boost|p1a: Gothitelle|def|1
|-boost|p1a: Gothitelle|spd|1
|move|p2a: Quagsire|Earthquake|p1a: Gothitelle
|-damage|p1a: Gothitelle|57/100
|
|-heal|p1a: Gothitelle|63/100|[from] item: Leftovers
|-end|p2a: Quagsire|move: Taunt
|upkeep
|turn|9
|
|t:|1662506262
|move|p1a: Gothitelle|Taunt|p2a: Quagsire
|-start|p2a: Quagsire|move: Taunt
|move|p2a: Quagsire|Earthquake|p1a: Gothitelle
|-damage|p1a: Gothitelle|40/100
|
|-heal|p1a: Gothitelle|46/100|[from] item: Leftovers
|upkeep
|turn|10
|c|☆TimeToPissYouOff|wee
|
|t:|1662506267
|move|p1a: Gothitelle|Rest|p1a: Gothitelle
|-status|p1a: Gothitelle|slp|[from] move: Rest
|-heal|p1a: Gothitelle|100/100 slp|[silent]
|move|p2a: Quagsire|Earthquake|p1a: Gothitelle
|-damage|p1a: Gothitelle|76/100 slp
|
|-heal|p1a: Gothitelle|82/100 slp|[from] item: Leftovers
|upkeep
|turn|11
|
|t:|1662506269
|cant|p1a: Gothitelle|slp
|move|p2a: Quagsire|Earthquake|p1a: Gothitelle
|-damage|p1a: Gothitelle|56/100 slp
|
|-heal|p1a: Gothitelle|62/100 slp|[from] item: Leftovers
|-end|p2a: Quagsire|move: Taunt
|upkeep
|turn|12
|
|t:|1662506273
|cant|p1a: Gothitelle|slp
|move|p2a: Quagsire|Haze|p2a: Quagsire
|-clearallboost
|
|-heal|p1a: Gothitelle|68/100 slp|[from] item: Leftovers
|upkeep
|turn|13
|c|☆llmmllmm|what
|
|t:|1662506280
|-curestatus|p1a: Gothitelle|slp|[msg]
|move|p1a: Gothitelle|Taunt|p2a: Quagsire
|-start|p2a: Quagsire|move: Taunt
|move|p2a: Quagsire|Earthquake|p1a: Gothitelle
|-damage|p1a: Gothitelle|43/100
|
|-heal|p1a: Gothitelle|49/100|[from] item: Leftovers
|upkeep
|turn|14
|
|t:|1662506284
|move|p1a: Gothitelle|Charm|p2a: Quagsire
|-unboost|p2a: Quagsire|atk|2
|move|p2a: Quagsire|Earthquake|p1a: Gothitelle
|-damage|p1a: Gothitelle|35/100
|
|-heal|p1a: Gothitelle|41/100|[from] item: Leftovers
|upkeep
|turn|15
|
|t:|1662506287
|move|p1a: Gothitelle|Rest|p1a: Gothitelle
|-status|p1a: Gothitelle|slp|[from] move: Rest
|-heal|p1a: Gothitelle|100/100 slp|[silent]
|move|p2a: Quagsire|Earthquake|p1a: Gothitelle
|-damage|p1a: Gothitelle|88/100 slp
|
|-heal|p1a: Gothitelle|94/100 slp|[from] item: Leftovers
|-end|p2a: Quagsire|move: Taunt
|upkeep
|turn|16
|c|☆llmmllmm|BRO
|
|t:|1662506294
|cant|p1a: Gothitelle|slp
|move|p2a: Quagsire|Haze|p2a: Quagsire
|-clearallboost
|
|-heal|p1a: Gothitelle|100/100 slp|[from] item: Leftovers
|upkeep
|turn|17
|c|☆TimeToPissYouOff|WEEEEE
|
|t:|1662506298
|cant|p1a: Gothitelle|slp
|move|p2a: Quagsire|Earthquake|p1a: Gothitelle
|-damage|p1a: Gothitelle|74/100 slp
|
|-heal|p1a: Gothitelle|80/100 slp|[from] item: Leftovers
|upkeep
|turn|18
|
|t:|1662506302
|-curestatus|p1a: Gothitelle|slp|[msg]
|move|p1a: Gothitelle|Taunt|p2a: Quagsire
|-start|p2a: Quagsire|move: Taunt
|cant|p2a: Quagsire|move: Taunt|Toxic
|
|-heal|p1a: Gothitelle|86/100|[from] item: Leftovers
|upkeep
|turn|19
|
|t:|1662506306
|move|p1a: Gothitelle|Cosmic Power|p1a: Gothitelle
|-boost|p1a: Gothitelle|def|1
|-boost|p1a: Gothitelle|spd|1
|move|p2a: Quagsire|Earthquake|p1a: Gothitelle
|-damage|p1a: Gothitelle|60/100
|
|-heal|p1a: Gothitelle|66/100|[from] item: Leftovers
|upkeep
|turn|20
|
|t:|1662506310
|move|p1a: Gothitelle|Charm|p2a: Quagsire
|-unboost|p2a: Quagsire|atk|2
|move|p2a: Quagsire|Earthquake|p1a: Gothitelle
|-damage|p1a: Gothitelle|53/100
|
|-heal|p1a: Gothitelle|59/100|[from] item: Leftovers
|-end|p2a: Quagsire|move: Taunt
|upkeep
|turn|21
|c|☆llmmllmm|LEAVE ME ALONE
|
|t:|1662506316
|move|p1a: Gothitelle|Taunt|p2a: Quagsire
|-start|p2a: Quagsire|move: Taunt
|move|p2a: Quagsire|Earthquake|p1a: Gothitelle
|-damage|p1a: Gothitelle|46/100
|
|-heal|p1a: Gothitelle|52/100|[from] item: Leftovers
|upkeep
|turn|22
|
|t:|1662506319
|move|p1a: Gothitelle|Rest|p1a: Gothitelle
|-status|p1a: Gothitelle|slp|[from] move: Rest
|-heal|p1a: Gothitelle|100/100 slp|[silent]
|move|p2a: Quagsire|Earthquake|p1a: Gothitelle
|-damage|p1a: Gothitelle|87/100 slp
|
|-heal|p1a: Gothitelle|93/100 slp|[from] item: Leftovers
|upkeep
|turn|23
|
|t:|1662506324
|cant|p1a: Gothitelle|slp
|move|p2a: Quagsire|Earthquake|p1a: Gothitelle
|-damage|p1a: Gothitelle|80/100 slp
|
|-heal|p1a: Gothitelle|86/100 slp|[from] item: Leftovers
|-end|p2a: Quagsire|move: Taunt
|upkeep
|turn|24
|
|t:|1662506329
|cant|p1a: Gothitelle|slp
|move|p2a: Quagsire|Haze|p2a: Quagsire
|-clearallboost
|
|-heal|p1a: Gothitelle|92/100 slp|[from] item: Leftovers
|upkeep
|turn|25
|
|t:|1662506335
|-curestatus|p1a: Gothitelle|slp|[msg]
|move|p1a: Gothitelle|Charm|p2a: Quagsire
|-unboost|p2a: Quagsire|atk|2
|move|p2a: Quagsire|Haze|p2a: Quagsire
|-clearallboost
|
|-heal|p1a: Gothitelle|98/100|[from] item: Leftovers
|upkeep
|turn|26
|
|t:|1662506342
|move|p1a: Gothitelle|Taunt|p2a: Quagsire
|-start|p2a: Quagsire|move: Taunt
|move|p2a: Quagsire|Earthquake|p1a: Gothitelle
|-damage|p1a: Gothitelle|75/100
|
|-heal|p1a: Gothitelle|82/100|[from] item: Leftovers
|upkeep
|turn|27
|
|t:|1662506346
|move|p1a: Gothitelle|Charm|p2a: Quagsire
|-unboost|p2a: Quagsire|atk|2
|move|p2a: Quagsire|Earthquake|p1a: Gothitelle
|-damage|p1a: Gothitelle|69/100
|
|-heal|p1a: Gothitelle|75/100|[from] item: Leftovers
|upkeep
|turn|28
|
|t:|1662506349
|move|p1a: Gothitelle|Charm|p2a: Quagsire
|-unboost|p2a: Quagsire|atk|2
|-activate|p2a: Quagsire|move: Struggle
|move|p2a: Quagsire|Struggle|p1a: Gothitelle
|-damage|p1a: Gothitelle|73/100
|-damage|p2a: Quagsire|76/100|[from] recoil
|
|-heal|p1a: Gothitelle|79/100|[from] item: Leftovers
|-end|p2a: Quagsire|move: Taunt
|upkeep
|turn|29
|c|☆llmmllmm|J
|
|t:|1662506355
|move|p1a: Gothitelle|Taunt|p2a: Quagsire
|-start|p2a: Quagsire|move: Taunt
|cant|p2a: Quagsire|move: Taunt|Haze
|
|-heal|p1a: Gothitelle|85/100|[from] item: Leftovers
|upkeep
|turn|30
|
|t:|1662506360
|move|p1a: Gothitelle|Charm|p2a: Quagsire
|-unboost|p2a: Quagsire|atk|2
|-activate|p2a: Quagsire|move: Struggle
|move|p2a: Quagsire|Struggle|p1a: Gothitelle
|-damage|p1a: Gothitelle|82/100
|-damage|p2a: Quagsire|51/100|[from] recoil
|
|-heal|p1a: Gothitelle|89/100|[from] item: Leftovers
|upkeep
|turn|31
|
|t:|1662506366
|move|p1a: Gothitelle|Cosmic Power|p1a: Gothitelle
|-boost|p1a: Gothitelle|def|1
|-boost|p1a: Gothitelle|spd|1
|-activate|p2a: Quagsire|move: Struggle
|move|p2a: Quagsire|Struggle|p1a: Gothitelle
|-damage|p1a: Gothitelle|87/100
|-damage|p2a: Quagsire|26/100|[from] recoil
|
|-heal|p1a: Gothitelle|93/100|[from] item: Leftovers
|-end|p2a: Quagsire|move: Taunt
|upkeep
|turn|32
|
|t:|1662506369
|move|p1a: Gothitelle|Taunt|p2a: Quagsire
|-start|p2a: Quagsire|move: Taunt
|cant|p2a: Quagsire|move: Taunt|Haze
|
|-heal|p1a: Gothitelle|99/100|[from] item: Leftovers
|upkeep
|turn|33
|c|☆llmmllmm|J
|
|t:|1662506374
|move|p1a: Gothitelle|Cosmic Power|p1a: Gothitelle
|-boost|p1a: Gothitelle|def|1
|-boost|p1a: Gothitelle|spd|1
|-activate|p2a: Quagsire|move: Struggle
|move|p2a: Quagsire|Struggle|p1a: Gothitelle
|-damage|p1a: Gothitelle|96/100
|-damage|p2a: Quagsire|1/100|[from] recoil
|
|-heal|p1a: Gothitelle|100/100|[from] item: Leftovers
|upkeep
|turn|34
|c|☆TimeToPissYouOff|I find this humorous
|c|☆llmmllmm|rude
|
|t:|1662506382
|move|p1a: Gothitelle|Cosmic Power|p1a: Gothitelle
|-boost|p1a: Gothitelle|def|1
|-boost|p1a: Gothitelle|spd|1
|-activate|p2a: Quagsire|move: Struggle
|move|p2a: Quagsire|Struggle|p1a: Gothitelle
|-damage|p1a: Gothitelle|98/100
|-damage|p2a: Quagsire|0 fnt|[from] recoil
|faint|p2a: Quagsire
|
|-heal|p1a: Gothitelle|100/100|[from] item: Leftovers
|upkeep
|c|☆TimeToPissYouOff|where's ur zacian counter
|c|☆llmmllmm|lugia
|c|☆TimeToPissYouOff|fair
|c|☆TimeToPissYouOff|;-;
|
|t:|1662506405
|switch|p2a: Arceus|Arceus-Dark|94/100
|turn|35
|
|t:|1662506412
|switch|p1a: Zacian|Zacian-Crowned|100/100
|-ability|p1a: Zacian|Intrepid Sword|boost
|-boost|p1a: Zacian|atk|1
|move|p2a: Arceus|Perish Song|p2a: Arceus
|-start|p1a: Zacian|perish3|[silent]
|-start|p2a: Arceus|perish3|[silent]
|-fieldactivate|move: Perish Song
|
|-start|p1a: Zacian|perish3
|-start|p2a: Arceus|perish3
|upkeep
|turn|36
|c|☆TimeToPissYouOff|leaev
|
|t:|1662506422
|switch|p2a: Lugia|Lugia|100/100
|move|p1a: Zacian|Play Rough|p2a: Lugia
|-damage|p2a: Lugia|79/100
|
|-start|p1a: Zacian|perish2
|upkeep
|turn|37
|
|t:|1662506427
|switch|p1a: Gothitelle|Gothitelle, F|100/100
|move|p2a: Lugia|Roost|p2a: Lugia
|-heal|p2a: Lugia|100/100
|-singleturn|p2a: Lugia|move: Roost
|
|upkeep
|turn|38
|
|t:|1662506430
|move|p1a: Gothitelle|Taunt|p2a: Lugia
|-start|p2a: Lugia|move: Taunt
|cant|p2a: Lugia|move: Taunt|Whirlwind
|
|upkeep
|turn|39
|c|☆TimeToPissYouOff|PRANKED
|c|☆llmmllmm|what the fuquei
|
|t:|1662506435
|-activate|p2a: Lugia|move: Struggle
|move|p2a: Lugia|Struggle|p1a: Gothitelle
|-damage|p1a: Gothitelle|94/100
|-damage|p2a: Lugia|75/100|[from] recoil
|move|p1a: Gothitelle|Cosmic Power|p1a: Gothitelle
|-boost|p1a: Gothitelle|def|1
|-boost|p1a: Gothitelle|spd|1
|
|-heal|p1a: Gothitelle|99/100|[from] item: Leftovers
|upkeep
|turn|40
|
|t:|1662506440
|-activate|p2a: Lugia|move: Struggle
|move|p2a: Lugia|Struggle|p1a: Gothitelle
|-damage|p1a: Gothitelle|96/100
|-damage|p2a: Lugia|50/100|[from] recoil
|move|p1a: Gothitelle|Cosmic Power|p1a: Gothitelle
|-boost|p1a: Gothitelle|def|1
|-boost|p1a: Gothitelle|spd|1
|
|-heal|p1a: Gothitelle|100/100|[from] item: Leftovers
|-end|p2a: Lugia|move: Taunt
|upkeep
|turn|41
|
|t:|1662506444
|move|p2a: Lugia|Toxic|p1a: Gothitelle
|-status|p1a: Gothitelle|tox
|move|p1a: Gothitelle|Taunt|p2a: Lugia
|-start|p2a: Lugia|move: Taunt
|
|-damage|p1a: Gothitelle|94/100 tox|[from] psn
|upkeep
|turn|42
|c|☆TimeToPissYouOff|nice zacian counter
|
|t:|1662506449
|-activate|p2a: Lugia|move: Struggle
|move|p2a: Lugia|Struggle|p1a: Gothitelle
|-crit|p1a: Gothitelle
|-damage|p1a: Gothitelle|84/100 tox
|-damage|p2a: Lugia|25/100|[from] recoil
|move|p1a: Gothitelle|Charm|p2a: Lugia
|-unboost|p2a: Lugia|atk|2
|
|-heal|p1a: Gothitelle|90/100 tox|[from] item: Leftovers
|-damage|p1a: Gothitelle|78/100 tox|[from] psn
|upkeep
|turn|43
|c|☆llmmllmm|fuquue
|
|t:|1662506454
|-activate|p2a: Lugia|move: Struggle
|move|p2a: Lugia|Struggle|p1a: Gothitelle
|-damage|p1a: Gothitelle|76/100 tox
|-damage|p2a: Lugia|0 fnt|[from] recoil
|faint|p2a: Lugia
|move|p1a: Gothitelle|Rest|p1a: Gothitelle
|-status|p1a: Gothitelle|slp|[from] move: Rest
|-heal|p1a: Gothitelle|100/100 slp|[silent]
|
|upkeep
|
|t:|1662506460
|switch|p2a: Arceus|Arceus-Dark|94/100
|turn|44
|
|t:|1662506465
|switch|p1a: Zacian|Zacian-Crowned|100/100
|-ability|p1a: Zacian|Intrepid Sword|boost
|-boost|p1a: Zacian|atk|1
|move|p2a: Arceus|Whirlpool|p1a: Zacian
|-damage|p1a: Zacian|92/100
|-activate|p1a: Zacian|move: Whirlpool|[of] p2a: Arceus
|
|-damage|p1a: Zacian|80/100|[from] move: Whirlpool|[partiallytrapped]
|upkeep
|turn|45
|c|☆TimeToPissYouOff|weeeeeeeeee
|c|☆TimeToPissYouOff|zacian counter where
|
|t:|1662506472
|move|p1a: Zacian|Play Rough|p2a: Arceus
|-supereffective|p2a: Arceus
|-damage|p2a: Arceus|0 fnt
|faint|p2a: Arceus
|
|-end|p1a: Zacian|Whirlpool|[partiallytrapped]|[silent]
|upkeep
|
|t:|1662506476
|switch|p2a: Sableye|Sableye-Mega, M|69/100
|turn|46
|
|t:|1662506483
|move|p1a: Zacian|Behemoth Blade|p2a: Sableye
|-damage|p2a: Sableye|1/100
|move|p2a: Sableye|Recover|p2a: Sableye
|-heal|p2a: Sableye|51/100
|
|upkeep
|turn|47
|c|☆llmmllmm|lmao
|c|☆TimeToPissYouOff|ok buddy
|
|t:|1662506490
|move|p2a: Sableye|Fake Out||[still]
|-hint|Fake Out only works on your first turn out.
|-fail|p2a: Sableye
|move|p1a: Zacian|Behemoth Blade|p2a: Sableye
|-damage|p2a: Sableye|0 fnt
|faint|p2a: Sableye
|
|upkeep
|
|t:|1662506491
|switch|p2a: Chansey|Chansey, F|100/100
|turn|48
|c|☆llmmllmm|nono
|
|t:|1662506497
|switch|p1a: Gothitelle|Gothitelle, F|100/100 slp
|move|p2a: Chansey|Teleport|p2a: Chansey
|c|☆TimeToPissYouOff|nooo
|c|☆TimeToPissYouOff|it has teleport
|c|☆llmmllmm|wait that's bad
|
|t:|1662506510
|switch|p2a: Giratina|Giratina|100/100|[from]move: Teleport
|-ability|p2a: Giratina|Pressure
|
|upkeep
|turn|49
|
|t:|1662506515
|move|p2a: Giratina|Toxic||[still]
|-fail|p2a: Giratina
|cant|p1a: Gothitelle|slp
|
|upkeep
|turn|50
|-message|llmmllmm forfeited.
|
|win|TimeToPissYouOff
|l|☆llmmllmm
