|j|☆AnimeZZZZ5
|j|☆Yo mama lmao
|t:|1613043245
|player|p1|AnimeZZZZ5|az|1950
|player|p2|Yo mama lmao|gladion-stance|1707
|teamsize|p1|6
|teamsize|p2|6
|gametype|singles
|gen|8
|tier|[Gen 8] National Dex AG
|rated|
|clearpoke
|poke|p1|Ho-Oh|
|poke|p1|Arceus-*|
|poke|p1|Necrozma-Dusk-Mane|
|poke|p1|Blissey, F|
|poke|p1|Arceus-*|
|poke|p1|Marshadow|
|poke|p2|Deoxys-Speed|
|poke|p2|Ditto|
|poke|p2|Kyogre|
|poke|p2|Yveltal|
|poke|p2|Calyrex-Shadow|
|poke|p2|Zacian-Crowned|
|rule|HP Percentage Mod: HP is shown in percentages
|rule|Endless Battle Clause: Forcing endless battles is banned
|teampreview
|inactive|Battle timer is ON: inactive players will automatically lose when time's up. (requested by Yo mama lmao)
|
|t:|1613043257
|start
|switch|p1a: Marshadow|Marshadow|100/100
|switch|p2a: I am sped|Deoxys-Speed, shiny|100/100
|-ability|p2a: I am sped|Pressure
|turn|1
|
|t:|1613043261
|move|p2a: I am sped|Stealth Rock|p1a: Marshadow
|-sidestart|p1: AnimeZZZZ5|move: Stealth Rock
|move|p1a: Marshadow|Spectral Thief|p2a: I am sped
|-supereffective|p2a: I am sped
|-enditem|p2a: I am sped|Focus Sash
|-damage|p2a: I am sped|1/100
|
|upkeep
|turn|2
|
|t:|1613043271
|move|p1a: Marshadow|Shadow Sneak|p2a: I am sped
|-supereffective|p2a: I am sped
|-damage|p2a: I am sped|0 fnt
|faint|p2a: I am sped
|
|upkeep
|
|t:|1613043274
|switch|p2a: Ygod|Yveltal|100/100
|-ability|p2a: Ygod|Dark Aura
|turn|3
|
|t:|1613043293
|switch|p1a: Ho-Oh|Ho-Oh|100/100
|-start|p2a: Ygod|Dynamax
|-heal|p2a: Ygod|100/100|[silent]
|move|p2a: Ygod|Max Airstream|p1a: Ho-Oh
|-damage|p1a: Ho-Oh|47/100
|-boost|p2a: Ygod|spe|1
|-damage|p2a: Ygod|96/100|[from] item: Life Orb
|
|upkeep
|turn|4
|
|t:|1613043298
|switch|p1a: Blissey|Blissey, F|100/100
|-damage|p1a: Blissey|88/100|[from] Stealth Rock
|move|p2a: Ygod|Max Darkness|p1a: Blissey
|-damage|p1a: Blissey|48/100
|-unboost|p1a: Blissey|spd|1
|-damage|p2a: Ygod|91/100|[from] item: Life Orb
|
|upkeep
|turn|5
|
|t:|1613043305
|switch|p1a: Ho-Oh|Ho-Oh|80/100
|move|p2a: Ygod|Max Darkness|p1a: Ho-Oh
|-damage|p1a: Ho-Oh|9/100
|-unboost|p1a: Ho-Oh|spd|1
|-damage|p2a: Ygod|86/100|[from] item: Life Orb
|
|-end|p2a: Ygod|Dynamax
|-heal|p2a: Ygod|86/100|[silent]
|upkeep
|turn|6
|
|t:|1613043314
|move|p2a: Ygod|Dark Pulse|p1a: Ho-Oh
|-damage|p1a: Ho-Oh|0 fnt
|-damage|p2a: Ygod|76/100|[from] item: Life Orb
|faint|p1a: Ho-Oh
|
|upkeep
|
|t:|1613043315
|switch|p1a: Blissey|Blissey, F|48/100
|-damage|p1a: Blissey|36/100|[from] Stealth Rock
|turn|7
|
|t:|1613043321
|move|p2a: Ygod|Dark Pulse|p1a: Blissey
|-damage|p1a: Blissey|10/100
|-damage|p2a: Ygod|66/100|[from] item: Life Orb
|move|p1a: Blissey|Soft-Boiled|p1a: Blissey
|-heal|p1a: Blissey|60/100
|
|upkeep
|turn|8
|
|t:|1613043326
|move|p2a: Ygod|Dark Pulse|p1a: Blissey
|-damage|p1a: Blissey|35/100
|-damage|p2a: Ygod|56/100|[from] item: Life Orb
|cant|p1a: Blissey|flinch
|
|upkeep
|turn|9
|
|t:|1613043332
|move|p2a: Ygod|Dark Pulse|p1a: Blissey
|-damage|p1a: Blissey|10/100
|-damage|p2a: Ygod|46/100|[from] item: Life Orb
|move|p1a: Blissey|Soft-Boiled|p1a: Blissey
|-heal|p1a: Blissey|60/100
|
|upkeep
|turn|10
|
|t:|1613043338
|switch|p2a: HeroOfSomeBattles|Zacian-Crowned|100/100
|-ability|p2a: HeroOfSomeBattles|Intrepid Sword|boost
|-boost|p2a: HeroOfSomeBattles|atk|1
|move|p1a: Blissey|Soft-Boiled|p1a: Blissey
|-heal|p1a: Blissey|100/100
|
|upkeep
|turn|11
|
|t:|1613043362
|switch|p1a: Necrozma|Necrozma-Dusk-Mane|100/100
|-damage|p1a: Necrozma|94/100|[from] Stealth Rock
|move|p2a: HeroOfSomeBattles|Close Combat|p1a: Necrozma
|-damage|p1a: Necrozma|51/100
|-unboost|p2a: HeroOfSomeBattles|def|1
|-unboost|p2a: HeroOfSomeBattles|spd|1
|
|upkeep
|turn|12
|
|t:|1613043368
|switch|p2a: Big fat whale|Kyogre|100/100
|-weather|RainDance|[from] ability: Drizzle|[of] p2a: Big fat whale
|move|p1a: Necrozma|Stealth Rock|p2a: Big fat whale
|-sidestart|p2: Yo mama lmao|move: Stealth Rock
|
|-weather|RainDance|[upkeep]
|upkeep
|turn|13
|
|t:|1613043377
|switch|p1a: Blissey|Blissey, F|100/100
|-damage|p1a: Blissey|88/100|[from] Stealth Rock
|move|p2a: Big fat whale|Water Spout|p1a: Blissey
|-damage|p1a: Blissey|50/100
|
|-weather|RainDance|[upkeep]
|upkeep
|turn|14
|
|t:|1613043388
|move|p2a: Big fat whale|Water Spout|p1a: Blissey
|-damage|p1a: Blissey|8/100
|move|p1a: Blissey|Soft-Boiled|p1a: Blissey
|-heal|p1a: Blissey|58/100
|
|-weather|RainDance|[upkeep]
|upkeep
|turn|15
|
|t:|1613043399
|switch|p2a: HeroOfSomeBattles|Zacian-Crowned|100/100
|-damage|p2a: HeroOfSomeBattles|94/100|[from] Stealth Rock
|-ability|p2a: HeroOfSomeBattles|Intrepid Sword|boost
|-boost|p2a: HeroOfSomeBattles|atk|1
|move|p1a: Blissey|Soft-Boiled|p1a: Blissey
|-heal|p1a: Blissey|100/100
|
|-weather|RainDance|[upkeep]
|upkeep
|turn|16
|
|t:|1613043417
|switch|p1a: Necrozma|Necrozma-Dusk-Mane|51/100
|-damage|p1a: Necrozma|45/100|[from] Stealth Rock
|move|p2a: HeroOfSomeBattles|Close Combat|p1a: Necrozma
|-damage|p1a: Necrozma|6/100
|-unboost|p2a: HeroOfSomeBattles|def|1
|-unboost|p2a: HeroOfSomeBattles|spd|1
|
|-weather|none
|upkeep
|turn|17
|
|t:|1613043430
|move|p2a: HeroOfSomeBattles|Close Combat|p1a: Necrozma
|-damage|p1a: Necrozma|0 fnt
|-unboost|p2a: HeroOfSomeBattles|def|1
|-unboost|p2a: HeroOfSomeBattles|spd|1
|faint|p1a: Necrozma
|
|upkeep
|
|t:|1613043435
|switch|p1a: Arceus|Arceus-Ground|100/100
|-damage|p1a: Arceus|94/100|[from] Stealth Rock
|turn|18
|
|t:|1613043453
|switch|p2a: Ygod|Yveltal|46/100
|-damage|p2a: Ygod|21/100|[from] Stealth Rock
|-ability|p2a: Ygod|Dark Aura
|move|p1a: Arceus|Judgment|p2a: Ygod
|-immune|p2a: Ygod
|
|upkeep
|turn|19
|
|t:|1613043458
|switch|p1a: Blissey|Blissey, F|100/100
|-damage|p1a: Blissey|88/100|[from] Stealth Rock
|move|p2a: Ygod|Oblivion Wing|p1a: Blissey
|-damage|p1a: Blissey|69/100
|-heal|p2a: Ygod|48/100|[from] drain|[of] p1a: Blissey
|-damage|p2a: Ygod|38/100|[from] item: Life Orb
|
|upkeep
|turn|20
|
|t:|1613043473
|switch|p2a: HeroOfSomeBattles|Zacian-Crowned|94/100
|-damage|p2a: HeroOfSomeBattles|88/100|[from] Stealth Rock
|-ability|p2a: HeroOfSomeBattles|Intrepid Sword|boost
|-boost|p2a: HeroOfSomeBattles|atk|1
|move|p1a: Blissey|Seismic Toss|p2a: HeroOfSomeBattles
|-damage|p2a: HeroOfSomeBattles|57/100
|
|upkeep
|turn|21
|
|t:|1613043486
|switch|p1a: Arceus|Arceus-Ground|94/100
|-damage|p1a: Arceus|88/100|[from] Stealth Rock
|move|p2a: HeroOfSomeBattles|Substitute|p2a: HeroOfSomeBattles
|-start|p2a: HeroOfSomeBattles|Substitute
|-damage|p2a: HeroOfSomeBattles|32/100
|
|upkeep
|turn|22
|
|t:|1613043493
|move|p2a: HeroOfSomeBattles|Behemoth Blade|p1a: Arceus
|-damage|p1a: Arceus|42/100
|move|p1a: Arceus|Judgment|p2a: HeroOfSomeBattles
|-supereffective|p2a: HeroOfSomeBattles
|-end|p2a: HeroOfSomeBattles|Substitute
|
|upkeep
|turn|23
|
|t:|1613043502
|move|p2a: HeroOfSomeBattles|Behemoth Blade|p1a: Arceus
|-damage|p1a: Arceus|0 fnt
|faint|p1a: Arceus
|
|upkeep
|
|t:|1613043504
|switch|p1a: Marshadow|Marshadow|100/100
|-damage|p1a: Marshadow|94/100|[from] Stealth Rock
|turn|24
|
|t:|1613043517
|move|p1a: Marshadow|Shadow Sneak|p2a: HeroOfSomeBattles
|-damage|p2a: HeroOfSomeBattles|6/100
|move|p2a: HeroOfSomeBattles|Behemoth Blade|p1a: Marshadow
|-damage|p1a: Marshadow|0 fnt
|faint|p1a: Marshadow
|
|upkeep
|inactive|AnimeZZZZ5 has 120 seconds left.
|
|t:|1613043550
|switch|p1a: Blissey|Blissey, F|69/100
|-damage|p1a: Blissey|56/100|[from] Stealth Rock
|turn|25
|
|t:|1613043555
|-start|p1a: Blissey|Dynamax
|-heal|p1a: Blissey|56/100|[silent]
|move|p2a: HeroOfSomeBattles|Close Combat|p1a: Blissey
|-supereffective|p1a: Blissey
|-damage|p1a: Blissey|0 fnt
|-unboost|p2a: HeroOfSomeBattles|def|1
|-unboost|p2a: HeroOfSomeBattles|spd|1
|faint|p1a: Blissey
|
|upkeep
|-message|AnimeZZZZ5 forfeited.
|
|win|Yo mama lmao
|l|☆AnimeZZZZ5
|raw|AnimeZZZZ5's rating: 1950 &rarr; <strong>1918</strong><br />(-32 for losing)
|raw|Yo mama lmao's rating: 1707 &rarr; <strong>1739</strong><br />(+32 for winning)
