|j|☆09-10a
|j|☆FenixFyre04
|t:|1650331610
|gametype|singles
|player|p1|09-10a|schoolkid-gen4dp|1635
|player|p2|FenixFyre04|benga|1926
|teamsize|p1|6
|teamsize|p2|6
|gen|8
|tier|[Gen 8] National Dex AG
|rated|
|rule|HP Percentage Mod: HP is shown in percentages
|rule|Endless Battle Clause: Forcing endless battles is banned
|clearpoke
|poke|p1|Scolipede, F|
|poke|p1|Smeargle, F|
|poke|p1|Smeargle, F|
|poke|p1|Quagsire, M|
|poke|p1|Mr. Mime, M|
|poke|p1|Espeon, M|
|poke|p2|Tyranitar, M|
|poke|p2|Ho-Oh|
|poke|p2|Necrozma-Dusk-Mane|
|poke|p2|Zacian-*|
|poke|p2|Rayquaza|
|poke|p2|Calyrex-Shadow|
|teampreview
|inactive|Battle timer is ON: inactive players will automatically lose when time's up. (requested by FenixFyre04)
|inactive|09-10a also wants the timer to be on.
|inactive|FenixFyre04 has 120 seconds left.
|inactive|FenixFyre04 has 90 seconds left.
|
|t:|1650331676
|start
|switch|p1a: Scolipede|Scolipede, F, shiny|100/100
|switch|p2a: Rayquaza|Rayquaza|100/100
|-ability|p2a: Rayquaza|Air Lock
|turn|1
|
|t:|1650331695
|detailschange|p2a: Rayquaza|Rayquaza-Mega
|-mega|p2a: Rayquaza|Rayquaza|
|-weather|DeltaStream|[from] ability: Delta Stream|[of] p2a: Rayquaza
|move|p1a: Scolipede|Protect|p1a: Scolipede
|-singleturn|p1a: Scolipede|Protect
|move|p2a: Rayquaza|Dragon Ascent|p1a: Scolipede
|-activate|p1a: Scolipede|move: Protect
|
|-weather|DeltaStream|[upkeep]
|-ability|p1a: Scolipede|Speed Boost|boost
|-boost|p1a: Scolipede|spe|1
|upkeep
|turn|2
|
|t:|1650331716
|-weather|none
|switch|p2a: Ho-Oh|Ho-Oh, shiny|100/100
|move|p1a: Scolipede|Iron Defense|p1a: Scolipede
|-boost|p1a: Scolipede|def|2
|
|-ability|p1a: Scolipede|Speed Boost|boost
|-boost|p1a: Scolipede|spe|1
|upkeep
|turn|3
|inactive|09-10a has 120 seconds left.
|
|t:|1650331736
|move|p1a: Scolipede|Baton Pass|p1a: Scolipede
|
|t:|1650331738
|switch|p1a: Espeon|Espeon, M|100/100|[from]move: Baton Pass
|move|p2a: Ho-Oh|Whirlwind|p1a: Espeon
|move|p1a: Espeon|Whirlwind|p2a: Ho-Oh|[from]ability: Magic Bounce
|drag|p2a: Calyrex|Calyrex-Shadow|100/100
|-ability|p2a: Calyrex|As One
|-ability|p2a: Calyrex|Unnerve
|
|upkeep
|turn|4
|
|t:|1650331749
|move|p2a: Calyrex|Astral Barrage|p1a: Espeon
|-supereffective|p1a: Espeon
|-damage|p1a: Espeon|0 fnt
|faint|p1a: Espeon
|-ability|p2a: Calyrex|Grim Neigh|boost
|-boost|p2a: Calyrex|spa|1
|
|upkeep
|inactive|09-10a has 120 seconds left.
|
|t:|1650331765
|switch|p1a: Smeargle|Smeargle, F, shiny|100/100
|turn|5
|
|t:|1650331779
|switch|p2a: Ho-Oh|Ho-Oh, shiny|100/100
|move|p1a: Smeargle|Spore|p2a: Ho-Oh
|-status|p2a: Ho-Oh|slp|[from] move: Spore
|
|-ability|p1a: Smeargle|Moody|boost
|-boost|p1a: Smeargle|def|2
|-unboost|p1a: Smeargle|atk|1
|upkeep
|turn|6
|
|t:|1650331796
|move|p1a: Smeargle|Ingrain|p1a: Smeargle
|-start|p1a: Smeargle|move: Ingrain
|cant|p2a: Ho-Oh|slp
|
|-ability|p1a: Smeargle|Moody|boost
|-boost|p1a: Smeargle|spd|2
|-unboost|p1a: Smeargle|def|1
|upkeep
|turn|7
|
|t:|1650331801
|move|p1a: Smeargle|Acupressure|p1a: Smeargle
|-boost|p1a: Smeargle|evasion|2
|cant|p2a: Ho-Oh|slp
|
|-ability|p1a: Smeargle|Moody|boost
|-boost|p1a: Smeargle|spe|2
|-unboost|p1a: Smeargle|def|1
|upkeep
|turn|8
|inactive|09-10a has 120 seconds left.
|
|t:|1650331827
|move|p1a: Smeargle|Acupressure|p1a: Smeargle
|-boost|p1a: Smeargle|def|2
|-curestatus|p2a: Ho-Oh|slp|[msg]
|move|p2a: Ho-Oh|Sacred Fire|p1a: Smeargle
|-damage|p1a: Smeargle|47/100
|
|-heal|p1a: Smeargle|54/100|[from] item: Leftovers
|-heal|p1a: Smeargle|60/100|[from] Ingrain
|-ability|p1a: Smeargle|Moody|boost
|-boost|p1a: Smeargle|def|2
|-unboost|p1a: Smeargle|atk|1
|upkeep
|turn|9
|inactive|09-10a has 120 seconds left.
|
|t:|1650331847
|move|p1a: Smeargle|Acupressure|p1a: Smeargle
|-boost|p1a: Smeargle|spd|2
|move|p2a: Ho-Oh|Sacred Fire|p1a: Smeargle|[miss]
|-miss|p2a: Ho-Oh|p1a: Smeargle
|
|-heal|p1a: Smeargle|66/100|[from] item: Leftovers
|-heal|p1a: Smeargle|72/100|[from] Ingrain
|-ability|p1a: Smeargle|Moody|boost
|-boost|p1a: Smeargle|def|2
|-unboost|p1a: Smeargle|spd|1
|upkeep
|turn|10
|inactive|09-10a has 120 seconds left.
|
|t:|1650331867
|move|p1a: Smeargle|Spore|p2a: Ho-Oh
|-status|p2a: Ho-Oh|slp|[from] move: Spore
|cant|p2a: Ho-Oh|slp
|
|-heal|p1a: Smeargle|78/100|[from] item: Leftovers
|-heal|p1a: Smeargle|84/100|[from] Ingrain
|-ability|p1a: Smeargle|Moody|boost
|-boost|p1a: Smeargle|spa|2
|-unboost|p1a: Smeargle|def|1
|upkeep
|turn|11
|
|t:|1650331877
|move|p1a: Smeargle|Acupressure|p1a: Smeargle
|-boost|p1a: Smeargle|spe|2
|cant|p2a: Ho-Oh|slp
|
|-heal|p1a: Smeargle|90/100|[from] item: Leftovers
|-heal|p1a: Smeargle|96/100|[from] Ingrain
|-ability|p1a: Smeargle|Moody|boost
|-boost|p1a: Smeargle|spd|2
|-unboost|p1a: Smeargle|def|1
|upkeep
|turn|12
|inactive|09-10a has 120 seconds left.
|
|t:|1650331900
|move|p1a: Smeargle|Acupressure|p1a: Smeargle
|-boost|p1a: Smeargle|spe|2
|cant|p2a: Ho-Oh|slp
|
|-heal|p1a: Smeargle|100/100|[from] item: Leftovers
|-ability|p1a: Smeargle|Moody|boost
|-boost|p1a: Smeargle|def|2
|-unboost|p1a: Smeargle|spd|1
|upkeep
|turn|13
|inactive|09-10a has 120 seconds left.
|
|t:|1650331914
|move|p1a: Smeargle|Acupressure|p1a: Smeargle
|-boost|p1a: Smeargle|spd|2
|-curestatus|p2a: Ho-Oh|slp|[msg]
|move|p2a: Ho-Oh|Toxic|p1a: Smeargle
|-status|p1a: Smeargle|tox
|
|-damage|p1a: Smeargle|94/100 tox|[from] psn
|-ability|p1a: Smeargle|Moody|boost
|-boost|p1a: Smeargle|spa|2
|-unboost|p1a: Smeargle|spe|1
|upkeep
|turn|14
|
|t:|1650331924
|move|p1a: Smeargle|Spore|p2a: Ho-Oh
|-status|p2a: Ho-Oh|slp|[from] move: Spore
|cant|p2a: Ho-Oh|slp
|
|-heal|p1a: Smeargle|100/100 tox|[from] item: Leftovers
|-damage|p1a: Smeargle|88/100 tox|[from] psn
|-ability|p1a: Smeargle|Moody|boost
|-boost|p1a: Smeargle|spa|2
|-unboost|p1a: Smeargle|spd|1
|upkeep
|turn|15
|
|t:|1650331936
|switch|p2a: Tyranitar|Tyranitar, M, shiny|100/100
|-weather|Sandstorm|[from] ability: Sand Stream|[of] p2a: Tyranitar
|move|p1a: Smeargle|Acupressure|p1a: Smeargle
|-boost|p1a: Smeargle|evasion|2
|
|-weather|Sandstorm|[upkeep]
|-damage|p1a: Smeargle|82/100 tox|[from] Sandstorm
|-heal|p1a: Smeargle|88/100 tox|[from] item: Leftovers
|-heal|p1a: Smeargle|94/100 tox|[from] Ingrain
|-damage|p1a: Smeargle|76/100 tox|[from] psn
|-ability|p1a: Smeargle|Moody|boost
|-boost|p1a: Smeargle|spd|1
|-unboost|p1a: Smeargle|def|1
|upkeep
|turn|16
|
|t:|1650331944
|switch|p2a: Ho-Oh|Ho-Oh, shiny|100/100 slp
|move|p1a: Smeargle|Spore|p2a: Ho-Oh
|-fail|p2a: Ho-Oh|slp
|
|-weather|Sandstorm|[upkeep]
|-damage|p1a: Smeargle|70/100 tox|[from] Sandstorm
|-damage|p2a: Ho-Oh|94/100 slp|[from] Sandstorm
|-heal|p1a: Smeargle|76/100 tox|[from] item: Leftovers
|-heal|p1a: Smeargle|82/100 tox|[from] Ingrain
|-damage|p1a: Smeargle|58/100 tox|[from] psn
|-ability|p1a: Smeargle|Moody|boost
|-boost|p1a: Smeargle|atk|2
|-unboost|p1a: Smeargle|spa|1
|upkeep
|turn|17
|
|t:|1650331957
|move|p1a: Smeargle|Baton Pass|p1a: Smeargle
|
|t:|1650331975
|switch|p1a: Smeargle|Smeargle, F|100/100|[from]move: Baton Pass
|cant|p2a: Ho-Oh|slp
|
|-weather|Sandstorm|[upkeep]
|-damage|p1a: Smeargle|94/100|[from] Sandstorm
|-damage|p2a: Ho-Oh|88/100 slp|[from] Sandstorm
|-heal|p1a: Smeargle|100/100|[from] Ingrain
|-ability|p1a: Smeargle|Moody|boost
|-boost|p1a: Smeargle|atk|2
|-unboost|p1a: Smeargle|spe|1
|upkeep
|turn|18
|
|t:|1650331982
|move|p1a: Smeargle|Substitute|p1a: Smeargle
|-start|p1a: Smeargle|Substitute
|-damage|p1a: Smeargle|76/100
|cant|p2a: Ho-Oh|slp
|
|-weather|Sandstorm|[upkeep]
|-damage|p1a: Smeargle|70/100|[from] Sandstorm
|-damage|p2a: Ho-Oh|82/100 slp|[from] Sandstorm
|-heal|p1a: Smeargle|76/100|[from] Ingrain
|-ability|p1a: Smeargle|Moody|boost
|-boost|p1a: Smeargle|def|1
|-unboost|p1a: Smeargle|spa|1
|upkeep
|turn|19
|
|t:|1650332006
|move|p1a: Smeargle|Double Team|p1a: Smeargle
|-boost|p1a: Smeargle|evasion|1
|-curestatus|p2a: Ho-Oh|slp|[msg]
|move|p2a: Ho-Oh|Sacred Fire|p1a: Smeargle|[miss]
|-miss|p2a: Ho-Oh|p1a: Smeargle
|
|-weather|none
|-heal|p1a: Smeargle|82/100|[from] Ingrain
|-ability|p1a: Smeargle|Moody|boost
|-boost|p1a: Smeargle|atk|2
|-unboost|p1a: Smeargle|spe|1
|upkeep
|turn|20
|
|t:|1650332021
|move|p1a: Smeargle|Double Team|p1a: Smeargle
|-boost|p1a: Smeargle|evasion|1
|move|p2a: Ho-Oh|Sacred Fire|p1a: Smeargle|[miss]
|-miss|p2a: Ho-Oh|p1a: Smeargle
|
|-heal|p1a: Smeargle|88/100|[from] Ingrain
|-ability|p1a: Smeargle|Moody|boost
|-boost|p1a: Smeargle|spa|2
|-unboost|p1a: Smeargle|def|1
|upkeep
|turn|21
|inactive|FenixFyre04 has 120 seconds left.
|
|t:|1650332048
|switch|p2a: Calyrex|Calyrex-Shadow|100/100
|-ability|p2a: Calyrex|As One
|-ability|p2a: Calyrex|Unnerve
|move|p1a: Smeargle|Taunt|p2a: Calyrex
|-start|p2a: Calyrex|move: Taunt
|
|-heal|p1a: Smeargle|94/100|[from] Ingrain
|-ability|p1a: Smeargle|Moody|boost
|-boost|p1a: Smeargle|atk|2
|-unboost|p1a: Smeargle|spe|1
|upkeep
|turn|22
|inactive|FenixFyre04 has 120 seconds left.
|
|t:|1650332070
|move|p2a: Calyrex|Psyshock|p1a: Smeargle|[miss]
|-miss|p2a: Calyrex|p1a: Smeargle
|move|p1a: Smeargle|Baton Pass|p1a: Smeargle
|
|t:|1650332072
|switch|p1a: Scolipede|Scolipede, F, shiny|100/100|[from]move: Baton Pass
|
|upkeep
|turn|23
|
|t:|1650332083
|-start|p2a: Calyrex|Dynamax|
|-heal|p2a: Calyrex|100/100|[silent]
|move|p1a: Scolipede|Protect|p1a: Scolipede
|-singleturn|p1a: Scolipede|Protect
|move|p2a: Calyrex|Max Mindstorm|p1a: Scolipede
|-supereffective|p1a: Scolipede
|-zbroken|p1a: Scolipede
|-activate|p1a: Scolipede|move: Substitute|[damage]
|-fieldstart|move: Psychic Terrain
|
|-end|p2a: Calyrex|move: Taunt
|-ability|p1a: Scolipede|Speed Boost|boost
|-boost|p1a: Scolipede|spe|1
|upkeep
|turn|24
|
|t:|1650332091
|move|p1a: Scolipede|Iron Defense|p1a: Scolipede
|-boost|p1a: Scolipede|def|1
|move|p2a: Calyrex|Max Mindstorm|p1a: Scolipede
|-supereffective|p1a: Scolipede
|-end|p1a: Scolipede|Substitute
|
|-ability|p1a: Scolipede|Speed Boost|boost
|-boost|p1a: Scolipede|spe|1
|upkeep
|turn|25
|
|t:|1650332109
|move|p1a: Scolipede|Substitute|p1a: Scolipede
|-start|p1a: Scolipede|Substitute
|-damage|p1a: Scolipede|75/100
|move|p2a: Calyrex|Max Mindstorm|p1a: Scolipede
|-supereffective|p1a: Scolipede
|-end|p1a: Scolipede|Substitute
|
|-heal|p1a: Scolipede|82/100|[from] Ingrain
|-ability|p1a: Scolipede|Speed Boost|boost
|-boost|p1a: Scolipede|spe|1
|-end|p2a: Calyrex|Dynamax
|-heal|p2a: Calyrex|100/100|[silent]
|upkeep
|turn|26
|
|t:|1650332114
|move|p1a: Scolipede|Substitute|p1a: Scolipede
|-start|p1a: Scolipede|Substitute
|-damage|p1a: Scolipede|57/100
|move|p2a: Calyrex|Psyshock|p1a: Scolipede|[miss]
|-miss|p2a: Calyrex|p1a: Scolipede
|
|-heal|p1a: Scolipede|63/100|[from] Ingrain
|-ability|p1a: Scolipede|Speed Boost|boost
|-boost|p1a: Scolipede|spe|1
|upkeep
|turn|27
|
|t:|1650332126
|switch|p2a: Rayquaza|Rayquaza-Mega|100/100
|-weather|DeltaStream|[from] ability: Delta Stream|[of] p2a: Rayquaza
|move|p1a: Scolipede|Baton Pass|p1a: Scolipede
|
|t:|1650332129
|switch|p1a: Quagsire|Quagsire, M, shiny|100/100|[from]move: Baton Pass
|
|-weather|DeltaStream|[upkeep]
|-fieldend|move: Psychic Terrain
|upkeep
|turn|28
|
|t:|1650332141
|move|p1a: Quagsire|Ice Punch|p2a: Rayquaza
|-activate||deltastream
|-supereffective|p2a: Rayquaza
|-damage|p2a: Rayquaza|0 fnt
|faint|p2a: Rayquaza
|-weather|none
|
|upkeep
|-message|FenixFyre04 forfeited.
|
|win|09-10a
|raw|09-10a's rating: 1574 &rarr; <strong>1609</strong><br />(+35 for winning)
|raw|FenixFyre04's rating: 1932 &rarr; <strong>1897</strong><br />(-35 for losing)
|l|☆FenixFyre04
||Ladder isn't responding, score probably updated but might not have (Request timeout).
