|j|☆soda49
|j|☆halfway2crumpin
|t:|1641433630
|gametype|singles
|player|p1|soda49|101|1691
|player|p2|halfway2crumpin|265|1803
|teamsize|p1|6
|teamsize|p2|6
|gen|8
|tier|[Gen 8] National Dex AG
|rated|
|rule|HP Percentage Mod: HP is shown in percentages
|rule|Endless Battle Clause: Forcing endless battles is banned
|clearpoke
|poke|p1|Smeargle, M|
|poke|p1|Charizard, M|
|poke|p1|Mimikyu, M|
|poke|p1|Calyrex-Shadow|
|poke|p1|Thundurus, M|
|poke|p1|Rayquaza|
|poke|p2|Calyrex-Shadow|
|poke|p2|Yveltal|
|poke|p2|Ditto|
|poke|p2|Groudon|
|poke|p2|Zacian-*|
|poke|p2|Eternatus|
|teampreview
|inactive|Battle timer is ON: inactive players will automatically lose when time's up. (requested by halfway2crumpin)
|inactive|soda49 also wants the timer to be on.
|
|t:|1641433636
|start
|switch|p1a: Charizard|Charizard, M|100/100
|switch|p2a: Groudon|Groudon|100/100
|detailschange|p2a: Groudon|Groudon-Primal
|-primal|p2a: Groudon
|-weather|DesolateLand|[from] ability: Desolate Land|[of] p2a: Groudon
|turn|1
|
|t:|1641433652
|-start|p1a: Charizard|Dynamax
|-formechange|p1a: Charizard|Charizard-Gmax
|-heal|p1a: Charizard|100/100|[silent]
|move|p2a: Groudon|Stealth Rock|p1a: Charizard
|-sidestart|p1: soda49|move: Stealth Rock
|move|p1a: Charizard|Max Quake|p2a: Groudon
|-supereffective|p2a: Groudon
|-damage|p2a: Groudon|0 fnt
|-boost|p1a: Charizard|spd|1
|faint|p2a: Groudon
|-weather|none
|
|upkeep
|
|t:|1641433671
|switch|p2a: Yveltal|Yveltal|100/100
|-ability|p2a: Yveltal|Dark Aura
|turn|2
|
|t:|1641433677
|move|p1a: Charizard|Max Airstream|p2a: Yveltal
|-damage|p2a: Yveltal|38/100
|-boost|p1a: Charizard|spe|1
|move|p2a: Yveltal|Dark Pulse|p1a: Charizard
|-damage|p1a: Charizard|62/100
|
|upkeep
|turn|3
|
|t:|1641433685
|move|p1a: Charizard|G-Max Wildfire|p2a: Yveltal
|-damage|p2a: Yveltal|0 fnt
|-sidestart|p2: halfway2crumpin|G-Max Wildfire
|faint|p2a: Yveltal
|
|-end|p1a: Charizard|Dynamax
|-formechange|p1a: Charizard|Charizard
|-heal|p1a: Charizard|62/100|[silent]
|upkeep
|
|t:|1641433695
|switch|p2a: Ditto|Ditto|100/100
|-transform|p2a: Ditto|p1a: Charizard|[from] ability: Imposter
|turn|4
|
|t:|1641433703
|-start|p2a: Ditto|Dynamax
|-heal|p2a: Ditto|100/100|[silent]
|move|p1a: Charizard|Tailwind|p1a: Charizard
|-sidestart|p1: soda49|move: Tailwind
|move|p2a: Ditto|Max Airstream|p1a: Charizard
|-damage|p1a: Charizard|0 fnt
|-boost|p2a: Ditto|spe|1
|faint|p1a: Charizard
|
|upkeep
|
|t:|1641433716
|switch|p1a: Thundurus|Thundurus, M|100/100
|turn|5
|
|t:|1641433724
|move|p1a: Thundurus|Defog|p2a: Ditto
|-unboost|p2a: Ditto|evasion|1
|-sideend|p1: soda49|Stealth Rock|[from] move: Defog|[of] p1a: Thundurus
|move|p2a: Ditto|Max Flare|p1a: Thundurus
|-damage|p1a: Thundurus|14/100
|-weather|SunnyDay
|
|-weather|SunnyDay|[upkeep]
|-damage|p2a: Ditto|94/100|[from] ability: Solar Power|[of] p2a: Ditto
|upkeep
|turn|6
|
|t:|1641433736
|move|p1a: Thundurus|Scary Face|p2a: Ditto
|-unboost|p2a: Ditto|spe|2
|move|p2a: Ditto|Max Airstream|p1a: Thundurus
|-resisted|p1a: Thundurus
|-damage|p1a: Thundurus|0 fnt
|-boost|p2a: Ditto|spe|1
|faint|p1a: Thundurus
|
|-weather|SunnyDay|[upkeep]
|-damage|p2a: Ditto|88/100|[from] ability: Solar Power|[of] p2a: Ditto
|-sideend|p2: halfway2crumpin|G-Max Wildfire
|-end|p2a: Ditto|Dynamax
|-heal|p2a: Ditto|88/100|[silent]
|upkeep
|
|t:|1641433747
|switch|p1a: Rayquaza|Rayquaza|100/100
|-ability|p1a: Rayquaza|Air Lock
|turn|7
|
|t:|1641433756
|detailschange|p1a: Rayquaza|Rayquaza-Mega
|-mega|p1a: Rayquaza|Rayquaza|
|-weather|DeltaStream|[from] ability: Delta Stream|[of] p1a: Rayquaza
|move|p1a: Rayquaza|Scale Shot|p2a: Ditto
|-damage|p2a: Ditto|59/100
|-damage|p2a: Ditto|29/100
|-damage|p2a: Ditto|0 fnt
|faint|p2a: Ditto
|-hitcount|p2: Ditto|3
|-unboost|p1a: Rayquaza|def|1
|-boost|p1a: Rayquaza|spe|1
|-damage|p1a: Rayquaza|91/100|[from] item: Life Orb
|
|-weather|DeltaStream|[upkeep]
|-sideend|p1: soda49|move: Tailwind
|upkeep
|
|t:|1641433772
|switch|p2a: Eternatus|Eternatus|100/100
|-ability|p2a: Eternatus|Pressure
|turn|8
|
|t:|1641433777
|move|p1a: Rayquaza|Scale Shot|p2a: Eternatus
|-supereffective|p2a: Eternatus
|-damage|p2a: Eternatus|64/100
|-supereffective|p2a: Eternatus
|-damage|p2a: Eternatus|30/100
|-hitcount|p2a: Eternatus|2
|-unboost|p1a: Rayquaza|def|1
|-boost|p1a: Rayquaza|spe|1
|-damage|p1a: Rayquaza|81/100|[from] item: Life Orb
|move|p2a: Eternatus|Meteor Beam||[still]
|-prepare|p2a: Eternatus|Meteor Beam
|-boost|p2a: Eternatus|spa|1
|-enditem|p2a: Eternatus|Power Herb
|-anim|p2a: Eternatus|Meteor Beam|p1a: Rayquaza
|-activate||deltastream
|-damage|p1a: Rayquaza|18/100
|
|-weather|DeltaStream|[upkeep]
|upkeep
|turn|9
|
|t:|1641433792
|move|p1a: Rayquaza|Dragon Ascent|p2a: Eternatus
|-damage|p2a: Eternatus|0 fnt
|-unboost|p1a: Rayquaza|def|1
|-unboost|p1a: Rayquaza|spd|1
|faint|p2a: Eternatus
|-damage|p1a: Rayquaza|8/100|[from] item: Life Orb
|
|-weather|DeltaStream|[upkeep]
|upkeep
|
|t:|1641433800
|switch|p2a: Zacian|Zacian-Crowned|100/100
|-ability|p2a: Zacian|Intrepid Sword|boost
|-boost|p2a: Zacian|atk|1
|turn|10
|
|t:|1641433805
|move|p2a: Zacian|Quick Attack|p1a: Rayquaza
|-damage|p1a: Rayquaza|0 fnt
|faint|p1a: Rayquaza
|-weather|none
|
|upkeep
|
|t:|1641433816
|switch|p1a: Calyrex|Calyrex-Shadow|100/100
|-ability|p1a: Calyrex|As One
|-ability|p1a: Calyrex|Unnerve
|turn|11
|
|t:|1641433823
|move|p1a: Calyrex|Astral Barrage|p2a: Zacian
|-damage|p2a: Zacian|36/100
|move|p2a: Zacian|Behemoth Blade|p1a: Calyrex
|-damage|p1a: Calyrex|2/100
|
|upkeep
|turn|12
|
|t:|1641433832
|move|p1a: Calyrex|Astral Barrage|p2a: Zacian
|-damage|p2a: Zacian|0 fnt
|faint|p2a: Zacian
|-ability|p1a: Calyrex|Grim Neigh|boost
|-boost|p1a: Calyrex|spa|1
|
|upkeep
|
|t:|1641433839
|switch|p2a: Calyrex|Calyrex-Shadow|100/100
|-ability|p2a: Calyrex|As One
|-ability|p2a: Calyrex|Unnerve
|turn|13
|
|t:|1641433846
|move|p2a: Calyrex|Psychic|p1a: Calyrex
|-resisted|p1a: Calyrex
|-damage|p1a: Calyrex|0 fnt
|faint|p1a: Calyrex
|-ability|p2a: Calyrex|Grim Neigh|boost
|-boost|p2a: Calyrex|spa|1
|
|upkeep
|
|t:|1641433850
|switch|p1a: Mimikyu|Mimikyu, M|100/100
|turn|14
|
|t:|1641433854
|move|p2a: Calyrex|Psychic|p1a: Mimikyu
|-activate|p1a: Mimikyu|ability: Disguise
|-damage|p1a: Mimikyu|100/100
|detailschange|p1a: Mimikyu|Mimikyu-Busted, M
|-damage|p1a: Mimikyu|88/100|[from] pokemon: Mimikyu-Busted
|move|p1a: Mimikyu|Trick Room|p1a: Mimikyu
|-fieldstart|move: Trick Room|[of] p1a: Mimikyu
|
|upkeep
|turn|15
|
|t:|1641433862
|move|p1a: Mimikyu|Destiny Bond|p1a: Mimikyu
|-singlemove|p1a: Mimikyu|Destiny Bond
|move|p2a: Calyrex|Psychic|p1a: Mimikyu
|-damage|p1a: Mimikyu|7/100
|-unboost|p1a: Mimikyu|spd|1
|
|upkeep
|turn|16
|
|t:|1641433877
|-zpower|p1a: Mimikyu
|move|p1a: Mimikyu|Never-Ending Nightmare|p2a: Calyrex|[zeffect]
|-supereffective|p2a: Calyrex
|-damage|p2a: Calyrex|0 fnt
|faint|p2a: Calyrex
|
|win|soda49
|raw|soda49's rating: 1691 &rarr; <strong>1717</strong><br />(+26 for winning)
|raw|halfway2crumpin's rating: 1803 &rarr; <strong>1777</strong><br />(-26 for losing)
|c|☆soda49|Gg
|c|☆halfway2crumpin|GG
|c|☆halfway2crumpin|Nice set up
|c|☆soda49|Thanks!
|c|☆soda49|I like quick attack
|c|☆soda49|it messes with my smeargle set well
