|j|☆Obito 2001
|j|☆nevergonnagibleuup
|t:|1667559374
|gametype|singles
|player|p1|Obito 2001|teamrocket|1899
|player|p2|nevergonnagibleuup|1|1916
|teamsize|p1|6
|teamsize|p2|6
|gen|8
|tier|[Gen 8] National Dex AG
|rated|
|rule|HP Percentage Mod: HP is shown in percentages
|rule|Endless Battle Clause: Forcing endless battles is banned
|clearpoke
|poke|p1|Mewtwo|
|poke|p1|Tapu Lele|
|poke|p1|Calyrex-Shadow|
|poke|p1|Necrozma-Dusk-Mane|
|poke|p1|Necrozma-Dawn-Wings|
|poke|p1|Deoxys-Speed|
|poke|p2|Arceus-*|
|poke|p2|Arceus-*|
|poke|p2|Arceus-*|
|poke|p2|Arceus-*|
|poke|p2|Tyranitar, M|
|poke|p2|Uxie|
|teampreview
|inactive|Battle timer is ON: inactive players will automatically lose when time's up. (requested by Obito 2001)
|
|t:|1667559387
|start
|switch|p1a: Deoxys|Deoxys-Speed, shiny|100/100
|switch|p2a: Uxie|Uxie|100/100
|-ability|p1a: Deoxys|Pressure
|turn|1
|
|t:|1667559391
|move|p2a: Uxie|Magic Coat|p2a: Uxie
|-singleturn|p2a: Uxie|move: Magic Coat
|move|p1a: Deoxys|Taunt|p2a: Uxie
|move|p2a: Uxie|Taunt|p1a: Deoxys|[from]Magic Coat
|-start|p1a: Deoxys|move: Taunt
|
|upkeep
|turn|2
|
|t:|1667559406
|switch|p1a: Tapu Lele|Tapu Lele, shiny|100/100
|-fieldstart|move: Psychic Terrain|[from] ability: Psychic Surge|[of] p1a: Tapu Lele
|move|p2a: Uxie|Light Screen|p2a: Uxie
|-sidestart|p2: nevergonnagibleuup|move: Light Screen
|
|upkeep
|turn|3
|
|t:|1667559410
|switch|p1a: Deoxys|Deoxys-Speed, shiny|100/100
|-ability|p1a: Deoxys|Pressure
|move|p2a: Uxie|Reflect|p2a: Uxie
|-sidestart|p2: nevergonnagibleuup|Reflect
|
|upkeep
|turn|4
|
|t:|1667559418
|switch|p1a: Mewtwo G.O.A.T|Mewtwo|100/100
|-ability|p1a: Mewtwo G.O.A.T|Pressure
|move|p2a: Uxie|Magic Coat|p2a: Uxie
|-singleturn|p2a: Uxie|move: Magic Coat
|
|upkeep
|turn|5
|
|t:|1667559421
|move|p1a: Mewtwo G.O.A.T|Taunt|p2a: Uxie
|-start|p2a: Uxie|move: Taunt
|cant|p2a: Uxie|move: Taunt|Memento
|
|upkeep
|turn|6
|
|t:|1667559425
|switch|p1a: Deoxys|Deoxys-Speed, shiny|100/100
|-ability|p1a: Deoxys|Pressure
|switch|p2a: Tyranitar|Tyranitar, M|100/100
|-weather|Sandstorm|[from] ability: Sand Stream|[of] p2a: Tyranitar
|
|-weather|Sandstorm|[upkeep]
|-damage|p1a: Deoxys|95/100|[from] Sandstorm
|-fieldend|move: Psychic Terrain
|upkeep
|turn|7
|
|t:|1667559429
|move|p1a: Deoxys|Stealth Rock|p2a: Tyranitar
|-sidestart|p2: nevergonnagibleuup|move: Stealth Rock
|move|p2a: Tyranitar|Pursuit|p1a: Deoxys
|-supereffective|p1a: Deoxys
|-damage|p1a: Deoxys|44/100
|
|-weather|Sandstorm|[upkeep]
|-damage|p1a: Deoxys|38/100|[from] Sandstorm
|upkeep
|turn|8
|
|t:|1667559437
|move|p1a: Deoxys|Spikes|p2a: Tyranitar
|-sidestart|p2: nevergonnagibleuup|Spikes
|move|p2a: Tyranitar|Pursuit|p1a: Deoxys
|-supereffective|p1a: Deoxys
|-damage|p1a: Deoxys|0 fnt
|faint|p1a: Deoxys
|
|-weather|Sandstorm|[upkeep]
|upkeep
|
|t:|1667559441
|switch|p1a: Mewtwo G.O.A.T|Mewtwo|100/100
|-ability|p1a: Mewtwo G.O.A.T|Pressure
|turn|9
|
|t:|1667559447
|detailschange|p1a: Mewtwo G.O.A.T|Mewtwo-Mega-X
|-mega|p1a: Mewtwo G.O.A.T|Mewtwo|Mewtwonite X
|move|p1a: Mewtwo G.O.A.T|Low Kick|p2a: Tyranitar
|-supereffective|p2a: Tyranitar
|-damage|p2a: Tyranitar|0 fnt
|faint|p2a: Tyranitar
|
|-weather|Sandstorm|[upkeep]
|-damage|p1a: Mewtwo G.O.A.T|94/100|[from] Sandstorm
|-sideend|p2: nevergonnagibleuup|move: Light Screen
|upkeep
|
|t:|1667559458
|switch|p2a: Uxie|Uxie|100/100
|-damage|p2a: Uxie|88/100|[from] Stealth Rock
|turn|10
|
|t:|1667559469
|move|p1a: Mewtwo G.O.A.T|Stone Edge|p2a: Uxie
|-damage|p2a: Uxie|73/100
|move|p2a: Uxie|Light Screen|p2a: Uxie
|-sidestart|p2: nevergonnagibleuup|move: Light Screen
|
|-weather|none
|-sideend|p2: nevergonnagibleuup|Reflect
|upkeep
|turn|11
|
|t:|1667559476
|move|p1a: Mewtwo G.O.A.T|Taunt|p2a: Uxie
|-start|p2a: Uxie|move: Taunt
|cant|p2a: Uxie|move: Taunt|Reflect
|
|upkeep
|turn|12
|
|t:|1667559482
|move|p1a: Mewtwo G.O.A.T|Low Kick|p2a: Uxie
|-resisted|p2a: Uxie
|-damage|p2a: Uxie|68/100
|-activate|p2a: Uxie|move: Struggle
|move|p2a: Uxie|Struggle|p1a: Mewtwo G.O.A.T
|-damage|p1a: Mewtwo G.O.A.T|88/100
|-damage|p2a: Uxie|43/100|[from] recoil
|
|upkeep
|turn|13
|
|t:|1667559490
|switch|p1a: Calyrex|Calyrex-Shadow|100/100
|-ability|p1a: Calyrex|As One
|-ability|p1a: Calyrex|Unnerve
|-activate|p2a: Uxie|move: Struggle
|move|p2a: Uxie|Struggle|p1a: Calyrex
|-damage|p1a: Calyrex|93/100
|-damage|p2a: Uxie|18/100|[from] recoil
|
|-end|p2a: Uxie|move: Taunt
|upkeep
|turn|14
|
|t:|1667559497
|move|p1a: Calyrex|Astral Barrage|p2a: Uxie
|-supereffective|p2a: Uxie
|-damage|p2a: Uxie|0 fnt
|faint|p2a: Uxie
|-ability|p1a: Calyrex|Grim Neigh|boost
|-boost|p1a: Calyrex|spa|1
|
|upkeep
|
|t:|1667559515
|switch|p2a: Arceus|Arceus-Electric|100/100
|-damage|p2a: Arceus|88/100|[from] Stealth Rock
|-damage|p2a: Arceus|76/100|[from] Spikes
|turn|15
|
|t:|1667559520
|move|p1a: Calyrex|Astral Barrage|p2a: Arceus
|-damage|p2a: Arceus|37/100
|move|p2a: Arceus|Calm Mind|p2a: Arceus
|-boost|p2a: Arceus|spa|1
|-boost|p2a: Arceus|spd|1
|
|upkeep
|turn|16
|
|t:|1667559527
|move|p1a: Calyrex|Astral Barrage|p2a: Arceus
|-damage|p2a: Arceus|10/100
|move|p2a: Arceus|Recover|p2a: Arceus
|-heal|p2a: Arceus|60/100
|
|upkeep
|turn|17
|
|t:|1667559544
|switch|p1a: Tapu Lele|Tapu Lele, shiny|100/100
|-fieldstart|move: Psychic Terrain|[from] ability: Psychic Surge|[of] p1a: Tapu Lele
|move|p2a: Arceus|Recover|p2a: Arceus
|-heal|p2a: Arceus|100/100
|
|-sideend|p2: nevergonnagibleuup|move: Light Screen
|upkeep
|turn|18
|
|t:|1667559548
|move|p1a: Tapu Lele|Psyshock|p2a: Arceus
|-damage|p2a: Arceus|60/100
|move|p2a: Arceus|Calm Mind|p2a: Arceus
|-boost|p2a: Arceus|spa|1
|-boost|p2a: Arceus|spd|1
|
|upkeep
|turn|19
|
|t:|1667559558
|switch|p1a: Necrozma|Necrozma-Dusk-Mane|100/100
|move|p2a: Arceus|Recover|p2a: Arceus
|-heal|p2a: Arceus|100/100
|
|upkeep
|turn|20
|
|t:|1667559563
|-start|p2a: Arceus|Dynamax|
|-heal|p2a: Arceus|100/100|[silent]
|move|p2a: Arceus|Max Lightning|p1a: Necrozma
|-damage|p1a: Necrozma|0 fnt
|-fieldstart|move: Electric Terrain
|faint|p1a: Necrozma
|
|upkeep
|
|t:|1667559571
|switch|p1a: Necrozma|Necrozma-Dawn-Wings, shiny|100/100
|turn|21
|
|t:|1667559576
|detailschange|p1a: Necrozma|Necrozma-Ultra, shiny
|-burst|p1a: Necrozma|Necrozma|Ultranecrozium Z
|move|p1a: Necrozma|Photon Geyser|p2a: Arceus
|-damage|p2a: Arceus|90/100
|move|p2a: Arceus|Max Lightning|p1a: Necrozma
|-resisted|p1a: Necrozma
|-damage|p1a: Necrozma|11/100
|
|upkeep
|turn|22
|
|t:|1667559586
|-zpower|p1a: Necrozma
|move|p1a: Necrozma|Light That Burns the Sky|p2a: Arceus|[zeffect]
|-damage|p2a: Arceus|69/100
|move|p2a: Arceus|Max Lightning|p1a: Necrozma
|-resisted|p1a: Necrozma
|-damage|p1a: Necrozma|0 fnt
|faint|p1a: Necrozma
|
|upkeep
|
|t:|1667559590
|switch|p1a: Mewtwo G.O.A.T|Mewtwo-Mega-X|88/100
|-end|p2a: Arceus|Dynamax
|-heal|p2a: Arceus|69/100|[silent]
|turn|23
|
|t:|1667559594
|move|p1a: Mewtwo G.O.A.T|Taunt|p2a: Arceus
|-start|p2a: Arceus|move: Taunt
|move|p2a: Arceus|Judgment|p1a: Mewtwo G.O.A.T
|-damage|p1a: Mewtwo G.O.A.T|0 fnt
|faint|p1a: Mewtwo G.O.A.T
|
|upkeep
|
|t:|1667559599
|switch|p1a: Tapu Lele|Tapu Lele, shiny|100/100
|-fieldstart|move: Psychic Terrain|[from] ability: Psychic Surge|[of] p1a: Tapu Lele
|turn|24
|
|t:|1667559602
|move|p1a: Tapu Lele|Psyshock|p2a: Arceus
|-damage|p2a: Arceus|31/100
|move|p2a: Arceus|Judgment|p1a: Tapu Lele
|-damage|p1a: Tapu Lele|0 fnt
|faint|p1a: Tapu Lele
|
|upkeep
|
|t:|1667559605
|switch|p1a: Calyrex|Calyrex-Shadow|93/100
|-ability|p1a: Calyrex|As One
|-ability|p1a: Calyrex|Unnerve
|turn|25
|
|t:|1667559608
|move|p1a: Calyrex|Expanding Force|p2a: Arceus
|-damage|p2a: Arceus|0 fnt
|faint|p2a: Arceus
|-ability|p1a: Calyrex|Grim Neigh|boost
|-boost|p1a: Calyrex|spa|1
|
|upkeep
|c|☆nevergonnagibleuup|oh lord
|
|t:|1667559624
|switch|p2a: Arceus|Arceus|100/100
|-damage|p2a: Arceus|88/100|[from] Stealth Rock
|-damage|p2a: Arceus|76/100|[from] Spikes
|turn|26
|
|t:|1667559627
|move|p1a: Calyrex|Expanding Force|p2a: Arceus
|-damage|p2a: Arceus|0 fnt
|faint|p2a: Arceus
|-ability|p1a: Calyrex|Grim Neigh|boost
|-boost|p1a: Calyrex|spa|1
|
|upkeep
|c|☆nevergonnagibleuup|bruh
|c|☆nevergonnagibleuup|not like this
|c|☆nevergonnagibleuup|cmon
|j| CPU_ms
|-message|nevergonnagibleuup forfeited.
|
|win|Obito 2001
|raw|Obito 2001's rating: 1899 &rarr; <strong>1920</strong><br />(+21 for winning)
|raw|nevergonnagibleuup's rating: 1916 &rarr; <strong>1895</strong><br />(-21 for losing)
|c|☆nevergonnagibleuup|this is so sad
|c|☆Obito 2001|Gg
|c|☆nevergonnagibleuup|gg
