|j|☆RodrigoMRM
|j|☆i feel stabby
|t:|1615142772
|player|p1|RodrigoMRM|lucas-gen4pt|1738
|player|p2|i feel stabby|bellelba|1543
|teamsize|p1|6
|teamsize|p2|6
|gametype|singles
|gen|8
|tier|[Gen 8] National Dex AG
|rated|
|clearpoke
|poke|p1|Smeargle, M|
|poke|p1|Rayquaza|
|poke|p1|Deoxys-Attack|
|poke|p1|Ho-Oh|
|poke|p1|Calyrex-Shadow|
|poke|p1|Yveltal|
|poke|p2|Groudon|
|poke|p2|Groudon|
|poke|p2|Rayquaza|
|poke|p2|Arceus-*|
|poke|p2|Arceus-*|
|poke|p2|Zygarde|
|rule|HP Percentage Mod: HP is shown in percentages
|rule|Endless Battle Clause: Forcing endless battles is banned
|teampreview
|j| SoulblazeCharizard
|j| nofather
|c| SoulblazeCharizard|Lol rematch
|
|t:|1615142797
|start
|switch|p1a: Deoxys|Deoxys-Attack|100/100
|switch|p2a: Groudon|Groudon|100/100
|-ability|p1a: Deoxys|Pressure
|detailschange|p2a: Groudon|Groudon-Primal
|-primal|p2a: Groudon
|-weather|DesolateLand|[from] ability: Desolate Land|[of] p2a: Groudon
|turn|1
|
|t:|1615142810
|move|p1a: Deoxys|Psycho Boost|p2a: Groudon
|-crit|p2a: Groudon
|-damage|p2a: Groudon|0 fnt
|-unboost|p1a: Deoxys|spa|2
|faint|p2a: Groudon
|-weather|none
|
|upkeep
|c|☆i feel stabby|crit
|c|☆i feel stabby|sad
|c| nofather|oof
|
|t:|1615142821
|switch|p2a: Arceus|Arceus-Ground|100/100
|turn|2
|c|☆i feel stabby|indeed oof
|
|t:|1615142826
|switch|p1a: Ho-Oh|Ho-Oh|100/100
|move|p2a: Arceus|Stealth Rock|p1a: Ho-Oh
|-sidestart|p1: RodrigoMRM|move: Stealth Rock
|
|upkeep
|turn|3
|
|t:|1615142829
|move|p2a: Arceus|Toxic|p1a: Ho-Oh
|-status|p1a: Ho-Oh|tox
|move|p1a: Ho-Oh|Defog|p2a: Arceus
|-unboost|p2a: Arceus|evasion|1
|-sideend|p1: RodrigoMRM|Stealth Rock|[from] move: Defog|[of] p1a: Ho-Oh
|
|-damage|p1a: Ho-Oh|94/100 tox|[from] psn
|upkeep
|turn|4
|
|t:|1615142832
|switch|p1a: Deoxys|Deoxys-Attack|100/100
|-ability|p1a: Deoxys|Pressure
|move|p2a: Arceus|Stealth Rock|p1a: Deoxys
|-sidestart|p1: RodrigoMRM|move: Stealth Rock
|
|upkeep
|turn|5
|
|t:|1615142836
|move|p1a: Deoxys|Ice Beam|p2a: Arceus
|-supereffective|p2a: Arceus
|-crit|p2a: Arceus
|-damage|p2a: Arceus|16/100
|move|p2a: Arceus|Judgment|p1a: Deoxys
|-enditem|p1a: Deoxys|Focus Sash
|-damage|p1a: Deoxys|1/100
|
|upkeep
|turn|6
|c|☆i feel stabby|oof
|
|t:|1615142842
|move|p1a: Deoxys|Stealth Rock|p2a: Arceus
|-sidestart|p2: i feel stabby|move: Stealth Rock
|move|p2a: Arceus|Ice Beam|p1a: Deoxys
|-damage|p1a: Deoxys|0 fnt
|faint|p1a: Deoxys
|
|upkeep
|c| nofather|you should name is deoxys
|
|t:|1615142856
|switch|p1a: Rayquaza-Mega-RM|Rayquaza|100/100
|-damage|p1a: Rayquaza-Mega-RM|76/100|[from] Stealth Rock
|-ability|p1a: Rayquaza-Mega-RM|Air Lock
|turn|7
|
|t:|1615142863
|detailschange|p1a: Rayquaza-Mega-RM|Rayquaza-Mega
|-mega|p1a: Rayquaza-Mega-RM|Rayquaza|
|-weather|DeltaStream|[from] ability: Delta Stream|[of] p1a: Rayquaza-Mega-RM
|move|p2a: Arceus|Ice Beam|p1a: Rayquaza-Mega-RM
|-activate||deltastream
|-supereffective|p1a: Rayquaza-Mega-RM
|-damage|p1a: Rayquaza-Mega-RM|24/100
|move|p1a: Rayquaza-Mega-RM|Dragon Dance|p1a: Rayquaza-Mega-RM
|-boost|p1a: Rayquaza-Mega-RM|atk|1
|-boost|p1a: Rayquaza-Mega-RM|spe|1
|
|-weather|DeltaStream|[upkeep]
|upkeep
|turn|8
|c| nofather|crit-deoxys
|c|☆i feel stabby|nah he does not have creativity
|
|t:|1615142903
|move|p1a: Rayquaza-Mega-RM|Earthquake|p2a: Arceus
|-damage|p2a: Arceus|0 fnt
|faint|p2a: Arceus
|
|-weather|DeltaStream|[upkeep]
|upkeep
|
|t:|1615142907
|switch|p2a: Groudon|Groudon|100/100
|-damage|p2a: Groudon|94/100|[from] Stealth Rock
|detailschange|p2a: Groudon|Groudon-Primal
|-primal|p2a: Groudon
|-weather|DesolateLand|[from] ability: Desolate Land|[of] p2a: Groudon
|turn|9
|c| nofather|why you feel shabby my friend
|
|t:|1615142912
|move|p1a: Rayquaza-Mega-RM|Dragon Ascent|p2a: Groudon
|-damage|p2a: Groudon|48/100
|-unboost|p1a: Rayquaza-Mega-RM|def|1
|-unboost|p1a: Rayquaza-Mega-RM|spd|1
|move|p2a: Groudon|Fire Punch|p1a: Rayquaza-Mega-RM
|-resisted|p1a: Rayquaza-Mega-RM
|-damage|p1a: Rayquaza-Mega-RM|0 fnt
|faint|p1a: Rayquaza-Mega-RM
|
|-weather|DesolateLand|[upkeep]
|upkeep
|c|☆i feel stabby|shabby?
|c| nofather|can your father help you something?
|c| nofather|stabby
|
|t:|1615142924
|switch|p1a: Smeargle-RM|Smeargle, M|100/100
|-damage|p1a: Smeargle-RM|88/100|[from] Stealth Rock
|turn|10
|c|☆i feel stabby|stab
|
|t:|1615142930
|move|p1a: Smeargle-RM|Spore|p2a: Groudon
|-status|p2a: Groudon|slp|[from] move: Spore
|cant|p2a: Groudon|slp
|move|p2a: Groudon|Sleep Talk|p2a: Groudon
|move|p2a: Groudon|Rest||[from]move: Sleep Talk|[still]
|-fail|p2a: Groudon
|
|-weather|DesolateLand|[upkeep]
|-ability|p1a: Smeargle-RM|Moody|boost
|-boost|p1a: Smeargle-RM|def|2
|-unboost|p1a: Smeargle-RM|atk|1
|upkeep
|turn|11
|c| SoulblazeCharizard|Fck
|
|t:|1615142947
|move|p1a: Smeargle-RM|Minimize|p1a: Smeargle-RM
|-boost|p1a: Smeargle-RM|evasion|2
|cant|p2a: Groudon|slp
|move|p2a: Groudon|Sleep Talk|p2a: Groudon
|move|p2a: Groudon|Fire Punch|p1a: Smeargle-RM|[from]move: Sleep Talk|[miss]
|-miss|p2a: Groudon|p1a: Smeargle-RM
|
|-weather|DesolateLand|[upkeep]
|-ability|p1a: Smeargle-RM|Moody|boost
|-boost|p1a: Smeargle-RM|atk|2
|-unboost|p1a: Smeargle-RM|spa|1
|upkeep
|turn|12
|c|☆i feel stabby|sad
|
|t:|1615142956
|move|p1a: Smeargle-RM|Minimize|p1a: Smeargle-RM
|-boost|p1a: Smeargle-RM|evasion|2
|cant|p2a: Groudon|slp
|
|-weather|DesolateLand|[upkeep]
|-ability|p1a: Smeargle-RM|Moody|boost
|-boost|p1a: Smeargle-RM|def|2
|-unboost|p1a: Smeargle-RM|spa|1
|upkeep
|turn|13
|
|t:|1615142963
|move|p1a: Smeargle-RM|Minimize|p1a: Smeargle-RM
|-boost|p1a: Smeargle-RM|evasion|2
|-curestatus|p2a: Groudon|slp|[msg]
|move|p2a: Groudon|Precipice Blades|p1a: Smeargle-RM
|-damage|p1a: Smeargle-RM|31/100
|
|-weather|DesolateLand|[upkeep]
|-ability|p1a: Smeargle-RM|Moody|boost
|-boost|p1a: Smeargle-RM|spa|2
|-unboost|p1a: Smeargle-RM|def|1
|upkeep
|turn|14
|c| nofather|substitute?
|
|t:|1615142969
|-weather|none
|switch|p2a: Zygarde|Zygarde|100/100
|-damage|p2a: Zygarde|94/100|[from] Stealth Rock
|move|p1a: Smeargle-RM|Spore|p2a: Zygarde
|-status|p2a: Zygarde|slp|[from] move: Spore
|
|-heal|p2a: Zygarde|100/100 slp|[from] item: Leftovers
|-ability|p1a: Smeargle-RM|Moody|boost
|-boost|p1a: Smeargle-RM|def|2
|-unboost|p1a: Smeargle-RM|spe|1
|upkeep
|turn|15
|
|t:|1615142979
|cant|p2a: Zygarde|slp
|move|p1a: Smeargle-RM|Baton Pass|p1a: Smeargle-RM
|c| SoulblazeCharizard|Oh
|c|☆i feel stabby|he  can get x4
|
|t:|1615142987
|switch|p1a: Yveltal-RM|Yveltal|100/100|[from]move: Baton Pass
|-damage|p1a: Yveltal-RM|76/100|[from] Stealth Rock
|-ability|p1a: Yveltal-RM|Dark Aura
|
|upkeep
|turn|16
|c|☆i feel stabby|on everystat
|c|☆i feel stabby|lol
|
|t:|1615142996
|-start|p1a: Yveltal-RM|Dynamax
|-heal|p1a: Yveltal-RM|76/100|[silent]
|cant|p2a: Zygarde|slp
|move|p1a: Yveltal-RM|Max Airstream|p2a: Zygarde
|-crit|p2a: Zygarde
|-damage|p2a: Zygarde|20/100 slp
|-boost|p1a: Yveltal-RM|spe|1
|
|-heal|p2a: Zygarde|27/100 slp|[from] item: Leftovers
|-activate|p2a: Zygarde|ability: Power Construct
|detailschange|p2a: Zygarde|Zygarde-Complete
|-heal|p2a: Zygarde|52/100 slp|[silent]
|upkeep
|turn|17
|c|☆i feel stabby|ofc he crits
|
|t:|1615143004
|move|p1a: Yveltal-RM|Max Darkness|p2a: Zygarde
|-damage|p2a: Zygarde|0 fnt
|faint|p2a: Zygarde
|
|upkeep
|c| nofather|off
|
|t:|1615143015
|switch|p2a: Arceus|Arceus|100/100
|-damage|p2a: Arceus|88/100|[from] Stealth Rock
|turn|18
|c| SoulblazeCharizard|gg
|
|t:|1615143021
|-start|p2a: Arceus|Dynamax
|-heal|p2a: Arceus|88/100|[silent]
|move|p1a: Yveltal-RM|Max Airstream|p2a: Arceus
|-damage|p2a: Arceus|65/100
|-boost|p1a: Yveltal-RM|spe|1
|move|p2a: Arceus|Max Strike|p1a: Yveltal-RM
|-damage|p1a: Yveltal-RM|62/100
|-unboost|p1a: Yveltal-RM|spe|1
|-damage|p2a: Arceus|60/100|[from] item: Life Orb
|
|-end|p1a: Yveltal-RM|Dynamax
|-heal|p1a: Yveltal-RM|62/100|[silent]
|upkeep
|turn|19
|
|t:|1615143026
|move|p1a: Yveltal-RM|Oblivion Wing|p2a: Arceus
|-damage|p2a: Arceus|46/100
|-heal|p1a: Yveltal-RM|86/100|[from] drain|[of] p2a: Arceus
|move|p2a: Arceus|Max Strike|p1a: Yveltal-RM
|-damage|p1a: Yveltal-RM|60/100
|-unboost|p1a: Yveltal-RM|spe|1
|-damage|p2a: Arceus|41/100|[from] item: Life Orb
|
|upkeep
|turn|20
|c| nofather|gg
|
|t:|1615143032
|move|p2a: Arceus|Max Strike|p1a: Yveltal-RM
|-damage|p1a: Yveltal-RM|36/100
|-unboost|p1a: Yveltal-RM|spe|1
|-damage|p2a: Arceus|36/100|[from] item: Life Orb
|move|p1a: Yveltal-RM|Oblivion Wing|p2a: Arceus
|-damage|p2a: Arceus|22/100
|-heal|p1a: Yveltal-RM|59/100|[from] drain|[of] p2a: Arceus
|
|-end|p2a: Arceus|Dynamax
|-heal|p2a: Arceus|22/100|[silent]
|upkeep
|turn|21
|c| nofather|wp
|c|☆i feel stabby|gg
|
|t:|1615143038
|move|p2a: Arceus|Extreme Speed|p1a: Yveltal-RM|[miss]
|-miss|p2a: Arceus|p1a: Yveltal-RM
|move|p1a: Yveltal-RM|Oblivion Wing|p2a: Arceus
|-damage|p2a: Arceus|0 fnt
|-heal|p1a: Yveltal-RM|77/100|[from] drain|[of] p2a: Arceus
|faint|p2a: Arceus
|
|upkeep
|
|t:|1615143041
|switch|p2a: Groudon|Groudon-Primal|48/100
|-damage|p2a: Groudon|36/100|[from] Stealth Rock
|-weather|DesolateLand|[from] ability: Desolate Land|[of] p2a: Groudon
|turn|22
|j| Frostigar479
|
|t:|1615143046
|move|p2a: Groudon|Rest|p2a: Groudon
|-status|p2a: Groudon|slp|[from] move: Rest
|-heal|p2a: Groudon|100/100 slp|[silent]
|move|p1a: Yveltal-RM|Oblivion Wing|p2a: Groudon
|-damage|p2a: Groudon|59/100 slp
|-heal|p1a: Yveltal-RM|100/100|[from] drain|[of] p2a: Groudon
|
|-weather|DesolateLand|[upkeep]
|upkeep
|turn|23
|j| Yandre
|c|☆i feel stabby|my mons legit need to have armor
|c| nofather|bright powder?
|c|☆i feel stabby|they only get critted on
|
|t:|1615143068
|cant|p2a: Groudon|slp
|move|p2a: Groudon|Sleep Talk|p2a: Groudon
|move|p2a: Groudon|Precipice Blades|p1a: Yveltal-RM|[from]move: Sleep Talk
|-immune|p1a: Yveltal-RM
|move|p1a: Yveltal-RM|Dark Pulse|p2a: Groudon
|-damage|p2a: Groudon|9/100 slp
|
|-weather|DesolateLand|[upkeep]
|upkeep
|turn|24
|
|t:|1615143074
|cant|p2a: Groudon|slp
|move|p2a: Groudon|Sleep Talk|p2a: Groudon
|move|p2a: Groudon|Rest||[from]move: Sleep Talk|[still]
|-fail|p2a: Groudon
|move|p1a: Yveltal-RM|Dark Pulse|p2a: Groudon
|-damage|p2a: Groudon|0 fnt
|faint|p2a: Groudon
|-weather|none
|
|upkeep
|
|t:|1615143078
|switch|p2a: Rayquaza|Rayquaza|100/100
|-damage|p2a: Rayquaza|76/100|[from] Stealth Rock
|-ability|p2a: Rayquaza|Air Lock
|turn|25
|
|t:|1615143080
|detailschange|p2a: Rayquaza|Rayquaza-Mega
|-mega|p2a: Rayquaza|Rayquaza|
|-weather|DeltaStream|[from] ability: Delta Stream|[of] p2a: Rayquaza
|move|p2a: Rayquaza|Dragon Ascent|p1a: Yveltal-RM|[miss]
|-miss|p2a: Rayquaza|p1a: Yveltal-RM
|move|p1a: Yveltal-RM|Dark Pulse|p2a: Rayquaza
|-damage|p2a: Rayquaza|10/100
|
|-weather|DeltaStream|[upkeep]
|upkeep
|turn|26
|c| nofather|gg
|
|t:|1615143088
|move|p1a: Yveltal-RM|Sucker Punch|p2a: Rayquaza
|-damage|p2a: Rayquaza|0 fnt
|faint|p2a: Rayquaza
|-weather|none
|
|win|RodrigoMRM
|c|☆i feel stabby|gg
|l|☆i feel stabby
|l| Yandre
|l| nofather
||Ladder (probably) updated, but score could not be retrieved (Request timeout).
