|j|☆Better Alone
|j|☆Glass101
|t:|1657906225
|gametype|singles
|player|p1|Better Alone|hiker-gen4|1592
|player|p2|Glass101|rocketgrunt|1654
|teamsize|p1|6
|teamsize|p2|6
|gen|8
|tier|[Gen 8] National Dex AG
|rated|
|rule|HP Percentage Mod: HP is shown in percentages
|rule|Endless Battle Clause: Forcing endless battles is banned
|clearpoke
|poke|p1|Ho-Oh|
|poke|p1|Murkrow, M|
|poke|p1|Diancie|
|poke|p1|Calyrex-Shadow|
|poke|p1|Groudon|
|poke|p1|Zacian-*|
|poke|p2|Zacian-*|
|poke|p2|Groudon|
|poke|p2|Yveltal|
|poke|p2|Shedinja|
|poke|p2|Calyrex-Shadow|
|poke|p2|Arceus-*|
|teampreview
|c|☆Glass101|Glhf
|
|t:|1657906234
|start
|switch|p1a: Diancie|Diancie|100/100
|switch|p2a: Calyrex|Calyrex-Shadow|100/100
|-ability|p2a: Calyrex|As One
|-ability|p2a: Calyrex|Unnerve
|turn|1
|inactive|Battle timer is ON: inactive players will automatically lose when time's up. (requested by Better Alone)
|
|t:|1657906242
|switch|p1a: Ho-Oh|Ho-Oh, shiny|100/100
|move|p2a: Calyrex|Astral Barrage|p1a: Ho-Oh
|-damage|p1a: Ho-Oh|65/100
|
|upkeep
|turn|2
|
|t:|1657906251
|switch|p2a: The Removanator|Zacian-Crowned|100/100
|-ability|p2a: The Removanator|Intrepid Sword|boost
|-boost|p2a: The Removanator|atk|1
|move|p1a: Ho-Oh|Shadow Ball|p2a: The Removanator
|-damage|p2a: The Removanator|82/100
|
|upkeep
|turn|3
|
|t:|1657906259
|switch|p1a: Groudon|Groudon, shiny|100/100
|detailschange|p1a: Groudon|Groudon-Primal, shiny
|-primal|p1a: Groudon
|-weather|DesolateLand|[from] ability: Desolate Land|[of] p1a: Groudon
|move|p2a: The Removanator|Wild Charge|p1a: Groudon
|-immune|p1a: Groudon
|
|-weather|DesolateLand|[upkeep]
|upkeep
|turn|4
|
|t:|1657906269
|move|p2a: The Removanator|Substitute|p2a: The Removanator
|-start|p2a: The Removanator|Substitute
|-damage|p2a: The Removanator|57/100
|move|p1a: Groudon|Dragon Tail|p2a: The Removanator
|-immune|p2a: The Removanator
|
|-weather|DesolateLand|[upkeep]
|upkeep
|turn|5
|
|t:|1657906275
|move|p2a: The Removanator|Behemoth Blade|p1a: Groudon
|-resisted|p1a: Groudon
|-crit|p1a: Groudon
|-damage|p1a: Groudon|63/100
|move|p1a: Groudon|Fire Punch|p2a: The Removanator
|-supereffective|p2a: The Removanator
|-end|p2a: The Removanator|Substitute
|
|-weather|DesolateLand|[upkeep]
|upkeep
|turn|6
|
|t:|1657906283
|switch|p2a: Thunder Thighs|Groudon, shiny|100/100
|detailschange|p2a: Thunder Thighs|Groudon-Primal, shiny
|-primal|p2a: Thunder Thighs
|move|p1a: Groudon|Fire Punch|p2a: Thunder Thighs
|-resisted|p2a: Thunder Thighs
|-damage|p2a: Thunder Thighs|81/100
|
|-weather|DesolateLand|[upkeep]
|upkeep
|turn|7
|inactive|Glass101 has 120 seconds left.
|inactive|Glass101 has 90 seconds left.
|
|t:|1657906351
|move|p2a: Thunder Thighs|Earthquake|p1a: Groudon
|-supereffective|p1a: Groudon
|-damage|p1a: Groudon|0 fnt
|faint|p1a: Groudon
|
|-weather|DesolateLand|[upkeep]
|upkeep
|
|t:|1657906358
|switch|p1a: Calyrex|Calyrex-Shadow|100/100
|-ability|p1a: Calyrex|As One
|-ability|p1a: Calyrex|Unnerve
|turn|8
|
|t:|1657906364
|-start|p1a: Calyrex|Dynamax|
|-heal|p1a: Calyrex|100/100|[silent]
|move|p1a: Calyrex|Max Starfall|p2a: Thunder Thighs
|-resisted|p2a: Thunder Thighs
|-damage|p2a: Thunder Thighs|61/100
|-fieldstart|move: Misty Terrain
|move|p2a: Thunder Thighs|Roar|p1a: Calyrex
|-block|p1a: Calyrex|Dynamax
|
|-weather|DesolateLand|[upkeep]
|upkeep
|turn|9
|
|t:|1657906374
|-weather|none
|switch|p2a: Little Wacky|Arceus|100/100
|move|p1a: Calyrex|Max Phantasm|p2a: Little Wacky
|-immune|p2a: Little Wacky
|
|upkeep
|turn|10
|
|t:|1657906382
|switch|p2a: Cannon Fodder|Shedinja|100/100
|move|p1a: Calyrex|Max Mindstorm|p2a: Cannon Fodder
|-immune|p2a: Cannon Fodder|[from] ability: Wonder Guard
|
|upkeep
|-end|p1a: Calyrex|Dynamax
|-heal|p1a: Calyrex|100/100|[silent]
|turn|11
|
|t:|1657906392
|switch|p2a: Little Wacky|Arceus|100/100
|move|p1a: Calyrex|Astral Barrage|p2a: Little Wacky
|-immune|p2a: Little Wacky
|
|upkeep
|turn|12
|
|t:|1657906399
|move|p1a: Calyrex|Astral Barrage|p2a: Little Wacky
|-immune|p2a: Little Wacky
|move|p2a: Little Wacky|Shadow Claw|p1a: Calyrex
|-supereffective|p1a: Calyrex
|-damage|p1a: Calyrex|2/100
|
|-fieldend|Misty Terrain
|upkeep
|turn|13
|-message|Better Alone forfeited.
|
|win|Glass101
|raw|Better Alone's rating: 1592 &rarr; <strong>1576</strong><br />(-16 for losing)
|raw|Glass101's rating: 1654 &rarr; <strong>1670</strong><br />(+16 for winning)
|l|☆Better Alone
||Ladder isn't responding, score probably updated but might not have (Request timeout).
