|j|☆lemoncell0
|j|☆alt1445645
|t:|1660171527
|gametype|singles
|player|p1|lemoncell0|allister|1818
|player|p2|alt1445645|170|1841
|teamsize|p1|6
|teamsize|p2|6
|gen|8
|tier|[Gen 8] National Dex AG
|rated|
|rule|HP Percentage Mod: HP is shown in percentages
|rule|Endless Battle Clause: Forcing endless battles is banned
|clearpoke
|poke|p1|Tyranitar, M|
|poke|p1|Ditto|
|poke|p1|Zacian-*|
|poke|p1|Quagsire, M|
|poke|p1|Ferrothorn, F|
|poke|p1|Salamence, F|
|poke|p2|Arceus-*|
|poke|p2|Groudon|
|poke|p2|Zacian-*|
|poke|p2|Rayquaza|
|poke|p2|Calyrex-Shadow|
|poke|p2|Yveltal|
|teampreview
|inactive|Battle timer is ON: inactive players will automatically lose when time's up. (requested by lemoncell0)
|
|t:|1660171557
|start
|switch|p1a: Zacian|Zacian-Crowned|100/100
|switch|p2a: Groudon|Groudon|100/100
|-ability|p1a: Zacian|Intrepid Sword|boost
|-boost|p1a: Zacian|atk|1
|detailschange|p2a: Groudon|Groudon-Primal
|-primal|p2a: Groudon
|-weather|DesolateLand|[from] ability: Desolate Land|[of] p2a: Groudon
|turn|1
|
|t:|1660171562
|switch|p1a: Salamence|Salamence, F|100/100
|-ability|p1a: Salamence|Intimidate|boost
|-unboost|p2a: Groudon|atk|1
|move|p2a: Groudon|Thunder Wave|p1a: Salamence
|-status|p1a: Salamence|par
|
|-weather|DesolateLand|[upkeep]
|upkeep
|turn|2
|
|t:|1660171570
|-weather|none
|switch|p2a: Arceus|Arceus|100/100
|detailschange|p1a: Salamence|Salamence-Mega, F
|-mega|p1a: Salamence|Salamence|Salamencite
|move|p1a: Salamence|Facade|p2a: Arceus
|-damage|p2a: Arceus|35/100
|
|upkeep
|turn|3
|
|t:|1660171582
|switch|p1a: Quagsire|Quagsire, M|100/100
|move|p2a: Arceus|Extreme Speed|p1a: Quagsire
|-damage|p1a: Quagsire|72/100
|-damage|p2a: Arceus|19/100|[from] item: Rocky Helmet|[of] p1a: Quagsire
|
|upkeep
|turn|4
|
|t:|1660171585
|switch|p2a: Calyrex|Calyrex-Shadow|100/100
|-ability|p2a: Calyrex|As One
|-ability|p2a: Calyrex|Unnerve
|move|p1a: Quagsire|Recover|p1a: Quagsire
|-heal|p1a: Quagsire|100/100
|
|upkeep
|turn|5
|
|t:|1660171588
|switch|p1a: Tyranitar|Tyranitar, M|100/100
|-weather|Sandstorm|[from] ability: Sand Stream|[of] p1a: Tyranitar
|move|p2a: Calyrex|Substitute|p2a: Calyrex
|-start|p2a: Calyrex|Substitute
|-damage|p2a: Calyrex|76/100
|
|-weather|Sandstorm|[upkeep]
|-damage|p2a: Calyrex|69/100|[from] Sandstorm
|-heal|p2a: Calyrex|76/100|[from] item: Leftovers
|upkeep
|turn|6
|
|t:|1660171590
|move|p2a: Calyrex|Leech Seed|p1a: Tyranitar
|-start|p1a: Tyranitar|move: Leech Seed
|move|p1a: Tyranitar|Rock Blast|p2a: Calyrex
|-activate|p2a: Calyrex|move: Substitute|[damage]
|-end|p2a: Calyrex|Substitute
|-hitcount|p2a: Calyrex|2
|
|-weather|Sandstorm|[upkeep]
|-damage|p2a: Calyrex|69/100|[from] Sandstorm
|-heal|p2a: Calyrex|76/100|[from] item: Leftovers
|-damage|p1a: Tyranitar|88/100|[from] Leech Seed|[of] p2a: Calyrex
|-heal|p2a: Calyrex|90/100|[silent]
|upkeep
|turn|7
|
|t:|1660171598
|switch|p1a: Ferrothorn|Ferrothorn, F|100/100
|move|p2a: Calyrex|Substitute|p2a: Calyrex
|-start|p2a: Calyrex|Substitute
|-damage|p2a: Calyrex|65/100
|
|-weather|Sandstorm|[upkeep]
|-damage|p2a: Calyrex|59/100|[from] Sandstorm
|-heal|p2a: Calyrex|65/100|[from] item: Leftovers
|upkeep
|turn|8
|
|t:|1660171603
|move|p2a: Calyrex|Astral Barrage|p1a: Ferrothorn
|-damage|p1a: Ferrothorn|53/100
|move|p1a: Ferrothorn|Knock Off|p2a: Calyrex
|-supereffective|p2a: Calyrex
|-end|p2a: Calyrex|Substitute
|
|-weather|Sandstorm|[upkeep]
|-damage|p2a: Calyrex|59/100|[from] Sandstorm
|-heal|p2a: Calyrex|65/100|[from] item: Leftovers
|-heal|p1a: Ferrothorn|60/100|[from] item: Leftovers
|upkeep
|turn|9
|
|t:|1660171616
|switch|p2a: Zacian|Zacian-Crowned|100/100
|-ability|p2a: Zacian|Intrepid Sword|boost
|-boost|p2a: Zacian|atk|1
|move|p1a: Ferrothorn|Leech Seed|p2a: Zacian
|-start|p2a: Zacian|move: Leech Seed
|
|-weather|none
|-heal|p1a: Ferrothorn|66/100|[from] item: Leftovers
|-damage|p2a: Zacian|88/100|[from] Leech Seed|[of] p1a: Ferrothorn
|-heal|p1a: Ferrothorn|77/100|[silent]
|upkeep
|turn|10
|
|t:|1660171623
|switch|p2a: Groudon|Groudon-Primal|100/100
|-weather|DesolateLand|[from] ability: Desolate Land|[of] p2a: Groudon
|move|p1a: Ferrothorn|Protect||[still]
|-fail|p1a: Ferrothorn
|
|-weather|DesolateLand|[upkeep]
|-heal|p1a: Ferrothorn|83/100|[from] item: Leftovers
|upkeep
|turn|11
|
|t:|1660171626
|switch|p1a: Salamence|Salamence-Mega, F|100/100 par
|move|p2a: Groudon|Thunder Wave|p1a: Salamence
|-fail|p1a: Salamence|par
|
|-weather|DesolateLand|[upkeep]
|upkeep
|turn|12
|
|t:|1660171629
|move|p2a: Groudon|Stealth Rock|p1a: Salamence
|-sidestart|p1: lemoncell0|move: Stealth Rock
|move|p1a: Salamence|Facade|p2a: Groudon
|-damage|p2a: Groudon|57/100
|
|-weather|DesolateLand|[upkeep]
|upkeep
|turn|13
|
|t:|1660171631
|move|p2a: Groudon|Stone Edge|p1a: Salamence
|-supereffective|p1a: Salamence
|-damage|p1a: Salamence|44/100 par
|move|p1a: Salamence|Defog|p2a: Groudon
|-unboost|p2a: Groudon|evasion|1
|-sideend|p1: lemoncell0|Stealth Rock|[from] move: Defog|[of] p1a: Salamence
|
|-weather|DesolateLand|[upkeep]
|upkeep
|turn|14
|
|t:|1660171634
|move|p2a: Groudon|Stone Edge|p1a: Salamence
|-supereffective|p1a: Salamence
|-damage|p1a: Salamence|0 fnt
|faint|p1a: Salamence
|
|-weather|DesolateLand|[upkeep]
|upkeep
|
|t:|1660171637
|switch|p1a: Ditto|Ditto|100/100
|-transform|p1a: Ditto|p2a: Groudon|[from] ability: Imposter
|turn|15
|
|t:|1660171643
|switch|p1a: Zacian|Zacian-Crowned|100/100
|-ability|p1a: Zacian|Intrepid Sword|boost
|-boost|p1a: Zacian|atk|1
|-weather|none
|switch|p2a: Arceus|Arceus|19/100
|
|upkeep
|turn|16
|
|t:|1660171647
|move|p2a: Arceus|Extreme Speed|p1a: Zacian
|-resisted|p1a: Zacian
|-damage|p1a: Zacian|79/100
|move|p1a: Zacian|Behemoth Blade|p2a: Arceus
|-damage|p2a: Arceus|0 fnt
|faint|p2a: Arceus
|
|upkeep
|
|t:|1660171655
|switch|p2a: Zacian|Zacian-Crowned|88/100
|-ability|p2a: Zacian|Intrepid Sword|boost
|-boost|p2a: Zacian|atk|1
|turn|17
|
|t:|1660171660
|switch|p2a: Calyrex|Calyrex-Shadow|65/100
|-ability|p2a: Calyrex|As One
|-ability|p2a: Calyrex|Unnerve
|switch|p1a: Quagsire|Quagsire, M|100/100
|
|-heal|p2a: Calyrex|71/100|[from] item: Leftovers
|upkeep
|turn|18
|
|t:|1660171664
|switch|p1a: Ferrothorn|Ferrothorn, F|83/100
|move|p2a: Calyrex|Leech Seed|p1a: Ferrothorn
|-immune|p1a: Ferrothorn
|
|-heal|p2a: Calyrex|78/100|[from] item: Leftovers
|-heal|p1a: Ferrothorn|90/100|[from] item: Leftovers
|upkeep
|turn|19
|
|t:|1660171671
|move|p2a: Calyrex|Substitute|p2a: Calyrex
|-start|p2a: Calyrex|Substitute
|-damage|p2a: Calyrex|53/100
|move|p1a: Ferrothorn|Leech Seed||[still]
|-fail|p1a: Ferrothorn
|
|-heal|p2a: Calyrex|59/100|[from] item: Leftovers
|-heal|p1a: Ferrothorn|96/100|[from] item: Leftovers
|upkeep
|turn|20
|
|t:|1660171673
|move|p2a: Calyrex|Astral Barrage|p1a: Ferrothorn
|-damage|p1a: Ferrothorn|47/100
|move|p1a: Ferrothorn|Knock Off|p2a: Calyrex
|-supereffective|p2a: Calyrex
|-end|p2a: Calyrex|Substitute
|
|-heal|p2a: Calyrex|65/100|[from] item: Leftovers
|-heal|p1a: Ferrothorn|53/100|[from] item: Leftovers
|upkeep
|turn|21
|
|t:|1660171675
|move|p2a: Calyrex|Substitute|p2a: Calyrex
|-start|p2a: Calyrex|Substitute
|-damage|p2a: Calyrex|40/100
|move|p1a: Ferrothorn|Knock Off|p2a: Calyrex
|-supereffective|p2a: Calyrex
|-end|p2a: Calyrex|Substitute
|
|-heal|p2a: Calyrex|46/100|[from] item: Leftovers
|-heal|p1a: Ferrothorn|60/100|[from] item: Leftovers
|upkeep
|turn|22
|
|t:|1660171678
|move|p2a: Calyrex|Substitute|p2a: Calyrex
|-start|p2a: Calyrex|Substitute
|-damage|p2a: Calyrex|21/100
|move|p1a: Ferrothorn|Leech Seed||[still]
|-fail|p1a: Ferrothorn
|
|-heal|p2a: Calyrex|27/100|[from] item: Leftovers
|-heal|p1a: Ferrothorn|66/100|[from] item: Leftovers
|upkeep
|turn|23
|
|t:|1660171680
|move|p1a: Ferrothorn|Protect|p1a: Ferrothorn
|-singleturn|p1a: Ferrothorn|Protect
|move|p2a: Calyrex|Astral Barrage|p1a: Ferrothorn
|-activate|p1a: Ferrothorn|move: Protect
|
|-heal|p2a: Calyrex|34/100|[from] item: Leftovers
|-heal|p1a: Ferrothorn|72/100|[from] item: Leftovers
|upkeep
|turn|24
|
|t:|1660171683
|move|p2a: Calyrex|Astral Barrage|p1a: Ferrothorn
|-damage|p1a: Ferrothorn|24/100
|move|p1a: Ferrothorn|Knock Off|p2a: Calyrex
|-supereffective|p2a: Calyrex
|-end|p2a: Calyrex|Substitute
|
|-heal|p2a: Calyrex|40/100|[from] item: Leftovers
|-heal|p1a: Ferrothorn|30/100|[from] item: Leftovers
|upkeep
|turn|25
|
|t:|1660171688
|move|p2a: Calyrex|Substitute|p2a: Calyrex
|-start|p2a: Calyrex|Substitute
|-damage|p2a: Calyrex|15/100
|move|p1a: Ferrothorn|Knock Off|p2a: Calyrex
|-supereffective|p2a: Calyrex
|-end|p2a: Calyrex|Substitute
|
|-heal|p2a: Calyrex|21/100|[from] item: Leftovers
|-heal|p1a: Ferrothorn|36/100|[from] item: Leftovers
|upkeep
|turn|26
|
|t:|1660171692
|move|p1a: Ferrothorn|Protect|p1a: Ferrothorn
|-singleturn|p1a: Ferrothorn|Protect
|move|p2a: Calyrex|Astral Barrage|p1a: Ferrothorn
|-activate|p1a: Ferrothorn|move: Protect
|
|-heal|p2a: Calyrex|27/100|[from] item: Leftovers
|-heal|p1a: Ferrothorn|42/100|[from] item: Leftovers
|upkeep
|turn|27
|
|t:|1660171697
|move|p2a: Calyrex|Astral Barrage|p1a: Ferrothorn
|-damage|p1a: Ferrothorn|0 fnt
|faint|p1a: Ferrothorn
|-ability|p2a: Calyrex|Grim Neigh|boost
|-boost|p2a: Calyrex|spa|1
|
|-heal|p2a: Calyrex|33/100|[from] item: Leftovers
|upkeep
|
|t:|1660171698
|switch|p1a: Ditto|Ditto|100/100
|-transform|p1a: Ditto|p2a: Calyrex|[from] ability: Imposter
|turn|28
|
|t:|1660171705
|switch|p2a: Yveltal|Yveltal|100/100
|-ability|p2a: Yveltal|Dark Aura
|move|p1a: Ditto|Astral Barrage|p2a: Yveltal
|-resisted|p2a: Yveltal
|-damage|p2a: Yveltal|55/100
|
|upkeep
|turn|29
|
|t:|1660171709
|switch|p1a: Tyranitar|Tyranitar, M|88/100
|-weather|Sandstorm|[from] ability: Sand Stream|[of] p1a: Tyranitar
|switch|p2a: Groudon|Groudon-Primal|57/100
|-weather|DesolateLand|[from] ability: Desolate Land|[of] p2a: Groudon
|
|-weather|DesolateLand|[upkeep]
|-heal|p1a: Tyranitar|94/100|[from] item: Leftovers
|upkeep
|turn|30
|
|t:|1660171723
|switch|p1a: Quagsire|Quagsire, M|100/100
|move|p2a: Groudon|Precipice Blades|p1a: Quagsire
|-damage|p1a: Quagsire|55/100
|
|-weather|DesolateLand|[upkeep]
|upkeep
|turn|31
|
|t:|1660171729
|-weather|none
|switch|p2a: Calyrex|Calyrex-Shadow|33/100
|-ability|p2a: Calyrex|As One
|-ability|p2a: Calyrex|Unnerve
|move|p1a: Quagsire|Recover|p1a: Quagsire
|-heal|p1a: Quagsire|100/100
|
|-heal|p2a: Calyrex|40/100|[from] item: Leftovers
|upkeep
|turn|32
|
|t:|1660171734
|switch|p1a: Tyranitar|Tyranitar, M|94/100
|-weather|Sandstorm|[from] ability: Sand Stream|[of] p1a: Tyranitar
|move|p2a: Calyrex|Leech Seed|p1a: Tyranitar
|-start|p1a: Tyranitar|move: Leech Seed
|
|-weather|Sandstorm|[upkeep]
|-damage|p2a: Calyrex|33/100|[from] Sandstorm
|-heal|p2a: Calyrex|40/100|[from] item: Leftovers
|-heal|p1a: Tyranitar|100/100|[from] item: Leftovers
|-damage|p1a: Tyranitar|88/100|[from] Leech Seed|[of] p2a: Calyrex
|-heal|p2a: Calyrex|54/100|[silent]
|upkeep
|turn|33
|j| Buck X
|
|t:|1660171737
|move|p2a: Calyrex|Substitute|p2a: Calyrex
|-start|p2a: Calyrex|Substitute
|-damage|p2a: Calyrex|29/100
|move|p1a: Tyranitar|Rock Blast|p2a: Calyrex
|-activate|p2a: Calyrex|move: Substitute|[damage]
|-end|p2a: Calyrex|Substitute
|-hitcount|p2a: Calyrex|2
|
|-weather|Sandstorm|[upkeep]
|-damage|p2a: Calyrex|23/100|[from] Sandstorm
|-heal|p2a: Calyrex|29/100|[from] item: Leftovers
|-heal|p1a: Tyranitar|94/100|[from] item: Leftovers
|-damage|p1a: Tyranitar|82/100|[from] Leech Seed|[of] p2a: Calyrex
|-heal|p2a: Calyrex|44/100|[silent]
|upkeep
|turn|34
|
|t:|1660171740
|move|p2a: Calyrex|Substitute|p2a: Calyrex
|-start|p2a: Calyrex|Substitute
|-damage|p2a: Calyrex|19/100
|move|p1a: Tyranitar|Rock Blast|p2a: Calyrex
|-activate|p2a: Calyrex|move: Substitute|[damage]
|-end|p2a: Calyrex|Substitute
|-hitcount|p2a: Calyrex|2
|
|-weather|Sandstorm|[upkeep]
|-damage|p2a: Calyrex|13/100|[from] Sandstorm
|-heal|p2a: Calyrex|19/100|[from] item: Leftovers
|-heal|p1a: Tyranitar|88/100|[from] item: Leftovers
|-damage|p1a: Tyranitar|76/100|[from] Leech Seed|[of] p2a: Calyrex
|-heal|p2a: Calyrex|34/100|[silent]
|upkeep
|turn|35
|
|t:|1660171743
|move|p2a: Calyrex|Substitute|p2a: Calyrex
|-start|p2a: Calyrex|Substitute
|-damage|p2a: Calyrex|9/100
|move|p1a: Tyranitar|Rock Blast|p2a: Calyrex
|-activate|p2a: Calyrex|move: Substitute|[damage]
|-end|p2a: Calyrex|Substitute
|-damage|p2a: Calyrex|0 fnt
|faint|p2a: Calyrex
|-hitcount|p2: Calyrex|3
|
|-weather|Sandstorm|[upkeep]
|-heal|p1a: Tyranitar|82/100|[from] item: Leftovers
|upkeep
|
|t:|1660171751
|switch|p2a: Rayquaza|Rayquaza|100/100
|-ability|p2a: Rayquaza|Air Lock
|turn|36
|
|t:|1660171761
|detailschange|p2a: Rayquaza|Rayquaza-Mega
|-mega|p2a: Rayquaza|Rayquaza|
|-weather|DeltaStream|[from] ability: Delta Stream|[of] p2a: Rayquaza
|move|p2a: Rayquaza|Earthquake|p1a: Tyranitar
|-supereffective|p1a: Tyranitar
|-damage|p1a: Tyranitar|1/100
|move|p1a: Tyranitar|Stealth Rock|p2a: Rayquaza
|-sidestart|p2: alt1445645|move: Stealth Rock
|
|-weather|DeltaStream|[upkeep]
|-heal|p1a: Tyranitar|7/100|[from] item: Leftovers
|-damage|p1a: Tyranitar|0 fnt|[from] Leech Seed|[of] p2a: Rayquaza
|faint|p1a: Tyranitar
|upkeep
|
|t:|1660171764
|switch|p1a: Zacian|Zacian-Crowned|79/100
|-ability|p1a: Zacian|Intrepid Sword|boost
|-boost|p1a: Zacian|atk|1
|turn|37
|
|t:|1660171769
|move|p1a: Zacian|Behemoth Blade|p2a: Rayquaza
|-damage|p2a: Rayquaza|2/100
|move|p2a: Rayquaza|Earthquake|p1a: Zacian
|-supereffective|p1a: Zacian
|-damage|p1a: Zacian|0 fnt
|faint|p1a: Zacian
|
|-weather|DeltaStream|[upkeep]
|upkeep
|
|t:|1660171771
|switch|p1a: Ditto|Ditto|100/100
|-transform|p1a: Ditto|p2a: Rayquaza|[from] ability: Imposter
|turn|38
|
|t:|1660171778
|move|p1a: Ditto|Extreme Speed|p2a: Rayquaza
|-damage|p2a: Rayquaza|0 fnt
|faint|p2a: Rayquaza
|
|-weather|DeltaStream|[upkeep]
|upkeep
|inactive|alt1445645 has 120 seconds left.
|
|t:|1660171811
|switch|p2a: Groudon|Groudon-Primal|57/100
|-damage|p2a: Groudon|45/100|[from] Stealth Rock
|-weather|DesolateLand|[from] ability: Desolate Land|[of] p2a: Groudon
|turn|39
|inactive|alt1445645 has 120 seconds left.
|
|t:|1660171852
|switch|p1a: Quagsire|Quagsire, M|100/100
|move|p2a: Groudon|Thunder Wave|p1a: Quagsire
|-immune|p1a: Quagsire
|
|-weather|DesolateLand|[upkeep]
|upkeep
|turn|40
|
|t:|1660171859
|switch|p1a: Ditto|Ditto|100/100
|-transform|p1a: Ditto|p2a: Groudon|[from] ability: Imposter
|move|p2a: Groudon|Precipice Blades|p1a: Ditto
|-supereffective|p1a: Ditto
|-damage|p1a: Ditto|22/100
|
|-weather|DesolateLand|[upkeep]
|upkeep
|turn|41
|
|t:|1660171865
|move|p1a: Ditto|Precipice Blades|p2a: Groudon
|-supereffective|p2a: Groudon
|-damage|p2a: Groudon|0 fnt
|faint|p2a: Groudon
|
|-weather|DesolateLand|[upkeep]
|upkeep
|
|t:|1660171869
|switch|p2a: Yveltal|Yveltal|55/100
|-damage|p2a: Yveltal|30/100|[from] Stealth Rock
|-ability|p2a: Yveltal|Dark Aura
|turn|42
|
|t:|1660171873
|-weather|none
|switch|p1a: Quagsire|Quagsire, M|100/100
|move|p2a: Yveltal|Oblivion Wing|p1a: Quagsire
|-damage|p1a: Quagsire|33/100
|-heal|p2a: Yveltal|80/100|[from] drain|[of] p1a: Quagsire
|-damage|p2a: Yveltal|71/100|[from] item: Life Orb
|
|upkeep
|turn|43
|
|t:|1660171876
|move|p2a: Yveltal|Oblivion Wing|p1a: Quagsire
|-damage|p1a: Quagsire|0 fnt
|-heal|p2a: Yveltal|95/100|[from] drain|[of] p1a: Quagsire
|faint|p1a: Quagsire
|-damage|p2a: Yveltal|85/100|[from] item: Life Orb
|
|upkeep
|
|t:|1660171878
|switch|p1a: Ditto|Ditto|22/100
|-transform|p1a: Ditto|p2a: Yveltal|[from] ability: Imposter
|-ability|p1a: Ditto|Dark Aura
|turn|44
|
|t:|1660171881
|-start|p2a: Yveltal|Dynamax|
|-heal|p2a: Yveltal|85/100|[silent]
|move|p1a: Ditto|Oblivion Wing|p2a: Yveltal
|-damage|p2a: Yveltal|66/100
|-heal|p1a: Ditto|61/100|[from] drain|[of] p2a: Yveltal
|move|p2a: Yveltal|Max Airstream|p1a: Ditto
|-damage|p1a: Ditto|0 fnt
|-boost|p2a: Yveltal|spe|1
|faint|p1a: Ditto
|-damage|p2a: Yveltal|61/100|[from] item: Life Orb
|
|win|alt1445645
|raw|lemoncell0's rating: 1818 &rarr; <strong>1799</strong><br />(-19 for losing)
|raw|alt1445645's rating: 1841 &rarr; <strong>1860</strong><br />(+19 for winning)
|l|☆lemoncell0
