|j|☆v87
|j|☆Nekomo
|t:|1661867451
|gametype|singles
|player|p1|v87|2|1825
|player|p2|Nekomo|pokekid|1734
|teamsize|p1|6
|teamsize|p2|6
|gen|8
|tier|[Gen 8] National Dex AG
|rated|
|rule|HP Percentage Mod: HP is shown in percentages
|rule|Endless Battle Clause: Forcing endless battles is banned
|clearpoke
|poke|p1|Zacian-*|
|poke|p1|Groudon|
|poke|p1|Yveltal|
|poke|p1|Rayquaza|
|poke|p1|Kyogre|
|poke|p1|Tornadus, M|
|poke|p2|Calyrex-Shadow|
|poke|p2|Zacian-*|
|poke|p2|Arceus-*|
|poke|p2|Necrozma-Dusk-Mane|
|poke|p2|Ditto|
|poke|p2|Slurpuff, F|
|teampreview
|
|t:|1661867458
|start
|switch|p1a: Yveltal|Yveltal|100/100
|switch|p2a: Pandoufle|Slurpuff, F|100/100
|-ability|p1a: Yveltal|Dark Aura
|turn|1
|
|t:|1661867466
|move|p1a: Yveltal|Dual Wingbeat|p2a: Pandoufle|[miss]
|-miss|p1a: Yveltal|p2a: Pandoufle
|move|p2a: Pandoufle|Dazzling Gleam|p1a: Yveltal
|-supereffective|p1a: Yveltal
|-damage|p1a: Yveltal|47/100
|
|upkeep
|turn|2
|inactive|Battle timer is ON: inactive players will automatically lose when time's up. (requested by Nekomo)
|l|☆v87
|inactive|v87 disconnected and has a minute to reconnect!
|player|p1|
|inactive|v87 has 30 seconds to reconnect!
|inactive|v87 has 20 seconds to reconnect!
|j|☆v87
|inactive|v87 reconnected and has 105 seconds left.
|player|p1|v87|2
|
|t:|1661867539
|move|p1a: Yveltal|Dual Wingbeat|p2a: Pandoufle
|-damage|p2a: Pandoufle|65/100
|-damage|p2a: Pandoufle|28/100
|-hitcount|p2a: Pandoufle|2
|-damage|p1a: Yveltal|37/100|[from] item: Life Orb
|move|p2a: Pandoufle|Dazzling Gleam|p1a: Yveltal
|-supereffective|p1a: Yveltal
|-damage|p1a: Yveltal|0 fnt
|faint|p1a: Yveltal
|
|upkeep
|
|t:|1661867562
|switch|p1a: Groudon|Groudon|100/100
|detailschange|p1a: Groudon|Groudon-Primal
|-primal|p1a: Groudon
|-weather|DesolateLand|[from] ability: Desolate Land|[of] p1a: Groudon
|turn|3
|
|t:|1661867569
|move|p2a: Pandoufle|Sticky Web|p1a: Groudon
|-sidestart|p1: v87|move: Sticky Web
|move|p1a: Groudon|Earthquake|p2a: Pandoufle
|-damage|p2a: Pandoufle|0 fnt
|faint|p2a: Pandoufle
|
|-weather|DesolateLand|[upkeep]
|upkeep
|
|t:|1661867582
|switch|p2a: Arceus|Arceus|100/100
|turn|4
|
|t:|1661867589
|move|p2a: Arceus|Swords Dance|p2a: Arceus
|-boost|p2a: Arceus|atk|2
|move|p1a: Groudon|Dragon Tail|p2a: Arceus
|-damage|p2a: Arceus|84/100
|drag|p2a: Calyrex|Calyrex-Shadow|100/100
|-ability|p2a: Calyrex|As One
|-ability|p2a: Calyrex|Unnerve
|
|-weather|DesolateLand|[upkeep]
|upkeep
|turn|5
|
|t:|1661867602
|switch|p2a: Zacian|Zacian-Crowned|100/100
|-ability|p2a: Zacian|Intrepid Sword|boost
|-boost|p2a: Zacian|atk|1
|move|p1a: Groudon|Thunder Wave|p2a: Zacian
|-status|p2a: Zacian|par
|
|-weather|DesolateLand|[upkeep]
|upkeep
|turn|6
|
|t:|1661867612
|move|p1a: Groudon|Stealth Rock|p2a: Zacian
|-sidestart|p2: Nekomo|move: Stealth Rock
|move|p2a: Zacian|Sacred Sword|p1a: Groudon
|-damage|p1a: Groudon|71/100
|
|-weather|DesolateLand|[upkeep]
|upkeep
|turn|7
|
|t:|1661867619
|move|p1a: Groudon|Earthquake|p2a: Zacian
|-supereffective|p2a: Zacian
|-crit|p2a: Zacian
|-damage|p2a: Zacian|0 fnt
|faint|p2a: Zacian
|
|-weather|DesolateLand|[upkeep]
|upkeep
|
|t:|1661867627
|switch|p2a: Calyrex|Calyrex-Shadow|100/100
|-ability|p2a: Calyrex|As One
|-ability|p2a: Calyrex|Unnerve
|turn|8
|
|t:|1661867635
|-start|p2a: Calyrex|Dynamax|
|-heal|p2a: Calyrex|100/100|[silent]
|move|p2a: Calyrex|Max Phantasm|p1a: Groudon
|-crit|p1a: Groudon
|-damage|p1a: Groudon|0 fnt
|faint|p1a: Groudon
|-weather|none
|-ability|p2a: Calyrex|Grim Neigh|boost
|-boost|p2a: Calyrex|spa|1
|
|upkeep
|
|t:|1661867653
|switch|p1a: Tornadus|Tornadus, M|100/100
|turn|9
|
|t:|1661867661
|move|p1a: Tornadus|Tailwind|p1a: Tornadus
|-sidestart|p1: v87|move: Tailwind
|move|p2a: Calyrex|Max Phantasm|p1a: Tornadus
|-damage|p1a: Tornadus|0 fnt
|faint|p1a: Tornadus
|-ability|p2a: Calyrex|Grim Neigh|boost
|-boost|p2a: Calyrex|spa|1
|
|upkeep
|
|t:|1661867671
|switch|p1a: Zacian|Zacian-Crowned|100/100
|-activate|p1a: Zacian|move: Sticky Web
|-unboost|p1a: Zacian|spe|1
|-ability|p1a: Zacian|Intrepid Sword|boost
|-boost|p1a: Zacian|atk|1
|turn|10
|
|t:|1661867685
|move|p2a: Calyrex|Max Guard|p2a: Calyrex
|-singleturn|p2a: Calyrex|Max Guard
|move|p1a: Zacian|Behemoth Blade|p2a: Calyrex
|-activate|p2a: Calyrex|move: Max Guard
|
|upkeep
|-end|p2a: Calyrex|Dynamax
|-heal|p2a: Calyrex|100/100|[silent]
|turn|11
|
|t:|1661867698
|switch|p2a: Necrozma|Necrozma-Dusk-Mane|100/100
|-damage|p2a: Necrozma|94/100|[from] Stealth Rock
|move|p1a: Zacian|Behemoth Blade|p2a: Necrozma
|-resisted|p2a: Necrozma
|-damage|p2a: Necrozma|59/100
|
|upkeep
|turn|12
|
|t:|1661867716
|move|p1a: Zacian|Close Combat|p2a: Necrozma
|-damage|p2a: Necrozma|0 fnt
|-unboost|p1a: Zacian|def|1
|-unboost|p1a: Zacian|spd|1
|faint|p2a: Necrozma
|
|-sideend|p1: v87|move: Tailwind
|upkeep
|
|t:|1661867725
|switch|p2a: Limule|Ditto, shiny|100/100
|-damage|p2a: Limule|88/100|[from] Stealth Rock
|-transform|p2a: Limule|p1a: Zacian|[from] ability: Imposter
|-ability|p2a: Limule|Intrepid Sword|boost
|-boost|p2a: Limule|atk|1
|turn|13
|
|t:|1661867732
|switch|p1a: Rayquaza|Rayquaza|100/100
|-ability|p1a: Rayquaza|Air Lock
|move|p2a: Limule|Behemoth Blade|p1a: Rayquaza
|-damage|p1a: Rayquaza|0 fnt
|faint|p1a: Rayquaza
|
|upkeep
|
|t:|1661867742
|switch|p1a: Zacian|Zacian-Crowned|100/100
|-activate|p1a: Zacian|move: Sticky Web
|-unboost|p1a: Zacian|spe|1
|-ability|p1a: Zacian|Intrepid Sword|boost
|-boost|p1a: Zacian|atk|1
|turn|14
|
|t:|1661867748
|move|p2a: Limule|Behemoth Blade|p1a: Zacian
|-damage|p1a: Zacian|12/100
|move|p1a: Zacian|Behemoth Blade|p2a: Limule
|-damage|p2a: Limule|0 fnt
|faint|p2a: Limule
|
|upkeep
|
|t:|1661867759
|switch|p2a: Arceus|Arceus|84/100
|-damage|p2a: Arceus|72/100|[from] Stealth Rock
|turn|15
|
|t:|1661867765
|move|p2a: Arceus|Extreme Speed|p1a: Zacian
|-resisted|p1a: Zacian
|-damage|p1a: Zacian|0 fnt
|faint|p1a: Zacian
|
|-heal|p2a: Arceus|78/100|[from] item: Leftovers
|upkeep
|
|t:|1661867773
|switch|p1a: Kyogre|Kyogre|100/100
|-activate|p1a: Kyogre|move: Sticky Web
|-unboost|p1a: Kyogre|spe|1
|-weather|RainDance|[from] ability: Drizzle|[of] p1a: Kyogre
|turn|16
|
|t:|1661867780
|-start|p1a: Kyogre|Dynamax|
|-heal|p1a: Kyogre|100/100|[silent]
|move|p2a: Arceus|Extreme Speed|p1a: Kyogre
|-damage|p1a: Kyogre|77/100
|move|p1a: Kyogre|Max Geyser|p2a: Arceus
|-damage|p2a: Arceus|0 fnt
|faint|p2a: Arceus
|
|-weather|RainDance|[upkeep]
|upkeep
|
|t:|1661867788
|switch|p2a: Calyrex|Calyrex-Shadow|100/100
|-ability|p2a: Calyrex|As One
|-ability|p2a: Calyrex|Unnerve
|turn|17
|
|t:|1661867798
|move|p2a: Calyrex|Astral Barrage|p1a: Kyogre
|-damage|p1a: Kyogre|49/100
|move|p1a: Kyogre|Max Geyser|p2a: Calyrex
|-damage|p2a: Calyrex|0 fnt
|faint|p2a: Calyrex
|
|win|v87
|raw|v87's rating: 1825 &rarr; <strong>1840</strong><br />(+15 for winning)
|raw|Nekomo's rating: 1734 &rarr; <strong>1719</strong><br />(-15 for losing)
|l|☆Nekomo
|j|☆Nekomo
|player|p2|Nekomo|pokekid
||Ladder isn't responding, score probably updated but might not have (Request timeout).
