|j|☆ThyKingCharles
|j|‽Mawm
|t:|1665878995
|gametype|singles
|player|p1|ThyKingCharles|diantha-masters|1668
|player|p2|Mawm|beauty-gen6xy|1816
|teamsize|p1|6
|teamsize|p2|6
|gen|8
|tier|[Gen 8] National Dex AG
|rated|
|rule|HP Percentage Mod: HP is shown in percentages
|rule|Endless Battle Clause: Forcing endless battles is banned
|clearpoke
|poke|p1|Rayquaza|
|poke|p1|Arceus-*|
|poke|p1|Zacian-*|
|poke|p1|Necrozma-Dusk-Mane|
|poke|p1|Marshadow|
|poke|p1|Yveltal|
|poke|p2|Arceus-*|
|poke|p2|Genesect|
|poke|p2|Yveltal|
|poke|p2|Necrozma-Dusk-Mane|
|poke|p2|Rayquaza|
|poke|p2|Groudon|
|teampreview
|inactive|Battle timer is ON: inactive players will automatically lose when time's up. (requested by Mawm)
|
|t:|1665879007
|start
|switch|p1a: Arceus|Arceus|100/100
|switch|p2a: Groudon|Groudon|100/100
|detailschange|p2a: Groudon|Groudon-Primal
|-primal|p2a: Groudon
|-weather|DesolateLand|[from] ability: Desolate Land|[of] p2a: Groudon
|turn|1
|
|t:|1665879009
|move|p1a: Arceus|Swords Dance|p1a: Arceus
|-boost|p1a: Arceus|atk|2
|move|p2a: Groudon|Eruption|p1a: Arceus
|-damage|p1a: Arceus|3/100
|
|-weather|DesolateLand|[upkeep]
|upkeep
|turn|2
|
|t:|1665879011
|move|p1a: Arceus|Earthquake|p2a: Groudon
|-supereffective|p2a: Groudon
|-damage|p2a: Groudon|0 fnt
|faint|p2a: Groudon
|-weather|none
|
|upkeep
|
|t:|1665879021
|switch|p2a: Arceus|Arceus|100/100
|turn|3
|
|t:|1665879025
|move|p1a: Arceus|Extreme Speed|p2a: Arceus
|-damage|p2a: Arceus|40/100
|move|p2a: Arceus|Extreme Speed|p1a: Arceus
|-damage|p1a: Arceus|0 fnt
|faint|p1a: Arceus
|
|upkeep
|
|t:|1665879030
|switch|p1a: Marshadow|Marshadow|100/100
|turn|4
|
|t:|1665879032
|move|p1a: Marshadow|Close Combat|p2a: Arceus
|-supereffective|p2a: Arceus
|-damage|p2a: Arceus|0 fnt
|-unboost|p1a: Marshadow|def|1
|-unboost|p1a: Marshadow|spd|1
|faint|p2a: Arceus
|
|upkeep
|
|t:|1665879041
|switch|p2a: Rayquaza|Rayquaza|100/100
|-ability|p2a: Rayquaza|Air Lock
|turn|5
|
|t:|1665879045
|detailschange|p2a: Rayquaza|Rayquaza-Mega
|-mega|p2a: Rayquaza|Rayquaza|
|-weather|DeltaStream|[from] ability: Delta Stream|[of] p2a: Rayquaza
|move|p1a: Marshadow|Rock Tomb|p2a: Rayquaza
|-activate||deltastream
|-damage|p2a: Rayquaza|75/100
|-unboost|p2a: Rayquaza|spe|1
|move|p2a: Rayquaza|Earthquake|p1a: Marshadow
|-enditem|p1a: Marshadow|Focus Sash
|-damage|p1a: Marshadow|1/100
|-damage|p2a: Rayquaza|65/100|[from] item: Life Orb
|
|-weather|DeltaStream|[upkeep]
|upkeep
|turn|6
|
|t:|1665879056
|switch|p1a: Yveltal|Yveltal|100/100
|-ability|p1a: Yveltal|Dark Aura
|move|p2a: Rayquaza|Dragon Ascent|p1a: Yveltal
|-damage|p1a: Yveltal|0 fnt
|-unboost|p2a: Rayquaza|def|1
|-unboost|p2a: Rayquaza|spd|1
|faint|p1a: Yveltal
|-damage|p2a: Rayquaza|55/100|[from] item: Life Orb
|
|-weather|DeltaStream|[upkeep]
|upkeep
|
|t:|1665879060
|switch|p1a: Marshadow|Marshadow|1/100
|turn|7
|
|t:|1665879062
|move|p1a: Marshadow|Spectral Thief|p2a: Rayquaza
|-damage|p2a: Rayquaza|0 fnt
|faint|p2a: Rayquaza
|-weather|none
|
|upkeep
|
|t:|1665879076
|switch|p2a: Necrozma|Necrozma-Dusk-Mane, shiny|100/100
|turn|8
|
|t:|1665879078
|move|p1a: Marshadow|Spectral Thief|p2a: Necrozma
|-supereffective|p2a: Necrozma
|-damage|p2a: Necrozma|58/100
|move|p2a: Necrozma|Dragon Dance|p2a: Necrozma
|-boost|p2a: Necrozma|atk|1
|-boost|p2a: Necrozma|spe|1
|
|upkeep
|turn|9
|
|t:|1665879084
|detailschange|p2a: Necrozma|Necrozma-Ultra, shiny
|-burst|p2a: Necrozma|Necrozma|Ultranecrozium Z
|move|p1a: Marshadow|Shadow Sneak|p2a: Necrozma
|-supereffective|p2a: Necrozma
|-damage|p2a: Necrozma|17/100
|move|p2a: Necrozma|Photon Geyser|p1a: Marshadow
|-supereffective|p1a: Marshadow
|-damage|p1a: Marshadow|0 fnt
|faint|p1a: Marshadow
|
|upkeep
|
|t:|1665879090
|switch|p1a: Rayquaza|Rayquaza|100/100
|-ability|p1a: Rayquaza|Air Lock
|turn|10
|
|t:|1665879093
|detailschange|p1a: Rayquaza|Rayquaza-Mega
|-mega|p1a: Rayquaza|Rayquaza|
|-weather|DeltaStream|[from] ability: Delta Stream|[of] p1a: Rayquaza
|move|p1a: Rayquaza|Extreme Speed|p2a: Necrozma
|-damage|p2a: Necrozma|0 fnt
|faint|p2a: Necrozma
|-damage|p1a: Rayquaza|91/100|[from] item: Life Orb
|
|-weather|DeltaStream|[upkeep]
|upkeep
|
|t:|1665879096
|switch|p2a: Yveltal|Yveltal, shiny|100/100
|-ability|p2a: Yveltal|Dark Aura
|turn|11
|
|t:|1665879098
|-start|p2a: Yveltal|Dynamax|
|-heal|p2a: Yveltal|100/100|[silent]
|move|p1a: Rayquaza|Dragon Ascent|p2a: Yveltal
|-damage|p2a: Yveltal|49/100
|-unboost|p1a: Rayquaza|def|1
|-unboost|p1a: Rayquaza|spd|1
|-damage|p1a: Rayquaza|81/100|[from] item: Life Orb
|move|p2a: Yveltal|Max Airstream|p1a: Rayquaza
|-damage|p1a: Rayquaza|0 fnt
|-boost|p2a: Yveltal|spe|1
|faint|p1a: Rayquaza
|-weather|none
|
|upkeep
|
|t:|1665879108
|switch|p1a: Zacian|Zacian-Crowned|100/100
|-ability|p1a: Zacian|Intrepid Sword|boost
|-boost|p1a: Zacian|atk|1
|turn|12
|
|t:|1665879109
|move|p2a: Yveltal|Max Flare|p1a: Zacian
|-supereffective|p1a: Zacian
|-damage|p1a: Zacian|15/100
|-weather|SunnyDay
|move|p1a: Zacian|Behemoth Blade|p2a: Yveltal
|-damage|p2a: Yveltal|0 fnt
|faint|p2a: Yveltal
|
|-weather|SunnyDay|[upkeep]
|upkeep
|
|t:|1665879111
|switch|p2a: Genesect|Genesect, shiny|100/100
|-ability|p2a: Genesect|Download|boost
|-boost|p2a: Genesect|atk|1
|turn|13
|
|t:|1665879113
|move|p1a: Zacian|Behemoth Blade|p2a: Genesect
|-resisted|p2a: Genesect
|-damage|p2a: Genesect|55/100
|move|p2a: Genesect|Shift Gear|p2a: Genesect
|-boost|p2a: Genesect|spe|2
|-boost|p2a: Genesect|atk|1
|
|-weather|SunnyDay|[upkeep]
|upkeep
|turn|14
|
|t:|1665879120
|move|p2a: Genesect|Iron Head|p1a: Zacian
|-damage|p1a: Zacian|0 fnt
|faint|p1a: Zacian
|-damage|p2a: Genesect|46/100|[from] item: Life Orb
|
|-weather|SunnyDay|[upkeep]
|upkeep
|
|t:|1665879122
|switch|p1a: Necrozma|Necrozma-Dusk-Mane|100/100
|turn|15
|
|t:|1665879125
|detailschange|p1a: Necrozma|Necrozma-Ultra
|-burst|p1a: Necrozma|Necrozma|Ultranecrozium Z
|move|p2a: Genesect|Leech Life|p1a: Necrozma
|-supereffective|p1a: Necrozma
|-damage|p1a: Necrozma|0 fnt
|-heal|p2a: Genesect|94/100|[from] drain|[of] p1a: Necrozma
|faint|p1a: Necrozma
|-damage|p2a: Genesect|84/100|[from] item: Life Orb
|
|win|Mawm
|raw|ThyKingCharles's rating: 1668 &rarr; <strong>1656</strong><br />(-12 for losing)
|raw|Mawm's rating: 1816 &rarr; <strong>1828</strong><br />(+12 for winning)
