|j|☆chippytreatz
|j|☆Ziggywithit
|t:|1651862527
|gametype|singles
|player|p1|chippytreatz|veteran|1864
|player|p2|Ziggywithit|169|1789
|teamsize|p1|6
|teamsize|p2|6
|gen|8
|tier|[Gen 8] National Dex AG
|rated|
|rule|HP Percentage Mod: HP is shown in percentages
|rule|Endless Battle Clause: Forcing endless battles is banned
|clearpoke
|poke|p1|Zacian-*|
|poke|p1|Arceus-*|
|poke|p1|Arceus-*|
|poke|p1|Yveltal|
|poke|p1|Ditto|
|poke|p1|Necrozma-Dusk-Mane|
|poke|p2|Zygarde|
|poke|p2|Ho-Oh|
|poke|p2|Necrozma-Dusk-Mane|
|poke|p2|Tyranitar, F|
|poke|p2|Ferrothorn, F|
|poke|p2|Arceus-*|
|teampreview
|
|t:|1651862538
|start
|switch|p1a: Arceus|Arceus-Ground|100/100
|switch|p2a: Ho-Oh|Ho-Oh|100/100
|turn|1
|
|t:|1651862561
|move|p1a: Arceus|Magic Coat|p1a: Arceus
|-singleturn|p1a: Arceus|move: Magic Coat
|move|p2a: Ho-Oh|Toxic|p1a: Arceus
|move|p1a: Arceus|Toxic|p2a: Ho-Oh|[from]Magic Coat
|-status|p2a: Ho-Oh|tox
|
|-damage|p2a: Ho-Oh|94/100 tox|[from] psn
|upkeep
|turn|2
|
|t:|1651862568
|move|p1a: Arceus|Magic Coat|p1a: Arceus
|-singleturn|p1a: Arceus|move: Magic Coat
|move|p2a: Ho-Oh|Sacred Fire|p1a: Arceus
|-damage|p1a: Arceus|71/100
|-status|p1a: Arceus|brn
|
|-damage|p2a: Ho-Oh|82/100 tox|[from] psn
|-damage|p1a: Arceus|65/100 brn|[from] brn
|upkeep
|turn|3
|
|t:|1651862576
|switch|p2a: Ferrothorn|Ferrothorn, F|100/100
|move|p1a: Arceus|Stealth Rock|p2a: Ferrothorn
|-sidestart|p2: Ziggywithit|move: Stealth Rock
|
|-damage|p1a: Arceus|59/100 brn|[from] brn
|upkeep
|turn|4
|
|t:|1651862604
|move|p1a: Arceus|Earth Power|p2a: Ferrothorn
|-damage|p2a: Ferrothorn|70/100
|move|p2a: Ferrothorn|Leech Seed|p1a: Arceus
|-start|p1a: Arceus|move: Leech Seed
|
|-heal|p2a: Ferrothorn|76/100|[from] item: Leftovers
|-damage|p1a: Arceus|46/100 brn|[from] Leech Seed|[of] p2a: Ferrothorn
|-heal|p2a: Ferrothorn|90/100|[silent]
|-damage|p1a: Arceus|40/100 brn|[from] brn
|upkeep
|turn|5
|
|t:|1651862613
|move|p1a: Arceus|Earth Power|p2a: Ferrothorn
|-damage|p2a: Ferrothorn|60/100
|move|p2a: Ferrothorn|Spikes|p1a: Arceus
|-sidestart|p1: chippytreatz|Spikes
|
|-heal|p2a: Ferrothorn|66/100|[from] item: Leftovers
|-damage|p1a: Arceus|28/100 brn|[from] Leech Seed|[of] p2a: Ferrothorn
|-heal|p2a: Ferrothorn|80/100|[silent]
|-damage|p1a: Arceus|22/100 brn|[from] brn
|upkeep
|turn|6
|
|t:|1651862625
|move|p1a: Arceus|Magic Coat|p1a: Arceus
|-singleturn|p1a: Arceus|move: Magic Coat
|move|p2a: Ferrothorn|Knock Off|p1a: Arceus
|-damage|p1a: Arceus|11/100 brn
|
|-heal|p2a: Ferrothorn|86/100|[from] item: Leftovers
|-damage|p1a: Arceus|0 fnt|[from] Leech Seed|[of] p2a: Ferrothorn
|-heal|p2a: Ferrothorn|98/100|[silent]
|faint|p1a: Arceus
|upkeep
|
|t:|1651862632
|switch|p1a: Zacian|Zacian-Crowned|100/100
|-damage|p1a: Zacian|88/100|[from] Spikes
|-ability|p1a: Zacian|Intrepid Sword|boost
|-boost|p1a: Zacian|atk|1
|turn|7
|
|t:|1651862637
|switch|p2a: Necrozma|Necrozma-Dusk-Mane|100/100
|-damage|p2a: Necrozma|94/100|[from] Stealth Rock
|move|p1a: Zacian|Close Combat|p2a: Necrozma
|-damage|p2a: Necrozma|56/100
|-unboost|p1a: Zacian|def|1
|-unboost|p1a: Zacian|spd|1
|-damage|p1a: Zacian|72/100|[from] item: Rocky Helmet|[of] p2a: Necrozma
|
|upkeep
|turn|8
|
|t:|1651862645
|move|p1a: Zacian|Close Combat|p2a: Necrozma
|-crit|p2a: Necrozma
|-damage|p2a: Necrozma|0 fnt
|-unboost|p1a: Zacian|def|1
|-unboost|p1a: Zacian|spd|1
|-damage|p1a: Zacian|55/100|[from] item: Rocky Helmet|[of] p2a: Necrozma
|faint|p2a: Necrozma
|
|upkeep
|
|t:|1651862653
|switch|p2a: Arceus|Arceus-Ground|100/100
|-damage|p2a: Arceus|94/100|[from] Stealth Rock
|turn|9
|
|t:|1651862658
|switch|p1a: Yveltal|Yveltal|100/100
|-ability|p1a: Yveltal|Dark Aura
|move|p2a: Arceus|Judgment|p1a: Yveltal
|-immune|p1a: Yveltal
|
|upkeep
|turn|10
|
|t:|1651862661
|switch|p2a: Tyranitar|Tyranitar, F|100/100
|-damage|p2a: Tyranitar|88/100|[from] Stealth Rock
|-weather|Sandstorm|[from] ability: Sand Stream|[of] p2a: Tyranitar
|move|p1a: Yveltal|Dark Pulse|p2a: Tyranitar
|-resisted|p2a: Tyranitar
|-damage|p2a: Tyranitar|77/100
|
|-weather|Sandstorm|[upkeep]
|-damage|p1a: Yveltal|94/100|[from] Sandstorm
|upkeep
|turn|11
|
|t:|1651862671
|switch|p1a: Zacian|Zacian-Crowned|55/100
|-damage|p1a: Zacian|43/100|[from] Spikes
|-ability|p1a: Zacian|Intrepid Sword|boost
|-boost|p1a: Zacian|atk|1
|detailschange|p2a: Tyranitar|Tyranitar-Mega, F
|-mega|p2a: Tyranitar|Tyranitar|Tyranitarite
|move|p2a: Tyranitar|Thunder Wave|p1a: Zacian
|-status|p1a: Zacian|par
|
|-weather|Sandstorm|[upkeep]
|upkeep
|turn|12
|
|t:|1651862682
|switch|p2a: Arceus|Arceus-Ground|94/100
|-damage|p2a: Arceus|88/100|[from] Stealth Rock
|move|p1a: Zacian|Behemoth Blade|p2a: Arceus
|-damage|p2a: Arceus|38/100
|
|-weather|Sandstorm|[upkeep]
|upkeep
|turn|13
|
|t:|1651862690
|move|p2a: Arceus|Recover|p2a: Arceus
|-heal|p2a: Arceus|88/100
|move|p1a: Zacian|Behemoth Blade|p2a: Arceus
|-damage|p2a: Arceus|41/100
|
|-weather|Sandstorm|[upkeep]
|upkeep
|turn|14
|
|t:|1651862696
|move|p2a: Arceus|Recover|p2a: Arceus
|-heal|p2a: Arceus|91/100
|move|p1a: Zacian|Behemoth Blade|p2a: Arceus
|-damage|p2a: Arceus|42/100
|
|-weather|none
|upkeep
|turn|15
|
|t:|1651862703
|move|p2a: Arceus|Recover|p2a: Arceus
|-heal|p2a: Arceus|92/100
|cant|p1a: Zacian|par
|
|upkeep
|turn|16
|
|t:|1651862709
|switch|p1a: Yveltal|Yveltal|94/100
|-ability|p1a: Yveltal|Dark Aura
|move|p2a: Arceus|Ice Beam|p1a: Yveltal
|-supereffective|p1a: Yveltal
|-damage|p1a: Yveltal|54/100
|
|upkeep
|turn|17
|
|t:|1651862718
|switch|p1a: Zacian|Zacian-Crowned|43/100 par
|-damage|p1a: Zacian|30/100 par|[from] Spikes
|-ability|p1a: Zacian|Intrepid Sword|boost
|-boost|p1a: Zacian|atk|1
|move|p2a: Arceus|Ice Beam|p1a: Zacian
|-resisted|p1a: Zacian
|-damage|p1a: Zacian|18/100 par
|
|upkeep
|turn|18
|
|t:|1651862726
|move|p2a: Arceus|Judgment|p1a: Zacian
|-supereffective|p1a: Zacian
|-damage|p1a: Zacian|0 fnt
|faint|p1a: Zacian
|
|upkeep
|
|t:|1651862728
|switch|p1a: Necrozma|Necrozma-Dusk-Mane|100/100
|-damage|p1a: Necrozma|88/100|[from] Spikes
|turn|19
|
|t:|1651862735
|detailschange|p1a: Necrozma|Necrozma-Ultra
|-burst|p1a: Necrozma|Necrozma|Ultranecrozium Z
|move|p1a: Necrozma|Dragon Dance|p1a: Necrozma
|-boost|p1a: Necrozma|atk|1
|-boost|p1a: Necrozma|spe|1
|move|p2a: Arceus|Judgment|p1a: Necrozma
|-damage|p1a: Necrozma|35/100
|
|upkeep
|turn|20
|
|t:|1651862745
|-start|p2a: Arceus|Dynamax|
|-heal|p2a: Arceus|92/100|[silent]
|-zpower|p1a: Necrozma
|move|p1a: Necrozma|Light That Burns the Sky|p2a: Arceus|[zeffect]
|-damage|p2a: Arceus|44/100
|move|p2a: Arceus|Max Quake|p1a: Necrozma
|-damage|p1a: Necrozma|0 fnt
|-boost|p2a: Arceus|spd|1
|faint|p1a: Necrozma
|
|upkeep
|
|t:|1651862751
|switch|p1a: Arceus|Arceus|100/100
|-damage|p1a: Arceus|88/100|[from] Spikes
|turn|21
|
|t:|1651862761
|-start|p1a: Arceus|Dynamax|
|-heal|p1a: Arceus|88/100|[silent]
|move|p1a: Arceus|Max Strike|p2a: Arceus
|-damage|p2a: Arceus|28/100
|-unboost|p2a: Arceus|spe|1
|move|p2a: Arceus|Max Quake|p1a: Arceus
|-damage|p1a: Arceus|65/100
|-boost|p2a: Arceus|spd|1
|
|upkeep
|turn|22
|
|t:|1651862774
|-end|p2a: Arceus|Dynamax
|-heal|p2a: Arceus|28/100|[silent]
|switch|p2a: Ferrothorn|Ferrothorn, F|98/100
|-damage|p2a: Ferrothorn|92/100|[from] Stealth Rock
|move|p1a: Arceus|Max Strike|p2a: Ferrothorn
|-resisted|p2a: Ferrothorn
|-damage|p2a: Ferrothorn|66/100
|-unboost|p2a: Ferrothorn|spe|1
|
|-heal|p2a: Ferrothorn|73/100|[from] item: Leftovers
|upkeep
|turn|23
|
|t:|1651862784
|move|p1a: Arceus|Max Phantasm|p2a: Ferrothorn
|-damage|p2a: Ferrothorn|42/100
|-unboost|p2a: Ferrothorn|def|1
|move|p2a: Ferrothorn|Leech Seed|p1a: Arceus
|-start|p1a: Arceus|move: Leech Seed
|
|-heal|p2a: Ferrothorn|48/100|[from] item: Leftovers
|-damage|p1a: Arceus|58/100|[from] Leech Seed|[of] p2a: Ferrothorn
|-heal|p2a: Ferrothorn|61/100|[silent]
|upkeep
|-end|p1a: Arceus|Dynamax
|-heal|p1a: Arceus|59/100|[silent]
|turn|24
|
|t:|1651862793
|switch|p1a: Yveltal|Yveltal|54/100
|-ability|p1a: Yveltal|Dark Aura
|switch|p2a: Ho-Oh|Ho-Oh|100/100 tox
|
|-damage|p2a: Ho-Oh|94/100 tox|[from] psn
|upkeep
|turn|25
|
|t:|1651862799
|move|p1a: Yveltal|Foul Play|p2a: Ho-Oh
|-damage|p2a: Ho-Oh|57/100 tox
|move|p2a: Ho-Oh|Sacred Fire|p1a: Yveltal
|-damage|p1a: Yveltal|13/100
|
|-damage|p2a: Ho-Oh|45/100 tox|[from] psn
|upkeep
|turn|26
|
|t:|1651862807
|switch|p2a: Tyranitar|Tyranitar-Mega, F|77/100
|-damage|p2a: Tyranitar|65/100|[from] Stealth Rock
|-weather|Sandstorm|[from] ability: Sand Stream|[of] p2a: Tyranitar
|move|p1a: Yveltal|Foul Play|p2a: Tyranitar
|-resisted|p2a: Tyranitar
|-damage|p2a: Tyranitar|44/100
|
|-weather|Sandstorm|[upkeep]
|-damage|p1a: Yveltal|7/100|[from] Sandstorm
|upkeep
|turn|27
|
|t:|1651862819
|move|p1a: Yveltal|Foul Play|p2a: Tyranitar
|-resisted|p2a: Tyranitar
|-damage|p2a: Tyranitar|24/100
|move|p2a: Tyranitar|Thunder Wave|p1a: Yveltal
|-status|p1a: Yveltal|par
|
|-weather|Sandstorm|[upkeep]
|-damage|p1a: Yveltal|1/100 par|[from] Sandstorm
|upkeep
|turn|28
|
|t:|1651862830
|cant|p1a: Yveltal|par
|move|p2a: Tyranitar|Pursuit|p1a: Yveltal
|-resisted|p1a: Yveltal
|-damage|p1a: Yveltal|0 fnt
|faint|p1a: Yveltal
|
|-weather|Sandstorm|[upkeep]
|upkeep
|
|t:|1651862833
|switch|p1a: Ditto|Ditto|100/100
|-damage|p1a: Ditto|88/100|[from] Spikes
|-transform|p1a: Ditto|p2a: Tyranitar|[from] ability: Imposter
|turn|29
|
|t:|1651862851
|switch|p2a: Ferrothorn|Ferrothorn, F|61/100
|-damage|p2a: Ferrothorn|55/100|[from] Stealth Rock
|move|p1a: Ditto|Rock Tomb|p2a: Ferrothorn
|-resisted|p2a: Ferrothorn
|-damage|p2a: Ferrothorn|42/100
|-unboost|p2a: Ferrothorn|spe|1
|
|-weather|Sandstorm|[upkeep]
|-heal|p2a: Ferrothorn|49/100|[from] item: Leftovers
|upkeep
|turn|30
|
|t:|1651862857
|switch|p1a: Arceus|Arceus|59/100
|-damage|p1a: Arceus|46/100|[from] Spikes
|move|p2a: Ferrothorn|Leech Seed|p1a: Arceus
|-start|p1a: Arceus|move: Leech Seed
|
|-weather|none
|-heal|p2a: Ferrothorn|55/100|[from] item: Leftovers
|-damage|p1a: Arceus|34/100|[from] Leech Seed|[of] p2a: Ferrothorn
|-heal|p2a: Ferrothorn|68/100|[silent]
|upkeep
|turn|31
|
|t:|1651862867
|switch|p1a: Ditto|Ditto|88/100
|-damage|p1a: Ditto|76/100|[from] Spikes
|-transform|p1a: Ditto|p2a: Ferrothorn|[from] ability: Imposter
|move|p2a: Ferrothorn|Knock Off|p1a: Ditto
|-damage|p1a: Ditto|55/100
|-damage|p2a: Ferrothorn|56/100|[from] ability: Iron Barbs|[of] p1a: Ditto
|-enditem|p1a: Ditto|Choice Scarf|[from] move: Knock Off|[of] p2a: Ferrothorn
|
|-heal|p2a: Ferrothorn|62/100|[from] item: Leftovers
|upkeep
|turn|32
|
|t:|1651862875
|switch|p2a: Zygarde|Zygarde|100/100
|-damage|p2a: Zygarde|94/100|[from] Stealth Rock
|move|p1a: Ditto|Knock Off|p2a: Zygarde
|-damage|p2a: Zygarde|80/100
|-enditem|p2a: Zygarde|Leftovers|[from] move: Knock Off|[of] p1a: Ditto
|
|upkeep
|turn|33
|
|t:|1651862881
|move|p2a: Zygarde|Substitute|p2a: Zygarde
|-start|p2a: Zygarde|Substitute
|-damage|p2a: Zygarde|55/100
|move|p1a: Ditto|Leech Seed||[still]
|-fail|p1a: Ditto
|
|upkeep
|turn|34
|-message|chippytreatz forfeited.
|
|win|Ziggywithit
|raw|chippytreatz's rating: 1878 &rarr; <strong>1853</strong><br />(-25 for losing)
|raw|Ziggywithit's rating: 1789 &rarr; <strong>1814</strong><br />(+25 for winning)
|l|☆chippytreatz
||Ladder isn't responding, score probably updated but might not have (Request timeout).
