|j|☆chechenez227
|j|☆KANN ar KANN
|t:|1653484694
|gametype|singles
|player|p1|chechenez227|shadowtriad|1654
|player|p2|KANN ar KANN|101|1723
|teamsize|p1|6
|teamsize|p2|6
|gen|8
|tier|[Gen 8] National Dex AG
|rated|
|rule|HP Percentage Mod: HP is shown in percentages
|rule|Endless Battle Clause: Forcing endless battles is banned
|clearpoke
|poke|p1|Aerodactyl, M|
|poke|p1|Rayquaza|
|poke|p1|Groudon|
|poke|p1|Smeargle, F|
|poke|p1|Yveltal|
|poke|p1|Calyrex-Shadow|
|poke|p2|Zacian-*|
|poke|p2|Kyogre|
|poke|p2|Xerneas-*|
|poke|p2|Marshadow|
|poke|p2|Ditto|
|poke|p2|Rayquaza|
|teampreview
|
|t:|1653484707
|start
|switch|p1a: Aerodactyl|Aerodactyl, M|100/100
|switch|p2a: Skilos|Zacian-Crowned, shiny|100/100
|-ability|p2a: Skilos|Intrepid Sword|boost
|-boost|p2a: Skilos|atk|1
|-ability|p1a: Aerodactyl|Pressure
|turn|1
|j| PlayRisky4NoReason
|c| PlayRisky4NoReason|рок томб
|
|t:|1653484718
|move|p2a: Skilos|Behemoth Blade|p1a: Aerodactyl
|-supereffective|p1a: Aerodactyl
|-enditem|p1a: Aerodactyl|Focus Sash
|-damage|p1a: Aerodactyl|1/100
|move|p1a: Aerodactyl|Rock Tomb|p2a: Skilos
|-resisted|p2a: Skilos
|-damage|p2a: Skilos|89/100
|-unboost|p2a: Skilos|spe|1
|
|upkeep
|turn|2
|c|☆KANN ar KANN|da
|c| PlayRisky4NoReason|нет
|
|t:|1653484738
|switch|p2a: XEU|Xerneas|100/100
|-ability|p2a: XEU|Fairy Aura
|move|p1a: Aerodactyl|Stealth Rock|p2a: XEU
|-sidestart|p2: KANN ar KANN|move: Stealth Rock
|
|upkeep
|turn|3
|c| PlayRisky4NoReason|таунт
|
|t:|1653484750
|move|p1a: Aerodactyl|Taunt|p2a: XEU
|-start|p2a: XEU|move: Taunt
|cant|p2a: XEU|move: Taunt|Thunder Wave
|
|upkeep
|turn|4
|
|t:|1653484752
|move|p1a: Aerodactyl|Rock Tomb|p2a: XEU
|-damage|p2a: XEU|80/100
|-unboost|p2a: XEU|spe|1
|move|p2a: XEU|Moonblast|p1a: Aerodactyl
|-damage|p1a: Aerodactyl|0 fnt
|faint|p1a: Aerodactyl
|
|upkeep
|
|t:|1653484757
|switch|p1a: Smeargle|Smeargle, F|100/100
|turn|5
|
|t:|1653484760
|move|p1a: Smeargle|Spore|p2a: XEU
|-status|p2a: XEU|slp|[from] move: Spore
|cant|p2a: XEU|slp
|
|-end|p2a: XEU|move: Taunt
|-ability|p1a: Smeargle|Moody|boost
|-boost|p1a: Smeargle|def|2
|-unboost|p1a: Smeargle|atk|1
|upkeep
|turn|6
|
|t:|1653484764
|move|p1a: Smeargle|Substitute|p1a: Smeargle
|-start|p1a: Smeargle|Substitute
|-damage|p1a: Smeargle|75/100
|cant|p2a: XEU|slp
|
|-ability|p1a: Smeargle|Moody|boost
|-boost|p1a: Smeargle|spd|2
|-unboost|p1a: Smeargle|atk|1
|upkeep
|turn|7
|
|t:|1653484766
|move|p1a: Smeargle|Shell Smash|p1a: Smeargle
|-unboost|p1a: Smeargle|def|1
|-unboost|p1a: Smeargle|spd|1
|-boost|p1a: Smeargle|atk|2
|-boost|p1a: Smeargle|spa|2
|-boost|p1a: Smeargle|spe|2
|-curestatus|p2a: XEU|slp|[msg]
|move|p2a: XEU|Moonblast|p1a: Smeargle
|-end|p1a: Smeargle|Substitute
|
|-ability|p1a: Smeargle|Moody|boost
|-boost|p1a: Smeargle|spa|2
|-unboost|p1a: Smeargle|spe|1
|upkeep
|turn|8
|
|t:|1653484772
|move|p1a: Smeargle|Spore|p2a: XEU
|-status|p2a: XEU|slp|[from] move: Spore
|cant|p2a: XEU|slp
|
|-ability|p1a: Smeargle|Moody|boost
|-boost|p1a: Smeargle|spa|2
|-unboost|p1a: Smeargle|atk|1
|upkeep
|turn|9
|
|t:|1653484774
|move|p1a: Smeargle|Substitute|p1a: Smeargle
|-start|p1a: Smeargle|Substitute
|-damage|p1a: Smeargle|50/100
|-curestatus|p2a: XEU|slp|[msg]
|move|p2a: XEU|Thunder Wave||[still]
|-fail|p2a: XEU
|
|-ability|p1a: Smeargle|Moody|boost
|-boost|p1a: Smeargle|atk|2
|-unboost|p1a: Smeargle|spa|1
|upkeep
|turn|10
|
|t:|1653484779
|move|p1a: Smeargle|Shell Smash|p1a: Smeargle
|-unboost|p1a: Smeargle|def|1
|-unboost|p1a: Smeargle|spd|1
|-boost|p1a: Smeargle|atk|2
|-boost|p1a: Smeargle|spa|1
|-boost|p1a: Smeargle|spe|2
|move|p2a: XEU|Moonblast|p1a: Smeargle
|-end|p1a: Smeargle|Substitute
|
|-ability|p1a: Smeargle|Moody|boost
|-boost|p1a: Smeargle|def|2
|-unboost|p1a: Smeargle|spa|1
|upkeep
|turn|11
|c| PlayRisky4NoReason|?
|
|t:|1653484832
|move|p1a: Smeargle|Spore|p2a: XEU
|-status|p2a: XEU|slp|[from] move: Spore
|cant|p2a: XEU|slp
|
|-ability|p1a: Smeargle|Moody|boost
|-boost|p1a: Smeargle|def|2
|-unboost|p1a: Smeargle|spd|1
|upkeep
|turn|12
|
|t:|1653484838
|move|p1a: Smeargle|Substitute|p1a: Smeargle
|-start|p1a: Smeargle|Substitute
|-damage|p1a: Smeargle|25/100
|cant|p2a: XEU|slp
|
|-ability|p1a: Smeargle|Moody|boost
|-boost|p1a: Smeargle|spe|2
|-unboost|p1a: Smeargle|spa|1
|upkeep
|turn|13
|c| PlayRisky4NoReason|куклу и на калика думаю
|
|t:|1653484845
|move|p1a: Smeargle|Baton Pass|p1a: Smeargle
|
|t:|1653484847
|switch|p1a: Calyrex|Calyrex-Shadow|100/100|[from]move: Baton Pass
|-ability|p1a: Calyrex|As One
|-ability|p1a: Calyrex|Unnerve
|cant|p2a: XEU|slp
|
|upkeep
|turn|14
|c|☆chechenez227|aga
|
|t:|1653484858
|-end|p1a: Calyrex|Substitute
|-start|p1a: Calyrex|Dynamax|
|-heal|p1a: Calyrex|100/100|[silent]
|move|p1a: Calyrex|Max Mindstorm|p2a: XEU
|-damage|p2a: XEU|0 fnt
|-fieldstart|move: Psychic Terrain
|faint|p2a: XEU
|-ability|p1a: Calyrex|Grim Neigh|boost
|-boost|p1a: Calyrex|spa|1
|
|upkeep
|c| PlayRisky4NoReason|ты че делаешь
|c|☆chechenez227|а че не таку
|
|t:|1653484874
|switch|p2a: Barbatruc|Ditto, shiny|100/100
|-damage|p2a: Barbatruc|88/100|[from] Stealth Rock
|-transform|p2a: Barbatruc|p1a: Calyrex|[from] ability: Imposter
|turn|15
|c|☆chechenez227|а
|
|t:|1653484891
|-end|p1a: Calyrex|Dynamax
|-heal|p1a: Calyrex|100/100|[silent]
|switch|p1a: Smeargle|Smeargle, F|25/100
|move|p2a: Barbatruc|Astral Barrage|p1a: Smeargle
|-immune|p1a: Smeargle
|
|-ability|p1a: Smeargle|Moody|boost
|-boost|p1a: Smeargle|spa|2
|-unboost|p1a: Smeargle|atk|1
|upkeep
|turn|16
|c| PlayRisky4NoReason|??
|c| PlayRisky4NoReason|у тебя сэш же
|c|☆chechenez227|А
|c|☆chechenez227|ФАХХАХВАЫХ
|c|☆chechenez227|Я ЕБЛАН
|c|☆chechenez227|ФЫВХВЫАХВЫА
|c|☆KANN ar KANN|DA
|c| PlayRisky4NoReason|пизда
|
|t:|1653484911
|-start|p2a: Barbatruc|Dynamax|
|-heal|p2a: Barbatruc|88/100|[silent]
|move|p2a: Barbatruc|Max Starfall|p1a: Smeargle
|-damage|p1a: Smeargle|0 fnt
|-fieldstart|move: Misty Terrain
|faint|p1a: Smeargle
|-ability|p2a: Barbatruc|Grim Neigh|boost
|-boost|p2a: Barbatruc|spa|1
|
|upkeep
|
|t:|1653484916
|switch|p1a: Calyrex|Calyrex-Shadow|100/100
|-ability|p1a: Calyrex|As One
|-ability|p1a: Calyrex|Unnerve
|turn|17
|
|t:|1653484921
|move|p2a: Barbatruc|Max Phantasm|p1a: Calyrex
|-supereffective|p1a: Calyrex
|-enditem|p1a: Calyrex|Focus Sash
|-damage|p1a: Calyrex|1/100
|-unboost|p1a: Calyrex|def|1
|move|p1a: Calyrex|Astral Barrage|p2a: Barbatruc
|-supereffective|p2a: Barbatruc
|-damage|p2a: Barbatruc|0 fnt
|faint|p2a: Barbatruc
|-ability|p1a: Calyrex|Grim Neigh|boost
|-boost|p1a: Calyrex|spa|1
|
|upkeep
|
|t:|1653484927
|switch|p2a: Faith gang|Marshadow|100/100
|-damage|p2a: Faith gang|94/100|[from] Stealth Rock
|turn|18
|
|t:|1653484932
|switch|p1a: Groudon|Groudon|100/100
|detailschange|p1a: Groudon|Groudon-Primal
|-primal|p1a: Groudon
|-weather|DesolateLand|[from] ability: Desolate Land|[of] p1a: Groudon
|move|p2a: Faith gang|Shadow Sneak|p1a: Groudon
|-damage|p1a: Groudon|79/100
|
|-weather|DesolateLand|[upkeep]
|upkeep
|turn|19
|
|t:|1653484939
|switch|p2a: RAYBOSSSS|Rayquaza|100/100
|-damage|p2a: RAYBOSSSS|75/100|[from] Stealth Rock
|-ability|p2a: RAYBOSSSS|Air Lock
|move|p1a: Groudon|Precipice Blades|p2a: RAYBOSSSS
|-immune|p2a: RAYBOSSSS
|
|-weather|DesolateLand|[upkeep]
|upkeep
|turn|20
|
|t:|1653484943
|detailschange|p2a: RAYBOSSSS|Rayquaza-Mega
|-mega|p2a: RAYBOSSSS|Rayquaza|
|-weather|DeltaStream|[from] ability: Delta Stream|[of] p2a: RAYBOSSSS
|move|p2a: RAYBOSSSS|Waterfall|p1a: Groudon
|-supereffective|p1a: Groudon
|-damage|p1a: Groudon|0 fnt
|faint|p1a: Groudon
|-damage|p2a: RAYBOSSSS|66/100|[from] item: Life Orb
|
|-weather|DeltaStream|[upkeep]
|-fieldend|Misty Terrain
|upkeep
|
|t:|1653484947
|switch|p1a: Calyrex|Calyrex-Shadow|1/100
|-ability|p1a: Calyrex|As One
|-ability|p1a: Calyrex|Unnerve
|turn|21
|
|t:|1653484958
|move|p1a: Calyrex|Astral Barrage|p2a: RAYBOSSSS
|-damage|p2a: RAYBOSSSS|0 fnt
|faint|p2a: RAYBOSSSS
|-weather|none
|-ability|p1a: Calyrex|Grim Neigh|boost
|-boost|p1a: Calyrex|spa|1
|
|upkeep
|
|t:|1653484960
|switch|p2a: Faith gang|Marshadow|94/100
|-damage|p2a: Faith gang|88/100|[from] Stealth Rock
|turn|22
|c| PlayRisky4NoReason|в тупую просрал дмакс
|
|t:|1653484964
|switch|p1a: Yveltal|Yveltal|100/100
|-ability|p1a: Yveltal|Dark Aura
|move|p2a: Faith gang|Shadow Sneak|p1a: Yveltal
|-resisted|p1a: Yveltal
|-damage|p1a: Yveltal|84/100
|
|upkeep
|turn|23
|c| PlayRisky4NoReason|и еще свапнул тупо
|c| PlayRisky4NoReason|...
|
|t:|1653484971
|switch|p2a: Skilos|Zacian-Crowned, shiny|89/100
|-damage|p2a: Skilos|82/100|[from] Stealth Rock
|-ability|p2a: Skilos|Intrepid Sword|boost
|-boost|p2a: Skilos|atk|1
|move|p1a: Yveltal|Dark Pulse|p2a: Skilos
|-resisted|p2a: Skilos
|-damage|p2a: Skilos|49/100
|-damage|p1a: Yveltal|74/100|[from] item: Life Orb
|
|upkeep
|turn|24
|
|t:|1653484980
|move|p1a: Yveltal|Sucker Punch||[still]
|-fail|p1a: Yveltal
|move|p2a: Skilos|Substitute|p2a: Skilos
|-start|p2a: Skilos|Substitute
|-damage|p2a: Skilos|24/100
|
|upkeep
|turn|25
|
|t:|1653484983
|move|p1a: Yveltal|Sucker Punch|p2a: Skilos
|-resisted|p2a: Skilos
|-crit|p2a: Skilos
|-end|p2a: Skilos|Substitute
|-damage|p1a: Yveltal|64/100|[from] item: Life Orb
|move|p2a: Skilos|Behemoth Blade|p1a: Yveltal
|-damage|p1a: Yveltal|0 fnt
|faint|p1a: Yveltal
|
|upkeep
|
|t:|1653484985
|switch|p1a: Calyrex|Calyrex-Shadow|1/100
|-ability|p1a: Calyrex|As One
|-ability|p1a: Calyrex|Unnerve
|turn|26
|c| PlayRisky4NoReason|ща кугра 100% прожмет
|
|t:|1653485008
|switch|p2a: KIKI|Kyogre|100/100
|-damage|p2a: KIKI|88/100|[from] Stealth Rock
|-weather|RainDance|[from] ability: Drizzle|[of] p2a: KIKI
|move|p1a: Calyrex|Astral Barrage|p2a: KIKI
|-damage|p2a: KIKI|32/100
|
|-weather|RainDance|[upkeep]
|upkeep
|turn|27
|c| PlayRisky4NoReason|ахах
|
|t:|1653485014
|move|p2a: KIKI|Ice Beam|p1a: Calyrex
|-damage|p1a: Calyrex|0 fnt
|faint|p1a: Calyrex
|
|-weather|RainDance|[upkeep]
|upkeep
|
|t:|1653485015
|switch|p1a: Rayquaza|Rayquaza|100/100
|-ability|p1a: Rayquaza|Air Lock
|turn|28
|
|t:|1653485020
|detailschange|p1a: Rayquaza|Rayquaza-Mega
|-mega|p1a: Rayquaza|Rayquaza|
|-weather|DeltaStream|[from] ability: Delta Stream|[of] p1a: Rayquaza
|move|p2a: KIKI|Ice Beam|p1a: Rayquaza
|-activate||deltastream
|-supereffective|p1a: Rayquaza
|-damage|p1a: Rayquaza|34/100
|move|p1a: Rayquaza|Scale Shot|p2a: KIKI
|-crit|p2a: KIKI
|-damage|p2a: KIKI|3/100
|-damage|p2a: KIKI|0 fnt
|faint|p2a: KIKI
|-hitcount|p2: KIKI|2
|-unboost|p1a: Rayquaza|def|1
|-boost|p1a: Rayquaza|spe|1
|
|-weather|DeltaStream|[upkeep]
|upkeep
|c| PlayRisky4NoReason|ахуеть
|c| PlayRisky4NoReason|шарфовый
|
|t:|1653485034
|switch|p2a: Faith gang|Marshadow|88/100
|-damage|p2a: Faith gang|82/100|[from] Stealth Rock
|turn|29
|c| PlayRisky4NoReason|ты проебал
|
|t:|1653485037
|move|p2a: Faith gang|Shadow Sneak|p1a: Rayquaza
|-damage|p1a: Rayquaza|0 fnt
|faint|p1a: Rayquaza
|-weather|none
|
|win|KANN ar KANN
|raw|chechenez227's rating: 1654 &rarr; <strong>1638</strong><br />(-16 for losing)
|raw|KANN ar KANN's rating: 1723 &rarr; <strong>1739</strong><br />(+16 for winning)
|l|☆chechenez227
|c|☆KANN ar KANN|da
|l| PlayRisky4NoReason
||Ladder isn't responding, score probably updated but might not have (Request timeout).
