|j|☆LeftRayquaza
|j|☆Buck is stallish
|t:|1660986556
|gametype|singles
|player|p1|LeftRayquaza|steven|1768
|player|p2|Buck is stallish|ethan-masters|1905
|teamsize|p1|6
|teamsize|p2|6
|gen|8
|tier|[Gen 8] National Dex AG
|rated|
|rule|HP Percentage Mod: HP is shown in percentages
|rule|Endless Battle Clause: Forcing endless battles is banned
|clearpoke
|poke|p1|Arceus-*|
|poke|p1|Lugia|
|poke|p1|Chansey, F|
|poke|p1|Groudon|
|poke|p1|Ditto|
|poke|p1|Arceus-*|
|poke|p2|Kyogre|
|poke|p2|Chansey, F|
|poke|p2|Sableye, F|
|poke|p2|Lugia|
|poke|p2|Yveltal|
|poke|p2|Arceus-*|
|teampreview
|inactive|Battle timer is ON: inactive players will automatically lose when time's up. (requested by Buck is stallish)
|
|t:|1660986580
|start
|switch|p1a: Arceus|Arceus-Fairy|100/100
|switch|p2a: Pretty gem|Sableye, F|100/100
|turn|1
|j| Paradiso777
|
|t:|1660986610
|detailschange|p2a: Pretty gem|Sableye-Mega, F
|-mega|p2a: Pretty gem|Sableye|Sablenite
|move|p2a: Pretty gem|Protect|p2a: Pretty gem
|-singleturn|p2a: Pretty gem|Protect
|move|p1a: Arceus|Judgment|p2a: Pretty gem
|-activate|p2a: Pretty gem|move: Protect
|
|upkeep
|turn|2
|
|t:|1660986622
|switch|p2a: Fearless priest|Arceus-Ground|100/100
|move|p1a: Arceus|Judgment|p2a: Fearless priest
|-damage|p2a: Fearless priest|70/100
|
|upkeep
|turn|3
|
|t:|1660986637
|move|p1a: Arceus|Judgment|p2a: Fearless priest
|-damage|p2a: Fearless priest|38/100
|move|p2a: Fearless priest|Stealth Rock|p1a: Arceus
|-sidestart|p1: LeftRayquaza|move: Stealth Rock
|
|upkeep
|turn|4
|
|t:|1660986649
|move|p1a: Arceus|Toxic|p2a: Fearless priest
|-status|p2a: Fearless priest|tox
|move|p2a: Fearless priest|Recover|p2a: Fearless priest
|-heal|p2a: Fearless priest|88/100 tox
|
|-damage|p2a: Fearless priest|82/100 tox|[from] psn
|upkeep
|turn|5
|
|t:|1660986655
|switch|p1a: Lugia|Lugia|100/100
|-damage|p1a: Lugia|76/100|[from] Stealth Rock
|switch|p2a: Tough pink lady|Chansey, F|100/100
|
|upkeep
|turn|6
|
|t:|1660986665
|move|p1a: Lugia|Defog|p2a: Tough pink lady
|-unboost|p2a: Tough pink lady|evasion|1
|-sideend|p1: LeftRayquaza|Stealth Rock|[from] move: Defog|[of] p1a: Lugia
|move|p2a: Tough pink lady|Aromatherapy|p2a: Tough pink lady
|-activate|p2a: Tough pink lady|move: Aromatherapy
|-curestatus|p2: Fearless priest|tox|[msg]
|
|upkeep
|turn|7
|
|t:|1660986674
|switch|p1a: Chansey|Chansey, F|100/100
|switch|p2a: White phoenix|Lugia|100/100
|
|upkeep
|turn|8
|
|t:|1660986682
|switch|p2a: Raven of death|Yveltal, shiny|100/100
|-ability|p2a: Raven of death|Dark Aura
|move|p1a: Chansey|Seismic Toss|p2a: Raven of death
|-damage|p2a: Raven of death|78/100
|
|upkeep
|turn|9
|
|t:|1660986689
|switch|p1a: Arceus|Arceus-Fairy|100/100
|move|p2a: Raven of death|Knock Off|p1a: Arceus
|-resisted|p1a: Arceus
|-damage|p1a: Arceus|87/100
|
|upkeep
|turn|10
|
|t:|1660986692
|switch|p2a: Tough pink lady|Chansey, F|100/100
|move|p1a: Arceus|Toxic|p2a: Tough pink lady
|-status|p2a: Tough pink lady|tox
|
|-damage|p2a: Tough pink lady|94/100 tox|[from] psn
|upkeep
|turn|11
|
|t:|1660986701
|switch|p1a: Groudon|Groudon|100/100
|detailschange|p1a: Groudon|Groudon-Primal
|-primal|p1a: Groudon
|-weather|DesolateLand|[from] ability: Desolate Land|[of] p1a: Groudon
|-curestatus|p2a: Tough pink lady|tox|[from] ability: Natural Cure
|switch|p2a: Fearless priest|Arceus-Ground|82/100
|
|-weather|DesolateLand|[upkeep]
|upkeep
|turn|12
|
|t:|1660986709
|-weather|none
|switch|p1a: Lugia|Lugia|76/100
|move|p2a: Fearless priest|Recover|p2a: Fearless priest
|-heal|p2a: Fearless priest|100/100
|
|upkeep
|turn|13
|
|t:|1660986713
|move|p1a: Lugia|Roost|p1a: Lugia
|-heal|p1a: Lugia|100/100
|-singleturn|p1a: Lugia|move: Roost
|move|p2a: Fearless priest|Stealth Rock|p1a: Lugia
|-sidestart|p1: LeftRayquaza|move: Stealth Rock
|
|upkeep
|turn|14
|
|t:|1660986721
|switch|p2a: Eternal storm|Kyogre|100/100
|-weather|RainDance|[from] ability: Drizzle|[of] p2a: Eternal storm
|move|p1a: Lugia|Defog|p2a: Eternal storm
|-unboost|p2a: Eternal storm|evasion|1
|-sideend|p1: LeftRayquaza|Stealth Rock|[from] move: Defog|[of] p1a: Lugia
|
|-weather|RainDance|[upkeep]
|upkeep
|turn|15
|
|t:|1660986725
|move|p1a: Lugia|Toxic|p2a: Eternal storm
|-status|p2a: Eternal storm|tox
|move|p2a: Eternal storm|Calm Mind|p2a: Eternal storm
|-boost|p2a: Eternal storm|spa|1
|-boost|p2a: Eternal storm|spd|1
|
|-weather|RainDance|[upkeep]
|-damage|p2a: Eternal storm|94/100 tox|[from] psn
|upkeep
|turn|16
|
|t:|1660986733
|move|p1a: Lugia|Aeroblast|p2a: Eternal storm
|-damage|p2a: Eternal storm|81/100 tox
|move|p2a: Eternal storm|Ice Beam|p1a: Lugia
|-supereffective|p1a: Lugia
|-damage|p1a: Lugia|77/100
|-status|p1a: Lugia|frz
|
|-weather|RainDance|[upkeep]
|-heal|p2a: Eternal storm|87/100 tox|[from] item: Leftovers
|-damage|p2a: Eternal storm|75/100 tox|[from] psn
|upkeep
|turn|17
|
|t:|1660986736
|-curestatus|p1a: Lugia|frz|[msg]
|move|p1a: Lugia|Roost|p1a: Lugia
|-heal|p1a: Lugia|100/100
|-singleturn|p1a: Lugia|move: Roost
|move|p2a: Eternal storm|Rest|p2a: Eternal storm
|-status|p2a: Eternal storm|slp|[from] move: Rest
|-heal|p2a: Eternal storm|100/100 slp|[silent]
|
|-weather|RainDance|[upkeep]
|upkeep
|turn|18
|
|t:|1660986748
|switch|p1a: Groudon|Groudon-Primal|100/100
|-weather|DesolateLand|[from] ability: Desolate Land|[of] p1a: Groudon
|cant|p2a: Eternal storm|slp
|
|-weather|DesolateLand|[upkeep]
|upkeep
|turn|19
|
|t:|1660986759
|switch|p2a: Fearless priest|Arceus-Ground|100/100
|move|p1a: Groudon|Rock Tomb|p2a: Fearless priest
|-resisted|p2a: Fearless priest
|-damage|p2a: Fearless priest|95/100
|-unboost|p2a: Fearless priest|spe|1
|
|-weather|DesolateLand|[upkeep]
|upkeep
|turn|20
|
|t:|1660986767
|-weather|none
|switch|p1a: Lugia|Lugia|100/100
|move|p2a: Fearless priest|Stealth Rock|p1a: Lugia
|-sidestart|p1: LeftRayquaza|move: Stealth Rock
|
|upkeep
|turn|21
|
|t:|1660986771
|switch|p2a: Eternal storm|Kyogre|100/100 slp
|-weather|RainDance|[from] ability: Drizzle|[of] p2a: Eternal storm
|move|p1a: Lugia|Defog|p2a: Eternal storm
|-unboost|p2a: Eternal storm|evasion|1
|-sideend|p1: LeftRayquaza|Stealth Rock|[from] move: Defog|[of] p1a: Lugia
|
|-weather|RainDance|[upkeep]
|upkeep
|turn|22
|
|t:|1660986777
|switch|p1a: Groudon|Groudon-Primal|100/100
|-weather|DesolateLand|[from] ability: Desolate Land|[of] p1a: Groudon
|cant|p2a: Eternal storm|slp
|
|-weather|DesolateLand|[upkeep]
|upkeep
|turn|23
|
|t:|1660986780
|move|p1a: Groudon|Precipice Blades|p2a: Eternal storm
|-damage|p2a: Eternal storm|57/100 slp
|-curestatus|p2a: Eternal storm|slp|[msg]
|move|p2a: Eternal storm|Calm Mind|p2a: Eternal storm
|-boost|p2a: Eternal storm|spa|1
|-boost|p2a: Eternal storm|spd|1
|
|-weather|DesolateLand|[upkeep]
|-heal|p2a: Eternal storm|63/100|[from] item: Leftovers
|upkeep
|turn|24
|
|t:|1660986786
|move|p1a: Groudon|Swords Dance|p1a: Groudon
|-boost|p1a: Groudon|atk|2
|move|p2a: Eternal storm|Rest|p2a: Eternal storm
|-status|p2a: Eternal storm|slp|[from] move: Rest
|-heal|p2a: Eternal storm|100/100 slp|[silent]
|
|-weather|DesolateLand|[upkeep]
|upkeep
|turn|25
|
|t:|1660986790
|switch|p2a: White phoenix|Lugia|100/100
|move|p1a: Groudon|Precipice Blades|p2a: White phoenix
|-immune|p2a: White phoenix
|
|-weather|DesolateLand|[upkeep]
|upkeep
|turn|26
|
|t:|1660986794
|move|p2a: White phoenix|Toxic|p1a: Groudon
|-status|p1a: Groudon|tox
|move|p1a: Groudon|Rock Tomb|p2a: White phoenix
|-supereffective|p2a: White phoenix
|-damage|p2a: White phoenix|79/100
|-unboost|p2a: White phoenix|spe|1
|
|-weather|DesolateLand|[upkeep]
|-heal|p2a: White phoenix|85/100|[from] item: Leftovers
|-damage|p1a: Groudon|94/100 tox|[from] psn
|upkeep
|turn|27
|
|t:|1660986800
|-weather|none
|switch|p1a: Chansey|Chansey, F|100/100
|move|p2a: White phoenix|Roost|p2a: White phoenix
|-heal|p2a: White phoenix|100/100
|-singleturn|p2a: White phoenix|move: Roost
|
|upkeep
|turn|28
|
|t:|1660986807
|switch|p2a: Fearless priest|Arceus-Ground|95/100
|move|p1a: Chansey|Aromatherapy|p1a: Chansey
|-activate|p1a: Chansey|move: Aromatherapy
|-curestatus|p1: Groudon|tox|[msg]
|
|upkeep
|turn|29
|
|t:|1660986815
|move|p2a: Fearless priest|Stealth Rock|p1a: Chansey
|-sidestart|p1: LeftRayquaza|move: Stealth Rock
|move|p1a: Chansey|Toxic|p2a: Fearless priest
|-status|p2a: Fearless priest|tox
|
|-damage|p2a: Fearless priest|89/100 tox|[from] psn
|upkeep
|turn|30
|
|t:|1660986819
|switch|p2a: Tough pink lady|Chansey, F|94/100
|switch|p1a: Lugia|Lugia|100/100
|-damage|p1a: Lugia|76/100|[from] Stealth Rock
|
|upkeep
|turn|31
|
|t:|1660986825
|move|p1a: Lugia|Defog|p2a: Tough pink lady
|-unboost|p2a: Tough pink lady|evasion|1
|-sideend|p1: LeftRayquaza|Stealth Rock|[from] move: Defog|[of] p1a: Lugia
|move|p2a: Tough pink lady|Seismic Toss|p1a: Lugia
|-damage|p1a: Lugia|52/100
|-damage|p2a: Tough pink lady|78/100|[from] item: Rocky Helmet|[of] p1a: Lugia
|
|upkeep
|turn|32
|
|t:|1660986832
|move|p1a: Lugia|Roost|p1a: Lugia
|-heal|p1a: Lugia|100/100
|-singleturn|p1a: Lugia|move: Roost
|move|p2a: Tough pink lady|Aromatherapy|p2a: Tough pink lady
|-activate|p2a: Tough pink lady|move: Aromatherapy
|-curestatus|p2: Fearless priest|tox|[msg]
|-curestatus|p2: Eternal storm|slp|[msg]
|
|upkeep
|turn|33
|
|t:|1660986837
|switch|p2a: Pretty gem|Sableye-Mega, F|100/100
|move|p1a: Lugia|Toxic|p2a: Pretty gem
|move|p2a: Pretty gem|Toxic|p1a: Lugia|[from]ability: Magic Bounce|[miss]
|-miss|p2a: Pretty gem|p1a: Lugia
|
|upkeep
|turn|34
|
|t:|1660986843
|switch|p1a: Arceus|Arceus-Fairy|87/100
|move|p2a: Pretty gem|Foul Play|p1a: Arceus
|-resisted|p1a: Arceus
|-damage|p1a: Arceus|77/100
|
|upkeep
|turn|35
|
|t:|1660986847
|switch|p2a: Tough pink lady|Chansey, F|78/100
|move|p1a: Arceus|Recover|p1a: Arceus
|-heal|p1a: Arceus|100/100
|
|upkeep
|turn|36
|
|t:|1660986850
|move|p1a: Arceus|Toxic|p2a: Tough pink lady
|-status|p2a: Tough pink lady|tox
|move|p2a: Tough pink lady|Soft-Boiled|p2a: Tough pink lady
|-heal|p2a: Tough pink lady|100/100 tox
|
|-damage|p2a: Tough pink lady|94/100 tox|[from] psn
|upkeep
|turn|37
|
|t:|1660986857
|-curestatus|p2a: Tough pink lady|tox|[from] ability: Natural Cure
|switch|p2a: Eternal storm|Kyogre|100/100
|-weather|RainDance|[from] ability: Drizzle|[of] p2a: Eternal storm
|move|p1a: Arceus|Judgment|p2a: Eternal storm
|-damage|p2a: Eternal storm|69/100
|
|-weather|RainDance|[upkeep]
|-heal|p2a: Eternal storm|75/100|[from] item: Leftovers
|upkeep
|turn|38
|
|t:|1660986861
|switch|p1a: Groudon|Groudon-Primal|94/100
|-weather|DesolateLand|[from] ability: Desolate Land|[of] p1a: Groudon
|move|p2a: Eternal storm|Calm Mind|p2a: Eternal storm
|-boost|p2a: Eternal storm|spa|1
|-boost|p2a: Eternal storm|spd|1
|
|-weather|DesolateLand|[upkeep]
|-heal|p2a: Eternal storm|81/100|[from] item: Leftovers
|upkeep
|turn|39
|
|t:|1660986869
|move|p1a: Groudon|Precipice Blades|p2a: Eternal storm
|-damage|p2a: Eternal storm|36/100
|move|p2a: Eternal storm|Calm Mind|p2a: Eternal storm
|-boost|p2a: Eternal storm|spa|1
|-boost|p2a: Eternal storm|spd|1
|
|-weather|DesolateLand|[upkeep]
|-heal|p2a: Eternal storm|42/100|[from] item: Leftovers
|upkeep
|turn|40
|
|t:|1660986874
|switch|p2a: White phoenix|Lugia|100/100
|move|p1a: Groudon|Precipice Blades|p2a: White phoenix
|-immune|p2a: White phoenix
|
|-weather|DesolateLand|[upkeep]
|upkeep
|turn|41
|
|t:|1660986879
|move|p2a: White phoenix|Toxic|p1a: Groudon
|-status|p1a: Groudon|tox
|move|p1a: Groudon|Rock Tomb|p2a: White phoenix
|-supereffective|p2a: White phoenix
|-damage|p2a: White phoenix|90/100
|-unboost|p2a: White phoenix|spe|1
|
|-weather|DesolateLand|[upkeep]
|-heal|p2a: White phoenix|96/100|[from] item: Leftovers
|-damage|p1a: Groudon|88/100 tox|[from] psn
|upkeep
|turn|42
|
|t:|1660986884
|-weather|none
|switch|p1a: Chansey|Chansey, F|100/100
|move|p2a: White phoenix|Roost|p2a: White phoenix
|-heal|p2a: White phoenix|100/100
|-singleturn|p2a: White phoenix|move: Roost
|
|upkeep
|turn|43
|
|t:|1660986888
|switch|p2a: Eternal storm|Kyogre|42/100
|-weather|RainDance|[from] ability: Drizzle|[of] p2a: Eternal storm
|move|p1a: Chansey|Aromatherapy|p1a: Chansey
|-activate|p1a: Chansey|move: Aromatherapy
|-curestatus|p1: Groudon|tox|[msg]
|
|-weather|RainDance|[upkeep]
|-heal|p2a: Eternal storm|49/100|[from] item: Leftovers
|upkeep
|turn|44
|
|t:|1660986891
|move|p2a: Eternal storm|Rest|p2a: Eternal storm
|-status|p2a: Eternal storm|slp|[from] move: Rest
|-heal|p2a: Eternal storm|100/100 slp|[silent]
|move|p1a: Chansey|Toxic||[still]
|-fail|p1a: Chansey
|
|-weather|RainDance|[upkeep]
|upkeep
|turn|45
|
|t:|1660986902
|switch|p1a: Groudon|Groudon-Primal|88/100
|-weather|DesolateLand|[from] ability: Desolate Land|[of] p1a: Groudon
|cant|p2a: Eternal storm|slp
|
|-weather|DesolateLand|[upkeep]
|upkeep
|turn|46
|
|t:|1660986913
|switch|p2a: White phoenix|Lugia|100/100
|move|p1a: Groudon|Swords Dance|p1a: Groudon
|-boost|p1a: Groudon|atk|2
|
|-weather|DesolateLand|[upkeep]
|upkeep
|turn|47
|
|t:|1660986921
|-weather|none
|switch|p1a: Chansey|Chansey, F|100/100
|move|p2a: White phoenix|Toxic|p1a: Chansey
|-status|p1a: Chansey|tox
|
|-damage|p1a: Chansey|94/100 tox|[from] psn
|upkeep
|turn|48
|
|t:|1660986930
|switch|p2a: Pretty gem|Sableye-Mega, F|100/100
|-curestatus|p1a: Chansey|tox|[from] ability: Natural Cure
|switch|p1a: Arceus|Arceus-Dark|100/100
|
|upkeep
|turn|49
|
|t:|1660986938
|switch|p2a: Tough pink lady|Chansey, F|94/100
|move|p1a: Arceus|Whirlpool|p2a: Tough pink lady
|-damage|p2a: Tough pink lady|92/100
|-activate|p2a: Tough pink lady|move: Whirlpool|[of] p1a: Arceus
|
|-damage|p2a: Tough pink lady|79/100|[from] move: Whirlpool|[partiallytrapped]
|upkeep
|turn|50
|
|t:|1660986945
|switch|p1a: Groudon|Groudon-Primal|88/100
|-weather|DesolateLand|[from] ability: Desolate Land|[of] p1a: Groudon
|move|p2a: Tough pink lady|Aromatherapy|p2a: Tough pink lady
|-activate|p2a: Tough pink lady|move: Aromatherapy
|-curestatus|p2: Eternal storm|slp|[msg]
|
|-weather|DesolateLand|[upkeep]
|-end|p2a: Tough pink lady|Whirlpool|[partiallytrapped]|[silent]
|upkeep
|turn|51
|
|t:|1660986955
|switch|p2a: White phoenix|Lugia|100/100
|move|p1a: Groudon|Precipice Blades|p2a: White phoenix
|-immune|p2a: White phoenix
|
|-weather|DesolateLand|[upkeep]
|upkeep
|turn|52
|inactive|Buck is stallish has 120 seconds left.
|
|t:|1660986987
|switch|p2a: Raven of death|Yveltal, shiny|78/100
|-ability|p2a: Raven of death|Dark Aura
|-weather|none
|switch|p1a: Chansey|Chansey, F|94/100
|
|upkeep
|turn|53
|
|t:|1660986999
|switch|p1a: Arceus|Arceus-Dark|100/100
|move|p2a: Raven of death|U-turn|p1a: Arceus
|-supereffective|p1a: Arceus
|-damage|p1a: Arceus|79/100
|
|t:|1660987010
|switch|p2a: White phoenix|Lugia|100/100|[from]move: U-turn
|
|upkeep
|turn|54
|
|t:|1660987016
|move|p1a: Arceus|Snarl|p2a: White phoenix
|-supereffective|p2a: White phoenix
|-damage|p2a: White phoenix|84/100
|-unboost|p2a: White phoenix|spa|1
|move|p2a: White phoenix|Toxic|p1a: Arceus
|-status|p1a: Arceus|tox
|
|-heal|p2a: White phoenix|91/100|[from] item: Leftovers
|-damage|p1a: Arceus|73/100 tox|[from] psn
|upkeep
|turn|55
|
|t:|1660987021
|switch|p1a: Chansey|Chansey, F|94/100
|move|p2a: White phoenix|Ice Beam|p1a: Chansey
|-damage|p1a: Chansey|92/100
|
|-heal|p2a: White phoenix|97/100|[from] item: Leftovers
|upkeep
|turn|56
|
|t:|1660987026
|move|p2a: White phoenix|Ice Beam|p1a: Chansey
|-damage|p1a: Chansey|89/100
|move|p1a: Chansey|Aromatherapy|p1a: Chansey
|-activate|p1a: Chansey|move: Aromatherapy
|-curestatus|p1: Arceus|tox|[msg]
|
|-heal|p2a: White phoenix|100/100|[from] item: Leftovers
|upkeep
|turn|57
|
|t:|1660987031
|switch|p2a: Pretty gem|Sableye-Mega, F|100/100
|move|p1a: Chansey|Toxic|p2a: Pretty gem
|move|p2a: Pretty gem|Toxic|p1a: Chansey|[from]ability: Magic Bounce
|-status|p1a: Chansey|tox
|
|-damage|p1a: Chansey|83/100 tox|[from] psn
|upkeep
|turn|58
|
|t:|1660987035
|-curestatus|p1a: Chansey|tox|[from] ability: Natural Cure
|switch|p1a: Arceus|Arceus-Dark|73/100
|move|p2a: Pretty gem|Will-O-Wisp|p1a: Arceus|[miss]
|-miss|p2a: Pretty gem|p1a: Arceus
|
|upkeep
|turn|59
|
|t:|1660987042
|move|p2a: Pretty gem|Protect|p2a: Pretty gem
|-singleturn|p2a: Pretty gem|Protect
|move|p1a: Arceus|Whirlpool|p2a: Pretty gem
|-activate|p2a: Pretty gem|move: Protect
|
|upkeep
|turn|60
|
|t:|1660987046
|move|p1a: Arceus|Whirlpool|p2a: Pretty gem
|-damage|p2a: Pretty gem|90/100
|-activate|p2a: Pretty gem|move: Whirlpool|[of] p1a: Arceus
|move|p2a: Pretty gem|Will-O-Wisp|p1a: Arceus
|-status|p1a: Arceus|brn
|
|-damage|p1a: Arceus|67/100 brn|[from] brn
|-damage|p2a: Pretty gem|78/100|[from] move: Whirlpool|[partiallytrapped]
|upkeep
|turn|61
|
|t:|1660987050
|switch|p1a: Arceus|Arceus-Fairy|100/100
|move|p2a: Pretty gem|Protect||[still]
|-fail|p2a: Pretty gem
|
|-end|p2a: Pretty gem|Whirlpool|[partiallytrapped]|[silent]
|upkeep
|turn|62
|inactive|LeftRayquaza has 120 seconds left.
|
|t:|1660987081
|switch|p2a: Tough pink lady|Chansey, F|79/100
|move|p1a: Arceus|Judgment|p2a: Tough pink lady
|-damage|p2a: Tough pink lady|66/100
|
|upkeep
|turn|63
|
|t:|1660987086
|move|p1a: Arceus|Toxic|p2a: Tough pink lady
|-status|p2a: Tough pink lady|tox
|move|p2a: Tough pink lady|Soft-Boiled|p2a: Tough pink lady
|-heal|p2a: Tough pink lady|100/100 tox
|
|-damage|p2a: Tough pink lady|94/100 tox|[from] psn
|upkeep
|turn|64
|
|t:|1660987092
|switch|p1a: Chansey|Chansey, F|83/100
|-curestatus|p2a: Tough pink lady|tox|[from] ability: Natural Cure
|switch|p2a: Eternal storm|Kyogre|100/100
|-weather|RainDance|[from] ability: Drizzle|[of] p2a: Eternal storm
|
|-weather|RainDance|[upkeep]
|upkeep
|turn|65
|
|t:|1660987099
|move|p2a: Eternal storm|Calm Mind|p2a: Eternal storm
|-boost|p2a: Eternal storm|spa|1
|-boost|p2a: Eternal storm|spd|1
|move|p1a: Chansey|Aromatherapy|p1a: Chansey
|-activate|p1a: Chansey|move: Aromatherapy
|-curestatus|p1: Arceus|brn|[msg]
|
|-weather|RainDance|[upkeep]
|upkeep
|turn|66
|
|t:|1660987116
|switch|p1a: Groudon|Groudon-Primal|88/100
|-weather|DesolateLand|[from] ability: Desolate Land|[of] p1a: Groudon
|move|p2a: Eternal storm|Scald||[still]
|-fail|p2a: Eternal storm|Scald|[from] Desolate Land
|
|-weather|DesolateLand|[upkeep]
|upkeep
|turn|67
|
|t:|1660987124
|move|p1a: Groudon|Rock Tomb|p2a: Eternal storm
|-damage|p2a: Eternal storm|84/100
|-unboost|p2a: Eternal storm|spe|1
|move|p2a: Eternal storm|Ice Beam|p1a: Groudon
|-damage|p1a: Groudon|47/100
|
|-weather|DesolateLand|[upkeep]
|-heal|p2a: Eternal storm|91/100|[from] item: Leftovers
|upkeep
|turn|68
|
|t:|1660987135
|switch|p2a: White phoenix|Lugia|100/100
|move|p1a: Groudon|Precipice Blades|p2a: White phoenix
|-immune|p2a: White phoenix
|
|-weather|DesolateLand|[upkeep]
|upkeep
|turn|69
|
|t:|1660987156
|switch|p2a: Eternal storm|Kyogre|91/100
|-ability|p2a: Eternal storm|Drizzle|[from] desolateland|[fail]
|-weather|none
|switch|p1a: Lugia|Lugia|100/100
|
|-heal|p2a: Eternal storm|97/100|[from] item: Leftovers
|upkeep
|turn|70
|inactive|LeftRayquaza has 120 seconds left.
|
|t:|1660987181
|switch|p1a: Chansey|Chansey, F|83/100
|switch|p2a: Tough pink lady|Chansey, F|94/100
|
|upkeep
|turn|71
|
|t:|1660987207
|switch|p2a: Pretty gem|Sableye-Mega, F|78/100
|move|p1a: Chansey|Seismic Toss|p2a: Pretty gem
|-immune|p2a: Pretty gem
|
|upkeep
|turn|72
|
|t:|1660987217
|switch|p1a: Arceus|Arceus-Fairy|100/100
|move|p2a: Pretty gem|Recover|p2a: Pretty gem
|-heal|p2a: Pretty gem|100/100
|
|upkeep
|turn|73
|
|t:|1660987225
|move|p2a: Pretty gem|Protect|p2a: Pretty gem
|-singleturn|p2a: Pretty gem|Protect
|move|p1a: Arceus|Judgment|p2a: Pretty gem
|-activate|p2a: Pretty gem|move: Protect
|
|upkeep
|turn|74
|
|t:|1660987248
|switch|p2a: Tough pink lady|Chansey, F|94/100
|move|p1a: Arceus|Judgment|p2a: Tough pink lady
|-damage|p2a: Tough pink lady|83/100
|
|upkeep
|turn|75
|
|t:|1660987252
|move|p1a: Arceus|Toxic|p2a: Tough pink lady
|-status|p2a: Tough pink lady|tox
|move|p2a: Tough pink lady|Seismic Toss|p1a: Arceus
|-damage|p1a: Arceus|78/100
|
|-damage|p2a: Tough pink lady|76/100 tox|[from] psn
|upkeep
|turn|76
|
|t:|1660987261
|switch|p1a: Groudon|Groudon-Primal|47/100
|-weather|DesolateLand|[from] ability: Desolate Land|[of] p1a: Groudon
|move|p2a: Tough pink lady|Soft-Boiled|p2a: Tough pink lady
|-heal|p2a: Tough pink lady|100/100 tox
|
|-weather|DesolateLand|[upkeep]
|-damage|p2a: Tough pink lady|88/100 tox|[from] psn
|upkeep
|turn|77
|
|t:|1660987268
|-curestatus|p2a: Tough pink lady|tox|[from] ability: Natural Cure
|switch|p2a: White phoenix|Lugia|100/100
|move|p1a: Groudon|Rock Tomb|p2a: White phoenix
|-supereffective|p2a: White phoenix
|-damage|p2a: White phoenix|88/100
|-unboost|p2a: White phoenix|spe|1
|
|-weather|DesolateLand|[upkeep]
|-heal|p2a: White phoenix|95/100|[from] item: Leftovers
|upkeep
|turn|78
|
|t:|1660987273
|move|p1a: Groudon|Fire Punch|p2a: White phoenix
|-damage|p2a: White phoenix|65/100
|-status|p2a: White phoenix|brn
|move|p2a: White phoenix|Toxic|p1a: Groudon
|-status|p1a: Groudon|tox
|
|-weather|DesolateLand|[upkeep]
|-heal|p2a: White phoenix|71/100 brn|[from] item: Leftovers
|-damage|p1a: Groudon|41/100 tox|[from] psn
|-damage|p2a: White phoenix|65/100 brn|[from] brn
|upkeep
|turn|79
|
|t:|1660987279
|-weather|none
|switch|p1a: Chansey|Chansey, F|83/100
|move|p2a: White phoenix|Roost|p2a: White phoenix
|-heal|p2a: White phoenix|100/100 brn
|-singleturn|p2a: White phoenix|move: Roost
|
|-damage|p2a: White phoenix|94/100 brn|[from] brn
|upkeep
|turn|80
|
|t:|1660987288
|switch|p2a: Tough pink lady|Chansey, F|88/100
|move|p1a: Chansey|Seismic Toss|p2a: Tough pink lady
|-damage|p2a: Tough pink lady|72/100
|
|upkeep
|turn|81
|
|t:|1660987294
|move|p2a: Tough pink lady|Aromatherapy|p2a: Tough pink lady
|-activate|p2a: Tough pink lady|move: Aromatherapy
|-curestatus|p2: White phoenix|brn|[msg]
|move|p1a: Chansey|Toxic|p2a: Tough pink lady
|-status|p2a: Tough pink lady|tox
|
|-damage|p2a: Tough pink lady|66/100 tox|[from] psn
|upkeep
|turn|82
|
|t:|1660987301
|move|p1a: Chansey|Soft-Boiled|p1a: Chansey
|-heal|p1a: Chansey|100/100
|move|p2a: Tough pink lady|Soft-Boiled|p2a: Tough pink lady
|-heal|p2a: Tough pink lady|100/100 tox
|
|-damage|p2a: Tough pink lady|88/100 tox|[from] psn
|upkeep
|turn|83
|
|t:|1660987318
|-curestatus|p2a: Tough pink lady|tox|[from] ability: Natural Cure
|switch|p2a: Pretty gem|Sableye-Mega, F|100/100
|switch|p1a: Arceus|Arceus-Fairy|78/100
|
|upkeep
|turn|84
|
|t:|1660987323
|move|p2a: Pretty gem|Protect|p2a: Pretty gem
|-singleturn|p2a: Pretty gem|Protect
|move|p1a: Arceus|Recover|p1a: Arceus
|-heal|p1a: Arceus|100/100
|
|upkeep
|turn|85
|
|t:|1660987335
|switch|p2a: Tough pink lady|Chansey, F|88/100
|move|p1a: Arceus|Judgment|p2a: Tough pink lady
|-damage|p2a: Tough pink lady|75/100
|
|upkeep
|turn|86
|
|t:|1660987340
|switch|p1a: Arceus|Arceus-Dark|67/100
|move|p2a: Tough pink lady|Soft-Boiled|p2a: Tough pink lady
|-heal|p2a: Tough pink lady|100/100
|
|upkeep
|turn|87
|inactive|Buck is stallish has 120 seconds left.
|inactive|Buck is stallish has 90 seconds left.
|
|t:|1660987408
|switch|p2a: Pretty gem|Sableye-Mega, F|100/100
|move|p1a: Arceus|Recover|p1a: Arceus
|-heal|p1a: Arceus|100/100
|
|upkeep
|turn|88
|
|t:|1660987418
|move|p1a: Arceus|Calm Mind|p1a: Arceus
|-boost|p1a: Arceus|spa|1
|-boost|p1a: Arceus|spd|1
|move|p2a: Pretty gem|Will-O-Wisp|p1a: Arceus
|-status|p1a: Arceus|brn
|
|-damage|p1a: Arceus|94/100 brn|[from] brn
|upkeep
|turn|89
|inactive|Buck is stallish has 90 seconds left.
|
|t:|1660987441
|switch|p2a: Tough pink lady|Chansey, F|100/100
|move|p1a: Arceus|Whirlpool|p2a: Tough pink lady
|-damage|p2a: Tough pink lady|97/100
|-activate|p2a: Tough pink lady|move: Whirlpool|[of] p1a: Arceus
|
|-damage|p1a: Arceus|88/100 brn|[from] brn
|-damage|p2a: Tough pink lady|84/100|[from] move: Whirlpool|[partiallytrapped]
|upkeep
|turn|90
|
|t:|1660987449
|switch|p1a: Chansey|Chansey, F|100/100
|move|p2a: Tough pink lady|Confide|p1a: Chansey
|-unboost|p1a: Chansey|spa|1
|
|-end|p2a: Tough pink lady|Whirlpool|[partiallytrapped]|[silent]
|upkeep
|turn|91
|
|t:|1660987459
|switch|p2a: Pretty gem|Sableye-Mega, F|100/100
|move|p1a: Chansey|Toxic|p2a: Pretty gem
|move|p2a: Pretty gem|Toxic|p1a: Chansey|[from]ability: Magic Bounce
|-status|p1a: Chansey|tox
|
|-damage|p1a: Chansey|94/100 tox|[from] psn
|upkeep
|turn|92
|
|t:|1660987463
|-curestatus|p1a: Chansey|tox|[from] ability: Natural Cure
|switch|p1a: Arceus|Arceus-Dark|88/100 brn
|switch|p2a: Fearless priest|Arceus-Ground|89/100
|
|-damage|p1a: Arceus|82/100 brn|[from] brn
|upkeep
|turn|93
|
|t:|1660987469
|switch|p2a: Tough pink lady|Chansey, F|84/100
|move|p1a: Arceus|Whirlpool|p2a: Tough pink lady
|-damage|p2a: Tough pink lady|82/100
|-activate|p2a: Tough pink lady|move: Whirlpool|[of] p1a: Arceus
|
|-damage|p1a: Arceus|76/100 brn|[from] brn
|-damage|p2a: Tough pink lady|70/100|[from] move: Whirlpool|[partiallytrapped]
|upkeep
|turn|94
|
|t:|1660987471
|move|p1a: Arceus|Recover|p1a: Arceus
|-heal|p1a: Arceus|100/100 brn
|move|p2a: Tough pink lady|Soft-Boiled|p2a: Tough pink lady
|-heal|p2a: Tough pink lady|100/100
|
|-damage|p1a: Arceus|94/100 brn|[from] brn
|-damage|p2a: Tough pink lady|88/100|[from] move: Whirlpool|[partiallytrapped]
|upkeep
|turn|95
|inactive|Buck is stallish has 120 seconds left.
|
|t:|1660987502
|switch|p1a: Lugia|Lugia|100/100
|move|p2a: Tough pink lady|Confide|p1a: Lugia
|-unboost|p1a: Lugia|spa|1
|
|-end|p2a: Tough pink lady|Whirlpool|[partiallytrapped]|[silent]
|upkeep
|turn|96
|
|t:|1660987508
|switch|p2a: Pretty gem|Sableye-Mega, F|100/100
|move|p1a: Lugia|Aeroblast|p2a: Pretty gem
|-damage|p2a: Pretty gem|77/100
|
|upkeep
|turn|97
|inactive|Buck is stallish has 90 seconds left.
|
|t:|1660987557
|switch|p1a: Arceus|Arceus-Dark|94/100 brn
|move|p2a: Pretty gem|Recover|p2a: Pretty gem
|-heal|p2a: Pretty gem|100/100
|
|-damage|p1a: Arceus|88/100 brn|[from] brn
|upkeep
|turn|98
|
|t:|1660987561
|move|p2a: Pretty gem|Protect|p2a: Pretty gem
|-singleturn|p2a: Pretty gem|Protect
|move|p1a: Arceus|Snarl|p2a: Pretty gem
|-activate|p2a: Pretty gem|move: Protect
|
|-damage|p1a: Arceus|82/100 brn|[from] brn
|upkeep
|turn|99
|
|t:|1660987564
|switch|p2a: Tough pink lady|Chansey, F|88/100
|move|p1a: Arceus|Recover|p1a: Arceus
|-heal|p1a: Arceus|100/100 brn
|
|-damage|p1a: Arceus|94/100 brn|[from] brn
|upkeep
|turn|100
|inactive|Buck is stallish has 90 seconds left.
|
|t:|1660987573
|switch|p1a: Lugia|Lugia|100/100
|move|p2a: Tough pink lady|Seismic Toss|p1a: Lugia
|-damage|p1a: Lugia|76/100
|-damage|p2a: Tough pink lady|71/100|[from] item: Rocky Helmet|[of] p1a: Lugia
|
|upkeep
|turn|101
|inactive|Buck is stallish has 90 seconds left.
|
|t:|1660987589
|move|p1a: Lugia|Roost|p1a: Lugia
|-heal|p1a: Lugia|100/100
|-singleturn|p1a: Lugia|move: Roost
|move|p2a: Tough pink lady|Soft-Boiled|p2a: Tough pink lady
|-heal|p2a: Tough pink lady|100/100
|
|upkeep
|turn|102
|
|t:|1660987595
|switch|p1a: Arceus|Arceus-Dark|94/100 brn
|switch|p2a: Pretty gem|Sableye-Mega, F|100/100
|
|-damage|p1a: Arceus|88/100 brn|[from] brn
|upkeep
|turn|103
|
|t:|1660987602
|switch|p2a: Tough pink lady|Chansey, F|100/100
|move|p1a: Arceus|Whirlpool|p2a: Tough pink lady
|-damage|p2a: Tough pink lady|98/100
|-activate|p2a: Tough pink lady|move: Whirlpool|[of] p1a: Arceus
|
|-damage|p1a: Arceus|82/100 brn|[from] brn
|-damage|p2a: Tough pink lady|86/100|[from] move: Whirlpool|[partiallytrapped]
|upkeep
|turn|104
|
|t:|1660987620
|switch|p1a: Chansey|Chansey, F|94/100
|move|p2a: Tough pink lady|Seismic Toss|p1a: Chansey
|-damage|p1a: Chansey|80/100
|
|-end|p2a: Tough pink lady|Whirlpool|[partiallytrapped]|[silent]
|upkeep
|turn|105
|
|t:|1660987635
|switch|p2a: Eternal storm|Kyogre|97/100
|-weather|RainDance|[from] ability: Drizzle|[of] p2a: Eternal storm
|move|p1a: Chansey|Soft-Boiled|p1a: Chansey
|-heal|p1a: Chansey|100/100
|
|-weather|RainDance|[upkeep]
|-heal|p2a: Eternal storm|100/100|[from] item: Leftovers
|upkeep
|turn|106
|
|t:|1660987644
|switch|p1a: Groudon|Groudon-Primal|41/100 tox
|-weather|DesolateLand|[from] ability: Desolate Land|[of] p1a: Groudon
|move|p2a: Eternal storm|Calm Mind|p2a: Eternal storm
|-boost|p2a: Eternal storm|spa|1
|-boost|p2a: Eternal storm|spd|1
|
|-weather|DesolateLand|[upkeep]
|-damage|p1a: Groudon|34/100 tox|[from] psn
|upkeep
|turn|107
|
|t:|1660987653
|move|p1a: Groudon|Precipice Blades|p2a: Eternal storm
|-damage|p2a: Eternal storm|56/100
|move|p2a: Eternal storm|Ice Beam|p1a: Groudon
|-damage|p1a: Groudon|0 fnt
|faint|p1a: Groudon
|-weather|none
|
|-heal|p2a: Eternal storm|62/100|[from] item: Leftovers
|upkeep
|
|t:|1660987657
|switch|p1a: Ditto|Ditto|100/100
|-transform|p1a: Ditto|p2a: Eternal storm|[from] ability: Imposter
|-weather|RainDance|[from] ability: Drizzle|[of] p1a: Ditto
|turn|108
|
|t:|1660987677
|move|p1a: Ditto|Scald|p2a: Eternal storm
|-resisted|p2a: Eternal storm
|-damage|p2a: Eternal storm|44/100
|-status|p2a: Eternal storm|brn
|move|p2a: Eternal storm|Calm Mind|p2a: Eternal storm
|-boost|p2a: Eternal storm|spa|1
|-boost|p2a: Eternal storm|spd|1
|
|-weather|RainDance|[upkeep]
|-heal|p2a: Eternal storm|50/100 brn|[from] item: Leftovers
|-damage|p2a: Eternal storm|44/100 brn|[from] brn
|upkeep
|turn|109
|inactive|LeftRayquaza has 120 seconds left.
|
|t:|1660987699
|switch|p1a: Arceus|Arceus-Dark|82/100 brn
|move|p2a: Eternal storm|Rest|p2a: Eternal storm
|-status|p2a: Eternal storm|slp|[from] move: Rest
|-heal|p2a: Eternal storm|100/100 slp|[silent]
|
|-weather|RainDance|[upkeep]
|-damage|p1a: Arceus|76/100 brn|[from] brn
|upkeep
|turn|110
|inactive|Buck is stallish has 90 seconds left.
|
|t:|1660987713
|move|p1a: Arceus|Snarl|p2a: Eternal storm
|-damage|p2a: Eternal storm|92/100 slp
|-unboost|p2a: Eternal storm|spa|1
|cant|p2a: Eternal storm|slp
|
|-weather|RainDance|[upkeep]
|-heal|p2a: Eternal storm|99/100 slp|[from] item: Leftovers
|-damage|p1a: Arceus|70/100 brn|[from] brn
|upkeep
|turn|111
|
|t:|1660987716
|move|p1a: Arceus|Snarl|p2a: Eternal storm
|-damage|p2a: Eternal storm|90/100 slp
|-unboost|p2a: Eternal storm|spa|1
|cant|p2a: Eternal storm|slp
|
|-weather|RainDance|[upkeep]
|-heal|p2a: Eternal storm|96/100 slp|[from] item: Leftovers
|-damage|p1a: Arceus|64/100 brn|[from] brn
|upkeep
|turn|112
|
|t:|1660987721
|move|p1a: Arceus|Snarl|p2a: Eternal storm
|-damage|p2a: Eternal storm|87/100 slp
|-unboost|p2a: Eternal storm|spa|1
|-curestatus|p2a: Eternal storm|slp|[msg]
|move|p2a: Eternal storm|Calm Mind|p2a: Eternal storm
|-boost|p2a: Eternal storm|spa|1
|-boost|p2a: Eternal storm|spd|1
|
|-weather|none
|-heal|p2a: Eternal storm|94/100|[from] item: Leftovers
|-damage|p1a: Arceus|58/100 brn|[from] brn
|upkeep
|turn|113
|j| eefre
|
|t:|1660987724
|move|p1a: Arceus|Recover|p1a: Arceus
|-heal|p1a: Arceus|100/100 brn
|move|p2a: Eternal storm|Calm Mind|p2a: Eternal storm
|-boost|p2a: Eternal storm|spa|1
|-boost|p2a: Eternal storm|spd|1
|
|-heal|p2a: Eternal storm|99/100|[from] item: Leftovers
|-damage|p1a: Arceus|94/100 brn|[from] brn
|upkeep
|turn|114
|
|t:|1660987729
|move|p1a: Arceus|Snarl|p2a: Eternal storm
|-damage|p2a: Eternal storm|94/100
|-unboost|p2a: Eternal storm|spa|1
|move|p2a: Eternal storm|Scald|p1a: Arceus
|-damage|p1a: Arceus|69/100 brn
|
|-heal|p2a: Eternal storm|99/100|[from] item: Leftovers
|-damage|p1a: Arceus|63/100 brn|[from] brn
|upkeep
|turn|115
|l| Paradiso777
|inactive|Buck is stallish has 90 seconds left.
|inactive|Buck is stallish has 60 seconds left.
|
|t:|1660987792
|move|p1a: Arceus|Calm Mind|p1a: Arceus
|-boost|p1a: Arceus|spa|1
|-boost|p1a: Arceus|spd|1
|move|p2a: Eternal storm|Calm Mind|p2a: Eternal storm
|-boost|p2a: Eternal storm|spa|1
|-boost|p2a: Eternal storm|spd|1
|
|-heal|p2a: Eternal storm|100/100|[from] item: Leftovers
|-damage|p1a: Arceus|57/100 brn|[from] brn
|upkeep
|turn|116
|
|t:|1660987798
|move|p1a: Arceus|Recover|p1a: Arceus
|-heal|p1a: Arceus|100/100 brn
|move|p2a: Eternal storm|Calm Mind|p2a: Eternal storm
|-boost|p2a: Eternal storm|spa|1
|-boost|p2a: Eternal storm|spd|1
|
|-damage|p1a: Arceus|94/100 brn|[from] brn
|upkeep
|turn|117
|inactive|Buck is stallish has 60 seconds left.
|
|t:|1660987811
|move|p1a: Arceus|Snarl|p2a: Eternal storm
|-damage|p2a: Eternal storm|94/100
|-unboost|p2a: Eternal storm|spa|1
|move|p2a: Eternal storm|Scald|p1a: Arceus
|-damage|p1a: Arceus|70/100 brn
|
|-heal|p2a: Eternal storm|100/100|[from] item: Leftovers
|-damage|p1a: Arceus|64/100 brn|[from] brn
|upkeep
|turn|118
|
|t:|1660987818
|move|p1a: Arceus|Snarl|p2a: Eternal storm
|-crit|p2a: Eternal storm
|-damage|p2a: Eternal storm|62/100
|-unboost|p2a: Eternal storm|spa|1
|move|p2a: Eternal storm|Calm Mind|p2a: Eternal storm
|-boost|p2a: Eternal storm|spa|1
|-boost|p2a: Eternal storm|spd|0
|
|-heal|p2a: Eternal storm|68/100|[from] item: Leftovers
|-damage|p1a: Arceus|58/100 brn|[from] brn
|upkeep
|turn|119
|l| eefre
|inactive|Buck is stallish has 60 seconds left.
|
|t:|1660987829
|move|p1a: Arceus|Calm Mind|p1a: Arceus
|-boost|p1a: Arceus|spa|1
|-boost|p1a: Arceus|spd|1
|move|p2a: Eternal storm|Calm Mind|p2a: Eternal storm
|-boost|p2a: Eternal storm|spa|1
|-boost|p2a: Eternal storm|spd|0
|
|-heal|p2a: Eternal storm|74/100|[from] item: Leftovers
|-damage|p1a: Arceus|52/100 brn|[from] brn
|upkeep
|turn|120
|
|t:|1660987834
|move|p1a: Arceus|Recover|p1a: Arceus
|-heal|p1a: Arceus|100/100 brn
|move|p2a: Eternal storm|Scald|p1a: Arceus
|-damage|p1a: Arceus|73/100 brn
|
|-heal|p2a: Eternal storm|80/100|[from] item: Leftovers
|-damage|p1a: Arceus|67/100 brn|[from] brn
|upkeep
|turn|121
|
|t:|1660987838
|move|p1a: Arceus|Snarl|p2a: Eternal storm
|-damage|p2a: Eternal storm|72/100
|-unboost|p2a: Eternal storm|spa|1
|move|p2a: Eternal storm|Calm Mind|p2a: Eternal storm
|-boost|p2a: Eternal storm|spa|1
|-boost|p2a: Eternal storm|spd|0
|
|-heal|p2a: Eternal storm|78/100|[from] item: Leftovers
|-damage|p1a: Arceus|61/100 brn|[from] brn
|upkeep
|turn|122
|
|t:|1660987841
|move|p1a: Arceus|Snarl|p2a: Eternal storm
|-damage|p2a: Eternal storm|69/100
|-unboost|p2a: Eternal storm|spa|1
|move|p2a: Eternal storm|Calm Mind|p2a: Eternal storm
|-boost|p2a: Eternal storm|spa|1
|-boost|p2a: Eternal storm|spd|0
|
|-heal|p2a: Eternal storm|75/100|[from] item: Leftovers
|-damage|p1a: Arceus|55/100 brn|[from] brn
|upkeep
|turn|123
|
|t:|1660987845
|move|p1a: Arceus|Snarl|p2a: Eternal storm
|-damage|p2a: Eternal storm|67/100
|-unboost|p2a: Eternal storm|spa|1
|move|p2a: Eternal storm|Calm Mind|p2a: Eternal storm
|-boost|p2a: Eternal storm|spa|1
|-boost|p2a: Eternal storm|spd|0
|
|-heal|p2a: Eternal storm|74/100|[from] item: Leftovers
|-damage|p1a: Arceus|49/100 brn|[from] brn
|upkeep
|turn|124
|
|t:|1660987848
|move|p1a: Arceus|Recover|p1a: Arceus
|-heal|p1a: Arceus|99/100 brn
|move|p2a: Eternal storm|Calm Mind|p2a: Eternal storm
|-boost|p2a: Eternal storm|spa|1
|-boost|p2a: Eternal storm|spd|0
|
|-heal|p2a: Eternal storm|80/100|[from] item: Leftovers
|-damage|p1a: Arceus|93/100 brn|[from] brn
|upkeep
|turn|125
|
|t:|1660987851
|move|p1a: Arceus|Calm Mind|p1a: Arceus
|-boost|p1a: Arceus|spa|1
|-boost|p1a: Arceus|spd|1
|move|p2a: Eternal storm|Scald|p1a: Arceus
|-damage|p1a: Arceus|68/100 brn
|
|-heal|p2a: Eternal storm|86/100|[from] item: Leftovers
|-damage|p1a: Arceus|62/100 brn|[from] brn
|upkeep
|turn|126
|inactive|Buck is stallish has 90 seconds left.
|
|t:|1660987857
|move|p1a: Arceus|Calm Mind|p1a: Arceus
|-boost|p1a: Arceus|spa|1
|-boost|p1a: Arceus|spd|1
|move|p2a: Eternal storm|Calm Mind|p2a: Eternal storm
|-boost|p2a: Eternal storm|spa|1
|-boost|p2a: Eternal storm|spd|0
|
|-heal|p2a: Eternal storm|92/100|[from] item: Leftovers
|-damage|p1a: Arceus|55/100 brn|[from] brn
|upkeep
|turn|127
|
|t:|1660987860
|move|p1a: Arceus|Snarl|p2a: Eternal storm
|-damage|p2a: Eternal storm|78/100
|-unboost|p2a: Eternal storm|spa|1
|move|p2a: Eternal storm|Calm Mind|p2a: Eternal storm
|-boost|p2a: Eternal storm|spa|1
|-boost|p2a: Eternal storm|spd|0
|
|-heal|p2a: Eternal storm|85/100|[from] item: Leftovers
|-damage|p1a: Arceus|49/100 brn|[from] brn
|upkeep
|turn|128
|
|t:|1660987862
|move|p1a: Arceus|Recover|p1a: Arceus
|-heal|p1a: Arceus|99/100 brn
|move|p2a: Eternal storm|Scald|p1a: Arceus
|-damage|p1a: Arceus|73/100 brn
|
|-heal|p2a: Eternal storm|91/100|[from] item: Leftovers
|-damage|p1a: Arceus|67/100 brn|[from] brn
|upkeep
|turn|129
|
|t:|1660987867
|move|p1a: Arceus|Calm Mind|p1a: Arceus
|-boost|p1a: Arceus|spa|1
|-boost|p1a: Arceus|spd|1
|move|p2a: Eternal storm|Calm Mind|p2a: Eternal storm
|-boost|p2a: Eternal storm|spa|1
|-boost|p2a: Eternal storm|spd|0
|
|-heal|p2a: Eternal storm|97/100|[from] item: Leftovers
|-damage|p1a: Arceus|61/100 brn|[from] brn
|upkeep
|turn|130
|
|t:|1660987875
|move|p1a: Arceus|Snarl|p2a: Eternal storm
|-damage|p2a: Eternal storm|83/100
|-unboost|p2a: Eternal storm|spa|1
|move|p2a: Eternal storm|Scald|p1a: Arceus
|-damage|p1a: Arceus|38/100 brn
|
|-heal|p2a: Eternal storm|89/100|[from] item: Leftovers
|-damage|p1a: Arceus|32/100 brn|[from] brn
|upkeep
|turn|131
|
|t:|1660987880
|move|p1a: Arceus|Recover|p1a: Arceus
|-heal|p1a: Arceus|82/100 brn
|move|p2a: Eternal storm|Scald|p1a: Arceus
|-damage|p1a: Arceus|59/100 brn
|
|-heal|p2a: Eternal storm|95/100|[from] item: Leftovers
|-damage|p1a: Arceus|53/100 brn|[from] brn
|upkeep
|turn|132
|
|t:|1660987887
|move|p1a: Arceus|Snarl|p2a: Eternal storm
|-damage|p2a: Eternal storm|81/100
|-unboost|p2a: Eternal storm|spa|1
|move|p2a: Eternal storm|Scald|p1a: Arceus
|-damage|p1a: Arceus|34/100 brn
|
|-heal|p2a: Eternal storm|88/100|[from] item: Leftovers
|-damage|p1a: Arceus|28/100 brn|[from] brn
|upkeep
|turn|133
|
|t:|1660987890
|move|p1a: Arceus|Recover|p1a: Arceus
|-heal|p1a: Arceus|78/100 brn
|move|p2a: Eternal storm|Ice Beam|p1a: Arceus
|-damage|p1a: Arceus|64/100 brn
|
|-heal|p2a: Eternal storm|94/100|[from] item: Leftovers
|-damage|p1a: Arceus|58/100 brn|[from] brn
|upkeep
|turn|134
|
|t:|1660987893
|move|p1a: Arceus|Recover|p1a: Arceus
|-heal|p1a: Arceus|100/100 brn
|move|p2a: Eternal storm|Ice Beam|p1a: Arceus
|-damage|p1a: Arceus|87/100 brn
|
|-heal|p2a: Eternal storm|99/100|[from] item: Leftovers
|-damage|p1a: Arceus|81/100 brn|[from] brn
|upkeep
|turn|135
|
|t:|1660987896
|move|p1a: Arceus|Snarl|p2a: Eternal storm
|-damage|p2a: Eternal storm|86/100
|-unboost|p2a: Eternal storm|spa|1
|move|p2a: Eternal storm|Ice Beam|p1a: Arceus
|-damage|p1a: Arceus|70/100 brn
|
|-heal|p2a: Eternal storm|93/100|[from] item: Leftovers
|-damage|p1a: Arceus|64/100 brn|[from] brn
|upkeep
|turn|136
|
|t:|1660987901
|move|p1a: Arceus|Snarl|p2a: Eternal storm
|-damage|p2a: Eternal storm|79/100
|-unboost|p2a: Eternal storm|spa|1
|move|p2a: Eternal storm|Ice Beam|p1a: Arceus
|-damage|p1a: Arceus|55/100 brn
|
|-heal|p2a: Eternal storm|85/100|[from] item: Leftovers
|-damage|p1a: Arceus|49/100 brn|[from] brn
|upkeep
|turn|137
|
|t:|1660987905
|move|p1a: Arceus|Recover|p1a: Arceus
|-heal|p1a: Arceus|99/100 brn
|move|p2a: Eternal storm|Ice Beam|p1a: Arceus
|-damage|p1a: Arceus|91/100 brn
|
|-heal|p2a: Eternal storm|91/100|[from] item: Leftovers
|-damage|p1a: Arceus|85/100 brn|[from] brn
|upkeep
|turn|138
|
|t:|1660987913
|move|p1a: Arceus|Calm Mind|p1a: Arceus
|-boost|p1a: Arceus|spa|1
|-boost|p1a: Arceus|spd|1
|move|p2a: Eternal storm|Ice Beam|p1a: Arceus
|-damage|p1a: Arceus|78/100 brn
|
|-heal|p2a: Eternal storm|98/100|[from] item: Leftovers
|-damage|p1a: Arceus|71/100 brn|[from] brn
|upkeep
|turn|139
|
|t:|1660987917
|move|p1a: Arceus|Whirlpool|p2a: Eternal storm
|-resisted|p2a: Eternal storm
|-damage|p2a: Eternal storm|95/100
|-activate|p2a: Eternal storm|move: Whirlpool|[of] p1a: Arceus
|move|p2a: Eternal storm|Scald|p1a: Arceus
|-damage|p1a: Arceus|61/100 brn
|
|-heal|p2a: Eternal storm|100/100|[from] item: Leftovers
|-damage|p1a: Arceus|55/100 brn|[from] brn
|-damage|p2a: Eternal storm|88/100|[from] move: Whirlpool|[partiallytrapped]
|upkeep
|turn|140
|
|t:|1660987927
|move|p1a: Arceus|Snarl|p2a: Eternal storm
|-damage|p2a: Eternal storm|71/100
|-unboost|p2a: Eternal storm|spa|1
|move|p2a: Eternal storm|Calm Mind|p2a: Eternal storm
|-boost|p2a: Eternal storm|spa|1
|-boost|p2a: Eternal storm|spd|0
|
|-heal|p2a: Eternal storm|77/100|[from] item: Leftovers
|-damage|p1a: Arceus|49/100 brn|[from] brn
|-damage|p2a: Eternal storm|65/100|[from] move: Whirlpool|[partiallytrapped]
|upkeep
|turn|141
|
|t:|1660987932
|move|p1a: Arceus|Recover|p1a: Arceus
|-heal|p1a: Arceus|99/100 brn
|move|p2a: Eternal storm|Rest|p2a: Eternal storm
|-status|p2a: Eternal storm|slp|[from] move: Rest
|-heal|p2a: Eternal storm|100/100 slp|[silent]
|
|-damage|p1a: Arceus|93/100 brn|[from] brn
|-damage|p2a: Eternal storm|88/100 slp|[from] move: Whirlpool|[partiallytrapped]
|upkeep
|turn|142
|
|t:|1660987936
|move|p1a: Arceus|Snarl|p2a: Eternal storm
|-damage|p2a: Eternal storm|72/100 slp
|-unboost|p2a: Eternal storm|spa|1
|cant|p2a: Eternal storm|slp
|
|-heal|p2a: Eternal storm|78/100 slp|[from] item: Leftovers
|-damage|p1a: Arceus|87/100 brn|[from] brn
|-damage|p2a: Eternal storm|66/100 slp|[from] move: Whirlpool|[partiallytrapped]
|upkeep
|turn|143
|
|t:|1660987943
|move|p1a: Arceus|Whirlpool|p2a: Eternal storm
|-resisted|p2a: Eternal storm
|-damage|p2a: Eternal storm|63/100 slp
|cant|p2a: Eternal storm|slp
|
|-heal|p2a: Eternal storm|69/100 slp|[from] item: Leftovers
|-damage|p1a: Arceus|81/100 brn|[from] brn
|-damage|p2a: Eternal storm|57/100 slp|[from] move: Whirlpool|[partiallytrapped]
|upkeep
|turn|144
|
|t:|1660987947
|move|p1a: Arceus|Whirlpool|p2a: Eternal storm
|-resisted|p2a: Eternal storm
|-damage|p2a: Eternal storm|53/100 slp
|-curestatus|p2a: Eternal storm|slp|[msg]
|move|p2a: Eternal storm|Rest|p2a: Eternal storm
|-status|p2a: Eternal storm|slp|[from] move: Rest
|-heal|p2a: Eternal storm|100/100 slp|[silent]
|
|-damage|p1a: Arceus|75/100 brn|[from] brn
|-end|p2a: Eternal storm|Whirlpool|[partiallytrapped]
|upkeep
|turn|145
|
|t:|1660987951
|move|p1a: Arceus|Whirlpool|p2a: Eternal storm
|-resisted|p2a: Eternal storm
|-damage|p2a: Eternal storm|98/100 slp
|-activate|p2a: Eternal storm|move: Whirlpool|[of] p1a: Arceus
|cant|p2a: Eternal storm|slp
|
|-heal|p2a: Eternal storm|100/100 slp|[from] item: Leftovers
|-damage|p1a: Arceus|69/100 brn|[from] brn
|-damage|p2a: Eternal storm|88/100 slp|[from] move: Whirlpool|[partiallytrapped]
|upkeep
|turn|146
|
|t:|1660987965
|move|p1a: Arceus|Calm Mind|p1a: Arceus
|-boost|p1a: Arceus|spa|0
|-boost|p1a: Arceus|spd|0
|cant|p2a: Eternal storm|slp
|
|-heal|p2a: Eternal storm|94/100 slp|[from] item: Leftovers
|-damage|p1a: Arceus|62/100 brn|[from] brn
|-damage|p2a: Eternal storm|82/100 slp|[from] move: Whirlpool|[partiallytrapped]
|upkeep
|turn|147
|
|t:|1660987991
|move|p1a: Arceus|Calm Mind|p1a: Arceus
|-boost|p1a: Arceus|spa|0
|-boost|p1a: Arceus|spd|0
|-curestatus|p2a: Eternal storm|slp|[msg]
|move|p2a: Eternal storm|Calm Mind|p2a: Eternal storm
|-boost|p2a: Eternal storm|spa|1
|-boost|p2a: Eternal storm|spd|0
|
|-heal|p2a: Eternal storm|88/100|[from] item: Leftovers
|-damage|p1a: Arceus|56/100 brn|[from] brn
|-damage|p2a: Eternal storm|76/100|[from] move: Whirlpool|[partiallytrapped]
|upkeep
|turn|148
|
|t:|1660987996
|move|p1a: Arceus|Snarl|p2a: Eternal storm
|-damage|p2a: Eternal storm|57/100
|-unboost|p2a: Eternal storm|spa|1
|move|p2a: Eternal storm|Rest|p2a: Eternal storm
|-status|p2a: Eternal storm|slp|[from] move: Rest
|-heal|p2a: Eternal storm|100/100 slp|[silent]
|
|-damage|p1a: Arceus|50/100 brn|[from] brn
|-damage|p2a: Eternal storm|88/100 slp|[from] move: Whirlpool|[partiallytrapped]
|upkeep
|turn|149
|j| eefre
|
|t:|1660988009
|move|p1a: Arceus|Recover|p1a: Arceus
|-heal|p1a: Arceus|99/100 brn
|cant|p2a: Eternal storm|slp
|
|-heal|p2a: Eternal storm|94/100 slp|[from] item: Leftovers
|-damage|p1a: Arceus|94/100 brn|[from] brn
|-end|p2a: Eternal storm|Whirlpool|[partiallytrapped]
|upkeep
|turn|150
|inactive|Buck is stallish has 120 seconds left.
|
|t:|1660988021
|move|p1a: Arceus|Whirlpool|p2a: Eternal storm
|-resisted|p2a: Eternal storm
|-damage|p2a: Eternal storm|91/100 slp
|-activate|p2a: Eternal storm|move: Whirlpool|[of] p1a: Arceus
|cant|p2a: Eternal storm|slp
|
|-heal|p2a: Eternal storm|98/100 slp|[from] item: Leftovers
|-damage|p1a: Arceus|88/100 brn|[from] brn
|-damage|p2a: Eternal storm|85/100 slp|[from] move: Whirlpool|[partiallytrapped]
|upkeep
|turn|151
|inactive|Buck is stallish has 120 seconds left.
|
|t:|1660988036
|move|p1a: Arceus|Calm Mind|p1a: Arceus
|-boost|p1a: Arceus|spa|0
|-boost|p1a: Arceus|spd|0
|-curestatus|p2a: Eternal storm|slp|[msg]
|move|p2a: Eternal storm|Rest|p2a: Eternal storm
|-status|p2a: Eternal storm|slp|[from] move: Rest
|-heal|p2a: Eternal storm|100/100 slp|[silent]
|
|-damage|p1a: Arceus|82/100 brn|[from] brn
|-damage|p2a: Eternal storm|88/100 slp|[from] move: Whirlpool|[partiallytrapped]
|upkeep
|turn|152
|inactive|Buck is stallish has 120 seconds left.
|
|t:|1660988045
|switch|p1a: Chansey|Chansey, F|100/100
|cant|p2a: Eternal storm|slp
|
|-heal|p2a: Eternal storm|94/100 slp|[from] item: Leftovers
|-end|p2a: Eternal storm|Whirlpool|[partiallytrapped]|[silent]
|upkeep
|turn|153
|inactive|Buck is stallish has 120 seconds left.
|
|t:|1660988055
|cant|p2a: Eternal storm|slp
|move|p1a: Chansey|Aromatherapy|p1a: Chansey
|-activate|p1a: Chansey|move: Aromatherapy
|-curestatus|p1: Arceus|brn|[msg]
|
|-heal|p2a: Eternal storm|100/100 slp|[from] item: Leftovers
|upkeep
|turn|154
|
|t:|1660988065
|switch|p1a: Arceus|Arceus-Dark|82/100
|-curestatus|p2a: Eternal storm|slp|[msg]
|move|p2a: Eternal storm|Calm Mind|p2a: Eternal storm
|-boost|p2a: Eternal storm|spa|1
|-boost|p2a: Eternal storm|spd|0
|
|upkeep
|turn|155
|inactive|Buck is stallish has 120 seconds left.
|
|t:|1660988071
|move|p1a: Arceus|Calm Mind|p1a: Arceus
|-boost|p1a: Arceus|spa|1
|-boost|p1a: Arceus|spd|1
|move|p2a: Eternal storm|Calm Mind|p2a: Eternal storm
|-boost|p2a: Eternal storm|spa|1
|-boost|p2a: Eternal storm|spd|0
|
|upkeep
|turn|156
|inactive|Buck is stallish has 120 seconds left.
|
|t:|1660988083
|move|p1a: Arceus|Snarl|p2a: Eternal storm
|-damage|p2a: Eternal storm|94/100
|-unboost|p2a: Eternal storm|spa|1
|move|p2a: Eternal storm|Calm Mind|p2a: Eternal storm
|-boost|p2a: Eternal storm|spa|1
|-boost|p2a: Eternal storm|spd|0
|
|-heal|p2a: Eternal storm|99/100|[from] item: Leftovers
|upkeep
|turn|157
|
|t:|1660988085
|move|p1a: Arceus|Calm Mind|p1a: Arceus
|-boost|p1a: Arceus|spa|1
|-boost|p1a: Arceus|spd|1
|move|p2a: Eternal storm|Scald|p1a: Arceus
|-damage|p1a: Arceus|57/100
|
|-heal|p2a: Eternal storm|100/100|[from] item: Leftovers
|upkeep
|turn|158
|
|t:|1660988088
|move|p1a: Arceus|Calm Mind|p1a: Arceus
|-boost|p1a: Arceus|spa|1
|-boost|p1a: Arceus|spd|1
|move|p2a: Eternal storm|Scald|p1a: Arceus
|-damage|p1a: Arceus|37/100
|
|upkeep
|turn|159
|
|t:|1660988092
|move|p1a: Arceus|Recover|p1a: Arceus
|-heal|p1a: Arceus|87/100
|move|p2a: Eternal storm|Calm Mind|p2a: Eternal storm
|-boost|p2a: Eternal storm|spa|1
|-boost|p2a: Eternal storm|spd|0
|
|upkeep
|turn|160
|
|t:|1660988098
|move|p1a: Arceus|Snarl|p2a: Eternal storm
|-damage|p2a: Eternal storm|91/100
|-unboost|p2a: Eternal storm|spa|1
|move|p2a: Eternal storm|Scald|p1a: Arceus
|-damage|p1a: Arceus|67/100
|-status|p1a: Arceus|brn
|
|-heal|p2a: Eternal storm|97/100|[from] item: Leftovers
|-damage|p1a: Arceus|61/100 brn|[from] brn
|upkeep
|turn|161
|
|t:|1660988103
|move|p1a: Arceus|Calm Mind|p1a: Arceus
|-boost|p1a: Arceus|spa|1
|-boost|p1a: Arceus|spd|1
|move|p2a: Eternal storm|Ice Beam|p1a: Arceus
|-damage|p1a: Arceus|48/100 brn
|
|-heal|p2a: Eternal storm|100/100|[from] item: Leftovers
|-damage|p1a: Arceus|42/100 brn|[from] brn
|upkeep
|turn|162
|
|t:|1660988105
|move|p1a: Arceus|Recover|p1a: Arceus
|-heal|p1a: Arceus|92/100 brn
|move|p2a: Eternal storm|Calm Mind|p2a: Eternal storm
|-boost|p2a: Eternal storm|spa|1
|-boost|p2a: Eternal storm|spd|0
|
|-damage|p1a: Arceus|86/100 brn|[from] brn
|upkeep
|turn|163
|
|t:|1660988110
|move|p1a: Arceus|Snarl|p2a: Eternal storm
|-damage|p2a: Eternal storm|87/100
|-unboost|p2a: Eternal storm|spa|1
|move|p2a: Eternal storm|Ice Beam|p1a: Arceus
|-damage|p1a: Arceus|73/100 brn
|
|-heal|p2a: Eternal storm|93/100|[from] item: Leftovers
|-damage|p1a: Arceus|67/100 brn|[from] brn
|upkeep
|turn|164
|
|t:|1660988113
|move|p1a: Arceus|Snarl|p2a: Eternal storm
|-damage|p2a: Eternal storm|81/100
|-unboost|p2a: Eternal storm|spa|1
|move|p2a: Eternal storm|Calm Mind|p2a: Eternal storm
|-boost|p2a: Eternal storm|spa|1
|-boost|p2a: Eternal storm|spd|0
|
|-heal|p2a: Eternal storm|87/100|[from] item: Leftovers
|-damage|p1a: Arceus|61/100 brn|[from] brn
|upkeep
|turn|165
|
|t:|1660988117
|move|p1a: Arceus|Snarl|p2a: Eternal storm
|-damage|p2a: Eternal storm|73/100
|-unboost|p2a: Eternal storm|spa|1
|move|p2a: Eternal storm|Calm Mind|p2a: Eternal storm
|-boost|p2a: Eternal storm|spa|1
|-boost|p2a: Eternal storm|spd|0
|
|-heal|p2a: Eternal storm|79/100|[from] item: Leftovers
|-damage|p1a: Arceus|55/100 brn|[from] brn
|upkeep
|turn|166
|
|t:|1660988120
|move|p1a: Arceus|Whirlpool|p2a: Eternal storm
|-resisted|p2a: Eternal storm
|-damage|p2a: Eternal storm|77/100
|-activate|p2a: Eternal storm|move: Whirlpool|[of] p1a: Arceus
|move|p2a: Eternal storm|Ice Beam|p1a: Arceus
|-damage|p1a: Arceus|41/100 brn
|
|-heal|p2a: Eternal storm|83/100|[from] item: Leftovers
|-damage|p1a: Arceus|35/100 brn|[from] brn
|-damage|p2a: Eternal storm|71/100|[from] move: Whirlpool|[partiallytrapped]
|upkeep
|turn|167
|
|t:|1660988128
|switch|p1a: Chansey|Chansey, F|100/100
|move|p2a: Eternal storm|Rest|p2a: Eternal storm
|-status|p2a: Eternal storm|slp|[from] move: Rest
|-heal|p2a: Eternal storm|100/100 slp|[silent]
|
|-end|p2a: Eternal storm|Whirlpool|[partiallytrapped]|[silent]
|upkeep
|turn|168
|
|t:|1660988134
|cant|p2a: Eternal storm|slp
|move|p1a: Chansey|Seismic Toss|p2a: Eternal storm
|-damage|p2a: Eternal storm|76/100 slp
|
|-heal|p2a: Eternal storm|82/100 slp|[from] item: Leftovers
|upkeep
|turn|169
|
|t:|1660988137
|cant|p2a: Eternal storm|slp
|move|p1a: Chansey|Seismic Toss|p2a: Eternal storm
|-damage|p2a: Eternal storm|57/100 slp
|
|-heal|p2a: Eternal storm|63/100 slp|[from] item: Leftovers
|upkeep
|turn|170
|
|t:|1660988140
|-curestatus|p2a: Eternal storm|slp|[msg]
|move|p2a: Eternal storm|Calm Mind|p2a: Eternal storm
|-boost|p2a: Eternal storm|spa|1
|-boost|p2a: Eternal storm|spd|0
|move|p1a: Chansey|Seismic Toss|p2a: Eternal storm
|-damage|p2a: Eternal storm|39/100
|
|-heal|p2a: Eternal storm|45/100|[from] item: Leftovers
|upkeep
|turn|171
|
|t:|1660988145
|move|p2a: Eternal storm|Calm Mind|p2a: Eternal storm
|-boost|p2a: Eternal storm|spa|1
|-boost|p2a: Eternal storm|spd|0
|move|p1a: Chansey|Seismic Toss|p2a: Eternal storm
|-damage|p2a: Eternal storm|20/100
|
|-heal|p2a: Eternal storm|26/100|[from] item: Leftovers
|upkeep
|turn|172
|
|t:|1660988165
|move|p2a: Eternal storm|Rest|p2a: Eternal storm
|-status|p2a: Eternal storm|slp|[from] move: Rest
|-heal|p2a: Eternal storm|100/100 slp|[silent]
|move|p1a: Chansey|Seismic Toss|p2a: Eternal storm
|-damage|p2a: Eternal storm|76/100 slp
|
|-heal|p2a: Eternal storm|82/100 slp|[from] item: Leftovers
|upkeep
|turn|173
|
|t:|1660988172
|cant|p2a: Eternal storm|slp
|move|p1a: Chansey|Toxic||[still]
|-fail|p1a: Chansey
|
|-heal|p2a: Eternal storm|88/100 slp|[from] item: Leftovers
|upkeep
|turn|174
|
|t:|1660988179
|cant|p2a: Eternal storm|slp
|move|p1a: Chansey|Seismic Toss|p2a: Eternal storm
|-damage|p2a: Eternal storm|63/100 slp
|
|-heal|p2a: Eternal storm|70/100 slp|[from] item: Leftovers
|upkeep
|turn|175
|
|t:|1660988182
|-curestatus|p2a: Eternal storm|slp|[msg]
|move|p2a: Eternal storm|Scald|p1a: Chansey
|-damage|p1a: Chansey|76/100
|move|p1a: Chansey|Seismic Toss|p2a: Eternal storm
|-damage|p2a: Eternal storm|45/100
|
|-heal|p2a: Eternal storm|51/100|[from] item: Leftovers
|upkeep
|turn|176
|
|t:|1660988187
|move|p2a: Eternal storm|Scald|p1a: Chansey
|-damage|p1a: Chansey|48/100
|-status|p1a: Chansey|brn
|move|p1a: Chansey|Seismic Toss|p2a: Eternal storm
|-damage|p2a: Eternal storm|26/100
|
|-heal|p2a: Eternal storm|32/100|[from] item: Leftovers
|-damage|p1a: Chansey|42/100 brn|[from] brn
|upkeep
|turn|177
|
|t:|1660988190
|move|p2a: Eternal storm|Rest|p2a: Eternal storm
|-status|p2a: Eternal storm|slp|[from] move: Rest
|-heal|p2a: Eternal storm|100/100 slp|[silent]
|move|p1a: Chansey|Soft-Boiled|p1a: Chansey
|-heal|p1a: Chansey|92/100 brn
|
|-damage|p1a: Chansey|86/100 brn|[from] brn
|upkeep
|turn|178
|
|t:|1660988193
|-curestatus|p1a: Chansey|brn|[from] ability: Natural Cure
|switch|p1a: Arceus|Arceus-Dark|35/100 brn
|cant|p2a: Eternal storm|slp
|
|-damage|p1a: Arceus|29/100 brn|[from] brn
|upkeep
|turn|179
|
|t:|1660988199
|move|p1a: Arceus|Whirlpool|p2a: Eternal storm
|-resisted|p2a: Eternal storm
|-damage|p2a: Eternal storm|99/100 slp
|-activate|p2a: Eternal storm|move: Whirlpool|[of] p1a: Arceus
|cant|p2a: Eternal storm|slp
|
|-heal|p2a: Eternal storm|100/100 slp|[from] item: Leftovers
|-damage|p1a: Arceus|23/100 brn|[from] brn
|-damage|p2a: Eternal storm|88/100 slp|[from] move: Whirlpool|[partiallytrapped]
|upkeep
|turn|180
|
|t:|1660988203
|switch|p1a: Chansey|Chansey, F|86/100
|-curestatus|p2a: Eternal storm|slp|[msg]
|move|p2a: Eternal storm|Scald|p1a: Chansey
|-damage|p1a: Chansey|59/100
|-status|p1a: Chansey|brn
|
|-heal|p2a: Eternal storm|94/100|[from] item: Leftovers
|-damage|p1a: Chansey|53/100 brn|[from] brn
|-end|p2a: Eternal storm|Whirlpool|[partiallytrapped]|[silent]
|upkeep
|turn|181
|
|t:|1660988207
|-start|p2a: Eternal storm|Dynamax|
|-heal|p2a: Eternal storm|94/100|[silent]
|move|p2a: Eternal storm|Max Geyser|p1a: Chansey
|-damage|p1a: Chansey|10/100 brn
|-weather|RainDance
|move|p1a: Chansey|Soft-Boiled|p1a: Chansey
|-heal|p1a: Chansey|60/100 brn
|
|-weather|RainDance|[upkeep]
|-heal|p2a: Eternal storm|97/100|[from] item: Leftovers
|-damage|p1a: Chansey|54/100 brn|[from] brn
|upkeep
|turn|182
|
|t:|1660988210
|move|p2a: Eternal storm|Max Geyser|p1a: Chansey
|-damage|p1a: Chansey|0 fnt
|faint|p1a: Chansey
|
|-weather|RainDance|[upkeep]
|-heal|p2a: Eternal storm|100/100|[from] item: Leftovers
|upkeep
|
|t:|1660988224
|switch|p1a: Arceus|Arceus-Dark|23/100 brn
|turn|183
|
|t:|1660988226
|move|p1a: Arceus|Whirlpool|p2a: Eternal storm
|-resisted|p2a: Eternal storm
|-damage|p2a: Eternal storm|99/100
|-activate|p2a: Eternal storm|move: Whirlpool|[of] p1a: Arceus
|move|p2a: Eternal storm|Max Geyser|p1a: Arceus
|-damage|p1a: Arceus|0 fnt
|faint|p1a: Arceus
|
|-weather|RainDance|[upkeep]
|-heal|p2a: Eternal storm|100/100|[from] item: Leftovers
|-end|p2a: Eternal storm|Whirlpool|[partiallytrapped]|[silent]
|upkeep
|
|t:|1660988230
|switch|p1a: Lugia|Lugia|100/100
|-end|p2a: Eternal storm|Dynamax
|-heal|p2a: Eternal storm|100/100|[silent]
|turn|184
|
|t:|1660988235
|move|p1a: Lugia|Toxic|p2a: Eternal storm|[miss]
|-miss|p1a: Lugia|p2a: Eternal storm
|move|p2a: Eternal storm|Scald|p1a: Lugia
|-damage|p1a: Lugia|56/100
|
|-weather|RainDance|[upkeep]
|upkeep
|turn|185
|
|t:|1660988240
|move|p1a: Lugia|Roost|p1a: Lugia
|-heal|p1a: Lugia|100/100
|-singleturn|p1a: Lugia|move: Roost
|move|p2a: Eternal storm|Scald|p1a: Lugia
|-damage|p1a: Lugia|54/100
|
|-weather|none
|upkeep
|turn|186
|
|t:|1660988243
|move|p1a: Lugia|Roost|p1a: Lugia
|-heal|p1a: Lugia|100/100
|-singleturn|p1a: Lugia|move: Roost
|move|p2a: Eternal storm|Ice Beam|p1a: Lugia
|-damage|p1a: Lugia|79/100
|
|upkeep
|turn|187
|
|t:|1660988251
|move|p1a: Lugia|Roost|p1a: Lugia
|-heal|p1a: Lugia|100/100
|-singleturn|p1a: Lugia|move: Roost
|move|p2a: Eternal storm|Ice Beam|p1a: Lugia
|-damage|p1a: Lugia|78/100
|-status|p1a: Lugia|frz
|
|upkeep
|turn|188
|
|t:|1660988270
|cant|p1a: Lugia|frz
|move|p2a: Eternal storm|Ice Beam|p1a: Lugia
|-supereffective|p1a: Lugia
|-damage|p1a: Lugia|0 fnt
|faint|p1a: Lugia
|
|upkeep
|c|☆Buck is stallish|Ggwp
|inactive|LeftRayquaza has 120 seconds left.
|inactive|LeftRayquaza has 90 seconds left.
|
|t:|1660988336
|switch|p1a: Ditto|Ditto|100/100
|-transform|p1a: Ditto|p2a: Eternal storm|[from] ability: Imposter
|-weather|RainDance|[from] ability: Drizzle|[of] p1a: Ditto
|turn|189
|
|t:|1660988348
|move|p1a: Ditto|Scald|p2a: Eternal storm
|-resisted|p2a: Eternal storm
|-damage|p2a: Eternal storm|86/100
|move|p2a: Eternal storm|Rest|p2a: Eternal storm
|-status|p2a: Eternal storm|slp|[from] move: Rest
|-heal|p2a: Eternal storm|100/100 slp|[silent]
|
|-weather|RainDance|[upkeep]
|upkeep
|turn|190
|
|t:|1660988353
|move|p1a: Ditto|Scald|p2a: Eternal storm
|-resisted|p2a: Eternal storm
|-damage|p2a: Eternal storm|87/100 slp
|cant|p2a: Eternal storm|slp
|
|-weather|RainDance|[upkeep]
|-heal|p2a: Eternal storm|93/100 slp|[from] item: Leftovers
|upkeep
|turn|191
|
|t:|1660988370
|switch|p1a: Arceus|Arceus-Fairy|100/100
|cant|p2a: Eternal storm|slp
|
|-weather|RainDance|[upkeep]
|-heal|p2a: Eternal storm|99/100 slp|[from] item: Leftovers
|upkeep
|turn|192
|inactive|LeftRayquaza has 90 seconds left.
|
|t:|1660988385
|move|p1a: Arceus|Judgment|p2a: Eternal storm
|-damage|p2a: Eternal storm|91/100 slp
|-curestatus|p2a: Eternal storm|slp|[msg]
|move|p2a: Eternal storm|Scald|p1a: Arceus
|-damage|p1a: Arceus|18/100
|
|-weather|RainDance|[upkeep]
|-heal|p2a: Eternal storm|97/100|[from] item: Leftovers
|upkeep
|turn|193
|
|t:|1660988390
|move|p1a: Arceus|Recover|p1a: Arceus
|-heal|p1a: Arceus|68/100
|move|p2a: Eternal storm|Scald|p1a: Arceus
|-damage|p1a: Arceus|0 fnt
|faint|p1a: Arceus
|
|-weather|none
|-heal|p2a: Eternal storm|100/100|[from] item: Leftovers
|upkeep
|
|t:|1660988392
|switch|p1a: Ditto|Ditto|100/100
|-transform|p1a: Ditto|p2a: Eternal storm|[from] ability: Imposter
|-weather|RainDance|[from] ability: Drizzle|[of] p1a: Ditto
|turn|194
|
|t:|1660988394
|move|p1a: Ditto|Scald|p2a: Eternal storm
|-resisted|p2a: Eternal storm
|-damage|p2a: Eternal storm|86/100
|move|p2a: Eternal storm|Rest|p2a: Eternal storm
|-status|p2a: Eternal storm|slp|[from] move: Rest
|-heal|p2a: Eternal storm|100/100 slp|[silent]
|
|-weather|RainDance|[upkeep]
|upkeep
|turn|195
|
|t:|1660988397
|move|p1a: Ditto|Scald|p2a: Eternal storm
|-resisted|p2a: Eternal storm
|-damage|p2a: Eternal storm|87/100 slp
|cant|p2a: Eternal storm|slp
|
|-weather|RainDance|[upkeep]
|-heal|p2a: Eternal storm|93/100 slp|[from] item: Leftovers
|upkeep
|turn|196
|
|t:|1660988400
|move|p1a: Ditto|Scald|p2a: Eternal storm
|-resisted|p2a: Eternal storm
|-damage|p2a: Eternal storm|78/100 slp
|cant|p2a: Eternal storm|slp
|
|-weather|RainDance|[upkeep]
|-heal|p2a: Eternal storm|84/100 slp|[from] item: Leftovers
|upkeep
|turn|197
|
|t:|1660988402
|move|p1a: Ditto|Scald|p2a: Eternal storm
|-resisted|p2a: Eternal storm
|-damage|p2a: Eternal storm|70/100 slp
|-curestatus|p2a: Eternal storm|slp|[msg]
|move|p2a: Eternal storm|Rest|p2a: Eternal storm
|-status|p2a: Eternal storm|slp|[from] move: Rest
|-heal|p2a: Eternal storm|100/100 slp|[silent]
|
|-weather|RainDance|[upkeep]
|upkeep
|turn|198
|inactive|LeftRayquaza has 90 seconds left.
|inactive|Buck is stallish has 120 seconds left.
|j| v87
|
|t:|1660988460
|-start|p1a: Ditto|Dynamax|
|-heal|p1a: Ditto|100/100|[silent]
|move|p1a: Ditto|Max Geyser|p2a: Eternal storm
|-resisted|p2a: Eternal storm
|-damage|p2a: Eternal storm|78/100 slp
|cant|p2a: Eternal storm|slp
|
|-weather|none
|-heal|p2a: Eternal storm|84/100 slp|[from] item: Leftovers
|upkeep
|turn|199
|inactive|LeftRayquaza has 90 seconds left.
|
|t:|1660988468
|move|p1a: Ditto|Max Hailstorm|p2a: Eternal storm
|-resisted|p2a: Eternal storm
|-damage|p2a: Eternal storm|75/100 slp
|-weather|Hail
|cant|p2a: Eternal storm|slp
|
|-weather|Hail|[upkeep]
|-damage|p2a: Eternal storm|68/100 slp|[from] Hail
|-damage|p1a: Ditto|97/100|[from] Hail
|-heal|p2a: Eternal storm|75/100 slp|[from] item: Leftovers
|upkeep
|turn|200
|
|t:|1660988472
|-curestatus|p2a: Eternal storm|slp|[msg]
|move|p2a: Eternal storm|Rest|p2a: Eternal storm
|-status|p2a: Eternal storm|slp|[from] move: Rest
|-heal|p2a: Eternal storm|100/100 slp|[silent]
|move|p1a: Ditto|Max Hailstorm|p2a: Eternal storm
|-resisted|p2a: Eternal storm
|-damage|p2a: Eternal storm|91/100 slp
|
|-weather|Hail|[upkeep]
|-damage|p2a: Eternal storm|84/100 slp|[from] Hail
|-damage|p1a: Ditto|94/100|[from] Hail
|-heal|p2a: Eternal storm|91/100 slp|[from] item: Leftovers
|upkeep
|-end|p1a: Ditto|Dynamax
|-heal|p1a: Ditto|94/100|[silent]
|turn|201
|c|☆Buck is stallish|Classic 6-0
|
|t:|1660988483
|-activate|p1a: Ditto|move: Struggle
|move|p1a: Ditto|Struggle|p2a: Eternal storm
|-damage|p2a: Eternal storm|84/100 slp
|-damage|p1a: Ditto|69/100|[from] recoil
|cant|p2a: Eternal storm|slp
|
|-weather|Hail|[upkeep]
|-damage|p1a: Ditto|63/100|[from] Hail
|-damage|p2a: Eternal storm|78/100 slp|[from] Hail
|-heal|p2a: Eternal storm|84/100 slp|[from] item: Leftovers
|upkeep
|turn|202
|inactive|LeftRayquaza has 90 seconds left.
|
|t:|1660988490
|-activate|p1a: Ditto|move: Struggle
|move|p1a: Ditto|Struggle|p2a: Eternal storm
|-damage|p2a: Eternal storm|79/100 slp
|-damage|p1a: Ditto|38/100|[from] recoil
|cant|p2a: Eternal storm|slp
|
|-weather|Hail|[upkeep]
|-damage|p1a: Ditto|32/100|[from] Hail
|-damage|p2a: Eternal storm|73/100 slp|[from] Hail
|-heal|p2a: Eternal storm|79/100 slp|[from] item: Leftovers
|upkeep
|turn|203
|
|t:|1660988494
|-activate|p1a: Ditto|move: Struggle
|move|p1a: Ditto|Struggle|p2a: Eternal storm
|-damage|p2a: Eternal storm|72/100 slp
|-damage|p1a: Ditto|8/100|[from] recoil
|-curestatus|p2a: Eternal storm|slp|[msg]
|move|p2a: Eternal storm|Rest|p2a: Eternal storm
|-status|p2a: Eternal storm|slp|[from] move: Rest
|-heal|p2a: Eternal storm|100/100 slp|[silent]
|
|-weather|none
|upkeep
|turn|204
|
|t:|1660988499
|switch|p2a: Pretty gem|Sableye-Mega, F|100/100
|-activate|p1a: Ditto|move: Struggle
|move|p1a: Ditto|Struggle|p2a: Pretty gem
|-damage|p2a: Pretty gem|94/100
|-damage|p1a: Ditto|0 fnt|[from] recoil
|faint|p1a: Ditto
|
|win|Buck is stallish
|raw|LeftRayquaza's rating: 1768 &rarr; <strong>1756</strong><br />(-12 for losing)
|raw|Buck is stallish's rating: 1905 &rarr; <strong>1917</strong><br />(+12 for winning)
