|j|☆theChikunEater
|j|☆bruhbruhlol9
|t:|1665611588
|gametype|singles
|player|p1|theChikunEater|flannery|
|player|p2|bruhbruhlol9|hilbert-wonderlauncher|
|teamsize|p1|6
|teamsize|p2|6
|gen|8
|tier|[Gen 8] National Dex AG
|rule|HP Percentage Mod: HP is shown in percentages
|rule|Endless Battle Clause: Forcing endless battles is banned
|clearpoke
|poke|p1|Gengar, F|
|poke|p1|Milotic, F|
|poke|p1|Ribombee, F|
|poke|p1|Magearna|
|poke|p1|Aggron, F|
|poke|p1|Blaziken, M|
|poke|p2|Landorus-Therian, M|
|poke|p2|Serperior, M|
|poke|p2|Tornadus, M|
|poke|p2|Melmetal|
|poke|p2|Gyarados, M|
|poke|p2|Volcarona, F|
|teampreview
|inactive|Battle timer is ON: inactive players will automatically lose when time's up. (requested by theChikunEater)
|inactive|bruhbruhlol9 also wants the timer to be on.
|c|☆bruhbruhlol9|OU teams
|c|☆theChikunEater|interesting
|c|☆bruhbruhlol9|exept for da gengar
|c|☆bruhbruhlol9|gl hf
|
|t:|1665611605
|start
|switch|p1a: Ribombee|Ribombee, F|100/100
|switch|p2a: Landorus|Landorus-Therian, M, shiny|100/100
|-ability|p2a: Landorus|Intimidate|boost
|-unboost|p1a: Ribombee|atk|1
|turn|1
|c|☆theChikunEater|glhf
|
|t:|1665611612
|move|p1a: Ribombee|Sticky Web|p2a: Landorus
|-sidestart|p2: bruhbruhlol9|move: Sticky Web
|move|p2a: Landorus|Rock Tomb|p1a: Ribombee
|-supereffective|p1a: Ribombee
|-damage|p1a: Ribombee|8/100
|-unboost|p1a: Ribombee|spe|1
|
|upkeep
|turn|2
|
|t:|1665611618
|move|p2a: Landorus|Earthquake|p1a: Ribombee
|-resisted|p1a: Ribombee
|-damage|p1a: Ribombee|0 fnt
|faint|p1a: Ribombee
|
|upkeep
|
|t:|1665611632
|switch|p1a: Milotic|Milotic, F|100/100
|turn|3
|
|t:|1665611659
|move|p2a: Landorus|Rock Tomb|p1a: Milotic
|-damage|p1a: Milotic|70/100
|-unboost|p1a: Milotic|spe|1
|move|p1a: Milotic|Dragon Dance|p1a: Milotic
|-boost|p1a: Milotic|atk|1
|-boost|p1a: Milotic|spe|1
|
|upkeep
|turn|4
|
|t:|1665611666
|move|p2a: Landorus|Stealth Rock|p1a: Milotic
|-sidestart|p1: theChikunEater|move: Stealth Rock
|move|p1a: Milotic|Coil|p1a: Milotic
|-boost|p1a: Milotic|atk|1
|-boost|p1a: Milotic|def|1
|-boost|p1a: Milotic|accuracy|1
|
|upkeep
|turn|5
|
|t:|1665611672
|move|p2a: Landorus|Explosion|p1a: Milotic
|-damage|p1a: Milotic|0 fnt
|faint|p2a: Landorus
|faint|p1a: Milotic
|
|upkeep
|
|t:|1665611680
|switch|p2a: Serperior|Serperior, M, shiny|100/100
|switch|p1a: Blaziken|Blaziken, M|100/100
|-activate|p2a: Serperior|move: Sticky Web
|-boost|p2a: Serperior|spe|1
|-damage|p1a: Blaziken|88/100|[from] Stealth Rock
|turn|6
|
|t:|1665611696
|move|p2a: Serperior|Leaf Storm|p1a: Blaziken
|-resisted|p1a: Blaziken
|-damage|p1a: Blaziken|53/100
|-boost|p2a: Serperior|spa|2
|move|p1a: Blaziken|Fire Blast|p2a: Serperior
|-supereffective|p2a: Serperior
|-damage|p2a: Serperior|0 fnt
|faint|p2a: Serperior
|
|-ability|p1a: Blaziken|Speed Boost|boost
|-boost|p1a: Blaziken|spe|1
|upkeep
|c|☆theChikunEater|it still confuses me that landorus learns that
|
|t:|1665611701
|switch|p2a: Tornadus|Tornadus, M|100/100
|turn|7
|
|t:|1665611709
|move|p1a: Blaziken|Fire Blast|p2a: Tornadus
|-damage|p2a: Tornadus|23/100
|move|p2a: Tornadus|Hurricane|p1a: Blaziken
|-supereffective|p1a: Blaziken
|-damage|p1a: Blaziken|0 fnt
|faint|p1a: Blaziken
|
|upkeep
|l|☆bruhbruhlol9
|inactive|bruhbruhlol9 disconnected and has 300 seconds to reconnect!
|player|p2|
|
|t:|1665611717
|switch|p1a: Magearna|Magearna|100/100
|-damage|p1a: Magearna|95/100|[from] Stealth Rock
|turn|8
|inactive|theChikunEater no longer wants the timer on, but the timer is staying on because bruhbruhlol9 still does.
|inactive|bruhbruhlol9 has 270 seconds to reconnect!
|inactive|bruhbruhlol9 has 240 seconds to reconnect!
|j|☆bruhbruhlol9
|inactive|bruhbruhlol9 reconnected and has 300 seconds left.
|player|p2|bruhbruhlol9|hilbert-wonderlauncher
|c|☆bruhbruhlol9|sorry
|c|☆theChikunEater|wb
|c|☆theChikunEater|no worries
|c|☆bruhbruhlol9|my mom came into my room
|
|t:|1665611821
|move|p2a: Tornadus|Focus Blast|p1a: Magearna
|-damage|p1a: Magearna|58/100
|move|p1a: Magearna|Shift Gear|p1a: Magearna
|-boost|p1a: Magearna|spe|2
|-boost|p1a: Magearna|atk|1
|
|upkeep
|turn|9
|
|t:|1665611826
|move|p1a: Magearna|Calm Mind|p1a: Magearna
|-boost|p1a: Magearna|spa|1
|-boost|p1a: Magearna|spd|1
|-zpower|p2a: Tornadus
|move|p2a: Tornadus|Supersonic Skystrike|p1a: Magearna|[zeffect]
|-resisted|p1a: Magearna
|-damage|p1a: Magearna|26/100
|
|upkeep
|turn|10
|c|☆theChikunEater|ur good
|
|t:|1665611833
|move|p1a: Magearna|Draining Kiss|p2a: Tornadus
|-damage|p2a: Tornadus|0 fnt
|-heal|p1a: Magearna|43/100|[from] drain|[of] p2a: Tornadus
|faint|p2a: Tornadus
|-ability|p1a: Magearna|Soul-Heart|boost
|-boost|p1a: Magearna|spa|1
|
|upkeep
|
|t:|1665611835
|switch|p2a: Melmetal|Melmetal, shiny|100/100
|-activate|p2a: Melmetal|move: Sticky Web
|-unboost|p2a: Melmetal|spe|1
|turn|11
|
|t:|1665611845
|-start|p2a: Melmetal|Dynamax|
|-heal|p2a: Melmetal|100/100|[silent]
|move|p1a: Magearna|Stored Power|p2a: Melmetal
|-resisted|p2a: Melmetal
|-crit|p2a: Melmetal
|-damage|p2a: Melmetal|81/100
|move|p2a: Melmetal|Max Steelspike|p1a: Magearna
|-damage|p1a: Magearna|0 fnt
|-boost|p2a: Melmetal|def|1
|faint|p1a: Magearna
|
|upkeep
|c|☆bruhbruhlol9|av mel
|
|t:|1665611856
|switch|p1a: Gengar|Gengar, F|100/100
|-damage|p1a: Gengar|88/100|[from] Stealth Rock
|turn|12
|
|t:|1665611861
|move|p1a: Gengar|Substitute|p1a: Gengar
|-start|p1a: Gengar|Substitute
|-damage|p1a: Gengar|63/100
|move|p2a: Melmetal|Max Steelspike|p1a: Gengar
|-end|p1a: Gengar|Substitute
|-boost|p2a: Melmetal|def|1
|
|upkeep
|turn|13
|
|t:|1665611864
|move|p1a: Gengar|Substitute|p1a: Gengar
|-start|p1a: Gengar|Substitute
|-damage|p1a: Gengar|38/100
|move|p2a: Melmetal|Max Hailstorm|p1a: Gengar
|-end|p1a: Gengar|Substitute
|-weather|Hail
|
|-weather|Hail|[upkeep]
|-damage|p1a: Gengar|32/100|[from] Hail
|-damage|p2a: Melmetal|78/100|[from] Hail
|upkeep
|-end|p2a: Melmetal|Dynamax
|-heal|p2a: Melmetal|78/100|[silent]
|turn|14
|
|t:|1665611869
|detailschange|p1a: Gengar|Gengar-Mega, F
|-mega|p1a: Gengar|Gengar|Gengarite
|move|p1a: Gengar|Shadow Ball|p2a: Melmetal
|-damage|p2a: Melmetal|49/100
|move|p2a: Melmetal|Double Iron Bash|p1a: Gengar
|-damage|p1a: Gengar|0 fnt
|faint|p1a: Gengar
|-hitcount|p1: Gengar|1
|
|-weather|Hail|[upkeep]
|-damage|p2a: Melmetal|43/100|[from] Hail
|upkeep
|c|☆bruhbruhlol9|gg
|
|t:|1665611876
|switch|p1a: Aggron|Aggron, F|100/100
|-damage|p1a: Aggron|94/100|[from] Stealth Rock
|turn|15
|c|☆theChikunEater|dayum that did nothing
|c|☆theChikunEater|gg
|
|t:|1665611884
|-start|p1a: Aggron|Dynamax|
|-heal|p1a: Aggron|94/100|[silent]
|move|p1a: Aggron|Max Quake|p2a: Melmetal
|-supereffective|p2a: Melmetal
|-damage|p2a: Melmetal|15/100
|-boost|p1a: Aggron|spd|1
|move|p2a: Melmetal|Superpower|p1a: Aggron
|-supereffective|p1a: Aggron
|-damage|p1a: Aggron|39/100
|-unboost|p2a: Melmetal|atk|1
|-unboost|p2a: Melmetal|def|1
|-damage|p2a: Melmetal|0 fnt|[from] item: Rocky Helmet|[of] p1a: Aggron
|faint|p2a: Melmetal
|
|-weather|Hail|[upkeep]
|-damage|p1a: Aggron|36/100|[from] Hail
|upkeep
|
|t:|1665611892
|switch|p2a: Gyarados|Gyarados, M, shiny|100/100
|-ability|p2a: Gyarados|Intimidate|boost
|-unboost|p1a: Aggron|atk|1
|turn|16
|
|t:|1665611900
|detailschange|p2a: Gyarados|Gyarados-Mega, M, shiny
|-mega|p2a: Gyarados|Gyarados|Gyaradosite
|-ability|p2a: Gyarados|Mold Breaker
|move|p2a: Gyarados|Earthquake|p1a: Aggron
|-supereffective|p1a: Aggron
|-damage|p1a: Aggron|0 fnt
|faint|p1a: Aggron
|
|win|bruhbruhlol9
|l|☆theChikunEater
