|j|☆Goku Uchiha 2001
|j|☆Latiasboy
|t:|1664608832
|gametype|singles
|player|p1|Goku Uchiha 2001|dawn|1814
|player|p2|Latiasboy|n|1698
|teamsize|p1|6
|teamsize|p2|6
|gen|8
|tier|[Gen 8] National Dex AG
|rated|
|rule|HP Percentage Mod: HP is shown in percentages
|rule|Endless Battle Clause: Forcing endless battles is banned
|clearpoke
|poke|p1|Ditto|
|poke|p1|Mawile, M|
|poke|p1|Yveltal|
|poke|p1|Arceus-*|
|poke|p1|Calyrex-Shadow|
|poke|p1|Arceus-*|
|poke|p2|Groudon|
|poke|p2|Necrozma-Dusk-Mane|
|poke|p2|Ho-Oh|
|poke|p2|Rayquaza|
|poke|p2|Xerneas-*|
|poke|p2|Shaymin-Sky|
|teampreview
|inactive|Battle timer is ON: inactive players will automatically lose when time's up. (requested by Goku Uchiha 2001)
|
|t:|1664608842
|start
|switch|p1a: Arceus|Arceus-Fairy|100/100
|switch|p2a: Groudon|Groudon|100/100
|detailschange|p2a: Groudon|Groudon-Primal
|-primal|p2a: Groudon
|-weather|DesolateLand|[from] ability: Desolate Land|[of] p2a: Groudon
|turn|1
|
|t:|1664608846
|move|p2a: Groudon|Eruption|p1a: Arceus
|-damage|p1a: Arceus|28/100
|move|p1a: Arceus|Toxic|p2a: Groudon
|-status|p2a: Groudon|tox
|
|-weather|DesolateLand|[upkeep]
|-damage|p2a: Groudon|94/100 tox|[from] psn
|upkeep
|turn|2
|
|t:|1664608856
|switch|p1a: Ditto|Ditto, shiny|100/100
|-transform|p1a: Ditto|p2a: Groudon|[from] ability: Imposter
|move|p2a: Groudon|Eruption|p1a: Ditto
|-resisted|p1a: Ditto
|-damage|p1a: Ditto|26/100
|
|-weather|DesolateLand|[upkeep]
|-damage|p2a: Groudon|82/100 tox|[from] psn
|upkeep
|turn|3
|
|t:|1664608866
|switch|p1a: Arceus|Arceus-Fairy|28/100
|-weather|none
|switch|p2a: Rayquaza|Rayquaza|100/100
|-ability|p2a: Rayquaza|Air Lock
|
|upkeep
|turn|4
|
|t:|1664608875
|detailschange|p2a: Rayquaza|Rayquaza-Mega
|-mega|p2a: Rayquaza|Rayquaza|
|-weather|DeltaStream|[from] ability: Delta Stream|[of] p2a: Rayquaza
|move|p2a: Rayquaza|Dragon Ascent|p1a: Arceus
|-damage|p1a: Arceus|0 fnt
|-unboost|p2a: Rayquaza|def|1
|-unboost|p2a: Rayquaza|spd|1
|faint|p1a: Arceus
|-damage|p2a: Rayquaza|91/100|[from] item: Life Orb
|
|-weather|DeltaStream|[upkeep]
|upkeep
|
|t:|1664608881
|switch|p1a: Calyrex|Calyrex-Shadow|100/100
|-ability|p1a: Calyrex|As One
|-ability|p1a: Calyrex|Unnerve
|turn|5
|
|t:|1664608887
|-weather|none
|switch|p2a: Ho-Oh|Ho-Oh|100/100
|move|p1a: Calyrex|Astral Barrage|p2a: Ho-Oh
|-damage|p2a: Ho-Oh|67/100
|
|upkeep
|turn|6
|
|t:|1664608898
|switch|p1a: Ditto|Ditto, shiny|26/100
|-transform|p1a: Ditto|p2a: Ho-Oh|[from] ability: Imposter
|move|p2a: Ho-Oh|Sacred Fire|p1a: Ditto|[miss]
|-miss|p2a: Ho-Oh|p1a: Ditto
|
|upkeep
|turn|7
|
|t:|1664608911
|switch|p2a: Groudon|Groudon-Primal|82/100 tox
|-weather|DesolateLand|[from] ability: Desolate Land|[of] p2a: Groudon
|move|p1a: Ditto|Toxic|p2a: Groudon
|-fail|p2a: Groudon|tox
|
|-weather|DesolateLand|[upkeep]
|-damage|p2a: Groudon|76/100 tox|[from] psn
|upkeep
|turn|8
|
|t:|1664608916
|switch|p1a: Yveltal|Yveltal, shiny|100/100
|-ability|p1a: Yveltal|Dark Aura
|move|p2a: Groudon|Eruption|p1a: Yveltal
|-damage|p1a: Yveltal|19/100
|
|-weather|DesolateLand|[upkeep]
|-damage|p2a: Groudon|64/100 tox|[from] psn
|upkeep
|turn|9
|
|t:|1664608932
|-weather|none
|switch|p2a: Necrozma|Necrozma-Dusk-Mane|100/100
|move|p1a: Yveltal|Knock Off|p2a: Necrozma
|-supereffective|p2a: Necrozma
|-damage|p2a: Necrozma|51/100
|-damage|p1a: Yveltal|2/100|[from] item: Rocky Helmet|[of] p2a: Necrozma
|-enditem|p2a: Necrozma|Rocky Helmet|[from] move: Knock Off|[of] p1a: Yveltal
|
|upkeep
|turn|10
|
|t:|1664608939
|move|p1a: Yveltal|Knock Off|p2a: Necrozma
|-supereffective|p2a: Necrozma
|-damage|p2a: Necrozma|12/100
|move|p2a: Necrozma|Morning Sun|p2a: Necrozma
|-heal|p2a: Necrozma|62/100
|
|upkeep
|turn|11
|
|t:|1664608941
|move|p1a: Yveltal|Knock Off|p2a: Necrozma
|-supereffective|p2a: Necrozma
|-damage|p2a: Necrozma|27/100
|move|p2a: Necrozma|Morning Sun|p2a: Necrozma
|-heal|p2a: Necrozma|77/100
|
|upkeep
|turn|12
|
|t:|1664608946
|switch|p1a: Calyrex|Calyrex-Shadow|100/100
|-ability|p1a: Calyrex|As One
|-ability|p1a: Calyrex|Unnerve
|move|p2a: Necrozma|Morning Sun|p2a: Necrozma
|-heal|p2a: Necrozma|100/100
|
|upkeep
|turn|13
|
|t:|1664608950
|switch|p1a: Yveltal|Yveltal, shiny|2/100
|-ability|p1a: Yveltal|Dark Aura
|switch|p2a: Ho-Oh|Ho-Oh|99/100
|
|upkeep
|turn|14
|
|t:|1664608955
|move|p1a: Yveltal|Knock Off|p2a: Ho-Oh
|-damage|p2a: Ho-Oh|47/100
|-enditem|p2a: Ho-Oh|Heavy-Duty Boots|[from] move: Knock Off|[of] p1a: Yveltal
|move|p2a: Ho-Oh|Sacred Fire|p1a: Yveltal
|-damage|p1a: Yveltal|0 fnt
|faint|p1a: Yveltal
|
|upkeep
|
|t:|1664608960
|switch|p1a: Arceus|Arceus|100/100
|turn|15
|
|t:|1664608963
|move|p1a: Arceus|Swords Dance|p1a: Arceus
|-boost|p1a: Arceus|atk|2
|move|p2a: Ho-Oh|Sacred Fire|p1a: Arceus
|-damage|p1a: Arceus|71/100
|-status|p1a: Arceus|brn
|-enditem|p1a: Arceus|Lum Berry|[eat]
|-curestatus|p1a: Arceus|brn|[msg]
|
|upkeep
|turn|16
|
|t:|1664608970
|move|p1a: Arceus|Extreme Speed|p2a: Ho-Oh
|-damage|p2a: Ho-Oh|0 fnt
|faint|p2a: Ho-Oh
|
|upkeep
|
|t:|1664608979
|switch|p2a: Necrozma|Necrozma-Dusk-Mane|100/100
|turn|17
|
|t:|1664608984
|-start|p2a: Necrozma|Dynamax|
|-heal|p2a: Necrozma|100/100|[silent]
|move|p1a: Arceus|Swords Dance|p1a: Arceus
|-boost|p1a: Arceus|atk|2
|move|p2a: Necrozma|Max Steelspike|p1a: Arceus
|-damage|p1a: Arceus|28/100
|-boost|p2a: Necrozma|def|1
|
|upkeep
|turn|18
|
|t:|1664608988
|move|p1a: Arceus|Recover|p1a: Arceus
|-heal|p1a: Arceus|78/100
|move|p2a: Necrozma|Max Steelspike|p1a: Arceus
|-damage|p1a: Arceus|34/100
|-boost|p2a: Necrozma|def|1
|
|upkeep
|turn|19
|
|t:|1664608992
|move|p1a: Arceus|Recover|p1a: Arceus
|-heal|p1a: Arceus|84/100
|move|p2a: Necrozma|Max Steelspike|p1a: Arceus
|-damage|p1a: Arceus|44/100
|-boost|p2a: Necrozma|def|1
|
|upkeep
|-end|p2a: Necrozma|Dynamax
|-heal|p2a: Necrozma|100/100|[silent]
|turn|20
|
|t:|1664608997
|move|p1a: Arceus|Recover|p1a: Arceus
|-heal|p1a: Arceus|94/100
|move|p2a: Necrozma|Thunder Wave|p1a: Arceus
|-status|p1a: Arceus|par
|
|upkeep
|turn|21
|
|t:|1664609007
|-start|p1a: Arceus|Dynamax|
|-heal|p1a: Arceus|94/100 par|[silent]
|move|p2a: Necrozma|Stealth Rock|p1a: Arceus
|-sidestart|p1: Goku Uchiha 2001|move: Stealth Rock
|cant|p1a: Arceus|par
|
|upkeep
|turn|22
|
|t:|1664609019
|switch|p2a: Rayquaza|Rayquaza-Mega|91/100
|-weather|DeltaStream|[from] ability: Delta Stream|[of] p2a: Rayquaza
|move|p1a: Arceus|Max Phantasm|p2a: Rayquaza
|-damage|p2a: Rayquaza|0 fnt
|faint|p2a: Rayquaza
|-weather|none
|
|upkeep
|
|t:|1664609025
|switch|p2a: Shaymin|Shaymin-Sky|100/100
|turn|23
|
|t:|1664609029
|move|p2a: Shaymin|Healing Wish|p2a: Shaymin
|faint|p2a: Shaymin
|move|p1a: Arceus|Max Strike|p2: Shaymin|[notarget]
|-fail|p1a: Arceus
|
|upkeep
|
|t:|1664609033
|switch|p2a: Groudon|Groudon-Primal|64/100 tox
|-heal|p2a: Groudon|100/100|[from] move: Healing Wish
|-weather|DesolateLand|[from] ability: Desolate Land|[of] p2a: Groudon
|-end|p1a: Arceus|Dynamax
|-heal|p1a: Arceus|94/100 par|[silent]
|turn|24
|
|t:|1664609038
|move|p1a: Arceus|Extreme Speed|p2a: Groudon
|-damage|p2a: Groudon|7/100
|move|p2a: Groudon|Eruption|p1a: Arceus
|-damage|p1a: Arceus|87/100 par
|
|-weather|DesolateLand|[upkeep]
|upkeep
|turn|25
|
|t:|1664609041
|move|p1a: Arceus|Extreme Speed|p2a: Groudon
|-damage|p2a: Groudon|0 fnt
|faint|p2a: Groudon
|-weather|none
|
|upkeep
|
|t:|1664609044
|switch|p2a: Xerneas|Xerneas|100/100
|-ability|p2a: Xerneas|Fairy Aura
|turn|26
|
|t:|1664609046
|move|p1a: Arceus|Extreme Speed|p2a: Xerneas
|-damage|p2a: Xerneas|0 fnt
|faint|p2a: Xerneas
|
|upkeep
|
|t:|1664609049
|switch|p2a: Necrozma|Necrozma-Dusk-Mane|100/100
|turn|27
|
|t:|1664609050
|move|p2a: Necrozma|Sunsteel Strike|p1a: Arceus
|-damage|p1a: Arceus|55/100 par
|move|p1a: Arceus|Shadow Claw|p2a: Necrozma
|-supereffective|p2a: Necrozma
|-damage|p2a: Necrozma|46/100
|
|upkeep
|turn|28
|-message|Latiasboy forfeited.
|
|win|Goku Uchiha 2001
|raw|Goku Uchiha 2001's rating: 1814 &rarr; <strong>1828</strong><br />(+14 for winning)
|raw|Latiasboy's rating: 1698 &rarr; <strong>1684</strong><br />(-14 for losing)
|l|☆Latiasboy
