|j|☆rowletroost
|j|☆PradoX9
|t:|1641945354
|gametype|singles
|player|p1|rowletroost|lance|1820
|player|p2|PradoX9|sightseer|1703
|teamsize|p1|6
|teamsize|p2|6
|gen|8
|tier|[Gen 8] National Dex AG
|rated|
|rule|HP Percentage Mod: HP is shown in percentages
|rule|Endless Battle Clause: Forcing endless battles is banned
|clearpoke
|poke|p1|Arceus-*|
|poke|p1|Xerneas-*|
|poke|p1|Kyogre|
|poke|p1|Marshadow|
|poke|p1|Ribombee, F|
|poke|p1|Vivillon-Savanna, M|
|poke|p2|Calyrex-Ice|
|poke|p2|Kyogre|
|poke|p2|Groudon|
|poke|p2|Yveltal|
|poke|p2|Arceus-*|
|poke|p2|Arceus-*|
|teampreview
|inactive|Battle timer is ON: inactive players will automatically lose when time's up. (requested by rowletroost)
|
|t:|1641945375
|start
|switch|p1a: Arceus|Arceus-Ground|100/100
|switch|p2a: Arceus|Arceus-Fairy|100/100
|turn|1
|
|t:|1641945385
|switch|p1a: Ribombee|Ribombee, F, shiny|100/100
|move|p2a: Arceus|Whirlpool|p1a: Ribombee
|-damage|p1a: Ribombee|85/100
|-activate|p1a: Ribombee|move: Whirlpool|[of] p2a: Arceus
|
|-damage|p1a: Ribombee|73/100|[from] move: Whirlpool|[partiallytrapped]
|upkeep
|turn|2
|
|t:|1641945392
|move|p1a: Ribombee|Sticky Web|p2a: Arceus
|-sidestart|p2: PradoX9|move: Sticky Web
|move|p2a: Arceus|Perish Song|p2a: Arceus
|-start|p1a: Ribombee|perish3|[silent]
|-start|p2a: Arceus|perish3|[silent]
|-fieldactivate|move: Perish Song
|
|-damage|p1a: Ribombee|60/100|[from] move: Whirlpool|[partiallytrapped]
|-start|p1a: Ribombee|perish3
|-start|p2a: Arceus|perish3
|upkeep
|turn|3
|
|t:|1641945398
|move|p1a: Ribombee|Moonblast|p2a: Arceus
|-damage|p2a: Arceus|80/100
|move|p2a: Arceus|Judgment|p1a: Ribombee
|-damage|p1a: Ribombee|0 fnt
|faint|p1a: Ribombee
|
|-start|p2a: Arceus|perish2
|upkeep
|
|t:|1641945408
|switch|p1a: Kyogre|Kyogre, shiny|100/100
|detailschange|p1a: Kyogre|Kyogre-Primal, shiny
|-primal|p1a: Kyogre
|-weather|PrimordialSea|[from] ability: Primordial Sea|[of] p1a: Kyogre
|turn|4
|
|t:|1641945411
|switch|p2a: Groudon|Groudon, shiny|100/100
|-activate|p2a: Groudon|move: Sticky Web
|-unboost|p2a: Groudon|spe|1
|detailschange|p2a: Groudon|Groudon-Primal, shiny
|-primal|p2a: Groudon
|-weather|DesolateLand|[from] ability: Desolate Land|[of] p2a: Groudon
|move|p1a: Kyogre|Ice Beam|p2a: Groudon
|-damage|p2a: Groudon|70/100
|
|-weather|DesolateLand|[upkeep]
|upkeep
|turn|5
|
|t:|1641945415
|switch|p1a: Vivillon|Vivillon-Savanna, M|100/100
|move|p2a: Groudon|Thunder Wave|p1a: Vivillon|[miss]
|-miss|p2a: Groudon|p1a: Vivillon
|
|-weather|DesolateLand|[upkeep]
|upkeep
|turn|6
|
|t:|1641945421
|move|p1a: Vivillon|Sleep Powder|p2a: Groudon
|-status|p2a: Groudon|slp|[from] move: Sleep Powder
|cant|p2a: Groudon|slp
|
|-weather|DesolateLand|[upkeep]
|upkeep
|turn|7
|
|t:|1641945427
|-weather|none
|switch|p2a: Arceus|Arceus-Fairy|80/100
|-activate|p2a: Arceus|move: Sticky Web
|-unboost|p2a: Arceus|spe|1
|move|p1a: Vivillon|Substitute|p1a: Vivillon
|-start|p1a: Vivillon|Substitute
|-damage|p1a: Vivillon|76/100
|
|-heal|p1a: Vivillon|82/100|[from] item: Leftovers
|upkeep
|turn|8
|
|t:|1641945430
|move|p1a: Vivillon|Sleep Powder|p2a: Arceus
|-status|p2a: Arceus|slp|[from] move: Sleep Powder
|cant|p2a: Arceus|slp
|
|-heal|p1a: Vivillon|88/100|[from] item: Leftovers
|upkeep
|turn|9
|
|t:|1641945434
|move|p1a: Vivillon|Hurricane|p2a: Arceus
|-damage|p2a: Arceus|58/100 slp
|cant|p2a: Arceus|slp
|
|-heal|p1a: Vivillon|94/100|[from] item: Leftovers
|upkeep
|turn|10
|
|t:|1641945437
|move|p1a: Vivillon|Hurricane|p2a: Arceus
|-crit|p2a: Arceus
|-damage|p2a: Arceus|24/100 slp
|-start|p2a: Arceus|confusion
|-curestatus|p2a: Arceus|slp|[msg]
|-activate|p2a: Arceus|confusion
|-damage|p2a: Arceus|18/100|[from] confusion
|
|-heal|p1a: Vivillon|99/100|[from] item: Leftovers
|upkeep
|turn|11
|
|t:|1641945444
|move|p1a: Vivillon|Sleep Powder|p2a: Arceus
|-status|p2a: Arceus|slp|[from] move: Sleep Powder
|cant|p2a: Arceus|slp
|
|-heal|p1a: Vivillon|100/100|[from] item: Leftovers
|upkeep
|turn|12
|
|t:|1641945450
|move|p1a: Vivillon|Hurricane|p2a: Arceus
|-damage|p2a: Arceus|0 fnt
|faint|p2a: Arceus
|
|upkeep
|
|t:|1641945455
|switch|p2a: Arceus|Arceus-Dark|100/100
|-activate|p2a: Arceus|move: Sticky Web
|-unboost|p2a: Arceus|spe|1
|turn|13
|
|t:|1641945457
|move|p1a: Vivillon|Sleep Powder|p2a: Arceus
|-status|p2a: Arceus|slp|[from] move: Sleep Powder
|cant|p2a: Arceus|slp
|
|upkeep
|turn|14
|
|t:|1641945459
|move|p1a: Vivillon|Quiver Dance|p1a: Vivillon
|-boost|p1a: Vivillon|spa|1
|-boost|p1a: Vivillon|spd|1
|-boost|p1a: Vivillon|spe|1
|cant|p2a: Arceus|slp
|
|upkeep
|turn|15
|
|t:|1641945461
|move|p1a: Vivillon|Hurricane|p2a: Arceus
|-damage|p2a: Arceus|58/100 slp
|-start|p2a: Arceus|confusion
|-curestatus|p2a: Arceus|slp|[msg]
|-activate|p2a: Arceus|confusion
|move|p2a: Arceus|Perish Song|p2a: Arceus
|-start|p1a: Vivillon|perish3|[silent]
|-start|p2a: Arceus|perish3|[silent]
|-fieldactivate|move: Perish Song
|
|-start|p1a: Vivillon|perish3
|-start|p2a: Arceus|perish3
|upkeep
|turn|16
|
|t:|1641945470
|move|p1a: Vivillon|Sleep Powder|p2a: Arceus
|-status|p2a: Arceus|slp|[from] move: Sleep Powder
|cant|p2a: Arceus|slp
|
|-start|p1a: Vivillon|perish2
|-start|p2a: Arceus|perish2
|upkeep
|turn|17
|
|t:|1641945473
|move|p1a: Vivillon|Hurricane|p2a: Arceus
|-damage|p2a: Arceus|16/100 slp
|-curestatus|p2a: Arceus|slp|[msg]
|-activate|p2a: Arceus|confusion
|move|p2a: Arceus|Defog|p1a: Vivillon
|-sideend|p2: PradoX9|Sticky Web|[from] move: Defog|[of] p2a: Arceus
|
|-start|p1a: Vivillon|perish1
|-start|p2a: Arceus|perish1
|upkeep
|turn|18
|
|t:|1641945483
|-end|p1a: Vivillon|Substitute
|-start|p1a: Vivillon|Dynamax
|-heal|p1a: Vivillon|100/100|[silent]
|move|p1a: Vivillon|Max Airstream|p2a: Arceus
|-damage|p2a: Arceus|0 fnt
|-boost|p1a: Vivillon|spe|1
|faint|p2a: Arceus
|
|-start|p1a: Vivillon|perish0
|faint|p1a: Vivillon
|upkeep
|
|t:|1641945495
|switch|p1a: Kyogre|Kyogre-Primal, shiny|100/100
|switch|p2a: Calyrex|Calyrex-Ice|100/100
|-ability|p2a: Calyrex|As One
|-ability|p2a: Calyrex|Unnerve
|-weather|PrimordialSea|[from] ability: Primordial Sea|[of] p1a: Kyogre
|turn|19
|
|t:|1641945498
|move|p1a: Kyogre|Origin Pulse|p2a: Calyrex
|-damage|p2a: Calyrex|22/100
|move|p2a: Calyrex|Aromatherapy|p2a: Calyrex
|-activate|p2a: Calyrex|move: Aromatherapy
|-curestatus|p2: Groudon|slp|[msg]
|
|-weather|PrimordialSea|[upkeep]
|upkeep
|turn|20
|
|t:|1641945504
|move|p1a: Kyogre|Ice Beam|p2a: Calyrex
|-resisted|p2a: Calyrex
|-damage|p2a: Calyrex|6/100
|move|p2a: Calyrex|Glacial Lance|p1a: Kyogre
|-resisted|p1a: Kyogre
|-damage|p1a: Kyogre|66/100
|
|-weather|PrimordialSea|[upkeep]
|upkeep
|turn|21
|
|t:|1641945506
|move|p1a: Kyogre|Ice Beam|p2a: Calyrex
|-resisted|p2a: Calyrex
|-damage|p2a: Calyrex|0 fnt
|faint|p2a: Calyrex
|
|-weather|PrimordialSea|[upkeep]
|upkeep
|
|t:|1641945508
|switch|p2a: Groudon|Groudon-Primal, shiny|70/100
|-weather|DesolateLand|[from] ability: Desolate Land|[of] p2a: Groudon
|turn|22
|
|t:|1641945511
|switch|p1a: Arceus|Arceus-Ground|100/100
|move|p2a: Groudon|Stealth Rock|p1a: Arceus
|-sidestart|p1: rowletroost|move: Stealth Rock
|
|-weather|DesolateLand|[upkeep]
|upkeep
|turn|23
|
|t:|1641945516
|move|p1a: Arceus|Defog|p2a: Groudon
|-unboost|p2a: Groudon|evasion|1
|-sideend|p1: rowletroost|Stealth Rock|[from] move: Defog|[of] p1a: Arceus
|move|p2a: Groudon|Overheat|p1a: Arceus
|-damage|p1a: Arceus|40/100
|-unboost|p2a: Groudon|spa|2
|
|-weather|DesolateLand|[upkeep]
|upkeep
|turn|24
|
|t:|1641945520
|move|p1a: Arceus|Recover|p1a: Arceus
|-heal|p1a: Arceus|90/100
|move|p2a: Groudon|Stealth Rock|p1a: Arceus
|-sidestart|p1: rowletroost|move: Stealth Rock
|
|-weather|DesolateLand|[upkeep]
|upkeep
|turn|25
|
|t:|1641945531
|-weather|none
|switch|p2a: Kyogre|Kyogre|100/100
|detailschange|p2a: Kyogre|Kyogre-Primal
|-primal|p2a: Kyogre
|-weather|PrimordialSea|[from] ability: Primordial Sea|[of] p2a: Kyogre
|move|p1a: Arceus|Defog|p2a: Kyogre
|-unboost|p2a: Kyogre|evasion|1
|-sideend|p1: rowletroost|Stealth Rock|[from] move: Defog|[of] p1a: Arceus
|
|-weather|PrimordialSea|[upkeep]
|upkeep
|turn|26
|
|t:|1641945534
|switch|p1a: Kyogre|Kyogre-Primal, shiny|66/100
|move|p2a: Kyogre|Thunder Wave|p1a: Kyogre
|-status|p1a: Kyogre|par
|
|-weather|PrimordialSea|[upkeep]
|upkeep
|turn|27
|
|t:|1641945541
|switch|p2a: Groudon|Groudon-Primal, shiny|70/100
|-weather|DesolateLand|[from] ability: Desolate Land|[of] p2a: Groudon
|move|p1a: Kyogre|Thunder|p2a: Groudon
|-immune|p2a: Groudon
|
|-weather|DesolateLand|[upkeep]
|upkeep
|turn|28
|
|t:|1641945544
|switch|p1a: Arceus|Arceus-Ground|90/100
|move|p2a: Groudon|Stealth Rock|p1a: Arceus
|-sidestart|p1: rowletroost|move: Stealth Rock
|
|-weather|DesolateLand|[upkeep]
|upkeep
|turn|29
|
|t:|1641945548
|-weather|none
|switch|p2a: Yveltal|Yveltal, shiny|100/100
|-ability|p2a: Yveltal|Dark Aura
|move|p1a: Arceus|Defog|p2a: Yveltal
|-unboost|p2a: Yveltal|evasion|1
|-sideend|p1: rowletroost|Stealth Rock|[from] move: Defog|[of] p1a: Arceus
|
|upkeep
|turn|30
|
|t:|1641945551
|-start|p2a: Yveltal|Dynamax
|-heal|p2a: Yveltal|100/100|[silent]
|move|p2a: Yveltal|Max Airstream|p1a: Arceus
|-damage|p1a: Arceus|23/100
|-boost|p2a: Yveltal|spe|1
|-damage|p2a: Yveltal|96/100|[from] item: Life Orb
|move|p1a: Arceus|Recover|p1a: Arceus
|-heal|p1a: Arceus|73/100
|
|upkeep
|turn|31
|
|t:|1641945553
|move|p2a: Yveltal|Max Darkness|p1a: Arceus
|-damage|p1a: Arceus|0 fnt
|faint|p1a: Arceus
|-damage|p2a: Yveltal|91/100|[from] item: Life Orb
|
|upkeep
|j| Zenderviz
|
|t:|1641945562
|switch|p1a: Kyogre|Kyogre-Primal, shiny|66/100 par
|-weather|PrimordialSea|[from] ability: Primordial Sea|[of] p1a: Kyogre
|turn|32
|
|t:|1641945564
|move|p2a: Yveltal|Max Darkness|p1a: Kyogre
|-damage|p1a: Kyogre|0 fnt
|faint|p1a: Kyogre
|-weather|none
|-damage|p2a: Yveltal|86/100|[from] item: Life Orb
|
|-end|p2a: Yveltal|Dynamax
|-heal|p2a: Yveltal|86/100|[silent]
|upkeep
|
|t:|1641945569
|switch|p1a: Xerneas|Xerneas, shiny|100/100
|-ability|p1a: Xerneas|Fairy Aura
|turn|33
|
|t:|1641945579
|switch|p2a: Kyogre|Kyogre-Primal|100/100
|-weather|PrimordialSea|[from] ability: Primordial Sea|[of] p2a: Kyogre
|move|p1a: Xerneas|Geomancy||[still]
|-prepare|p1a: Xerneas|Geomancy
|-enditem|p1a: Xerneas|Power Herb
|-anim|p1a: Xerneas|Geomancy|p1a: Xerneas
|-boost|p1a: Xerneas|spa|2
|-boost|p1a: Xerneas|spd|2
|-boost|p1a: Xerneas|spe|2
|
|-weather|PrimordialSea|[upkeep]
|upkeep
|turn|34
|
|t:|1641945581
|move|p1a: Xerneas|Moonblast|p2a: Kyogre
|-damage|p2a: Kyogre|38/100
|move|p2a: Kyogre|Thunder Wave|p1a: Xerneas
|-status|p1a: Xerneas|par
|
|-weather|PrimordialSea|[upkeep]
|upkeep
|turn|35
|
|t:|1641945592
|cant|p1a: Xerneas|par
|move|p2a: Kyogre|Scald|p1a: Xerneas
|-damage|p1a: Xerneas|68/100 par
|
|-weather|PrimordialSea|[upkeep]
|upkeep
|turn|36
|
|t:|1641945595
|move|p1a: Xerneas|Moonblast|p2a: Kyogre
|-damage|p2a: Kyogre|0 fnt
|faint|p2a: Kyogre
|-weather|none
|
|upkeep
|
|t:|1641945612
|switch|p2a: Groudon|Groudon-Primal, shiny|70/100
|-weather|DesolateLand|[from] ability: Desolate Land|[of] p2a: Groudon
|turn|37
|
|t:|1641945621
|move|p1a: Xerneas|Psychic|p2a: Groudon
|-damage|p2a: Groudon|20/100
|move|p2a: Groudon|Earthquake|p1a: Xerneas
|-damage|p1a: Xerneas|26/100 par
|
|-weather|DesolateLand|[upkeep]
|upkeep
|turn|38
|
|t:|1641945626
|move|p1a: Xerneas|Moonblast|p2a: Groudon
|-resisted|p2a: Groudon
|-damage|p2a: Groudon|0 fnt
|faint|p2a: Groudon
|-weather|none
|
|upkeep
|
|t:|1641945628
|switch|p2a: Yveltal|Yveltal, shiny|86/100
|-ability|p2a: Yveltal|Dark Aura
|turn|39
|
|t:|1641945629
|move|p2a: Yveltal|Oblivion Wing|p1a: Xerneas
|-damage|p1a: Xerneas|1/100 par
|-heal|p2a: Yveltal|100/100|[from] drain|[of] p1a: Xerneas
|-damage|p2a: Yveltal|91/100|[from] item: Life Orb
|cant|p1a: Xerneas|par
|
|upkeep
|turn|40
|
|t:|1641945634
|move|p2a: Yveltal|Oblivion Wing|p1a: Xerneas
|-damage|p1a: Xerneas|0 fnt
|-heal|p2a: Yveltal|91/100|[from] drain|[of] p1a: Xerneas
|faint|p1a: Xerneas
|-damage|p2a: Yveltal|81/100|[from] item: Life Orb
|
|upkeep
|
|t:|1641945636
|switch|p1a: Marshadow|Marshadow|100/100
|turn|41
|c|☆PradoX9|hmm
|inactive|PradoX9 has 120 seconds left.
|
|t:|1641945666
|move|p1a: Marshadow|Rock Tomb|p2a: Yveltal
|-supereffective|p2a: Yveltal
|-damage|p2a: Yveltal|20/100
|-unboost|p2a: Yveltal|spe|1
|move|p2a: Yveltal|Dark Pulse|p1a: Marshadow
|-damage|p1a: Marshadow|4/100
|-damage|p2a: Yveltal|10/100|[from] item: Life Orb
|
|upkeep
|turn|42
|
|t:|1641945673
|move|p1a: Marshadow|Shadow Sneak|p2a: Yveltal
|-resisted|p2a: Yveltal
|-damage|p2a: Yveltal|0 fnt
|faint|p2a: Yveltal
|
|win|rowletroost
|raw|rowletroost's rating: 1820 &rarr; <strong>1834</strong><br />(+14 for winning)
|raw|PradoX9's rating: 1703 &rarr; <strong>1689</strong><br />(-14 for losing)
