|j|☆Monsterapper
|j|☆Ahuehuehue
|t:|1650853975
|gametype|singles
|player|p1|Monsterapper|fisherman-gen4|1553
|player|p2|Ahuehuehue|169|1669
|teamsize|p1|6
|teamsize|p2|6
|gen|8
|tier|[Gen 8] National Dex AG
|rated|
|rule|HP Percentage Mod: HP is shown in percentages
|rule|Endless Battle Clause: Forcing endless battles is banned
|clearpoke
|poke|p1|Deoxys-Attack|
|poke|p1|Calyrex-Shadow|
|poke|p1|Zacian-*|
|poke|p1|Clefable, M|
|poke|p1|Salamence, M|
|poke|p1|Chansey, F|
|poke|p2|Groudon|
|poke|p2|Rayquaza|
|poke|p2|Calyrex-Shadow|
|poke|p2|Marshadow|
|poke|p2|Kyogre|
|poke|p2|Xerneas-*|
|teampreview
|inactive|Battle timer is ON: inactive players will automatically lose when time's up. (requested by Monsterapper)
|
|t:|1650853998
|start
|switch|p1a: Deoxys|Deoxys-Attack, shiny|100/100
|switch|p2a: DELTA VARIANT|Rayquaza|100/100
|-ability|p1a: Deoxys|Pressure
|-ability|p2a: DELTA VARIANT|Air Lock
|turn|1
|
|t:|1650854007
|detailschange|p2a: DELTA VARIANT|Rayquaza-Mega
|-mega|p2a: DELTA VARIANT|Rayquaza|
|-weather|DeltaStream|[from] ability: Delta Stream|[of] p2a: DELTA VARIANT
|move|p2a: DELTA VARIANT|Extreme Speed|p1a: Deoxys
|-enditem|p1a: Deoxys|Focus Sash
|-damage|p1a: Deoxys|1/100
|-damage|p2a: DELTA VARIANT|91/100|[from] item: Life Orb
|move|p1a: Deoxys|Ice Beam|p2a: DELTA VARIANT
|-activate||deltastream
|-supereffective|p2a: DELTA VARIANT
|-damage|p2a: DELTA VARIANT|6/100
|
|-weather|DeltaStream|[upkeep]
|upkeep
|turn|2
|
|t:|1650854022
|move|p1a: Deoxys|Extreme Speed|p2a: DELTA VARIANT
|-damage|p2a: DELTA VARIANT|0 fnt
|faint|p2a: DELTA VARIANT
|-weather|none
|
|upkeep
|
|t:|1650854030
|switch|p2a: Marshadow|Marshadow|100/100
|turn|3
|
|t:|1650854033
|move|p2a: Marshadow|Shadow Sneak|p1a: Deoxys
|-supereffective|p1a: Deoxys
|-damage|p1a: Deoxys|0 fnt
|faint|p1a: Deoxys
|
|upkeep
|
|t:|1650854043
|switch|p1a: Salamence|Salamence, M, shiny|100/100
|-ability|p1a: Salamence|Intimidate|boost
|-unboost|p2a: Marshadow|atk|1
|turn|4
|
|t:|1650854051
|switch|p2a: Kyogre|Kyogre|100/100
|detailschange|p2a: Kyogre|Kyogre-Primal
|-primal|p2a: Kyogre
|-weather|PrimordialSea|[from] ability: Primordial Sea|[of] p2a: Kyogre
|detailschange|p1a: Salamence|Salamence-Mega, M, shiny
|-mega|p1a: Salamence|Salamence|Salamencite
|move|p1a: Salamence|Return|p2a: Kyogre
|-damage|p2a: Kyogre|32/100
|
|-weather|PrimordialSea|[upkeep]
|upkeep
|turn|5
|
|t:|1650854060
|move|p1a: Salamence|Return|p2a: Kyogre
|-damage|p2a: Kyogre|0 fnt
|faint|p2a: Kyogre
|-weather|none
|
|upkeep
|
|t:|1650854062
|switch|p2a: MY LIL PONY|Calyrex-Shadow|100/100
|-ability|p2a: MY LIL PONY|As One
|-ability|p2a: MY LIL PONY|Unnerve
|turn|6
|
|t:|1650854081
|switch|p1a: Chansey|Chansey, F, shiny|100/100
|move|p2a: MY LIL PONY|Psyshock|p1a: Chansey
|-damage|p1a: Chansey|68/100
|
|upkeep
|turn|7
|
|t:|1650854089
|switch|p2a: SANIC|Groudon, shiny|100/100
|detailschange|p2a: SANIC|Groudon-Primal, shiny
|-primal|p2a: SANIC
|-weather|DesolateLand|[from] ability: Desolate Land|[of] p2a: SANIC
|move|p1a: Chansey|Toxic|p2a: SANIC
|-status|p2a: SANIC|tox
|
|-weather|DesolateLand|[upkeep]
|-damage|p2a: SANIC|94/100 tox|[from] psn
|upkeep
|turn|8
|
|t:|1650854100
|move|p2a: SANIC|Precipice Blades|p1a: Chansey
|-damage|p1a: Chansey|13/100
|move|p1a: Chansey|Soft-Boiled|p1a: Chansey
|-heal|p1a: Chansey|63/100
|
|-weather|DesolateLand|[upkeep]
|-damage|p2a: SANIC|82/100 tox|[from] psn
|upkeep
|turn|9
|
|t:|1650854109
|move|p2a: SANIC|Swords Dance|p2a: SANIC
|-boost|p2a: SANIC|atk|2
|move|p1a: Chansey|Soft-Boiled|p1a: Chansey
|-heal|p1a: Chansey|100/100
|
|-weather|DesolateLand|[upkeep]
|-damage|p2a: SANIC|63/100 tox|[from] psn
|upkeep
|turn|10
|j| MasterSmol
|
|t:|1650854119
|-start|p1a: Chansey|Dynamax|
|-heal|p1a: Chansey|100/100|[silent]
|move|p1a: Chansey|Max Guard|p1a: Chansey
|-singleturn|p1a: Chansey|Max Guard
|move|p2a: SANIC|Rock Tomb|p1a: Chansey
|-activate|p1a: Chansey|move: Max Guard
|
|-weather|DesolateLand|[upkeep]
|-damage|p2a: SANIC|39/100 tox|[from] psn
|upkeep
|turn|11
|
|t:|1650854127
|move|p1a: Chansey|Max Guard||[still]
|-fail|p1a: Chansey
|move|p2a: SANIC|Rock Tomb|p1a: Chansey
|-damage|p1a: Chansey|84/100
|-unboost|p1a: Chansey|spe|1
|
|-weather|DesolateLand|[upkeep]
|-damage|p2a: SANIC|8/100 tox|[from] psn
|upkeep
|turn|12
|
|t:|1650854134
|move|p1a: Chansey|Max Guard|p1a: Chansey
|-singleturn|p1a: Chansey|Max Guard
|move|p2a: SANIC|Stealth Rock|p1a: Chansey
|-sidestart|p1: Monsterapper|move: Stealth Rock
|
|-weather|DesolateLand|[upkeep]
|-damage|p2a: SANIC|0 fnt|[from] psn
|faint|p2a: SANIC
|-weather|none
|-end|p1a: Chansey|Dynamax
|-heal|p1a: Chansey|84/100|[silent]
|upkeep
|
|t:|1650854137
|switch|p2a: Marshadow|Marshadow|100/100
|turn|13
|
|t:|1650854150
|-start|p2a: Marshadow|Dynamax|
|-heal|p2a: Marshadow|100/100|[silent]
|move|p2a: Marshadow|Max Knuckle|p1a: Chansey
|-supereffective|p1a: Chansey
|-damage|p1a: Chansey|24/100
|-boost|p2a: Marshadow|atk|1
|move|p1a: Chansey|Teleport|p1a: Chansey
|l| MasterSmol
|inactive|Monsterapper has 120 seconds left.
|
|t:|1650854183
|switch|p1a: Zacian|Zacian-Crowned|100/100|[from]move: Teleport
|-damage|p1a: Zacian|94/100|[from] Stealth Rock
|-ability|p1a: Zacian|Intrepid Sword|boost
|-boost|p1a: Zacian|atk|1
|
|upkeep
|turn|14
|inactive|Monsterapper has 120 seconds left.
|
|t:|1650854199
|move|p1a: Zacian|Play Rough|p2a: Marshadow
|-supereffective|p2a: Marshadow
|-crit|p2a: Marshadow
|-damage|p2a: Marshadow|0 fnt
|faint|p2a: Marshadow
|
|upkeep
|
|t:|1650854202
|switch|p2a: MY LIL PONY|Calyrex-Shadow|100/100
|-ability|p2a: MY LIL PONY|As One
|-ability|p2a: MY LIL PONY|Unnerve
|turn|15
|
|t:|1650854214
|move|p2a: MY LIL PONY|Astral Barrage|p1a: Zacian
|-damage|p1a: Zacian|29/100
|move|p1a: Zacian|Behemoth Blade|p2a: MY LIL PONY
|-enditem|p2a: MY LIL PONY|Focus Sash
|-damage|p2a: MY LIL PONY|1/100
|
|upkeep
|turn|16
|
|t:|1650854226
|switch|p1a: Chansey|Chansey, F, shiny|24/100
|-damage|p1a: Chansey|12/100|[from] Stealth Rock
|move|p2a: MY LIL PONY|Astral Barrage|p1a: Chansey
|-immune|p1a: Chansey
|
|upkeep
|turn|17
|
|t:|1650854233
|move|p2a: MY LIL PONY|Psyshock|p1a: Chansey
|-damage|p1a: Chansey|0 fnt
|faint|p1a: Chansey
|-ability|p2a: MY LIL PONY|Grim Neigh|boost
|-boost|p2a: MY LIL PONY|spa|1
|
|upkeep
|
|t:|1650854242
|switch|p1a: Calyrex|Calyrex-Shadow|100/100
|-ability|p1a: Calyrex|As One
|-ability|p1a: Calyrex|Unnerve
|-damage|p1a: Calyrex|88/100|[from] Stealth Rock
|turn|18
|
|t:|1650854250
|move|p1a: Calyrex|Astral Barrage|p2a: MY LIL PONY
|-supereffective|p2a: MY LIL PONY
|-damage|p2a: MY LIL PONY|0 fnt
|faint|p2a: MY LIL PONY
|-ability|p1a: Calyrex|Grim Neigh|boost
|-boost|p1a: Calyrex|spa|1
|
|upkeep
|
|t:|1650854252
|switch|p2a: Xerneas|Xerneas|100/100
|-ability|p2a: Xerneas|Fairy Aura
|turn|19
|
|t:|1650854262
|move|p1a: Calyrex|Astral Barrage|p2a: Xerneas
|-damage|p2a: Xerneas|12/100
|move|p2a: Xerneas|Geomancy||[still]
|-prepare|p2a: Xerneas|Geomancy
|-enditem|p2a: Xerneas|Power Herb
|-anim|p2a: Xerneas|Geomancy|p2a: Xerneas
|-boost|p2a: Xerneas|spa|2
|-boost|p2a: Xerneas|spd|2
|-boost|p2a: Xerneas|spe|2
|
|upkeep
|turn|20
|
|t:|1650854270
|move|p1a: Calyrex|Astral Barrage|p2a: Xerneas
|-damage|p2a: Xerneas|0 fnt
|faint|p2a: Xerneas
|
|win|Monsterapper
|raw|Monsterapper's rating: 1553 &rarr; <strong>1579</strong><br />(+26 for winning)
|raw|Ahuehuehue's rating: 1669 &rarr; <strong>1643</strong><br />(-26 for losing)
|l|☆Ahuehuehue
