|j|☆alt1445645
|j|☆aseeasase
|t:|1659503398
|gametype|singles
|player|p1|alt1445645|265|1839
|player|p2|aseeasase|265|1754
|teamsize|p1|6
|teamsize|p2|6
|gen|8
|tier|[Gen 8] National Dex AG
|rated|
|rule|HP Percentage Mod: HP is shown in percentages
|rule|Endless Battle Clause: Forcing endless battles is banned
|clearpoke
|poke|p1|Arceus-*|
|poke|p1|Groudon|
|poke|p1|Zacian-*|
|poke|p1|Rayquaza|
|poke|p1|Calyrex-Shadow|
|poke|p1|Yveltal|
|poke|p2|Deoxys-Speed|
|poke|p2|Arceus-*|
|poke|p2|Arceus-*|
|poke|p2|Arceus-*|
|poke|p2|Arceus-*|
|poke|p2|Arceus-*|
|teampreview
|
|t:|1659503413
|start
|switch|p1a: Arceus|Arceus|100/100
|switch|p2a: Deoxys|Deoxys-Speed|100/100
|-ability|p2a: Deoxys|Pressure
|turn|1
|
|t:|1659503420
|move|p2a: Deoxys|Taunt|p1a: Arceus
|-start|p1a: Arceus|move: Taunt
|cant|p1a: Arceus|move: Taunt|Defog
|
|upkeep
|turn|2
|
|t:|1659503429
|move|p2a: Deoxys|Reflect|p2a: Deoxys
|-sidestart|p2: aseeasase|Reflect
|move|p1a: Arceus|Shadow Claw|p2a: Deoxys
|-supereffective|p2a: Deoxys
|-damage|p2a: Deoxys|67/100
|
|upkeep
|turn|3
|
|t:|1659503434
|move|p2a: Deoxys|Stealth Rock|p1a: Arceus
|-sidestart|p1: alt1445645|move: Stealth Rock
|move|p1a: Arceus|Shadow Claw|p2a: Deoxys
|-supereffective|p2a: Deoxys
|-damage|p2a: Deoxys|39/100
|
|-end|p1a: Arceus|move: Taunt
|upkeep
|turn|4
|
|t:|1659503440
|move|p1a: Arceus|Extreme Speed|p2a: Deoxys
|-damage|p2a: Deoxys|13/100
|move|p2a: Deoxys|Taunt|p1a: Arceus
|-start|p1a: Arceus|move: Taunt
|
|upkeep
|turn|5
|
|t:|1659503449
|switch|p2a: Arceus|Arceus-Steel|100/100
|move|p1a: Arceus|Extreme Speed|p2a: Arceus
|-resisted|p2a: Arceus
|-damage|p2a: Arceus|95/100
|
|upkeep
|turn|6
|
|t:|1659503452
|move|p2a: Arceus|Iron Defense|p2a: Arceus
|-boost|p2a: Arceus|def|2
|move|p1a: Arceus|Shadow Claw|p2a: Arceus
|-damage|p2a: Arceus|91/100
|
|upkeep
|turn|7
|
|t:|1659503458
|move|p2a: Arceus|Calm Mind|p2a: Arceus
|-boost|p2a: Arceus|spa|1
|-boost|p2a: Arceus|spd|1
|move|p1a: Arceus|Shadow Claw|p2a: Arceus
|-damage|p2a: Arceus|87/100
|
|-end|p1a: Arceus|move: Taunt
|upkeep
|turn|8
|
|t:|1659503461
|move|p2a: Arceus|Iron Defense|p2a: Arceus
|-boost|p2a: Arceus|def|2
|move|p1a: Arceus|Defog|p2a: Arceus
|-unboost|p2a: Arceus|evasion|1
|-sideend|p2: aseeasase|Reflect
|-sideend|p1: alt1445645|Stealth Rock|[from] move: Defog|[of] p1a: Arceus
|
|upkeep
|turn|9
|
|t:|1659503466
|switch|p1a: Calyrex|Calyrex-Shadow|100/100
|-ability|p1a: Calyrex|As One
|-ability|p1a: Calyrex|Unnerve
|move|p2a: Arceus|Calm Mind|p2a: Arceus
|-boost|p2a: Arceus|spa|1
|-boost|p2a: Arceus|spd|1
|
|upkeep
|turn|10
|
|t:|1659503472
|-start|p1a: Calyrex|Dynamax|
|-heal|p1a: Calyrex|100/100|[silent]
|move|p1a: Calyrex|Max Phantasm|p2a: Arceus
|-damage|p2a: Arceus|61/100
|-unboost|p2a: Arceus|def|1
|move|p2a: Arceus|Judgment|p1a: Calyrex
|-damage|p1a: Calyrex|55/100
|
|upkeep
|turn|11
|
|t:|1659503477
|-start|p2a: Arceus|Dynamax|
|-heal|p2a: Arceus|61/100|[silent]
|move|p1a: Calyrex|Max Phantasm|p2a: Arceus
|-damage|p2a: Arceus|48/100
|-unboost|p2a: Arceus|def|1
|move|p2a: Arceus|Max Steelspike|p1a: Calyrex
|-damage|p1a: Calyrex|0 fnt
|-boost|p2a: Arceus|def|1
|faint|p1a: Calyrex
|
|upkeep
|
|t:|1659503489
|switch|p1a: Rayquaza|Rayquaza|100/100
|-ability|p1a: Rayquaza|Air Lock
|turn|12
|
|t:|1659503492
|detailschange|p1a: Rayquaza|Rayquaza-Mega
|-mega|p1a: Rayquaza|Rayquaza|
|-weather|DeltaStream|[from] ability: Delta Stream|[of] p1a: Rayquaza
|move|p1a: Rayquaza|Dragon Dance|p1a: Rayquaza
|-boost|p1a: Rayquaza|atk|1
|-boost|p1a: Rayquaza|spe|1
|move|p2a: Arceus|Max Steelspike|p1a: Rayquaza
|-enditem|p1a: Rayquaza|Focus Sash
|-damage|p1a: Rayquaza|1/100
|-boost|p2a: Arceus|def|1
|
|-weather|DeltaStream|[upkeep]
|upkeep
|turn|13
|
|t:|1659503497
|move|p1a: Rayquaza|Earthquake|p2a: Arceus
|-supereffective|p2a: Arceus
|-damage|p2a: Arceus|32/100
|move|p2a: Arceus|Max Steelspike|p1a: Rayquaza
|-damage|p1a: Rayquaza|0 fnt
|-boost|p2a: Arceus|def|1
|faint|p1a: Rayquaza
|-weather|none
|
|upkeep
|
|t:|1659503505
|switch|p1a: Yveltal|Yveltal|100/100
|-ability|p1a: Yveltal|Dark Aura
|-end|p2a: Arceus|Dynamax
|-heal|p2a: Arceus|32/100|[silent]
|turn|14
|
|t:|1659503512
|move|p1a: Yveltal|Heat Wave|p2a: Arceus
|-supereffective|p2a: Arceus
|-damage|p2a: Arceus|4/100
|-damage|p1a: Yveltal|91/100|[from] item: Life Orb
|move|p2a: Arceus|Recover|p2a: Arceus
|-heal|p2a: Arceus|54/100
|
|upkeep
|turn|15
|
|t:|1659503517
|move|p1a: Yveltal|Heat Wave|p2a: Arceus
|-supereffective|p2a: Arceus
|-damage|p2a: Arceus|27/100
|-damage|p1a: Yveltal|81/100|[from] item: Life Orb
|move|p2a: Arceus|Recover|p2a: Arceus
|-heal|p2a: Arceus|77/100
|
|upkeep
|turn|16
|
|t:|1659503520
|move|p1a: Yveltal|Heat Wave|p2a: Arceus
|-supereffective|p2a: Arceus
|-damage|p2a: Arceus|52/100
|-damage|p1a: Yveltal|71/100|[from] item: Life Orb
|move|p2a: Arceus|Recover|p2a: Arceus
|-heal|p2a: Arceus|100/100
|
|upkeep
|turn|17
|
|t:|1659503526
|switch|p1a: Zacian|Zacian-Crowned|100/100
|-ability|p1a: Zacian|Intrepid Sword|boost
|-boost|p1a: Zacian|atk|1
|move|p2a: Arceus|Calm Mind|p2a: Arceus
|-boost|p2a: Arceus|spa|1
|-boost|p2a: Arceus|spd|1
|
|upkeep
|turn|18
|
|t:|1659503529
|move|p1a: Zacian|Close Combat|p2a: Arceus
|-supereffective|p2a: Arceus
|-damage|p2a: Arceus|74/100
|-unboost|p1a: Zacian|def|1
|-unboost|p1a: Zacian|spd|1
|move|p2a: Arceus|Judgment|p1a: Zacian
|-damage|p1a: Zacian|0 fnt
|faint|p1a: Zacian
|
|upkeep
|-message|alt1445645 forfeited.
|
|win|aseeasase
|raw|alt1445645's rating: 1839 &rarr; <strong>1814</strong><br />(-25 for losing)
|raw|aseeasase's rating: 1754 &rarr; <strong>1779</strong><br />(+25 for winning)
|l|☆alt1445645
