|j|☆kerrozxl-
|j|☆Lance's Time
|t:|1658648566
|gametype|singles
|player|p1|kerrozxl-|unknownf|1707
|player|p2|Lance's Time|lance-gen2|1913
|teamsize|p1|6
|teamsize|p2|6
|gen|8
|tier|[Gen 8] National Dex AG
|rated|
|rule|HP Percentage Mod: HP is shown in percentages
|rule|Endless Battle Clause: Forcing endless battles is banned
|clearpoke
|poke|p1|Rayquaza|
|poke|p1|Groudon|
|poke|p1|Necrozma-Dusk-Mane|
|poke|p1|Marshadow|
|poke|p1|Yveltal|
|poke|p1|Xerneas-*|
|poke|p2|Rayquaza|
|poke|p2|Necrozma-Dusk-Mane|
|poke|p2|Ho-Oh|
|poke|p2|Zygarde|
|poke|p2|Chansey, F|
|poke|p2|Tyranitar, F|
|teampreview
|inactive|Battle timer is ON: inactive players will automatically lose when time's up. (requested by Lance's Time)
|
|t:|1658648588
|start
|switch|p1a: Rayquaza|Rayquaza, shiny|100/100
|switch|p2a: Ho-Oh|Ho-Oh|100/100
|-ability|p1a: Rayquaza|Air Lock
|turn|1
|
|t:|1658648604
|detailschange|p1a: Rayquaza|Rayquaza-Mega, shiny
|-mega|p1a: Rayquaza|Rayquaza|
|-weather|DeltaStream|[from] ability: Delta Stream|[of] p1a: Rayquaza
|move|p1a: Rayquaza|Dragon Ascent|p2a: Ho-Oh
|-damage|p2a: Ho-Oh|21/100
|-unboost|p1a: Rayquaza|def|1
|-unboost|p1a: Rayquaza|spd|1
|move|p2a: Ho-Oh|Sacred Fire|p1a: Rayquaza
|-resisted|p1a: Rayquaza
|-damage|p1a: Rayquaza|71/100
|-status|p1a: Rayquaza|brn
|
|-weather|DeltaStream|[upkeep]
|-damage|p1a: Rayquaza|65/100 brn|[from] brn
|upkeep
|turn|2
|
|t:|1658648614
|switch|p2a: Zygarde|Zygarde|100/100
|move|p1a: Rayquaza|Dragon Ascent|p2a: Zygarde
|-damage|p2a: Zygarde|65/100
|-unboost|p1a: Rayquaza|def|1
|-unboost|p1a: Rayquaza|spd|1
|
|-weather|DeltaStream|[upkeep]
|-heal|p2a: Zygarde|71/100|[from] item: Leftovers
|-damage|p1a: Rayquaza|59/100 brn|[from] brn
|upkeep
|turn|3
|
|t:|1658648620
|switch|p2a: Ho-Oh|Ho-Oh|54/100
|move|p1a: Rayquaza|Dragon Ascent|p2a: Ho-Oh
|-damage|p2a: Ho-Oh|11/100
|-unboost|p1a: Rayquaza|def|1
|-unboost|p1a: Rayquaza|spd|1
|
|-weather|DeltaStream|[upkeep]
|-damage|p1a: Rayquaza|53/100 brn|[from] brn
|upkeep
|turn|4
|
|t:|1658648623
|switch|p2a: Zygarde|Zygarde|71/100
|move|p1a: Rayquaza|Dragon Ascent|p2a: Zygarde
|-damage|p2a: Zygarde|34/100
|-unboost|p1a: Rayquaza|def|1
|-unboost|p1a: Rayquaza|spd|1
|
|-weather|DeltaStream|[upkeep]
|-heal|p2a: Zygarde|40/100|[from] item: Leftovers
|-damage|p1a: Rayquaza|47/100 brn|[from] brn
|-activate|p2a: Zygarde|ability: Power Construct
|detailschange|p2a: Zygarde|Zygarde-Complete
|-heal|p2a: Zygarde|61/100|[silent]
|upkeep
|turn|5
|
|t:|1658648627
|switch|p2a: Necrozma|Necrozma-Dusk-Mane|100/100
|move|p1a: Rayquaza|Dragon Ascent|p2a: Necrozma
|-resisted|p2a: Necrozma
|-damage|p2a: Necrozma|82/100
|-unboost|p1a: Rayquaza|def|1
|-unboost|p1a: Rayquaza|spd|1
|-damage|p1a: Rayquaza|30/100 brn|[from] item: Rocky Helmet|[of] p2a: Necrozma
|
|-weather|DeltaStream|[upkeep]
|-damage|p1a: Rayquaza|24/100 brn|[from] brn
|upkeep
|turn|6
|
|t:|1658648633
|move|p1a: Rayquaza|Dragon Ascent|p2a: Necrozma
|-resisted|p2a: Necrozma
|-damage|p2a: Necrozma|65/100
|-unboost|p1a: Rayquaza|def|1
|-unboost|p1a: Rayquaza|spd|1
|-damage|p1a: Rayquaza|8/100 brn|[from] item: Rocky Helmet|[of] p2a: Necrozma
|move|p2a: Necrozma|Morning Sun|p2a: Necrozma
|-heal|p2a: Necrozma|100/100
|
|-weather|DeltaStream|[upkeep]
|-damage|p1a: Rayquaza|2/100 brn|[from] brn
|upkeep
|turn|7
|
|t:|1658648637
|switch|p2a: Ho-Oh|Ho-Oh|44/100
|move|p1a: Rayquaza|Dragon Ascent|p2a: Ho-Oh
|-damage|p2a: Ho-Oh|3/100
|
|-weather|DeltaStream|[upkeep]
|-damage|p1a: Rayquaza|0 fnt|[from] brn
|faint|p1a: Rayquaza
|-weather|none
|upkeep
|
|t:|1658648639
|switch|p1a: Xerneas|Xerneas|100/100
|-ability|p1a: Xerneas|Fairy Aura
|turn|8
|
|t:|1658648642
|move|p1a: Xerneas|Moonblast|p2a: Ho-Oh
|-resisted|p2a: Ho-Oh
|-damage|p2a: Ho-Oh|0 fnt
|faint|p2a: Ho-Oh
|
|upkeep
|
|t:|1658648644
|switch|p2a: Rayquaza|Rayquaza|100/100
|-ability|p2a: Rayquaza|Air Lock
|turn|9
|
|t:|1658648651
|detailschange|p2a: Rayquaza|Rayquaza-Mega
|-mega|p2a: Rayquaza|Rayquaza|
|-weather|DeltaStream|[from] ability: Delta Stream|[of] p2a: Rayquaza
|-start|p1a: Xerneas|Dynamax|
|-heal|p1a: Xerneas|100/100|[silent]
|move|p2a: Rayquaza|V-create|p1a: Xerneas
|-crit|p1a: Xerneas
|-damage|p1a: Xerneas|24/100
|-unboost|p2a: Rayquaza|spe|1
|-unboost|p2a: Rayquaza|def|1
|-unboost|p2a: Rayquaza|spd|1
|move|p1a: Xerneas|Max Starfall|p2a: Rayquaza
|-supereffective|p2a: Rayquaza
|-damage|p2a: Rayquaza|0 fnt
|-fieldstart|move: Misty Terrain
|faint|p2a: Rayquaza
|-weather|none
|
|upkeep
|
|t:|1658648662
|switch|p2a: Necrozma|Necrozma-Dusk-Mane|100/100
|turn|10
|
|t:|1658648683
|-start|p2a: Necrozma|Dynamax|
|-heal|p2a: Necrozma|100/100|[silent]
|move|p1a: Xerneas|Max Flare|p2a: Necrozma
|-supereffective|p2a: Necrozma
|-damage|p2a: Necrozma|75/100
|-weather|SunnyDay
|move|p2a: Necrozma|Max Steelspike|p1a: Xerneas
|-supereffective|p1a: Xerneas
|-damage|p1a: Xerneas|0 fnt
|-boost|p2a: Necrozma|def|1
|faint|p1a: Xerneas
|
|-weather|SunnyDay|[upkeep]
|upkeep
|
|t:|1658648686
|switch|p1a: Yveltal|Yveltal|100/100
|-ability|p1a: Yveltal|Dark Aura
|turn|11
|
|t:|1658648701
|-end|p2a: Necrozma|Dynamax
|-heal|p2a: Necrozma|76/100|[silent]
|switch|p2a: Tyranitar|Tyranitar, F|100/100
|-weather|Sandstorm|[from] ability: Sand Stream|[of] p2a: Tyranitar
|move|p1a: Yveltal|Knock Off|p2a: Tyranitar
|-resisted|p2a: Tyranitar
|-damage|p2a: Tyranitar|78/100
|-enditem|p2a: Tyranitar|Leftovers|[from] move: Knock Off|[of] p1a: Yveltal
|
|-weather|Sandstorm|[upkeep]
|-damage|p1a: Yveltal|94/100|[from] Sandstorm
|upkeep
|turn|12
|
|t:|1658648714
|switch|p1a: Necrozma|Necrozma-Dusk-Mane|100/100
|move|p2a: Tyranitar|Rock Blast|p1a: Necrozma
|-resisted|p1a: Necrozma
|-damage|p1a: Necrozma|96/100
|-resisted|p1a: Necrozma
|-crit|p1a: Necrozma
|-damage|p1a: Necrozma|89/100
|-resisted|p1a: Necrozma
|-damage|p1a: Necrozma|85/100
|-hitcount|p1a: Necrozma|3
|
|-weather|Sandstorm|[upkeep]
|upkeep
|turn|13
|
|t:|1658648717
|switch|p2a: Zygarde|Zygarde-Complete|61/100
|move|p1a: Necrozma|Dragon Dance|p1a: Necrozma
|-boost|p1a: Necrozma|atk|1
|-boost|p1a: Necrozma|spe|1
|
|-weather|Sandstorm|[upkeep]
|-heal|p2a: Zygarde|67/100|[from] item: Leftovers
|-fieldend|Misty Terrain
|upkeep
|turn|14
|
|t:|1658648720
|detailschange|p1a: Necrozma|Necrozma-Ultra
|-burst|p1a: Necrozma|Necrozma|Ultranecrozium Z
|move|p1a: Necrozma|Dragon Dance|p1a: Necrozma
|-boost|p1a: Necrozma|atk|1
|-boost|p1a: Necrozma|spe|1
|move|p2a: Zygarde|Coil|p2a: Zygarde
|-boost|p2a: Zygarde|atk|1
|-boost|p2a: Zygarde|def|1
|-boost|p2a: Zygarde|accuracy|1
|
|-weather|Sandstorm|[upkeep]
|-damage|p1a: Necrozma|79/100|[from] Sandstorm
|-heal|p2a: Zygarde|73/100|[from] item: Leftovers
|upkeep
|turn|15
|
|t:|1658648726
|-zpower|p1a: Necrozma
|move|p1a: Necrozma|Light That Burns the Sky|p2a: Zygarde|[zeffect]
|-damage|p2a: Zygarde|5/100
|move|p2a: Zygarde|Glare|p1a: Necrozma
|-status|p1a: Necrozma|par
|
|-weather|none
|-heal|p2a: Zygarde|11/100|[from] item: Leftovers
|upkeep
|turn|16
|
|t:|1658648734
|move|p1a: Necrozma|Photon Geyser|p2a: Zygarde
|-damage|p2a: Zygarde|0 fnt
|faint|p2a: Zygarde
|
|upkeep
|c|☆Lance's Time|fucking ps
|c|☆Lance's Time|[Invalid choice] There's nothing to cancel
|c|☆Lance's Time|niceeee
|
|t:|1658648746
|switch|p2a: Tyranitar|Tyranitar, F|78/100
|-weather|Sandstorm|[from] ability: Sand Stream|[of] p2a: Tyranitar
|turn|17
|
|t:|1658648753
|move|p1a: Necrozma|Earthquake|p2a: Tyranitar
|-supereffective|p2a: Tyranitar
|-damage|p2a: Tyranitar|0 fnt
|faint|p2a: Tyranitar
|
|-weather|Sandstorm|[upkeep]
|-damage|p1a: Necrozma|73/100 par|[from] Sandstorm
|upkeep
|c|☆Lance's Time|you just luck
|c|☆Lance's Time|lmao
|-message|Lance's Time forfeited.
|
|win|kerrozxl-
|raw|kerrozxl-'s rating: 1707 &rarr; <strong>1738</strong><br />(+31 for winning)
|raw|Lance&apos;s Time's rating: 1913 &rarr; <strong>1882</strong><br />(-31 for losing)
|l|☆Lance's Time
|c|☆kerrozxl-|wat
|l|☆kerrozxl-
