|j|☆Ankit_Bharatula
|j|☆amandeep_daas
|t:|1627621350
|gametype|singles
|player|p1|Ankit_Bharatula|red|1429
|player|p2|amandeep_daas|hilbert|1305
|teamsize|p1|6
|teamsize|p2|6
|gen|8
|tier|[Gen 8] National Dex AG
|rated|
|rule|HP Percentage Mod: HP is shown in percentages
|rule|Endless Battle Clause: Forcing endless battles is banned
|clearpoke
|poke|p1|Rayquaza|
|poke|p1|Calyrex-Shadow|
|poke|p1|Xerneas-*|
|poke|p1|Groudon|
|poke|p1|Shuckle, F|
|poke|p1|Zacian-*|
|poke|p2|Arceus-*|
|poke|p2|Blastoise, M|
|poke|p2|Cinderace, M|
|poke|p2|Darmanitan-Galar, F|
|poke|p2|Zacian-*|
|poke|p2|Calyrex-Shadow|
|teampreview
|inactive|Battle timer is ON: inactive players will automatically lose when time's up. (requested by Ankit_Bharatula)
|
|t:|1627621365
|start
|switch|p1a: Zacian|Zacian-Crowned|100/100
|switch|p2a: Arceus|Arceus|100/100
|-ability|p1a: Zacian|Intrepid Sword|boost
|-boost|p1a: Zacian|atk|1
|turn|1
|
|t:|1627621373
|move|p1a: Zacian|Swords Dance|p1a: Zacian
|-boost|p1a: Zacian|atk|2
|move|p2a: Arceus|Stealth Rock|p1a: Zacian
|-sidestart|p1: Ankit_Bharatula|move: Stealth Rock
|
|upkeep
|turn|2
|
|t:|1627621381
|move|p2a: Arceus|Extreme Speed|p1a: Zacian
|-resisted|p1a: Zacian
|-damage|p1a: Zacian|88/100
|move|p1a: Zacian|Sacred Sword|p2a: Arceus
|-supereffective|p2a: Arceus
|-damage|p2a: Arceus|0 fnt
|faint|p2a: Arceus
|
|upkeep
|
|t:|1627621395
|switch|p2a: Darmanitan|Darmanitan-Galar, F|100/100
|turn|3
|
|t:|1627621401
|move|p2a: Darmanitan|Flare Blitz|p1a: Zacian
|-supereffective|p1a: Zacian
|-damage|p1a: Zacian|0 fnt
|faint|p1a: Zacian
|-damage|p2a: Darmanitan|74/100|[from] Recoil
|
|upkeep
|
|t:|1627621410
|switch|p1a: Groudon|Groudon|100/100
|-damage|p1a: Groudon|94/100|[from] Stealth Rock
|detailschange|p1a: Groudon|Groudon-Primal
|-primal|p1a: Groudon
|-weather|DesolateLand|[from] ability: Desolate Land|[of] p1a: Groudon
|turn|4
|
|t:|1627621420
|switch|p2a: Blastoise|Blastoise, M|100/100
|move|p1a: Groudon|Precipice Blades|p2a: Blastoise
|-damage|p2a: Blastoise|20/100
|
|-weather|DesolateLand|[upkeep]
|upkeep
|turn|5
|
|t:|1627621431
|detailschange|p2a: Blastoise|Blastoise-Mega, M
|-mega|p2a: Blastoise|Blastoise|Blastoisinite
|move|p2a: Blastoise|Aura Sphere|p1a: Groudon
|-damage|p1a: Groudon|57/100
|move|p1a: Groudon|Precipice Blades|p2a: Blastoise
|-damage|p2a: Blastoise|0 fnt
|faint|p2a: Blastoise
|
|-weather|DesolateLand|[upkeep]
|upkeep
|
|t:|1627621442
|switch|p2a: Calyrex|Calyrex-Shadow|100/100
|-ability|p2a: Calyrex|As One
|-ability|p2a: Calyrex|Unnerve
|turn|6
|
|t:|1627621448
|move|p2a: Calyrex|Pollen Puff|p1a: Groudon
|-resisted|p1a: Groudon
|-damage|p1a: Groudon|35/100
|-damage|p2a: Calyrex|91/100|[from] item: Life Orb
|move|p1a: Groudon|Precipice Blades|p2a: Calyrex
|-damage|p2a: Calyrex|4/100
|
|-weather|DesolateLand|[upkeep]
|upkeep
|turn|7
|
|t:|1627621460
|move|p2a: Calyrex|Astral Barrage|p1a: Groudon
|-crit|p1a: Groudon
|-damage|p1a: Groudon|0 fnt
|faint|p1a: Groudon
|-weather|none
|-ability|p2a: Calyrex|Grim Neigh|boost
|-boost|p2a: Calyrex|spa|1
|-damage|p2a: Calyrex|0 fnt|[from] item: Life Orb
|faint|p2a: Calyrex
|
|upkeep
|
|t:|1627621474
|switch|p2a: Cinderace|Cinderace, M|100/100
|switch|p1a: Calyrex|Calyrex-Shadow|100/100
|-ability|p1a: Calyrex|As One
|-ability|p1a: Calyrex|Unnerve
|-damage|p1a: Calyrex|88/100|[from] Stealth Rock
|turn|8
|
|t:|1627621493
|-start|p2a: Cinderace|Dynamax
|-heal|p2a: Cinderace|100/100|[silent]
|move|p1a: Calyrex|Astral Barrage|p2a: Cinderace
|-damage|p2a: Cinderace|44/100
|move|p2a: Cinderace|Max Airstream|p1a: Calyrex
|-start|p2a: Cinderace|typechange|Flying|[from] ability: Libero
|-damage|p1a: Calyrex|0 fnt
|-boost|p2a: Cinderace|spe|1
|faint|p1a: Calyrex
|-damage|p2a: Cinderace|39/100|[from] item: Life Orb
|
|upkeep
|
|t:|1627621509
|switch|p1a: Shuckle|Shuckle, F|100/100
|-damage|p1a: Shuckle|76/100|[from] Stealth Rock
|turn|9
|
|t:|1627621514
|move|p2a: Cinderace|Max Flare|p1a: Shuckle
|-start|p2a: Cinderace|typechange|Fire|[from] ability: Libero
|-damage|p1a: Shuckle|0 fnt
|-weather|SunnyDay
|faint|p1a: Shuckle
|-damage|p2a: Cinderace|34/100|[from] item: Life Orb
|
|-weather|SunnyDay|[upkeep]
|upkeep
|
|t:|1627621523
|switch|p1a: Xerneas|Xerneas|100/100
|-damage|p1a: Xerneas|88/100|[from] Stealth Rock
|-ability|p1a: Xerneas|Fairy Aura
|turn|10
|
|t:|1627621530
|move|p2a: Cinderace|Max Flare|p1a: Xerneas
|-damage|p1a: Xerneas|0 fnt
|faint|p1a: Xerneas
|-damage|p2a: Cinderace|29/100|[from] item: Life Orb
|
|-weather|SunnyDay|[upkeep]
|-end|p2a: Cinderace|Dynamax
|-heal|p2a: Cinderace|29/100|[silent]
|upkeep
|
|t:|1627621539
|switch|p1a: Rayquaza|Rayquaza|100/100
|-damage|p1a: Rayquaza|76/100|[from] Stealth Rock
|-ability|p1a: Rayquaza|Air Lock
|turn|11
|
|t:|1627621549
|detailschange|p1a: Rayquaza|Rayquaza-Mega
|-mega|p1a: Rayquaza|Rayquaza|
|-weather|DeltaStream|[from] ability: Delta Stream|[of] p1a: Rayquaza
|move|p2a: Cinderace|Sucker Punch|p1a: Rayquaza
|-start|p2a: Cinderace|typechange|Dark|[from] ability: Libero
|-damage|p1a: Rayquaza|30/100
|-damage|p2a: Cinderace|19/100|[from] item: Life Orb
|move|p1a: Rayquaza|Dragon Ascent|p2a: Cinderace
|-damage|p2a: Cinderace|0 fnt
|-unboost|p1a: Rayquaza|def|1
|-unboost|p1a: Rayquaza|spd|1
|faint|p2a: Cinderace
|
|-weather|DeltaStream|[upkeep]
|upkeep
|
|t:|1627621564
|switch|p2a: Zacian|Zacian-Crowned|100/100
|-ability|p2a: Zacian|Intrepid Sword|boost
|-boost|p2a: Zacian|atk|1
|turn|12
|
|t:|1627621570
|move|p1a: Rayquaza|Dragon Ascent|p2a: Zacian
|-resisted|p2a: Zacian
|-damage|p2a: Zacian|61/100
|-unboost|p1a: Rayquaza|def|1
|-unboost|p1a: Rayquaza|spd|1
|move|p2a: Zacian|Play Rough|p1a: Rayquaza
|-supereffective|p1a: Rayquaza
|-damage|p1a: Rayquaza|0 fnt
|faint|p1a: Rayquaza
|-weather|none
|
|win|amandeep_daas
|raw|Ankit_Bharatula's rating: 1429 &rarr; <strong>1402</strong><br />(-27 for losing)
|raw|amandeep_daas's rating: 1305 &rarr; <strong>1332</strong><br />(+27 for winning)
|l|☆Ankit_Bharatula
