|j|☆kerrozxl-
|j|☆Snake of the Moon
|t:|1661721052
|gametype|singles
|player|p1|kerrozxl-|unknownf|1698
|player|p2|Snake of the Moon|lance-masters|1859
|teamsize|p1|6
|teamsize|p2|6
|gen|8
|tier|[Gen 8] National Dex AG
|rated|
|rule|HP Percentage Mod: HP is shown in percentages
|rule|Endless Battle Clause: Forcing endless battles is banned
|clearpoke
|poke|p1|Rayquaza|
|poke|p1|Groudon|
|poke|p1|Necrozma-Dusk-Mane|
|poke|p1|Marshadow|
|poke|p1|Yveltal|
|poke|p1|Xerneas-*|
|poke|p2|Ho-Oh|
|poke|p2|Necrozma-Dusk-Mane|
|poke|p2|Chansey, F|
|poke|p2|Zygarde|
|poke|p2|Lugia|
|poke|p2|Arceus-*|
|teampreview
|inactive|Battle timer is ON: inactive players will automatically lose when time's up. (requested by Snake of the Moon)
|inactive|Snake of the Moon has 120 seconds left.
|inactive|Snake of the Moon has 90 seconds left.
|inactive|Snake of the Moon has 60 seconds left.
|
|t:|1661721155
|start
|switch|p1a: Rayquaza|Rayquaza, shiny|100/100
|switch|p2a: Lugia|Lugia|100/100
|-ability|p1a: Rayquaza|Air Lock
|turn|1
|j| scrubbing floors
|
|t:|1661721162
|detailschange|p1a: Rayquaza|Rayquaza-Mega, shiny
|-mega|p1a: Rayquaza|Rayquaza|
|-weather|DeltaStream|[from] ability: Delta Stream|[of] p1a: Rayquaza
|move|p1a: Rayquaza|Dragon Ascent|p2a: Lugia
|-damage|p2a: Lugia|69/100
|-unboost|p1a: Rayquaza|def|1
|-unboost|p1a: Rayquaza|spd|1
|move|p2a: Lugia|Recover|p2a: Lugia
|-heal|p2a: Lugia|100/100
|
|-weather|DeltaStream|[upkeep]
|upkeep
|turn|2
|
|t:|1661721168
|switch|p2a: Necrozma|Necrozma-Dusk-Mane|100/100
|move|p1a: Rayquaza|Dragon Ascent|p2a: Necrozma
|-resisted|p2a: Necrozma
|-damage|p2a: Necrozma|66/100
|-unboost|p1a: Rayquaza|def|1
|-unboost|p1a: Rayquaza|spd|1
|-damage|p1a: Rayquaza|84/100|[from] item: Rocky Helmet|[of] p2a: Necrozma
|
|-weather|DeltaStream|[upkeep]
|upkeep
|turn|3
|
|t:|1661721177
|move|p1a: Rayquaza|Dragon Ascent|p2a: Necrozma
|-resisted|p2a: Necrozma
|-damage|p2a: Necrozma|34/100
|-unboost|p1a: Rayquaza|def|1
|-unboost|p1a: Rayquaza|spd|1
|-damage|p1a: Rayquaza|67/100|[from] item: Rocky Helmet|[of] p2a: Necrozma
|move|p2a: Necrozma|Stealth Rock|p1a: Rayquaza
|-sidestart|p1: kerrozxl-|move: Stealth Rock
|
|-weather|DeltaStream|[upkeep]
|upkeep
|turn|4
|
|t:|1661721184
|-start|p2a: Necrozma|Dynamax|
|-heal|p2a: Necrozma|34/100|[silent]
|move|p1a: Rayquaza|Dragon Ascent|p2a: Necrozma
|-resisted|p2a: Necrozma
|-damage|p2a: Necrozma|18/100
|-unboost|p1a: Rayquaza|def|1
|-unboost|p1a: Rayquaza|spd|1
|-damage|p1a: Rayquaza|51/100|[from] item: Rocky Helmet|[of] p2a: Necrozma
|move|p2a: Necrozma|Max Steelspike|p1a: Rayquaza
|-damage|p1a: Rayquaza|0 fnt
|-boost|p2a: Necrozma|def|1
|faint|p1a: Rayquaza
|-weather|none
|
|upkeep
|
|t:|1661721186
|switch|p1a: Yveltal|Yveltal, shiny|100/100
|-ability|p1a: Yveltal|Dark Aura
|turn|5
|
|t:|1661721199
|move|p1a: Yveltal|Knock Off|p2a: Necrozma
|-supereffective|p2a: Necrozma
|-damage|p2a: Necrozma|2/100
|-damage|p1a: Yveltal|84/100|[from] item: Rocky Helmet|[of] p2a: Necrozma
|-enditem|p2a: Necrozma|Rocky Helmet|[from] move: Knock Off|[of] p1a: Yveltal
|move|p2a: Necrozma|Max Steelspike|p1a: Yveltal
|-damage|p1a: Yveltal|25/100
|-boost|p2a: Necrozma|def|1
|
|upkeep
|turn|6
|
|t:|1661721210
|move|p1a: Yveltal|Knock Off|p2a: Necrozma
|-supereffective|p2a: Necrozma
|-damage|p2a: Necrozma|0 fnt
|faint|p2a: Necrozma
|
|upkeep
|inactive|Snake of the Moon has 120 seconds left.
|
|t:|1661721249
|switch|p2a: Lugia|Lugia|100/100
|turn|7
|
|t:|1661721256
|move|p1a: Yveltal|Defog|p2a: Lugia
|-unboost|p2a: Lugia|evasion|1
|-sideend|p1: kerrozxl-|Stealth Rock|[from] move: Defog|[of] p1a: Yveltal
|move|p2a: Lugia|Toxic|p1a: Yveltal
|-status|p1a: Yveltal|tox
|
|-damage|p1a: Yveltal|19/100 tox|[from] psn
|upkeep
|turn|8
|inactive|Snake of the Moon has 120 seconds left.
|
|t:|1661721271
|switch|p2a: Arceus|Arceus-Dark|100/100
|move|p1a: Yveltal|Knock Off|p2a: Arceus
|-resisted|p2a: Arceus
|-damage|p2a: Arceus|89/100
|
|-damage|p1a: Yveltal|7/100 tox|[from] psn
|upkeep
|turn|9
|
|t:|1661721275
|switch|p1a: Groudon|Groudon, shiny|100/100
|detailschange|p1a: Groudon|Groudon-Primal, shiny
|-primal|p1a: Groudon
|-weather|DesolateLand|[from] ability: Desolate Land|[of] p1a: Groudon
|move|p2a: Arceus|Recover|p2a: Arceus
|-heal|p2a: Arceus|100/100
|
|-weather|DesolateLand|[upkeep]
|upkeep
|turn|10
|inactive|Snake of the Moon has 120 seconds left.
|
|t:|1661721301
|switch|p2a: Zygarde|Zygarde|100/100
|move|p1a: Groudon|Precipice Blades|p2a: Zygarde
|-damage|p2a: Zygarde|67/100
|
|-weather|DesolateLand|[upkeep]
|upkeep
|turn|11
|
|t:|1661721329
|-weather|none
|switch|p1a: Yveltal|Yveltal, shiny|7/100 tox
|-ability|p1a: Yveltal|Dark Aura
|move|p2a: Zygarde|Thousand Arrows|p1a: Yveltal
|-damage|p1a: Yveltal|0 fnt
|faint|p1a: Yveltal
|
|upkeep
|
|t:|1661721334
|switch|p1a: Xerneas|Xerneas, shiny|100/100
|-ability|p1a: Xerneas|Fairy Aura
|turn|12
|
|t:|1661721338
|switch|p2a: Chansey|Chansey, F|100/100
|move|p1a: Xerneas|Moonblast|p2a: Chansey
|-damage|p2a: Chansey|82/100
|
|upkeep
|turn|13
|
|t:|1661721342
|switch|p1a: Necrozma|Necrozma-Dusk-Mane|100/100
|switch|p2a: Ho-Oh|Ho-Oh|100/100
|
|upkeep
|turn|14
|
|t:|1661721357
|move|p1a: Necrozma|Stone Edge|p2a: Ho-Oh|[miss]
|-miss|p1a: Necrozma|p2a: Ho-Oh
|move|p2a: Ho-Oh|Sacred Fire|p1a: Necrozma
|-supereffective|p1a: Necrozma
|-damage|p1a: Necrozma|42/100
|
|upkeep
|turn|15
|
|t:|1661721361
|switch|p2a: Zygarde|Zygarde|67/100
|move|p1a: Necrozma|Stone Edge|p2a: Zygarde|[miss]
|-miss|p1a: Necrozma|p2a: Zygarde
|
|upkeep
|turn|16
|
|t:|1661721363
|switch|p1a: Groudon|Groudon-Primal, shiny|100/100
|-weather|DesolateLand|[from] ability: Desolate Land|[of] p1a: Groudon
|move|p2a: Zygarde|Thousand Arrows|p1a: Groudon
|-supereffective|p1a: Groudon
|-damage|p1a: Groudon|67/100
|
|-weather|DesolateLand|[upkeep]
|upkeep
|turn|17
|
|t:|1661721368
|move|p2a: Zygarde|Thousand Arrows|p1a: Groudon
|-supereffective|p1a: Groudon
|-damage|p1a: Groudon|33/100
|move|p1a: Groudon|Stealth Rock|p2a: Zygarde
|-sidestart|p2: Snake of the Moon|move: Stealth Rock
|
|-weather|DesolateLand|[upkeep]
|upkeep
|turn|18
|inactive|kerrozxl- has 120 seconds left.
|
|t:|1661721419
|move|p2a: Zygarde|Thousand Arrows|p1a: Groudon
|-supereffective|p1a: Groudon
|-damage|p1a: Groudon|0 fnt
|faint|p1a: Groudon
|-weather|none
|
|upkeep
|inactive|kerrozxl- has 90 seconds left.
|
|t:|1661721447
|switch|p1a: Xerneas|Xerneas, shiny|100/100
|-ability|p1a: Xerneas|Fairy Aura
|turn|19
|
|t:|1661721456
|move|p1a: Xerneas|Geomancy||[still]
|-prepare|p1a: Xerneas|Geomancy
|-enditem|p1a: Xerneas|Power Herb
|-anim|p1a: Xerneas|Geomancy|p1a: Xerneas
|-boost|p1a: Xerneas|spa|2
|-boost|p1a: Xerneas|spd|2
|-boost|p1a: Xerneas|spe|2
|move|p2a: Zygarde|Haze|p2a: Zygarde
|-clearallboost
|
|upkeep
|turn|20
|
|t:|1661721461
|switch|p2a: Ho-Oh|Ho-Oh|100/100
|move|p1a: Xerneas|Moonblast|p2a: Ho-Oh
|-resisted|p2a: Ho-Oh
|-damage|p2a: Ho-Oh|82/100
|-unboost|p2a: Ho-Oh|spa|1
|
|upkeep
|turn|21
|
|t:|1661721463
|move|p1a: Xerneas|Thunder|p2a: Ho-Oh
|-supereffective|p2a: Ho-Oh
|-damage|p2a: Ho-Oh|36/100
|move|p2a: Ho-Oh|Defog|p1a: Xerneas
|-unboost|p1a: Xerneas|evasion|1
|-sideend|p2: Snake of the Moon|Stealth Rock|[from] move: Defog|[of] p2a: Ho-Oh
|
|upkeep
|turn|22
|
|t:|1661721470
|switch|p2a: Chansey|Chansey, F|82/100
|move|p1a: Xerneas|Thunder|p2a: Chansey
|-damage|p2a: Chansey|71/100
|-status|p2a: Chansey|par
|
|upkeep
|turn|23
|
|t:|1661721474
|switch|p1a: Necrozma|Necrozma-Dusk-Mane|42/100
|-curestatus|p2a: Chansey|par|[from] ability: Natural Cure
|switch|p2a: Ho-Oh|Ho-Oh|69/100
|
|upkeep
|turn|24
|
|t:|1661721479
|switch|p2a: Zygarde|Zygarde|67/100
|move|p1a: Necrozma|Stone Edge|p2a: Zygarde|[miss]
|-miss|p1a: Necrozma|p2a: Zygarde
|
|upkeep
|turn|25
|
|t:|1661721486
|switch|p1a: Xerneas|Xerneas, shiny|100/100
|-ability|p1a: Xerneas|Fairy Aura
|move|p2a: Zygarde|Thousand Arrows|p1a: Xerneas
|-damage|p1a: Xerneas|76/100
|
|upkeep
|turn|26
|
|t:|1661721494
|switch|p2a: Ho-Oh|Ho-Oh|100/100
|move|p1a: Xerneas|Moonblast|p2a: Ho-Oh
|-resisted|p2a: Ho-Oh
|-damage|p2a: Ho-Oh|82/100
|
|upkeep
|turn|27
|
|t:|1661721505
|move|p1a: Xerneas|Thunder|p2a: Ho-Oh
|-supereffective|p2a: Ho-Oh
|-damage|p2a: Ho-Oh|32/100
|-status|p2a: Ho-Oh|par
|move|p2a: Ho-Oh|Sacred Fire|p1a: Xerneas
|-damage|p1a: Xerneas|43/100
|
|upkeep
|turn|28
|inactive|kerrozxl- has 120 seconds left.
|
|t:|1661721537
|switch|p2a: Chansey|Chansey, F|71/100
|move|p1a: Xerneas|Thunder|p2a: Chansey
|-damage|p2a: Chansey|61/100
|-status|p2a: Chansey|par
|
|upkeep
|turn|29
|j| Toxic Ariados
|
|t:|1661721562
|move|p1a: Xerneas|Moonblast|p2a: Chansey
|-damage|p2a: Chansey|44/100 par
|move|p2a: Chansey|Aromatherapy|p2a: Chansey
|-activate|p2a: Chansey|move: Aromatherapy
|-curestatus|p2a: Chansey|par|[msg]
|-curestatus|p2: Ho-Oh|par|[msg]
|
|upkeep
|turn|30
|
|t:|1661721566
|move|p1a: Xerneas|Moonblast|p2a: Chansey
|-damage|p2a: Chansey|27/100
|-unboost|p2a: Chansey|spa|1
|move|p2a: Chansey|Soft-Boiled|p2a: Chansey
|-heal|p2a: Chansey|77/100
|
|upkeep
|turn|31
|
|t:|1661721584
|switch|p1a: Necrozma|Necrozma-Dusk-Mane|42/100
|move|p2a: Chansey|Seismic Toss|p1a: Necrozma
|-damage|p1a: Necrozma|12/100
|
|upkeep
|turn|32
|inactive|kerrozxl- has 120 seconds left.
|
|t:|1661721643
|switch|p1a: Marshadow|Marshadow|100/100
|switch|p2a: Zygarde|Zygarde|67/100
|
|upkeep
|turn|33
|
|t:|1661721647
|switch|p1a: Xerneas|Xerneas, shiny|43/100
|-ability|p1a: Xerneas|Fairy Aura
|move|p2a: Zygarde|Thousand Arrows|p1a: Xerneas
|-damage|p1a: Xerneas|18/100
|
|upkeep
|turn|34
|-message|kerrozxl- forfeited.
|
|win|Snake of the Moon
|raw|kerrozxl-'s rating: 1698 &rarr; <strong>1687</strong><br />(-11 for losing)
|raw|Snake of the Moon's rating: 1859 &rarr; <strong>1870</strong><br />(+11 for winning)
|l|☆kerrozxl-
|l| Toxic Ariados
||Ladder isn't responding, score probably updated but might not have (Request timeout).
