|j|☆llmmllmm
|j|☆M!$$1NG0
|t:|1648402072
|gametype|singles
|player|p1|llmmllmm|tuberf|1625
|player|p2|M!$$1NG0|unknown|1570
|teamsize|p1|6
|teamsize|p2|6
|gen|8
|tier|[Gen 8] National Dex AG
|rated|
|rule|HP Percentage Mod: HP is shown in percentages
|rule|Endless Battle Clause: Forcing endless battles is banned
|clearpoke
|poke|p1|Rayquaza|
|poke|p1|Calyrex-Shadow|
|poke|p1|Groudon|
|poke|p1|Lugia|
|poke|p1|Ditto|
|poke|p1|Arceus-*|
|poke|p2|Rayquaza|
|poke|p2|Zacian-*|
|poke|p2|Necrozma-Dusk-Mane|
|poke|p2|Kyogre|
|poke|p2|Calyrex-Shadow|
|poke|p2|Mewtwo|
|teampreview
|inactive|Battle timer is ON: inactive players will automatically lose when time's up. (requested by llmmllmm)
|inactive|M!$$1NG0 also wants the timer to be on.
|
|t:|1648402077
|start
|switch|p1a: Arceus|Arceus-Ground|100/100
|switch|p2a: Abraham|Necrozma-Dusk-Mane|100/100
|turn|1
|
|t:|1648402088
|detailschange|p2a: Abraham|Necrozma-Ultra
|-burst|p2a: Abraham|Necrozma|Ultranecrozium Z
|move|p1a: Arceus|Magic Coat|p1a: Arceus
|-singleturn|p1a: Arceus|move: Magic Coat
|move|p2a: Abraham|Stealth Rock|p1a: Arceus
|move|p1a: Arceus|Stealth Rock|p2a: Abraham|[from]Magic Coat
|-sidestart|p2: M!$$1NG0|move: Stealth Rock
|
|upkeep
|turn|2
|
|t:|1648402096
|move|p2a: Abraham|Stealth Rock|p1a: Arceus
|-sidestart|p1: llmmllmm|move: Stealth Rock
|move|p1a: Arceus|Ice Beam|p2a: Abraham
|-supereffective|p2a: Abraham
|-damage|p2a: Abraham|25/100
|-status|p2a: Abraham|frz
|
|upkeep
|turn|3
|
|t:|1648402106
|switch|p1a: Groudon|Groudon|100/100
|-damage|p1a: Groudon|94/100|[from] Stealth Rock
|detailschange|p1a: Groudon|Groudon-Primal
|-primal|p1a: Groudon
|-weather|DesolateLand|[from] ability: Desolate Land|[of] p1a: Groudon
|cant|p2a: Abraham|frz
|
|-weather|DesolateLand|[upkeep]
|upkeep
|turn|4
|
|t:|1648402118
|cant|p2a: Abraham|frz
|move|p1a: Groudon|Rock Polish|p1a: Groudon
|-boost|p1a: Groudon|spe|2
|
|-weather|DesolateLand|[upkeep]
|upkeep
|turn|5
|
|t:|1648402123
|move|p1a: Groudon|Swords Dance|p1a: Groudon
|-boost|p1a: Groudon|atk|2
|cant|p2a: Abraham|frz
|
|-weather|DesolateLand|[upkeep]
|upkeep
|turn|6
|
|t:|1648402128
|move|p1a: Groudon|Heat Crash|p2a: Abraham
|-resisted|p2a: Abraham
|-damage|p2a: Abraham|0 fnt
|faint|p2a: Abraham
|
|-weather|DesolateLand|[upkeep]
|upkeep
|
|t:|1648402133
|switch|p2a: Marie|Mewtwo|100/100
|-damage|p2a: Marie|88/100|[from] Stealth Rock
|-ability|p2a: Marie|Pressure
|turn|7
|
|t:|1648402140
|-start|p2a: Marie|Dynamax|
|-heal|p2a: Marie|88/100|[silent]
|move|p1a: Groudon|Heat Crash||[still]
|-fail|p1a: Groudon|Dynamax
|move|p2a: Marie|Max Airstream|p1a: Groudon
|-damage|p1a: Groudon|32/100
|-boost|p2a: Marie|spe|1
|
|-weather|DesolateLand|[upkeep]
|upkeep
|turn|8
|
|t:|1648402150
|move|p1a: Groudon|Precipice Blades|p2a: Marie
|-damage|p2a: Marie|0 fnt
|faint|p2a: Marie
|
|-weather|DesolateLand|[upkeep]
|upkeep
|-message|M!$$1NG0 forfeited.
|
|win|llmmllmm
|raw|llmmllmm's rating: 1625 &rarr; <strong>1642</strong><br />(+17 for winning)
|raw|M!$$1NG0's rating: 1570 &rarr; <strong>1553</strong><br />(-17 for losing)
|l|☆M!$$1NG0
