|j|☆moyv123
|j|☆MiguelRRM
|t:|1667617578
|gametype|singles
|player|p1|moyv123|2|1755
|player|p2|MiguelRRM|lucas|1907
|teamsize|p1|6
|teamsize|p2|6
|gen|8
|tier|[Gen 8] National Dex AG
|rated|
|rule|HP Percentage Mod: HP is shown in percentages
|rule|Endless Battle Clause: Forcing endless battles is banned
|clearpoke
|poke|p1|Zacian-*|
|poke|p1|Kyogre|
|poke|p1|Rayquaza|
|poke|p1|Marshadow|
|poke|p1|Ditto|
|poke|p1|Arceus-*|
|poke|p2|Yveltal|
|poke|p2|Ho-Oh|
|poke|p2|Rayquaza|
|poke|p2|Necrozma-Dusk-Mane|
|poke|p2|Calyrex-Shadow|
|poke|p2|Arceus-*|
|teampreview
|c|☆moyv123|。
|inactive|Battle timer is ON: inactive players will automatically lose when time's up. (requested by moyv123)
|j| unnamed-senpai
|inactive|MiguelRRM has 120 seconds left.
|inactive|MiguelRRM has 90 seconds left.
|inactive|MiguelRRM has 60 seconds left.
|inactive|MiguelRRM has 30 seconds left.
|
|t:|1667617774
|start
|switch|p1a: Arceus|Arceus-Electric|100/100
|switch|p2a: Arceus|Arceus-Dark|100/100
|turn|1
|
|t:|1667617782
|move|p1a: Arceus|Stealth Rock|p2a: Arceus
|-sidestart|p2: MiguelRRM|move: Stealth Rock
|move|p2a: Arceus|Will-O-Wisp|p1a: Arceus
|-status|p1a: Arceus|brn
|
|-damage|p1a: Arceus|94/100 brn|[from] brn
|upkeep
|turn|2
|
|t:|1667617809
|switch|p1a: Zacian|Zacian-Crowned|100/100
|-ability|p1a: Zacian|Intrepid Sword|boost
|-boost|p1a: Zacian|atk|1
|move|p2a: Arceus|Will-O-Wisp|p1a: Zacian
|-status|p1a: Zacian|brn
|
|-damage|p1a: Zacian|94/100 brn|[from] brn
|upkeep
|turn|3
|c|☆moyv123|？
|
|t:|1667617821
|switch|p2a: Ho-Oh|Ho-Oh|100/100
|move|p1a: Zacian|Close Combat|p2a: Ho-Oh
|-resisted|p2a: Ho-Oh
|-damage|p2a: Ho-Oh|87/100
|-unboost|p1a: Zacian|def|1
|-unboost|p1a: Zacian|spd|1
|
|-damage|p1a: Zacian|88/100 brn|[from] brn
|upkeep
|turn|4
|
|t:|1667617832
|switch|p1a: Arceus|Arceus-Electric|94/100 brn
|move|p2a: Ho-Oh|Defog|p1a: Arceus
|-unboost|p1a: Arceus|evasion|1
|-sideend|p2: MiguelRRM|Stealth Rock|[from] move: Defog|[of] p2a: Ho-Oh
|
|-damage|p1a: Arceus|88/100 brn|[from] brn
|upkeep
|turn|5
|
|t:|1667617841
|move|p1a: Arceus|Stealth Rock|p2a: Ho-Oh
|-sidestart|p2: MiguelRRM|move: Stealth Rock
|move|p2a: Ho-Oh|Sacred Fire|p1a: Arceus
|-damage|p1a: Arceus|57/100 brn
|
|-damage|p1a: Arceus|51/100 brn|[from] brn
|upkeep
|turn|6
|
|t:|1667617853
|-start|p1a: Arceus|Dynamax|
|-heal|p1a: Arceus|51/100 brn|[silent]
|move|p1a: Arceus|Max Lightning|p2a: Ho-Oh
|-supereffective|p2a: Ho-Oh
|-damage|p2a: Ho-Oh|0 fnt
|-fieldstart|move: Electric Terrain
|faint|p2a: Ho-Oh
|
|-damage|p1a: Arceus|48/100 brn|[from] brn
|upkeep
|
|t:|1667617857
|switch|p2a: Necrozma|Necrozma-Dusk-Mane|100/100
|-damage|p2a: Necrozma|94/100|[from] Stealth Rock
|turn|7
|
|t:|1667617867
|move|p1a: Arceus|Max Quake|p2a: Necrozma
|-supereffective|p2a: Necrozma
|-damage|p2a: Necrozma|42/100
|-boost|p1a: Arceus|spd|1
|move|p2a: Necrozma|Stealth Rock|p1a: Arceus
|-sidestart|p1: moyv123|move: Stealth Rock
|
|-damage|p1a: Arceus|45/100 brn|[from] brn
|upkeep
|turn|8
|
|t:|1667617877
|move|p1a: Arceus|Max Quake|p2a: Necrozma
|-supereffective|p2a: Necrozma
|-damage|p2a: Necrozma|0 fnt
|-boost|p1a: Arceus|spd|1
|faint|p2a: Necrozma
|
|-damage|p1a: Arceus|42/100 brn|[from] brn
|upkeep
|
|t:|1667617880
|switch|p2a: Rayquaza|Rayquaza|100/100
|-damage|p2a: Rayquaza|76/100|[from] Stealth Rock
|-ability|p2a: Rayquaza|Air Lock
|-end|p1a: Arceus|Dynamax
|-heal|p1a: Arceus|42/100 brn|[silent]
|turn|9
|
|t:|1667617891
|detailschange|p2a: Rayquaza|Rayquaza-Mega
|-mega|p2a: Rayquaza|Rayquaza|
|-weather|DeltaStream|[from] ability: Delta Stream|[of] p2a: Rayquaza
|move|p1a: Arceus|Ice Beam|p2a: Rayquaza
|-activate||deltastream
|-supereffective|p2a: Rayquaza
|-damage|p2a: Rayquaza|18/100
|-status|p2a: Rayquaza|frz
|cant|p2a: Rayquaza|frz
|
|-weather|DeltaStream|[upkeep]
|-damage|p1a: Arceus|36/100 brn|[from] brn
|upkeep
|turn|10
|-message|MiguelRRM forfeited.
|
|win|moyv123
|raw|moyv123's rating: 1755 &rarr; <strong>1783</strong><br />(+28 for winning)
|raw|MiguelRRM's rating: 1907 &rarr; <strong>1879</strong><br />(-28 for losing)
|l|☆MiguelRRM
|l|☆moyv123
|j|☆moyv123
|player|p1|moyv123|2
||Ladder isn't responding, score probably updated but might not have (Request timeout).
