|j|‽Reincarnation of …
|j|☆GhetsisUwU
|t:|1665821674
|gametype|singles
|player|p1|Reincarnation of …|blue-gen3two|1864
|player|p2|GhetsisUwU|n-masters|1704
|teamsize|p1|6
|teamsize|p2|6
|gen|8
|tier|[Gen 8] National Dex AG
|rated|
|rule|HP Percentage Mod: HP is shown in percentages
|rule|Endless Battle Clause: Forcing endless battles is banned
|clearpoke
|poke|p1|Stakataka|
|poke|p1|Nihilego|
|poke|p1|Buzzwole|
|poke|p1|Ditto|
|poke|p1|Arceus-*|
|poke|p1|Arceus-*|
|poke|p2|Ditto|
|poke|p2|Zacian-*|
|poke|p2|Calyrex-Shadow|
|poke|p2|Rayquaza|
|poke|p2|Arceus-*|
|poke|p2|Arceus-*|
|teampreview
|inactive|Battle timer is ON: inactive players will automatically lose when time's up. (requested by Reincarnation of …)
|
|t:|1665821686
|start
|switch|p1a: Arceus|Arceus-Fairy|100/100
|switch|p2a: Arceus|Arceus-Fairy|100/100
|turn|1
|
|t:|1665821697
|move|p2a: Arceus|Stealth Rock|p1a: Arceus
|-sidestart|p1: Reincarnation of …|move: Stealth Rock
|move|p1a: Arceus|Stealth Rock|p2a: Arceus
|-sidestart|p2: GhetsisUwU|move: Stealth Rock
|
|upkeep
|turn|2
|
|t:|1665821702
|move|p2a: Arceus|Will-O-Wisp|p1a: Arceus
|-status|p1a: Arceus|brn
|move|p1a: Arceus|Toxic|p2a: Arceus|[miss]
|-miss|p1a: Arceus|p2a: Arceus
|
|-damage|p1a: Arceus|94/100 brn|[from] brn
|upkeep
|turn|3
|
|t:|1665821708
|move|p2a: Arceus|Judgment|p1a: Arceus
|-damage|p1a: Arceus|66/100 brn
|move|p1a: Arceus|Toxic|p2a: Arceus
|-status|p2a: Arceus|tox
|
|-damage|p2a: Arceus|94/100 tox|[from] psn
|-damage|p1a: Arceus|60/100 brn|[from] brn
|upkeep
|turn|4
|
|t:|1665821717
|move|p2a: Arceus|Earth Power|p1a: Arceus
|-damage|p1a: Arceus|45/100 brn
|move|p1a: Arceus|Recover|p1a: Arceus
|-heal|p1a: Arceus|95/100 brn
|
|-damage|p2a: Arceus|82/100 tox|[from] psn
|-damage|p1a: Arceus|89/100 brn|[from] brn
|upkeep
|turn|5
|
|t:|1665821723
|switch|p2a: Zacian|Zacian-Crowned|100/100
|-damage|p2a: Zacian|94/100|[from] Stealth Rock
|-ability|p2a: Zacian|Intrepid Sword|boost
|-boost|p2a: Zacian|atk|1
|move|p1a: Arceus|Judgment|p2a: Zacian
|-resisted|p2a: Zacian
|-damage|p2a: Zacian|70/100
|
|-damage|p1a: Arceus|83/100 brn|[from] brn
|upkeep
|turn|6
|
|t:|1665821727
|switch|p1a: Buzzwole|Buzzwole|100/100
|-damage|p1a: Buzzwole|88/100|[from] Stealth Rock
|move|p2a: Zacian|Substitute|p2a: Zacian
|-start|p2a: Zacian|Substitute
|-damage|p2a: Zacian|45/100
|
|upkeep
|turn|7
|
|t:|1665821731
|move|p2a: Zacian|Play Rough|p1a: Buzzwole
|-supereffective|p1a: Buzzwole
|-damage|p1a: Buzzwole|2/100
|-damage|p2a: Zacian|29/100|[from] item: Rocky Helmet|[of] p1a: Buzzwole
|move|p1a: Buzzwole|Earthquake|p2a: Zacian
|-supereffective|p2a: Zacian
|-end|p2a: Zacian|Substitute
|
|upkeep
|turn|8
|
|t:|1665821743
|switch|p2a: Arceus|Arceus-Fairy|82/100 tox
|-damage|p2a: Arceus|70/100 tox|[from] Stealth Rock
|move|p1a: Buzzwole|Drain Punch|p2a: Arceus
|-resisted|p2a: Arceus
|-damage|p2a: Arceus|57/100 tox
|-heal|p1a: Buzzwole|8/100|[from] drain|[of] p2a: Arceus
|
|-damage|p2a: Arceus|51/100 tox|[from] psn
|upkeep
|turn|9
|
|t:|1665821749
|move|p2a: Arceus|Earth Power|p1a: Buzzwole
|-resisted|p1a: Buzzwole
|-damage|p1a: Buzzwole|0 fnt
|faint|p1a: Buzzwole
|
|-damage|p2a: Arceus|39/100 tox|[from] psn
|upkeep
|
|t:|1665821772
|switch|p1a: Arceus|Arceus|100/100
|-damage|p1a: Arceus|88/100|[from] Stealth Rock
|turn|10
|
|t:|1665821777
|move|p2a: Arceus|Will-O-Wisp|p1a: Arceus
|-status|p1a: Arceus|brn
|-enditem|p1a: Arceus|Lum Berry|[eat]
|-curestatus|p1a: Arceus|brn|[msg]
|move|p1a: Arceus|Swords Dance|p1a: Arceus
|-boost|p1a: Arceus|atk|2
|
|-damage|p2a: Arceus|21/100 tox|[from] psn
|upkeep
|turn|11
|
|t:|1665821783
|move|p1a: Arceus|Extreme Speed|p2a: Arceus
|-damage|p2a: Arceus|0 fnt
|faint|p2a: Arceus
|
|upkeep
|
|t:|1665821788
|switch|p2a: Ditto|Ditto, shiny|100/100
|-damage|p2a: Ditto|88/100|[from] Stealth Rock
|-transform|p2a: Ditto|p1a: Arceus|[from] ability: Imposter
|turn|12
|
|t:|1665821791
|-start|p1a: Arceus|Dynamax|
|-heal|p1a: Arceus|88/100|[silent]
|move|p2a: Ditto|Extreme Speed|p1a: Arceus
|-damage|p1a: Arceus|59/100
|move|p1a: Arceus|Max Strike|p2a: Ditto
|-damage|p2a: Ditto|0 fnt
|faint|p2a: Ditto
|
|upkeep
|
|t:|1665821804
|switch|p2a: Zacian|Zacian-Crowned|29/100
|-damage|p2a: Zacian|22/100|[from] Stealth Rock
|-ability|p2a: Zacian|Intrepid Sword|boost
|-boost|p2a: Zacian|atk|1
|turn|13
|
|t:|1665821821
|-end|p1a: Arceus|Dynamax
|-heal|p1a: Arceus|59/100|[silent]
|switch|p1a: Arceus|Arceus-Fairy|83/100 brn
|-damage|p1a: Arceus|71/100 brn|[from] Stealth Rock
|move|p2a: Zacian|Behemoth Blade|p1a: Arceus
|-supereffective|p1a: Arceus
|-damage|p1a: Arceus|0 fnt
|faint|p1a: Arceus
|
|upkeep
|
|t:|1665821823
|switch|p1a: Ditto|Ditto, shiny|100/100
|-damage|p1a: Ditto|88/100|[from] Stealth Rock
|-transform|p1a: Ditto|p2a: Zacian|[from] ability: Imposter
|-ability|p1a: Ditto|Intrepid Sword|boost
|-boost|p1a: Ditto|atk|1
|turn|14
|
|t:|1665821832
|move|p1a: Ditto|Behemoth Blade|p2a: Zacian
|-damage|p2a: Zacian|0 fnt
|faint|p2a: Zacian
|
|upkeep
|
|t:|1665821835
|switch|p2a: Calyrex|Calyrex-Shadow|100/100
|-ability|p2a: Calyrex|As One
|-ability|p2a: Calyrex|Unnerve
|-damage|p2a: Calyrex|88/100|[from] Stealth Rock
|turn|15
|
|t:|1665821851
|switch|p1a: Arceus|Arceus|59/100
|-damage|p1a: Arceus|46/100|[from] Stealth Rock
|move|p2a: Calyrex|Psyshock|p1a: Arceus
|-damage|p1a: Arceus|13/100
|
|upkeep
|turn|16
|
|t:|1665821854
|move|p2a: Calyrex|Psyshock|p1a: Arceus
|-damage|p1a: Arceus|0 fnt
|faint|p1a: Arceus
|-ability|p2a: Calyrex|Grim Neigh|boost
|-boost|p2a: Calyrex|spa|1
|
|upkeep
|
|t:|1665821860
|switch|p1a: Ditto|Ditto, shiny|88/100
|-damage|p1a: Ditto|76/100|[from] Stealth Rock
|-transform|p1a: Ditto|p2a: Calyrex|[from] ability: Imposter
|turn|17
|
|t:|1665821863
|move|p1a: Ditto|Astral Barrage|p2a: Calyrex
|-supereffective|p2a: Calyrex
|-damage|p2a: Calyrex|0 fnt
|faint|p2a: Calyrex
|-ability|p1a: Ditto|Grim Neigh|boost
|-boost|p1a: Ditto|spa|1
|
|upkeep
|
|t:|1665821867
|switch|p2a: Arceus|Arceus|100/100
|-damage|p2a: Arceus|88/100|[from] Stealth Rock
|turn|18
|
|t:|1665821872
|switch|p1a: Nihilego|Nihilego|100/100
|-damage|p1a: Nihilego|88/100|[from] Stealth Rock
|move|p2a: Arceus|Swords Dance|p2a: Arceus
|-boost|p2a: Arceus|atk|2
|
|upkeep
|turn|19
|inactive|GhetsisUwU has 120 seconds left.
|
|t:|1665821902
|-start|p2a: Arceus|Dynamax|
|-heal|p2a: Arceus|88/100|[silent]
|move|p1a: Nihilego|Meteor Beam||[still]
|-prepare|p1a: Nihilego|Meteor Beam
|-boost|p1a: Nihilego|spa|1
|-enditem|p1a: Nihilego|Power Herb
|-anim|p1a: Nihilego|Meteor Beam|p2a: Arceus
|-damage|p2a: Arceus|61/100
|move|p2a: Arceus|Max Phantasm|p1a: Nihilego
|-damage|p1a: Nihilego|0 fnt
|faint|p1a: Nihilego
|
|upkeep
|
|t:|1665821917
|switch|p1a: Stakataka|Stakataka|100/100
|-damage|p1a: Stakataka|94/100|[from] Stealth Rock
|-item|p1a: Stakataka|Air Balloon
|turn|20
|
|t:|1665821922
|move|p2a: Arceus|Max Phantasm|p1a: Stakataka
|-damage|p1a: Stakataka|43/100
|-unboost|p1a: Stakataka|def|1
|-enditem|p1a: Stakataka|Air Balloon
|move|p1a: Stakataka|Gyro Ball|p2a: Arceus
|-damage|p2a: Arceus|32/100
|
|upkeep
|turn|21
|
|t:|1665821931
|move|p2a: Arceus|Max Phantasm|p1a: Stakataka
|-damage|p1a: Stakataka|0 fnt
|faint|p1a: Stakataka
|
|upkeep
|
|t:|1665821933
|switch|p1a: Ditto|Ditto, shiny|76/100
|-damage|p1a: Ditto|63/100|[from] Stealth Rock
|-transform|p1a: Ditto|p2a: Arceus|[from] ability: Imposter
|-end|p2a: Arceus|Dynamax
|-heal|p2a: Arceus|32/100|[silent]
|turn|22
|
|t:|1665821935
|move|p1a: Ditto|Extreme Speed|p2a: Arceus
|-damage|p2a: Arceus|0 fnt
|faint|p2a: Arceus
|
|upkeep
|
|t:|1665821938
|switch|p2a: Rayquaza|Rayquaza|100/100
|-damage|p2a: Rayquaza|76/100|[from] Stealth Rock
|-ability|p2a: Rayquaza|Air Lock
|turn|23
|
|t:|1665821942
|detailschange|p2a: Rayquaza|Rayquaza-Mega
|-mega|p2a: Rayquaza|Rayquaza|
|-weather|DeltaStream|[from] ability: Delta Stream|[of] p2a: Rayquaza
|move|p1a: Ditto|Extreme Speed|p2a: Rayquaza
|-damage|p2a: Rayquaza|0 fnt
|faint|p2a: Rayquaza
|-weather|none
|
|win|Reincarnation of …
|raw|Reincarnation of …'s rating: 1864 &rarr; <strong>1875</strong><br />(+11 for winning)
|raw|GhetsisUwU's rating: 1704 &rarr; <strong>1693</strong><br />(-11 for losing)
|l|☆GhetsisUwU
