|j|☆Naofumi_Bakugo_Jax
|j|☆alt1445645
|t:|1659585686
|gametype|singles
|player|p1|Naofumi_Bakugo_Jax|blue|1633
|player|p2|alt1445645|102|1880
|teamsize|p1|6
|teamsize|p2|6
|gen|8
|tier|[Gen 8] National Dex AG
|rated|
|rule|HP Percentage Mod: HP is shown in percentages
|rule|Endless Battle Clause: Forcing endless battles is banned
|clearpoke
|poke|p1|Kyogre|
|poke|p1|Swampert, F|
|poke|p1|Calyrex-Shadow|
|poke|p1|Yveltal|
|poke|p1|Zacian-*|
|poke|p1|Lunala|
|poke|p2|Arceus-*|
|poke|p2|Groudon|
|poke|p2|Zacian-*|
|poke|p2|Rayquaza|
|poke|p2|Calyrex-Shadow|
|poke|p2|Yveltal|
|teampreview
|inactive|Battle timer is ON: inactive players will automatically lose when time's up. (requested by Naofumi_Bakugo_Jax)
|
|t:|1659585703
|start
|switch|p1a: Calyrex|Calyrex-Shadow|100/100
|switch|p2a: Zacian|Zacian-Crowned|100/100
|-ability|p1a: Calyrex|As One
|-ability|p1a: Calyrex|Unnerve
|-ability|p2a: Zacian|Intrepid Sword|boost
|-boost|p2a: Zacian|atk|1
|turn|1
|
|t:|1659585716
|move|p1a: Calyrex|Nasty Plot|p1a: Calyrex
|-boost|p1a: Calyrex|spa|2
|move|p2a: Zacian|Behemoth Blade|p1a: Calyrex
|-enditem|p1a: Calyrex|Focus Sash
|-damage|p1a: Calyrex|1/100
|
|upkeep
|turn|2
|
|t:|1659585725
|switch|p2a: Arceus|Arceus|100/100
|move|p1a: Calyrex|Astral Barrage|p2a: Arceus
|-immune|p2a: Arceus
|
|upkeep
|turn|3
|
|t:|1659585732
|move|p1a: Calyrex|Baton Pass|p1a: Calyrex
|
|t:|1659585746
|switch|p1a: Lunala|Lunala|100/100|[from]move: Baton Pass
|move|p2a: Arceus|Swords Dance|p2a: Arceus
|-boost|p2a: Arceus|atk|2
|
|upkeep
|turn|4
|inactive|Naofumi_Bakugo_Jax has 120 seconds left.
|
|t:|1659585788
|-start|p2a: Arceus|Dynamax|
|-heal|p2a: Arceus|100/100|[silent]
|-start|p1a: Lunala|Dynamax|
|-heal|p1a: Lunala|100/100|[silent]
|move|p2a: Arceus|Max Phantasm|p1a: Lunala
|-supereffective|p1a: Lunala
|-damage|p1a: Lunala|27/100
|-unboost|p1a: Lunala|def|1
|move|p1a: Lunala|Max Mindstorm|p2a: Arceus
|-damage|p2a: Arceus|46/100
|-fieldstart|move: Psychic Terrain
|
|upkeep
|turn|5
|
|t:|1659585814
|move|p1a: Lunala|Max Guard|p1a: Lunala
|-singleturn|p1a: Lunala|Max Guard
|move|p2a: Arceus|Max Phantasm|p1a: Lunala
|-activate|p1a: Lunala|move: Max Guard
|
|upkeep
|turn|6
|inactive|Naofumi_Bakugo_Jax has 90 seconds left.
|
|t:|1659585836
|move|p2a: Arceus|Max Phantasm|p1a: Lunala
|-supereffective|p1a: Lunala
|-damage|p1a: Lunala|0 fnt
|faint|p1a: Lunala
|
|upkeep
|inactive|Naofumi_Bakugo_Jax has 90 seconds left.
|
|t:|1659585853
|switch|p1a: Zacian|Zacian-Crowned|100/100
|-ability|p1a: Zacian|Intrepid Sword|boost
|-boost|p1a: Zacian|atk|1
|-end|p2a: Arceus|Dynamax
|-heal|p2a: Arceus|46/100|[silent]
|turn|7
|
|t:|1659585858
|switch|p2a: Groudon|Groudon|100/100
|detailschange|p2a: Groudon|Groudon-Primal
|-primal|p2a: Groudon
|-weather|DesolateLand|[from] ability: Desolate Land|[of] p2a: Groudon
|move|p1a: Zacian|Behemoth Blade|p2a: Groudon
|-resisted|p2a: Groudon
|-crit|p2a: Groudon
|-damage|p2a: Groudon|68/100
|
|-weather|DesolateLand|[upkeep]
|upkeep
|turn|8
|inactive|Naofumi_Bakugo_Jax has 90 seconds left.
|
|t:|1659585868
|switch|p1a: Calyrex|Calyrex-Shadow|1/100
|-ability|p1a: Calyrex|As One
|-ability|p1a: Calyrex|Unnerve
|move|p2a: Groudon|Stealth Rock|p1a: Calyrex
|-sidestart|p1: Naofumi_Bakugo_Jax|move: Stealth Rock
|
|-weather|DesolateLand|[upkeep]
|-fieldend|move: Psychic Terrain
|upkeep
|turn|9
|inactive|Naofumi_Bakugo_Jax has 90 seconds left.
|
|t:|1659585889
|move|p1a: Calyrex|Nasty Plot|p1a: Calyrex
|-boost|p1a: Calyrex|spa|2
|move|p2a: Groudon|Fire Punch|p1a: Calyrex
|-damage|p1a: Calyrex|0 fnt
|faint|p1a: Calyrex
|
|-weather|DesolateLand|[upkeep]
|upkeep
|-message|Naofumi_Bakugo_Jax forfeited.
|
|win|alt1445645
|raw|Naofumi_Bakugo_Jax's rating: 1633 &rarr; <strong>1625</strong><br />(-8 for losing)
|raw|alt1445645's rating: 1880 &rarr; <strong>1888</strong><br />(+8 for winning)
|l|☆Naofumi_Bakugo_Jax
|c|☆alt1445645|ur strats funny
||Ladder isn't responding, score probably updated but might not have (Request timeout).
