|j|☆paradoxthetimelord
|j|☆ChunkyRat
|t:|1668384442
|gametype|singles
|player|p1|paradoxthetimelord|265|1576
|player|p2|ChunkyRat|ninjaboy|1796
|teamsize|p1|6
|teamsize|p2|6
|gen|8
|tier|[Gen 8] National Dex AG
|rated|
|rule|HP Percentage Mod: HP is shown in percentages
|rule|Endless Battle Clause: Forcing endless battles is banned
|clearpoke
|poke|p1|Rayquaza|
|poke|p1|Marshadow|
|poke|p1|Zacian-*|
|poke|p1|Arceus-*|
|poke|p1|Lugia|
|poke|p1|Necrozma-Dusk-Mane|
|poke|p2|Rayquaza|
|poke|p2|Arceus-*|
|poke|p2|Lugia|
|poke|p2|Arceus-*|
|poke|p2|Darmanitan-Galar, F|
|poke|p2|Groudon|
|teampreview
|inactive|Battle timer is ON: inactive players will automatically lose when time's up. (requested by ChunkyRat)
|
|t:|1668384448
|start
|switch|p1a: Rayquaza|Rayquaza|100/100
|switch|p2a: ImAbroom|Groudon|100/100
|-ability|p1a: Rayquaza|Air Lock
|detailschange|p2a: ImAbroom|Groudon-Primal
|-primal|p2a: ImAbroom
|-weather|DesolateLand|[from] ability: Desolate Land|[of] p2a: ImAbroom
|turn|1
|
|t:|1668384453
|-weather|none
|switch|p2a: ArceusMaliciousJr|Lugia, shiny|100/100
|detailschange|p1a: Rayquaza|Rayquaza-Mega
|-mega|p1a: Rayquaza|Rayquaza|
|-weather|DeltaStream|[from] ability: Delta Stream|[of] p1a: Rayquaza
|move|p1a: Rayquaza|Waterfall|p2a: ArceusMaliciousJr
|-damage|p2a: ArceusMaliciousJr|90/100
|-damage|p1a: Rayquaza|91/100|[from] item: Life Orb
|
|-weather|DeltaStream|[upkeep]
|upkeep
|turn|2
|
|t:|1668384460
|-weather|none
|switch|p1a: Necrozma|Necrozma-Dusk-Mane|100/100
|move|p2a: ArceusMaliciousJr|Thunder Wave|p1a: Necrozma
|-status|p1a: Necrozma|par
|
|upkeep
|turn|3
|inactive|ChunkyRat has 120 seconds left.
|
|t:|1668384492
|switch|p2a: ImAbroom|Groudon-Primal|100/100
|-weather|DesolateLand|[from] ability: Desolate Land|[of] p2a: ImAbroom
|move|p1a: Necrozma|Knock Off|p2a: ImAbroom
|-damage|p2a: ImAbroom|84/100
|
|-weather|DesolateLand|[upkeep]
|upkeep
|turn|4
|
|t:|1668384499
|switch|p1a: Lugia|Lugia|100/100
|move|p2a: ImAbroom|Stealth Rock|p1a: Lugia
|-sidestart|p1: paradoxthetimelord|move: Stealth Rock
|
|-weather|DesolateLand|[upkeep]
|upkeep
|turn|5
|
|t:|1668384503
|move|p2a: ImAbroom|Eruption|p1a: Lugia
|-damage|p1a: Lugia|70/100
|move|p1a: Lugia|Defog|p2a: ImAbroom
|-unboost|p2a: ImAbroom|evasion|1
|-sideend|p1: paradoxthetimelord|Stealth Rock|[from] move: Defog|[of] p1a: Lugia
|
|-weather|DesolateLand|[upkeep]
|-heal|p1a: Lugia|76/100|[from] item: Leftovers
|upkeep
|turn|6
|
|t:|1668384515
|move|p2a: ImAbroom|Eruption|p1a: Lugia
|-damage|p1a: Lugia|18/100
|move|p1a: Lugia|Roost|p1a: Lugia
|-heal|p1a: Lugia|68/100
|-singleturn|p1a: Lugia|move: Roost
|
|-weather|DesolateLand|[upkeep]
|-heal|p1a: Lugia|74/100|[from] item: Leftovers
|upkeep
|turn|7
|
|t:|1668384520
|move|p2a: ImAbroom|Stealth Rock|p1a: Lugia
|-sidestart|p1: paradoxthetimelord|move: Stealth Rock
|move|p1a: Lugia|Toxic|p2a: ImAbroom
|-status|p2a: ImAbroom|tox
|
|-weather|DesolateLand|[upkeep]
|-heal|p1a: Lugia|80/100|[from] item: Leftovers
|-damage|p2a: ImAbroom|78/100 tox|[from] psn
|upkeep
|turn|8
|
|t:|1668384526
|move|p2a: ImAbroom|Eruption|p1a: Lugia
|-damage|p1a: Lugia|23/100
|move|p1a: Lugia|Roost|p1a: Lugia
|-heal|p1a: Lugia|74/100
|-singleturn|p1a: Lugia|move: Roost
|
|-weather|DesolateLand|[upkeep]
|-heal|p1a: Lugia|80/100|[from] item: Leftovers
|-damage|p2a: ImAbroom|66/100 tox|[from] psn
|upkeep
|turn|9
|
|t:|1668384529
|move|p2a: ImAbroom|Eruption|p1a: Lugia
|-damage|p1a: Lugia|34/100
|move|p1a: Lugia|Roost|p1a: Lugia
|-heal|p1a: Lugia|84/100
|-singleturn|p1a: Lugia|move: Roost
|
|-weather|DesolateLand|[upkeep]
|-heal|p1a: Lugia|90/100|[from] item: Leftovers
|-damage|p2a: ImAbroom|48/100 tox|[from] psn
|upkeep
|turn|10
|
|t:|1668384534
|-weather|none
|switch|p2a: soda49r|Darmanitan-Galar, F|100/100
|move|p1a: Lugia|Defog|p2a: soda49r
|-unboost|p2a: soda49r|evasion|1
|-sideend|p1: paradoxthetimelord|Stealth Rock|[from] move: Defog|[of] p1a: Lugia
|
|-heal|p1a: Lugia|96/100|[from] item: Leftovers
|upkeep
|turn|11
|
|t:|1668384538
|switch|p1a: Necrozma|Necrozma-Dusk-Mane|100/100 par
|move|p2a: soda49r|Icicle Crash|p1a: Necrozma
|-resisted|p1a: Necrozma
|-damage|p1a: Necrozma|79/100 par
|
|upkeep
|turn|12
|
|t:|1668384545
|switch|p2a: ImAbroom|Groudon-Primal|48/100 tox
|-weather|DesolateLand|[from] ability: Desolate Land|[of] p2a: ImAbroom
|move|p1a: Necrozma|Sunsteel Strike|p2a: ImAbroom
|-resisted|p2a: ImAbroom
|-damage|p2a: ImAbroom|32/100 tox
|
|-weather|DesolateLand|[upkeep]
|-damage|p2a: ImAbroom|26/100 tox|[from] psn
|upkeep
|turn|13
|
|t:|1668384555
|switch|p1a: Lugia|Lugia|96/100
|move|p2a: ImAbroom|Stealth Rock|p1a: Lugia
|-sidestart|p1: paradoxthetimelord|move: Stealth Rock
|
|-weather|DesolateLand|[upkeep]
|-heal|p1a: Lugia|100/100|[from] item: Leftovers
|-damage|p2a: ImAbroom|13/100 tox|[from] psn
|upkeep
|turn|14
|
|t:|1668384557
|move|p2a: ImAbroom|Rock Tomb|p1a: Lugia
|-supereffective|p1a: Lugia
|-damage|p1a: Lugia|90/100
|-unboost|p1a: Lugia|spe|1
|move|p1a: Lugia|Defog|p2a: ImAbroom
|-unboost|p2a: ImAbroom|evasion|1
|-sideend|p1: paradoxthetimelord|Stealth Rock|[from] move: Defog|[of] p1a: Lugia
|
|-weather|DesolateLand|[upkeep]
|-heal|p1a: Lugia|96/100|[from] item: Leftovers
|-damage|p2a: ImAbroom|0 fnt|[from] psn
|faint|p2a: ImAbroom
|-weather|none
|upkeep
|
|t:|1668384561
|switch|p2a: soda49r|Darmanitan-Galar, F|100/100
|turn|15
|
|t:|1668384564
|switch|p1a: Necrozma|Necrozma-Dusk-Mane|79/100 par
|move|p2a: soda49r|U-turn|p1a: Necrozma
|-damage|p1a: Necrozma|55/100 par
|-damage|p2a: soda49r|84/100|[from] item: Rocky Helmet|[of] p1a: Necrozma
|
|t:|1668384567
|switch|p2a: iHaveAsthma|Arceus-Ground, shiny|100/100|[from]move: U-turn
|
|upkeep
|turn|16
|
|t:|1668384572
|switch|p1a: Lugia|Lugia|96/100
|move|p2a: iHaveAsthma|Calm Mind|p2a: iHaveAsthma
|-boost|p2a: iHaveAsthma|spa|1
|-boost|p2a: iHaveAsthma|spd|1
|
|-heal|p1a: Lugia|100/100|[from] item: Leftovers
|upkeep
|turn|17
|
|t:|1668384579
|move|p1a: Lugia|Toxic|p2a: iHaveAsthma
|-status|p2a: iHaveAsthma|tox
|move|p2a: iHaveAsthma|Ice Beam|p1a: Lugia
|-supereffective|p1a: Lugia
|-damage|p1a: Lugia|81/100
|
|-heal|p1a: Lugia|87/100|[from] item: Leftovers
|-damage|p2a: iHaveAsthma|94/100 tox|[from] psn
|upkeep
|turn|18
|
|t:|1668384582
|move|p1a: Lugia|Roost|p1a: Lugia
|-heal|p1a: Lugia|100/100
|-singleturn|p1a: Lugia|move: Roost
|move|p2a: iHaveAsthma|Ice Beam|p1a: Lugia
|-damage|p1a: Lugia|91/100
|
|-heal|p1a: Lugia|97/100|[from] item: Leftovers
|-damage|p2a: iHaveAsthma|82/100 tox|[from] psn
|upkeep
|turn|19
|
|t:|1668384588
|switch|p2a: soda49r|Darmanitan-Galar, F|84/100
|move|p1a: Lugia|Ice Beam|p2a: soda49r
|-resisted|p2a: soda49r
|-damage|p2a: soda49r|69/100
|
|-heal|p1a: Lugia|100/100|[from] item: Leftovers
|upkeep
|turn|20
|
|t:|1668384593
|move|p2a: soda49r|Icicle Crash|p1a: Lugia
|-supereffective|p1a: Lugia
|-damage|p1a: Lugia|66/100
|cant|p1a: Lugia|flinch
|
|-heal|p1a: Lugia|72/100|[from] item: Leftovers
|upkeep
|turn|21
|
|t:|1668384597
|switch|p1a: Necrozma|Necrozma-Dusk-Mane|55/100 par
|move|p2a: soda49r|Icicle Crash|p1a: Necrozma
|-resisted|p1a: Necrozma
|-damage|p1a: Necrozma|32/100 par
|
|upkeep
|turn|22
|
|t:|1668384601
|move|p2a: soda49r|Icicle Crash|p1a: Necrozma
|-resisted|p1a: Necrozma
|-damage|p1a: Necrozma|11/100 par
|move|p1a: Necrozma|Moonlight|p1a: Necrozma
|-heal|p1a: Necrozma|61/100 par
|
|upkeep
|turn|23
|
|t:|1668384604
|move|p2a: soda49r|Icicle Crash|p1a: Necrozma
|-resisted|p1a: Necrozma
|-crit|p1a: Necrozma
|-damage|p1a: Necrozma|28/100 par
|move|p1a: Necrozma|Moonlight|p1a: Necrozma
|-heal|p1a: Necrozma|78/100 par
|
|upkeep
|turn|24
|
|t:|1668384611
|switch|p2a: OnMaWa|Arceus|100/100
|cant|p1a: Necrozma|par
|
|upkeep
|turn|25
|
|t:|1668384615
|move|p2a: OnMaWa|Swords Dance|p2a: OnMaWa
|-boost|p2a: OnMaWa|atk|2
|move|p1a: Necrozma|Thunder Wave|p2a: OnMaWa
|-status|p2a: OnMaWa|par
|
|upkeep
|turn|26
|
|t:|1668384619
|cant|p2a: OnMaWa|par
|cant|p1a: Necrozma|par
|
|upkeep
|turn|27
|
|t:|1668384621
|cant|p2a: OnMaWa|par
|move|p1a: Necrozma|Knock Off|p2a: OnMaWa
|-damage|p2a: OnMaWa|80/100 par
|-enditem|p2a: OnMaWa|Life Orb|[from] move: Knock Off|[of] p1a: Necrozma
|
|upkeep
|turn|28
|
|t:|1668384628
|move|p2a: OnMaWa|Earthquake|p1a: Necrozma
|-supereffective|p1a: Necrozma
|-damage|p1a: Necrozma|11/100 par
|move|p1a: Necrozma|Sunsteel Strike|p2a: OnMaWa
|-damage|p2a: OnMaWa|43/100 par
|
|upkeep
|turn|29
|
|t:|1668384636
|switch|p1a: Lugia|Lugia|72/100
|cant|p2a: OnMaWa|par
|
|-heal|p1a: Lugia|78/100|[from] item: Leftovers
|upkeep
|turn|30
|
|t:|1668384639
|cant|p2a: OnMaWa|par
|move|p1a: Lugia|Roost|p1a: Lugia
|-heal|p1a: Lugia|100/100
|-singleturn|p1a: Lugia|move: Roost
|
|upkeep
|turn|31
|
|t:|1668384643
|switch|p1a: Necrozma|Necrozma-Dusk-Mane|11/100 par
|cant|p2a: OnMaWa|par
|
|upkeep
|turn|32
|
|t:|1668384651
|move|p2a: OnMaWa|Earthquake|p1a: Necrozma
|-supereffective|p1a: Necrozma
|-damage|p1a: Necrozma|0 fnt
|faint|p1a: Necrozma
|
|upkeep
|
|t:|1668384653
|switch|p1a: Marshadow|Marshadow|100/100
|turn|33
|
|t:|1668384657
|switch|p2a: ArceusMaliciousJr|Lugia, shiny|90/100
|move|p1a: Marshadow|Close Combat|p2a: ArceusMaliciousJr
|-resisted|p2a: ArceusMaliciousJr
|-damage|p2a: ArceusMaliciousJr|82/100
|-unboost|p1a: Marshadow|def|1
|-unboost|p1a: Marshadow|spd|1
|
|upkeep
|turn|34
|
|t:|1668384662
|switch|p1a: Zacian|Zacian-Crowned|100/100
|-ability|p1a: Zacian|Intrepid Sword|boost
|-boost|p1a: Zacian|atk|1
|move|p2a: ArceusMaliciousJr|Thunder Wave|p1a: Zacian
|-status|p1a: Zacian|par
|
|upkeep
|turn|35
|
|t:|1668384667
|switch|p2a: iHaveAsthma|Arceus-Ground, shiny|82/100 tox
|move|p1a: Zacian|Wild Charge|p2a: iHaveAsthma
|-immune|p2a: iHaveAsthma
|
|-damage|p2a: iHaveAsthma|76/100 tox|[from] psn
|upkeep
|turn|36
|
|t:|1668384669
|switch|p1a: Lugia|Lugia|100/100
|move|p2a: iHaveAsthma|Judgment|p1a: Lugia
|-immune|p1a: Lugia
|
|-damage|p2a: iHaveAsthma|64/100 tox|[from] psn
|upkeep
|turn|37
|
|t:|1668384673
|switch|p2a: OnMaWa|Arceus|43/100 par
|move|p1a: Lugia|Ice Beam|p2a: OnMaWa
|-damage|p2a: OnMaWa|30/100 par
|
|upkeep
|turn|38
|
|t:|1668384676
|move|p1a: Lugia|Ice Beam|p2a: OnMaWa
|-damage|p2a: OnMaWa|15/100 par
|move|p2a: OnMaWa|Swords Dance|p2a: OnMaWa
|-boost|p2a: OnMaWa|atk|2
|
|upkeep
|turn|39
|
|t:|1668384679
|move|p2a: OnMaWa|Extreme Speed|p1a: Lugia
|-damage|p1a: Lugia|79/100
|move|p1a: Lugia|Ice Beam|p2a: OnMaWa
|-damage|p2a: OnMaWa|1/100 par
|
|-heal|p1a: Lugia|85/100|[from] item: Leftovers
|upkeep
|turn|40
|
|t:|1668384682
|move|p2a: OnMaWa|Extreme Speed|p1a: Lugia
|-damage|p1a: Lugia|41/100
|move|p1a: Lugia|Roost|p1a: Lugia
|-heal|p1a: Lugia|91/100
|-singleturn|p1a: Lugia|move: Roost
|
|-heal|p1a: Lugia|97/100|[from] item: Leftovers
|upkeep
|turn|41
|
|t:|1668384685
|move|p2a: OnMaWa|Extreme Speed|p1a: Lugia
|-damage|p1a: Lugia|55/100
|move|p1a: Lugia|Ice Beam|p2a: OnMaWa
|-damage|p2a: OnMaWa|0 fnt
|faint|p2a: OnMaWa
|
|-heal|p1a: Lugia|61/100|[from] item: Leftovers
|upkeep
|
|t:|1668384689
|switch|p2a: soda49r|Darmanitan-Galar, F|69/100
|turn|42
|
|t:|1668384696
|switch|p1a: Zacian|Zacian-Crowned|100/100 par
|-ability|p1a: Zacian|Intrepid Sword|boost
|-boost|p1a: Zacian|atk|1
|-start|p2a: soda49r|Dynamax|
|-heal|p2a: soda49r|69/100|[silent]
|move|p2a: soda49r|Max Hailstorm|p1a: Zacian
|-resisted|p1a: Zacian
|-damage|p1a: Zacian|68/100 par
|-weather|Hail
|
|-weather|Hail|[upkeep]
|-damage|p1a: Zacian|62/100 par|[from] Hail
|upkeep
|turn|43
|
|t:|1668384701
|move|p2a: soda49r|Max Quake|p1a: Zacian
|-supereffective|p1a: Zacian
|-damage|p1a: Zacian|0 fnt
|-boost|p2a: soda49r|spd|1
|faint|p1a: Zacian
|
|-weather|Hail|[upkeep]
|upkeep
|
|t:|1668384721
|switch|p1a: Arceus|Arceus|100/100
|turn|44
|
|t:|1668384727
|move|p2a: soda49r|Max Hailstorm|p1a: Arceus
|-damage|p1a: Arceus|49/100
|move|p1a: Arceus|Substitute|p1a: Arceus
|-start|p1a: Arceus|Substitute
|-damage|p1a: Arceus|24/100
|
|-weather|Hail|[upkeep]
|-damage|p1a: Arceus|18/100|[from] Hail
|-heal|p1a: Arceus|24/100|[from] item: Leftovers
|upkeep
|-end|p2a: soda49r|Dynamax
|-heal|p2a: soda49r|69/100|[silent]
|turn|45
|
|t:|1668384730
|move|p2a: soda49r|U-turn|p1a: Arceus
|-end|p1a: Arceus|Substitute
|
|t:|1668384734
|switch|p2a: ArceusMaliciousJr|Lugia, shiny|82/100|[from]move: U-turn
|move|p1a: Arceus|Swords Dance|p1a: Arceus
|-boost|p1a: Arceus|atk|2
|
|-weather|Hail|[upkeep]
|-damage|p1a: Arceus|18/100|[from] Hail
|-damage|p2a: ArceusMaliciousJr|76/100|[from] Hail
|-heal|p1a: Arceus|24/100|[from] item: Leftovers
|upkeep
|turn|46
|
|t:|1668384737
|-start|p1a: Arceus|Dynamax|
|-heal|p1a: Arceus|24/100|[silent]
|move|p1a: Arceus|Max Strike|p2a: ArceusMaliciousJr
|-damage|p2a: ArceusMaliciousJr|8/100
|-unboost|p2a: ArceusMaliciousJr|spe|1
|move|p2a: ArceusMaliciousJr|Roar|p1a: Arceus
|-block|p1a: Arceus|Dynamax
|
|-weather|none
|-heal|p1a: Arceus|27/100|[from] item: Leftovers
|upkeep
|turn|47
|
|t:|1668384742
|move|p1a: Arceus|Max Strike|p2a: ArceusMaliciousJr
|-damage|p2a: ArceusMaliciousJr|0 fnt
|faint|p2a: ArceusMaliciousJr
|
|-heal|p1a: Arceus|30/100|[from] item: Leftovers
|upkeep
|
|t:|1668384744
|switch|p2a: Dragomir Ayaren|Rayquaza, shiny|100/100
|-ability|p2a: Dragomir Ayaren|Air Lock
|turn|48
|
|t:|1668384746
|detailschange|p2a: Dragomir Ayaren|Rayquaza-Mega, shiny
|-mega|p2a: Dragomir Ayaren|Rayquaza|
|-weather|DeltaStream|[from] ability: Delta Stream|[of] p2a: Dragomir Ayaren
|move|p2a: Dragomir Ayaren|Dragon Ascent|p1a: Arceus
|-damage|p1a: Arceus|1/100
|-unboost|p2a: Dragomir Ayaren|def|1
|-unboost|p2a: Dragomir Ayaren|spd|1
|move|p1a: Arceus|Max Strike|p2a: Dragomir Ayaren
|-enditem|p2a: Dragomir Ayaren|Focus Sash
|-damage|p2a: Dragomir Ayaren|1/100
|-unboost|p2a: Dragomir Ayaren|spe|1
|
|-weather|DeltaStream|[upkeep]
|-heal|p1a: Arceus|4/100|[from] item: Leftovers
|upkeep
|-end|p1a: Arceus|Dynamax
|-heal|p1a: Arceus|4/100|[silent]
|turn|49
|
|t:|1668384752
|move|p1a: Arceus|Extreme Speed|p2a: Dragomir Ayaren
|-damage|p2a: Dragomir Ayaren|0 fnt
|faint|p2a: Dragomir Ayaren
|-weather|none
|
|-heal|p1a: Arceus|10/100|[from] item: Leftovers
|upkeep
|
|t:|1668384755
|switch|p2a: iHaveAsthma|Arceus-Ground, shiny|64/100 tox
|turn|50
|-message|ChunkyRat forfeited.
|
|win|paradoxthetimelord
|raw|paradoxthetimelord's rating: 1576 &rarr; <strong>1608</strong><br />(+32 for winning)
|raw|ChunkyRat's rating: 1809 &rarr; <strong>1777</strong><br />(-32 for losing)
|l|☆ChunkyRat
