|j|☆BloodyEnderman
|j|☆frostcrush
|t:|1658734030
|gametype|singles
|player|p1|BloodyEnderman|ghetsis|1428
|player|p2|frostcrush|101|1524
|teamsize|p1|6
|teamsize|p2|6
|gen|8
|tier|[Gen 8] National Dex AG
|rated|
|rule|HP Percentage Mod: HP is shown in percentages
|rule|Endless Battle Clause: Forcing endless battles is banned
|clearpoke
|poke|p1|Groudon|
|poke|p1|Rayquaza|
|poke|p1|Dialga|
|poke|p1|Kyogre|
|poke|p1|Darkrai|
|poke|p1|Calyrex-Shadow|
|poke|p2|Arceus-*|
|poke|p2|Calyrex-Shadow|
|poke|p2|Deoxys-Attack|
|poke|p2|Forretress, M|
|poke|p2|Marshadow|
|poke|p2|Mewtwo|
|teampreview
|
|t:|1658734035
|start
|switch|p1a: Groudon|Groudon|100/100
|switch|p2a: Forretress|Forretress, M|100/100
|detailschange|p1a: Groudon|Groudon-Primal
|-primal|p1a: Groudon
|-weather|DesolateLand|[from] ability: Desolate Land|[of] p1a: Groudon
|turn|1
|inactive|Battle timer is ON: inactive players will automatically lose when time's up. (requested by frostcrush)
|
|t:|1658734049
|move|p1a: Groudon|Heat Crash|p2a: Forretress
|-supereffective|p2a: Forretress
|-ability|p2a: Forretress|Sturdy
|-damage|p2a: Forretress|1/100
|move|p2a: Forretress|Stealth Rock|p1a: Groudon
|-sidestart|p1: BloodyEnderman|move: Stealth Rock
|
|-weather|DesolateLand|[upkeep]
|upkeep
|turn|2
|-enditem|p2a: Forretress|Custap Berry|[eat]
|-activate|p2a: Forretress|item: Custap Berry|[consumed]
|
|t:|1658734058
|move|p2a: Forretress|Explosion|p1a: Groudon
|-damage|p1a: Groudon|53/100
|faint|p2a: Forretress
|move|p1a: Groudon|Heat Crash|p2: Forretress|[notarget]
|-fail|p1a: Groudon
|
|-weather|DesolateLand|[upkeep]
|upkeep
|
|t:|1658734073
|switch|p2a: Arceus|Arceus-Fairy|100/100
|turn|3
|
|t:|1658734080
|move|p2a: Arceus|Ice Beam|p1a: Groudon
|-damage|p1a: Groudon|20/100
|move|p1a: Groudon|Heat Crash|p2a: Arceus
|-damage|p2a: Arceus|46/100
|
|-weather|DesolateLand|[upkeep]
|upkeep
|turn|4
|
|t:|1658734087
|move|p2a: Arceus|Thunderbolt|p1a: Groudon
|-immune|p1a: Groudon
|move|p1a: Groudon|Earthquake|p2a: Arceus
|-damage|p2a: Arceus|0 fnt
|faint|p2a: Arceus
|
|-weather|DesolateLand|[upkeep]
|upkeep
|
|t:|1658734090
|switch|p2a: Calyrex|Calyrex-Shadow|100/100
|-ability|p2a: Calyrex|As One
|-ability|p2a: Calyrex|Unnerve
|turn|5
|
|t:|1658734105
|move|p2a: Calyrex|Astral Barrage|p1a: Groudon
|-damage|p1a: Groudon|0 fnt
|faint|p1a: Groudon
|-weather|none
|-ability|p2a: Calyrex|Grim Neigh|boost
|-boost|p2a: Calyrex|spa|1
|
|upkeep
|
|t:|1658734115
|switch|p1a: Kyogre|Kyogre|100/100
|-damage|p1a: Kyogre|88/100|[from] Stealth Rock
|detailschange|p1a: Kyogre|Kyogre-Primal
|-primal|p1a: Kyogre
|-weather|PrimordialSea|[from] ability: Primordial Sea|[of] p1a: Kyogre
|turn|6
|
|t:|1658734125
|-start|p2a: Calyrex|Dynamax|
|-heal|p2a: Calyrex|100/100|[silent]
|move|p2a: Calyrex|Max Phantasm|p1a: Kyogre
|-damage|p1a: Kyogre|13/100
|-unboost|p1a: Kyogre|def|1
|move|p1a: Kyogre|Surf|p2a: Calyrex
|-damage|p2a: Calyrex|53/100
|
|-weather|PrimordialSea|[upkeep]
|upkeep
|turn|7
|
|t:|1658734137
|move|p2a: Calyrex|Max Mindstorm|p1a: Kyogre
|-damage|p1a: Kyogre|0 fnt
|-fieldstart|move: Psychic Terrain
|faint|p1a: Kyogre
|-weather|none
|-ability|p2a: Calyrex|Grim Neigh|boost
|-boost|p2a: Calyrex|spa|1
|
|upkeep
|
|t:|1658734144
|switch|p1a: Rayquaza|Rayquaza, shiny|100/100
|-damage|p1a: Rayquaza|75/100|[from] Stealth Rock
|-ability|p1a: Rayquaza|Air Lock
|turn|8
|
|t:|1658734153
|detailschange|p1a: Rayquaza|Rayquaza-Mega, shiny
|-mega|p1a: Rayquaza|Rayquaza|
|-weather|DeltaStream|[from] ability: Delta Stream|[of] p1a: Rayquaza
|move|p2a: Calyrex|Max Starfall|p1a: Rayquaza
|-supereffective|p1a: Rayquaza
|-damage|p1a: Rayquaza|0 fnt
|-fieldstart|move: Misty Terrain
|faint|p1a: Rayquaza
|-weather|none
|-ability|p2a: Calyrex|Grim Neigh|boost
|-boost|p2a: Calyrex|spa|1
|
|upkeep
|
|t:|1658734169
|switch|p1a: Calyrex|Calyrex-Shadow|100/100
|-ability|p1a: Calyrex|As One
|-ability|p1a: Calyrex|Unnerve
|-damage|p1a: Calyrex|88/100|[from] Stealth Rock
|-end|p2a: Calyrex|Dynamax
|-heal|p2a: Calyrex|53/100|[silent]
|turn|9
|
|t:|1658734181
|-start|p1a: Calyrex|Dynamax|
|-heal|p1a: Calyrex|88/100|[silent]
|move|p2a: Calyrex|Astral Barrage|p1a: Calyrex
|-supereffective|p1a: Calyrex
|-damage|p1a: Calyrex|0 fnt
|faint|p1a: Calyrex
|-ability|p2a: Calyrex|Grim Neigh|boost
|-boost|p2a: Calyrex|spa|1
|
|upkeep
|
|t:|1658734191
|switch|p1a: Darkrai|Darkrai|100/100
|-damage|p1a: Darkrai|88/100|[from] Stealth Rock
|turn|10
|
|t:|1658734196
|move|p2a: Calyrex|Draining Kiss|p1a: Darkrai
|-supereffective|p1a: Darkrai
|-damage|p1a: Darkrai|0 fnt
|-heal|p2a: Calyrex|100/100|[from] drain|[of] p1a: Darkrai
|faint|p1a: Darkrai
|-ability|p2a: Calyrex|Grim Neigh|boost
|-boost|p2a: Calyrex|spa|1
|
|upkeep
|
|t:|1658734204
|switch|p1a: Dialga|Dialga|100/100
|-damage|p1a: Dialga|94/100|[from] Stealth Rock
|-ability|p1a: Dialga|Pressure
|turn|11
|
|t:|1658734211
|move|p2a: Calyrex|Draining Kiss|p1a: Dialga
|-damage|p1a: Dialga|35/100
|move|p1a: Dialga|Dragon Pulse|p2a: Calyrex
|-damage|p2a: Calyrex|70/100
|
|upkeep
|turn|12
|
|t:|1658734218
|move|p2a: Calyrex|Draining Kiss|p1a: Dialga
|-damage|p1a: Dialga|0 fnt
|-heal|p2a: Calyrex|96/100|[from] drain|[of] p1a: Dialga
|faint|p1a: Dialga
|
|win|frostcrush
|raw|BloodyEnderman's rating: 1428 &rarr; <strong>1413</strong><br />(-15 for losing)
|raw|frostcrush's rating: 1524 &rarr; <strong>1539</strong><br />(+15 for winning)
|c|☆frostcrush|swept
|l|☆BloodyEnderman
