|j|☆Cyanidk
|j|☆KokoroSenpai
|t:|1660835199
|gametype|singles
|player|p1|Cyanidk|bugsy|1299
|player|p2|KokoroSenpai|lucas|1330
|teamsize|p1|6
|teamsize|p2|6
|gen|8
|tier|[Gen 8] National Dex AG
|rated|
|rule|HP Percentage Mod: HP is shown in percentages
|rule|Endless Battle Clause: Forcing endless battles is banned
|clearpoke
|poke|p1|Salamence, M|
|poke|p1|Dracozolt|
|poke|p1|Melmetal|
|poke|p1|Dialga|
|poke|p1|Garchomp, M|
|poke|p1|Dragonite, F|
|poke|p2|Smeargle, M|
|poke|p2|Smeargle, M|
|poke|p2|Smeargle, F|
|poke|p2|Smeargle, M|
|poke|p2|Smeargle, M|
|poke|p2|Smeargle, F|
|teampreview
|inactive|Battle timer is ON: inactive players will automatically lose when time's up. (requested by KokoroSenpai)
|
|t:|1660835227
|start
|switch|p1a: Garchomp|Garchomp, M|100/100
|switch|p2a: Smeargle|Smeargle, M|100/100
|turn|1
|
|t:|1660835233
|move|p1a: Garchomp|Stealth Rock|p2a: Smeargle
|-sidestart|p2: KokoroSenpai|move: Stealth Rock
|move|p2a: Smeargle|Spore|p1a: Garchomp
|-status|p1a: Garchomp|slp|[from] move: Spore
|
|-ability|p2a: Smeargle|Moody|boost
|-boost|p2a: Smeargle|atk|2
|-unboost|p2a: Smeargle|spe|1
|upkeep
|turn|2
|
|t:|1660835244
|switch|p1a: Dragonite|Dragonite, F|100/100
|move|p2a: Smeargle|Shell Smash|p2a: Smeargle
|-unboost|p2a: Smeargle|def|1
|-unboost|p2a: Smeargle|spd|1
|-boost|p2a: Smeargle|atk|2
|-boost|p2a: Smeargle|spa|2
|-boost|p2a: Smeargle|spe|2
|
|-ability|p2a: Smeargle|Moody|boost
|-boost|p2a: Smeargle|atk|2
|-unboost|p2a: Smeargle|def|1
|upkeep
|turn|3
|
|t:|1660835258
|move|p1a: Dragonite|Extreme Speed|p2a: Smeargle
|-enditem|p2a: Smeargle|Focus Sash
|-damage|p2a: Smeargle|1/100
|move|p2a: Smeargle|Spore|p1a: Dragonite
|-status|p1a: Dragonite|slp|[from] move: Spore
|
|-ability|p2a: Smeargle|Moody|boost
|-boost|p2a: Smeargle|spe|2
|-unboost|p2a: Smeargle|def|1
|upkeep
|turn|4
|
|t:|1660835269
|cant|p1a: Dragonite|slp
|move|p2a: Smeargle|Baton Pass|p2a: Smeargle
|
|t:|1660835278
|switch|p2a: Smeargle|Smeargle, F|100/100|[from]move: Baton Pass
|
|-ability|p2a: Smeargle|Moody|boost
|-boost|p2a: Smeargle|def|2
|-unboost|p2a: Smeargle|spd|1
|upkeep
|turn|5
|
|t:|1660835286
|-curestatus|p1a: Dragonite|slp|[msg]
|move|p1a: Dragonite|Extreme Speed|p2a: Smeargle
|-damage|p2a: Smeargle|0 fnt
|faint|p2a: Smeargle
|
|upkeep
|
|t:|1660835296
|switch|p2a: Smeargle|Smeargle, M|100/100
|-damage|p2a: Smeargle|88/100|[from] Stealth Rock
|turn|6
|
|t:|1660835302
|move|p1a: Dragonite|Extreme Speed|p2a: Smeargle
|-damage|p2a: Smeargle|0 fnt
|faint|p2a: Smeargle
|
|upkeep
|-message|KokoroSenpai forfeited.
|
|win|Cyanidk
|raw|Cyanidk's rating: 1299 &rarr; <strong>1326</strong><br />(+27 for winning)
|raw|KokoroSenpai's rating: 1330 &rarr; <strong>1308</strong><br />(-22 for losing)
|l|☆KokoroSenpai
|l|☆Cyanidk
|j| snassled¬
|j|☆Cyanidk
|player|p1|Cyanidk|bugsy
||Ladder isn't responding, score probably updated but might not have (Request timeout).
