|j|☆Naofumi_Bakugo_Jax
|j|☆TestAcc45
|t:|1663745264
|gametype|singles
|player|p1|Naofumi_Bakugo_Jax|blue|1687
|player|p2|TestAcc45|riley|1582
|teamsize|p1|6
|teamsize|p2|6
|gen|8
|tier|[Gen 8] National Dex AG
|rated|
|rule|HP Percentage Mod: HP is shown in percentages
|rule|Endless Battle Clause: Forcing endless battles is banned
|clearpoke
|poke|p1|Zacian-*|
|poke|p1|Calyrex-Shadow|
|poke|p1|Yveltal|
|poke|p1|Arceus-*|
|poke|p1|Swampert, M|
|poke|p1|Kyogre|
|poke|p2|Ditto|
|poke|p2|Kyogre|
|poke|p2|Quagsire, M|
|poke|p2|Rayquaza|
|poke|p2|Yveltal|
|poke|p2|Zacian-*|
|teampreview
|inactive|Battle timer is ON: inactive players will automatically lose when time's up. (requested by TestAcc45)
|inactive|Naofumi_Bakugo_Jax has 120 seconds left.
|
|t:|1663745298
|start
|switch|p1a: Kyogre|Kyogre|100/100
|switch|p2a: Yveltal|Yveltal|100/100
|-weather|RainDance|[from] ability: Drizzle|[of] p1a: Kyogre
|-ability|p2a: Yveltal|Dark Aura
|turn|1
|
|t:|1663745314
|move|p1a: Kyogre|Ice Beam|p2a: Yveltal
|-supereffective|p2a: Yveltal
|-damage|p2a: Yveltal|38/100
|move|p2a: Yveltal|Dark Pulse|p1a: Kyogre
|-damage|p1a: Kyogre|49/100
|-damage|p2a: Yveltal|28/100|[from] item: Life Orb
|
|-weather|RainDance|[upkeep]
|upkeep
|turn|2
|
|t:|1663745322
|switch|p2a: Kyogre|Kyogre|100/100
|move|p1a: Kyogre|Ice Beam|p2a: Kyogre
|-resisted|p2a: Kyogre
|-damage|p2a: Kyogre|86/100
|
|-weather|RainDance|[upkeep]
|upkeep
|turn|3
|inactive|Naofumi_Bakugo_Jax has 120 seconds left.
|inactive|Naofumi_Bakugo_Jax has 90 seconds left.
|
|t:|1663745385
|switch|p1a: Swampert|Swampert, M|100/100
|move|p2a: Kyogre|Origin Pulse|p1a: Swampert
|-damage|p1a: Swampert|0 fnt
|faint|p1a: Swampert
|
|-weather|RainDance|[upkeep]
|upkeep
|inactive|Naofumi_Bakugo_Jax has 90 seconds left.
|
|t:|1663745410
|switch|p1a: Arceus|Arceus, shiny|100/100
|turn|4
|
|t:|1663745420
|move|p2a: Kyogre|Origin Pulse|p1a: Arceus
|-damage|p1a: Arceus|35/100
|move|p1a: Arceus|Tailwind|p1a: Arceus
|-sidestart|p1: Naofumi_Bakugo_Jax|move: Tailwind
|
|-weather|RainDance|[upkeep]
|upkeep
|turn|5
|
|t:|1663745432
|switch|p2a: Quagsire|Quagsire, M|100/100
|move|p1a: Arceus|Reflect|p1a: Arceus
|-sidestart|p1: Naofumi_Bakugo_Jax|Reflect
|
|-weather|none
|upkeep
|turn|6
|
|t:|1663745437
|move|p1a: Arceus|Magic Coat|p1a: Arceus
|-singleturn|p1a: Arceus|move: Magic Coat
|move|p2a: Quagsire|Scald|p1a: Arceus
|-damage|p1a: Arceus|23/100
|-status|p1a: Arceus|brn
|
|-damage|p1a: Arceus|17/100 brn|[from] brn
|upkeep
|turn|7
|inactive|Naofumi_Bakugo_Jax has 90 seconds left.
|
|t:|1663745451
|move|p1a: Arceus|Extreme Speed|p2a: Quagsire
|-damage|p2a: Quagsire|86/100
|-damage|p1a: Arceus|0 fnt|[from] item: Rocky Helmet|[of] p2a: Quagsire
|faint|p1a: Arceus
|move|p2a: Quagsire|Stockpile|p2a: Quagsire
|-start|p2a: Quagsire|stockpile1
|-boost|p2a: Quagsire|def|1
|-boost|p2a: Quagsire|spd|1
|
|-sideend|p1: Naofumi_Bakugo_Jax|move: Tailwind
|upkeep
|
|t:|1663745463
|switch|p1a: Kyogre|Kyogre|49/100
|-weather|RainDance|[from] ability: Drizzle|[of] p1a: Kyogre
|turn|8
|
|t:|1663745471
|move|p1a: Kyogre|Hidden Power|p2a: Quagsire
|-supereffective|p2a: Quagsire
|-damage|p2a: Quagsire|3/100
|move|p2a: Quagsire|Toxic|p1a: Kyogre
|-status|p1a: Kyogre|tox
|
|-weather|RainDance|[upkeep]
|-damage|p1a: Kyogre|43/100 tox|[from] psn
|upkeep
|turn|9
|inactive|Naofumi_Bakugo_Jax has 90 seconds left.
|
|t:|1663745500
|-start|p1a: Kyogre|Dynamax|
|-heal|p1a: Kyogre|43/100 tox|[silent]
|move|p1a: Kyogre|Max Geyser|p2a: Quagsire
|-damage|p2a: Quagsire|0 fnt
|faint|p2a: Quagsire
|
|-weather|RainDance|[upkeep]
|-damage|p1a: Kyogre|37/100 tox|[from] psn
|upkeep
|
|t:|1663745508
|switch|p2a: Kyogre|Kyogre|86/100
|turn|10
|
|t:|1663745516
|move|p2a: Kyogre|Thunder|p1a: Kyogre
|-supereffective|p1a: Kyogre
|-damage|p1a: Kyogre|5/100 tox
|move|p1a: Kyogre|Max Overgrowth|p2a: Kyogre
|-supereffective|p2a: Kyogre
|-crit|p2a: Kyogre
|-damage|p2a: Kyogre|0 fnt
|-fieldstart|move: Grassy Terrain
|faint|p2a: Kyogre
|
|-weather|RainDance|[upkeep]
|-heal|p1a: Kyogre|8/100 tox|[from] Grassy Terrain
|-damage|p1a: Kyogre|0 fnt|[from] psn
|faint|p1a: Kyogre
|upkeep
|
|t:|1663745545
|switch|p2a: Yveltal|Yveltal|28/100
|switch|p1a: Zacian|Zacian-Crowned|100/100
|-ability|p1a: Zacian|Intrepid Sword|boost
|-boost|p1a: Zacian|atk|1
|-ability|p2a: Yveltal|Dark Aura
|turn|11
|
|t:|1663745553
|move|p2a: Yveltal|Sucker Punch|p1a: Zacian
|-resisted|p1a: Zacian
|-damage|p1a: Zacian|90/100
|-damage|p2a: Yveltal|18/100|[from] item: Life Orb
|move|p1a: Zacian|Behemoth Blade|p2a: Yveltal
|-damage|p2a: Yveltal|0 fnt
|faint|p2a: Yveltal
|
|-weather|RainDance|[upkeep]
|-heal|p1a: Zacian|96/100|[from] Grassy Terrain
|upkeep
|
|t:|1663745556
|switch|p2a: Ditto|Ditto|100/100
|-transform|p2a: Ditto|p1a: Zacian|[from] ability: Imposter
|-ability|p2a: Ditto|Intrepid Sword|boost
|-boost|p2a: Ditto|atk|1
|turn|12
|
|t:|1663745564
|move|p2a: Ditto|Behemoth Blade|p1a: Zacian
|-damage|p1a: Zacian|36/100
|move|p1a: Zacian|Behemoth Blade|p2a: Ditto
|-damage|p2a: Ditto|0 fnt
|faint|p2a: Ditto
|
|-weather|none
|-heal|p1a: Zacian|42/100|[from] Grassy Terrain
|-sideend|p1: Naofumi_Bakugo_Jax|Reflect
|upkeep
|
|t:|1663745576
|switch|p2a: Zacian|Zacian-Crowned|100/100
|-ability|p2a: Zacian|Intrepid Sword|boost
|-boost|p2a: Zacian|atk|1
|turn|13
|inactive|Naofumi_Bakugo_Jax has 90 seconds left.
|inactive|Naofumi_Bakugo_Jax has 60 seconds left.
|
|t:|1663745635
|switch|p1a: Calyrex|Calyrex-Shadow|100/100
|-ability|p1a: Calyrex|As One
|-ability|p1a: Calyrex|Unnerve
|move|p2a: Zacian|Behemoth Blade|p1a: Calyrex
|-enditem|p1a: Calyrex|Focus Sash
|-damage|p1a: Calyrex|1/100
|
|-heal|p1a: Calyrex|7/100|[from] Grassy Terrain
|upkeep
|turn|14
|
|t:|1663745644
|move|p1a: Calyrex|Astral Barrage|p2a: Zacian
|-damage|p2a: Zacian|27/100
|move|p2a: Zacian|Crunch|p1a: Calyrex
|-supereffective|p1a: Calyrex
|-damage|p1a: Calyrex|0 fnt
|faint|p1a: Calyrex
|
|-heal|p2a: Zacian|33/100|[from] Grassy Terrain
|-fieldend|move: Grassy Terrain
|upkeep
|
|t:|1663745649
|switch|p1a: Yveltal|Yveltal, shiny|100/100
|-ability|p1a: Yveltal|Dark Aura
|turn|15
|inactive|Naofumi_Bakugo_Jax has 30 seconds left.
|inactive|Naofumi_Bakugo_Jax has 20 seconds left.
|
|t:|1663745691
|move|p1a: Yveltal|Tailwind|p1a: Yveltal
|-sidestart|p1: Naofumi_Bakugo_Jax|move: Tailwind
|move|p2a: Zacian|Close Combat|p1a: Yveltal
|-damage|p1a: Yveltal|31/100
|-unboost|p2a: Zacian|def|1
|-unboost|p2a: Zacian|spd|1
|
|upkeep
|turn|16
|inactive|Naofumi_Bakugo_Jax has 30 seconds left this turn.
|inactive|Naofumi_Bakugo_Jax has 20 seconds left.
|
|t:|1663745704
|move|p1a: Yveltal|Tailwind||[still]
|-fail|p1a: Yveltal
|move|p2a: Zacian|Behemoth Blade|p1a: Yveltal
|-damage|p1a: Yveltal|0 fnt
|faint|p1a: Yveltal
|
|upkeep
|inactive|Naofumi_Bakugo_Jax has 25 seconds left this turn.
|
|t:|1663745706
|switch|p1a: Zacian|Zacian-Crowned|42/100
|-ability|p1a: Zacian|Intrepid Sword|boost
|-boost|p1a: Zacian|atk|1
|turn|17
|
|t:|1663745717
|move|p1a: Zacian|Behemoth Blade|p2a: Zacian
|-damage|p2a: Zacian|0 fnt
|faint|p2a: Zacian
|
|upkeep
|
|t:|1663745719
|switch|p2a: Rayquaza|Rayquaza|100/100
|-ability|p2a: Rayquaza|Air Lock
|turn|18
|
|t:|1663745726
|detailschange|p2a: Rayquaza|Rayquaza-Mega
|-mega|p2a: Rayquaza|Rayquaza|
|-weather|DeltaStream|[from] ability: Delta Stream|[of] p2a: Rayquaza
|move|p1a: Zacian|Behemoth Blade|p2a: Rayquaza
|-damage|p2a: Rayquaza|0 fnt
|faint|p2a: Rayquaza
|-weather|none
|
|win|Naofumi_Bakugo_Jax
|raw|Naofumi_Bakugo_Jax's rating: 1687 &rarr; <strong>1701</strong><br />(+14 for winning)
|raw|TestAcc45's rating: 1582 &rarr; <strong>1568</strong><br />(-14 for losing)
