|j|☆aseeasase
|j|☆Daviaozin
|t:|1656403782
|gametype|singles
|player|p1|aseeasase|101|1533
|player|p2|Daviaozin|101|1594
|teamsize|p1|6
|teamsize|p2|6
|gen|8
|tier|[Gen 8] National Dex AG
|rated|
|rule|HP Percentage Mod: HP is shown in percentages
|rule|Endless Battle Clause: Forcing endless battles is banned
|clearpoke
|poke|p1|Ribombee, F|
|poke|p1|Lugia|
|poke|p1|Genesect-Shock|
|poke|p1|Absol, M|
|poke|p1|Arceus-*|
|poke|p1|Arceus-*|
|poke|p2|Yveltal|
|poke|p2|Smeargle, M|
|poke|p2|Rayquaza|
|poke|p2|Calyrex-Shadow|
|poke|p2|Zacian-*|
|poke|p2|Marshadow|
|teampreview
|
|t:|1656403791
|start
|switch|p1a: Absol|Absol, M|100/100
|switch|p2a: Smeargle|Smeargle, M|100/100
|-ability|p1a: Absol|Pressure
|turn|1
|
|t:|1656403806
|switch|p2a: Zacian|Zacian-Crowned|100/100
|-ability|p2a: Zacian|Intrepid Sword|boost
|-boost|p2a: Zacian|atk|1
|detailschange|p1a: Absol|Absol-Mega, M
|-mega|p1a: Absol|Absol|Absolite
|move|p1a: Absol|Taunt|p2a: Zacian
|-start|p2a: Zacian|move: Taunt
|
|upkeep
|turn|2
|
|t:|1656403824
|switch|p1a: Arceus|Arceus-Fire|100/100
|move|p2a: Zacian|Sacred Sword|p1a: Arceus
|-damage|p1a: Arceus|56/100
|
|upkeep
|turn|3
|
|t:|1656403839
|switch|p2a: Rayquaza|Rayquaza|100/100
|-ability|p2a: Rayquaza|Air Lock
|-zpower|p1a: Arceus
|move|p1a: Arceus|Inferno Overdrive|p2a: Rayquaza|[zeffect]
|-resisted|p2a: Rayquaza
|-damage|p2a: Rayquaza|43/100
|
|upkeep
|turn|4
|
|t:|1656403860
|detailschange|p2a: Rayquaza|Rayquaza-Mega
|-mega|p2a: Rayquaza|Rayquaza|
|-weather|DeltaStream|[from] ability: Delta Stream|[of] p2a: Rayquaza
|move|p2a: Rayquaza|Earthquake|p1a: Arceus
|-supereffective|p1a: Arceus
|-damage|p1a: Arceus|0 fnt
|faint|p1a: Arceus
|
|-weather|DeltaStream|[upkeep]
|upkeep
|
|t:|1656403869
|switch|p1a: Ribombee|Ribombee, F|100/100
|turn|5
|
|t:|1656403875
|move|p2a: Rayquaza|Extreme Speed|p1a: Ribombee
|-damage|p1a: Ribombee|42/100
|move|p1a: Ribombee|Sticky Web|p2a: Rayquaza
|-sidestart|p2: Daviaozin|move: Sticky Web
|
|-weather|DeltaStream|[upkeep]
|upkeep
|turn|6
|
|t:|1656403891
|move|p2a: Rayquaza|Extreme Speed|p1a: Ribombee
|-damage|p1a: Ribombee|0 fnt
|faint|p1a: Ribombee
|
|-weather|DeltaStream|[upkeep]
|upkeep
|
|t:|1656403904
|switch|p1a: Genesect|Genesect-Shock|100/100
|-ability|p1a: Genesect|Download|boost
|-boost|p1a: Genesect|spa|1
|turn|7
|
|t:|1656403912
|move|p2a: Rayquaza|Extreme Speed|p1a: Genesect
|-resisted|p1a: Genesect
|-damage|p1a: Genesect|77/100
|move|p1a: Genesect|Ice Beam|p2a: Rayquaza
|-activate||deltastream
|-supereffective|p2a: Rayquaza
|-damage|p2a: Rayquaza|0 fnt
|faint|p2a: Rayquaza
|-weather|none
|
|upkeep
|
|t:|1656403921
|switch|p2a: Smeargle|Smeargle, M|100/100
|-activate|p2a: Smeargle|move: Sticky Web
|-unboost|p2a: Smeargle|spe|1
|turn|8
|
|t:|1656403933
|switch|p1a: Absol|Absol-Mega, M|100/100
|move|p2a: Smeargle|Spore|p1a: Absol
|move|p1a: Absol|Spore|p2a: Smeargle|[from]ability: Magic Bounce
|-status|p2a: Smeargle|slp|[from] move: Spore
|
|-ability|p2a: Smeargle|Moody|boost
|-boost|p2a: Smeargle|spd|2
|-unboost|p2a: Smeargle|spe|1
|upkeep
|turn|9
|
|t:|1656403946
|move|p1a: Absol|Pursuit|p2a: Smeargle
|-damage|p2a: Smeargle|59/100 slp
|cant|p2a: Smeargle|slp
|
|-ability|p2a: Smeargle|Moody|boost
|-boost|p2a: Smeargle|spd|2
|-unboost|p2a: Smeargle|def|1
|upkeep
|turn|10
|
|t:|1656403956
|move|p1a: Absol|Pursuit|p2a: Smeargle
|-damage|p2a: Smeargle|0 fnt
|faint|p2a: Smeargle
|
|upkeep
|
|t:|1656403963
|switch|p2a: Zacian|Zacian-Crowned|100/100
|-activate|p2a: Zacian|move: Sticky Web
|-unboost|p2a: Zacian|spe|1
|-ability|p2a: Zacian|Intrepid Sword|boost
|-boost|p2a: Zacian|atk|1
|turn|11
|
|t:|1656403974
|move|p1a: Absol|Will-O-Wisp|p2a: Zacian
|-status|p2a: Zacian|brn
|move|p2a: Zacian|Sacred Sword|p1a: Absol
|-supereffective|p1a: Absol
|-damage|p1a: Absol|0 fnt
|faint|p1a: Absol
|
|-damage|p2a: Zacian|94/100 brn|[from] brn
|upkeep
|
|t:|1656403989
|switch|p1a: Arceus|Arceus-Electric|100/100
|turn|12
|
|t:|1656403995
|move|p1a: Arceus|Calm Mind|p1a: Arceus
|-boost|p1a: Arceus|spa|1
|-boost|p1a: Arceus|spd|1
|move|p2a: Zacian|Behemoth Blade|p1a: Arceus
|-resisted|p1a: Arceus
|-damage|p1a: Arceus|82/100
|
|-damage|p2a: Zacian|88/100 brn|[from] brn
|upkeep
|turn|13
|
|t:|1656404010
|-start|p1a: Arceus|Dynamax|
|-heal|p1a: Arceus|82/100|[silent]
|move|p1a: Arceus|Max Lightning|p2a: Zacian
|-damage|p2a: Zacian|0 fnt
|-fieldstart|move: Electric Terrain
|faint|p2a: Zacian
|
|upkeep
|
|t:|1656404024
|switch|p2a: Marshadow|Marshadow|100/100
|-activate|p2a: Marshadow|move: Sticky Web
|-unboost|p2a: Marshadow|spe|1
|turn|14
|
|t:|1656404034
|move|p1a: Arceus|Max Lightning|p2a: Marshadow
|-enditem|p2a: Marshadow|Focus Sash
|-damage|p2a: Marshadow|1/100
|move|p2a: Marshadow|Endeavor|p1a: Arceus
|-damage|p1a: Arceus|41/100
|
|upkeep
|turn|15
|
|t:|1656404046
|move|p2a: Marshadow|Shadow Sneak|p1a: Arceus
|-damage|p1a: Arceus|30/100
|move|p1a: Arceus|Max Quake|p2a: Marshadow
|-damage|p2a: Marshadow|0 fnt
|-boost|p1a: Arceus|spd|1
|faint|p2a: Marshadow
|
|upkeep
|
|t:|1656404058
|switch|p2a: Yveltal|Yveltal|100/100
|-ability|p2a: Yveltal|Dark Aura
|-end|p1a: Arceus|Dynamax
|-heal|p1a: Arceus|30/100|[silent]
|turn|16
|
|t:|1656404076
|-start|p2a: Yveltal|Dynamax|
|-heal|p2a: Yveltal|100/100|[silent]
|move|p1a: Arceus|Thunderbolt|p2a: Yveltal
|-supereffective|p2a: Yveltal
|-damage|p2a: Yveltal|28/100
|move|p2a: Yveltal|Max Airstream|p1a: Arceus
|-resisted|p1a: Arceus
|-damage|p1a: Arceus|17/100
|-boost|p2a: Yveltal|spe|1
|
|-heal|p2a: Yveltal|31/100|[from] item: Leftovers
|upkeep
|turn|17
|
|t:|1656404091
|move|p2a: Yveltal|Max Darkness|p1a: Arceus
|-damage|p1a: Arceus|0 fnt
|faint|p1a: Arceus
|
|-heal|p2a: Yveltal|34/100|[from] item: Leftovers
|-fieldend|move: Electric Terrain
|upkeep
|
|t:|1656404106
|switch|p1a: Lugia|Lugia|100/100
|turn|18
|
|t:|1656404115
|move|p2a: Yveltal|Max Darkness|p1a: Lugia
|-supereffective|p1a: Lugia
|-damage|p1a: Lugia|33/100
|-unboost|p1a: Lugia|spd|1
|-enditem|p1a: Lugia|Weakness Policy
|-boost|p1a: Lugia|atk|2|[from] item: Weakness Policy
|-boost|p1a: Lugia|spa|2|[from] item: Weakness Policy
|move|p1a: Lugia|Ice Beam|p2a: Yveltal
|-supereffective|p2a: Yveltal
|-damage|p2a: Yveltal|0 fnt
|faint|p2a: Yveltal
|
|upkeep
|
|t:|1656404128
|switch|p2a: Calyrex|Calyrex-Shadow|100/100
|-ability|p2a: Calyrex|As One
|-ability|p2a: Calyrex|Unnerve
|-activate|p2a: Calyrex|move: Sticky Web
|-unboost|p2a: Calyrex|spe|1
|turn|19
|
|t:|1656404139
|move|p1a: Lugia|Aeroblast|p2a: Calyrex
|-damage|p2a: Calyrex|16/100
|move|p2a: Calyrex|Astral Barrage|p1a: Lugia
|-supereffective|p1a: Lugia
|-damage|p1a: Lugia|0 fnt
|faint|p1a: Lugia
|-ability|p2a: Calyrex|Grim Neigh|boost
|-boost|p2a: Calyrex|spa|1
|
|upkeep
|
|t:|1656404150
|switch|p1a: Genesect|Genesect-Shock|77/100
|-ability|p1a: Genesect|Download|boost
|-boost|p1a: Genesect|atk|1
|turn|20
|
|t:|1656404158
|move|p1a: Genesect|Techno Blast|p2a: Calyrex
|-crit|p2a: Calyrex
|-damage|p2a: Calyrex|0 fnt
|faint|p2a: Calyrex
|
|win|aseeasase
|raw|aseeasase's rating: 1533 &rarr; <strong>1556</strong><br />(+23 for winning)
|raw|Daviaozin's rating: 1594 &rarr; <strong>1571</strong><br />(-23 for losing)
