|j|☆MurderousMantyke
|j|☆chaos magic
|t:|1664657466
|gametype|singles
|player|p1|MurderousMantyke|#helpstaffxmas|
|player|p2|chaos magic|#maroon|
|teamsize|p1|6
|teamsize|p2|6
|gen|8
|tier|[Gen 8] National Dex AG
|rated|Tournament battle
|rule|HP Percentage Mod: HP is shown in percentages
|rule|Endless Battle Clause: Forcing endless battles is banned
|rule|Dynamax Clause: You cannot dynamax
|rule|Mega Rayquaza Clause: You cannot mega evolve Rayquaza
|rule|OHKO Clause: OHKO moves are banned
|rule|Same Type Clause: Pokémon in a team must share a type
|rule|Sleep Clause Mod: Limit one foe put to sleep
|rule|Species Clause: Limit one of each Pokémon
|clearpoke
|poke|p1|Arceus-*|
|poke|p1|Ho-Oh|
|poke|p1|Landorus, M|
|poke|p1|Salamence, F|
|poke|p1|Yveltal|
|poke|p1|Lugia|
|poke|p2|Mewtwo|
|poke|p2|Deoxys-Attack|
|poke|p2|Lunala|
|poke|p2|Tapu Lele|
|poke|p2|Necrozma-Dusk-Mane|
|poke|p2|Slowbro, M|
|teampreview
|inactive|Battle timer is ON: inactive players will automatically lose when time's up. (requested by MurderousMantyke)
|c|☆chaos magic|hf
|c|☆MurderousMantyke|hf
|
|t:|1664657487
|start
|switch|p1a: Yveltal|Yveltal|100/100
|switch|p2a: artemis|Mewtwo|100/100
|-ability|p2a: artemis|Pressure
|-ability|p1a: Yveltal|Dark Aura
|turn|1
|j|%Maj1nV
|
|t:|1664657496
|detailschange|p2a: artemis|Mewtwo-Mega-X
|-mega|p2a: artemis|Mewtwo|Mewtwonite X
|move|p2a: artemis|Stone Edge|p1a: Yveltal
|-supereffective|p1a: Yveltal
|-damage|p1a: Yveltal|18/100
|move|p1a: Yveltal|Dark Pulse|p2a: artemis
|-damage|p2a: artemis|23/100
|-damage|p1a: Yveltal|8/100|[from] item: Life Orb
|
|upkeep
|turn|2
|
|t:|1664657506
|switch|p2a: ms martian|Tapu Lele|100/100
|-fieldstart|move: Psychic Terrain|[from] ability: Psychic Surge|[of] p2a: ms martian
|switch|p1a: Lugia|Lugia|100/100
|
|upkeep
|turn|3
|
|t:|1664657509
|move|p1a: Lugia|Toxic|p2a: ms martian
|-status|p2a: ms martian|tox
|move|p2a: ms martian|Taunt|p1a: Lugia
|-start|p1a: Lugia|move: Taunt
|
|-damage|p2a: ms martian|94/100 tox|[from] psn
|upkeep
|turn|4
|
|t:|1664657513
|switch|p1a: Yveltal|Yveltal|8/100
|-ability|p1a: Yveltal|Dark Aura
|move|p2a: ms martian|Nature's Madness|p1a: Yveltal
|-damage|p1a: Yveltal|4/100
|
|-damage|p2a: ms martian|82/100 tox|[from] psn
|upkeep
|turn|5
|
|t:|1664657516
|move|p2a: ms martian|Moonblast|p1a: Yveltal
|-supereffective|p1a: Yveltal
|-damage|p1a: Yveltal|0 fnt
|faint|p1a: Yveltal
|
|-damage|p2a: ms martian|64/100 tox|[from] psn
|upkeep
|
|t:|1664657521
|switch|p1a: Landorus|Landorus, M|100/100
|turn|6
|
|t:|1664657525
|switch|p2a: zatanna|Lunala|100/100
|move|p1a: Landorus|Earth Power|p2a: zatanna
|-damage|p2a: zatanna|73/100
|
|upkeep
|turn|7
|
|t:|1664657528
|move|p2a: zatanna|Moongeist Beam|p1a: Landorus
|-damage|p1a: Landorus|35/100
|move|p1a: Landorus|Earth Power|p2a: zatanna
|-damage|p2a: zatanna|15/100
|
|upkeep
|turn|8
|
|t:|1664657535
|switch|p1a: Ho-Oh|Ho-Oh|100/100
|move|p2a: zatanna|Moongeist Beam|p1a: Ho-Oh
|-damage|p1a: Ho-Oh|75/100
|
|upkeep
|turn|9
|
|t:|1664657540
|switch|p2a: aqua lad|Slowbro, M|100/100
|move|p1a: Ho-Oh|Thunder Wave|p2a: aqua lad
|-status|p2a: aqua lad|par
|
|-fieldend|move: Psychic Terrain
|upkeep
|turn|10
|
|t:|1664657544
|switch|p1a: Landorus|Landorus, M|35/100
|cant|p2a: aqua lad|par
|
|upkeep
|turn|11
|
|t:|1664657547
|move|p1a: Landorus|Earth Power|p2a: aqua lad
|-damage|p2a: aqua lad|38/100 par
|cant|p2a: aqua lad|par
|
|upkeep
|turn|12
|c|☆MurderousMantyke|unfort
|
|t:|1664657552
|switch|p2a: zatanna|Lunala|15/100
|move|p1a: Landorus|Earth Power|p2a: zatanna
|-damage|p2a: zatanna|0 fnt
|faint|p2a: zatanna
|
|upkeep
|
|t:|1664657554
|switch|p2a: the kid flash|Deoxys-Attack|100/100
|-ability|p2a: the kid flash|Pressure
|turn|13
|j| REDACTED ♤ TRAINER
|
|t:|1664657570
|switch|p1a: Ho-Oh|Ho-Oh|100/100
|move|p2a: the kid flash|Ice Beam|p1a: Ho-Oh
|-damage|p1a: Ho-Oh|79/100
|-damage|p2a: the kid flash|91/100|[from] item: Life Orb
|
|upkeep
|turn|14
|
|t:|1664657575
|switch|p2a: aqua lad|Slowbro, M|71/100 par
|move|p1a: Ho-Oh|Brave Bird|p2a: aqua lad
|-damage|p2a: aqua lad|34/100 par
|-damage|p1a: Ho-Oh|67/100|[from] Recoil
|
|upkeep
|turn|15
|
|t:|1664657578
|move|p1a: Ho-Oh|Brave Bird|p2a: aqua lad
|-damage|p2a: aqua lad|0 fnt
|faint|p2a: aqua lad
|-damage|p1a: Ho-Oh|57/100|[from] Recoil
|
|upkeep
|
|t:|1664657582
|switch|p2a: artemis|Mewtwo-Mega-X|23/100
|turn|16
|j| smoolic alt
|l| REDACTED ♤ TRAINER
|inactive|MurderousMantyke has 120 seconds left.
|
|t:|1664657613
|move|p2a: artemis|Bulk Up|p2a: artemis
|-boost|p2a: artemis|atk|1
|-boost|p2a: artemis|def|1
|move|p1a: Ho-Oh|Brave Bird|p2a: artemis
|-supereffective|p2a: artemis
|-damage|p2a: artemis|0 fnt
|faint|p2a: artemis
|-damage|p1a: Ho-Oh|50/100|[from] Recoil
|
|upkeep
|
|t:|1664657618
|switch|p2a: the kid flash|Deoxys-Attack|91/100
|-ability|p2a: the kid flash|Pressure
|turn|17
|
|t:|1664657626
|switch|p1a: Lugia|Lugia|100/100
|move|p2a: the kid flash|Psycho Boost|p1a: Lugia
|-resisted|p1a: Lugia
|-damage|p1a: Lugia|82/100
|-unboost|p2a: the kid flash|spa|2
|-damage|p2a: the kid flash|81/100|[from] item: Life Orb
|
|upkeep
|turn|18
|
|t:|1664657633
|switch|p2a: connor kent|Necrozma-Dusk-Mane|100/100
|move|p1a: Lugia|Ice Beam|p2a: connor kent
|-resisted|p2a: connor kent
|-damage|p2a: connor kent|92/100
|
|upkeep
|turn|19
|
|t:|1664657636
|switch|p1a: Landorus|Landorus, M|35/100
|move|p2a: connor kent|Knock Off|p1a: Landorus
|-damage|p1a: Landorus|0 fnt
|-enditem|p1a: Landorus|Life Orb|[from] move: Knock Off|[of] p2a: connor kent
|faint|p1a: Landorus
|
|upkeep
|
|t:|1664657643
|switch|p1a: Ho-Oh|Ho-Oh|84/100
|turn|20
|
|t:|1664657645
|switch|p2a: ms martian|Tapu Lele|64/100 tox
|-fieldstart|move: Psychic Terrain|[from] ability: Psychic Surge|[of] p2a: ms martian
|move|p1a: Ho-Oh|Sacred Fire|p2a: ms martian
|-damage|p2a: ms martian|13/100 tox
|
|-damage|p2a: ms martian|7/100 tox|[from] psn
|upkeep
|turn|21
|
|t:|1664657648
|switch|p1a: Lugia|Lugia|82/100
|move|p2a: ms martian|Nature's Madness|p1a: Lugia
|-damage|p1a: Lugia|41/100
|
|-damage|p2a: ms martian|0 fnt|[from] psn
|faint|p2a: ms martian
|upkeep
|
|t:|1664657650
|switch|p2a: connor kent|Necrozma-Dusk-Mane|92/100
|turn|22
|
|t:|1664657652
|switch|p1a: Ho-Oh|Ho-Oh|100/100
|move|p2a: connor kent|Swords Dance|p2a: connor kent
|-boost|p2a: connor kent|atk|2
|
|upkeep
|turn|23
|
|t:|1664657658
|move|p2a: connor kent|Swords Dance|p2a: connor kent
|-boost|p2a: connor kent|atk|2
|move|p1a: Ho-Oh|Sacred Fire|p2a: connor kent
|-supereffective|p2a: connor kent
|-damage|p2a: connor kent|35/100
|-status|p2a: connor kent|brn
|
|-damage|p2a: connor kent|29/100 brn|[from] brn
|upkeep
|turn|24
|
|t:|1664657660
|-zpower|p2a: connor kent
|move|p2a: connor kent|Searing Sunraze Smash|p1a: Ho-Oh|[zeffect]
|-resisted|p1a: Ho-Oh
|-damage|p1a: Ho-Oh|12/100
|move|p1a: Ho-Oh|Sacred Fire|p2a: connor kent
|-supereffective|p2a: connor kent
|-damage|p2a: connor kent|0 fnt
|faint|p2a: connor kent
|
|upkeep
|
|t:|1664657662
|switch|p2a: the kid flash|Deoxys-Attack|81/100
|-ability|p2a: the kid flash|Pressure
|turn|25
|j| Chocolatteeツ
|
|t:|1664657666
|switch|p1a: Lugia|Lugia|41/100
|move|p2a: the kid flash|Ice Beam|p1a: Lugia
|-supereffective|p1a: Lugia
|-damage|p1a: Lugia|0 fnt
|faint|p1a: Lugia
|-damage|p2a: the kid flash|71/100|[from] item: Life Orb
|
|upkeep
|
|t:|1664657671
|switch|p1a: Ho-Oh|Ho-Oh|46/100
|turn|26
|
|t:|1664657674
|switch|p1a: Salamence|Salamence, F|100/100
|-ability|p1a: Salamence|Intimidate|boost
|-unboost|p2a: the kid flash|atk|1
|move|p2a: the kid flash|Thunderbolt|p1a: Salamence
|-damage|p1a: Salamence|35/100
|-damage|p2a: the kid flash|61/100|[from] item: Life Orb
|
|upkeep
|turn|27
|
|t:|1664657678
|detailschange|p1a: Salamence|Salamence-Mega, F
|-mega|p1a: Salamence|Salamence|Salamencite
|move|p2a: the kid flash|Ice Beam|p1a: Salamence
|-supereffective|p1a: Salamence
|-damage|p1a: Salamence|0 fnt
|faint|p1a: Salamence
|-damage|p2a: the kid flash|51/100|[from] item: Life Orb
|
|-fieldend|move: Psychic Terrain
|upkeep
|
|t:|1664657680
|switch|p1a: Ho-Oh|Ho-Oh|79/100
|turn|28
|
|t:|1664657685
|switch|p1a: Arceus|Arceus-Flying|100/100
|move|p2a: the kid flash|Thunderbolt|p1a: Arceus
|-supereffective|p1a: Arceus
|-damage|p1a: Arceus|26/100
|-damage|p2a: the kid flash|41/100|[from] item: Life Orb
|
|upkeep
|turn|29
|
|t:|1664657688
|move|p2a: the kid flash|Thunderbolt|p1a: Arceus
|-supereffective|p1a: Arceus
|-damage|p1a: Arceus|0 fnt
|faint|p1a: Arceus
|-damage|p2a: the kid flash|31/100|[from] item: Life Orb
|
|upkeep
|
|t:|1664657690
|switch|p1a: Ho-Oh|Ho-Oh|100/100
|turn|30
|c|☆MurderousMantyke|gg
|c|☆chaos magic|FULL PARA
|
|t:|1664657699
|move|p2a: the kid flash|Thunderbolt|p1a: Ho-Oh
|-supereffective|p1a: Ho-Oh
|-damage|p1a: Ho-Oh|54/100
|-damage|p2a: the kid flash|21/100|[from] item: Life Orb
|move|p1a: Ho-Oh|Brave Bird|p2a: the kid flash
|-damage|p2a: the kid flash|0 fnt
|faint|p2a: the kid flash
|-damage|p1a: Ho-Oh|50/100|[from] Recoil
|
|win|MurderousMantyke
|n|☆MurderousMantyke|murderousmantyke
|n|☆chaos magic|chaosmagic
|n| Maj1nV|maj1nv
|n| smoolic alt|smoolicalt
|n| Chocolatteeツ|chocolattee
