|j|☆Sneed2theTop
|j|‽Mawm
|t:|1665803126
|gametype|singles
|player|p1|Sneed2theTop|n|1685
|player|p2|Mawm|170|1822
|teamsize|p1|6
|teamsize|p2|6
|gen|8
|tier|[Gen 8] National Dex AG
|rated|
|rule|HP Percentage Mod: HP is shown in percentages
|rule|Endless Battle Clause: Forcing endless battles is banned
|clearpoke
|poke|p1|Deoxys-Speed|
|poke|p1|Zacian-*|
|poke|p1|Necrozma-Dusk-Mane|
|poke|p1|Calyrex-Shadow|
|poke|p1|Arceus-*|
|poke|p1|Yveltal|
|poke|p2|Arceus-*|
|poke|p2|Genesect|
|poke|p2|Yveltal|
|poke|p2|Necrozma-Dusk-Mane|
|poke|p2|Rayquaza|
|poke|p2|Groudon|
|teampreview
|inactive|Battle timer is ON: inactive players will automatically lose when time's up. (requested by Mawm)
|
|t:|1665803155
|start
|switch|p1a: Deoxussy|Deoxys-Speed|100/100
|switch|p2a: Yveltal|Yveltal, shiny|100/100
|-ability|p1a: Deoxussy|Pressure
|-ability|p2a: Yveltal|Dark Aura
|turn|1
|
|t:|1665803162
|-start|p2a: Yveltal|Dynamax|
|-heal|p2a: Yveltal|100/100|[silent]
|move|p1a: Deoxussy|Stealth Rock|p2a: Yveltal
|-sidestart|p2: Mawm|move: Stealth Rock
|move|p2a: Yveltal|Max Airstream|p1a: Deoxussy
|-damage|p1a: Deoxussy|13/100
|-boost|p2a: Yveltal|spe|1
|
|upkeep
|turn|2
|
|t:|1665803175
|move|p1a: Deoxussy|Spikes|p2a: Yveltal
|-sidestart|p2: Mawm|Spikes
|move|p2a: Yveltal|Max Ooze|p1a: Deoxussy
|-damage|p1a: Deoxussy|0 fnt
|-boost|p2a: Yveltal|spa|1
|faint|p1a: Deoxussy
|
|upkeep
|inactive|Sneed2theTop has 120 seconds left.
|
|t:|1665803214
|switch|p1a: Arceussy|Arceus-Ground|100/100
|turn|3
|
|t:|1665803223
|move|p2a: Yveltal|Max Ooze|p1a: Arceussy
|-resisted|p1a: Arceussy
|-damage|p1a: Arceussy|78/100
|-boost|p2a: Yveltal|spa|1
|move|p1a: Arceussy|Stone Edge|p2a: Yveltal|[miss]
|-miss|p1a: Arceussy|p2a: Yveltal
|
|upkeep
|-end|p2a: Yveltal|Dynamax
|-heal|p2a: Yveltal|100/100|[silent]
|turn|4
|inactive|Sneed2theTop has 120 seconds left.
|
|t:|1665803235
|move|p2a: Yveltal|Dark Pulse|p1a: Arceussy
|-damage|p1a: Arceussy|0 fnt
|faint|p1a: Arceussy
|
|upkeep
|
|t:|1665803240
|switch|p1a: Zaciussy|Zacian-Crowned|100/100
|-ability|p1a: Zaciussy|Intrepid Sword|boost
|-boost|p1a: Zaciussy|atk|1
|turn|5
|inactive|Sneed2theTop has 120 seconds left.
|
|t:|1665803259
|move|p2a: Yveltal|Heat Wave|p1a: Zaciussy
|-supereffective|p1a: Zaciussy
|-damage|p1a: Zaciussy|0 fnt
|faint|p1a: Zaciussy
|
|upkeep
|-message|Sneed2theTop forfeited.
|
|win|Mawm
|raw|Sneed2theTop's rating: 1685 &rarr; <strong>1673</strong><br />(-12 for losing)
|raw|Mawm's rating: 1822 &rarr; <strong>1834</strong><br />(+12 for winning)
|l|☆Sneed2theTop
