|j|☆BulbaJr
|j|☆Sunorma
|t:|1667133422
|gametype|singles
|player|p1|BulbaJr|cynthia-gen4|1416
|player|p2|Sunorma|roxie|1427
|teamsize|p1|6
|teamsize|p2|6
|gen|8
|tier|[Gen 8] National Dex AG
|rated|
|rule|HP Percentage Mod: HP is shown in percentages
|rule|Endless Battle Clause: Forcing endless battles is banned
|clearpoke
|poke|p1|Mewtwo|
|poke|p1|Necrozma-Dusk-Mane|
|poke|p1|Zacian-*|
|poke|p1|Kyogre|
|poke|p1|Xerneas-*|
|poke|p1|Marshadow|
|poke|p2|Comfey, F|
|poke|p2|Clamperl, F|
|poke|p2|Regieleki|
|poke|p2|Tapu Koko|
|poke|p2|Blastoise, F|
|poke|p2|Shuckle, L1, M|
|teampreview
|
|t:|1667133429
|start
|switch|p1a: Kyogre|Kyogre|100/100
|switch|p2a: Shuckle|Shuckle, L1, M|100/100
|detailschange|p1a: Kyogre|Kyogre-Primal
|-primal|p1a: Kyogre
|-weather|PrimordialSea|[from] ability: Primordial Sea|[of] p1a: Kyogre
|turn|1
|
|t:|1667133439
|move|p1a: Kyogre|Origin Pulse|p2a: Shuckle
|-supereffective|p2a: Shuckle
|-ability|p2a: Shuckle|Sturdy
|-damage|p2a: Shuckle|10/100
|-enditem|p2a: Shuckle|Berry Juice
|-heal|p2a: Shuckle|100/100|[from] item: Berry Juice
|move|p2a: Shuckle|Sticky Web|p1a: Kyogre
|-sidestart|p1: BulbaJr|move: Sticky Web
|
|-weather|PrimordialSea|[upkeep]
|upkeep
|turn|2
|
|t:|1667133449
|move|p1a: Kyogre|Origin Pulse|p2a: Shuckle
|-supereffective|p2a: Shuckle
|-ability|p2a: Shuckle|Sturdy
|-damage|p2a: Shuckle|10/100
|move|p2a: Shuckle|Stealth Rock|p1a: Kyogre
|-sidestart|p1: BulbaJr|move: Stealth Rock
|
|-weather|PrimordialSea|[upkeep]
|upkeep
|turn|3
|
|t:|1667133458
|move|p1a: Kyogre|Thunder|p2a: Shuckle
|-damage|p2a: Shuckle|0 fnt
|faint|p2a: Shuckle
|
|-weather|PrimordialSea|[upkeep]
|upkeep
|j| JackTen
|
|t:|1667133463
|switch|p2a: Tapu Koko|Tapu Koko|100/100
|-fieldstart|move: Electric Terrain|[from] ability: Electric Surge|[of] p2a: Tapu Koko
|turn|4
|
|t:|1667133473
|move|p2a: Tapu Koko|Light Screen|p2a: Tapu Koko
|-sidestart|p2: Sunorma|move: Light Screen
|move|p1a: Kyogre|Origin Pulse|p2a: Tapu Koko
|-damage|p2a: Tapu Koko|27/100
|
|-weather|PrimordialSea|[upkeep]
|upkeep
|turn|5
|
|t:|1667133480
|move|p2a: Tapu Koko|Reflect|p2a: Tapu Koko
|-sidestart|p2: Sunorma|Reflect
|move|p1a: Kyogre|Origin Pulse|p2a: Tapu Koko
|-damage|p2a: Tapu Koko|0 fnt
|faint|p2a: Tapu Koko
|
|-weather|PrimordialSea|[upkeep]
|upkeep
|
|t:|1667133485
|switch|p2a: Regieleki|Regieleki|100/100
|turn|6
|
|t:|1667133497
|move|p2a: Regieleki|Thunder Cage|p1a: Kyogre
|-supereffective|p1a: Kyogre
|-damage|p1a: Kyogre|0 fnt
|faint|p1a: Kyogre
|-weather|none
|
|upkeep
|
|t:|1667133512
|switch|p1a: Necrozma|Necrozma-Dusk-Mane|100/100
|-activate|p1a: Necrozma|move: Sticky Web
|-unboost|p1a: Necrozma|spe|1
|-damage|p1a: Necrozma|94/100|[from] Stealth Rock
|turn|7
|
|t:|1667133529
|detailschange|p1a: Necrozma|Necrozma-Ultra
|-burst|p1a: Necrozma|Necrozma|Ultranecrozium Z
|move|p2a: Regieleki|Thunder Cage|p1a: Necrozma
|-resisted|p1a: Necrozma
|-damage|p1a: Necrozma|46/100
|-activate|p1a: Necrozma|move: Thunder Cage|[of] p2a: Regieleki
|move|p1a: Necrozma|Earthquake|p2a: Regieleki
|-supereffective|p2a: Regieleki
|-damage|p2a: Regieleki|0 fnt
|faint|p2a: Regieleki
|
|-end|p1a: Necrozma|Thunder Cage|[partiallytrapped]|[silent]
|upkeep
|
|t:|1667133539
|switch|p2a: Comfey|Comfey, F|100/100
|turn|8
|
|t:|1667133546
|move|p2a: Comfey|Draining Kiss|p1a: Necrozma
|-supereffective|p1a: Necrozma
|-crit|p1a: Necrozma
|-damage|p1a: Necrozma|0 fnt
|faint|p1a: Necrozma
|-damage|p2a: Comfey|91/100|[from] item: Life Orb
|
|-fieldend|move: Electric Terrain
|upkeep
|
|t:|1667133558
|switch|p1a: Zacian|Zacian-Crowned|100/100
|-activate|p1a: Zacian|move: Sticky Web
|-unboost|p1a: Zacian|spe|1
|-damage|p1a: Zacian|94/100|[from] Stealth Rock
|-ability|p1a: Zacian|Intrepid Sword|boost
|-boost|p1a: Zacian|atk|1
|turn|9
|c|☆Sunorma|A demigod beaten by a flower garland, fucking hippies
|j| luisYR_a
|
|t:|1667133583
|move|p1a: Zacian|Behemoth Blade|p2a: Comfey
|-supereffective|p2a: Comfey
|-damage|p2a: Comfey|2/100
|move|p2a: Comfey|Calm Mind|p2a: Comfey
|-boost|p2a: Comfey|spa|1
|-boost|p2a: Comfey|spd|1
|
|upkeep
|turn|10
|
|t:|1667133594
|move|p2a: Comfey|Giga Drain|p1a: Zacian
|-resisted|p1a: Zacian
|-damage|p1a: Zacian|80/100
|-heal|p2a: Comfey|10/100|[from] drain|[of] p1a: Zacian
|-damage|p2a: Comfey|0 fnt|[from] item: Life Orb
|faint|p2a: Comfey
|move|p1a: Zacian|Behemoth Blade|p2: Comfey|[notarget]
|-fail|p1a: Zacian
|
|upkeep
|l| luisYR_a
|
|t:|1667133605
|switch|p2a: Clamperl|Clamperl, F|100/100
|turn|11
|j| luisYR_a
|
|t:|1667133614
|move|p1a: Zacian|Swords Dance|p1a: Zacian
|-boost|p1a: Zacian|atk|2
|move|p2a: Clamperl|Shell Smash|p2a: Clamperl
|-unboost|p2a: Clamperl|def|1
|-unboost|p2a: Clamperl|spd|1
|-boost|p2a: Clamperl|atk|2
|-boost|p2a: Clamperl|spa|2
|-boost|p2a: Clamperl|spe|2
|
|-sideend|p2: Sunorma|move: Light Screen
|upkeep
|turn|12
|l| luisYR_a
|
|t:|1667133627
|-start|p2a: Clamperl|Dynamax|
|-heal|p2a: Clamperl|100/100|[silent]
|move|p2a: Clamperl|Max Geyser|p1a: Zacian
|-damage|p1a: Zacian|0 fnt
|-weather|RainDance
|faint|p1a: Zacian
|
|-weather|RainDance|[upkeep]
|-sideend|p2: Sunorma|Reflect
|upkeep
|c| JackTen|why SD?
|
|t:|1667133642
|switch|p1a: Marshadow|Marshadow|100/100
|-activate|p1a: Marshadow|move: Sticky Web
|-unboost|p1a: Marshadow|spe|1
|-damage|p1a: Marshadow|94/100|[from] Stealth Rock
|turn|13
|
|t:|1667133652
|move|p2a: Clamperl|Max Geyser|p1a: Marshadow
|-damage|p1a: Marshadow|0 fnt
|faint|p1a: Marshadow
|
|-weather|RainDance|[upkeep]
|upkeep
|
|t:|1667133660
|switch|p1a: Mewtwo|Mewtwo|100/100
|-activate|p1a: Mewtwo|move: Sticky Web
|-unboost|p1a: Mewtwo|spe|1
|-damage|p1a: Mewtwo|88/100|[from] Stealth Rock
|-ability|p1a: Mewtwo|Pressure
|turn|14
|
|t:|1667133674
|detailschange|p1a: Mewtwo|Mewtwo-Mega-Y
|-mega|p1a: Mewtwo|Mewtwo|Mewtwonite Y
|move|p2a: Clamperl|Max Geyser|p1a: Mewtwo
|-damage|p1a: Mewtwo|0 fnt
|faint|p1a: Mewtwo
|
|-weather|RainDance|[upkeep]
|upkeep
|
|t:|1667133683
|switch|p1a: Xerneas|Xerneas|100/100
|-activate|p1a: Xerneas|move: Sticky Web
|-unboost|p1a: Xerneas|spe|1
|-damage|p1a: Xerneas|88/100|[from] Stealth Rock
|-ability|p1a: Xerneas|Fairy Aura
|-end|p2a: Clamperl|Dynamax
|-heal|p2a: Clamperl|100/100|[silent]
|turn|15
|
|t:|1667133696
|move|p2a: Clamperl|Surf|p1a: Xerneas
|-damage|p1a: Xerneas|0 fnt
|faint|p1a: Xerneas
|
|win|Sunorma
|raw|BulbaJr's rating: 1416 &rarr; <strong>1397</strong><br />(-19 for losing)
|raw|Sunorma's rating: 1427 &rarr; <strong>1446</strong><br />(+19 for winning)
|c|☆Sunorma|6 demigods beaten by a flower garland and a little clam
|l|☆BulbaJr
|c|☆Sunorma|this game makes no logic
|c| JackTen|and a snail
|c|☆Sunorma|sure!
|c| JackTen|ahah gg
|c|☆Sunorma|thanks!
