|j|☆golderzoa
|j|☆Naofumi_Bakugo_Jax
|t:|1665280218
|gametype|singles
|player|p1|golderzoa|2|1659
|player|p2|Naofumi_Bakugo_Jax|blue|1597
|teamsize|p1|6
|teamsize|p2|6
|gen|8
|tier|[Gen 8] National Dex AG
|rated|
|rule|HP Percentage Mod: HP is shown in percentages
|rule|Endless Battle Clause: Forcing endless battles is banned
|clearpoke
|poke|p1|Arceus-*|
|poke|p1|Ditto|
|poke|p1|Serperior, F|
|poke|p1|Yveltal|
|poke|p1|Zacian-*|
|poke|p1|Pyukumuku, L90, F|
|poke|p2|Zacian-*|
|poke|p2|Calyrex-Shadow|
|poke|p2|Yveltal|
|poke|p2|Arceus-*|
|poke|p2|Swampert, F|
|poke|p2|Kyogre|
|teampreview
|
|t:|1665280243
|start
|switch|p1a: Noob's Best Friend|Zacian-Crowned|100/100
|switch|p2a: Arceus|Arceus, shiny|100/100
|-ability|p1a: Noob's Best Friend|Intrepid Sword|boost
|-boost|p1a: Noob's Best Friend|atk|1
|turn|1
|
|t:|1665280251
|move|p1a: Noob's Best Friend|Sacred Sword|p2a: Arceus
|-supereffective|p2a: Arceus
|-damage|p2a: Arceus|22/100
|move|p2a: Arceus|Tailwind|p2a: Arceus
|-sidestart|p2: Naofumi_Bakugo_Jax|move: Tailwind
|
|upkeep
|turn|2
|
|t:|1665280266
|move|p2a: Arceus|Reflect|p2a: Arceus
|-sidestart|p2: Naofumi_Bakugo_Jax|Reflect
|move|p1a: Noob's Best Friend|Sacred Sword|p2a: Arceus
|-supereffective|p2a: Arceus
|-crit|p2a: Arceus
|-damage|p2a: Arceus|0 fnt
|faint|p2a: Arceus
|
|upkeep
|
|t:|1665280293
|switch|p2a: Zacian|Zacian-Crowned|100/100
|-ability|p2a: Zacian|Intrepid Sword|boost
|-boost|p2a: Zacian|atk|1
|turn|3
|
|t:|1665280296
|switch|p1a: Memekumuku|Pyukumuku, L90, F|100/100
|move|p2a: Zacian|Behemoth Blade|p1a: Memekumuku
|-resisted|p1a: Memekumuku
|-damage|p1a: Memekumuku|28/100
|-damage|p2a: Zacian|84/100|[from] item: Rocky Helmet|[of] p1a: Memekumuku
|
|upkeep
|turn|4
|
|t:|1665280305
|move|p2a: Zacian|Behemoth Blade|p1a: Memekumuku
|-resisted|p1a: Memekumuku
|-damage|p1a: Memekumuku|0 fnt
|-damage|p2a: Zacian|60/100|[from] ability: Innards Out|[of] p1a: Memekumuku
|-damage|p2a: Zacian|43/100|[from] item: Rocky Helmet|[of] p1a: Memekumuku
|faint|p1a: Memekumuku
|
|-sideend|p2: Naofumi_Bakugo_Jax|move: Tailwind
|upkeep
|
|t:|1665280310
|switch|p1a: I'm U but faster|Ditto, shiny|100/100
|-transform|p1a: I'm U but faster|p2a: Zacian|[from] ability: Imposter
|-ability|p1a: I'm U but faster|Intrepid Sword|boost
|-boost|p1a: I'm U but faster|atk|1
|turn|5
|
|t:|1665280325
|switch|p2a: Swampert|Swampert, F|100/100
|move|p1a: I'm U but faster|Behemoth Blade|p2a: Swampert
|-resisted|p2a: Swampert
|-damage|p2a: Swampert|66/100
|
|upkeep
|turn|6
|
|t:|1665280341
|switch|p1a: Strings|Serperior, F|100/100
|detailschange|p2a: Swampert|Swampert-Mega, F
|-mega|p2a: Swampert|Swampert|Swampertite
|move|p2a: Swampert|Yawn|p1a: Strings
|-start|p1a: Strings|move: Yawn|[of] p2a: Swampert
|
|upkeep
|turn|7
|
|t:|1665280393
|switch|p1a: I'm U but faster|Ditto, shiny|100/100
|-transform|p1a: I'm U but faster|p2a: Swampert|[from] ability: Imposter
|switch|p2a: Calyrex|Calyrex-Shadow|100/100
|-ability|p2a: Calyrex|As One
|-ability|p2a: Calyrex|Unnerve
|
|upkeep
|turn|8
|
|t:|1665280410
|move|p2a: Calyrex|Nasty Plot|p2a: Calyrex
|-boost|p2a: Calyrex|spa|2
|move|p1a: I'm U but faster|Liquidation|p2a: Calyrex
|-damage|p2a: Calyrex|69/100
|-unboost|p2a: Calyrex|def|1
|
|upkeep
|turn|9
|
|t:|1665280442
|switch|p1a: Stake & Shake|Yveltal|100/100
|-ability|p1a: Stake & Shake|Dark Aura
|move|p2a: Calyrex|Astral Barrage|p1a: Stake & Shake
|-resisted|p1a: Stake & Shake
|-damage|p1a: Stake & Shake|44/100
|
|-sideend|p2: Naofumi_Bakugo_Jax|Reflect
|upkeep
|turn|10
|
|t:|1665280450
|move|p1a: Stake & Shake|Sucker Punch||[still]
|-fail|p1a: Stake & Shake
|move|p2a: Calyrex|Baton Pass|p2a: Calyrex
|
|t:|1665280473
|switch|p2a: Yveltal|Yveltal, shiny|100/100|[from]move: Baton Pass
|-ability|p2a: Yveltal|Dark Aura
|
|upkeep
|turn|11
|
|t:|1665280496
|switch|p1a: I'm U but faster|Ditto, shiny|100/100
|-transform|p1a: I'm U but faster|p2a: Yveltal|[from] ability: Imposter
|-ability|p1a: I'm U but faster|Dark Aura
|-start|p2a: Yveltal|Dynamax|
|-heal|p2a: Yveltal|100/100|[silent]
|move|p2a: Yveltal|Max Airstream|p1a: I'm U but faster
|-damage|p1a: I'm U but faster|0 fnt
|-boost|p2a: Yveltal|spe|1
|faint|p1a: I'm U but faster
|
|upkeep
|
|t:|1665280518
|switch|p1a: Speed Dancer|Arceus|100/100
|turn|12
|
|t:|1665280528
|move|p1a: Speed Dancer|Extreme Speed|p2a: Yveltal
|-damage|p2a: Yveltal|76/100
|move|p2a: Yveltal|Max Darkness|p1a: Speed Dancer
|-damage|p1a: Speed Dancer|0 fnt
|faint|p1a: Speed Dancer
|
|upkeep
|
|t:|1665280535
|switch|p1a: Noob's Best Friend|Zacian-Crowned|100/100
|-ability|p1a: Noob's Best Friend|Intrepid Sword|boost
|-boost|p1a: Noob's Best Friend|atk|1
|turn|13
|
|t:|1665280540
|move|p2a: Yveltal|Max Guard|p2a: Yveltal
|-singleturn|p2a: Yveltal|Max Guard
|move|p1a: Noob's Best Friend|Behemoth Blade|p2a: Yveltal
|-activate|p2a: Yveltal|move: Max Guard
|
|upkeep
|-end|p2a: Yveltal|Dynamax
|-heal|p2a: Yveltal|76/100|[silent]
|turn|14
|
|t:|1665280547
|move|p2a: Yveltal|Tailwind|p2a: Yveltal
|-sidestart|p2: Naofumi_Bakugo_Jax|move: Tailwind
|move|p1a: Noob's Best Friend|Behemoth Blade|p2a: Yveltal
|-damage|p2a: Yveltal|0 fnt
|faint|p2a: Yveltal
|
|upkeep
|
|t:|1665280556
|switch|p2a: Zacian|Zacian-Crowned|43/100
|-ability|p2a: Zacian|Intrepid Sword|boost
|-boost|p2a: Zacian|atk|1
|turn|15
|
|t:|1665280567
|switch|p1a: Strings|Serperior, F|100/100
|move|p2a: Zacian|Behemoth Blade|p1a: Strings
|-damage|p1a: Strings|0 fnt
|faint|p1a: Strings
|
|upkeep
|
|t:|1665280572
|switch|p1a: Noob's Best Friend|Zacian-Crowned|100/100
|-ability|p1a: Noob's Best Friend|Intrepid Sword|boost
|-boost|p1a: Noob's Best Friend|atk|1
|turn|16
|
|t:|1665280577
|move|p2a: Zacian|Behemoth Blade|p1a: Noob's Best Friend
|-damage|p1a: Noob's Best Friend|0 fnt
|faint|p1a: Noob's Best Friend
|
|upkeep
|
|t:|1665280579
|switch|p1a: Stake & Shake|Yveltal|44/100
|-ability|p1a: Stake & Shake|Dark Aura
|turn|17
|
|t:|1665280589
|move|p2a: Zacian|Behemoth Blade|p1a: Stake & Shake
|-damage|p1a: Stake & Shake|0 fnt
|faint|p1a: Stake & Shake
|
|win|Naofumi_Bakugo_Jax
|raw|golderzoa's rating: 1659 &rarr; <strong>1635</strong><br />(-24 for losing)
|raw|Naofumi_Bakugo_Jax's rating: 1597 &rarr; <strong>1621</strong><br />(+24 for winning)
|l|☆golderzoa
||Ladder isn't responding, score probably updated but might not have (Request timeout).
