|j|☆Aarsh2601
|j|☆amnulktu
|t:|1623141340
|gametype|singles
|player|p1|Aarsh2601|red|1263
|player|p2|amnulktu|cynthia-gen4|1316
|teamsize|p1|6
|teamsize|p2|6
|gen|8
|tier|[Gen 8] National Dex AG
|rated|
|rule|HP Percentage Mod: HP is shown in percentages
|rule|Endless Battle Clause: Forcing endless battles is banned
|clearpoke
|poke|p1|Calyrex-Shadow|
|poke|p1|Salamence, F|
|poke|p1|Pheromosa|
|poke|p1|Weavile, M|
|poke|p1|Cinderace, M|
|poke|p1|Zacian-*|
|poke|p2|Tauros, M|
|poke|p2|Mawile, M|
|poke|p2|Hatterene, F|
|poke|p2|Blacephalon|
|poke|p2|Rillaboom, M|
|poke|p2|Cramorant, F|
|teampreview
|inactive|Battle timer is ON: inactive players will automatically lose when time's up. (requested by amnulktu)
|
|t:|1623141347
|start
|switch|p1a: Pheromosa|Pheromosa, shiny|100/100
|switch|p2a: Blacephalon|Blacephalon|100/100
|turn|1
|
|t:|1623141355
|move|p2a: Blacephalon|Psychic|p1a: Pheromosa
|-supereffective|p1a: Pheromosa
|-damage|p1a: Pheromosa|0 fnt
|faint|p1a: Pheromosa
|-ability|p2a: Blacephalon|Beast Boost|boost
|-boost|p2a: Blacephalon|spa|1
|
|upkeep
|
|t:|1623141364
|switch|p1a: Weavile|Weavile, M|100/100
|-ability|p1a: Weavile|Pressure
|turn|2
|
|t:|1623141376
|switch|p2a: Cramorant|Cramorant, F|100/100
|move|p1a: Weavile|Night Slash|p2a: Cramorant
|-crit|p2a: Cramorant
|-enditem|p2a: Cramorant|Focus Sash
|-damage|p2a: Cramorant|1/100
|
|upkeep
|turn|3
|
|t:|1623141384
|move|p1a: Weavile|Ice Shard|p2a: Cramorant
|-damage|p2a: Cramorant|0 fnt
|faint|p2a: Cramorant
|
|upkeep
|
|t:|1623141388
|switch|p2a: Tauros|Tauros, M|100/100
|turn|4
|
|t:|1623141400
|switch|p1a: Calyrex|Calyrex-Shadow|100/100
|-ability|p1a: Calyrex|As One
|-ability|p1a: Calyrex|Unnerve
|move|p2a: Tauros|Body Slam|p1a: Calyrex
|-immune|p1a: Calyrex
|
|upkeep
|turn|5
|
|t:|1623141412
|-start|p2a: Tauros|Dynamax
|-heal|p2a: Tauros|100/100|[silent]
|move|p1a: Calyrex|Calm Mind|p1a: Calyrex
|-boost|p1a: Calyrex|spa|1
|-boost|p1a: Calyrex|spd|1
|move|p2a: Tauros|Max Darkness|p1a: Calyrex
|-supereffective|p1a: Calyrex
|-damage|p1a: Calyrex|0 fnt
|faint|p1a: Calyrex
|
|upkeep
|
|t:|1623141425
|switch|p1a: Cinderace|Cinderace, M|100/100
|turn|6
|
|t:|1623141431
|-start|p1a: Cinderace|Dynamax
|-formechange|p1a: Cinderace|Cinderace-Gmax
|-heal|p1a: Cinderace|100/100|[silent]
|move|p2a: Tauros|Max Mindstorm|p1a: Cinderace
|-damage|p1a: Cinderace|72/100
|-fieldstart|move: Psychic Terrain
|move|p1a: Cinderace|Max Knuckle|p2a: Tauros
|-start|p1a: Cinderace|typechange|Fighting|[from] ability: Libero
|-supereffective|p2a: Tauros
|-damage|p2a: Tauros|37/100
|-boost|p1a: Cinderace|atk|1
|
|upkeep
|turn|7
|
|t:|1623141445
|move|p2a: Tauros|Max Mindstorm|p1a: Cinderace
|-supereffective|p1a: Cinderace
|-damage|p1a: Cinderace|6/100
|move|p1a: Cinderace|Max Knuckle|p2a: Tauros
|-supereffective|p2a: Tauros
|-damage|p2a: Tauros|0 fnt
|-boost|p1a: Cinderace|atk|1
|faint|p2a: Tauros
|
|upkeep
|
|t:|1623141466
|switch|p2a: Rillaboom|Rillaboom, M|100/100
|-fieldstart|move: Grassy Terrain|[from] ability: Grassy Surge|[of] p2a: Rillaboom
|turn|8
|
|t:|1623141472
|move|p2a: Rillaboom|Grassy Glide|p1a: Cinderace
|-damage|p1a: Cinderace|0 fnt
|faint|p1a: Cinderace
|-damage|p2a: Rillaboom|91/100|[from] item: Life Orb
|
|-heal|p2a: Rillaboom|97/100|[from] Grassy Terrain
|upkeep
|
|t:|1623141481
|switch|p1a: Salamence|Salamence, F|100/100
|-ability|p1a: Salamence|Intimidate|boost
|-unboost|p2a: Rillaboom|atk|1
|turn|9
|
|t:|1623141487
|detailschange|p1a: Salamence|Salamence-Mega, F
|-mega|p1a: Salamence|Salamence|Salamencite
|move|p1a: Salamence|Dragon Dance|p1a: Salamence
|-boost|p1a: Salamence|atk|1
|-boost|p1a: Salamence|spe|1
|move|p2a: Rillaboom|Swords Dance|p2a: Rillaboom
|-boost|p2a: Rillaboom|atk|2
|
|-heal|p2a: Rillaboom|100/100|[from] Grassy Terrain
|upkeep
|turn|10
|
|t:|1623141497
|move|p1a: Salamence|Return|p2a: Rillaboom
|-supereffective|p2a: Rillaboom
|-damage|p2a: Rillaboom|0 fnt
|faint|p2a: Rillaboom
|
|upkeep
|
|t:|1623141500
|switch|p2a: Hatterene|Hatterene, F|100/100
|turn|11
|
|t:|1623141507
|move|p1a: Salamence|Return|p2a: Hatterene
|-damage|p2a: Hatterene|0 fnt
|faint|p2a: Hatterene
|
|upkeep
|
|t:|1623141510
|switch|p2a: Mawile|Mawile, M|100/100
|-ability|p2a: Mawile|Intimidate|boost
|-unboost|p1a: Salamence|atk|1
|turn|12
|
|t:|1623141516
|detailschange|p2a: Mawile|Mawile-Mega, M
|-mega|p2a: Mawile|Mawile|Mawilite
|move|p1a: Salamence|Earthquake|p2a: Mawile
|-supereffective|p2a: Mawile
|-damage|p2a: Mawile|54/100
|move|p2a: Mawile|Play Rough|p1a: Salamence|[miss]
|-miss|p2a: Mawile|p1a: Salamence
|
|-heal|p2a: Mawile|60/100|[from] Grassy Terrain
|-fieldend|move: Grassy Terrain
|upkeep
|turn|13
|
|t:|1623141528
|move|p1a: Salamence|Dragon Dance|p1a: Salamence
|-boost|p1a: Salamence|atk|1
|-boost|p1a: Salamence|spe|1
|move|p2a: Mawile|Play Rough|p1a: Salamence
|-supereffective|p1a: Salamence
|-damage|p1a: Salamence|0 fnt
|faint|p1a: Salamence
|
|upkeep
|
|t:|1623141537
|switch|p1a: Weavile|Weavile, M|100/100
|-ability|p1a: Weavile|Pressure
|turn|14
|
|t:|1623141546
|move|p1a: Weavile|Fake Out|p2a: Mawile
|-resisted|p2a: Mawile
|-damage|p2a: Mawile|53/100
|cant|p2a: Mawile|flinch
|
|upkeep
|turn|15
|
|t:|1623141552
|switch|p1a: Zacian|Zacian-Crowned|100/100
|-ability|p1a: Zacian|Intrepid Sword|boost
|-boost|p1a: Zacian|atk|1
|move|p2a: Mawile|Iron Head|p1a: Zacian
|-damage|p1a: Zacian|32/100
|
|upkeep
|turn|16
|
|t:|1623141563
|move|p2a: Mawile|Sucker Punch|p1a: Zacian
|-resisted|p1a: Zacian
|-crit|p1a: Zacian
|-damage|p1a: Zacian|0 fnt
|faint|p1a: Zacian
|
|upkeep
|
|t:|1623141568
|switch|p1a: Weavile|Weavile, M|100/100
|-ability|p1a: Weavile|Pressure
|turn|17
|
|t:|1623141573
|move|p1a: Weavile|Fake Out|p2a: Mawile
|-resisted|p2a: Mawile
|-damage|p2a: Mawile|46/100
|cant|p2a: Mawile|flinch
|
|upkeep
|turn|18
|
|t:|1623141580
|move|p1a: Weavile|Night Slash|p2a: Mawile
|-resisted|p2a: Mawile
|-damage|p2a: Mawile|28/100
|move|p2a: Mawile|Iron Head|p1a: Weavile
|-supereffective|p1a: Weavile
|-damage|p1a: Weavile|0 fnt
|faint|p1a: Weavile
|
|win|amnulktu
|raw|Aarsh2601's rating: 1263 &rarr; <strong>1242</strong><br />(-21 for losing)
|raw|amnulktu's rating: 1316 &rarr; <strong>1333</strong><br />(+17 for winning)
|c|☆amnulktu|gg
