|j|☆wafflecone67
|j|☆digging your grave
|t:|1657930212
|gametype|singles
|player|p1|wafflecone67|170|1678
|player|p2|digging your grave|byron|1680
|teamsize|p1|6
|teamsize|p2|6
|gen|8
|tier|[Gen 8] National Dex AG
|rated|
|rule|HP Percentage Mod: HP is shown in percentages
|rule|Endless Battle Clause: Forcing endless battles is banned
|clearpoke
|poke|p1|Scolipede, F|
|poke|p1|Smeargle, F|
|poke|p1|Magearna|
|poke|p1|Smeargle, F|
|poke|p1|Espeon, M|
|poke|p1|Mr. Mime, M|
|poke|p2|Yveltal|
|poke|p2|Rayquaza|
|poke|p2|Arceus-*|
|poke|p2|Zygarde|
|poke|p2|Deoxys-Attack|
|poke|p2|Kyurem-Black|
|teampreview
|inactive|Battle timer is ON: inactive players will automatically lose when time's up. (requested by wafflecone67)
|
|t:|1657930228
|start
|switch|p1a: Scolipede|Scolipede, F|100/100
|switch|p2a: Deoxys|Deoxys-Attack|100/100
|-ability|p2a: Deoxys|Pressure
|turn|1
|
|t:|1657930241
|move|p1a: Scolipede|Protect|p1a: Scolipede
|-singleturn|p1a: Scolipede|Protect
|move|p2a: Deoxys|Psycho Boost|p1a: Scolipede
|-activate|p1a: Scolipede|move: Protect
|
|-ability|p1a: Scolipede|Speed Boost|boost
|-boost|p1a: Scolipede|spe|1
|upkeep
|turn|2
|
|t:|1657930245
|move|p1a: Scolipede|Substitute|p1a: Scolipede
|-start|p1a: Scolipede|Substitute
|-damage|p1a: Scolipede|76/100
|move|p2a: Deoxys|Taunt|p1a: Scolipede
|-start|p1a: Scolipede|move: Taunt
|-enditem|p1a: Scolipede|Mental Herb
|-end|p1a: Scolipede|move: Taunt
|
|-ability|p1a: Scolipede|Speed Boost|boost
|-boost|p1a: Scolipede|spe|1
|upkeep
|turn|3
|
|t:|1657930250
|move|p1a: Scolipede|Protect|p1a: Scolipede
|-singleturn|p1a: Scolipede|Protect
|move|p2a: Deoxys|Taunt|p1a: Scolipede
|-activate|p1a: Scolipede|move: Protect
|
|-ability|p1a: Scolipede|Speed Boost|boost
|-boost|p1a: Scolipede|spe|1
|upkeep
|turn|4
|
|t:|1657930260
|move|p1a: Scolipede|Baton Pass|p1a: Scolipede
|
|t:|1657930261
|switch|p1a: Espeon|Espeon, M|100/100|[from]move: Baton Pass
|move|p2a: Deoxys|Psycho Boost|p1a: Espeon
|-resisted|p1a: Espeon
|-end|p1a: Espeon|Substitute
|-unboost|p2a: Deoxys|spa|2
|
|upkeep
|turn|5
|
|t:|1657930273
|switch|p2a: Arceus|Arceus|100/100
|move|p1a: Espeon|Substitute|p1a: Espeon
|-start|p1a: Espeon|Substitute
|-damage|p1a: Espeon|76/100
|
|upkeep
|turn|6
|inactive|wafflecone67 has 120 seconds left.
|
|t:|1657930309
|move|p2a: Arceus|Extreme Speed|p1a: Espeon
|-end|p1a: Espeon|Substitute
|-damage|p2a: Arceus|91/100|[from] item: Life Orb
|move|p1a: Espeon|Baton Pass|p1a: Espeon
|
|t:|1657930313
|switch|p1a: Smeargle|Smeargle, F|100/100|[from]move: Baton Pass
|
|-ability|p1a: Smeargle|Moody|boost
|-boost|p1a: Smeargle|atk|2
|-unboost|p1a: Smeargle|spa|1
|upkeep
|turn|7
|
|t:|1657930319
|move|p2a: Arceus|Extreme Speed|p1a: Smeargle
|-enditem|p1a: Smeargle|Focus Sash
|-damage|p1a: Smeargle|1/100
|-damage|p2a: Arceus|81/100|[from] item: Life Orb
|move|p1a: Smeargle|Spore|p2a: Arceus
|-status|p2a: Arceus|slp|[from] move: Spore
|
|-ability|p1a: Smeargle|Moody|boost
|-boost|p1a: Smeargle|atk|2
|-unboost|p1a: Smeargle|spd|1
|upkeep
|turn|8
|
|t:|1657930323
|cant|p2a: Arceus|slp
|move|p1a: Smeargle|Baton Pass|p1a: Smeargle
|
|t:|1657930325
|switch|p1a: Scolipede|Scolipede, F|76/100|[from]move: Baton Pass
|
|upkeep
|turn|9
|
|t:|1657930328
|move|p1a: Scolipede|Iron Defense|p1a: Scolipede
|-boost|p1a: Scolipede|def|2
|cant|p2a: Arceus|slp
|
|-ability|p1a: Scolipede|Speed Boost|boost
|-boost|p1a: Scolipede|spe|1
|upkeep
|turn|10
|
|t:|1657930335
|-start|p2a: Arceus|Dynamax|
|-heal|p2a: Arceus|81/100 slp|[silent]
|move|p1a: Scolipede|Iron Defense|p1a: Scolipede
|-boost|p1a: Scolipede|def|2
|-curestatus|p2a: Arceus|slp|[msg]
|move|p2a: Arceus|Max Strike|p1a: Scolipede
|-damage|p1a: Scolipede|40/100
|-unboost|p1a: Scolipede|spe|1
|-damage|p2a: Arceus|76/100|[from] item: Life Orb
|
|-ability|p1a: Scolipede|Speed Boost|boost
|-boost|p1a: Scolipede|spe|1
|upkeep
|turn|11
|
|t:|1657930344
|move|p1a: Scolipede|Iron Defense|p1a: Scolipede
|-boost|p1a: Scolipede|def|2
|move|p2a: Arceus|Max Quake|p1a: Scolipede
|-damage|p1a: Scolipede|24/100
|-boost|p2a: Arceus|spd|1
|-damage|p2a: Arceus|71/100|[from] item: Life Orb
|
|-ability|p1a: Scolipede|Speed Boost|boost
|-boost|p1a: Scolipede|spe|1
|upkeep
|turn|12
|
|t:|1657930350
|move|p1a: Scolipede|Protect|p1a: Scolipede
|-singleturn|p1a: Scolipede|Protect
|move|p2a: Arceus|Max Strike|p1a: Scolipede
|-zbroken|p1a: Scolipede
|-damage|p1a: Scolipede|19/100
|-unboost|p1a: Scolipede|spe|1
|-damage|p2a: Arceus|66/100|[from] item: Life Orb
|
|-ability|p1a: Scolipede|Speed Boost|boost
|-boost|p1a: Scolipede|spe|1
|upkeep
|-end|p2a: Arceus|Dynamax
|-heal|p2a: Arceus|66/100|[silent]
|turn|13
|
|t:|1657930353
|move|p2a: Arceus|Extreme Speed|p1a: Scolipede
|-damage|p1a: Scolipede|3/100
|-damage|p2a: Arceus|56/100|[from] item: Life Orb
|move|p1a: Scolipede|Baton Pass|p1a: Scolipede
|
|t:|1657930356
|switch|p1a: Smeargle|Smeargle, F|100/100|[from]move: Baton Pass
|
|-ability|p1a: Smeargle|Moody|boost
|-boost|p1a: Smeargle|spa|2
|-unboost|p1a: Smeargle|def|1
|upkeep
|turn|14
|
|t:|1657930362
|move|p2a: Arceus|Extreme Speed|p1a: Smeargle
|-damage|p1a: Smeargle|62/100
|-damage|p2a: Arceus|46/100|[from] item: Life Orb
|move|p1a: Smeargle|Spore|p2a: Arceus
|-status|p2a: Arceus|slp|[from] move: Spore
|
|-ability|p1a: Smeargle|Moody|boost
|-boost|p1a: Smeargle|spd|2
|-unboost|p1a: Smeargle|spa|1
|upkeep
|turn|15
|
|t:|1657930367
|switch|p2a: Deoxys|Deoxys-Attack|100/100
|-ability|p2a: Deoxys|Pressure
|move|p1a: Smeargle|Substitute|p1a: Smeargle
|-start|p1a: Smeargle|Substitute
|-damage|p1a: Smeargle|37/100
|
|-ability|p1a: Smeargle|Moody|boost
|-boost|p1a: Smeargle|def|1
|-unboost|p1a: Smeargle|spa|1
|upkeep
|turn|16
|
|t:|1657930376
|move|p2a: Deoxys|Magic Coat|p2a: Deoxys
|-singleturn|p2a: Deoxys|move: Magic Coat
|move|p1a: Smeargle|Spore|p2a: Deoxys
|move|p2a: Deoxys|Spore|p1a: Smeargle|[from]Magic Coat
|-activate|p1a: Smeargle|item: Safety Goggles|Spore
|
|-ability|p1a: Smeargle|Moody|boost
|-boost|p1a: Smeargle|spd|2
|-unboost|p1a: Smeargle|def|1
|upkeep
|turn|17
|
|t:|1657930382
|move|p2a: Deoxys|Magic Coat|p2a: Deoxys
|-singleturn|p2a: Deoxys|move: Magic Coat
|move|p1a: Smeargle|Spore|p2a: Deoxys
|move|p2a: Deoxys|Spore|p1a: Smeargle|[from]Magic Coat
|-activate|p1a: Smeargle|item: Safety Goggles|Spore
|
|-ability|p1a: Smeargle|Moody|boost
|-boost|p1a: Smeargle|spa|2
|-unboost|p1a: Smeargle|spe|1
|upkeep
|turn|18
|
|t:|1657930387
|move|p1a: Smeargle|Substitute|p1a: Smeargle
|-fail|p1a: Smeargle|move: Substitute
|move|p2a: Deoxys|Taunt|p1a: Smeargle
|-start|p1a: Smeargle|move: Taunt
|
|-ability|p1a: Smeargle|Moody|boost
|-boost|p1a: Smeargle|spd|2
|-unboost|p1a: Smeargle|spe|1
|upkeep
|turn|19
|
|t:|1657930400
|switch|p2a: Rayquaza|Rayquaza|100/100
|-ability|p2a: Rayquaza|Air Lock
|-activate|p1a: Smeargle|move: Struggle
|move|p1a: Smeargle|Struggle|p2a: Rayquaza
|-damage|p2a: Rayquaza|94/100
|-damage|p1a: Smeargle|12/100|[from] recoil
|
|-ability|p1a: Smeargle|Moody|boost
|-boost|p1a: Smeargle|spa|2
|-unboost|p1a: Smeargle|spe|1
|upkeep
|turn|20
|-message|wafflecone67 forfeited.
|
|win|digging your grave
|raw|wafflecone67's rating: 1678 &rarr; <strong>1658</strong><br />(-20 for losing)
|raw|digging your grave's rating: 1680 &rarr; <strong>1700</strong><br />(+20 for winning)
|l|☆wafflecone67
