|j|☆OnTheGrindTo1
|j|☆aayushistaken
|t:|1665148947
|gametype|singles
|player|p1|OnTheGrindTo1|102|1625
|player|p2|aayushistaken|266|1595
|teamsize|p1|6
|teamsize|p2|6
|gen|8
|tier|[Gen 8] National Dex AG
|rated|
|rule|HP Percentage Mod: HP is shown in percentages
|rule|Endless Battle Clause: Forcing endless battles is banned
|clearpoke
|poke|p1|Hatterene, F|
|poke|p1|Melmetal|
|poke|p1|Hatterene, F|
|poke|p1|Melmetal|
|poke|p1|Hatterene, F|
|poke|p1|Melmetal|
|poke|p2|Arceus-*|
|poke|p2|Rayquaza|
|poke|p2|Calyrex-Shadow|
|poke|p2|Lugia|
|poke|p2|Yveltal|
|poke|p2|Ditto|
|teampreview
|inactive|Battle timer is ON: inactive players will automatically lose when time's up. (requested by aayushistaken)
|c|☆aayushistaken|Oh no..
|
|t:|1665148963
|start
|switch|p1a: Hatterene|Hatterene, F|100/100
|switch|p2a: Lugia|Lugia|100/100
|turn|1
|
|t:|1665148971
|move|p2a: Lugia|Hidden Power|p1a: Hatterene
|-damage|p1a: Hatterene|87/100
|move|p1a: Hatterene|Trick Room|p1a: Hatterene
|-fieldstart|move: Trick Room|[of] p1a: Hatterene
|
|upkeep
|turn|2
|
|t:|1665148977
|move|p1a: Hatterene|Shadow Ball|p2a: Lugia
|-supereffective|p2a: Lugia
|-damage|p2a: Lugia|85/100
|move|p2a: Lugia|Hidden Power|p1a: Hatterene
|-damage|p1a: Hatterene|73/100
|
|upkeep
|turn|3
|
|t:|1665148982
|move|p1a: Hatterene|Shadow Ball|p2a: Lugia
|-supereffective|p2a: Lugia
|-damage|p2a: Lugia|52/100
|-unboost|p2a: Lugia|spd|1
|move|p2a: Lugia|Recover|p2a: Lugia
|-heal|p2a: Lugia|100/100
|
|upkeep
|turn|4
|
|t:|1665148986
|switch|p2a: Arceus|Arceus|100/100
|move|p1a: Hatterene|Shadow Ball|p2a: Arceus
|-immune|p2a: Arceus
|
|upkeep
|turn|5
|
|t:|1665148990
|move|p1a: Hatterene|Psychic|p2a: Arceus
|-damage|p2a: Arceus|58/100
|move|p2a: Arceus|Shadow Claw|p1a: Hatterene
|-supereffective|p1a: Hatterene
|-damage|p1a: Hatterene|1/100
|-damage|p2a: Arceus|48/100|[from] item: Life Orb
|
|-fieldend|move: Trick Room
|upkeep
|turn|6
|
|t:|1665148996
|move|p2a: Arceus|Extreme Speed|p1a: Hatterene
|-damage|p1a: Hatterene|0 fnt
|faint|p1a: Hatterene
|-damage|p2a: Arceus|38/100|[from] item: Life Orb
|
|upkeep
|
|t:|1665148997
|switch|p1a: Hatterene|Hatterene, F|100/100
|turn|7
|
|t:|1665149001
|move|p2a: Arceus|Recover|p2a: Arceus
|-heal|p2a: Arceus|88/100
|move|p1a: Hatterene|Trick Room|p1a: Hatterene
|-fieldstart|move: Trick Room|[of] p1a: Hatterene
|
|upkeep
|turn|8
|
|t:|1665149004
|move|p1a: Hatterene|Misty Explosion|p2a: Arceus
|-damage|p2a: Arceus|41/100
|faint|p1a: Hatterene
|move|p2a: Arceus|Shadow Claw|p1: Hatterene|[notarget]
|-fail|p2a: Arceus
|
|upkeep
|
|t:|1665149006
|switch|p1a: Melmetal|Melmetal|100/100
|turn|9
|
|t:|1665149011
|switch|p2a: Lugia|Lugia|100/100
|move|p1a: Melmetal|Double Iron Bash|p2a: Lugia
|-damage|p2a: Lugia|82/100
|-damage|p2a: Lugia|48/100
|-hitcount|p2a: Lugia|2
|
|upkeep
|turn|10
|
|t:|1665149017
|move|p1a: Melmetal|Double Iron Bash|p2a: Lugia
|-damage|p2a: Lugia|15/100
|-damage|p2a: Lugia|0 fnt
|faint|p2a: Lugia
|-hitcount|p2: Lugia|2
|
|upkeep
|
|t:|1665149020
|switch|p2a: Arceus|Arceus|41/100
|turn|11
|
|t:|1665149022
|move|p2a: Arceus|Extreme Speed|p1a: Melmetal
|-resisted|p1a: Melmetal
|-damage|p1a: Melmetal|85/100
|-damage|p2a: Arceus|31/100|[from] item: Life Orb
|move|p1a: Melmetal|Double Iron Bash|p2a: Arceus
|-damage|p2a: Arceus|0 fnt
|faint|p2a: Arceus
|-hitcount|p2: Arceus|1
|
|-fieldend|move: Trick Room
|upkeep
|
|t:|1665149031
|switch|p2a: Rayquaza|Rayquaza|100/100
|-ability|p2a: Rayquaza|Air Lock
|turn|12
|
|t:|1665149033
|detailschange|p2a: Rayquaza|Rayquaza-Mega
|-mega|p2a: Rayquaza|Rayquaza|
|-weather|DeltaStream|[from] ability: Delta Stream|[of] p2a: Rayquaza
|move|p2a: Rayquaza|V-create|p1a: Melmetal
|-supereffective|p1a: Melmetal
|-damage|p1a: Melmetal|0 fnt
|-unboost|p2a: Rayquaza|spe|1
|-unboost|p2a: Rayquaza|def|1
|-unboost|p2a: Rayquaza|spd|1
|faint|p1a: Melmetal
|
|-weather|DeltaStream|[upkeep]
|upkeep
|
|t:|1665149043
|switch|p1a: Hatterene|Hatterene, F|100/100
|turn|13
|
|t:|1665149046
|-weather|none
|switch|p2a: Ditto|Ditto|100/100
|-transform|p2a: Ditto|p1a: Hatterene|[from] ability: Imposter
|move|p1a: Hatterene|Trick Room|p1a: Hatterene
|-fieldstart|move: Trick Room|[of] p1a: Hatterene
|
|upkeep
|turn|14
|
|t:|1665149051
|move|p1a: Hatterene|Misty Explosion|p2a: Ditto
|-damage|p2a: Ditto|31/100
|faint|p1a: Hatterene
|move|p2a: Ditto|Trick Room|p2a: Ditto
|-fieldend|move: Trick Room
|
|upkeep
|
|t:|1665149058
|switch|p1a: Melmetal|Melmetal|100/100
|turn|15
|
|t:|1665149077
|switch|p2a: Calyrex|Calyrex-Shadow|100/100
|-ability|p2a: Calyrex|As One
|-ability|p2a: Calyrex|Unnerve
|-start|p1a: Melmetal|Dynamax|Gmax
|-heal|p1a: Melmetal|100/100|[silent]
|move|p1a: Melmetal|G-Max Meltdown|p2a: Calyrex
|-damage|p2a: Calyrex|6/100
|-start|p2a: Calyrex|Torment
|
|upkeep
|turn|16
|
|t:|1665149090
|move|p2a: Calyrex|Astral Barrage|p1a: Melmetal
|-damage|p1a: Melmetal|61/100
|move|p1a: Melmetal|Max Quake|p2a: Calyrex
|-damage|p2a: Calyrex|0 fnt
|-boost|p1a: Melmetal|spd|1
|faint|p2a: Calyrex
|
|upkeep
|
|t:|1665149097
|switch|p2a: Ditto|Ditto|31/100
|-transform|p2a: Ditto|p1a: Melmetal|[from] ability: Imposter
|turn|17
|
|t:|1665149104
|move|p2a: Ditto|Earthquake|p1a: Melmetal
|-supereffective|p1a: Melmetal
|-damage|p1a: Melmetal|38/100
|move|p1a: Melmetal|Max Knuckle|p2a: Ditto
|-supereffective|p2a: Ditto
|-damage|p2a: Ditto|0 fnt
|-boost|p1a: Melmetal|atk|1
|faint|p2a: Ditto
|
|upkeep
|
|t:|1665149113
|switch|p2a: Rayquaza|Rayquaza-Mega|100/100
|-weather|DeltaStream|[from] ability: Delta Stream|[of] p2a: Rayquaza
|-end|p1a: Melmetal|Dynamax
|-heal|p1a: Melmetal|38/100|[silent]
|turn|18
|
|t:|1665149117
|move|p2a: Rayquaza|V-create|p1a: Melmetal
|-supereffective|p1a: Melmetal
|-damage|p1a: Melmetal|0 fnt
|-unboost|p2a: Rayquaza|spe|1
|-unboost|p2a: Rayquaza|def|1
|-unboost|p2a: Rayquaza|spd|1
|faint|p1a: Melmetal
|
|-weather|DeltaStream|[upkeep]
|upkeep
|
|t:|1665149118
|switch|p1a: Melmetal|Melmetal|100/100
|turn|19
|
|t:|1665149121
|move|p2a: Rayquaza|V-create|p1a: Melmetal
|-supereffective|p1a: Melmetal
|-damage|p1a: Melmetal|11/100
|-unboost|p2a: Rayquaza|spe|1
|-unboost|p2a: Rayquaza|def|1
|-unboost|p2a: Rayquaza|spd|1
|move|p1a: Melmetal|Double Iron Bash|p2a: Rayquaza
|-damage|p2a: Rayquaza|0 fnt
|faint|p2a: Rayquaza
|-weather|none
|-hitcount|p2: Rayquaza|1
|
|upkeep
|
|t:|1665149124
|switch|p2a: Yveltal|Yveltal|100/100
|-ability|p2a: Yveltal|Dark Aura
|turn|20
|
|t:|1665149126
|move|p2a: Yveltal|Sucker Punch|p1a: Melmetal
|-damage|p1a: Melmetal|0 fnt
|faint|p1a: Melmetal
|-damage|p2a: Yveltal|91/100|[from] item: Life Orb
|
|win|aayushistaken
|raw|OnTheGrindTo1's rating: 1625 &rarr; <strong>1604</strong><br />(-21 for losing)
|raw|aayushistaken's rating: 1611 &rarr; <strong>1632</strong><br />(+21 for winning)
|l|☆OnTheGrindTo1
||Ladder isn't responding, score probably updated but might not have (Request timeout).
