|j|☆xLeonisx
|j|☆chemiqs
|t:|1657500317
|gametype|singles
|player|p1|xLeonisx|266|1626
|player|p2|chemiqs|n|1601
|teamsize|p1|6
|teamsize|p2|6
|gen|8
|tier|[Gen 8] National Dex AG
|rated|
|rule|HP Percentage Mod: HP is shown in percentages
|rule|Endless Battle Clause: Forcing endless battles is banned
|clearpoke
|poke|p1|Deoxys-Speed|
|poke|p1|Ditto|
|poke|p1|Kyogre|
|poke|p1|Calyrex-Shadow|
|poke|p1|Lugia|
|poke|p1|Zacian-*|
|poke|p2|Calyrex-Shadow|
|poke|p2|Yveltal|
|poke|p2|Zacian-*|
|poke|p2|Marshadow|
|poke|p2|Arceus-*|
|poke|p2|Groudon|
|teampreview
|
|t:|1657500325
|start
|switch|p1a: Lugia|Lugia|100/100
|switch|p2a: Arceus|Arceus-Dark|100/100
|turn|1
|
|t:|1657500330
|move|p2a: Arceus|Magic Coat|p2a: Arceus
|-singleturn|p2a: Arceus|move: Magic Coat
|move|p1a: Lugia|Toxic|p2a: Arceus
|move|p2a: Arceus|Toxic|p1a: Lugia|[from]Magic Coat
|-status|p1a: Lugia|tox
|
|-damage|p1a: Lugia|94/100 tox|[from] psn
|upkeep
|turn|2
|
|t:|1657500336
|switch|p2a: Zacian|Zacian-Crowned|100/100
|-ability|p2a: Zacian|Intrepid Sword|boost
|-boost|p2a: Zacian|atk|1
|move|p1a: Lugia|Toxic|p2a: Zacian|[miss]
|-miss|p1a: Lugia|p2a: Zacian
|
|-damage|p1a: Lugia|82/100 tox|[from] psn
|upkeep
|turn|3
|
|t:|1657500340
|move|p2a: Zacian|Behemoth Blade|p1a: Lugia
|-damage|p1a: Lugia|20/100 tox
|move|p1a: Lugia|Roost|p1a: Lugia
|-heal|p1a: Lugia|70/100 tox
|-singleturn|p1a: Lugia|move: Roost
|
|-damage|p1a: Lugia|52/100 tox|[from] psn
|upkeep
|turn|4
|
|t:|1657500345
|move|p2a: Zacian|Behemoth Blade|p1a: Lugia
|-damage|p1a: Lugia|0 fnt
|faint|p1a: Lugia
|
|upkeep
|
|t:|1657500349
|switch|p1a: Deoxys|Deoxys-Speed|100/100
|-ability|p1a: Deoxys|Pressure
|turn|5
|
|t:|1657500353
|move|p1a: Deoxys|Thunder Wave|p2a: Zacian
|-status|p2a: Zacian|par
|move|p2a: Zacian|Behemoth Blade|p1a: Deoxys
|-enditem|p1a: Deoxys|Focus Sash
|-damage|p1a: Deoxys|1/100
|
|upkeep
|turn|6
|
|t:|1657500360
|switch|p2a: Arceus|Arceus-Dark|100/100
|move|p1a: Deoxys|Stealth Rock|p2a: Arceus
|-sidestart|p2: chemiqs|move: Stealth Rock
|
|upkeep
|turn|7
|
|t:|1657500363
|move|p1a: Deoxys|Magic Coat|p1a: Deoxys
|-singleturn|p1a: Deoxys|move: Magic Coat
|move|p2a: Arceus|Defog|p1a: Deoxys
|move|p1a: Deoxys|Defog|p2a: Arceus|[from]Magic Coat
|-unboost|p2a: Arceus|evasion|1
|-sideend|p2: chemiqs|Stealth Rock|[from] move: Defog|[of] p1a: Deoxys
|
|upkeep
|turn|8
|
|t:|1657500367
|move|p1a: Deoxys|Stealth Rock|p2a: Arceus
|-sidestart|p2: chemiqs|move: Stealth Rock
|move|p2a: Arceus|Judgment|p1a: Deoxys
|-supereffective|p1a: Deoxys
|-damage|p1a: Deoxys|0 fnt
|faint|p1a: Deoxys
|
|upkeep
|
|t:|1657500369
|switch|p1a: Zacian|Zacian-Crowned|100/100
|-ability|p1a: Zacian|Intrepid Sword|boost
|-boost|p1a: Zacian|atk|1
|turn|9
|
|t:|1657500373
|move|p1a: Zacian|Close Combat|p2a: Arceus
|-supereffective|p2a: Arceus
|-damage|p2a: Arceus|0 fnt
|-unboost|p1a: Zacian|def|1
|-unboost|p1a: Zacian|spd|1
|faint|p2a: Arceus
|
|upkeep
|
|t:|1657500379
|switch|p2a: Groudon|Groudon|100/100
|-damage|p2a: Groudon|94/100|[from] Stealth Rock
|detailschange|p2a: Groudon|Groudon-Primal
|-primal|p2a: Groudon
|-weather|DesolateLand|[from] ability: Desolate Land|[of] p2a: Groudon
|turn|10
|
|t:|1657500383
|switch|p1a: Kyogre|Kyogre|100/100
|detailschange|p1a: Kyogre|Kyogre-Primal
|-primal|p1a: Kyogre
|-weather|PrimordialSea|[from] ability: Primordial Sea|[of] p1a: Kyogre
|move|p2a: Groudon|Precipice Blades|p1a: Kyogre
|-damage|p1a: Kyogre|5/100
|
|-weather|PrimordialSea|[upkeep]
|upkeep
|turn|11
|
|t:|1657500394
|switch|p2a: Zacian|Zacian-Crowned|100/100 par
|-damage|p2a: Zacian|94/100 par|[from] Stealth Rock
|-ability|p2a: Zacian|Intrepid Sword|boost
|-boost|p2a: Zacian|atk|1
|move|p1a: Kyogre|Origin Pulse|p2a: Zacian
|-damage|p2a: Zacian|0 fnt
|faint|p2a: Zacian
|
|-weather|PrimordialSea|[upkeep]
|upkeep
|
|t:|1657500401
|switch|p2a: Yveltal|Yveltal|100/100
|-damage|p2a: Yveltal|76/100|[from] Stealth Rock
|-ability|p2a: Yveltal|Dark Aura
|turn|12
|
|t:|1657500404
|-weather|none
|switch|p1a: Zacian|Zacian-Crowned|100/100
|-ability|p1a: Zacian|Intrepid Sword|boost
|-boost|p1a: Zacian|atk|1
|move|p2a: Yveltal|Oblivion Wing|p1a: Zacian
|-resisted|p1a: Zacian
|-damage|p1a: Zacian|77/100
|-heal|p2a: Yveltal|90/100|[from] drain|[of] p1a: Zacian
|-damage|p2a: Yveltal|80/100|[from] item: Life Orb
|
|upkeep
|turn|13
|
|t:|1657500415
|switch|p2a: Groudon|Groudon-Primal|94/100
|-damage|p2a: Groudon|82/100|[from] Stealth Rock
|-weather|DesolateLand|[from] ability: Desolate Land|[of] p2a: Groudon
|move|p1a: Zacian|Behemoth Blade|p2a: Groudon
|-resisted|p2a: Groudon
|-damage|p2a: Groudon|50/100
|
|-weather|DesolateLand|[upkeep]
|upkeep
|turn|14
|
|t:|1657500422
|switch|p1a: Kyogre|Kyogre-Primal|5/100
|-weather|PrimordialSea|[from] ability: Primordial Sea|[of] p1a: Kyogre
|move|p2a: Groudon|Rock Polish|p2a: Groudon
|-boost|p2a: Groudon|spe|2
|
|-weather|PrimordialSea|[upkeep]
|upkeep
|turn|15
|
|t:|1657500427
|move|p2a: Groudon|Precipice Blades|p1a: Kyogre
|-damage|p1a: Kyogre|0 fnt
|faint|p1a: Kyogre
|-weather|none
|
|upkeep
|
|t:|1657500429
|switch|p1a: Ditto|Ditto|100/100
|-transform|p1a: Ditto|p2a: Groudon|[from] ability: Imposter
|-weather|DesolateLand|[from] ability: Desolate Land|[of] p1a: Ditto
|turn|16
|
|t:|1657500433
|move|p1a: Ditto|Stone Edge|p2a: Groudon
|-damage|p2a: Groudon|18/100
|move|p2a: Groudon|Precipice Blades|p1a: Ditto
|-supereffective|p1a: Ditto
|-damage|p1a: Ditto|0 fnt
|faint|p1a: Ditto
|
|-weather|DesolateLand|[upkeep]
|upkeep
|
|t:|1657500439
|switch|p1a: Calyrex|Calyrex-Shadow|100/100
|-ability|p1a: Calyrex|As One
|-ability|p1a: Calyrex|Unnerve
|turn|17
|
|t:|1657500446
|-start|p1a: Calyrex|Dynamax|
|-heal|p1a: Calyrex|100/100|[silent]
|move|p2a: Groudon|Heat Crash||[still]
|-fail|p2a: Groudon|Dynamax
|move|p1a: Calyrex|Max Starfall|p2a: Groudon
|-resisted|p2a: Groudon
|-damage|p2a: Groudon|0 fnt
|-fieldstart|move: Misty Terrain
|faint|p2a: Groudon
|-weather|none
|-ability|p1a: Calyrex|Grim Neigh|boost
|-boost|p1a: Calyrex|spa|1
|
|upkeep
|
|t:|1657500460
|switch|p2a: Marshadow|Marshadow|100/100
|-damage|p2a: Marshadow|94/100|[from] Stealth Rock
|turn|18
|
|t:|1657500465
|-end|p1a: Calyrex|Dynamax
|-heal|p1a: Calyrex|100/100|[silent]
|switch|p1a: Zacian|Zacian-Crowned|77/100
|-ability|p1a: Zacian|Intrepid Sword|boost
|-boost|p1a: Zacian|atk|1
|move|p2a: Marshadow|Shadow Sneak|p1a: Zacian
|-damage|p1a: Zacian|45/100
|
|upkeep
|turn|19
|
|t:|1657500510
|move|p2a: Marshadow|Shadow Sneak|p1a: Zacian
|-damage|p1a: Zacian|19/100
|move|p1a: Zacian|Behemoth Blade|p2a: Marshadow
|-damage|p2a: Marshadow|0 fnt
|faint|p2a: Marshadow
|
|upkeep
|
|t:|1657500513
|switch|p2a: Calyrex|Calyrex-Shadow|100/100
|-ability|p2a: Calyrex|As One
|-ability|p2a: Calyrex|Unnerve
|-damage|p2a: Calyrex|88/100|[from] Stealth Rock
|turn|20
|
|t:|1657500519
|move|p2a: Calyrex|Astral Barrage|p1a: Zacian
|-damage|p1a: Zacian|0 fnt
|faint|p1a: Zacian
|-ability|p2a: Calyrex|Grim Neigh|boost
|-boost|p2a: Calyrex|spa|1
|
|upkeep
|
|t:|1657500521
|switch|p1a: Calyrex|Calyrex-Shadow|100/100
|-ability|p1a: Calyrex|As One
|-ability|p1a: Calyrex|Unnerve
|turn|21
|
|t:|1657500525
|move|p1a: Calyrex|Astral Barrage|p2a: Calyrex
|-supereffective|p2a: Calyrex
|-damage|p2a: Calyrex|0 fnt
|faint|p2a: Calyrex
|-ability|p1a: Calyrex|Grim Neigh|boost
|-boost|p1a: Calyrex|spa|1
|
|-fieldend|Misty Terrain
|upkeep
|
|t:|1657500527
|switch|p2a: Yveltal|Yveltal|80/100
|-damage|p2a: Yveltal|55/100|[from] Stealth Rock
|-ability|p2a: Yveltal|Dark Aura
|turn|22
|
|t:|1657500529
|-start|p2a: Yveltal|Dynamax|
|-heal|p2a: Yveltal|55/100|[silent]
|move|p1a: Calyrex|Astral Barrage|p2a: Yveltal
|-resisted|p2a: Yveltal
|-damage|p2a: Yveltal|32/100
|move|p2a: Yveltal|Max Airstream|p1a: Calyrex
|-damage|p1a: Calyrex|17/100
|-boost|p2a: Yveltal|spe|1
|-damage|p2a: Yveltal|27/100|[from] item: Life Orb
|
|upkeep
|turn|23
|
|t:|1657500534
|move|p1a: Calyrex|Astral Barrage|p2a: Yveltal
|-resisted|p2a: Yveltal
|-damage|p2a: Yveltal|1/100
|move|p2a: Yveltal|Max Airstream|p1a: Calyrex
|-damage|p1a: Calyrex|0 fnt
|-boost|p2a: Yveltal|spe|1
|faint|p1a: Calyrex
|-damage|p2a: Yveltal|0 fnt|[from] item: Life Orb
|faint|p2a: Yveltal
|
|win|chemiqs
|raw|xLeonisx's rating: 1626 &rarr; <strong>1605</strong><br />(-21 for losing)
|raw|chemiqs's rating: 1601 &rarr; <strong>1622</strong><br />(+21 for winning)
