|j|☆WarDorritos
|j|☆Hhhhhhhhhhhhx
|t:|1664155532
|gametype|singles
|player|p1|WarDorritos|brycenman|1390
|player|p2|Hhhhhhhhhhhhx|nate|1502
|teamsize|p1|6
|teamsize|p2|6
|gen|8
|tier|[Gen 8] National Dex AG
|rated|
|rule|HP Percentage Mod: HP is shown in percentages
|rule|Endless Battle Clause: Forcing endless battles is banned
|clearpoke
|poke|p1|Tyranitar, M|
|poke|p1|Excadrill, F|
|poke|p1|Charizard, F|
|poke|p1|Ferrothorn, M|
|poke|p1|Dragapult, F|
|poke|p1|Rotom-Wash|
|poke|p2|Necrozma-Dusk-Mane|
|poke|p2|Yveltal|
|poke|p2|Lugia|
|poke|p2|Urshifu-*, M|
|poke|p2|Tapu Fini|
|poke|p2|Kyogre|
|teampreview
|inactive|Battle timer is ON: inactive players will automatically lose when time's up. (requested by Hhhhhhhhhhhhx)
|
|t:|1664155550
|start
|switch|p1a: Charizard|Charizard, F|100/100
|switch|p2a: Urshifu|Urshifu-Rapid-Strike, M|100/100
|turn|1
|
|t:|1664155562
|switch|p2a: Kyogre|Kyogre|100/100
|-weather|RainDance|[from] ability: Drizzle|[of] p2a: Kyogre
|switch|p1a: Rotom|Rotom-Wash|100/100
|
|-weather|RainDance|[upkeep]
|upkeep
|turn|2
|
|t:|1664155568
|move|p2a: Kyogre|Toxic|p1a: Rotom
|-status|p1a: Rotom|tox
|move|p1a: Rotom|Volt Switch|p2a: Kyogre
|-supereffective|p2a: Kyogre
|-damage|p2a: Kyogre|75/100
|
|t:|1664155573
|switch|p1a: Charizard|Charizard, F|100/100|[from]move: Volt Switch
|
|-weather|RainDance|[upkeep]
|-heal|p2a: Kyogre|81/100|[from] item: Leftovers
|upkeep
|turn|3
|
|t:|1664155578
|detailschange|p1a: Charizard|Charizard-Mega-Y, F
|-mega|p1a: Charizard|Charizard|Charizardite Y
|-weather|SunnyDay|[from] ability: Drought|[of] p1a: Charizard
|move|p1a: Charizard|Solar Beam||[still]
|-prepare|p1a: Charizard|Solar Beam
|-anim|p1a: Charizard|Solar Beam|p2a: Kyogre
|-supereffective|p2a: Kyogre
|-damage|p2a: Kyogre|32/100
|move|p2a: Kyogre|Toxic|p1a: Charizard
|-status|p1a: Charizard|tox
|
|-weather|SunnyDay|[upkeep]
|-heal|p2a: Kyogre|38/100|[from] item: Leftovers
|-damage|p1a: Charizard|94/100 tox|[from] psn
|upkeep
|turn|4
|
|t:|1664155588
|switch|p2a: Lugia|Lugia|100/100
|move|p1a: Charizard|Solar Beam||[still]
|-prepare|p1a: Charizard|Solar Beam
|-anim|p1a: Charizard|Solar Beam|p2a: Lugia
|-resisted|p2a: Lugia
|-damage|p2a: Lugia|94/100
|
|-weather|SunnyDay|[upkeep]
|-damage|p1a: Charizard|82/100 tox|[from] psn
|upkeep
|turn|5
|
|t:|1664155601
|switch|p1a: Tyranitar|Tyranitar, M|100/100
|-weather|Sandstorm|[from] ability: Sand Stream|[of] p1a: Tyranitar
|move|p2a: Lugia|Calm Mind|p2a: Lugia
|-boost|p2a: Lugia|spa|1
|-boost|p2a: Lugia|spd|1
|
|-weather|Sandstorm|[upkeep]
|-damage|p2a: Lugia|88/100|[from] Sandstorm
|upkeep
|turn|6
|
|t:|1664155611
|switch|p2a: Kyogre|Kyogre|38/100
|-weather|RainDance|[from] ability: Drizzle|[of] p2a: Kyogre
|move|p1a: Tyranitar|Crunch|p2a: Kyogre
|-damage|p2a: Kyogre|0 fnt
|faint|p2a: Kyogre
|
|-weather|RainDance|[upkeep]
|upkeep
|
|t:|1664155626
|switch|p2a: Necrozma|Necrozma-Dusk-Mane, shiny|100/100
|turn|7
|
|t:|1664155649
|switch|p2a: Tapu Fini|Tapu Fini|100/100
|-fieldstart|move: Misty Terrain|[from] ability: Misty Surge|[of] p2a: Tapu Fini
|move|p1a: Tyranitar|Crunch|p2a: Tapu Fini
|-resisted|p2a: Tapu Fini
|-damage|p2a: Tapu Fini|70/100
|
|-weather|RainDance|[upkeep]
|upkeep
|turn|8
|
|t:|1664155659
|switch|p1a: Ferrothorn|Ferrothorn, M|100/100
|move|p2a: Tapu Fini|Trick|p1a: Ferrothorn
|-activate|p2a: Tapu Fini|move: Trick|[of] p1a: Ferrothorn
|-item|p1a: Ferrothorn|Lagging Tail|[from] move: Trick
|-item|p2a: Tapu Fini|Leftovers|[from] move: Trick
|
|-weather|RainDance|[upkeep]
|-heal|p2a: Tapu Fini|77/100|[from] item: Leftovers
|upkeep
|turn|9
|
|t:|1664155671
|move|p2a: Tapu Fini|Nature's Madness|p1a: Ferrothorn
|-damage|p1a: Ferrothorn|50/100
|move|p1a: Ferrothorn|Spikes|p2a: Tapu Fini
|-sidestart|p2: Hhhhhhhhhhhhx|Spikes
|
|-weather|RainDance|[upkeep]
|-heal|p2a: Tapu Fini|83/100|[from] item: Leftovers
|upkeep
|turn|10
|
|t:|1664155677
|switch|p2a: Necrozma|Necrozma-Dusk-Mane, shiny|100/100
|-damage|p2a: Necrozma|88/100|[from] Spikes
|move|p1a: Ferrothorn|Spikes|p2a: Necrozma
|-sidestart|p2: Hhhhhhhhhhhhx|Spikes
|
|-weather|none
|-heal|p2a: Necrozma|94/100|[from] item: Leftovers
|upkeep
|turn|11
|
|t:|1664155694
|move|p2a: Necrozma|Calm Mind|p2a: Necrozma
|-boost|p2a: Necrozma|spa|1
|-boost|p2a: Necrozma|spd|1
|move|p1a: Ferrothorn|Leech Seed|p2a: Necrozma
|-start|p2a: Necrozma|move: Leech Seed
|
|-heal|p2a: Necrozma|99/100|[from] item: Leftovers
|-damage|p2a: Necrozma|88/100|[from] Leech Seed|[of] p1a: Ferrothorn
|-heal|p1a: Ferrothorn|64/100|[silent]
|-fieldend|Misty Terrain
|upkeep
|turn|12
|
|t:|1664155706
|switch|p1a: Tyranitar|Tyranitar, M|100/100
|-weather|Sandstorm|[from] ability: Sand Stream|[of] p1a: Tyranitar
|move|p2a: Necrozma|Calm Mind|p2a: Necrozma
|-boost|p2a: Necrozma|spa|1
|-boost|p2a: Necrozma|spd|1
|
|-weather|Sandstorm|[upkeep]
|-heal|p2a: Necrozma|94/100|[from] item: Leftovers
|-damage|p2a: Necrozma|82/100|[from] Leech Seed|[of] p1a: Tyranitar
|upkeep
|turn|13
|
|t:|1664155714
|-start|p2a: Necrozma|Dynamax|
|-heal|p2a: Necrozma|82/100|[silent]
|move|p1a: Tyranitar|Crunch|p2a: Necrozma
|-supereffective|p2a: Necrozma
|-damage|p2a: Necrozma|52/100
|-unboost|p2a: Necrozma|def|1
|move|p2a: Necrozma|Max Steelspike|p1a: Tyranitar
|-supereffective|p1a: Tyranitar
|-damage|p1a: Tyranitar|0 fnt
|-boost|p2a: Necrozma|def|1
|faint|p1a: Tyranitar
|
|-weather|Sandstorm|[upkeep]
|-heal|p2a: Necrozma|55/100|[from] item: Leftovers
|upkeep
|
|t:|1664155724
|switch|p1a: Excadrill|Excadrill, F|100/100
|turn|14
|
|t:|1664155728
|-start|p1a: Excadrill|Dynamax|
|-heal|p1a: Excadrill|100/100|[silent]
|move|p1a: Excadrill|Max Quake|p2a: Necrozma
|-supereffective|p2a: Necrozma
|-damage|p2a: Necrozma|24/100
|-boost|p1a: Excadrill|spd|1
|move|p2a: Necrozma|Max Steelspike|p1a: Excadrill
|-resisted|p1a: Excadrill
|-damage|p1a: Excadrill|74/100
|-boost|p2a: Necrozma|def|1
|
|-weather|Sandstorm|[upkeep]
|-heal|p1a: Excadrill|77/100|[from] item: Leftovers
|-heal|p2a: Necrozma|27/100|[from] item: Leftovers
|-damage|p2a: Necrozma|21/100|[from] Leech Seed|[of] p1a: Excadrill
|-heal|p1a: Excadrill|84/100|[silent]
|upkeep
|turn|15
|
|t:|1664155739
|move|p1a: Excadrill|Max Quake|p2a: Necrozma
|-supereffective|p2a: Necrozma
|-damage|p2a: Necrozma|1/100
|-boost|p1a: Excadrill|spd|1
|move|p2a: Necrozma|Max Steelspike|p1a: Excadrill
|-resisted|p1a: Excadrill
|-crit|p1a: Excadrill
|-damage|p1a: Excadrill|25/100
|-boost|p2a: Necrozma|def|1
|
|-weather|Sandstorm|[upkeep]
|-heal|p1a: Excadrill|28/100|[from] item: Leftovers
|-heal|p2a: Necrozma|4/100|[from] item: Leftovers
|-damage|p2a: Necrozma|0 fnt|[from] Leech Seed|[of] p1a: Excadrill
|-heal|p1a: Excadrill|32/100|[silent]
|faint|p2a: Necrozma
|upkeep
|
|t:|1664155748
|switch|p2a: Urshifu|Urshifu-Rapid-Strike, M|100/100
|-damage|p2a: Urshifu|84/100|[from] Spikes
|turn|16
|
|t:|1664155763
|switch|p2a: Lugia|Lugia|88/100
|move|p1a: Excadrill|Max Quake|p2a: Lugia
|-immune|p2a: Lugia
|
|-weather|none
|-heal|p1a: Excadrill|36/100|[from] item: Leftovers
|upkeep
|-end|p1a: Excadrill|Dynamax
|-heal|p1a: Excadrill|36/100|[silent]
|turn|17
|
|t:|1664155775
|switch|p1a: Rotom|Rotom-Wash|100/100 tox
|move|p2a: Lugia|Calm Mind|p2a: Lugia
|-boost|p2a: Lugia|spa|1
|-boost|p2a: Lugia|spd|1
|
|-damage|p1a: Rotom|95/100 tox|[from] psn
|upkeep
|turn|18
|
|t:|1664155784
|move|p2a: Lugia|Air Slash|p1a: Rotom|[miss]
|-miss|p2a: Lugia|p1a: Rotom
|move|p1a: Rotom|Volt Switch|p2a: Lugia
|-supereffective|p2a: Lugia
|-damage|p2a: Lugia|69/100
|
|t:|1664155790
|switch|p1a: Dragapult|Dragapult, F|100/100|[from]move: Volt Switch
|
|upkeep
|turn|19
|
|t:|1664155796
|move|p1a: Dragapult|Shadow Ball|p2a: Lugia
|-supereffective|p2a: Lugia
|-damage|p2a: Lugia|32/100
|move|p2a: Lugia|Air Slash|p1a: Dragapult
|-damage|p1a: Dragapult|54/100
|
|upkeep
|turn|20
|
|t:|1664155803
|move|p1a: Dragapult|Shadow Ball|p2a: Lugia
|-supereffective|p2a: Lugia
|-damage|p2a: Lugia|0 fnt
|faint|p2a: Lugia
|
|upkeep
|
|t:|1664155811
|switch|p2a: Yveltal|Yveltal, shiny|100/100
|-ability|p2a: Yveltal|Dark Aura
|turn|21
|
|t:|1664155819
|switch|p1a: Rotom|Rotom-Wash|95/100 tox
|move|p2a: Yveltal|Knock Off|p1a: Rotom
|-damage|p1a: Rotom|45/100 tox
|-enditem|p1a: Rotom|Leftovers|[from] move: Knock Off|[of] p2a: Yveltal
|
|-damage|p1a: Rotom|39/100 tox|[from] psn
|upkeep
|turn|22
|
|t:|1664155833
|move|p2a: Yveltal|Knock Off|p1a: Rotom
|-damage|p1a: Rotom|1/100 tox
|move|p1a: Rotom|Pain Split|p2a: Yveltal
|-sethp|p2a: Yveltal|51/100|[from] move: Pain Split|[silent]
|-sethp|p1a: Rotom|66/100 tox|[from] move: Pain Split
|
|-damage|p1a: Rotom|54/100 tox|[from] psn
|upkeep
|turn|23
|
|t:|1664155844
|move|p2a: Yveltal|Foul Play|p1a: Rotom
|-damage|p1a: Rotom|37/100 tox
|move|p1a: Rotom|Volt Switch|p2a: Yveltal
|-supereffective|p2a: Yveltal
|-damage|p2a: Yveltal|20/100
|
|t:|1664155862
|switch|p1a: Charizard|Charizard-Mega-Y, F|82/100 tox|[from]move: Volt Switch
|-weather|SunnyDay|[from] ability: Drought|[of] p1a: Charizard
|
|-weather|SunnyDay|[upkeep]
|-damage|p1a: Charizard|76/100 tox|[from] psn
|upkeep
|turn|24
|
|t:|1664155869
|move|p2a: Yveltal|Sucker Punch|p1a: Charizard
|-damage|p1a: Charizard|11/100 tox
|move|p1a: Charizard|Fire Blast|p2a: Yveltal
|-damage|p2a: Yveltal|0 fnt
|faint|p2a: Yveltal
|
|-weather|SunnyDay|[upkeep]
|-damage|p1a: Charizard|0 fnt|[from] psn
|faint|p1a: Charizard
|upkeep
|
|t:|1664155883
|switch|p1a: Rotom|Rotom-Wash|37/100 tox
|switch|p2a: Tapu Fini|Tapu Fini|83/100
|-damage|p2a: Tapu Fini|66/100|[from] Spikes
|-fieldstart|move: Misty Terrain|[from] ability: Misty Surge|[of] p2a: Tapu Fini
|turn|25
|
|t:|1664155890
|move|p1a: Rotom|Volt Switch|p2a: Tapu Fini
|-supereffective|p2a: Tapu Fini
|-damage|p2a: Tapu Fini|35/100
|
|t:|1664155893
|switch|p1a: Ferrothorn|Ferrothorn, M|64/100|[from]move: Volt Switch
|move|p2a: Tapu Fini|Moonblast|p1a: Ferrothorn
|-resisted|p1a: Ferrothorn
|-damage|p1a: Ferrothorn|55/100
|
|-weather|SunnyDay|[upkeep]
|-heal|p2a: Tapu Fini|41/100|[from] item: Leftovers
|upkeep
|turn|26
|
|t:|1664155900
|move|p2a: Tapu Fini|Taunt|p1a: Ferrothorn
|-start|p1a: Ferrothorn|move: Taunt
|move|p1a: Ferrothorn|Power Whip|p2a: Tapu Fini
|-supereffective|p2a: Tapu Fini
|-damage|p2a: Tapu Fini|0 fnt
|faint|p2a: Tapu Fini
|
|-weather|SunnyDay|[upkeep]
|upkeep
|-message|Hhhhhhhhhhhhx forfeited.
|
|win|WarDorritos
|raw|WarDorritos's rating: 1390 &rarr; <strong>1416</strong><br />(+26 for winning)
|raw|Hhhhhhhhhhhhx's rating: 1502 &rarr; <strong>1476</strong><br />(-26 for losing)
|l|☆Hhhhhhhhhhhhx
||Ladder isn't responding, score probably updated but might not have (Request timeout).
