|j|☆pipi0.0
|j|☆Obito 2001
|t:|1667100579
|gametype|singles
|player|p1|pipi0.0|lady|1744
|player|p2|Obito 2001|teamrocket|2001
|teamsize|p1|6
|teamsize|p2|6
|gen|8
|tier|[Gen 8] National Dex AG
|rated|
|rule|HP Percentage Mod: HP is shown in percentages
|rule|Endless Battle Clause: Forcing endless battles is banned
|clearpoke
|poke|p1|Rayquaza|
|poke|p1|Kyogre|
|poke|p1|Necrozma-Dusk-Mane|
|poke|p1|Zacian-*|
|poke|p1|Zygarde|
|poke|p1|Yveltal|
|poke|p2|Mewtwo|
|poke|p2|Tapu Lele|
|poke|p2|Calyrex-Shadow|
|poke|p2|Necrozma-Dusk-Mane|
|poke|p2|Necrozma-Dawn-Wings|
|poke|p2|Deoxys-Speed|
|teampreview
|inactive|Battle timer is ON: inactive players will automatically lose when time's up. (requested by Obito 2001)
|inactive|pipi0.0 also wants the timer to be on.
|
|t:|1667100607
|start
|switch|p1a: Rayquaza|Rayquaza|100/100
|switch|p2a: Deoxys|Deoxys-Speed, shiny|100/100
|-ability|p2a: Deoxys|Pressure
|-ability|p1a: Rayquaza|Air Lock
|turn|1
|
|t:|1667100612
|detailschange|p1a: Rayquaza|Rayquaza-Mega
|-mega|p1a: Rayquaza|Rayquaza|
|-weather|DeltaStream|[from] ability: Delta Stream|[of] p1a: Rayquaza
|move|p1a: Rayquaza|Extreme Speed|p2a: Deoxys
|-damage|p2a: Deoxys|23/100
|move|p2a: Deoxys|Stealth Rock|p1a: Rayquaza
|-sidestart|p1: pipi0.0|move: Stealth Rock
|
|-weather|DeltaStream|[upkeep]
|upkeep
|turn|2
|
|t:|1667100616
|move|p1a: Rayquaza|Extreme Speed|p2a: Deoxys
|-damage|p2a: Deoxys|0 fnt
|faint|p2a: Deoxys
|
|-weather|DeltaStream|[upkeep]
|upkeep
|
|t:|1667100637
|switch|p2a: Tapu Lele|Tapu Lele, shiny|100/100
|-fieldstart|move: Psychic Terrain|[from] ability: Psychic Surge|[of] p2a: Tapu Lele
|turn|3
|
|t:|1667100642
|-weather|none
|switch|p1a: Zacian|Zacian-Crowned|100/100
|-damage|p1a: Zacian|94/100|[from] Stealth Rock
|-ability|p1a: Zacian|Intrepid Sword|boost
|-boost|p1a: Zacian|atk|1
|move|p2a: Tapu Lele|Moonblast|p1a: Zacian
|-resisted|p1a: Zacian
|-damage|p1a: Zacian|72/100
|-unboost|p1a: Zacian|spa|1
|
|upkeep
|turn|4
|
|t:|1667100653
|switch|p2a: Necrozma|Necrozma-Dusk-Mane|100/100
|move|p1a: Zacian|Behemoth Blade|p2a: Necrozma
|-resisted|p2a: Necrozma
|-damage|p2a: Necrozma|60/100
|
|upkeep
|turn|5
|
|t:|1667100658
|switch|p1a: Yveltal|Yveltal|100/100
|-ability|p1a: Yveltal|Dark Aura
|move|p2a: Necrozma|Morning Sun|p2a: Necrozma
|-heal|p2a: Necrozma|100/100
|
|upkeep
|turn|6
|
|t:|1667100670
|-start|p2a: Necrozma|Dynamax|
|-heal|p2a: Necrozma|100/100|[silent]
|-start|p1a: Yveltal|Dynamax|
|-heal|p1a: Yveltal|100/100|[silent]
|move|p2a: Necrozma|Max Steelspike|p1a: Yveltal
|-damage|p1a: Yveltal|72/100
|-boost|p2a: Necrozma|def|1
|move|p1a: Yveltal|Max Darkness|p2a: Necrozma
|-supereffective|p2a: Necrozma
|-crit|p2a: Necrozma
|-damage|p2a: Necrozma|35/100
|-unboost|p2a: Necrozma|spd|1
|-enditem|p2a: Necrozma|Weakness Policy
|-boost|p2a: Necrozma|atk|2|[from] item: Weakness Policy
|-boost|p2a: Necrozma|spa|2|[from] item: Weakness Policy
|
|upkeep
|turn|7
|
|t:|1667100678
|move|p2a: Necrozma|Max Steelspike|p1a: Yveltal
|-damage|p1a: Yveltal|13/100
|-boost|p2a: Necrozma|def|1
|move|p1a: Yveltal|Max Darkness|p2a: Necrozma
|-supereffective|p2a: Necrozma
|-damage|p2a: Necrozma|0 fnt
|faint|p2a: Necrozma
|
|-fieldend|move: Psychic Terrain
|upkeep
|
|t:|1667100689
|switch|p2a: Tapu Lele|Tapu Lele, shiny|100/100
|-fieldstart|move: Psychic Terrain|[from] ability: Psychic Surge|[of] p2a: Tapu Lele
|turn|8
|
|t:|1667100697
|move|p2a: Tapu Lele|Moonblast|p1a: Yveltal
|-supereffective|p1a: Yveltal
|-damage|p1a: Yveltal|0 fnt
|faint|p1a: Yveltal
|
|upkeep
|
|t:|1667100701
|switch|p1a: Zacian|Zacian-Crowned|72/100
|-damage|p1a: Zacian|66/100|[from] Stealth Rock
|-ability|p1a: Zacian|Intrepid Sword|boost
|-boost|p1a: Zacian|atk|1
|turn|9
|
|t:|1667100709
|move|p2a: Tapu Lele|Moonblast|p1a: Zacian
|-resisted|p1a: Zacian
|-damage|p1a: Zacian|42/100
|-unboost|p1a: Zacian|spa|1
|move|p1a: Zacian|Assurance|p2a: Tapu Lele
|-damage|p2a: Tapu Lele|34/100
|
|upkeep
|turn|10
|
|t:|1667100714
|move|p2a: Tapu Lele|Moonblast|p1a: Zacian
|-resisted|p1a: Zacian
|-damage|p1a: Zacian|17/100
|move|p1a: Zacian|Assurance|p2a: Tapu Lele
|-damage|p2a: Tapu Lele|0 fnt
|faint|p2a: Tapu Lele
|
|upkeep
|
|t:|1667100717
|switch|p2a: Calyrex|Calyrex-Shadow|100/100
|-ability|p2a: Calyrex|As One
|-ability|p2a: Calyrex|Unnerve
|turn|11
|
|t:|1667100727
|move|p2a: Calyrex|Astral Barrage|p1a: Zacian
|-damage|p1a: Zacian|0 fnt
|faint|p1a: Zacian
|-ability|p2a: Calyrex|Grim Neigh|boost
|-boost|p2a: Calyrex|spa|1
|
|upkeep
|
|t:|1667100728
|switch|p1a: Kyogre|Kyogre|100/100
|-damage|p1a: Kyogre|88/100|[from] Stealth Rock
|detailschange|p1a: Kyogre|Kyogre-Primal
|-primal|p1a: Kyogre
|-weather|PrimordialSea|[from] ability: Primordial Sea|[of] p1a: Kyogre
|turn|12
|
|t:|1667100733
|move|p2a: Calyrex|Astral Barrage|p1a: Kyogre
|-damage|p1a: Kyogre|15/100
|move|p1a: Kyogre|Thunder|p2a: Calyrex
|-damage|p2a: Calyrex|54/100
|
|-weather|PrimordialSea|[upkeep]
|-fieldend|move: Psychic Terrain
|upkeep
|turn|13
|
|t:|1667100738
|move|p2a: Calyrex|Astral Barrage|p1a: Kyogre
|-damage|p1a: Kyogre|0 fnt
|faint|p1a: Kyogre
|-weather|none
|-ability|p2a: Calyrex|Grim Neigh|boost
|-boost|p2a: Calyrex|spa|1
|
|upkeep
|-message|pipi0.0 forfeited.
|
|win|Obito 2001
|raw|pipi0.0's rating: 1744 &rarr; <strong>1737</strong><br />(-7 for losing)
|raw|Obito 2001's rating: 2001 &rarr; <strong>2008</strong><br />(+7 for winning)
|l|☆pipi0.0
