|j|☆UncleShannon
|j|☆feng1234
|t:|1661499738
|gametype|singles
|player|p1|UncleShannon|265|1734
|player|p2|feng1234|bellelba|1649
|teamsize|p1|6
|teamsize|p2|6
|gen|8
|tier|[Gen 8] National Dex AG
|rated|
|rule|HP Percentage Mod: HP is shown in percentages
|rule|Endless Battle Clause: Forcing endless battles is banned
|clearpoke
|poke|p1|Scizor, F|
|poke|p1|Arceus-*|
|poke|p1|Groudon|
|poke|p1|Calyrex-Shadow|
|poke|p1|Yveltal|
|poke|p1|Zacian-*|
|poke|p2|Rayquaza|
|poke|p2|Yveltal|
|poke|p2|Ditto|
|poke|p2|Minior|
|poke|p2|Arceus-*|
|poke|p2|Smeargle, F|
|teampreview
|inactive|Battle timer is ON: inactive players will automatically lose when time's up. (requested by feng1234)
|
|t:|1661499744
|start
|switch|p1a: Calyrex|Calyrex-Shadow|100/100
|switch|p2a: Minior|Minior|100/100
|-ability|p1a: Calyrex|As One
|-ability|p1a: Calyrex|Unnerve
|-formechange|p2a: Minior|Minior-Meteor||[from] ability: Shields Down
|turn|1
|c|☆UncleShannon|hf
|
|t:|1661499751
|move|p1a: Calyrex|Trick|p2a: Minior
|-activate|p1a: Calyrex|move: Trick|[of] p2a: Minior
|-item|p2a: Minior|Choice Specs|[from] move: Trick
|-item|p1a: Calyrex|Focus Sash|[from] move: Trick
|move|p2a: Minior|Rock Tomb|p1a: Calyrex
|-damage|p1a: Calyrex|79/100
|-unboost|p1a: Calyrex|spe|1
|
|upkeep
|turn|2
|
|t:|1661499756
|switch|p1a: Scizor|Scizor, F|100/100
|move|p2a: Minior|Rock Tomb|p1a: Scizor
|-damage|p1a: Scizor|86/100
|-unboost|p1a: Scizor|spe|1
|
|upkeep
|turn|3
|
|t:|1661499759
|detailschange|p1a: Scizor|Scizor-Mega, F
|-mega|p1a: Scizor|Scizor|Scizorite
|move|p2a: Minior|Rock Tomb|p1a: Scizor
|-damage|p1a: Scizor|74/100
|-unboost|p1a: Scizor|spe|1
|move|p1a: Scizor|U-turn|p2a: Minior
|-resisted|p2a: Minior
|-damage|p2a: Minior|76/100
|
|t:|1661499766
|switch|p1a: Groudon|Groudon|100/100|[from]move: U-turn
|detailschange|p1a: Groudon|Groudon-Primal
|-primal|p1a: Groudon
|-weather|DesolateLand|[from] ability: Desolate Land|[of] p1a: Groudon
|
|-weather|DesolateLand|[upkeep]
|upkeep
|turn|4
|j| Ren_UvU
|l| Ren_UvU
|
|t:|1661499779
|move|p2a: Minior|Rock Tomb|p1a: Groudon
|-damage|p1a: Groudon|89/100
|-unboost|p1a: Groudon|spe|1
|move|p1a: Groudon|Stealth Rock|p2a: Minior
|-sidestart|p2: feng1234|move: Stealth Rock
|
|-weather|DesolateLand|[upkeep]
|upkeep
|turn|5
|
|t:|1661499782
|-weather|none
|switch|p1a: Scizor|Scizor-Mega, F|74/100
|move|p2a: Minior|Rock Tomb|p1a: Scizor
|-damage|p1a: Scizor|62/100
|-unboost|p1a: Scizor|spe|1
|
|upkeep
|turn|6
|
|t:|1661499785
|move|p2a: Minior|Rock Tomb|p1a: Scizor
|-damage|p1a: Scizor|49/100
|-unboost|p1a: Scizor|spe|1
|move|p1a: Scizor|Curse|p1a: Scizor
|-unboost|p1a: Scizor|spe|1
|-boost|p1a: Scizor|atk|1
|-boost|p1a: Scizor|def|1
|
|upkeep
|turn|7
|
|t:|1661499797
|move|p2a: Minior|Rock Tomb|p1a: Scizor
|-damage|p1a: Scizor|41/100
|-unboost|p1a: Scizor|spe|1
|move|p1a: Scizor|Roost|p1a: Scizor
|-heal|p1a: Scizor|91/100
|-singleturn|p1a: Scizor|move: Roost
|
|upkeep
|turn|8
|
|t:|1661499801
|move|p2a: Minior|Rock Tomb|p1a: Scizor
|-damage|p1a: Scizor|84/100
|-unboost|p1a: Scizor|spe|1
|move|p1a: Scizor|Curse|p1a: Scizor
|-unboost|p1a: Scizor|spe|1
|-boost|p1a: Scizor|atk|1
|-boost|p1a: Scizor|def|1
|
|upkeep
|turn|9
|
|t:|1661499806
|switch|p2a: Smeargle|Smeargle, F|100/100
|-damage|p2a: Smeargle|88/100|[from] Stealth Rock
|move|p1a: Scizor|Curse|p1a: Scizor
|-boost|p1a: Scizor|atk|1
|-boost|p1a: Scizor|def|1
|
|-heal|p2a: Smeargle|94/100|[from] item: Leftovers
|-ability|p2a: Smeargle|Moody|boost
|-boost|p2a: Smeargle|def|2
|-unboost|p2a: Smeargle|spd|1
|upkeep
|turn|10
|
|t:|1661499809
|move|p1a: Scizor|Bullet Punch|p2a: Smeargle
|-damage|p2a: Smeargle|0 fnt
|faint|p2a: Smeargle
|
|upkeep
|
|t:|1661499818
|switch|p2a: Ditto|Ditto|100/100
|-damage|p2a: Ditto|88/100|[from] Stealth Rock
|-transform|p2a: Ditto|p1a: Scizor|[from] ability: Imposter
|turn|11
|
|t:|1661499824
|move|p2a: Ditto|Bullet Punch|p1a: Scizor
|-resisted|p1a: Scizor
|-damage|p1a: Scizor|75/100
|move|p1a: Scizor|Roost|p1a: Scizor
|-heal|p1a: Scizor|100/100
|-singleturn|p1a: Scizor|move: Roost
|
|upkeep
|turn|12
|
|t:|1661499833
|switch|p2a: Minior|Minior|76/100
|-damage|p2a: Minior|51/100|[from] Stealth Rock
|-formechange|p2a: Minior|Minior-Meteor||[from] ability: Shields Down
|move|p1a: Scizor|Curse|p1a: Scizor
|-boost|p1a: Scizor|atk|1
|-boost|p1a: Scizor|def|1
|
|upkeep
|turn|13
|
|t:|1661499840
|move|p1a: Scizor|Bullet Punch|p2a: Minior
|-supereffective|p2a: Minior
|-damage|p2a: Minior|0 fnt
|faint|p2a: Minior
|
|upkeep
|
|t:|1661499844
|switch|p2a: Yveltal|Yveltal|100/100
|-damage|p2a: Yveltal|76/100|[from] Stealth Rock
|-ability|p2a: Yveltal|Dark Aura
|turn|14
|
|t:|1661499852
|switch|p1a: Calyrex|Calyrex-Shadow|79/100
|-ability|p1a: Calyrex|As One
|-ability|p1a: Calyrex|Unnerve
|-start|p2a: Yveltal|Dynamax|
|-heal|p2a: Yveltal|76/100|[silent]
|move|p2a: Yveltal|Max Airstream|p1a: Calyrex
|-damage|p1a: Calyrex|0 fnt
|-boost|p2a: Yveltal|spe|1
|faint|p1a: Calyrex
|-damage|p2a: Yveltal|71/100|[from] item: Life Orb
|
|upkeep
|
|t:|1661499855
|switch|p1a: Arceus|Arceus-Rock|100/100
|turn|15
|
|t:|1661499868
|-start|p1a: Arceus|Dynamax|
|-heal|p1a: Arceus|100/100|[silent]
|move|p2a: Yveltal|Max Darkness|p1a: Arceus
|-damage|p1a: Arceus|54/100
|-unboost|p1a: Arceus|spd|1
|-damage|p2a: Yveltal|66/100|[from] item: Life Orb
|move|p1a: Arceus|Max Rockfall|p2a: Yveltal
|-supereffective|p2a: Yveltal
|-damage|p2a: Yveltal|4/100
|-weather|Sandstorm
|
|-weather|Sandstorm|[upkeep]
|-damage|p2a: Yveltal|1/100|[from] Sandstorm
|upkeep
|turn|16
|
|t:|1661499884
|move|p1a: Arceus|Max Guard|p1a: Arceus
|-singleturn|p1a: Arceus|Max Guard
|move|p2a: Yveltal|Max Airstream|p1a: Arceus
|-activate|p1a: Arceus|move: Max Guard
|
|-weather|Sandstorm|[upkeep]
|-damage|p2a: Yveltal|0 fnt|[from] Sandstorm
|faint|p2a: Yveltal
|upkeep
|
|t:|1661499886
|switch|p2a: Rayquaza|Rayquaza|100/100
|-damage|p2a: Rayquaza|76/100|[from] Stealth Rock
|-ability|p2a: Rayquaza|Air Lock
|turn|17
|
|t:|1661499900
|detailschange|p2a: Rayquaza|Rayquaza-Mega
|-mega|p2a: Rayquaza|Rayquaza|
|-weather|DeltaStream|[from] ability: Delta Stream|[of] p2a: Rayquaza
|move|p2a: Rayquaza|Scale Shot|p1a: Arceus
|-damage|p1a: Arceus|46/100
|-damage|p1a: Arceus|37/100
|-damage|p1a: Arceus|29/100
|-hitcount|p1a: Arceus|3
|-unboost|p2a: Rayquaza|def|1
|-boost|p2a: Rayquaza|spe|1
|move|p1a: Arceus|Max Rockfall|p2a: Rayquaza
|-activate||deltastream
|-damage|p2a: Rayquaza|4/100
|
|-weather|DeltaStream|[upkeep]
|upkeep
|-end|p1a: Arceus|Dynamax
|-heal|p1a: Arceus|29/100|[silent]
|turn|18
|
|t:|1661499914
|switch|p1a: Zacian|Zacian-Crowned|100/100
|-ability|p1a: Zacian|Intrepid Sword|boost
|-boost|p1a: Zacian|atk|1
|move|p2a: Rayquaza|Scale Shot|p1a: Zacian
|-immune|p1a: Zacian
|
|-weather|DeltaStream|[upkeep]
|upkeep
|turn|19
|
|t:|1661499921
|move|p2a: Rayquaza|Scale Shot|p1a: Zacian
|-immune|p1a: Zacian
|move|p1a: Zacian|Behemoth Blade|p2a: Rayquaza
|-crit|p2a: Rayquaza
|-damage|p2a: Rayquaza|0 fnt
|faint|p2a: Rayquaza
|-weather|none
|
|upkeep
|
|t:|1661499923
|switch|p2a: Ditto|Ditto|88/100
|-damage|p2a: Ditto|76/100|[from] Stealth Rock
|-transform|p2a: Ditto|p1a: Zacian|[from] ability: Imposter
|-ability|p2a: Ditto|Intrepid Sword|boost
|-boost|p2a: Ditto|atk|1
|turn|20
|c|☆UncleShannon|This is how all the Ditto users are lol
|inactive|UncleShannon has 120 seconds left.
|c|☆UncleShannon|Praying for Ditto to save them
|c|☆UncleShannon|See a stat addition and scramble to copy it lol
|c|☆UncleShannon|Fuckin pathetic
|
|t:|1661499982
|move|p2a: Ditto|Behemoth Blade|p1a: Zacian
|-damage|p1a: Zacian|0 fnt
|faint|p1a: Zacian
|
|upkeep
|
|t:|1661499986
|switch|p1a: Scizor|Scizor-Mega, F|100/100
|turn|21
|j| chairmaoma
|
|t:|1661500014
|move|p2a: Ditto|Behemoth Blade|p1a: Scizor
|-resisted|p1a: Scizor
|-damage|p1a: Scizor|66/100
|move|p1a: Scizor|Curse|p1a: Scizor
|-unboost|p1a: Scizor|spe|1
|-boost|p1a: Scizor|atk|1
|-boost|p1a: Scizor|def|1
|
|upkeep
|turn|22
|l|chairmaoma
|inactive|UncleShannon has 90 seconds left.
|inactive|UncleShannon has 60 seconds left.
|
|t:|1661500075
|move|p2a: Ditto|Behemoth Blade|p1a: Scizor
|-resisted|p1a: Scizor
|-damage|p1a: Scizor|40/100
|move|p1a: Scizor|Roost|p1a: Scizor
|-heal|p1a: Scizor|91/100
|-singleturn|p1a: Scizor|move: Roost
|
|upkeep
|turn|23
|c|☆UncleShannon|Just click X
|c|☆UncleShannon|What Arceus is that? E-killer?
|inactive|feng1234 has 120 seconds left.
|
|t:|1661500113
|switch|p2a: Arceus|Arceus-Electric|100/100
|-damage|p2a: Arceus|88/100|[from] Stealth Rock
|move|p1a: Scizor|Curse|p1a: Scizor
|-unboost|p1a: Scizor|spe|1
|-boost|p1a: Scizor|atk|1
|-boost|p1a: Scizor|def|1
|
|upkeep
|turn|24
|
|t:|1661500125
|move|p2a: Arceus|Earth Power|p1a: Scizor
|-damage|p1a: Scizor|67/100
|move|p1a: Scizor|U-turn|p2a: Arceus
|-damage|p2a: Arceus|44/100
|c|☆UncleShannon|Nice try
|
|t:|1661500134
|switch|p1a: Groudon|Groudon-Primal|89/100|[from]move: U-turn
|-weather|DesolateLand|[from] ability: Desolate Land|[of] p1a: Groudon
|
|-weather|DesolateLand|[upkeep]
|upkeep
|turn|25
|inactive|feng1234 has 120 seconds left.
|
|t:|1661500161
|move|p2a: Arceus|Earth Power|p1a: Groudon
|-supereffective|p1a: Groudon
|-damage|p1a: Groudon|53/100
|move|p1a: Groudon|Precipice Blades|p2a: Arceus
|-supereffective|p2a: Arceus
|-damage|p2a: Arceus|0 fnt
|faint|p2a: Arceus
|
|-weather|DesolateLand|[upkeep]
|upkeep
|
|t:|1661500164
|switch|p2a: Ditto|Ditto|76/100
|-damage|p2a: Ditto|63/100|[from] Stealth Rock
|-transform|p2a: Ditto|p1a: Groudon|[from] ability: Imposter
|turn|26
|c|☆UncleShannon|You shoulda brought this out a long time ago
|
|t:|1661500172
|move|p2a: Ditto|Heat Crash|p1a: Groudon
|-resisted|p1a: Groudon
|-damage|p1a: Groudon|41/100
|move|p1a: Groudon|Precipice Blades|p2a: Ditto|[miss]
|-miss|p1a: Groudon|p2a: Ditto
|
|-weather|DesolateLand|[upkeep]
|upkeep
|turn|27
|
|t:|1661500176
|move|p2a: Ditto|Heat Crash|p1a: Groudon
|-resisted|p1a: Groudon
|-damage|p1a: Groudon|31/100
|move|p1a: Groudon|Rest|p1a: Groudon
|-status|p1a: Groudon|slp|[from] move: Rest
|-heal|p1a: Groudon|100/100 slp|[silent]
|
|-weather|DesolateLand|[upkeep]
|upkeep
|turn|28
|-message|feng1234 forfeited.
|
|win|UncleShannon
|raw|UncleShannon's rating: 1734 &rarr; <strong>1749</strong><br />(+15 for winning)
|raw|feng1234's rating: 1649 &rarr; <strong>1634</strong><br />(-15 for losing)
