|j|☆S-oooorrry
|j|☆aseeasase
|t:|1664358221
|gametype|singles
|player|p1|S-oooorrry|cheren|1961
|player|p2|aseeasase|101|1855
|teamsize|p1|6
|teamsize|p2|6
|gen|8
|tier|[Gen 8] National Dex AG
|rated|
|rule|HP Percentage Mod: HP is shown in percentages
|rule|Endless Battle Clause: Forcing endless battles is banned
|clearpoke
|poke|p1|Necrozma-Dusk-Mane|
|poke|p1|Arceus-*|
|poke|p1|Arceus-*|
|poke|p1|Giratina-Origin|
|poke|p1|Muk-Alola, M|
|poke|p1|Marshadow|
|poke|p2|Rayquaza|
|poke|p2|Groudon|
|poke|p2|Marshadow|
|poke|p2|Groudon|
|poke|p2|Zacian-*|
|poke|p2|Yveltal|
|teampreview
|inactive|Battle timer is ON: inactive players will automatically lose when time's up. (requested by S-oooorrry)
|inactive|aseeasase has 120 seconds left.
|inactive|aseeasase has 90 seconds left.
|
|t:|1664358298
|start
|switch|p1a: Arceus|Arceus-Fairy|100/100
|switch|p2a: Groudon|Groudon|100/100
|detailschange|p2a: Groudon|Groudon-Primal
|-primal|p2a: Groudon
|-weather|DesolateLand|[from] ability: Desolate Land|[of] p2a: Groudon
|turn|1
|
|t:|1664358308
|move|p1a: Arceus|Toxic|p2a: Groudon
|-status|p2a: Groudon|tox
|move|p2a: Groudon|Stealth Rock|p1a: Arceus
|-sidestart|p1: S-oooorrry|move: Stealth Rock
|
|-weather|DesolateLand|[upkeep]
|-damage|p2a: Groudon|94/100 tox|[from] psn
|upkeep
|turn|2
|
|t:|1664358317
|switch|p1a: Giratina|Giratina-Origin, shiny|100/100
|-damage|p1a: Giratina|88/100|[from] Stealth Rock
|move|p2a: Groudon|Thunder Wave|p1a: Giratina
|-status|p1a: Giratina|par
|
|-weather|DesolateLand|[upkeep]
|-damage|p2a: Groudon|82/100 tox|[from] psn
|upkeep
|turn|3
|
|t:|1664358325
|move|p1a: Giratina|Will-O-Wisp||[still]
|-fail|p1a: Giratina
|move|p2a: Groudon|Dragon Tail|p1a: Giratina
|-supereffective|p1a: Giratina
|-crit|p1a: Giratina
|-damage|p1a: Giratina|51/100 par
|drag|p1a: Necrozma|Necrozma-Dusk-Mane, shiny|100/100
|-damage|p1a: Necrozma|94/100|[from] Stealth Rock
|
|-weather|DesolateLand|[upkeep]
|-damage|p2a: Groudon|64/100 tox|[from] psn
|upkeep
|turn|4
|
|t:|1664358331
|move|p2a: Groudon|Fire Punch|p1a: Necrozma
|-supereffective|p1a: Necrozma
|-damage|p1a: Necrozma|42/100
|-damage|p2a: Groudon|47/100 tox|[from] item: Rocky Helmet|[of] p1a: Necrozma
|move|p1a: Necrozma|Stealth Rock|p2a: Groudon
|-sidestart|p2: aseeasase|move: Stealth Rock
|
|-weather|DesolateLand|[upkeep]
|-damage|p2a: Groudon|23/100 tox|[from] psn
|upkeep
|turn|5
|
|t:|1664358341
|switch|p1a: Giratina|Giratina-Origin, shiny|51/100 par
|-damage|p1a: Giratina|39/100 par|[from] Stealth Rock
|move|p2a: Groudon|Dragon Tail|p1a: Giratina
|-supereffective|p1a: Giratina
|-damage|p1a: Giratina|15/100 par
|drag|p1a: Necrozma|Necrozma-Dusk-Mane, shiny|42/100
|-damage|p1a: Necrozma|36/100|[from] Stealth Rock
|
|-weather|DesolateLand|[upkeep]
|-damage|p2a: Groudon|0 fnt|[from] psn
|faint|p2a: Groudon
|-weather|none
|upkeep
|
|t:|1664358360
|switch|p2a: Zacian|Zacian-Crowned|100/100
|-damage|p2a: Zacian|94/100|[from] Stealth Rock
|-ability|p2a: Zacian|Intrepid Sword|boost
|-boost|p2a: Zacian|atk|1
|turn|6
|
|t:|1664358378
|-start|p1a: Necrozma|Dynamax|
|-heal|p1a: Necrozma|36/100|[silent]
|move|p2a: Zacian|Close Combat|p1a: Necrozma
|-damage|p1a: Necrozma|13/100
|-unboost|p2a: Zacian|def|1
|-unboost|p2a: Zacian|spd|1
|-damage|p2a: Zacian|78/100|[from] item: Rocky Helmet|[of] p1a: Necrozma
|move|p1a: Necrozma|Max Steelspike|p2a: Zacian
|-damage|p2a: Zacian|0 fnt
|-boost|p1a: Necrozma|def|1
|faint|p2a: Zacian
|
|upkeep
|inactive|aseeasase has 120 seconds left.
|
|t:|1664358420
|switch|p2a: Yveltal|Yveltal|100/100
|-damage|p2a: Yveltal|76/100|[from] Stealth Rock
|-ability|p2a: Yveltal|Dark Aura
|turn|7
|
|t:|1664358436
|move|p2a: Yveltal|Dark Pulse|p1a: Necrozma
|-supereffective|p1a: Necrozma
|-crit|p1a: Necrozma
|-damage|p1a: Necrozma|0 fnt
|faint|p1a: Necrozma
|-damage|p2a: Yveltal|66/100|[from] item: Life Orb
|
|upkeep
|inactive|S-oooorrry has 120 seconds left.
|
|t:|1664358474
|switch|p1a: Arceus|Arceus-Ground|100/100
|-damage|p1a: Arceus|94/100|[from] Stealth Rock
|turn|8
|inactive|aseeasase has 120 seconds left.
|
|t:|1664358484
|switch|p1a: Muk|Muk-Alola, M, shiny|100/100
|-damage|p1a: Muk|88/100|[from] Stealth Rock
|-start|p2a: Yveltal|Dynamax|
|-heal|p2a: Yveltal|66/100|[silent]
|move|p2a: Yveltal|Max Airstream|p1a: Muk
|-damage|p1a: Muk|51/100
|-boost|p2a: Yveltal|spe|1
|-damage|p2a: Yveltal|61/100|[from] item: Life Orb
|
|upkeep
|turn|9
|inactive|S-oooorrry has 120 seconds left.
|
|t:|1664358491
|move|p2a: Yveltal|Max Airstream|p1a: Muk
|-damage|p1a: Muk|9/100
|-boost|p2a: Yveltal|spe|1
|-damage|p2a: Yveltal|56/100|[from] item: Life Orb
|move|p1a: Muk|Poison Jab|p2a: Yveltal
|-damage|p2a: Yveltal|42/100
|-status|p2a: Yveltal|psn|[from] ability: Poison Touch|[of] p1a: Muk
|
|-damage|p2a: Yveltal|35/100 psn|[from] psn
|upkeep
|turn|10
|
|t:|1664358499
|move|p1a: Muk|Shadow Sneak|p2a: Yveltal
|-resisted|p2a: Yveltal
|-damage|p2a: Yveltal|33/100 psn
|move|p2a: Yveltal|Max Darkness|p1a: Muk
|-resisted|p1a: Muk
|-damage|p1a: Muk|0 fnt
|faint|p1a: Muk
|-damage|p2a: Yveltal|28/100 psn|[from] item: Life Orb
|
|-damage|p2a: Yveltal|22/100 psn|[from] psn
|upkeep
|inactive|S-oooorrry has 120 seconds left.
|
|t:|1664358520
|switch|p1a: Marshadow|Marshadow|100/100
|-damage|p1a: Marshadow|94/100|[from] Stealth Rock
|-end|p2a: Yveltal|Dynamax
|-heal|p2a: Yveltal|22/100 psn|[silent]
|turn|11
|
|t:|1664358524
|move|p1a: Marshadow|Shadow Sneak|p2a: Yveltal
|-resisted|p2a: Yveltal
|-damage|p2a: Yveltal|0 fnt
|faint|p2a: Yveltal
|
|upkeep
|
|t:|1664358548
|switch|p2a: Rayquaza|Rayquaza|100/100
|-damage|p2a: Rayquaza|76/100|[from] Stealth Rock
|-ability|p2a: Rayquaza|Air Lock
|turn|12
|
|t:|1664358562
|detailschange|p2a: Rayquaza|Rayquaza-Mega
|-mega|p2a: Rayquaza|Rayquaza|
|-weather|DeltaStream|[from] ability: Delta Stream|[of] p2a: Rayquaza
|move|p1a: Marshadow|Shadow Sneak|p2a: Rayquaza
|-damage|p2a: Rayquaza|31/100
|move|p2a: Rayquaza|Dragon Ascent|p1a: Marshadow
|-supereffective|p1a: Marshadow
|-damage|p1a: Marshadow|0 fnt
|-unboost|p2a: Rayquaza|def|1
|-unboost|p2a: Rayquaza|spd|1
|faint|p1a: Marshadow
|-damage|p2a: Rayquaza|21/100|[from] item: Life Orb
|
|-weather|DeltaStream|[upkeep]
|upkeep
|
|t:|1664358564
|switch|p1a: Arceus|Arceus-Fairy|100/100
|-damage|p1a: Arceus|88/100|[from] Stealth Rock
|turn|13
|
|t:|1664358570
|move|p2a: Rayquaza|Dragon Ascent|p1a: Arceus
|-damage|p1a: Arceus|24/100
|-unboost|p2a: Rayquaza|def|1
|-unboost|p2a: Rayquaza|spd|1
|-damage|p2a: Rayquaza|11/100|[from] item: Life Orb
|move|p1a: Arceus|Judgment|p2a: Rayquaza
|-supereffective|p2a: Rayquaza
|-damage|p2a: Rayquaza|0 fnt
|faint|p2a: Rayquaza
|-weather|none
|
|upkeep
|
|t:|1664358581
|switch|p2a: Marshadow|Marshadow|100/100
|-damage|p2a: Marshadow|94/100|[from] Stealth Rock
|turn|14
|inactive|S-oooorrry has 120 seconds left.
|
|t:|1664358611
|move|p2a: Marshadow|Poltergeist|p1a: Arceus
|-activate|p1a: Arceus|move: Poltergeist|Pixie Plate
|-damage|p1a: Arceus|0 fnt
|faint|p1a: Arceus
|-damage|p2a: Marshadow|84/100|[from] item: Life Orb
|
|upkeep
|
|t:|1664358613
|switch|p1a: Arceus|Arceus-Ground|94/100
|-damage|p1a: Arceus|88/100|[from] Stealth Rock
|turn|15
|
|t:|1664358621
|switch|p1a: Giratina|Giratina-Origin, shiny|15/100 par
|-damage|p1a: Giratina|3/100 par|[from] Stealth Rock
|move|p2a: Marshadow|Poltergeist|p1a: Giratina
|-activate|p1a: Giratina|move: Poltergeist|Griseous Orb
|-supereffective|p1a: Giratina
|-damage|p1a: Giratina|0 fnt
|faint|p1a: Giratina
|-damage|p2a: Marshadow|74/100|[from] item: Life Orb
|
|upkeep
|
|t:|1664358622
|switch|p1a: Arceus|Arceus-Ground|88/100
|-damage|p1a: Arceus|82/100|[from] Stealth Rock
|turn|16
|
|t:|1664358629
|move|p2a: Marshadow|Poltergeist|p1a: Arceus
|-activate|p1a: Arceus|move: Poltergeist|Earth Plate
|-damage|p1a: Arceus|27/100
|-damage|p2a: Marshadow|64/100|[from] item: Life Orb
|move|p1a: Arceus|Recover|p1a: Arceus
|-heal|p1a: Arceus|77/100
|
|upkeep
|turn|17
|
|t:|1664358639
|move|p2a: Marshadow|Rock Tomb|p1a: Arceus
|-resisted|p1a: Arceus
|-damage|p1a: Arceus|63/100
|-unboost|p1a: Arceus|spe|1
|-damage|p2a: Marshadow|54/100|[from] item: Life Orb
|move|p1a: Arceus|Recover|p1a: Arceus
|-heal|p1a: Arceus|100/100
|
|upkeep
|turn|18
|
|t:|1664358642
|move|p2a: Marshadow|Poltergeist|p1a: Arceus
|-activate|p1a: Arceus|move: Poltergeist|Earth Plate
|-damage|p1a: Arceus|45/100
|-damage|p2a: Marshadow|44/100|[from] item: Life Orb
|move|p1a: Arceus|Recover|p1a: Arceus
|-heal|p1a: Arceus|95/100
|
|upkeep
|turn|19
|
|t:|1664358653
|move|p2a: Marshadow|Close Combat|p1a: Arceus
|-damage|p1a: Arceus|39/100
|-unboost|p2a: Marshadow|def|1
|-unboost|p2a: Marshadow|spd|1
|-damage|p2a: Marshadow|34/100|[from] item: Life Orb
|move|p1a: Arceus|Recover|p1a: Arceus
|-heal|p1a: Arceus|89/100
|
|upkeep
|turn|20
|
|t:|1664358657
|move|p2a: Marshadow|Close Combat|p1a: Arceus
|-damage|p1a: Arceus|31/100
|-unboost|p2a: Marshadow|def|1
|-unboost|p2a: Marshadow|spd|1
|-damage|p2a: Marshadow|24/100|[from] item: Life Orb
|move|p1a: Arceus|Recover|p1a: Arceus
|-heal|p1a: Arceus|81/100
|
|upkeep
|turn|21
|
|t:|1664358678
|move|p2a: Marshadow|Close Combat|p1a: Arceus
|-damage|p1a: Arceus|24/100
|-unboost|p2a: Marshadow|def|1
|-unboost|p2a: Marshadow|spd|1
|-damage|p2a: Marshadow|15/100|[from] item: Life Orb
|move|p1a: Arceus|Recover|p1a: Arceus
|-heal|p1a: Arceus|74/100
|
|upkeep
|turn|22
|
|t:|1664358683
|move|p2a: Marshadow|Close Combat|p1a: Arceus
|-damage|p1a: Arceus|8/100
|-unboost|p2a: Marshadow|def|1
|-unboost|p2a: Marshadow|spd|1
|-damage|p2a: Marshadow|5/100|[from] item: Life Orb
|move|p1a: Arceus|Recover|p1a: Arceus
|-heal|p1a: Arceus|58/100
|
|upkeep
|turn|23
|
|t:|1664358687
|move|p2a: Marshadow|Close Combat|p1a: Arceus
|-damage|p1a: Arceus|0 fnt
|-unboost|p2a: Marshadow|def|1
|-unboost|p2a: Marshadow|spd|1
|faint|p1a: Arceus
|-damage|p2a: Marshadow|0 fnt|[from] item: Life Orb
|faint|p2a: Marshadow
|
|win|aseeasase
|raw|S-oooorrry's rating: 1949 &rarr; <strong>1924</strong><br />(-25 for losing)
|raw|aseeasase's rating: 1855 &rarr; <strong>1880</strong><br />(+25 for winning)
|l|☆S-oooorrry
||Ladder isn't responding, score probably updated but might not have (Request timeout).
