|j|☆Vpmvpmvpm
|j|☆OnMaWa
|player|p1|Vpmvpmvpm|red-gen1title|1705
|player|p2|OnMaWa|psychic-gen4|1721
|teamsize|p1|6
|teamsize|p2|6
|gametype|singles
|gen|8
|tier|[Gen 8] National Dex AG
|rated|
|clearpoke
|poke|p1|Kyogre|
|poke|p1|Gengar, F|
|poke|p1|Ho-Oh|
|poke|p1|Necrozma-Dusk-Mane|
|poke|p1|Zygarde|
|poke|p1|Groudon|
|poke|p2|Necrozma-Dusk-Mane|
|poke|p2|Arceus-*|
|poke|p2|Xerneas|
|poke|p2|Zacian-Crowned|
|poke|p2|Rayquaza|
|poke|p2|Lugia|
|rule|HP Percentage Mod: HP is shown in percentages
|rule|Endless Battle Clause: Forcing endless battles is banned
|teampreview
|inactive|Battle timer is ON: inactive players will automatically lose when time's up. (requested by Vpmvpmvpm)
|
|start
|switch|p1a: Best Boi|Gengar, F, shiny|100/100
|switch|p2a: Zacian|Zacian-Crowned|100/100
|-ability|p2a: Zacian|Intrepid Sword|boost
|-boost|p2a: Zacian|atk|1
|turn|1
|
|switch|p1a: Groudon|Groudon|100/100
|detailschange|p1a: Groudon|Groudon-Primal
|-primal|p1a: Groudon
|-weather|DesolateLand|[from] ability: Desolate Land|[of] p1a: Groudon
|move|p2a: Zacian|Crunch|p1a: Groudon
|-damage|p1a: Groudon|73/100
|
|-weather|DesolateLand|[upkeep]
|upkeep
|turn|2
|
|switch|p2a: Lugia|Lugia|100/100
|move|p1a: Groudon|Stealth Rock|p2a: Lugia
|-sidestart|p2: OnMaWa|move: Stealth Rock
|
|-weather|DesolateLand|[upkeep]
|upkeep
|turn|3
|
|move|p2a: Lugia|Thunder Wave|p1a: Groudon
|-immune|p1a: Groudon
|move|p1a: Groudon|Toxic|p2a: Lugia
|-status|p2a: Lugia|tox
|
|-weather|DesolateLand|[upkeep]
|-damage|p2a: Lugia|94/100 tox|[from] psn
|upkeep
|turn|4
|
|move|p2a: Lugia|Toxic|p1a: Groudon
|-status|p1a: Groudon|tox
|move|p1a: Groudon|Stealth Rock||[still]
|-fail|p1a: Groudon
|
|-weather|DesolateLand|[upkeep]
|-damage|p2a: Lugia|82/100 tox|[from] psn
|-damage|p1a: Groudon|67/100 tox|[from] psn
|upkeep
|turn|5
|
|move|p2a: Lugia|Thunder Wave|p1a: Groudon
|-immune|p1a: Groudon
|move|p1a: Groudon|Stealth Rock||[still]
|-fail|p1a: Groudon
|
|-weather|DesolateLand|[upkeep]
|-damage|p2a: Lugia|63/100 tox|[from] psn
|-damage|p1a: Groudon|54/100 tox|[from] psn
|upkeep
|turn|6
|j| gfdgfdfgddfg
|
|move|p2a: Lugia|Roost|p2a: Lugia
|-heal|p2a: Lugia|100/100 tox
|-singleturn|p2a: Lugia|move: Roost
|move|p1a: Groudon|Dragon Tail|p2a: Lugia|[miss]
|-miss|p1a: Groudon|p2a: Lugia
|
|-weather|DesolateLand|[upkeep]
|-damage|p2a: Lugia|75/100 tox|[from] psn
|-damage|p1a: Groudon|36/100 tox|[from] psn
|upkeep
|turn|7
|
|move|p2a: Lugia|Roost|p2a: Lugia
|-heal|p2a: Lugia|100/100 tox
|-singleturn|p2a: Lugia|move: Roost
|move|p1a: Groudon|Stealth Rock||[still]
|-fail|p1a: Groudon
|
|-weather|DesolateLand|[upkeep]
|-damage|p2a: Lugia|69/100 tox|[from] psn
|-damage|p1a: Groudon|11/100 tox|[from] psn
|upkeep
|turn|8
|inactive|OnMaWa has 120 seconds left.
|j| Ainu Huntu
|
|move|p2a: Lugia|Roost|p2a: Lugia
|-heal|p2a: Lugia|100/100 tox
|-singleturn|p2a: Lugia|move: Roost
|move|p1a: Groudon|Stealth Rock||[still]
|-fail|p1a: Groudon
|
|-weather|DesolateLand|[upkeep]
|-damage|p2a: Lugia|63/100 tox|[from] psn
|-damage|p1a: Groudon|0 fnt|[from] psn
|faint|p1a: Groudon
|-weather|none
|upkeep
|
|switch|p1a: Best Boi|Gengar, F, shiny|100/100
|turn|9
|inactive|OnMaWa has 120 seconds left.
|
|switch|p2a: Zacian|Zacian-Crowned|100/100
|-damage|p2a: Zacian|94/100|[from] Stealth Rock
|-ability|p2a: Zacian|Intrepid Sword|boost
|-boost|p2a: Zacian|atk|1
|detailschange|p1a: Best Boi|Gengar-Mega, F, shiny
|-mega|p1a: Best Boi|Gengar|Gengarite
|move|p1a: Best Boi|Substitute|p1a: Best Boi
|-start|p1a: Best Boi|Substitute
|-damage|p1a: Best Boi|76/100
|
|upkeep
|turn|10
|
|move|p2a: Zacian|Crunch|p1a: Best Boi
|-supereffective|p1a: Best Boi
|-end|p1a: Best Boi|Substitute
|move|p1a: Best Boi|Shadow Ball|p2a: Zacian
|-damage|p2a: Zacian|48/100
|-unboost|p2a: Zacian|spd|1
|
|upkeep
|turn|11
|
|switch|p1a: Necrozma|Necrozma-Dusk-Mane|100/100
|move|p2a: Zacian|Crunch|p1a: Necrozma
|-supereffective|p1a: Necrozma
|-damage|p1a: Necrozma|62/100
|
|-heal|p1a: Necrozma|68/100|[from] item: Leftovers
|upkeep
|turn|12
|
|switch|p2a: Lugia|Lugia|63/100 tox
|move|p1a: Necrozma|Morning Sun|p1a: Necrozma
|-heal|p1a: Necrozma|100/100
|
|-damage|p2a: Lugia|57/100 tox|[from] psn
|upkeep
|turn|13
|
|move|p1a: Necrozma|Knock Off|p2a: Lugia
|-supereffective|p2a: Lugia
|-damage|p2a: Lugia|23/100 tox
|-enditem|p2a: Lugia|Heavy-Duty Boots|[from] move: Knock Off|[of] p1a: Necrozma
|move|p2a: Lugia|Whirlwind|p1a: Necrozma
|drag|p1a: Best Boi|Gengar-Mega, F, shiny|76/100
|
|-damage|p2a: Lugia|11/100 tox|[from] psn
|upkeep
|turn|14
|
|move|p1a: Best Boi|Shadow Ball|p2a: Lugia
|-supereffective|p2a: Lugia
|-damage|p2a: Lugia|0 fnt
|faint|p2a: Lugia
|
|upkeep
|
|switch|p2a: Zacian|Zacian-Crowned|48/100
|-damage|p2a: Zacian|42/100|[from] Stealth Rock
|-ability|p2a: Zacian|Intrepid Sword|boost
|-boost|p2a: Zacian|atk|1
|turn|15
|
|switch|p1a: Necrozma|Necrozma-Dusk-Mane|100/100
|move|p2a: Zacian|Crunch|p1a: Necrozma
|-supereffective|p1a: Necrozma
|-damage|p1a: Necrozma|58/100
|
|-heal|p1a: Necrozma|64/100|[from] item: Leftovers
|upkeep
|turn|16
|
|move|p2a: Zacian|Crunch|p1a: Necrozma
|-supereffective|p1a: Necrozma
|-damage|p1a: Necrozma|24/100
|move|p1a: Necrozma|Morning Sun|p1a: Necrozma
|-heal|p1a: Necrozma|74/100
|
|-heal|p1a: Necrozma|80/100|[from] item: Leftovers
|upkeep
|turn|17
|
|move|p2a: Zacian|Crunch|p1a: Necrozma
|-supereffective|p1a: Necrozma
|-damage|p1a: Necrozma|38/100
|-unboost|p1a: Necrozma|def|1
|move|p1a: Necrozma|Morning Sun|p1a: Necrozma
|-heal|p1a: Necrozma|88/100
|
|-heal|p1a: Necrozma|94/100|[from] item: Leftovers
|upkeep
|turn|18
|inactive|OnMaWa has 120 seconds left.
|
|move|p2a: Zacian|Crunch|p1a: Necrozma
|-supereffective|p1a: Necrozma
|-damage|p1a: Necrozma|33/100
|move|p1a: Necrozma|Sunsteel Strike|p2a: Zacian
|-damage|p2a: Zacian|0 fnt
|faint|p2a: Zacian
|
|-heal|p1a: Necrozma|39/100|[from] item: Leftovers
|upkeep
|
|switch|p2a: Necrozma|Necrozma-Dusk-Mane|100/100
|-damage|p2a: Necrozma|94/100|[from] Stealth Rock
|turn|19
|inactive|OnMaWa has 90 seconds left.
|
|switch|p1a: Zygarde|Zygarde|100/100
|move|p2a: Necrozma|Dragon Dance|p2a: Necrozma
|-boost|p2a: Necrozma|atk|1
|-boost|p2a: Necrozma|spe|1
|
|upkeep
|turn|20
|inactive|OnMaWa has 90 seconds left.
|
|detailschange|p2a: Necrozma|Necrozma-Ultra
|-burst|p2a: Necrozma|Necrozma|Ultranecrozium Z
|move|p2a: Necrozma|Photon Geyser|p1a: Zygarde
|-damage|p1a: Zygarde|44/100
|move|p1a: Zygarde|Haze|p1a: Zygarde
|-clearallboost
|
|-activate|p1a: Zygarde|ability: Power Construct
|detailschange|p1a: Zygarde|Zygarde-Complete
|-heal|p1a: Zygarde|63/100|[silent]
|upkeep
|turn|21
|inactive|OnMaWa has 90 seconds left.
|
|-zpower|p2a: Necrozma
|move|p2a: Necrozma|Light That Burns the Sky|p1a: Zygarde|[zeffect]
|-damage|p1a: Zygarde|18/100
|move|p1a: Zygarde|Glare|p2a: Necrozma
|-status|p2a: Necrozma|par
|
|upkeep
|turn|22
|inactive|OnMaWa has 90 seconds left.
|
|move|p1a: Zygarde|Rest|p1a: Zygarde
|-status|p1a: Zygarde|slp|[from] move: Rest
|-heal|p1a: Zygarde|100/100 slp|[silent]
|move|p2a: Necrozma|Dragon Dance|p2a: Necrozma
|-boost|p2a: Necrozma|atk|1
|-boost|p2a: Necrozma|spe|1
|
|upkeep
|turn|23
|inactive|OnMaWa has 90 seconds left.
|
|switch|p2a: Xerneas|Xerneas|100/100
|-damage|p2a: Xerneas|88/100|[from] Stealth Rock
|-ability|p2a: Xerneas|Fairy Aura
|cant|p1a: Zygarde|slp
|
|upkeep
|turn|24
|
|switch|p1a: Ho-Oh|Ho-Oh|100/100
|move|p2a: Xerneas|Geomancy||[still]
|-prepare|p2a: Xerneas|Geomancy|p2a: Xerneas
|-enditem|p2a: Xerneas|Power Herb
|-anim|p2a: Xerneas|Geomancy|p2a: Xerneas
|-boost|p2a: Xerneas|spa|2
|-boost|p2a: Xerneas|spd|2
|-boost|p2a: Xerneas|spe|2
|
|upkeep
|turn|25
|
|switch|p1a: Zygarde|Zygarde-Complete|100/100 slp
|-start|p2a: Xerneas|Dynamax
|-heal|p2a: Xerneas|88/100|[silent]
|move|p2a: Xerneas|Max Lightning|p1a: Zygarde
|-immune|p1a: Zygarde
|
|upkeep
|turn|26
|
|switch|p1a: Necrozma|Necrozma-Dusk-Mane|39/100
|move|p2a: Xerneas|Max Starfall|p1a: Necrozma
|-resisted|p1a: Necrozma
|-damage|p1a: Necrozma|0 fnt
|-fieldstart|move: Misty Terrain
|faint|p1a: Necrozma
|
|upkeep
|
|switch|p1a: Ho-Oh|Ho-Oh|100/100
|turn|27
|
|-start|p1a: Ho-Oh|Dynamax
|-heal|p1a: Ho-Oh|100/100|[silent]
|move|p1a: Ho-Oh|Max Guard|p1a: Ho-Oh
|-singleturn|p1a: Ho-Oh|Max Guard
|move|p2a: Xerneas|Max Starfall|p1a: Ho-Oh
|-activate|p1a: Ho-Oh|move: Max Guard
|
|-end|p2a: Xerneas|Dynamax
|-heal|p2a: Xerneas|88/100|[silent]
|upkeep
|turn|28
|inactive|OnMaWa has 120 seconds left.
|
|move|p2a: Xerneas|Thunder|p1a: Ho-Oh
|-supereffective|p1a: Ho-Oh
|-damage|p1a: Ho-Oh|63/100
|move|p1a: Ho-Oh|Max Flare|p2a: Xerneas
|-damage|p2a: Xerneas|43/100
|-weather|SunnyDay
|
|-weather|SunnyDay|[upkeep]
|upkeep
|turn|29
|
|move|p2a: Xerneas|Moonblast|p1a: Ho-Oh
|-resisted|p1a: Ho-Oh
|-damage|p1a: Ho-Oh|47/100
|move|p1a: Ho-Oh|Max Flare|p2a: Xerneas
|-damage|p2a: Xerneas|0 fnt
|faint|p2a: Xerneas
|
|-weather|SunnyDay|[upkeep]
|-end|p1a: Ho-Oh|Dynamax
|-heal|p1a: Ho-Oh|47/100|[silent]
|upkeep
|
|switch|p2a: Rayquaza|Rayquaza|100/100
|-damage|p2a: Rayquaza|76/100|[from] Stealth Rock
|-ability|p2a: Rayquaza|Air Lock
|turn|30
|inactive|OnMaWa has 90 seconds left.
|
|detailschange|p2a: Rayquaza|Rayquaza-Mega
|-mega|p2a: Rayquaza|Rayquaza|
|-weather|DeltaStream|[from] ability: Delta Stream|[of] p2a: Rayquaza
|move|p2a: Rayquaza|Dragon Ascent|p1a: Ho-Oh
|-damage|p1a: Ho-Oh|0 fnt
|-unboost|p2a: Rayquaza|def|1
|-unboost|p2a: Rayquaza|spd|1
|faint|p1a: Ho-Oh
|
|-weather|DeltaStream|[upkeep]
|-fieldend|Misty Terrain
|upkeep
|
|switch|p1a: Best Boi|Gengar-Mega, F, shiny|76/100
|turn|31
|l| Ainu Huntu
|
|move|p1a: Best Boi|Substitute|p1a: Best Boi
|-start|p1a: Best Boi|Substitute
|-damage|p1a: Best Boi|51/100
|move|p2a: Rayquaza|Earthquake|p1a: Best Boi
|-supereffective|p1a: Best Boi
|-end|p1a: Best Boi|Substitute
|
|-weather|DeltaStream|[upkeep]
|upkeep
|turn|32
|
|move|p1a: Best Boi|Shadow Ball|p2a: Rayquaza
|-damage|p2a: Rayquaza|6/100
|-unboost|p2a: Rayquaza|spd|1
|-enditem|p2a: Rayquaza|Liechi Berry|[eat]
|-boost|p2a: Rayquaza|atk|1|[from] item: Liechi Berry
|move|p2a: Rayquaza|Earthquake|p1a: Best Boi
|-supereffective|p1a: Best Boi
|-damage|p1a: Best Boi|0 fnt
|faint|p1a: Best Boi
|
|-weather|DeltaStream|[upkeep]
|upkeep
|
|switch|p1a: Kyogre|Kyogre|100/100
|-ability|p1a: Kyogre|Drizzle|[from] deltastream|[fail]
|turn|33
|inactive|OnMaWa has 90 seconds left.
|
|move|p2a: Rayquaza|Extreme Speed|p1a: Kyogre
|-damage|p1a: Kyogre|39/100
|move|p1a: Kyogre|Ice Beam|p2a: Rayquaza
|-activate||deltastream
|-supereffective|p2a: Rayquaza
|-damage|p2a: Rayquaza|0 fnt
|faint|p2a: Rayquaza
|-weather|none
|
|upkeep
|inactive|OnMaWa has 90 seconds left.
|
|switch|p2a: Arceus|Arceus|100/100
|-damage|p2a: Arceus|88/100|[from] Stealth Rock
|turn|34
|inactive|OnMaWa has 90 seconds left.
|
|switch|p1a: Zygarde|Zygarde-Complete|100/100 slp
|move|p2a: Arceus|Extreme Speed|p1a: Zygarde
|-damage|p1a: Zygarde|82/100 slp
|
|upkeep
|turn|35
|inactive|OnMaWa has 90 seconds left.
|
|move|p2a: Arceus|Swords Dance|p2a: Arceus
|-boost|p2a: Arceus|atk|2
|cant|p1a: Zygarde|slp
|
|upkeep
|turn|36
|inactive|OnMaWa has 90 seconds left.
|
|move|p2a: Arceus|Extreme Speed|p1a: Zygarde
|-damage|p1a: Zygarde|48/100 slp
|-curestatus|p1a: Zygarde|slp|[msg]
|move|p1a: Zygarde|Haze|p1a: Zygarde
|-clearallboost
|
|upkeep
|turn|37
|inactive|OnMaWa has 90 seconds left.
|
|move|p2a: Arceus|Substitute|p2a: Arceus
|-start|p2a: Arceus|Substitute
|-damage|p2a: Arceus|63/100
|move|p1a: Zygarde|Glare||[still]
|-fail|p1a: Zygarde
|
|upkeep
|turn|38
|
|move|p2a: Arceus|Swords Dance|p2a: Arceus
|-boost|p2a: Arceus|atk|2
|move|p1a: Zygarde|Thousand Arrows|p2a: Arceus
|-activate|p2a: Arceus|move: Substitute|[damage]
|
|upkeep
|turn|39
|
|move|p2a: Arceus|Extreme Speed|p1a: Zygarde
|-damage|p1a: Zygarde|11/100
|move|p1a: Zygarde|Haze|p1a: Zygarde
|-clearallboost
|
|upkeep
|turn|40
|inactive|OnMaWa has 90 seconds left.
|
|move|p2a: Arceus|Extreme Speed|p1a: Zygarde
|-damage|p1a: Zygarde|0 fnt
|faint|p1a: Zygarde
|
|upkeep
|
|switch|p1a: Kyogre|Kyogre|39/100
|-weather|RainDance|[from] ability: Drizzle|[of] p1a: Kyogre
|turn|41
|
|move|p2a: Arceus|Extreme Speed|p1a: Kyogre
|-damage|p1a: Kyogre|0 fnt
|faint|p1a: Kyogre
|
|win|OnMaWa
|raw|Vpmvpmvpm's rating: 1705 &rarr; <strong>1686</strong><br />(-19 for losing)
|raw|OnMaWa's rating: 1721 &rarr; <strong>1740</strong><br />(+19 for winning)
|l|☆Vpmvpmvpm
