|j|☆MrAnuragKing$
|j|☆cllout
|t:|1667891091
|gametype|singles
|player|p1|MrAnuragKing$|n|1450
|player|p2|cllout|misty-lgpe|1447
|teamsize|p1|6
|teamsize|p2|6
|gen|8
|tier|[Gen 8] National Dex AG
|rated|
|rule|HP Percentage Mod: HP is shown in percentages
|rule|Endless Battle Clause: Forcing endless battles is banned
|clearpoke
|poke|p1|Rayquaza|
|poke|p1|Yveltal|
|poke|p1|Ditto|
|poke|p1|Shaymin-Sky|
|poke|p1|Calyrex-Shadow|
|poke|p1|Arceus-*|
|poke|p2|Shaymin-Sky|
|poke|p2|Marshadow|
|poke|p2|Necrozma-Dusk-Mane|
|poke|p2|Yveltal|
|poke|p2|Calyrex-Shadow|
|poke|p2|Rayquaza|
|teampreview
|inactive|Battle timer is ON: inactive players will automatically lose when time's up. (requested by cllout)
|inactive|MrAnuragKing$ also wants the timer to be on.
|
|t:|1667891108
|start
|switch|p1a: Calyrex|Calyrex-Shadow|100/100
|switch|p2a: Necrozma|Necrozma-Dusk-Mane|100/100
|-ability|p1a: Calyrex|As One
|-ability|p1a: Calyrex|Unnerve
|turn|1
|
|t:|1667891135
|move|p1a: Calyrex|Astral Barrage|p2a: Necrozma
|-supereffective|p2a: Necrozma
|-damage|p2a: Necrozma|8/100
|move|p2a: Necrozma|Thunder Wave|p1a: Calyrex|[miss]
|-miss|p2a: Necrozma|p1a: Calyrex
|
|upkeep
|turn|2
|c|☆cllout|...
|
|t:|1667891151
|switch|p2a: Yveltal|Yveltal, shiny|100/100
|-ability|p2a: Yveltal|Dark Aura
|move|p1a: Calyrex|Astral Barrage|p2a: Yveltal
|-resisted|p2a: Yveltal
|-damage|p2a: Yveltal|76/100
|
|upkeep
|turn|3
|inactive|MrAnuragKing$ has 120 seconds left.
|
|t:|1667891175
|-start|p1a: Calyrex|Dynamax|
|-heal|p1a: Calyrex|100/100|[silent]
|move|p1a: Calyrex|Max Starfall|p2a: Yveltal
|-supereffective|p2a: Yveltal
|-damage|p2a: Yveltal|22/100
|-fieldstart|move: Misty Terrain
|move|p2a: Yveltal|Knock Off|p1a: Calyrex
|-supereffective|p1a: Calyrex
|-enditem|p1a: Calyrex|Focus Sash
|-damage|p1a: Calyrex|1/100
|
|upkeep
|turn|4
|inactive|cllout has 120 seconds left.
|inactive|cllout has 90 seconds left.
|
|t:|1667891240
|move|p1a: Calyrex|Max Starfall|p2a: Yveltal
|-supereffective|p2a: Yveltal
|-damage|p2a: Yveltal|0 fnt
|faint|p2a: Yveltal
|-ability|p1a: Calyrex|Grim Neigh|boost
|-boost|p1a: Calyrex|spa|1
|
|upkeep
|inactive|cllout has 90 seconds left.
|
|t:|1667891250
|switch|p2a: Calyrex|Calyrex-Shadow|100/100
|-ability|p2a: Calyrex|As One
|-ability|p2a: Calyrex|Unnerve
|turn|5
|inactive|cllout has 90 seconds left.
|
|t:|1667891273
|move|p2a: Calyrex|Draining Kiss|p1a: Calyrex
|-damage|p1a: Calyrex|0 fnt
|faint|p1a: Calyrex
|-ability|p2a: Calyrex|Grim Neigh|boost
|-boost|p2a: Calyrex|spa|1
|
|upkeep
|
|t:|1667891290
|switch|p1a: Yveltal|Yveltal|100/100
|-ability|p1a: Yveltal|Dark Aura
|turn|6
|inactive|cllout has 90 seconds left.
|
|t:|1667891315
|-start|p2a: Calyrex|Dynamax|
|-heal|p2a: Calyrex|100/100|[silent]
|move|p1a: Yveltal|Sucker Punch|p2a: Calyrex
|-supereffective|p2a: Calyrex
|-damage|p2a: Calyrex|2/100
|move|p2a: Calyrex|Max Starfall|p1a: Yveltal
|-supereffective|p1a: Yveltal
|-damage|p1a: Yveltal|0 fnt
|faint|p1a: Yveltal
|-ability|p2a: Calyrex|Grim Neigh|boost
|-boost|p2a: Calyrex|spa|1
|
|upkeep
|
|t:|1667891330
|switch|p1a: Ditto|Ditto, shiny|100/100
|-transform|p1a: Ditto|p2a: Calyrex|[from] ability: Imposter
|turn|7
|
|t:|1667891338
|-end|p2a: Calyrex|Dynamax
|-heal|p2a: Calyrex|2/100|[silent]
|switch|p2a: Necrozma|Necrozma-Dusk-Mane|8/100
|move|p1a: Ditto|Astral Barrage|p2a: Necrozma
|-supereffective|p2a: Necrozma
|-damage|p2a: Necrozma|0 fnt
|faint|p2a: Necrozma
|-ability|p1a: Ditto|Grim Neigh|boost
|-boost|p1a: Ditto|spa|1
|
|-fieldend|Misty Terrain
|upkeep
|
|t:|1667891347
|switch|p2a: Marshadow|Marshadow|100/100
|turn|8
|
|t:|1667891352
|move|p1a: Ditto|Astral Barrage|p2a: Marshadow
|-supereffective|p2a: Marshadow
|-enditem|p2a: Marshadow|Focus Sash
|-damage|p2a: Marshadow|1/100
|move|p2a: Marshadow|Spectral Thief||[still]
|-clearpositiveboost|p1a: Ditto|p2a: Marshadow|move: Spectral Thief
|-boost|p2a: Marshadow|spa|3
|-anim|p2a: Marshadow|Spectral Thief|p1a: Ditto
|-supereffective|p1a: Ditto
|-damage|p1a: Ditto|0 fnt
|faint|p1a: Ditto
|
|upkeep
|
|t:|1667891363
|switch|p1a: Shaymin|Shaymin-Sky|100/100
|turn|9
|
|t:|1667891377
|move|p2a: Marshadow|Shadow Sneak|p1a: Shaymin
|-damage|p1a: Shaymin|64/100
|move|p1a: Shaymin|Psychic|p2a: Marshadow
|-supereffective|p2a: Marshadow
|-damage|p2a: Marshadow|0 fnt
|faint|p2a: Marshadow
|
|upkeep
|
|t:|1667891385
|switch|p2a: Rayquaza|Rayquaza|100/100
|-ability|p2a: Rayquaza|Air Lock
|turn|10
|
|t:|1667891401
|detailschange|p2a: Rayquaza|Rayquaza-Mega
|-mega|p2a: Rayquaza|Rayquaza|
|-weather|DeltaStream|[from] ability: Delta Stream|[of] p2a: Rayquaza
|move|p1a: Shaymin|Dazzling Gleam|p2a: Rayquaza
|-supereffective|p2a: Rayquaza
|-damage|p2a: Rayquaza|48/100
|cant|p2a: Rayquaza|flinch
|
|-weather|DeltaStream|[upkeep]
|upkeep
|turn|11
|inactive|cllout has 90 seconds left.
|inactive|MrAnuragKing$ has 120 seconds left.
|
|t:|1667891430
|move|p1a: Shaymin|Dazzling Gleam|p2a: Rayquaza
|-supereffective|p2a: Rayquaza
|-damage|p2a: Rayquaza|0 fnt
|faint|p2a: Rayquaza
|-weather|none
|
|upkeep
|
|t:|1667891434
|switch|p2a: Shaymin|Shaymin-Sky|100/100
|turn|12
|
|t:|1667891447
|move|p2a: Shaymin|Air Slash|p1a: Shaymin
|-supereffective|p1a: Shaymin
|-damage|p1a: Shaymin|0 fnt
|faint|p1a: Shaymin
|
|upkeep
|
|t:|1667891450
|switch|p1a: Rayquaza|Rayquaza, shiny|100/100
|-ability|p1a: Rayquaza|Air Lock
|turn|13
|
|t:|1667891460
|detailschange|p1a: Rayquaza|Rayquaza-Mega, shiny
|-mega|p1a: Rayquaza|Rayquaza|
|-weather|DeltaStream|[from] ability: Delta Stream|[of] p1a: Rayquaza
|move|p2a: Shaymin|Air Slash|p1a: Rayquaza
|-damage|p1a: Rayquaza|56/100
|cant|p1a: Rayquaza|flinch
|
|-weather|DeltaStream|[upkeep]
|upkeep
|turn|14
|
|t:|1667891477
|move|p2a: Shaymin|Air Slash|p1a: Rayquaza
|-damage|p1a: Rayquaza|2/100
|cant|p1a: Rayquaza|flinch
|
|-weather|DeltaStream|[upkeep]
|upkeep
|turn|15
|
|t:|1667891484
|move|p1a: Rayquaza|Extreme Speed|p2a: Shaymin
|-damage|p2a: Shaymin|54/100
|move|p2a: Shaymin|Air Slash|p1a: Rayquaza
|-damage|p1a: Rayquaza|0 fnt
|faint|p1a: Rayquaza
|-weather|none
|
|upkeep
|
|t:|1667891497
|switch|p1a: Arceus|Arceus-Steel|100/100
|turn|16
|inactive|cllout has 120 seconds left.
|
|t:|1667891523
|move|p1a: Arceus|Extreme Speed|p2a: Shaymin
|-damage|p2a: Shaymin|24/100
|move|p2a: Shaymin|Healing Wish|p2a: Shaymin
|faint|p2a: Shaymin
|
|upkeep
|
|t:|1667891529
|switch|p2a: Calyrex|Calyrex-Shadow|2/100
|-ability|p2a: Calyrex|As One
|-ability|p2a: Calyrex|Unnerve
|-heal|p2a: Calyrex|100/100|[from] move: Healing Wish
|turn|17
|
|t:|1667891550
|move|p2a: Calyrex|Nasty Plot|p2a: Calyrex
|-boost|p2a: Calyrex|spa|2
|move|p1a: Arceus|Judgment|p2a: Calyrex
|-damage|p2a: Calyrex|49/100
|
|upkeep
|turn|18
|
|t:|1667891558
|move|p2a: Calyrex|Astral Barrage|p1a: Arceus
|-damage|p1a: Arceus|0 fnt
|faint|p1a: Arceus
|
|win|cllout
|raw|MrAnuragKing$'s rating: 1496 &rarr; <strong>1473</strong><br />(-23 for losing)
|raw|cllout's rating: 1447 &rarr; <strong>1470</strong><br />(+23 for winning)
|l|☆MrAnuragKing$
