|j|☆lemoncell0
|j|☆Lasombralegendaria
|inactive|Battle timer is ON: inactive players will automatically lose when time's up.
|t:|1653413405
|gametype|singles
|player|p1|lemoncell0|allister|
|player|p2|Lasombralegendaria|calem|
|teamsize|p1|6
|teamsize|p2|6
|gen|8
|tier|[Gen 8] National Dex AG
|rated|Tournament battle
|rule|HP Percentage Mod: HP is shown in percentages
|rule|Endless Battle Clause: Forcing endless battles is banned
|clearpoke
|poke|p1|Vivillon-Monsoon, F|
|poke|p1|Ditto|
|poke|p1|Diancie|
|poke|p1|Hydreigon, M|
|poke|p1|Zacian-*|
|poke|p1|Smeargle, M|
|poke|p2|Groudon|
|poke|p2|Kyogre|
|poke|p2|Necrozma-Dusk-Mane|
|poke|p2|Yveltal|
|poke|p2|Eternatus|
|poke|p2|Calyrex-Shadow|
|teampreview
|j| chistest
|
|t:|1653413426
|start
|switch|p1a: Diancie|Diancie|100/100
|switch|p2a: Eternatus|Eternatus|100/100
|-ability|p2a: Eternatus|Pressure
|turn|1
|
|t:|1653413430
|switch|p2a: Kyogre|Kyogre|100/100
|detailschange|p2a: Kyogre|Kyogre-Primal
|-primal|p2a: Kyogre
|-weather|PrimordialSea|[from] ability: Primordial Sea|[of] p2a: Kyogre
|detailschange|p1a: Diancie|Diancie-Mega
|-mega|p1a: Diancie|Diancie|Diancite
|move|p1a: Diancie|Stealth Rock|p2a: Kyogre
|-sidestart|p2: Lasombralegendaria|move: Stealth Rock
|
|-weather|PrimordialSea|[upkeep]
|upkeep
|turn|2
|
|t:|1653413436
|move|p1a: Diancie|Moonblast|p2a: Kyogre
|-damage|p2a: Kyogre|70/100
|-unboost|p2a: Kyogre|spa|1
|move|p2a: Kyogre|Scald|p1a: Diancie
|-supereffective|p1a: Diancie
|-damage|p1a: Diancie|0 fnt
|faint|p1a: Diancie
|
|-weather|PrimordialSea|[upkeep]
|upkeep
|
|t:|1653413457
|switch|p1a: Zacian|Zacian-Crowned|100/100
|-ability|p1a: Zacian|Intrepid Sword|boost
|-boost|p1a: Zacian|atk|1
|turn|3
|
|t:|1653413460
|switch|p1a: Vivillon|Vivillon-Monsoon, F|100/100
|move|p2a: Kyogre|Scald|p1a: Vivillon
|-damage|p1a: Vivillon|12/100
|
|-weather|PrimordialSea|[upkeep]
|-heal|p1a: Vivillon|18/100|[from] item: Leftovers
|upkeep
|turn|4
|
|t:|1653413463
|move|p1a: Vivillon|Sleep Powder|p2a: Kyogre
|-status|p2a: Kyogre|slp|[from] move: Sleep Powder
|cant|p2a: Kyogre|slp
|
|-weather|PrimordialSea|[upkeep]
|-heal|p1a: Vivillon|24/100|[from] item: Leftovers
|upkeep
|turn|5
|
|t:|1653413469
|switch|p1a: Smeargle|Smeargle, M|100/100
|cant|p2a: Kyogre|slp
|
|-weather|PrimordialSea|[upkeep]
|upkeep
|turn|6
|
|t:|1653413473
|move|p1a: Smeargle|Sticky Web|p2a: Kyogre
|-sidestart|p2: Lasombralegendaria|move: Sticky Web
|-curestatus|p2a: Kyogre|slp|[msg]
|move|p2a: Kyogre|Scald|p1a: Smeargle
|-damage|p1a: Smeargle|2/100
|
|-weather|PrimordialSea|[upkeep]
|upkeep
|turn|7
|
|t:|1653413476
|move|p1a: Smeargle|Icy Wind|p2a: Kyogre
|-resisted|p2a: Kyogre
|-damage|p2a: Kyogre|68/100
|-unboost|p2a: Kyogre|spe|1
|move|p2a: Kyogre|Scald|p1a: Smeargle
|-damage|p1a: Smeargle|0 fnt
|faint|p1a: Smeargle
|
|-weather|PrimordialSea|[upkeep]
|upkeep
|
|t:|1653413479
|switch|p1a: Vivillon|Vivillon-Monsoon, F|24/100
|turn|8
|j| Prottay1317❤
|
|t:|1653413481
|move|p1a: Vivillon|Sleep Powder|p2a: Kyogre
|-status|p2a: Kyogre|slp|[from] move: Sleep Powder
|cant|p2a: Kyogre|slp
|
|-weather|PrimordialSea|[upkeep]
|-heal|p1a: Vivillon|30/100|[from] item: Leftovers
|upkeep
|turn|9
|
|t:|1653413485
|move|p1a: Vivillon|Substitute|p1a: Vivillon
|-start|p1a: Vivillon|Substitute
|-damage|p1a: Vivillon|5/100
|cant|p2a: Kyogre|slp
|
|-weather|PrimordialSea|[upkeep]
|-heal|p1a: Vivillon|11/100|[from] item: Leftovers
|upkeep
|turn|10
|
|t:|1653413487
|move|p1a: Vivillon|Quiver Dance|p1a: Vivillon
|-boost|p1a: Vivillon|spa|1
|-boost|p1a: Vivillon|spd|1
|-boost|p1a: Vivillon|spe|1
|-curestatus|p2a: Kyogre|slp|[msg]
|move|p2a: Kyogre|Ice Beam|p1a: Vivillon
|-supereffective|p1a: Vivillon
|-end|p1a: Vivillon|Substitute
|
|-weather|PrimordialSea|[upkeep]
|-heal|p1a: Vivillon|17/100|[from] item: Leftovers
|upkeep
|turn|11
|
|t:|1653413489
|move|p1a: Vivillon|Sleep Powder|p2a: Kyogre
|-status|p2a: Kyogre|slp|[from] move: Sleep Powder
|cant|p2a: Kyogre|slp
|
|-weather|PrimordialSea|[upkeep]
|-heal|p1a: Vivillon|23/100|[from] item: Leftovers
|upkeep
|turn|12
|
|t:|1653413491
|move|p1a: Vivillon|Hurricane|p2a: Kyogre
|-damage|p2a: Kyogre|35/100 slp
|cant|p2a: Kyogre|slp
|
|-weather|PrimordialSea|[upkeep]
|-heal|p1a: Vivillon|29/100|[from] item: Leftovers
|upkeep
|turn|13
|
|t:|1653413493
|move|p1a: Vivillon|Substitute|p1a: Vivillon
|-start|p1a: Vivillon|Substitute
|-damage|p1a: Vivillon|4/100
|-curestatus|p2a: Kyogre|slp|[msg]
|move|p2a: Kyogre|Ice Beam|p1a: Vivillon
|-supereffective|p1a: Vivillon
|-end|p1a: Vivillon|Substitute
|
|-weather|PrimordialSea|[upkeep]
|-heal|p1a: Vivillon|10/100|[from] item: Leftovers
|upkeep
|turn|14
|
|t:|1653413496
|move|p1a: Vivillon|Sleep Powder|p2a: Kyogre
|-status|p2a: Kyogre|slp|[from] move: Sleep Powder
|cant|p2a: Kyogre|slp
|
|-weather|PrimordialSea|[upkeep]
|-heal|p1a: Vivillon|16/100|[from] item: Leftovers
|upkeep
|turn|15
|
|t:|1653413498
|move|p1a: Vivillon|Hurricane|p2a: Kyogre
|-damage|p2a: Kyogre|0 fnt
|faint|p2a: Kyogre
|-weather|none
|
|-heal|p1a: Vivillon|22/100|[from] item: Leftovers
|upkeep
|j| Blair but nicer?
|
|t:|1653413501
|switch|p2a: Yveltal|Yveltal|100/100
|-ability|p2a: Yveltal|Dark Aura
|turn|16
|
|t:|1653413503
|move|p1a: Vivillon|Sleep Powder|p2a: Yveltal
|-status|p2a: Yveltal|slp|[from] move: Sleep Powder
|cant|p2a: Yveltal|slp
|
|-heal|p1a: Vivillon|28/100|[from] item: Leftovers
|upkeep
|turn|17
|j| Gaggle54
|
|t:|1653413508
|move|p1a: Vivillon|Substitute|p1a: Vivillon
|-start|p1a: Vivillon|Substitute
|-damage|p1a: Vivillon|3/100
|cant|p2a: Yveltal|slp
|
|-heal|p1a: Vivillon|9/100|[from] item: Leftovers
|upkeep
|turn|18
|
|t:|1653413511
|move|p1a: Vivillon|Hurricane|p2a: Yveltal|[miss]
|-miss|p1a: Vivillon|p2a: Yveltal
|-curestatus|p2a: Yveltal|slp|[msg]
|move|p2a: Yveltal|Knock Off|p1a: Vivillon
|-end|p1a: Vivillon|Substitute
|
|-heal|p1a: Vivillon|15/100|[from] item: Leftovers
|upkeep
|turn|19
|
|t:|1653413514
|move|p1a: Vivillon|Sleep Powder|p2a: Yveltal
|-status|p2a: Yveltal|slp|[from] move: Sleep Powder
|cant|p2a: Yveltal|slp
|
|-heal|p1a: Vivillon|21/100|[from] item: Leftovers
|upkeep
|turn|20
|
|t:|1653413516
|move|p1a: Vivillon|Hurricane|p2a: Yveltal
|-damage|p2a: Yveltal|66/100 slp
|cant|p2a: Yveltal|slp
|
|-heal|p1a: Vivillon|27/100|[from] item: Leftovers
|upkeep
|turn|21
|
|t:|1653413518
|move|p1a: Vivillon|Substitute|p1a: Vivillon
|-start|p1a: Vivillon|Substitute
|-damage|p1a: Vivillon|2/100
|-curestatus|p2a: Yveltal|slp|[msg]
|move|p2a: Yveltal|Knock Off|p1a: Vivillon
|-end|p1a: Vivillon|Substitute
|
|-heal|p1a: Vivillon|8/100|[from] item: Leftovers
|upkeep
|turn|22
|
|t:|1653413521
|move|p1a: Vivillon|Sleep Powder|p2a: Yveltal
|-status|p2a: Yveltal|slp|[from] move: Sleep Powder
|cant|p2a: Yveltal|slp
|
|-heal|p1a: Vivillon|14/100|[from] item: Leftovers
|upkeep
|turn|23
|
|t:|1653413524
|move|p1a: Vivillon|Hurricane|p2a: Yveltal
|-damage|p2a: Yveltal|32/100 slp
|cant|p2a: Yveltal|slp
|
|-heal|p1a: Vivillon|20/100|[from] item: Leftovers
|upkeep
|turn|24
|c| Gaggle54|it begins again
|
|t:|1653413527
|-start|p2a: Yveltal|Dynamax|
|-heal|p2a: Yveltal|32/100 slp|[silent]
|move|p1a: Vivillon|Hurricane|p2a: Yveltal
|-damage|p2a: Yveltal|16/100 slp
|cant|p2a: Yveltal|slp
|
|-heal|p1a: Vivillon|26/100|[from] item: Leftovers
|upkeep
|turn|25
|
|t:|1653413542
|-start|p1a: Vivillon|Dynamax|
|-heal|p1a: Vivillon|26/100|[silent]
|move|p1a: Vivillon|Max Guard|p1a: Vivillon
|-singleturn|p1a: Vivillon|Max Guard
|-curestatus|p2a: Yveltal|slp|[msg]
|move|p2a: Yveltal|Max Flutterby|p1a: Vivillon
|-activate|p1a: Vivillon|move: Max Guard
|
|-heal|p1a: Vivillon|29/100|[from] item: Leftovers
|upkeep
|turn|26
|
|t:|1653413544
|move|p1a: Vivillon|Max Airstream|p2a: Yveltal
|-damage|p2a: Yveltal|0 fnt
|-boost|p1a: Vivillon|spe|1
|faint|p2a: Yveltal
|
|-heal|p1a: Vivillon|32/100|[from] item: Leftovers
|upkeep
|
|t:|1653413547
|switch|p2a: Necrozma|Necrozma-Dusk-Mane|100/100
|-damage|p2a: Necrozma|94/100|[from] Stealth Rock
|-activate|p2a: Necrozma|move: Sticky Web
|-unboost|p2a: Necrozma|spe|1
|turn|27
|
|t:|1653413549
|move|p1a: Vivillon|Max Guard|p1a: Vivillon
|-singleturn|p1a: Vivillon|Max Guard
|move|p2a: Necrozma|Sunsteel Strike|p1a: Vivillon
|-activate|p1a: Vivillon|move: Max Guard
|
|-heal|p1a: Vivillon|35/100|[from] item: Leftovers
|upkeep
|-end|p1a: Vivillon|Dynamax
|-heal|p1a: Vivillon|35/100|[silent]
|turn|28
|
|t:|1653413552
|move|p1a: Vivillon|Sleep Powder|p2a: Necrozma
|-status|p2a: Necrozma|slp|[from] move: Sleep Powder
|cant|p2a: Necrozma|slp
|
|-heal|p1a: Vivillon|41/100|[from] item: Leftovers
|upkeep
|turn|29
|
|t:|1653413554
|move|p1a: Vivillon|Substitute|p1a: Vivillon
|-start|p1a: Vivillon|Substitute
|-damage|p1a: Vivillon|16/100
|cant|p2a: Necrozma|slp
|
|-heal|p1a: Vivillon|22/100|[from] item: Leftovers
|upkeep
|turn|30
|
|t:|1653413555
|move|p1a: Vivillon|Quiver Dance|p1a: Vivillon
|-boost|p1a: Vivillon|spa|1
|-boost|p1a: Vivillon|spd|1
|-boost|p1a: Vivillon|spe|1
|cant|p2a: Necrozma|slp
|
|-heal|p1a: Vivillon|28/100|[from] item: Leftovers
|upkeep
|turn|31
|
|t:|1653413558
|move|p1a: Vivillon|Hurricane|p2a: Necrozma|[miss]
|-miss|p1a: Vivillon|p2a: Necrozma
|-curestatus|p2a: Necrozma|slp|[msg]
|move|p2a: Necrozma|Sunsteel Strike|p1a: Vivillon
|-end|p1a: Vivillon|Substitute
|
|-heal|p1a: Vivillon|34/100|[from] item: Leftovers
|upkeep
|turn|32
|
|t:|1653413560
|move|p1a: Vivillon|Sleep Powder|p2a: Necrozma
|-status|p2a: Necrozma|slp|[from] move: Sleep Powder
|cant|p2a: Necrozma|slp
|
|-heal|p1a: Vivillon|40/100|[from] item: Leftovers
|upkeep
|turn|33
|
|t:|1653413562
|move|p1a: Vivillon|Substitute|p1a: Vivillon
|-start|p1a: Vivillon|Substitute
|-damage|p1a: Vivillon|15/100
|cant|p2a: Necrozma|slp
|
|-heal|p1a: Vivillon|21/100|[from] item: Leftovers
|upkeep
|turn|34
|
|t:|1653413564
|move|p1a: Vivillon|Hurricane|p2a: Necrozma
|-resisted|p2a: Necrozma
|-crit|p2a: Necrozma
|-damage|p2a: Necrozma|48/100 slp
|cant|p2a: Necrozma|slp
|
|-heal|p1a: Vivillon|27/100|[from] item: Leftovers
|upkeep
|turn|35
|
|t:|1653413567
|move|p1a: Vivillon|Hurricane|p2a: Necrozma
|-resisted|p2a: Necrozma
|-damage|p2a: Necrozma|19/100 slp
|-curestatus|p2a: Necrozma|slp|[msg]
|move|p2a: Necrozma|Sunsteel Strike|p1a: Vivillon
|-end|p1a: Vivillon|Substitute
|
|-heal|p1a: Vivillon|33/100|[from] item: Leftovers
|upkeep
|turn|36
|
|t:|1653413570
|move|p1a: Vivillon|Sleep Powder|p2a: Necrozma|[miss]
|-miss|p1a: Vivillon|p2a: Necrozma
|move|p2a: Necrozma|Sunsteel Strike|p1a: Vivillon
|-damage|p1a: Vivillon|0 fnt
|faint|p1a: Vivillon
|
|upkeep
|
|t:|1653413574
|switch|p1a: Zacian|Zacian-Crowned|100/100
|-ability|p1a: Zacian|Intrepid Sword|boost
|-boost|p1a: Zacian|atk|1
|turn|37
|
|t:|1653413577
|move|p1a: Zacian|Close Combat|p2a: Necrozma
|-damage|p2a: Necrozma|0 fnt
|-unboost|p1a: Zacian|def|1
|-unboost|p1a: Zacian|spd|1
|-damage|p1a: Zacian|84/100|[from] item: Rocky Helmet|[of] p2a: Necrozma
|faint|p2a: Necrozma
|
|upkeep
|
|t:|1653413581
|switch|p2a: Groudon|Groudon|100/100
|-damage|p2a: Groudon|94/100|[from] Stealth Rock
|-activate|p2a: Groudon|move: Sticky Web
|-unboost|p2a: Groudon|spe|1
|detailschange|p2a: Groudon|Groudon-Primal
|-primal|p2a: Groudon
|-weather|DesolateLand|[from] ability: Desolate Land|[of] p2a: Groudon
|turn|38
|
|t:|1653413584
|switch|p1a: Hydreigon|Hydreigon, M|100/100
|move|p2a: Groudon|Lava Plume|p1a: Hydreigon
|-resisted|p1a: Hydreigon
|-damage|p1a: Hydreigon|66/100
|
|-weather|DesolateLand|[upkeep]
|upkeep
|turn|39
|
|t:|1653413588
|-weather|none
|switch|p2a: Calyrex|Calyrex-Shadow|100/100
|-ability|p2a: Calyrex|As One
|-ability|p2a: Calyrex|Unnerve
|-damage|p2a: Calyrex|88/100|[from] Stealth Rock
|-activate|p2a: Calyrex|move: Sticky Web
|-unboost|p2a: Calyrex|spe|1
|move|p1a: Hydreigon|Nasty Plot|p1a: Hydreigon
|-boost|p1a: Hydreigon|spa|2
|
|upkeep
|turn|40
|
|t:|1653413590
|move|p2a: Calyrex|Trick|p1a: Hydreigon
|-activate|p2a: Calyrex|move: Trick|[of] p1a: Hydreigon
|-item|p1a: Hydreigon|Choice Scarf|[from] move: Trick
|-item|p2a: Calyrex|Life Orb|[from] move: Trick
|move|p1a: Hydreigon|Flash Cannon|p2a: Calyrex
|-damage|p2a: Calyrex|30/100
|
|upkeep
|turn|41
|
|t:|1653413599
|move|p1a: Hydreigon|Flash Cannon|p2a: Calyrex
|-damage|p2a: Calyrex|0 fnt
|faint|p2a: Calyrex
|
|upkeep
|c|☆Lasombralegendaria|!calc
|c| Lasombralegendaria|/raw <div class="infobox">Pok&eacute;mon Showdown! damage calculator. (Courtesy of Honko, Austin, &amp; Kris)<br />- <a href="https://calc.pokemonshowdown.com/index.html">Damage Calculator</a></div>
|inactive|Lasombralegendaria has 120 seconds left.
|j| Chillrends
|inactive|Lasombralegendaria has 90 seconds left.
|
|t:|1653413667
|switch|p2a: Eternatus|Eternatus|100/100
|-damage|p2a: Eternatus|88/100|[from] Stealth Rock
|-activate|p2a: Eternatus|move: Sticky Web
|-unboost|p2a: Eternatus|spe|1
|-ability|p2a: Eternatus|Pressure
|turn|42
|c| Chillrends|show dominance
|c| Chillrends|post the calc here
|
|t:|1653413677
|switch|p1a: Zacian|Zacian-Crowned|84/100
|-ability|p1a: Zacian|Intrepid Sword|boost
|-boost|p1a: Zacian|atk|1
|move|p2a: Eternatus|Cosmic Power|p2a: Eternatus
|-boost|p2a: Eternatus|def|1
|-boost|p2a: Eternatus|spd|1
|
|upkeep
|turn|43
|
|t:|1653413681
|move|p1a: Zacian|Behemoth Blade|p2a: Eternatus
|-damage|p2a: Eternatus|35/100
|move|p2a: Eternatus|Cosmic Power|p2a: Eternatus
|-boost|p2a: Eternatus|def|1
|-boost|p2a: Eternatus|spd|1
|
|upkeep
|turn|44
|
|t:|1653413684
|move|p1a: Zacian|Behemoth Blade|p2a: Eternatus
|-damage|p2a: Eternatus|0 fnt
|faint|p2a: Eternatus
|
|upkeep
|
|t:|1653413686
|switch|p2a: Groudon|Groudon-Primal|94/100
|-damage|p2a: Groudon|82/100|[from] Stealth Rock
|-activate|p2a: Groudon|move: Sticky Web
|-unboost|p2a: Groudon|spe|1
|-weather|DesolateLand|[from] ability: Desolate Land|[of] p2a: Groudon
|turn|45
|
|t:|1653413688
|move|p1a: Zacian|Close Combat|p2a: Groudon
|-damage|p2a: Groudon|40/100
|-unboost|p1a: Zacian|def|1
|-unboost|p1a: Zacian|spd|1
|move|p2a: Groudon|Lava Plume|p1a: Zacian
|-supereffective|p1a: Zacian
|-damage|p1a: Zacian|0 fnt
|faint|p1a: Zacian
|
|-weather|DesolateLand|[upkeep]
|upkeep
|
|t:|1653413691
|switch|p1a: Hydreigon|Hydreigon, M|66/100
|turn|46
|
|t:|1653413694
|move|p1a: Hydreigon|Draco Meteor|p2a: Groudon
|-damage|p2a: Groudon|0 fnt
|-unboost|p1a: Hydreigon|spa|2
|faint|p2a: Groudon
|-weather|none
|
|win|lemoncell0
|n|☆lemoncell0|lemoncell0
|n|☆Lasombralegendaria|lasombralegendaria
|n| chistest|chistest
|n| Prottay1317❤|prottay1317
|n| Blair but nicer?|blairbutnicer
|n| Gaggle54|gaggle54
|n| Chillrends|chillrends
