|j|☆dividing by 0
|j|☆Sinnoh Athens 420
|t:|1657815478
|gametype|singles
|player|p1|dividing by 0|pokemaniac|1656
|player|p2|Sinnoh Athens 420|lusamine-nihilego|1631
|teamsize|p1|6
|teamsize|p2|6
|gen|8
|tier|[Gen 8] National Dex AG
|rated|
|rule|HP Percentage Mod: HP is shown in percentages
|rule|Endless Battle Clause: Forcing endless battles is banned
|clearpoke
|poke|p1|Wimpod, M|
|poke|p1|Yveltal|
|poke|p1|Rayquaza|
|poke|p1|Necrozma-Dusk-Mane|
|poke|p1|Arceus-*|
|poke|p1|Marshadow|
|poke|p2|Tyranitar, M|
|poke|p2|Metagross|
|poke|p2|Giratina-Origin|
|poke|p2|Zapdos|
|poke|p2|Greninja, M|
|poke|p2|Clefable, F|
|teampreview
|c|☆Sinnoh Athens 420|hi again
|
|t:|1657815493
|start
|switch|p1a: My Best Friend|Wimpod, M|100/100
|switch|p2a: Greninja|Greninja, M|100/100
|turn|1
|c|☆dividing by 0|hello
|
|t:|1657815501
|move|p2a: Greninja|Dark Pulse|p1a: My Best Friend
|-enditem|p1a: My Best Friend|Focus Sash
|-damage|p1a: My Best Friend|1/100
|-activate|p1a: My Best Friend|ability: Wimp Out
|c|☆Sinnoh Athens 420|did i lose last one?
|c|☆dividing by 0|yea
|
|t:|1657815515
|switch|p1a: Marshadow|Marshadow|100/100
|
|upkeep
|turn|2
|
|t:|1657815518
|switch|p2a: Zapdos|Zapdos|100/100
|move|p1a: Marshadow|Close Combat|p2a: Zapdos
|-resisted|p2a: Zapdos
|-damage|p2a: Zapdos|77/100
|-unboost|p1a: Marshadow|def|1
|-unboost|p1a: Marshadow|spd|1
|-damage|p1a: Marshadow|84/100|[from] item: Rocky Helmet|[of] p2a: Zapdos
|
|upkeep
|turn|3
|
|t:|1657815527
|switch|p1a: My Best Friend|Wimpod, M|1/100
|move|p2a: Zapdos|Volt Switch|p1a: My Best Friend
|-supereffective|p1a: My Best Friend
|-damage|p1a: My Best Friend|0 fnt
|faint|p1a: My Best Friend
|
|t:|1657815537
|switch|p2a: Giratina|Giratina-Origin, shiny|100/100|[from]move: Volt Switch
|
|upkeep
|inactive|Battle timer is ON: inactive players will automatically lose when time's up. (requested by Sinnoh Athens 420)
|c|☆Sinnoh Athens 420|i lost to wimpod?
|c|☆dividing by 0|yep
|c|☆dividing by 0|you did
|c|☆Sinnoh Athens 420|nop
|c|☆Sinnoh Athens 420|i lost to ag spammer copy paste legendary fagot pokemons
|c|☆dividing by 0|hold on
|c|☆dividing by 0|wimpod put in the work
|inactive|dividing by 0 has 120 seconds left.
|
|t:|1657815590
|switch|p1a: Arceus|Arceus|100/100
|turn|4
|
|t:|1657815594
|move|p1a: Arceus|Calm Mind|p1a: Arceus
|-boost|p1a: Arceus|spa|1
|-boost|p1a: Arceus|spd|1
|move|p2a: Giratina|Will-O-Wisp|p1a: Arceus|[miss]
|-miss|p2a: Giratina|p1a: Arceus
|
|upkeep
|turn|5
|
|t:|1657815598
|move|p1a: Arceus|Calm Mind|p1a: Arceus
|-boost|p1a: Arceus|spa|1
|-boost|p1a: Arceus|spd|1
|move|p2a: Giratina|Dragon Tail|p1a: Arceus
|-damage|p1a: Arceus|73/100
|drag|p1a: Necrozma|Necrozma-Dusk-Mane|100/100
|
|upkeep
|turn|6
|
|t:|1657815605
|switch|p1a: Arceus|Arceus|73/100
|move|p2a: Giratina|Will-O-Wisp|p1a: Arceus
|-status|p1a: Arceus|brn
|
|-damage|p1a: Arceus|67/100 brn|[from] brn
|upkeep
|turn|7
|
|t:|1657815609
|move|p1a: Arceus|Ice Beam|p2a: Giratina
|-supereffective|p2a: Giratina
|-damage|p2a: Giratina|65/100
|move|p2a: Giratina|Dragon Tail|p1a: Arceus
|-damage|p1a: Arceus|40/100 brn
|drag|p1a: Rayquaza|Rayquaza|100/100
|-ability|p1a: Rayquaza|Air Lock
|
|upkeep
|turn|8
|
|t:|1657815617
|switch|p2a: Zapdos|Zapdos|77/100
|detailschange|p1a: Rayquaza|Rayquaza-Mega
|-mega|p1a: Rayquaza|Rayquaza|
|-weather|DeltaStream|[from] ability: Delta Stream|[of] p1a: Rayquaza
|move|p1a: Rayquaza|Dragon Ascent|p2a: Zapdos
|-resisted|p2a: Zapdos
|-damage|p2a: Zapdos|31/100
|-unboost|p1a: Rayquaza|def|1
|-unboost|p1a: Rayquaza|spd|1
|-damage|p1a: Rayquaza|84/100|[from] item: Rocky Helmet|[of] p2a: Zapdos
|-status|p1a: Rayquaza|par|[from] ability: Static|[of] p2a: Zapdos
|
|-weather|DeltaStream|[upkeep]
|upkeep
|turn|9
|
|t:|1657815625
|move|p2a: Zapdos|Roost|p2a: Zapdos
|-heal|p2a: Zapdos|81/100
|-singleturn|p2a: Zapdos|move: Roost
|move|p1a: Rayquaza|Dragon Ascent|p2a: Zapdos
|-resisted|p2a: Zapdos
|-damage|p2a: Zapdos|40/100
|-unboost|p1a: Rayquaza|def|1
|-unboost|p1a: Rayquaza|spd|1
|-damage|p1a: Rayquaza|68/100 par|[from] item: Rocky Helmet|[of] p2a: Zapdos
|
|-weather|DeltaStream|[upkeep]
|upkeep
|turn|10
|
|t:|1657815635
|-weather|none
|switch|p1a: Necrozma|Necrozma-Dusk-Mane|100/100
|move|p2a: Zapdos|Roost|p2a: Zapdos
|-heal|p2a: Zapdos|90/100
|-singleturn|p2a: Zapdos|move: Roost
|
|upkeep
|turn|11
|
|t:|1657815645
|switch|p1a: Arceus|Arceus|40/100 brn
|move|p2a: Zapdos|Heat Wave|p1a: Arceus
|-damage|p1a: Arceus|23/100 brn
|
|-damage|p1a: Arceus|16/100 brn|[from] brn
|upkeep
|turn|12
|
|t:|1657815650
|move|p1a: Arceus|Recover|p1a: Arceus
|-heal|p1a: Arceus|66/100 brn
|move|p2a: Zapdos|Volt Switch|p1a: Arceus
|-damage|p1a: Arceus|46/100 brn
|
|t:|1657815657
|switch|p2a: Metagross|Metagross, shiny|100/100|[from]move: Volt Switch
|
|-damage|p1a: Arceus|39/100 brn|[from] brn
|upkeep
|turn|13
|
|t:|1657815660
|detailschange|p2a: Metagross|Metagross-Mega, shiny
|-mega|p2a: Metagross|Metagross|Metagrossite
|move|p1a: Arceus|Earth Power|p2a: Metagross
|-supereffective|p2a: Metagross
|-damage|p2a: Metagross|49/100
|move|p2a: Metagross|Meteor Mash|p1a: Arceus
|-damage|p1a: Arceus|0 fnt
|faint|p1a: Arceus
|
|upkeep
|
|t:|1657815671
|switch|p1a: Marshadow|Marshadow|84/100
|turn|14
|
|t:|1657815676
|switch|p2a: Zapdos|Zapdos|90/100
|move|p1a: Marshadow|Spectral Thief|p2a: Zapdos
|-damage|p2a: Zapdos|56/100
|-damage|p1a: Marshadow|68/100|[from] item: Rocky Helmet|[of] p2a: Zapdos
|
|upkeep
|turn|15
|
|t:|1657815690
|switch|p1a: Rayquaza|Rayquaza-Mega|68/100 par
|-weather|DeltaStream|[from] ability: Delta Stream|[of] p1a: Rayquaza
|move|p2a: Zapdos|Volt Switch|p1a: Rayquaza
|-activate||deltastream
|-resisted|p1a: Rayquaza
|-damage|p1a: Rayquaza|52/100 par
|
|t:|1657815692
|switch|p2a: Metagross|Metagross-Mega, shiny|49/100|[from]move: Volt Switch
|
|-weather|DeltaStream|[upkeep]
|upkeep
|turn|16
|
|t:|1657815696
|move|p2a: Metagross|Meteor Mash|p1a: Rayquaza
|-damage|p1a: Rayquaza|0 fnt
|faint|p1a: Rayquaza
|-weather|none
|
|upkeep
|
|t:|1657815700
|switch|p1a: Yveltal|Yveltal|100/100
|-ability|p1a: Yveltal|Dark Aura
|turn|17
|
|t:|1657815710
|switch|p2a: Tyranitar|Tyranitar, M|100/100
|-weather|Sandstorm|[from] ability: Sand Stream|[of] p2a: Tyranitar
|-start|p1a: Yveltal|Dynamax|
|-heal|p1a: Yveltal|100/100|[silent]
|move|p1a: Yveltal|Max Darkness|p2a: Tyranitar
|-resisted|p2a: Tyranitar
|-damage|p2a: Tyranitar|75/100
|-unboost|p2a: Tyranitar|spd|1
|
|-weather|Sandstorm|[upkeep]
|-damage|p1a: Yveltal|97/100|[from] Sandstorm
|upkeep
|turn|18
|
|t:|1657815720
|-start|p2a: Tyranitar|Dynamax|
|-heal|p2a: Tyranitar|75/100|[silent]
|move|p1a: Yveltal|Max Darkness|p2a: Tyranitar
|-resisted|p2a: Tyranitar
|-crit|p2a: Tyranitar
|-damage|p2a: Tyranitar|56/100
|-unboost|p2a: Tyranitar|spd|1
|move|p2a: Tyranitar|Max Knuckle|p1a: Yveltal
|-damage|p1a: Yveltal|83/100
|-boost|p2a: Tyranitar|atk|1
|
|-weather|Sandstorm|[upkeep]
|-damage|p1a: Yveltal|80/100|[from] Sandstorm
|upkeep
|turn|19
|
|t:|1657815724
|move|p1a: Yveltal|Max Darkness|p2a: Tyranitar
|-resisted|p2a: Tyranitar
|-damage|p2a: Tyranitar|43/100
|-unboost|p2a: Tyranitar|spd|1
|move|p2a: Tyranitar|Max Rockfall|p1a: Yveltal
|-supereffective|p1a: Yveltal
|-damage|p1a: Yveltal|1/100
|
|-weather|Sandstorm|[upkeep]
|-damage|p1a: Yveltal|0 fnt|[from] Sandstorm
|faint|p1a: Yveltal
|upkeep
|
|t:|1657815728
|switch|p1a: Necrozma|Necrozma-Dusk-Mane|100/100
|turn|20
|
|t:|1657815730
|move|p1a: Necrozma|Sunsteel Strike|p2a: Tyranitar
|-supereffective|p2a: Tyranitar
|-damage|p2a: Tyranitar|6/100
|move|p2a: Tyranitar|Max Darkness|p1a: Necrozma
|-supereffective|p1a: Necrozma
|-damage|p1a: Necrozma|44/100
|-unboost|p1a: Necrozma|spd|1
|
|-weather|Sandstorm|[upkeep]
|upkeep
|-end|p2a: Tyranitar|Dynamax
|-heal|p2a: Tyranitar|6/100|[silent]
|turn|21
|
|t:|1657815738
|move|p1a: Necrozma|Sunsteel Strike|p2a: Tyranitar
|-supereffective|p2a: Tyranitar
|-crit|p2a: Tyranitar
|-damage|p2a: Tyranitar|0 fnt
|faint|p2a: Tyranitar
|
|-weather|none
|upkeep
|
|t:|1657815744
|switch|p2a: Giratina|Giratina-Origin, shiny|65/100
|turn|22
|
|t:|1657815747
|move|p2a: Giratina|Shadow Force||[still]
|-prepare|p2a: Giratina|Shadow Force
|move|p1a: Necrozma|Morning Sun|p1a: Necrozma
|-heal|p1a: Necrozma|94/100
|
|upkeep
|turn|23
|
|t:|1657815753
|move|p2a: Giratina|Shadow Force|p1a: Necrozma|[from]lockedmove
|-supereffective|p1a: Necrozma
|-damage|p1a: Necrozma|30/100
|-damage|p2a: Giratina|48/100|[from] item: Rocky Helmet|[of] p1a: Necrozma
|move|p1a: Necrozma|Thunder Wave|p2a: Giratina
|-status|p2a: Giratina|par
|
|upkeep
|turn|24
|
|t:|1657815757
|move|p1a: Necrozma|Morning Sun|p1a: Necrozma
|-heal|p1a: Necrozma|80/100
|cant|p2a: Giratina|par
|
|upkeep
|turn|25
|
|t:|1657815761
|move|p1a: Necrozma|Sunsteel Strike|p2a: Giratina
|-damage|p2a: Giratina|15/100 par
|move|p2a: Giratina|Will-O-Wisp|p1a: Necrozma
|-status|p1a: Necrozma|brn
|
|-damage|p1a: Necrozma|74/100 brn|[from] brn
|upkeep
|turn|26
|
|t:|1657815767
|move|p1a: Necrozma|Sunsteel Strike|p2a: Giratina
|-damage|p2a: Giratina|0 fnt
|faint|p2a: Giratina
|
|-damage|p1a: Necrozma|68/100 brn|[from] brn
|upkeep
|
|t:|1657815769
|switch|p2a: Greninja|Greninja, M|100/100
|turn|27
|
|t:|1657815775
|move|p2a: Greninja|Dark Pulse|p1a: Necrozma
|-supereffective|p1a: Necrozma
|-damage|p1a: Necrozma|0 fnt
|faint|p1a: Necrozma
|-activate|p2a: Greninja|ability: Battle Bond
|detailschange|p2a: Greninja|Greninja-Ash, M
|
|upkeep
|
|t:|1657815779
|switch|p1a: Marshadow|Marshadow|68/100
|turn|28
|
|t:|1657815782
|switch|p2a: Zapdos|Zapdos|56/100
|move|p1a: Marshadow|Close Combat|p2a: Zapdos
|-resisted|p2a: Zapdos
|-damage|p2a: Zapdos|33/100
|-unboost|p1a: Marshadow|def|1
|-unboost|p1a: Marshadow|spd|1
|-damage|p1a: Marshadow|51/100|[from] item: Rocky Helmet|[of] p2a: Zapdos
|-status|p1a: Marshadow|par|[from] ability: Static|[of] p2a: Zapdos
|
|upkeep
|turn|29
|
|t:|1657815788
|move|p2a: Zapdos|Roost|p2a: Zapdos
|-heal|p2a: Zapdos|83/100
|-singleturn|p2a: Zapdos|move: Roost
|move|p1a: Marshadow|Close Combat|p2a: Zapdos
|-damage|p2a: Zapdos|40/100
|-unboost|p1a: Marshadow|def|1
|-unboost|p1a: Marshadow|spd|1
|-damage|p1a: Marshadow|35/100 par|[from] item: Rocky Helmet|[of] p2a: Zapdos
|
|upkeep
|turn|30
|-message|dividing by 0 forfeited.
|
|win|Sinnoh Athens 420
|raw|dividing by 0's rating: 1656 &rarr; <strong>1635</strong><br />(-21 for losing)
|raw|Sinnoh Athens 420's rating: 1631 &rarr; <strong>1652</strong><br />(+21 for winning)
|l|☆dividing by 0
||Ladder isn't responding, score probably updated but might not have (Request timeout).
