|j|☆RacerTo500
|j|☆llmmllmm
|t:|1664512520
|gametype|singles
|player|p1|RacerTo500|red|
|player|p2|llmmllmm|170|
|teamsize|p1|6
|teamsize|p2|6
|gen|8
|tier|[Gen 8] National Dex AG
|rule|HP Percentage Mod: HP is shown in percentages
|rule|Endless Battle Clause: Forcing endless battles is banned
|clearpoke
|poke|p1|Regieleki|
|poke|p1|Zygarde|
|poke|p1|Arceus-*|
|poke|p1|Rayquaza|
|poke|p1|Necrozma-Dusk-Mane|
|poke|p1|Ho-Oh|
|poke|p2|Arceus-*|
|poke|p2|Giratina|
|poke|p2|Chansey, F|
|poke|p2|Lugia|
|poke|p2|Sableye, F|
|poke|p2|Quagsire, F|
|teampreview
|inactive|Battle timer is ON: inactive players will automatically lose when time's up. (requested by RacerTo500)
|c|☆llmmllmm|wait
|c|☆llmmllmm|which one are you
|c|☆llmmllmm|help
|c|☆llmmllmm|are aer you robe
|inactive|RacerTo500 has 270 seconds left.
|c|☆llmmllmm|ROBER
|j| ihateDread
|inactive|RacerTo500 has 240 seconds left.
|c| ihateDread|no it's avik
|inactive|RacerTo500 has 210 seconds left.
|
|t:|1664512615
|start
|switch|p1a: Rayquaza|Rayquaza|100/100
|switch|p2a: Sableye|Sableye, F|100/100
|-ability|p1a: Rayquaza|Air Lock
|turn|1
|
|t:|1664512634
|detailschange|p1a: Rayquaza|Rayquaza-Mega
|-mega|p1a: Rayquaza|Rayquaza|
|-weather|DeltaStream|[from] ability: Delta Stream|[of] p1a: Rayquaza
|detailschange|p2a: Sableye|Sableye-Mega, F
|-mega|p2a: Sableye|Sableye|Sablenite
|move|p2a: Sableye|Fake Out|p1a: Rayquaza
|-damage|p1a: Rayquaza|92/100
|cant|p1a: Rayquaza|flinch
|
|-weather|DeltaStream|[upkeep]
|upkeep
|turn|2
|c|☆llmmllmm|no way
|c|☆RacerTo500|hi im avik
|inactive|RacerTo500 has 270 seconds left.
|
|t:|1664512650
|switch|p2a: Lugia|Lugia|100/100
|move|p1a: Rayquaza|Dragon Ascent|p2a: Lugia
|-damage|p2a: Lugia|79/100
|-unboost|p1a: Rayquaza|def|1
|-unboost|p1a: Rayquaza|spd|1
|
|-weather|DeltaStream|[upkeep]
|upkeep
|turn|3
|inactive|RacerTo500 has 270 seconds left.
|c|☆llmmllmm|sua?
|
|t:|1664512664
|-weather|none
|switch|p1a: Regieleki|Regieleki|100/100
|move|p2a: Lugia|Thunder Wave|p1a: Regieleki
|-immune|p1a: Regieleki
|
|upkeep
|turn|4
|
|t:|1664512673
|switch|p1a: Rayquaza|Rayquaza-Mega|92/100
|-weather|DeltaStream|[from] ability: Delta Stream|[of] p1a: Rayquaza
|switch|p2a: Quagsire|Quagsire, F|100/100
|
|-weather|DeltaStream|[upkeep]
|upkeep
|turn|5
|
|t:|1664512681
|switch|p2a: Giratina|Giratina|100/100
|-ability|p2a: Giratina|Pressure
|move|p1a: Rayquaza|Dragon Ascent|p2a: Giratina
|-damage|p2a: Giratina|59/100
|-unboost|p1a: Rayquaza|def|1
|-unboost|p1a: Rayquaza|spd|1
|
|-weather|DeltaStream|[upkeep]
|-heal|p2a: Giratina|66/100|[from] item: Leftovers
|upkeep
|turn|6
|
|t:|1664512686
|move|p1a: Rayquaza|Scale Shot|p2a: Giratina
|-supereffective|p2a: Giratina
|-damage|p2a: Giratina|49/100
|-supereffective|p2a: Giratina
|-damage|p2a: Giratina|31/100
|-hitcount|p2a: Giratina|2
|-unboost|p1a: Rayquaza|def|1
|-boost|p1a: Rayquaza|spe|1
|move|p2a: Giratina|Toxic|p1a: Rayquaza
|-status|p1a: Rayquaza|tox
|
|-weather|DeltaStream|[upkeep]
|-heal|p2a: Giratina|37/100|[from] item: Leftovers
|-damage|p1a: Rayquaza|86/100 tox|[from] psn
|upkeep
|turn|7
|c|☆RacerTo500|ok buddy
|inactive|llmmllmm has 270 seconds left.
|c|☆llmmllmm|uh
|
|t:|1664512729
|switch|p2a: Quagsire|Quagsire, F|100/100
|move|p1a: Rayquaza|Dragon Ascent|p2a: Quagsire
|-damage|p2a: Quagsire|45/100
|-unboost|p1a: Rayquaza|def|1
|-unboost|p1a: Rayquaza|spd|1
|-damage|p1a: Rayquaza|69/100 tox|[from] item: Rocky Helmet|[of] p2a: Quagsire
|
|-weather|DeltaStream|[upkeep]
|-damage|p1a: Rayquaza|57/100 tox|[from] psn
|upkeep
|turn|8
|inactive|RacerTo500 has 270 seconds left.
|inactive|llmmllmm has 240 seconds left.
|
|t:|1664512763
|switch|p2a: Arceus|Arceus-Dark|100/100
|move|p1a: Rayquaza|Dragon Ascent|p2a: Arceus
|-damage|p2a: Arceus|52/100
|-unboost|p1a: Rayquaza|def|1
|-unboost|p1a: Rayquaza|spd|1
|
|-weather|DeltaStream|[upkeep]
|-damage|p1a: Rayquaza|40/100 tox|[from] psn
|upkeep
|turn|9
|c|☆RacerTo500|sui
|inactive|RacerTo500 has 270 seconds left.
|
|t:|1664512777
|move|p1a: Rayquaza|V-create|p2a: Arceus
|-damage|p2a: Arceus|7/100
|-unboost|p1a: Rayquaza|spe|1
|-unboost|p1a: Rayquaza|def|1
|-unboost|p1a: Rayquaza|spd|1
|move|p2a: Arceus|Recover|p2a: Arceus
|-heal|p2a: Arceus|57/100
|
|-weather|DeltaStream|[upkeep]
|-damage|p1a: Rayquaza|16/100 tox|[from] psn
|upkeep
|turn|10
|inactive|RacerTo500 has 270 seconds left.
|
|t:|1664512795
|-weather|none
|switch|p1a: Regieleki|Regieleki|100/100
|move|p2a: Arceus|Recover|p2a: Arceus
|-heal|p2a: Arceus|100/100
|
|upkeep
|turn|11
|
|t:|1664512801
|switch|p1a: Arceus|Arceus-Electric|100/100
|move|p2a: Arceus|Judgment|p1a: Arceus
|-damage|p1a: Arceus|69/100
|
|upkeep
|turn|12
|c|☆RacerTo500|bout
|
|t:|1664512819
|switch|p2a: Chansey|Chansey, F|100/100
|move|p1a: Arceus|Calm Mind|p1a: Arceus
|-boost|p1a: Arceus|spa|1
|-boost|p1a: Arceus|spd|1
|
|upkeep
|turn|13
|c|☆llmmllmm|you make me depressed
|
|t:|1664512827
|switch|p1a: Necrozma|Necrozma-Dusk-Mane|100/100
|move|p2a: Chansey|Toxic|p1a: Necrozma
|-immune|p1a: Necrozma
|
|upkeep
|turn|14
|
|t:|1664512836
|switch|p1a: Regieleki|Regieleki|100/100
|switch|p2a: Sableye|Sableye-Mega, F|100/100
|
|upkeep
|turn|15
|
|t:|1664512840
|switch|p1a: Necrozma|Necrozma-Dusk-Mane|100/100
|move|p2a: Sableye|Fake Out|p1a: Necrozma
|-resisted|p1a: Necrozma
|-damage|p1a: Necrozma|98/100
|-damage|p2a: Sableye|84/100|[from] item: Rocky Helmet|[of] p1a: Necrozma
|
|upkeep
|turn|16
|
|t:|1664512847
|switch|p1a: Ho-Oh|Ho-Oh|100/100
|switch|p2a: Quagsire|Quagsire, F|45/100
|
|upkeep
|turn|17
|
|t:|1664512856
|switch|p1a: Necrozma|Necrozma-Dusk-Mane|98/100
|move|p2a: Quagsire|Recover|p2a: Quagsire
|-heal|p2a: Quagsire|95/100
|
|upkeep
|turn|18
|inactive|llmmllmm has 270 seconds left.
|
|t:|1664512892
|switch|p2a: Giratina|Giratina|37/100
|-ability|p2a: Giratina|Pressure
|move|p1a: Necrozma|Knock Off|p2a: Giratina
|-supereffective|p2a: Giratina
|-damage|p2a: Giratina|8/100
|-enditem|p2a: Giratina|Leftovers|[from] move: Knock Off|[of] p1a: Necrozma
|
|upkeep
|turn|19
|
|t:|1664512898
|move|p2a: Giratina|Rest|p2a: Giratina
|-status|p2a: Giratina|slp|[from] move: Rest
|-heal|p2a: Giratina|100/100 slp|[silent]
|move|p1a: Necrozma|Knock Off|p2a: Giratina
|-supereffective|p2a: Giratina
|-damage|p2a: Giratina|79/100 slp
|
|upkeep
|turn|20
|c|☆llmmllmm|grr
|c|☆RacerTo500|fu
|c|☆RacerTo500|anger
|
|t:|1664512907
|switch|p2a: Lugia|Lugia|79/100
|move|p1a: Necrozma|Knock Off|p2a: Lugia
|-supereffective|p2a: Lugia
|-damage|p2a: Lugia|44/100
|-enditem|p2a: Lugia|Heavy-Duty Boots|[from] move: Knock Off|[of] p1a: Necrozma
|
|upkeep
|turn|21
|c|☆RacerTo500|ANGER
|
|t:|1664512914
|move|p2a: Lugia|Roost|p2a: Lugia
|-heal|p2a: Lugia|94/100
|-singleturn|p2a: Lugia|move: Roost
|move|p1a: Necrozma|Stealth Rock|p2a: Lugia
|-sidestart|p2: llmmllmm|move: Stealth Rock
|
|upkeep
|turn|22
|
|t:|1664512921
|switch|p1a: Regieleki|Regieleki|100/100
|move|p2a: Lugia|Thunder Wave|p1a: Regieleki
|-immune|p1a: Regieleki
|
|upkeep
|turn|23
|c|☆llmmllmm|fh
|
|t:|1664512928
|switch|p1a: Rayquaza|Rayquaza-Mega|16/100 tox
|-weather|DeltaStream|[from] ability: Delta Stream|[of] p1a: Rayquaza
|switch|p2a: Giratina|Giratina|79/100 slp
|-damage|p2a: Giratina|67/100 slp|[from] Stealth Rock
|-ability|p2a: Giratina|Pressure
|
|-weather|DeltaStream|[upkeep]
|-damage|p1a: Rayquaza|10/100 tox|[from] psn
|upkeep
|turn|24
|inactive|llmmllmm has 270 seconds left.
|
|t:|1664512970
|move|p1a: Rayquaza|Dragon Ascent|p2a: Giratina
|-damage|p2a: Giratina|28/100 slp
|-unboost|p1a: Rayquaza|def|1
|-unboost|p1a: Rayquaza|spd|1
|cant|p2a: Giratina|slp
|
|-weather|DeltaStream|[upkeep]
|-damage|p1a: Rayquaza|0 fnt|[from] psn
|faint|p1a: Rayquaza
|-weather|none
|upkeep
|inactive|RacerTo500 has 270 seconds left.
|c|☆llmmllmm|nope
|inactive|RacerTo500 has 240 seconds left.
|inactive|RacerTo500 has 210 seconds left.
|inactive|RacerTo500 has 180 seconds left.
|
|t:|1664513104
|switch|p1a: Arceus|Arceus-Electric|69/100
|turn|25
|inactive|llmmllmm has 270 seconds left.
|
|t:|1664513111
|move|p1a: Arceus|Ice Beam|p2a: Giratina
|-supereffective|p2a: Giratina
|-damage|p2a: Giratina|3/100 slp
|cant|p2a: Giratina|slp
|
|upkeep
|turn|26
|inactive|llmmllmm has 270 seconds left.
|
|t:|1664513123
|switch|p2a: Sableye|Sableye-Mega, F|84/100
|-damage|p2a: Sableye|72/100|[from] Stealth Rock
|move|p1a: Arceus|Ice Beam|p2a: Sableye
|-damage|p2a: Sableye|49/100
|
|upkeep
|turn|27
|
|t:|1664513130
|switch|p1a: Ho-Oh|Ho-Oh|100/100
|move|p2a: Sableye|Recover|p2a: Sableye
|-heal|p2a: Sableye|99/100
|
|upkeep
|turn|28
|
|t:|1664513135
|move|p1a: Ho-Oh|Sacred Fire|p2a: Sableye
|-damage|p2a: Sableye|70/100
|move|p2a: Sableye|Toxic|p1a: Ho-Oh
|-status|p1a: Ho-Oh|tox
|
|-damage|p1a: Ho-Oh|94/100 tox|[from] psn
|upkeep
|turn|29
|
|t:|1664513146
|switch|p2a: Lugia|Lugia|94/100
|-damage|p2a: Lugia|69/100|[from] Stealth Rock
|move|p1a: Ho-Oh|Sacred Fire|p2a: Lugia
|-damage|p2a: Lugia|46/100
|
|-damage|p1a: Ho-Oh|82/100 tox|[from] psn
|upkeep
|turn|30
|inactive|RacerTo500 has 210 seconds left.
|c|☆llmmllmm|rude kid
|l| ihateDread
|
|t:|1664513162
|move|p2a: Lugia|Roost|p2a: Lugia
|-heal|p2a: Lugia|96/100
|-singleturn|p2a: Lugia|move: Roost
|move|p1a: Ho-Oh|Thunder Wave|p2a: Lugia
|-status|p2a: Lugia|par
|
|-damage|p1a: Ho-Oh|64/100 tox|[from] psn
|upkeep
|turn|31
|
|t:|1664513178
|switch|p1a: Regieleki|Regieleki|100/100
|move|p2a: Lugia|Roost|p2a: Lugia
|-heal|p2a: Lugia|100/100 par
|-singleturn|p2a: Lugia|move: Roost
|
|upkeep
|turn|32
|c|☆llmmllmm|why don't i have defog
|
|t:|1664513187
|move|p1a: Regieleki|Volt Switch|p2a: Lugia
|-supereffective|p2a: Lugia
|-damage|p2a: Lugia|60/100 par
|
|t:|1664513190
|switch|p1a: Arceus|Arceus-Electric|69/100|[from]move: Volt Switch
|move|p2a: Lugia|Toxic|p1a: Arceus
|-status|p1a: Arceus|tox
|
|-damage|p1a: Arceus|63/100 tox|[from] psn
|upkeep
|turn|33
|
|t:|1664513196
|switch|p2a: Chansey|Chansey, F|100/100
|-damage|p2a: Chansey|88/100|[from] Stealth Rock
|move|p1a: Arceus|Ice Beam|p2a: Chansey
|-damage|p2a: Chansey|82/100
|
|-damage|p1a: Arceus|50/100 tox|[from] psn
|upkeep
|turn|34
|
|t:|1664513202
|move|p1a: Arceus|Recover|p1a: Arceus
|-heal|p1a: Arceus|100/100 tox
|move|p2a: Chansey|Teleport|p2a: Chansey
|
|t:|1664513208
|switch|p2a: Arceus|Arceus-Dark|100/100|[from]move: Teleport
|-damage|p2a: Arceus|88/100|[from] Stealth Rock
|
|-damage|p1a: Arceus|82/100 tox|[from] psn
|upkeep
|turn|35
|
|t:|1664513214
|switch|p1a: Ho-Oh|Ho-Oh|98/100 tox
|move|p2a: Arceus|Judgment|p1a: Ho-Oh
|-damage|p1a: Ho-Oh|77/100 tox
|
|-damage|p1a: Ho-Oh|71/100 tox|[from] psn
|upkeep
|turn|36
|
|t:|1664513223
|switch|p2a: Quagsire|Quagsire, F|95/100
|-damage|p2a: Quagsire|89/100|[from] Stealth Rock
|move|p1a: Ho-Oh|Thunder Wave|p2a: Quagsire
|-immune|p2a: Quagsire
|
|-damage|p1a: Ho-Oh|59/100 tox|[from] psn
|upkeep
|turn|37
|
|t:|1664513233
|switch|p1a: Zygarde|Zygarde|100/100
|move|p2a: Quagsire|Toxic|p1a: Zygarde
|-status|p1a: Zygarde|tox
|
|-damage|p1a: Zygarde|94/100 tox|[from] psn
|upkeep
|turn|38
|
|t:|1664513241
|move|p1a: Zygarde|Coil|p1a: Zygarde
|-boost|p1a: Zygarde|atk|1
|-boost|p1a: Zygarde|def|1
|-boost|p1a: Zygarde|accuracy|1
|move|p2a: Quagsire|Earthquake|p1a: Zygarde
|-damage|p1a: Zygarde|73/100 tox
|
|-heal|p1a: Zygarde|80/100 tox|[from] item: Leftovers
|-damage|p1a: Zygarde|67/100 tox|[from] psn
|upkeep
|turn|39
|inactive|RacerTo500 has 270 seconds left.
|
|t:|1664513247
|move|p1a: Zygarde|Rest|p1a: Zygarde
|-status|p1a: Zygarde|slp|[from] move: Rest
|-heal|p1a: Zygarde|100/100 slp|[silent]
|move|p2a: Quagsire|Haze|p2a: Quagsire
|-clearallboost
|
|upkeep
|turn|40
|inactive|RacerTo500 has 270 seconds left.
|c|☆llmmllmm|???
|
|t:|1664513261
|switch|p2a: Arceus|Arceus-Dark|88/100
|-damage|p2a: Arceus|76/100|[from] Stealth Rock
|cant|p1a: Zygarde|slp
|
|upkeep
|turn|41
|c|☆RacerTo500|taking this to 500 turns
|c|☆RacerTo500|cope
|c|☆llmmllmm|no
|
|t:|1664513271
|move|p2a: Arceus|Whirlpool|p1a: Zygarde
|-damage|p1a: Zygarde|94/100 slp
|-activate|p1a: Zygarde|move: Whirlpool|[of] p2a: Arceus
|cant|p1a: Zygarde|slp
|
|-heal|p1a: Zygarde|100/100 slp|[from] item: Leftovers
|-damage|p1a: Zygarde|88/100 slp|[from] move: Whirlpool|[partiallytrapped]
|upkeep
|turn|42
|c|☆llmmllmm|no
|
|t:|1664513278
|move|p2a: Arceus|Perish Song|p2a: Arceus
|-start|p1a: Zygarde|perish3|[silent]
|-start|p2a: Arceus|perish3|[silent]
|-fieldactivate|move: Perish Song
|-curestatus|p1a: Zygarde|slp|[msg]
|move|p1a: Zygarde|Coil|p1a: Zygarde
|-boost|p1a: Zygarde|atk|1
|-boost|p1a: Zygarde|def|1
|-boost|p1a: Zygarde|accuracy|1
|
|-heal|p1a: Zygarde|94/100|[from] item: Leftovers
|-damage|p1a: Zygarde|82/100|[from] move: Whirlpool|[partiallytrapped]
|-start|p2a: Arceus|perish3
|-start|p1a: Zygarde|perish3
|upkeep
|turn|43
|
|t:|1664513284
|move|p2a: Arceus|Recover|p2a: Arceus
|-heal|p2a: Arceus|100/100
|move|p1a: Zygarde|Coil|p1a: Zygarde
|-boost|p1a: Zygarde|atk|1
|-boost|p1a: Zygarde|def|1
|-boost|p1a: Zygarde|accuracy|1
|
|-heal|p1a: Zygarde|88/100|[from] item: Leftovers
|-damage|p1a: Zygarde|76/100|[from] move: Whirlpool|[partiallytrapped]
|-start|p2a: Arceus|perish2
|-start|p1a: Zygarde|perish2
|upkeep
|turn|44
|c|☆llmmllmm|no....
|
|t:|1664513299
|move|p2a: Arceus|Judgment|p1a: Zygarde
|-damage|p1a: Zygarde|44/100
|move|p1a: Zygarde|Thousand Arrows|p2a: Arceus
|-damage|p2a: Arceus|67/100
|
|-heal|p1a: Zygarde|50/100|[from] item: Leftovers
|-damage|p1a: Zygarde|38/100|[from] move: Whirlpool|[partiallytrapped]
|-start|p2a: Arceus|perish1
|-start|p1a: Zygarde|perish1
|-activate|p1a: Zygarde|ability: Power Construct
|detailschange|p1a: Zygarde|Zygarde-Complete
|-heal|p1a: Zygarde|59/100|[silent]
|upkeep
|turn|45
|
|t:|1664513304
|switch|p2a: Quagsire|Quagsire, F|89/100
|-damage|p2a: Quagsire|82/100|[from] Stealth Rock
|move|p1a: Zygarde|Thousand Arrows|p2a: Quagsire
|-damage|p2a: Quagsire|62/100
|
|-heal|p1a: Zygarde|65/100|[from] item: Leftovers
|-end|p1a: Zygarde|Whirlpool|[partiallytrapped]|[silent]
|-start|p1a: Zygarde|perish0
|faint|p1a: Zygarde
|upkeep
|c|☆llmmllmm|quagr
|
|t:|1664513310
|switch|p1a: Necrozma|Necrozma-Dusk-Mane|98/100
|turn|46
|c|☆RacerTo500|time stalling rq
|
|t:|1664513318
|switch|p2a: Arceus|Arceus-Dark|67/100
|-damage|p2a: Arceus|54/100|[from] Stealth Rock
|move|p1a: Necrozma|Knock Off|p2a: Arceus
|-resisted|p2a: Arceus
|-damage|p2a: Arceus|48/100
|
|upkeep
|turn|47
|c|☆llmmllmm|we quaggin
|c|☆llmmllmm|???
|inactive|RacerTo500 has 270 seconds left.
|inactive|RacerTo500 has 240 seconds left.
|
|t:|1664513394
|switch|p1a: Regieleki|Regieleki|100/100
|move|p2a: Arceus|Recover|p2a: Arceus
|-heal|p2a: Arceus|98/100
|
|upkeep
|turn|48
|
|t:|1664513410
|switch|p1a: Arceus|Arceus-Electric|82/100 tox
|move|p2a: Arceus|Judgment|p1a: Arceus
|-damage|p1a: Arceus|48/100 tox
|
|-damage|p1a: Arceus|42/100 tox|[from] psn
|upkeep
|turn|49
|
|t:|1664513417
|move|p1a: Arceus|Recover|p1a: Arceus
|-heal|p1a: Arceus|92/100 tox
|move|p2a: Arceus|Judgment|p1a: Arceus
|-damage|p1a: Arceus|62/100 tox
|
|-damage|p1a: Arceus|50/100 tox|[from] psn
|upkeep
|turn|50
|
|t:|1664513421
|switch|p1a: Ho-Oh|Ho-Oh|93/100 tox
|move|p2a: Arceus|Whirlpool|p1a: Ho-Oh
|-supereffective|p1a: Ho-Oh
|-damage|p1a: Ho-Oh|83/100 tox
|-activate|p1a: Ho-Oh|move: Whirlpool|[of] p2a: Arceus
|
|-damage|p1a: Ho-Oh|77/100 tox|[from] psn
|-damage|p1a: Ho-Oh|65/100 tox|[from] move: Whirlpool|[partiallytrapped]
|upkeep
|turn|51
|
|t:|1664513447
|switch|p2a: Quagsire|Quagsire, F|62/100
|-damage|p2a: Quagsire|55/100|[from] Stealth Rock
|move|p1a: Ho-Oh|Whirlwind|p2a: Quagsire
|drag|p2a: Lugia|Lugia|60/100 par
|-damage|p2a: Lugia|35/100 par|[from] Stealth Rock
|
|-damage|p1a: Ho-Oh|53/100 tox|[from] psn
|-end|p1a: Ho-Oh|Whirlpool|[partiallytrapped]|[silent]
|upkeep
|turn|52
|
|t:|1664513457
|switch|p1a: Arceus|Arceus-Electric|50/100 tox
|cant|p2a: Lugia|par
|
|-damage|p1a: Arceus|44/100 tox|[from] psn
|upkeep
|turn|53
|
|t:|1664513467
|switch|p2a: Chansey|Chansey, F|82/100
|-damage|p2a: Chansey|70/100|[from] Stealth Rock
|move|p1a: Arceus|Recover|p1a: Arceus
|-heal|p1a: Arceus|94/100 tox
|
|-damage|p1a: Arceus|81/100 tox|[from] psn
|upkeep
|turn|54
|
|t:|1664513474
|switch|p1a: Ho-Oh|Ho-Oh|86/100 tox
|move|p2a: Chansey|Soft-Boiled|p2a: Chansey
|-heal|p2a: Chansey|100/100
|
|-damage|p1a: Ho-Oh|80/100 tox|[from] psn
|upkeep
|turn|55
|
|t:|1664513483
|move|p1a: Ho-Oh|Whirlwind|p2a: Chansey
|drag|p2a: Giratina|Giratina|3/100 slp
|-damage|p2a: Giratina|0 fnt|[from] Stealth Rock
|faint|p2a: Giratina
|
|-damage|p1a: Ho-Oh|68/100 tox|[from] psn
|upkeep
|c|☆llmmllmm|np
|c|☆llmmllmm|wait
|c|☆llmmllmm|where's my defog
|
|t:|1664513506
|switch|p2a: Sableye|Sableye-Mega, F|70/100
|-damage|p2a: Sableye|57/100|[from] Stealth Rock
|turn|56
|
|t:|1664513513
|switch|p1a: Arceus|Arceus-Electric|81/100 tox
|move|p2a: Sableye|Recover|p2a: Sableye
|-heal|p2a: Sableye|100/100
|
|-damage|p1a: Arceus|75/100 tox|[from] psn
|upkeep
|turn|57
|
|t:|1664513534
|switch|p1a: Regieleki|Regieleki|100/100
|switch|p2a: Chansey|Chansey, F|100/100
|-damage|p2a: Chansey|88/100|[from] Stealth Rock
|
|upkeep
|turn|58
|
|t:|1664513540
|move|p1a: Regieleki|Volt Switch|p2a: Chansey
|-damage|p2a: Chansey|68/100
|
|t:|1664513543
|switch|p1a: Ho-Oh|Ho-Oh|100/100 tox|[from]move: Volt Switch
|move|p2a: Chansey|Toxic|p1a: Ho-Oh
|-fail|p1a: Ho-Oh|tox
|
|-damage|p1a: Ho-Oh|94/100 tox|[from] psn
|upkeep
|turn|59
|
|t:|1664513554
|switch|p2a: Quagsire|Quagsire, F|55/100
|-damage|p2a: Quagsire|49/100|[from] Stealth Rock
|move|p1a: Ho-Oh|Whirlwind|p2a: Quagsire
|drag|p2a: Sableye|Sableye-Mega, F|100/100
|-damage|p2a: Sableye|88/100|[from] Stealth Rock
|
|-damage|p1a: Ho-Oh|82/100 tox|[from] psn
|upkeep
|turn|60
|
|t:|1664513562
|move|p2a: Sableye|Fake Out|p1a: Ho-Oh
|-damage|p1a: Ho-Oh|75/100 tox
|cant|p1a: Ho-Oh|flinch
|
|-damage|p1a: Ho-Oh|57/100 tox|[from] psn
|upkeep
|turn|61
|
|t:|1664513578
|switch|p1a: Necrozma|Necrozma-Dusk-Mane|98/100
|move|p2a: Sableye|Foul Play|p1a: Necrozma
|-supereffective|p1a: Necrozma
|-damage|p1a: Necrozma|60/100
|-damage|p2a: Sableye|72/100|[from] item: Rocky Helmet|[of] p1a: Necrozma
|
|upkeep
|turn|62
|
|t:|1664513585
|switch|p1a: Arceus|Arceus-Electric|75/100 tox
|move|p2a: Sableye|Foul Play|p1a: Arceus
|-damage|p1a: Arceus|55/100 tox
|
|-damage|p1a: Arceus|49/100 tox|[from] psn
|upkeep
|turn|63
|
|t:|1664513588
|move|p1a: Arceus|Recover|p1a: Arceus
|-heal|p1a: Arceus|99/100 tox
|move|p2a: Sableye|Foul Play|p1a: Arceus
|-damage|p1a: Arceus|78/100 tox
|
|-damage|p1a: Arceus|66/100 tox|[from] psn
|upkeep
|turn|64
|inactive|llmmllmm has 270 seconds left.
|
|t:|1664513624
|switch|p1a: Regieleki|Regieleki|100/100
|move|p2a: Sableye|Foul Play|p1a: Regieleki
|-damage|p1a: Regieleki|44/100
|
|upkeep
|turn|65
|inactive|llmmllmm has 270 seconds left.
|
|t:|1664513635
|switch|p1a: Arceus|Arceus-Electric|66/100 tox
|move|p2a: Sableye|Recover|p2a: Sableye
|-heal|p2a: Sableye|100/100
|
|-damage|p1a: Arceus|60/100 tox|[from] psn
|upkeep
|turn|66
|
|t:|1664513640
|move|p2a: Sableye|Fake Out||[still]
|-hint|Fake Out only works on your first turn out.
|-fail|p2a: Sableye
|move|p1a: Arceus|Calm Mind|p1a: Arceus
|-boost|p1a: Arceus|spa|1
|-boost|p1a: Arceus|spd|1
|
|-damage|p1a: Arceus|48/100 tox|[from] psn
|upkeep
|turn|67
|c|☆llmmllmm|WHOOPS
|
|t:|1664513647
|switch|p2a: Quagsire|Quagsire, F|49/100
|-damage|p2a: Quagsire|43/100|[from] Stealth Rock
|move|p1a: Arceus|Recover|p1a: Arceus
|-heal|p1a: Arceus|98/100 tox
|
|-damage|p1a: Arceus|80/100 tox|[from] psn
|upkeep
|turn|68
|
|t:|1664513650
|move|p1a: Arceus|Ice Beam|p2a: Quagsire
|-damage|p2a: Quagsire|15/100
|move|p2a: Quagsire|Recover|p2a: Quagsire
|-heal|p2a: Quagsire|65/100
|
|-damage|p1a: Arceus|55/100 tox|[from] psn
|upkeep
|turn|69
|
|t:|1664513654
|move|p1a: Arceus|Ice Beam|p2a: Quagsire
|-damage|p2a: Quagsire|35/100
|move|p2a: Quagsire|Recover|p2a: Quagsire
|-heal|p2a: Quagsire|85/100
|
|-damage|p1a: Arceus|25/100 tox|[from] psn
|upkeep
|turn|70
|
|t:|1664513661
|switch|p1a: Ho-Oh|Ho-Oh|90/100 tox
|move|p2a: Quagsire|Earthquake|p1a: Ho-Oh
|-immune|p1a: Ho-Oh
|
|-damage|p1a: Ho-Oh|84/100 tox|[from] psn
|upkeep
|turn|71
|c|☆llmmllmm|hooh
|c|☆llmmllmm|simul;ator
|c|☆RacerTo500|nope im gonna time stall
|c|☆llmmllmm|simulatior
|c|☆llmmllmm|stop
|c|☆llmmllmm|sotp
|c|☆llmmllmm|please
|c|☆llmmllmm|stop
|c|☆llmmllmm|it's not even ladder
|inactive|RacerTo500 has 270 seconds left.
|c|☆RacerTo500|nope byebye
|c|☆llmmllmm|oof 1800 player
|c|☆llmmllmm|help me bert
|c|☆RacerTo500|forfit fr
|inactive|RacerTo500 has 240 seconds left.
|c|☆llmmllmm|help me
|c|☆llmmllmm|then
|
|t:|1664513751
|switch|p1a: Necrozma|Necrozma-Dusk-Mane|60/100
|move|p2a: Quagsire|Haze|p2a: Quagsire
|-clearallboost
|
|upkeep
|turn|72
|inactive|RacerTo500 has 210 seconds left.
|inactive|RacerTo500 has 180 seconds left.
|
|t:|1664513804
|switch|p2a: Arceus|Arceus-Dark|98/100
|-damage|p2a: Arceus|86/100|[from] Stealth Rock
|move|p1a: Necrozma|Moonlight|p1a: Necrozma
|-heal|p1a: Necrozma|100/100
|
|upkeep
|turn|73
|inactive|RacerTo500 has 180 seconds left.
|
|t:|1664513817
|switch|p1a: Ho-Oh|Ho-Oh|100/100 tox
|move|p2a: Arceus|Whirlpool|p1a: Ho-Oh
|-supereffective|p1a: Ho-Oh
|-damage|p1a: Ho-Oh|92/100 tox
|-activate|p1a: Ho-Oh|move: Whirlpool|[of] p2a: Arceus
|
|-damage|p1a: Ho-Oh|86/100 tox|[from] psn
|-damage|p1a: Ho-Oh|74/100 tox|[from] move: Whirlpool|[partiallytrapped]
|upkeep
|turn|74
|
|t:|1664513825
|move|p2a: Arceus|Perish Song|p2a: Arceus
|-start|p1a: Ho-Oh|perish3|[silent]
|-start|p2a: Arceus|perish3|[silent]
|-fieldactivate|move: Perish Song
|move|p1a: Ho-Oh|Whirlwind|p2a: Arceus
|drag|p2a: Lugia|Lugia|35/100 par
|-damage|p2a: Lugia|10/100 par|[from] Stealth Rock
|
|-damage|p1a: Ho-Oh|61/100 tox|[from] psn
|-end|p1a: Ho-Oh|Whirlpool|[partiallytrapped]|[silent]
|-start|p1a: Ho-Oh|perish3
|upkeep
|turn|75
|c|☆llmmllmm|oh right
|
|t:|1664513832
|switch|p1a: Necrozma|Necrozma-Dusk-Mane|100/100
|move|p2a: Lugia|Roost|p2a: Lugia
|-heal|p2a: Lugia|60/100 par
|-singleturn|p2a: Lugia|move: Roost
|
|upkeep
|turn|76
|c|☆llmmllmm|i forgot
|
|t:|1664513840
|switch|p1a: Regieleki|Regieleki|44/100
|move|p2a: Lugia|Roost|p2a: Lugia
|-heal|p2a: Lugia|100/100 par
|-singleturn|p2a: Lugia|move: Roost
|
|upkeep
|turn|77
|
|t:|1664513846
|move|p1a: Regieleki|Volt Switch|p2a: Lugia
|-supereffective|p2a: Lugia
|-damage|p2a: Lugia|56/100 par
|
|t:|1664513851
|switch|p1a: Necrozma|Necrozma-Dusk-Mane|100/100|[from]move: Volt Switch
|cant|p2a: Lugia|par
|
|upkeep
|turn|78
|inactive|RacerTo500 has 210 seconds left.
|
|t:|1664513870
|switch|p1a: Regieleki|Regieleki|44/100
|cant|p2a: Lugia|par
|
|upkeep
|turn|79
|c|☆llmmllmm|bro
|inactive|RacerTo500 has 210 seconds left.
|
|t:|1664513892
|switch|p2a: Quagsire|Quagsire, F|85/100
|-damage|p2a: Quagsire|79/100|[from] Stealth Rock
|move|p1a: Regieleki|Volt Switch|p2a: Quagsire
|-immune|p2a: Quagsire
|
|upkeep
|turn|80
|c|☆RacerTo500|stop with the quag
|
|t:|1664513908
|switch|p1a: Necrozma|Necrozma-Dusk-Mane|100/100
|switch|p2a: Arceus|Arceus-Dark|86/100
|-damage|p2a: Arceus|74/100|[from] Stealth Rock
|
|upkeep
|turn|81
|c|☆RacerTo500|taking this to 500 turns
|c|☆llmmllmm|i love quag
|
|t:|1664513925
|switch|p1a: Ho-Oh|Ho-Oh|95/100 tox
|move|p2a: Arceus|Whirlpool|p1a: Ho-Oh
|-supereffective|p1a: Ho-Oh
|-damage|p1a: Ho-Oh|85/100 tox
|-activate|p1a: Ho-Oh|move: Whirlpool|[of] p2a: Arceus
|
|-damage|p1a: Ho-Oh|79/100 tox|[from] psn
|-damage|p1a: Ho-Oh|67/100 tox|[from] move: Whirlpool|[partiallytrapped]
|upkeep
|turn|82
|c|☆llmmllmm|makes me quaggo
|
|t:|1664513931
|move|p2a: Arceus|Judgment|p1a: Ho-Oh
|-damage|p1a: Ho-Oh|44/100 tox
|move|p1a: Ho-Oh|Whirlwind|p2a: Arceus
|drag|p2a: Sableye|Sableye-Mega, F|100/100
|-damage|p2a: Sableye|88/100|[from] Stealth Rock
|
|-damage|p1a: Ho-Oh|32/100 tox|[from] psn
|-end|p1a: Ho-Oh|Whirlpool|[partiallytrapped]|[silent]
|upkeep
|turn|83
|
|t:|1664513936
|switch|p1a: Necrozma|Necrozma-Dusk-Mane|100/100
|move|p2a: Sableye|Fake Out|p1a: Necrozma
|-resisted|p1a: Necrozma
|-damage|p1a: Necrozma|98/100
|-damage|p2a: Sableye|72/100|[from] item: Rocky Helmet|[of] p1a: Necrozma
|
|upkeep
|turn|84
|
|t:|1664513963
|move|p1a: Necrozma|Sunsteel Strike|p2a: Sableye
|-damage|p2a: Sableye|39/100
|move|p2a: Sableye|Recover|p2a: Sableye
|-heal|p2a: Sableye|89/100
|
|upkeep
|turn|85
|inactive|RacerTo500 has 240 seconds left.
|inactive|llmmllmm has 270 seconds left.
|
|t:|1664514000
|switch|p1a: Ho-Oh|Ho-Oh|66/100 tox
|switch|p2a: Arceus|Arceus-Dark|74/100
|-damage|p2a: Arceus|61/100|[from] Stealth Rock
|
|-damage|p1a: Ho-Oh|60/100 tox|[from] psn
|upkeep
|turn|86
|inactive|RacerTo500 has 240 seconds left.
|
|t:|1664514021
|switch|p2a: Sableye|Sableye-Mega, F|89/100
|-damage|p2a: Sableye|76/100|[from] Stealth Rock
|switch|p1a: Arceus|Arceus-Electric|25/100 tox
|
|-damage|p1a: Arceus|19/100 tox|[from] psn
|upkeep
|turn|87
|
|t:|1664514033
|switch|p1a: Necrozma|Necrozma-Dusk-Mane|98/100
|move|p2a: Sableye|Foul Play|p1a: Necrozma
|-supereffective|p1a: Necrozma
|-damage|p1a: Necrozma|62/100
|-damage|p2a: Sableye|60/100|[from] item: Rocky Helmet|[of] p1a: Necrozma
|
|upkeep
|turn|88
|inactive|RacerTo500 has 240 seconds left.
|c|☆llmmllmm|leave me and my family
|
|t:|1664514040
|move|p1a: Necrozma|Moonlight|p1a: Necrozma
|-heal|p1a: Necrozma|100/100
|move|p2a: Sableye|Foul Play|p1a: Necrozma
|-supereffective|p1a: Necrozma
|-damage|p1a: Necrozma|64/100
|-damage|p2a: Sableye|43/100|[from] item: Rocky Helmet|[of] p1a: Necrozma
|
|upkeep
|turn|89
|c|☆llmmllmm|alone
|
|t:|1664514050
|move|p1a: Necrozma|Sunsteel Strike|p2a: Sableye
|-damage|p2a: Sableye|10/100
|move|p2a: Sableye|Recover|p2a: Sableye
|-heal|p2a: Sableye|60/100
|
|upkeep
|turn|90
|
|t:|1664514053
|move|p1a: Necrozma|Knock Off|p2a: Sableye
|-damage|p2a: Sableye|43/100
|move|p2a: Sableye|Recover|p2a: Sableye
|-heal|p2a: Sableye|93/100
|
|upkeep
|turn|91
|
|t:|1664514059
|switch|p1a: Ho-Oh|Ho-Oh|93/100 tox
|move|p2a: Sableye|Toxic|p1a: Ho-Oh
|-fail|p1a: Ho-Oh|tox
|
|-damage|p1a: Ho-Oh|87/100 tox|[from] psn
|upkeep
|turn|92
|inactive|RacerTo500 has 270 seconds left.
|
|t:|1664514065
|switch|p1a: Necrozma|Necrozma-Dusk-Mane|64/100
|switch|p2a: Lugia|Lugia|56/100 par
|-damage|p2a: Lugia|31/100 par|[from] Stealth Rock
|
|upkeep
|turn|93
|c|☆llmmllmm|zheng kai ni de da yian jing
|c|☆RacerTo500|nvm gtg
|inactive|RacerTo500 has 270 seconds left.
|c|☆llmmllmm|L
|
|t:|1664514078
|move|p1a: Necrozma|Moonlight|p1a: Necrozma
|-heal|p1a: Necrozma|100/100
|move|p2a: Lugia|Roost|p2a: Lugia
|-heal|p2a: Lugia|81/100 par
|-singleturn|p2a: Lugia|move: Roost
|
|upkeep
|turn|94
|
|t:|1664514086
|switch|p1a: Ho-Oh|Ho-Oh|100/100 tox
|move|p2a: Lugia|Whirlwind|p1a: Ho-Oh
|drag|p1a: Necrozma|Necrozma-Dusk-Mane|100/100
|
|upkeep
|turn|95
|c|☆RacerTo500|k fien
|c|☆llmmllmm|bad
|c|☆RacerTo500|not leaving
|c|☆llmmllmm|bro
|
|t:|1664514094
|switch|p1a: Ho-Oh|Ho-Oh|100/100 tox
|cant|p2a: Lugia|par
|
|-damage|p1a: Ho-Oh|94/100 tox|[from] psn
|upkeep
|turn|96
|c|☆llmmllmm|bro
|
|t:|1664514100
|move|p2a: Lugia|Roost|p2a: Lugia
|-heal|p2a: Lugia|100/100 par
|-singleturn|p2a: Lugia|move: Roost
|move|p1a: Ho-Oh|Whirlwind|p2a: Lugia
|drag|p2a: Chansey|Chansey, F|68/100
|-damage|p2a: Chansey|56/100|[from] Stealth Rock
|
|-damage|p1a: Ho-Oh|82/100 tox|[from] psn
|upkeep
|turn|97
|c|☆llmmllmm|im faster
|
|t:|1664514110
|move|p1a: Ho-Oh|Sacred Fire|p2a: Chansey
|-damage|p2a: Chansey|20/100
|move|p2a: Chansey|Soft-Boiled|p2a: Chansey
|-heal|p2a: Chansey|70/100
|
|-damage|p1a: Ho-Oh|64/100 tox|[from] psn
|upkeep
|turn|98
|c|☆llmmllmm|wut
|
|t:|1664514114
|move|p1a: Ho-Oh|Sacred Fire|p2a: Chansey
|-damage|p2a: Chansey|38/100
|-status|p2a: Chansey|brn
|move|p2a: Chansey|Soft-Boiled|p2a: Chansey
|-heal|p2a: Chansey|88/100 brn
|
|-damage|p1a: Ho-Oh|40/100 tox|[from] psn
|-damage|p2a: Chansey|82/100 brn|[from] brn
|upkeep
|turn|99
|
|t:|1664514121
|switch|p1a: Necrozma|Necrozma-Dusk-Mane|100/100
|-curestatus|p2a: Chansey|brn|[from] ability: Natural Cure
|switch|p2a: Quagsire|Quagsire, F|79/100
|-damage|p2a: Quagsire|73/100|[from] Stealth Rock
|
|upkeep
|turn|100
|
|t:|1664514128
|move|p1a: Necrozma|Knock Off|p2a: Quagsire
|-damage|p2a: Quagsire|51/100
|-damage|p1a: Necrozma|84/100|[from] item: Rocky Helmet|[of] p2a: Quagsire
|-enditem|p2a: Quagsire|Rocky Helmet|[from] move: Knock Off|[of] p1a: Necrozma
|move|p2a: Quagsire|Earthquake|p1a: Necrozma
|-supereffective|p1a: Necrozma
|-damage|p1a: Necrozma|58/100
|
|upkeep
|turn|101
|
|t:|1664514132
|move|p1a: Necrozma|Moonlight|p1a: Necrozma
|-heal|p1a: Necrozma|100/100
|move|p2a: Quagsire|Recover|p2a: Quagsire
|-heal|p2a: Quagsire|100/100
|
|upkeep
|turn|102
|c|☆llmmllmm|oh noes
|c|☆llmmllmm|my rocky
|c|☆llmmllmm|helment
|c|☆llmmllmm|:(
|c|☆llmmllmm|you make my quagger sad
|c|☆llmmllmm|go
|c|☆llmmllmm|go
|c|☆llmmllmm|go
|c|☆llmmllmm|go
|c|☆llmmllmm|go
|inactive|RacerTo500 has 270 seconds left.
|c|☆llmmllmm|so i can go back to watching anime
|c|☆llmmllmm|wait
|c|☆llmmllmm|i just got a great idea
|c|☆llmmllmm|i can watch anime
|c|☆llmmllmm|and play this game
|c|☆llmmllmm|at the same time!!!
|inactive|RacerTo500 has 240 seconds left.
|inactive|RacerTo500 has 210 seconds left.
|inactive|RacerTo500 has 180 seconds left.
|
|t:|1664514266
|switch|p1a: Ho-Oh|Ho-Oh|74/100 tox
|switch|p2a: Sableye|Sableye-Mega, F|93/100
|-damage|p2a: Sableye|81/100|[from] Stealth Rock
|
|-damage|p1a: Ho-Oh|67/100 tox|[from] psn
|upkeep
|turn|103
|
|t:|1664514279
|switch|p1a: Necrozma|Necrozma-Dusk-Mane|100/100
|move|p2a: Sableye|Foul Play|p1a: Necrozma
|-supereffective|p1a: Necrozma
|-damage|p1a: Necrozma|63/100
|-damage|p2a: Sableye|64/100|[from] item: Rocky Helmet|[of] p1a: Necrozma
|
|upkeep
|turn|104
|c|☆llmmllmm|woah
|c|☆llmmllmm|i love this game
|c|☆llmmllmm|give me pp
|inactive|RacerTo500 has 150 seconds left.
|c|☆RacerTo500|ok time stalling
|
|t:|1664514317
|move|p1a: Necrozma|Sunsteel Strike|p2a: Sableye
|-damage|p2a: Sableye|30/100
|move|p2a: Sableye|Foul Play|p1a: Necrozma
|-supereffective|p1a: Necrozma
|-damage|p1a: Necrozma|23/100
|-damage|p2a: Sableye|14/100|[from] item: Rocky Helmet|[of] p1a: Necrozma
|
|upkeep
|turn|105
|c|☆llmmllmm|oh shit
|c|☆llmmllmm|i messed up
|
|t:|1664514340
|switch|p2a: Quagsire|Quagsire, F|100/100
|-damage|p2a: Quagsire|94/100|[from] Stealth Rock
|move|p1a: Necrozma|Knock Off|p2a: Quagsire
|-damage|p2a: Quagsire|80/100
|
|upkeep
|turn|106
|
|t:|1664514347
|move|p1a: Necrozma|Moonlight|p1a: Necrozma
|-heal|p1a: Necrozma|73/100
|move|p2a: Quagsire|Earthquake|p1a: Necrozma
|-supereffective|p1a: Necrozma
|-damage|p1a: Necrozma|49/100
|
|upkeep
|turn|107
|
|t:|1664514350
|move|p1a: Necrozma|Moonlight|p1a: Necrozma
|-heal|p1a: Necrozma|99/100
|move|p2a: Quagsire|Earthquake|p1a: Necrozma
|-supereffective|p1a: Necrozma
|-damage|p1a: Necrozma|75/100
|
|upkeep
|turn|108
|
|t:|1664514353
|switch|p1a: Ho-Oh|Ho-Oh|100/100 tox
|move|p2a: Quagsire|Earthquake|p1a: Ho-Oh
|-immune|p1a: Ho-Oh
|
|-damage|p1a: Ho-Oh|94/100 tox|[from] psn
|upkeep
|turn|109
|c|☆llmmllmm|i don't feel so good
|inactive|RacerTo500 has 180 seconds left.
|
|t:|1664514376
|move|p1a: Ho-Oh|Sacred Fire|p2a: Quagsire
|-resisted|p2a: Quagsire
|-damage|p2a: Quagsire|64/100
|-status|p2a: Quagsire|brn
|move|p2a: Quagsire|Recover|p2a: Quagsire
|-heal|p2a: Quagsire|100/100 brn
|
|-damage|p1a: Ho-Oh|82/100 tox|[from] psn
|-damage|p2a: Quagsire|94/100 brn|[from] brn
|upkeep
|turn|110
|
|t:|1664514388
|switch|p1a: Necrozma|Necrozma-Dusk-Mane|75/100
|move|p2a: Quagsire|Haze|p2a: Quagsire
|-clearallboost
|
|-damage|p2a: Quagsire|88/100 brn|[from] brn
|upkeep
|turn|111
|inactive|RacerTo500 has 180 seconds left.
|
|t:|1664514395
|switch|p2a: Arceus|Arceus-Dark|61/100
|-damage|p2a: Arceus|49/100|[from] Stealth Rock
|move|p1a: Necrozma|Knock Off|p2a: Arceus
|-resisted|p2a: Arceus
|-damage|p2a: Arceus|43/100
|
|upkeep
|turn|112
|c|☆llmmllmm|you
|c|☆llmmllmm|you
|
|t:|1664514402
|switch|p1a: Arceus|Arceus-Electric|19/100 tox
|move|p2a: Arceus|Recover|p2a: Arceus
|-heal|p2a: Arceus|93/100
|
|-damage|p1a: Arceus|13/100 tox|[from] psn
|upkeep
|turn|113
|c|☆llmmllmm|you burned me
|
|t:|1664514406
|move|p1a: Arceus|Recover|p1a: Arceus
|-heal|p1a: Arceus|63/100 tox
|move|p2a: Arceus|Judgment|p1a: Arceus
|-damage|p1a: Arceus|29/100 tox
|
|-damage|p1a: Arceus|17/100 tox|[from] psn
|upkeep
|turn|114
|
|t:|1664514410
|switch|p1a: Ho-Oh|Ho-Oh|100/100 tox
|move|p2a: Arceus|Whirlpool|p1a: Ho-Oh
|-supereffective|p1a: Ho-Oh
|-damage|p1a: Ho-Oh|92/100 tox
|-activate|p1a: Ho-Oh|move: Whirlpool|[of] p2a: Arceus
|
|-damage|p1a: Ho-Oh|86/100 tox|[from] psn
|-damage|p1a: Ho-Oh|74/100 tox|[from] move: Whirlpool|[partiallytrapped]
|upkeep
|turn|115
|
|t:|1664514419
|move|p2a: Arceus|Whirlpool|p1a: Ho-Oh
|-supereffective|p1a: Ho-Oh
|-crit|p1a: Ho-Oh
|-damage|p1a: Ho-Oh|60/100 tox
|move|p1a: Ho-Oh|Whirlwind|p2a: Arceus
|drag|p2a: Quagsire|Quagsire, F|88/100 brn
|-damage|p2a: Quagsire|82/100 brn|[from] Stealth Rock
|
|-damage|p1a: Ho-Oh|48/100 tox|[from] psn
|-damage|p2a: Quagsire|76/100 brn|[from] brn
|-end|p1a: Ho-Oh|Whirlpool|[partiallytrapped]|[silent]
|upkeep
|turn|116
|
|t:|1664514425
|switch|p1a: Arceus|Arceus-Electric|17/100 tox
|switch|p2a: Arceus|Arceus-Dark|93/100
|-damage|p2a: Arceus|81/100|[from] Stealth Rock
|
|-damage|p1a: Arceus|11/100 tox|[from] psn
|upkeep
|turn|117
|
|t:|1664514431
|move|p1a: Arceus|Judgment|p2a: Arceus
|-damage|p2a: Arceus|47/100
|move|p2a: Arceus|Whirlpool|p1a: Arceus
|-crit|p1a: Arceus
|-damage|p1a: Arceus|2/100 tox
|-activate|p1a: Arceus|move: Whirlpool|[of] p2a: Arceus
|
|-damage|p1a: Arceus|0 fnt|[from] psn
|faint|p1a: Arceus
|upkeep
|
|t:|1664514434
|switch|p1a: Regieleki|Regieleki|44/100
|turn|118
|
|t:|1664514449
|switch|p2a: Quagsire|Quagsire, F|76/100 brn
|-damage|p2a: Quagsire|70/100 brn|[from] Stealth Rock
|-start|p1a: Regieleki|Dynamax|
|-heal|p1a: Regieleki|44/100|[silent]
|move|p1a: Regieleki|Max Strike|p2a: Quagsire
|-damage|p2a: Quagsire|52/100 brn
|-unboost|p2a: Quagsire|spe|1
|
|-damage|p2a: Quagsire|46/100 brn|[from] brn
|upkeep
|turn|119
|
|t:|1664514462
|-end|p1a: Regieleki|Dynamax
|-heal|p1a: Regieleki|44/100|[silent]
|switch|p1a: Ho-Oh|Ho-Oh|82/100 tox
|move|p2a: Quagsire|Recover|p2a: Quagsire
|-heal|p2a: Quagsire|96/100 brn
|
|-damage|p1a: Ho-Oh|76/100 tox|[from] psn
|-damage|p2a: Quagsire|90/100 brn|[from] brn
|upkeep
|turn|120
|
|t:|1664514470
|switch|p2a: Arceus|Arceus-Dark|47/100
|-damage|p2a: Arceus|35/100|[from] Stealth Rock
|move|p1a: Ho-Oh|Whirlwind|p2a: Arceus
|drag|p2a: Sableye|Sableye-Mega, F|14/100
|-damage|p2a: Sableye|1/100|[from] Stealth Rock
|
|-damage|p1a: Ho-Oh|64/100 tox|[from] psn
|upkeep
|turn|121
|
|t:|1664514474
|move|p1a: Ho-Oh|Sacred Fire|p2a: Sableye
|-damage|p2a: Sableye|0 fnt
|faint|p2a: Sableye
|
|-damage|p1a: Ho-Oh|46/100 tox|[from] psn
|upkeep
|c|☆llmmllmm|non
|
|t:|1664514481
|switch|p2a: Arceus|Arceus-Dark|35/100
|-damage|p2a: Arceus|23/100|[from] Stealth Rock
|turn|122
|c|☆llmmllmm|not quite
|
|t:|1664514492
|switch|p1a: Regieleki|Regieleki|44/100
|-start|p2a: Arceus|Dynamax|
|-heal|p2a: Arceus|23/100|[silent]
|move|p2a: Arceus|Max Geyser|p1a: Regieleki
|-damage|p1a: Regieleki|0 fnt
|-weather|RainDance
|faint|p1a: Regieleki
|
|-weather|RainDance|[upkeep]
|upkeep
|c|☆llmmllmm|good
|
|t:|1664514500
|switch|p1a: Ho-Oh|Ho-Oh|79/100 tox
|turn|123
|
|t:|1664514504
|move|p2a: Arceus|Max Geyser|p1a: Ho-Oh
|-supereffective|p1a: Ho-Oh
|-damage|p1a: Ho-Oh|49/100 tox
|move|p1a: Ho-Oh|Thunder Wave|p2a: Arceus
|-status|p2a: Arceus|par
|
|-weather|RainDance|[upkeep]
|-damage|p1a: Ho-Oh|43/100 tox|[from] psn
|upkeep
|turn|124
|
|t:|1664514511
|switch|p1a: Necrozma|Necrozma-Dusk-Mane|75/100
|move|p2a: Arceus|Max Darkness|p1a: Necrozma
|-supereffective|p1a: Necrozma
|-damage|p1a: Necrozma|0 fnt
|faint|p1a: Necrozma
|
|-weather|RainDance|[upkeep]
|upkeep
|c|☆llmmllmm|mf
|
|t:|1664514514
|switch|p1a: Ho-Oh|Ho-Oh|77/100 tox
|-end|p2a: Arceus|Dynamax
|-heal|p2a: Arceus|23/100 par|[silent]
|turn|125
|inactive|RacerTo500 has 270 seconds left.
|c|☆llmmllmm|mf
|inactive|RacerTo500 has 240 seconds left.
|c|☆RacerTo500|ok
|c|☆RacerTo500|fite me again
|c|☆RacerTo500|im using a regieleki team lmao
|-message|RacerTo500 forfeited.
|
|win|llmmllmm
|l|☆RacerTo500
|c|☆llmmllmm|bad
