|j|☆dexagon
|j|☆KokoroSenpai
|t:|1667312751
|gametype|singles
|player|p1|dexagon|mira|1571
|player|p2|KokoroSenpai|caitlin|1623
|teamsize|p1|6
|teamsize|p2|6
|gen|8
|tier|[Gen 8] National Dex AG
|rated|
|rule|HP Percentage Mod: HP is shown in percentages
|rule|Endless Battle Clause: Forcing endless battles is banned
|clearpoke
|poke|p1|Rayquaza|
|poke|p1|Zacian-*|
|poke|p1|Calyrex-Shadow|
|poke|p1|Guzzlord|
|poke|p1|Darmanitan-Galar, M|
|poke|p1|Arceus-*|
|poke|p2|Necrozma-Dusk-Mane|
|poke|p2|Arceus-*|
|poke|p2|Giratina|
|poke|p2|Chansey, F|
|poke|p2|Quagsire, F|
|poke|p2|Tyranitar, F|
|teampreview
|inactive|Battle timer is ON: inactive players will automatically lose when time's up. (requested by KokoroSenpai)
|
|t:|1667312761
|start
|switch|p1a: Garp|Darmanitan-Galar, M|100/100
|switch|p2a: Necrozma|Necrozma-Dusk-Mane|100/100
|turn|1
|
|t:|1667312768
|move|p1a: Garp|U-turn|p2a: Necrozma
|-damage|p2a: Necrozma|67/100
|
|t:|1667312786
|switch|p1a: Blackbeard|Guzzlord|100/100|[from]move: U-turn
|move|p2a: Necrozma|Sunsteel Strike|p1a: Blackbeard
|-damage|p1a: Blackbeard|63/100
|
|-heal|p1a: Blackbeard|69/100|[from] item: Leftovers
|upkeep
|turn|2
|
|t:|1667312795
|switch|p2a: Arceus|Arceus-Water|100/100
|move|p1a: Blackbeard|Knock Off|p2a: Arceus
|-damage|p2a: Arceus|87/100
|
|-heal|p1a: Blackbeard|75/100|[from] item: Leftovers
|upkeep
|turn|3
|
|t:|1667312818
|switch|p1a: Shanks|Zacian-Crowned|100/100
|-ability|p1a: Shanks|Intrepid Sword|boost
|-boost|p1a: Shanks|atk|1
|move|p2a: Arceus|Calm Mind|p2a: Arceus
|-boost|p2a: Arceus|spa|1
|-boost|p2a: Arceus|spd|1
|
|upkeep
|turn|4
|
|t:|1667312824
|move|p1a: Shanks|Play Rough|p2a: Arceus
|-damage|p2a: Arceus|43/100
|move|p2a: Arceus|Judgment|p1a: Shanks
|-damage|p1a: Shanks|29/100
|
|upkeep
|turn|5
|
|t:|1667312832
|move|p1a: Shanks|Play Rough|p2a: Arceus|[miss]
|-miss|p1a: Shanks|p2a: Arceus
|move|p2a: Arceus|Recover|p2a: Arceus
|-heal|p2a: Arceus|93/100
|
|upkeep
|turn|6
|
|t:|1667312835
|move|p1a: Shanks|Play Rough|p2a: Arceus|[miss]
|-miss|p1a: Shanks|p2a: Arceus
|move|p2a: Arceus|Calm Mind|p2a: Arceus
|-boost|p2a: Arceus|spa|1
|-boost|p2a: Arceus|spd|1
|
|upkeep
|turn|7
|
|t:|1667312840
|move|p1a: Shanks|Play Rough|p2a: Arceus
|-damage|p2a: Arceus|50/100
|move|p2a: Arceus|Calm Mind|p2a: Arceus
|-boost|p2a: Arceus|spa|1
|-boost|p2a: Arceus|spd|1
|
|upkeep
|turn|8
|
|t:|1667312845
|move|p1a: Shanks|Play Rough|p2a: Arceus
|-damage|p2a: Arceus|6/100
|move|p2a: Arceus|Recover|p2a: Arceus
|-heal|p2a: Arceus|56/100
|
|upkeep
|turn|9
|
|t:|1667312851
|move|p1a: Shanks|Play Rough|p2a: Arceus|[miss]
|-miss|p1a: Shanks|p2a: Arceus
|move|p2a: Arceus|Recover|p2a: Arceus
|-heal|p2a: Arceus|100/100
|
|upkeep
|turn|10
|
|t:|1667312857
|move|p1a: Shanks|Play Rough|p2a: Arceus|[miss]
|-miss|p1a: Shanks|p2a: Arceus
|move|p2a: Arceus|Judgment|p1a: Shanks
|-damage|p1a: Shanks|0 fnt
|faint|p1a: Shanks
|
|upkeep
|
|t:|1667312867
|switch|p1a: Sengoku|Arceus-Flying, shiny|100/100
|turn|11
|
|t:|1667312871
|-start|p2a: Arceus|Dynamax|
|-heal|p2a: Arceus|100/100|[silent]
|move|p2a: Arceus|Max Geyser|p1a: Sengoku
|-damage|p1a: Sengoku|0 fnt
|-weather|RainDance
|faint|p1a: Sengoku
|
|-weather|RainDance|[upkeep]
|upkeep
|
|t:|1667312877
|switch|p1a: Kaido|Rayquaza|100/100
|-ability|p1a: Kaido|Air Lock
|turn|12
|
|t:|1667312881
|detailschange|p1a: Kaido|Rayquaza-Mega
|-mega|p1a: Kaido|Rayquaza|
|-weather|DeltaStream|[from] ability: Delta Stream|[of] p1a: Kaido
|move|p1a: Kaido|Dragon Ascent|p2a: Arceus
|-damage|p2a: Arceus|76/100
|-unboost|p1a: Kaido|def|1
|-unboost|p1a: Kaido|spd|1
|-damage|p1a: Kaido|91/100|[from] item: Life Orb
|move|p2a: Arceus|Max Geyser|p1a: Kaido
|-resisted|p1a: Kaido
|-damage|p1a: Kaido|0 fnt
|-weather|RainDance
|faint|p1a: Kaido
|
|-weather|RainDance|[upkeep]
|upkeep
|-message|dexagon forfeited.
|
|win|KokoroSenpai
|raw|dexagon's rating: 1571 &rarr; <strong>1554</strong><br />(-17 for losing)
|raw|KokoroSenpai's rating: 1623 &rarr; <strong>1640</strong><br />(+17 for winning)
|l|☆dexagon
