|j|☆Naofumi_Bakugo_Jax
|j|☆Aayush_PkMn
|t:|1662813209
|gametype|singles
|player|p1|Naofumi_Bakugo_Jax|blue|1597
|player|p2|Aayush_PkMn|102|1584
|teamsize|p1|6
|teamsize|p2|6
|gen|8
|tier|[Gen 8] National Dex AG
|rated|
|rule|HP Percentage Mod: HP is shown in percentages
|rule|Endless Battle Clause: Forcing endless battles is banned
|clearpoke
|poke|p1|Zacian-*|
|poke|p1|Calyrex-Shadow|
|poke|p1|Yveltal|
|poke|p1|Arceus-*|
|poke|p1|Swampert, M|
|poke|p1|Kyogre|
|poke|p2|Arceus-*|
|poke|p2|Rayquaza|
|poke|p2|Calyrex-Shadow|
|poke|p2|Lugia|
|poke|p2|Yveltal|
|poke|p2|Ditto|
|teampreview
|inactive|Battle timer is ON: inactive players will automatically lose when time's up. (requested by Aayush_PkMn)
|j| Apprenti Buck
|inactive|Naofumi_Bakugo_Jax has 120 seconds left.
|
|t:|1662813264
|start
|switch|p1a: Calyrex|Calyrex-Shadow|100/100
|switch|p2a: Yveltal|Yveltal|100/100
|-ability|p1a: Calyrex|As One
|-ability|p1a: Calyrex|Unnerve
|-ability|p2a: Yveltal|Dark Aura
|turn|1
|
|t:|1662813269
|move|p1a: Calyrex|Nasty Plot|p1a: Calyrex
|-boost|p1a: Calyrex|spa|2
|move|p2a: Yveltal|Knock Off|p1a: Calyrex
|-supereffective|p1a: Calyrex
|-enditem|p1a: Calyrex|Focus Sash
|-damage|p1a: Calyrex|1/100
|-damage|p2a: Yveltal|91/100|[from] item: Life Orb
|
|upkeep
|turn|2
|
|t:|1662813281
|move|p2a: Yveltal|Sucker Punch||[still]
|-fail|p2a: Yveltal
|move|p1a: Calyrex|Baton Pass|p1a: Calyrex
|l| Apprenti Buck
|
|t:|1662813288
|switch|p1a: Yveltal|Yveltal, shiny|100/100|[from]move: Baton Pass
|-ability|p1a: Yveltal|Dark Aura
|
|upkeep
|turn|3
|
|t:|1662813313
|-start|p1a: Yveltal|Dynamax|
|-heal|p1a: Yveltal|100/100|[silent]
|-start|p2a: Yveltal|Dynamax|
|-heal|p2a: Yveltal|91/100|[silent]
|move|p2a: Yveltal|Max Airstream|p1a: Yveltal
|-damage|p1a: Yveltal|62/100
|-boost|p2a: Yveltal|spe|1
|-damage|p2a: Yveltal|86/100|[from] item: Life Orb
|move|p1a: Yveltal|Max Airstream|p2a: Yveltal
|-damage|p2a: Yveltal|19/100
|-boost|p1a: Yveltal|spe|1
|
|upkeep
|turn|4
|inactive|Aayush_PkMn has 120 seconds left.
|
|t:|1662813351
|move|p2a: Yveltal|Max Darkness|p1a: Yveltal
|-resisted|p1a: Yveltal
|-damage|p1a: Yveltal|39/100
|-unboost|p1a: Yveltal|spd|1
|-damage|p2a: Yveltal|14/100|[from] item: Life Orb
|move|p1a: Yveltal|Max Darkness|p2a: Yveltal
|-resisted|p2a: Yveltal
|-damage|p2a: Yveltal|0 fnt
|faint|p2a: Yveltal
|
|upkeep
|
|t:|1662813365
|switch|p2a: Lugia|Lugia|100/100
|turn|5
|
|t:|1662813370
|move|p1a: Yveltal|Max Darkness|p2a: Lugia
|-supereffective|p2a: Lugia
|-damage|p2a: Lugia|0 fnt
|faint|p2a: Lugia
|
|upkeep
|
|t:|1662813375
|switch|p2a: Rayquaza|Rayquaza|100/100
|-ability|p2a: Rayquaza|Air Lock
|-end|p1a: Yveltal|Dynamax
|-heal|p1a: Yveltal|39/100|[silent]
|turn|6
|
|t:|1662813386
|detailschange|p2a: Rayquaza|Rayquaza-Mega
|-mega|p2a: Rayquaza|Rayquaza|
|-weather|DeltaStream|[from] ability: Delta Stream|[of] p2a: Rayquaza
|move|p1a: Yveltal|Tailwind|p1a: Yveltal
|-sidestart|p1: Naofumi_Bakugo_Jax|move: Tailwind
|move|p2a: Rayquaza|Dragon Ascent|p1a: Yveltal
|-damage|p1a: Yveltal|0 fnt
|-unboost|p2a: Rayquaza|def|1
|-unboost|p2a: Rayquaza|spd|1
|faint|p1a: Yveltal
|
|-weather|DeltaStream|[upkeep]
|upkeep
|inactive|Naofumi_Bakugo_Jax has 120 seconds left.
|j| Apprenti Buck
|
|t:|1662813433
|switch|p1a: Arceus|Arceus|100/100
|turn|7
|
|t:|1662813448
|-weather|none
|switch|p2a: Arceus|Arceus-Water|100/100
|move|p1a: Arceus|Reflect|p1a: Arceus
|-sidestart|p1: Naofumi_Bakugo_Jax|Reflect
|
|upkeep
|turn|8
|inactive|Naofumi_Bakugo_Jax has 90 seconds left.
|
|t:|1662813478
|switch|p1a: Zacian|Zacian-Crowned|100/100
|-ability|p1a: Zacian|Intrepid Sword|boost
|-boost|p1a: Zacian|atk|1
|move|p2a: Arceus|Judgment|p1a: Zacian
|-damage|p1a: Zacian|65/100
|
|upkeep
|turn|9
|
|t:|1662813487
|move|p1a: Zacian|Wild Charge|p2a: Arceus
|-supereffective|p2a: Arceus
|-damage|p2a: Arceus|24/100
|-damage|p1a: Zacian|40/100|[from] Recoil
|move|p2a: Arceus|Judgment|p1a: Zacian
|-damage|p1a: Zacian|4/100
|
|-sideend|p1: Naofumi_Bakugo_Jax|move: Tailwind
|upkeep
|turn|10
|
|t:|1662813495
|move|p1a: Zacian|Behemoth Blade|p2a: Arceus
|-resisted|p2a: Arceus
|-damage|p2a: Arceus|0 fnt
|faint|p2a: Arceus
|
|upkeep
|
|t:|1662813500
|switch|p2a: Ditto|Ditto|100/100
|-transform|p2a: Ditto|p1a: Zacian|[from] ability: Imposter
|-ability|p2a: Ditto|Intrepid Sword|boost
|-boost|p2a: Ditto|atk|1
|turn|11
|
|t:|1662813522
|move|p2a: Ditto|Behemoth Blade|p1a: Zacian
|-damage|p1a: Zacian|0 fnt
|faint|p1a: Zacian
|
|upkeep
|inactive|Naofumi_Bakugo_Jax has 90 seconds left.
|
|t:|1662813560
|switch|p1a: Arceus|Arceus|100/100
|turn|12
|inactive|Aayush_PkMn has 120 seconds left.
|inactive|Aayush_PkMn has 90 seconds left.
|
|t:|1662813632
|move|p2a: Ditto|Behemoth Blade|p1a: Arceus
|-damage|p1a: Arceus|54/100
|move|p1a: Arceus|Tailwind|p1a: Arceus
|-sidestart|p1: Naofumi_Bakugo_Jax|move: Tailwind
|
|upkeep
|turn|13
|inactive|Naofumi_Bakugo_Jax has 60 seconds left.
|
|t:|1662813668
|switch|p1a: Swampert|Swampert, M|100/100
|move|p2a: Ditto|Behemoth Blade|p1a: Swampert
|-resisted|p1a: Swampert
|-damage|p1a: Swampert|65/100
|
|upkeep
|turn|14
|inactive|Aayush_PkMn has 90 seconds left.
|
|t:|1662813676
|switch|p2a: Rayquaza|Rayquaza-Mega|100/100
|-weather|DeltaStream|[from] ability: Delta Stream|[of] p2a: Rayquaza
|detailschange|p1a: Swampert|Swampert-Mega, M
|-mega|p1a: Swampert|Swampert|Swampertite
|move|p1a: Swampert|Earthquake|p2a: Rayquaza
|-immune|p2a: Rayquaza
|
|-weather|DeltaStream|[upkeep]
|-sideend|p1: Naofumi_Bakugo_Jax|Reflect
|upkeep
|turn|15
|inactive|Naofumi_Bakugo_Jax has 60 seconds left.
|inactive|Aayush_PkMn has 90 seconds left.
|
|t:|1662813703
|move|p2a: Rayquaza|Scale Shot|p1a: Swampert
|-damage|p1a: Swampert|49/100
|-damage|p1a: Swampert|34/100
|-damage|p1a: Swampert|20/100
|-hitcount|p1a: Swampert|3
|-unboost|p2a: Rayquaza|def|1
|-boost|p2a: Rayquaza|spe|1
|move|p1a: Swampert|Stealth Rock|p2a: Rayquaza
|-sidestart|p2: Aayush_PkMn|move: Stealth Rock
|
|-weather|DeltaStream|[upkeep]
|-sideend|p1: Naofumi_Bakugo_Jax|move: Tailwind
|upkeep
|turn|16
|
|t:|1662813712
|move|p2a: Rayquaza|Scale Shot|p1a: Swampert
|-damage|p1a: Swampert|5/100
|-damage|p1a: Swampert|0 fnt
|faint|p1a: Swampert
|-hitcount|p1: Swampert|2
|-unboost|p2a: Rayquaza|def|1
|-boost|p2a: Rayquaza|spe|1
|
|-weather|DeltaStream|[upkeep]
|upkeep
|
|t:|1662813725
|switch|p1a: Arceus|Arceus|54/100
|turn|17
|
|t:|1662813730
|-weather|none
|switch|p2a: Calyrex|Calyrex-Shadow|100/100
|-ability|p2a: Calyrex|As One
|-ability|p2a: Calyrex|Unnerve
|-damage|p2a: Calyrex|88/100|[from] Stealth Rock
|move|p1a: Arceus|Extreme Speed|p2a: Calyrex
|-immune|p2a: Calyrex
|
|upkeep
|turn|18
|
|t:|1662813743
|move|p2a: Calyrex|Draining Kiss|p1a: Arceus
|-damage|p1a: Arceus|41/100
|-heal|p2a: Calyrex|100/100|[from] drain|[of] p1a: Arceus
|move|p1a: Arceus|Tailwind|p1a: Arceus
|-sidestart|p1: Naofumi_Bakugo_Jax|move: Tailwind
|
|upkeep
|turn|19
|inactive|Naofumi_Bakugo_Jax has 60 seconds left.
|
|t:|1662813761
|switch|p1a: Kyogre|Kyogre|100/100
|-weather|RainDance|[from] ability: Drizzle|[of] p1a: Kyogre
|move|p2a: Calyrex|Agility|p2a: Calyrex
|-boost|p2a: Calyrex|spe|2
|
|-weather|RainDance|[upkeep]
|upkeep
|turn|20
|inactive|Aayush_PkMn has 120 seconds left.
|
|t:|1662813791
|move|p1a: Kyogre|Thunder Wave|p2a: Calyrex|[miss]
|-miss|p1a: Kyogre|p2a: Calyrex
|move|p2a: Calyrex|Astral Barrage|p1a: Kyogre
|-damage|p1a: Kyogre|48/100
|
|-weather|RainDance|[upkeep]
|upkeep
|turn|21
|inactive|Aayush_PkMn has 120 seconds left.
|
|t:|1662813801
|move|p1a: Kyogre|Thunder Wave|p2a: Calyrex
|-status|p2a: Calyrex|par
|cant|p2a: Calyrex|par
|
|-weather|RainDance|[upkeep]
|-sideend|p1: Naofumi_Bakugo_Jax|move: Tailwind
|upkeep
|turn|22
|inactive|Aayush_PkMn has 120 seconds left.
|
|t:|1662813814
|switch|p1a: Arceus|Arceus|41/100
|cant|p2a: Calyrex|par
|
|-weather|RainDance|[upkeep]
|upkeep
|turn|23
|
|t:|1662813819
|move|p2a: Calyrex|Calm Mind|p2a: Calyrex
|-boost|p2a: Calyrex|spa|1
|-boost|p2a: Calyrex|spd|1
|move|p1a: Arceus|Tailwind|p1a: Arceus
|-sidestart|p1: Naofumi_Bakugo_Jax|move: Tailwind
|
|-weather|none
|upkeep
|turn|24
|inactive|Naofumi_Bakugo_Jax has 60 seconds left.
|
|t:|1662813835
|switch|p1a: Kyogre|Kyogre|48/100
|-weather|RainDance|[from] ability: Drizzle|[of] p1a: Kyogre
|move|p2a: Calyrex|Agility|p2a: Calyrex
|-boost|p2a: Calyrex|spe|2
|
|-weather|RainDance|[upkeep]
|upkeep
|turn|25
|
|t:|1662813843
|move|p1a: Kyogre|Brine|p2a: Calyrex
|-damage|p2a: Calyrex|62/100 par
|move|p2a: Calyrex|Astral Barrage|p1a: Kyogre
|-damage|p1a: Kyogre|0 fnt
|faint|p1a: Kyogre
|-ability|p2a: Calyrex|Grim Neigh|boost
|-boost|p2a: Calyrex|spa|1
|
|-weather|RainDance|[upkeep]
|upkeep
|
|t:|1662813850
|switch|p1a: Calyrex|Calyrex-Shadow|1/100
|-ability|p1a: Calyrex|As One
|-ability|p1a: Calyrex|Unnerve
|turn|26
|
|t:|1662813868
|move|p1a: Calyrex|Astral Barrage|p2a: Calyrex
|-supereffective|p2a: Calyrex
|-damage|p2a: Calyrex|0 fnt
|faint|p2a: Calyrex
|-ability|p1a: Calyrex|Grim Neigh|boost
|-boost|p1a: Calyrex|spa|1
|
|-weather|RainDance|[upkeep]
|-sideend|p1: Naofumi_Bakugo_Jax|move: Tailwind
|upkeep
|
|t:|1662813873
|switch|p2a: Ditto|Ditto|100/100
|-damage|p2a: Ditto|88/100|[from] Stealth Rock
|-transform|p2a: Ditto|p1a: Calyrex|[from] ability: Imposter
|turn|27
|
|t:|1662813886
|switch|p1a: Arceus|Arceus|41/100
|move|p2a: Ditto|Astral Barrage|p1a: Arceus
|-immune|p1a: Arceus
|
|-weather|RainDance|[upkeep]
|upkeep
|turn|28
|inactive|Naofumi_Bakugo_Jax has 60 seconds left.
|
|t:|1662813914
|switch|p2a: Rayquaza|Rayquaza-Mega|100/100
|-damage|p2a: Rayquaza|76/100|[from] Stealth Rock
|-weather|DeltaStream|[from] ability: Delta Stream|[of] p2a: Rayquaza
|move|p1a: Arceus|Tailwind|p1a: Arceus
|-sidestart|p1: Naofumi_Bakugo_Jax|move: Tailwind
|
|-weather|DeltaStream|[upkeep]
|upkeep
|turn|29
|
|t:|1662813924
|move|p1a: Arceus|Extreme Speed|p2a: Rayquaza
|-damage|p2a: Rayquaza|34/100
|move|p2a: Rayquaza|Dragon Ascent|p1a: Arceus
|-damage|p1a: Arceus|0 fnt
|-unboost|p2a: Rayquaza|def|1
|-unboost|p2a: Rayquaza|spd|1
|faint|p1a: Arceus
|
|-weather|DeltaStream|[upkeep]
|upkeep
|
|t:|1662813934
|switch|p1a: Calyrex|Calyrex-Shadow|1/100
|-ability|p1a: Calyrex|As One
|-ability|p1a: Calyrex|Unnerve
|turn|30
|
|t:|1662813938
|move|p1a: Calyrex|Astral Barrage|p2a: Rayquaza
|-damage|p2a: Rayquaza|0 fnt
|faint|p2a: Rayquaza
|-weather|none
|-ability|p1a: Calyrex|Grim Neigh|boost
|-boost|p1a: Calyrex|spa|1
|
|upkeep
|
|t:|1662813943
|switch|p2a: Ditto|Ditto|88/100
|-damage|p2a: Ditto|76/100|[from] Stealth Rock
|-transform|p2a: Ditto|p1a: Calyrex|[from] ability: Imposter
|turn|31
|
|t:|1662813949
|move|p1a: Calyrex|Astral Barrage|p2a: Ditto
|-supereffective|p2a: Ditto
|-damage|p2a: Ditto|0 fnt
|faint|p2a: Ditto
|
|win|Naofumi_Bakugo_Jax
|raw|Naofumi_Bakugo_Jax's rating: 1597 &rarr; <strong>1616</strong><br />(+19 for winning)
|raw|Aayush_PkMn's rating: 1584 &rarr; <strong>1565</strong><br />(-19 for losing)
|l|☆Aayush_PkMn
||Ladder isn't responding, score probably updated but might not have (Request timeout).
