|j|☆xLeonisx
|j|☆Glass101
|t:|1654661418
|gametype|singles
|player|p1|xLeonisx|2|1796
|player|p2|Glass101|rocketgrunt|1650
|teamsize|p1|6
|teamsize|p2|6
|gen|8
|tier|[Gen 8] National Dex AG
|rated|
|rule|HP Percentage Mod: HP is shown in percentages
|rule|Endless Battle Clause: Forcing endless battles is banned
|clearpoke
|poke|p1|Deoxys-Speed|
|poke|p1|Ditto|
|poke|p1|Kyogre|
|poke|p1|Calyrex-Shadow|
|poke|p1|Lugia|
|poke|p1|Zacian-*|
|poke|p2|Zacian-*|
|poke|p2|Groudon|
|poke|p2|Yveltal|
|poke|p2|Shedinja|
|poke|p2|Kangaskhan, F|
|poke|p2|Arceus-*|
|teampreview
|inactive|Battle timer is ON: inactive players will automatically lose when time's up. (requested by xLeonisx)
|
|t:|1654661425
|start
|switch|p1a: Lugia|Lugia|100/100
|switch|p2a: Kangaskhan|Kangaskhan, F|100/100
|turn|1
|
|t:|1654661435
|detailschange|p2a: Kangaskhan|Kangaskhan-Mega, F
|-mega|p2a: Kangaskhan|Kangaskhan|Kangaskhanite
|move|p2a: Kangaskhan|Fake Out|p1a: Lugia
|-damage|p1a: Lugia|94/100
|-damage|p1a: Lugia|90/100
|-hitcount|p1a: Lugia|2
|cant|p1a: Lugia|flinch
|
|upkeep
|turn|2
|
|t:|1654661444
|move|p1a: Lugia|Toxic|p2a: Kangaskhan
|-status|p2a: Kangaskhan|tox
|move|p2a: Kangaskhan|Seismic Toss|p1a: Lugia
|-damage|p1a: Lugia|66/100
|-damage|p1a: Lugia|42/100
|-hitcount|p1a: Lugia|2
|
|-damage|p2a: Kangaskhan|94/100 tox|[from] psn
|upkeep
|turn|3
|
|t:|1654661453
|move|p1a: Lugia|Roost|p1a: Lugia
|-heal|p1a: Lugia|92/100
|-singleturn|p1a: Lugia|move: Roost
|move|p2a: Kangaskhan|Frustration|p1a: Lugia
|-damage|p1a: Lugia|52/100
|-damage|p1a: Lugia|42/100
|-hitcount|p1a: Lugia|2
|
|-damage|p2a: Kangaskhan|82/100 tox|[from] psn
|upkeep
|turn|4
|
|t:|1654661465
|switch|p2a: The Removanator|Zacian-Crowned|100/100
|-ability|p2a: The Removanator|Intrepid Sword|boost
|-boost|p2a: The Removanator|atk|1
|move|p1a: Lugia|Roost|p1a: Lugia
|-heal|p1a: Lugia|92/100
|-singleturn|p1a: Lugia|move: Roost
|
|upkeep
|turn|5
|inactive|xLeonisx has 120 seconds left.
|inactive|xLeonisx has 90 seconds left.
|
|t:|1654661525
|switch|p1a: Zacian|Zacian-Crowned|100/100
|-ability|p1a: Zacian|Intrepid Sword|boost
|-boost|p1a: Zacian|atk|1
|move|p2a: The Removanator|Behemoth Blade|p1a: Zacian
|-damage|p1a: Zacian|6/100
|
|upkeep
|turn|6
|
|t:|1654661535
|switch|p2a: Cannon Fodder|Shedinja|100/100
|move|p1a: Zacian|Swords Dance|p1a: Zacian
|-boost|p1a: Zacian|atk|2
|
|upkeep
|turn|7
|
|t:|1654661546
|move|p2a: Cannon Fodder|Shadow Sneak|p1a: Zacian
|-damage|p1a: Zacian|0 fnt
|faint|p1a: Zacian
|
|upkeep
|
|t:|1654661551
|switch|p1a: Deoxys|Deoxys-Speed|100/100
|-ability|p1a: Deoxys|Pressure
|turn|8
|
|t:|1654661555
|move|p1a: Deoxys|Knock Off|p2a: Cannon Fodder
|-supereffective|p2a: Cannon Fodder
|-enditem|p2a: Cannon Fodder|Focus Sash
|-damage|p2a: Cannon Fodder|100/100
|move|p2a: Cannon Fodder|Poltergeist|p1a: Deoxys
|-activate|p1a: Deoxys|move: Poltergeist|Focus Sash
|-supereffective|p1a: Deoxys
|-enditem|p1a: Deoxys|Focus Sash
|-damage|p1a: Deoxys|1/100
|
|upkeep
|turn|9
|
|t:|1654661565
|move|p2a: Cannon Fodder|Shadow Sneak|p1a: Deoxys
|-supereffective|p1a: Deoxys
|-damage|p1a: Deoxys|0 fnt
|faint|p1a: Deoxys
|
|upkeep
|
|t:|1654661571
|switch|p1a: Lugia|Lugia|92/100
|turn|10
|
|t:|1654661574
|switch|p1a: Kyogre|Kyogre|100/100
|detailschange|p1a: Kyogre|Kyogre-Primal
|-primal|p1a: Kyogre
|-weather|PrimordialSea|[from] ability: Primordial Sea|[of] p1a: Kyogre
|move|p2a: Cannon Fodder|Toxic|p1a: Kyogre
|-status|p1a: Kyogre|tox
|
|-weather|PrimordialSea|[upkeep]
|-damage|p1a: Kyogre|94/100 tox|[from] psn
|upkeep
|turn|11
|-message|xLeonisx forfeited.
|
|win|Glass101
|raw|xLeonisx's rating: 1796 &rarr; <strong>1768</strong><br />(-28 for losing)
|raw|Glass101's rating: 1650 &rarr; <strong>1678</strong><br />(+28 for winning)
|l|☆xLeonisx
|c|☆Glass101|Pfft
|c|☆Glass101|Stalling Lugia vs Shedinja
