|j|☆soda49
|j|☆Ban Me Again
|t:|1640745165
|gametype|singles
|player|p1|soda49|169|1729
|player|p2|Ban Me Again|argenta|1823
|teamsize|p1|6
|teamsize|p2|6
|gen|8
|tier|[Gen 8] National Dex AG
|rated|
|rule|HP Percentage Mod: HP is shown in percentages
|rule|Endless Battle Clause: Forcing endless battles is banned
|clearpoke
|poke|p1|Smeargle, F|
|poke|p1|Charizard, M|
|poke|p1|Mimikyu, M|
|poke|p1|Calyrex-Shadow|
|poke|p1|Rayquaza|
|poke|p1|Thundurus, M|
|poke|p2|Yveltal|
|poke|p2|Thundurus, M|
|poke|p2|Groudon|
|poke|p2|Rayquaza|
|poke|p2|Cinderace, F|
|poke|p2|Lunala|
|teampreview
|inactive|Battle timer is ON: inactive players will automatically lose when time's up. (requested by soda49)
|
|t:|1640745179
|start
|switch|p1a: Charizard|Charizard, M|100/100
|switch|p2a: Cinderace|Cinderace, F|100/100
|turn|1
|
|t:|1640745193
|switch|p2a: Groudon|Groudon|100/100
|detailschange|p2a: Groudon|Groudon-Primal
|-primal|p2a: Groudon
|-weather|DesolateLand|[from] ability: Desolate Land|[of] p2a: Groudon
|-start|p1a: Charizard|Dynamax
|-formechange|p1a: Charizard|Charizard-Gmax
|-heal|p1a: Charizard|100/100|[silent]
|move|p1a: Charizard|Max Airstream|p2a: Groudon
|-damage|p2a: Groudon|0 fnt
|-boost|p1a: Charizard|spe|1
|faint|p2a: Groudon
|-weather|none
|
|upkeep
|
|t:|1640745201
|switch|p2a: Kracker|Thundurus, M|100/100
|turn|2
|
|t:|1640745206
|move|p2a: Kracker|Thunder Wave|p1a: Charizard
|-status|p1a: Charizard|par
|-enditem|p1a: Charizard|Lum Berry|[eat]
|-curestatus|p1a: Charizard|par|[msg]
|move|p1a: Charizard|G-Max Wildfire|p2a: Kracker
|-enditem|p2a: Kracker|Focus Sash
|-damage|p2a: Kracker|1/100
|-sidestart|p2: Ban Me Again|G-Max Wildfire
|
|-damage|p2a: Kracker|0 fnt|[from] G-Max Wildfire
|faint|p2a: Kracker
|upkeep
|
|t:|1640745212
|switch|p2a: Rayquaza|Rayquaza|100/100
|-ability|p2a: Rayquaza|Air Lock
|turn|3
|
|t:|1640745221
|detailschange|p2a: Rayquaza|Rayquaza-Mega
|-mega|p2a: Rayquaza|Rayquaza|
|-weather|DeltaStream|[from] ability: Delta Stream|[of] p2a: Rayquaza
|move|p1a: Charizard|Max Airstream|p2a: Rayquaza
|-damage|p2a: Rayquaza|39/100
|-boost|p1a: Charizard|spe|1
|move|p2a: Rayquaza|Dragon Ascent|p1a: Charizard
|-damage|p1a: Charizard|41/100
|-unboost|p2a: Rayquaza|def|1
|-unboost|p2a: Rayquaza|spd|1
|
|-weather|DeltaStream|[upkeep]
|-damage|p2a: Rayquaza|22/100|[from] G-Max Wildfire
|-end|p1a: Charizard|Dynamax
|-formechange|p1a: Charizard|Charizard
|-heal|p1a: Charizard|42/100|[silent]
|upkeep
|turn|4
|
|t:|1640745228
|move|p2a: Rayquaza|Extreme Speed|p1a: Charizard
|-damage|p1a: Charizard|0 fnt
|faint|p1a: Charizard
|
|-weather|DeltaStream|[upkeep]
|-damage|p2a: Rayquaza|6/100|[from] G-Max Wildfire
|upkeep
|
|t:|1640745236
|switch|p1a: Mimikyu|Mimikyu, M|100/100
|turn|5
|
|t:|1640745239
|move|p2a: Rayquaza|Dragon Ascent|p1a: Mimikyu
|-activate|p1a: Mimikyu|ability: Disguise
|-damage|p1a: Mimikyu|100/100
|-unboost|p2a: Rayquaza|def|1
|-unboost|p2a: Rayquaza|spd|1
|detailschange|p1a: Mimikyu|Mimikyu-Busted, M
|-damage|p1a: Mimikyu|88/100|[from] pokemon: Mimikyu-Busted
|move|p1a: Mimikyu|Trick Room|p1a: Mimikyu
|-fieldstart|move: Trick Room|[of] p1a: Mimikyu
|
|-weather|DeltaStream|[upkeep]
|-damage|p2a: Rayquaza|0 fnt|[from] G-Max Wildfire
|faint|p2a: Rayquaza
|-weather|none
|-sideend|p2: Ban Me Again|G-Max Wildfire
|upkeep
|
|t:|1640745244
|switch|p2a: Lunala|Lunala|100/100
|turn|6
|
|t:|1640745262
|-zpower|p1a: Mimikyu
|move|p1a: Mimikyu|Never-Ending Nightmare|p2a: Lunala|[zeffect]
|-supereffective|p2a: Lunala
|-damage|p2a: Lunala|0 fnt
|faint|p2a: Lunala
|
|upkeep
|
|t:|1640745266
|switch|p2a: Squawks|Yveltal|100/100
|-ability|p2a: Squawks|Dark Aura
|turn|7
|
|t:|1640745274
|move|p1a: Mimikyu|Curse|p2a: Squawks
|-start|p2a: Squawks|Curse|[of] p1a: Mimikyu
|-damage|p1a: Mimikyu|38/100
|move|p2a: Squawks|Oblivion Wing|p1a: Mimikyu
|-crit|p1a: Mimikyu
|-damage|p1a: Mimikyu|0 fnt
|faint|p1a: Mimikyu
|
|-damage|p2a: Squawks|76/100|[from] Curse
|upkeep
|
|t:|1640745276
|switch|p1a: The wobbler|Smeargle, F|100/100
|turn|8
|
|t:|1640745279
|switch|p2a: Cinderace|Cinderace, F|100/100
|move|p1a: The wobbler|Spore|p2a: Cinderace
|-status|p2a: Cinderace|slp|[from] move: Spore
|
|-ability|p1a: The wobbler|Moody|boost
|-boost|p1a: The wobbler|atk|2
|-unboost|p1a: The wobbler|spa|1
|upkeep
|turn|9
|
|t:|1640745281
|move|p1a: The wobbler|Substitute|p1a: The wobbler
|-start|p1a: The wobbler|Substitute
|-damage|p1a: The wobbler|76/100
|cant|p2a: Cinderace|slp
|
|-heal|p1a: The wobbler|82/100|[from] item: Leftovers
|-fieldend|move: Trick Room
|-ability|p1a: The wobbler|Moody|boost
|-boost|p1a: The wobbler|spd|2
|-unboost|p1a: The wobbler|atk|1
|upkeep
|turn|10
|
|t:|1640745283
|-curestatus|p2a: Cinderace|slp|[msg]
|move|p2a: Cinderace|Double Kick|p1a: The wobbler
|-start|p2a: Cinderace|typechange|Fighting|[from] ability: Libero
|-supereffective|p1a: The wobbler
|-end|p1a: The wobbler|Substitute
|-supereffective|p1a: The wobbler
|-damage|p1a: The wobbler|0 fnt
|faint|p1a: The wobbler
|-hitcount|p1: The wobbler|2
|
|upkeep
|
|t:|1640745292
|switch|p1a: Rayquaza|Rayquaza|100/100
|-ability|p1a: Rayquaza|Air Lock
|turn|11
|
|t:|1640745302
|detailschange|p1a: Rayquaza|Rayquaza-Mega
|-mega|p1a: Rayquaza|Rayquaza|
|-weather|DeltaStream|[from] ability: Delta Stream|[of] p1a: Rayquaza
|move|p2a: Cinderace|Sucker Punch|p1a: Rayquaza
|-start|p2a: Cinderace|typechange|Dark|[from] ability: Libero
|-damage|p1a: Rayquaza|62/100
|move|p1a: Rayquaza|Dragon Ascent|p2a: Cinderace
|-damage|p2a: Cinderace|0 fnt
|-unboost|p1a: Rayquaza|def|1
|-unboost|p1a: Rayquaza|spd|1
|faint|p2a: Cinderace
|
|-weather|DeltaStream|[upkeep]
|upkeep
|
|t:|1640745304
|switch|p2a: Squawks|Yveltal|76/100
|-ability|p2a: Squawks|Dark Aura
|turn|12
|
|t:|1640745311
|move|p1a: Rayquaza|Extreme Speed|p2a: Squawks
|-damage|p2a: Squawks|38/100
|move|p2a: Squawks|Sucker Punch||[still]
|-fail|p2a: Squawks
|
|-weather|DeltaStream|[upkeep]
|upkeep
|turn|13
|
|t:|1640745315
|move|p1a: Rayquaza|Extreme Speed|p2a: Squawks
|-damage|p2a: Squawks|3/100
|move|p2a: Squawks|Oblivion Wing|p1a: Rayquaza
|-damage|p1a: Rayquaza|0 fnt
|-heal|p2a: Squawks|44/100|[from] drain|[of] p1a: Rayquaza
|faint|p1a: Rayquaza
|-weather|none
|
|upkeep
|
|t:|1640745319
|switch|p1a: Thundurus|Thundurus, M|100/100
|turn|14
|
|t:|1640745321
|-start|p2a: Squawks|Dynamax
|-heal|p2a: Squawks|44/100|[silent]
|move|p2a: Squawks|Max Airstream|p1a: Thundurus
|-resisted|p1a: Thundurus
|-damage|p1a: Thundurus|72/100
|-boost|p2a: Squawks|spe|1
|move|p1a: Thundurus|Wild Charge|p2a: Squawks
|-supereffective|p2a: Squawks
|-damage|p2a: Squawks|11/100
|-damage|p1a: Thundurus|54/100|[from] Recoil
|
|upkeep
|turn|15
|
|t:|1640745332
|move|p2a: Squawks|Max Darkness|p1a: Thundurus
|-damage|p1a: Thundurus|0 fnt
|faint|p1a: Thundurus
|
|upkeep
|
|t:|1640745336
|switch|p1a: Calyrex|Calyrex-Shadow|100/100
|-ability|p1a: Calyrex|As One
|-ability|p1a: Calyrex|Unnerve
|turn|16
|
|t:|1640745340
|move|p2a: Squawks|Max Darkness|p1a: Calyrex
|-supereffective|p1a: Calyrex
|-enditem|p1a: Calyrex|Focus Sash
|-damage|p1a: Calyrex|1/100
|-unboost|p1a: Calyrex|spd|1
|move|p1a: Calyrex|Draining Kiss|p2a: Squawks
|-supereffective|p2a: Squawks
|-damage|p2a: Squawks|0 fnt
|-heal|p1a: Calyrex|20/100|[from] drain|[of] p2a: Squawks
|faint|p2a: Squawks
|
|win|soda49
|raw|soda49's rating: 1729 &rarr; <strong>1754</strong><br />(+25 for winning)
|raw|Ban Me Again's rating: 1823 &rarr; <strong>1798</strong><br />(-25 for losing)
|l|☆Ban Me Again
