|j|☆85792195wwww
|j|☆amnael1
|t:|1665185167
|gametype|singles
|player|p1|85792195wwww|266|1824
|player|p2|amnael1|170|1868
|teamsize|p1|6
|teamsize|p2|6
|gen|8
|tier|[Gen 8] National Dex AG
|rated|
|rule|HP Percentage Mod: HP is shown in percentages
|rule|Endless Battle Clause: Forcing endless battles is banned
|clearpoke
|poke|p1|Kyogre|
|poke|p1|Zacian-*|
|poke|p1|Rayquaza|
|poke|p1|Marshadow|
|poke|p1|Ditto|
|poke|p1|Arceus-*|
|poke|p2|Smeargle, F|
|poke|p2|Groudon|
|poke|p2|Espeon, F|
|poke|p2|Rayquaza|
|poke|p2|Xerneas-*|
|poke|p2|Zacian-*|
|teampreview
|inactive|Battle timer is ON: inactive players will automatically lose when time's up. (requested by amnael1)
|
|t:|1665185178
|start
|switch|p1a: Zacian|Zacian-Crowned|100/100
|switch|p2a: Rayquaza|Rayquaza|100/100
|-ability|p1a: Zacian|Intrepid Sword|boost
|-boost|p1a: Zacian|atk|1
|-ability|p2a: Rayquaza|Air Lock
|turn|1
|
|t:|1665185196
|switch|p1a: Arceus|Arceus-Electric|100/100
|detailschange|p2a: Rayquaza|Rayquaza-Mega
|-mega|p2a: Rayquaza|Rayquaza|
|-weather|DeltaStream|[from] ability: Delta Stream|[of] p2a: Rayquaza
|move|p2a: Rayquaza|Dragon Dance|p2a: Rayquaza
|-boost|p2a: Rayquaza|atk|1
|-boost|p2a: Rayquaza|spe|1
|
|-weather|DeltaStream|[upkeep]
|upkeep
|turn|2
|
|t:|1665185206
|move|p2a: Rayquaza|Earthquake|p1a: Arceus
|-supereffective|p1a: Arceus
|-damage|p1a: Arceus|7/100
|move|p1a: Arceus|Stealth Rock|p2a: Rayquaza
|-sidestart|p2: amnael1|move: Stealth Rock
|
|-weather|DeltaStream|[upkeep]
|upkeep
|turn|3
|
|t:|1665185213
|move|p2a: Rayquaza|Earthquake|p1a: Arceus
|-supereffective|p1a: Arceus
|-crit|p1a: Arceus
|-damage|p1a: Arceus|0 fnt
|faint|p1a: Arceus
|
|-weather|DeltaStream|[upkeep]
|upkeep
|
|t:|1665185221
|switch|p1a: Marshadow|Marshadow|100/100
|turn|4
|
|t:|1665185225
|-weather|none
|switch|p2a: Smeargle|Smeargle, F|100/100
|-damage|p2a: Smeargle|88/100|[from] Stealth Rock
|move|p1a: Marshadow|Shadow Sneak|p2a: Smeargle
|-immune|p2a: Smeargle
|
|-ability|p2a: Smeargle|Moody|boost
|-boost|p2a: Smeargle|def|2
|-unboost|p2a: Smeargle|spa|1
|upkeep
|turn|5
|
|t:|1665185236
|move|p2a: Smeargle|Spiky Shield|p2a: Smeargle
|-singleturn|p2a: Smeargle|move: Protect
|move|p1a: Marshadow|Close Combat|p2a: Smeargle
|-activate|p2a: Smeargle|move: Protect
|-damage|p1a: Marshadow|88/100|[from] Spiky Shield|[of] p2a: Smeargle
|
|-ability|p2a: Smeargle|Moody|boost
|-boost|p2a: Smeargle|spe|2
|-unboost|p2a: Smeargle|spd|1
|upkeep
|turn|6
|
|t:|1665185248
|move|p2a: Smeargle|Spore|p1a: Marshadow
|-status|p1a: Marshadow|slp|[from] move: Spore
|cant|p1a: Marshadow|slp
|
|-ability|p2a: Smeargle|Moody|boost
|-boost|p2a: Smeargle|spd|2
|-unboost|p2a: Smeargle|spe|1
|upkeep
|turn|7
|
|t:|1665185258
|move|p2a: Smeargle|Baton Pass|p2a: Smeargle
|
|t:|1665185261
|switch|p2a: Zacian|Zacian-Crowned|100/100|[from]move: Baton Pass
|-damage|p2a: Zacian|94/100|[from] Stealth Rock
|-ability|p2a: Zacian|Intrepid Sword|boost
|-boost|p2a: Zacian|atk|1
|cant|p1a: Marshadow|slp
|
|upkeep
|turn|8
|
|t:|1665185271
|move|p2a: Zacian|Behemoth Blade|p1a: Marshadow
|-damage|p1a: Marshadow|0 fnt
|faint|p1a: Marshadow
|
|upkeep
|
|t:|1665185277
|switch|p1a: Ditto|Ditto|100/100
|-transform|p1a: Ditto|p2a: Zacian|[from] ability: Imposter
|-ability|p1a: Ditto|Intrepid Sword|boost
|-boost|p1a: Ditto|atk|1
|turn|9
|
|t:|1665185284
|move|p1a: Ditto|Behemoth Blade|p2a: Zacian
|-damage|p2a: Zacian|39/100
|move|p2a: Zacian|Behemoth Blade|p1a: Ditto
|-damage|p1a: Ditto|53/100
|
|upkeep
|turn|10
|
|t:|1665185292
|move|p1a: Ditto|Behemoth Blade|p2a: Zacian
|-damage|p2a: Zacian|0 fnt
|faint|p2a: Zacian
|
|upkeep
|
|t:|1665185296
|switch|p2a: Smeargle|Smeargle, F|88/100
|-damage|p2a: Smeargle|76/100|[from] Stealth Rock
|turn|11
|
|t:|1665185305
|switch|p1a: Zacian|Zacian-Crowned|100/100
|-ability|p1a: Zacian|Intrepid Sword|boost
|-boost|p1a: Zacian|atk|1
|move|p2a: Smeargle|Spiky Shield||[still]
|-fail|p2a: Smeargle
|
|-ability|p2a: Smeargle|Moody|boost
|-boost|p2a: Smeargle|spe|2
|-unboost|p2a: Smeargle|atk|1
|upkeep
|turn|12
|
|t:|1665185316
|move|p2a: Smeargle|Spore|p1a: Zacian
|-status|p1a: Zacian|slp|[from] move: Spore
|cant|p1a: Zacian|slp
|
|-ability|p2a: Smeargle|Moody|boost
|-boost|p2a: Smeargle|spa|2
|-unboost|p2a: Smeargle|spd|1
|upkeep
|turn|13
|
|t:|1665185325
|move|p2a: Smeargle|Baton Pass|p2a: Smeargle
|
|t:|1665185326
|switch|p2a: Xerneas|Xerneas|100/100|[from]move: Baton Pass
|-damage|p2a: Xerneas|88/100|[from] Stealth Rock
|-ability|p2a: Xerneas|Fairy Aura
|cant|p1a: Zacian|slp
|
|upkeep
|turn|14
|
|t:|1665185336
|-start|p2a: Xerneas|Dynamax|
|-heal|p2a: Xerneas|88/100|[silent]
|move|p2a: Xerneas|Max Flare|p1a: Zacian
|-supereffective|p1a: Zacian
|-damage|p1a: Zacian|0 fnt
|-weather|SunnyDay
|faint|p1a: Zacian
|
|-weather|SunnyDay|[upkeep]
|upkeep
|
|t:|1665185347
|switch|p1a: Kyogre|Kyogre|100/100
|detailschange|p1a: Kyogre|Kyogre-Primal
|-primal|p1a: Kyogre
|-weather|PrimordialSea|[from] ability: Primordial Sea|[of] p1a: Kyogre
|turn|15
|
|t:|1665185354
|move|p2a: Xerneas|Max Starfall|p1a: Kyogre
|-damage|p1a: Kyogre|9/100
|-fieldstart|move: Misty Terrain
|move|p1a: Kyogre|Surf|p2a: Xerneas
|-damage|p2a: Xerneas|40/100
|
|-weather|PrimordialSea|[upkeep]
|upkeep
|turn|16
|
|t:|1665185362
|move|p2a: Xerneas|Max Overgrowth|p1a: Kyogre
|-supereffective|p1a: Kyogre
|-damage|p1a: Kyogre|0 fnt
|-fieldstart|move: Grassy Terrain
|faint|p1a: Kyogre
|-weather|none
|
|-heal|p2a: Xerneas|43/100|[from] Grassy Terrain
|upkeep
|
|t:|1665185371
|switch|p1a: Ditto|Ditto|53/100
|-transform|p1a: Ditto|p2a: Xerneas|[from] ability: Imposter
|-ability|p1a: Ditto|Fairy Aura
|-end|p2a: Xerneas|Dynamax
|-heal|p2a: Xerneas|43/100|[silent]
|turn|17
|
|t:|1665185380
|move|p1a: Ditto|Moonblast|p2a: Xerneas
|-damage|p2a: Xerneas|0 fnt
|faint|p2a: Xerneas
|
|-heal|p1a: Ditto|59/100|[from] Grassy Terrain
|upkeep
|
|t:|1665185384
|switch|p2a: Groudon|Groudon|100/100
|-damage|p2a: Groudon|94/100|[from] Stealth Rock
|detailschange|p2a: Groudon|Groudon-Primal
|-primal|p2a: Groudon
|-weather|DesolateLand|[from] ability: Desolate Land|[of] p2a: Groudon
|turn|18
|
|t:|1665185398
|-start|p1a: Ditto|Dynamax|
|-heal|p1a: Ditto|59/100|[silent]
|move|p1a: Ditto|Max Starfall|p2a: Groudon
|-resisted|p2a: Groudon
|-damage|p2a: Groudon|12/100
|-fieldstart|move: Misty Terrain
|move|p2a: Groudon|Fire Punch|p1a: Ditto
|-damage|p1a: Ditto|20/100
|
|-weather|DesolateLand|[upkeep]
|upkeep
|turn|19
|
|t:|1665185410
|move|p1a: Ditto|Max Mindstorm|p2a: Groudon
|-damage|p2a: Groudon|0 fnt
|-fieldstart|move: Psychic Terrain
|faint|p2a: Groudon
|-weather|none
|
|upkeep
|
|t:|1665185414
|switch|p2a: Smeargle|Smeargle, F|76/100
|-damage|p2a: Smeargle|63/100|[from] Stealth Rock
|turn|20
|
|t:|1665185424
|move|p1a: Ditto|Max Mindstorm|p2a: Smeargle
|-damage|p2a: Smeargle|0 fnt
|faint|p2a: Smeargle
|
|upkeep
|
|t:|1665185429
|switch|p2a: Espeon|Espeon, F|100/100
|-damage|p2a: Espeon|88/100|[from] Stealth Rock
|-end|p1a: Ditto|Dynamax
|-heal|p1a: Ditto|20/100|[silent]
|turn|21
|
|t:|1665185435
|move|p1a: Ditto|Moonblast|p2a: Espeon
|-damage|p2a: Espeon|0 fnt
|faint|p2a: Espeon
|
|upkeep
|
|t:|1665185437
|switch|p2a: Rayquaza|Rayquaza-Mega|100/100
|-damage|p2a: Rayquaza|76/100|[from] Stealth Rock
|-weather|DeltaStream|[from] ability: Delta Stream|[of] p2a: Rayquaza
|turn|22
|-message|amnael1 forfeited.
|
|win|85792195wwww
|raw|85792195wwww's rating: 1824 &rarr; <strong>1847</strong><br />(+23 for winning)
|raw|amnael1's rating: 1868 &rarr; <strong>1845</strong><br />(-23 for losing)
|l|☆amnael1
