|j|☆SoundHas1Ping
|j|☆iHaveAsthma
|t:|1665225039
|gametype|singles
|player|p1|SoundHas1Ping|lucas|1696
|player|p2|iHaveAsthma|doctor|1873
|teamsize|p1|6
|teamsize|p2|6
|gen|8
|tier|[Gen 8] National Dex AG
|rated|
|rule|HP Percentage Mod: HP is shown in percentages
|rule|Endless Battle Clause: Forcing endless battles is banned
|clearpoke
|poke|p1|Zacian-*|
|poke|p1|Arceus-*|
|poke|p1|Giratina|
|poke|p1|Chansey, F|
|poke|p1|Quagsire, F|
|poke|p1|Tyranitar, M|
|poke|p2|Rayquaza|
|poke|p2|Groudon|
|poke|p2|Arceus-*|
|poke|p2|Lugia|
|poke|p2|Arceus-*|
|poke|p2|Tyranitar, M|
|teampreview
|inactive|Battle timer is ON: inactive players will automatically lose when time's up. (requested by SoundHas1Ping)
|
|t:|1665225052
|start
|switch|p1a: Arceus|Arceus-Water|100/100
|switch|p2a: Groudon|Groudon|100/100
|detailschange|p2a: Groudon|Groudon-Primal
|-primal|p2a: Groudon
|-weather|DesolateLand|[from] ability: Desolate Land|[of] p2a: Groudon
|turn|1
|
|t:|1665225055
|move|p2a: Groudon|Toxic|p1a: Arceus
|-status|p1a: Arceus|tox
|move|p1a: Arceus|Ice Beam|p2a: Groudon
|-damage|p2a: Groudon|76/100
|
|-weather|DesolateLand|[upkeep]
|-damage|p1a: Arceus|94/100 tox|[from] psn
|upkeep
|turn|2
|
|t:|1665225061
|move|p2a: Groudon|Stealth Rock|p1a: Arceus
|-sidestart|p1: SoundHas1Ping|move: Stealth Rock
|move|p1a: Arceus|Refresh|p1a: Arceus
|-curestatus|p1a: Arceus|tox|[msg]
|
|-weather|DesolateLand|[upkeep]
|upkeep
|turn|3
|
|t:|1665225065
|move|p2a: Groudon|Earth Power|p1a: Arceus
|-damage|p1a: Arceus|58/100
|-unboost|p1a: Arceus|spd|1
|move|p1a: Arceus|Ice Beam|p2a: Groudon
|-damage|p2a: Groudon|48/100
|
|-weather|DesolateLand|[upkeep]
|upkeep
|turn|4
|
|t:|1665225071
|move|p2a: Groudon|Earth Power|p1a: Arceus
|-damage|p1a: Arceus|3/100
|move|p1a: Arceus|Recover|p1a: Arceus
|-heal|p1a: Arceus|53/100
|
|-weather|DesolateLand|[upkeep]
|upkeep
|turn|5
|
|t:|1665225077
|switch|p1a: Chansey|Chansey, F|100/100
|-damage|p1a: Chansey|88/100|[from] Stealth Rock
|move|p2a: Groudon|Earth Power|p1a: Chansey
|-damage|p1a: Chansey|74/100
|
|-weather|DesolateLand|[upkeep]
|upkeep
|turn|6
|
|t:|1665225083
|move|p2a: Groudon|Earth Power|p1a: Chansey
|-damage|p1a: Chansey|60/100
|move|p1a: Chansey|Toxic|p2a: Groudon
|-status|p2a: Groudon|tox
|
|-weather|DesolateLand|[upkeep]
|-damage|p2a: Groudon|42/100 tox|[from] psn
|upkeep
|turn|7
|
|t:|1665225089
|move|p2a: Groudon|Earth Power|p1a: Chansey
|-damage|p1a: Chansey|46/100
|move|p1a: Chansey|Soft-Boiled|p1a: Chansey
|-heal|p1a: Chansey|96/100
|
|-weather|DesolateLand|[upkeep]
|-damage|p2a: Groudon|30/100 tox|[from] psn
|upkeep
|turn|8
|
|t:|1665225094
|move|p2a: Groudon|Earth Power|p1a: Chansey
|-damage|p1a: Chansey|80/100
|move|p1a: Chansey|Seismic Toss|p2a: Groudon
|-damage|p2a: Groudon|1/100 tox
|
|-weather|DesolateLand|[upkeep]
|-damage|p2a: Groudon|0 fnt|[from] psn
|faint|p2a: Groudon
|-weather|none
|upkeep
|
|t:|1665225100
|switch|p2a: Rayquaza|Rayquaza|100/100
|-ability|p2a: Rayquaza|Air Lock
|turn|9
|
|t:|1665225116
|switch|p1a: Arceus|Arceus-Water|53/100
|-damage|p1a: Arceus|41/100|[from] Stealth Rock
|detailschange|p2a: Rayquaza|Rayquaza-Mega
|-mega|p2a: Rayquaza|Rayquaza|
|-weather|DeltaStream|[from] ability: Delta Stream|[of] p2a: Rayquaza
|move|p2a: Rayquaza|Dragon Ascent|p1a: Arceus
|-damage|p1a: Arceus|0 fnt
|-unboost|p2a: Rayquaza|def|1
|-unboost|p2a: Rayquaza|spd|1
|faint|p1a: Arceus
|
|-weather|DeltaStream|[upkeep]
|upkeep
|
|t:|1665225118
|switch|p1a: Zacian|Zacian-Crowned|100/100
|-damage|p1a: Zacian|94/100|[from] Stealth Rock
|-ability|p1a: Zacian|Intrepid Sword|boost
|-boost|p1a: Zacian|atk|1
|turn|10
|
|t:|1665225133
|move|p1a: Zacian|Play Rough|p2a: Rayquaza
|-supereffective|p2a: Rayquaza
|-crit|p2a: Rayquaza
|-enditem|p2a: Rayquaza|Focus Sash
|-damage|p2a: Rayquaza|1/100
|move|p2a: Rayquaza|Earthquake|p1a: Zacian
|-supereffective|p1a: Zacian
|-damage|p1a: Zacian|13/100
|
|-weather|DeltaStream|[upkeep]
|upkeep
|turn|11
|
|t:|1665225139
|move|p2a: Rayquaza|Extreme Speed|p1a: Zacian
|-resisted|p1a: Zacian
|-damage|p1a: Zacian|0 fnt
|faint|p1a: Zacian
|
|-weather|DeltaStream|[upkeep]
|upkeep
|
|t:|1665225148
|switch|p1a: Giratina|Giratina|100/100
|-damage|p1a: Giratina|88/100|[from] Stealth Rock
|-ability|p1a: Giratina|Pressure
|turn|12
|
|t:|1665225160
|move|p2a: Rayquaza|Scale Shot|p1a: Giratina|[miss]
|-miss|p2a: Rayquaza|p1a: Giratina
|move|p1a: Giratina|Toxic|p2a: Rayquaza
|-status|p2a: Rayquaza|tox
|
|-weather|DeltaStream|[upkeep]
|-damage|p2a: Rayquaza|0 fnt|[from] psn
|faint|p2a: Rayquaza
|-weather|none
|upkeep
|
|t:|1665225169
|switch|p2a: Arceus|Arceus-Ground|100/100
|turn|13
|
|t:|1665225172
|move|p2a: Arceus|Calm Mind|p2a: Arceus
|-boost|p2a: Arceus|spa|1
|-boost|p2a: Arceus|spd|1
|move|p1a: Giratina|Toxic|p2a: Arceus
|-status|p2a: Arceus|tox
|
|-damage|p2a: Arceus|94/100 tox|[from] psn
|upkeep
|turn|14
|
|t:|1665225176
|switch|p2a: Arceus|Arceus-Flying|100/100
|switch|p1a: Quagsire|Quagsire, F|100/100
|-damage|p1a: Quagsire|94/100|[from] Stealth Rock
|
|-heal|p1a: Quagsire|100/100|[from] item: Leftovers
|upkeep
|turn|15
|
|t:|1665225184
|switch|p2a: Arceus|Arceus-Ground|94/100 tox
|switch|p1a: Tyranitar|Tyranitar, M|100/100
|-damage|p1a: Tyranitar|88/100|[from] Stealth Rock
|-weather|Sandstorm|[from] ability: Sand Stream|[of] p1a: Tyranitar
|
|-weather|Sandstorm|[upkeep]
|-heal|p1a: Tyranitar|94/100|[from] item: Leftovers
|-damage|p2a: Arceus|88/100 tox|[from] psn
|upkeep
|turn|16
|
|t:|1665225190
|switch|p1a: Chansey|Chansey, F|80/100
|-damage|p1a: Chansey|68/100|[from] Stealth Rock
|move|p2a: Arceus|Judgment|p1a: Chansey
|-damage|p1a: Chansey|54/100
|
|-weather|Sandstorm|[upkeep]
|-damage|p1a: Chansey|48/100|[from] Sandstorm
|-damage|p2a: Arceus|76/100 tox|[from] psn
|upkeep
|turn|17
|
|t:|1665225194
|switch|p2a: Arceus|Arceus-Flying|100/100
|move|p1a: Chansey|Soft-Boiled|p1a: Chansey
|-heal|p1a: Chansey|98/100
|
|-weather|Sandstorm|[upkeep]
|-damage|p2a: Arceus|94/100|[from] Sandstorm
|-damage|p1a: Chansey|92/100|[from] Sandstorm
|upkeep
|turn|18
|
|t:|1665225196
|move|p2a: Arceus|Swords Dance|p2a: Arceus
|-boost|p2a: Arceus|atk|2
|move|p1a: Chansey|Toxic|p2a: Arceus
|-status|p2a: Arceus|tox
|
|-weather|Sandstorm|[upkeep]
|-damage|p2a: Arceus|88/100 tox|[from] Sandstorm
|-damage|p1a: Chansey|86/100|[from] Sandstorm
|-damage|p2a: Arceus|82/100 tox|[from] psn
|upkeep
|turn|19
|
|t:|1665225200
|switch|p1a: Tyranitar|Tyranitar, M|94/100
|-damage|p1a: Tyranitar|82/100|[from] Stealth Rock
|-start|p2a: Arceus|Dynamax|
|-heal|p2a: Arceus|82/100 tox|[silent]
|move|p2a: Arceus|Max Airstream|p1a: Tyranitar
|-resisted|p1a: Tyranitar
|-damage|p1a: Tyranitar|21/100
|-boost|p2a: Arceus|spe|1
|
|-weather|none
|-heal|p1a: Tyranitar|27/100|[from] item: Leftovers
|-damage|p2a: Arceus|76/100 tox|[from] psn
|upkeep
|turn|20
|
|t:|1665225205
|move|p2a: Arceus|Max Quake|p1a: Tyranitar
|-supereffective|p1a: Tyranitar
|-damage|p1a: Tyranitar|0 fnt
|-boost|p2a: Arceus|spd|1
|faint|p1a: Tyranitar
|
|-damage|p2a: Arceus|66/100 tox|[from] psn
|upkeep
|
|t:|1665225209
|switch|p1a: Giratina|Giratina|88/100
|-damage|p1a: Giratina|75/100|[from] Stealth Rock
|-ability|p1a: Giratina|Pressure
|turn|21
|
|t:|1665225213
|move|p2a: Arceus|Max Airstream|p1a: Giratina
|-damage|p1a: Giratina|6/100
|-boost|p2a: Arceus|spe|1
|move|p1a: Giratina|Hex|p2a: Arceus
|-damage|p2a: Arceus|56/100 tox
|
|-damage|p2a: Arceus|44/100 tox|[from] psn
|upkeep
|-end|p2a: Arceus|Dynamax
|-heal|p2a: Arceus|44/100 tox|[silent]
|turn|22
|
|t:|1665225222
|move|p2a: Arceus|Earthquake|p1a: Giratina
|-damage|p1a: Giratina|0 fnt
|faint|p1a: Giratina
|
|-damage|p2a: Arceus|13/100 tox|[from] psn
|upkeep
|
|t:|1665225224
|switch|p1a: Quagsire|Quagsire, F|100/100
|-damage|p1a: Quagsire|94/100|[from] Stealth Rock
|turn|23
|
|t:|1665225226
|move|p2a: Arceus|Earthquake|p1a: Quagsire
|-damage|p1a: Quagsire|72/100
|move|p1a: Quagsire|Haze|p1a: Quagsire
|-clearallboost
|
|-heal|p1a: Quagsire|78/100|[from] item: Leftovers
|-damage|p2a: Arceus|0 fnt|[from] psn
|faint|p2a: Arceus
|upkeep
|
|t:|1665225229
|switch|p2a: Arceus|Arceus-Ground|76/100 tox
|turn|24
|
|t:|1665225233
|move|p2a: Arceus|Judgment|p1a: Quagsire
|-damage|p1a: Quagsire|23/100
|move|p1a: Quagsire|Earthquake|p2a: Arceus
|-damage|p2a: Arceus|61/100 tox
|
|-heal|p1a: Quagsire|29/100|[from] item: Leftovers
|-damage|p2a: Arceus|55/100 tox|[from] psn
|upkeep
|turn|25
|
|t:|1665225237
|switch|p1a: Chansey|Chansey, F|86/100
|-damage|p1a: Chansey|73/100|[from] Stealth Rock
|move|p2a: Arceus|Judgment|p1a: Chansey
|-damage|p1a: Chansey|59/100
|
|-damage|p2a: Arceus|43/100 tox|[from] psn
|upkeep
|turn|26
|
|t:|1665225240
|switch|p2a: Tyranitar|Tyranitar, M|100/100
|-weather|Sandstorm|[from] ability: Sand Stream|[of] p2a: Tyranitar
|move|p1a: Chansey|Soft-Boiled|p1a: Chansey
|-heal|p1a: Chansey|100/100
|
|-weather|Sandstorm|[upkeep]
|-damage|p1a: Chansey|94/100|[from] Sandstorm
|upkeep
|turn|27
|
|t:|1665225246
|switch|p2a: Arceus|Arceus-Ground|43/100 tox
|move|p1a: Chansey|Toxic|p2a: Arceus
|-fail|p2a: Arceus|tox
|
|-weather|Sandstorm|[upkeep]
|-damage|p1a: Chansey|88/100|[from] Sandstorm
|-damage|p2a: Arceus|37/100 tox|[from] psn
|upkeep
|turn|28
|
|t:|1665225248
|move|p2a: Arceus|Recover|p2a: Arceus
|-heal|p2a: Arceus|87/100 tox
|move|p1a: Chansey|Seismic Toss|p2a: Arceus
|-damage|p2a: Arceus|64/100 tox
|
|-weather|Sandstorm|[upkeep]
|-damage|p1a: Chansey|82/100|[from] Sandstorm
|-damage|p2a: Arceus|52/100 tox|[from] psn
|upkeep
|turn|29
|
|t:|1665225253
|switch|p2a: Tyranitar|Tyranitar, M|100/100
|move|p1a: Chansey|Seismic Toss|p2a: Tyranitar
|-damage|p2a: Tyranitar|76/100
|
|-weather|Sandstorm|[upkeep]
|-damage|p1a: Chansey|75/100|[from] Sandstorm
|-heal|p2a: Tyranitar|82/100|[from] item: Leftovers
|upkeep
|turn|30
|
|t:|1665225257
|move|p2a: Tyranitar|Rock Tomb|p1a: Chansey
|-damage|p1a: Chansey|54/100
|-unboost|p1a: Chansey|spe|1
|move|p1a: Chansey|Soft-Boiled|p1a: Chansey
|-heal|p1a: Chansey|100/100
|
|-weather|none
|-heal|p2a: Tyranitar|88/100|[from] item: Leftovers
|upkeep
|turn|31
|
|t:|1665225263
|move|p2a: Tyranitar|Rock Tomb|p1a: Chansey
|-damage|p1a: Chansey|82/100
|-unboost|p1a: Chansey|spe|1
|move|p1a: Chansey|Toxic|p2a: Tyranitar
|-status|p2a: Tyranitar|tox
|
|-heal|p2a: Tyranitar|94/100 tox|[from] item: Leftovers
|-damage|p2a: Tyranitar|88/100 tox|[from] psn
|upkeep
|turn|32
|
|t:|1665225269
|move|p2a: Tyranitar|Pursuit|p1a: Chansey
|-damage|p1a: Chansey|68/100
|move|p1a: Chansey|Seismic Toss|p2a: Tyranitar
|-damage|p2a: Tyranitar|63/100 tox
|
|-heal|p2a: Tyranitar|70/100 tox|[from] item: Leftovers
|-damage|p2a: Tyranitar|57/100 tox|[from] psn
|upkeep
|turn|33
|
|t:|1665225276
|move|p2a: Tyranitar|Pursuit|p1a: Chansey
|-damage|p1a: Chansey|56/100
|move|p1a: Chansey|Seismic Toss|p2a: Tyranitar
|-damage|p2a: Tyranitar|32/100 tox
|
|-heal|p2a: Tyranitar|39/100 tox|[from] item: Leftovers
|-damage|p2a: Tyranitar|20/100 tox|[from] psn
|upkeep
|turn|34
|
|t:|1665225279
|move|p2a: Tyranitar|Rest|p2a: Tyranitar
|-status|p2a: Tyranitar|slp|[from] move: Rest
|-heal|p2a: Tyranitar|100/100 slp|[silent]
|move|p1a: Chansey|Soft-Boiled|p1a: Chansey
|-heal|p1a: Chansey|100/100
|
|upkeep
|turn|35
|
|t:|1665225282
|switch|p2a: Arceus|Arceus-Ground|52/100 tox
|switch|p1a: Quagsire|Quagsire, F|29/100
|-damage|p1a: Quagsire|23/100|[from] Stealth Rock
|
|-heal|p1a: Quagsire|29/100|[from] item: Leftovers
|-damage|p2a: Arceus|46/100 tox|[from] psn
|upkeep
|turn|36
|
|t:|1665225284
|move|p2a: Arceus|Judgment|p1a: Quagsire
|-damage|p1a: Quagsire|0 fnt
|faint|p1a: Quagsire
|
|-damage|p2a: Arceus|34/100 tox|[from] psn
|upkeep
|
|t:|1665225286
|switch|p1a: Chansey|Chansey, F|100/100
|-damage|p1a: Chansey|88/100|[from] Stealth Rock
|turn|37
|
|t:|1665225288
|move|p2a: Arceus|Recover|p2a: Arceus
|-heal|p2a: Arceus|84/100 tox
|move|p1a: Chansey|Seismic Toss|p2a: Arceus
|-damage|p2a: Arceus|62/100 tox
|
|-damage|p2a: Arceus|43/100 tox|[from] psn
|upkeep
|turn|38
|
|t:|1665225290
|switch|p2a: Tyranitar|Tyranitar, M|100/100 slp
|-weather|Sandstorm|[from] ability: Sand Stream|[of] p2a: Tyranitar
|move|p1a: Chansey|Seismic Toss|p2a: Tyranitar
|-damage|p2a: Tyranitar|76/100 slp
|
|-weather|Sandstorm|[upkeep]
|-damage|p1a: Chansey|82/100|[from] Sandstorm
|-heal|p2a: Tyranitar|82/100 slp|[from] item: Leftovers
|upkeep
|turn|39
|
|t:|1665225293
|cant|p2a: Tyranitar|slp
|move|p1a: Chansey|Seismic Toss|p2a: Tyranitar
|-damage|p2a: Tyranitar|57/100 slp
|
|-weather|Sandstorm|[upkeep]
|-damage|p1a: Chansey|75/100|[from] Sandstorm
|-heal|p2a: Tyranitar|63/100 slp|[from] item: Leftovers
|upkeep
|turn|40
|
|t:|1665225297
|cant|p2a: Tyranitar|slp
|move|p1a: Chansey|Seismic Toss|p2a: Tyranitar
|-damage|p2a: Tyranitar|39/100 slp
|
|-weather|Sandstorm|[upkeep]
|-damage|p1a: Chansey|69/100|[from] Sandstorm
|-heal|p2a: Tyranitar|45/100 slp|[from] item: Leftovers
|upkeep
|turn|41
|
|t:|1665225304
|-curestatus|p2a: Tyranitar|slp|[msg]
|move|p2a: Tyranitar|Rock Tomb|p1a: Chansey
|-damage|p1a: Chansey|50/100
|-unboost|p1a: Chansey|spe|1
|move|p1a: Chansey|Seismic Toss|p2a: Tyranitar
|-damage|p2a: Tyranitar|20/100
|
|-weather|Sandstorm|[upkeep]
|-damage|p1a: Chansey|44/100|[from] Sandstorm
|-heal|p2a: Tyranitar|26/100|[from] item: Leftovers
|upkeep
|turn|42
|
|t:|1665225308
|move|p2a: Tyranitar|Rest|p2a: Tyranitar
|-status|p2a: Tyranitar|slp|[from] move: Rest
|-heal|p2a: Tyranitar|100/100 slp|[silent]
|move|p1a: Chansey|Soft-Boiled|p1a: Chansey
|-heal|p1a: Chansey|94/100
|
|-weather|none
|upkeep
|turn|43
|
|t:|1665225313
|cant|p2a: Tyranitar|slp
|move|p1a: Chansey|Seismic Toss|p2a: Tyranitar
|-damage|p2a: Tyranitar|76/100 slp
|
|-heal|p2a: Tyranitar|82/100 slp|[from] item: Leftovers
|upkeep
|turn|44
|
|t:|1665225316
|cant|p2a: Tyranitar|slp
|move|p1a: Chansey|Seismic Toss|p2a: Tyranitar
|-damage|p2a: Tyranitar|57/100 slp
|
|-heal|p2a: Tyranitar|63/100 slp|[from] item: Leftovers
|upkeep
|turn|45
|
|t:|1665225318
|-curestatus|p2a: Tyranitar|slp|[msg]
|move|p2a: Tyranitar|Pursuit|p1a: Chansey
|-damage|p1a: Chansey|79/100
|move|p1a: Chansey|Seismic Toss|p2a: Tyranitar
|-damage|p2a: Tyranitar|39/100
|
|-heal|p2a: Tyranitar|45/100|[from] item: Leftovers
|upkeep
|turn|46
|
|t:|1665225325
|move|p2a: Tyranitar|Pursuit|p1a: Chansey
|-damage|p1a: Chansey|67/100
|move|p1a: Chansey|Seismic Toss|p2a: Tyranitar
|-damage|p2a: Tyranitar|20/100
|
|-heal|p2a: Tyranitar|26/100|[from] item: Leftovers
|upkeep
|turn|47
|
|t:|1665225328
|move|p2a: Tyranitar|Rest|p2a: Tyranitar
|-status|p2a: Tyranitar|slp|[from] move: Rest
|-heal|p2a: Tyranitar|100/100 slp|[silent]
|move|p1a: Chansey|Toxic||[still]
|-fail|p1a: Chansey
|
|upkeep
|turn|48
|
|t:|1665225332
|switch|p2a: Arceus|Arceus-Ground|43/100 tox
|move|p1a: Chansey|Soft-Boiled|p1a: Chansey
|-heal|p1a: Chansey|100/100
|
|-damage|p2a: Arceus|37/100 tox|[from] psn
|upkeep
|turn|49
|
|t:|1665225334
|move|p2a: Arceus|Recover|p2a: Arceus
|-heal|p2a: Arceus|87/100 tox
|move|p1a: Chansey|Seismic Toss|p2a: Arceus
|-damage|p2a: Arceus|65/100 tox
|
|-damage|p2a: Arceus|53/100 tox|[from] psn
|upkeep
|turn|50
|c|☆iHaveAsthma|just ff
|c|☆iHaveAsthma|you're wasting so much time
|c|☆iHaveAsthma|please
|
|t:|1665225347
|move|p2a: Arceus|Recover|p2a: Arceus
|-heal|p2a: Arceus|100/100 tox
|move|p1a: Chansey|Seismic Toss|p2a: Arceus
|-damage|p2a: Arceus|78/100 tox
|
|-damage|p2a: Arceus|60/100 tox|[from] psn
|upkeep
|turn|51
|c|☆SoundHas1Ping|nope
|
|t:|1665225353
|switch|p2a: Tyranitar|Tyranitar, M|100/100 slp
|-weather|Sandstorm|[from] ability: Sand Stream|[of] p2a: Tyranitar
|move|p1a: Chansey|Seismic Toss|p2a: Tyranitar
|-damage|p2a: Tyranitar|76/100 slp
|
|-weather|Sandstorm|[upkeep]
|-damage|p1a: Chansey|94/100|[from] Sandstorm
|-heal|p2a: Tyranitar|82/100 slp|[from] item: Leftovers
|upkeep
|turn|52
|
|t:|1665225358
|-start|p1a: Chansey|Dynamax|
|-heal|p1a: Chansey|94/100|[silent]
|cant|p2a: Tyranitar|slp
|move|p1a: Chansey|Max Knuckle|p2a: Tyranitar
|-supereffective|p2a: Tyranitar
|-damage|p2a: Tyranitar|79/100 slp
|-boost|p1a: Chansey|atk|1
|
|-weather|Sandstorm|[upkeep]
|-damage|p1a: Chansey|91/100|[from] Sandstorm
|-heal|p2a: Tyranitar|85/100 slp|[from] item: Leftovers
|upkeep
|turn|53
|
|t:|1665225368
|switch|p2a: Lugia|Lugia|100/100
|move|p1a: Chansey|Max Knuckle|p2a: Lugia
|-resisted|p2a: Lugia
|-damage|p2a: Lugia|99/100
|-boost|p1a: Chansey|atk|1
|
|-weather|Sandstorm|[upkeep]
|-damage|p2a: Lugia|94/100|[from] Sandstorm
|-damage|p1a: Chansey|88/100|[from] Sandstorm
|upkeep
|turn|54
|c|☆iHaveAsthma|okay bot
|
|t:|1665225374
|move|p1a: Chansey|Max Guard|p1a: Chansey
|-singleturn|p1a: Chansey|Max Guard
|move|p2a: Lugia|Roost|p2a: Lugia
|-heal|p2a: Lugia|100/100
|-singleturn|p2a: Lugia|move: Roost
|
|-weather|Sandstorm|[upkeep]
|-damage|p2a: Lugia|94/100|[from] Sandstorm
|-damage|p1a: Chansey|85/100|[from] Sandstorm
|upkeep
|-end|p1a: Chansey|Dynamax
|-heal|p1a: Chansey|85/100|[silent]
|turn|55
|c|☆SoundHas1Ping|salt
|
|t:|1665225380
|move|p2a: Lugia|Thunder Wave|p1a: Chansey
|-status|p1a: Chansey|par
|move|p1a: Chansey|Toxic|p2a: Lugia
|-status|p2a: Lugia|tox
|
|-weather|none
|-damage|p2a: Lugia|88/100 tox|[from] psn
|upkeep
|turn|56
|c|☆iHaveAsthma|not really
|c|☆iHaveAsthma|ur losing so idrm
|
|t:|1665225388
|switch|p2a: Tyranitar|Tyranitar, M|85/100 slp
|-weather|Sandstorm|[from] ability: Sand Stream|[of] p2a: Tyranitar
|move|p1a: Chansey|Aromatherapy|p1a: Chansey
|-activate|p1a: Chansey|move: Aromatherapy
|-curestatus|p1a: Chansey|par|[msg]
|
|-weather|Sandstorm|[upkeep]
|-damage|p1a: Chansey|79/100|[from] Sandstorm
|-heal|p2a: Tyranitar|91/100 slp|[from] item: Leftovers
|upkeep
|turn|57
|c|☆SoundHas1Ping|you belittle others is saltyness
|
|t:|1665225411
|cant|p2a: Tyranitar|slp
|move|p1a: Chansey|Seismic Toss|p2a: Tyranitar
|-damage|p2a: Tyranitar|67/100 slp
|
|-weather|Sandstorm|[upkeep]
|-damage|p1a: Chansey|72/100|[from] Sandstorm
|-heal|p2a: Tyranitar|73/100 slp|[from] item: Leftovers
|upkeep
|turn|58
|c|☆iHaveAsthma|firstly, learn to type properly
|c|☆iHaveAsthma|secondly, if you wanna call it salt call it bro.
|c|☆iHaveAsthma|I'm salty
|inactive|iHaveAsthma has 120 seconds left.
|c|☆iHaveAsthma|but I also win so
|c|☆iHaveAsthma|I'll take that babyyy
|
|t:|1665225452
|-curestatus|p2a: Tyranitar|slp|[msg]
|move|p2a: Tyranitar|Pursuit|p1a: Chansey
|-damage|p1a: Chansey|58/100
|move|p1a: Chansey|Soft-Boiled|p1a: Chansey
|-heal|p1a: Chansey|100/100
|
|-weather|Sandstorm|[upkeep]
|-damage|p1a: Chansey|94/100|[from] Sandstorm
|-heal|p2a: Tyranitar|79/100|[from] item: Leftovers
|upkeep
|turn|59
|j| ljlnamok
|
|t:|1665225474
|move|p2a: Tyranitar|Rock Tomb|p1a: Chansey
|-damage|p1a: Chansey|75/100
|-unboost|p1a: Chansey|spe|1
|move|p1a: Chansey|Seismic Toss|p2a: Tyranitar
|-damage|p2a: Tyranitar|54/100
|
|-weather|Sandstorm|[upkeep]
|-damage|p1a: Chansey|69/100|[from] Sandstorm
|-heal|p2a: Tyranitar|60/100|[from] item: Leftovers
|upkeep
|turn|60
|
|t:|1665225480
|move|p2a: Tyranitar|Rock Tomb|p1a: Chansey|[miss]
|-miss|p2a: Tyranitar|p1a: Chansey
|move|p1a: Chansey|Toxic|p2a: Tyranitar
|-status|p2a: Tyranitar|tox
|
|-weather|none
|-heal|p2a: Tyranitar|67/100 tox|[from] item: Leftovers
|-damage|p2a: Tyranitar|60/100 tox|[from] psn
|upkeep
|turn|61
|l| ljlnamok
|j| 123456789thai
|l| 123456789thai
|inactive|iHaveAsthma has 120 seconds left.
|
|t:|1665225500
|move|p2a: Tyranitar|Rock Tomb|p1a: Chansey
|-damage|p1a: Chansey|50/100
|-unboost|p1a: Chansey|spe|1
|move|p1a: Chansey|Soft-Boiled|p1a: Chansey
|-heal|p1a: Chansey|99/100
|
|-heal|p2a: Tyranitar|67/100 tox|[from] item: Leftovers
|-damage|p2a: Tyranitar|54/100 tox|[from] psn
|upkeep
|turn|62
|
|t:|1665225509
|move|p2a: Tyranitar|Rest|p2a: Tyranitar
|-status|p2a: Tyranitar|slp|[from] move: Rest
|-heal|p2a: Tyranitar|100/100 slp|[silent]
|move|p1a: Chansey|Toxic||[still]
|-fail|p1a: Chansey
|
|upkeep
|turn|63
|
|t:|1665225520
|cant|p2a: Tyranitar|slp
|move|p1a: Chansey|Seismic Toss|p2a: Tyranitar
|-damage|p2a: Tyranitar|76/100 slp
|
|-heal|p2a: Tyranitar|82/100 slp|[from] item: Leftovers
|upkeep
|turn|64
|
|t:|1665225535
|cant|p2a: Tyranitar|slp
|move|p1a: Chansey|Seismic Toss|p2a: Tyranitar
|-damage|p2a: Tyranitar|57/100 slp
|
|-heal|p2a: Tyranitar|63/100 slp|[from] item: Leftovers
|upkeep
|turn|65
|
|t:|1665225540
|-curestatus|p2a: Tyranitar|slp|[msg]
|move|p2a: Tyranitar|Rock Tomb|p1a: Chansey
|-damage|p1a: Chansey|78/100
|-unboost|p1a: Chansey|spe|1
|move|p1a: Chansey|Seismic Toss|p2a: Tyranitar
|-damage|p2a: Tyranitar|39/100
|
|-heal|p2a: Tyranitar|45/100|[from] item: Leftovers
|upkeep
|turn|66
|
|t:|1665225546
|move|p2a: Tyranitar|Pursuit|p1a: Chansey
|-damage|p1a: Chansey|63/100
|move|p1a: Chansey|Seismic Toss|p2a: Tyranitar
|-damage|p2a: Tyranitar|20/100
|
|-heal|p2a: Tyranitar|26/100|[from] item: Leftovers
|upkeep
|turn|67
|
|t:|1665225549
|move|p2a: Tyranitar|Rest|p2a: Tyranitar
|-status|p2a: Tyranitar|slp|[from] move: Rest
|-heal|p2a: Tyranitar|100/100 slp|[silent]
|move|p1a: Chansey|Seismic Toss|p2a: Tyranitar
|-damage|p2a: Tyranitar|76/100 slp
|
|-heal|p2a: Tyranitar|82/100 slp|[from] item: Leftovers
|upkeep
|turn|68
|
|t:|1665225557
|cant|p2a: Tyranitar|slp
|move|p1a: Chansey|Seismic Toss|p2a: Tyranitar
|-damage|p2a: Tyranitar|57/100 slp
|
|-heal|p2a: Tyranitar|63/100 slp|[from] item: Leftovers
|upkeep
|turn|69
|
|t:|1665225559
|cant|p2a: Tyranitar|slp
|move|p1a: Chansey|Soft-Boiled|p1a: Chansey
|-heal|p1a: Chansey|100/100
|
|-heal|p2a: Tyranitar|70/100 slp|[from] item: Leftovers
|upkeep
|turn|70
|
|t:|1665225564
|-curestatus|p2a: Tyranitar|slp|[msg]
|move|p2a: Tyranitar|Rock Tomb|p1a: Chansey
|-damage|p1a: Chansey|82/100
|-unboost|p1a: Chansey|spe|1
|move|p1a: Chansey|Seismic Toss|p2a: Tyranitar
|-damage|p2a: Tyranitar|45/100
|
|-heal|p2a: Tyranitar|51/100|[from] item: Leftovers
|upkeep
|turn|71
|
|t:|1665225568
|move|p2a: Tyranitar|Rock Tomb|p1a: Chansey
|-damage|p1a: Chansey|62/100
|-unboost|p1a: Chansey|spe|1
|move|p1a: Chansey|Seismic Toss|p2a: Tyranitar
|-damage|p2a: Tyranitar|26/100
|
|-heal|p2a: Tyranitar|32/100|[from] item: Leftovers
|upkeep
|turn|72
|
|t:|1665225575
|move|p2a: Tyranitar|Rest|p2a: Tyranitar
|-status|p2a: Tyranitar|slp|[from] move: Rest
|-heal|p2a: Tyranitar|100/100 slp|[silent]
|move|p1a: Chansey|Soft-Boiled|p1a: Chansey
|-heal|p1a: Chansey|100/100
|
|upkeep
|turn|73
|
|t:|1665225580
|cant|p2a: Tyranitar|slp
|move|p1a: Chansey|Seismic Toss|p2a: Tyranitar
|-damage|p2a: Tyranitar|76/100 slp
|
|-heal|p2a: Tyranitar|82/100 slp|[from] item: Leftovers
|upkeep
|turn|74
|c|☆iHaveAsthma|this is a masterclass from me
|
|t:|1665225609
|cant|p2a: Tyranitar|slp
|move|p1a: Chansey|Seismic Toss|p2a: Tyranitar
|-damage|p2a: Tyranitar|57/100 slp
|
|-heal|p2a: Tyranitar|63/100 slp|[from] item: Leftovers
|upkeep
|turn|75
|c|☆iHaveAsthma|are you learning?
|
|t:|1665225617
|-curestatus|p2a: Tyranitar|slp|[msg]
|move|p2a: Tyranitar|Rock Tomb|p1a: Chansey
|-damage|p1a: Chansey|81/100
|move|p1a: Chansey|Seismic Toss|p2a: Tyranitar
|-damage|p2a: Tyranitar|39/100
|
|-heal|p2a: Tyranitar|45/100|[from] item: Leftovers
|upkeep
|turn|76
|
|t:|1665225622
|move|p2a: Tyranitar|Rock Tomb|p1a: Chansey
|-damage|p1a: Chansey|61/100
|move|p1a: Chansey|Toxic|p2a: Tyranitar
|-status|p2a: Tyranitar|tox
|
|-heal|p2a: Tyranitar|51/100 tox|[from] item: Leftovers
|-damage|p2a: Tyranitar|45/100 tox|[from] psn
|upkeep
|turn|77
|inactive|iHaveAsthma has 120 seconds left.
|c|☆SoundHas1Ping|i'm learning that you are so salty that you belittle others to feel better
|c|☆iHaveAsthma|I don't have to belittle a 1600 elo player to feel better my g
|inactive|iHaveAsthma has 90 seconds left.
|c|☆iHaveAsthma|but sure
|
|t:|1665225684
|move|p2a: Tyranitar|Rest|p2a: Tyranitar
|-status|p2a: Tyranitar|slp|[from] move: Rest
|-heal|p2a: Tyranitar|100/100 slp|[silent]
|move|p1a: Chansey|Soft-Boiled|p1a: Chansey
|-heal|p1a: Chansey|100/100
|
|upkeep
|turn|78
|
|t:|1665225694
|cant|p2a: Tyranitar|slp
|move|p1a: Chansey|Toxic||[still]
|-fail|p1a: Chansey
|
|upkeep
|turn|79
|inactive|SoundHas1Ping has 120 seconds left.
|inactive|SoundHas1Ping has 90 seconds left.
|inactive|SoundHas1Ping has 60 seconds left.
|c|☆iHaveAsthma|https://play.pokemonshowdown.com/battle-gen8nationaldexag-1680677603
|
|t:|1665225812
|cant|p2a: Tyranitar|slp
|move|p1a: Chansey|Toxic||[still]
|-fail|p1a: Chansey
|
|upkeep
|turn|80
|c|☆iHaveAsthma|Here's my other battle I just won!
|c|☆iHaveAsthma|Playing while I played you baby
|
|t:|1665225821
|-curestatus|p2a: Tyranitar|slp|[msg]
|move|p2a: Tyranitar|Rock Tomb|p1a: Chansey|[miss]
|-miss|p2a: Tyranitar|p1a: Chansey
|move|p1a: Chansey|Toxic|p2a: Tyranitar
|-status|p2a: Tyranitar|tox
|
|-damage|p2a: Tyranitar|94/100 tox|[from] psn
|upkeep
|turn|81
|c|☆iHaveAsthma|Check it out bro
|
|t:|1665225827
|move|p2a: Tyranitar|Earthquake|p1a: Chansey
|-damage|p1a: Chansey|77/100
|move|p1a: Chansey|Toxic|p2a: Tyranitar
|-fail|p2a: Tyranitar|tox
|
|-heal|p2a: Tyranitar|100/100 tox|[from] item: Leftovers
|-damage|p2a: Tyranitar|88/100 tox|[from] psn
|upkeep
|turn|82
|
|t:|1665225831
|move|p2a: Tyranitar|Earthquake|p1a: Chansey
|-damage|p1a: Chansey|54/100
|move|p1a: Chansey|Toxic|p2a: Tyranitar
|-fail|p2a: Tyranitar|tox
|
|-heal|p2a: Tyranitar|94/100 tox|[from] item: Leftovers
|-damage|p2a: Tyranitar|76/100 tox|[from] psn
|upkeep
|turn|83
|
|t:|1665225834
|move|p2a: Tyranitar|Earthquake|p1a: Chansey
|-damage|p1a: Chansey|33/100
|move|p1a: Chansey|Soft-Boiled|p1a: Chansey
|-heal|p1a: Chansey|83/100
|
|-heal|p2a: Tyranitar|82/100 tox|[from] item: Leftovers
|-damage|p2a: Tyranitar|57/100 tox|[from] psn
|upkeep
|turn|84
|
|t:|1665225838
|move|p2a: Tyranitar|Earthquake|p1a: Chansey
|-damage|p1a: Chansey|59/100
|move|p1a: Chansey|Soft-Boiled|p1a: Chansey
|-heal|p1a: Chansey|100/100
|
|-heal|p2a: Tyranitar|63/100 tox|[from] item: Leftovers
|-damage|p2a: Tyranitar|32/100 tox|[from] psn
|upkeep
|turn|85
|l|☆SoundHas1Ping
|inactive|SoundHas1Ping disconnected and has a minute to reconnect!
|player|p1|
|j| KoKoms
|inactive|SoundHas1Ping has 30 seconds to reconnect!
|inactive|SoundHas1Ping has 20 seconds to reconnect!
|inactive|SoundHas1Ping has 15 seconds to reconnect!
|inactive|SoundHas1Ping has 10 seconds to reconnect!
|c|☆iHaveAsthma|ez
|j|☆SoundHas1Ping
|inactive|SoundHas1Ping reconnected and has 30 seconds left.
|player|p1|SoundHas1Ping|lucas
|
|t:|1665225904
|move|p2a: Tyranitar|Rest|p2a: Tyranitar
|-status|p2a: Tyranitar|slp|[from] move: Rest
|-heal|p2a: Tyranitar|100/100 slp|[silent]
|move|p1a: Chansey|Soft-Boiled||[still]
|-fail|p1a: Chansey|heal
|
|upkeep
|turn|86
|
|t:|1665225908
|cant|p2a: Tyranitar|slp
|move|p1a: Chansey|Toxic||[still]
|-fail|p1a: Chansey
|
|upkeep
|turn|87
|
|t:|1665225930
|cant|p2a: Tyranitar|slp
|move|p1a: Chansey|Aromatherapy||[still]
|-activate|p1a: Chansey|move: Aromatherapy
|-fail|p1a: Chansey
|
|upkeep
|turn|88
|
|t:|1665225935
|-curestatus|p2a: Tyranitar|slp|[msg]
|move|p2a: Tyranitar|Pursuit|p1a: Chansey
|-damage|p1a: Chansey|86/100
|move|p1a: Chansey|Aromatherapy||[still]
|-activate|p1a: Chansey|move: Aromatherapy
|-fail|p1a: Chansey
|
|upkeep
|turn|89
|
|t:|1665225939
|move|p2a: Tyranitar|Pursuit|p1a: Chansey
|-damage|p1a: Chansey|72/100
|move|p1a: Chansey|Aromatherapy||[still]
|-activate|p1a: Chansey|move: Aromatherapy
|-fail|p1a: Chansey
|
|upkeep
|turn|90
|
|t:|1665225944
|move|p2a: Tyranitar|Pursuit|p1a: Chansey
|-damage|p1a: Chansey|58/100
|move|p1a: Chansey|Aromatherapy||[still]
|-activate|p1a: Chansey|move: Aromatherapy
|-fail|p1a: Chansey
|
|upkeep
|turn|91
|
|t:|1665225947
|move|p2a: Tyranitar|Pursuit|p1a: Chansey
|-damage|p1a: Chansey|44/100
|move|p1a: Chansey|Soft-Boiled|p1a: Chansey
|-heal|p1a: Chansey|94/100
|
|upkeep
|turn|92
|
|t:|1665225950
|move|p2a: Tyranitar|Rock Tomb|p1a: Chansey
|-damage|p1a: Chansey|72/100
|move|p1a: Chansey|Aromatherapy||[still]
|-activate|p1a: Chansey|move: Aromatherapy
|-fail|p1a: Chansey
|
|upkeep
|turn|93
|
|t:|1665225953
|move|p2a: Tyranitar|Rock Tomb|p1a: Chansey
|-damage|p1a: Chansey|50/100
|move|p1a: Chansey|Aromatherapy||[still]
|-activate|p1a: Chansey|move: Aromatherapy
|-fail|p1a: Chansey
|
|upkeep
|turn|94
|
|t:|1665225956
|move|p2a: Tyranitar|Rock Tomb|p1a: Chansey
|-damage|p1a: Chansey|30/100
|move|p1a: Chansey|Aromatherapy||[still]
|-activate|p1a: Chansey|move: Aromatherapy
|-fail|p1a: Chansey
|
|upkeep
|turn|95
|
|t:|1665225958
|move|p2a: Tyranitar|Rock Tomb|p1a: Chansey
|-damage|p1a: Chansey|9/100
|-activate|p1a: Chansey|move: Struggle
|move|p1a: Chansey|Struggle|p2a: Tyranitar
|-damage|p2a: Tyranitar|99/100
|-damage|p1a: Chansey|0 fnt|[from] recoil
|faint|p1a: Chansey
|
|win|iHaveAsthma
|raw|SoundHas1Ping's rating: 1676 &rarr; <strong>1667</strong><br />(-9 for losing)
|raw|iHaveAsthma's rating: 1879 &rarr; <strong>1888</strong><br />(+9 for winning)
|c|☆iHaveAsthma|chunkyy
|c|☆iHaveAsthma|ez
