|j|☆Alice_Finnemore
|j|☆Memeteamubers45
|t:|1650845420
|gametype|singles
|player|p1|Alice_Finnemore|cynthia|1419
|player|p2|Memeteamubers45|lady|1461
|teamsize|p1|6
|teamsize|p2|6
|gen|8
|tier|[Gen 8] National Dex AG
|rated|
|rule|HP Percentage Mod: HP is shown in percentages
|rule|Endless Battle Clause: Forcing endless battles is banned
|clearpoke
|poke|p1|Cottonee, L1, M|
|poke|p1|Dunsparce, F|
|poke|p1|Sandaconda, M|
|poke|p1|Ditto|
|poke|p1|Gengar, M|
|poke|p1|Cloyster, F|
|poke|p2|Zacian-*|
|poke|p2|Xerneas-*|
|poke|p2|Deoxys-Attack|
|poke|p2|Eevee, F|
|poke|p2|Kyogre|
|poke|p2|Grimmsnarl, M|
|teampreview
|inactive|Battle timer is ON: inactive players will automatically lose when time's up. (requested by Alice_Finnemore)
|
|t:|1650845435
|start
|switch|p1a: Sandaconda|Sandaconda, M|100/100
|switch|p2a: Grimmsnarl|Grimmsnarl, M|100/100
|turn|1
|
|t:|1650845439
|move|p2a: Grimmsnarl|Taunt|p1a: Sandaconda
|-start|p1a: Sandaconda|move: Taunt
|cant|p1a: Sandaconda|move: Taunt|Glare
|
|upkeep
|turn|2
|
|t:|1650845451
|switch|p1a: Gengar|Gengar, M|100/100
|move|p2a: Grimmsnarl|Reflect|p2a: Grimmsnarl
|-sidestart|p2: Memeteamubers45|Reflect
|
|upkeep
|turn|3
|
|t:|1650845455
|detailschange|p1a: Gengar|Gengar-Mega, M
|-mega|p1a: Gengar|Gengar|Gengarite
|move|p2a: Grimmsnarl|Taunt|p1a: Gengar
|-start|p1a: Gengar|move: Taunt
|cant|p1a: Gengar|move: Taunt|Encore
|
|upkeep
|turn|4
|
|t:|1650845463
|switch|p1a: Cottonee|Cottonee, L1, M|100/100
|move|p2a: Grimmsnarl|Light Screen|p2a: Grimmsnarl
|-sidestart|p2: Memeteamubers45|move: Light Screen
|
|upkeep
|turn|5
|
|t:|1650845467
|switch|p1a: Gengar|Gengar-Mega, M|100/100
|move|p2a: Grimmsnarl|Taunt|p1a: Gengar
|-start|p1a: Gengar|move: Taunt
|
|upkeep
|turn|6
|
|t:|1650845473
|switch|p1a: Cottonee|Cottonee, L1, M|100/100
|move|p2a: Grimmsnarl|Thunder Wave|p1a: Cottonee
|-status|p1a: Cottonee|par
|
|upkeep
|turn|7
|
|t:|1650845478
|move|p2a: Grimmsnarl|Taunt|p1a: Cottonee
|-start|p1a: Cottonee|move: Taunt
|cant|p1a: Cottonee|move: Taunt|Leech Seed
|
|upkeep
|turn|8
|
|t:|1650845483
|switch|p1a: Gengar|Gengar-Mega, M|100/100
|move|p2a: Grimmsnarl|Taunt|p1a: Gengar
|-start|p1a: Gengar|move: Taunt
|
|upkeep
|turn|9
|
|t:|1650845486
|switch|p1a: Cottonee|Cottonee, L1, M|100/100 par
|move|p2a: Grimmsnarl|Taunt|p1a: Cottonee
|-start|p1a: Cottonee|move: Taunt
|
|-sideend|p2: Memeteamubers45|Reflect
|upkeep
|turn|10
|
|t:|1650845492
|switch|p1a: Gengar|Gengar-Mega, M|100/100
|move|p2a: Grimmsnarl|Thunder Wave|p1a: Gengar
|-status|p1a: Gengar|par
|
|upkeep
|turn|11
|
|t:|1650845497
|switch|p1a: Cottonee|Cottonee, L1, M|100/100 par
|move|p2a: Grimmsnarl|Taunt|p1a: Cottonee
|-start|p1a: Cottonee|move: Taunt
|
|-sideend|p2: Memeteamubers45|move: Light Screen
|upkeep
|turn|12
|c|☆Memeteamubers45|lollll
|
|t:|1650845503
|switch|p1a: Gengar|Gengar-Mega, M|100/100 par
|move|p2a: Grimmsnarl|Light Screen|p2a: Grimmsnarl
|-sidestart|p2: Memeteamubers45|move: Light Screen
|
|upkeep
|turn|13
|
|t:|1650845508
|switch|p1a: Cottonee|Cottonee, L1, M|100/100 par
|move|p2a: Grimmsnarl|Taunt|p1a: Cottonee
|-start|p1a: Cottonee|move: Taunt
|
|upkeep
|turn|14
|
|t:|1650845517
|switch|p1a: Gengar|Gengar-Mega, M|100/100 par
|move|p2a: Grimmsnarl|Thunder Wave|p1a: Gengar
|-fail|p1a: Gengar|par
|
|upkeep
|turn|15
|c|☆Memeteamubers45|What is your plan M8
|
|t:|1650845530
|switch|p1a: Sandaconda|Sandaconda, M|100/100
|move|p2a: Grimmsnarl|Taunt|p1a: Sandaconda
|-start|p1a: Sandaconda|move: Taunt
|
|upkeep
|turn|16
|
|t:|1650845536
|switch|p1a: Cottonee|Cottonee, L1, M|100/100 par
|move|p2a: Grimmsnarl|Reflect|p2a: Grimmsnarl
|-sidestart|p2: Memeteamubers45|Reflect
|
|upkeep
|turn|17
|
|t:|1650845540
|switch|p1a: Gengar|Gengar-Mega, M|100/100 par
|move|p2a: Grimmsnarl|Taunt|p1a: Gengar
|-start|p1a: Gengar|move: Taunt
|
|upkeep
|turn|18
|
|t:|1650845547
|switch|p1a: Cottonee|Cottonee, L1, M|100/100 par
|move|p2a: Grimmsnarl|Taunt|p1a: Cottonee
|-start|p1a: Cottonee|move: Taunt
|
|upkeep
|turn|19
|
|t:|1650845559
|switch|p2a: Deoxys|Deoxys-Attack|100/100
|-ability|p2a: Deoxys|Pressure
|switch|p1a: Gengar|Gengar-Mega, M|100/100 par
|
|-sideend|p2: Memeteamubers45|move: Light Screen
|upkeep
|turn|20
|
|t:|1650845566
|move|p2a: Deoxys|Shadow Ball|p1a: Gengar
|-supereffective|p1a: Gengar
|-damage|p1a: Gengar|20/100 par
|cant|p1a: Gengar|par
|
|upkeep
|turn|21
|
|t:|1650845572
|move|p2a: Deoxys|Shadow Ball|p1a: Gengar
|-supereffective|p1a: Gengar
|-damage|p1a: Gengar|0 fnt
|faint|p1a: Gengar
|
|upkeep
|
|t:|1650845574
|switch|p1a: Sandaconda|Sandaconda, M|100/100
|turn|22
|
|t:|1650845578
|move|p2a: Deoxys|Nasty Plot|p2a: Deoxys
|-boost|p2a: Deoxys|spa|2
|move|p1a: Sandaconda|Glare|p2a: Deoxys
|-status|p2a: Deoxys|par
|
|upkeep
|turn|23
|
|t:|1650845584
|move|p2a: Deoxys|Psychic|p1a: Sandaconda
|-damage|p1a: Sandaconda|0 fnt
|faint|p1a: Sandaconda
|
|-sideend|p2: Memeteamubers45|Reflect
|upkeep
|
|t:|1650845588
|switch|p1a: Cottonee|Cottonee, L1, M|100/100 par
|turn|24
|c|☆Memeteamubers45|your team gets RUINED by taunt
|
|t:|1650845596
|move|p1a: Cottonee|Leech Seed|p2a: Deoxys
|-start|p2a: Deoxys|move: Leech Seed
|cant|p2a: Deoxys|par
|
|-damage|p2a: Deoxys|88/100 par|[from] Leech Seed|[of] p1a: Cottonee
|upkeep
|turn|25
|
|t:|1650845602
|switch|p2a: Grimmsnarl|Grimmsnarl, M|100/100
|move|p1a: Cottonee|Substitute|p1a: Cottonee
|-start|p1a: Cottonee|Substitute
|-damage|p1a: Cottonee|75/100 par
|
|upkeep
|turn|26
|
|t:|1650845608
|cant|p1a: Cottonee|par
|move|p2a: Grimmsnarl|Taunt|p1a: Cottonee
|-start|p1a: Cottonee|move: Taunt
|
|upkeep
|turn|27
|
|t:|1650845614
|switch|p2a: Eevee|Eevee, F, shiny|100/100
|switch|p1a: Dunsparce|Dunsparce, F|100/100
|
|upkeep
|turn|28
|
|t:|1650845620
|move|p1a: Dunsparce|Glare|p2a: Eevee
|-status|p2a: Eevee|par
|-zpower|p2a: Eevee
|move|p2a: Eevee|Extreme Evoboost|p2a: Eevee
|-boost|p2a: Eevee|atk|2
|-boost|p2a: Eevee|def|2
|-boost|p2a: Eevee|spa|2
|-boost|p2a: Eevee|spd|2
|-boost|p2a: Eevee|spe|2
|
|upkeep
|turn|29
|
|t:|1650845629
|switch|p1a: Cottonee|Cottonee, L1, M|75/100 par
|move|p2a: Eevee|Last Resort||[still]
|-fail|p2a: Eevee
|
|upkeep
|turn|30
|
|t:|1650845635
|move|p1a: Cottonee|Leech Seed|p2a: Eevee
|-start|p2a: Eevee|move: Leech Seed
|move|p2a: Eevee|Last Resort||[still]
|-fail|p2a: Eevee
|
|-damage|p2a: Eevee|88/100 par|[from] Leech Seed|[of] p1a: Cottonee
|-heal|p1a: Cottonee|100/100 par|[silent]
|upkeep
|turn|31
|
|t:|1650845643
|cant|p1a: Cottonee|par
|move|p2a: Eevee|Baton Pass|p2a: Eevee
|
|t:|1650845646
|switch|p2a: Zacian|Zacian-Crowned, shiny|100/100|[from]move: Baton Pass
|-ability|p2a: Zacian|Intrepid Sword|boost
|-boost|p2a: Zacian|atk|1
|
|-damage|p2a: Zacian|88/100|[from] Leech Seed|[of] p1a: Cottonee
|upkeep
|turn|32
|
|t:|1650845652
|move|p1a: Cottonee|Protect|p1a: Cottonee
|-singleturn|p1a: Cottonee|Protect
|move|p2a: Zacian|Behemoth Blade|p1a: Cottonee
|-activate|p1a: Cottonee|move: Protect
|
|-damage|p2a: Zacian|76/100|[from] Leech Seed|[of] p1a: Cottonee
|upkeep
|turn|33
|
|t:|1650845659
|move|p1a: Cottonee|Substitute|p1a: Cottonee
|-start|p1a: Cottonee|Substitute
|-damage|p1a: Cottonee|75/100 par
|move|p2a: Zacian|Behemoth Blade|p1a: Cottonee
|-supereffective|p1a: Cottonee
|-end|p1a: Cottonee|Substitute
|
|-damage|p2a: Zacian|64/100|[from] Leech Seed|[of] p1a: Cottonee
|-heal|p1a: Cottonee|100/100 par|[silent]
|upkeep
|turn|34
|
|t:|1650845668
|move|p1a: Cottonee|Substitute|p1a: Cottonee
|-start|p1a: Cottonee|Substitute
|-damage|p1a: Cottonee|75/100 par
|move|p2a: Zacian|Behemoth Blade|p1a: Cottonee
|-supereffective|p1a: Cottonee
|-end|p1a: Cottonee|Substitute
|
|-damage|p2a: Zacian|51/100|[from] Leech Seed|[of] p1a: Cottonee
|-heal|p1a: Cottonee|100/100 par|[silent]
|upkeep
|turn|35
|c|☆Memeteamubers45|Your not good Just annoying
|c|☆Memeteamubers45|XD
|
|t:|1650845684
|move|p1a: Cottonee|Protect|p1a: Cottonee
|-singleturn|p1a: Cottonee|Protect
|move|p2a: Zacian|Behemoth Blade|p1a: Cottonee
|-activate|p1a: Cottonee|move: Protect
|
|-damage|p2a: Zacian|39/100|[from] Leech Seed|[of] p1a: Cottonee
|upkeep
|turn|36
|inactive|Alice_Finnemore has 120 seconds left.
|
|t:|1650845725
|switch|p2a: Grimmsnarl|Grimmsnarl, M|100/100
|move|p1a: Cottonee|Protect||[still]
|-fail|p1a: Cottonee
|
|upkeep
|turn|37
|c|☆Alice_Finnemore|I'm playing with my worst team xD
|
|t:|1650845755
|switch|p1a: Dunsparce|Dunsparce, F|100/100
|move|p2a: Grimmsnarl|Taunt|p1a: Dunsparce
|-start|p1a: Dunsparce|move: Taunt
|
|upkeep
|turn|38
|c|☆Memeteamubers45|cool i guess
|inactive|Memeteamubers45 has 120 seconds left.
|c|☆Memeteamubers45|sadly grimmsnarl doesnt have a attacking move
|
|t:|1650845773
|switch|p1a: Cottonee|Cottonee, L1, M|100/100 par
|move|p2a: Grimmsnarl|Thunder Wave|p1a: Cottonee
|-fail|p1a: Cottonee|par
|
|upkeep
|turn|39
|
|t:|1650845783
|switch|p1a: Dunsparce|Dunsparce, F|100/100
|move|p2a: Grimmsnarl|Taunt|p1a: Dunsparce
|-start|p1a: Dunsparce|move: Taunt
|
|upkeep
|turn|40
|
|t:|1650845789
|switch|p1a: Cottonee|Cottonee, L1, M|100/100 par
|move|p2a: Grimmsnarl|Light Screen|p2a: Grimmsnarl
|-sidestart|p2: Memeteamubers45|move: Light Screen
|
|upkeep
|turn|41
|
|t:|1650845793
|move|p2a: Grimmsnarl|Reflect|p2a: Grimmsnarl
|-sidestart|p2: Memeteamubers45|Reflect
|move|p1a: Cottonee|Leech Seed|p2a: Grimmsnarl
|-hint|Since gen 7, Dark is immune to Prankster moves.
|-immune|p2a: Grimmsnarl
|
|upkeep
|turn|42
|
|t:|1650845799
|switch|p1a: Dunsparce|Dunsparce, F|100/100
|move|p2a: Grimmsnarl|Taunt|p1a: Dunsparce
|-start|p1a: Dunsparce|move: Taunt
|
|upkeep
|turn|43
|c|☆Memeteamubers45|Can you please just accept you lost? i rlly dont wanna deal with cottene lol
|inactive|Memeteamubers45 has 120 seconds left.
|
|t:|1650845830
|switch|p1a: Cottonee|Cottonee, L1, M|100/100 par
|switch|p2a: Zacian|Zacian-Crowned, shiny|39/100
|-ability|p2a: Zacian|Intrepid Sword|boost
|-boost|p2a: Zacian|atk|1
|
|upkeep
|turn|44
|
|t:|1650845837
|move|p1a: Cottonee|Leech Seed|p2a: Zacian
|-start|p2a: Zacian|move: Leech Seed
|move|p2a: Zacian|Behemoth Blade|p1a: Cottonee
|-supereffective|p1a: Cottonee
|-enditem|p1a: Cottonee|Focus Sash
|-damage|p1a: Cottonee|9/100 par
|
|-damage|p2a: Zacian|27/100|[from] Leech Seed|[of] p1a: Cottonee
|-heal|p1a: Cottonee|100/100 par|[silent]
|upkeep
|turn|45
|
|t:|1650845847
|switch|p2a: Grimmsnarl|Grimmsnarl, M|100/100
|cant|p1a: Cottonee|par
|
|upkeep
|turn|46
|
|t:|1650845851
|switch|p1a: Dunsparce|Dunsparce, F|100/100
|move|p2a: Grimmsnarl|Taunt|p1a: Dunsparce
|-start|p1a: Dunsparce|move: Taunt
|
|upkeep
|turn|47
|inactive|Memeteamubers45 has 120 seconds left.
|c|☆Alice_Finnemore|If my worst team hinders you then you're not that good at pokemon xD
|c|☆Memeteamubers45|Dude cmon i got shit to do other than fuck around with your stupid cottene ok? i dont mean to be rude but this shit is annoying you just switch back and forth and think your special but your not so can we please just hurry this the fuck up?
|inactive|Memeteamubers45 has 90 seconds left.
|c|☆Alice_Finnemore|If my worst team hinders you then you're not that good at pokemon xD
|c|☆Memeteamubers45|Im good i just dont have a attacking move on grimsnarl
|inactive|Memeteamubers45 has 60 seconds left.
|c|☆Memeteamubers45|plus the fact the you just do nothing but switch suggest your not that good
|
|t:|1650845946
|switch|p1a: Cottonee|Cottonee, L1, M|100/100 par
|move|p2a: Grimmsnarl|Thunder Wave|p1a: Cottonee
|-fail|p1a: Cottonee|par
|
|-sideend|p2: Memeteamubers45|move: Light Screen
|upkeep
|turn|48
|
|t:|1650845952
|move|p2a: Grimmsnarl|Thunder Wave|p1a: Cottonee
|-fail|p1a: Cottonee|par
|move|p1a: Cottonee|Leech Seed|p2a: Grimmsnarl
|-hint|Since gen 7, Dark is immune to Prankster moves.
|-immune|p2a: Grimmsnarl
|
|-sideend|p2: Memeteamubers45|Reflect
|upkeep
|turn|49
|
|t:|1650845960
|move|p2a: Grimmsnarl|Thunder Wave|p1a: Cottonee
|-fail|p1a: Cottonee|par
|move|p1a: Cottonee|Substitute|p1a: Cottonee
|-start|p1a: Cottonee|Substitute
|-damage|p1a: Cottonee|75/100 par
|
|upkeep
|turn|50
|
|t:|1650845966
|move|p2a: Grimmsnarl|Taunt|p1a: Cottonee
|-start|p1a: Cottonee|move: Taunt
|cant|p1a: Cottonee|move: Taunt|Leech Seed
|
|upkeep
|turn|51
|
|t:|1650845972
|switch|p1a: Dunsparce|Dunsparce, F|100/100
|move|p2a: Grimmsnarl|Thunder Wave|p1a: Dunsparce
|-status|p1a: Dunsparce|par
|
|upkeep
|turn|52
|
|t:|1650845977
|switch|p1a: Cottonee|Cottonee, L1, M|75/100 par
|move|p2a: Grimmsnarl|Thunder Wave|p1a: Cottonee
|-fail|p1a: Cottonee|par
|
|upkeep
|turn|53
|inactive|Memeteamubers45 has 90 seconds left.
|
|t:|1650845983
|switch|p1a: Dunsparce|Dunsparce, F|100/100 par
|move|p2a: Grimmsnarl|Thunder Wave|p1a: Dunsparce
|-fail|p1a: Dunsparce|par
|
|upkeep
|turn|54
|
|t:|1650845988
|move|p2a: Grimmsnarl|Thunder Wave|p1a: Dunsparce
|-fail|p1a: Dunsparce|par
|move|p1a: Dunsparce|Glare|p2a: Grimmsnarl
|-status|p2a: Grimmsnarl|par
|
|upkeep
|turn|55
|
|t:|1650845997
|switch|p1a: Cottonee|Cottonee, L1, M|75/100 par
|switch|p2a: Kyogre|Kyogre, shiny|100/100
|-weather|RainDance|[from] ability: Drizzle|[of] p2a: Kyogre
|
|-weather|RainDance|[upkeep]
|upkeep
|turn|56
|
|t:|1650846005
|switch|p2a: Grimmsnarl|Grimmsnarl, M|100/100 par
|move|p1a: Cottonee|Leech Seed|p2a: Grimmsnarl
|-hint|Since gen 7, Dark is immune to Prankster moves.
|-immune|p2a: Grimmsnarl
|
|-weather|RainDance|[upkeep]
|upkeep
|turn|57
|
|t:|1650846012
|switch|p1a: Dunsparce|Dunsparce, F|100/100 par
|cant|p2a: Grimmsnarl|par
|
|-weather|RainDance|[upkeep]
|upkeep
|turn|58
|
|t:|1650846018
|switch|p2a: Kyogre|Kyogre, shiny|100/100
|move|p1a: Dunsparce|Glare|p2a: Kyogre
|-status|p2a: Kyogre|par
|
|-weather|RainDance|[upkeep]
|upkeep
|turn|59
|inactive|Memeteamubers45 has 120 seconds left.
|
|t:|1650846025
|switch|p2a: Grimmsnarl|Grimmsnarl, M|100/100 par
|switch|p1a: Cottonee|Cottonee, L1, M|75/100 par
|
|-weather|none
|upkeep
|turn|60
|
|t:|1650846031
|switch|p1a: Dunsparce|Dunsparce, F|100/100 par
|move|p2a: Grimmsnarl|Taunt|p1a: Dunsparce
|-start|p1a: Dunsparce|move: Taunt
|
|upkeep
|turn|61
|
|t:|1650846037
|move|p2a: Grimmsnarl|Taunt||[still]
|-fail|p2a: Grimmsnarl
|cant|p1a: Dunsparce|par
|
|upkeep
|turn|62
|
|t:|1650846041
|move|p2a: Grimmsnarl|Thunder Wave|p1a: Dunsparce
|-fail|p1a: Dunsparce|par
|move|p1a: Dunsparce|Ancient Power|p2a: Grimmsnarl
|-damage|p2a: Grimmsnarl|92/100 par
|
|-end|p1a: Dunsparce|move: Taunt
|upkeep
|turn|63
|
|t:|1650846048
|switch|p2a: Zacian|Zacian-Crowned, shiny|27/100
|-ability|p2a: Zacian|Intrepid Sword|boost
|-boost|p2a: Zacian|atk|1
|cant|p1a: Dunsparce|par
|
|upkeep
|turn|64
|
|t:|1650846055
|switch|p1a: Cottonee|Cottonee, L1, M|75/100 par
|move|p2a: Zacian|Close Combat|p1a: Cottonee
|-resisted|p1a: Cottonee
|-crit|p1a: Cottonee
|-damage|p1a: Cottonee|0 fnt
|-unboost|p2a: Zacian|def|1
|-unboost|p2a: Zacian|spd|1
|faint|p1a: Cottonee
|
|upkeep
|
|t:|1650846058
|switch|p1a: Ditto|Ditto|100/100
|-transform|p1a: Ditto|p2a: Zacian|[from] ability: Imposter
|-ability|p1a: Ditto|Intrepid Sword|boost
|-boost|p1a: Ditto|atk|1
|turn|65
|c|☆Memeteamubers45|Gg
|c|☆Memeteamubers45|finally
|c|☆Alice_Finnemore|xDDDDD
|
|t:|1650846071
|switch|p2a: Eevee|Eevee, F, shiny|88/100 par
|move|p1a: Ditto|Behemoth Blade|p2a: Eevee
|-damage|p2a: Eevee|0 fnt
|faint|p2a: Eevee
|
|upkeep
|
|t:|1650846079
|switch|p2a: Grimmsnarl|Grimmsnarl, M|92/100 par
|turn|66
|
|t:|1650846082
|switch|p1a: Dunsparce|Dunsparce, F|100/100 par
|move|p2a: Grimmsnarl|Thunder Wave|p1a: Dunsparce
|-fail|p1a: Dunsparce|par
|
|upkeep
|turn|67
|
|t:|1650846088
|cant|p2a: Grimmsnarl|par
|move|p1a: Dunsparce|Ancient Power|p2a: Grimmsnarl
|-damage|p2a: Grimmsnarl|84/100 par
|
|upkeep
|turn|68
|
|t:|1650846094
|move|p2a: Grimmsnarl|Reflect|p2a: Grimmsnarl
|-sidestart|p2: Memeteamubers45|Reflect
|move|p1a: Dunsparce|Glare|p2a: Grimmsnarl
|-fail|p2a: Grimmsnarl|par
|
|upkeep
|turn|69
|
|t:|1650846099
|move|p2a: Grimmsnarl|Light Screen|p2a: Grimmsnarl
|-sidestart|p2: Memeteamubers45|move: Light Screen
|move|p1a: Dunsparce|Headbutt|p2a: Grimmsnarl
|-damage|p2a: Grimmsnarl|74/100 par
|
|upkeep
|turn|70
|
|t:|1650846103
|switch|p2a: Xerneas|Xerneas, shiny|100/100
|-ability|p2a: Xerneas|Fairy Aura
|move|p1a: Dunsparce|Glare|p2a: Xerneas
|-status|p2a: Xerneas|par
|
|upkeep
|turn|71
|
|t:|1650846114
|cant|p2a: Xerneas|par
|move|p1a: Dunsparce|Ancient Power|p2a: Xerneas
|-damage|p2a: Xerneas|97/100 par
|-boost|p1a: Dunsparce|atk|1
|-boost|p1a: Dunsparce|def|1
|-boost|p1a: Dunsparce|spa|1
|-boost|p1a: Dunsparce|spd|1
|-boost|p1a: Dunsparce|spe|1
|
|upkeep
|turn|72
|
|t:|1650846126
|move|p1a: Dunsparce|Headbutt|p2a: Xerneas
|-damage|p2a: Xerneas|85/100 par
|cant|p2a: Xerneas|flinch
|
|upkeep
|turn|73
|c|☆Memeteamubers45|i love pokemon
|
|t:|1650846133
|move|p1a: Dunsparce|Headbutt|p2a: Xerneas
|-damage|p2a: Xerneas|73/100 par
|cant|p2a: Xerneas|flinch
|
|upkeep
|turn|74
|
|t:|1650846138
|move|p1a: Dunsparce|Headbutt|p2a: Xerneas
|-damage|p2a: Xerneas|62/100 par
|cant|p2a: Xerneas|flinch
|
|upkeep
|turn|75
|
|t:|1650846142
|move|p1a: Dunsparce|Headbutt|p2a: Xerneas
|-damage|p2a: Xerneas|50/100 par
|cant|p2a: Xerneas|par
|
|-sideend|p2: Memeteamubers45|Reflect
|upkeep
|turn|76
|
|t:|1650846147
|move|p1a: Dunsparce|Headbutt|p2a: Xerneas
|-damage|p2a: Xerneas|25/100 par
|cant|p2a: Xerneas|flinch
|
|-sideend|p2: Memeteamubers45|move: Light Screen
|upkeep
|turn|77
|
|t:|1650846152
|cant|p1a: Dunsparce|par
|move|p2a: Xerneas|Geomancy||[still]
|-prepare|p2a: Xerneas|Geomancy
|-enditem|p2a: Xerneas|Power Herb
|-anim|p2a: Xerneas|Geomancy|p2a: Xerneas
|-boost|p2a: Xerneas|spa|2
|-boost|p2a: Xerneas|spd|2
|-boost|p2a: Xerneas|spe|2
|
|upkeep
|turn|78
|
|t:|1650846160
|move|p2a: Xerneas|Moonblast|p1a: Dunsparce
|-damage|p1a: Dunsparce|0 fnt
|faint|p1a: Dunsparce
|
|upkeep
|c|☆Memeteamubers45|die
|
|t:|1650846163
|switch|p1a: Ditto|Ditto|100/100
|-transform|p1a: Ditto|p2a: Xerneas|[from] ability: Imposter
|-ability|p1a: Ditto|Fairy Aura
|turn|79
|
|t:|1650846169
|-start|p2a: Xerneas|Dynamax|
|-heal|p2a: Xerneas|25/100 par|[silent]
|move|p1a: Ditto|Moonblast|p2a: Xerneas
|-damage|p2a: Xerneas|0 fnt
|faint|p2a: Xerneas
|
|upkeep
|c|☆Alice_Finnemore|xDDDDDD
|
|t:|1650846178
|switch|p2a: Grimmsnarl|Grimmsnarl, M|74/100 par
|turn|80
|c|☆Memeteamubers45|xddddddddddddd all you want dude i just dont rlly care this cottene shit was a waste of my time
|
|t:|1650846202
|switch|p1a: Cloyster|Cloyster, F|100/100
|move|p2a: Grimmsnarl|Thunder Wave|p1a: Cloyster
|-status|p1a: Cloyster|par
|
|upkeep
|turn|81
|
|t:|1650846207
|move|p2a: Grimmsnarl|Taunt|p1a: Cloyster
|-start|p1a: Cloyster|move: Taunt
|move|p1a: Cloyster|Icicle Spear|p2a: Grimmsnarl
|-damage|p2a: Grimmsnarl|62/100 par
|-damage|p2a: Grimmsnarl|52/100 par
|-crit|p2a: Grimmsnarl
|-damage|p2a: Grimmsnarl|35/100 par
|-damage|p2a: Grimmsnarl|25/100 par
|-damage|p2a: Grimmsnarl|12/100 par
|-hitcount|p2a: Grimmsnarl|5
|
|upkeep
|turn|82
|
|t:|1650846221
|cant|p2a: Grimmsnarl|par
|cant|p1a: Cloyster|par
|
|upkeep
|turn|83
|
|t:|1650846224
|move|p2a: Grimmsnarl|Light Screen|p2a: Grimmsnarl
|-sidestart|p2: Memeteamubers45|move: Light Screen
|cant|p1a: Cloyster|par
|
|-end|p1a: Cloyster|move: Taunt
|upkeep
|turn|84
|
|t:|1650846229
|move|p2a: Grimmsnarl|Taunt|p1a: Cloyster
|-start|p1a: Cloyster|move: Taunt
|cant|p1a: Cloyster|move: Taunt|Shell Smash
|
|upkeep
|turn|85
|
|t:|1650846232
|move|p2a: Grimmsnarl|Reflect|p2a: Grimmsnarl
|-sidestart|p2: Memeteamubers45|Reflect
|move|p1a: Cloyster|Rapid Spin|p2a: Grimmsnarl
|-damage|p2a: Grimmsnarl|5/100 par
|-boost|p1a: Cloyster|spe|1
|
|upkeep
|turn|86
|
|t:|1650846240
|move|p2a: Grimmsnarl|Taunt||[still]
|-fail|p2a: Grimmsnarl
|move|p1a: Cloyster|Rapid Spin|p2a: Grimmsnarl
|-damage|p2a: Grimmsnarl|0 fnt
|-boost|p1a: Cloyster|spe|1
|faint|p2a: Grimmsnarl
|
|-end|p1a: Cloyster|move: Taunt
|upkeep
|
|t:|1650846251
|switch|p2a: Zacian|Zacian-Crowned, shiny|27/100
|-ability|p2a: Zacian|Intrepid Sword|boost
|-boost|p2a: Zacian|atk|1
|turn|87
|
|t:|1650846255
|move|p2a: Zacian|Behemoth Blade|p1a: Cloyster
|-damage|p1a: Cloyster|15/100 par
|move|p1a: Cloyster|Icicle Spear|p2a: Zacian
|-resisted|p2a: Zacian
|-damage|p2a: Zacian|24/100
|-resisted|p2a: Zacian
|-damage|p2a: Zacian|22/100
|-resisted|p2a: Zacian
|-damage|p2a: Zacian|19/100
|-resisted|p2a: Zacian
|-damage|p2a: Zacian|17/100
|-resisted|p2a: Zacian
|-damage|p2a: Zacian|15/100
|-hitcount|p2a: Zacian|5
|
|upkeep
|turn|88
|c|☆Alice_Finnemore|so bad
|
|t:|1650846267
|move|p2a: Zacian|Behemoth Blade|p1a: Cloyster
|-damage|p1a: Cloyster|0 fnt
|faint|p1a: Cloyster
|
|upkeep
|c|☆Alice_Finnemore|sorry
|c|☆Memeteamubers45|lol
|
|t:|1650846272
|switch|p1a: Ditto|Ditto|100/100
|-transform|p1a: Ditto|p2a: Zacian|[from] ability: Imposter
|-ability|p1a: Ditto|Intrepid Sword|boost
|-boost|p1a: Ditto|atk|1
|turn|89
|
|t:|1650846280
|move|p1a: Ditto|Wild Charge|p2a: Zacian
|-crit|p2a: Zacian
|-damage|p2a: Zacian|0 fnt
|faint|p2a: Zacian
|-damage|p1a: Ditto|96/100|[from] Recoil
|
|upkeep
|c|☆Alice_Finnemore|sorry
|c|☆Alice_Finnemore|gg
|c|☆Alice_Finnemore|:)
|c|☆Memeteamubers45|You did nothing but hide behind a cottene the whole game
|
|t:|1650846300
|switch|p2a: Deoxys|Deoxys-Attack|88/100 par
|-ability|p2a: Deoxys|Pressure
|turn|90
|c|☆Alice_Finnemore|i have fun
|
|t:|1650846304
|move|p1a: Ditto|Wild Charge|p2a: Deoxys
|-damage|p2a: Deoxys|0 fnt
|faint|p2a: Deoxys
|-damage|p1a: Ditto|79/100|[from] Recoil
|
|-sideend|p2: Memeteamubers45|move: Light Screen
|upkeep
|c|☆Alice_Finnemore|gg
|c|☆Alice_Finnemore|xDDDDD
|c|☆Alice_Finnemore|so bad
|c|☆Memeteamubers45|BEt
|c|☆Memeteamubers45|keep spamming?
|c|☆Alice_Finnemore|you lose
|c|☆Memeteamubers45|afk
|c|☆Memeteamubers45|bitch
|c|☆Memeteamubers45|go suck a cock
|inactive|Memeteamubers45 has 120 seconds left.
|c|☆Memeteamubers45|fucking dumbass
|c|☆Alice_Finnemore|Youtube
|c|☆Memeteamubers45|idc
|c|☆Memeteamubers45|Lol
|c|☆Alice_Finnemore|Temp6T
|c|☆Memeteamubers45|WHat about him?
|inactive|Memeteamubers45 has 90 seconds left.
|c|☆Memeteamubers45|M8 put me on yt i can just sue you lol
|c|☆Memeteamubers45|fucking moron
|c|☆Memeteamubers45|XDDDDDDDDDDDdd
|
|t:|1650846383
|switch|p2a: Kyogre|Kyogre, shiny|100/100 par
|-weather|RainDance|[from] ability: Drizzle|[of] p2a: Kyogre
|turn|91
|
|t:|1650846388
|move|p1a: Ditto|Wild Charge|p2a: Kyogre
|-supereffective|p2a: Kyogre
|-damage|p2a: Kyogre|1/100 par
|-damage|p1a: Ditto|50/100|[from] Recoil
|move|p2a: Kyogre|Water Spout|p1a: Ditto
|-damage|p1a: Ditto|49/100
|
|-weather|RainDance|[upkeep]
|upkeep
|turn|92
|c|☆Memeteamubers45|Now what Bitch
|c|☆Alice_Finnemore|gg
|c|☆Alice_Finnemore|xDDDDD
|c|☆Memeteamubers45|Gg man
|inactive|Memeteamubers45 has 60 seconds left.
|-message|Memeteamubers45 forfeited.
|
|win|Alice_Finnemore
|raw|Alice_Finnemore's rating: 1419 &rarr; <strong>1441</strong><br />(+22 for winning)
|raw|Memeteamubers45's rating: 1461 &rarr; <strong>1439</strong><br />(-22 for losing)
|l|☆Memeteamubers45
||Ladder isn't responding, score probably updated but might not have (Request timeout).
