|j|☆MVP2536
|j|☆CLEAR GEM清瑜
|t:|1664002335
|gametype|singles
|player|p1|MVP2536|giovanni|1809
|player|p2|CLEAR GEM清瑜|skierf|1857
|teamsize|p1|6
|teamsize|p2|6
|gen|8
|tier|[Gen 8] National Dex AG
|rated|
|rule|HP Percentage Mod: HP is shown in percentages
|rule|Endless Battle Clause: Forcing endless battles is banned
|clearpoke
|poke|p1|Groudon|
|poke|p1|Aegislash, M|
|poke|p1|Rotom-Wash|
|poke|p1|Scrafty, M|
|poke|p1|Whimsicott, F|
|poke|p1|Ditto|
|poke|p2|Rayquaza|
|poke|p2|Groudon|
|poke|p2|Necrozma-Dusk-Mane|
|poke|p2|Zacian-*|
|poke|p2|Yveltal|
|poke|p2|Xerneas-*|
|teampreview
|inactive|Battle timer is ON: inactive players will automatically lose when time's up. (requested by CLEAR GEM清瑜)
|
|t:|1664002347
|start
|switch|p1a: Ditto|Ditto|100/100
|switch|p2a: 不会(?)|Groudon|100/100
|-transform|p1a: Ditto|p2a: 不会(?)|[from] ability: Imposter
|-weather|SunnyDay|[from] ability: Drought|[of] p1a: Ditto
|detailschange|p2a: 不会(?)|Groudon-Primal
|-primal|p2a: 不会(?)
|-weather|DesolateLand|[from] ability: Desolate Land|[of] p2a: 不会(?)
|turn|1
|
|t:|1664002351
|move|p1a: Ditto|Stealth Rock|p2a: 不会(?)
|-sidestart|p2: CLEAR GEM清瑜|move: Stealth Rock
|move|p2a: 不会(?)|Stealth Rock|p1a: Ditto
|-sidestart|p1: MVP2536|move: Stealth Rock
|
|-weather|DesolateLand|[upkeep]
|upkeep
|turn|2
|
|t:|1664002354
|switch|p1a: Rotom|Rotom-Wash|100/100
|-damage|p1a: Rotom|88/100|[from] Stealth Rock
|move|p2a: 不会(?)|Roar|p1a: Rotom
|drag|p1a: Ditto|Ditto|100/100
|-damage|p1a: Ditto|88/100|[from] Stealth Rock
|-transform|p1a: Ditto|p2a: 不会(?)|[from] ability: Imposter
|
|-weather|DesolateLand|[upkeep]
|upkeep
|turn|3
|
|t:|1664002361
|move|p1a: Ditto|Precipice Blades|p2a: 不会(?)
|-supereffective|p2a: 不会(?)
|-damage|p2a: 不会(?)|5/100
|move|p2a: 不会(?)|Roar|p1a: Ditto
|drag|p1a: Scrafty|Scrafty, M|100/100
|-damage|p1a: Scrafty|95/100|[from] Stealth Rock
|
|-weather|DesolateLand|[upkeep]
|upkeep
|turn|4
|
|t:|1664002371
|switch|p1a: Rotom|Rotom-Wash|88/100
|-damage|p1a: Rotom|76/100|[from] Stealth Rock
|move|p2a: 不会(?)|Roar|p1a: Rotom
|drag|p1a: garbage|Groudon|100/100
|-damage|p1a: garbage|94/100|[from] Stealth Rock
|detailschange|p1a: garbage|Groudon-Primal
|-primal|p1a: garbage
|
|-weather|DesolateLand|[upkeep]
|upkeep
|turn|5
|
|t:|1664002377
|switch|p1a: Rotom|Rotom-Wash|76/100
|-damage|p1a: Rotom|64/100|[from] Stealth Rock
|move|p2a: 不会(?)|Roar|p1a: Rotom
|drag|p1a: Ditto|Ditto|88/100
|-damage|p1a: Ditto|76/100|[from] Stealth Rock
|-transform|p1a: Ditto|p2a: 不会(?)|[from] ability: Imposter
|
|-weather|DesolateLand|[upkeep]
|upkeep
|turn|6
|
|t:|1664002382
|move|p1a: Ditto|Heat Crash|p2a: 不会(?)
|-resisted|p2a: 不会(?)
|-damage|p2a: 不会(?)|0 fnt
|faint|p2a: 不会(?)
|
|-weather|DesolateLand|[upkeep]
|upkeep
|
|t:|1664002386
|switch|p2a: 老烈|Rayquaza, shiny|100/100
|-damage|p2a: 老烈|76/100|[from] Stealth Rock
|-ability|p2a: 老烈|Air Lock
|turn|7
|
|t:|1664002389
|-weather|none
|switch|p1a: Rotom|Rotom-Wash|64/100
|-damage|p1a: Rotom|52/100|[from] Stealth Rock
|detailschange|p2a: 老烈|Rayquaza-Mega, shiny
|-mega|p2a: 老烈|Rayquaza|
|-weather|DeltaStream|[from] ability: Delta Stream|[of] p2a: 老烈
|move|p2a: 老烈|Dragon Dance|p2a: 老烈
|-boost|p2a: 老烈|atk|1
|-boost|p2a: 老烈|spe|1
|
|-weather|DeltaStream|[upkeep]
|upkeep
|turn|8
|
|t:|1664002392
|move|p2a: 老烈|Dragon Ascent|p1a: Rotom
|-resisted|p1a: Rotom
|-damage|p1a: Rotom|0 fnt
|-unboost|p2a: 老烈|def|1
|-unboost|p2a: 老烈|spd|1
|-damage|p2a: 老烈|59/100|[from] item: Rocky Helmet|[of] p1a: Rotom
|faint|p1a: Rotom
|
|-weather|DeltaStream|[upkeep]
|upkeep
|
|t:|1664002406
|switch|p1a: Ditto|Ditto|76/100
|-damage|p1a: Ditto|63/100|[from] Stealth Rock
|-transform|p1a: Ditto|p2a: 老烈|[from] ability: Imposter
|turn|9
|
|t:|1664002409
|move|p1a: Ditto|Extreme Speed|p2a: 老烈
|-damage|p2a: 老烈|0 fnt
|faint|p2a: 老烈
|
|-weather|DeltaStream|[upkeep]
|upkeep
|
|t:|1664002411
|switch|p2a: 钢铁之躯|Necrozma-Dusk-Mane|100/100
|-damage|p2a: 钢铁之躯|94/100|[from] Stealth Rock
|turn|10
|
|t:|1664002416
|-weather|none
|switch|p1a: Scrafty|Scrafty, M|95/100
|-damage|p1a: Scrafty|89/100|[from] Stealth Rock
|move|p2a: 钢铁之躯|Dragon Dance|p2a: 钢铁之躯
|-boost|p2a: 钢铁之躯|atk|1
|-boost|p2a: 钢铁之躯|spe|1
|
|upkeep
|turn|11
|
|t:|1664002421
|move|p2a: 钢铁之躯|Earthquake|p1a: Scrafty
|-damage|p1a: Scrafty|30/100
|move|p1a: Scrafty|Knock Off|p2a: 钢铁之躯
|-supereffective|p2a: 钢铁之躯
|-damage|p2a: 钢铁之躯|66/100
|
|upkeep
|turn|12
|
|t:|1664002433
|move|p2a: 钢铁之躯|Earthquake|p1a: Scrafty
|-damage|p1a: Scrafty|0 fnt
|faint|p1a: Scrafty
|
|upkeep
|
|t:|1664002437
|switch|p1a: Ditto|Ditto|63/100
|-damage|p1a: Ditto|51/100|[from] Stealth Rock
|-transform|p1a: Ditto|p2a: 钢铁之躯|[from] ability: Imposter
|turn|13
|
|t:|1664002458
|detailschange|p2a: 钢铁之躯|Necrozma-Ultra
|-burst|p2a: 钢铁之躯|Necrozma|Ultranecrozium Z
|-start|p1a: Ditto|Dynamax|
|-heal|p1a: Ditto|51/100|[silent]
|move|p2a: 钢铁之躯|Earthquake|p1a: Ditto
|-supereffective|p1a: Ditto
|-damage|p1a: Ditto|0 fnt
|faint|p1a: Ditto
|
|upkeep
|inactive|MVP2536 has 120 seconds left.
|
|t:|1664002474
|switch|p1a: Whimsicott|Whimsicott, F|100/100
|turn|14
|
|t:|1664002478
|-zpower|p2a: 钢铁之躯
|move|p2a: 钢铁之躯|Light That Burns the Sky|p1a: Whimsicott|[zeffect]
|-damage|p1a: Whimsicott|0 fnt
|faint|p1a: Whimsicott
|
|upkeep
|
|t:|1664002491
|switch|p1a: Aegislash|Aegislash, M|100/100
|-damage|p1a: Aegislash|94/100|[from] Stealth Rock
|turn|15
|
|t:|1664002495
|move|p2a: 钢铁之躯|Earthquake|p1a: Aegislash
|-supereffective|p1a: Aegislash
|-damage|p1a: Aegislash|0 fnt
|faint|p1a: Aegislash
|
|upkeep
|c|☆MVP2536|gg
|-message|MVP2536 forfeited.
|
|win|CLEAR GEM清瑜
|raw|MVP2536's rating: 1809 &rarr; <strong>1792</strong><br />(-17 for losing)
|raw|CLEAR GEM清瑜's rating: 1857 &rarr; <strong>1874</strong><br />(+17 for winning)
|l|☆MVP2536
