|j|☆ImAbroom
|j|☆Shattering Earth
|inactive|Battle timer is ON: inactive players will automatically lose when time's up.
|t:|1666204544
|gametype|singles
|player|p1|ImAbroom|red|
|player|p2|Shattering Earth|bruno|
|teamsize|p1|6
|teamsize|p2|2
|gen|8
|tier|[Gen 8] National Dex AG
|rated|Tournament battle
|rule|HP Percentage Mod: HP is shown in percentages
|rule|Endless Battle Clause: Forcing endless battles is banned
|clearpoke
|poke|p1|Rayquaza|
|poke|p1|Xerneas-*|
|poke|p1|Zacian-*|
|poke|p1|Zygarde|
|poke|p1|Groudon|
|poke|p1|Ho-Oh|
|poke|p2|Smeargle, F|
|poke|p2|Liepard, F|
|teampreview
|c|☆Shattering Earth|Oh god
|j| taloney
|j| UnovaWorkersParty
|c|☆Shattering Earth|Ain’t no way
|l| taloney
|j| Wrathoftheleopard
|c|☆Shattering Earth|Ain’t no goddamn way
|inactive|Shattering Earth has 120 seconds left.
|c|☆Shattering Earth|Huh gl hf I’m just testing
|l| UnovaWorkersParty
|
|t:|1666204581
|start
|switch|p1a: Upper Moon 2|Xerneas|100/100
|switch|p2a: Liepard|Liepard, F|100/100
|-ability|p1a: Upper Moon 2|Fairy Aura
|turn|1
|
|t:|1666204586
|move|p2a: Liepard|Assist|p2a: Liepard
|move|p2a: Liepard|Spore|p1a: Upper Moon 2|[from]move: Assist
|-status|p1a: Upper Moon 2|slp|[from] move: Spore
|cant|p1a: Upper Moon 2|slp
|
|upkeep
|turn|2
|
|t:|1666204592
|move|p2a: Liepard|Substitute|p2a: Liepard
|-start|p2a: Liepard|Substitute
|-damage|p2a: Liepard|76/100
|-curestatus|p1a: Upper Moon 2|slp|[msg]
|move|p1a: Upper Moon 2|Moonblast|p2a: Liepard
|-supereffective|p2a: Liepard
|-end|p2a: Liepard|Substitute
|
|-heal|p2a: Liepard|82/100|[from] item: Leftovers
|upkeep
|turn|3
|
|t:|1666204595
|move|p2a: Liepard|Assist|p2a: Liepard
|move|p2a: Liepard|Spore|p1a: Upper Moon 2|[from]move: Assist
|-status|p1a: Upper Moon 2|slp|[from] move: Spore
|cant|p1a: Upper Moon 2|slp
|
|-heal|p2a: Liepard|87/100|[from] item: Leftovers
|upkeep
|turn|4
|
|t:|1666204601
|move|p2a: Liepard|Substitute|p2a: Liepard
|-start|p2a: Liepard|Substitute
|-damage|p2a: Liepard|63/100
|-curestatus|p1a: Upper Moon 2|slp|[msg]
|move|p1a: Upper Moon 2|Moonblast|p2a: Liepard
|-supereffective|p2a: Liepard
|-end|p2a: Liepard|Substitute
|
|-heal|p2a: Liepard|69/100|[from] item: Leftovers
|upkeep
|turn|5
|
|t:|1666204604
|move|p2a: Liepard|Assist|p2a: Liepard
|move|p2a: Liepard|Spore|p1a: Upper Moon 2|[from]move: Assist
|-status|p1a: Upper Moon 2|slp|[from] move: Spore
|cant|p1a: Upper Moon 2|slp
|
|-heal|p2a: Liepard|74/100|[from] item: Leftovers
|upkeep
|turn|6
|
|t:|1666204607
|move|p2a: Liepard|Substitute|p2a: Liepard
|-start|p2a: Liepard|Substitute
|-damage|p2a: Liepard|50/100
|cant|p1a: Upper Moon 2|slp
|
|-heal|p2a: Liepard|56/100|[from] item: Leftovers
|upkeep
|turn|7
|
|t:|1666204610
|move|p2a: Liepard|Nasty Plot|p2a: Liepard
|-boost|p2a: Liepard|spa|2
|-curestatus|p1a: Upper Moon 2|slp|[msg]
|move|p1a: Upper Moon 2|Moonblast|p2a: Liepard
|-supereffective|p2a: Liepard
|-end|p2a: Liepard|Substitute
|
|-heal|p2a: Liepard|61/100|[from] item: Leftovers
|upkeep
|turn|8
|
|t:|1666204612
|move|p2a: Liepard|Assist|p2a: Liepard
|move|p2a: Liepard|Spore|p1a: Upper Moon 2|[from]move: Assist
|-status|p1a: Upper Moon 2|slp|[from] move: Spore
|cant|p1a: Upper Moon 2|slp
|
|-heal|p2a: Liepard|67/100|[from] item: Leftovers
|upkeep
|turn|9
|
|t:|1666204615
|move|p2a: Liepard|Substitute|p2a: Liepard
|-start|p2a: Liepard|Substitute
|-damage|p2a: Liepard|43/100
|cant|p1a: Upper Moon 2|slp
|
|-heal|p2a: Liepard|48/100|[from] item: Leftovers
|upkeep
|turn|10
|
|t:|1666204619
|-start|p1a: Upper Moon 2|Dynamax|
|-heal|p1a: Upper Moon 2|100/100 slp|[silent]
|move|p2a: Liepard|Nasty Plot|p2a: Liepard
|-boost|p2a: Liepard|spa|2
|-curestatus|p1a: Upper Moon 2|slp|[msg]
|move|p1a: Upper Moon 2|Max Starfall|p2a: Liepard
|-supereffective|p2a: Liepard
|-end|p2a: Liepard|Substitute
|-fieldstart|move: Misty Terrain
|
|-heal|p2a: Liepard|54/100|[from] item: Leftovers
|upkeep
|turn|11
|
|t:|1666204627
|move|p2a: Liepard|Substitute|p2a: Liepard
|-start|p2a: Liepard|Substitute
|-damage|p2a: Liepard|29/100
|move|p1a: Upper Moon 2|Max Lightning|p2a: Liepard
|-end|p2a: Liepard|Substitute
|-fieldstart|move: Electric Terrain
|
|-heal|p2a: Liepard|35/100|[from] item: Leftovers
|upkeep
|turn|12
|j| 09-10a
|j| albeedu
|
|t:|1666204638
|switch|p2a: Smeargle|Smeargle, F|100/100
|move|p1a: Upper Moon 2|Max Starfall|p2a: Smeargle
|-enditem|p2a: Smeargle|Focus Sash
|-damage|p2a: Smeargle|1/100
|-fieldstart|move: Misty Terrain
|
|upkeep
|-end|p1a: Upper Moon 2|Dynamax
|-heal|p1a: Upper Moon 2|100/100|[silent]
|turn|13
|
|t:|1666204647
|-start|p2a: Smeargle|Dynamax|
|-heal|p2a: Smeargle|1/100|[silent]
|move|p2a: Smeargle|Max Guard|p2a: Smeargle
|-singleturn|p2a: Smeargle|Max Guard
|move|p1a: Upper Moon 2|Moonblast|p2a: Smeargle
|-activate|p2a: Smeargle|move: Max Guard
|
|upkeep
|turn|14
|
|t:|1666204656
|switch|p1a: Upper Moon 3|Zacian-Crowned|100/100
|-ability|p1a: Upper Moon 3|Intrepid Sword|boost
|-boost|p1a: Upper Moon 3|atk|1
|move|p2a: Smeargle|Max Guard||[still]
|-fail|p2a: Smeargle
|
|upkeep
|turn|15
|
|t:|1666204660
|move|p2a: Smeargle|Max Guard|p2a: Smeargle
|-singleturn|p2a: Smeargle|Max Guard
|move|p1a: Upper Moon 3|Substitute|p1a: Upper Moon 3
|-start|p1a: Upper Moon 3|Substitute
|-damage|p1a: Upper Moon 3|76/100
|
|upkeep
|-end|p2a: Smeargle|Dynamax
|-heal|p2a: Smeargle|1/100|[silent]
|turn|16
|
|t:|1666204664
|move|p1a: Upper Moon 3|Crunch|p2a: Smeargle
|-damage|p2a: Smeargle|0 fnt
|faint|p2a: Smeargle
|
|-fieldend|Misty Terrain
|upkeep
|
|t:|1666204668
|switch|p2a: Liepard|Liepard, F|35/100
|turn|17
|l| 09-10a
|c|☆Shattering Earth|Yeah gg
|c|☆ImAbroom|Gg
|c|☆Shattering Earth|ain’t no wy the team would have worked
|c|☆Shattering Earth|all the time
|
|t:|1666204689
|move|p2a: Liepard|Substitute|p2a: Liepard
|-start|p2a: Liepard|Substitute
|-damage|p2a: Liepard|11/100
|move|p1a: Upper Moon 3|Behemoth Blade|p2a: Liepard
|-end|p2a: Liepard|Substitute
|
|-heal|p2a: Liepard|16/100|[from] item: Leftovers
|upkeep
|turn|18
|c| Wrathoftheleopard|got to semifinals
|j| NATALlE
|
|t:|1666204693
|move|p1a: Upper Moon 3|Behemoth Blade|p2a: Liepard
|-damage|p2a: Liepard|0 fnt
|faint|p2a: Liepard
|
|win|ImAbroom
|n|☆ImAbroom|imabroom
|n|☆Shattering Earth|shatteringearth
|n| Wrathoftheleopard|wrathoftheleopard
|n| albeedu|albeedu
|n| NATALlE|natalle
|c|☆Shattering Earth|Somehow it did
|l|☆ImAbroom
