|j|☆justznic
|j|☆CycleOnYourMum
|t:|1668246762
|gametype|singles
|player|p1|justznic|265|1602
|player|p2|CycleOnYourMum|cyclist-gen4|1728
|teamsize|p1|6
|teamsize|p2|6
|gen|8
|tier|[Gen 8] National Dex AG
|rated|
|rule|HP Percentage Mod: HP is shown in percentages
|rule|Endless Battle Clause: Forcing endless battles is banned
|clearpoke
|poke|p1|Klefki, M|
|poke|p1|Ditto|
|poke|p1|Mewtwo|
|poke|p1|Kyogre|
|poke|p1|Calyrex-Shadow|
|poke|p1|Zacian-*|
|poke|p2|Igglybuff, F|
|poke|p2|Rayquaza|
|poke|p2|Zacian-*|
|poke|p2|Arceus-*|
|poke|p2|Marshadow|
|poke|p2|Yveltal|
|teampreview
|j| Dark Umbreon 08
|inactive|Battle timer is ON: inactive players will automatically lose when time's up. (requested by justznic)
|
|t:|1668246768
|start
|switch|p1a: Klefki|Klefki, M|100/100
|switch|p2a: Igglybuff|Igglybuff, F|100/100
|turn|1
|l| Dark Umbreon 08
|
|t:|1668246774
|move|p2a: Igglybuff|Magic Coat|p2a: Igglybuff
|-singleturn|p2a: Igglybuff|move: Magic Coat
|move|p1a: Klefki|Thunder Wave|p2a: Igglybuff
|move|p2a: Igglybuff|Thunder Wave|p1a: Klefki|[from]Magic Coat
|-status|p1a: Klefki|par
|
|upkeep
|turn|2
|
|t:|1668246778
|switch|p2a: Yveltal|Yveltal|100/100
|-ability|p2a: Yveltal|Dark Aura
|move|p1a: Klefki|Reflect|p1a: Klefki
|-sidestart|p1: justznic|Reflect
|
|upkeep
|turn|3
|
|t:|1668246783
|move|p1a: Klefki|Spikes|p2a: Yveltal
|-sidestart|p2: CycleOnYourMum|Spikes
|move|p2a: Yveltal|Heat Wave|p1a: Klefki
|-supereffective|p1a: Klefki
|-damage|p1a: Klefki|48/100 par
|
|-heal|p1a: Klefki|54/100 par|[from] item: Leftovers
|upkeep
|turn|4
|
|t:|1668246788
|move|p1a: Klefki|Spikes|p2a: Yveltal
|-sidestart|p2: CycleOnYourMum|Spikes
|move|p2a: Yveltal|Defog|p1a: Klefki
|-unboost|p1a: Klefki|evasion|1
|-sideend|p1: justznic|Reflect
|-sideend|p2: CycleOnYourMum|Spikes|[from] move: Defog|[of] p2a: Yveltal
|
|-heal|p1a: Klefki|60/100 par|[from] item: Leftovers
|upkeep
|turn|5
|
|t:|1668246792
|move|p1a: Klefki|Spikes|p2a: Yveltal
|-sidestart|p2: CycleOnYourMum|Spikes
|move|p2a: Yveltal|Heat Wave|p1a: Klefki
|-supereffective|p1a: Klefki
|-damage|p1a: Klefki|13/100 par
|
|-heal|p1a: Klefki|19/100 par|[from] item: Leftovers
|upkeep
|turn|6
|
|t:|1668246796
|move|p1a: Klefki|Spikes|p2a: Yveltal
|-sidestart|p2: CycleOnYourMum|Spikes
|move|p2a: Yveltal|Defog|p1a: Klefki
|-unboost|p1a: Klefki|evasion|1
|-sideend|p2: CycleOnYourMum|Spikes|[from] move: Defog|[of] p2a: Yveltal
|
|-heal|p1a: Klefki|25/100 par|[from] item: Leftovers
|upkeep
|turn|7
|
|t:|1668246801
|cant|p1a: Klefki|par
|move|p2a: Yveltal|Heat Wave|p1a: Klefki
|-supereffective|p1a: Klefki
|-damage|p1a: Klefki|0 fnt
|faint|p1a: Klefki
|
|upkeep
|
|t:|1668246810
|switch|p1a: Kyogre|Kyogre|100/100
|detailschange|p1a: Kyogre|Kyogre-Primal
|-primal|p1a: Kyogre
|-weather|PrimordialSea|[from] ability: Primordial Sea|[of] p1a: Kyogre
|turn|8
|
|t:|1668246829
|-start|p2a: Yveltal|Dynamax|
|-heal|p2a: Yveltal|100/100|[silent]
|move|p1a: Kyogre|Thunder|p2a: Yveltal
|-supereffective|p2a: Yveltal
|-damage|p2a: Yveltal|71/100
|move|p2a: Yveltal|Max Airstream|p1a: Kyogre
|-damage|p1a: Kyogre|57/100
|-boost|p2a: Yveltal|spe|1
|
|-weather|PrimordialSea|[upkeep]
|upkeep
|turn|9
|
|t:|1668246837
|move|p2a: Yveltal|Max Darkness|p1a: Kyogre
|-damage|p1a: Kyogre|3/100
|-unboost|p1a: Kyogre|spd|1
|move|p1a: Kyogre|Thunder|p2a: Yveltal
|-supereffective|p2a: Yveltal
|-damage|p2a: Yveltal|42/100
|
|-weather|PrimordialSea|[upkeep]
|upkeep
|turn|10
|
|t:|1668246850
|move|p2a: Yveltal|Max Airstream|p1a: Kyogre
|-damage|p1a: Kyogre|0 fnt
|-boost|p2a: Yveltal|spe|1
|faint|p1a: Kyogre
|-weather|none
|
|upkeep
|
|t:|1668246854
|switch|p1a: Zacian|Zacian-Crowned|100/100
|-ability|p1a: Zacian|Intrepid Sword|boost
|-boost|p1a: Zacian|atk|1
|-end|p2a: Yveltal|Dynamax
|-heal|p2a: Yveltal|42/100|[silent]
|turn|11
|
|t:|1668246858
|move|p2a: Yveltal|Heat Wave|p1a: Zacian
|-supereffective|p1a: Zacian
|-damage|p1a: Zacian|43/100
|move|p1a: Zacian|Behemoth Blade|p2a: Yveltal
|-damage|p2a: Yveltal|0 fnt
|faint|p2a: Yveltal
|
|upkeep
|
|t:|1668246868
|switch|p2a: Arceus|Arceus-Water|100/100
|turn|12
|
|t:|1668246875
|move|p1a: Zacian|Play Rough|p2a: Arceus|[miss]
|-miss|p1a: Zacian|p2a: Arceus
|move|p2a: Arceus|Judgment|p1a: Zacian
|-damage|p1a: Zacian|1/100
|
|upkeep
|turn|13
|
|t:|1668246880
|move|p1a: Zacian|Play Rough|p2a: Arceus
|-damage|p2a: Arceus|65/100
|move|p2a: Arceus|Stealth Rock|p1a: Zacian
|-sidestart|p1: justznic|move: Stealth Rock
|
|upkeep
|turn|14
|
|t:|1668246886
|move|p1a: Zacian|Sacred Sword|p2a: Arceus
|-damage|p2a: Arceus|37/100
|move|p2a: Arceus|Recover|p2a: Arceus
|-heal|p2a: Arceus|87/100
|
|upkeep
|turn|15
|
|t:|1668246894
|switch|p1a: Mewtwo|Mewtwo|100/100
|-ability|p1a: Mewtwo|Unnerve
|-damage|p1a: Mewtwo|88/100|[from] Stealth Rock
|move|p2a: Arceus|Recover|p2a: Arceus
|-heal|p2a: Arceus|100/100
|
|upkeep
|turn|16
|
|t:|1668246903
|detailschange|p1a: Mewtwo|Mewtwo-Mega-Y
|-mega|p1a: Mewtwo|Mewtwo|Mewtwonite Y
|move|p1a: Mewtwo|Taunt|p2a: Arceus
|-start|p2a: Arceus|move: Taunt
|cant|p2a: Arceus|move: Taunt|Toxic
|
|upkeep
|turn|17
|
|t:|1668246911
|move|p1a: Mewtwo|Psystrike|p2a: Arceus
|-damage|p2a: Arceus|66/100
|move|p2a: Arceus|Judgment|p1a: Mewtwo
|-damage|p1a: Mewtwo|51/100
|
|upkeep
|turn|18
|
|t:|1668246915
|switch|p2a: Zacian|Zacian-Crowned|100/100
|-ability|p2a: Zacian|Intrepid Sword|boost
|-boost|p2a: Zacian|atk|1
|move|p1a: Mewtwo|Psystrike|p2a: Zacian
|-resisted|p2a: Zacian
|-damage|p2a: Zacian|71/100
|
|upkeep
|turn|19
|
|t:|1668246923
|switch|p2a: Arceus|Arceus-Water|66/100
|move|p1a: Mewtwo|Flamethrower|p2a: Arceus
|-resisted|p2a: Arceus
|-damage|p2a: Arceus|53/100
|-status|p2a: Arceus|brn
|
|-damage|p2a: Arceus|47/100 brn|[from] brn
|upkeep
|turn|20
|
|t:|1668246926
|move|p1a: Mewtwo|Taunt|p2a: Arceus
|-start|p2a: Arceus|move: Taunt
|move|p2a: Arceus|Judgment|p1a: Mewtwo
|-damage|p1a: Mewtwo|14/100
|
|-damage|p2a: Arceus|40/100 brn|[from] brn
|upkeep
|turn|21
|
|t:|1668246933
|move|p1a: Mewtwo|Psystrike|p2a: Arceus
|-damage|p2a: Arceus|5/100 brn
|move|p2a: Arceus|Judgment|p1a: Mewtwo
|-damage|p1a: Mewtwo|0 fnt
|faint|p1a: Mewtwo
|
|-damage|p2a: Arceus|0 fnt|[from] brn
|faint|p2a: Arceus
|upkeep
|
|t:|1668246945
|switch|p1a: Ditto|Ditto|100/100
|switch|p2a: Igglybuff|Igglybuff, F|100/100
|-damage|p1a: Ditto|88/100|[from] Stealth Rock
|-transform|p1a: Ditto|p2a: Igglybuff|[from] ability: Imposter
|turn|22
|
|t:|1668246965
|move|p1a: Ditto|Magic Coat|p1a: Ditto
|-singleturn|p1a: Ditto|move: Magic Coat
|move|p2a: Igglybuff|Magic Coat|p2a: Igglybuff
|-singleturn|p2a: Igglybuff|move: Magic Coat
|
|upkeep
|turn|23
|
|t:|1668246973
|switch|p1a: Calyrex|Calyrex-Shadow|100/100
|-ability|p1a: Calyrex|As One
|-ability|p1a: Calyrex|Unnerve
|-damage|p1a: Calyrex|88/100|[from] Stealth Rock
|move|p2a: Igglybuff|Shadow Ball|p1a: Calyrex
|-supereffective|p1a: Calyrex
|-damage|p1a: Calyrex|28/100
|
|upkeep
|turn|24
|
|t:|1668246983
|-start|p1a: Calyrex|Dynamax|
|-heal|p1a: Calyrex|28/100|[silent]
|move|p1a: Calyrex|Max Mindstorm|p2a: Igglybuff
|-enditem|p2a: Igglybuff|Focus Sash
|-damage|p2a: Igglybuff|1/100
|-fieldstart|move: Psychic Terrain
|move|p2a: Igglybuff|Shadow Ball|p1a: Calyrex
|-supereffective|p1a: Calyrex
|-damage|p1a: Calyrex|0 fnt
|faint|p1a: Calyrex
|
|upkeep
|
|t:|1668246996
|switch|p1a: Zacian|Zacian-Crowned|1/100
|-damage|p1a: Zacian|0 fnt|[from] Stealth Rock
|faint|p1a: Zacian
|l|☆justznic
|inactive|justznic disconnected and has a minute to reconnect!
|player|p1|
|c|☆CycleOnYourMum|gg
|inactive|justznic has 30 seconds to reconnect!
|inactive|justznic has 20 seconds to reconnect!
|inactive|justznic has 15 seconds to reconnect!
|inactive|justznic has 10 seconds to reconnect!
|inactive|justznic has 5 seconds to reconnect!
|-message|justznic lost due to inactivity.
|
|win|CycleOnYourMum
|raw|justznic's rating: 1602 &rarr; <strong>1589</strong><br />(-13 for losing)
|raw|CycleOnYourMum's rating: 1728 &rarr; <strong>1741</strong><br />(+13 for winning)
