|j|‽testingstupidteams
|j|☆FenixFyre04
|t:|1649895187
|gametype|singles
|player|p1|testingstupidteams|266|1593
|player|p2|FenixFyre04|102|1816
|teamsize|p1|6
|teamsize|p2|6
|gen|8
|tier|[Gen 8] National Dex AG
|rated|
|rule|HP Percentage Mod: HP is shown in percentages
|rule|Endless Battle Clause: Forcing endless battles is banned
|clearpoke
|poke|p1|Rayquaza|
|poke|p1|Calyrex-Shadow|
|poke|p1|Yveltal|
|poke|p1|Ditto|
|poke|p1|Lugia|
|poke|p1|Arceus-*|
|poke|p2|Tyranitar, M|
|poke|p2|Ho-Oh|
|poke|p2|Necrozma-Dusk-Mane|
|poke|p2|Zacian-*|
|poke|p2|Rayquaza|
|poke|p2|Calyrex-Shadow|
|teampreview
|inactive|Battle timer is ON: inactive players will automatically lose when time's up. (requested by FenixFyre04)
|inactive|testingstupidteams also wants the timer to be on.
|inactive|testingstupidteams has 120 seconds left.
|
|t:|1649895229
|start
|switch|p1a: Arceus|Arceus-Ground|100/100
|switch|p2a: Rayquaza|Rayquaza|100/100
|-ability|p2a: Rayquaza|Air Lock
|turn|1
|
|t:|1649895239
|switch|p2a: Ho-Oh|Ho-Oh, shiny|100/100
|move|p1a: Arceus|Stealth Rock|p2a: Ho-Oh
|-sidestart|p2: FenixFyre04|move: Stealth Rock
|
|upkeep
|turn|2
|
|t:|1649895243
|move|p1a: Arceus|Magic Coat|p1a: Arceus
|-singleturn|p1a: Arceus|move: Magic Coat
|move|p2a: Ho-Oh|Toxic|p1a: Arceus
|move|p1a: Arceus|Toxic|p2a: Ho-Oh|[from]Magic Coat
|-status|p2a: Ho-Oh|tox
|
|-damage|p2a: Ho-Oh|94/100 tox|[from] psn
|upkeep
|turn|3
|inactive|FenixFyre04 has 120 seconds left.
|
|t:|1649895277
|move|p1a: Arceus|Magic Coat|p1a: Arceus
|-singleturn|p1a: Arceus|move: Magic Coat
|move|p2a: Ho-Oh|Defog|p1a: Arceus
|move|p1a: Arceus|Defog|p2a: Ho-Oh|[from]Magic Coat
|-unboost|p2a: Ho-Oh|evasion|1
|-sideend|p2: FenixFyre04|Stealth Rock|[from] move: Defog|[of] p1a: Arceus
|
|-damage|p2a: Ho-Oh|82/100 tox|[from] psn
|upkeep
|turn|4
|j| Tyron Loodley
|
|t:|1649895304
|switch|p2a: Rayquaza|Rayquaza|100/100
|-ability|p2a: Rayquaza|Air Lock
|move|p1a: Arceus|Stealth Rock|p2a: Rayquaza
|-sidestart|p2: FenixFyre04|move: Stealth Rock
|
|upkeep
|turn|5
|c| Tyron Loodley|That is not a stupid team
|
|t:|1649895311
|detailschange|p2a: Rayquaza|Rayquaza-Mega
|-mega|p2a: Rayquaza|Rayquaza|
|-weather|DeltaStream|[from] ability: Delta Stream|[of] p2a: Rayquaza
|move|p2a: Rayquaza|Dragon Ascent|p1a: Arceus
|-damage|p1a: Arceus|26/100
|-unboost|p2a: Rayquaza|def|1
|-unboost|p2a: Rayquaza|spd|1
|move|p1a: Arceus|Ice Beam|p2a: Rayquaza
|-activate||deltastream
|-supereffective|p2a: Rayquaza
|-damage|p2a: Rayquaza|26/100
|
|-weather|DeltaStream|[upkeep]
|upkeep
|turn|6
|
|t:|1649895321
|move|p2a: Rayquaza|Dragon Ascent|p1a: Arceus
|-damage|p1a: Arceus|0 fnt
|-unboost|p2a: Rayquaza|def|1
|-unboost|p2a: Rayquaza|spd|1
|faint|p1a: Arceus
|
|-weather|DeltaStream|[upkeep]
|upkeep
|
|t:|1649895327
|switch|p1a: Rayquaza|Rayquaza|100/100
|-ability|p1a: Rayquaza|Air Lock
|turn|7
|
|t:|1649895359
|-weather|none
|switch|p2a: Necrozma|Necrozma-Dusk-Mane|100/100
|-damage|p2a: Necrozma|94/100|[from] Stealth Rock
|detailschange|p1a: Rayquaza|Rayquaza-Mega
|-mega|p1a: Rayquaza|Rayquaza|
|-weather|DeltaStream|[from] ability: Delta Stream|[of] p1a: Rayquaza
|move|p1a: Rayquaza|Extreme Speed|p2a: Necrozma
|-resisted|p2a: Necrozma
|-damage|p2a: Necrozma|85/100
|-damage|p1a: Rayquaza|84/100|[from] item: Rocky Helmet|[of] p2a: Necrozma
|
|-weather|DeltaStream|[upkeep]
|upkeep
|turn|8
|l| Tyron Loodley
|inactive|FenixFyre04 has 120 seconds left.
|
|t:|1649895376
|-weather|none
|switch|p1a: Yveltal|Yveltal|100/100
|-ability|p1a: Yveltal|Dark Aura
|move|p2a: Necrozma|Knock Off|p1a: Yveltal
|-resisted|p1a: Yveltal
|-damage|p1a: Yveltal|77/100
|-enditem|p1a: Yveltal|Life Orb|[from] move: Knock Off|[of] p2a: Necrozma
|
|upkeep
|turn|9
|
|t:|1649895388
|switch|p2a: Ho-Oh|Ho-Oh, shiny|100/100 tox
|move|p1a: Yveltal|Heat Wave|p2a: Ho-Oh
|-resisted|p2a: Ho-Oh
|-damage|p2a: Ho-Oh|92/100 tox
|
|-damage|p2a: Ho-Oh|86/100 tox|[from] psn
|upkeep
|turn|10
|
|t:|1649895399
|switch|p1a: Rayquaza|Rayquaza-Mega|84/100
|-weather|DeltaStream|[from] ability: Delta Stream|[of] p1a: Rayquaza
|move|p2a: Ho-Oh|Defog|p1a: Rayquaza
|-unboost|p1a: Rayquaza|evasion|1
|-sideend|p2: FenixFyre04|Stealth Rock|[from] move: Defog|[of] p2a: Ho-Oh
|
|-weather|DeltaStream|[upkeep]
|-damage|p2a: Ho-Oh|74/100 tox|[from] psn
|upkeep
|turn|11
|
|t:|1649895405
|switch|p2a: Necrozma|Necrozma-Dusk-Mane|85/100
|move|p1a: Rayquaza|V-create|p2a: Necrozma
|-supereffective|p2a: Necrozma
|-damage|p2a: Necrozma|18/100
|-unboost|p1a: Rayquaza|spe|1
|-unboost|p1a: Rayquaza|def|1
|-unboost|p1a: Rayquaza|spd|1
|-damage|p1a: Rayquaza|67/100|[from] item: Rocky Helmet|[of] p2a: Necrozma
|
|-weather|DeltaStream|[upkeep]
|upkeep
|turn|12
|
|t:|1649895409
|move|p1a: Rayquaza|V-create|p2a: Necrozma
|-supereffective|p2a: Necrozma
|-crit|p2a: Necrozma
|-damage|p2a: Necrozma|0 fnt
|-unboost|p1a: Rayquaza|spe|1
|-unboost|p1a: Rayquaza|def|1
|-unboost|p1a: Rayquaza|spd|1
|-damage|p1a: Rayquaza|51/100|[from] item: Rocky Helmet|[of] p2a: Necrozma
|faint|p2a: Necrozma
|
|-weather|DeltaStream|[upkeep]
|upkeep
|inactive|FenixFyre04 has 120 seconds left.
|
|t:|1649895440
|switch|p2a: Zacian|Zacian-Crowned|100/100
|-ability|p2a: Zacian|Intrepid Sword|boost
|-boost|p2a: Zacian|atk|1
|turn|13
|
|t:|1649895453
|-weather|none
|switch|p1a: Lugia|Lugia|100/100
|move|p2a: Zacian|Substitute|p2a: Zacian
|-start|p2a: Zacian|Substitute
|-damage|p2a: Zacian|76/100
|
|upkeep
|turn|14
|inactive|FenixFyre04 has 120 seconds left.
|
|t:|1649895474
|move|p2a: Zacian|Behemoth Blade|p1a: Lugia
|-damage|p1a: Lugia|67/100
|move|p1a: Lugia|Whirlwind|p2a: Zacian
|drag|p2a: Calyrex|Calyrex-Shadow|100/100
|-ability|p2a: Calyrex|As One
|-ability|p2a: Calyrex|Unnerve
|
|upkeep
|turn|15
|
|t:|1649895481
|switch|p1a: Yveltal|Yveltal|77/100
|-ability|p1a: Yveltal|Dark Aura
|move|p2a: Calyrex|Astral Barrage|p1a: Yveltal
|-resisted|p1a: Yveltal
|-damage|p1a: Yveltal|41/100
|
|upkeep
|turn|16
|
|t:|1649895500
|switch|p2a: Tyranitar|Tyranitar, M, shiny|100/100
|-weather|Sandstorm|[from] ability: Sand Stream|[of] p2a: Tyranitar
|move|p1a: Yveltal|Oblivion Wing|p2a: Tyranitar
|-resisted|p2a: Tyranitar
|-damage|p2a: Tyranitar|92/100
|-heal|p1a: Yveltal|48/100|[from] drain|[of] p2a: Tyranitar
|
|-weather|Sandstorm|[upkeep]
|-damage|p1a: Yveltal|42/100|[from] Sandstorm
|-heal|p2a: Tyranitar|99/100|[from] item: Leftovers
|upkeep
|turn|17
|
|t:|1649895513
|switch|p1a: Rayquaza|Rayquaza-Mega|51/100
|-weather|DeltaStream|[from] ability: Delta Stream|[of] p1a: Rayquaza
|switch|p2a: Zacian|Zacian-Crowned|76/100
|-ability|p2a: Zacian|Intrepid Sword|boost
|-boost|p2a: Zacian|atk|1
|
|-weather|DeltaStream|[upkeep]
|upkeep
|turn|18
|
|t:|1649895521
|move|p1a: Rayquaza|V-create|p2a: Zacian
|-supereffective|p2a: Zacian
|-damage|p2a: Zacian|0 fnt
|-unboost|p1a: Rayquaza|spe|1
|-unboost|p1a: Rayquaza|def|1
|-unboost|p1a: Rayquaza|spd|1
|faint|p2a: Zacian
|
|-weather|DeltaStream|[upkeep]
|upkeep
|inactive|FenixFyre04 has 120 seconds left.
|
|t:|1649895536
|switch|p2a: Rayquaza|Rayquaza-Mega|26/100
|turn|19
|
|t:|1649895544
|switch|p1a: Calyrex|Calyrex-Shadow|100/100
|-ability|p1a: Calyrex|As One
|-ability|p1a: Calyrex|Unnerve
|move|p2a: Rayquaza|Dragon Ascent|p1a: Calyrex
|-enditem|p1a: Calyrex|Focus Sash
|-damage|p1a: Calyrex|1/100
|-unboost|p2a: Rayquaza|def|1
|-unboost|p2a: Rayquaza|spd|1
|
|-weather|DeltaStream|[upkeep]
|upkeep
|turn|20
|
|t:|1649895558
|-weather|none
|switch|p2a: Tyranitar|Tyranitar, M, shiny|99/100
|-weather|Sandstorm|[from] ability: Sand Stream|[of] p2a: Tyranitar
|move|p1a: Calyrex|Psyshock|p2a: Tyranitar
|-immune|p2a: Tyranitar
|
|-weather|Sandstorm|[upkeep]
|-damage|p1a: Calyrex|0 fnt|[from] Sandstorm
|faint|p1a: Calyrex
|-heal|p2a: Tyranitar|100/100|[from] item: Leftovers
|upkeep
|
|t:|1649895563
|switch|p1a: Rayquaza|Rayquaza-Mega|51/100
|-weather|DeltaStream|[from] ability: Delta Stream|[of] p1a: Rayquaza
|turn|21
|
|t:|1649895580
|move|p1a: Rayquaza|Earthquake|p2a: Tyranitar
|-supereffective|p2a: Tyranitar
|-damage|p2a: Tyranitar|28/100
|move|p2a: Tyranitar|Thunder Wave|p1a: Rayquaza
|-status|p1a: Rayquaza|par
|
|-weather|DeltaStream|[upkeep]
|-heal|p2a: Tyranitar|34/100|[from] item: Leftovers
|upkeep
|turn|22
|
|t:|1649895593
|-weather|none
|switch|p1a: Yveltal|Yveltal|42/100
|-ability|p1a: Yveltal|Dark Aura
|switch|p2a: Rayquaza|Rayquaza-Mega|26/100
|-weather|DeltaStream|[from] ability: Delta Stream|[of] p2a: Rayquaza
|
|-weather|DeltaStream|[upkeep]
|upkeep
|turn|23
|
|t:|1649895604
|move|p2a: Rayquaza|Extreme Speed|p1a: Yveltal
|-damage|p1a: Yveltal|0 fnt
|faint|p1a: Yveltal
|
|-weather|DeltaStream|[upkeep]
|upkeep
|
|t:|1649895608
|switch|p1a: Ditto|Ditto|100/100
|-transform|p1a: Ditto|p2a: Rayquaza|[from] ability: Imposter
|turn|24
|
|t:|1649895622
|switch|p2a: Ho-Oh|Ho-Oh, shiny|100/100 tox
|move|p1a: Ditto|Waterfall|p2a: Ho-Oh
|-supereffective|p2a: Ho-Oh
|-damage|p2a: Ho-Oh|54/100 tox
|
|-weather|DeltaStream|[upkeep]
|-damage|p2a: Ho-Oh|48/100 tox|[from] psn
|upkeep
|turn|25
|
|t:|1649895636
|move|p1a: Ditto|Waterfall|p2a: Ho-Oh
|-supereffective|p2a: Ho-Oh
|-damage|p2a: Ho-Oh|0 fnt
|faint|p2a: Ho-Oh
|
|-weather|DeltaStream|[upkeep]
|upkeep
|
|t:|1649895656
|switch|p2a: Rayquaza|Rayquaza-Mega|26/100
|turn|26
|
|t:|1649895664
|move|p1a: Ditto|Waterfall|p2a: Rayquaza
|-resisted|p2a: Rayquaza
|-damage|p2a: Rayquaza|7/100
|move|p2a: Rayquaza|Dragon Ascent|p1a: Ditto
|-damage|p1a: Ditto|0 fnt
|-unboost|p2a: Rayquaza|def|1
|-unboost|p2a: Rayquaza|spd|1
|faint|p1a: Ditto
|
|-weather|DeltaStream|[upkeep]
|upkeep
|
|t:|1649895669
|switch|p1a: Rayquaza|Rayquaza-Mega|51/100 par
|turn|27
|
|t:|1649895677
|switch|p2a: Tyranitar|Tyranitar, M, shiny|34/100
|-ability|p2a: Tyranitar|Sand Stream|[from] deltastream|[fail]
|cant|p1a: Rayquaza|par
|
|-weather|DeltaStream|[upkeep]
|-heal|p2a: Tyranitar|40/100|[from] item: Leftovers
|upkeep
|turn|28
|
|t:|1649895685
|cant|p1a: Rayquaza|par
|move|p2a: Tyranitar|Pursuit|p1a: Rayquaza
|-damage|p1a: Rayquaza|34/100 par
|
|-weather|DeltaStream|[upkeep]
|-heal|p2a: Tyranitar|46/100|[from] item: Leftovers
|upkeep
|turn|29
|
|t:|1649895700
|-start|p2a: Tyranitar|Dynamax|
|-heal|p2a: Tyranitar|46/100|[silent]
|move|p1a: Rayquaza|Earthquake|p2a: Tyranitar
|-supereffective|p2a: Tyranitar
|-damage|p2a: Tyranitar|14/100
|move|p2a: Tyranitar|Max Darkness|p1a: Rayquaza
|-damage|p1a: Rayquaza|0 fnt
|faint|p1a: Rayquaza
|-weather|none
|
|-heal|p2a: Tyranitar|17/100|[from] item: Leftovers
|upkeep
|
|t:|1649895708
|switch|p1a: Lugia|Lugia|67/100
|turn|30
|
|t:|1649895724
|move|p1a: Lugia|Roost|p1a: Lugia
|-heal|p1a: Lugia|100/100
|-singleturn|p1a: Lugia|move: Roost
|move|p2a: Tyranitar|Max Rockfall|p1a: Lugia
|-damage|p1a: Lugia|87/100
|-weather|Sandstorm
|
|-weather|Sandstorm|[upkeep]
|-damage|p1a: Lugia|81/100|[from] Sandstorm
|-heal|p2a: Tyranitar|20/100|[from] item: Leftovers
|upkeep
|turn|31
|-message|testingstupidteams forfeited.
|
|win|FenixFyre04
|raw|testingstupidteams's rating: 1593 &rarr; <strong>1584</strong><br />(-9 for losing)
|raw|FenixFyre04's rating: 1816 &rarr; <strong>1825</strong><br />(+9 for winning)
|l|☆FenixFyre04
