|j|☆Demonic Asura
|j|☆seidou45
|t:|1655857501
|gametype|singles
|player|p1|Demonic Asura|unknown|
|player|p2|seidou45|lucas|
|teamsize|p1|6
|teamsize|p2|6
|gen|8
|tier|[Gen 8] National Dex AG
|rule|HP Percentage Mod: HP is shown in percentages
|rule|Endless Battle Clause: Forcing endless battles is banned
|clearpoke
|poke|p1|Donphan, M|
|poke|p1|Darmanitan-Galar, M|
|poke|p1|Blaziken, M|
|poke|p1|Salamence, F|
|poke|p1|Gyarados, F|
|poke|p1|Ditto|
|poke|p2|Quagsire, M|
|poke|p2|Glalie, M|
|poke|p2|Landorus-Therian, M|
|poke|p2|Xerneas-*|
|poke|p2|Yveltal|
|poke|p2|Eternatus|
|teampreview
|inactive|Battle timer is ON: inactive players will automatically lose when time's up. (requested by Demonic Asura)
|c|☆Demonic Asura|hf
|
|t:|1655857520
|start
|switch|p1a: Ignis Avis|Blaziken, M|100/100
|switch|p2a: Glalie|Glalie, M, shiny|100/100
|turn|1
|
|t:|1655857531
|move|p1a: Ignis Avis|Swords Dance|p1a: Ignis Avis
|-boost|p1a: Ignis Avis|atk|2
|move|p2a: Glalie|Sheer Cold|p1a: Ignis Avis|[miss]
|-miss|p2a: Glalie|p1a: Ignis Avis
|
|-ability|p2a: Glalie|Moody|boost
|-boost|p2a: Glalie|spe|2
|-unboost|p2a: Glalie|spa|1
|-ability|p1a: Ignis Avis|Speed Boost|boost
|-boost|p1a: Ignis Avis|spe|1
|upkeep
|turn|2
|
|t:|1655857536
|move|p2a: Glalie|Substitute|p2a: Glalie
|-start|p2a: Glalie|Substitute
|-damage|p2a: Glalie|75/100
|move|p1a: Ignis Avis|Baton Pass|p1a: Ignis Avis
|
|t:|1655857539
|switch|p1a: Ultima Anguis|Salamence, F|100/100|[from]move: Baton Pass
|
|-heal|p2a: Glalie|82/100|[from] item: Leftovers
|-ability|p2a: Glalie|Moody|boost
|-boost|p2a: Glalie|atk|2
|-unboost|p2a: Glalie|spd|1
|upkeep
|turn|3
|
|t:|1655857543
|move|p2a: Glalie|Freeze-Dry|p1a: Ultima Anguis
|-supereffective|p1a: Ultima Anguis
|-damage|p1a: Ultima Anguis|32/100
|move|p1a: Ultima Anguis|Dual Wingbeat|p2a: Glalie
|-crit|p2a: Glalie
|-end|p2a: Glalie|Substitute
|-damage|p2a: Glalie|25/100
|-hitcount|p2a: Glalie|2
|
|-heal|p2a: Glalie|31/100|[from] item: Leftovers
|-ability|p2a: Glalie|Moody|boost
|-boost|p2a: Glalie|spa|2
|-unboost|p2a: Glalie|spd|1
|upkeep
|turn|4
|
|t:|1655857563
|move|p2a: Glalie|Freeze-Dry|p1a: Ultima Anguis
|-supereffective|p1a: Ultima Anguis
|-damage|p1a: Ultima Anguis|0 fnt
|faint|p1a: Ultima Anguis
|
|-heal|p2a: Glalie|37/100|[from] item: Leftovers
|-ability|p2a: Glalie|Moody|boost
|-boost|p2a: Glalie|atk|2
|-unboost|p2a: Glalie|def|1
|upkeep
|
|t:|1655857570
|switch|p1a: Sed Citius|Ditto, shiny|100/100
|-transform|p1a: Sed Citius|p2a: Glalie|[from] ability: Imposter
|turn|5
|
|t:|1655857577
|move|p2a: Glalie|Protect|p2a: Glalie
|-singleturn|p2a: Glalie|Protect
|move|p1a: Sed Citius|Freeze-Dry|p2a: Glalie
|-activate|p2a: Glalie|move: Protect
|
|-heal|p2a: Glalie|43/100|[from] item: Leftovers
|-ability|p1a: Sed Citius|Moody|boost
|-boost|p1a: Sed Citius|spd|2
|-unboost|p1a: Sed Citius|spe|1
|-ability|p2a: Glalie|Moody|boost
|-boost|p2a: Glalie|atk|2
|-unboost|p2a: Glalie|spd|1
|upkeep
|turn|6
|
|t:|1655857585
|move|p2a: Glalie|Protect||[still]
|-fail|p2a: Glalie
|move|p1a: Sed Citius|Freeze-Dry|p2a: Glalie
|-resisted|p2a: Glalie
|-crit|p2a: Glalie
|-damage|p2a: Glalie|0 fnt
|faint|p2a: Glalie
|
|-ability|p1a: Sed Citius|Moody|boost
|-boost|p1a: Sed Citius|def|2
|-unboost|p1a: Sed Citius|atk|1
|upkeep
|
|t:|1655857590
|switch|p2a: Eternatus|Eternatus|100/100
|-ability|p2a: Eternatus|Pressure
|turn|7
|
|t:|1655857593
|move|p1a: Sed Citius|Freeze-Dry|p2a: Eternatus
|-supereffective|p2a: Eternatus
|-damage|p2a: Eternatus|68/100
|move|p2a: Eternatus|Toxic Spikes|p1a: Sed Citius
|-sidestart|p1: Demonic Asura|move: Toxic Spikes
|
|-heal|p2a: Eternatus|74/100|[from] item: Black Sludge
|-ability|p1a: Sed Citius|Moody|boost
|-boost|p1a: Sed Citius|def|2
|-unboost|p1a: Sed Citius|atk|1
|upkeep
|turn|8
|
|t:|1655857599
|switch|p1a: Initium Belli|Donphan, M, shiny|100/100
|move|p2a: Eternatus|Mystical Fire|p1a: Initium Belli
|-damage|p1a: Initium Belli|65/100
|-unboost|p1a: Initium Belli|spa|1
|
|-heal|p2a: Eternatus|81/100|[from] item: Black Sludge
|upkeep
|turn|9
|
|t:|1655857614
|switch|p2a: Xerneas|Xerneas, shiny|100/100
|-ability|p2a: Xerneas|Fairy Aura
|move|p1a: Initium Belli|Rapid Spin|p2a: Xerneas
|-damage|p2a: Xerneas|85/100
|-boost|p1a: Initium Belli|spe|1
|-sideend|p1: Demonic Asura|Toxic Spikes|[from] move: Rapid Spin|[of] p1a: Initium Belli
|
|upkeep
|turn|10
|
|t:|1655857621
|move|p1a: Initium Belli|Earthquake|p2a: Xerneas
|-damage|p2a: Xerneas|44/100
|move|p2a: Xerneas|Geomancy||[still]
|-prepare|p2a: Xerneas|Geomancy
|-enditem|p2a: Xerneas|Power Herb
|-anim|p2a: Xerneas|Geomancy|p2a: Xerneas
|-boost|p2a: Xerneas|spa|2
|-boost|p2a: Xerneas|spd|2
|-boost|p2a: Xerneas|spe|2
|
|upkeep
|turn|11
|
|t:|1655857625
|move|p2a: Xerneas|Draining Kiss|p1a: Initium Belli
|-damage|p1a: Initium Belli|0 fnt
|-heal|p2a: Xerneas|82/100|[from] drain|[of] p1a: Initium Belli
|faint|p1a: Initium Belli
|
|upkeep
|
|t:|1655857637
|switch|p1a: Sed Citius|Ditto, shiny|100/100
|-transform|p1a: Sed Citius|p2a: Xerneas|[from] ability: Imposter
|-ability|p1a: Sed Citius|Fairy Aura
|turn|12
|
|t:|1655857640
|switch|p1a: Ignis Avis|Blaziken, M|100/100
|-start|p2a: Xerneas|Dynamax|
|-heal|p2a: Xerneas|82/100|[silent]
|move|p2a: Xerneas|Max Starfall|p1a: Ignis Avis
|-enditem|p1a: Ignis Avis|Focus Sash
|-damage|p1a: Ignis Avis|1/100
|-fieldstart|move: Misty Terrain
|
|upkeep
|turn|13
|
|t:|1655857644
|move|p1a: Ignis Avis|Protect|p1a: Ignis Avis
|-singleturn|p1a: Ignis Avis|Protect
|move|p2a: Xerneas|Max Starfall|p1a: Ignis Avis
|-zbroken|p1a: Ignis Avis
|-damage|p1a: Ignis Avis|0 fnt
|faint|p1a: Ignis Avis
|
|upkeep
|
|t:|1655857648
|switch|p1a: Gyarados|Gyarados, F|100/100
|-ability|p1a: Gyarados|Intimidate|boost
|-unboost|p2a: Xerneas|atk|1
|turn|14
|
|t:|1655857658
|move|p2a: Xerneas|Max Guard|p2a: Xerneas
|-singleturn|p2a: Xerneas|Max Guard
|move|p1a: Gyarados|Bounce||[still]
|-prepare|p1a: Gyarados|Bounce
|
|upkeep
|-end|p2a: Xerneas|Dynamax
|-heal|p2a: Xerneas|82/100|[silent]
|turn|15
|
|t:|1655857663
|move|p2a: Xerneas|Thunder|p1a: Gyarados
|-supereffective|p1a: Gyarados
|-damage|p1a: Gyarados|0 fnt
|faint|p1a: Gyarados
|
|upkeep
|
|t:|1655857666
|switch|p1a: Sed Citius|Ditto, shiny|100/100
|-transform|p1a: Sed Citius|p2a: Xerneas|[from] ability: Imposter
|-ability|p1a: Sed Citius|Fairy Aura
|turn|16
|
|t:|1655857668
|-start|p1a: Sed Citius|Dynamax|
|-heal|p1a: Sed Citius|100/100|[silent]
|move|p2a: Xerneas|Draining Kiss|p1a: Sed Citius
|-damage|p1a: Sed Citius|80/100
|-heal|p2a: Xerneas|100/100|[from] drain|[of] p1a: Sed Citius
|move|p1a: Sed Citius|Max Starfall|p2a: Xerneas
|-damage|p2a: Xerneas|39/100
|
|-fieldend|Misty Terrain
|upkeep
|turn|17
|
|t:|1655857676
|move|p1a: Sed Citius|Max Starfall|p2a: Xerneas
|-damage|p2a: Xerneas|0 fnt
|-fieldstart|move: Misty Terrain
|faint|p2a: Xerneas
|
|upkeep
|
|t:|1655857685
|switch|p2a: Yveltal|Yveltal, shiny|100/100
|-ability|p2a: Yveltal|Dark Aura
|turn|18
|
|t:|1655857689
|move|p1a: Sed Citius|Max Starfall|p2a: Yveltal
|-supereffective|p2a: Yveltal
|-damage|p2a: Yveltal|0 fnt
|faint|p2a: Yveltal
|
|upkeep
|
|t:|1655857692
|switch|p2a: Quagsire|Quagsire, M, shiny|100/100
|-end|p1a: Sed Citius|Dynamax
|-heal|p1a: Sed Citius|80/100|[silent]
|turn|19
|
|t:|1655857706
|move|p1a: Sed Citius|Hidden Power|p2a: Quagsire
|-damage|p2a: Quagsire|76/100
|move|p2a: Quagsire|Eerie Impulse|p1a: Sed Citius
|-unboost|p1a: Sed Citius|spa|2
|
|upkeep
|turn|20
|
|t:|1655857713
|switch|p1a: Nix Muta|Darmanitan-Galar, M, shiny|100/100
|switch|p2a: Eternatus|Eternatus|81/100
|-ability|p2a: Eternatus|Pressure
|
|-heal|p2a: Eternatus|87/100|[from] item: Black Sludge
|upkeep
|turn|21
|
|t:|1655857721
|switch|p2a: Landorus|Landorus-Therian, M, shiny|100/100
|-ability|p2a: Landorus|Intimidate|boost
|-unboost|p1a: Nix Muta|atk|1
|move|p1a: Nix Muta|Icicle Crash|p2a: Landorus
|-supereffective|p2a: Landorus
|-damage|p2a: Landorus|0 fnt
|faint|p2a: Landorus
|
|-fieldend|Misty Terrain
|upkeep
|
|t:|1655857724
|switch|p2a: Eternatus|Eternatus|87/100
|-ability|p2a: Eternatus|Pressure
|turn|22
|
|t:|1655857740
|switch|p1a: Sed Citius|Ditto, shiny|80/100
|-transform|p1a: Sed Citius|p2a: Eternatus|[from] ability: Imposter
|-ability|p1a: Sed Citius|Pressure
|move|p2a: Eternatus|Cosmic Power|p2a: Eternatus
|-boost|p2a: Eternatus|def|1
|-boost|p2a: Eternatus|spd|1
|
|-heal|p2a: Eternatus|93/100|[from] item: Black Sludge
|upkeep
|turn|23
|
|t:|1655857744
|switch|p1a: Nix Muta|Darmanitan-Galar, M, shiny|100/100
|move|p2a: Eternatus|Cosmic Power|p2a: Eternatus
|-boost|p2a: Eternatus|def|1
|-boost|p2a: Eternatus|spd|1
|
|-heal|p2a: Eternatus|99/100|[from] item: Black Sludge
|upkeep
|turn|24
|
|t:|1655857749
|move|p1a: Nix Muta|Icicle Crash|p2a: Eternatus
|-supereffective|p2a: Eternatus
|-damage|p2a: Eternatus|45/100
|move|p2a: Eternatus|Mystical Fire|p1a: Nix Muta
|-supereffective|p1a: Nix Muta
|-damage|p1a: Nix Muta|27/100
|-unboost|p1a: Nix Muta|spa|1
|
|-heal|p2a: Eternatus|51/100|[from] item: Black Sludge
|upkeep
|turn|25
|
|t:|1655857753
|move|p1a: Nix Muta|Icicle Crash|p2a: Eternatus
|-supereffective|p2a: Eternatus
|-damage|p2a: Eternatus|0 fnt
|faint|p2a: Eternatus
|
|upkeep
|-message|seidou45 forfeited.
|
|win|Demonic Asura
|l|☆seidou45
|c|☆Demonic Asura|gg
|l|☆Demonic Asura
|j|☆Demonic Asura
|player|p1|Demonic Asura|unknown
|l|☆Demonic Asura
|player|p1|
|j|☆Demonic Asura
|player|p1|Demonic Asura|unknown
|j| Mbouchon
|l|☆Demonic Asura
|player|p1|
|l| Mbouchon
|j| MegaCharizard350
