|j|☆starkorea74
|j|☆Black Shadow 666
|t:|1597352710
|player|p1|starkorea74|cynthia|1883
|player|p2|Black Shadow 666|unknown|1892
|teamsize|p1|6
|teamsize|p2|6
|gametype|singles
|gen|8
|tier|[Gen 8] National Dex AG
|rated|
|clearpoke
|poke|p1|Necrozma-Dusk-Mane|
|poke|p1|Ho-Oh|
|poke|p1|Ditto|
|poke|p1|Arceus-*|
|poke|p1|Rayquaza|
|poke|p1|Yveltal|
|poke|p2|Deoxys-Attack|
|poke|p2|Yveltal|
|poke|p2|Ho-Oh|
|poke|p2|Zacian-Crowned|
|poke|p2|Necrozma-Dusk-Mane|
|poke|p2|Groudon|
|rule|HP Percentage Mod: HP is shown in percentages
|rule|Endless Battle Clause: Forcing endless battles is banned
|teampreview
|inactive|Battle timer is ON: inactive players will automatically lose when time's up. (requested by Black Shadow 666)
|
|t:|1597352729
|start
|switch|p1a: Ho-Oh|Ho-Oh|100/100
|switch|p2a: Deoxys|Deoxys-Attack|100/100
|-ability|p2a: Deoxys|Pressure
|turn|1
|
|t:|1597352740
|switch|p2a: Ho-Oh|Ho-Oh, shiny|100/100
|move|p1a: Ho-Oh|Sacred Fire|p2a: Ho-Oh
|-resisted|p2a: Ho-Oh
|-damage|p2a: Ho-Oh|86/100
|
|upkeep
|turn|2
|
|t:|1597352746
|move|p2a: Ho-Oh|Toxic|p1a: Ho-Oh
|-status|p1a: Ho-Oh|tox
|move|p1a: Ho-Oh|Toxic|p2a: Ho-Oh
|-status|p2a: Ho-Oh|tox
|
|-damage|p1a: Ho-Oh|94/100 tox|[from] psn
|-damage|p2a: Ho-Oh|79/100 tox|[from] psn
|upkeep
|turn|3
|
|t:|1597352753
|switch|p2a: Groudon|Groudon, shiny|100/100
|detailschange|p2a: Groudon|Groudon-Primal, shiny
|-primal|p2a: Groudon
|-weather|DesolateLand|[from] ability: Desolate Land|[of] p2a: Groudon
|move|p1a: Ho-Oh|Sacred Fire|p2a: Groudon
|-resisted|p2a: Groudon
|-damage|p2a: Groudon|81/100
|
|-weather|DesolateLand|[upkeep]
|-damage|p1a: Ho-Oh|82/100 tox|[from] psn
|upkeep
|turn|4
|
|t:|1597352769
|-weather|none
|switch|p2a: Ho-Oh|Ho-Oh, shiny|100/100 tox
|switch|p1a: Arceus|Arceus-Dark|100/100
|
|-damage|p2a: Ho-Oh|94/100 tox|[from] psn
|upkeep
|turn|5
|
|t:|1597352783
|move|p1a: Arceus|Judgment|p2a: Ho-Oh
|-damage|p2a: Ho-Oh|67/100 tox
|move|p2a: Ho-Oh|Toxic|p1a: Arceus
|-status|p1a: Arceus|tox
|
|-damage|p1a: Arceus|94/100 tox|[from] psn
|-damage|p2a: Ho-Oh|54/100 tox|[from] psn
|upkeep
|turn|6
|
|t:|1597352791
|switch|p2a: Zacian|Zacian-Crowned|100/100
|-ability|p2a: Zacian|Intrepid Sword|boost
|-boost|p2a: Zacian|atk|1
|move|p1a: Arceus|Refresh|p1a: Arceus
|-curestatus|p1a: Arceus|tox|[msg]
|
|upkeep
|turn|7
|
|t:|1597352797
|switch|p1a: Ho-Oh|Ho-Oh|100/100 tox
|move|p2a: Zacian|Wild Charge|p1a: Ho-Oh
|-supereffective|p1a: Ho-Oh
|-damage|p1a: Ho-Oh|23/100 tox
|-damage|p2a: Zacian|76/100|[from] Recoil
|
|-damage|p1a: Ho-Oh|17/100 tox|[from] psn
|upkeep
|turn|8
|
|t:|1597352806
|switch|p2a: Deoxys|Deoxys-Attack|100/100
|-ability|p2a: Deoxys|Pressure
|switch|p1a: Necrozma|Necrozma-Dusk-Mane|100/100
|
|upkeep
|turn|9
|
|t:|1597352814
|move|p2a: Deoxys|Nasty Plot|p2a: Deoxys
|-boost|p2a: Deoxys|spa|2
|move|p1a: Necrozma|Toxic|p2a: Deoxys
|-status|p2a: Deoxys|tox
|
|-damage|p2a: Deoxys|94/100 tox|[from] psn
|upkeep
|turn|10
|
|t:|1597352830
|switch|p1a: Ho-Oh|Ho-Oh|51/100 tox
|move|p2a: Deoxys|Dark Pulse|p1a: Ho-Oh
|-damage|p1a: Ho-Oh|9/100 tox
|
|-damage|p2a: Deoxys|82/100 tox|[from] psn
|-damage|p1a: Ho-Oh|3/100 tox|[from] psn
|upkeep
|turn|11
|
|t:|1597352837
|switch|p1a: Arceus|Arceus-Dark|94/100
|move|p2a: Deoxys|Dark Pulse|p1a: Arceus
|-resisted|p1a: Arceus
|-damage|p1a: Arceus|75/100
|
|-damage|p2a: Deoxys|63/100 tox|[from] psn
|upkeep
|turn|12
|
|t:|1597352844
|move|p2a: Deoxys|Taunt|p1a: Arceus
|-start|p1a: Arceus|move: Taunt
|move|p1a: Arceus|Judgment|p2a: Deoxys
|-supereffective|p2a: Deoxys
|-damage|p2a: Deoxys|0 fnt
|faint|p2a: Deoxys
|
|upkeep
|inactive|Black Shadow 666 has 120 seconds left.
|
|t:|1597352897
|switch|p2a: Yveltal|Yveltal|100/100
|-ability|p2a: Yveltal|Dark Aura
|turn|13
|
|t:|1597352910
|switch|p1a: Ho-Oh|Ho-Oh|36/100 tox
|move|p2a: Yveltal|Focus Blast|p1a: Ho-Oh|[miss]
|-miss|p2a: Yveltal|p1a: Ho-Oh
|
|-damage|p1a: Ho-Oh|30/100 tox|[from] psn
|upkeep
|turn|14
|
|t:|1597352923
|switch|p1a: Arceus|Arceus-Dark|75/100
|move|p2a: Yveltal|Dark Pulse|p1a: Arceus
|-resisted|p1a: Arceus
|-damage|p1a: Arceus|53/100
|-damage|p2a: Yveltal|91/100|[from] item: Life Orb
|
|upkeep
|turn|15
|
|t:|1597352932
|move|p1a: Arceus|Recover|p1a: Arceus
|-heal|p1a: Arceus|100/100
|move|p2a: Yveltal|Oblivion Wing|p1a: Arceus
|-damage|p1a: Arceus|71/100
|-heal|p2a: Yveltal|100/100|[from] drain|[of] p1a: Arceus
|-damage|p2a: Yveltal|91/100|[from] item: Life Orb
|
|upkeep
|turn|16
|
|t:|1597352943
|move|p1a: Arceus|Calm Mind|p1a: Arceus
|-boost|p1a: Arceus|spa|1
|-boost|p1a: Arceus|spd|1
|move|p2a: Yveltal|Dark Pulse|p1a: Arceus
|-resisted|p1a: Arceus
|-damage|p1a: Arceus|59/100
|-damage|p2a: Yveltal|81/100|[from] item: Life Orb
|
|upkeep
|turn|17
|
|t:|1597352951
|switch|p2a: Zacian|Zacian-Crowned|76/100
|-ability|p2a: Zacian|Intrepid Sword|boost
|-boost|p2a: Zacian|atk|1
|move|p1a: Arceus|Recover|p1a: Arceus
|-heal|p1a: Arceus|100/100
|
|upkeep
|turn|18
|
|t:|1597352958
|switch|p1a: Necrozma|Necrozma-Dusk-Mane|100/100
|move|p2a: Zacian|Close Combat|p1a: Necrozma
|-damage|p1a: Necrozma|58/100
|-unboost|p2a: Zacian|def|1
|-unboost|p2a: Zacian|spd|1
|
|-heal|p1a: Necrozma|64/100|[from] item: Leftovers
|upkeep
|turn|19
|inactive|Black Shadow 666 has 120 seconds left.
|
|t:|1597352969
|switch|p2a: Yveltal|Yveltal|81/100
|-ability|p2a: Yveltal|Dark Aura
|move|p1a: Necrozma|Morning Sun|p1a: Necrozma
|-heal|p1a: Necrozma|100/100
|
|upkeep
|turn|20
|inactive|Black Shadow 666 has 120 seconds left.
|
|t:|1597352978
|switch|p1a: Arceus|Arceus-Dark|100/100
|move|p2a: Yveltal|Oblivion Wing|p1a: Arceus
|-crit|p1a: Arceus
|-damage|p1a: Arceus|55/100
|-heal|p2a: Yveltal|100/100|[from] drain|[of] p1a: Arceus
|-damage|p2a: Yveltal|91/100|[from] item: Life Orb
|
|upkeep
|turn|21
|
|t:|1597352987
|move|p1a: Arceus|Recover|p1a: Arceus
|-heal|p1a: Arceus|100/100
|move|p2a: Yveltal|Focus Blast|p1a: Arceus
|-supereffective|p1a: Arceus
|-damage|p1a: Arceus|36/100
|-damage|p2a: Yveltal|81/100|[from] item: Life Orb
|
|upkeep
|turn|22
|
|t:|1597352993
|move|p1a: Arceus|Recover|p1a: Arceus
|-heal|p1a: Arceus|86/100
|move|p2a: Yveltal|Focus Blast|p1a: Arceus
|-supereffective|p1a: Arceus
|-damage|p1a: Arceus|26/100
|-damage|p2a: Yveltal|71/100|[from] item: Life Orb
|
|upkeep
|turn|23
|
|t:|1597353000
|move|p1a: Arceus|Recover|p1a: Arceus
|-heal|p1a: Arceus|76/100
|move|p2a: Yveltal|Oblivion Wing|p1a: Arceus
|-damage|p1a: Arceus|44/100
|-heal|p2a: Yveltal|97/100|[from] drain|[of] p1a: Arceus
|-damage|p2a: Yveltal|87/100|[from] item: Life Orb
|
|upkeep
|turn|24
|
|t:|1597353009
|move|p1a: Arceus|Recover|p1a: Arceus
|-heal|p1a: Arceus|94/100
|move|p2a: Yveltal|Focus Blast|p1a: Arceus
|-supereffective|p1a: Arceus
|-damage|p1a: Arceus|37/100
|-damage|p2a: Yveltal|77/100|[from] item: Life Orb
|
|upkeep
|turn|25
|
|t:|1597353018
|switch|p2a: Zacian|Zacian-Crowned|76/100
|-ability|p2a: Zacian|Intrepid Sword|boost
|-boost|p2a: Zacian|atk|1
|move|p1a: Arceus|Recover|p1a: Arceus
|-heal|p1a: Arceus|87/100
|
|upkeep
|turn|26
|
|t:|1597353025
|switch|p2a: Yveltal|Yveltal|77/100
|-ability|p2a: Yveltal|Dark Aura
|switch|p1a: Necrozma|Necrozma-Dusk-Mane|100/100
|
|upkeep
|turn|27
|
|t:|1597353032
|switch|p1a: Ho-Oh|Ho-Oh|63/100 tox
|move|p2a: Yveltal|Focus Blast|p1a: Ho-Oh
|-resisted|p1a: Ho-Oh
|-damage|p1a: Ho-Oh|46/100 tox
|-damage|p2a: Yveltal|67/100|[from] item: Life Orb
|
|-damage|p1a: Ho-Oh|40/100 tox|[from] psn
|upkeep
|turn|28
|
|t:|1597353041
|switch|p1a: Arceus|Arceus-Dark|87/100
|move|p2a: Yveltal|Focus Blast|p1a: Arceus|[miss]
|-miss|p2a: Yveltal|p1a: Arceus
|
|upkeep
|turn|29
|
|t:|1597353047
|switch|p2a: Zacian|Zacian-Crowned|76/100
|-ability|p2a: Zacian|Intrepid Sword|boost
|-boost|p2a: Zacian|atk|1
|move|p1a: Arceus|Calm Mind|p1a: Arceus
|-boost|p1a: Arceus|spa|1
|-boost|p1a: Arceus|spd|1
|
|upkeep
|turn|30
|
|t:|1597353054
|switch|p1a: Ho-Oh|Ho-Oh|73/100 tox
|move|p2a: Zacian|Close Combat|p1a: Ho-Oh
|-resisted|p1a: Ho-Oh
|-damage|p1a: Ho-Oh|43/100 tox
|-unboost|p2a: Zacian|def|1
|-unboost|p2a: Zacian|spd|1
|
|-damage|p1a: Ho-Oh|37/100 tox|[from] psn
|upkeep
|turn|31
|
|t:|1597353063
|switch|p2a: Groudon|Groudon-Primal, shiny|81/100
|-weather|DesolateLand|[from] ability: Desolate Land|[of] p2a: Groudon
|switch|p1a: Necrozma|Necrozma-Dusk-Mane|100/100
|
|-weather|DesolateLand|[upkeep]
|upkeep
|turn|32
|
|t:|1597353072
|switch|p1a: Rayquaza|Rayquaza|100/100
|-ability|p1a: Rayquaza|Air Lock
|move|p2a: Groudon|Stone Edge|p1a: Rayquaza|[miss]
|-miss|p2a: Groudon|p1a: Rayquaza
|
|-weather|DesolateLand|[upkeep]
|upkeep
|turn|33
|c|☆Black Shadow 666|bro
|
|t:|1597353094
|-weather|none
|switch|p2a: Ho-Oh|Ho-Oh, shiny|87/100 tox
|detailschange|p1a: Rayquaza|Rayquaza-Mega
|-mega|p1a: Rayquaza|Rayquaza|
|-weather|DeltaStream|[from] ability: Delta Stream|[of] p1a: Rayquaza
|move|p1a: Rayquaza|Draco Meteor|p2a: Ho-Oh
|-damage|p2a: Ho-Oh|33/100 tox
|-unboost|p1a: Rayquaza|spa|2
|-damage|p1a: Rayquaza|91/100|[from] item: Life Orb
|
|-weather|DeltaStream|[upkeep]
|-damage|p2a: Ho-Oh|27/100 tox|[from] psn
|upkeep
|turn|34
|
|t:|1597353112
|switch|p2a: Necrozma|Necrozma-Dusk-Mane|100/100
|move|p1a: Rayquaza|Dragon Ascent|p2a: Necrozma
|-resisted|p2a: Necrozma
|-damage|p2a: Necrozma|63/100
|-unboost|p1a: Rayquaza|def|1
|-unboost|p1a: Rayquaza|spd|1
|-damage|p1a: Rayquaza|81/100|[from] item: Life Orb
|
|-weather|DeltaStream|[upkeep]
|upkeep
|turn|35
|
|t:|1597353127
|switch|p2a: Ho-Oh|Ho-Oh, shiny|60/100 tox
|move|p1a: Rayquaza|V-create|p2a: Ho-Oh
|-resisted|p2a: Ho-Oh
|-damage|p2a: Ho-Oh|26/100 tox
|-unboost|p1a: Rayquaza|spe|1
|-unboost|p1a: Rayquaza|def|1
|-unboost|p1a: Rayquaza|spd|1
|-damage|p1a: Rayquaza|71/100|[from] item: Life Orb
|
|-weather|DeltaStream|[upkeep]
|-damage|p2a: Ho-Oh|19/100 tox|[from] psn
|upkeep
|turn|36
|inactive|Black Shadow 666 has 120 seconds left.
|
|t:|1597353147
|switch|p2a: Groudon|Groudon-Primal, shiny|81/100
|-weather|DesolateLand|[from] ability: Desolate Land|[of] p2a: Groudon
|move|p1a: Rayquaza|Dragon Ascent|p2a: Groudon
|-damage|p2a: Groudon|5/100
|-unboost|p1a: Rayquaza|def|1
|-unboost|p1a: Rayquaza|spd|1
|-damage|p1a: Rayquaza|61/100|[from] item: Life Orb
|
|-weather|DesolateLand|[upkeep]
|upkeep
|turn|37
|
|t:|1597353157
|-weather|none
|switch|p2a: Zacian|Zacian-Crowned|76/100
|-ability|p2a: Zacian|Intrepid Sword|boost
|-boost|p2a: Zacian|atk|1
|move|p1a: Rayquaza|Extreme Speed|p2a: Zacian
|-resisted|p2a: Zacian
|-damage|p2a: Zacian|51/100
|-damage|p1a: Rayquaza|51/100|[from] item: Life Orb
|
|upkeep
|turn|38
|
|t:|1597353169
|switch|p1a: Necrozma|Necrozma-Dusk-Mane|100/100
|move|p2a: Zacian|Wild Charge|p1a: Necrozma
|-damage|p1a: Necrozma|68/100
|-damage|p2a: Zacian|41/100|[from] Recoil
|
|-heal|p1a: Necrozma|74/100|[from] item: Leftovers
|upkeep
|turn|39
|
|t:|1597353181
|switch|p2a: Yveltal|Yveltal|67/100
|-ability|p2a: Yveltal|Dark Aura
|move|p1a: Necrozma|Stealth Rock|p2a: Yveltal
|-sidestart|p2: Black Shadow 666|move: Stealth Rock
|
|-heal|p1a: Necrozma|80/100|[from] item: Leftovers
|upkeep
|turn|40
|c|☆Black Shadow 666|20% chance you win
|c|☆Black Shadow 666|nice
|
|t:|1597353198
|switch|p2a: Ho-Oh|Ho-Oh, shiny|53/100 tox
|switch|p1a: Arceus|Arceus-Dark|87/100
|
|-damage|p2a: Ho-Oh|46/100 tox|[from] psn
|upkeep
|turn|41
|
|t:|1597353206
|move|p1a: Arceus|Judgment|p2a: Ho-Oh
|-damage|p2a: Ho-Oh|20/100 tox
|move|p2a: Ho-Oh|Defog|p1a: Arceus
|-unboost|p1a: Arceus|evasion|1
|-sideend|p2: Black Shadow 666|Stealth Rock|[from] move: Defog|[of] p2a: Ho-Oh
|
|-damage|p2a: Ho-Oh|7/100 tox|[from] psn
|upkeep
|turn|42
|
|t:|1597353220
|switch|p1a: Necrozma|Necrozma-Dusk-Mane|80/100
|switch|p2a: Zacian|Zacian-Crowned|41/100
|-ability|p2a: Zacian|Intrepid Sword|boost
|-boost|p2a: Zacian|atk|1
|
|-heal|p1a: Necrozma|86/100|[from] item: Leftovers
|upkeep
|turn|43
|
|t:|1597353228
|switch|p2a: Ho-Oh|Ho-Oh, shiny|40/100 tox
|move|p1a: Necrozma|Sunsteel Strike|p2a: Ho-Oh
|-resisted|p2a: Ho-Oh
|-crit|p2a: Ho-Oh
|-damage|p2a: Ho-Oh|17/100 tox
|
|-heal|p1a: Necrozma|92/100|[from] item: Leftovers
|-damage|p2a: Ho-Oh|11/100 tox|[from] psn
|upkeep
|turn|44
|
|t:|1597353238
|switch|p2a: Groudon|Groudon-Primal, shiny|5/100
|-weather|DesolateLand|[from] ability: Desolate Land|[of] p2a: Groudon
|move|p1a: Necrozma|Stealth Rock|p2a: Groudon
|-sidestart|p2: Black Shadow 666|move: Stealth Rock
|
|-weather|DesolateLand|[upkeep]
|-heal|p1a: Necrozma|98/100|[from] item: Leftovers
|upkeep
|turn|45
|
|t:|1597353250
|switch|p1a: Arceus|Arceus-Dark|87/100
|move|p2a: Groudon|Stone Edge|p1a: Arceus
|-damage|p1a: Arceus|60/100
|
|-weather|DesolateLand|[upkeep]
|upkeep
|turn|46
|
|t:|1597353257
|move|p2a: Groudon|Precipice Blades|p1a: Arceus
|-damage|p1a: Arceus|5/100
|move|p1a: Arceus|Recover|p1a: Arceus
|-heal|p1a: Arceus|55/100
|
|-weather|DesolateLand|[upkeep]
|upkeep
|turn|47
|
|t:|1597353263
|switch|p1a: Rayquaza|Rayquaza-Mega|51/100
|-weather|DeltaStream|[from] ability: Delta Stream|[of] p1a: Rayquaza
|move|p2a: Groudon|Precipice Blades|p1a: Rayquaza
|-immune|p1a: Rayquaza
|
|-weather|DeltaStream|[upkeep]
|upkeep
|turn|48
|
|t:|1597353273
|switch|p2a: Necrozma|Necrozma-Dusk-Mane|63/100
|-damage|p2a: Necrozma|57/100|[from] Stealth Rock
|move|p1a: Rayquaza|Extreme Speed|p2a: Necrozma
|-resisted|p2a: Necrozma
|-damage|p2a: Necrozma|39/100
|-damage|p1a: Rayquaza|41/100|[from] item: Life Orb
|
|-weather|DeltaStream|[upkeep]
|upkeep
|turn|49
|
|t:|1597353298
|switch|p2a: Ho-Oh|Ho-Oh, shiny|44/100 tox
|move|p1a: Rayquaza|V-create|p2a: Ho-Oh
|-resisted|p2a: Ho-Oh
|-crit|p2a: Ho-Oh
|-damage|p2a: Ho-Oh|0 fnt
|-unboost|p1a: Rayquaza|spe|1
|-unboost|p1a: Rayquaza|def|1
|-unboost|p1a: Rayquaza|spd|1
|-damage|p1a: Rayquaza|31/100|[from] item: Life Orb
|faint|p2a: Ho-Oh
|
|-weather|DeltaStream|[upkeep]
|upkeep
|inactive|Black Shadow 666 has 120 seconds left.
|c|☆Black Shadow 666|can't handle this hax lol
|inactive|Black Shadow 666 has 90 seconds left.
|c|☆starkorea74|even without hax the problem is that you have no way to beat the defensive core
|c|☆Black Shadow 666|it doesn't matter how much better I am than you, the hax always balances it out
|c|☆Black Shadow 666|once rayquaza is gone i easily win
|inactive|Black Shadow 666 has 60 seconds left.
|c|☆Black Shadow 666|sorry bud
|-message|Black Shadow 666 forfeited.
|
|win|starkorea74
|l|☆Black Shadow 666
|c|☆starkorea74|If you killed ray
|l|☆starkorea74
||Ladder (probably) updated, but score could not be retrieved (Request timeout).
