|j|☆World breaker Odin
|j|☆BrillaintStar
|inactive|Battle timer is ON: inactive players will automatically lose when time's up.
|t:|1661466912
|gametype|singles
|player|p1|World breaker Odin|adaman|
|player|p2|BrillaintStar|n-masters|
|teamsize|p1|6
|teamsize|p2|6
|gen|8
|tier|[Gen 8] National Dex AG
|rated|Tournament battle
|rule|HP Percentage Mod: HP is shown in percentages
|rule|Endless Battle Clause: Forcing endless battles is banned
|clearpoke
|poke|p1|Arceus-*|
|poke|p1|Necrozma-Dusk-Mane|
|poke|p1|Arceus-*|
|poke|p1|Rayquaza|
|poke|p1|Zygarde|
|poke|p1|Arceus-*|
|poke|p2|Greninja, F|
|poke|p2|Yveltal|
|poke|p2|Necrozma-Dusk-Mane|
|poke|p2|Rayquaza|
|poke|p2|Calyrex-Shadow|
|poke|p2|Marshadow|
|teampreview
|inactive|World breaker Odin also wants the timer to be on.
|inactive|BrillaintStar also wants the timer to be on.
|c|☆BrillaintStar|Glhf
|
|t:|1661466919
|start
|switch|p1a: Rayquaza|Rayquaza|100/100
|switch|p2a: Greninja|Greninja, F, shiny|100/100
|-ability|p1a: Rayquaza|Air Lock
|turn|1
|
|t:|1661466924
|detailschange|p1a: Rayquaza|Rayquaza-Mega
|-mega|p1a: Rayquaza|Rayquaza|
|-weather|DeltaStream|[from] ability: Delta Stream|[of] p1a: Rayquaza
|move|p2a: Greninja|Rock Tomb|p1a: Rayquaza
|-start|p2a: Greninja|typechange|Rock|[from] ability: Protean
|-activate||deltastream
|-damage|p1a: Rayquaza|78/100
|-unboost|p1a: Rayquaza|spe|1
|move|p1a: Rayquaza|Dragon Ascent|p2a: Greninja
|-resisted|p2a: Greninja
|-damage|p2a: Greninja|8/100
|-unboost|p1a: Rayquaza|def|1
|-unboost|p1a: Rayquaza|spd|1
|-damage|p1a: Rayquaza|68/100|[from] item: Life Orb
|
|-weather|DeltaStream|[upkeep]
|upkeep
|turn|2
|
|t:|1661466928
|move|p1a: Rayquaza|Extreme Speed|p2a: Greninja
|-resisted|p2a: Greninja
|-damage|p2a: Greninja|0 fnt
|faint|p2a: Greninja
|-damage|p1a: Rayquaza|58/100|[from] item: Life Orb
|
|-weather|DeltaStream|[upkeep]
|upkeep
|
|t:|1661466937
|switch|p2a: MVP|Yveltal|100/100
|-ability|p2a: MVP|Dark Aura
|turn|3
|
|t:|1661466941
|-start|p2a: MVP|Dynamax|
|-heal|p2a: MVP|100/100|[silent]
|move|p2a: MVP|Max Airstream|p1a: Rayquaza
|-crit|p1a: Rayquaza
|-damage|p1a: Rayquaza|0 fnt
|-boost|p2a: MVP|spe|1
|faint|p1a: Rayquaza
|-weather|none
|-damage|p2a: MVP|96/100|[from] item: Life Orb
|
|upkeep
|
|t:|1661466955
|switch|p1a: Arceus|Arceus-Fairy, shiny|100/100
|turn|4
|
|t:|1661466963
|-start|p1a: Arceus|Dynamax|
|-heal|p1a: Arceus|100/100|[silent]
|move|p2a: MVP|Max Airstream|p1a: Arceus
|-damage|p1a: Arceus|65/100
|-boost|p2a: MVP|spe|1
|-damage|p2a: MVP|91/100|[from] item: Life Orb
|move|p1a: Arceus|Max Starfall|p2a: MVP
|-supereffective|p2a: MVP
|-damage|p2a: MVP|33/100
|-fieldstart|move: Misty Terrain
|
|upkeep
|turn|5
|
|t:|1661466970
|move|p2a: MVP|Max Airstream|p1a: Arceus
|-damage|p1a: Arceus|33/100
|-boost|p2a: MVP|spe|1
|-damage|p2a: MVP|28/100|[from] item: Life Orb
|move|p1a: Arceus|Max Starfall|p2a: MVP
|-supereffective|p2a: MVP
|-damage|p2a: MVP|0 fnt
|faint|p2a: MVP
|
|upkeep
|
|t:|1661466977
|switch|p2a: Necrozma|Necrozma-Dusk-Mane|100/100
|turn|6
|
|t:|1661466980
|-end|p1a: Arceus|Dynamax
|-heal|p1a: Arceus|33/100|[silent]
|switch|p1a: Necrozma|Necrozma-Dusk-Mane, shiny|100/100
|move|p2a: Necrozma|Dragon Dance|p2a: Necrozma
|-boost|p2a: Necrozma|atk|1
|-boost|p2a: Necrozma|spe|1
|
|upkeep
|turn|7
|
|t:|1661466984
|move|p2a: Necrozma|Dragon Dance|p2a: Necrozma
|-boost|p2a: Necrozma|atk|1
|-boost|p2a: Necrozma|spe|1
|move|p1a: Necrozma|Stealth Rock|p2a: Necrozma
|-sidestart|p2: BrillaintStar|move: Stealth Rock
|
|upkeep
|turn|8
|
|t:|1661466993
|detailschange|p2a: Necrozma|Necrozma-Ultra
|-burst|p2a: Necrozma|Necrozma|Ultranecrozium Z
|move|p2a: Necrozma|Earthquake|p1a: Necrozma
|-supereffective|p1a: Necrozma
|-damage|p1a: Necrozma|4/100
|move|p1a: Necrozma|Sunsteel Strike|p2a: Necrozma
|-damage|p2a: Necrozma|49/100
|
|-fieldend|Misty Terrain
|upkeep
|turn|9
|c|☆BrillaintStar|Que the music
|
|t:|1661467001
|move|p2a: Necrozma|Earthquake|p1a: Necrozma
|-supereffective|p1a: Necrozma
|-damage|p1a: Necrozma|0 fnt
|faint|p1a: Necrozma
|
|upkeep
|
|t:|1661467010
|switch|p1a: Arceus|Arceus-Ground, shiny|100/100
|turn|10
|
|t:|1661467014
|-zpower|p2a: Necrozma
|move|p2a: Necrozma|Light That Burns the Sky|p1a: Arceus|[zeffect]
|-damage|p1a: Arceus|0 fnt
|faint|p1a: Arceus
|
|upkeep
|
|t:|1661467019
|switch|p1a: Arceus|Arceus-Dark, shiny|100/100
|turn|11
|
|t:|1661467022
|move|p2a: Necrozma|Earthquake|p1a: Arceus
|-damage|p1a: Arceus|44/100
|move|p1a: Arceus|Judgment|p2a: Necrozma
|-supereffective|p2a: Necrozma
|-damage|p2a: Necrozma|0 fnt
|faint|p2a: Necrozma
|
|upkeep
|
|t:|1661467026
|switch|p2a: Marshadow|Marshadow|100/100
|-damage|p2a: Marshadow|94/100|[from] Stealth Rock
|turn|12
|
|t:|1661467032
|switch|p1a: Zygarde|Zygarde, shiny|100/100
|move|p2a: Marshadow|Close Combat|p1a: Zygarde
|-damage|p1a: Zygarde|59/100
|-unboost|p2a: Marshadow|def|1
|-unboost|p2a: Marshadow|spd|1
|-damage|p2a: Marshadow|84/100|[from] item: Life Orb
|
|-heal|p1a: Zygarde|65/100|[from] item: Leftovers
|upkeep
|turn|13
|
|t:|1661467037
|switch|p2a: Rayquaza|Rayquaza|100/100
|-damage|p2a: Rayquaza|76/100|[from] Stealth Rock
|-ability|p2a: Rayquaza|Air Lock
|move|p1a: Zygarde|Glare|p2a: Rayquaza
|-status|p2a: Rayquaza|par
|
|-heal|p1a: Zygarde|72/100|[from] item: Leftovers
|upkeep
|turn|14
|
|t:|1661467042
|detailschange|p2a: Rayquaza|Rayquaza-Mega
|-mega|p2a: Rayquaza|Rayquaza|
|-weather|DeltaStream|[from] ability: Delta Stream|[of] p2a: Rayquaza
|move|p1a: Zygarde|Coil|p1a: Zygarde
|-boost|p1a: Zygarde|atk|1
|-boost|p1a: Zygarde|def|1
|-boost|p1a: Zygarde|accuracy|1
|move|p2a: Rayquaza|Dragon Dance|p2a: Rayquaza
|-boost|p2a: Rayquaza|atk|1
|-boost|p2a: Rayquaza|spe|1
|
|-weather|DeltaStream|[upkeep]
|-heal|p1a: Zygarde|78/100|[from] item: Leftovers
|upkeep
|turn|15
|
|t:|1661467054
|move|p2a: Rayquaza|Dragon Ascent|p1a: Zygarde
|-damage|p1a: Zygarde|23/100
|-unboost|p2a: Rayquaza|def|1
|-unboost|p2a: Rayquaza|spd|1
|-damage|p2a: Rayquaza|66/100 par|[from] item: Life Orb
|move|p1a: Zygarde|Thousand Arrows|p2a: Rayquaza
|-damage|p2a: Rayquaza|3/100 par
|-start|p2a: Rayquaza|Smack Down
|
|-weather|DeltaStream|[upkeep]
|-heal|p1a: Zygarde|29/100|[from] item: Leftovers
|-activate|p1a: Zygarde|ability: Power Construct
|detailschange|p1a: Zygarde|Zygarde-Complete, shiny
|-heal|p1a: Zygarde|53/100|[silent]
|upkeep
|turn|16
|
|t:|1661467063
|move|p2a: Rayquaza|Dragon Ascent|p1a: Zygarde
|-damage|p1a: Zygarde|13/100
|-unboost|p2a: Rayquaza|def|1
|-unboost|p2a: Rayquaza|spd|1
|-damage|p2a: Rayquaza|0 fnt|[from] item: Life Orb
|faint|p2a: Rayquaza
|-weather|none
|move|p1a: Zygarde|Thousand Arrows|p2: Rayquaza|[notarget]
|-fail|p1a: Zygarde
|
|-heal|p1a: Zygarde|19/100|[from] item: Leftovers
|upkeep
|
|t:|1661467066
|switch|p2a: Calyrex|Calyrex-Shadow|100/100
|-ability|p2a: Calyrex|As One
|-ability|p2a: Calyrex|Unnerve
|-damage|p2a: Calyrex|88/100|[from] Stealth Rock
|turn|17
|
|t:|1661467090
|move|p2a: Calyrex|Astral Barrage|p1a: Zygarde
|-damage|p1a: Zygarde|0 fnt
|faint|p1a: Zygarde
|-ability|p2a: Calyrex|Grim Neigh|boost
|-boost|p2a: Calyrex|spa|1
|
|upkeep
|
|t:|1661467092
|switch|p1a: Arceus|Arceus-Dark, shiny|44/100
|turn|18
|
|t:|1661467094
|move|p2a: Calyrex|Astral Barrage|p1a: Arceus
|-resisted|p1a: Arceus
|-damage|p1a: Arceus|0 fnt
|faint|p1a: Arceus
|-ability|p2a: Calyrex|Grim Neigh|boost
|-boost|p2a: Calyrex|spa|1
|
|upkeep
|
|t:|1661467098
|switch|p1a: Arceus|Arceus-Fairy, shiny|33/100
|turn|19
|
|t:|1661467099
|move|p2a: Calyrex|Astral Barrage|p1a: Arceus
|-damage|p1a: Arceus|0 fnt
|faint|p1a: Arceus
|
|win|BrillaintStar
|n|☆World breaker Odin|worldbreakerodin
|n|☆BrillaintStar|brillaintstar
