|j|☆rvdpijl19887
|j|☆TwentyTwan
|player|p1|rvdpijl19887|palmer|
|player|p2|TwentyTwan|265|
|teamsize|p1|6
|teamsize|p2|6
|gametype|singles
|gen|8
|tier|[Gen 8] National Dex AG
|clearpoke
|poke|p1|Sandslash-Alola, M|
|poke|p1|Abomasnow, M|
|poke|p1|Beedrill, F|
|poke|p1|Salamence, F|
|poke|p1|Mew|
|poke|p1|Togekiss, M|
|poke|p2|Cofagrigus, F|
|poke|p2|Clefable, F|
|poke|p2|Jellicent, F|
|poke|p2|Shiinotic, M|
|poke|p2|Charizard, F|
|poke|p2|Magnezone|
|rule|HP Percentage Mod: HP is shown in percentages
|rule|Endless Battle Clause: Forcing endless battles is banned
|teampreview
|
|start
|switch|p1a: Gogeta|Salamence, F, shiny|100/100
|switch|p2a: Steelbait|Magnezone|100/100
|turn|1
|
|move|p1a: Gogeta|Dragon Dance|p1a: Gogeta
|-boost|p1a: Gogeta|atk|1
|-boost|p1a: Gogeta|spe|1
|move|p2a: Steelbait|Volt Switch|p1a: Gogeta
|-damage|p1a: Gogeta|28/100
|
|switch|p2a: Upgraded Swiss-Arm|Clefable, F|100/100|[from]move: Volt Switch
|
|upkeep
|turn|2
|
|switch|p1a: dean|Abomasnow, M|100/100
|-weather|Hail|[from] ability: Snow Warning|[of] p1a: dean
|move|p2a: Upgraded Swiss-Arm|Moonblast|p1a: dean
|-damage|p1a: dean|63/100
|-unboost|p1a: dean|spa|1
|
|-weather|Hail|[upkeep]
|-damage|p2a: Upgraded Swiss-Arm|94/100|[from] Hail
|-heal|p2a: Upgraded Swiss-Arm|100/100|[from] item: Leftovers
|upkeep
|turn|3
|
|switch|p1a: Gohan|Sandslash-Alola, M, shiny|100/100
|switch|p2a: Mooie Koffer|Cofagrigus, F|100/100
|
|-weather|Hail|[upkeep]
|-damage|p2a: Mooie Koffer|94/100|[from] Hail
|-heal|p2a: Mooie Koffer|100/100|[from] item: Leftovers
|upkeep
|turn|4
|
|move|p1a: Gohan|Icicle Crash|p2a: Mooie Koffer
|-damage|p2a: Mooie Koffer|68/100
|-damage|p1a: Gohan|91/100|[from] item: Life Orb
|move|p2a: Mooie Koffer|Trick Room|p2a: Mooie Koffer
|-fieldstart|move: Trick Room|[of] p2a: Mooie Koffer
|
|-weather|Hail|[upkeep]
|-damage|p2a: Mooie Koffer|61/100|[from] Hail
|-heal|p2a: Mooie Koffer|68/100|[from] item: Leftovers
|upkeep
|turn|5
|
|move|p2a: Mooie Koffer|Nasty Plot|p2a: Mooie Koffer
|-boost|p2a: Mooie Koffer|spa|2
|move|p1a: Gohan|Icicle Crash|p2a: Mooie Koffer
|-damage|p2a: Mooie Koffer|35/100
|-damage|p1a: Gohan|81/100|[from] item: Life Orb
|
|-weather|Hail|[upkeep]
|-damage|p2a: Mooie Koffer|29/100|[from] Hail
|-heal|p2a: Mooie Koffer|35/100|[from] item: Leftovers
|upkeep
|turn|6
|c|☆TwentyTwan|!weak Sandslash-Alola
|html|<div class="infobox">Sandslash-Alola (ignoring abilities):<br /><span class="message-effect-weak">Weaknesses</span>: <b>Fighting</b>, <b>Fire</b>, Ground<br /><span class="message-effect-resist">Resistances</span>: Bug, Dragon, Fairy, Flying, Grass, <b>Ice</b>, Normal, Psychic<br /><span class="message-effect-immune">Immunities</span>: Poison</div>
|
|move|p2a: Mooie Koffer|Shadow Ball|p1a: Gohan
|-damage|p1a: Gohan|0 fnt
|faint|p1a: Gohan
|
|-weather|Hail|[upkeep]
|-damage|p2a: Mooie Koffer|29/100|[from] Hail
|-heal|p2a: Mooie Koffer|35/100|[from] item: Leftovers
|upkeep
|
|switch|p1a: Illidan|Beedrill, F, shiny|100/100
|turn|7
|c|☆TwentyTwan|!weak Beedrill
|html|<div class="infobox">Beedrill (ignoring abilities):<br /><span class="message-effect-weak">Weaknesses</span>: Fire, Flying, Psychic, Rock<br /><span class="message-effect-resist">Resistances</span>: Bug, Fairy, <b>Fighting</b>, <b>Grass</b>, Poison<br /><span class="message-effect-immune">Immunities</span>: <font color=#999999>None</font></div>
|
|switch|p1a: dean|Abomasnow, M|63/100
|move|p2a: Mooie Koffer|Psychic|p1a: dean
|-damage|p1a: dean|14/100
|
|-weather|Hail|[upkeep]
|-damage|p2a: Mooie Koffer|29/100|[from] Hail
|-heal|p2a: Mooie Koffer|35/100|[from] item: Leftovers
|upkeep
|turn|8
|
|move|p2a: Mooie Koffer|Psychic|p1a: dean
|-damage|p1a: dean|0 fnt
|faint|p1a: dean
|
|-weather|Hail|[upkeep]
|-damage|p2a: Mooie Koffer|29/100|[from] Hail
|-heal|p2a: Mooie Koffer|35/100|[from] item: Leftovers
|-fieldend|move: Trick Room
|upkeep
|
|switch|p1a: Illidan|Beedrill, F, shiny|100/100
|turn|9
|
|detailschange|p1a: Illidan|Beedrill-Mega, F, shiny
|-mega|p1a: Illidan|Beedrill|Beedrillite
|move|p1a: Illidan|Knock Off|p2a: Mooie Koffer
|-supereffective|p2a: Mooie Koffer
|-damage|p2a: Mooie Koffer|0 fnt
|-activate|p2a: Mooie Koffer|ability: Mummy|Adaptability|[of] p1a: Illidan
|-enditem|p2a: Mooie Koffer|Leftovers|[from] move: Knock Off|[of] p1a: Illidan
|faint|p2a: Mooie Koffer
|
|-weather|none
|upkeep
|
|switch|p2a: Steelbait|Magnezone|100/100
|turn|10
|
|switch|p1a: Gogeta|Salamence, F, shiny|28/100
|move|p2a: Steelbait|Hidden Power|p1a: Gogeta
|-resisted|p1a: Gogeta
|-damage|p1a: Gogeta|8/100
|
|upkeep
|turn|11
|
|move|p1a: Gogeta|Fire Fang|p2a: Steelbait
|-supereffective|p2a: Steelbait
|-damage|p2a: Steelbait|47/100
|move|p2a: Steelbait|Hidden Power|p1a: Gogeta
|-resisted|p1a: Gogeta
|-damage|p1a: Gogeta|0 fnt
|faint|p1a: Gogeta
|
|upkeep
|
|switch|p1a: Illidan|Beedrill-Mega, F, shiny|100/100
|turn|12
|
|move|p1a: Illidan|Drill Run|p2a: Steelbait
|-supereffective|p2a: Steelbait
|-damage|p2a: Steelbait|0 fnt
|faint|p2a: Steelbait
|
|upkeep
|
|switch|p2a: Kwalletje|Jellicent, F|100/100
|turn|13
|
|move|p1a: Illidan|Knock Off|p2a: Kwalletje
|-supereffective|p2a: Kwalletje
|-damage|p2a: Kwalletje|36/100
|-enditem|p2a: Kwalletje|Leftovers|[from] move: Knock Off|[of] p1a: Illidan
|move|p2a: Kwalletje|Strength Sap|p1a: Illidan
|-unboost|p1a: Illidan|atk|1
|-heal|p2a: Kwalletje|100/100
|
|upkeep
|turn|14
|
|switch|p1a: Goten|Mew|100/100
|move|p2a: Kwalletje|Substitute|p2a: Kwalletje
|-start|p2a: Kwalletje|Substitute
|-damage|p2a: Kwalletje|75/100
|
|upkeep
|turn|15
|
|move|p1a: Goten|Nasty Plot|p1a: Goten
|-boost|p1a: Goten|spa|2
|move|p2a: Kwalletje|Toxic|p1a: Goten
|-status|p1a: Goten|tox
|-activate|p1a: Goten|ability: Synchronize
|-status|p2a: Kwalletje|tox
|
|-damage|p1a: Goten|94/100 tox|[from] psn
|-damage|p2a: Kwalletje|69/100 tox|[from] psn
|upkeep
|turn|16
|
|move|p1a: Goten|Dark Pulse|p2a: Kwalletje
|-supereffective|p2a: Kwalletje
|-end|p2a: Kwalletje|Substitute
|move|p2a: Kwalletje|Scald|p1a: Goten
|-damage|p1a: Goten|69/100 tox
|
|-damage|p1a: Goten|57/100 tox|[from] psn
|-damage|p2a: Kwalletje|57/100 tox|[from] psn
|upkeep
|turn|17
|
|switch|p2a: Upgraded Swiss-Arm|Clefable, F|100/100
|move|p1a: Goten|Dark Pulse|p2a: Upgraded Swiss-Arm
|-resisted|p2a: Upgraded Swiss-Arm
|-damage|p2a: Upgraded Swiss-Arm|89/100
|
|-heal|p2a: Upgraded Swiss-Arm|95/100|[from] item: Leftovers
|-damage|p1a: Goten|38/100 tox|[from] psn
|upkeep
|turn|18
|
|move|p1a: Goten|Baton Pass|p1a: Goten
|
|switch|p1a: sam|Togekiss, M|100/100|[from]move: Baton Pass
|move|p2a: Upgraded Swiss-Arm|Stealth Rock|p1a: sam
|-sidestart|p1: rvdpijl19887|move: Stealth Rock
|
|-heal|p2a: Upgraded Swiss-Arm|100/100|[from] item: Leftovers
|upkeep
|turn|19
|
|move|p1a: sam|Air Slash|p2a: Upgraded Swiss-Arm
|-damage|p2a: Upgraded Swiss-Arm|67/100
|move|p2a: Upgraded Swiss-Arm|Wish|p2a: Upgraded Swiss-Arm
|
|-heal|p2a: Upgraded Swiss-Arm|73/100|[from] item: Leftovers
|upkeep
|turn|20
|
|move|p1a: sam|Air Slash|p2a: Upgraded Swiss-Arm
|-damage|p2a: Upgraded Swiss-Arm|39/100
|cant|p2a: Upgraded Swiss-Arm|flinch
|
|-heal|p2a: Upgraded Swiss-Arm|89/100|[from] move: Wish|[wisher] Upgraded Swiss-Arm
|-heal|p2a: Upgraded Swiss-Arm|95/100|[from] item: Leftovers
|upkeep
|turn|21
|
|move|p1a: sam|Air Slash|p2a: Upgraded Swiss-Arm
|-damage|p2a: Upgraded Swiss-Arm|61/100
|move|p2a: Upgraded Swiss-Arm|Wish|p2a: Upgraded Swiss-Arm
|
|-heal|p2a: Upgraded Swiss-Arm|67/100|[from] item: Leftovers
|upkeep
|turn|22
|
|move|p1a: sam|Shadow Ball|p2a: Upgraded Swiss-Arm
|-damage|p2a: Upgraded Swiss-Arm|44/100
|-unboost|p2a: Upgraded Swiss-Arm|spd|1
|move|p2a: Upgraded Swiss-Arm|Moonblast|p1a: sam
|-damage|p1a: sam|70/100
|
|-heal|p2a: Upgraded Swiss-Arm|94/100|[from] move: Wish|[wisher] Upgraded Swiss-Arm
|-heal|p2a: Upgraded Swiss-Arm|99/100|[from] item: Leftovers
|upkeep
|turn|23
|
|move|p1a: sam|Air Slash|p2a: Upgraded Swiss-Arm
|-damage|p2a: Upgraded Swiss-Arm|43/100
|cant|p2a: Upgraded Swiss-Arm|flinch
|
|-heal|p2a: Upgraded Swiss-Arm|49/100|[from] item: Leftovers
|upkeep
|turn|24
|
|switch|p2a: Kwalletje|Jellicent, F|57/100 tox
|move|p1a: sam|Air Slash|p2a: Kwalletje|[miss]
|-miss|p1a: sam|p2a: Kwalletje
|
|-damage|p2a: Kwalletje|51/100 tox|[from] psn
|upkeep
|turn|25
|
|move|p1a: sam|Shadow Ball|p2a: Kwalletje
|-supereffective|p2a: Kwalletje
|-damage|p2a: Kwalletje|0 fnt
|faint|p2a: Kwalletje
|
|upkeep
|
|switch|p2a: La Dragoné|Charizard, F|100/100
|turn|26
|
|detailschange|p2a: La Dragoné|Charizard-Mega-X, F
|-mega|p2a: La Dragoné|Charizard|Charizardite X
|move|p2a: La Dragoné|Thunder Punch|p1a: sam
|-supereffective|p1a: sam
|-damage|p1a: sam|0 fnt
|faint|p1a: sam
|
|upkeep
|
|switch|p1a: Goten|Mew|38/100 tox
|-damage|p1a: Goten|26/100 tox|[from] Stealth Rock
|turn|27
|
|move|p2a: La Dragoné|Thunder Punch|p1a: Goten
|-damage|p1a: Goten|0 fnt
|faint|p1a: Goten
|
|upkeep
|
|switch|p1a: Illidan|Beedrill-Mega, F, shiny|100/100
|-damage|p1a: Illidan|75/100|[from] Stealth Rock
|turn|28
|
|move|p1a: Illidan|Drill Run|p2a: La Dragoné
|-supereffective|p2a: La Dragoné
|-damage|p2a: La Dragoné|32/100
|move|p2a: La Dragoné|Fire Punch|p1a: Illidan
|-supereffective|p1a: Illidan
|-damage|p1a: Illidan|0 fnt
|faint|p1a: Illidan
|
|win|TwentyTwan
