|j|☆JAY100064
|j|☆Sizzle_5
|t:|1620252922
|gametype|singles
|player|p1|JAY100064|preschooler|1318
|player|p2|Sizzle_5|265|1424
|teamsize|p1|6
|teamsize|p2|6
|gen|8
|tier|[Gen 8] National Dex AG
|rated|
|clearpoke
|poke|p1|Aron, L1, F|
|poke|p1|Pineco, L1, M|
|poke|p1|Riolu, F|
|poke|p1|Skarmory, L1, M|
|poke|p1|Rattata-Alola, L1, F|
|poke|p1|Zacian-Crowned|
|poke|p2|Deoxys-Attack|
|poke|p2|Arceus-*|
|poke|p2|Deoxys-Speed|
|poke|p2|Scizor, M|
|poke|p2|Yveltal|
|poke|p2|Arceus-*|
|rule|HP Percentage Mod: HP is shown in percentages
|rule|Endless Battle Clause: Forcing endless battles is banned
|teampreview
|inactive|Battle timer is ON: inactive players will automatically lose when time's up. (requested by Sizzle_5)
|
|t:|1620252935
|start
|switch|p1a: :FEAR2:|Pineco, L1, M|100/100
|switch|p2a: Deoxys|Deoxys-Speed|100/100
|-ability|p2a: Deoxys|Pressure
|turn|1
|
|t:|1620252944
|move|p2a: Deoxys|Skill Swap|p1a: :FEAR2:
|-activate|p2a: Deoxys|move: Skill Swap|Sturdy|Pressure|[of] p1a: :FEAR2:
|-ability|p1a: :FEAR2:|Pressure
|move|p1a: :FEAR2:|Toxic Spikes|p2a: Deoxys
|-sidestart|p2: Sizzle_5|move: Toxic Spikes
|
|upkeep
|turn|2
|
|t:|1620252957
|move|p2a: Deoxys|Stealth Rock|p1a: :FEAR2:
|-sidestart|p1: JAY100064|move: Stealth Rock
|move|p1a: :FEAR2:|Toxic|p2a: Deoxys
|-status|p2a: Deoxys|tox
|
|-damage|p2a: Deoxys|94/100 tox|[from] psn
|upkeep
|turn|3
|
|t:|1620252971
|move|p2a: Deoxys|Rock Tomb|p1a: :FEAR2:
|-supereffective|p1a: :FEAR2:
|-damage|p1a: :FEAR2:|0 fnt
|faint|p1a: :FEAR2:
|
|-damage|p2a: Deoxys|82/100 tox|[from] psn
|upkeep
|
|t:|1620252992
|switch|p1a: Lol!|Zacian-Crowned|100/100
|-damage|p1a: Lol!|94/100|[from] Stealth Rock
|-ability|p1a: Lol!|Intrepid Sword|boost
|-boost|p1a: Lol!|atk|1
|turn|4
|
|t:|1620253003
|switch|p2a: Scizor|Scizor, M|100/100
|move|p1a: Lol!|Swords Dance|p1a: Lol!
|-boost|p1a: Lol!|atk|2
|
|upkeep
|turn|5
|
|t:|1620253019
|detailschange|p2a: Scizor|Scizor-Mega, M
|-mega|p2a: Scizor|Scizor|Scizorite
|move|p2a: Scizor|Bullet Punch|p1a: Lol!
|-damage|p1a: Lol!|59/100
|move|p1a: Lol!|Behemoth Blade|p2a: Scizor
|-resisted|p2a: Scizor
|-damage|p2a: Scizor|44/100
|
|upkeep
|turn|6
|inactive|JAY100064 has 120 seconds left.
|
|t:|1620253041
|move|p2a: Scizor|Bullet Punch|p1a: Lol!
|-crit|p1a: Lol!
|-damage|p1a: Lol!|4/100
|move|p1a: Lol!|Behemoth Blade|p2a: Scizor
|-resisted|p2a: Scizor
|-crit|p2a: Scizor
|-damage|p2a: Scizor|0 fnt
|faint|p2a: Scizor
|
|upkeep
|
|t:|1620253054
|switch|p2a: Arceus|Arceus|100/100
|-status|p2a: Arceus|psn
|turn|7
|
|t:|1620253061
|move|p2a: Arceus|Extreme Speed|p1a: Lol!
|-resisted|p1a: Lol!
|-damage|p1a: Lol!|0 fnt
|faint|p1a: Lol!
|-damage|p2a: Arceus|91/100 psn|[from] item: Life Orb
|
|-damage|p2a: Arceus|78/100 psn|[from] psn
|upkeep
|-message|JAY100064 forfeited.
|
|win|Sizzle_5
|l|☆JAY100064
|raw|JAY100064's rating: 1318 &rarr; <strong>1304</strong><br />(-14 for losing)
|raw|Sizzle_5's rating: 1424 &rarr; <strong>1438</strong><br />(+14 for winning)
||Ladder isn't responding, score probably updated but might not have (Request timeout).
