|j|☆BL1TZ_08
|j|☆chopforce8
|t:|1635670266
|gametype|singles
|player|p1|BL1TZ_08|whitney|1528
|player|p2|chopforce8|red|1813
|teamsize|p1|6
|teamsize|p2|6
|gen|8
|tier|[Gen 8] National Dex AG
|rated|
|rule|HP Percentage Mod: HP is shown in percentages
|rule|Endless Battle Clause: Forcing endless battles is banned
|clearpoke
|poke|p1|Mewtwo|
|poke|p1|Tyranitar, F|
|poke|p1|Ferrothorn, M|
|poke|p1|Ho-Oh|
|poke|p1|Arceus-*|
|poke|p1|Ditto|
|poke|p2|Yveltal|
|poke|p2|Diancie|
|poke|p2|Calyrex-Shadow|
|poke|p2|Zacian-*|
|poke|p2|Ditto|
|poke|p2|Arceus-*|
|teampreview
|inactive|Battle timer is ON: inactive players will automatically lose when time's up. (requested by BL1TZ_08)
|
|t:|1635670292
|start
|switch|p1a: Tyranitar|Tyranitar, F|100/100
|switch|p2a: Fluffy|Zacian-Crowned|100/100
|-ability|p2a: Fluffy|Intrepid Sword|boost
|-boost|p2a: Fluffy|atk|1
|-weather|Sandstorm|[from] ability: Sand Stream|[of] p1a: Tyranitar
|turn|1
|
|t:|1635670301
|switch|p2a: Harry Potter|Diancie|100/100
|switch|p1a: Ho-Oh|Ho-Oh|100/100
|
|-weather|Sandstorm|[upkeep]
|-damage|p1a: Ho-Oh|94/100|[from] Sandstorm
|upkeep
|turn|2
|
|t:|1635670314
|switch|p1a: Arceus|Arceus-Ground|100/100
|detailschange|p2a: Harry Potter|Diancie-Mega
|-mega|p2a: Harry Potter|Diancie|Diancite
|move|p2a: Harry Potter|Stealth Rock|p1a: Arceus
|-sidestart|p1: BL1TZ_08|move: Stealth Rock
|
|-weather|Sandstorm|[upkeep]
|upkeep
|turn|3
|
|t:|1635670322
|switch|p2a: Chess Wizard|Arceus-Flying|100/100
|move|p1a: Arceus|Judgment|p2a: Chess Wizard
|-immune|p2a: Chess Wizard
|
|-weather|Sandstorm|[upkeep]
|-damage|p2a: Chess Wizard|94/100|[from] Sandstorm
|upkeep
|turn|4
|
|t:|1635670344
|switch|p2a: Fluffy|Zacian-Crowned|100/100
|-ability|p2a: Fluffy|Intrepid Sword|boost
|-boost|p2a: Fluffy|atk|1
|move|p1a: Arceus|Ice Beam|p2a: Fluffy
|-resisted|p2a: Fluffy
|-damage|p2a: Fluffy|90/100
|
|-weather|Sandstorm|[upkeep]
|upkeep
|turn|5
|
|t:|1635670353
|switch|p2a: Chess Wizard|Arceus-Flying|94/100
|move|p1a: Arceus|Judgment|p2a: Chess Wizard
|-immune|p2a: Chess Wizard
|
|-weather|none
|upkeep
|turn|6
|
|t:|1635670360
|move|p2a: Chess Wizard|Calm Mind|p2a: Chess Wizard
|-boost|p2a: Chess Wizard|spa|1
|-boost|p2a: Chess Wizard|spd|1
|move|p1a: Arceus|Ice Beam|p2a: Chess Wizard
|-supereffective|p2a: Chess Wizard
|-damage|p2a: Chess Wizard|73/100
|
|upkeep
|turn|7
|
|t:|1635670367
|switch|p1a: Tyranitar|Tyranitar, F|100/100
|-damage|p1a: Tyranitar|88/100|[from] Stealth Rock
|-weather|Sandstorm|[from] ability: Sand Stream|[of] p1a: Tyranitar
|move|p2a: Chess Wizard|Recover|p2a: Chess Wizard
|-heal|p2a: Chess Wizard|100/100
|
|-weather|Sandstorm|[upkeep]
|-damage|p2a: Chess Wizard|94/100|[from] Sandstorm
|upkeep
|turn|8
|
|t:|1635670378
|-activate|p2a: Chess Wizard|move: Pursuit
|detailschange|p1a: Tyranitar|Tyranitar-Mega, F
|-mega|p1a: Tyranitar|Tyranitar|Tyranitarite
|move|p1a: Tyranitar|Pursuit|p2a: Chess Wizard|[from]Pursuit
|-damage|p2a: Chess Wizard|65/100
|switch|p2a: Fluffy|Zacian-Crowned|90/100
|-ability|p2a: Fluffy|Intrepid Sword|boost
|-boost|p2a: Fluffy|atk|1
|
|-weather|Sandstorm|[upkeep]
|upkeep
|turn|9
|
|t:|1635670391
|switch|p1a: Ho-Oh|Ho-Oh|100/100
|move|p2a: Fluffy|Behemoth Blade|p1a: Ho-Oh
|-resisted|p1a: Ho-Oh
|-damage|p1a: Ho-Oh|71/100
|
|-weather|Sandstorm|[upkeep]
|-damage|p1a: Ho-Oh|65/100|[from] Sandstorm
|upkeep
|turn|10
|
|t:|1635670398
|move|p2a: Fluffy|Behemoth Blade|p1a: Ho-Oh
|-resisted|p1a: Ho-Oh
|-damage|p1a: Ho-Oh|30/100
|move|p1a: Ho-Oh|Sacred Fire|p2a: Fluffy
|-supereffective|p2a: Fluffy
|-damage|p2a: Fluffy|5/100
|
|-weather|Sandstorm|[upkeep]
|-damage|p1a: Ho-Oh|24/100|[from] Sandstorm
|upkeep
|turn|11
|
|t:|1635670409
|switch|p1a: Arceus|Arceus-Ground|100/100
|-damage|p1a: Arceus|94/100|[from] Stealth Rock
|move|p2a: Fluffy|Behemoth Blade|p1a: Arceus
|-damage|p1a: Arceus|44/100
|
|-weather|none
|upkeep
|turn|12
|
|t:|1635670416
|move|p2a: Fluffy|Behemoth Blade|p1a: Arceus
|-damage|p1a: Arceus|0 fnt
|faint|p1a: Arceus
|
|upkeep
|
|t:|1635670421
|switch|p1a: Ditto|Ditto, shiny|100/100
|-damage|p1a: Ditto|88/100|[from] Stealth Rock
|-transform|p1a: Ditto|p2a: Fluffy|[from] ability: Imposter
|-ability|p1a: Ditto|Intrepid Sword|boost
|-boost|p1a: Ditto|atk|1
|turn|13
|
|t:|1635670435
|switch|p2a: Harry Potter|Diancie-Mega|100/100
|move|p1a: Ditto|Behemoth Blade|p2a: Harry Potter
|-supereffective|p2a: Harry Potter
|-damage|p2a: Harry Potter|0 fnt
|faint|p2a: Harry Potter
|
|upkeep
|
|t:|1635670443
|switch|p2a: Professorquirrel|Calyrex-Shadow|100/100
|-ability|p2a: Professorquirrel|As One
|-ability|p2a: Professorquirrel|Unnerve
|turn|14
|
|t:|1635670452
|switch|p1a: Ferrothorn|Ferrothorn, M|100/100
|-damage|p1a: Ferrothorn|94/100|[from] Stealth Rock
|move|p2a: Professorquirrel|Astral Barrage|p1a: Ferrothorn
|-damage|p1a: Ferrothorn|53/100
|
|-heal|p1a: Ferrothorn|60/100|[from] item: Leftovers
|upkeep
|turn|15
|
|t:|1635670462
|move|p2a: Professorquirrel|Substitute|p2a: Professorquirrel
|-start|p2a: Professorquirrel|Substitute
|-damage|p2a: Professorquirrel|76/100
|move|p1a: Ferrothorn|Knock Off|p2a: Professorquirrel
|-supereffective|p2a: Professorquirrel
|-end|p2a: Professorquirrel|Substitute
|
|-heal|p1a: Ferrothorn|66/100|[from] item: Leftovers
|upkeep
|turn|16
|
|t:|1635670469
|move|p2a: Professorquirrel|Astral Barrage|p1a: Ferrothorn
|-damage|p1a: Ferrothorn|25/100
|move|p1a: Ferrothorn|Knock Off|p2a: Professorquirrel
|-supereffective|p2a: Professorquirrel
|-crit|p2a: Professorquirrel
|-damage|p2a: Professorquirrel|0 fnt
|-enditem|p2a: Professorquirrel|Focus Sash|[from] move: Knock Off|[of] p1a: Ferrothorn
|faint|p2a: Professorquirrel
|
|-heal|p1a: Ferrothorn|32/100|[from] item: Leftovers
|upkeep
|
|t:|1635670485
|switch|p2a: Voldemort|Yveltal|100/100
|-ability|p2a: Voldemort|Dark Aura
|turn|17
|
|t:|1635670496
|-start|p2a: Voldemort|Dynamax
|-heal|p2a: Voldemort|100/100|[silent]
|move|p1a: Ferrothorn|Protect|p1a: Ferrothorn
|-singleturn|p1a: Ferrothorn|Protect
|move|p2a: Voldemort|Max Darkness|p1a: Ferrothorn
|-zbroken|p1a: Ferrothorn
|-damage|p1a: Ferrothorn|13/100
|-unboost|p1a: Ferrothorn|spd|1
|-damage|p2a: Voldemort|96/100|[from] item: Life Orb
|
|-heal|p1a: Ferrothorn|19/100|[from] item: Leftovers
|upkeep
|turn|18
|
|t:|1635670509
|move|p1a: Ferrothorn|Protect||[still]
|-fail|p1a: Ferrothorn
|move|p2a: Voldemort|Max Airstream|p1a: Ferrothorn
|-damage|p1a: Ferrothorn|0 fnt
|-boost|p2a: Voldemort|spe|1
|faint|p1a: Ferrothorn
|-damage|p2a: Voldemort|91/100|[from] item: Life Orb
|
|upkeep
|j| ETGirl23
|
|t:|1635670512
|switch|p1a: Tyranitar|Tyranitar-Mega, F|88/100
|-damage|p1a: Tyranitar|76/100|[from] Stealth Rock
|-weather|Sandstorm|[from] ability: Sand Stream|[of] p1a: Tyranitar
|turn|19
|l| ETGirl23
|
|t:|1635670523
|move|p2a: Voldemort|Max Darkness|p1a: Tyranitar
|-resisted|p1a: Tyranitar
|-damage|p1a: Tyranitar|54/100
|-unboost|p1a: Tyranitar|spd|1
|-damage|p2a: Voldemort|86/100|[from] item: Life Orb
|move|p1a: Tyranitar|Stone Edge|p2a: Voldemort
|-supereffective|p2a: Voldemort
|-damage|p2a: Voldemort|28/100
|
|-weather|Sandstorm|[upkeep]
|-damage|p2a: Voldemort|25/100|[from] Sandstorm
|-end|p2a: Voldemort|Dynamax
|-heal|p2a: Voldemort|25/100|[silent]
|upkeep
|turn|20
|
|t:|1635670537
|move|p2a: Voldemort|Dark Pulse|p1a: Tyranitar
|-resisted|p1a: Tyranitar
|-damage|p1a: Tyranitar|35/100
|-damage|p2a: Voldemort|16/100|[from] item: Life Orb
|cant|p1a: Tyranitar|flinch
|
|-weather|Sandstorm|[upkeep]
|-damage|p2a: Voldemort|9/100|[from] Sandstorm
|upkeep
|turn|21
|
|t:|1635670547
|move|p2a: Voldemort|Dark Pulse|p1a: Tyranitar
|-resisted|p1a: Tyranitar
|-damage|p1a: Tyranitar|14/100
|-damage|p2a: Voldemort|0 fnt|[from] item: Life Orb
|faint|p2a: Voldemort
|move|p1a: Tyranitar|Pursuit|p2: Voldemort|[notarget]
|-fail|p1a: Tyranitar
|
|-weather|Sandstorm|[upkeep]
|upkeep
|
|t:|1635670562
|switch|p2a: MirrorofErised|Ditto|100/100
|-transform|p2a: MirrorofErised|p1a: Tyranitar|[from] ability: Imposter
|turn|22
|
|t:|1635670568
|move|p2a: MirrorofErised|Stone Edge|p1a: Tyranitar
|-damage|p1a: Tyranitar|0 fnt
|faint|p1a: Tyranitar
|
|-weather|Sandstorm|[upkeep]
|upkeep
|
|t:|1635670582
|switch|p1a: Mewtwo|Mewtwo|100/100
|-damage|p1a: Mewtwo|88/100|[from] Stealth Rock
|-ability|p1a: Mewtwo|Pressure
|turn|23
|
|t:|1635670597
|-start|p1a: Mewtwo|Dynamax
|-heal|p1a: Mewtwo|88/100|[silent]
|move|p1a: Mewtwo|Max Airstream|p2a: MirrorofErised
|-resisted|p2a: MirrorofErised
|-damage|p2a: MirrorofErised|72/100
|-boost|p1a: Mewtwo|spe|1
|-damage|p1a: Mewtwo|83/100|[from] item: Life Orb
|move|p2a: MirrorofErised|Stone Edge|p1a: Mewtwo
|-damage|p1a: Mewtwo|53/100
|
|-weather|none
|upkeep
|turn|24
|
|t:|1635670611
|switch|p2a: Fluffy|Zacian-Crowned|5/100
|-ability|p2a: Fluffy|Intrepid Sword|boost
|-boost|p2a: Fluffy|atk|1
|move|p1a: Mewtwo|Max Airstream|p2a: Fluffy
|-resisted|p2a: Fluffy
|-damage|p2a: Fluffy|0 fnt
|-boost|p1a: Mewtwo|spe|1
|faint|p2a: Fluffy
|-damage|p1a: Mewtwo|48/100|[from] item: Life Orb
|
|upkeep
|inactive|chopforce8 has 120 seconds left.
|
|t:|1635670632
|switch|p2a: MirrorofErised|Ditto|72/100
|-transform|p2a: MirrorofErised|p1a: Mewtwo|[from] ability: Imposter
|-ability|p2a: MirrorofErised|Pressure
|turn|25
|
|t:|1635670642
|move|p2a: MirrorofErised|Hurricane|p1a: Mewtwo
|-damage|p1a: Mewtwo|25/100
|move|p1a: Mewtwo|Max Airstream|p2a: MirrorofErised
|-damage|p2a: MirrorofErised|0 fnt
|-boost|p1a: Mewtwo|spe|1
|faint|p2a: MirrorofErised
|-damage|p1a: Mewtwo|20/100|[from] item: Life Orb
|
|-end|p1a: Mewtwo|Dynamax
|-heal|p1a: Mewtwo|20/100|[silent]
|upkeep
|inactive|chopforce8 has 120 seconds left.
|
|t:|1635670653
|switch|p2a: Chess Wizard|Arceus-Flying|65/100
|turn|26
|c|☆chopforce8|gg wp
|c|☆BL1TZ_08|gg
|
|t:|1635670666
|move|p1a: Mewtwo|Psystrike|p2a: Chess Wizard
|-damage|p2a: Chess Wizard|17/100
|-damage|p1a: Mewtwo|10/100|[from] item: Life Orb
|move|p2a: Chess Wizard|Recover|p2a: Chess Wizard
|-heal|p2a: Chess Wizard|67/100
|
|upkeep
|turn|27
|
|t:|1635670673
|move|p1a: Mewtwo|Nasty Plot|p1a: Mewtwo
|-boost|p1a: Mewtwo|spa|2
|move|p2a: Chess Wizard|Recover|p2a: Chess Wizard
|-heal|p2a: Chess Wizard|100/100
|
|upkeep
|turn|28
|
|t:|1635670678
|move|p1a: Mewtwo|Psystrike|p2a: Chess Wizard
|-damage|p2a: Chess Wizard|0 fnt
|faint|p2a: Chess Wizard
|-damage|p1a: Mewtwo|0 fnt|[from] item: Life Orb
|faint|p1a: Mewtwo
|
|win|BL1TZ_08
|raw|BL1TZ_08's rating: 1528 &rarr; <strong>1562</strong><br />(+34 for winning)
|raw|chopforce8's rating: 1813 &rarr; <strong>1779</strong><br />(-34 for losing)
|l|☆chopforce8
