|j|☆Batman Magic
|j|☆TabTest
|t:|1652309727
|gametype|singles
|player|p1|Batman Magic|elaine|1571
|player|p2|TabTest|giovanni|1452
|teamsize|p1|6
|teamsize|p2|6
|gen|8
|tier|[Gen 8] National Dex AG
|rated|
|rule|HP Percentage Mod: HP is shown in percentages
|rule|Endless Battle Clause: Forcing endless battles is banned
|clearpoke
|poke|p1|Arceus-*|
|poke|p1|Arceus-*|
|poke|p1|Groudon|
|poke|p1|Arceus-*|
|poke|p1|Xerneas-*|
|poke|p1|Gengar, M|
|poke|p2|Shedinja|
|poke|p2|Magearna|
|poke|p2|Sableye, M|
|poke|p2|Ditto|
|poke|p2|Breloom, F|
|poke|p2|Quagsire, M|
|teampreview
|inactive|Battle timer is ON: inactive players will automatically lose when time's up. (requested by TabTest)
|
|t:|1652309761
|start
|switch|p1a: Gengar|Gengar, M, shiny|100/100
|switch|p2a: Sableye|Sableye, M|100/100
|turn|1
|
|t:|1652309777
|detailschange|p1a: Gengar|Gengar-Mega, M, shiny
|-mega|p1a: Gengar|Gengar|Gengarite
|detailschange|p2a: Sableye|Sableye-Mega, M
|-mega|p2a: Sableye|Sableye|Sablenite
|move|p1a: Gengar|Substitute|p1a: Gengar
|-start|p1a: Gengar|Substitute
|-damage|p1a: Gengar|76/100
|move|p2a: Sableye|Knock Off|p1a: Gengar
|-supereffective|p1a: Gengar
|-end|p1a: Gengar|Substitute
|
|upkeep
|turn|2
|inactive|Batman Magic has 120 seconds left.
|
|t:|1652309828
|switch|p1a: Arceus|Arceus-Dark|100/100
|move|p2a: Sableye|Knock Off|p1a: Arceus
|-resisted|p1a: Arceus
|-damage|p1a: Arceus|94/100
|
|upkeep
|turn|3
|
|t:|1652309841
|move|p1a: Arceus|Whirlpool|p2a: Sableye
|-damage|p2a: Sableye|94/100
|-activate|p2a: Sableye|move: Whirlpool|[of] p1a: Arceus
|move|p2a: Sableye|Taunt|p1a: Arceus
|-start|p1a: Arceus|move: Taunt
|
|-damage|p2a: Sableye|82/100|[from] move: Whirlpool|[partiallytrapped]
|upkeep
|turn|4
|
|t:|1652309850
|move|p1a: Arceus|Judgment|p2a: Sableye
|-damage|p2a: Sableye|48/100
|move|p2a: Sableye|Recover|p2a: Sableye
|-heal|p2a: Sableye|98/100
|
|-damage|p2a: Sableye|86/100|[from] move: Whirlpool|[partiallytrapped]
|upkeep
|turn|5
|inactive|Batman Magic has 120 seconds left.
|
|t:|1652309858
|move|p1a: Arceus|Judgment|p2a: Sableye
|-damage|p2a: Sableye|47/100
|move|p2a: Sableye|Recover|p2a: Sableye
|-heal|p2a: Sableye|98/100
|
|-damage|p2a: Sableye|85/100|[from] move: Whirlpool|[partiallytrapped]
|upkeep
|turn|6
|
|t:|1652309867
|move|p1a: Arceus|Whirlpool|p2a: Sableye
|-damage|p2a: Sableye|78/100
|move|p2a: Sableye|Recover|p2a: Sableye
|-heal|p2a: Sableye|100/100
|
|-damage|p2a: Sableye|88/100|[from] move: Whirlpool|[partiallytrapped]
|-end|p1a: Arceus|move: Taunt
|upkeep
|turn|7
|
|t:|1652309877
|move|p1a: Arceus|Perish Song|p1a: Arceus
|-start|p1a: Arceus|perish3|[silent]
|-start|p2a: Sableye|perish3|[silent]
|-fieldactivate|move: Perish Song
|move|p2a: Sableye|Will-O-Wisp|p1a: Arceus
|-status|p1a: Arceus|brn
|
|-damage|p1a: Arceus|88/100 brn|[from] brn
|-end|p2a: Sableye|Whirlpool|[partiallytrapped]
|-start|p1a: Arceus|perish3
|-start|p2a: Sableye|perish3
|upkeep
|turn|8
|
|t:|1652309893
|switch|p1a: Arceus|Arceus-Ground|100/100
|switch|p2a: Breloom|Breloom, F|100/100
|
|upkeep
|turn|9
|
|t:|1652309902
|move|p2a: Breloom|Bullet Seed|p1a: Arceus
|-supereffective|p1a: Arceus
|-damage|p1a: Arceus|82/100
|-supereffective|p1a: Arceus
|-damage|p1a: Arceus|65/100
|-hitcount|p1a: Arceus|2
|move|p1a: Arceus|Ice Beam|p2a: Breloom
|-supereffective|p2a: Breloom
|-damage|p2a: Breloom|9/100
|
|upkeep
|turn|10
|
|t:|1652309910
|move|p2a: Breloom|Bullet Seed|p1a: Arceus
|-supereffective|p1a: Arceus
|-damage|p1a: Arceus|47/100
|-supereffective|p1a: Arceus
|-damage|p1a: Arceus|27/100
|-supereffective|p1a: Arceus
|-damage|p1a: Arceus|8/100
|-supereffective|p1a: Arceus
|-damage|p1a: Arceus|0 fnt
|faint|p1a: Arceus
|-hitcount|p1: Arceus|4
|
|upkeep
|
|t:|1652309917
|switch|p1a: Gengar|Gengar-Mega, M, shiny|76/100
|turn|11
|
|t:|1652309922
|move|p1a: Gengar|Sludge Bomb|p2a: Breloom
|-supereffective|p2a: Breloom
|-damage|p2a: Breloom|0 fnt
|faint|p2a: Breloom
|
|upkeep
|
|t:|1652309930
|switch|p2a: Sableye|Sableye-Mega, M|88/100
|turn|12
|
|t:|1652309950
|switch|p1a: Arceus|Arceus-Dark|88/100 brn
|move|p2a: Sableye|Knock Off|p1a: Arceus
|-resisted|p1a: Arceus
|-damage|p1a: Arceus|81/100 brn
|
|-damage|p1a: Arceus|75/100 brn|[from] brn
|upkeep
|turn|13
|
|t:|1652309965
|move|p1a: Arceus|Perish Song|p1a: Arceus
|-start|p1a: Arceus|perish3|[silent]
|-start|p2a: Sableye|perish3|[silent]
|-fieldactivate|move: Perish Song
|move|p2a: Sableye|Taunt|p1a: Arceus
|-start|p1a: Arceus|move: Taunt
|
|-damage|p1a: Arceus|69/100 brn|[from] brn
|-start|p1a: Arceus|perish3
|-start|p2a: Sableye|perish3
|upkeep
|turn|14
|
|t:|1652309974
|switch|p2a: Magearna|Magearna|100/100
|move|p1a: Arceus|Whirlpool|p2a: Magearna
|-damage|p2a: Magearna|92/100
|-activate|p2a: Magearna|move: Whirlpool|[of] p1a: Arceus
|
|-heal|p2a: Magearna|98/100|[from] item: Leftovers
|-damage|p1a: Arceus|63/100 brn|[from] brn
|-damage|p2a: Magearna|86/100|[from] move: Whirlpool|[partiallytrapped]
|-start|p1a: Arceus|perish2
|upkeep
|turn|15
|
|t:|1652309986
|switch|p1a: Groudon|Groudon|100/100
|detailschange|p1a: Groudon|Groudon-Primal
|-primal|p1a: Groudon
|-weather|DesolateLand|[from] ability: Desolate Land|[of] p1a: Groudon
|move|p2a: Magearna|Flash Cannon|p1a: Groudon
|-resisted|p1a: Groudon
|-damage|p1a: Groudon|81/100
|
|-weather|DesolateLand|[upkeep]
|-heal|p2a: Magearna|92/100|[from] item: Leftovers
|-end|p2a: Magearna|Whirlpool|[partiallytrapped]|[silent]
|upkeep
|turn|16
|
|t:|1652309997
|switch|p2a: Shedinja|Shedinja|100/100
|move|p1a: Groudon|Stealth Rock|p2a: Shedinja
|-sidestart|p2: TabTest|move: Stealth Rock
|
|-weather|DesolateLand|[upkeep]
|upkeep
|turn|17
|
|t:|1652310003
|move|p1a: Groudon|Thunder Wave|p2a: Shedinja
|-status|p2a: Shedinja|par
|move|p2a: Shedinja|Night Slash|p1a: Groudon
|-damage|p1a: Groudon|73/100
|
|-weather|DesolateLand|[upkeep]
|upkeep
|turn|18
|
|t:|1652310013
|-weather|none
|switch|p1a: Arceus|Arceus-Dark|63/100 brn
|cant|p2a: Shedinja|par
|
|-damage|p1a: Arceus|57/100 brn|[from] brn
|upkeep
|turn|19
|
|t:|1652310033
|switch|p2a: Magearna|Magearna|92/100
|-damage|p2a: Magearna|86/100|[from] Stealth Rock
|move|p1a: Arceus|Recover|p1a: Arceus
|-heal|p1a: Arceus|100/100 brn
|
|-heal|p2a: Magearna|92/100|[from] item: Leftovers
|-damage|p1a: Arceus|94/100 brn|[from] brn
|upkeep
|turn|20
|
|t:|1652310042
|switch|p1a: Groudon|Groudon-Primal|73/100
|-weather|DesolateLand|[from] ability: Desolate Land|[of] p1a: Groudon
|move|p2a: Magearna|Aura Sphere|p1a: Groudon
|-damage|p1a: Groudon|43/100
|
|-weather|DesolateLand|[upkeep]
|-heal|p2a: Magearna|98/100|[from] item: Leftovers
|upkeep
|turn|21
|
|t:|1652310053
|switch|p2a: Shedinja|Shedinja|100/100 par
|move|p1a: Groudon|Earthquake|p2a: Shedinja
|-immune|p2a: Shedinja|[from] ability: Wonder Guard
|
|-weather|DesolateLand|[upkeep]
|upkeep
|turn|22
|inactive|Batman Magic has 120 seconds left.
|
|t:|1652310098
|-weather|none
|switch|p1a: Arceus|Arceus-Dark|94/100 brn
|switch|p2a: Ditto|Ditto|100/100
|-damage|p2a: Ditto|88/100|[from] Stealth Rock
|-transform|p2a: Ditto|p1a: Arceus|[from] ability: Imposter
|
|-damage|p1a: Arceus|88/100 brn|[from] brn
|upkeep
|turn|23
|
|t:|1652310110
|move|p2a: Ditto|Whirlpool|p1a: Arceus
|-damage|p1a: Arceus|84/100 brn
|-activate|p1a: Arceus|move: Whirlpool|[of] p2a: Ditto
|move|p1a: Arceus|Whirlpool|p2a: Ditto|[miss]
|-miss|p1a: Arceus|p2a: Ditto
|
|-damage|p1a: Arceus|78/100 brn|[from] brn
|-damage|p1a: Arceus|65/100 brn|[from] move: Whirlpool|[partiallytrapped]
|upkeep
|turn|24
|inactive|Batman Magic has 120 seconds left.
|inactive|Batman Magic has 90 seconds left.
|inactive|TabTest has 120 seconds left.
|
|t:|1652310155
|move|p2a: Ditto|Whirlpool|p1a: Arceus
|-damage|p1a: Arceus|61/100 brn
|move|p1a: Arceus|Recover|p1a: Arceus
|-heal|p1a: Arceus|100/100 brn
|
|-damage|p1a: Arceus|94/100 brn|[from] brn
|-damage|p1a: Arceus|82/100 brn|[from] move: Whirlpool|[partiallytrapped]
|upkeep
|turn|25
|
|t:|1652310164
|move|p2a: Ditto|Whirlpool|p1a: Arceus|[miss]
|-miss|p2a: Ditto|p1a: Arceus
|move|p1a: Arceus|Whirlpool|p2a: Ditto
|-damage|p2a: Ditto|81/100
|-activate|p2a: Ditto|move: Whirlpool|[of] p1a: Arceus
|
|-damage|p1a: Arceus|76/100 brn|[from] brn
|-damage|p2a: Ditto|69/100|[from] move: Whirlpool|[partiallytrapped]
|-damage|p1a: Arceus|64/100 brn|[from] move: Whirlpool|[partiallytrapped]
|upkeep
|turn|26
|
|t:|1652310177
|-start|p2a: Ditto|Dynamax|
|-heal|p2a: Ditto|69/100|[silent]
|move|p1a: Arceus|Judgment|p2a: Ditto
|-resisted|p2a: Ditto
|-damage|p2a: Ditto|61/100
|move|p2a: Ditto|Max Strike|p1a: Arceus
|-damage|p1a: Arceus|46/100 brn
|-unboost|p1a: Arceus|spe|1
|
|-damage|p1a: Arceus|39/100 brn|[from] brn
|-damage|p2a: Ditto|55/100|[from] move: Whirlpool|[partiallytrapped]
|-damage|p1a: Arceus|27/100 brn|[from] move: Whirlpool|[partiallytrapped]
|upkeep
|turn|27
|inactive|TabTest has 120 seconds left.
|
|t:|1652310199
|move|p2a: Ditto|Max Strike|p1a: Arceus
|-damage|p1a: Arceus|10/100 brn
|-unboost|p1a: Arceus|spe|1
|move|p1a: Arceus|Recover|p1a: Arceus
|-heal|p1a: Arceus|60/100 brn
|
|-damage|p1a: Arceus|54/100 brn|[from] brn
|-damage|p2a: Ditto|48/100|[from] move: Whirlpool|[partiallytrapped]
|-damage|p1a: Arceus|42/100 brn|[from] move: Whirlpool|[partiallytrapped]
|upkeep
|turn|28
|inactive|TabTest has 120 seconds left.
|
|t:|1652310213
|move|p2a: Ditto|Max Strike|p1a: Arceus
|-damage|p1a: Arceus|25/100 brn
|-unboost|p1a: Arceus|spe|1
|move|p1a: Arceus|Recover|p1a: Arceus
|-heal|p1a: Arceus|75/100 brn
|
|-damage|p1a: Arceus|69/100 brn|[from] brn
|-damage|p2a: Ditto|42/100|[from] move: Whirlpool|[partiallytrapped]
|-end|p1a: Arceus|Whirlpool|[partiallytrapped]
|upkeep
|-end|p2a: Ditto|Dynamax
|-heal|p2a: Ditto|42/100|[silent]
|turn|29
|inactive|TabTest has 120 seconds left.
|
|t:|1652310224
|move|p2a: Ditto|Whirlpool|p1a: Arceus
|-damage|p1a: Arceus|64/100 brn
|-activate|p1a: Arceus|move: Whirlpool|[of] p2a: Ditto
|move|p1a: Arceus|Judgment|p2a: Ditto
|-resisted|p2a: Ditto
|-damage|p2a: Ditto|24/100
|
|-damage|p1a: Arceus|58/100 brn|[from] brn
|-damage|p2a: Ditto|12/100|[from] move: Whirlpool|[partiallytrapped]
|-damage|p1a: Arceus|46/100 brn|[from] move: Whirlpool|[partiallytrapped]
|upkeep
|turn|30
|inactive|TabTest has 120 seconds left.
|
|t:|1652310233
|move|p2a: Ditto|Whirlpool|p1a: Arceus
|-damage|p1a: Arceus|41/100 brn
|move|p1a: Arceus|Recover|p1a: Arceus
|-heal|p1a: Arceus|91/100 brn
|
|-damage|p1a: Arceus|85/100 brn|[from] brn
|-end|p2a: Ditto|Whirlpool|[partiallytrapped]
|-damage|p1a: Arceus|73/100 brn|[from] move: Whirlpool|[partiallytrapped]
|upkeep
|turn|31
|inactive|TabTest has 120 seconds left.
|
|t:|1652310245
|-activate|p2a: Ditto|move: Struggle
|move|p2a: Ditto|Struggle|p1a: Arceus
|-damage|p1a: Arceus|66/100 brn
|-damage|p2a: Ditto|0 fnt|[from] recoil
|faint|p2a: Ditto
|move|p1a: Arceus|Recover|p1a: Arceus
|-heal|p1a: Arceus|100/100 brn
|
|-damage|p1a: Arceus|94/100 brn|[from] brn
|-end|p1a: Arceus|Whirlpool|[partiallytrapped]|[silent]
|upkeep
|inactive|TabTest has 120 seconds left.
|
|t:|1652310254
|switch|p2a: Magearna|Magearna|98/100
|-damage|p2a: Magearna|92/100|[from] Stealth Rock
|turn|32
|
|t:|1652310261
|switch|p1a: Groudon|Groudon-Primal|43/100
|-weather|DesolateLand|[from] ability: Desolate Land|[of] p1a: Groudon
|move|p2a: Magearna|Fleur Cannon|p1a: Groudon
|-resisted|p1a: Groudon
|-damage|p1a: Groudon|6/100
|-unboost|p2a: Magearna|spa|2
|
|-weather|DesolateLand|[upkeep]
|-heal|p2a: Magearna|98/100|[from] item: Leftovers
|upkeep
|turn|33
|
|t:|1652310271
|switch|p2a: Shedinja|Shedinja|100/100 par
|move|p1a: Groudon|Earthquake|p2a: Shedinja
|-immune|p2a: Shedinja|[from] ability: Wonder Guard
|
|-weather|DesolateLand|[upkeep]
|upkeep
|turn|34
|
|t:|1652310286
|-weather|none
|switch|p1a: Arceus|Arceus-Dark|94/100 brn
|move|p2a: Shedinja|X-Scissor|p1a: Arceus
|-supereffective|p1a: Arceus
|-crit|p1a: Arceus
|-damage|p1a: Arceus|28/100 brn
|
|-damage|p1a: Arceus|22/100 brn|[from] brn
|upkeep
|turn|35
|
|t:|1652310300
|switch|p2a: Magearna|Magearna|98/100
|-damage|p2a: Magearna|92/100|[from] Stealth Rock
|move|p1a: Arceus|Recover|p1a: Arceus
|-heal|p1a: Arceus|72/100 brn
|
|-heal|p2a: Magearna|98/100|[from] item: Leftovers
|-damage|p1a: Arceus|66/100 brn|[from] brn
|upkeep
|turn|36
|
|t:|1652310309
|switch|p1a: Groudon|Groudon-Primal|6/100
|-weather|DesolateLand|[from] ability: Desolate Land|[of] p1a: Groudon
|move|p2a: Magearna|Aura Sphere|p1a: Groudon
|-damage|p1a: Groudon|0 fnt
|faint|p1a: Groudon
|-ability|p2a: Magearna|Soul-Heart|boost
|-boost|p2a: Magearna|spa|1
|-weather|none
|
|-heal|p2a: Magearna|100/100|[from] item: Leftovers
|upkeep
|
|t:|1652310313
|switch|p1a: Xerneas|Xerneas|100/100
|-ability|p1a: Xerneas|Fairy Aura
|turn|37
|
|t:|1652310324
|move|p1a: Xerneas|Geomancy||[still]
|-prepare|p1a: Xerneas|Geomancy
|-enditem|p1a: Xerneas|Power Herb
|-anim|p1a: Xerneas|Geomancy|p1a: Xerneas
|-boost|p1a: Xerneas|spa|2
|-boost|p1a: Xerneas|spd|2
|-boost|p1a: Xerneas|spe|2
|move|p2a: Magearna|Heart Swap|p1a: Xerneas
|-swapboost|p2a: Magearna|p1a: Xerneas|[from] move: Heart Swap
|
|upkeep
|turn|38
|
|t:|1652310337
|-start|p1a: Xerneas|Dynamax|
|-heal|p1a: Xerneas|100/100|[silent]
|move|p2a: Magearna|Flash Cannon|p1a: Xerneas
|-supereffective|p1a: Xerneas
|-damage|p1a: Xerneas|15/100
|move|p1a: Xerneas|Max Flare|p2a: Magearna
|-supereffective|p2a: Magearna
|-damage|p2a: Magearna|49/100
|-weather|SunnyDay
|
|-weather|SunnyDay|[upkeep]
|-heal|p2a: Magearna|55/100|[from] item: Leftovers
|upkeep
|turn|39
|
|t:|1652310348
|move|p2a: Magearna|Flash Cannon|p1a: Xerneas
|-supereffective|p1a: Xerneas
|-damage|p1a: Xerneas|0 fnt
|faint|p1a: Xerneas
|-ability|p2a: Magearna|Soul-Heart|boost
|-boost|p2a: Magearna|spa|1
|
|-weather|SunnyDay|[upkeep]
|-heal|p2a: Magearna|61/100|[from] item: Leftovers
|upkeep
|
|t:|1652310356
|switch|p1a: Arceus|Arceus-Water|100/100
|turn|40
|
|t:|1652310361
|move|p2a: Magearna|Fleur Cannon|p1a: Arceus
|-damage|p1a: Arceus|9/100
|-unboost|p2a: Magearna|spa|2
|move|p1a: Arceus|Whirlpool|p2a: Magearna
|-damage|p2a: Magearna|57/100
|-activate|p2a: Magearna|move: Whirlpool|[of] p1a: Arceus
|
|-weather|SunnyDay|[upkeep]
|-heal|p2a: Magearna|63/100|[from] item: Leftovers
|-damage|p2a: Magearna|51/100|[from] move: Whirlpool|[partiallytrapped]
|upkeep
|turn|41
|
|t:|1652310374
|move|p2a: Magearna|Flash Cannon|p1a: Arceus
|-resisted|p1a: Arceus
|-damage|p1a: Arceus|0 fnt
|faint|p1a: Arceus
|-ability|p2a: Magearna|Soul-Heart|boost
|-boost|p2a: Magearna|spa|1
|
|-weather|SunnyDay|[upkeep]
|-heal|p2a: Magearna|57/100|[from] item: Leftovers
|-end|p2a: Magearna|Whirlpool|[partiallytrapped]|[silent]
|upkeep
|
|t:|1652310379
|switch|p1a: Arceus|Arceus-Dark|66/100 brn
|turn|42
|-message|Batman Magic forfeited.
|
|win|TabTest
|raw|Batman Magic's rating: 1571 &rarr; <strong>1544</strong><br />(-27 for losing)
|raw|TabTest's rating: 1452 &rarr; <strong>1479</strong><br />(+27 for winning)
|l|☆Batman Magic
||Ladder isn't responding, score probably updated but might not have (Request timeout).
