|j|☆NykterStein
|j|☆85792195wwww
|t:|1665201284
|gametype|singles
|player|p1|NykterStein|lady|1595
|player|p2|85792195wwww|266|1824
|teamsize|p1|6
|teamsize|p2|6
|gen|8
|tier|[Gen 8] National Dex AG
|rated|
|rule|HP Percentage Mod: HP is shown in percentages
|rule|Endless Battle Clause: Forcing endless battles is banned
|clearpoke
|poke|p1|Yveltal|
|poke|p1|Xerneas-*|
|poke|p1|Eternatus|
|poke|p1|Necrozma-Dusk-Mane|
|poke|p1|Calyrex-Shadow|
|poke|p1|Zacian-*|
|poke|p2|Kyogre|
|poke|p2|Zacian-*|
|poke|p2|Rayquaza|
|poke|p2|Marshadow|
|poke|p2|Ditto|
|poke|p2|Arceus-*|
|teampreview
|inactive|Battle timer is ON: inactive players will automatically lose when time's up. (requested by NykterStein)
|
|t:|1665201306
|start
|switch|p1a: Prism But Hard|Necrozma-Dusk-Mane|100/100
|switch|p2a: Arceus|Arceus-Electric|100/100
|turn|1
|
|t:|1665201313
|move|p2a: Arceus|Will-O-Wisp|p1a: Prism But Hard
|-status|p1a: Prism But Hard|brn
|move|p1a: Prism But Hard|Stealth Rock|p2a: Arceus
|-sidestart|p2: 85792195wwww|move: Stealth Rock
|
|-damage|p1a: Prism But Hard|94/100 brn|[from] brn
|upkeep
|turn|2
|
|t:|1665201324
|move|p2a: Arceus|Stealth Rock|p1a: Prism But Hard
|-sidestart|p1: NykterStein|move: Stealth Rock
|move|p1a: Prism But Hard|Sunsteel Strike|p2a: Arceus
|-resisted|p2a: Arceus
|-damage|p2a: Arceus|90/100
|
|-damage|p1a: Prism But Hard|88/100 brn|[from] brn
|upkeep
|turn|3
|
|t:|1665201334
|move|p2a: Arceus|Judgment|p1a: Prism But Hard
|-damage|p1a: Prism But Hard|44/100 brn
|move|p1a: Prism But Hard|Sunsteel Strike|p2a: Arceus
|-resisted|p2a: Arceus
|-damage|p2a: Arceus|81/100
|
|-damage|p1a: Prism But Hard|38/100 brn|[from] brn
|upkeep
|turn|4
|
|t:|1665201344
|move|p2a: Arceus|Judgment|p1a: Prism But Hard
|-damage|p1a: Prism But Hard|0 fnt
|faint|p1a: Prism But Hard
|
|upkeep
|
|t:|1665201363
|switch|p1a: Spectrum|Xerneas|100/100
|-damage|p1a: Spectrum|88/100|[from] Stealth Rock
|-ability|p1a: Spectrum|Fairy Aura
|turn|5
|
|t:|1665201374
|move|p1a: Spectrum|Moonblast|p2a: Arceus
|-damage|p2a: Arceus|33/100
|move|p2a: Arceus|Judgment|p1a: Spectrum
|-damage|p1a: Spectrum|32/100
|
|upkeep
|turn|6
|
|t:|1665201396
|switch|p2a: Zacian|Zacian-Crowned|100/100
|-damage|p2a: Zacian|94/100|[from] Stealth Rock
|-ability|p2a: Zacian|Intrepid Sword|boost
|-boost|p2a: Zacian|atk|1
|move|p1a: Spectrum|Moonblast|p2a: Zacian
|-resisted|p2a: Zacian
|-damage|p2a: Zacian|65/100
|
|upkeep
|turn|7
|
|t:|1665201409
|switch|p1a: Raw Bacon|Yveltal|100/100
|-ability|p1a: Raw Bacon|Dark Aura
|move|p2a: Zacian|Behemoth Blade|p1a: Raw Bacon
|-damage|p1a: Raw Bacon|8/100
|
|upkeep
|turn|8
|
|t:|1665201418
|move|p2a: Zacian|Behemoth Blade|p1a: Raw Bacon
|-damage|p1a: Raw Bacon|0 fnt
|faint|p1a: Raw Bacon
|
|upkeep
|
|t:|1665201422
|switch|p1a: Taste Like Rust|Zacian-Crowned|100/100
|-damage|p1a: Taste Like Rust|94/100|[from] Stealth Rock
|-ability|p1a: Taste Like Rust|Intrepid Sword|boost
|-boost|p1a: Taste Like Rust|atk|1
|turn|9
|
|t:|1665201428
|move|p1a: Taste Like Rust|Behemoth Blade|p2a: Zacian
|-damage|p2a: Zacian|0 fnt
|faint|p2a: Zacian
|
|upkeep
|
|t:|1665201434
|switch|p2a: Ditto|Ditto|100/100
|-damage|p2a: Ditto|88/100|[from] Stealth Rock
|-transform|p2a: Ditto|p1a: Taste Like Rust|[from] ability: Imposter
|-ability|p2a: Ditto|Intrepid Sword|boost
|-boost|p2a: Ditto|atk|1
|turn|10
|
|t:|1665201442
|move|p2a: Ditto|Behemoth Blade|p1a: Taste Like Rust
|-damage|p1a: Taste Like Rust|0 fnt
|faint|p1a: Taste Like Rust
|
|upkeep
|
|t:|1665201448
|switch|p1a: Spectrum|Xerneas|32/100
|-damage|p1a: Spectrum|19/100|[from] Stealth Rock
|-ability|p1a: Spectrum|Fairy Aura
|turn|11
|
|t:|1665201455
|move|p2a: Ditto|Behemoth Blade|p1a: Spectrum
|-supereffective|p1a: Spectrum
|-damage|p1a: Spectrum|0 fnt
|faint|p1a: Spectrum
|
|upkeep
|
|t:|1665201461
|switch|p1a: Deep Fried Rat|Eternatus|100/100
|-damage|p1a: Deep Fried Rat|88/100|[from] Stealth Rock
|-ability|p1a: Deep Fried Rat|Pressure
|turn|12
|
|t:|1665201467
|move|p2a: Ditto|Behemoth Blade|p1a: Deep Fried Rat
|-damage|p1a: Deep Fried Rat|0 fnt
|faint|p1a: Deep Fried Rat
|
|upkeep
|
|t:|1665201471
|switch|p1a: Armageddon|Calyrex-Shadow|100/100
|-ability|p1a: Armageddon|As One
|-ability|p1a: Armageddon|Unnerve
|-damage|p1a: Armageddon|88/100|[from] Stealth Rock
|turn|13
|
|t:|1665201478
|-start|p1a: Armageddon|Dynamax|
|-heal|p1a: Armageddon|88/100|[silent]
|move|p2a: Ditto|Behemoth Blade|p1a: Armageddon
|-damage|p1a: Armageddon|0 fnt
|faint|p1a: Armageddon
|
|win|85792195wwww
|raw|NykterStein's rating: 1595 &rarr; <strong>1587</strong><br />(-8 for losing)
|raw|85792195wwww's rating: 1824 &rarr; <strong>1832</strong><br />(+8 for winning)
