|j|☆inoion
|j|☆Master kushagra
|inactive|Battle timer is ON: inactive players will automatically lose when time's up.
|t:|1651209466
|gametype|singles
|player|p1|inoion|lusamine-nihilego|
|player|p2|Master kushagra|leon-tower|
|teamsize|p1|6
|teamsize|p2|6
|gen|8
|tier|[Gen 8] National Dex AG
|rated|Tournament battle
|rule|HP Percentage Mod: HP is shown in percentages
|rule|Endless Battle Clause: Forcing endless battles is banned
|clearpoke
|poke|p1|Necrozma-Dusk-Mane|
|poke|p1|Yveltal|
|poke|p1|Eternatus|
|poke|p1|Arceus-*|
|poke|p1|Arceus-*|
|poke|p1|Rayquaza|
|poke|p2|Necrozma-Dusk-Mane|
|poke|p2|Arceus-*|
|poke|p2|Arceus-*|
|poke|p2|Arceus-*|
|poke|p2|Marshadow|
|poke|p2|Yveltal|
|teampreview
|c|☆inoion|O_o
|c|☆inoion|glhf
|c|☆Master kushagra|hmm
|c|☆Master kushagra|ah
|c|☆Master kushagra|gl
|
|t:|1651209486
|start
|switch|p1a: Arceus|Arceus-Ground|100/100
|switch|p2a: Arceus|Arceus-Ground|100/100
|turn|1
|
|t:|1651209491
|move|p2a: Arceus|Magic Coat|p2a: Arceus
|-singleturn|p2a: Arceus|move: Magic Coat
|move|p1a: Arceus|Ice Beam|p2a: Arceus
|-supereffective|p2a: Arceus
|-damage|p2a: Arceus|65/100
|
|upkeep
|turn|2
|
|t:|1651209495
|move|p2a: Arceus|Stealth Rock|p1a: Arceus
|-sidestart|p1: inoion|move: Stealth Rock
|move|p1a: Arceus|Ice Beam|p2a: Arceus
|-supereffective|p2a: Arceus
|-damage|p2a: Arceus|30/100
|
|upkeep
|turn|3
|j| C0ld as Ic3
|
|t:|1651209503
|switch|p2a: zacian destroyer|Necrozma-Dusk-Mane|100/100
|move|p1a: Arceus|Will-O-Wisp|p2a: zacian destroyer
|-status|p2a: zacian destroyer|brn
|
|-damage|p2a: zacian destroyer|94/100 brn|[from] brn
|upkeep
|turn|4
|
|t:|1651209518
|switch|p1a: Yveltal|Yveltal|100/100
|-ability|p1a: Yveltal|Dark Aura
|switch|p2a: Arceus|Arceus-Grass|100/100
|
|upkeep
|turn|5
|
|t:|1651209525
|switch|p2a: Arceus|Arceus-Ground|30/100
|move|p1a: Yveltal|Toxic|p2a: Arceus
|-status|p2a: Arceus|tox
|
|-damage|p2a: Arceus|24/100 tox|[from] psn
|upkeep
|turn|6
|
|t:|1651209534
|move|p2a: Arceus|Stone Edge|p1a: Yveltal
|-supereffective|p1a: Yveltal
|-damage|p1a: Yveltal|40/100
|move|p1a: Yveltal|Roost|p1a: Yveltal
|-heal|p1a: Yveltal|90/100
|-singleturn|p1a: Yveltal|move: Roost
|
|-damage|p2a: Arceus|12/100 tox|[from] psn
|upkeep
|turn|7
|
|t:|1651209541
|switch|p1a: Arceus|Arceus-Ground|100/100
|-damage|p1a: Arceus|94/100|[from] Stealth Rock
|move|p2a: Arceus|Stone Edge|p1a: Arceus
|-resisted|p1a: Arceus
|-damage|p1a: Arceus|85/100
|
|-damage|p2a: Arceus|0 fnt|[from] psn
|faint|p2a: Arceus
|upkeep
|
|t:|1651209547
|switch|p2a: Yveltal|Yveltal|100/100
|-ability|p2a: Yveltal|Dark Aura
|turn|8
|
|t:|1651209557
|-start|p2a: Yveltal|Dynamax|
|-heal|p2a: Yveltal|100/100|[silent]
|move|p2a: Yveltal|Max Airstream|p1a: Arceus
|-damage|p1a: Arceus|26/100
|-boost|p2a: Yveltal|spe|1
|-damage|p2a: Yveltal|95/100|[from] item: Life Orb
|move|p1a: Arceus|Ice Beam|p2a: Yveltal
|-supereffective|p2a: Yveltal
|-damage|p2a: Yveltal|74/100
|
|upkeep
|turn|9
|
|t:|1651209572
|move|p2a: Yveltal|Max Airstream|p1a: Arceus
|-damage|p1a: Arceus|0 fnt
|-boost|p2a: Yveltal|spe|1
|faint|p1a: Arceus
|-damage|p2a: Yveltal|69/100|[from] item: Life Orb
|
|upkeep
|
|t:|1651209579
|switch|p1a: Yveltal|Yveltal|90/100
|-ability|p1a: Yveltal|Dark Aura
|turn|10
|
|t:|1651209593
|-start|p1a: Yveltal|Dynamax|
|-heal|p1a: Yveltal|90/100|[silent]
|move|p1a: Yveltal|Max Guard|p1a: Yveltal
|-singleturn|p1a: Yveltal|Max Guard
|move|p2a: Yveltal|Max Airstream|p1a: Yveltal
|-activate|p1a: Yveltal|move: Max Guard
|
|upkeep
|-end|p2a: Yveltal|Dynamax
|-heal|p2a: Yveltal|69/100|[silent]
|turn|11
|c|☆inoion|wait
|c|☆inoion|y would u airstream there
|c|☆Master kushagra|what
|j| New teams testing
|c|☆Master kushagra|u have max guard
|inactive|Master kushagra has 120 seconds left.
|c|☆inoion|well ye
|
|t:|1651209624
|switch|p2a: zacian destroyer|Necrozma-Dusk-Mane|94/100 brn
|move|p1a: Yveltal|Max Flutterby|p2a: zacian destroyer
|-damage|p2a: zacian destroyer|73/100 brn
|-unboost|p2a: zacian destroyer|spa|1
|
|-damage|p2a: zacian destroyer|67/100 brn|[from] brn
|upkeep
|turn|12
|inactive|Master kushagra has 120 seconds left.
|c|☆inoion|but i would have felt better if i blocked max darkness
|
|t:|1651209661
|move|p1a: Yveltal|Max Darkness|p2a: zacian destroyer
|-supereffective|p2a: zacian destroyer
|-damage|p2a: zacian destroyer|8/100 brn
|-unboost|p2a: zacian destroyer|spd|1
|-enditem|p2a: zacian destroyer|Weakness Policy
|-boost|p2a: zacian destroyer|atk|2|[from] item: Weakness Policy
|-boost|p2a: zacian destroyer|spa|2|[from] item: Weakness Policy
|move|p2a: zacian destroyer|Morning Sun|p2a: zacian destroyer
|-heal|p2a: zacian destroyer|58/100 brn
|
|-damage|p2a: zacian destroyer|52/100 brn|[from] brn
|upkeep
|-end|p1a: Yveltal|Dynamax
|-heal|p1a: Yveltal|90/100|[silent]
|turn|13
|
|t:|1651209671
|move|p1a: Yveltal|U-turn|p2a: zacian destroyer
|-damage|p2a: zacian destroyer|40/100 brn
|
|t:|1651209679
|switch|p1a: Arceus|Arceus-Electric|100/100|[from]move: U-turn
|-damage|p1a: Arceus|88/100|[from] Stealth Rock
|move|p2a: zacian destroyer|Morning Sun|p2a: zacian destroyer
|-heal|p2a: zacian destroyer|90/100 brn
|
|-damage|p2a: zacian destroyer|84/100 brn|[from] brn
|upkeep
|turn|14
|
|t:|1651209690
|move|p1a: Arceus|Judgment|p2a: zacian destroyer
|-damage|p2a: zacian destroyer|2/100 brn
|move|p2a: zacian destroyer|Earthquake|p1a: Arceus
|-supereffective|p1a: Arceus
|-damage|p1a: Arceus|39/100
|
|-damage|p2a: zacian destroyer|0 fnt|[from] brn
|faint|p2a: zacian destroyer
|upkeep
|
|t:|1651209705
|switch|p2a: Thor|Arceus-Electric|100/100
|turn|15
|
|t:|1651209708
|move|p2a: Thor|Calm Mind|p2a: Thor
|-boost|p2a: Thor|spa|1
|-boost|p2a: Thor|spd|1
|move|p1a: Arceus|Recover|p1a: Arceus
|-heal|p1a: Arceus|89/100
|
|upkeep
|turn|16
|c|☆inoion|not this again
|
|t:|1651209715
|move|p2a: Thor|Calm Mind|p2a: Thor
|-boost|p2a: Thor|spa|1
|-boost|p2a: Thor|spd|1
|move|p1a: Arceus|Calm Mind|p1a: Arceus
|-boost|p1a: Arceus|spa|1
|-boost|p1a: Arceus|spd|1
|
|upkeep
|turn|17
|
|t:|1651209719
|move|p2a: Thor|Calm Mind|p2a: Thor
|-boost|p2a: Thor|spa|1
|-boost|p2a: Thor|spd|1
|move|p1a: Arceus|Calm Mind|p1a: Arceus
|-boost|p1a: Arceus|spa|1
|-boost|p1a: Arceus|spd|1
|
|upkeep
|turn|18
|
|t:|1651209722
|move|p2a: Thor|Calm Mind|p2a: Thor
|-boost|p2a: Thor|spa|1
|-boost|p2a: Thor|spd|1
|move|p1a: Arceus|Calm Mind|p1a: Arceus
|-boost|p1a: Arceus|spa|1
|-boost|p1a: Arceus|spd|1
|
|upkeep
|turn|19
|
|t:|1651209724
|move|p2a: Thor|Calm Mind|p2a: Thor
|-boost|p2a: Thor|spa|1
|-boost|p2a: Thor|spd|1
|move|p1a: Arceus|Calm Mind|p1a: Arceus
|-boost|p1a: Arceus|spa|1
|-boost|p1a: Arceus|spd|1
|
|upkeep
|turn|20
|
|t:|1651209726
|move|p2a: Thor|Calm Mind|p2a: Thor
|-boost|p2a: Thor|spa|1
|-boost|p2a: Thor|spd|1
|move|p1a: Arceus|Calm Mind|p1a: Arceus
|-boost|p1a: Arceus|spa|1
|-boost|p1a: Arceus|spd|1
|
|upkeep
|turn|21
|
|t:|1651209728
|move|p2a: Thor|Ice Beam|p1a: Arceus
|-damage|p1a: Arceus|65/100
|move|p1a: Arceus|Calm Mind|p1a: Arceus
|-boost|p1a: Arceus|spa|1
|-boost|p1a: Arceus|spd|1
|
|upkeep
|turn|22
|
|t:|1651209733
|move|p2a: Thor|Recover||[still]
|-fail|p2a: Thor|heal
|move|p1a: Arceus|Recover|p1a: Arceus
|-heal|p1a: Arceus|100/100
|
|upkeep
|turn|23
|
|t:|1651209736
|move|p2a: Thor|Judgment|p1a: Arceus
|-resisted|p1a: Arceus
|-damage|p1a: Arceus|80/100
|move|p1a: Arceus|Ice Beam|p2a: Thor
|-damage|p2a: Thor|76/100
|
|upkeep
|turn|24
|
|t:|1651209742
|move|p2a: Thor|Ice Beam|p1a: Arceus
|-damage|p1a: Arceus|61/100
|move|p1a: Arceus|Ice Beam|p2a: Thor
|-damage|p2a: Thor|50/100
|
|upkeep
|turn|25
|
|t:|1651209746
|move|p2a: Thor|Recover|p2a: Thor
|-heal|p2a: Thor|100/100
|move|p1a: Arceus|Ice Beam|p2a: Thor
|-damage|p2a: Thor|77/100
|
|upkeep
|turn|26
|
|t:|1651209752
|move|p2a: Thor|Ice Beam|p1a: Arceus
|-crit|p1a: Arceus
|-damage|p1a: Arceus|0 fnt
|faint|p1a: Arceus
|
|upkeep
|c|☆inoion|gg
|c|☆Master kushagra|gg
|
|t:|1651209761
|switch|p1a: Rayquaza|Rayquaza|100/100
|-damage|p1a: Rayquaza|76/100|[from] Stealth Rock
|-ability|p1a: Rayquaza|Air Lock
|turn|27
|
|t:|1651209764
|detailschange|p1a: Rayquaza|Rayquaza-Mega
|-mega|p1a: Rayquaza|Rayquaza|
|-weather|DeltaStream|[from] ability: Delta Stream|[of] p1a: Rayquaza
|move|p1a: Rayquaza|Extreme Speed|p2a: Thor
|-damage|p2a: Thor|44/100
|-damage|p1a: Rayquaza|66/100|[from] item: Life Orb
|move|p2a: Thor|Ice Beam|p1a: Rayquaza
|-activate||deltastream
|-supereffective|p1a: Rayquaza
|-damage|p1a: Rayquaza|0 fnt
|faint|p1a: Rayquaza
|-weather|none
|
|upkeep
|
|t:|1651209771
|switch|p1a: Necrozma|Necrozma-Dusk-Mane|100/100
|-damage|p1a: Necrozma|94/100|[from] Stealth Rock
|turn|28
|
|t:|1651209774
|move|p2a: Thor|Recover|p2a: Thor
|-heal|p2a: Thor|95/100
|move|p1a: Necrozma|Knock Off|p2a: Thor
|-damage|p2a: Thor|77/100
|
|upkeep
|turn|29
|
|t:|1651209776
|move|p2a: Thor|Judgment|p1a: Necrozma
|-damage|p1a: Necrozma|0 fnt
|faint|p1a: Necrozma
|
|upkeep
|
|t:|1651209780
|switch|p1a: Eternatus|Eternatus|100/100
|-damage|p1a: Eternatus|88/100|[from] Stealth Rock
|-ability|p1a: Eternatus|Pressure
|turn|30
|
|t:|1651209783
|move|p1a: Eternatus|Dynamax Cannon|p2a: Thor
|-damage|p2a: Thor|67/100
|move|p2a: Thor|Ice Beam|p1a: Eternatus
|-supereffective|p1a: Eternatus
|-damage|p1a: Eternatus|0 fnt
|faint|p1a: Eternatus
|
|upkeep
|-message|inoion forfeited.
|
|win|Master kushagra
|n|☆inoion|inoion
|n|☆Master kushagra|masterkushagra
|n| C0ld as Ic3|c0ldasic3
|n| New teams testing|newteamstesting
