|j|☆Asterric_
|j|☆chopforce8
|t:|1668608685
|gametype|singles
|player|p1|Asterric_|siebold|1646
|player|p2|chopforce8|red|1807
|teamsize|p1|6
|teamsize|p2|6
|gen|8
|tier|[Gen 8] National Dex AG
|rated|
|rule|HP Percentage Mod: HP is shown in percentages
|rule|Endless Battle Clause: Forcing endless battles is banned
|clearpoke
|poke|p1|Ditto|
|poke|p1|Rayquaza|
|poke|p1|Giratina-Origin|
|poke|p1|Groudon|
|poke|p1|Marshadow|
|poke|p1|Zygarde|
|poke|p2|Yveltal|
|poke|p2|Diancie|
|poke|p2|Calyrex-Shadow|
|poke|p2|Zacian-*|
|poke|p2|Ditto|
|poke|p2|Arceus-*|
|teampreview
|inactive|Battle timer is ON: inactive players will automatically lose when time's up. (requested by Asterric_)
|
|t:|1668608692
|start
|switch|p1a: Groudon|Groudon, shiny|100/100
|switch|p2a: ProfessorQuirrel|Calyrex-Shadow|100/100
|-ability|p2a: ProfessorQuirrel|As One
|-ability|p2a: ProfessorQuirrel|Unnerve
|detailschange|p1a: Groudon|Groudon-Primal, shiny
|-primal|p1a: Groudon
|-weather|DesolateLand|[from] ability: Desolate Land|[of] p1a: Groudon
|turn|1
|
|t:|1668608702
|move|p2a: ProfessorQuirrel|Astral Barrage|p1a: Groudon
|-damage|p1a: Groudon|25/100
|move|p1a: Groudon|Stealth Rock|p2a: ProfessorQuirrel
|-sidestart|p2: chopforce8|move: Stealth Rock
|
|-weather|DesolateLand|[upkeep]
|upkeep
|turn|2
|l|☆Asterric_
|inactive|Asterric_ disconnected and has a minute to reconnect!
|player|p1|
|j|☆Asterric_
|inactive|Asterric_ reconnected and has 130 seconds left.
|player|p1|Asterric_|siebold
|
|t:|1668608725
|move|p2a: ProfessorQuirrel|Astral Barrage|p1a: Groudon
|-damage|p1a: Groudon|0 fnt
|faint|p1a: Groudon
|-weather|none
|-ability|p2a: ProfessorQuirrel|Grim Neigh|boost
|-boost|p2a: ProfessorQuirrel|spa|1
|
|upkeep
|
|t:|1668608728
|switch|p1a: Giratina|Giratina-Origin|100/100
|turn|3
|
|t:|1668608733
|move|p1a: Giratina|Shadow Sneak|p2a: ProfessorQuirrel
|-supereffective|p2a: ProfessorQuirrel
|-enditem|p2a: ProfessorQuirrel|Focus Sash
|-damage|p2a: ProfessorQuirrel|1/100
|move|p2a: ProfessorQuirrel|Astral Barrage|p1a: Giratina
|-supereffective|p1a: Giratina
|-damage|p1a: Giratina|0 fnt
|faint|p1a: Giratina
|-ability|p2a: ProfessorQuirrel|Grim Neigh|boost
|-boost|p2a: ProfessorQuirrel|spa|1
|
|upkeep
|
|t:|1668608739
|switch|p1a: Ditto|Ditto, shiny|100/100
|-transform|p1a: Ditto|p2a: ProfessorQuirrel|[from] ability: Imposter
|turn|4
|
|t:|1668608746
|switch|p2a: MirrorOfErised|Ditto|100/100
|-damage|p2a: MirrorOfErised|88/100|[from] Stealth Rock
|move|p1a: Ditto|Astral Barrage|p2a: MirrorOfErised
|-immune|p2a: MirrorOfErised
|
|upkeep
|turn|5
|
|t:|1668608754
|switch|p1a: Rayquaza|Rayquaza|100/100
|-ability|p1a: Rayquaza|Air Lock
|move|p2a: MirrorOfErised|Transform|p1a: Rayquaza
|-transform|p2a: MirrorOfErised|p1a: Rayquaza
|
|upkeep
|turn|6
|
|t:|1668608763
|detailschange|p1a: Rayquaza|Rayquaza-Mega
|-mega|p1a: Rayquaza|Rayquaza|
|-weather|DeltaStream|[from] ability: Delta Stream|[of] p1a: Rayquaza
|move|p2a: MirrorOfErised|Dragon Ascent|p1a: Rayquaza
|-damage|p1a: Rayquaza|29/100
|-unboost|p2a: MirrorOfErised|def|1
|-unboost|p2a: MirrorOfErised|spd|1
|move|p1a: Rayquaza|Dragon Dance|p1a: Rayquaza
|-boost|p1a: Rayquaza|atk|1
|-boost|p1a: Rayquaza|spe|1
|
|-weather|DeltaStream|[upkeep]
|upkeep
|turn|7
|
|t:|1668608774
|switch|p2a: ProfessorQuirrel|Calyrex-Shadow|1/100
|-ability|p2a: ProfessorQuirrel|As One
|-ability|p2a: ProfessorQuirrel|Unnerve
|-damage|p2a: ProfessorQuirrel|0 fnt|[from] Stealth Rock
|faint|p2a: ProfessorQuirrel
|move|p1a: Rayquaza|Extreme Speed|p2: ProfessorQuirrel|[notarget]
|-fail|p1a: Rayquaza
|
|-weather|DeltaStream|[upkeep]
|upkeep
|
|t:|1668608782
|switch|p2a: MirrorOfErised|Ditto|88/100
|-damage|p2a: MirrorOfErised|76/100|[from] Stealth Rock
|-transform|p2a: MirrorOfErised|p1a: Rayquaza|[from] ability: Imposter
|turn|8
|
|t:|1668608790
|switch|p1a: Marshadow|Marshadow|100/100
|move|p2a: MirrorOfErised|Extreme Speed|p1a: Marshadow
|-immune|p1a: Marshadow
|
|-weather|DeltaStream|[upkeep]
|upkeep
|turn|9
|
|t:|1668608797
|-weather|none
|switch|p2a: Voldemort|Yveltal|100/100
|-damage|p2a: Voldemort|76/100|[from] Stealth Rock
|-ability|p2a: Voldemort|Dark Aura
|move|p1a: Marshadow|Spectral Thief|p2a: Voldemort
|-resisted|p2a: Voldemort
|-damage|p2a: Voldemort|51/100
|
|upkeep
|turn|10
|
|t:|1668608809
|-start|p1a: Marshadow|Dynamax|
|-heal|p1a: Marshadow|100/100|[silent]
|move|p2a: Voldemort|Sucker Punch|p1a: Marshadow
|-damage|p1a: Marshadow|64/100
|-damage|p2a: Voldemort|41/100|[from] item: Life Orb
|move|p1a: Marshadow|Max Lightning|p2a: Voldemort
|-supereffective|p2a: Voldemort
|-damage|p2a: Voldemort|0 fnt
|-fieldstart|move: Electric Terrain
|faint|p2a: Voldemort
|
|upkeep
|
|t:|1668608827
|switch|p2a: Harry Potter|Diancie|100/100
|-damage|p2a: Harry Potter|88/100|[from] Stealth Rock
|turn|11
|c|☆Asterric_|did u know shadow sneak can kill?
|
|t:|1668608837
|move|p1a: Marshadow|Max Phantasm|p2a: Harry Potter
|-damage|p2a: Harry Potter|18/100
|-fail|p2a: Harry Potter|unboost|[from] ability: Clear Body|[of] p2a: Harry Potter
|move|p2a: Harry Potter|Moonblast|p1a: Marshadow
|-supereffective|p1a: Marshadow
|-damage|p1a: Marshadow|15/100
|
|upkeep
|turn|12
|
|t:|1668608846
|move|p1a: Marshadow|Max Knuckle|p2a: Harry Potter
|-damage|p2a: Harry Potter|0 fnt
|-boost|p1a: Marshadow|atk|1
|faint|p2a: Harry Potter
|
|upkeep
|
|t:|1668608852
|switch|p2a: MirrorOfErised|Ditto|76/100
|-damage|p2a: MirrorOfErised|63/100|[from] Stealth Rock
|-transform|p2a: MirrorOfErised|p1a: Marshadow|[from] ability: Imposter
|-end|p1a: Marshadow|Dynamax
|-heal|p1a: Marshadow|15/100|[silent]
|turn|13
|c|☆chopforce8|was too weak
|
|t:|1668608863
|switch|p1a: Ditto|Ditto, shiny|100/100
|move|p2a: MirrorOfErised|Shadow Sneak|p1a: Ditto
|-immune|p1a: Ditto
|
|upkeep
|turn|14
|
|t:|1668608869
|switch|p1a: Marshadow|Marshadow|15/100
|move|p2a: MirrorOfErised|Shadow Sneak|p1a: Marshadow
|-supereffective|p1a: Marshadow
|-damage|p1a: Marshadow|0 fnt
|faint|p1a: Marshadow
|
|-fieldend|move: Electric Terrain
|upkeep
|
|t:|1668608875
|switch|p1a: Rayquaza|Rayquaza-Mega|29/100
|-weather|DeltaStream|[from] ability: Delta Stream|[of] p1a: Rayquaza
|turn|15
|
|t:|1668608879
|move|p2a: MirrorOfErised|Shadow Sneak|p1a: Rayquaza
|-damage|p1a: Rayquaza|0 fnt
|faint|p1a: Rayquaza
|-weather|none
|
|upkeep
|
|t:|1668608881
|switch|p1a: Zygarde|Zygarde, shiny|100/100
|turn|16
|
|t:|1668608895
|switch|p2a: Chess Wizard|Arceus-Flying|100/100
|-damage|p2a: Chess Wizard|76/100|[from] Stealth Rock
|move|p1a: Zygarde|Glare|p2a: Chess Wizard
|-status|p2a: Chess Wizard|par
|
|upkeep
|turn|17
|
|t:|1668608901
|move|p1a: Zygarde|Substitute|p1a: Zygarde
|-start|p1a: Zygarde|Substitute
|-damage|p1a: Zygarde|76/100
|move|p2a: Chess Wizard|Recover|p2a: Chess Wizard
|-heal|p2a: Chess Wizard|100/100 par
|
|-heal|p1a: Zygarde|82/100|[from] item: Leftovers
|upkeep
|turn|18
|
|t:|1668608908
|move|p1a: Zygarde|Coil|p1a: Zygarde
|-boost|p1a: Zygarde|atk|1
|-boost|p1a: Zygarde|def|1
|-boost|p1a: Zygarde|accuracy|1
|move|p2a: Chess Wizard|Perish Song|p2a: Chess Wizard
|-start|p1a: Zygarde|perish3|[silent]
|-start|p2a: Chess Wizard|perish3|[silent]
|-fieldactivate|move: Perish Song
|
|-heal|p1a: Zygarde|88/100|[from] item: Leftovers
|-start|p1a: Zygarde|perish3
|-start|p2a: Chess Wizard|perish3
|upkeep
|turn|19
|
|t:|1668608917
|switch|p2a: Fluffy|Zacian-Crowned|100/100
|-damage|p2a: Fluffy|94/100|[from] Stealth Rock
|-ability|p2a: Fluffy|Intrepid Sword|boost
|-boost|p2a: Fluffy|atk|1
|move|p1a: Zygarde|Coil|p1a: Zygarde
|-boost|p1a: Zygarde|atk|1
|-boost|p1a: Zygarde|def|1
|-boost|p1a: Zygarde|accuracy|1
|
|-heal|p1a: Zygarde|94/100|[from] item: Leftovers
|-start|p1a: Zygarde|perish2
|upkeep
|turn|20
|
|t:|1668608929
|move|p2a: Fluffy|Substitute|p2a: Fluffy
|-start|p2a: Fluffy|Substitute
|-damage|p2a: Fluffy|69/100
|move|p1a: Zygarde|Thousand Arrows|p2a: Fluffy
|-supereffective|p2a: Fluffy
|-end|p2a: Fluffy|Substitute
|
|-heal|p1a: Zygarde|100/100|[from] item: Leftovers
|-start|p1a: Zygarde|perish1
|upkeep
|turn|21
|
|t:|1668608942
|switch|p2a: MirrorOfErised|Ditto|63/100
|-damage|p2a: MirrorOfErised|51/100|[from] Stealth Rock
|switch|p1a: Ditto|Ditto, shiny|100/100
|-transform|p1a: Ditto|p2a: MirrorOfErised|[from] ability: Imposter
|
|upkeep
|turn|22
|
|t:|1668608953
|switch|p1a: Zygarde|Zygarde, shiny|100/100
|move|p2a: MirrorOfErised|Transform|p1a: Zygarde
|-transform|p2a: MirrorOfErised|p1a: Zygarde
|
|upkeep
|turn|23
|
|t:|1668608960
|move|p2a: MirrorOfErised|Glare|p1a: Zygarde
|-status|p1a: Zygarde|par
|move|p1a: Zygarde|Substitute|p1a: Zygarde
|-start|p1a: Zygarde|Substitute
|-damage|p1a: Zygarde|76/100 par
|
|-heal|p1a: Zygarde|82/100 par|[from] item: Leftovers
|upkeep
|turn|24
|l|☆Asterric_
|inactive|Asterric_ disconnected and has a minute to reconnect!
|player|p1|
|inactive|Asterric_ has 30 seconds to reconnect!
|inactive|Asterric_ has 20 seconds to reconnect!
|inactive|Asterric_ has 15 seconds to reconnect!
|inactive|Asterric_ has 10 seconds to reconnect!
|inactive|Asterric_ has 5 seconds to reconnect!
|j|☆Asterric_
|inactive|Asterric_ reconnected and has 90 seconds left.
|player|p1|Asterric_|siebold
|
|t:|1668609024
|switch|p2a: Chess Wizard|Arceus-Flying|100/100 par
|-damage|p2a: Chess Wizard|76/100 par|[from] Stealth Rock
|cant|p1a: Zygarde|par
|
|-heal|p1a: Zygarde|88/100 par|[from] item: Leftovers
|upkeep
|turn|25
|
|t:|1668609032
|move|p2a: Chess Wizard|Calm Mind|p2a: Chess Wizard
|-boost|p2a: Chess Wizard|spa|1
|-boost|p2a: Chess Wizard|spd|1
|move|p1a: Zygarde|Coil|p1a: Zygarde
|-boost|p1a: Zygarde|atk|1
|-boost|p1a: Zygarde|def|1
|-boost|p1a: Zygarde|accuracy|1
|
|-heal|p1a: Zygarde|94/100 par|[from] item: Leftovers
|upkeep
|turn|26
|
|t:|1668609040
|-start|p2a: Chess Wizard|Dynamax|
|-heal|p2a: Chess Wizard|76/100 par|[silent]
|move|p2a: Chess Wizard|Max Airstream|p1a: Zygarde
|-end|p1a: Zygarde|Substitute
|-boost|p2a: Chess Wizard|spe|1
|move|p1a: Zygarde|Thousand Arrows|p2a: Chess Wizard
|-damage|p2a: Chess Wizard|56/100 par
|-start|p2a: Chess Wizard|Smack Down
|
|-heal|p1a: Zygarde|100/100 par|[from] item: Leftovers
|upkeep
|turn|27
|
|t:|1668609052
|move|p2a: Chess Wizard|Max Airstream|p1a: Zygarde
|-damage|p1a: Zygarde|27/100 par
|-boost|p2a: Chess Wizard|spe|1
|move|p1a: Zygarde|Substitute|p1a: Zygarde
|-start|p1a: Zygarde|Substitute
|-damage|p1a: Zygarde|3/100 par
|
|-heal|p1a: Zygarde|9/100 par|[from] item: Leftovers
|-activate|p1a: Zygarde|ability: Power Construct
|detailschange|p1a: Zygarde|Zygarde-Complete, shiny
|-heal|p1a: Zygarde|40/100 par|[silent]
|upkeep
|turn|28
|
|t:|1668609064
|move|p2a: Chess Wizard|Max Airstream|p1a: Zygarde
|-end|p1a: Zygarde|Substitute
|-boost|p2a: Chess Wizard|spe|1
|move|p1a: Zygarde|Thousand Arrows|p2a: Chess Wizard
|-damage|p2a: Chess Wizard|33/100 par
|
|-heal|p1a: Zygarde|46/100 par|[from] item: Leftovers
|upkeep
|-end|p2a: Chess Wizard|Dynamax
|-heal|p2a: Chess Wizard|33/100 par|[silent]
|turn|29
|
|t:|1668609074
|move|p2a: Chess Wizard|Judgment|p1a: Zygarde
|-damage|p1a: Zygarde|3/100 par
|move|p1a: Zygarde|Thousand Arrows|p2a: Chess Wizard
|-damage|p2a: Chess Wizard|0 fnt
|faint|p2a: Chess Wizard
|
|-heal|p1a: Zygarde|9/100 par|[from] item: Leftovers
|upkeep
|
|t:|1668609082
|switch|p2a: MirrorOfErised|Ditto|51/100
|-damage|p2a: MirrorOfErised|39/100|[from] Stealth Rock
|-transform|p2a: MirrorOfErised|p1a: Zygarde|[from] ability: Imposter
|turn|30
|
|t:|1668609088
|switch|p1a: Ditto|Ditto, shiny|100/100
|move|p2a: MirrorOfErised|Thousand Arrows|p1a: Ditto
|-damage|p1a: Ditto|23/100
|
|upkeep
|turn|31
|
|t:|1668609093
|switch|p1a: Zygarde|Zygarde-Complete, shiny|9/100 par
|move|p2a: MirrorOfErised|Thousand Arrows|p1a: Zygarde
|-damage|p1a: Zygarde|0 fnt
|faint|p1a: Zygarde
|
|upkeep
|
|t:|1668609094
|switch|p1a: Ditto|Ditto, shiny|23/100
|turn|32
|
|t:|1668609100
|move|p2a: MirrorOfErised|Thousand Arrows|p1a: Ditto
|-damage|p1a: Ditto|0 fnt
|faint|p1a: Ditto
|
|win|chopforce8
|raw|Asterric_'s rating: 1646 &rarr; <strong>1635</strong><br />(-11 for losing)
|raw|chopforce8's rating: 1807 &rarr; <strong>1818</strong><br />(+11 for winning)
|l|☆chopforce8
