|j|☆v87
|j|☆amnael1
|t:|1661254894
|gametype|singles
|player|p1|v87|170|1882
|player|p2|amnael1|dawn|1877
|teamsize|p1|6
|teamsize|p2|6
|gen|8
|tier|[Gen 8] National Dex AG
|rated|
|rule|HP Percentage Mod: HP is shown in percentages
|rule|Endless Battle Clause: Forcing endless battles is banned
|clearpoke
|poke|p1|Zacian-*|
|poke|p1|Groudon|
|poke|p1|Yveltal|
|poke|p1|Rayquaza|
|poke|p1|Kyogre|
|poke|p1|Tornadus, M|
|poke|p2|Smeargle, M|
|poke|p2|Groudon|
|poke|p2|Espeon, M|
|poke|p2|Rayquaza|
|poke|p2|Xerneas-*|
|poke|p2|Zacian-*|
|teampreview
|
|t:|1661254917
|start
|switch|p1a: Rayquaza|Rayquaza|100/100
|switch|p2a: Rayquaza|Rayquaza|100/100
|-ability|p2a: Rayquaza|Air Lock
|-ability|p1a: Rayquaza|Air Lock
|turn|1
|inactive|Battle timer is ON: inactive players will automatically lose when time's up. (requested by amnael1)
|
|t:|1661254930
|switch|p1a: Zacian|Zacian-Crowned|100/100
|-ability|p1a: Zacian|Intrepid Sword|boost
|-boost|p1a: Zacian|atk|1
|detailschange|p2a: Rayquaza|Rayquaza-Mega
|-mega|p2a: Rayquaza|Rayquaza|
|-weather|DeltaStream|[from] ability: Delta Stream|[of] p2a: Rayquaza
|move|p2a: Rayquaza|Dragon Ascent|p1a: Zacian
|-resisted|p1a: Zacian
|-damage|p1a: Zacian|70/100
|-unboost|p2a: Rayquaza|def|1
|-unboost|p2a: Rayquaza|spd|1
|
|-weather|DeltaStream|[upkeep]
|upkeep
|turn|2
|
|t:|1661254943
|move|p1a: Zacian|Close Combat|p2a: Rayquaza
|-resisted|p2a: Rayquaza
|-damage|p2a: Rayquaza|46/100
|-unboost|p1a: Zacian|def|1
|-unboost|p1a: Zacian|spd|1
|move|p2a: Rayquaza|Earthquake|p1a: Zacian
|-supereffective|p1a: Zacian
|-damage|p1a: Zacian|0 fnt
|faint|p1a: Zacian
|
|-weather|DeltaStream|[upkeep]
|upkeep
|
|t:|1661254964
|switch|p1a: Groudon|Groudon|100/100
|detailschange|p1a: Groudon|Groudon-Primal
|-primal|p1a: Groudon
|-weather|DesolateLand|[from] ability: Desolate Land|[of] p1a: Groudon
|turn|3
|
|t:|1661254971
|switch|p2a: Espeon|Espeon, M|100/100
|move|p1a: Groudon|Stealth Rock|p2a: Espeon
|move|p2a: Espeon|Stealth Rock|p1a: Groudon|[from]ability: Magic Bounce
|-sidestart|p1: v87|move: Stealth Rock
|
|-weather|DesolateLand|[upkeep]
|upkeep
|turn|4
|
|t:|1661254980
|move|p2a: Espeon|Psychic|p1a: Groudon
|-damage|p1a: Groudon|66/100
|move|p1a: Groudon|Earthquake|p2a: Espeon
|-enditem|p2a: Espeon|Focus Sash
|-damage|p2a: Espeon|1/100
|
|-weather|DesolateLand|[upkeep]
|upkeep
|turn|5
|
|t:|1661254988
|move|p2a: Espeon|Psychic|p1a: Groudon
|-damage|p1a: Groudon|29/100
|move|p1a: Groudon|Earthquake|p2a: Espeon
|-damage|p2a: Espeon|0 fnt
|faint|p2a: Espeon
|
|-weather|DesolateLand|[upkeep]
|upkeep
|
|t:|1661254992
|switch|p2a: Rayquaza|Rayquaza-Mega|46/100
|-weather|DeltaStream|[from] ability: Delta Stream|[of] p2a: Rayquaza
|turn|6
|
|t:|1661254999
|move|p2a: Rayquaza|Earthquake|p1a: Groudon
|-supereffective|p1a: Groudon
|-damage|p1a: Groudon|0 fnt
|faint|p1a: Groudon
|
|-weather|DeltaStream|[upkeep]
|upkeep
|
|t:|1661255010
|switch|p1a: Yveltal|Yveltal|100/100
|-damage|p1a: Yveltal|76/100|[from] Stealth Rock
|-ability|p1a: Yveltal|Dark Aura
|turn|7
|
|t:|1661255017
|-start|p1a: Yveltal|Dynamax|
|-heal|p1a: Yveltal|76/100|[silent]
|move|p2a: Rayquaza|Extreme Speed|p1a: Yveltal
|-damage|p1a: Yveltal|59/100
|move|p1a: Yveltal|Max Airstream|p2a: Rayquaza
|-damage|p2a: Rayquaza|0 fnt
|-boost|p1a: Yveltal|spe|1
|faint|p2a: Rayquaza
|-weather|none
|-damage|p1a: Yveltal|55/100|[from] item: Life Orb
|
|upkeep
|
|t:|1661255019
|switch|p2a: Smeargle|Smeargle, M|100/100
|turn|8
|
|t:|1661255035
|move|p1a: Yveltal|Max Airstream|p2a: Smeargle
|-crit|p2a: Smeargle
|-enditem|p2a: Smeargle|Focus Sash
|-damage|p2a: Smeargle|1/100
|-boost|p1a: Yveltal|spe|1
|-damage|p1a: Yveltal|50/100|[from] item: Life Orb
|move|p2a: Smeargle|Spore|p1a: Yveltal
|-status|p1a: Yveltal|slp|[from] move: Spore
|
|-ability|p2a: Smeargle|Moody|boost
|-boost|p2a: Smeargle|spd|2
|-unboost|p2a: Smeargle|def|1
|upkeep
|turn|9
|
|t:|1661255051
|cant|p1a: Yveltal|slp
|move|p2a: Smeargle|Shift Gear|p2a: Smeargle
|-boost|p2a: Smeargle|spe|2
|-boost|p2a: Smeargle|atk|1
|
|-ability|p2a: Smeargle|Moody|boost
|-boost|p2a: Smeargle|spa|2
|-unboost|p2a: Smeargle|spe|1
|upkeep
|-end|p1a: Yveltal|Dynamax
|-heal|p1a: Yveltal|50/100 slp|[silent]
|turn|10
|
|t:|1661255063
|-curestatus|p1a: Yveltal|slp|[msg]
|move|p1a: Yveltal|Foul Play|p2a: Smeargle
|-damage|p2a: Smeargle|0 fnt
|faint|p2a: Smeargle
|-damage|p1a: Yveltal|40/100|[from] item: Life Orb
|
|upkeep
|
|t:|1661255067
|switch|p2a: Xerneas|Xerneas|100/100
|-ability|p2a: Xerneas|Fairy Aura
|turn|11
|
|t:|1661255076
|move|p1a: Yveltal|Dual Wingbeat|p2a: Xerneas
|-damage|p2a: Xerneas|81/100
|-damage|p2a: Xerneas|59/100
|-hitcount|p2a: Xerneas|2
|-damage|p1a: Yveltal|30/100|[from] item: Life Orb
|move|p2a: Xerneas|Geomancy||[still]
|-prepare|p2a: Xerneas|Geomancy
|-enditem|p2a: Xerneas|Power Herb
|-anim|p2a: Xerneas|Geomancy|p2a: Xerneas
|-boost|p2a: Xerneas|spa|2
|-boost|p2a: Xerneas|spd|2
|-boost|p2a: Xerneas|spe|2
|
|upkeep
|turn|12
|
|t:|1661255094
|move|p1a: Yveltal|Tailwind|p1a: Yveltal
|-sidestart|p1: v87|move: Tailwind
|move|p2a: Xerneas|Moonblast|p1a: Yveltal
|-supereffective|p1a: Yveltal
|-damage|p1a: Yveltal|0 fnt
|faint|p1a: Yveltal
|
|upkeep
|
|t:|1661255107
|switch|p1a: Kyogre|Kyogre|100/100
|-damage|p1a: Kyogre|88/100|[from] Stealth Rock
|-weather|RainDance|[from] ability: Drizzle|[of] p1a: Kyogre
|turn|13
|j| Quag Lover
|
|t:|1661255113
|-start|p2a: Xerneas|Dynamax|
|-heal|p2a: Xerneas|59/100|[silent]
|move|p1a: Kyogre|Water Spout|p2a: Xerneas
|-damage|p2a: Xerneas|29/100
|move|p2a: Xerneas|Max Overgrowth|p1a: Kyogre
|-supereffective|p1a: Kyogre
|-damage|p1a: Kyogre|0 fnt
|-fieldstart|move: Grassy Terrain
|faint|p1a: Kyogre
|
|-weather|RainDance|[upkeep]
|-heal|p2a: Xerneas|32/100|[from] Grassy Terrain
|upkeep
|
|t:|1661255128
|switch|p1a: Rayquaza|Rayquaza|100/100
|-damage|p1a: Rayquaza|76/100|[from] Stealth Rock
|-ability|p1a: Rayquaza|Air Lock
|turn|14
|
|t:|1661255136
|detailschange|p1a: Rayquaza|Rayquaza-Mega
|-mega|p1a: Rayquaza|Rayquaza|
|-weather|DeltaStream|[from] ability: Delta Stream|[of] p1a: Rayquaza
|move|p1a: Rayquaza|Dragon Ascent|p2a: Xerneas
|-damage|p2a: Xerneas|0 fnt
|-unboost|p1a: Rayquaza|def|1
|-unboost|p1a: Rayquaza|spd|1
|faint|p2a: Xerneas
|
|-weather|DeltaStream|[upkeep]
|upkeep
|
|t:|1661255143
|switch|p2a: Zacian|Zacian-Crowned|100/100
|-ability|p2a: Zacian|Intrepid Sword|boost
|-boost|p2a: Zacian|atk|1
|turn|15
|
|t:|1661255149
|move|p1a: Rayquaza|V-create|p2a: Zacian
|-supereffective|p2a: Zacian
|-damage|p2a: Zacian|0 fnt
|-unboost|p1a: Rayquaza|spe|1
|-unboost|p1a: Rayquaza|def|1
|-unboost|p1a: Rayquaza|spd|1
|faint|p2a: Zacian
|
|-weather|DeltaStream|[upkeep]
|-sideend|p1: v87|move: Tailwind
|upkeep
|
|t:|1661255152
|switch|p2a: Groudon|Groudon|100/100
|detailschange|p2a: Groudon|Groudon-Primal
|-primal|p2a: Groudon
|-weather|DesolateLand|[from] ability: Desolate Land|[of] p2a: Groudon
|turn|16
|
|t:|1661255170
|move|p1a: Rayquaza|Extreme Speed|p2a: Groudon
|-damage|p2a: Groudon|72/100
|move|p2a: Groudon|Fire Punch|p1a: Rayquaza
|-resisted|p1a: Rayquaza
|-damage|p1a: Rayquaza|6/100
|-status|p1a: Rayquaza|brn
|-enditem|p1a: Rayquaza|Lum Berry|[eat]
|-curestatus|p1a: Rayquaza|brn|[msg]
|
|-weather|DesolateLand|[upkeep]
|-heal|p2a: Groudon|78/100|[from] Grassy Terrain
|upkeep
|turn|17
|
|t:|1661255183
|move|p1a: Rayquaza|Extreme Speed|p2a: Groudon
|-damage|p2a: Groudon|50/100
|move|p2a: Groudon|Fire Punch|p1a: Rayquaza
|-resisted|p1a: Rayquaza
|-damage|p1a: Rayquaza|0 fnt
|faint|p1a: Rayquaza
|
|-weather|DesolateLand|[upkeep]
|-heal|p2a: Groudon|56/100|[from] Grassy Terrain
|-fieldend|move: Grassy Terrain
|upkeep
|
|t:|1661255193
|switch|p1a: Tornadus|Tornadus, M|100/100
|-damage|p1a: Tornadus|76/100|[from] Stealth Rock
|turn|18
|
|t:|1661255198
|-zpower|p1a: Tornadus
|move|p1a: Tornadus|Supersonic Skystrike|p2a: Groudon|[zeffect]
|-damage|p2a: Groudon|0 fnt
|faint|p2a: Groudon
|-weather|none
|
|win|v87
|raw|v87's rating: 1882 &rarr; <strong>1902</strong><br />(+20 for winning)
|raw|amnael1's rating: 1877 &rarr; <strong>1857</strong><br />(-20 for losing)
|l|☆amnael1
|c|☆v87|gg
|l|☆v87
||Ladder isn't responding, score probably updated but might not have (Request timeout).
|j|☆v87
|player|p1|v87|170
