|j|☆Demon From Discord
|j|☆xLeonisx
|t:|1648772844
|gametype|singles
|player|p1|Demon From Discord|hilda|1568
|player|p2|xLeonisx|169|1599
|teamsize|p1|6
|teamsize|p2|6
|gen|8
|tier|[Gen 8] National Dex AG
|rated|
|rule|HP Percentage Mod: HP is shown in percentages
|rule|Endless Battle Clause: Forcing endless battles is banned
|clearpoke
|poke|p1|Yveltal|
|poke|p1|Zacian-*|
|poke|p1|Rayquaza|
|poke|p1|Necrozma-Dusk-Mane|
|poke|p1|Xerneas-*|
|poke|p1|Calyrex-Shadow|
|poke|p2|Xerneas-*|
|poke|p2|Deoxys-Speed|
|poke|p2|Lugia|
|poke|p2|Calyrex-Shadow|
|poke|p2|Yveltal|
|poke|p2|Zacian-*|
|teampreview
|inactive|Battle timer is ON: inactive players will automatically lose when time's up. (requested by xLeonisx)
|c|☆Demon From Discord|we meet again
|c|☆xLeonisx|ye sir
|
|t:|1648772863
|start
|switch|p1a: Matthew|Necrozma-Dusk-Mane|100/100
|switch|p2a: Yveltal|Yveltal|100/100
|-ability|p2a: Yveltal|Dark Aura
|turn|1
|
|t:|1648772868
|switch|p1a: Rayan|Xerneas|100/100
|-ability|p1a: Rayan|Fairy Aura
|-start|p2a: Yveltal|Dynamax|
|-heal|p2a: Yveltal|100/100|[silent]
|move|p2a: Yveltal|Max Airstream|p1a: Rayan
|-damage|p1a: Rayan|38/100
|-boost|p2a: Yveltal|spe|1
|-damage|p2a: Yveltal|96/100|[from] item: Life Orb
|
|upkeep
|turn|2
|
|t:|1648772877
|move|p2a: Yveltal|Max Airstream|p1a: Rayan
|-damage|p1a: Rayan|0 fnt
|-boost|p2a: Yveltal|spe|1
|faint|p1a: Rayan
|-damage|p2a: Yveltal|91/100|[from] item: Life Orb
|
|upkeep
|c|☆xLeonisx|we meet again
|
|t:|1648772903
|switch|p1a: Isaiah|Yveltal|100/100
|-ability|p1a: Isaiah|Dark Aura
|turn|3
|
|t:|1648772910
|move|p2a: Yveltal|Max Rockfall|p1a: Isaiah
|-supereffective|p1a: Isaiah
|-damage|p1a: Isaiah|10/100
|-weather|Sandstorm
|-damage|p2a: Yveltal|86/100|[from] item: Life Orb
|move|p1a: Isaiah|Rock Slide|p2a: Yveltal
|-supereffective|p2a: Yveltal
|-damage|p2a: Yveltal|58/100
|-damage|p1a: Isaiah|0 fnt|[from] item: Life Orb
|faint|p1a: Isaiah
|
|-weather|Sandstorm|[upkeep]
|-damage|p2a: Yveltal|55/100|[from] Sandstorm
|-end|p2a: Yveltal|Dynamax
|-heal|p2a: Yveltal|55/100|[silent]
|upkeep
|
|t:|1648772923
|switch|p1a: Evan|Zacian-Crowned|100/100
|-ability|p1a: Evan|Intrepid Sword|boost
|-boost|p1a: Evan|atk|1
|turn|4
|
|t:|1648772925
|move|p2a: Yveltal|Heat Wave|p1a: Evan
|-supereffective|p1a: Evan
|-damage|p1a: Evan|15/100
|-status|p1a: Evan|brn
|-damage|p2a: Yveltal|45/100|[from] item: Life Orb
|move|p1a: Evan|Wild Charge|p2a: Yveltal
|-supereffective|p2a: Yveltal
|-damage|p2a: Yveltal|0 fnt
|faint|p2a: Yveltal
|-damage|p1a: Evan|2/100 brn|[from] Recoil
|
|-weather|Sandstorm|[upkeep]
|-damage|p1a: Evan|0 fnt|[from] brn
|faint|p1a: Evan
|upkeep
|c|☆Demon From Discord|oblivion wing dark pulse rock slide heat wave?
|c|☆Demon From Discord|and life orb
|inactive|Demon From Discord has 120 seconds left.
|c|☆Demon From Discord|i have the same set
|inactive|xLeonisx has 120 seconds left.
|c|☆xLeonisx|nope
|c|☆Demon From Discord|oh?
|c|☆Demon From Discord|then what
|c|☆xLeonisx|i use
|c|☆xLeonisx|dual wingbeat
|n|!xLeonisx|xleonisx
|c|☆Demon From Discord|oh physical
|inactive|xLeonisx has 90 seconds left.
|
|t:|1648772986
|switch|p1a: Sebastion|Rayquaza|100/100
|switch|p2a: Zacian|Zacian-Crowned|100/100
|-ability|p2a: Zacian|Intrepid Sword|boost
|-boost|p2a: Zacian|atk|1
|-ability|p1a: Sebastion|Air Lock
|turn|5
|
|t:|1648772993
|switch|p2a: Deoxys|Deoxys-Speed|100/100
|-ability|p2a: Deoxys|Pressure
|detailschange|p1a: Sebastion|Rayquaza-Mega
|-mega|p1a: Sebastion|Rayquaza|
|-weather|DeltaStream|[from] ability: Delta Stream|[of] p1a: Sebastion
|move|p1a: Sebastion|Dragon Dance|p1a: Sebastion
|-boost|p1a: Sebastion|atk|1
|-boost|p1a: Sebastion|spe|1
|
|-weather|DeltaStream|[upkeep]
|upkeep
|turn|6
|
|t:|1648772999
|move|p1a: Sebastion|Extreme Speed|p2a: Deoxys
|-enditem|p2a: Deoxys|Focus Sash
|-damage|p2a: Deoxys|1/100
|-damage|p1a: Sebastion|91/100|[from] item: Life Orb
|move|p2a: Deoxys|Thunder Wave|p1a: Sebastion
|-status|p1a: Sebastion|par
|
|-weather|DeltaStream|[upkeep]
|upkeep
|turn|7
|
|t:|1648773008
|switch|p2a: Calyrex|Calyrex-Shadow|100/100
|-ability|p2a: Calyrex|As One
|-ability|p2a: Calyrex|Unnerve
|move|p1a: Sebastion|Dragon Dance|p1a: Sebastion
|-boost|p1a: Sebastion|atk|1
|-boost|p1a: Sebastion|spe|1
|
|-weather|DeltaStream|[upkeep]
|upkeep
|turn|8
|
|t:|1648773012
|move|p2a: Calyrex|Astral Barrage|p1a: Sebastion
|-damage|p1a: Sebastion|19/100 par
|move|p1a: Sebastion|Dragon Ascent|p2a: Calyrex
|-enditem|p2a: Calyrex|Focus Sash
|-damage|p2a: Calyrex|1/100
|-unboost|p1a: Sebastion|def|1
|-unboost|p1a: Sebastion|spd|1
|-damage|p1a: Sebastion|9/100 par|[from] item: Life Orb
|
|-weather|DeltaStream|[upkeep]
|upkeep
|turn|9
|
|t:|1648773021
|move|p2a: Calyrex|Astral Barrage|p1a: Sebastion
|-damage|p1a: Sebastion|0 fnt
|faint|p1a: Sebastion
|-weather|none
|-ability|p2a: Calyrex|Grim Neigh|boost
|-boost|p2a: Calyrex|spa|1
|
|upkeep
|
|t:|1648773024
|switch|p1a: George|Calyrex-Shadow|100/100
|-ability|p1a: George|As One
|-ability|p1a: George|Unnerve
|turn|10
|
|t:|1648773031
|move|p1a: George|Astral Barrage|p2a: Calyrex
|-supereffective|p2a: Calyrex
|-damage|p2a: Calyrex|0 fnt
|faint|p2a: Calyrex
|-ability|p1a: George|Grim Neigh|boost
|-boost|p1a: George|spa|1
|
|upkeep
|
|t:|1648773033
|switch|p2a: Deoxys|Deoxys-Speed|1/100
|-ability|p2a: Deoxys|Pressure
|turn|11
|
|t:|1648773036
|move|p1a: George|Astral Barrage|p2a: Deoxys
|-supereffective|p2a: Deoxys
|-damage|p2a: Deoxys|0 fnt
|faint|p2a: Deoxys
|-ability|p1a: George|Grim Neigh|boost
|-boost|p1a: George|spa|1
|
|upkeep
|
|t:|1648773043
|switch|p2a: Xerneas|Xerneas|100/100
|-ability|p2a: Xerneas|Fairy Aura
|turn|12
|
|t:|1648773050
|-start|p1a: George|Dynamax|
|-heal|p1a: George|100/100|[silent]
|move|p1a: George|Max Phantasm|p2a: Xerneas
|-damage|p2a: Xerneas|0 fnt
|faint|p2a: Xerneas
|-ability|p1a: George|Grim Neigh|boost
|-boost|p1a: George|spa|1
|
|upkeep
|
|t:|1648773057
|switch|p2a: Lugia|Lugia|100/100
|turn|13
|
|t:|1648773063
|move|p1a: George|Max Phantasm|p2a: Lugia
|-supereffective|p2a: Lugia
|-damage|p2a: Lugia|0 fnt
|faint|p2a: Lugia
|-ability|p1a: George|Grim Neigh|boost
|-boost|p1a: George|spa|1
|
|upkeep
|-message|xLeonisx forfeited.
|
|win|Demon From Discord
|raw|Demon From Discord's rating: 1568 &rarr; <strong>1590</strong><br />(+22 for winning)
|raw|xLeonisx's rating: 1599 &rarr; <strong>1577</strong><br />(-22 for losing)
|l|!xLeonisx
||Ladder isn't responding, score probably updated but might not have (Request timeout).
