|j|☆1WeedBeard
|j|☆WarreirAqua
|inactive|Battle timer is ON: inactive players will automatically lose when time's up.
|t:|1603238184
|player|p1|1WeedBeard|zinzolin|
|player|p2|WarreirAqua|steven|
|teamsize|p1|6
|teamsize|p2|6
|gametype|singles
|gen|8
|tier|[Gen 8] National Dex AG
|rated|Tournament battle
|clearpoke
|poke|p1|Zacian-Crowned|
|poke|p1|Tyranitar, M|
|poke|p1|Arceus-*|
|poke|p1|Smeargle, M|
|poke|p1|Groudon|
|poke|p1|Ditto|
|poke|p2|Arceus-*|
|poke|p2|Groudon|
|poke|p2|Melmetal|
|poke|p2|Lunala|
|poke|p2|Zacian-Crowned|
|poke|p2|Lugia|
|rule|HP Percentage Mod: HP is shown in percentages
|rule|Endless Battle Clause: Forcing endless battles is banned
|teampreview
|j| Bunda Gorda
|c|☆WarreirAqua|Esse precioso dnv
|inactive|WarreirAqua has 120 seconds left.
|
|t:|1603238223
|start
|switch|p1a: Smeargle|Smeargle, M|100/100
|switch|p2a: Zacian|Zacian-Crowned|100/100
|-ability|p2a: Zacian|Intrepid Sword|boost
|-boost|p2a: Zacian|atk|1
|turn|1
|
|t:|1603238236
|move|p2a: Zacian|Crunch|p1a: Smeargle
|-enditem|p1a: Smeargle|Focus Sash
|-damage|p1a: Smeargle|1/100
|move|p1a: Smeargle|Spore|p2a: Zacian
|-status|p2a: Zacian|slp|[from] move: Spore
|
|-ability|p1a: Smeargle|Moody|boost
|-boost|p1a: Smeargle|spe|2
|-unboost|p1a: Smeargle|atk|1
|upkeep
|turn|2
|
|t:|1603238248
|switch|p2a: Arceus|Arceus|100/100
|move|p1a: Smeargle|Sticky Web|p2a: Arceus
|-sidestart|p2: WarreirAqua|move: Sticky Web
|
|-ability|p1a: Smeargle|Moody|boost
|-boost|p1a: Smeargle|spd|2
|-unboost|p1a: Smeargle|atk|1
|upkeep
|turn|3
|
|t:|1603238255
|switch|p1a: Arceus-Normal|Arceus-Ghost|100/100
|move|p2a: Arceus|Extreme Speed|p1a: Arceus-Normal
|-immune|p1a: Arceus-Normal
|
|upkeep
|turn|4
|
|t:|1603238264
|-start|p1a: Arceus-Normal|Dynamax
|-heal|p1a: Arceus-Normal|100/100|[silent]
|move|p2a: Arceus|Swords Dance|p2a: Arceus
|-boost|p2a: Arceus|atk|2
|move|p1a: Arceus-Normal|Max Knuckle|p2a: Arceus
|-supereffective|p2a: Arceus
|-damage|p2a: Arceus|59/100
|-boost|p1a: Arceus-Normal|atk|1
|-enditem|p2a: Arceus|Weakness Policy
|-boost|p2a: Arceus|atk|2|[from] item: Weakness Policy
|-boost|p2a: Arceus|spa|2|[from] item: Weakness Policy
|
|upkeep
|turn|5
|c|☆WarreirAqua|E acho q vc morreu
|
|t:|1603238289
|-start|p2a: Arceus|Dynamax
|-heal|p2a: Arceus|59/100|[silent]
|move|p2a: Arceus|Max Phantasm|p1a: Arceus-Normal
|-supereffective|p1a: Arceus-Normal
|-crit|p1a: Arceus-Normal
|-damage|p1a: Arceus-Normal|0 fnt
|faint|p1a: Arceus-Normal
|
|upkeep
|c|☆1WeedBeard|eu tbm acho q morri
|j| minelol12
|
|t:|1603238306
|switch|p1a: Smeargle|Smeargle, M|1/100
|turn|6
|c| minelol12|boa sorte aos dois
|
|t:|1603238312
|move|p2a: Arceus|Max Quake|p1a: Smeargle
|-damage|p1a: Smeargle|0 fnt
|-boost|p2a: Arceus|spd|1
|faint|p1a: Smeargle
|
|upkeep
|
|t:|1603238317
|switch|p1a: Tyranitar|Tyranitar, M|100/100
|-weather|Sandstorm|[from] ability: Sand Stream|[of] p1a: Tyranitar
|turn|7
|c|☆WarreirAqua|Obg
|c| minelol12|quem ganhará? quem vencerá?
|j| EdgySW
|c|☆1WeedBeard|dnd XD
|c|☆WarreirAqua|Deveria ter tacado zacian
|c| minelol12|quem levantará o troféu?
|
|t:|1603238336
|detailschange|p1a: Tyranitar|Tyranitar-Mega, M
|-mega|p1a: Tyranitar|Tyranitar|Tyranitarite
|move|p2a: Arceus|Max Quake|p1a: Tyranitar
|-supereffective|p1a: Tyranitar
|-damage|p1a: Tyranitar|0 fnt
|-boost|p2a: Arceus|spd|1
|faint|p1a: Tyranitar
|
|-weather|Sandstorm|[upkeep]
|-damage|p2a: Arceus|55/100|[from] Sandstorm
|-end|p2a: Arceus|Dynamax
|-heal|p2a: Arceus|56/100|[silent]
|upkeep
|
|t:|1603238349
|switch|p1a: Ditto|Ditto|100/100
|-transform|p1a: Ditto|p2a: Arceus|[from] ability: Imposter
|turn|8
|c|☆WarreirAqua|Ele teria um golpe de 300 de dano
|
|t:|1603238357
|move|p1a: Ditto|Extreme Speed|p2a: Arceus
|-damage|p2a: Arceus|0 fnt
|faint|p2a: Arceus
|
|-weather|Sandstorm|[upkeep]
|-damage|p1a: Ditto|95/100|[from] Sandstorm
|upkeep
|j| Artzao
|
|t:|1603238365
|switch|p2a: Melmetal|Melmetal|100/100
|-activate|p2a: Melmetal|move: Sticky Web
|-unboost|p2a: Melmetal|spe|1
|turn|9
|j| i'mjeffthekiller
|
|t:|1603238369
|move|p1a: Ditto|Earthquake|p2a: Melmetal
|-supereffective|p2a: Melmetal
|-damage|p2a: Melmetal|0 fnt
|faint|p2a: Melmetal
|
|-weather|Sandstorm|[upkeep]
|-damage|p1a: Ditto|89/100|[from] Sandstorm
|upkeep
|c| Artzao|glhf vcs 2
|c| EdgySW|Fake scarf
|c| EdgySW|Boa
|c|☆WarreirAqua|Pq nao e choice
|c| Artzao|srry,cheguei agr
|c| Artzao|kk
|inactive|WarreirAqua has 120 seconds left.
|
|t:|1603238409
|switch|p2a: Lugia|Lugia|100/100
|turn|10
|inactive|WarreirAqua has 120 seconds left.
|
|t:|1603238419
|move|p1a: Ditto|Shadow Claw|p2a: Lugia
|-supereffective|p2a: Lugia
|-damage|p2a: Lugia|63/100
|move|p2a: Lugia|Defog|p1a: Ditto
|-unboost|p1a: Ditto|evasion|1
|-sideend|p2: WarreirAqua|Sticky Web|[from] move: Defog|[of] p2a: Lugia
|
|-weather|Sandstorm|[upkeep]
|-damage|p1a: Ditto|83/100|[from] Sandstorm
|-damage|p2a: Lugia|57/100|[from] Sandstorm
|upkeep
|turn|11
|inactive|WarreirAqua has 120 seconds left.
|j| Buko3k
|c| EdgySW|Wtf
|c| EdgySW|Lugia broken
|
|t:|1603238435
|switch|p2a: Zacian|Zacian-Crowned|100/100 slp
|-ability|p2a: Zacian|Intrepid Sword|boost
|-boost|p2a: Zacian|atk|1
|move|p1a: Ditto|Shadow Claw|p2a: Zacian
|-damage|p2a: Zacian|32/100 slp
|
|-weather|none
|upkeep
|turn|12
|l| Artzao
|
|t:|1603238446
|cant|p2a: Zacian|slp
|move|p1a: Ditto|Shadow Claw|p2a: Zacian
|-damage|p2a: Zacian|0 fnt
|faint|p2a: Zacian
|
|upkeep
|c|☆WarreirAqua|Durmionho
|
|t:|1603238462
|switch|p2a: Lunala|Lunala|100/100
|turn|13
|
|t:|1603238471
|move|p1a: Ditto|Shadow Claw|p2a: Lunala
|-supereffective|p2a: Lunala
|-damage|p2a: Lunala|0 fnt
|faint|p2a: Lunala
|
|upkeep
|c|☆WarreirAqua|Odeio ditto
|c| i'mjeffthekiller|que delicia
|c| i'mjeffthekiller|kkk
|c|☆WarreirAqua|Ele e uma bosta
|
|t:|1603238488
|switch|p2a: Groudon|Groudon|100/100
|detailschange|p2a: Groudon|Groudon-Primal
|-primal|p2a: Groudon
|-weather|DesolateLand|[from] ability: Desolate Land|[of] p2a: Groudon
|turn|14
|
|t:|1603238493
|-weather|none
|switch|p2a: Lugia|Lugia|57/100
|move|p1a: Ditto|Earthquake|p2a: Lugia
|-immune|p2a: Lugia
|
|upkeep
|turn|15
|
|t:|1603238505
|move|p1a: Ditto|Shadow Claw|p2a: Lugia
|-supereffective|p2a: Lugia
|-damage|p2a: Lugia|0 fnt
|faint|p2a: Lugia
|
|upkeep
|c| Buko3k|só nn usufruir de sweepers
|
|t:|1603238511
|switch|p2a: Groudon|Groudon-Primal|100/100
|-weather|DesolateLand|[from] ability: Desolate Land|[of] p2a: Groudon
|turn|16
|c|☆1WeedBeard|ganhei na cagada será?
|c|☆WarreirAqua|Buko nao da parça
|j| The God Of Raikou
|inactive|WarreirAqua has 90 seconds left.
|c|☆WarreirAqua|Weed vc ganhou pois usou uma bosfa q deveria ser banida
|c|☆WarreirAqua|Em ubers
|c| EdgySW|Kkkkkkk
|c|☆1WeedBeard|desculpa =(
|c| i'mjeffthekiller|lol
|c| EdgySW|S a l t
|c|☆WarreirAqua|Vc nao pode sweepa em paz
|c| Buko3k|o cara usando full lendario e reclama de ditto
|inactive|WarreirAqua has 60 seconds left.
|c|☆WarreirAqua|Tanto q e deficil vc upa ainda sweepa
|c|☆WarreirAqua|Ai vem essa merda
|c|☆WarreirAqua|E top viu (para nao falar fod...)
|inactive|WarreirAqua has 30 seconds left.
|c|☆1WeedBeard|eu uso ele sash pq é pra aguentar o primeiro hit só XD
|
|t:|1603238598
|move|p1a: Ditto|Earthquake|p2a: Groudon
|-supereffective|p2a: Groudon
|-damage|p2a: Groudon|0 fnt
|faint|p2a: Groudon
|-weather|none
|
|win|1WeedBeard
|l| The God Of Raikou
|c|☆WarreirAqua|Mds
|l| EdgySW
|l|☆WarreirAqua
|c|☆1WeedBeard|gg
|l|☆1WeedBeard
|l| Buko3k
|l| i'mjeffthekiller
|l| Bunda Gorda
