|j|☆Batman Magic
|j|☆DJ Phoenix da Poet
|t:|1656115392
|gametype|singles
|player|p1|Batman Magic|cogita|1758
|player|p2|DJ Phoenix da Poet|iris-gen5bw2|1718
|teamsize|p1|6
|teamsize|p2|6
|gen|8
|tier|[Gen 8] National Dex AG
|rated|
|rule|HP Percentage Mod: HP is shown in percentages
|rule|Endless Battle Clause: Forcing endless battles is banned
|clearpoke
|poke|p1|Groudon|
|poke|p1|Arceus-*|
|poke|p1|Kyogre|
|poke|p1|Arceus-*|
|poke|p1|Gengar, F|
|poke|p1|Arceus-*|
|poke|p2|Necrozma-Dusk-Mane|
|poke|p2|Calyrex-Shadow|
|poke|p2|Zacian-*|
|poke|p2|Groudon|
|poke|p2|Ditto|
|poke|p2|Yveltal|
|teampreview
|inactive|Battle timer is ON: inactive players will automatically lose when time's up. (requested by Batman Magic)
|
|t:|1656115399
|start
|switch|p1a: Vader|Gengar, F, shiny|100/100
|switch|p2a: Yveltal|Yveltal|100/100
|-ability|p2a: Yveltal|Dark Aura
|turn|1
|
|t:|1656115404
|detailschange|p1a: Vader|Gengar-Mega, F, shiny
|-mega|p1a: Vader|Gengar|Gengarite
|-start|p2a: Yveltal|Dynamax|
|-heal|p2a: Yveltal|100/100|[silent]
|move|p1a: Vader|Substitute|p1a: Vader
|-start|p1a: Vader|Substitute
|-damage|p1a: Vader|76/100
|move|p2a: Yveltal|Max Airstream|p1a: Vader
|-end|p1a: Vader|Substitute
|-boost|p2a: Yveltal|spe|1
|-damage|p2a: Yveltal|96/100|[from] item: Life Orb
|
|upkeep
|turn|2
|
|t:|1656115414
|switch|p1a: Ahsoka|Arceus-Dark|100/100
|move|p2a: Yveltal|Max Airstream|p1a: Ahsoka
|-damage|p1a: Ahsoka|55/100
|-boost|p2a: Yveltal|spe|1
|-damage|p2a: Yveltal|91/100|[from] item: Life Orb
|
|upkeep
|turn|3
|
|t:|1656115434
|move|p2a: Yveltal|Max Airstream|p1a: Ahsoka
|-damage|p1a: Ahsoka|9/100
|-boost|p2a: Yveltal|spe|1
|-damage|p2a: Yveltal|86/100|[from] item: Life Orb
|move|p1a: Ahsoka|Recover|p1a: Ahsoka
|-heal|p1a: Ahsoka|59/100
|
|upkeep
|-end|p2a: Yveltal|Dynamax
|-heal|p2a: Yveltal|86/100|[silent]
|turn|4
|
|t:|1656115440
|move|p2a: Yveltal|Taunt|p1a: Ahsoka
|-start|p1a: Ahsoka|move: Taunt
|cant|p1a: Ahsoka|move: Taunt|Recover
|
|upkeep
|turn|5
|
|t:|1656115458
|switch|p1a: Obi-Wan|Arceus-Ground|100/100
|move|p2a: Yveltal|Oblivion Wing|p1a: Obi-Wan
|-damage|p1a: Obi-Wan|62/100
|-heal|p2a: Yveltal|100/100|[from] drain|[of] p1a: Obi-Wan
|-damage|p2a: Yveltal|91/100|[from] item: Life Orb
|
|upkeep
|turn|6
|c|☆DJ Phoenix da Poet|Jedi ?
|
|t:|1656115476
|move|p2a: Yveltal|Taunt|p1a: Obi-Wan
|-start|p1a: Obi-Wan|move: Taunt
|cant|p1a: Obi-Wan|move: Taunt|Thunder Wave
|
|upkeep
|turn|7
|
|t:|1656115494
|switch|p1a: Ahsoka|Arceus-Dark|59/100
|move|p2a: Yveltal|Oblivion Wing|p1a: Ahsoka
|-damage|p1a: Ahsoka|28/100
|-heal|p2a: Yveltal|100/100|[from] drain|[of] p1a: Ahsoka
|-damage|p2a: Yveltal|91/100|[from] item: Life Orb
|
|upkeep
|turn|8
|c|☆Batman Magic|y
|
|t:|1656115500
|move|p2a: Yveltal|Oblivion Wing|p1a: Ahsoka
|-damage|p1a: Ahsoka|0 fnt
|-heal|p2a: Yveltal|100/100|[from] drain|[of] p1a: Ahsoka
|faint|p1a: Ahsoka
|-damage|p2a: Yveltal|91/100|[from] item: Life Orb
|
|upkeep
|
|t:|1656115506
|switch|p1a: Mandalorian|Kyogre|100/100
|-weather|RainDance|[from] ability: Drizzle|[of] p1a: Mandalorian
|turn|9
|
|t:|1656115512
|move|p2a: Yveltal|Oblivion Wing|p1a: Mandalorian
|-damage|p1a: Mandalorian|60/100
|-heal|p2a: Yveltal|100/100|[from] drain|[of] p1a: Mandalorian
|-damage|p2a: Yveltal|91/100|[from] item: Life Orb
|move|p1a: Mandalorian|Thunder|p2a: Yveltal
|-supereffective|p2a: Yveltal
|-damage|p2a: Yveltal|17/100
|
|-weather|RainDance|[upkeep]
|upkeep
|turn|10
|
|t:|1656115518
|move|p2a: Yveltal|Oblivion Wing|p1a: Mandalorian
|-damage|p1a: Mandalorian|20/100
|-heal|p2a: Yveltal|44/100|[from] drain|[of] p1a: Mandalorian
|-damage|p2a: Yveltal|34/100|[from] item: Life Orb
|move|p1a: Mandalorian|Thunder|p2a: Yveltal
|-supereffective|p2a: Yveltal
|-damage|p2a: Yveltal|0 fnt
|faint|p2a: Yveltal
|
|-weather|RainDance|[upkeep]
|upkeep
|
|t:|1656115526
|switch|p2a: Calyrex|Calyrex-Shadow|100/100
|-ability|p2a: Calyrex|As One
|-ability|p2a: Calyrex|Unnerve
|turn|11
|
|t:|1656115532
|move|p1a: Mandalorian|Thunder|p2a: Calyrex
|-damage|p2a: Calyrex|55/100
|move|p2a: Calyrex|Astral Barrage|p1a: Mandalorian
|-damage|p1a: Mandalorian|0 fnt
|faint|p1a: Mandalorian
|-ability|p2a: Calyrex|Grim Neigh|boost
|-boost|p2a: Calyrex|spa|1
|
|-weather|RainDance|[upkeep]
|upkeep
|
|t:|1656115539
|switch|p1a: Grogu|Arceus-Flying|100/100
|turn|12
|
|t:|1656115545
|-start|p1a: Grogu|Dynamax|
|-heal|p1a: Grogu|100/100|[silent]
|move|p2a: Calyrex|Astral Barrage|p1a: Grogu
|-damage|p1a: Grogu|63/100
|move|p1a: Grogu|Max Airstream|p2a: Calyrex
|-damage|p2a: Calyrex|0 fnt
|-boost|p1a: Grogu|spe|1
|faint|p2a: Calyrex
|
|-weather|RainDance|[upkeep]
|upkeep
|
|t:|1656115560
|switch|p2a: Necrozma|Necrozma-Dusk-Mane|100/100
|turn|13
|
|t:|1656115563
|move|p1a: Grogu|Max Quake|p2a: Necrozma
|-supereffective|p2a: Necrozma
|-damage|p2a: Necrozma|59/100
|-boost|p1a: Grogu|spd|1
|-enditem|p2a: Necrozma|Weakness Policy
|-boost|p2a: Necrozma|atk|2|[from] item: Weakness Policy
|-boost|p2a: Necrozma|spa|2|[from] item: Weakness Policy
|move|p2a: Necrozma|Trick Room|p2a: Necrozma
|-fieldstart|move: Trick Room|[of] p2a: Necrozma
|
|-weather|none
|upkeep
|turn|14
|
|t:|1656115569
|move|p1a: Grogu|Max Guard|p1a: Grogu
|-singleturn|p1a: Grogu|Max Guard
|move|p2a: Necrozma|Photon Geyser|p1a: Grogu
|-activate|p1a: Grogu|move: Max Guard
|
|upkeep
|-end|p1a: Grogu|Dynamax
|-heal|p1a: Grogu|63/100|[silent]
|turn|15
|
|t:|1656115573
|move|p2a: Necrozma|Sunsteel Strike|p1a: Grogu
|-damage|p1a: Grogu|0 fnt
|faint|p1a: Grogu
|
|upkeep
|
|t:|1656115579
|switch|p1a: Yoda|Groudon, shiny|100/100
|detailschange|p1a: Yoda|Groudon-Primal, shiny
|-primal|p1a: Yoda
|-weather|DesolateLand|[from] ability: Desolate Land|[of] p1a: Yoda
|turn|16
|
|t:|1656115583
|move|p2a: Necrozma|Earthquake|p1a: Yoda
|-supereffective|p1a: Yoda
|-damage|p1a: Yoda|23/100
|move|p1a: Yoda|Earthquake|p2a: Necrozma
|-supereffective|p2a: Necrozma
|-damage|p2a: Necrozma|0 fnt
|faint|p2a: Necrozma
|
|-weather|DesolateLand|[upkeep]
|upkeep
|c|☆DJ Phoenix da Poet|Yoda it is
|
|t:|1656115597
|switch|p2a: Groudon|Groudon|100/100
|detailschange|p2a: Groudon|Groudon-Primal
|-primal|p2a: Groudon
|turn|17
|
|t:|1656115599
|move|p1a: Yoda|Earthquake|p2a: Groudon
|-supereffective|p2a: Groudon
|-damage|p2a: Groudon|21/100
|move|p2a: Groudon|Fire Punch|p1a: Yoda
|-resisted|p1a: Yoda
|-damage|p1a: Yoda|7/100
|
|-weather|DesolateLand|[upkeep]
|-fieldend|move: Trick Room
|upkeep
|turn|18
|
|t:|1656115602
|move|p2a: Groudon|Fire Punch|p1a: Yoda
|-resisted|p1a: Yoda
|-damage|p1a: Yoda|0 fnt
|faint|p1a: Yoda
|
|-weather|DesolateLand|[upkeep]
|upkeep
|
|t:|1656115608
|switch|p1a: Vader|Gengar-Mega, F, shiny|76/100
|turn|19
|
|t:|1656115612
|move|p1a: Vader|Shadow Ball|p2a: Groudon
|-damage|p2a: Groudon|0 fnt
|faint|p2a: Groudon
|-weather|none
|
|upkeep
|
|t:|1656115615
|switch|p2a: Zacian|Zacian-Crowned|100/100
|-ability|p2a: Zacian|Intrepid Sword|boost
|-boost|p2a: Zacian|atk|1
|turn|20
|
|t:|1656115620
|move|p2a: Zacian|Behemoth Blade|p1a: Vader
|-damage|p1a: Vader|0 fnt
|faint|p1a: Vader
|
|upkeep
|
|t:|1656115622
|switch|p1a: Obi-Wan|Arceus-Ground|62/100
|turn|21
|
|t:|1656115628
|move|p2a: Zacian|Sacred Sword|p1a: Obi-Wan
|-damage|p1a: Obi-Wan|34/100
|-zpower|p1a: Obi-Wan
|move|p1a: Obi-Wan|Tectonic Rage|p2a: Zacian|[zeffect]
|-supereffective|p2a: Zacian
|-damage|p2a: Zacian|0 fnt
|faint|p2a: Zacian
|
|upkeep
|
|t:|1656115633
|switch|p2a: Ditto|Ditto|100/100
|-transform|p2a: Ditto|p1a: Obi-Wan|[from] ability: Imposter
|turn|22
|
|t:|1656115642
|move|p1a: Obi-Wan|Earthquake|p2a: Ditto
|-damage|p2a: Ditto|72/100
|move|p2a: Ditto|Earthquake|p1a: Obi-Wan
|-damage|p1a: Obi-Wan|13/100
|
|upkeep
|turn|23
|
|t:|1656115647
|move|p2a: Ditto|Earthquake|p1a: Obi-Wan
|-damage|p1a: Obi-Wan|0 fnt
|faint|p1a: Obi-Wan
|
|win|DJ Phoenix da Poet
|raw|Batman Magic's rating: 1758 &rarr; <strong>1736</strong><br />(-22 for losing)
|raw|DJ Phoenix da Poet's rating: 1718 &rarr; <strong>1740</strong><br />(+22 for winning)
|c|☆Batman Magic|gg
|l|☆Batman Magic
||Ladder isn't responding, score probably updated but might not have (Request timeout).
