|j|☆Naofumi_Bakugo_Jax
|j|☆Pithoulas
|t:|1665314750
|gametype|singles
|player|p1|Naofumi_Bakugo_Jax|blue|1613
|player|p2|Pithoulas|sabrina|1569
|teamsize|p1|6
|teamsize|p2|6
|gen|8
|tier|[Gen 8] National Dex AG
|rated|
|rule|HP Percentage Mod: HP is shown in percentages
|rule|Endless Battle Clause: Forcing endless battles is banned
|clearpoke
|poke|p1|Zacian-*|
|poke|p1|Calyrex-Shadow|
|poke|p1|Yveltal|
|poke|p1|Arceus-*|
|poke|p1|Swampert, M|
|poke|p1|Kyogre|
|poke|p2|Galvantula, F|
|poke|p2|Quagsire, F|
|poke|p2|Darmanitan-Galar, M|
|poke|p2|Ho-Oh|
|poke|p2|Diancie|
|poke|p2|Lilligant, F|
|teampreview
|
|t:|1665314762
|start
|switch|p1a: Arceus|Arceus, shiny|100/100
|switch|p2a: Darmanitan|Darmanitan-Galar, M|100/100
|turn|1
|
|t:|1665314777
|move|p2a: Darmanitan|U-turn|p1a: Arceus
|-damage|p1a: Arceus|73/100
|
|t:|1665314780
|switch|p2a: Diancie|Diancie|100/100|[from]move: U-turn
|move|p1a: Arceus|Reflect|p1a: Arceus
|-sidestart|p1: Naofumi_Bakugo_Jax|Reflect
|
|upkeep
|turn|2
|
|t:|1665314791
|detailschange|p2a: Diancie|Diancie-Mega
|-mega|p2a: Diancie|Diancie|Diancite
|move|p2a: Diancie|Encore|p1a: Arceus
|-start|p1a: Arceus|Encore
|move|p1a: Arceus|Reflect||[still]
|-fail|p1a: Arceus
|
|upkeep
|turn|3
|inactive|Battle timer is ON: inactive players will automatically lose when time's up. (requested by Pithoulas)
|
|t:|1665314831
|switch|p1a: Zacian|Zacian-Crowned|100/100
|-ability|p1a: Zacian|Intrepid Sword|boost
|-boost|p1a: Zacian|atk|1
|move|p2a: Diancie|Moonblast|p1a: Zacian
|-resisted|p1a: Zacian
|-damage|p1a: Zacian|78/100
|
|upkeep
|turn|4
|
|t:|1665314839
|switch|p2a: Ho-Oh|Ho-Oh|100/100
|move|p1a: Zacian|Behemoth Blade|p2a: Ho-Oh
|-resisted|p2a: Ho-Oh
|-damage|p2a: Ho-Oh|52/100
|
|upkeep
|turn|5
|
|t:|1665314847
|switch|p2a: Quagsire|Quagsire, F|100/100
|move|p1a: Zacian|Wild Charge|p2a: Quagsire
|-immune|p2a: Quagsire
|
|upkeep
|turn|6
|
|t:|1665314865
|switch|p1a: Kyogre|Kyogre|100/100
|-weather|RainDance|[from] ability: Drizzle|[of] p1a: Kyogre
|move|p2a: Quagsire|Scald|p1a: Kyogre
|-resisted|p1a: Kyogre
|-damage|p1a: Kyogre|90/100
|
|-weather|RainDance|[upkeep]
|upkeep
|turn|7
|c|☆Pithoulas|Oh god
|c|☆Pithoulas|Its scarfed
|
|t:|1665314883
|switch|p2a: Ho-Oh|Ho-Oh|85/100
|move|p1a: Kyogre|Hidden Power|p2a: Ho-Oh
|-resisted|p2a: Ho-Oh
|-damage|p2a: Ho-Oh|82/100
|
|-weather|RainDance|[upkeep]
|upkeep
|turn|8
|
|t:|1665314894
|move|p1a: Kyogre|Hidden Power|p2a: Ho-Oh
|-resisted|p2a: Ho-Oh
|-damage|p2a: Ho-Oh|79/100
|move|p2a: Ho-Oh|Sacred Fire|p1a: Kyogre|[miss]
|-miss|p2a: Ho-Oh|p1a: Kyogre
|
|-weather|RainDance|[upkeep]
|-sideend|p1: Naofumi_Bakugo_Jax|Reflect
|upkeep
|turn|9
|
|t:|1665314906
|-start|p1a: Kyogre|Dynamax|
|-heal|p1a: Kyogre|90/100|[silent]
|move|p2a: Ho-Oh|Sacred Fire|p1a: Kyogre
|-resisted|p1a: Kyogre
|-damage|p1a: Kyogre|84/100
|move|p1a: Kyogre|Max Geyser|p2a: Ho-Oh
|-supereffective|p2a: Ho-Oh
|-damage|p2a: Ho-Oh|0 fnt
|faint|p2a: Ho-Oh
|
|-weather|RainDance|[upkeep]
|upkeep
|
|t:|1665314916
|switch|p2a: Galvantula|Galvantula, F|100/100
|turn|10
|
|t:|1665314938
|move|p2a: Galvantula|Thunder Wave|p1a: Kyogre
|-status|p1a: Kyogre|par
|cant|p1a: Kyogre|par
|
|-weather|none
|upkeep
|turn|11
|
|t:|1665314943
|move|p2a: Galvantula|Sticky Web|p1a: Kyogre
|-sidestart|p1: Naofumi_Bakugo_Jax|move: Sticky Web
|move|p1a: Kyogre|Max Geyser|p2a: Galvantula
|-enditem|p2a: Galvantula|Focus Sash
|-damage|p2a: Galvantula|1/100
|-weather|RainDance
|
|-weather|RainDance|[upkeep]
|upkeep
|-end|p1a: Kyogre|Dynamax
|-heal|p1a: Kyogre|84/100 par|[silent]
|turn|12
|
|t:|1665314952
|move|p2a: Galvantula|Thunder|p1a: Kyogre
|-supereffective|p1a: Kyogre
|-damage|p1a: Kyogre|17/100 par
|move|p1a: Kyogre|Hidden Power|p2a: Galvantula
|-resisted|p2a: Galvantula
|-damage|p2a: Galvantula|0 fnt
|faint|p2a: Galvantula
|
|-weather|RainDance|[upkeep]
|upkeep
|
|t:|1665314975
|switch|p2a: Lilligant|Lilligant, F|100/100
|turn|13
|
|t:|1665314984
|switch|p1a: Arceus|Arceus, shiny|73/100
|-activate|p1a: Arceus|move: Sticky Web
|-unboost|p1a: Arceus|spe|1
|move|p2a: Lilligant|Giga Drain|p1a: Arceus
|-damage|p1a: Arceus|50/100
|
|-weather|RainDance|[upkeep]
|upkeep
|turn|14
|
|t:|1665315006
|move|p1a: Arceus|Extreme Speed|p2a: Lilligant
|-damage|p2a: Lilligant|32/100
|move|p2a: Lilligant|Sleep Powder|p1a: Arceus
|-status|p1a: Arceus|slp|[from] move: Sleep Powder
|
|-weather|RainDance|[upkeep]
|upkeep
|turn|15
|inactive|Naofumi_Bakugo_Jax has 120 seconds left.
|
|t:|1665315040
|switch|p1a: Zacian|Zacian-Crowned|78/100
|-activate|p1a: Zacian|move: Sticky Web
|-unboost|p1a: Zacian|spe|1
|-ability|p1a: Zacian|Intrepid Sword|boost
|-boost|p1a: Zacian|atk|1
|move|p2a: Lilligant|Quiver Dance|p2a: Lilligant
|-boost|p2a: Lilligant|spa|1
|-boost|p2a: Lilligant|spd|1
|-boost|p2a: Lilligant|spe|1
|
|-weather|none
|upkeep
|turn|16
|
|t:|1665315051
|move|p1a: Zacian|Quick Attack|p2a: Lilligant
|-damage|p2a: Lilligant|0 fnt
|faint|p2a: Lilligant
|
|upkeep
|
|t:|1665315055
|switch|p2a: Darmanitan|Darmanitan-Galar, M|100/100
|turn|17
|inactive|Naofumi_Bakugo_Jax has 120 seconds left.
|
|t:|1665315064
|switch|p1a: Kyogre|Kyogre|17/100 par
|-activate|p1a: Kyogre|move: Sticky Web
|-unboost|p1a: Kyogre|spe|1
|-weather|RainDance|[from] ability: Drizzle|[of] p1a: Kyogre
|move|p2a: Darmanitan|Flare Blitz|p1a: Kyogre
|-resisted|p1a: Kyogre
|-damage|p1a: Kyogre|0 fnt
|faint|p1a: Kyogre
|-damage|p2a: Darmanitan|95/100|[from] Recoil
|
|-weather|RainDance|[upkeep]
|upkeep
|inactive|Naofumi_Bakugo_Jax has 120 seconds left.
|
|t:|1665315078
|switch|p1a: Swampert|Swampert, M|100/100
|-activate|p1a: Swampert|move: Sticky Web
|-unboost|p1a: Swampert|spe|1
|turn|18
|inactive|Naofumi_Bakugo_Jax has 120 seconds left.
|
|t:|1665315091
|switch|p2a: Diancie|Diancie-Mega|100/100
|detailschange|p1a: Swampert|Swampert-Mega, M
|-mega|p1a: Swampert|Swampert|Swampertite
|move|p1a: Swampert|Earthquake|p2a: Diancie
|-supereffective|p2a: Diancie
|-damage|p2a: Diancie|0 fnt
|faint|p2a: Diancie
|
|-weather|RainDance|[upkeep]
|upkeep
|c|☆Pithoulas|Oh
|
|t:|1665315105
|switch|p2a: Quagsire|Quagsire, F|100/100
|turn|19
|
|t:|1665315109
|move|p1a: Swampert|Yawn|p2a: Quagsire
|-start|p2a: Quagsire|move: Yawn|[of] p1a: Swampert
|move|p2a: Quagsire|Toxic|p1a: Swampert
|-status|p1a: Swampert|tox
|
|-weather|RainDance|[upkeep]
|-damage|p1a: Swampert|94/100 tox|[from] psn
|upkeep
|turn|20
|
|t:|1665315119
|move|p1a: Swampert|Earthquake|p2a: Quagsire
|-damage|p2a: Quagsire|62/100
|move|p2a: Quagsire|Scald|p1a: Swampert
|-damage|p1a: Swampert|68/100 tox
|
|-weather|RainDance|[upkeep]
|-heal|p2a: Quagsire|68/100|[from] item: Leftovers
|-damage|p1a: Swampert|56/100 tox|[from] psn
|-end|p2a: Quagsire|move: Yawn|[silent]
|-status|p2a: Quagsire|slp
|upkeep
|turn|21
|inactive|Naofumi_Bakugo_Jax has 120 seconds left.
|
|t:|1665315149
|switch|p1a: Calyrex|Calyrex-Shadow|100/100
|-ability|p1a: Calyrex|As One
|-ability|p1a: Calyrex|Unnerve
|-activate|p1a: Calyrex|move: Sticky Web
|-unboost|p1a: Calyrex|spe|1
|cant|p2a: Quagsire|slp
|
|-weather|none
|-heal|p2a: Quagsire|74/100 slp|[from] item: Leftovers
|upkeep
|turn|22
|
|t:|1665315161
|move|p1a: Calyrex|Astral Barrage|p2a: Quagsire
|-damage|p2a: Quagsire|0 fnt
|faint|p2a: Quagsire
|-ability|p1a: Calyrex|Grim Neigh|boost
|-boost|p1a: Calyrex|spa|1
|
|upkeep
|
|t:|1665315163
|switch|p2a: Darmanitan|Darmanitan-Galar, M|95/100
|turn|23
|
|t:|1665315174
|-start|p2a: Darmanitan|Dynamax|
|-heal|p2a: Darmanitan|95/100|[silent]
|move|p2a: Darmanitan|Max Quake|p1a: Calyrex
|-damage|p1a: Calyrex|41/100
|-boost|p2a: Darmanitan|spd|1
|move|p1a: Calyrex|Astral Barrage|p2a: Darmanitan
|-crit|p2a: Darmanitan
|-damage|p2a: Darmanitan|0 fnt
|faint|p2a: Darmanitan
|
|win|Naofumi_Bakugo_Jax
|raw|Naofumi_Bakugo_Jax's rating: 1613 &rarr; <strong>1630</strong><br />(+17 for winning)
|raw|Pithoulas's rating: 1569 &rarr; <strong>1552</strong><br />(-17 for losing)
|c|☆Pithoulas|Ouch
|l|☆Pithoulas
||Ladder isn't responding, score probably updated but might not have (Request timeout).
