|j|☆Maj1nV
|j|☆MurderousMantyke
|t:|1667142740
|gametype|singles
|player|p1|Maj1nV|bruno-gen3|
|player|p2|MurderousMantyke|#helpstaffxmas|
|teamsize|p1|6
|teamsize|p2|6
|gen|8
|tier|[Gen 8] National Dex AG
|rated|Tournament battle
|rule|HP Percentage Mod: HP is shown in percentages
|rule|Endless Battle Clause: Forcing endless battles is banned
|rule|Dynamax Clause: You cannot dynamax
|rule|Evasion Moves Clause: Evasion moves are banned
|rule|Mega Rayquaza Clause: You cannot mega evolve Rayquaza
|rule|OHKO Clause: OHKO moves are banned
|rule|Same Type Clause: Pokémon in a team must share a type
|rule|Sleep Clause Mod: Limit one foe put to sleep
|rule|Species Clause: Limit one of each Pokémon
|clearpoke
|poke|p1|Groudon|
|poke|p1|Landorus, M|
|poke|p1|Arceus-*|
|poke|p1|Zygarde|
|poke|p1|Garchomp, M|
|poke|p1|Swampert, F|
|poke|p2|Arceus-*|
|poke|p2|Ho-Oh|
|poke|p2|Landorus, M|
|poke|p2|Salamence, M|
|poke|p2|Yveltal|
|poke|p2|Lugia|
|teampreview
|c|☆MurderousMantyke|hf
|c|☆Maj1nV|Sup my boy?!
|c|☆MurderousMantyke|-w-
|
|t:|1667142760
|start
|switch|p1a: Zygarde|Zygarde|100/100
|switch|p2a: Lugia|Lugia|100/100
|turn|1
|inactive|Battle timer is ON: inactive players will automatically lose when time's up. (requested by Maj1nV)
|
|t:|1667142766
|move|p2a: Lugia|Ice Beam|p1a: Zygarde
|-supereffective|p1a: Zygarde
|-damage|p1a: Zygarde|26/100
|move|p1a: Zygarde|Glare|p2a: Lugia
|-status|p2a: Lugia|par
|
|-heal|p1a: Zygarde|32/100|[from] item: Leftovers
|-activate|p1a: Zygarde|ability: Power Construct
|detailschange|p1a: Zygarde|Zygarde-Complete
|-heal|p1a: Zygarde|58/100|[silent]
|upkeep
|turn|2
|
|t:|1667142778
|move|p1a: Zygarde|Substitute|p1a: Zygarde
|-start|p1a: Zygarde|Substitute
|-damage|p1a: Zygarde|33/100
|move|p2a: Lugia|Toxic||[still]
|-fail|p2a: Lugia
|
|-heal|p1a: Zygarde|39/100|[from] item: Leftovers
|upkeep
|turn|3
|
|t:|1667142781
|move|p1a: Zygarde|Dragon Dance|p1a: Zygarde
|-boost|p1a: Zygarde|atk|1
|-boost|p1a: Zygarde|spe|1
|move|p2a: Lugia|Ice Beam|p1a: Zygarde
|-supereffective|p1a: Zygarde
|-end|p1a: Zygarde|Substitute
|
|-heal|p1a: Zygarde|45/100|[from] item: Leftovers
|upkeep
|turn|4
|
|t:|1667142787
|move|p1a: Zygarde|Thousand Arrows|p2a: Lugia
|-damage|p2a: Lugia|83/100 par
|-start|p2a: Lugia|Smack Down
|cant|p2a: Lugia|par
|
|-heal|p1a: Zygarde|52/100|[from] item: Leftovers
|upkeep
|turn|5
|
|t:|1667142798
|move|p1a: Zygarde|Substitute|p1a: Zygarde
|-start|p1a: Zygarde|Substitute
|-damage|p1a: Zygarde|27/100
|move|p2a: Lugia|Whirlwind|p1a: Zygarde
|drag|p1a: Arceus|Arceus-Ground|100/100
|
|upkeep
|turn|6
|
|t:|1667142811
|move|p1a: Arceus|Calm Mind|p1a: Arceus
|-boost|p1a: Arceus|spa|1
|-boost|p1a: Arceus|spd|1
|move|p2a: Lugia|Toxic|p1a: Arceus
|-status|p1a: Arceus|tox
|
|-damage|p1a: Arceus|94/100 tox|[from] psn
|upkeep
|turn|7
|
|t:|1667142817
|move|p1a: Arceus|Calm Mind|p1a: Arceus
|-boost|p1a: Arceus|spa|1
|-boost|p1a: Arceus|spd|1
|move|p2a: Lugia|Roost|p2a: Lugia
|-heal|p2a: Lugia|100/100 par
|-singleturn|p2a: Lugia|move: Roost
|
|-damage|p1a: Arceus|82/100 tox|[from] psn
|upkeep
|turn|8
|
|t:|1667142820
|move|p1a: Arceus|Ice Beam|p2a: Lugia
|-supereffective|p2a: Lugia
|-damage|p2a: Lugia|70/100 par
|cant|p2a: Lugia|par
|
|-damage|p1a: Arceus|64/100 tox|[from] psn
|upkeep
|turn|9
|
|t:|1667142827
|move|p1a: Arceus|Ice Beam|p2a: Lugia
|-supereffective|p2a: Lugia
|-damage|p2a: Lugia|0 fnt
|faint|p2a: Lugia
|
|-damage|p1a: Arceus|40/100 tox|[from] psn
|upkeep
|
|t:|1667142837
|switch|p2a: Ho-Oh|Ho-Oh|100/100
|turn|10
|
|t:|1667142845
|move|p1a: Arceus|Recover|p1a: Arceus
|-heal|p1a: Arceus|90/100 tox
|move|p2a: Ho-Oh|Brave Bird|p1a: Arceus
|-damage|p1a: Arceus|49/100 tox
|-damage|p2a: Ho-Oh|88/100|[from] Recoil
|
|-damage|p1a: Arceus|18/100 tox|[from] psn
|upkeep
|turn|11
|inactive|MurderousMantyke has 120 seconds left.
|inactive|MurderousMantyke has 90 seconds left.
|j| trials11
|inactive|MurderousMantyke has 60 seconds left.
|
|t:|1667142942
|move|p1a: Arceus|Ice Beam|p2a: Ho-Oh
|-damage|p2a: Ho-Oh|61/100
|move|p2a: Ho-Oh|Brave Bird|p1a: Arceus
|-damage|p1a: Arceus|0 fnt
|faint|p1a: Arceus
|-damage|p2a: Ho-Oh|55/100|[from] Recoil
|
|upkeep
|
|t:|1667142958
|switch|p1a: Landorus|Landorus, M|100/100
|turn|12
|inactive|MurderousMantyke has 60 seconds left.
|
|t:|1667142973
|switch|p2a: Arceus|Arceus-Flying|100/100
|move|p1a: Landorus|Rock Polish|p1a: Landorus
|-boost|p1a: Landorus|spe|2
|
|upkeep
|turn|13
|
|t:|1667142980
|move|p1a: Landorus|Rock Slide|p2a: Arceus
|-supereffective|p2a: Arceus
|-damage|p2a: Arceus|55/100
|move|p2a: Arceus|Judgment|p1a: Landorus
|-damage|p1a: Landorus|31/100
|
|upkeep
|turn|14
|
|t:|1667142986
|move|p1a: Landorus|Rock Slide|p2a: Arceus
|-supereffective|p2a: Arceus
|-damage|p2a: Arceus|7/100
|move|p2a: Arceus|Judgment|p1a: Landorus
|-damage|p1a: Landorus|0 fnt
|faint|p1a: Landorus
|
|upkeep
|
|t:|1667142996
|switch|p1a: Garchomp|Garchomp, M|100/100
|turn|15
|
|t:|1667142999
|move|p1a: Garchomp|Stone Edge|p2a: Arceus
|-supereffective|p2a: Arceus
|-damage|p2a: Arceus|0 fnt
|faint|p2a: Arceus
|
|upkeep
|
|t:|1667143003
|switch|p2a: Landorus|Landorus, M|100/100
|turn|16
|
|t:|1667143006
|move|p1a: Garchomp|Stone Edge|p2a: Landorus|[miss]
|-miss|p1a: Garchomp|p2a: Landorus
|move|p2a: Landorus|Earth Power|p1a: Garchomp
|-damage|p1a: Garchomp|23/100
|
|upkeep
|turn|17
|
|t:|1667143009
|move|p1a: Garchomp|Stone Edge|p2a: Landorus
|-crit|p2a: Landorus
|-damage|p2a: Landorus|44/100
|move|p2a: Landorus|Earth Power|p1a: Garchomp
|-damage|p1a: Garchomp|0 fnt
|faint|p1a: Garchomp
|
|upkeep
|
|t:|1667143021
|switch|p1a: Swampert|Swampert, F|100/100
|turn|18
|
|t:|1667143024
|detailschange|p1a: Swampert|Swampert-Mega, F
|-mega|p1a: Swampert|Swampert|Swampertite
|move|p2a: Landorus|Earth Power|p1a: Swampert
|-damage|p1a: Swampert|62/100
|move|p1a: Swampert|Flip Turn|p2a: Landorus
|-supereffective|p2a: Landorus
|-damage|p2a: Landorus|0 fnt
|faint|p2a: Landorus
|
|t:|1667143038
|switch|p1a: Zygarde|Zygarde-Complete|27/100|[from]move: Flip Turn
|
|-heal|p1a: Zygarde|33/100|[from] item: Leftovers
|upkeep
|
|t:|1667143042
|switch|p2a: Yveltal|Yveltal|100/100
|-ability|p2a: Yveltal|Dark Aura
|turn|19
|
|t:|1667143046
|move|p2a: Yveltal|Dark Pulse|p1a: Zygarde
|-damage|p1a: Zygarde|0 fnt
|faint|p1a: Zygarde
|-damage|p2a: Yveltal|91/100|[from] item: Life Orb
|
|upkeep
|
|t:|1667143051
|switch|p1a: Swampert|Swampert-Mega, F|62/100
|turn|20
|
|t:|1667143056
|move|p2a: Yveltal|Dark Pulse|p1a: Swampert
|-damage|p1a: Swampert|20/100
|-damage|p2a: Yveltal|81/100|[from] item: Life Orb
|move|p1a: Swampert|Yawn|p2a: Yveltal
|-start|p2a: Yveltal|move: Yawn|[of] p1a: Swampert
|
|upkeep
|turn|21
|
|t:|1667143065
|switch|p2a: Ho-Oh|Ho-Oh|89/100
|move|p1a: Swampert|Stealth Rock|p2a: Ho-Oh
|-sidestart|p2: MurderousMantyke|move: Stealth Rock
|
|upkeep
|turn|22
|
|t:|1667143070
|move|p2a: Ho-Oh|Brave Bird|p1a: Swampert
|-damage|p1a: Swampert|0 fnt
|faint|p1a: Swampert
|-damage|p2a: Ho-Oh|82/100|[from] Recoil
|
|upkeep
|
|t:|1667143073
|switch|p1a: Groudon|Groudon|100/100
|detailschange|p1a: Groudon|Groudon-Primal
|-primal|p1a: Groudon
|-weather|DesolateLand|[from] ability: Desolate Land|[of] p1a: Groudon
|turn|23
|
|t:|1667143099
|move|p1a: Groudon|Swords Dance|p1a: Groudon
|-boost|p1a: Groudon|atk|2
|move|p2a: Ho-Oh|Brave Bird|p1a: Groudon
|-damage|p1a: Groudon|66/100
|-damage|p2a: Ho-Oh|73/100|[from] Recoil
|
|-weather|DesolateLand|[upkeep]
|upkeep
|turn|24
|
|t:|1667143105
|move|p1a: Groudon|Stone Edge|p2a: Ho-Oh|[miss]
|-miss|p1a: Groudon|p2a: Ho-Oh
|move|p2a: Ho-Oh|Brave Bird|p1a: Groudon
|-damage|p1a: Groudon|32/100
|-damage|p2a: Ho-Oh|64/100|[from] Recoil
|
|-weather|DesolateLand|[upkeep]
|upkeep
|turn|25
|c|☆MurderousMantyke|rip
|
|t:|1667143113
|move|p1a: Groudon|Stone Edge|p2a: Ho-Oh
|-supereffective|p2a: Ho-Oh
|-damage|p2a: Ho-Oh|0 fnt
|faint|p2a: Ho-Oh
|
|-weather|DesolateLand|[upkeep]
|upkeep
|inactive|MurderousMantyke has 120 seconds left.
|inactive|MurderousMantyke has 90 seconds left.
|
|t:|1667143186
|switch|p2a: Salamence|Salamence, M|100/100
|-damage|p2a: Salamence|76/100|[from] Stealth Rock
|-ability|p2a: Salamence|Intimidate|boost
|-unboost|p1a: Groudon|atk|1
|turn|26
|
|t:|1667143191
|detailschange|p2a: Salamence|Salamence-Mega, M
|-mega|p2a: Salamence|Salamence|Salamencite
|move|p2a: Salamence|Return|p1a: Groudon
|-damage|p1a: Groudon|0 fnt
|faint|p1a: Groudon
|-weather|none
|
|win|MurderousMantyke
|n|☆Maj1nV|maj1nv
|n|☆MurderousMantyke|murderousmantyke
|n| trials11|trials11
|c|☆MurderousMantyke|gg
|c|☆Maj1nV|Gg
|l|☆MurderousMantyke
|l|☆Maj1nV
|l| trials11
