|j|☆Acornion
|j|☆125114Ayan
|t:|1630603202
|gametype|singles
|player|p1|Acornion|giovanni|1555
|player|p2|125114Ayan|barry|1539
|teamsize|p1|6
|teamsize|p2|6
|gen|8
|tier|[Gen 8] National Dex AG
|rated|
|rule|HP Percentage Mod: HP is shown in percentages
|rule|Endless Battle Clause: Forcing endless battles is banned
|clearpoke
|poke|p1|Tyranitar, F|
|poke|p1|Excadrill, M|
|poke|p1|Rotom-Heat|
|poke|p1|Rillaboom, M|
|poke|p1|Landorus-Therian, M|
|poke|p1|Kyurem-White|
|poke|p2|Necrozma-Dusk-Mane|
|poke|p2|Charizard, M|
|poke|p2|Rillaboom, F|
|poke|p2|Mamoswine, M|
|poke|p2|Dragapult, F|
|poke|p2|Murkrow, M|
|teampreview
|inactive|Battle timer is ON: inactive players will automatically lose when time's up. (requested by Acornion)
|
|t:|1630603219
|start
|switch|p1a: Kyurem|Kyurem-White|100/100
|switch|p2a: Charizard|Charizard, M|100/100
|-ability|p1a: Kyurem|Turboblaze
|turn|1
|
|t:|1630603235
|switch|p2a: Mamoswine|Mamoswine, M|100/100
|move|p1a: Kyurem|Draco Meteor|p2a: Mamoswine
|-enditem|p2a: Mamoswine|Focus Sash
|-damage|p2a: Mamoswine|1/100
|-unboost|p1a: Kyurem|spa|2
|
|upkeep
|turn|2
|
|t:|1630603245
|move|p1a: Kyurem|Draco Meteor|p2a: Mamoswine
|-crit|p2a: Mamoswine
|-damage|p2a: Mamoswine|0 fnt
|-unboost|p1a: Kyurem|spa|2
|faint|p2a: Mamoswine
|
|upkeep
|
|t:|1630603251
|switch|p2a: Necrozma|Necrozma-Dusk-Mane|100/100
|turn|3
|
|t:|1630603256
|switch|p1a: Landorus|Landorus-Therian, M|100/100
|-ability|p1a: Landorus|Intimidate|boost
|-unboost|p2a: Necrozma|atk|1
|move|p2a: Necrozma|Dragon Dance|p2a: Necrozma
|-boost|p2a: Necrozma|atk|1
|-boost|p2a: Necrozma|spe|1
|
|upkeep
|turn|4
|
|t:|1630603264
|detailschange|p2a: Necrozma|Necrozma-Ultra
|-burst|p2a: Necrozma|Necrozma|Ultranecrozium Z
|move|p2a: Necrozma|Dragon Dance|p2a: Necrozma
|-boost|p2a: Necrozma|atk|1
|-boost|p2a: Necrozma|spe|1
|move|p1a: Landorus|Swords Dance|p1a: Landorus
|-boost|p1a: Landorus|atk|2
|
|upkeep
|turn|5
|
|t:|1630603284
|-start|p1a: Landorus|Dynamax
|-heal|p1a: Landorus|100/100|[silent]
|-zpower|p2a: Necrozma
|move|p2a: Necrozma|Light That Burns the Sky|p1a: Landorus|[zeffect]
|-damage|p1a: Landorus|0 fnt
|faint|p1a: Landorus
|
|upkeep
|
|t:|1630603289
|switch|p1a: Tyranitar|Tyranitar, F|100/100
|-weather|Sandstorm|[from] ability: Sand Stream|[of] p1a: Tyranitar
|turn|6
|
|t:|1630603293
|move|p2a: Necrozma|Sunsteel Strike|p1a: Tyranitar
|-supereffective|p1a: Tyranitar
|-damage|p1a: Tyranitar|0 fnt
|faint|p1a: Tyranitar
|
|-weather|Sandstorm|[upkeep]
|-damage|p2a: Necrozma|95/100|[from] Sandstorm
|upkeep
|-message|Acornion forfeited.
|
|win|125114Ayan
|l|☆Acornion
|raw|Acornion's rating: 1555 &rarr; <strong>1534</strong><br />(-21 for losing)
|raw|125114Ayan's rating: 1537 &rarr; <strong>1558</strong><br />(+21 for winning)
