|j|☆I OWN GOOGLE
|j|☆Buck X
|t:|1655400307
|gametype|singles
|player|p1|I OWN GOOGLE|unknown|
|player|p2|Buck X|lance|
|teamsize|p1|6
|teamsize|p2|6
|gen|8
|tier|[Gen 8] National Dex AG
|rule|HP Percentage Mod: HP is shown in percentages
|rule|Endless Battle Clause: Forcing endless battles is banned
|clearpoke
|poke|p1|Rayquaza|
|poke|p1|Arceus-*|
|poke|p1|Ditto|
|poke|p1|Lugia|
|poke|p1|Necrozma-Dusk-Mane|
|poke|p1|Yveltal|
|poke|p2|Marshadow|
|poke|p2|Rayquaza|
|poke|p2|Ho-Oh|
|poke|p2|Necrozma-Dusk-Mane|
|poke|p2|Yveltal|
|poke|p2|Groudon|
|teampreview
|inactive|Battle timer is ON: inactive players will automatically lose when time's up. (requested by Buck X)
|c|☆Buck X|Wanna speed tie again?
|
|t:|1655400333
|start
|switch|p1a: Snaggy hoes|Lugia, shiny|100/100
|switch|p2a: Apprenti Buck X|Rayquaza|100/100
|-ability|p2a: Apprenti Buck X|Air Lock
|turn|1
|j| Pokemh
|c|☆I OWN GOOGLE|no
|c|☆Buck X|Too bad
|
|t:|1655400345
|switch|p2a: Chief Cromagnet|Groudon|100/100
|detailschange|p2a: Chief Cromagnet|Groudon-Primal
|-primal|p2a: Chief Cromagnet
|-weather|DesolateLand|[from] ability: Desolate Land|[of] p2a: Chief Cromagnet
|move|p1a: Snaggy hoes|Thunder Wave|p2a: Chief Cromagnet
|-immune|p2a: Chief Cromagnet
|
|-weather|DesolateLand|[upkeep]
|upkeep
|turn|2
|
|t:|1655400357
|-weather|none
|switch|p2a: Icemaster|Necrozma-Dusk-Mane|100/100
|move|p1a: Snaggy hoes|Toxic|p2a: Icemaster
|-immune|p2a: Icemaster
|
|upkeep
|turn|3
|
|t:|1655400361
|switch|p2a: Imabroom|Ho-Oh|100/100
|move|p1a: Snaggy hoes|Thunder Wave|p2a: Imabroom
|-status|p2a: Imabroom|par
|
|upkeep
|turn|4
|
|t:|1655400364
|switch|p1a: AKUMPO|Arceus-Dark|100/100
|move|p2a: Imabroom|Toxic|p1a: AKUMPO
|-status|p1a: AKUMPO|tox
|
|-damage|p1a: AKUMPO|94/100 tox|[from] psn
|upkeep
|turn|5
|
|t:|1655400370
|switch|p2a: Chief Cromagnet|Groudon-Primal|100/100
|-weather|DesolateLand|[from] ability: Desolate Land|[of] p2a: Chief Cromagnet
|move|p1a: AKUMPO|Stealth Rock|p2a: Chief Cromagnet
|-sidestart|p2: Buck X|move: Stealth Rock
|
|-weather|DesolateLand|[upkeep]
|-damage|p1a: AKUMPO|82/100 tox|[from] psn
|upkeep
|turn|6
|
|t:|1655400376
|switch|p1a: Necrozma|Necrozma-Dusk-Mane|100/100
|move|p2a: Chief Cromagnet|Stealth Rock|p1a: Necrozma
|-sidestart|p1: I OWN GOOGLE|move: Stealth Rock
|
|-weather|DesolateLand|[upkeep]
|upkeep
|turn|7
|
|t:|1655400380
|detailschange|p1a: Necrozma|Necrozma-Ultra
|-burst|p1a: Necrozma|Necrozma|Ultranecrozium Z
|move|p1a: Necrozma|Dragon Dance|p1a: Necrozma
|-boost|p1a: Necrozma|atk|1
|-boost|p1a: Necrozma|spe|1
|move|p2a: Chief Cromagnet|Thunder Wave|p1a: Necrozma
|-status|p1a: Necrozma|par
|
|-weather|DesolateLand|[upkeep]
|upkeep
|turn|8
|
|t:|1655400409
|cant|p1a: Necrozma|par
|move|p2a: Chief Cromagnet|Earthquake|p1a: Necrozma
|-crit|p1a: Necrozma
|-damage|p1a: Necrozma|10/100 par
|
|-weather|DesolateLand|[upkeep]
|upkeep
|turn|9
|
|t:|1655400414
|-zpower|p1a: Necrozma
|move|p1a: Necrozma|Light That Burns the Sky|p2a: Chief Cromagnet|[zeffect]
|-damage|p2a: Chief Cromagnet|0 fnt
|faint|p2a: Chief Cromagnet
|-weather|none
|
|upkeep
|
|t:|1655400428
|switch|p2a: Surprising swas|Marshadow|100/100
|-damage|p2a: Surprising swas|94/100|[from] Stealth Rock
|turn|10
|
|t:|1655400435
|move|p2a: Surprising swas|Shadow Sneak|p1a: Necrozma
|-supereffective|p1a: Necrozma
|-damage|p1a: Necrozma|0 fnt
|faint|p1a: Necrozma
|
|upkeep
|
|t:|1655400447
|switch|p1a: AKUMPO|Arceus-Dark|82/100 tox
|-damage|p1a: AKUMPO|70/100 tox|[from] Stealth Rock
|turn|11
|
|t:|1655400450
|switch|p2a: Imabroom|Ho-Oh|100/100 par
|move|p1a: AKUMPO|Toxic||[still]
|-fail|p1a: AKUMPO
|
|-damage|p1a: AKUMPO|64/100 tox|[from] psn
|upkeep
|turn|12
|
|t:|1655400470
|switch|p1a: Tyrone baby|Rayquaza, shiny|100/100
|-damage|p1a: Tyrone baby|76/100|[from] Stealth Rock
|-ability|p1a: Tyrone baby|Air Lock
|move|p2a: Imabroom|Sacred Fire|p1a: Tyrone baby
|-resisted|p1a: Tyrone baby
|-damage|p1a: Tyrone baby|51/100
|-status|p1a: Tyrone baby|brn
|
|-damage|p1a: Tyrone baby|45/100 brn|[from] brn
|upkeep
|turn|13
|c|☆I OWN GOOGLE|u can’t be serious
|c|☆Buck X|This is ur fault
|c|☆Buck X|fr
|c|☆Buck X|i would never do thar
|c|☆I OWN GOOGLE|not rlly
|c|☆I OWN GOOGLE|ur not good
|c|☆Buck X|like don’t u fear burn
|c|☆I OWN GOOGLE|i don’t do what u would do
|inactive|I OWN GOOGLE has 270 seconds left.
|inactive|Buck X has 270 seconds left.
|c|☆Buck X|bro I actually I’m
|c|☆I OWN GOOGLE|u win every 5050
|c|☆Buck X|im like rly rly good
|
|t:|1655400526
|detailschange|p1a: Tyrone baby|Rayquaza-Mega, shiny
|-mega|p1a: Tyrone baby|Rayquaza|
|-weather|DeltaStream|[from] ability: Delta Stream|[of] p1a: Tyrone baby
|move|p1a: Tyrone baby|Dragon Ascent|p2a: Imabroom
|-damage|p2a: Imabroom|65/100 par
|-unboost|p1a: Tyrone baby|def|1
|-unboost|p1a: Tyrone baby|spd|1
|-damage|p1a: Tyrone baby|35/100 brn|[from] item: Life Orb
|move|p2a: Imabroom|Sacred Fire|p1a: Tyrone baby|[miss]
|-miss|p2a: Imabroom|p1a: Tyrone baby
|
|-weather|DeltaStream|[upkeep]
|-damage|p1a: Tyrone baby|29/100 brn|[from] brn
|upkeep
|turn|14
|
|t:|1655400532
|switch|p2a: Icemaster|Necrozma-Dusk-Mane|100/100
|-damage|p2a: Icemaster|94/100|[from] Stealth Rock
|move|p1a: Tyrone baby|Dragon Ascent|p2a: Icemaster
|-resisted|p2a: Icemaster
|-damage|p2a: Icemaster|81/100
|-unboost|p1a: Tyrone baby|def|1
|-unboost|p1a: Tyrone baby|spd|1
|-damage|p1a: Tyrone baby|19/100 brn|[from] item: Life Orb
|
|-weather|DeltaStream|[upkeep]
|-heal|p2a: Icemaster|87/100|[from] item: Leftovers
|-damage|p1a: Tyrone baby|13/100 brn|[from] brn
|upkeep
|turn|15
|
|t:|1655400537
|-weather|none
|switch|p1a: Snaggy hoes|Lugia, shiny|100/100
|switch|p2a: Imabroom|Ho-Oh|98/100 par
|
|upkeep
|turn|16
|
|t:|1655400543
|switch|p1a: Tyrone baby|Rayquaza-Mega, shiny|13/100 brn
|-damage|p1a: Tyrone baby|0 fnt|[from] Stealth Rock
|faint|p1a: Tyrone baby
|move|p2a: Imabroom|Toxic|p1: Tyrone baby|[notarget]
|-fail|p2a: Imabroom
|
|upkeep
|
|t:|1655400544
|switch|p1a: Yveltal|Yveltal|100/100
|-damage|p1a: Yveltal|76/100|[from] Stealth Rock
|-ability|p1a: Yveltal|Dark Aura
|turn|17
|
|t:|1655400547
|-start|p1a: Yveltal|Dynamax|
|-heal|p1a: Yveltal|76/100|[silent]
|move|p1a: Yveltal|Max Airstream|p2a: Imabroom
|-damage|p2a: Imabroom|41/100 par
|-boost|p1a: Yveltal|spe|1
|-damage|p1a: Yveltal|71/100|[from] item: Life Orb
|move|p2a: Imabroom|Toxic|p1a: Yveltal
|-status|p1a: Yveltal|tox
|
|-damage|p1a: Yveltal|68/100 tox|[from] psn
|upkeep
|turn|18
|inactive|Buck X has 270 seconds left.
|c|☆I OWN GOOGLE|and u never got parad once
|c|☆I OWN GOOGLE|that makes sense
|c|☆Buck X|We both know i don’t control that
|inactive|Buck X has 240 seconds left.
|c|☆I OWN GOOGLE|i didn’t say u controlled it
|c| Pokemh|Buck X if your considered a meme I really wouldn't be so egotistic about you being this amazing player lol
|c|☆I OWN GOOGLE|like what
|inactive|Buck X has 210 seconds left.
|c|☆I OWN GOOGLE|buck can u play
|c|☆Buck X|So wut pokemh?
|
|t:|1655400641
|switch|p2a: Icemaster|Necrozma-Dusk-Mane|87/100
|-damage|p2a: Icemaster|81/100|[from] Stealth Rock
|move|p1a: Yveltal|Max Darkness|p2a: Icemaster
|-supereffective|p2a: Icemaster
|-damage|p2a: Icemaster|0 fnt
|faint|p2a: Icemaster
|-damage|p1a: Yveltal|63/100 tox|[from] item: Life Orb
|
|-damage|p1a: Yveltal|56/100 tox|[from] psn
|upkeep
|
|t:|1655400651
|switch|p2a: Apprenti Buck X|Rayquaza|100/100
|-damage|p2a: Apprenti Buck X|76/100|[from] Stealth Rock
|-ability|p2a: Apprenti Buck X|Air Lock
|turn|19
|
|t:|1655400657
|detailschange|p2a: Apprenti Buck X|Rayquaza-Mega
|-mega|p2a: Apprenti Buck X|Rayquaza|
|-weather|DeltaStream|[from] ability: Delta Stream|[of] p2a: Apprenti Buck X
|move|p2a: Apprenti Buck X|Extreme Speed|p1a: Yveltal
|-damage|p1a: Yveltal|35/100 tox
|-damage|p2a: Apprenti Buck X|66/100|[from] item: Life Orb
|move|p1a: Yveltal|Max Darkness|p2a: Apprenti Buck X
|-damage|p2a: Apprenti Buck X|0 fnt
|faint|p2a: Apprenti Buck X
|-weather|none
|-damage|p1a: Yveltal|30/100 tox|[from] item: Life Orb
|
|-damage|p1a: Yveltal|21/100 tox|[from] psn
|upkeep
|
|t:|1655400663
|switch|p2a: Scary junaa|Yveltal, shiny|100/100
|-damage|p2a: Scary junaa|76/100|[from] Stealth Rock
|-ability|p2a: Scary junaa|Dark Aura
|-end|p1a: Yveltal|Dynamax
|-heal|p1a: Yveltal|21/100 tox|[silent]
|turn|20
|
|t:|1655400667
|-start|p2a: Scary junaa|Dynamax|
|-heal|p2a: Scary junaa|76/100|[silent]
|move|p1a: Yveltal|Oblivion Wing|p2a: Scary junaa
|-damage|p2a: Scary junaa|50/100
|-heal|p1a: Yveltal|60/100 tox|[from] drain|[of] p2a: Scary junaa
|-damage|p1a: Yveltal|50/100 tox|[from] item: Life Orb
|move|p2a: Scary junaa|Max Airstream|p1a: Yveltal
|-damage|p1a: Yveltal|0 fnt
|-boost|p2a: Scary junaa|spe|1
|faint|p1a: Yveltal
|-damage|p2a: Scary junaa|45/100|[from] item: Life Orb
|
|upkeep
|
|t:|1655400678
|switch|p1a: AKUMPO|Arceus-Dark|64/100 tox
|-damage|p1a: AKUMPO|51/100 tox|[from] Stealth Rock
|turn|21
|
|t:|1655400695
|move|p2a: Scary junaa|Max Airstream|p1a: AKUMPO
|-damage|p1a: AKUMPO|5/100 tox
|-boost|p2a: Scary junaa|spe|1
|-damage|p2a: Scary junaa|40/100|[from] item: Life Orb
|move|p1a: AKUMPO|Recover|p1a: AKUMPO
|-heal|p1a: AKUMPO|55/100 tox
|
|-damage|p1a: AKUMPO|48/100 tox|[from] psn
|upkeep
|turn|22
|
|t:|1655400703
|move|p2a: Scary junaa|Max Airstream|p1a: AKUMPO
|-damage|p1a: AKUMPO|6/100 tox
|-boost|p2a: Scary junaa|spe|1
|-damage|p2a: Scary junaa|35/100|[from] item: Life Orb
|move|p1a: AKUMPO|Judgment|p2a: Scary junaa
|-resisted|p2a: Scary junaa
|-crit|p2a: Scary junaa
|-damage|p2a: Scary junaa|15/100
|
|-damage|p1a: AKUMPO|0 fnt|[from] psn
|faint|p1a: AKUMPO
|upkeep
|
|t:|1655400706
|switch|p1a: Mimic|Ditto|100/100
|-damage|p1a: Mimic|88/100|[from] Stealth Rock
|-transform|p1a: Mimic|p2a: Scary junaa|[from] ability: Imposter
|-ability|p1a: Mimic|Dark Aura
|-end|p2a: Scary junaa|Dynamax
|-heal|p2a: Scary junaa|15/100|[silent]
|turn|23
|
|t:|1655400715
|move|p1a: Mimic|Oblivion Wing|p2a: Scary junaa
|-damage|p2a: Scary junaa|0 fnt
|-heal|p1a: Mimic|100/100|[from] drain|[of] p2a: Scary junaa
|faint|p2a: Scary junaa
|
|upkeep
|
|t:|1655400716
|switch|p2a: Imabroom|Ho-Oh|74/100 par
|turn|24
|
|t:|1655400720
|move|p1a: Mimic|Oblivion Wing|p2a: Imabroom
|-damage|p2a: Imabroom|50/100 par
|cant|p2a: Imabroom|par
|
|upkeep
|turn|25
|c|☆I OWN GOOGLE|there it is
|
|t:|1655400732
|move|p1a: Mimic|Oblivion Wing|p2a: Imabroom
|-damage|p2a: Imabroom|27/100 par
|move|p2a: Imabroom|Whirlwind|p1a: Mimic
|drag|p1a: Snaggy hoes|Lugia, shiny|100/100
|
|upkeep
|turn|26
|c|☆Buck X|U good now😉?
|
|t:|1655400753
|switch|p1a: Mimic|Ditto|100/100
|-damage|p1a: Mimic|88/100|[from] Stealth Rock
|-transform|p1a: Mimic|p2a: Imabroom|[from] ability: Imposter
|switch|p2a: Surprising swas|Marshadow|94/100
|-damage|p2a: Surprising swas|88/100|[from] Stealth Rock
|
|upkeep
|turn|27
|inactive|Buck X has 240 seconds left.
|inactive|Buck X has 210 seconds left.
|
|t:|1655400813
|switch|p2a: Imabroom|Ho-Oh|61/100 par
|move|p1a: Mimic|Sacred Fire|p2a: Imabroom|[miss]
|-miss|p1a: Mimic|p2a: Imabroom
|
|upkeep
|turn|28
|c|☆I OWN GOOGLE|bro💀
|
|t:|1655400826
|move|p1a: Mimic|Sacred Fire|p2a: Imabroom
|-resisted|p2a: Imabroom
|-damage|p2a: Imabroom|47/100 par
|cant|p2a: Imabroom|par
|
|upkeep
|turn|29
|
|t:|1655400831
|move|p1a: Mimic|Sacred Fire|p2a: Imabroom
|-resisted|p2a: Imabroom
|-damage|p2a: Imabroom|32/100 par
|move|p2a: Imabroom|Toxic|p1a: Mimic
|-status|p1a: Mimic|tox
|
|-damage|p1a: Mimic|82/100 tox|[from] psn
|upkeep
|turn|30
|
|t:|1655400836
|move|p1a: Mimic|Sacred Fire|p2a: Imabroom
|-resisted|p2a: Imabroom
|-damage|p2a: Imabroom|19/100 par
|move|p2a: Imabroom|Sacred Fire|p1a: Mimic
|-resisted|p1a: Mimic
|-damage|p1a: Mimic|64/100 tox
|
|-damage|p1a: Mimic|52/100 tox|[from] psn
|upkeep
|turn|31
|inactive|Buck X has 240 seconds left.
|
|t:|1655400843
|move|p1a: Mimic|Sacred Fire|p2a: Imabroom
|-resisted|p2a: Imabroom
|-damage|p2a: Imabroom|6/100 par
|move|p2a: Imabroom|Toxic|p1a: Mimic
|-fail|p1a: Mimic|tox
|
|-damage|p1a: Mimic|34/100 tox|[from] psn
|upkeep
|turn|32
|
|t:|1655400854
|switch|p1a: Snaggy hoes|Lugia, shiny|100/100
|switch|p2a: Surprising swas|Marshadow|88/100
|-damage|p2a: Surprising swas|82/100|[from] Stealth Rock
|
|upkeep
|turn|33
|c|☆Buck X|See
|c|☆Buck X|im not toxic
|c| Pokemh|Idk about that
|
|t:|1655400871
|switch|p2a: Imabroom|Ho-Oh|39/100 par
|move|p1a: Snaggy hoes|Roost||[still]
|-fail|p1a: Snaggy hoes|heal
|
|upkeep
|turn|34
|c|☆Buck X|I didn’t complain about para
|c|☆Buck X|in fact idm
|
|t:|1655400894
|switch|p1a: Mimic|Ditto|67/100 tox
|-damage|p1a: Mimic|55/100 tox|[from] Stealth Rock
|-transform|p1a: Mimic|p2a: Imabroom|[from] ability: Imposter
|switch|p2a: Surprising swas|Marshadow|82/100
|-damage|p2a: Surprising swas|76/100|[from] Stealth Rock
|
|-damage|p1a: Mimic|49/100 tox|[from] psn
|upkeep
|turn|35
|c|☆I OWN GOOGLE|because that wasn’t hax???
|c|☆Buck X|Cuz idc about that
|c| Pokemh|Thats not being toxic thats not being obnoxious over stuff that didnt matter
|c|☆Buck X|i move on
|l|☆I OWN GOOGLE
|inactive|I OWN GOOGLE disconnected and has 300 seconds to reconnect!
|player|p1|
|c|☆Buck X|Oh I meant salty
|c|☆Buck X|I’m toxic sometimes
|inactive|I OWN GOOGLE has 270 seconds to reconnect!
|j|☆I OWN GOOGLE
|inactive|I OWN GOOGLE reconnected and has 275 seconds left.
|player|p1|I OWN GOOGLE|unknown
|inactive|I OWN GOOGLE has 270 seconds left.
|
|t:|1655400969
|move|p2a: Surprising swas|Poltergeist|p1a: Mimic
|-activate|p1a: Mimic|move: Poltergeist|Choice Scarf
|-damage|p1a: Mimic|0 fnt
|faint|p1a: Mimic
|
|upkeep
|
|t:|1655400974
|switch|p1a: Snaggy hoes|Lugia, shiny|100/100
|turn|36
|inactive|I OWN GOOGLE has 270 seconds left.
|c|☆I OWN GOOGLE|ye i can’t kill the ho-oh
|c|☆I OWN GOOGLE|i misplayed this
|c|☆Buck X|I win
|c|☆Buck X|again
|c|☆Buck X|tho I’m bad
|c|☆Buck X|sigh
|-message|I OWN GOOGLE forfeited.
|
|win|Buck X
|c|☆Buck X|3-0
|l|☆I OWN GOOGLE
