|j|☆calebbro
|j|☆SyaNinja
|t:|1651268553
|gametype|singles
|player|p1|calebbro|marnie|1213
|player|p2|SyaNinja|ghetsis-gen5bw|1196
|teamsize|p1|6
|teamsize|p2|6
|gen|8
|tier|[Gen 8] National Dex AG
|rated|
|rule|HP Percentage Mod: HP is shown in percentages
|rule|Endless Battle Clause: Forcing endless battles is banned
|clearpoke
|poke|p1|Necrozma-Dusk-Mane|
|poke|p1|Malamar, F|
|poke|p1|Yveltal|
|poke|p1|Ferrothorn, M|
|poke|p1|Eternatus|
|poke|p1|Calyrex-Shadow|
|poke|p2|Dugtrio, M|
|poke|p2|Buzzwole|
|poke|p2|Lugia|
|poke|p2|Quagsire, M|
|poke|p2|Toxapex, M|
|poke|p2|Blissey, F|
|teampreview
|
|t:|1651268560
|start
|switch|p1a: Ferrothorn|Ferrothorn, M|100/100
|switch|p2a: Dugtrio|Dugtrio, M|100/100
|turn|1
|
|t:|1651268568
|move|p2a: Dugtrio|Stealth Rock|p1a: Ferrothorn
|-sidestart|p1: calebbro|move: Stealth Rock
|move|p1a: Ferrothorn|Stealth Rock|p2a: Dugtrio
|-sidestart|p2: SyaNinja|move: Stealth Rock
|
|upkeep
|turn|2
|
|t:|1651268576
|switch|p2a: Blissey|Blissey, F|100/100
|-damage|p2a: Blissey|88/100|[from] Stealth Rock
|move|p1a: Ferrothorn|Spikes|p2a: Blissey
|-sidestart|p2: SyaNinja|Spikes
|
|upkeep
|turn|3
|
|t:|1651268586
|move|p2a: Blissey|Flamethrower|p1a: Ferrothorn
|-supereffective|p1a: Ferrothorn
|-damage|p1a: Ferrothorn|0 fnt
|faint|p1a: Ferrothorn
|
|upkeep
|
|t:|1651268601
|switch|p1a: Eternatus|Eternatus|100/100
|-damage|p1a: Eternatus|88/100|[from] Stealth Rock
|-ability|p1a: Eternatus|Pressure
|turn|4
|
|t:|1651268611
|switch|p2a: Dugtrio|Dugtrio, M|100/100
|-damage|p2a: Dugtrio|94/100|[from] Stealth Rock
|-damage|p2a: Dugtrio|82/100|[from] Spikes
|move|p1a: Eternatus|Dragon Dance|p1a: Eternatus
|-boost|p1a: Eternatus|atk|1
|-boost|p1a: Eternatus|spe|1
|
|upkeep
|turn|5
|
|t:|1651268622
|move|p1a: Eternatus|Sludge Bomb|p2a: Dugtrio
|-resisted|p2a: Dugtrio
|-damage|p2a: Dugtrio|8/100
|-damage|p1a: Eternatus|78/100|[from] item: Life Orb
|move|p2a: Dugtrio|Earthquake|p1a: Eternatus
|-supereffective|p1a: Eternatus
|-damage|p1a: Eternatus|0 fnt
|faint|p1a: Eternatus
|
|upkeep
|
|t:|1651268640
|switch|p1a: Necrozma|Necrozma-Dusk-Mane|100/100
|turn|6
|
|t:|1651268651
|move|p2a: Dugtrio|Earthquake|p1a: Necrozma
|-supereffective|p1a: Necrozma
|-crit|p1a: Necrozma
|-damage|p1a: Necrozma|26/100
|move|p1a: Necrozma|Earthquake|p2a: Dugtrio
|-crit|p2a: Dugtrio
|-damage|p2a: Dugtrio|0 fnt
|faint|p2a: Dugtrio
|
|upkeep
|
|t:|1651268669
|switch|p2a: Blissey|Blissey, F|88/100
|-damage|p2a: Blissey|76/100|[from] Spikes
|-damage|p2a: Blissey|63/100|[from] Stealth Rock
|turn|7
|
|t:|1651268673
|move|p1a: Necrozma|Morning Sun|p1a: Necrozma
|-heal|p1a: Necrozma|76/100
|move|p2a: Blissey|Flamethrower|p1a: Necrozma
|-supereffective|p1a: Necrozma
|-damage|p1a: Necrozma|37/100
|
|upkeep
|turn|8
|
|t:|1651268681
|move|p1a: Necrozma|Sunsteel Strike|p2a: Blissey
|-crit|p2a: Blissey
|-damage|p2a: Blissey|0 fnt
|faint|p2a: Blissey
|
|upkeep
|
|t:|1651268694
|switch|p2a: Buzzwole|Buzzwole|100/100
|-damage|p2a: Buzzwole|88/100|[from] Spikes
|-damage|p2a: Buzzwole|76/100|[from] Stealth Rock
|turn|9
|
|t:|1651268700
|move|p2a: Buzzwole|Earthquake|p1a: Necrozma
|-supereffective|p1a: Necrozma
|-damage|p1a: Necrozma|0 fnt
|faint|p1a: Necrozma
|-ability|p2a: Buzzwole|Beast Boost|boost
|-boost|p2a: Buzzwole|atk|1
|
|upkeep
|
|t:|1651268710
|switch|p1a: Calyrex|Calyrex-Shadow|100/100
|-ability|p1a: Calyrex|As One
|-ability|p1a: Calyrex|Unnerve
|-damage|p1a: Calyrex|88/100|[from] Stealth Rock
|turn|10
|
|t:|1651268721
|move|p1a: Calyrex|Astral Barrage|p2a: Buzzwole
|-damage|p2a: Buzzwole|0 fnt
|faint|p2a: Buzzwole
|-ability|p1a: Calyrex|Grim Neigh|boost
|-boost|p1a: Calyrex|spa|1
|
|upkeep
|
|t:|1651268726
|switch|p2a: Lugia|Lugia|100/100
|-damage|p2a: Lugia|76/100|[from] Stealth Rock
|turn|11
|
|t:|1651268734
|-start|p2a: Lugia|Dynamax|
|-heal|p2a: Lugia|76/100|[silent]
|move|p1a: Calyrex|Astral Barrage|p2a: Lugia
|-supereffective|p2a: Lugia
|-damage|p2a: Lugia|0 fnt
|faint|p2a: Lugia
|-ability|p1a: Calyrex|Grim Neigh|boost
|-boost|p1a: Calyrex|spa|1
|
|upkeep
|
|t:|1651268746
|switch|p2a: Toxapex|Toxapex, M|100/100
|-damage|p2a: Toxapex|88/100|[from] Spikes
|-damage|p2a: Toxapex|75/100|[from] Stealth Rock
|turn|12
|
|t:|1651268750
|move|p1a: Calyrex|Astral Barrage|p2a: Toxapex
|-damage|p2a: Toxapex|0 fnt
|faint|p2a: Toxapex
|-ability|p1a: Calyrex|Grim Neigh|boost
|-boost|p1a: Calyrex|spa|1
|
|upkeep
|
|t:|1651268754
|switch|p2a: Quagsire|Quagsire, M|100/100
|-damage|p2a: Quagsire|88/100|[from] Spikes
|-damage|p2a: Quagsire|82/100|[from] Stealth Rock
|turn|13
|c|☆calebbro|gg
|
|t:|1651268769
|move|p1a: Calyrex|Astral Barrage|p2a: Quagsire
|-damage|p2a: Quagsire|0 fnt
|faint|p2a: Quagsire
|
|win|calebbro
|raw|calebbro's rating: 1213 &rarr; <strong>1237</strong><br />(+24 for winning)
|raw|SyaNinja's rating: 1196 &rarr; <strong>1172</strong><br />(-24 for losing)
|l|☆SyaNinja
||Ladder isn't responding, score probably updated but might not have (Request timeout).
