|j|☆Zander999929
|j|‽PlatinumEA
|t:|1646105959
|gametype|singles
|player|p1|Zander999929|ghetsis|1623
|player|p2|PlatinumEA|lady-gen4|1702
|teamsize|p1|6
|teamsize|p2|6
|gen|8
|tier|[Gen 8] National Dex AG
|rated|
|rule|HP Percentage Mod: HP is shown in percentages
|rule|Endless Battle Clause: Forcing endless battles is banned
|clearpoke
|poke|p1|Melmetal|
|poke|p1|Melmetal|
|poke|p1|Calyrex-Ice|
|poke|p1|Hatterene, F|
|poke|p1|Hatterene, F|
|poke|p1|Hatterene, F|
|poke|p2|Tyranitar, M|
|poke|p2|Ditto|
|poke|p2|Yveltal|
|poke|p2|Necrozma-Dusk-Mane|
|poke|p2|Arceus-*|
|poke|p2|Rayquaza|
|teampreview
|
|t:|1646105973
|start
|switch|p1a: Hatterene|Hatterene, F|100/100
|switch|p2a: Arceus|Arceus-Steel|100/100
|turn|1
|j| Yuden
|
|t:|1646105982
|move|p2a: Arceus|Iron Head|p1a: Hatterene
|-supereffective|p1a: Hatterene
|-enditem|p1a: Hatterene|Focus Sash
|-damage|p1a: Hatterene|1/100
|move|p1a: Hatterene|Trick Room|p1a: Hatterene
|-fieldstart|move: Trick Room|[of] p1a: Hatterene
|
|upkeep
|turn|2
|
|t:|1646105984
|move|p1a: Hatterene|Healing Wish|p1a: Hatterene
|faint|p1a: Hatterene
|move|p2a: Arceus|Swords Dance|p2a: Arceus
|-boost|p2a: Arceus|atk|2
|
|upkeep
|c|☆Zander999929|gl hf
|
|t:|1646105992
|switch|p1a: Calyrex|Calyrex-Ice|100/100
|-ability|p1a: Calyrex|As One
|-ability|p1a: Calyrex|Unnerve
|turn|3
|
|t:|1646106001
|-start|p2a: Arceus|Dynamax
|-heal|p2a: Arceus|100/100|[silent]
|move|p1a: Calyrex|Close Combat|p2a: Arceus
|-supereffective|p2a: Arceus
|-damage|p2a: Arceus|36/100
|-unboost|p1a: Calyrex|def|1
|-unboost|p1a: Calyrex|spd|1
|move|p2a: Arceus|Max Steelspike|p1a: Calyrex
|-supereffective|p1a: Calyrex
|-damage|p1a: Calyrex|0 fnt
|-boost|p2a: Arceus|def|1
|faint|p1a: Calyrex
|
|upkeep
|
|t:|1646106009
|switch|p1a: Melmetal|Melmetal|100/100
|turn|4
|l| Yuden
|
|t:|1646106054
|move|p2a: Arceus|Max Guard|p2a: Arceus
|-singleturn|p2a: Arceus|Max Guard
|move|p1a: Melmetal|Double Iron Bash|p2a: Arceus
|-activate|p2a: Arceus|move: Max Guard
|
|upkeep
|turn|5
|c|☆Zander999929|smart
|
|t:|1646106059
|move|p1a: Melmetal|Double Iron Bash|p2a: Arceus
|-resisted|p2a: Arceus
|-damage|p2a: Arceus|27/100
|-resisted|p2a: Arceus
|-damage|p2a: Arceus|19/100
|-hitcount|p2a: Arceus|2
|move|p2a: Arceus|Max Steelspike|p1a: Melmetal
|-resisted|p1a: Melmetal
|-damage|p1a: Melmetal|63/100
|-boost|p2a: Arceus|def|1
|
|-fieldend|move: Trick Room
|-end|p2a: Arceus|Dynamax
|-heal|p2a: Arceus|20/100|[silent]
|upkeep
|turn|6
|c|☆Zander999929|that does nothing..
|
|t:|1646106070
|move|p2a: Arceus|Recover|p2a: Arceus
|-heal|p2a: Arceus|70/100
|move|p1a: Melmetal|Double Iron Bash|p2a: Arceus
|-resisted|p2a: Arceus
|-damage|p2a: Arceus|56/100
|-resisted|p2a: Arceus
|-damage|p2a: Arceus|42/100
|-hitcount|p2a: Arceus|2
|
|upkeep
|turn|7
|
|t:|1646106079
|move|p2a: Arceus|Recover|p2a: Arceus
|-heal|p2a: Arceus|92/100
|move|p1a: Melmetal|Double Iron Bash|p2a: Arceus
|-resisted|p2a: Arceus
|-crit|p2a: Arceus
|-damage|p2a: Arceus|55/100
|-resisted|p2a: Arceus
|-damage|p2a: Arceus|42/100
|-hitcount|p2a: Arceus|2
|
|upkeep
|turn|8
|
|t:|1646106086
|-start|p1a: Melmetal|Dynamax
|-heal|p1a: Melmetal|63/100|[silent]
|move|p2a: Arceus|Recover|p2a: Arceus
|-heal|p2a: Arceus|92/100
|move|p1a: Melmetal|Max Quake|p2a: Arceus
|-supereffective|p2a: Arceus
|-damage|p2a: Arceus|48/100
|-boost|p1a: Melmetal|spd|1
|
|upkeep
|turn|9
|
|t:|1646106090
|move|p2a: Arceus|Recover|p2a: Arceus
|-heal|p2a: Arceus|98/100
|move|p1a: Melmetal|Max Quake|p2a: Arceus
|-supereffective|p2a: Arceus
|-damage|p2a: Arceus|54/100
|-boost|p1a: Melmetal|spd|1
|
|upkeep
|turn|10
|c|☆Zander999929|yeah this is gg
|
|t:|1646106094
|move|p2a: Arceus|Recover|p2a: Arceus
|-heal|p2a: Arceus|100/100
|move|p1a: Melmetal|Max Quake|p2a: Arceus
|-supereffective|p2a: Arceus
|-damage|p2a: Arceus|58/100
|-boost|p1a: Melmetal|spd|1
|
|-end|p1a: Melmetal|Dynamax
|-heal|p1a: Melmetal|63/100|[silent]
|upkeep
|turn|11
|
|t:|1646106096
|move|p2a: Arceus|Recover|p2a: Arceus
|-heal|p2a: Arceus|100/100
|move|p1a: Melmetal|Double Iron Bash|p2a: Arceus
|-resisted|p2a: Arceus
|-damage|p2a: Arceus|88/100
|-resisted|p2a: Arceus
|-damage|p2a: Arceus|76/100
|-hitcount|p2a: Arceus|2
|
|upkeep
|turn|12
|
|t:|1646106100
|move|p2a: Arceus|Swords Dance|p2a: Arceus
|-boost|p2a: Arceus|atk|2
|move|p1a: Melmetal|Double Iron Bash|p2a: Arceus
|-resisted|p2a: Arceus
|-damage|p2a: Arceus|62/100
|-resisted|p2a: Arceus
|-damage|p2a: Arceus|49/100
|-hitcount|p2a: Arceus|2
|
|upkeep
|turn|13
|
|t:|1646106104
|move|p2a: Arceus|Recover|p2a: Arceus
|-heal|p2a: Arceus|99/100
|move|p1a: Melmetal|Double Iron Bash|p2a: Arceus
|-resisted|p2a: Arceus
|-damage|p2a: Arceus|86/100
|-resisted|p2a: Arceus
|-damage|p2a: Arceus|72/100
|-hitcount|p2a: Arceus|2
|
|upkeep
|turn|14
|-message|Zander999929 forfeited.
|
|win|PlatinumEA
|raw|Zander999929's rating: 1623 &rarr; <strong>1607</strong><br />(-16 for losing)
|raw|PlatinumEA's rating: 1702 &rarr; <strong>1718</strong><br />(+16 for winning)
