|j|☆RaymondChang01
|j|☆chopforce8
|t:|1633588453
|gametype|singles
|player|p1|RaymondChang01|unknown|1572
|player|p2|chopforce8|red|1754
|teamsize|p1|6
|teamsize|p2|6
|gen|8
|tier|[Gen 8] National Dex AG
|rated|
|rule|HP Percentage Mod: HP is shown in percentages
|rule|Endless Battle Clause: Forcing endless battles is banned
|clearpoke
|poke|p1|Calyrex-Shadow|
|poke|p1|Arceus-*|
|poke|p1|Ditto|
|poke|p1|Rayquaza|
|poke|p1|Mimikyu, F|
|poke|p1|Urshifu-*, M|
|poke|p2|Ho-Oh|
|poke|p2|Tyranitar, M|
|poke|p2|Lugia|
|poke|p2|Ditto|
|poke|p2|Shedinja|
|poke|p2|Ditto|
|teampreview
|inactive|Battle timer is ON: inactive players will automatically lose when time's up. (requested by RaymondChang01)
|
|t:|1633588472
|start
|switch|p1a: Urshifu|Urshifu-Rapid-Strike, M|100/100
|switch|p2a: Lugia|Lugia, shiny|100/100
|turn|1
|
|t:|1633588478
|move|p1a: Urshifu|Surging Strikes|p2a: Lugia
|-crit|p2a: Lugia
|-damage|p2a: Lugia|92/100
|-damage|p1a: Urshifu|84/100|[from] item: Rocky Helmet|[of] p2a: Lugia
|-crit|p2a: Lugia
|-damage|p2a: Lugia|76/100
|-damage|p1a: Urshifu|68/100|[from] item: Rocky Helmet|[of] p2a: Lugia
|-crit|p2a: Lugia
|-damage|p2a: Lugia|61/100
|-damage|p1a: Urshifu|51/100|[from] item: Rocky Helmet|[of] p2a: Lugia
|-hitcount|p2a: Lugia|3
|move|p2a: Lugia|Toxic|p1a: Urshifu
|-status|p1a: Urshifu|tox
|
|-damage|p1a: Urshifu|45/100 tox|[from] psn
|upkeep
|turn|2
|
|t:|1633588491
|move|p1a: Urshifu|Surging Strikes|p2a: Lugia
|-crit|p2a: Lugia
|-damage|p2a: Lugia|45/100
|-damage|p1a: Urshifu|29/100 tox|[from] item: Rocky Helmet|[of] p2a: Lugia
|-crit|p2a: Lugia
|-damage|p2a: Lugia|28/100
|-damage|p1a: Urshifu|12/100 tox|[from] item: Rocky Helmet|[of] p2a: Lugia
|-crit|p2a: Lugia
|-damage|p2a: Lugia|11/100
|-damage|p1a: Urshifu|0 fnt|[from] item: Rocky Helmet|[of] p2a: Lugia
|faint|p1a: Urshifu
|-hitcount|p2a: Lugia|3
|move|p2a: Lugia|Roost|p2a: Lugia
|-heal|p2a: Lugia|61/100
|-singleturn|p2a: Lugia|move: Roost
|
|upkeep
|
|t:|1633588499
|switch|p1a: Calyrex|Calyrex-Shadow|100/100
|-ability|p1a: Calyrex|As One
|-ability|p1a: Calyrex|Unnerve
|turn|3
|
|t:|1633588509
|switch|p2a: Tyranitar|Tyranitar, M, shiny|100/100
|-weather|Sandstorm|[from] ability: Sand Stream|[of] p2a: Tyranitar
|move|p1a: Calyrex|Astral Barrage|p2a: Tyranitar
|-resisted|p2a: Tyranitar
|-damage|p2a: Tyranitar|74/100
|
|-weather|Sandstorm|[upkeep]
|-damage|p1a: Calyrex|94/100|[from] Sandstorm
|upkeep
|turn|4
|
|t:|1633588528
|switch|p1a: Arceus|Arceus-Ground|100/100
|detailschange|p2a: Tyranitar|Tyranitar-Mega, M, shiny
|-mega|p2a: Tyranitar|Tyranitar|Tyranitarite
|move|p2a: Tyranitar|Rock Tomb|p1a: Arceus
|-resisted|p1a: Arceus
|-damage|p1a: Arceus|86/100
|-unboost|p1a: Arceus|spe|1
|
|-weather|Sandstorm|[upkeep]
|upkeep
|turn|5
|
|t:|1633588540
|switch|p2a: Lugia|Lugia, shiny|61/100
|move|p1a: Arceus|Judgment|p2a: Lugia
|-immune|p2a: Lugia
|
|-weather|Sandstorm|[upkeep]
|-damage|p2a: Lugia|55/100|[from] Sandstorm
|upkeep
|turn|6
|
|t:|1633588548
|move|p2a: Lugia|Roost|p2a: Lugia
|-heal|p2a: Lugia|100/100
|-singleturn|p2a: Lugia|move: Roost
|move|p1a: Arceus|Ice Beam|p2a: Lugia
|-damage|p2a: Lugia|93/100
|
|-weather|Sandstorm|[upkeep]
|-damage|p2a: Lugia|87/100|[from] Sandstorm
|upkeep
|turn|7
|
|t:|1633588558
|move|p2a: Lugia|Toxic|p1a: Arceus
|-status|p1a: Arceus|tox
|move|p1a: Arceus|Ice Beam|p2a: Lugia
|-supereffective|p2a: Lugia
|-damage|p2a: Lugia|55/100
|-status|p2a: Lugia|frz
|
|-weather|none
|-damage|p1a: Arceus|80/100 tox|[from] psn
|upkeep
|turn|8
|
|t:|1633588580
|switch|p2a: Ho-Oh|Ho-Oh, shiny|100/100
|move|p1a: Arceus|Ice Beam|p2a: Ho-Oh
|-damage|p2a: Ho-Oh|87/100
|-status|p2a: Ho-Oh|frz
|
|-damage|p1a: Arceus|67/100 tox|[from] psn
|upkeep
|turn|9
|c|☆RaymondChang01|oh
|c|☆RaymondChang01|ooooooooo
|c|☆chopforce8|idk man
|c|☆RaymondChang01|spicy
|c|☆chopforce8|i think thats a bit fishy
|inactive|chopforce8 has 120 seconds left.
|
|t:|1633588605
|move|p1a: Arceus|Ice Beam|p2a: Ho-Oh
|-damage|p2a: Ho-Oh|74/100 frz
|cant|p2a: Ho-Oh|frz
|
|-damage|p1a: Arceus|49/100 tox|[from] psn
|upkeep
|turn|10
|inactive|chopforce8 has 120 seconds left.
|c|☆chopforce8|and ho oh is a fire type
|c|☆RaymondChang01|i am not hcking sir
|c|☆chopforce8|makes no sense
|c|☆chopforce8|its cool
|
|t:|1633588624
|move|p1a: Arceus|Ice Beam|p2a: Ho-Oh
|-damage|p2a: Ho-Oh|62/100 frz
|cant|p2a: Ho-Oh|frz
|
|-damage|p1a: Arceus|25/100 tox|[from] psn
|upkeep
|turn|11
|c|☆RaymondChang01|yep
|
|t:|1633588643
|move|p1a: Arceus|Ice Beam|p2a: Ho-Oh
|-damage|p2a: Ho-Oh|49/100 frz
|cant|p2a: Ho-Oh|frz
|
|-damage|p1a: Arceus|0 fnt|[from] psn
|faint|p1a: Arceus
|upkeep
|
|t:|1633588647
|switch|p1a: Calyrex|Calyrex-Shadow|94/100
|-ability|p1a: Calyrex|As One
|-ability|p1a: Calyrex|Unnerve
|turn|12
|c|☆chopforce8|it should atleast thaw
|c|☆chopforce8|after a turn
|
|t:|1633588656
|switch|p2a: Tyranitar|Tyranitar-Mega, M, shiny|74/100
|-weather|Sandstorm|[from] ability: Sand Stream|[of] p2a: Tyranitar
|move|p1a: Calyrex|Astral Barrage|p2a: Tyranitar
|-resisted|p2a: Tyranitar
|-crit|p2a: Tyranitar
|-damage|p2a: Tyranitar|42/100
|
|-weather|Sandstorm|[upkeep]
|-damage|p1a: Calyrex|88/100|[from] Sandstorm
|upkeep
|turn|13
|inactive|chopforce8 has 120 seconds left.
|c|☆RaymondChang01|yep
|
|t:|1633588682
|move|p1a: Calyrex|Pollen Puff|p2a: Tyranitar
|-supereffective|p2a: Tyranitar
|-damage|p2a: Tyranitar|0 fnt
|faint|p2a: Tyranitar
|-ability|p1a: Calyrex|Grim Neigh|boost
|-boost|p1a: Calyrex|spa|1
|
|-weather|Sandstorm|[upkeep]
|-damage|p1a: Calyrex|82/100|[from] Sandstorm
|upkeep
|
|t:|1633588697
|switch|p2a: Ditto|Ditto, shiny|100/100
|-transform|p2a: Ditto|p1a: Calyrex|[from] ability: Imposter
|turn|14
|c|☆RaymondChang01|i gotta deal ditto
|
|t:|1633588706
|move|p2a: Ditto|Astral Barrage|p1a: Calyrex
|-supereffective|p1a: Calyrex
|-damage|p1a: Calyrex|0 fnt
|faint|p1a: Calyrex
|-ability|p2a: Ditto|Grim Neigh|boost
|-boost|p2a: Ditto|spa|1
|
|-weather|Sandstorm|[upkeep]
|-damage|p2a: Ditto|94/100|[from] Sandstorm
|upkeep
|
|t:|1633588713
|switch|p1a: Lulu|Mimikyu, F|100/100
|turn|15
|inactive|chopforce8 has 120 seconds left.
|
|t:|1633588721
|switch|p2a: Ho-Oh|Ho-Oh, shiny|82/100 frz
|move|p1a: Lulu|Shadow Sneak|p2a: Ho-Oh
|-damage|p2a: Ho-Oh|63/100 frz
|-damage|p1a: Lulu|91/100|[from] item: Life Orb
|
|-weather|Sandstorm|[upkeep]
|-damage|p1a: Lulu|85/100|[from] Sandstorm
|-damage|p2a: Ho-Oh|57/100 frz|[from] Sandstorm
|upkeep
|turn|16
|
|t:|1633588732
|switch|p2a: Lugia|Lugia, shiny|55/100 frz
|move|p1a: Lulu|Swords Dance|p1a: Lulu
|-boost|p1a: Lulu|atk|2
|
|-weather|none
|upkeep
|turn|17
|
|t:|1633588739
|move|p1a: Lulu|Shadow Sneak|p2a: Lugia
|-supereffective|p2a: Lugia
|-damage|p2a: Lugia|0 fnt
|-damage|p1a: Lulu|68/100|[from] item: Rocky Helmet|[of] p2a: Lugia
|faint|p2a: Lugia
|-damage|p1a: Lulu|58/100|[from] item: Life Orb
|
|upkeep
|inactive|chopforce8 has 120 seconds left.
|
|t:|1633588755
|switch|p2a: Ditto|Ditto, shiny|100/100
|-transform|p2a: Ditto|p1a: Lulu|[from] ability: Imposter
|turn|18
|
|t:|1633588760
|move|p2a: Ditto|Shadow Sneak|p1a: Lulu
|-activate|p1a: Lulu|ability: Disguise
|-damage|p1a: Lulu|58/100
|detailschange|p1a: Lulu|Mimikyu-Busted, F
|-damage|p1a: Lulu|46/100|[from] pokemon: Mimikyu-Busted
|move|p1a: Lulu|Shadow Sneak|p2a: Ditto
|-supereffective|p2a: Ditto
|-enditem|p2a: Ditto|Focus Sash
|-damage|p2a: Ditto|1/100
|-damage|p1a: Lulu|36/100|[from] item: Life Orb
|
|upkeep
|turn|19
|c|☆RaymondChang01|oh
|inactive|chopforce8 has 120 seconds left.
|
|t:|1633588786
|move|p1a: Lulu|Shadow Sneak|p2a: Ditto
|-supereffective|p2a: Ditto
|-crit|p2a: Ditto
|-damage|p2a: Ditto|0 fnt
|faint|p2a: Ditto
|-damage|p1a: Lulu|26/100|[from] item: Life Orb
|
|upkeep
|
|t:|1633588793
|switch|p2a: Ditto|Ditto, shiny|94/100
|-transform|p2a: Ditto|p1a: Lulu|[from] ability: Imposter
|turn|20
|
|t:|1633588798
|move|p2a: Ditto|Shadow Sneak|p1a: Lulu
|-supereffective|p1a: Lulu
|-damage|p1a: Lulu|0 fnt
|faint|p1a: Lulu
|
|upkeep
|
|t:|1633588810
|switch|p1a: Rayquaza|Rayquaza|100/100
|-ability|p1a: Rayquaza|Air Lock
|turn|21
|inactive|chopforce8 has 120 seconds left.
|c|☆chopforce8|does the effect work for me too
|c|☆RaymondChang01|nope
|c|☆chopforce8|lol
|c|☆RaymondChang01|disguise doesnt work on ditto
|c|☆chopforce8|that double freeze
|inactive|chopforce8 has 90 seconds left.
|c|☆chopforce8|is in the millions
|c|☆RaymondChang01|wow
|c|☆chopforce8|it cannot happen would not happen
|c|☆chopforce8|you didnt see you were being set up on the first run!?!
|inactive|chopforce8 has 60 seconds left.
|c|☆RaymondChang01|no
|inactive|chopforce8 has 30 seconds left.
|
|t:|1633588915
|detailschange|p1a: Rayquaza|Rayquaza-Mega
|-mega|p1a: Rayquaza|Rayquaza|
|-weather|DeltaStream|[from] ability: Delta Stream|[of] p1a: Rayquaza
|move|p2a: Ditto|Shadow Sneak|p1a: Rayquaza
|-damage|p1a: Rayquaza|71/100
|move|p1a: Rayquaza|Iron Head|p2a: Ditto
|-supereffective|p2a: Ditto
|-damage|p2a: Ditto|0 fnt
|faint|p2a: Ditto
|
|-weather|DeltaStream|[upkeep]
|upkeep
|inactive|chopforce8 has 30 seconds left this turn.
|
|t:|1633588924
|switch|p2a: Ho-Oh|Ho-Oh, shiny|90/100 frz
|turn|22
|inactive|chopforce8 has 30 seconds left.
|
|t:|1633588931
|-start|p2a: Ho-Oh|Dynamax
|-heal|p2a: Ho-Oh|90/100 frz|[silent]
|move|p1a: Rayquaza|Dragon Ascent|p2a: Ho-Oh
|-damage|p2a: Ho-Oh|56/100 frz
|-unboost|p1a: Rayquaza|def|1
|-unboost|p1a: Rayquaza|spd|1
|cant|p2a: Ho-Oh|frz
|
|-weather|DeltaStream|[upkeep]
|upkeep
|turn|23
|c|☆chopforce8|unthaw please
|inactive|chopforce8 has 30 seconds left.
|
|t:|1633588945
|move|p1a: Rayquaza|Dragon Ascent|p2a: Ho-Oh
|-crit|p2a: Ho-Oh
|-damage|p2a: Ho-Oh|3/100 frz
|-unboost|p1a: Rayquaza|def|1
|-unboost|p1a: Rayquaza|spd|1
|cant|p2a: Ho-Oh|frz
|
|-weather|DeltaStream|[upkeep]
|upkeep
|turn|24
|c|☆chopforce8|thanks
|c|☆RaymondChang01|ITS STILL FROZEN
|inactive|chopforce8 has 30 seconds left.
|c|☆RaymondChang01|how
|
|t:|1633588960
|-end|p2a: Ho-Oh|Dynamax
|-heal|p2a: Ho-Oh|3/100 frz|[silent]
|switch|p2a: Shedinja|Shedinja, shiny|100/100
|move|p1a: Rayquaza|Extreme Speed|p2a: Shedinja
|-immune|p2a: Shedinja|[from] ability: Wonder Guard
|
|-weather|DeltaStream|[upkeep]
|upkeep
|turn|25
|c|☆chopforce8|this was a shambles
|inactive|chopforce8 has 30 seconds left.
|c|☆RaymondChang01|never been this lucky
|inactive|chopforce8 has 20 seconds left.
|inactive|chopforce8 has 15 seconds left.
|c|☆chopforce8|actually pissed man
|
|t:|1633588989
|move|p1a: Rayquaza|Dragon Ascent|p2a: Shedinja
|-supereffective|p2a: Shedinja
|-damage|p2a: Shedinja|0 fnt
|-unboost|p1a: Rayquaza|def|1
|-unboost|p1a: Rayquaza|spd|1
|faint|p2a: Shedinja
|
|-weather|DeltaStream|[upkeep]
|upkeep
|inactive|chopforce8 has 20 seconds left this turn.
|inactive|chopforce8 has 15 seconds left.
|inactive|chopforce8 has 10 seconds left.
|c|☆RaymondChang01|welp
|
|t:|1633589001
|switch|p2a: Ho-Oh|Ho-Oh, shiny|36/100 frz
|turn|26
|inactive|chopforce8 has 20 seconds left this turn.
|inactive|chopforce8 has 15 seconds left.
|c|☆chopforce8|espeed just to see if i unfrz
|
|t:|1633589010
|move|p1a: Rayquaza|Dragon Ascent|p2a: Ho-Oh
|-damage|p2a: Ho-Oh|0 fnt
|-unboost|p1a: Rayquaza|def|1
|-unboost|p1a: Rayquaza|spd|1
|faint|p2a: Ho-Oh
|
|win|RaymondChang01
|inactive|chopforce8 has 20 seconds left this turn.
|raw|RaymondChang01's rating: 1572 &rarr; <strong>1602</strong><br />(+30 for winning)
|raw|chopforce8's rating: 1754 &rarr; <strong>1724</strong><br />(-30 for losing)
|c|☆chopforce8|kk
|l|☆chopforce8
|c|☆RaymondChang01|oops
