|j|☆TaxFraud094
|j|☆yarik667
|t:|1662010315
|gametype|singles
|player|p1|TaxFraud094|skyla-masters2|1921
|player|p2|yarik667|marnie-masters|1801
|teamsize|p1|6
|teamsize|p2|6
|gen|8
|tier|[Gen 8] National Dex AG
|rated|
|rule|HP Percentage Mod: HP is shown in percentages
|rule|Endless Battle Clause: Forcing endless battles is banned
|clearpoke
|poke|p1|Groudon|
|poke|p1|Xerneas-*|
|poke|p1|Necrozma-Dusk-Mane|
|poke|p1|Yveltal|
|poke|p1|Zygarde|
|poke|p1|Arceus-*|
|poke|p2|Zygarde|
|poke|p2|Chansey, F|
|poke|p2|Lugia|
|poke|p2|Necrozma-Dusk-Mane|
|poke|p2|Ho-Oh|
|poke|p2|Arceus-*|
|teampreview
|inactive|Battle timer is ON: inactive players will automatically lose when time's up. (requested by TaxFraud094)
|c|☆TaxFraud094|glhf
|
|t:|1662010328
|start
|switch|p1a: Arceus|Arceus|100/100
|switch|p2a: Necrozma|Necrozma-Dusk-Mane|100/100
|turn|1
|
|t:|1662010336
|switch|p1a: Necrozma|Necrozma-Dusk-Mane|100/100
|move|p2a: Necrozma|Knock Off|p1a: Necrozma
|-supereffective|p1a: Necrozma
|-crit|p1a: Necrozma
|-damage|p1a: Necrozma|58/100
|-damage|p2a: Necrozma|84/100|[from] item: Rocky Helmet|[of] p1a: Necrozma
|-enditem|p1a: Necrozma|Rocky Helmet|[from] move: Knock Off|[of] p2a: Necrozma
|
|upkeep
|turn|2
|
|t:|1662010345
|move|p1a: Necrozma|Thunder Wave|p2a: Necrozma|[miss]
|-miss|p1a: Necrozma|p2a: Necrozma
|move|p2a: Necrozma|Stealth Rock|p1a: Necrozma
|-sidestart|p1: TaxFraud094|move: Stealth Rock
|
|upkeep
|turn|3
|
|t:|1662010351
|switch|p2a: Zygarde|Zygarde|100/100
|move|p1a: Necrozma|Moonlight|p1a: Necrozma
|-heal|p1a: Necrozma|100/100
|
|upkeep
|turn|4
|
|t:|1662010359
|move|p2a: Zygarde|Thousand Arrows|p1a: Necrozma
|-supereffective|p1a: Necrozma
|-damage|p1a: Necrozma|75/100
|move|p1a: Necrozma|Iron Head|p2a: Zygarde
|-damage|p2a: Zygarde|79/100
|
|-heal|p2a: Zygarde|85/100|[from] item: Leftovers
|upkeep
|turn|5
|
|t:|1662010366
|move|p2a: Zygarde|Thousand Arrows|p1a: Necrozma
|-supereffective|p1a: Necrozma
|-damage|p1a: Necrozma|50/100
|move|p1a: Necrozma|Iron Head|p2a: Zygarde
|-damage|p2a: Zygarde|63/100
|
|-heal|p2a: Zygarde|69/100|[from] item: Leftovers
|upkeep
|turn|6
|
|t:|1662010371
|move|p2a: Zygarde|Thousand Arrows|p1a: Necrozma
|-supereffective|p1a: Necrozma
|-damage|p1a: Necrozma|24/100
|move|p1a: Necrozma|Moonlight|p1a: Necrozma
|-heal|p1a: Necrozma|74/100
|
|-heal|p2a: Zygarde|75/100|[from] item: Leftovers
|upkeep
|turn|7
|
|t:|1662010375
|move|p2a: Zygarde|Thousand Arrows|p1a: Necrozma
|-supereffective|p1a: Necrozma
|-damage|p1a: Necrozma|48/100
|move|p1a: Necrozma|Moonlight|p1a: Necrozma
|-heal|p1a: Necrozma|98/100
|
|-heal|p2a: Zygarde|81/100|[from] item: Leftovers
|upkeep
|turn|8
|
|t:|1662010385
|switch|p1a: Zygarde|Zygarde|100/100
|-damage|p1a: Zygarde|94/100|[from] Stealth Rock
|move|p2a: Zygarde|Thousand Arrows|p1a: Zygarde
|-damage|p1a: Zygarde|78/100
|
|-heal|p2a: Zygarde|88/100|[from] item: Leftovers
|upkeep
|turn|9
|
|t:|1662010388
|move|p1a: Zygarde|Glare|p2a: Zygarde
|-status|p2a: Zygarde|par
|cant|p2a: Zygarde|par
|
|-heal|p2a: Zygarde|94/100 par|[from] item: Leftovers
|upkeep
|turn|10
|
|t:|1662010391
|move|p1a: Zygarde|Thousand Arrows|p2a: Zygarde
|-damage|p2a: Zygarde|79/100 par
|cant|p2a: Zygarde|par
|
|-heal|p2a: Zygarde|85/100 par|[from] item: Leftovers
|upkeep
|turn|11
|
|t:|1662010395
|move|p1a: Zygarde|Thousand Arrows|p2a: Zygarde
|-damage|p2a: Zygarde|69/100 par
|move|p2a: Zygarde|Toxic|p1a: Zygarde
|-status|p1a: Zygarde|tox
|
|-heal|p2a: Zygarde|75/100 par|[from] item: Leftovers
|-damage|p1a: Zygarde|72/100 tox|[from] psn
|upkeep
|turn|12
|
|t:|1662010403
|move|p1a: Zygarde|Thousand Arrows|p2a: Zygarde
|-damage|p2a: Zygarde|60/100 par
|move|p2a: Zygarde|Rest|p2a: Zygarde
|-status|p2a: Zygarde|slp|[from] move: Rest
|-heal|p2a: Zygarde|100/100 slp|[silent]
|
|-damage|p1a: Zygarde|60/100 tox|[from] psn
|upkeep
|turn|13
|
|t:|1662010409
|move|p1a: Zygarde|Glare||[still]
|-fail|p1a: Zygarde
|cant|p2a: Zygarde|slp
|
|-damage|p1a: Zygarde|41/100 tox|[from] psn
|-activate|p1a: Zygarde|ability: Power Construct
|detailschange|p1a: Zygarde|Zygarde-Complete
|-heal|p1a: Zygarde|61/100 tox|[silent]
|upkeep
|turn|14
|
|t:|1662010414
|cant|p2a: Zygarde|slp
|move|p1a: Zygarde|Rest|p1a: Zygarde
|-status|p1a: Zygarde|slp|[from] move: Rest
|-heal|p1a: Zygarde|100/100 slp|[silent]
|
|upkeep
|turn|15
|
|t:|1662010424
|switch|p2a: Lugia|Lugia, shiny|100/100
|cant|p1a: Zygarde|slp
|
|upkeep
|turn|16
|
|t:|1662010434
|switch|p1a: Necrozma|Necrozma-Dusk-Mane|98/100
|-damage|p1a: Necrozma|92/100|[from] Stealth Rock
|move|p2a: Lugia|Substitute|p2a: Lugia
|-start|p2a: Lugia|Substitute
|-damage|p2a: Lugia|75/100
|
|upkeep
|turn|17
|
|t:|1662010448
|switch|p1a: Yveltal|Yveltal|100/100
|-ability|p1a: Yveltal|Dark Aura
|move|p2a: Lugia|Recover|p2a: Lugia
|-heal|p2a: Lugia|100/100
|
|upkeep
|turn|18
|
|t:|1662010452
|move|p2a: Lugia|Toxic|p1a: Yveltal
|-status|p1a: Yveltal|tox
|move|p1a: Yveltal|Defog|p2a: Lugia
|-sideend|p1: TaxFraud094|Stealth Rock|[from] move: Defog|[of] p1a: Yveltal
|
|-damage|p1a: Yveltal|94/100 tox|[from] psn
|upkeep
|turn|19
|
|t:|1662010456
|switch|p1a: Zygarde|Zygarde-Complete|100/100 slp
|move|p2a: Lugia|Substitute|p2a: Lugia
|-fail|p2a: Lugia|move: Substitute
|
|upkeep
|turn|20
|
|t:|1662010461
|switch|p1a: Necrozma|Necrozma-Dusk-Mane|92/100
|move|p2a: Lugia|Whirlwind|p1a: Necrozma
|drag|p1a: Arceus|Arceus|100/100
|
|upkeep
|turn|21
|
|t:|1662010466
|switch|p1a: Zygarde|Zygarde-Complete|100/100 slp
|move|p2a: Lugia|Toxic|p1a: Zygarde|[miss]
|-miss|p2a: Lugia|p1a: Zygarde
|
|upkeep
|turn|22
|
|t:|1662010478
|cant|p1a: Zygarde|slp
|move|p2a: Lugia|Whirlwind|p1a: Zygarde
|drag|p1a: Arceus|Arceus|100/100
|
|upkeep
|turn|23
|
|t:|1662010482
|switch|p1a: Zygarde|Zygarde-Complete|100/100 slp
|switch|p2a: Zygarde|Zygarde|100/100 slp
|
|upkeep
|turn|24
|
|t:|1662010494
|switch|p1a: Necrozma|Necrozma-Dusk-Mane|92/100
|-curestatus|p2a: Zygarde|slp|[msg]
|move|p2a: Zygarde|Toxic|p1a: Necrozma
|-immune|p1a: Necrozma
|
|upkeep
|turn|25
|
|t:|1662010502
|switch|p1a: Zygarde|Zygarde-Complete|100/100 slp
|move|p2a: Zygarde|Thousand Arrows|p1a: Zygarde
|-damage|p1a: Zygarde|89/100 slp
|
|upkeep
|turn|26
|
|t:|1662010510
|move|p2a: Zygarde|Haze|p2a: Zygarde
|-clearallboost
|-curestatus|p1a: Zygarde|slp|[msg]
|move|p1a: Zygarde|Glare|p2a: Zygarde
|-status|p2a: Zygarde|par
|
|upkeep
|turn|27
|
|t:|1662010518
|move|p1a: Zygarde|Haze|p1a: Zygarde
|-clearallboost
|move|p2a: Zygarde|Toxic|p1a: Zygarde
|-status|p1a: Zygarde|tox
|
|-damage|p1a: Zygarde|83/100 tox|[from] psn
|upkeep
|turn|28
|
|t:|1662010521
|move|p1a: Zygarde|Haze|p1a: Zygarde
|-clearallboost
|move|p2a: Zygarde|Haze|p2a: Zygarde
|-clearallboost
|
|-damage|p1a: Zygarde|71/100 tox|[from] psn
|upkeep
|turn|29
|
|t:|1662010523
|move|p1a: Zygarde|Haze|p1a: Zygarde
|-clearallboost
|cant|p2a: Zygarde|par
|
|-damage|p1a: Zygarde|52/100 tox|[from] psn
|upkeep
|turn|30
|
|t:|1662010526
|move|p1a: Zygarde|Rest|p1a: Zygarde
|-status|p1a: Zygarde|slp|[from] move: Rest
|-heal|p1a: Zygarde|100/100 slp|[silent]
|move|p2a: Zygarde|Haze|p2a: Zygarde
|-clearallboost
|
|upkeep
|turn|31
|
|t:|1662010530
|switch|p2a: Lugia|Lugia, shiny|100/100
|cant|p1a: Zygarde|slp
|
|upkeep
|turn|32
|
|t:|1662010534
|switch|p2a: Zygarde|Zygarde|100/100 par
|switch|p1a: Necrozma|Necrozma-Dusk-Mane|92/100
|
|upkeep
|turn|33
|
|t:|1662010538
|switch|p1a: Zygarde|Zygarde-Complete|100/100 slp
|move|p2a: Zygarde|Haze|p2a: Zygarde
|-clearallboost
|
|upkeep
|turn|34
|
|t:|1662010543
|switch|p2a: Lugia|Lugia, shiny|100/100
|cant|p1a: Zygarde|slp
|
|upkeep
|turn|35
|
|t:|1662010547
|switch|p2a: Zygarde|Zygarde|100/100 par
|switch|p1a: Necrozma|Necrozma-Dusk-Mane|92/100
|
|upkeep
|turn|36
|
|t:|1662010549
|switch|p1a: Zygarde|Zygarde-Complete|100/100 slp
|switch|p2a: Necrozma|Necrozma-Dusk-Mane|84/100
|
|upkeep
|turn|37
|
|t:|1662010574
|switch|p1a: Groudon|Groudon|100/100
|detailschange|p1a: Groudon|Groudon-Primal
|-primal|p1a: Groudon
|-weather|DesolateLand|[from] ability: Desolate Land|[of] p1a: Groudon
|move|p2a: Necrozma|Stealth Rock|p1a: Groudon
|-sidestart|p1: TaxFraud094|move: Stealth Rock
|
|-weather|DesolateLand|[upkeep]
|upkeep
|turn|38
|
|t:|1662010583
|switch|p2a: Lugia|Lugia, shiny|100/100
|move|p1a: Groudon|Swords Dance|p1a: Groudon
|-boost|p1a: Groudon|atk|2
|
|-weather|DesolateLand|[upkeep]
|upkeep
|turn|39
|
|t:|1662010585
|move|p1a: Groudon|Stone Edge|p2a: Lugia|[miss]
|-miss|p1a: Groudon|p2a: Lugia
|move|p2a: Lugia|Whirlwind|p1a: Groudon
|-weather|none
|drag|p1a: Zygarde|Zygarde-Complete|100/100 slp
|-damage|p1a: Zygarde|94/100 slp|[from] Stealth Rock
|
|upkeep
|turn|40
|
|t:|1662010593
|switch|p2a: Zygarde|Zygarde|100/100 par
|switch|p1a: Necrozma|Necrozma-Dusk-Mane|92/100
|-damage|p1a: Necrozma|86/100|[from] Stealth Rock
|
|upkeep
|turn|41
|
|t:|1662010598
|switch|p1a: Yveltal|Yveltal|94/100 tox
|-ability|p1a: Yveltal|Dark Aura
|move|p2a: Zygarde|Thousand Arrows|p1a: Yveltal
|-crit|p1a: Yveltal
|-damage|p1a: Yveltal|59/100 tox
|-start|p1a: Yveltal|Smack Down
|
|-damage|p1a: Yveltal|53/100 tox|[from] psn
|upkeep
|turn|42
|
|t:|1662010601
|move|p1a: Yveltal|Defog|p2a: Zygarde
|-unboost|p2a: Zygarde|evasion|1
|-sideend|p1: TaxFraud094|Stealth Rock|[from] move: Defog|[of] p1a: Yveltal
|move|p2a: Zygarde|Thousand Arrows|p1a: Yveltal
|-damage|p1a: Yveltal|28/100 tox
|
|-damage|p1a: Yveltal|16/100 tox|[from] psn
|upkeep
|turn|43
|
|t:|1662010604
|move|p1a: Yveltal|Roost|p1a: Yveltal
|-heal|p1a: Yveltal|66/100 tox
|-singleturn|p1a: Yveltal|move: Roost
|cant|p2a: Zygarde|par
|
|-damage|p1a: Yveltal|48/100 tox|[from] psn
|upkeep
|turn|44
|
|t:|1662010612
|move|p1a: Yveltal|U-turn|p2a: Zygarde
|-damage|p2a: Zygarde|89/100 par
|
|t:|1662010614
|switch|p1a: Zygarde|Zygarde-Complete|94/100 slp|[from]move: U-turn
|move|p2a: Zygarde|Thousand Arrows|p1a: Zygarde
|-crit|p1a: Zygarde
|-damage|p1a: Zygarde|77/100 slp
|
|-heal|p2a: Zygarde|95/100 par|[from] item: Leftovers
|upkeep
|turn|45
|
|t:|1662010633
|switch|p1a: Necrozma|Necrozma-Dusk-Mane|86/100
|move|p2a: Zygarde|Rest|p2a: Zygarde
|-status|p2a: Zygarde|slp|[from] move: Rest
|-heal|p2a: Zygarde|100/100 slp|[silent]
|
|upkeep
|turn|46
|
|t:|1662010647
|switch|p1a: Groudon|Groudon-Primal|100/100
|-weather|DesolateLand|[from] ability: Desolate Land|[of] p1a: Groudon
|cant|p2a: Zygarde|slp
|
|-weather|DesolateLand|[upkeep]
|upkeep
|turn|47
|
|t:|1662010652
|switch|p2a: Lugia|Lugia, shiny|100/100
|move|p1a: Groudon|Swords Dance|p1a: Groudon
|-boost|p1a: Groudon|atk|2
|
|-weather|DesolateLand|[upkeep]
|upkeep
|turn|48
|
|t:|1662010655
|move|p1a: Groudon|Stone Edge|p2a: Lugia
|-supereffective|p2a: Lugia
|-damage|p2a: Lugia|58/100
|move|p2a: Lugia|Whirlwind|p1a: Groudon
|-weather|none
|drag|p1a: Arceus|Arceus|100/100
|
|upkeep
|turn|49
|
|t:|1662010668
|switch|p1a: Zygarde|Zygarde-Complete|77/100 slp
|move|p2a: Lugia|Recover|p2a: Lugia
|-heal|p2a: Lugia|100/100
|
|upkeep
|turn|50
|
|t:|1662010672
|switch|p1a: Necrozma|Necrozma-Dusk-Mane|86/100
|move|p2a: Lugia|Substitute|p2a: Lugia
|-start|p2a: Lugia|Substitute
|-damage|p2a: Lugia|75/100
|
|upkeep
|turn|51
|
|t:|1662010676
|switch|p1a: Zygarde|Zygarde-Complete|77/100 slp
|move|p2a: Lugia|Recover|p2a: Lugia
|-heal|p2a: Lugia|100/100
|
|upkeep
|turn|52
|
|t:|1662010681
|switch|p1a: Necrozma|Necrozma-Dusk-Mane|86/100
|move|p2a: Lugia|Whirlwind|p1a: Necrozma
|drag|p1a: Groudon|Groudon-Primal|100/100
|-weather|DesolateLand|[from] ability: Desolate Land|[of] p1a: Groudon
|
|-weather|DesolateLand|[upkeep]
|upkeep
|turn|53
|
|t:|1662010684
|-weather|none
|switch|p1a: Zygarde|Zygarde-Complete|77/100 slp
|move|p2a: Lugia|Toxic||[still]
|-fail|p2a: Lugia
|
|upkeep
|turn|54
|
|t:|1662010688
|switch|p2a: Zygarde|Zygarde|100/100 slp
|switch|p1a: Necrozma|Necrozma-Dusk-Mane|86/100
|
|upkeep
|turn|55
|
|t:|1662010694
|switch|p1a: Groudon|Groudon-Primal|100/100
|-weather|DesolateLand|[from] ability: Desolate Land|[of] p1a: Groudon
|cant|p2a: Zygarde|slp
|
|-weather|DesolateLand|[upkeep]
|upkeep
|turn|56
|
|t:|1662010703
|-weather|none
|switch|p1a: Necrozma|Necrozma-Dusk-Mane|86/100
|-curestatus|p2a: Zygarde|slp|[msg]
|move|p2a: Zygarde|Toxic|p1a: Necrozma
|-immune|p1a: Necrozma
|
|upkeep
|turn|57
|
|t:|1662010723
|switch|p2a: Arceus|Arceus-Dark|100/100
|switch|p1a: Zygarde|Zygarde-Complete|77/100 slp
|
|upkeep
|turn|58
|
|t:|1662010727
|switch|p1a: Yveltal|Yveltal|48/100 tox
|-ability|p1a: Yveltal|Dark Aura
|move|p2a: Arceus|Whirlpool|p1a: Yveltal|[miss]
|-miss|p2a: Arceus|p1a: Yveltal
|
|-damage|p1a: Yveltal|41/100 tox|[from] psn
|upkeep
|turn|59
|
|t:|1662010733
|move|p2a: Arceus|Perish Song|p2a: Arceus
|-start|p1a: Yveltal|perish3|[silent]
|-start|p2a: Arceus|perish3|[silent]
|-fieldactivate|move: Perish Song
|move|p1a: Yveltal|Roost|p1a: Yveltal
|-heal|p1a: Yveltal|91/100 tox
|-singleturn|p1a: Yveltal|move: Roost
|
|-damage|p1a: Yveltal|79/100 tox|[from] psn
|-start|p2a: Arceus|perish3
|-start|p1a: Yveltal|perish3
|upkeep
|turn|60
|
|t:|1662010748
|switch|p1a: Arceus|Arceus|100/100
|move|p2a: Arceus|Whirlpool|p1a: Arceus
|-damage|p1a: Arceus|94/100
|-activate|p1a: Arceus|move: Whirlpool|[of] p2a: Arceus
|
|-heal|p1a: Arceus|99/100|[from] item: Leftovers
|-damage|p1a: Arceus|87/100|[from] move: Whirlpool|[partiallytrapped]
|-start|p2a: Arceus|perish2
|upkeep
|turn|61
|
|t:|1662010752
|move|p1a: Arceus|Swords Dance|p1a: Arceus
|-boost|p1a: Arceus|atk|2
|move|p2a: Arceus|Perish Song|p2a: Arceus
|-start|p1a: Arceus|perish3|[silent]
|-fieldactivate|move: Perish Song
|
|-heal|p1a: Arceus|93/100|[from] item: Leftovers
|-damage|p1a: Arceus|81/100|[from] move: Whirlpool|[partiallytrapped]
|-start|p1a: Arceus|perish3
|-start|p2a: Arceus|perish1
|upkeep
|turn|62
|
|t:|1662010762
|switch|p2a: Zygarde|Zygarde|100/100
|move|p1a: Arceus|Shadow Claw|p2a: Zygarde
|-damage|p2a: Zygarde|76/100
|
|-heal|p1a: Arceus|87/100|[from] item: Leftovers
|-heal|p2a: Zygarde|82/100|[from] item: Leftovers
|-end|p1a: Arceus|Whirlpool|[partiallytrapped]|[silent]
|-start|p1a: Arceus|perish2
|upkeep
|turn|63
|
|t:|1662010767
|switch|p1a: Zygarde|Zygarde-Complete|77/100 slp
|move|p2a: Zygarde|Haze|p2a: Zygarde
|-clearallboost
|
|-heal|p2a: Zygarde|89/100|[from] item: Leftovers
|upkeep
|turn|64
|
|t:|1662010770
|switch|p2a: Arceus|Arceus-Dark|100/100
|switch|p1a: Necrozma|Necrozma-Dusk-Mane|86/100
|
|upkeep
|turn|65
|
|t:|1662010773
|switch|p1a: Yveltal|Yveltal|79/100 tox
|-ability|p1a: Yveltal|Dark Aura
|move|p2a: Arceus|Whirlpool|p1a: Yveltal
|-damage|p1a: Yveltal|73/100 tox
|-activate|p1a: Yveltal|move: Whirlpool|[of] p2a: Arceus
|
|-damage|p1a: Yveltal|67/100 tox|[from] psn
|-damage|p1a: Yveltal|55/100 tox|[from] move: Whirlpool|[partiallytrapped]
|upkeep
|turn|66
|
|t:|1662010780
|move|p2a: Arceus|Whirlpool|p1a: Yveltal
|-damage|p1a: Yveltal|50/100 tox
|move|p1a: Yveltal|Roost|p1a: Yveltal
|-heal|p1a: Yveltal|99/100 tox
|-singleturn|p1a: Yveltal|move: Roost
|
|-damage|p1a: Yveltal|88/100 tox|[from] psn
|-damage|p1a: Yveltal|75/100 tox|[from] move: Whirlpool|[partiallytrapped]
|upkeep
|turn|67
|
|t:|1662010784
|move|p2a: Arceus|Whirlpool|p1a: Yveltal
|-crit|p1a: Yveltal
|-damage|p1a: Yveltal|67/100 tox
|move|p1a: Yveltal|U-turn|p2a: Arceus
|-supereffective|p2a: Arceus
|-damage|p2a: Arceus|74/100
|
|t:|1662010789
|switch|p1a: Xerneas|Xerneas, shiny|100/100|[from]move: U-turn
|-ability|p1a: Xerneas|Fairy Aura
|
|upkeep
|turn|68
|
|t:|1662010794
|switch|p2a: Chansey|Chansey, F|100/100
|move|p1a: Xerneas|Moonblast|p2a: Chansey
|-damage|p2a: Chansey|82/100
|-unboost|p2a: Chansey|spa|1
|
|upkeep
|turn|69
|
|t:|1662010800
|switch|p1a: Arceus|Arceus|87/100
|move|p2a: Chansey|Seismic Toss|p1a: Arceus
|-damage|p1a: Arceus|64/100
|
|-heal|p1a: Arceus|71/100|[from] item: Leftovers
|upkeep
|turn|70
|
|t:|1662010812
|switch|p2a: Zygarde|Zygarde|89/100
|move|p1a: Arceus|Swords Dance|p1a: Arceus
|-boost|p1a: Arceus|atk|2
|
|-heal|p1a: Arceus|77/100|[from] item: Leftovers
|-heal|p2a: Zygarde|95/100|[from] item: Leftovers
|upkeep
|turn|71
|
|t:|1662010815
|switch|p1a: Zygarde|Zygarde-Complete|77/100 slp
|move|p2a: Zygarde|Haze|p2a: Zygarde
|-clearallboost
|
|-heal|p2a: Zygarde|100/100|[from] item: Leftovers
|upkeep
|turn|72
|
|t:|1662010823
|switch|p2a: Necrozma|Necrozma-Dusk-Mane|84/100
|switch|p1a: Necrozma|Necrozma-Dusk-Mane|86/100
|
|upkeep
|turn|73
|
|t:|1662010830
|switch|p1a: Groudon|Groudon-Primal|100/100
|-weather|DesolateLand|[from] ability: Desolate Land|[of] p1a: Groudon
|switch|p2a: Zygarde|Zygarde|100/100
|
|-weather|DesolateLand|[upkeep]
|upkeep
|turn|74
|
|t:|1662010836
|-weather|none
|switch|p1a: Zygarde|Zygarde-Complete|77/100 slp
|move|p2a: Zygarde|Toxic||[still]
|-fail|p2a: Zygarde
|
|upkeep
|turn|75
|
|t:|1662010857
|switch|p2a: Arceus|Arceus-Dark|74/100
|switch|p1a: Arceus|Arceus|77/100
|
|-heal|p1a: Arceus|83/100|[from] item: Leftovers
|upkeep
|turn|76
|
|t:|1662010862
|switch|p1a: Yveltal|Yveltal|67/100 tox
|-ability|p1a: Yveltal|Dark Aura
|switch|p2a: Zygarde|Zygarde|100/100
|
|-damage|p1a: Yveltal|60/100 tox|[from] psn
|upkeep
|turn|77
|
|t:|1662010875
|switch|p1a: Necrozma|Necrozma-Dusk-Mane|86/100
|move|p2a: Zygarde|Haze|p2a: Zygarde
|-clearallboost
|
|upkeep
|turn|78
|
|t:|1662010884
|switch|p2a: Necrozma|Necrozma-Dusk-Mane|84/100
|move|p1a: Necrozma|Iron Head|p2a: Necrozma
|-resisted|p2a: Necrozma
|-damage|p2a: Necrozma|73/100
|-damage|p1a: Necrozma|70/100|[from] item: Rocky Helmet|[of] p2a: Necrozma
|
|upkeep
|turn|79
|
|t:|1662010890
|move|p1a: Necrozma|Thunder Wave|p2a: Necrozma
|-status|p2a: Necrozma|par
|move|p2a: Necrozma|Stealth Rock|p1a: Necrozma
|-sidestart|p1: TaxFraud094|move: Stealth Rock
|
|upkeep
|turn|80
|
|t:|1662010895
|move|p1a: Necrozma|Earthquake|p2a: Necrozma
|-supereffective|p2a: Necrozma
|-damage|p2a: Necrozma|44/100 par
|move|p2a: Necrozma|Knock Off|p1a: Necrozma
|-supereffective|p1a: Necrozma
|-damage|p1a: Necrozma|52/100
|
|upkeep
|turn|81
|
|t:|1662010901
|move|p1a: Necrozma|Moonlight|p1a: Necrozma
|-heal|p1a: Necrozma|100/100
|move|p2a: Necrozma|Moonlight|p2a: Necrozma
|-heal|p2a: Necrozma|94/100 par
|
|upkeep
|turn|82
|
|t:|1662010907
|move|p1a: Necrozma|Earthquake|p2a: Necrozma
|-supereffective|p2a: Necrozma
|-damage|p2a: Necrozma|70/100 par
|move|p2a: Necrozma|Knock Off|p1a: Necrozma
|-supereffective|p1a: Necrozma
|-damage|p1a: Necrozma|84/100
|
|upkeep
|turn|83
|
|t:|1662010912
|move|p1a: Necrozma|Earthquake|p2a: Necrozma
|-supereffective|p2a: Necrozma
|-damage|p2a: Necrozma|45/100 par
|move|p2a: Necrozma|Moonlight|p2a: Necrozma
|-heal|p2a: Necrozma|95/100 par
|
|upkeep
|turn|84
|
|t:|1662010917
|move|p1a: Necrozma|Earthquake|p2a: Necrozma
|-supereffective|p2a: Necrozma
|-damage|p2a: Necrozma|67/100 par
|move|p2a: Necrozma|Knock Off|p1a: Necrozma
|-supereffective|p1a: Necrozma
|-damage|p1a: Necrozma|64/100
|
|upkeep
|turn|85
|
|t:|1662010925
|move|p1a: Necrozma|Thunder Wave|p2a: Necrozma
|-fail|p2a: Necrozma|par
|move|p2a: Necrozma|Moonlight|p2a: Necrozma
|-heal|p2a: Necrozma|100/100 par
|
|upkeep
|turn|86
|
|t:|1662010932
|move|p1a: Necrozma|Earthquake|p2a: Necrozma
|-supereffective|p2a: Necrozma
|-damage|p2a: Necrozma|73/100 par
|move|p2a: Necrozma|Knock Off|p1a: Necrozma
|-supereffective|p1a: Necrozma
|-damage|p1a: Necrozma|48/100
|
|upkeep
|turn|87
|
|t:|1662010937
|move|p1a: Necrozma|Moonlight|p1a: Necrozma
|-heal|p1a: Necrozma|98/100
|cant|p2a: Necrozma|par
|
|upkeep
|turn|88
|
|t:|1662010942
|move|p1a: Necrozma|Earthquake|p2a: Necrozma
|-supereffective|p2a: Necrozma
|-damage|p2a: Necrozma|49/100 par
|cant|p2a: Necrozma|par
|
|upkeep
|turn|89
|
|t:|1662010949
|move|p1a: Necrozma|Earthquake|p2a: Necrozma
|-supereffective|p2a: Necrozma
|-damage|p2a: Necrozma|22/100 par
|cant|p2a: Necrozma|par
|
|upkeep
|turn|90
|
|t:|1662010965
|switch|p2a: Zygarde|Zygarde|100/100
|move|p1a: Necrozma|Earthquake|p2a: Zygarde
|-damage|p2a: Zygarde|81/100
|
|-heal|p2a: Zygarde|88/100|[from] item: Leftovers
|upkeep
|turn|91
|
|t:|1662010970
|switch|p2a: Necrozma|Necrozma-Dusk-Mane|22/100 par
|switch|p1a: Zygarde|Zygarde-Complete|77/100 slp
|-damage|p1a: Zygarde|71/100 slp|[from] Stealth Rock
|
|upkeep
|turn|92
|
|t:|1662010981
|switch|p2a: Zygarde|Zygarde|88/100
|-curestatus|p1a: Zygarde|slp|[msg]
|move|p1a: Zygarde|Thousand Arrows|p2a: Zygarde
|-damage|p2a: Zygarde|70/100
|
|-heal|p2a: Zygarde|77/100|[from] item: Leftovers
|upkeep
|turn|93
|
|t:|1662010986
|switch|p1a: Necrozma|Necrozma-Dusk-Mane|98/100
|-damage|p1a: Necrozma|92/100|[from] Stealth Rock
|move|p2a: Zygarde|Thousand Arrows|p1a: Necrozma
|-supereffective|p1a: Necrozma
|-damage|p1a: Necrozma|68/100
|
|-heal|p2a: Zygarde|83/100|[from] item: Leftovers
|upkeep
|turn|94
|
|t:|1662011000
|move|p2a: Zygarde|Rest|p2a: Zygarde
|-status|p2a: Zygarde|slp|[from] move: Rest
|-heal|p2a: Zygarde|100/100 slp|[silent]
|move|p1a: Necrozma|Iron Head|p2a: Zygarde
|-damage|p2a: Zygarde|81/100 slp
|
|-heal|p2a: Zygarde|87/100 slp|[from] item: Leftovers
|upkeep
|turn|95
|
|t:|1662011013
|switch|p2a: Arceus|Arceus-Dark|74/100
|switch|p1a: Yveltal|Yveltal|60/100 tox
|-ability|p1a: Yveltal|Dark Aura
|
|-damage|p1a: Yveltal|54/100 tox|[from] psn
|upkeep
|turn|96
|
|t:|1662011018
|move|p2a: Arceus|Whirlpool|p1a: Yveltal
|-damage|p1a: Yveltal|48/100 tox
|-activate|p1a: Yveltal|move: Whirlpool|[of] p2a: Arceus
|move|p1a: Yveltal|Defog|p2a: Arceus
|-unboost|p2a: Arceus|evasion|1
|-sideend|p1: TaxFraud094|Stealth Rock|[from] move: Defog|[of] p1a: Yveltal
|
|-damage|p1a: Yveltal|36/100 tox|[from] psn
|-damage|p1a: Yveltal|24/100 tox|[from] move: Whirlpool|[partiallytrapped]
|upkeep
|turn|97
|
|t:|1662011023
|move|p2a: Arceus|Snarl|p1a: Yveltal
|-resisted|p1a: Yveltal
|-damage|p1a: Yveltal|14/100 tox
|-unboost|p1a: Yveltal|spa|1
|move|p1a: Yveltal|Roost|p1a: Yveltal
|-heal|p1a: Yveltal|64/100 tox
|-singleturn|p1a: Yveltal|move: Roost
|
|-damage|p1a: Yveltal|46/100 tox|[from] psn
|-damage|p1a: Yveltal|34/100 tox|[from] move: Whirlpool|[partiallytrapped]
|upkeep
|turn|98
|
|t:|1662011032
|move|p2a: Arceus|Recover|p2a: Arceus
|-heal|p2a: Arceus|100/100
|move|p1a: Yveltal|Roost|p1a: Yveltal
|-heal|p1a: Yveltal|84/100 tox
|-singleturn|p1a: Yveltal|move: Roost
|
|-damage|p1a: Yveltal|59/100 tox|[from] psn
|-damage|p1a: Yveltal|47/100 tox|[from] move: Whirlpool|[partiallytrapped]
|upkeep
|turn|99
|
|t:|1662011037
|move|p2a: Arceus|Whirlpool|p1a: Yveltal
|-damage|p1a: Yveltal|42/100 tox
|move|p1a: Yveltal|U-turn|p2a: Arceus
|-supereffective|p2a: Arceus
|-damage|p2a: Arceus|75/100
|
|t:|1662011047
|switch|p1a: Xerneas|Xerneas, shiny|100/100|[from]move: U-turn
|-ability|p1a: Xerneas|Fairy Aura
|
|upkeep
|turn|100
|
|t:|1662011050
|switch|p2a: Chansey|Chansey, F|82/100
|move|p1a: Xerneas|Moonblast|p2a: Chansey
|-damage|p2a: Chansey|62/100
|
|upkeep
|turn|101
|
|t:|1662011058
|switch|p1a: Arceus|Arceus|83/100
|move|p2a: Chansey|Soft-Boiled|p2a: Chansey
|-heal|p2a: Chansey|100/100
|
|-heal|p1a: Arceus|89/100|[from] item: Leftovers
|upkeep
|turn|102
|
|t:|1662011066
|switch|p2a: Lugia|Lugia, shiny|100/100
|move|p1a: Arceus|Swords Dance|p1a: Arceus
|-boost|p1a: Arceus|atk|2
|
|-heal|p1a: Arceus|95/100|[from] item: Leftovers
|upkeep
|turn|103
|
|t:|1662011086
|-start|p1a: Arceus|Dynamax|
|-heal|p1a: Arceus|95/100|[silent]
|move|p1a: Arceus|Max Phantasm|p2a: Lugia
|-supereffective|p2a: Lugia
|-damage|p2a: Lugia|60/100
|-unboost|p2a: Lugia|def|1
|move|p2a: Lugia|Whirlwind|p1a: Arceus
|-block|p1a: Arceus|Dynamax
|
|-heal|p1a: Arceus|98/100|[from] item: Leftovers
|upkeep
|turn|104
|
|t:|1662011097
|switch|p2a: Zygarde|Zygarde|87/100 slp
|move|p1a: Arceus|Max Strike|p2a: Zygarde
|-damage|p2a: Zygarde|14/100 slp
|-unboost|p2a: Zygarde|spe|1
|
|-heal|p1a: Arceus|100/100|[from] item: Leftovers
|-heal|p2a: Zygarde|20/100 slp|[from] item: Leftovers
|-activate|p2a: Zygarde|ability: Power Construct
|detailschange|p2a: Zygarde|Zygarde-Complete
|-heal|p2a: Zygarde|47/100 slp|[silent]
|upkeep
|turn|105
|
|t:|1662011115
|switch|p2a: Necrozma|Necrozma-Dusk-Mane|22/100 par
|move|p1a: Arceus|Max Strike|p2a: Necrozma
|-resisted|p2a: Necrozma
|-damage|p2a: Necrozma|0 fnt
|faint|p2a: Necrozma
|
|upkeep
|
|t:|1662011117
|switch|p2a: Lugia|Lugia, shiny|60/100
|-end|p1a: Arceus|Dynamax
|-heal|p1a: Arceus|100/100|[silent]
|turn|106
|
|t:|1662011120
|move|p1a: Arceus|Shadow Claw|p2a: Lugia
|-supereffective|p2a: Lugia
|-damage|p2a: Lugia|11/100
|move|p2a: Lugia|Recover|p2a: Lugia
|-heal|p2a: Lugia|61/100
|
|upkeep
|turn|107
|
|t:|1662011126
|move|p1a: Arceus|Shadow Claw|p2a: Lugia
|-supereffective|p2a: Lugia
|-damage|p2a: Lugia|13/100
|move|p2a: Lugia|Recover|p2a: Lugia
|-heal|p2a: Lugia|63/100
|
|upkeep
|turn|108
|
|t:|1662011130
|move|p1a: Arceus|Shadow Claw|p2a: Lugia
|-supereffective|p2a: Lugia
|-damage|p2a: Lugia|10/100
|move|p2a: Lugia|Recover|p2a: Lugia
|-heal|p2a: Lugia|60/100
|
|upkeep
|turn|109
|
|t:|1662011135
|move|p1a: Arceus|Shadow Claw|p2a: Lugia
|-supereffective|p2a: Lugia
|-damage|p2a: Lugia|5/100
|move|p2a: Lugia|Recover|p2a: Lugia
|-heal|p2a: Lugia|55/100
|
|upkeep
|turn|110
|
|t:|1662011143
|move|p1a: Arceus|Shadow Claw|p2a: Lugia
|-supereffective|p2a: Lugia
|-damage|p2a: Lugia|4/100
|move|p2a: Lugia|Toxic|p1a: Arceus
|-status|p1a: Arceus|tox
|
|-damage|p1a: Arceus|94/100 tox|[from] psn
|upkeep
|turn|111
|
|t:|1662011157
|move|p1a: Arceus|Swords Dance|p1a: Arceus
|-boost|p1a: Arceus|atk|2
|move|p2a: Lugia|Recover|p2a: Lugia
|-heal|p2a: Lugia|54/100
|
|-heal|p1a: Arceus|100/100 tox|[from] item: Leftovers
|-damage|p1a: Arceus|88/100 tox|[from] psn
|upkeep
|turn|112
|
|t:|1662011161
|move|p1a: Arceus|Shadow Claw|p2a: Lugia
|-supereffective|p2a: Lugia
|-damage|p2a: Lugia|0 fnt
|faint|p2a: Lugia
|
|-heal|p1a: Arceus|94/100 tox|[from] item: Leftovers
|-damage|p1a: Arceus|76/100 tox|[from] psn
|upkeep
|
|t:|1662011167
|switch|p2a: Arceus|Arceus-Dark|75/100
|turn|113
|
|t:|1662011174
|move|p1a: Arceus|Extreme Speed|p2a: Arceus
|-damage|p2a: Arceus|0 fnt
|faint|p2a: Arceus
|
|-heal|p1a: Arceus|82/100 tox|[from] item: Leftovers
|-damage|p1a: Arceus|58/100 tox|[from] psn
|upkeep
|
|t:|1662011177
|switch|p2a: Zygarde|Zygarde-Complete|47/100 slp
|turn|114
|
|t:|1662011179
|move|p1a: Arceus|Extreme Speed|p2a: Zygarde
|-damage|p2a: Zygarde|5/100 slp
|cant|p2a: Zygarde|slp
|
|-heal|p1a: Arceus|64/100 tox|[from] item: Leftovers
|-heal|p2a: Zygarde|11/100 slp|[from] item: Leftovers
|-damage|p1a: Arceus|33/100 tox|[from] psn
|upkeep
|turn|115
|
|t:|1662011185
|move|p1a: Arceus|Extreme Speed|p2a: Zygarde
|-damage|p2a: Zygarde|0 fnt
|faint|p2a: Zygarde
|
|-heal|p1a: Arceus|39/100 tox|[from] item: Leftovers
|-damage|p1a: Arceus|3/100 tox|[from] psn
|upkeep
|
|t:|1662011191
|switch|p2a: Ho-Oh|Ho-Oh|100/100
|turn|116
|
|t:|1662011196
|switch|p2a: Chansey|Chansey, F|100/100
|move|p1a: Arceus|Extreme Speed|p2a: Chansey
|-damage|p2a: Chansey|9/100
|
|-heal|p1a: Arceus|9/100 tox|[from] item: Leftovers
|-damage|p1a: Arceus|0 fnt|[from] psn
|faint|p1a: Arceus
|upkeep
|
|t:|1662011198
|switch|p1a: Xerneas|Xerneas, shiny|100/100
|-ability|p1a: Xerneas|Fairy Aura
|turn|117
|
|t:|1662011202
|move|p1a: Xerneas|Moonblast|p2a: Chansey
|-crit|p2a: Chansey
|-damage|p2a: Chansey|0 fnt
|faint|p2a: Chansey
|
|upkeep
|
|t:|1662011203
|switch|p2a: Ho-Oh|Ho-Oh|100/100
|turn|118
|
|t:|1662011206
|switch|p1a: Groudon|Groudon-Primal|100/100
|-weather|DesolateLand|[from] ability: Desolate Land|[of] p1a: Groudon
|move|p2a: Ho-Oh|Toxic|p1a: Groudon
|-status|p1a: Groudon|tox
|
|-weather|DesolateLand|[upkeep]
|-damage|p1a: Groudon|94/100 tox|[from] psn
|upkeep
|turn|119
|
|t:|1662011209
|-start|p2a: Ho-Oh|Dynamax|
|-heal|p2a: Ho-Oh|100/100|[silent]
|move|p1a: Groudon|Stone Edge|p2a: Ho-Oh
|-supereffective|p2a: Ho-Oh
|-damage|p2a: Ho-Oh|18/100
|move|p2a: Ho-Oh|Max Flare|p1a: Groudon
|-resisted|p1a: Groudon
|-damage|p1a: Groudon|72/100 tox
|
|-weather|DesolateLand|[upkeep]
|-damage|p1a: Groudon|59/100 tox|[from] psn
|upkeep
|turn|120
|
|t:|1662011212
|move|p2a: Ho-Oh|Max Guard|p2a: Ho-Oh
|-singleturn|p2a: Ho-Oh|Max Guard
|move|p1a: Groudon|Stone Edge|p2a: Ho-Oh
|-activate|p2a: Ho-Oh|move: Max Guard
|
|-weather|DesolateLand|[upkeep]
|-damage|p1a: Groudon|41/100 tox|[from] psn
|upkeep
|turn|121
|c|☆TaxFraud094|gg
|
|t:|1662011216
|move|p1a: Groudon|Stone Edge|p2a: Ho-Oh
|-supereffective|p2a: Ho-Oh
|-damage|p2a: Ho-Oh|0 fnt
|faint|p2a: Ho-Oh
|
|win|TaxFraud094
|raw|TaxFraud094's rating: 1921 &rarr; <strong>1934</strong><br />(+13 for winning)
|raw|yarik667's rating: 1801 &rarr; <strong>1788</strong><br />(-13 for losing)
|l|☆yarik667
