|j|☆LeonQAQ
|j|☆yarik667
|t:|1660288192
|gametype|singles
|player|p1|LeonQAQ|hilda-wonderlauncher|1517
|player|p2|yarik667|marnie-masters|1645
|teamsize|p1|6
|teamsize|p2|6
|gen|8
|tier|[Gen 8] National Dex AG
|rated|
|rule|HP Percentage Mod: HP is shown in percentages
|rule|Endless Battle Clause: Forcing endless battles is banned
|clearpoke
|poke|p1|Alakazam, M|
|poke|p1|Indeedee-F, F|
|poke|p1|Marshadow|
|poke|p1|Yveltal|
|poke|p1|Deoxys-Speed|
|poke|p1|Zacian-*|
|poke|p2|Ho-Oh|
|poke|p2|Necrozma-Dusk-Mane|
|poke|p2|Giratina|
|poke|p2|Chansey, F|
|poke|p2|Lugia|
|poke|p2|Tyranitar, M|
|teampreview
|inactive|Battle timer is ON: inactive players will automatically lose when time's up. (requested by LeonQAQ)
|
|t:|1660288202
|start
|switch|p1a: Deoxys|Deoxys-Speed|100/100
|switch|p2a: Necrozma|Necrozma-Dusk-Mane|100/100
|-ability|p1a: Deoxys|Pressure
|turn|1
|
|t:|1660288209
|move|p1a: Deoxys|Reflect|p1a: Deoxys
|-sidestart|p1: LeonQAQ|Reflect
|move|p2a: Necrozma|Knock Off|p1a: Deoxys
|-supereffective|p1a: Deoxys
|-damage|p1a: Deoxys|60/100
|-enditem|p1a: Deoxys|Light Clay|[from] move: Knock Off|[of] p2a: Necrozma
|
|upkeep
|turn|2
|
|t:|1660288222
|move|p1a: Deoxys|Stealth Rock|p2a: Necrozma
|-sidestart|p2: yarik667|move: Stealth Rock
|move|p2a: Necrozma|Stealth Rock|p1a: Deoxys
|-sidestart|p1: LeonQAQ|move: Stealth Rock
|
|upkeep
|turn|3
|
|t:|1660288226
|switch|p2a: Ho-Oh|Ho-Oh|100/100
|move|p1a: Deoxys|Light Screen|p1a: Deoxys
|-sidestart|p1: LeonQAQ|move: Light Screen
|
|upkeep
|turn|4
|
|t:|1660288242
|move|p1a: Deoxys|Stealth Rock||[still]
|-fail|p1a: Deoxys
|move|p2a: Ho-Oh|Defog|p1a: Deoxys
|-unboost|p1a: Deoxys|evasion|1
|-sideend|p1: LeonQAQ|Reflect
|-sideend|p1: LeonQAQ|move: Light Screen
|-sideend|p1: LeonQAQ|Stealth Rock|[from] move: Defog|[of] p2a: Ho-Oh
|-sideend|p2: yarik667|Stealth Rock|[from] move: Defog|[of] p2a: Ho-Oh
|
|upkeep
|turn|5
|
|t:|1660288246
|move|p1a: Deoxys|Stealth Rock|p2a: Ho-Oh
|-sidestart|p2: yarik667|move: Stealth Rock
|move|p2a: Ho-Oh|Sacred Fire|p1a: Deoxys
|-damage|p1a: Deoxys|9/100
|-status|p1a: Deoxys|brn
|
|-damage|p1a: Deoxys|2/100 brn|[from] brn
|upkeep
|turn|6
|
|t:|1660288273
|move|p2a: Ho-Oh|Defog|p1a: Deoxys
|-unboost|p1a: Deoxys|evasion|1
|-sideend|p2: yarik667|Stealth Rock|[from] move: Defog|[of] p2a: Ho-Oh
|move|p1a: Deoxys|Teleport|p1a: Deoxys
|j| rahull
|
|t:|1660288275
|switch|p1a: Indeedee|Indeedee-F, F|100/100|[from]move: Teleport
|-fieldstart|move: Psychic Terrain|[from] ability: Psychic Surge|[of] p1a: Indeedee
|
|upkeep
|turn|7
|
|t:|1660288282
|switch|p2a: Chansey|Chansey, F|100/100
|move|p1a: Indeedee|Calm Mind|p1a: Indeedee
|-boost|p1a: Indeedee|spa|1
|-boost|p1a: Indeedee|spd|1
|
|upkeep
|turn|8
|
|t:|1660288285
|move|p1a: Indeedee|Calm Mind|p1a: Indeedee
|-boost|p1a: Indeedee|spa|1
|-boost|p1a: Indeedee|spd|1
|move|p2a: Chansey|Seismic Toss|p1a: Indeedee
|-damage|p1a: Indeedee|71/100
|
|upkeep
|turn|9
|
|t:|1660288290
|switch|p2a: Tyranitar|Tyranitar, M|100/100
|-weather|Sandstorm|[from] ability: Sand Stream|[of] p2a: Tyranitar
|move|p1a: Indeedee|Calm Mind|p1a: Indeedee
|-boost|p1a: Indeedee|spa|1
|-boost|p1a: Indeedee|spd|1
|
|-weather|Sandstorm|[upkeep]
|-damage|p1a: Indeedee|65/100|[from] Sandstorm
|upkeep
|turn|10
|
|t:|1660288297
|move|p2a: Tyranitar|Pursuit|p1a: Indeedee
|-supereffective|p1a: Indeedee
|-damage|p1a: Indeedee|33/100
|move|p1a: Indeedee|Baton Pass|p1a: Indeedee
|
|t:|1660288302
|switch|p1a: Alakazam|Alakazam, M|100/100|[from]move: Baton Pass
|
|-weather|Sandstorm|[upkeep]
|upkeep
|turn|11
|
|t:|1660288306
|detailschange|p1a: Alakazam|Alakazam-Mega, M
|-mega|p1a: Alakazam|Alakazam|Alakazite
|-ability|p1a: Alakazam|Sand Stream|[from] ability: Trace|[of] p2a: Tyranitar
|move|p1a: Alakazam|Focus Blast|p2a: Tyranitar
|-supereffective|p2a: Tyranitar
|-damage|p2a: Tyranitar|0 fnt
|faint|p2a: Tyranitar
|
|-weather|Sandstorm|[upkeep]
|-damage|p1a: Alakazam|95/100|[from] Sandstorm
|upkeep
|
|t:|1660288318
|switch|p2a: Ho-Oh|Ho-Oh|100/100
|turn|12
|
|t:|1660288322
|move|p1a: Alakazam|Expanding Force|p2a: Ho-Oh
|-damage|p2a: Ho-Oh|0 fnt
|faint|p2a: Ho-Oh
|
|-weather|Sandstorm|[upkeep]
|-damage|p1a: Alakazam|89/100|[from] Sandstorm
|upkeep
|
|t:|1660288325
|switch|p2a: Chansey|Chansey, F|100/100
|turn|13
|
|t:|1660288329
|move|p1a: Alakazam|Focus Blast|p2a: Chansey
|-supereffective|p2a: Chansey
|-damage|p2a: Chansey|19/100
|move|p2a: Chansey|Soft-Boiled|p2a: Chansey
|-heal|p2a: Chansey|69/100
|
|-weather|none
|-fieldend|move: Psychic Terrain
|upkeep
|turn|14
|
|t:|1660288334
|move|p1a: Alakazam|Focus Blast|p2a: Chansey
|-supereffective|p2a: Chansey
|-damage|p2a: Chansey|0 fnt
|faint|p2a: Chansey
|
|upkeep
|
|t:|1660288338
|switch|p2a: Lugia|Lugia, shiny|100/100
|turn|15
|
|t:|1660288342
|move|p1a: Alakazam|Shadow Ball|p2a: Lugia
|-supereffective|p2a: Lugia
|-damage|p2a: Lugia|51/100
|move|p2a: Lugia|Toxic|p1a: Alakazam
|-status|p1a: Alakazam|tox
|
|-heal|p2a: Lugia|57/100|[from] item: Leftovers
|-damage|p1a: Alakazam|83/100 tox|[from] psn
|upkeep
|turn|16
|
|t:|1660288346
|move|p2a: Lugia|Protect|p2a: Lugia
|-singleturn|p2a: Lugia|Protect
|move|p1a: Alakazam|Shadow Ball|p2a: Lugia
|-activate|p2a: Lugia|move: Protect
|
|-heal|p2a: Lugia|63/100|[from] item: Leftovers
|-damage|p1a: Alakazam|71/100 tox|[from] psn
|upkeep
|turn|17
|
|t:|1660288353
|move|p2a: Lugia|Protect||[still]
|-fail|p2a: Lugia
|move|p1a: Alakazam|Shadow Ball|p2a: Lugia
|-supereffective|p2a: Lugia
|-damage|p2a: Lugia|0 fnt
|faint|p2a: Lugia
|
|-damage|p1a: Alakazam|53/100 tox|[from] psn
|upkeep
|
|t:|1660288355
|switch|p2a: Necrozma|Necrozma-Dusk-Mane|100/100
|turn|18
|
|t:|1660288361
|move|p1a: Alakazam|Shadow Ball|p2a: Necrozma
|-supereffective|p2a: Necrozma
|-damage|p2a: Necrozma|6/100
|-unboost|p2a: Necrozma|spd|1
|move|p2a: Necrozma|Knock Off|p1a: Alakazam
|-supereffective|p1a: Alakazam
|-damage|p1a: Alakazam|0 fnt
|faint|p1a: Alakazam
|
|upkeep
|
|t:|1660288366
|switch|p1a: Marshadow|Marshadow|100/100
|turn|19
|
|t:|1660288373
|switch|p2a: Giratina|Giratina|100/100
|-ability|p2a: Giratina|Pressure
|move|p1a: Marshadow|Shadow Sneak|p2a: Giratina
|-supereffective|p2a: Giratina
|-damage|p2a: Giratina|71/100
|
|-heal|p2a: Giratina|78/100|[from] item: Leftovers
|upkeep
|turn|20
|
|t:|1660288382
|move|p1a: Marshadow|Spectral Thief|p2a: Giratina
|-supereffective|p2a: Giratina
|-damage|p2a: Giratina|37/100
|move|p2a: Giratina|Substitute|p2a: Giratina
|-start|p2a: Giratina|Substitute
|-damage|p2a: Giratina|12/100
|
|-heal|p2a: Giratina|18/100|[from] item: Leftovers
|upkeep
|turn|21
|
|t:|1660288392
|move|p1a: Marshadow|Spectral Thief|p2a: Giratina
|-supereffective|p2a: Giratina
|-damage|p2a: Giratina|0 fnt
|faint|p2a: Giratina
|
|upkeep
|
|t:|1660288396
|switch|p2a: Necrozma|Necrozma-Dusk-Mane|6/100
|turn|22
|
|t:|1660288400
|move|p1a: Marshadow|Shadow Sneak|p2a: Necrozma
|-supereffective|p2a: Necrozma
|-damage|p2a: Necrozma|0 fnt
|-damage|p1a: Marshadow|84/100|[from] item: Rocky Helmet|[of] p2a: Necrozma
|faint|p2a: Necrozma
|
|win|LeonQAQ
|raw|LeonQAQ's rating: 1517 &rarr; <strong>1544</strong><br />(+27 for winning)
|raw|yarik667's rating: 1645 &rarr; <strong>1618</strong><br />(-27 for losing)
|c|☆LeonQAQ|gg
|l|☆yarik667
