|j|☆xLeonisx
|j|☆Im rly rly noob
|t:|1642884311
|gametype|singles
|player|p1|xLeonisx|2|1525
|player|p2|Im rly rly noob|red|1481
|teamsize|p1|6
|teamsize|p2|6
|gen|8
|tier|[Gen 8] National Dex AG
|rated|
|rule|HP Percentage Mod: HP is shown in percentages
|rule|Endless Battle Clause: Forcing endless battles is banned
|clearpoke
|poke|p1|Zacian-*|
|poke|p1|Kyogre|
|poke|p1|Yveltal|
|poke|p1|Calyrex-Shadow|
|poke|p1|Ditto|
|poke|p1|Deoxys-Speed|
|poke|p2|Chansey, F|
|poke|p2|Ditto|
|poke|p2|Porygon2|
|poke|p2|Kangaskhan, F|
|poke|p2|Smeargle, F|
|poke|p2|Obstagoon, M|
|teampreview
|
|t:|1642884322
|start
|switch|p1a: Deoxys|Deoxys-Speed|100/100
|switch|p2a: Ditto|Ditto|100/100
|-ability|p1a: Deoxys|Pressure
|-transform|p2a: Ditto|p1a: Deoxys|[from] ability: Imposter
|-ability|p2a: Ditto|Pressure
|turn|1
|
|t:|1642884330
|move|p2a: Ditto|Taunt|p1a: Deoxys
|-start|p1a: Deoxys|move: Taunt
|cant|p1a: Deoxys|move: Taunt|Taunt
|
|upkeep
|turn|2
|
|t:|1642884336
|switch|p2a: Smeargle|Smeargle, F|100/100
|switch|p1a: Kyogre|Kyogre|100/100
|detailschange|p1a: Kyogre|Kyogre-Primal
|-primal|p1a: Kyogre
|-weather|PrimordialSea|[from] ability: Primordial Sea|[of] p1a: Kyogre
|
|-weather|PrimordialSea|[upkeep]
|-ability|p2a: Smeargle|Moody|boost
|-boost|p2a: Smeargle|spd|2
|-unboost|p2a: Smeargle|spe|1
|upkeep
|turn|3
|inactive|Battle timer is ON: inactive players will automatically lose when time's up. (requested by Im rly rly noob)
|
|t:|1642884372
|-weather|none
|switch|p1a: Yveltal|Yveltal|100/100
|-ability|p1a: Yveltal|Dark Aura
|switch|p2a: Chansey|Chansey, F|100/100
|
|upkeep
|turn|4
|l|☆Im rly rly noob
|inactive|Im rly rly noob disconnected and has a minute to reconnect!
|player|p2|
|inactive|Im rly rly noob has 30 seconds to reconnect!
|inactive|Im rly rly noob has 20 seconds to reconnect!
|inactive|Im rly rly noob has 15 seconds to reconnect!
|inactive|Im rly rly noob has 10 seconds to reconnect!
|j|☆Im rly rly noob
|inactive|Im rly rly noob reconnected and has 75 seconds left.
|player|p2|Im rly rly noob|red
|
|t:|1642884457
|switch|p2a: Kangaskhan|Kangaskhan, F|100/100
|move|p1a: Yveltal|Knock Off|p2a: Kangaskhan
|-damage|p2a: Kangaskhan|29/100
|-damage|p1a: Yveltal|91/100|[from] item: Life Orb
|
|upkeep
|turn|5
|
|t:|1642884472
|detailschange|p2a: Kangaskhan|Kangaskhan-Mega, F
|-mega|p2a: Kangaskhan|Kangaskhan|Kangaskhanite
|move|p2a: Kangaskhan|Fake Out|p1a: Yveltal
|-damage|p1a: Yveltal|71/100
|-damage|p1a: Yveltal|67/100
|-hitcount|p1a: Yveltal|2
|cant|p1a: Yveltal|flinch
|
|upkeep
|turn|6
|
|t:|1642884476
|move|p2a: Kangaskhan|Body Slam|p1a: Yveltal
|-damage|p1a: Yveltal|28/100
|-damage|p1a: Yveltal|18/100
|-hitcount|p1a: Yveltal|2
|move|p1a: Yveltal|Knock Off|p2a: Kangaskhan
|-damage|p2a: Kangaskhan|0 fnt
|faint|p2a: Kangaskhan
|-damage|p1a: Yveltal|8/100|[from] item: Life Orb
|
|upkeep
|
|t:|1642884491
|switch|p2a: Ditto|Ditto|100/100
|-transform|p2a: Ditto|p1a: Yveltal|[from] ability: Imposter
|-ability|p2a: Ditto|Dark Aura
|turn|7
|
|t:|1642884504
|switch|p1a: Zacian|Zacian-Crowned|100/100
|-ability|p1a: Zacian|Intrepid Sword|boost
|-boost|p1a: Zacian|atk|1
|move|p2a: Ditto|Dual Wingbeat|p1a: Zacian
|-resisted|p1a: Zacian
|-damage|p1a: Zacian|90/100
|-resisted|p1a: Zacian
|-damage|p1a: Zacian|81/100
|-hitcount|p1a: Zacian|2
|
|upkeep
|turn|8
|
|t:|1642884515
|switch|p2a: Obstagoon|Obstagoon, M|100/100
|move|p1a: Zacian|Play Rough|p2a: Obstagoon
|-supereffective|p2a: Obstagoon
|-damage|p2a: Obstagoon|0 fnt
|faint|p2a: Obstagoon
|
|upkeep
|
|t:|1642884518
|switch|p2a: Ditto|Ditto|100/100
|-transform|p2a: Ditto|p1a: Zacian|[from] ability: Imposter
|-ability|p2a: Ditto|Intrepid Sword|boost
|-boost|p2a: Ditto|atk|1
|turn|9
|inactive|Im rly rly noob has 90 seconds left.
|
|t:|1642884537
|switch|p1a: Deoxys|Deoxys-Speed|100/100
|-ability|p1a: Deoxys|Pressure
|move|p2a: Ditto|Behemoth Blade|p1a: Deoxys
|-enditem|p1a: Deoxys|Focus Sash
|-damage|p1a: Deoxys|1/100
|
|upkeep
|turn|10
|
|t:|1642884547
|move|p2a: Ditto|Behemoth Blade|p1a: Deoxys
|-damage|p1a: Deoxys|0 fnt
|faint|p1a: Deoxys
|
|upkeep
|
|t:|1642884551
|switch|p1a: Yveltal|Yveltal|8/100
|-ability|p1a: Yveltal|Dark Aura
|turn|11
|
|t:|1642884557
|switch|p2a: Smeargle|Smeargle, F|100/100
|move|p1a: Yveltal|Sucker Punch||[still]
|-fail|p1a: Yveltal
|
|-ability|p2a: Smeargle|Moody|boost
|-boost|p2a: Smeargle|spe|2
|-unboost|p2a: Smeargle|spd|1
|upkeep
|turn|12
|
|t:|1642884561
|move|p2a: Smeargle|Spore|p1a: Yveltal
|-status|p1a: Yveltal|slp|[from] move: Spore
|cant|p1a: Yveltal|slp
|
|-ability|p2a: Smeargle|Moody|boost
|-boost|p2a: Smeargle|def|2
|-unboost|p2a: Smeargle|spe|1
|upkeep
|turn|13
|inactive|Im rly rly noob has 120 seconds left.
|
|t:|1642884568
|switch|p1a: Kyogre|Kyogre-Primal|100/100
|-weather|PrimordialSea|[from] ability: Primordial Sea|[of] p1a: Kyogre
|move|p2a: Smeargle|Sticky Web|p1a: Kyogre
|-sidestart|p1: xLeonisx|move: Sticky Web
|
|-weather|PrimordialSea|[upkeep]
|-ability|p2a: Smeargle|Moody|boost
|-boost|p2a: Smeargle|spa|2
|-unboost|p2a: Smeargle|spd|1
|upkeep
|turn|14
|
|t:|1642884571
|move|p2a: Smeargle|Spore|p1a: Kyogre
|-status|p1a: Kyogre|slp|[from] move: Spore
|cant|p1a: Kyogre|slp
|
|-weather|PrimordialSea|[upkeep]
|-ability|p2a: Smeargle|Moody|boost
|-boost|p2a: Smeargle|spa|2
|-unboost|p2a: Smeargle|spd|1
|upkeep
|turn|15
|
|t:|1642884574
|move|p2a: Smeargle|Acupressure|p2a: Smeargle
|-boost|p2a: Smeargle|spd|2
|cant|p1a: Kyogre|slp
|
|-weather|PrimordialSea|[upkeep]
|-ability|p2a: Smeargle|Moody|boost
|-boost|p2a: Smeargle|spa|2
|-unboost|p2a: Smeargle|spe|1
|upkeep
|turn|16
|
|t:|1642884581
|-curestatus|p1a: Kyogre|slp|[msg]
|move|p1a: Kyogre|Water Spout|p2a: Smeargle
|-enditem|p2a: Smeargle|Focus Sash
|-damage|p2a: Smeargle|1/100
|move|p2a: Smeargle|Acupressure|p2a: Smeargle
|-boost|p2a: Smeargle|atk|2
|
|-weather|PrimordialSea|[upkeep]
|-ability|p2a: Smeargle|Moody|boost
|-boost|p2a: Smeargle|spe|2
|-unboost|p2a: Smeargle|atk|1
|upkeep
|turn|17
|
|t:|1642884585
|move|p2a: Smeargle|Spore|p1a: Kyogre
|-status|p1a: Kyogre|slp|[from] move: Spore
|cant|p1a: Kyogre|slp
|
|-weather|PrimordialSea|[upkeep]
|-ability|p2a: Smeargle|Moody|boost
|-boost|p2a: Smeargle|def|2
|-unboost|p2a: Smeargle|atk|1
|upkeep
|turn|18
|
|t:|1642884587
|move|p2a: Smeargle|Baton Pass|p2a: Smeargle
|
|t:|1642884589
|switch|p2a: Porygon2|Porygon2|100/100|[from]move: Baton Pass
|-ability|p2a: Porygon2|Download|boost
|-boost|p2a: Porygon2|atk|1
|cant|p1a: Kyogre|slp
|
|-weather|PrimordialSea|[upkeep]
|upkeep
|turn|19
|
|t:|1642884599
|move|p2a: Porygon2|Thunderbolt|p1a: Kyogre
|-supereffective|p1a: Kyogre
|-damage|p1a: Kyogre|0 fnt
|faint|p1a: Kyogre
|-weather|none
|
|upkeep
|
|t:|1642884603
|switch|p1a: Ditto|Ditto|100/100
|-activate|p1a: Ditto|move: Sticky Web
|-unboost|p1a: Ditto|spe|1
|-transform|p1a: Ditto|p2a: Porygon2|[from] ability: Imposter
|turn|20
|
|t:|1642884610
|-start|p1a: Ditto|Dynamax
|-heal|p1a: Ditto|100/100|[silent]
|-start|p2a: Porygon2|Dynamax
|-heal|p2a: Porygon2|100/100|[silent]
|move|p1a: Ditto|Max Lightning|p2a: Porygon2
|-damage|p2a: Porygon2|23/100
|-fieldstart|move: Electric Terrain
|move|p2a: Porygon2|Max Strike|p1a: Ditto
|-damage|p1a: Ditto|0 fnt
|faint|p1a: Ditto
|
|upkeep
|
|t:|1642884612
|switch|p1a: Yveltal|Yveltal|8/100 slp
|-ability|p1a: Yveltal|Dark Aura
|turn|21
|
|t:|1642884624
|cant|p1a: Yveltal|slp
|move|p2a: Porygon2|Max Lightning|p1a: Yveltal
|-supereffective|p1a: Yveltal
|-damage|p1a: Yveltal|0 fnt
|faint|p1a: Yveltal
|
|upkeep
|
|t:|1642884629
|switch|p1a: Calyrex|Calyrex-Shadow|100/100
|-ability|p1a: Calyrex|As One
|-ability|p1a: Calyrex|Unnerve
|-activate|p1a: Calyrex|move: Sticky Web
|-unboost|p1a: Calyrex|spe|1
|turn|22
|
|t:|1642884636
|move|p2a: Porygon2|Max Guard|p2a: Porygon2
|-singleturn|p2a: Porygon2|Max Guard
|move|p1a: Calyrex|Astral Barrage|p2a: Porygon2
|-activate|p2a: Porygon2|move: Max Guard
|
|-end|p2a: Porygon2|Dynamax
|-heal|p2a: Porygon2|23/100|[silent]
|upkeep
|turn|23
|
|t:|1642884639
|move|p2a: Porygon2|Recover|p2a: Porygon2
|-heal|p2a: Porygon2|73/100
|move|p1a: Calyrex|Astral Barrage|p2a: Porygon2
|-immune|p2a: Porygon2
|
|upkeep
|turn|24
|
|t:|1642884645
|move|p2a: Porygon2|Thunderbolt|p1a: Calyrex
|-enditem|p1a: Calyrex|Focus Sash
|-damage|p1a: Calyrex|1/100
|move|p1a: Calyrex|Psychic|p2a: Porygon2
|-damage|p2a: Porygon2|18/100
|
|-fieldend|move: Electric Terrain
|upkeep
|turn|25
|
|t:|1642884648
|move|p2a: Porygon2|Thunderbolt|p1a: Calyrex
|-crit|p1a: Calyrex
|-damage|p1a: Calyrex|0 fnt
|faint|p1a: Calyrex
|
|upkeep
|
|t:|1642884649
|switch|p1a: Zacian|Zacian-Crowned|81/100
|-activate|p1a: Zacian|move: Sticky Web
|-unboost|p1a: Zacian|spe|1
|-ability|p1a: Zacian|Intrepid Sword|boost
|-boost|p1a: Zacian|atk|1
|turn|26
|
|t:|1642884652
|move|p2a: Porygon2|Thunderbolt|p1a: Zacian
|-damage|p1a: Zacian|0 fnt
|faint|p1a: Zacian
|
|win|Im rly rly noob
|raw|xLeonisx's rating: 1525 &rarr; <strong>1502</strong><br />(-23 for losing)
|raw|Im rly rly noob's rating: 1481 &rarr; <strong>1504</strong><br />(+23 for winning)
|l|☆xLeonisx
|c|☆Im rly rly noob|gg
