|j|☆The_Marzo
|j|☆Buck is stallish
|t:|1660980220
|gametype|singles
|player|p1|The_Marzo|volkner|1794
|player|p2|Buck is stallish|ethan-masters|1859
|teamsize|p1|6
|teamsize|p2|6
|gen|8
|tier|[Gen 8] National Dex AG
|rated|
|rule|HP Percentage Mod: HP is shown in percentages
|rule|Endless Battle Clause: Forcing endless battles is banned
|clearpoke
|poke|p1|Rayquaza|
|poke|p1|Ditto|
|poke|p1|Yveltal|
|poke|p1|Zacian-*|
|poke|p1|Groudon|
|poke|p1|Arceus-*|
|poke|p2|Kyogre|
|poke|p2|Chansey, F|
|poke|p2|Sableye, F|
|poke|p2|Lugia|
|poke|p2|Yveltal|
|poke|p2|Arceus-*|
|teampreview
|inactive|Battle timer is ON: inactive players will automatically lose when time's up. (requested by Buck is stallish)
|j| Indian_devil
|c|☆The_Marzo|noo buck
|c|☆The_Marzo|pls dont be stallish
|
|t:|1660980245
|start
|switch|p1a: Groudon|Groudon|100/100
|switch|p2a: Pretty gem|Sableye, F|100/100
|detailschange|p1a: Groudon|Groudon-Primal
|-primal|p1a: Groudon
|-weather|DesolateLand|[from] ability: Desolate Land|[of] p1a: Groudon
|turn|1
|
|t:|1660980251
|detailschange|p2a: Pretty gem|Sableye-Mega, F
|-mega|p2a: Pretty gem|Sableye|Sablenite
|move|p2a: Pretty gem|Protect|p2a: Pretty gem
|-singleturn|p2a: Pretty gem|Protect
|move|p1a: Groudon|Fire Punch|p2a: Pretty gem
|-activate|p2a: Pretty gem|move: Protect
|
|-weather|DesolateLand|[upkeep]
|upkeep
|turn|2
|
|t:|1660980258
|switch|p2a: Fearless priest|Arceus-Ground|100/100
|move|p1a: Groudon|Earthquake|p2a: Fearless priest
|-damage|p2a: Fearless priest|66/100
|
|-weather|DesolateLand|[upkeep]
|upkeep
|turn|3
|
|t:|1660980269
|-weather|none
|switch|p1a: Rayquaza|Rayquaza|100/100
|-ability|p1a: Rayquaza|Air Lock
|move|p2a: Fearless priest|Recover|p2a: Fearless priest
|-heal|p2a: Fearless priest|100/100
|
|upkeep
|turn|4
|
|t:|1660980274
|detailschange|p1a: Rayquaza|Rayquaza-Mega
|-mega|p1a: Rayquaza|Rayquaza|
|-weather|DeltaStream|[from] ability: Delta Stream|[of] p1a: Rayquaza
|move|p1a: Rayquaza|Dragon Dance|p1a: Rayquaza
|-boost|p1a: Rayquaza|atk|1
|-boost|p1a: Rayquaza|spe|1
|move|p2a: Fearless priest|Will-O-Wisp|p1a: Rayquaza
|-status|p1a: Rayquaza|brn
|
|-weather|DeltaStream|[upkeep]
|-damage|p1a: Rayquaza|95/100 brn|[from] brn
|upkeep
|turn|5
|
|t:|1660980280
|move|p1a: Rayquaza|Dragon Dance|p1a: Rayquaza
|-boost|p1a: Rayquaza|atk|1
|-boost|p1a: Rayquaza|spe|1
|move|p2a: Fearless priest|Stealth Rock|p1a: Rayquaza
|-sidestart|p1: The_Marzo|move: Stealth Rock
|
|-weather|DeltaStream|[upkeep]
|-damage|p1a: Rayquaza|89/100 brn|[from] brn
|upkeep
|turn|6
|
|t:|1660980282
|switch|p2a: White phoenix|Lugia|100/100
|move|p1a: Rayquaza|Dragon Ascent|p2a: White phoenix
|-damage|p2a: White phoenix|80/100
|-unboost|p1a: Rayquaza|def|1
|-unboost|p1a: Rayquaza|spd|1
|
|-weather|DeltaStream|[upkeep]
|-heal|p2a: White phoenix|86/100|[from] item: Leftovers
|-damage|p1a: Rayquaza|83/100 brn|[from] brn
|upkeep
|turn|7
|
|t:|1660980285
|move|p1a: Rayquaza|Dragon Ascent|p2a: White phoenix
|-damage|p2a: White phoenix|50/100
|-unboost|p1a: Rayquaza|def|1
|-unboost|p1a: Rayquaza|spd|1
|move|p2a: White phoenix|Roost|p2a: White phoenix
|-heal|p2a: White phoenix|99/100
|-singleturn|p2a: White phoenix|move: Roost
|
|-weather|DeltaStream|[upkeep]
|-heal|p2a: White phoenix|100/100|[from] item: Leftovers
|-damage|p1a: Rayquaza|77/100 brn|[from] brn
|upkeep
|turn|8
|
|t:|1660980293
|move|p1a: Rayquaza|Dragon Dance|p1a: Rayquaza
|-boost|p1a: Rayquaza|atk|1
|-boost|p1a: Rayquaza|spe|1
|move|p2a: White phoenix|Ice Beam|p1a: Rayquaza
|-activate||deltastream
|-supereffective|p1a: Rayquaza
|-damage|p1a: Rayquaza|0 fnt
|faint|p1a: Rayquaza
|-weather|none
|
|upkeep
|j| chronos3600
|c|☆Buck is stallish|Sry but i already am
|inactive|The_Marzo has 120 seconds left.
|inactive|The_Marzo has 90 seconds left.
|l|☆Buck is stallish
|inactive|Buck is stallish disconnected and has a minute to reconnect!
|player|p2|
|j|☆Buck is stallish
|inactive|Buck is stallish reconnected.
|player|p2|Buck is stallish|ethan-masters
|c|☆Buck is stallish|Hurry
|inactive|The_Marzo has 60 seconds left.
|
|t:|1660980404
|switch|p1a: Zacian|Zacian-Crowned|100/100
|-damage|p1a: Zacian|94/100|[from] Stealth Rock
|-ability|p1a: Zacian|Intrepid Sword|boost
|-boost|p1a: Zacian|atk|1
|turn|9
|
|t:|1660980413
|move|p1a: Zacian|Crunch|p2a: White phoenix
|-supereffective|p2a: White phoenix
|-damage|p2a: White phoenix|74/100
|move|p2a: White phoenix|Roost|p2a: White phoenix
|-heal|p2a: White phoenix|100/100
|-singleturn|p2a: White phoenix|move: Roost
|
|upkeep
|turn|10
|c|☆The_Marzo|mercy
|
|t:|1660980424
|switch|p2a: Fearless priest|Arceus-Ground|100/100
|move|p1a: Zacian|Substitute|p1a: Zacian
|-start|p1a: Zacian|Substitute
|-damage|p1a: Zacian|69/100
|
|upkeep
|turn|11
|
|t:|1660980427
|move|p1a: Zacian|Behemoth Blade|p2a: Fearless priest
|-damage|p2a: Fearless priest|56/100
|move|p2a: Fearless priest|Judgment|p1a: Zacian
|-supereffective|p1a: Zacian
|-end|p1a: Zacian|Substitute
|
|upkeep
|turn|12
|inactive|The_Marzo has 60 seconds left.
|
|t:|1660980437
|move|p1a: Zacian|Behemoth Blade|p2a: Fearless priest
|-damage|p2a: Fearless priest|7/100
|move|p2a: Fearless priest|Judgment|p1a: Zacian
|-supereffective|p1a: Zacian
|-damage|p1a: Zacian|0 fnt
|faint|p1a: Zacian
|
|upkeep
|inactive|The_Marzo has 60 seconds left.
|
|t:|1660980445
|switch|p1a: Arceus|Arceus|100/100
|-damage|p1a: Arceus|88/100|[from] Stealth Rock
|turn|13
|
|t:|1660980449
|move|p1a: Arceus|Extreme Speed|p2a: Fearless priest
|-damage|p2a: Fearless priest|0 fnt
|faint|p2a: Fearless priest
|
|upkeep
|
|t:|1660980451
|switch|p2a: Pretty gem|Sableye-Mega, F|100/100
|turn|14
|
|t:|1660980457
|move|p1a: Arceus|Swords Dance|p1a: Arceus
|-boost|p1a: Arceus|atk|2
|move|p2a: Pretty gem|Will-O-Wisp|p1a: Arceus
|-status|p1a: Arceus|brn
|
|-damage|p1a: Arceus|82/100 brn|[from] brn
|upkeep
|turn|15
|
|t:|1660980460
|move|p1a: Arceus|Swords Dance|p1a: Arceus
|-boost|p1a: Arceus|atk|2
|move|p2a: Pretty gem|Foul Play|p1a: Arceus
|-damage|p1a: Arceus|0 fnt
|faint|p1a: Arceus
|
|upkeep
|
|t:|1660980465
|switch|p1a: Yveltal|Yveltal|100/100
|-damage|p1a: Yveltal|76/100|[from] Stealth Rock
|-ability|p1a: Yveltal|Dark Aura
|turn|16
|
|t:|1660980482
|switch|p2a: Tough pink lady|Chansey, F|100/100
|-start|p1a: Yveltal|Dynamax|
|-heal|p1a: Yveltal|76/100|[silent]
|move|p1a: Yveltal|Max Airstream|p2a: Tough pink lady
|-damage|p2a: Tough pink lady|83/100
|-boost|p1a: Yveltal|spe|1
|-damage|p1a: Yveltal|71/100|[from] item: Life Orb
|
|upkeep
|turn|17
|j| SweeperGatr
|l| chronos3600
|
|t:|1660980492
|move|p1a: Yveltal|Max Darkness|p2a: Tough pink lady
|-damage|p2a: Tough pink lady|4/100
|-unboost|p2a: Tough pink lady|spd|1
|-damage|p1a: Yveltal|66/100|[from] item: Life Orb
|move|p2a: Tough pink lady|Confide|p1a: Yveltal
|-unboost|p1a: Yveltal|spa|1
|
|upkeep
|turn|18
|
|t:|1660980516
|move|p1a: Yveltal|Max Rockfall|p2a: Tough pink lady
|-damage|p2a: Tough pink lady|0 fnt
|-weather|Sandstorm
|faint|p2a: Tough pink lady
|-damage|p1a: Yveltal|61/100|[from] item: Life Orb
|
|-weather|Sandstorm|[upkeep]
|-damage|p1a: Yveltal|58/100|[from] Sandstorm
|upkeep
|
|t:|1660980520
|switch|p2a: Eternal storm|Kyogre|100/100
|-weather|RainDance|[from] ability: Drizzle|[of] p2a: Eternal storm
|-end|p1a: Yveltal|Dynamax
|-heal|p1a: Yveltal|58/100|[silent]
|turn|19
|
|t:|1660980527
|-start|p2a: Eternal storm|Dynamax|
|-heal|p2a: Eternal storm|100/100|[silent]
|move|p1a: Yveltal|Sucker Punch|p2a: Eternal storm
|-damage|p2a: Eternal storm|79/100
|-damage|p1a: Yveltal|48/100|[from] item: Life Orb
|move|p2a: Eternal storm|Max Hailstorm|p1a: Yveltal
|-supereffective|p1a: Yveltal
|-damage|p1a: Yveltal|0 fnt
|-weather|Hail
|faint|p1a: Yveltal
|
|-weather|Hail|[upkeep]
|-damage|p2a: Eternal storm|75/100|[from] Hail
|-heal|p2a: Eternal storm|79/100|[from] item: Leftovers
|upkeep
|
|t:|1660980533
|switch|p1a: Groudon|Groudon-Primal|100/100
|-damage|p1a: Groudon|88/100|[from] Stealth Rock
|-weather|DesolateLand|[from] ability: Desolate Land|[of] p1a: Groudon
|turn|20
|
|t:|1660980538
|move|p2a: Eternal storm|Max Hailstorm|p1a: Groudon
|-damage|p1a: Groudon|50/100
|move|p1a: Groudon|Stealth Rock|p2a: Eternal storm
|-sidestart|p2: Buck is stallish|move: Stealth Rock
|
|-weather|DesolateLand|[upkeep]
|-heal|p2a: Eternal storm|82/100|[from] item: Leftovers
|upkeep
|turn|21
|
|t:|1660980546
|move|p2a: Eternal storm|Max Hailstorm|p1a: Groudon
|-damage|p1a: Groudon|13/100
|move|p1a: Groudon|Solar Beam||[still]
|-prepare|p1a: Groudon|Solar Beam
|-anim|p1a: Groudon|Solar Beam|p2a: Eternal storm
|-supereffective|p2a: Eternal storm
|-damage|p2a: Eternal storm|55/100
|
|-weather|DesolateLand|[upkeep]
|-heal|p2a: Eternal storm|58/100|[from] item: Leftovers
|upkeep
|-end|p2a: Eternal storm|Dynamax
|-heal|p2a: Eternal storm|58/100|[silent]
|turn|22
|
|t:|1660980561
|move|p2a: Eternal storm|Ice Beam|p1a: Groudon
|-damage|p1a: Groudon|0 fnt
|faint|p1a: Groudon
|-weather|none
|
|-heal|p2a: Eternal storm|64/100|[from] item: Leftovers
|upkeep
|
|t:|1660980564
|switch|p1a: Ditto|Ditto|100/100
|-damage|p1a: Ditto|88/100|[from] Stealth Rock
|-transform|p1a: Ditto|p2a: Eternal storm|[from] ability: Imposter
|-weather|RainDance|[from] ability: Drizzle|[of] p1a: Ditto
|turn|23
|c|☆The_Marzo|gg
|
|t:|1660980583
|move|p1a: Ditto|Scald|p2a: Eternal storm
|-resisted|p2a: Eternal storm
|-damage|p2a: Eternal storm|45/100
|-status|p2a: Eternal storm|brn
|move|p2a: Eternal storm|Rest|p2a: Eternal storm
|-status|p2a: Eternal storm|slp|[from] move: Rest
|-heal|p2a: Eternal storm|100/100 slp|[silent]
|
|-weather|RainDance|[upkeep]
|upkeep
|turn|24
|
|t:|1660980606
|move|p1a: Ditto|Scald|p2a: Eternal storm
|-resisted|p2a: Eternal storm
|-damage|p2a: Eternal storm|81/100 slp
|cant|p2a: Eternal storm|slp
|
|-weather|RainDance|[upkeep]
|-heal|p2a: Eternal storm|88/100 slp|[from] item: Leftovers
|upkeep
|turn|25
|
|t:|1660980618
|move|p1a: Ditto|Scald|p2a: Eternal storm
|-resisted|p2a: Eternal storm
|-damage|p2a: Eternal storm|68/100 slp
|cant|p2a: Eternal storm|slp
|
|-weather|RainDance|[upkeep]
|-heal|p2a: Eternal storm|75/100 slp|[from] item: Leftovers
|upkeep
|turn|26
|
|t:|1660980621
|move|p1a: Ditto|Scald|p2a: Eternal storm
|-resisted|p2a: Eternal storm
|-damage|p2a: Eternal storm|54/100 slp
|-curestatus|p2a: Eternal storm|slp|[msg]
|move|p2a: Eternal storm|Calm Mind|p2a: Eternal storm
|-boost|p2a: Eternal storm|spa|1
|-boost|p2a: Eternal storm|spd|1
|
|-weather|RainDance|[upkeep]
|-heal|p2a: Eternal storm|61/100|[from] item: Leftovers
|upkeep
|turn|27
|
|t:|1660980624
|move|p1a: Ditto|Scald|p2a: Eternal storm
|-resisted|p2a: Eternal storm
|-damage|p2a: Eternal storm|48/100
|-status|p2a: Eternal storm|brn
|move|p2a: Eternal storm|Calm Mind|p2a: Eternal storm
|-boost|p2a: Eternal storm|spa|1
|-boost|p2a: Eternal storm|spd|1
|
|-weather|none
|-heal|p2a: Eternal storm|54/100 brn|[from] item: Leftovers
|-damage|p2a: Eternal storm|48/100 brn|[from] brn
|upkeep
|turn|28
|
|t:|1660980645
|-activate|p1a: Ditto|move: Struggle
|move|p1a: Ditto|Struggle|p2a: Eternal storm
|-damage|p2a: Eternal storm|42/100 brn
|-damage|p1a: Ditto|63/100|[from] recoil
|move|p2a: Eternal storm|Rest|p2a: Eternal storm
|-status|p2a: Eternal storm|slp|[from] move: Rest
|-heal|p2a: Eternal storm|100/100 slp|[silent]
|
|upkeep
|turn|29
|
|t:|1660980649
|-activate|p1a: Ditto|move: Struggle
|move|p1a: Ditto|Struggle|p2a: Eternal storm
|-crit|p2a: Eternal storm
|-damage|p2a: Eternal storm|92/100 slp
|-damage|p1a: Ditto|38/100|[from] recoil
|cant|p2a: Eternal storm|slp
|
|-heal|p2a: Eternal storm|98/100 slp|[from] item: Leftovers
|upkeep
|turn|30
|
|t:|1660980651
|-activate|p1a: Ditto|move: Struggle
|move|p1a: Ditto|Struggle|p2a: Eternal storm
|-crit|p2a: Eternal storm
|-damage|p2a: Eternal storm|89/100 slp
|-damage|p1a: Ditto|14/100|[from] recoil
|cant|p2a: Eternal storm|slp
|
|-heal|p2a: Eternal storm|95/100 slp|[from] item: Leftovers
|upkeep
|turn|31
|
|t:|1660980653
|-activate|p1a: Ditto|move: Struggle
|move|p1a: Ditto|Struggle|p2a: Eternal storm
|-damage|p2a: Eternal storm|89/100 slp
|-damage|p1a: Ditto|0 fnt|[from] recoil
|faint|p1a: Ditto
|
|win|Buck is stallish
|raw|The_Marzo's rating: 1794 &rarr; <strong>1778</strong><br />(-16 for losing)
|raw|Buck is stallish's rating: 1859 &rarr; <strong>1875</strong><br />(+16 for winning)
|l|☆The_Marzo
