|j|☆KangZai
|j|‽Flynn Watson
|t:|1656235980
|gametype|singles
|player|p1|KangZai|170|1651
|player|p2|Flynn Watson|guitarist|1635
|teamsize|p1|6
|teamsize|p2|6
|gen|8
|tier|[Gen 8] National Dex AG
|rated|
|rule|HP Percentage Mod: HP is shown in percentages
|rule|Endless Battle Clause: Forcing endless battles is banned
|clearpoke
|poke|p1|Landorus, M|
|poke|p1|Blissey, F|
|poke|p1|Necrozma-Dusk-Mane|
|poke|p1|Tapu Koko|
|poke|p1|Kartana|
|poke|p1|Pheromosa|
|poke|p2|Rayquaza|
|poke|p2|Arceus-*|
|poke|p2|Eternatus|
|poke|p2|Yveltal|
|poke|p2|Calyrex-Shadow|
|poke|p2|Necrozma-Dusk-Mane|
|teampreview
|
|t:|1656235999
|start
|switch|p1a: Pheromosa|Pheromosa|100/100
|switch|p2a: Necrozma|Necrozma-Dusk-Mane|100/100
|turn|1
|
|t:|1656236029
|move|p1a: Pheromosa|Close Combat|p2a: Necrozma
|-damage|p2a: Necrozma|51/100
|-unboost|p1a: Pheromosa|def|1
|-unboost|p1a: Pheromosa|spd|1
|-damage|p1a: Pheromosa|84/100|[from] item: Rocky Helmet|[of] p2a: Necrozma
|move|p2a: Necrozma|Stealth Rock|p1a: Pheromosa
|-sidestart|p1: KangZai|move: Stealth Rock
|
|upkeep
|turn|2
|
|t:|1656236044
|switch|p1a: Kartana|Kartana|100/100
|-damage|p1a: Kartana|94/100|[from] Stealth Rock
|move|p2a: Necrozma|Morning Sun|p2a: Necrozma
|-heal|p2a: Necrozma|100/100
|
|upkeep
|turn|3
|
|t:|1656236047
|move|p1a: Kartana|Swords Dance|p1a: Kartana
|-boost|p1a: Kartana|atk|2
|move|p2a: Necrozma|Thunder Wave|p1a: Kartana
|-status|p1a: Kartana|par
|
|upkeep
|turn|4
|
|t:|1656236052
|move|p2a: Necrozma|Sunsteel Strike|p1a: Kartana
|-resisted|p1a: Kartana
|-damage|p1a: Kartana|66/100 par
|cant|p1a: Kartana|par
|
|upkeep
|turn|5
|
|t:|1656236059
|move|p2a: Necrozma|Sunsteel Strike|p1a: Kartana
|-resisted|p1a: Kartana
|-damage|p1a: Kartana|38/100 par
|move|p1a: Kartana|Sacred Sword|p2a: Necrozma
|-damage|p2a: Necrozma|42/100
|-damage|p1a: Kartana|21/100 par|[from] item: Rocky Helmet|[of] p2a: Necrozma
|-damage|p1a: Kartana|11/100 par|[from] item: Life Orb
|
|upkeep
|turn|6
|
|t:|1656236065
|move|p2a: Necrozma|Morning Sun|p2a: Necrozma
|-heal|p2a: Necrozma|92/100
|move|p1a: Kartana|Sacred Sword|p2a: Necrozma
|-damage|p2a: Necrozma|41/100
|-damage|p1a: Kartana|0 fnt|[from] item: Rocky Helmet|[of] p2a: Necrozma
|faint|p1a: Kartana
|
|upkeep
|
|t:|1656236073
|switch|p1a: Pheromosa|Pheromosa|84/100
|-damage|p1a: Pheromosa|72/100|[from] Stealth Rock
|turn|7
|
|t:|1656236079
|-start|p2a: Necrozma|Dynamax|
|-heal|p2a: Necrozma|41/100|[silent]
|move|p1a: Pheromosa|U-turn|p2a: Necrozma
|-damage|p2a: Necrozma|25/100
|-damage|p1a: Pheromosa|55/100|[from] item: Rocky Helmet|[of] p2a: Necrozma
|
|t:|1656236088
|switch|p1a: Necrozma|Necrozma-Dusk-Mane|100/100|[from]move: U-turn
|-damage|p1a: Necrozma|94/100|[from] Stealth Rock
|move|p2a: Necrozma|Max Steelspike|p1a: Necrozma
|-resisted|p1a: Necrozma
|-damage|p1a: Necrozma|76/100
|-boost|p2a: Necrozma|def|1
|
|upkeep
|turn|8
|
|t:|1656236095
|move|p1a: Necrozma|Thunder Wave|p2a: Necrozma
|-status|p2a: Necrozma|par
|cant|p2a: Necrozma|par
|
|upkeep
|turn|9
|
|t:|1656236102
|move|p1a: Necrozma|Earthquake|p2a: Necrozma
|-supereffective|p2a: Necrozma
|-damage|p2a: Necrozma|16/100 par
|move|p2a: Necrozma|Max Steelspike|p1a: Necrozma
|-resisted|p1a: Necrozma
|-damage|p1a: Necrozma|59/100
|-boost|p2a: Necrozma|def|1
|
|upkeep
|-end|p2a: Necrozma|Dynamax
|-heal|p2a: Necrozma|16/100 par|[silent]
|turn|10
|
|t:|1656236110
|move|p1a: Necrozma|Earthquake|p2a: Necrozma
|-supereffective|p2a: Necrozma
|-damage|p2a: Necrozma|3/100 par
|cant|p2a: Necrozma|par
|
|upkeep
|turn|11
|
|t:|1656236113
|move|p1a: Necrozma|Earthquake|p2a: Necrozma
|-supereffective|p2a: Necrozma
|-damage|p2a: Necrozma|0 fnt
|faint|p2a: Necrozma
|
|upkeep
|
|t:|1656236117
|switch|p2a: Calyrex|Calyrex-Shadow|100/100
|-ability|p2a: Calyrex|As One
|-ability|p2a: Calyrex|Unnerve
|turn|12
|
|t:|1656236121
|switch|p1a: Blissey|Blissey, F|100/100
|-damage|p1a: Blissey|88/100|[from] Stealth Rock
|move|p2a: Calyrex|Substitute|p2a: Calyrex
|-start|p2a: Calyrex|Substitute
|-damage|p2a: Calyrex|76/100
|
|upkeep
|turn|13
|
|t:|1656236124
|move|p2a: Calyrex|Nasty Plot|p2a: Calyrex
|-boost|p2a: Calyrex|spa|2
|move|p1a: Blissey|Stealth Rock|p2a: Calyrex
|-sidestart|p2: Flynn Watson|move: Stealth Rock
|
|upkeep
|turn|14
|
|t:|1656236128
|move|p2a: Calyrex|Nasty Plot|p2a: Calyrex
|-boost|p2a: Calyrex|spa|2
|move|p1a: Blissey|Shadow Ball|p2a: Calyrex
|-supereffective|p2a: Calyrex
|-end|p2a: Calyrex|Substitute
|
|upkeep
|turn|15
|
|t:|1656236139
|move|p2a: Calyrex|Draining Kiss|p1a: Blissey
|-damage|p1a: Blissey|67/100
|-heal|p2a: Calyrex|100/100|[from] drain|[of] p1a: Blissey
|-damage|p2a: Calyrex|91/100|[from] item: Life Orb
|move|p1a: Blissey|Shadow Ball|p2a: Calyrex
|-supereffective|p2a: Calyrex
|-damage|p2a: Calyrex|33/100
|
|upkeep
|turn|16
|
|t:|1656236149
|move|p2a: Calyrex|Draining Kiss|p1a: Blissey
|-damage|p1a: Blissey|43/100
|-heal|p2a: Calyrex|71/100|[from] drain|[of] p1a: Blissey
|-damage|p2a: Calyrex|61/100|[from] item: Life Orb
|move|p1a: Blissey|Shadow Ball|p2a: Calyrex
|-supereffective|p2a: Calyrex
|-damage|p2a: Calyrex|0 fnt
|faint|p2a: Calyrex
|
|upkeep
|
|t:|1656236163
|switch|p2a: Rayquaza|Rayquaza|100/100
|-damage|p2a: Rayquaza|76/100|[from] Stealth Rock
|-ability|p2a: Rayquaza|Air Lock
|turn|17
|
|t:|1656236167
|detailschange|p2a: Rayquaza|Rayquaza-Mega
|-mega|p2a: Rayquaza|Rayquaza|
|-weather|DeltaStream|[from] ability: Delta Stream|[of] p2a: Rayquaza
|move|p2a: Rayquaza|Dragon Ascent|p1a: Blissey
|-damage|p1a: Blissey|0 fnt
|-unboost|p2a: Rayquaza|def|1
|-unboost|p2a: Rayquaza|spd|1
|faint|p1a: Blissey
|-damage|p2a: Rayquaza|66/100|[from] item: Life Orb
|
|-weather|DeltaStream|[upkeep]
|upkeep
|
|t:|1656236178
|switch|p1a: Tapu Koko|Tapu Koko|100/100
|-damage|p1a: Tapu Koko|88/100|[from] Stealth Rock
|-fieldstart|move: Electric Terrain|[from] ability: Electric Surge|[of] p1a: Tapu Koko
|turn|18
|
|t:|1656236185
|-weather|none
|switch|p2a: Eternatus|Eternatus|100/100
|-damage|p2a: Eternatus|88/100|[from] Stealth Rock
|-ability|p2a: Eternatus|Pressure
|move|p1a: Tapu Koko|Volt Switch|p2a: Eternatus
|-resisted|p2a: Eternatus
|-damage|p2a: Eternatus|78/100
|
|t:|1656236193
|switch|p1a: Pheromosa|Pheromosa|55/100|[from]move: Volt Switch
|-damage|p1a: Pheromosa|43/100|[from] Stealth Rock
|
|-heal|p2a: Eternatus|84/100|[from] item: Black Sludge
|upkeep
|turn|19
|
|t:|1656236198
|switch|p2a: Arceus|Arceus-Water|100/100
|-damage|p2a: Arceus|88/100|[from] Stealth Rock
|move|p1a: Pheromosa|Triple Axel|p2a: Arceus
|-resisted|p2a: Arceus
|-damage|p2a: Arceus|85/100
|-resisted|p2a: Arceus
|-damage|p2a: Arceus|80/100
|-resisted|p2a: Arceus
|-damage|p2a: Arceus|73/100
|-hitcount|p2a: Arceus|3
|
|upkeep
|turn|20
|
|t:|1656236207
|switch|p1a: Tapu Koko|Tapu Koko|88/100
|-damage|p1a: Tapu Koko|75/100|[from] Stealth Rock
|move|p2a: Arceus|Will-O-Wisp|p1a: Tapu Koko
|-status|p1a: Tapu Koko|brn
|
|-heal|p1a: Tapu Koko|82/100 brn|[from] item: Leftovers
|-damage|p1a: Tapu Koko|75/100 brn|[from] brn
|upkeep
|turn|21
|
|t:|1656236213
|switch|p2a: Eternatus|Eternatus|84/100
|-damage|p2a: Eternatus|71/100|[from] Stealth Rock
|-ability|p2a: Eternatus|Pressure
|move|p1a: Tapu Koko|Volt Switch|p2a: Eternatus
|-resisted|p2a: Eternatus
|-damage|p2a: Eternatus|61/100
|
|t:|1656236224
|switch|p1a: Pheromosa|Pheromosa|43/100|[from]move: Volt Switch
|-damage|p1a: Pheromosa|30/100|[from] Stealth Rock
|
|-heal|p2a: Eternatus|67/100|[from] item: Black Sludge
|upkeep
|turn|22
|
|t:|1656236230
|move|p1a: Pheromosa|Triple Axel|p2a: Eternatus
|-supereffective|p2a: Eternatus
|-damage|p2a: Eternatus|52/100
|-hitcount|p2a: Eternatus|1
|move|p2a: Eternatus|Recover|p2a: Eternatus
|-heal|p2a: Eternatus|100/100
|
|-fieldend|move: Electric Terrain
|upkeep
|turn|23
|
|t:|1656236236
|move|p1a: Pheromosa|Triple Axel|p2a: Eternatus
|-supereffective|p2a: Eternatus
|-damage|p2a: Eternatus|84/100
|-supereffective|p2a: Eternatus
|-damage|p2a: Eternatus|51/100
|-supereffective|p2a: Eternatus
|-damage|p2a: Eternatus|4/100
|-hitcount|p2a: Eternatus|3
|move|p2a: Eternatus|Cosmic Power|p2a: Eternatus
|-boost|p2a: Eternatus|def|1
|-boost|p2a: Eternatus|spd|1
|
|-heal|p2a: Eternatus|10/100|[from] item: Black Sludge
|upkeep
|turn|24
|
|t:|1656236253
|-start|p1a: Pheromosa|Dynamax|
|-heal|p1a: Pheromosa|30/100|[silent]
|move|p1a: Pheromosa|Max Quake|p2a: Eternatus
|-supereffective|p2a: Eternatus
|-damage|p2a: Eternatus|0 fnt
|-boost|p1a: Pheromosa|spd|1
|faint|p2a: Eternatus
|-ability|p1a: Pheromosa|Beast Boost|boost
|-boost|p1a: Pheromosa|spe|1
|
|upkeep
|j| BTZ•CRAZY
|
|t:|1656236257
|switch|p2a: Rayquaza|Rayquaza-Mega|66/100
|-damage|p2a: Rayquaza|41/100|[from] Stealth Rock
|-weather|DeltaStream|[from] ability: Delta Stream|[of] p2a: Rayquaza
|turn|25
|
|t:|1656236260
|move|p2a: Rayquaza|Extreme Speed|p1a: Pheromosa
|-damage|p1a: Pheromosa|0 fnt
|faint|p1a: Pheromosa
|-damage|p2a: Rayquaza|31/100|[from] item: Life Orb
|
|-weather|DeltaStream|[upkeep]
|upkeep
|
|t:|1656236264
|switch|p1a: Tapu Koko|Tapu Koko|75/100 brn
|-damage|p1a: Tapu Koko|63/100 brn|[from] Stealth Rock
|-fieldstart|move: Electric Terrain|[from] ability: Electric Surge|[of] p1a: Tapu Koko
|turn|26
|
|t:|1656236268
|move|p2a: Rayquaza|Extreme Speed|p1a: Tapu Koko
|-damage|p1a: Tapu Koko|5/100 brn
|-damage|p2a: Rayquaza|21/100|[from] item: Life Orb
|move|p1a: Tapu Koko|Thunderbolt|p2a: Rayquaza
|-activate||deltastream
|-resisted|p2a: Rayquaza
|-damage|p2a: Rayquaza|0 fnt
|faint|p2a: Rayquaza
|-weather|none
|
|-heal|p1a: Tapu Koko|11/100 brn|[from] item: Leftovers
|-damage|p1a: Tapu Koko|5/100 brn|[from] brn
|upkeep
|
|t:|1656236272
|switch|p2a: Yveltal|Yveltal|100/100
|-ability|p2a: Yveltal|Dark Aura
|turn|27
|
|t:|1656236277
|move|p1a: Tapu Koko|Roost|p1a: Tapu Koko
|-heal|p1a: Tapu Koko|55/100 brn
|-singleturn|p1a: Tapu Koko|move: Roost
|move|p2a: Yveltal|Roost||[still]
|-fail|p2a: Yveltal|heal
|
|-heal|p1a: Tapu Koko|61/100 brn|[from] item: Leftovers
|-damage|p1a: Tapu Koko|55/100 brn|[from] brn
|upkeep
|turn|28
|
|t:|1656236286
|move|p1a: Tapu Koko|Thunderbolt|p2a: Yveltal
|-supereffective|p2a: Yveltal
|-damage|p2a: Yveltal|51/100
|move|p2a: Yveltal|Snarl|p1a: Tapu Koko
|-resisted|p1a: Tapu Koko
|-damage|p1a: Tapu Koko|36/100 brn
|-unboost|p1a: Tapu Koko|spa|1
|
|-heal|p1a: Tapu Koko|42/100 brn|[from] item: Leftovers
|-damage|p1a: Tapu Koko|36/100 brn|[from] brn
|upkeep
|turn|29
|
|t:|1656236291
|move|p1a: Tapu Koko|Roost|p1a: Tapu Koko
|-heal|p1a: Tapu Koko|86/100 brn
|-singleturn|p1a: Tapu Koko|move: Roost
|move|p2a: Yveltal|Roost|p2a: Yveltal
|-heal|p2a: Yveltal|100/100
|-singleturn|p2a: Yveltal|move: Roost
|
|-heal|p1a: Tapu Koko|92/100 brn|[from] item: Leftovers
|-damage|p1a: Tapu Koko|86/100 brn|[from] brn
|upkeep
|turn|30
|
|t:|1656236301
|move|p1a: Tapu Koko|Defog|p2a: Yveltal
|-unboost|p2a: Yveltal|evasion|1
|-sideend|p2: Flynn Watson|Stealth Rock|[from] move: Defog|[of] p1a: Tapu Koko
|-sideend|p1: KangZai|Stealth Rock|[from] move: Defog|[of] p1a: Tapu Koko
|-fieldend|move: Electric Terrain
|move|p2a: Yveltal|Snarl|p1a: Tapu Koko
|-resisted|p1a: Tapu Koko
|-damage|p1a: Tapu Koko|65/100 brn
|-unboost|p1a: Tapu Koko|spa|1
|
|-heal|p1a: Tapu Koko|71/100 brn|[from] item: Leftovers
|-damage|p1a: Tapu Koko|65/100 brn|[from] brn
|upkeep
|turn|31
|
|t:|1656236306
|switch|p2a: Arceus|Arceus-Water|73/100
|move|p1a: Tapu Koko|Thunderbolt|p2a: Arceus
|-supereffective|p2a: Arceus
|-damage|p2a: Arceus|47/100
|
|-heal|p1a: Tapu Koko|71/100 brn|[from] item: Leftovers
|-damage|p1a: Tapu Koko|65/100 brn|[from] brn
|upkeep
|turn|32
|
|t:|1656236316
|move|p1a: Tapu Koko|Volt Switch|p2a: Arceus
|-supereffective|p2a: Arceus
|-damage|p2a: Arceus|30/100
|
|t:|1656236318
|switch|p1a: Necrozma|Necrozma-Dusk-Mane|59/100|[from]move: Volt Switch
|move|p2a: Arceus|Will-O-Wisp|p1a: Necrozma
|-status|p1a: Necrozma|brn
|
|-damage|p1a: Necrozma|53/100 brn|[from] brn
|upkeep
|turn|33
|
|t:|1656236322
|move|p2a: Arceus|Recover|p2a: Arceus
|-heal|p2a: Arceus|80/100
|move|p1a: Necrozma|Thunder Wave|p2a: Arceus
|-status|p2a: Arceus|par
|
|-damage|p1a: Necrozma|47/100 brn|[from] brn
|upkeep
|turn|34
|
|t:|1656236335
|move|p1a: Necrozma|Morning Sun|p1a: Necrozma
|-heal|p1a: Necrozma|97/100 brn
|move|p2a: Arceus|Judgment|p1a: Necrozma
|-damage|p1a: Necrozma|61/100 brn
|
|-damage|p1a: Necrozma|55/100 brn|[from] brn
|upkeep
|turn|35
|
|t:|1656236338
|move|p1a: Necrozma|Morning Sun|p1a: Necrozma
|-heal|p1a: Necrozma|100/100 brn
|move|p2a: Arceus|Judgment|p1a: Necrozma
|-damage|p1a: Necrozma|60/100 brn
|
|-damage|p1a: Necrozma|54/100 brn|[from] brn
|upkeep
|turn|36
|
|t:|1656236350
|move|p1a: Necrozma|Earthquake|p2a: Arceus
|-damage|p2a: Arceus|72/100 par
|cant|p2a: Arceus|par
|
|-damage|p1a: Necrozma|48/100 brn|[from] brn
|upkeep
|turn|37
|
|t:|1656236354
|move|p1a: Necrozma|Earthquake|p2a: Arceus
|-damage|p2a: Arceus|63/100 par
|move|p2a: Arceus|Recover|p2a: Arceus
|-heal|p2a: Arceus|100/100 par
|
|-damage|p1a: Necrozma|42/100 brn|[from] brn
|upkeep
|turn|38
|
|t:|1656236357
|switch|p2a: Yveltal|Yveltal|100/100
|-ability|p2a: Yveltal|Dark Aura
|move|p1a: Necrozma|Morning Sun|p1a: Necrozma
|-heal|p1a: Necrozma|92/100 brn
|
|-damage|p1a: Necrozma|86/100 brn|[from] brn
|upkeep
|turn|39
|
|t:|1656236361
|switch|p2a: Arceus|Arceus-Water|100/100 par
|move|p1a: Necrozma|Thunder Wave|p2a: Arceus
|-fail|p2a: Arceus|par
|
|-damage|p1a: Necrozma|80/100 brn|[from] brn
|upkeep
|turn|40
|
|t:|1656236365
|switch|p2a: Yveltal|Yveltal|100/100
|-ability|p2a: Yveltal|Dark Aura
|move|p1a: Necrozma|Earthquake|p2a: Yveltal
|-immune|p2a: Yveltal
|
|-damage|p1a: Necrozma|74/100 brn|[from] brn
|upkeep
|turn|41
|
|t:|1656236368
|move|p2a: Yveltal|Snarl|p1a: Necrozma
|-supereffective|p1a: Necrozma
|-damage|p1a: Necrozma|34/100 brn
|-unboost|p1a: Necrozma|spa|1
|move|p1a: Necrozma|Thunder Wave|p2a: Yveltal
|-status|p2a: Yveltal|par
|
|-damage|p1a: Necrozma|28/100 brn|[from] brn
|upkeep
|turn|42
|
|t:|1656236374
|move|p1a: Necrozma|Morning Sun|p1a: Necrozma
|-heal|p1a: Necrozma|78/100 brn
|cant|p2a: Yveltal|par
|
|-damage|p1a: Necrozma|72/100 brn|[from] brn
|upkeep
|turn|43
|
|t:|1656236381
|switch|p1a: Tapu Koko|Tapu Koko|65/100 brn
|-fieldstart|move: Electric Terrain|[from] ability: Electric Surge|[of] p1a: Tapu Koko
|move|p2a: Yveltal|Snarl|p1a: Tapu Koko
|-resisted|p1a: Tapu Koko
|-damage|p1a: Tapu Koko|44/100 brn
|-unboost|p1a: Tapu Koko|spa|1
|
|-heal|p1a: Tapu Koko|50/100 brn|[from] item: Leftovers
|-damage|p1a: Tapu Koko|44/100 brn|[from] brn
|upkeep
|turn|44
|
|t:|1656236387
|move|p1a: Tapu Koko|Roost|p1a: Tapu Koko
|-heal|p1a: Tapu Koko|94/100 brn
|-singleturn|p1a: Tapu Koko|move: Roost
|move|p2a: Yveltal|Snarl|p1a: Tapu Koko
|-resisted|p1a: Tapu Koko
|-damage|p1a: Tapu Koko|74/100 brn
|-unboost|p1a: Tapu Koko|spa|1
|
|-heal|p1a: Tapu Koko|80/100 brn|[from] item: Leftovers
|-damage|p1a: Tapu Koko|74/100 brn|[from] brn
|upkeep
|turn|45
|
|t:|1656236394
|switch|p2a: Arceus|Arceus-Water|100/100 par
|move|p1a: Tapu Koko|Volt Switch|p2a: Arceus
|-supereffective|p2a: Arceus
|-damage|p2a: Arceus|78/100 par
|
|t:|1656236397
|switch|p1a: Landorus|Landorus, M|100/100|[from]move: Volt Switch
|
|upkeep
|turn|46
|
|t:|1656236401
|move|p1a: Landorus|Grass Knot|p2a: Arceus
|-supereffective|p2a: Arceus
|-damage|p2a: Arceus|15/100 par
|-damage|p1a: Landorus|91/100|[from] item: Life Orb
|move|p2a: Arceus|Ice Beam|p1a: Landorus
|-supereffective|p1a: Landorus
|-damage|p1a: Landorus|0 fnt
|faint|p1a: Landorus
|
|upkeep
|
|t:|1656236404
|switch|p1a: Tapu Koko|Tapu Koko|74/100 brn
|turn|47
|
|t:|1656236410
|move|p1a: Tapu Koko|Thunderbolt|p2a: Arceus
|-supereffective|p2a: Arceus
|-damage|p2a: Arceus|0 fnt
|faint|p2a: Arceus
|
|-heal|p1a: Tapu Koko|80/100 brn|[from] item: Leftovers
|-damage|p1a: Tapu Koko|74/100 brn|[from] brn
|-fieldend|move: Electric Terrain
|upkeep
|
|t:|1656236412
|switch|p2a: Yveltal|Yveltal|100/100 par
|-ability|p2a: Yveltal|Dark Aura
|turn|48
|
|t:|1656236417
|move|p1a: Tapu Koko|Thunderbolt|p2a: Yveltal
|-supereffective|p2a: Yveltal
|-damage|p2a: Yveltal|59/100 par
|move|p2a: Yveltal|Snarl|p1a: Tapu Koko
|-resisted|p1a: Tapu Koko
|-damage|p1a: Tapu Koko|55/100 brn
|-unboost|p1a: Tapu Koko|spa|1
|
|-heal|p1a: Tapu Koko|61/100 brn|[from] item: Leftovers
|-damage|p1a: Tapu Koko|55/100 brn|[from] brn
|upkeep
|turn|49
|
|t:|1656236421
|move|p1a: Tapu Koko|Roost|p1a: Tapu Koko
|-heal|p1a: Tapu Koko|100/100 brn
|-singleturn|p1a: Tapu Koko|move: Roost
|move|p2a: Yveltal|Snarl|p1a: Tapu Koko
|-resisted|p1a: Tapu Koko
|-damage|p1a: Tapu Koko|81/100 brn
|-unboost|p1a: Tapu Koko|spa|1
|
|-heal|p1a: Tapu Koko|87/100 brn|[from] item: Leftovers
|-damage|p1a: Tapu Koko|81/100 brn|[from] brn
|upkeep
|turn|50
|
|t:|1656236445
|move|p1a: Tapu Koko|Volt Switch|p2a: Yveltal
|-supereffective|p2a: Yveltal
|-damage|p2a: Yveltal|45/100 par
|
|t:|1656236449
|switch|p1a: Necrozma|Necrozma-Dusk-Mane|72/100 brn|[from]move: Volt Switch
|move|p2a: Yveltal|Snarl|p1a: Necrozma
|-supereffective|p1a: Necrozma
|-damage|p1a: Necrozma|33/100 brn
|-unboost|p1a: Necrozma|spa|1
|
|-damage|p1a: Necrozma|27/100 brn|[from] brn
|upkeep
|turn|51
|
|t:|1656236455
|switch|p1a: Tapu Koko|Tapu Koko|81/100 brn
|-fieldstart|move: Electric Terrain|[from] ability: Electric Surge|[of] p1a: Tapu Koko
|move|p2a: Yveltal|Roost|p2a: Yveltal
|-heal|p2a: Yveltal|95/100 par
|-singleturn|p2a: Yveltal|move: Roost
|
|-heal|p1a: Tapu Koko|87/100 brn|[from] item: Leftovers
|-damage|p1a: Tapu Koko|81/100 brn|[from] brn
|upkeep
|turn|52
|
|t:|1656236458
|move|p1a: Tapu Koko|Thunderbolt|p2a: Yveltal
|-supereffective|p2a: Yveltal
|-damage|p2a: Yveltal|47/100 par
|move|p2a: Yveltal|Snarl|p1a: Tapu Koko
|-resisted|p1a: Tapu Koko
|-damage|p1a: Tapu Koko|62/100 brn
|-unboost|p1a: Tapu Koko|spa|1
|
|-heal|p1a: Tapu Koko|68/100 brn|[from] item: Leftovers
|-damage|p1a: Tapu Koko|62/100 brn|[from] brn
|upkeep
|turn|53
|
|t:|1656236461
|move|p1a: Tapu Koko|Thunderbolt|p2a: Yveltal
|-supereffective|p2a: Yveltal
|-damage|p2a: Yveltal|10/100 par
|move|p2a: Yveltal|Roost|p2a: Yveltal
|-heal|p2a: Yveltal|60/100 par
|-singleturn|p2a: Yveltal|move: Roost
|
|-heal|p1a: Tapu Koko|68/100 brn|[from] item: Leftovers
|-damage|p1a: Tapu Koko|62/100 brn|[from] brn
|upkeep
|turn|54
|
|t:|1656236464
|move|p1a: Tapu Koko|Thunderbolt|p2a: Yveltal
|-supereffective|p2a: Yveltal
|-damage|p2a: Yveltal|26/100 par
|cant|p2a: Yveltal|par
|
|-heal|p1a: Tapu Koko|68/100 brn|[from] item: Leftovers
|-damage|p1a: Tapu Koko|62/100 brn|[from] brn
|upkeep
|turn|55
|
|t:|1656236468
|move|p1a: Tapu Koko|Thunderbolt|p2a: Yveltal
|-supereffective|p2a: Yveltal
|-damage|p2a: Yveltal|0 fnt
|faint|p2a: Yveltal
|
|win|KangZai
|raw|KangZai's rating: 1651 &rarr; <strong>1670</strong><br />(+19 for winning)
|raw|Flynn Watson's rating: 1635 &rarr; <strong>1616</strong><br />(-19 for losing)
|l|☆KangZai
|c| BTZ•CRAZY|how did you lose this
