|j|☆Shad0w Thi3f
|j|☆Timbofurr
|t:|1652928922
|gametype|singles
|player|p1|Shad0w Thi3f|schoolkid-gen4dp|1729
|player|p2|Timbofurr|steven|1622
|teamsize|p1|6
|teamsize|p2|6
|gen|8
|tier|[Gen 8] National Dex AG
|rated|
|rule|HP Percentage Mod: HP is shown in percentages
|rule|Endless Battle Clause: Forcing endless battles is banned
|clearpoke
|poke|p1|Necrozma-Dusk-Mane|
|poke|p1|Zygarde|
|poke|p1|Calyrex-Shadow|
|poke|p1|Marshadow|
|poke|p1|Xerneas-*|
|poke|p1|Skarmory, F|
|poke|p2|Marshadow|
|poke|p2|Marshadow|
|poke|p2|Marshadow|
|poke|p2|Marshadow|
|poke|p2|Arceus-*|
|poke|p2|Arceus-*|
|teampreview
|inactive|Battle timer is ON: inactive players will automatically lose when time's up. (requested by Timbofurr)
|inactive|Shad0w Thi3f also wants the timer to be on.
|
|t:|1652928935
|start
|switch|p1a: Skarmory|Skarmory, F|100/100
|switch|p2a: Marshadow|Marshadow|100/100
|turn|1
|
|t:|1652928943
|move|p2a: Marshadow|Spectral Thief|p1a: Skarmory
|-damage|p1a: Skarmory|59/100
|-damage|p2a: Marshadow|84/100|[from] item: Rocky Helmet|[of] p1a: Skarmory
|move|p1a: Skarmory|Spikes|p2a: Marshadow
|-sidestart|p2: Timbofurr|Spikes
|
|upkeep
|turn|2
|
|t:|1652928948
|move|p2a: Marshadow|Spectral Thief|p1a: Skarmory
|-damage|p1a: Skarmory|13/100
|-damage|p2a: Marshadow|67/100|[from] item: Rocky Helmet|[of] p1a: Skarmory
|move|p1a: Skarmory|Rock Tomb|p2a: Marshadow
|-resisted|p2a: Marshadow
|-damage|p2a: Marshadow|58/100
|-unboost|p2a: Marshadow|spe|1
|
|upkeep
|turn|3
|
|t:|1652928956
|move|p2a: Marshadow|Shadow Sneak|p1a: Skarmory
|-damage|p1a: Skarmory|0 fnt
|-damage|p2a: Marshadow|41/100|[from] item: Rocky Helmet|[of] p1a: Skarmory
|faint|p1a: Skarmory
|
|upkeep
|
|t:|1652928961
|switch|p1a: Xerneas|Xerneas|100/100
|-ability|p1a: Xerneas|Fairy Aura
|turn|4
|
|t:|1652928966
|move|p1a: Xerneas|Geomancy||[still]
|-prepare|p1a: Xerneas|Geomancy
|-enditem|p1a: Xerneas|Power Herb
|-anim|p1a: Xerneas|Geomancy|p1a: Xerneas
|-boost|p1a: Xerneas|spa|2
|-boost|p1a: Xerneas|spd|2
|-boost|p1a: Xerneas|spe|2
|move|p2a: Marshadow|Spectral Thief||[still]
|-clearpositiveboost|p1a: Xerneas|p2a: Marshadow|move: Spectral Thief
|-boost|p2a: Marshadow|spa|2
|-boost|p2a: Marshadow|spd|2
|-boost|p2a: Marshadow|spe|2
|-anim|p2a: Marshadow|Spectral Thief|p1a: Xerneas
|-damage|p1a: Xerneas|64/100
|
|upkeep
|turn|5
|
|t:|1652928979
|move|p2a: Marshadow|Endeavor|p1a: Xerneas
|-damage|p1a: Xerneas|30/100
|move|p1a: Xerneas|Moonblast|p2a: Marshadow
|-supereffective|p2a: Marshadow
|-damage|p2a: Marshadow|0 fnt
|faint|p2a: Marshadow
|
|upkeep
|
|t:|1652928983
|switch|p2a: Arceus|Arceus-Ground|100/100
|-damage|p2a: Arceus|88/100|[from] Spikes
|turn|6
|
|t:|1652928987
|move|p2a: Arceus|Defog|p1a: Xerneas
|-unboost|p1a: Xerneas|evasion|1
|-sideend|p2: Timbofurr|Spikes|[from] move: Defog|[of] p2a: Arceus
|move|p1a: Xerneas|Moonblast|p2a: Arceus
|-damage|p2a: Arceus|40/100
|-unboost|p2a: Arceus|spa|1
|
|upkeep
|turn|7
|
|t:|1652928998
|move|p2a: Arceus|Recover|p2a: Arceus
|-heal|p2a: Arceus|90/100
|move|p1a: Xerneas|Moonblast|p2a: Arceus
|-damage|p2a: Arceus|40/100
|
|upkeep
|turn|8
|
|t:|1652929001
|move|p2a: Arceus|Recover|p2a: Arceus
|-heal|p2a: Arceus|90/100
|move|p1a: Xerneas|Moonblast|p2a: Arceus
|-damage|p2a: Arceus|38/100
|
|upkeep
|turn|9
|
|t:|1652929003
|move|p2a: Arceus|Recover|p2a: Arceus
|-heal|p2a: Arceus|88/100
|move|p1a: Xerneas|Moonblast|p2a: Arceus
|-damage|p2a: Arceus|42/100
|
|upkeep
|turn|10
|
|t:|1652929005
|move|p2a: Arceus|Recover|p2a: Arceus
|-heal|p2a: Arceus|92/100
|move|p1a: Xerneas|Moonblast|p2a: Arceus
|-damage|p2a: Arceus|46/100
|
|upkeep
|turn|11
|
|t:|1652929007
|move|p2a: Arceus|Recover|p2a: Arceus
|-heal|p2a: Arceus|96/100
|move|p1a: Xerneas|Moonblast|p2a: Arceus
|-damage|p2a: Arceus|47/100
|
|upkeep
|turn|12
|
|t:|1652929010
|move|p2a: Arceus|Recover|p2a: Arceus
|-heal|p2a: Arceus|97/100
|move|p1a: Xerneas|Moonblast|p2a: Arceus
|-damage|p2a: Arceus|53/100
|
|upkeep
|turn|13
|
|t:|1652929016
|move|p2a: Arceus|Recover|p2a: Arceus
|-heal|p2a: Arceus|100/100
|move|p1a: Xerneas|Moonblast|p2a: Arceus
|-damage|p2a: Arceus|50/100
|
|upkeep
|turn|14
|
|t:|1652929020
|move|p2a: Arceus|Recover|p2a: Arceus
|-heal|p2a: Arceus|99/100
|move|p1a: Xerneas|Moonblast|p2a: Arceus
|-damage|p2a: Arceus|51/100
|-unboost|p2a: Arceus|spa|1
|
|upkeep
|turn|15
|
|t:|1652929028
|move|p2a: Arceus|Earthquake|p1a: Xerneas
|-damage|p1a: Xerneas|0 fnt
|faint|p1a: Xerneas
|
|upkeep
|
|t:|1652929035
|switch|p1a: Calyrex|Calyrex-Shadow|100/100
|-ability|p1a: Calyrex|As One
|-ability|p1a: Calyrex|Unnerve
|turn|16
|
|t:|1652929041
|move|p1a: Calyrex|Astral Barrage|p2a: Arceus
|-damage|p2a: Arceus|2/100
|move|p2a: Arceus|Recover|p2a: Arceus
|-heal|p2a: Arceus|52/100
|
|upkeep
|turn|17
|
|t:|1652929045
|move|p1a: Calyrex|Astral Barrage|p2a: Arceus
|-damage|p2a: Arceus|4/100
|move|p2a: Arceus|Recover|p2a: Arceus
|-heal|p2a: Arceus|54/100
|
|upkeep
|turn|18
|
|t:|1652929050
|move|p1a: Calyrex|Nasty Plot|p1a: Calyrex
|-boost|p1a: Calyrex|spa|2
|move|p2a: Arceus|Recover|p2a: Arceus
|-heal|p2a: Arceus|100/100
|
|upkeep
|turn|19
|
|t:|1652929053
|move|p1a: Calyrex|Astral Barrage|p2a: Arceus
|-damage|p2a: Arceus|10/100
|move|p2a: Arceus|Toxic|p1a: Calyrex
|-status|p1a: Calyrex|tox
|
|-damage|p1a: Calyrex|94/100 tox|[from] psn
|upkeep
|turn|20
|
|t:|1652929059
|move|p1a: Calyrex|Astral Barrage|p2a: Arceus
|-damage|p2a: Arceus|0 fnt
|faint|p2a: Arceus
|-ability|p1a: Calyrex|Grim Neigh|boost
|-boost|p1a: Calyrex|spa|1
|
|-damage|p1a: Calyrex|82/100 tox|[from] psn
|upkeep
|
|t:|1652929061
|switch|p2a: Marshadow|Marshadow|100/100
|turn|21
|
|t:|1652929080
|move|p2a: Marshadow|Shadow Sneak|p1a: Calyrex
|-supereffective|p1a: Calyrex
|-damage|p1a: Calyrex|0 fnt
|faint|p1a: Calyrex
|
|upkeep
|-message|Shad0w Thi3f forfeited.
|
|win|Timbofurr
|raw|Shad0w Thi3f's rating: 1729 &rarr; <strong>1703</strong><br />(-26 for losing)
|raw|Timbofurr's rating: 1622 &rarr; <strong>1648</strong><br />(+26 for winning)
|l|☆Shad0w Thi3f
