|j|☆MRH1106
|j|☆Apprenti Buck
|t:|1664397390
|gametype|singles
|player|p1|MRH1106|red|1859
|player|p2|Apprenti Buck|lance-masters|1897
|teamsize|p1|6
|teamsize|p2|6
|gen|8
|tier|[Gen 8] National Dex AG
|rated|
|rule|HP Percentage Mod: HP is shown in percentages
|rule|Endless Battle Clause: Forcing endless battles is banned
|clearpoke
|poke|p1|Zacian-*|
|poke|p1|Calyrex-Shadow|
|poke|p1|Rayquaza|
|poke|p1|Ditto|
|poke|p1|Yveltal|
|poke|p1|Arceus-*|
|poke|p2|Groudon|
|poke|p2|Rayquaza|
|poke|p2|Calyrex-Shadow|
|poke|p2|Arceus-*|
|poke|p2|Yveltal|
|poke|p2|Marshadow|
|teampreview
|inactive|Battle timer is ON: inactive players will automatically lose when time's up. (requested by Apprenti Buck)
|inactive|MRH1106 also wants the timer to be on.
|inactive|MRH1106 has 120 seconds left.
|c|☆Apprenti Buck|hurry bro
|inactive|MRH1106 has 90 seconds left.
|c|☆MRH1106|na ill take my sweet time now :)
|inactive|MRH1106 has 60 seconds left.
|inactive|MRH1106 has 30 seconds left.
|
|t:|1664397511
|start
|switch|p1a: Legit god|Arceus-Ground|100/100
|switch|p2a: Dawn|Calyrex-Shadow|100/100
|-ability|p2a: Dawn|As One
|-ability|p2a: Dawn|Unnerve
|turn|1
|
|t:|1664397519
|switch|p2a: Ziz|Rayquaza, shiny|100/100
|-ability|p2a: Ziz|Air Lock
|move|p1a: Legit god|Judgment|p2a: Ziz
|-immune|p2a: Ziz
|
|upkeep
|turn|2
|
|t:|1664397524
|detailschange|p2a: Ziz|Rayquaza-Mega, shiny
|-mega|p2a: Ziz|Rayquaza|
|-weather|DeltaStream|[from] ability: Delta Stream|[of] p2a: Ziz
|move|p1a: Legit god|Ice Beam|p2a: Ziz
|-activate||deltastream
|-supereffective|p2a: Ziz
|-damage|p2a: Ziz|57/100
|move|p2a: Ziz|Dragon Dance|p2a: Ziz
|-boost|p2a: Ziz|atk|1
|-boost|p2a: Ziz|spe|1
|
|-weather|DeltaStream|[upkeep]
|upkeep
|turn|3
|
|t:|1664397534
|switch|p1a: Knifepuppy|Zacian-Crowned|100/100
|-ability|p1a: Knifepuppy|Intrepid Sword|boost
|-boost|p1a: Knifepuppy|atk|1
|move|p2a: Ziz|Dragon Ascent|p1a: Knifepuppy
|-resisted|p1a: Knifepuppy
|-damage|p1a: Knifepuppy|27/100
|-unboost|p2a: Ziz|def|1
|-unboost|p2a: Ziz|spd|1
|-damage|p2a: Ziz|47/100|[from] item: Life Orb
|
|-weather|DeltaStream|[upkeep]
|upkeep
|turn|4
|
|t:|1664397544
|move|p2a: Ziz|Dragon Ascent|p1a: Knifepuppy
|-resisted|p1a: Knifepuppy
|-damage|p1a: Knifepuppy|0 fnt
|-unboost|p2a: Ziz|def|1
|-unboost|p2a: Ziz|spd|1
|faint|p1a: Knifepuppy
|-damage|p2a: Ziz|37/100|[from] item: Life Orb
|
|-weather|DeltaStream|[upkeep]
|upkeep
|c|☆MRH1106|lmao
|j| CainForward
|
|t:|1664397560
|switch|p1a: Fuck you <3|Ditto, shiny|100/100
|-transform|p1a: Fuck you <3|p2a: Ziz|[from] ability: Imposter
|turn|5
|c|☆Apprenti Buck|>outplayed
|
|t:|1664397569
|move|p1a: Fuck you <3|Extreme Speed|p2a: Ziz
|-damage|p2a: Ziz|0 fnt
|faint|p2a: Ziz
|
|-weather|DeltaStream|[upkeep]
|upkeep
|c| CainForward|<3
|c|☆MRH1106|>outplayed
|
|t:|1664397576
|switch|p2a: Behemoth|Groudon, shiny|100/100
|detailschange|p2a: Behemoth|Groudon-Primal, shiny
|-primal|p2a: Behemoth
|-weather|DesolateLand|[from] ability: Desolate Land|[of] p2a: Behemoth
|turn|6
|c|☆Apprenti Buck|nah
|c|☆Apprenti Buck|i was sacking
|
|t:|1664397588
|switch|p1a: Legit god|Arceus-Ground|100/100
|move|p2a: Behemoth|Stealth Rock|p1a: Legit god
|-sidestart|p1: MRH1106|move: Stealth Rock
|
|-weather|DesolateLand|[upkeep]
|upkeep
|turn|7
|c|☆MRH1106|fr!
|l| CainForward
|
|t:|1664397599
|-weather|none
|switch|p2a: Transcendent Deity|Arceus|100/100
|move|p1a: Legit god|Defog|p2a: Transcendent Deity
|-unboost|p2a: Transcendent Deity|evasion|1
|-sideend|p1: MRH1106|Stealth Rock|[from] move: Defog|[of] p1a: Legit god
|
|upkeep
|turn|8
|
|t:|1664397603
|move|p1a: Legit god|Judgment|p2a: Transcendent Deity
|-damage|p2a: Transcendent Deity|62/100
|move|p2a: Transcendent Deity|Swords Dance|p2a: Transcendent Deity
|-boost|p2a: Transcendent Deity|atk|2
|
|upkeep
|turn|9
|
|t:|1664397607
|move|p2a: Transcendent Deity|Earthquake|p1a: Legit god
|-damage|p1a: Legit god|47/100
|-damage|p2a: Transcendent Deity|52/100|[from] item: Life Orb
|move|p1a: Legit god|Judgment|p2a: Transcendent Deity
|-damage|p2a: Transcendent Deity|17/100
|
|upkeep
|turn|10
|
|t:|1664397614
|switch|p1a: YeeHaw~|Calyrex-Shadow|100/100
|-ability|p1a: YeeHaw~|As One
|-ability|p1a: YeeHaw~|Unnerve
|move|p2a: Transcendent Deity|Earthquake|p1a: YeeHaw~
|-enditem|p1a: YeeHaw~|Focus Sash
|-damage|p1a: YeeHaw~|1/100
|-damage|p2a: Transcendent Deity|7/100|[from] item: Life Orb
|
|upkeep
|turn|11
|c|☆Apprenti Buck|huh
|c|☆MRH1106|didn't espeed?
|c|☆MRH1106|wow
|
|t:|1664397636
|move|p1a: YeeHaw~|Draining Kiss|p2a: Transcendent Deity
|-damage|p2a: Transcendent Deity|0 fnt
|-heal|p1a: YeeHaw~|6/100|[from] drain|[of] p2a: Transcendent Deity
|faint|p2a: Transcendent Deity
|-ability|p1a: YeeHaw~|Grim Neigh|boost
|-boost|p1a: YeeHaw~|spa|1
|
|upkeep
|
|t:|1664397640
|switch|p2a: Buck’s alter ego|Marshadow|100/100
|turn|12
|
|t:|1664397645
|move|p2a: Buck’s alter ego|Shadow Sneak|p1a: YeeHaw~
|-supereffective|p1a: YeeHaw~
|-damage|p1a: YeeHaw~|0 fnt
|faint|p1a: YeeHaw~
|-damage|p2a: Buck’s alter ego|91/100|[from] item: Life Orb
|
|upkeep
|
|t:|1664397647
|switch|p1a: Legit god|Arceus-Ground|47/100
|turn|13
|
|t:|1664397650
|move|p2a: Buck’s alter ego|Close Combat|p1a: Legit god
|-damage|p1a: Legit god|0 fnt
|-unboost|p2a: Buck’s alter ego|def|1
|-unboost|p2a: Buck’s alter ego|spd|1
|faint|p1a: Legit god
|-damage|p2a: Buck’s alter ego|81/100|[from] item: Life Orb
|
|upkeep
|c|☆MRH1106|guess you have became better
|
|t:|1664397664
|switch|p1a: Fuck you <3|Ditto, shiny|100/100
|-transform|p1a: Fuck you <3|p2a: Buck’s alter ego|[from] ability: Imposter
|turn|14
|
|t:|1664397669
|switch|p2a: Behemoth|Groudon-Primal, shiny|100/100
|-weather|DesolateLand|[from] ability: Desolate Land|[of] p2a: Behemoth
|move|p1a: Fuck you <3|Shadow Sneak|p2a: Behemoth
|-damage|p2a: Behemoth|78/100
|
|-weather|DesolateLand|[upkeep]
|upkeep
|turn|15
|
|t:|1664397687
|switch|p1a: Rayyyy|Rayquaza|100/100
|-ability|p1a: Rayyyy|Air Lock
|move|p2a: Behemoth|Rock Tomb|p1a: Rayyyy
|-supereffective|p1a: Rayyyy
|-damage|p1a: Rayyyy|40/100
|-unboost|p1a: Rayyyy|spe|1
|
|-weather|DesolateLand|[upkeep]
|upkeep
|turn|16
|
|t:|1664397692
|detailschange|p1a: Rayyyy|Rayquaza-Mega
|-mega|p1a: Rayyyy|Rayquaza|
|-weather|DeltaStream|[from] ability: Delta Stream|[of] p1a: Rayyyy
|move|p2a: Behemoth|Stealth Rock|p1a: Rayyyy
|-sidestart|p1: MRH1106|move: Stealth Rock
|move|p1a: Rayyyy|Earthquake|p2a: Behemoth
|-supereffective|p2a: Behemoth
|-damage|p2a: Behemoth|14/100
|
|-weather|DeltaStream|[upkeep]
|upkeep
|turn|17
|
|t:|1664397700
|move|p1a: Rayyyy|Extreme Speed|p2a: Behemoth
|-damage|p2a: Behemoth|0 fnt
|faint|p2a: Behemoth
|
|-weather|DeltaStream|[upkeep]
|upkeep
|
|t:|1664397708
|switch|p2a: Dawn|Calyrex-Shadow|100/100
|-ability|p2a: Dawn|As One
|-ability|p2a: Dawn|Unnerve
|turn|18
|
|t:|1664397715
|move|p2a: Dawn|Astral Barrage|p1a: Rayyyy
|-damage|p1a: Rayyyy|0 fnt
|faint|p1a: Rayyyy
|-weather|none
|-ability|p2a: Dawn|Grim Neigh|boost
|-boost|p2a: Dawn|spa|1
|
|upkeep
|
|t:|1664397719
|switch|p1a: Hells dragon|Yveltal, shiny|100/100
|-damage|p1a: Hells dragon|76/100|[from] Stealth Rock
|-ability|p1a: Hells dragon|Dark Aura
|turn|19
|
|t:|1664397733
|-start|p1a: Hells dragon|Dynamax|
|-heal|p1a: Hells dragon|76/100|[silent]
|-zpower|p2a: Dawn
|move|p2a: Dawn|Never-Ending Nightmare|p1a: Hells dragon|[zeffect]
|-resisted|p1a: Hells dragon
|-damage|p1a: Hells dragon|34/100
|move|p1a: Hells dragon|Max Airstream|p2a: Dawn
|-damage|p2a: Dawn|18/100
|-boost|p1a: Hells dragon|spe|1
|-damage|p1a: Hells dragon|29/100|[from] item: Life Orb
|
|upkeep
|turn|20
|c|☆MRH1106|plot armor = free win right here
|c|☆MRH1106|fuck its z move
|c|☆MRH1106|nvm i lost LMAO
|
|t:|1664397746
|move|p1a: Hells dragon|Max Airstream|p2a: Dawn
|-damage|p2a: Dawn|0 fnt
|-boost|p1a: Hells dragon|spe|1
|faint|p2a: Dawn
|-damage|p1a: Hells dragon|24/100|[from] item: Life Orb
|
|upkeep
|
|t:|1664397754
|switch|p2a: Twilight|Yveltal|100/100
|-ability|p2a: Twilight|Dark Aura
|turn|21
|
|t:|1664397758
|-start|p2a: Twilight|Dynamax|
|-heal|p2a: Twilight|100/100|[silent]
|move|p1a: Hells dragon|Max Airstream|p2a: Twilight
|-damage|p2a: Twilight|62/100
|-boost|p1a: Hells dragon|spe|1
|-damage|p1a: Hells dragon|19/100|[from] item: Life Orb
|move|p2a: Twilight|Max Airstream|p1a: Hells dragon
|-damage|p1a: Hells dragon|0 fnt
|-boost|p2a: Twilight|spe|1
|faint|p1a: Hells dragon
|-damage|p2a: Twilight|57/100|[from] item: Life Orb
|
|upkeep
|
|t:|1664397760
|switch|p1a: Fuck you <3|Ditto, shiny|100/100
|-damage|p1a: Fuck you <3|88/100|[from] Stealth Rock
|-transform|p1a: Fuck you <3|p2a: Twilight|[from] ability: Imposter
|-ability|p1a: Fuck you <3|Dark Aura
|turn|22
|c|☆Apprenti Buck|gg
|
|t:|1664397776
|move|p1a: Fuck you <3|Oblivion Wing|p2a: Twilight
|-damage|p2a: Twilight|35/100
|-heal|p1a: Fuck you <3|100/100|[from] drain|[of] p2a: Twilight
|move|p2a: Twilight|Max Airstream|p1a: Fuck you <3
|-damage|p1a: Fuck you <3|0 fnt
|-boost|p2a: Twilight|spe|1
|faint|p1a: Fuck you <3
|-damage|p2a: Twilight|30/100|[from] item: Life Orb
|
|win|Apprenti Buck
|raw|MRH1106's rating: 1859 &rarr; <strong>1839</strong><br />(-20 for losing)
|raw|Apprenti Buck's rating: 1865 &rarr; <strong>1885</strong><br />(+20 for winning)
|c|☆MRH1106|indeed
