|j|☆the thin mints lad
|j|☆YouShouldFF
|t:|1663603276
|gametype|singles
|player|p1|the thin mints lad|cress|1652
|player|p2|YouShouldFF|swimmer-gen4dp|1667
|teamsize|p1|6
|teamsize|p2|6
|gen|8
|tier|[Gen 8] National Dex AG
|rated|
|rule|HP Percentage Mod: HP is shown in percentages
|rule|Endless Battle Clause: Forcing endless battles is banned
|clearpoke
|poke|p1|Marshadow|
|poke|p1|Ditto|
|poke|p1|Zygarde|
|poke|p1|Murkrow, M|
|poke|p1|Diancie|
|poke|p1|Necrozma-Dusk-Mane|
|poke|p2|Arceus-*|
|poke|p2|Zacian-*|
|poke|p2|Rayquaza|
|poke|p2|Zygarde|
|poke|p2|Ditto|
|poke|p2|Groudon|
|teampreview
|
|t:|1663603303
|start
|switch|p1a: my solrock evolved|Necrozma-Dusk-Mane|100/100
|switch|p2a: Zacian|Zacian-Crowned|100/100
|-ability|p2a: Zacian|Intrepid Sword|boost
|-boost|p2a: Zacian|atk|1
|turn|1
|
|t:|1663603309
|switch|p2a: Groudon|Groudon|100/100
|detailschange|p2a: Groudon|Groudon-Primal
|-primal|p2a: Groudon
|-weather|DesolateLand|[from] ability: Desolate Land|[of] p2a: Groudon
|move|p1a: my solrock evolved|Stealth Rock|p2a: Groudon
|-sidestart|p2: YouShouldFF|move: Stealth Rock
|
|-weather|DesolateLand|[upkeep]
|upkeep
|turn|2
|
|t:|1663603315
|switch|p1a: 10 literal dogs|Zygarde|100/100
|move|p2a: Groudon|Lava Plume|p1a: 10 literal dogs
|-resisted|p1a: 10 literal dogs
|-damage|p1a: 10 literal dogs|77/100
|
|-weather|DesolateLand|[upkeep]
|upkeep
|turn|3
|
|t:|1663603320
|move|p1a: 10 literal dogs|Glare|p2a: Groudon
|-status|p2a: Groudon|par
|move|p2a: Groudon|Lava Plume|p1a: 10 literal dogs
|-resisted|p1a: 10 literal dogs
|-damage|p1a: 10 literal dogs|50/100
|
|-weather|DesolateLand|[upkeep]
|-activate|p1a: 10 literal dogs|ability: Power Construct
|detailschange|p1a: 10 literal dogs|Zygarde-Complete
|-heal|p1a: 10 literal dogs|67/100|[silent]
|upkeep
|turn|4
|
|t:|1663603331
|move|p1a: 10 literal dogs|Coil|p1a: 10 literal dogs
|-boost|p1a: 10 literal dogs|atk|1
|-boost|p1a: 10 literal dogs|def|1
|-boost|p1a: 10 literal dogs|accuracy|1
|move|p2a: Groudon|Stealth Rock|p1a: 10 literal dogs
|-sidestart|p1: the thin mints lad|move: Stealth Rock
|
|-weather|DesolateLand|[upkeep]
|upkeep
|turn|5
|
|t:|1663603339
|move|p1a: 10 literal dogs|Coil|p1a: 10 literal dogs
|-boost|p1a: 10 literal dogs|atk|1
|-boost|p1a: 10 literal dogs|def|1
|-boost|p1a: 10 literal dogs|accuracy|1
|move|p2a: Groudon|Toxic|p1a: 10 literal dogs
|-status|p1a: 10 literal dogs|tox
|
|-weather|DesolateLand|[upkeep]
|-damage|p1a: 10 literal dogs|61/100 tox|[from] psn
|upkeep
|turn|6
|
|t:|1663603345
|move|p1a: 10 literal dogs|Glare|p2a: Groudon
|-fail|p2a: Groudon|par
|cant|p2a: Groudon|par
|
|-weather|DesolateLand|[upkeep]
|-damage|p1a: 10 literal dogs|49/100 tox|[from] psn
|upkeep
|turn|7
|
|t:|1663603355
|-weather|none
|switch|p2a: Arceus|Arceus|100/100
|-damage|p2a: Arceus|88/100|[from] Stealth Rock
|move|p1a: 10 literal dogs|Coil|p1a: 10 literal dogs
|-boost|p1a: 10 literal dogs|atk|1
|-boost|p1a: 10 literal dogs|def|1
|-boost|p1a: 10 literal dogs|accuracy|1
|
|-damage|p1a: 10 literal dogs|31/100 tox|[from] psn
|upkeep
|turn|8
|
|t:|1663603364
|move|p2a: Arceus|Extreme Speed|p1a: 10 literal dogs
|-damage|p1a: 10 literal dogs|21/100 tox
|-damage|p2a: Arceus|72/100|[from] item: Rocky Helmet|[of] p1a: 10 literal dogs
|move|p1a: 10 literal dogs|Rest|p1a: 10 literal dogs
|-status|p1a: 10 literal dogs|slp|[from] move: Rest
|-heal|p1a: 10 literal dogs|100/100 slp|[silent]
|
|upkeep
|turn|9
|
|t:|1663603380
|switch|p2a: Zacian|Zacian-Crowned|100/100
|-damage|p2a: Zacian|94/100|[from] Stealth Rock
|-ability|p2a: Zacian|Intrepid Sword|boost
|-boost|p2a: Zacian|atk|1
|cant|p1a: 10 literal dogs|slp
|
|upkeep
|turn|10
|
|t:|1663603390
|move|p2a: Zacian|Swords Dance|p2a: Zacian
|-boost|p2a: Zacian|atk|2
|cant|p1a: 10 literal dogs|slp
|
|upkeep
|turn|11
|
|t:|1663603399
|move|p2a: Zacian|Swords Dance|p2a: Zacian
|-boost|p2a: Zacian|atk|2
|-curestatus|p1a: 10 literal dogs|slp|[msg]
|move|p1a: 10 literal dogs|Thousand Arrows|p2a: Zacian
|-supereffective|p2a: Zacian
|-damage|p2a: Zacian|0 fnt
|faint|p2a: Zacian
|
|upkeep
|
|t:|1663603429
|switch|p2a: Zygarde|Zygarde|100/100
|-damage|p2a: Zygarde|94/100|[from] Stealth Rock
|turn|12
|
|t:|1663603436
|move|p1a: 10 literal dogs|Thousand Arrows|p2a: Zygarde
|-damage|p2a: Zygarde|39/100
|move|p2a: Zygarde|Glare|p1a: 10 literal dogs
|-status|p1a: 10 literal dogs|par
|
|-heal|p2a: Zygarde|45/100|[from] item: Leftovers
|-activate|p2a: Zygarde|ability: Power Construct
|detailschange|p2a: Zygarde|Zygarde-Complete
|-heal|p2a: Zygarde|64/100|[silent]
|upkeep
|turn|13
|
|t:|1663603442
|move|p2a: Zygarde|Substitute|p2a: Zygarde
|-start|p2a: Zygarde|Substitute
|-damage|p2a: Zygarde|39/100
|cant|p1a: 10 literal dogs|par
|
|-heal|p2a: Zygarde|45/100|[from] item: Leftovers
|upkeep
|turn|14
|
|t:|1663603449
|move|p2a: Zygarde|Coil|p2a: Zygarde
|-boost|p2a: Zygarde|atk|1
|-boost|p2a: Zygarde|def|1
|-boost|p2a: Zygarde|accuracy|1
|move|p1a: 10 literal dogs|Coil|p1a: 10 literal dogs
|-boost|p1a: 10 literal dogs|atk|1
|-boost|p1a: 10 literal dogs|def|1
|-boost|p1a: 10 literal dogs|accuracy|1
|
|-heal|p2a: Zygarde|51/100|[from] item: Leftovers
|upkeep
|turn|15
|
|t:|1663603457
|-start|p1a: 10 literal dogs|Dynamax|
|-heal|p1a: 10 literal dogs|100/100 par|[silent]
|move|p2a: Zygarde|Coil|p2a: Zygarde
|-boost|p2a: Zygarde|atk|1
|-boost|p2a: Zygarde|def|1
|-boost|p2a: Zygarde|accuracy|1
|move|p1a: 10 literal dogs|Max Quake|p2a: Zygarde
|-end|p2a: Zygarde|Substitute
|-boost|p1a: 10 literal dogs|spd|1
|
|-heal|p2a: Zygarde|57/100|[from] item: Leftovers
|upkeep
|turn|16
|
|t:|1663603467
|move|p2a: Zygarde|Substitute|p2a: Zygarde
|-start|p2a: Zygarde|Substitute
|-damage|p2a: Zygarde|32/100
|move|p1a: 10 literal dogs|Max Quake|p2a: Zygarde
|-end|p2a: Zygarde|Substitute
|-boost|p1a: 10 literal dogs|spd|1
|
|-heal|p2a: Zygarde|38/100|[from] item: Leftovers
|upkeep
|turn|17
|
|t:|1663603474
|move|p2a: Zygarde|Substitute|p2a: Zygarde
|-start|p2a: Zygarde|Substitute
|-damage|p2a: Zygarde|13/100
|cant|p1a: 10 literal dogs|par
|
|-heal|p2a: Zygarde|19/100|[from] item: Leftovers
|upkeep
|-end|p1a: 10 literal dogs|Dynamax
|-heal|p1a: 10 literal dogs|100/100 par|[silent]
|turn|18
|
|t:|1663603480
|move|p2a: Zygarde|Thousand Arrows|p1a: 10 literal dogs
|-damage|p1a: 10 literal dogs|93/100 par
|cant|p1a: 10 literal dogs|par
|
|-heal|p2a: Zygarde|25/100|[from] item: Leftovers
|upkeep
|turn|19
|
|t:|1663603483
|move|p2a: Zygarde|Coil|p2a: Zygarde
|-boost|p2a: Zygarde|atk|1
|-boost|p2a: Zygarde|def|1
|-boost|p2a: Zygarde|accuracy|1
|move|p1a: 10 literal dogs|Coil|p1a: 10 literal dogs
|-boost|p1a: 10 literal dogs|atk|1
|-boost|p1a: 10 literal dogs|def|1
|-boost|p1a: 10 literal dogs|accuracy|1
|
|-heal|p2a: Zygarde|32/100|[from] item: Leftovers
|upkeep
|turn|20
|
|t:|1663603488
|move|p2a: Zygarde|Coil|p2a: Zygarde
|-boost|p2a: Zygarde|atk|1
|-boost|p2a: Zygarde|def|1
|-boost|p2a: Zygarde|accuracy|1
|move|p1a: 10 literal dogs|Coil|p1a: 10 literal dogs
|-boost|p1a: 10 literal dogs|atk|1
|-boost|p1a: 10 literal dogs|def|1
|-boost|p1a: 10 literal dogs|accuracy|1
|
|-heal|p2a: Zygarde|38/100|[from] item: Leftovers
|upkeep
|turn|21
|
|t:|1663603503
|move|p2a: Zygarde|Coil|p2a: Zygarde
|-boost|p2a: Zygarde|atk|1
|-boost|p2a: Zygarde|def|1
|-boost|p2a: Zygarde|accuracy|1
|move|p1a: 10 literal dogs|Glare||[still]
|-fail|p1a: 10 literal dogs
|
|-heal|p2a: Zygarde|44/100|[from] item: Leftovers
|upkeep
|turn|22
|
|t:|1663603512
|move|p2a: Zygarde|Coil|p2a: Zygarde
|-boost|p2a: Zygarde|atk|1
|-boost|p2a: Zygarde|def|1
|-boost|p2a: Zygarde|accuracy|1
|cant|p1a: 10 literal dogs|par
|
|-heal|p2a: Zygarde|50/100|[from] item: Leftovers
|upkeep
|turn|23
|
|t:|1663603521
|move|p2a: Zygarde|Thousand Arrows|p1a: 10 literal dogs
|-damage|p1a: 10 literal dogs|82/100 par
|move|p1a: 10 literal dogs|Glare||[still]
|-fail|p1a: 10 literal dogs
|
|-heal|p2a: Zygarde|56/100|[from] item: Leftovers
|upkeep
|turn|24
|
|t:|1663603532
|move|p2a: Zygarde|Coil|p2a: Zygarde
|-boost|p2a: Zygarde|atk|0
|-boost|p2a: Zygarde|def|0
|-boost|p2a: Zygarde|accuracy|0
|move|p1a: 10 literal dogs|Glare||[still]
|-fail|p1a: 10 literal dogs
|
|-heal|p2a: Zygarde|62/100|[from] item: Leftovers
|upkeep
|turn|25
|
|t:|1663603535
|move|p2a: Zygarde|Coil|p2a: Zygarde
|-boost|p2a: Zygarde|atk|0
|-boost|p2a: Zygarde|def|0
|-boost|p2a: Zygarde|accuracy|0
|cant|p1a: 10 literal dogs|par
|
|-heal|p2a: Zygarde|68/100|[from] item: Leftovers
|upkeep
|turn|26
|j| luisYR_b
|
|t:|1663603540
|move|p2a: Zygarde|Coil|p2a: Zygarde
|-boost|p2a: Zygarde|atk|0
|-boost|p2a: Zygarde|def|0
|-boost|p2a: Zygarde|accuracy|0
|move|p1a: 10 literal dogs|Glare||[still]
|-fail|p1a: 10 literal dogs
|
|-heal|p2a: Zygarde|75/100|[from] item: Leftovers
|upkeep
|turn|27
|
|t:|1663603550
|move|p2a: Zygarde|Glare|p1a: 10 literal dogs
|-fail|p1a: 10 literal dogs|par
|move|p1a: 10 literal dogs|Glare||[still]
|-fail|p1a: 10 literal dogs
|
|-heal|p2a: Zygarde|81/100|[from] item: Leftovers
|upkeep
|turn|28
|inactive|Battle timer is ON: inactive players will automatically lose when time's up. (requested by YouShouldFF)
|c|☆the thin mints lad|i have rest and am under paralysis
|
|t:|1663603563
|move|p2a: Zygarde|Glare|p1a: 10 literal dogs
|-fail|p1a: 10 literal dogs|par
|move|p1a: 10 literal dogs|Glare||[still]
|-fail|p1a: 10 literal dogs
|
|-heal|p2a: Zygarde|87/100|[from] item: Leftovers
|upkeep
|turn|29
|c|☆the thin mints lad|gl winning the pp stall
|
|t:|1663603572
|move|p2a: Zygarde|Glare|p1a: 10 literal dogs
|-fail|p1a: 10 literal dogs|par
|move|p1a: 10 literal dogs|Glare||[still]
|-fail|p1a: 10 literal dogs
|
|-heal|p2a: Zygarde|93/100|[from] item: Leftovers
|upkeep
|turn|30
|
|t:|1663603581
|move|p2a: Zygarde|Glare|p1a: 10 literal dogs
|-fail|p1a: 10 literal dogs|par
|cant|p1a: 10 literal dogs|par
|
|-heal|p2a: Zygarde|99/100|[from] item: Leftovers
|upkeep
|turn|31
|
|t:|1663603590
|move|p2a: Zygarde|Coil|p2a: Zygarde
|-boost|p2a: Zygarde|atk|0
|-boost|p2a: Zygarde|def|0
|-boost|p2a: Zygarde|accuracy|0
|move|p1a: 10 literal dogs|Glare||[still]
|-fail|p1a: 10 literal dogs
|
|-heal|p2a: Zygarde|100/100|[from] item: Leftovers
|upkeep
|turn|32
|
|t:|1663603595
|move|p2a: Zygarde|Thousand Arrows|p1a: 10 literal dogs
|-damage|p1a: 10 literal dogs|71/100 par
|move|p1a: 10 literal dogs|Glare||[still]
|-fail|p1a: 10 literal dogs
|
|upkeep
|turn|33
|
|t:|1663603602
|move|p2a: Zygarde|Glare|p1a: 10 literal dogs
|-fail|p1a: 10 literal dogs|par
|move|p1a: 10 literal dogs|Glare||[still]
|-fail|p1a: 10 literal dogs
|
|upkeep
|turn|34
|
|t:|1663603609
|move|p2a: Zygarde|Glare|p1a: 10 literal dogs
|-fail|p1a: 10 literal dogs|par
|move|p1a: 10 literal dogs|Glare||[still]
|-fail|p1a: 10 literal dogs
|
|upkeep
|turn|35
|
|t:|1663603633
|move|p2a: Zygarde|Glare|p1a: 10 literal dogs
|-fail|p1a: 10 literal dogs|par
|move|p1a: 10 literal dogs|Glare||[still]
|-fail|p1a: 10 literal dogs
|
|upkeep
|turn|36
|c|☆the thin mints lad|to the guy who's watching, you can make yourself comfy, this is gonna last a while
|
|t:|1663603645
|move|p2a: Zygarde|Glare|p1a: 10 literal dogs
|-fail|p1a: 10 literal dogs|par
|move|p1a: 10 literal dogs|Glare||[still]
|-fail|p1a: 10 literal dogs
|
|upkeep
|turn|37
|
|t:|1663603653
|move|p2a: Zygarde|Coil|p2a: Zygarde
|-boost|p2a: Zygarde|atk|0
|-boost|p2a: Zygarde|def|0
|-boost|p2a: Zygarde|accuracy|0
|move|p1a: 10 literal dogs|Glare||[still]
|-fail|p1a: 10 literal dogs
|
|upkeep
|turn|38
|
|t:|1663603656
|move|p2a: Zygarde|Coil|p2a: Zygarde
|-boost|p2a: Zygarde|atk|0
|-boost|p2a: Zygarde|def|0
|-boost|p2a: Zygarde|accuracy|0
|move|p1a: 10 literal dogs|Glare||[still]
|-fail|p1a: 10 literal dogs
|
|upkeep
|turn|39
|
|t:|1663603663
|move|p2a: Zygarde|Thousand Arrows|p1a: 10 literal dogs
|-damage|p1a: 10 literal dogs|59/100 par
|move|p1a: 10 literal dogs|Glare||[still]
|-fail|p1a: 10 literal dogs
|
|upkeep
|turn|40
|
|t:|1663603670
|move|p2a: Zygarde|Thousand Arrows|p1a: 10 literal dogs
|-damage|p1a: 10 literal dogs|47/100 par
|move|p1a: 10 literal dogs|Glare||[still]
|-fail|p1a: 10 literal dogs
|
|upkeep
|turn|41
|
|t:|1663603677
|move|p2a: Zygarde|Thousand Arrows|p1a: 10 literal dogs
|-damage|p1a: 10 literal dogs|35/100 par
|cant|p1a: 10 literal dogs|par
|
|upkeep
|turn|42
|
|t:|1663603684
|move|p2a: Zygarde|Thousand Arrows|p1a: 10 literal dogs
|-damage|p1a: 10 literal dogs|24/100 par
|move|p1a: 10 literal dogs|Rest|p1a: 10 literal dogs
|-status|p1a: 10 literal dogs|slp|[from] move: Rest
|-heal|p1a: 10 literal dogs|100/100 slp|[silent]
|
|upkeep
|turn|43
|
|t:|1663603694
|cant|p1a: 10 literal dogs|slp
|move|p2a: Zygarde|Coil|p2a: Zygarde
|-boost|p2a: Zygarde|atk|0
|-boost|p2a: Zygarde|def|0
|-boost|p2a: Zygarde|accuracy|0
|
|upkeep
|turn|44
|
|t:|1663603697
|cant|p1a: 10 literal dogs|slp
|move|p2a: Zygarde|Coil|p2a: Zygarde
|-boost|p2a: Zygarde|atk|0
|-boost|p2a: Zygarde|def|0
|-boost|p2a: Zygarde|accuracy|0
|
|upkeep
|turn|45
|
|t:|1663603700
|-curestatus|p1a: 10 literal dogs|slp|[msg]
|move|p1a: 10 literal dogs|Glare||[still]
|-fail|p1a: 10 literal dogs
|move|p2a: Zygarde|Coil|p2a: Zygarde
|-boost|p2a: Zygarde|atk|0
|-boost|p2a: Zygarde|def|0
|-boost|p2a: Zygarde|accuracy|0
|
|upkeep
|turn|46
|
|t:|1663603711
|move|p1a: 10 literal dogs|Glare||[still]
|-fail|p1a: 10 literal dogs
|move|p2a: Zygarde|Glare|p1a: 10 literal dogs
|-status|p1a: 10 literal dogs|par
|
|upkeep
|turn|47
|
|t:|1663603722
|move|p2a: Zygarde|Thousand Arrows|p1a: 10 literal dogs
|-damage|p1a: 10 literal dogs|89/100 par
|cant|p1a: 10 literal dogs|par
|
|upkeep
|turn|48
|
|t:|1663603732
|move|p2a: Zygarde|Coil|p2a: Zygarde
|-boost|p2a: Zygarde|atk|0
|-boost|p2a: Zygarde|def|0
|-boost|p2a: Zygarde|accuracy|0
|cant|p1a: 10 literal dogs|par
|
|upkeep
|turn|49
|
|t:|1663603740
|move|p2a: Zygarde|Coil|p2a: Zygarde
|-boost|p2a: Zygarde|atk|0
|-boost|p2a: Zygarde|def|0
|-boost|p2a: Zygarde|accuracy|0
|cant|p1a: 10 literal dogs|par
|
|upkeep
|turn|50
|
|t:|1663603748
|move|p2a: Zygarde|Coil|p2a: Zygarde
|-boost|p2a: Zygarde|atk|0
|-boost|p2a: Zygarde|def|0
|-boost|p2a: Zygarde|accuracy|0
|move|p1a: 10 literal dogs|Glare||[still]
|-fail|p1a: 10 literal dogs
|
|upkeep
|turn|51
|
|t:|1663603751
|move|p2a: Zygarde|Coil|p2a: Zygarde
|-boost|p2a: Zygarde|atk|0
|-boost|p2a: Zygarde|def|0
|-boost|p2a: Zygarde|accuracy|0
|move|p1a: 10 literal dogs|Glare||[still]
|-fail|p1a: 10 literal dogs
|
|upkeep
|turn|52
|
|t:|1663603758
|move|p2a: Zygarde|Thousand Arrows|p1a: 10 literal dogs
|-damage|p1a: 10 literal dogs|78/100 par
|move|p1a: 10 literal dogs|Glare||[still]
|-fail|p1a: 10 literal dogs
|
|upkeep
|turn|53
|
|t:|1663603771
|move|p2a: Zygarde|Coil|p2a: Zygarde
|-boost|p2a: Zygarde|atk|0
|-boost|p2a: Zygarde|def|0
|-boost|p2a: Zygarde|accuracy|0
|move|p1a: 10 literal dogs|Glare||[still]
|-fail|p1a: 10 literal dogs
|
|upkeep
|turn|54
|
|t:|1663603773
|move|p2a: Zygarde|Coil|p2a: Zygarde
|-boost|p2a: Zygarde|atk|0
|-boost|p2a: Zygarde|def|0
|-boost|p2a: Zygarde|accuracy|0
|move|p1a: 10 literal dogs|Glare||[still]
|-fail|p1a: 10 literal dogs
|
|upkeep
|turn|55
|
|t:|1663603775
|move|p2a: Zygarde|Coil|p2a: Zygarde
|-boost|p2a: Zygarde|atk|0
|-boost|p2a: Zygarde|def|0
|-boost|p2a: Zygarde|accuracy|0
|move|p1a: 10 literal dogs|Glare||[still]
|-fail|p1a: 10 literal dogs
|
|upkeep
|turn|56
|
|t:|1663603780
|move|p2a: Zygarde|Glare|p1a: 10 literal dogs
|-fail|p1a: 10 literal dogs|par
|cant|p1a: 10 literal dogs|par
|
|upkeep
|turn|57
|
|t:|1663603783
|move|p2a: Zygarde|Glare|p1a: 10 literal dogs
|-fail|p1a: 10 literal dogs|par
|cant|p1a: 10 literal dogs|par
|
|upkeep
|turn|58
|
|t:|1663603786
|move|p2a: Zygarde|Coil|p2a: Zygarde
|-boost|p2a: Zygarde|atk|0
|-boost|p2a: Zygarde|def|0
|-boost|p2a: Zygarde|accuracy|0
|move|p1a: 10 literal dogs|Glare||[still]
|-fail|p1a: 10 literal dogs
|
|upkeep
|turn|59
|
|t:|1663603788
|move|p2a: Zygarde|Coil|p2a: Zygarde
|-boost|p2a: Zygarde|atk|0
|-boost|p2a: Zygarde|def|0
|-boost|p2a: Zygarde|accuracy|0
|cant|p1a: 10 literal dogs|par
|
|upkeep
|turn|60
|
|t:|1663603790
|move|p2a: Zygarde|Coil|p2a: Zygarde
|-boost|p2a: Zygarde|atk|0
|-boost|p2a: Zygarde|def|0
|-boost|p2a: Zygarde|accuracy|0
|move|p1a: 10 literal dogs|Glare||[still]
|-fail|p1a: 10 literal dogs
|
|upkeep
|turn|61
|
|t:|1663603794
|move|p2a: Zygarde|Glare|p1a: 10 literal dogs
|-fail|p1a: 10 literal dogs|par
|move|p1a: 10 literal dogs|Glare||[still]
|-fail|p1a: 10 literal dogs
|
|upkeep
|turn|62
|
|t:|1663603798
|move|p2a: Zygarde|Glare|p1a: 10 literal dogs
|-fail|p1a: 10 literal dogs|par
|move|p1a: 10 literal dogs|Glare||[still]
|-fail|p1a: 10 literal dogs
|
|upkeep
|turn|63
|
|t:|1663603806
|move|p2a: Zygarde|Glare|p1a: 10 literal dogs
|-fail|p1a: 10 literal dogs|par
|move|p1a: 10 literal dogs|Glare||[still]
|-fail|p1a: 10 literal dogs
|
|upkeep
|turn|64
|l| luisYR_b
|
|t:|1663603814
|move|p2a: Zygarde|Coil|p2a: Zygarde
|-boost|p2a: Zygarde|atk|0
|-boost|p2a: Zygarde|def|0
|-boost|p2a: Zygarde|accuracy|0
|cant|p1a: 10 literal dogs|par
|
|upkeep
|turn|65
|
|t:|1663603817
|move|p2a: Zygarde|Glare|p1a: 10 literal dogs
|-fail|p1a: 10 literal dogs|par
|cant|p1a: 10 literal dogs|par
|
|upkeep
|turn|66
|j| luisYR_b
|l| luisYR_b
|
|t:|1663603822
|move|p2a: Zygarde|Glare|p1a: 10 literal dogs
|-fail|p1a: 10 literal dogs|par
|cant|p1a: 10 literal dogs|par
|
|upkeep
|turn|67
|
|t:|1663603825
|move|p2a: Zygarde|Glare|p1a: 10 literal dogs
|-fail|p1a: 10 literal dogs|par
|move|p1a: 10 literal dogs|Coil|p1a: 10 literal dogs
|-boost|p1a: 10 literal dogs|atk|0
|-boost|p1a: 10 literal dogs|def|0
|-boost|p1a: 10 literal dogs|accuracy|0
|
|upkeep
|turn|68
|
|t:|1663603830
|move|p2a: Zygarde|Glare|p1a: 10 literal dogs
|-fail|p1a: 10 literal dogs|par
|move|p1a: 10 literal dogs|Coil|p1a: 10 literal dogs
|-boost|p1a: 10 literal dogs|atk|0
|-boost|p1a: 10 literal dogs|def|0
|-boost|p1a: 10 literal dogs|accuracy|0
|
|upkeep
|turn|69
|
|t:|1663603835
|move|p2a: Zygarde|Glare|p1a: 10 literal dogs
|-fail|p1a: 10 literal dogs|par
|move|p1a: 10 literal dogs|Coil|p1a: 10 literal dogs
|-boost|p1a: 10 literal dogs|atk|0
|-boost|p1a: 10 literal dogs|def|0
|-boost|p1a: 10 literal dogs|accuracy|0
|
|upkeep
|turn|70
|
|t:|1663603839
|move|p2a: Zygarde|Glare|p1a: 10 literal dogs
|-fail|p1a: 10 literal dogs|par
|move|p1a: 10 literal dogs|Coil|p1a: 10 literal dogs
|-boost|p1a: 10 literal dogs|atk|0
|-boost|p1a: 10 literal dogs|def|0
|-boost|p1a: 10 literal dogs|accuracy|0
|
|upkeep
|turn|71
|
|t:|1663603847
|move|p2a: Zygarde|Glare|p1a: 10 literal dogs
|-fail|p1a: 10 literal dogs|par
|move|p1a: 10 literal dogs|Coil|p1a: 10 literal dogs
|-boost|p1a: 10 literal dogs|atk|0
|-boost|p1a: 10 literal dogs|def|0
|-boost|p1a: 10 literal dogs|accuracy|0
|
|upkeep
|turn|72
|
|t:|1663603851
|move|p2a: Zygarde|Glare|p1a: 10 literal dogs
|-fail|p1a: 10 literal dogs|par
|move|p1a: 10 literal dogs|Coil|p1a: 10 literal dogs
|-boost|p1a: 10 literal dogs|atk|0
|-boost|p1a: 10 literal dogs|def|0
|-boost|p1a: 10 literal dogs|accuracy|0
|
|upkeep
|turn|73
|
|t:|1663603854
|move|p2a: Zygarde|Glare|p1a: 10 literal dogs
|-fail|p1a: 10 literal dogs|par
|move|p1a: 10 literal dogs|Coil|p1a: 10 literal dogs
|-boost|p1a: 10 literal dogs|atk|0
|-boost|p1a: 10 literal dogs|def|0
|-boost|p1a: 10 literal dogs|accuracy|0
|
|upkeep
|turn|74
|
|t:|1663603859
|move|p2a: Zygarde|Glare|p1a: 10 literal dogs
|-fail|p1a: 10 literal dogs|par
|move|p1a: 10 literal dogs|Coil|p1a: 10 literal dogs
|-boost|p1a: 10 literal dogs|atk|0
|-boost|p1a: 10 literal dogs|def|0
|-boost|p1a: 10 literal dogs|accuracy|0
|
|upkeep
|turn|75
|
|t:|1663603863
|move|p2a: Zygarde|Glare|p1a: 10 literal dogs
|-fail|p1a: 10 literal dogs|par
|move|p1a: 10 literal dogs|Coil|p1a: 10 literal dogs
|-boost|p1a: 10 literal dogs|atk|0
|-boost|p1a: 10 literal dogs|def|0
|-boost|p1a: 10 literal dogs|accuracy|0
|
|upkeep
|turn|76
|
|t:|1663603876
|move|p2a: Zygarde|Coil|p2a: Zygarde
|-boost|p2a: Zygarde|atk|0
|-boost|p2a: Zygarde|def|0
|-boost|p2a: Zygarde|accuracy|0
|move|p1a: 10 literal dogs|Rest|p1a: 10 literal dogs
|-status|p1a: 10 literal dogs|slp|[from] move: Rest
|-heal|p1a: 10 literal dogs|100/100 slp|[silent]
|
|upkeep
|turn|77
|
|t:|1663603879
|cant|p1a: 10 literal dogs|slp
|move|p2a: Zygarde|Glare||[still]
|-fail|p2a: Zygarde
|
|upkeep
|turn|78
|
|t:|1663603899
|-end|p2a: Zygarde|Substitute
|-start|p2a: Zygarde|Dynamax|
|-heal|p2a: Zygarde|100/100|[silent]
|cant|p1a: 10 literal dogs|slp
|move|p2a: Zygarde|Max Quake|p1a: 10 literal dogs
|-damage|p1a: 10 literal dogs|84/100 slp
|-boost|p2a: Zygarde|spd|1
|
|upkeep
|turn|79
|
|t:|1663603910
|-curestatus|p1a: 10 literal dogs|slp|[msg]
|move|p1a: 10 literal dogs|Coil|p1a: 10 literal dogs
|-boost|p1a: 10 literal dogs|atk|0
|-boost|p1a: 10 literal dogs|def|0
|-boost|p1a: 10 literal dogs|accuracy|0
|move|p2a: Zygarde|Max Quake|p1a: 10 literal dogs
|-damage|p1a: 10 literal dogs|69/100
|-boost|p2a: Zygarde|spd|1
|
|upkeep
|turn|80
|
|t:|1663603917
|move|p2a: Zygarde|Max Guard|p2a: Zygarde
|-singleturn|p2a: Zygarde|Max Guard
|move|p1a: 10 literal dogs|Coil|p1a: 10 literal dogs
|-boost|p1a: 10 literal dogs|atk|0
|-boost|p1a: 10 literal dogs|def|0
|-boost|p1a: 10 literal dogs|accuracy|0
|
|upkeep
|-end|p2a: Zygarde|Dynamax
|-heal|p2a: Zygarde|100/100|[silent]
|turn|81
|
|t:|1663603921
|move|p1a: 10 literal dogs|Coil|p1a: 10 literal dogs
|-boost|p1a: 10 literal dogs|atk|0
|-boost|p1a: 10 literal dogs|def|0
|-boost|p1a: 10 literal dogs|accuracy|0
|move|p2a: Zygarde|Substitute|p2a: Zygarde
|-start|p2a: Zygarde|Substitute
|-damage|p2a: Zygarde|75/100
|
|-heal|p2a: Zygarde|82/100|[from] item: Leftovers
|upkeep
|turn|82
|
|t:|1663603927
|move|p1a: 10 literal dogs|Coil|p1a: 10 literal dogs
|-boost|p1a: 10 literal dogs|atk|0
|-boost|p1a: 10 literal dogs|def|0
|-boost|p1a: 10 literal dogs|accuracy|0
|move|p2a: Zygarde|Glare|p1a: 10 literal dogs
|-status|p1a: 10 literal dogs|par
|
|-heal|p2a: Zygarde|88/100|[from] item: Leftovers
|upkeep
|turn|83
|
|t:|1663603934
|move|p2a: Zygarde|Glare|p1a: 10 literal dogs
|-fail|p1a: 10 literal dogs|par
|move|p1a: 10 literal dogs|Glare||[still]
|-fail|p1a: 10 literal dogs
|
|-heal|p2a: Zygarde|94/100|[from] item: Leftovers
|upkeep
|turn|84
|
|t:|1663603941
|move|p2a: Zygarde|Glare|p1a: 10 literal dogs
|-fail|p1a: 10 literal dogs|par
|cant|p1a: 10 literal dogs|par
|
|-heal|p2a: Zygarde|99/100|[from] item: Leftovers
|upkeep
|turn|85
|
|t:|1663603946
|move|p2a: Zygarde|Glare|p1a: 10 literal dogs
|-fail|p1a: 10 literal dogs|par
|cant|p1a: 10 literal dogs|par
|
|-heal|p2a: Zygarde|100/100|[from] item: Leftovers
|upkeep
|turn|86
|
|t:|1663603950
|move|p2a: Zygarde|Coil|p2a: Zygarde
|-boost|p2a: Zygarde|atk|0
|-boost|p2a: Zygarde|def|0
|-boost|p2a: Zygarde|accuracy|0
|move|p1a: 10 literal dogs|Rest|p1a: 10 literal dogs
|-status|p1a: 10 literal dogs|slp|[from] move: Rest
|-heal|p1a: 10 literal dogs|100/100 slp|[silent]
|
|upkeep
|turn|87
|
|t:|1663603956
|cant|p1a: 10 literal dogs|slp
|move|p2a: Zygarde|Coil|p2a: Zygarde
|-boost|p2a: Zygarde|atk|0
|-boost|p2a: Zygarde|def|0
|-boost|p2a: Zygarde|accuracy|0
|
|upkeep
|turn|88
|
|t:|1663603961
|cant|p1a: 10 literal dogs|slp
|move|p2a: Zygarde|Coil|p2a: Zygarde
|-boost|p2a: Zygarde|atk|0
|-boost|p2a: Zygarde|def|0
|-boost|p2a: Zygarde|accuracy|0
|
|upkeep
|turn|89
|
|t:|1663603965
|-curestatus|p1a: 10 literal dogs|slp|[msg]
|move|p1a: 10 literal dogs|Rest|p1a: 10 literal dogs
|-fail|p1a: 10 literal dogs|heal
|move|p2a: Zygarde|Coil|p2a: Zygarde
|-boost|p2a: Zygarde|atk|0
|-boost|p2a: Zygarde|def|0
|-boost|p2a: Zygarde|accuracy|0
|
|upkeep
|turn|90
|
|t:|1663603973
|move|p1a: 10 literal dogs|Coil|p1a: 10 literal dogs
|-boost|p1a: 10 literal dogs|atk|0
|-boost|p1a: 10 literal dogs|def|0
|-boost|p1a: 10 literal dogs|accuracy|0
|move|p2a: Zygarde|Substitute|p2a: Zygarde
|-fail|p2a: Zygarde|move: Substitute
|
|upkeep
|turn|91
|
|t:|1663603978
|move|p1a: 10 literal dogs|Coil|p1a: 10 literal dogs
|-boost|p1a: 10 literal dogs|atk|0
|-boost|p1a: 10 literal dogs|def|0
|-boost|p1a: 10 literal dogs|accuracy|0
|move|p2a: Zygarde|Glare|p1a: 10 literal dogs
|-status|p1a: 10 literal dogs|par
|
|upkeep
|turn|92
|
|t:|1663604004
|move|p2a: Zygarde|Glare|p1a: 10 literal dogs
|-fail|p1a: 10 literal dogs|par
|cant|p1a: 10 literal dogs|par
|
|upkeep
|turn|93
|
|t:|1663604012
|move|p2a: Zygarde|Glare|p1a: 10 literal dogs
|-fail|p1a: 10 literal dogs|par
|move|p1a: 10 literal dogs|Coil|p1a: 10 literal dogs
|-boost|p1a: 10 literal dogs|atk|0
|-boost|p1a: 10 literal dogs|def|0
|-boost|p1a: 10 literal dogs|accuracy|0
|
|upkeep
|turn|94
|
|t:|1663604018
|move|p2a: Zygarde|Glare|p1a: 10 literal dogs
|-fail|p1a: 10 literal dogs|par
|move|p1a: 10 literal dogs|Coil|p1a: 10 literal dogs
|-boost|p1a: 10 literal dogs|atk|0
|-boost|p1a: 10 literal dogs|def|0
|-boost|p1a: 10 literal dogs|accuracy|0
|
|upkeep
|turn|95
|
|t:|1663604020
|move|p2a: Zygarde|Glare|p1a: 10 literal dogs
|-fail|p1a: 10 literal dogs|par
|cant|p1a: 10 literal dogs|par
|
|upkeep
|turn|96
|
|t:|1663604022
|move|p2a: Zygarde|Glare|p1a: 10 literal dogs
|-fail|p1a: 10 literal dogs|par
|cant|p1a: 10 literal dogs|par
|
|upkeep
|turn|97
|
|t:|1663604027
|move|p2a: Zygarde|Glare|p1a: 10 literal dogs
|-fail|p1a: 10 literal dogs|par
|move|p1a: 10 literal dogs|Coil|p1a: 10 literal dogs
|-boost|p1a: 10 literal dogs|atk|0
|-boost|p1a: 10 literal dogs|def|0
|-boost|p1a: 10 literal dogs|accuracy|0
|
|upkeep
|turn|98
|
|t:|1663604031
|move|p2a: Zygarde|Glare|p1a: 10 literal dogs
|-fail|p1a: 10 literal dogs|par
|move|p1a: 10 literal dogs|Coil|p1a: 10 literal dogs
|-boost|p1a: 10 literal dogs|atk|0
|-boost|p1a: 10 literal dogs|def|0
|-boost|p1a: 10 literal dogs|accuracy|0
|
|upkeep
|turn|99
|
|t:|1663604036
|move|p2a: Zygarde|Glare|p1a: 10 literal dogs
|-fail|p1a: 10 literal dogs|par
|cant|p1a: 10 literal dogs|par
|
|upkeep
|turn|100
|
|t:|1663604038
|move|p2a: Zygarde|Glare|p1a: 10 literal dogs
|-fail|p1a: 10 literal dogs|par
|move|p1a: 10 literal dogs|Coil|p1a: 10 literal dogs
|-boost|p1a: 10 literal dogs|atk|0
|-boost|p1a: 10 literal dogs|def|0
|-boost|p1a: 10 literal dogs|accuracy|0
|
|upkeep
|turn|101
|
|t:|1663604045
|move|p2a: Zygarde|Glare|p1a: 10 literal dogs
|-fail|p1a: 10 literal dogs|par
|move|p1a: 10 literal dogs|Coil|p1a: 10 literal dogs
|-boost|p1a: 10 literal dogs|atk|0
|-boost|p1a: 10 literal dogs|def|0
|-boost|p1a: 10 literal dogs|accuracy|0
|
|upkeep
|turn|102
|
|t:|1663604053
|move|p2a: Zygarde|Substitute|p2a: Zygarde
|-fail|p2a: Zygarde|move: Substitute
|move|p1a: 10 literal dogs|Coil|p1a: 10 literal dogs
|-boost|p1a: 10 literal dogs|atk|0
|-boost|p1a: 10 literal dogs|def|0
|-boost|p1a: 10 literal dogs|accuracy|0
|
|upkeep
|turn|103
|
|t:|1663604058
|move|p2a: Zygarde|Glare|p1a: 10 literal dogs
|-fail|p1a: 10 literal dogs|par
|move|p1a: 10 literal dogs|Coil|p1a: 10 literal dogs
|-boost|p1a: 10 literal dogs|atk|0
|-boost|p1a: 10 literal dogs|def|0
|-boost|p1a: 10 literal dogs|accuracy|0
|
|upkeep
|turn|104
|
|t:|1663604063
|move|p2a: Zygarde|Glare|p1a: 10 literal dogs
|-fail|p1a: 10 literal dogs|par
|move|p1a: 10 literal dogs|Coil|p1a: 10 literal dogs
|-boost|p1a: 10 literal dogs|atk|0
|-boost|p1a: 10 literal dogs|def|0
|-boost|p1a: 10 literal dogs|accuracy|0
|
|upkeep
|turn|105
|
|t:|1663604081
|move|p2a: Zygarde|Glare|p1a: 10 literal dogs
|-fail|p1a: 10 literal dogs|par
|move|p1a: 10 literal dogs|Glare||[still]
|-fail|p1a: 10 literal dogs
|
|upkeep
|turn|106
|
|t:|1663604085
|move|p2a: Zygarde|Glare|p1a: 10 literal dogs
|-fail|p1a: 10 literal dogs|par
|move|p1a: 10 literal dogs|Glare||[still]
|-fail|p1a: 10 literal dogs
|
|upkeep
|turn|107
|
|t:|1663604088
|move|p2a: Zygarde|Glare|p1a: 10 literal dogs
|-fail|p1a: 10 literal dogs|par
|move|p1a: 10 literal dogs|Glare||[still]
|-fail|p1a: 10 literal dogs
|
|upkeep
|turn|108
|
|t:|1663604092
|move|p2a: Zygarde|Glare|p1a: 10 literal dogs
|-fail|p1a: 10 literal dogs|par
|move|p1a: 10 literal dogs|Glare||[still]
|-fail|p1a: 10 literal dogs
|
|upkeep
|turn|109
|
|t:|1663604100
|move|p2a: Zygarde|Substitute|p2a: Zygarde
|-fail|p2a: Zygarde|move: Substitute
|cant|p1a: 10 literal dogs|par
|
|upkeep
|turn|110
|
|t:|1663604105
|move|p2a: Zygarde|Substitute|p2a: Zygarde
|-fail|p2a: Zygarde|move: Substitute
|move|p1a: 10 literal dogs|Glare||[still]
|-fail|p1a: 10 literal dogs
|
|upkeep
|turn|111
|
|t:|1663604108
|move|p2a: Zygarde|Substitute|p2a: Zygarde
|-fail|p2a: Zygarde|move: Substitute
|move|p1a: 10 literal dogs|Glare||[still]
|-fail|p1a: 10 literal dogs
|
|upkeep
|turn|112
|
|t:|1663604112
|move|p2a: Zygarde|Thousand Arrows|p1a: 10 literal dogs
|-crit|p1a: 10 literal dogs
|-damage|p1a: 10 literal dogs|36/100 par
|move|p1a: 10 literal dogs|Glare||[still]
|-fail|p1a: 10 literal dogs
|
|upkeep
|turn|113
|
|t:|1663604118
|move|p2a: Zygarde|Thousand Arrows|p1a: 10 literal dogs
|-damage|p1a: 10 literal dogs|25/100 par
|move|p1a: 10 literal dogs|Rest|p1a: 10 literal dogs
|-status|p1a: 10 literal dogs|slp|[from] move: Rest
|-heal|p1a: 10 literal dogs|100/100 slp|[silent]
|
|upkeep
|turn|114
|
|t:|1663604123
|cant|p1a: 10 literal dogs|slp
|move|p2a: Zygarde|Thousand Arrows|p1a: 10 literal dogs
|-damage|p1a: 10 literal dogs|89/100 slp
|
|upkeep
|turn|115
|
|t:|1663604127
|cant|p1a: 10 literal dogs|slp
|move|p2a: Zygarde|Thousand Arrows|p1a: 10 literal dogs
|-damage|p1a: 10 literal dogs|78/100 slp
|
|upkeep
|turn|116
|
|t:|1663604130
|-curestatus|p1a: 10 literal dogs|slp|[msg]
|move|p1a: 10 literal dogs|Coil|p1a: 10 literal dogs
|-boost|p1a: 10 literal dogs|atk|0
|-boost|p1a: 10 literal dogs|def|0
|-boost|p1a: 10 literal dogs|accuracy|0
|move|p2a: Zygarde|Thousand Arrows|p1a: 10 literal dogs
|-damage|p1a: 10 literal dogs|67/100
|
|upkeep
|turn|117
|
|t:|1663604156
|move|p1a: 10 literal dogs|Rest|p1a: 10 literal dogs
|-status|p1a: 10 literal dogs|slp|[from] move: Rest
|-heal|p1a: 10 literal dogs|100/100 slp|[silent]
|move|p2a: Zygarde|Substitute|p2a: Zygarde
|-fail|p2a: Zygarde|move: Substitute
|
|upkeep
|turn|118
|
|t:|1663604159
|cant|p1a: 10 literal dogs|slp
|move|p2a: Zygarde|Substitute|p2a: Zygarde
|-fail|p2a: Zygarde|move: Substitute
|
|upkeep
|turn|119
|
|t:|1663604164
|cant|p1a: 10 literal dogs|slp
|move|p2a: Zygarde|Substitute|p2a: Zygarde
|-fail|p2a: Zygarde|move: Substitute
|
|upkeep
|turn|120
|
|t:|1663604166
|-curestatus|p1a: 10 literal dogs|slp|[msg]
|move|p1a: 10 literal dogs|Glare||[still]
|-fail|p1a: 10 literal dogs
|move|p2a: Zygarde|Substitute|p2a: Zygarde
|-fail|p2a: Zygarde|move: Substitute
|
|upkeep
|turn|121
|
|t:|1663604170
|move|p1a: 10 literal dogs|Glare||[still]
|-fail|p1a: 10 literal dogs
|move|p2a: Zygarde|Substitute|p2a: Zygarde
|-fail|p2a: Zygarde|move: Substitute
|
|upkeep
|turn|122
|
|t:|1663604175
|move|p1a: 10 literal dogs|Glare||[still]
|-fail|p1a: 10 literal dogs
|move|p2a: Zygarde|Substitute|p2a: Zygarde
|-fail|p2a: Zygarde|move: Substitute
|
|upkeep
|turn|123
|
|t:|1663604180
|move|p1a: 10 literal dogs|Glare||[still]
|-fail|p1a: 10 literal dogs
|move|p2a: Zygarde|Substitute|p2a: Zygarde
|-fail|p2a: Zygarde|move: Substitute
|
|upkeep
|turn|124
|
|t:|1663604188
|move|p1a: 10 literal dogs|Glare||[still]
|-fail|p1a: 10 literal dogs
|-activate|p2a: Zygarde|move: Struggle
|move|p2a: Zygarde|Struggle|p1a: 10 literal dogs
|-damage|p1a: 10 literal dogs|96/100
|-damage|p2a: Zygarde|84/100|[from] item: Rocky Helmet|[of] p1a: 10 literal dogs
|-damage|p2a: Zygarde|59/100|[from] recoil
|
|-heal|p2a: Zygarde|65/100|[from] item: Leftovers
|upkeep
|turn|125
|
|t:|1663604196
|move|p1a: 10 literal dogs|Glare||[still]
|-fail|p1a: 10 literal dogs
|-activate|p2a: Zygarde|move: Struggle
|move|p2a: Zygarde|Struggle|p1a: 10 literal dogs
|-damage|p1a: 10 literal dogs|92/100
|-damage|p2a: Zygarde|48/100|[from] item: Rocky Helmet|[of] p1a: 10 literal dogs
|-damage|p2a: Zygarde|23/100|[from] recoil
|
|-heal|p2a: Zygarde|29/100|[from] item: Leftovers
|upkeep
|turn|126
|
|t:|1663604199
|move|p1a: 10 literal dogs|Coil|p1a: 10 literal dogs
|-boost|p1a: 10 literal dogs|atk|0
|-boost|p1a: 10 literal dogs|def|0
|-boost|p1a: 10 literal dogs|accuracy|0
|-activate|p2a: Zygarde|move: Struggle
|move|p2a: Zygarde|Struggle|p1a: 10 literal dogs
|-damage|p1a: 10 literal dogs|88/100
|-damage|p2a: Zygarde|13/100|[from] item: Rocky Helmet|[of] p1a: 10 literal dogs
|-damage|p2a: Zygarde|0 fnt|[from] recoil
|faint|p2a: Zygarde
|
|upkeep
|
|t:|1663604204
|switch|p2a: Ditto|Ditto|100/100
|-damage|p2a: Ditto|88/100|[from] Stealth Rock
|-transform|p2a: Ditto|p1a: 10 literal dogs|[from] ability: Imposter
|turn|127
|
|t:|1663604209
|move|p2a: Ditto|Thousand Arrows|p1a: 10 literal dogs
|-damage|p1a: 10 literal dogs|76/100
|move|p1a: 10 literal dogs|Glare|p2a: Ditto
|-status|p2a: Ditto|par
|
|upkeep
|turn|128
|
|t:|1663604215
|move|p1a: 10 literal dogs|Thousand Arrows|p2a: Ditto
|-crit|p2a: Ditto
|-damage|p2a: Ditto|0 fnt
|faint|p2a: Ditto
|
|upkeep
|
|t:|1663604220
|switch|p2a: Arceus|Arceus|72/100
|-damage|p2a: Arceus|59/100|[from] Stealth Rock
|turn|129
|
|t:|1663604225
|move|p2a: Arceus|Extreme Speed|p1a: 10 literal dogs
|-damage|p1a: 10 literal dogs|70/100
|-damage|p2a: Arceus|43/100|[from] item: Rocky Helmet|[of] p1a: 10 literal dogs
|move|p1a: 10 literal dogs|Thousand Arrows|p2a: Arceus
|-damage|p2a: Arceus|0 fnt
|faint|p2a: Arceus
|
|upkeep
|c|☆the thin mints lad|gg
|
|t:|1663604228
|switch|p2a: Groudon|Groudon-Primal|100/100 par
|-damage|p2a: Groudon|88/100 par|[from] Stealth Rock
|-weather|DesolateLand|[from] ability: Desolate Land|[of] p2a: Groudon
|turn|130
|
|t:|1663604236
|move|p1a: 10 literal dogs|Thousand Arrows|p2a: Groudon
|-supereffective|p2a: Groudon
|-damage|p2a: Groudon|0 fnt
|faint|p2a: Groudon
|-weather|none
|
|upkeep
|
|t:|1663604242
|switch|p2a: Rayquaza|Rayquaza|100/100
|-damage|p2a: Rayquaza|76/100|[from] Stealth Rock
|-ability|p2a: Rayquaza|Air Lock
|turn|131
|
|t:|1663604253
|detailschange|p2a: Rayquaza|Rayquaza-Mega
|-mega|p2a: Rayquaza|Rayquaza|
|-weather|DeltaStream|[from] ability: Delta Stream|[of] p2a: Rayquaza
|move|p2a: Rayquaza|Outrage|p1a: 10 literal dogs
|-supereffective|p1a: 10 literal dogs
|-damage|p1a: 10 literal dogs|54/100
|-damage|p2a: Rayquaza|59/100|[from] item: Rocky Helmet|[of] p1a: 10 literal dogs
|move|p1a: 10 literal dogs|Thousand Arrows|p2a: Rayquaza
|-damage|p2a: Rayquaza|0 fnt
|faint|p2a: Rayquaza
|-weather|none
|
|win|the thin mints lad
|raw|the thin mints lad's rating: 1652 &rarr; <strong>1673</strong><br />(+21 for winning)
|raw|YouShouldFF's rating: 1667 &rarr; <strong>1646</strong><br />(-21 for losing)
|l|☆YouShouldFF
||Ladder isn't responding, score probably updated but might not have (Request timeout).
