|j|☆cheziqua
|j|☆mom121314
|t:|1596005270
|player|p1|cheziqua|hilbert-dueldisk|1248
|player|p2|mom121314|1|1158
|teamsize|p1|6
|teamsize|p2|6
|gametype|singles
|gen|8
|tier|[Gen 8] National Dex AG
|rated|
|clearpoke
|poke|p1|Beedrill, F|
|poke|p1|Greninja, M|
|poke|p1|Deoxys-Speed|
|poke|p1|Cloyster, M|
|poke|p1|Marshadow|
|poke|p1|Shuckle, F|
|poke|p2|Cinderace, M|
|poke|p2|Dubwool, M|
|poke|p2|Xerneas|
|poke|p2|Lucario, F|
|poke|p2|Drifblim, F|
|poke|p2|Togekiss, M|
|rule|HP Percentage Mod: HP is shown in percentages
|rule|Endless Battle Clause: Forcing endless battles is banned
|teampreview
|
|t:|1596005275
|start
|switch|p1a: Shuckle|Shuckle, F, shiny|100/100
|switch|p2a: Drifblim|Drifblim, F, shiny|100/100
|turn|1
|
|t:|1596005283
|move|p2a: Drifblim|Minimize|p2a: Drifblim
|-boost|p2a: Drifblim|evasion|2
|move|p1a: Shuckle|Stealth Rock|p2a: Drifblim
|-sidestart|p2: mom121314|move: Stealth Rock
|
|upkeep
|turn|2
|
|t:|1596005288
|move|p2a: Drifblim|Hypnosis|p1a: Shuckle
|-status|p1a: Shuckle|slp|[from] move: Hypnosis
|cant|p1a: Shuckle|slp
|
|upkeep
|turn|3
|
|t:|1596005294
|move|p2a: Drifblim|Minimize|p2a: Drifblim
|-boost|p2a: Drifblim|evasion|2
|-curestatus|p1a: Shuckle|slp|[msg]
|move|p1a: Shuckle|Toxic|p2a: Drifblim|[miss]
|-miss|p1a: Shuckle|p2a: Drifblim
|
|upkeep
|turn|4
|
|t:|1596005301
|move|p2a: Drifblim|Minimize|p2a: Drifblim
|-boost|p2a: Drifblim|evasion|2
|move|p1a: Shuckle|Toxic|p2a: Drifblim
|-status|p2a: Drifblim|tox
|
|-damage|p2a: Drifblim|94/100 tox|[from] psn
|upkeep
|turn|5
|
|t:|1596005309
|move|p2a: Drifblim|Stockpile|p2a: Drifblim
|-start|p2a: Drifblim|stockpile1
|-boost|p2a: Drifblim|def|1
|-boost|p2a: Drifblim|spd|1
|move|p1a: Shuckle|Sticky Web|p2a: Drifblim
|-sidestart|p2: mom121314|move: Sticky Web
|
|-heal|p2a: Drifblim|100/100 tox|[from] item: Leftovers
|-damage|p2a: Drifblim|88/100 tox|[from] psn
|upkeep
|turn|6
|
|t:|1596005319
|move|p2a: Drifblim|Stockpile|p2a: Drifblim
|-start|p2a: Drifblim|stockpile2
|-boost|p2a: Drifblim|def|1
|-boost|p2a: Drifblim|spd|1
|move|p1a: Shuckle|Infestation|p2a: Drifblim|[miss]
|-miss|p1a: Shuckle|p2a: Drifblim
|
|-heal|p2a: Drifblim|94/100 tox|[from] item: Leftovers
|-damage|p2a: Drifblim|76/100 tox|[from] psn
|upkeep
|turn|7
|
|t:|1596005329
|move|p2a: Drifblim|Stockpile|p2a: Drifblim
|-start|p2a: Drifblim|stockpile3
|-boost|p2a: Drifblim|def|1
|-boost|p2a: Drifblim|spd|1
|move|p1a: Shuckle|Infestation|p2a: Drifblim
|-resisted|p2a: Drifblim
|-crit|p2a: Drifblim
|-damage|p2a: Drifblim|76/100 tox
|-activate|p2a: Drifblim|move: Infestation|[of] p1a: Shuckle
|
|-heal|p2a: Drifblim|82/100 tox|[from] item: Leftovers
|-damage|p2a: Drifblim|57/100 tox|[from] psn
|-damage|p2a: Drifblim|45/100 tox|[from] move: Infestation|[partiallytrapped]
|upkeep
|turn|8
|
|t:|1596005342
|move|p2a: Drifblim|Hypnosis|p1a: Shuckle|[miss]
|-miss|p2a: Drifblim|p1a: Shuckle
|move|p1a: Shuckle|Infestation|p2a: Drifblim|[miss]
|-miss|p1a: Shuckle|p2a: Drifblim
|
|-heal|p2a: Drifblim|51/100 tox|[from] item: Leftovers
|-damage|p2a: Drifblim|20/100 tox|[from] psn
|-damage|p2a: Drifblim|8/100 tox|[from] move: Infestation|[partiallytrapped]
|upkeep
|turn|9
|
|t:|1596005355
|move|p2a: Drifblim|Baton Pass|p2a: Drifblim
|
|t:|1596005356
|switch|p2a: Dubwool|Dubwool, M, shiny|100/100|[from]move: Baton Pass
|-damage|p2a: Dubwool|88/100|[from] Stealth Rock
|-activate|p2a: Dubwool|move: Sticky Web
|-unboost|p2a: Dubwool|spe|1
|move|p1a: Shuckle|Infestation|p2a: Dubwool
|-damage|p2a: Dubwool|88/100
|
|-heal|p2a: Dubwool|94/100|[from] item: Leftovers
|-damage|p2a: Dubwool|82/100|[from] move: Infestation|[partiallytrapped]
|upkeep
|turn|10
|
|t:|1596005369
|move|p2a: Dubwool|Swords Dance|p2a: Dubwool
|-boost|p2a: Dubwool|atk|2
|move|p1a: Shuckle|Toxic|p2a: Dubwool|[miss]
|-miss|p1a: Shuckle|p2a: Dubwool
|
|-heal|p2a: Dubwool|88/100|[from] item: Leftovers
|-damage|p2a: Dubwool|75/100|[from] move: Infestation|[partiallytrapped]
|upkeep
|turn|11
|
|t:|1596005378
|move|p2a: Dubwool|Headbutt|p1a: Shuckle
|-resisted|p1a: Shuckle
|-damage|p1a: Shuckle|89/100
|move|p1a: Shuckle|Toxic|p2a: Dubwool
|-status|p2a: Dubwool|tox
|
|-heal|p2a: Dubwool|81/100 tox|[from] item: Leftovers
|-damage|p2a: Dubwool|75/100 tox|[from] psn
|-damage|p2a: Dubwool|63/100 tox|[from] move: Infestation|[partiallytrapped]
|upkeep
|turn|12
|
|t:|1596005388
|move|p2a: Dubwool|Last Resort||[still]
|-fail|p2a: Dubwool
|move|p1a: Shuckle|Infestation|p2a: Dubwool
|-damage|p2a: Dubwool|63/100 tox
|
|-heal|p2a: Dubwool|69/100 tox|[from] item: Leftovers
|-damage|p2a: Dubwool|57/100 tox|[from] psn
|-end|p2a: Dubwool|Infestation|[partiallytrapped]
|upkeep
|turn|13
|
|t:|1596005397
|move|p2a: Dubwool|Cotton Guard|p2a: Dubwool
|-boost|p2a: Dubwool|def|3
|move|p1a: Shuckle|Infestation|p2a: Dubwool|[miss]
|-miss|p1a: Shuckle|p2a: Dubwool
|
|-heal|p2a: Dubwool|63/100 tox|[from] item: Leftovers
|-damage|p2a: Dubwool|44/100 tox|[from] psn
|upkeep
|turn|14
|
|t:|1596005406
|move|p2a: Dubwool|Last Resort|p1a: Shuckle
|-resisted|p1a: Shuckle
|-damage|p1a: Shuckle|65/100
|move|p1a: Shuckle|Infestation|p2a: Dubwool|[miss]
|-miss|p1a: Shuckle|p2a: Dubwool
|
|-heal|p2a: Dubwool|50/100 tox|[from] item: Leftovers
|-damage|p2a: Dubwool|26/100 tox|[from] psn
|upkeep
|turn|15
|
|t:|1596005416
|move|p2a: Dubwool|Last Resort|p1a: Shuckle
|-resisted|p1a: Shuckle
|-damage|p1a: Shuckle|44/100
|move|p1a: Shuckle|Infestation|p2a: Dubwool
|-damage|p2a: Dubwool|26/100 tox
|-activate|p2a: Dubwool|move: Infestation|[of] p1a: Shuckle
|
|-heal|p2a: Dubwool|32/100 tox|[from] item: Leftovers
|-damage|p2a: Dubwool|2/100 tox|[from] psn
|-damage|p2a: Dubwool|0 fnt|[from] move: Infestation|[partiallytrapped]
|faint|p2a: Dubwool
|upkeep
|
|t:|1596005427
|switch|p2a: Lucario|Lucario, F|100/100
|-damage|p2a: Lucario|98/100|[from] Stealth Rock
|-activate|p2a: Lucario|move: Sticky Web
|-unboost|p2a: Lucario|spe|1
|turn|16
|
|t:|1596005436
|detailschange|p2a: Lucario|Lucario-Mega, F
|-mega|p2a: Lucario|Lucario|Lucarionite
|move|p2a: Lucario|Close Combat|p1a: Shuckle
|-crit|p1a: Shuckle
|-damage|p1a: Shuckle|0 fnt
|-unboost|p2a: Lucario|def|1
|-unboost|p2a: Lucario|spd|1
|faint|p1a: Shuckle
|
|upkeep
|
|t:|1596005449
|switch|p1a: Deoxys|Deoxys-Speed, shiny|100/100
|-ability|p1a: Deoxys|Pressure
|turn|17
|
|t:|1596005460
|switch|p2a: Togekiss|Togekiss, M, shiny|100/100
|-damage|p2a: Togekiss|76/100|[from] Stealth Rock
|move|p1a: Deoxys|Psycho Boost|p2a: Togekiss
|-damage|p2a: Togekiss|21/100
|-unboost|p1a: Deoxys|spa|2
|
|-heal|p2a: Togekiss|27/100|[from] item: Leftovers
|upkeep
|turn|18
|
|t:|1596005471
|move|p1a: Deoxys|Extreme Speed|p2a: Togekiss
|-damage|p2a: Togekiss|11/100
|move|p2a: Togekiss|Dazzling Gleam|p1a: Deoxys
|-damage|p1a: Deoxys|37/100
|
|-heal|p2a: Togekiss|17/100|[from] item: Leftovers
|upkeep
|turn|19
|
|t:|1596005481
|move|p1a: Deoxys|Extreme Speed|p2a: Togekiss
|-damage|p2a: Togekiss|3/100
|move|p2a: Togekiss|Soft-Boiled|p2a: Togekiss
|-heal|p2a: Togekiss|53/100
|
|-heal|p2a: Togekiss|59/100|[from] item: Leftovers
|upkeep
|turn|20
|
|t:|1596005499
|switch|p1a: Cloyster|Cloyster, M, shiny|100/100
|move|p2a: Togekiss|Soft-Boiled|p2a: Togekiss
|-heal|p2a: Togekiss|100/100
|
|upkeep
|turn|21
|
|t:|1596005513
|switch|p2a: Xerneas|Xerneas, shiny|100/100
|-activate|p2a: Xerneas|move: Sticky Web
|-unboost|p2a: Xerneas|spe|1
|-damage|p2a: Xerneas|88/100|[from] Stealth Rock
|-ability|p2a: Xerneas|Fairy Aura
|move|p1a: Cloyster|Shell Smash|p1a: Cloyster
|-unboost|p1a: Cloyster|def|1
|-unboost|p1a: Cloyster|spd|1
|-boost|p1a: Cloyster|atk|2
|-boost|p1a: Cloyster|spa|2
|-boost|p1a: Cloyster|spe|2
|-enditem|p1a: Cloyster|White Herb
|-clearnegativeboost|p1a: Cloyster|[silent]
|
|upkeep
|turn|22
|
|t:|1596005532
|move|p1a: Cloyster|Icicle Spear|p2a: Xerneas
|-damage|p2a: Xerneas|71/100
|-damage|p2a: Xerneas|54/100
|-crit|p2a: Xerneas
|-damage|p2a: Xerneas|28/100
|-damage|p2a: Xerneas|12/100
|-damage|p2a: Xerneas|0 fnt
|-hitcount|p2a: Xerneas|5
|faint|p2a: Xerneas
|
|upkeep
|
|t:|1596005543
|switch|p2a: Lucario|Lucario-Mega, F|98/100
|-damage|p2a: Lucario|95/100|[from] Stealth Rock
|-activate|p2a: Lucario|move: Sticky Web
|-unboost|p2a: Lucario|spe|1
|turn|23
|
|t:|1596005551
|move|p1a: Cloyster|Icicle Spear|p2a: Lucario
|-resisted|p2a: Lucario
|-damage|p2a: Lucario|84/100
|-resisted|p2a: Lucario
|-damage|p2a: Lucario|71/100
|-resisted|p2a: Lucario
|-damage|p2a: Lucario|61/100
|-resisted|p2a: Lucario
|-damage|p2a: Lucario|49/100
|-resisted|p2a: Lucario
|-damage|p2a: Lucario|38/100
|-hitcount|p2a: Lucario|5
|move|p2a: Lucario|Drain Punch|p1a: Cloyster
|-supereffective|p1a: Cloyster
|-damage|p1a: Cloyster|6/100
|-heal|p2a: Lucario|71/100|[from] drain|[of] p1a: Cloyster
|
|upkeep
|turn|24
|
|t:|1596005567
|move|p2a: Lucario|Bullet Punch|p1a: Cloyster
|-damage|p1a: Cloyster|0 fnt
|faint|p1a: Cloyster
|
|upkeep
|
|t:|1596005579
|switch|p1a: Deoxys|Deoxys-Speed, shiny|37/100
|-ability|p1a: Deoxys|Pressure
|turn|25
|
|t:|1596005588
|move|p2a: Lucario|Bullet Punch|p1a: Deoxys
|-damage|p1a: Deoxys|0 fnt
|faint|p1a: Deoxys
|
|upkeep
|
|t:|1596005594
|switch|p1a: Greninja|Greninja, M, shiny|100/100
|turn|26
|
|t:|1596005598
|move|p1a: Greninja|Water Shuriken|p2a: Lucario
|-damage|p2a: Lucario|60/100
|-damage|p2a: Lucario|48/100
|-damage|p2a: Lucario|36/100
|-damage|p2a: Lucario|25/100
|-damage|p2a: Lucario|13/100
|-hitcount|p2a: Lucario|5
|-damage|p1a: Greninja|91/100|[from] item: Life Orb
|move|p2a: Lucario|Close Combat|p1a: Greninja
|-supereffective|p1a: Greninja
|-damage|p1a: Greninja|0 fnt
|-unboost|p2a: Lucario|def|1
|-unboost|p2a: Lucario|spd|1
|faint|p1a: Greninja
|
|upkeep
|
|t:|1596005610
|switch|p1a: Beedrill|Beedrill, F|100/100
|turn|27
|
|t:|1596005624
|detailschange|p1a: Beedrill|Beedrill-Mega, F
|-mega|p1a: Beedrill|Beedrill|Beedrillite
|move|p2a: Lucario|Bullet Punch|p1a: Beedrill
|-damage|p1a: Beedrill|23/100
|move|p1a: Beedrill|Fell Stinger|p2a: Lucario
|-resisted|p2a: Lucario
|-damage|p2a: Lucario|0 fnt
|-boost|p1a: Beedrill|atk|3
|faint|p2a: Lucario
|
|upkeep
|
|t:|1596005634
|switch|p2a: Cinderace|Cinderace, M, shiny|100/100
|-damage|p2a: Cinderace|76/100|[from] Stealth Rock
|-activate|p2a: Cinderace|move: Sticky Web
|-unboost|p2a: Cinderace|spe|1
|turn|28
|
|t:|1596005645
|move|p1a: Beedrill|Poison Jab|p2a: Cinderace
|-damage|p2a: Cinderace|0 fnt
|faint|p2a: Cinderace
|
|upkeep
|
|t:|1596005650
|switch|p2a: Drifblim|Drifblim, F, shiny|8/100 tox
|-damage|p2a: Drifblim|0 fnt|[from] Stealth Rock
|faint|p2a: Drifblim
|
|t:|1596005654
|switch|p2a: Togekiss|Togekiss, M, shiny|100/100
|-damage|p2a: Togekiss|76/100|[from] Stealth Rock
|turn|29
|
|t:|1596005661
|move|p1a: Beedrill|Poison Jab|p2a: Togekiss
|-supereffective|p2a: Togekiss
|-damage|p2a: Togekiss|0 fnt
|faint|p2a: Togekiss
|
|win|cheziqua
|raw|cheziqua's rating: 1248 &rarr; <strong>1267</strong><br />(+19 for winning)
|raw|mom121314's rating: 1159 &rarr; <strong>1140</strong><br />(-19 for losing)
|l|☆mom121314
