|j|☆CLEAR GEM清瑜
|j|☆FireFlareFlame
|t:|1664608350
|gametype|singles
|player|p1|CLEAR GEM清瑜|skierf|1740
|player|p2|FireFlareFlame|steven|1723
|teamsize|p1|6
|teamsize|p2|6
|gen|8
|tier|[Gen 8] National Dex AG
|rated|
|rule|HP Percentage Mod: HP is shown in percentages
|rule|Endless Battle Clause: Forcing endless battles is banned
|clearpoke
|poke|p1|Groudon|
|poke|p1|Kyogre|
|poke|p1|Necrozma-Dusk-Mane|
|poke|p1|Zacian-*|
|poke|p1|Yveltal|
|poke|p1|Arceus-*|
|poke|p2|Rayquaza|
|poke|p2|Zacian-*|
|poke|p2|Kyogre|
|poke|p2|Arceus-*|
|poke|p2|Marshadow|
|poke|p2|Ditto|
|teampreview
|inactive|Battle timer is ON: inactive players will automatically lose when time's up. (requested by CLEAR GEM清瑜)
|
|t:|1664608363
|start
|switch|p1a: Y鸟|Yveltal|100/100
|switch|p2a: Arceus|Arceus-Electric|100/100
|-ability|p1a: Y鸟|Dark Aura
|turn|1
|
|t:|1664608382
|switch|p1a: 不会(?)|Groudon|100/100
|detailschange|p1a: 不会(?)|Groudon-Primal
|-primal|p1a: 不会(?)
|-weather|DesolateLand|[from] ability: Desolate Land|[of] p1a: 不会(?)
|move|p2a: Arceus|Stealth Rock|p1a: 不会(?)
|-sidestart|p1: CLEAR GEM清瑜|move: Stealth Rock
|
|-weather|DesolateLand|[upkeep]
|upkeep
|turn|2
|
|t:|1664608391
|switch|p2a: Rayquaza|Rayquaza|100/100
|-ability|p2a: Rayquaza|Air Lock
|move|p1a: 不会(?)|Stealth Rock|p2a: Rayquaza
|-sidestart|p2: FireFlareFlame|move: Stealth Rock
|
|-weather|DesolateLand|[upkeep]
|upkeep
|turn|3
|
|t:|1664608407
|detailschange|p2a: Rayquaza|Rayquaza-Mega
|-mega|p2a: Rayquaza|Rayquaza|
|-weather|DeltaStream|[from] ability: Delta Stream|[of] p2a: Rayquaza
|move|p2a: Rayquaza|Dragon Ascent|p1a: 不会(?)
|-damage|p1a: 不会(?)|40/100
|-unboost|p2a: Rayquaza|def|1
|-unboost|p2a: Rayquaza|spd|1
|-damage|p2a: Rayquaza|91/100|[from] item: Life Orb
|move|p1a: 不会(?)|Roar|p2a: Rayquaza
|-weather|none
|drag|p2a: Ditto|Ditto|100/100
|-damage|p2a: Ditto|88/100|[from] Stealth Rock
|-transform|p2a: Ditto|p1a: 不会(?)|[from] ability: Imposter
|-weather|DesolateLand|[from] ability: Desolate Land|[of] p2a: Ditto
|
|-weather|DesolateLand|[upkeep]
|upkeep
|turn|4
|
|t:|1664608427
|move|p2a: Ditto|Precipice Blades|p1a: 不会(?)
|-supereffective|p1a: 不会(?)
|-damage|p1a: 不会(?)|0 fnt
|faint|p1a: 不会(?)
|
|-weather|DesolateLand|[upkeep]
|upkeep
|
|t:|1664608432
|switch|p1a: Y鸟|Yveltal|100/100
|-damage|p1a: Y鸟|76/100|[from] Stealth Rock
|-ability|p1a: Y鸟|Dark Aura
|turn|5
|
|t:|1664608442
|-weather|none
|switch|p2a: Zacian|Zacian-Crowned|100/100
|-damage|p2a: Zacian|94/100|[from] Stealth Rock
|-ability|p2a: Zacian|Intrepid Sword|boost
|-boost|p2a: Zacian|atk|1
|-start|p1a: Y鸟|Dynamax|
|-heal|p1a: Y鸟|76/100|[silent]
|move|p1a: Y鸟|Max Airstream|p2a: Zacian
|-resisted|p2a: Zacian
|-damage|p2a: Zacian|50/100
|-boost|p1a: Y鸟|spe|1
|-damage|p1a: Y鸟|71/100|[from] item: Life Orb
|
|upkeep
|turn|6
|
|t:|1664608460
|move|p1a: Y鸟|Max Darkness|p2a: Zacian
|-resisted|p2a: Zacian
|-damage|p2a: Zacian|0 fnt
|faint|p2a: Zacian
|-damage|p1a: Y鸟|66/100|[from] item: Life Orb
|
|upkeep
|
|t:|1664608472
|switch|p2a: Arceus|Arceus-Electric|100/100
|-damage|p2a: Arceus|88/100|[from] Stealth Rock
|turn|7
|
|t:|1664608479
|-start|p2a: Arceus|Dynamax|
|-heal|p2a: Arceus|88/100|[silent]
|move|p1a: Y鸟|Max Darkness|p2a: Arceus
|-damage|p2a: Arceus|40/100
|-unboost|p2a: Arceus|spd|1
|-damage|p1a: Y鸟|61/100|[from] item: Life Orb
|move|p2a: Arceus|Max Lightning|p1a: Y鸟
|-supereffective|p1a: Y鸟
|-damage|p1a: Y鸟|0 fnt
|-fieldstart|move: Electric Terrain
|faint|p1a: Y鸟
|
|upkeep
|
|t:|1664608488
|switch|p1a: 嘉然小姐的狗|Zacian-Crowned|100/100
|-damage|p1a: 嘉然小姐的狗|94/100|[from] Stealth Rock
|-ability|p1a: 嘉然小姐的狗|Intrepid Sword|boost
|-boost|p1a: 嘉然小姐的狗|atk|1
|turn|8
|
|t:|1664608504
|move|p2a: Arceus|Max Lightning|p1a: 嘉然小姐的狗
|-damage|p1a: 嘉然小姐的狗|24/100
|move|p1a: 嘉然小姐的狗|Behemoth Blade|p2a: Arceus
|-resisted|p2a: Arceus
|-damage|p2a: Arceus|2/100
|
|upkeep
|turn|9
|
|t:|1664608519
|move|p1a: 嘉然小姐的狗|Quick Attack|p2a: Arceus
|-damage|p2a: Arceus|0 fnt
|faint|p2a: Arceus
|
|upkeep
|
|t:|1664608528
|switch|p2a: Ditto|Ditto|88/100
|-damage|p2a: Ditto|76/100|[from] Stealth Rock
|-transform|p2a: Ditto|p1a: 嘉然小姐的狗|[from] ability: Imposter
|-ability|p2a: Ditto|Intrepid Sword|boost
|-boost|p2a: Ditto|atk|1
|turn|10
|
|t:|1664608540
|switch|p1a: 海皇牙|Kyogre, shiny|100/100
|-damage|p1a: 海皇牙|88/100|[from] Stealth Rock
|detailschange|p1a: 海皇牙|Kyogre-Primal, shiny
|-primal|p1a: 海皇牙
|-weather|PrimordialSea|[from] ability: Primordial Sea|[of] p1a: 海皇牙
|move|p2a: Ditto|Close Combat|p1a: 海皇牙
|-damage|p1a: 海皇牙|0 fnt
|-unboost|p2a: Ditto|def|1
|-unboost|p2a: Ditto|spd|1
|faint|p1a: 海皇牙
|-weather|none
|
|upkeep
|
|t:|1664608549
|switch|p1a: 悬空羊驼|Arceus-Flying|100/100
|-damage|p1a: 悬空羊驼|76/100|[from] Stealth Rock
|turn|11
|
|t:|1664608558
|move|p2a: Ditto|Close Combat|p1a: 悬空羊驼
|-resisted|p1a: 悬空羊驼
|-damage|p1a: 悬空羊驼|40/100
|-unboost|p2a: Ditto|def|1
|-unboost|p2a: Ditto|spd|1
|move|p1a: 悬空羊驼|Recover|p1a: 悬空羊驼
|-heal|p1a: 悬空羊驼|90/100
|
|-fieldend|move: Electric Terrain
|upkeep
|turn|12
|
|t:|1664608570
|switch|p2a: Kyogre|Kyogre|100/100
|-damage|p2a: Kyogre|88/100|[from] Stealth Rock
|detailschange|p2a: Kyogre|Kyogre-Primal
|-primal|p2a: Kyogre
|-weather|PrimordialSea|[from] ability: Primordial Sea|[of] p2a: Kyogre
|move|p1a: 悬空羊驼|Calm Mind|p1a: 悬空羊驼
|-boost|p1a: 悬空羊驼|spa|1
|-boost|p1a: 悬空羊驼|spd|1
|
|-weather|PrimordialSea|[upkeep]
|upkeep
|turn|13
|
|t:|1664608591
|move|p1a: 悬空羊驼|Judgment|p2a: Kyogre
|-damage|p2a: Kyogre|29/100
|move|p2a: Kyogre|Ice Beam|p1a: 悬空羊驼
|-supereffective|p1a: 悬空羊驼
|-damage|p1a: 悬空羊驼|45/100
|
|-weather|PrimordialSea|[upkeep]
|upkeep
|turn|14
|
|t:|1664608598
|move|p1a: 悬空羊驼|Recover|p1a: 悬空羊驼
|-heal|p1a: 悬空羊驼|95/100
|move|p2a: Kyogre|Ice Beam|p1a: 悬空羊驼
|-supereffective|p1a: 悬空羊驼
|-damage|p1a: 悬空羊驼|57/100
|
|-weather|PrimordialSea|[upkeep]
|upkeep
|turn|15
|
|t:|1664608606
|move|p1a: 悬空羊驼|Judgment|p2a: Kyogre
|-damage|p2a: Kyogre|0 fnt
|faint|p2a: Kyogre
|-weather|none
|
|upkeep
|
|t:|1664608617
|switch|p2a: Marshadow|Marshadow|100/100
|-damage|p2a: Marshadow|94/100|[from] Stealth Rock
|turn|16
|
|t:|1664608624
|move|p2a: Marshadow|Spectral Thief||[still]
|-clearpositiveboost|p1a: 悬空羊驼|p2a: Marshadow|move: Spectral Thief
|-boost|p2a: Marshadow|spa|1
|-boost|p2a: Marshadow|spd|1
|-anim|p2a: Marshadow|Spectral Thief|p1a: 悬空羊驼
|-damage|p1a: 悬空羊驼|12/100
|-damage|p2a: Marshadow|84/100|[from] item: Life Orb
|move|p1a: 悬空羊驼|Judgment|p2a: Marshadow
|-supereffective|p2a: Marshadow
|-damage|p2a: Marshadow|0 fnt
|faint|p2a: Marshadow
|
|upkeep
|inactive|FireFlareFlame has 120 seconds left.
|
|t:|1664608653
|switch|p2a: Ditto|Ditto|76/100
|-damage|p2a: Ditto|63/100|[from] Stealth Rock
|-transform|p2a: Ditto|p1a: 悬空羊驼|[from] ability: Imposter
|turn|17
|inactive|FireFlareFlame has 120 seconds left.
|
|t:|1664608662
|move|p2a: Ditto|Judgment|p1a: 悬空羊驼
|-damage|p1a: 悬空羊驼|0 fnt
|faint|p1a: 悬空羊驼
|
|upkeep
|
|t:|1664608669
|switch|p1a: 钢铁之躯|Necrozma-Dusk-Mane|100/100
|-damage|p1a: 钢铁之躯|94/100|[from] Stealth Rock
|turn|18
|
|t:|1664608674
|switch|p2a: Rayquaza|Rayquaza-Mega|91/100
|-damage|p2a: Rayquaza|66/100|[from] Stealth Rock
|-weather|DeltaStream|[from] ability: Delta Stream|[of] p2a: Rayquaza
|move|p1a: 钢铁之躯|Dragon Dance|p1a: 钢铁之躯
|-boost|p1a: 钢铁之躯|atk|1
|-boost|p1a: 钢铁之躯|spe|1
|
|-weather|DeltaStream|[upkeep]
|upkeep
|turn|19
|
|t:|1664608686
|detailschange|p1a: 钢铁之躯|Necrozma-Ultra
|-burst|p1a: 钢铁之躯|Necrozma|Ultranecrozium Z
|move|p1a: 钢铁之躯|Photon Geyser|p2a: Rayquaza
|-damage|p2a: Rayquaza|0 fnt
|faint|p2a: Rayquaza
|-weather|none
|
|upkeep
|
|t:|1664608696
|switch|p2a: Ditto|Ditto|63/100
|-damage|p2a: Ditto|51/100|[from] Stealth Rock
|-transform|p2a: Ditto|p1a: 钢铁之躯|[from] ability: Imposter
|turn|20
|
|t:|1664608709
|move|p2a: Ditto|Earthquake|p1a: 钢铁之躯
|-damage|p1a: 钢铁之躯|30/100
|-zpower|p1a: 钢铁之躯
|move|p1a: 钢铁之躯|Light That Burns the Sky|p2a: Ditto|[zeffect]
|-resisted|p2a: Ditto
|-damage|p2a: Ditto|0 fnt
|faint|p2a: Ditto
|
|win|CLEAR GEM清瑜
|raw|CLEAR GEM清瑜's rating: 1740 &rarr; <strong>1759</strong><br />(+19 for winning)
|raw|FireFlareFlame's rating: 1723 &rarr; <strong>1704</strong><br />(-19 for losing)
|l|☆FireFlareFlame
