|j|☆SaintLaplace
|j|☆moyv123
|t:|1665419053
|gametype|singles
|player|p1|SaintLaplace|hilda-wonderlauncher|1838
|player|p2|moyv123|266|1668
|teamsize|p1|6
|teamsize|p2|6
|gen|8
|tier|[Gen 8] National Dex AG
|rated|
|rule|HP Percentage Mod: HP is shown in percentages
|rule|Endless Battle Clause: Forcing endless battles is banned
|clearpoke
|poke|p1|Rayquaza|
|poke|p1|Zygarde|
|poke|p1|Necrozma-Dusk-Mane|
|poke|p1|Smeargle, F|
|poke|p1|Marshadow|
|poke|p1|Xerneas-*|
|poke|p2|Arceus-*|
|poke|p2|Yveltal|
|poke|p2|Rayquaza|
|poke|p2|Lugia|
|poke|p2|Zacian-*|
|poke|p2|Necrozma-Dusk-Mane|
|teampreview
|inactive|Battle timer is ON: inactive players will automatically lose when time's up. (requested by SaintLaplace)
|
|t:|1665419056
|start
|switch|p1a: Smeargle|Smeargle, F|100/100
|switch|p2a: Arceus|Arceus|100/100
|turn|1
|
|t:|1665419063
|move|p2a: Arceus|Extreme Speed|p1a: Smeargle
|-enditem|p1a: Smeargle|Focus Sash
|-damage|p1a: Smeargle|1/100
|move|p1a: Smeargle|Spore|p2a: Arceus
|-status|p2a: Arceus|slp|[from] move: Spore
|-enditem|p2a: Arceus|Lum Berry|[eat]
|-curestatus|p2a: Arceus|slp|[msg]
|
|upkeep
|turn|2
|
|t:|1665419078
|switch|p1a: Marshadow|Marshadow|100/100
|move|p2a: Arceus|Extreme Speed|p1a: Marshadow
|-immune|p1a: Marshadow
|
|upkeep
|turn|3
|
|t:|1665419086
|move|p1a: Marshadow|Rock Tomb|p2a: Arceus
|-damage|p2a: Arceus|79/100
|-unboost|p2a: Arceus|spe|1
|move|p2a: Arceus|Shadow Claw|p1a: Marshadow
|-supereffective|p1a: Marshadow
|-damage|p1a: Marshadow|30/100
|
|upkeep
|turn|4
|
|t:|1665419102
|move|p1a: Marshadow|Close Combat|p2a: Arceus
|-supereffective|p2a: Arceus
|-damage|p2a: Arceus|5/100
|-unboost|p1a: Marshadow|def|1
|-unboost|p1a: Marshadow|spd|1
|move|p2a: Arceus|Shadow Claw|p1a: Marshadow
|-supereffective|p1a: Marshadow
|-damage|p1a: Marshadow|0 fnt
|faint|p1a: Marshadow
|
|upkeep
|
|t:|1665419106
|switch|p1a: Rayquaza|Rayquaza|100/100
|-ability|p1a: Rayquaza|Air Lock
|turn|5
|
|t:|1665419115
|detailschange|p1a: Rayquaza|Rayquaza-Mega
|-mega|p1a: Rayquaza|Rayquaza|
|-weather|DeltaStream|[from] ability: Delta Stream|[of] p1a: Rayquaza
|move|p1a: Rayquaza|Extreme Speed|p2a: Arceus
|-damage|p2a: Arceus|0 fnt
|faint|p2a: Arceus
|
|-weather|DeltaStream|[upkeep]
|upkeep
|inactive|moyv123 has 120 seconds left.
|
|t:|1665419171
|switch|p2a: Necrozma|Necrozma-Dusk-Mane|100/100
|turn|6
|
|t:|1665419177
|move|p1a: Rayquaza|V-create|p2a: Necrozma
|-supereffective|p2a: Necrozma
|-damage|p2a: Necrozma|12/100
|-unboost|p1a: Rayquaza|spe|1
|-unboost|p1a: Rayquaza|def|1
|-unboost|p1a: Rayquaza|spd|1
|move|p2a: Necrozma|Sunsteel Strike|p1a: Rayquaza
|-enditem|p1a: Rayquaza|Focus Sash
|-damage|p1a: Rayquaza|1/100
|
|-weather|DeltaStream|[upkeep]
|upkeep
|turn|7
|
|t:|1665419192
|detailschange|p2a: Necrozma|Necrozma-Ultra
|-burst|p2a: Necrozma|Necrozma|Ultranecrozium Z
|move|p1a: Rayquaza|Extreme Speed|p2a: Necrozma
|-damage|p2a: Necrozma|0 fnt
|faint|p2a: Necrozma
|
|-weather|DeltaStream|[upkeep]
|upkeep
|inactive|moyv123 has 90 seconds left.
|
|t:|1665419205
|switch|p2a: Zacian|Zacian-Crowned, shiny|100/100
|-ability|p2a: Zacian|Intrepid Sword|boost
|-boost|p2a: Zacian|atk|1
|turn|8
|
|t:|1665419209
|move|p1a: Rayquaza|Extreme Speed|p2a: Zacian
|-resisted|p2a: Zacian
|-damage|p2a: Zacian|83/100
|move|p2a: Zacian|Substitute|p2a: Zacian
|-start|p2a: Zacian|Substitute
|-damage|p2a: Zacian|58/100
|
|-weather|DeltaStream|[upkeep]
|upkeep
|turn|9
|
|t:|1665419218
|move|p1a: Rayquaza|Extreme Speed|p2a: Zacian
|-resisted|p2a: Zacian
|-activate|p2a: Zacian|move: Substitute|[damage]
|move|p2a: Zacian|Behemoth Blade|p1a: Rayquaza
|-damage|p1a: Rayquaza|0 fnt
|faint|p1a: Rayquaza
|-weather|none
|
|upkeep
|
|t:|1665419222
|switch|p1a: Necrozma|Necrozma-Dusk-Mane, shiny|100/100
|turn|10
|
|t:|1665419230
|move|p2a: Zacian|Close Combat|p1a: Necrozma
|-damage|p1a: Necrozma|39/100
|-unboost|p2a: Zacian|def|1
|-unboost|p2a: Zacian|spd|1
|move|p1a: Necrozma|Dragon Dance|p1a: Necrozma
|-boost|p1a: Necrozma|atk|1
|-boost|p1a: Necrozma|spe|1
|
|upkeep
|turn|11
|inactive|moyv123 has 120 seconds left.
|
|t:|1665419241
|detailschange|p1a: Necrozma|Necrozma-Ultra, shiny
|-burst|p1a: Necrozma|Necrozma|Ultranecrozium Z
|move|p1a: Necrozma|Rock Blast|p2a: Zacian
|-resisted|p2a: Zacian
|-end|p2a: Zacian|Substitute
|-resisted|p2a: Zacian
|-damage|p2a: Zacian|47/100
|-resisted|p2a: Zacian
|-damage|p2a: Zacian|34/100
|-resisted|p2a: Zacian
|-damage|p2a: Zacian|21/100
|-hitcount|p2a: Zacian|4
|move|p2a: Zacian|Behemoth Blade|p1a: Necrozma
|-damage|p1a: Necrozma|0 fnt
|faint|p1a: Necrozma
|
|upkeep
|
|t:|1665419259
|switch|p1a: Zygarde|Zygarde, shiny|100/100
|turn|12
|
|t:|1665419262
|-start|p1a: Zygarde|Dynamax|
|-heal|p1a: Zygarde|100/100|[silent]
|move|p2a: Zacian|Play Rough|p1a: Zygarde
|-supereffective|p1a: Zygarde
|-damage|p1a: Zygarde|35/100
|-unboost|p1a: Zygarde|atk|1
|move|p1a: Zygarde|Max Rockfall|p2a: Zacian
|-resisted|p2a: Zacian
|-damage|p2a: Zacian|4/100
|-weather|Sandstorm
|
|-weather|Sandstorm|[upkeep]
|-activate|p1a: Zygarde|ability: Power Construct
|detailschange|p1a: Zygarde|Zygarde-Complete, shiny
|-heal|p1a: Zygarde|58/100|[silent]
|upkeep
|turn|13
|
|t:|1665419280
|move|p2a: Zacian|Behemoth Blade|p1a: Zygarde
|-damage|p1a: Zygarde|9/100
|move|p1a: Zygarde|Max Rockfall|p2a: Zacian
|-resisted|p2a: Zacian
|-damage|p2a: Zacian|0 fnt
|faint|p2a: Zacian
|
|-weather|Sandstorm|[upkeep]
|upkeep
|inactive|moyv123 has 120 seconds left.
|
|t:|1665419298
|switch|p2a: Rayquaza|Rayquaza, shiny|100/100
|-ability|p2a: Rayquaza|Air Lock
|turn|14
|inactive|moyv123 has 120 seconds left.
|
|t:|1665419305
|detailschange|p2a: Rayquaza|Rayquaza-Mega, shiny
|-mega|p2a: Rayquaza|Rayquaza|
|-weather|DeltaStream|[from] ability: Delta Stream|[of] p2a: Rayquaza
|move|p2a: Rayquaza|Dragon Dance|p2a: Rayquaza
|-boost|p2a: Rayquaza|atk|1
|-boost|p2a: Rayquaza|spe|1
|move|p1a: Zygarde|Max Rockfall|p2a: Rayquaza
|-activate||deltastream
|-damage|p2a: Rayquaza|78/100
|
|-weather|DeltaStream|[upkeep]
|upkeep
|-end|p1a: Zygarde|Dynamax
|-heal|p1a: Zygarde|9/100|[silent]
|turn|15
|inactive|moyv123 has 120 seconds left.
|
|t:|1665419330
|move|p2a: Rayquaza|Dragon Ascent|p1a: Zygarde
|-damage|p1a: Zygarde|0 fnt
|-unboost|p2a: Rayquaza|def|1
|-unboost|p2a: Rayquaza|spd|1
|faint|p1a: Zygarde
|-damage|p2a: Rayquaza|68/100|[from] item: Life Orb
|
|-weather|DeltaStream|[upkeep]
|upkeep
|
|t:|1665419338
|switch|p1a: Xerneas|Xerneas|100/100
|-ability|p1a: Xerneas|Fairy Aura
|turn|16
|
|t:|1665419343
|move|p2a: Rayquaza|Dragon Ascent|p1a: Xerneas
|-damage|p1a: Xerneas|0 fnt
|-unboost|p2a: Rayquaza|def|1
|-unboost|p2a: Rayquaza|spd|1
|faint|p1a: Xerneas
|-damage|p2a: Rayquaza|58/100|[from] item: Life Orb
|
|-weather|DeltaStream|[upkeep]
|upkeep
|-message|SaintLaplace forfeited.
|
|win|moyv123
|raw|SaintLaplace's rating: 1838 &rarr; <strong>1809</strong><br />(-29 for losing)
|raw|moyv123's rating: 1668 &rarr; <strong>1697</strong><br />(+29 for winning)
|l|☆SaintLaplace
