|j|☆amnael01
|j|☆Siddd111
|t:|1663081740
|gametype|singles
|player|p1|amnael01|1|1785
|player|p2|Siddd111|ethan-pokeathlon|1629
|teamsize|p1|6
|teamsize|p2|6
|gen|8
|tier|[Gen 8] National Dex AG
|rated|
|rule|HP Percentage Mod: HP is shown in percentages
|rule|Endless Battle Clause: Forcing endless battles is banned
|clearpoke
|poke|p1|Smeargle, F|
|poke|p1|Groudon|
|poke|p1|Espeon, F|
|poke|p1|Rayquaza|
|poke|p1|Xerneas-*|
|poke|p1|Zacian-*|
|poke|p2|Deoxys-Attack|
|poke|p2|Deoxys-Speed|
|poke|p2|Calyrex-Shadow|
|poke|p2|Marshadow|
|poke|p2|Kyurem-Black|
|poke|p2|Groudon|
|teampreview
|inactive|Battle timer is ON: inactive players will automatically lose when time's up. (requested by amnael01)
|inactive|Siddd111 also wants the timer to be on.
|inactive|Siddd111 has 120 seconds left.
|l|☆Siddd111
|inactive|Siddd111 disconnected and has a minute to reconnect!
|player|p2|
|inactive|Siddd111 has 30 seconds to reconnect!
|inactive|Siddd111 has 20 seconds to reconnect!
|j|☆Siddd111
|inactive|Siddd111 reconnected and has 75 seconds left.
|player|p2|Siddd111|ethan-pokeathlon
|
|t:|1663081824
|start
|switch|p1a: Espeon|Espeon, F|100/100
|switch|p2a: Deoxys|Deoxys-Speed|100/100
|-ability|p2a: Deoxys|Pressure
|turn|1
|
|t:|1663081830
|switch|p2a: Marshadow|Marshadow|100/100
|move|p1a: Espeon|Shadow Ball|p2a: Marshadow
|-supereffective|p2a: Marshadow
|-damage|p2a: Marshadow|33/100
|
|upkeep
|turn|2
|
|t:|1663081838
|move|p2a: Marshadow|Spectral Thief|p1a: Espeon
|-supereffective|p1a: Espeon
|-enditem|p1a: Espeon|Focus Sash
|-damage|p1a: Espeon|1/100
|move|p1a: Espeon|Psychic|p2a: Marshadow
|-supereffective|p2a: Marshadow
|-damage|p2a: Marshadow|0 fnt
|faint|p2a: Marshadow
|
|upkeep
|inactive|Siddd111 has 120 seconds left.
|
|t:|1663081875
|switch|p2a: Calyrex|Calyrex-Shadow|100/100
|-ability|p2a: Calyrex|As One
|-ability|p2a: Calyrex|Unnerve
|turn|3
|
|t:|1663081881
|move|p2a: Calyrex|Psychic|p1a: Espeon
|-resisted|p1a: Espeon
|-damage|p1a: Espeon|0 fnt
|faint|p1a: Espeon
|-ability|p2a: Calyrex|Grim Neigh|boost
|-boost|p2a: Calyrex|spa|1
|
|upkeep
|
|t:|1663081891
|switch|p1a: Zacian|Zacian-Crowned|100/100
|-ability|p1a: Zacian|Intrepid Sword|boost
|-boost|p1a: Zacian|atk|1
|turn|4
|inactive|Siddd111 has 120 seconds left.
|
|t:|1663081909
|switch|p2a: Deoxys|Deoxys-Speed|100/100
|-ability|p2a: Deoxys|Pressure
|switch|p1a: Smeargle|Smeargle, F|100/100
|
|-ability|p1a: Smeargle|Moody|boost
|-boost|p1a: Smeargle|spd|2
|-unboost|p1a: Smeargle|spe|1
|upkeep
|turn|5
|
|t:|1663081914
|switch|p1a: Rayquaza|Rayquaza|100/100
|-ability|p1a: Rayquaza|Air Lock
|move|p2a: Deoxys|Magic Coat|p2a: Deoxys
|-singleturn|p2a: Deoxys|move: Magic Coat
|
|upkeep
|turn|6
|
|t:|1663081920
|detailschange|p1a: Rayquaza|Rayquaza-Mega
|-mega|p1a: Rayquaza|Rayquaza|
|-weather|DeltaStream|[from] ability: Delta Stream|[of] p1a: Rayquaza
|move|p2a: Deoxys|Stealth Rock|p1a: Rayquaza
|-sidestart|p1: amnael01|move: Stealth Rock
|move|p1a: Rayquaza|Dragon Dance|p1a: Rayquaza
|-boost|p1a: Rayquaza|atk|1
|-boost|p1a: Rayquaza|spe|1
|
|-weather|DeltaStream|[upkeep]
|upkeep
|turn|7
|
|t:|1663081926
|move|p1a: Rayquaza|Dragon Ascent|p2a: Deoxys
|-enditem|p2a: Deoxys|Focus Sash
|-damage|p2a: Deoxys|1/100
|-unboost|p1a: Rayquaza|def|1
|-unboost|p1a: Rayquaza|spd|1
|move|p2a: Deoxys|Taunt|p1a: Rayquaza
|-start|p1a: Rayquaza|move: Taunt
|
|-weather|DeltaStream|[upkeep]
|upkeep
|turn|8
|
|t:|1663081930
|move|p1a: Rayquaza|Earthquake|p2a: Deoxys
|-damage|p2a: Deoxys|0 fnt
|faint|p2a: Deoxys
|
|-weather|DeltaStream|[upkeep]
|upkeep
|
|t:|1663081946
|switch|p2a: Kyurem|Kyurem-Black|100/100
|-ability|p2a: Kyurem|Teravolt
|turn|9
|
|t:|1663081950
|-start|p2a: Kyurem|Dynamax|
|-heal|p2a: Kyurem|100/100|[silent]
|move|p1a: Rayquaza|Dragon Ascent|p2a: Kyurem
|-damage|p2a: Kyurem|53/100
|-unboost|p1a: Rayquaza|def|1
|-unboost|p1a: Rayquaza|spd|1
|move|p2a: Kyurem|Max Hailstorm|p1a: Rayquaza
|-activate||deltastream
|-supereffective|p1a: Rayquaza
|-crit|p1a: Rayquaza
|-enditem|p1a: Rayquaza|Focus Sash
|-damage|p1a: Rayquaza|1/100
|
|-weather|DeltaStream|[upkeep]
|upkeep
|turn|10
|
|t:|1663081960
|move|p1a: Rayquaza|Dragon Ascent|p2a: Kyurem
|-damage|p2a: Kyurem|3/100
|-unboost|p1a: Rayquaza|def|1
|-unboost|p1a: Rayquaza|spd|1
|move|p2a: Kyurem|Max Hailstorm|p1a: Rayquaza
|-activate||deltastream
|-supereffective|p1a: Rayquaza
|-damage|p1a: Rayquaza|0 fnt
|-weather|Hail
|faint|p1a: Rayquaza
|
|-weather|Hail|[upkeep]
|upkeep
|
|t:|1663081965
|switch|p1a: Zacian|Zacian-Crowned|100/100
|-damage|p1a: Zacian|94/100|[from] Stealth Rock
|-ability|p1a: Zacian|Intrepid Sword|boost
|-boost|p1a: Zacian|atk|1
|turn|11
|
|t:|1663081970
|move|p1a: Zacian|Behemoth Blade|p2a: Kyurem
|-supereffective|p2a: Kyurem
|-damage|p2a: Kyurem|0 fnt
|faint|p2a: Kyurem
|
|-weather|Hail|[upkeep]
|-damage|p1a: Zacian|88/100|[from] Hail
|upkeep
|
|t:|1663081992
|switch|p2a: Groudon|Groudon|100/100
|detailschange|p2a: Groudon|Groudon-Primal
|-primal|p2a: Groudon
|-weather|DesolateLand|[from] ability: Desolate Land|[of] p2a: Groudon
|turn|12
|
|t:|1663082003
|move|p1a: Zacian|Close Combat|p2a: Groudon
|-damage|p2a: Groudon|49/100
|-unboost|p1a: Zacian|def|1
|-unboost|p1a: Zacian|spd|1
|move|p2a: Groudon|Rock Polish|p2a: Groudon
|-boost|p2a: Groudon|spe|2
|
|-weather|DesolateLand|[upkeep]
|upkeep
|turn|13
|
|t:|1663082010
|move|p2a: Groudon|Precipice Blades|p1a: Zacian
|-supereffective|p1a: Zacian
|-damage|p1a: Zacian|0 fnt
|faint|p1a: Zacian
|
|-weather|DesolateLand|[upkeep]
|upkeep
|
|t:|1663082014
|switch|p1a: Groudon|Groudon|100/100
|-damage|p1a: Groudon|94/100|[from] Stealth Rock
|detailschange|p1a: Groudon|Groudon-Primal
|-primal|p1a: Groudon
|turn|14
|
|t:|1663082018
|move|p2a: Groudon|Precipice Blades|p1a: Groudon
|-supereffective|p1a: Groudon
|-damage|p1a: Groudon|0 fnt
|faint|p1a: Groudon
|
|-weather|DesolateLand|[upkeep]
|upkeep
|
|t:|1663082022
|switch|p1a: Smeargle|Smeargle, F|100/100
|-damage|p1a: Smeargle|88/100|[from] Stealth Rock
|turn|15
|
|t:|1663082025
|move|p1a: Smeargle|Spiky Shield|p1a: Smeargle
|-singleturn|p1a: Smeargle|move: Protect
|move|p2a: Groudon|Precipice Blades|p1a: Smeargle
|-activate|p1a: Smeargle|move: Protect
|
|-weather|DesolateLand|[upkeep]
|-ability|p1a: Smeargle|Moody|boost
|-boost|p1a: Smeargle|spe|2
|-unboost|p1a: Smeargle|atk|1
|upkeep
|turn|16
|
|t:|1663082030
|move|p2a: Groudon|Precipice Blades|p1a: Smeargle
|-damage|p1a: Smeargle|0 fnt
|faint|p1a: Smeargle
|
|-weather|DesolateLand|[upkeep]
|upkeep
|
|t:|1663082033
|switch|p1a: Xerneas|Xerneas|100/100
|-damage|p1a: Xerneas|88/100|[from] Stealth Rock
|-ability|p1a: Xerneas|Fairy Aura
|turn|17
|
|t:|1663082036
|move|p2a: Groudon|Precipice Blades|p1a: Xerneas
|-damage|p1a: Xerneas|28/100
|move|p1a: Xerneas|Geomancy||[still]
|-prepare|p1a: Xerneas|Geomancy
|-enditem|p1a: Xerneas|Power Herb
|-anim|p1a: Xerneas|Geomancy|p1a: Xerneas
|-boost|p1a: Xerneas|spa|2
|-boost|p1a: Xerneas|spd|2
|-boost|p1a: Xerneas|spe|2
|
|-weather|DesolateLand|[upkeep]
|upkeep
|turn|18
|
|t:|1663082040
|-start|p1a: Xerneas|Dynamax|
|-heal|p1a: Xerneas|28/100|[silent]
|move|p2a: Groudon|Precipice Blades|p1a: Xerneas
|-damage|p1a: Xerneas|0 fnt
|faint|p1a: Xerneas
|
|win|Siddd111
|raw|amnael01's rating: 1785 &rarr; <strong>1757</strong><br />(-28 for losing)
|raw|Siddd111's rating: 1629 &rarr; <strong>1657</strong><br />(+28 for winning)
|l|☆amnael01
||Ladder isn't responding, score probably updated but might not have (Request timeout).
