|j|☆MVP2536
|j|☆CLEAR GEM清瑜
|t:|1662282958
|gametype|singles
|player|p1|MVP2536|giovanni|1712
|player|p2|CLEAR GEM清瑜|skierf|1801
|teamsize|p1|6
|teamsize|p2|6
|gen|8
|tier|[Gen 8] National Dex AG
|rated|
|rule|HP Percentage Mod: HP is shown in percentages
|rule|Endless Battle Clause: Forcing endless battles is banned
|clearpoke
|poke|p1|Groudon|
|poke|p1|Aegislash, M|
|poke|p1|Rotom-Wash|
|poke|p1|Scrafty, M|
|poke|p1|Whimsicott, F|
|poke|p1|Ditto|
|poke|p2|Rayquaza|
|poke|p2|Groudon|
|poke|p2|Arceus-*|
|poke|p2|Yveltal|
|poke|p2|Zacian-*|
|poke|p2|Necrozma-Dusk-Mane|
|teampreview
|inactive|Battle timer is ON: inactive players will automatically lose when time's up. (requested by CLEAR GEM清瑜)
|
|t:|1662282962
|start
|switch|p1a: Ditto|Ditto|100/100
|switch|p2a: 不会(?)|Groudon|100/100
|-transform|p1a: Ditto|p2a: 不会(?)|[from] ability: Imposter
|-weather|SunnyDay|[from] ability: Drought|[of] p1a: Ditto
|detailschange|p2a: 不会(?)|Groudon-Primal
|-primal|p2a: 不会(?)
|-weather|DesolateLand|[from] ability: Desolate Land|[of] p2a: 不会(?)
|turn|1
|
|t:|1662282974
|move|p1a: Ditto|Precipice Blades|p2a: 不会(?)
|-supereffective|p2a: 不会(?)
|-damage|p2a: 不会(?)|14/100
|move|p2a: 不会(?)|Stealth Rock|p1a: Ditto
|-sidestart|p1: MVP2536|move: Stealth Rock
|
|-weather|DesolateLand|[upkeep]
|upkeep
|turn|2
|
|t:|1662282985
|switch|p1a: Rotom|Rotom-Wash|100/100
|-damage|p1a: Rotom|88/100|[from] Stealth Rock
|move|p2a: 不会(?)|Precipice Blades|p1a: Rotom
|-immune|p1a: Rotom|[from] ability: Levitate
|
|-weather|DesolateLand|[upkeep]
|upkeep
|turn|3
|
|t:|1662282993
|move|p2a: 不会(?)|Heat Crash|p1a: Rotom
|-resisted|p1a: Rotom
|-damage|p1a: Rotom|37/100
|-damage|p2a: 不会(?)|0 fnt|[from] item: Rocky Helmet|[of] p1a: Rotom
|faint|p2a: 不会(?)
|-weather|none
|move|p1a: Rotom|Toxic|p2: 不会(?)|[notarget]
|-fail|p1a: Rotom
|
|upkeep
|
|t:|1662283001
|switch|p2a: Y鸟|Yveltal|100/100
|-ability|p2a: Y鸟|Dark Aura
|turn|4
|
|t:|1662283007
|switch|p1a: Whimsicott|Whimsicott, F|100/100
|move|p2a: Y鸟|Dark Pulse|p1a: Whimsicott
|-resisted|p1a: Whimsicott
|-damage|p1a: Whimsicott|55/100
|
|upkeep
|turn|5
|
|t:|1662283020
|move|p1a: Whimsicott|Moonblast|p2a: Y鸟
|-supereffective|p2a: Y鸟
|-damage|p2a: Y鸟|39/100
|-unboost|p2a: Y鸟|spa|1
|-enditem|p2a: Y鸟|Weakness Policy
|-boost|p2a: Y鸟|atk|2|[from] item: Weakness Policy
|-boost|p2a: Y鸟|spa|2|[from] item: Weakness Policy
|move|p2a: Y鸟|Oblivion Wing|p1a: Whimsicott
|-supereffective|p1a: Whimsicott
|-damage|p1a: Whimsicott|0 fnt
|-heal|p2a: Y鸟|69/100|[from] drain|[of] p1a: Whimsicott
|faint|p1a: Whimsicott
|
|upkeep
|
|t:|1662283032
|switch|p1a: Ditto|Ditto|100/100
|-damage|p1a: Ditto|88/100|[from] Stealth Rock
|-transform|p1a: Ditto|p2a: Y鸟|[from] ability: Imposter
|-ability|p1a: Ditto|Dark Aura
|turn|6
|
|t:|1662283040
|-start|p1a: Ditto|Dynamax|
|-heal|p1a: Ditto|88/100|[silent]
|-start|p2a: Y鸟|Dynamax|
|-heal|p2a: Y鸟|69/100|[silent]
|move|p1a: Ditto|Max Airstream|p2a: Y鸟
|-damage|p2a: Y鸟|17/100
|-boost|p1a: Ditto|spe|1
|move|p2a: Y鸟|Max Airstream|p1a: Ditto
|-damage|p1a: Ditto|19/100
|-boost|p2a: Y鸟|spe|1
|
|upkeep
|turn|7
|
|t:|1662283057
|move|p1a: Ditto|Max Guard|p1a: Ditto
|-singleturn|p1a: Ditto|Max Guard
|move|p2a: Y鸟|Max Airstream|p1a: Ditto
|-activate|p1a: Ditto|move: Max Guard
|
|upkeep
|turn|8
|
|t:|1662283062
|-end|p1a: Ditto|Dynamax
|-heal|p1a: Ditto|19/100|[silent]
|switch|p1a: Rotom|Rotom-Wash|37/100
|-damage|p1a: Rotom|25/100|[from] Stealth Rock
|move|p2a: Y鸟|Max Airstream|p1a: Rotom
|-resisted|p1a: Rotom
|-damage|p1a: Rotom|0 fnt
|-boost|p2a: Y鸟|spe|1
|faint|p1a: Rotom
|
|upkeep
|
|t:|1662283073
|switch|p1a: Ditto|Ditto|19/100
|-damage|p1a: Ditto|7/100|[from] Stealth Rock
|-transform|p1a: Ditto|p2a: Y鸟|[from] ability: Imposter
|-ability|p1a: Ditto|Dark Aura
|-end|p2a: Y鸟|Dynamax
|-heal|p2a: Y鸟|17/100|[silent]
|turn|9
|
|t:|1662283081
|move|p1a: Ditto|Oblivion Wing|p2a: Y鸟
|-damage|p2a: Y鸟|0 fnt
|-heal|p1a: Ditto|23/100|[from] drain|[of] p2a: Y鸟
|faint|p2a: Y鸟
|
|upkeep
|
|t:|1662283084
|switch|p2a: 老烈|Rayquaza|100/100
|-ability|p2a: 老烈|Air Lock
|turn|10
|
|t:|1662283094
|switch|p1a: Aegislash|Aegislash, M|100/100
|-damage|p1a: Aegislash|94/100|[from] Stealth Rock
|move|p2a: 老烈|Extreme Speed|p1a: Aegislash
|-immune|p1a: Aegislash
|
|-heal|p1a: Aegislash|100/100|[from] item: Leftovers
|upkeep
|turn|11
|
|t:|1662283102
|detailschange|p2a: 老烈|Rayquaza-Mega
|-mega|p2a: 老烈|Rayquaza|
|-weather|DeltaStream|[from] ability: Delta Stream|[of] p2a: 老烈
|move|p1a: Aegislash|King's Shield|p1a: Aegislash
|-singleturn|p1a: Aegislash|Protect
|move|p2a: 老烈|Earthquake|p1a: Aegislash
|-activate|p1a: Aegislash|move: Protect
|
|-weather|DeltaStream|[upkeep]
|upkeep
|turn|12
|
|t:|1662283110
|move|p2a: 老烈|Dragon Dance|p2a: 老烈
|-boost|p2a: 老烈|atk|1
|-boost|p2a: 老烈|spe|1
|-formechange|p1a: Aegislash|Aegislash-Blade||[from] ability: Stance Change
|move|p1a: Aegislash|Iron Head|p2a: 老烈
|-crit|p2a: 老烈
|-damage|p2a: 老烈|38/100
|
|-weather|DeltaStream|[upkeep]
|upkeep
|turn|13
|
|t:|1662283118
|switch|p1a: Scrafty|Scrafty, M|100/100
|-damage|p1a: Scrafty|95/100|[from] Stealth Rock
|move|p2a: 老烈|Earthquake|p1a: Scrafty
|-damage|p1a: Scrafty|32/100
|
|-weather|DeltaStream|[upkeep]
|upkeep
|turn|14
|
|t:|1662283125
|move|p2a: 老烈|Extreme Speed|p1a: Scrafty
|-damage|p1a: Scrafty|0 fnt
|faint|p1a: Scrafty
|
|-weather|DeltaStream|[upkeep]
|upkeep
|
|t:|1662283129
|switch|p1a: Ditto|Ditto|23/100
|-damage|p1a: Ditto|11/100|[from] Stealth Rock
|-transform|p1a: Ditto|p2a: 老烈|[from] ability: Imposter
|turn|15
|
|t:|1662283136
|move|p1a: Ditto|Extreme Speed|p2a: 老烈
|-damage|p2a: 老烈|0 fnt
|faint|p2a: 老烈
|
|-weather|DeltaStream|[upkeep]
|upkeep
|
|t:|1662283140
|switch|p2a: 嘉然小姐的狗|Zacian-Crowned|100/100
|-ability|p2a: 嘉然小姐的狗|Intrepid Sword|boost
|-boost|p2a: 嘉然小姐的狗|atk|1
|turn|16
|
|t:|1662283145
|switch|p2a: 悬空羊驼|Arceus-Flying|100/100
|move|p1a: Ditto|Extreme Speed|p2a: 悬空羊驼
|-damage|p2a: 悬空羊驼|57/100
|
|-weather|DeltaStream|[upkeep]
|upkeep
|turn|17
|
|t:|1662283152
|move|p1a: Ditto|Extreme Speed|p2a: 悬空羊驼
|-damage|p2a: 悬空羊驼|16/100
|move|p2a: 悬空羊驼|Recover|p2a: 悬空羊驼
|-heal|p2a: 悬空羊驼|66/100
|
|-weather|DeltaStream|[upkeep]
|upkeep
|turn|18
|
|t:|1662283157
|move|p1a: Ditto|Extreme Speed|p2a: 悬空羊驼
|-damage|p2a: 悬空羊驼|22/100
|move|p2a: 悬空羊驼|Recover|p2a: 悬空羊驼
|-heal|p2a: 悬空羊驼|72/100
|
|-weather|DeltaStream|[upkeep]
|upkeep
|turn|19
|
|t:|1662283164
|-weather|none
|switch|p1a: garbage|Groudon|100/100
|-damage|p1a: garbage|94/100|[from] Stealth Rock
|detailschange|p1a: garbage|Groudon-Primal
|-primal|p1a: garbage
|-weather|DesolateLand|[from] ability: Desolate Land|[of] p1a: garbage
|move|p2a: 悬空羊驼|Recover|p2a: 悬空羊驼
|-heal|p2a: 悬空羊驼|100/100
|
|-weather|DesolateLand|[upkeep]
|upkeep
|turn|20
|
|t:|1662283173
|move|p2a: 悬空羊驼|Earth Power|p1a: garbage
|-supereffective|p1a: garbage
|-damage|p1a: garbage|48/100
|move|p1a: garbage|Heat Crash|p2a: 悬空羊驼
|-damage|p2a: 悬空羊驼|53/100
|
|-weather|DesolateLand|[upkeep]
|upkeep
|turn|21
|
|t:|1662283181
|move|p2a: 悬空羊驼|Recover|p2a: 悬空羊驼
|-heal|p2a: 悬空羊驼|100/100
|move|p1a: garbage|Rest|p1a: garbage
|-status|p1a: garbage|slp|[from] move: Rest
|-heal|p1a: garbage|100/100 slp|[silent]
|
|-weather|DesolateLand|[upkeep]
|upkeep
|turn|22
|
|t:|1662283192
|move|p2a: 悬空羊驼|Calm Mind|p2a: 悬空羊驼
|-boost|p2a: 悬空羊驼|spa|1
|-boost|p2a: 悬空羊驼|spd|1
|cant|p1a: garbage|slp
|move|p1a: garbage|Sleep Talk|p1a: garbage
|move|p1a: garbage|Precipice Blades|p2a: 悬空羊驼|[from]move: Sleep Talk
|-immune|p2a: 悬空羊驼
|
|-weather|DesolateLand|[upkeep]
|upkeep
|turn|23
|
|t:|1662283201
|-weather|none
|switch|p1a: Ditto|Ditto|11/100
|-damage|p1a: Ditto|0 fnt|[from] Stealth Rock
|faint|p1a: Ditto
|move|p2a: 悬空羊驼|Earth Power|p1: Ditto|[notarget]
|-fail|p2a: 悬空羊驼
|
|upkeep
|
|t:|1662283208
|switch|p1a: Aegislash|Aegislash, M|100/100
|-damage|p1a: Aegislash|94/100|[from] Stealth Rock
|turn|24
|-message|MVP2536 forfeited.
|
|win|CLEAR GEM清瑜
|raw|MVP2536's rating: 1712 &rarr; <strong>1697</strong><br />(-15 for losing)
|raw|CLEAR GEM清瑜's rating: 1801 &rarr; <strong>1816</strong><br />(+15 for winning)
|l|☆MVP2536
