|j|☆xLeonisx
|j|☆CLEAR GEM清瑜☭
|t:|1652507604
|gametype|singles
|player|p1|xLeonisx|169|1637
|player|p2|CLEAR GEM清瑜☭|skierf|1701
|teamsize|p1|6
|teamsize|p2|6
|gen|8
|tier|[Gen 8] National Dex AG
|rated|
|rule|HP Percentage Mod: HP is shown in percentages
|rule|Endless Battle Clause: Forcing endless battles is banned
|clearpoke
|poke|p1|Deoxys-Speed|
|poke|p1|Ditto|
|poke|p1|Kyogre|
|poke|p1|Calyrex-Shadow|
|poke|p1|Lugia|
|poke|p1|Zacian-*|
|poke|p2|Rayquaza|
|poke|p2|Groudon|
|poke|p2|Necrozma-Dusk-Mane|
|poke|p2|Arceus-*|
|poke|p2|Arceus-*|
|poke|p2|Arceus-*|
|teampreview
|j| Duhrkinhagen101
|inactive|Battle timer is ON: inactive players will automatically lose when time's up. (requested by xLeonisx)
|
|t:|1652507612
|start
|switch|p1a: Kyogre|Kyogre|100/100
|switch|p2a: 究极辅助|Arceus-Dark|100/100
|detailschange|p1a: Kyogre|Kyogre-Primal
|-primal|p1a: Kyogre
|-weather|PrimordialSea|[from] ability: Primordial Sea|[of] p1a: Kyogre
|turn|1
|
|t:|1652507622
|switch|p2a: 不会(?)|Groudon|100/100
|detailschange|p2a: 不会(?)|Groudon-Primal
|-primal|p2a: 不会(?)
|-weather|DesolateLand|[from] ability: Desolate Land|[of] p2a: 不会(?)
|move|p1a: Kyogre|Water Spout||[still]
|-fail|p1a: Kyogre|Water Spout|[from] Desolate Land
|
|-weather|DesolateLand|[upkeep]
|upkeep
|turn|2
|j| Wheatum
|
|t:|1652507628
|switch|p1a: Lugia|Lugia|100/100
|move|p2a: 不会(?)|Stealth Rock|p1a: Lugia
|-sidestart|p1: xLeonisx|move: Stealth Rock
|
|-weather|DesolateLand|[upkeep]
|upkeep
|turn|3
|
|t:|1652507634
|move|p1a: Lugia|Toxic|p2a: 不会(?)
|-status|p2a: 不会(?)|tox
|move|p2a: 不会(?)|Heat Crash|p1a: Lugia
|-damage|p1a: Lugia|67/100
|
|-weather|DesolateLand|[upkeep]
|-damage|p2a: 不会(?)|94/100 tox|[from] psn
|upkeep
|turn|4
|l| Wheatum
|
|t:|1652507637
|move|p1a: Lugia|Roost|p1a: Lugia
|-heal|p1a: Lugia|100/100
|-singleturn|p1a: Lugia|move: Roost
|move|p2a: 不会(?)|Heat Crash|p1a: Lugia
|-damage|p1a: Lugia|67/100
|
|-weather|DesolateLand|[upkeep]
|-damage|p2a: 不会(?)|82/100 tox|[from] psn
|upkeep
|turn|5
|
|t:|1652507640
|-weather|none
|switch|p2a: 悬空羊驼|Arceus-Flying|100/100
|move|p1a: Lugia|Roost|p1a: Lugia
|-heal|p1a: Lugia|100/100
|-singleturn|p1a: Lugia|move: Roost
|
|upkeep
|turn|6
|
|t:|1652507644
|switch|p2a: 不会(?)|Groudon-Primal|82/100 tox
|-weather|DesolateLand|[from] ability: Desolate Land|[of] p2a: 不会(?)
|move|p1a: Lugia|Toxic|p2a: 不会(?)
|-fail|p2a: 不会(?)|tox
|
|-weather|DesolateLand|[upkeep]
|-damage|p2a: 不会(?)|76/100 tox|[from] psn
|upkeep
|turn|7
|
|t:|1652507648
|-weather|none
|switch|p2a: 究极辅助|Arceus-Dark|100/100
|move|p1a: Lugia|Defog|p2a: 究极辅助
|-unboost|p2a: 究极辅助|evasion|1
|-sideend|p1: xLeonisx|Stealth Rock|[from] move: Defog|[of] p1a: Lugia
|
|upkeep
|turn|8
|
|t:|1652507655
|move|p2a: 究极辅助|Magic Coat|p2a: 究极辅助
|-singleturn|p2a: 究极辅助|move: Magic Coat
|move|p1a: Lugia|Whirlwind|p2a: 究极辅助
|move|p2a: 究极辅助|Whirlwind|p1a: Lugia|[from]Magic Coat
|drag|p1a: Zacian|Zacian-Crowned|100/100
|-ability|p1a: Zacian|Intrepid Sword|boost
|-boost|p1a: Zacian|atk|1
|
|upkeep
|turn|9
|
|t:|1652507662
|switch|p2a: 不会(?)|Groudon-Primal|76/100 tox
|-weather|DesolateLand|[from] ability: Desolate Land|[of] p2a: 不会(?)
|move|p1a: Zacian|Swords Dance|p1a: Zacian
|-boost|p1a: Zacian|atk|2
|
|-weather|DesolateLand|[upkeep]
|-damage|p2a: 不会(?)|70/100 tox|[from] psn
|upkeep
|turn|10
|
|t:|1652507664
|move|p1a: Zacian|Close Combat|p2a: 不会(?)
|-damage|p2a: 不会(?)|3/100 tox
|-unboost|p1a: Zacian|def|1
|-unboost|p1a: Zacian|spd|1
|move|p2a: 不会(?)|Stealth Rock|p1a: Zacian
|-sidestart|p1: xLeonisx|move: Stealth Rock
|
|-weather|DesolateLand|[upkeep]
|-damage|p2a: 不会(?)|0 fnt|[from] psn
|faint|p2a: 不会(?)
|-weather|none
|upkeep
|
|t:|1652507668
|switch|p2a: 烈龙无敌|Rayquaza, shiny|100/100
|-ability|p2a: 烈龙无敌|Air Lock
|turn|11
|
|t:|1652507675
|detailschange|p2a: 烈龙无敌|Rayquaza-Mega, shiny
|-mega|p2a: 烈龙无敌|Rayquaza|
|-weather|DeltaStream|[from] ability: Delta Stream|[of] p2a: 烈龙无敌
|move|p1a: Zacian|Play Rough|p2a: 烈龙无敌
|-supereffective|p2a: 烈龙无敌
|-enditem|p2a: 烈龙无敌|Focus Sash
|-damage|p2a: 烈龙无敌|1/100
|move|p2a: 烈龙无敌|Earthquake|p1a: Zacian
|-supereffective|p1a: Zacian
|-damage|p1a: Zacian|0 fnt
|faint|p1a: Zacian
|
|-weather|DeltaStream|[upkeep]
|upkeep
|
|t:|1652507680
|switch|p1a: Lugia|Lugia|100/100
|turn|12
|
|t:|1652507683
|move|p1a: Lugia|Defog|p2a: 烈龙无敌
|-unboost|p2a: 烈龙无敌|evasion|1
|-sideend|p1: xLeonisx|Stealth Rock|[from] move: Defog|[of] p1a: Lugia
|move|p2a: 烈龙无敌|Dragon Ascent|p1a: Lugia
|-damage|p1a: Lugia|71/100
|-unboost|p2a: 烈龙无敌|def|1
|-unboost|p2a: 烈龙无敌|spd|1
|
|-weather|DeltaStream|[upkeep]
|upkeep
|turn|13
|
|t:|1652507686
|move|p1a: Lugia|Roost|p1a: Lugia
|-heal|p1a: Lugia|100/100
|-singleturn|p1a: Lugia|move: Roost
|move|p2a: 烈龙无敌|Dragon Ascent|p1a: Lugia
|-damage|p1a: Lugia|74/100
|-unboost|p2a: 烈龙无敌|def|1
|-unboost|p2a: 烈龙无敌|spd|1
|
|-weather|DeltaStream|[upkeep]
|upkeep
|turn|14
|
|t:|1652507691
|move|p1a: Lugia|Toxic|p2a: 烈龙无敌
|-status|p2a: 烈龙无敌|tox
|move|p2a: 烈龙无敌|Dragon Ascent|p1a: Lugia
|-damage|p1a: Lugia|18/100
|-unboost|p2a: 烈龙无敌|def|1
|-unboost|p2a: 烈龙无敌|spd|1
|
|-weather|DeltaStream|[upkeep]
|-damage|p2a: 烈龙无敌|0 fnt|[from] psn
|faint|p2a: 烈龙无敌
|-weather|none
|upkeep
|
|t:|1652507699
|switch|p2a: 悬空羊驼|Arceus-Flying|100/100
|turn|15
|inactive|xLeonisx has 120 seconds left.
|
|t:|1652507731
|switch|p2a: 钢铁之躯|Necrozma-Dusk-Mane|100/100
|move|p1a: Lugia|Toxic|p2a: 钢铁之躯
|-immune|p2a: 钢铁之躯
|
|upkeep
|turn|16
|inactive|xLeonisx has 120 seconds left.
|
|t:|1652507747
|move|p1a: Lugia|Roost|p1a: Lugia
|-heal|p1a: Lugia|68/100
|-singleturn|p1a: Lugia|move: Roost
|move|p2a: 钢铁之躯|Stone Edge|p1a: Lugia|[miss]
|-miss|p2a: 钢铁之躯|p1a: Lugia
|
|upkeep
|turn|17
|
|t:|1652507757
|move|p1a: Lugia|Roost|p1a: Lugia
|-heal|p1a: Lugia|100/100
|-singleturn|p1a: Lugia|move: Roost
|move|p2a: 钢铁之躯|Stone Edge|p1a: Lugia|[miss]
|-miss|p2a: 钢铁之躯|p1a: Lugia
|
|upkeep
|turn|18
|
|t:|1652507763
|switch|p1a: Kyogre|Kyogre-Primal|100/100
|-weather|PrimordialSea|[from] ability: Primordial Sea|[of] p1a: Kyogre
|move|p2a: 钢铁之躯|Stone Edge|p1a: Kyogre|[miss]
|-miss|p2a: 钢铁之躯|p1a: Kyogre
|
|-weather|PrimordialSea|[upkeep]
|upkeep
|turn|19
|
|t:|1652507770
|detailschange|p2a: 钢铁之躯|Necrozma-Ultra
|-burst|p2a: 钢铁之躯|Necrozma|Ultranecrozium Z
|move|p1a: Kyogre|Water Spout|p2a: 钢铁之躯
|-resisted|p2a: 钢铁之躯
|-damage|p2a: 钢铁之躯|32/100
|move|p2a: 钢铁之躯|Dragon Dance|p2a: 钢铁之躯
|-boost|p2a: 钢铁之躯|atk|1
|-boost|p2a: 钢铁之躯|spe|1
|
|-weather|PrimordialSea|[upkeep]
|upkeep
|turn|20
|
|t:|1652507779
|move|p2a: 钢铁之躯|Photon Geyser|p1a: Kyogre
|-crit|p1a: Kyogre
|-damage|p1a: Kyogre|0 fnt
|faint|p1a: Kyogre
|-weather|none
|
|upkeep
|
|t:|1652507782
|switch|p1a: Ditto|Ditto|100/100
|-transform|p1a: Ditto|p2a: 钢铁之躯|[from] ability: Imposter
|turn|21
|
|t:|1652507790
|move|p1a: Ditto|Photon Geyser|p2a: 钢铁之躯
|-resisted|p2a: 钢铁之躯
|-damage|p2a: 钢铁之躯|0 fnt
|faint|p2a: 钢铁之躯
|
|upkeep
|
|t:|1652507795
|switch|p2a: 究极辅助|Arceus-Dark|100/100
|turn|22
|
|t:|1652507797
|switch|p1a: Lugia|Lugia|100/100
|move|p2a: 究极辅助|Judgment|p1a: Lugia
|-supereffective|p1a: Lugia
|-damage|p1a: Lugia|67/100
|
|upkeep
|turn|23
|
|t:|1652507800
|move|p1a: Lugia|Toxic|p2a: 究极辅助
|-status|p2a: 究极辅助|tox
|move|p2a: 究极辅助|Judgment|p1a: Lugia
|-supereffective|p1a: Lugia
|-damage|p1a: Lugia|5/100
|
|-damage|p2a: 究极辅助|94/100 tox|[from] psn
|upkeep
|turn|24
|
|t:|1652507810
|move|p1a: Lugia|Roost|p1a: Lugia
|-heal|p1a: Lugia|55/100
|-singleturn|p1a: Lugia|move: Roost
|move|p2a: 究极辅助|Judgment|p1a: Lugia
|-supereffective|p1a: Lugia
|-damage|p1a: Lugia|0 fnt
|faint|p1a: Lugia
|
|-damage|p2a: 究极辅助|82/100 tox|[from] psn
|upkeep
|
|t:|1652507816
|switch|p1a: Calyrex|Calyrex-Shadow|100/100
|-ability|p1a: Calyrex|As One
|-ability|p1a: Calyrex|Unnerve
|turn|25
|
|t:|1652507818
|-start|p1a: Calyrex|Dynamax|
|-heal|p1a: Calyrex|100/100|[silent]
|move|p1a: Calyrex|Max Starfall|p2a: 究极辅助
|-supereffective|p2a: 究极辅助
|-damage|p2a: 究极辅助|30/100 tox
|-fieldstart|move: Misty Terrain
|move|p2a: 究极辅助|Judgment|p1a: Calyrex
|-supereffective|p1a: Calyrex
|-enditem|p1a: Calyrex|Focus Sash
|-damage|p1a: Calyrex|1/100
|
|-damage|p2a: 究极辅助|12/100 tox|[from] psn
|upkeep
|turn|26
|
|t:|1652507823
|move|p1a: Calyrex|Max Starfall|p2a: 究极辅助
|-supereffective|p2a: 究极辅助
|-damage|p2a: 究极辅助|0 fnt
|faint|p2a: 究极辅助
|-ability|p1a: Calyrex|Grim Neigh|boost
|-boost|p1a: Calyrex|spa|1
|
|upkeep
|
|t:|1652507832
|switch|p2a: 悬空羊驼|Arceus-Flying|100/100
|turn|27
|
|t:|1652507835
|-start|p2a: 悬空羊驼|Dynamax|
|-heal|p2a: 悬空羊驼|100/100|[silent]
|move|p2a: 悬空羊驼|Max Guard|p2a: 悬空羊驼
|-singleturn|p2a: 悬空羊驼|Max Guard
|move|p1a: Calyrex|Max Phantasm|p2a: 悬空羊驼
|-activate|p2a: 悬空羊驼|move: Max Guard
|
|upkeep
|-end|p1a: Calyrex|Dynamax
|-heal|p1a: Calyrex|1/100|[silent]
|turn|28
|
|t:|1652507844
|move|p1a: Calyrex|Astral Barrage|p2a: 悬空羊驼
|-damage|p2a: 悬空羊驼|61/100
|move|p2a: 悬空羊驼|Max Airstream|p1a: Calyrex
|-damage|p1a: Calyrex|0 fnt
|-boost|p2a: 悬空羊驼|spe|1
|faint|p1a: Calyrex
|
|upkeep
|
|t:|1652507848
|switch|p1a: Deoxys|Deoxys-Speed|100/100
|-ability|p1a: Deoxys|Pressure
|turn|29
|
|t:|1652507852
|move|p1a: Deoxys|Stealth Rock|p2a: 悬空羊驼
|-sidestart|p2: CLEAR GEM清瑜☭|move: Stealth Rock
|move|p2a: 悬空羊驼|Max Airstream|p1a: Deoxys
|-enditem|p1a: Deoxys|Focus Sash
|-damage|p1a: Deoxys|1/100
|-boost|p2a: 悬空羊驼|spe|1
|
|-fieldend|Misty Terrain
|upkeep
|-end|p2a: 悬空羊驼|Dynamax
|-heal|p2a: 悬空羊驼|61/100|[silent]
|turn|30
|
|t:|1652507857
|move|p2a: 悬空羊驼|Judgment|p1a: Deoxys
|-damage|p1a: Deoxys|0 fnt
|faint|p1a: Deoxys
|
|upkeep
|
|t:|1652507859
|switch|p1a: Ditto|Ditto|100/100
|-transform|p1a: Ditto|p2a: 悬空羊驼|[from] ability: Imposter
|turn|31
|
|t:|1652507863
|move|p1a: Ditto|Judgment|p2a: 悬空羊驼
|-damage|p2a: 悬空羊驼|35/100
|move|p2a: 悬空羊驼|Recover|p2a: 悬空羊驼
|-heal|p2a: 悬空羊驼|85/100
|
|upkeep
|turn|32
|
|t:|1652507866
|move|p1a: Ditto|Judgment|p2a: 悬空羊驼
|-damage|p2a: 悬空羊驼|57/100
|move|p2a: 悬空羊驼|Recover|p2a: 悬空羊驼
|-heal|p2a: 悬空羊驼|100/100
|
|upkeep
|turn|33
|c|☆xLeonisx|gg
|-message|xLeonisx forfeited.
|
|win|CLEAR GEM清瑜☭
|raw|xLeonisx's rating: 1637 &rarr; <strong>1621</strong><br />(-16 for losing)
|raw|CLEAR GEM清瑜☭'s rating: 1701 &rarr; <strong>1717</strong><br />(+16 for winning)
|l|☆xLeonisx
