|j|☆xu7
|j|‽Reincarnation of …
|t:|1665820977
|gametype|singles
|player|p1|xu7|steven|1637
|player|p2|Reincarnation of …|blue-gen3two|1890
|teamsize|p1|6
|teamsize|p2|6
|gen|8
|tier|[Gen 8] National Dex AG
|rated|
|rule|HP Percentage Mod: HP is shown in percentages
|rule|Endless Battle Clause: Forcing endless battles is banned
|clearpoke
|poke|p1|Diancie|
|poke|p1|Smeargle, F|
|poke|p1|Dubwool, F|
|poke|p1|Vaporeon, F|
|poke|p1|Smeargle, F|
|poke|p1|Ninjask, F|
|poke|p2|Stakataka|
|poke|p2|Nihilego|
|poke|p2|Buzzwole|
|poke|p2|Ditto|
|poke|p2|Arceus-*|
|poke|p2|Arceus-*|
|teampreview
|inactive|Battle timer is ON: inactive players will automatically lose when time's up. (requested by Reincarnation of …)
|
|t:|1665820993
|start
|switch|p1a: Ninjask|Ninjask, F|100/100
|switch|p2a: Stakataka|Stakataka|100/100
|-item|p2a: Stakataka|Air Balloon
|turn|1
|
|t:|1665821002
|move|p1a: Ninjask|Substitute|p1a: Ninjask
|-start|p1a: Ninjask|Substitute
|-damage|p1a: Ninjask|76/100
|move|p2a: Stakataka|Trick Room|p2a: Stakataka
|-fieldstart|move: Trick Room|[of] p2a: Stakataka
|
|-heal|p1a: Ninjask|82/100|[from] item: Leftovers
|-ability|p1a: Ninjask|Speed Boost|boost
|-boost|p1a: Ninjask|spe|1
|upkeep
|turn|2
|
|t:|1665821014
|-start|p2a: Stakataka|Dynamax|
|-heal|p2a: Stakataka|100/100|[silent]
|move|p1a: Ninjask|Protect|p1a: Ninjask
|-singleturn|p1a: Ninjask|Protect
|move|p2a: Stakataka|Max Rockfall|p1a: Ninjask
|-supereffective|p1a: Ninjask
|-zbroken|p1a: Ninjask
|-end|p1a: Ninjask|Substitute
|-weather|Sandstorm
|
|-weather|Sandstorm|[upkeep]
|-damage|p1a: Ninjask|76/100|[from] Sandstorm
|-heal|p1a: Ninjask|82/100|[from] item: Leftovers
|-ability|p1a: Ninjask|Speed Boost|boost
|-boost|p1a: Ninjask|spe|1
|upkeep
|turn|3
|
|t:|1665821036
|move|p2a: Stakataka|Max Rockfall|p1a: Ninjask
|-supereffective|p1a: Ninjask
|-damage|p1a: Ninjask|0 fnt
|faint|p1a: Ninjask
|-ability|p2a: Stakataka|Beast Boost|boost
|-boost|p2a: Stakataka|atk|1
|
|-weather|Sandstorm|[upkeep]
|upkeep
|
|t:|1665821048
|switch|p1a: Dubwool|Dubwool, F|100/100
|turn|4
|
|t:|1665821052
|move|p2a: Stakataka|Max Steelspike|p1a: Dubwool
|-damage|p1a: Dubwool|23/100
|-boost|p2a: Stakataka|def|1
|move|p1a: Dubwool|Cotton Guard|p1a: Dubwool
|-boost|p1a: Dubwool|def|3
|
|-weather|Sandstorm|[upkeep]
|-damage|p1a: Dubwool|17/100|[from] Sandstorm
|-heal|p1a: Dubwool|23/100|[from] item: Leftovers
|upkeep
|-end|p2a: Stakataka|Dynamax
|-heal|p2a: Stakataka|100/100|[silent]
|turn|5
|l|☆xu7
|inactive|xu7 disconnected and has a minute to reconnect!
|player|p1|
|inactive|xu7 has 30 seconds to reconnect!
|inactive|xu7 has 20 seconds to reconnect!
|inactive|xu7 has 15 seconds to reconnect!
|inactive|xu7 has 10 seconds to reconnect!
|j|☆xu7
|inactive|xu7 reconnected and has 85 seconds left.
|player|p1|xu7|steven
|
|t:|1665821136
|move|p2a: Stakataka|Gyro Ball|p1a: Dubwool
|-damage|p1a: Dubwool|3/100
|move|p1a: Dubwool|Baton Pass|p1a: Dubwool
|inactive|xu7 has 60 seconds left.
|
|t:|1665821149
|switch|p1a: Vaporeon|Vaporeon, F|100/100|[from]move: Baton Pass
|
|-weather|Sandstorm|[upkeep]
|-damage|p1a: Vaporeon|94/100|[from] Sandstorm
|-heal|p1a: Vaporeon|100/100|[from] item: Leftovers
|-fieldend|move: Trick Room
|upkeep
|turn|6
|inactive|xu7 has 60 seconds left.
|
|t:|1665821160
|move|p1a: Vaporeon|Aqua Ring|p1a: Vaporeon
|-start|p1a: Vaporeon|Aqua Ring
|move|p2a: Stakataka|Trick Room|p2a: Stakataka
|-fieldstart|move: Trick Room|[of] p2a: Stakataka
|
|-weather|none
|upkeep
|turn|7
|
|t:|1665821170
|move|p2a: Stakataka|Stone Edge|p1a: Vaporeon
|-damage|p1a: Vaporeon|61/100
|move|p1a: Vaporeon|Substitute|p1a: Vaporeon
|-start|p1a: Vaporeon|Substitute
|-damage|p1a: Vaporeon|36/100
|
|-heal|p1a: Vaporeon|42/100|[from] item: Leftovers
|-heal|p1a: Vaporeon|48/100|[from] Aqua Ring
|upkeep
|turn|8
|
|t:|1665821180
|move|p2a: Stakataka|Earthquake|p1a: Vaporeon
|-end|p1a: Vaporeon|Substitute
|move|p1a: Vaporeon|Baton Pass|p1a: Vaporeon
|
|t:|1665821185
|switch|p1a: Dubwool|Dubwool, F|3/100|[from]move: Baton Pass
|
|-heal|p1a: Dubwool|10/100|[from] item: Leftovers
|-heal|p1a: Dubwool|16/100|[from] Aqua Ring
|upkeep
|turn|9
|
|t:|1665821194
|move|p2a: Stakataka|Gyro Ball|p1a: Dubwool
|-damage|p1a: Dubwool|0 fnt
|faint|p1a: Dubwool
|-ability|p2a: Stakataka|Beast Boost|boost
|-boost|p2a: Stakataka|atk|1
|
|upkeep
|
|t:|1665821201
|switch|p1a: Vaporeon|Vaporeon, F|48/100
|turn|10
|-message|xu7 forfeited.
|
|win|Reincarnation of …
|raw|xu7's rating: 1637 &rarr; <strong>1629</strong><br />(-8 for losing)
|raw|Reincarnation of …'s rating: 1890 &rarr; <strong>1898</strong><br />(+8 for winning)
|l|☆xu7
