|j|☆tanic
|j|☆Freeity
|t:|1649270303
|gametype|singles
|player|p1|tanic|backers|1443
|player|p2|Freeity|iris-gen5bw2|1552
|teamsize|p1|6
|teamsize|p2|6
|gen|8
|tier|[Gen 8] National Dex AG
|rated|
|rule|HP Percentage Mod: HP is shown in percentages
|rule|Endless Battle Clause: Forcing endless battles is banned
|clearpoke
|poke|p1|Toxapex, M|
|poke|p1|Skarmory, M|
|poke|p1|Clefable, F|
|poke|p1|Sableye, F|
|poke|p1|Zygarde|
|poke|p1|Arceus-*|
|poke|p2|Arceus-*|
|poke|p2|Rayquaza|
|poke|p2|Arceus-*|
|poke|p2|Necrozma-Dusk-Mane|
|poke|p2|Kyogre|
|poke|p2|Arceus-*|
|teampreview
|inactive|Battle timer is ON: inactive players will automatically lose when time's up. (requested by tanic)
|
|t:|1649270316
|start
|switch|p1a: Sableye|Sableye, F|100/100
|switch|p2a: Rayquaza|Rayquaza|100/100
|-ability|p2a: Rayquaza|Air Lock
|turn|1
|
|t:|1649270321
|detailschange|p2a: Rayquaza|Rayquaza-Mega
|-mega|p2a: Rayquaza|Rayquaza|
|-weather|DeltaStream|[from] ability: Delta Stream|[of] p2a: Rayquaza
|move|p1a: Sableye|Will-O-Wisp|p2a: Rayquaza
|-status|p2a: Rayquaza|brn
|move|p2a: Rayquaza|Dragon Ascent|p1a: Sableye
|-damage|p1a: Sableye|33/100
|-unboost|p2a: Rayquaza|def|1
|-unboost|p2a: Rayquaza|spd|1
|-damage|p2a: Rayquaza|91/100 brn|[from] item: Life Orb
|
|-weather|DeltaStream|[upkeep]
|-damage|p2a: Rayquaza|85/100 brn|[from] brn
|upkeep
|turn|2
|
|t:|1649270342
|detailschange|p1a: Sableye|Sableye-Mega, F
|-mega|p1a: Sableye|Sableye|Sablenite
|move|p2a: Rayquaza|V-create|p1a: Sableye
|-damage|p1a: Sableye|0 fnt
|-unboost|p2a: Rayquaza|spe|1
|-unboost|p2a: Rayquaza|def|1
|-unboost|p2a: Rayquaza|spd|1
|faint|p1a: Sableye
|-damage|p2a: Rayquaza|75/100 brn|[from] item: Life Orb
|
|-weather|DeltaStream|[upkeep]
|-damage|p2a: Rayquaza|69/100 brn|[from] brn
|upkeep
|inactive|tanic has 120 seconds left.
|inactive|tanic has 90 seconds left.
|
|t:|1649270397
|switch|p1a: Clefable|Clefable, F|100/100
|turn|3
|inactive|tanic has 90 seconds left.
|
|t:|1649270403
|move|p2a: Rayquaza|V-create|p1a: Clefable
|-damage|p1a: Clefable|52/100
|-unboost|p2a: Rayquaza|spe|1
|-unboost|p2a: Rayquaza|def|1
|-unboost|p2a: Rayquaza|spd|1
|-damage|p2a: Rayquaza|59/100 brn|[from] item: Life Orb
|move|p1a: Clefable|Wish|p1a: Clefable
|
|-weather|DeltaStream|[upkeep]
|-heal|p1a: Clefable|58/100|[from] item: Leftovers
|-damage|p2a: Rayquaza|53/100 brn|[from] brn
|upkeep
|turn|4
|inactive|tanic has 90 seconds left.
|
|t:|1649270420
|-weather|none
|switch|p2a: Necrozma|Necrozma-Dusk-Mane|100/100
|move|p1a: Clefable|Flamethrower|p2a: Necrozma
|-supereffective|p2a: Necrozma
|-damage|p2a: Necrozma|78/100
|-status|p2a: Necrozma|brn
|
|-heal|p1a: Clefable|100/100|[from] move: Wish|[wisher] Clefable
|-damage|p2a: Necrozma|72/100 brn|[from] brn
|upkeep
|turn|5
|inactive|tanic has 90 seconds left.
|c|☆Freeity|????
|c|☆tanic|lol
|c|☆Freeity|seriously
|inactive|tanic has 60 seconds left.
|c|☆tanic|i dont run moonblast
|
|t:|1649270469
|move|p2a: Necrozma|Knock Off|p1a: Clefable
|-resisted|p1a: Clefable
|-damage|p1a: Clefable|93/100
|-enditem|p1a: Clefable|Leftovers|[from] move: Knock Off|[of] p2a: Necrozma
|move|p1a: Clefable|Wish|p1a: Clefable
|
|-damage|p2a: Necrozma|66/100 brn|[from] brn
|upkeep
|turn|6
|
|t:|1649270478
|move|p2a: Necrozma|Sunsteel Strike|p1a: Clefable
|-supereffective|p1a: Clefable
|-damage|p1a: Clefable|45/100
|move|p1a: Clefable|Flamethrower|p2a: Necrozma
|-supereffective|p2a: Necrozma
|-damage|p2a: Necrozma|44/100 brn
|
|-heal|p1a: Clefable|95/100|[from] move: Wish|[wisher] Clefable
|-damage|p2a: Necrozma|38/100 brn|[from] brn
|upkeep
|turn|7
|
|t:|1649270483
|move|p2a: Necrozma|Moonlight|p2a: Necrozma
|-heal|p2a: Necrozma|88/100 brn
|move|p1a: Clefable|Wish|p1a: Clefable
|
|-damage|p2a: Necrozma|82/100 brn|[from] brn
|upkeep
|turn|8
|
|t:|1649270489
|move|p2a: Necrozma|Sunsteel Strike|p1a: Clefable
|-supereffective|p1a: Clefable
|-damage|p1a: Clefable|44/100
|move|p1a: Clefable|Flamethrower|p2a: Necrozma
|-supereffective|p2a: Necrozma
|-damage|p2a: Necrozma|60/100 brn
|
|-heal|p1a: Clefable|94/100|[from] move: Wish|[wisher] Clefable
|-damage|p2a: Necrozma|54/100 brn|[from] brn
|upkeep
|turn|9
|
|t:|1649270496
|move|p2a: Necrozma|Moonlight|p2a: Necrozma
|-heal|p2a: Necrozma|100/100 brn
|move|p1a: Clefable|Wish|p1a: Clefable
|
|-damage|p2a: Necrozma|94/100 brn|[from] brn
|upkeep
|turn|10
|
|t:|1649270501
|move|p2a: Necrozma|Sunsteel Strike|p1a: Clefable
|-supereffective|p1a: Clefable
|-damage|p1a: Clefable|45/100
|move|p1a: Clefable|Flamethrower|p2a: Necrozma
|-supereffective|p2a: Necrozma
|-damage|p2a: Necrozma|69/100 brn
|
|-heal|p1a: Clefable|95/100|[from] move: Wish|[wisher] Clefable
|-damage|p2a: Necrozma|63/100 brn|[from] brn
|upkeep
|turn|11
|
|t:|1649270507
|move|p2a: Necrozma|Sunsteel Strike|p1a: Clefable
|-supereffective|p1a: Clefable
|-damage|p1a: Clefable|47/100
|move|p1a: Clefable|Wish|p1a: Clefable
|
|-damage|p2a: Necrozma|57/100 brn|[from] brn
|upkeep
|turn|12
|c|☆Freeity|that burn mattered a lot
|
|t:|1649270514
|move|p2a: Necrozma|Sunsteel Strike|p1a: Clefable
|-supereffective|p1a: Clefable
|-damage|p1a: Clefable|3/100
|move|p1a: Clefable|Flamethrower|p2a: Necrozma
|-supereffective|p2a: Necrozma
|-damage|p2a: Necrozma|33/100 brn
|
|-heal|p1a: Clefable|53/100|[from] move: Wish|[wisher] Clefable
|-damage|p2a: Necrozma|27/100 brn|[from] brn
|upkeep
|turn|13
|c|☆Freeity|BROOOO
|c|☆Freeity|SERIOUSLY
|
|t:|1649270538
|move|p2a: Necrozma|Moonlight|p2a: Necrozma
|-heal|p2a: Necrozma|77/100 brn
|move|p1a: Clefable|Wish|p1a: Clefable
|
|-damage|p2a: Necrozma|71/100 brn|[from] brn
|upkeep
|turn|14
|
|t:|1649270542
|move|p2a: Necrozma|Sunsteel Strike|p1a: Clefable
|-supereffective|p1a: Clefable
|-damage|p1a: Clefable|5/100
|move|p1a: Clefable|Flamethrower|p2a: Necrozma
|-supereffective|p2a: Necrozma
|-damage|p2a: Necrozma|47/100 brn
|
|-heal|p1a: Clefable|55/100|[from] move: Wish|[wisher] Clefable
|-damage|p2a: Necrozma|41/100 brn|[from] brn
|upkeep
|turn|15
|
|t:|1649270546
|move|p2a: Necrozma|Sunsteel Strike|p1a: Clefable
|-supereffective|p1a: Clefable
|-crit|p1a: Clefable
|-damage|p1a: Clefable|0 fnt
|faint|p1a: Clefable
|
|-damage|p2a: Necrozma|35/100 brn|[from] brn
|upkeep
|
|t:|1649270552
|switch|p1a: Zygarde|Zygarde|100/100
|turn|16
|c|☆Freeity|ok now we're talkin
|inactive|tanic has 120 seconds left.
|
|t:|1649270561
|switch|p2a: Arceus|Arceus-Ground|100/100
|move|p1a: Zygarde|Substitute|p1a: Zygarde
|-start|p1a: Zygarde|Substitute
|-damage|p1a: Zygarde|76/100
|
|-heal|p1a: Zygarde|82/100|[from] item: Leftovers
|upkeep
|turn|17
|
|t:|1649270565
|move|p2a: Arceus|Ice Beam|p1a: Zygarde
|-supereffective|p1a: Zygarde
|-end|p1a: Zygarde|Substitute
|move|p1a: Zygarde|Glare|p2a: Arceus
|-status|p2a: Arceus|par
|
|-heal|p1a: Zygarde|88/100|[from] item: Leftovers
|upkeep
|turn|18
|
|t:|1649270583
|move|p1a: Zygarde|Substitute|p1a: Zygarde
|-start|p1a: Zygarde|Substitute
|-damage|p1a: Zygarde|63/100
|move|p2a: Arceus|Ice Beam|p1a: Zygarde
|-supereffective|p1a: Zygarde
|-end|p1a: Zygarde|Substitute
|
|-heal|p1a: Zygarde|69/100|[from] item: Leftovers
|upkeep
|turn|19
|
|t:|1649270589
|move|p1a: Zygarde|Substitute|p1a: Zygarde
|-start|p1a: Zygarde|Substitute
|-damage|p1a: Zygarde|45/100
|move|p2a: Arceus|Ice Beam|p1a: Zygarde
|-supereffective|p1a: Zygarde
|-end|p1a: Zygarde|Substitute
|
|-heal|p1a: Zygarde|51/100|[from] item: Leftovers
|upkeep
|turn|20
|
|t:|1649270596
|move|p1a: Zygarde|Substitute|p1a: Zygarde
|-start|p1a: Zygarde|Substitute
|-damage|p1a: Zygarde|26/100
|move|p2a: Arceus|Ice Beam|p1a: Zygarde
|-supereffective|p1a: Zygarde
|-end|p1a: Zygarde|Substitute
|
|-heal|p1a: Zygarde|32/100|[from] item: Leftovers
|-activate|p1a: Zygarde|ability: Power Construct
|detailschange|p1a: Zygarde|Zygarde-Complete
|-heal|p1a: Zygarde|55/100|[silent]
|upkeep
|turn|21
|
|t:|1649270609
|-start|p1a: Zygarde|Dynamax|
|-heal|p1a: Zygarde|55/100|[silent]
|move|p1a: Zygarde|Max Quake|p2a: Arceus
|-damage|p2a: Arceus|67/100 par
|-boost|p1a: Zygarde|spd|1
|move|p2a: Arceus|Ice Beam|p1a: Zygarde
|-supereffective|p1a: Zygarde
|-damage|p1a: Zygarde|38/100
|
|-heal|p1a: Zygarde|42/100|[from] item: Leftovers
|upkeep
|turn|22
|
|t:|1649270615
|-start|p2a: Arceus|Dynamax|
|-heal|p2a: Arceus|67/100 par|[silent]
|move|p1a: Zygarde|Max Quake|p2a: Arceus
|-damage|p2a: Arceus|50/100 par
|-boost|p1a: Zygarde|spd|1
|move|p2a: Arceus|Max Hailstorm|p1a: Zygarde
|-supereffective|p1a: Zygarde
|-damage|p1a: Zygarde|23/100
|-weather|Hail
|
|-weather|Hail|[upkeep]
|-damage|p1a: Zygarde|20/100|[from] Hail
|-damage|p2a: Arceus|47/100 par|[from] Hail
|-heal|p1a: Zygarde|23/100|[from] item: Leftovers
|upkeep
|turn|23
|
|t:|1649270621
|move|p1a: Zygarde|Max Quake|p2a: Arceus
|-damage|p2a: Arceus|28/100 par
|-boost|p1a: Zygarde|spd|1
|move|p2a: Arceus|Max Hailstorm|p1a: Zygarde
|-supereffective|p1a: Zygarde
|-damage|p1a: Zygarde|9/100
|
|-weather|Hail|[upkeep]
|-damage|p1a: Zygarde|6/100|[from] Hail
|-damage|p2a: Arceus|25/100 par|[from] Hail
|-heal|p1a: Zygarde|9/100|[from] item: Leftovers
|-end|p1a: Zygarde|Dynamax
|-heal|p1a: Zygarde|9/100|[silent]
|upkeep
|turn|24
|
|t:|1649270628
|move|p1a: Zygarde|Thousand Arrows|p2a: Arceus
|-damage|p2a: Arceus|13/100 par
|move|p2a: Arceus|Max Hailstorm|p1a: Zygarde
|-supereffective|p1a: Zygarde
|-damage|p1a: Zygarde|0 fnt
|faint|p1a: Zygarde
|
|-weather|Hail|[upkeep]
|-damage|p2a: Arceus|10/100 par|[from] Hail
|-end|p2a: Arceus|Dynamax
|-heal|p2a: Arceus|10/100 par|[silent]
|upkeep
|-message|tanic forfeited.
|
|win|Freeity
|raw|tanic's rating: 1443 &rarr; <strong>1429</strong><br />(-14 for losing)
|raw|Freeity's rating: 1552 &rarr; <strong>1566</strong><br />(+14 for winning)
|l|☆tanic
||Ladder isn't responding, score probably updated but might not have (Request timeout).
