|j|☆Onoufrios
|j|☆85792195wwww
|player|p1|Onoufrios|psychic-gen4|1752
|player|p2|85792195wwww|lady|1775
|teamsize|p1|6
|teamsize|p2|6
|gametype|singles
|gen|8
|tier|[Gen 8] National Dex AG
|rated|
|clearpoke
|poke|p1|Necrozma-Dusk-Mane|
|poke|p1|Arceus-*|
|poke|p1|Xerneas|
|poke|p1|Zacian-Crowned|
|poke|p1|Lugia|
|poke|p1|Yveltal|
|poke|p2|Yveltal|
|poke|p2|Kangaskhan, F|
|poke|p2|Zacian-Crowned|
|poke|p2|Arceus-*|
|poke|p2|Eternatus|
|poke|p2|Ditto|
|rule|HP Percentage Mod: HP is shown in percentages
|rule|Endless Battle Clause: Forcing endless battles is banned
|teampreview
|
|start
|switch|p1a: Lugia|Lugia|100/100
|switch|p2a: Eternatus|Eternatus|100/100
|-ability|p2a: Eternatus|Pressure
|turn|1
|
|move|p2a: Eternatus|Toxic|p1a: Lugia
|-status|p1a: Lugia|tox
|move|p1a: Lugia|Thunder Wave|p2a: Eternatus
|-status|p2a: Eternatus|par
|
|-damage|p1a: Lugia|94/100 tox|[from] psn
|upkeep
|turn|2
|
|move|p2a: Eternatus|Toxic Spikes|p1a: Lugia
|-sidestart|p1: Onoufrios|move: Toxic Spikes
|move|p1a: Lugia|Whirlwind|p2a: Eternatus
|drag|p2a: Ditto|Ditto|100/100
|-transform|p2a: Ditto|p1a: Lugia|[from] ability: Imposter
|
|-damage|p1a: Lugia|82/100 tox|[from] psn
|upkeep
|turn|3
|
|switch|p2a: Eternatus|Eternatus|100/100 par
|-ability|p2a: Eternatus|Pressure
|switch|p1a: Necrozma|Necrozma-Dusk-Mane|100/100
|
|upkeep
|turn|4
|
|detailschange|p1a: Necrozma|Necrozma-Ultra
|-burst|p1a: Necrozma|Necrozma|Ultranecrozium Z
|move|p1a: Necrozma|Photon Geyser|p2a: Eternatus
|-supereffective|p2a: Eternatus
|-enditem|p2a: Eternatus|Focus Sash
|-damage|p2a: Eternatus|1/100 par
|move|p2a: Eternatus|Flamethrower|p1a: Necrozma
|-resisted|p1a: Necrozma
|-damage|p1a: Necrozma|85/100
|
|upkeep
|turn|5
|inactive|Battle timer is ON: inactive players will automatically lose when time's up. (requested by 85792195wwww)
|j| DaCarBoss10
|
|move|p1a: Necrozma|Photon Geyser|p2a: Eternatus
|-supereffective|p2a: Eternatus
|-damage|p2a: Eternatus|0 fnt
|faint|p2a: Eternatus
|
|upkeep
|
|switch|p2a: Zacian|Zacian-Crowned|100/100
|-ability|p2a: Zacian|Intrepid Sword|boost
|-boost|p2a: Zacian|atk|1
|turn|6
|
|move|p2a: Zacian|Behemoth Blade|p1a: Necrozma
|-damage|p1a: Necrozma|0 fnt
|faint|p1a: Necrozma
|
|upkeep
|
|switch|p1a: Zacian|Zacian-Crowned|100/100
|-ability|p1a: Zacian|Intrepid Sword|boost
|-boost|p1a: Zacian|atk|1
|turn|7
|
|move|p2a: Zacian|Behemoth Blade|p1a: Zacian
|-damage|p1a: Zacian|0 fnt
|faint|p1a: Zacian
|
|upkeep
|
|switch|p1a: Lugia|Lugia|82/100 tox
|turn|8
|
|move|p2a: Zacian|Wild Charge|p1a: Lugia
|-supereffective|p1a: Lugia
|-damage|p1a: Lugia|25/100 tox
|-damage|p2a: Zacian|82/100|[from] Recoil
|move|p1a: Lugia|Thunder Wave|p2a: Zacian
|-status|p2a: Zacian|par
|
|-damage|p1a: Lugia|18/100 tox|[from] psn
|upkeep
|turn|9
|
|switch|p2a: Yveltal|Yveltal|100/100
|-ability|p2a: Yveltal|Dark Aura
|move|p1a: Lugia|Thunder Wave|p2a: Yveltal
|-status|p2a: Yveltal|par
|
|-damage|p1a: Lugia|6/100 tox|[from] psn
|upkeep
|turn|10
|
|move|p1a: Lugia|Thunder Wave|p2a: Yveltal
|-fail|p2a: Yveltal|par
|move|p2a: Yveltal|Taunt|p1a: Lugia
|-start|p1a: Lugia|move: Taunt
|
|-damage|p1a: Lugia|0 fnt|[from] psn
|faint|p1a: Lugia
|upkeep
|inactive|Onoufrios has 120 seconds left.
|inactive|Onoufrios has 90 seconds left.
|inactive|Onoufrios has 60 seconds left.
|
|switch|p1a: Xerneas|Xerneas|100/100
|-status|p1a: Xerneas|psn
|-ability|p1a: Xerneas|Fairy Aura
|turn|11
|inactive|Onoufrios has 60 seconds left.
|
|move|p1a: Xerneas|Geomancy||[still]
|-prepare|p1a: Xerneas|Geomancy|p1a: Xerneas
|-enditem|p1a: Xerneas|Power Herb
|-anim|p1a: Xerneas|Geomancy|p1a: Xerneas
|-boost|p1a: Xerneas|spa|2
|-boost|p1a: Xerneas|spd|2
|-boost|p1a: Xerneas|spe|2
|move|p2a: Yveltal|Oblivion Wing|p1a: Xerneas
|-damage|p1a: Xerneas|82/100 psn
|
|-damage|p1a: Xerneas|69/100 psn|[from] psn
|upkeep
|turn|12
|inactive|Onoufrios has 60 seconds left.
|
|move|p1a: Xerneas|Moonblast|p2a: Yveltal
|-supereffective|p2a: Yveltal
|-damage|p2a: Yveltal|0 fnt
|faint|p2a: Yveltal
|
|-damage|p1a: Xerneas|57/100 psn|[from] psn
|upkeep
|
|switch|p2a: Kangaskhan|Kangaskhan, F|100/100
|turn|13
|inactive|Onoufrios has 60 seconds left.
|
|detailschange|p2a: Kangaskhan|Kangaskhan-Mega, F
|-mega|p2a: Kangaskhan|Kangaskhan|Kangaskhanite
|move|p2a: Kangaskhan|Fake Out|p1a: Xerneas
|-damage|p1a: Xerneas|40/100 psn
|-damage|p1a: Xerneas|36/100 psn
|-hitcount|p1a: Xerneas|2
|cant|p1a: Xerneas|flinch
|
|-damage|p1a: Xerneas|23/100 psn|[from] psn
|upkeep
|turn|14
|inactive|Onoufrios has 30 seconds left.
|
|switch|p2a: Zacian|Zacian-Crowned|82/100 par
|-ability|p2a: Zacian|Intrepid Sword|boost
|-boost|p2a: Zacian|atk|1
|move|p1a: Xerneas|Hidden Power|p2a: Zacian
|-supereffective|p2a: Zacian
|-damage|p2a: Zacian|1/100 par
|
|-damage|p1a: Xerneas|11/100 psn|[from] psn
|upkeep
|turn|15
|inactive|Onoufrios has 30 seconds left.
|inactive|Onoufrios has 20 seconds left.
|
|move|p1a: Xerneas|Hidden Power|p2a: Zacian
|-supereffective|p2a: Zacian
|-damage|p2a: Zacian|0 fnt
|faint|p2a: Zacian
|
|-damage|p1a: Xerneas|0 fnt|[from] psn
|faint|p1a: Xerneas
|upkeep
|inactive|Onoufrios has 30 seconds left this turn.
|c| DaCarBoss10|take your turns quickly!
|inactive|Onoufrios has 20 seconds left.
|j| Chad Chocobo
|inactive|Onoufrios has 15 seconds left.
|c| DaCarBoss10|hey chad
|
|switch|p2a: Kangaskhan|Kangaskhan-Mega, F|100/100
|switch|p1a: Yveltal|Yveltal|100/100
|-ability|p1a: Yveltal|Dark Aura
|turn|16
|inactive|Onoufrios has 25 seconds left this turn.
|inactive|Onoufrios has 20 seconds left.
|c| Chad Chocobo|what's up bruh
|inactive|Onoufrios has 15 seconds left.
|
|move|p2a: Kangaskhan|Rock Tomb|p1a: Yveltal
|-supereffective|p1a: Yveltal
|-damage|p1a: Yveltal|62/100
|-unboost|p1a: Yveltal|spe|1
|-supereffective|p1a: Yveltal
|-damage|p1a: Yveltal|53/100
|-unboost|p1a: Yveltal|spe|1
|-hitcount|p1a: Yveltal|2
|move|p1a: Yveltal|Oblivion Wing|p2a: Kangaskhan
|-damage|p2a: Kangaskhan|40/100
|-heal|p1a: Yveltal|94/100|[from] drain|[of] p2a: Kangaskhan
|-damage|p1a: Yveltal|84/100|[from] item: Life Orb
|
|upkeep
|turn|17
|inactive|Onoufrios has 25 seconds left this turn.
|inactive|Onoufrios has 20 seconds left.
|c| DaCarBoss10|nothin much
|inactive|Onoufrios has 15 seconds left.
|c| DaCarBoss10|just started watching
|inactive|Onoufrios has 10 seconds left.
|
|move|p2a: Kangaskhan|Seismic Toss|p1a: Yveltal
|-damage|p1a: Yveltal|58/100
|-damage|p1a: Yveltal|33/100
|-hitcount|p1a: Yveltal|2
|move|p1a: Yveltal|Oblivion Wing|p2a: Kangaskhan
|-damage|p2a: Kangaskhan|0 fnt
|-heal|p1a: Yveltal|59/100|[from] drain|[of] p2a: Kangaskhan
|-damage|p1a: Yveltal|49/100|[from] item: Life Orb
|faint|p2a: Kangaskhan
|
|upkeep
|inactive|Onoufrios has 15 seconds left this turn.
|
|switch|p2a: Arceus|Arceus|100/100
|turn|18
|inactive|Onoufrios has 25 seconds left this turn.
|inactive|Onoufrios has 20 seconds left.
|c| Chad Chocobo|this a wrap
|
|-start|p2a: Arceus|Dynamax
|-heal|p2a: Arceus|100/100|[silent]
|move|p2a: Arceus|Max Strike|p1a: Yveltal
|-damage|p1a: Yveltal|0 fnt
|-damage|p2a: Arceus|96/100|[from] item: Life Orb
|faint|p1a: Yveltal
|
|upkeep
|inactive|Onoufrios has 25 seconds left this turn.
|inactive|Onoufrios has 20 seconds left.
|
|switch|p1a: Arceus|Arceus|100/100
|-status|p1a: Arceus|psn
|turn|19
|inactive|Onoufrios has 30 seconds left this turn.
|
|-start|p1a: Arceus|Dynamax
|-heal|p1a: Arceus|100/100 psn|[silent]
|move|p2a: Arceus|Max Strike|p1a: Arceus
|-damage|p1a: Arceus|69/100 psn
|-unboost|p1a: Arceus|spe|1
|-damage|p2a: Arceus|91/100|[from] item: Life Orb
|move|p1a: Arceus|Max Strike|p2a: Arceus
|-damage|p2a: Arceus|62/100
|-unboost|p2a: Arceus|spe|1
|
|-damage|p1a: Arceus|63/100 psn|[from] psn
|upkeep
|turn|20
|inactive|Onoufrios has 30 seconds left.
|inactive|Onoufrios has 20 seconds left.
|
|move|p1a: Arceus|Max Guard|p1a: Arceus
|-singleturn|p1a: Arceus|Max Guard
|move|p2a: Arceus|Max Strike|p1a: Arceus
|-activate|p1a: Arceus|move: Max Guard
|
|-damage|p1a: Arceus|57/100 psn|[from] psn
|-end|p2a: Arceus|Dynamax
|-heal|p2a: Arceus|62/100|[silent]
|upkeep
|turn|21
|inactive|Onoufrios has 30 seconds left this turn.
|
|move|p2a: Arceus|Extreme Speed|p1a: Arceus
|-damage|p1a: Arceus|39/100 psn
|-damage|p2a: Arceus|53/100|[from] item: Life Orb
|move|p1a: Arceus|Max Strike|p2a: Arceus
|-damage|p2a: Arceus|0 fnt
|faint|p2a: Arceus
|
|-damage|p1a: Arceus|33/100 psn|[from] psn
|-end|p1a: Arceus|Dynamax
|-heal|p1a: Arceus|33/100 psn|[silent]
|upkeep
|inactive|Onoufrios has 30 seconds left this turn.
|c| DaCarBoss10|seriously BOTH of the Arceus dynamaxed
|
|switch|p2a: Ditto|Ditto|100/100
|-transform|p2a: Ditto|p1a: Arceus|[from] ability: Imposter
|turn|22
|j| topper090
|
|move|p2a: Ditto|Extreme Speed|p1a: Arceus
|-damage|p1a: Arceus|5/100 psn
|move|p1a: Arceus|Extreme Speed|p2a: Ditto
|-damage|p2a: Ditto|46/100
|
|-damage|p1a: Arceus|0 fnt|[from] psn
|faint|p1a: Arceus
|
|win|85792195wwww
|upkeep
|c| DaCarBoss10|sup topper
