|j|☆OnMaWa
|j|☆Birds30
|player|p1|OnMaWa|psychic-gen4|1761
|player|p2|Birds30|boarder|1706
|teamsize|p1|6
|teamsize|p2|6
|gametype|singles
|gen|8
|tier|[Gen 8] National Dex AG
|rated|
|clearpoke
|poke|p1|Arceus-*|
|poke|p1|Lugia|
|poke|p1|Zacian-Crowned|
|poke|p1|Necrozma-Dusk-Mane|
|poke|p1|Yveltal|
|poke|p1|Rayquaza|
|poke|p2|Zacian-Crowned|
|poke|p2|Xerneas|
|poke|p2|Groudon|
|poke|p2|Ho-Oh|
|poke|p2|Necrozma-Dusk-Mane|
|poke|p2|Zygarde|
|rule|HP Percentage Mod: HP is shown in percentages
|rule|Endless Battle Clause: Forcing endless battles is banned
|teampreview
|
|start
|switch|p1a: Rayquaza|Rayquaza|100/100
|switch|p2a: Groudon|Groudon, shiny|100/100
|-ability|p1a: Rayquaza|Air Lock
|detailschange|p2a: Groudon|Groudon-Primal, shiny
|-primal|p2a: Groudon
|-weather|DesolateLand|[from] ability: Desolate Land|[of] p2a: Groudon
|turn|1
|inactive|Battle timer is ON: inactive players will automatically lose when time's up. (requested by Birds30)
|inactive|OnMaWa has 120 seconds left.
|
|detailschange|p1a: Rayquaza|Rayquaza-Mega
|-mega|p1a: Rayquaza|Rayquaza|
|-weather|DeltaStream|[from] ability: Delta Stream|[of] p1a: Rayquaza
|move|p1a: Rayquaza|Dragon Dance|p1a: Rayquaza
|-boost|p1a: Rayquaza|atk|1
|-boost|p1a: Rayquaza|spe|1
|move|p2a: Groudon|Roar|p1a: Rayquaza
|-weather|none
|drag|p1a: Zacian|Zacian-Crowned|100/100
|-ability|p1a: Zacian|Intrepid Sword|boost
|-boost|p1a: Zacian|atk|1
|
|upkeep
|turn|2
|
|switch|p1a: Rayquaza|Rayquaza-Mega|100/100
|-weather|DeltaStream|[from] ability: Delta Stream|[of] p1a: Rayquaza
|move|p2a: Groudon|Overheat|p1a: Rayquaza
|-resisted|p1a: Rayquaza
|-damage|p1a: Rayquaza|72/100
|-unboost|p2a: Groudon|spa|2
|
|-weather|DeltaStream|[upkeep]
|upkeep
|turn|3
|
|switch|p2a: Zacian|Zacian-Crowned|100/100
|-ability|p2a: Zacian|Intrepid Sword|boost
|-boost|p2a: Zacian|atk|1
|move|p1a: Rayquaza|Earthquake|p2a: Zacian
|-supereffective|p2a: Zacian
|-damage|p2a: Zacian|0 fnt
|-damage|p1a: Rayquaza|62/100|[from] item: Life Orb
|faint|p2a: Zacian
|
|-weather|DeltaStream|[upkeep]
|upkeep
|c|☆Birds30|.......
|c|☆Birds30|ofc ur eq
|
|switch|p2a: Necrozma|Necrozma-Dusk-Mane, shiny|100/100
|turn|4
|
|move|p1a: Rayquaza|Dragon Dance|p1a: Rayquaza
|-boost|p1a: Rayquaza|atk|1
|-boost|p1a: Rayquaza|spe|1
|move|p2a: Necrozma|Stealth Rock|p1a: Rayquaza
|-sidestart|p1: OnMaWa|move: Stealth Rock
|
|-weather|DeltaStream|[upkeep]
|upkeep
|turn|5
|
|move|p1a: Rayquaza|Earthquake|p2a: Necrozma
|-supereffective|p2a: Necrozma
|-damage|p2a: Necrozma|29/100
|-damage|p1a: Rayquaza|52/100|[from] item: Life Orb
|move|p2a: Necrozma|Sunsteel Strike|p1a: Rayquaza
|-damage|p1a: Rayquaza|4/100
|
|-weather|DeltaStream|[upkeep]
|-heal|p2a: Necrozma|35/100|[from] item: Leftovers
|upkeep
|turn|6
|
|switch|p2a: Ho-Oh|Ho-Oh|100/100
|move|p1a: Rayquaza|Earthquake|p2a: Ho-Oh
|-immune|p2a: Ho-Oh
|
|-weather|DeltaStream|[upkeep]
|upkeep
|turn|7
|
|switch|p2a: Necrozma|Necrozma-Dusk-Mane, shiny|35/100
|move|p1a: Rayquaza|Dragon Ascent|p2a: Necrozma
|-resisted|p2a: Necrozma
|-damage|p2a: Necrozma|0 fnt
|-unboost|p1a: Rayquaza|def|1
|-unboost|p1a: Rayquaza|spd|1
|-damage|p1a: Rayquaza|0 fnt|[from] item: Life Orb
|faint|p2a: Necrozma
|faint|p1a: Rayquaza
|-weather|none
|
|upkeep
|inactive|OnMaWa has 120 seconds left.
|
|switch|p1a: Yveltal|Yveltal, shiny|100/100
|switch|p2a: Xerneas|Xerneas, shiny|100/100
|-damage|p1a: Yveltal|76/100|[from] Stealth Rock
|-ability|p1a: Yveltal|Dark Aura
|-ability|p2a: Xerneas|Fairy Aura
|turn|8
|inactive|OnMaWa has 90 seconds left.
|
|move|p1a: Yveltal|Taunt|p2a: Xerneas
|-start|p2a: Xerneas|move: Taunt
|cant|p2a: Xerneas|move: Taunt|Geomancy
|
|upkeep
|turn|9
|inactive|OnMaWa has 90 seconds left.
|
|-start|p1a: Yveltal|Dynamax
|-heal|p1a: Yveltal|76/100|[silent]
|move|p1a: Yveltal|Max Airstream|p2a: Xerneas
|-damage|p2a: Xerneas|21/100
|-boost|p1a: Yveltal|spe|1
|-damage|p1a: Yveltal|71/100|[from] item: Life Orb
|move|p2a: Xerneas|Moonblast|p1a: Yveltal
|-supereffective|p1a: Yveltal
|-damage|p1a: Yveltal|12/100
|
|upkeep
|turn|10
|inactive|OnMaWa has 90 seconds left.
|
|move|p1a: Yveltal|Max Airstream|p2a: Xerneas
|-damage|p2a: Xerneas|0 fnt
|-boost|p1a: Yveltal|spe|1
|-damage|p1a: Yveltal|7/100|[from] item: Life Orb
|faint|p2a: Xerneas
|
|upkeep
|
|switch|p2a: Ho-Oh|Ho-Oh|100/100
|turn|11
|inactive|OnMaWa has 90 seconds left.
|
|move|p2a: Ho-Oh|Protect|p2a: Ho-Oh
|-singleturn|p2a: Ho-Oh|Protect
|move|p1a: Yveltal|Max Darkness|p2a: Ho-Oh
|-zbroken|p2a: Ho-Oh
|-damage|p2a: Ho-Oh|87/100
|-unboost|p2a: Ho-Oh|spd|1
|-damage|p1a: Yveltal|2/100|[from] item: Life Orb
|
|-end|p1a: Yveltal|Dynamax
|-heal|p1a: Yveltal|2/100|[silent]
|upkeep
|turn|12
|j| Tranquil destiny
|
|move|p1a: Yveltal|Oblivion Wing|p2a: Ho-Oh
|-damage|p2a: Ho-Oh|44/100
|-heal|p1a: Yveltal|36/100|[from] drain|[of] p2a: Ho-Oh
|-damage|p1a: Yveltal|26/100|[from] item: Life Orb
|move|p2a: Ho-Oh|Sacred Fire|p1a: Yveltal
|-crit|p1a: Yveltal
|-damage|p1a: Yveltal|0 fnt
|faint|p1a: Yveltal
|
|upkeep
|inactive|OnMaWa has 60 seconds left.
|
|switch|p1a: Arceus|Arceus|100/100
|-damage|p1a: Arceus|88/100|[from] Stealth Rock
|turn|13
|inactive|OnMaWa has 60 seconds left.
|
|switch|p2a: Zygarde|Zygarde|100/100
|move|p1a: Arceus|Swords Dance|p1a: Arceus
|-boost|p1a: Arceus|atk|2
|
|upkeep
|turn|14
|
|move|p1a: Arceus|Substitute|p1a: Arceus
|-start|p1a: Arceus|Substitute
|-damage|p1a: Arceus|63/100
|move|p2a: Zygarde|Haze|p2a: Zygarde
|-clearallboost
|
|upkeep
|turn|15
|j| inoion
|
|move|p1a: Arceus|Swords Dance|p1a: Arceus
|-boost|p1a: Arceus|atk|2
|move|p2a: Zygarde|Rest|p2a: Zygarde
|-fail|p2a: Zygarde|heal
|
|upkeep
|turn|16
|c|☆Birds30|I misclicked
|c|☆Birds30|fck
|
|move|p1a: Arceus|Swords Dance|p1a: Arceus
|-boost|p1a: Arceus|atk|2
|move|p2a: Zygarde|Haze|p2a: Zygarde
|-clearallboost
|
|upkeep
|turn|17
|c|☆Birds30|Mk
|c|☆Birds30|nvm
|
|move|p1a: Arceus|Extreme Speed|p2a: Zygarde
|-damage|p2a: Zygarde|71/100
|move|p2a: Zygarde|Thousand Arrows|p1a: Arceus
|-activate|p1a: Arceus|move: Substitute|[damage]
|
|-heal|p2a: Zygarde|77/100|[from] item: Leftovers
|upkeep
|turn|18
|
|move|p1a: Arceus|Swords Dance|p1a: Arceus
|-boost|p1a: Arceus|atk|2
|move|p2a: Zygarde|Thousand Arrows|p1a: Arceus
|-end|p1a: Arceus|Substitute
|
|-heal|p2a: Zygarde|84/100|[from] item: Leftovers
|upkeep
|turn|19
|
|move|p1a: Arceus|Swords Dance|p1a: Arceus
|-boost|p1a: Arceus|atk|2
|move|p2a: Zygarde|Haze|p2a: Zygarde
|-clearallboost
|
|-heal|p2a: Zygarde|90/100|[from] item: Leftovers
|upkeep
|turn|20
|
|move|p1a: Arceus|Extreme Speed|p2a: Zygarde
|-damage|p2a: Zygarde|63/100
|move|p2a: Zygarde|Glare|p1a: Arceus
|-status|p1a: Arceus|par
|
|-heal|p2a: Zygarde|69/100|[from] item: Leftovers
|upkeep
|turn|21
|
|move|p2a: Zygarde|Thousand Arrows|p1a: Arceus
|-damage|p1a: Arceus|41/100 par
|move|p1a: Arceus|Swords Dance|p1a: Arceus
|-boost|p1a: Arceus|atk|2
|
|-heal|p2a: Zygarde|75/100|[from] item: Leftovers
|upkeep
|turn|22
|
|move|p1a: Arceus|Extreme Speed|p2a: Zygarde
|-damage|p2a: Zygarde|20/100
|move|p2a: Zygarde|Haze|p2a: Zygarde
|-clearallboost
|
|-heal|p2a: Zygarde|26/100|[from] item: Leftovers
|-activate|p2a: Zygarde|ability: Power Construct
|detailschange|p2a: Zygarde|Zygarde-Complete
|-heal|p2a: Zygarde|51/100|[silent]
|upkeep
|turn|23
|inactive|OnMaWa has 90 seconds left.
|
|move|p2a: Zygarde|Thousand Arrows|p1a: Arceus
|-damage|p1a: Arceus|18/100 par
|cant|p1a: Arceus|par
|
|-heal|p2a: Zygarde|57/100|[from] item: Leftovers
|upkeep
|turn|24
|inactive|OnMaWa has 90 seconds left.
|
|cant|p1a: Arceus|par
|move|p2a: Zygarde|Rest|p2a: Zygarde
|-status|p2a: Zygarde|slp|[from] move: Rest
|-heal|p2a: Zygarde|100/100 slp|[silent]
|
|upkeep
|turn|25
|inactive|OnMaWa has 90 seconds left.
|
|switch|p1a: Zacian|Zacian-Crowned|100/100
|-damage|p1a: Zacian|94/100|[from] Stealth Rock
|-ability|p1a: Zacian|Intrepid Sword|boost
|-boost|p1a: Zacian|atk|1
|cant|p2a: Zygarde|slp
|
|upkeep
|turn|26
|
|switch|p2a: Ho-Oh|Ho-Oh|78/100
|move|p1a: Zacian|Play Rough|p2a: Ho-Oh
|-resisted|p2a: Ho-Oh
|-damage|p2a: Ho-Oh|42/100
|
|upkeep
|turn|27
|inactive|OnMaWa has 90 seconds left.
|
|switch|p2a: Groudon|Groudon-Primal, shiny|100/100
|-weather|DesolateLand|[from] ability: Desolate Land|[of] p2a: Groudon
|move|p1a: Zacian|Wild Charge|p2a: Groudon
|-immune|p2a: Groudon
|
|-weather|DesolateLand|[upkeep]
|upkeep
|turn|28
|
|switch|p1a: Arceus|Arceus|18/100 par
|-damage|p1a: Arceus|6/100 par|[from] Stealth Rock
|move|p2a: Groudon|Overheat|p1a: Arceus
|-damage|p1a: Arceus|0 fnt
|-unboost|p2a: Groudon|spa|2
|faint|p1a: Arceus
|
|-weather|DesolateLand|[upkeep]
|upkeep
|inactive|OnMaWa has 90 seconds left.
|
|switch|p1a: Necrozma|Necrozma-Dusk-Mane|100/100
|-damage|p1a: Necrozma|94/100|[from] Stealth Rock
|turn|29
|
|detailschange|p1a: Necrozma|Necrozma-Ultra
|-burst|p1a: Necrozma|Necrozma|Ultranecrozium Z
|move|p1a: Necrozma|Dragon Dance|p1a: Necrozma
|-boost|p1a: Necrozma|atk|1
|-boost|p1a: Necrozma|spe|1
|move|p2a: Groudon|Precipice Blades|p1a: Necrozma
|-damage|p1a: Necrozma|24/100
|
|-weather|DesolateLand|[upkeep]
|upkeep
|turn|30
|inactive|OnMaWa has 90 seconds left.
|inactive|Birds30 has 120 seconds left.
|
|-weather|none
|switch|p2a: Ho-Oh|Ho-Oh|75/100
|-zpower|p1a: Necrozma
|move|p1a: Necrozma|Light That Burns the Sky|p2a: Ho-Oh|[zeffect]
|-damage|p2a: Ho-Oh|0 fnt
|faint|p2a: Ho-Oh
|
|upkeep
|
|switch|p2a: Zygarde|Zygarde-Complete|100/100 slp
|turn|31
|inactive|OnMaWa has 90 seconds left.
|
|move|p1a: Necrozma|Photon Geyser|p2a: Zygarde
|-damage|p2a: Zygarde|63/100 slp
|cant|p2a: Zygarde|slp
|
|-heal|p2a: Zygarde|69/100 slp|[from] item: Leftovers
|upkeep
|turn|32
|
|switch|p1a: Lugia|Lugia|100/100
|-curestatus|p2a: Zygarde|slp|[msg]
|move|p2a: Zygarde|Haze|p2a: Zygarde
|-clearallboost
|
|-heal|p2a: Zygarde|75/100|[from] item: Leftovers
|upkeep
|turn|33
|
|move|p1a: Lugia|Substitute|p1a: Lugia
|-start|p1a: Lugia|Substitute
|-damage|p1a: Lugia|75/100
|move|p2a: Zygarde|Glare||[still]
|-fail|p2a: Zygarde
|
|-heal|p2a: Zygarde|81/100|[from] item: Leftovers
|upkeep
|turn|34
|c|☆Birds30|......
|
|move|p1a: Lugia|Roost|p1a: Lugia
|-heal|p1a: Lugia|100/100
|-singleturn|p1a: Lugia|move: Roost
|move|p2a: Zygarde|Thousand Arrows|p1a: Lugia
|-activate|p1a: Lugia|move: Substitute|[damage]
|
|-heal|p2a: Zygarde|87/100|[from] item: Leftovers
|upkeep
|turn|35
|inactive|OnMaWa has 90 seconds left.
|
|move|p2a: Zygarde|Thousand Arrows|p1a: Lugia
|-activate|p1a: Lugia|move: Substitute|[damage]
|move|p1a: Lugia|Whirlwind|p2a: Zygarde
|drag|p2a: Groudon|Groudon-Primal, shiny|100/100
|-weather|DesolateLand|[from] ability: Desolate Land|[of] p2a: Groudon
|
|-weather|DesolateLand|[upkeep]
|upkeep
|turn|36
|inactive|OnMaWa has 90 seconds left.
|
|-weather|none
|switch|p2a: Zygarde|Zygarde-Complete|87/100
|move|p1a: Lugia|Thunder Wave|p2a: Zygarde
|-immune|p2a: Zygarde
|
|-heal|p2a: Zygarde|93/100|[from] item: Leftovers
|upkeep
|turn|37
|
|move|p2a: Zygarde|Haze|p2a: Zygarde
|-clearallboost
|move|p1a: Lugia|Whirlwind|p2a: Zygarde
|drag|p2a: Groudon|Groudon-Primal, shiny|100/100
|-weather|DesolateLand|[from] ability: Desolate Land|[of] p2a: Groudon
|
|-weather|DesolateLand|[upkeep]
|upkeep
|turn|38
|
|switch|p1a: Zacian|Zacian-Crowned|94/100
|-damage|p1a: Zacian|88/100|[from] Stealth Rock
|-ability|p1a: Zacian|Intrepid Sword|boost
|-boost|p1a: Zacian|atk|1
|move|p2a: Groudon|Roar|p1a: Zacian
|drag|p1a: Lugia|Lugia|100/100
|
|-weather|DesolateLand|[upkeep]
|upkeep
|turn|39
|
|move|p1a: Lugia|Substitute|p1a: Lugia
|-start|p1a: Lugia|Substitute
|-damage|p1a: Lugia|75/100
|move|p2a: Groudon|Overheat|p1a: Lugia
|-end|p1a: Lugia|Substitute
|-unboost|p2a: Groudon|spa|2
|
|-weather|DesolateLand|[upkeep]
|upkeep
|turn|40
|
|move|p1a: Lugia|Roost|p1a: Lugia
|-heal|p1a: Lugia|100/100
|-singleturn|p1a: Lugia|move: Roost
|move|p2a: Groudon|Roar|p1a: Lugia
|drag|p1a: Necrozma|Necrozma-Ultra|24/100
|-damage|p1a: Necrozma|12/100|[from] Stealth Rock
|
|-weather|DesolateLand|[upkeep]
|upkeep
|turn|41
|
|-weather|none
|switch|p2a: Zygarde|Zygarde-Complete|93/100
|move|p1a: Necrozma|Earthquake|p2a: Zygarde
|-damage|p2a: Zygarde|78/100
|
|-heal|p2a: Zygarde|84/100|[from] item: Leftovers
|upkeep
|turn|42
|inactive|OnMaWa has 90 seconds left.
|
|move|p1a: Necrozma|Photon Geyser|p2a: Zygarde
|-damage|p2a: Zygarde|62/100
|move|p2a: Zygarde|Glare|p1a: Necrozma
|-status|p1a: Necrozma|par
|
|-heal|p2a: Zygarde|68/100|[from] item: Leftovers
|upkeep
|turn|43
|inactive|OnMaWa has 90 seconds left.
|l|☆Birds30
|inactive|Birds30 disconnected and has a minute to reconnect!
|player|p2|
|inactive|Birds30 has 30 seconds to reconnect!
|j|☆Birds30
|inactive|Birds30 reconnected and has 95 seconds left.
|player|p2|Birds30|boarder
|inactive|Birds30 has 90 seconds left.
|
|move|p2a: Zygarde|Thousand Arrows|p1a: Necrozma
|-damage|p1a: Necrozma|0 fnt
|faint|p1a: Necrozma
|
|-heal|p2a: Zygarde|74/100|[from] item: Leftovers
|upkeep
|inactive|OnMaWa has 90 seconds left.
|
|switch|p1a: Zacian|Zacian-Crowned|88/100
|-damage|p1a: Zacian|82/100|[from] Stealth Rock
|-ability|p1a: Zacian|Intrepid Sword|boost
|-boost|p1a: Zacian|atk|1
|turn|44
|inactive|OnMaWa has 90 seconds left.
|
|switch|p2a: Groudon|Groudon-Primal, shiny|100/100
|-weather|DesolateLand|[from] ability: Desolate Land|[of] p2a: Groudon
|move|p1a: Zacian|Play Rough|p2a: Groudon
|-resisted|p2a: Groudon
|-damage|p2a: Groudon|77/100
|
|-weather|DesolateLand|[upkeep]
|upkeep
|turn|45
|
|switch|p1a: Lugia|Lugia|100/100
|move|p2a: Groudon|Overheat|p1a: Lugia
|-damage|p1a: Lugia|72/100
|-unboost|p2a: Groudon|spa|2
|
|-weather|DesolateLand|[upkeep]
|upkeep
|turn|46
|
|move|p1a: Lugia|Roost|p1a: Lugia
|-heal|p1a: Lugia|100/100
|-singleturn|p1a: Lugia|move: Roost
|move|p2a: Groudon|Roar|p1a: Lugia
|drag|p1a: Zacian|Zacian-Crowned|82/100
|-damage|p1a: Zacian|76/100|[from] Stealth Rock
|-ability|p1a: Zacian|Intrepid Sword|boost
|-boost|p1a: Zacian|atk|1
|
|-weather|DesolateLand|[upkeep]
|upkeep
|turn|47
|
|switch|p1a: Lugia|Lugia|100/100
|move|p2a: Groudon|Roar|p1a: Lugia
|drag|p1a: Zacian|Zacian-Crowned|76/100
|-damage|p1a: Zacian|70/100|[from] Stealth Rock
|-ability|p1a: Zacian|Intrepid Sword|boost
|-boost|p1a: Zacian|atk|1
|
|-weather|DesolateLand|[upkeep]
|upkeep
|turn|48
|
|move|p1a: Zacian|Close Combat|p2a: Groudon
|-damage|p2a: Groudon|33/100
|-unboost|p1a: Zacian|def|1
|-unboost|p1a: Zacian|spd|1
|move|p2a: Groudon|Roar|p1a: Zacian
|drag|p1a: Lugia|Lugia|100/100
|
|-weather|DesolateLand|[upkeep]
|upkeep
|turn|49
|inactive|Birds30 has 120 seconds left.
|c|☆Birds30|Zyg wins
|
|-weather|none
|switch|p2a: Zygarde|Zygarde-Complete|74/100
|move|p1a: Lugia|Substitute|p1a: Lugia
|-start|p1a: Lugia|Substitute
|-damage|p1a: Lugia|75/100
|
|-heal|p2a: Zygarde|80/100|[from] item: Leftovers
|upkeep
|turn|50
|
|move|p2a: Zygarde|Haze|p2a: Zygarde
|-clearallboost
|move|p1a: Lugia|Whirlwind|p2a: Zygarde
|drag|p2a: Groudon|Groudon-Primal, shiny|33/100
|-weather|DesolateLand|[from] ability: Desolate Land|[of] p2a: Groudon
|
|-weather|DesolateLand|[upkeep]
|upkeep
|turn|51
|
|move|p1a: Lugia|Thunder Wave|p2a: Groudon
|-immune|p2a: Groudon
|move|p2a: Groudon|Roar|p1a: Lugia
|drag|p1a: Zacian|Zacian-Crowned|70/100
|-damage|p1a: Zacian|64/100|[from] Stealth Rock
|-ability|p1a: Zacian|Intrepid Sword|boost
|-boost|p1a: Zacian|atk|1
|
|-weather|DesolateLand|[upkeep]
|upkeep
|turn|52
|inactive|OnMaWa has 90 seconds left.
|c|☆Birds30|I don’t see the reason to play it out
|
|move|p1a: Zacian|Close Combat|p2a: Groudon
|-damage|p2a: Groudon|0 fnt
|-unboost|p1a: Zacian|def|1
|-unboost|p1a: Zacian|spd|1
|faint|p2a: Groudon
|-weather|none
|
|upkeep
|c|☆Birds30|Zyg clearly pp stalls lug
|
|switch|p2a: Zygarde|Zygarde-Complete|80/100
|turn|53
|
|switch|p1a: Lugia|Lugia|75/100
|move|p2a: Zygarde|Glare|p1a: Lugia
|-status|p1a: Lugia|par
|
|-heal|p2a: Zygarde|87/100|[from] item: Leftovers
|upkeep
|turn|54
|
|move|p2a: Zygarde|Glare|p1a: Lugia
|-fail|p1a: Lugia|par
|cant|p1a: Lugia|par
|
|-heal|p2a: Zygarde|93/100|[from] item: Leftovers
|upkeep
|turn|55
|
|move|p2a: Zygarde|Glare|p1a: Lugia
|-fail|p1a: Lugia|par
|cant|p1a: Lugia|par
|
|-heal|p2a: Zygarde|99/100|[from] item: Leftovers
|upkeep
|turn|56
|
|move|p2a: Zygarde|Glare|p1a: Lugia
|-fail|p1a: Lugia|par
|move|p1a: Lugia|Substitute|p1a: Lugia
|-start|p1a: Lugia|Substitute
|-damage|p1a: Lugia|50/100 par
|
|-heal|p2a: Zygarde|100/100|[from] item: Leftovers
|upkeep
|turn|57
|inactive|OnMaWa has 90 seconds left.
|
|move|p2a: Zygarde|Haze|p2a: Zygarde
|-clearallboost
|move|p1a: Lugia|Roost|p1a: Lugia
|-heal|p1a: Lugia|100/100 par
|-singleturn|p1a: Lugia|move: Roost
|
|upkeep
|turn|58
|c|☆Birds30|Bro cmon I have rest
|inactive|OnMaWa has 90 seconds left.
|c|☆Birds30|u can’t stall me
|
|move|p2a: Zygarde|Haze|p2a: Zygarde
|-clearallboost
|cant|p1a: Lugia|par
|
|upkeep
|turn|59
|inactive|OnMaWa has 90 seconds left.
|c|☆OnMaWa|Go
|
|move|p2a: Zygarde|Glare||[still]
|-fail|p2a: Zygarde
|move|p1a: Lugia|Thunder Wave|p2a: Zygarde
|-immune|p2a: Zygarde
|
|upkeep
|turn|60
|inactive|OnMaWa has 90 seconds left.
|
|move|p2a: Zygarde|Glare||[still]
|-fail|p2a: Zygarde
|move|p1a: Lugia|Thunder Wave|p2a: Zygarde
|-immune|p2a: Zygarde
|
|upkeep
|turn|61
|c|☆Birds30|Go?
|inactive|OnMaWa has 90 seconds left.
|
|move|p2a: Zygarde|Glare||[still]
|-fail|p2a: Zygarde
|move|p1a: Lugia|Thunder Wave|p2a: Zygarde
|-immune|p2a: Zygarde
|
|upkeep
|turn|62
|
|move|p2a: Zygarde|Haze|p2a: Zygarde
|-clearallboost
|move|p1a: Lugia|Thunder Wave|p2a: Zygarde
|-immune|p2a: Zygarde
|
|upkeep
|turn|63
|
|move|p2a: Zygarde|Glare||[still]
|-fail|p2a: Zygarde
|cant|p1a: Lugia|par
|
|upkeep
|turn|64
|
|move|p2a: Zygarde|Glare||[still]
|-fail|p2a: Zygarde
|move|p1a: Lugia|Thunder Wave|p2a: Zygarde
|-immune|p2a: Zygarde
|
|upkeep
|turn|65
|
|move|p2a: Zygarde|Haze|p2a: Zygarde
|-clearallboost
|move|p1a: Lugia|Thunder Wave|p2a: Zygarde
|-immune|p2a: Zygarde
|
|upkeep
|turn|66
|
|move|p2a: Zygarde|Haze|p2a: Zygarde
|-clearallboost
|move|p1a: Lugia|Thunder Wave|p2a: Zygarde
|-immune|p2a: Zygarde
|
|upkeep
|turn|67
|
|move|p2a: Zygarde|Haze|p2a: Zygarde
|-clearallboost
|cant|p1a: Lugia|par
|
|upkeep
|turn|68
|
|move|p2a: Zygarde|Thousand Arrows|p1a: Lugia
|-activate|p1a: Lugia|move: Substitute|[damage]
|move|p1a: Lugia|Thunder Wave|p2a: Zygarde
|-immune|p2a: Zygarde
|
|upkeep
|turn|69
|
|move|p2a: Zygarde|Glare||[still]
|-fail|p2a: Zygarde
|move|p1a: Lugia|Thunder Wave|p2a: Zygarde
|-immune|p2a: Zygarde
|
|upkeep
|turn|70
|
|move|p2a: Zygarde|Haze|p2a: Zygarde
|-clearallboost
|move|p1a: Lugia|Thunder Wave|p2a: Zygarde
|-immune|p2a: Zygarde
|
|upkeep
|turn|71
|
|move|p2a: Zygarde|Glare||[still]
|-fail|p2a: Zygarde
|move|p1a: Lugia|Thunder Wave|p2a: Zygarde
|-immune|p2a: Zygarde
|
|upkeep
|turn|72
|
|move|p2a: Zygarde|Haze|p2a: Zygarde
|-clearallboost
|move|p1a: Lugia|Thunder Wave|p2a: Zygarde
|-immune|p2a: Zygarde
|
|upkeep
|turn|73
|
|move|p2a: Zygarde|Glare||[still]
|-fail|p2a: Zygarde
|cant|p1a: Lugia|par
|
|upkeep
|turn|74
|
|move|p2a: Zygarde|Haze|p2a: Zygarde
|-clearallboost
|move|p1a: Lugia|Thunder Wave|p2a: Zygarde
|-immune|p2a: Zygarde
|
|upkeep
|turn|75
|
|move|p2a: Zygarde|Glare||[still]
|-fail|p2a: Zygarde
|move|p1a: Lugia|Thunder Wave|p2a: Zygarde
|-immune|p2a: Zygarde
|
|upkeep
|turn|76
|c|☆Birds30|I clearly win
|
|move|p2a: Zygarde|Glare||[still]
|-fail|p2a: Zygarde
|move|p1a: Lugia|Thunder Wave|p2a: Zygarde
|-immune|p2a: Zygarde
|
|upkeep
|turn|77
|
|move|p2a: Zygarde|Haze|p2a: Zygarde
|-clearallboost
|cant|p1a: Lugia|par
|
|upkeep
|turn|78
|
|move|p2a: Zygarde|Haze|p2a: Zygarde
|-clearallboost
|cant|p1a: Lugia|par
|
|upkeep
|turn|79
|
|move|p2a: Zygarde|Haze|p2a: Zygarde
|-clearallboost
|cant|p1a: Lugia|par
|
|upkeep
|turn|80
|
|move|p2a: Zygarde|Haze|p2a: Zygarde
|-clearallboost
|move|p1a: Lugia|Thunder Wave|p2a: Zygarde
|-immune|p2a: Zygarde
|
|upkeep
|turn|81
|
|move|p2a: Zygarde|Haze|p2a: Zygarde
|-clearallboost
|move|p1a: Lugia|Thunder Wave|p2a: Zygarde
|-immune|p2a: Zygarde
|
|upkeep
|turn|82
|
|move|p2a: Zygarde|Haze|p2a: Zygarde
|-clearallboost
|cant|p1a: Lugia|par
|
|upkeep
|turn|83
|n| Tranquil destiny|tranquildestiny
|
|move|p2a: Zygarde|Haze|p2a: Zygarde
|-clearallboost
|move|p1a: Lugia|Thunder Wave|p2a: Zygarde
|-immune|p2a: Zygarde
|
|upkeep
|turn|84
|
|move|p2a: Zygarde|Glare||[still]
|-fail|p2a: Zygarde
|move|p1a: Lugia|Thunder Wave|p2a: Zygarde
|-immune|p2a: Zygarde
|
|upkeep
|turn|85
|
|move|p2a: Zygarde|Haze|p2a: Zygarde
|-clearallboost
|cant|p1a: Lugia|par
|
|upkeep
|turn|86
|l| inoion
|
|move|p2a: Zygarde|Haze|p2a: Zygarde
|-clearallboost
|move|p1a: Lugia|Thunder Wave|p2a: Zygarde
|-immune|p2a: Zygarde
|
|upkeep
|turn|87
|
|move|p2a: Zygarde|Haze|p2a: Zygarde
|-clearallboost
|move|p1a: Lugia|Thunder Wave|p2a: Zygarde
|-immune|p2a: Zygarde
|
|upkeep
|turn|88
|
|move|p2a: Zygarde|Haze|p2a: Zygarde
|-clearallboost
|cant|p1a: Lugia|par
|
|upkeep
|turn|89
|
|move|p2a: Zygarde|Haze|p2a: Zygarde
|-clearallboost
|move|p1a: Lugia|Thunder Wave|p2a: Zygarde
|-immune|p2a: Zygarde
|
|upkeep
|turn|90
|
|move|p2a: Zygarde|Haze|p2a: Zygarde
|-clearallboost
|move|p1a: Lugia|Thunder Wave|p2a: Zygarde
|-immune|p2a: Zygarde
|
|upkeep
|turn|91
|
|move|p2a: Zygarde|Haze|p2a: Zygarde
|-clearallboost
|move|p1a: Lugia|Thunder Wave|p2a: Zygarde
|-immune|p2a: Zygarde
|
|upkeep
|turn|92
|
|move|p2a: Zygarde|Glare||[still]
|-fail|p2a: Zygarde
|move|p1a: Lugia|Thunder Wave|p2a: Zygarde
|-immune|p2a: Zygarde
|
|upkeep
|turn|93
|
|move|p2a: Zygarde|Glare||[still]
|-fail|p2a: Zygarde
|move|p1a: Lugia|Thunder Wave|p2a: Zygarde
|-immune|p2a: Zygarde
|
|upkeep
|turn|94
|
|move|p2a: Zygarde|Glare||[still]
|-fail|p2a: Zygarde
|move|p1a: Lugia|Thunder Wave|p2a: Zygarde
|-immune|p2a: Zygarde
|
|upkeep
|turn|95
|
|move|p2a: Zygarde|Haze|p2a: Zygarde
|-clearallboost
|cant|p1a: Lugia|par
|
|upkeep
|turn|96
|
|move|p2a: Zygarde|Haze|p2a: Zygarde
|-clearallboost
|move|p1a: Lugia|Thunder Wave|p2a: Zygarde
|-immune|p2a: Zygarde
|
|upkeep
|turn|97
|
|move|p2a: Zygarde|Haze|p2a: Zygarde
|-clearallboost
|move|p1a: Lugia|Thunder Wave|p2a: Zygarde
|-immune|p2a: Zygarde
|
|upkeep
|turn|98
|
|move|p2a: Zygarde|Haze|p2a: Zygarde
|-clearallboost
|move|p1a: Lugia|Thunder Wave|p2a: Zygarde
|-immune|p2a: Zygarde
|
|upkeep
|turn|99
|
|move|p2a: Zygarde|Haze|p2a: Zygarde
|-clearallboost
|move|p1a: Lugia|Whirlwind||[still]
|-fail|p1a: Lugia
|
|upkeep
|turn|100
|
|move|p2a: Zygarde|Haze|p2a: Zygarde
|-clearallboost
|move|p1a: Lugia|Whirlwind||[still]
|-fail|p1a: Lugia
|
|upkeep
|turn|101
|
|move|p2a: Zygarde|Haze|p2a: Zygarde
|-clearallboost
|cant|p1a: Lugia|par
|
|upkeep
|turn|102
|
|move|p2a: Zygarde|Haze|p2a: Zygarde
|-clearallboost
|move|p1a: Lugia|Whirlwind||[still]
|-fail|p1a: Lugia
|
|upkeep
|turn|103
|
|move|p2a: Zygarde|Haze|p2a: Zygarde
|-clearallboost
|move|p1a: Lugia|Whirlwind||[still]
|-fail|p1a: Lugia
|
|upkeep
|turn|104
|
|move|p2a: Zygarde|Haze|p2a: Zygarde
|-clearallboost
|move|p1a: Lugia|Whirlwind||[still]
|-fail|p1a: Lugia
|
|upkeep
|turn|105
|
|move|p2a: Zygarde|Haze|p2a: Zygarde
|-clearallboost
|move|p1a: Lugia|Whirlwind||[still]
|-fail|p1a: Lugia
|
|upkeep
|turn|106
|j| inoion
|
|move|p2a: Zygarde|Haze|p2a: Zygarde
|-clearallboost
|move|p1a: Lugia|Whirlwind||[still]
|-fail|p1a: Lugia
|
|upkeep
|turn|107
|inactive|Birds30 has 120 seconds left.
Birds30 is offering a tie.
|c|☆Birds30|i don’t wanna play this out
|inactive|Birds30 has 90 seconds left.
|c|☆OnMaWa|Goo man
|c|☆OnMaWa|The win is mine
|c|☆OnMaWa|Or forfeit
|c|☆Birds30|?
|c|☆Birds30|are u dumb?
|c|☆Birds30|u lose
|
|move|p2a: Zygarde|Haze|p2a: Zygarde
|-clearallboost
|cant|p1a: Lugia|par
|
|upkeep
|turn|108
|c|☆OnMaWa|You will lose your pp
|c| inoion|if he gets parad he does not consume pp
|j| Test_Darrox
|c|☆OnMaWa|And zacian then playrough
|
|move|p2a: Zygarde|Haze|p2a: Zygarde
|-clearallboost
|cant|p1a: Lugia|par
|
|upkeep
|turn|109
|c|☆Birds30|No I haven’t dmaxed yet
|c|☆Birds30|bus
|c|☆Birds30|bud
|
|move|p2a: Zygarde|Haze|p2a: Zygarde
|-clearallboost
|move|p1a: Lugia|Whirlwind||[still]
|-fail|p1a: Lugia
|
|upkeep
|turn|110
|
|move|p2a: Zygarde|Haze|p2a: Zygarde
|-clearallboost
|move|p1a: Lugia|Whirlwind||[still]
|-fail|p1a: Lugia
|
|upkeep
|turn|111
|c| inoion|if u dont have any pp ur dynamax move wont work
|c|☆Birds30|Ok?
|
|move|p2a: Zygarde|Haze|p2a: Zygarde
|-clearallboost
|move|p1a: Lugia|Whirlwind||[still]
|-fail|p1a: Lugia
|
|upkeep
|turn|112
|
|move|p2a: Zygarde|Haze|p2a: Zygarde
|-clearallboost
|move|p1a: Lugia|Whirlwind||[still]
|-fail|p1a: Lugia
|
|upkeep
|turn|113
|c| inoion|nvm
|
|move|p2a: Zygarde|Rest|p2a: Zygarde
|-fail|p2a: Zygarde|heal
|cant|p1a: Lugia|par
|
|upkeep
|turn|114
|
|move|p2a: Zygarde|Rest|p2a: Zygarde
|-fail|p2a: Zygarde|heal
|move|p1a: Lugia|Whirlwind||[still]
|-fail|p1a: Lugia
|
|upkeep
|turn|115
|
|move|p2a: Zygarde|Rest|p2a: Zygarde
|-fail|p2a: Zygarde|heal
|move|p1a: Lugia|Whirlwind||[still]
|-fail|p1a: Lugia
|
|upkeep
|turn|116
|
|move|p2a: Zygarde|Glare||[still]
|-fail|p2a: Zygarde
|move|p1a: Lugia|Whirlwind||[still]
|-fail|p1a: Lugia
|
|upkeep
|turn|117
|
|move|p2a: Zygarde|Glare||[still]
|-fail|p2a: Zygarde
|move|p1a: Lugia|Whirlwind||[still]
|-fail|p1a: Lugia
|
|upkeep
|turn|118
|
|move|p2a: Zygarde|Glare||[still]
|-fail|p2a: Zygarde
|cant|p1a: Lugia|par
|
|upkeep
|turn|119
|
|move|p2a: Zygarde|Glare||[still]
|-fail|p2a: Zygarde
|move|p1a: Lugia|Whirlwind||[still]
|-fail|p1a: Lugia
|
|upkeep
|turn|120
|
|move|p2a: Zygarde|Glare||[still]
|-fail|p2a: Zygarde
|move|p1a: Lugia|Whirlwind||[still]
|-fail|p1a: Lugia
|
|upkeep
|turn|121
|
|move|p2a: Zygarde|Glare||[still]
|-fail|p2a: Zygarde
|move|p1a: Lugia|Whirlwind||[still]
|-fail|p1a: Lugia
|
|upkeep
|turn|122
|
|move|p2a: Zygarde|Glare||[still]
|-fail|p2a: Zygarde
|move|p1a: Lugia|Whirlwind||[still]
|-fail|p1a: Lugia
|
|upkeep
|turn|123
|
|move|p2a: Zygarde|Glare||[still]
|-fail|p2a: Zygarde
|move|p1a: Lugia|Whirlwind||[still]
|-fail|p1a: Lugia
|
|upkeep
|turn|124
|
|move|p2a: Zygarde|Glare||[still]
|-fail|p2a: Zygarde
|move|p1a: Lugia|Whirlwind||[still]
|-fail|p1a: Lugia
|
|upkeep
|turn|125
|c|☆OnMaWa|That paralyze is awful
|
|move|p2a: Zygarde|Glare||[still]
|-fail|p2a: Zygarde
|move|p1a: Lugia|Whirlwind||[still]
|-fail|p1a: Lugia
|
|upkeep
|turn|126
|c| inoion|bruh rn paralyse is helping u
|inactive|Birds30 has 90 seconds left.
|c|☆Birds30|U lose
|c|☆OnMaWa|I mean that it doesnt work
|
|move|p2a: Zygarde|Glare||[still]
|-fail|p2a: Zygarde
|move|p1a: Lugia|Whirlwind||[still]
|-fail|p1a: Lugia
|
|upkeep
|turn|127
|
|move|p2a: Zygarde|Glare||[still]
|-fail|p2a: Zygarde
|move|p1a: Lugia|Whirlwind||[still]
|-fail|p1a: Lugia
|
|upkeep
|turn|128
|
|move|p2a: Zygarde|Glare||[still]
|-fail|p2a: Zygarde
|move|p1a: Lugia|Whirlwind||[still]
|-fail|p1a: Lugia
|
|upkeep
|turn|129
|
|move|p2a: Zygarde|Glare||[still]
|-fail|p2a: Zygarde
|cant|p1a: Lugia|par
|
|upkeep
|turn|130
|
|move|p2a: Zygarde|Glare||[still]
|-fail|p2a: Zygarde
|move|p1a: Lugia|Whirlwind||[still]
|-fail|p1a: Lugia
|
|upkeep
|turn|131
|
|move|p2a: Zygarde|Glare||[still]
|-fail|p2a: Zygarde
|move|p1a: Lugia|Whirlwind||[still]
|-fail|p1a: Lugia
|
|upkeep
|turn|132
|
|move|p2a: Zygarde|Glare||[still]
|-fail|p2a: Zygarde
|move|p1a: Lugia|Whirlwind||[still]
|-fail|p1a: Lugia
|
|upkeep
|turn|133
|
|move|p2a: Zygarde|Glare||[still]
|-fail|p2a: Zygarde
|cant|p1a: Lugia|par
|
|upkeep
|turn|134
|
|move|p2a: Zygarde|Glare||[still]
|-fail|p2a: Zygarde
|move|p1a: Lugia|Whirlwind||[still]
|-fail|p1a: Lugia
|
|upkeep
|turn|135
|
|move|p2a: Zygarde|Glare||[still]
|-fail|p2a: Zygarde
|move|p1a: Lugia|Substitute|p1a: Lugia
|-fail|p1a: Lugia|move: Substitute
|
|upkeep
|turn|136
|c|☆Birds30|Does max guard consume pp?
|inactive|Birds30 has 60 seconds left.
|c| inoion|ye it does
|
|move|p2a: Zygarde|Glare||[still]
|-fail|p2a: Zygarde
|cant|p1a: Lugia|par
|
|upkeep
|turn|137
|
|move|p2a: Zygarde|Rest|p2a: Zygarde
|-fail|p2a: Zygarde|heal
|move|p1a: Lugia|Substitute|p1a: Lugia
|-fail|p1a: Lugia|move: Substitute
|
|upkeep
|turn|138
|
|move|p2a: Zygarde|Rest|p2a: Zygarde
|-fail|p2a: Zygarde|heal
|move|p1a: Lugia|Substitute|p1a: Lugia
|-fail|p1a: Lugia|move: Substitute
|
|upkeep
|turn|139
|
|move|p2a: Zygarde|Rest|p2a: Zygarde
|-fail|p2a: Zygarde|heal
|move|p1a: Lugia|Substitute|p1a: Lugia
|-fail|p1a: Lugia|move: Substitute
|
|upkeep
|turn|140
|
|move|p2a: Zygarde|Rest|p2a: Zygarde
|-fail|p2a: Zygarde|heal
|move|p1a: Lugia|Substitute|p1a: Lugia
|-fail|p1a: Lugia|move: Substitute
|
|upkeep
|turn|141
|
|move|p2a: Zygarde|Glare||[still]
|-fail|p2a: Zygarde
|move|p1a: Lugia|Substitute|p1a: Lugia
|-fail|p1a: Lugia|move: Substitute
|
|upkeep
|turn|142
|j| Laopani
|
|move|p2a: Zygarde|Glare||[still]
|-fail|p2a: Zygarde
|cant|p1a: Lugia|par
|
|upkeep
|turn|143
|
|move|p2a: Zygarde|Rest|p2a: Zygarde
|-fail|p2a: Zygarde|heal
|move|p1a: Lugia|Substitute|p1a: Lugia
|-fail|p1a: Lugia|move: Substitute
|
|upkeep
|turn|144
|
|move|p2a: Zygarde|Rest|p2a: Zygarde
|-fail|p2a: Zygarde|heal
|move|p1a: Lugia|Substitute|p1a: Lugia
|-fail|p1a: Lugia|move: Substitute
|
|upkeep
|turn|145
|
|move|p2a: Zygarde|Rest|p2a: Zygarde
|-fail|p2a: Zygarde|heal
|move|p1a: Lugia|Substitute|p1a: Lugia
|-fail|p1a: Lugia|move: Substitute
|
|upkeep
|turn|146
|
|move|p2a: Zygarde|Rest|p2a: Zygarde
|-fail|p2a: Zygarde|heal
|move|p1a: Lugia|Substitute|p1a: Lugia
|-fail|p1a: Lugia|move: Substitute
|
|upkeep
|turn|147
|
|move|p2a: Zygarde|Rest|p2a: Zygarde
|-fail|p2a: Zygarde|heal
|cant|p1a: Lugia|par
|
|upkeep
|turn|148
|
|move|p2a: Zygarde|Rest|p2a: Zygarde
|-fail|p2a: Zygarde|heal
|move|p1a: Lugia|Substitute|p1a: Lugia
|-fail|p1a: Lugia|move: Substitute
|
|upkeep
|turn|149
|
|move|p2a: Zygarde|Rest|p2a: Zygarde
|-fail|p2a: Zygarde|heal
|move|p1a: Lugia|Roost||[still]
|-fail|p1a: Lugia|heal
|
|upkeep
|turn|150
|
|move|p2a: Zygarde|Glare||[still]
|-fail|p2a: Zygarde
|move|p1a: Lugia|Roost||[still]
|-fail|p1a: Lugia|heal
|
|upkeep
|turn|151
|
|move|p2a: Zygarde|Glare||[still]
|-fail|p2a: Zygarde
|move|p1a: Lugia|Roost||[still]
|-fail|p1a: Lugia|heal
|
|upkeep
|turn|152
|
|move|p2a: Zygarde|Glare||[still]
|-fail|p2a: Zygarde
|move|p1a: Lugia|Roost||[still]
|-fail|p1a: Lugia|heal
|
|upkeep
|turn|153
|
|move|p2a: Zygarde|Glare||[still]
|-fail|p2a: Zygarde
|cant|p1a: Lugia|par
|
|upkeep
|turn|154
|
|move|p2a: Zygarde|Thousand Arrows|p1a: Lugia
|-activate|p1a: Lugia|move: Substitute|[damage]
|move|p1a: Lugia|Roost||[still]
|-fail|p1a: Lugia|heal
|
|upkeep
|turn|155
|
|move|p2a: Zygarde|Thousand Arrows|p1a: Lugia
|-activate|p1a: Lugia|move: Substitute|[damage]
|cant|p1a: Lugia|par
|
|upkeep
|turn|156
|
|-start|p2a: Zygarde|Dynamax
|-heal|p2a: Zygarde|100/100|[silent]
|cant|p2a: Zygarde|nopp|Max Guard
|-hint|This is not a bug, this is really how it works on the Switch; try it yourself if you don't believe us.
|move|p1a: Lugia|Roost||[still]
|-fail|p1a: Lugia|heal
|
|upkeep
|turn|157
|
|cant|p2a: Zygarde|nopp|Max Guard
|-hint|This is not a bug, this is really how it works on the Switch; try it yourself if you don't believe us.
|move|p1a: Lugia|Roost||[still]
|-fail|p1a: Lugia|heal
|
|upkeep
|turn|158
|c| inoion|huh
|
|cant|p2a: Zygarde|nopp|Max Guard
|-hint|This is not a bug, this is really how it works on the Switch; try it yourself if you don't believe us.
|cant|p1a: Lugia|par
|
|-end|p2a: Zygarde|Dynamax
|-heal|p2a: Zygarde|100/100|[silent]
|upkeep
|turn|159
|c| Tranquil destiny|that's pretty genius
|
|move|p2a: Zygarde|Thousand Arrows|p1a: Lugia
|-end|p1a: Lugia|Substitute
|move|p1a: Lugia|Roost||[still]
|-fail|p1a: Lugia|heal
|
|upkeep
|turn|160
|
|move|p2a: Zygarde|Thousand Arrows|p1a: Lugia
|-damage|p1a: Lugia|93/100 par
|-start|p1a: Lugia|Smack Down
|cant|p1a: Lugia|par
|
|upkeep
|turn|161
|inactive|Birds30 has 60 seconds left.
|
|move|p2a: Zygarde|Thousand Arrows|p1a: Lugia
|-damage|p1a: Lugia|77/100 par
|move|p1a: Lugia|Substitute|p1a: Lugia
|-start|p1a: Lugia|Substitute
|-damage|p1a: Lugia|52/100 par
|
|upkeep
|turn|162
|
|move|p2a: Zygarde|Thousand Arrows|p1a: Lugia
|-activate|p1a: Lugia|move: Substitute|[damage]
|move|p1a: Lugia|Roost|p1a: Lugia
|-heal|p1a: Lugia|100/100 par
|-singleturn|p1a: Lugia|move: Roost
|
|upkeep
|turn|163
|
|move|p2a: Zygarde|Thousand Arrows|p1a: Lugia
|-activate|p1a: Lugia|move: Substitute|[damage]
|move|p1a: Lugia|Roost||[still]
|-fail|p1a: Lugia|heal
|
|upkeep
|turn|164
|
|move|p2a: Zygarde|Thousand Arrows|p1a: Lugia
|-end|p1a: Lugia|Substitute
|move|p1a: Lugia|Roost||[still]
|-fail|p1a: Lugia|heal
|
|upkeep
|turn|165
|
|-activate|p2a: Zygarde|move: Struggle
|move|p2a: Zygarde|Struggle|p1a: Lugia
|-damage|p1a: Lugia|98/100 par
|-damage|p2a: Zygarde|75/100|[from] recoil
|move|p1a: Lugia|Roost|p1a: Lugia
|-heal|p1a: Lugia|100/100 par
|-singleturn|p1a: Lugia|move: Roost
|
|-heal|p2a: Zygarde|82/100|[from] item: Leftovers
|upkeep
|turn|166
|
|-activate|p2a: Zygarde|move: Struggle
|move|p2a: Zygarde|Struggle|p1a: Lugia
|-damage|p1a: Lugia|98/100 par
|-damage|p2a: Zygarde|57/100|[from] recoil
|-activate|p1a: Lugia|move: Struggle
|move|p1a: Lugia|Struggle|p2a: Zygarde
|-damage|p2a: Zygarde|53/100
|-damage|p1a: Lugia|73/100 par|[from] recoil
|
|-heal|p2a: Zygarde|60/100|[from] item: Leftovers
|upkeep
|turn|167
|
|-activate|p2a: Zygarde|move: Struggle
|move|p2a: Zygarde|Struggle|p1a: Lugia
|-damage|p1a: Lugia|67/100 par
|-damage|p2a: Zygarde|35/100|[from] recoil
|-activate|p1a: Lugia|move: Struggle
|move|p1a: Lugia|Struggle|p2a: Zygarde
|-damage|p2a: Zygarde|32/100
|-damage|p1a: Lugia|42/100 par|[from] recoil
|
|-heal|p2a: Zygarde|38/100|[from] item: Leftovers
|upkeep
|turn|168
|c|☆Birds30|I fcked up
|inactive|OnMaWa has 120 seconds left.
|c|☆Birds30|with the glare on the lugia
|c| inoion|ye
|c|☆Birds30|and getting no value from my dmax
|inactive|Birds30 has 60 seconds left.
|c|☆Birds30|i should’ve dmaxed xern
|c|☆OnMaWa|Yoy see man
|c|☆OnMaWa|I win
|inactive|Birds30 has 30 seconds left.
|c|☆Birds30|Ye I didn’t think u would get that many parad
|
|-activate|p2a: Zygarde|move: Struggle
|move|p2a: Zygarde|Struggle|p1a: Lugia
|-damage|p1a: Lugia|37/100 par
|-damage|p2a: Zygarde|13/100|[from] recoil
|-activate|p1a: Lugia|move: Struggle
|move|p1a: Lugia|Struggle|p2a: Zygarde
|-damage|p2a: Zygarde|10/100
|-damage|p1a: Lugia|12/100 par|[from] recoil
|
|-heal|p2a: Zygarde|16/100|[from] item: Leftovers
|upkeep
|turn|169
|inactive|Birds30 has 30 seconds left this turn.
|inactive|OnMaWa has 120 seconds left.
|c|☆OnMaWa|They were not many
|
|-activate|p2a: Zygarde|move: Struggle
|move|p2a: Zygarde|Struggle|p1a: Lugia
|-damage|p1a: Lugia|6/100 par
|-damage|p2a: Zygarde|0 fnt|[from] recoil
|faint|p2a: Zygarde
|
|win|OnMaWa
|raw|OnMaWa's rating: 1761 &rarr; <strong>1778</strong><br />(+17 for winning)
|raw|Birds30's rating: 1706 &rarr; <strong>1689</strong><br />(-17 for losing)
|l|☆Birds30
