|j|☆the thin mints lad
|j|☆Master kushagra
|inactive|Battle timer is ON: inactive players will automatically lose when time's up.
|t:|1664813128
|gametype|singles
|player|p1|the thin mints lad|cress|
|player|p2|Master kushagra|leon-masters|
|teamsize|p1|6
|teamsize|p2|6
|gen|8
|tier|[Gen 8] National Dex AG
|rated|Tournament battle
|rule|HP Percentage Mod: HP is shown in percentages
|rule|Endless Battle Clause: Forcing endless battles is banned
|clearpoke
|poke|p1|Marshadow|
|poke|p1|Ditto|
|poke|p1|Zygarde|
|poke|p1|Murkrow, M|
|poke|p1|Eternatus|
|poke|p1|Arceus-*|
|poke|p2|Arceus-*|
|poke|p2|Zacian-*|
|poke|p2|Rayquaza|
|poke|p2|Yveltal|
|poke|p2|Calyrex-Shadow|
|poke|p2|Arceus-*|
|teampreview
|
|t:|1664813136
|start
|switch|p1a: Arceus|Arceus-Fairy|100/100
|switch|p2a: Future 🔮|Arceus-Ground|100/100
|turn|1
|c|☆the thin mints lad|glhf
|
|t:|1664813148
|move|p2a: Future 🔮|Magic Coat|p2a: Future 🔮
|-singleturn|p2a: Future 🔮|move: Magic Coat
|move|p1a: Arceus|Stealth Rock|p2a: Future 🔮
|move|p2a: Future 🔮|Stealth Rock|p1a: Arceus|[from]Magic Coat
|-sidestart|p1: the thin mints lad|move: Stealth Rock
|
|upkeep
|turn|2
|
|t:|1664813161
|move|p1a: Arceus|Stealth Rock|p2a: Future 🔮
|-sidestart|p2: Master kushagra|move: Stealth Rock
|-zpower|p2a: Future 🔮
|move|p2a: Future 🔮|Tectonic Rage|p1a: Arceus|[zeffect]
|-damage|p1a: Arceus|35/100
|
|upkeep
|turn|3
|c|☆Master kushagra|u2
|
|t:|1664813167
|move|p1a: Arceus|Recover|p1a: Arceus
|-heal|p1a: Arceus|85/100
|move|p2a: Future 🔮|Earthquake|p1a: Arceus
|-damage|p1a: Arceus|47/100
|
|upkeep
|turn|4
|
|t:|1664813177
|move|p1a: Arceus|Judgment|p2a: Future 🔮
|-damage|p2a: Future 🔮|69/100
|move|p2a: Future 🔮|Earthquake|p1a: Arceus
|-damage|p1a: Arceus|11/100
|
|upkeep
|turn|5
|
|t:|1664813181
|switch|p2a: Zacian|Zacian-Crowned, shiny|100/100
|-damage|p2a: Zacian|94/100|[from] Stealth Rock
|-ability|p2a: Zacian|Intrepid Sword|boost
|-boost|p2a: Zacian|atk|1
|move|p1a: Arceus|Recover|p1a: Arceus
|-heal|p1a: Arceus|61/100
|
|upkeep
|turn|6
|
|t:|1664813193
|move|p2a: Zacian|Behemoth Blade|p1a: Arceus
|-supereffective|p1a: Arceus
|-damage|p1a: Arceus|0 fnt
|faint|p1a: Arceus
|
|upkeep
|
|t:|1664813198
|switch|p1a: smeargle hater|Murkrow, M|100/100
|-damage|p1a: smeargle hater|76/100|[from] Stealth Rock
|turn|7
|
|t:|1664813206
|switch|p2a: Future 🔮|Arceus-Ground|69/100
|-damage|p2a: Future 🔮|63/100|[from] Stealth Rock
|move|p1a: smeargle hater|Tailwind|p1a: smeargle hater
|-sidestart|p1: the thin mints lad|move: Tailwind
|
|upkeep
|turn|8
|
|t:|1664813212
|move|p1a: smeargle hater|Foul Play|p2a: Future 🔮
|-damage|p2a: Future 🔮|25/100
|move|p2a: Future 🔮|Stone Edge|p1a: smeargle hater|[miss]
|-miss|p2a: Future 🔮|p1a: smeargle hater
|
|upkeep
|turn|9
|
|t:|1664813220
|move|p1a: smeargle hater|Foul Play|p2a: Future 🔮
|-damage|p2a: Future 🔮|0 fnt
|faint|p2a: Future 🔮
|
|upkeep
|
|t:|1664813224
|switch|p2a: Arceus|Arceus|100/100
|-damage|p2a: Arceus|88/100|[from] Stealth Rock
|turn|10
|c|☆the thin mints lad|random crow kills god
|j| Testaltv43
|c|☆the thin mints lad|kinda epic ngl
|
|t:|1664813241
|switch|p1a: 10 literal dogs|Zygarde|100/100
|-damage|p1a: 10 literal dogs|94/100|[from] Stealth Rock
|move|p2a: Arceus|Extreme Speed|p1a: 10 literal dogs
|-damage|p1a: 10 literal dogs|70/100
|-damage|p2a: Arceus|72/100|[from] item: Rocky Helmet|[of] p1a: 10 literal dogs
|
|-sideend|p1: the thin mints lad|move: Tailwind
|upkeep
|turn|11
|
|t:|1664813248
|move|p2a: Arceus|Swords Dance|p2a: Arceus
|-boost|p2a: Arceus|atk|2
|move|p1a: 10 literal dogs|Glare|p2a: Arceus
|-status|p2a: Arceus|par
|
|upkeep
|turn|12
|l| Testaltv43
|
|t:|1664813253
|move|p2a: Arceus|Extreme Speed|p1a: 10 literal dogs
|-damage|p1a: 10 literal dogs|25/100
|-damage|p2a: Arceus|55/100 par|[from] item: Rocky Helmet|[of] p1a: 10 literal dogs
|move|p1a: 10 literal dogs|Coil|p1a: 10 literal dogs
|-boost|p1a: 10 literal dogs|atk|1
|-boost|p1a: 10 literal dogs|def|1
|-boost|p1a: 10 literal dogs|accuracy|1
|
|-activate|p1a: 10 literal dogs|ability: Power Construct
|detailschange|p1a: 10 literal dogs|Zygarde-Complete
|-heal|p1a: 10 literal dogs|50/100|[silent]
|upkeep
|turn|13
|
|t:|1664813264
|move|p2a: Arceus|Extreme Speed|p1a: 10 literal dogs
|-damage|p1a: 10 literal dogs|31/100
|-damage|p2a: Arceus|39/100 par|[from] item: Rocky Helmet|[of] p1a: 10 literal dogs
|move|p1a: 10 literal dogs|Thousand Arrows|p2a: Arceus
|-damage|p2a: Arceus|5/100 par
|
|upkeep
|turn|14
|
|t:|1664813270
|cant|p2a: Arceus|par
|move|p1a: 10 literal dogs|Rest|p1a: 10 literal dogs
|-status|p1a: 10 literal dogs|slp|[from] move: Rest
|-heal|p1a: 10 literal dogs|100/100 slp|[silent]
|
|upkeep
|turn|15
|
|t:|1664813278
|cant|p1a: 10 literal dogs|slp
|cant|p2a: Arceus|par
|
|upkeep
|turn|16
|
|t:|1664813281
|cant|p1a: 10 literal dogs|slp
|move|p2a: Arceus|Shadow Claw|p1a: 10 literal dogs
|-damage|p1a: 10 literal dogs|89/100 slp
|-damage|p2a: Arceus|0 fnt|[from] item: Rocky Helmet|[of] p1a: 10 literal dogs
|faint|p2a: Arceus
|
|upkeep
|
|t:|1664813293
|switch|p2a: Rayquaza|Rayquaza|100/100
|-damage|p2a: Rayquaza|76/100|[from] Stealth Rock
|-ability|p2a: Rayquaza|Air Lock
|turn|17
|
|t:|1664813306
|detailschange|p2a: Rayquaza|Rayquaza-Mega
|-mega|p2a: Rayquaza|Rayquaza|
|-weather|DeltaStream|[from] ability: Delta Stream|[of] p2a: Rayquaza
|move|p2a: Rayquaza|Outrage|p1a: 10 literal dogs
|-supereffective|p1a: 10 literal dogs
|-damage|p1a: 10 literal dogs|44/100 slp
|-damage|p2a: Rayquaza|59/100|[from] item: Rocky Helmet|[of] p1a: 10 literal dogs
|-curestatus|p1a: 10 literal dogs|slp|[msg]
|move|p1a: 10 literal dogs|Glare|p2a: Rayquaza
|-status|p2a: Rayquaza|par
|
|-weather|DeltaStream|[upkeep]
|upkeep
|turn|18
|
|t:|1664813316
|move|p1a: 10 literal dogs|Coil|p1a: 10 literal dogs
|-boost|p1a: 10 literal dogs|atk|1
|-boost|p1a: 10 literal dogs|def|1
|-boost|p1a: 10 literal dogs|accuracy|1
|cant|p2a: Rayquaza|par
|
|-weather|DeltaStream|[upkeep]
|-start|p2a: Rayquaza|confusion|[fatigue]
|upkeep
|turn|19
|
|t:|1664813332
|move|p1a: 10 literal dogs|Coil|p1a: 10 literal dogs
|-boost|p1a: 10 literal dogs|atk|1
|-boost|p1a: 10 literal dogs|def|1
|-boost|p1a: 10 literal dogs|accuracy|1
|-activate|p2a: Rayquaza|confusion
|move|p2a: Rayquaza|Outrage|p1a: 10 literal dogs
|-supereffective|p1a: 10 literal dogs
|-crit|p1a: 10 literal dogs
|-damage|p1a: 10 literal dogs|0 fnt
|-damage|p2a: Rayquaza|43/100 par|[from] item: Rocky Helmet|[of] p1a: 10 literal dogs
|faint|p1a: 10 literal dogs
|
|-weather|DeltaStream|[upkeep]
|upkeep
|c|☆the thin mints lad|rip
|
|t:|1664813347
|switch|p1a: smeargle hater|Murkrow, M|76/100
|-damage|p1a: smeargle hater|51/100|[from] Stealth Rock
|turn|20
|
|t:|1664813351
|move|p1a: smeargle hater|Foul Play|p2a: Rayquaza
|-damage|p2a: Rayquaza|0 fnt
|faint|p2a: Rayquaza
|-weather|none
|
|upkeep
|
|t:|1664813358
|switch|p2a: Yveltal|Yveltal, shiny|100/100
|-damage|p2a: Yveltal|76/100|[from] Stealth Rock
|-ability|p2a: Yveltal|Dark Aura
|turn|21
|
|t:|1664813363
|-start|p2a: Yveltal|Dynamax|
|-heal|p2a: Yveltal|76/100|[silent]
|move|p1a: smeargle hater|Roost|p1a: smeargle hater
|-heal|p1a: smeargle hater|100/100
|-singleturn|p1a: smeargle hater|move: Roost
|move|p2a: Yveltal|Max Airstream|p1a: smeargle hater
|-damage|p1a: smeargle hater|31/100
|-boost|p2a: Yveltal|spe|1
|-damage|p2a: Yveltal|71/100|[from] item: Life Orb
|
|upkeep
|turn|22
|
|t:|1664813370
|move|p1a: smeargle hater|Roost|p1a: smeargle hater
|-heal|p1a: smeargle hater|81/100
|-singleturn|p1a: smeargle hater|move: Roost
|move|p2a: Yveltal|Max Airstream|p1a: smeargle hater
|-damage|p1a: smeargle hater|5/100
|-boost|p2a: Yveltal|spe|1
|-damage|p2a: Yveltal|66/100|[from] item: Life Orb
|
|upkeep
|turn|23
|
|t:|1664813383
|move|p1a: smeargle hater|Tailwind|p1a: smeargle hater
|-sidestart|p1: the thin mints lad|move: Tailwind
|move|p2a: Yveltal|Max Darkness|p1a: smeargle hater
|-resisted|p1a: smeargle hater
|-damage|p1a: smeargle hater|0 fnt
|faint|p1a: smeargle hater
|-damage|p2a: Yveltal|61/100|[from] item: Life Orb
|
|upkeep
|
|t:|1664813390
|switch|p1a: Eternatus|Eternatus|100/100
|-damage|p1a: Eternatus|88/100|[from] Stealth Rock
|-ability|p1a: Eternatus|Pressure
|-end|p2a: Yveltal|Dynamax
|-heal|p2a: Yveltal|61/100|[silent]
|turn|24
|
|t:|1664813394
|move|p1a: Eternatus|Dynamax Cannon|p2a: Yveltal
|-damage|p2a: Yveltal|0 fnt
|faint|p2a: Yveltal
|-damage|p1a: Eternatus|78/100|[from] item: Life Orb
|
|upkeep
|
|t:|1664813400
|switch|p2a: Zacian|Zacian-Crowned, shiny|94/100
|-damage|p2a: Zacian|88/100|[from] Stealth Rock
|-ability|p2a: Zacian|Intrepid Sword|boost
|-boost|p2a: Zacian|atk|1
|turn|25
|
|t:|1664813412
|move|p1a: Eternatus|Flamethrower|p2a: Zacian
|-supereffective|p2a: Zacian
|-damage|p2a: Zacian|3/100
|-status|p2a: Zacian|brn
|-damage|p1a: Eternatus|68/100|[from] item: Life Orb
|move|p2a: Zacian|Play Rough|p1a: Eternatus
|-damage|p1a: Eternatus|31/100
|
|-damage|p2a: Zacian|0 fnt|[from] brn
|faint|p2a: Zacian
|upkeep
|
|t:|1664813415
|switch|p2a: Calyrex|Calyrex-Shadow|100/100
|-ability|p2a: Calyrex|As One
|-ability|p2a: Calyrex|Unnerve
|-damage|p2a: Calyrex|88/100|[from] Stealth Rock
|turn|26
|
|t:|1664813422
|move|p1a: Eternatus|Dynamax Cannon|p2a: Calyrex
|-damage|p2a: Calyrex|20/100
|-damage|p1a: Eternatus|21/100|[from] item: Life Orb
|move|p2a: Calyrex|Astral Barrage|p1a: Eternatus
|-damage|p1a: Eternatus|0 fnt
|faint|p1a: Eternatus
|-ability|p2a: Calyrex|Grim Neigh|boost
|-boost|p2a: Calyrex|spa|1
|
|-sideend|p1: the thin mints lad|move: Tailwind
|upkeep
|c|☆the thin mints lad|ggs
|c|☆Master kushagra|gg
|
|t:|1664813428
|switch|p1a: Yoinker|Marshadow|100/100
|-damage|p1a: Yoinker|94/100|[from] Stealth Rock
|turn|27
|
|t:|1664813431
|move|p1a: Yoinker|Shadow Sneak|p2a: Calyrex
|-supereffective|p2a: Calyrex
|-damage|p2a: Calyrex|0 fnt
|faint|p2a: Calyrex
|
|win|the thin mints lad
|n|☆the thin mints lad|thethinmintslad
|n|☆Master kushagra|masterkushagra
