|j|☆niun
|j|☆Dragomer Ayaren
|t:|1637171837
|gametype|singles
|player|p1|niun|gentleman-gen4dp|1836
|player|p2|Dragomer Ayaren|firebreather|1864
|teamsize|p1|6
|teamsize|p2|6
|gen|8
|tier|[Gen 8] National Dex AG
|rated|
|rule|HP Percentage Mod: HP is shown in percentages
|rule|Endless Battle Clause: Forcing endless battles is banned
|clearpoke
|poke|p1|Zacian-*|
|poke|p1|Kyurem-White|
|poke|p1|Zygarde|
|poke|p1|Necrozma-Dusk-Mane|
|poke|p1|Ho-Oh|
|poke|p1|Arceus-*|
|poke|p2|Arceus-*|
|poke|p2|Deoxys-Attack|
|poke|p2|Arceus-*|
|poke|p2|Ditto|
|poke|p2|Regieleki|
|poke|p2|Yveltal|
|teampreview
|inactive|Battle timer is ON: inactive players will automatically lose when time's up. (requested by Dragomer Ayaren)
|inactive|niun also wants the timer to be on.
|
|t:|1637171847
|start
|switch|p1a: Ho-Oh|Ho-Oh|100/100
|switch|p2a: DNA|Deoxys-Attack|100/100
|-ability|p2a: DNA|Pressure
|turn|1
|
|t:|1637171855
|move|p2a: DNA|Taunt|p1a: Ho-Oh
|-start|p1a: Ho-Oh|move: Taunt
|move|p1a: Ho-Oh|Sacred Fire|p2a: DNA
|-enditem|p2a: DNA|Focus Sash
|-damage|p2a: DNA|1/100
|
|upkeep
|turn|2
|
|t:|1637171863
|move|p2a: DNA|Stealth Rock|p1a: Ho-Oh
|-sidestart|p1: niun|move: Stealth Rock
|move|p1a: Ho-Oh|Sacred Fire|p2a: DNA
|-damage|p2a: DNA|0 fnt
|faint|p2a: DNA
|
|upkeep
|
|t:|1637171869
|switch|p2a: Pássaro das Trevas|Yveltal|100/100
|-ability|p2a: Pássaro das Trevas|Dark Aura
|turn|3
|
|t:|1637171874
|-start|p2a: Pássaro das Trevas|Dynamax
|-heal|p2a: Pássaro das Trevas|100/100|[silent]
|move|p2a: Pássaro das Trevas|Max Airstream|p1a: Ho-Oh
|-damage|p1a: Ho-Oh|61/100
|-boost|p2a: Pássaro das Trevas|spe|1
|-damage|p2a: Pássaro das Trevas|96/100|[from] item: Life Orb
|move|p1a: Ho-Oh|Sacred Fire|p2a: Pássaro das Trevas
|-damage|p2a: Pássaro das Trevas|76/100
|-status|p2a: Pássaro das Trevas|brn
|
|-damage|p2a: Pássaro das Trevas|73/100 brn|[from] brn
|-end|p1a: Ho-Oh|move: Taunt
|upkeep
|turn|4
|
|t:|1637171890
|switch|p1a: Arceus|Arceus-Dark|100/100
|-damage|p1a: Arceus|88/100|[from] Stealth Rock
|move|p2a: Pássaro das Trevas|Max Darkness|p1a: Arceus
|-resisted|p1a: Arceus
|-damage|p1a: Arceus|51/100
|-unboost|p1a: Arceus|spd|1
|-damage|p2a: Pássaro das Trevas|68/100 brn|[from] item: Life Orb
|
|-damage|p2a: Pássaro das Trevas|64/100 brn|[from] brn
|upkeep
|turn|5
|
|t:|1637171902
|move|p2a: Pássaro das Trevas|Max Ooze|p1a: Arceus
|-damage|p1a: Arceus|1/100
|-boost|p2a: Pássaro das Trevas|spa|1
|-damage|p2a: Pássaro das Trevas|60/100 brn|[from] item: Life Orb
|move|p1a: Arceus|Recover|p1a: Arceus
|-heal|p1a: Arceus|51/100
|
|-damage|p2a: Pássaro das Trevas|56/100 brn|[from] brn
|-end|p2a: Pássaro das Trevas|Dynamax
|-heal|p2a: Pássaro das Trevas|56/100 brn|[silent]
|upkeep
|turn|6
|
|t:|1637171917
|move|p2a: Pássaro das Trevas|Oblivion Wing|p1a: Arceus
|-damage|p1a: Arceus|0 fnt
|-heal|p2a: Pássaro das Trevas|98/100 brn|[from] drain|[of] p1a: Arceus
|faint|p1a: Arceus
|-damage|p2a: Pássaro das Trevas|88/100 brn|[from] item: Life Orb
|
|-damage|p2a: Pássaro das Trevas|82/100 brn|[from] brn
|upkeep
|
|t:|1637171926
|switch|p1a: Zacian|Zacian-Crowned|100/100
|-damage|p1a: Zacian|95/100|[from] Stealth Rock
|-ability|p1a: Zacian|Intrepid Sword|boost
|-boost|p1a: Zacian|atk|1
|turn|7
|
|t:|1637171931
|move|p2a: Pássaro das Trevas|Heat Wave|p1a: Zacian|[miss]
|-miss|p2a: Pássaro das Trevas|p1a: Zacian
|move|p1a: Zacian|Behemoth Blade|p2a: Pássaro das Trevas
|-damage|p2a: Pássaro das Trevas|0 fnt
|faint|p2a: Pássaro das Trevas
|
|upkeep
|
|t:|1637171938
|switch|p2a: Titã|Arceus-Ground|100/100
|turn|8
|
|t:|1637171950
|switch|p1a: Ho-Oh|Ho-Oh|94/100
|move|p2a: Titã|Roar|p1a: Ho-Oh
|drag|p1a: Zygarde|Zygarde|100/100
|-damage|p1a: Zygarde|94/100|[from] Stealth Rock
|
|-heal|p1a: Zygarde|100/100|[from] item: Leftovers
|upkeep
|turn|9
|
|t:|1637171959
|switch|p1a: Ho-Oh|Ho-Oh|100/100
|move|p2a: Titã|Ice Beam|p1a: Ho-Oh
|-damage|p1a: Ho-Oh|85/100
|
|upkeep
|turn|10
|
|t:|1637171971
|switch|p2a: Raios e Trovões|Regieleki|100/100
|move|p1a: Ho-Oh|Defog|p2a: Raios e Trovões
|-unboost|p2a: Raios e Trovões|evasion|1
|-sideend|p1: niun|Stealth Rock|[from] move: Defog|[of] p1a: Ho-Oh
|
|upkeep
|turn|11
|l|☆Dragomer Ayaren
|inactive|Dragomer Ayaren disconnected and has a minute to reconnect!
|player|p2|
|j|☆Dragomer Ayaren
|inactive|Dragomer Ayaren reconnected and has 115 seconds left.
|player|p2|Dragomer Ayaren|firebreather
|
|t:|1637172014
|switch|p2a: Titã|Arceus-Ground|100/100
|switch|p1a: Zygarde|Zygarde|100/100
|
|upkeep
|turn|12
|
|t:|1637172021
|switch|p1a: Ho-Oh|Ho-Oh|100/100
|move|p2a: Titã|Stealth Rock|p1a: Ho-Oh
|-sidestart|p1: niun|move: Stealth Rock
|
|upkeep
|turn|13
|inactive|Dragomer Ayaren has 120 seconds left.
|
|t:|1637172028
|move|p1a: Ho-Oh|Toxic|p2a: Titã|[miss]
|-miss|p1a: Ho-Oh|p2a: Titã
|move|p2a: Titã|Roar|p1a: Ho-Oh
|drag|p1a: Necrozma|Necrozma-Dusk-Mane|100/100
|-damage|p1a: Necrozma|94/100|[from] Stealth Rock
|
|upkeep
|turn|14
|inactive|Dragomer Ayaren has 120 seconds left.
|l|☆Dragomer Ayaren
|inactive|Dragomer Ayaren disconnected and has a minute to reconnect!
|player|p2|
|j|☆Dragomer Ayaren
|inactive|Dragomer Ayaren reconnected and has 90 seconds left.
|player|p2|Dragomer Ayaren|firebreather
|
|t:|1637172076
|switch|p2a: Raios e Trovões|Regieleki|100/100
|switch|p1a: Ho-Oh|Ho-Oh|100/100
|
|upkeep
|turn|15
|inactive|Dragomer Ayaren has 90 seconds left.
|
|t:|1637172084
|switch|p2a: Deus|Arceus, shiny|100/100
|switch|p1a: Zygarde|Zygarde|100/100
|-damage|p1a: Zygarde|94/100|[from] Stealth Rock
|
|-heal|p1a: Zygarde|100/100|[from] item: Leftovers
|upkeep
|turn|16
|
|t:|1637172092
|move|p2a: Deus|Swords Dance|p2a: Deus
|-boost|p2a: Deus|atk|2
|move|p1a: Zygarde|Glare|p2a: Deus
|-status|p2a: Deus|par
|
|upkeep
|turn|17
|
|t:|1637172098
|move|p1a: Zygarde|Haze|p1a: Zygarde
|-clearallboost
|move|p2a: Deus|Swords Dance|p2a: Deus
|-boost|p2a: Deus|atk|2
|
|upkeep
|turn|18
|
|t:|1637172103
|move|p2a: Deus|Extreme Speed|p1a: Zygarde
|-damage|p1a: Zygarde|20/100
|-damage|p2a: Deus|91/100 par|[from] item: Life Orb
|move|p1a: Zygarde|Haze|p1a: Zygarde
|-clearallboost
|
|-heal|p1a: Zygarde|26/100|[from] item: Leftovers
|-activate|p1a: Zygarde|ability: Power Construct
|detailschange|p1a: Zygarde|Zygarde-Complete
|-heal|p1a: Zygarde|51/100|[silent]
|upkeep
|turn|19
|
|t:|1637172123
|switch|p1a: Necrozma|Necrozma-Dusk-Mane|94/100
|-damage|p1a: Necrozma|88/100|[from] Stealth Rock
|move|p2a: Deus|Swords Dance|p2a: Deus
|-boost|p2a: Deus|atk|2
|
|upkeep
|turn|20
|
|t:|1637172133
|-start|p1a: Necrozma|Dynamax
|-heal|p1a: Necrozma|88/100|[silent]
|move|p1a: Necrozma|Max Steelspike|p2a: Deus
|-damage|p2a: Deus|38/100 par
|-boost|p1a: Necrozma|def|1
|move|p2a: Deus|Earthquake|p1a: Necrozma
|-supereffective|p1a: Necrozma
|-damage|p1a: Necrozma|64/100
|-damage|p2a: Deus|28/100 par|[from] item: Life Orb
|
|upkeep
|turn|21
|
|t:|1637172144
|move|p1a: Necrozma|Max Steelspike|p2a: Deus
|-crit|p2a: Deus
|-damage|p2a: Deus|0 fnt
|-boost|p1a: Necrozma|def|1
|faint|p2a: Deus
|
|upkeep
|
|t:|1637172153
|switch|p2a: Titã|Arceus-Ground|100/100
|turn|22
|
|t:|1637172159
|-end|p1a: Necrozma|Dynamax
|-heal|p1a: Necrozma|64/100|[silent]
|switch|p1a: Ho-Oh|Ho-Oh|100/100
|move|p2a: Titã|Roar|p1a: Ho-Oh
|drag|p1a: Necrozma|Necrozma-Dusk-Mane|64/100
|-damage|p1a: Necrozma|58/100|[from] Stealth Rock
|
|upkeep
|turn|23
|inactive|Dragomer Ayaren has 120 seconds left.
|
|t:|1637172169
|switch|p1a: Ho-Oh|Ho-Oh|100/100
|move|p2a: Titã|Roar|p1a: Ho-Oh
|drag|p1a: Kyurem|Kyurem-White|100/100
|-damage|p1a: Kyurem|76/100|[from] Stealth Rock
|-ability|p1a: Kyurem|Turboblaze
|
|upkeep
|turn|24
|
|t:|1637172177
|-zpower|p2a: Titã
|move|p2a: Titã|Tectonic Rage|p1a: Kyurem|[zeffect]
|-crit|p1a: Kyurem
|-damage|p1a: Kyurem|0 fnt
|faint|p1a: Kyurem
|
|upkeep
|
|t:|1637172184
|switch|p1a: Ho-Oh|Ho-Oh|100/100
|turn|25
|
|t:|1637172190
|move|p2a: Titã|Stealth Rock||[still]
|-fail|p2a: Titã
|move|p1a: Ho-Oh|Defog|p2a: Titã
|-unboost|p2a: Titã|evasion|1
|-sideend|p1: niun|Stealth Rock|[from] move: Defog|[of] p1a: Ho-Oh
|
|upkeep
|turn|26
|
|t:|1637172196
|move|p2a: Titã|Stealth Rock|p1a: Ho-Oh
|-sidestart|p1: niun|move: Stealth Rock
|move|p1a: Ho-Oh|Toxic|p2a: Titã
|-status|p2a: Titã|tox
|
|-damage|p2a: Titã|94/100 tox|[from] psn
|upkeep
|turn|27
|
|t:|1637172208
|switch|p2a: Raios e Trovões|Regieleki|100/100
|move|p1a: Ho-Oh|Defog|p2a: Raios e Trovões
|-unboost|p2a: Raios e Trovões|evasion|1
|-sideend|p1: niun|Stealth Rock|[from] move: Defog|[of] p1a: Ho-Oh
|
|upkeep
|turn|28
|
|t:|1637172215
|switch|p2a: Titã|Arceus-Ground|94/100 tox
|switch|p1a: Zygarde|Zygarde-Complete|51/100
|
|-heal|p1a: Zygarde|58/100|[from] item: Leftovers
|-damage|p2a: Titã|88/100 tox|[from] psn
|upkeep
|turn|29
|
|t:|1637172223
|switch|p2a: Raios e Trovões|Regieleki|100/100
|switch|p1a: Ho-Oh|Ho-Oh|100/100
|
|upkeep
|turn|30
|
|t:|1637172229
|switch|p2a: Titã|Arceus-Ground|88/100 tox
|switch|p1a: Zygarde|Zygarde-Complete|58/100
|
|-heal|p1a: Zygarde|64/100|[from] item: Leftovers
|-damage|p2a: Titã|82/100 tox|[from] psn
|upkeep
|turn|31
|
|t:|1637172239
|switch|p1a: Ho-Oh|Ho-Oh|100/100
|move|p2a: Titã|Stealth Rock|p1a: Ho-Oh
|-sidestart|p1: niun|move: Stealth Rock
|
|-damage|p2a: Titã|70/100 tox|[from] psn
|upkeep
|turn|32
|
|t:|1637172246
|move|p2a: Titã|Ice Beam|p1a: Ho-Oh
|-damage|p1a: Ho-Oh|86/100
|move|p1a: Ho-Oh|Defog|p2a: Titã
|-unboost|p2a: Titã|evasion|1
|-sideend|p1: niun|Stealth Rock|[from] move: Defog|[of] p1a: Ho-Oh
|
|-damage|p2a: Titã|52/100 tox|[from] psn
|upkeep
|turn|33
|
|t:|1637172255
|move|p2a: Titã|Ice Beam|p1a: Ho-Oh
|-damage|p1a: Ho-Oh|71/100
|move|p1a: Ho-Oh|Toxic|p2a: Titã
|-fail|p2a: Titã|tox
|
|-damage|p2a: Titã|28/100 tox|[from] psn
|upkeep
|turn|34
|
|t:|1637172264
|move|p2a: Titã|Ice Beam|p1a: Ho-Oh
|-damage|p1a: Ho-Oh|57/100
|-status|p1a: Ho-Oh|frz
|-curestatus|p1a: Ho-Oh|frz|[from] move: Sacred Fire
|move|p1a: Ho-Oh|Sacred Fire|p2a: Titã
|-damage|p2a: Titã|0 fnt
|faint|p2a: Titã
|
|upkeep
|
|t:|1637172291
|switch|p2a: Raios e Trovões|Regieleki|100/100
|turn|35
|
|t:|1637172294
|switch|p1a: Zygarde|Zygarde-Complete|64/100
|move|p2a: Raios e Trovões|Ancient Power|p1a: Zygarde
|-resisted|p1a: Zygarde
|-damage|p1a: Zygarde|56/100
|
|-heal|p1a: Zygarde|62/100|[from] item: Leftovers
|upkeep
|turn|36
|j| liptonic
|
|t:|1637172302
|switch|p2a: Slime|Ditto, shiny|100/100
|-transform|p2a: Slime|p1a: Zygarde|[from] ability: Imposter
|move|p1a: Zygarde|Thousand Arrows|p2a: Slime
|-damage|p2a: Slime|65/100
|
|-heal|p1a: Zygarde|68/100|[from] item: Leftovers
|upkeep
|turn|37
|
|t:|1637172312
|switch|p1a: Necrozma|Necrozma-Dusk-Mane|58/100
|move|p2a: Slime|Glare|p1a: Necrozma
|-status|p1a: Necrozma|par
|
|upkeep
|turn|38
|
|t:|1637172318
|switch|p2a: Raios e Trovões|Regieleki|100/100
|move|p1a: Necrozma|Stealth Rock|p2a: Raios e Trovões
|-sidestart|p2: Dragomer Ayaren|move: Stealth Rock
|
|upkeep
|turn|39
|
|t:|1637172323
|switch|p1a: Zygarde|Zygarde-Complete|68/100
|move|p2a: Raios e Trovões|Thunderbolt|p1a: Zygarde
|-immune|p1a: Zygarde
|
|-heal|p1a: Zygarde|74/100|[from] item: Leftovers
|upkeep
|turn|40
|
|t:|1637172330
|switch|p2a: Slime|Ditto, shiny|65/100
|-damage|p2a: Slime|53/100|[from] Stealth Rock
|-transform|p2a: Slime|p1a: Zygarde|[from] ability: Imposter
|move|p1a: Zygarde|Substitute|p1a: Zygarde
|-start|p1a: Zygarde|Substitute
|-damage|p1a: Zygarde|49/100
|
|-heal|p1a: Zygarde|56/100|[from] item: Leftovers
|upkeep
|turn|41
|
|t:|1637172340
|move|p2a: Slime|Thousand Arrows|p1a: Zygarde
|-activate|p1a: Zygarde|move: Substitute|[damage]
|move|p1a: Zygarde|Glare|p2a: Slime
|-status|p2a: Slime|par
|
|-heal|p1a: Zygarde|62/100|[from] item: Leftovers
|upkeep
|turn|42
|
|t:|1637172348
|move|p1a: Zygarde|Thousand Arrows|p2a: Slime
|-damage|p2a: Slime|17/100 par
|move|p2a: Slime|Thousand Arrows|p1a: Zygarde
|-end|p1a: Zygarde|Substitute
|
|-heal|p1a: Zygarde|68/100|[from] item: Leftovers
|upkeep
|turn|43
|
|t:|1637172356
|move|p1a: Zygarde|Thousand Arrows|p2a: Slime
|-damage|p2a: Slime|0 fnt
|faint|p2a: Slime
|
|-heal|p1a: Zygarde|74/100|[from] item: Leftovers
|upkeep
|
|t:|1637172362
|switch|p2a: Raios e Trovões|Regieleki|100/100
|-damage|p2a: Raios e Trovões|88/100|[from] Stealth Rock
|turn|44
|
|t:|1637172367
|move|p2a: Raios e Trovões|Ancient Power|p1a: Zygarde
|-resisted|p1a: Zygarde
|-damage|p1a: Zygarde|66/100
|move|p1a: Zygarde|Thousand Arrows|p2a: Raios e Trovões
|-supereffective|p2a: Raios e Trovões
|-damage|p2a: Raios e Trovões|0 fnt
|faint|p2a: Raios e Trovões
|
|win|niun
|raw|niun's rating: 1836 &rarr; <strong>1858</strong><br />(+22 for winning)
|raw|Dragomer Ayaren's rating: 1864 &rarr; <strong>1842</strong><br />(-22 for losing)
|l|☆niun
