|j|☆Delta780
|j|☆moyv123
|t:|1668487261
|gametype|singles
|player|p1|Delta780|rosa|1875
|player|p2|moyv123|266|1811
|teamsize|p1|6
|teamsize|p2|6
|gen|8
|tier|[Gen 8] National Dex AG
|rated|
|rule|HP Percentage Mod: HP is shown in percentages
|rule|Endless Battle Clause: Forcing endless battles is banned
|clearpoke
|poke|p1|Rayquaza|
|poke|p1|Calyrex-Shadow|
|poke|p1|Yveltal|
|poke|p1|Arceus-*|
|poke|p1|Arceus-*|
|poke|p1|Ditto|
|poke|p2|Zacian-*|
|poke|p2|Kyogre|
|poke|p2|Rayquaza|
|poke|p2|Marshadow|
|poke|p2|Ditto|
|poke|p2|Arceus-*|
|teampreview
|j| Sansfield the 2nd
|c|☆Delta780|额
|
|t:|1668487301
|start
|switch|p1a: Arceus|Arceus-Ground|100/100
|switch|p2a: Kyogre|Kyogre|100/100
|detailschange|p2a: Kyogre|Kyogre-Primal
|-primal|p2a: Kyogre
|-weather|PrimordialSea|[from] ability: Primordial Sea|[of] p2a: Kyogre
|turn|1
|
|t:|1668487314
|switch|p1a: Rayquaza|Rayquaza|100/100
|-ability|p1a: Rayquaza|Air Lock
|move|p2a: Kyogre|Scald|p1a: Rayquaza
|-resisted|p1a: Rayquaza
|-damage|p1a: Rayquaza|75/100
|-status|p1a: Rayquaza|brn
|
|-weather|PrimordialSea|[upkeep]
|-damage|p1a: Rayquaza|69/100 brn|[from] brn
|upkeep
|turn|2
|
|t:|1668487326
|detailschange|p1a: Rayquaza|Rayquaza-Mega
|-mega|p1a: Rayquaza|Rayquaza|
|-weather|DeltaStream|[from] ability: Delta Stream|[of] p1a: Rayquaza
|move|p1a: Rayquaza|Swords Dance|p1a: Rayquaza
|-boost|p1a: Rayquaza|atk|2
|move|p2a: Kyogre|Ice Beam|p1a: Rayquaza
|-activate||deltastream
|-supereffective|p1a: Rayquaza
|-damage|p1a: Rayquaza|0 fnt
|faint|p1a: Rayquaza
|-weather|none
|
|upkeep
|
|t:|1668487337
|switch|p1a: Arceus|Arceus-Electric|100/100
|turn|3
|
|t:|1668487345
|switch|p2a: Arceus|Arceus-Electric|100/100
|move|p1a: Arceus|Stealth Rock|p2a: Arceus
|-sidestart|p2: moyv123|move: Stealth Rock
|
|upkeep
|turn|4
|
|t:|1668487354
|switch|p1a: Calyrex|Calyrex-Shadow|100/100
|-ability|p1a: Calyrex|As One
|-ability|p1a: Calyrex|Unnerve
|move|p2a: Arceus|Stealth Rock|p1a: Calyrex
|-sidestart|p1: Delta780|move: Stealth Rock
|
|upkeep
|turn|5
|
|t:|1668487373
|-start|p2a: Arceus|Dynamax|
|-heal|p2a: Arceus|100/100|[silent]
|move|p1a: Calyrex|Nasty Plot|p1a: Calyrex
|-boost|p1a: Calyrex|spa|2
|move|p2a: Arceus|Max Quake|p1a: Calyrex
|-crit|p1a: Calyrex
|-damage|p1a: Calyrex|39/100
|-boost|p2a: Arceus|spd|1
|
|upkeep
|turn|6
|
|t:|1668487388
|move|p1a: Calyrex|Astral Barrage|p2a: Arceus
|-damage|p2a: Arceus|65/100
|move|p2a: Arceus|Max Lightning|p1a: Calyrex
|-crit|p1a: Calyrex
|-damage|p1a: Calyrex|0 fnt
|-fieldstart|move: Electric Terrain
|faint|p1a: Calyrex
|
|upkeep
|
|t:|1668487394
|switch|p1a: Arceus|Arceus-Ground|100/100
|-damage|p1a: Arceus|94/100|[from] Stealth Rock
|turn|7
|
|t:|1668487403
|move|p1a: Arceus|Swords Dance|p1a: Arceus
|-boost|p1a: Arceus|atk|2
|move|p2a: Arceus|Max Hailstorm|p1a: Arceus
|-supereffective|p1a: Arceus
|-damage|p1a: Arceus|30/100
|-weather|Hail
|
|-weather|Hail|[upkeep]
|-damage|p1a: Arceus|24/100|[from] Hail
|-damage|p2a: Arceus|62/100|[from] Hail
|upkeep
|-end|p2a: Arceus|Dynamax
|-heal|p2a: Arceus|62/100|[silent]
|turn|8
|
|t:|1668487435
|move|p2a: Arceus|Ice Beam|p1a: Arceus
|-supereffective|p1a: Arceus
|-damage|p1a: Arceus|0 fnt
|faint|p1a: Arceus
|
|-weather|Hail|[upkeep]
|-damage|p2a: Arceus|56/100|[from] Hail
|upkeep
|
|t:|1668487450
|switch|p1a: Arceus|Arceus-Electric|100/100
|-damage|p1a: Arceus|88/100|[from] Stealth Rock
|turn|9
|
|t:|1668487455
|move|p2a: Arceus|Earth Power|p1a: Arceus
|-supereffective|p1a: Arceus
|-crit|p1a: Arceus
|-damage|p1a: Arceus|27/100
|move|p1a: Arceus|Judgment|p2a: Arceus
|-resisted|p2a: Arceus
|-damage|p2a: Arceus|40/100
|
|-weather|Hail|[upkeep]
|-damage|p2a: Arceus|34/100|[from] Hail
|-damage|p1a: Arceus|21/100|[from] Hail
|upkeep
|turn|10
|
|t:|1668487466
|move|p2a: Arceus|Earth Power|p1a: Arceus
|-supereffective|p1a: Arceus
|-damage|p1a: Arceus|0 fnt
|faint|p1a: Arceus
|
|-weather|Hail|[upkeep]
|-damage|p2a: Arceus|28/100|[from] Hail
|-fieldend|move: Electric Terrain
|upkeep
|
|t:|1668487468
|switch|p1a: Ditto|Ditto|100/100
|-damage|p1a: Ditto|88/100|[from] Stealth Rock
|-transform|p1a: Ditto|p2a: Arceus|[from] ability: Imposter
|turn|11
|
|t:|1668487488
|move|p1a: Ditto|Ice Beam|p2a: Arceus
|-damage|p2a: Arceus|13/100
|move|p2a: Arceus|Earth Power|p1a: Ditto
|-supereffective|p1a: Ditto
|-damage|p1a: Ditto|49/100
|
|-weather|none
|upkeep
|turn|12
|
|t:|1668487501
|move|p1a: Ditto|Ice Beam|p2a: Arceus
|-damage|p2a: Arceus|0 fnt
|faint|p2a: Arceus
|
|upkeep
|
|t:|1668487514
|switch|p2a: Zacian|Zacian-Crowned|100/100
|-damage|p2a: Zacian|94/100|[from] Stealth Rock
|-ability|p2a: Zacian|Intrepid Sword|boost
|-boost|p2a: Zacian|atk|1
|turn|13
|
|t:|1668487522
|switch|p1a: Yveltal|Yveltal|100/100
|-damage|p1a: Yveltal|76/100|[from] Stealth Rock
|-ability|p1a: Yveltal|Dark Aura
|move|p2a: Zacian|Substitute|p2a: Zacian
|-start|p2a: Zacian|Substitute
|-damage|p2a: Zacian|69/100
|
|upkeep
|turn|14
|
|t:|1668487532
|-start|p1a: Yveltal|Dynamax|
|-heal|p1a: Yveltal|76/100|[silent]
|move|p2a: Zacian|Behemoth Blade|p1a: Yveltal
|-damage|p1a: Yveltal|0 fnt
|faint|p1a: Yveltal
|
|upkeep
|-message|Delta780 forfeited.
|
|win|moyv123
|raw|Delta780's rating: 1875 &rarr; <strong>1851</strong><br />(-24 for losing)
|raw|moyv123's rating: 1811 &rarr; <strong>1835</strong><br />(+24 for winning)
|l|☆Delta780
||Ladder isn't responding, score probably updated but might not have (Request timeout).
|l| Sansfield the 2nd
