|j|☆OhLooord
|j|☆FenixFyre04
|t:|1664409673
|gametype|singles
|player|p1|OhLooord|lucas|1915
|player|p2|FenixFyre04|benga|1991
|teamsize|p1|6
|teamsize|p2|6
|gen|8
|tier|[Gen 8] National Dex AG
|rated|
|rule|HP Percentage Mod: HP is shown in percentages
|rule|Endless Battle Clause: Forcing endless battles is banned
|clearpoke
|poke|p1|Groudon|
|poke|p1|Rayquaza|
|poke|p1|Zygarde|
|poke|p1|Calyrex-Shadow|
|poke|p1|Arceus-*|
|poke|p1|Arceus-*|
|poke|p2|Tyranitar, M|
|poke|p2|Ho-Oh|
|poke|p2|Zacian-*|
|poke|p2|Necrozma-Dusk-Mane|
|poke|p2|Rayquaza|
|poke|p2|Calyrex-Shadow|
|teampreview
|inactive|Battle timer is ON: inactive players will automatically lose when time's up. (requested by FenixFyre04)
|
|t:|1664409693
|start
|switch|p1a: the gwoat|Rayquaza|100/100
|switch|p2a: Rayquaza|Rayquaza|100/100
|-ability|p2a: Rayquaza|Air Lock
|-ability|p1a: the gwoat|Air Lock
|turn|1
|
|t:|1664409698
|switch|p2a: Necrozma|Necrozma-Dusk-Mane|100/100
|detailschange|p1a: the gwoat|Rayquaza-Mega
|-mega|p1a: the gwoat|Rayquaza|
|-weather|DeltaStream|[from] ability: Delta Stream|[of] p1a: the gwoat
|move|p1a: the gwoat|Scale Shot|p2a: Necrozma
|-resisted|p2a: Necrozma
|-damage|p2a: Necrozma|95/100
|-resisted|p2a: Necrozma
|-damage|p2a: Necrozma|88/100
|-hitcount|p2a: Necrozma|2
|-unboost|p1a: the gwoat|def|1
|-boost|p1a: the gwoat|spe|1
|-damage|p1a: the gwoat|91/100|[from] item: Life Orb
|
|-weather|DeltaStream|[upkeep]
|upkeep
|turn|2
|inactive|FenixFyre04 has 120 seconds left.
|
|t:|1664409730
|-weather|none
|switch|p1a: the goat|Zygarde, shiny|100/100
|move|p2a: Necrozma|Sunsteel Strike|p1a: the goat
|-damage|p1a: the goat|75/100
|
|-heal|p1a: the goat|82/100|[from] item: Leftovers
|upkeep
|turn|3
|
|t:|1664409736
|switch|p2a: Ho-Oh|Ho-Oh, shiny|100/100
|move|p1a: the goat|Substitute|p1a: the goat
|-start|p1a: the goat|Substitute
|-damage|p1a: the goat|57/100
|
|-heal|p1a: the goat|63/100|[from] item: Leftovers
|upkeep
|turn|4
|
|t:|1664409738
|move|p1a: the goat|Glare|p2a: Ho-Oh
|-status|p2a: Ho-Oh|par
|move|p2a: Ho-Oh|Whirlwind|p1a: the goat
|drag|p1a: Arceus|Arceus-Fairy|100/100
|
|upkeep
|turn|5
|
|t:|1664409746
|move|p1a: Arceus|Perish Song|p1a: Arceus
|-start|p1a: Arceus|perish3|[silent]
|-start|p2a: Ho-Oh|perish3|[silent]
|-fieldactivate|move: Perish Song
|move|p2a: Ho-Oh|Toxic|p1a: Arceus
|-status|p1a: Arceus|tox
|
|-damage|p1a: Arceus|94/100 tox|[from] psn
|-start|p1a: Arceus|perish3
|-start|p2a: Ho-Oh|perish3
|upkeep
|turn|6
|
|t:|1664409760
|switch|p1a: Pyra|Groudon|100/100
|detailschange|p1a: Pyra|Groudon-Primal
|-primal|p1a: Pyra
|-weather|DesolateLand|[from] ability: Desolate Land|[of] p1a: Pyra
|switch|p2a: Necrozma|Necrozma-Dusk-Mane|88/100
|
|-weather|DesolateLand|[upkeep]
|upkeep
|turn|7
|
|t:|1664409764
|move|p1a: Pyra|Thunder Wave|p2a: Necrozma
|-status|p2a: Necrozma|par
|cant|p2a: Necrozma|par
|
|-weather|DesolateLand|[upkeep]
|upkeep
|turn|8
|
|t:|1664409768
|move|p1a: Pyra|Precipice Blades|p2a: Necrozma
|-supereffective|p2a: Necrozma
|-damage|p2a: Necrozma|36/100 par
|move|p2a: Necrozma|Stealth Rock|p1a: Pyra
|-sidestart|p1: OhLooord|move: Stealth Rock
|
|-weather|DesolateLand|[upkeep]
|upkeep
|turn|9
|
|t:|1664409775
|move|p1a: Pyra|Stealth Rock|p2a: Necrozma
|-sidestart|p2: FenixFyre04|move: Stealth Rock
|move|p2a: Necrozma|Sunsteel Strike|p1a: Pyra
|-resisted|p1a: Pyra
|-damage|p1a: Pyra|89/100
|
|-weather|DesolateLand|[upkeep]
|upkeep
|turn|10
|
|t:|1664409777
|move|p1a: Pyra|Precipice Blades|p2a: Necrozma
|-supereffective|p2a: Necrozma
|-damage|p2a: Necrozma|0 fnt
|faint|p2a: Necrozma
|
|-weather|DesolateLand|[upkeep]
|upkeep
|
|t:|1664409781
|switch|p2a: Rayquaza|Rayquaza|100/100
|-damage|p2a: Rayquaza|76/100|[from] Stealth Rock
|-ability|p2a: Rayquaza|Air Lock
|turn|11
|
|t:|1664409790
|detailschange|p2a: Rayquaza|Rayquaza-Mega
|-mega|p2a: Rayquaza|Rayquaza|
|-weather|DeltaStream|[from] ability: Delta Stream|[of] p2a: Rayquaza
|move|p2a: Rayquaza|Waterfall|p1a: Pyra
|-supereffective|p1a: Pyra
|-damage|p1a: Pyra|0 fnt
|faint|p1a: Pyra
|
|-weather|DeltaStream|[upkeep]
|upkeep
|
|t:|1664409794
|switch|p1a: the gwoat|Rayquaza-Mega|91/100
|-damage|p1a: the gwoat|66/100|[from] Stealth Rock
|turn|12
|
|t:|1664409804
|switch|p2a: Zacian|Zacian-Crowned|100/100
|-damage|p2a: Zacian|94/100|[from] Stealth Rock
|-ability|p2a: Zacian|Intrepid Sword|boost
|-boost|p2a: Zacian|atk|1
|move|p1a: the gwoat|Earthquake|p2a: Zacian
|-supereffective|p2a: Zacian
|-damage|p2a: Zacian|0 fnt
|faint|p2a: Zacian
|-damage|p1a: the gwoat|56/100|[from] item: Life Orb
|
|-weather|DeltaStream|[upkeep]
|upkeep
|c|☆OhLooord|im that guy
|
|t:|1664409807
|switch|p2a: Calyrex|Calyrex-Shadow|100/100
|-ability|p2a: Calyrex|As One
|-ability|p2a: Calyrex|Unnerve
|-damage|p2a: Calyrex|88/100|[from] Stealth Rock
|turn|13
|
|t:|1664409814
|-weather|none
|switch|p1a: Arceus|Arceus|100/100
|-damage|p1a: Arceus|88/100|[from] Stealth Rock
|move|p2a: Calyrex|Astral Barrage|p1a: Arceus
|-immune|p1a: Arceus
|
|upkeep
|turn|14
|
|t:|1664409819
|switch|p2a: Ho-Oh|Ho-Oh, shiny|100/100 par
|move|p1a: Arceus|Swords Dance|p1a: Arceus
|-boost|p1a: Arceus|atk|2
|
|upkeep
|turn|15
|
|t:|1664409825
|-start|p1a: Arceus|Dynamax|
|-heal|p1a: Arceus|88/100|[silent]
|move|p1a: Arceus|Max Strike|p2a: Ho-Oh
|-damage|p2a: Ho-Oh|7/100 par
|-unboost|p2a: Ho-Oh|spe|1
|move|p2a: Ho-Oh|Whirlwind|p1a: Arceus
|-block|p1a: Arceus|Dynamax
|
|upkeep
|turn|16
|
|t:|1664409832
|move|p1a: Arceus|Max Phantasm|p2a: Ho-Oh
|-damage|p2a: Ho-Oh|0 fnt
|faint|p2a: Ho-Oh
|
|upkeep
|j| electr0lytes
|
|t:|1664409847
|switch|p2a: Tyranitar|Tyranitar, M, shiny|100/100
|-damage|p2a: Tyranitar|88/100|[from] Stealth Rock
|-weather|Sandstorm|[from] ability: Sand Stream|[of] p2a: Tyranitar
|turn|17
|
|t:|1664409859
|-start|p2a: Tyranitar|Dynamax|
|-heal|p2a: Tyranitar|88/100|[silent]
|move|p2a: Tyranitar|Max Guard|p2a: Tyranitar
|-singleturn|p2a: Tyranitar|Max Guard
|move|p1a: Arceus|Max Strike|p2a: Tyranitar
|-activate|p2a: Tyranitar|move: Max Guard
|
|-weather|Sandstorm|[upkeep]
|-damage|p1a: Arceus|85/100|[from] Sandstorm
|-heal|p2a: Tyranitar|91/100|[from] item: Leftovers
|upkeep
|-end|p1a: Arceus|Dynamax
|-heal|p1a: Arceus|85/100|[silent]
|turn|18
|
|t:|1664409863
|move|p1a: Arceus|Swords Dance|p1a: Arceus
|-boost|p1a: Arceus|atk|2
|move|p2a: Tyranitar|Max Rockfall|p1a: Arceus
|-damage|p1a: Arceus|54/100
|
|-weather|Sandstorm|[upkeep]
|-damage|p1a: Arceus|48/100|[from] Sandstorm
|-heal|p2a: Tyranitar|94/100|[from] item: Leftovers
|upkeep
|turn|19
|
|t:|1664409865
|move|p1a: Arceus|Recover|p1a: Arceus
|-heal|p1a: Arceus|98/100
|move|p2a: Tyranitar|Max Rockfall|p1a: Arceus
|-damage|p1a: Arceus|64/100
|
|-weather|Sandstorm|[upkeep]
|-damage|p1a: Arceus|58/100|[from] Sandstorm
|-heal|p2a: Tyranitar|97/100|[from] item: Leftovers
|upkeep
|-end|p2a: Tyranitar|Dynamax
|-heal|p2a: Tyranitar|98/100|[silent]
|turn|20
|
|t:|1664409869
|move|p1a: Arceus|Recover|p1a: Arceus
|-heal|p1a: Arceus|100/100
|move|p2a: Tyranitar|Thunder Wave|p1a: Arceus
|-status|p1a: Arceus|par
|-enditem|p1a: Arceus|Lum Berry|[eat]
|-curestatus|p1a: Arceus|par|[msg]
|
|-weather|Sandstorm|[upkeep]
|-damage|p1a: Arceus|94/100|[from] Sandstorm
|-heal|p2a: Tyranitar|100/100|[from] item: Leftovers
|upkeep
|turn|21
|
|t:|1664409874
|move|p1a: Arceus|Extreme Speed|p2a: Tyranitar
|-resisted|p2a: Tyranitar
|-damage|p2a: Tyranitar|48/100
|move|p2a: Tyranitar|Thunder Wave|p1a: Arceus|[miss]
|-miss|p2a: Tyranitar|p1a: Arceus
|
|-weather|none
|-heal|p2a: Tyranitar|54/100|[from] item: Leftovers
|upkeep
|turn|22
|
|t:|1664409880
|move|p1a: Arceus|Extreme Speed|p2a: Tyranitar
|-resisted|p2a: Tyranitar
|-damage|p2a: Tyranitar|0 fnt
|faint|p2a: Tyranitar
|
|upkeep
|
|t:|1664409893
|switch|p2a: Rayquaza|Rayquaza-Mega|76/100
|-damage|p2a: Rayquaza|51/100|[from] Stealth Rock
|-weather|DeltaStream|[from] ability: Delta Stream|[of] p2a: Rayquaza
|turn|23
|
|t:|1664409896
|move|p2a: Rayquaza|Extreme Speed|p1a: Arceus
|-damage|p1a: Arceus|58/100
|move|p1a: Arceus|Extreme Speed|p2a: Rayquaza
|-damage|p2a: Rayquaza|0 fnt
|faint|p2a: Rayquaza
|-weather|none
|
|upkeep
|
|t:|1664409899
|switch|p2a: Calyrex|Calyrex-Shadow|88/100
|-ability|p2a: Calyrex|As One
|-ability|p2a: Calyrex|Unnerve
|-damage|p2a: Calyrex|76/100|[from] Stealth Rock
|turn|24
|
|t:|1664409900
|move|p2a: Calyrex|Psyshock|p1a: Arceus
|-damage|p1a: Arceus|23/100
|move|p1a: Arceus|Shadow Claw|p2a: Calyrex
|-supereffective|p2a: Calyrex
|-crit|p2a: Calyrex
|-damage|p2a: Calyrex|0 fnt
|faint|p2a: Calyrex
|
|win|OhLooord
|raw|OhLooord's rating: 1915 &rarr; <strong>1940</strong><br />(+25 for winning)
|raw|FenixFyre04's rating: 1997 &rarr; <strong>1972</strong><br />(-25 for losing)
|l|☆FenixFyre04
||Ladder isn't responding, score probably updated but might not have (Request timeout).
