|j|☆erfee
|j|☆pA Pa pAnDa/k
|t:|1630093354
|gametype|singles
|player|p1|erfee|101|1701
|player|p2|pA Pa pAnDa/k|unknown|1699
|teamsize|p1|6
|teamsize|p2|6
|gen|8
|tier|[Gen 8] National Dex AG
|rated|
|rule|HP Percentage Mod: HP is shown in percentages
|rule|Endless Battle Clause: Forcing endless battles is banned
|clearpoke
|poke|p1|Kyogre|
|poke|p1|Necrozma-Dusk-Mane|
|poke|p1|Arceus-*|
|poke|p1|Rayquaza|
|poke|p1|Zacian-*|
|poke|p1|Arceus-*|
|poke|p2|Calyrex-Shadow|
|poke|p2|Groudon|
|poke|p2|Rayquaza|
|poke|p2|Zacian-*|
|poke|p2|Ditto|
|poke|p2|Yveltal|
|teampreview
|
|t:|1630093376
|start
|switch|p1a: Arceus|Arceus-Ground|100/100
|switch|p2a: depression|Groudon|100/100
|detailschange|p2a: depression|Groudon-Primal
|-primal|p2a: depression
|-weather|DesolateLand|[from] ability: Desolate Land|[of] p2a: depression
|turn|1
|inactive|Battle timer is ON: inactive players will automatically lose when time's up. (requested by pA Pa pAnDa/k)
|
|t:|1630093392
|-weather|none
|switch|p2a: batman|Yveltal|100/100
|-ability|p2a: batman|Dark Aura
|move|p1a: Arceus|Judgment|p2a: batman
|-immune|p2a: batman
|
|upkeep
|turn|2
|
|t:|1630093401
|move|p1a: Arceus|Ice Beam|p2a: batman
|-supereffective|p2a: batman
|-damage|p2a: batman|56/100
|move|p2a: batman|Oblivion Wing|p1a: Arceus
|-damage|p1a: Arceus|65/100
|-heal|p2a: batman|86/100|[from] drain|[of] p1a: Arceus
|-damage|p2a: batman|76/100|[from] item: Life Orb
|
|upkeep
|turn|3
|j| BOTICE MEH SENPI
|
|t:|1630093417
|switch|p1a: Arceus|Arceus-Dark|100/100
|move|p2a: batman|Oblivion Wing|p1a: Arceus
|-damage|p1a: Arceus|72/100
|-heal|p2a: batman|99/100|[from] drain|[of] p1a: Arceus
|-damage|p2a: batman|90/100|[from] item: Life Orb
|
|upkeep
|turn|4
|
|t:|1630093428
|switch|p2a: steel-type type|Zacian-Crowned|100/100
|-ability|p2a: steel-type type|Intrepid Sword|boost
|-boost|p2a: steel-type type|atk|1
|move|p1a: Arceus|Toxic|p2a: steel-type type
|-immune|p2a: steel-type type
|
|upkeep
|turn|5
|
|t:|1630093438
|switch|p2a: depression|Groudon-Primal|100/100
|-weather|DesolateLand|[from] ability: Desolate Land|[of] p2a: depression
|switch|p1a: Necrozma|Necrozma-Dusk-Mane|100/100
|
|-weather|DesolateLand|[upkeep]
|upkeep
|turn|6
|
|t:|1630093446
|switch|p1a: Arceus|Arceus-Ground|65/100
|move|p2a: depression|Stealth Rock|p1a: Arceus
|-sidestart|p1: erfee|move: Stealth Rock
|
|-weather|DesolateLand|[upkeep]
|upkeep
|turn|7
|
|t:|1630093453
|move|p1a: Arceus|Judgment|p2a: depression
|-supereffective|p2a: depression
|-damage|p2a: depression|0 fnt
|faint|p2a: depression
|-weather|none
|
|upkeep
|
|t:|1630093459
|switch|p2a: panda girl|Rayquaza|100/100
|-ability|p2a: panda girl|Air Lock
|turn|8
|
|t:|1630093463
|detailschange|p2a: panda girl|Rayquaza-Mega
|-mega|p2a: panda girl|Rayquaza|
|-weather|DeltaStream|[from] ability: Delta Stream|[of] p2a: panda girl
|move|p1a: Arceus|Ice Beam|p2a: panda girl
|-activate||deltastream
|-supereffective|p2a: panda girl
|-damage|p2a: panda girl|57/100
|-status|p2a: panda girl|frz
|-curestatus|p2a: panda girl|frz|[msg]
|move|p2a: panda girl|Dragon Ascent|p1a: Arceus
|-damage|p1a: Arceus|16/100
|-unboost|p2a: panda girl|def|1
|-unboost|p2a: panda girl|spd|1
|
|-weather|DeltaStream|[upkeep]
|upkeep
|turn|9
|
|t:|1630093480
|move|p2a: panda girl|Extreme Speed|p1a: Arceus
|-damage|p1a: Arceus|0 fnt
|faint|p1a: Arceus
|
|-weather|DeltaStream|[upkeep]
|upkeep
|
|t:|1630093485
|switch|p1a: Zacian|Zacian-Crowned|100/100
|-damage|p1a: Zacian|94/100|[from] Stealth Rock
|-ability|p1a: Zacian|Intrepid Sword|boost
|-boost|p1a: Zacian|atk|1
|turn|10
|
|t:|1630093496
|move|p2a: panda girl|Extreme Speed|p1a: Zacian
|-resisted|p1a: Zacian
|-damage|p1a: Zacian|77/100
|move|p1a: Zacian|Behemoth Blade|p2a: panda girl
|-damage|p2a: panda girl|0 fnt
|faint|p2a: panda girl
|-weather|none
|
|upkeep
|
|t:|1630093501
|switch|p2a: I'm fast|Ditto|100/100
|-transform|p2a: I'm fast|p1a: Zacian|[from] ability: Imposter
|-ability|p2a: I'm fast|Intrepid Sword|boost
|-boost|p2a: I'm fast|atk|1
|turn|11
|
|t:|1630093509
|move|p2a: I'm fast|Close Combat|p1a: Zacian
|-damage|p1a: Zacian|0 fnt
|-unboost|p2a: I'm fast|def|1
|-unboost|p2a: I'm fast|spd|1
|faint|p1a: Zacian
|
|upkeep
|
|t:|1630093515
|switch|p1a: Rayquaza|Rayquaza|100/100
|-damage|p1a: Rayquaza|76/100|[from] Stealth Rock
|-ability|p1a: Rayquaza|Air Lock
|turn|12
|
|t:|1630093530
|switch|p2a: batman|Yveltal|90/100
|-ability|p2a: batman|Dark Aura
|detailschange|p1a: Rayquaza|Rayquaza-Mega
|-mega|p1a: Rayquaza|Rayquaza|
|-weather|DeltaStream|[from] ability: Delta Stream|[of] p1a: Rayquaza
|move|p1a: Rayquaza|V-create|p2a: batman
|-damage|p2a: batman|0 fnt
|-unboost|p1a: Rayquaza|spe|1
|-unboost|p1a: Rayquaza|def|1
|-unboost|p1a: Rayquaza|spd|1
|faint|p2a: batman
|
|-weather|DeltaStream|[upkeep]
|upkeep
|
|t:|1630093537
|switch|p2a: french pok|Calyrex-Shadow|100/100
|-ability|p2a: french pok|As One
|-ability|p2a: french pok|Unnerve
|turn|13
|
|t:|1630093540
|-weather|none
|switch|p1a: Arceus|Arceus-Dark|72/100
|-damage|p1a: Arceus|60/100|[from] Stealth Rock
|move|p2a: french pok|Astral Barrage|p1a: Arceus
|-resisted|p1a: Arceus
|-damage|p1a: Arceus|41/100
|
|upkeep
|turn|14
|
|t:|1630093550
|-start|p2a: french pok|Dynamax
|-heal|p2a: french pok|100/100|[silent]
|move|p2a: french pok|Max Starfall|p1a: Arceus
|-supereffective|p1a: Arceus
|-damage|p1a: Arceus|0 fnt
|-fieldstart|move: Misty Terrain
|faint|p1a: Arceus
|-ability|p2a: french pok|Grim Neigh|boost
|-boost|p2a: french pok|spa|1
|
|upkeep
|
|t:|1630093555
|switch|p1a: Kyogre|Kyogre|100/100
|-damage|p1a: Kyogre|88/100|[from] Stealth Rock
|-weather|RainDance|[from] ability: Drizzle|[of] p1a: Kyogre
|turn|15
|c|☆pA Pa pAnDa/k|gg
|
|t:|1630093576
|-end|p2a: french pok|Dynamax
|-heal|p2a: french pok|100/100|[silent]
|switch|p2a: I'm fast|Ditto|100/100
|-transform|p2a: I'm fast|p1a: Kyogre|[from] ability: Imposter
|-start|p1a: Kyogre|Dynamax
|-heal|p1a: Kyogre|88/100|[silent]
|move|p1a: Kyogre|Max Airstream|p2a: I'm fast
|-damage|p2a: I'm fast|49/100
|-boost|p1a: Kyogre|spe|1
|-damage|p1a: Kyogre|83/100|[from] item: Life Orb
|
|-weather|RainDance|[upkeep]
|upkeep
|turn|16
|
|t:|1630093585
|move|p1a: Kyogre|Max Airstream|p2a: I'm fast
|-damage|p2a: I'm fast|0 fnt
|-boost|p1a: Kyogre|spe|1
|faint|p2a: I'm fast
|-damage|p1a: Kyogre|78/100|[from] item: Life Orb
|
|-weather|RainDance|[upkeep]
|upkeep
|
|t:|1630093596
|switch|p2a: steel-type type|Zacian-Crowned|100/100
|-ability|p2a: steel-type type|Intrepid Sword|boost
|-boost|p2a: steel-type type|atk|1
|turn|17
|c|☆erfee|gg
|c|☆pA Pa pAnDa/k|gg
|
|t:|1630093602
|move|p1a: Kyogre|Max Geyser|p2a: steel-type type
|-damage|p2a: steel-type type|0 fnt
|faint|p2a: steel-type type
|-damage|p1a: Kyogre|73/100|[from] item: Life Orb
|
|-weather|RainDance|[upkeep]
|-end|p1a: Kyogre|Dynamax
|-heal|p1a: Kyogre|73/100|[silent]
|upkeep
|
|t:|1630093605
|switch|p2a: french pok|Calyrex-Shadow|100/100
|-ability|p2a: french pok|As One
|-ability|p2a: french pok|Unnerve
|turn|18
|
|t:|1630093619
|move|p2a: french pok|Astral Barrage|p1a: Kyogre
|-damage|p1a: Kyogre|20/100
|move|p1a: Kyogre|Origin Pulse|p2a: french pok
|-damage|p2a: french pok|0 fnt
|faint|p2a: french pok
|-damage|p1a: Kyogre|10/100|[from] item: Life Orb
|
|win|erfee
|raw|erfee's rating: 1701 &rarr; <strong>1721</strong><br />(+20 for winning)
|raw|pA Pa pAnDa&#x2f;k's rating: 1699 &rarr; <strong>1679</strong><br />(-20 for losing)
|l|☆pA Pa pAnDa/k
