|j|☆jlsdfhpjksdhfni
|j|‽Apprenti Buck
|t:|1664636273
|gametype|singles
|player|p1|jlsdfhpjksdhfni|102|1717
|player|p2|Apprenti Buck|lance-masters|2024
|teamsize|p1|6
|teamsize|p2|6
|gen|8
|tier|[Gen 8] National Dex AG
|rated|
|rule|HP Percentage Mod: HP is shown in percentages
|rule|Endless Battle Clause: Forcing endless battles is banned
|clearpoke
|poke|p1|Eternatus|
|poke|p1|Xerneas-*|
|poke|p1|Necrozma-Dusk-Mane|
|poke|p1|Calyrex-Shadow|
|poke|p1|Rayquaza|
|poke|p1|Arceus-*|
|poke|p2|Groudon|
|poke|p2|Rayquaza|
|poke|p2|Calyrex-Shadow|
|poke|p2|Arceus-*|
|poke|p2|Yveltal|
|poke|p2|Marshadow|
|teampreview
|inactive|Battle timer is ON: inactive players will automatically lose when time's up. (requested by Apprenti Buck)
|inactive|jlsdfhpjksdhfni has 120 seconds left.
|
|t:|1664636317
|start
|switch|p1a: Rayquaza|Rayquaza|100/100
|switch|p2a: Calyrex|Calyrex-Shadow|100/100
|-ability|p2a: Calyrex|As One
|-ability|p2a: Calyrex|Unnerve
|-ability|p1a: Rayquaza|Air Lock
|turn|1
|
|t:|1664636324
|detailschange|p1a: Rayquaza|Rayquaza-Mega
|-mega|p1a: Rayquaza|Rayquaza|
|-weather|DeltaStream|[from] ability: Delta Stream|[of] p1a: Rayquaza
|-zpower|p2a: Calyrex
|move|p2a: Calyrex|Never-Ending Nightmare|p1a: Rayquaza|[zeffect]
|-enditem|p1a: Rayquaza|Focus Sash
|-damage|p1a: Rayquaza|1/100
|move|p1a: Rayquaza|Scale Shot|p2a: Calyrex
|-damage|p2a: Calyrex|80/100
|-damage|p2a: Calyrex|56/100
|-hitcount|p2a: Calyrex|2
|-unboost|p1a: Rayquaza|def|1
|-boost|p1a: Rayquaza|spe|1
|
|-weather|DeltaStream|[upkeep]
|upkeep
|turn|2
|
|t:|1664636344
|move|p1a: Rayquaza|Dragon Ascent|p2a: Calyrex
|-damage|p2a: Calyrex|0 fnt
|-unboost|p1a: Rayquaza|def|1
|-unboost|p1a: Rayquaza|spd|1
|faint|p2a: Calyrex
|
|-weather|DeltaStream|[upkeep]
|upkeep
|
|t:|1664636345
|switch|p2a: Marshadow|Marshadow|100/100
|turn|3
|
|t:|1664636352
|-weather|none
|switch|p1a: Eternatus|Eternatus|100/100
|-ability|p1a: Eternatus|Pressure
|move|p2a: Marshadow|Shadow Sneak|p1a: Eternatus
|-damage|p1a: Eternatus|69/100
|-damage|p2a: Marshadow|91/100|[from] item: Life Orb
|
|upkeep
|turn|4
|
|t:|1664636364
|switch|p2a: Arceus|Arceus|100/100
|move|p1a: Eternatus|Dynamax Cannon|p2a: Arceus
|-damage|p2a: Arceus|45/100
|-damage|p1a: Eternatus|59/100|[from] item: Life Orb
|
|upkeep
|turn|5
|
|t:|1664636370
|move|p2a: Arceus|Extreme Speed|p1a: Eternatus
|-damage|p1a: Eternatus|15/100
|-damage|p2a: Arceus|35/100|[from] item: Life Orb
|move|p1a: Eternatus|Dynamax Cannon|p2a: Arceus
|-damage|p2a: Arceus|0 fnt
|faint|p2a: Arceus
|-damage|p1a: Eternatus|5/100|[from] item: Life Orb
|
|upkeep
|
|t:|1664636382
|switch|p2a: Rayquaza|Rayquaza, shiny|100/100
|-ability|p2a: Rayquaza|Air Lock
|turn|6
|
|t:|1664636386
|detailschange|p2a: Rayquaza|Rayquaza-Mega, shiny
|-mega|p2a: Rayquaza|Rayquaza|
|-weather|DeltaStream|[from] ability: Delta Stream|[of] p2a: Rayquaza
|move|p2a: Rayquaza|Extreme Speed|p1a: Eternatus
|-damage|p1a: Eternatus|0 fnt
|faint|p1a: Eternatus
|-damage|p2a: Rayquaza|91/100|[from] item: Life Orb
|
|-weather|DeltaStream|[upkeep]
|upkeep
|
|t:|1664636407
|switch|p1a: Calyrex|Calyrex-Shadow|100/100
|-ability|p1a: Calyrex|As One
|-ability|p1a: Calyrex|Unnerve
|turn|7
|
|t:|1664636420
|move|p1a: Calyrex|Astral Barrage|p2a: Rayquaza
|-damage|p2a: Rayquaza|13/100
|move|p2a: Rayquaza|Dragon Ascent|p1a: Calyrex
|-damage|p1a: Calyrex|0 fnt
|-unboost|p2a: Rayquaza|def|1
|-unboost|p2a: Rayquaza|spd|1
|faint|p1a: Calyrex
|-damage|p2a: Rayquaza|3/100|[from] item: Life Orb
|
|-weather|DeltaStream|[upkeep]
|upkeep
|
|t:|1664636429
|switch|p1a: Rayquaza|Rayquaza-Mega|1/100
|turn|8
|
|t:|1664636440
|move|p2a: Rayquaza|Extreme Speed|p1a: Rayquaza
|-damage|p1a: Rayquaza|0 fnt
|faint|p1a: Rayquaza
|-damage|p2a: Rayquaza|0 fnt|[from] item: Life Orb
|faint|p2a: Rayquaza
|-weather|none
|
|upkeep
|
|t:|1664636458
|switch|p2a: Yveltal|Yveltal|100/100
|switch|p1a: Arceus|Arceus-Dark|100/100
|-ability|p2a: Yveltal|Dark Aura
|turn|9
|
|t:|1664636464
|switch|p2a: Groudon|Groudon, shiny|100/100
|detailschange|p2a: Groudon|Groudon-Primal, shiny
|-primal|p2a: Groudon
|-weather|DesolateLand|[from] ability: Desolate Land|[of] p2a: Groudon
|move|p1a: Arceus|Toxic|p2a: Groudon
|-status|p2a: Groudon|tox
|
|-weather|DesolateLand|[upkeep]
|-damage|p2a: Groudon|94/100 tox|[from] psn
|upkeep
|turn|10
|
|t:|1664636468
|move|p1a: Arceus|Judgment|p2a: Groudon
|-damage|p2a: Groudon|42/100 tox
|move|p2a: Groudon|Stealth Rock|p1a: Arceus
|-sidestart|p1: jlsdfhpjksdhfni|move: Stealth Rock
|
|-weather|DesolateLand|[upkeep]
|-damage|p2a: Groudon|30/100 tox|[from] psn
|upkeep
|turn|11
|
|t:|1664636471
|move|p1a: Arceus|Defog|p2a: Groudon
|-unboost|p2a: Groudon|evasion|1
|-sideend|p1: jlsdfhpjksdhfni|Stealth Rock|[from] move: Defog|[of] p1a: Arceus
|move|p2a: Groudon|Stealth Rock|p1a: Arceus
|-sidestart|p1: jlsdfhpjksdhfni|move: Stealth Rock
|
|-weather|DesolateLand|[upkeep]
|-damage|p2a: Groudon|12/100 tox|[from] psn
|upkeep
|turn|12
|
|t:|1664636478
|switch|p1a: Necrozma|Necrozma-Dusk-Mane|100/100
|-damage|p1a: Necrozma|94/100|[from] Stealth Rock
|move|p2a: Groudon|Stealth Rock||[still]
|-fail|p2a: Groudon
|
|-weather|DesolateLand|[upkeep]
|-damage|p2a: Groudon|0 fnt|[from] psn
|faint|p2a: Groudon
|-weather|none
|upkeep
|
|t:|1664636489
|switch|p2a: Marshadow|Marshadow|91/100
|turn|13
|
|t:|1664636496
|move|p2a: Marshadow|Poltergeist|p1a: Necrozma
|-activate|p1a: Necrozma|move: Poltergeist|Rocky Helmet
|-supereffective|p1a: Necrozma
|-damage|p1a: Necrozma|34/100
|-damage|p2a: Marshadow|81/100|[from] item: Life Orb
|move|p1a: Necrozma|Thunder Wave|p2a: Marshadow
|-status|p2a: Marshadow|par
|
|upkeep
|turn|14
|
|t:|1664636507
|switch|p2a: Yveltal|Yveltal|100/100
|-ability|p2a: Yveltal|Dark Aura
|switch|p1a: Arceus|Arceus-Dark|100/100
|-damage|p1a: Arceus|88/100|[from] Stealth Rock
|
|upkeep
|turn|15
|
|t:|1664636525
|-start|p2a: Yveltal|Dynamax|
|-heal|p2a: Yveltal|100/100|[silent]
|move|p1a: Arceus|Recover|p1a: Arceus
|-heal|p1a: Arceus|100/100
|move|p2a: Yveltal|Max Airstream|p1a: Arceus
|-damage|p1a: Arceus|46/100
|-boost|p2a: Yveltal|spe|1
|-damage|p2a: Yveltal|96/100|[from] item: Life Orb
|
|upkeep
|turn|16
|
|t:|1664636541
|-start|p1a: Arceus|Dynamax|
|-heal|p1a: Arceus|46/100|[silent]
|move|p1a: Arceus|Max Guard|p1a: Arceus
|-singleturn|p1a: Arceus|Max Guard
|move|p2a: Yveltal|Max Airstream|p1a: Arceus
|-activate|p1a: Arceus|move: Max Guard
|
|upkeep
|turn|17
|
|t:|1664636546
|move|p2a: Yveltal|Max Darkness|p1a: Arceus
|-resisted|p1a: Arceus
|-damage|p1a: Arceus|28/100
|-unboost|p1a: Arceus|spd|1
|-damage|p2a: Yveltal|91/100|[from] item: Life Orb
|move|p1a: Arceus|Max Darkness|p2a: Yveltal
|-resisted|p2a: Yveltal
|-damage|p2a: Yveltal|71/100
|-unboost|p2a: Yveltal|spd|1
|
|upkeep
|-end|p2a: Yveltal|Dynamax
|-heal|p2a: Yveltal|71/100|[silent]
|turn|18
|
|t:|1664636566
|move|p2a: Yveltal|Oblivion Wing|p1a: Arceus
|-damage|p1a: Arceus|3/100
|-heal|p2a: Yveltal|100/100|[from] drain|[of] p1a: Arceus
|-damage|p2a: Yveltal|91/100|[from] item: Life Orb
|move|p1a: Arceus|Max Darkness|p2a: Yveltal
|-resisted|p2a: Yveltal
|-damage|p2a: Yveltal|39/100
|-unboost|p2a: Yveltal|spd|1
|
|upkeep
|-end|p1a: Arceus|Dynamax
|-heal|p1a: Arceus|3/100|[silent]
|turn|19
|
|t:|1664636574
|move|p2a: Yveltal|Oblivion Wing|p1a: Arceus
|-damage|p1a: Arceus|0 fnt
|-heal|p2a: Yveltal|41/100|[from] drain|[of] p1a: Arceus
|faint|p1a: Arceus
|-damage|p2a: Yveltal|31/100|[from] item: Life Orb
|
|upkeep
|
|t:|1664636577
|switch|p1a: Xerneas|Xerneas|100/100
|-damage|p1a: Xerneas|88/100|[from] Stealth Rock
|-ability|p1a: Xerneas|Fairy Aura
|turn|20
|
|t:|1664636581
|move|p2a: Yveltal|Oblivion Wing|p1a: Xerneas
|-damage|p1a: Xerneas|31/100
|-heal|p2a: Yveltal|75/100|[from] drain|[of] p1a: Xerneas
|-damage|p2a: Yveltal|65/100|[from] item: Life Orb
|move|p1a: Xerneas|Moonblast|p2a: Yveltal
|-supereffective|p2a: Yveltal
|-damage|p2a: Yveltal|0 fnt
|faint|p2a: Yveltal
|
|upkeep
|
|t:|1664636584
|switch|p2a: Marshadow|Marshadow|81/100 par
|turn|21
|
|t:|1664636587
|cant|p2a: Marshadow|par
|move|p1a: Xerneas|Moonblast|p2a: Marshadow
|-supereffective|p2a: Marshadow
|-damage|p2a: Marshadow|0 fnt
|faint|p2a: Marshadow
|
|win|jlsdfhpjksdhfni
|raw|jlsdfhpjksdhfni's rating: 1717 &rarr; <strong>1751</strong><br />(+34 for winning)
|raw|Apprenti Buck's rating: 2024 &rarr; <strong>1990</strong><br />(-34 for losing)
|l|☆jlsdfhpjksdhfni
||Ladder isn't responding, score probably updated but might not have (Request timeout).
