|j|☆Dr. Drake6782
|j|☆alt1445645
|t:|1661833278
|gametype|singles
|player|p1|Dr. Drake6782|ash-kalos|1755
|player|p2|alt1445645|266|1870
|teamsize|p1|6
|teamsize|p2|6
|gen|8
|tier|[Gen 8] National Dex AG
|rated|
|rule|HP Percentage Mod: HP is shown in percentages
|rule|Endless Battle Clause: Forcing endless battles is banned
|clearpoke
|poke|p1|Yveltal|
|poke|p1|Deoxys-Speed|
|poke|p1|Smeargle, F|
|poke|p1|Groudon|
|poke|p1|Rayquaza|
|poke|p1|Necrozma-Dusk-Mane|
|poke|p2|Arceus-*|
|poke|p2|Groudon|
|poke|p2|Zacian-*|
|poke|p2|Rayquaza|
|poke|p2|Calyrex-Shadow|
|poke|p2|Yveltal|
|teampreview
|inactive|Battle timer is ON: inactive players will automatically lose when time's up. (requested by Dr. Drake6782)
|inactive|Dr. Drake6782 has 120 seconds left.
|
|t:|1661833314
|start
|switch|p1a: Kamui|Deoxys-Speed|100/100
|switch|p2a: Arceus|Arceus|100/100
|-ability|p1a: Kamui|Pressure
|turn|1
|
|t:|1661833318
|move|p1a: Kamui|Stealth Rock|p2a: Arceus
|-sidestart|p2: alt1445645|move: Stealth Rock
|move|p2a: Arceus|Defog|p1a: Kamui
|-unboost|p1a: Kamui|evasion|1
|-sideend|p2: alt1445645|Stealth Rock|[from] move: Defog|[of] p2a: Arceus
|
|upkeep
|turn|2
|
|t:|1661833322
|move|p1a: Kamui|Taunt|p2a: Arceus
|-start|p2a: Arceus|move: Taunt
|move|p2a: Arceus|Shadow Claw|p1a: Kamui
|-supereffective|p1a: Kamui
|-damage|p1a: Kamui|18/100
|
|upkeep
|turn|3
|
|t:|1661833325
|move|p2a: Arceus|Extreme Speed|p1a: Kamui
|-damage|p1a: Kamui|0 fnt
|faint|p1a: Kamui
|
|upkeep
|
|t:|1661833326
|switch|p1a: Sharingan Copy|Smeargle, F, shiny|100/100
|turn|4
|
|t:|1661833329
|move|p2a: Arceus|Extreme Speed|p1a: Sharingan Copy
|-enditem|p1a: Sharingan Copy|Focus Sash
|-damage|p1a: Sharingan Copy|1/100
|move|p1a: Sharingan Copy|Spore|p2a: Arceus
|-status|p2a: Arceus|slp|[from] move: Spore
|-enditem|p2a: Arceus|Lum Berry|[eat]
|-curestatus|p2a: Arceus|slp|[msg]
|
|-end|p2a: Arceus|move: Taunt
|upkeep
|turn|5
|
|t:|1661833336
|move|p2a: Arceus|Extreme Speed|p1a: Sharingan Copy
|-damage|p1a: Sharingan Copy|0 fnt
|faint|p1a: Sharingan Copy
|
|upkeep
|
|t:|1661833340
|switch|p1a: Amaterasu|Groudon, shiny|100/100
|detailschange|p1a: Amaterasu|Groudon-Primal, shiny
|-primal|p1a: Amaterasu
|-weather|DesolateLand|[from] ability: Desolate Land|[of] p1a: Amaterasu
|turn|6
|-message|Dr. Drake6782 forfeited.
|
|win|alt1445645
|raw|Dr. Drake6782's rating: 1755 &rarr; <strong>1741</strong><br />(-14 for losing)
|raw|alt1445645's rating: 1870 &rarr; <strong>1884</strong><br />(+14 for winning)
|l|☆Dr. Drake6782
||Ladder isn't responding, score probably updated but might not have (Request timeout).
