|j|☆97thPhantom
|j|☆Rituraj Mukherjee
|t:|1652582992
|gametype|singles
|player|p1|97thPhantom|saturn|1427
|player|p2|Rituraj Mukherjee|morty|1359
|teamsize|p1|6
|teamsize|p2|6
|gen|8
|tier|[Gen 8] National Dex AG
|rated|
|rule|HP Percentage Mod: HP is shown in percentages
|rule|Endless Battle Clause: Forcing endless battles is banned
|clearpoke
|poke|p1|Kyogre|
|poke|p1|Dracovish|
|poke|p1|Zygarde|
|poke|p1|Calyrex-Shadow|
|poke|p1|Ferrothorn, M|
|poke|p1|Marshadow|
|poke|p2|Yveltal|
|poke|p2|Groudon|
|poke|p2|Metagross|
|poke|p2|Xerneas-*|
|poke|p2|Kyogre|
|poke|p2|Arceus-*|
|teampreview
|inactive|Battle timer is ON: inactive players will automatically lose when time's up. (requested by 97thPhantom)
|inactive|Rituraj Mukherjee also wants the timer to be on.
|
|t:|1652583017
|start
|switch|p1a: 2 for 1 Deal|Calyrex-Shadow|100/100
|switch|p2a: Catfish+FIGHTERJET|Kyogre, shiny|100/100
|-ability|p1a: 2 for 1 Deal|As One
|-ability|p1a: 2 for 1 Deal|Unnerve
|-weather|RainDance|[from] ability: Drizzle|[of] p2a: Catfish+FIGHTERJET
|turn|1
|
|t:|1652583028
|move|p2a: Catfish+FIGHTERJET|Water Spout|p1a: 2 for 1 Deal
|-enditem|p1a: 2 for 1 Deal|Focus Sash
|-damage|p1a: 2 for 1 Deal|1/100
|move|p1a: 2 for 1 Deal|Astral Barrage|p2a: Catfish+FIGHTERJET
|-damage|p2a: Catfish+FIGHTERJET|43/100
|
|-weather|RainDance|[upkeep]
|upkeep
|turn|2
|
|t:|1652583051
|switch|p1a: Toxic Fish Uno|Kyogre|100/100
|detailschange|p1a: Toxic Fish Uno|Kyogre-Primal
|-primal|p1a: Toxic Fish Uno
|-weather|PrimordialSea|[from] ability: Primordial Sea|[of] p1a: Toxic Fish Uno
|move|p2a: Catfish+FIGHTERJET|Water Spout|p1a: Toxic Fish Uno
|-resisted|p1a: Toxic Fish Uno
|-damage|p1a: Toxic Fish Uno|84/100
|
|-weather|PrimordialSea|[upkeep]
|upkeep
|turn|3
|
|t:|1652583067
|switch|p2a: Black Bull|Groudon, shiny|100/100
|detailschange|p2a: Black Bull|Groudon-Primal, shiny
|-primal|p2a: Black Bull
|-weather|DesolateLand|[from] ability: Desolate Land|[of] p2a: Black Bull
|move|p1a: Toxic Fish Uno|Calm Mind|p1a: Toxic Fish Uno
|-boost|p1a: Toxic Fish Uno|spa|1
|-boost|p1a: Toxic Fish Uno|spd|1
|
|-weather|DesolateLand|[upkeep]
|upkeep
|turn|4
|
|t:|1652583078
|switch|p1a: Immortal Snake|Zygarde, shiny|100/100
|move|p2a: Black Bull|Swords Dance|p2a: Black Bull
|-boost|p2a: Black Bull|atk|2
|
|-weather|DesolateLand|[upkeep]
|upkeep
|turn|5
|
|t:|1652583089
|move|p2a: Black Bull|Earthquake|p1a: Immortal Snake
|-damage|p1a: Immortal Snake|6/100
|move|p1a: Immortal Snake|Coil|p1a: Immortal Snake
|-boost|p1a: Immortal Snake|atk|1
|-boost|p1a: Immortal Snake|def|1
|-boost|p1a: Immortal Snake|accuracy|1
|
|-weather|DesolateLand|[upkeep]
|-heal|p1a: Immortal Snake|12/100|[from] item: Leftovers
|-activate|p1a: Immortal Snake|ability: Power Construct
|detailschange|p1a: Immortal Snake|Zygarde-Complete, shiny
|-heal|p1a: Immortal Snake|42/100|[silent]
|upkeep
|turn|6
|
|t:|1652583106
|move|p2a: Black Bull|Earthquake|p1a: Immortal Snake
|-damage|p1a: Immortal Snake|3/100
|move|p1a: Immortal Snake|Rest|p1a: Immortal Snake
|-status|p1a: Immortal Snake|slp|[from] move: Rest
|-heal|p1a: Immortal Snake|100/100 slp|[silent]
|
|-weather|DesolateLand|[upkeep]
|upkeep
|turn|7
|
|t:|1652583120
|move|p2a: Black Bull|Swords Dance|p2a: Black Bull
|-boost|p2a: Black Bull|atk|2
|cant|p1a: Immortal Snake|slp
|move|p1a: Immortal Snake|Sleep Talk|p1a: Immortal Snake
|move|p1a: Immortal Snake|Rest||[from]move: Sleep Talk|[still]
|-fail|p1a: Immortal Snake
|
|-weather|DesolateLand|[upkeep]
|upkeep
|turn|8
|
|t:|1652583130
|move|p2a: Black Bull|Earthquake|p1a: Immortal Snake
|-damage|p1a: Immortal Snake|41/100 slp
|cant|p1a: Immortal Snake|slp
|move|p1a: Immortal Snake|Sleep Talk|p1a: Immortal Snake
|move|p1a: Immortal Snake|Rest||[from]move: Sleep Talk|[still]
|-fail|p1a: Immortal Snake
|
|-weather|DesolateLand|[upkeep]
|-heal|p1a: Immortal Snake|47/100 slp|[from] item: Leftovers
|upkeep
|turn|9
|
|t:|1652583141
|-start|p1a: Immortal Snake|Dynamax|
|-heal|p1a: Immortal Snake|47/100 slp|[silent]
|move|p2a: Black Bull|Earthquake|p1a: Immortal Snake
|-damage|p1a: Immortal Snake|15/100 slp
|-curestatus|p1a: Immortal Snake|slp|[msg]
|move|p1a: Immortal Snake|Max Quake|p2a: Black Bull
|-supereffective|p2a: Black Bull
|-damage|p2a: Black Bull|7/100
|-boost|p1a: Immortal Snake|spd|1
|
|-weather|DesolateLand|[upkeep]
|-heal|p1a: Immortal Snake|18/100|[from] item: Leftovers
|upkeep
|turn|10
|
|t:|1652583157
|move|p1a: Immortal Snake|Max Guard|p1a: Immortal Snake
|-singleturn|p1a: Immortal Snake|Max Guard
|move|p2a: Black Bull|Earthquake|p1a: Immortal Snake
|-activate|p1a: Immortal Snake|move: Max Guard
|
|-weather|DesolateLand|[upkeep]
|-heal|p1a: Immortal Snake|21/100|[from] item: Leftovers
|upkeep
|turn|11
|
|t:|1652583171
|move|p1a: Immortal Snake|Max Guard||[still]
|-fail|p1a: Immortal Snake
|move|p2a: Black Bull|Earthquake|p1a: Immortal Snake
|-damage|p1a: Immortal Snake|0 fnt
|faint|p1a: Immortal Snake
|
|-weather|DesolateLand|[upkeep]
|upkeep
|
|t:|1652583177
|switch|p1a: Mega Gengar|Marshadow|100/100
|turn|12
|
|t:|1652583183
|-weather|none
|switch|p2a: LOL|Yveltal, shiny|100/100
|-ability|p2a: LOL|Dark Aura
|move|p1a: Mega Gengar|Spectral Thief|p2a: LOL
|-resisted|p2a: LOL
|-crit|p2a: LOL
|-damage|p2a: LOL|68/100
|
|upkeep
|turn|13
|
|t:|1652583207
|move|p1a: Mega Gengar|Close Combat|p2a: LOL
|-damage|p2a: LOL|10/100
|-unboost|p1a: Mega Gengar|def|1
|-unboost|p1a: Mega Gengar|spd|1
|move|p2a: LOL|Oblivion Wing|p1a: Mega Gengar
|-supereffective|p1a: Mega Gengar
|-enditem|p1a: Mega Gengar|Focus Sash
|-damage|p1a: Mega Gengar|1/100
|-heal|p2a: LOL|71/100|[from] drain|[of] p1a: Mega Gengar
|
|upkeep
|turn|14
|
|t:|1652583225
|move|p2a: LOL|Sucker Punch|p1a: Mega Gengar
|-crit|p1a: Mega Gengar
|-damage|p1a: Mega Gengar|0 fnt
|faint|p1a: Mega Gengar
|
|upkeep
|
|t:|1652583235
|switch|p1a: Immortal plant|Ferrothorn, M|100/100
|turn|15
|
|t:|1652583257
|switch|p2a: Good Boi|Arceus, shiny|100/100
|move|p1a: Immortal plant|Leech Seed|p2a: Good Boi
|-start|p2a: Good Boi|move: Leech Seed
|
|-damage|p2a: Good Boi|88/100|[from] Leech Seed|[of] p1a: Immortal plant
|upkeep
|turn|16
|inactive|97thPhantom has 120 seconds left.
|
|t:|1652583279
|switch|p2a: Catfish+FIGHTERJET|Kyogre, shiny|43/100
|-weather|RainDance|[from] ability: Drizzle|[of] p2a: Catfish+FIGHTERJET
|move|p1a: Immortal plant|Iron Defense|p1a: Immortal plant
|-boost|p1a: Immortal plant|def|2
|
|-weather|RainDance|[upkeep]
|upkeep
|turn|17
|inactive|97thPhantom has 120 seconds left.
|
|t:|1652583294
|move|p2a: Catfish+FIGHTERJET|Ice Beam|p1a: Immortal plant
|-damage|p1a: Immortal plant|72/100
|-status|p1a: Immortal plant|frz
|cant|p1a: Immortal plant|frz
|
|-weather|RainDance|[upkeep]
|-heal|p1a: Immortal plant|78/100 frz|[from] item: Leftovers
|upkeep
|turn|18
|c|☆Rituraj Mukherjee|lol
|
|t:|1652583309
|switch|p2a: Extreme Robotics|Metagross, shiny|100/100
|-curestatus|p1a: Immortal plant|frz|[msg]
|move|p1a: Immortal plant|Spikes|p2a: Extreme Robotics
|-sidestart|p2: Rituraj Mukherjee|Spikes
|
|-weather|RainDance|[upkeep]
|-heal|p1a: Immortal plant|84/100|[from] item: Leftovers
|upkeep
|turn|19
|c|☆97thPhantom|thats the third time today
|inactive|97thPhantom has 120 seconds left.
|
|t:|1652583325
|detailschange|p2a: Extreme Robotics|Metagross-Mega, shiny
|-mega|p2a: Extreme Robotics|Metagross|Metagrossite
|move|p2a: Extreme Robotics|Hammer Arm|p1a: Immortal plant
|-supereffective|p1a: Immortal plant
|-damage|p1a: Immortal plant|56/100
|-unboost|p2a: Extreme Robotics|spe|1
|-damage|p2a: Extreme Robotics|88/100|[from] ability: Iron Barbs|[of] p1a: Immortal plant
|move|p1a: Immortal plant|Spikes|p2a: Extreme Robotics
|-sidestart|p2: Rituraj Mukherjee|Spikes
|
|-weather|RainDance|[upkeep]
|-heal|p1a: Immortal plant|62/100|[from] item: Leftovers
|upkeep
|turn|20
|inactive|97thPhantom has 120 seconds left.
|
|t:|1652583342
|move|p2a: Extreme Robotics|Hammer Arm|p1a: Immortal plant
|-supereffective|p1a: Immortal plant
|-damage|p1a: Immortal plant|31/100
|-unboost|p2a: Extreme Robotics|spe|1
|-damage|p2a: Extreme Robotics|76/100|[from] ability: Iron Barbs|[of] p1a: Immortal plant
|move|p1a: Immortal plant|Iron Defense|p1a: Immortal plant
|-boost|p1a: Immortal plant|def|2
|
|-weather|none
|-heal|p1a: Immortal plant|37/100|[from] item: Leftovers
|upkeep
|turn|21
|inactive|97thPhantom has 120 seconds left.
|
|t:|1652583359
|move|p2a: Extreme Robotics|Hammer Arm|p1a: Immortal plant
|-supereffective|p1a: Immortal plant
|-damage|p1a: Immortal plant|18/100
|-unboost|p2a: Extreme Robotics|spe|1
|-damage|p2a: Extreme Robotics|64/100|[from] ability: Iron Barbs|[of] p1a: Immortal plant
|move|p1a: Immortal plant|Spikes|p2a: Extreme Robotics
|-sidestart|p2: Rituraj Mukherjee|Spikes
|
|-heal|p1a: Immortal plant|24/100|[from] item: Leftovers
|upkeep
|turn|22
|inactive|97thPhantom has 120 seconds left.
|
|t:|1652583375
|move|p2a: Extreme Robotics|Hammer Arm|p1a: Immortal plant|[miss]
|-miss|p2a: Extreme Robotics|p1a: Immortal plant
|move|p1a: Immortal plant|Iron Defense|p1a: Immortal plant
|-boost|p1a: Immortal plant|def|2
|
|-heal|p1a: Immortal plant|30/100|[from] item: Leftovers
|upkeep
|turn|23
|inactive|97thPhantom has 120 seconds left.
|
|t:|1652583385
|move|p2a: Extreme Robotics|Hammer Arm|p1a: Immortal plant
|-supereffective|p1a: Immortal plant
|-crit|p1a: Immortal plant
|-damage|p1a: Immortal plant|0 fnt
|-unboost|p2a: Extreme Robotics|spe|1
|-damage|p2a: Extreme Robotics|51/100|[from] ability: Iron Barbs|[of] p1a: Immortal plant
|faint|p1a: Immortal plant
|
|upkeep
|inactive|97thPhantom has 120 seconds left.
|
|t:|1652583410
|switch|p1a: 2 for 1 Deal|Calyrex-Shadow|1/100
|-ability|p1a: 2 for 1 Deal|As One
|-ability|p1a: 2 for 1 Deal|Unnerve
|turn|24
|
|t:|1652583423
|move|p2a: Extreme Robotics|Bullet Punch|p1a: 2 for 1 Deal
|-damage|p1a: 2 for 1 Deal|0 fnt
|faint|p1a: 2 for 1 Deal
|
|upkeep
|
|t:|1652583429
|switch|p1a: Toxic Fish Uno|Kyogre-Primal|84/100
|-weather|PrimordialSea|[from] ability: Primordial Sea|[of] p1a: Toxic Fish Uno
|turn|25
|
|t:|1652583447
|switch|p2a: Black Bull|Groudon-Primal, shiny|7/100
|-damage|p2a: Black Bull|0 fnt|[from] Spikes
|faint|p2a: Black Bull
|move|p1a: Toxic Fish Uno|Water Spout|p2: Black Bull|[notarget]
|-fail|p1a: Toxic Fish Uno
|
|-weather|PrimordialSea|[upkeep]
|upkeep
|
|t:|1652583458
|switch|p2a: Good Boi|Arceus, shiny|88/100
|-damage|p2a: Good Boi|63/100|[from] Spikes
|turn|26
|
|t:|1652583466
|-zpower|p2a: Good Boi
|move|p2a: Good Boi|Breakneck Blitz|p1a: Toxic Fish Uno|[zeffect]
|-damage|p1a: Toxic Fish Uno|14/100
|move|p1a: Toxic Fish Uno|Thunder|p2a: Good Boi
|-damage|p2a: Good Boi|19/100
|
|-weather|PrimordialSea|[upkeep]
|upkeep
|turn|27
|inactive|97thPhantom has 120 seconds left.
|
|t:|1652583479
|move|p2a: Good Boi|Extreme Speed|p1a: Toxic Fish Uno
|-damage|p1a: Toxic Fish Uno|0 fnt
|faint|p1a: Toxic Fish Uno
|-weather|none
|
|upkeep
|
|t:|1652583485
|switch|p1a: Toxic Fish Dos|Dracovish, shiny|100/100
|turn|28
|
|t:|1652583513
|move|p2a: Good Boi|Extreme Speed|p1a: Toxic Fish Dos
|-damage|p1a: Toxic Fish Dos|59/100
|move|p1a: Toxic Fish Dos|Fishious Rend|p2a: Good Boi
|-damage|p2a: Good Boi|0 fnt
|faint|p2a: Good Boi
|
|upkeep
|inactive|Rituraj Mukherjee has 120 seconds left.
|
|t:|1652583523
|switch|p2a: LOL|Yveltal, shiny|71/100
|-ability|p2a: LOL|Dark Aura
|turn|29
|
|t:|1652583529
|move|p1a: Toxic Fish Dos|Fishious Rend|p2a: LOL
|-damage|p2a: LOL|0 fnt
|faint|p2a: LOL
|
|upkeep
|
|t:|1652583535
|switch|p2a: Catfish+FIGHTERJET|Kyogre, shiny|43/100
|-damage|p2a: Catfish+FIGHTERJET|18/100|[from] Spikes
|-weather|RainDance|[from] ability: Drizzle|[of] p2a: Catfish+FIGHTERJET
|turn|30
|
|t:|1652583540
|move|p2a: Catfish+FIGHTERJET|Thunder|p1a: Toxic Fish Dos
|-damage|p1a: Toxic Fish Dos|4/100
|-status|p1a: Toxic Fish Dos|par
|cant|p1a: Toxic Fish Dos|par
|
|-weather|RainDance|[upkeep]
|upkeep
|turn|31
|c|☆Rituraj Mukherjee|gg
|
|t:|1652583553
|switch|p2a: Cool as a Tree|Xerneas, shiny|100/100
|-damage|p2a: Cool as a Tree|76/100|[from] Spikes
|-ability|p2a: Cool as a Tree|Fairy Aura
|move|p1a: Toxic Fish Dos|Fishious Rend|p2a: Cool as a Tree
|-damage|p2a: Cool as a Tree|0 fnt
|faint|p2a: Cool as a Tree
|
|-weather|RainDance|[upkeep]
|upkeep
|
|t:|1652583566
|switch|p2a: Extreme Robotics|Metagross-Mega, shiny|51/100
|-damage|p2a: Extreme Robotics|26/100|[from] Spikes
|turn|32
|c|☆97thPhantom|gg
|
|t:|1652583577
|move|p2a: Extreme Robotics|Bullet Punch|p1a: Toxic Fish Dos
|-resisted|p1a: Toxic Fish Dos
|-damage|p1a: Toxic Fish Dos|0 fnt
|faint|p1a: Toxic Fish Dos
|
|win|Rituraj Mukherjee
|raw|97thPhantom's rating: 1427 &rarr; <strong>1403</strong><br />(-24 for losing)
|raw|Rituraj Mukherjee's rating: 1359 &rarr; <strong>1383</strong><br />(+24 for winning)
|l|☆97thPhantom
||Ladder isn't responding, score probably updated but might not have (Request timeout).
