|j|☆AdamHaziq
|j|☆CLEAR GEM清瑜
|t:|1662026314
|gametype|singles
|player|p1|AdamHaziq|unknown|1714
|player|p2|CLEAR GEM清瑜|skierf|1774
|teamsize|p1|6
|teamsize|p2|6
|gen|8
|tier|[Gen 8] National Dex AG
|rated|
|rule|HP Percentage Mod: HP is shown in percentages
|rule|Endless Battle Clause: Forcing endless battles is banned
|clearpoke
|poke|p1|Rayquaza|
|poke|p1|Ditto|
|poke|p1|Breloom, F|
|poke|p1|Calyrex-Shadow|
|poke|p1|Zacian-*|
|poke|p1|Darkrai|
|poke|p2|Quagsire, F|
|poke|p2|Quagsire, M|
|poke|p2|Quagsire, M|
|poke|p2|Quagsire, M|
|poke|p2|Quagsire, M|
|poke|p2|Quagsire, F|
|teampreview
|inactive|Battle timer is ON: inactive players will automatically lose when time's up. (requested by AdamHaziq)
|c|☆CLEAR GEM清瑜|:)
|
|t:|1662026330
|start
|switch|p1a: Breloom|Breloom, F|100/100
|switch|p2a: Quagsire|Quagsire, M|100/100
|turn|1
|
|t:|1662026335
|move|p1a: Breloom|Spore|p2a: Quagsire
|-status|p2a: Quagsire|slp|[from] move: Spore
|cant|p2a: Quagsire|slp
|
|-status|p1a: Breloom|tox|[from] item: Toxic Orb
|upkeep
|turn|2
|
|t:|1662026339
|move|p1a: Breloom|Substitute|p1a: Breloom
|-start|p1a: Breloom|Substitute
|-damage|p1a: Breloom|76/100 tox
|cant|p2a: Quagsire|slp
|
|-heal|p1a: Breloom|88/100 tox|[from] ability: Poison Heal
|upkeep
|turn|3
|
|t:|1662026344
|move|p1a: Breloom|Leech Seed|p2a: Quagsire|[miss]
|-miss|p1a: Breloom|p2a: Quagsire
|-curestatus|p2a: Quagsire|slp|[msg]
|move|p2a: Quagsire|Recover||[still]
|-fail|p2a: Quagsire|heal
|
|-heal|p1a: Breloom|100/100 tox|[from] ability: Poison Heal
|upkeep
|turn|4
|
|t:|1662026348
|move|p1a: Breloom|Spore|p2a: Quagsire
|-status|p2a: Quagsire|slp|[from] move: Spore
|cant|p2a: Quagsire|slp
|
|upkeep
|turn|5
|
|t:|1662026351
|move|p1a: Breloom|Leech Seed|p2a: Quagsire
|-start|p2a: Quagsire|move: Leech Seed
|cant|p2a: Quagsire|slp
|
|-damage|p2a: Quagsire|88/100 slp|[from] Leech Seed|[of] p1a: Breloom
|upkeep
|turn|6
|
|t:|1662026354
|move|p1a: Breloom|Drain Punch|p2a: Quagsire
|-damage|p2a: Quagsire|66/100 slp
|-curestatus|p2a: Quagsire|slp|[msg]
|move|p2a: Quagsire|Yawn||[still]
|-fail|p2a: Quagsire
|
|-heal|p2a: Quagsire|72/100|[from] item: Leftovers
|-damage|p2a: Quagsire|60/100|[from] Leech Seed|[of] p1a: Breloom
|upkeep
|turn|7
|
|t:|1662026358
|move|p1a: Breloom|Spore|p2a: Quagsire
|-status|p2a: Quagsire|slp|[from] move: Spore
|cant|p2a: Quagsire|slp
|
|-heal|p2a: Quagsire|66/100 slp|[from] item: Leftovers
|-damage|p2a: Quagsire|54/100 slp|[from] Leech Seed|[of] p1a: Breloom
|upkeep
|turn|8
|
|t:|1662026361
|move|p1a: Breloom|Drain Punch|p2a: Quagsire
|-damage|p2a: Quagsire|32/100 slp
|cant|p2a: Quagsire|slp
|
|-heal|p2a: Quagsire|38/100 slp|[from] item: Leftovers
|-damage|p2a: Quagsire|26/100 slp|[from] Leech Seed|[of] p1a: Breloom
|upkeep
|turn|9
|
|t:|1662026366
|move|p1a: Breloom|Drain Punch|p2a: Quagsire
|-damage|p2a: Quagsire|1/100 slp
|cant|p2a: Quagsire|slp
|
|-heal|p2a: Quagsire|7/100 slp|[from] item: Leftovers
|-damage|p2a: Quagsire|0 fnt|[from] Leech Seed|[of] p1a: Breloom
|faint|p2a: Quagsire
|upkeep
|
|t:|1662026369
|switch|p2a: Quagsire|Quagsire, M|100/100
|turn|10
|
|t:|1662026375
|move|p1a: Breloom|Spore|p2a: Quagsire
|-status|p2a: Quagsire|slp|[from] move: Spore
|cant|p2a: Quagsire|slp
|
|upkeep
|turn|11
|
|t:|1662026378
|move|p1a: Breloom|Leech Seed|p2a: Quagsire
|-start|p2a: Quagsire|move: Leech Seed
|cant|p2a: Quagsire|slp
|
|-damage|p2a: Quagsire|88/100 slp|[from] Leech Seed|[of] p1a: Breloom
|upkeep
|turn|12
|
|t:|1662026384
|move|p1a: Breloom|Drain Punch|p2a: Quagsire
|-damage|p2a: Quagsire|65/100 slp
|cant|p2a: Quagsire|slp
|
|-heal|p2a: Quagsire|71/100 slp|[from] item: Leftovers
|-damage|p2a: Quagsire|59/100 slp|[from] Leech Seed|[of] p1a: Breloom
|upkeep
|turn|13
|
|t:|1662026388
|move|p1a: Breloom|Drain Punch|p2a: Quagsire
|-damage|p2a: Quagsire|35/100 slp
|-curestatus|p2a: Quagsire|slp|[msg]
|move|p2a: Quagsire|Scald|p1a: Breloom
|-resisted|p1a: Breloom
|-activate|p1a: Breloom|move: Substitute|[damage]
|
|-heal|p2a: Quagsire|41/100|[from] item: Leftovers
|-damage|p2a: Quagsire|29/100|[from] Leech Seed|[of] p1a: Breloom
|upkeep
|turn|14
|
|t:|1662026392
|move|p1a: Breloom|Spore|p2a: Quagsire
|-status|p2a: Quagsire|slp|[from] move: Spore
|cant|p2a: Quagsire|slp
|
|-heal|p2a: Quagsire|35/100 slp|[from] item: Leftovers
|-damage|p2a: Quagsire|23/100 slp|[from] Leech Seed|[of] p1a: Breloom
|upkeep
|turn|15
|
|t:|1662026394
|move|p1a: Breloom|Drain Punch|p2a: Quagsire
|-damage|p2a: Quagsire|1/100 slp
|cant|p2a: Quagsire|slp
|
|-heal|p2a: Quagsire|7/100 slp|[from] item: Leftovers
|-damage|p2a: Quagsire|0 fnt|[from] Leech Seed|[of] p1a: Breloom
|faint|p2a: Quagsire
|upkeep
|
|t:|1662026397
|switch|p2a: Quagsire|Quagsire, F|100/100
|turn|16
|
|t:|1662026407
|move|p1a: Breloom|Spore|p2a: Quagsire
|-status|p2a: Quagsire|slp|[from] move: Spore
|cant|p2a: Quagsire|slp
|
|upkeep
|turn|17
|
|t:|1662026414
|move|p1a: Breloom|Leech Seed|p2a: Quagsire
|-start|p2a: Quagsire|move: Leech Seed
|-curestatus|p2a: Quagsire|slp|[msg]
|move|p2a: Quagsire|Scald|p1a: Breloom
|-resisted|p1a: Breloom
|-end|p1a: Breloom|Substitute
|
|-damage|p2a: Quagsire|88/100|[from] Leech Seed|[of] p1a: Breloom
|upkeep
|turn|18
|
|t:|1662026425
|move|p1a: Breloom|Spore|p2a: Quagsire
|-status|p2a: Quagsire|slp|[from] move: Spore
|cant|p2a: Quagsire|slp
|
|-heal|p2a: Quagsire|94/100 slp|[from] item: Leftovers
|-damage|p2a: Quagsire|82/100 slp|[from] Leech Seed|[of] p1a: Breloom
|upkeep
|turn|19
|
|t:|1662026434
|move|p1a: Breloom|Drain Punch|p2a: Quagsire
|-damage|p2a: Quagsire|58/100 slp
|cant|p2a: Quagsire|slp
|
|-heal|p2a: Quagsire|64/100 slp|[from] item: Leftovers
|-damage|p2a: Quagsire|52/100 slp|[from] Leech Seed|[of] p1a: Breloom
|upkeep
|turn|20
|c|☆CLEAR GEM清瑜|hey，i m mrQuagsire
|
|t:|1662026461
|move|p1a: Breloom|Substitute|p1a: Breloom
|-start|p1a: Breloom|Substitute
|-damage|p1a: Breloom|76/100 tox
|-curestatus|p2a: Quagsire|slp|[msg]
|move|p2a: Quagsire|Scald|p1a: Breloom
|-resisted|p1a: Breloom
|-activate|p1a: Breloom|move: Substitute|[damage]
|
|-heal|p2a: Quagsire|58/100|[from] item: Leftovers
|-damage|p2a: Quagsire|46/100|[from] Leech Seed|[of] p1a: Breloom
|-heal|p1a: Breloom|91/100 tox|[silent]
|-heal|p1a: Breloom|100/100 tox|[from] ability: Poison Heal
|upkeep
|turn|21
|
|t:|1662026466
|move|p1a: Breloom|Spore|p2a: Quagsire
|-status|p2a: Quagsire|slp|[from] move: Spore
|cant|p2a: Quagsire|slp
|
|-heal|p2a: Quagsire|52/100 slp|[from] item: Leftovers
|-damage|p2a: Quagsire|40/100 slp|[from] Leech Seed|[of] p1a: Breloom
|upkeep
|turn|22
|
|t:|1662026483
|move|p1a: Breloom|Drain Punch|p2a: Quagsire
|-damage|p2a: Quagsire|17/100 slp
|cant|p2a: Quagsire|slp
|
|-heal|p2a: Quagsire|23/100 slp|[from] item: Leftovers
|-damage|p2a: Quagsire|11/100 slp|[from] Leech Seed|[of] p1a: Breloom
|upkeep
|turn|23
|
|t:|1662026487
|move|p1a: Breloom|Drain Punch|p2a: Quagsire
|-damage|p2a: Quagsire|0 fnt
|faint|p2a: Quagsire
|
|upkeep
|
|t:|1662026491
|switch|p2a: Quagsire|Quagsire, F|100/100
|turn|24
|
|t:|1662026493
|move|p1a: Breloom|Spore|p2a: Quagsire
|-status|p2a: Quagsire|slp|[from] move: Spore
|cant|p2a: Quagsire|slp
|
|upkeep
|turn|25
|
|t:|1662026500
|move|p1a: Breloom|Leech Seed|p2a: Quagsire
|-start|p2a: Quagsire|move: Leech Seed
|-curestatus|p2a: Quagsire|slp|[msg]
|move|p2a: Quagsire|Scald|p1a: Breloom
|-resisted|p1a: Breloom
|-end|p1a: Breloom|Substitute
|
|-damage|p2a: Quagsire|88/100|[from] Leech Seed|[of] p1a: Breloom
|upkeep
|turn|26
|
|t:|1662026508
|move|p1a: Breloom|Spore|p2a: Quagsire
|-status|p2a: Quagsire|slp|[from] move: Spore
|cant|p2a: Quagsire|slp
|
|-heal|p2a: Quagsire|94/100 slp|[from] item: Leftovers
|-damage|p2a: Quagsire|82/100 slp|[from] Leech Seed|[of] p1a: Breloom
|upkeep
|turn|27
|
|t:|1662026511
|move|p1a: Breloom|Substitute|p1a: Breloom
|-start|p1a: Breloom|Substitute
|-damage|p1a: Breloom|76/100 tox
|-curestatus|p2a: Quagsire|slp|[msg]
|move|p2a: Quagsire|Scald|p1a: Breloom
|-resisted|p1a: Breloom
|-activate|p1a: Breloom|move: Substitute|[damage]
|
|-heal|p2a: Quagsire|88/100|[from] item: Leftovers
|-damage|p2a: Quagsire|76/100|[from] Leech Seed|[of] p1a: Breloom
|-heal|p1a: Breloom|91/100 tox|[silent]
|-heal|p1a: Breloom|100/100 tox|[from] ability: Poison Heal
|upkeep
|turn|28
|l|☆CLEAR GEM清瑜
|inactive|CLEAR GEM清瑜 disconnected and has a minute to reconnect!
|player|p2|
|j|☆CLEAR GEM清瑜
|inactive|CLEAR GEM清瑜 reconnected and has 110 seconds left.
|player|p2|CLEAR GEM清瑜|skierf
|
|t:|1662026557
|move|p1a: Breloom|Spore|p2a: Quagsire
|-status|p2a: Quagsire|slp|[from] move: Spore
|cant|p2a: Quagsire|slp
|
|-heal|p2a: Quagsire|82/100 slp|[from] item: Leftovers
|-damage|p2a: Quagsire|70/100 slp|[from] Leech Seed|[of] p1a: Breloom
|upkeep
|turn|29
|
|t:|1662026572
|move|p1a: Breloom|Drain Punch|p2a: Quagsire
|-damage|p2a: Quagsire|49/100 slp
|-curestatus|p2a: Quagsire|slp|[msg]
|move|p2a: Quagsire|Recover|p2a: Quagsire
|-heal|p2a: Quagsire|99/100
|
|-heal|p2a: Quagsire|100/100|[from] item: Leftovers
|-damage|p2a: Quagsire|88/100|[from] Leech Seed|[of] p1a: Breloom
|upkeep
|turn|30
|inactive|CLEAR GEM清瑜 has 120 seconds left.
|l|☆CLEAR GEM清瑜
|inactive|CLEAR GEM清瑜 disconnected and has a minute to reconnect!
|player|p2|
|inactive|CLEAR GEM清瑜 has 30 seconds to reconnect!
|inactive|CLEAR GEM清瑜 has 20 seconds to reconnect!
|j|☆CLEAR GEM清瑜
|inactive|CLEAR GEM清瑜 reconnected and has 80 seconds left.
|player|p2|CLEAR GEM清瑜|skierf
|
|t:|1662026623
|move|p1a: Breloom|Spore|p2a: Quagsire
|-status|p2a: Quagsire|slp|[from] move: Spore
|cant|p2a: Quagsire|slp
|
|-heal|p2a: Quagsire|94/100 slp|[from] item: Leftovers
|-damage|p2a: Quagsire|82/100 slp|[from] Leech Seed|[of] p1a: Breloom
|upkeep
|turn|31
|
|t:|1662026628
|move|p1a: Breloom|Drain Punch|p2a: Quagsire
|-damage|p2a: Quagsire|61/100 slp
|-curestatus|p2a: Quagsire|slp|[msg]
|move|p2a: Quagsire|Scald|p1a: Breloom
|-resisted|p1a: Breloom
|-end|p1a: Breloom|Substitute
|
|-heal|p2a: Quagsire|67/100|[from] item: Leftovers
|-damage|p2a: Quagsire|55/100|[from] Leech Seed|[of] p1a: Breloom
|upkeep
|turn|32
|inactive|CLEAR GEM清瑜 has 90 seconds left.
|
|t:|1662026638
|move|p1a: Breloom|Drain Punch|p2a: Quagsire
|-damage|p2a: Quagsire|32/100
|move|p2a: Quagsire|Scald|p1a: Breloom
|-resisted|p1a: Breloom
|-damage|p1a: Breloom|87/100 tox
|
|-heal|p2a: Quagsire|38/100|[from] item: Leftovers
|-damage|p2a: Quagsire|26/100|[from] Leech Seed|[of] p1a: Breloom
|-heal|p1a: Breloom|100/100 tox|[silent]
|upkeep
|turn|33
|inactive|CLEAR GEM清瑜 has 90 seconds left.
|
|t:|1662026662
|move|p1a: Breloom|Spore|p2a: Quagsire
|-status|p2a: Quagsire|slp|[from] move: Spore
|cant|p2a: Quagsire|slp
|
|-heal|p2a: Quagsire|32/100 slp|[from] item: Leftovers
|-damage|p2a: Quagsire|20/100 slp|[from] Leech Seed|[of] p1a: Breloom
|upkeep
|turn|34
|
|t:|1662026666
|move|p1a: Breloom|Drain Punch|p2a: Quagsire
|-damage|p2a: Quagsire|0 fnt
|faint|p2a: Quagsire
|
|upkeep
|inactive|CLEAR GEM清瑜 has 90 seconds left.
|
|t:|1662026685
|switch|p2a: Quagsire|Quagsire, M|100/100
|turn|35
|
|t:|1662026691
|move|p1a: Breloom|Spore|p2a: Quagsire
|-status|p2a: Quagsire|slp|[from] move: Spore
|cant|p2a: Quagsire|slp
|
|upkeep
|turn|36
|
|t:|1662026696
|move|p1a: Breloom|Leech Seed|p2a: Quagsire
|-start|p2a: Quagsire|move: Leech Seed
|cant|p2a: Quagsire|slp
|
|-damage|p2a: Quagsire|88/100 slp|[from] Leech Seed|[of] p1a: Breloom
|upkeep
|turn|37
|
|t:|1662026703
|move|p1a: Breloom|Drain Punch|p2a: Quagsire
|-damage|p2a: Quagsire|63/100 slp
|cant|p2a: Quagsire|slp
|
|-heal|p2a: Quagsire|69/100 slp|[from] item: Leftovers
|-damage|p2a: Quagsire|57/100 slp|[from] Leech Seed|[of] p1a: Breloom
|upkeep
|turn|38
|
|t:|1662026712
|move|p1a: Breloom|Drain Punch|p2a: Quagsire
|-damage|p2a: Quagsire|33/100 slp
|-curestatus|p2a: Quagsire|slp|[msg]
|move|p2a: Quagsire|Scald|p1a: Breloom
|-resisted|p1a: Breloom
|-damage|p1a: Breloom|85/100 tox
|
|-heal|p2a: Quagsire|39/100|[from] item: Leftovers
|-damage|p2a: Quagsire|27/100|[from] Leech Seed|[of] p1a: Breloom
|-heal|p1a: Breloom|99/100 tox|[silent]
|-heal|p1a: Breloom|100/100 tox|[from] ability: Poison Heal
|upkeep
|turn|39
|
|t:|1662026714
|move|p1a: Breloom|Spore|p2a: Quagsire
|-status|p2a: Quagsire|slp|[from] move: Spore
|cant|p2a: Quagsire|slp
|
|-heal|p2a: Quagsire|33/100 slp|[from] item: Leftovers
|-damage|p2a: Quagsire|21/100 slp|[from] Leech Seed|[of] p1a: Breloom
|upkeep
|turn|40
|
|t:|1662026718
|move|p1a: Breloom|Drain Punch|p2a: Quagsire
|-damage|p2a: Quagsire|0 fnt
|faint|p2a: Quagsire
|
|upkeep
|
|t:|1662026720
|switch|p2a: Quagsire|Quagsire, M|100/100
|turn|41
|
|t:|1662026730
|-start|p2a: Quagsire|Dynamax|
|-heal|p2a: Quagsire|100/100|[silent]
|move|p1a: Breloom|Spore|p2a: Quagsire
|-status|p2a: Quagsire|slp|[from] move: Spore
|cant|p2a: Quagsire|slp
|
|upkeep
|turn|42
|
|t:|1662026736
|move|p1a: Breloom|Leech Seed|p2a: Quagsire
|-start|p2a: Quagsire|move: Leech Seed
|cant|p2a: Quagsire|slp
|
|-damage|p2a: Quagsire|94/100 slp|[from] Leech Seed|[of] p1a: Breloom
|upkeep
|turn|43
|l|☆CLEAR GEM清瑜
|inactive|CLEAR GEM清瑜 disconnected and has a minute to reconnect!
|player|p2|
|j|☆CLEAR GEM清瑜
|inactive|CLEAR GEM清瑜 reconnected and has 120 seconds left.
|player|p2|CLEAR GEM清瑜|skierf
|
|t:|1662026773
|move|p1a: Breloom|Substitute|p1a: Breloom
|-start|p1a: Breloom|Substitute
|-damage|p1a: Breloom|76/100 tox
|cant|p2a: Quagsire|slp
|
|-heal|p2a: Quagsire|97/100 slp|[from] item: Leftovers
|-damage|p2a: Quagsire|91/100 slp|[from] Leech Seed|[of] p1a: Breloom
|-heal|p1a: Breloom|91/100 tox|[silent]
|-heal|p1a: Breloom|100/100 tox|[from] ability: Poison Heal
|upkeep
|-end|p2a: Quagsire|Dynamax
|-heal|p2a: Quagsire|91/100 slp|[silent]
|turn|44
|
|t:|1662026783
|move|p1a: Breloom|Spore|p2a: Quagsire
|-fail|p2a: Quagsire|slp
|-curestatus|p2a: Quagsire|slp|[msg]
|move|p2a: Quagsire|Earthquake|p1a: Breloom
|-resisted|p1a: Breloom
|-activate|p1a: Breloom|move: Substitute|[damage]
|
|-heal|p2a: Quagsire|97/100|[from] item: Leftovers
|-damage|p2a: Quagsire|85/100|[from] Leech Seed|[of] p1a: Breloom
|upkeep
|turn|45
|
|t:|1662026785
|move|p1a: Breloom|Spore|p2a: Quagsire
|-status|p2a: Quagsire|slp|[from] move: Spore
|cant|p2a: Quagsire|slp
|
|-heal|p2a: Quagsire|91/100 slp|[from] item: Leftovers
|-damage|p2a: Quagsire|79/100 slp|[from] Leech Seed|[of] p1a: Breloom
|upkeep
|turn|46
|l|☆CLEAR GEM清瑜
|inactive|CLEAR GEM清瑜 disconnected and has a minute to reconnect!
|player|p2|
|
|t:|1662026806
|move|p1a: Breloom|Spore|p2a: Quagsire
|-fail|p2a: Quagsire|slp
|-curestatus|p2a: Quagsire|slp|[msg]
|move|p2a: Quagsire|Scald|p1a: Breloom
|-resisted|p1a: Breloom
|-end|p1a: Breloom|Substitute
|
|-heal|p2a: Quagsire|85/100|[from] item: Leftovers
|-damage|p2a: Quagsire|73/100|[from] Leech Seed|[of] p1a: Breloom
|upkeep
|turn|47
|j|☆CLEAR GEM清瑜
|inactive|CLEAR GEM清瑜 reconnected and has 140 seconds left.
|player|p2|CLEAR GEM清瑜|skierf
|
|t:|1662026821
|move|p1a: Breloom|Spore|p2a: Quagsire
|-status|p2a: Quagsire|slp|[from] move: Spore
|cant|p2a: Quagsire|slp
|
|-heal|p2a: Quagsire|79/100 slp|[from] item: Leftovers
|-damage|p2a: Quagsire|67/100 slp|[from] Leech Seed|[of] p1a: Breloom
|upkeep
|turn|48
|
|t:|1662026834
|move|p1a: Breloom|Leech Seed||[still]
|-fail|p1a: Breloom
|cant|p2a: Quagsire|slp
|
|-heal|p2a: Quagsire|73/100 slp|[from] item: Leftovers
|-damage|p2a: Quagsire|60/100 slp|[from] Leech Seed|[of] p1a: Breloom
|upkeep
|turn|49
|
|t:|1662026837
|move|p1a: Breloom|Spore|p2a: Quagsire
|-fail|p2a: Quagsire|slp
|cant|p2a: Quagsire|slp
|
|-heal|p2a: Quagsire|67/100 slp|[from] item: Leftovers
|-damage|p2a: Quagsire|54/100 slp|[from] Leech Seed|[of] p1a: Breloom
|upkeep
|turn|50
|
|t:|1662026839
|move|p1a: Breloom|Spore|p2a: Quagsire
|-fail|p2a: Quagsire|slp
|-curestatus|p2a: Quagsire|slp|[msg]
|move|p2a: Quagsire|Scald|p1a: Breloom
|-resisted|p1a: Breloom
|-crit|p1a: Breloom
|-damage|p1a: Breloom|80/100 tox
|
|-heal|p2a: Quagsire|60/100|[from] item: Leftovers
|-damage|p2a: Quagsire|48/100|[from] Leech Seed|[of] p1a: Breloom
|-heal|p1a: Breloom|95/100 tox|[silent]
|-heal|p1a: Breloom|100/100 tox|[from] ability: Poison Heal
|upkeep
|turn|51
|
|t:|1662026841
|move|p1a: Breloom|Spore|p2a: Quagsire
|-status|p2a: Quagsire|slp|[from] move: Spore
|cant|p2a: Quagsire|slp
|
|-heal|p2a: Quagsire|54/100 slp|[from] item: Leftovers
|-damage|p2a: Quagsire|42/100 slp|[from] Leech Seed|[of] p1a: Breloom
|upkeep
|turn|52
|
|t:|1662026843
|switch|p1a: Calyrex|Calyrex-Shadow|100/100
|-ability|p1a: Calyrex|As One
|-ability|p1a: Calyrex|Unnerve
|-curestatus|p2a: Quagsire|slp|[msg]
|move|p2a: Quagsire|Scald|p1a: Calyrex
|-damage|p1a: Calyrex|83/100
|
|-heal|p2a: Quagsire|48/100|[from] item: Leftovers
|-damage|p2a: Quagsire|36/100|[from] Leech Seed|[of] p1a: Calyrex
|-heal|p1a: Calyrex|97/100|[silent]
|upkeep
|turn|53
|
|t:|1662026847
|move|p1a: Calyrex|Giga Drain|p2a: Quagsire
|-supereffective|p2a: Quagsire
|-damage|p2a: Quagsire|0 fnt
|-heal|p1a: Calyrex|100/100|[from] drain|[of] p2a: Quagsire
|faint|p2a: Quagsire
|
|win|AdamHaziq
|raw|AdamHaziq's rating: 1676 &rarr; <strong>1701</strong><br />(+25 for winning)
|raw|CLEAR GEM清瑜's rating: 1774 &rarr; <strong>1749</strong><br />(-25 for losing)
|c|☆CLEAR GEM清瑜|gg
|c|☆AdamHaziq|gg
|c|☆CLEAR GEM清瑜|XD
|l|☆AdamHaziq
