|j|☆Ike745
|j|☆seidou52
|t:|1658784602
|gametype|singles
|player|p1|Ike745|blue|1756
|player|p2|seidou52|lucas|1880
|teamsize|p1|6
|teamsize|p2|6
|gen|8
|tier|[Gen 8] National Dex AG
|rated|
|rule|HP Percentage Mod: HP is shown in percentages
|rule|Endless Battle Clause: Forcing endless battles is banned
|clearpoke
|poke|p1|Rayquaza|
|poke|p1|Groudon|
|poke|p1|Arceus-*|
|poke|p1|Calyrex-Shadow|
|poke|p1|Yveltal|
|poke|p1|Necrozma-Dusk-Mane|
|poke|p2|Ho-Oh|
|poke|p2|Tangrowth, M|
|poke|p2|Xerneas-*|
|poke|p2|Yveltal|
|poke|p2|Necrozma-Dusk-Mane|
|poke|p2|Eternatus|
|teampreview
|
|t:|1658784605
|start
|switch|p1a: Groudon|Groudon, shiny|100/100
|switch|p2a: Eternatus|Eternatus|100/100
|-ability|p2a: Eternatus|Pressure
|detailschange|p1a: Groudon|Groudon-Primal, shiny
|-primal|p1a: Groudon
|-weather|DesolateLand|[from] ability: Desolate Land|[of] p1a: Groudon
|turn|1
|inactive|Battle timer is ON: inactive players will automatically lose when time's up. (requested by Ike745)
|
|t:|1658784613
|move|p2a: Eternatus|Dynamax Cannon|p1a: Groudon
|-crit|p1a: Groudon
|-damage|p1a: Groudon|8/100
|move|p1a: Groudon|Precipice Blades|p2a: Eternatus
|-supereffective|p2a: Eternatus
|-damage|p2a: Eternatus|0 fnt
|faint|p2a: Eternatus
|
|-weather|DesolateLand|[upkeep]
|upkeep
|j| DrippinSauce
|j| kek1445645
|c|☆Ike745|crit monger
|
|t:|1658784632
|switch|p2a: Xerneas|Xerneas, shiny|100/100
|-ability|p2a: Xerneas|Fairy Aura
|turn|2
|
|t:|1658784636
|move|p2a: Xerneas|Draining Kiss|p1a: Groudon
|-resisted|p1a: Groudon
|-damage|p1a: Groudon|0 fnt
|faint|p1a: Groudon
|-weather|none
|
|upkeep
|j| baddestagplayer
|c| kek1445645|WOWZA
|
|t:|1658784665
|switch|p1a: Necrozma|Necrozma-Dusk-Mane|100/100
|turn|3
|inactive|Ike745 has 120 seconds left.
|
|t:|1658784685
|switch|p2a: Tangrowth|Tangrowth, M, shiny|100/100
|move|p1a: Necrozma|Dragon Dance|p1a: Necrozma
|-boost|p1a: Necrozma|atk|1
|-boost|p1a: Necrozma|spe|1
|
|upkeep
|turn|4
|inactive|Ike745 has 120 seconds left.
|
|t:|1658784696
|detailschange|p1a: Necrozma|Necrozma-Ultra
|-burst|p1a: Necrozma|Necrozma|Ultranecrozium Z
|move|p1a: Necrozma|Photon Geyser|p2a: Tangrowth
|-damage|p2a: Tangrowth|50/100
|move|p2a: Tangrowth|Leech Seed|p1a: Necrozma
|-start|p1a: Necrozma|move: Leech Seed
|
|-heal|p2a: Tangrowth|57/100|[from] item: Leftovers
|-damage|p1a: Necrozma|88/100|[from] Leech Seed|[of] p2a: Tangrowth
|-heal|p2a: Tangrowth|69/100|[silent]
|upkeep
|turn|5
|inactive|Ike745 has 120 seconds left.
|
|t:|1658784732
|switch|p2a: Necrozma|Necrozma-Dusk-Mane, shiny|100/100
|move|p1a: Necrozma|Dragon Dance|p1a: Necrozma
|-boost|p1a: Necrozma|atk|1
|-boost|p1a: Necrozma|spe|1
|
|-damage|p1a: Necrozma|76/100|[from] Leech Seed|[of] p2a: Necrozma
|upkeep
|turn|6
|
|t:|1658784741
|move|p1a: Necrozma|Earthquake|p2a: Necrozma
|-supereffective|p2a: Necrozma
|-damage|p2a: Necrozma|9/100
|move|p2a: Necrozma|Morning Sun|p2a: Necrozma
|-heal|p2a: Necrozma|59/100
|
|-damage|p1a: Necrozma|63/100|[from] Leech Seed|[of] p2a: Necrozma
|-heal|p2a: Necrozma|71/100|[silent]
|upkeep
|turn|7
|
|t:|1658784751
|switch|p2a: Yveltal|Yveltal, shiny|100/100
|-ability|p2a: Yveltal|Dark Aura
|move|p1a: Necrozma|Stone Edge|p2a: Yveltal|[miss]
|-miss|p1a: Necrozma|p2a: Yveltal
|
|-damage|p1a: Necrozma|51/100|[from] Leech Seed|[of] p2a: Yveltal
|upkeep
|turn|8
|c| kek1445645|YOU SUCK
|c| kek1445645|GARBO PLAYA
|c| DrippinSauce|lucky player
|c|☆Ike745|NAH BRO
|c| kek1445645|RATIO'D
|
|t:|1658784771
|switch|p2a: Tangrowth|Tangrowth, M, shiny|100/100
|move|p1a: Necrozma|Dragon Dance|p1a: Necrozma
|-boost|p1a: Necrozma|atk|1
|-boost|p1a: Necrozma|spe|1
|
|-damage|p1a: Necrozma|39/100|[from] Leech Seed|[of] p2a: Tangrowth
|upkeep
|turn|9
|
|t:|1658784775
|switch|p2a: Yveltal|Yveltal, shiny|100/100
|-ability|p2a: Yveltal|Dark Aura
|-zpower|p1a: Necrozma
|move|p1a: Necrozma|Light That Burns the Sky|p2a: Yveltal|[zeffect]
|-immune|p2a: Yveltal
|
|-damage|p1a: Necrozma|26/100|[from] Leech Seed|[of] p2a: Yveltal
|upkeep
|turn|10
|
|t:|1658784781
|switch|p2a: Tangrowth|Tangrowth, M, shiny|100/100
|move|p1a: Necrozma|Stone Edge|p2a: Tangrowth
|-damage|p2a: Tangrowth|40/100
|
|-heal|p2a: Tangrowth|47/100|[from] item: Leftovers
|-damage|p1a: Necrozma|14/100|[from] Leech Seed|[of] p2a: Tangrowth
|-heal|p2a: Tangrowth|59/100|[silent]
|upkeep
|turn|11
|
|t:|1658784784
|switch|p2a: Necrozma|Necrozma-Dusk-Mane, shiny|71/100
|move|p1a: Necrozma|Stone Edge|p2a: Necrozma|[miss]
|-miss|p1a: Necrozma|p2a: Necrozma
|
|-damage|p1a: Necrozma|2/100|[from] Leech Seed|[of] p2a: Necrozma
|-heal|p2a: Necrozma|83/100|[silent]
|upkeep
|turn|12
|
|t:|1658784788
|switch|p2a: Tangrowth|Tangrowth, M, shiny|92/100
|move|p1a: Necrozma|Stone Edge|p2a: Tangrowth
|-damage|p2a: Tangrowth|27/100
|
|-heal|p2a: Tangrowth|33/100|[from] item: Leftovers
|-damage|p1a: Necrozma|0 fnt|[from] Leech Seed|[of] p2a: Tangrowth
|-heal|p2a: Tangrowth|34/100|[silent]
|faint|p1a: Necrozma
|upkeep
|c|☆seidou52|lol
|c|☆Ike745|lucky ass
|c| baddestagplayer|stone miss
|inactive|Ike745 has 120 seconds left.
|c| DrippinSauce|LOOOOL
|c|☆Ike745|miss edge
|c| DrippinSauce|miss edge
|c| kek1445645|nah ike u sum trash
|c| kek1445645|real gs hit it
|c| kek1445645|u aint bout that life
|c|☆Ike745|just like yo pick up game
|
|t:|1658784825
|switch|p1a: Yveltal|Yveltal|100/100
|-ability|p1a: Yveltal|Dark Aura
|turn|13
|c| kek1445645|what would andrew tate do
|c| kek1445645|?
|c| kek1445645|he aint miss a stone edge in his LIFE
|
|t:|1658784837
|switch|p2a: Yveltal|Yveltal, shiny|100/100
|-ability|p2a: Yveltal|Dark Aura
|-start|p1a: Yveltal|Dynamax|
|-heal|p1a: Yveltal|100/100|[silent]
|move|p1a: Yveltal|Max Airstream|p2a: Yveltal
|-damage|p2a: Yveltal|44/100
|-boost|p1a: Yveltal|spe|1
|-damage|p1a: Yveltal|96/100|[from] item: Life Orb
|
|upkeep
|turn|14
|
|t:|1658784840
|switch|p2a: Ho-Oh|Ho-Oh, shiny|100/100
|move|p1a: Yveltal|Max Darkness|p2a: Ho-Oh
|-damage|p2a: Ho-Oh|45/100
|-unboost|p2a: Ho-Oh|spd|1
|-damage|p1a: Yveltal|91/100|[from] item: Life Orb
|
|upkeep
|turn|15
|c| kek1445645|when he runs the  move its called STONE CRIT
|
|t:|1658784844
|switch|p2a: Tangrowth|Tangrowth, M, shiny|67/100
|move|p1a: Yveltal|Max Airstream|p2a: Tangrowth
|-supereffective|p2a: Tangrowth
|-damage|p2a: Tangrowth|0 fnt
|-boost|p1a: Yveltal|spe|1
|faint|p2a: Tangrowth
|-damage|p1a: Yveltal|86/100|[from] item: Life Orb
|
|upkeep
|
|t:|1658784847
|switch|p2a: Xerneas|Xerneas, shiny|100/100
|-ability|p2a: Xerneas|Fairy Aura
|-end|p1a: Yveltal|Dynamax
|-heal|p1a: Yveltal|86/100|[silent]
|turn|16
|
|t:|1658784857
|move|p1a: Yveltal|Oblivion Wing|p2a: Xerneas
|-damage|p2a: Xerneas|51/100
|-heal|p1a: Yveltal|100/100|[from] drain|[of] p2a: Xerneas
|-damage|p1a: Yveltal|91/100|[from] item: Life Orb
|move|p2a: Xerneas|Geomancy||[still]
|-prepare|p2a: Xerneas|Geomancy
|-enditem|p2a: Xerneas|Power Herb
|-anim|p2a: Xerneas|Geomancy|p2a: Xerneas
|-boost|p2a: Xerneas|spa|2
|-boost|p2a: Xerneas|spd|2
|-boost|p2a: Xerneas|spe|2
|
|upkeep
|turn|17
|
|t:|1658784871
|move|p1a: Yveltal|Oblivion Wing|p2a: Xerneas
|-damage|p2a: Xerneas|26/100
|-heal|p1a: Yveltal|100/100|[from] drain|[of] p2a: Xerneas
|-damage|p1a: Yveltal|91/100|[from] item: Life Orb
|move|p2a: Xerneas|Draining Kiss|p1a: Yveltal
|-supereffective|p1a: Yveltal
|-damage|p1a: Yveltal|0 fnt
|-heal|p2a: Xerneas|86/100|[from] drain|[of] p1a: Yveltal
|faint|p1a: Yveltal
|
|upkeep
|
|t:|1658784886
|switch|p1a: Arceus|Arceus, shiny|100/100
|turn|18
|c|☆Ike745|no honor
|c|☆Ike745|stone edge misser
|c|☆Ike745|i outplayed u
|c|☆Ike745|so hard
|c| kek1445645|COPE\
|c|☆Ike745|u should forfeit
|c| kek1445645|COPE COPE COPE COPE COPE COPE COPE COPE COPE COPE COPE COPE COPE COPE COPE COPE COPE COPE COPE COPE COPE COPE COPE COPE COPE COPE COPE COPE COPE COPE COPE COPE COPE COPE COPE COPE COPE
|c|☆Ike745|u aint deserve this
|
|t:|1658784911
|move|p2a: Xerneas|Draining Kiss|p1a: Arceus
|-damage|p1a: Arceus|62/100
|-heal|p2a: Xerneas|100/100|[from] drain|[of] p1a: Arceus
|move|p1a: Arceus|Swords Dance|p1a: Arceus
|-boost|p1a: Arceus|atk|2
|
|upkeep
|turn|19
|
|t:|1658784918
|-start|p2a: Xerneas|Dynamax|
|-heal|p2a: Xerneas|100/100|[silent]
|move|p1a: Arceus|Extreme Speed|p2a: Xerneas
|-damage|p2a: Xerneas|73/100
|move|p2a: Xerneas|Max Starfall|p1a: Arceus
|-damage|p1a: Arceus|0 fnt
|-fieldstart|move: Misty Terrain
|faint|p1a: Arceus
|
|upkeep
|
|t:|1658784928
|switch|p1a: Rayquaza|Rayquaza|100/100
|-ability|p1a: Rayquaza|Air Lock
|turn|20
|
|t:|1658784933
|detailschange|p1a: Rayquaza|Rayquaza-Mega
|-mega|p1a: Rayquaza|Rayquaza|
|-weather|DeltaStream|[from] ability: Delta Stream|[of] p1a: Rayquaza
|move|p2a: Xerneas|Max Starfall|p1a: Rayquaza
|-supereffective|p1a: Rayquaza
|-enditem|p1a: Rayquaza|Focus Sash
|-damage|p1a: Rayquaza|1/100
|move|p1a: Rayquaza|Dragon Dance|p1a: Rayquaza
|-boost|p1a: Rayquaza|atk|1
|-boost|p1a: Rayquaza|spe|1
|
|-weather|DeltaStream|[upkeep]
|upkeep
|turn|21
|
|t:|1658784939
|move|p1a: Rayquaza|Extreme Speed|p2a: Xerneas
|-damage|p2a: Xerneas|55/100
|move|p2a: Xerneas|Max Starfall|p1a: Rayquaza
|-supereffective|p1a: Rayquaza
|-damage|p1a: Rayquaza|0 fnt
|faint|p1a: Rayquaza
|-weather|none
|
|upkeep
|
|t:|1658784942
|switch|p1a: Calyrex|Calyrex-Shadow|100/100
|-ability|p1a: Calyrex|As One
|-ability|p1a: Calyrex|Unnerve
|-end|p2a: Xerneas|Dynamax
|-heal|p2a: Xerneas|55/100|[silent]
|turn|22
|
|t:|1658784948
|move|p2a: Xerneas|Draining Kiss|p1a: Calyrex
|-damage|p1a: Calyrex|40/100
|-heal|p2a: Xerneas|90/100|[from] drain|[of] p1a: Calyrex
|move|p1a: Calyrex|Psyshock|p2a: Xerneas
|-damage|p2a: Xerneas|59/100
|
|upkeep
|turn|23
|
|t:|1658784952
|move|p2a: Xerneas|Draining Kiss|p1a: Calyrex
|-damage|p1a: Calyrex|0 fnt
|-heal|p2a: Xerneas|81/100|[from] drain|[of] p1a: Calyrex
|faint|p1a: Calyrex
|
|win|seidou52
|raw|Ike745's rating: 1756 &rarr; <strong>1739</strong><br />(-17 for losing)
|raw|seidou52's rating: 1816 &rarr; <strong>1833</strong><br />(+17 for winning)
|c|☆Ike745|u should forfiet
|c|☆Ike745|u aint deserve that
|l| DrippinSauce
|c|☆Ike745|i was reading yo ass all day
|l| kek1445645
|l|☆Ike745
||Ladder isn't responding, score probably updated but might not have (Request timeout).
