|j|☆Memedose46
|j|☆copperspray
|t:|1624800379
|gametype|singles
|player|p1|Memedose46|riley|1391
|player|p2|copperspray|juan|1416
|teamsize|p1|6
|teamsize|p2|6
|gen|8
|tier|[Gen 8] National Dex AG
|rated|
|rule|HP Percentage Mod: HP is shown in percentages
|rule|Endless Battle Clause: Forcing endless battles is banned
|clearpoke
|poke|p1|Calyrex-Shadow|
|poke|p1|Arceus-*|
|poke|p1|Groudon|
|poke|p1|Necrozma-Dusk-Mane|
|poke|p1|Yveltal|
|poke|p1|Zacian-*|
|poke|p2|Ho-Oh|
|poke|p2|Yveltal|
|poke|p2|Necrozma-Dusk-Mane|
|poke|p2|Tyranitar, M|
|poke|p2|Zygarde|
|poke|p2|Kyogre|
|teampreview
|inactive|Battle timer is ON: inactive players will automatically lose when time's up. (requested by Memedose46)
|inactive|copperspray also wants the timer to be on.
|
|t:|1624800386
|start
|switch|p1a: Groudon|Groudon|100/100
|switch|p2a: Zygarde|Zygarde|100/100
|detailschange|p1a: Groudon|Groudon-Primal
|-primal|p1a: Groudon
|-weather|DesolateLand|[from] ability: Desolate Land|[of] p1a: Groudon
|turn|1
|
|t:|1624800391
|move|p1a: Groudon|Precipice Blades|p2a: Zygarde
|-damage|p2a: Zygarde|60/100
|move|p2a: Zygarde|Glare|p1a: Groudon
|-status|p1a: Groudon|par
|
|-weather|DesolateLand|[upkeep]
|-heal|p2a: Zygarde|66/100|[from] item: Leftovers
|upkeep
|turn|2
|
|t:|1624800396
|move|p2a: Zygarde|Thousand Arrows|p1a: Groudon
|-supereffective|p1a: Groudon
|-damage|p1a: Groudon|66/100 par
|move|p1a: Groudon|Precipice Blades|p2a: Zygarde
|-damage|p2a: Zygarde|26/100
|
|-weather|DesolateLand|[upkeep]
|-heal|p2a: Zygarde|32/100|[from] item: Leftovers
|-activate|p2a: Zygarde|ability: Power Construct
|detailschange|p2a: Zygarde|Zygarde-Complete
|-heal|p2a: Zygarde|55/100|[silent]
|upkeep
|turn|3
|
|t:|1624800403
|move|p2a: Zygarde|Thousand Arrows|p1a: Groudon
|-supereffective|p1a: Groudon
|-damage|p1a: Groudon|33/100 par
|move|p1a: Groudon|Precipice Blades|p2a: Zygarde|[miss]
|-miss|p1a: Groudon|p2a: Zygarde
|
|-weather|DesolateLand|[upkeep]
|-heal|p2a: Zygarde|61/100|[from] item: Leftovers
|upkeep
|turn|4
|
|t:|1624800409
|move|p2a: Zygarde|Thousand Arrows|p1a: Groudon
|-supereffective|p1a: Groudon
|-crit|p1a: Groudon
|-damage|p1a: Groudon|0 fnt
|faint|p1a: Groudon
|-weather|none
|
|-heal|p2a: Zygarde|67/100|[from] item: Leftovers
|upkeep
|
|t:|1624800415
|switch|p1a: Zacian|Zacian-Crowned|100/100
|-ability|p1a: Zacian|Intrepid Sword|boost
|-boost|p1a: Zacian|atk|1
|turn|5
|
|t:|1624800422
|switch|p2a: Ho-Oh|Ho-Oh|100/100
|move|p1a: Zacian|Swords Dance|p1a: Zacian
|-boost|p1a: Zacian|atk|2
|
|upkeep
|turn|6
|
|t:|1624800443
|-start|p2a: Ho-Oh|Dynamax
|-heal|p2a: Ho-Oh|100/100|[silent]
|move|p1a: Zacian|Wild Charge|p2a: Ho-Oh
|-supereffective|p2a: Ho-Oh
|-crit|p2a: Ho-Oh
|-damage|p2a: Ho-Oh|0 fnt
|faint|p2a: Ho-Oh
|-damage|p1a: Zacian|36/100|[from] Recoil
|
|upkeep
|c|☆Memedose46|1210 attack zacian
|c|☆Memedose46|LOL
|c|☆Memedose46|REKTTTT
|inactive|copperspray has 120 seconds left.
|c|☆Memedose46|WEEEEEEEEEEEE
|c|☆Memedose46|HAA
|c|☆Memedose46|HAA
|c|☆Memedose46|NERDD
|c|☆Memedose46|REKTT
|inactive|copperspray has 90 seconds left.
|
|t:|1624800490
|switch|p2a: Zygarde|Zygarde-Complete|67/100
|turn|7
|c|☆Memedose46|anyways
|
|t:|1624800493
|move|p1a: Zacian|Behemoth Blade|p2a: Zygarde
|-damage|p2a: Zygarde|5/100
|move|p2a: Zygarde|Haze|p2a: Zygarde
|-clearallboost
|
|-heal|p2a: Zygarde|11/100|[from] item: Leftovers
|upkeep
|turn|8
|
|t:|1624800498
|move|p1a: Zacian|Behemoth Blade|p2a: Zygarde
|-damage|p2a: Zygarde|0 fnt
|faint|p2a: Zygarde
|
|upkeep
|
|t:|1624800506
|switch|p2a: Necrozma|Necrozma-Dusk-Mane, shiny|100/100
|turn|9
|
|t:|1624800521
|detailschange|p2a: Necrozma|Necrozma-Ultra, shiny
|-burst|p2a: Necrozma|Necrozma|Ultranecrozium Z
|move|p1a: Zacian|Close Combat|p2a: Necrozma
|-resisted|p2a: Necrozma
|-damage|p2a: Necrozma|74/100
|-unboost|p1a: Zacian|def|1
|-unboost|p1a: Zacian|spd|1
|move|p2a: Necrozma|Dragon Dance|p2a: Necrozma
|-boost|p2a: Necrozma|atk|1
|-boost|p2a: Necrozma|spe|1
|
|upkeep
|turn|10
|
|t:|1624800529
|move|p2a: Necrozma|Earthquake|p1a: Zacian
|-supereffective|p1a: Zacian
|-damage|p1a: Zacian|0 fnt
|faint|p1a: Zacian
|
|upkeep
|
|t:|1624800531
|switch|p1a: Yveltal|Yveltal|100/100
|-ability|p1a: Yveltal|Dark Aura
|turn|11
|
|t:|1624800534
|-start|p1a: Yveltal|Dynamax
|-heal|p1a: Yveltal|100/100|[silent]
|move|p2a: Necrozma|Rock Blast|p1a: Yveltal|[miss]
|-miss|p2a: Necrozma|p1a: Yveltal
|move|p1a: Yveltal|Max Darkness|p2a: Necrozma
|-supereffective|p2a: Necrozma
|-damage|p2a: Necrozma|0 fnt
|faint|p2a: Necrozma
|
|upkeep
|inactive|copperspray has 120 seconds left.
|c|☆Memedose46|noice
|
|t:|1624800543
|switch|p2a: Tyranitar|Tyranitar, M|100/100
|-weather|Sandstorm|[from] ability: Sand Stream|[of] p2a: Tyranitar
|turn|12
|
|t:|1624800548
|detailschange|p2a: Tyranitar|Tyranitar-Mega, M
|-mega|p2a: Tyranitar|Tyranitar|Tyranitarite
|move|p1a: Yveltal|Max Flutterby|p2a: Tyranitar
|-supereffective|p2a: Tyranitar
|-crit|p2a: Tyranitar
|-damage|p2a: Tyranitar|38/100
|-unboost|p2a: Tyranitar|spa|1
|move|p2a: Tyranitar|Rock Tomb|p1a: Yveltal
|-supereffective|p1a: Yveltal
|-damage|p1a: Yveltal|75/100
|-unboost|p1a: Yveltal|spe|1
|
|-weather|Sandstorm|[upkeep]
|-damage|p1a: Yveltal|71/100|[from] Sandstorm
|upkeep
|turn|13
|
|t:|1624800555
|move|p2a: Tyranitar|Rock Tomb|p1a: Yveltal
|-supereffective|p1a: Yveltal
|-damage|p1a: Yveltal|48/100
|-unboost|p1a: Yveltal|spe|1
|move|p1a: Yveltal|Max Flutterby|p2a: Tyranitar
|-supereffective|p2a: Tyranitar
|-damage|p2a: Tyranitar|0 fnt
|faint|p2a: Tyranitar
|
|-weather|Sandstorm|[upkeep]
|-damage|p1a: Yveltal|45/100|[from] Sandstorm
|-end|p1a: Yveltal|Dynamax
|-heal|p1a: Yveltal|45/100|[silent]
|upkeep
|
|t:|1624800563
|switch|p2a: Kyogre|Kyogre|100/100
|detailschange|p2a: Kyogre|Kyogre-Primal
|-primal|p2a: Kyogre
|-weather|PrimordialSea|[from] ability: Primordial Sea|[of] p2a: Kyogre
|turn|14
|
|t:|1624800572
|move|p2a: Kyogre|Water Spout|p1a: Yveltal
|-damage|p1a: Yveltal|0 fnt
|faint|p1a: Yveltal
|
|-weather|PrimordialSea|[upkeep]
|upkeep
|
|t:|1624800575
|switch|p1a: Arceus|Arceus|100/100
|turn|15
|
|t:|1624800579
|move|p1a: Arceus|Earthquake|p2a: Kyogre
|-damage|p2a: Kyogre|59/100
|move|p2a: Kyogre|Origin Pulse|p1a: Arceus
|-damage|p1a: Arceus|15/100
|
|-weather|PrimordialSea|[upkeep]
|-heal|p1a: Arceus|21/100|[from] item: Leftovers
|upkeep
|turn|16
|
|t:|1624800586
|-weather|none
|switch|p2a: Yveltal|Yveltal|100/100
|-ability|p2a: Yveltal|Dark Aura
|move|p1a: Arceus|Earthquake|p2a: Yveltal
|-immune|p2a: Yveltal
|
|-heal|p1a: Arceus|27/100|[from] item: Leftovers
|upkeep
|turn|17
|
|t:|1624800594
|move|p2a: Yveltal|Oblivion Wing|p1a: Arceus
|-damage|p1a: Arceus|0 fnt
|faint|p1a: Arceus
|-damage|p2a: Yveltal|91/100|[from] item: Life Orb
|
|upkeep
|
|t:|1624800599
|switch|p1a: Calyrex|Calyrex-Shadow|100/100
|-ability|p1a: Calyrex|As One
|-ability|p1a: Calyrex|Unnerve
|turn|18
|
|t:|1624800601
|move|p1a: Calyrex|Psyshock|p2a: Yveltal
|-immune|p2a: Yveltal
|move|p2a: Yveltal|Dark Pulse|p1a: Calyrex
|-supereffective|p1a: Calyrex
|-damage|p1a: Calyrex|0 fnt
|faint|p1a: Calyrex
|-damage|p2a: Yveltal|81/100|[from] item: Life Orb
|
|upkeep
|-message|Memedose46 forfeited.
|
|win|copperspray
|raw|Memedose46's rating: 1391 &rarr; <strong>1372</strong><br />(-19 for losing)
|raw|copperspray's rating: 1416 &rarr; <strong>1435</strong><br />(+19 for winning)
|l|☆Memedose46
