|j|☆Alkir
|j|☆qswdcev
|t:|1601573511
|player|p1|Alkir|sailor|1369
|player|p2|qswdcev|101|1290
|teamsize|p1|6
|teamsize|p2|6
|gametype|singles
|gen|8
|tier|[Gen 8] National Dex AG
|rated|
|clearpoke
|poke|p1|Decidueye, M|
|poke|p1|Greninja, M|
|poke|p1|Zygarde|
|poke|p1|Silvally-*|
|poke|p1|Solgaleo|
|poke|p1|Tapu Koko|
|poke|p2|Polteageist-Antique|
|poke|p2|Rayquaza|
|poke|p2|Whimsicott, F|
|poke|p2|Yveltal|
|poke|p2|Blaziken, M|
|poke|p2|Heracross, M|
|rule|HP Percentage Mod: HP is shown in percentages
|rule|Endless Battle Clause: Forcing endless battles is banned
|teampreview
|inactive|Battle timer is ON: inactive players will automatically lose when time's up. (requested by qswdcev)
|
|t:|1601573517
|start
|switch|p1a: Decidueye|Decidueye, M|100/100
|switch|p2a: Plz Dont Attack Me|Polteageist-Antique, shiny|100/100
|turn|1
|
|t:|1601573528
|move|p2a: Plz Dont Attack Me|Shell Smash|p2a: Plz Dont Attack Me
|-unboost|p2a: Plz Dont Attack Me|def|1
|-unboost|p2a: Plz Dont Attack Me|spd|1
|-boost|p2a: Plz Dont Attack Me|atk|2
|-boost|p2a: Plz Dont Attack Me|spa|2
|-boost|p2a: Plz Dont Attack Me|spe|2
|move|p1a: Decidueye|Poltergeist|p2a: Plz Dont Attack Me|[miss]
|-miss|p1a: Decidueye|p2a: Plz Dont Attack Me
|
|upkeep
|turn|2
|
|t:|1601573543
|switch|p1a: Silvally|Silvally-Steel|100/100
|move|p2a: Plz Dont Attack Me|Shadow Ball|p1a: Silvally
|-damage|p1a: Silvally|33/100
|
|upkeep
|turn|3
|inactive|qswdcev has 120 seconds left.
|
|t:|1601573576
|move|p2a: Plz Dont Attack Me|Shadow Ball|p1a: Silvally
|-damage|p1a: Silvally|0 fnt
|faint|p1a: Silvally
|
|upkeep
|
|t:|1601573590
|switch|p1a: Greninja|Greninja, M|100/100
|turn|4
|inactive|qswdcev has 120 seconds left.
|
|t:|1601573606
|-start|p1a: Greninja|Dynamax
|-heal|p1a: Greninja|100/100|[silent]
|move|p2a: Plz Dont Attack Me|Giga Drain|p1a: Greninja
|-supereffective|p1a: Greninja
|-damage|p1a: Greninja|0 fnt
|faint|p1a: Greninja
|
|upkeep
|
|t:|1601573617
|switch|p1a: Zygarde|Zygarde|100/100
|turn|5
|inactive|qswdcev has 120 seconds left.
|
|t:|1601573660
|move|p2a: Plz Dont Attack Me|Stored Power|p1a: Zygarde
|-damage|p1a: Zygarde|39/100
|move|p1a: Zygarde|Glare|p2a: Plz Dont Attack Me
|-status|p2a: Plz Dont Attack Me|par
|
|-heal|p1a: Zygarde|45/100|[from] item: Leftovers
|-activate|p1a: Zygarde|ability: Power Construct
|detailschange|p1a: Zygarde|Zygarde-Complete
|-heal|p1a: Zygarde|64/100|[silent]
|upkeep
|turn|6
|
|t:|1601573675
|move|p2a: Plz Dont Attack Me|Stored Power|p1a: Zygarde
|-damage|p1a: Zygarde|18/100
|move|p1a: Zygarde|Thousand Arrows|p2a: Plz Dont Attack Me
|-damage|p2a: Plz Dont Attack Me|12/100 par
|-ability|p2a: Plz Dont Attack Me|Weak Armor|boost
|-unboost|p2a: Plz Dont Attack Me|def|1
|-boost|p2a: Plz Dont Attack Me|spe|2
|
|-heal|p1a: Zygarde|24/100|[from] item: Leftovers
|upkeep
|turn|7
|
|t:|1601573686
|move|p2a: Plz Dont Attack Me|Stored Power|p1a: Zygarde
|-damage|p1a: Zygarde|0 fnt
|faint|p1a: Zygarde
|
|upkeep
|
|t:|1601573692
|switch|p1a: Solgaleo|Solgaleo|100/100
|turn|8
|inactive|qswdcev has 120 seconds left.
|
|t:|1601573700
|move|p1a: Solgaleo|Sunsteel Strike|p2a: Plz Dont Attack Me
|-crit|p2a: Plz Dont Attack Me
|-damage|p2a: Plz Dont Attack Me|0 fnt
|faint|p2a: Plz Dont Attack Me
|
|upkeep
|
|t:|1601573703
|switch|p2a: Dark Knight|Yveltal, shiny|100/100
|-ability|p2a: Dark Knight|Dark Aura
|turn|9
|
|t:|1601573707
|move|p1a: Solgaleo|Sunsteel Strike|p2a: Dark Knight
|-damage|p2a: Dark Knight|44/100
|-zpower|p2a: Dark Knight
|move|p2a: Dark Knight|Black Hole Eclipse|p1a: Solgaleo|[zeffect]
|-supereffective|p1a: Solgaleo
|-damage|p1a: Solgaleo|0 fnt
|faint|p1a: Solgaleo
|
|upkeep
|
|t:|1601573719
|switch|p1a: Tapu Koko|Tapu Koko|100/100
|-fieldstart|move: Electric Terrain|[from] ability: Electric Surge|[of] p1a: Tapu Koko
|turn|10
|inactive|qswdcev has 120 seconds left.
|
|t:|1601573749
|move|p2a: Dark Knight|Sucker Punch|p1a: Tapu Koko
|-resisted|p1a: Tapu Koko
|-damage|p1a: Tapu Koko|72/100
|move|p1a: Tapu Koko|Volt Switch|p2a: Dark Knight
|-supereffective|p2a: Dark Knight
|-damage|p2a: Dark Knight|0 fnt
|faint|p2a: Dark Knight
|
|t:|1601573755
|switch|p1a: Decidueye|Decidueye, M|100/100|[from]move: Volt Switch
|
|upkeep
|inactive|qswdcev has 120 seconds left.
|
|t:|1601573772
|switch|p2a: I am speed|Blaziken, M, shiny|100/100
|turn|11
|
|t:|1601573776
|move|p2a: I am speed|Protect|p2a: I am speed
|-singleturn|p2a: I am speed|Protect
|move|p1a: Decidueye|Poltergeist|p2a: I am speed
|-activate|p2a: I am speed|move: Protect
|
|-ability|p2a: I am speed|Speed Boost|boost
|-boost|p2a: I am speed|spe|1
|upkeep
|turn|12
|inactive|qswdcev has 120 seconds left.
|
|t:|1601573795
|move|p2a: I am speed|Flare Blitz|p1a: Decidueye
|-supereffective|p1a: Decidueye
|-damage|p1a: Decidueye|0 fnt
|-damage|p2a: I am speed|68/100|[from] Recoil
|faint|p1a: Decidueye
|
|-ability|p2a: I am speed|Speed Boost|boost
|-boost|p2a: I am speed|spe|1
|upkeep
|
|t:|1601573802
|switch|p1a: Tapu Koko|Tapu Koko|72/100
|turn|13
|
|t:|1601573814
|move|p2a: I am speed|Protect|p2a: I am speed
|-singleturn|p2a: I am speed|Protect
|move|p1a: Tapu Koko|Thunderbolt|p2a: I am speed
|-activate|p2a: I am speed|move: Protect
|
|-ability|p2a: I am speed|Speed Boost|boost
|-boost|p2a: I am speed|spe|1
|upkeep
|turn|14
|
|t:|1601573818
|move|p2a: I am speed|Flare Blitz|p1a: Tapu Koko
|-damage|p1a: Tapu Koko|0 fnt
|-damage|p2a: I am speed|46/100|[from] Recoil
|faint|p1a: Tapu Koko
|
|win|qswdcev
