|j|☆Alice_Finnemore
|j|☆Monsterapper
|t:|1650845073
|gametype|singles
|player|p1|Alice_Finnemore|cynthia|1458
|player|p2|Monsterapper|fisherman-gen4|1498
|teamsize|p1|6
|teamsize|p2|6
|gen|8
|tier|[Gen 8] National Dex AG
|rated|
|rule|HP Percentage Mod: HP is shown in percentages
|rule|Endless Battle Clause: Forcing endless battles is banned
|clearpoke
|poke|p1|Aerodactyl, F|
|poke|p1|Gyarados, F|
|poke|p1|Dragonite, F|
|poke|p1|Dragonite, F|
|poke|p1|Charizard, M|
|poke|p1|Dragonite, M|
|poke|p2|Deoxys-Attack|
|poke|p2|Calyrex-Shadow|
|poke|p2|Zacian-*|
|poke|p2|Clefable, M|
|poke|p2|Salamence, M|
|poke|p2|Chansey, F|
|teampreview
|inactive|Battle timer is ON: inactive players will automatically lose when time's up. (requested by Alice_Finnemore)
|
|t:|1650845082
|start
|switch|p1a: Aerodactyl|Aerodactyl, F|100/100
|switch|p2a: Deoxys|Deoxys-Attack, shiny|100/100
|-ability|p2a: Deoxys|Pressure
|-ability|p1a: Aerodactyl|Pressure
|turn|1
|
|t:|1650845089
|move|p2a: Deoxys|Stealth Rock|p1a: Aerodactyl
|-sidestart|p1: Alice_Finnemore|move: Stealth Rock
|move|p1a: Aerodactyl|Stealth Rock|p2a: Deoxys
|-sidestart|p2: Monsterapper|move: Stealth Rock
|
|upkeep
|turn|2
|
|t:|1650845094
|move|p2a: Deoxys|Ice Beam|p1a: Aerodactyl
|-supereffective|p1a: Aerodactyl
|-enditem|p1a: Aerodactyl|Focus Sash
|-damage|p1a: Aerodactyl|1/100
|move|p1a: Aerodactyl|Rock Tomb|p2a: Deoxys
|-enditem|p2a: Deoxys|Focus Sash
|-damage|p2a: Deoxys|1/100
|-unboost|p2a: Deoxys|spe|1
|
|upkeep
|turn|3
|
|t:|1650845104
|move|p2a: Deoxys|Extreme Speed|p1a: Aerodactyl
|-resisted|p1a: Aerodactyl
|-damage|p1a: Aerodactyl|0 fnt
|faint|p1a: Aerodactyl
|
|upkeep
|
|t:|1650845113
|switch|p1a: Dragonite|Dragonite, F, shiny|100/100
|-damage|p1a: Dragonite|76/100|[from] Stealth Rock
|turn|4
|
|t:|1650845116
|move|p1a: Dragonite|Extreme Speed|p2a: Deoxys
|-crit|p2a: Deoxys
|-damage|p2a: Deoxys|0 fnt
|faint|p2a: Deoxys
|
|upkeep
|
|t:|1650845130
|switch|p2a: Calyrex|Calyrex-Shadow|100/100
|-ability|p2a: Calyrex|As One
|-ability|p2a: Calyrex|Unnerve
|-damage|p2a: Calyrex|88/100|[from] Stealth Rock
|turn|5
|
|t:|1650845136
|move|p2a: Calyrex|Astral Barrage|p1a: Dragonite
|-damage|p1a: Dragonite|0 fnt
|faint|p1a: Dragonite
|-ability|p2a: Calyrex|Grim Neigh|boost
|-boost|p2a: Calyrex|spa|1
|
|upkeep
|
|t:|1650845141
|switch|p1a: Gyarados|Gyarados, F|100/100
|-damage|p1a: Gyarados|76/100|[from] Stealth Rock
|turn|6
|
|t:|1650845145
|-start|p1a: Gyarados|Dynamax|
|-heal|p1a: Gyarados|76/100|[silent]
|move|p2a: Calyrex|Astral Barrage|p1a: Gyarados
|-damage|p1a: Gyarados|14/100
|move|p1a: Gyarados|Max Airstream|p2a: Calyrex
|-damage|p2a: Calyrex|6/100
|-boost|p1a: Gyarados|spe|1
|
|-heal|p1a: Gyarados|17/100|[from] item: Leftovers
|upkeep
|turn|7
|
|t:|1650845157
|move|p2a: Calyrex|Astral Barrage|p1a: Gyarados
|-damage|p1a: Gyarados|0 fnt
|faint|p1a: Gyarados
|-ability|p2a: Calyrex|Grim Neigh|boost
|-boost|p2a: Calyrex|spa|1
|
|upkeep
|
|t:|1650845160
|switch|p1a: Dragonite|Dragonite, F|100/100
|-damage|p1a: Dragonite|76/100|[from] Stealth Rock
|turn|8
|
|t:|1650845166
|move|p2a: Calyrex|Astral Barrage|p1a: Dragonite
|-damage|p1a: Dragonite|0 fnt
|faint|p1a: Dragonite
|-ability|p2a: Calyrex|Grim Neigh|boost
|-boost|p2a: Calyrex|spa|1
|
|upkeep
|
|t:|1650845168
|switch|p1a: Dragonite|Dragonite, M|100/100
|turn|9
|
|t:|1650845174
|move|p2a: Calyrex|Astral Barrage|p1a: Dragonite
|-damage|p1a: Dragonite|24/100
|move|p1a: Dragonite|Dragon Dance|p1a: Dragonite
|-boost|p1a: Dragonite|atk|1
|-boost|p1a: Dragonite|spe|1
|
|upkeep
|turn|10
|
|t:|1650845181
|move|p2a: Calyrex|Astral Barrage|p1a: Dragonite
|-damage|p1a: Dragonite|0 fnt
|faint|p1a: Dragonite
|-ability|p2a: Calyrex|Grim Neigh|boost
|-boost|p2a: Calyrex|spa|1
|
|upkeep
|
|t:|1650845182
|switch|p1a: Charizard|Charizard, M, shiny|100/100
|-damage|p1a: Charizard|51/100|[from] Stealth Rock
|turn|11
|
|t:|1650845191
|move|p2a: Calyrex|Astral Barrage|p1a: Charizard
|-damage|p1a: Charizard|0 fnt
|faint|p1a: Charizard
|
|win|Monsterapper
|raw|Alice_Finnemore's rating: 1458 &rarr; <strong>1440</strong><br />(-18 for losing)
|raw|Monsterapper's rating: 1498 &rarr; <strong>1516</strong><br />(+18 for winning)
|l|☆Alice_Finnemore
