|j|☆EzWins183823
|j|☆ElitetoN
|t:|1661483211
|gametype|singles
|player|p1|EzWins183823|266|1566
|player|p2|ElitetoN|sabrina-masters|1810
|teamsize|p1|6
|teamsize|p2|6
|gen|8
|tier|[Gen 8] National Dex AG
|rated|
|rule|HP Percentage Mod: HP is shown in percentages
|rule|Endless Battle Clause: Forcing endless battles is banned
|clearpoke
|poke|p1|Groudon|
|poke|p1|Hatterene, F|
|poke|p1|Rayquaza|
|poke|p1|Melmetal|
|poke|p1|Tyranitar, F|
|poke|p1|Calyrex-Ice|
|poke|p2|Tyranitar, F|
|poke|p2|Arceus-*|
|poke|p2|Rayquaza|
|poke|p2|Kyogre|
|poke|p2|Necrozma-Dusk-Mane|
|poke|p2|Yveltal|
|teampreview
|inactive|Battle timer is ON: inactive players will automatically lose when time's up. (requested by EzWins183823)
|
|t:|1661483225
|start
|switch|p1a: Groudon|Groudon|100/100
|switch|p2a: Tyranitar|Tyranitar, F|100/100
|-weather|Sandstorm|[from] ability: Sand Stream|[of] p2a: Tyranitar
|detailschange|p1a: Groudon|Groudon-Primal
|-primal|p1a: Groudon
|-weather|DesolateLand|[from] ability: Desolate Land|[of] p1a: Groudon
|turn|1
|
|t:|1661483234
|switch|p2a: Arceus|Arceus-Ground|100/100
|move|p1a: Groudon|Eruption|p2a: Arceus
|-damage|p2a: Arceus|0 fnt
|faint|p2a: Arceus
|
|-weather|DesolateLand|[upkeep]
|upkeep
|
|t:|1661483239
|switch|p2a: Rayquaza|Rayquaza|100/100
|-ability|p2a: Rayquaza|Air Lock
|turn|2
|
|t:|1661483243
|-weather|none
|switch|p1a: Tyranitar|Tyranitar, F|100/100
|-weather|Sandstorm|[from] ability: Sand Stream|[of] p1a: Tyranitar
|detailschange|p2a: Rayquaza|Rayquaza-Mega
|-mega|p2a: Rayquaza|Rayquaza|
|-weather|DeltaStream|[from] ability: Delta Stream|[of] p2a: Rayquaza
|move|p2a: Rayquaza|Dragon Ascent|p1a: Tyranitar
|-resisted|p1a: Tyranitar
|-damage|p1a: Tyranitar|69/100
|-unboost|p2a: Rayquaza|def|1
|-unboost|p2a: Rayquaza|spd|1
|
|-weather|DeltaStream|[upkeep]
|-heal|p1a: Tyranitar|75/100|[from] item: Leftovers
|upkeep
|turn|3
|
|t:|1661483249
|-weather|none
|switch|p2a: Kyogre|Kyogre|100/100
|-weather|RainDance|[from] ability: Drizzle|[of] p2a: Kyogre
|move|p1a: Tyranitar|Foul Play|p2a: Kyogre
|-damage|p2a: Kyogre|74/100
|
|-weather|RainDance|[upkeep]
|-heal|p1a: Tyranitar|82/100|[from] item: Leftovers
|upkeep
|turn|4
|
|t:|1661483253
|switch|p1a: Groudon|Groudon-Primal|100/100
|-weather|DesolateLand|[from] ability: Desolate Land|[of] p1a: Groudon
|move|p2a: Kyogre|Water Spout||[still]
|-fail|p2a: Kyogre|Water Spout|[from] Desolate Land
|
|-weather|DesolateLand|[upkeep]
|upkeep
|turn|5
|
|t:|1661483256
|switch|p2a: Rayquaza|Rayquaza-Mega|100/100
|-weather|DeltaStream|[from] ability: Delta Stream|[of] p2a: Rayquaza
|move|p1a: Groudon|Dragon Pulse|p2a: Rayquaza
|-supereffective|p2a: Rayquaza
|-damage|p2a: Rayquaza|35/100
|
|-weather|DeltaStream|[upkeep]
|upkeep
|turn|6
|
|t:|1661483260
|switch|p1a: Tyranitar|Tyranitar, F|82/100
|-ability|p1a: Tyranitar|Sand Stream|[from] deltastream|[fail]
|move|p2a: Rayquaza|Dragon Ascent|p1a: Tyranitar
|-resisted|p1a: Tyranitar
|-damage|p1a: Tyranitar|53/100
|-unboost|p2a: Rayquaza|def|1
|-unboost|p2a: Rayquaza|spd|1
|
|-weather|DeltaStream|[upkeep]
|-heal|p1a: Tyranitar|59/100|[from] item: Leftovers
|upkeep
|turn|7
|
|t:|1661483265
|-activate|p2a: Rayquaza|move: Pursuit
|move|p1a: Tyranitar|Pursuit|p2a: Rayquaza|[from]Pursuit
|-damage|p2a: Rayquaza|0 fnt
|faint|p2a: Rayquaza
|-weather|none
|-hint|A Pokemon can't switch between when it runs out of HP and when it faints
|
|-heal|p1a: Tyranitar|66/100|[from] item: Leftovers
|upkeep
|
|t:|1661483273
|switch|p2a: Tyranitar|Tyranitar, F|100/100
|-weather|Sandstorm|[from] ability: Sand Stream|[of] p2a: Tyranitar
|turn|8
|
|t:|1661483297
|move|p2a: Tyranitar|Stealth Rock|p1a: Tyranitar
|-sidestart|p1: EzWins183823|move: Stealth Rock
|move|p1a: Tyranitar|Stealth Rock|p2a: Tyranitar
|-sidestart|p2: ElitetoN|move: Stealth Rock
|
|-weather|Sandstorm|[upkeep]
|-heal|p1a: Tyranitar|72/100|[from] item: Leftovers
|upkeep
|turn|9
|
|t:|1661483305
|switch|p1a: Hatterene|Hatterene, F|100/100
|-damage|p1a: Hatterene|88/100|[from] Stealth Rock
|move|p2a: Tyranitar|Toxic|p1a: Hatterene
|move|p1a: Hatterene|Toxic|p2a: Tyranitar|[from]ability: Magic Bounce
|-status|p2a: Tyranitar|tox
|
|-weather|Sandstorm|[upkeep]
|-damage|p1a: Hatterene|82/100|[from] Sandstorm
|-damage|p2a: Tyranitar|94/100 tox|[from] psn
|upkeep
|turn|10
|
|t:|1661483310
|move|p2a: Tyranitar|Rock Blast|p1a: Hatterene
|-damage|p1a: Hatterene|71/100
|-damage|p1a: Hatterene|57/100
|-hitcount|p1a: Hatterene|2
|move|p1a: Hatterene|Trick Room|p1a: Hatterene
|-fieldstart|move: Trick Room|[of] p1a: Hatterene
|
|-weather|Sandstorm|[upkeep]
|-damage|p1a: Hatterene|51/100|[from] Sandstorm
|-heal|p2a: Tyranitar|100/100 tox|[from] item: Leftovers
|-damage|p2a: Tyranitar|88/100 tox|[from] psn
|upkeep
|turn|11
|
|t:|1661483330
|move|p1a: Hatterene|Healing Wish|p1a: Hatterene
|faint|p1a: Hatterene
|move|p2a: Tyranitar|Rock Blast|p1: Hatterene|[notarget]
|-fail|p2a: Tyranitar
|
|-weather|Sandstorm|[upkeep]
|-heal|p2a: Tyranitar|94/100 tox|[from] item: Leftovers
|-damage|p2a: Tyranitar|76/100 tox|[from] psn
|upkeep
|
|t:|1661483340
|switch|p1a: Groudon|Groudon-Primal|100/100
|-damage|p1a: Groudon|88/100|[from] Stealth Rock
|-weather|DesolateLand|[from] ability: Desolate Land|[of] p1a: Groudon
|turn|12
|
|t:|1661483350
|move|p2a: Tyranitar|Toxic|p1a: Groudon|[miss]
|-miss|p2a: Tyranitar|p1a: Groudon
|move|p1a: Groudon|Earth Power|p2a: Tyranitar
|-supereffective|p2a: Tyranitar
|-damage|p2a: Tyranitar|7/100 tox
|
|-weather|DesolateLand|[upkeep]
|-heal|p2a: Tyranitar|14/100 tox|[from] item: Leftovers
|-damage|p2a: Tyranitar|0 fnt|[from] psn
|faint|p2a: Tyranitar
|upkeep
|
|t:|1661483357
|switch|p2a: Yveltal|Yveltal|100/100
|-damage|p2a: Yveltal|75/100|[from] Stealth Rock
|-ability|p2a: Yveltal|Dark Aura
|turn|13
|
|t:|1661483370
|move|p2a: Yveltal|Sucker Punch|p1a: Groudon
|-damage|p1a: Groudon|48/100
|-damage|p2a: Yveltal|66/100|[from] item: Life Orb
|move|p1a: Groudon|Eruption|p2a: Yveltal
|-damage|p2a: Yveltal|18/100
|
|-weather|DesolateLand|[upkeep]
|upkeep
|turn|14
|
|t:|1661483376
|move|p1a: Groudon|Dragon Pulse|p2a: Yveltal
|-damage|p2a: Yveltal|0 fnt
|faint|p2a: Yveltal
|
|-weather|DesolateLand|[upkeep]
|-fieldend|move: Trick Room
|upkeep
|
|t:|1661483385
|switch|p2a: Necrozma|Necrozma-Dusk-Mane|100/100
|-damage|p2a: Necrozma|94/100|[from] Stealth Rock
|turn|15
|
|t:|1661483389
|move|p2a: Necrozma|Knock Off|p1a: Groudon
|-damage|p1a: Groudon|37/100
|move|p1a: Groudon|Earth Power|p2a: Necrozma
|-supereffective|p2a: Necrozma
|-damage|p2a: Necrozma|31/100
|-unboost|p2a: Necrozma|spd|1
|
|-weather|DesolateLand|[upkeep]
|upkeep
|turn|16
|
|t:|1661483395
|move|p2a: Necrozma|Knock Off|p1a: Groudon
|-damage|p1a: Groudon|26/100
|move|p1a: Groudon|Earth Power|p2a: Necrozma
|-supereffective|p2a: Necrozma
|-damage|p2a: Necrozma|0 fnt
|faint|p2a: Necrozma
|
|-weather|DesolateLand|[upkeep]
|upkeep
|
|t:|1661483397
|switch|p2a: Kyogre|Kyogre|74/100
|-damage|p2a: Kyogre|62/100|[from] Stealth Rock
|-ability|p2a: Kyogre|Drizzle|[from] desolateland|[fail]
|turn|17
|inactive|EzWins183823 has 120 seconds left.
|
|t:|1661483436
|move|p2a: Kyogre|Ice Beam|p1a: Groudon
|-damage|p1a: Groudon|0 fnt
|faint|p1a: Groudon
|-weather|none
|
|upkeep
|
|t:|1661483439
|switch|p1a: Calyrex|Calyrex-Ice|100/100
|-ability|p1a: Calyrex|As One
|-ability|p1a: Calyrex|Unnerve
|turn|18
|
|t:|1661483442
|-start|p2a: Kyogre|Dynamax|
|-heal|p2a: Kyogre|62/100|[silent]
|move|p2a: Kyogre|Max Geyser|p1a: Calyrex
|-damage|p1a: Calyrex|38/100
|-weather|RainDance
|move|p1a: Calyrex|Trick Room|p1a: Calyrex
|-fieldstart|move: Trick Room|[of] p1a: Calyrex
|
|-weather|RainDance|[upkeep]
|upkeep
|turn|19
|
|t:|1661483447
|move|p1a: Calyrex|Glacial Lance|p2a: Kyogre
|-resisted|p2a: Kyogre
|-damage|p2a: Kyogre|37/100
|move|p2a: Kyogre|Max Geyser|p1a: Calyrex
|-damage|p1a: Calyrex|0 fnt
|faint|p1a: Calyrex
|
|-weather|RainDance|[upkeep]
|upkeep
|
|t:|1661483452
|switch|p1a: Melmetal|Melmetal|100/100
|-damage|p1a: Melmetal|94/100|[from] Stealth Rock
|turn|20
|
|t:|1661483456
|-start|p1a: Melmetal|Dynamax|
|-heal|p1a: Melmetal|94/100|[silent]
|move|p1a: Melmetal|Max Lightning|p2a: Kyogre
|-supereffective|p2a: Kyogre
|-damage|p2a: Kyogre|0 fnt
|-fieldstart|move: Electric Terrain
|faint|p2a: Kyogre
|-damage|p1a: Melmetal|89/100|[from] item: Life Orb
|
|win|EzWins183823
|raw|EzWins183823's rating: 1566 &rarr; <strong>1598</strong><br />(+32 for winning)
|raw|ElitetoN's rating: 1810 &rarr; <strong>1778</strong><br />(-32 for losing)
|l|☆ElitetoN
||Ladder isn't responding, score probably updated but might not have (Request timeout).
