|j|☆Sherlock429
|j|☆copperspray
|t:|1625041132
|gametype|singles
|player|p1|Sherlock429|veteran|1693
|player|p2|copperspray|juan|1691
|teamsize|p1|6
|teamsize|p2|6
|gen|8
|tier|[Gen 8] National Dex AG
|rated|
|rule|HP Percentage Mod: HP is shown in percentages
|rule|Endless Battle Clause: Forcing endless battles is banned
|clearpoke
|poke|p1|Zacian-*|
|poke|p1|Arceus-*|
|poke|p1|Necrozma-Dusk-Mane|
|poke|p1|Yveltal|
|poke|p1|Rayquaza|
|poke|p1|Groudon|
|poke|p2|Magearna|
|poke|p2|Zacian-*|
|poke|p2|Rayquaza|
|poke|p2|Groudon|
|poke|p2|Yveltal|
|poke|p2|Ho-Oh|
|teampreview
|inactive|Battle timer is ON: inactive players will automatically lose when time's up. (requested by copperspray)
|inactive|Sherlock429 also wants the timer to be on.
|
|t:|1625041153
|start
|switch|p1a: Arceus|Arceus|100/100
|switch|p2a: Rayquaza|Rayquaza|100/100
|-ability|p2a: Rayquaza|Air Lock
|turn|1
|
|t:|1625041164
|switch|p2a: Ho-Oh|Ho-Oh|100/100
|move|p1a: Arceus|Swords Dance|p1a: Arceus
|-boost|p1a: Arceus|atk|2
|
|upkeep
|turn|2
|
|t:|1625041171
|move|p1a: Arceus|Magic Coat|p1a: Arceus
|-singleturn|p1a: Arceus|move: Magic Coat
|move|p2a: Ho-Oh|Sacred Fire|p1a: Arceus
|-crit|p1a: Arceus
|-damage|p1a: Arceus|61/100
|
|upkeep
|turn|3
|
|t:|1625041183
|move|p1a: Arceus|Shadow Force||[still]
|-prepare|p1a: Arceus|Shadow Force
|move|p2a: Ho-Oh|Sacred Fire|p1a: Arceus|[miss]
|-miss|p2a: Ho-Oh|p1a: Arceus
|
|upkeep
|turn|4
|
|t:|1625041192
|switch|p2a: Yveltal|Yveltal|100/100
|-ability|p2a: Yveltal|Dark Aura
|move|p1a: Arceus|Shadow Force|p2a: Yveltal|[from]lockedmove
|-resisted|p2a: Yveltal
|-damage|p2a: Yveltal|59/100
|
|upkeep
|turn|5
|
|t:|1625041204
|move|p1a: Arceus|Extreme Speed|p2a: Yveltal
|-crit|p2a: Yveltal
|-damage|p2a: Yveltal|0 fnt
|faint|p2a: Yveltal
|
|upkeep
|
|t:|1625041218
|switch|p2a: Ho-Oh|Ho-Oh|100/100
|turn|6
|
|t:|1625041221
|move|p1a: Arceus|Shadow Force||[still]
|-prepare|p1a: Arceus|Shadow Force
|move|p2a: Ho-Oh|Sacred Fire|p1a: Arceus|[miss]
|-miss|p2a: Ho-Oh|p1a: Arceus
|
|upkeep
|turn|7
|
|t:|1625041226
|move|p1a: Arceus|Shadow Force|p2a: Ho-Oh|[from]lockedmove
|-damage|p2a: Ho-Oh|44/100
|move|p2a: Ho-Oh|Thunder Wave|p1a: Arceus
|-status|p1a: Arceus|par
|-enditem|p1a: Arceus|Lum Berry|[eat]
|-curestatus|p1a: Arceus|par|[msg]
|
|upkeep
|turn|8
|c|☆Sherlock429|no
|
|t:|1625041237
|switch|p2a: Groudon|Groudon|100/100
|detailschange|p2a: Groudon|Groudon-Primal
|-primal|p2a: Groudon
|-weather|DesolateLand|[from] ability: Desolate Land|[of] p2a: Groudon
|move|p1a: Arceus|Shadow Force||[still]
|-prepare|p1a: Arceus|Shadow Force
|
|-weather|DesolateLand|[upkeep]
|upkeep
|turn|9
|
|t:|1625041248
|move|p1a: Arceus|Shadow Force|p2a: Groudon|[from]lockedmove
|-damage|p2a: Groudon|62/100
|move|p2a: Groudon|Precipice Blades|p1a: Arceus
|-damage|p1a: Arceus|16/100
|
|-weather|DesolateLand|[upkeep]
|upkeep
|turn|10
|
|t:|1625041261
|move|p1a: Arceus|Extreme Speed|p2a: Groudon
|-damage|p2a: Groudon|22/100
|move|p2a: Groudon|Precipice Blades|p1a: Arceus
|-damage|p1a: Arceus|0 fnt
|faint|p1a: Arceus
|
|-weather|DesolateLand|[upkeep]
|upkeep
|
|t:|1625041272
|switch|p1a: Zacian|Zacian-Crowned|100/100
|-ability|p1a: Zacian|Intrepid Sword|boost
|-boost|p1a: Zacian|atk|1
|turn|11
|
|t:|1625041284
|move|p1a: Zacian|Behemoth Blade|p2a: Groudon
|-resisted|p2a: Groudon
|-damage|p2a: Groudon|0 fnt
|faint|p2a: Groudon
|-weather|none
|
|upkeep
|
|t:|1625041290
|switch|p2a: Ho-Oh|Ho-Oh|77/100
|turn|12
|
|t:|1625041293
|move|p1a: Zacian|Wild Charge|p2a: Ho-Oh
|-supereffective|p2a: Ho-Oh
|-damage|p2a: Ho-Oh|3/100
|-damage|p1a: Zacian|77/100|[from] Recoil
|move|p2a: Ho-Oh|Sacred Fire|p1a: Zacian
|-supereffective|p1a: Zacian
|-damage|p1a: Zacian|0 fnt
|faint|p1a: Zacian
|
|upkeep
|
|t:|1625041301
|switch|p1a: Necrozma|Necrozma-Dusk-Mane|100/100
|turn|13
|j| Jeet Sen Sharma
|
|t:|1625041315
|move|p2a: Ho-Oh|Thunder Wave|p1a: Necrozma
|-status|p1a: Necrozma|par
|move|p1a: Necrozma|Trick Room|p1a: Necrozma
|-fieldstart|move: Trick Room|[of] p1a: Necrozma
|
|upkeep
|turn|14
|c| Jeet Sen Sharma|Beat him sherlock
|
|t:|1625041331
|move|p1a: Necrozma|Sunsteel Strike|p2a: Ho-Oh
|-resisted|p2a: Ho-Oh
|-damage|p2a: Ho-Oh|0 fnt
|faint|p2a: Ho-Oh
|
|upkeep
|
|t:|1625041341
|switch|p2a: Magearna|Magearna|100/100
|turn|15
|c| Jeet Sen Sharma|Want his team dead
|
|t:|1625041353
|cant|p1a: Necrozma|par
|move|p2a: Magearna|Shift Gear|p2a: Magearna
|-boost|p2a: Magearna|spe|2
|-boost|p2a: Magearna|atk|1
|
|upkeep
|turn|16
|
|t:|1625041367
|move|p1a: Necrozma|Swords Dance|p1a: Necrozma
|-boost|p1a: Necrozma|atk|2
|move|p2a: Magearna|Shift Gear|p2a: Magearna
|-boost|p2a: Magearna|spe|2
|-boost|p2a: Magearna|atk|1
|
|upkeep
|turn|17
|c|☆Sherlock429|if paralysis does it
|
|t:|1625041383
|cant|p1a: Necrozma|par
|move|p2a: Magearna|Baton Pass|p2a: Magearna
|
|t:|1625041386
|switch|p2a: Zacian|Zacian-Crowned|100/100|[from]move: Baton Pass
|-ability|p2a: Zacian|Intrepid Sword|boost
|-boost|p2a: Zacian|atk|1
|
|-fieldend|move: Trick Room
|upkeep
|turn|18
|c|☆Sherlock429|kill me
|c| Jeet Sen Sharma|Fuck
|
|t:|1625041400
|move|p2a: Zacian|Crunch|p1a: Necrozma
|-supereffective|p1a: Necrozma
|-damage|p1a: Necrozma|8/100 par
|-enditem|p1a: Necrozma|Weakness Policy
|-boost|p1a: Necrozma|atk|2|[from] item: Weakness Policy
|-boost|p1a: Necrozma|spa|2|[from] item: Weakness Policy
|cant|p1a: Necrozma|par
|
|upkeep
|turn|19
|c| Jeet Sen Sharma|I need taunt
|c| Jeet Sen Sharma|Fuck
|
|t:|1625041414
|move|p2a: Zacian|Crunch|p1a: Necrozma
|-supereffective|p1a: Necrozma
|-damage|p1a: Necrozma|0 fnt
|faint|p1a: Necrozma
|
|upkeep
|
|t:|1625041418
|switch|p1a: Yveltal|Yveltal, shiny|100/100
|-ability|p1a: Yveltal|Dark Aura
|turn|20
|c| Jeet Sen Sharma|Lost
|
|t:|1625041425
|-start|p1a: Yveltal|Dynamax
|-heal|p1a: Yveltal|100/100|[silent]
|move|p2a: Zacian|Play Rough|p1a: Yveltal
|-supereffective|p1a: Yveltal
|-damage|p1a: Yveltal|0 fnt
|faint|p1a: Yveltal
|
|upkeep
|c| Jeet Sen Sharma|Something
|c|☆Sherlock429|yes
|
|t:|1625041432
|switch|p1a: Rayquaza|Rayquaza|100/100
|-ability|p1a: Rayquaza|Air Lock
|turn|21
|
|t:|1625041438
|detailschange|p1a: Rayquaza|Rayquaza-Mega
|-mega|p1a: Rayquaza|Rayquaza|
|-weather|DeltaStream|[from] ability: Delta Stream|[of] p1a: Rayquaza
|move|p2a: Zacian|Play Rough|p1a: Rayquaza|[miss]
|-miss|p2a: Zacian|p1a: Rayquaza
|move|p1a: Rayquaza|Earthquake|p2a: Zacian
|-supereffective|p2a: Zacian
|-damage|p2a: Zacian|18/100
|
|-weather|DeltaStream|[upkeep]
|upkeep
|turn|22
|c|☆Sherlock429|unless rng saves me
|c| Jeet Sen Sharma|G don
|c|☆Sherlock429|lax incense
|c| Jeet Sen Sharma|Gdon
|c|☆Sherlock429|yessss
|c|☆Sherlock429|rng has saved me
|
|t:|1625041449
|move|p1a: Rayquaza|Extreme Speed|p2a: Zacian
|-resisted|p2a: Zacian
|-damage|p2a: Zacian|2/100
|move|p2a: Zacian|Play Rough|p1a: Rayquaza|[miss]
|-miss|p2a: Zacian|p1a: Rayquaza
|
|-weather|DeltaStream|[upkeep]
|upkeep
|turn|23
|c|☆Sherlock429|again
|c| Jeet Sen Sharma|Omg
|c|☆copperspray|Rng saved you
|c|☆copperspray|:(
|
|t:|1625041469
|move|p1a: Rayquaza|Extreme Speed|p2a: Zacian
|-resisted|p2a: Zacian
|-damage|p2a: Zacian|0 fnt
|faint|p2a: Zacian
|
|-weather|DeltaStream|[upkeep]
|upkeep
|c| Jeet Sen Sharma|Power of my support
|c|☆Sherlock429|fyi its not 90%
|
|t:|1625041474
|switch|p2a: Rayquaza|Rayquaza|100/100
|-ability|p2a: Rayquaza|Air Lock
|turn|24
|c|☆Sherlock429|its actually 81%
|c|☆Sherlock429|because multiplied by 0.9
|c|☆Sherlock429|from lax incense
|c|☆copperspray|Ahh
|
|t:|1625041498
|detailschange|p2a: Rayquaza|Rayquaza-Mega
|-mega|p2a: Rayquaza|Rayquaza|
|move|p1a: Rayquaza|Dragon Ascent|p2a: Rayquaza
|-damage|p2a: Rayquaza|26/100
|-unboost|p1a: Rayquaza|def|1
|-unboost|p1a: Rayquaza|spd|1
|move|p2a: Rayquaza|Scale Shot|p1a: Rayquaza
|-supereffective|p1a: Rayquaza
|-damage|p1a: Rayquaza|54/100
|-supereffective|p1a: Rayquaza
|-damage|p1a: Rayquaza|6/100
|-supereffective|p1a: Rayquaza
|-damage|p1a: Rayquaza|0 fnt
|faint|p1a: Rayquaza
|-hitcount|p1: Rayquaza|3
|-unboost|p2a: Rayquaza|def|1
|-boost|p2a: Rayquaza|spe|1
|
|-weather|DeltaStream|[upkeep]
|upkeep
|c|☆copperspray|Nice
|
|t:|1625041508
|switch|p1a: Groudon|Groudon|100/100
|detailschange|p1a: Groudon|Groudon-Primal
|-primal|p1a: Groudon
|-weather|DesolateLand|[from] ability: Desolate Land|[of] p1a: Groudon
|turn|25
|
|t:|1625041514
|switch|p2a: Magearna|Magearna|100/100
|move|p1a: Groudon|Eruption|p2a: Magearna
|-supereffective|p2a: Magearna
|-damage|p2a: Magearna|0 fnt
|faint|p2a: Magearna
|
|-weather|DesolateLand|[upkeep]
|upkeep
|c|☆Sherlock429|well
|
|t:|1625041520
|switch|p2a: Rayquaza|Rayquaza-Mega|26/100
|-weather|DeltaStream|[from] ability: Delta Stream|[of] p2a: Rayquaza
|turn|26
|c|☆Sherlock429|predicts go brrrr
|
|t:|1625041526
|move|p2a: Rayquaza|Surf|p1a: Groudon
|-supereffective|p1a: Groudon
|-damage|p1a: Groudon|0 fnt
|faint|p1a: Groudon
|
|win|copperspray
|raw|Sherlock429's rating: 1693 &rarr; <strong>1673</strong><br />(-20 for losing)
|raw|copperspray's rating: 1691 &rarr; <strong>1711</strong><br />(+20 for winning)
|c|☆copperspray|Gg
|c|☆Sherlock429|gg
|l|☆Sherlock429
|c| Jeet Sen Sharma|God gg
