|j|☆ClemLuck
|j|☆MRH1106
|t:|1662062742
|gametype|singles
|player|p1|ClemLuck|benga|1671
|player|p2|MRH1106|ghetsis|1906
|teamsize|p1|6
|teamsize|p2|6
|gen|8
|tier|[Gen 8] National Dex AG
|rated|
|rule|HP Percentage Mod: HP is shown in percentages
|rule|Endless Battle Clause: Forcing endless battles is banned
|clearpoke
|poke|p1|Arceus-*|
|poke|p1|Calyrex-Shadow|
|poke|p1|Marshadow|
|poke|p1|Necrozma-Dusk-Mane|
|poke|p1|Yveltal|
|poke|p1|Darmanitan-Galar, M|
|poke|p2|Zacian-*|
|poke|p2|Calyrex-Shadow|
|poke|p2|Rayquaza|
|poke|p2|Ditto|
|poke|p2|Yveltal|
|poke|p2|Arceus-*|
|teampreview
|inactive|Battle timer is ON: inactive players will automatically lose when time's up. (requested by MRH1106)
|inactive|ClemLuck has 120 seconds left.
|inactive|MRH1106 has 120 seconds left.
|
|t:|1662062782
|start
|switch|p1a: Arceus|Arceus-Ghost|100/100
|switch|p2a: Legit god|Arceus-Ground|100/100
|turn|1
|
|t:|1662062787
|move|p1a: Arceus|Swords Dance|p1a: Arceus
|-boost|p1a: Arceus|atk|2
|move|p2a: Legit god|Judgment|p1a: Arceus
|-damage|p1a: Arceus|66/100
|
|upkeep
|turn|2
|
|t:|1662062793
|switch|p2a: Knifepuppy|Zacian-Crowned|100/100
|-ability|p2a: Knifepuppy|Intrepid Sword|boost
|-boost|p2a: Knifepuppy|atk|1
|-zpower|p1a: Arceus
|move|p1a: Arceus|Never-Ending Nightmare|p2a: Knifepuppy|[zeffect]
|-damage|p2a: Knifepuppy|0 fnt
|faint|p2a: Knifepuppy
|
|upkeep
|
|t:|1662062808
|switch|p2a: Fuck you <3|Ditto, shiny|100/100
|-transform|p2a: Fuck you <3|p1a: Arceus|[from] ability: Imposter
|turn|3
|
|t:|1662062815
|-start|p2a: Fuck you <3|Dynamax|
|-heal|p2a: Fuck you <3|100/100|[silent]
|move|p1a: Arceus|Shadow Force||[still]
|-prepare|p1a: Arceus|Shadow Force
|move|p2a: Fuck you <3|Max Phantasm|p1a: Arceus|[miss]
|-miss|p2a: Fuck you <3|p1a: Arceus
|
|upkeep
|turn|4
|
|t:|1662062821
|move|p2a: Fuck you <3|Max Guard|p2a: Fuck you <3
|-singleturn|p2a: Fuck you <3|Max Guard
|move|p1a: Arceus|Shadow Force|p2a: Fuck you <3|[from]lockedmove
|-activate|p2a: Fuck you <3|move: Max Guard
|
|upkeep
|turn|5
|
|t:|1662062823
|move|p2a: Fuck you <3|Max Phantasm|p1a: Arceus
|-supereffective|p1a: Arceus
|-damage|p1a: Arceus|0 fnt
|faint|p1a: Arceus
|
|upkeep
|
|t:|1662062837
|switch|p1a: Yveltal|Yveltal|100/100
|-ability|p1a: Yveltal|Dark Aura
|-end|p2a: Fuck you <3|Dynamax
|-heal|p2a: Fuck you <3|100/100|[silent]
|turn|6
|
|t:|1662062844
|move|p2a: Fuck you <3|Shadow Force||[still]
|-prepare|p2a: Fuck you <3|Shadow Force
|move|p1a: Yveltal|Knock Off|p2a: Fuck you <3|[miss]
|-miss|p1a: Yveltal|p2a: Fuck you <3
|
|upkeep
|turn|7
|
|t:|1662062848
|move|p2a: Fuck you <3|Shadow Force|p1a: Yveltal|[from]lockedmove
|-resisted|p1a: Yveltal
|-damage|p1a: Yveltal|49/100
|move|p1a: Yveltal|Knock Off|p2a: Fuck you <3
|-supereffective|p2a: Fuck you <3
|-damage|p2a: Fuck you <3|0 fnt
|-enditem|p2a: Fuck you <3|Choice Scarf|[from] move: Knock Off|[of] p1a: Yveltal
|faint|p2a: Fuck you <3
|
|upkeep
|
|t:|1662062856
|switch|p2a: YeeHaw~|Calyrex-Shadow|100/100
|-ability|p2a: YeeHaw~|As One
|-ability|p2a: YeeHaw~|Unnerve
|turn|8
|
|t:|1662062860
|move|p2a: YeeHaw~|Nasty Plot|p2a: YeeHaw~
|-boost|p2a: YeeHaw~|spa|2
|move|p1a: Yveltal|Knock Off|p2a: YeeHaw~
|-supereffective|p2a: YeeHaw~
|-enditem|p2a: YeeHaw~|Focus Sash
|-damage|p2a: YeeHaw~|1/100
|
|upkeep
|turn|9
|
|t:|1662062862
|move|p2a: YeeHaw~|Baton Pass|p2a: YeeHaw~
|
|t:|1662062867
|switch|p2a: Hells dragon|Yveltal, shiny|100/100|[from]move: Baton Pass
|-ability|p2a: Hells dragon|Dark Aura
|move|p1a: Yveltal|Knock Off|p2a: Hells dragon
|-resisted|p2a: Hells dragon
|-damage|p2a: Hells dragon|74/100
|-enditem|p2a: Hells dragon|Life Orb|[from] move: Knock Off|[of] p1a: Yveltal
|
|upkeep
|turn|10
|
|t:|1662062875
|move|p2a: Hells dragon|Oblivion Wing|p1a: Yveltal
|-damage|p1a: Yveltal|0 fnt
|-heal|p2a: Hells dragon|100/100|[from] drain|[of] p1a: Yveltal
|faint|p1a: Yveltal
|
|upkeep
|
|t:|1662062878
|switch|p1a: Darmanitan|Darmanitan-Galar, M|100/100
|turn|11
|
|t:|1662062881
|move|p2a: Hells dragon|Sucker Punch|p1a: Darmanitan
|-damage|p1a: Darmanitan|34/100
|move|p1a: Darmanitan|Icicle Crash|p2a: Hells dragon
|-supereffective|p2a: Hells dragon
|-damage|p2a: Hells dragon|0 fnt
|faint|p2a: Hells dragon
|
|upkeep
|
|t:|1662062884
|switch|p2a: Rayyyy|Rayquaza|100/100
|-ability|p2a: Rayyyy|Air Lock
|turn|12
|
|t:|1662062889
|switch|p1a: Marshadow|Marshadow|100/100
|detailschange|p2a: Rayyyy|Rayquaza-Mega
|-mega|p2a: Rayyyy|Rayquaza|
|-weather|DeltaStream|[from] ability: Delta Stream|[of] p2a: Rayyyy
|move|p2a: Rayyyy|Extreme Speed|p1a: Marshadow
|-immune|p1a: Marshadow
|
|-weather|DeltaStream|[upkeep]
|upkeep
|turn|13
|
|t:|1662062891
|move|p1a: Marshadow|Ice Punch|p2a: Rayyyy
|-activate||deltastream
|-supereffective|p2a: Rayyyy
|-damage|p2a: Rayyyy|50/100
|move|p2a: Rayyyy|Dragon Ascent|p1a: Marshadow
|-supereffective|p1a: Marshadow
|-enditem|p1a: Marshadow|Focus Sash
|-damage|p1a: Marshadow|1/100
|-unboost|p2a: Rayyyy|def|1
|-unboost|p2a: Rayyyy|spd|1
|
|-weather|DeltaStream|[upkeep]
|upkeep
|turn|14
|
|t:|1662062896
|-weather|none
|switch|p2a: Legit god|Arceus-Ground|100/100
|move|p1a: Marshadow|Spectral Thief|p2a: Legit god
|-damage|p2a: Legit god|68/100
|
|upkeep
|turn|15
|
|t:|1662062902
|move|p1a: Marshadow|Ice Punch|p2a: Legit god
|-supereffective|p2a: Legit god
|-damage|p2a: Legit god|35/100
|move|p2a: Legit god|Judgment|p1a: Marshadow
|-damage|p1a: Marshadow|0 fnt
|faint|p1a: Marshadow
|
|upkeep
|
|t:|1662062916
|switch|p1a: Calyrex|Calyrex-Shadow|100/100
|-ability|p1a: Calyrex|As One
|-ability|p1a: Calyrex|Unnerve
|turn|16
|
|t:|1662062920
|move|p1a: Calyrex|Astral Barrage|p2a: Legit god
|-damage|p2a: Legit god|0 fnt
|faint|p2a: Legit god
|-ability|p1a: Calyrex|Grim Neigh|boost
|-boost|p1a: Calyrex|spa|1
|
|upkeep
|
|t:|1662062921
|switch|p2a: YeeHaw~|Calyrex-Shadow|1/100
|-ability|p2a: YeeHaw~|As One
|-ability|p2a: YeeHaw~|Unnerve
|turn|17
|
|t:|1662062927
|move|p2a: YeeHaw~|Astral Barrage|p1a: Calyrex
|-supereffective|p1a: Calyrex
|-enditem|p1a: Calyrex|Focus Sash
|-damage|p1a: Calyrex|1/100
|move|p1a: Calyrex|Astral Barrage|p2a: YeeHaw~
|-supereffective|p2a: YeeHaw~
|-damage|p2a: YeeHaw~|0 fnt
|faint|p2a: YeeHaw~
|-ability|p1a: Calyrex|Grim Neigh|boost
|-boost|p1a: Calyrex|spa|1
|
|upkeep
|
|t:|1662062934
|switch|p2a: Rayyyy|Rayquaza-Mega|50/100
|-weather|DeltaStream|[from] ability: Delta Stream|[of] p2a: Rayyyy
|turn|18
|
|t:|1662062936
|move|p1a: Calyrex|Astral Barrage|p2a: Rayyyy
|-damage|p2a: Rayyyy|0 fnt
|faint|p2a: Rayyyy
|-weather|none
|
|win|ClemLuck
|raw|ClemLuck's rating: 1671 &rarr; <strong>1703</strong><br />(+32 for winning)
|raw|MRH1106's rating: 1906 &rarr; <strong>1874</strong><br />(-32 for losing)
|l|☆MRH1106
|c|☆ClemLuck|gg
||Ladder isn't responding, score probably updated but might not have (Request timeout).
