|j|☆mardydu
|j|☆ultramewtwoZ
|t:|1653690378
|gametype|singles
|player|p1|mardydu|veteran-gen4|1656
|player|p2|ultramewtwoZ|plasmagrunt-gen5bw|1718
|teamsize|p1|6
|teamsize|p2|6
|gen|8
|tier|[Gen 8] National Dex AG
|rated|
|rule|HP Percentage Mod: HP is shown in percentages
|rule|Endless Battle Clause: Forcing endless battles is banned
|clearpoke
|poke|p1|Kyurem-White|
|poke|p1|Calyrex-Shadow|
|poke|p1|Eternatus|
|poke|p1|Regieleki|
|poke|p1|Smeargle, M|
|poke|p1|Skarmory, F|
|poke|p2|Groudon|
|poke|p2|Rayquaza|
|poke|p2|Yveltal|
|poke|p2|Zygarde-10%|
|poke|p2|Togedemaru, F|
|poke|p2|Necrozma-Dawn-Wings|
|teampreview
|inactive|Battle timer is ON: inactive players will automatically lose when time's up. (requested by mardydu)
|
|t:|1653690387
|start
|switch|p1a: Skarmory|Skarmory, F|100/100
|switch|p2a: Red Moon|Necrozma-Dawn-Wings, shiny|100/100
|turn|1
|
|t:|1653690393
|move|p2a: Red Moon|Moongeist Beam|p1a: Skarmory
|-damage|p1a: Skarmory|21/100
|move|p1a: Skarmory|Stealth Rock|p2a: Red Moon
|-sidestart|p2: ultramewtwoZ|move: Stealth Rock
|
|upkeep
|turn|2
|
|t:|1653690401
|move|p2a: Red Moon|Moongeist Beam|p1a: Skarmory
|-damage|p1a: Skarmory|0 fnt
|faint|p1a: Skarmory
|
|upkeep
|
|t:|1653690416
|switch|p1a: Smeargle|Smeargle, M|100/100
|turn|3
|
|t:|1653690422
|detailschange|p2a: Red Moon|Necrozma-Ultra, shiny
|-burst|p2a: Red Moon|Necrozma|Ultranecrozium Z
|move|p2a: Red Moon|Substitute|p2a: Red Moon
|-start|p2a: Red Moon|Substitute
|-damage|p2a: Red Moon|76/100
|move|p1a: Smeargle|Spore||[still]
|-fail|p1a: Smeargle
|
|-ability|p1a: Smeargle|Moody|boost
|-boost|p1a: Smeargle|spe|2
|-unboost|p1a: Smeargle|spd|1
|upkeep
|turn|4
|
|t:|1653690441
|switch|p1a: Eternatus|Eternatus|100/100
|-ability|p1a: Eternatus|Pressure
|move|p2a: Red Moon|Photon Geyser|p1a: Eternatus
|-supereffective|p1a: Eternatus
|-damage|p1a: Eternatus|0 fnt
|faint|p1a: Eternatus
|
|upkeep
|
|t:|1653690449
|switch|p1a: JumpingMan|Regieleki|100/100
|turn|5
|
|t:|1653690453
|move|p1a: JumpingMan|Thunder Cage|p2a: Red Moon
|-resisted|p2a: Red Moon
|-end|p2a: Red Moon|Substitute
|move|p2a: Red Moon|Photon Geyser|p1a: JumpingMan
|-enditem|p1a: JumpingMan|Focus Sash
|-damage|p1a: JumpingMan|1/100
|
|upkeep
|turn|6
|
|t:|1653690459
|move|p1a: JumpingMan|Volt Switch|p2a: Red Moon
|-resisted|p2a: Red Moon
|-damage|p2a: Red Moon|50/100
|
|t:|1653690464
|switch|p1a: Kurem|Kyurem-White, shiny|100/100|[from]move: Volt Switch
|-ability|p1a: Kurem|Turboblaze
|move|p2a: Red Moon|Dragon Pulse|p1a: Kurem
|-supereffective|p1a: Kurem
|-damage|p1a: Kurem|0 fnt
|faint|p1a: Kurem
|
|upkeep
|
|t:|1653690467
|switch|p1a: Horse in cali|Calyrex-Shadow|100/100
|-ability|p1a: Horse in cali|As One
|-ability|p1a: Horse in cali|Unnerve
|turn|7
|c|☆ultramewtwoZ|Lol
|
|t:|1653690473
|move|p1a: Horse in cali|Nasty Plot|p1a: Horse in cali
|-boost|p1a: Horse in cali|spa|2
|move|p2a: Red Moon|Moongeist Beam|p1a: Horse in cali
|-supereffective|p1a: Horse in cali
|-enditem|p1a: Horse in cali|Focus Sash
|-damage|p1a: Horse in cali|1/100
|
|upkeep
|turn|8
|
|t:|1653690481
|-start|p1a: Horse in cali|Dynamax|
|-heal|p1a: Horse in cali|1/100|[silent]
|move|p1a: Horse in cali|Max Mindstorm|p2a: Red Moon
|-resisted|p2a: Red Moon
|-damage|p2a: Red Moon|0 fnt
|-fieldstart|move: Psychic Terrain
|faint|p2a: Red Moon
|-ability|p1a: Horse in cali|Grim Neigh|boost
|-boost|p1a: Horse in cali|spa|1
|
|upkeep
|
|t:|1653690485
|switch|p2a: Hidden Gem|Togedemaru, F|100/100
|turn|9
|
|t:|1653690496
|-end|p1a: Horse in cali|Dynamax
|-heal|p1a: Horse in cali|1/100|[silent]
|switch|p1a: JumpingMan|Regieleki|1/100
|move|p2a: Hidden Gem|Iron Head|p1a: JumpingMan
|-resisted|p1a: JumpingMan
|-damage|p1a: JumpingMan|0 fnt
|faint|p1a: JumpingMan
|
|upkeep
|
|t:|1653690500
|switch|p1a: Smeargle|Smeargle, M|100/100
|turn|10
|
|t:|1653690505
|move|p2a: Hidden Gem|Nuzzle|p1a: Smeargle
|-damage|p1a: Smeargle|73/100
|-status|p1a: Smeargle|par
|move|p1a: Smeargle|Spore|p2a: Hidden Gem
|-status|p2a: Hidden Gem|slp|[from] move: Spore
|
|-ability|p1a: Smeargle|Moody|boost
|-boost|p1a: Smeargle|atk|2
|-unboost|p1a: Smeargle|spd|1
|upkeep
|turn|11
|
|t:|1653690511
|cant|p2a: Hidden Gem|slp
|move|p1a: Smeargle|Shell Smash|p1a: Smeargle
|-unboost|p1a: Smeargle|def|1
|-unboost|p1a: Smeargle|spd|1
|-boost|p1a: Smeargle|atk|2
|-boost|p1a: Smeargle|spa|2
|-boost|p1a: Smeargle|spe|2
|
|-ability|p1a: Smeargle|Moody|boost
|-boost|p1a: Smeargle|spe|2
|-unboost|p1a: Smeargle|spa|1
|upkeep
|turn|12
|
|t:|1653690515
|move|p1a: Smeargle|Baton Pass|p1a: Smeargle
|
|t:|1653690517
|switch|p1a: Horse in cali|Calyrex-Shadow|1/100|[from]move: Baton Pass
|-ability|p1a: Horse in cali|As One
|-ability|p1a: Horse in cali|Unnerve
|cant|p2a: Hidden Gem|slp
|
|-fieldend|move: Psychic Terrain
|upkeep
|turn|13
|
|t:|1653690521
|move|p1a: Horse in cali|Astral Barrage|p2a: Hidden Gem
|-ability|p2a: Hidden Gem|Sturdy
|-damage|p2a: Hidden Gem|1/100 slp
|-curestatus|p2a: Hidden Gem|slp|[msg]
|move|p2a: Hidden Gem|Zing Zap|p1a: Horse in cali
|-damage|p1a: Horse in cali|0 fnt
|faint|p1a: Horse in cali
|
|upkeep
|
|t:|1653690525
|switch|p1a: Smeargle|Smeargle, M|73/100 par
|turn|14
|
|t:|1653690528
|move|p2a: Hidden Gem|Zing Zap|p1a: Smeargle
|-damage|p1a: Smeargle|0 fnt
|faint|p1a: Smeargle
|
|win|ultramewtwoZ
|raw|mardydu's rating: 1656 &rarr; <strong>1640</strong><br />(-16 for losing)
|raw|ultramewtwoZ's rating: 1718 &rarr; <strong>1734</strong><br />(+16 for winning)
|l|☆mardydu
||Ladder isn't responding, score probably updated but might not have (Request timeout).
