|j|☆Y0UT0P!A
|j|☆ThenoJSZ
|t:|1663767835
|gametype|singles
|player|p1|Y0UT0P!A|giovanni|1626
|player|p2|ThenoJSZ|red|1770
|teamsize|p1|6
|teamsize|p2|6
|gen|8
|tier|[Gen 8] National Dex AG
|rated|
|rule|HP Percentage Mod: HP is shown in percentages
|rule|Endless Battle Clause: Forcing endless battles is banned
|clearpoke
|poke|p1|Smeargle, M|
|poke|p1|Kartana|
|poke|p1|Toxapex, M|
|poke|p1|Kyogre|
|poke|p1|Arceus-*|
|poke|p1|Salamence, F|
|poke|p2|Rayquaza|
|poke|p2|Zacian-*|
|poke|p2|Arceus-*|
|poke|p2|Kyogre|
|poke|p2|Calyrex-Shadow|
|poke|p2|Ditto|
|teampreview
|inactive|Battle timer is ON: inactive players will automatically lose when time's up. (requested by Y0UT0P!A)
|inactive|ThenoJSZ also wants the timer to be on.
|
|t:|1663767841
|start
|switch|p1a: Smeargle|Smeargle, M|100/100
|switch|p2a: Rayquaza|Rayquaza|100/100
|-ability|p2a: Rayquaza|Air Lock
|turn|1
|
|t:|1663767852
|switch|p1a: Toxapex|Toxapex, M|100/100
|detailschange|p2a: Rayquaza|Rayquaza-Mega
|-mega|p2a: Rayquaza|Rayquaza|
|-weather|DeltaStream|[from] ability: Delta Stream|[of] p2a: Rayquaza
|move|p2a: Rayquaza|Scale Shot|p1a: Toxapex
|-damage|p1a: Toxapex|85/100
|-damage|p1a: Toxapex|67/100
|-damage|p1a: Toxapex|51/100
|-damage|p1a: Toxapex|34/100
|-hitcount|p1a: Toxapex|4
|-unboost|p2a: Rayquaza|def|1
|-boost|p2a: Rayquaza|spe|1
|
|-weather|DeltaStream|[upkeep]
|upkeep
|turn|2
|
|t:|1663767856
|move|p1a: Toxapex|Baneful Bunker|p1a: Toxapex
|-singleturn|p1a: Toxapex|move: Protect
|move|p2a: Rayquaza|Scale Shot|p1a: Toxapex
|-activate|p1a: Toxapex|move: Protect
|
|-weather|DeltaStream|[upkeep]
|upkeep
|turn|3
|
|t:|1663767873
|move|p2a: Rayquaza|Scale Shot|p1a: Toxapex
|-damage|p1a: Toxapex|15/100
|-damage|p1a: Toxapex|0 fnt
|faint|p1a: Toxapex
|-hitcount|p1: Toxapex|2
|-unboost|p2a: Rayquaza|def|1
|-boost|p2a: Rayquaza|spe|1
|
|-weather|DeltaStream|[upkeep]
|upkeep
|
|t:|1663767877
|switch|p1a: GoldOrca|Kyogre, shiny|100/100
|detailschange|p1a: GoldOrca|Kyogre-Primal, shiny
|-primal|p1a: GoldOrca
|-weather|PrimordialSea|[from] ability: Primordial Sea|[of] p1a: GoldOrca
|turn|4
|
|t:|1663767879
|move|p2a: Rayquaza|Scale Shot|p1a: GoldOrca|[miss]
|-miss|p2a: Rayquaza|p1a: GoldOrca
|move|p1a: GoldOrca|Ice Beam|p2a: Rayquaza
|-supereffective|p2a: Rayquaza
|-damage|p2a: Rayquaza|0 fnt
|faint|p2a: Rayquaza
|
|-weather|PrimordialSea|[upkeep]
|upkeep
|
|t:|1663767893
|switch|p2a: Kyogre|Kyogre|100/100
|detailschange|p2a: Kyogre|Kyogre-Primal
|-primal|p2a: Kyogre
|turn|5
|
|t:|1663767896
|switch|p1a: Arceus|Arceus-Ground|100/100
|move|p2a: Kyogre|Thunder|p1a: Arceus
|-immune|p1a: Arceus
|
|-weather|PrimordialSea|[upkeep]
|upkeep
|turn|6
|
|t:|1663767904
|move|p1a: Arceus|Earthquake|p2a: Kyogre
|-damage|p2a: Kyogre|57/100
|move|p2a: Kyogre|Water Spout|p1a: Arceus
|-supereffective|p1a: Arceus
|-damage|p1a: Arceus|0 fnt
|faint|p1a: Arceus
|
|-weather|PrimordialSea|[upkeep]
|upkeep
|
|t:|1663767905
|switch|p1a: Smeargle|Smeargle, M|100/100
|turn|7
|
|t:|1663767909
|move|p1a: Smeargle|Spore|p2a: Kyogre
|-status|p2a: Kyogre|slp|[from] move: Spore
|cant|p2a: Kyogre|slp
|
|-weather|PrimordialSea|[upkeep]
|-ability|p1a: Smeargle|Moody|boost
|-boost|p1a: Smeargle|spe|2
|-unboost|p1a: Smeargle|spd|1
|upkeep
|turn|8
|
|t:|1663767911
|move|p1a: Smeargle|Sticky Web|p2a: Kyogre
|-sidestart|p2: ThenoJSZ|move: Sticky Web
|cant|p2a: Kyogre|slp
|
|-weather|PrimordialSea|[upkeep]
|-ability|p1a: Smeargle|Moody|boost
|-boost|p1a: Smeargle|spa|2
|-unboost|p1a: Smeargle|spd|1
|upkeep
|turn|9
|
|t:|1663767914
|move|p1a: Smeargle|Stealth Rock|p2a: Kyogre
|-sidestart|p2: ThenoJSZ|move: Stealth Rock
|cant|p2a: Kyogre|slp
|
|-weather|PrimordialSea|[upkeep]
|-ability|p1a: Smeargle|Moody|boost
|-boost|p1a: Smeargle|atk|2
|-unboost|p1a: Smeargle|spa|1
|upkeep
|turn|10
|
|t:|1663767917
|move|p1a: Smeargle|Nuzzle|p2a: Kyogre
|-supereffective|p2a: Kyogre
|-damage|p2a: Kyogre|51/100 slp
|-curestatus|p2a: Kyogre|slp|[msg]
|move|p2a: Kyogre|Toxic|p1a: Smeargle|[miss]
|-miss|p2a: Kyogre|p1a: Smeargle
|
|-weather|PrimordialSea|[upkeep]
|-ability|p1a: Smeargle|Moody|boost
|-boost|p1a: Smeargle|spa|2
|-unboost|p1a: Smeargle|def|1
|upkeep
|turn|11
|
|t:|1663767920
|move|p1a: Smeargle|Nuzzle|p2a: Kyogre
|-supereffective|p2a: Kyogre
|-damage|p2a: Kyogre|46/100
|-status|p2a: Kyogre|par
|move|p2a: Kyogre|Toxic|p1a: Smeargle
|-status|p1a: Smeargle|tox
|
|-weather|PrimordialSea|[upkeep]
|-damage|p1a: Smeargle|94/100 tox|[from] psn
|-ability|p1a: Smeargle|Moody|boost
|-boost|p1a: Smeargle|def|2
|-unboost|p1a: Smeargle|spd|1
|upkeep
|turn|12
|
|t:|1663767925
|move|p1a: Smeargle|Nuzzle|p2a: Kyogre
|-supereffective|p2a: Kyogre
|-damage|p2a: Kyogre|40/100 par
|cant|p2a: Kyogre|par
|
|-weather|PrimordialSea|[upkeep]
|-damage|p1a: Smeargle|82/100 tox|[from] psn
|-ability|p1a: Smeargle|Moody|boost
|-boost|p1a: Smeargle|spe|2
|-unboost|p1a: Smeargle|atk|1
|upkeep
|turn|13
|
|t:|1663767927
|move|p1a: Smeargle|Nuzzle|p2a: Kyogre
|-supereffective|p2a: Kyogre
|-damage|p2a: Kyogre|36/100 par
|move|p2a: Kyogre|Origin Pulse|p1a: Smeargle
|-damage|p1a: Smeargle|0 fnt
|faint|p1a: Smeargle
|
|-weather|PrimordialSea|[upkeep]
|upkeep
|
|t:|1663767938
|switch|p1a: Salamence|Salamence, F|100/100
|turn|14
|
|t:|1663767943
|-start|p1a: Salamence|Dynamax|
|-heal|p1a: Salamence|100/100|[silent]
|move|p1a: Salamence|Max Airstream|p2a: Kyogre
|-damage|p2a: Kyogre|0 fnt
|-boost|p1a: Salamence|spe|1
|faint|p2a: Kyogre
|-weather|none
|-ability|p1a: Salamence|Moxie|boost
|-boost|p1a: Salamence|atk|1
|
|upkeep
|j| buttfaceeatpoo
|
|t:|1663767951
|switch|p2a: Arceus|Arceus-Electric|100/100
|-activate|p2a: Arceus|move: Sticky Web
|-unboost|p2a: Arceus|spe|1
|-damage|p2a: Arceus|88/100|[from] Stealth Rock
|turn|15
|
|t:|1663767955
|move|p1a: Salamence|Max Quake|p2a: Arceus
|-supereffective|p2a: Arceus
|-damage|p2a: Arceus|5/100
|-boost|p1a: Salamence|spd|1
|move|p2a: Arceus|Will-O-Wisp|p1a: Salamence
|-status|p1a: Salamence|brn
|
|-damage|p1a: Salamence|97/100 brn|[from] brn
|upkeep
|turn|16
|
|t:|1663767963
|-end|p1a: Salamence|Dynamax
|-heal|p1a: Salamence|97/100 brn|[silent]
|switch|p1a: GoldOrca|Kyogre-Primal, shiny|100/100
|-weather|PrimordialSea|[from] ability: Primordial Sea|[of] p1a: GoldOrca
|move|p2a: Arceus|Recover|p2a: Arceus
|-heal|p2a: Arceus|55/100
|
|-weather|PrimordialSea|[upkeep]
|upkeep
|turn|17
|
|t:|1663767970
|move|p1a: GoldOrca|Water Spout|p2a: Arceus
|-damage|p2a: Arceus|0 fnt
|faint|p2a: Arceus
|
|-weather|PrimordialSea|[upkeep]
|upkeep
|
|t:|1663767975
|switch|p2a: Ditto|Ditto|100/100
|-activate|p2a: Ditto|move: Sticky Web
|-unboost|p2a: Ditto|spe|1
|-damage|p2a: Ditto|88/100|[from] Stealth Rock
|-transform|p2a: Ditto|p1a: GoldOrca|[from] ability: Imposter
|turn|18
|
|t:|1663767985
|switch|p1a: Salamence|Salamence, F|97/100 brn
|move|p2a: Ditto|Thunder|p1a: Salamence
|-damage|p1a: Salamence|41/100 brn
|
|-weather|PrimordialSea|[upkeep]
|-damage|p1a: Salamence|35/100 brn|[from] brn
|upkeep
|turn|19
|
|t:|1663767991
|move|p2a: Ditto|Thunder|p1a: Salamence
|-damage|p1a: Salamence|0 fnt
|faint|p1a: Salamence
|
|-weather|PrimordialSea|[upkeep]
|upkeep
|
|t:|1663767994
|switch|p1a: Kartana|Kartana|100/100
|turn|20
|
|t:|1663768000
|-weather|none
|switch|p2a: Zacian|Zacian-Crowned|100/100
|-activate|p2a: Zacian|move: Sticky Web
|-unboost|p2a: Zacian|spe|1
|-damage|p2a: Zacian|94/100|[from] Stealth Rock
|-ability|p2a: Zacian|Intrepid Sword|boost
|-boost|p2a: Zacian|atk|1
|move|p1a: Kartana|Smart Strike|p2a: Zacian
|-damage|p2a: Zacian|49/100
|
|upkeep
|turn|21
|
|t:|1663768010
|move|p1a: Kartana|Smart Strike|p2a: Zacian
|-damage|p2a: Zacian|8/100
|move|p2a: Zacian|Close Combat|p1a: Kartana
|-supereffective|p1a: Kartana
|-damage|p1a: Kartana|0 fnt
|-unboost|p2a: Zacian|def|1
|-unboost|p2a: Zacian|spd|1
|faint|p1a: Kartana
|
|upkeep
|c|☆Y0UT0P!A|Man what
|c| buttfaceeatpoo|YOUTOP!A
|c| buttfaceeatpoo|Trust me dude
|
|t:|1663768037
|switch|p1a: GoldOrca|Kyogre-Primal, shiny|100/100
|-weather|PrimordialSea|[from] ability: Primordial Sea|[of] p1a: GoldOrca
|turn|22
|c| buttfaceeatpoo|i've tested kartana and moxie sally
|
|t:|1663768043
|move|p1a: GoldOrca|Surf|p2a: Zacian
|-damage|p2a: Zacian|0 fnt
|faint|p2a: Zacian
|
|-weather|PrimordialSea|[upkeep]
|upkeep
|c| buttfaceeatpoo|extensively
|
|t:|1663768049
|switch|p2a: Ditto|Ditto|88/100
|-activate|p2a: Ditto|move: Sticky Web
|-unboost|p2a: Ditto|spe|1
|-damage|p2a: Ditto|76/100|[from] Stealth Rock
|-transform|p2a: Ditto|p1a: GoldOrca|[from] ability: Imposter
|turn|23
|c| buttfaceeatpoo|they don't work
|c|☆Y0UT0P!A|It’s not even that
|c| buttfaceeatpoo|? i'm not talking about the match as a whole
|inactive|Y0UT0P!A has 120 seconds left.
|c|☆Y0UT0P!A|that damn dog should have died
|c| buttfaceeatpoo|just from a teambuilding perspective
|c|☆Y0UT0P!A|ah ok
|c| buttfaceeatpoo|nah see that's the thing though
|
|t:|1663768093
|move|p2a: Ditto|Thunder|p1a: GoldOrca
|-supereffective|p1a: GoldOrca
|-damage|p1a: GoldOrca|35/100
|-status|p1a: GoldOrca|par
|move|p1a: GoldOrca|Thunder|p2a: Ditto
|-supereffective|p2a: Ditto
|-damage|p2a: Ditto|1/100
|
|-weather|PrimordialSea|[upkeep]
|upkeep
|turn|24
|c| buttfaceeatpoo|kartana can't kill things in this tier
|c|☆Y0UT0P!A|And i get Para
|c| buttfaceeatpoo|he needs +4 to OHKO basically anybthing
|c|☆Y0UT0P!A|lmaoo
|-message|Y0UT0P!A forfeited.
|
|win|ThenoJSZ
|raw|Y0UT0P!A's rating: 1626 &rarr; <strong>1614</strong><br />(-12 for losing)
|raw|ThenoJSZ's rating: 1770 &rarr; <strong>1782</strong><br />(+12 for winning)
|l|☆Y0UT0P!A
|l| buttfaceeatpoo
|c|☆ThenoJSZ|🌶️
||Ladder isn't responding, score probably updated but might not have (Request timeout).
