|j|☆orange overhaul
|j|☆Gohansenju
|t:|1665335664
|gametype|singles
|player|p1|orange overhaul|plasmagruntf-gen5bw|1659
|player|p2|Gohansenju|blue-gen3two|1748
|teamsize|p1|6
|teamsize|p2|6
|gen|8
|tier|[Gen 8] National Dex AG
|rated|
|rule|HP Percentage Mod: HP is shown in percentages
|rule|Endless Battle Clause: Forcing endless battles is banned
|clearpoke
|poke|p1|Kartana|
|poke|p1|Arceus-*|
|poke|p1|Groudon|
|poke|p1|Zacian-*|
|poke|p1|Eternatus|
|poke|p1|Rayquaza|
|poke|p2|Buzzwole|
|poke|p2|Ditto|
|poke|p2|Shaymin-Sky|
|poke|p2|Yveltal|
|poke|p2|Kyogre|
|poke|p2|Groudon|
|teampreview
|inactive|Battle timer is ON: inactive players will automatically lose when time's up. (requested by orange overhaul)
|inactive|Gohansenju also wants the timer to be on.
|
|t:|1665335681
|start
|switch|p1a: Rayquaza|Rayquaza|100/100
|switch|p2a: Groudon|Groudon|100/100
|-ability|p1a: Rayquaza|Air Lock
|detailschange|p2a: Groudon|Groudon-Primal
|-primal|p2a: Groudon
|-weather|DesolateLand|[from] ability: Desolate Land|[of] p2a: Groudon
|turn|1
|
|t:|1665335692
|-weather|none
|switch|p2a: Yveltal|Yveltal, shiny|100/100
|-ability|p2a: Yveltal|Dark Aura
|detailschange|p1a: Rayquaza|Rayquaza-Mega
|-mega|p1a: Rayquaza|Rayquaza|
|-weather|DeltaStream|[from] ability: Delta Stream|[of] p1a: Rayquaza
|move|p1a: Rayquaza|Dragon Dance|p1a: Rayquaza
|-boost|p1a: Rayquaza|atk|1
|-boost|p1a: Rayquaza|spe|1
|
|-weather|DeltaStream|[upkeep]
|upkeep
|turn|2
|
|t:|1665335700
|move|p1a: Rayquaza|Dragon Ascent|p2a: Yveltal
|-damage|p2a: Yveltal|0 fnt
|-unboost|p1a: Rayquaza|def|1
|-unboost|p1a: Rayquaza|spd|1
|faint|p2a: Yveltal
|-damage|p1a: Rayquaza|91/100|[from] item: Life Orb
|
|-weather|DeltaStream|[upkeep]
|upkeep
|
|t:|1665335712
|switch|p2a: Ditto|Ditto|100/100
|-transform|p2a: Ditto|p1a: Rayquaza|[from] ability: Imposter
|turn|3
|
|t:|1665335722
|switch|p1a: Eternatus|Eternatus|100/100
|-ability|p1a: Eternatus|Pressure
|move|p2a: Ditto|Extreme Speed|p1a: Eternatus
|-damage|p1a: Eternatus|54/100
|
|-weather|DeltaStream|[upkeep]
|-heal|p1a: Eternatus|60/100|[from] item: Black Sludge
|upkeep
|turn|4
|
|t:|1665335730
|-weather|none
|switch|p2a: Groudon|Groudon-Primal|100/100
|-weather|DesolateLand|[from] ability: Desolate Land|[of] p2a: Groudon
|move|p1a: Eternatus|Dynamax Cannon|p2a: Groudon
|-damage|p2a: Groudon|41/100
|
|-weather|DesolateLand|[upkeep]
|-heal|p1a: Eternatus|66/100|[from] item: Black Sludge
|upkeep
|turn|5
|
|t:|1665335735
|move|p1a: Eternatus|Dynamax Cannon|p2a: Groudon
|-damage|p2a: Groudon|0 fnt
|faint|p2a: Groudon
|-weather|none
|
|-heal|p1a: Eternatus|72/100|[from] item: Black Sludge
|upkeep
|
|t:|1665335744
|switch|p2a: Ditto|Ditto|100/100
|-transform|p2a: Ditto|p1a: Eternatus|[from] ability: Imposter
|-ability|p2a: Ditto|Pressure
|turn|6
|
|t:|1665335751
|switch|p2a: Kyogre|Kyogre|100/100
|detailschange|p2a: Kyogre|Kyogre-Primal
|-primal|p2a: Kyogre
|-weather|PrimordialSea|[from] ability: Primordial Sea|[of] p2a: Kyogre
|move|p1a: Eternatus|Dynamax Cannon|p2a: Kyogre
|-crit|p2a: Kyogre
|-damage|p2a: Kyogre|40/100
|
|-weather|PrimordialSea|[upkeep]
|-heal|p1a: Eternatus|78/100|[from] item: Black Sludge
|upkeep
|turn|7
|
|t:|1665335760
|switch|p1a: Groudon|Groudon|100/100
|detailschange|p1a: Groudon|Groudon-Primal
|-primal|p1a: Groudon
|-weather|DesolateLand|[from] ability: Desolate Land|[of] p1a: Groudon
|move|p2a: Kyogre|Earthquake|p1a: Groudon
|-supereffective|p1a: Groudon
|-damage|p1a: Groudon|60/100
|
|-weather|DesolateLand|[upkeep]
|upkeep
|turn|8
|
|t:|1665335771
|move|p2a: Kyogre|Earthquake|p1a: Groudon
|-supereffective|p1a: Groudon
|-damage|p1a: Groudon|14/100
|move|p1a: Groudon|Earthquake|p2a: Kyogre
|-damage|p2a: Kyogre|0 fnt
|faint|p2a: Kyogre
|
|-weather|DesolateLand|[upkeep]
|upkeep
|
|t:|1665335779
|switch|p2a: Buzzwole|Buzzwole, shiny|100/100
|turn|9
|
|t:|1665335787
|-weather|none
|switch|p1a: Zacian|Zacian-Crowned|100/100
|-ability|p1a: Zacian|Intrepid Sword|boost
|-boost|p1a: Zacian|atk|1
|-start|p2a: Buzzwole|Dynamax|
|-heal|p2a: Buzzwole|100/100|[silent]
|move|p2a: Buzzwole|Max Airstream|p1a: Zacian
|-resisted|p1a: Zacian
|-damage|p1a: Zacian|78/100
|-boost|p2a: Buzzwole|spe|1
|
|upkeep
|turn|10
|j| Inpiedie
|
|t:|1665335801
|move|p1a: Zacian|Behemoth Blade|p2a: Buzzwole
|-damage|p2a: Buzzwole|35/100
|-enditem|p2a: Buzzwole|Sitrus Berry|[eat]
|-heal|p2a: Buzzwole|47/100|[from] item: Sitrus Berry
|move|p2a: Buzzwole|Max Quake|p1a: Zacian
|-supereffective|p1a: Zacian
|-damage|p1a: Zacian|0 fnt
|-boost|p2a: Buzzwole|spd|1
|faint|p1a: Zacian
|-ability|p2a: Buzzwole|Beast Boost|boost
|-boost|p2a: Buzzwole|atk|1
|
|upkeep
|l| Inpiedie
|
|t:|1665335815
|switch|p1a: Eternatus|Eternatus|78/100
|-ability|p1a: Eternatus|Pressure
|turn|11
|
|t:|1665335826
|move|p2a: Buzzwole|Max Quake|p1a: Eternatus
|-supereffective|p1a: Eternatus
|-damage|p1a: Eternatus|0 fnt
|-boost|p2a: Buzzwole|spd|1
|faint|p1a: Eternatus
|-ability|p2a: Buzzwole|Beast Boost|boost
|-boost|p2a: Buzzwole|atk|1
|
|upkeep
|
|t:|1665335834
|switch|p1a: Kartana|Kartana|100/100
|-end|p2a: Buzzwole|Dynamax
|-heal|p2a: Buzzwole|47/100|[silent]
|turn|12
|
|t:|1665335841
|-start|p1a: Kartana|Dynamax|
|-heal|p1a: Kartana|100/100|[silent]
|move|p2a: Buzzwole|Close Combat|p1a: Kartana
|-supereffective|p1a: Kartana
|-damage|p1a: Kartana|0 fnt
|-unboost|p2a: Buzzwole|def|1
|-unboost|p2a: Buzzwole|spd|1
|faint|p1a: Kartana
|-ability|p2a: Buzzwole|Beast Boost|boost
|-boost|p2a: Buzzwole|atk|1
|
|upkeep
|
|t:|1665335847
|switch|p1a: Rayquaza|Rayquaza-Mega|91/100
|-weather|DeltaStream|[from] ability: Delta Stream|[of] p1a: Rayquaza
|turn|13
|
|t:|1665335857
|move|p1a: Rayquaza|Extreme Speed|p2a: Buzzwole
|-damage|p2a: Buzzwole|1/100
|-damage|p1a: Rayquaza|81/100|[from] item: Life Orb
|move|p2a: Buzzwole|Iron Head|p1a: Rayquaza
|-damage|p1a: Rayquaza|10/100
|
|-weather|DeltaStream|[upkeep]
|upkeep
|turn|14
|
|t:|1665335866
|move|p1a: Rayquaza|Extreme Speed|p2a: Buzzwole
|-damage|p2a: Buzzwole|0 fnt
|faint|p2a: Buzzwole
|-damage|p1a: Rayquaza|0 fnt|[from] item: Life Orb
|faint|p1a: Rayquaza
|-weather|none
|
|upkeep
|
|t:|1665335874
|switch|p1a: Groudon|Groudon-Primal|14/100
|switch|p2a: Shaymin|Shaymin-Sky, shiny|100/100
|-weather|DesolateLand|[from] ability: Desolate Land|[of] p1a: Groudon
|turn|15
|
|t:|1665335882
|move|p2a: Shaymin|Air Slash|p1a: Groudon
|-damage|p1a: Groudon|0 fnt
|faint|p1a: Groudon
|-weather|none
|
|upkeep
|
|t:|1665335883
|switch|p1a: Arceus|Arceus-Ground|100/100
|turn|16
|
|t:|1665335888
|switch|p2a: Ditto|Ditto|100/100
|-transform|p2a: Ditto|p1a: Arceus|[from] ability: Imposter
|move|p1a: Arceus|Ice Beam|p2a: Ditto
|-supereffective|p2a: Ditto
|-damage|p2a: Ditto|56/100
|
|upkeep
|turn|17
|
|t:|1665335892
|move|p2a: Ditto|Ice Beam|p1a: Arceus
|-supereffective|p1a: Arceus
|-damage|p1a: Arceus|71/100
|-status|p1a: Arceus|frz
|-curestatus|p1a: Arceus|frz|[msg]
|move|p1a: Arceus|Ice Beam|p2a: Ditto
|-supereffective|p2a: Ditto
|-damage|p2a: Ditto|8/100
|
|upkeep
|turn|18
|
|t:|1665335897
|move|p2a: Ditto|Ice Beam|p1a: Arceus
|-supereffective|p1a: Arceus
|-damage|p1a: Arceus|42/100
|move|p1a: Arceus|Recover|p1a: Arceus
|-heal|p1a: Arceus|92/100
|
|upkeep
|turn|19
|
|t:|1665335900
|move|p2a: Ditto|Ice Beam|p1a: Arceus
|-supereffective|p1a: Arceus
|-damage|p1a: Arceus|58/100
|move|p1a: Arceus|Ice Beam|p2a: Ditto
|-supereffective|p2a: Ditto
|-damage|p2a: Ditto|0 fnt
|faint|p2a: Ditto
|
|upkeep
|
|t:|1665335903
|switch|p2a: Shaymin|Shaymin-Sky, shiny|100/100
|turn|20
|
|t:|1665335905
|move|p2a: Shaymin|Seed Flare|p1a: Arceus
|-supereffective|p1a: Arceus
|-damage|p1a: Arceus|0 fnt
|faint|p1a: Arceus
|
|win|Gohansenju
|raw|orange overhaul's rating: 1659 &rarr; <strong>1644</strong><br />(-15 for losing)
|raw|Gohansenju's rating: 1748 &rarr; <strong>1763</strong><br />(+15 for winning)
|c|☆orange overhaul|gg
