|j|☆rowletroost
|j|☆icemaster
|inactive|Battle timer is ON: inactive players will automatically lose when time's up.
|t:|1645283849
|gametype|singles
|player|p1|rowletroost|lance|
|player|p2|icemaster|#scl1terrors|
|teamsize|p1|6
|teamsize|p2|6
|gen|8
|tier|[Gen 8] National Dex AG
|rated|Tournament battle
|rule|HP Percentage Mod: HP is shown in percentages
|rule|Endless Battle Clause: Forcing endless battles is banned
|clearpoke
|poke|p1|Arceus-*|
|poke|p1|Xerneas-*|
|poke|p1|Kyogre|
|poke|p1|Marshadow|
|poke|p1|Ribombee, M|
|poke|p1|Vivillon-Savanna, M|
|poke|p2|Arceus-*|
|poke|p2|Arceus-*|
|poke|p2|Arceus-*|
|poke|p2|Arceus-*|
|poke|p2|Rayquaza|
|poke|p2|Necrozma-Dusk-Mane|
|teampreview
|inactive|rowletroost also wants the timer to be on.
|j|#Seldanna
|j| Ganyua =~=
|c|☆icemaster|hf
|c|☆rowletroost|u2
|
|t:|1645283861
|start
|switch|p1a: Xerneas|Xerneas, shiny|100/100
|switch|p2a: Arceus|Arceus-Ground|100/100
|-ability|p1a: Xerneas|Fairy Aura
|turn|1
|c| Ganyua =~=|hello i appreciate your smogon guides
|c|☆icemaster|mine?
|c| Ganyua =~=|yes
|inactive|icemaster has 120 seconds left.
|c|☆icemaster|I havent written in a while but thanks
|
|t:|1645283903
|move|p2a: Arceus|Stealth Rock|p1a: Xerneas
|-sidestart|p1: rowletroost|move: Stealth Rock
|move|p1a: Xerneas|Geomancy||[still]
|-prepare|p1a: Xerneas|Geomancy
|-enditem|p1a: Xerneas|Power Herb
|-anim|p1a: Xerneas|Geomancy|p1a: Xerneas
|-boost|p1a: Xerneas|spa|2
|-boost|p1a: Xerneas|spd|2
|-boost|p1a: Xerneas|spe|2
|
|upkeep
|turn|2
|j| Opnoob 598
|
|t:|1645283906
|move|p1a: Xerneas|Moonblast|p2a: Arceus
|-damage|p2a: Arceus|10/100
|-unboost|p2a: Arceus|spa|1
|move|p2a: Arceus|Toxic|p1a: Xerneas
|-status|p1a: Xerneas|tox
|
|-damage|p1a: Xerneas|94/100 tox|[from] psn
|upkeep
|turn|3
|
|t:|1645283911
|move|p1a: Xerneas|Moonblast|p2a: Arceus
|-damage|p2a: Arceus|0 fnt
|faint|p2a: Arceus
|
|-damage|p1a: Xerneas|82/100 tox|[from] psn
|upkeep
|
|t:|1645283915
|switch|p2a: Necrozma|Necrozma-Dusk-Mane|100/100
|turn|4
|j| AGCL6 Swas
|
|t:|1645283918
|-start|p1a: Xerneas|Dynamax
|-heal|p1a: Xerneas|82/100 tox|[silent]
|move|p1a: Xerneas|Max Flare|p2a: Necrozma
|-supereffective|p2a: Necrozma
|-crit|p2a: Necrozma
|-damage|p2a: Necrozma|0 fnt
|-weather|SunnyDay
|faint|p2a: Necrozma
|
|-weather|SunnyDay|[upkeep]
|-damage|p1a: Xerneas|73/100 tox|[from] psn
|upkeep
|c| Opnoob 598|Oml
|c| Opnoob 598|Lucky crit
|
|t:|1645283929
|switch|p2a: Arceus|Arceus-Ground|100/100
|turn|5
|c| Opnoob 598|Jeez
|
|t:|1645283931
|-start|p2a: Arceus|Dynamax
|-heal|p2a: Arceus|100/100|[silent]
|move|p2a: Arceus|Max Guard|p2a: Arceus
|-singleturn|p2a: Arceus|Max Guard
|move|p1a: Xerneas|Max Starfall|p2a: Arceus
|-activate|p2a: Arceus|move: Max Guard
|
|-weather|SunnyDay|[upkeep]
|-damage|p1a: Xerneas|61/100 tox|[from] psn
|upkeep
|turn|6
|
|t:|1645283937
|move|p1a: Xerneas|Max Starfall|p2a: Arceus
|-damage|p2a: Arceus|18/100
|-fieldstart|move: Misty Terrain
|move|p2a: Arceus|Max Quake|p1a: Xerneas
|-damage|p1a: Xerneas|30/100 tox
|-boost|p2a: Arceus|spd|1
|
|-weather|SunnyDay|[upkeep]
|-damage|p1a: Xerneas|14/100 tox|[from] psn
|-end|p1a: Xerneas|Dynamax
|-heal|p1a: Xerneas|14/100 tox|[silent]
|upkeep
|turn|7
|
|t:|1645283941
|move|p2a: Arceus|Max Guard|p2a: Arceus
|-singleturn|p2a: Arceus|Max Guard
|move|p1a: Xerneas|Moonblast|p2a: Arceus
|-activate|p2a: Arceus|move: Max Guard
|
|-weather|SunnyDay|[upkeep]
|-damage|p1a: Xerneas|0 fnt|[from] psn
|faint|p1a: Xerneas
|-end|p2a: Arceus|Dynamax
|-heal|p2a: Arceus|18/100|[silent]
|upkeep
|
|t:|1645283948
|switch|p1a: Arceus|Arceus-Ground|100/100
|-damage|p1a: Arceus|94/100|[from] Stealth Rock
|turn|8
|
|t:|1645283951
|move|p2a: Arceus|Recover|p2a: Arceus
|-heal|p2a: Arceus|68/100
|move|p1a: Arceus|Defog|p2a: Arceus
|-unboost|p2a: Arceus|evasion|1
|-sideend|p1: rowletroost|Stealth Rock|[from] move: Defog|[of] p1a: Arceus
|-fieldend|Misty Terrain
|
|-weather|none
|upkeep
|turn|9
|
|t:|1645283953
|switch|p1a: Kyogre|Kyogre, shiny|100/100
|detailschange|p1a: Kyogre|Kyogre-Primal, shiny
|-primal|p1a: Kyogre
|-weather|PrimordialSea|[from] ability: Primordial Sea|[of] p1a: Kyogre
|move|p2a: Arceus|Earthquake|p1a: Kyogre
|-damage|p1a: Kyogre|43/100
|
|-weather|PrimordialSea|[upkeep]
|upkeep
|turn|10
|
|t:|1645283955
|move|p2a: Arceus|Earthquake|p1a: Kyogre
|-damage|p1a: Kyogre|0 fnt
|faint|p1a: Kyogre
|-weather|none
|
|upkeep
|j| C0SMIX
|c| Opnoob 598|Lol
|
|t:|1645283963
|switch|p1a: Ribombee|Ribombee, M, shiny|100/100
|turn|11
|
|t:|1645283965
|move|p1a: Ribombee|Sticky Web|p2a: Arceus
|-sidestart|p2: icemaster|move: Sticky Web
|move|p2a: Arceus|Stone Edge|p1a: Ribombee
|-supereffective|p1a: Ribombee
|-crit|p1a: Ribombee
|-enditem|p1a: Ribombee|Focus Sash
|-damage|p1a: Ribombee|1/100
|
|upkeep
|turn|12
|c| Opnoob 598|Dead ogre
|
|t:|1645283971
|move|p1a: Ribombee|Moonblast|p2a: Arceus
|-damage|p2a: Arceus|49/100
|move|p2a: Arceus|Earthquake|p1a: Ribombee
|-resisted|p1a: Ribombee
|-crit|p1a: Ribombee
|-damage|p1a: Ribombee|0 fnt
|faint|p1a: Ribombee
|
|upkeep
|c| Opnoob 598|Lol
|
|t:|1645283981
|switch|p1a: Marshadow|Marshadow|100/100
|turn|13
|c| Opnoob 598|2 crits
|
|t:|1645283985
|move|p1a: Marshadow|Rock Tomb|p2a: Arceus
|-resisted|p2a: Arceus
|-damage|p2a: Arceus|38/100
|-unboost|p2a: Arceus|spe|1
|move|p2a: Arceus|Recover|p2a: Arceus
|-heal|p2a: Arceus|88/100
|
|upkeep
|turn|14
|
|t:|1645283989
|move|p1a: Marshadow|Spectral Thief||[still]
|-clearpositiveboost|p2a: Arceus|p1a: Marshadow|move: Spectral Thief
|-boost|p1a: Marshadow|spd|1
|-anim|p1a: Marshadow|Spectral Thief|p2a: Arceus
|-damage|p2a: Arceus|51/100
|move|p2a: Arceus|Earthquake|p1a: Marshadow
|-damage|p1a: Marshadow|19/100
|
|upkeep
|turn|15
|
|t:|1645283992
|move|p1a: Marshadow|Rock Tomb|p2a: Arceus
|-resisted|p2a: Arceus
|-damage|p2a: Arceus|40/100
|-unboost|p2a: Arceus|spe|1
|move|p2a: Arceus|Recover|p2a: Arceus
|-heal|p2a: Arceus|90/100
|
|upkeep
|turn|16
|
|t:|1645283995
|move|p1a: Marshadow|Rock Tomb|p2a: Arceus
|-resisted|p2a: Arceus
|-damage|p2a: Arceus|79/100
|-unboost|p2a: Arceus|spe|1
|move|p2a: Arceus|Recover|p2a: Arceus
|-heal|p2a: Arceus|100/100
|
|upkeep
|turn|17
|j|+Skarph♫
|
|t:|1645284003
|move|p1a: Marshadow|Rock Tomb|p2a: Arceus
|-resisted|p2a: Arceus
|-damage|p2a: Arceus|88/100
|-unboost|p2a: Arceus|spe|1
|move|p2a: Arceus|Earthquake|p1a: Marshadow
|-damage|p1a: Marshadow|0 fnt
|faint|p1a: Marshadow
|
|upkeep
|
|t:|1645284005
|switch|p1a: Vivillon|Vivillon-Savanna, M|100/100
|turn|18
|
|t:|1645284007
|switch|p2a: Arceus|Arceus|100/100
|-activate|p2a: Arceus|move: Sticky Web
|-unboost|p2a: Arceus|spe|1
|move|p1a: Vivillon|Sleep Powder|p2a: Arceus
|-status|p2a: Arceus|slp|[from] move: Sleep Powder
|
|upkeep
|turn|19
|
|t:|1645284009
|move|p1a: Vivillon|Substitute|p1a: Vivillon
|-start|p1a: Vivillon|Substitute
|-damage|p1a: Vivillon|76/100
|cant|p2a: Arceus|slp
|
|-heal|p1a: Vivillon|82/100|[from] item: Leftovers
|upkeep
|turn|20
|j| Master kushagra
|
|t:|1645284011
|move|p1a: Vivillon|Quiver Dance|p1a: Vivillon
|-boost|p1a: Vivillon|spa|1
|-boost|p1a: Vivillon|spd|1
|-boost|p1a: Vivillon|spe|1
|cant|p2a: Arceus|slp
|
|-heal|p1a: Vivillon|88/100|[from] item: Leftovers
|upkeep
|turn|21
|
|t:|1645284013
|move|p1a: Vivillon|Hurricane|p2a: Arceus
|-damage|p2a: Arceus|71/100 slp
|-start|p2a: Arceus|confusion
|cant|p2a: Arceus|slp
|
|-heal|p1a: Vivillon|94/100|[from] item: Leftovers
|-heal|p2a: Arceus|77/100 slp|[from] item: Leftovers
|upkeep
|turn|22
|
|t:|1645284018
|move|p1a: Vivillon|Hurricane|p2a: Arceus|[miss]
|-miss|p1a: Vivillon|p2a: Arceus
|-curestatus|p2a: Arceus|slp|[msg]
|-activate|p2a: Arceus|confusion
|-damage|p2a: Arceus|71/100|[from] confusion
|
|-heal|p1a: Vivillon|99/100|[from] item: Leftovers
|-heal|p2a: Arceus|77/100|[from] item: Leftovers
|upkeep
|turn|23
|c|+Skarph♫|nvm not watching this
|l|+Skarph♫
|
|t:|1645284024
|move|p1a: Vivillon|Sleep Powder|p2a: Arceus
|-status|p2a: Arceus|slp|[from] move: Sleep Powder
|cant|p2a: Arceus|slp
|
|-heal|p1a: Vivillon|100/100|[from] item: Leftovers
|-heal|p2a: Arceus|83/100 slp|[from] item: Leftovers
|upkeep
|turn|24
|c| Opnoob 598|L
|c| Opnoob 598|O
|c| Opnoob 598|L
|
|t:|1645284032
|move|p1a: Vivillon|Hurricane|p2a: Arceus
|-damage|p2a: Arceus|50/100 slp
|cant|p2a: Arceus|slp
|
|-heal|p2a: Arceus|56/100 slp|[from] item: Leftovers
|upkeep
|turn|25
|c| Ganyua =~=|icemaster is so cool
|
|t:|1645284036
|move|p1a: Vivillon|Hurricane|p2a: Arceus
|-damage|p2a: Arceus|23/100 slp
|-curestatus|p2a: Arceus|slp|[msg]
|-activate|p2a: Arceus|confusion
|move|p2a: Arceus|Perish Song|p2a: Arceus
|-start|p1a: Vivillon|perish3|[silent]
|-start|p2a: Arceus|perish3|[silent]
|-fieldactivate|move: Perish Song
|
|-heal|p2a: Arceus|29/100|[from] item: Leftovers
|-start|p1a: Vivillon|perish3
|-start|p2a: Arceus|perish3
|upkeep
|turn|26
|c| Opnoob 598|Oof
|
|t:|1645284045
|move|p1a: Vivillon|Hurricane|p2a: Arceus
|-damage|p2a: Arceus|0 fnt
|faint|p2a: Arceus
|
|-start|p1a: Vivillon|perish2
|upkeep
|c| Opnoob 598|Perish song
|
|t:|1645284052
|switch|p2a: Arceus|Arceus-Ground|100/100
|-activate|p2a: Arceus|move: Sticky Web
|-unboost|p2a: Arceus|spe|1
|turn|27
|
|t:|1645284059
|move|p1a: Vivillon|Sleep Powder|p2a: Arceus
|-status|p2a: Arceus|slp|[from] move: Sleep Powder
|cant|p2a: Arceus|slp
|
|-start|p1a: Vivillon|perish1
|upkeep
|turn|28
|
|t:|1645284062
|switch|p1a: Arceus|Arceus-Ground|94/100
|switch|p2a: Rayquaza|Rayquaza|100/100
|-ability|p2a: Rayquaza|Air Lock
|
|upkeep
|turn|29
|
|t:|1645284064
|detailschange|p2a: Rayquaza|Rayquaza-Mega
|-mega|p2a: Rayquaza|Rayquaza|
|-weather|DeltaStream|[from] ability: Delta Stream|[of] p2a: Rayquaza
|move|p2a: Rayquaza|Defog|p1a: Arceus
|-unboost|p1a: Arceus|evasion|1
|-sideend|p2: icemaster|Sticky Web|[from] move: Defog|[of] p2a: Rayquaza
|move|p1a: Arceus|Ice Beam|p2a: Rayquaza
|-activate||deltastream
|-supereffective|p2a: Rayquaza
|-damage|p2a: Rayquaza|56/100
|
|-weather|DeltaStream|[upkeep]
|upkeep
|turn|30
|
|t:|1645284071
|-weather|none
|switch|p2a: Arceus|Arceus-Ground|100/100 slp
|move|p1a: Arceus|Ice Beam|p2a: Arceus
|-supereffective|p2a: Arceus
|-damage|p2a: Arceus|64/100 slp
|
|upkeep
|turn|31
|
|t:|1645284075
|switch|p2a: Rayquaza|Rayquaza-Mega|56/100
|-weather|DeltaStream|[from] ability: Delta Stream|[of] p2a: Rayquaza
|move|p1a: Arceus|Ice Beam|p2a: Rayquaza
|-activate||deltastream
|-supereffective|p2a: Rayquaza
|-damage|p2a: Rayquaza|7/100
|
|-weather|DeltaStream|[upkeep]
|upkeep
|turn|32
|
|t:|1645284076
|move|p2a: Rayquaza|Dragon Ascent|p1a: Arceus
|-damage|p1a: Arceus|25/100
|-unboost|p2a: Rayquaza|def|1
|-unboost|p2a: Rayquaza|spd|1
|move|p1a: Arceus|Ice Beam|p2a: Rayquaza
|-activate||deltastream
|-supereffective|p2a: Rayquaza
|-damage|p2a: Rayquaza|0 fnt
|faint|p2a: Rayquaza
|-weather|none
|
|upkeep
|
|t:|1645284078
|switch|p2a: Arceus|Arceus-Ground|88/100
|turn|33
|
|t:|1645284081
|move|p2a: Arceus|Earthquake|p1a: Arceus
|-damage|p1a: Arceus|0 fnt
|faint|p1a: Arceus
|
|upkeep
|
|t:|1645284084
|switch|p1a: Vivillon|Vivillon-Savanna, M|100/100
|turn|34
|
|t:|1645284085
|move|p2a: Arceus|Stone Edge|p1a: Vivillon|[miss]
|-miss|p2a: Arceus|p1a: Vivillon
|move|p1a: Vivillon|Sleep Powder|p2a: Arceus
|-status|p2a: Arceus|slp|[from] move: Sleep Powder
|
|upkeep
|turn|35
|c| Ganyua =~=|omg ice master is so amazing
|
|t:|1645284087
|cant|p2a: Arceus|slp
|move|p1a: Vivillon|Substitute|p1a: Vivillon
|-start|p1a: Vivillon|Substitute
|-damage|p1a: Vivillon|76/100
|
|-heal|p1a: Vivillon|82/100|[from] item: Leftovers
|upkeep
|turn|36
|
|t:|1645284089
|-curestatus|p2a: Arceus|slp|[msg]
|move|p2a: Arceus|Stone Edge|p1a: Vivillon
|-supereffective|p1a: Vivillon
|-end|p1a: Vivillon|Substitute
|move|p1a: Vivillon|Quiver Dance|p1a: Vivillon
|-boost|p1a: Vivillon|spa|1
|-boost|p1a: Vivillon|spd|1
|-boost|p1a: Vivillon|spe|1
|
|-heal|p1a: Vivillon|88/100|[from] item: Leftovers
|upkeep
|turn|37
|
|t:|1645284091
|move|p1a: Vivillon|Sleep Powder|p2a: Arceus
|-status|p2a: Arceus|slp|[from] move: Sleep Powder
|cant|p2a: Arceus|slp
|
|-heal|p1a: Vivillon|94/100|[from] item: Leftovers
|upkeep
|turn|38
|
|t:|1645284092
|move|p1a: Vivillon|Substitute|p1a: Vivillon
|-start|p1a: Vivillon|Substitute
|-damage|p1a: Vivillon|69/100
|cant|p2a: Arceus|slp
|
|-heal|p1a: Vivillon|75/100|[from] item: Leftovers
|upkeep
|turn|39
|
|t:|1645284094
|move|p1a: Vivillon|Quiver Dance|p1a: Vivillon
|-boost|p1a: Vivillon|spa|1
|-boost|p1a: Vivillon|spd|1
|-boost|p1a: Vivillon|spe|1
|cant|p2a: Arceus|slp
|
|-heal|p1a: Vivillon|81/100|[from] item: Leftovers
|upkeep
|turn|40
|
|t:|1645284096
|move|p1a: Vivillon|Hurricane|p2a: Arceus
|-damage|p2a: Arceus|25/100 slp
|-curestatus|p2a: Arceus|slp|[msg]
|move|p2a: Arceus|Stone Edge|p1a: Vivillon|[miss]
|-miss|p2a: Arceus|p1a: Vivillon
|
|-heal|p1a: Vivillon|87/100|[from] item: Leftovers
|upkeep
|turn|41
|-message|icemaster forfeited.
|
|win|rowletroost
|n|☆rowletroost|rowletroost
|n|☆icemaster|icemaster
|n|%Seldanna|seldanna
|n| Ganyua =~=|ganyua
|n| Opnoob 598|opnoob598
|n| AGCL6 Swas|agcl6swas
|n| C0SMIX|c0smix
|n| Master kushagra|masterkushagra
|l|☆icemaster
|j| vez'nan
|c|☆rowletroost|welp
|c| Opnoob 598|Lol
|l| vez'nan
|l|☆rowletroost
|l|%Seldanna
|c| Ganyua =~=|nooo
|c| Ganyua =~=|D:
