|j|☆Kaizyan
|j|☆meepacman
|t:|1623066077
|gametype|singles
|player|p1|Kaizyan|lance|
|player|p2|meepacman|psychic-gen4|
|teamsize|p1|6
|teamsize|p2|6
|gen|8
|tier|[Gen 8] National Dex AG
|rule|HP Percentage Mod: HP is shown in percentages
|rule|Endless Battle Clause: Forcing endless battles is banned
|clearpoke
|poke|p1|Blaziken, F|
|poke|p1|Sawk, M|
|poke|p1|Hatterene, F|
|poke|p1|Jigglypuff, M|
|poke|p1|Mewtwo|
|poke|p1|Marshadow|
|poke|p2|Jigglypuff, F|
|poke|p2|Blaziken, F|
|poke|p2|Marill, M|
|poke|p2|Torchic, F|
|poke|p2|Alakazam, M|
|poke|p2|Sceptile, F|
|teampreview
|c|☆Kaizyan|gentlemens kaizyan?
|c|☆meepacman|yes
|
|t:|1623066102
|start
|switch|p1a: Kaizyan|Mewtwo|100/100
|switch|p2a: Kaizyan|Alakazam, M|100/100
|-ability|p1a: Kaizyan|Pressure
|turn|1
|
|t:|1623066108
|detailschange|p2a: Kaizyan|Alakazam-Mega, M
|-mega|p2a: Kaizyan|Alakazam|Alakazite
|-ability|p2a: Kaizyan|Pressure|[from] ability: Trace|[of] p1a: Kaizyan
|-ability|p2a: Kaizyan|Pressure
|move|p2a: Kaizyan|Calm Mind|p2a: Kaizyan
|-boost|p2a: Kaizyan|spa|1
|-boost|p2a: Kaizyan|spd|1
|move|p1a: Kaizyan|Metronome|p1a: Kaizyan
|move|p1a: Kaizyan|Poltergeist|p2a: Kaizyan|[from]move: Metronome|[miss]
|-miss|p1a: Kaizyan|p2a: Kaizyan
|
|upkeep
|turn|2
|c|☆meepacman|LETS GO
|c|☆Kaizyan|wait wait wait wai
|c|☆Kaizyan|COME On
|c|☆Kaizyan|I HAD POLTERGEIST
|c|☆Kaizyan|oh wa
|c|☆Kaizyan|it doesnt affect
|
|t:|1623066134
|move|p2a: Kaizyan|Metronome|p2a: Kaizyan
|move|p2a: Kaizyan|Brutal Swing|p1a: Kaizyan|[from]move: Metronome
|-supereffective|p1a: Kaizyan
|-damage|p1a: Kaizyan|82/100
|move|p1a: Kaizyan|Metronome|p1a: Kaizyan
|move|p1a: Kaizyan|Icicle Spear|p2a: Kaizyan|[from]move: Metronome
|-damage|p2a: Kaizyan|79/100
|-damage|p2a: Kaizyan|59/100
|-damage|p2a: Kaizyan|37/100
|-hitcount|p2a: Kaizyan|3
|-damage|p1a: Kaizyan|72/100|[from] item: Life Orb
|
|upkeep
|turn|3
|
|t:|1623066145
|move|p2a: Kaizyan|Metronome|p2a: Kaizyan
|move|p2a: Kaizyan|Self-Destruct|p1a: Kaizyan|[from]move: Metronome
|-damage|p1a: Kaizyan|42/100
|faint|p2a: Kaizyan
|move|p1a: Kaizyan|Metronome|p1a: Kaizyan
|move|p1a: Kaizyan|Heat Wave|p2: Kaizyan|[from]move: Metronome|[notarget]
|-fail|p1a: Kaizyan
|
|upkeep
|c|☆meepacman|bruh
|c|☆Kaizyan|LMAOOOOOOOOO
|c|☆meepacman|AGAIN
|c|☆meepacman|HAHAHAHAHHAHA
|c|☆Kaizyan|its the kaizyan special
|
|t:|1623066171
|switch|p2a: Heaven|Blaziken, F|100/100
|turn|4
|
|t:|1623066175
|move|p1a: Kaizyan|Metronome|p1a: Kaizyan
|move|p1a: Kaizyan|Tar Shot|p2a: Heaven|[from]move: Metronome
|-unboost|p2a: Heaven|spe|1
|-start|p2a: Heaven|Tar Shot
|move|p2a: Heaven|Toxic|p1a: Kaizyan
|-status|p1a: Kaizyan|tox
|
|-damage|p1a: Kaizyan|36/100 tox|[from] psn
|-ability|p2a: Heaven|Speed Boost|boost
|-boost|p2a: Heaven|spe|1
|upkeep
|turn|5
|
|t:|1623066188
|move|p1a: Kaizyan|Metronome|p1a: Kaizyan
|move|p1a: Kaizyan|Charge Beam|p2a: Heaven|[from]move: Metronome
|-damage|p2a: Heaven|68/100
|-damage|p1a: Kaizyan|26/100 tox|[from] item: Life Orb
|move|p2a: Heaven|Sky Uppercut|p1a: Kaizyan
|-resisted|p1a: Kaizyan
|-damage|p1a: Kaizyan|7/100 tox
|
|-damage|p1a: Kaizyan|0 fnt|[from] psn
|faint|p1a: Kaizyan
|-ability|p2a: Heaven|Speed Boost|boost
|-boost|p2a: Heaven|spe|1
|upkeep
|c|☆Kaizyan|i just shitted on heaven
|c|☆meepacman|haha
|c|☆meepacman|shoryuken
|
|t:|1623066200
|switch|p1a: Info|Jigglypuff, M|100/100
|turn|6
|c|☆meepacman|sky uppercut
|
|t:|1623066204
|move|p2a: Heaven|Sky Uppercut|p1a: Info|[miss]
|-miss|p2a: Heaven|p1a: Info
|move|p1a: Info|Sing|p2a: Heaven
|-status|p2a: Heaven|slp|[from] move: Sing
|
|-ability|p2a: Heaven|Speed Boost|boost
|-boost|p2a: Heaven|spe|1
|upkeep
|turn|7
|c|☆meepacman|bruh.
|
|t:|1623066212
|cant|p2a: Heaven|slp
|move|p1a: Info|Rollout|p2a: Heaven
|-damage|p2a: Heaven|60/100 slp
|
|-ability|p2a: Heaven|Speed Boost|boost
|-boost|p2a: Heaven|spe|1
|upkeep
|turn|8
|
|t:|1623066218
|cant|p2a: Heaven|slp
|move|p1a: Info|Rollout|p2a: Heaven|[from]lockedmove
|-damage|p2a: Heaven|45/100 slp
|
|-ability|p2a: Heaven|Speed Boost|boost
|-boost|p2a: Heaven|spe|1
|upkeep
|turn|9
|
|t:|1623066222
|cant|p2a: Heaven|slp
|move|p1a: Info|Rollout|p2a: Heaven|[from]lockedmove
|-damage|p2a: Heaven|16/100 slp
|
|-ability|p2a: Heaven|Speed Boost|boost
|-boost|p2a: Heaven|spe|1
|upkeep
|turn|10
|
|t:|1623066226
|-curestatus|p2a: Heaven|slp|[msg]
|move|p2a: Heaven|Sky Uppercut|p1a: Info
|-damage|p1a: Info|11/100
|-start|p2a: Heaven|Attract|[from] ability: Cute Charm|[of] p1a: Info
|move|p1a: Info|Rollout|p2a: Heaven|[from]lockedmove
|-damage|p2a: Heaven|0 fnt
|faint|p2a: Heaven
|
|upkeep
|c|☆Kaizyan|LMAOOOOOOO
|c|☆meepacman|bruh
|c|☆Kaizyan|GGS
|c|☆meepacman|info is op wtf
|
|t:|1623066247
|switch|p2a: Sceptile|Sceptile, F|100/100
|turn|11
|c|☆Kaizyan|best puff in bc wdym
|
|t:|1623066253
|move|p2a: Sceptile|Hidden Power|p1a: Info
|-damage|p1a: Info|0 fnt
|faint|p1a: Info
|
|upkeep
|c|☆Kaizyan|dd hidden power leaf storm
|c|☆Kaizyan|i
|c|☆Kaizyan|i dont
|c|☆Kaizyan|i dont know
|c|☆meepacman|shhhhhh
|
|t:|1623066273
|switch|p1a: Jamie|Hatterene, F|100/100
|turn|12
|c|☆meepacman|I removed it
|
|t:|1623066279
|move|p2a: Sceptile|Leaf Storm|p1a: Jamie
|-damage|p1a: Jamie|36/100
|-unboost|p2a: Sceptile|spa|2
|-enditem|p2a: Sceptile|White Herb
|-clearnegativeboost|p2a: Sceptile|[silent]
|move|p1a: Jamie|Trick Room|p1a: Jamie
|-fieldstart|move: Trick Room|[of] p1a: Jamie
|
|upkeep
|turn|13
|c|☆Kaizyan|witch time
|c|☆meepacman|bruh
|c|☆meepacman|I am
|c|☆meepacman|unburden
|c|☆meepacman|help
|
|t:|1623066298
|move|p1a: Jamie|Mystical Fire|p2a: Sceptile
|-supereffective|p2a: Sceptile
|-damage|p2a: Sceptile|0 fnt
|faint|p2a: Sceptile
|-damage|p1a: Jamie|26/100|[from] item: Life Orb
|
|upkeep
|
|t:|1623066312
|switch|p2a: like 4 people|Jigglypuff, F|100/100
|turn|14
|
|t:|1623066320
|switch|p1a: Thinh|Sawk, M|100/100
|move|p2a: like 4 people|Rollout|p1a: Thinh
|-resisted|p1a: Thinh
|-damage|p1a: Thinh|95/100
|-damage|p2a: like 4 people|91/100|[from] item: Life Orb
|
|upkeep
|turn|15
|
|t:|1623066325
|move|p2a: like 4 people|Rollout|p1a: Thinh|[from]lockedmove
|-resisted|p1a: Thinh
|-damage|p1a: Thinh|84/100
|-damage|p2a: like 4 people|81/100|[from] item: Life Orb
|move|p1a: Thinh|Counter|p2a: like 4 people
|-damage|p2a: like 4 people|66/100
|
|upkeep
|turn|16
|
|t:|1623066331
|move|p2a: like 4 people|Rollout|p1a: Thinh|[from]lockedmove
|-resisted|p1a: Thinh
|-crit|p1a: Thinh
|-damage|p1a: Thinh|50/100
|-damage|p2a: like 4 people|56/100|[from] item: Life Orb
|move|p1a: Thinh|Counter|p2a: like 4 people
|-damage|p2a: like 4 people|11/100
|-start|p1a: Thinh|Attract|[from] ability: Cute Charm|[of] p2a: like 4 people
|
|-fieldend|move: Trick Room
|upkeep
|turn|17
|c|☆meepacman|DAMAGE
|
|t:|1623066338
|move|p2a: like 4 people|Rollout|p1a: Thinh|[from]lockedmove
|-resisted|p1a: Thinh
|-damage|p1a: Thinh|6/100
|-damage|p2a: like 4 people|1/100|[from] item: Life Orb
|-activate|p1a: Thinh|move: Attract|[of] p2a: like 4 people
|cant|p1a: Thinh|Attract
|
|upkeep
|turn|18
|c|☆meepacman|LETS GO
|c|☆Kaizyan|ive
|c|☆Kaizyan|ive been
|c|☆Kaizyan|outplayed
|
|t:|1623066351
|move|p2a: like 4 people|Rollout|p1a: Thinh|[from]lockedmove
|-resisted|p1a: Thinh
|-damage|p1a: Thinh|0 fnt
|faint|p1a: Thinh
|-damage|p2a: like 4 people|0 fnt|[from] item: Life Orb
|faint|p2a: like 4 people
|
|upkeep
|c|☆Kaizyan|"The opposing like 4 people fainted" LOL
|c|☆Kaizyan|hey
|c|☆Kaizyan|its
|
|t:|1623066386
|switch|p1a: Marshadow|Marshadow|100/100
|switch|p2a: "ass movepool"|Marill, M|100/100
|turn|19
|c|☆Kaizyan|tatsumaki
|c|☆Kaizyan|time
|
|t:|1623066397
|move|p1a: Marshadow|Rolling Kick|p2a: "ass movepool"
|-resisted|p2a: "ass movepool"
|-damage|p2a: "ass movepool"|74/100
|cant|p2a: "ass movepool"|flinch
|
|upkeep
|turn|20
|
|t:|1623066402
|move|p1a: Marshadow|Rolling Kick|p2a: "ass movepool"
|-resisted|p2a: "ass movepool"
|-damage|p2a: "ass movepool"|47/100
|move|p2a: "ass movepool"|Whirlpool|p1a: Marshadow
|-damage|p1a: Marshadow|95/100
|-activate|p1a: Marshadow|move: Whirlpool|[of] p2a: "ass movepool"
|
|-damage|p1a: Marshadow|82/100|[from] move: Whirlpool|[partiallytrapped]
|upkeep
|turn|21
|c|☆meepacman|bruh
|
|t:|1623066409
|move|p2a: "ass movepool"|Protect|p2a: "ass movepool"
|-singleturn|p2a: "ass movepool"|Protect
|move|p1a: Marshadow|Rolling Kick|p2a: "ass movepool"
|-activate|p2a: "ass movepool"|move: Protect
|
|-damage|p1a: Marshadow|70/100|[from] move: Whirlpool|[partiallytrapped]
|upkeep
|turn|22
|
|t:|1623066414
|move|p1a: Marshadow|Rolling Kick|p2a: "ass movepool"
|-resisted|p2a: "ass movepool"
|-damage|p2a: "ass movepool"|21/100
|move|p2a: "ass movepool"|Rest|p2a: "ass movepool"
|-status|p2a: "ass movepool"|slp|[from] move: Rest
|-heal|p2a: "ass movepool"|100/100 slp|[silent]
|
|-damage|p1a: Marshadow|58/100|[from] move: Whirlpool|[partiallytrapped]
|upkeep
|turn|23
|c|☆Kaizyan|tatsumaki
|c|☆Kaizyan|nah fuck you
|c|☆Kaizyan|why did you heal
|
|t:|1623066430
|move|p1a: Marshadow|Bulk Up|p1a: Marshadow
|-boost|p1a: Marshadow|atk|1
|-boost|p1a: Marshadow|def|1
|cant|p2a: "ass movepool"|slp
|
|-damage|p1a: Marshadow|45/100|[from] move: Whirlpool|[partiallytrapped]
|upkeep
|turn|24
|
|t:|1623066436
|move|p1a: Marshadow|Bulk Up|p1a: Marshadow
|-boost|p1a: Marshadow|atk|1
|-boost|p1a: Marshadow|def|1
|cant|p2a: "ass movepool"|slp
|
|-damage|p1a: Marshadow|33/100|[from] move: Whirlpool|[partiallytrapped]
|upkeep
|turn|25
|
|t:|1623066439
|move|p1a: Marshadow|Rolling Kick|p2a: "ass movepool"|[miss]
|-miss|p1a: Marshadow|p2a: "ass movepool"
|-curestatus|p2a: "ass movepool"|slp|[msg]
|move|p2a: "ass movepool"|Whirlpool|p1a: Marshadow
|-damage|p1a: Marshadow|28/100
|
|-end|p1a: Marshadow|Whirlpool|[partiallytrapped]
|upkeep
|turn|26
|
|t:|1623066448
|move|p1a: Marshadow|Rolling Kick|p2a: "ass movepool"
|-resisted|p2a: "ass movepool"
|-damage|p2a: "ass movepool"|45/100
|move|p2a: "ass movepool"|Whirlpool|p1a: Marshadow
|-damage|p1a: Marshadow|23/100
|-activate|p1a: Marshadow|move: Whirlpool|[of] p2a: "ass movepool"
|
|-damage|p1a: Marshadow|10/100|[from] move: Whirlpool|[partiallytrapped]
|upkeep
|turn|27
|c|☆meepacman|lets goooo
|c|☆Kaizyan|hacking
|
|t:|1623066470
|move|p2a: "ass movepool"|Protect|p2a: "ass movepool"
|-singleturn|p2a: "ass movepool"|Protect
|-zpower|p1a: Marshadow
|move|p1a: Marshadow|Soul-Stealing 7-Star Strike|p2a: "ass movepool"|[zeffect]
|-zbroken|p2a: "ass movepool"
|-damage|p2a: "ass movepool"|0 fnt
|faint|p2a: "ass movepool"
|
|-end|p1a: Marshadow|Whirlpool|[partiallytrapped]|[silent]
|upkeep
|c|☆Kaizyan|never mind
|c|☆Kaizyan|i hack
|c|☆meepacman|bruh
|
|t:|1623066484
|switch|p2a: Kev|Torchic, F|100/100
|turn|28
|c|☆meepacman|LETS GO KEV
|c|☆Kaizyan|im going to kick kev
|c|☆Kaizyan|in the head
|c|☆meepacman|U HAVE NO ATTACKING MOVED
|c|☆meepacman|MOVES
|c|☆meepacman|BUT U CAN DO IT
|c|☆Kaizyan|have a taste of ur own medicine kev the ken shit
|
|t:|1623066509
|move|p2a: Kev|Protect|p2a: Kev
|-singleturn|p2a: Kev|Protect
|move|p1a: Marshadow|Rolling Kick|p2a: Kev
|-activate|p2a: Kev|move: Protect
|
|-ability|p2a: Kev|Speed Boost|boost
|-boost|p2a: Kev|spe|1
|upkeep
|turn|29
|
|t:|1623066515
|move|p1a: Marshadow|Rolling Kick|p2a: Kev
|-enditem|p2a: Kev|Focus Sash
|-damage|p2a: Kev|1/100
|move|p2a: Kev|Swords Dance|p2a: Kev
|-boost|p2a: Kev|atk|2
|
|-ability|p2a: Kev|Speed Boost|boost
|-boost|p2a: Kev|spe|1
|upkeep
|turn|30
|
|t:|1623066522
|move|p2a: Kev|Protect|p2a: Kev
|-singleturn|p2a: Kev|Protect
|move|p1a: Marshadow|Rolling Kick|p2a: Kev
|-activate|p2a: Kev|move: Protect
|
|-ability|p2a: Kev|Speed Boost|boost
|-boost|p2a: Kev|spe|1
|upkeep
|turn|31
|c|☆Kaizyan|im going to get swept by a fucking torchic
|c|☆meepacman|nah
|c|☆meepacman|I have
|
|t:|1623066541
|-start|p2a: Kev|Dynamax
|-heal|p2a: Kev|1/100|[silent]
|move|p2a: Kev|Max Guard||[still]
|-fail|p2a: Kev
|move|p1a: Marshadow|Rolling Kick|p2a: Kev|[miss]
|-miss|p1a: Marshadow|p2a: Kev
|
|-ability|p2a: Kev|Speed Boost|boost
|-boost|p2a: Kev|spe|1
|upkeep
|turn|32
|c|☆meepacman|no attacking moves
|
|t:|1623066548
|move|p2a: Kev|Max Guard|p2a: Kev
|-singleturn|p2a: Kev|Max Guard
|move|p1a: Marshadow|Rolling Kick|p2a: Kev
|-activate|p2a: Kev|move: Max Guard
|
|-ability|p2a: Kev|Speed Boost|boost
|-boost|p2a: Kev|spe|1
|upkeep
|turn|33
|
|t:|1623066551
|move|p2a: Kev|Max Guard||[still]
|-fail|p2a: Kev
|move|p1a: Marshadow|Rolling Kick|p2a: Kev|[miss]
|-miss|p1a: Marshadow|p2a: Kev
|
|-ability|p2a: Kev|Speed Boost|boost
|-boost|p2a: Kev|spe|1
|-end|p2a: Kev|Dynamax
|-heal|p2a: Kev|1/100|[silent]
|upkeep
|turn|34
|c|☆meepacman|LMAO
|c|☆Kaizyan|i
|c|☆Kaizyan|can you hit the BIG FUCKING CHICKEN HEAVEN
|
|t:|1623066567
|move|p2a: Kev|Protect|p2a: Kev
|-singleturn|p2a: Kev|Protect
|move|p1a: Marshadow|Rolling Kick|p2a: Kev
|-activate|p2a: Kev|move: Protect
|
|upkeep
|turn|35
|
|t:|1623066571
|move|p2a: Kev|Protect||[still]
|-fail|p2a: Kev
|move|p1a: Marshadow|Rolling Kick|p2a: Kev
|-damage|p2a: Kev|0 fnt
|faint|p2a: Kev
|
|win|Kaizyan
|c|☆meepacman|nooooooo
|l|☆meepacman
|c|☆Kaizyan|YEEESSS
