|j|☆funky8787
|j|☆lavenderlad02
|t:|1664919705
|gametype|singles
|player|p1|funky8787|lady-gen4|1636
|player|p2|lavenderlad02|palmer|1705
|teamsize|p1|6
|teamsize|p2|6
|gen|8
|tier|[Gen 8] National Dex AG
|rated|
|rule|HP Percentage Mod: HP is shown in percentages
|rule|Endless Battle Clause: Forcing endless battles is banned
|clearpoke
|poke|p1|Groudon|
|poke|p1|Arceus-*|
|poke|p1|Calyrex-Shadow|
|poke|p1|Deoxys-Attack|
|poke|p1|Yveltal|
|poke|p1|Pheromosa|
|poke|p2|Yveltal|
|poke|p2|Rayquaza|
|poke|p2|Deoxys-Speed|
|poke|p2|Necrozma-Dusk-Mane|
|poke|p2|Zacian-*|
|poke|p2|Grimmsnarl, M|
|teampreview
|inactive|Battle timer is ON: inactive players will automatically lose when time's up. (requested by lavenderlad02)
|
|t:|1664919723
|start
|switch|p1a: Groudon|Groudon|100/100
|switch|p2a: Deoxys|Deoxys-Speed|100/100
|-ability|p2a: Deoxys|Pressure
|detailschange|p1a: Groudon|Groudon-Primal
|-primal|p1a: Groudon
|-weather|DesolateLand|[from] ability: Desolate Land|[of] p1a: Groudon
|turn|1
|
|t:|1664919729
|move|p2a: Deoxys|Stealth Rock|p1a: Groudon
|-sidestart|p1: funky8787|move: Stealth Rock
|move|p1a: Groudon|Fire Punch|p2a: Deoxys
|-damage|p2a: Deoxys|18/100
|
|-weather|DesolateLand|[upkeep]
|upkeep
|turn|2
|
|t:|1664919737
|move|p2a: Deoxys|Spikes|p1a: Groudon
|-sidestart|p1: funky8787|Spikes
|move|p1a: Groudon|Fire Punch|p2a: Deoxys
|-damage|p2a: Deoxys|0 fnt
|faint|p2a: Deoxys
|
|-weather|DesolateLand|[upkeep]
|upkeep
|
|t:|1664919745
|switch|p2a: Yveltal|Yveltal|100/100
|-ability|p2a: Yveltal|Dark Aura
|turn|3
|
|t:|1664919762
|-start|p2a: Yveltal|Dynamax|
|-heal|p2a: Yveltal|100/100|[silent]
|move|p2a: Yveltal|Max Airstream|p1a: Groudon
|-damage|p1a: Groudon|24/100
|-boost|p2a: Yveltal|spe|1
|-damage|p2a: Yveltal|96/100|[from] item: Life Orb
|move|p1a: Groudon|Toxic|p2a: Yveltal
|-status|p2a: Yveltal|tox
|
|-weather|DesolateLand|[upkeep]
|-damage|p2a: Yveltal|92/100 tox|[from] psn
|upkeep
|turn|4
|
|t:|1664919767
|move|p2a: Yveltal|Max Airstream|p1a: Groudon
|-crit|p1a: Groudon
|-damage|p1a: Groudon|0 fnt
|-boost|p2a: Yveltal|spe|1
|faint|p1a: Groudon
|-weather|none
|-damage|p2a: Yveltal|88/100 tox|[from] item: Life Orb
|
|-damage|p2a: Yveltal|81/100 tox|[from] psn
|upkeep
|
|t:|1664919776
|switch|p1a: Arceus|Arceus-Fairy|100/100
|-damage|p1a: Arceus|88/100|[from] Stealth Rock
|-damage|p1a: Arceus|76/100|[from] Spikes
|turn|5
|
|t:|1664919786
|-start|p1a: Arceus|Dynamax|
|-heal|p1a: Arceus|76/100|[silent]
|move|p2a: Yveltal|Max Ooze|p1a: Arceus
|-supereffective|p1a: Arceus
|-damage|p1a: Arceus|37/100
|-boost|p2a: Yveltal|spa|1
|-damage|p2a: Yveltal|76/100 tox|[from] item: Life Orb
|move|p1a: Arceus|Max Starfall|p2a: Yveltal
|-supereffective|p2a: Yveltal
|-damage|p2a: Yveltal|3/100 tox
|-fieldstart|move: Misty Terrain
|
|-damage|p2a: Yveltal|0 fnt|[from] psn
|faint|p2a: Yveltal
|upkeep
|
|t:|1664919789
|switch|p2a: Zacian|Zacian-Crowned|100/100
|-ability|p2a: Zacian|Intrepid Sword|boost
|-boost|p2a: Zacian|atk|1
|turn|6
|
|t:|1664919793
|move|p2a: Zacian|Behemoth Blade|p1a: Arceus
|-supereffective|p1a: Arceus
|-damage|p1a: Arceus|0 fnt
|faint|p1a: Arceus
|
|upkeep
|
|t:|1664919800
|switch|p1a: Pheromosa|Pheromosa|100/100
|-damage|p1a: Pheromosa|88/100|[from] Stealth Rock
|-damage|p1a: Pheromosa|76/100|[from] Spikes
|turn|7
|
|t:|1664919803
|move|p1a: Pheromosa|Close Combat|p2a: Zacian
|-damage|p2a: Zacian|21/100
|-unboost|p1a: Pheromosa|def|1
|-unboost|p1a: Pheromosa|spd|1
|-damage|p1a: Pheromosa|66/100|[from] item: Life Orb
|move|p2a: Zacian|Behemoth Blade|p1a: Pheromosa
|-crit|p1a: Pheromosa
|-damage|p1a: Pheromosa|0 fnt
|faint|p1a: Pheromosa
|
|upkeep
|
|t:|1664919826
|switch|p1a: Calyrex|Calyrex-Shadow|100/100
|-ability|p1a: Calyrex|As One
|-ability|p1a: Calyrex|Unnerve
|-damage|p1a: Calyrex|88/100|[from] Stealth Rock
|-damage|p1a: Calyrex|76/100|[from] Spikes
|turn|8
|
|t:|1664919831
|switch|p2a: Grimmsnarl|Grimmsnarl, M|100/100
|move|p1a: Calyrex|Astral Barrage|p2a: Grimmsnarl
|-resisted|p2a: Grimmsnarl
|-damage|p2a: Grimmsnarl|38/100
|
|upkeep
|turn|9
|
|t:|1664919836
|switch|p1a: Yveltal|Yveltal|100/100
|-ability|p1a: Yveltal|Dark Aura
|move|p2a: Grimmsnarl|Light Screen|p2a: Grimmsnarl
|-sidestart|p2: lavenderlad02|move: Light Screen
|
|-fieldend|Misty Terrain
|upkeep
|turn|10
|
|t:|1664919844
|switch|p2a: Rayquaza|Rayquaza|100/100
|-ability|p2a: Rayquaza|Air Lock
|move|p1a: Yveltal|Defog|p2a: Rayquaza
|-unboost|p2a: Rayquaza|evasion|1
|-sideend|p2: lavenderlad02|move: Light Screen
|-sideend|p1: funky8787|Spikes|[from] move: Defog|[of] p1a: Yveltal
|-sideend|p1: funky8787|Stealth Rock|[from] move: Defog|[of] p1a: Yveltal
|
|upkeep
|turn|11
|
|t:|1664919847
|detailschange|p2a: Rayquaza|Rayquaza-Mega
|-mega|p2a: Rayquaza|Rayquaza|
|-weather|DeltaStream|[from] ability: Delta Stream|[of] p2a: Rayquaza
|move|p2a: Rayquaza|Dragon Dance|p2a: Rayquaza
|-boost|p2a: Rayquaza|atk|1
|-boost|p2a: Rayquaza|spe|1
|move|p1a: Yveltal|Knock Off|p2a: Rayquaza
|-damage|p2a: Rayquaza|50/100
|-enditem|p2a: Rayquaza|Life Orb|[from] move: Knock Off|[of] p1a: Yveltal
|
|-weather|DeltaStream|[upkeep]
|upkeep
|turn|12
|
|t:|1664919851
|move|p1a: Yveltal|Sucker Punch|p2a: Rayquaza
|-damage|p2a: Rayquaza|14/100
|move|p2a: Rayquaza|Dragon Ascent|p1a: Yveltal
|-damage|p1a: Yveltal|16/100
|-unboost|p2a: Rayquaza|def|1
|-unboost|p2a: Rayquaza|spd|1
|
|-weather|DeltaStream|[upkeep]
|upkeep
|turn|13
|
|t:|1664919857
|move|p2a: Rayquaza|Extreme Speed|p1a: Yveltal
|-damage|p1a: Yveltal|0 fnt
|faint|p1a: Yveltal
|
|-weather|DeltaStream|[upkeep]
|upkeep
|
|t:|1664919858
|switch|p1a: Deoxys|Deoxys-Attack|100/100
|-ability|p1a: Deoxys|Pressure
|turn|14
|
|t:|1664919864
|move|p1a: Deoxys|Extreme Speed|p2a: Rayquaza
|-damage|p2a: Rayquaza|0 fnt
|faint|p2a: Rayquaza
|-weather|none
|
|upkeep
|
|t:|1664919868
|switch|p2a: Necrozma|Necrozma-Dusk-Mane|100/100
|turn|15
|
|t:|1664919875
|detailschange|p2a: Necrozma|Necrozma-Ultra
|-burst|p2a: Necrozma|Necrozma|Ultranecrozium Z
|move|p1a: Deoxys|Ice Beam|p2a: Necrozma
|-supereffective|p2a: Necrozma
|-damage|p2a: Necrozma|5/100
|move|p2a: Necrozma|Dragon Dance|p2a: Necrozma
|-boost|p2a: Necrozma|atk|1
|-boost|p2a: Necrozma|spe|1
|
|upkeep
|turn|16
|-message|lavenderlad02 forfeited.
|
|win|funky8787
|raw|funky8787's rating: 1636 &rarr; <strong>1660</strong><br />(+24 for winning)
|raw|lavenderlad02's rating: 1705 &rarr; <strong>1681</strong><br />(-24 for losing)
|l|☆lavenderlad02
||Ladder isn't responding, score probably updated but might not have (Request timeout).
