|j|☆JAY100064
|j|☆sheluvsdank
|inactive|Battle timer is ON: inactive players will automatically lose when time's up.
|t:|1651788750
|gametype|singles
|player|p1|JAY100064|backersf|
|player|p2|sheluvsdank|veteran|
|teamsize|p1|6
|teamsize|p2|6
|gen|8
|tier|[Gen 8] National Dex AG
|rated|Tournament battle
|rule|HP Percentage Mod: HP is shown in percentages
|rule|Endless Battle Clause: Forcing endless battles is banned
|clearpoke
|poke|p1|Chansey, F|
|poke|p1|Sableye, M|
|poke|p1|Arceus-*|
|poke|p1|Necrozma-Dusk-Mane|
|poke|p1|Arceus-*|
|poke|p1|Ho-Oh|
|poke|p2|Xerneas-*|
|poke|p2|Arceus-*|
|poke|p2|Arceus-*|
|poke|p2|Ho-Oh|
|poke|p2|Necrozma-Dusk-Mane|
|poke|p2|Yveltal|
|teampreview
|inactive|sheluvsdank also wants the timer to be on.
|j| Blade Z Knights
|c|☆JAY100064|:(
|
|t:|1651788761
|start
|switch|p1a: Sableye|Sableye, M, shiny|100/100
|switch|p2a: Arceus|Arceus-Dark|100/100
|turn|1
|
|t:|1651788770
|detailschange|p1a: Sableye|Sableye-Mega, M, shiny
|-mega|p1a: Sableye|Sableye|Sablenite
|move|p1a: Sableye|Protect|p1a: Sableye
|-singleturn|p1a: Sableye|Protect
|move|p2a: Arceus|Judgment|p1a: Sableye
|-activate|p1a: Sableye|move: Protect
|
|upkeep
|turn|2
|
|t:|1651788780
|switch|p1a: Ho-Oh|Ho-Oh, shiny|100/100
|move|p2a: Arceus|Judgment|p1a: Ho-Oh
|-damage|p1a: Ho-Oh|75/100
|
|upkeep
|turn|3
|c| Blade Z Knights|Go sheluvsdank!
|c|☆sheluvsdank|?
|
|t:|1651788789
|move|p2a: Arceus|Whirlpool|p1a: Ho-Oh
|-supereffective|p1a: Ho-Oh
|-damage|p1a: Ho-Oh|64/100
|-activate|p1a: Ho-Oh|move: Whirlpool|[of] p2a: Arceus
|move|p1a: Ho-Oh|Whirlwind|p2a: Arceus
|drag|p2a: Xerneas|Xerneas|100/100
|-ability|p2a: Xerneas|Fairy Aura
|
|-end|p1a: Ho-Oh|Whirlpool|[partiallytrapped]|[silent]
|upkeep
|turn|4
|
|t:|1651788799
|switch|p1a: Chansey|Chansey, F, shiny|100/100
|move|p2a: Xerneas|Thunder|p1a: Chansey
|-damage|p1a: Chansey|89/100
|-status|p1a: Chansey|par
|
|upkeep
|turn|5
|
|t:|1651788808
|switch|p2a: Necrozma|Necrozma-Dusk-Mane|100/100
|-curestatus|p1a: Chansey|par|[from] ability: Natural Cure
|switch|p1a: Ho-Oh|Ho-Oh, shiny|97/100
|
|upkeep
|turn|6
|
|t:|1651788817
|switch|p1a: Sableye|Sableye-Mega, M, shiny|100/100
|switch|p2a: Arceus|Arceus-Water|100/100
|
|upkeep
|turn|7
|
|t:|1651788828
|switch|p1a: Chansey|Chansey, F, shiny|89/100
|move|p2a: Arceus|Calm Mind|p2a: Arceus
|-boost|p2a: Arceus|spa|1
|-boost|p2a: Arceus|spd|1
|
|upkeep
|turn|8
|
|t:|1651788834
|move|p2a: Arceus|Calm Mind|p2a: Arceus
|-boost|p2a: Arceus|spa|1
|-boost|p2a: Arceus|spd|1
|move|p1a: Chansey|Confide|p2a: Arceus
|-unboost|p2a: Arceus|spa|1
|
|upkeep
|turn|9
|
|t:|1651788841
|move|p2a: Arceus|Judgment|p1a: Chansey
|-damage|p1a: Chansey|71/100
|move|p1a: Chansey|Seismic Toss|p2a: Arceus
|-damage|p2a: Arceus|78/100
|
|upkeep
|turn|10
|c|☆sheluvsdank|bruhhhhh
|
|t:|1651788850
|move|p2a: Arceus|Calm Mind|p2a: Arceus
|-boost|p2a: Arceus|spa|1
|-boost|p2a: Arceus|spd|1
|move|p1a: Chansey|Soft-Boiled|p1a: Chansey
|-heal|p1a: Chansey|100/100
|
|upkeep
|turn|11
|
|t:|1651788856
|move|p2a: Arceus|Judgment|p1a: Chansey
|-damage|p1a: Chansey|76/100
|move|p1a: Chansey|Confide|p2a: Arceus
|-unboost|p2a: Arceus|spa|1
|
|upkeep
|turn|12
|
|t:|1651788863
|move|p2a: Arceus|Judgment|p1a: Chansey
|-damage|p1a: Chansey|58/100
|move|p1a: Chansey|Soft-Boiled|p1a: Chansey
|-heal|p1a: Chansey|100/100
|
|upkeep
|turn|13
|
|t:|1651788869
|move|p2a: Arceus|Judgment|p1a: Chansey
|-damage|p1a: Chansey|82/100
|move|p1a: Chansey|Confide|p2a: Arceus
|-unboost|p2a: Arceus|spa|1
|
|upkeep
|turn|14
|
|t:|1651788880
|move|p2a: Arceus|Judgment|p1a: Chansey
|-damage|p1a: Chansey|69/100
|move|p1a: Chansey|Soft-Boiled|p1a: Chansey
|-heal|p1a: Chansey|100/100
|
|upkeep
|turn|15
|
|t:|1651788891
|move|p2a: Arceus|Calm Mind|p2a: Arceus
|-boost|p2a: Arceus|spa|1
|-boost|p2a: Arceus|spd|1
|move|p1a: Chansey|Confide|p2a: Arceus
|-unboost|p2a: Arceus|spa|1
|
|upkeep
|turn|16
|
|t:|1651788899
|move|p2a: Arceus|Calm Mind|p2a: Arceus
|-boost|p2a: Arceus|spa|1
|-boost|p2a: Arceus|spd|1
|move|p1a: Chansey|Seismic Toss|p2a: Arceus
|-damage|p2a: Arceus|55/100
|
|upkeep
|turn|17
|
|t:|1651788906
|move|p2a: Arceus|Calm Mind|p2a: Arceus
|-boost|p2a: Arceus|spa|1
|-boost|p2a: Arceus|spd|1
|move|p1a: Chansey|Seismic Toss|p2a: Arceus
|-damage|p2a: Arceus|33/100
|
|upkeep
|turn|18
|
|t:|1651788914
|move|p2a: Arceus|Recover|p2a: Arceus
|-heal|p2a: Arceus|83/100
|move|p1a: Chansey|Confide|p2a: Arceus
|-unboost|p2a: Arceus|spa|1
|
|upkeep
|turn|19
|
|t:|1651788920
|move|p2a: Arceus|Calm Mind|p2a: Arceus
|-boost|p2a: Arceus|spa|1
|-boost|p2a: Arceus|spd|0
|move|p1a: Chansey|Confide|p2a: Arceus
|-unboost|p2a: Arceus|spa|1
|
|upkeep
|turn|20
|
|t:|1651788927
|move|p2a: Arceus|Judgment|p1a: Chansey
|-damage|p1a: Chansey|83/100
|move|p1a: Chansey|Confide|p2a: Arceus
|-unboost|p2a: Arceus|spa|1
|
|upkeep
|turn|21
|
|t:|1651788936
|move|p2a: Arceus|Ice Beam|p1a: Chansey
|-damage|p1a: Chansey|77/100
|move|p1a: Chansey|Soft-Boiled|p1a: Chansey
|-heal|p1a: Chansey|100/100
|
|upkeep
|turn|22
|j| Geysers
|
|t:|1651788968
|move|p2a: Arceus|Judgment|p1a: Chansey
|-damage|p1a: Chansey|88/100
|move|p1a: Chansey|Seismic Toss|p2a: Arceus
|-damage|p2a: Arceus|60/100
|
|upkeep
|turn|23
|
|t:|1651788977
|move|p2a: Arceus|Judgment|p1a: Chansey
|-damage|p1a: Chansey|77/100
|move|p1a: Chansey|Seismic Toss|p2a: Arceus
|-damage|p2a: Arceus|38/100
|
|upkeep
|turn|24
|
|t:|1651788984
|move|p2a: Arceus|Recover|p2a: Arceus
|-heal|p2a: Arceus|88/100
|move|p1a: Chansey|Soft-Boiled|p1a: Chansey
|-heal|p1a: Chansey|100/100
|
|upkeep
|turn|25
|
|t:|1651788998
|move|p2a: Arceus|Judgment|p1a: Chansey
|-damage|p1a: Chansey|89/100
|move|p1a: Chansey|Confide|p2a: Arceus
|-unboost|p2a: Arceus|spa|1
|
|upkeep
|turn|26
|
|t:|1651789007
|switch|p1a: Arceus|Arceus-Dark, shiny|100/100
|move|p2a: Arceus|Calm Mind|p2a: Arceus
|-boost|p2a: Arceus|spa|1
|-boost|p2a: Arceus|spd|0
|
|upkeep
|turn|27
|
|t:|1651789014
|move|p1a: Arceus|Whirlpool|p2a: Arceus
|-resisted|p2a: Arceus
|-damage|p2a: Arceus|87/100
|-activate|p2a: Arceus|move: Whirlpool|[of] p1a: Arceus
|move|p2a: Arceus|Judgment|p1a: Arceus
|-damage|p1a: Arceus|75/100
|
|-damage|p2a: Arceus|75/100|[from] move: Whirlpool|[partiallytrapped]
|upkeep
|turn|28
|
|t:|1651789023
|move|p1a: Arceus|Perish Song|p1a: Arceus
|-start|p1a: Arceus|perish3|[silent]
|-start|p2a: Arceus|perish3|[silent]
|-fieldactivate|move: Perish Song
|move|p2a: Arceus|Judgment|p1a: Arceus
|-damage|p1a: Arceus|48/100
|
|-damage|p2a: Arceus|62/100|[from] move: Whirlpool|[partiallytrapped]
|-start|p1a: Arceus|perish3
|-start|p2a: Arceus|perish3
|upkeep
|turn|29
|
|t:|1651789034
|move|p1a: Arceus|Recover|p1a: Arceus
|-heal|p1a: Arceus|98/100
|move|p2a: Arceus|Judgment|p1a: Arceus
|-damage|p1a: Arceus|73/100
|
|-damage|p2a: Arceus|50/100|[from] move: Whirlpool|[partiallytrapped]
|-start|p1a: Arceus|perish2
|-start|p2a: Arceus|perish2
|upkeep
|turn|30
|c|☆JAY100064|tired of the walls
|
|t:|1651789046
|move|p1a: Arceus|Recover|p1a: Arceus
|-heal|p1a: Arceus|100/100
|move|p2a: Arceus|Recover|p2a: Arceus
|-heal|p2a: Arceus|99/100
|
|-damage|p2a: Arceus|88/100|[from] move: Whirlpool|[partiallytrapped]
|-start|p1a: Arceus|perish1
|-start|p2a: Arceus|perish1
|upkeep
|turn|31
|
|t:|1651789059
|switch|p1a: Chansey|Chansey, F, shiny|89/100
|move|p2a: Arceus|Judgment|p1a: Chansey
|-damage|p1a: Chansey|78/100
|
|-end|p2a: Arceus|Whirlpool|[partiallytrapped]|[silent]
|-start|p2a: Arceus|perish0
|upkeep
|faint|p2a: Arceus
|
|t:|1651789075
|switch|p2a: Arceus|Arceus-Dark|100/100
|turn|32
|
|t:|1651789085
|switch|p1a: Ho-Oh|Ho-Oh, shiny|100/100
|move|p2a: Arceus|Whirlpool|p1a: Ho-Oh
|-supereffective|p1a: Ho-Oh
|-damage|p1a: Ho-Oh|91/100
|-activate|p1a: Ho-Oh|move: Whirlpool|[of] p2a: Arceus
|
|-damage|p1a: Ho-Oh|79/100|[from] move: Whirlpool|[partiallytrapped]
|upkeep
|turn|33
|
|t:|1651789095
|move|p2a: Arceus|Perish Song|p2a: Arceus
|-start|p1a: Ho-Oh|perish3|[silent]
|-start|p2a: Arceus|perish3|[silent]
|-fieldactivate|move: Perish Song
|move|p1a: Ho-Oh|Whirlwind|p2a: Arceus
|drag|p2a: Ho-Oh|Ho-Oh|100/100
|
|-end|p1a: Ho-Oh|Whirlpool|[partiallytrapped]|[silent]
|-start|p1a: Ho-Oh|perish3
|upkeep
|turn|34
|j| SlowthePoke
|c| SlowthePoke|sheesh
|c| Blade Z Knights|That arceus pulled a trollface
|
|t:|1651789111
|switch|p1a: Sableye|Sableye-Mega, M, shiny|100/100
|move|p2a: Ho-Oh|Toxic|p1a: Sableye
|move|p1a: Sableye|Toxic|p2a: Ho-Oh|[from]ability: Magic Bounce
|-status|p2a: Ho-Oh|tox
|
|-damage|p2a: Ho-Oh|94/100 tox|[from] psn
|upkeep
|turn|35
|c| SlowthePoke|battles still going on
|
|t:|1651789126
|switch|p2a: Xerneas|Xerneas|100/100
|-ability|p2a: Xerneas|Fairy Aura
|move|p1a: Sableye|Will-O-Wisp|p2a: Xerneas
|-status|p2a: Xerneas|brn
|
|-damage|p2a: Xerneas|94/100 brn|[from] brn
|upkeep
|turn|36
|c| Blade Z Knights|Yup
|
|t:|1651789137
|switch|p1a: Chansey|Chansey, F, shiny|78/100
|move|p2a: Xerneas|Geomancy||[still]
|-prepare|p2a: Xerneas|Geomancy
|-enditem|p2a: Xerneas|Power Herb
|-anim|p2a: Xerneas|Geomancy|p2a: Xerneas
|-boost|p2a: Xerneas|spa|2
|-boost|p2a: Xerneas|spd|2
|-boost|p2a: Xerneas|spe|2
|
|-damage|p2a: Xerneas|88/100 brn|[from] brn
|upkeep
|turn|37
|
|t:|1651789148
|move|p2a: Xerneas|Moonblast|p1a: Chansey
|-damage|p1a: Chansey|42/100
|move|p1a: Chansey|Confide|p2a: Xerneas
|-unboost|p2a: Xerneas|spa|1
|
|-damage|p2a: Xerneas|82/100 brn|[from] brn
|upkeep
|turn|38
|
|t:|1651789157
|move|p2a: Xerneas|Moonblast|p1a: Chansey
|-damage|p1a: Chansey|13/100
|move|p1a: Chansey|Soft-Boiled|p1a: Chansey
|-heal|p1a: Chansey|63/100
|
|-damage|p2a: Xerneas|76/100 brn|[from] brn
|upkeep
|turn|39
|
|t:|1651789165
|move|p2a: Xerneas|Moonblast|p1a: Chansey
|-damage|p1a: Chansey|35/100
|move|p1a: Chansey|Soft-Boiled|p1a: Chansey
|-heal|p1a: Chansey|85/100
|
|-damage|p2a: Xerneas|70/100 brn|[from] brn
|upkeep
|turn|40
|
|t:|1651789173
|move|p2a: Xerneas|Moonblast|p1a: Chansey
|-damage|p1a: Chansey|61/100
|move|p1a: Chansey|Soft-Boiled|p1a: Chansey
|-heal|p1a: Chansey|100/100
|
|-damage|p2a: Xerneas|64/100 brn|[from] brn
|upkeep
|turn|41
|
|t:|1651789186
|move|p2a: Xerneas|Moonblast|p1a: Chansey
|-damage|p1a: Chansey|75/100
|-unboost|p1a: Chansey|spa|1
|move|p1a: Chansey|Confide|p2a: Xerneas
|-unboost|p2a: Xerneas|spa|1
|
|-damage|p2a: Xerneas|58/100 brn|[from] brn
|upkeep
|turn|42
|
|t:|1651789196
|move|p2a: Xerneas|Moonblast|p1a: Chansey
|-damage|p1a: Chansey|56/100
|move|p1a: Chansey|Seismic Toss|p2a: Xerneas
|-damage|p2a: Xerneas|32/100 brn
|
|-damage|p2a: Xerneas|26/100 brn|[from] brn
|upkeep
|turn|43
|c|☆sheluvsdank|ur wierd
|
|t:|1651789210
|move|p2a: Xerneas|Moonblast|p1a: Chansey
|-damage|p1a: Chansey|39/100
|move|p1a: Chansey|Soft-Boiled|p1a: Chansey
|-heal|p1a: Chansey|89/100
|
|-damage|p2a: Xerneas|20/100 brn|[from] brn
|upkeep
|turn|44
|c| Blade Z Knights|I think i can beat jay... I think...
|c|☆JAY100064|XD
|j| Arcspam Domination
|c| Geysers|what sorta asshole brings hard stall in a roomtour
|
|t:|1651789229
|move|p2a: Xerneas|Moonblast|p1a: Chansey
|-damage|p1a: Chansey|71/100
|move|p1a: Chansey|Seismic Toss|p2a: Xerneas
|-damage|p2a: Xerneas|0 fnt
|faint|p2a: Xerneas
|
|upkeep
|c| Geysers|oh well, suit yourself I guess
|c|☆sheluvsdank|ong geysers
|inactive|sheluvsdank has 120 seconds left.
|c|☆JAY100064|I was trying to make another team but got 0 help
|c|☆JAY100064|:P
|c| Geysers|lol
|c|☆sheluvsdank|i can help
|
|t:|1651789269
|switch|p2a: Yveltal|Yveltal|100/100
|-ability|p2a: Yveltal|Dark Aura
|turn|45
|
|t:|1651789276
|switch|p1a: Arceus|Arceus-Dark, shiny|100/100
|move|p2a: Yveltal|Knock Off|p1a: Arceus
|-resisted|p1a: Arceus
|-damage|p1a: Arceus|86/100
|-damage|p2a: Yveltal|91/100|[from] item: Life Orb
|
|upkeep
|turn|46
|c| Geysers|...
|
|t:|1651789285
|move|p1a: Arceus|Recover|p1a: Arceus
|-heal|p1a: Arceus|100/100
|move|p2a: Yveltal|Oblivion Wing|p1a: Arceus
|-crit|p1a: Arceus
|-damage|p1a: Arceus|48/100
|-heal|p2a: Yveltal|100/100|[from] drain|[of] p1a: Arceus
|-damage|p2a: Yveltal|91/100|[from] item: Life Orb
|
|upkeep
|turn|47
|c| Geysers|is that physdef darkceus
|c| Geysers|LOL
|c| Blade Z Knights|I wanna take a shot at jay first
|
|t:|1651789297
|move|p1a: Arceus|Recover|p1a: Arceus
|-heal|p1a: Arceus|98/100
|move|p2a: Yveltal|Oblivion Wing|p1a: Arceus
|-damage|p1a: Arceus|64/100
|-heal|p2a: Yveltal|100/100|[from] drain|[of] p1a: Arceus
|-damage|p2a: Yveltal|91/100|[from] item: Life Orb
|
|upkeep
|turn|48
|c| Geysers|its ok I get a shot in finals in like 10 minutes
|
|t:|1651789307
|move|p1a: Arceus|Recover|p1a: Arceus
|-heal|p1a: Arceus|100/100
|move|p2a: Yveltal|Oblivion Wing|p1a: Arceus
|-damage|p1a: Arceus|67/100
|-heal|p2a: Yveltal|100/100|[from] drain|[of] p1a: Arceus
|-damage|p2a: Yveltal|91/100|[from] item: Life Orb
|
|upkeep
|turn|49
|c| Geysers|whenever this battle finally ends
|c|☆JAY100064|no spam pls :(
|
|t:|1651789323
|move|p1a: Arceus|Recover|p1a: Arceus
|-heal|p1a: Arceus|100/100
|move|p2a: Yveltal|Oblivion Wing|p1a: Arceus
|-crit|p1a: Arceus
|-damage|p1a: Arceus|51/100
|-heal|p2a: Yveltal|100/100|[from] drain|[of] p1a: Arceus
|-damage|p2a: Yveltal|91/100|[from] item: Life Orb
|
|upkeep
|turn|50
|c| Blade Z Knights|Good luck geysers.
|j| The Moyai Guy
|
|t:|1651789334
|move|p1a: Arceus|Recover|p1a: Arceus
|-heal|p1a: Arceus|100/100
|move|p2a: Yveltal|Oblivion Wing|p1a: Arceus
|-damage|p1a: Arceus|68/100
|-heal|p2a: Yveltal|100/100|[from] drain|[of] p1a: Arceus
|-damage|p2a: Yveltal|91/100|[from] item: Life Orb
|
|upkeep
|turn|51
|
|t:|1651789352
|move|p1a: Arceus|Perish Song|p1a: Arceus
|-start|p1a: Arceus|perish3|[silent]
|-start|p2a: Yveltal|perish3|[silent]
|-fieldactivate|move: Perish Song
|move|p2a: Yveltal|Oblivion Wing|p1a: Arceus
|-damage|p1a: Arceus|33/100
|-heal|p2a: Yveltal|100/100|[from] drain|[of] p1a: Arceus
|-damage|p2a: Yveltal|91/100|[from] item: Life Orb
|
|-start|p1a: Arceus|perish3
|-start|p2a: Yveltal|perish3
|upkeep
|turn|52
|c|☆sheluvsdank|???
|l| Arcspam Domination
|
|t:|1651789372
|switch|p2a: Arceus|Arceus-Dark|100/100
|move|p1a: Arceus|Recover|p1a: Arceus
|-heal|p1a: Arceus|83/100
|
|-start|p1a: Arceus|perish2
|upkeep
|turn|53
|j| SunlightAndStorms
|
|t:|1651789383
|switch|p1a: Ho-Oh|Ho-Oh, shiny|100/100
|move|p2a: Arceus|Whirlpool|p1a: Ho-Oh|[miss]
|-miss|p2a: Arceus|p1a: Ho-Oh
|
|upkeep
|turn|54
|
|t:|1651789391
|move|p2a: Arceus|Whirlpool|p1a: Ho-Oh
|-supereffective|p1a: Ho-Oh
|-damage|p1a: Ho-Oh|91/100
|-activate|p1a: Ho-Oh|move: Whirlpool|[of] p2a: Arceus
|move|p1a: Ho-Oh|Whirlwind|p2a: Arceus
|drag|p2a: Yveltal|Yveltal|91/100
|-ability|p2a: Yveltal|Dark Aura
|
|-end|p1a: Ho-Oh|Whirlpool|[partiallytrapped]|[silent]
|upkeep
|turn|55
|
|t:|1651789403
|switch|p1a: Arceus|Arceus-Fairy, shiny|100/100
|move|p2a: Yveltal|Knock Off|p1a: Arceus
|-resisted|p1a: Arceus
|-damage|p1a: Arceus|88/100
|-damage|p2a: Yveltal|81/100|[from] item: Life Orb
|
|upkeep
|turn|56
|
|t:|1651789412
|move|p2a: Yveltal|Oblivion Wing|p1a: Arceus
|-damage|p1a: Arceus|48/100
|-heal|p2a: Yveltal|100/100|[from] drain|[of] p1a: Arceus
|-damage|p2a: Yveltal|91/100|[from] item: Life Orb
|move|p1a: Arceus|Judgment|p2a: Yveltal
|-supereffective|p2a: Yveltal
|-crit|p2a: Yveltal
|-damage|p2a: Yveltal|0 fnt
|faint|p2a: Yveltal
|
|upkeep
|
|t:|1651789435
|switch|p2a: Necrozma|Necrozma-Dusk-Mane|100/100
|turn|57
|c|☆JAY100064|I have 0 spD investment lmao
|
|t:|1651789444
|switch|p1a: Sableye|Sableye-Mega, M, shiny|100/100
|move|p2a: Necrozma|Sunsteel Strike|p1a: Sableye
|-damage|p1a: Sableye|66/100
|
|upkeep
|turn|58
|c|☆sheluvsdank|asshole
|c|☆sheluvsdank|with hard stall
|c|☆sheluvsdank|fr
|inactive|sheluvsdank has 120 seconds left.
|c|☆JAY100064|I'm probably gonna drop out next battle, never been this far
|c|☆JAY100064|O_o
|j| Ayante
|c| Geysers|oh cmon
|c| Geysers|stay in for one more
|c|☆sheluvsdank|i can help make a team if you forfiet?
|c| Geysers|finals will be fun :)
|inactive|sheluvsdank has 90 seconds left.
|c| Geysers|no no don't ff here
|c|☆sheluvsdank|i can help make a team if you forfiet?
|c| Geysers|I can pass cool teams
|c| Blade Z Knights|After i battle jay first
|c|☆sheluvsdank|i can help make a team if you forfiet
|c|☆sheluvsdank|i can help make a team if you forfiet
|c|☆sheluvsdank|i can help make a team if you forfiet
|c|☆sheluvsdank|i can help make a team if you forfiet
|c|☆sheluvsdank|i can help make a team if you forfiet
|c| Geysers|my teams > sheluvsdank's teams
|c|☆sheluvsdank|i can help make a team if you forfiet
|c|☆sheluvsdank|i can help make a team if you forfiet
|c|☆JAY100064|not you analyzing my whole team getting an advantage
|c|☆JAY100064|pls
|c| Geysers|oh cmon
|c|☆sheluvsdank|i can help make a team if you forfiet
|l| Geysers
|c|☆JAY100064|but i will try
|
|t:|1651789534
|move|p2a: Necrozma|Stealth Rock|p1a: Sableye
|move|p1a: Sableye|Stealth Rock|p2a: Necrozma|[from]ability: Magic Bounce
|-sidestart|p2: sheluvsdank|move: Stealth Rock
|move|p1a: Sableye|Recover|p1a: Sableye
|-heal|p1a: Sableye|100/100
|
|upkeep
|turn|59
|c| SlowthePoke|sheesh
|c|☆JAY100064|????
|
|t:|1651789542
|switch|p2a: Ho-Oh|Ho-Oh|100/100 tox
|move|p1a: Sableye|Will-O-Wisp||[still]
|-fail|p1a: Sableye
|
|-damage|p2a: Ho-Oh|94/100 tox|[from] psn
|upkeep
|turn|60
|
|t:|1651789550
|move|p1a: Sableye|Protect|p1a: Sableye
|-singleturn|p1a: Sableye|Protect
|move|p2a: Ho-Oh|Defog|p1a: Sableye
|-activate|p1a: Sableye|move: Protect
|
|-damage|p2a: Ho-Oh|82/100 tox|[from] psn
|upkeep
|turn|61
|
|t:|1651789560
|move|p1a: Sableye|Protect||[still]
|-fail|p1a: Sableye
|move|p2a: Ho-Oh|Defog|p1a: Sableye
|move|p1a: Sableye|Defog|p2a: Ho-Oh|[from]ability: Magic Bounce
|-unboost|p2a: Ho-Oh|evasion|1
|-sideend|p2: sheluvsdank|Stealth Rock|[from] move: Defog|[of] p1a: Sableye
|
|-damage|p2a: Ho-Oh|63/100 tox|[from] psn
|upkeep
|turn|62
|inactive|sheluvsdank has 90 seconds left.
|
|t:|1651789571
|move|p1a: Sableye|Foul Play|p2a: Ho-Oh
|-damage|p2a: Ho-Oh|35/100 tox
|move|p2a: Ho-Oh|Whirlwind|p1a: Sableye
|move|p1a: Sableye|Whirlwind|p2a: Ho-Oh|[from]ability: Magic Bounce
|drag|p2a: Arceus|Arceus-Dark|100/100
|
|upkeep
|turn|63
|inactive|sheluvsdank has 90 seconds left.
|
|t:|1651789582
|move|p1a: Sableye|Protect|p1a: Sableye
|-singleturn|p1a: Sableye|Protect
|move|p2a: Arceus|Judgment|p1a: Sableye
|-activate|p1a: Sableye|move: Protect
|
|upkeep
|turn|64
|
|t:|1651789591
|switch|p1a: Arceus|Arceus-Fairy, shiny|48/100
|move|p2a: Arceus|Judgment|p1a: Arceus
|-resisted|p1a: Arceus
|-damage|p1a: Arceus|33/100
|
|upkeep
|turn|65
|
|t:|1651789599
|switch|p2a: Necrozma|Necrozma-Dusk-Mane|100/100
|move|p1a: Arceus|Recover|p1a: Arceus
|-heal|p1a: Arceus|83/100
|
|upkeep
|turn|66
|
|t:|1651789607
|switch|p1a: Sableye|Sableye-Mega, M, shiny|100/100
|move|p2a: Necrozma|Stealth Rock|p1a: Sableye
|move|p1a: Sableye|Stealth Rock|p2a: Necrozma|[from]ability: Magic Bounce
|-sidestart|p2: sheluvsdank|move: Stealth Rock
|
|upkeep
|turn|67
|
|t:|1651789615
|switch|p1a: Necrozma|Necrozma-Dusk-Mane|100/100
|move|p2a: Necrozma|Sunsteel Strike|p1a: Necrozma
|-resisted|p1a: Necrozma
|-damage|p1a: Necrozma|88/100
|-damage|p2a: Necrozma|84/100|[from] item: Rocky Helmet|[of] p1a: Necrozma
|
|upkeep
|turn|68
|
|t:|1651789627
|switch|p1a: Sableye|Sableye-Mega, M, shiny|100/100
|move|p2a: Necrozma|Stealth Rock|p1a: Sableye
|move|p1a: Sableye|Stealth Rock||[from]ability: Magic Bounce|[still]
|-fail|p1a: Sableye
|
|upkeep
|turn|69
|c|☆sheluvsdank|bruhhhhhhhhhhhhhhhhhhh
|
|t:|1651789636
|move|p2a: Necrozma|Sunsteel Strike|p1a: Sableye
|-damage|p1a: Sableye|63/100
|move|p1a: Sableye|Will-O-Wisp|p2a: Necrozma
|-status|p2a: Necrozma|brn
|
|-damage|p2a: Necrozma|78/100 brn|[from] brn
|upkeep
|turn|70
|
|t:|1651789646
|move|p2a: Necrozma|Sunsteel Strike|p1a: Sableye
|-damage|p1a: Sableye|46/100
|move|p1a: Sableye|Recover|p1a: Sableye
|-heal|p1a: Sableye|96/100
|
|-damage|p2a: Necrozma|72/100 brn|[from] brn
|upkeep
|turn|71
|
|t:|1651789656
|switch|p1a: Arceus|Arceus-Dark, shiny|83/100
|move|p2a: Necrozma|Moonlight|p2a: Necrozma
|-heal|p2a: Necrozma|100/100 brn
|
|-damage|p2a: Necrozma|94/100 brn|[from] brn
|upkeep
|turn|72
|
|t:|1651789667
|switch|p2a: Arceus|Arceus-Dark|100/100
|-damage|p2a: Arceus|88/100|[from] Stealth Rock
|move|p1a: Arceus|Judgment|p2a: Arceus
|-resisted|p2a: Arceus
|-damage|p2a: Arceus|73/100
|
|upkeep
|turn|73
|
|t:|1651789677
|switch|p1a: Ho-Oh|Ho-Oh, shiny|100/100
|move|p2a: Arceus|Whirlpool|p1a: Ho-Oh
|-supereffective|p1a: Ho-Oh
|-damage|p1a: Ho-Oh|89/100
|-activate|p1a: Ho-Oh|move: Whirlpool|[of] p2a: Arceus
|
|-damage|p1a: Ho-Oh|77/100|[from] move: Whirlpool|[partiallytrapped]
|upkeep
|turn|74
|l| Ayante
|
|t:|1651789688
|move|p2a: Arceus|Judgment|p1a: Ho-Oh
|-damage|p1a: Ho-Oh|50/100
|move|p1a: Ho-Oh|Whirlwind|p2a: Arceus
|drag|p2a: Ho-Oh|Ho-Oh|68/100 tox
|
|-damage|p2a: Ho-Oh|62/100 tox|[from] psn
|-end|p1a: Ho-Oh|Whirlpool|[partiallytrapped]|[silent]
|upkeep
|turn|75
|j| Sunesis
|
|t:|1651789701
|switch|p1a: Sableye|Sableye-Mega, M, shiny|96/100
|switch|p2a: Arceus|Arceus-Dark|73/100
|-damage|p2a: Arceus|61/100|[from] Stealth Rock
|
|upkeep
|turn|76
|c| Sunesis|go stall
|c|☆sheluvsdank|?
|
|t:|1651789709
|move|p1a: Sableye|Protect|p1a: Sableye
|-singleturn|p1a: Sableye|Protect
|move|p2a: Arceus|Judgment|p1a: Sableye
|-activate|p1a: Sableye|move: Protect
|
|upkeep
|turn|77
|
|t:|1651789720
|switch|p1a: Ho-Oh|Ho-Oh, shiny|83/100
|move|p2a: Arceus|Judgment|p1a: Ho-Oh
|-damage|p1a: Ho-Oh|58/100
|
|upkeep
|turn|78
|c| Sunesis|I want stall to win
|
|t:|1651789733
|move|p2a: Arceus|Whirlpool|p1a: Ho-Oh
|-supereffective|p1a: Ho-Oh
|-damage|p1a: Ho-Oh|47/100
|-activate|p1a: Ho-Oh|move: Whirlpool|[of] p2a: Arceus
|move|p1a: Ho-Oh|Recover|p1a: Ho-Oh
|-heal|p1a: Ho-Oh|98/100
|
|-damage|p1a: Ho-Oh|85/100|[from] move: Whirlpool|[partiallytrapped]
|upkeep
|turn|79
|j| Geysers
|
|t:|1651789744
|move|p2a: Arceus|Judgment|p1a: Ho-Oh
|-damage|p1a: Ho-Oh|59/100
|move|p1a: Ho-Oh|Sacred Fire|p2a: Arceus
|-damage|p2a: Arceus|38/100
|-status|p2a: Arceus|brn
|
|-damage|p2a: Arceus|32/100 brn|[from] brn
|-damage|p1a: Ho-Oh|47/100|[from] move: Whirlpool|[partiallytrapped]
|upkeep
|turn|80
|c| Geysers|how is this taking so long what
|c|☆sheluvsdank|hard stall is gay asf
|c| Sunesis|no
|c| Sunesis|hard stall is cool
|c|☆sheluvsdank|hard stall is gay asf
|c| Geysers|please dont use gay as a perjorative
|c|☆sheluvsdank|hard stall is gay asf
|c|☆sheluvsdank|hard stall is gay asf
|c| Geysers|please dont use gay as a perjorative
|c|☆sheluvsdank|ok soz
|c| Geysers|not ok
|l| Geysers
|c| Sunesis|also yea that
|inactive|sheluvsdank has 120 seconds left.
|c|☆sheluvsdank|hard stall is wierd
|c|☆sheluvsdank|hard stall is wierd
|c| Sunesis|no
|c|☆sheluvsdank|hard stall is wierd
|c|☆sheluvsdank|hard stall is wierd
|c| Sunesis|its not
|c|☆JAY100064|this gay destroyed your team
|c|☆sheluvsdank|hard stall is wierd
|c|☆sheluvsdank|hard stall is wierd
|c|☆sheluvsdank|hard stall is wierd
|c|☆sheluvsdank|hard stall is gay asf
|c|☆sheluvsdank|hard stall is gay asf
|c|☆sheluvsdank|hard stall is gay asf
|c|☆sheluvsdank|hard stall is gay asf
|c|☆JAY100064|lol
|c|☆sheluvsdank|hard stall is gay asf
|c|☆sheluvsdank|hard stall is gay asf
|c|☆JAY100064|XD
|c|☆sheluvsdank|oops
|c|☆sheluvsdank|mb
|c|☆sheluvsdank|hard stall is wierd
|c|☆sheluvsdank|hard stall is wierd
|c|☆sheluvsdank|hard stall is wierd
|c|☆sheluvsdank|hard stall is wierd
|c|☆sheluvsdank|hard stall is wierd
|c|☆sheluvsdank|hard stall is wierd
|
|t:|1651789802
|move|p2a: Arceus|Judgment|p1a: Ho-Oh
|-damage|p1a: Ho-Oh|21/100
|move|p1a: Ho-Oh|Recover|p1a: Ho-Oh
|-heal|p1a: Ho-Oh|72/100
|
|-damage|p2a: Arceus|26/100 brn|[from] brn
|-damage|p1a: Ho-Oh|59/100|[from] move: Whirlpool|[partiallytrapped]
|upkeep
|turn|81
|c|☆JAY100064|ok it not funny anymore
|
|t:|1651789814
|move|p2a: Arceus|Recover|p2a: Arceus
|-heal|p2a: Arceus|76/100 brn
|move|p1a: Ho-Oh|Sacred Fire|p2a: Arceus
|-damage|p2a: Arceus|53/100 brn
|
|-damage|p2a: Arceus|47/100 brn|[from] brn
|-damage|p1a: Ho-Oh|47/100|[from] move: Whirlpool|[partiallytrapped]
|upkeep
|turn|82
|
|t:|1651789824
|move|p2a: Arceus|Recover|p2a: Arceus
|-heal|p2a: Arceus|97/100 brn
|move|p1a: Ho-Oh|Recover|p1a: Ho-Oh
|-heal|p1a: Ho-Oh|97/100
|
|-damage|p2a: Arceus|91/100 brn|[from] brn
|-damage|p1a: Ho-Oh|85/100|[from] move: Whirlpool|[partiallytrapped]
|upkeep
|turn|83
|
|t:|1651789833
|move|p2a: Arceus|Judgment|p1a: Ho-Oh
|-damage|p1a: Ho-Oh|59/100
|move|p1a: Ho-Oh|Whirlwind|p2a: Arceus
|drag|p2a: Ho-Oh|Ho-Oh|95/100 tox
|
|-damage|p2a: Ho-Oh|89/100 tox|[from] psn
|-end|p1a: Ho-Oh|Whirlpool|[partiallytrapped]
|upkeep
|turn|84
|inactive|sheluvsdank has 120 seconds left.
|c|☆sheluvsdank|i can help make a team if you forfiet
|c|☆sheluvsdank|?
|
|t:|1651789853
|switch|p1a: Necrozma|Necrozma-Dusk-Mane|88/100
|move|p2a: Ho-Oh|Defog|p1a: Necrozma
|-unboost|p1a: Necrozma|evasion|1
|-sideend|p2: sheluvsdank|Stealth Rock|[from] move: Defog|[of] p2a: Ho-Oh
|
|-damage|p2a: Ho-Oh|76/100 tox|[from] psn
|upkeep
|turn|85
|c|☆JAY100064|no not with that attitude
|
|t:|1651789862
|move|p2a: Ho-Oh|Sacred Fire|p1a: Necrozma
|-supereffective|p1a: Necrozma
|-damage|p1a: Necrozma|52/100
|move|p1a: Necrozma|Knock Off|p2a: Ho-Oh
|-damage|p2a: Ho-Oh|55/100 tox
|-enditem|p2a: Ho-Oh|Heavy-Duty Boots|[from] move: Knock Off|[of] p1a: Necrozma
|
|-damage|p2a: Ho-Oh|37/100 tox|[from] psn
|upkeep
|turn|86
|c|☆sheluvsdank|o soz
|inactive|sheluvsdank has 120 seconds left.
|c|☆sheluvsdank|lol
|
|t:|1651789873
|move|p2a: Ho-Oh|Sacred Fire|p1a: Necrozma
|-supereffective|p1a: Necrozma
|-damage|p1a: Necrozma|19/100
|-status|p1a: Necrozma|brn
|move|p1a: Necrozma|Moonlight|p1a: Necrozma
|-heal|p1a: Necrozma|69/100 brn
|
|-damage|p2a: Ho-Oh|12/100 tox|[from] psn
|-damage|p1a: Necrozma|63/100 brn|[from] brn
|upkeep
|turn|87
|c|☆sheluvsdank|i can help make a team if you forfiet
|inactive|sheluvsdank has 120 seconds left.
|
|t:|1651789885
|move|p2a: Ho-Oh|Sacred Fire|p1a: Necrozma
|-supereffective|p1a: Necrozma
|-damage|p1a: Necrozma|30/100 brn
|move|p1a: Necrozma|Moonlight|p1a: Necrozma
|-heal|p1a: Necrozma|80/100 brn
|
|-damage|p2a: Ho-Oh|0 fnt|[from] psn
|faint|p2a: Ho-Oh
|-damage|p1a: Necrozma|74/100 brn|[from] brn
|upkeep
|inactive|sheluvsdank has 120 seconds left.
|
|t:|1651789892
|switch|p2a: Necrozma|Necrozma-Dusk-Mane|94/100 brn
|turn|88
|n|‽sheluvsdank|sheluvsdank
|inactive|sheluvsdank has 120 seconds left.
|j| Geysers
|inactive|sheluvsdank has 90 seconds left.
|l| Geysers
|
|t:|1651789943
|switch|p1a: Sableye|Sableye-Mega, M, shiny|96/100
|move|p2a: Necrozma|Stealth Rock|p1a: Sableye
|move|p1a: Sableye|Stealth Rock|p2a: Necrozma|[from]ability: Magic Bounce
|-sidestart|p2: sheluvsdank|move: Stealth Rock
|
|-damage|p2a: Necrozma|88/100 brn|[from] brn
|upkeep
|turn|89
|c|☆JAY100064|hurry so I can withdraw
|
|t:|1651789953
|-start|p2a: Necrozma|Dynamax|
|-heal|p2a: Necrozma|88/100 brn|[silent]
|move|p2a: Necrozma|Max Steelspike|p1a: Sableye
|-damage|p1a: Sableye|73/100
|-boost|p2a: Necrozma|def|1
|move|p1a: Sableye|Foul Play|p2a: Necrozma
|-supereffective|p2a: Necrozma
|-damage|p2a: Necrozma|75/100 brn
|-damage|p1a: Sableye|57/100|[from] item: Rocky Helmet|[of] p2a: Necrozma
|
|-damage|p2a: Necrozma|72/100 brn|[from] brn
|upkeep
|turn|90
|inactive|sheluvsdank has 90 seconds left.
|
|t:|1651789973
|move|p2a: Necrozma|Max Steelspike|p1a: Sableye
|-damage|p1a: Sableye|35/100
|-boost|p2a: Necrozma|def|1
|move|p1a: Sableye|Recover|p1a: Sableye
|-heal|p1a: Sableye|85/100
|
|-damage|p2a: Necrozma|69/100 brn|[from] brn
|upkeep
|turn|91
|
|t:|1651789987
|move|p2a: Necrozma|Max Steelspike|p1a: Sableye
|-damage|p1a: Sableye|63/100
|-boost|p2a: Necrozma|def|1
|move|p1a: Sableye|Foul Play|p2a: Necrozma
|-supereffective|p2a: Necrozma
|-damage|p2a: Necrozma|62/100 brn
|-damage|p1a: Sableye|47/100|[from] item: Rocky Helmet|[of] p2a: Necrozma
|
|-damage|p2a: Necrozma|59/100 brn|[from] brn
|upkeep
|-end|p2a: Necrozma|Dynamax
|-heal|p2a: Necrozma|59/100 brn|[silent]
|turn|92
|
|t:|1651790002
|move|p1a: Sableye|Protect|p1a: Sableye
|-singleturn|p1a: Sableye|Protect
|move|p2a: Necrozma|Moonlight|p2a: Necrozma
|-heal|p2a: Necrozma|100/100 brn
|
|-damage|p2a: Necrozma|94/100 brn|[from] brn
|upkeep
|turn|93
|
|t:|1651790011
|move|p2a: Necrozma|Sunsteel Strike|p1a: Sableye
|-damage|p1a: Sableye|28/100
|move|p1a: Sableye|Recover|p1a: Sableye
|-heal|p1a: Sableye|78/100
|
|-damage|p2a: Necrozma|88/100 brn|[from] brn
|upkeep
|turn|94
|c|☆JAY100064|Forfeit?
|
|t:|1651790032
|switch|p1a: Arceus|Arceus-Dark, shiny|83/100
|move|p2a: Necrozma|Moonlight|p2a: Necrozma
|-heal|p2a: Necrozma|100/100 brn
|
|-damage|p2a: Necrozma|94/100 brn|[from] brn
|upkeep
|turn|95
|
|t:|1651790041
|switch|p2a: Arceus|Arceus-Dark|91/100 brn
|-damage|p2a: Arceus|79/100 brn|[from] Stealth Rock
|move|p1a: Arceus|Whirlpool|p2a: Arceus
|-damage|p2a: Arceus|73/100 brn
|-activate|p2a: Arceus|move: Whirlpool|[of] p1a: Arceus
|
|-damage|p2a: Arceus|66/100 brn|[from] brn
|-damage|p2a: Arceus|54/100 brn|[from] move: Whirlpool|[partiallytrapped]
|upkeep
|turn|96
|
|t:|1651790055
|switch|p1a: Ho-Oh|Ho-Oh, shiny|92/100
|move|p2a: Arceus|Whirlpool|p1a: Ho-Oh
|-supereffective|p1a: Ho-Oh
|-damage|p1a: Ho-Oh|81/100
|-activate|p1a: Ho-Oh|move: Whirlpool|[of] p2a: Arceus
|
|-damage|p2a: Arceus|48/100 brn|[from] brn
|-end|p2a: Arceus|Whirlpool|[partiallytrapped]|[silent]
|-damage|p1a: Ho-Oh|69/100|[from] move: Whirlpool|[partiallytrapped]
|upkeep
|turn|97
|inactive|sheluvsdank has 90 seconds left.
|j| Geysers
|l| Geysers
|inactive|sheluvsdank has 60 seconds left.
|j| Geysers
|l| Geysers
|j|@Cake
|l| The Moyai Guy
|inactive|sheluvsdank has 30 seconds left.
|
|t:|1651790152
|move|p2a: Arceus|Judgment|p1a: Ho-Oh
|-damage|p1a: Ho-Oh|42/100
|move|p1a: Ho-Oh|Sacred Fire|p2a: Arceus
|-crit|p2a: Arceus
|-damage|p2a: Arceus|16/100 brn
|
|-damage|p2a: Arceus|10/100 brn|[from] brn
|-damage|p1a: Ho-Oh|29/100|[from] move: Whirlpool|[partiallytrapped]
|upkeep
|turn|98
|inactive|sheluvsdank has 30 seconds left this turn.
|
|t:|1651790164
|move|p2a: Arceus|Recover|p2a: Arceus
|-heal|p2a: Arceus|60/100 brn
|move|p1a: Ho-Oh|Recover|p1a: Ho-Oh
|-heal|p1a: Ho-Oh|80/100
|
|-damage|p2a: Arceus|54/100 brn|[from] brn
|-damage|p1a: Ho-Oh|67/100|[from] move: Whirlpool|[partiallytrapped]
|upkeep
|turn|99
|inactive|sheluvsdank has 30 seconds left this turn.
|inactive|JAY100064 has 120 seconds left.
|
|t:|1651790175
|move|p2a: Arceus|Judgment|p1a: Ho-Oh
|-damage|p1a: Ho-Oh|42/100
|move|p1a: Ho-Oh|Recover|p1a: Ho-Oh
|-heal|p1a: Ho-Oh|93/100
|
|-damage|p2a: Arceus|48/100 brn|[from] brn
|-damage|p1a: Ho-Oh|80/100|[from] move: Whirlpool|[partiallytrapped]
|upkeep
|turn|100
|inactive|JAY100064 has 120 seconds left.
|inactive|sheluvsdank has 30 seconds left.
|inactive|sheluvsdank has 20 seconds left.
|
|t:|1651790195
|-start|p1a: Ho-Oh|Dynamax|
|-heal|p1a: Ho-Oh|80/100|[silent]
|move|p2a: Arceus|Judgment|p1a: Ho-Oh
|-damage|p1a: Ho-Oh|67/100
|move|p1a: Ho-Oh|Max Flare|p2a: Arceus
|-damage|p2a: Arceus|17/100 brn
|-weather|SunnyDay
|
|-weather|SunnyDay|[upkeep]
|-damage|p2a: Arceus|11/100 brn|[from] brn
|-damage|p1a: Ho-Oh|61/100|[from] move: Whirlpool|[partiallytrapped]
|upkeep
|turn|101
|inactive|sheluvsdank has 25 seconds left this turn.
|j| Geysers
|l| Geysers
|
|t:|1651790211
|move|p2a: Arceus|Recover|p2a: Arceus
|-heal|p2a: Arceus|61/100 brn
|move|p1a: Ho-Oh|Max Flare|p2a: Arceus
|-damage|p2a: Arceus|18/100 brn
|
|-weather|SunnyDay|[upkeep]
|-damage|p2a: Arceus|12/100 brn|[from] brn
|-end|p1a: Ho-Oh|Whirlpool|[partiallytrapped]
|upkeep
|turn|102
|inactive|sheluvsdank has 30 seconds left this turn.
|inactive|sheluvsdank has 20 seconds left.
|inactive|sheluvsdank has 15 seconds left.
|inactive|sheluvsdank has 10 seconds left.
|inactive|sheluvsdank has 5 seconds left.
|
|t:|1651790240
|move|p2a: Arceus|Recover|p2a: Arceus
|-heal|p2a: Arceus|62/100 brn
|move|p1a: Ho-Oh|Max Flare|p2a: Arceus
|-damage|p2a: Arceus|21/100 brn
|
|-weather|SunnyDay|[upkeep]
|-damage|p2a: Arceus|15/100 brn|[from] brn
|upkeep
|-end|p1a: Ho-Oh|Dynamax
|-heal|p1a: Ho-Oh|61/100|[silent]
|turn|103
|inactive|sheluvsdank has 10 seconds left this turn.
|inactive|JAY100064 has 90 seconds left.
|
|t:|1651790253
|move|p2a: Arceus|Recover|p2a: Arceus
|-heal|p2a: Arceus|65/100 brn
|move|p1a: Ho-Oh|Recover|p1a: Ho-Oh
|-heal|p1a: Ho-Oh|100/100
|
|-weather|SunnyDay|[upkeep]
|-damage|p2a: Arceus|59/100 brn|[from] brn
|upkeep
|turn|104
|inactive|sheluvsdank has 15 seconds left this turn.
|inactive|JAY100064 has 90 seconds left.
|inactive|sheluvsdank has 10 seconds left.
|
|t:|1651790263
|move|p2a: Arceus|Recover|p2a: Arceus
|-heal|p2a: Arceus|100/100 brn
|move|p1a: Ho-Oh|Whirlwind|p2a: Arceus
|drag|p2a: Necrozma|Necrozma-Dusk-Mane|94/100 brn
|-damage|p2a: Necrozma|88/100 brn|[from] Stealth Rock
|
|-weather|none
|-damage|p2a: Necrozma|82/100 brn|[from] brn
|upkeep
|turn|105
|inactive|sheluvsdank has 15 seconds left this turn.
|inactive|JAY100064 has 90 seconds left.
|inactive|sheluvsdank has 10 seconds left.
|
|t:|1651790273
|switch|p2a: Arceus|Arceus-Dark|100/100 brn
|-damage|p2a: Arceus|88/100 brn|[from] Stealth Rock
|move|p1a: Ho-Oh|Sacred Fire|p2a: Arceus
|-damage|p2a: Arceus|65/100 brn
|
|-damage|p2a: Arceus|59/100 brn|[from] brn
|upkeep
|turn|106
|inactive|sheluvsdank has 15 seconds left this turn.
|inactive|sheluvsdank has 10 seconds left.
|
|t:|1651790283
|move|p2a: Arceus|Whirlpool|p1a: Ho-Oh
|-supereffective|p1a: Ho-Oh
|-damage|p1a: Ho-Oh|89/100
|-activate|p1a: Ho-Oh|move: Whirlpool|[of] p2a: Arceus
|move|p1a: Ho-Oh|Sacred Fire|p2a: Arceus
|-damage|p2a: Arceus|38/100 brn
|
|-damage|p2a: Arceus|32/100 brn|[from] brn
|-damage|p1a: Ho-Oh|77/100|[from] move: Whirlpool|[partiallytrapped]
|upkeep
|turn|107
|inactive|sheluvsdank has 15 seconds left this turn.
|inactive|sheluvsdank has 10 seconds left.
|inactive|sheluvsdank has 5 seconds left.
|
|t:|1651790297
|move|p2a: Arceus|Recover|p2a: Arceus
|-heal|p2a: Arceus|82/100 brn
|move|p1a: Ho-Oh|Whirlwind|p2a: Arceus
|drag|p2a: Necrozma|Necrozma-Dusk-Mane|82/100 brn
|-damage|p2a: Necrozma|76/100 brn|[from] Stealth Rock
|
|-damage|p2a: Necrozma|70/100 brn|[from] brn
|-end|p1a: Ho-Oh|Whirlpool|[partiallytrapped]|[silent]
|upkeep
|turn|108
|inactive|sheluvsdank has 10 seconds left this turn.
|inactive|sheluvsdank has 5 seconds left.
|
|t:|1651790308
|switch|p2a: Arceus|Arceus-Dark|82/100 brn
|-damage|p2a: Arceus|70/100 brn|[from] Stealth Rock
|move|p1a: Ho-Oh|Whirlwind|p2a: Arceus
|drag|p2a: Necrozma|Necrozma-Dusk-Mane|70/100 brn
|-damage|p2a: Necrozma|64/100 brn|[from] Stealth Rock
|
|-damage|p2a: Necrozma|58/100 brn|[from] brn
|upkeep
|turn|109
|inactive|sheluvsdank has 10 seconds left this turn.
|inactive|sheluvsdank has 5 seconds left.
|-message|sheluvsdank lost due to inactivity.
|
|win|JAY100064
