|j|☆pst.qing
|j|☆Matsui_Miyako
|t:|1660574551
|gametype|singles
|player|p1|pst.qing|elesa-gen5bw2|1506
|player|p2|Matsui_Miyako|silver|1576
|teamsize|p1|6
|teamsize|p2|6
|gen|8
|tier|[Gen 8] National Dex AG
|rated|
|rule|HP Percentage Mod: HP is shown in percentages
|rule|Endless Battle Clause: Forcing endless battles is banned
|clearpoke
|poke|p1|Arceus-*|
|poke|p1|Zacian-*|
|poke|p1|Kyogre|
|poke|p1|Rayquaza|
|poke|p1|Marshadow|
|poke|p1|Ditto|
|poke|p2|Pineco, L1, M|
|poke|p2|Victini|
|poke|p2|Victini|
|poke|p2|Pineco, L1, F|
|poke|p2|Ditto|
|poke|p2|Marshadow|
|teampreview
|
|t:|1660574560
|start
|switch|p1a: 走你所走的长路|Zacian-Crowned, shiny|100/100
|switch|p2a: Victini|Victini|100/100
|-ability|p1a: 走你所走的长路|Intrepid Sword|boost
|-boost|p1a: 走你所走的长路|atk|1
|turn|1
|
|t:|1660574568
|move|p2a: Victini|Final Gambit|p1a: 走你所走的长路
|-damage|p1a: 走你所走的长路|0 fnt
|faint|p2a: Victini
|faint|p1a: 走你所走的长路
|
|upkeep
|
|t:|1660574574
|switch|p1a: 这样爱你啊|Kyogre, shiny|100/100
|switch|p2a: Victini|Victini|100/100
|detailschange|p1a: 这样爱你啊|Kyogre-Primal, shiny
|-primal|p1a: 这样爱你啊
|-weather|PrimordialSea|[from] ability: Primordial Sea|[of] p1a: 这样爱你啊
|turn|2
|
|t:|1660574578
|-weather|none
|switch|p1a: 写你未写的诗篇|Marshadow|100/100
|move|p2a: Victini|Final Gambit|p1a: 写你未写的诗篇
|-immune|p1a: 写你未写的诗篇
|
|upkeep
|turn|3
|
|t:|1660574586
|switch|p2a: Pineco|Pineco, L1, F|100/100
|move|p1a: 写你未写的诗篇|Poltergeist|p2a: Pineco
|-activate|p2a: Pineco|move: Poltergeist|Berry Juice
|-ability|p2a: Pineco|Sturdy
|-damage|p2a: Pineco|9/100
|-enditem|p2a: Pineco|Berry Juice
|-heal|p2a: Pineco|100/100|[from] item: Berry Juice
|-damage|p1a: 写你未写的诗篇|91/100|[from] item: Life Orb
|
|upkeep
|turn|4
|
|t:|1660574597
|switch|p1a: 我也将 见你未见的世界|Arceus-Electric, shiny|100/100
|move|p2a: Pineco|Stealth Rock|p1a: 我也将 见你未见的世界
|-sidestart|p1: pst.qing|move: Stealth Rock
|
|upkeep
|turn|5
|c|☆Matsui_Miyako|ur chinese?
|c|☆Matsui_Miyako|same here
|
|t:|1660574614
|move|p1a: 我也将 见你未见的世界|Stealth Rock|p2a: Pineco
|-sidestart|p2: Matsui_Miyako|move: Stealth Rock
|move|p2a: Pineco|Pain Split|p1a: 我也将 见你未见的世界
|-sethp|p1a: 我也将 见你未见的世界|52/100|[from] move: Pain Split|[silent]
|-sethp|p2a: Pineco|100/100|[from] move: Pain Split
|
|upkeep
|turn|6
|
|t:|1660574621
|-start|p1a: 我也将 见你未见的世界|Dynamax|
|-heal|p1a: 我也将 见你未见的世界|52/100|[silent]
|move|p1a: 我也将 见你未见的世界|Max Hailstorm|p2a: Pineco
|-ability|p2a: Pineco|Sturdy
|-damage|p2a: Pineco|9/100
|-weather|Hail
|move|p2a: Pineco|Rapid Spin|p1a: 我也将 见你未见的世界
|-damage|p1a: 我也将 见你未见的世界|52/100
|-boost|p2a: Pineco|spe|1
|-sideend|p2: Matsui_Miyako|Stealth Rock|[from] move: Rapid Spin|[of] p2a: Pineco
|
|-weather|Hail|[upkeep]
|-damage|p1a: 我也将 见你未见的世界|49/100|[from] Hail
|-damage|p2a: Pineco|0 fnt|[from] Hail
|faint|p2a: Pineco
|upkeep
|
|t:|1660574656
|switch|p2a: Victini|Victini|100/100
|turn|7
|
|t:|1660574662
|move|p1a: 我也将 见你未见的世界|Max Guard|p1a: 我也将 见你未见的世界
|-singleturn|p1a: 我也将 见你未见的世界|Max Guard
|move|p2a: Victini|Final Gambit|p1a: 我也将 见你未见的世界
|-activate|p1a: 我也将 见你未见的世界|move: Max Guard
|
|-weather|Hail|[upkeep]
|-damage|p2a: Victini|94/100|[from] Hail
|-damage|p1a: 我也将 见你未见的世界|46/100|[from] Hail
|upkeep
|turn|8
|
|t:|1660574667
|move|p2a: Victini|Final Gambit|p1a: 我也将 见你未见的世界
|-damage|p1a: 我也将 见你未见的世界|0 fnt
|faint|p2a: Victini
|faint|p1a: 我也将 见你未见的世界
|
|-weather|Hail|[upkeep]
|upkeep
|
|t:|1660574685
|switch|p1a: 这样爱你啊|Kyogre-Primal, shiny|100/100
|switch|p2a: Ditto|Ditto|100/100
|-damage|p1a: 这样爱你啊|88/100|[from] Stealth Rock
|-weather|PrimordialSea|[from] ability: Primordial Sea|[of] p1a: 这样爱你啊
|-transform|p2a: Ditto|p1a: 这样爱你啊|[from] ability: Imposter
|turn|9
|
|t:|1660574697
|move|p2a: Ditto|Water Spout|p1a: 这样爱你啊
|-resisted|p1a: 这样爱你啊
|-damage|p1a: 这样爱你啊|32/100
|move|p1a: 这样爱你啊|Calm Mind|p1a: 这样爱你啊
|-boost|p1a: 这样爱你啊|spa|1
|-boost|p1a: 这样爱你啊|spd|1
|
|-weather|PrimordialSea|[upkeep]
|upkeep
|turn|10
|
|t:|1660574703
|move|p2a: Ditto|Water Spout|p1a: 这样爱你啊
|-resisted|p1a: 这样爱你啊
|-damage|p1a: 这样爱你啊|0 fnt
|faint|p1a: 这样爱你啊
|
|-weather|PrimordialSea|[upkeep]
|upkeep
|
|t:|1660574706
|switch|p1a: 天边的月 心中的念|Ditto, shiny|100/100
|-damage|p1a: 天边的月 心中的念|88/100|[from] Stealth Rock
|turn|11
|
|t:|1660574709
|move|p2a: Ditto|Water Spout|p1a: 天边的月 心中的念
|-damage|p1a: 天边的月 心中的念|0 fnt
|faint|p1a: 天边的月 心中的念
|
|-weather|PrimordialSea|[upkeep]
|upkeep
|
|t:|1660574712
|switch|p1a: 写你未写的诗篇|Marshadow|91/100
|-damage|p1a: 写你未写的诗篇|84/100|[from] Stealth Rock
|turn|12
|c|☆Matsui_Miyako|lol
|
|t:|1660574717
|move|p1a: 写你未写的诗篇|Shadow Sneak|p2a: Ditto
|-damage|p2a: Ditto|60/100
|-damage|p1a: 写你未写的诗篇|74/100|[from] item: Life Orb
|move|p2a: Ditto|Water Spout|p1a: 写你未写的诗篇
|-damage|p1a: 写你未写的诗篇|0 fnt
|faint|p1a: 写你未写的诗篇
|
|-weather|PrimordialSea|[upkeep]
|upkeep
|
|t:|1660574719
|switch|p1a: 愿你所愿的永远|Rayquaza|100/100
|-damage|p1a: 愿你所愿的永远|76/100|[from] Stealth Rock
|-ability|p1a: 愿你所愿的永远|Air Lock
|turn|13
|
|t:|1660574725
|detailschange|p1a: 愿你所愿的永远|Rayquaza-Mega
|-mega|p1a: 愿你所愿的永远|Rayquaza|
|-weather|DeltaStream|[from] ability: Delta Stream|[of] p1a: 愿你所愿的永远
|move|p1a: 愿你所愿的永远|Scale Shot|p2a: Ditto|[miss]
|-miss|p1a: 愿你所愿的永远|p2a: Ditto
|move|p2a: Ditto|Water Spout|p1a: 愿你所愿的永远
|-resisted|p1a: 愿你所愿的永远
|-damage|p1a: 愿你所愿的永远|45/100
|
|-weather|DeltaStream|[upkeep]
|upkeep
|turn|14
|
|t:|1660574734
|move|p1a: 愿你所愿的永远|Scale Shot|p2a: Ditto
|-damage|p2a: Ditto|30/100
|-damage|p2a: Ditto|3/100
|-hitcount|p2a: Ditto|2
|-unboost|p1a: 愿你所愿的永远|def|1
|-boost|p1a: 愿你所愿的永远|spe|1
|-activate|p2a: Ditto|move: Struggle
|move|p2a: Ditto|Struggle|p1a: 愿你所愿的永远
|-damage|p1a: 愿你所愿的永远|26/100
|-damage|p2a: Ditto|0 fnt|[from] recoil
|faint|p2a: Ditto
|
|-weather|DeltaStream|[upkeep]
|upkeep
|
|t:|1660574744
|switch|p2a: Marshadow|Marshadow|100/100
|turn|15
|
|t:|1660574747
|move|p1a: 愿你所愿的永远|Scale Shot|p2a: Marshadow
|-damage|p2a: Marshadow|65/100
|-damage|p2a: Marshadow|28/100
|-damage|p2a: Marshadow|0 fnt
|faint|p2a: Marshadow
|-hitcount|p2: Marshadow|3
|-unboost|p1a: 愿你所愿的永远|def|1
|-boost|p1a: 愿你所愿的永远|spe|1
|
|-weather|DeltaStream|[upkeep]
|upkeep
|
|t:|1660574755
|switch|p2a: Pineco|Pineco, L1, M|100/100
|turn|16
|
|t:|1660574762
|move|p1a: 愿你所愿的永远|Scale Shot|p2a: Pineco
|-ability|p2a: Pineco|Sturdy
|-damage|p2a: Pineco|9/100
|-enditem|p2a: Pineco|Berry Juice
|-heal|p2a: Pineco|100/100|[from] item: Berry Juice
|-ability|p2a: Pineco|Sturdy
|-damage|p2a: Pineco|9/100
|-damage|p2a: Pineco|0 fnt
|faint|p2a: Pineco
|-hitcount|p2: Pineco|3
|
|win|pst.qing
|raw|pst.qing's rating: 1506 &rarr; <strong>1530</strong><br />(+24 for winning)
|raw|Matsui_Miyako's rating: 1576 &rarr; <strong>1552</strong><br />(-24 for losing)
|l|☆Matsui_Miyako
||Ladder isn't responding, score probably updated but might not have (Request timeout).
