|j|☆jamira!?
|j|☆Rhythron
|t:|1655602479
|gametype|singles
|player|p1|jamira!?|hugh|1622
|player|p2|Rhythron|palmer|1463
|teamsize|p1|6
|teamsize|p2|6
|gen|8
|tier|[Gen 8] National Dex AG
|rated|
|rule|HP Percentage Mod: HP is shown in percentages
|rule|Endless Battle Clause: Forcing endless battles is banned
|clearpoke
|poke|p1|Mewtwo|
|poke|p1|Espeon, M|
|poke|p1|Magearna|
|poke|p1|Dubwool, M|
|poke|p1|Scolipede, F|
|poke|p1|Vaporeon, F|
|poke|p2|Eternatus|
|poke|p2|Dragapult, F|
|poke|p2|Lugia|
|poke|p2|Marshadow|
|poke|p2|Metagross|
|poke|p2|Kyogre|
|teampreview
|
|t:|1655602491
|start
|switch|p1a: Scolipede|Scolipede, F|100/100
|switch|p2a: Marshadow|Marshadow|100/100
|turn|1
|
|t:|1655602498
|move|p1a: Scolipede|Iron Defense|p1a: Scolipede
|-boost|p1a: Scolipede|def|2
|move|p2a: Marshadow|Spectral Thief||[still]
|-clearpositiveboost|p1a: Scolipede|p2a: Marshadow|move: Spectral Thief
|-boost|p2a: Marshadow|def|2
|-anim|p2a: Marshadow|Spectral Thief|p1a: Scolipede
|-damage|p1a: Scolipede|44/100
|
|-heal|p1a: Scolipede|50/100|[from] item: Leftovers
|-ability|p1a: Scolipede|Speed Boost|boost
|-boost|p1a: Scolipede|spe|1
|upkeep
|turn|2
|
|t:|1655602510
|move|p1a: Scolipede|Protect|p1a: Scolipede
|-singleturn|p1a: Scolipede|Protect
|move|p2a: Marshadow|Spectral Thief|p1a: Scolipede
|-activate|p1a: Scolipede|move: Protect
|
|-heal|p1a: Scolipede|56/100|[from] item: Leftovers
|-ability|p1a: Scolipede|Speed Boost|boost
|-boost|p1a: Scolipede|spe|1
|upkeep
|turn|3
|
|t:|1655602522
|move|p1a: Scolipede|Baton Pass|p1a: Scolipede
|
|t:|1655602523
|switch|p1a: Dubwool|Dubwool, M|100/100|[from]move: Baton Pass
|move|p2a: Marshadow|Spectral Thief|p1a: Dubwool
|-immune|p1a: Dubwool
|
|upkeep
|turn|4
|
|t:|1655602531
|move|p1a: Dubwool|Cotton Guard|p1a: Dubwool
|-boost|p1a: Dubwool|def|3
|move|p2a: Marshadow|Drain Punch|p1a: Dubwool
|-supereffective|p1a: Dubwool
|-enditem|p1a: Dubwool|Chople Berry|[eat]
|-enditem|p1a: Dubwool|Chople Berry|[weaken]
|-damage|p1a: Dubwool|94/100
|
|upkeep
|turn|5
|
|t:|1655602542
|switch|p2a: Eternatus|Eternatus|100/100
|-ability|p2a: Eternatus|Pressure
|move|p1a: Dubwool|Cotton Guard|p1a: Dubwool
|-boost|p1a: Dubwool|def|3
|
|upkeep
|turn|6
|
|t:|1655602549
|move|p1a: Dubwool|Baton Pass|p1a: Dubwool
|
|t:|1655602551
|switch|p1a: Magearna|Magearna|100/100|[from]move: Baton Pass
|move|p2a: Eternatus|Dynamax Cannon|p1a: Magearna
|-immune|p1a: Magearna
|
|upkeep
|turn|7
|
|t:|1655602556
|move|p1a: Magearna|Calm Mind|p1a: Magearna
|-boost|p1a: Magearna|spa|1
|-boost|p1a: Magearna|spd|1
|move|p2a: Eternatus|Flamethrower|p1a: Magearna
|-supereffective|p1a: Magearna
|-damage|p1a: Magearna|64/100
|
|-heal|p1a: Magearna|70/100|[from] item: Leftovers
|upkeep
|turn|8
|
|t:|1655602564
|move|p1a: Magearna|Calm Mind|p1a: Magearna
|-boost|p1a: Magearna|spa|1
|-boost|p1a: Magearna|spd|1
|move|p2a: Eternatus|Flamethrower|p1a: Magearna
|-supereffective|p1a: Magearna
|-damage|p1a: Magearna|35/100
|
|-heal|p1a: Magearna|41/100|[from] item: Leftovers
|upkeep
|turn|9
|c|☆Rhythron|ahhh!!!!!
|c|☆Rhythron|this isn't good
|
|t:|1655602584
|move|p1a: Magearna|Baton Pass|p1a: Magearna
|
|t:|1655602586
|switch|p1a: Espeon|Espeon, M|100/100|[from]move: Baton Pass
|move|p2a: Eternatus|Flamethrower|p1a: Espeon
|-damage|p1a: Espeon|74/100
|
|upkeep
|turn|10
|
|t:|1655602592
|move|p1a: Espeon|Calm Mind|p1a: Espeon
|-boost|p1a: Espeon|spa|1
|-boost|p1a: Espeon|spd|1
|move|p2a: Eternatus|Dynamax Cannon|p1a: Espeon
|-damage|p1a: Espeon|45/100
|
|upkeep
|turn|11
|
|t:|1655602607
|move|p1a: Espeon|Morning Sun|p1a: Espeon
|-heal|p1a: Espeon|95/100
|move|p2a: Eternatus|Dynamax Cannon|p1a: Espeon
|-damage|p1a: Espeon|63/100
|
|upkeep
|turn|12
|c|☆Rhythron|its a boost train
|
|t:|1655602617
|move|p1a: Espeon|Calm Mind|p1a: Espeon
|-boost|p1a: Espeon|spa|1
|-boost|p1a: Espeon|spd|1
|move|p2a: Eternatus|Dynamax Cannon|p1a: Espeon
|-damage|p1a: Espeon|30/100
|
|upkeep
|turn|13
|c|☆Rhythron|man
|
|t:|1655602623
|move|p1a: Espeon|Baton Pass|p1a: Espeon
|
|t:|1655602625
|switch|p1a: Magearna|Magearna|41/100|[from]move: Baton Pass
|move|p2a: Eternatus|Dynamax Cannon|p1a: Magearna
|-immune|p1a: Magearna
|
|-heal|p1a: Magearna|47/100|[from] item: Leftovers
|upkeep
|turn|14
|
|t:|1655602633
|move|p1a: Magearna|Shift Gear|p1a: Magearna
|-boost|p1a: Magearna|spe|2
|-boost|p1a: Magearna|atk|1
|move|p2a: Eternatus|Flamethrower|p1a: Magearna
|-supereffective|p1a: Magearna
|-damage|p1a: Magearna|28/100
|
|-heal|p1a: Magearna|34/100|[from] item: Leftovers
|upkeep
|turn|15
|
|t:|1655602641
|move|p1a: Magearna|Calm Mind|p1a: Magearna
|-boost|p1a: Magearna|spa|1
|-boost|p1a: Magearna|spd|1
|move|p2a: Eternatus|Flamethrower|p1a: Magearna
|-supereffective|p1a: Magearna
|-damage|p1a: Magearna|15/100
|
|-heal|p1a: Magearna|21/100|[from] item: Leftovers
|upkeep
|turn|16
|
|t:|1655602649
|move|p1a: Magearna|Baton Pass|p1a: Magearna
|
|t:|1655602652
|switch|p1a: Espeon|Espeon, M|30/100|[from]move: Baton Pass
|move|p2a: Eternatus|Flamethrower|p1a: Espeon
|-damage|p1a: Espeon|12/100
|
|upkeep
|turn|17
|
|t:|1655602659
|move|p1a: Espeon|Morning Sun|p1a: Espeon
|-heal|p1a: Espeon|62/100
|move|p2a: Eternatus|Flamethrower|p1a: Espeon
|-damage|p1a: Espeon|45/100
|
|upkeep
|turn|18
|c|☆Rhythron|whelp, gg
|-message|Rhythron forfeited.
|
|win|jamira!?
|raw|jamira!?'s rating: 1622 &rarr; <strong>1633</strong><br />(+11 for winning)
|raw|Rhythron's rating: 1463 &rarr; <strong>1452</strong><br />(-11 for losing)
|l|☆Rhythron
