|j|☆Khoa champions
|j|☆BasakBooster2
|t:|1665381910
|gametype|singles
|player|p1|Khoa champions|blue|1790
|player|p2|BasakBooster2|lucas|1859
|teamsize|p1|6
|teamsize|p2|6
|gen|8
|tier|[Gen 8] National Dex AG
|rated|
|rule|HP Percentage Mod: HP is shown in percentages
|rule|Endless Battle Clause: Forcing endless battles is banned
|clearpoke
|poke|p1|Zacian-*|
|poke|p1|Yveltal|
|poke|p1|Calyrex-Shadow|
|poke|p1|Arceus-*|
|poke|p1|Ditto|
|poke|p1|Rayquaza|
|poke|p2|Arceus-*|
|poke|p2|Groudon|
|poke|p2|Zacian-*|
|poke|p2|Rayquaza|
|poke|p2|Calyrex-Shadow|
|poke|p2|Yveltal|
|teampreview
|
|t:|1665381914
|start
|switch|p1a: -?%🌡️|Yveltal|100/100
|switch|p2a: Calyrex|Calyrex-Shadow|100/100
|-ability|p2a: Calyrex|As One
|-ability|p2a: Calyrex|Unnerve
|-ability|p1a: -?%🌡️|Dark Aura
|turn|1
|inactive|Battle timer is ON: inactive players will automatically lose when time's up. (requested by Khoa champions)
|
|t:|1665381945
|switch|p2a: Zacian|Zacian-Crowned|100/100
|-ability|p2a: Zacian|Intrepid Sword|boost
|-boost|p2a: Zacian|atk|1
|-start|p1a: -?%🌡️|Dynamax|
|-heal|p1a: -?%🌡️|100/100|[silent]
|move|p1a: -?%🌡️|Max Airstream|p2a: Zacian
|-resisted|p2a: Zacian
|-damage|p2a: Zacian|58/100
|-boost|p1a: -?%🌡️|spe|1
|-damage|p1a: -?%🌡️|96/100|[from] item: Life Orb
|
|upkeep
|turn|2
|
|t:|1665381960
|switch|p2a: Groudon|Groudon|100/100
|detailschange|p2a: Groudon|Groudon-Primal
|-primal|p2a: Groudon
|-weather|DesolateLand|[from] ability: Desolate Land|[of] p2a: Groudon
|move|p1a: -?%🌡️|Max Flare|p2a: Groudon
|-resisted|p2a: Groudon
|-damage|p2a: Groudon|61/100
|-damage|p1a: -?%🌡️|91/100|[from] item: Life Orb
|
|-weather|DesolateLand|[upkeep]
|upkeep
|turn|3
|
|t:|1665381972
|-weather|none
|switch|p2a: Zacian|Zacian-Crowned|58/100
|-ability|p2a: Zacian|Intrepid Sword|boost
|-boost|p2a: Zacian|atk|1
|move|p1a: -?%🌡️|Max Darkness|p2a: Zacian
|-resisted|p2a: Zacian
|-damage|p2a: Zacian|7/100
|-unboost|p2a: Zacian|spd|1
|-damage|p1a: -?%🌡️|86/100|[from] item: Life Orb
|
|upkeep
|-end|p1a: -?%🌡️|Dynamax
|-heal|p1a: -?%🌡️|86/100|[silent]
|turn|4
|
|t:|1665381988
|move|p1a: -?%🌡️|Oblivion Wing|p2a: Zacian
|-resisted|p2a: Zacian
|-damage|p2a: Zacian|0 fnt
|-heal|p1a: -?%🌡️|90/100|[from] drain|[of] p2a: Zacian
|faint|p2a: Zacian
|-damage|p1a: -?%🌡️|80/100|[from] item: Life Orb
|
|upkeep
|
|t:|1665382016
|switch|p2a: Groudon|Groudon-Primal|61/100
|-weather|DesolateLand|[from] ability: Desolate Land|[of] p2a: Groudon
|turn|5
|
|t:|1665382020
|move|p1a: -?%🌡️|Dark Pulse|p2a: Groudon
|-damage|p2a: Groudon|2/100
|-damage|p1a: -?%🌡️|70/100|[from] item: Life Orb
|move|p2a: Groudon|Thunder Wave|p1a: -?%🌡️
|-status|p1a: -?%🌡️|par
|
|-weather|DesolateLand|[upkeep]
|upkeep
|turn|6
|
|t:|1665382029
|move|p1a: -?%🌡️|Oblivion Wing|p2a: Groudon
|-damage|p2a: Groudon|0 fnt
|-heal|p1a: -?%🌡️|71/100 par|[from] drain|[of] p2a: Groudon
|faint|p2a: Groudon
|-weather|none
|-damage|p1a: -?%🌡️|62/100 par|[from] item: Life Orb
|
|upkeep
|
|t:|1665382032
|switch|p2a: Calyrex|Calyrex-Shadow|100/100
|-ability|p2a: Calyrex|As One
|-ability|p2a: Calyrex|Unnerve
|turn|7
|
|t:|1665382043
|move|p2a: Calyrex|Substitute|p2a: Calyrex
|-start|p2a: Calyrex|Substitute
|-damage|p2a: Calyrex|76/100
|move|p1a: -?%🌡️|Dark Pulse|p2a: Calyrex
|-supereffective|p2a: Calyrex
|-end|p2a: Calyrex|Substitute
|-damage|p1a: -?%🌡️|52/100 par|[from] item: Life Orb
|
|-heal|p2a: Calyrex|82/100|[from] item: Leftovers
|upkeep
|turn|8
|
|t:|1665382053
|move|p2a: Calyrex|Substitute|p2a: Calyrex
|-start|p2a: Calyrex|Substitute
|-damage|p2a: Calyrex|57/100
|move|p1a: -?%🌡️|Oblivion Wing|p2a: Calyrex
|-end|p2a: Calyrex|Substitute
|-heal|p1a: -?%🌡️|68/100 par|[from] drain|[of] p2a: Calyrex
|-damage|p1a: -?%🌡️|58/100 par|[from] item: Life Orb
|
|-heal|p2a: Calyrex|63/100|[from] item: Leftovers
|upkeep
|turn|9
|
|t:|1665382065
|move|p2a: Calyrex|Substitute|p2a: Calyrex
|-start|p2a: Calyrex|Substitute
|-damage|p2a: Calyrex|38/100
|cant|p1a: -?%🌡️|par
|
|-heal|p2a: Calyrex|44/100|[from] item: Leftovers
|upkeep
|turn|10
|
|t:|1665382073
|move|p2a: Calyrex|Leech Seed|p1a: -?%🌡️
|-start|p1a: -?%🌡️|move: Leech Seed
|move|p1a: -?%🌡️|Oblivion Wing|p2a: Calyrex
|-crit|p2a: Calyrex
|-end|p2a: Calyrex|Substitute
|-heal|p1a: -?%🌡️|74/100 par|[from] drain|[of] p2a: Calyrex
|-damage|p1a: -?%🌡️|64/100 par|[from] item: Life Orb
|
|-heal|p2a: Calyrex|50/100|[from] item: Leftovers
|-damage|p1a: -?%🌡️|52/100 par|[from] Leech Seed|[of] p2a: Calyrex
|-heal|p2a: Calyrex|65/100|[silent]
|upkeep
|turn|11
|
|t:|1665382090
|switch|p1a: I'm-not-a-dog|Zacian-Crowned|100/100
|-ability|p1a: I'm-not-a-dog|Intrepid Sword|boost
|-boost|p1a: I'm-not-a-dog|atk|1
|move|p2a: Calyrex|Substitute|p2a: Calyrex
|-start|p2a: Calyrex|Substitute
|-damage|p2a: Calyrex|40/100
|
|-heal|p2a: Calyrex|46/100|[from] item: Leftovers
|upkeep
|turn|12
|
|t:|1665382101
|move|p2a: Calyrex|Leech Seed|p1a: I'm-not-a-dog
|-start|p1a: I'm-not-a-dog|move: Leech Seed
|move|p1a: I'm-not-a-dog|Behemoth Blade|p2a: Calyrex
|-end|p2a: Calyrex|Substitute
|
|-heal|p2a: Calyrex|52/100|[from] item: Leftovers
|-damage|p1a: I'm-not-a-dog|88/100|[from] Leech Seed|[of] p2a: Calyrex
|-heal|p2a: Calyrex|64/100|[silent]
|upkeep
|turn|13
|
|t:|1665382112
|move|p2a: Calyrex|Substitute|p2a: Calyrex
|-start|p2a: Calyrex|Substitute
|-damage|p2a: Calyrex|39/100
|move|p1a: I'm-not-a-dog|Crunch|p2a: Calyrex
|-supereffective|p2a: Calyrex
|-end|p2a: Calyrex|Substitute
|
|-heal|p2a: Calyrex|45/100|[from] item: Leftovers
|-damage|p1a: I'm-not-a-dog|76/100|[from] Leech Seed|[of] p2a: Calyrex
|-heal|p2a: Calyrex|57/100|[silent]
|upkeep
|turn|14
|
|t:|1665382122
|move|p2a: Calyrex|Substitute|p2a: Calyrex
|-start|p2a: Calyrex|Substitute
|-damage|p2a: Calyrex|32/100
|move|p1a: I'm-not-a-dog|Crunch|p2a: Calyrex
|-supereffective|p2a: Calyrex
|-end|p2a: Calyrex|Substitute
|
|-heal|p2a: Calyrex|38/100|[from] item: Leftovers
|-damage|p1a: I'm-not-a-dog|64/100|[from] Leech Seed|[of] p2a: Calyrex
|-heal|p2a: Calyrex|50/100|[silent]
|upkeep
|turn|15
|
|t:|1665382134
|move|p2a: Calyrex|Substitute|p2a: Calyrex
|-start|p2a: Calyrex|Substitute
|-damage|p2a: Calyrex|25/100
|move|p1a: I'm-not-a-dog|Crunch|p2a: Calyrex
|-supereffective|p2a: Calyrex
|-end|p2a: Calyrex|Substitute
|
|-heal|p2a: Calyrex|31/100|[from] item: Leftovers
|-damage|p1a: I'm-not-a-dog|51/100|[from] Leech Seed|[of] p2a: Calyrex
|-heal|p2a: Calyrex|43/100|[silent]
|upkeep
|turn|16
|
|t:|1665382144
|move|p2a: Calyrex|Substitute|p2a: Calyrex
|-start|p2a: Calyrex|Substitute
|-damage|p2a: Calyrex|18/100
|move|p1a: I'm-not-a-dog|Crunch|p2a: Calyrex
|-supereffective|p2a: Calyrex
|-end|p2a: Calyrex|Substitute
|
|-heal|p2a: Calyrex|24/100|[from] item: Leftovers
|-damage|p1a: I'm-not-a-dog|39/100|[from] Leech Seed|[of] p2a: Calyrex
|-heal|p2a: Calyrex|36/100|[silent]
|upkeep
|turn|17
|
|t:|1665382157
|move|p2a: Calyrex|Substitute|p2a: Calyrex
|-start|p2a: Calyrex|Substitute
|-damage|p2a: Calyrex|11/100
|move|p1a: I'm-not-a-dog|Crunch|p2a: Calyrex
|-supereffective|p2a: Calyrex
|-end|p2a: Calyrex|Substitute
|
|-heal|p2a: Calyrex|17/100|[from] item: Leftovers
|-damage|p1a: I'm-not-a-dog|27/100|[from] Leech Seed|[of] p2a: Calyrex
|-heal|p2a: Calyrex|29/100|[silent]
|upkeep
|turn|18
|
|t:|1665382168
|move|p2a: Calyrex|Astral Barrage|p1a: I'm-not-a-dog
|-damage|p1a: I'm-not-a-dog|0 fnt
|faint|p1a: I'm-not-a-dog
|-ability|p2a: Calyrex|Grim Neigh|boost
|-boost|p2a: Calyrex|spa|1
|
|-heal|p2a: Calyrex|35/100|[from] item: Leftovers
|upkeep
|
|t:|1665382179
|switch|p1a: The broom😉|Calyrex-Shadow|100/100
|-ability|p1a: The broom😉|As One
|-ability|p1a: The broom😉|Unnerve
|turn|19
|
|t:|1665382186
|switch|p2a: Arceus|Arceus|100/100
|move|p1a: The broom😉|Astral Barrage|p2a: Arceus
|-immune|p2a: Arceus
|
|upkeep
|turn|20
|
|t:|1665382196
|move|p1a: The broom😉|Nasty Plot|p1a: The broom😉
|-boost|p1a: The broom😉|spa|2
|move|p2a: Arceus|Swords Dance|p2a: Arceus
|-boost|p2a: Arceus|atk|2
|
|upkeep
|turn|21
|
|t:|1665382210
|move|p1a: The broom😉|Nasty Plot|p1a: The broom😉
|-boost|p1a: The broom😉|spa|2
|move|p2a: Arceus|Shadow Claw|p1a: The broom😉
|-supereffective|p1a: The broom😉
|-enditem|p1a: The broom😉|Focus Sash
|-damage|p1a: The broom😉|1/100
|
|upkeep
|turn|22
|
|t:|1665382219
|move|p1a: The broom😉|Psyshock|p2a: Arceus
|-damage|p2a: Arceus|0 fnt
|faint|p2a: Arceus
|-ability|p1a: The broom😉|Grim Neigh|boost
|-boost|p1a: The broom😉|spa|1
|
|upkeep
|
|t:|1665382222
|switch|p2a: Yveltal|Yveltal|100/100
|-ability|p2a: Yveltal|Dark Aura
|turn|23
|
|t:|1665382230
|move|p2a: Yveltal|Sucker Punch|p1a: The broom😉
|-supereffective|p1a: The broom😉
|-crit|p1a: The broom😉
|-damage|p1a: The broom😉|0 fnt
|faint|p1a: The broom😉
|-damage|p2a: Yveltal|91/100|[from] item: Life Orb
|
|upkeep
|
|t:|1665382237
|switch|p1a: Isekai:i'm strog|Rayquaza|100/100
|-ability|p1a: Isekai:i'm strog|Air Lock
|turn|24
|
|t:|1665382245
|detailschange|p1a: Isekai:i'm strog|Rayquaza-Mega
|-mega|p1a: Isekai:i'm strog|Rayquaza|
|-weather|DeltaStream|[from] ability: Delta Stream|[of] p1a: Isekai:i'm strog
|-start|p2a: Yveltal|Dynamax|
|-heal|p2a: Yveltal|91/100|[silent]
|move|p1a: Isekai:i'm strog|Dragon Ascent|p2a: Yveltal
|-damage|p2a: Yveltal|49/100
|-unboost|p1a: Isekai:i'm strog|def|1
|-unboost|p1a: Isekai:i'm strog|spd|1
|move|p2a: Yveltal|Max Darkness|p1a: Isekai:i'm strog
|-enditem|p1a: Isekai:i'm strog|Focus Sash
|-damage|p1a: Isekai:i'm strog|1/100
|-unboost|p1a: Isekai:i'm strog|spd|1
|-damage|p2a: Yveltal|44/100|[from] item: Life Orb
|
|-weather|DeltaStream|[upkeep]
|upkeep
|turn|25
|
|t:|1665382264
|move|p1a: Isekai:i'm strog|Extreme Speed|p2a: Yveltal
|-damage|p2a: Yveltal|23/100
|move|p2a: Yveltal|Max Airstream|p1a: Isekai:i'm strog
|-damage|p1a: Isekai:i'm strog|0 fnt
|-boost|p2a: Yveltal|spe|1
|faint|p1a: Isekai:i'm strog
|-weather|none
|-damage|p2a: Yveltal|18/100|[from] item: Life Orb
|
|upkeep
|
|t:|1665382277
|switch|p1a: Who-i-am:it you👻|Ditto|100/100
|-transform|p1a: Who-i-am:it you👻|p2a: Yveltal|[from] ability: Imposter
|-ability|p1a: Who-i-am:it you👻|Dark Aura
|turn|26
|
|t:|1665382288
|move|p1a: Who-i-am:it you👻|Oblivion Wing|p2a: Yveltal
|-damage|p2a: Yveltal|0 fnt
|faint|p2a: Yveltal
|
|upkeep
|
|t:|1665382296
|switch|p2a: Rayquaza|Rayquaza|100/100
|-ability|p2a: Rayquaza|Air Lock
|turn|27
|
|t:|1665382304
|switch|p1a: -?%🌡️|Yveltal|52/100 par
|-ability|p1a: -?%🌡️|Dark Aura
|detailschange|p2a: Rayquaza|Rayquaza-Mega
|-mega|p2a: Rayquaza|Rayquaza|
|-weather|DeltaStream|[from] ability: Delta Stream|[of] p2a: Rayquaza
|move|p2a: Rayquaza|Dragon Ascent|p1a: -?%🌡️
|-damage|p1a: -?%🌡️|0 fnt
|-unboost|p2a: Rayquaza|def|1
|-unboost|p2a: Rayquaza|spd|1
|faint|p1a: -?%🌡️
|
|-weather|DeltaStream|[upkeep]
|upkeep
|
|t:|1665382320
|switch|p1a: ❄️🍀⚡⛰️|Arceus-Electric|100/100
|turn|28
|j| Shade Master 101
|
|t:|1665382329
|move|p2a: Rayquaza|Dragon Dance|p2a: Rayquaza
|-boost|p2a: Rayquaza|atk|1
|-boost|p2a: Rayquaza|spe|1
|move|p1a: ❄️🍀⚡⛰️|Blizzard|p2a: Rayquaza
|-activate||deltastream
|-supereffective|p2a: Rayquaza
|-enditem|p2a: Rayquaza|Focus Sash
|-damage|p2a: Rayquaza|1/100
|
|-weather|DeltaStream|[upkeep]
|upkeep
|turn|29
|
|t:|1665382340
|move|p2a: Rayquaza|Earthquake|p1a: ❄️🍀⚡⛰️
|-supereffective|p1a: ❄️🍀⚡⛰️
|-damage|p1a: ❄️🍀⚡⛰️|0 fnt
|faint|p1a: ❄️🍀⚡⛰️
|
|-weather|DeltaStream|[upkeep]
|upkeep
|
|t:|1665382346
|switch|p1a: Who-i-am:it you👻|Ditto|100/100
|-transform|p1a: Who-i-am:it you👻|p2a: Rayquaza|[from] ability: Imposter
|turn|30
|c|☆BasakBooster2|gg
|
|t:|1665382362
|move|p2a: Rayquaza|Extreme Speed|p1a: Who-i-am:it you👻
|-crit|p1a: Who-i-am:it you👻
|-damage|p1a: Who-i-am:it you👻|0 fnt
|faint|p1a: Who-i-am:it you👻
|
|win|BasakBooster2
|raw|Khoa champions's rating: 1790 &rarr; <strong>1774</strong><br />(-16 for losing)
|raw|BasakBooster2's rating: 1864 &rarr; <strong>1880</strong><br />(+16 for winning)
|l|☆Khoa champions
|c| Shade Master 101|what in arceus's name am I seeing?
|c|☆BasakBooster2|?
