|j|☆C0ld as Ic3
|j|☆Opnoob 598
|t:|1655277278
|gametype|singles
|player|p1|C0ld as Ic3|schoolkid-gen4dp|
|player|p2|Opnoob 598|drayden|
|teamsize|p1|6
|teamsize|p2|6
|gen|8
|tier|[Gen 8] National Dex AG
|rule|HP Percentage Mod: HP is shown in percentages
|rule|Endless Battle Clause: Forcing endless battles is banned
|clearpoke
|poke|p1|Arceus-*|
|poke|p1|Lugia|
|poke|p1|Sableye, F|
|poke|p1|Tyranitar, F|
|poke|p1|Giratina, L99|
|poke|p1|Chansey, F|
|poke|p2|Ninetales-Alola, M|
|poke|p2|Ponyta, F|
|poke|p2|Mew|
|poke|p2|Ninetales-Alola, M|
|poke|p2|Ninetales-Alola, F|
|poke|p2|Ninetales-Alola, F|
|teampreview
|inactive|Battle timer is ON: inactive players will automatically lose when time's up. (requested by C0ld as Ic3)
|
|t:|1655277291
|start
|switch|p1a: Giratina|Giratina, L99, shiny|100/100
|switch|p2a: U suck fr|Ninetales-Alola, M|100/100
|-weather|Hail|[from] ability: Snow Warning|[of] p2a: U suck fr
|-ability|p1a: Giratina|Pressure
|turn|1
|j| adhiraj8202
|
|t:|1655277303
|move|p2a: U suck fr|Substitute|p2a: U suck fr
|-start|p2a: U suck fr|Substitute
|-damage|p2a: U suck fr|76/100
|move|p1a: Giratina|Toxic||[still]
|-fail|p1a: Giratina
|
|-weather|Hail|[upkeep]
|-damage|p1a: Giratina|94/100|[from] Hail
|-heal|p2a: U suck fr|82/100|[from] item: Leftovers
|-heal|p1a: Giratina|100/100|[from] item: Leftovers
|upkeep
|turn|2
|c|☆Opnoob 598|Ok
|
|t:|1655277312
|switch|p1a: Tyranitar|Tyranitar, F, shiny|100/100
|-weather|Sandstorm|[from] ability: Sand Stream|[of] p1a: Tyranitar
|move|p2a: U suck fr|Sheer Cold|p1a: Tyranitar|[miss]
|-miss|p2a: U suck fr|p1a: Tyranitar
|
|-weather|Sandstorm|[upkeep]
|-damage|p2a: U suck fr|76/100|[from] Sandstorm
|-heal|p2a: U suck fr|82/100|[from] item: Leftovers
|upkeep
|turn|3
|c|☆Opnoob 598|Here we go
|c|☆Opnoob 598|8 sheer colds
|
|t:|1655277320
|move|p2a: U suck fr|Sheer Cold|p1a: Tyranitar|[miss]
|-miss|p2a: U suck fr|p1a: Tyranitar
|move|p1a: Tyranitar|Stealth Rock|p2a: U suck fr
|-sidestart|p2: Opnoob 598|move: Stealth Rock
|
|-weather|Sandstorm|[upkeep]
|-damage|p2a: U suck fr|76/100|[from] Sandstorm
|-heal|p2a: U suck fr|82/100|[from] item: Leftovers
|upkeep
|turn|4
|
|t:|1655277326
|move|p2a: U suck fr|Sheer Cold|p1a: Tyranitar
|-damage|p1a: Tyranitar|0 fnt
|faint|p1a: Tyranitar
|-ohko
|
|-weather|Sandstorm|[upkeep]
|-damage|p2a: U suck fr|76/100|[from] Sandstorm
|-heal|p2a: U suck fr|82/100|[from] item: Leftovers
|upkeep
|c|☆Opnoob 598|6 more
|c|☆Opnoob 598|OML
|
|t:|1655277334
|switch|p1a: Arceus|Arceus-Fire, shiny|100/100
|turn|5
|c|☆Opnoob 598|adhi skill issue momento
|c|☆Opnoob 598|No cap
|
|t:|1655277361
|switch|p1a: Chansey|Chansey, F, shiny|100/100
|move|p2a: U suck fr|Sheer Cold|p1a: Chansey|[miss]
|-miss|p2a: U suck fr|p1a: Chansey
|
|-weather|Sandstorm|[upkeep]
|-damage|p2a: U suck fr|76/100|[from] Sandstorm
|-damage|p1a: Chansey|94/100|[from] Sandstorm
|-heal|p2a: U suck fr|82/100|[from] item: Leftovers
|upkeep
|turn|6
|
|t:|1655277366
|move|p2a: U suck fr|Sheer Cold|p1a: Chansey|[miss]
|-miss|p2a: U suck fr|p1a: Chansey
|move|p1a: Chansey|Soft-Boiled|p1a: Chansey
|-heal|p1a: Chansey|100/100
|
|-weather|none
|-heal|p2a: U suck fr|88/100|[from] item: Leftovers
|upkeep
|turn|7
|
|t:|1655277371
|switch|p1a: Lugia|Lugia, shiny|100/100
|move|p2a: U suck fr|Sheer Cold|p1a: Lugia|[miss]
|-miss|p2a: U suck fr|p1a: Lugia
|
|-heal|p2a: U suck fr|94/100|[from] item: Leftovers
|upkeep
|turn|8
|c|☆Opnoob 598|Hit
|c|☆C0ld as Ic3|why must i suffer :_)
|c|☆Opnoob 598|Rfn
|
|t:|1655277381
|move|p2a: U suck fr|Sheer Cold|p1a: Lugia|[miss]
|-miss|p2a: U suck fr|p1a: Lugia
|move|p1a: Lugia|Whirlwind|p2a: U suck fr
|drag|p2a: Ninetales|Ninetales-Alola, M|100/100
|-damage|p2a: Ninetales|76/100|[from] Stealth Rock
|-weather|Hail|[from] ability: Snow Warning|[of] p2a: Ninetales
|
|-weather|Hail|[upkeep]
|-damage|p1a: Lugia|94/100|[from] Hail
|-heal|p1a: Lugia|100/100|[from] item: Leftovers
|upkeep
|turn|9
|
|t:|1655277388
|move|p2a: Ninetales|Sheer Cold|p1a: Lugia
|-damage|p1a: Lugia|0 fnt
|faint|p1a: Lugia
|-ohko
|
|-weather|Hail|[upkeep]
|upkeep
|c|☆Opnoob 598|Good
|
|t:|1655277393
|switch|p1a: Arceus|Arceus-Fire, shiny|100/100
|turn|10
|c|☆Opnoob 598|OML
|
|t:|1655277401
|move|p2a: Ninetales|Sheer Cold|p1a: Arceus
|-damage|p1a: Arceus|0 fnt
|faint|p1a: Arceus
|-ohko
|
|-weather|Hail|[upkeep]
|upkeep
|
|t:|1655277405
|switch|p1a: Giratina|Giratina, L99, shiny|100/100
|-ability|p1a: Giratina|Pressure
|turn|11
|c|☆Opnoob 598|HOLY SHIT
|c|☆Opnoob 598|I AM
|c|☆Opnoob 598|THE SKILL
|
|t:|1655277411
|move|p2a: Ninetales|Sheer Cold|p1a: Giratina|[miss]
|-miss|p2a: Ninetales|p1a: Giratina
|move|p1a: Giratina|Toxic|p2a: Ninetales
|-status|p2a: Ninetales|tox
|
|-weather|Hail|[upkeep]
|-damage|p1a: Giratina|94/100|[from] Hail
|-heal|p1a: Giratina|100/100|[from] item: Leftovers
|-damage|p2a: Ninetales|70/100 tox|[from] psn
|upkeep
|turn|12
|c|☆Opnoob 598|No cap
|
|t:|1655277419
|switch|p1a: Chansey|Chansey, F, shiny|100/100
|move|p2a: Ninetales|Sheer Cold|p1a: Chansey|[miss]
|-miss|p2a: Ninetales|p1a: Chansey
|
|-weather|none
|-damage|p2a: Ninetales|58/100 tox|[from] psn
|upkeep
|turn|13
|c|☆Opnoob 598|Goated for real
|
|t:|1655277422
|move|p2a: Ninetales|Sheer Cold|p1a: Chansey
|-damage|p1a: Chansey|0 fnt
|faint|p1a: Chansey
|-ohko
|
|-damage|p2a: Ninetales|40/100 tox|[from] psn
|upkeep
|
|t:|1655277425
|switch|p1a: Sableye|Sableye, F|100/100
|turn|14
|c|☆Opnoob 598|OMFG
|c|☆Opnoob 598|adhiraj8202
|c|☆Opnoob 598|Learn u nerd
|c|☆Opnoob 598|XD
|c|☆C0ld as Ic3|:_)
|
|t:|1655277435
|detailschange|p1a: Sableye|Sableye-Mega, F
|-mega|p1a: Sableye|Sableye|Sablenite
|move|p1a: Sableye|Fake Out|p2a: Ninetales
|-damage|p2a: Ninetales|29/100 tox
|cant|p2a: Ninetales|flinch
|
|-damage|p2a: Ninetales|5/100 tox|[from] psn
|upkeep
|turn|15
|
|t:|1655277440
|move|p2a: Ninetales|Sheer Cold|p1a: Sableye
|-damage|p1a: Sableye|0 fnt
|faint|p1a: Sableye
|-ohko
|
|-damage|p2a: Ninetales|0 fnt|[from] psn
|faint|p2a: Ninetales
|upkeep
|c|☆Opnoob 598|OMFG
|c|☆Opnoob 598|This is what I call
|c|☆Opnoob 598|Pure skill
|inactive|Opnoob 598 has 270 seconds left.
|c|☆Opnoob 598|Adhi sucks with skill no cap
|c|☆Opnoob 598|Fr
|c|☆C0ld as Ic3|moyai
|
|t:|1655277474
|switch|p2a: Ninetales|Ninetales-Alola, F|100/100
|switch|p1a: Giratina|Giratina, L99, shiny|100/100
|-damage|p2a: Ninetales|76/100|[from] Stealth Rock
|-weather|Hail|[from] ability: Snow Warning|[of] p2a: Ninetales
|-ability|p1a: Giratina|Pressure
|turn|16
|c| adhiraj8202|for
|c| adhiraj8202|real
|c|☆C0ld as Ic3|One thing though, why should i be the test :_)
|
|t:|1655277492
|move|p2a: Ninetales|Sheer Cold|p1a: Giratina|[miss]
|-miss|p2a: Ninetales|p1a: Giratina
|move|p1a: Giratina|Toxic|p2a: Ninetales
|-status|p2a: Ninetales|tox
|
|-weather|Hail|[upkeep]
|-damage|p1a: Giratina|94/100|[from] Hail
|-heal|p1a: Giratina|100/100|[from] item: Leftovers
|-damage|p2a: Ninetales|70/100 tox|[from] psn
|upkeep
|turn|17
|c|☆Opnoob 598|LOOL
|
|t:|1655277502
|move|p2a: Ninetales|Sheer Cold|p1a: Giratina|[miss]
|-miss|p2a: Ninetales|p1a: Giratina
|move|p1a: Giratina|Rest|p1a: Giratina
|-fail|p1a: Giratina|heal
|
|-weather|Hail|[upkeep]
|-damage|p1a: Giratina|94/100|[from] Hail
|-heal|p1a: Giratina|100/100|[from] item: Leftovers
|-damage|p2a: Ninetales|58/100 tox|[from] psn
|upkeep
|turn|18
|
|t:|1655277504
|move|p2a: Ninetales|Sheer Cold|p1a: Giratina|[miss]
|-miss|p2a: Ninetales|p1a: Giratina
|move|p1a: Giratina|Toxic|p2a: Ninetales
|-fail|p2a: Ninetales|tox
|
|-weather|Hail|[upkeep]
|-damage|p1a: Giratina|94/100|[from] Hail
|-heal|p1a: Giratina|100/100|[from] item: Leftovers
|-damage|p2a: Ninetales|40/100 tox|[from] psn
|upkeep
|turn|19
|
|t:|1655277508
|move|p2a: Ninetales|Sheer Cold|p1a: Giratina|[miss]
|-miss|p2a: Ninetales|p1a: Giratina
|move|p1a: Giratina|Toxic|p2a: Ninetales
|-fail|p2a: Ninetales|tox
|
|-weather|Hail|[upkeep]
|-damage|p1a: Giratina|94/100|[from] Hail
|-heal|p1a: Giratina|100/100|[from] item: Leftovers
|-damage|p2a: Ninetales|17/100 tox|[from] psn
|upkeep
|turn|20
|
|t:|1655277512
|-activate|p2a: Ninetales|move: Struggle
|move|p2a: Ninetales|Struggle|p1a: Giratina
|-damage|p1a: Giratina|98/100
|-damage|p2a: Ninetales|0 fnt|[from] recoil
|faint|p2a: Ninetales
|move|p1a: Giratina|Will-O-Wisp|p2: Ninetales|[notarget]
|-fail|p1a: Giratina
|
|-weather|none
|-heal|p1a: Giratina|100/100|[from] item: Leftovers
|upkeep
|
|t:|1655277517
|switch|p2a: U suck fr|Ninetales-Alola, M|94/100
|-damage|p2a: U suck fr|69/100|[from] Stealth Rock
|-weather|Hail|[from] ability: Snow Warning|[of] p2a: U suck fr
|turn|21
|c|☆Opnoob 598|o
|c|☆Opnoob 598|A
|c|☆Opnoob 598|E
|
|t:|1655277545
|move|p2a: U suck fr|Substitute|p2a: U suck fr
|-start|p2a: U suck fr|Substitute
|-damage|p2a: U suck fr|44/100
|move|p1a: Giratina|Toxic||[still]
|-fail|p1a: Giratina
|
|-weather|Hail|[upkeep]
|-damage|p1a: Giratina|94/100|[from] Hail
|-heal|p2a: U suck fr|50/100|[from] item: Leftovers
|-heal|p1a: Giratina|100/100|[from] item: Leftovers
|upkeep
|turn|22
|
|t:|1655277552
|move|p2a: U suck fr|Sheer Cold|p1a: Giratina
|-damage|p1a: Giratina|0 fnt
|faint|p1a: Giratina
|-ohko
|
|win|Opnoob 598
|c|☆Opnoob 598|OH
|c|☆Opnoob 598|MY
|c|☆C0ld as Ic3|:_)
|c|☆Opnoob 598|LAWD
|c|☆Opnoob 598|i had legit
|c|☆Opnoob 598|1 s cold left
|c|☆Opnoob 598|And i hit that
|c|☆Opnoob 598|I am the definition
|c|☆Opnoob 598|Of pure skill
|c|☆Opnoob 598|OML
|c|☆C0ld as Ic3|nah
|c|☆C0ld as Ic3|call and hit a ohko move first
|c|☆C0ld as Ic3|with metronome
|c|☆C0ld as Ic3|:^)
|c|☆Opnoob 598|o yee
|l|☆Opnoob 598
|j|☆Opnoob 598
|player|p2|Opnoob 598|drayden
