|j|☆Shade Reptar
|j|☆kerrozxl-
|t:|1666755300
|gametype|singles
|player|p1|Shade Reptar|clay|1522
|player|p2|kerrozxl-|marley|1768
|teamsize|p1|6
|teamsize|p2|6
|gen|8
|tier|[Gen 8] National Dex AG
|rated|
|rule|HP Percentage Mod: HP is shown in percentages
|rule|Endless Battle Clause: Forcing endless battles is banned
|clearpoke
|poke|p1|Groudon|
|poke|p1|Xerneas-*|
|poke|p1|Ditto|
|poke|p1|Gengar, M|
|poke|p1|Yveltal|
|poke|p1|Zygarde|
|poke|p2|Rayquaza|
|poke|p2|Xerneas-*|
|poke|p2|Necrozma-Dusk-Mane|
|poke|p2|Marshadow|
|poke|p2|Yveltal|
|poke|p2|Groudon|
|teampreview
|
|t:|1666755304
|start
|switch|p1a: Gengar|Gengar, M, shiny|100/100
|switch|p2a: Rayquaza|Rayquaza, shiny|100/100
|-ability|p2a: Rayquaza|Air Lock
|turn|1
|
|t:|1666755312
|switch|p2a: Yveltal|Yveltal|100/100
|-ability|p2a: Yveltal|Dark Aura
|detailschange|p1a: Gengar|Gengar-Mega, M, shiny
|-mega|p1a: Gengar|Gengar|Gengarite
|move|p1a: Gengar|Shadow Ball|p2a: Yveltal
|-resisted|p2a: Yveltal
|-damage|p2a: Yveltal|84/100
|
|upkeep
|turn|2
|
|t:|1666755320
|move|p1a: Gengar|Sludge Wave|p2a: Yveltal
|-damage|p2a: Yveltal|43/100
|move|p2a: Yveltal|Knock Off|p1a: Gengar
|-supereffective|p1a: Gengar
|-damage|p1a: Gengar|0 fnt
|faint|p1a: Gengar
|
|upkeep
|
|t:|1666755329
|switch|p1a: Groudon|Groudon, shiny|100/100
|detailschange|p1a: Groudon|Groudon-Primal, shiny
|-primal|p1a: Groudon
|-weather|DesolateLand|[from] ability: Desolate Land|[of] p1a: Groudon
|turn|3
|
|t:|1666755334
|switch|p2a: Rayquaza|Rayquaza, shiny|100/100
|-ability|p2a: Rayquaza|Air Lock
|move|p1a: Groudon|Rock Polish|p1a: Groudon
|-boost|p1a: Groudon|spe|2
|
|-weather|DesolateLand|[upkeep]
|upkeep
|turn|4
|
|t:|1666755340
|detailschange|p2a: Rayquaza|Rayquaza-Mega, shiny
|-mega|p2a: Rayquaza|Rayquaza|
|-weather|DeltaStream|[from] ability: Delta Stream|[of] p2a: Rayquaza
|move|p1a: Groudon|Rock Tomb|p2a: Rayquaza
|-activate||deltastream
|-damage|p2a: Rayquaza|70/100
|-unboost|p2a: Rayquaza|spe|1
|move|p2a: Rayquaza|Waterfall|p1a: Groudon
|-supereffective|p1a: Groudon
|-damage|p1a: Groudon|0 fnt
|faint|p1a: Groudon
|
|-weather|DeltaStream|[upkeep]
|upkeep
|
|t:|1666755358
|switch|p1a: Xerneas|Xerneas, shiny|100/100
|-ability|p1a: Xerneas|Fairy Aura
|turn|5
|
|t:|1666755363
|-weather|none
|switch|p2a: Groudon|Groudon|100/100
|detailschange|p2a: Groudon|Groudon-Primal
|-primal|p2a: Groudon
|-weather|DesolateLand|[from] ability: Desolate Land|[of] p2a: Groudon
|move|p1a: Xerneas|Geomancy||[still]
|-prepare|p1a: Xerneas|Geomancy
|-enditem|p1a: Xerneas|Power Herb
|-anim|p1a: Xerneas|Geomancy|p1a: Xerneas
|-boost|p1a: Xerneas|spa|2
|-boost|p1a: Xerneas|spd|2
|-boost|p1a: Xerneas|spe|2
|
|-weather|DesolateLand|[upkeep]
|upkeep
|turn|6
|
|t:|1666755378
|-start|p1a: Xerneas|Dynamax|
|-heal|p1a: Xerneas|100/100|[silent]
|move|p1a: Xerneas|Max Starfall|p2a: Groudon
|-resisted|p2a: Groudon
|-damage|p2a: Groudon|38/100
|-fieldstart|move: Misty Terrain
|move|p2a: Groudon|Precipice Blades|p1a: Xerneas
|-damage|p1a: Xerneas|74/100
|
|-weather|DesolateLand|[upkeep]
|upkeep
|turn|7
|
|t:|1666755412
|move|p1a: Xerneas|Max Steelspike|p2a: Groudon
|-resisted|p2a: Groudon
|-crit|p2a: Groudon
|-damage|p2a: Groudon|0 fnt
|-boost|p1a: Xerneas|def|1
|faint|p2a: Groudon
|-weather|none
|
|upkeep
|
|t:|1666755414
|switch|p2a: Marshadow|Marshadow|100/100
|turn|8
|
|t:|1666755429
|move|p1a: Xerneas|Max Lightning|p2a: Marshadow
|-enditem|p2a: Marshadow|Focus Sash
|-damage|p2a: Marshadow|1/100
|-fieldstart|move: Electric Terrain
|move|p2a: Marshadow|Spectral Thief||[still]
|-clearpositiveboost|p1a: Xerneas|p2a: Marshadow|move: Spectral Thief
|-boost|p2a: Marshadow|def|1
|-boost|p2a: Marshadow|spa|2
|-boost|p2a: Marshadow|spd|2
|-boost|p2a: Marshadow|spe|2
|-anim|p2a: Marshadow|Spectral Thief|p1a: Xerneas
|-damage|p1a: Xerneas|56/100
|
|upkeep
|-end|p1a: Xerneas|Dynamax
|-heal|p1a: Xerneas|56/100|[silent]
|turn|9
|
|t:|1666755438
|switch|p1a: Zygarde|Zygarde, shiny|100/100
|move|p2a: Marshadow|Spectral Thief|p1a: Zygarde
|-damage|p1a: Zygarde|68/100
|
|-heal|p1a: Zygarde|75/100|[from] item: Leftovers
|upkeep
|turn|10
|
|t:|1666755446
|move|p2a: Marshadow|Close Combat|p1a: Zygarde
|-damage|p1a: Zygarde|33/100
|-unboost|p2a: Marshadow|def|1
|-unboost|p2a: Marshadow|spd|1
|move|p1a: Zygarde|Glare|p2a: Marshadow
|-status|p2a: Marshadow|par
|
|-heal|p1a: Zygarde|39/100|[from] item: Leftovers
|-activate|p1a: Zygarde|ability: Power Construct
|detailschange|p1a: Zygarde|Zygarde-Complete, shiny
|-heal|p1a: Zygarde|60/100|[silent]
|upkeep
|turn|11
|
|t:|1666755460
|move|p2a: Marshadow|Rock Tomb|p1a: Zygarde
|-resisted|p1a: Zygarde
|-damage|p1a: Zygarde|53/100
|-unboost|p1a: Zygarde|spe|1
|move|p1a: Zygarde|Thousand Arrows|p2a: Marshadow
|-damage|p2a: Marshadow|0 fnt
|faint|p2a: Marshadow
|
|-heal|p1a: Zygarde|59/100|[from] item: Leftovers
|upkeep
|
|t:|1666755463
|switch|p2a: Xerneas|Xerneas|100/100
|-ability|p2a: Xerneas|Fairy Aura
|turn|12
|
|t:|1666755472
|move|p2a: Xerneas|Moonblast|p1a: Zygarde
|-supereffective|p1a: Zygarde
|-damage|p1a: Zygarde|0 fnt
|faint|p1a: Zygarde
|
|-fieldend|move: Electric Terrain
|upkeep
|
|t:|1666755476
|switch|p1a: Xerneas|Xerneas, shiny|56/100
|-ability|p1a: Xerneas|Fairy Aura
|turn|13
|
|t:|1666755487
|move|p2a: Xerneas|Geomancy||[still]
|-prepare|p2a: Xerneas|Geomancy
|-enditem|p2a: Xerneas|Power Herb
|-anim|p2a: Xerneas|Geomancy|p2a: Xerneas
|-boost|p2a: Xerneas|spa|2
|-boost|p2a: Xerneas|spd|2
|-boost|p2a: Xerneas|spe|2
|move|p1a: Xerneas|Flash Cannon|p2a: Xerneas
|-supereffective|p2a: Xerneas
|-damage|p2a: Xerneas|76/100
|
|upkeep
|turn|14
|
|t:|1666755493
|move|p2a: Xerneas|Moonblast|p1a: Xerneas
|-damage|p1a: Xerneas|0 fnt
|faint|p1a: Xerneas
|
|upkeep
|
|t:|1666755497
|switch|p1a: Ditto|Ditto|100/100
|-transform|p1a: Ditto|p2a: Xerneas|[from] ability: Imposter
|-ability|p1a: Ditto|Fairy Aura
|turn|15
|
|t:|1666755522
|move|p1a: Ditto|Moonblast|p2a: Xerneas
|-crit|p2a: Xerneas
|-damage|p2a: Xerneas|0 fnt
|faint|p2a: Xerneas
|
|upkeep
|
|t:|1666755524
|switch|p2a: Yveltal|Yveltal|43/100
|-ability|p2a: Yveltal|Dark Aura
|turn|16
|
|t:|1666755529
|move|p2a: Yveltal|Sucker Punch|p1a: Ditto
|-resisted|p1a: Ditto
|-damage|p1a: Ditto|76/100
|move|p1a: Ditto|Moonblast|p2a: Yveltal
|-supereffective|p2a: Yveltal
|-damage|p2a: Yveltal|0 fnt
|faint|p2a: Yveltal
|
|upkeep
|
|t:|1666755534
|switch|p2a: Rayquaza|Rayquaza-Mega, shiny|70/100
|-weather|DeltaStream|[from] ability: Delta Stream|[of] p2a: Rayquaza
|turn|17
|
|t:|1666755538
|move|p2a: Rayquaza|Extreme Speed|p1a: Ditto
|-damage|p1a: Ditto|3/100
|move|p1a: Ditto|Moonblast|p2a: Rayquaza
|-supereffective|p2a: Rayquaza
|-damage|p2a: Rayquaza|0 fnt
|faint|p2a: Rayquaza
|-weather|none
|
|upkeep
|
|t:|1666755542
|switch|p2a: Necrozma|Necrozma-Dusk-Mane|100/100
|turn|18
|
|t:|1666755547
|move|p1a: Ditto|Moonblast|p2a: Necrozma
|-resisted|p2a: Necrozma
|-damage|p2a: Necrozma|36/100
|move|p2a: Necrozma|Dragon Dance|p2a: Necrozma
|-boost|p2a: Necrozma|atk|1
|-boost|p2a: Necrozma|spe|1
|
|upkeep
|turn|19
|
|t:|1666755552
|detailschange|p2a: Necrozma|Necrozma-Ultra
|-burst|p2a: Necrozma|Necrozma|Ultranecrozium Z
|move|p1a: Ditto|Moonblast|p2a: Necrozma
|-supereffective|p2a: Necrozma
|-damage|p2a: Necrozma|0 fnt
|faint|p2a: Necrozma
|
|win|Shade Reptar
|raw|Shade Reptar's rating: 1522 &rarr; <strong>1554</strong><br />(+32 for winning)
|raw|kerrozxl-'s rating: 1768 &rarr; <strong>1736</strong><br />(-32 for losing)
|c|☆Shade Reptar|lol
|l|☆kerrozxl-
||Ladder isn't responding, score probably updated but might not have (Request timeout).
