|j|☆cosmos dream
|j|☆DrMario69
|t:|1664251196
|gametype|singles
|player|p1|cosmos dream|169|1863
|player|p2|DrMario69|lucas|1837
|teamsize|p1|6
|teamsize|p2|6
|gen|8
|tier|[Gen 8] National Dex AG
|rated|
|rule|HP Percentage Mod: HP is shown in percentages
|rule|Endless Battle Clause: Forcing endless battles is banned
|clearpoke
|poke|p1|Marshadow|
|poke|p1|Marshadow|
|poke|p1|Arceus-*|
|poke|p1|Arceus-*|
|poke|p1|Arceus-*|
|poke|p1|Tyranitar, M|
|poke|p2|Groudon|
|poke|p2|Rayquaza|
|poke|p2|Zygarde|
|poke|p2|Calyrex-Shadow|
|poke|p2|Arceus-*|
|poke|p2|Arceus-*|
|teampreview
|
|t:|1664251216
|start
|switch|p1a: Arceus|Arceus-Ice|100/100
|switch|p2a: the gwoat|Rayquaza|100/100
|-ability|p2a: the gwoat|Air Lock
|turn|1
|
|t:|1664251227
|switch|p2a: Arceus|Arceus-Fairy|100/100
|move|p1a: Arceus|Judgment|p2a: Arceus
|-damage|p2a: Arceus|70/100
|
|upkeep
|turn|2
|inactive|Battle timer is ON: inactive players will automatically lose when time's up. (requested by DrMario69)
|
|t:|1664251245
|move|p1a: Arceus|Thunder Wave|p2a: Arceus
|-status|p2a: Arceus|par
|move|p2a: Arceus|Judgment|p1a: Arceus
|-damage|p1a: Arceus|66/100
|
|upkeep
|turn|3
|
|t:|1664251249
|move|p1a: Arceus|Stealth Rock|p2a: Arceus
|-sidestart|p2: DrMario69|move: Stealth Rock
|move|p2a: Arceus|Thunder Wave|p1a: Arceus
|-status|p1a: Arceus|par
|
|upkeep
|turn|4
|
|t:|1664251252
|move|p1a: Arceus|Judgment|p2a: Arceus
|-damage|p2a: Arceus|40/100 par
|move|p2a: Arceus|Defog|p1a: Arceus
|-unboost|p1a: Arceus|evasion|1
|-sideend|p2: DrMario69|Stealth Rock|[from] move: Defog|[of] p2a: Arceus
|
|upkeep
|turn|5
|
|t:|1664251255
|move|p1a: Arceus|Stealth Rock|p2a: Arceus
|-sidestart|p2: DrMario69|move: Stealth Rock
|move|p2a: Arceus|Recover|p2a: Arceus
|-heal|p2a: Arceus|91/100 par
|
|upkeep
|turn|6
|
|t:|1664251264
|switch|p1a: Arceus|Arceus-Electric|100/100
|move|p2a: Arceus|Defog|p1a: Arceus
|-unboost|p1a: Arceus|evasion|1
|-sideend|p2: DrMario69|Stealth Rock|[from] move: Defog|[of] p2a: Arceus
|
|upkeep
|turn|7
|
|t:|1664251272
|move|p1a: Arceus|Calm Mind|p1a: Arceus
|-boost|p1a: Arceus|spa|1
|-boost|p1a: Arceus|spd|1
|move|p2a: Arceus|Judgment|p1a: Arceus
|-damage|p1a: Arceus|77/100
|
|upkeep
|turn|8
|
|t:|1664251282
|switch|p2a: Pyra|Groudon|100/100
|detailschange|p2a: Pyra|Groudon-Primal
|-primal|p2a: Pyra
|-weather|DesolateLand|[from] ability: Desolate Land|[of] p2a: Pyra
|move|p1a: Arceus|Judgment|p2a: Pyra
|-immune|p2a: Pyra
|
|-weather|DesolateLand|[upkeep]
|upkeep
|turn|9
|
|t:|1664251286
|-weather|none
|switch|p2a: the gwoat|Rayquaza|100/100
|-ability|p2a: the gwoat|Air Lock
|-start|p1a: Arceus|Dynamax|
|-heal|p1a: Arceus|77/100|[silent]
|move|p1a: Arceus|Max Quake|p2a: the gwoat
|-immune|p2a: the gwoat
|
|upkeep
|turn|10
|
|t:|1664251293
|switch|p2a: Arceus|Arceus-Fairy|91/100 par
|move|p1a: Arceus|Max Hailstorm|p2a: Arceus
|-damage|p2a: Arceus|52/100 par
|-weather|Hail
|
|-weather|Hail|[upkeep]
|-damage|p1a: Arceus|74/100|[from] Hail
|-damage|p2a: Arceus|46/100 par|[from] Hail
|upkeep
|turn|11
|
|t:|1664251302
|move|p1a: Arceus|Max Quake|p2a: Arceus
|-damage|p2a: Arceus|13/100 par
|-boost|p1a: Arceus|spd|1
|move|p2a: Arceus|Recover|p2a: Arceus
|-heal|p2a: Arceus|63/100 par
|
|-weather|Hail|[upkeep]
|-damage|p1a: Arceus|71/100|[from] Hail
|-damage|p2a: Arceus|57/100 par|[from] Hail
|upkeep
|-end|p1a: Arceus|Dynamax
|-heal|p1a: Arceus|71/100|[silent]
|turn|12
|
|t:|1664251309
|switch|p2a: Pyra|Groudon-Primal|100/100
|-weather|DesolateLand|[from] ability: Desolate Land|[of] p2a: Pyra
|move|p1a: Arceus|Judgment|p2a: Pyra
|-immune|p2a: Pyra
|
|-weather|DesolateLand|[upkeep]
|upkeep
|turn|13
|
|t:|1664251312
|move|p1a: Arceus|Earth Power|p2a: Pyra
|-supereffective|p2a: Pyra
|-damage|p2a: Pyra|19/100
|move|p2a: Pyra|Precipice Blades|p1a: Arceus
|-supereffective|p1a: Arceus
|-damage|p1a: Arceus|0 fnt
|faint|p1a: Arceus
|
|-weather|DesolateLand|[upkeep]
|upkeep
|
|t:|1664251327
|switch|p1a: Arceus|Arceus-Ground|100/100
|turn|14
|
|t:|1664251334
|move|p1a: Arceus|Swords Dance|p1a: Arceus
|-boost|p1a: Arceus|atk|2
|move|p2a: Pyra|Stealth Rock|p1a: Arceus
|-sidestart|p1: cosmos dream|move: Stealth Rock
|
|-weather|DesolateLand|[upkeep]
|upkeep
|turn|15
|
|t:|1664251346
|move|p1a: Arceus|Stone Edge|p2a: Pyra|[miss]
|-miss|p1a: Arceus|p2a: Pyra
|move|p2a: Pyra|Precipice Blades|p1a: Arceus
|-damage|p1a: Arceus|45/100
|
|-weather|DesolateLand|[upkeep]
|upkeep
|turn|16
|
|t:|1664251349
|move|p1a: Arceus|Extreme Speed|p2a: Pyra
|-damage|p2a: Pyra|0 fnt
|faint|p2a: Pyra
|-weather|none
|
|upkeep
|
|t:|1664251359
|switch|p2a: the gwoat|Rayquaza|100/100
|-ability|p2a: the gwoat|Air Lock
|turn|17
|
|t:|1664251363
|detailschange|p2a: the gwoat|Rayquaza-Mega
|-mega|p2a: the gwoat|Rayquaza|
|-weather|DeltaStream|[from] ability: Delta Stream|[of] p2a: the gwoat
|move|p1a: Arceus|Extreme Speed|p2a: the gwoat
|-damage|p2a: the gwoat|43/100
|move|p2a: the gwoat|Scale Shot|p1a: Arceus
|-damage|p1a: Arceus|25/100
|-damage|p1a: Arceus|5/100
|-hitcount|p1a: Arceus|2
|-unboost|p2a: the gwoat|def|1
|-boost|p2a: the gwoat|spe|1
|-damage|p2a: the gwoat|33/100|[from] item: Life Orb
|
|-weather|DeltaStream|[upkeep]
|upkeep
|turn|18
|
|t:|1664251365
|move|p2a: the gwoat|Extreme Speed|p1a: Arceus
|-damage|p1a: Arceus|0 fnt
|faint|p1a: Arceus
|-damage|p2a: the gwoat|23/100|[from] item: Life Orb
|
|-weather|DeltaStream|[upkeep]
|upkeep
|
|t:|1664251370
|switch|p1a: Marshadow|Marshadow|100/100
|-damage|p1a: Marshadow|94/100|[from] Stealth Rock
|turn|19
|
|t:|1664251375
|-weather|none
|switch|p2a: the goat|Zygarde, shiny|100/100
|move|p1a: Marshadow|Shadow Sneak|p2a: the goat
|-damage|p2a: the goat|80/100
|-damage|p1a: Marshadow|84/100|[from] item: Life Orb
|
|-heal|p2a: the goat|86/100|[from] item: Leftovers
|upkeep
|turn|20
|
|t:|1664251378
|switch|p1a: Arceus|Arceus-Ice|66/100 par
|-damage|p1a: Arceus|41/100 par|[from] Stealth Rock
|move|p2a: the goat|Glare|p1a: Arceus
|-fail|p1a: Arceus|par
|
|-heal|p2a: the goat|92/100|[from] item: Leftovers
|upkeep
|turn|21
|
|t:|1664251383
|move|p2a: the goat|Substitute|p2a: the goat
|-start|p2a: the goat|Substitute
|-damage|p2a: the goat|67/100
|cant|p1a: Arceus|par
|
|-heal|p2a: the goat|74/100|[from] item: Leftovers
|upkeep
|turn|22
|
|t:|1664251386
|move|p2a: the goat|Coil|p2a: the goat
|-boost|p2a: the goat|atk|1
|-boost|p2a: the goat|def|1
|-boost|p2a: the goat|accuracy|1
|move|p1a: Arceus|Judgment|p2a: the goat
|-supereffective|p2a: the goat
|-end|p2a: the goat|Substitute
|
|-heal|p2a: the goat|80/100|[from] item: Leftovers
|upkeep
|turn|23
|
|t:|1664251389
|move|p2a: the goat|Substitute|p2a: the goat
|-start|p2a: the goat|Substitute
|-damage|p2a: the goat|55/100
|move|p1a: Arceus|Judgment|p2a: the goat
|-supereffective|p2a: the goat
|-crit|p2a: the goat
|-end|p2a: the goat|Substitute
|
|-heal|p2a: the goat|61/100|[from] item: Leftovers
|upkeep
|turn|24
|
|t:|1664251391
|move|p2a: the goat|Substitute|p2a: the goat
|-start|p2a: the goat|Substitute
|-damage|p2a: the goat|36/100
|move|p1a: Arceus|Judgment|p2a: the goat
|-supereffective|p2a: the goat
|-end|p2a: the goat|Substitute
|
|-heal|p2a: the goat|42/100|[from] item: Leftovers
|-activate|p2a: the goat|ability: Power Construct
|detailschange|p2a: the goat|Zygarde-Complete, shiny
|-heal|p2a: the goat|62/100|[silent]
|upkeep
|turn|25
|
|t:|1664251394
|move|p2a: the goat|Substitute|p2a: the goat
|-start|p2a: the goat|Substitute
|-damage|p2a: the goat|37/100
|move|p1a: Arceus|Judgment|p2a: the goat
|-supereffective|p2a: the goat
|-end|p2a: the goat|Substitute
|
|-heal|p2a: the goat|43/100|[from] item: Leftovers
|upkeep
|turn|26
|
|t:|1664251396
|move|p2a: the goat|Substitute|p2a: the goat
|-start|p2a: the goat|Substitute
|-damage|p2a: the goat|18/100
|move|p1a: Arceus|Judgment|p2a: the goat
|-supereffective|p2a: the goat
|-end|p2a: the goat|Substitute
|
|-heal|p2a: the goat|24/100|[from] item: Leftovers
|upkeep
|turn|27
|
|t:|1664251399
|move|p2a: the goat|Thousand Arrows|p1a: Arceus
|-damage|p1a: Arceus|4/100 par
|move|p1a: Arceus|Judgment|p2a: the goat
|-supereffective|p2a: the goat
|-damage|p2a: the goat|0 fnt
|faint|p2a: the goat
|
|upkeep
|
|t:|1664251400
|switch|p2a: Calyrex|Calyrex-Shadow|100/100
|-ability|p2a: Calyrex|As One
|-ability|p2a: Calyrex|Unnerve
|turn|28
|
|t:|1664251404
|switch|p1a: Tyranitar|Tyranitar, M|100/100
|-damage|p1a: Tyranitar|88/100|[from] Stealth Rock
|-weather|Sandstorm|[from] ability: Sand Stream|[of] p1a: Tyranitar
|move|p2a: Calyrex|Substitute|p2a: Calyrex
|-start|p2a: Calyrex|Substitute
|-damage|p2a: Calyrex|76/100
|
|-weather|Sandstorm|[upkeep]
|-damage|p2a: Calyrex|70/100|[from] Sandstorm
|-heal|p2a: Calyrex|76/100|[from] item: Leftovers
|upkeep
|turn|29
|
|t:|1664251412
|detailschange|p1a: Tyranitar|Tyranitar-Mega, M
|-mega|p1a: Tyranitar|Tyranitar|Tyranitarite
|move|p2a: Calyrex|Leech Seed|p1a: Tyranitar
|-start|p1a: Tyranitar|move: Leech Seed
|move|p1a: Tyranitar|Rock Blast|p2a: Calyrex|[miss]
|-miss|p1a: Tyranitar|p2a: Calyrex
|
|-weather|Sandstorm|[upkeep]
|-damage|p2a: Calyrex|70/100|[from] Sandstorm
|-heal|p2a: Calyrex|76/100|[from] item: Leftovers
|-damage|p1a: Tyranitar|76/100|[from] Leech Seed|[of] p2a: Calyrex
|-heal|p2a: Calyrex|90/100|[silent]
|upkeep
|turn|30
|
|t:|1664251419
|move|p2a: Calyrex|Draining Kiss|p1a: Tyranitar
|-supereffective|p1a: Tyranitar
|-damage|p1a: Tyranitar|62/100
|-heal|p2a: Calyrex|100/100|[from] drain|[of] p1a: Tyranitar
|move|p1a: Tyranitar|Rock Blast|p2a: Calyrex
|-activate|p2a: Calyrex|move: Substitute|[damage]
|-end|p2a: Calyrex|Substitute
|-damage|p2a: Calyrex|85/100
|-damage|p2a: Calyrex|67/100
|-hitcount|p2a: Calyrex|4
|
|-weather|Sandstorm|[upkeep]
|-damage|p2a: Calyrex|61/100|[from] Sandstorm
|-heal|p2a: Calyrex|67/100|[from] item: Leftovers
|-damage|p1a: Tyranitar|50/100|[from] Leech Seed|[of] p2a: Calyrex
|-heal|p2a: Calyrex|82/100|[silent]
|upkeep
|turn|31
|
|t:|1664251424
|move|p2a: Calyrex|Substitute|p2a: Calyrex
|-start|p2a: Calyrex|Substitute
|-damage|p2a: Calyrex|57/100
|move|p1a: Tyranitar|Rock Blast|p2a: Calyrex
|-activate|p2a: Calyrex|move: Substitute|[damage]
|-end|p2a: Calyrex|Substitute
|-damage|p2a: Calyrex|42/100
|-damage|p2a: Calyrex|24/100
|-damage|p2a: Calyrex|9/100
|-hitcount|p2a: Calyrex|5
|
|-weather|Sandstorm|[upkeep]
|-damage|p2a: Calyrex|3/100|[from] Sandstorm
|-heal|p2a: Calyrex|9/100|[from] item: Leftovers
|-damage|p1a: Tyranitar|37/100|[from] Leech Seed|[of] p2a: Calyrex
|-heal|p2a: Calyrex|24/100|[silent]
|upkeep
|turn|32
|
|t:|1664251434
|move|p2a: Calyrex|Draining Kiss|p1a: Tyranitar
|-supereffective|p1a: Tyranitar
|-damage|p1a: Tyranitar|23/100
|-heal|p2a: Calyrex|36/100|[from] drain|[of] p1a: Tyranitar
|move|p1a: Tyranitar|Pursuit|p2a: Calyrex
|-supereffective|p2a: Calyrex
|-damage|p2a: Calyrex|0 fnt
|faint|p2a: Calyrex
|
|-weather|none
|upkeep
|
|t:|1664251439
|switch|p2a: Arceus|Arceus-Fairy|57/100 par
|turn|33
|
|t:|1664251446
|move|p1a: Tyranitar|Rock Blast|p2a: Arceus
|-damage|p2a: Arceus|47/100 par
|-damage|p2a: Arceus|38/100 par
|-damage|p2a: Arceus|29/100 par
|-hitcount|p2a: Arceus|3
|cant|p2a: Arceus|par
|
|-damage|p1a: Tyranitar|10/100|[from] Leech Seed|[of] p2a: Arceus
|-heal|p2a: Arceus|40/100 par|[silent]
|upkeep
|turn|34
|
|t:|1664251449
|move|p1a: Tyranitar|Rock Blast|p2a: Arceus
|-damage|p2a: Arceus|31/100 par
|-damage|p2a: Arceus|22/100 par
|-hitcount|p2a: Arceus|2
|move|p2a: Arceus|Recover|p2a: Arceus
|-heal|p2a: Arceus|73/100 par
|
|-damage|p1a: Tyranitar|0 fnt|[from] Leech Seed|[of] p2a: Arceus
|-heal|p2a: Arceus|82/100 par|[silent]
|faint|p1a: Tyranitar
|upkeep
|
|t:|1664251454
|switch|p1a: Marshadow|Marshadow|100/100
|-damage|p1a: Marshadow|94/100|[from] Stealth Rock
|turn|35
|
|t:|1664251456
|-start|p2a: Arceus|Dynamax|
|-heal|p2a: Arceus|82/100 par|[silent]
|move|p1a: Marshadow|Poltergeist|p2a: Arceus|[miss]
|-miss|p1a: Marshadow|p2a: Arceus
|move|p2a: Arceus|Max Starfall|p1a: Marshadow
|-supereffective|p1a: Marshadow
|-damage|p1a: Marshadow|0 fnt
|-fieldstart|move: Misty Terrain
|faint|p1a: Marshadow
|
|upkeep
|
|t:|1664251459
|switch|p1a: Arceus|Arceus-Ice|4/100 par
|-damage|p1a: Arceus|0 fnt|[from] Stealth Rock
|faint|p1a: Arceus
|
|t:|1664251461
|switch|p1a: Marshadow|Marshadow|84/100
|-damage|p1a: Marshadow|78/100|[from] Stealth Rock
|turn|36
|
|t:|1664251464
|move|p1a: Marshadow|Poltergeist|p2a: Arceus
|-activate|p2a: Arceus|move: Poltergeist|Pixie Plate
|-damage|p2a: Arceus|58/100 par
|-damage|p1a: Marshadow|68/100|[from] item: Life Orb
|move|p2a: Arceus|Max Starfall|p1a: Marshadow
|-supereffective|p1a: Marshadow
|-damage|p1a: Marshadow|0 fnt
|faint|p1a: Marshadow
|
|win|DrMario69
|raw|cosmos dream's rating: 1863 &rarr; <strong>1842</strong><br />(-21 for losing)
|raw|DrMario69's rating: 1837 &rarr; <strong>1858</strong><br />(+21 for winning)
