|j|☆Railroader1998
|j|☆spicyntegral
|t:|1598453128
|player|p1|Railroader1998|238|1617
|player|p2|spicyntegral|lucas|1674
|teamsize|p1|6
|teamsize|p2|6
|gametype|singles
|gen|8
|tier|[Gen 8] National Dex AG
|rated|
|clearpoke
|poke|p1|Yveltal|
|poke|p1|Groudon|
|poke|p1|Zacian-Crowned|
|poke|p1|Xerneas|
|poke|p1|Smeargle, F|
|poke|p1|Gengar, M|
|poke|p2|Gengar, M|
|poke|p2|Mewtwo|
|poke|p2|Smeargle, F|
|poke|p2|Groudon|
|poke|p2|Xerneas|
|poke|p2|Zygarde|
|rule|HP Percentage Mod: HP is shown in percentages
|rule|Endless Battle Clause: Forcing endless battles is banned
|teampreview
|inactive|Battle timer is ON: inactive players will automatically lose when time's up. (requested by Railroader1998)
|
|t:|1598453162
|start
|switch|p1a: Picasshole|Smeargle, F|100/100
|switch|p2a: Gengar|Gengar, M|100/100
|turn|1
|
|t:|1598453171
|detailschange|p2a: Gengar|Gengar-Mega, M
|-mega|p2a: Gengar|Gengar|Gengarite
|move|p2a: Gengar|Substitute|p2a: Gengar
|-start|p2a: Gengar|Substitute
|-damage|p2a: Gengar|76/100
|move|p1a: Picasshole|Nuzzle|p2a: Gengar
|-activate|p2a: Gengar|move: Substitute|[damage]
|
|upkeep
|turn|2
|
|t:|1598453183
|move|p2a: Gengar|Encore|p1a: Picasshole
|-start|p1a: Picasshole|Encore
|move|p1a: Picasshole|Nuzzle|p2a: Gengar
|-activate|p2a: Gengar|move: Substitute|[damage]
|
|upkeep
|turn|3
|
|t:|1598453190
|move|p2a: Gengar|Sludge Wave|p1a: Picasshole
|-enditem|p1a: Picasshole|Focus Sash
|-damage|p1a: Picasshole|1/100
|move|p1a: Picasshole|Nuzzle|p2a: Gengar
|-activate|p2a: Gengar|move: Substitute|[damage]
|
|upkeep
|turn|4
|
|t:|1598453199
|move|p2a: Gengar|Sludge Wave|p1a: Picasshole
|-damage|p1a: Picasshole|0 fnt
|faint|p1a: Picasshole
|
|upkeep
|
|t:|1598453203
|switch|p1a: Deathwing|Yveltal|100/100
|-ability|p1a: Deathwing|Dark Aura
|turn|5
|
|t:|1598453208
|-start|p1a: Deathwing|Dynamax
|-heal|p1a: Deathwing|100/100|[silent]
|move|p2a: Gengar|Sludge Wave|p1a: Deathwing
|-damage|p1a: Deathwing|72/100
|move|p1a: Deathwing|Max Airstream|p2a: Gengar
|-end|p2a: Gengar|Substitute
|-boost|p1a: Deathwing|spe|1
|-damage|p1a: Deathwing|67/100|[from] item: Life Orb
|
|upkeep
|turn|6
|
|t:|1598453222
|move|p1a: Deathwing|Max Airstream|p2a: Gengar
|-damage|p2a: Gengar|0 fnt
|-boost|p1a: Deathwing|spe|1
|-damage|p1a: Deathwing|62/100|[from] item: Life Orb
|faint|p2a: Gengar
|
|upkeep
|
|t:|1598453232
|switch|p2a: Smeargle|Smeargle, F|100/100
|turn|7
|
|t:|1598453238
|move|p1a: Deathwing|Max Airstream|p2a: Smeargle
|-enditem|p2a: Smeargle|Focus Sash
|-damage|p2a: Smeargle|1/100
|-boost|p1a: Deathwing|spe|1
|-damage|p1a: Deathwing|57/100|[from] item: Life Orb
|move|p2a: Smeargle|Nuzzle|p1a: Deathwing
|-supereffective|p1a: Deathwing
|-damage|p1a: Deathwing|55/100
|-status|p1a: Deathwing|par
|
|-end|p1a: Deathwing|Dynamax
|-heal|p1a: Deathwing|55/100 par|[silent]
|upkeep
|turn|8
|
|t:|1598453253
|cant|p1a: Deathwing|par
|move|p2a: Smeargle|Sticky Web|p1a: Deathwing
|-sidestart|p1: Railroader1998|move: Sticky Web
|
|upkeep
|turn|9
|
|t:|1598453261
|move|p1a: Deathwing|Dark Pulse|p2a: Smeargle
|-damage|p2a: Smeargle|0 fnt
|-damage|p1a: Deathwing|45/100 par|[from] item: Life Orb
|faint|p2a: Smeargle
|
|upkeep
|
|t:|1598453272
|switch|p2a: Xerneas|Xerneas|100/100
|-ability|p2a: Xerneas|Fairy Aura
|turn|10
|
|t:|1598453277
|cant|p1a: Deathwing|par
|move|p2a: Xerneas|Geomancy||[still]
|-prepare|p2a: Xerneas|Geomancy
|-enditem|p2a: Xerneas|Power Herb
|-anim|p2a: Xerneas|Geomancy|p2a: Xerneas
|-boost|p2a: Xerneas|spa|2
|-boost|p2a: Xerneas|spd|2
|-boost|p2a: Xerneas|spe|2
|
|upkeep
|turn|11
|
|t:|1598453287
|move|p2a: Xerneas|Geomancy||[still]
|-prepare|p2a: Xerneas|Geomancy
|move|p1a: Deathwing|Oblivion Wing|p2a: Xerneas
|-damage|p2a: Xerneas|73/100
|-heal|p1a: Deathwing|66/100 par|[from] drain|[of] p2a: Xerneas
|-damage|p1a: Deathwing|56/100 par|[from] item: Life Orb
|
|upkeep
|turn|12
|
|t:|1598453296
|switch|p1a: Necessary Evil|Gengar, M|100/100
|-activate|p1a: Necessary Evil|move: Sticky Web
|-unboost|p1a: Necessary Evil|spe|1
|move|p2a: Xerneas|Geomancy|p2a: Xerneas|[from]lockedmove
|-boost|p2a: Xerneas|spa|2
|-boost|p2a: Xerneas|spd|2
|-boost|p2a: Xerneas|spe|2
|
|upkeep
|turn|13
|
|t:|1598453305
|detailschange|p1a: Necessary Evil|Gengar-Mega, M
|-mega|p1a: Necessary Evil|Gengar|Gengarite
|move|p2a: Xerneas|Moonblast|p1a: Necessary Evil
|-resisted|p1a: Necessary Evil
|-damage|p1a: Necessary Evil|0 fnt
|faint|p1a: Necessary Evil
|
|upkeep
|
|t:|1598453309
|switch|p1a: Excalibork|Zacian-Crowned|100/100
|-activate|p1a: Excalibork|move: Sticky Web
|-unboost|p1a: Excalibork|spe|1
|-ability|p1a: Excalibork|Intrepid Sword|boost
|-boost|p1a: Excalibork|atk|1
|turn|14
|
|t:|1598453317
|-start|p2a: Xerneas|Dynamax
|-heal|p2a: Xerneas|73/100|[silent]
|move|p2a: Xerneas|Max Quake|p1a: Excalibork
|-supereffective|p1a: Excalibork
|-damage|p1a: Excalibork|0 fnt
|-boost|p2a: Xerneas|spd|1
|faint|p1a: Excalibork
|
|upkeep
|
|t:|1598453323
|switch|p1a: Titan|Groudon, shiny|100/100
|-activate|p1a: Titan|move: Sticky Web
|-unboost|p1a: Titan|spe|1
|detailschange|p1a: Titan|Groudon-Primal, shiny
|-primal|p1a: Titan
|-weather|DesolateLand|[from] ability: Desolate Land|[of] p1a: Titan
|turn|15
|
|t:|1598453331
|move|p2a: Xerneas|Max Quake|p1a: Titan
|-supereffective|p1a: Titan
|-damage|p1a: Titan|0 fnt
|-boost|p2a: Xerneas|spd|1
|faint|p1a: Titan
|-weather|none
|
|upkeep
|c|☆Railroader1998|BG
|-message|Railroader1998 forfeited.
|
|win|spicyntegral
|l|☆Railroader1998
|l|☆spicyntegral
