|j|☆Chemist90
|j|☆Snake of the Moon
|t:|1659700405
|gametype|singles
|player|p1|Chemist90|lucas|1655
|player|p2|Snake of the Moon|ethan-masters|1863
|teamsize|p1|6
|teamsize|p2|6
|gen|8
|tier|[Gen 8] National Dex AG
|rated|
|rule|HP Percentage Mod: HP is shown in percentages
|rule|Endless Battle Clause: Forcing endless battles is banned
|clearpoke
|poke|p1|Yveltal|
|poke|p1|Necrozma-Dusk-Mane|
|poke|p1|Chansey, F|
|poke|p1|Zygarde|
|poke|p1|Regieleki|
|poke|p1|Marshadow|
|poke|p2|Arceus-*|
|poke|p2|Groudon|
|poke|p2|Chansey, F|
|poke|p2|Arceus-*|
|poke|p2|Ho-Oh|
|poke|p2|Lugia|
|teampreview
|inactive|Battle timer is ON: inactive players will automatically lose when time's up. (requested by Snake of the Moon)
|
|t:|1659700430
|start
|switch|p1a: Necrozma|Necrozma-Dusk-Mane|100/100
|switch|p2a: Groudon|Groudon|100/100
|detailschange|p2a: Groudon|Groudon-Primal
|-primal|p2a: Groudon
|-weather|DesolateLand|[from] ability: Desolate Land|[of] p2a: Groudon
|turn|1
|
|t:|1659700435
|switch|p1a: Yveltal|Yveltal|100/100
|-ability|p1a: Yveltal|Dark Aura
|move|p2a: Groudon|Precipice Blades|p1a: Yveltal
|-immune|p1a: Yveltal
|
|-weather|DesolateLand|[upkeep]
|upkeep
|turn|2
|
|t:|1659700444
|switch|p1a: Zygarde|Zygarde|100/100
|move|p2a: Groudon|Lava Plume|p1a: Zygarde
|-resisted|p1a: Zygarde
|-damage|p1a: Zygarde|69/100
|
|-weather|DesolateLand|[upkeep]
|upkeep
|turn|3
|
|t:|1659700470
|-weather|none
|switch|p2a: Arceus|Arceus-Fairy|100/100
|move|p1a: Zygarde|Dragon Dance|p1a: Zygarde
|-boost|p1a: Zygarde|atk|1
|-boost|p1a: Zygarde|spe|1
|
|upkeep
|turn|4
|j| Xx + Yash + xX
|
|t:|1659700477
|move|p1a: Zygarde|Substitute|p1a: Zygarde
|-start|p1a: Zygarde|Substitute
|-damage|p1a: Zygarde|44/100
|move|p2a: Arceus|Judgment|p1a: Zygarde
|-supereffective|p1a: Zygarde
|-end|p1a: Zygarde|Substitute
|
|-activate|p1a: Zygarde|ability: Power Construct
|detailschange|p1a: Zygarde|Zygarde-Complete
|-heal|p1a: Zygarde|65/100|[silent]
|upkeep
|turn|5
|c| Xx + Yash + xX|Good Luck
|
|t:|1659700488
|move|p1a: Zygarde|Thousand Arrows|p2a: Arceus
|-damage|p2a: Arceus|74/100
|move|p2a: Arceus|Judgment|p1a: Zygarde
|-supereffective|p1a: Zygarde
|-damage|p1a: Zygarde|5/100
|
|upkeep
|turn|6
|c| Xx + Yash + xX|Buddy.
|
|t:|1659700493
|move|p1a: Zygarde|Thousand Arrows|p2a: Arceus
|-damage|p2a: Arceus|46/100
|move|p2a: Arceus|Recover|p2a: Arceus
|-heal|p2a: Arceus|96/100
|
|upkeep
|turn|7
|
|t:|1659700497
|move|p1a: Zygarde|Thousand Arrows|p2a: Arceus
|-damage|p2a: Arceus|70/100
|move|p2a: Arceus|Judgment|p1a: Zygarde
|-supereffective|p1a: Zygarde
|-damage|p1a: Zygarde|0 fnt
|faint|p1a: Zygarde
|
|upkeep
|
|t:|1659700503
|switch|p1a: Chansey|Chansey, F|100/100
|turn|8
|c|☆Snake of the Moon|I don’t need luck but thx
|
|t:|1659700508
|move|p2a: Arceus|Recover|p2a: Arceus
|-heal|p2a: Arceus|100/100
|move|p1a: Chansey|Toxic|p2a: Arceus
|-status|p2a: Arceus|tox
|
|-damage|p2a: Arceus|94/100 tox|[from] psn
|upkeep
|turn|9
|
|t:|1659700515
|move|p2a: Arceus|Refresh|p2a: Arceus
|-curestatus|p2a: Arceus|tox|[msg]
|move|p1a: Chansey|Confide|p2a: Arceus
|-unboost|p2a: Arceus|spa|1
|
|upkeep
|turn|10
|
|t:|1659700520
|switch|p2a: Groudon|Groudon-Primal|100/100
|-weather|DesolateLand|[from] ability: Desolate Land|[of] p2a: Groudon
|move|p1a: Chansey|Confide|p2a: Groudon
|-unboost|p2a: Groudon|spa|1
|
|-weather|DesolateLand|[upkeep]
|upkeep
|turn|11
|
|t:|1659700526
|switch|p1a: Yveltal|Yveltal|100/100
|-ability|p1a: Yveltal|Dark Aura
|move|p2a: Groudon|Precipice Blades|p1a: Yveltal
|-immune|p1a: Yveltal
|
|-weather|DesolateLand|[upkeep]
|upkeep
|turn|12
|c| Xx + Yash + xX|Rude but thanks.
|
|t:|1659700532
|-weather|none
|switch|p2a: Arceus|Arceus-Dark|100/100
|-start|p1a: Yveltal|Dynamax|
|-heal|p1a: Yveltal|100/100|[silent]
|move|p1a: Yveltal|Max Airstream|p2a: Arceus
|-damage|p2a: Arceus|44/100
|-boost|p1a: Yveltal|spe|1
|-damage|p1a: Yveltal|96/100|[from] item: Life Orb
|
|upkeep
|turn|13
|
|t:|1659700541
|switch|p2a: Chansey|Chansey, F|100/100
|move|p1a: Yveltal|Max Airstream|p2a: Chansey
|-damage|p2a: Chansey|78/100
|-boost|p1a: Yveltal|spe|1
|-damage|p1a: Yveltal|91/100|[from] item: Life Orb
|
|upkeep
|turn|14
|
|t:|1659700545
|move|p1a: Yveltal|Max Darkness|p2a: Chansey
|-damage|p2a: Chansey|46/100
|-unboost|p2a: Chansey|spd|1
|-damage|p1a: Yveltal|86/100|[from] item: Life Orb
|move|p2a: Chansey|Soft-Boiled|p2a: Chansey
|-heal|p2a: Chansey|96/100
|
|upkeep
|-end|p1a: Yveltal|Dynamax
|-heal|p1a: Yveltal|86/100|[silent]
|turn|15
|
|t:|1659700547
|move|p1a: Yveltal|Dark Pulse|p2a: Chansey
|-damage|p2a: Chansey|67/100
|-damage|p1a: Yveltal|76/100|[from] item: Life Orb
|move|p2a: Chansey|Confide|p1a: Yveltal
|-unboost|p1a: Yveltal|spa|1
|
|upkeep
|turn|16
|
|t:|1659700549
|move|p1a: Yveltal|Dark Pulse|p2a: Chansey
|-damage|p2a: Chansey|47/100
|-damage|p1a: Yveltal|66/100|[from] item: Life Orb
|move|p2a: Chansey|Soft-Boiled|p2a: Chansey
|-heal|p2a: Chansey|97/100
|
|upkeep
|turn|17
|
|t:|1659700554
|move|p1a: Yveltal|Dark Pulse|p2a: Chansey
|-crit|p2a: Chansey
|-damage|p2a: Chansey|53/100
|-damage|p1a: Yveltal|56/100|[from] item: Life Orb
|move|p2a: Chansey|Confide|p1a: Yveltal
|-unboost|p1a: Yveltal|spa|1
|
|upkeep
|turn|18
|
|t:|1659700557
|switch|p1a: Necrozma|Necrozma-Dusk-Mane|100/100
|move|p2a: Chansey|Soft-Boiled|p2a: Chansey
|-heal|p2a: Chansey|100/100
|
|upkeep
|turn|19
|
|t:|1659700563
|switch|p2a: Arceus|Arceus-Dark|44/100
|move|p1a: Necrozma|Stealth Rock|p2a: Arceus
|-sidestart|p2: Snake of the Moon|move: Stealth Rock
|
|upkeep
|turn|20
|
|t:|1659700567
|switch|p1a: Yveltal|Yveltal|56/100
|-ability|p1a: Yveltal|Dark Aura
|move|p2a: Arceus|Recover|p2a: Arceus
|-heal|p2a: Arceus|94/100
|
|upkeep
|turn|21
|
|t:|1659700570
|move|p2a: Arceus|Toxic|p1a: Yveltal
|-status|p1a: Yveltal|tox
|move|p1a: Yveltal|Oblivion Wing|p2a: Arceus
|-damage|p2a: Arceus|59/100
|-heal|p1a: Yveltal|86/100 tox|[from] drain|[of] p2a: Arceus
|-damage|p1a: Yveltal|76/100 tox|[from] item: Life Orb
|
|-damage|p1a: Yveltal|70/100 tox|[from] psn
|upkeep
|turn|22
|
|t:|1659700573
|move|p2a: Arceus|Defog|p1a: Yveltal
|-unboost|p1a: Yveltal|evasion|1
|-sideend|p2: Snake of the Moon|Stealth Rock|[from] move: Defog|[of] p2a: Arceus
|move|p1a: Yveltal|Oblivion Wing|p2a: Arceus
|-damage|p2a: Arceus|27/100
|-heal|p1a: Yveltal|97/100 tox|[from] drain|[of] p2a: Arceus
|-damage|p1a: Yveltal|87/100 tox|[from] item: Life Orb
|
|-damage|p1a: Yveltal|75/100 tox|[from] psn
|upkeep
|turn|23
|
|t:|1659700575
|switch|p1a: Chansey|Chansey, F|100/100
|move|p2a: Arceus|Recover|p2a: Arceus
|-heal|p2a: Arceus|77/100
|
|upkeep
|turn|24
|
|t:|1659700580
|switch|p2a: Groudon|Groudon-Primal|100/100
|-weather|DesolateLand|[from] ability: Desolate Land|[of] p2a: Groudon
|move|p1a: Chansey|Heal Bell|p1a: Chansey
|-activate|p1a: Chansey|move: Heal Bell
|-curestatus|p1: Yveltal|tox|[msg]
|
|-weather|DesolateLand|[upkeep]
|upkeep
|turn|25
|
|t:|1659700584
|switch|p1a: Yveltal|Yveltal|75/100
|-ability|p1a: Yveltal|Dark Aura
|move|p2a: Groudon|Lava Plume|p1a: Yveltal
|-damage|p1a: Yveltal|22/100
|
|-weather|DesolateLand|[upkeep]
|upkeep
|turn|26
|
|t:|1659700588
|move|p1a: Yveltal|Oblivion Wing|p2a: Groudon
|-damage|p2a: Groudon|62/100
|-heal|p1a: Yveltal|52/100|[from] drain|[of] p2a: Groudon
|-damage|p1a: Yveltal|42/100|[from] item: Life Orb
|move|p2a: Groudon|Lava Plume|p1a: Yveltal
|-damage|p1a: Yveltal|0 fnt
|faint|p1a: Yveltal
|
|-weather|DesolateLand|[upkeep]
|upkeep
|
|t:|1659700593
|switch|p1a: Marshadow|Marshadow|100/100
|turn|27
|
|t:|1659700598
|-weather|none
|switch|p2a: Arceus|Arceus-Fairy|94/100
|move|p1a: Marshadow|Bulk Up|p1a: Marshadow
|-boost|p1a: Marshadow|atk|1
|-boost|p1a: Marshadow|def|1
|
|upkeep
|turn|28
|
|t:|1659700604
|move|p1a: Marshadow|Poltergeist|p2a: Arceus
|-activate|p2a: Arceus|move: Poltergeist|Pixie Plate
|-damage|p2a: Arceus|38/100
|-damage|p1a: Marshadow|91/100|[from] item: Life Orb
|move|p2a: Arceus|Will-O-Wisp|p1a: Marshadow
|-status|p1a: Marshadow|brn
|
|-damage|p1a: Marshadow|84/100 brn|[from] brn
|upkeep
|turn|29
|
|t:|1659700609
|move|p1a: Marshadow|Poltergeist|p2a: Arceus
|-activate|p2a: Arceus|move: Poltergeist|Pixie Plate
|-damage|p2a: Arceus|10/100
|-damage|p1a: Marshadow|74/100 brn|[from] item: Life Orb
|move|p2a: Arceus|Recover|p2a: Arceus
|-heal|p2a: Arceus|60/100
|
|-damage|p1a: Marshadow|68/100 brn|[from] brn
|upkeep
|turn|30
|
|t:|1659700612
|switch|p1a: Chansey|Chansey, F|100/100
|move|p2a: Arceus|Recover|p2a: Arceus
|-heal|p2a: Arceus|100/100
|
|upkeep
|turn|31
|
|t:|1659700617
|switch|p2a: Groudon|Groudon-Primal|62/100
|-weather|DesolateLand|[from] ability: Desolate Land|[of] p2a: Groudon
|move|p1a: Chansey|Heal Bell|p1a: Chansey
|-activate|p1a: Chansey|move: Heal Bell
|-curestatus|p1: Marshadow|brn|[msg]
|
|-weather|DesolateLand|[upkeep]
|upkeep
|turn|32
|
|t:|1659700622
|move|p2a: Groudon|Precipice Blades|p1a: Chansey
|-damage|p1a: Chansey|44/100
|move|p1a: Chansey|Toxic|p2a: Groudon|[miss]
|-miss|p1a: Chansey|p2a: Groudon
|
|-weather|DesolateLand|[upkeep]
|upkeep
|turn|33
|
|t:|1659700627
|move|p2a: Groudon|Precipice Blades|p1a: Chansey
|-damage|p1a: Chansey|0 fnt
|faint|p1a: Chansey
|
|-weather|DesolateLand|[upkeep]
|upkeep
|
|t:|1659700630
|switch|p1a: Marshadow|Marshadow|68/100
|turn|34
|c|☆Snake of the Moon|!showset 2
|c| Snake of the Moon|/raw <div class="infobox">Groudon @ Red Orb  <br />Ability: Drought  <br />EVs: 252 HP &#x2f; 36 Def &#x2f; 220 SpD  <br />Sassy Nature  <br />- Lava Plume  <br />- Precipice Blades  <br />- Rest  <br />- Sleep Talk  <br /><br /></div>
|
|t:|1659700645
|move|p1a: Marshadow|Poltergeist|p2a: Groudon
|-activate|p2a: Groudon|move: Poltergeist|Red Orb
|-damage|p2a: Groudon|23/100
|-damage|p1a: Marshadow|58/100|[from] item: Life Orb
|move|p2a: Groudon|Lava Plume|p1a: Marshadow
|-damage|p1a: Marshadow|0 fnt
|faint|p1a: Marshadow
|
|-weather|DesolateLand|[upkeep]
|upkeep
|
|t:|1659700654
|switch|p1a: Regieleki|Regieleki|100/100
|turn|35
|c|☆Chemist90|gg
|
|t:|1659700668
|move|p1a: Regieleki|Assurance|p2a: Groudon
|-damage|p2a: Groudon|10/100
|-damage|p1a: Regieleki|91/100|[from] item: Life Orb
|move|p2a: Groudon|Precipice Blades|p1a: Regieleki
|-supereffective|p1a: Regieleki
|-damage|p1a: Regieleki|0 fnt
|faint|p1a: Regieleki
|
|-weather|DesolateLand|[upkeep]
|upkeep
|-message|Chemist90 forfeited.
|
|win|Snake of the Moon
|raw|Chemist90's rating: 1655 &rarr; <strong>1646</strong><br />(-9 for losing)
|raw|Snake of the Moon's rating: 1863 &rarr; <strong>1872</strong><br />(+9 for winning)
|l|☆Chemist90
