|j|☆Olive559
|j|☆xLeonisx
|t:|1655618653
|gametype|singles
|player|p1|Olive559|hilda|1522
|player|p2|xLeonisx|102|1640
|teamsize|p1|6
|teamsize|p2|6
|gen|8
|tier|[Gen 8] National Dex AG
|rated|
|rule|HP Percentage Mod: HP is shown in percentages
|rule|Endless Battle Clause: Forcing endless battles is banned
|clearpoke
|poke|p1|Starmie|
|poke|p1|Liepard, F|
|poke|p1|Trevenant, M|
|poke|p1|Durant, F|
|poke|p1|Chandelure, M|
|poke|p1|Gallade, M|
|poke|p2|Deoxys-Speed|
|poke|p2|Ditto|
|poke|p2|Kyogre|
|poke|p2|Calyrex-Shadow|
|poke|p2|Lugia|
|poke|p2|Zacian-*|
|teampreview
|inactive|Battle timer is ON: inactive players will automatically lose when time's up. (requested by Olive559)
|inactive|xLeonisx has 120 seconds left.
|
|t:|1655618684
|start
|switch|p1a: Starmie|Starmie|100/100
|switch|p2a: Deoxys|Deoxys-Speed|100/100
|-ability|p2a: Deoxys|Pressure
|turn|1
|
|t:|1655618699
|move|p1a: Starmie|Trick|p2a: Deoxys
|-activate|p1a: Starmie|move: Trick|[of] p2a: Deoxys
|-item|p2a: Deoxys|Choice Scarf|[from] move: Trick
|-item|p1a: Starmie|Focus Sash|[from] move: Trick
|move|p2a: Deoxys|Stealth Rock|p1a: Starmie
|-sidestart|p1: Olive559|move: Stealth Rock
|
|upkeep
|turn|2
|
|t:|1655618723
|-start|p2a: Deoxys|Dynamax|
|-heal|p2a: Deoxys|100/100|[silent]
|move|p2a: Deoxys|Max Darkness|p1a: Starmie
|-supereffective|p1a: Starmie
|-enditem|p1a: Starmie|Focus Sash
|-damage|p1a: Starmie|1/100
|-unboost|p1a: Starmie|spd|1
|move|p1a: Starmie|Rapid Spin|p2a: Deoxys
|-damage|p2a: Deoxys|93/100
|-boost|p1a: Starmie|spe|1
|-sideend|p1: Olive559|Stealth Rock|[from] move: Rapid Spin|[of] p1a: Starmie
|
|upkeep
|turn|3
|
|t:|1655618741
|switch|p1a: Liepard|Liepard, F|100/100
|move|p2a: Deoxys|Max Darkness|p1a: Liepard
|-resisted|p1a: Liepard
|-damage|p1a: Liepard|73/100
|-unboost|p1a: Liepard|spd|1
|
|upkeep
|turn|4
|
|t:|1655618744
|move|p2a: Deoxys|Max Guard|p2a: Deoxys
|-singleturn|p2a: Deoxys|Max Guard
|move|p1a: Liepard|Foul Play|p2a: Deoxys
|-activate|p2a: Deoxys|move: Max Guard
|
|upkeep
|-end|p2a: Deoxys|Dynamax
|-heal|p2a: Deoxys|93/100|[silent]
|turn|5
|
|t:|1655618752
|move|p2a: Deoxys|Stealth Rock|p1a: Liepard
|-sidestart|p1: Olive559|move: Stealth Rock
|move|p1a: Liepard|Foul Play|p2a: Deoxys
|-supereffective|p2a: Deoxys
|-damage|p2a: Deoxys|0 fnt
|faint|p2a: Deoxys
|
|upkeep
|
|t:|1655618756
|switch|p2a: Zacian|Zacian-Crowned|100/100
|-ability|p2a: Zacian|Intrepid Sword|boost
|-boost|p2a: Zacian|atk|1
|turn|6
|
|t:|1655618760
|move|p1a: Liepard|Thunder Wave|p2a: Zacian
|-status|p2a: Zacian|par
|move|p2a: Zacian|Behemoth Blade|p1a: Liepard
|-damage|p1a: Liepard|0 fnt
|faint|p1a: Liepard
|
|upkeep
|
|t:|1655618764
|switch|p1a: Chandelure|Chandelure, M|100/100
|-damage|p1a: Chandelure|76/100|[from] Stealth Rock
|turn|7
|
|t:|1655618769
|move|p1a: Chandelure|Flamethrower|p2a: Zacian
|-supereffective|p2a: Zacian
|-damage|p2a: Zacian|9/100 par
|move|p2a: Zacian|Close Combat|p1a: Chandelure
|-immune|p1a: Chandelure
|
|upkeep
|turn|8
|
|t:|1655618772
|move|p1a: Chandelure|Flamethrower|p2a: Zacian
|-supereffective|p2a: Zacian
|-damage|p2a: Zacian|0 fnt
|faint|p2a: Zacian
|
|upkeep
|
|t:|1655618775
|switch|p2a: Calyrex|Calyrex-Shadow|100/100
|-ability|p2a: Calyrex|As One
|-ability|p2a: Calyrex|Unnerve
|turn|9
|
|t:|1655618779
|switch|p1a: Starmie|Starmie|1/100
|-damage|p1a: Starmie|0 fnt|[from] Stealth Rock
|faint|p1a: Starmie
|move|p2a: Calyrex|Astral Barrage|p1: Starmie|[notarget]
|-fail|p2a: Calyrex
|
|upkeep
|
|t:|1655618783
|switch|p1a: Gallade|Gallade, M|100/100
|-damage|p1a: Gallade|94/100|[from] Stealth Rock
|turn|10
|
|t:|1655618788
|detailschange|p1a: Gallade|Gallade-Mega, M
|-mega|p1a: Gallade|Gallade|Galladite
|move|p1a: Gallade|Shadow Sneak|p2a: Calyrex
|-supereffective|p2a: Calyrex
|-damage|p2a: Calyrex|16/100
|move|p2a: Calyrex|Astral Barrage|p1a: Gallade
|-supereffective|p1a: Gallade
|-damage|p1a: Gallade|0 fnt
|faint|p1a: Gallade
|-ability|p2a: Calyrex|Grim Neigh|boost
|-boost|p2a: Calyrex|spa|1
|
|upkeep
|
|t:|1655618792
|switch|p1a: Durant|Durant, F|100/100
|-damage|p1a: Durant|88/100|[from] Stealth Rock
|turn|11
|
|t:|1655618795
|move|p1a: Durant|First Impression|p2a: Calyrex
|-damage|p2a: Calyrex|0 fnt
|faint|p2a: Calyrex
|-damage|p1a: Durant|78/100|[from] item: Life Orb
|
|upkeep
|
|t:|1655618799
|switch|p2a: Kyogre|Kyogre|100/100
|detailschange|p2a: Kyogre|Kyogre-Primal
|-primal|p2a: Kyogre
|-weather|PrimordialSea|[from] ability: Primordial Sea|[of] p2a: Kyogre
|turn|12
|
|t:|1655618802
|-start|p1a: Durant|Dynamax|
|-heal|p1a: Durant|78/100|[silent]
|move|p1a: Durant|Max Flutterby|p2a: Kyogre
|-damage|p2a: Kyogre|0 fnt
|faint|p2a: Kyogre
|-weather|none
|-damage|p1a: Durant|73/100|[from] item: Life Orb
|
|upkeep
|
|t:|1655618805
|switch|p2a: Lugia|Lugia|100/100
|turn|13
|
|t:|1655618808
|move|p2a: Lugia|Toxic|p1a: Durant
|-immune|p1a: Durant
|move|p1a: Durant|Max Rockfall|p2a: Lugia
|-supereffective|p2a: Lugia
|-damage|p2a: Lugia|54/100
|-weather|Sandstorm
|-damage|p1a: Durant|69/100|[from] item: Life Orb
|
|-weather|Sandstorm|[upkeep]
|-damage|p2a: Lugia|47/100|[from] Sandstorm
|upkeep
|turn|14
|
|t:|1655618812
|move|p2a: Lugia|Roost|p2a: Lugia
|-heal|p2a: Lugia|98/100
|-singleturn|p2a: Lugia|move: Roost
|move|p1a: Durant|Max Rockfall|p2a: Lugia
|-damage|p2a: Lugia|45/100
|-damage|p1a: Durant|64/100|[from] item: Life Orb
|
|-weather|Sandstorm|[upkeep]
|-damage|p2a: Lugia|39/100|[from] Sandstorm
|upkeep
|-end|p1a: Durant|Dynamax
|-heal|p1a: Durant|64/100|[silent]
|turn|15
|
|t:|1655618816
|move|p2a: Lugia|Roost|p2a: Lugia
|-heal|p2a: Lugia|89/100
|-singleturn|p2a: Lugia|move: Roost
|move|p1a: Durant|Hone Claws|p1a: Durant
|-boost|p1a: Durant|atk|1
|-boost|p1a: Durant|accuracy|1
|
|-weather|Sandstorm|[upkeep]
|-damage|p2a: Lugia|83/100|[from] Sandstorm
|upkeep
|turn|16
|
|t:|1655618819
|move|p2a: Lugia|Roost|p2a: Lugia
|-heal|p2a: Lugia|100/100
|-singleturn|p2a: Lugia|move: Roost
|move|p1a: Durant|Rock Slide|p2a: Lugia
|-damage|p2a: Lugia|79/100
|-damage|p1a: Durant|54/100|[from] item: Life Orb
|
|-weather|Sandstorm|[upkeep]
|-damage|p2a: Lugia|73/100|[from] Sandstorm
|upkeep
|turn|17
|
|t:|1655618823
|move|p1a: Durant|Hone Claws|p1a: Durant
|-boost|p1a: Durant|atk|1
|-boost|p1a: Durant|accuracy|1
|move|p2a: Lugia|Whirlwind|p1a: Durant
|drag|p1a: Chandelure|Chandelure, M|76/100
|-damage|p1a: Chandelure|51/100|[from] Stealth Rock
|
|-weather|none
|upkeep
|turn|18
|
|t:|1655618826
|switch|p2a: Ditto|Ditto|100/100
|-transform|p2a: Ditto|p1a: Chandelure|[from] ability: Imposter
|move|p1a: Chandelure|Shadow Ball|p2a: Ditto
|-supereffective|p2a: Ditto
|-damage|p2a: Ditto|0 fnt
|faint|p2a: Ditto
|
|upkeep
|
|t:|1655618828
|switch|p2a: Lugia|Lugia|73/100
|turn|19
|
|t:|1655618831
|move|p1a: Chandelure|Shadow Ball|p2a: Lugia
|-supereffective|p2a: Lugia
|-damage|p2a: Lugia|25/100
|move|p2a: Lugia|Toxic|p1a: Chandelure
|-status|p1a: Chandelure|tox
|
|-damage|p1a: Chandelure|45/100 tox|[from] psn
|upkeep
|turn|20
|c|☆xLeonisx|gggg
|c|☆xLeonisx|amazing
|c|☆Olive559|gg
|c|☆xLeonisx|nice team love it
|c|☆xLeonisx|respectr
|-message|xLeonisx forfeited.
|
|win|Olive559
|raw|Olive559's rating: 1522 &rarr; <strong>1549</strong><br />(+27 for winning)
|raw|xLeonisx's rating: 1640 &rarr; <strong>1613</strong><br />(-27 for losing)
|l|☆xLeonisx
|c|☆Olive559|Thank you, gg again
|l|☆Olive559
|j|☆Olive559
|player|p1|Olive559|hilda
