|j|☆diggersboy660
|j|☆Obito152001
|t:|1664812403
|gametype|singles
|player|p1|diggersboy660|n|1811
|player|p2|Obito152001|blue-gen3two|2007
|teamsize|p1|6
|teamsize|p2|6
|gen|8
|tier|[Gen 8] National Dex AG
|rated|
|rule|HP Percentage Mod: HP is shown in percentages
|rule|Endless Battle Clause: Forcing endless battles is banned
|clearpoke
|poke|p1|Ditto|
|poke|p1|Relicanth, F|
|poke|p1|Yveltal|
|poke|p1|Arceus-*|
|poke|p1|Xerneas-*|
|poke|p1|Eternatus|
|poke|p2|Arceus-*|
|poke|p2|Ditto|
|poke|p2|Groudon|
|poke|p2|Arceus-*|
|poke|p2|Arceus-*|
|poke|p2|Zygarde|
|teampreview
|inactive|Battle timer is ON: inactive players will automatically lose when time's up. (requested by Obito152001)
|
|t:|1664812414
|start
|switch|p1a: Relicanth|Relicanth, F|100/100
|switch|p2a: Groudon|Groudon|100/100
|detailschange|p2a: Groudon|Groudon-Primal
|-primal|p2a: Groudon
|-weather|DesolateLand|[from] ability: Desolate Land|[of] p2a: Groudon
|turn|1
|
|t:|1664812418
|move|p1a: Relicanth|Stealth Rock|p2a: Groudon
|-sidestart|p2: Obito152001|move: Stealth Rock
|move|p2a: Groudon|Stealth Rock|p1a: Relicanth
|-sidestart|p1: diggersboy660|move: Stealth Rock
|
|-weather|DesolateLand|[upkeep]
|upkeep
|turn|2
|j| Nightmare Legacy
|
|t:|1664812420
|move|p1a: Relicanth|Yawn|p2a: Groudon
|-start|p2a: Groudon|move: Yawn|[of] p1a: Relicanth
|move|p2a: Groudon|Precipice Blades|p1a: Relicanth
|-supereffective|p1a: Relicanth
|-ability|p1a: Relicanth|Sturdy
|-damage|p1a: Relicanth|1/100
|
|-weather|DesolateLand|[upkeep]
|upkeep
|turn|3
|c| Nightmare Legacy|yoo
|-enditem|p1a: Relicanth|Custap Berry|[eat]
|-activate|p1a: Relicanth|item: Custap Berry|[consumed]
|
|t:|1664812428
|-weather|none
|switch|p2a: Arceus|Arceus-Rock|100/100
|-damage|p2a: Arceus|88/100|[from] Stealth Rock
|move|p1a: Relicanth|Yawn|p2a: Arceus
|-start|p2a: Arceus|move: Yawn|[of] p1a: Relicanth
|
|upkeep
|turn|4
|
|t:|1664812434
|switch|p2a: Arceus|Arceus|100/100
|-damage|p2a: Arceus|88/100|[from] Stealth Rock
|move|p1a: Relicanth|Yawn|p2a: Arceus
|-start|p2a: Arceus|move: Yawn|[of] p1a: Relicanth
|
|upkeep
|turn|5
|
|t:|1664812440
|move|p2a: Arceus|Shadow Claw|p1a: Relicanth
|-crit|p1a: Relicanth
|-damage|p1a: Relicanth|0 fnt
|faint|p1a: Relicanth
|
|-end|p2a: Arceus|move: Yawn|[silent]
|-status|p2a: Arceus|slp
|-enditem|p2a: Arceus|Lum Berry|[eat]
|-curestatus|p2a: Arceus|slp|[msg]
|upkeep
|
|t:|1664812445
|switch|p1a: Xerneas|Xerneas|100/100
|-damage|p1a: Xerneas|88/100|[from] Stealth Rock
|-ability|p1a: Xerneas|Fairy Aura
|turn|6
|
|t:|1664812450
|move|p2a: Arceus|Swords Dance|p2a: Arceus
|-boost|p2a: Arceus|atk|2
|move|p1a: Xerneas|Geomancy||[still]
|-prepare|p1a: Xerneas|Geomancy
|-enditem|p1a: Xerneas|Power Herb
|-anim|p1a: Xerneas|Geomancy|p1a: Xerneas
|-boost|p1a: Xerneas|spa|2
|-boost|p1a: Xerneas|spd|2
|-boost|p1a: Xerneas|spe|2
|
|upkeep
|turn|7
|c| Nightmare Legacy|top ag player is battling
|
|t:|1664812455
|move|p2a: Arceus|Extreme Speed|p1a: Xerneas
|-damage|p1a: Xerneas|32/100
|move|p1a: Xerneas|Draining Kiss|p2a: Arceus
|-damage|p2a: Arceus|36/100
|-heal|p1a: Xerneas|76/100|[from] drain|[of] p2a: Arceus
|
|upkeep
|turn|8
|
|t:|1664812459
|move|p2a: Arceus|Extreme Speed|p1a: Xerneas
|-damage|p1a: Xerneas|12/100
|move|p1a: Xerneas|Draining Kiss|p2a: Arceus
|-damage|p2a: Arceus|0 fnt
|-heal|p1a: Xerneas|43/100|[from] drain|[of] p2a: Arceus
|faint|p2a: Arceus
|
|upkeep
|
|t:|1664812464
|switch|p2a: Ditto|Ditto, shiny|100/100
|-damage|p2a: Ditto|88/100|[from] Stealth Rock
|-transform|p2a: Ditto|p1a: Xerneas|[from] ability: Imposter
|-ability|p2a: Ditto|Fairy Aura
|turn|9
|
|t:|1664812467
|-start|p2a: Ditto|Dynamax|
|-heal|p2a: Ditto|88/100|[silent]
|move|p2a: Ditto|Max Starfall|p1a: Xerneas
|-damage|p1a: Xerneas|0 fnt
|-fieldstart|move: Misty Terrain
|faint|p1a: Xerneas
|
|upkeep
|
|t:|1664812476
|switch|p1a: Eternatus|Eternatus|100/100
|-damage|p1a: Eternatus|88/100|[from] Stealth Rock
|-ability|p1a: Eternatus|Pressure
|turn|10
|
|t:|1664812485
|move|p2a: Ditto|Max Starfall|p1a: Eternatus
|-damage|p1a: Eternatus|0 fnt
|faint|p1a: Eternatus
|
|upkeep
|
|t:|1664812488
|switch|p1a: Arceus|Arceus|100/100
|-damage|p1a: Arceus|88/100|[from] Stealth Rock
|turn|11
|
|t:|1664812492
|-start|p1a: Arceus|Dynamax|
|-heal|p1a: Arceus|88/100|[silent]
|move|p1a: Arceus|Max Guard|p1a: Arceus
|-singleturn|p1a: Arceus|Max Guard
|move|p2a: Ditto|Max Starfall|p1a: Arceus
|-activate|p1a: Arceus|move: Max Guard
|
|upkeep
|-end|p2a: Ditto|Dynamax
|-heal|p2a: Ditto|88/100|[silent]
|turn|12
|
|t:|1664812501
|move|p2a: Ditto|Focus Blast|p1a: Arceus|[miss]
|-miss|p2a: Ditto|p1a: Arceus
|move|p1a: Arceus|Max Strike|p2a: Ditto
|-damage|p2a: Ditto|27/100
|-unboost|p2a: Ditto|spe|1
|
|upkeep
|turn|13
|
|t:|1664812513
|move|p1a: Arceus|Max Guard|p1a: Arceus
|-singleturn|p1a: Arceus|Max Guard
|move|p2a: Ditto|Focus Blast|p1a: Arceus
|-activate|p1a: Arceus|move: Max Guard
|
|-fieldend|Misty Terrain
|upkeep
|-end|p1a: Arceus|Dynamax
|-heal|p1a: Arceus|88/100|[silent]
|turn|14
|
|t:|1664812519
|switch|p2a: Groudon|Groudon-Primal|100/100
|-damage|p2a: Groudon|88/100|[from] Stealth Rock
|-weather|DesolateLand|[from] ability: Desolate Land|[of] p2a: Groudon
|move|p1a: Arceus|Extreme Speed|p2a: Groudon
|-damage|p2a: Groudon|70/100
|
|-weather|DesolateLand|[upkeep]
|upkeep
|turn|15
|
|t:|1664812521
|move|p1a: Arceus|Earthquake|p2a: Groudon
|-supereffective|p2a: Groudon
|-damage|p2a: Groudon|41/100
|move|p2a: Groudon|Dragon Tail|p1a: Arceus
|-damage|p1a: Arceus|72/100
|drag|p1a: Ditto|Ditto|100/100
|-damage|p1a: Ditto|88/100|[from] Stealth Rock
|-transform|p1a: Ditto|p2a: Groudon|[from] ability: Imposter
|
|-weather|DesolateLand|[upkeep]
|upkeep
|turn|16
|
|t:|1664812525
|move|p1a: Ditto|Precipice Blades|p2a: Groudon
|-supereffective|p2a: Groudon
|-damage|p2a: Groudon|0 fnt
|faint|p2a: Groudon
|
|-weather|DesolateLand|[upkeep]
|upkeep
|
|t:|1664812528
|switch|p2a: Zygarde|Zygarde, shiny|100/100
|-damage|p2a: Zygarde|94/100|[from] Stealth Rock
|turn|17
|
|t:|1664812532
|move|p1a: Ditto|Precipice Blades|p2a: Zygarde
|-damage|p2a: Zygarde|50/100
|move|p2a: Zygarde|Glare|p1a: Ditto
|-status|p1a: Ditto|par
|
|-weather|DesolateLand|[upkeep]
|-activate|p2a: Zygarde|ability: Power Construct
|detailschange|p2a: Zygarde|Zygarde-Complete, shiny
|-heal|p2a: Zygarde|67/100|[silent]
|upkeep
|turn|18
|
|t:|1664812537
|move|p2a: Zygarde|Coil|p2a: Zygarde
|-boost|p2a: Zygarde|atk|1
|-boost|p2a: Zygarde|def|1
|-boost|p2a: Zygarde|accuracy|1
|move|p1a: Ditto|Precipice Blades|p2a: Zygarde
|-damage|p2a: Zygarde|45/100
|
|-weather|DesolateLand|[upkeep]
|upkeep
|turn|19
|
|t:|1664812540
|-weather|none
|switch|p1a: Yveltal|Yveltal|100/100
|-damage|p1a: Yveltal|76/100|[from] Stealth Rock
|-ability|p1a: Yveltal|Dark Aura
|move|p2a: Zygarde|Thousand Arrows|p1a: Yveltal
|-damage|p1a: Yveltal|33/100
|-start|p1a: Yveltal|Smack Down
|
|upkeep
|turn|20
|
|t:|1664812545
|move|p1a: Yveltal|Dark Pulse|p2a: Zygarde
|-damage|p2a: Zygarde|21/100
|move|p2a: Zygarde|Glare|p1a: Yveltal
|-status|p1a: Yveltal|par
|
|upkeep
|turn|21
|
|t:|1664812548
|move|p2a: Zygarde|Rest|p2a: Zygarde
|-status|p2a: Zygarde|slp|[from] move: Rest
|-heal|p2a: Zygarde|100/100 slp|[silent]
|-enditem|p2a: Zygarde|Chesto Berry|[eat]
|-curestatus|p2a: Zygarde|slp|[msg]
|cant|p1a: Yveltal|par
|
|upkeep
|turn|22
|
|t:|1664812557
|move|p2a: Zygarde|Thousand Arrows|p1a: Yveltal
|-damage|p1a: Yveltal|0 fnt
|faint|p1a: Yveltal
|
|upkeep
|
|t:|1664812558
|switch|p1a: Arceus|Arceus|72/100
|-damage|p1a: Arceus|60/100|[from] Stealth Rock
|turn|23
|
|t:|1664812561
|move|p1a: Arceus|Swords Dance|p1a: Arceus
|-boost|p1a: Arceus|atk|2
|move|p2a: Zygarde|Glare|p1a: Arceus
|-status|p1a: Arceus|par
|
|upkeep
|turn|24
|-message|diggersboy660 forfeited.
|
|win|Obito152001
|raw|diggersboy660's rating: 1811 &rarr; <strong>1801</strong><br />(-10 for losing)
|raw|Obito152001's rating: 2007 &rarr; <strong>2017</strong><br />(+10 for winning)
|l|☆diggersboy660
