|j|☆DragoniteSW
|j|☆LpZ IV
|t:|1669473301
|gametype|singles
|player|p1|DragoniteSW|steven|
|player|p2|LpZ IV|#puwcop2021brazil|
|teamsize|p1|6
|teamsize|p2|6
|gen|8
|tier|[Gen 8] National Dex AG
|rule|HP Percentage Mod: HP is shown in percentages
|rule|Endless Battle Clause: Forcing endless battles is banned
|clearpoke
|poke|p1|Arceus-*|
|poke|p1|Arceus-*|
|poke|p1|Arceus-*|
|poke|p1|Arceus-*|
|poke|p1|Arceus-*|
|poke|p1|Arceus-*|
|poke|p2|Yveltal|
|poke|p2|Necrozma-Dusk-Mane|
|poke|p2|Arceus-*|
|poke|p2|Arceus-*|
|poke|p2|Rayquaza|
|poke|p2|Calyrex-Shadow|
|teampreview
|c|☆LpZ IV|hf
|c|☆DragoniteSW|Gl
|inactive|Battle timer is ON: inactive players will automatically lose when time's up. (requested by DragoniteSW)
|inactive|LpZ IV has 270 seconds left.
|
|t:|1669473346
|start
|switch|p1a: Ground|Arceus-Ground|100/100
|switch|p2a: Yveltal|Yveltal|100/100
|-ability|p2a: Yveltal|Dark Aura
|turn|1
|
|t:|1669473355
|move|p1a: Ground|Stealth Rock|p2a: Yveltal
|-sidestart|p2: LpZ IV|move: Stealth Rock
|move|p2a: Yveltal|Taunt|p1a: Ground
|-start|p1a: Ground|move: Taunt
|
|upkeep
|turn|2
|
|t:|1669473363
|switch|p1a: Special|Arceus-Dark|100/100
|move|p2a: Yveltal|Defog|p1a: Special
|-unboost|p1a: Special|evasion|1
|-sideend|p2: LpZ IV|Stealth Rock|[from] move: Defog|[of] p2a: Yveltal
|
|upkeep
|turn|3
|
|t:|1669473370
|switch|p2a: Arceus|Arceus-Water|100/100
|move|p1a: Special|Thunder Wave|p2a: Arceus
|-status|p2a: Arceus|par
|
|upkeep
|turn|4
|
|t:|1669473383
|move|p2a: Arceus|Whirlpool|p1a: Special
|-damage|p1a: Special|92/100
|-activate|p1a: Special|move: Whirlpool|[of] p2a: Arceus
|move|p1a: Special|Roar|p2a: Arceus
|drag|p2a: Rayquaza|Rayquaza|100/100
|-ability|p2a: Rayquaza|Air Lock
|
|-end|p1a: Special|Whirlpool|[partiallytrapped]|[silent]
|upkeep
|turn|5
|
|t:|1669473408
|switch|p2a: Arceus|Arceus-Water|100/100 par
|move|p1a: Special|Thunder Wave|p2a: Arceus
|-fail|p2a: Arceus|par
|
|upkeep
|turn|6
|
|t:|1669473414
|move|p1a: Special|Judgment|p2a: Arceus
|-damage|p2a: Arceus|68/100 par
|move|p2a: Arceus|Ice Beam|p1a: Special
|-damage|p1a: Special|80/100
|
|upkeep
|turn|7
|
|t:|1669473421
|move|p1a: Special|Judgment|p2a: Arceus
|-damage|p2a: Arceus|35/100 par
|move|p2a: Arceus|Recover|p2a: Arceus
|-heal|p2a: Arceus|85/100 par
|
|upkeep
|turn|8
|
|t:|1669473437
|move|p2a: Arceus|Perish Song|p2a: Arceus
|-start|p1a: Special|perish3|[silent]
|-start|p2a: Arceus|perish3|[silent]
|-fieldactivate|move: Perish Song
|move|p1a: Special|Roar|p2a: Arceus
|drag|p2a: Arceus|Arceus-Dark|100/100
|
|-start|p1a: Special|perish3
|upkeep
|turn|9
|
|t:|1669473453
|switch|p1a: Ground|Arceus-Ground|100/100
|move|p2a: Arceus|Calm Mind|p2a: Arceus
|-boost|p2a: Arceus|spa|1
|-boost|p2a: Arceus|spd|1
|
|upkeep
|turn|10
|
|t:|1669473459
|move|p1a: Ground|Stealth Rock|p2a: Arceus
|-sidestart|p2: LpZ IV|move: Stealth Rock
|move|p2a: Arceus|Judgment|p1a: Ground
|-damage|p1a: Ground|50/100
|
|upkeep
|turn|11
|
|t:|1669473471
|switch|p1a: Special|Arceus-Dark|80/100
|move|p2a: Arceus|Calm Mind|p2a: Arceus
|-boost|p2a: Arceus|spa|1
|-boost|p2a: Arceus|spd|1
|
|upkeep
|turn|12
|
|t:|1669473476
|move|p2a: Arceus|Judgment|p1a: Special
|-resisted|p1a: Special
|-damage|p1a: Special|55/100
|move|p1a: Special|Roar|p2a: Arceus
|drag|p2a: Yveltal|Yveltal|100/100
|-ability|p2a: Yveltal|Dark Aura
|
|upkeep
|turn|13
|
|t:|1669473490
|move|p1a: Special|Recover|p1a: Special
|-heal|p1a: Special|100/100
|move|p2a: Yveltal|Defog|p1a: Special
|-unboost|p1a: Special|evasion|1
|-sideend|p2: LpZ IV|Stealth Rock|[from] move: Defog|[of] p2a: Yveltal
|
|upkeep
|turn|14
|
|t:|1669473497
|switch|p2a: Arceus|Arceus-Dark|100/100
|move|p1a: Special|Thunder Wave|p2a: Arceus
|-status|p2a: Arceus|par
|
|upkeep
|turn|15
|
|t:|1669473520
|move|p2a: Arceus|Refresh|p2a: Arceus
|-curestatus|p2a: Arceus|par|[msg]
|move|p1a: Special|Roar|p2a: Arceus
|drag|p2a: Arceus|Arceus-Water|85/100 par
|
|upkeep
|turn|16
|
|t:|1669473540
|move|p1a: Special|Judgment|p2a: Arceus
|-damage|p2a: Arceus|53/100 par
|cant|p2a: Arceus|par
|
|upkeep
|turn|17
|
|t:|1669473543
|move|p1a: Special|Recover||[still]
|-fail|p1a: Special|heal
|move|p2a: Arceus|Recover|p2a: Arceus
|-heal|p2a: Arceus|100/100 par
|
|upkeep
|turn|18
|c|☆DragoniteSW|Misclicked hu
|
|t:|1669473565
|move|p2a: Arceus|Perish Song|p2a: Arceus
|-start|p1a: Special|perish3|[silent]
|-start|p2a: Arceus|perish3|[silent]
|-fieldactivate|move: Perish Song
|move|p1a: Special|Roar|p2a: Arceus
|drag|p2a: Rayquaza|Rayquaza|100/100
|-ability|p2a: Rayquaza|Air Lock
|
|-start|p1a: Special|perish3
|upkeep
|turn|19
|
|t:|1669473590
|switch|p2a: Necrozma|Necrozma-Dusk-Mane|100/100
|move|p1a: Special|Thunder Wave|p2a: Necrozma
|-status|p2a: Necrozma|par
|
|-start|p1a: Special|perish2
|upkeep
|turn|20
|
|t:|1669473596
|switch|p1a: Arceus|Arceus-Water|100/100
|move|p2a: Necrozma|Stealth Rock|p1a: Arceus
|-sidestart|p1: DragoniteSW|move: Stealth Rock
|
|upkeep
|turn|21
|
|t:|1669473611
|switch|p2a: Calyrex|Calyrex-Shadow|100/100
|-ability|p2a: Calyrex|As One
|-ability|p2a: Calyrex|Unnerve
|move|p1a: Arceus|Whirlpool|p2a: Calyrex|[miss]
|-miss|p1a: Arceus|p2a: Calyrex
|
|upkeep
|turn|22
|
|t:|1669473627
|move|p2a: Calyrex|Substitute|p2a: Calyrex
|-start|p2a: Calyrex|Substitute
|-damage|p2a: Calyrex|76/100
|move|p1a: Arceus|Whirlpool|p2a: Calyrex
|-activate|p2a: Calyrex|move: Substitute|[damage]
|
|upkeep
|turn|23
|
|t:|1669473637
|move|p2a: Calyrex|Nasty Plot|p2a: Calyrex
|-boost|p2a: Calyrex|spa|2
|move|p1a: Arceus|Perish Song|p1a: Arceus
|-start|p1a: Arceus|perish3|[silent]
|-start|p2a: Calyrex|perish3|[silent]
|-fieldactivate|move: Perish Song
|
|-start|p2a: Calyrex|perish3
|-start|p1a: Arceus|perish3
|upkeep
|turn|24
|j| Korea sucks lol
|
|t:|1669473648
|move|p2a: Calyrex|Astral Barrage|p1a: Arceus
|-damage|p1a: Arceus|27/100
|move|p1a: Arceus|Whirlpool|p2a: Calyrex
|-end|p2a: Calyrex|Substitute
|
|-start|p2a: Calyrex|perish2
|-start|p1a: Arceus|perish2
|upkeep
|turn|25
|
|t:|1669473658
|switch|p1a: Special|Arceus-Dark|100/100
|-damage|p1a: Special|88/100|[from] Stealth Rock
|move|p2a: Calyrex|Astral Barrage|p1a: Special
|-resisted|p1a: Special
|-crit|p1a: Special
|-damage|p1a: Special|37/100
|
|-start|p2a: Calyrex|perish1
|upkeep
|turn|26
|l|koreasuckslol
|inactive|LpZ IV has 270 seconds left.
|j| e1chad
|
|t:|1669473709
|switch|p2a: Yveltal|Yveltal|100/100
|-ability|p2a: Yveltal|Dark Aura
|move|p1a: Special|Recover|p1a: Special
|-heal|p1a: Special|87/100
|
|upkeep
|turn|27
|c| e1chad|What is ur avatar lpz
|
|t:|1669473717
|move|p1a: Special|Thunder Wave|p2a: Yveltal
|-status|p2a: Yveltal|par
|cant|p2a: Yveltal|par
|
|upkeep
|turn|28
|c|☆LpZ IV|its a custom one
|c| e1chad|Oh
|
|t:|1669473736
|switch|p1a: Ground|Arceus-Ground|50/100
|-damage|p1a: Ground|44/100|[from] Stealth Rock
|move|p2a: Yveltal|Taunt|p1a: Ground
|-start|p1a: Ground|move: Taunt
|
|upkeep
|turn|29
|inactive|LpZ IV has 270 seconds left.
|inactive|DragoniteSW has 270 seconds left.
|
|t:|1669473764
|switch|p1a: Arceus|Arceus-Water|27/100
|-damage|p1a: Arceus|15/100|[from] Stealth Rock
|switch|p2a: Arceus|Arceus-Dark|100/100
|
|upkeep
|turn|30
|
|t:|1669473772
|move|p2a: Arceus|Judgment|p1a: Arceus
|-damage|p1a: Arceus|0 fnt
|faint|p1a: Arceus
|
|upkeep
|inactive|DragoniteSW has 270 seconds left.
|
|t:|1669473783
|switch|p1a: Ground|Arceus-Ground|44/100
|-damage|p1a: Ground|38/100|[from] Stealth Rock
|turn|31
|
|t:|1669473797
|move|p1a: Ground|Defog|p2a: Arceus
|-unboost|p2a: Arceus|evasion|1
|-sideend|p1: DragoniteSW|Stealth Rock|[from] move: Defog|[of] p1a: Ground
|move|p2a: Arceus|Calm Mind|p2a: Arceus
|-boost|p2a: Arceus|spa|1
|-boost|p2a: Arceus|spd|1
|
|upkeep
|turn|32
|
|t:|1669473804
|move|p2a: Arceus|Judgment|p1a: Ground
|-damage|p1a: Ground|0 fnt
|faint|p1a: Ground
|
|upkeep
|
|t:|1669473810
|switch|p1a: Special|Arceus-Dark|87/100
|turn|33
|
|t:|1669473813
|switch|p2a: Yveltal|Yveltal|100/100 par
|-ability|p2a: Yveltal|Dark Aura
|move|p1a: Special|Roar|p2a: Yveltal
|drag|p2a: Rayquaza|Rayquaza|100/100
|-ability|p2a: Rayquaza|Air Lock
|
|upkeep
|turn|34
|
|t:|1669473826
|switch|p2a: Yveltal|Yveltal|100/100 par
|-ability|p2a: Yveltal|Dark Aura
|move|p1a: Special|Thunder Wave|p2a: Yveltal
|-fail|p2a: Yveltal|par
|
|upkeep
|turn|35
|l| e1chad
|
|t:|1669473833
|switch|p1a: Sky|Arceus-Flying|100/100
|move|p2a: Yveltal|Taunt|p1a: Sky
|-start|p1a: Sky|move: Taunt
|
|upkeep
|turn|36
|
|t:|1669473841
|switch|p1a: Special|Arceus-Dark|87/100
|switch|p2a: Necrozma|Necrozma-Dusk-Mane|100/100 par
|
|upkeep
|turn|37
|
|t:|1669473850
|switch|p1a: Sky|Arceus-Flying|100/100
|switch|p2a: Yveltal|Yveltal|100/100 par
|-ability|p2a: Yveltal|Dark Aura
|
|upkeep
|turn|38
|inactive|DragoniteSW has 270 seconds left.
|
|t:|1669473881
|switch|p2a: Arceus|Arceus-Water|100/100 par
|move|p1a: Sky|Calm Mind|p1a: Sky
|-boost|p1a: Sky|spa|1
|-boost|p1a: Sky|spd|1
|
|upkeep
|turn|39
|inactive|DragoniteSW has 270 seconds left.
|
|t:|1669473919
|move|p1a: Sky|Judgment|p2a: Arceus
|-damage|p2a: Arceus|41/100 par
|move|p2a: Arceus|Perish Song|p2a: Arceus
|-start|p1a: Sky|perish3|[silent]
|-start|p2a: Arceus|perish3|[silent]
|-fieldactivate|move: Perish Song
|
|-start|p1a: Sky|perish3
|-start|p2a: Arceus|perish3
|upkeep
|turn|40
|
|t:|1669473929
|switch|p2a: Necrozma|Necrozma-Dusk-Mane|100/100 par
|move|p1a: Sky|Judgment|p2a: Necrozma
|-resisted|p2a: Necrozma
|-damage|p2a: Necrozma|62/100 par
|
|-start|p1a: Sky|perish2
|upkeep
|turn|41
|
|t:|1669473935
|move|p1a: Sky|Earth Power|p2a: Necrozma
|-supereffective|p2a: Necrozma
|-crit|p2a: Necrozma
|-damage|p2a: Necrozma|0 fnt
|faint|p2a: Necrozma
|
|-start|p1a: Sky|perish1
|upkeep
|
|t:|1669473941
|switch|p2a: Calyrex|Calyrex-Shadow|76/100
|-ability|p2a: Calyrex|As One
|-ability|p2a: Calyrex|Unnerve
|turn|42
|
|t:|1669473946
|switch|p1a: Special|Arceus-Dark|87/100
|move|p2a: Calyrex|Substitute|p2a: Calyrex
|-start|p2a: Calyrex|Substitute
|-damage|p2a: Calyrex|51/100
|
|upkeep
|turn|43
|
|t:|1669473951
|move|p2a: Calyrex|Draining Kiss|p1a: Special
|-supereffective|p1a: Special
|-damage|p1a: Special|67/100
|-heal|p2a: Calyrex|71/100|[from] drain|[of] p1a: Special
|move|p1a: Special|Roar|p2a: Calyrex
|drag|p2a: Arceus|Arceus-Dark|100/100
|
|upkeep
|turn|44
|
|t:|1669473959
|switch|p2a: Yveltal|Yveltal|100/100 par
|-ability|p2a: Yveltal|Dark Aura
|move|p1a: Special|Thunder Wave|p2a: Yveltal
|-fail|p2a: Yveltal|par
|
|upkeep
|turn|45
|
|t:|1669473964
|move|p1a: Special|Recover|p1a: Special
|-heal|p1a: Special|100/100
|move|p2a: Yveltal|Taunt|p1a: Special
|-start|p1a: Special|move: Taunt
|
|upkeep
|turn|46
|
|t:|1669473970
|move|p1a: Special|Judgment|p2a: Yveltal
|-resisted|p2a: Yveltal
|-damage|p2a: Yveltal|79/100 par
|move|p2a: Yveltal|Taunt||[still]
|-fail|p2a: Yveltal
|
|upkeep
|turn|47
|
|t:|1669473986
|move|p1a: Special|Judgment|p2a: Yveltal
|-resisted|p2a: Yveltal
|-damage|p2a: Yveltal|58/100 par
|move|p2a: Yveltal|Roost|p2a: Yveltal
|-heal|p2a: Yveltal|100/100 par
|-singleturn|p2a: Yveltal|move: Roost
|
|upkeep
|turn|48
|
|t:|1669473992
|move|p1a: Special|Judgment|p2a: Yveltal
|-resisted|p2a: Yveltal
|-damage|p2a: Yveltal|79/100 par
|move|p2a: Yveltal|Knock Off|p1a: Special
|-resisted|p1a: Special
|-damage|p1a: Special|89/100
|
|-end|p1a: Special|move: Taunt
|upkeep
|turn|49
|inactive|DragoniteSW has 270 seconds left.
|
|t:|1669474025
|move|p2a: Yveltal|Taunt|p1a: Special
|-start|p1a: Special|move: Taunt
|cant|p1a: Special|move: Taunt|Roar
|
|upkeep
|turn|50
|inactive|DragoniteSW has 270 seconds left.
|
|t:|1669474045
|switch|p1a: Sky|Arceus-Flying|100/100
|switch|p2a: Arceus|Arceus-Dark|100/100
|
|upkeep
|turn|51
|inactive|DragoniteSW has 270 seconds left.
|
|t:|1669474056
|switch|p1a: Special|Arceus-Dark|89/100
|move|p2a: Arceus|Calm Mind|p2a: Arceus
|-boost|p2a: Arceus|spa|1
|-boost|p2a: Arceus|spd|1
|
|upkeep
|turn|52
|
|t:|1669474066
|move|p2a: Arceus|Judgment|p1a: Special
|-resisted|p1a: Special
|-damage|p1a: Special|70/100
|move|p1a: Special|Recover|p1a: Special
|-heal|p1a: Special|100/100
|
|upkeep
|turn|53
|
|t:|1669474070
|move|p2a: Arceus|Judgment|p1a: Special
|-resisted|p1a: Special
|-damage|p1a: Special|82/100
|move|p1a: Special|Roar|p2a: Arceus
|drag|p2a: Calyrex|Calyrex-Shadow|71/100
|-ability|p2a: Calyrex|As One
|-ability|p2a: Calyrex|Unnerve
|
|upkeep
|turn|54
|
|t:|1669474074
|switch|p2a: Yveltal|Yveltal|79/100 par
|-ability|p2a: Yveltal|Dark Aura
|move|p1a: Special|Judgment|p2a: Yveltal
|-resisted|p2a: Yveltal
|-damage|p2a: Yveltal|60/100 par
|
|upkeep
|turn|55
|
|t:|1669474079
|switch|p1a: Sky|Arceus-Flying|100/100
|cant|p2a: Yveltal|par
|
|upkeep
|turn|56
|
|t:|1669474086
|switch|p2a: Arceus|Arceus-Dark|100/100
|move|p1a: Sky|Calm Mind|p1a: Sky
|-boost|p1a: Sky|spa|1
|-boost|p1a: Sky|spd|1
|
|upkeep
|turn|57
|
|t:|1669474089
|-start|p1a: Sky|Dynamax|
|-heal|p1a: Sky|100/100|[silent]
|move|p2a: Arceus|Calm Mind|p2a: Arceus
|-boost|p2a: Arceus|spa|1
|-boost|p2a: Arceus|spd|1
|move|p1a: Sky|Max Airstream|p2a: Arceus
|-damage|p2a: Arceus|51/100
|-boost|p1a: Sky|spe|1
|
|upkeep
|turn|58
|
|t:|1669474095
|move|p1a: Sky|Max Airstream|p2a: Arceus
|-damage|p2a: Arceus|8/100
|-boost|p1a: Sky|spe|1
|move|p2a: Arceus|Recover|p2a: Arceus
|-heal|p2a: Arceus|58/100
|
|upkeep
|turn|59
|
|t:|1669474102
|move|p1a: Sky|Max Airstream|p2a: Arceus
|-damage|p2a: Arceus|12/100
|-boost|p1a: Sky|spe|1
|move|p2a: Arceus|Recover|p2a: Arceus
|-heal|p2a: Arceus|62/100
|
|upkeep
|-end|p1a: Sky|Dynamax
|-heal|p1a: Sky|100/100|[silent]
|turn|60
|
|t:|1669474109
|move|p1a: Sky|Calm Mind|p1a: Sky
|-boost|p1a: Sky|spa|1
|-boost|p1a: Sky|spd|1
|move|p2a: Arceus|Recover|p2a: Arceus
|-heal|p2a: Arceus|100/100
|
|upkeep
|turn|61
|
|t:|1669474119
|switch|p1a: Special|Arceus-Dark|82/100
|move|p2a: Arceus|Calm Mind|p2a: Arceus
|-boost|p2a: Arceus|spa|1
|-boost|p2a: Arceus|spd|1
|
|upkeep
|turn|62
|
|t:|1669474126
|move|p2a: Arceus|Judgment|p1a: Special
|-resisted|p1a: Special
|-damage|p1a: Special|57/100
|move|p1a: Special|Thunder Wave|p2a: Arceus|[miss]
|-miss|p1a: Special|p2a: Arceus
|
|upkeep
|turn|63
|
|t:|1669474131
|move|p2a: Arceus|Calm Mind|p2a: Arceus
|-boost|p2a: Arceus|spa|1
|-boost|p2a: Arceus|spd|1
|move|p1a: Special|Recover|p1a: Special
|-heal|p1a: Special|100/100
|
|upkeep
|turn|64
|
|t:|1669474133
|move|p2a: Arceus|Judgment|p1a: Special
|-resisted|p1a: Special
|-damage|p1a: Special|70/100
|move|p1a: Special|Roar|p2a: Arceus
|drag|p2a: Yveltal|Yveltal|60/100 par
|-ability|p2a: Yveltal|Dark Aura
|
|upkeep
|turn|65
|inactive|DragoniteSW has 270 seconds left.
|inactive|DragoniteSW has 240 seconds left.
|
|t:|1669474203
|move|p2a: Yveltal|Taunt|p1a: Special
|-start|p1a: Special|move: Taunt
|cant|p1a: Special|move: Taunt|Roar
|
|upkeep
|turn|66
|
|t:|1669474213
|switch|p1a: Physical|Arceus-Ground|100/100
|move|p2a: Yveltal|Taunt|p1a: Physical
|-start|p1a: Physical|move: Taunt
|
|upkeep
|turn|67
|inactive|DragoniteSW has 240 seconds left.
|
|t:|1669474218
|move|p1a: Physical|Rock Tomb|p2a: Yveltal
|-supereffective|p2a: Yveltal
|-damage|p2a: Yveltal|39/100 par
|-unboost|p2a: Yveltal|spe|1
|cant|p2a: Yveltal|par
|
|upkeep
|turn|68
|
|t:|1669474227
|move|p1a: Physical|Rock Tomb|p2a: Yveltal
|-supereffective|p2a: Yveltal
|-damage|p2a: Yveltal|14/100 par
|-unboost|p2a: Yveltal|spe|1
|move|p2a: Yveltal|Roost|p2a: Yveltal
|-heal|p2a: Yveltal|64/100 par
|-singleturn|p2a: Yveltal|move: Roost
|
|-end|p1a: Physical|move: Taunt
|upkeep
|turn|69
|inactive|DragoniteSW has 240 seconds left.
|
|t:|1669474264
|switch|p1a: Arceus|Arceus|100/100
|cant|p2a: Yveltal|par
|
|upkeep
|turn|70
|inactive|LpZ IV has 270 seconds left.
|
|t:|1669474292
|move|p1a: Arceus|Swords Dance|p1a: Arceus
|-boost|p1a: Arceus|atk|2
|move|p2a: Yveltal|Taunt|p1a: Arceus
|-start|p1a: Arceus|move: Taunt
|
|upkeep
|turn|71
|
|t:|1669474303
|switch|p2a: Arceus|Arceus-Water|41/100 par
|move|p1a: Arceus|Extreme Speed|p2a: Arceus
|-damage|p2a: Arceus|0 fnt
|faint|p2a: Arceus
|-damage|p1a: Arceus|91/100|[from] item: Life Orb
|
|upkeep
|inactive|LpZ IV has 270 seconds left.
|
|t:|1669474338
|switch|p2a: Arceus|Arceus-Dark|100/100
|turn|72
|inactive|DragoniteSW has 240 seconds left.
|
|t:|1669474346
|-start|p2a: Arceus|Dynamax|
|-heal|p2a: Arceus|100/100|[silent]
|move|p1a: Arceus|Extreme Speed|p2a: Arceus
|-damage|p2a: Arceus|65/100
|-damage|p1a: Arceus|81/100|[from] item: Life Orb
|move|p2a: Arceus|Max Darkness|p1a: Arceus
|-damage|p1a: Arceus|41/100
|-unboost|p1a: Arceus|spd|1
|
|upkeep
|turn|73
|inactive|DragoniteSW has 240 seconds left.
|inactive|DragoniteSW has 210 seconds left.
|
|t:|1669474410
|switch|p1a: Special|Arceus-Dark|70/100
|move|p2a: Arceus|Max Darkness|p1a: Special
|-resisted|p1a: Special
|-damage|p1a: Special|54/100
|-unboost|p1a: Special|spd|1
|
|upkeep
|turn|74
|inactive|LpZ IV has 270 seconds left.
|
|t:|1669474418
|move|p2a: Arceus|Max Darkness|p1a: Special
|-resisted|p1a: Special
|-damage|p1a: Special|31/100
|-unboost|p1a: Special|spd|1
|move|p1a: Special|Recover|p1a: Special
|-heal|p1a: Special|81/100
|
|upkeep
|-end|p2a: Arceus|Dynamax
|-heal|p2a: Arceus|65/100|[silent]
|turn|75
|
|t:|1669474431
|switch|p1a: Physical|Arceus-Ground|100/100
|move|p2a: Arceus|Calm Mind|p2a: Arceus
|-boost|p2a: Arceus|spa|1
|-boost|p2a: Arceus|spd|1
|
|upkeep
|turn|76
|
|t:|1669474437
|switch|p1a: Special|Arceus-Dark|81/100
|move|p2a: Arceus|Judgment|p1a: Special
|-resisted|p1a: Special
|-damage|p1a: Special|64/100
|
|upkeep
|turn|77
|
|t:|1669474443
|move|p2a: Arceus|Recover|p2a: Arceus
|-heal|p2a: Arceus|100/100
|move|p1a: Special|Recover|p1a: Special
|-heal|p1a: Special|100/100
|
|upkeep
|turn|78
|
|t:|1669474446
|move|p2a: Arceus|Calm Mind|p2a: Arceus
|-boost|p2a: Arceus|spa|1
|-boost|p2a: Arceus|spd|1
|move|p1a: Special|Roar|p2a: Arceus
|drag|p2a: Calyrex|Calyrex-Shadow|71/100
|-ability|p2a: Calyrex|As One
|-ability|p2a: Calyrex|Unnerve
|
|upkeep
|turn|79
|inactive|DragoniteSW has 210 seconds left.
|
|t:|1669474462
|switch|p2a: Yveltal|Yveltal|64/100 par
|-ability|p2a: Yveltal|Dark Aura
|switch|p1a: Sky|Arceus-Flying|100/100
|
|upkeep
|turn|80
|
|t:|1669474470
|switch|p2a: Arceus|Arceus-Dark|100/100
|move|p1a: Sky|Substitute|p1a: Sky
|-start|p1a: Sky|Substitute
|-damage|p1a: Sky|76/100
|
|upkeep
|turn|81
|
|t:|1669474473
|switch|p1a: Special|Arceus-Dark|100/100
|move|p2a: Arceus|Calm Mind|p2a: Arceus
|-boost|p2a: Arceus|spa|1
|-boost|p2a: Arceus|spd|1
|
|upkeep
|turn|82
|
|t:|1669474476
|switch|p2a: Yveltal|Yveltal|64/100 par
|-ability|p2a: Yveltal|Dark Aura
|move|p1a: Special|Roar|p2a: Yveltal
|drag|p2a: Arceus|Arceus-Dark|100/100
|
|upkeep
|turn|83
|
|t:|1669474479
|switch|p2a: Yveltal|Yveltal|64/100 par
|-ability|p2a: Yveltal|Dark Aura
|move|p1a: Special|Thunder Wave|p2a: Yveltal|[miss]
|-miss|p1a: Special|p2a: Yveltal
|
|upkeep
|turn|84
|
|t:|1669474494
|switch|p1a: Sky|Arceus-Flying|76/100
|cant|p2a: Yveltal|par
|
|upkeep
|turn|85
|
|t:|1669474498
|switch|p2a: Arceus|Arceus-Dark|100/100
|move|p1a: Sky|Calm Mind|p1a: Sky
|-boost|p1a: Sky|spa|1
|-boost|p1a: Sky|spd|1
|
|upkeep
|turn|86
|
|t:|1669474504
|move|p2a: Arceus|Calm Mind|p2a: Arceus
|-boost|p2a: Arceus|spa|1
|-boost|p2a: Arceus|spd|1
|move|p1a: Sky|Judgment|p2a: Arceus
|-damage|p2a: Arceus|62/100
|
|upkeep
|turn|87
|
|t:|1669474507
|switch|p1a: Special|Arceus-Dark|100/100
|move|p2a: Arceus|Recover|p2a: Arceus
|-heal|p2a: Arceus|100/100
|
|upkeep
|turn|88
|inactive|DragoniteSW has 270 seconds left.
|
|t:|1669474519
|switch|p2a: Yveltal|Yveltal|64/100 par
|-ability|p2a: Yveltal|Dark Aura
|move|p1a: Special|Thunder Wave|p2a: Yveltal|[miss]
|-miss|p1a: Special|p2a: Yveltal
|
|upkeep
|turn|89
|inactive|DragoniteSW has 270 seconds left.
|
|t:|1669474538
|switch|p1a: Arceus|Arceus|41/100
|move|p2a: Yveltal|Roost|p2a: Yveltal
|-heal|p2a: Yveltal|100/100 par
|-singleturn|p2a: Yveltal|move: Roost
|
|upkeep
|turn|90
|inactive|DragoniteSW has 270 seconds left.
|
|t:|1669474546
|move|p1a: Arceus|Recover|p1a: Arceus
|-heal|p1a: Arceus|91/100
|cant|p2a: Yveltal|par
|
|upkeep
|turn|91
|c|☆LpZ IV|jesus christ
|inactive|DragoniteSW has 270 seconds left.
|
|t:|1669474563
|move|p1a: Arceus|Swords Dance|p1a: Arceus
|-boost|p1a: Arceus|atk|2
|move|p2a: Yveltal|Knock Off|p1a: Arceus
|-damage|p1a: Arceus|52/100
|-enditem|p1a: Arceus|Life Orb|[from] move: Knock Off|[of] p2a: Yveltal
|
|upkeep
|turn|92
|inactive|DragoniteSW has 270 seconds left.
|
|t:|1669474583
|switch|p2a: Rayquaza|Rayquaza|100/100
|-ability|p2a: Rayquaza|Air Lock
|move|p1a: Arceus|Recover|p1a: Arceus
|-heal|p1a: Arceus|100/100
|
|upkeep
|turn|93
|
|t:|1669474591
|detailschange|p2a: Rayquaza|Rayquaza-Mega
|-mega|p2a: Rayquaza|Rayquaza|
|-weather|DeltaStream|[from] ability: Delta Stream|[of] p2a: Rayquaza
|move|p1a: Arceus|Extreme Speed|p2a: Rayquaza
|-damage|p2a: Rayquaza|17/100
|move|p2a: Rayquaza|Dragon Ascent|p1a: Arceus
|-damage|p1a: Arceus|22/100
|-unboost|p2a: Rayquaza|def|1
|-unboost|p2a: Rayquaza|spd|1
|-damage|p2a: Rayquaza|7/100|[from] item: Life Orb
|
|-weather|DeltaStream|[upkeep]
|upkeep
|turn|94
|inactive|DragoniteSW has 270 seconds left.
|
|t:|1669474607
|move|p2a: Rayquaza|Extreme Speed|p1a: Arceus
|-damage|p1a: Arceus|0 fnt
|faint|p1a: Arceus
|-damage|p2a: Rayquaza|0 fnt|[from] item: Life Orb
|faint|p2a: Rayquaza
|-weather|none
|
|upkeep
|inactive|DragoniteSW has 270 seconds left.
|
|t:|1669474636
|switch|p2a: Calyrex|Calyrex-Shadow|71/100
|switch|p1a: Physical|Arceus-Ground|100/100
|-ability|p2a: Calyrex|As One
|-ability|p2a: Calyrex|Unnerve
|turn|95
|
|t:|1669474646
|move|p2a: Calyrex|Nasty Plot|p2a: Calyrex
|-boost|p2a: Calyrex|spa|2
|move|p1a: Physical|Earthquake|p2a: Calyrex
|-damage|p2a: Calyrex|17/100
|
|upkeep
|turn|96
|
|t:|1669474654
|move|p2a: Calyrex|Astral Barrage|p1a: Physical
|-damage|p1a: Physical|5/100
|move|p1a: Physical|Earthquake|p2a: Calyrex
|-damage|p2a: Calyrex|0 fnt
|faint|p2a: Calyrex
|
|upkeep
|
|t:|1669474657
|switch|p2a: Arceus|Arceus-Dark|100/100
|turn|97
|
|t:|1669474660
|switch|p1a: Special|Arceus-Dark|100/100
|move|p2a: Arceus|Judgment|p1a: Special
|-resisted|p1a: Special
|-damage|p1a: Special|88/100
|
|upkeep
|turn|98
|
|t:|1669474667
|switch|p2a: Yveltal|Yveltal|100/100 par
|-ability|p2a: Yveltal|Dark Aura
|move|p1a: Special|Thunder Wave|p2a: Yveltal
|-fail|p2a: Yveltal|par
|
|upkeep
|turn|99
|
|t:|1669474675
|switch|p1a: Physical|Arceus-Ground|5/100
|move|p2a: Yveltal|Knock Off|p1a: Physical
|-damage|p1a: Physical|0 fnt
|faint|p1a: Physical
|
|upkeep
|c|☆DragoniteSW|At the end
|c|☆DragoniteSW|Each 2 mons left
|c|☆DragoniteSW|In turn 100
|inactive|DragoniteSW has 270 seconds left.
|c|☆LpZ IV|this game has been boring as hell
|
|t:|1669474709
|switch|p1a: Sky|Arceus-Flying|76/100
|turn|100
|inactive|DragoniteSW has 270 seconds left.
|c|☆DragoniteSW|It was exciting at some time
|
|t:|1669474726
|switch|p2a: Arceus|Arceus-Dark|100/100
|move|p1a: Sky|Calm Mind|p1a: Sky
|-boost|p1a: Sky|spa|1
|-boost|p1a: Sky|spd|1
|
|upkeep
|turn|101
|
|t:|1669474731
|move|p2a: Arceus|Calm Mind|p2a: Arceus
|-boost|p2a: Arceus|spa|1
|-boost|p2a: Arceus|spd|1
|move|p1a: Sky|Judgment|p2a: Arceus
|-damage|p2a: Arceus|63/100
|
|upkeep
|turn|102
|
|t:|1669474734
|switch|p1a: Special|Arceus-Dark|88/100
|move|p2a: Arceus|Recover|p2a: Arceus
|-heal|p2a: Arceus|100/100
|
|upkeep
|turn|103
|
|t:|1669474740
|switch|p2a: Yveltal|Yveltal|100/100 par
|-ability|p2a: Yveltal|Dark Aura
|move|p1a: Special|Roar|p2a: Yveltal
|drag|p2a: Arceus|Arceus-Dark|100/100
|
|upkeep
|turn|104
|
|t:|1669474747
|switch|p2a: Yveltal|Yveltal|100/100 par
|-ability|p2a: Yveltal|Dark Aura
|move|p1a: Special|Thunder Wave|p2a: Yveltal
|-fail|p2a: Yveltal|par
|
|upkeep
|turn|105
|j| realpineaplefred
|inactive|DragoniteSW has 270 seconds left.
|c| realpineaplefred|GO BW PU CREATOR
|inactive|DragoniteSW has 240 seconds left.
|
|t:|1669474802
|switch|p1a: Sky|Arceus-Flying|76/100
|move|p2a: Yveltal|Taunt|p1a: Sky
|-start|p1a: Sky|move: Taunt
|
|upkeep
|turn|106
|c|☆LpZ IV|is this the legendary vstra?
|
|t:|1669474811
|switch|p2a: Arceus|Arceus-Dark|100/100
|move|p1a: Sky|Judgment|p2a: Arceus
|-damage|p2a: Arceus|66/100
|
|upkeep
|turn|107
|
|t:|1669474814
|switch|p1a: Special|Arceus-Dark|88/100
|move|p2a: Arceus|Recover|p2a: Arceus
|-heal|p2a: Arceus|100/100
|
|upkeep
|turn|108
|c| realpineaplefred|Of course
|c|☆LpZ IV|omg big fan
|
|t:|1669474823
|switch|p2a: Yveltal|Yveltal|100/100 par
|-ability|p2a: Yveltal|Dark Aura
|switch|p1a: Sky|Arceus-Flying|76/100
|
|upkeep
|turn|109
|
|t:|1669474831
|switch|p2a: Arceus|Arceus-Dark|100/100
|move|p1a: Sky|Calm Mind|p1a: Sky
|-boost|p1a: Sky|spa|1
|-boost|p1a: Sky|spd|1
|
|upkeep
|turn|110
|inactive|DragoniteSW has 270 seconds left.
|
|t:|1669474838
|move|p2a: Arceus|Calm Mind|p2a: Arceus
|-boost|p2a: Arceus|spa|1
|-boost|p2a: Arceus|spd|1
|move|p1a: Sky|Earth Power|p2a: Arceus
|-damage|p2a: Arceus|83/100
|
|upkeep
|turn|111
|
|t:|1669474841
|switch|p1a: Special|Arceus-Dark|88/100
|move|p2a: Arceus|Calm Mind|p2a: Arceus
|-boost|p2a: Arceus|spa|1
|-boost|p2a: Arceus|spd|1
|
|upkeep
|turn|112
|
|t:|1669474846
|switch|p2a: Yveltal|Yveltal|100/100 par
|-ability|p2a: Yveltal|Dark Aura
|move|p1a: Special|Roar|p2a: Yveltal
|drag|p2a: Arceus|Arceus-Dark|83/100
|
|upkeep
|turn|113
|
|t:|1669474852
|switch|p2a: Yveltal|Yveltal|100/100 par
|-ability|p2a: Yveltal|Dark Aura
|move|p1a: Special|Thunder Wave|p2a: Yveltal
|-fail|p2a: Yveltal|par
|
|upkeep
|turn|114
|
|t:|1669474858
|move|p1a: Special|Thunder Wave|p2a: Yveltal
|-fail|p2a: Yveltal|par
|move|p2a: Yveltal|Knock Off|p1a: Special
|-resisted|p1a: Special
|-damage|p1a: Special|77/100
|
|upkeep
|turn|115
|c|☆LpZ IV|realpineaplefred
|c|☆LpZ IV|how does anyone like this tier
|inactive|DragoniteSW has 270 seconds left.
|
|t:|1669474892
|move|p1a: Special|Thunder Wave|p2a: Yveltal
|-fail|p2a: Yveltal|par
|cant|p2a: Yveltal|par
|
|upkeep
|turn|116
|
|t:|1669474901
|cant|p2a: Yveltal|par
|move|p1a: Special|Roar|p2a: Yveltal
|drag|p2a: Arceus|Arceus-Dark|83/100
|
|upkeep
|turn|117
|c| realpineaplefred|No one
|
|t:|1669474909
|switch|p1a: Sky|Arceus-Flying|76/100
|move|p2a: Arceus|Calm Mind|p2a: Arceus
|-boost|p2a: Arceus|spa|1
|-boost|p2a: Arceus|spd|1
|
|upkeep
|turn|118
|
|t:|1669474913
|switch|p1a: Special|Arceus-Dark|77/100
|move|p2a: Arceus|Calm Mind|p2a: Arceus
|-boost|p2a: Arceus|spa|1
|-boost|p2a: Arceus|spd|1
|
|upkeep
|turn|119
|c| realpineaplefred|Even its own community hates it
|
|t:|1669474919
|move|p2a: Arceus|Refresh||[still]
|-fail|p2a: Arceus
|move|p1a: Special|Roar|p2a: Arceus
|drag|p2a: Yveltal|Yveltal|100/100 par
|-ability|p2a: Yveltal|Dark Aura
|
|upkeep
|turn|120
|c|☆LpZ IV|yea we can see why
|
|t:|1669474938
|move|p2a: Yveltal|Taunt|p1a: Special
|-start|p1a: Special|move: Taunt
|cant|p1a: Special|move: Taunt|Roar
|
|upkeep
|turn|121
|
|t:|1669474946
|switch|p1a: Sky|Arceus-Flying|76/100
|move|p2a: Yveltal|Knock Off|p1a: Sky
|-damage|p1a: Sky|51/100
|
|upkeep
|turn|122
|c|☆DragoniteSW|My last try
|
|t:|1669474964
|move|p1a: Sky|Calm Mind|p1a: Sky
|-boost|p1a: Sky|spa|1
|-boost|p1a: Sky|spd|1
|move|p2a: Yveltal|Knock Off|p1a: Sky
|-crit|p1a: Sky
|-damage|p1a: Sky|15/100
|
|upkeep
|turn|123
|c| realpineaplefred|GG
|inactive|DragoniteSW has 270 seconds left.
|
|t:|1669474990
|move|p1a: Sky|Calm Mind|p1a: Sky
|-boost|p1a: Sky|spa|1
|-boost|p1a: Sky|spd|1
|move|p2a: Yveltal|Knock Off|p1a: Sky
|-damage|p1a: Sky|0 fnt
|faint|p1a: Sky
|
|upkeep
|c|☆LpZ IV|gg
|inactive|DragoniteSW has 270 seconds left.
|
|t:|1669474996
|switch|p1a: Special|Arceus-Dark|77/100
|turn|124
|
|t:|1669475002
|move|p1a: Special|Thunder Wave|p2a: Yveltal
|-fail|p2a: Yveltal|par
|cant|p2a: Yveltal|par
|
|upkeep
|turn|125
|
|t:|1669475005
|move|p1a: Special|Thunder Wave|p2a: Yveltal
|-fail|p2a: Yveltal|par
|cant|p2a: Yveltal|par
|
|upkeep
|turn|126
|c| realpineaplefred|Actually I think Arceus dark sweep
|
|t:|1669475008
|move|p1a: Special|Thunder Wave|p2a: Yveltal
|-fail|p2a: Yveltal|par
|move|p2a: Yveltal|Taunt|p1a: Special
|-start|p1a: Special|move: Taunt
|
|upkeep
|turn|127
|
|t:|1669475017
|move|p1a: Special|Judgment|p2a: Yveltal
|-resisted|p2a: Yveltal
|-damage|p2a: Yveltal|80/100 par
|cant|p2a: Yveltal|par
|
|upkeep
|turn|128
|c|☆LpZ IV|RIGHTT
|
|t:|1669475025
|move|p1a: Special|Judgment|p2a: Yveltal
|-resisted|p2a: Yveltal
|-damage|p2a: Yveltal|62/100 par
|move|p2a: Yveltal|Roost|p2a: Yveltal
|-heal|p2a: Yveltal|100/100 par
|-singleturn|p2a: Yveltal|move: Roost
|
|upkeep
|turn|129
|c|☆DragoniteSW|Struggle ending
|c| realpineaplefred|of course you didnt get the paralyze
|c|☆LpZ IV|why
|c|☆DragoniteSW|Let me just make turn 130
|c| realpineaplefred|lucky noob
|c|☆LpZ IV|ok
|
|t:|1669475046
|move|p1a: Special|Judgment|p2a: Yveltal
|-resisted|p2a: Yveltal
|-damage|p2a: Yveltal|80/100 par
|move|p2a: Yveltal|Knock Off|p1a: Special
|-resisted|p1a: Special
|-damage|p1a: Special|65/100
|
|-end|p1a: Special|move: Taunt
|upkeep
|turn|130
|c|☆DragoniteSW|Gg
|c|☆LpZ IV|gg
|inactive|DragoniteSW has 270 seconds left.
|c|☆DragoniteSW|How to forfeit
|c|☆LpZ IV|type /forfeit
|c| realpineaplefred|//forfeit
|-message|DragoniteSW forfeited.
|
|win|LpZ IV
|c|☆DragoniteSW|Gg
|c|☆DragoniteSW|We do the second game right again?
|c| realpineaplefred|Yes
|l| realpineaplefred
|c|☆LpZ IV|yes
|j| realpineaplefred
|c|☆DragoniteSW|Oki
|l|☆DragoniteSW
|l| realpineaplefred
