|j|☆DJ Phoenix da Poet
|j|☆phan duc huy
|t:|1658117616
|gametype|singles
|player|p1|DJ Phoenix da Poet|hilbert|
|player|p2|phan duc huy|red|
|teamsize|p1|6
|teamsize|p2|6
|gen|8
|tier|[Gen 8] National Dex AG
|rule|HP Percentage Mod: HP is shown in percentages
|rule|Endless Battle Clause: Forcing endless battles is banned
|clearpoke
|poke|p1|Necrozma-Dusk-Mane|
|poke|p1|Calyrex-Shadow|
|poke|p1|Zacian-*|
|poke|p1|Groudon|
|poke|p1|Ditto|
|poke|p1|Yveltal|
|poke|p2|Darmanitan-Galar, F|
|poke|p2|Charizard, F|
|poke|p2|Groudon|
|poke|p2|Shuckle, L1, F|
|poke|p2|Krookodile, F|
|poke|p2|Primarina, F|
|teampreview
|c|☆phan duc huy|zô
|
|t:|1658117658
|start
|switch|p1a: Yveltal|Yveltal|100/100
|switch|p2a: Shuckle|Shuckle, L1, F|100/100
|-ability|p1a: Yveltal|Dark Aura
|turn|1
|
|t:|1658117662
|move|p1a: Yveltal|Taunt|p2a: Shuckle
|-start|p2a: Shuckle|move: Taunt
|cant|p2a: Shuckle|move: Taunt|Sticky Web
|
|upkeep
|turn|2
|
|t:|1658117672
|switch|p2a: Primarina|Primarina, F|100/100
|move|p1a: Yveltal|Oblivion Wing|p2a: Primarina
|-damage|p2a: Primarina|57/100
|-damage|p1a: Yveltal|91/100|[from] item: Life Orb
|
|upkeep
|turn|3
|
|t:|1658117684
|move|p1a: Yveltal|Oblivion Wing|p2a: Primarina
|-damage|p2a: Primarina|13/100
|-heal|p1a: Yveltal|100/100|[from] drain|[of] p2a: Primarina
|-damage|p1a: Yveltal|91/100|[from] item: Life Orb
|move|p2a: Primarina|Moonblast|p1a: Yveltal
|-supereffective|p1a: Yveltal
|-crit|p1a: Yveltal
|-damage|p1a: Yveltal|0 fnt
|faint|p1a: Yveltal
|
|upkeep
|
|t:|1658117696
|switch|p1a: Zacian|Zacian-Crowned|100/100
|-ability|p1a: Zacian|Intrepid Sword|boost
|-boost|p1a: Zacian|atk|1
|turn|4
|
|t:|1658117705
|move|p1a: Zacian|Behemoth Blade|p2a: Primarina
|-damage|p2a: Primarina|0 fnt
|faint|p2a: Primarina
|
|upkeep
|
|t:|1658117709
|switch|p2a: Groudon|Groudon|100/100
|detailschange|p2a: Groudon|Groudon-Primal
|-primal|p2a: Groudon
|-weather|DesolateLand|[from] ability: Desolate Land|[of] p2a: Groudon
|turn|5
|
|t:|1658117714
|switch|p1a: Groudon|Groudon|100/100
|detailschange|p1a: Groudon|Groudon-Primal
|-primal|p1a: Groudon
|move|p2a: Groudon|Fire Punch|p1a: Groudon
|-resisted|p1a: Groudon
|-damage|p1a: Groudon|77/100
|
|-weather|DesolateLand|[upkeep]
|upkeep
|turn|6
|
|t:|1658117722
|move|p2a: Groudon|Precipice Blades|p1a: Groudon
|-supereffective|p1a: Groudon
|-damage|p1a: Groudon|0 fnt
|faint|p1a: Groudon
|
|-weather|DesolateLand|[upkeep]
|upkeep
|
|t:|1658117728
|switch|p1a: Ditto|Ditto|100/100
|-transform|p1a: Ditto|p2a: Groudon|[from] ability: Imposter
|turn|7
|
|t:|1658117735
|move|p1a: Ditto|Precipice Blades|p2a: Groudon
|-supereffective|p2a: Groudon
|-damage|p2a: Groudon|0 fnt
|faint|p2a: Groudon
|
|-weather|DesolateLand|[upkeep]
|upkeep
|
|t:|1658117739
|switch|p2a: Charizard|Charizard, F|100/100
|turn|8
|
|t:|1658117757
|-weather|none
|switch|p1a: Necrozma|Necrozma-Dusk-Mane|100/100
|move|p2a: Charizard|Dragon Dance|p2a: Charizard
|-boost|p2a: Charizard|atk|1
|-boost|p2a: Charizard|spe|1
|
|upkeep
|turn|9
|
|t:|1658117767
|detailschange|p2a: Charizard|Charizard-Mega-X, F
|-mega|p2a: Charizard|Charizard|Charizardite X
|move|p2a: Charizard|Flamethrower|p1a: Necrozma
|-supereffective|p1a: Necrozma
|-damage|p1a: Necrozma|57/100
|-enditem|p1a: Necrozma|Weakness Policy
|-boost|p1a: Necrozma|atk|2|[from] item: Weakness Policy
|-boost|p1a: Necrozma|spa|2|[from] item: Weakness Policy
|move|p1a: Necrozma|Trick Room|p1a: Necrozma
|-fieldstart|move: Trick Room|[of] p1a: Necrozma
|
|upkeep
|turn|10
|
|t:|1658117776
|-start|p1a: Necrozma|Dynamax|
|-heal|p1a: Necrozma|57/100|[silent]
|move|p1a: Necrozma|Max Mindstorm|p2a: Charizard
|-damage|p2a: Charizard|0 fnt
|-fieldstart|move: Psychic Terrain
|faint|p2a: Charizard
|
|upkeep
|
|t:|1658117779
|switch|p2a: Shuckle|Shuckle, L1, F|100/100
|turn|11
|
|t:|1658117783
|move|p2a: Shuckle|Sticky Web|p1a: Necrozma
|-sidestart|p1: DJ Phoenix da Poet|move: Sticky Web
|move|p1a: Necrozma|Max Steelspike|p2a: Shuckle
|-supereffective|p2a: Shuckle
|-ability|p2a: Shuckle|Sturdy
|-damage|p2a: Shuckle|10/100
|-boost|p1a: Necrozma|def|1
|-enditem|p2a: Shuckle|Berry Juice
|-heal|p2a: Shuckle|100/100|[from] item: Berry Juice
|
|upkeep
|turn|12
|
|t:|1658117788
|move|p2a: Shuckle|Stealth Rock|p1a: Necrozma
|-sidestart|p1: DJ Phoenix da Poet|move: Stealth Rock
|move|p1a: Necrozma|Max Steelspike|p2a: Shuckle
|-supereffective|p2a: Shuckle
|-ability|p2a: Shuckle|Sturdy
|-damage|p2a: Shuckle|10/100
|-boost|p1a: Necrozma|def|1
|
|upkeep
|-end|p1a: Necrozma|Dynamax
|-heal|p1a: Necrozma|57/100|[silent]
|turn|13
|
|t:|1658117794
|move|p2a: Shuckle|Encore|p1a: Necrozma
|-start|p1a: Necrozma|Encore
|move|p1a: Necrozma|Sunsteel Strike|p2a: Shuckle
|-supereffective|p2a: Shuckle
|-damage|p2a: Shuckle|0 fnt
|faint|p2a: Shuckle
|
|-fieldend|move: Trick Room
|upkeep
|
|t:|1658117803
|switch|p2a: Darmanitan|Darmanitan-Galar, F|100/100
|turn|14
|
|t:|1658117806
|move|p2a: Darmanitan|Flare Blitz|p1a: Necrozma
|-supereffective|p1a: Necrozma
|-damage|p1a: Necrozma|22/100
|-damage|p2a: Darmanitan|87/100|[from] Recoil
|move|p1a: Necrozma|Sunsteel Strike|p2a: Darmanitan
|-supereffective|p2a: Darmanitan
|-damage|p2a: Darmanitan|0 fnt
|faint|p2a: Darmanitan
|
|-fieldend|move: Psychic Terrain
|upkeep
|
|t:|1658117820
|switch|p2a: Krookodile|Krookodile, F|100/100
|turn|15
|
|t:|1658117825
|-start|p2a: Krookodile|Dynamax|
|-heal|p2a: Krookodile|100/100|[silent]
|move|p2a: Krookodile|Max Quake|p1a: Necrozma
|-supereffective|p1a: Necrozma
|-damage|p1a: Necrozma|0 fnt
|-boost|p2a: Krookodile|spd|1
|faint|p1a: Necrozma
|-ability|p2a: Krookodile|Moxie|boost
|-boost|p2a: Krookodile|atk|1
|-damage|p2a: Krookodile|96/100|[from] item: Life Orb
|
|upkeep
|
|t:|1658117833
|switch|p1a: Zacian|Zacian-Crowned|100/100
|-activate|p1a: Zacian|move: Sticky Web
|-unboost|p1a: Zacian|spe|1
|-damage|p1a: Zacian|94/100|[from] Stealth Rock
|-ability|p1a: Zacian|Intrepid Sword|boost
|-boost|p1a: Zacian|atk|1
|turn|16
|
|t:|1658117840
|move|p2a: Krookodile|Max Darkness|p1a: Zacian
|-resisted|p1a: Zacian
|-damage|p1a: Zacian|37/100
|-unboost|p1a: Zacian|spd|1
|-damage|p2a: Krookodile|91/100|[from] item: Life Orb
|move|p1a: Zacian|Sacred Sword|p2a: Krookodile
|-supereffective|p2a: Krookodile
|-damage|p2a: Krookodile|18/100
|
|upkeep
|turn|17
|
|t:|1658117845
|move|p2a: Krookodile|Max Quake|p1a: Zacian
|-supereffective|p1a: Zacian
|-damage|p1a: Zacian|0 fnt
|-boost|p2a: Krookodile|spd|1
|faint|p1a: Zacian
|-ability|p2a: Krookodile|Moxie|boost
|-boost|p2a: Krookodile|atk|1
|-damage|p2a: Krookodile|13/100|[from] item: Life Orb
|
|upkeep
|
|t:|1658117849
|switch|p1a: Ditto|Ditto|100/100
|-activate|p1a: Ditto|move: Sticky Web
|-unboost|p1a: Ditto|spe|1
|-damage|p1a: Ditto|88/100|[from] Stealth Rock
|-transform|p1a: Ditto|p2a: Krookodile|[from] ability: Imposter
|-end|p2a: Krookodile|Dynamax
|-heal|p2a: Krookodile|13/100|[silent]
|turn|18
|
|t:|1658117874
|move|p1a: Ditto|Close Combat|p2a: Krookodile
|-supereffective|p2a: Krookodile
|-damage|p2a: Krookodile|0 fnt
|-unboost|p1a: Ditto|def|1
|-unboost|p1a: Ditto|spd|1
|faint|p2a: Krookodile
|
|win|DJ Phoenix da Poet
|l|☆phan duc huy
|c|☆DJ Phoenix da Poet|Gg
