|j|☆sjndhc xb
|j|☆Pikaslayer2001
|inactive|Battle timer is ON: inactive players will automatically lose when time's up.
|t:|1664718443
|gametype|singles
|player|p1|sjndhc xb|n|
|player|p2|Pikaslayer2001|brendan-contest|
|teamsize|p1|6
|teamsize|p2|6
|gen|8
|tier|[Gen 8] National Dex AG
|rated|Tournament battle
|rule|HP Percentage Mod: HP is shown in percentages
|rule|Endless Battle Clause: Forcing endless battles is banned
|clearpoke
|poke|p1|Excadrill, F|
|poke|p1|Kyogre|
|poke|p1|Marshadow|
|poke|p1|Yveltal|
|poke|p1|Regieleki|
|poke|p1|Rayquaza|
|poke|p2|Deoxys-Speed|
|poke|p2|Rayquaza|
|poke|p2|Groudon|
|poke|p2|Yveltal|
|poke|p2|Ditto|
|poke|p2|Calyrex-Shadow|
|teampreview
|inactive|sjndhc xb also wants the timer to be on.
|
|t:|1664718451
|start
|switch|p1a: Excadrill|Excadrill, F|100/100
|switch|p2a: Calyrex|Calyrex-Shadow|100/100
|-ability|p2a: Calyrex|As One
|-ability|p2a: Calyrex|Unnerve
|-ability|p1a: Excadrill|Mold Breaker
|turn|1
|
|t:|1664718453
|move|p2a: Calyrex|Astral Barrage|p1a: Excadrill
|-damage|p1a: Excadrill|9/100
|move|p1a: Excadrill|Rock Tomb|p2a: Calyrex
|-damage|p2a: Calyrex|71/100
|-unboost|p2a: Calyrex|spe|1
|
|upkeep
|turn|2
|
|t:|1664718456
|switch|p2a: Deoxys|Deoxys-Speed|100/100
|-ability|p2a: Deoxys|Pressure
|move|p1a: Excadrill|Stealth Rock|p2a: Deoxys
|-sidestart|p2: Pikaslayer2001|move: Stealth Rock
|
|upkeep
|turn|3
|
|t:|1664718462
|switch|p2a: Calyrex|Calyrex-Shadow|71/100
|-ability|p2a: Calyrex|As One
|-ability|p2a: Calyrex|Unnerve
|-damage|p2a: Calyrex|59/100|[from] Stealth Rock
|move|p1a: Excadrill|Earthquake|p2a: Calyrex
|-damage|p2a: Calyrex|0 fnt
|faint|p2a: Calyrex
|
|upkeep
|
|t:|1664718465
|switch|p2a: Rayquaza|Rayquaza|100/100
|-damage|p2a: Rayquaza|76/100|[from] Stealth Rock
|-ability|p2a: Rayquaza|Air Lock
|turn|4
|
|t:|1664718467
|move|p2a: Rayquaza|Extreme Speed|p1a: Excadrill
|-resisted|p1a: Excadrill
|-damage|p1a: Excadrill|0 fnt
|faint|p1a: Excadrill
|-damage|p2a: Rayquaza|66/100|[from] item: Life Orb
|
|upkeep
|
|t:|1664718471
|switch|p1a: Kyogre|Kyogre|100/100
|-weather|RainDance|[from] ability: Drizzle|[of] p1a: Kyogre
|turn|5
|
|t:|1664718477
|detailschange|p2a: Rayquaza|Rayquaza-Mega
|-mega|p2a: Rayquaza|Rayquaza|
|-weather|DeltaStream|[from] ability: Delta Stream|[of] p2a: Rayquaza
|move|p1a: Kyogre|Ice Beam|p2a: Rayquaza
|-activate||deltastream
|-supereffective|p2a: Rayquaza
|-damage|p2a: Rayquaza|0 fnt
|faint|p2a: Rayquaza
|-weather|none
|
|upkeep
|
|t:|1664718484
|switch|p2a: Deoxys|Deoxys-Speed|100/100
|-damage|p2a: Deoxys|88/100|[from] Stealth Rock
|-ability|p2a: Deoxys|Pressure
|turn|6
|
|t:|1664718485
|move|p2a: Deoxys|Stealth Rock|p1a: Kyogre
|-sidestart|p1: sjndhc xb|move: Stealth Rock
|move|p1a: Kyogre|Ice Beam|p2a: Deoxys
|-crit|p2a: Deoxys
|-damage|p2a: Deoxys|23/100
|
|upkeep
|turn|7
|
|t:|1664718490
|move|p2a: Deoxys|Spikes|p1a: Kyogre
|-sidestart|p1: sjndhc xb|Spikes
|move|p1a: Kyogre|Ice Beam|p2a: Deoxys
|-crit|p2a: Deoxys
|-damage|p2a: Deoxys|0 fnt
|faint|p2a: Deoxys
|
|upkeep
|
|t:|1664718492
|switch|p2a: Groudon|Groudon, shiny|100/100
|-damage|p2a: Groudon|94/100|[from] Stealth Rock
|detailschange|p2a: Groudon|Groudon-Primal, shiny
|-primal|p2a: Groudon
|-weather|DesolateLand|[from] ability: Desolate Land|[of] p2a: Groudon
|turn|8
|
|t:|1664718496
|move|p1a: Kyogre|Ice Beam|p2a: Groudon
|-damage|p2a: Groudon|48/100
|move|p2a: Groudon|Precipice Blades|p1a: Kyogre
|-damage|p1a: Kyogre|23/100
|
|-weather|DesolateLand|[upkeep]
|upkeep
|turn|9
|
|t:|1664718515
|move|p1a: Kyogre|Ice Beam|p2a: Groudon
|-damage|p2a: Groudon|5/100
|move|p2a: Groudon|Precipice Blades|p1a: Kyogre
|-damage|p1a: Kyogre|0 fnt
|faint|p1a: Kyogre
|
|-weather|DesolateLand|[upkeep]
|upkeep
|
|t:|1664718520
|switch|p1a: Regieleki|Regieleki|100/100
|-damage|p1a: Regieleki|88/100|[from] Stealth Rock
|-damage|p1a: Regieleki|76/100|[from] Spikes
|turn|10
|
|t:|1664718527
|-start|p1a: Regieleki|Dynamax|
|-heal|p1a: Regieleki|76/100|[silent]
|move|p1a: Regieleki|Max Strike|p2a: Groudon
|-damage|p2a: Groudon|0 fnt
|faint|p2a: Groudon
|-weather|none
|-damage|p1a: Regieleki|71/100|[from] item: Life Orb
|
|upkeep
|
|t:|1664718532
|switch|p2a: Ditto|Ditto|100/100
|-damage|p2a: Ditto|88/100|[from] Stealth Rock
|-transform|p2a: Ditto|p1a: Regieleki|[from] ability: Imposter
|turn|11
|
|t:|1664718540
|-start|p2a: Ditto|Dynamax|
|-heal|p2a: Ditto|88/100|[silent]
|move|p2a: Ditto|Max Airstream|p1a: Regieleki
|-resisted|p1a: Regieleki
|-damage|p1a: Regieleki|51/100
|-boost|p2a: Ditto|spe|1
|move|p1a: Regieleki|Max Lightning|p2a: Ditto
|-resisted|p2a: Ditto
|-damage|p2a: Ditto|31/100
|-fieldstart|move: Electric Terrain
|-damage|p1a: Regieleki|46/100|[from] item: Life Orb
|
|upkeep
|turn|12
|
|t:|1664718555
|move|p2a: Ditto|Max Lightning|p1a: Regieleki
|-resisted|p1a: Regieleki
|-damage|p1a: Regieleki|0 fnt
|faint|p1a: Regieleki
|
|upkeep
|
|t:|1664718559
|switch|p1a: Marshadow|Marshadow|100/100
|-damage|p1a: Marshadow|94/100|[from] Stealth Rock
|-damage|p1a: Marshadow|82/100|[from] Spikes
|turn|13
|
|t:|1664718568
|move|p1a: Marshadow|Shadow Sneak|p2a: Ditto
|-damage|p2a: Ditto|0 fnt
|faint|p2a: Ditto
|-damage|p1a: Marshadow|72/100|[from] item: Life Orb
|
|upkeep
|
|t:|1664718571
|switch|p2a: Yveltal|Yveltal|100/100
|-damage|p2a: Yveltal|76/100|[from] Stealth Rock
|-ability|p2a: Yveltal|Dark Aura
|turn|14
|
|t:|1664718576
|move|p1a: Marshadow|Rock Tomb|p2a: Yveltal
|-supereffective|p2a: Yveltal
|-damage|p2a: Yveltal|2/100
|-unboost|p2a: Yveltal|spe|1
|-damage|p1a: Marshadow|62/100|[from] item: Life Orb
|move|p2a: Yveltal|Oblivion Wing|p1a: Marshadow
|-supereffective|p1a: Marshadow
|-damage|p1a: Marshadow|0 fnt
|-heal|p2a: Yveltal|39/100|[from] drain|[of] p1a: Marshadow
|faint|p1a: Marshadow
|-damage|p2a: Yveltal|29/100|[from] item: Life Orb
|
|upkeep
|
|t:|1664718579
|switch|p1a: Yveltal|Yveltal|100/100
|-damage|p1a: Yveltal|76/100|[from] Stealth Rock
|-ability|p1a: Yveltal|Dark Aura
|turn|15
|
|t:|1664718585
|move|p1a: Yveltal|Dark Pulse|p2a: Yveltal
|-resisted|p2a: Yveltal
|-damage|p2a: Yveltal|0 fnt
|faint|p2a: Yveltal
|-damage|p1a: Yveltal|66/100|[from] item: Life Orb
|
|win|sjndhc xb
|n|☆sjndhc xb|sjndhcxb
|n|☆Pikaslayer2001|pikaslayer2001
|l|☆Pikaslayer2001
