|j|☆ElitetoN
|j|☆CLEAR GEM清瑜
|t:|1662598113
|gametype|singles
|player|p1|ElitetoN|2|1743
|player|p2|CLEAR GEM清瑜|skierf|1741
|teamsize|p1|6
|teamsize|p2|6
|gen|8
|tier|[Gen 8] National Dex AG
|rated|
|rule|HP Percentage Mod: HP is shown in percentages
|rule|Endless Battle Clause: Forcing endless battles is banned
|clearpoke
|poke|p1|Arceus-*|
|poke|p1|Rayquaza|
|poke|p1|Kyogre|
|poke|p1|Yveltal|
|poke|p1|Tyranitar, F|
|poke|p1|Necrozma-Dusk-Mane|
|poke|p2|Rayquaza|
|poke|p2|Groudon|
|poke|p2|Necrozma-Dusk-Mane|
|poke|p2|Arceus-*|
|poke|p2|Zacian-*|
|poke|p2|Yveltal|
|teampreview
|inactive|Battle timer is ON: inactive players will automatically lose when time's up. (requested by CLEAR GEM清瑜)
|inactive|ElitetoN also wants the timer to be on.
|
|t:|1662598121
|start
|switch|p1a: Arceus|Arceus-Ground|100/100
|switch|p2a: 不会(?)|Groudon|100/100
|detailschange|p2a: 不会(?)|Groudon-Primal
|-primal|p2a: 不会(?)
|-weather|DesolateLand|[from] ability: Desolate Land|[of] p2a: 不会(?)
|turn|1
|
|t:|1662598124
|-start|p1a: Arceus|Dynamax|
|-heal|p1a: Arceus|100/100|[silent]
|move|p1a: Arceus|Max Quake|p2a: 不会(?)
|-supereffective|p2a: 不会(?)
|-damage|p2a: 不会(?)|0 fnt
|-boost|p1a: Arceus|spd|1
|faint|p2a: 不会(?)
|-weather|none
|
|upkeep
|
|t:|1662598130
|switch|p2a: 嘉然小姐的狗|Zacian-Crowned|100/100
|-ability|p2a: 嘉然小姐的狗|Intrepid Sword|boost
|-boost|p2a: 嘉然小姐的狗|atk|1
|turn|2
|
|t:|1662598131
|move|p2a: 嘉然小姐的狗|Behemoth Blade|p1a: Arceus
|-damage|p1a: Arceus|36/100
|move|p1a: Arceus|Max Quake|p2a: 嘉然小姐的狗
|-supereffective|p2a: 嘉然小姐的狗
|-damage|p2a: 嘉然小姐的狗|0 fnt
|-boost|p1a: Arceus|spd|1
|faint|p2a: 嘉然小姐的狗
|
|upkeep
|
|t:|1662598136
|switch|p2a: 老烈|Rayquaza|100/100
|-ability|p2a: 老烈|Air Lock
|turn|3
|
|t:|1662598138
|detailschange|p2a: 老烈|Rayquaza-Mega
|-mega|p2a: 老烈|Rayquaza|
|-weather|DeltaStream|[from] ability: Delta Stream|[of] p2a: 老烈
|move|p1a: Arceus|Max Lightning|p2a: 老烈
|-activate||deltastream
|-resisted|p2a: 老烈
|-damage|p2a: 老烈|81/100
|-fieldstart|move: Electric Terrain
|move|p2a: 老烈|Dragon Ascent|p1a: Arceus
|-damage|p1a: Arceus|7/100
|-unboost|p2a: 老烈|def|1
|-unboost|p2a: 老烈|spd|1
|
|-weather|DeltaStream|[upkeep]
|upkeep
|-end|p1a: Arceus|Dynamax
|-heal|p1a: Arceus|7/100|[silent]
|turn|4
|
|t:|1662598147
|switch|p1a: Necrozma|Necrozma-Dusk-Mane|100/100
|move|p2a: 老烈|Extreme Speed|p1a: Necrozma
|-resisted|p1a: Necrozma
|-damage|p1a: Necrozma|90/100
|-damage|p2a: 老烈|65/100|[from] item: Rocky Helmet|[of] p1a: Necrozma
|
|-weather|DeltaStream|[upkeep]
|upkeep
|turn|5
|
|t:|1662598150
|move|p2a: 老烈|Earthquake|p1a: Necrozma
|-supereffective|p1a: Necrozma
|-damage|p1a: Necrozma|49/100
|move|p1a: Necrozma|Stealth Rock|p2a: 老烈
|-sidestart|p2: CLEAR GEM清瑜|move: Stealth Rock
|
|-weather|DeltaStream|[upkeep]
|upkeep
|turn|6
|
|t:|1662598154
|move|p2a: 老烈|Earthquake|p1a: Necrozma
|-supereffective|p1a: Necrozma
|-damage|p1a: Necrozma|8/100
|move|p1a: Necrozma|Sunsteel Strike|p2a: 老烈
|-damage|p2a: 老烈|0 fnt
|faint|p2a: 老烈
|-weather|none
|
|upkeep
|
|t:|1662598159
|switch|p2a: 钢铁之躯|Necrozma-Dusk-Mane|100/100
|-damage|p2a: 钢铁之躯|94/100|[from] Stealth Rock
|turn|7
|
|t:|1662598162
|switch|p1a: Arceus|Arceus-Ground|7/100
|move|p2a: 钢铁之躯|Dragon Dance|p2a: 钢铁之躯
|-boost|p2a: 钢铁之躯|atk|1
|-boost|p2a: 钢铁之躯|spe|1
|
|-fieldend|move: Electric Terrain
|upkeep
|turn|8
|
|t:|1662598165
|detailschange|p2a: 钢铁之躯|Necrozma-Ultra
|-burst|p2a: 钢铁之躯|Necrozma|Ultranecrozium Z
|move|p2a: 钢铁之躯|Photon Geyser|p1a: Arceus
|-damage|p1a: Arceus|0 fnt
|faint|p1a: Arceus
|
|upkeep
|
|t:|1662598167
|switch|p1a: Yveltal|Yveltal, shiny|100/100
|-ability|p1a: Yveltal|Dark Aura
|turn|9
|
|t:|1662598168
|move|p1a: Yveltal|Sucker Punch|p2a: 钢铁之躯
|-supereffective|p2a: 钢铁之躯
|-damage|p2a: 钢铁之躯|0 fnt
|faint|p2a: 钢铁之躯
|-damage|p1a: Yveltal|91/100|[from] item: Life Orb
|
|upkeep
|
|t:|1662598171
|switch|p2a: 悬空羊驼|Arceus-Flying|100/100
|-damage|p2a: 悬空羊驼|76/100|[from] Stealth Rock
|turn|10
|
|t:|1662598173
|switch|p1a: Necrozma|Necrozma-Dusk-Mane|8/100
|move|p2a: 悬空羊驼|Calm Mind|p2a: 悬空羊驼
|-boost|p2a: 悬空羊驼|spa|1
|-boost|p2a: 悬空羊驼|spd|1
|
|upkeep
|turn|11
|
|t:|1662598176
|move|p2a: 悬空羊驼|Judgment|p1a: Necrozma
|-resisted|p1a: Necrozma
|-damage|p1a: Necrozma|0 fnt
|faint|p1a: Necrozma
|
|upkeep
|
|t:|1662598181
|switch|p1a: Kyogre|Kyogre|100/100
|-weather|RainDance|[from] ability: Drizzle|[of] p1a: Kyogre
|turn|12
|
|t:|1662598183
|-start|p2a: 悬空羊驼|Dynamax|
|-heal|p2a: 悬空羊驼|76/100|[silent]
|move|p1a: Kyogre|Water Spout|p2a: 悬空羊驼
|-damage|p2a: 悬空羊驼|46/100
|move|p2a: 悬空羊驼|Max Airstream|p1a: Kyogre
|-damage|p1a: Kyogre|14/100
|-boost|p2a: 悬空羊驼|spe|1
|
|-weather|RainDance|[upkeep]
|upkeep
|turn|13
|
|t:|1662598190
|switch|p1a: Tyranitar|Tyranitar, F|100/100
|-weather|Sandstorm|[from] ability: Sand Stream|[of] p1a: Tyranitar
|move|p2a: 悬空羊驼|Max Quake|p1a: Tyranitar
|-supereffective|p1a: Tyranitar
|-damage|p1a: Tyranitar|40/100
|-boost|p2a: 悬空羊驼|spd|1
|
|-weather|Sandstorm|[upkeep]
|-damage|p2a: 悬空羊驼|43/100|[from] Sandstorm
|-heal|p1a: Tyranitar|46/100|[from] item: Leftovers
|upkeep
|turn|14
|
|t:|1662598192
|move|p2a: 悬空羊驼|Max Quake|p1a: Tyranitar
|-supereffective|p1a: Tyranitar
|-damage|p1a: Tyranitar|0 fnt
|-boost|p2a: 悬空羊驼|spd|1
|faint|p1a: Tyranitar
|
|-weather|Sandstorm|[upkeep]
|-damage|p2a: 悬空羊驼|40/100|[from] Sandstorm
|upkeep
|
|t:|1662598200
|switch|p1a: Kyogre|Kyogre|14/100
|-weather|RainDance|[from] ability: Drizzle|[of] p1a: Kyogre
|-end|p2a: 悬空羊驼|Dynamax
|-heal|p2a: 悬空羊驼|40/100|[silent]
|turn|15
|
|t:|1662598203
|move|p2a: 悬空羊驼|Recover|p2a: 悬空羊驼
|-heal|p2a: 悬空羊驼|90/100
|move|p1a: Kyogre|Scald|p2a: 悬空羊驼
|-damage|p2a: 悬空羊驼|70/100
|
|-weather|RainDance|[upkeep]
|upkeep
|turn|16
|
|t:|1662598208
|move|p2a: 悬空羊驼|Recover|p2a: 悬空羊驼
|-heal|p2a: 悬空羊驼|100/100
|move|p1a: Kyogre|Scald|p2a: 悬空羊驼
|-damage|p2a: 悬空羊驼|80/100
|
|-weather|RainDance|[upkeep]
|upkeep
|turn|17
|
|t:|1662598212
|move|p2a: 悬空羊驼|Judgment|p1a: Kyogre
|-damage|p1a: Kyogre|0 fnt
|faint|p1a: Kyogre
|
|-weather|RainDance|[upkeep]
|upkeep
|
|t:|1662598216
|switch|p1a: Rayquaza|Rayquaza|100/100
|-ability|p1a: Rayquaza|Air Lock
|turn|18
|
|t:|1662598220
|detailschange|p1a: Rayquaza|Rayquaza-Mega
|-mega|p1a: Rayquaza|Rayquaza|
|-weather|DeltaStream|[from] ability: Delta Stream|[of] p1a: Rayquaza
|move|p1a: Rayquaza|Dragon Ascent|p2a: 悬空羊驼
|-damage|p2a: 悬空羊驼|23/100
|-unboost|p1a: Rayquaza|def|1
|-unboost|p1a: Rayquaza|spd|1
|move|p2a: 悬空羊驼|Judgment|p1a: Rayquaza
|-damage|p1a: Rayquaza|0 fnt
|faint|p1a: Rayquaza
|-weather|none
|
|upkeep
|
|t:|1662598226
|switch|p1a: Yveltal|Yveltal, shiny|91/100
|-ability|p1a: Yveltal|Dark Aura
|turn|19
|
|t:|1662598227
|move|p1a: Yveltal|Sucker Punch||[still]
|-fail|p1a: Yveltal
|move|p2a: 悬空羊驼|Recover|p2a: 悬空羊驼
|-heal|p2a: 悬空羊驼|73/100
|
|upkeep
|turn|20
|-message|ElitetoN forfeited.
|
|win|CLEAR GEM清瑜
|raw|ElitetoN's rating: 1743 &rarr; <strong>1723</strong><br />(-20 for losing)
|raw|CLEAR GEM清瑜's rating: 1741 &rarr; <strong>1761</strong><br />(+20 for winning)
|l|☆ElitetoN
||Ladder isn't responding, score probably updated but might not have (Request timeout).
