|j|☆kek1445645
|j|☆chopforce8
|t:|1665531756
|gametype|singles
|player|p1|kek1445645|lucas|1744
|player|p2|chopforce8|red|1734
|teamsize|p1|6
|teamsize|p2|6
|gen|8
|tier|[Gen 8] National Dex AG
|rated|
|rule|HP Percentage Mod: HP is shown in percentages
|rule|Endless Battle Clause: Forcing endless battles is banned
|clearpoke
|poke|p1|Groudon|
|poke|p1|Rayquaza|
|poke|p1|Zygarde|
|poke|p1|Calyrex-Shadow|
|poke|p1|Arceus-*|
|poke|p1|Arceus-*|
|poke|p2|Rayquaza|
|poke|p2|Metagross|
|poke|p2|Giratina|
|poke|p2|Necrozma-Dusk-Mane|
|poke|p2|Ditto|
|poke|p2|Arceus-*|
|teampreview
|
|t:|1665531775
|start
|switch|p1a: the gwoat|Rayquaza|100/100
|switch|p2a: Ra|Giratina|100/100
|-ability|p1a: the gwoat|Air Lock
|-ability|p2a: Ra|Pressure
|turn|1
|
|t:|1665531782
|detailschange|p1a: the gwoat|Rayquaza-Mega
|-mega|p1a: the gwoat|Rayquaza|
|-weather|DeltaStream|[from] ability: Delta Stream|[of] p1a: the gwoat
|move|p1a: the gwoat|Scale Shot|p2a: Ra
|-supereffective|p2a: Ra
|-damage|p2a: Ra|71/100
|-supereffective|p2a: Ra
|-damage|p2a: Ra|44/100
|-supereffective|p2a: Ra
|-damage|p2a: Ra|16/100
|-hitcount|p2a: Ra|3
|-unboost|p1a: the gwoat|def|1
|-boost|p1a: the gwoat|spe|1
|-damage|p1a: the gwoat|91/100|[from] item: Life Orb
|move|p2a: Ra|Toxic|p1a: the gwoat
|-status|p1a: the gwoat|tox
|
|-weather|DeltaStream|[upkeep]
|-heal|p2a: Ra|22/100|[from] item: Leftovers
|-damage|p1a: the gwoat|85/100 tox|[from] psn
|upkeep
|turn|2
|
|t:|1665531799
|switch|p2a: Slifer|Rayquaza|100/100
|-ability|p2a: Slifer|Air Lock
|move|p1a: the gwoat|Dragon Ascent|p2a: Slifer
|-enditem|p2a: Slifer|Focus Sash
|-damage|p2a: Slifer|1/100
|-unboost|p1a: the gwoat|def|1
|-unboost|p1a: the gwoat|spd|1
|-damage|p1a: the gwoat|75/100 tox|[from] item: Life Orb
|
|-weather|DeltaStream|[upkeep]
|-damage|p1a: the gwoat|63/100 tox|[from] psn
|upkeep
|turn|3
|
|t:|1665531811
|switch|p2a: Ra|Giratina|22/100
|-ability|p2a: Ra|Pressure
|move|p1a: the gwoat|Extreme Speed|p2a: Ra
|-immune|p2a: Ra
|
|-weather|DeltaStream|[upkeep]
|-heal|p2a: Ra|28/100|[from] item: Leftovers
|-damage|p1a: the gwoat|45/100 tox|[from] psn
|upkeep
|turn|4
|
|t:|1665531822
|switch|p2a: Slifer|Rayquaza|1/100
|-ability|p2a: Slifer|Air Lock
|move|p1a: the gwoat|Dragon Ascent|p2a: Slifer
|-damage|p2a: Slifer|0 fnt
|-unboost|p1a: the gwoat|def|1
|-unboost|p1a: the gwoat|spd|1
|faint|p2a: Slifer
|-damage|p1a: the gwoat|35/100 tox|[from] item: Life Orb
|
|-weather|DeltaStream|[upkeep]
|-damage|p1a: the gwoat|11/100 tox|[from] psn
|upkeep
|
|t:|1665531836
|switch|p2a: Obelisk|Metagross|100/100
|turn|5
|
|t:|1665531843
|detailschange|p2a: Obelisk|Metagross-Mega
|-mega|p2a: Obelisk|Metagross|Metagrossite
|move|p1a: the gwoat|Extreme Speed|p2a: Obelisk
|-resisted|p2a: Obelisk
|-damage|p2a: Obelisk|82/100
|-damage|p1a: the gwoat|1/100 tox|[from] item: Life Orb
|move|p2a: Obelisk|Bullet Punch|p1a: the gwoat
|-damage|p1a: the gwoat|0 fnt
|faint|p1a: the gwoat
|-weather|none
|
|upkeep
|
|t:|1665531846
|switch|p1a: the goat|Zygarde, shiny|100/100
|turn|6
|
|t:|1665531855
|switch|p2a: Ra|Giratina|28/100
|-ability|p2a: Ra|Pressure
|move|p1a: the goat|Glare|p2a: Ra
|-status|p2a: Ra|par
|
|-heal|p2a: Ra|34/100 par|[from] item: Leftovers
|upkeep
|turn|7
|
|t:|1665531863
|move|p1a: the goat|Substitute|p1a: the goat
|-start|p1a: the goat|Substitute
|-damage|p1a: the goat|75/100
|move|p2a: Ra|Toxic||[still]
|-fail|p2a: Ra
|
|-heal|p1a: the goat|82/100|[from] item: Leftovers
|-heal|p2a: Ra|41/100 par|[from] item: Leftovers
|upkeep
|turn|8
|
|t:|1665531873
|move|p1a: the goat|Coil|p1a: the goat
|-boost|p1a: the goat|atk|1
|-boost|p1a: the goat|def|1
|-boost|p1a: the goat|accuracy|1
|cant|p2a: Ra|par
|
|-heal|p1a: the goat|88/100|[from] item: Leftovers
|-heal|p2a: Ra|47/100 par|[from] item: Leftovers
|upkeep
|turn|9
|
|t:|1665531884
|switch|p2a: Blue Eyes|Arceus-Dragon|100/100
|move|p1a: the goat|Coil|p1a: the goat
|-boost|p1a: the goat|atk|1
|-boost|p1a: the goat|def|1
|-boost|p1a: the goat|accuracy|1
|
|-heal|p1a: the goat|94/100|[from] item: Leftovers
|upkeep
|turn|10
|
|t:|1665531898
|move|p2a: Blue Eyes|Judgment|p1a: the goat
|-supereffective|p1a: the goat
|-end|p1a: the goat|Substitute
|move|p1a: the goat|Glare|p2a: Blue Eyes
|-status|p2a: Blue Eyes|par
|
|-heal|p1a: the goat|99/100|[from] item: Leftovers
|upkeep
|turn|11
|
|t:|1665531909
|-start|p1a: the goat|Dynamax|
|-heal|p1a: the goat|99/100|[silent]
|move|p1a: the goat|Max Quake|p2a: Blue Eyes
|-damage|p2a: Blue Eyes|42/100 par
|-boost|p1a: the goat|spd|1
|move|p2a: Blue Eyes|Judgment|p1a: the goat
|-supereffective|p1a: the goat
|-damage|p1a: the goat|72/100
|
|-heal|p1a: the goat|75/100|[from] item: Leftovers
|upkeep
|turn|12
|
|t:|1665531920
|move|p1a: the goat|Max Quake|p2a: Blue Eyes
|-damage|p2a: Blue Eyes|0 fnt
|-boost|p1a: the goat|spd|1
|faint|p2a: Blue Eyes
|
|-heal|p1a: the goat|78/100|[from] item: Leftovers
|upkeep
|
|t:|1665531930
|switch|p2a: Ra|Giratina|47/100 par
|-ability|p2a: Ra|Pressure
|turn|13
|
|t:|1665531934
|move|p1a: the goat|Max Quake|p2a: Ra
|-damage|p2a: Ra|0 fnt
|-boost|p1a: the goat|spd|1
|faint|p2a: Ra
|
|-heal|p1a: the goat|81/100|[from] item: Leftovers
|upkeep
|
|t:|1665531941
|switch|p2a: Exodia|Necrozma-Dusk-Mane, shiny|100/100
|-end|p1a: the goat|Dynamax
|-heal|p1a: the goat|81/100|[silent]
|turn|14
|c|☆chopforce8|EXODIA
|c|☆chopforce8|OBITORATE!
|
|t:|1665531956
|detailschange|p2a: Exodia|Necrozma-Ultra, shiny
|-burst|p2a: Exodia|Necrozma|Ultranecrozium Z
|move|p2a: Exodia|Prismatic Laser|p1a: the goat
|-damage|p1a: the goat|55/100
|-mustrecharge|p2a: Exodia
|move|p1a: the goat|Glare|p2a: Exodia
|-status|p2a: Exodia|par
|
|-heal|p1a: the goat|61/100|[from] item: Leftovers
|upkeep
|turn|15
|
|t:|1665531984
|move|p1a: the goat|Substitute|p1a: the goat
|-start|p1a: the goat|Substitute
|-damage|p1a: the goat|36/100
|cant|p2a: Exodia|recharge
|
|-heal|p1a: the goat|42/100|[from] item: Leftovers
|-activate|p1a: the goat|ability: Power Construct
|detailschange|p1a: the goat|Zygarde-Complete, shiny
|-heal|p1a: the goat|62/100|[silent]
|upkeep
|turn|16
|
|t:|1665531994
|move|p1a: the goat|Coil|p1a: the goat
|-boost|p1a: the goat|atk|1
|-boost|p1a: the goat|def|1
|-boost|p1a: the goat|accuracy|1
|move|p2a: Exodia|Dragon Dance|p2a: Exodia
|-boost|p2a: Exodia|atk|1
|-boost|p2a: Exodia|spe|1
|
|-heal|p1a: the goat|68/100|[from] item: Leftovers
|upkeep
|turn|17
|
|t:|1665532020
|move|p2a: Exodia|Photon Geyser|p1a: the goat
|-activate|p1a: the goat|move: Substitute|[damage]
|move|p1a: the goat|Coil|p1a: the goat
|-boost|p1a: the goat|atk|1
|-boost|p1a: the goat|def|1
|-boost|p1a: the goat|accuracy|1
|
|-heal|p1a: the goat|74/100|[from] item: Leftovers
|upkeep
|turn|18
|c|☆chopforce8|omfg
|
|t:|1665532030
|cant|p2a: Exodia|par
|move|p1a: the goat|Coil|p1a: the goat
|-boost|p1a: the goat|atk|1
|-boost|p1a: the goat|def|1
|-boost|p1a: the goat|accuracy|1
|
|-heal|p1a: the goat|81/100|[from] item: Leftovers
|upkeep
|turn|19
|c|☆kek1445645|im sorry my sweet child
|j| Nick072994
|
|t:|1665532037
|move|p2a: Exodia|Photon Geyser|p1a: the goat
|-end|p1a: the goat|Substitute
|move|p1a: the goat|Coil|p1a: the goat
|-boost|p1a: the goat|atk|1
|-boost|p1a: the goat|def|1
|-boost|p1a: the goat|accuracy|1
|
|-heal|p1a: the goat|87/100|[from] item: Leftovers
|upkeep
|turn|20
|c|☆chopforce8|EX0D1A
|c|☆chopforce8|0BL1T0R8!
|
|t:|1665532057
|-zpower|p2a: Exodia
|move|p2a: Exodia|Light That Burns the Sky|p1a: the goat|[zeffect]
|-damage|p1a: the goat|70/100
|move|p1a: the goat|Substitute|p1a: the goat
|-start|p1a: the goat|Substitute
|-damage|p1a: the goat|45/100
|
|-heal|p1a: the goat|51/100|[from] item: Leftovers
|upkeep
|turn|21
|c|☆kek1445645|YEAH!
|c|☆chopforce8|bruh
|
|t:|1665532075
|move|p2a: Exodia|Photon Geyser|p1a: the goat
|-crit|p1a: the goat
|-end|p1a: the goat|Substitute
|move|p1a: the goat|Thousand Arrows|p2a: Exodia
|-damage|p2a: Exodia|0 fnt
|faint|p2a: Exodia
|
|-heal|p1a: the goat|57/100|[from] item: Leftovers
|upkeep
|c|☆kek1445645|O
|c|☆kek1445645|das funny
|
|t:|1665532085
|switch|p2a: Toon World|Ditto|100/100
|-transform|p2a: Toon World|p1a: the goat|[from] ability: Imposter
|turn|22
|
|t:|1665532099
|-start|p2a: Toon World|Dynamax|
|-heal|p2a: Toon World|100/100|[silent]
|move|p2a: Toon World|Max Quake|p1a: the goat
|-damage|p1a: the goat|41/100
|-boost|p2a: Toon World|spd|1
|move|p1a: the goat|Substitute|p1a: the goat
|-start|p1a: the goat|Substitute
|-damage|p1a: the goat|16/100
|
|-heal|p1a: the goat|22/100|[from] item: Leftovers
|upkeep
|turn|23
|c|☆chopforce8|i gotta win a battle with this set
|c|☆chopforce8|is hard
|c|☆kek1445645|ye ngl
|
|t:|1665532130
|move|p2a: Toon World|Max Quake|p1a: the goat
|-activate|p1a: the goat|move: Substitute|[damage]
|-boost|p2a: Toon World|spd|1
|move|p1a: the goat|Glare|p2a: Toon World
|-status|p2a: Toon World|par
|
|-heal|p1a: the goat|28/100|[from] item: Leftovers
|upkeep
|turn|24
|
|t:|1665532139
|move|p1a: the goat|Coil|p1a: the goat
|-boost|p1a: the goat|atk|0
|-boost|p1a: the goat|def|0
|-boost|p1a: the goat|accuracy|0
|cant|p2a: Toon World|par
|
|-heal|p1a: the goat|34/100|[from] item: Leftovers
|upkeep
|-end|p2a: Toon World|Dynamax
|-heal|p2a: Toon World|100/100 par|[silent]
|turn|25
|
|t:|1665532161
|move|p1a: the goat|Coil|p1a: the goat
|-boost|p1a: the goat|atk|0
|-boost|p1a: the goat|def|0
|-boost|p1a: the goat|accuracy|0
|move|p2a: Toon World|Thousand Arrows|p1a: the goat
|-end|p1a: the goat|Substitute
|
|-heal|p1a: the goat|40/100|[from] item: Leftovers
|upkeep
|turn|26
|
|t:|1665532170
|move|p1a: the goat|Substitute|p1a: the goat
|-start|p1a: the goat|Substitute
|-damage|p1a: the goat|15/100
|move|p2a: Toon World|Thousand Arrows|p1a: the goat
|-activate|p1a: the goat|move: Substitute|[damage]
|
|-heal|p1a: the goat|21/100|[from] item: Leftovers
|upkeep
|turn|27
|
|t:|1665532177
|move|p1a: the goat|Coil|p1a: the goat
|-boost|p1a: the goat|atk|0
|-boost|p1a: the goat|def|0
|-boost|p1a: the goat|accuracy|0
|move|p2a: Toon World|Thousand Arrows|p1a: the goat
|-activate|p1a: the goat|move: Substitute|[damage]
|
|-heal|p1a: the goat|28/100|[from] item: Leftovers
|upkeep
|turn|28
|c|☆chopforce8|gg
|c|☆kek1445645|gg
|-message|chopforce8 forfeited.
|
|win|kek1445645
|raw|kek1445645's rating: 1744 &rarr; <strong>1763</strong><br />(+19 for winning)
|raw|chopforce8's rating: 1734 &rarr; <strong>1715</strong><br />(-19 for losing)
|l|☆chopforce8
|l| Nick072994
||Ladder isn't responding, score probably updated but might not have (Request timeout).
