|j|☆Crunchman
|j|☆ImAbroom
|inactive|Battle timer is ON: inactive players will automatically lose when time's up.
|t:|1633988340
|gametype|singles
|player|p1|Crunchman|beauty-gen4dp|
|player|p2|ImAbroom|red|
|teamsize|p1|6
|teamsize|p2|6
|gen|8
|tier|[Gen 8] National Dex AG
|rated|Tournament battle
|rule|HP Percentage Mod: HP is shown in percentages
|rule|Endless Battle Clause: Forcing endless battles is banned
|clearpoke
|poke|p1|Excadrill, M|
|poke|p1|Smeargle, M|
|poke|p1|Rayquaza|
|poke|p1|Mewtwo|
|poke|p1|Zacian-*|
|poke|p1|Marshadow|
|poke|p2|Rayquaza|
|poke|p2|Xerneas-*|
|poke|p2|Zacian-*|
|poke|p2|Zygarde|
|poke|p2|Groudon|
|poke|p2|Ho-Oh|
|teampreview
|j| Best Custom Gamer
|c|☆Crunchman|glhf
|
|t:|1633988351
|start
|switch|p1a: Excadrill|Excadrill, M|100/100
|switch|p2a: Upper Moon 5|Groudon|100/100
|-ability|p1a: Excadrill|Mold Breaker
|detailschange|p2a: Upper Moon 5|Groudon-Primal
|-primal|p2a: Upper Moon 5
|-weather|DesolateLand|[from] ability: Desolate Land|[of] p2a: Upper Moon 5
|turn|1
|
|t:|1633988361
|move|p2a: Upper Moon 5|Rock Tomb|p1a: Excadrill|[miss]
|-miss|p2a: Upper Moon 5|p1a: Excadrill
|move|p1a: Excadrill|Rock Tomb|p2a: Upper Moon 5
|-damage|p2a: Upper Moon 5|87/100
|-unboost|p2a: Upper Moon 5|spe|1
|
|-weather|DesolateLand|[upkeep]
|upkeep
|turn|2
|c|☆Crunchman|mb
|
|t:|1633988372
|move|p1a: Excadrill|Stealth Rock|p2a: Upper Moon 5
|-sidestart|p2: ImAbroom|move: Stealth Rock
|move|p2a: Upper Moon 5|Stealth Rock|p1a: Excadrill
|-sidestart|p1: Crunchman|move: Stealth Rock
|
|-weather|DesolateLand|[upkeep]
|upkeep
|turn|3
|
|t:|1633988376
|move|p1a: Excadrill|Rapid Spin|p2a: Upper Moon 5
|-damage|p2a: Upper Moon 5|75/100
|-boost|p1a: Excadrill|spe|1
|-sideend|p1: Crunchman|Stealth Rock|[from] move: Rapid Spin|[of] p1a: Excadrill
|move|p2a: Upper Moon 5|Rock Tomb|p1a: Excadrill
|-resisted|p1a: Excadrill
|-damage|p1a: Excadrill|91/100
|-unboost|p1a: Excadrill|spe|1
|
|-weather|DesolateLand|[upkeep]
|upkeep
|turn|4
|
|t:|1633988379
|move|p1a: Excadrill|Rapid Spin|p2a: Upper Moon 5
|-damage|p2a: Upper Moon 5|63/100
|-boost|p1a: Excadrill|spe|1
|move|p2a: Upper Moon 5|Rock Tomb|p1a: Excadrill
|-resisted|p1a: Excadrill
|-damage|p1a: Excadrill|81/100
|-unboost|p1a: Excadrill|spe|1
|
|-weather|DesolateLand|[upkeep]
|upkeep
|turn|5
|
|t:|1633988382
|-weather|none
|switch|p2a: Upper Moon 3|Zacian-Crowned|100/100
|-damage|p2a: Upper Moon 3|94/100|[from] Stealth Rock
|-ability|p2a: Upper Moon 3|Intrepid Sword|boost
|-boost|p2a: Upper Moon 3|atk|1
|move|p1a: Excadrill|Rapid Spin|p2a: Upper Moon 3
|-resisted|p2a: Upper Moon 3
|-damage|p2a: Upper Moon 3|86/100
|-boost|p1a: Excadrill|spe|1
|
|upkeep
|turn|6
|
|t:|1633988403
|switch|p2a: Upper Moon 4|Zygarde|100/100
|-damage|p2a: Upper Moon 4|94/100|[from] Stealth Rock
|move|p1a: Excadrill|Rock Tomb|p2a: Upper Moon 4
|-resisted|p2a: Upper Moon 4
|-damage|p2a: Upper Moon 4|89/100
|-unboost|p2a: Upper Moon 4|spe|1
|
|-heal|p2a: Upper Moon 4|95/100|[from] item: Leftovers
|upkeep
|turn|7
|
|t:|1633988417
|switch|p1a: Mewtwo|Mewtwo|100/100
|-ability|p1a: Mewtwo|Pressure
|move|p2a: Upper Moon 4|Glare|p1a: Mewtwo
|-status|p1a: Mewtwo|par
|
|-heal|p2a: Upper Moon 4|100/100|[from] item: Leftovers
|upkeep
|turn|8
|
|t:|1633988420
|switch|p2a: Upper Moon 6|Ho-Oh|100/100
|move|p1a: Mewtwo|Icy Wind|p2a: Upper Moon 6
|-damage|p2a: Upper Moon 6|87/100
|-unboost|p2a: Upper Moon 6|spe|1
|
|upkeep
|turn|9
|
|t:|1633988433
|move|p1a: Mewtwo|Self-Destruct|p2a: Upper Moon 6
|-damage|p2a: Upper Moon 6|58/100
|faint|p1a: Mewtwo
|move|p2a: Upper Moon 6|Defog|p1: Mewtwo|[notarget]
|-fail|p2a: Upper Moon 6
|
|upkeep
|
|t:|1633988440
|switch|p1a: Smeargle|Smeargle, M|100/100
|turn|10
|
|t:|1633988447
|move|p1a: Smeargle|Spore|p2a: Upper Moon 6
|-status|p2a: Upper Moon 6|slp|[from] move: Spore
|cant|p2a: Upper Moon 6|slp
|
|-ability|p1a: Smeargle|Moody|boost
|-boost|p1a: Smeargle|spd|2
|-unboost|p1a: Smeargle|spe|1
|upkeep
|turn|11
|
|t:|1633988455
|move|p1a: Smeargle|Substitute|p1a: Smeargle
|-start|p1a: Smeargle|Substitute
|-damage|p1a: Smeargle|75/100
|cant|p2a: Upper Moon 6|slp
|
|-heal|p1a: Smeargle|81/100|[from] item: Leftovers
|-ability|p1a: Smeargle|Moody|boost
|-boost|p1a: Smeargle|atk|2
|-unboost|p1a: Smeargle|def|1
|upkeep
|turn|12
|
|t:|1633988461
|move|p1a: Smeargle|Shell Smash|p1a: Smeargle
|-unboost|p1a: Smeargle|def|1
|-unboost|p1a: Smeargle|spd|1
|-boost|p1a: Smeargle|atk|2
|-boost|p1a: Smeargle|spa|2
|-boost|p1a: Smeargle|spe|2
|cant|p2a: Upper Moon 6|slp
|
|-heal|p1a: Smeargle|87/100|[from] item: Leftovers
|-ability|p1a: Smeargle|Moody|boost
|-boost|p1a: Smeargle|spa|2
|-unboost|p1a: Smeargle|def|1
|upkeep
|turn|13
|
|t:|1633988466
|move|p1a: Smeargle|Power Trip|p2a: Upper Moon 6
|-damage|p2a: Upper Moon 6|5/100 slp
|-curestatus|p2a: Upper Moon 6|slp|[msg]
|move|p2a: Upper Moon 6|Whirlwind|p1a: Smeargle
|drag|p1a: Rayquaza|Rayquaza|100/100
|-ability|p1a: Rayquaza|Air Lock
|
|upkeep
|turn|14
|
|t:|1633988481
|switch|p2a: Upper Moon 3|Zacian-Crowned|86/100
|-damage|p2a: Upper Moon 3|80/100|[from] Stealth Rock
|-ability|p2a: Upper Moon 3|Intrepid Sword|boost
|-boost|p2a: Upper Moon 3|atk|1
|detailschange|p1a: Rayquaza|Rayquaza-Mega
|-mega|p1a: Rayquaza|Rayquaza|
|-weather|DeltaStream|[from] ability: Delta Stream|[of] p1a: Rayquaza
|move|p1a: Rayquaza|Swords Dance|p1a: Rayquaza
|-boost|p1a: Rayquaza|atk|2
|
|-weather|DeltaStream|[upkeep]
|upkeep
|turn|15
|
|t:|1633988494
|-weather|none
|switch|p1a: Excadrill|Excadrill, M|81/100
|-ability|p1a: Excadrill|Mold Breaker
|move|p2a: Upper Moon 3|Play Rough|p1a: Excadrill
|-resisted|p1a: Excadrill
|-damage|p1a: Excadrill|19/100
|
|upkeep
|turn|16
|
|t:|1633988499
|move|p2a: Upper Moon 3|Crunch|p1a: Excadrill
|-damage|p1a: Excadrill|0 fnt
|faint|p1a: Excadrill
|
|upkeep
|
|t:|1633988513
|switch|p1a: Zacian|Zacian-Crowned|100/100
|-ability|p1a: Zacian|Intrepid Sword|boost
|-boost|p1a: Zacian|atk|1
|turn|17
|
|t:|1633988524
|switch|p2a: Upper Moon 6|Ho-Oh|38/100
|move|p1a: Zacian|Behemoth Blade|p2a: Upper Moon 6
|-resisted|p2a: Upper Moon 6
|-damage|p2a: Upper Moon 6|2/100
|
|upkeep
|turn|18
|
|t:|1633988529
|move|p1a: Zacian|Behemoth Blade|p2a: Upper Moon 6
|-resisted|p2a: Upper Moon 6
|-damage|p2a: Upper Moon 6|0 fnt
|faint|p2a: Upper Moon 6
|
|upkeep
|
|t:|1633988534
|switch|p2a: Upper Moon 5|Groudon-Primal|63/100
|-damage|p2a: Upper Moon 5|50/100|[from] Stealth Rock
|-weather|DesolateLand|[from] ability: Desolate Land|[of] p2a: Upper Moon 5
|turn|19
|
|t:|1633988540
|move|p1a: Zacian|Close Combat|p2a: Upper Moon 5
|-damage|p2a: Upper Moon 5|0 fnt
|-unboost|p1a: Zacian|def|1
|-unboost|p1a: Zacian|spd|1
|faint|p2a: Upper Moon 5
|-weather|none
|
|upkeep
|
|t:|1633988544
|switch|p2a: Upper Moon 4|Zygarde|100/100
|-damage|p2a: Upper Moon 4|94/100|[from] Stealth Rock
|turn|20
|
|t:|1633988546
|move|p1a: Zacian|Substitute|p1a: Zacian
|-start|p1a: Zacian|Substitute
|-damage|p1a: Zacian|76/100
|move|p2a: Upper Moon 4|Glare||[still]
|-fail|p2a: Upper Moon 4
|
|-heal|p2a: Upper Moon 4|100/100|[from] item: Leftovers
|upkeep
|turn|21
|
|t:|1633988551
|move|p1a: Zacian|Behemoth Blade|p2a: Upper Moon 4
|-damage|p2a: Upper Moon 4|45/100
|move|p2a: Upper Moon 4|Thousand Arrows|p1a: Zacian
|-supereffective|p1a: Zacian
|-end|p1a: Zacian|Substitute
|
|-heal|p2a: Upper Moon 4|51/100|[from] item: Leftovers
|upkeep
|turn|22
|
|t:|1633988557
|move|p1a: Zacian|Behemoth Blade|p2a: Upper Moon 4
|-damage|p2a: Upper Moon 4|0 fnt
|faint|p2a: Upper Moon 4
|
|upkeep
|
|t:|1633988563
|switch|p2a: Upper Moon 3|Zacian-Crowned|80/100
|-damage|p2a: Upper Moon 3|74/100|[from] Stealth Rock
|-ability|p2a: Upper Moon 3|Intrepid Sword|boost
|-boost|p2a: Upper Moon 3|atk|1
|turn|23
|
|t:|1633988570
|switch|p1a: Smeargle|Smeargle, M|87/100
|move|p2a: Upper Moon 3|Behemoth Blade|p1a: Smeargle
|-damage|p1a: Smeargle|0 fnt
|faint|p1a: Smeargle
|
|upkeep
|
|t:|1633988575
|switch|p1a: Marshadow|Marshadow|100/100
|turn|24
|
|t:|1633988582
|switch|p2a: Upper Moon 2|Xerneas|100/100
|-damage|p2a: Upper Moon 2|88/100|[from] Stealth Rock
|-ability|p2a: Upper Moon 2|Fairy Aura
|move|p1a: Marshadow|Spectral Thief|p2a: Upper Moon 2
|-damage|p2a: Upper Moon 2|44/100
|
|upkeep
|turn|25
|
|t:|1633988585
|-start|p2a: Upper Moon 2|Dynamax
|-heal|p2a: Upper Moon 2|44/100|[silent]
|move|p1a: Marshadow|Spectral Thief|p2a: Upper Moon 2
|-damage|p2a: Upper Moon 2|24/100
|move|p2a: Upper Moon 2|Max Starfall|p1a: Marshadow
|-supereffective|p1a: Marshadow
|-damage|p1a: Marshadow|0 fnt
|-fieldstart|move: Misty Terrain
|faint|p1a: Marshadow
|
|upkeep
|
|t:|1633988592
|switch|p1a: Zacian|Zacian-Crowned|76/100
|-ability|p1a: Zacian|Intrepid Sword|boost
|-boost|p1a: Zacian|atk|1
|turn|26
|
|t:|1633988596
|move|p1a: Zacian|Behemoth Blade|p2a: Upper Moon 2
|-supereffective|p2a: Upper Moon 2
|-damage|p2a: Upper Moon 2|0 fnt
|faint|p2a: Upper Moon 2
|
|upkeep
|
|t:|1633988598
|switch|p2a: Upper Moon 3|Zacian-Crowned|74/100
|-damage|p2a: Upper Moon 3|68/100|[from] Stealth Rock
|-ability|p2a: Upper Moon 3|Intrepid Sword|boost
|-boost|p2a: Upper Moon 3|atk|1
|turn|27
|
|t:|1633988601
|move|p2a: Upper Moon 3|Behemoth Blade|p1a: Zacian
|-damage|p1a: Zacian|0 fnt
|faint|p1a: Zacian
|
|upkeep
|
|t:|1633988604
|switch|p1a: Rayquaza|Rayquaza-Mega|100/100
|-weather|DeltaStream|[from] ability: Delta Stream|[of] p1a: Rayquaza
|turn|28
|
|t:|1633988607
|move|p2a: Upper Moon 3|Behemoth Blade|p1a: Rayquaza
|-damage|p1a: Rayquaza|1/100
|move|p1a: Rayquaza|Earthquake|p2a: Upper Moon 3
|-supereffective|p2a: Upper Moon 3
|-damage|p2a: Upper Moon 3|0 fnt
|faint|p2a: Upper Moon 3
|-damage|p1a: Rayquaza|0 fnt|[from] item: Life Orb
|faint|p1a: Rayquaza
|-weather|none
|
|win|ImAbroom
|n|☆Crunchman|crunchman
|n|☆ImAbroom|imabroom
|n| Best Custom Gamer|bestcustomgamer
