|j|☆Chompychipper
|j|☆Bigjoocy
|t:|1649419996
|gametype|singles
|player|p1|Chompychipper|266|1639
|player|p2|Bigjoocy|pokekid|1546
|teamsize|p1|6
|teamsize|p2|6
|gen|8
|tier|[Gen 8] National Dex AG
|rated|
|rule|HP Percentage Mod: HP is shown in percentages
|rule|Endless Battle Clause: Forcing endless battles is banned
|clearpoke
|poke|p1|Groudon|
|poke|p1|Groudon|
|poke|p1|Groudon|
|poke|p1|Groudon|
|poke|p1|Groudon|
|poke|p1|Groudon|
|poke|p2|Genesect|
|poke|p2|Groudon|
|poke|p2|Shaymin-Sky|
|poke|p2|Yveltal|
|poke|p2|Deoxys-Attack|
|poke|p2|Ditto|
|teampreview
|inactive|Battle timer is ON: inactive players will automatically lose when time's up. (requested by Bigjoocy)
|
|t:|1649420008
|start
|switch|p1a: Groudon|Groudon|100/100
|switch|p2a: SISSYOFFREEMONT|Deoxys-Attack|100/100
|-ability|p2a: SISSYOFFREEMONT|Pressure
|-weather|SunnyDay|[from] ability: Drought|[of] p1a: Groudon
|turn|1
|
|t:|1649420015
|move|p2a: SISSYOFFREEMONT|Taunt|p1a: Groudon
|-start|p1a: Groudon|move: Taunt
|move|p1a: Groudon|Heat Crash|p2a: SISSYOFFREEMONT
|-enditem|p2a: SISSYOFFREEMONT|Focus Sash
|-damage|p2a: SISSYOFFREEMONT|1/100
|
|-weather|SunnyDay|[upkeep]
|upkeep
|turn|2
|
|t:|1649420021
|move|p2a: SISSYOFFREEMONT|Stealth Rock|p1a: Groudon
|-sidestart|p1: Chompychipper|move: Stealth Rock
|move|p1a: Groudon|Heat Crash|p2a: SISSYOFFREEMONT
|-damage|p2a: SISSYOFFREEMONT|0 fnt
|faint|p2a: SISSYOFFREEMONT
|
|-weather|SunnyDay|[upkeep]
|upkeep
|
|t:|1649420026
|switch|p2a: FEDSMOKER|Shaymin-Sky|100/100
|turn|3
|
|t:|1649420038
|switch|p1a: Groudon|Groudon|100/100
|-damage|p1a: Groudon|94/100|[from] Stealth Rock
|detailschange|p1a: Groudon|Groudon-Primal
|-primal|p1a: Groudon
|-weather|DesolateLand|[from] ability: Desolate Land|[of] p1a: Groudon
|move|p2a: FEDSMOKER|Air Slash|p1a: Groudon
|-damage|p1a: Groudon|65/100
|
|-weather|DesolateLand|[upkeep]
|upkeep
|turn|4
|
|t:|1649420053
|move|p2a: FEDSMOKER|Air Slash|p1a: Groudon
|-damage|p1a: Groudon|36/100
|move|p1a: Groudon|Fire Punch|p2a: FEDSMOKER
|-supereffective|p2a: FEDSMOKER
|-enditem|p2a: FEDSMOKER|Focus Sash
|-damage|p2a: FEDSMOKER|1/100
|
|-weather|DesolateLand|[upkeep]
|upkeep
|turn|5
|
|t:|1649420062
|move|p2a: FEDSMOKER|Earth Power|p1a: Groudon
|-supereffective|p1a: Groudon
|-damage|p1a: Groudon|0 fnt
|faint|p1a: Groudon
|-weather|none
|
|upkeep
|
|t:|1649420087
|switch|p1a: Groudon|Groudon|100/100
|-damage|p1a: Groudon|94/100|[from] Stealth Rock
|detailschange|p1a: Groudon|Groudon-Primal
|-primal|p1a: Groudon
|-weather|DesolateLand|[from] ability: Desolate Land|[of] p1a: Groudon
|turn|6
|
|t:|1649420092
|move|p2a: FEDSMOKER|Air Slash|p1a: Groudon
|-damage|p1a: Groudon|56/100
|move|p1a: Groudon|Eruption|p2a: FEDSMOKER
|-supereffective|p2a: FEDSMOKER
|-damage|p2a: FEDSMOKER|0 fnt
|faint|p2a: FEDSMOKER
|
|-weather|DesolateLand|[upkeep]
|upkeep
|
|t:|1649420096
|switch|p2a: QUEENABOVE18|Yveltal|100/100
|-ability|p2a: QUEENABOVE18|Dark Aura
|turn|7
|
|t:|1649420102
|-start|p2a: QUEENABOVE18|Dynamax|
|-heal|p2a: QUEENABOVE18|100/100|[silent]
|move|p1a: Groudon|Substitute|p1a: Groudon
|-start|p1a: Groudon|Substitute
|-damage|p1a: Groudon|31/100
|move|p2a: QUEENABOVE18|Max Ooze|p1a: Groudon
|-resisted|p1a: Groudon
|-end|p1a: Groudon|Substitute
|-boost|p2a: QUEENABOVE18|spa|1
|-damage|p2a: QUEENABOVE18|96/100|[from] item: Life Orb
|
|-weather|DesolateLand|[upkeep]
|upkeep
|turn|8
|c|☆Bigjoocy|Dumbest team
|
|t:|1649420117
|move|p1a: Groudon|Substitute|p1a: Groudon
|-start|p1a: Groudon|Substitute
|-damage|p1a: Groudon|6/100
|move|p2a: QUEENABOVE18|Max Airstream|p1a: Groudon
|-end|p1a: Groudon|Substitute
|-boost|p2a: QUEENABOVE18|spe|1
|-damage|p2a: QUEENABOVE18|91/100|[from] item: Life Orb
|
|-weather|DesolateLand|[upkeep]
|upkeep
|turn|9
|
|t:|1649420121
|move|p2a: QUEENABOVE18|Max Ooze|p1a: Groudon
|-resisted|p1a: Groudon
|-damage|p1a: Groudon|0 fnt
|-boost|p2a: QUEENABOVE18|spa|1
|faint|p1a: Groudon
|-weather|none
|-damage|p2a: QUEENABOVE18|86/100|[from] item: Life Orb
|
|-end|p2a: QUEENABOVE18|Dynamax
|-heal|p2a: QUEENABOVE18|86/100|[silent]
|upkeep
|c|☆Bigjoocy|Gg
|
|t:|1649420133
|switch|p1a: Groudon|Groudon|100/100
|-damage|p1a: Groudon|94/100|[from] Stealth Rock
|-weather|SunnyDay|[from] ability: Drought|[of] p1a: Groudon
|turn|10
|
|t:|1649420137
|-start|p1a: Groudon|Dynamax|
|-heal|p1a: Groudon|94/100|[silent]
|move|p2a: QUEENABOVE18|Oblivion Wing|p1a: Groudon
|-damage|p1a: Groudon|33/100
|-heal|p2a: QUEENABOVE18|100/100|[from] drain|[of] p1a: Groudon
|-damage|p2a: QUEENABOVE18|91/100|[from] item: Life Orb
|move|p1a: Groudon|Max Rockfall|p2a: QUEENABOVE18
|-supereffective|p2a: QUEENABOVE18
|-damage|p2a: QUEENABOVE18|0 fnt
|-weather|Sandstorm
|faint|p2a: QUEENABOVE18
|
|-weather|Sandstorm|[upkeep]
|upkeep
|
|t:|1649420141
|switch|p2a: BERTKERSHNER|Groudon|100/100
|detailschange|p2a: BERTKERSHNER|Groudon-Primal
|-primal|p2a: BERTKERSHNER
|-weather|DesolateLand|[from] ability: Desolate Land|[of] p2a: BERTKERSHNER
|turn|11
|
|t:|1649420154
|-weather|none
|switch|p2a: TIM|Genesect, shiny|100/100
|-ability|p2a: TIM|Download|boost
|-boost|p2a: TIM|spa|1
|move|p1a: Groudon|Max Quake|p2a: TIM
|-enditem|p2a: TIM|Focus Sash
|-damage|p2a: TIM|1/100
|-boost|p1a: Groudon|spd|1
|
|upkeep
|turn|12
|
|t:|1649420161
|move|p2a: TIM|Extreme Speed|p1a: Groudon
|-damage|p1a: Groudon|21/100
|move|p1a: Groudon|Max Airstream|p2a: TIM
|-damage|p2a: TIM|0 fnt
|-boost|p1a: Groudon|spe|1
|faint|p2a: TIM
|
|-end|p1a: Groudon|Dynamax
|-heal|p1a: Groudon|21/100|[silent]
|upkeep
|
|t:|1649420164
|switch|p2a: Ditto|Ditto|100/100
|-transform|p2a: Ditto|p1a: Groudon|[from] ability: Imposter
|-weather|SunnyDay|[from] ability: Drought|[of] p2a: Ditto
|turn|13
|
|t:|1649420170
|move|p2a: Ditto|Precipice Blades|p1a: Groudon|[miss]
|-miss|p2a: Ditto|p1a: Groudon
|move|p1a: Groudon|Precipice Blades|p2a: Ditto
|-damage|p2a: Ditto|25/100
|
|-weather|SunnyDay|[upkeep]
|upkeep
|turn|14
|
|t:|1649420175
|move|p2a: Ditto|Precipice Blades|p1a: Groudon
|-damage|p1a: Groudon|0 fnt
|faint|p1a: Groudon
|
|-weather|SunnyDay|[upkeep]
|upkeep
|
|t:|1649420185
|switch|p1a: Groudon|Groudon|100/100
|-damage|p1a: Groudon|94/100|[from] Stealth Rock
|turn|15
|
|t:|1649420188
|move|p2a: Ditto|Precipice Blades|p1a: Groudon
|-damage|p1a: Groudon|49/100
|move|p1a: Groudon|Precipice Blades|p2a: Ditto
|-damage|p2a: Ditto|0 fnt
|faint|p2a: Ditto
|
|-weather|SunnyDay|[upkeep]
|upkeep
|
|t:|1649420191
|switch|p2a: BERTKERSHNER|Groudon-Primal|100/100
|-weather|DesolateLand|[from] ability: Desolate Land|[of] p2a: BERTKERSHNER
|turn|16
|
|t:|1649420197
|move|p2a: BERTKERSHNER|Rock Polish|p2a: BERTKERSHNER
|-boost|p2a: BERTKERSHNER|spe|2
|move|p1a: Groudon|Precipice Blades|p2a: BERTKERSHNER
|-supereffective|p2a: BERTKERSHNER
|-damage|p2a: BERTKERSHNER|3/100
|
|-weather|DesolateLand|[upkeep]
|upkeep
|turn|17
|
|t:|1649420202
|move|p2a: BERTKERSHNER|Precipice Blades|p1a: Groudon
|-damage|p1a: Groudon|0 fnt
|faint|p1a: Groudon
|
|-weather|DesolateLand|[upkeep]
|upkeep
|
|t:|1649420204
|switch|p1a: Groudon|Groudon|100/100
|-damage|p1a: Groudon|94/100|[from] Stealth Rock
|-ability|p1a: Groudon|Drought|[from] desolateland|[fail]
|turn|18
|
|t:|1649420209
|move|p2a: BERTKERSHNER|Precipice Blades|p1a: Groudon
|-damage|p1a: Groudon|38/100
|move|p1a: Groudon|Heat Crash|p2a: BERTKERSHNER
|-resisted|p2a: BERTKERSHNER
|-damage|p2a: BERTKERSHNER|0 fnt
|faint|p2a: BERTKERSHNER
|-weather|none
|
|win|Chompychipper
|raw|Chompychipper's rating: 1639 &rarr; <strong>1654</strong><br />(+15 for winning)
|raw|Bigjoocy's rating: 1546 &rarr; <strong>1531</strong><br />(-15 for losing)
|l|☆Bigjoocy
|c|☆Chompychipper|gg
||Ladder isn't responding, score probably updated but might not have (Request timeout).
