|j|☆v87
|j|☆NameSome2Better
|t:|1658797391
|gametype|singles
|player|p1|v87|265|1764
|player|p2|NameSome2Better|hugh|1693
|teamsize|p1|6
|teamsize|p2|6
|gen|8
|tier|[Gen 8] National Dex AG
|rated|
|rule|HP Percentage Mod: HP is shown in percentages
|rule|Endless Battle Clause: Forcing endless battles is banned
|clearpoke
|poke|p1|Zacian-*|
|poke|p1|Yveltal|
|poke|p1|Rayquaza|
|poke|p1|Groudon|
|poke|p1|Kyogre|
|poke|p1|Tornadus, M|
|poke|p2|Yveltal|
|poke|p2|Necrozma-Dusk-Mane|
|poke|p2|Zacian-*|
|poke|p2|Chansey, F|
|poke|p2|Arceus-*|
|poke|p2|Zygarde|
|teampreview
|
|t:|1658797408
|start
|switch|p1a: Groudon|Groudon|100/100
|switch|p2a: Cobra|Zygarde|100/100
|detailschange|p1a: Groudon|Groudon-Primal
|-primal|p1a: Groudon
|-weather|DesolateLand|[from] ability: Desolate Land|[of] p1a: Groudon
|turn|1
|inactive|Battle timer is ON: inactive players will automatically lose when time's up. (requested by NameSome2Better)
|
|t:|1658797417
|-weather|none
|switch|p1a: Rayquaza|Rayquaza|100/100
|-ability|p1a: Rayquaza|Air Lock
|move|p2a: Cobra|Glare|p1a: Rayquaza
|-status|p1a: Rayquaza|par
|-enditem|p1a: Rayquaza|Lum Berry|[eat]
|-curestatus|p1a: Rayquaza|par|[msg]
|
|upkeep
|turn|2
|
|t:|1658797428
|detailschange|p1a: Rayquaza|Rayquaza-Mega
|-mega|p1a: Rayquaza|Rayquaza|
|-weather|DeltaStream|[from] ability: Delta Stream|[of] p1a: Rayquaza
|move|p1a: Rayquaza|Scale Shot|p2a: Cobra
|-supereffective|p2a: Cobra
|-damage|p2a: Cobra|80/100
|-supereffective|p2a: Cobra
|-damage|p2a: Cobra|61/100
|-supereffective|p2a: Cobra
|-damage|p2a: Cobra|41/100
|-hitcount|p2a: Cobra|3
|-unboost|p1a: Rayquaza|def|1
|-boost|p1a: Rayquaza|spe|1
|move|p2a: Cobra|Glare|p1a: Rayquaza
|-status|p1a: Rayquaza|par
|
|-weather|DeltaStream|[upkeep]
|-activate|p2a: Cobra|ability: Power Construct
|detailschange|p2a: Cobra|Zygarde-Complete
|-heal|p2a: Cobra|62/100|[silent]
|upkeep
|turn|3
|
|t:|1658797446
|switch|p2a: Yang|Arceus-Fairy|100/100
|move|p1a: Rayquaza|Scale Shot|p2a: Yang
|-immune|p2a: Yang
|
|-weather|DeltaStream|[upkeep]
|upkeep
|turn|4
|
|t:|1658797453
|-weather|none
|switch|p1a: Groudon|Groudon-Primal|100/100
|-weather|DesolateLand|[from] ability: Desolate Land|[of] p1a: Groudon
|move|p2a: Yang|Will-O-Wisp|p1a: Groudon|[miss]
|-miss|p2a: Yang|p1a: Groudon
|
|-weather|DesolateLand|[upkeep]
|upkeep
|turn|5
|
|t:|1658797462
|switch|p2a: Cobra|Zygarde-Complete|62/100
|move|p1a: Groudon|Stealth Rock|p2a: Cobra
|-sidestart|p2: NameSome2Better|move: Stealth Rock
|
|-weather|DesolateLand|[upkeep]
|upkeep
|turn|6
|
|t:|1658797468
|-weather|none
|switch|p1a: Rayquaza|Rayquaza-Mega|100/100 par
|-weather|DeltaStream|[from] ability: Delta Stream|[of] p1a: Rayquaza
|move|p2a: Cobra|Thousand Arrows|p1a: Rayquaza
|-damage|p1a: Rayquaza|69/100 par
|-start|p1a: Rayquaza|Smack Down
|
|-weather|DeltaStream|[upkeep]
|upkeep
|turn|7
|
|t:|1658797477
|move|p2a: Cobra|Thousand Arrows|p1a: Rayquaza
|-damage|p1a: Rayquaza|39/100 par
|cant|p1a: Rayquaza|par
|
|-weather|DeltaStream|[upkeep]
|upkeep
|turn|8
|
|t:|1658797484
|move|p2a: Cobra|Coil|p2a: Cobra
|-boost|p2a: Cobra|atk|1
|-boost|p2a: Cobra|def|1
|-boost|p2a: Cobra|accuracy|1
|move|p1a: Rayquaza|Scale Shot|p2a: Cobra
|-supereffective|p2a: Cobra
|-damage|p2a: Cobra|53/100
|-supereffective|p2a: Cobra
|-damage|p2a: Cobra|44/100
|-supereffective|p2a: Cobra
|-damage|p2a: Cobra|35/100
|-hitcount|p2a: Cobra|3
|-unboost|p1a: Rayquaza|def|1
|-boost|p1a: Rayquaza|spe|1
|
|-weather|DeltaStream|[upkeep]
|upkeep
|turn|9
|
|t:|1658797496
|cant|p1a: Rayquaza|par
|move|p2a: Cobra|Thousand Arrows|p1a: Rayquaza
|-damage|p1a: Rayquaza|0 fnt
|faint|p1a: Rayquaza
|-weather|none
|
|upkeep
|
|t:|1658797504
|switch|p1a: Kyogre|Kyogre|100/100
|-weather|RainDance|[from] ability: Drizzle|[of] p1a: Kyogre
|turn|10
|
|t:|1658797509
|switch|p2a: Eternal|Chansey, F|100/100
|-damage|p2a: Eternal|88/100|[from] Stealth Rock
|move|p1a: Kyogre|Water Spout|p2a: Eternal
|-damage|p2a: Eternal|40/100
|
|-weather|RainDance|[upkeep]
|upkeep
|turn|11
|
|t:|1658797516
|move|p1a: Kyogre|Water Spout|p2a: Eternal
|-damage|p2a: Eternal|0 fnt
|faint|p2a: Eternal
|
|-weather|RainDance|[upkeep]
|upkeep
|
|t:|1658797538
|switch|p2a: Sun Knight|Zacian-Crowned|100/100
|-damage|p2a: Sun Knight|94/100|[from] Stealth Rock
|-ability|p2a: Sun Knight|Intrepid Sword|boost
|-boost|p2a: Sun Knight|atk|1
|turn|12
|
|t:|1658797544
|switch|p1a: Groudon|Groudon-Primal|100/100
|-weather|DesolateLand|[from] ability: Desolate Land|[of] p1a: Groudon
|move|p2a: Sun Knight|Close Combat|p1a: Groudon
|-damage|p1a: Groudon|57/100
|-unboost|p2a: Sun Knight|def|1
|-unboost|p2a: Sun Knight|spd|1
|
|-weather|DesolateLand|[upkeep]
|upkeep
|turn|13
|
|t:|1658797559
|switch|p2a: Cobra|Zygarde-Complete|35/100
|-damage|p2a: Cobra|29/100|[from] Stealth Rock
|move|p1a: Groudon|Stealth Rock||[still]
|-fail|p1a: Groudon
|
|-weather|DesolateLand|[upkeep]
|upkeep
|turn|14
|
|t:|1658797565
|move|p1a: Groudon|Earthquake|p2a: Cobra
|-crit|p2a: Cobra
|-damage|p2a: Cobra|0 fnt
|faint|p2a: Cobra
|
|-weather|DesolateLand|[upkeep]
|upkeep
|c|☆NameSome2Better|o
|
|t:|1658797573
|switch|p2a: Shindai Akuma|Yveltal|100/100
|-ability|p2a: Shindai Akuma|Dark Aura
|turn|15
|
|t:|1658797578
|move|p2a: Shindai Akuma|Foul Play|p1a: Groudon
|-damage|p1a: Groudon|18/100
|move|p1a: Groudon|Thunder Wave|p2a: Shindai Akuma
|-status|p2a: Shindai Akuma|par
|
|-weather|DesolateLand|[upkeep]
|upkeep
|turn|16
|
|t:|1658797585
|cant|p2a: Shindai Akuma|par
|move|p1a: Groudon|Dragon Tail|p2a: Shindai Akuma
|-damage|p2a: Shindai Akuma|83/100 par
|drag|p2a: Sun Knight|Zacian-Crowned|94/100
|-damage|p2a: Sun Knight|88/100|[from] Stealth Rock
|-ability|p2a: Sun Knight|Intrepid Sword|boost
|-boost|p2a: Sun Knight|atk|1
|
|-weather|DesolateLand|[upkeep]
|upkeep
|turn|17
|
|t:|1658797597
|move|p2a: Sun Knight|Behemoth Blade|p1a: Groudon
|-resisted|p1a: Groudon
|-damage|p1a: Groudon|0 fnt
|faint|p1a: Groudon
|-weather|none
|
|upkeep
|inactive|v87 has 120 seconds left.
|
|t:|1658797627
|switch|p1a: Tornadus|Tornadus, M|100/100
|turn|18
|
|t:|1658797636
|move|p1a: Tornadus|Substitute|p1a: Tornadus
|-start|p1a: Tornadus|Substitute
|-damage|p1a: Tornadus|76/100
|move|p2a: Sun Knight|Wild Charge|p1a: Tornadus
|-supereffective|p1a: Tornadus
|-end|p1a: Tornadus|Substitute
|-damage|p2a: Sun Knight|83/100|[from] Recoil|[of] p1a: Tornadus
|
|upkeep
|turn|19
|
|t:|1658797644
|move|p1a: Tornadus|Substitute|p1a: Tornadus
|-start|p1a: Tornadus|Substitute
|-damage|p1a: Tornadus|51/100
|move|p2a: Sun Knight|Behemoth Blade|p1a: Tornadus
|-end|p1a: Tornadus|Substitute
|
|upkeep
|turn|20
|
|t:|1658797651
|move|p1a: Tornadus|Tailwind|p1a: Tornadus
|-sidestart|p1: v87|move: Tailwind
|move|p2a: Sun Knight|Wild Charge|p1a: Tornadus
|-supereffective|p1a: Tornadus
|-damage|p1a: Tornadus|0 fnt
|faint|p1a: Tornadus
|-damage|p2a: Sun Knight|72/100|[from] Recoil
|
|upkeep
|
|t:|1658797658
|switch|p1a: Kyogre|Kyogre|100/100
|-weather|RainDance|[from] ability: Drizzle|[of] p1a: Kyogre
|turn|21
|
|t:|1658797673
|switch|p2a: Shindai Akuma|Yveltal|83/100 par
|-ability|p2a: Shindai Akuma|Dark Aura
|move|p1a: Kyogre|Water Spout|p2a: Shindai Akuma
|-damage|p2a: Shindai Akuma|0 fnt
|faint|p2a: Shindai Akuma
|
|-weather|RainDance|[upkeep]
|upkeep
|
|t:|1658797689
|switch|p2a: Yang|Arceus-Fairy|100/100
|-damage|p2a: Yang|88/100|[from] Stealth Rock
|turn|22
|
|t:|1658797693
|-start|p2a: Yang|Dynamax|
|-heal|p2a: Yang|88/100|[silent]
|move|p2a: Yang|Max Guard|p2a: Yang
|-singleturn|p2a: Yang|Max Guard
|move|p1a: Kyogre|Water Spout|p2a: Yang
|-activate|p2a: Yang|move: Max Guard
|
|-weather|RainDance|[upkeep]
|upkeep
|turn|23
|
|t:|1658797701
|move|p1a: Kyogre|Water Spout|p2a: Yang
|-damage|p2a: Yang|18/100
|move|p2a: Yang|Max Starfall|p1a: Kyogre
|-damage|p1a: Kyogre|57/100
|-fieldstart|move: Misty Terrain
|
|-weather|RainDance|[upkeep]
|-sideend|p1: v87|move: Tailwind
|upkeep
|turn|24
|
|t:|1658797710
|switch|p1a: Zacian|Zacian-Crowned|100/100
|-ability|p1a: Zacian|Intrepid Sword|boost
|-boost|p1a: Zacian|atk|1
|move|p2a: Yang|Max Starfall|p1a: Zacian
|-resisted|p1a: Zacian
|-damage|p1a: Zacian|76/100
|
|-weather|RainDance|[upkeep]
|upkeep
|-end|p2a: Yang|Dynamax
|-heal|p2a: Yang|18/100|[silent]
|turn|25
|
|t:|1658797737
|switch|p1a: Yveltal|Yveltal|100/100
|-ability|p1a: Yveltal|Dark Aura
|move|p2a: Yang|Will-O-Wisp|p1a: Yveltal|[miss]
|-miss|p2a: Yang|p1a: Yveltal
|
|-weather|none
|upkeep
|turn|26
|
|t:|1658797745
|-start|p1a: Yveltal|Dynamax|
|-heal|p1a: Yveltal|100/100|[silent]
|move|p2a: Yang|Recover|p2a: Yang
|-heal|p2a: Yang|68/100
|move|p1a: Yveltal|Max Airstream|p2a: Yang
|-damage|p2a: Yang|7/100
|-boost|p1a: Yveltal|spe|1
|-damage|p1a: Yveltal|96/100|[from] item: Life Orb
|
|upkeep
|turn|27
|
|t:|1658797760
|move|p1a: Yveltal|Max Darkness|p2a: Yang
|-resisted|p2a: Yang
|-crit|p2a: Yang
|-damage|p2a: Yang|0 fnt
|faint|p2a: Yang
|-damage|p1a: Yveltal|91/100|[from] item: Life Orb
|
|-fieldend|Misty Terrain
|upkeep
|
|t:|1658797768
|switch|p2a: Sun Knight|Zacian-Crowned|72/100
|-damage|p2a: Sun Knight|66/100|[from] Stealth Rock
|-ability|p2a: Sun Knight|Intrepid Sword|boost
|-boost|p2a: Sun Knight|atk|1
|turn|28
|
|t:|1658797774
|move|p1a: Yveltal|Max Guard|p1a: Yveltal
|-singleturn|p1a: Yveltal|Max Guard
|move|p2a: Sun Knight|Behemoth Blade|p1a: Yveltal
|-activate|p1a: Yveltal|move: Max Guard
|
|upkeep
|-end|p1a: Yveltal|Dynamax
|-heal|p1a: Yveltal|91/100|[silent]
|turn|29
|
|t:|1658797780
|move|p1a: Yveltal|Foul Play|p2a: Sun Knight
|-resisted|p2a: Sun Knight
|-damage|p2a: Sun Knight|0 fnt
|faint|p2a: Sun Knight
|-damage|p1a: Yveltal|81/100|[from] item: Life Orb
|
|upkeep
|
|t:|1658797791
|switch|p2a: Forged Rengoku|Necrozma-Dusk-Mane|100/100
|-damage|p2a: Forged Rengoku|94/100|[from] Stealth Rock
|turn|30
|c|☆NameSome2Better|gg
|
|t:|1658797797
|move|p1a: Yveltal|Foul Play|p2a: Forged Rengoku
|-supereffective|p2a: Forged Rengoku
|-crit|p2a: Forged Rengoku
|-damage|p2a: Forged Rengoku|0 fnt
|-damage|p1a: Yveltal|64/100|[from] item: Rocky Helmet|[of] p2a: Forged Rengoku
|faint|p2a: Forged Rengoku
|-damage|p1a: Yveltal|54/100|[from] item: Life Orb
|
|win|v87
|raw|v87's rating: 1764 &rarr; <strong>1780</strong><br />(+16 for winning)
|raw|NameSome2Better's rating: 1693 &rarr; <strong>1677</strong><br />(-16 for losing)
|c|☆v87|gg
|l|☆NameSome2Better
