|j|☆Mr_kraft_
|j|☆The AlphaOm3ga
|t:|1661329834
|gametype|singles
|player|p1|Mr_kraft_|1|1605
|player|p2|The AlphaOm3ga|lance-masters|1501
|teamsize|p1|6
|teamsize|p2|6
|gen|8
|tier|[Gen 8] National Dex AG
|rated|
|rule|HP Percentage Mod: HP is shown in percentages
|rule|Endless Battle Clause: Forcing endless battles is banned
|clearpoke
|poke|p1|Groudon|
|poke|p1|Kyurem-Black|
|poke|p1|Zacian-*|
|poke|p1|Ditto|
|poke|p1|Rayquaza|
|poke|p1|Yveltal|
|poke|p2|Arcanine, F|
|poke|p2|Yveltal|
|poke|p2|Zygarde|
|poke|p2|Zacian-*|
|poke|p2|Kyogre|
|poke|p2|Calyrex-Shadow|
|teampreview
|inactive|Battle timer is ON: inactive players will automatically lose when time's up. (requested by The AlphaOm3ga)
|inactive|The AlphaOm3ga has 120 seconds left.
|
|t:|1661329866
|start
|switch|p1a: Kyurem|Kyurem-Black|100/100
|switch|p2a: Kyogre|Kyogre|100/100
|-ability|p1a: Kyurem|Teravolt
|detailschange|p2a: Kyogre|Kyogre-Primal
|-primal|p2a: Kyogre
|-weather|PrimordialSea|[from] ability: Primordial Sea|[of] p2a: Kyogre
|turn|1
|
|t:|1661329875
|-weather|none
|switch|p2a: Arcanine|Arcanine, F|100/100
|-ability|p2a: Arcanine|Intimidate|boost
|-unboost|p1a: Kyurem|atk|1
|move|p1a: Kyurem|Fusion Bolt|p2a: Arcanine
|-crit|p2a: Arcanine
|-damage|p2a: Arcanine|53/100
|
|upkeep
|turn|2
|l|☆The AlphaOm3ga
|inactive|The AlphaOm3ga disconnected and has a minute to reconnect!
|player|p2|
|inactive|The AlphaOm3ga has 30 seconds to reconnect!
|inactive|The AlphaOm3ga has 20 seconds to reconnect!
|j|☆The AlphaOm3ga
|inactive|The AlphaOm3ga reconnected and has 105 seconds left.
|player|p2|The AlphaOm3ga|lance-masters
|
|t:|1661329922
|switch|p1a: Rayquaza|Rayquaza|100/100
|-ability|p1a: Rayquaza|Air Lock
|move|p2a: Arcanine|Morning Sun|p2a: Arcanine
|-heal|p2a: Arcanine|100/100
|
|upkeep
|turn|3
|
|t:|1661329932
|switch|p2a: Zygarde|Zygarde|100/100
|detailschange|p1a: Rayquaza|Rayquaza-Mega
|-mega|p1a: Rayquaza|Rayquaza|
|-weather|DeltaStream|[from] ability: Delta Stream|[of] p1a: Rayquaza
|move|p1a: Rayquaza|Waterfall|p2a: Zygarde
|-damage|p2a: Zygarde|69/100
|-damage|p1a: Rayquaza|91/100|[from] item: Life Orb
|
|-weather|DeltaStream|[upkeep]
|-heal|p2a: Zygarde|75/100|[from] item: Leftovers
|upkeep
|turn|4
|
|t:|1661329940
|move|p1a: Rayquaza|Scale Shot|p2a: Zygarde
|-supereffective|p2a: Zygarde
|-damage|p2a: Zygarde|43/100
|-supereffective|p2a: Zygarde
|-damage|p2a: Zygarde|11/100
|-hitcount|p2a: Zygarde|2
|-unboost|p1a: Rayquaza|def|1
|-boost|p1a: Rayquaza|spe|1
|-damage|p1a: Rayquaza|81/100|[from] item: Life Orb
|move|p2a: Zygarde|Glare|p1a: Rayquaza
|-status|p1a: Rayquaza|par
|
|-weather|DeltaStream|[upkeep]
|-heal|p2a: Zygarde|17/100|[from] item: Leftovers
|-activate|p2a: Zygarde|ability: Power Construct
|detailschange|p2a: Zygarde|Zygarde-Complete
|-heal|p2a: Zygarde|46/100|[silent]
|upkeep
|turn|5
|
|t:|1661329949
|switch|p2a: Zacian|Zacian-Crowned|100/100
|-ability|p2a: Zacian|Intrepid Sword|boost
|-boost|p2a: Zacian|atk|1
|cant|p1a: Rayquaza|par
|
|-weather|DeltaStream|[upkeep]
|upkeep
|turn|6
|
|t:|1661329953
|-weather|none
|switch|p1a: Groudon|Groudon|100/100
|detailschange|p1a: Groudon|Groudon-Primal
|-primal|p1a: Groudon
|-weather|DesolateLand|[from] ability: Desolate Land|[of] p1a: Groudon
|move|p2a: Zacian|Behemoth Blade|p1a: Groudon
|-resisted|p1a: Groudon
|-damage|p1a: Groudon|72/100
|
|-weather|DesolateLand|[upkeep]
|upkeep
|turn|7
|
|t:|1661329958
|switch|p2a: Zygarde|Zygarde-Complete|46/100
|move|p1a: Groudon|Fire Punch|p2a: Zygarde
|-resisted|p2a: Zygarde
|-damage|p2a: Zygarde|28/100
|
|-weather|DesolateLand|[upkeep]
|-heal|p2a: Zygarde|34/100|[from] item: Leftovers
|upkeep
|turn|8
|
|t:|1661329964
|move|p1a: Groudon|Precipice Blades|p2a: Zygarde
|-crit|p2a: Zygarde
|-damage|p2a: Zygarde|0 fnt
|faint|p2a: Zygarde
|
|-weather|DesolateLand|[upkeep]
|upkeep
|
|t:|1661329970
|switch|p2a: Kyogre|Kyogre-Primal|100/100
|-weather|PrimordialSea|[from] ability: Primordial Sea|[of] p2a: Kyogre
|turn|9
|
|t:|1661329979
|switch|p1a: Rayquaza|Rayquaza-Mega|81/100 par
|-weather|DeltaStream|[from] ability: Delta Stream|[of] p1a: Rayquaza
|move|p2a: Kyogre|Origin Pulse|p1a: Rayquaza
|-resisted|p1a: Rayquaza
|-damage|p1a: Rayquaza|47/100 par
|
|-weather|DeltaStream|[upkeep]
|upkeep
|turn|10
|
|t:|1661329987
|move|p2a: Kyogre|Ice Beam|p1a: Rayquaza
|-activate||deltastream
|-supereffective|p1a: Rayquaza
|-damage|p1a: Rayquaza|0 fnt
|faint|p1a: Rayquaza
|-weather|none
|
|upkeep
|
|t:|1661329991
|switch|p1a: Groudon|Groudon-Primal|72/100
|-weather|DesolateLand|[from] ability: Desolate Land|[of] p1a: Groudon
|turn|11
|
|t:|1661329997
|move|p2a: Kyogre|Ice Beam|p1a: Groudon
|-damage|p1a: Groudon|42/100
|move|p1a: Groudon|Fire Punch|p2a: Kyogre
|-resisted|p2a: Kyogre
|-damage|p2a: Kyogre|75/100
|
|-weather|DesolateLand|[upkeep]
|upkeep
|turn|12
|
|t:|1661330013
|move|p2a: Kyogre|Ice Beam|p1a: Groudon
|-damage|p1a: Groudon|11/100
|move|p1a: Groudon|Rest|p1a: Groudon
|-status|p1a: Groudon|slp|[from] move: Rest
|-heal|p1a: Groudon|100/100 slp|[silent]
|
|-weather|DesolateLand|[upkeep]
|upkeep
|turn|13
|
|t:|1661330019
|move|p2a: Kyogre|Calm Mind|p2a: Kyogre
|-boost|p2a: Kyogre|spa|1
|-boost|p2a: Kyogre|spd|1
|cant|p1a: Groudon|slp
|move|p1a: Groudon|Sleep Talk|p1a: Groudon
|move|p1a: Groudon|Precipice Blades|p2a: Kyogre|[from]move: Sleep Talk
|-damage|p2a: Kyogre|18/100
|
|-weather|DesolateLand|[upkeep]
|upkeep
|turn|14
|l|☆The AlphaOm3ga
|inactive|The AlphaOm3ga disconnected and has a minute to reconnect!
|player|p2|
|j|☆The AlphaOm3ga
|inactive|The AlphaOm3ga reconnected and has 120 seconds left.
|player|p2|The AlphaOm3ga|lance-masters
|
|t:|1661330056
|cant|p1a: Groudon|slp
|move|p1a: Groudon|Sleep Talk|p1a: Groudon
|move|p1a: Groudon|Precipice Blades|p2a: Kyogre|[from]move: Sleep Talk
|-damage|p2a: Kyogre|0 fnt
|faint|p2a: Kyogre
|
|-weather|DesolateLand|[upkeep]
|upkeep
|
|t:|1661330066
|switch|p2a: Calyrex|Calyrex-Shadow|100/100
|-ability|p2a: Calyrex|As One
|-ability|p2a: Calyrex|Unnerve
|turn|15
|
|t:|1661330076
|move|p2a: Calyrex|Astral Barrage|p1a: Groudon
|-damage|p1a: Groudon|34/100 slp
|-curestatus|p1a: Groudon|slp|[msg]
|move|p1a: Groudon|Precipice Blades|p2a: Calyrex
|-damage|p2a: Calyrex|0 fnt
|faint|p2a: Calyrex
|
|-weather|DesolateLand|[upkeep]
|upkeep
|inactive|The AlphaOm3ga has 120 seconds left.
|
|t:|1661330083
|switch|p2a: Zacian|Zacian-Crowned|100/100
|-ability|p2a: Zacian|Intrepid Sword|boost
|-boost|p2a: Zacian|atk|1
|turn|16
|
|t:|1661330090
|switch|p2a: Yveltal|Yveltal|100/100
|-ability|p2a: Yveltal|Dark Aura
|move|p1a: Groudon|Rest|p1a: Groudon
|-status|p1a: Groudon|slp|[from] move: Rest
|-heal|p1a: Groudon|100/100 slp|[silent]
|
|-weather|DesolateLand|[upkeep]
|upkeep
|turn|17
|
|t:|1661330098
|switch|p2a: Zacian|Zacian-Crowned|100/100
|-ability|p2a: Zacian|Intrepid Sword|boost
|-boost|p2a: Zacian|atk|1
|-weather|none
|switch|p1a: Kyurem|Kyurem-Black|100/100
|-ability|p1a: Kyurem|Teravolt
|
|upkeep
|turn|18
|
|t:|1661330105
|switch|p1a: Groudon|Groudon-Primal|100/100 slp
|-weather|DesolateLand|[from] ability: Desolate Land|[of] p1a: Groudon
|move|p2a: Zacian|Crunch|p1a: Groudon
|-damage|p1a: Groudon|74/100 slp
|-unboost|p1a: Groudon|def|1
|
|-weather|DesolateLand|[upkeep]
|upkeep
|turn|19
|
|t:|1661330108
|move|p2a: Zacian|Crunch|p1a: Groudon
|-damage|p1a: Groudon|33/100 slp
|cant|p1a: Groudon|slp
|move|p1a: Groudon|Sleep Talk|p1a: Groudon
|move|p1a: Groudon|Precipice Blades|p2a: Zacian|[from]move: Sleep Talk
|-supereffective|p2a: Zacian
|-damage|p2a: Zacian|0 fnt
|faint|p2a: Zacian
|
|-weather|DesolateLand|[upkeep]
|upkeep
|
|t:|1661330112
|switch|p2a: Yveltal|Yveltal|100/100
|-ability|p2a: Yveltal|Dark Aura
|turn|20
|
|t:|1661330123
|move|p2a: Yveltal|Snarl|p1a: Groudon
|-damage|p1a: Groudon|1/100 slp
|-unboost|p1a: Groudon|spa|1
|cant|p1a: Groudon|slp
|move|p1a: Groudon|Sleep Talk|p1a: Groudon
|move|p1a: Groudon|Fire Punch|p2a: Yveltal|[from]move: Sleep Talk
|-damage|p2a: Yveltal|34/100
|
|-weather|DesolateLand|[upkeep]
|upkeep
|turn|21
|
|t:|1661330131
|move|p2a: Yveltal|Snarl|p1a: Groudon
|-damage|p1a: Groudon|0 fnt
|faint|p1a: Groudon
|-weather|none
|
|upkeep
|
|t:|1661330134
|switch|p1a: Kyurem|Kyurem-Black|100/100
|-ability|p1a: Kyurem|Teravolt
|turn|22
|
|t:|1661330137
|switch|p2a: Arcanine|Arcanine, F|100/100
|-ability|p2a: Arcanine|Intimidate|boost
|-unboost|p1a: Kyurem|atk|1
|move|p1a: Kyurem|Icicle Spear|p2a: Arcanine
|-resisted|p2a: Arcanine
|-damage|p2a: Arcanine|97/100
|-resisted|p2a: Arcanine
|-damage|p2a: Arcanine|93/100
|-resisted|p2a: Arcanine
|-damage|p2a: Arcanine|89/100
|-hitcount|p2a: Arcanine|3
|
|upkeep
|turn|23
|
|t:|1661330142
|switch|p1a: Yveltal|Yveltal|100/100
|-ability|p1a: Yveltal|Dark Aura
|switch|p2a: Yveltal|Yveltal|34/100
|-ability|p2a: Yveltal|Dark Aura
|
|upkeep
|turn|24
|
|t:|1661330147
|move|p1a: Yveltal|Oblivion Wing|p2a: Yveltal
|-damage|p2a: Yveltal|2/100
|-damage|p1a: Yveltal|91/100|[from] item: Life Orb
|move|p2a: Yveltal|Roost|p2a: Yveltal
|-heal|p2a: Yveltal|52/100
|-singleturn|p2a: Yveltal|move: Roost
|
|upkeep
|turn|25
|
|t:|1661330155
|move|p1a: Yveltal|Oblivion Wing|p2a: Yveltal
|-damage|p2a: Yveltal|21/100
|-heal|p1a: Yveltal|100/100|[from] drain|[of] p2a: Yveltal
|-damage|p1a: Yveltal|91/100|[from] item: Life Orb
|move|p2a: Yveltal|Roost|p2a: Yveltal
|-heal|p2a: Yveltal|71/100
|-singleturn|p2a: Yveltal|move: Roost
|
|upkeep
|turn|26
|
|t:|1661330160
|switch|p1a: Zacian|Zacian-Crowned|100/100
|-ability|p1a: Zacian|Intrepid Sword|boost
|-boost|p1a: Zacian|atk|1
|move|p2a: Yveltal|Roost|p2a: Yveltal
|-heal|p2a: Yveltal|100/100
|-singleturn|p2a: Yveltal|move: Roost
|
|upkeep
|turn|27
|
|t:|1661330164
|switch|p2a: Arcanine|Arcanine, F|89/100
|-ability|p2a: Arcanine|Intimidate|boost
|-unboost|p1a: Zacian|atk|1
|move|p1a: Zacian|Play Rough|p2a: Arcanine
|-resisted|p2a: Arcanine
|-damage|p2a: Arcanine|67/100
|-unboost|p2a: Arcanine|atk|1
|
|upkeep
|turn|28
|
|t:|1661330179
|switch|p1a: Yveltal|Yveltal|91/100
|-ability|p1a: Yveltal|Dark Aura
|move|p2a: Arcanine|Morning Sun|p2a: Arcanine
|-heal|p2a: Arcanine|100/100
|
|upkeep
|turn|29
|
|t:|1661330185
|switch|p2a: Yveltal|Yveltal|100/100
|-ability|p2a: Yveltal|Dark Aura
|move|p1a: Yveltal|Dark Pulse|p2a: Yveltal
|-resisted|p2a: Yveltal
|-damage|p2a: Yveltal|82/100
|-damage|p1a: Yveltal|81/100|[from] item: Life Orb
|
|upkeep
|turn|30
|
|t:|1661330189
|-start|p1a: Yveltal|Dynamax|
|-heal|p1a: Yveltal|81/100|[silent]
|move|p1a: Yveltal|Max Airstream|p2a: Yveltal
|-damage|p2a: Yveltal|29/100
|-boost|p1a: Yveltal|spe|1
|-damage|p1a: Yveltal|76/100|[from] item: Life Orb
|move|p2a: Yveltal|Toxic|p1a: Yveltal
|-status|p1a: Yveltal|tox
|
|-damage|p1a: Yveltal|73/100 tox|[from] psn
|upkeep
|turn|31
|
|t:|1661330206
|-start|p2a: Yveltal|Dynamax|
|-heal|p2a: Yveltal|29/100|[silent]
|move|p2a: Yveltal|Max Guard|p2a: Yveltal
|-singleturn|p2a: Yveltal|Max Guard
|move|p1a: Yveltal|Max Airstream|p2a: Yveltal
|-activate|p2a: Yveltal|move: Max Guard
|
|-damage|p1a: Yveltal|67/100 tox|[from] psn
|upkeep
|turn|32
|
|t:|1661330211
|move|p2a: Yveltal|Max Guard||[still]
|-fail|p2a: Yveltal
|move|p1a: Yveltal|Max Airstream|p2a: Yveltal
|-damage|p2a: Yveltal|5/100
|-boost|p1a: Yveltal|spe|1
|-damage|p1a: Yveltal|62/100 tox|[from] item: Life Orb
|
|-damage|p1a: Yveltal|52/100 tox|[from] psn
|upkeep
|-end|p1a: Yveltal|Dynamax
|-heal|p1a: Yveltal|52/100 tox|[silent]
|turn|33
|
|t:|1661330217
|move|p2a: Yveltal|Max Guard|p2a: Yveltal
|-singleturn|p2a: Yveltal|Max Guard
|move|p1a: Yveltal|Oblivion Wing|p2a: Yveltal
|-activate|p2a: Yveltal|move: Max Guard
|
|-damage|p1a: Yveltal|28/100 tox|[from] psn
|upkeep
|-end|p2a: Yveltal|Dynamax
|-heal|p2a: Yveltal|5/100|[silent]
|turn|34
|
|t:|1661330220
|move|p1a: Yveltal|Oblivion Wing|p2a: Yveltal
|-damage|p2a: Yveltal|0 fnt
|-heal|p1a: Yveltal|32/100 tox|[from] drain|[of] p2a: Yveltal
|faint|p2a: Yveltal
|-damage|p1a: Yveltal|22/100 tox|[from] item: Life Orb
|
|-damage|p1a: Yveltal|0 fnt|[from] psn
|faint|p1a: Yveltal
|upkeep
|
|t:|1661330227
|switch|p1a: Kyurem|Kyurem-Black|100/100
|switch|p2a: Arcanine|Arcanine, F|100/100
|-ability|p1a: Kyurem|Teravolt
|-ability|p2a: Arcanine|Intimidate|boost
|-unboost|p1a: Kyurem|atk|1
|turn|35
|
|t:|1661330241
|switch|p1a: Ditto|Ditto|100/100
|-transform|p1a: Ditto|p2a: Arcanine|[from] ability: Imposter
|-ability|p1a: Ditto|Intimidate|boost
|-unboost|p2a: Arcanine|atk|1
|move|p2a: Arcanine|Will-O-Wisp|p1a: Ditto
|-immune|p1a: Ditto
|
|upkeep
|turn|36
|
|t:|1661330247
|move|p1a: Ditto|Close Combat|p2a: Arcanine
|-damage|p2a: Arcanine|78/100
|-unboost|p1a: Ditto|def|1
|-unboost|p1a: Ditto|spd|1
|move|p2a: Arcanine|Will-O-Wisp|p1a: Ditto
|-immune|p1a: Ditto
|
|upkeep
|turn|37
|
|t:|1661330256
|move|p1a: Ditto|Close Combat|p2a: Arcanine
|-damage|p2a: Arcanine|54/100
|-unboost|p1a: Ditto|def|1
|-unboost|p1a: Ditto|spd|1
|move|p2a: Arcanine|Will-O-Wisp|p1a: Ditto
|-immune|p1a: Ditto
|
|upkeep
|turn|38
|
|t:|1661330263
|move|p1a: Ditto|Close Combat|p2a: Arcanine
|-damage|p2a: Arcanine|32/100
|-unboost|p1a: Ditto|def|1
|-unboost|p1a: Ditto|spd|1
|move|p2a: Arcanine|Morning Sun|p2a: Arcanine
|-heal|p2a: Arcanine|82/100
|
|upkeep
|turn|39
|
|t:|1661330269
|switch|p1a: Kyurem|Kyurem-Black|100/100
|-ability|p1a: Kyurem|Teravolt
|move|p2a: Arcanine|Morning Sun|p2a: Arcanine
|-heal|p2a: Arcanine|100/100
|
|upkeep
|turn|40
|
|t:|1661330275
|move|p1a: Kyurem|Fusion Bolt|p2a: Arcanine
|-damage|p2a: Arcanine|67/100
|move|p2a: Arcanine|Will-O-Wisp|p1a: Kyurem|[miss]
|-miss|p2a: Arcanine|p1a: Kyurem
|
|upkeep
|turn|41
|
|t:|1661330280
|move|p1a: Kyurem|Fusion Bolt|p2a: Arcanine
|-damage|p2a: Arcanine|37/100
|move|p2a: Arcanine|Morning Sun|p2a: Arcanine
|-heal|p2a: Arcanine|87/100
|
|upkeep
|turn|42
|
|t:|1661330283
|move|p1a: Kyurem|Fusion Bolt|p2a: Arcanine
|-damage|p2a: Arcanine|58/100
|move|p2a: Arcanine|Will-O-Wisp|p1a: Kyurem
|-status|p1a: Kyurem|brn
|
|-damage|p1a: Kyurem|94/100 brn|[from] brn
|upkeep
|turn|43
|
|t:|1661330287
|move|p1a: Kyurem|Fusion Bolt|p2a: Arcanine
|-damage|p2a: Arcanine|41/100
|move|p2a: Arcanine|Morning Sun|p2a: Arcanine
|-heal|p2a: Arcanine|91/100
|
|-damage|p1a: Kyurem|88/100 brn|[from] brn
|upkeep
|turn|44
|
|t:|1661330292
|switch|p1a: Zacian|Zacian-Crowned|100/100
|-ability|p1a: Zacian|Intrepid Sword|boost
|-boost|p1a: Zacian|atk|1
|move|p2a: Arcanine|Flamethrower|p1a: Zacian
|-supereffective|p1a: Zacian
|-damage|p1a: Zacian|45/100
|
|upkeep
|turn|45
|
|t:|1661330298
|move|p1a: Zacian|Close Combat|p2a: Arcanine
|-damage|p2a: Arcanine|38/100
|-unboost|p1a: Zacian|def|1
|-unboost|p1a: Zacian|spd|1
|move|p2a: Arcanine|Flamethrower|p1a: Zacian
|-supereffective|p1a: Zacian
|-damage|p1a: Zacian|0 fnt
|faint|p1a: Zacian
|
|upkeep
|
|t:|1661330311
|switch|p1a: Ditto|Ditto|100/100
|-transform|p1a: Ditto|p2a: Arcanine|[from] ability: Imposter
|-ability|p1a: Ditto|Intimidate|boost
|-unboost|p2a: Arcanine|atk|1
|turn|46
|
|t:|1661330318
|move|p1a: Ditto|Close Combat|p2a: Arcanine
|-damage|p2a: Arcanine|24/100
|-unboost|p1a: Ditto|def|1
|-unboost|p1a: Ditto|spd|1
|move|p2a: Arcanine|Morning Sun|p2a: Arcanine
|-heal|p2a: Arcanine|74/100
|
|upkeep
|turn|47
|
|t:|1661330328
|switch|p1a: Kyurem|Kyurem-Black|88/100 brn
|-ability|p1a: Kyurem|Teravolt
|move|p2a: Arcanine|Close Combat|p1a: Kyurem
|-supereffective|p1a: Kyurem
|-damage|p1a: Kyurem|60/100 brn
|-unboost|p2a: Arcanine|def|1
|-unboost|p2a: Arcanine|spd|1
|
|-damage|p1a: Kyurem|53/100 brn|[from] brn
|upkeep
|turn|48
|
|t:|1661330337
|move|p1a: Kyurem|Dragon Claw|p2a: Arcanine
|-damage|p2a: Arcanine|45/100
|move|p2a: Arcanine|Morning Sun|p2a: Arcanine
|-heal|p2a: Arcanine|95/100
|
|-damage|p1a: Kyurem|47/100 brn|[from] brn
|upkeep
|turn|49
|
|t:|1661330341
|move|p1a: Kyurem|Dragon Claw|p2a: Arcanine
|-damage|p2a: Arcanine|68/100
|move|p2a: Arcanine|Flamethrower|p1a: Kyurem
|-damage|p1a: Kyurem|19/100 brn
|
|-damage|p1a: Kyurem|13/100 brn|[from] brn
|upkeep
|turn|50
|
|t:|1661330348
|move|p1a: Kyurem|Dragon Claw|p2a: Arcanine
|-damage|p2a: Arcanine|41/100
|move|p2a: Arcanine|Flamethrower|p1a: Kyurem
|-damage|p1a: Kyurem|0 fnt
|faint|p1a: Kyurem
|
|upkeep
|
|t:|1661330352
|switch|p1a: Ditto|Ditto|100/100
|-transform|p1a: Ditto|p2a: Arcanine|[from] ability: Imposter
|-ability|p1a: Ditto|Intimidate|boost
|-unboost|p2a: Arcanine|atk|1
|turn|51
|
|t:|1661330355
|move|p1a: Ditto|Close Combat|p2a: Arcanine
|-damage|p2a: Arcanine|23/100
|-unboost|p1a: Ditto|def|1
|-unboost|p1a: Ditto|spd|1
|move|p2a: Arcanine|Flamethrower|p1a: Ditto
|-resisted|p1a: Ditto
|-damage|p1a: Ditto|56/100
|
|upkeep
|turn|52
|
|t:|1661330363
|move|p1a: Ditto|Close Combat|p2a: Arcanine
|-damage|p2a: Arcanine|8/100
|-unboost|p1a: Ditto|def|1
|-unboost|p1a: Ditto|spd|1
|move|p2a: Arcanine|Flamethrower|p1a: Ditto
|-resisted|p1a: Ditto
|-damage|p1a: Ditto|6/100
|
|upkeep
|turn|53
|
|t:|1661330366
|move|p1a: Ditto|Close Combat|p2a: Arcanine
|-damage|p2a: Arcanine|0 fnt
|-unboost|p1a: Ditto|def|1
|-unboost|p1a: Ditto|spd|1
|faint|p2a: Arcanine
|
|win|Mr_kraft_
|raw|Mr_kraft_'s rating: 1605 &rarr; <strong>1619</strong><br />(+14 for winning)
|raw|The AlphaOm3ga's rating: 1501 &rarr; <strong>1487</strong><br />(-14 for losing)
|c|☆Mr_kraft_|gg
|c|☆The AlphaOm3ga|Gg
|l|☆Mr_kraft_
