|j|☆hellotempt6t
|j|☆IAmJklol
|t:|1666065241
|gametype|singles
|player|p1|hellotempt6t|266|
|player|p2|IAmJklol|red|
|teamsize|p1|6
|teamsize|p2|6
|gen|8
|tier|[Gen 8] National Dex AG
|rule|HP Percentage Mod: HP is shown in percentages
|rule|Endless Battle Clause: Forcing endless battles is banned
|clearpoke
|poke|p1|Arceus-*|
|poke|p1|Aerodactyl, M|
|poke|p1|Smeargle, M|
|poke|p1|Smeargle, M|
|poke|p1|Xerneas-*|
|poke|p1|Rayquaza|
|poke|p2|Zacian-*|
|poke|p2|Zacian-*|
|poke|p2|Zacian-*|
|poke|p2|Zacian-*|
|poke|p2|Zoroark, M|
|poke|p2|Arceus-*|
|teampreview
|inactive|Battle timer is ON: inactive players will automatically lose when time's up. (requested by IAmJklol)
|
|t:|1666065246
|start
|switch|p1a: Aerodactyl|Aerodactyl, M|100/100
|switch|p2a: Zacian|Zacian-Crowned|100/100
|-ability|p1a: Aerodactyl|Pressure
|turn|1
|
|t:|1666065250
|move|p2a: Zacian|Trick|p1a: Aerodactyl
|-activate|p2a: Zacian|move: Trick|[of] p1a: Aerodactyl
|-item|p1a: Aerodactyl|Choice Scarf|[from] move: Trick
|-item|p2a: Zacian|Focus Sash|[from] move: Trick
|move|p1a: Aerodactyl|Stealth Rock|p2a: Zacian
|-sidestart|p2: IAmJklol|move: Stealth Rock
|
|upkeep
|turn|2
|
|t:|1666065257
|switch|p1a: Arceus|Arceus|100/100
|move|p2a: Zacian|Dark Pulse|p1a: Arceus
|-damage|p1a: Arceus|65/100
|
|upkeep
|turn|3
|
|t:|1666065266
|move|p1a: Arceus|Swords Dance|p1a: Arceus
|-boost|p1a: Arceus|atk|2
|move|p2a: Zacian|Burning Jealousy|p1a: Arceus
|-damage|p1a: Arceus|45/100
|-status|p1a: Arceus|brn
|
|-damage|p1a: Arceus|39/100 brn|[from] brn
|upkeep
|turn|4
|c|☆IAmJklol|pranked
|
|t:|1666065270
|move|p1a: Arceus|Extreme Speed|p2a: Zacian
|-damage|p2a: Zacian|10/100
|replace|p2a: sus!!|Zoroark, M
|-end|p2a: sus!!|Illusion
|move|p2a: sus!!|Dark Pulse|p1a: Arceus
|-damage|p1a: Arceus|6/100 brn
|
|-damage|p1a: Arceus|0 fnt|[from] brn
|faint|p1a: Arceus
|upkeep
|
|t:|1666065285
|switch|p1a: Rayquaza|Rayquaza|100/100
|-ability|p1a: Rayquaza|Air Lock
|turn|5
|
|t:|1666065292
|detailschange|p1a: Rayquaza|Rayquaza-Mega
|-mega|p1a: Rayquaza|Rayquaza|
|-weather|DeltaStream|[from] ability: Delta Stream|[of] p1a: Rayquaza
|move|p1a: Rayquaza|Extreme Speed|p2a: sus!!
|-damage|p2a: sus!!|0 fnt
|faint|p2a: sus!!
|-damage|p1a: Rayquaza|91/100|[from] item: Life Orb
|
|-weather|DeltaStream|[upkeep]
|upkeep
|
|t:|1666065305
|switch|p2a: Zacian|Zacian-Crowned|100/100
|-damage|p2a: Zacian|94/100|[from] Stealth Rock
|-ability|p2a: Zacian|Intrepid Sword|boost
|-boost|p2a: Zacian|atk|1
|turn|6
|
|t:|1666065308
|-weather|none
|switch|p1a: Aerodactyl|Aerodactyl, M|100/100
|-ability|p1a: Aerodactyl|Pressure
|move|p2a: Zacian|Behemoth Blade|p1a: Aerodactyl
|-supereffective|p1a: Aerodactyl
|-damage|p1a: Aerodactyl|0 fnt
|faint|p1a: Aerodactyl
|
|upkeep
|c|☆hellotempt6t|Yeah I’m gonna sack that
|
|t:|1666065320
|switch|p1a: Smeargle|Smeargle, M|100/100
|turn|7
|
|t:|1666065323
|move|p2a: Zacian|Behemoth Blade|p1a: Smeargle
|-enditem|p1a: Smeargle|Focus Sash
|-damage|p1a: Smeargle|1/100
|move|p1a: Smeargle|Sticky Web|p2a: Zacian
|-sidestart|p2: IAmJklol|move: Sticky Web
|
|-ability|p1a: Smeargle|Moody|boost
|-boost|p1a: Smeargle|spe|2
|-unboost|p1a: Smeargle|def|1
|upkeep
|turn|8
|c|☆IAmJklol|oh.
|c|☆IAmJklol|uhhh
|c|☆hellotempt6t|Hope u have a good night sleep
|
|t:|1666065339
|move|p1a: Smeargle|Spore|p2a: Zacian
|-status|p2a: Zacian|slp|[from] move: Spore
|cant|p2a: Zacian|slp
|
|-ability|p1a: Smeargle|Moody|boost
|-boost|p1a: Smeargle|def|2
|-unboost|p1a: Smeargle|spd|1
|upkeep
|turn|9
|
|t:|1666065342
|move|p1a: Smeargle|Baton Pass|p1a: Smeargle
|c|☆IAmJklol|cmon
|
|t:|1666065346
|switch|p1a: Smeargle|Smeargle, M|100/100|[from]move: Baton Pass
|cant|p2a: Zacian|slp
|
|-ability|p1a: Smeargle|Moody|boost
|-boost|p1a: Smeargle|spa|2
|-unboost|p1a: Smeargle|spe|1
|upkeep
|turn|10
|c|☆IAmJklol|1 turn
|
|t:|1666065351
|-curestatus|p2a: Zacian|slp|[msg]
|move|p2a: Zacian|Behemoth Blade|p1a: Smeargle
|-damage|p1a: Smeargle|0 fnt
|faint|p1a: Smeargle
|
|upkeep
|c|☆IAmJklol|rip
|
|t:|1666065364
|switch|p1a: Rayquaza|Rayquaza-Mega|91/100
|-weather|DeltaStream|[from] ability: Delta Stream|[of] p1a: Rayquaza
|turn|11
|
|t:|1666065369
|move|p2a: Zacian|Behemoth Blade|p1a: Rayquaza
|-damage|p1a: Rayquaza|5/100
|move|p1a: Rayquaza|Earthquake|p2a: Zacian
|-supereffective|p2a: Zacian
|-damage|p2a: Zacian|0 fnt
|faint|p2a: Zacian
|-damage|p1a: Rayquaza|0 fnt|[from] item: Life Orb
|faint|p1a: Rayquaza
|-weather|none
|
|upkeep
|c|☆IAmJklol|oh.
|
|t:|1666065381
|switch|p2a: Zacian|Zacian|100/100
|switch|p1a: Smeargle|Smeargle, M|1/100
|-damage|p2a: Zacian|88/100|[from] Stealth Rock
|-activate|p2a: Zacian|move: Sticky Web
|-unboost|p2a: Zacian|spe|1
|-ability|p2a: Zacian|Intrepid Sword|boost
|-boost|p2a: Zacian|atk|1
|turn|12
|
|t:|1666065389
|switch|p2a: Arceus-Elec|Arceus|100/100
|-damage|p2a: Arceus-Elec|88/100|[from] Stealth Rock
|-activate|p2a: Arceus-Elec|move: Sticky Web
|-unboost|p2a: Arceus-Elec|spe|1
|move|p1a: Smeargle|Spore|p2a: Arceus-Elec
|-status|p2a: Arceus-Elec|slp|[from] move: Spore
|-enditem|p2a: Arceus-Elec|Lum Berry|[eat]
|-curestatus|p2a: Arceus-Elec|slp|[msg]
|
|-ability|p1a: Smeargle|Moody|boost
|-boost|p1a: Smeargle|def|2
|-unboost|p1a: Smeargle|spa|1
|upkeep
|turn|13
|c|☆hellotempt6t|I still have a chance
|c|☆IAmJklol|rlly?
|
|t:|1666065399
|move|p2a: Arceus-Elec|Extreme Speed|p1a: Smeargle
|-damage|p1a: Smeargle|0 fnt
|faint|p1a: Smeargle
|
|upkeep
|
|t:|1666065401
|switch|p1a: Xerneas|Xerneas|100/100
|-ability|p1a: Xerneas|Fairy Aura
|turn|14
|
|t:|1666065405
|move|p1a: Xerneas|Geomancy||[still]
|-prepare|p1a: Xerneas|Geomancy
|-enditem|p1a: Xerneas|Power Herb
|-anim|p1a: Xerneas|Geomancy|p1a: Xerneas
|-boost|p1a: Xerneas|spa|2
|-boost|p1a: Xerneas|spd|2
|-boost|p1a: Xerneas|spe|2
|move|p2a: Arceus-Elec|Perish Song|p2a: Arceus-Elec
|-start|p1a: Xerneas|perish3|[silent]
|-start|p2a: Arceus-Elec|perish3|[silent]
|-fieldactivate|move: Perish Song
|
|-start|p1a: Xerneas|perish3
|-start|p2a: Arceus-Elec|perish3
|upkeep
|turn|15
|c|☆IAmJklol|do you?
|
|t:|1666065411
|-start|p1a: Xerneas|Dynamax|
|-heal|p1a: Xerneas|100/100|[silent]
|-start|p2a: Arceus-Elec|Dynamax|
|-heal|p2a: Arceus-Elec|88/100|[silent]
|move|p2a: Arceus-Elec|Max Guard|p2a: Arceus-Elec
|-singleturn|p2a: Arceus-Elec|Max Guard
|move|p1a: Xerneas|Max Starfall|p2a: Arceus-Elec
|-activate|p2a: Arceus-Elec|move: Max Guard
|
|-start|p1a: Xerneas|perish2
|-start|p2a: Arceus-Elec|perish2
|upkeep
|turn|16
|c|☆hellotempt6t|Never mind
|
|t:|1666065418
|move|p2a: Arceus-Elec|Max Guard||[still]
|-fail|p2a: Arceus-Elec
|move|p1a: Xerneas|Max Starfall|p2a: Arceus-Elec
|-damage|p2a: Arceus-Elec|29/100
|-fieldstart|move: Misty Terrain
|
|-start|p1a: Xerneas|perish1
|-start|p2a: Arceus-Elec|perish1
|upkeep
|turn|17
|
|t:|1666065422
|-end|p2a: Arceus-Elec|Dynamax
|-heal|p2a: Arceus-Elec|29/100|[silent]
|switch|p2a: Zacian|Zacian-Crowned|100/100
|-damage|p2a: Zacian|94/100|[from] Stealth Rock
|-activate|p2a: Zacian|move: Sticky Web
|-unboost|p2a: Zacian|spe|1
|-ability|p2a: Zacian|Intrepid Sword|boost
|-boost|p2a: Zacian|atk|1
|move|p1a: Xerneas|Max Starfall|p2a: Zacian
|-resisted|p2a: Zacian
|-damage|p2a: Zacian|19/100
|
|-start|p1a: Xerneas|perish0
|faint|p1a: Xerneas
|
|win|IAmJklol
|upkeep
|l|☆hellotempt6t
