|j|☆Ttv girlfriend
|j|☆Freeity
|t:|1650412691
|gametype|singles
|player|p1|Ttv girlfriend|clerkf|
|player|p2|Freeity|iris-gen5bw2|
|teamsize|p1|6
|teamsize|p2|6
|gen|8
|tier|[Gen 8] National Dex AG
|rule|HP Percentage Mod: HP is shown in percentages
|rule|Endless Battle Clause: Forcing endless battles is banned
|clearpoke
|poke|p1|Marshadow|
|poke|p1|Lugia|
|poke|p1|Arceus-*|
|poke|p1|Blissey, F|
|poke|p1|Arceus-*|
|poke|p1|Ferrothorn, F|
|poke|p2|Calyrex-Ice|
|poke|p2|Yveltal|
|poke|p2|Necrozma-Dusk-Mane|
|poke|p2|Zygarde|
|poke|p2|Chansey, F|
|poke|p2|Rayquaza|
|teampreview
|inactive|Battle timer is ON: inactive players will automatically lose when time's up. (requested by Ttv girlfriend)
|c|☆Ttv girlfriend|Mobile can’t sent link
|c|☆Ttv girlfriend|can yOu?
|c|☆Freeity|i just did
|j| big baller band
|
|t:|1650412712
|start
|switch|p1a: Arceus|Arceus-Water|100/100
|switch|p2a: Calyrex|Calyrex-Ice|100/100
|-ability|p2a: Calyrex|As One
|-ability|p2a: Calyrex|Unnerve
|turn|1
|
|t:|1650412717
|move|p1a: Arceus|Whirlpool|p2a: Calyrex
|-damage|p2a: Calyrex|89/100
|-activate|p2a: Calyrex|move: Whirlpool|[of] p1a: Arceus
|move|p2a: Calyrex|Seed Bomb|p1a: Arceus
|-supereffective|p1a: Arceus
|-damage|p1a: Arceus|42/100
|
|-damage|p2a: Calyrex|77/100|[from] move: Whirlpool|[partiallytrapped]
|upkeep
|turn|2
|
|t:|1650412724
|move|p1a: Arceus|Protect|p1a: Arceus
|-singleturn|p1a: Arceus|Protect
|move|p2a: Calyrex|Seed Bomb|p1a: Arceus
|-activate|p1a: Arceus|move: Protect
|
|-damage|p2a: Calyrex|64/100|[from] move: Whirlpool|[partiallytrapped]
|upkeep
|turn|3
|c| big baller band|big mogus balls the funny mogus balls
|
|t:|1650412727
|move|p1a: Arceus|Recover|p1a: Arceus
|-heal|p1a: Arceus|92/100
|move|p2a: Calyrex|Seed Bomb|p1a: Arceus
|-supereffective|p1a: Arceus
|-damage|p1a: Arceus|28/100
|
|-damage|p2a: Calyrex|52/100|[from] move: Whirlpool|[partiallytrapped]
|upkeep
|turn|4
|
|t:|1650412731
|move|p1a: Arceus|Protect|p1a: Arceus
|-singleturn|p1a: Arceus|Protect
|move|p2a: Calyrex|Seed Bomb|p1a: Arceus
|-activate|p1a: Arceus|move: Protect
|
|-damage|p2a: Calyrex|40/100|[from] move: Whirlpool|[partiallytrapped]
|upkeep
|turn|5
|c| big baller band|u trash
|c| big baller band|how u got seed bombed
|
|t:|1650412744
|switch|p1a: Ferrothorn|Ferrothorn, F|100/100
|move|p2a: Calyrex|Seed Bomb|p1a: Ferrothorn
|-resisted|p1a: Ferrothorn
|-damage|p1a: Ferrothorn|93/100
|
|-heal|p1a: Ferrothorn|99/100|[from] item: Leftovers
|-end|p2a: Calyrex|Whirlpool|[partiallytrapped]|[silent]
|upkeep
|turn|6
|c| big baller band|Nvm
|
|t:|1650412753
|switch|p2a: Chansey|Chansey, F|100/100
|move|p1a: Ferrothorn|Protect||[still]
|-fail|p1a: Ferrothorn
|
|-heal|p1a: Ferrothorn|100/100|[from] item: Leftovers
|upkeep
|turn|7
|c| big baller band|not u ttv girl tehe
|
|t:|1650412757
|move|p2a: Chansey|Wish|p2a: Chansey
|move|p1a: Ferrothorn|Leech Seed|p2a: Chansey
|-start|p2a: Chansey|move: Leech Seed
|
|-damage|p2a: Chansey|88/100|[from] Leech Seed|[of] p1a: Ferrothorn
|upkeep
|turn|8
|
|t:|1650412760
|switch|p2a: Calyrex|Calyrex-Ice|40/100
|-ability|p2a: Calyrex|As One
|-ability|p2a: Calyrex|Unnerve
|move|p1a: Ferrothorn|Stealth Rock|p2a: Calyrex
|-sidestart|p2: Freeity|move: Stealth Rock
|
|-heal|p2a: Calyrex|100/100|[from] move: Wish|[wisher] Chansey
|upkeep
|turn|9
|j| Frankfires
|l| Frankfires
|j| maskedddddd
|c| maskedddddd|wsp
|
|t:|1650412769
|move|p1a: Ferrothorn|Protect|p1a: Ferrothorn
|-singleturn|p1a: Ferrothorn|Protect
|move|p2a: Calyrex|Glacial Lance|p1a: Ferrothorn
|-activate|p1a: Ferrothorn|move: Protect
|
|upkeep
|turn|10
|
|t:|1650412772
|switch|p1a: Arceus|Arceus-Water|28/100
|move|p2a: Calyrex|Glacial Lance|p1a: Arceus
|-resisted|p1a: Arceus
|-damage|p1a: Arceus|0 fnt
|faint|p1a: Arceus
|-ability|p2a: Calyrex|Chilling Neigh|boost
|-boost|p2a: Calyrex|atk|1
|
|upkeep
|
|t:|1650412774
|switch|p1a: Marshadow|Marshadow|100/100
|turn|11
|c|☆Freeity|LMAOOO
|c|☆Freeity|UR DUMB ASF
|c|☆Freeity|WTF
|c| big baller band|stop bully
|c|☆Ttv girlfriend|Chill-
|
|t:|1650412797
|switch|p2a: Chansey|Chansey, F|88/100
|-damage|p2a: Chansey|75/100|[from] Stealth Rock
|move|p1a: Marshadow|Spectral Thief|p2a: Chansey
|-immune|p2a: Chansey
|
|upkeep
|turn|12
|c| big baller band|Trash olay
|c|☆Freeity|damn bro
|
|t:|1650412807
|switch|p2a: Necrozma|Necrozma-Dusk-Mane|100/100
|-damage|p2a: Necrozma|94/100|[from] Stealth Rock
|move|p1a: Marshadow|Close Combat|p2a: Necrozma
|-crit|p2a: Necrozma
|-damage|p2a: Necrozma|45/100
|-unboost|p1a: Marshadow|def|1
|-unboost|p1a: Marshadow|spd|1
|-damage|p1a: Marshadow|84/100|[from] item: Rocky Helmet|[of] p2a: Necrozma
|
|upkeep
|turn|13
|c| big baller band|i wouldve clicked seed bomb there
|c| big baller band|even tjo glacial killed
|c|☆Freeity|ur getting ate
|
|t:|1650412816
|move|p1a: Marshadow|Spectral Thief|p2a: Necrozma
|-supereffective|p2a: Necrozma
|-damage|p2a: Necrozma|7/100
|-damage|p1a: Marshadow|67/100|[from] item: Rocky Helmet|[of] p2a: Necrozma
|move|p2a: Necrozma|Moonlight|p2a: Necrozma
|-heal|p2a: Necrozma|57/100
|
|upkeep
|turn|14
|c| maskedddddd|lol
|c|☆Freeity|even with that crit
|c|☆Freeity|still getting smoked
|
|t:|1650412830
|switch|p1a: Ferrothorn|Ferrothorn, F|100/100
|move|p2a: Necrozma|Moonlight|p2a: Necrozma
|-heal|p2a: Necrozma|100/100
|
|upkeep
|turn|15
|
|t:|1650412833
|move|p2a: Necrozma|Stealth Rock|p1a: Ferrothorn
|-sidestart|p1: Ttv girlfriend|move: Stealth Rock
|move|p1a: Ferrothorn|Leech Seed|p2a: Necrozma|[miss]
|-miss|p1a: Ferrothorn|p2a: Necrozma
|
|upkeep
|turn|16
|c| maskedddddd|rng in deity
|l| big baller band
|
|t:|1650412844
|switch|p2a: Yveltal|Yveltal|100/100
|-ability|p2a: Yveltal|Dark Aura
|move|p1a: Ferrothorn|Leech Seed|p2a: Yveltal
|-start|p2a: Yveltal|move: Leech Seed
|
|-damage|p2a: Yveltal|88/100|[from] Leech Seed|[of] p1a: Ferrothorn
|upkeep
|turn|17
|
|t:|1650412847
|move|p1a: Ferrothorn|Protect|p1a: Ferrothorn
|-singleturn|p1a: Ferrothorn|Protect
|move|p2a: Yveltal|Taunt|p1a: Ferrothorn
|-activate|p1a: Ferrothorn|move: Protect
|
|-damage|p2a: Yveltal|75/100|[from] Leech Seed|[of] p1a: Ferrothorn
|upkeep
|turn|18
|
|t:|1650412853
|move|p2a: Yveltal|Taunt|p1a: Ferrothorn
|-start|p1a: Ferrothorn|move: Taunt
|move|p1a: Ferrothorn|Gyro Ball|p2a: Yveltal
|-damage|p2a: Yveltal|43/100
|
|-damage|p2a: Yveltal|30/100|[from] Leech Seed|[of] p1a: Ferrothorn
|upkeep
|turn|19
|
|t:|1650412857
|switch|p2a: Calyrex|Calyrex-Ice|100/100
|-ability|p2a: Calyrex|As One
|-ability|p2a: Calyrex|Unnerve
|-damage|p2a: Calyrex|75/100|[from] Stealth Rock
|switch|p1a: Blissey|Blissey, F|100/100
|-damage|p1a: Blissey|88/100|[from] Stealth Rock
|
|-heal|p1a: Blissey|94/100|[from] item: Leftovers
|upkeep
|turn|20
|c|☆Freeity|alright
|c|☆Freeity|try to switch into this
|
|t:|1650412867
|move|p1a: Blissey|Toxic|p2a: Calyrex
|-status|p2a: Calyrex|tox
|move|p2a: Calyrex|Glacial Lance|p1a: Blissey
|-damage|p1a: Blissey|0 fnt
|faint|p1a: Blissey
|-ability|p2a: Calyrex|Chilling Neigh|boost
|-boost|p2a: Calyrex|atk|1
|
|-damage|p2a: Calyrex|69/100 tox|[from] psn
|upkeep
|
|t:|1650412870
|switch|p1a: Marshadow|Marshadow|67/100
|-damage|p1a: Marshadow|61/100|[from] Stealth Rock
|turn|21
|c|☆Freeity|bro?
|c|☆Freeity|wtf?
|
|t:|1650412875
|switch|p2a: Necrozma|Necrozma-Dusk-Mane|100/100
|-damage|p2a: Necrozma|94/100|[from] Stealth Rock
|move|p1a: Marshadow|Close Combat|p2a: Necrozma
|-damage|p2a: Necrozma|63/100
|-unboost|p1a: Marshadow|def|1
|-unboost|p1a: Marshadow|spd|1
|-damage|p1a: Marshadow|45/100|[from] item: Rocky Helmet|[of] p2a: Necrozma
|
|upkeep
|turn|22
|
|t:|1650412881
|switch|p1a: Lugia|Lugia|100/100
|move|p2a: Necrozma|Moonlight|p2a: Necrozma
|-heal|p2a: Necrozma|100/100
|
|upkeep
|turn|23
|
|t:|1650412890
|switch|p2a: Chansey|Chansey, F|75/100
|-damage|p2a: Chansey|63/100|[from] Stealth Rock
|move|p1a: Lugia|Defog|p2a: Chansey
|-unboost|p2a: Chansey|evasion|1
|-sideend|p2: Freeity|Stealth Rock|[from] move: Defog|[of] p1a: Lugia
|-sideend|p1: Ttv girlfriend|Stealth Rock|[from] move: Defog|[of] p1a: Lugia
|
|upkeep
|turn|24
|c| maskedddddd|1700 elo where are the reads at
|
|t:|1650412897
|switch|p1a: Ferrothorn|Ferrothorn, F|100/100
|move|p2a: Chansey|Aromatherapy|p2a: Chansey
|-activate|p2a: Chansey|move: Aromatherapy
|-curestatus|p2: Calyrex|tox|[msg]
|
|upkeep
|turn|25
|
|t:|1650412903
|switch|p2a: Calyrex|Calyrex-Ice|69/100
|-ability|p2a: Calyrex|As One
|-ability|p2a: Calyrex|Unnerve
|move|p1a: Ferrothorn|Gyro Ball|p2a: Calyrex
|-supereffective|p2a: Calyrex
|-damage|p2a: Calyrex|35/100
|
|upkeep
|turn|26
|
|t:|1650412911
|move|p2a: Calyrex|Glacial Lance|p1a: Ferrothorn
|-damage|p1a: Ferrothorn|28/100
|move|p1a: Ferrothorn|Gyro Ball|p2a: Calyrex
|-supereffective|p2a: Calyrex
|-damage|p2a: Calyrex|0 fnt
|faint|p2a: Calyrex
|
|-heal|p1a: Ferrothorn|34/100|[from] item: Leftovers
|upkeep
|c|☆Freeity|that's crazy fr
|c| maskedddddd|fr
|
|t:|1650412925
|switch|p2a: Yveltal|Yveltal|30/100
|-ability|p2a: Yveltal|Dark Aura
|turn|27
|
|t:|1650412928
|move|p1a: Ferrothorn|Protect|p1a: Ferrothorn
|-singleturn|p1a: Ferrothorn|Protect
|move|p2a: Yveltal|Roost|p2a: Yveltal
|-heal|p2a: Yveltal|80/100
|-singleturn|p2a: Yveltal|move: Roost
|
|-heal|p1a: Ferrothorn|41/100|[from] item: Leftovers
|upkeep
|turn|28
|
|t:|1650412932
|move|p2a: Yveltal|Taunt|p1a: Ferrothorn
|-start|p1a: Ferrothorn|move: Taunt
|cant|p1a: Ferrothorn|move: Taunt|Leech Seed
|
|-heal|p1a: Ferrothorn|47/100|[from] item: Leftovers
|upkeep
|turn|29
|c|☆Freeity|WYD
|
|t:|1650412941
|switch|p2a: Lazy|Rayquaza|100/100
|-ability|p2a: Lazy|Air Lock
|switch|p1a: Arceus|Arceus-Dark|100/100
|
|upkeep
|turn|30
|
|t:|1650412949
|detailschange|p2a: Lazy|Rayquaza-Mega
|-mega|p2a: Lazy|Rayquaza|
|-weather|DeltaStream|[from] ability: Delta Stream|[of] p2a: Lazy
|move|p2a: Lazy|Dragon Ascent|p1a: Arceus
|-damage|p1a: Arceus|48/100
|-unboost|p2a: Lazy|def|1
|-unboost|p2a: Lazy|spd|1
|-damage|p2a: Lazy|91/100|[from] item: Life Orb
|move|p1a: Arceus|Calm Mind|p1a: Arceus
|-boost|p1a: Arceus|spa|1
|-boost|p1a: Arceus|spd|1
|
|-weather|DeltaStream|[upkeep]
|upkeep
|turn|31
|
|t:|1650412960
|-start|p1a: Arceus|Dynamax|
|-heal|p1a: Arceus|48/100|[silent]
|move|p2a: Lazy|Dragon Ascent|p1a: Arceus
|-crit|p1a: Arceus
|-damage|p1a: Arceus|12/100
|-unboost|p2a: Lazy|def|1
|-unboost|p2a: Lazy|spd|1
|-damage|p2a: Lazy|81/100|[from] item: Life Orb
|move|p1a: Arceus|Max Darkness|p2a: Lazy
|-damage|p2a: Lazy|0 fnt
|faint|p2a: Lazy
|-weather|none
|
|upkeep
|
|t:|1650412977
|switch|p2a: Yveltal|Yveltal|80/100
|-ability|p2a: Yveltal|Dark Aura
|turn|32
|
|t:|1650412981
|-start|p2a: Yveltal|Dynamax|
|-heal|p2a: Yveltal|80/100|[silent]
|move|p1a: Arceus|Max Guard|p1a: Arceus
|-singleturn|p1a: Arceus|Max Guard
|move|p2a: Yveltal|Max Airstream|p1a: Arceus
|-activate|p1a: Arceus|move: Max Guard
|
|upkeep
|turn|33
|c|☆Freeity|gg gg
|
|t:|1650412989
|-end|p1a: Arceus|Dynamax
|-heal|p1a: Arceus|12/100|[silent]
|switch|p1a: Lugia|Lugia|100/100
|move|p2a: Yveltal|Max Airstream|p1a: Lugia
|-damage|p1a: Lugia|85/100
|-boost|p2a: Yveltal|spe|1
|
|upkeep
|turn|34
|
|t:|1650413000
|move|p1a: Lugia|Protect|p1a: Lugia
|-singleturn|p1a: Lugia|Protect
|move|p2a: Yveltal|Max Darkness|p1a: Lugia
|-supereffective|p1a: Lugia
|-zbroken|p1a: Lugia
|-damage|p1a: Lugia|66/100
|-unboost|p1a: Lugia|spd|1
|
|-end|p2a: Yveltal|Dynamax
|-heal|p2a: Yveltal|80/100|[silent]
|upkeep
|turn|35
|c| maskedddddd|reverse sweep?
|c|☆Freeity|protect lugia
|c|☆Freeity|i've seen enough
|
|t:|1650413016
|switch|p1a: Arceus|Arceus-Dark|12/100
|move|p2a: Yveltal|Dark Pulse|p1a: Arceus
|-resisted|p1a: Arceus
|-damage|p1a: Arceus|0 fnt
|faint|p1a: Arceus
|
|upkeep
|
|t:|1650413020
|switch|p1a: Lugia|Lugia|66/100
|turn|36
|
|t:|1650413022
|move|p2a: Yveltal|Dark Pulse|p1a: Lugia
|-supereffective|p1a: Lugia
|-damage|p1a: Lugia|12/100
|move|p1a: Lugia|Roost|p1a: Lugia
|-heal|p1a: Lugia|62/100
|-singleturn|p1a: Lugia|move: Roost
|
|upkeep
|turn|37
|
|t:|1650413030
|move|p2a: Yveltal|Dark Pulse|p1a: Lugia
|-supereffective|p1a: Lugia
|-damage|p1a: Lugia|11/100
|move|p1a: Lugia|Toxic|p2a: Yveltal
|-status|p2a: Yveltal|tox
|
|-damage|p2a: Yveltal|74/100 tox|[from] psn
|upkeep
|turn|38
|
|t:|1650413036
|move|p1a: Lugia|Protect|p1a: Lugia
|-singleturn|p1a: Lugia|Protect
|move|p2a: Yveltal|Dark Pulse|p1a: Lugia
|-activate|p1a: Lugia|move: Protect
|
|-damage|p2a: Yveltal|62/100 tox|[from] psn
|upkeep
|turn|39
|
|t:|1650413039
|move|p1a: Lugia|Protect||[still]
|-fail|p1a: Lugia
|move|p2a: Yveltal|Dark Pulse|p1a: Lugia
|-supereffective|p1a: Lugia
|-damage|p1a: Lugia|0 fnt
|faint|p1a: Lugia
|
|-damage|p2a: Yveltal|43/100 tox|[from] psn
|upkeep
|
|t:|1650413044
|switch|p1a: Ferrothorn|Ferrothorn, F|47/100
|turn|40
|c|☆Freeity|ok this might get a little tricky
|
|t:|1650413062
|move|p2a: Yveltal|Roost|p2a: Yveltal
|-heal|p2a: Yveltal|93/100 tox
|-singleturn|p2a: Yveltal|move: Roost
|move|p1a: Ferrothorn|Leech Seed|p2a: Yveltal
|-start|p2a: Yveltal|move: Leech Seed
|
|-heal|p1a: Ferrothorn|53/100|[from] item: Leftovers
|-damage|p2a: Yveltal|81/100 tox|[from] Leech Seed|[of] p1a: Ferrothorn
|-heal|p1a: Ferrothorn|69/100|[silent]
|-damage|p2a: Yveltal|56/100 tox|[from] psn
|upkeep
|turn|41
|
|t:|1650413066
|move|p2a: Yveltal|Taunt|p1a: Ferrothorn
|-start|p1a: Ferrothorn|move: Taunt
|cant|p1a: Ferrothorn|move: Taunt|Stealth Rock
|
|-heal|p1a: Ferrothorn|75/100|[from] item: Leftovers
|-damage|p2a: Yveltal|44/100 tox|[from] Leech Seed|[of] p1a: Ferrothorn
|-heal|p1a: Ferrothorn|92/100|[silent]
|-damage|p2a: Yveltal|13/100 tox|[from] psn
|upkeep
|turn|42
|
|t:|1650413069
|switch|p2a: Chansey|Chansey, F|63/100
|move|p1a: Ferrothorn|Gyro Ball|p2a: Chansey
|-damage|p2a: Chansey|17/100
|
|-heal|p1a: Ferrothorn|98/100|[from] item: Leftovers
|upkeep
|turn|43
|
|t:|1650413075
|switch|p2a: Zygarde|Zygarde|100/100
|switch|p1a: Marshadow|Marshadow|45/100
|
|upkeep
|turn|44
|
|t:|1650413079
|move|p1a: Marshadow|Ice Punch|p2a: Zygarde
|-supereffective|p2a: Zygarde
|-damage|p2a: Zygarde|49/100
|move|p2a: Zygarde|Thousand Arrows|p1a: Marshadow
|-damage|p1a: Marshadow|4/100
|
|-heal|p2a: Zygarde|55/100|[from] item: Leftovers
|upkeep
|turn|45
|
|t:|1650413089
|switch|p1a: Ferrothorn|Ferrothorn, F|98/100
|move|p2a: Zygarde|Thousand Arrows|p1a: Ferrothorn
|-damage|p1a: Ferrothorn|79/100
|
|-heal|p2a: Zygarde|61/100|[from] item: Leftovers
|-heal|p1a: Ferrothorn|85/100|[from] item: Leftovers
|upkeep
|turn|46
|c| maskedddddd|e
|
|t:|1650413096
|switch|p2a: Necrozma|Necrozma-Dusk-Mane|100/100
|move|p1a: Ferrothorn|Stealth Rock|p2a: Necrozma
|-sidestart|p2: Freeity|move: Stealth Rock
|
|-heal|p1a: Ferrothorn|91/100|[from] item: Leftovers
|upkeep
|turn|47
|
|t:|1650413099
|move|p2a: Necrozma|Stealth Rock|p1a: Ferrothorn
|-sidestart|p1: Ttv girlfriend|move: Stealth Rock
|move|p1a: Ferrothorn|Leech Seed|p2a: Necrozma
|-start|p2a: Necrozma|move: Leech Seed
|
|-heal|p1a: Ferrothorn|98/100|[from] item: Leftovers
|-damage|p2a: Necrozma|88/100|[from] Leech Seed|[of] p1a: Ferrothorn
|-heal|p1a: Ferrothorn|100/100|[silent]
|upkeep
|turn|48
|c|☆Freeity|alr y'all
|c|☆Freeity|now i got rid of the marsh
|c|☆Freeity|so i can sac this thing
|
|t:|1650413119
|switch|p1a: Marshadow|Marshadow|4/100
|-damage|p1a: Marshadow|0 fnt|[from] Stealth Rock
|faint|p1a: Marshadow
|move|p2a: Necrozma|Sunsteel Strike|p1: Marshadow|[notarget]
|-fail|p2a: Necrozma
|
|upkeep
|
|t:|1650413122
|switch|p1a: Ferrothorn|Ferrothorn, F|100/100
|-damage|p1a: Ferrothorn|94/100|[from] Stealth Rock
|turn|49
|
|t:|1650413132
|move|p2a: Necrozma|Sunsteel Strike|p1a: Ferrothorn
|-resisted|p1a: Ferrothorn
|-damage|p1a: Ferrothorn|79/100
|-damage|p2a: Necrozma|76/100|[from] ability: Iron Barbs|[of] p1a: Ferrothorn
|move|p1a: Ferrothorn|Gyro Ball|p2a: Necrozma
|-resisted|p2a: Necrozma
|-damage|p2a: Necrozma|66/100
|-damage|p1a: Ferrothorn|63/100|[from] item: Rocky Helmet|[of] p2a: Necrozma
|
|-heal|p1a: Ferrothorn|69/100|[from] item: Leftovers
|-damage|p2a: Necrozma|54/100|[from] Leech Seed|[of] p1a: Ferrothorn
|-heal|p1a: Ferrothorn|83/100|[silent]
|upkeep
|turn|50
|
|t:|1650413135
|move|p2a: Necrozma|Sunsteel Strike|p1a: Ferrothorn
|-resisted|p1a: Ferrothorn
|-damage|p1a: Ferrothorn|68/100
|-damage|p2a: Necrozma|42/100|[from] ability: Iron Barbs|[of] p1a: Ferrothorn
|move|p1a: Ferrothorn|Gyro Ball|p2a: Necrozma
|-resisted|p2a: Necrozma
|-damage|p2a: Necrozma|31/100
|-damage|p1a: Ferrothorn|52/100|[from] item: Rocky Helmet|[of] p2a: Necrozma
|
|-heal|p1a: Ferrothorn|58/100|[from] item: Leftovers
|-damage|p2a: Necrozma|19/100|[from] Leech Seed|[of] p1a: Ferrothorn
|-heal|p1a: Ferrothorn|72/100|[silent]
|upkeep
|turn|51
|
|t:|1650413140
|move|p1a: Ferrothorn|Protect|p1a: Ferrothorn
|-singleturn|p1a: Ferrothorn|Protect
|move|p2a: Necrozma|Moonlight|p2a: Necrozma
|-heal|p2a: Necrozma|69/100
|
|-heal|p1a: Ferrothorn|78/100|[from] item: Leftovers
|-damage|p2a: Necrozma|56/100|[from] Leech Seed|[of] p1a: Ferrothorn
|-heal|p1a: Ferrothorn|92/100|[silent]
|upkeep
|turn|52
|
|t:|1650413145
|move|p2a: Necrozma|Sunsteel Strike|p1a: Ferrothorn
|-resisted|p1a: Ferrothorn
|-damage|p1a: Ferrothorn|78/100
|-damage|p2a: Necrozma|44/100|[from] ability: Iron Barbs|[of] p1a: Ferrothorn
|move|p1a: Ferrothorn|Stealth Rock||[still]
|-fail|p1a: Ferrothorn
|
|-heal|p1a: Ferrothorn|85/100|[from] item: Leftovers
|-damage|p2a: Necrozma|32/100|[from] Leech Seed|[of] p1a: Ferrothorn
|-heal|p1a: Ferrothorn|99/100|[silent]
|upkeep
|turn|53
|c| maskedddddd|the read
|
|t:|1650413162
|switch|p2a: Chansey|Chansey, F|17/100
|-damage|p2a: Chansey|4/100|[from] Stealth Rock
|move|p1a: Ferrothorn|Stealth Rock||[still]
|-fail|p1a: Ferrothorn
|
|-heal|p1a: Ferrothorn|100/100|[from] item: Leftovers
|upkeep
|turn|54
|c|☆Freeity|SHEESH
|c|☆Freeity|I'M TOO FUCKING GOOD
|c|☆Freeity|ok now look at this
|
|t:|1650413184
|move|p2a: Chansey|Soft-Boiled|p2a: Chansey
|-heal|p2a: Chansey|54/100
|move|p1a: Ferrothorn|Gyro Ball|p2a: Chansey
|-damage|p2a: Chansey|12/100
|
|upkeep
|turn|55
|c|☆Freeity|since it does
|c|☆Freeity|under 50%
|c| maskedddddd|cool
|c|☆Freeity|i can get my hp up
|
|t:|1650413197
|move|p2a: Chansey|Soft-Boiled|p2a: Chansey
|-heal|p2a: Chansey|62/100
|move|p1a: Ferrothorn|Leech Seed|p2a: Chansey
|-start|p2a: Chansey|move: Leech Seed
|
|-damage|p2a: Chansey|50/100|[from] Leech Seed|[of] p1a: Ferrothorn
|upkeep
|turn|56
|c|☆Freeity|but look
|c|☆Freeity|he has 0 pp now
|
|t:|1650413207
|move|p2a: Chansey|Soft-Boiled|p2a: Chansey
|-heal|p2a: Chansey|99/100
|move|p1a: Ferrothorn|Stealth Rock||[still]
|-fail|p1a: Ferrothorn
|
|-damage|p2a: Chansey|87/100|[from] Leech Seed|[of] p1a: Ferrothorn
|upkeep
|turn|57
|
|t:|1650413212
|move|p2a: Chansey|Aromatherapy|p2a: Chansey
|-activate|p2a: Chansey|move: Aromatherapy
|-curestatus|p2: Yveltal|tox|[msg]
|move|p1a: Ferrothorn|Stealth Rock||[still]
|-fail|p1a: Ferrothorn
|
|-damage|p2a: Chansey|75/100|[from] Leech Seed|[of] p1a: Ferrothorn
|upkeep
|turn|58
|
|t:|1650413217
|move|p2a: Chansey|Wish|p2a: Chansey
|move|p1a: Ferrothorn|Stealth Rock||[still]
|-fail|p1a: Ferrothorn
|
|-damage|p2a: Chansey|62/100|[from] Leech Seed|[of] p1a: Ferrothorn
|upkeep
|turn|59
|
|t:|1650413222
|switch|p2a: Yveltal|Yveltal|13/100
|-ability|p2a: Yveltal|Dark Aura
|move|p1a: Ferrothorn|Stealth Rock||[still]
|-fail|p1a: Ferrothorn
|
|-heal|p2a: Yveltal|90/100|[from] move: Wish|[wisher] Chansey
|upkeep
|turn|60
|
|t:|1650413231
|move|p2a: Yveltal|Taunt|p1a: Ferrothorn
|-start|p1a: Ferrothorn|move: Taunt
|cant|p1a: Ferrothorn|move: Taunt|Leech Seed
|
|upkeep
|turn|61
|c|☆Freeity|ggs
|
|t:|1650413237
|move|p2a: Yveltal|Dark Pulse|p1a: Ferrothorn
|-damage|p1a: Ferrothorn|64/100
|cant|p1a: Ferrothorn|flinch
|
|-heal|p1a: Ferrothorn|70/100|[from] item: Leftovers
|upkeep
|turn|62
|
|t:|1650413241
|move|p2a: Yveltal|Dark Pulse|p1a: Ferrothorn
|-damage|p1a: Ferrothorn|31/100
|move|p1a: Ferrothorn|Gyro Ball|p2a: Yveltal
|-damage|p2a: Yveltal|58/100
|
|-heal|p1a: Ferrothorn|38/100|[from] item: Leftovers
|-end|p1a: Ferrothorn|move: Taunt
|upkeep
|turn|63
|
|t:|1650413244
|move|p1a: Ferrothorn|Protect|p1a: Ferrothorn
|-singleturn|p1a: Ferrothorn|Protect
|move|p2a: Yveltal|Dark Pulse|p1a: Ferrothorn
|-activate|p1a: Ferrothorn|move: Protect
|
|-heal|p1a: Ferrothorn|44/100|[from] item: Leftovers
|upkeep
|turn|64
|
|t:|1650413251
|move|p2a: Yveltal|Taunt|p1a: Ferrothorn
|-start|p1a: Ferrothorn|move: Taunt
|cant|p1a: Ferrothorn|move: Taunt|Leech Seed
|
|-heal|p1a: Ferrothorn|50/100|[from] item: Leftovers
|upkeep
|turn|65
|c|☆Freeity|struggle
|c|☆Ttv girlfriend|Gg wp
|
|t:|1650413260
|move|p2a: Yveltal|Dark Pulse|p1a: Ferrothorn
|-crit|p1a: Ferrothorn
|-damage|p1a: Ferrothorn|0 fnt
|faint|p1a: Ferrothorn
|
|win|Freeity
|c| maskedddddd|ggs
|c|☆Freeity|lol crit
|c|☆Freeity|gg
