|j|☆cheziqua
|j|☆chemiuzs
|t:|1657773285
|gametype|singles
|player|p1|cheziqua|265|1658
|player|p2|chemiuzs|steven|1767
|teamsize|p1|6
|teamsize|p2|6
|gen|8
|tier|[Gen 8] National Dex AG
|rated|
|rule|HP Percentage Mod: HP is shown in percentages
|rule|Endless Battle Clause: Forcing endless battles is banned
|clearpoke
|poke|p1|Calyrex-Shadow|
|poke|p1|Groudon|
|poke|p1|Marshadow|
|poke|p1|Zacian-*|
|poke|p1|Lugia|
|poke|p1|Yveltal|
|poke|p2|Zacian-*|
|poke|p2|Rayquaza|
|poke|p2|Yveltal|
|poke|p2|Deoxys-Speed|
|poke|p2|Arceus-*|
|poke|p2|Ditto|
|teampreview
|inactive|Battle timer is ON: inactive players will automatically lose when time's up. (requested by cheziqua)
|
|t:|1657773321
|start
|switch|p1a: Groudon|Groudon, shiny|100/100
|switch|p2a: Deoxys|Deoxys-Speed|100/100
|-ability|p2a: Deoxys|Pressure
|detailschange|p1a: Groudon|Groudon-Primal, shiny
|-primal|p1a: Groudon
|-weather|DesolateLand|[from] ability: Desolate Land|[of] p1a: Groudon
|turn|1
|
|t:|1657773326
|move|p2a: Deoxys|Taunt|p1a: Groudon
|-start|p1a: Groudon|move: Taunt
|move|p1a: Groudon|Heat Crash|p2a: Deoxys
|-enditem|p2a: Deoxys|Focus Sash
|-damage|p2a: Deoxys|1/100
|
|-weather|DesolateLand|[upkeep]
|upkeep
|turn|2
|
|t:|1657773331
|move|p2a: Deoxys|Stealth Rock|p1a: Groudon
|-sidestart|p1: cheziqua|move: Stealth Rock
|move|p1a: Groudon|Heat Crash|p2a: Deoxys
|-damage|p2a: Deoxys|0 fnt
|faint|p2a: Deoxys
|
|-weather|DesolateLand|[upkeep]
|upkeep
|
|t:|1657773335
|switch|p2a: Rayquaza|Rayquaza|100/100
|-ability|p2a: Rayquaza|Air Lock
|turn|3
|
|t:|1657773340
|-weather|none
|switch|p1a: Lugia|Lugia|100/100
|detailschange|p2a: Rayquaza|Rayquaza-Mega
|-mega|p2a: Rayquaza|Rayquaza|
|-weather|DeltaStream|[from] ability: Delta Stream|[of] p2a: Rayquaza
|move|p2a: Rayquaza|Waterfall|p1a: Lugia
|-damage|p1a: Lugia|88/100
|
|-weather|DeltaStream|[upkeep]
|upkeep
|turn|4
|
|t:|1657773361
|move|p2a: Rayquaza|Dragon Ascent|p1a: Lugia
|-damage|p1a: Lugia|33/100
|-unboost|p2a: Rayquaza|def|1
|-unboost|p2a: Rayquaza|spd|1
|move|p1a: Lugia|Defog|p2a: Rayquaza
|-unboost|p2a: Rayquaza|evasion|1
|-sideend|p1: cheziqua|Stealth Rock|[from] move: Defog|[of] p1a: Lugia
|
|-weather|DeltaStream|[upkeep]
|upkeep
|turn|5
|
|t:|1657773369
|move|p2a: Rayquaza|Dragon Ascent|p1a: Lugia
|-damage|p1a: Lugia|0 fnt
|-unboost|p2a: Rayquaza|def|1
|-unboost|p2a: Rayquaza|spd|1
|faint|p1a: Lugia
|
|-weather|DeltaStream|[upkeep]
|upkeep
|
|t:|1657773378
|switch|p1a: Yveltal|Yveltal, shiny|100/100
|-ability|p1a: Yveltal|Dark Aura
|turn|6
|
|t:|1657773382
|-start|p1a: Yveltal|Dynamax|
|-heal|p1a: Yveltal|100/100|[silent]
|move|p2a: Rayquaza|Dragon Ascent|p1a: Yveltal
|-damage|p1a: Yveltal|64/100
|-unboost|p2a: Rayquaza|def|1
|-unboost|p2a: Rayquaza|spd|1
|move|p1a: Yveltal|Max Airstream|p2a: Rayquaza
|-enditem|p2a: Rayquaza|Focus Sash
|-damage|p2a: Rayquaza|1/100
|-boost|p1a: Yveltal|spe|1
|-damage|p1a: Yveltal|60/100|[from] item: Life Orb
|
|-weather|DeltaStream|[upkeep]
|upkeep
|turn|7
|
|t:|1657773392
|move|p1a: Yveltal|Max Airstream|p2a: Rayquaza
|-damage|p2a: Rayquaza|0 fnt
|-boost|p1a: Yveltal|spe|1
|faint|p2a: Rayquaza
|-weather|none
|-damage|p1a: Yveltal|55/100|[from] item: Life Orb
|
|upkeep
|
|t:|1657773401
|switch|p2a: Arceus|Arceus|100/100
|turn|8
|
|t:|1657773405
|move|p1a: Yveltal|Max Darkness|p2a: Arceus
|-damage|p2a: Arceus|7/100
|-unboost|p2a: Arceus|spd|1
|-damage|p1a: Yveltal|50/100|[from] item: Life Orb
|-zpower|p2a: Arceus
|move|p2a: Arceus|Breakneck Blitz|p1a: Yveltal|[zeffect]
|-damage|p1a: Yveltal|8/100
|
|upkeep
|-end|p1a: Yveltal|Dynamax
|-heal|p1a: Yveltal|8/100|[silent]
|turn|9
|
|t:|1657773412
|move|p1a: Yveltal|Protect|p1a: Yveltal
|-singleturn|p1a: Yveltal|Protect
|move|p2a: Arceus|Extreme Speed|p1a: Yveltal
|-activate|p1a: Yveltal|move: Protect
|
|upkeep
|turn|10
|
|t:|1657773418
|switch|p1a: Marshadow|Marshadow|100/100
|move|p2a: Arceus|Shadow Claw|p1a: Marshadow
|-supereffective|p1a: Marshadow
|-crit|p1a: Marshadow
|-damage|p1a: Marshadow|4/100
|
|upkeep
|turn|11
|
|t:|1657773440
|switch|p2a: Ditto|Ditto, shiny|100/100
|-transform|p2a: Ditto|p1a: Marshadow|[from] ability: Imposter
|move|p1a: Marshadow|Drain Punch|p2a: Ditto
|-immune|p2a: Ditto
|
|upkeep
|turn|12
|
|t:|1657773446
|switch|p1a: Groudon|Groudon-Primal, shiny|100/100
|-weather|DesolateLand|[from] ability: Desolate Land|[of] p1a: Groudon
|move|p2a: Ditto|Shadow Sneak|p1a: Groudon
|-damage|p1a: Groudon|87/100
|
|-weather|DesolateLand|[upkeep]
|upkeep
|turn|13
|
|t:|1657773451
|switch|p2a: Arceus|Arceus|7/100
|move|p1a: Groudon|Stealth Rock|p2a: Arceus
|-sidestart|p2: chemiuzs|move: Stealth Rock
|
|-weather|DesolateLand|[upkeep]
|upkeep
|turn|14
|
|t:|1657773457
|-weather|none
|switch|p1a: Yveltal|Yveltal, shiny|8/100
|-ability|p1a: Yveltal|Dark Aura
|move|p2a: Arceus|Earthquake|p1a: Yveltal
|-immune|p1a: Yveltal
|
|upkeep
|turn|15
|
|t:|1657773461
|move|p1a: Yveltal|Protect|p1a: Yveltal
|-singleturn|p1a: Yveltal|Protect
|move|p2a: Arceus|Extreme Speed|p1a: Yveltal
|-activate|p1a: Yveltal|move: Protect
|
|upkeep
|turn|16
|
|t:|1657773466
|move|p2a: Arceus|Shadow Claw|p1a: Yveltal
|-resisted|p1a: Yveltal
|-damage|p1a: Yveltal|0 fnt
|faint|p1a: Yveltal
|
|upkeep
|
|t:|1657773471
|switch|p1a: Marshadow|Marshadow|4/100
|turn|17
|
|t:|1657773474
|move|p1a: Marshadow|Rock Tomb|p2a: Arceus
|-damage|p2a: Arceus|0 fnt
|faint|p2a: Arceus
|
|upkeep
|
|t:|1657773480
|switch|p2a: Zacian|Zacian-Crowned|100/100
|-damage|p2a: Zacian|94/100|[from] Stealth Rock
|-ability|p2a: Zacian|Intrepid Sword|boost
|-boost|p2a: Zacian|atk|1
|turn|18
|
|t:|1657773484
|switch|p1a: Groudon|Groudon-Primal, shiny|87/100
|-weather|DesolateLand|[from] ability: Desolate Land|[of] p1a: Groudon
|move|p2a: Zacian|Behemoth Blade|p1a: Groudon
|-resisted|p1a: Groudon
|-damage|p1a: Groudon|66/100
|
|-weather|DesolateLand|[upkeep]
|upkeep
|turn|19
|
|t:|1657773492
|switch|p2a: Yveltal|Yveltal|100/100
|-damage|p2a: Yveltal|76/100|[from] Stealth Rock
|-ability|p2a: Yveltal|Dark Aura
|move|p1a: Groudon|Precipice Blades|p2a: Yveltal
|-immune|p2a: Yveltal
|
|-weather|DesolateLand|[upkeep]
|upkeep
|turn|20
|
|t:|1657773494
|-start|p2a: Yveltal|Dynamax|
|-heal|p2a: Yveltal|76/100|[silent]
|move|p2a: Yveltal|Max Airstream|p1a: Groudon
|-damage|p1a: Groudon|0 fnt
|-boost|p2a: Yveltal|spe|1
|faint|p1a: Groudon
|-weather|none
|-damage|p2a: Yveltal|71/100|[from] item: Life Orb
|
|upkeep
|
|t:|1657773498
|switch|p1a: Zacian|Zacian-Crowned|100/100
|-ability|p1a: Zacian|Intrepid Sword|boost
|-boost|p1a: Zacian|atk|1
|turn|21
|
|t:|1657773503
|move|p2a: Yveltal|Max Darkness|p1a: Zacian
|-resisted|p1a: Zacian
|-damage|p1a: Zacian|48/100
|-unboost|p1a: Zacian|spd|1
|-damage|p2a: Yveltal|66/100|[from] item: Life Orb
|move|p1a: Zacian|Play Rough|p2a: Yveltal
|-supereffective|p2a: Yveltal
|-damage|p2a: Yveltal|0 fnt
|faint|p2a: Yveltal
|
|upkeep
|
|t:|1657773506
|switch|p2a: Zacian|Zacian-Crowned|94/100
|-damage|p2a: Zacian|88/100|[from] Stealth Rock
|-ability|p2a: Zacian|Intrepid Sword|boost
|-boost|p2a: Zacian|atk|1
|turn|22
|
|t:|1657773510
|move|p1a: Zacian|Behemoth Blade|p2a: Zacian
|-damage|p2a: Zacian|0 fnt
|faint|p2a: Zacian
|
|upkeep
|
|t:|1657773512
|switch|p2a: Ditto|Ditto, shiny|100/100
|-damage|p2a: Ditto|88/100|[from] Stealth Rock
|-transform|p2a: Ditto|p1a: Zacian|[from] ability: Imposter
|-ability|p2a: Ditto|Intrepid Sword|boost
|-boost|p2a: Ditto|atk|1
|turn|23
|
|t:|1657773515
|move|p2a: Ditto|Behemoth Blade|p1a: Zacian
|-damage|p1a: Zacian|0 fnt
|faint|p1a: Zacian
|
|upkeep
|
|t:|1657773518
|switch|p1a: Marshadow|Marshadow|4/100
|turn|24
|
|t:|1657773520
|move|p1a: Marshadow|Shadow Sneak|p2a: Ditto
|-damage|p2a: Ditto|57/100
|move|p2a: Ditto|Behemoth Blade|p1a: Marshadow
|-damage|p1a: Marshadow|0 fnt
|faint|p1a: Marshadow
|
|upkeep
|
|t:|1657773521
|switch|p1a: Calyrex|Calyrex-Shadow|100/100
|-ability|p1a: Calyrex|As One
|-ability|p1a: Calyrex|Unnerve
|turn|25
|
|t:|1657773523
|move|p1a: Calyrex|Astral Barrage|p2a: Ditto
|-damage|p2a: Ditto|0 fnt
|faint|p2a: Ditto
|
|win|cheziqua
|raw|cheziqua's rating: 1658 &rarr; <strong>1684</strong><br />(+26 for winning)
|raw|chemiuzs's rating: 1767 &rarr; <strong>1741</strong><br />(-26 for losing)
