|j|☆hjk0hr1
|j|☆Better Alone
|t:|1664234361
|gametype|singles
|player|p1|hjk0hr1|lucas|1908
|player|p2|Better Alone|swimmerf-gen4|1913
|teamsize|p1|6
|teamsize|p2|6
|gen|8
|tier|[Gen 8] National Dex AG
|rated|
|rule|HP Percentage Mod: HP is shown in percentages
|rule|Endless Battle Clause: Forcing endless battles is banned
|clearpoke
|poke|p1|Zacian-*|
|poke|p1|Necrozma-Dusk-Mane|
|poke|p1|Eternatus|
|poke|p1|Arceus-*|
|poke|p1|Arceus-*|
|poke|p1|Rayquaza|
|poke|p2|Ditto|
|poke|p2|Calyrex-Shadow|
|poke|p2|Groudon|
|poke|p2|Rayquaza|
|poke|p2|Tyranitar, M|
|poke|p2|Arceus-*|
|teampreview
|
|t:|1664234370
|start
|switch|p1a: Rayquaza|Rayquaza|100/100
|switch|p2a: Arceus|Arceus-Ground|100/100
|-ability|p1a: Rayquaza|Air Lock
|turn|1
|inactive|Battle timer is ON: inactive players will automatically lose when time's up. (requested by Better Alone)
|
|t:|1664234378
|switch|p1a: Arceus|Arceus-Dark|100/100
|move|p2a: Arceus|Stealth Rock|p1a: Arceus
|-sidestart|p1: hjk0hr1|move: Stealth Rock
|
|upkeep
|turn|2
|
|t:|1664234382
|move|p2a: Arceus|Toxic|p1a: Arceus
|-status|p1a: Arceus|tox
|move|p1a: Arceus|Snarl|p2a: Arceus
|-damage|p2a: Arceus|82/100
|-unboost|p2a: Arceus|spa|1
|
|-damage|p1a: Arceus|94/100 tox|[from] psn
|upkeep
|turn|3
|
|t:|1664234388
|move|p2a: Arceus|Judgment|p1a: Arceus
|-damage|p1a: Arceus|78/100 tox
|move|p1a: Arceus|Toxic|p2a: Arceus
|-status|p2a: Arceus|tox
|
|-damage|p2a: Arceus|76/100 tox|[from] psn
|-damage|p1a: Arceus|66/100 tox|[from] psn
|upkeep
|turn|4
|
|t:|1664234391
|move|p2a: Arceus|Recover|p2a: Arceus
|-heal|p2a: Arceus|100/100 tox
|move|p1a: Arceus|Refresh|p1a: Arceus
|-curestatus|p1a: Arceus|tox|[msg]
|
|-damage|p2a: Arceus|88/100 tox|[from] psn
|upkeep
|turn|5
|
|t:|1664234394
|move|p2a: Arceus|Judgment|p1a: Arceus
|-crit|p1a: Arceus
|-damage|p1a: Arceus|29/100
|move|p1a: Arceus|Recover|p1a: Arceus
|-heal|p1a: Arceus|79/100
|
|-damage|p2a: Arceus|70/100 tox|[from] psn
|upkeep
|turn|6
|
|t:|1664234397
|move|p2a: Arceus|Toxic|p1a: Arceus
|-status|p1a: Arceus|tox
|move|p1a: Arceus|Recover|p1a: Arceus
|-heal|p1a: Arceus|100/100 tox
|
|-damage|p2a: Arceus|46/100 tox|[from] psn
|-damage|p1a: Arceus|94/100 tox|[from] psn
|upkeep
|turn|7
|
|t:|1664234400
|switch|p2a: Tyranitar|Tyranitar, M|100/100
|-weather|Sandstorm|[from] ability: Sand Stream|[of] p2a: Tyranitar
|move|p1a: Arceus|Refresh|p1a: Arceus
|-curestatus|p1a: Arceus|tox|[msg]
|
|-weather|Sandstorm|[upkeep]
|-damage|p1a: Arceus|88/100|[from] Sandstorm
|upkeep
|turn|8
|
|t:|1664234404
|switch|p2a: Arceus|Arceus-Ground|46/100 tox
|move|p1a: Arceus|Toxic|p2a: Arceus|[miss]
|-miss|p1a: Arceus|p2a: Arceus
|
|-weather|Sandstorm|[upkeep]
|-damage|p1a: Arceus|82/100|[from] Sandstorm
|-damage|p2a: Arceus|40/100 tox|[from] psn
|upkeep
|turn|9
|
|t:|1664234407
|move|p2a: Arceus|Toxic|p1a: Arceus
|-status|p1a: Arceus|tox
|move|p1a: Arceus|Snarl|p2a: Arceus
|-damage|p2a: Arceus|23/100 tox
|-unboost|p2a: Arceus|spa|1
|
|-weather|Sandstorm|[upkeep]
|-damage|p1a: Arceus|76/100 tox|[from] Sandstorm
|-damage|p2a: Arceus|11/100 tox|[from] psn
|-damage|p1a: Arceus|70/100 tox|[from] psn
|upkeep
|turn|10
|
|t:|1664234409
|move|p2a: Arceus|Recover|p2a: Arceus
|-heal|p2a: Arceus|61/100 tox
|move|p1a: Arceus|Refresh|p1a: Arceus
|-curestatus|p1a: Arceus|tox|[msg]
|
|-weather|Sandstorm|[upkeep]
|-damage|p1a: Arceus|64/100|[from] Sandstorm
|-damage|p2a: Arceus|42/100 tox|[from] psn
|upkeep
|turn|11
|
|t:|1664234411
|move|p2a: Arceus|Recover|p2a: Arceus
|-heal|p2a: Arceus|92/100 tox
|move|p1a: Arceus|Recover|p1a: Arceus
|-heal|p1a: Arceus|100/100
|
|-weather|none
|-damage|p2a: Arceus|68/100 tox|[from] psn
|upkeep
|turn|12
|
|t:|1664234415
|move|p2a: Arceus|Toxic|p1a: Arceus
|-status|p1a: Arceus|tox
|move|p1a: Arceus|Snarl|p2a: Arceus
|-damage|p2a: Arceus|49/100 tox
|-unboost|p2a: Arceus|spa|1
|
|-damage|p2a: Arceus|19/100 tox|[from] psn
|-damage|p1a: Arceus|94/100 tox|[from] psn
|upkeep
|turn|13
|
|t:|1664234421
|move|p2a: Arceus|Recover|p2a: Arceus
|-heal|p2a: Arceus|69/100 tox
|move|p1a: Arceus|Refresh|p1a: Arceus
|-curestatus|p1a: Arceus|tox|[msg]
|
|-damage|p2a: Arceus|32/100 tox|[from] psn
|upkeep
|turn|14
|
|t:|1664234429
|switch|p1a: Zacian|Zacian-Crowned|100/100
|-damage|p1a: Zacian|94/100|[from] Stealth Rock
|-ability|p1a: Zacian|Intrepid Sword|boost
|-boost|p1a: Zacian|atk|1
|move|p2a: Arceus|Toxic|p1a: Zacian
|-immune|p1a: Zacian
|
|-damage|p2a: Arceus|0 fnt|[from] psn
|faint|p2a: Arceus
|upkeep
|
|t:|1664234432
|switch|p2a: Groudon|Groudon, shiny|100/100
|detailschange|p2a: Groudon|Groudon-Primal, shiny
|-primal|p2a: Groudon
|-weather|DesolateLand|[from] ability: Desolate Land|[of] p2a: Groudon
|turn|15
|
|t:|1664234437
|switch|p1a: Rayquaza|Rayquaza|100/100
|-damage|p1a: Rayquaza|76/100|[from] Stealth Rock
|-ability|p1a: Rayquaza|Air Lock
|move|p2a: Groudon|Fire Punch|p1a: Rayquaza
|-resisted|p1a: Rayquaza
|-damage|p1a: Rayquaza|48/100
|
|-weather|DesolateLand|[upkeep]
|upkeep
|turn|16
|
|t:|1664234442
|-weather|none
|switch|p2a: Rayquaza|Rayquaza|100/100
|-ability|p2a: Rayquaza|Air Lock
|detailschange|p1a: Rayquaza|Rayquaza-Mega
|-mega|p1a: Rayquaza|Rayquaza|
|-weather|DeltaStream|[from] ability: Delta Stream|[of] p1a: Rayquaza
|move|p1a: Rayquaza|Surf|p2a: Rayquaza
|-resisted|p2a: Rayquaza
|-damage|p2a: Rayquaza|81/100
|
|-weather|DeltaStream|[upkeep]
|upkeep
|turn|17
|
|t:|1664234448
|-weather|none
|switch|p1a: Necrozma|Necrozma-Dusk-Mane, shiny|100/100
|-damage|p1a: Necrozma|94/100|[from] Stealth Rock
|detailschange|p2a: Rayquaza|Rayquaza-Mega
|-mega|p2a: Rayquaza|Rayquaza|
|-weather|DeltaStream|[from] ability: Delta Stream|[of] p2a: Rayquaza
|move|p2a: Rayquaza|Dragon Ascent|p1a: Necrozma
|-resisted|p1a: Necrozma
|-damage|p1a: Necrozma|74/100
|-unboost|p2a: Rayquaza|def|1
|-unboost|p2a: Rayquaza|spd|1
|-damage|p2a: Rayquaza|65/100|[from] item: Rocky Helmet|[of] p1a: Necrozma
|
|-weather|DeltaStream|[upkeep]
|upkeep
|turn|18
|
|t:|1664234453
|move|p2a: Rayquaza|V-create|p1a: Necrozma
|-supereffective|p1a: Necrozma
|-crit|p1a: Necrozma
|-damage|p1a: Necrozma|0 fnt
|-unboost|p2a: Rayquaza|spe|1
|-unboost|p2a: Rayquaza|def|1
|-unboost|p2a: Rayquaza|spd|1
|-damage|p2a: Rayquaza|48/100|[from] item: Rocky Helmet|[of] p1a: Necrozma
|faint|p1a: Necrozma
|
|-weather|DeltaStream|[upkeep]
|upkeep
|
|t:|1664234460
|switch|p1a: Rayquaza|Rayquaza-Mega|48/100
|-damage|p1a: Rayquaza|23/100|[from] Stealth Rock
|turn|19
|
|t:|1664234469
|switch|p2a: Calyrex|Calyrex-Shadow|100/100
|-ability|p2a: Calyrex|As One
|-ability|p2a: Calyrex|Unnerve
|move|p1a: Rayquaza|Draco Meteor|p2a: Calyrex
|-damage|p2a: Calyrex|7/100
|-unboost|p1a: Rayquaza|spa|2
|
|-weather|DeltaStream|[upkeep]
|upkeep
|turn|20
|
|t:|1664234472
|move|p2a: Calyrex|Astral Barrage|p1a: Rayquaza
|-damage|p1a: Rayquaza|0 fnt
|faint|p1a: Rayquaza
|-weather|none
|-ability|p2a: Calyrex|Grim Neigh|boost
|-boost|p2a: Calyrex|spa|1
|
|upkeep
|
|t:|1664234477
|switch|p1a: Arceus|Arceus-Dark|94/100
|-damage|p1a: Arceus|82/100|[from] Stealth Rock
|turn|21
|
|t:|1664234480
|switch|p2a: Tyranitar|Tyranitar, M|100/100
|-weather|Sandstorm|[from] ability: Sand Stream|[of] p2a: Tyranitar
|move|p1a: Arceus|Snarl|p2a: Tyranitar
|-resisted|p2a: Tyranitar
|-damage|p2a: Tyranitar|97/100
|-unboost|p2a: Tyranitar|spa|1
|
|-weather|Sandstorm|[upkeep]
|-damage|p1a: Arceus|76/100|[from] Sandstorm
|upkeep
|turn|22
|
|t:|1664234483
|move|p1a: Arceus|Toxic|p2a: Tyranitar
|-status|p2a: Tyranitar|tox
|move|p2a: Tyranitar|Brick Break|p1a: Arceus
|-supereffective|p1a: Arceus
|-damage|p1a: Arceus|48/100
|
|-weather|Sandstorm|[upkeep]
|-damage|p1a: Arceus|41/100|[from] Sandstorm
|-damage|p2a: Tyranitar|91/100 tox|[from] psn
|upkeep
|turn|23
|
|t:|1664234490
|switch|p2a: Rayquaza|Rayquaza-Mega|48/100
|-weather|DeltaStream|[from] ability: Delta Stream|[of] p2a: Rayquaza
|move|p1a: Arceus|Recover|p1a: Arceus
|-heal|p1a: Arceus|91/100
|
|-weather|DeltaStream|[upkeep]
|upkeep
|turn|24
|j| fail55
|
|t:|1664234498
|-start|p1a: Arceus|Dynamax|
|-heal|p1a: Arceus|91/100|[silent]
|move|p2a: Rayquaza|Dragon Ascent|p1a: Arceus
|-damage|p1a: Arceus|64/100
|-unboost|p2a: Rayquaza|def|1
|-unboost|p2a: Rayquaza|spd|1
|move|p1a: Arceus|Max Darkness|p2a: Rayquaza
|-damage|p2a: Rayquaza|0 fnt
|faint|p2a: Rayquaza
|-weather|none
|
|upkeep
|
|t:|1664234509
|switch|p2a: Tyranitar|Tyranitar, M|91/100 tox
|-weather|Sandstorm|[from] ability: Sand Stream|[of] p2a: Tyranitar
|turn|25
|
|t:|1664234513
|-start|p2a: Tyranitar|Dynamax|
|-heal|p2a: Tyranitar|91/100 tox|[silent]
|move|p1a: Arceus|Max Darkness|p2a: Tyranitar
|-resisted|p2a: Tyranitar
|-damage|p2a: Tyranitar|87/100 tox
|-unboost|p2a: Tyranitar|spd|1
|move|p2a: Tyranitar|Max Knuckle|p1a: Arceus
|-supereffective|p1a: Arceus
|-damage|p1a: Arceus|48/100
|-boost|p2a: Tyranitar|atk|1
|
|-weather|Sandstorm|[upkeep]
|-damage|p1a: Arceus|45/100|[from] Sandstorm
|-damage|p2a: Tyranitar|84/100 tox|[from] psn
|upkeep
|turn|26
|
|t:|1664234518
|move|p1a: Arceus|Max Guard|p1a: Arceus
|-singleturn|p1a: Arceus|Max Guard
|move|p2a: Tyranitar|Max Knuckle|p1a: Arceus
|-activate|p1a: Arceus|move: Max Guard
|
|-weather|Sandstorm|[upkeep]
|-damage|p1a: Arceus|42/100|[from] Sandstorm
|-damage|p2a: Tyranitar|78/100 tox|[from] psn
|upkeep
|-end|p1a: Arceus|Dynamax
|-heal|p1a: Arceus|42/100|[silent]
|turn|27
|
|t:|1664234520
|move|p1a: Arceus|Recover|p1a: Arceus
|-heal|p1a: Arceus|92/100
|move|p2a: Tyranitar|Max Knuckle|p1a: Arceus
|-supereffective|p1a: Arceus
|-damage|p1a: Arceus|41/100
|-boost|p2a: Tyranitar|atk|1
|
|-weather|Sandstorm|[upkeep]
|-damage|p1a: Arceus|35/100|[from] Sandstorm
|-damage|p2a: Tyranitar|69/100 tox|[from] psn
|upkeep
|-end|p2a: Tyranitar|Dynamax
|-heal|p2a: Tyranitar|69/100 tox|[silent]
|turn|28
|
|t:|1664234524
|move|p1a: Arceus|Recover|p1a: Arceus
|-heal|p1a: Arceus|85/100
|move|p2a: Tyranitar|Brick Break|p1a: Arceus
|-supereffective|p1a: Arceus
|-damage|p1a: Arceus|29/100
|
|-weather|Sandstorm|[upkeep]
|-damage|p1a: Arceus|23/100|[from] Sandstorm
|-damage|p2a: Tyranitar|44/100 tox|[from] psn
|upkeep
|turn|29
|
|t:|1664234530
|switch|p1a: Arceus|Arceus-Fairy|100/100
|-damage|p1a: Arceus|88/100|[from] Stealth Rock
|move|p2a: Tyranitar|Brick Break|p1a: Arceus
|-resisted|p1a: Arceus
|-damage|p1a: Arceus|74/100
|
|-weather|none
|-damage|p2a: Tyranitar|13/100 tox|[from] psn
|upkeep
|turn|30
|
|t:|1664234533
|move|p1a: Arceus|Recover|p1a: Arceus
|-heal|p1a: Arceus|100/100
|move|p2a: Tyranitar|Stone Edge|p1a: Arceus
|-damage|p1a: Arceus|47/100
|
|-damage|p2a: Tyranitar|0 fnt|[from] psn
|faint|p2a: Tyranitar
|upkeep
|
|t:|1664234538
|switch|p2a: Calyrex|Calyrex-Shadow|7/100
|-ability|p2a: Calyrex|As One
|-ability|p2a: Calyrex|Unnerve
|turn|31
|
|t:|1664234541
|move|p2a: Calyrex|Astral Barrage|p1a: Arceus
|-damage|p1a: Arceus|12/100
|move|p1a: Arceus|Judgment|p2a: Calyrex
|-damage|p2a: Calyrex|0 fnt
|faint|p2a: Calyrex
|
|upkeep
|
|t:|1664234546
|switch|p2a: Ditto|Ditto|100/100
|-transform|p2a: Ditto|p1a: Arceus|[from] ability: Imposter
|turn|32
|
|t:|1664234549
|move|p2a: Ditto|Judgment|p1a: Arceus
|-damage|p1a: Arceus|0 fnt
|faint|p1a: Arceus
|
|upkeep
|
|t:|1664234556
|switch|p1a: Eternatus|Eternatus|100/100
|-damage|p1a: Eternatus|88/100|[from] Stealth Rock
|-ability|p1a: Eternatus|Pressure
|turn|33
|
|t:|1664234568
|switch|p2a: Groudon|Groudon-Primal, shiny|100/100
|-weather|DesolateLand|[from] ability: Desolate Land|[of] p2a: Groudon
|move|p1a: Eternatus|Dynamax Cannon|p2a: Groudon
|-damage|p2a: Groudon|40/100
|
|-weather|DesolateLand|[upkeep]
|upkeep
|turn|34
|
|t:|1664234578
|move|p1a: Eternatus|Dynamax Cannon|p2a: Groudon
|-damage|p2a: Groudon|0 fnt
|faint|p2a: Groudon
|-weather|none
|
|upkeep
|
|t:|1664234583
|switch|p2a: Ditto|Ditto|100/100
|-transform|p2a: Ditto|p1a: Eternatus|[from] ability: Imposter
|-ability|p2a: Ditto|Pressure
|turn|35
|
|t:|1664234586
|move|p2a: Ditto|Flamethrower|p1a: Eternatus
|-resisted|p1a: Eternatus
|-damage|p1a: Eternatus|75/100
|move|p1a: Eternatus|Dynamax Cannon|p2a: Ditto
|-supereffective|p2a: Ditto
|-damage|p2a: Ditto|0 fnt
|faint|p2a: Ditto
|
|win|hjk0hr1
|raw|hjk0hr1's rating: 1908 &rarr; <strong>1929</strong><br />(+21 for winning)
|raw|Better Alone's rating: 1930 &rarr; <strong>1909</strong><br />(-21 for losing)
|c|☆hjk0hr1|gg
|l|☆Better Alone
