|j|☆RGCultist
|j|☆Xx_MLGprosniper_xX
|t:|1657392978
|gametype|singles
|player|p1|RGCultist|102|1500
|player|p2|Xx_MLGprosniper_xX|lance|1546
|teamsize|p1|6
|teamsize|p2|6
|gen|8
|tier|[Gen 8] National Dex AG
|rated|
|rule|HP Percentage Mod: HP is shown in percentages
|rule|Endless Battle Clause: Forcing endless battles is banned
|clearpoke
|poke|p1|Arceus-*|
|poke|p1|Groudon|
|poke|p1|Dialga|
|poke|p1|Chansey, F|
|poke|p1|Rayquaza|
|poke|p1|Arceus-*|
|poke|p2|Quagsire, F|
|poke|p2|Tangrowth, M|
|poke|p2|Blissey, F|
|poke|p2|Sableye, M|
|poke|p2|Arceus-*|
|poke|p2|Suicune|
|teampreview
|inactive|Battle timer is ON: inactive players will automatically lose when time's up. (requested by Xx_MLGprosniper_xX)
|c|☆RGCultist|ruh roh raggy
|c|☆RGCultist|stall
|c|☆RGCultist|gl hf
|c|☆Xx_MLGprosniper_xX|hyper offense actually
|c|☆RGCultist|I-
|
|t:|1657393010
|start
|switch|p1a: Arceus|Arceus-Bug|100/100
|switch|p2a: Quagsire|Quagsire, F|100/100
|turn|1
|c|☆RGCultist|oh so it's fake stall>
|
|t:|1657393017
|move|p1a: Arceus|Swords Dance|p1a: Arceus
|-boost|p1a: Arceus|atk|2
|move|p2a: Quagsire|Toxic|p1a: Arceus
|-status|p1a: Arceus|tox
|
|-damage|p1a: Arceus|94/100 tox|[from] psn
|upkeep
|turn|2
|c|☆Xx_MLGprosniper_xX|totally
|c|☆RGCultist|nvm LMAO
|
|t:|1657393037
|move|p1a: Arceus|Earthquake|p2a: Quagsire
|-damage|p2a: Quagsire|75/100
|move|p2a: Quagsire|Encore|p1a: Arceus
|-start|p1a: Arceus|Encore
|
|-heal|p2a: Quagsire|81/100|[from] item: Leftovers
|-damage|p1a: Arceus|82/100 tox|[from] psn
|upkeep
|turn|3
|
|t:|1657393047
|switch|p1a: Chansey|Chansey, F|100/100
|switch|p2a: Tangrowth|Tangrowth, M|100/100
|
|upkeep
|turn|4
|
|t:|1657393054
|move|p2a: Tangrowth|Sleep Powder|p1a: Chansey|[miss]
|-miss|p2a: Tangrowth|p1a: Chansey
|move|p1a: Chansey|Aromatherapy|p1a: Chansey
|-activate|p1a: Chansey|move: Aromatherapy
|-curestatus|p1: Arceus|tox|[msg]
|
|upkeep
|turn|5
|c|☆RGCultist|RUH ROH RAGGY
|
|t:|1657393062
|move|p1a: Chansey|Seismic Toss|p2a: Tangrowth
|-damage|p2a: Tangrowth|76/100
|-damage|p1a: Chansey|84/100|[from] item: Rocky Helmet|[of] p2a: Tangrowth
|move|p2a: Tangrowth|Sleep Powder|p1a: Chansey
|-status|p1a: Chansey|slp|[from] move: Sleep Powder
|
|upkeep
|turn|6
|
|t:|1657393074
|-curestatus|p1a: Chansey|slp|[from] ability: Natural Cure
|switch|p1a: Groudon|Groudon|100/100
|detailschange|p1a: Groudon|Groudon-Primal
|-primal|p1a: Groudon
|-weather|DesolateLand|[from] ability: Desolate Land|[of] p1a: Groudon
|move|p2a: Tangrowth|Sleep Powder|p1a: Groudon
|-status|p1a: Groudon|slp|[from] move: Sleep Powder
|
|-weather|DesolateLand|[upkeep]
|upkeep
|turn|7
|c|☆RGCultist|timmy...
|c|☆RGCultist|that wasn't nice
|
|t:|1657393088
|switch|p2a: Arceus|Arceus-Ground|100/100
|cant|p1a: Groudon|slp
|
|-weather|DesolateLand|[upkeep]
|upkeep
|turn|8
|
|t:|1657393096
|-weather|none
|switch|p1a: Arceus|Arceus-Bug|82/100
|move|p2a: Arceus|Judgment|p1a: Arceus
|-resisted|p1a: Arceus
|-damage|p1a: Arceus|56/100
|
|upkeep
|turn|9
|
|t:|1657393102
|move|p1a: Arceus|Recover|p1a: Arceus
|-heal|p1a: Arceus|100/100
|move|p2a: Arceus|Ancient Power|p1a: Arceus
|-supereffective|p1a: Arceus
|-damage|p1a: Arceus|66/100
|
|upkeep
|turn|10
|
|t:|1657393106
|move|p1a: Arceus|Swords Dance|p1a: Arceus
|-boost|p1a: Arceus|atk|2
|move|p2a: Arceus|Calm Mind|p2a: Arceus
|-boost|p2a: Arceus|spa|1
|-boost|p2a: Arceus|spd|1
|
|upkeep
|turn|11
|
|t:|1657393110
|move|p1a: Arceus|Earthquake|p2a: Arceus
|-damage|p2a: Arceus|50/100
|move|p2a: Arceus|Ancient Power|p1a: Arceus
|-supereffective|p1a: Arceus
|-damage|p1a: Arceus|14/100
|
|upkeep
|turn|12
|
|t:|1657393118
|switch|p2a: Quagsire|Quagsire, F|81/100
|move|p1a: Arceus|Earthquake|p2a: Quagsire
|-damage|p2a: Quagsire|56/100
|
|-heal|p2a: Quagsire|62/100|[from] item: Leftovers
|upkeep
|turn|13
|
|t:|1657393126
|move|p1a: Arceus|Recover|p1a: Arceus
|-heal|p1a: Arceus|64/100
|move|p2a: Quagsire|Toxic|p1a: Arceus
|-status|p1a: Arceus|tox
|
|-heal|p2a: Quagsire|68/100|[from] item: Leftovers
|-damage|p1a: Arceus|58/100 tox|[from] psn
|upkeep
|turn|14
|
|t:|1657393133
|-start|p1a: Arceus|Dynamax|
|-heal|p1a: Arceus|58/100 tox|[silent]
|move|p1a: Arceus|Max Quake|p2a: Quagsire
|-damage|p2a: Quagsire|36/100
|-boost|p1a: Arceus|spd|1
|move|p2a: Quagsire|Recover|p2a: Quagsire
|-heal|p2a: Quagsire|86/100
|
|-heal|p2a: Quagsire|92/100|[from] item: Leftovers
|-damage|p1a: Arceus|52/100 tox|[from] psn
|upkeep
|turn|15
|
|t:|1657393144
|-end|p1a: Arceus|Dynamax
|-heal|p1a: Arceus|52/100 tox|[silent]
|switch|p1a: Chansey|Chansey, F|84/100
|move|p2a: Quagsire|Recover|p2a: Quagsire
|-heal|p2a: Quagsire|100/100
|
|upkeep
|turn|16
|
|t:|1657393154
|switch|p2a: Suicune|Suicune|100/100
|-ability|p2a: Suicune|Pressure
|move|p1a: Chansey|Aromatherapy|p1a: Chansey
|-activate|p1a: Chansey|move: Aromatherapy
|-curestatus|p1: Arceus|tox|[msg]
|-curestatus|p1: Groudon|slp|[msg]
|
|upkeep
|turn|17
|
|t:|1657393166
|switch|p1a: Dialga|Dialga|100/100
|-ability|p1a: Dialga|Pressure
|move|p2a: Suicune|Substitute|p2a: Suicune
|-start|p2a: Suicune|Substitute
|-damage|p2a: Suicune|75/100
|
|-heal|p2a: Suicune|82/100|[from] item: Leftovers
|upkeep
|turn|18
|
|t:|1657393169
|move|p1a: Dialga|Stealth Rock|p2a: Suicune
|-sidestart|p2: Xx_MLGprosniper_xX|move: Stealth Rock
|move|p2a: Suicune|Scald|p1a: Dialga
|-resisted|p1a: Dialga
|-crit|p1a: Dialga
|-damage|p1a: Dialga|85/100
|
|-heal|p1a: Dialga|91/100|[from] item: Leftovers
|-heal|p2a: Suicune|88/100|[from] item: Leftovers
|upkeep
|turn|19
|
|t:|1657393174
|move|p1a: Dialga|Earth Power|p2a: Suicune
|-end|p2a: Suicune|Substitute
|move|p2a: Suicune|Scald|p1a: Dialga
|-resisted|p1a: Dialga
|-damage|p1a: Dialga|80/100
|
|-heal|p1a: Dialga|86/100|[from] item: Leftovers
|-heal|p2a: Suicune|94/100|[from] item: Leftovers
|upkeep
|turn|20
|
|t:|1657393179
|move|p1a: Dialga|Draco Meteor|p2a: Suicune
|-damage|p2a: Suicune|35/100
|-unboost|p1a: Dialga|spa|2
|move|p2a: Suicune|Substitute|p2a: Suicune
|-start|p2a: Suicune|Substitute
|-damage|p2a: Suicune|10/100
|
|-heal|p1a: Dialga|93/100|[from] item: Leftovers
|-heal|p2a: Suicune|16/100|[from] item: Leftovers
|upkeep
|turn|21
|
|t:|1657393182
|move|p1a: Dialga|Earth Power|p2a: Suicune
|-activate|p2a: Suicune|move: Substitute|[damage]
|move|p2a: Suicune|Rest|p2a: Suicune
|-status|p2a: Suicune|slp|[from] move: Rest
|-heal|p2a: Suicune|100/100 slp|[silent]
|
|-heal|p1a: Dialga|99/100|[from] item: Leftovers
|upkeep
|turn|22
|
|t:|1657393189
|switch|p1a: Rayquaza|Rayquaza|100/100
|-ability|p1a: Rayquaza|Air Lock
|cant|p2a: Suicune|slp
|
|upkeep
|turn|23
|
|t:|1657393192
|detailschange|p1a: Rayquaza|Rayquaza-Mega
|-mega|p1a: Rayquaza|Rayquaza|
|-weather|DeltaStream|[from] ability: Delta Stream|[of] p1a: Rayquaza
|move|p1a: Rayquaza|Dragon Dance|p1a: Rayquaza
|-boost|p1a: Rayquaza|atk|1
|-boost|p1a: Rayquaza|spe|1
|cant|p2a: Suicune|slp
|
|-weather|DeltaStream|[upkeep]
|upkeep
|turn|24
|
|t:|1657393197
|move|p1a: Rayquaza|Dragon Ascent|p2a: Suicune
|-end|p2a: Suicune|Substitute
|-unboost|p1a: Rayquaza|def|1
|-unboost|p1a: Rayquaza|spd|1
|-damage|p1a: Rayquaza|91/100|[from] item: Life Orb
|-curestatus|p2a: Suicune|slp|[msg]
|move|p2a: Suicune|Toxic|p1a: Rayquaza
|-status|p1a: Rayquaza|tox
|
|-weather|DeltaStream|[upkeep]
|-damage|p1a: Rayquaza|85/100 tox|[from] psn
|upkeep
|turn|25
|
|t:|1657393207
|move|p1a: Rayquaza|Dragon Ascent|p2a: Suicune
|-damage|p2a: Suicune|17/100
|-unboost|p1a: Rayquaza|def|1
|-unboost|p1a: Rayquaza|spd|1
|-damage|p1a: Rayquaza|75/100 tox|[from] item: Life Orb
|move|p2a: Suicune|Substitute|p2a: Suicune
|-fail|p2a: Suicune|move: Substitute|[weak]
|
|-weather|DeltaStream|[upkeep]
|-heal|p2a: Suicune|23/100|[from] item: Leftovers
|-damage|p1a: Rayquaza|63/100 tox|[from] psn
|upkeep
|turn|26
|
|t:|1657393215
|move|p1a: Rayquaza|Extreme Speed|p2a: Suicune
|-damage|p2a: Suicune|0 fnt
|faint|p2a: Suicune
|-damage|p1a: Rayquaza|53/100 tox|[from] item: Life Orb
|
|-weather|DeltaStream|[upkeep]
|-damage|p1a: Rayquaza|35/100 tox|[from] psn
|upkeep
|
|t:|1657393218
|switch|p2a: Quagsire|Quagsire, F|100/100
|-damage|p2a: Quagsire|94/100|[from] Stealth Rock
|turn|27
|
|t:|1657393222
|-weather|none
|switch|p1a: Chansey|Chansey, F|84/100
|move|p2a: Quagsire|Recover|p2a: Quagsire
|-heal|p2a: Quagsire|100/100
|
|upkeep
|turn|28
|
|t:|1657393229
|move|p1a: Chansey|Aromatherapy|p1a: Chansey
|-activate|p1a: Chansey|move: Aromatherapy
|-curestatus|p1: Rayquaza|tox|[msg]
|move|p2a: Quagsire|Encore|p1a: Chansey
|-start|p1a: Chansey|Encore
|
|upkeep
|turn|29
|
|t:|1657393234
|switch|p1a: Groudon|Groudon-Primal|100/100
|-weather|DesolateLand|[from] ability: Desolate Land|[of] p1a: Groudon
|move|p2a: Quagsire|Toxic|p1a: Groudon
|-status|p1a: Groudon|tox
|
|-weather|DesolateLand|[upkeep]
|-damage|p1a: Groudon|94/100 tox|[from] psn
|upkeep
|turn|30
|
|t:|1657393240
|-weather|none
|switch|p1a: Chansey|Chansey, F|84/100
|move|p2a: Quagsire|Earthquake|p1a: Chansey
|-damage|p1a: Chansey|63/100
|
|upkeep
|turn|31
|
|t:|1657393245
|switch|p2a: Blissey|Blissey, F|100/100
|-damage|p2a: Blissey|88/100|[from] Stealth Rock
|move|p1a: Chansey|Wish|p1a: Chansey
|
|-heal|p2a: Blissey|94/100|[from] item: Leftovers
|upkeep
|turn|32
|
|t:|1657393249
|switch|p1a: Rayquaza|Rayquaza-Mega|35/100
|-weather|DeltaStream|[from] ability: Delta Stream|[of] p1a: Rayquaza
|move|p2a: Blissey|Stealth Rock|p1a: Rayquaza
|-sidestart|p1: RGCultist|move: Stealth Rock
|
|-weather|DeltaStream|[upkeep]
|-heal|p1a: Rayquaza|100/100|[from] move: Wish|[wisher] Chansey
|-heal|p2a: Blissey|99/100|[from] item: Leftovers
|upkeep
|turn|33
|
|t:|1657393260
|-weather|none
|switch|p1a: Groudon|Groudon-Primal|94/100 tox
|-damage|p1a: Groudon|82/100 tox|[from] Stealth Rock
|-weather|DesolateLand|[from] ability: Desolate Land|[of] p1a: Groudon
|move|p2a: Blissey|Thunder Wave|p1a: Groudon
|-immune|p1a: Groudon
|
|-weather|DesolateLand|[upkeep]
|-heal|p2a: Blissey|100/100|[from] item: Leftovers
|-damage|p1a: Groudon|76/100 tox|[from] psn
|upkeep
|turn|34
|
|t:|1657393273
|switch|p2a: Quagsire|Quagsire, F|100/100
|-damage|p2a: Quagsire|94/100|[from] Stealth Rock
|move|p1a: Groudon|Thunder Wave|p2a: Quagsire
|-immune|p2a: Quagsire
|
|-weather|DesolateLand|[upkeep]
|-heal|p2a: Quagsire|100/100|[from] item: Leftovers
|-damage|p1a: Groudon|63/100 tox|[from] psn
|upkeep
|turn|35
|
|t:|1657393282
|move|p1a: Groudon|Rest|p1a: Groudon
|-status|p1a: Groudon|slp|[from] move: Rest
|-heal|p1a: Groudon|100/100 slp|[silent]
|move|p2a: Quagsire|Earthquake|p1a: Groudon
|-supereffective|p1a: Groudon
|-damage|p1a: Groudon|75/100 slp
|
|-weather|DesolateLand|[upkeep]
|upkeep
|turn|36
|
|t:|1657393291
|-weather|none
|switch|p1a: Arceus|Arceus-Dark|100/100
|-damage|p1a: Arceus|88/100|[from] Stealth Rock
|move|p2a: Quagsire|Earthquake|p1a: Arceus
|-damage|p1a: Arceus|67/100
|
|upkeep
|turn|37
|
|t:|1657393297
|switch|p2a: Sableye|Sableye, M|100/100
|-damage|p2a: Sableye|88/100|[from] Stealth Rock
|move|p1a: Arceus|Defog|p2a: Sableye
|-unboost|p2a: Sableye|evasion|1
|-sideend|p2: Xx_MLGprosniper_xX|Stealth Rock|[from] move: Defog|[of] p1a: Arceus
|-sideend|p1: RGCultist|Stealth Rock|[from] move: Defog|[of] p1a: Arceus
|
|upkeep
|turn|38
|
|t:|1657393307
|detailschange|p2a: Sableye|Sableye-Mega, M
|-mega|p2a: Sableye|Sableye|Sablenite
|move|p1a: Arceus|Will-O-Wisp|p2a: Sableye
|move|p2a: Sableye|Will-O-Wisp|p1a: Arceus|[from]ability: Magic Bounce
|-status|p1a: Arceus|brn
|move|p2a: Sableye|Will-O-Wisp|p1a: Arceus
|-fail|p1a: Arceus|brn
|
|-damage|p1a: Arceus|61/100 brn|[from] brn
|upkeep
|turn|39
|c|☆RGCultist|oh yeah.
|c|☆RGCultist|LMAO
|
|t:|1657393322
|move|p1a: Arceus|Judgment|p2a: Sableye
|-damage|p2a: Sableye|54/100
|move|p2a: Sableye|Knock Off|p1a: Arceus
|-resisted|p1a: Arceus
|-damage|p1a: Arceus|55/100 brn
|
|-damage|p1a: Arceus|49/100 brn|[from] brn
|upkeep
|turn|40
|
|t:|1657393328
|move|p1a: Arceus|Judgment|p2a: Sableye
|-damage|p2a: Sableye|15/100
|move|p2a: Sableye|Recover|p2a: Sableye
|-heal|p2a: Sableye|66/100
|
|-damage|p1a: Arceus|43/100 brn|[from] brn
|upkeep
|turn|41
|
|t:|1657393334
|move|p1a: Arceus|Recover|p1a: Arceus
|-heal|p1a: Arceus|93/100 brn
|move|p2a: Sableye|Recover|p2a: Sableye
|-heal|p2a: Sableye|100/100
|
|-damage|p1a: Arceus|87/100 brn|[from] brn
|upkeep
|turn|42
|
|t:|1657393342
|move|p1a: Arceus|Judgment|p2a: Sableye
|-damage|p2a: Sableye|62/100
|move|p2a: Sableye|Encore|p1a: Arceus
|-start|p1a: Arceus|Encore
|
|-damage|p1a: Arceus|80/100 brn|[from] brn
|upkeep
|turn|43
|
|t:|1657393347
|switch|p2a: Blissey|Blissey, F|100/100
|move|p1a: Arceus|Judgment|p2a: Blissey
|-damage|p2a: Blissey|87/100
|
|-heal|p2a: Blissey|93/100|[from] item: Leftovers
|-damage|p1a: Arceus|74/100 brn|[from] brn
|upkeep
|turn|44
|
|t:|1657393356
|switch|p1a: Rayquaza|Rayquaza-Mega|100/100
|-weather|DeltaStream|[from] ability: Delta Stream|[of] p1a: Rayquaza
|move|p2a: Blissey|Stealth Rock|p1a: Rayquaza
|-sidestart|p1: RGCultist|move: Stealth Rock
|
|-weather|DeltaStream|[upkeep]
|-heal|p2a: Blissey|99/100|[from] item: Leftovers
|upkeep
|turn|45
|
|t:|1657393362
|move|p1a: Rayquaza|Dragon Ascent|p2a: Blissey
|-damage|p2a: Blissey|0 fnt
|-unboost|p1a: Rayquaza|def|1
|-unboost|p1a: Rayquaza|spd|1
|faint|p2a: Blissey
|-damage|p1a: Rayquaza|91/100|[from] item: Life Orb
|
|-weather|DeltaStream|[upkeep]
|upkeep
|c|☆RGCultist|oh.
|
|t:|1657393374
|switch|p2a: Sableye|Sableye-Mega, M|62/100
|turn|46
|
|t:|1657393378
|move|p1a: Rayquaza|Dragon Ascent|p2a: Sableye
|-damage|p2a: Sableye|0 fnt
|-unboost|p1a: Rayquaza|def|1
|-unboost|p1a: Rayquaza|spd|1
|faint|p2a: Sableye
|-damage|p1a: Rayquaza|81/100|[from] item: Life Orb
|
|-weather|DeltaStream|[upkeep]
|upkeep
|
|t:|1657393380
|switch|p2a: Quagsire|Quagsire, F|100/100
|turn|47
|c|☆RGCultist|OH
|
|t:|1657393392
|-weather|none
|switch|p1a: Chansey|Chansey, F|63/100
|-damage|p1a: Chansey|51/100|[from] Stealth Rock
|move|p2a: Quagsire|Toxic|p1a: Chansey
|-status|p1a: Chansey|tox
|
|-damage|p1a: Chansey|45/100 tox|[from] psn
|upkeep
|turn|48
|
|t:|1657393397
|move|p1a: Chansey|Soft-Boiled|p1a: Chansey
|-heal|p1a: Chansey|95/100 tox
|move|p2a: Quagsire|Earthquake|p1a: Chansey
|-damage|p1a: Chansey|74/100 tox
|
|-damage|p1a: Chansey|62/100 tox|[from] psn
|upkeep
|turn|49
|
|t:|1657393402
|switch|p2a: Arceus|Arceus-Ground|50/100
|move|p1a: Chansey|Wish|p1a: Chansey
|
|-damage|p1a: Chansey|43/100 tox|[from] psn
|upkeep
|turn|50
|
|t:|1657393409
|-curestatus|p1a: Chansey|tox|[from] ability: Natural Cure
|switch|p1a: Arceus|Arceus-Bug|52/100
|-damage|p1a: Arceus|27/100|[from] Stealth Rock
|move|p2a: Arceus|Recover|p2a: Arceus
|-heal|p2a: Arceus|99/100
|
|-heal|p1a: Arceus|100/100|[from] move: Wish|[wisher] Chansey
|upkeep
|turn|51
|
|t:|1657393414
|move|p1a: Arceus|Swords Dance|p1a: Arceus
|-boost|p1a: Arceus|atk|2
|move|p2a: Arceus|Calm Mind|p2a: Arceus
|-boost|p2a: Arceus|spa|1
|-boost|p2a: Arceus|spd|1
|
|upkeep
|turn|52
|
|t:|1657393417
|-start|p2a: Arceus|Dynamax|
|-heal|p2a: Arceus|99/100|[silent]
|move|p1a: Arceus|Swords Dance|p1a: Arceus
|-boost|p1a: Arceus|atk|2
|move|p2a: Arceus|Max Rockfall|p1a: Arceus
|-supereffective|p1a: Arceus
|-damage|p1a: Arceus|16/100
|-weather|Sandstorm
|
|-weather|Sandstorm|[upkeep]
|-damage|p1a: Arceus|10/100|[from] Sandstorm
|upkeep
|turn|53
|
|t:|1657393424
|move|p1a: Arceus|Earthquake|p2a: Arceus
|-crit|p2a: Arceus
|-damage|p2a: Arceus|44/100
|move|p2a: Arceus|Max Quake|p1a: Arceus
|-resisted|p1a: Arceus
|-damage|p1a: Arceus|0 fnt
|-boost|p2a: Arceus|spd|1
|faint|p1a: Arceus
|
|-weather|Sandstorm|[upkeep]
|upkeep
|
|t:|1657393446
|switch|p1a: Arceus|Arceus-Dark|74/100 brn
|-damage|p1a: Arceus|62/100 brn|[from] Stealth Rock
|turn|54
|
|t:|1657393449
|move|p1a: Arceus|Recover|p1a: Arceus
|-heal|p1a: Arceus|100/100 brn
|move|p2a: Arceus|Max Quake|p1a: Arceus
|-damage|p1a: Arceus|35/100 brn
|-boost|p2a: Arceus|spd|1
|
|-weather|Sandstorm|[upkeep]
|-damage|p1a: Arceus|29/100 brn|[from] Sandstorm
|-damage|p1a: Arceus|23/100 brn|[from] brn
|upkeep
|-end|p2a: Arceus|Dynamax
|-heal|p2a: Arceus|44/100|[silent]
|turn|55
|
|t:|1657393454
|move|p1a: Arceus|Defog|p2a: Arceus
|-unboost|p2a: Arceus|evasion|1
|-sideend|p1: RGCultist|Stealth Rock|[from] move: Defog|[of] p1a: Arceus
|move|p2a: Arceus|Judgment|p1a: Arceus
|-damage|p1a: Arceus|0 fnt
|faint|p1a: Arceus
|
|-weather|Sandstorm|[upkeep]
|upkeep
|
|t:|1657393459
|switch|p1a: Chansey|Chansey, F|43/100
|turn|56
|
|t:|1657393464
|move|p2a: Arceus|Judgment|p1a: Chansey
|-damage|p1a: Chansey|14/100
|move|p1a: Chansey|Soft-Boiled|p1a: Chansey
|-heal|p1a: Chansey|64/100
|
|-weather|none
|upkeep
|turn|57
|
|t:|1657393468
|move|p2a: Arceus|Recover|p2a: Arceus
|-heal|p2a: Arceus|94/100
|move|p1a: Chansey|Wish|p1a: Chansey
|
|upkeep
|turn|58
|
|t:|1657393477
|switch|p1a: Rayquaza|Rayquaza-Mega|81/100
|-weather|DeltaStream|[from] ability: Delta Stream|[of] p1a: Rayquaza
|move|p2a: Arceus|Calm Mind|p2a: Arceus
|-boost|p2a: Arceus|spa|1
|-boost|p2a: Arceus|spd|1
|
|-weather|DeltaStream|[upkeep]
|-heal|p1a: Rayquaza|100/100|[from] move: Wish|[wisher] Chansey
|upkeep
|turn|59
|
|t:|1657393480
|move|p1a: Rayquaza|Dragon Ascent|p2a: Arceus
|-damage|p2a: Arceus|23/100
|-unboost|p1a: Rayquaza|def|1
|-unboost|p1a: Rayquaza|spd|1
|-damage|p1a: Rayquaza|91/100|[from] item: Life Orb
|move|p2a: Arceus|Ancient Power|p1a: Rayquaza
|-activate||deltastream
|-damage|p1a: Rayquaza|29/100
|
|-weather|DeltaStream|[upkeep]
|upkeep
|turn|60
|
|t:|1657393487
|switch|p2a: Quagsire|Quagsire, F|100/100
|move|p1a: Rayquaza|Dragon Ascent|p2a: Quagsire
|-damage|p2a: Quagsire|30/100
|-unboost|p1a: Rayquaza|def|1
|-unboost|p1a: Rayquaza|spd|1
|-damage|p1a: Rayquaza|19/100|[from] item: Life Orb
|
|-weather|DeltaStream|[upkeep]
|-heal|p2a: Quagsire|36/100|[from] item: Leftovers
|upkeep
|turn|61
|
|t:|1657393502
|move|p1a: Rayquaza|Earthquake|p2a: Quagsire
|-damage|p2a: Quagsire|0 fnt
|faint|p2a: Quagsire
|-damage|p1a: Rayquaza|9/100|[from] item: Life Orb
|
|-weather|DeltaStream|[upkeep]
|upkeep
|
|t:|1657393508
|switch|p2a: Tangrowth|Tangrowth, M|100/100
|turn|62
|
|t:|1657393520
|move|p1a: Rayquaza|Extreme Speed|p2a: Tangrowth
|-damage|p2a: Tangrowth|76/100
|-damage|p1a: Rayquaza|0 fnt|[from] item: Rocky Helmet|[of] p2a: Tangrowth
|faint|p1a: Rayquaza
|-weather|none
|move|p2a: Tangrowth|Synthesis|p2a: Tangrowth
|-heal|p2a: Tangrowth|100/100
|
|upkeep
|
|t:|1657393527
|switch|p1a: Groudon|Groudon-Primal|75/100 slp
|-weather|DesolateLand|[from] ability: Desolate Land|[of] p1a: Groudon
|turn|63
|
|t:|1657393532
|cant|p1a: Groudon|slp
|move|p2a: Tangrowth|Leech Seed|p1a: Groudon
|-start|p1a: Groudon|move: Leech Seed
|
|-weather|DesolateLand|[upkeep]
|-damage|p1a: Groudon|63/100 slp|[from] Leech Seed|[of] p2a: Tangrowth
|upkeep
|turn|64
|
|t:|1657393539
|cant|p1a: Groudon|slp
|move|p2a: Tangrowth|Sleep Powder|p1a: Groudon|[miss]
|-miss|p2a: Tangrowth|p1a: Groudon
|
|-weather|DesolateLand|[upkeep]
|-damage|p1a: Groudon|50/100 slp|[from] Leech Seed|[of] p2a: Tangrowth
|upkeep
|turn|65
|
|t:|1657393542
|-curestatus|p1a: Groudon|slp|[msg]
|move|p1a: Groudon|Lava Plume|p2a: Tangrowth
|-supereffective|p2a: Tangrowth
|-damage|p2a: Tangrowth|0 fnt
|faint|p2a: Tangrowth
|
|-weather|DesolateLand|[upkeep]
|upkeep
|
|t:|1657393546
|switch|p2a: Arceus|Arceus-Ground|23/100
|turn|66
|
|t:|1657393548
|move|p2a: Arceus|Judgment|p1a: Groudon
|-supereffective|p1a: Groudon
|-damage|p1a: Groudon|0 fnt
|faint|p1a: Groudon
|-weather|none
|
|upkeep
|
|t:|1657393554
|switch|p1a: Dialga|Dialga|99/100
|-ability|p1a: Dialga|Pressure
|turn|67
|
|t:|1657393557
|move|p2a: Arceus|Judgment|p1a: Dialga
|-supereffective|p1a: Dialga
|-damage|p1a: Dialga|0 fnt
|faint|p1a: Dialga
|
|upkeep
|
|t:|1657393560
|switch|p1a: Chansey|Chansey, F|64/100
|turn|68
|
|t:|1657393563
|move|p2a: Arceus|Recover|p2a: Arceus
|-heal|p2a: Arceus|73/100
|move|p1a: Chansey|Seismic Toss|p2a: Arceus
|-damage|p2a: Arceus|51/100
|
|upkeep
|turn|69
|
|t:|1657393566
|move|p2a: Arceus|Recover|p2a: Arceus
|-heal|p2a: Arceus|100/100
|move|p1a: Chansey|Soft-Boiled|p1a: Chansey
|-heal|p1a: Chansey|100/100
|
|upkeep
|turn|70
|
|t:|1657393568
|move|p2a: Arceus|Calm Mind|p2a: Arceus
|-boost|p2a: Arceus|spa|1
|-boost|p2a: Arceus|spd|1
|move|p1a: Chansey|Wish|p1a: Chansey
|
|upkeep
|turn|71
|
|t:|1657393571
|move|p2a: Arceus|Calm Mind|p2a: Arceus
|-boost|p2a: Arceus|spa|1
|-boost|p2a: Arceus|spd|1
|move|p1a: Chansey|Seismic Toss|p2a: Arceus
|-damage|p2a: Arceus|78/100
|
|upkeep
|turn|72
|
|t:|1657393574
|move|p2a: Arceus|Calm Mind|p2a: Arceus
|-boost|p2a: Arceus|spa|1
|-boost|p2a: Arceus|spd|1
|move|p1a: Chansey|Seismic Toss|p2a: Arceus
|-damage|p2a: Arceus|55/100
|
|upkeep
|turn|73
|
|t:|1657393576
|move|p2a: Arceus|Calm Mind|p2a: Arceus
|-boost|p2a: Arceus|spa|1
|-boost|p2a: Arceus|spd|1
|move|p1a: Chansey|Seismic Toss|p2a: Arceus
|-damage|p2a: Arceus|33/100
|
|upkeep
|turn|74
|
|t:|1657393578
|move|p2a: Arceus|Recover|p2a: Arceus
|-heal|p2a: Arceus|83/100
|move|p1a: Chansey|Seismic Toss|p2a: Arceus
|-damage|p2a: Arceus|60/100
|
|upkeep
|turn|75
|
|t:|1657393580
|move|p2a: Arceus|Calm Mind|p2a: Arceus
|-boost|p2a: Arceus|spa|1
|-boost|p2a: Arceus|spd|1
|move|p1a: Chansey|Seismic Toss|p2a: Arceus
|-damage|p2a: Arceus|38/100
|
|upkeep
|turn|76
|
|t:|1657393582
|move|p2a: Arceus|Recover|p2a: Arceus
|-heal|p2a: Arceus|88/100
|move|p1a: Chansey|Seismic Toss|p2a: Arceus
|-damage|p2a: Arceus|65/100
|
|upkeep
|turn|77
|
|t:|1657393584
|move|p2a: Arceus|Calm Mind|p2a: Arceus
|-boost|p2a: Arceus|spa|1
|-boost|p2a: Arceus|spd|1
|move|p1a: Chansey|Seismic Toss|p2a: Arceus
|-damage|p2a: Arceus|43/100
|
|upkeep
|turn|78
|
|t:|1657393587
|move|p2a: Arceus|Recover|p2a: Arceus
|-heal|p2a: Arceus|93/100
|move|p1a: Chansey|Seismic Toss|p2a: Arceus
|-damage|p2a: Arceus|70/100
|
|upkeep
|turn|79
|
|t:|1657393590
|move|p2a: Arceus|Recover|p2a: Arceus
|-heal|p2a: Arceus|100/100
|move|p1a: Chansey|Seismic Toss|p2a: Arceus
|-damage|p2a: Arceus|78/100
|
|upkeep
|turn|80
|
|t:|1657393592
|move|p2a: Arceus|Judgment|p1a: Chansey
|-crit|p1a: Chansey
|-damage|p1a: Chansey|0 fnt
|faint|p1a: Chansey
|
|win|Xx_MLGprosniper_xX
|raw|RGCultist's rating: 1500 &rarr; <strong>1483</strong><br />(-17 for losing)
|raw|Xx_MLGprosniper_xX's rating: 1546 &rarr; <strong>1563</strong><br />(+17 for winning)
|c|☆RGCultist|ggwp
|l|☆Xx_MLGprosniper_xX
