|j|☆TwentyTwan
|j|☆Rashka99
|t:|1606655016
|player|p1|TwentyTwan|266|
|player|p2|Rashka99|brawly|
|teamsize|p1|6
|teamsize|p2|6
|gametype|singles
|gen|8
|tier|[Gen 8] National Dex AG
|clearpoke
|poke|p1|Garchomp, M|
|poke|p1|Diancie|
|poke|p1|Corsola-Galar, F|
|poke|p1|Cinderace, M|
|poke|p1|Corviknight, M|
|poke|p1|Amoonguss, F|
|poke|p2|Blastoise, M|
|poke|p2|Mamoswine, M|
|poke|p2|Thundurus-Therian, M|
|poke|p2|Urshifu-*, M|
|poke|p2|Nihilego|
|poke|p2|Charizard, M|
|rule|HP Percentage Mod: HP is shown in percentages
|rule|Endless Battle Clause: Forcing endless battles is banned
|teampreview
|j| Curseroy1990
|j| Lucartes
|c| Curseroy1990|Gl hf
|c| Lucartes|Glhf!
|
|t:|1606655123
|start
|switch|p1a: Baby Shark tudu|Garchomp, M, shiny|100/100
|switch|p2a: OliveRidleyTurtle|Blastoise, M|100/100
|turn|1
|
|t:|1606655140
|detailschange|p2a: OliveRidleyTurtle|Blastoise-Mega, M
|-mega|p2a: OliveRidleyTurtle|Blastoise|Blastoisinite
|move|p1a: Baby Shark tudu|Outrage|p2a: OliveRidleyTurtle
|-damage|p2a: OliveRidleyTurtle|32/100
|move|p2a: OliveRidleyTurtle|Ice Beam|p1a: Baby Shark tudu
|-supereffective|p1a: Baby Shark tudu
|-damage|p1a: Baby Shark tudu|0 fnt
|faint|p1a: Baby Shark tudu
|
|upkeep
|
|t:|1606655150
|switch|p1a: Diancie|Diancie|100/100
|turn|2
|
|t:|1606655170
|detailschange|p1a: Diancie|Diancie-Mega
|-mega|p1a: Diancie|Diancie|Diancite
|move|p1a: Diancie|Diamond Storm|p2a: OliveRidleyTurtle
|-damage|p2a: OliveRidleyTurtle|0 fnt
|faint|p2a: OliveRidleyTurtle
|
|upkeep
|
|t:|1606655188
|switch|p2a: Enel|Thundurus-Therian, M|100/100
|turn|3
|
|t:|1606655195
|move|p2a: Enel|Flash Cannon|p1a: Diancie
|-supereffective|p1a: Diancie
|-damage|p1a: Diancie|0 fnt
|faint|p1a: Diancie
|
|upkeep
|
|t:|1606655202
|switch|p1a: Sweepmachine|Corviknight, M, shiny|100/100
|turn|4
|
|t:|1606655210
|switch|p2a: Shiny Dragon|Charizard, M, shiny|100/100
|move|p1a: Sweepmachine|Bulk Up|p1a: Sweepmachine
|-boost|p1a: Sweepmachine|atk|1
|-boost|p1a: Sweepmachine|def|1
|
|upkeep
|turn|5
|
|t:|1606655221
|move|p2a: Shiny Dragon|Dragon Dance|p2a: Shiny Dragon
|-boost|p2a: Shiny Dragon|atk|1
|-boost|p2a: Shiny Dragon|spe|1
|move|p1a: Sweepmachine|Body Press|p2a: Shiny Dragon
|-resisted|p2a: Shiny Dragon
|-damage|p2a: Shiny Dragon|79/100
|
|upkeep
|turn|6
|
|t:|1606655228
|move|p2a: Shiny Dragon|Dragon Dance|p2a: Shiny Dragon
|-boost|p2a: Shiny Dragon|atk|1
|-boost|p2a: Shiny Dragon|spe|1
|move|p1a: Sweepmachine|Brave Bird|p2a: Shiny Dragon
|-damage|p2a: Shiny Dragon|7/100
|-damage|p1a: Sweepmachine|83/100|[from] Recoil
|
|-heal|p1a: Sweepmachine|89/100|[from] item: Leftovers
|upkeep
|turn|7
|
|t:|1606655241
|move|p2a: Shiny Dragon|Flare Blitz|p1a: Sweepmachine
|-supereffective|p1a: Sweepmachine
|-damage|p1a: Sweepmachine|0 fnt
|-damage|p2a: Shiny Dragon|0 fnt|[from] Recoil
|faint|p1a: Sweepmachine
|faint|p2a: Shiny Dragon
|
|upkeep
|
|t:|1606655251
|switch|p2a: Enel|Thundurus-Therian, M|100/100
|switch|p1a: Cindersafe|Cinderace, M|100/100
|turn|8
|
|t:|1606655271
|move|p2a: Enel|Volt Switch|p1a: Cindersafe
|-damage|p1a: Cindersafe|41/100
|
|t:|1606655277
|switch|p2a: JellyFish|Nihilego, shiny|100/100|[from]move: Volt Switch
|move|p1a: Cindersafe|Pyro Ball|p2a: JellyFish
|-resisted|p2a: JellyFish
|-damage|p2a: JellyFish|42/100
|-damage|p1a: Cindersafe|31/100|[from] item: Life Orb
|
|upkeep
|turn|9
|
|t:|1606655288
|move|p1a: Cindersafe|Pyro Ball|p2a: JellyFish|[miss]
|-miss|p1a: Cindersafe|p2a: JellyFish
|move|p2a: JellyFish|Power Gem|p1a: Cindersafe
|-supereffective|p1a: Cindersafe
|-damage|p1a: Cindersafe|0 fnt
|-damage|p2a: JellyFish|33/100|[from] item: Life Orb
|faint|p1a: Cindersafe
|-ability|p2a: JellyFish|Beast Boost|boost
|-boost|p2a: JellyFish|spa|1
|
|upkeep
|
|t:|1606655301
|switch|p1a: Magical Paddo|Amoonguss, F, shiny|100/100
|turn|10
|
|t:|1606655310
|move|p2a: JellyFish|Power Gem|p1a: Magical Paddo
|-damage|p1a: Magical Paddo|53/100
|-damage|p2a: JellyFish|23/100|[from] item: Life Orb
|move|p1a: Magical Paddo|Spore|p2a: JellyFish
|-status|p2a: JellyFish|slp|[from] move: Spore
|
|-heal|p1a: Magical Paddo|59/100|[from] item: Black Sludge
|upkeep
|turn|11
|
|t:|1606655323
|switch|p2a: Black Bear|Urshifu, M, shiny|100/100
|move|p1a: Magical Paddo|Energy Ball|p2a: Black Bear
|-damage|p2a: Black Bear|61/100
|
|-heal|p1a: Magical Paddo|65/100|[from] item: Black Sludge
|upkeep
|turn|12
|
|t:|1606655333
|switch|p1a: Legit Dead inside|Corsola-Galar, F|100/100
|move|p2a: Black Bear|Zen Headbutt|p1a: Legit Dead inside
|-damage|p1a: Legit Dead inside|80/100
|
|upkeep
|turn|13
|
|t:|1606655342
|switch|p2a: Enel|Thundurus-Therian, M|100/100
|move|p1a: Legit Dead inside|Strength Sap|p2a: Enel
|-unboost|p2a: Enel|atk|1
|-heal|p1a: Legit Dead inside|100/100
|
|upkeep
|turn|14
|
|t:|1606655356
|move|p2a: Enel|Volt Switch|p1a: Legit Dead inside
|-damage|p1a: Legit Dead inside|79/100
|
|t:|1606655375
|switch|p2a: JellyFish|Nihilego, shiny|23/100 slp|[from]move: Volt Switch
|move|p1a: Legit Dead inside|Will-O-Wisp||[still]
|-fail|p1a: Legit Dead inside
|
|upkeep
|turn|15
|
|t:|1606655381
|cant|p2a: JellyFish|slp
|move|p1a: Legit Dead inside|Hex|p2a: JellyFish
|-damage|p2a: JellyFish|0 fnt
|faint|p2a: JellyFish
|
|upkeep
|
|t:|1606655386
|switch|p2a: Mammoth|Mamoswine, M|100/100
|turn|16
|
|t:|1606655390
|move|p2a: Mammoth|Knock Off|p1a: Legit Dead inside
|-supereffective|p1a: Legit Dead inside
|-damage|p1a: Legit Dead inside|31/100
|-enditem|p1a: Legit Dead inside|Eviolite|[from] move: Knock Off|[of] p2a: Mammoth
|move|p1a: Legit Dead inside|Strength Sap|p2a: Mammoth
|-unboost|p2a: Mammoth|atk|1
|-heal|p1a: Legit Dead inside|100/100
|
|upkeep
|turn|17
|
|t:|1606655399
|switch|p2a: Enel|Thundurus-Therian, M|100/100
|move|p1a: Legit Dead inside|Will-O-Wisp|p2a: Enel
|-status|p2a: Enel|brn
|
|-damage|p2a: Enel|94/100 brn|[from] brn
|upkeep
|turn|18
|
|t:|1606655411
|move|p2a: Enel|Dark Pulse|p1a: Legit Dead inside
|-supereffective|p1a: Legit Dead inside
|-damage|p1a: Legit Dead inside|55/100
|-start|p2a: Enel|Disable|Dark Pulse|[from] ability: Cursed Body|[of] p1a: Legit Dead inside
|move|p1a: Legit Dead inside|Will-O-Wisp|p2a: Enel
|-fail|p2a: Enel|brn
|
|-damage|p2a: Enel|88/100 brn|[from] brn
|upkeep
|turn|19
|
|t:|1606655432
|switch|p1a: Magical Paddo|Amoonguss, F, shiny|98/100
|-activate|p2a: Enel|move: Struggle
|move|p2a: Enel|Struggle|p1a: Magical Paddo
|-damage|p1a: Magical Paddo|93/100
|-damage|p2a: Enel|63/100 brn|[from] recoil
|
|-heal|p1a: Magical Paddo|99/100|[from] item: Black Sludge
|-damage|p2a: Enel|57/100 brn|[from] brn
|upkeep
|turn|20
|
|t:|1606655446
|switch|p2a: Mammoth|Mamoswine, M|100/100
|move|p1a: Magical Paddo|Sludge Bomb|p2a: Mammoth
|-resisted|p2a: Mammoth
|-damage|p2a: Mammoth|82/100
|
|-heal|p1a: Magical Paddo|100/100|[from] item: Black Sludge
|upkeep
|turn|21
|
|t:|1606655460
|move|p2a: Mammoth|Icicle Crash|p1a: Magical Paddo
|-supereffective|p1a: Magical Paddo
|-damage|p1a: Magical Paddo|6/100
|move|p1a: Magical Paddo|Spore|p2a: Mammoth
|-status|p2a: Mammoth|slp|[from] move: Spore
|
|-heal|p1a: Magical Paddo|12/100|[from] item: Black Sludge
|upkeep
|turn|22
|
|t:|1606655469
|switch|p2a: Black Bear|Urshifu, M, shiny|61/100
|move|p1a: Magical Paddo|Energy Ball|p2a: Black Bear
|-damage|p2a: Black Bear|21/100
|
|-heal|p1a: Magical Paddo|19/100|[from] item: Black Sludge
|upkeep
|turn|23
|
|t:|1606655482
|switch|p1a: Legit Dead inside|Corsola-Galar, F|55/100
|move|p2a: Black Bear|Zen Headbutt|p1a: Legit Dead inside
|-crit|p1a: Legit Dead inside
|-damage|p1a: Legit Dead inside|12/100
|-start|p2a: Black Bear|Disable|Zen Headbutt|[from] ability: Cursed Body|[of] p1a: Legit Dead inside
|
|upkeep
|turn|24
|
|t:|1606655491
|switch|p2a: Enel|Thundurus-Therian, M|57/100 brn
|move|p1a: Legit Dead inside|Strength Sap|p2a: Enel
|-unboost|p2a: Enel|atk|1
|-heal|p1a: Legit Dead inside|77/100
|
|-damage|p2a: Enel|51/100 brn|[from] brn
|upkeep
|turn|25
|
|t:|1606655506
|move|p2a: Enel|Dark Pulse|p1a: Legit Dead inside
|-supereffective|p1a: Legit Dead inside
|-damage|p1a: Legit Dead inside|29/100
|move|p1a: Legit Dead inside|Strength Sap|p2a: Enel
|-unboost|p2a: Enel|atk|1
|-heal|p1a: Legit Dead inside|71/100
|
|-damage|p2a: Enel|45/100 brn|[from] brn
|upkeep
|turn|26
|
|t:|1606655517
|move|p2a: Enel|Dark Pulse|p1a: Legit Dead inside
|-supereffective|p1a: Legit Dead inside
|-damage|p1a: Legit Dead inside|19/100
|-start|p2a: Enel|Disable|Dark Pulse|[from] ability: Cursed Body|[of] p1a: Legit Dead inside
|move|p1a: Legit Dead inside|Hex|p2a: Enel
|-damage|p2a: Enel|3/100 brn
|
|-damage|p2a: Enel|0 fnt|[from] brn
|faint|p2a: Enel
|upkeep
|
|t:|1606655530
|switch|p2a: Mammoth|Mamoswine, M|82/100 slp
|turn|27
|
|t:|1606655534
|cant|p2a: Mammoth|slp
|move|p1a: Legit Dead inside|Strength Sap|p2a: Mammoth
|-unboost|p2a: Mammoth|atk|1
|-heal|p1a: Legit Dead inside|100/100
|
|upkeep
|turn|28
|
|t:|1606655541
|cant|p2a: Mammoth|slp
|move|p1a: Legit Dead inside|Hex|p2a: Mammoth
|-damage|p2a: Mammoth|36/100 slp
|
|upkeep
|turn|29
|
|t:|1606655548
|-curestatus|p2a: Mammoth|slp|[msg]
|move|p2a: Mammoth|Icicle Crash|p1a: Legit Dead inside
|-damage|p1a: Legit Dead inside|70/100
|move|p1a: Legit Dead inside|Will-O-Wisp|p2a: Mammoth
|-status|p2a: Mammoth|brn
|
|-damage|p2a: Mammoth|30/100 brn|[from] brn
|upkeep
|turn|30
|
|t:|1606655558
|move|p2a: Mammoth|Icicle Crash|p1a: Legit Dead inside
|-damage|p1a: Legit Dead inside|56/100
|move|p1a: Legit Dead inside|Strength Sap|p2a: Mammoth
|-unboost|p2a: Mammoth|atk|1
|-heal|p1a: Legit Dead inside|100/100
|
|-damage|p2a: Mammoth|23/100 brn|[from] brn
|upkeep
|turn|31
|
|t:|1606655569
|move|p2a: Mammoth|Icicle Crash|p1a: Legit Dead inside
|-damage|p1a: Legit Dead inside|90/100
|move|p1a: Legit Dead inside|Hex|p2a: Mammoth
|-damage|p2a: Mammoth|0 fnt
|faint|p2a: Mammoth
|
|upkeep
|
|t:|1606655575
|switch|p2a: Black Bear|Urshifu, M, shiny|21/100
|turn|32
|
|t:|1606655580
|move|p2a: Black Bear|Zen Headbutt|p1a: Legit Dead inside
|-damage|p1a: Legit Dead inside|61/100
|-start|p2a: Black Bear|Disable|Zen Headbutt|[from] ability: Cursed Body|[of] p1a: Legit Dead inside
|move|p1a: Legit Dead inside|Hex|p2a: Black Bear
|-resisted|p2a: Black Bear
|-damage|p2a: Black Bear|10/100
|
|upkeep
|turn|33
|
|t:|1606655588
|-activate|p2a: Black Bear|move: Struggle
|move|p2a: Black Bear|Struggle|p1a: Legit Dead inside
|-damage|p1a: Legit Dead inside|41/100
|-damage|p2a: Black Bear|0 fnt|[from] recoil
|faint|p2a: Black Bear
|
|win|TwentyTwan
|c| Curseroy1990|Gg
|c| Lucartes|gg! Mooie comeback
