|j|☆diemond35472
|j|☆CLEAR GEM清瑜
|t:|1665035899
|gametype|singles
|player|p1|diemond35472|mustard|1727
|player|p2|CLEAR GEM清瑜|skierf|1969
|teamsize|p1|6
|teamsize|p2|6
|gen|8
|tier|[Gen 8] National Dex AG
|rated|
|rule|HP Percentage Mod: HP is shown in percentages
|rule|Endless Battle Clause: Forcing endless battles is banned
|clearpoke
|poke|p1|Calyrex-Shadow|
|poke|p1|Yveltal|
|poke|p1|Smeargle, F|
|poke|p1|Rayquaza|
|poke|p1|Groudon|
|poke|p1|Arceus-*|
|poke|p2|Rayquaza|
|poke|p2|Groudon|
|poke|p2|Necrozma-Dusk-Mane|
|poke|p2|Arceus-*|
|poke|p2|Zacian-*|
|poke|p2|Yveltal|
|teampreview
|inactive|Battle timer is ON: inactive players will automatically lose when time's up. (requested by CLEAR GEM清瑜)
|
|t:|1665035906
|start
|switch|p1a: Calyrex|Calyrex-Shadow|100/100
|switch|p2a: 老烈|Rayquaza, shiny|100/100
|-ability|p1a: Calyrex|As One
|-ability|p1a: Calyrex|Unnerve
|-ability|p2a: 老烈|Air Lock
|turn|1
|c|☆diemond35472|glhf
|
|t:|1665035911
|detailschange|p2a: 老烈|Rayquaza-Mega, shiny
|-mega|p2a: 老烈|Rayquaza|
|-weather|DeltaStream|[from] ability: Delta Stream|[of] p2a: 老烈
|move|p1a: Calyrex|Astral Barrage|p2a: 老烈
|-damage|p2a: 老烈|30/100
|move|p2a: 老烈|Scale Shot|p1a: Calyrex
|-damage|p1a: Calyrex|69/100
|-damage|p1a: Calyrex|41/100
|-hitcount|p1a: Calyrex|2
|-unboost|p2a: 老烈|def|1
|-boost|p2a: 老烈|spe|1
|-damage|p2a: 老烈|21/100|[from] item: Life Orb
|
|-weather|DeltaStream|[upkeep]
|upkeep
|turn|2
|
|t:|1665035922
|move|p2a: 老烈|Earthquake|p1a: Calyrex
|-damage|p1a: Calyrex|0 fnt
|faint|p1a: Calyrex
|-damage|p2a: 老烈|11/100|[from] item: Life Orb
|
|-weather|DeltaStream|[upkeep]
|upkeep
|
|t:|1665035926
|switch|p1a: Smeargle|Smeargle, F|100/100
|turn|3
|
|t:|1665035928
|move|p2a: 老烈|Scale Shot|p1a: Smeargle
|-damage|p1a: Smeargle|56/100
|-damage|p1a: Smeargle|14/100
|-hitcount|p1a: Smeargle|2
|-unboost|p2a: 老烈|def|1
|-boost|p2a: 老烈|spe|1
|-damage|p2a: 老烈|1/100|[from] item: Life Orb
|move|p1a: Smeargle|Sticky Web|p2a: 老烈
|-sidestart|p2: CLEAR GEM清瑜|move: Sticky Web
|
|-weather|DeltaStream|[upkeep]
|upkeep
|turn|4
|
|t:|1665035935
|move|p2a: 老烈|Earthquake|p1a: Smeargle
|-damage|p1a: Smeargle|0 fnt
|faint|p1a: Smeargle
|-damage|p2a: 老烈|0 fnt|[from] item: Life Orb
|faint|p2a: 老烈
|-weather|none
|
|upkeep
|
|t:|1665035940
|switch|p2a: 不会(?)|Groudon|100/100
|switch|p1a: Rayquaza|Rayquaza|100/100
|-ability|p1a: Rayquaza|Air Lock
|-activate|p2a: 不会(?)|move: Sticky Web
|-unboost|p2a: 不会(?)|spe|1
|detailschange|p2a: 不会(?)|Groudon-Primal
|-primal|p2a: 不会(?)
|-weather|DesolateLand|[from] ability: Desolate Land|[of] p2a: 不会(?)
|turn|5
|
|t:|1665035947
|detailschange|p1a: Rayquaza|Rayquaza-Mega
|-mega|p1a: Rayquaza|Rayquaza|
|-weather|DeltaStream|[from] ability: Delta Stream|[of] p1a: Rayquaza
|move|p1a: Rayquaza|Swords Dance|p1a: Rayquaza
|-boost|p1a: Rayquaza|atk|2
|move|p2a: 不会(?)|Thunder Wave|p1a: Rayquaza
|-status|p1a: Rayquaza|par
|
|-weather|DeltaStream|[upkeep]
|upkeep
|turn|6
|
|t:|1665035953
|cant|p1a: Rayquaza|par
|move|p2a: 不会(?)|Stealth Rock|p1a: Rayquaza
|-sidestart|p1: diemond35472|move: Stealth Rock
|
|-weather|DeltaStream|[upkeep]
|upkeep
|turn|7
|
|t:|1665035955
|move|p1a: Rayquaza|Dragon Ascent|p2a: 不会(?)
|-damage|p2a: 不会(?)|0 fnt
|-unboost|p1a: Rayquaza|def|1
|-unboost|p1a: Rayquaza|spd|1
|faint|p2a: 不会(?)
|-damage|p1a: Rayquaza|91/100 par|[from] item: Life Orb
|
|-weather|DeltaStream|[upkeep]
|upkeep
|
|t:|1665035965
|switch|p2a: Y鸟|Yveltal|100/100
|-ability|p2a: Y鸟|Dark Aura
|turn|8
|
|t:|1665035968
|-start|p2a: Y鸟|Dynamax|
|-heal|p2a: Y鸟|100/100|[silent]
|move|p1a: Rayquaza|Extreme Speed|p2a: Y鸟
|-damage|p2a: Y鸟|58/100
|-damage|p1a: Rayquaza|81/100 par|[from] item: Life Orb
|move|p2a: Y鸟|Max Airstream|p1a: Rayquaza
|-damage|p1a: Rayquaza|0 fnt
|-boost|p2a: Y鸟|spe|1
|faint|p1a: Rayquaza
|-weather|none
|-damage|p2a: Y鸟|53/100|[from] item: Life Orb
|
|upkeep
|
|t:|1665035975
|switch|p1a: Arceus|Arceus|100/100
|-damage|p1a: Arceus|88/100|[from] Stealth Rock
|turn|9
|
|t:|1665035977
|-start|p1a: Arceus|Dynamax|
|-heal|p1a: Arceus|88/100|[silent]
|move|p1a: Arceus|Max Guard|p1a: Arceus
|-singleturn|p1a: Arceus|Max Guard
|move|p2a: Y鸟|Max Darkness|p1a: Arceus
|-activate|p1a: Arceus|move: Max Guard
|
|upkeep
|turn|10
|
|t:|1665035979
|move|p2a: Y鸟|Max Darkness|p1a: Arceus
|-damage|p1a: Arceus|39/100
|-unboost|p1a: Arceus|spd|1
|-damage|p2a: Y鸟|48/100|[from] item: Life Orb
|move|p1a: Arceus|Max Strike|p2a: Y鸟
|-damage|p2a: Y鸟|8/100
|-unboost|p2a: Y鸟|spe|1
|
|upkeep
|-end|p2a: Y鸟|Dynamax
|-heal|p2a: Y鸟|8/100|[silent]
|turn|11
|
|t:|1665035983
|move|p1a: Arceus|Max Strike|p2a: Y鸟
|-damage|p2a: Y鸟|0 fnt
|faint|p2a: Y鸟
|
|upkeep
|
|t:|1665035986
|switch|p2a: 嘉然小姐的狗|Zacian-Crowned|100/100
|-activate|p2a: 嘉然小姐的狗|move: Sticky Web
|-unboost|p2a: 嘉然小姐的狗|spe|1
|-ability|p2a: 嘉然小姐的狗|Intrepid Sword|boost
|-boost|p2a: 嘉然小姐的狗|atk|1
|-end|p1a: Arceus|Dynamax
|-heal|p1a: Arceus|39/100|[silent]
|turn|12
|
|t:|1665035989
|move|p1a: Arceus|Earthquake|p2a: 嘉然小姐的狗
|-supereffective|p2a: 嘉然小姐的狗
|-damage|p2a: 嘉然小姐的狗|47/100
|move|p2a: 嘉然小姐的狗|Behemoth Blade|p1a: Arceus
|-damage|p1a: Arceus|0 fnt
|faint|p1a: Arceus
|
|upkeep
|
|t:|1665035994
|switch|p1a: Groudon|Groudon|100/100
|-damage|p1a: Groudon|94/100|[from] Stealth Rock
|detailschange|p1a: Groudon|Groudon-Primal
|-primal|p1a: Groudon
|-weather|DesolateLand|[from] ability: Desolate Land|[of] p1a: Groudon
|turn|13
|
|t:|1665035996
|move|p1a: Groudon|Precipice Blades|p2a: 嘉然小姐的狗|[miss]
|-miss|p1a: Groudon|p2a: 嘉然小姐的狗
|move|p2a: 嘉然小姐的狗|Close Combat|p1a: Groudon
|-damage|p1a: Groudon|39/100
|-unboost|p2a: 嘉然小姐的狗|def|1
|-unboost|p2a: 嘉然小姐的狗|spd|1
|
|-weather|DesolateLand|[upkeep]
|upkeep
|turn|14
|
|t:|1665035999
|move|p1a: Groudon|Precipice Blades|p2a: 嘉然小姐的狗
|-supereffective|p2a: 嘉然小姐的狗
|-damage|p2a: 嘉然小姐的狗|0 fnt
|faint|p2a: 嘉然小姐的狗
|
|-weather|DesolateLand|[upkeep]
|upkeep
|
|t:|1665036004
|switch|p2a: 钢铁之躯|Necrozma-Dusk-Mane|100/100
|-activate|p2a: 钢铁之躯|move: Sticky Web
|-unboost|p2a: 钢铁之躯|spe|1
|turn|15
|
|t:|1665036007
|detailschange|p2a: 钢铁之躯|Necrozma-Ultra
|-burst|p2a: 钢铁之躯|Necrozma|Ultranecrozium Z
|move|p1a: Groudon|Precipice Blades|p2a: 钢铁之躯
|-damage|p2a: 钢铁之躯|22/100
|move|p2a: 钢铁之躯|Dragon Dance|p2a: 钢铁之躯
|-boost|p2a: 钢铁之躯|atk|1
|-boost|p2a: 钢铁之躯|spe|1
|
|-weather|DesolateLand|[upkeep]
|upkeep
|turn|16
|
|t:|1665036012
|move|p2a: 钢铁之躯|Earthquake|p1a: Groudon
|-supereffective|p1a: Groudon
|-damage|p1a: Groudon|0 fnt
|faint|p1a: Groudon
|-weather|none
|
|upkeep
|
|t:|1665036015
|switch|p1a: Yveltal|Yveltal|100/100
|-damage|p1a: Yveltal|76/100|[from] Stealth Rock
|-ability|p1a: Yveltal|Dark Aura
|turn|17
|c|☆diemond35472|gg
|
|t:|1665036020
|move|p1a: Yveltal|Dark Pulse|p2a: 钢铁之躯
|-supereffective|p2a: 钢铁之躯
|-damage|p2a: 钢铁之躯|0 fnt
|faint|p2a: 钢铁之躯
|-damage|p1a: Yveltal|66/100|[from] item: Life Orb
|
|upkeep
|
|t:|1665036021
|switch|p2a: 悬空羊驼|Arceus-Flying|100/100
|turn|18
|c|☆diemond35472|or not
|
|t:|1665036026
|move|p1a: Yveltal|Dark Pulse|p2a: 悬空羊驼
|-damage|p2a: 悬空羊驼|45/100
|-damage|p1a: Yveltal|56/100|[from] item: Life Orb
|cant|p2a: 悬空羊驼|flinch
|
|upkeep
|turn|19
|c|☆CLEAR GEM清瑜|gg
|c|☆diemond35472|gg
|
|t:|1665036035
|move|p1a: Yveltal|Dark Pulse|p2a: 悬空羊驼
|-damage|p2a: 悬空羊驼|0 fnt
|faint|p2a: 悬空羊驼
|-damage|p1a: Yveltal|46/100|[from] item: Life Orb
|
|win|diemond35472
|raw|diemond35472's rating: 1727 &rarr; <strong>1759</strong><br />(+32 for winning)
|raw|CLEAR GEM清瑜's rating: 1969 &rarr; <strong>1937</strong><br />(-32 for losing)
|l|☆CLEAR GEM清瑜
