|j|☆dasort
|j|☆icemaster523
|player|p1|dasort|marlon|
|player|p2|icemaster523|drake-gen3|
|teamsize|p1|6
|teamsize|p2|6
|gametype|singles
|gen|8
|tier|[Gen 8] National Dex AG
|rated|Tournament battle
|clearpoke
|poke|p1|Zacian-Crowned|
|poke|p1|Rayquaza|
|poke|p1|Ditto|
|poke|p1|Xerneas|
|poke|p1|Ho-Oh|
|poke|p1|Necrozma-Dusk-Mane|
|poke|p2|Necrozma-Dusk-Mane|
|poke|p2|Arceus-*|
|poke|p2|Ho-Oh|
|poke|p2|Ferrothorn, M|
|poke|p2|Zacian-Crowned|
|poke|p2|Necrozma-Dawn-Wings|
|rule|HP Percentage Mod: HP is shown in percentages
|rule|Endless Battle Clause: Forcing endless battles is banned
|teampreview
|j| Ineedaname12321
|c|☆icemaster523|hf
|inactive|Battle timer is ON: inactive players will automatically lose when time's up. (requested by dasort)
|c|☆dasort|u2
|
|start
|switch|p1a: Ho-Oh|Ho-Oh|100/100
|switch|p2a: Necrozma-Dawn-Wing|Necrozma-Dawn-Wings|100/100
|turn|1
|
|detailschange|p2a: Necrozma-Dawn-Wing|Necrozma-Ultra
|-burst|p2a: Necrozma-Dawn-Wing|Necrozma|Ultranecrozium Z
|move|p2a: Necrozma-Dawn-Wing|Power Gem|p1a: Ho-Oh
|-supereffective|p1a: Ho-Oh
|-damage|p1a: Ho-Oh|9/100
|move|p1a: Ho-Oh|Toxic|p2a: Necrozma-Dawn-Wing
|-status|p2a: Necrozma-Dawn-Wing|tox
|
|-damage|p2a: Necrozma-Dawn-Wing|95/100 tox|[from] psn
|upkeep
|turn|2
|
|switch|p1a: Necrozma|Necrozma-Dusk-Mane|100/100
|move|p2a: Necrozma-Dawn-Wing|Moongeist Beam|p1a: Necrozma
|-supereffective|p1a: Necrozma
|-damage|p1a: Necrozma|47/100
|
|-heal|p1a: Necrozma|53/100|[from] item: Leftovers
|-damage|p2a: Necrozma-Dawn-Wing|83/100 tox|[from] psn
|upkeep
|turn|3
|j| Laopani
|
|switch|p1a: Ho-Oh|Ho-Oh|42/100
|move|p2a: Necrozma-Dawn-Wing|Moongeist Beam|p1a: Ho-Oh
|-damage|p1a: Ho-Oh|20/100
|
|-damage|p2a: Necrozma-Dawn-Wing|65/100 tox|[from] psn
|upkeep
|turn|4
|j|+Guardsweeper
|
|switch|p1a: Zacian|Zacian-Crowned|100/100
|-ability|p1a: Zacian|Intrepid Sword|boost
|-boost|p1a: Zacian|atk|1
|move|p2a: Necrozma-Dawn-Wing|Moongeist Beam|p1a: Zacian
|-damage|p1a: Zacian|63/100
|
|-damage|p2a: Necrozma-Dawn-Wing|41/100 tox|[from] psn
|upkeep
|turn|5
|
|switch|p2a: Necrozma|Necrozma-Dusk-Mane|100/100
|move|p1a: Zacian|Behemoth Blade|p2a: Necrozma
|-resisted|p2a: Necrozma
|-damage|p2a: Necrozma|77/100
|
|-heal|p2a: Necrozma|83/100|[from] item: Leftovers
|upkeep
|turn|6
|
|switch|p1a: Ho-Oh|Ho-Oh|53/100
|move|p2a: Necrozma|Stealth Rock|p1a: Ho-Oh
|-sidestart|p1: dasort|move: Stealth Rock
|
|-heal|p2a: Necrozma|89/100|[from] item: Leftovers
|upkeep
|turn|7
|
|move|p1a: Ho-Oh|Recover|p1a: Ho-Oh
|-heal|p1a: Ho-Oh|100/100
|move|p2a: Necrozma|Toxic|p1a: Ho-Oh
|-status|p1a: Ho-Oh|tox
|
|-heal|p2a: Necrozma|95/100|[from] item: Leftovers
|-damage|p1a: Ho-Oh|94/100 tox|[from] psn
|upkeep
|turn|8
|
|switch|p2a: Necrozma-Dawn-Wing|Necrozma-Ultra|41/100 tox
|move|p1a: Ho-Oh|Defog|p2a: Necrozma-Dawn-Wing
|-unboost|p2a: Necrozma-Dawn-Wing|evasion|1
|-sideend|p1: dasort|Stealth Rock|[from] move: Defog|[of] p1a: Ho-Oh
|
|-damage|p2a: Necrozma-Dawn-Wing|35/100 tox|[from] psn
|-damage|p1a: Ho-Oh|82/100 tox|[from] psn
|upkeep
|turn|9
|
|switch|p1a: Zacian|Zacian-Crowned|63/100
|-ability|p1a: Zacian|Intrepid Sword|boost
|-boost|p1a: Zacian|atk|1
|move|p2a: Necrozma-Dawn-Wing|Moonlight|p2a: Necrozma-Dawn-Wing
|-heal|p2a: Necrozma-Dawn-Wing|85/100 tox
|
|-damage|p2a: Necrozma-Dawn-Wing|73/100 tox|[from] psn
|upkeep
|turn|10
|
|switch|p2a: Necrozma|Necrozma-Dusk-Mane|95/100
|move|p1a: Zacian|Close Combat|p2a: Necrozma
|-damage|p2a: Necrozma|57/100
|-unboost|p1a: Zacian|def|1
|-unboost|p1a: Zacian|spd|1
|
|-heal|p2a: Necrozma|63/100|[from] item: Leftovers
|upkeep
|turn|11
|
|switch|p1a: Ho-Oh|Ho-Oh|100/100 tox
|move|p2a: Necrozma|Moonlight|p2a: Necrozma
|-heal|p2a: Necrozma|100/100
|
|-damage|p1a: Ho-Oh|94/100 tox|[from] psn
|upkeep
|turn|12
|
|switch|p2a: Necrozma-Dawn-Wing|Necrozma-Ultra|73/100 tox
|move|p1a: Ho-Oh|Sacred Fire|p2a: Necrozma-Dawn-Wing
|-resisted|p2a: Necrozma-Dawn-Wing
|-damage|p2a: Necrozma-Dawn-Wing|49/100 tox
|
|-damage|p2a: Necrozma-Dawn-Wing|43/100 tox|[from] psn
|-damage|p1a: Ho-Oh|82/100 tox|[from] psn
|upkeep
|turn|13
|inactive|dasort has 120 seconds left.
|
|switch|p1a: Zacian|Zacian-Crowned|63/100
|-ability|p1a: Zacian|Intrepid Sword|boost
|-boost|p1a: Zacian|atk|1
|move|p2a: Necrozma-Dawn-Wing|Moonlight|p2a: Necrozma-Dawn-Wing
|-heal|p2a: Necrozma-Dawn-Wing|92/100 tox
|
|-damage|p2a: Necrozma-Dawn-Wing|80/100 tox|[from] psn
|upkeep
|turn|14
|
|switch|p1a: Rayquaza|Rayquaza|100/100
|-ability|p1a: Rayquaza|Air Lock
|switch|p2a: Necrozma|Necrozma-Dusk-Mane|100/100
|
|upkeep
|turn|15
|
|switch|p2a: Arceus|Arceus-Ground|100/100
|detailschange|p1a: Rayquaza|Rayquaza-Mega
|-mega|p1a: Rayquaza|Rayquaza|
|-weather|DeltaStream|[from] ability: Delta Stream|[of] p1a: Rayquaza
|move|p1a: Rayquaza|V-create|p2a: Arceus
|-damage|p2a: Arceus|64/100
|-unboost|p1a: Rayquaza|spe|1
|-unboost|p1a: Rayquaza|def|1
|-unboost|p1a: Rayquaza|spd|1
|
|-weather|DeltaStream|[upkeep]
|upkeep
|turn|16
|inactive|dasort has 120 seconds left.
|
|-weather|none
|switch|p1a: Ho-Oh|Ho-Oh|100/100 tox
|move|p2a: Arceus|Recover|p2a: Arceus
|-heal|p2a: Arceus|100/100
|
|-damage|p1a: Ho-Oh|94/100 tox|[from] psn
|upkeep
|turn|17
|inactive|dasort has 120 seconds left.
|
|move|p2a: Arceus|Ice Beam|p1a: Ho-Oh
|-damage|p1a: Ho-Oh|81/100 tox
|move|p1a: Ho-Oh|Toxic|p2a: Arceus
|-status|p2a: Arceus|tox
|
|-damage|p2a: Arceus|94/100 tox|[from] psn
|-damage|p1a: Ho-Oh|68/100 tox|[from] psn
|upkeep
|turn|18
|inactive|dasort has 120 seconds left.
|j|@baconeatinassassin
|
|move|p2a: Arceus|Refresh|p2a: Arceus
|-curestatus|p2a: Arceus|tox|[msg]
|move|p1a: Ho-Oh|Recover|p1a: Ho-Oh
|-heal|p1a: Ho-Oh|100/100 tox
|
|-damage|p1a: Ho-Oh|82/100 tox|[from] psn
|upkeep
|turn|19
|
|move|p2a: Arceus|Ice Beam|p1a: Ho-Oh
|-damage|p1a: Ho-Oh|69/100 tox
|move|p1a: Ho-Oh|Toxic|p2a: Arceus
|-status|p2a: Arceus|tox
|
|-damage|p2a: Arceus|88/100 tox|[from] psn
|-damage|p1a: Ho-Oh|44/100 tox|[from] psn
|upkeep
|turn|20
|
|switch|p1a: Necrozma|Necrozma-Dusk-Mane|53/100
|move|p2a: Arceus|Refresh|p2a: Arceus
|-curestatus|p2a: Arceus|tox|[msg]
|
|-heal|p1a: Necrozma|59/100|[from] item: Leftovers
|upkeep
|turn|21
|
|switch|p1a: Ho-Oh|Ho-Oh|77/100 tox
|move|p2a: Arceus|Judgment|p1a: Ho-Oh
|-immune|p1a: Ho-Oh
|
|-damage|p1a: Ho-Oh|70/100 tox|[from] psn
|upkeep
|turn|22
|inactive|dasort has 90 seconds left.
|
|switch|p1a: Rayquaza|Rayquaza-Mega|100/100
|-weather|DeltaStream|[from] ability: Delta Stream|[of] p1a: Rayquaza
|move|p2a: Arceus|Ice Beam|p1a: Rayquaza
|-activate||deltastream
|-supereffective|p1a: Rayquaza
|-damage|p1a: Rayquaza|48/100
|
|-weather|DeltaStream|[upkeep]
|upkeep
|turn|23
|inactive|dasort has 90 seconds left.
|
|move|p1a: Rayquaza|Surf|p2a: Arceus
|-supereffective|p2a: Arceus
|-damage|p2a: Arceus|42/100
|move|p2a: Arceus|Ice Beam|p1a: Rayquaza
|-activate||deltastream
|-supereffective|p1a: Rayquaza
|-damage|p1a: Rayquaza|0 fnt
|faint|p1a: Rayquaza
|-weather|none
|
|upkeep
|
|switch|p1a: Zacian|Zacian-Crowned|63/100
|-ability|p1a: Zacian|Intrepid Sword|boost
|-boost|p1a: Zacian|atk|1
|turn|24
|
|switch|p2a: Necrozma|Necrozma-Dusk-Mane|100/100
|move|p1a: Zacian|Behemoth Blade|p2a: Necrozma
|-resisted|p2a: Necrozma
|-damage|p2a: Necrozma|78/100
|
|-heal|p2a: Necrozma|84/100|[from] item: Leftovers
|upkeep
|turn|25
|
|switch|p1a: Necrozma|Necrozma-Dusk-Mane|59/100
|move|p2a: Necrozma|Sunsteel Strike|p1a: Necrozma
|-resisted|p1a: Necrozma
|-damage|p1a: Necrozma|44/100
|
|-heal|p2a: Necrozma|90/100|[from] item: Leftovers
|-heal|p1a: Necrozma|50/100|[from] item: Leftovers
|upkeep
|turn|26
|inactive|dasort has 120 seconds left.
|
|move|p2a: Necrozma|Stealth Rock|p1a: Necrozma
|-sidestart|p1: dasort|move: Stealth Rock
|move|p1a: Necrozma|Morning Sun|p1a: Necrozma
|-heal|p1a: Necrozma|99/100
|
|-heal|p2a: Necrozma|96/100|[from] item: Leftovers
|-heal|p1a: Necrozma|100/100|[from] item: Leftovers
|upkeep
|turn|27
|
|switch|p2a: Necrozma-Dawn-Wing|Necrozma-Ultra|80/100 tox
|move|p1a: Necrozma|Stealth Rock|p2a: Necrozma-Dawn-Wing
|-sidestart|p2: icemaster523|move: Stealth Rock
|
|-damage|p2a: Necrozma-Dawn-Wing|75/100 tox|[from] psn
|upkeep
|turn|28
|
|move|p2a: Necrozma-Dawn-Wing|Moongeist Beam|p1a: Necrozma
|-supereffective|p1a: Necrozma
|-damage|p1a: Necrozma|42/100
|move|p1a: Necrozma|Sunsteel Strike|p2a: Necrozma-Dawn-Wing
|-damage|p2a: Necrozma-Dawn-Wing|25/100 tox
|
|-heal|p1a: Necrozma|48/100|[from] item: Leftovers
|-damage|p2a: Necrozma-Dawn-Wing|13/100 tox|[from] psn
|upkeep
|turn|29
|
|switch|p1a: Ho-Oh|Ho-Oh|100/100 tox
|move|p2a: Necrozma-Dawn-Wing|Moongeist Beam|p1a: Ho-Oh
|-damage|p1a: Ho-Oh|78/100 tox
|
|-damage|p2a: Necrozma-Dawn-Wing|0 fnt|[from] psn
|faint|p2a: Necrozma-Dawn-Wing
|-damage|p1a: Ho-Oh|72/100 tox|[from] psn
|upkeep
|
|switch|p2a: Zacian|Zacian-Crowned|100/100
|-damage|p2a: Zacian|94/100|[from] Stealth Rock
|-ability|p2a: Zacian|Intrepid Sword|boost
|-boost|p2a: Zacian|atk|1
|turn|30
|
|move|p2a: Zacian|Wild Charge|p1a: Ho-Oh
|-supereffective|p1a: Ho-Oh
|-damage|p1a: Ho-Oh|0 fnt
|-damage|p2a: Zacian|71/100|[from] Recoil
|faint|p1a: Ho-Oh
|
|upkeep
|
|switch|p1a: Ditto|Ditto, shiny|100/100
|-damage|p1a: Ditto|88/100|[from] Stealth Rock
|-transform|p1a: Ditto|p2a: Zacian|[from] ability: Imposter
|-ability|p1a: Ditto|Intrepid Sword|boost
|-boost|p1a: Ditto|atk|1
|turn|31
|
|move|p2a: Zacian|Protect|p2a: Zacian
|-singleturn|p2a: Zacian|Protect
|move|p1a: Ditto|Close Combat|p2a: Zacian
|-activate|p2a: Zacian|move: Protect
|
|upkeep
|turn|32
|
|switch|p2a: Ho-Oh|Ho-Oh|100/100
|move|p1a: Ditto|Close Combat|p2a: Ho-Oh
|-resisted|p2a: Ho-Oh
|-damage|p2a: Ho-Oh|47/100
|-unboost|p1a: Ditto|def|1
|-unboost|p1a: Ditto|spd|1
|
|upkeep
|turn|33
|
|move|p2a: Ho-Oh|Protect|p2a: Ho-Oh
|-singleturn|p2a: Ho-Oh|Protect
|move|p1a: Ditto|Close Combat|p2a: Ho-Oh
|-activate|p2a: Ho-Oh|move: Protect
|
|upkeep
|turn|34
|
|-start|p2a: Ho-Oh|Dynamax
|-heal|p2a: Ho-Oh|47/100|[silent]
|move|p1a: Ditto|Close Combat|p2a: Ho-Oh
|-resisted|p2a: Ho-Oh
|-damage|p2a: Ho-Oh|22/100
|-unboost|p1a: Ditto|def|1
|-unboost|p1a: Ditto|spd|1
|move|p2a: Ho-Oh|Max Flare|p1a: Ditto
|-supereffective|p1a: Ditto
|-damage|p1a: Ditto|0 fnt
|-weather|SunnyDay
|faint|p1a: Ditto
|
|-weather|SunnyDay|[upkeep]
|upkeep
|j| fervio1
|
|switch|p1a: Xerneas|Xerneas|100/100
|-damage|p1a: Xerneas|88/100|[from] Stealth Rock
|-ability|p1a: Xerneas|Fairy Aura
|turn|35
|
|move|p1a: Xerneas|Geomancy||[still]
|-prepare|p1a: Xerneas|Geomancy|p1a: Xerneas
|-enditem|p1a: Xerneas|Power Herb
|-anim|p1a: Xerneas|Geomancy|p1a: Xerneas
|-boost|p1a: Xerneas|spa|2
|-boost|p1a: Xerneas|spd|2
|-boost|p1a: Xerneas|spe|2
|move|p2a: Ho-Oh|Max Flare|p1a: Xerneas
|-damage|p1a: Xerneas|22/100
|
|-weather|SunnyDay|[upkeep]
|upkeep
|turn|36
|j| MangeMortx
|
|move|p2a: Ho-Oh|Max Guard|p2a: Ho-Oh
|-singleturn|p2a: Ho-Oh|Max Guard
|move|p1a: Xerneas|Moonblast|p2a: Ho-Oh
|-activate|p2a: Ho-Oh|move: Max Guard
|
|-weather|SunnyDay|[upkeep]
|-end|p2a: Ho-Oh|Dynamax
|-heal|p2a: Ho-Oh|22/100|[silent]
|upkeep
|turn|37
|
|switch|p2a: Ferrothorn|Ferrothorn, M|100/100
|-damage|p2a: Ferrothorn|94/100|[from] Stealth Rock
|move|p1a: Xerneas|Moonblast|p2a: Ferrothorn
|-resisted|p2a: Ferrothorn
|-damage|p2a: Ferrothorn|48/100
|-unboost|p2a: Ferrothorn|spa|1
|
|-weather|SunnyDay|[upkeep]
|-heal|p2a: Ferrothorn|54/100|[from] item: Leftovers
|upkeep
|turn|38
|
|switch|p2a: Ho-Oh|Ho-Oh|55/100
|move|p1a: Xerneas|Hidden Power|p2a: Ho-Oh
|-resisted|p2a: Ho-Oh
|-damage|p2a: Ho-Oh|39/100
|
|-weather|none
|upkeep
|turn|39
|
|-start|p1a: Xerneas|Dynamax
|-heal|p1a: Xerneas|22/100|[silent]
|move|p2a: Ho-Oh|Protect|p2a: Ho-Oh
|-singleturn|p2a: Ho-Oh|Protect
|move|p1a: Xerneas|Max Lightning|p2a: Ho-Oh
|-supereffective|p2a: Ho-Oh
|-zbroken|p2a: Ho-Oh
|-damage|p2a: Ho-Oh|17/100
|-fieldstart|move: Electric Terrain
|
|upkeep
|turn|40
|
|switch|p2a: Arceus|Arceus-Ground|42/100
|-damage|p2a: Arceus|36/100|[from] Stealth Rock
|move|p1a: Xerneas|Max Flare|p2a: Arceus|[from]Hidden Power
|-damage|p2a: Arceus|0 fnt
|-weather|SunnyDay
|faint|p2a: Arceus
|
|-weather|SunnyDay|[upkeep]
|upkeep
|
|switch|p2a: Ho-Oh|Ho-Oh|50/100
|turn|41
|l| Laopani
|j| ilovercbocpa2
|
|move|p2a: Ho-Oh|Protect|p2a: Ho-Oh
|-singleturn|p2a: Ho-Oh|Protect
|move|p1a: Xerneas|Max Lightning|p2a: Ho-Oh
|-supereffective|p2a: Ho-Oh
|-zbroken|p2a: Ho-Oh
|-damage|p2a: Ho-Oh|17/100
|
|-weather|SunnyDay|[upkeep]
|-end|p1a: Xerneas|Dynamax
|-heal|p1a: Xerneas|22/100|[silent]
|upkeep
|turn|42
|
|switch|p2a: Ferrothorn|Ferrothorn, M|54/100
|-damage|p2a: Ferrothorn|48/100|[from] Stealth Rock
|move|p1a: Xerneas|Moonblast|p2a: Ferrothorn
|-resisted|p2a: Ferrothorn
|-damage|p2a: Ferrothorn|1/100
|
|-weather|SunnyDay|[upkeep]
|-heal|p2a: Ferrothorn|7/100|[from] item: Leftovers
|upkeep
|turn|43
|l| MangeMortx
|
|move|p2a: Ferrothorn|Protect|p2a: Ferrothorn
|-singleturn|p2a: Ferrothorn|Protect
|move|p1a: Xerneas|Moonblast|p2a: Ferrothorn
|-activate|p2a: Ferrothorn|move: Protect
|
|-weather|SunnyDay|[upkeep]
|-heal|p2a: Ferrothorn|14/100|[from] item: Leftovers
|-fieldend|move: Electric Terrain
|upkeep
|turn|44
|
|switch|p2a: Ho-Oh|Ho-Oh|50/100
|move|p1a: Xerneas|Moonblast|p2a: Ho-Oh
|-resisted|p2a: Ho-Oh
|-damage|p2a: Ho-Oh|17/100
|-unboost|p2a: Ho-Oh|spa|1
|
|-weather|none
|upkeep
|turn|45
|
|move|p2a: Ho-Oh|Protect|p2a: Ho-Oh
|-singleturn|p2a: Ho-Oh|Protect
|move|p1a: Xerneas|Moonblast|p2a: Ho-Oh
|-activate|p2a: Ho-Oh|move: Protect
|
|upkeep
|turn|46
|
|switch|p2a: Ferrothorn|Ferrothorn, M|14/100
|-damage|p2a: Ferrothorn|7/100|[from] Stealth Rock
|move|p1a: Xerneas|Moonblast|p2a: Ferrothorn
|-resisted|p2a: Ferrothorn
|-damage|p2a: Ferrothorn|0 fnt
|faint|p2a: Ferrothorn
|
|upkeep
|
|switch|p2a: Necrozma|Necrozma-Dusk-Mane|96/100
|-damage|p2a: Necrozma|90/100|[from] Stealth Rock
|turn|47
|
|move|p1a: Xerneas|Hidden Power|p2a: Necrozma
|-supereffective|p2a: Necrozma
|-damage|p2a: Necrozma|38/100
|move|p2a: Necrozma|Sunsteel Strike|p1a: Xerneas
|-supereffective|p1a: Xerneas
|-damage|p1a: Xerneas|0 fnt
|faint|p1a: Xerneas
|
|-heal|p2a: Necrozma|44/100|[from] item: Leftovers
|upkeep
|
|switch|p1a: Zacian|Zacian-Crowned|63/100
|-damage|p1a: Zacian|57/100|[from] Stealth Rock
|-ability|p1a: Zacian|Intrepid Sword|boost
|-boost|p1a: Zacian|atk|1
|turn|48
|
|move|p1a: Zacian|Close Combat|p2a: Necrozma
|-damage|p2a: Necrozma|5/100
|-unboost|p1a: Zacian|def|1
|-unboost|p1a: Zacian|spd|1
|move|p2a: Necrozma|Sunsteel Strike|p1a: Zacian
|-damage|p1a: Zacian|0 fnt
|faint|p1a: Zacian
|
|-heal|p2a: Necrozma|11/100|[from] item: Leftovers
|upkeep
|
|switch|p1a: Necrozma|Necrozma-Dusk-Mane|48/100
|-damage|p1a: Necrozma|42/100|[from] Stealth Rock
|turn|49
|
|move|p2a: Necrozma|Moonlight|p2a: Necrozma
|-heal|p2a: Necrozma|61/100
|move|p1a: Necrozma|Knock Off|p2a: Necrozma
|-supereffective|p2a: Necrozma
|-damage|p2a: Necrozma|33/100
|-enditem|p2a: Necrozma|Leftovers|[from] move: Knock Off|[of] p1a: Necrozma
|
|-heal|p1a: Necrozma|48/100|[from] item: Leftovers
|upkeep
|turn|50
|
|move|p1a: Necrozma|Morning Sun|p1a: Necrozma
|-heal|p1a: Necrozma|98/100
|move|p2a: Necrozma|Sunsteel Strike|p1a: Necrozma
|-resisted|p1a: Necrozma
|-damage|p1a: Necrozma|82/100
|
|-heal|p1a: Necrozma|88/100|[from] item: Leftovers
|upkeep
|turn|51
|
|move|p1a: Necrozma|Knock Off|p2a: Necrozma
|-supereffective|p2a: Necrozma
|-damage|p2a: Necrozma|17/100
|move|p2a: Necrozma|Moonlight|p2a: Necrozma
|-heal|p2a: Necrozma|67/100
|
|-heal|p1a: Necrozma|94/100|[from] item: Leftovers
|upkeep
|turn|52
|
|move|p2a: Necrozma|Moonlight|p2a: Necrozma
|-heal|p2a: Necrozma|100/100
|move|p1a: Necrozma|Knock Off|p2a: Necrozma
|-supereffective|p2a: Necrozma
|-damage|p2a: Necrozma|84/100
|
|-heal|p1a: Necrozma|99/100|[from] item: Leftovers
|upkeep
|turn|53
|
|switch|p2a: Ho-Oh|Ho-Oh|50/100
|move|p1a: Necrozma|Knock Off|p2a: Ho-Oh
|-damage|p2a: Ho-Oh|21/100
|-enditem|p2a: Ho-Oh|Heavy-Duty Boots|[from] move: Knock Off|[of] p1a: Necrozma
|
|-heal|p1a: Necrozma|100/100|[from] item: Leftovers
|upkeep
|turn|54
|
|move|p2a: Ho-Oh|Sacred Fire|p1a: Necrozma
|-supereffective|p1a: Necrozma
|-damage|p1a: Necrozma|59/100
|move|p1a: Necrozma|Knock Off|p2a: Ho-Oh
|-damage|p2a: Ho-Oh|1/100
|
|-heal|p1a: Necrozma|65/100|[from] item: Leftovers
|upkeep
|turn|55
|
|move|p2a: Ho-Oh|Sacred Fire|p1a: Necrozma|[miss]
|-miss|p2a: Ho-Oh|p1a: Necrozma
|move|p1a: Necrozma|Knock Off|p2a: Ho-Oh
|-damage|p2a: Ho-Oh|0 fnt
|faint|p2a: Ho-Oh
|
|-heal|p1a: Necrozma|71/100|[from] item: Leftovers
|upkeep
|c|@baconeatinassassin|,
|
|switch|p2a: Zacian|Zacian-Crowned|71/100
|-damage|p2a: Zacian|65/100|[from] Stealth Rock
|-ability|p2a: Zacian|Intrepid Sword|boost
|-boost|p2a: Zacian|atk|1
|turn|56
|
|move|p2a: Zacian|Behemoth Blade|p1a: Necrozma
|-resisted|p1a: Necrozma
|-damage|p1a: Necrozma|37/100
|move|p1a: Necrozma|Morning Sun|p1a: Necrozma
|-heal|p1a: Necrozma|87/100
|
|-heal|p1a: Necrozma|93/100|[from] item: Leftovers
|upkeep
|turn|57
|j| MangeMortx
|
|move|p2a: Zacian|Behemoth Blade|p1a: Necrozma
|-resisted|p1a: Necrozma
|-damage|p1a: Necrozma|64/100
|move|p1a: Necrozma|Sunsteel Strike|p2a: Zacian
|-damage|p2a: Zacian|16/100
|
|-heal|p1a: Necrozma|70/100|[from] item: Leftovers
|upkeep
|turn|58
|
|move|p2a: Zacian|Close Combat|p1a: Necrozma
|-damage|p1a: Necrozma|24/100
|-unboost|p2a: Zacian|def|1
|-unboost|p2a: Zacian|spd|1
|move|p1a: Necrozma|Sunsteel Strike|p2a: Zacian
|-damage|p2a: Zacian|0 fnt
|faint|p2a: Zacian
|
|-heal|p1a: Necrozma|30/100|[from] item: Leftovers
|upkeep
|
|switch|p2a: Necrozma|Necrozma-Dusk-Mane|84/100
|-damage|p2a: Necrozma|78/100|[from] Stealth Rock
|turn|59
|j| Laopani
|
|move|p2a: Necrozma|Sunsteel Strike|p1a: Necrozma
|-resisted|p1a: Necrozma
|-damage|p1a: Necrozma|15/100
|move|p1a: Necrozma|Morning Sun|p1a: Necrozma
|-heal|p1a: Necrozma|65/100
|
|-heal|p1a: Necrozma|71/100|[from] item: Leftovers
|upkeep
|turn|60
|
|move|p2a: Necrozma|Sunsteel Strike|p1a: Necrozma
|-resisted|p1a: Necrozma
|-damage|p1a: Necrozma|57/100
|move|p1a: Necrozma|Knock Off|p2a: Necrozma
|-supereffective|p2a: Necrozma
|-damage|p2a: Necrozma|60/100
|
|-heal|p1a: Necrozma|63/100|[from] item: Leftovers
|upkeep
|turn|61
|
|move|p1a: Necrozma|Morning Sun|p1a: Necrozma
|-heal|p1a: Necrozma|100/100
|move|p2a: Necrozma|Sunsteel Strike|p1a: Necrozma
|-resisted|p1a: Necrozma
|-damage|p1a: Necrozma|85/100
|
|-heal|p1a: Necrozma|91/100|[from] item: Leftovers
|upkeep
|turn|62
|
|move|p1a: Necrozma|Knock Off|p2a: Necrozma
|-supereffective|p2a: Necrozma
|-damage|p2a: Necrozma|40/100
|move|p2a: Necrozma|Sunsteel Strike|p1a: Necrozma
|-resisted|p1a: Necrozma
|-damage|p1a: Necrozma|76/100
|
|-heal|p1a: Necrozma|82/100|[from] item: Leftovers
|upkeep
|turn|63
|
|move|p1a: Necrozma|Knock Off|p2a: Necrozma
|-supereffective|p2a: Necrozma
|-damage|p2a: Necrozma|24/100
|move|p2a: Necrozma|Moonlight|p2a: Necrozma
|-heal|p2a: Necrozma|74/100
|
|-heal|p1a: Necrozma|88/100|[from] item: Leftovers
|upkeep
|turn|64
|j|+Zayele
|-message|icemaster523 forfeited.
|
|win|dasort
|l|☆icemaster523
|j|☆icemaster523
|player|p2|icemaster523|drake-gen3
