|j|☆NOAH MK2
|j|☆Blackstar152001
|t:|1665286255
|gametype|singles
|player|p1|NOAH MK2|266|1631
|player|p2|Blackstar152001|blue-gen3two|1937
|teamsize|p1|6
|teamsize|p2|6
|gen|8
|tier|[Gen 8] National Dex AG
|rated|
|rule|HP Percentage Mod: HP is shown in percentages
|rule|Endless Battle Clause: Forcing endless battles is banned
|clearpoke
|poke|p1|Klefki, F|
|poke|p1|Whimsicott, M|
|poke|p1|Rayquaza|
|poke|p1|Groudon|
|poke|p1|Arceus-*|
|poke|p1|Yveltal|
|poke|p2|Reshiram|
|poke|p2|Victini|
|poke|p2|Arceus-*|
|poke|p2|Giratina-Origin|
|poke|p2|Ditto|
|poke|p2|Arceus-*|
|teampreview
|inactive|Battle timer is ON: inactive players will automatically lose when time's up. (requested by Blackstar152001)
|inactive|NOAH MK2 has 120 seconds left.
|
|t:|1665286288
|start
|switch|p1a: Klefki|Klefki, F|100/100
|switch|p2a: Victini|Victini|100/100
|turn|1
|
|t:|1665286298
|move|p1a: Klefki|Reflect|p1a: Klefki
|-sidestart|p1: NOAH MK2|Reflect
|move|p2a: Victini|Final Gambit|p1a: Klefki
|-damage|p1a: Klefki|0 fnt
|faint|p2a: Victini
|faint|p1a: Klefki
|
|upkeep
|inactive|NOAH MK2 has 120 seconds left.
|
|t:|1665286329
|switch|p2a: Arceus|Arceus-Fairy|100/100
|switch|p1a: Yveltal|Yveltal|100/100
|-ability|p1a: Yveltal|Dark Aura
|turn|2
|
|t:|1665286342
|-start|p1a: Yveltal|Dynamax|
|-heal|p1a: Yveltal|100/100|[silent]
|move|p1a: Yveltal|Max Airstream|p2a: Arceus
|-damage|p2a: Arceus|57/100
|-boost|p1a: Yveltal|spe|1
|-damage|p1a: Yveltal|96/100|[from] item: Life Orb
|move|p2a: Arceus|Stealth Rock|p1a: Yveltal
|-sidestart|p1: NOAH MK2|move: Stealth Rock
|
|upkeep
|turn|3
|
|t:|1665286345
|move|p1a: Yveltal|Max Ooze|p2a: Arceus
|-supereffective|p2a: Arceus
|-damage|p2a: Arceus|7/100
|-boost|p1a: Yveltal|spa|1
|-damage|p1a: Yveltal|91/100|[from] item: Life Orb
|move|p2a: Arceus|Recover|p2a: Arceus
|-heal|p2a: Arceus|57/100
|
|upkeep
|turn|4
|j| shadowmew2x
|l| shadowmew2x
|
|t:|1665286357
|switch|p2a: Reshiram|Reshiram|100/100
|-ability|p2a: Reshiram|Turboblaze
|move|p1a: Yveltal|Max Ooze|p2a: Reshiram
|-crit|p2a: Reshiram
|-damage|p2a: Reshiram|22/100
|-boost|p1a: Yveltal|spa|1
|-damage|p1a: Yveltal|86/100|[from] item: Life Orb
|
|upkeep
|-end|p1a: Yveltal|Dynamax
|-heal|p1a: Yveltal|86/100|[silent]
|turn|5
|
|t:|1665286370
|move|p1a: Yveltal|Oblivion Wing|p2a: Reshiram
|-damage|p2a: Reshiram|0 fnt
|-heal|p1a: Yveltal|100/100|[from] drain|[of] p2a: Reshiram
|faint|p2a: Reshiram
|-damage|p1a: Yveltal|91/100|[from] item: Life Orb
|
|upkeep
|
|t:|1665286374
|switch|p2a: Ditto|Ditto, shiny|100/100
|-transform|p2a: Ditto|p1a: Yveltal|[from] ability: Imposter
|-ability|p2a: Ditto|Dark Aura
|turn|6
|
|t:|1665286379
|-start|p2a: Ditto|Dynamax|
|-heal|p2a: Ditto|100/100|[silent]
|move|p2a: Ditto|Max Airstream|p1a: Yveltal
|-damage|p1a: Yveltal|0 fnt
|-boost|p2a: Ditto|spe|1
|faint|p1a: Yveltal
|
|upkeep
|-message|NOAH MK2 forfeited.
|
|win|Blackstar152001
|raw|NOAH MK2's rating: 1631 &rarr; <strong>1625</strong><br />(-6 for losing)
|raw|Blackstar152001's rating: 1937 &rarr; <strong>1943</strong><br />(+6 for winning)
|l|☆NOAH MK2
