|j|‽Flynn Watson ^~^
|j|☆Glaliegoesboom ❤
|t:|1653713174
|gametype|singles
|player|p1|Flynn Watson ^~^|guitarist|1759
|player|p2|Glaliegoesboom ❤|170|1989
|teamsize|p1|6
|teamsize|p2|6
|gen|8
|tier|[Gen 8] National Dex AG
|rated|
|rule|HP Percentage Mod: HP is shown in percentages
|rule|Endless Battle Clause: Forcing endless battles is banned
|clearpoke
|poke|p1|Sableye, M|
|poke|p1|Quagsire, M|
|poke|p1|Chansey, F|
|poke|p1|Tyranitar, M|
|poke|p1|Lugia|
|poke|p1|Giratina|
|poke|p2|Zygarde|
|poke|p2|Blissey, F|
|poke|p2|Arceus-*|
|poke|p2|Yveltal|
|poke|p2|Necrozma-Dusk-Mane|
|poke|p2|Marshadow|
|teampreview
|inactive|Battle timer is ON: inactive players will automatically lose when time's up. (requested by Glaliegoesboom ❤)
|inactive|Glaliegoesboom ❤ has 120 seconds left.
|
|t:|1653713212
|start
|switch|p1a: Sableye|Sableye, M|100/100
|switch|p2a: Arceus|Arceus-Fairy|100/100
|turn|1
|
|t:|1653713217
|detailschange|p1a: Sableye|Sableye-Mega, M
|-mega|p1a: Sableye|Sableye|Sablenite
|move|p1a: Sableye|Protect|p1a: Sableye
|-singleturn|p1a: Sableye|Protect
|move|p2a: Arceus|Judgment|p1a: Sableye
|-activate|p1a: Sableye|move: Protect
|
|upkeep
|turn|2
|
|t:|1653713225
|switch|p2a: Marshadow|Marshadow|100/100
|move|p1a: Sableye|Recover||[still]
|-fail|p1a: Sableye|heal
|
|upkeep
|turn|3
|
|t:|1653713239
|switch|p2a: Blissey|Blissey, F|100/100
|switch|p1a: Quagsire|Quagsire, M|100/100
|
|upkeep
|turn|4
|
|t:|1653713246
|switch|p2a: Yveltal|Yveltal, shiny|100/100
|-ability|p2a: Yveltal|Dark Aura
|switch|p1a: Tyranitar|Tyranitar, M|100/100
|-weather|Sandstorm|[from] ability: Sand Stream|[of] p1a: Tyranitar
|
|-weather|Sandstorm|[upkeep]
|-damage|p2a: Yveltal|94/100|[from] Sandstorm
|upkeep
|turn|5
|
|t:|1653713251
|move|p2a: Yveltal|U-turn|p1a: Tyranitar
|-supereffective|p1a: Tyranitar
|-damage|p1a: Tyranitar|72/100
|
|t:|1653713254
|switch|p2a: Necrozma|Necrozma-Dusk-Mane|100/100|[from]move: U-turn
|move|p1a: Tyranitar|Stealth Rock|p2a: Necrozma
|-sidestart|p2: Glaliegoesboom ❤|move: Stealth Rock
|
|-weather|Sandstorm|[upkeep]
|-heal|p1a: Tyranitar|78/100|[from] item: Leftovers
|upkeep
|turn|6
|
|t:|1653713259
|switch|p1a: Sableye|Sableye-Mega, M|100/100
|move|p2a: Necrozma|Stealth Rock|p1a: Sableye
|move|p1a: Sableye|Stealth Rock||[from]ability: Magic Bounce|[still]
|-fail|p1a: Sableye
|
|-weather|Sandstorm|[upkeep]
|-damage|p1a: Sableye|95/100|[from] Sandstorm
|upkeep
|turn|7
|
|t:|1653713268
|switch|p2a: Yveltal|Yveltal, shiny|94/100
|-ability|p2a: Yveltal|Dark Aura
|move|p1a: Sableye|Foul Play|p2a: Yveltal
|-resisted|p2a: Yveltal
|-damage|p2a: Yveltal|74/100
|
|-weather|Sandstorm|[upkeep]
|-damage|p2a: Yveltal|68/100|[from] Sandstorm
|-damage|p1a: Sableye|89/100|[from] Sandstorm
|upkeep
|turn|8
|
|t:|1653713277
|switch|p1a: Giratina|Giratina|100/100
|-ability|p1a: Giratina|Pressure
|move|p2a: Yveltal|Roost|p2a: Yveltal
|-heal|p2a: Yveltal|100/100
|-singleturn|p2a: Yveltal|move: Roost
|
|-weather|none
|upkeep
|turn|9
|
|t:|1653713284
|move|p2a: Yveltal|Foul Play|p1a: Giratina
|-supereffective|p1a: Giratina
|-damage|p1a: Giratina|68/100
|move|p1a: Giratina|Toxic|p2a: Yveltal
|-status|p2a: Yveltal|tox
|
|-heal|p1a: Giratina|75/100|[from] item: Leftovers
|-damage|p2a: Yveltal|94/100 tox|[from] psn
|upkeep
|turn|10
|
|t:|1653713291
|switch|p1a: Tyranitar|Tyranitar, M|78/100
|-weather|Sandstorm|[from] ability: Sand Stream|[of] p1a: Tyranitar
|move|p2a: Yveltal|Defog|p1a: Tyranitar
|-unboost|p1a: Tyranitar|evasion|1
|-sideend|p2: Glaliegoesboom ❤|Stealth Rock|[from] move: Defog|[of] p2a: Yveltal
|
|-weather|Sandstorm|[upkeep]
|-damage|p2a: Yveltal|88/100 tox|[from] Sandstorm
|-heal|p1a: Tyranitar|85/100|[from] item: Leftovers
|-damage|p2a: Yveltal|76/100 tox|[from] psn
|upkeep
|turn|11
|
|t:|1653713303
|switch|p1a: Giratina|Giratina|75/100
|-ability|p1a: Giratina|Pressure
|move|p2a: Yveltal|U-turn|p1a: Giratina
|-resisted|p1a: Giratina
|-damage|p1a: Giratina|71/100
|
|t:|1653713308
|switch|p2a: Marshadow|Marshadow|100/100|[from]move: U-turn
|
|-weather|Sandstorm|[upkeep]
|-damage|p2a: Marshadow|94/100|[from] Sandstorm
|-damage|p1a: Giratina|65/100|[from] Sandstorm
|-heal|p1a: Giratina|71/100|[from] item: Leftovers
|upkeep
|turn|12
|
|t:|1653713330
|switch|p1a: Quagsire|Quagsire, M|100/100
|move|p2a: Marshadow|Spectral Thief|p1a: Quagsire
|-damage|p1a: Quagsire|49/100
|-damage|p2a: Marshadow|78/100|[from] item: Rocky Helmet|[of] p1a: Quagsire
|
|-weather|Sandstorm|[upkeep]
|-damage|p2a: Marshadow|72/100|[from] Sandstorm
|upkeep
|turn|13
|
|t:|1653713337
|move|p2a: Marshadow|Spectral Thief|p1a: Quagsire
|-damage|p1a: Quagsire|2/100
|-damage|p2a: Marshadow|55/100|[from] item: Rocky Helmet|[of] p1a: Quagsire
|move|p1a: Quagsire|Recover|p1a: Quagsire
|-heal|p1a: Quagsire|52/100
|
|-weather|Sandstorm|[upkeep]
|-damage|p2a: Marshadow|49/100|[from] Sandstorm
|upkeep
|turn|14
|
|t:|1653713354
|switch|p2a: Arceus|Arceus-Fairy|100/100
|move|p1a: Quagsire|Recover|p1a: Quagsire
|-heal|p1a: Quagsire|100/100
|
|-weather|none
|upkeep
|turn|15
|
|t:|1653713366
|move|p2a: Arceus|Judgment|p1a: Quagsire
|-damage|p1a: Quagsire|41/100
|move|p1a: Quagsire|Recover|p1a: Quagsire
|-heal|p1a: Quagsire|91/100
|
|upkeep
|turn|16
|
|t:|1653713370
|switch|p1a: Chansey|Chansey, F|100/100
|move|p2a: Arceus|Judgment|p1a: Chansey
|-damage|p1a: Chansey|88/100
|
|upkeep
|turn|17
|
|t:|1653713376
|switch|p2a: Blissey|Blissey, F|100/100
|move|p1a: Chansey|Seismic Toss|p2a: Blissey
|-damage|p2a: Blissey|86/100
|
|upkeep
|turn|18
|
|t:|1653713380
|switch|p1a: Tyranitar|Tyranitar, M|85/100
|-weather|Sandstorm|[from] ability: Sand Stream|[of] p1a: Tyranitar
|move|p2a: Blissey|Aromatherapy|p2a: Blissey
|-activate|p2a: Blissey|move: Aromatherapy
|-curestatus|p2: Yveltal|tox|[msg]
|
|-weather|Sandstorm|[upkeep]
|-damage|p2a: Blissey|80/100|[from] Sandstorm
|-heal|p1a: Tyranitar|91/100|[from] item: Leftovers
|upkeep
|turn|19
|
|t:|1653713385
|move|p1a: Tyranitar|Pursuit|p2a: Blissey
|-damage|p2a: Blissey|48/100
|move|p2a: Blissey|Soft-Boiled|p2a: Blissey
|-heal|p2a: Blissey|98/100
|
|-weather|Sandstorm|[upkeep]
|-damage|p2a: Blissey|92/100|[from] Sandstorm
|-heal|p1a: Tyranitar|97/100|[from] item: Leftovers
|upkeep
|turn|20
|
|t:|1653713391
|move|p1a: Tyranitar|Pursuit|p2a: Blissey
|-damage|p2a: Blissey|55/100
|move|p2a: Blissey|Soft-Boiled|p2a: Blissey
|-heal|p2a: Blissey|100/100
|
|-weather|Sandstorm|[upkeep]
|-damage|p2a: Blissey|94/100|[from] Sandstorm
|-heal|p1a: Tyranitar|100/100|[from] item: Leftovers
|upkeep
|turn|21
|
|t:|1653713398
|move|p1a: Tyranitar|Stealth Rock|p2a: Blissey
|-sidestart|p2: Glaliegoesboom ❤|move: Stealth Rock
|move|p2a: Blissey|Soft-Boiled|p2a: Blissey
|-heal|p2a: Blissey|100/100
|
|-weather|Sandstorm|[upkeep]
|-damage|p2a: Blissey|94/100|[from] Sandstorm
|upkeep
|turn|22
|
|t:|1653713404
|move|p1a: Tyranitar|Pursuit|p2a: Blissey
|-damage|p2a: Blissey|61/100
|move|p2a: Blissey|Soft-Boiled|p2a: Blissey
|-heal|p2a: Blissey|100/100
|
|-weather|none
|upkeep
|turn|23
|
|t:|1653713407
|move|p1a: Tyranitar|Rock Tomb|p2a: Blissey
|-damage|p2a: Blissey|47/100
|-unboost|p2a: Blissey|spe|1
|move|p2a: Blissey|Confide|p1a: Tyranitar
|-unboost|p1a: Tyranitar|spa|1
|
|upkeep
|turn|24
|
|t:|1653713414
|-activate|p2a: Blissey|move: Pursuit
|move|p1a: Tyranitar|Pursuit|p2a: Blissey|[from]Pursuit
|-crit|p2a: Blissey
|-damage|p2a: Blissey|0 fnt
|faint|p2a: Blissey
|-hint|A Pokemon can't switch between when it runs out of HP and when it faints
|
|upkeep
|
|t:|1653713415
|switch|p2a: Zygarde|Zygarde, shiny|100/100
|-damage|p2a: Zygarde|94/100|[from] Stealth Rock
|turn|25
|
|t:|1653713422
|switch|p1a: Giratina|Giratina|71/100
|-ability|p1a: Giratina|Pressure
|move|p2a: Zygarde|Glare|p1a: Giratina
|-status|p1a: Giratina|par
|
|-heal|p1a: Giratina|77/100 par|[from] item: Leftovers
|upkeep
|turn|26
|
|t:|1653713433
|switch|p2a: Yveltal|Yveltal, shiny|76/100
|-ability|p2a: Yveltal|Dark Aura
|move|p1a: Giratina|Toxic|p2a: Yveltal
|-status|p2a: Yveltal|tox
|
|-heal|p1a: Giratina|83/100 par|[from] item: Leftovers
|-damage|p2a: Yveltal|70/100 tox|[from] psn
|upkeep
|turn|27
|
|t:|1653713440
|move|p2a: Yveltal|U-turn|p1a: Giratina
|-resisted|p1a: Giratina
|-damage|p1a: Giratina|79/100 par
|
|t:|1653713443
|switch|p2a: Arceus|Arceus-Fairy|100/100|[from]move: U-turn
|-damage|p2a: Arceus|88/100|[from] Stealth Rock
|move|p1a: Giratina|Rest|p1a: Giratina
|-status|p1a: Giratina|slp|[from] move: Rest
|-heal|p1a: Giratina|100/100 slp|[silent]
|
|upkeep
|turn|28
|
|t:|1653713448
|switch|p2a: Marshadow|Marshadow|49/100
|-damage|p2a: Marshadow|43/100|[from] Stealth Rock
|switch|p1a: Lugia|Lugia|100/100
|
|upkeep
|turn|29
|
|t:|1653713463
|-start|p2a: Marshadow|Dynamax|
|-heal|p2a: Marshadow|43/100|[silent]
|move|p2a: Marshadow|Max Phantasm|p1a: Lugia
|-supereffective|p1a: Lugia
|-damage|p1a: Lugia|66/100
|-unboost|p1a: Lugia|def|1
|move|p1a: Lugia|Roost|p1a: Lugia
|-heal|p1a: Lugia|100/100
|-singleturn|p1a: Lugia|move: Roost
|
|upkeep
|turn|30
|
|t:|1653713476
|move|p2a: Marshadow|Max Knuckle|p1a: Lugia
|-resisted|p1a: Lugia
|-damage|p1a: Lugia|96/100
|-boost|p2a: Marshadow|atk|1
|move|p1a: Lugia|Substitute|p1a: Lugia
|-start|p1a: Lugia|Substitute
|-damage|p1a: Lugia|71/100
|
|-heal|p1a: Lugia|77/100|[from] item: Leftovers
|upkeep
|turn|31
|
|t:|1653713489
|move|p2a: Marshadow|Max Knuckle|p1a: Lugia
|-resisted|p1a: Lugia
|-activate|p1a: Lugia|move: Substitute|[damage]
|-boost|p2a: Marshadow|atk|1
|move|p1a: Lugia|Roost|p1a: Lugia
|-heal|p1a: Lugia|100/100
|-singleturn|p1a: Lugia|move: Roost
|
|upkeep
|-end|p2a: Marshadow|Dynamax
|-heal|p2a: Marshadow|43/100|[silent]
|turn|32
|inactive|Flynn Watson ^~^ has 120 seconds left.
|
|t:|1653713526
|switch|p1a: Chansey|Chansey, F|88/100
|move|p2a: Marshadow|Close Combat|p1a: Chansey
|-supereffective|p1a: Chansey
|-damage|p1a: Chansey|0 fnt
|-unboost|p2a: Marshadow|def|1
|-unboost|p2a: Marshadow|spd|1
|faint|p1a: Chansey
|
|upkeep
|
|t:|1653713530
|switch|p1a: Lugia|Lugia|100/100
|turn|33
|
|t:|1653713542
|switch|p2a: Yveltal|Yveltal, shiny|70/100 tox
|-ability|p2a: Yveltal|Dark Aura
|move|p1a: Lugia|Substitute|p1a: Lugia
|-start|p1a: Lugia|Substitute
|-damage|p1a: Lugia|75/100
|
|-heal|p1a: Lugia|82/100|[from] item: Leftovers
|-damage|p2a: Yveltal|64/100 tox|[from] psn
|upkeep
|turn|34
|
|t:|1653713547
|move|p1a: Lugia|Roost|p1a: Lugia
|-heal|p1a: Lugia|100/100
|-singleturn|p1a: Lugia|move: Roost
|move|p2a: Yveltal|Defog|p1a: Lugia
|-sideend|p2: Glaliegoesboom ❤|Stealth Rock|[from] move: Defog|[of] p2a: Yveltal
|
|-damage|p2a: Yveltal|51/100 tox|[from] psn
|upkeep
|turn|35
|
|t:|1653713558
|switch|p1a: Giratina|Giratina|100/100 slp
|-ability|p1a: Giratina|Pressure
|move|p2a: Yveltal|Roost|p2a: Yveltal
|-heal|p2a: Yveltal|100/100 tox
|-singleturn|p2a: Yveltal|move: Roost
|
|-damage|p2a: Yveltal|82/100 tox|[from] psn
|upkeep
|turn|36
|
|t:|1653713564
|move|p2a: Yveltal|U-turn|p1a: Giratina
|-resisted|p1a: Giratina
|-damage|p1a: Giratina|96/100 slp
|
|t:|1653713566
|switch|p2a: Arceus|Arceus-Fairy|88/100|[from]move: U-turn
|cant|p1a: Giratina|slp
|
|-heal|p1a: Giratina|100/100 slp|[from] item: Leftovers
|upkeep
|turn|37
|
|t:|1653713571
|move|p2a: Arceus|Judgment|p1a: Giratina
|-supereffective|p1a: Giratina
|-damage|p1a: Giratina|49/100 slp
|cant|p1a: Giratina|slp
|
|-heal|p1a: Giratina|55/100 slp|[from] item: Leftovers
|upkeep
|turn|38
|
|t:|1653713580
|move|p2a: Arceus|Judgment|p1a: Giratina
|-supereffective|p1a: Giratina
|-damage|p1a: Giratina|4/100 slp
|-curestatus|p1a: Giratina|slp|[msg]
|move|p1a: Giratina|Rest|p1a: Giratina
|-status|p1a: Giratina|slp|[from] move: Rest
|-heal|p1a: Giratina|100/100 slp|[silent]
|
|upkeep
|turn|39
|
|t:|1653713591
|switch|p1a: Lugia|Lugia|100/100
|move|p2a: Arceus|Judgment|p1a: Lugia
|-damage|p1a: Lugia|88/100
|
|-heal|p1a: Lugia|94/100|[from] item: Leftovers
|upkeep
|turn|40
|
|t:|1653713599
|move|p2a: Arceus|Toxic|p1a: Lugia
|-status|p1a: Lugia|tox
|move|p1a: Lugia|Toxic|p2a: Arceus|[miss]
|-miss|p1a: Lugia|p2a: Arceus
|
|-heal|p1a: Lugia|99/100 tox|[from] item: Leftovers
|-damage|p1a: Lugia|94/100 tox|[from] psn
|upkeep
|turn|41
|
|t:|1653713609
|move|p2a: Arceus|Judgment|p1a: Lugia
|-damage|p1a: Lugia|66/100 tox
|move|p1a: Lugia|Toxic|p2a: Arceus
|-status|p2a: Arceus|tox
|
|-heal|p1a: Lugia|72/100 tox|[from] item: Leftovers
|-damage|p2a: Arceus|82/100 tox|[from] psn
|-damage|p1a: Lugia|60/100 tox|[from] psn
|upkeep
|turn|42
|
|t:|1653713614
|move|p2a: Arceus|Judgment|p1a: Lugia
|-damage|p1a: Lugia|35/100 tox
|move|p1a: Lugia|Roost|p1a: Lugia
|-heal|p1a: Lugia|85/100 tox
|-singleturn|p1a: Lugia|move: Roost
|
|-heal|p1a: Lugia|91/100 tox|[from] item: Leftovers
|-damage|p2a: Arceus|70/100 tox|[from] psn
|-damage|p1a: Lugia|72/100 tox|[from] psn
|upkeep
|turn|43
|
|t:|1653713620
|move|p2a: Arceus|Judgment|p1a: Lugia
|-damage|p1a: Lugia|45/100 tox
|move|p1a: Lugia|Roost|p1a: Lugia
|-heal|p1a: Lugia|95/100 tox
|-singleturn|p1a: Lugia|move: Roost
|
|-heal|p1a: Lugia|100/100 tox|[from] item: Leftovers
|-damage|p2a: Arceus|52/100 tox|[from] psn
|-damage|p1a: Lugia|75/100 tox|[from] psn
|upkeep
|turn|44
|
|t:|1653713638
|switch|p2a: Necrozma|Necrozma-Dusk-Mane|100/100
|switch|p1a: Quagsire|Quagsire, M|91/100
|
|upkeep
|turn|45
|
|t:|1653713646
|switch|p1a: Sableye|Sableye-Mega, M|89/100
|move|p2a: Necrozma|Knock Off|p1a: Sableye
|-damage|p1a: Sableye|72/100
|
|upkeep
|turn|46
|
|t:|1653713651
|switch|p2a: Arceus|Arceus-Fairy|52/100 tox
|move|p1a: Sableye|Foul Play|p2a: Arceus
|-resisted|p2a: Arceus
|-damage|p2a: Arceus|43/100 tox
|
|-damage|p2a: Arceus|37/100 tox|[from] psn
|upkeep
|turn|47
|
|t:|1653713656
|switch|p1a: Tyranitar|Tyranitar, M|100/100
|-weather|Sandstorm|[from] ability: Sand Stream|[of] p1a: Tyranitar
|move|p2a: Arceus|Judgment|p1a: Tyranitar
|-supereffective|p1a: Tyranitar
|-damage|p1a: Tyranitar|62/100
|
|-weather|Sandstorm|[upkeep]
|-damage|p2a: Arceus|31/100 tox|[from] Sandstorm
|-heal|p1a: Tyranitar|68/100|[from] item: Leftovers
|-damage|p2a: Arceus|19/100 tox|[from] psn
|upkeep
|turn|48
|
|t:|1653713663
|move|p2a: Arceus|Recover|p2a: Arceus
|-heal|p2a: Arceus|69/100 tox
|move|p1a: Tyranitar|Rock Tomb|p2a: Arceus
|-damage|p2a: Arceus|55/100 tox
|-unboost|p2a: Arceus|spe|1
|
|-weather|Sandstorm|[upkeep]
|-damage|p2a: Arceus|49/100 tox|[from] Sandstorm
|-heal|p1a: Tyranitar|74/100|[from] item: Leftovers
|-damage|p2a: Arceus|31/100 tox|[from] psn
|upkeep
|turn|49
|
|t:|1653713676
|move|p2a: Arceus|Judgment|p1a: Tyranitar
|-supereffective|p1a: Tyranitar
|-damage|p1a: Tyranitar|31/100
|move|p1a: Tyranitar|Rock Tomb|p2a: Arceus
|-damage|p2a: Arceus|17/100 tox
|-unboost|p2a: Arceus|spe|1
|
|-weather|Sandstorm|[upkeep]
|-damage|p2a: Arceus|11/100 tox|[from] Sandstorm
|-heal|p1a: Tyranitar|37/100|[from] item: Leftovers
|-damage|p2a: Arceus|0 fnt|[from] psn
|faint|p2a: Arceus
|upkeep
|
|t:|1653713684
|switch|p2a: Yveltal|Yveltal, shiny|82/100 tox
|-ability|p2a: Yveltal|Dark Aura
|turn|50
|
|t:|1653713691
|move|p2a: Yveltal|U-turn|p1a: Tyranitar
|-supereffective|p1a: Tyranitar
|-damage|p1a: Tyranitar|9/100
|
|t:|1653713693
|switch|p2a: Marshadow|Marshadow|43/100|[from]move: U-turn
|move|p1a: Tyranitar|Rest|p1a: Tyranitar
|-status|p1a: Tyranitar|slp|[from] move: Rest
|-heal|p1a: Tyranitar|100/100 slp|[silent]
|
|-weather|Sandstorm|[upkeep]
|-damage|p2a: Marshadow|36/100|[from] Sandstorm
|upkeep
|turn|51
|
|t:|1653713704
|switch|p1a: Sableye|Sableye-Mega, M|72/100
|move|p2a: Marshadow|Close Combat|p1a: Sableye
|-immune|p1a: Sableye
|
|-weather|none
|upkeep
|turn|52
|
|t:|1653713713
|switch|p2a: Yveltal|Yveltal, shiny|82/100 tox
|-ability|p2a: Yveltal|Dark Aura
|move|p1a: Sableye|Recover|p1a: Sableye
|-heal|p1a: Sableye|100/100
|
|-damage|p2a: Yveltal|76/100 tox|[from] psn
|upkeep
|turn|53
|
|t:|1653713720
|move|p2a: Yveltal|U-turn|p1a: Sableye
|-damage|p1a: Sableye|89/100
|
|t:|1653713722
|switch|p2a: Necrozma|Necrozma-Dusk-Mane|100/100|[from]move: U-turn
|move|p1a: Sableye|Will-O-Wisp|p2a: Necrozma
|-status|p2a: Necrozma|brn
|
|-damage|p2a: Necrozma|94/100 brn|[from] brn
|upkeep
|turn|54
|
|t:|1653713730
|switch|p2a: Yveltal|Yveltal, shiny|76/100 tox
|-ability|p2a: Yveltal|Dark Aura
|move|p1a: Sableye|Protect||[still]
|-fail|p1a: Sableye
|
|-damage|p2a: Yveltal|70/100 tox|[from] psn
|upkeep
|turn|55
|
|t:|1653713737
|switch|p1a: Quagsire|Quagsire, M|91/100
|move|p2a: Yveltal|Roost|p2a: Yveltal
|-heal|p2a: Yveltal|100/100 tox
|-singleturn|p2a: Yveltal|move: Roost
|
|-damage|p2a: Yveltal|88/100 tox|[from] psn
|upkeep
|turn|56
|
|t:|1653713743
|switch|p2a: Necrozma|Necrozma-Dusk-Mane|94/100 brn
|move|p1a: Quagsire|Toxic||[still]
|-fail|p1a: Quagsire
|
|-damage|p2a: Necrozma|88/100 brn|[from] brn
|upkeep
|turn|57
|
|t:|1653713749
|switch|p1a: Sableye|Sableye-Mega, M|89/100
|move|p2a: Necrozma|Sunsteel Strike|p1a: Sableye
|-damage|p1a: Sableye|71/100
|
|-damage|p2a: Necrozma|82/100 brn|[from] brn
|upkeep
|turn|58
|
|t:|1653713758
|switch|p2a: Zygarde|Zygarde, shiny|94/100
|switch|p1a: Giratina|Giratina|100/100 slp
|-ability|p1a: Giratina|Pressure
|
|upkeep
|turn|59
|
|t:|1653713764
|switch|p2a: Marshadow|Marshadow|36/100
|cant|p1a: Giratina|slp
|
|upkeep
|turn|60
|
|t:|1653713775
|switch|p1a: Tyranitar|Tyranitar, M|100/100 slp
|-weather|Sandstorm|[from] ability: Sand Stream|[of] p1a: Tyranitar
|move|p2a: Marshadow|Spectral Thief|p1a: Tyranitar
|-resisted|p1a: Tyranitar
|-damage|p1a: Tyranitar|74/100 slp
|
|-weather|Sandstorm|[upkeep]
|-damage|p2a: Marshadow|30/100|[from] Sandstorm
|-heal|p1a: Tyranitar|80/100 slp|[from] item: Leftovers
|upkeep
|turn|61
|
|t:|1653713784
|switch|p2a: Yveltal|Yveltal, shiny|88/100 tox
|-ability|p2a: Yveltal|Dark Aura
|cant|p1a: Tyranitar|slp
|
|-weather|Sandstorm|[upkeep]
|-damage|p2a: Yveltal|82/100 tox|[from] Sandstorm
|-heal|p1a: Tyranitar|87/100 slp|[from] item: Leftovers
|-damage|p2a: Yveltal|76/100 tox|[from] psn
|upkeep
|turn|62
|
|t:|1653713790
|move|p2a: Yveltal|U-turn|p1a: Tyranitar
|-supereffective|p1a: Tyranitar
|-damage|p1a: Tyranitar|60/100 slp
|
|t:|1653713792
|switch|p2a: Marshadow|Marshadow|30/100|[from]move: U-turn
|cant|p1a: Tyranitar|slp
|
|-weather|Sandstorm|[upkeep]
|-damage|p2a: Marshadow|24/100|[from] Sandstorm
|-heal|p1a: Tyranitar|66/100 slp|[from] item: Leftovers
|upkeep
|turn|63
|
|t:|1653713799
|switch|p1a: Giratina|Giratina|100/100 slp
|-ability|p1a: Giratina|Pressure
|move|p2a: Marshadow|Spectral Thief|p1a: Giratina
|-supereffective|p1a: Giratina
|-damage|p1a: Giratina|47/100 slp
|
|-weather|Sandstorm|[upkeep]
|-damage|p2a: Marshadow|18/100|[from] Sandstorm
|-damage|p1a: Giratina|40/100 slp|[from] Sandstorm
|-heal|p1a: Giratina|47/100 slp|[from] item: Leftovers
|upkeep
|turn|64
|
|t:|1653713809
|switch|p2a: Yveltal|Yveltal, shiny|76/100 tox
|-ability|p2a: Yveltal|Dark Aura
|switch|p1a: Quagsire|Quagsire, M|91/100
|
|-weather|none
|-damage|p2a: Yveltal|70/100 tox|[from] psn
|upkeep
|turn|65
|
|t:|1653713816
|switch|p1a: Giratina|Giratina|47/100 slp
|-ability|p1a: Giratina|Pressure
|move|p2a: Yveltal|U-turn|p1a: Giratina
|-resisted|p1a: Giratina
|-damage|p1a: Giratina|43/100 slp
|
|t:|1653713819
|switch|p2a: Marshadow|Marshadow|18/100|[from]move: U-turn
|
|-heal|p1a: Giratina|49/100 slp|[from] item: Leftovers
|upkeep
|turn|66
|
|t:|1653713823
|-activate|p1a: Giratina|move: Pursuit
|move|p2a: Marshadow|Pursuit|p1a: Giratina|[from]Pursuit
|-supereffective|p1a: Giratina
|-damage|p1a: Giratina|14/100 slp
|switch|p1a: Tyranitar|Tyranitar, M|66/100 slp
|-weather|Sandstorm|[from] ability: Sand Stream|[of] p1a: Tyranitar
|
|-weather|Sandstorm|[upkeep]
|-damage|p2a: Marshadow|11/100|[from] Sandstorm
|-heal|p1a: Tyranitar|72/100 slp|[from] item: Leftovers
|upkeep
|turn|67
|
|t:|1653713830
|-activate|p2a: Marshadow|move: Pursuit
|-curestatus|p1a: Tyranitar|slp|[msg]
|move|p1a: Tyranitar|Pursuit|p2a: Marshadow|[from]Pursuit
|-damage|p2a: Marshadow|0 fnt
|faint|p2a: Marshadow
|-hint|A Pokemon can't switch between when it runs out of HP and when it faints
|
|-weather|Sandstorm|[upkeep]
|-heal|p1a: Tyranitar|78/100|[from] item: Leftovers
|upkeep
|j| AAASYH
|-message|Glaliegoesboom ❤ forfeited.
|
|win|Flynn Watson ^~^
|raw|Flynn Watson ^~^'s rating: 1759 &rarr; <strong>1791</strong><br />(+32 for winning)
|raw|Glaliegoesboom ❤'s rating: 1989 &rarr; <strong>1957</strong><br />(-32 for losing)
|l|☆Glaliegoesboom ❤
|l| AAASYH
|j| Glexb star
|l| Glexb star
