|j|☆Aloe lumen
|j|☆Dominator296
|t:|1646680328
|gametype|singles
|player|p1|Aloe lumen|clown|1558
|player|p2|Dominator296|alder|1792
|teamsize|p1|6
|teamsize|p2|6
|gen|8
|tier|[Gen 8] National Dex AG
|rated|
|rule|HP Percentage Mod: HP is shown in percentages
|rule|Endless Battle Clause: Forcing endless battles is banned
|clearpoke
|poke|p1|Smeargle, M|
|poke|p1|Vivillon, M|
|poke|p1|Xerneas-*|
|poke|p1|Landorus-Therian, M|
|poke|p1|Arceus-*|
|poke|p1|Kartana|
|poke|p2|Kyogre|
|poke|p2|Groudon|
|poke|p2|Ho-Oh|
|poke|p2|Necrozma-Dusk-Mane|
|poke|p2|Arceus-*|
|poke|p2|Arceus-*|
|teampreview
|inactive|Battle timer is ON: inactive players will automatically lose when time's up. (requested by Aloe lumen)
|
|t:|1646680333
|start
|switch|p1a: Smeargle|Smeargle, M|100/100
|switch|p2a: Necrozma|Necrozma-Dusk-Mane|100/100
|turn|1
|
|t:|1646680341
|detailschange|p2a: Necrozma|Necrozma-Ultra
|-burst|p2a: Necrozma|Necrozma|Ultranecrozium Z
|move|p2a: Necrozma|Thunder Wave|p1a: Smeargle|[miss]
|-miss|p2a: Necrozma|p1a: Smeargle
|move|p1a: Smeargle|Taunt|p2a: Necrozma
|-start|p2a: Necrozma|move: Taunt
|
|upkeep
|turn|2
|
|t:|1646680352
|move|p2a: Necrozma|Photon Geyser|p1a: Smeargle
|-enditem|p1a: Smeargle|Focus Sash
|-damage|p1a: Smeargle|1/100
|move|p1a: Smeargle|Nuzzle|p2a: Necrozma
|-resisted|p2a: Necrozma
|-damage|p2a: Necrozma|99/100
|-status|p2a: Necrozma|par
|
|upkeep
|turn|3
|
|t:|1646680363
|move|p1a: Smeargle|Sticky Web|p2a: Necrozma
|-sidestart|p2: Dominator296|move: Sticky Web
|move|p2a: Necrozma|Photon Geyser|p1a: Smeargle
|-damage|p1a: Smeargle|0 fnt
|faint|p1a: Smeargle
|
|upkeep
|
|t:|1646680383
|switch|p1a: Landorus|Landorus-Therian, M|100/100
|-ability|p1a: Landorus|Intimidate|boost
|-unboost|p2a: Necrozma|atk|1
|turn|4
|
|t:|1646680389
|switch|p2a: Arceus|Arceus-Flying|100/100
|move|p1a: Landorus|Stealth Rock|p2a: Arceus
|-sidestart|p2: Dominator296|move: Stealth Rock
|
|upkeep
|turn|5
|
|t:|1646680396
|move|p1a: Landorus|Explosion|p2a: Arceus
|-damage|p2a: Arceus|56/100
|faint|p1a: Landorus
|move|p2a: Arceus|Calm Mind|p2a: Arceus
|-boost|p2a: Arceus|spa|1
|-boost|p2a: Arceus|spd|1
|
|upkeep
|
|t:|1646680407
|switch|p1a: Xerneas|Xerneas|100/100
|-ability|p1a: Xerneas|Fairy Aura
|turn|6
|
|t:|1646680416
|-start|p2a: Arceus|Dynamax
|-heal|p2a: Arceus|56/100|[silent]
|move|p1a: Xerneas|Geomancy||[still]
|-prepare|p1a: Xerneas|Geomancy
|-enditem|p1a: Xerneas|Power Herb
|-anim|p1a: Xerneas|Geomancy|p1a: Xerneas
|-boost|p1a: Xerneas|spa|2
|-boost|p1a: Xerneas|spd|2
|-boost|p1a: Xerneas|spe|2
|move|p2a: Arceus|Max Airstream|p1a: Xerneas
|-damage|p1a: Xerneas|59/100
|-boost|p2a: Arceus|spe|1
|
|upkeep
|turn|7
|
|t:|1646680430
|-start|p1a: Xerneas|Dynamax
|-heal|p1a: Xerneas|59/100|[silent]
|move|p1a: Xerneas|Max Lightning|p2a: Arceus
|-supereffective|p2a: Arceus
|-damage|p2a: Arceus|8/100
|-fieldstart|move: Electric Terrain
|move|p2a: Arceus|Max Airstream|p1a: Xerneas
|-damage|p1a: Xerneas|39/100
|-boost|p2a: Arceus|spe|1
|
|upkeep
|turn|8
|l|☆Dominator296
|inactive|Dominator296 disconnected and has a minute to reconnect!
|player|p2|
|j|☆Dominator296
|inactive|Dominator296 reconnected and has 115 seconds left.
|player|p2|Dominator296|alder
|
|t:|1646680481
|move|p2a: Arceus|Max Guard|p2a: Arceus
|-singleturn|p2a: Arceus|Max Guard
|move|p1a: Xerneas|Max Starfall|p2a: Arceus
|-activate|p2a: Arceus|move: Max Guard
|
|-end|p2a: Arceus|Dynamax
|-heal|p2a: Arceus|8/100|[silent]
|upkeep
|turn|9
|
|t:|1646680489
|move|p1a: Xerneas|Max Starfall|p2a: Arceus
|-damage|p2a: Arceus|0 fnt
|-fieldstart|move: Misty Terrain
|faint|p2a: Arceus
|
|-end|p1a: Xerneas|Dynamax
|-heal|p1a: Xerneas|39/100|[silent]
|upkeep
|
|t:|1646680493
|switch|p2a: Arceus|Arceus, shiny|100/100
|-damage|p2a: Arceus|88/100|[from] Stealth Rock
|-activate|p2a: Arceus|move: Sticky Web
|-unboost|p2a: Arceus|spe|1
|turn|10
|
|t:|1646680503
|move|p2a: Arceus|Extreme Speed|p1a: Xerneas
|-damage|p1a: Xerneas|0 fnt
|faint|p1a: Xerneas
|
|upkeep
|
|t:|1646680513
|switch|p1a: Arceus|Arceus-Ghost|100/100
|turn|11
|
|t:|1646680519
|move|p1a: Arceus|Swords Dance|p1a: Arceus
|-boost|p1a: Arceus|atk|2
|move|p2a: Arceus|Swords Dance|p2a: Arceus
|-boost|p2a: Arceus|atk|2
|
|upkeep
|turn|12
|
|t:|1646680525
|move|p1a: Arceus|Brick Break|p2a: Arceus
|-supereffective|p2a: Arceus
|-damage|p2a: Arceus|21/100
|move|p2a: Arceus|Shadow Claw|p1a: Arceus
|-supereffective|p1a: Arceus
|-damage|p1a: Arceus|20/100
|
|upkeep
|turn|13
|
|t:|1646680535
|move|p1a: Arceus|Brick Break|p2a: Arceus
|-supereffective|p2a: Arceus
|-damage|p2a: Arceus|0 fnt
|faint|p2a: Arceus
|
|-fieldend|Misty Terrain
|upkeep
|
|t:|1646680545
|switch|p2a: Kyogre|Kyogre|100/100
|-activate|p2a: Kyogre|move: Sticky Web
|-unboost|p2a: Kyogre|spe|1
|-damage|p2a: Kyogre|88/100|[from] Stealth Rock
|-weather|RainDance|[from] ability: Drizzle|[of] p2a: Kyogre
|turn|14
|
|t:|1646680555
|move|p1a: Arceus|Shadow Force||[still]
|-prepare|p1a: Arceus|Shadow Force
|move|p2a: Kyogre|Thunder|p1a: Arceus|[miss]
|-miss|p2a: Kyogre|p1a: Arceus
|
|-weather|RainDance|[upkeep]
|upkeep
|turn|15
|
|t:|1646680573
|switch|p2a: Necrozma|Necrozma-Ultra|99/100 par
|-activate|p2a: Necrozma|move: Sticky Web
|-unboost|p2a: Necrozma|spe|1
|-damage|p2a: Necrozma|86/100 par|[from] Stealth Rock
|move|p1a: Arceus|Shadow Force|p2a: Necrozma|[from]lockedmove
|-supereffective|p2a: Necrozma
|-damage|p2a: Necrozma|0 fnt
|faint|p2a: Necrozma
|
|-weather|RainDance|[upkeep]
|upkeep
|
|t:|1646680580
|switch|p2a: Groudon|Groudon|100/100
|-activate|p2a: Groudon|move: Sticky Web
|-unboost|p2a: Groudon|spe|1
|-damage|p2a: Groudon|94/100|[from] Stealth Rock
|detailschange|p2a: Groudon|Groudon-Primal
|-primal|p2a: Groudon
|-weather|DesolateLand|[from] ability: Desolate Land|[of] p2a: Groudon
|turn|16
|
|t:|1646680591
|move|p1a: Arceus|Shadow Force||[still]
|-prepare|p1a: Arceus|Shadow Force
|move|p2a: Groudon|Rock Polish|p2a: Groudon
|-boost|p2a: Groudon|spe|2
|
|-weather|DesolateLand|[upkeep]
|upkeep
|turn|17
|
|t:|1646680601
|move|p1a: Arceus|Shadow Force|p2a: Groudon|[from]lockedmove
|-damage|p2a: Groudon|8/100
|move|p2a: Groudon|Fire Punch|p1a: Arceus
|-damage|p1a: Arceus|0 fnt
|faint|p1a: Arceus
|
|-weather|DesolateLand|[upkeep]
|upkeep
|
|t:|1646680610
|switch|p1a: Kartana|Kartana|100/100
|turn|18
|
|t:|1646680616
|move|p1a: Kartana|Leaf Blade|p2a: Groudon
|-damage|p2a: Groudon|0 fnt
|faint|p2a: Groudon
|-weather|none
|-ability|p1a: Kartana|Beast Boost|boost
|-boost|p1a: Kartana|atk|1
|-damage|p1a: Kartana|91/100|[from] item: Life Orb
|
|upkeep
|
|t:|1646680619
|switch|p2a: Ho-Oh|Ho-Oh, shiny|100/100
|turn|19
|
|t:|1646680630
|move|p1a: Kartana|Aerial Ace|p2a: Ho-Oh
|-damage|p2a: Ho-Oh|53/100
|-damage|p1a: Kartana|81/100|[from] item: Life Orb
|move|p2a: Ho-Oh|Curse|p2a: Ho-Oh
|-unboost|p2a: Ho-Oh|spe|1
|-boost|p2a: Ho-Oh|atk|1
|-boost|p2a: Ho-Oh|def|1
|
|upkeep
|turn|20
|
|t:|1646680641
|move|p1a: Kartana|Aerial Ace|p2a: Ho-Oh
|-damage|p2a: Ho-Oh|21/100
|-damage|p1a: Kartana|72/100|[from] item: Life Orb
|move|p2a: Ho-Oh|Recover|p2a: Ho-Oh
|-heal|p2a: Ho-Oh|71/100
|
|upkeep
|turn|21
|
|t:|1646680649
|move|p1a: Kartana|Swords Dance|p1a: Kartana
|-boost|p1a: Kartana|atk|2
|move|p2a: Ho-Oh|Recover|p2a: Ho-Oh
|-heal|p2a: Ho-Oh|100/100
|
|upkeep
|turn|22
|
|t:|1646680659
|move|p1a: Kartana|Aerial Ace|p2a: Ho-Oh
|-damage|p2a: Ho-Oh|50/100
|-damage|p1a: Kartana|62/100|[from] item: Life Orb
|move|p2a: Ho-Oh|Sacred Fire|p1a: Kartana
|-supereffective|p1a: Kartana
|-damage|p1a: Kartana|0 fnt
|faint|p1a: Kartana
|
|upkeep
|
|t:|1646680668
|switch|p1a: Vivillon|Vivillon, M|100/100
|turn|23
|
|t:|1646680693
|move|p1a: Vivillon|Sleep Powder|p2a: Ho-Oh
|-status|p2a: Ho-Oh|slp|[from] move: Sleep Powder
|cant|p2a: Ho-Oh|slp
|
|upkeep
|turn|24
|inactive|Dominator296 has 120 seconds left.
|
|t:|1646680716
|move|p1a: Vivillon|Substitute|p1a: Vivillon
|-start|p1a: Vivillon|Substitute
|-damage|p1a: Vivillon|76/100
|-curestatus|p2a: Ho-Oh|slp|[msg]
|move|p2a: Ho-Oh|Sacred Fire|p1a: Vivillon
|-supereffective|p1a: Vivillon
|-end|p1a: Vivillon|Substitute
|
|-heal|p1a: Vivillon|82/100|[from] item: Leftovers
|upkeep
|turn|25
|inactive|Dominator296 has 120 seconds left.
|
|t:|1646680726
|move|p1a: Vivillon|Sleep Powder|p2a: Ho-Oh
|-status|p2a: Ho-Oh|slp|[from] move: Sleep Powder
|cant|p2a: Ho-Oh|slp
|
|-heal|p1a: Vivillon|88/100|[from] item: Leftovers
|upkeep
|turn|26
|
|t:|1646680735
|move|p1a: Vivillon|Substitute|p1a: Vivillon
|-start|p1a: Vivillon|Substitute
|-damage|p1a: Vivillon|63/100
|cant|p2a: Ho-Oh|slp
|
|-heal|p1a: Vivillon|69/100|[from] item: Leftovers
|upkeep
|turn|27
|
|t:|1646680742
|move|p1a: Vivillon|Hurricane|p2a: Ho-Oh
|-damage|p2a: Ho-Oh|33/100 slp
|-curestatus|p2a: Ho-Oh|slp|[msg]
|move|p2a: Ho-Oh|Recover|p2a: Ho-Oh
|-heal|p2a: Ho-Oh|83/100
|
|-heal|p1a: Vivillon|75/100|[from] item: Leftovers
|upkeep
|turn|28
|
|t:|1646680752
|move|p1a: Vivillon|Sleep Powder|p2a: Ho-Oh
|-status|p2a: Ho-Oh|slp|[from] move: Sleep Powder
|cant|p2a: Ho-Oh|slp
|
|-heal|p1a: Vivillon|81/100|[from] item: Leftovers
|upkeep
|turn|29
|
|t:|1646680761
|move|p1a: Vivillon|Quiver Dance|p1a: Vivillon
|-boost|p1a: Vivillon|spa|1
|-boost|p1a: Vivillon|spd|1
|-boost|p1a: Vivillon|spe|1
|cant|p2a: Ho-Oh|slp
|
|-heal|p1a: Vivillon|87/100|[from] item: Leftovers
|upkeep
|turn|30
|
|t:|1646680770
|move|p1a: Vivillon|Hurricane|p2a: Ho-Oh
|-damage|p2a: Ho-Oh|54/100 slp
|-start|p2a: Ho-Oh|confusion
|-curestatus|p2a: Ho-Oh|slp|[msg]
|-activate|p2a: Ho-Oh|confusion
|-damage|p2a: Ho-Oh|44/100|[from] confusion
|
|-heal|p1a: Vivillon|93/100|[from] item: Leftovers
|upkeep
|turn|31
|
|t:|1646680781
|move|p1a: Vivillon|Sleep Powder|p2a: Ho-Oh
|-status|p2a: Ho-Oh|slp|[from] move: Sleep Powder
|cant|p2a: Ho-Oh|slp
|
|-heal|p1a: Vivillon|99/100|[from] item: Leftovers
|upkeep
|turn|32
|
|t:|1646680789
|move|p1a: Vivillon|Hurricane|p2a: Ho-Oh
|-damage|p2a: Ho-Oh|19/100 slp
|cant|p2a: Ho-Oh|slp
|
|-heal|p1a: Vivillon|100/100|[from] item: Leftovers
|upkeep
|turn|33
|
|t:|1646680797
|move|p1a: Vivillon|Hurricane|p2a: Ho-Oh|[miss]
|-miss|p1a: Vivillon|p2a: Ho-Oh
|cant|p2a: Ho-Oh|slp
|
|upkeep
|turn|34
|
|t:|1646680804
|move|p1a: Vivillon|Hurricane|p2a: Ho-Oh
|-damage|p2a: Ho-Oh|0 fnt
|faint|p2a: Ho-Oh
|
|upkeep
|
|t:|1646680808
|switch|p2a: Kyogre|Kyogre|88/100
|-activate|p2a: Kyogre|move: Sticky Web
|-unboost|p2a: Kyogre|spe|1
|-damage|p2a: Kyogre|76/100|[from] Stealth Rock
|-weather|RainDance|[from] ability: Drizzle|[of] p2a: Kyogre
|turn|35
|
|t:|1646680815
|move|p1a: Vivillon|Sleep Powder|p2a: Kyogre
|-status|p2a: Kyogre|slp|[from] move: Sleep Powder
|cant|p2a: Kyogre|slp
|
|-weather|RainDance|[upkeep]
|upkeep
|turn|36
|
|t:|1646680823
|move|p1a: Vivillon|Hurricane|p2a: Kyogre
|-damage|p2a: Kyogre|32/100 slp
|cant|p2a: Kyogre|slp
|
|-weather|RainDance|[upkeep]
|upkeep
|turn|37
|
|t:|1646680830
|move|p1a: Vivillon|Hurricane|p2a: Kyogre
|-damage|p2a: Kyogre|0 fnt
|faint|p2a: Kyogre
|
|win|Aloe lumen
|raw|Aloe lumen's rating: 1558 &rarr; <strong>1590</strong><br />(+32 for winning)
|raw|Dominator296's rating: 1792 &rarr; <strong>1760</strong><br />(-32 for losing)
|l|☆Dominator296
||Ladder isn't responding, score probably updated but might not have (Request timeout).
