|j|☆Mikoloko
|j|☆rowletroost
|t:|1654458486
|gametype|singles
|player|p1|Mikoloko|ingo|1583
|player|p2|rowletroost|red|1731
|teamsize|p1|6
|teamsize|p2|6
|gen|8
|tier|[Gen 8] National Dex AG
|rated|
|rule|HP Percentage Mod: HP is shown in percentages
|rule|Endless Battle Clause: Forcing endless battles is banned
|clearpoke
|poke|p1|Rayquaza|
|poke|p1|Calyrex-Shadow|
|poke|p1|Marshadow|
|poke|p1|Eternatus|
|poke|p1|Zacian-*|
|poke|p1|Necrozma-Dawn-Wings|
|poke|p2|Arceus-*|
|poke|p2|Xerneas-*|
|poke|p2|Diancie|
|poke|p2|Marshadow|
|poke|p2|Ribombee, F|
|poke|p2|Vivillon-Savanna, F|
|teampreview
|inactive|Battle timer is ON: inactive players will automatically lose when time's up. (requested by rowletroost)
|
|t:|1654458511
|start
|switch|p1a: Eternatus|Eternatus|100/100
|switch|p2a: Ribombee|Ribombee, F, shiny|100/100
|-ability|p1a: Eternatus|Pressure
|turn|1
|
|t:|1654458517
|move|p1a: Eternatus|Meteor Beam||[still]
|-prepare|p1a: Eternatus|Meteor Beam
|-boost|p1a: Eternatus|spa|1
|-enditem|p1a: Eternatus|Power Herb
|-anim|p1a: Eternatus|Meteor Beam|p2a: Ribombee
|-supereffective|p2a: Ribombee
|-enditem|p2a: Ribombee|Focus Sash
|-damage|p2a: Ribombee|1/100
|move|p2a: Ribombee|Sticky Web|p1a: Eternatus
|-sidestart|p1: Mikoloko|move: Sticky Web
|
|upkeep
|turn|2
|
|t:|1654458525
|switch|p2a: Diancie|Diancie, shiny|100/100
|move|p1a: Eternatus|Sludge Wave|p2a: Diancie
|-damage|p2a: Diancie|16/100
|
|upkeep
|turn|3
|
|t:|1654458530
|detailschange|p2a: Diancie|Diancie-Mega, shiny
|-mega|p2a: Diancie|Diancie|Diancite
|move|p1a: Eternatus|Sludge Wave|p2a: Diancie
|-damage|p2a: Diancie|0 fnt
|faint|p2a: Diancie
|
|upkeep
|
|t:|1654458545
|switch|p2a: Marshadow|Marshadow|100/100
|turn|4
|
|t:|1654458549
|move|p1a: Eternatus|Dynamax Cannon|p2a: Marshadow
|-damage|p2a: Marshadow|8/100
|move|p2a: Marshadow|Rock Tomb|p1a: Eternatus
|-damage|p1a: Eternatus|74/100
|-unboost|p1a: Eternatus|spe|1
|
|upkeep
|turn|5
|
|t:|1654458554
|move|p2a: Marshadow|Spectral Thief||[still]
|-clearpositiveboost|p1a: Eternatus|p2a: Marshadow|move: Spectral Thief
|-boost|p2a: Marshadow|spa|1
|-anim|p2a: Marshadow|Spectral Thief|p1a: Eternatus
|-damage|p1a: Eternatus|32/100
|move|p1a: Eternatus|Dynamax Cannon|p2a: Marshadow
|-damage|p2a: Marshadow|0 fnt
|faint|p2a: Marshadow
|
|upkeep
|
|t:|1654458558
|switch|p2a: Vivillon|Vivillon-Savanna, F|100/100
|turn|6
|
|t:|1654458561
|move|p2a: Vivillon|Sleep Powder|p1a: Eternatus
|-status|p1a: Eternatus|slp|[from] move: Sleep Powder
|cant|p1a: Eternatus|slp
|
|upkeep
|turn|7
|
|t:|1654458563
|move|p2a: Vivillon|Substitute|p2a: Vivillon
|-start|p2a: Vivillon|Substitute
|-damage|p2a: Vivillon|76/100
|-curestatus|p1a: Eternatus|slp|[msg]
|move|p1a: Eternatus|Flamethrower|p2a: Vivillon
|-supereffective|p2a: Vivillon
|-end|p2a: Vivillon|Substitute
|
|-heal|p2a: Vivillon|82/100|[from] item: Leftovers
|upkeep
|turn|8
|
|t:|1654458564
|move|p2a: Vivillon|Sleep Powder|p1a: Eternatus
|-status|p1a: Eternatus|slp|[from] move: Sleep Powder
|cant|p1a: Eternatus|slp
|
|-heal|p2a: Vivillon|88/100|[from] item: Leftovers
|upkeep
|turn|9
|
|t:|1654458566
|move|p2a: Vivillon|Substitute|p2a: Vivillon
|-start|p2a: Vivillon|Substitute
|-damage|p2a: Vivillon|63/100
|cant|p1a: Eternatus|slp
|
|-heal|p2a: Vivillon|69/100|[from] item: Leftovers
|upkeep
|turn|10
|
|t:|1654458568
|move|p2a: Vivillon|Quiver Dance|p2a: Vivillon
|-boost|p2a: Vivillon|spa|1
|-boost|p2a: Vivillon|spd|1
|-boost|p2a: Vivillon|spe|1
|-curestatus|p1a: Eternatus|slp|[msg]
|move|p1a: Eternatus|Flamethrower|p2a: Vivillon
|-supereffective|p2a: Vivillon
|-end|p2a: Vivillon|Substitute
|
|-heal|p2a: Vivillon|75/100|[from] item: Leftovers
|upkeep
|turn|11
|
|t:|1654458569
|move|p2a: Vivillon|Sleep Powder|p1a: Eternatus
|-status|p1a: Eternatus|slp|[from] move: Sleep Powder
|cant|p1a: Eternatus|slp
|
|-heal|p2a: Vivillon|81/100|[from] item: Leftovers
|upkeep
|turn|12
|
|t:|1654458571
|move|p2a: Vivillon|Substitute|p2a: Vivillon
|-start|p2a: Vivillon|Substitute
|-damage|p2a: Vivillon|56/100
|cant|p1a: Eternatus|slp
|
|-heal|p2a: Vivillon|62/100|[from] item: Leftovers
|upkeep
|turn|13
|
|t:|1654458572
|move|p2a: Vivillon|Quiver Dance|p2a: Vivillon
|-boost|p2a: Vivillon|spa|1
|-boost|p2a: Vivillon|spd|1
|-boost|p2a: Vivillon|spe|1
|-curestatus|p1a: Eternatus|slp|[msg]
|move|p1a: Eternatus|Flamethrower|p2a: Vivillon
|-supereffective|p2a: Vivillon
|-end|p2a: Vivillon|Substitute
|
|-heal|p2a: Vivillon|68/100|[from] item: Leftovers
|upkeep
|turn|14
|
|t:|1654458574
|move|p2a: Vivillon|Sleep Powder|p1a: Eternatus
|-status|p1a: Eternatus|slp|[from] move: Sleep Powder
|cant|p1a: Eternatus|slp
|
|-heal|p2a: Vivillon|74/100|[from] item: Leftovers
|upkeep
|turn|15
|
|t:|1654458575
|move|p2a: Vivillon|Substitute|p2a: Vivillon
|-start|p2a: Vivillon|Substitute
|-damage|p2a: Vivillon|49/100
|cant|p1a: Eternatus|slp
|
|-heal|p2a: Vivillon|55/100|[from] item: Leftovers
|upkeep
|turn|16
|
|t:|1654458577
|move|p2a: Vivillon|Hurricane|p1a: Eternatus|[miss]
|-miss|p2a: Vivillon|p1a: Eternatus
|-curestatus|p1a: Eternatus|slp|[msg]
|move|p1a: Eternatus|Flamethrower|p2a: Vivillon
|-supereffective|p2a: Vivillon
|-end|p2a: Vivillon|Substitute
|
|-heal|p2a: Vivillon|61/100|[from] item: Leftovers
|upkeep
|turn|17
|
|t:|1654458578
|move|p2a: Vivillon|Sleep Powder|p1a: Eternatus
|-status|p1a: Eternatus|slp|[from] move: Sleep Powder
|cant|p1a: Eternatus|slp
|
|-heal|p2a: Vivillon|67/100|[from] item: Leftovers
|upkeep
|turn|18
|
|t:|1654458580
|move|p2a: Vivillon|Substitute|p2a: Vivillon
|-start|p2a: Vivillon|Substitute
|-damage|p2a: Vivillon|42/100
|cant|p1a: Eternatus|slp
|
|-heal|p2a: Vivillon|48/100|[from] item: Leftovers
|upkeep
|turn|19
|
|t:|1654458581
|move|p2a: Vivillon|Hurricane|p1a: Eternatus
|-damage|p1a: Eternatus|0 fnt
|faint|p1a: Eternatus
|
|-heal|p2a: Vivillon|54/100|[from] item: Leftovers
|upkeep
|
|t:|1654458584
|switch|p1a: Marshadow|Marshadow|100/100
|-activate|p1a: Marshadow|move: Sticky Web
|-unboost|p1a: Marshadow|spe|1
|turn|20
|
|t:|1654458585
|move|p2a: Vivillon|Sleep Powder|p1a: Marshadow
|-status|p1a: Marshadow|slp|[from] move: Sleep Powder
|cant|p1a: Marshadow|slp
|
|-heal|p2a: Vivillon|60/100|[from] item: Leftovers
|upkeep
|turn|21
|
|t:|1654458587
|move|p2a: Vivillon|Hurricane|p1a: Marshadow
|-supereffective|p1a: Marshadow
|-crit|p1a: Marshadow
|-enditem|p1a: Marshadow|Focus Sash
|-damage|p1a: Marshadow|1/100 slp
|-start|p1a: Marshadow|confusion
|cant|p1a: Marshadow|slp
|
|-heal|p2a: Vivillon|66/100|[from] item: Leftovers
|upkeep
|turn|22
|
|t:|1654458589
|move|p2a: Vivillon|Hurricane|p1a: Marshadow
|-supereffective|p1a: Marshadow
|-damage|p1a: Marshadow|0 fnt
|faint|p1a: Marshadow
|
|-heal|p2a: Vivillon|72/100|[from] item: Leftovers
|upkeep
|
|t:|1654458598
|switch|p1a: Rayquaza|Rayquaza|100/100
|-ability|p1a: Rayquaza|Air Lock
|turn|23
|
|t:|1654458602
|detailschange|p1a: Rayquaza|Rayquaza-Mega
|-mega|p1a: Rayquaza|Rayquaza|
|-weather|DeltaStream|[from] ability: Delta Stream|[of] p1a: Rayquaza
|move|p1a: Rayquaza|Extreme Speed|p2a: Vivillon
|-end|p2a: Vivillon|Substitute
|-damage|p1a: Rayquaza|91/100|[from] item: Life Orb
|move|p2a: Vivillon|Sleep Powder|p1a: Rayquaza
|-status|p1a: Rayquaza|slp|[from] move: Sleep Powder
|
|-weather|DeltaStream|[upkeep]
|-heal|p2a: Vivillon|78/100|[from] item: Leftovers
|upkeep
|turn|24
|
|t:|1654458605
|-start|p2a: Vivillon|Dynamax|
|-heal|p2a: Vivillon|78/100|[silent]
|cant|p1a: Rayquaza|slp
|move|p2a: Vivillon|Max Airstream|p1a: Rayquaza
|-damage|p1a: Rayquaza|0 fnt
|-boost|p2a: Vivillon|spe|1
|faint|p1a: Rayquaza
|-weather|none
|
|-heal|p2a: Vivillon|81/100|[from] item: Leftovers
|upkeep
|
|t:|1654458615
|switch|p1a: Zacian|Zacian-Crowned|100/100
|-activate|p1a: Zacian|move: Sticky Web
|-unboost|p1a: Zacian|spe|1
|-ability|p1a: Zacian|Intrepid Sword|boost
|-boost|p1a: Zacian|atk|1
|turn|25
|
|t:|1654458619
|-end|p2a: Vivillon|Dynamax
|-heal|p2a: Vivillon|81/100|[silent]
|switch|p2a: Arceus|Arceus-Ground|100/100
|move|p1a: Zacian|Behemoth Blade|p2a: Arceus
|-damage|p2a: Arceus|54/100
|
|upkeep
|turn|26
|
|t:|1654458634
|switch|p1a: Necrozma|Necrozma-Dawn-Wings|100/100
|-activate|p1a: Necrozma|move: Sticky Web
|-unboost|p1a: Necrozma|spe|1
|move|p2a: Arceus|Recover|p2a: Arceus
|-heal|p2a: Arceus|100/100
|
|upkeep
|turn|27
|
|t:|1654458640
|switch|p2a: Ribombee|Ribombee, F, shiny|1/100
|detailschange|p1a: Necrozma|Necrozma-Ultra
|-burst|p1a: Necrozma|Necrozma|Ultranecrozium Z
|move|p1a: Necrozma|Photon Geyser|p2a: Ribombee
|-damage|p2a: Ribombee|0 fnt
|faint|p2a: Ribombee
|
|upkeep
|
|t:|1654458644
|switch|p2a: Vivillon|Vivillon-Savanna, F|81/100
|turn|28
|
|t:|1654458651
|move|p2a: Vivillon|Sleep Powder|p1a: Necrozma
|-status|p1a: Necrozma|slp|[from] move: Sleep Powder
|cant|p1a: Necrozma|slp
|
|-heal|p2a: Vivillon|87/100|[from] item: Leftovers
|upkeep
|turn|29
|
|t:|1654458662
|switch|p1a: Calyrex|Calyrex-Shadow|100/100
|-ability|p1a: Calyrex|As One
|-ability|p1a: Calyrex|Unnerve
|-activate|p1a: Calyrex|move: Sticky Web
|-unboost|p1a: Calyrex|spe|1
|move|p2a: Vivillon|Substitute|p2a: Vivillon
|-start|p2a: Vivillon|Substitute
|-damage|p2a: Vivillon|62/100
|
|-heal|p2a: Vivillon|68/100|[from] item: Leftovers
|upkeep
|turn|30
|
|t:|1654458669
|move|p1a: Calyrex|Astral Barrage|p2a: Vivillon
|-end|p2a: Vivillon|Substitute
|move|p2a: Vivillon|Sleep Powder|p1a: Calyrex
|-status|p1a: Calyrex|slp|[from] move: Sleep Powder
|
|-heal|p2a: Vivillon|74/100|[from] item: Leftovers
|upkeep
|turn|31
|
|t:|1654458671
|cant|p1a: Calyrex|slp
|move|p2a: Vivillon|Substitute|p2a: Vivillon
|-start|p2a: Vivillon|Substitute
|-damage|p2a: Vivillon|49/100
|
|-heal|p2a: Vivillon|55/100|[from] item: Leftovers
|upkeep
|turn|32
|
|t:|1654458673
|cant|p1a: Calyrex|slp
|move|p2a: Vivillon|Quiver Dance|p2a: Vivillon
|-boost|p2a: Vivillon|spa|1
|-boost|p2a: Vivillon|spd|1
|-boost|p2a: Vivillon|spe|1
|
|-heal|p2a: Vivillon|61/100|[from] item: Leftovers
|upkeep
|turn|33
|
|t:|1654458674
|move|p2a: Vivillon|Quiver Dance|p2a: Vivillon
|-boost|p2a: Vivillon|spa|1
|-boost|p2a: Vivillon|spd|1
|-boost|p2a: Vivillon|spe|1
|-curestatus|p1a: Calyrex|slp|[msg]
|move|p1a: Calyrex|Astral Barrage|p2a: Vivillon
|-end|p2a: Vivillon|Substitute
|
|-heal|p2a: Vivillon|67/100|[from] item: Leftovers
|upkeep
|turn|34
|
|t:|1654458676
|move|p2a: Vivillon|Sleep Powder|p1a: Calyrex
|-status|p1a: Calyrex|slp|[from] move: Sleep Powder
|cant|p1a: Calyrex|slp
|
|-heal|p2a: Vivillon|73/100|[from] item: Leftovers
|upkeep
|turn|35
|
|t:|1654458678
|move|p2a: Vivillon|Substitute|p2a: Vivillon
|-start|p2a: Vivillon|Substitute
|-damage|p2a: Vivillon|48/100
|cant|p1a: Calyrex|slp
|
|-heal|p2a: Vivillon|54/100|[from] item: Leftovers
|upkeep
|turn|36
|
|t:|1654458680
|move|p2a: Vivillon|Hurricane|p1a: Calyrex
|-damage|p1a: Calyrex|4/100 slp
|cant|p1a: Calyrex|slp
|
|-heal|p2a: Vivillon|60/100|[from] item: Leftovers
|upkeep
|turn|37
|
|t:|1654458682
|move|p2a: Vivillon|Hurricane|p1a: Calyrex
|-damage|p1a: Calyrex|0 fnt
|faint|p1a: Calyrex
|
|-heal|p2a: Vivillon|66/100|[from] item: Leftovers
|upkeep
|
|t:|1654458692
|switch|p1a: Necrozma|Necrozma-Ultra|100/100 slp
|-activate|p1a: Necrozma|move: Sticky Web
|-unboost|p1a: Necrozma|spe|1
|turn|38
|
|t:|1654458698
|move|p2a: Vivillon|Hurricane|p1a: Necrozma
|-damage|p1a: Necrozma|1/100 slp
|cant|p1a: Necrozma|slp
|
|-heal|p2a: Vivillon|72/100|[from] item: Leftovers
|upkeep
|turn|39
|
|t:|1654458700
|move|p2a: Vivillon|Hurricane|p1a: Necrozma
|-crit|p1a: Necrozma
|-damage|p1a: Necrozma|0 fnt
|faint|p1a: Necrozma
|
|-heal|p2a: Vivillon|78/100|[from] item: Leftovers
|upkeep
|
|t:|1654458703
|switch|p1a: Zacian|Zacian-Crowned|100/100
|-activate|p1a: Zacian|move: Sticky Web
|-unboost|p1a: Zacian|spe|1
|-ability|p1a: Zacian|Intrepid Sword|boost
|-boost|p1a: Zacian|atk|1
|turn|40
|
|t:|1654458707
|move|p2a: Vivillon|Sleep Powder|p1a: Zacian
|-status|p1a: Zacian|slp|[from] move: Sleep Powder
|cant|p1a: Zacian|slp
|
|-heal|p2a: Vivillon|84/100|[from] item: Leftovers
|upkeep
|turn|41
|
|t:|1654458710
|move|p2a: Vivillon|Quiver Dance|p2a: Vivillon
|-boost|p2a: Vivillon|spa|1
|-boost|p2a: Vivillon|spd|1
|-boost|p2a: Vivillon|spe|1
|-curestatus|p1a: Zacian|slp|[msg]
|move|p1a: Zacian|Behemoth Blade|p2a: Vivillon
|-end|p2a: Vivillon|Substitute
|
|-heal|p2a: Vivillon|90/100|[from] item: Leftovers
|upkeep
|turn|42
|
|t:|1654458712
|move|p2a: Vivillon|Sleep Powder|p1a: Zacian
|-status|p1a: Zacian|slp|[from] move: Sleep Powder
|cant|p1a: Zacian|slp
|
|-heal|p2a: Vivillon|96/100|[from] item: Leftovers
|upkeep
|turn|43
|
|t:|1654458714
|move|p2a: Vivillon|Substitute|p2a: Vivillon
|-start|p2a: Vivillon|Substitute
|-damage|p2a: Vivillon|71/100
|-curestatus|p1a: Zacian|slp|[msg]
|move|p1a: Zacian|Behemoth Blade|p2a: Vivillon
|-end|p2a: Vivillon|Substitute
|
|-heal|p2a: Vivillon|77/100|[from] item: Leftovers
|upkeep
|turn|44
|
|t:|1654458716
|move|p2a: Vivillon|Sleep Powder|p1a: Zacian
|-status|p1a: Zacian|slp|[from] move: Sleep Powder
|cant|p1a: Zacian|slp
|
|-heal|p2a: Vivillon|83/100|[from] item: Leftovers
|upkeep
|turn|45
|
|t:|1654458717
|move|p2a: Vivillon|Substitute|p2a: Vivillon
|-start|p2a: Vivillon|Substitute
|-damage|p2a: Vivillon|58/100
|-curestatus|p1a: Zacian|slp|[msg]
|move|p1a: Zacian|Behemoth Blade|p2a: Vivillon
|-end|p2a: Vivillon|Substitute
|
|-heal|p2a: Vivillon|64/100|[from] item: Leftovers
|upkeep
|turn|46
|
|t:|1654458719
|move|p2a: Vivillon|Sleep Powder|p1a: Zacian
|-status|p1a: Zacian|slp|[from] move: Sleep Powder
|cant|p1a: Zacian|slp
|
|-heal|p2a: Vivillon|70/100|[from] item: Leftovers
|upkeep
|turn|47
|
|t:|1654458720
|move|p2a: Vivillon|Substitute|p2a: Vivillon
|-start|p2a: Vivillon|Substitute
|-damage|p2a: Vivillon|45/100
|cant|p1a: Zacian|slp
|
|-heal|p2a: Vivillon|51/100|[from] item: Leftovers
|upkeep
|turn|48
|
|t:|1654458722
|move|p2a: Vivillon|Hurricane|p1a: Zacian
|-resisted|p1a: Zacian
|-damage|p1a: Zacian|45/100 slp
|-start|p1a: Zacian|confusion
|cant|p1a: Zacian|slp
|
|-heal|p2a: Vivillon|57/100|[from] item: Leftovers
|upkeep
|turn|49
|
|t:|1654458724
|move|p2a: Vivillon|Hurricane|p1a: Zacian
|-resisted|p1a: Zacian
|-damage|p1a: Zacian|0 fnt
|faint|p1a: Zacian
|
|win|rowletroost
|raw|Mikoloko's rating: 1583 &rarr; <strong>1571</strong><br />(-12 for losing)
|raw|rowletroost's rating: 1731 &rarr; <strong>1743</strong><br />(+12 for winning)
|c|☆Mikoloko|Sleep Clause importante
||Ladder isn't responding, score probably updated but might not have (Request timeout).
