|j|☆Dodrio123
|j|☆dejnio
|t:|1608682921
|player|p1|Dodrio123|169|1317
|player|p2|dejnio|169|1368
|teamsize|p1|6
|teamsize|p2|6
|gametype|singles
|gen|8
|tier|[Gen 8] National Dex AG
|rated|
|clearpoke
|poke|p1|Arceus-*|
|poke|p1|Arceus-*|
|poke|p1|Arceus-*|
|poke|p1|Arceus-*|
|poke|p1|Arceus-*|
|poke|p1|Arceus-*|
|poke|p2|Kangaskhan, F|
|poke|p2|Chansey, F|
|poke|p2|Dragapult, M|
|poke|p2|Greninja, M|
|poke|p2|Corviknight, F|
|poke|p2|Darmanitan-Galar, M|
|rule|HP Percentage Mod: HP is shown in percentages
|rule|Endless Battle Clause: Forcing endless battles is banned
|teampreview
|inactive|Battle timer is ON: inactive players will automatically lose when time's up. (requested by dejnio)
|
|t:|1608682931
|start
|switch|p1a: Arceus|Arceus-Poison|100/100
|switch|p2a: Darmanitan|Darmanitan-Galar, M|100/100
|turn|1
|
|t:|1608682937
|move|p2a: Darmanitan|Earthquake|p1a: Arceus
|-supereffective|p1a: Arceus
|-damage|p1a: Arceus|33/100
|move|p1a: Arceus|Sludge Bomb|p2a: Darmanitan
|-damage|p2a: Darmanitan|30/100
|-status|p2a: Darmanitan|psn
|
|-damage|p2a: Darmanitan|18/100 psn|[from] psn
|upkeep
|turn|2
|
|t:|1608682945
|switch|p1a: Arceus|Arceus-Grass|100/100
|move|p2a: Darmanitan|Earthquake|p1a: Arceus
|-resisted|p1a: Arceus
|-damage|p1a: Arceus|81/100
|
|-damage|p2a: Darmanitan|6/100 psn|[from] psn
|upkeep
|turn|3
|
|t:|1608682951
|move|p2a: Darmanitan|Earthquake|p1a: Arceus
|-resisted|p1a: Arceus
|-damage|p1a: Arceus|64/100
|move|p1a: Arceus|Grass Knot|p2a: Darmanitan
|-crit|p2a: Darmanitan
|-damage|p2a: Darmanitan|0 fnt
|faint|p2a: Darmanitan
|
|upkeep
|
|t:|1608682954
|switch|p2a: Dragapult|Dragapult, M|100/100
|turn|4
|
|t:|1608682957
|move|p2a: Dragapult|Dragon Dance|p2a: Dragapult
|-boost|p2a: Dragapult|atk|1
|-boost|p2a: Dragapult|spe|1
|move|p1a: Arceus|Ice Beam|p2a: Dragapult
|-supereffective|p2a: Dragapult
|-damage|p2a: Dragapult|30/100
|
|upkeep
|turn|5
|
|t:|1608682963
|move|p2a: Dragapult|Dragon Darts|p1a: Arceus
|-damage|p1a: Arceus|31/100
|-anim|p2a: Dragapult|Dragon Darts|p1a: Arceus
|-damage|p1a: Arceus|0 fnt
|-damage|p2a: Dragapult|20/100|[from] item: Life Orb
|faint|p1a: Arceus
|
|upkeep
|
|t:|1608682974
|switch|p1a: Arceus|Arceus|100/100
|turn|6
|
|t:|1608682978
|move|p2a: Dragapult|Dragon Darts|p1a: Arceus
|-damage|p1a: Arceus|60/100
|-anim|p2a: Dragapult|Dragon Darts|p1a: Arceus
|-damage|p1a: Arceus|19/100
|-damage|p2a: Dragapult|10/100|[from] item: Life Orb
|move|p1a: Arceus|Ice Beam|p2a: Dragapult
|-supereffective|p2a: Dragapult
|-damage|p2a: Dragapult|0 fnt
|-damage|p1a: Arceus|9/100|[from] item: Life Orb
|faint|p2a: Dragapult
|
|upkeep
|
|t:|1608682986
|switch|p2a: Greninja|Greninja, M|100/100
|turn|7
|
|t:|1608682990
|switch|p1a: Arceus|Arceus-Water|100/100
|move|p2a: Greninja|Dark Pulse|p1a: Arceus
|-damage|p1a: Arceus|67/100
|-damage|p2a: Greninja|91/100|[from] item: Life Orb
|
|upkeep
|turn|8
|
|t:|1608682999
|move|p2a: Greninja|Dark Pulse|p1a: Arceus
|-damage|p1a: Arceus|38/100
|-damage|p2a: Greninja|81/100|[from] item: Life Orb
|cant|p1a: Arceus|flinch
|
|upkeep
|turn|9
|
|t:|1608683004
|-start|p2a: Greninja|Dynamax
|-heal|p2a: Greninja|81/100|[silent]
|move|p2a: Greninja|Max Darkness|p1a: Arceus
|-damage|p1a: Arceus|0 fnt
|-damage|p2a: Greninja|76/100|[from] item: Life Orb
|faint|p1a: Arceus
|-activate|p2a: Greninja|ability: Battle Bond
|detailschange|p2a: Greninja|Greninja-Ash, M
|
|upkeep
|
|t:|1608683015
|switch|p1a: Arceus|Arceus-Fairy|100/100
|turn|10
|
|t:|1608683021
|-end|p2a: Greninja|Dynamax
|-heal|p2a: Greninja|76/100|[silent]
|switch|p2a: Chansey|Chansey, F|100/100
|-start|p1a: Arceus|Dynamax
|-heal|p1a: Arceus|100/100|[silent]
|move|p1a: Arceus|Max Starfall|p2a: Chansey
|-damage|p2a: Chansey|82/100
|-fieldstart|move: Misty Terrain
|
|upkeep
|turn|11
|
|t:|1608683030
|-end|p1a: Arceus|Dynamax
|-heal|p1a: Arceus|100/100|[silent]
|switch|p1a: Arceus|Arceus-Poison|33/100
|move|p2a: Chansey|Toxic|p1a: Arceus
|-immune|p1a: Arceus
|
|upkeep
|turn|12
|
|t:|1608683036
|switch|p2a: Kangaskhan|Kangaskhan, F|100/100
|move|p1a: Arceus|Recover|p1a: Arceus
|-heal|p1a: Arceus|83/100
|
|upkeep
|turn|13
|
|t:|1608683041
|switch|p1a: Arceus|Arceus|9/100
|detailschange|p2a: Kangaskhan|Kangaskhan-Mega, F
|-mega|p2a: Kangaskhan|Kangaskhan|Kangaskhanite
|move|p2a: Kangaskhan|Body Slam|p1a: Arceus
|-damage|p1a: Arceus|0 fnt
|-hitcount|p1a: Arceus|1
|faint|p1a: Arceus
|
|upkeep
|
|t:|1608683045
|switch|p1a: Arceus|Arceus-Ground|100/100
|turn|14
|
|t:|1608683049
|switch|p2a: Corviknight|Corviknight, F|100/100
|-ability|p2a: Corviknight|Pressure
|move|p1a: Arceus|Swords Dance|p1a: Arceus
|-boost|p1a: Arceus|atk|2
|
|-fieldend|Misty Terrain
|upkeep
|turn|15
|
|t:|1608683060
|move|p1a: Arceus|Swords Dance|p1a: Arceus
|-boost|p1a: Arceus|atk|2
|move|p2a: Corviknight|Body Press|p1a: Arceus
|-damage|p1a: Arceus|83/100
|
|upkeep
|turn|16
|
|t:|1608683065
|move|p1a: Arceus|Stone Edge|p2a: Corviknight
|-damage|p2a: Corviknight|32/100
|move|p2a: Corviknight|Body Press|p1a: Arceus
|-damage|p1a: Arceus|65/100
|
|-heal|p2a: Corviknight|38/100|[from] item: Leftovers
|upkeep
|turn|17
|
|t:|1608683068
|move|p1a: Arceus|Stone Edge|p2a: Corviknight
|-damage|p2a: Corviknight|0 fnt
|faint|p2a: Corviknight
|
|upkeep
|
|t:|1608683070
|switch|p2a: Greninja|Greninja-Ash, M|76/100
|turn|18
|
|t:|1608683079
|switch|p1a: Arceus|Arceus-Poison|83/100
|move|p2a: Greninja|Water Shuriken|p1a: Arceus
|-damage|p1a: Arceus|75/100
|-crit|p1a: Arceus
|-damage|p1a: Arceus|62/100
|-crit|p1a: Arceus
|-damage|p1a: Arceus|49/100
|-hitcount|p1a: Arceus|3
|-damage|p2a: Greninja|66/100|[from] item: Life Orb
|
|upkeep
|turn|19
|
|t:|1608683086
|move|p2a: Greninja|Hydro Pump|p1a: Arceus
|-damage|p1a: Arceus|5/100
|-damage|p2a: Greninja|56/100|[from] item: Life Orb
|move|p1a: Arceus|Recover|p1a: Arceus
|-heal|p1a: Arceus|55/100
|
|upkeep
|turn|20
|
|t:|1608683090
|move|p2a: Greninja|Extrasensory|p1a: Arceus
|-supereffective|p1a: Arceus
|-damage|p1a: Arceus|15/100
|-damage|p2a: Greninja|46/100|[from] item: Life Orb
|move|p1a: Arceus|Recover|p1a: Arceus
|-heal|p1a: Arceus|65/100
|
|upkeep
|turn|21
|
|t:|1608683095
|move|p2a: Greninja|Hydro Pump|p1a: Arceus
|-damage|p1a: Arceus|22/100
|-damage|p2a: Greninja|37/100|[from] item: Life Orb
|move|p1a: Arceus|Recover|p1a: Arceus
|-heal|p1a: Arceus|72/100
|
|upkeep
|turn|22
|
|t:|1608683099
|switch|p2a: Kangaskhan|Kangaskhan-Mega, F|100/100
|move|p1a: Arceus|Recover|p1a: Arceus
|-heal|p1a: Arceus|100/100
|
|upkeep
|turn|23
|
|t:|1608683103
|move|p2a: Kangaskhan|Body Slam|p1a: Arceus
|-crit|p1a: Arceus
|-damage|p1a: Arceus|62/100
|-status|p1a: Arceus|par
|-damage|p1a: Arceus|55/100 par
|-hitcount|p1a: Arceus|2
|cant|p1a: Arceus|par
|
|upkeep
|turn|24
|
|t:|1608683110
|move|p2a: Kangaskhan|Power-Up Punch|p1a: Arceus
|-resisted|p1a: Arceus
|-damage|p1a: Arceus|51/100 par
|-boost|p2a: Kangaskhan|atk|1
|-resisted|p1a: Arceus
|-damage|p1a: Arceus|49/100 par
|-boost|p2a: Kangaskhan|atk|1
|-hitcount|p1a: Arceus|2
|cant|p1a: Arceus|par
|
|upkeep
|turn|25
|
|t:|1608683115
|move|p2a: Kangaskhan|Body Slam|p1a: Arceus
|-damage|p1a: Arceus|0 fnt
|-hitcount|p1a: Arceus|1
|faint|p1a: Arceus
|
|upkeep
|
|t:|1608683118
|switch|p1a: Arceus|Arceus-Fairy|100/100
|turn|26
|
|t:|1608683121
|move|p2a: Kangaskhan|Body Slam|p1a: Arceus
|-damage|p1a: Arceus|49/100
|-damage|p1a: Arceus|36/100
|-status|p1a: Arceus|par
|-hitcount|p1a: Arceus|2
|move|p1a: Arceus|Will-O-Wisp|p2a: Kangaskhan
|-status|p2a: Kangaskhan|brn
|
|-damage|p2a: Kangaskhan|94/100 brn|[from] brn
|upkeep
|turn|27
|
|t:|1608683130
|move|p2a: Kangaskhan|Body Slam|p1a: Arceus
|-damage|p1a: Arceus|11/100 par
|-damage|p1a: Arceus|4/100 par
|-hitcount|p1a: Arceus|2
|move|p1a: Arceus|Recover|p1a: Arceus
|-heal|p1a: Arceus|54/100 par
|
|-damage|p2a: Kangaskhan|88/100 brn|[from] brn
|upkeep
|turn|28
|
|t:|1608683134
|move|p2a: Kangaskhan|Power-Up Punch|p1a: Arceus
|-resisted|p1a: Arceus
|-damage|p1a: Arceus|50/100 par
|-boost|p2a: Kangaskhan|atk|1
|-resisted|p1a: Arceus
|-damage|p1a: Arceus|49/100 par
|-boost|p2a: Kangaskhan|atk|1
|-hitcount|p1a: Arceus|2
|cant|p1a: Arceus|par
|
|-damage|p2a: Kangaskhan|82/100 brn|[from] brn
|upkeep
|turn|29
|
|t:|1608683137
|move|p2a: Kangaskhan|Body Slam|p1a: Arceus
|-damage|p1a: Arceus|11/100 par
|-damage|p1a: Arceus|1/100 par
|-hitcount|p1a: Arceus|2
|move|p1a: Arceus|Recover|p1a: Arceus
|-heal|p1a: Arceus|51/100 par
|
|-damage|p2a: Kangaskhan|76/100 brn|[from] brn
|upkeep
|turn|30
|
|t:|1608683141
|move|p2a: Kangaskhan|Power-Up Punch|p1a: Arceus
|-resisted|p1a: Arceus
|-damage|p1a: Arceus|45/100 par
|-boost|p2a: Kangaskhan|atk|1
|-resisted|p1a: Arceus
|-crit|p1a: Arceus
|-damage|p1a: Arceus|42/100 par
|-boost|p2a: Kangaskhan|atk|1
|-hitcount|p1a: Arceus|2
|move|p1a: Arceus|Recover|p1a: Arceus
|-heal|p1a: Arceus|92/100 par
|
|-damage|p2a: Kangaskhan|70/100 brn|[from] brn
|upkeep
|turn|31
|
|t:|1608683144
|move|p2a: Kangaskhan|Body Slam|p1a: Arceus
|-damage|p1a: Arceus|38/100 par
|-damage|p1a: Arceus|25/100 par
|-hitcount|p1a: Arceus|2
|move|p1a: Arceus|Judgment|p2a: Kangaskhan
|-damage|p2a: Kangaskhan|23/100 brn
|
|-damage|p2a: Kangaskhan|17/100 brn|[from] brn
|upkeep
|turn|32
|
|t:|1608683150
|move|p2a: Kangaskhan|Body Slam|p1a: Arceus
|-damage|p1a: Arceus|0 fnt
|-hitcount|p1a: Arceus|1
|faint|p1a: Arceus
|
|-damage|p2a: Kangaskhan|11/100 brn|[from] brn
|upkeep
|
|t:|1608683152
|switch|p1a: Arceus|Arceus-Ground|65/100
|turn|33
|
|t:|1608683155
|move|p1a: Arceus|Earthquake|p2a: Kangaskhan
|-damage|p2a: Kangaskhan|0 fnt
|faint|p2a: Kangaskhan
|
|upkeep
|
|t:|1608683158
|switch|p2a: Greninja|Greninja-Ash, M|37/100
|turn|34
|
|t:|1608683160
|move|p2a: Greninja|Water Shuriken|p1a: Arceus
|-supereffective|p1a: Arceus
|-damage|p1a: Arceus|42/100
|-supereffective|p1a: Arceus
|-crit|p1a: Arceus
|-damage|p1a: Arceus|5/100
|-supereffective|p1a: Arceus
|-damage|p1a: Arceus|0 fnt
|-hitcount|p1a: Arceus|3
|-damage|p2a: Greninja|27/100|[from] item: Life Orb
|faint|p1a: Arceus
|
|win|dejnio
|l|☆Dodrio123
