|j|☆TaxFraud094
|j|☆lemoncell0
|t:|1662608130
|gametype|singles
|player|p1|TaxFraud094|skyla-masters2|1861
|player|p2|lemoncell0|allister|2011
|teamsize|p1|6
|teamsize|p2|6
|gen|8
|tier|[Gen 8] National Dex AG
|rated|
|rule|HP Percentage Mod: HP is shown in percentages
|rule|Endless Battle Clause: Forcing endless battles is banned
|clearpoke
|poke|p1|Zekrom|
|poke|p1|Yveltal|
|poke|p1|Necrozma-Dusk-Mane|
|poke|p1|Pheromosa|
|poke|p1|Marshadow|
|poke|p1|Arceus-*|
|poke|p2|Tyranitar, M|
|poke|p2|Ditto|
|poke|p2|Latias, F|
|poke|p2|Gothitelle, M|
|poke|p2|Quagsire, F|
|poke|p2|Zacian-*|
|teampreview
|inactive|Battle timer is ON: inactive players will automatically lose when time's up. (requested by TaxFraud094)
|c|☆TaxFraud094|LMAO
|c|☆lemoncell0|xD sup
|j| Pikaslayer2001
|inactive|TaxFraud094 has 120 seconds left.
|inactive|lemoncell0 has 120 seconds left.
|
|t:|1662608166
|start
|switch|p1a: Pheromosa|Pheromosa|100/100
|switch|p2a: Quagsire|Quagsire, F|100/100
|turn|1
|j| alt1445645
|
|t:|1662608171
|move|p1a: Pheromosa|U-turn|p2a: Quagsire
|-damage|p2a: Quagsire|61/100
|-damage|p1a: Pheromosa|84/100|[from] item: Rocky Helmet|[of] p2a: Quagsire
|c|☆TaxFraud094|boink
|
|t:|1662608175
|switch|p1a: Arceus|Arceus-Water|100/100|[from]move: U-turn
|move|p2a: Quagsire|Recover|p2a: Quagsire
|-heal|p2a: Quagsire|100/100
|
|upkeep
|turn|2
|
|t:|1662608177
|switch|p2a: Latias|Latias, F|100/100
|move|p1a: Arceus|Toxic|p2a: Latias
|-status|p2a: Latias|tox
|
|-damage|p2a: Latias|94/100 tox|[from] psn
|upkeep
|turn|3
|
|t:|1662608184
|detailschange|p2a: Latias|Latias-Mega, F
|-mega|p2a: Latias|Latias|Latiasite
|move|p1a: Arceus|Recover||[still]
|-fail|p1a: Arceus|heal
|move|p2a: Latias|Toxic|p1a: Arceus
|-status|p1a: Arceus|tox
|
|-damage|p1a: Arceus|94/100 tox|[from] psn
|-damage|p2a: Latias|82/100 tox|[from] psn
|upkeep
|turn|4
|
|t:|1662608192
|switch|p1a: Yveltal|Yveltal|100/100
|-ability|p1a: Yveltal|Dark Aura
|move|p2a: Latias|Draco Meteor|p1a: Yveltal
|-damage|p1a: Yveltal|67/100
|-unboost|p2a: Latias|spa|2
|
|-damage|p2a: Latias|64/100 tox|[from] psn
|upkeep
|turn|5
|
|t:|1662608200
|switch|p2a: Zacian|Zacian-Crowned|100/100
|-ability|p2a: Zacian|Intrepid Sword|boost
|-boost|p2a: Zacian|atk|1
|move|p1a: Yveltal|U-turn|p2a: Zacian
|-resisted|p2a: Zacian
|-damage|p2a: Zacian|96/100
|
|t:|1662608208
|switch|p1a: Arceus|Arceus-Water|94/100 tox|[from]move: U-turn
|
|-damage|p1a: Arceus|88/100 tox|[from] psn
|upkeep
|turn|6
|
|t:|1662608212
|switch|p2a: Latias|Latias-Mega, F|64/100 tox
|move|p1a: Arceus|Will-O-Wisp||[still]
|-fail|p1a: Arceus
|
|-damage|p1a: Arceus|76/100 tox|[from] psn
|-damage|p2a: Latias|58/100 tox|[from] psn
|upkeep
|turn|7
|
|t:|1662608216
|switch|p1a: Yveltal|Yveltal|67/100
|-ability|p1a: Yveltal|Dark Aura
|move|p2a: Latias|Recover|p2a: Latias
|-heal|p2a: Latias|100/100 tox
|
|-damage|p2a: Latias|88/100 tox|[from] psn
|upkeep
|turn|8
|
|t:|1662608221
|switch|p2a: Quagsire|Quagsire, F|100/100
|move|p1a: Yveltal|Roost|p1a: Yveltal
|-heal|p1a: Yveltal|100/100
|-singleturn|p1a: Yveltal|move: Roost
|
|upkeep
|turn|9
|
|t:|1662608224
|move|p1a: Yveltal|U-turn|p2a: Quagsire
|-damage|p2a: Quagsire|86/100
|-damage|p1a: Yveltal|84/100|[from] item: Rocky Helmet|[of] p2a: Quagsire
|c| Pikaslayer2001|Gothitelle can be so restrictive on what the opposing person can switch into
|c|☆TaxFraud094|nah
|
|t:|1662608236
|switch|p1a: Necrozma|Necrozma-Dusk-Mane|100/100|[from]move: U-turn
|move|p2a: Quagsire|Recover|p2a: Quagsire
|-heal|p2a: Quagsire|100/100
|
|upkeep
|turn|10
|n|!TaxFraud094|taxfraud094
|c|☆lemoncell0|man
|c|☆lemoncell0|okay Imma coin flip
|c|☆lemoncell0|who cares about predicts
|c| Pikaslayer2001|Lol
|inactive|lemoncell0 has 120 seconds left.
|c| Pikaslayer2001|Balls to the wall
|c|☆lemoncell0|heads or tails for goth?
|c|☆lemoncell0|oh hell yeah tour
|c| Pikaslayer2001|u askin me or him?
|c|☆lemoncell0|either one
|inactive|lemoncell0 has 90 seconds left.
|inactive|lemoncell0 has 60 seconds left.
|
|t:|1662608337
|switch|p2a: Gothitelle|Gothitelle, M|100/100
|move|p1a: Necrozma|Stealth Rock|p2a: Gothitelle
|-sidestart|p2: lemoncell0|move: Stealth Rock
|
|upkeep
|turn|11
|c|☆lemoncell0|hell yeah luck
|c|☆lemoncell0|who tf cares about predicts
|
|t:|1662608356
|move|p2a: Gothitelle|Charm|p1a: Necrozma
|-unboost|p1a: Necrozma|atk|2
|move|p1a: Necrozma|Toxic|p2a: Gothitelle
|-status|p2a: Gothitelle|tox
|
|-damage|p2a: Gothitelle|94/100 tox|[from] psn
|upkeep
|turn|12
|
|t:|1662608360
|move|p2a: Gothitelle|Charm|p1a: Necrozma
|-unboost|p1a: Necrozma|atk|2
|move|p1a: Necrozma|Sunsteel Strike|p2a: Gothitelle
|-damage|p2a: Gothitelle|80/100 tox
|
|-heal|p2a: Gothitelle|86/100 tox|[from] item: Leftovers
|-damage|p2a: Gothitelle|73/100 tox|[from] psn
|upkeep
|turn|13
|
|t:|1662608363
|move|p2a: Gothitelle|Rest|p2a: Gothitelle
|-status|p2a: Gothitelle|slp|[from] move: Rest
|-heal|p2a: Gothitelle|100/100 slp|[silent]
|move|p1a: Necrozma|Sunsteel Strike|p2a: Gothitelle
|-damage|p2a: Gothitelle|86/100 slp
|
|-heal|p2a: Gothitelle|92/100 slp|[from] item: Leftovers
|upkeep
|turn|14
|
|t:|1662608366
|cant|p2a: Gothitelle|slp
|move|p1a: Necrozma|Sunsteel Strike|p2a: Gothitelle
|-damage|p2a: Gothitelle|78/100 slp
|
|-heal|p2a: Gothitelle|84/100 slp|[from] item: Leftovers
|upkeep
|turn|15
|
|t:|1662608370
|cant|p2a: Gothitelle|slp
|move|p1a: Necrozma|Sunsteel Strike|p2a: Gothitelle
|-damage|p2a: Gothitelle|69/100 slp
|
|-heal|p2a: Gothitelle|75/100 slp|[from] item: Leftovers
|upkeep
|turn|16
|
|t:|1662608375
|-curestatus|p2a: Gothitelle|slp|[msg]
|move|p2a: Gothitelle|Charm|p1a: Necrozma
|-unboost|p1a: Necrozma|atk|2
|move|p1a: Necrozma|Toxic|p2a: Gothitelle
|-status|p2a: Gothitelle|tox
|
|-heal|p2a: Gothitelle|82/100 tox|[from] item: Leftovers
|-damage|p2a: Gothitelle|75/100 tox|[from] psn
|upkeep
|turn|17
|c| Pikaslayer2001|He not takin any chances
|
|t:|1662608382
|move|p2a: Gothitelle|Cosmic Power|p2a: Gothitelle
|-boost|p2a: Gothitelle|def|1
|-boost|p2a: Gothitelle|spd|1
|move|p1a: Necrozma|Sunsteel Strike|p2a: Gothitelle
|-damage|p2a: Gothitelle|68/100 tox
|
|-heal|p2a: Gothitelle|74/100 tox|[from] item: Leftovers
|-damage|p2a: Gothitelle|62/100 tox|[from] psn
|upkeep
|turn|18
|
|t:|1662608384
|move|p2a: Gothitelle|Rest|p2a: Gothitelle
|-status|p2a: Gothitelle|slp|[from] move: Rest
|-heal|p2a: Gothitelle|100/100 slp|[silent]
|move|p1a: Necrozma|Sunsteel Strike|p2a: Gothitelle
|-damage|p2a: Gothitelle|94/100 slp
|
|-heal|p2a: Gothitelle|99/100 slp|[from] item: Leftovers
|upkeep
|turn|19
|
|t:|1662608386
|cant|p2a: Gothitelle|slp
|move|p1a: Necrozma|Sunsteel Strike|p2a: Gothitelle
|-damage|p2a: Gothitelle|93/100 slp
|
|-heal|p2a: Gothitelle|99/100 slp|[from] item: Leftovers
|upkeep
|turn|20
|
|t:|1662608389
|cant|p2a: Gothitelle|slp
|move|p1a: Necrozma|Sunsteel Strike|p2a: Gothitelle
|-damage|p2a: Gothitelle|92/100 slp
|
|-heal|p2a: Gothitelle|98/100 slp|[from] item: Leftovers
|upkeep
|turn|21
|
|t:|1662608391
|-curestatus|p2a: Gothitelle|slp|[msg]
|move|p2a: Gothitelle|Taunt|p1a: Necrozma
|-start|p1a: Necrozma|move: Taunt
|cant|p1a: Necrozma|move: Taunt|Toxic
|
|-heal|p2a: Gothitelle|100/100|[from] item: Leftovers
|upkeep
|turn|22
|
|t:|1662608395
|move|p2a: Gothitelle|Cosmic Power|p2a: Gothitelle
|-boost|p2a: Gothitelle|def|1
|-boost|p2a: Gothitelle|spd|1
|-activate|p1a: Necrozma|move: Struggle
|move|p1a: Necrozma|Struggle|p2a: Gothitelle
|-damage|p2a: Gothitelle|98/100
|-damage|p1a: Necrozma|75/100|[from] recoil
|
|-heal|p2a: Gothitelle|100/100|[from] item: Leftovers
|upkeep
|turn|23
|
|t:|1662608397
|move|p2a: Gothitelle|Cosmic Power|p2a: Gothitelle
|-boost|p2a: Gothitelle|def|1
|-boost|p2a: Gothitelle|spd|1
|-activate|p1a: Necrozma|move: Struggle
|move|p1a: Necrozma|Struggle|p2a: Gothitelle
|-damage|p2a: Gothitelle|98/100
|-damage|p1a: Necrozma|50/100|[from] recoil
|
|-heal|p2a: Gothitelle|100/100|[from] item: Leftovers
|-end|p1a: Necrozma|move: Taunt
|upkeep
|turn|24
|
|t:|1662608399
|move|p2a: Gothitelle|Taunt|p1a: Necrozma
|-start|p1a: Necrozma|move: Taunt
|cant|p1a: Necrozma|move: Taunt|Toxic
|
|upkeep
|turn|25
|
|t:|1662608400
|move|p2a: Gothitelle|Cosmic Power|p2a: Gothitelle
|-boost|p2a: Gothitelle|def|1
|-boost|p2a: Gothitelle|spd|1
|-activate|p1a: Necrozma|move: Struggle
|move|p1a: Necrozma|Struggle|p2a: Gothitelle
|-damage|p2a: Gothitelle|99/100
|-damage|p1a: Necrozma|25/100|[from] recoil
|
|-heal|p2a: Gothitelle|100/100|[from] item: Leftovers
|upkeep
|turn|26
|
|t:|1662608403
|move|p2a: Gothitelle|Cosmic Power|p2a: Gothitelle
|-boost|p2a: Gothitelle|def|1
|-boost|p2a: Gothitelle|spd|1
|-activate|p1a: Necrozma|move: Struggle
|move|p1a: Necrozma|Struggle|p2a: Gothitelle
|-damage|p2a: Gothitelle|99/100
|-damage|p1a: Necrozma|0 fnt|[from] recoil
|faint|p1a: Necrozma
|
|-heal|p2a: Gothitelle|100/100|[from] item: Leftovers
|upkeep
|c| Pikaslayer2001|Bruh poor ndm
|
|t:|1662608426
|switch|p1a: Yveltal|Yveltal|84/100
|-ability|p1a: Yveltal|Dark Aura
|turn|27
|
|t:|1662608432
|move|p1a: Yveltal|U-turn|p2a: Gothitelle
|-supereffective|p2a: Gothitelle
|-damage|p2a: Gothitelle|90/100
|
|t:|1662608435
|switch|p1a: Pheromosa|Pheromosa|84/100|[from]move: U-turn
|move|p2a: Gothitelle|Cosmic Power|p2a: Gothitelle
|-boost|p2a: Gothitelle|def|1
|-boost|p2a: Gothitelle|spd|1
|
|-heal|p2a: Gothitelle|96/100|[from] item: Leftovers
|upkeep
|turn|28
|
|t:|1662608439
|move|p1a: Pheromosa|U-turn|p2a: Gothitelle
|-supereffective|p2a: Gothitelle
|-damage|p2a: Gothitelle|70/100
|
|t:|1662608446
|switch|p1a: Yveltal|Yveltal|84/100|[from]move: U-turn
|-ability|p1a: Yveltal|Dark Aura
|move|p2a: Gothitelle|Charm|p1a: Yveltal
|-unboost|p1a: Yveltal|atk|2
|
|-heal|p2a: Gothitelle|76/100|[from] item: Leftovers
|upkeep
|turn|29
|
|t:|1662608468
|move|p1a: Yveltal|U-turn|p2a: Gothitelle
|-supereffective|p2a: Gothitelle
|-damage|p2a: Gothitelle|71/100
|
|t:|1662608472
|switch|p1a: Pheromosa|Pheromosa|84/100|[from]move: U-turn
|move|p2a: Gothitelle|Charm|p1a: Pheromosa
|-unboost|p1a: Pheromosa|atk|2
|
|-heal|p2a: Gothitelle|78/100|[from] item: Leftovers
|upkeep
|turn|30
|
|t:|1662608482
|move|p1a: Pheromosa|U-turn|p2a: Gothitelle
|-supereffective|p2a: Gothitelle
|-damage|p2a: Gothitelle|65/100
|inactive|TaxFraud094 has 120 seconds left.
|
|t:|1662608514
|switch|p1a: Yveltal|Yveltal|84/100|[from]move: U-turn
|-ability|p1a: Yveltal|Dark Aura
|move|p2a: Gothitelle|Charm|p1a: Yveltal
|-unboost|p1a: Yveltal|atk|2
|
|-heal|p2a: Gothitelle|71/100|[from] item: Leftovers
|upkeep
|turn|31
|
|t:|1662608524
|move|p1a: Yveltal|U-turn|p2a: Gothitelle
|-supereffective|p2a: Gothitelle
|-damage|p2a: Gothitelle|66/100
|inactive|TaxFraud094 has 120 seconds left.
|inactive|TaxFraud094 has 90 seconds left.
|l| Pikaslayer2001
|inactive|TaxFraud094 has 60 seconds left.
|
|t:|1662608600
|switch|p1a: Pheromosa|Pheromosa|84/100|[from]move: U-turn
|move|p2a: Gothitelle|Rest|p2a: Gothitelle
|-status|p2a: Gothitelle|slp|[from] move: Rest
|-heal|p2a: Gothitelle|100/100 slp|[silent]
|
|upkeep
|turn|32
|
|t:|1662608603
|move|p1a: Pheromosa|U-turn|p2a: Gothitelle
|-supereffective|p2a: Gothitelle
|-damage|p2a: Gothitelle|79/100 slp
|inactive|TaxFraud094 has 60 seconds left.
|inactive|TaxFraud094 has 30 seconds left.
|inactive|TaxFraud094 has 20 seconds left.
|n|☆TaxFraud094|taxfraud094
|inactive|TaxFraud094 has 15 seconds left.
|-message|TaxFraud094 forfeited.
|
|win|lemoncell0
|inactive|TaxFraud094 has 20 seconds left this turn.
|raw|TaxFraud094's rating: 1861 &rarr; <strong>1849</strong><br />(-12 for losing)
|raw|lemoncell0's rating: 2011 &rarr; <strong>2023</strong><br />(+12 for winning)
|l|☆TaxFraud094
||Ladder isn't responding, score probably updated but might not have (Request timeout).
