|j|☆Tarakan
|j|☆Dominator296
|t:|1641131424
|gametype|singles
|player|p1|Tarakan|koga|1540
|player|p2|Dominator296|alder|1751
|teamsize|p1|6
|teamsize|p2|6
|gen|8
|tier|[Gen 8] National Dex AG
|rated|
|rule|HP Percentage Mod: HP is shown in percentages
|rule|Endless Battle Clause: Forcing endless battles is banned
|clearpoke
|poke|p1|Electrode|
|poke|p1|Clefable, F|
|poke|p1|Blastoise, M|
|poke|p1|Muk-Alola, M|
|poke|p1|Gliscor, M|
|poke|p1|Avalugg, M|
|poke|p2|Arceus-*|
|poke|p2|Arceus-*|
|poke|p2|Arceus-*|
|poke|p2|Arceus-*|
|poke|p2|Arceus-*|
|poke|p2|Arceus-*|
|teampreview
|inactive|Battle timer is ON: inactive players will automatically lose when time's up. (requested by Tarakan)
|
|t:|1641131433
|start
|switch|p1a: Avalugg|Avalugg, M|100/100
|switch|p2a: Arceus|Arceus-Dark|100/100
|turn|1
|
|t:|1641131437
|move|p2a: Arceus|Whirlpool|p1a: Avalugg|[miss]
|-miss|p2a: Arceus|p1a: Avalugg
|move|p1a: Avalugg|Body Press|p2a: Arceus
|-supereffective|p2a: Arceus
|-damage|p2a: Arceus|63/100
|
|upkeep
|turn|2
|
|t:|1641131446
|move|p2a: Arceus|Whirlpool|p1a: Avalugg
|-damage|p1a: Avalugg|87/100
|-activate|p1a: Avalugg|move: Whirlpool|[of] p2a: Arceus
|move|p1a: Avalugg|Body Press|p2a: Arceus
|-supereffective|p2a: Arceus
|-damage|p2a: Arceus|24/100
|
|-damage|p1a: Avalugg|74/100|[from] move: Whirlpool|[partiallytrapped]
|upkeep
|turn|3
|
|t:|1641131453
|move|p2a: Arceus|Judgment|p1a: Avalugg
|-damage|p1a: Avalugg|0 fnt
|faint|p1a: Avalugg
|
|upkeep
|
|t:|1641131457
|switch|p1a: Blastoise|Blastoise, M|100/100
|turn|4
|
|t:|1641131465
|switch|p2a: Arceus|Arceus-Flying|100/100
|switch|p1a: Muk|Muk-Alola, M|100/100
|
|upkeep
|turn|5
|
|t:|1641131472
|switch|p1a: Electrode|Electrode|100/100
|move|p2a: Arceus|Calm Mind|p2a: Arceus
|-boost|p2a: Arceus|spa|1
|-boost|p2a: Arceus|spd|1
|
|upkeep
|turn|6
|
|t:|1641131478
|move|p1a: Electrode|Thunder Wave|p2a: Arceus
|-status|p2a: Arceus|par
|move|p2a: Arceus|Calm Mind|p2a: Arceus
|-boost|p2a: Arceus|spa|1
|-boost|p2a: Arceus|spd|1
|
|upkeep
|turn|7
|
|t:|1641131481
|move|p1a: Electrode|Reflect|p1a: Electrode
|-sidestart|p1: Tarakan|Reflect
|move|p2a: Arceus|Refresh|p2a: Arceus
|-curestatus|p2a: Arceus|par|[msg]
|
|upkeep
|turn|8
|
|t:|1641131484
|-start|p2a: Arceus|Dynamax
|-heal|p2a: Arceus|100/100|[silent]
|move|p1a: Electrode|Taunt|p2a: Arceus
|-start|p2a: Arceus|move: Taunt
|move|p2a: Arceus|Max Airstream|p1a: Electrode
|-resisted|p1a: Electrode
|-damage|p1a: Electrode|27/100
|-boost|p2a: Arceus|spe|1
|
|upkeep
|turn|9
|
|t:|1641131487
|move|p1a: Electrode|Thunder Wave|p2a: Arceus
|-status|p2a: Arceus|par
|move|p2a: Arceus|Max Airstream|p1a: Electrode
|-resisted|p1a: Electrode
|-damage|p1a: Electrode|0 fnt
|-boost|p2a: Arceus|spe|1
|faint|p1a: Electrode
|
|upkeep
|j| Azq2020❤ ^~^
|
|t:|1641131493
|switch|p1a: Clefable|Clefable, F|100/100
|turn|10
|
|t:|1641131496
|move|p1a: Clefable|Protect|p1a: Clefable
|-singleturn|p1a: Clefable|Protect
|move|p2a: Arceus|Max Airstream|p1a: Clefable
|-zbroken|p1a: Clefable
|-damage|p1a: Clefable|90/100
|-boost|p2a: Arceus|spe|1
|
|-heal|p1a: Clefable|96/100|[from] item: Leftovers
|-end|p2a: Arceus|move: Taunt
|-end|p2a: Arceus|Dynamax
|-heal|p2a: Arceus|100/100 par|[silent]
|upkeep
|turn|11
|
|t:|1641131499
|move|p2a: Arceus|Refresh|p2a: Arceus
|-curestatus|p2a: Arceus|par|[msg]
|move|p1a: Clefable|Moonblast|p2a: Arceus
|-damage|p2a: Arceus|82/100
|-unboost|p2a: Arceus|spa|1
|
|-heal|p1a: Clefable|100/100|[from] item: Leftovers
|-sideend|p1: Tarakan|Reflect
|upkeep
|turn|12
|
|t:|1641131505
|move|p2a: Arceus|Calm Mind|p2a: Arceus
|-boost|p2a: Arceus|spa|1
|-boost|p2a: Arceus|spd|1
|move|p1a: Clefable|Moonblast|p2a: Arceus
|-damage|p2a: Arceus|60/100
|
|upkeep
|turn|13
|
|t:|1641131508
|move|p2a: Arceus|Calm Mind|p2a: Arceus
|-boost|p2a: Arceus|spa|1
|-boost|p2a: Arceus|spd|1
|move|p1a: Clefable|Moonblast|p2a: Arceus
|-damage|p2a: Arceus|41/100
|
|upkeep
|turn|14
|
|t:|1641131509
|move|p2a: Arceus|Recover|p2a: Arceus
|-heal|p2a: Arceus|91/100
|move|p1a: Clefable|Moonblast|p2a: Arceus
|-damage|p2a: Arceus|70/100
|-unboost|p2a: Arceus|spa|1
|
|upkeep
|turn|15
|
|t:|1641131515
|move|p2a: Arceus|Calm Mind|p2a: Arceus
|-boost|p2a: Arceus|spa|1
|-boost|p2a: Arceus|spd|1
|move|p1a: Clefable|Moonblast|p2a: Arceus
|-damage|p2a: Arceus|49/100
|
|upkeep
|turn|16
|
|t:|1641131527
|move|p2a: Arceus|Recover|p2a: Arceus
|-heal|p2a: Arceus|99/100
|move|p1a: Clefable|Moonblast|p2a: Arceus
|-damage|p2a: Arceus|78/100
|-unboost|p2a: Arceus|spa|1
|
|upkeep
|turn|17
|
|t:|1641131533
|move|p2a: Arceus|Calm Mind|p2a: Arceus
|-boost|p2a: Arceus|spa|1
|-boost|p2a: Arceus|spd|1
|move|p1a: Clefable|Wish|p1a: Clefable
|
|upkeep
|turn|18
|
|t:|1641131549
|switch|p2a: Arceus|Arceus-Steel|100/100
|move|p1a: Clefable|Moonblast|p2a: Arceus
|-resisted|p2a: Arceus
|-damage|p2a: Arceus|90/100
|
|upkeep
|turn|19
|
|t:|1641131554
|switch|p1a: Blastoise|Blastoise, M|100/100
|move|p2a: Arceus|Judgment|p1a: Blastoise
|-resisted|p1a: Blastoise
|-damage|p1a: Blastoise|76/100
|
|upkeep
|turn|20
|
|t:|1641131582
|switch|p2a: Arceus|Arceus-Ghost|100/100
|detailschange|p1a: Blastoise|Blastoise-Mega, M
|-mega|p1a: Blastoise|Blastoise|Blastoisinite
|move|p1a: Blastoise|Shell Smash|p1a: Blastoise
|-unboost|p1a: Blastoise|def|1
|-unboost|p1a: Blastoise|spd|1
|-boost|p1a: Blastoise|atk|2
|-boost|p1a: Blastoise|spa|2
|-boost|p1a: Blastoise|spe|2
|
|upkeep
|turn|21
|
|t:|1641131592
|move|p2a: Arceus|Extreme Speed|p1a: Blastoise
|-damage|p1a: Blastoise|31/100
|move|p1a: Blastoise|Dark Pulse|p2a: Arceus
|-supereffective|p2a: Arceus
|-damage|p2a: Arceus|0 fnt
|faint|p2a: Arceus
|
|upkeep
|
|t:|1641131597
|switch|p2a: Arceus|Arceus|100/100
|turn|22
|
|t:|1641131603
|switch|p1a: Gliscor|Gliscor, M|100/100
|move|p2a: Arceus|Extreme Speed|p1a: Gliscor
|-damage|p1a: Gliscor|53/100
|
|-status|p1a: Gliscor|tox|[from] item: Toxic Orb
|upkeep
|turn|23
|
|t:|1641131610
|switch|p2a: Arceus|Arceus-Dark|24/100
|move|p1a: Gliscor|Earthquake|p2a: Arceus
|-damage|p2a: Arceus|0 fnt
|faint|p2a: Arceus
|
|-heal|p1a: Gliscor|65/100 tox|[from] ability: Poison Heal
|upkeep
|
|t:|1641131616
|switch|p2a: Arceus|Arceus-Flying|78/100
|turn|24
|
|t:|1641131624
|move|p1a: Gliscor|Stone Edge|p2a: Arceus
|-supereffective|p2a: Arceus
|-damage|p2a: Arceus|47/100
|move|p2a: Arceus|Calm Mind|p2a: Arceus
|-boost|p2a: Arceus|spa|1
|-boost|p2a: Arceus|spd|1
|
|-heal|p1a: Gliscor|77/100 tox|[from] ability: Poison Heal
|upkeep
|turn|25
|
|t:|1641131629
|move|p1a: Gliscor|Swords Dance|p1a: Gliscor
|-boost|p1a: Gliscor|atk|2
|move|p2a: Arceus|Recover|p2a: Arceus
|-heal|p2a: Arceus|97/100
|
|-heal|p1a: Gliscor|90/100 tox|[from] ability: Poison Heal
|upkeep
|turn|26
|
|t:|1641131633
|move|p1a: Gliscor|Agility|p1a: Gliscor
|-boost|p1a: Gliscor|spe|2
|move|p2a: Arceus|Judgment|p1a: Gliscor
|-damage|p1a: Gliscor|0 fnt
|faint|p1a: Gliscor
|
|upkeep
|
|t:|1641131635
|switch|p1a: Muk|Muk-Alola, M|100/100
|turn|27
|
|t:|1641131640
|move|p2a: Arceus|Judgment|p1a: Muk
|-damage|p1a: Muk|58/100
|move|p1a: Muk|Minimize|p1a: Muk
|-boost|p1a: Muk|evasion|2
|
|-heal|p1a: Muk|64/100|[from] item: Leftovers
|upkeep
|turn|28
|
|t:|1641131657
|move|p2a: Arceus|Judgment|p1a: Muk|[miss]
|-miss|p2a: Arceus|p1a: Muk
|move|p1a: Muk|Minimize|p1a: Muk
|-boost|p1a: Muk|evasion|2
|
|-heal|p1a: Muk|70/100|[from] item: Leftovers
|upkeep
|turn|29
|
|t:|1641131660
|move|p2a: Arceus|Judgment|p1a: Muk
|-damage|p1a: Muk|25/100
|move|p1a: Muk|Minimize|p1a: Muk
|-boost|p1a: Muk|evasion|2
|
|-heal|p1a: Muk|31/100|[from] item: Leftovers
|upkeep
|turn|30
|
|t:|1641131665
|move|p2a: Arceus|Judgment|p1a: Muk|[miss]
|-miss|p2a: Arceus|p1a: Muk
|move|p1a: Muk|Substitute|p1a: Muk
|-start|p1a: Muk|Substitute
|-damage|p1a: Muk|6/100
|
|-heal|p1a: Muk|12/100|[from] item: Leftovers
|upkeep
|turn|31
|
|t:|1641131668
|move|p2a: Arceus|Judgment|p1a: Muk|[miss]
|-miss|p2a: Arceus|p1a: Muk
|move|p1a: Muk|Power-Up Punch|p2a: Arceus
|-resisted|p2a: Arceus
|-damage|p2a: Arceus|94/100
|-boost|p1a: Muk|atk|1
|-status|p2a: Arceus|psn|[from] ability: Poison Touch|[of] p1a: Muk
|
|-heal|p1a: Muk|18/100|[from] item: Leftovers
|-damage|p2a: Arceus|82/100 psn|[from] psn
|upkeep
|turn|32
|
|t:|1641131670
|move|p2a: Arceus|Judgment|p1a: Muk|[miss]
|-miss|p2a: Arceus|p1a: Muk
|move|p1a: Muk|Power-Up Punch|p2a: Arceus
|-resisted|p2a: Arceus
|-damage|p2a: Arceus|78/100 psn
|-boost|p1a: Muk|atk|1
|
|-heal|p1a: Muk|24/100|[from] item: Leftovers
|-damage|p2a: Arceus|66/100 psn|[from] psn
|upkeep
|turn|33
|
|t:|1641131672
|move|p2a: Arceus|Judgment|p1a: Muk
|-end|p1a: Muk|Substitute
|move|p1a: Muk|Power-Up Punch|p2a: Arceus
|-resisted|p2a: Arceus
|-damage|p2a: Arceus|62/100 psn
|-boost|p1a: Muk|atk|1
|
|-heal|p1a: Muk|30/100|[from] item: Leftovers
|-damage|p2a: Arceus|49/100 psn|[from] psn
|upkeep
|turn|34
|
|t:|1641131676
|-start|p1a: Muk|Dynamax
|-heal|p1a: Muk|30/100|[silent]
|move|p2a: Arceus|Judgment|p1a: Muk|[miss]
|-miss|p2a: Arceus|p1a: Muk
|move|p1a: Muk|Max Darkness|p2a: Arceus
|-damage|p2a: Arceus|0 fnt
|faint|p2a: Arceus
|
|-heal|p1a: Muk|33/100|[from] item: Leftovers
|upkeep
|inactive|Dominator296 has 120 seconds left.
|
|t:|1641131721
|switch|p2a: Arceus|Arceus-Dragon|100/100
|turn|35
|
|t:|1641131728
|move|p2a: Arceus|Earth Power|p1a: Muk|[miss]
|-miss|p2a: Arceus|p1a: Muk
|move|p1a: Muk|Max Darkness|p2a: Arceus
|-damage|p2a: Arceus|23/100
|-unboost|p2a: Arceus|spd|1
|
|-heal|p1a: Muk|36/100|[from] item: Leftovers
|upkeep
|turn|36
|
|t:|1641131731
|move|p2a: Arceus|Earth Power|p1a: Muk|[miss]
|-miss|p2a: Arceus|p1a: Muk
|move|p1a: Muk|Max Darkness|p2a: Arceus
|-damage|p2a: Arceus|0 fnt
|faint|p2a: Arceus
|
|-heal|p1a: Muk|40/100|[from] item: Leftovers
|-end|p1a: Muk|Dynamax
|-heal|p1a: Muk|40/100|[silent]
|upkeep
|inactive|Dominator296 has 120 seconds left.
|
|t:|1641131737
|switch|p2a: Arceus|Arceus-Steel|90/100
|turn|37
|
|t:|1641131740
|move|p2a: Arceus|Earth Power|p1a: Muk|[miss]
|-miss|p2a: Arceus|p1a: Muk
|move|p1a: Muk|Substitute|p1a: Muk
|-start|p1a: Muk|Substitute
|-damage|p1a: Muk|15/100
|
|-heal|p1a: Muk|21/100|[from] item: Leftovers
|upkeep
|turn|38
|
|t:|1641131743
|move|p2a: Arceus|Earth Power|p1a: Muk|[miss]
|-miss|p2a: Arceus|p1a: Muk
|move|p1a: Muk|Power-Up Punch|p2a: Arceus
|-supereffective|p2a: Arceus
|-damage|p2a: Arceus|65/100
|-boost|p1a: Muk|atk|1
|
|-heal|p1a: Muk|27/100|[from] item: Leftovers
|upkeep
|turn|39
|
|t:|1641131745
|move|p2a: Arceus|Earth Power|p1a: Muk|[miss]
|-miss|p2a: Arceus|p1a: Muk
|move|p1a: Muk|Power-Up Punch|p2a: Arceus
|-supereffective|p2a: Arceus
|-damage|p2a: Arceus|38/100
|-boost|p1a: Muk|atk|1
|
|-heal|p1a: Muk|33/100|[from] item: Leftovers
|upkeep
|turn|40
|
|t:|1641131747
|move|p2a: Arceus|Recover|p2a: Arceus
|-heal|p2a: Arceus|88/100
|move|p1a: Muk|Power-Up Punch|p2a: Arceus
|-supereffective|p2a: Arceus
|-damage|p2a: Arceus|57/100
|-boost|p1a: Muk|atk|1
|
|-heal|p1a: Muk|39/100|[from] item: Leftovers
|upkeep
|turn|41
|
|t:|1641131750
|move|p2a: Arceus|Earth Power|p1a: Muk|[miss]
|-miss|p2a: Arceus|p1a: Muk
|move|p1a: Muk|Crunch|p2a: Arceus
|-damage|p2a: Arceus|1/100
|
|-heal|p1a: Muk|45/100|[from] item: Leftovers
|upkeep
|turn|42
|
|t:|1641131759
|move|p2a: Arceus|Earth Power|p1a: Muk|[miss]
|-miss|p2a: Arceus|p1a: Muk
|move|p1a: Muk|Crunch|p2a: Arceus
|-damage|p2a: Arceus|0 fnt
|faint|p2a: Arceus
|
|-heal|p1a: Muk|51/100|[from] item: Leftovers
|upkeep
|
|t:|1641131761
|switch|p2a: Arceus|Arceus|100/100
|turn|43
|
|t:|1641131765
|move|p2a: Arceus|Earthquake|p1a: Muk|[miss]
|-miss|p2a: Arceus|p1a: Muk
|move|p1a: Muk|Crunch|p2a: Arceus
|-damage|p2a: Arceus|21/100
|-status|p2a: Arceus|psn|[from] ability: Poison Touch|[of] p1a: Muk
|
|-heal|p1a: Muk|57/100|[from] item: Leftovers
|-damage|p2a: Arceus|9/100 psn|[from] psn
|upkeep
|turn|44
|
|t:|1641131767
|move|p2a: Arceus|Extreme Speed|p1a: Muk|[miss]
|-miss|p2a: Arceus|p1a: Muk
|move|p1a: Muk|Crunch|p2a: Arceus
|-damage|p2a: Arceus|0 fnt
|faint|p2a: Arceus
|
|win|Tarakan
|raw|Tarakan's rating: 1540 &rarr; <strong>1571</strong><br />(+31 for winning)
|raw|Dominator296's rating: 1751 &rarr; <strong>1720</strong><br />(-31 for losing)
