|j|☆lemoncell0
|j|☆caprisong
|t:|1661568115
|gametype|singles
|player|p1|lemoncell0|allister|1739
|player|p2|caprisong|nessa-masters|1664
|teamsize|p1|6
|teamsize|p2|6
|gen|8
|tier|[Gen 8] National Dex AG
|rated|
|rule|HP Percentage Mod: HP is shown in percentages
|rule|Endless Battle Clause: Forcing endless battles is banned
|clearpoke
|poke|p1|Ferrothorn, F|
|poke|p1|Tyranitar, M|
|poke|p1|Ditto|
|poke|p1|Quagsire, M|
|poke|p1|Zacian-*|
|poke|p1|Salamence, M|
|poke|p2|Yveltal|
|poke|p2|Necrozma-Dusk-Mane|
|poke|p2|Ditto|
|poke|p2|Ho-Oh|
|poke|p2|Marshadow|
|poke|p2|Rayquaza|
|teampreview
|inactive|Battle timer is ON: inactive players will automatically lose when time's up. (requested by caprisong)
|
|t:|1661568129
|start
|switch|p1a: Salamence|Salamence, M|100/100
|switch|p2a: Marshadow|Marshadow|100/100
|-ability|p1a: Salamence|Intimidate|boost
|-unboost|p2a: Marshadow|atk|1
|turn|1
|
|t:|1661568137
|switch|p2a: Yveltal|Yveltal|100/100
|-ability|p2a: Yveltal|Dark Aura
|switch|p1a: Quagsire|Quagsire, M|100/100
|
|upkeep
|turn|2
|
|t:|1661568140
|switch|p1a: Tyranitar|Tyranitar, M|100/100
|-weather|Sandstorm|[from] ability: Sand Stream|[of] p1a: Tyranitar
|move|p2a: Yveltal|Toxic|p1a: Tyranitar
|-status|p1a: Tyranitar|tox
|
|-weather|Sandstorm|[upkeep]
|-damage|p2a: Yveltal|94/100|[from] Sandstorm
|-damage|p1a: Tyranitar|94/100 tox|[from] psn
|upkeep
|turn|3
|
|t:|1661568143
|switch|p2a: Necrozma|Necrozma-Dusk-Mane, shiny|100/100
|move|p1a: Tyranitar|Stealth Rock|p2a: Necrozma
|-sidestart|p2: caprisong|move: Stealth Rock
|
|-weather|Sandstorm|[upkeep]
|-heal|p1a: Tyranitar|100/100 tox|[from] item: Leftovers
|-damage|p1a: Tyranitar|88/100 tox|[from] psn
|upkeep
|turn|4
|
|t:|1661568146
|switch|p1a: Ferrothorn|Ferrothorn, F|100/100
|move|p2a: Necrozma|Stealth Rock|p1a: Ferrothorn
|-sidestart|p1: lemoncell0|move: Stealth Rock
|
|-weather|Sandstorm|[upkeep]
|upkeep
|turn|5
|
|t:|1661568152
|switch|p2a: Marshadow|Marshadow|100/100
|-damage|p2a: Marshadow|94/100|[from] Stealth Rock
|move|p1a: Ferrothorn|Knock Off|p2a: Marshadow
|-damage|p2a: Marshadow|77/100
|
|-weather|Sandstorm|[upkeep]
|-damage|p2a: Marshadow|71/100|[from] Sandstorm
|upkeep
|turn|6
|
|t:|1661568155
|move|p1a: Ferrothorn|Protect|p1a: Ferrothorn
|-singleturn|p1a: Ferrothorn|Protect
|move|p2a: Marshadow|Bulk Up|p2a: Marshadow
|-boost|p2a: Marshadow|atk|1
|-boost|p2a: Marshadow|def|1
|
|-weather|none
|upkeep
|turn|7
|
|t:|1661568157
|switch|p1a: Quagsire|Quagsire, M|100/100
|-damage|p1a: Quagsire|94/100|[from] Stealth Rock
|move|p2a: Marshadow|Close Combat|p1a: Quagsire
|-damage|p1a: Quagsire|51/100
|-unboost|p2a: Marshadow|def|1
|-unboost|p2a: Marshadow|spd|1
|-damage|p2a: Marshadow|54/100|[from] item: Rocky Helmet|[of] p1a: Quagsire
|
|upkeep
|turn|8
|
|t:|1661568164
|-zpower|p2a: Marshadow
|move|p2a: Marshadow|Soul-Stealing 7-Star Strike|p1a: Quagsire|[zeffect]
|-damage|p1a: Quagsire|0 fnt
|-damage|p2a: Marshadow|38/100|[from] item: Rocky Helmet|[of] p1a: Quagsire
|faint|p1a: Quagsire
|
|upkeep
|
|t:|1661568167
|switch|p1a: Ditto|Ditto|100/100
|-damage|p1a: Ditto|88/100|[from] Stealth Rock
|-transform|p1a: Ditto|p2a: Marshadow|[from] ability: Imposter
|turn|9
|
|t:|1661568177
|switch|p2a: Ho-Oh|Ho-Oh, shiny|100/100
|move|p1a: Ditto|Shadow Sneak|p2a: Ho-Oh
|-damage|p2a: Ho-Oh|73/100
|
|upkeep
|turn|10
|
|t:|1661568184
|-start|p1a: Ditto|Dynamax|
|-heal|p1a: Ditto|88/100|[silent]
|move|p1a: Ditto|Max Phantasm|p2a: Ho-Oh
|-damage|p2a: Ho-Oh|4/100
|-unboost|p2a: Ho-Oh|def|1
|move|p2a: Ho-Oh|Sacred Fire|p1a: Ditto
|-damage|p1a: Ditto|58/100
|
|upkeep
|turn|11
|inactive|caprisong has 120 seconds left.
|
|t:|1661568222
|switch|p2a: Marshadow|Marshadow|38/100
|-damage|p2a: Marshadow|32/100|[from] Stealth Rock
|move|p1a: Ditto|Max Knuckle|p2a: Marshadow
|-immune|p2a: Marshadow
|
|upkeep
|turn|12
|inactive|caprisong has 120 seconds left.
|
|t:|1661568230
|move|p1a: Ditto|Max Guard|p1a: Ditto
|-singleturn|p1a: Ditto|Max Guard
|move|p2a: Marshadow|Shadow Sneak|p1a: Ditto
|-activate|p1a: Ditto|move: Max Guard
|
|upkeep
|-end|p1a: Ditto|Dynamax
|-heal|p1a: Ditto|58/100|[silent]
|turn|13
|-message|lemoncell0 forfeited.
|
|win|caprisong
|raw|lemoncell0's rating: 1739 &rarr; <strong>1715</strong><br />(-24 for losing)
|raw|caprisong's rating: 1664 &rarr; <strong>1688</strong><br />(+24 for winning)
|l|☆lemoncell0
||Ladder isn't responding, score probably updated but might not have (Request timeout).
