|j|☆IAmJklol
|j|☆testinthisgarbage
|t:|1659557767
|gametype|singles
|player|p1|IAmJklol|steven|
|player|p2|testinthisgarbage|preschooler|
|teamsize|p1|6
|teamsize|p2|6
|gen|8
|tier|[Gen 8] National Dex AG
|rule|HP Percentage Mod: HP is shown in percentages
|rule|Endless Battle Clause: Forcing endless battles is banned
|clearpoke
|poke|p1|Ho-Oh|
|poke|p1|Necrozma-Dusk-Mane|
|poke|p1|Zygarde|
|poke|p1|Rayquaza|
|poke|p1|Calyrex-Shadow|
|poke|p1|Arceus-*|
|poke|p2|Tyranitar, F|
|poke|p2|Eternatus|
|poke|p2|Arceus-*|
|poke|p2|Calyrex-Shadow|
|poke|p2|Ditto|
|poke|p2|Landorus-Therian, M|
|teampreview
|inactive|Battle timer is ON: inactive players will automatically lose when time's up. (requested by IAmJklol)
|
|t:|1659557780
|start
|switch|p1a: Rayquaza|Rayquaza|100/100
|switch|p2a: Landorus|Landorus-Therian, M|100/100
|-ability|p1a: Rayquaza|Air Lock
|-ability|p2a: Landorus|Intimidate|boost
|-unboost|p1a: Rayquaza|atk|1
|turn|1
|
|t:|1659557789
|switch|p1a: Necrozma|Necrozma-Dusk-Mane|100/100
|-start|p2a: Landorus|Dynamax|
|-heal|p2a: Landorus|100/100|[silent]
|move|p2a: Landorus|Max Airstream|p1a: Necrozma
|-resisted|p1a: Necrozma
|-damage|p1a: Necrozma|76/100
|-boost|p2a: Landorus|spe|1
|-damage|p2a: Landorus|96/100|[from] item: Life Orb
|
|upkeep
|turn|2
|
|t:|1659557792
|move|p2a: Landorus|Max Quake|p1a: Necrozma
|-supereffective|p1a: Necrozma
|-damage|p1a: Necrozma|1/100
|-boost|p2a: Landorus|spd|1
|-damage|p2a: Landorus|91/100|[from] item: Life Orb
|move|p1a: Necrozma|Morning Sun|p1a: Necrozma
|-heal|p1a: Necrozma|51/100
|
|upkeep
|turn|3
|
|t:|1659557800
|switch|p1a: Rayquaza|Rayquaza|100/100
|-ability|p1a: Rayquaza|Air Lock
|move|p2a: Landorus|Max Quake|p1a: Rayquaza
|-immune|p1a: Rayquaza
|
|upkeep
|-end|p2a: Landorus|Dynamax
|-heal|p2a: Landorus|91/100|[silent]
|turn|4
|
|t:|1659557805
|detailschange|p1a: Rayquaza|Rayquaza-Mega
|-mega|p1a: Rayquaza|Rayquaza|
|-weather|DeltaStream|[from] ability: Delta Stream|[of] p1a: Rayquaza
|move|p2a: Landorus|Stealth Rock|p1a: Rayquaza
|-sidestart|p1: IAmJklol|move: Stealth Rock
|move|p1a: Rayquaza|Dragon Ascent|p2a: Landorus
|-damage|p2a: Landorus|0 fnt
|-unboost|p1a: Rayquaza|def|1
|-unboost|p1a: Rayquaza|spd|1
|faint|p2a: Landorus
|
|-weather|DeltaStream|[upkeep]
|upkeep
|
|t:|1659557818
|switch|p2a: Ditto|Ditto|100/100
|-transform|p2a: Ditto|p1a: Rayquaza|[from] ability: Imposter
|turn|5
|
|t:|1659557829
|switch|p1a: Necrozma|Necrozma-Dusk-Mane|51/100
|-damage|p1a: Necrozma|45/100|[from] Stealth Rock
|move|p2a: Ditto|Dragon Ascent|p1a: Necrozma
|-resisted|p1a: Necrozma
|-damage|p1a: Necrozma|24/100
|-unboost|p2a: Ditto|def|1
|-unboost|p2a: Ditto|spd|1
|-damage|p2a: Ditto|84/100|[from] item: Rocky Helmet|[of] p1a: Necrozma
|
|-weather|DeltaStream|[upkeep]
|upkeep
|turn|6
|
|t:|1659557833
|move|p2a: Ditto|V-create|p1a: Necrozma
|-supereffective|p1a: Necrozma
|-damage|p1a: Necrozma|0 fnt
|-unboost|p2a: Ditto|spe|1
|-unboost|p2a: Ditto|def|1
|-unboost|p2a: Ditto|spd|1
|-damage|p2a: Ditto|67/100|[from] item: Rocky Helmet|[of] p1a: Necrozma
|faint|p1a: Necrozma
|
|-weather|DeltaStream|[upkeep]
|upkeep
|
|t:|1659557835
|switch|p1a: Calyrex|Calyrex-Shadow|100/100
|-ability|p1a: Calyrex|As One
|-ability|p1a: Calyrex|Unnerve
|-damage|p1a: Calyrex|88/100|[from] Stealth Rock
|turn|7
|
|t:|1659557843
|-weather|none
|switch|p2a: Tyranitar|Tyranitar, F|100/100
|-weather|Sandstorm|[from] ability: Sand Stream|[of] p2a: Tyranitar
|move|p1a: Calyrex|Draining Kiss|p2a: Tyranitar
|-supereffective|p2a: Tyranitar
|-damage|p2a: Tyranitar|81/100
|-heal|p1a: Calyrex|100/100|[from] drain|[of] p2a: Tyranitar
|
|-weather|Sandstorm|[upkeep]
|-damage|p1a: Calyrex|94/100|[from] Sandstorm
|upkeep
|turn|8
|
|t:|1659557847
|-start|p1a: Calyrex|Dynamax|
|-heal|p1a: Calyrex|94/100|[silent]
|move|p1a: Calyrex|Max Overgrowth|p2a: Tyranitar
|-supereffective|p2a: Tyranitar
|-damage|p2a: Tyranitar|32/100
|-fieldstart|move: Grassy Terrain
|move|p2a: Tyranitar|Pursuit|p1a: Calyrex
|-supereffective|p1a: Calyrex
|-damage|p1a: Calyrex|52/100
|
|-weather|Sandstorm|[upkeep]
|-damage|p1a: Calyrex|49/100|[from] Sandstorm
|-heal|p1a: Calyrex|52/100|[from] Grassy Terrain
|-heal|p2a: Tyranitar|38/100|[from] Grassy Terrain
|upkeep
|turn|9
|inactive|testinthisgarbage has 270 seconds left.
|inactive|testinthisgarbage has 240 seconds left.
|
|t:|1659557922
|move|p1a: Calyrex|Max Overgrowth|p2a: Tyranitar
|-supereffective|p2a: Tyranitar
|-damage|p2a: Tyranitar|0 fnt
|faint|p2a: Tyranitar
|-ability|p1a: Calyrex|Grim Neigh|boost
|-boost|p1a: Calyrex|spa|1
|
|-weather|Sandstorm|[upkeep]
|-damage|p1a: Calyrex|49/100|[from] Sandstorm
|-heal|p1a: Calyrex|52/100|[from] Grassy Terrain
|upkeep
|
|t:|1659557930
|switch|p2a: Ditto|Ditto|67/100
|-transform|p2a: Ditto|p1a: Calyrex|[from] ability: Imposter
|turn|10
|
|t:|1659557950
|-end|p1a: Calyrex|Dynamax
|-heal|p1a: Calyrex|52/100|[silent]
|switch|p1a: Ho-Oh|Ho-Oh|100/100
|move|p2a: Ditto|Astral Barrage|p1a: Ho-Oh
|-damage|p1a: Ho-Oh|46/100
|
|-weather|Sandstorm|[upkeep]
|-damage|p2a: Ditto|61/100|[from] Sandstorm
|-damage|p1a: Ho-Oh|40/100|[from] Sandstorm
|-heal|p2a: Ditto|67/100|[from] Grassy Terrain
|upkeep
|turn|11
|
|t:|1659557956
|move|p2a: Ditto|Astral Barrage|p1a: Ho-Oh
|-damage|p1a: Ho-Oh|0 fnt
|faint|p1a: Ho-Oh
|-ability|p2a: Ditto|Grim Neigh|boost
|-boost|p2a: Ditto|spa|1
|
|-weather|none
|-heal|p2a: Ditto|73/100|[from] Grassy Terrain
|upkeep
|
|t:|1659557959
|switch|p1a: Calyrex|Calyrex-Shadow|52/100
|-ability|p1a: Calyrex|As One
|-ability|p1a: Calyrex|Unnerve
|-damage|p1a: Calyrex|40/100|[from] Stealth Rock
|turn|12
|inactive|testinthisgarbage has 240 seconds left.
|inactive|testinthisgarbage has 210 seconds left.
|
|t:|1659558015
|switch|p2a: Eternatus|Eternatus|100/100
|-ability|p2a: Eternatus|Pressure
|move|p1a: Calyrex|Astral Barrage|p2a: Eternatus
|-damage|p2a: Eternatus|53/100
|
|-heal|p1a: Calyrex|46/100|[from] Grassy Terrain
|-heal|p2a: Eternatus|60/100|[from] Grassy Terrain
|-fieldend|move: Grassy Terrain
|upkeep
|turn|13
|inactive|testinthisgarbage has 210 seconds left.
|
|t:|1659558034
|switch|p1a: Zygarde|Zygarde|100/100
|-damage|p1a: Zygarde|94/100|[from] Stealth Rock
|move|p2a: Eternatus|Toxic Spikes|p1a: Zygarde
|-sidestart|p1: IAmJklol|move: Toxic Spikes
|
|-heal|p1a: Zygarde|100/100|[from] item: Leftovers
|upkeep
|turn|14
|
|t:|1659558046
|move|p2a: Eternatus|Toxic|p1a: Zygarde
|-status|p1a: Zygarde|tox
|move|p1a: Zygarde|Coil|p1a: Zygarde
|-boost|p1a: Zygarde|atk|1
|-boost|p1a: Zygarde|def|1
|-boost|p1a: Zygarde|accuracy|1
|
|-damage|p1a: Zygarde|94/100 tox|[from] psn
|upkeep
|turn|15
|
|t:|1659558053
|move|p2a: Eternatus|Toxic Spikes|p1a: Zygarde
|-sidestart|p1: IAmJklol|move: Toxic Spikes
|move|p1a: Zygarde|Coil|p1a: Zygarde
|-boost|p1a: Zygarde|atk|1
|-boost|p1a: Zygarde|def|1
|-boost|p1a: Zygarde|accuracy|1
|
|-heal|p1a: Zygarde|100/100 tox|[from] item: Leftovers
|-damage|p1a: Zygarde|88/100 tox|[from] psn
|upkeep
|turn|16
|
|t:|1659558064
|switch|p2a: Ditto|Ditto|73/100
|-transform|p2a: Ditto|p1a: Zygarde|[from] ability: Imposter
|move|p1a: Zygarde|Rest|p1a: Zygarde
|-status|p1a: Zygarde|slp|[from] move: Rest
|-heal|p1a: Zygarde|100/100 slp|[silent]
|
|upkeep
|turn|17
|
|t:|1659558066
|switch|p2a: Calyrex|Calyrex-Shadow|100/100
|-ability|p2a: Calyrex|As One
|-ability|p2a: Calyrex|Unnerve
|cant|p1a: Zygarde|slp
|move|p1a: Zygarde|Sleep Talk|p1a: Zygarde
|move|p1a: Zygarde|Coil|p1a: Zygarde|[from]move: Sleep Talk
|-boost|p1a: Zygarde|atk|1
|-boost|p1a: Zygarde|def|1
|-boost|p1a: Zygarde|accuracy|1
|
|upkeep
|turn|18
|
|t:|1659558070
|move|p2a: Calyrex|Nasty Plot|p2a: Calyrex
|-boost|p2a: Calyrex|spa|2
|cant|p1a: Zygarde|slp
|move|p1a: Zygarde|Sleep Talk|p1a: Zygarde
|move|p1a: Zygarde|Thousand Arrows|p2a: Calyrex|[from]move: Sleep Talk
|-damage|p2a: Calyrex|6/100
|
|upkeep
|turn|19
|inactive|testinthisgarbage has 240 seconds left.
|
|t:|1659558085
|-zpower|p2a: Calyrex
|move|p2a: Calyrex|Never-Ending Nightmare|p1a: Zygarde|[zeffect]
|-damage|p1a: Zygarde|0 fnt
|faint|p1a: Zygarde
|-ability|p2a: Calyrex|Grim Neigh|boost
|-boost|p2a: Calyrex|spa|1
|
|upkeep
|
|t:|1659558089
|switch|p1a: Calyrex|Calyrex-Shadow|46/100
|-ability|p1a: Calyrex|As One
|-ability|p1a: Calyrex|Unnerve
|-damage|p1a: Calyrex|34/100|[from] Stealth Rock
|-status|p1a: Calyrex|tox
|turn|20
|inactive|testinthisgarbage has 240 seconds left.
|
|t:|1659558105
|switch|p2a: Eternatus|Eternatus|60/100
|-ability|p2a: Eternatus|Pressure
|move|p1a: Calyrex|Astral Barrage|p2a: Eternatus
|-damage|p2a: Eternatus|12/100
|
|-damage|p1a: Calyrex|27/100 tox|[from] psn
|upkeep
|turn|21
|
|t:|1659558111
|move|p1a: Calyrex|Astral Barrage|p2a: Eternatus
|-damage|p2a: Eternatus|0 fnt
|faint|p2a: Eternatus
|-ability|p1a: Calyrex|Grim Neigh|boost
|-boost|p1a: Calyrex|spa|1
|
|-damage|p1a: Calyrex|15/100 tox|[from] psn
|upkeep
|inactive|testinthisgarbage has 240 seconds left.
|
|t:|1659558122
|switch|p2a: Arceus|Arceus-Ghost|100/100
|turn|22
|
|t:|1659558129
|move|p1a: Calyrex|Astral Barrage|p2a: Arceus
|-supereffective|p2a: Arceus
|-damage|p2a: Arceus|0 fnt
|faint|p2a: Arceus
|-ability|p1a: Calyrex|Grim Neigh|boost
|-boost|p1a: Calyrex|spa|1
|
|-damage|p1a: Calyrex|0 fnt|[from] psn
|faint|p1a: Calyrex
|upkeep
|
|t:|1659558143
|switch|p1a: Rayquaza|Rayquaza-Mega|100/100
|switch|p2a: Ditto|Ditto|73/100
|-damage|p1a: Rayquaza|76/100|[from] Stealth Rock
|-weather|DeltaStream|[from] ability: Delta Stream|[of] p1a: Rayquaza
|-transform|p2a: Ditto|p1a: Rayquaza|[from] ability: Imposter
|turn|23
|
|t:|1659558150
|move|p2a: Ditto|Dragon Ascent|p1a: Rayquaza
|-damage|p1a: Rayquaza|0 fnt
|-unboost|p2a: Ditto|def|1
|-unboost|p2a: Ditto|spd|1
|faint|p1a: Rayquaza
|
|-weather|DeltaStream|[upkeep]
|upkeep
|
|t:|1659558152
|switch|p1a: Arceus|Arceus-Water|100/100
|-damage|p1a: Arceus|88/100|[from] Stealth Rock
|-status|p1a: Arceus|tox
|turn|24
|
|t:|1659558157
|move|p2a: Ditto|Dragon Ascent|p1a: Arceus
|-crit|p1a: Arceus
|-damage|p1a: Arceus|30/100 tox
|-unboost|p2a: Ditto|def|1
|-unboost|p2a: Ditto|spd|1
|move|p1a: Arceus|Calm Mind|p1a: Arceus
|-boost|p1a: Arceus|spa|1
|-boost|p1a: Arceus|spd|1
|
|-weather|DeltaStream|[upkeep]
|-damage|p1a: Arceus|24/100 tox|[from] psn
|upkeep
|turn|25
|
|t:|1659558161
|move|p2a: Ditto|Dragon Ascent|p1a: Arceus
|-damage|p1a: Arceus|0 fnt
|-unboost|p2a: Ditto|def|1
|-unboost|p2a: Ditto|spd|1
|faint|p1a: Arceus
|
|win|testinthisgarbage
|c|☆testinthisgarbage|gg
|c|☆IAmJklol|gg
|l|☆IAmJklol
