|j|☆monkeybanditt
|j|☆SpookyMareep
|t:|1648938976
|gametype|singles
|player|p1|monkeybanditt|alder|1523
|player|p2|SpookyMareep|rocketgruntf|1512
|teamsize|p1|6
|teamsize|p2|6
|gen|8
|tier|[Gen 8] National Dex AG
|rated|
|rule|HP Percentage Mod: HP is shown in percentages
|rule|Endless Battle Clause: Forcing endless battles is banned
|clearpoke
|poke|p1|Groudon|
|poke|p1|Marshadow|
|poke|p1|Ferrothorn, F|
|poke|p1|Arceus-*|
|poke|p1|Yveltal|
|poke|p1|Kyogre|
|poke|p2|Ditto|
|poke|p2|Marshadow|
|poke|p2|Toxapex, F|
|poke|p2|Shedinja|
|poke|p2|Quagsire, M|
|poke|p2|Landorus-Therian, M|
|teampreview
|
|t:|1648938998
|start
|switch|p1a: Ferrothorn|Ferrothorn, F|100/100
|switch|p2a: :V baka|Landorus-Therian, M|100/100
|-ability|p2a: :V baka|Intimidate|boost
|-unboost|p1a: Ferrothorn|atk|1
|turn|1
|
|t:|1648939007
|switch|p2a: Oedipus|Ditto|100/100
|-transform|p2a: Oedipus|p1a: Ferrothorn|[from] ability: Imposter
|move|p1a: Ferrothorn|Knock Off|p2a: Oedipus
|-damage|p2a: Oedipus|87/100
|-damage|p1a: Ferrothorn|88/100|[from] ability: Iron Barbs|[of] p2a: Oedipus
|-enditem|p2a: Oedipus|Choice Scarf|[from] move: Knock Off|[of] p1a: Ferrothorn
|
|-heal|p1a: Ferrothorn|94/100|[from] item: Leftovers
|upkeep
|turn|2
|
|t:|1648939022
|switch|p2a: :V baka|Landorus-Therian, M|100/100
|-ability|p2a: :V baka|Intimidate|boost
|-unboost|p1a: Ferrothorn|atk|1
|move|p1a: Ferrothorn|Thunder Wave|p2a: :V baka
|-immune|p2a: :V baka
|
|-heal|p1a: Ferrothorn|100/100|[from] item: Leftovers
|upkeep
|turn|3
|
|t:|1648939025
|move|p2a: :V baka|Earthquake|p1a: Ferrothorn
|-damage|p1a: Ferrothorn|66/100
|move|p1a: Ferrothorn|Stealth Rock|p2a: :V baka
|-sidestart|p2: SpookyMareep|move: Stealth Rock
|
|-heal|p1a: Ferrothorn|72/100|[from] item: Leftovers
|upkeep
|turn|4
|
|t:|1648939032
|move|p2a: :V baka|Earthquake|p1a: Ferrothorn
|-damage|p1a: Ferrothorn|37/100
|move|p1a: Ferrothorn|Leech Seed|p2a: :V baka
|-start|p2a: :V baka|move: Leech Seed
|
|-heal|p1a: Ferrothorn|43/100|[from] item: Leftovers
|-damage|p2a: :V baka|88/100|[from] Leech Seed|[of] p1a: Ferrothorn
|-heal|p1a: Ferrothorn|54/100|[silent]
|upkeep
|turn|5
|
|t:|1648939039
|move|p2a: :V baka|Defog|p1a: Ferrothorn
|-unboost|p1a: Ferrothorn|evasion|1
|-sideend|p2: SpookyMareep|Stealth Rock|[from] move: Defog|[of] p2a: :V baka
|move|p1a: Ferrothorn|Knock Off|p2a: :V baka
|-damage|p2a: :V baka|76/100
|-enditem|p2a: :V baka|Heavy-Duty Boots|[from] move: Knock Off|[of] p1a: Ferrothorn
|
|-heal|p1a: Ferrothorn|61/100|[from] item: Leftovers
|-damage|p2a: :V baka|64/100|[from] Leech Seed|[of] p1a: Ferrothorn
|-heal|p1a: Ferrothorn|72/100|[silent]
|upkeep
|turn|6
|
|t:|1648939044
|switch|p2a: Newbies Rage|Toxapex, F|100/100
|move|p1a: Ferrothorn|Stealth Rock|p2a: Newbies Rage
|-sidestart|p2: SpookyMareep|move: Stealth Rock
|
|-heal|p1a: Ferrothorn|78/100|[from] item: Leftovers
|upkeep
|turn|7
|
|t:|1648939051
|move|p2a: Newbies Rage|Scald|p1a: Ferrothorn
|-resisted|p1a: Ferrothorn
|-damage|p1a: Ferrothorn|71/100
|move|p1a: Ferrothorn|Knock Off|p2a: Newbies Rage
|-damage|p2a: Newbies Rage|94/100
|-damage|p1a: Ferrothorn|54/100|[from] item: Rocky Helmet|[of] p2a: Newbies Rage
|-enditem|p2a: Newbies Rage|Rocky Helmet|[from] move: Knock Off|[of] p1a: Ferrothorn
|
|-heal|p1a: Ferrothorn|61/100|[from] item: Leftovers
|upkeep
|turn|8
|
|t:|1648939057
|move|p2a: Newbies Rage|Scald|p1a: Ferrothorn
|-resisted|p1a: Ferrothorn
|-damage|p1a: Ferrothorn|54/100
|-status|p1a: Ferrothorn|brn
|move|p1a: Ferrothorn|Thunder Wave|p2a: Newbies Rage
|-status|p2a: Newbies Rage|par
|
|-heal|p1a: Ferrothorn|60/100 brn|[from] item: Leftovers
|-damage|p1a: Ferrothorn|54/100 brn|[from] brn
|upkeep
|turn|9
|
|t:|1648939061
|switch|p2a: :V baka|Landorus-Therian, M|64/100
|-damage|p2a: :V baka|51/100|[from] Stealth Rock
|-ability|p2a: :V baka|Intimidate|boost
|-unboost|p1a: Ferrothorn|atk|1
|move|p1a: Ferrothorn|Leech Seed|p2a: :V baka
|-start|p2a: :V baka|move: Leech Seed
|
|-heal|p1a: Ferrothorn|60/100 brn|[from] item: Leftovers
|-damage|p2a: :V baka|39/100|[from] Leech Seed|[of] p1a: Ferrothorn
|-heal|p1a: Ferrothorn|71/100 brn|[silent]
|-damage|p1a: Ferrothorn|65/100 brn|[from] brn
|upkeep
|turn|10
|
|t:|1648939085
|move|p2a: :V baka|Defog|p1a: Ferrothorn
|-unboost|p1a: Ferrothorn|evasion|1
|-sideend|p2: SpookyMareep|Stealth Rock|[from] move: Defog|[of] p2a: :V baka
|move|p1a: Ferrothorn|Stealth Rock|p2a: :V baka
|-sidestart|p2: SpookyMareep|move: Stealth Rock
|
|-heal|p1a: Ferrothorn|71/100 brn|[from] item: Leftovers
|-damage|p2a: :V baka|27/100|[from] Leech Seed|[of] p1a: Ferrothorn
|-heal|p1a: Ferrothorn|82/100 brn|[silent]
|-damage|p1a: Ferrothorn|76/100 brn|[from] brn
|upkeep
|turn|11
|
|t:|1648939095
|switch|p2a: Oedipus|Ditto|87/100
|-damage|p2a: Oedipus|74/100|[from] Stealth Rock
|-transform|p2a: Oedipus|p1a: Ferrothorn|[from] ability: Imposter
|move|p1a: Ferrothorn|Knock Off|p2a: Oedipus
|-damage|p2a: Oedipus|72/100
|-damage|p1a: Ferrothorn|64/100 brn|[from] ability: Iron Barbs|[of] p2a: Oedipus
|
|-heal|p1a: Ferrothorn|70/100 brn|[from] item: Leftovers
|-damage|p1a: Ferrothorn|64/100 brn|[from] brn
|upkeep
|turn|12
|
|t:|1648939101
|switch|p2a: :)|Quagsire, M|100/100
|-damage|p2a: :)|94/100|[from] Stealth Rock
|move|p1a: Ferrothorn|Thunder Wave|p2a: :)
|-immune|p2a: :)
|
|-heal|p2a: :)|100/100|[from] item: Leftovers
|-heal|p1a: Ferrothorn|70/100 brn|[from] item: Leftovers
|-damage|p1a: Ferrothorn|64/100 brn|[from] brn
|upkeep
|turn|13
|
|t:|1648939107
|move|p2a: :)|Curse|p2a: :)
|-unboost|p2a: :)|spe|1
|-boost|p2a: :)|atk|1
|-boost|p2a: :)|def|1
|move|p1a: Ferrothorn|Leech Seed|p2a: :)
|-start|p2a: :)|move: Leech Seed
|
|-heal|p1a: Ferrothorn|70/100 brn|[from] item: Leftovers
|-damage|p2a: :)|88/100|[from] Leech Seed|[of] p1a: Ferrothorn
|-heal|p1a: Ferrothorn|84/100 brn|[silent]
|-damage|p1a: Ferrothorn|77/100 brn|[from] brn
|upkeep
|turn|14
|
|t:|1648939113
|move|p1a: Ferrothorn|Knock Off|p2a: :)
|-damage|p2a: :)|83/100
|-enditem|p2a: :)|Leftovers|[from] move: Knock Off|[of] p1a: Ferrothorn
|move|p2a: :)|Curse|p2a: :)
|-unboost|p2a: :)|spe|1
|-boost|p2a: :)|atk|1
|-boost|p2a: :)|def|1
|
|-heal|p1a: Ferrothorn|84/100 brn|[from] item: Leftovers
|-damage|p2a: :)|70/100|[from] Leech Seed|[of] p1a: Ferrothorn
|-heal|p1a: Ferrothorn|98/100 brn|[silent]
|-damage|p1a: Ferrothorn|91/100 brn|[from] brn
|upkeep
|turn|15
|
|t:|1648939146
|switch|p1a: Yveltal|Yveltal|100/100
|-ability|p1a: Yveltal|Dark Aura
|move|p2a: :)|Scald|p1a: Yveltal
|-damage|p1a: Yveltal|81/100
|
|-damage|p2a: :)|58/100|[from] Leech Seed|[of] p1a: Yveltal
|-heal|p1a: Yveltal|94/100|[silent]
|upkeep
|turn|16
|
|t:|1648939155
|switch|p2a: Newbies Rage|Toxapex, F|100/100 par
|-damage|p2a: Newbies Rage|88/100 par|[from] Stealth Rock
|move|p1a: Yveltal|Dark Pulse|p2a: Newbies Rage
|-damage|p2a: Newbies Rage|9/100 par
|
|upkeep
|turn|17
|
|t:|1648939162
|move|p1a: Yveltal|Dark Pulse|p2a: Newbies Rage
|-damage|p2a: Newbies Rage|0 fnt
|faint|p2a: Newbies Rage
|
|upkeep
|
|t:|1648939165
|switch|p2a: :V baka|Landorus-Therian, M|27/100
|-damage|p2a: :V baka|15/100|[from] Stealth Rock
|-ability|p2a: :V baka|Intimidate|boost
|-unboost|p1a: Yveltal|atk|1
|turn|18
|
|t:|1648939170
|switch|p1a: Ferrothorn|Ferrothorn, F|91/100 brn
|move|p2a: :V baka|Stone Edge|p1a: Ferrothorn
|-resisted|p1a: Ferrothorn
|-damage|p1a: Ferrothorn|80/100 brn
|
|-heal|p1a: Ferrothorn|86/100 brn|[from] item: Leftovers
|-damage|p1a: Ferrothorn|80/100 brn|[from] brn
|upkeep
|turn|19
|
|t:|1648939174
|switch|p2a: :)|Quagsire, M|58/100
|-damage|p2a: :)|52/100|[from] Stealth Rock
|move|p1a: Ferrothorn|Leech Seed|p2a: :)
|-start|p2a: :)|move: Leech Seed
|
|-heal|p1a: Ferrothorn|86/100 brn|[from] item: Leftovers
|-damage|p2a: :)|39/100|[from] Leech Seed|[of] p1a: Ferrothorn
|-heal|p1a: Ferrothorn|99/100 brn|[silent]
|-damage|p1a: Ferrothorn|94/100 brn|[from] brn
|upkeep
|turn|20
|
|t:|1648939182
|switch|p1a: Yveltal|Yveltal|94/100
|-ability|p1a: Yveltal|Dark Aura
|move|p2a: :)|Recover|p2a: :)
|-heal|p2a: :)|89/100
|
|-damage|p2a: :)|77/100|[from] Leech Seed|[of] p1a: Yveltal
|-heal|p1a: Yveltal|100/100|[silent]
|upkeep
|turn|21
|
|t:|1648939186
|switch|p2a: No Ice Please|Shedinja|100/100
|-damage|p2a: No Ice Please|0 fnt|[from] Stealth Rock
|faint|p2a: No Ice Please
|move|p1a: Yveltal|Dark Pulse|p2: No Ice Please|[notarget]
|-fail|p1a: Yveltal
|
|upkeep
|-message|SpookyMareep forfeited.
|
|win|monkeybanditt
|raw|monkeybanditt's rating: 1523 &rarr; <strong>1542</strong><br />(+19 for winning)
|raw|SpookyMareep's rating: 1512 &rarr; <strong>1493</strong><br />(-19 for losing)
|l|☆SpookyMareep
