|j|☆binbau10
|j|☆ThyKingCharles
|t:|1635769585
|gametype|singles
|player|p1|binbau10|265|1564
|player|p2|ThyKingCharles|zinnia|1830
|teamsize|p1|6
|teamsize|p2|6
|gen|8
|tier|[Gen 8] National Dex AG
|rated|
|rule|HP Percentage Mod: HP is shown in percentages
|rule|Endless Battle Clause: Forcing endless battles is banned
|clearpoke
|poke|p1|Calyrex-Shadow|
|poke|p1|Zacian-*|
|poke|p1|Necrozma-Dusk-Mane|
|poke|p1|Arceus-*|
|poke|p1|Rayquaza|
|poke|p1|Zygarde|
|poke|p2|Rayquaza|
|poke|p2|Arceus-*|
|poke|p2|Yveltal|
|poke|p2|Zacian-*|
|poke|p2|Necrozma-Dusk-Mane|
|poke|p2|Marshadow|
|teampreview
|j| NoLackluster
|l| NoLackluster
|
|t:|1635769590
|start
|switch|p1a: Zygarde|Zygarde|100/100
|switch|p2a: Arceus|Arceus|100/100
|turn|1
|
|t:|1635769593
|move|p2a: Arceus|Swords Dance|p2a: Arceus
|-boost|p2a: Arceus|atk|2
|move|p1a: Zygarde|Glare|p2a: Arceus
|-status|p2a: Arceus|par
|
|upkeep
|turn|2
|
|t:|1635769606
|switch|p1a: Necrozma|Necrozma-Dusk-Mane|100/100
|move|p2a: Arceus|Swords Dance|p2a: Arceus
|-boost|p2a: Arceus|atk|2
|
|upkeep
|turn|3
|
|t:|1635769609
|move|p1a: Necrozma|Knock Off|p2a: Arceus
|-damage|p2a: Arceus|79/100 par
|-enditem|p2a: Arceus|Chople Berry|[from] move: Knock Off|[of] p1a: Necrozma
|cant|p2a: Arceus|par
|
|upkeep
|turn|4
|
|t:|1635769614
|move|p1a: Necrozma|Stealth Rock|p2a: Arceus
|-sidestart|p2: ThyKingCharles|move: Stealth Rock
|cant|p2a: Arceus|par
|
|upkeep
|turn|5
|
|t:|1635769618
|switch|p1a: Rayquaza|Rayquaza|100/100
|-ability|p1a: Rayquaza|Air Lock
|move|p2a: Arceus|Earthquake|p1a: Rayquaza
|-immune|p1a: Rayquaza
|
|upkeep
|turn|6
|
|t:|1635769627
|switch|p1a: Zacian|Zacian-Crowned|100/100
|-ability|p1a: Zacian|Intrepid Sword|boost
|-boost|p1a: Zacian|atk|1
|move|p2a: Arceus|Extreme Speed|p1a: Zacian
|-resisted|p1a: Zacian
|-damage|p1a: Zacian|44/100
|
|upkeep
|turn|7
|
|t:|1635769633
|switch|p1a: Necrozma|Necrozma-Dusk-Mane|100/100
|move|p2a: Arceus|Extreme Speed|p1a: Necrozma
|-resisted|p1a: Necrozma
|-damage|p1a: Necrozma|64/100
|-damage|p2a: Arceus|62/100 par|[from] item: Rocky Helmet|[of] p1a: Necrozma
|
|upkeep
|turn|8
|
|t:|1635769638
|move|p1a: Necrozma|Morning Sun|p1a: Necrozma
|-heal|p1a: Necrozma|100/100
|cant|p2a: Arceus|par
|
|upkeep
|turn|9
|
|t:|1635769642
|move|p1a: Necrozma|Sunsteel Strike|p2a: Arceus
|-damage|p2a: Arceus|29/100 par
|cant|p2a: Arceus|par
|
|upkeep
|turn|10
|
|t:|1635769644
|move|p1a: Necrozma|Sunsteel Strike|p2a: Arceus
|-damage|p2a: Arceus|0 fnt
|faint|p2a: Arceus
|
|upkeep
|c|☆ThyKingCharles|lmao
|
|t:|1635769654
|switch|p2a: Yveltal|Yveltal|100/100
|-ability|p2a: Yveltal|Dark Aura
|turn|11
|
|t:|1635769660
|switch|p1a: Arceus|Arceus-Dark|100/100
|move|p2a: Yveltal|Defog|p1a: Arceus
|-unboost|p1a: Arceus|evasion|1
|-sideend|p2: ThyKingCharles|Stealth Rock|[from] move: Defog|[of] p2a: Yveltal
|
|upkeep
|turn|12
|
|t:|1635769664
|switch|p2a: Zacian|Zacian-Crowned|100/100
|-ability|p2a: Zacian|Intrepid Sword|boost
|-boost|p2a: Zacian|atk|1
|move|p1a: Arceus|Toxic|p2a: Zacian
|-immune|p2a: Zacian
|
|upkeep
|turn|13
|
|t:|1635769670
|switch|p2a: Yveltal|Yveltal|100/100
|-ability|p2a: Yveltal|Dark Aura
|switch|p1a: Necrozma|Necrozma-Dusk-Mane|100/100
|
|upkeep
|turn|14
|
|t:|1635769677
|switch|p1a: Arceus|Arceus-Dark|100/100
|move|p2a: Yveltal|Dark Pulse|p1a: Arceus
|-resisted|p1a: Arceus
|-damage|p1a: Arceus|86/100
|
|upkeep
|turn|15
|
|t:|1635769683
|switch|p2a: Zacian|Zacian-Crowned|100/100
|-ability|p2a: Zacian|Intrepid Sword|boost
|-boost|p2a: Zacian|atk|1
|switch|p1a: Zacian|Zacian-Crowned|44/100
|-ability|p1a: Zacian|Intrepid Sword|boost
|-boost|p1a: Zacian|atk|1
|
|upkeep
|turn|16
|
|t:|1635769686
|move|p1a: Zacian|Behemoth Blade|p2a: Zacian
|-damage|p2a: Zacian|4/100
|move|p2a: Zacian|Behemoth Blade|p1a: Zacian
|-damage|p1a: Zacian|0 fnt
|faint|p1a: Zacian
|
|upkeep
|
|t:|1635769691
|switch|p1a: Rayquaza|Rayquaza|100/100
|-ability|p1a: Rayquaza|Air Lock
|turn|17
|
|t:|1635769696
|detailschange|p1a: Rayquaza|Rayquaza-Mega
|-mega|p1a: Rayquaza|Rayquaza|
|-weather|DeltaStream|[from] ability: Delta Stream|[of] p1a: Rayquaza
|move|p1a: Rayquaza|Extreme Speed|p2a: Zacian
|-resisted|p2a: Zacian
|-damage|p2a: Zacian|0 fnt
|faint|p2a: Zacian
|-damage|p1a: Rayquaza|91/100|[from] item: Life Orb
|
|-weather|DeltaStream|[upkeep]
|upkeep
|
|t:|1635769704
|switch|p2a: Rayquaza|Rayquaza|100/100
|-ability|p2a: Rayquaza|Air Lock
|turn|18
|
|t:|1635769708
|-weather|none
|switch|p1a: Necrozma|Necrozma-Dusk-Mane|100/100
|detailschange|p2a: Rayquaza|Rayquaza-Mega
|-mega|p2a: Rayquaza|Rayquaza|
|-weather|DeltaStream|[from] ability: Delta Stream|[of] p2a: Rayquaza
|move|p2a: Rayquaza|Dragon Ascent|p1a: Necrozma
|-resisted|p1a: Necrozma
|-damage|p1a: Necrozma|68/100
|-unboost|p2a: Rayquaza|def|1
|-unboost|p2a: Rayquaza|spd|1
|-damage|p2a: Rayquaza|84/100|[from] item: Rocky Helmet|[of] p1a: Necrozma
|-damage|p2a: Rayquaza|74/100|[from] item: Life Orb
|
|-weather|DeltaStream|[upkeep]
|upkeep
|turn|19
|
|t:|1635769718
|-weather|none
|switch|p2a: Yveltal|Yveltal|100/100
|-ability|p2a: Yveltal|Dark Aura
|move|p1a: Necrozma|Sunsteel Strike|p2a: Yveltal
|-damage|p2a: Yveltal|55/100
|
|upkeep
|turn|20
|
|t:|1635769728
|switch|p2a: Rayquaza|Rayquaza-Mega|74/100
|-weather|DeltaStream|[from] ability: Delta Stream|[of] p2a: Rayquaza
|switch|p1a: Arceus|Arceus-Dark|86/100
|
|-weather|DeltaStream|[upkeep]
|upkeep
|turn|21
|
|t:|1635769733
|switch|p1a: Necrozma|Necrozma-Dusk-Mane|68/100
|move|p2a: Rayquaza|Dragon Dance|p2a: Rayquaza
|-boost|p2a: Rayquaza|atk|1
|-boost|p2a: Rayquaza|spe|1
|
|-weather|DeltaStream|[upkeep]
|upkeep
|turn|22
|
|t:|1635769740
|move|p2a: Rayquaza|Earthquake|p1a: Necrozma
|-supereffective|p1a: Necrozma
|-damage|p1a: Necrozma|0 fnt
|faint|p1a: Necrozma
|-damage|p2a: Rayquaza|64/100|[from] item: Life Orb
|
|-weather|DeltaStream|[upkeep]
|upkeep
|
|t:|1635769754
|switch|p1a: Rayquaza|Rayquaza-Mega|91/100
|turn|23
|
|t:|1635769756
|move|p1a: Rayquaza|Extreme Speed|p2a: Rayquaza
|-damage|p2a: Rayquaza|22/100
|-damage|p1a: Rayquaza|81/100|[from] item: Life Orb
|move|p2a: Rayquaza|Dragon Ascent|p1a: Rayquaza
|-damage|p1a: Rayquaza|0 fnt
|-unboost|p2a: Rayquaza|def|1
|-unboost|p2a: Rayquaza|spd|1
|faint|p1a: Rayquaza
|-damage|p2a: Rayquaza|12/100|[from] item: Life Orb
|
|-weather|DeltaStream|[upkeep]
|upkeep
|
|t:|1635769763
|switch|p1a: Zygarde|Zygarde|100/100
|turn|24
|
|t:|1635769779
|move|p2a: Rayquaza|Dragon Ascent|p1a: Zygarde
|-damage|p1a: Zygarde|13/100
|-unboost|p2a: Rayquaza|def|1
|-unboost|p2a: Rayquaza|spd|1
|-damage|p2a: Rayquaza|2/100|[from] item: Life Orb
|move|p1a: Zygarde|Thousand Arrows|p2a: Rayquaza
|-damage|p2a: Rayquaza|0 fnt
|faint|p2a: Rayquaza
|-weather|none
|
|-heal|p1a: Zygarde|19/100|[from] item: Leftovers
|-activate|p1a: Zygarde|ability: Power Construct
|detailschange|p1a: Zygarde|Zygarde-Complete
|-heal|p1a: Zygarde|47/100|[silent]
|upkeep
|
|t:|1635769788
|switch|p2a: Yveltal|Yveltal|55/100
|-ability|p2a: Yveltal|Dark Aura
|turn|25
|
|t:|1635769791
|switch|p1a: Arceus|Arceus-Dark|86/100
|move|p2a: Yveltal|Oblivion Wing|p1a: Arceus
|-damage|p1a: Arceus|63/100
|-heal|p2a: Yveltal|74/100|[from] drain|[of] p1a: Arceus
|
|upkeep
|turn|26
|
|t:|1635769796
|move|p2a: Yveltal|Oblivion Wing|p1a: Arceus
|-damage|p1a: Arceus|39/100
|-heal|p2a: Yveltal|95/100|[from] drain|[of] p1a: Arceus
|move|p1a: Arceus|Toxic|p2a: Yveltal
|-status|p2a: Yveltal|tox
|
|-damage|p2a: Yveltal|89/100 tox|[from] psn
|upkeep
|turn|27
|
|t:|1635769800
|switch|p2a: Marshadow|Marshadow|100/100
|move|p1a: Arceus|Recover|p1a: Arceus
|-heal|p1a: Arceus|89/100
|
|upkeep
|turn|28
|
|t:|1635769816
|move|p2a: Marshadow|Rock Tomb|p1a: Arceus
|-damage|p1a: Arceus|69/100
|-unboost|p1a: Arceus|spe|1
|move|p1a: Arceus|Toxic|p2a: Marshadow
|-status|p2a: Marshadow|tox
|
|-damage|p2a: Marshadow|94/100 tox|[from] psn
|upkeep
|turn|29
|
|t:|1635769820
|move|p2a: Marshadow|Close Combat|p1a: Arceus
|-supereffective|p1a: Arceus
|-damage|p1a: Arceus|0 fnt
|-unboost|p2a: Marshadow|def|1
|-unboost|p2a: Marshadow|spd|1
|faint|p1a: Arceus
|
|-damage|p2a: Marshadow|82/100 tox|[from] psn
|upkeep
|
|t:|1635769823
|switch|p1a: Zygarde|Zygarde-Complete|47/100
|turn|30
|
|t:|1635769828
|move|p2a: Marshadow|Close Combat|p1a: Zygarde
|-damage|p1a: Zygarde|25/100
|-unboost|p2a: Marshadow|def|1
|-unboost|p2a: Marshadow|spd|1
|move|p1a: Zygarde|Rest|p1a: Zygarde
|-status|p1a: Zygarde|slp|[from] move: Rest
|-heal|p1a: Zygarde|100/100 slp|[silent]
|
|-damage|p2a: Marshadow|63/100 tox|[from] psn
|upkeep
|turn|31
|
|t:|1635769834
|switch|p2a: Necrozma|Necrozma-Dusk-Mane|100/100
|cant|p1a: Zygarde|slp
|
|upkeep
|turn|32
|
|t:|1635769837
|move|p2a: Necrozma|Dragon Dance|p2a: Necrozma
|-boost|p2a: Necrozma|atk|1
|-boost|p2a: Necrozma|spe|1
|cant|p1a: Zygarde|slp
|
|upkeep
|turn|33
|inactive|Battle timer is ON: inactive players will automatically lose when time's up. (requested by binbau10)
|
|t:|1635769844
|move|p2a: Necrozma|Dragon Dance|p2a: Necrozma
|-boost|p2a: Necrozma|atk|1
|-boost|p2a: Necrozma|spe|1
|-curestatus|p1a: Zygarde|slp|[msg]
|move|p1a: Zygarde|Glare|p2a: Necrozma
|-status|p2a: Necrozma|par
|
|upkeep
|turn|34
|
|t:|1635769847
|detailschange|p2a: Necrozma|Necrozma-Ultra
|-burst|p2a: Necrozma|Necrozma|Ultranecrozium Z
|move|p2a: Necrozma|Dragon Dance|p2a: Necrozma
|-boost|p2a: Necrozma|atk|1
|-boost|p2a: Necrozma|spe|1
|move|p1a: Zygarde|Haze|p1a: Zygarde
|-clearallboost
|
|upkeep
|turn|35
|
|t:|1635769851
|move|p1a: Zygarde|Thousand Arrows|p2a: Necrozma
|-damage|p2a: Necrozma|68/100 par
|move|p2a: Necrozma|Dragon Dance|p2a: Necrozma
|-boost|p2a: Necrozma|atk|1
|-boost|p2a: Necrozma|spe|1
|
|upkeep
|turn|36
|
|t:|1635769857
|-zpower|p2a: Necrozma
|move|p2a: Necrozma|Light That Burns the Sky|p1a: Zygarde|[zeffect]
|-damage|p1a: Zygarde|36/100
|move|p1a: Zygarde|Haze|p1a: Zygarde
|-clearallboost
|
|-heal|p1a: Zygarde|42/100|[from] item: Leftovers
|upkeep
|turn|37
|
|t:|1635769875
|switch|p1a: Calyrex|Calyrex-Shadow|100/100
|-ability|p1a: Calyrex|As One
|-ability|p1a: Calyrex|Unnerve
|move|p2a: Necrozma|Dragon Dance|p2a: Necrozma
|-boost|p2a: Necrozma|atk|1
|-boost|p2a: Necrozma|spe|1
|
|upkeep
|turn|38
|
|t:|1635769880
|move|p1a: Calyrex|Substitute|p1a: Calyrex
|-start|p1a: Calyrex|Substitute
|-damage|p1a: Calyrex|76/100
|move|p2a: Necrozma|Sunsteel Strike|p1a: Calyrex
|-end|p1a: Calyrex|Substitute
|
|upkeep
|turn|39
|
|t:|1635769883
|move|p1a: Calyrex|Substitute|p1a: Calyrex
|-start|p1a: Calyrex|Substitute
|-damage|p1a: Calyrex|51/100
|move|p2a: Necrozma|Sunsteel Strike|p1a: Calyrex
|-end|p1a: Calyrex|Substitute
|
|upkeep
|turn|40
|
|t:|1635769889
|move|p1a: Calyrex|Astral Barrage|p2a: Necrozma
|-supereffective|p2a: Necrozma
|-damage|p2a: Necrozma|0 fnt
|faint|p2a: Necrozma
|-ability|p1a: Calyrex|Grim Neigh|boost
|-boost|p1a: Calyrex|spa|1
|-damage|p1a: Calyrex|41/100|[from] item: Life Orb
|
|upkeep
|
|t:|1635769891
|switch|p2a: Yveltal|Yveltal|89/100 tox
|-ability|p2a: Yveltal|Dark Aura
|turn|41
|
|t:|1635769901
|-start|p2a: Yveltal|Dynamax
|-heal|p2a: Yveltal|89/100 tox|[silent]
|move|p1a: Calyrex|Substitute|p1a: Calyrex
|-start|p1a: Calyrex|Substitute
|-damage|p1a: Calyrex|16/100
|move|p2a: Yveltal|Max Airstream|p1a: Calyrex
|-end|p1a: Calyrex|Substitute
|-boost|p2a: Yveltal|spe|1
|
|-damage|p2a: Yveltal|86/100 tox|[from] psn
|upkeep
|turn|42
|
|t:|1635769911
|move|p2a: Yveltal|Max Darkness|p1a: Calyrex
|-supereffective|p1a: Calyrex
|-damage|p1a: Calyrex|0 fnt
|faint|p1a: Calyrex
|
|-damage|p2a: Yveltal|79/100 tox|[from] psn
|upkeep
|
|t:|1635769913
|switch|p1a: Zygarde|Zygarde-Complete|42/100
|turn|43
|
|t:|1635769923
|-start|p1a: Zygarde|Dynamax
|-heal|p1a: Zygarde|42/100|[silent]
|move|p1a: Zygarde|Max Guard|p1a: Zygarde
|-singleturn|p1a: Zygarde|Max Guard
|move|p2a: Yveltal|Max Darkness|p1a: Zygarde
|-activate|p1a: Zygarde|move: Max Guard
|
|-heal|p1a: Zygarde|45/100|[from] item: Leftovers
|-damage|p2a: Yveltal|70/100 tox|[from] psn
|-end|p2a: Yveltal|Dynamax
|-heal|p2a: Yveltal|70/100 tox|[silent]
|upkeep
|turn|44
|
|t:|1635769930
|move|p2a: Yveltal|Oblivion Wing|p1a: Zygarde
|-damage|p1a: Zygarde|31/100
|-heal|p2a: Yveltal|100/100 tox|[from] drain|[of] p1a: Zygarde
|move|p1a: Zygarde|Max Quake|p2a: Yveltal
|-immune|p2a: Yveltal
|
|-heal|p1a: Zygarde|34/100|[from] item: Leftovers
|-damage|p2a: Yveltal|76/100 tox|[from] psn
|upkeep
|turn|45
|
|t:|1635769935
|move|p1a: Zygarde|Max Guard|p1a: Zygarde
|-singleturn|p1a: Zygarde|Max Guard
|move|p2a: Yveltal|Oblivion Wing|p1a: Zygarde
|-activate|p1a: Zygarde|move: Max Guard
|
|-heal|p1a: Zygarde|37/100|[from] item: Leftovers
|-damage|p2a: Yveltal|46/100 tox|[from] psn
|-end|p1a: Zygarde|Dynamax
|-heal|p1a: Zygarde|37/100|[silent]
|upkeep
|turn|46
|
|t:|1635769938
|move|p2a: Yveltal|Oblivion Wing|p1a: Zygarde
|-damage|p1a: Zygarde|12/100
|-heal|p2a: Yveltal|76/100 tox|[from] drain|[of] p1a: Zygarde
|move|p1a: Zygarde|Rest|p1a: Zygarde
|-status|p1a: Zygarde|slp|[from] move: Rest
|-heal|p1a: Zygarde|100/100 slp|[silent]
|
|-damage|p2a: Yveltal|39/100 tox|[from] psn
|upkeep
|turn|47
|c|☆binbau10|gg
|
|t:|1635769942
|switch|p2a: Marshadow|Marshadow|63/100 tox
|cant|p1a: Zygarde|slp
|
|-damage|p2a: Marshadow|57/100 tox|[from] psn
|upkeep
|turn|48
|
|t:|1635769945
|move|p2a: Marshadow|Spectral Thief|p1a: Zygarde
|-damage|p1a: Zygarde|85/100 slp
|cant|p1a: Zygarde|slp
|
|-heal|p1a: Zygarde|92/100 slp|[from] item: Leftovers
|-damage|p2a: Marshadow|44/100 tox|[from] psn
|upkeep
|turn|49
|
|t:|1635769948
|move|p2a: Marshadow|Spectral Thief|p1a: Zygarde
|-damage|p1a: Zygarde|76/100 slp
|-curestatus|p1a: Zygarde|slp|[msg]
|move|p1a: Zygarde|Thousand Arrows|p2a: Marshadow
|-damage|p2a: Marshadow|6/100 tox
|
|-heal|p1a: Zygarde|83/100|[from] item: Leftovers
|-damage|p2a: Marshadow|0 fnt|[from] psn
|faint|p2a: Marshadow
|upkeep
|
|t:|1635769950
|switch|p2a: Yveltal|Yveltal|39/100 tox
|-ability|p2a: Yveltal|Dark Aura
|turn|50
|
|t:|1635769953
|move|p2a: Yveltal|Dark Pulse|p1a: Zygarde
|-damage|p1a: Zygarde|48/100
|move|p1a: Zygarde|Thousand Arrows|p2a: Yveltal
|-crit|p2a: Yveltal
|-damage|p2a: Yveltal|0 fnt
|faint|p2a: Yveltal
|
|win|binbau10
|raw|binbau10's rating: 1564 &rarr; <strong>1597</strong><br />(+33 for winning)
|raw|ThyKingCharles's rating: 1830 &rarr; <strong>1797</strong><br />(-33 for losing)
