|j|☆alwaysrinse
|j|☆Pkmn3443
|t:|1616605731
|player|p1|alwaysrinse|102|1995
|player|p2|Pkmn3443|101|1949
|teamsize|p1|6
|teamsize|p2|6
|gametype|singles
|gen|8
|tier|[Gen 8] National Dex AG
|rated|
|clearpoke
|poke|p1|Calyrex-Shadow|
|poke|p1|Rayquaza|
|poke|p1|Yveltal|
|poke|p1|Ditto|
|poke|p1|Arceus-*|
|poke|p1|Necrozma-Dusk-Mane|
|poke|p2|Zacian-Crowned|
|poke|p2|Necrozma-Dusk-Mane|
|poke|p2|Ditto|
|poke|p2|Ho-Oh|
|poke|p2|Rayquaza|
|poke|p2|Yveltal|
|rule|HP Percentage Mod: HP is shown in percentages
|rule|Endless Battle Clause: Forcing endless battles is banned
|teampreview
|c|☆Pkmn3443|hi
|c|☆alwaysrinse|hi
|
|t:|1616605750
|start
|switch|p1a: Calyrex|Calyrex-Shadow|100/100
|switch|p2a: Yveltal|Yveltal|100/100
|-ability|p1a: Calyrex|As One
|-ability|p1a: Calyrex|Unnerve|p2: Pkmn3443
|-ability|p2a: Yveltal|Dark Aura
|turn|1
|
|t:|1616605760
|-start|p2a: Yveltal|Dynamax
|-heal|p2a: Yveltal|100/100|[silent]
|move|p1a: Calyrex|Baton Pass|p1a: Calyrex
|j| Fireball909752
|
|t:|1616605778
|switch|p1a: Necrozma|Necrozma-Dusk-Mane|100/100|[from]move: Baton Pass
|move|p2a: Yveltal|Max Airstream|p1a: Necrozma
|-resisted|p1a: Necrozma
|-damage|p1a: Necrozma|63/100
|-boost|p2a: Yveltal|spe|1
|-damage|p2a: Yveltal|96/100|[from] item: Life Orb
|
|-heal|p1a: Necrozma|70/100|[from] item: Leftovers
|upkeep
|turn|2
|c|☆Pkmn3443|nice
|
|t:|1616605789
|switch|p1a: Arceus|Arceus-Dark|100/100
|move|p2a: Yveltal|Max Airstream|p1a: Arceus
|-damage|p1a: Arceus|47/100
|-boost|p2a: Yveltal|spe|1
|-damage|p2a: Yveltal|91/100|[from] item: Life Orb
|
|upkeep
|turn|3
|
|t:|1616605797
|move|p2a: Yveltal|Max Airstream|p1a: Arceus
|-damage|p1a: Arceus|0 fnt
|-boost|p2a: Yveltal|spe|1
|-damage|p2a: Yveltal|86/100|[from] item: Life Orb
|faint|p1a: Arceus
|
|-end|p2a: Yveltal|Dynamax
|-heal|p2a: Yveltal|86/100|[silent]
|upkeep
|c|☆alwaysrinse|lol
|c|☆Pkmn3443|rip
|
|t:|1616605818
|switch|p1a: Yveltal|Yveltal|100/100
|-ability|p1a: Yveltal|Dark Aura
|turn|4
|
|t:|1616605824
|-start|p1a: Yveltal|Dynamax
|-heal|p1a: Yveltal|100/100|[silent]
|move|p2a: Yveltal|Knock Off|p1a: Yveltal
|-resisted|p1a: Yveltal
|-damage|p1a: Yveltal|83/100
|-enditem|p1a: Yveltal|Life Orb|[from] move: Knock Off|[of] p2a: Yveltal
|-damage|p2a: Yveltal|76/100|[from] item: Life Orb
|move|p1a: Yveltal|Max Airstream|p2a: Yveltal
|-damage|p2a: Yveltal|14/100
|-boost|p1a: Yveltal|spe|1
|
|upkeep
|turn|5
|
|t:|1616605831
|switch|p2a: Zacian|Zacian-Crowned|100/100
|-ability|p2a: Zacian|Intrepid Sword|boost
|-boost|p2a: Zacian|atk|1
|move|p1a: Yveltal|Max Airstream|p2a: Zacian
|-resisted|p2a: Zacian
|-damage|p2a: Zacian|66/100
|-boost|p1a: Yveltal|spe|1
|
|upkeep
|turn|6
|
|t:|1616605843
|switch|p2a: Yveltal|Yveltal|14/100
|-ability|p2a: Yveltal|Dark Aura
|move|p1a: Yveltal|Max Flare|p2a: Yveltal
|-damage|p2a: Yveltal|0 fnt
|-weather|SunnyDay
|faint|p2a: Yveltal
|
|-weather|SunnyDay|[upkeep]
|-end|p1a: Yveltal|Dynamax
|-heal|p1a: Yveltal|83/100|[silent]
|upkeep
|
|t:|1616605848
|switch|p2a: Rayquaza|Rayquaza|100/100
|-ability|p2a: Rayquaza|Air Lock
|turn|7
|
|t:|1616605852
|detailschange|p2a: Rayquaza|Rayquaza-Mega
|-mega|p2a: Rayquaza|Rayquaza|
|-weather|DeltaStream|[from] ability: Delta Stream|[of] p2a: Rayquaza
|move|p1a: Yveltal|Dark Pulse|p2a: Rayquaza
|-damage|p2a: Rayquaza|43/100
|move|p2a: Rayquaza|Dragon Ascent|p1a: Yveltal
|-damage|p1a: Yveltal|0 fnt
|-unboost|p2a: Rayquaza|def|1
|-unboost|p2a: Rayquaza|spd|1
|-damage|p2a: Rayquaza|33/100|[from] item: Life Orb
|faint|p1a: Yveltal
|
|-weather|DeltaStream|[upkeep]
|upkeep
|
|t:|1616605863
|switch|p1a: Calyrex|Calyrex-Shadow|100/100
|-ability|p1a: Calyrex|As One
|-ability|p1a: Calyrex|Unnerve|p2: Pkmn3443
|turn|8
|inactive|Battle timer is ON: inactive players will automatically lose when time's up. (requested by alwaysrinse)
|
|t:|1616605886
|move|p1a: Calyrex|Astral Barrage|p2a: Rayquaza
|-damage|p2a: Rayquaza|0 fnt
|faint|p2a: Rayquaza
|-weather|none
|-ability|p1a: Calyrex|Grim Neigh|boost
|-boost|p1a: Calyrex|spa|1
|
|upkeep
|j| Makaai(pokechamp)
|
|t:|1616605889
|switch|p2a: Ditto|Ditto|100/100
|-transform|p2a: Ditto|p1a: Calyrex|[from] ability: Imposter
|turn|9
|
|t:|1616605903
|switch|p1a: Ditto|Ditto|100/100
|move|p2a: Ditto|Astral Barrage|p1a: Ditto
|-immune|p1a: Ditto
|
|upkeep
|turn|10
|
|t:|1616605912
|switch|p2a: Necrozma|Necrozma-Dusk-Mane|100/100
|move|p1a: Ditto|Transform|p2a: Necrozma
|-transform|p1a: Ditto|p2a: Necrozma
|-endability|p1a: Ditto|Imposter|[from] move: Transform
|
|upkeep
|turn|11
|
|t:|1616605921
|move|p1a: Ditto|Stealth Rock|p2a: Necrozma
|-sidestart|p2: Pkmn3443|move: Stealth Rock
|move|p2a: Necrozma|Stealth Rock|p1a: Ditto
|-sidestart|p1: alwaysrinse|move: Stealth Rock
|
|upkeep
|turn|12
|
|t:|1616605930
|switch|p1a: Necrozma|Necrozma-Dusk-Mane|70/100
|-damage|p1a: Necrozma|63/100|[from] Stealth Rock
|switch|p2a: Zacian|Zacian-Crowned|66/100
|-damage|p2a: Zacian|60/100|[from] Stealth Rock
|-ability|p2a: Zacian|Intrepid Sword|boost
|-boost|p2a: Zacian|atk|1
|
|-heal|p1a: Necrozma|70/100|[from] item: Leftovers
|upkeep
|turn|13
|
|t:|1616605952
|move|p2a: Zacian|Crunch|p1a: Necrozma
|-supereffective|p1a: Necrozma
|-damage|p1a: Necrozma|24/100
|move|p1a: Necrozma|Thunder Wave|p2a: Zacian
|-status|p2a: Zacian|par
|
|-heal|p1a: Necrozma|30/100|[from] item: Leftovers
|upkeep
|turn|14
|
|t:|1616605960
|move|p2a: Zacian|Close Combat|p1a: Necrozma
|-damage|p1a: Necrozma|0 fnt
|-unboost|p2a: Zacian|def|1
|-unboost|p2a: Zacian|spd|1
|faint|p1a: Necrozma
|
|upkeep
|
|t:|1616605967
|switch|p1a: Calyrex|Calyrex-Shadow|100/100
|-ability|p1a: Calyrex|As One
|-ability|p1a: Calyrex|Unnerve|p2: Pkmn3443
|-damage|p1a: Calyrex|88/100|[from] Stealth Rock
|turn|15
|
|t:|1616605977
|move|p1a: Calyrex|Substitute|p1a: Calyrex
|-start|p1a: Calyrex|Substitute
|-damage|p1a: Calyrex|63/100
|move|p2a: Zacian|Crunch|p1a: Calyrex
|-supereffective|p1a: Calyrex
|-crit|p1a: Calyrex
|-end|p1a: Calyrex|Substitute
|
|upkeep
|turn|16
|
|t:|1616605982
|move|p1a: Calyrex|Substitute|p1a: Calyrex
|-start|p1a: Calyrex|Substitute
|-damage|p1a: Calyrex|38/100
|move|p2a: Zacian|Crunch|p1a: Calyrex
|-supereffective|p1a: Calyrex
|-end|p1a: Calyrex|Substitute
|
|upkeep
|turn|17
|
|t:|1616605985
|move|p1a: Calyrex|Substitute|p1a: Calyrex
|-start|p1a: Calyrex|Substitute
|-damage|p1a: Calyrex|13/100
|cant|p2a: Zacian|par
|
|upkeep
|turn|18
|
|t:|1616605990
|move|p1a: Calyrex|Astral Barrage|p2a: Zacian
|-crit|p2a: Zacian
|-damage|p2a: Zacian|0 fnt
|faint|p2a: Zacian
|-ability|p1a: Calyrex|Grim Neigh|boost
|-boost|p1a: Calyrex|spa|1
|
|upkeep
|
|t:|1616605996
|switch|p2a: Ho-Oh|Ho-Oh|100/100
|turn|19
|
|t:|1616606002
|switch|p2a: Ditto|Ditto|100/100
|-damage|p2a: Ditto|88/100|[from] Stealth Rock
|-zpower|p1a: Calyrex
|move|p1a: Calyrex|Never-Ending Nightmare|p2a: Ditto|[zeffect]
|-immune|p2a: Ditto
|
|upkeep
|turn|20
|
|t:|1616606017
|move|p1a: Calyrex|Nasty Plot|p1a: Calyrex
|-boost|p1a: Calyrex|spa|2
|move|p2a: Ditto|Transform||[still]
|-fail|p2a: Ditto
|
|upkeep
|turn|21
|
|t:|1616606023
|switch|p2a: Ho-Oh|Ho-Oh|100/100
|move|p1a: Calyrex|Nasty Plot|p1a: Calyrex
|-boost|p1a: Calyrex|spa|2
|
|upkeep
|turn|22
|
|t:|1616606030
|switch|p2a: Ditto|Ditto|88/100
|-damage|p2a: Ditto|76/100|[from] Stealth Rock
|move|p1a: Calyrex|Astral Barrage|p2a: Ditto
|-immune|p2a: Ditto
|
|upkeep
|turn|23
|
|t:|1616606034
|move|p1a: Calyrex|Nasty Plot|p1a: Calyrex
|-boost|p1a: Calyrex|spa|1
|move|p2a: Ditto|Transform||[still]
|-fail|p2a: Ditto
|
|upkeep
|turn|24
|
|t:|1616606042
|switch|p2a: Ho-Oh|Ho-Oh|100/100
|move|p1a: Calyrex|Nasty Plot|p1a: Calyrex
|-boost|p1a: Calyrex|spa|0
|
|upkeep
|turn|25
|
|t:|1616606050
|switch|p2a: Ditto|Ditto|76/100
|-damage|p2a: Ditto|63/100|[from] Stealth Rock
|move|p1a: Calyrex|Astral Barrage|p2a: Ditto
|-immune|p2a: Ditto
|
|upkeep
|turn|26
|
|t:|1616606053
|move|p1a: Calyrex|Nasty Plot|p1a: Calyrex
|-boost|p1a: Calyrex|spa|0
|move|p2a: Ditto|Transform||[still]
|-fail|p2a: Ditto
|
|upkeep
|turn|27
|
|t:|1616606060
|switch|p2a: Ho-Oh|Ho-Oh|100/100
|move|p1a: Calyrex|Astral Barrage|p2a: Ho-Oh
|-damage|p2a: Ho-Oh|0 fnt
|faint|p2a: Ho-Oh
|
|upkeep
|
|t:|1616606064
|switch|p2a: Ditto|Ditto|63/100
|-damage|p2a: Ditto|51/100|[from] Stealth Rock
|turn|28
|
|t:|1616606070
|move|p1a: Calyrex|Nasty Plot|p1a: Calyrex
|-boost|p1a: Calyrex|spa|0
|move|p2a: Ditto|Transform||[still]
|-fail|p2a: Ditto
|
|upkeep
|turn|29
|
|t:|1616606075
|move|p1a: Calyrex|Nasty Plot|p1a: Calyrex
|-boost|p1a: Calyrex|spa|0
|move|p2a: Ditto|Transform||[still]
|-fail|p2a: Ditto
|
|upkeep
|turn|30
|
|t:|1616606077
|move|p1a: Calyrex|Nasty Plot|p1a: Calyrex
|-boost|p1a: Calyrex|spa|0
|move|p2a: Ditto|Transform||[still]
|-fail|p2a: Ditto
|
|upkeep
|turn|31
|
|t:|1616606085
|move|p1a: Calyrex|Astral Barrage|p2a: Ditto
|-immune|p2a: Ditto
|move|p2a: Ditto|Transform||[still]
|-fail|p2a: Ditto
|
|upkeep
|turn|32
|
|t:|1616606089
|move|p1a: Calyrex|Nasty Plot|p1a: Calyrex
|-boost|p1a: Calyrex|spa|0
|move|p2a: Ditto|Transform||[still]
|-fail|p2a: Ditto
|
|upkeep
|turn|33
|
|t:|1616606095
|switch|p2a: Necrozma|Necrozma-Dusk-Mane|100/100
|-damage|p2a: Necrozma|94/100|[from] Stealth Rock
|move|p1a: Calyrex|Nasty Plot|p1a: Calyrex
|-boost|p1a: Calyrex|spa|0
|
|upkeep
|turn|34
|
|t:|1616606104
|switch|p2a: Ditto|Ditto|51/100
|-damage|p2a: Ditto|39/100|[from] Stealth Rock
|move|p1a: Calyrex|Nasty Plot|p1a: Calyrex
|-boost|p1a: Calyrex|spa|0
|
|upkeep
|turn|35
|
|t:|1616606110
|switch|p2a: Necrozma|Necrozma-Dusk-Mane|94/100
|-damage|p2a: Necrozma|88/100|[from] Stealth Rock
|move|p1a: Calyrex|Nasty Plot|p1a: Calyrex
|-boost|p1a: Calyrex|spa|0
|
|upkeep
|turn|36
|
|t:|1616606125
|switch|p2a: Ditto|Ditto|39/100
|-damage|p2a: Ditto|26/100|[from] Stealth Rock
|move|p1a: Calyrex|Nasty Plot|p1a: Calyrex
|-boost|p1a: Calyrex|spa|0
|
|upkeep
|turn|37
|
|t:|1616606128
|switch|p2a: Necrozma|Necrozma-Dusk-Mane|88/100
|-damage|p2a: Necrozma|82/100|[from] Stealth Rock
|move|p1a: Calyrex|Nasty Plot|p1a: Calyrex
|-boost|p1a: Calyrex|spa|0
|
|upkeep
|turn|38
|
|t:|1616606136
|move|p1a: Calyrex|Nasty Plot|p1a: Calyrex
|-boost|p1a: Calyrex|spa|0
|move|p2a: Necrozma|Knock Off|p1a: Calyrex
|-supereffective|p1a: Calyrex
|-end|p1a: Calyrex|Substitute
|
|upkeep
|turn|39
|
|t:|1616606141
|switch|p2a: Ditto|Ditto|26/100
|-damage|p2a: Ditto|14/100|[from] Stealth Rock
|-transform|p2a: Ditto|p1a: Calyrex|[from] ability: Imposter
|move|p1a: Calyrex|Astral Barrage|p2a: Ditto
|-supereffective|p2a: Ditto
|-damage|p2a: Ditto|0 fnt
|faint|p2a: Ditto
|
|upkeep
|
|t:|1616606146
|switch|p2a: Necrozma|Necrozma-Dusk-Mane|82/100
|-damage|p2a: Necrozma|76/100|[from] Stealth Rock
|turn|40
|
|t:|1616606160
|move|p1a: Calyrex|Nasty Plot|p1a: Calyrex
|-boost|p1a: Calyrex|spa|0
|move|p2a: Necrozma|Sunsteel Strike|p1a: Calyrex
|-damage|p1a: Calyrex|0 fnt
|faint|p1a: Calyrex
|
|upkeep
|
|t:|1616606162
|switch|p1a: Rayquaza|Rayquaza|100/100
|-damage|p1a: Rayquaza|76/100|[from] Stealth Rock
|-ability|p1a: Rayquaza|Air Lock
|turn|41
|c|☆Pkmn3443|?
|c|☆alwaysrinse|hit
|c|☆alwaysrinse|95
|
|t:|1616606177
|detailschange|p1a: Rayquaza|Rayquaza-Mega
|-mega|p1a: Rayquaza|Rayquaza|
|-weather|DeltaStream|[from] ability: Delta Stream|[of] p1a: Rayquaza
|move|p1a: Rayquaza|V-create|p2a: Necrozma
|-supereffective|p2a: Necrozma
|-damage|p2a: Necrozma|0 fnt
|-unboost|p1a: Rayquaza|spe|1
|-unboost|p1a: Rayquaza|def|1
|-unboost|p1a: Rayquaza|spd|1
|-damage|p1a: Rayquaza|59/100|[from] item: Rocky Helmet|[of] p2a: Necrozma
|-damage|p1a: Rayquaza|49/100|[from] item: Life Orb
|faint|p2a: Necrozma
|
|win|alwaysrinse
|raw|alwaysrinse's rating: 1995 &rarr; <strong>2012</strong><br />(+17 for winning)
|raw|Pkmn3443's rating: 1949 &rarr; <strong>1932</strong><br />(-17 for losing)
|c|☆Pkmn3443|gg
|c|☆Pkmn3443|woah
|l| Fireball909752
|c|☆alwaysrinse|am I #1 yet
|c|☆Pkmn3443|what if that missed
||Ladder isn't responding, score probably updated but might not have (Request timeout).
