|j|☆ImSorryForUberInAg
|j|☆MVP2536
|t:|1656165010
|gametype|singles
|player|p1|ImSorryForUberInAg|169|1496
|player|p2|MVP2536|giovanni|1770
|teamsize|p1|6
|teamsize|p2|6
|gen|8
|tier|[Gen 8] National Dex AG
|rated|
|rule|HP Percentage Mod: HP is shown in percentages
|rule|Endless Battle Clause: Forcing endless battles is banned
|clearpoke
|poke|p1|Nihilego|
|poke|p1|Marshadow|
|poke|p1|Calyrex-Shadow|
|poke|p1|Deoxys-Attack|
|poke|p1|Cinderace, M|
|poke|p1|Mewtwo|
|poke|p2|Groudon|
|poke|p2|Aegislash, F|
|poke|p2|Rotom-Wash|
|poke|p2|Scrafty, M|
|poke|p2|Whimsicott, F|
|poke|p2|Ditto|
|teampreview
|
|t:|1656165017
|start
|switch|p1a: Mewtwo|Mewtwo|100/100
|switch|p2a: Ditto|Ditto|100/100
|-ability|p1a: Mewtwo|Unnerve
|-transform|p2a: Ditto|p1a: Mewtwo|[from] ability: Imposter
|-ability|p2a: Ditto|Unnerve
|turn|1
|
|t:|1656165031
|switch|p2a: Scrafty|Scrafty, M|100/100
|detailschange|p1a: Mewtwo|Mewtwo-Mega-Y
|-mega|p1a: Mewtwo|Mewtwo|Mewtwonite Y
|move|p1a: Mewtwo|Ice Beam|p2a: Scrafty
|-damage|p2a: Scrafty|79/100
|
|upkeep
|turn|2
|
|t:|1656165042
|move|p1a: Mewtwo|Aura Sphere|p2a: Scrafty
|-supereffective|p2a: Scrafty
|-damage|p2a: Scrafty|39/100
|move|p2a: Scrafty|Knock Off|p1a: Mewtwo
|-supereffective|p1a: Mewtwo
|-damage|p1a: Mewtwo|41/100
|
|upkeep
|turn|3
|c|☆ImSorryForUberInAg|why does it do so little 0_0
|
|t:|1656165080
|move|p1a: Mewtwo|Aura Sphere|p2a: Scrafty
|-supereffective|p2a: Scrafty
|-damage|p2a: Scrafty|2/100
|move|p2a: Scrafty|Knock Off|p1a: Mewtwo
|-supereffective|p1a: Mewtwo
|-damage|p1a: Mewtwo|0 fnt
|faint|p1a: Mewtwo
|
|upkeep
|
|t:|1656165092
|switch|p1a: Calyrex|Calyrex-Shadow|100/100
|-ability|p1a: Calyrex|As One
|-ability|p1a: Calyrex|Unnerve
|turn|4
|
|t:|1656165099
|move|p1a: Calyrex|Astral Barrage|p2a: Scrafty
|-resisted|p2a: Scrafty
|-damage|p2a: Scrafty|0 fnt
|faint|p2a: Scrafty
|-ability|p1a: Calyrex|Grim Neigh|boost
|-boost|p1a: Calyrex|spa|1
|
|upkeep
|
|t:|1656165109
|switch|p2a: Ditto|Ditto|100/100
|-transform|p2a: Ditto|p1a: Calyrex|[from] ability: Imposter
|turn|5
|
|t:|1656165114
|move|p1a: Calyrex|Astral Barrage|p2a: Ditto
|-supereffective|p2a: Ditto
|-damage|p2a: Ditto|0 fnt
|faint|p2a: Ditto
|-ability|p1a: Calyrex|Grim Neigh|boost
|-boost|p1a: Calyrex|spa|1
|
|upkeep
|c|☆MVP2536|oh
|
|t:|1656165123
|switch|p2a: Aegislash|Aegislash, F|100/100
|turn|6
|c|☆ImSorryForUberInAg|lol
|c|☆ImSorryForUberInAg|o no
|inactive|Battle timer is ON: inactive players will automatically lose when time's up. (requested by MVP2536)
|
|t:|1656165130
|-formechange|p2a: Aegislash|Aegislash-Blade||[from] ability: Stance Change
|move|p2a: Aegislash|Shadow Sneak|p1a: Calyrex
|-supereffective|p1a: Calyrex
|-damage|p1a: Calyrex|0 fnt
|faint|p1a: Calyrex
|
|upkeep
|
|t:|1656165138
|switch|p1a: Cinderace|Cinderace, M|100/100
|turn|7
|
|t:|1656165144
|switch|p2a: Groudon|Groudon|100/100
|detailschange|p2a: Groudon|Groudon-Primal
|-primal|p2a: Groudon
|-weather|DesolateLand|[from] ability: Desolate Land|[of] p2a: Groudon
|move|p1a: Cinderace|Pyro Ball|p2a: Groudon
|-resisted|p2a: Groudon
|-damage|p2a: Groudon|69/100
|-damage|p1a: Cinderace|91/100|[from] item: Life Orb
|
|-weather|DesolateLand|[upkeep]
|upkeep
|turn|8
|
|t:|1656165154
|-weather|none
|switch|p2a: Aegislash|Aegislash, F|100/100
|move|p1a: Cinderace|Bounce||[still]
|-prepare|p1a: Cinderace|Bounce
|-start|p1a: Cinderace|typechange|Flying|[from] ability: Libero
|
|upkeep
|turn|9
|
|t:|1656165162
|move|p1a: Cinderace|Bounce|p2a: Aegislash|[from]lockedmove
|-resisted|p2a: Aegislash
|-damage|p2a: Aegislash|79/100
|-damage|p1a: Cinderace|81/100|[from] item: Life Orb
|-formechange|p2a: Aegislash|Aegislash-Blade||[from] ability: Stance Change
|move|p2a: Aegislash|Iron Head|p1a: Cinderace
|-damage|p1a: Cinderace|10/100
|
|-heal|p2a: Aegislash|85/100|[from] item: Leftovers
|upkeep
|turn|10
|
|t:|1656165173
|switch|p2a: Rotom|Rotom-Wash|100/100
|move|p1a: Cinderace|Sucker Punch||[still]
|-fail|p1a: Cinderace
|
|upkeep
|turn|11
|
|t:|1656165185
|move|p1a: Cinderace|Court Change||[still]
|-start|p1a: Cinderace|typechange|Normal|[from] ability: Libero
|-swapsideconditions
|-fail|p1a: Cinderace
|move|p2a: Rotom|Volt Switch|p1a: Cinderace
|-damage|p1a: Cinderace|0 fnt
|faint|p1a: Cinderace
|
|t:|1656165192
|switch|p2a: Aegislash|Aegislash, F|85/100|[from]move: Volt Switch
|
|-heal|p2a: Aegislash|91/100|[from] item: Leftovers
|upkeep
|
|t:|1656165198
|switch|p1a: Marshadow|Marshadow|100/100
|turn|12
|
|t:|1656165203
|move|p2a: Aegislash|King's Shield|p2a: Aegislash
|-singleturn|p2a: Aegislash|Protect
|move|p1a: Marshadow|Spectral Thief|p2a: Aegislash
|-activate|p2a: Aegislash|move: Protect
|-unboost|p1a: Marshadow|atk|1
|
|-heal|p2a: Aegislash|97/100|[from] item: Leftovers
|upkeep
|turn|13
|
|t:|1656165216
|move|p1a: Marshadow|Spectral Thief|p2a: Aegislash
|-supereffective|p2a: Aegislash
|-damage|p2a: Aegislash|48/100
|-formechange|p2a: Aegislash|Aegislash-Blade||[from] ability: Stance Change
|move|p2a: Aegislash|Iron Head|p1a: Marshadow
|-damage|p1a: Marshadow|42/100
|
|-heal|p2a: Aegislash|54/100|[from] item: Leftovers
|upkeep
|turn|14
|
|t:|1656165227
|-formechange|p2a: Aegislash|Aegislash||[from] ability: Stance Change
|move|p2a: Aegislash|King's Shield|p2a: Aegislash
|-singleturn|p2a: Aegislash|Protect
|move|p1a: Marshadow|Spectral Thief|p2a: Aegislash
|-activate|p2a: Aegislash|move: Protect
|-unboost|p1a: Marshadow|atk|1
|
|-heal|p2a: Aegislash|60/100|[from] item: Leftovers
|upkeep
|turn|15
|
|t:|1656165238
|switch|p1a: Deoxys|Deoxys-Attack|100/100
|-ability|p1a: Deoxys|Pressure
|-formechange|p2a: Aegislash|Aegislash-Blade||[from] ability: Stance Change
|move|p2a: Aegislash|Shadow Sneak|p1a: Deoxys
|-supereffective|p1a: Deoxys
|-damage|p1a: Deoxys|0 fnt
|faint|p1a: Deoxys
|
|-heal|p2a: Aegislash|66/100|[from] item: Leftovers
|upkeep
|
|t:|1656165250
|switch|p1a: Marshadow|Marshadow|42/100
|turn|16
|
|t:|1656165258
|-formechange|p2a: Aegislash|Aegislash||[from] ability: Stance Change
|move|p2a: Aegislash|King's Shield|p2a: Aegislash
|-singleturn|p2a: Aegislash|Protect
|move|p1a: Marshadow|Rock Tomb|p2a: Aegislash
|-activate|p2a: Aegislash|move: Protect
|
|-heal|p2a: Aegislash|72/100|[from] item: Leftovers
|upkeep
|turn|17
|j| luisYR_a
|
|t:|1656165271
|-formechange|p2a: Aegislash|Aegislash-Blade||[from] ability: Stance Change
|move|p2a: Aegislash|Shadow Sneak|p1a: Marshadow
|-supereffective|p1a: Marshadow
|-damage|p1a: Marshadow|0 fnt
|faint|p1a: Marshadow
|
|-heal|p2a: Aegislash|78/100|[from] item: Leftovers
|upkeep
|c|☆ImSorryForUberInAg|gg
|
|t:|1656165278
|switch|p1a: Nihilego|Nihilego|100/100
|turn|18
|c|☆MVP2536|gg
|
|t:|1656165283
|-formechange|p2a: Aegislash|Aegislash||[from] ability: Stance Change
|move|p2a: Aegislash|King's Shield|p2a: Aegislash
|-singleturn|p2a: Aegislash|Protect
|move|p1a: Nihilego|Thunderbolt|p2a: Aegislash
|-activate|p2a: Aegislash|move: Protect
|
|-heal|p2a: Aegislash|84/100|[from] item: Leftovers
|upkeep
|turn|19
|
|t:|1656165293
|-start|p2a: Aegislash|Dynamax|
|-heal|p2a: Aegislash|84/100|[silent]
|move|p1a: Nihilego|Meteor Beam||[still]
|-prepare|p1a: Nihilego|Meteor Beam
|-boost|p1a: Nihilego|spa|1
|-enditem|p1a: Nihilego|Power Herb
|-anim|p1a: Nihilego|Meteor Beam|p2a: Aegislash|[miss]
|-miss|p1a: Nihilego|p2a: Aegislash
|-formechange|p2a: Aegislash|Aegislash-Blade||[from] ability: Stance Change
|move|p2a: Aegislash|Max Steelspike|p1a: Nihilego
|-supereffective|p1a: Nihilego
|-crit|p1a: Nihilego
|-damage|p1a: Nihilego|0 fnt
|-boost|p2a: Aegislash|def|1
|faint|p1a: Nihilego
|
|win|MVP2536
|raw|ImSorryForUberInAg's rating: 1496 &rarr; <strong>1489</strong><br />(-7 for losing)
|raw|MVP2536's rating: 1770 &rarr; <strong>1777</strong><br />(+7 for winning)
|l| luisYR_a
|c|☆ImSorryForUberInAg|wait
|c|☆MVP2536|?
|c|☆ImSorryForUberInAg|can you give me your team plz
|c|☆ImSorryForUberInAg|cuz those are some super tankyy mons
|c|☆MVP2536|it wont do u any good
|c|☆ImSorryForUberInAg|ik but can i see
|c|☆ImSorryForUberInAg|?
|c|☆MVP2536|its only good for me
||Ladder isn't responding, score probably updated but might not have (Request timeout).
|c|☆ImSorryForUberInAg|plz
|c|☆ImSorryForUberInAg|i wanna see the evs
|c|☆MVP2536|im srry but i just made this team up
|c|☆ImSorryForUberInAg|i dont wanna steal
|c|☆ImSorryForUberInAg|r u sure you cant showteam :/
|c|☆ImSorryForUberInAg|i really want to learn cuz im new
