|j|☆niun
|j|☆steak99
|t:|1617544486
|gametype|singles
|player|p1|niun|policeman-gen4|1538
|player|p2|steak99|supernerd|1681
|teamsize|p1|6
|teamsize|p2|6
|gen|8
|tier|[Gen 8] National Dex AG
|rated|
|clearpoke
|poke|p1|Ditto|
|poke|p1|Ditto|
|poke|p1|Ditto|
|poke|p1|Ditto|
|poke|p1|Ditto|
|poke|p1|Ditto|
|poke|p2|Arceus-*|
|poke|p2|Necrozma-Dusk-Mane|
|poke|p2|Groudon|
|poke|p2|Arceus-*|
|poke|p2|Arceus-*|
|poke|p2|Yveltal|
|rule|HP Percentage Mod: HP is shown in percentages
|rule|Endless Battle Clause: Forcing endless battles is banned
|teampreview
|inactive|Battle timer is ON: inactive players will automatically lose when time's up. (requested by niun)
|
|t:|1617544490
|start
|switch|p1a: Ditto|Ditto|100/100
|switch|p2a: Arceus|Arceus-Ground|100/100
|-transform|p1a: Ditto|p2a: Arceus|[from] ability: Imposter
|turn|1
|
|t:|1617544500
|move|p2a: Arceus|Stealth Rock|p1a: Ditto
|-sidestart|p1: niun|move: Stealth Rock
|move|p1a: Ditto|Stealth Rock|p2a: Arceus
|-sidestart|p2: steak99|move: Stealth Rock
|
|upkeep
|turn|2
|
|t:|1617544506
|move|p2a: Arceus|Ice Beam|p1a: Ditto
|-supereffective|p1a: Ditto
|-damage|p1a: Ditto|42/100
|move|p1a: Ditto|Ice Beam|p2a: Arceus
|-supereffective|p2a: Arceus
|-damage|p2a: Arceus|62/100
|
|upkeep
|turn|3
|
|t:|1617544513
|move|p2a: Arceus|Ice Beam|p1a: Ditto
|-supereffective|p1a: Ditto
|-damage|p1a: Ditto|0 fnt
|faint|p1a: Ditto
|
|upkeep
|
|t:|1617544519
|switch|p1a: Ditto|Ditto|100/100
|-damage|p1a: Ditto|88/100|[from] Stealth Rock
|-transform|p1a: Ditto|p2a: Arceus|[from] ability: Imposter
|turn|4
|
|t:|1617544526
|move|p1a: Ditto|Ice Beam|p2a: Arceus
|-supereffective|p2a: Arceus
|-damage|p2a: Arceus|24/100
|move|p2a: Arceus|Judgment|p1a: Ditto
|-damage|p1a: Ditto|31/100
|
|upkeep
|turn|5
|
|t:|1617544532
|move|p1a: Ditto|Ice Beam|p2a: Arceus
|-supereffective|p2a: Arceus
|-damage|p2a: Arceus|0 fnt
|faint|p2a: Arceus
|
|upkeep
|
|t:|1617544542
|switch|p2a: Arceus|Arceus|100/100
|-damage|p2a: Arceus|88/100|[from] Stealth Rock
|turn|6
|
|t:|1617544548
|move|p2a: Arceus|Extreme Speed|p1a: Ditto
|-damage|p1a: Ditto|0 fnt
|faint|p1a: Ditto
|
|upkeep
|
|t:|1617544554
|switch|p1a: Ditto|Ditto|100/100
|-damage|p1a: Ditto|88/100|[from] Stealth Rock
|-transform|p1a: Ditto|p2a: Arceus|[from] ability: Imposter
|turn|7
|
|t:|1617544561
|switch|p2a: Necrozma|Necrozma-Dusk-Mane|100/100
|-damage|p2a: Necrozma|94/100|[from] Stealth Rock
|move|p1a: Ditto|Swords Dance|p1a: Ditto
|-boost|p1a: Ditto|atk|2
|
|upkeep
|turn|8
|
|t:|1617544580
|move|p1a: Ditto|Earthquake|p2a: Necrozma
|-supereffective|p2a: Necrozma
|-damage|p2a: Necrozma|13/100
|-zpower|p2a: Necrozma
|move|p2a: Necrozma|Searing Sunraze Smash|p1a: Ditto|[zeffect]
|-damage|p1a: Ditto|0 fnt
|faint|p1a: Ditto
|
|upkeep
|
|t:|1617544598
|switch|p1a: Ditto|Ditto|100/100
|-damage|p1a: Ditto|88/100|[from] Stealth Rock
|-transform|p1a: Ditto|p2a: Necrozma|[from] ability: Imposter
|turn|9
|
|t:|1617544608
|move|p1a: Ditto|Earthquake|p2a: Necrozma
|-supereffective|p2a: Necrozma
|-damage|p2a: Necrozma|0 fnt
|faint|p2a: Necrozma
|
|upkeep
|
|t:|1617544616
|switch|p2a: Groudon|Groudon|100/100
|-damage|p2a: Groudon|94/100|[from] Stealth Rock
|detailschange|p2a: Groudon|Groudon-Primal
|-primal|p2a: Groudon
|-weather|DesolateLand|[from] ability: Desolate Land|[of] p2a: Groudon
|turn|10
|
|t:|1617544624
|move|p2a: Groudon|Earthquake|p1a: Ditto
|-supereffective|p1a: Ditto
|-damage|p1a: Ditto|7/100
|move|p1a: Ditto|Earthquake|p2a: Groudon
|-supereffective|p2a: Groudon
|-damage|p2a: Groudon|45/100
|
|-weather|DesolateLand|[upkeep]
|upkeep
|turn|11
|
|t:|1617544630
|move|p2a: Groudon|Earthquake|p1a: Ditto
|-supereffective|p1a: Ditto
|-damage|p1a: Ditto|0 fnt
|faint|p1a: Ditto
|
|-weather|DesolateLand|[upkeep]
|upkeep
|
|t:|1617544635
|switch|p1a: Ditto|Ditto|100/100
|-damage|p1a: Ditto|88/100|[from] Stealth Rock
|-transform|p1a: Ditto|p2a: Groudon|[from] ability: Imposter
|turn|12
|
|t:|1617544644
|move|p1a: Ditto|Earthquake|p2a: Groudon
|-supereffective|p2a: Groudon
|-damage|p2a: Groudon|0 fnt
|faint|p2a: Groudon
|
|-weather|DesolateLand|[upkeep]
|upkeep
|
|t:|1617544649
|switch|p2a: Arceus|Arceus-Ground|100/100
|-damage|p2a: Arceus|94/100|[from] Stealth Rock
|turn|13
|
|t:|1617544654
|move|p2a: Arceus|Judgment|p1a: Ditto
|-supereffective|p1a: Ditto
|-damage|p1a: Ditto|0 fnt
|faint|p1a: Ditto
|-weather|none
|
|upkeep
|
|t:|1617544659
|switch|p1a: Ditto|Ditto|100/100
|-damage|p1a: Ditto|88/100|[from] Stealth Rock
|-transform|p1a: Ditto|p2a: Arceus|[from] ability: Imposter
|turn|14
|-message|niun forfeited.
|
|win|steak99
|raw|niun's rating: 1538 &rarr; <strong>1526</strong><br />(-12 for losing)
|raw|steak99's rating: 1681 &rarr; <strong>1693</strong><br />(+12 for winning)
|l|☆niun
