|j|‽Chrisbensoo
|j|☆txanpu
|t:|1657575294
|gametype|singles
|player|p1|Chrisbensoo|266|1457
|player|p2|txanpu|schoolkidf|1484
|teamsize|p1|6
|teamsize|p2|6
|gen|8
|tier|[Gen 8] National Dex AG
|rated|
|rule|HP Percentage Mod: HP is shown in percentages
|rule|Endless Battle Clause: Forcing endless battles is banned
|clearpoke
|poke|p1|Magearna|
|poke|p1|Calyrex-Shadow|
|poke|p1|Arceus-*|
|poke|p1|Ho-Oh|
|poke|p1|Metagross|
|poke|p1|Darmanitan-Galar, M|
|poke|p2|Arceus-*|
|poke|p2|Kangaskhan, F|
|poke|p2|Smeargle, L1, M|
|poke|p2|Ditto|
|poke|p2|Chansey, F|
|poke|p2|Miltank, F|
|teampreview
|
|t:|1657575311
|start
|switch|p1a: Darmanitan|Darmanitan-Galar, M|100/100
|switch|p2a: Sp0R3jeRk|Smeargle, L1, M|100/100
|turn|1
|
|t:|1657575316
|move|p2a: Sp0R3jeRk|Baneful Bunker|p2a: Sp0R3jeRk
|-singleturn|p2a: Sp0R3jeRk|move: Protect
|move|p1a: Darmanitan|Belly Drum|p1a: Darmanitan
|-damage|p1a: Darmanitan|50/100
|-setboost|p1a: Darmanitan|atk|6|[from] move: Belly Drum
|
|-formechange|p1a: Darmanitan|Darmanitan-Galar-Zen|
|upkeep
|turn|2
|
|t:|1657575324
|move|p1a: Darmanitan|Substitute|p1a: Darmanitan
|-start|p1a: Darmanitan|Substitute
|-damage|p1a: Darmanitan|25/100
|-enditem|p1a: Darmanitan|Salac Berry|[eat]
|-boost|p1a: Darmanitan|spe|1|[from] item: Salac Berry
|move|p2a: Sp0R3jeRk|Endeavor|p1a: Darmanitan
|-activate|p1a: Darmanitan|move: Substitute|[damage]
|
|upkeep
|turn|3
|
|t:|1657575327
|move|p1a: Darmanitan|Earthquake|p2a: Sp0R3jeRk
|-enditem|p2a: Sp0R3jeRk|Focus Sash
|-damage|p2a: Sp0R3jeRk|8/100
|move|p2a: Sp0R3jeRk|Endeavor|p1a: Darmanitan
|-end|p1a: Darmanitan|Substitute
|
|upkeep
|turn|4
|
|t:|1657575335
|move|p1a: Darmanitan|Earthquake|p2a: Sp0R3jeRk
|-damage|p2a: Sp0R3jeRk|0 fnt
|faint|p2a: Sp0R3jeRk
|
|upkeep
|
|t:|1657575338
|switch|p2a: Oh mY gOOOOd|Arceus|100/100
|turn|5
|
|t:|1657575352
|move|p2a: Oh mY gOOOOd|Extreme Speed|p1a: Darmanitan
|-damage|p1a: Darmanitan|0 fnt
|faint|p1a: Darmanitan
|
|upkeep
|
|t:|1657575367
|switch|p1a: Ho-Oh|Ho-Oh|100/100
|turn|6
|
|t:|1657575371
|-start|p2a: Oh mY gOOOOd|Dynamax|
|-heal|p2a: Oh mY gOOOOd|100/100|[silent]
|move|p2a: Oh mY gOOOOd|Max Phantasm|p1a: Ho-Oh
|-damage|p1a: Ho-Oh|70/100
|-unboost|p1a: Ho-Oh|def|1
|move|p1a: Ho-Oh|Toxic|p2a: Oh mY gOOOOd
|-status|p2a: Oh mY gOOOOd|tox
|
|-damage|p2a: Oh mY gOOOOd|97/100 tox|[from] psn
|upkeep
|turn|7
|
|t:|1657575382
|switch|p1a: Magearna|Magearna|100/100
|move|p2a: Oh mY gOOOOd|Max Phantasm|p1a: Magearna
|-damage|p1a: Magearna|62/100
|-unboost|p1a: Magearna|def|1
|
|-heal|p1a: Magearna|68/100|[from] item: Leftovers
|-damage|p2a: Oh mY gOOOOd|91/100 tox|[from] psn
|upkeep
|turn|8
|
|t:|1657575387
|switch|p1a: Ho-Oh|Ho-Oh|100/100
|move|p2a: Oh mY gOOOOd|Max Strike|p1a: Ho-Oh
|-damage|p1a: Ho-Oh|50/100
|-unboost|p1a: Ho-Oh|spe|1
|
|-damage|p2a: Oh mY gOOOOd|82/100 tox|[from] psn
|upkeep
|-end|p2a: Oh mY gOOOOd|Dynamax
|-heal|p2a: Oh mY gOOOOd|82/100 tox|[silent]
|turn|9
|
|t:|1657575398
|switch|p2a: EvILNesZ|Miltank, F|100/100
|switch|p1a: Arceus|Arceus-Ground|100/100
|
|upkeep
|turn|10
|
|t:|1657575403
|switch|p2a: PhATTT|Chansey, F|100/100
|move|p1a: Arceus|Judgment|p2a: PhATTT
|-damage|p2a: PhATTT|89/100
|
|upkeep
|turn|11
|
|t:|1657575412
|switch|p1a: Magearna|Magearna|68/100
|move|p2a: PhATTT|Teleport|p2a: PhATTT
|
|t:|1657575416
|switch|p2a: dinOZaurrr|Kangaskhan, F|100/100|[from]move: Teleport
|
|-heal|p1a: Magearna|74/100|[from] item: Leftovers
|upkeep
|turn|12
|
|t:|1657575426
|detailschange|p2a: dinOZaurrr|Kangaskhan-Mega, F
|-mega|p2a: dinOZaurrr|Kangaskhan|Kangaskhanite
|move|p2a: dinOZaurrr|Seismic Toss|p1a: Magearna
|-damage|p1a: Magearna|47/100
|-damage|p1a: Magearna|19/100
|-hitcount|p1a: Magearna|2
|move|p1a: Magearna|Volt Switch|p2a: dinOZaurrr
|-damage|p2a: dinOZaurrr|84/100
|
|t:|1657575433
|switch|p1a: Metagross|Metagross|100/100|[from]move: Volt Switch
|
|upkeep
|turn|13
|
|t:|1657575438
|detailschange|p1a: Metagross|Metagross-Mega
|-mega|p1a: Metagross|Metagross|Metagrossite
|move|p1a: Metagross|Meteor Mash|p2a: dinOZaurrr
|-damage|p2a: dinOZaurrr|46/100
|move|p2a: dinOZaurrr|Seismic Toss|p1a: Metagross
|-damage|p1a: Metagross|67/100
|-damage|p1a: Metagross|34/100
|-hitcount|p1a: Metagross|2
|
|upkeep
|turn|14
|
|t:|1657575448
|switch|p2a: EvILNesZ|Miltank, F|100/100
|move|p1a: Metagross|Meteor Mash|p2a: EvILNesZ
|-damage|p2a: EvILNesZ|59/100
|-damage|p1a: Metagross|17/100|[from] item: Rocky Helmet|[of] p2a: EvILNesZ
|
|upkeep
|turn|15
|
|t:|1657575456
|move|p1a: Metagross|Meteor Mash|p2a: EvILNesZ|[miss]
|-miss|p1a: Metagross|p2a: EvILNesZ
|move|p2a: EvILNesZ|Milk Drink|p2a: EvILNesZ
|-heal|p2a: EvILNesZ|100/100
|
|upkeep
|turn|16
|
|t:|1657575460
|switch|p1a: Ho-Oh|Ho-Oh|83/100
|move|p2a: EvILNesZ|Seismic Toss|p1a: Ho-Oh
|-damage|p1a: Ho-Oh|59/100
|
|upkeep
|turn|17
|
|t:|1657575464
|move|p2a: EvILNesZ|Toxic|p1a: Ho-Oh
|-status|p1a: Ho-Oh|tox
|move|p1a: Ho-Oh|Toxic|p2a: EvILNesZ
|-status|p2a: EvILNesZ|tox
|
|-damage|p2a: EvILNesZ|94/100 tox|[from] psn
|-damage|p1a: Ho-Oh|53/100 tox|[from] psn
|upkeep
|turn|18
|
|t:|1657575472
|switch|p1a: Magearna|Magearna|19/100
|move|p2a: EvILNesZ|Seismic Toss|p1a: Magearna
|-damage|p1a: Magearna|0 fnt
|faint|p1a: Magearna
|
|-damage|p2a: EvILNesZ|82/100 tox|[from] psn
|upkeep
|
|t:|1657575480
|switch|p1a: Arceus|Arceus-Ground|100/100
|turn|19
|
|t:|1657575484
|switch|p1a: Metagross|Metagross-Mega|17/100
|switch|p2a: PhATTT|Chansey, F|89/100
|
|upkeep
|turn|20
|
|t:|1657575490
|-activate|p2a: PhATTT|move: Pursuit
|move|p1a: Metagross|Pursuit|p2a: PhATTT|[from]Pursuit
|-damage|p2a: PhATTT|29/100
|switch|p2a: EvILNesZ|Miltank, F|82/100 tox
|
|-damage|p2a: EvILNesZ|76/100 tox|[from] psn
|upkeep
|turn|21
|
|t:|1657575497
|switch|p1a: Arceus|Arceus-Ground|100/100
|move|p2a: EvILNesZ|Heal Bell|p2a: EvILNesZ
|-activate|p2a: EvILNesZ|move: Heal Bell
|-curestatus|p2a: EvILNesZ|tox|[msg]
|-curestatus|p2: Oh mY gOOOOd|tox|[msg]
|
|upkeep
|turn|22
|
|t:|1657575501
|move|p1a: Arceus|Judgment|p2a: EvILNesZ
|-damage|p2a: EvILNesZ|20/100
|move|p2a: EvILNesZ|Toxic|p1a: Arceus
|-status|p1a: Arceus|tox
|
|-damage|p1a: Arceus|94/100 tox|[from] psn
|upkeep
|turn|23
|
|t:|1657575504
|switch|p2a: Oh mY gOOOOd|Arceus|82/100
|move|p1a: Arceus|Judgment|p2a: Oh mY gOOOOd
|-crit|p2a: Oh mY gOOOOd
|-damage|p2a: Oh mY gOOOOd|33/100
|
|-damage|p1a: Arceus|82/100 tox|[from] psn
|upkeep
|turn|24
|
|t:|1657575508
|move|p1a: Arceus|Judgment|p2a: Oh mY gOOOOd
|-damage|p2a: Oh mY gOOOOd|4/100
|move|p2a: Oh mY gOOOOd|Recover|p2a: Oh mY gOOOOd
|-heal|p2a: Oh mY gOOOOd|54/100
|
|-damage|p1a: Arceus|64/100 tox|[from] psn
|upkeep
|turn|25
|
|t:|1657575512
|move|p1a: Arceus|Refresh|p1a: Arceus
|-curestatus|p1a: Arceus|tox|[msg]
|move|p2a: Oh mY gOOOOd|Recover|p2a: Oh mY gOOOOd
|-heal|p2a: Oh mY gOOOOd|100/100
|
|upkeep
|turn|26
|
|t:|1657575516
|switch|p2a: PhATTT|Chansey, F|29/100
|move|p1a: Arceus|Judgment|p2a: PhATTT
|-damage|p2a: PhATTT|17/100
|
|upkeep
|turn|27
|
|t:|1657575522
|switch|p1a: Metagross|Metagross-Mega|17/100
|move|p2a: PhATTT|Soft-Boiled|p2a: PhATTT
|-heal|p2a: PhATTT|67/100
|
|upkeep
|turn|28
|
|t:|1657575529
|move|p1a: Metagross|Meteor Mash|p2a: PhATTT|[miss]
|-miss|p1a: Metagross|p2a: PhATTT
|move|p2a: PhATTT|Seismic Toss|p1a: Metagross
|-damage|p1a: Metagross|0 fnt
|faint|p1a: Metagross
|
|upkeep
|c|☆txanpu|f
|n|☆Chrisbensoo|chrisbensoo
|c|☆Chrisbensoo|I made the right prediction and still got the 10% role
|c|☆Chrisbensoo|roll
|
|t:|1657575556
|switch|p1a: Calyrex|Calyrex-Shadow|100/100
|-ability|p1a: Calyrex|As One
|-ability|p1a: Calyrex|Unnerve
|turn|29
|c|☆txanpu|everithing thats not 100% accurate... i was like u would pursuit tbh
|
|t:|1657575595
|switch|p2a: Oh mY gOOOOd|Arceus|100/100
|move|p1a: Calyrex|Trick|p2a: Oh mY gOOOOd
|-activate|p1a: Calyrex|move: Trick|[of] p2a: Oh mY gOOOOd
|-item|p2a: Oh mY gOOOOd|Choice Specs|[from] move: Trick
|-item|p1a: Calyrex|Choice Band|[from] move: Trick
|
|upkeep
|turn|30
|
|t:|1657575606
|switch|p1a: Arceus|Arceus-Ground|64/100
|move|p2a: Oh mY gOOOOd|Shadow Claw|p1a: Arceus
|-damage|p1a: Arceus|52/100
|
|upkeep
|turn|31
|
|t:|1657575616
|switch|p1a: Calyrex|Calyrex-Shadow|100/100
|-ability|p1a: Calyrex|As One
|-ability|p1a: Calyrex|Unnerve
|switch|p2a: PhATTT|Chansey, F|67/100
|
|upkeep
|turn|32
|
|t:|1657575625
|switch|p2a: dinOZaurrr|Kangaskhan-Mega, F|46/100
|move|p1a: Calyrex|Dark Pulse|p2a: dinOZaurrr
|-damage|p2a: dinOZaurrr|20/100
|
|upkeep
|turn|33
|
|t:|1657575636
|switch|p2a: PhATTT|Chansey, F|67/100
|move|p1a: Calyrex|Dark Pulse|p2a: PhATTT
|-damage|p2a: PhATTT|60/100
|
|upkeep
|turn|34
|
|t:|1657575643
|switch|p1a: Arceus|Arceus-Ground|52/100
|move|p2a: PhATTT|Seismic Toss|p1a: Arceus
|-damage|p1a: Arceus|30/100
|
|upkeep
|turn|35
|
|t:|1657575646
|move|p1a: Arceus|Recover|p1a: Arceus
|-heal|p1a: Arceus|80/100
|move|p2a: PhATTT|Seismic Toss|p1a: Arceus
|-damage|p1a: Arceus|57/100
|
|upkeep
|turn|36
|
|t:|1657575650
|switch|p1a: Calyrex|Calyrex-Shadow|100/100
|-ability|p1a: Calyrex|As One
|-ability|p1a: Calyrex|Unnerve
|move|p2a: PhATTT|Toxic|p1a: Calyrex
|-status|p1a: Calyrex|tox
|
|-damage|p1a: Calyrex|94/100 tox|[from] psn
|upkeep
|turn|37
|
|t:|1657575656
|switch|p2a: ZacIAN 2.0|Ditto|100/100
|-transform|p2a: ZacIAN 2.0|p1a: Calyrex|[from] ability: Imposter
|move|p1a: Calyrex|Trick|p2a: ZacIAN 2.0
|-activate|p1a: Calyrex|move: Trick|[of] p2a: ZacIAN 2.0
|-item|p2a: ZacIAN 2.0|Choice Band|[from] move: Trick
|-item|p1a: Calyrex|Choice Scarf|[from] move: Trick
|
|-damage|p1a: Calyrex|82/100 tox|[from] psn
|upkeep
|turn|38
|c|☆txanpu|f
|
|t:|1657575674
|switch|p2a: PhATTT|Chansey, F|60/100
|move|p1a: Calyrex|Dark Pulse|p2a: PhATTT
|-damage|p2a: PhATTT|52/100
|
|-damage|p1a: Calyrex|64/100 tox|[from] psn
|upkeep
|turn|39
|
|t:|1657575681
|switch|p1a: Arceus|Arceus-Ground|57/100
|move|p2a: PhATTT|Teleport|p2a: PhATTT
|
|t:|1657575686
|switch|p2a: ZacIAN 2.0|Ditto|100/100|[from]move: Teleport
|-transform|p2a: ZacIAN 2.0|p1a: Arceus|[from] ability: Imposter
|
|upkeep
|turn|40
|
|t:|1657575698
|move|p1a: Arceus|Recover|p1a: Arceus
|-heal|p1a: Arceus|100/100
|move|p2a: ZacIAN 2.0|Ice Beam|p1a: Arceus
|-supereffective|p1a: Arceus
|-damage|p1a: Arceus|68/100
|
|upkeep
|turn|41
|
|t:|1657575702
|switch|p2a: PhATTT|Chansey, F|52/100
|move|p1a: Arceus|Ice Beam|p2a: PhATTT
|-damage|p2a: PhATTT|47/100
|
|upkeep
|turn|42
|
|t:|1657575709
|switch|p1a: Calyrex|Calyrex-Shadow|64/100 tox
|-ability|p1a: Calyrex|As One
|-ability|p1a: Calyrex|Unnerve
|move|p2a: PhATTT|Teleport|p2a: PhATTT
|
|t:|1657575718
|switch|p2a: Oh mY gOOOOd|Arceus|100/100|[from]move: Teleport
|
|-damage|p1a: Calyrex|57/100 tox|[from] psn
|upkeep
|turn|43
|
|t:|1657575727
|move|p1a: Calyrex|Aromatherapy|p1a: Calyrex
|-activate|p1a: Calyrex|move: Aromatherapy
|-curestatus|p1a: Calyrex|tox|[msg]
|-curestatus|p1: Ho-Oh|tox|[msg]
|move|p2a: Oh mY gOOOOd|Trick|p1a: Calyrex
|-activate|p2a: Oh mY gOOOOd|move: Trick|[of] p1a: Calyrex
|-item|p1a: Calyrex|Choice Specs|[from] move: Trick
|-item|p2a: Oh mY gOOOOd|Choice Scarf|[from] move: Trick
|
|upkeep
|turn|44
|
|t:|1657575748
|switch|p1a: Arceus|Arceus-Ground|68/100
|switch|p2a: PhATTT|Chansey, F|47/100
|
|upkeep
|turn|45
|
|t:|1657575756
|move|p1a: Arceus|Recover|p1a: Arceus
|-heal|p1a: Arceus|100/100
|move|p2a: PhATTT|Toxic|p1a: Arceus
|-status|p1a: Arceus|tox
|
|-damage|p1a: Arceus|94/100 tox|[from] psn
|upkeep
|turn|46
|
|t:|1657575759
|move|p1a: Arceus|Refresh|p1a: Arceus
|-curestatus|p1a: Arceus|tox|[msg]
|move|p2a: PhATTT|Soft-Boiled|p2a: PhATTT
|-heal|p2a: PhATTT|97/100
|
|upkeep
|turn|47
|
|t:|1657575767
|move|p1a: Arceus|Ice Beam|p2a: PhATTT
|-damage|p2a: PhATTT|91/100
|move|p2a: PhATTT|Toxic|p1a: Arceus
|-status|p1a: Arceus|tox
|
|-damage|p1a: Arceus|88/100 tox|[from] psn
|upkeep
|turn|48
|
|t:|1657575771
|move|p1a: Arceus|Ice Beam|p2a: PhATTT
|-damage|p2a: PhATTT|86/100
|move|p2a: PhATTT|Seismic Toss|p1a: Arceus
|-damage|p1a: Arceus|66/100 tox
|
|-damage|p1a: Arceus|54/100 tox|[from] psn
|upkeep
|turn|49
|
|t:|1657575776
|move|p1a: Arceus|Refresh|p1a: Arceus
|-curestatus|p1a: Arceus|tox|[msg]
|move|p2a: PhATTT|Seismic Toss|p1a: Arceus
|-damage|p1a: Arceus|31/100
|
|upkeep
|turn|50
|
|t:|1657575778
|move|p1a: Arceus|Recover|p1a: Arceus
|-heal|p1a: Arceus|81/100
|move|p2a: PhATTT|Toxic|p1a: Arceus
|-status|p1a: Arceus|tox
|
|-damage|p1a: Arceus|75/100 tox|[from] psn
|upkeep
|turn|51
|
|t:|1657575787
|switch|p2a: Oh mY gOOOOd|Arceus|100/100
|move|p1a: Arceus|Refresh|p1a: Arceus
|-curestatus|p1a: Arceus|tox|[msg]
|
|upkeep
|turn|52
|
|t:|1657575793
|move|p2a: Oh mY gOOOOd|Extreme Speed|p1a: Arceus
|-crit|p1a: Arceus
|-damage|p1a: Arceus|46/100
|move|p1a: Arceus|Recover|p1a: Arceus
|-heal|p1a: Arceus|96/100
|
|upkeep
|turn|53
|
|t:|1657575805
|switch|p2a: PhATTT|Chansey, F|86/100
|move|p1a: Arceus|Judgment|p2a: PhATTT
|-damage|p2a: PhATTT|75/100
|
|upkeep
|turn|54
|
|t:|1657575812
|move|p1a: Arceus|Ice Beam|p2a: PhATTT
|-damage|p2a: PhATTT|69/100
|move|p2a: PhATTT|Toxic|p1a: Arceus
|-status|p1a: Arceus|tox
|
|-damage|p1a: Arceus|90/100 tox|[from] psn
|upkeep
|turn|55
|
|t:|1657575814
|move|p1a: Arceus|Ice Beam|p2a: PhATTT
|-damage|p2a: PhATTT|63/100
|move|p2a: PhATTT|Soft-Boiled|p2a: PhATTT
|-heal|p2a: PhATTT|100/100
|
|-damage|p1a: Arceus|78/100 tox|[from] psn
|upkeep
|turn|56
|
|t:|1657575820
|move|p1a: Arceus|Refresh|p1a: Arceus
|-curestatus|p1a: Arceus|tox|[msg]
|move|p2a: PhATTT|Seismic Toss|p1a: Arceus
|-damage|p1a: Arceus|55/100
|
|upkeep
|turn|57
|
|t:|1657575823
|move|p1a: Arceus|Ice Beam|p2a: PhATTT
|-damage|p2a: PhATTT|94/100
|move|p2a: PhATTT|Seismic Toss|p1a: Arceus
|-damage|p1a: Arceus|32/100
|
|upkeep
|turn|58
|
|t:|1657575825
|move|p1a: Arceus|Recover|p1a: Arceus
|-heal|p1a: Arceus|82/100
|move|p2a: PhATTT|Seismic Toss|p1a: Arceus
|-damage|p1a: Arceus|60/100
|
|upkeep
|turn|59
|
|t:|1657575830
|switch|p1a: Calyrex|Calyrex-Shadow|57/100
|-ability|p1a: Calyrex|As One
|-ability|p1a: Calyrex|Unnerve
|move|p2a: PhATTT|Seismic Toss|p1a: Calyrex
|-immune|p1a: Calyrex
|
|upkeep
|turn|60
|
|t:|1657575843
|switch|p1a: Arceus|Arceus-Ground|60/100
|switch|p2a: ZacIAN 2.0|Ditto|100/100
|-transform|p2a: ZacIAN 2.0|p1a: Arceus|[from] ability: Imposter
|
|upkeep
|turn|61
|
|t:|1657575848
|switch|p2a: Oh mY gOOOOd|Arceus|100/100
|move|p1a: Arceus|Recover|p1a: Arceus
|-heal|p1a: Arceus|100/100
|
|upkeep
|turn|62
|
|t:|1657575852
|switch|p2a: PhATTT|Chansey, F|94/100
|switch|p1a: Ho-Oh|Ho-Oh|86/100
|
|upkeep
|turn|63
|
|t:|1657575856
|switch|p2a: EvILNesZ|Miltank, F|20/100
|move|p1a: Ho-Oh|Sacred Fire|p2a: EvILNesZ
|-damage|p2a: EvILNesZ|0 fnt
|faint|p2a: EvILNesZ
|
|upkeep
|
|t:|1657575858
|switch|p2a: Oh mY gOOOOd|Arceus|100/100
|turn|64
|
|t:|1657575860
|switch|p1a: Arceus|Arceus-Ground|100/100
|move|p2a: Oh mY gOOOOd|Trick||[still]
|-fail|p2a: Oh mY gOOOOd
|
|upkeep
|turn|65
|
|t:|1657575865
|switch|p2a: ZacIAN 2.0|Ditto|100/100
|-transform|p2a: ZacIAN 2.0|p1a: Arceus|[from] ability: Imposter
|move|p1a: Arceus|Judgment|p2a: ZacIAN 2.0
|-crit|p2a: ZacIAN 2.0
|-damage|p2a: ZacIAN 2.0|26/100
|
|upkeep
|turn|66
|
|t:|1657575872
|switch|p2a: Oh mY gOOOOd|Arceus|100/100
|move|p1a: Arceus|Ice Beam|p2a: Oh mY gOOOOd
|-damage|p2a: Oh mY gOOOOd|84/100
|
|upkeep
|turn|67
|
|t:|1657575878
|switch|p1a: Ho-Oh|Ho-Oh|100/100
|move|p2a: Oh mY gOOOOd|Extreme Speed|p1a: Ho-Oh
|-damage|p1a: Ho-Oh|70/100
|
|upkeep
|turn|68
|
|t:|1657575879
|move|p2a: Oh mY gOOOOd|Extreme Speed|p1a: Ho-Oh
|-damage|p1a: Ho-Oh|40/100
|move|p1a: Ho-Oh|Sacred Fire|p2a: Oh mY gOOOOd
|-damage|p2a: Oh mY gOOOOd|57/100
|
|upkeep
|turn|69
|
|t:|1657575883
|move|p2a: Oh mY gOOOOd|Extreme Speed|p1a: Ho-Oh
|-damage|p1a: Ho-Oh|10/100
|move|p1a: Ho-Oh|Sacred Fire|p2a: Oh mY gOOOOd
|-damage|p2a: Oh mY gOOOOd|26/100
|
|upkeep
|turn|70
|
|t:|1657575886
|switch|p2a: ZacIAN 2.0|Ditto|26/100
|-transform|p2a: ZacIAN 2.0|p1a: Ho-Oh|[from] ability: Imposter
|switch|p1a: Arceus|Arceus-Ground|100/100
|
|upkeep
|turn|71
|
|t:|1657575902
|switch|p2a: PhATTT|Chansey, F|94/100
|move|p1a: Arceus|Ice Beam|p2a: PhATTT
|-damage|p2a: PhATTT|89/100
|
|upkeep
|turn|72
|
|t:|1657575905
|switch|p1a: Ho-Oh|Ho-Oh|43/100
|move|p2a: PhATTT|Teleport|p2a: PhATTT
|
|t:|1657575909
|switch|p2a: Oh mY gOOOOd|Arceus|26/100|[from]move: Teleport
|
|upkeep
|turn|73
|
|t:|1657575915
|move|p2a: Oh mY gOOOOd|Extreme Speed|p1a: Ho-Oh
|-damage|p1a: Ho-Oh|14/100
|move|p1a: Ho-Oh|Sacred Fire|p2a: Oh mY gOOOOd
|-damage|p2a: Oh mY gOOOOd|0 fnt
|faint|p2a: Oh mY gOOOOd
|
|upkeep
|
|t:|1657575917
|switch|p2a: ZacIAN 2.0|Ditto|60/100
|-transform|p2a: ZacIAN 2.0|p1a: Ho-Oh|[from] ability: Imposter
|turn|74
|
|t:|1657575919
|switch|p1a: Arceus|Arceus-Ground|100/100
|move|p2a: ZacIAN 2.0|Sacred Fire|p1a: Arceus
|-crit|p1a: Arceus
|-damage|p1a: Arceus|51/100
|
|upkeep
|turn|75
|
|t:|1657575923
|move|p1a: Arceus|Recover|p1a: Arceus
|-heal|p1a: Arceus|100/100
|move|p2a: ZacIAN 2.0|Sacred Fire|p1a: Arceus
|-damage|p1a: Arceus|71/100
|-status|p1a: Arceus|brn
|
|-damage|p1a: Arceus|64/100 brn|[from] brn
|upkeep
|turn|76
|
|t:|1657575925
|switch|p2a: PhATTT|Chansey, F|89/100
|move|p1a: Arceus|Recover|p1a: Arceus
|-heal|p1a: Arceus|100/100 brn
|
|-damage|p1a: Arceus|94/100 brn|[from] brn
|upkeep
|turn|77
|
|t:|1657575928
|move|p1a: Arceus|Ice Beam|p2a: PhATTT
|-damage|p2a: PhATTT|84/100
|move|p2a: PhATTT|Seismic Toss|p1a: Arceus
|-damage|p1a: Arceus|72/100 brn
|
|-damage|p1a: Arceus|66/100 brn|[from] brn
|upkeep
|turn|78
|
|t:|1657575930
|move|p1a: Arceus|Ice Beam|p2a: PhATTT
|-damage|p2a: PhATTT|78/100
|move|p2a: PhATTT|Seismic Toss|p1a: Arceus
|-damage|p1a: Arceus|43/100 brn
|
|-damage|p1a: Arceus|37/100 brn|[from] brn
|upkeep
|turn|79
|
|t:|1657575932
|move|p1a: Arceus|Recover|p1a: Arceus
|-heal|p1a: Arceus|87/100 brn
|move|p2a: PhATTT|Seismic Toss|p1a: Arceus
|-damage|p1a: Arceus|65/100 brn
|
|-damage|p1a: Arceus|59/100 brn|[from] brn
|upkeep
|turn|80
|
|t:|1657575934
|move|p1a: Arceus|Recover|p1a: Arceus
|-heal|p1a: Arceus|100/100 brn
|move|p2a: PhATTT|Seismic Toss|p1a: Arceus
|-damage|p1a: Arceus|78/100 brn
|
|-damage|p1a: Arceus|72/100 brn|[from] brn
|upkeep
|turn|81
|c|☆txanpu|gg
|c|☆Chrisbensoo|gg
|-message|txanpu forfeited.
|
|win|Chrisbensoo
|raw|Chrisbensoo's rating: 1457 &rarr; <strong>1479</strong><br />(+22 for winning)
|raw|txanpu's rating: 1484 &rarr; <strong>1462</strong><br />(-22 for losing)
|l|☆txanpu
||Ladder isn't responding, score probably updated but might not have (Request timeout).
