|j|☆Diancie_hhh
|j|☆gungou
|t:|1666962161
|gametype|singles
|player|p1|Diancie_hhh|marnie|1699
|player|p2|gungou|265|1586
|teamsize|p1|6
|teamsize|p2|6
|gen|8
|tier|[Gen 8] National Dex AG
|rated|
|rule|HP Percentage Mod: HP is shown in percentages
|rule|Endless Battle Clause: Forcing endless battles is banned
|clearpoke
|poke|p1|Arceus-*|
|poke|p1|Zacian-*|
|poke|p1|Groudon|
|poke|p1|Ho-Oh|
|poke|p1|Zygarde|
|poke|p1|Weavile, F|
|poke|p2|Deoxys-Speed|
|poke|p2|Salamence, M|
|poke|p2|Necrozma-Dusk-Mane|
|poke|p2|Marshadow|
|poke|p2|Ditto|
|poke|p2|Arceus-*|
|teampreview
|inactive|Battle timer is ON: inactive players will automatically lose when time's up. (requested by gungou)
|
|t:|1666962170
|start
|switch|p1a: Weavile|Weavile, F, shiny|100/100
|switch|p2a: Deoxys|Deoxys-Speed|100/100
|-ability|p1a: Weavile|Pressure
|-ability|p2a: Deoxys|Pressure
|turn|1
|inactive|gungou has 120 seconds left.
|
|t:|1666962207
|move|p1a: Weavile|Beat Up|p2a: Deoxys
|-supereffective|p2a: Deoxys
|-damage|p2a: Deoxys|71/100
|-supereffective|p2a: Deoxys
|-damage|p2a: Deoxys|31/100
|-supereffective|p2a: Deoxys
|-crit|p2a: Deoxys
|-damage|p2a: Deoxys|0 fnt
|faint|p2a: Deoxys
|-hitcount|p2: Deoxys|3
|
|upkeep
|
|t:|1666962217
|switch|p2a: Necrozma|Necrozma-Dusk-Mane|100/100
|turn|2
|
|t:|1666962226
|move|p1a: Weavile|Beat Up|p2a: Necrozma
|-supereffective|p2a: Necrozma
|-damage|p2a: Necrozma|93/100
|-supereffective|p2a: Necrozma
|-damage|p2a: Necrozma|84/100
|-supereffective|p2a: Necrozma
|-damage|p2a: Necrozma|75/100
|-supereffective|p2a: Necrozma
|-damage|p2a: Necrozma|67/100
|-supereffective|p2a: Necrozma
|-damage|p2a: Necrozma|61/100
|-supereffective|p2a: Necrozma
|-damage|p2a: Necrozma|54/100
|-hitcount|p2a: Necrozma|6
|move|p2a: Necrozma|Stealth Rock|p1a: Weavile
|-sidestart|p1: Diancie_hhh|move: Stealth Rock
|
|upkeep
|turn|3
|inactive|gungou has 120 seconds left.
|
|t:|1666962242
|switch|p1a: Ho-Oh|Ho-Oh|100/100
|move|p2a: Necrozma|Morning Sun|p2a: Necrozma
|-heal|p2a: Necrozma|100/100
|
|upkeep
|turn|4
|
|t:|1666962248
|move|p1a: Ho-Oh|Defog|p2a: Necrozma
|-unboost|p2a: Necrozma|evasion|1
|-sideend|p1: Diancie_hhh|Stealth Rock|[from] move: Defog|[of] p1a: Ho-Oh
|move|p2a: Necrozma|Thunder Wave|p1a: Ho-Oh
|-status|p1a: Ho-Oh|par
|
|upkeep
|turn|5
|
|t:|1666962259
|move|p2a: Necrozma|Stealth Rock|p1a: Ho-Oh
|-sidestart|p1: Diancie_hhh|move: Stealth Rock
|cant|p1a: Ho-Oh|par
|
|upkeep
|turn|6
|
|t:|1666962263
|move|p2a: Necrozma|Sunsteel Strike|p1a: Ho-Oh
|-resisted|p1a: Ho-Oh
|-damage|p1a: Ho-Oh|78/100 par
|move|p1a: Ho-Oh|Sacred Fire|p2a: Necrozma
|-supereffective|p2a: Necrozma
|-damage|p2a: Necrozma|65/100
|
|upkeep
|turn|7
|
|t:|1666962273
|move|p2a: Necrozma|Morning Sun|p2a: Necrozma
|-heal|p2a: Necrozma|100/100
|move|p1a: Ho-Oh|Defog|p2a: Necrozma
|-unboost|p2a: Necrozma|evasion|1
|-sideend|p1: Diancie_hhh|Stealth Rock|[from] move: Defog|[of] p1a: Ho-Oh
|
|upkeep
|turn|8
|
|t:|1666962277
|move|p2a: Necrozma|Stealth Rock|p1a: Ho-Oh
|-sidestart|p1: Diancie_hhh|move: Stealth Rock
|cant|p1a: Ho-Oh|par
|
|upkeep
|turn|9
|
|t:|1666962298
|move|p2a: Necrozma|Sunsteel Strike|p1a: Ho-Oh
|-resisted|p1a: Ho-Oh
|-damage|p1a: Ho-Oh|55/100 par
|move|p1a: Ho-Oh|Defog|p2a: Necrozma
|-unboost|p2a: Necrozma|evasion|1
|-sideend|p1: Diancie_hhh|Stealth Rock|[from] move: Defog|[of] p1a: Ho-Oh
|
|upkeep
|turn|10
|
|t:|1666962305
|move|p2a: Necrozma|Stealth Rock|p1a: Ho-Oh
|-sidestart|p1: Diancie_hhh|move: Stealth Rock
|move|p1a: Ho-Oh|Sacred Fire|p2a: Necrozma
|-supereffective|p2a: Necrozma
|-damage|p2a: Necrozma|63/100
|-status|p2a: Necrozma|brn
|
|-damage|p2a: Necrozma|57/100 brn|[from] brn
|upkeep
|turn|11
|
|t:|1666962324
|move|p2a: Necrozma|Morning Sun|p2a: Necrozma
|-heal|p2a: Necrozma|100/100 brn
|cant|p1a: Ho-Oh|par
|
|-damage|p2a: Necrozma|94/100 brn|[from] brn
|upkeep
|turn|12
|
|t:|1666962333
|switch|p2a: Salamence|Salamence, M, shiny|100/100
|move|p1a: Ho-Oh|Defog|p2a: Salamence
|-unboost|p2a: Salamence|evasion|1
|-sideend|p1: Diancie_hhh|Stealth Rock|[from] move: Defog|[of] p1a: Ho-Oh
|
|upkeep
|turn|13
|
|t:|1666962341
|switch|p1a: Zygarde|Zygarde, shiny|100/100
|-start|p2a: Salamence|Dynamax|
|-heal|p2a: Salamence|100/100|[silent]
|move|p2a: Salamence|Max Airstream|p1a: Zygarde
|-damage|p1a: Zygarde|58/100
|-boost|p2a: Salamence|spe|1
|
|upkeep
|turn|14
|
|t:|1666962351
|switch|p1a: Zacian|Zacian-Crowned|100/100
|-ability|p1a: Zacian|Intrepid Sword|boost
|-boost|p1a: Zacian|atk|1
|move|p2a: Salamence|Max Wyrmwind|p1a: Zacian
|-immune|p1a: Zacian
|
|upkeep
|turn|15
|
|t:|1666962359
|switch|p1a: Ho-Oh|Ho-Oh|88/100 par
|move|p2a: Salamence|Max Quake|p1a: Ho-Oh
|-immune|p1a: Ho-Oh
|
|upkeep
|-end|p2a: Salamence|Dynamax
|-heal|p2a: Salamence|100/100|[silent]
|turn|16
|
|t:|1666962371
|switch|p1a: Zygarde|Zygarde, shiny|58/100
|move|p2a: Salamence|Dual Wingbeat|p1a: Zygarde
|-damage|p1a: Zygarde|44/100
|-damage|p1a: Zygarde|30/100
|-hitcount|p1a: Zygarde|2
|
|-activate|p1a: Zygarde|ability: Power Construct
|detailschange|p1a: Zygarde|Zygarde-Complete, shiny
|-heal|p1a: Zygarde|55/100|[silent]
|upkeep
|turn|17
|
|t:|1666962376
|move|p2a: Salamence|Earthquake|p1a: Zygarde
|-crit|p1a: Zygarde
|-damage|p1a: Zygarde|32/100
|move|p1a: Zygarde|Glare|p2a: Salamence
|-status|p2a: Salamence|par
|
|upkeep
|turn|18
|-message|gungou forfeited.
|
|win|Diancie_hhh
|raw|Diancie_hhh's rating: 1699 &rarr; <strong>1713</strong><br />(+14 for winning)
|raw|gungou's rating: 1586 &rarr; <strong>1572</strong><br />(-14 for losing)
|l|☆gungou
||Ladder isn't responding, score probably updated but might not have (Request timeout).
