|j|☆KLightning18
|j|☆C0ld as Ic3
|t:|1667525628
|gametype|singles
|player|p1|KLightning18|pokekid|
|player|p2|C0ld as Ic3|schoolkid-gen4dp|
|teamsize|p1|6
|teamsize|p2|6
|gen|8
|tier|[Gen 8] National Dex AG
|rule|HP Percentage Mod: HP is shown in percentages
|rule|Endless Battle Clause: Forcing endless battles is banned
|clearpoke
|poke|p1|Sandaconda, F|
|poke|p1|Grimmsnarl, M|
|poke|p1|Excadrill, F|
|poke|p1|Dragapult, M|
|poke|p1|Cloyster, M|
|poke|p1|Garchomp, F|
|poke|p2|Yveltal|
|poke|p2|Rayquaza|
|poke|p2|Arceus-*|
|poke|p2|Calyrex-Shadow|
|poke|p2|Donphan, F|
|poke|p2|Marshadow|
|teampreview
|inactive|Battle timer is ON: inactive players will automatically lose when time's up. (requested by C0ld as Ic3)
|c|☆KLightning18|MY GOD
|c|☆KLightning18|Hey Champ
|c|☆C0ld as Ic3|uh not really champ but- x))
|c|☆C0ld as Ic3|hi
|inactive|C0ld as Ic3 has 270 seconds left.
|
|t:|1667525660
|start
|switch|p1a: Grimmsnarl|Grimmsnarl, M|100/100
|switch|p2a: Donphan|Donphan, F|100/100
|turn|1
|
|t:|1667525667
|move|p1a: Grimmsnarl|Reflect|p1a: Grimmsnarl
|-sidestart|p1: KLightning18|Reflect
|move|p2a: Donphan|Stealth Rock|p1a: Grimmsnarl
|-sidestart|p1: KLightning18|move: Stealth Rock
|
|upkeep
|turn|2
|
|t:|1667525677
|move|p1a: Grimmsnarl|Taunt|p2a: Donphan
|-start|p2a: Donphan|move: Taunt
|move|p2a: Donphan|Bulldoze|p1a: Grimmsnarl
|-damage|p1a: Grimmsnarl|87/100
|-unboost|p1a: Grimmsnarl|spe|1
|
|upkeep
|turn|3
|
|t:|1667525691
|move|p1a: Grimmsnarl|Light Screen|p1a: Grimmsnarl
|-sidestart|p1: KLightning18|move: Light Screen
|move|p2a: Donphan|Bulldoze|p1a: Grimmsnarl
|-damage|p1a: Grimmsnarl|73/100
|-unboost|p1a: Grimmsnarl|spe|1
|
|upkeep
|turn|4
|inactive|C0ld as Ic3 has 270 seconds left.
|
|t:|1667525722
|switch|p1a: Dragapult|Dragapult, M|100/100
|-damage|p1a: Dragapult|88/100|[from] Stealth Rock
|move|p2a: Donphan|Bulldoze|p1a: Dragapult
|-damage|p1a: Dragapult|74/100
|-unboost|p1a: Dragapult|spe|1
|
|-end|p2a: Donphan|move: Taunt
|upkeep
|turn|5
|c|☆KLightning18|You Are Champ
|c|☆KLightning18|You Are The Highest In The Whole National Dex AG Ladder
|inactive|KLightning18 has 270 seconds left.
|
|t:|1667525753
|move|p1a: Dragapult|Dragon Dance|p1a: Dragapult
|-boost|p1a: Dragapult|atk|1
|-boost|p1a: Dragapult|spe|1
|move|p2a: Donphan|Bulldoze|p1a: Dragapult
|-damage|p1a: Dragapult|60/100
|-unboost|p1a: Dragapult|spe|1
|-start|p2a: Donphan|Disable|Bulldoze|[from] ability: Cursed Body|[of] p1a: Dragapult
|
|upkeep
|turn|6
|c|☆C0ld as Ic3|x)
|c|☆C0ld as Ic3|thats just temporary T-T
|inactive|C0ld as Ic3 has 270 seconds left.
|
|t:|1667525777
|move|p1a: Dragapult|Dragon Dance|p1a: Dragapult
|-boost|p1a: Dragapult|atk|1
|-boost|p1a: Dragapult|spe|1
|move|p2a: Donphan|Rapid Spin|p1a: Dragapult
|-immune|p1a: Dragapult
|
|upkeep
|turn|7
|c|☆KLightning18|What
|inactive|C0ld as Ic3 has 270 seconds left.
|c|☆KLightning18|:)
|c|☆KLightning18|haha
|inactive|KLightning18 has 270 seconds left.
|
|t:|1667525796
|move|p1a: Dragapult|Dragon Dance|p1a: Dragapult
|-boost|p1a: Dragapult|atk|1
|-boost|p1a: Dragapult|spe|1
|move|p2a: Donphan|Rapid Spin|p1a: Dragapult
|-immune|p1a: Dragapult
|
|upkeep
|turn|8
|
|t:|1667525803
|move|p1a: Dragapult|Dragon Dance|p1a: Dragapult
|-boost|p1a: Dragapult|atk|1
|-boost|p1a: Dragapult|spe|1
|move|p2a: Donphan|Rapid Spin|p1a: Dragapult
|-immune|p1a: Dragapult
|
|-end|p2a: Donphan|Disable
|-sideend|p1: KLightning18|Reflect
|upkeep
|turn|9
|
|t:|1667525817
|move|p1a: Dragapult|Dragon Dance|p1a: Dragapult
|-boost|p1a: Dragapult|atk|1
|-boost|p1a: Dragapult|spe|1
|move|p2a: Donphan|Bulldoze|p1a: Dragapult
|-damage|p1a: Dragapult|34/100
|-unboost|p1a: Dragapult|spe|1
|
|upkeep
|turn|10
|
|t:|1667525824
|move|p1a: Dragapult|Dragon Darts|p2a: Donphan
|-damage|p2a: Donphan|38/100
|-anim|p1a: Dragapult|Dragon Darts|p2a: Donphan
|-damage|p2a: Donphan|0 fnt
|faint|p2a: Donphan
|
|-sideend|p1: KLightning18|move: Light Screen
|upkeep
|
|t:|1667525830
|switch|p2a: Marshadow|Marshadow|100/100
|turn|11
|
|t:|1667525834
|move|p2a: Marshadow|Shadow Sneak|p1a: Dragapult
|-supereffective|p1a: Dragapult
|-damage|p1a: Dragapult|0 fnt
|faint|p1a: Dragapult
|-damage|p2a: Marshadow|91/100|[from] item: Life Orb
|
|upkeep
|
|t:|1667525842
|switch|p1a: Cloyster|Cloyster, M|100/100
|-damage|p1a: Cloyster|76/100|[from] Stealth Rock
|turn|12
|
|t:|1667525852
|move|p2a: Marshadow|Close Combat|p1a: Cloyster
|-supereffective|p1a: Cloyster
|-damage|p1a: Cloyster|0 fnt
|-unboost|p2a: Marshadow|def|1
|-unboost|p2a: Marshadow|spd|1
|faint|p1a: Cloyster
|-damage|p2a: Marshadow|81/100|[from] item: Life Orb
|
|upkeep
|
|t:|1667525860
|switch|p1a: Sandaconda|Sandaconda, F|100/100
|-damage|p1a: Sandaconda|94/100|[from] Stealth Rock
|turn|13
|inactive|C0ld as Ic3 has 270 seconds left.
|
|t:|1667525893
|move|p2a: Marshadow|Bulk Up|p2a: Marshadow
|-boost|p2a: Marshadow|atk|1
|-boost|p2a: Marshadow|def|1
|move|p1a: Sandaconda|Stealth Rock|p2a: Marshadow
|-sidestart|p2: C0ld as Ic3|move: Stealth Rock
|
|upkeep
|turn|14
|inactive|C0ld as Ic3 has 270 seconds left.
|
|t:|1667525906
|move|p2a: Marshadow|Close Combat|p1a: Sandaconda
|-damage|p1a: Sandaconda|0 fnt
|-unboost|p2a: Marshadow|def|1
|-unboost|p2a: Marshadow|spd|1
|-weather|Sandstorm|[from] ability: Sand Spit|[of] p1a: Sandaconda
|faint|p1a: Sandaconda
|-damage|p2a: Marshadow|71/100|[from] item: Life Orb
|
|-weather|Sandstorm|[upkeep]
|-damage|p2a: Marshadow|64/100|[from] Sandstorm
|upkeep
|
|t:|1667525917
|switch|p1a: Grimmsnarl|Grimmsnarl, M|73/100
|-damage|p1a: Grimmsnarl|60/100|[from] Stealth Rock
|turn|15
|
|t:|1667525922
|move|p1a: Grimmsnarl|Reflect|p1a: Grimmsnarl
|-sidestart|p1: KLightning18|Reflect
|move|p2a: Marshadow|Bulk Up|p2a: Marshadow
|-boost|p2a: Marshadow|atk|1
|-boost|p2a: Marshadow|def|1
|
|-weather|Sandstorm|[upkeep]
|-damage|p2a: Marshadow|58/100|[from] Sandstorm
|-damage|p1a: Grimmsnarl|54/100|[from] Sandstorm
|upkeep
|turn|16
|
|t:|1667525930
|move|p1a: Grimmsnarl|Taunt|p2a: Marshadow
|-start|p2a: Marshadow|move: Taunt
|move|p2a: Marshadow|Close Combat|p1a: Grimmsnarl
|-damage|p1a: Grimmsnarl|0 fnt
|-unboost|p2a: Marshadow|def|1
|-unboost|p2a: Marshadow|spd|1
|faint|p1a: Grimmsnarl
|-damage|p2a: Marshadow|48/100|[from] item: Life Orb
|
|-weather|Sandstorm|[upkeep]
|-damage|p2a: Marshadow|42/100|[from] Sandstorm
|upkeep
|
|t:|1667525943
|switch|p1a: Garchomp|Garchomp, F|100/100
|-damage|p1a: Garchomp|94/100|[from] Stealth Rock
|turn|17
|inactive|C0ld as Ic3 has 270 seconds left.
|
|t:|1667525982
|move|p2a: Marshadow|Shadow Sneak|p1a: Garchomp
|-damage|p1a: Garchomp|51/100
|-damage|p2a: Marshadow|32/100|[from] item: Life Orb
|move|p1a: Garchomp|Swords Dance|p1a: Garchomp
|-boost|p1a: Garchomp|atk|2
|
|-weather|Sandstorm|[upkeep]
|-damage|p2a: Marshadow|26/100|[from] Sandstorm
|upkeep
|turn|18
|
|t:|1667526002
|-start|p1a: Garchomp|Dynamax|
|-heal|p1a: Garchomp|51/100|[silent]
|move|p2a: Marshadow|Shadow Sneak|p1a: Garchomp
|-damage|p1a: Garchomp|30/100
|-damage|p2a: Marshadow|16/100|[from] item: Life Orb
|move|p1a: Garchomp|Max Flare|p2a: Marshadow
|-damage|p2a: Marshadow|0 fnt
|-weather|SunnyDay
|faint|p2a: Marshadow
|
|-weather|SunnyDay|[upkeep]
|upkeep
|
|t:|1667526008
|switch|p2a: Calyrex|Calyrex-Shadow|100/100
|-ability|p2a: Calyrex|As One
|-ability|p2a: Calyrex|Unnerve
|-damage|p2a: Calyrex|88/100|[from] Stealth Rock
|turn|19
|inactive|KLightning18 has 270 seconds left.
|
|t:|1667526042
|move|p2a: Calyrex|Astral Barrage|p1a: Garchomp
|-damage|p1a: Garchomp|0 fnt
|faint|p1a: Garchomp
|-ability|p2a: Calyrex|Grim Neigh|boost
|-boost|p2a: Calyrex|spa|1
|
|-weather|SunnyDay|[upkeep]
|upkeep
|
|t:|1667526050
|switch|p1a: Excadrill|Excadrill, F|100/100
|-damage|p1a: Excadrill|97/100|[from] Stealth Rock
|turn|20
|inactive|KLightning18 has 270 seconds left.
|
|t:|1667526069
|move|p2a: Calyrex|Astral Barrage|p1a: Excadrill
|-damage|p1a: Excadrill|0 fnt
|faint|p1a: Excadrill
|
|win|C0ld as Ic3
|c|☆KLightning18|Gg
|c|☆KLightning18|Didnt Know What I Expected
|c|☆C0ld as Ic3|;-;
|c|☆KLightning18|That Was Fun
