|j|☆aqua991
|j|☆TwentyTwan
|player|p1|aqua991|ltsurge|1112
|player|p2|TwentyTwan|265|1028
|teamsize|p1|6
|teamsize|p2|6
|gametype|singles
|gen|8
|tier|[Gen 8] National Dex AG
|rated|
|clearpoke
|poke|p1|Toxapex, F|
|poke|p1|Deoxys|
|poke|p1|Xerneas|
|poke|p1|Mudsdale, F|
|poke|p1|Ditto|
|poke|p1|Rayquaza|
|poke|p2|Cofagrigus, F|
|poke|p2|Jellicent, F|
|poke|p2|Coalossal, F|
|poke|p2|Amoonguss, F|
|poke|p2|Kartana|
|poke|p2|Hydreigon, M|
|rule|HP Percentage Mod: HP is shown in percentages
|rule|Endless Battle Clause: Forcing endless battles is banned
|teampreview
|j| Sodeixaeujogar
|inactive|Battle timer is ON: inactive players will automatically lose when time's up. (requested by aqua991)
|c|☆aqua991|gl
|
|start
|switch|p1a: Toxapex|Toxapex, F|100/100
|switch|p2a: Jelliboi|Jellicent, F|100/100
|turn|1
|c|☆TwentyTwan|u2
|c|☆TwentyTwan|I'm just meming around
|
|move|p1a: Toxapex|Toxic Spikes|p2a: Jelliboi
|-sidestart|p2: TwentyTwan|move: Toxic Spikes
|move|p2a: Jelliboi|Trick Room|p2a: Jelliboi
|-fieldstart|move: Trick Room|[of] p2a: Jelliboi
|
|upkeep
|turn|2
|
|switch|p2a: Spored?|Amoonguss, F, shiny|100/100
|-sideend|p2: TwentyTwan|move: Toxic Spikes|[of] p2a: Spored?
|move|p1a: Toxapex|Toxic Spikes|p2a: Spored?
|-sidestart|p2: TwentyTwan|move: Toxic Spikes
|
|upkeep
|turn|3
|c| Sodeixaeujogar|oof
|
|move|p1a: Toxapex|Baneful Bunker|p1a: Toxapex
|-singleturn|p1a: Toxapex|move: Protect
|move|p2a: Spored?|Substitute|p2a: Spored?
|-start|p2a: Spored?|Substitute
|-damage|p2a: Spored?|75/100
|
|-heal|p2a: Spored?|82/100|[from] item: Black Sludge
|upkeep
|turn|4
|c|☆aqua991|ai
|c|☆aqua991|me ferrei
|c| Sodeixaeujogar|mano a esse ponto é praticamente gg
|
|switch|p1a: Deoxys|Deoxys|100/100
|-ability|p1a: Deoxys|Pressure
|move|p2a: Spored?|Growth|p2a: Spored?
|-boost|p2a: Spored?|atk|1
|-boost|p2a: Spored?|spa|1
|
|-heal|p2a: Spored?|88/100|[from] item: Black Sludge
|upkeep
|turn|5
|
|move|p2a: Spored?|Spore|p1a: Deoxys
|-status|p1a: Deoxys|slp|[from] move: Spore
|cant|p1a: Deoxys|slp
|
|-heal|p2a: Spored?|94/100|[from] item: Black Sludge
|-fieldend|move: Trick Room
|upkeep
|turn|6
|
|switch|p1a: Ditto|Ditto|100/100
|move|p2a: Spored?|Giga Drain|p1a: Ditto
|-damage|p1a: Ditto|15/100
|-heal|p2a: Spored?|100/100|[from] drain|[of] p1a: Ditto
|
|upkeep
|turn|7
|
|move|p1a: Ditto|Transform||[still]
|-fail|p1a: Ditto
|move|p2a: Spored?|Giga Drain|p1a: Ditto
|-crit|p1a: Ditto
|-damage|p1a: Ditto|0 fnt
|faint|p1a: Ditto
|
|upkeep
|c|☆aqua991|ué
|c| Sodeixaeujogar|O SUB ANIMAL
|c|☆TwentyTwan|you cant on a sub
|c|☆TwentyTwan|xD
|c|☆aqua991|ah
|c|☆aqua991|vdd
|c|☆aqua991|cacete
|c| Sodeixaeujogar|LMAO
|c|☆TwentyTwan|tu hablan español?
|inactive|aqua991 has 120 seconds left.
|c|☆aqua991|tomei na jabiraca
|c|☆aqua991|nao
|c| Sodeixaeujogar|no
|c|☆TwentyTwan|it looked like it xD
|c| Sodeixaeujogar|we speak portuguese
|c|☆aqua991|portugues seu imundo
|c|☆TwentyTwan|Ah explains
|c|☆TwentyTwan|I'm learning spanish
|c| Sodeixaeujogar|mano segio para
|c| Sodeixaeujogar|sergio
|c|☆aqua991|spanish
|inactive|aqua991 has 90 seconds left.
|c|☆TwentyTwan|And this is a team im planning ot use for a draft league so it aint good\
|
|switch|p1a: Rayquaza|Rayquaza|100/100
|-ability|p1a: Rayquaza|Air Lock
|turn|8
|
|detailschange|p1a: Rayquaza|Rayquaza-Mega
|-mega|p1a: Rayquaza|Rayquaza|
|-weather|DeltaStream|[from] ability: Delta Stream|[of] p1a: Rayquaza
|move|p1a: Rayquaza|Dragon Ascent|p2a: Spored?
|-supereffective|p2a: Spored?
|-end|p2a: Spored?|Substitute
|-unboost|p1a: Rayquaza|def|1
|-unboost|p1a: Rayquaza|spd|1
|move|p2a: Spored?|Spore|p1a: Rayquaza
|-status|p1a: Rayquaza|slp|[from] move: Spore
|
|-weather|DeltaStream|[upkeep]
|upkeep
|turn|9
|c|☆aqua991|o cara parece mo legal e eu zoando
|inactive|aqua991 has 90 seconds left.
|c| Sodeixaeujogar|getting rekt
|
|-weather|none
|switch|p1a: Mudsdale|Mudsdale, F|100/100
|move|p2a: Spored?|Substitute|p2a: Spored?
|-start|p2a: Spored?|Substitute
|-damage|p2a: Spored?|75/100
|
|-heal|p2a: Spored?|82/100|[from] item: Black Sludge
|upkeep
|turn|10
|
|move|p1a: Mudsdale|Earthquake|p2a: Spored?
|-end|p2a: Spored?|Substitute
|move|p2a: Spored?|Spore|p1a: Mudsdale
|-status|p1a: Mudsdale|slp|[from] move: Spore
|
|-heal|p2a: Spored?|88/100|[from] item: Black Sludge
|upkeep
|turn|11
|c|☆aqua991|n tem oq fazer
|c|☆TwentyTwan|I'm sorry
|inactive|aqua991 has 90 seconds left.
|
|switch|p1a: Xerneas|Xerneas|100/100
|-ability|p1a: Xerneas|Fairy Aura
|move|p2a: Spored?|Substitute|p2a: Spored?
|-start|p2a: Spored?|Substitute
|-damage|p2a: Spored?|63/100
|
|-heal|p2a: Spored?|69/100|[from] item: Black Sludge
|upkeep
|turn|12
|c| Sodeixaeujogar|não tem mega mewtwo y dá nisso
|c| Sodeixaeujogar|ele tem insonia
|c|☆aqua991|well im in danger
|
|move|p1a: Xerneas|Flash Cannon|p2a: Spored?
|-end|p2a: Spored?|Substitute
|move|p2a: Spored?|Spore|p1a: Xerneas
|-status|p1a: Xerneas|slp|[from] move: Spore
|
|-heal|p2a: Spored?|75/100|[from] item: Black Sludge
|upkeep
|turn|13
|c|☆TwentyTwan|This thing deals no damage
|
|switch|p1a: Rayquaza|Rayquaza-Mega|100/100 slp
|-weather|DeltaStream|[from] ability: Delta Stream|[of] p1a: Rayquaza
|move|p2a: Spored?|Substitute|p2a: Spored?
|-start|p2a: Spored?|Substitute
|-damage|p2a: Spored?|50/100
|
|-weather|DeltaStream|[upkeep]
|-heal|p2a: Spored?|57/100|[from] item: Black Sludge
|upkeep
|turn|14
|c| Sodeixaeujogar|he can´t attack what´s the deal
|inactive|aqua991 has 60 seconds left.
|
|cant|p1a: Rayquaza|slp
|move|p2a: Spored?|Giga Drain|p1a: Rayquaza
|-resisted|p1a: Rayquaza
|-damage|p1a: Rayquaza|90/100 slp
|-heal|p2a: Spored?|61/100|[from] drain|[of] p1a: Rayquaza
|
|-weather|DeltaStream|[upkeep]
|-heal|p2a: Spored?|68/100|[from] item: Black Sludge
|upkeep
|turn|15
|
|-curestatus|p1a: Rayquaza|slp|[msg]
|move|p1a: Rayquaza|Crunch|p2a: Spored?
|-end|p2a: Spored?|Substitute
|move|p2a: Spored?|Spore|p1a: Rayquaza
|-status|p1a: Rayquaza|slp|[from] move: Spore
|
|-weather|DeltaStream|[upkeep]
|-heal|p2a: Spored?|74/100|[from] item: Black Sludge
|upkeep
|turn|16
|c| Sodeixaeujogar|you can growth until +4
|c|☆aqua991|mano pelo amor
|
|cant|p1a: Rayquaza|slp
|move|p2a: Spored?|Growth|p2a: Spored?
|-boost|p2a: Spored?|atk|1
|-boost|p2a: Spored?|spa|1
|
|-weather|DeltaStream|[upkeep]
|-heal|p2a: Spored?|80/100|[from] item: Black Sludge
|upkeep
|turn|17
|c|☆TwentyTwan|I was being nice
|
|cant|p1a: Rayquaza|slp
|move|p2a: Spored?|Substitute|p2a: Spored?
|-start|p2a: Spored?|Substitute
|-damage|p2a: Spored?|55/100
|
|-weather|DeltaStream|[upkeep]
|-heal|p2a: Spored?|61/100|[from] item: Black Sludge
|upkeep
|turn|18
|c| Sodeixaeujogar|twan dont worry
|c|☆aqua991|it takes real talent to come up with this team
|c| Sodeixaeujogar|he´s the type of guy ro put 6 toxic in each pokemon
|inactive|aqua991 has 60 seconds left.
|c| Sodeixaeujogar|to
|c|☆TwentyTwan|xD
|
|cant|p1a: Rayquaza|slp
|move|p2a: Spored?|Growth|p2a: Spored?
|-boost|p2a: Spored?|atk|1
|-boost|p2a: Spored?|spa|1
|
|-weather|DeltaStream|[upkeep]
|-heal|p2a: Spored?|68/100|[from] item: Black Sludge
|upkeep
|turn|19
|c| Sodeixaeujogar|he makes chansey,blissey and toxapex teams
|c|☆TwentyTwan|I was trying to get Baton Pass Amoonguss to work cause of a draft team I use him for
|
|-curestatus|p1a: Rayquaza|slp|[msg]
|move|p1a: Rayquaza|Crunch|p2a: Spored?
|-end|p2a: Spored?|Substitute
|move|p2a: Spored?|Spore|p1a: Rayquaza
|-status|p1a: Rayquaza|slp|[from] move: Spore
|
|-weather|DeltaStream|[upkeep]
|-heal|p2a: Spored?|74/100|[from] item: Black Sludge
|upkeep
|turn|20
|c|☆TwentyTwan|Add this nice man
|c|☆TwentyTwan|He can sleep + sub
|c| Sodeixaeujogar|you should do a doubles battle
|inactive|aqua991 has 30 seconds left.
|c|☆aqua991|you must have put a lot o thought
|c| Sodeixaeujogar|the opportunitys are nicer
|
|cant|p1a: Rayquaza|slp
|move|p2a: Spored?|Substitute|p2a: Spored?
|-start|p2a: Spored?|Substitute
|-damage|p2a: Spored?|49/100
|
|-weather|DeltaStream|[upkeep]
|-heal|p2a: Spored?|55/100|[from] item: Black Sludge
|upkeep
|turn|21
|inactiveoff|Battle timer is now OFF.
|
|-curestatus|p1a: Rayquaza|slp|[msg]
|move|p1a: Rayquaza|Crunch|p2a: Spored?
|-end|p2a: Spored?|Substitute
|move|p2a: Spored?|Growth|p2a: Spored?
|-boost|p2a: Spored?|atk|1
|-boost|p2a: Spored?|spa|1
|
|-weather|DeltaStream|[upkeep]
|-heal|p2a: Spored?|61/100|[from] item: Black Sludge
|upkeep
|turn|22
|c|☆TwentyTwan|Ooooh fuck
|
|move|p1a: Rayquaza|Crunch|p2a: Spored?
|-damage|p2a: Spored?|24/100
|move|p2a: Spored?|Spore|p1a: Rayquaza
|-status|p1a: Rayquaza|slp|[from] move: Spore
|
|-weather|DeltaStream|[upkeep]
|-heal|p2a: Spored?|30/100|[from] item: Black Sludge
|upkeep
|turn|23
|
|cant|p1a: Rayquaza|slp
|move|p2a: Spored?|Giga Drain|p1a: Rayquaza
|-resisted|p1a: Rayquaza
|-damage|p1a: Rayquaza|68/100 slp
|-heal|p2a: Spored?|40/100|[from] drain|[of] p1a: Rayquaza
|
|-weather|DeltaStream|[upkeep]
|-heal|p2a: Spored?|46/100|[from] item: Black Sludge
|upkeep
|turn|24
|c|☆aqua991|spore é 100 ne?
|c| Sodeixaeujogar|maybe he made a randomiser and based the team of that
|
|cant|p1a: Rayquaza|slp
|move|p2a: Spored?|Substitute|p2a: Spored?
|-start|p2a: Spored?|Substitute
|-damage|p2a: Spored?|21/100
|
|-weather|DeltaStream|[upkeep]
|-heal|p2a: Spored?|27/100|[from] item: Black Sludge
|upkeep
|turn|25
|c|☆TwentyTwan|yeah
|c|☆TwentyTwan|spore is 100%
|
|-curestatus|p1a: Rayquaza|slp|[msg]
|move|p1a: Rayquaza|Crunch|p2a: Spored?
|-crit|p2a: Spored?
|-end|p2a: Spored?|Substitute
|move|p2a: Spored?|Spore|p1a: Rayquaza
|-status|p1a: Rayquaza|slp|[from] move: Spore
|
|-weather|DeltaStream|[upkeep]
|-heal|p2a: Spored?|34/100|[from] item: Black Sludge
|upkeep
|turn|26
|c| Sodeixaeujogar|ele tem habilidade de não errar
|c|☆aqua991|ui parece que alguem já sabe espanhol
|
|cant|p1a: Rayquaza|slp
|move|p2a: Spored?|Giga Drain|p1a: Rayquaza
|-resisted|p1a: Rayquaza
|-damage|p1a: Rayquaza|46/100 slp
|-heal|p2a: Spored?|43/100|[from] drain|[of] p1a: Rayquaza
|
|-weather|DeltaStream|[upkeep]
|-heal|p2a: Spored?|49/100|[from] item: Black Sludge
|upkeep
|turn|27
|c|☆aqua991|me gusta las chicas
|
|-curestatus|p1a: Rayquaza|slp|[msg]
|move|p1a: Rayquaza|Crunch|p2a: Spored?
|-crit|p2a: Spored?
|-damage|p2a: Spored?|0 fnt
|faint|p2a: Spored?
|
|-weather|DeltaStream|[upkeep]
|upkeep
|c|☆TwentyTwan|Nooo you critted
|c|☆aqua991|wow
|
|switch|p2a: Jelliboi|Jellicent, F|100/100
|-status|p2a: Jelliboi|psn
|turn|28
|c| Sodeixaeujogar|twan you should play doubles
|c|☆aqua991|what are the odds
|
|move|p1a: Rayquaza|Crunch|p2a: Jelliboi
|-supereffective|p2a: Jelliboi
|-damage|p2a: Jelliboi|39/100 psn
|move|p2a: Jelliboi|Trick Room|p2a: Jelliboi
|-fieldstart|move: Trick Room|[of] p2a: Jelliboi
|
|-weather|DeltaStream|[upkeep]
|-heal|p2a: Jelliboi|45/100 psn|[from] item: Leftovers
|-damage|p2a: Jelliboi|32/100 psn|[from] psn
|upkeep
|turn|29
|c| Sodeixaeujogar|1/16
|
|move|p2a: Jelliboi|Toxic|p1a: Rayquaza|[miss]
|-miss|p2a: Jelliboi|p1a: Rayquaza
|move|p1a: Rayquaza|Crunch|p2a: Jelliboi
|-supereffective|p2a: Jelliboi
|-damage|p2a: Jelliboi|0 fnt
|faint|p2a: Jelliboi
|
|-weather|DeltaStream|[upkeep]
|upkeep
|c|☆aqua991|e eu ataquei 1000 vezes
|c| Sodeixaeujogar|aqua is so salty
|
|switch|p2a: GermanDragon|Hydreigon, M|100/100
|turn|30
|c|☆aqua991|im pure salt
|c|☆TwentyTwan|xD
|c|☆aqua991|you dont even know
|c| Sodeixaeujogar|he was roasting you in portuguese
|c|☆aqua991|no im not
|c|☆aqua991|im being nice
|c|☆TwentyTwan|My team is legit a draft with friends
|
|-weather|none
|switch|p1a: Toxapex|Toxapex, F|100/100
|move|p2a: GermanDragon|Dark Pulse|p1a: Toxapex
|-damage|p1a: Toxapex|56/100
|-damage|p2a: GermanDragon|91/100|[from] item: Life Orb
|
|-heal|p1a: Toxapex|63/100|[from] item: Leftovers
|upkeep
|turn|31
|
|move|p1a: Toxapex|Toxic Spikes|p2a: GermanDragon
|-sidestart|p2: TwentyTwan|move: Toxic Spikes
|move|p2a: GermanDragon|Nasty Plot|p2a: GermanDragon
|-boost|p2a: GermanDragon|spa|2
|
|-heal|p1a: Toxapex|69/100|[from] item: Leftovers
|upkeep
|turn|32
|c| Sodeixaeujogar|me and aqua are cousins
|
|move|p1a: Toxapex|Haze|p1a: Toxapex
|-clearallboost
|move|p2a: GermanDragon|Nasty Plot|p2a: GermanDragon
|-boost|p2a: GermanDragon|spa|2
|
|-heal|p1a: Toxapex|75/100|[from] item: Leftovers
|-fieldend|move: Trick Room
|upkeep
|turn|33
|
|move|p2a: GermanDragon|Earth Power|p1a: Toxapex
|-supereffective|p1a: Toxapex
|-damage|p1a: Toxapex|0 fnt
|-damage|p2a: GermanDragon|81/100|[from] item: Life Orb
|faint|p1a: Toxapex
|
|upkeep
|
|switch|p1a: Rayquaza|Rayquaza-Mega|46/100
|-weather|DeltaStream|[from] ability: Delta Stream|[of] p1a: Rayquaza
|turn|34
|c|☆TwentyTwan|aha
|
|move|p1a: Rayquaza|Outrage|p2a: GermanDragon
|-supereffective|p2a: GermanDragon
|-damage|p2a: GermanDragon|0 fnt
|faint|p2a: GermanDragon
|
|-weather|DeltaStream|[upkeep]
|upkeep
|c| Sodeixaeujogar|i like to see he being super confident and getting spored
|
|switch|p2a: Paperman|Kartana, shiny|100/100
|turn|35
|
|move|p1a: Rayquaza|Outrage|p2a: Paperman|[from]lockedmove
|-resisted|p2a: Paperman
|-damage|p2a: Paperman|56/100
|move|p2a: Paperman|Leaf Blade|p1a: Rayquaza
|-resisted|p1a: Rayquaza
|-damage|p1a: Rayquaza|28/100
|-damage|p2a: Paperman|47/100|[from] item: Life Orb
|
|-weather|DeltaStream|[upkeep]
|upkeep
|turn|36
|
|move|p1a: Rayquaza|Outrage|p2a: Paperman|[from]lockedmove
|-resisted|p2a: Paperman
|-damage|p2a: Paperman|8/100
|-start|p1a: Rayquaza|confusion|[fatigue]
|move|p2a: Paperman|Knock Off|p1a: Rayquaza
|-damage|p1a: Rayquaza|0 fnt
|-enditem|p1a: Rayquaza|Choice Scarf|[from] move: Knock Off|[of] p2a: Paperman
|-damage|p2a: Paperman|0 fnt|[from] item: Life Orb
|faint|p1a: Rayquaza
|-weather|none
|faint|p2a: Paperman
|
|upkeep
|c|☆aqua991|oof time
|
|switch|p1a: Mudsdale|Mudsdale, F|100/100 slp
|switch|p2a: BurningPile|Coalossal, F|100/100
|-status|p2a: BurningPile|tox
|turn|37
|c|☆TwentyTwan|Nope cause life orb xD
|
|cant|p1a: Mudsdale|slp
|move|p2a: BurningPile|Substitute|p2a: BurningPile
|-start|p2a: BurningPile|Substitute
|-damage|p2a: BurningPile|75/100 tox
|
|-heal|p2a: BurningPile|82/100 tox|[from] item: Leftovers
|-damage|p2a: BurningPile|75/100 tox|[from] psn
|upkeep
|turn|38
|c|☆aqua991|terremoto é bom contra isso ne?
|
|cant|p1a: Mudsdale|slp
|move|p2a: BurningPile|Will-O-Wisp||[still]
|-fail|p2a: BurningPile
|
|-heal|p2a: BurningPile|82/100 tox|[from] item: Leftovers
|-damage|p2a: BurningPile|69/100 tox|[from] psn
|upkeep
|turn|39
|
|cant|p1a: Mudsdale|slp
|move|p2a: BurningPile|Flamethrower|p1a: Mudsdale
|-damage|p1a: Mudsdale|72/100 slp
|
|-heal|p2a: BurningPile|75/100 tox|[from] item: Leftovers
|-damage|p2a: BurningPile|57/100 tox|[from] psn
|upkeep
|turn|40
|c|☆TwentyTwan|I'm retarded
|
|-curestatus|p1a: Mudsdale|slp|[msg]
|move|p1a: Mudsdale|Earthquake|p2a: BurningPile
|-supereffective|p2a: BurningPile
|-crit|p2a: BurningPile
|-end|p2a: BurningPile|Substitute
|move|p2a: BurningPile|Flamethrower|p1a: Mudsdale
|-damage|p1a: Mudsdale|47/100
|
|-heal|p2a: BurningPile|63/100 tox|[from] item: Leftovers
|-damage|p2a: BurningPile|39/100 tox|[from] psn
|upkeep
|turn|41
|c| Sodeixaeujogar|sim
|c| Sodeixaeujogar|BEM FORTE
|
|switch|p2a: SpookyCage|Cofagrigus, F|100/100
|-status|p2a: SpookyCage|tox
|move|p1a: Mudsdale|Earthquake|p2a: SpookyCage
|-damage|p2a: SpookyCage|55/100 tox
|
|-heal|p2a: SpookyCage|61/100 tox|[from] item: Leftovers
|-damage|p2a: SpookyCage|55/100 tox|[from] psn
|upkeep
|turn|42
|c|☆aqua991|toma troxa
|c|☆aqua991|vai da spore na casa do
|c|☆aqua991|seu
|c|☆aqua991|tio
|
|move|p1a: Mudsdale|Earthquake|p2a: SpookyCage
|-damage|p2a: SpookyCage|9/100 tox
|move|p2a: SpookyCage|Nasty Plot|p2a: SpookyCage
|-boost|p2a: SpookyCage|spa|2
|
|-heal|p2a: SpookyCage|15/100 tox|[from] item: Leftovers
|-damage|p2a: SpookyCage|3/100 tox|[from] psn
|upkeep
|turn|43
|c| Sodeixaeujogar|lmap
|inactive|Battle timer is ON: inactive players will automatically lose when time's up. (requested by aqua991)
|c| Sodeixaeujogar|he said use spore in your... uncle´s house
|
|move|p1a: Mudsdale|Earthquake|p2a: SpookyCage
|-damage|p2a: SpookyCage|0 fnt
|faint|p2a: SpookyCage
|
|upkeep
|c|☆TwentyTwan|kinky
|
|switch|p2a: BurningPile|Coalossal, F|39/100 tox
|turn|44
|c|☆aqua991|traducao literal nao funciona
|
|move|p1a: Mudsdale|Earthquake|p2a: BurningPile
|-supereffective|p2a: BurningPile
|-damage|p2a: BurningPile|0 fnt
|faint|p2a: BurningPile
|
|win|aqua991
|c| Sodeixaeujogar|OOF MOMENT
|c|☆aqua991|ez
|c|☆aqua991|gg
|c|☆TwentyTwan|gg
|c|☆aqua991|ez
|c|☆aqua991|ez
|c|☆aqua991|ez
|c|☆aqua991|ez
|raw|aqua991's rating: 1112 &rarr; <strong>1131</strong><br />(+19 for winning)
|raw|TwentyTwan's rating: 1028 &rarr; <strong>1017</strong><br />(-11 for losing)
|c|☆aqua991|ez
|c|☆aqua991|ze
|c|☆aqua991|ez
|c|☆aqua991|ez
|c|☆aqua991|ez
|c|☆aqua991|otario
|c| Sodeixaeujogar|he´s so salty
|c|☆TwentyTwan|you lost 3 dudes
|c| Sodeixaeujogar|ikr
|c|☆TwentyTwan|To a memeteam without any ubers pokemon
|c|☆aqua991|and u lost your whole team
|c|☆TwentyTwan|With a full fucking ubers team
|c|☆aqua991|chupa minha manga
|c|☆TwentyTwan|Like man
|c| Sodeixaeujogar|he got mad for the spore
|c|☆aqua991|chora mais
|c|☆aqua991|seu troxa
|c|☆TwentyTwan|How you get to spam ez against this
|c|☆TwentyTwan|Using what you use
|c|☆aqua991|vem aqui pro brasil
|c|☆aqua991|vo ter servir um cafe
|c| Sodeixaeujogar|hey clip the replay and get karma on reddit
|c|☆aqua991|bem gostoso
|c|☆TwentyTwan|yeah I could
|c|☆aqua991|isso
|c|☆aqua991|vai la
|c| Sodeixaeujogar|works for me everytime 60%¨of the time
|c|☆aqua991|ganha umas flechinsa
|c|☆aqua991|kkkkkkkkkkkkkkkkkkkkkkkkkkkk
|c|☆TwentyTwan|Im doing it for sure :D
|c|☆aqua991|do it
|c|☆TwentyTwan|what subreddit ?
|c| Sodeixaeujogar|the garbbodors
|c|☆aqua991|it will have 4 upvotes
|c|☆TwentyTwan|That for sure
|c| Sodeixaeujogar|or pokemon showdown
|c|☆aqua991|or maybe even more
|c|☆TwentyTwan|Garbodor is spicy af
|c|☆aqua991|like a thousand
|c| Sodeixaeujogar|ou the room on staff
|c|☆aqua991|how knows
|c|☆aqua991|and you can use my username
|c|☆aqua991|so people will roast me
|c|☆aqua991|that will be fun
|c|☆aqua991|minha boca ta salgada agora
|c|☆aqua991|kkkkk
|l| Sodeixaeujogar
|l|☆aqua991
