|j|☆TaxFraud094
|j|☆Nomanmake
|inactive|Battle timer is ON: inactive players will automatically lose when time's up.
|t:|1668007988
|gametype|singles
|player|p1|TaxFraud094|acetrainerf-gen4|
|player|p2|Nomanmake|emmet|
|teamsize|p1|6
|teamsize|p2|6
|gen|8
|tier|[Gen 8] National Dex AG
|rated|Tournament battle
|rule|HP Percentage Mod: HP is shown in percentages
|rule|Endless Battle Clause: Forcing endless battles is banned
|clearpoke
|poke|p1|Infernape, M|
|poke|p1|Smeargle, F|
|poke|p1|Vivillon-Fancy, F|
|poke|p1|Alakazam, M|
|poke|p1|Cinderace, F|
|poke|p1|Gyarados, F|
|poke|p2|Blissey, F|
|poke|p2|Greninja, M|
|poke|p2|Gengar, F|
|poke|p2|Dracovish|
|poke|p2|Cinderace, M|
|poke|p2|Darmanitan-Galar, M|
|teampreview
|j|*Lady Monita ☽
|inactive|TaxFraud094 also wants the timer to be on.
|j|%shadowmaster67 89
|j| AtariAlex
|c|☆TaxFraud094|glhf
|
|t:|1668008000
|start
|switch|p1a: Infernape|Infernape, M|100/100
|switch|p2a: Blissey|Blissey, F|100/100
|turn|1
|j| Uta The Clown
|
|t:|1668008009
|move|p1a: Infernape|Stealth Rock|p2a: Blissey
|-sidestart|p2: Nomanmake|move: Stealth Rock
|move|p2a: Blissey|Soft-Boiled||[still]
|-fail|p2a: Blissey|heal
|
|upkeep
|turn|2
|
|t:|1668008014
|move|p1a: Infernape|Close Combat|p2a: Blissey
|-supereffective|p2a: Blissey
|-damage|p2a: Blissey|13/100
|-unboost|p1a: Infernape|def|1
|-unboost|p1a: Infernape|spd|1
|move|p2a: Blissey|Seismic Toss|p1a: Infernape
|-damage|p1a: Infernape|66/100
|
|-heal|p2a: Blissey|19/100|[from] item: Leftovers
|upkeep
|turn|3
|
|t:|1668008026
|move|p1a: Infernape|Rock Tomb|p2a: Blissey
|-crit|p2a: Blissey
|-damage|p2a: Blissey|0 fnt
|faint|p2a: Blissey
|
|upkeep
|
|t:|1668008035
|switch|p2a: Greninja|Greninja, M|100/100
|-damage|p2a: Greninja|88/100|[from] Stealth Rock
|turn|4
|
|t:|1668008039
|move|p2a: Greninja|Hydro Pump|p1a: Infernape
|-supereffective|p1a: Infernape
|-damage|p1a: Infernape|0 fnt
|faint|p1a: Infernape
|-activate|p2a: Greninja|ability: Battle Bond
|detailschange|p2a: Greninja|Greninja-Ash, M
|-damage|p2a: Greninja|78/100|[from] item: Life Orb
|
|upkeep
|
|t:|1668008045
|switch|p1a: Alakazam|Alakazam, M|100/100
|turn|5
|
|t:|1668008052
|detailschange|p1a: Alakazam|Alakazam-Mega, M
|-mega|p1a: Alakazam|Alakazam|Alakazite
|move|p1a: Alakazam|Focus Blast|p2a: Greninja
|-supereffective|p2a: Greninja
|-damage|p2a: Greninja|0 fnt
|faint|p2a: Greninja
|
|upkeep
|
|t:|1668008062
|switch|p2a: Gengar|Gengar, F|100/100
|-ability|p1a: Alakazam|Cursed Body|[from] ability: Trace|[of] p2a: Gengar
|-damage|p2a: Gengar|88/100|[from] Stealth Rock
|turn|6
|
|t:|1668008077
|detailschange|p2a: Gengar|Gengar-Mega, F
|-mega|p2a: Gengar|Gengar|Gengarite
|move|p1a: Alakazam|Psyshock|p2a: Gengar
|-supereffective|p2a: Gengar
|-damage|p2a: Gengar|0 fnt
|faint|p2a: Gengar
|
|upkeep
|
|t:|1668008094
|switch|p2a: Cinderace|Cinderace, M|100/100
|-damage|p2a: Cinderace|76/100|[from] Stealth Rock
|turn|7
|
|t:|1668008099
|move|p2a: Cinderace|Sucker Punch|p1a: Alakazam
|-start|p2a: Cinderace|typechange|Dark|[from] ability: Libero
|-supereffective|p1a: Alakazam
|-damage|p1a: Alakazam|0 fnt
|faint|p1a: Alakazam
|
|-heal|p2a: Cinderace|82/100|[from] item: Leftovers
|upkeep
|
|t:|1668008113
|switch|p1a: Cinderace|Cinderace, F|100/100
|turn|8
|
|t:|1668008127
|move|p2a: Cinderace|Court Change|p2a: Cinderace
|-start|p2a: Cinderace|typechange|Normal|[from] ability: Libero
|-swapsideconditions
|-activate|p2a: Cinderace|move: Court Change
|move|p1a: Cinderace|U-turn|p2a: Cinderace
|-start|p1a: Cinderace|typechange|Bug|[from] ability: Libero
|-damage|p2a: Cinderace|37/100
|
|t:|1668008137
|switch|p1a: Vivillon|Vivillon-Fancy, F|100/100|[from]move: U-turn
|-damage|p1a: Vivillon|51/100|[from] Stealth Rock
|
|-heal|p2a: Cinderace|43/100|[from] item: Leftovers
|-heal|p1a: Vivillon|57/100|[from] item: Leftovers
|upkeep
|turn|9
|
|t:|1668008142
|switch|p2a: Darmanitan|Darmanitan-Galar, M|100/100
|move|p1a: Vivillon|Sleep Powder|p2a: Darmanitan
|-status|p2a: Darmanitan|slp|[from] move: Sleep Powder
|
|-heal|p1a: Vivillon|63/100|[from] item: Leftovers
|upkeep
|turn|10
|j| kingbura
|j|^Sir Grandmaster
|
|t:|1668008153
|switch|p2a: Cinderace|Cinderace, M|43/100
|move|p1a: Vivillon|Substitute|p1a: Vivillon
|-start|p1a: Vivillon|Substitute
|-damage|p1a: Vivillon|38/100
|
|-heal|p2a: Cinderace|49/100|[from] item: Leftovers
|-heal|p1a: Vivillon|44/100|[from] item: Leftovers
|upkeep
|turn|11
|
|t:|1668008161
|move|p2a: Cinderace|Pyro Ball|p1a: Vivillon
|-supereffective|p1a: Vivillon
|-crit|p1a: Vivillon
|-end|p1a: Vivillon|Substitute
|move|p1a: Vivillon|Quiver Dance|p1a: Vivillon
|-boost|p1a: Vivillon|spa|1
|-boost|p1a: Vivillon|spd|1
|-boost|p1a: Vivillon|spe|1
|
|-heal|p1a: Vivillon|50/100|[from] item: Leftovers
|-heal|p2a: Cinderace|55/100|[from] item: Leftovers
|upkeep
|turn|12
|
|t:|1668008170
|move|p1a: Vivillon|Sleep Powder|p2a: Cinderace
|-status|p2a: Cinderace|slp|[from] move: Sleep Powder
|cant|p2a: Cinderace|slp
|
|-heal|p1a: Vivillon|56/100|[from] item: Leftovers
|-heal|p2a: Cinderace|61/100 slp|[from] item: Leftovers
|upkeep
|turn|13
|c|^Sir Grandmaster|oh gimmick team at show
|
|t:|1668008177
|cant|p2a: Cinderace|slp
|move|p1a: Vivillon|Substitute|p1a: Vivillon
|-start|p1a: Vivillon|Substitute
|-damage|p1a: Vivillon|31/100
|
|-heal|p1a: Vivillon|37/100|[from] item: Leftovers
|-heal|p2a: Cinderace|67/100 slp|[from] item: Leftovers
|upkeep
|turn|14
|c|☆TaxFraud094|hell yeah
|c|☆TaxFraud094|!showset 2
|c| TaxFraud094|/raw <div class="infobox">Smeargle @ Leftovers  <br />Ability: Moody  <br />EVs: 252 Atk &#x2f; 4 SpD &#x2f; 252 Spe  <br />Jolly Nature  <br />- Power Trip  <br />- Spore  <br />- Substitute  <br />- Shell Smash  <br /><br /></div>
|
|t:|1668008189
|move|p1a: Vivillon|Hurricane|p2a: Cinderace
|-damage|p2a: Cinderace|0 fnt
|faint|p2a: Cinderace
|
|-heal|p1a: Vivillon|43/100|[from] item: Leftovers
|upkeep
|
|t:|1668008197
|switch|p2a: Dracovish|Dracovish|100/100
|turn|15
|c|^Sir Grandmaster|that's how it should be
|
|t:|1668008202
|move|p1a: Vivillon|Sleep Powder|p2a: Dracovish
|-status|p2a: Dracovish|slp|[from] move: Sleep Powder
|cant|p2a: Dracovish|slp
|
|-heal|p1a: Vivillon|49/100|[from] item: Leftovers
|upkeep
|turn|16
|
|t:|1668008206
|move|p1a: Vivillon|Hurricane|p2a: Dracovish
|-damage|p2a: Dracovish|10/100 slp
|cant|p2a: Dracovish|slp
|
|-heal|p1a: Vivillon|55/100|[from] item: Leftovers
|upkeep
|turn|17
|
|t:|1668008211
|-end|p1a: Vivillon|Substitute
|-start|p1a: Vivillon|Dynamax|
|-heal|p1a: Vivillon|55/100|[silent]
|move|p1a: Vivillon|Max Airstream|p2a: Dracovish
|-damage|p2a: Dracovish|0 fnt
|-boost|p1a: Vivillon|spe|1
|faint|p2a: Dracovish
|
|-heal|p1a: Vivillon|58/100|[from] item: Leftovers
|upkeep
|
|t:|1668008215
|switch|p2a: Darmanitan|Darmanitan-Galar, M|100/100 slp
|turn|18
|
|t:|1668008220
|-start|p2a: Darmanitan|Dynamax|
|-heal|p2a: Darmanitan|100/100 slp|[silent]
|move|p1a: Vivillon|Max Airstream|p2a: Darmanitan
|-damage|p2a: Darmanitan|37/100 slp
|-boost|p1a: Vivillon|spe|1
|cant|p2a: Darmanitan|slp
|
|-heal|p1a: Vivillon|61/100|[from] item: Leftovers
|upkeep
|turn|19
|c|☆TaxFraud094|ggwp
|
|t:|1668008227
|move|p1a: Vivillon|Max Airstream|p2a: Darmanitan
|-damage|p2a: Darmanitan|0 fnt
|-boost|p1a: Vivillon|spe|1
|faint|p2a: Darmanitan
|
|win|TaxFraud094
|n|☆TaxFraud094|taxfraud094
|n|☆Nomanmake|nomanmake
|n|*Lady Monita ☽|ladymonita
|n| shadowmaster67 89|shadowmaster6789
|n| AtariAlex|atarialex
|n| Uta The Clown|utatheclown
|n| kingbura|kingbura
|n| Sir Grandmaster|sirgrandmaster
