|j|☆Andy611
|j|☆Blackstar152001
|t:|1665632898
|gametype|singles
|player|p1|Andy611|102|1660
|player|p2|Blackstar152001|blue-gen3two|1968
|teamsize|p1|6
|teamsize|p2|6
|gen|8
|tier|[Gen 8] National Dex AG
|rated|
|rule|HP Percentage Mod: HP is shown in percentages
|rule|Endless Battle Clause: Forcing endless battles is banned
|clearpoke
|poke|p1|Calyrex-Shadow|
|poke|p1|Kyogre|
|poke|p1|Yveltal|
|poke|p1|Lugia|
|poke|p1|Rayquaza|
|poke|p1|Arceus-*|
|poke|p2|Arceus-*|
|poke|p2|Ditto|
|poke|p2|Groudon|
|poke|p2|Arceus-*|
|poke|p2|Arceus-*|
|poke|p2|Zygarde|
|teampreview
|inactive|Battle timer is ON: inactive players will automatically lose when time's up. (requested by Blackstar152001)
|
|t:|1665632927
|start
|switch|p1a: Lugia|Lugia|100/100
|switch|p2a: Arceus|Arceus-Rock|100/100
|turn|1
|
|t:|1665632951
|move|p2a: Arceus|Will-O-Wisp|p1a: Lugia
|-status|p1a: Lugia|brn
|move|p1a: Lugia|Toxic|p2a: Arceus
|-status|p2a: Arceus|tox
|
|-damage|p2a: Arceus|94/100 tox|[from] psn
|-damage|p1a: Lugia|94/100 brn|[from] brn
|upkeep
|turn|2
|inactive|Andy611 has 120 seconds left.
|inactive|Andy611 has 90 seconds left.
|inactive|Andy611 has 60 seconds left.
|inactive|Andy611 has 30 seconds left.
|
|t:|1665633072
|move|p2a: Arceus|Judgment|p1a: Lugia
|-supereffective|p1a: Lugia
|-damage|p1a: Lugia|50/100 brn
|move|p1a: Lugia|Whirlpool|p2a: Arceus
|-supereffective|p2a: Arceus
|-damage|p2a: Arceus|85/100 tox
|-activate|p2a: Arceus|move: Whirlpool|[of] p1a: Lugia
|
|-damage|p2a: Arceus|72/100 tox|[from] psn
|-damage|p1a: Lugia|43/100 brn|[from] brn
|-damage|p2a: Arceus|60/100 tox|[from] move: Whirlpool|[partiallytrapped]
|upkeep
|turn|3
|inactive|Andy611 has 30 seconds left.
|inactive|Andy611 has 20 seconds left.
|inactive|Andy611 has 15 seconds left.
|inactive|Andy611 has 10 seconds left.
|
|t:|1665633105
|move|p2a: Arceus|Judgment|p1a: Lugia
|-supereffective|p1a: Lugia
|-damage|p1a: Lugia|0 fnt
|faint|p1a: Lugia
|
|-damage|p2a: Arceus|42/100 tox|[from] psn
|-end|p2a: Arceus|Whirlpool|[partiallytrapped]|[silent]
|upkeep
|inactive|Andy611 has 15 seconds left this turn.
|inactive|Andy611 has 10 seconds left.
|inactive|Andy611 has 5 seconds left.
|
|t:|1665633120
|switch|p1a: Arceus|Arceus|100/100
|turn|4
|inactive|Andy611 has 15 seconds left this turn.
|inactive|Andy611 has 10 seconds left.
|
|t:|1665633126
|move|p2a: Arceus|Will-O-Wisp|p1a: Arceus
|-status|p1a: Arceus|brn
|-enditem|p1a: Arceus|Lum Berry|[eat]
|-curestatus|p1a: Arceus|brn|[msg]
|move|p1a: Arceus|Stealth Rock|p2a: Arceus
|-sidestart|p2: Blackstar152001|move: Stealth Rock
|
|-damage|p2a: Arceus|17/100 tox|[from] psn
|upkeep
|turn|5
|inactive|Andy611 has 20 seconds left this turn.
|inactive|Andy611 has 15 seconds left.
|inactive|Andy611 has 10 seconds left.
|
|t:|1665633136
|move|p1a: Arceus|Extreme Speed|p2a: Arceus
|-resisted|p2a: Arceus
|-damage|p2a: Arceus|4/100 tox
|move|p2a: Arceus|Recover|p2a: Arceus
|-heal|p2a: Arceus|54/100 tox
|
|-damage|p2a: Arceus|23/100 tox|[from] psn
|upkeep
|turn|6
|inactive|Andy611 has 20 seconds left this turn.
|inactive|Andy611 has 15 seconds left.
|
|t:|1665633153
|switch|p1a: Kyogre|Kyogre|100/100
|-weather|RainDance|[from] ability: Drizzle|[of] p1a: Kyogre
|move|p2a: Arceus|Recover|p2a: Arceus
|-heal|p2a: Arceus|73/100 tox
|
|-weather|RainDance|[upkeep]
|-damage|p2a: Arceus|37/100 tox|[from] psn
|upkeep
|turn|7
|inactive|Andy611 has 25 seconds left this turn.
|inactive|Andy611 has 20 seconds left.
|
|t:|1665633163
|switch|p2a: Groudon|Groudon|100/100
|-damage|p2a: Groudon|94/100|[from] Stealth Rock
|detailschange|p2a: Groudon|Groudon-Primal
|-primal|p2a: Groudon
|-weather|DesolateLand|[from] ability: Desolate Land|[of] p2a: Groudon
|move|p1a: Kyogre|Ice Beam|p2a: Groudon
|-damage|p2a: Groudon|63/100
|
|-weather|DesolateLand|[upkeep]
|upkeep
|turn|8
|inactive|Andy611 has 30 seconds left this turn.
|inactive|Andy611 has 20 seconds left.
|
|t:|1665633173
|switch|p1a: Rayquaza|Rayquaza|100/100
|-ability|p1a: Rayquaza|Air Lock
|move|p2a: Groudon|Stealth Rock|p1a: Rayquaza
|-sidestart|p1: Andy611|move: Stealth Rock
|
|-weather|DesolateLand|[upkeep]
|upkeep
|turn|9
|inactive|Andy611 has 30 seconds left this turn.
|inactive|Andy611 has 20 seconds left.
|
|t:|1665633187
|-weather|none
|switch|p2a: Arceus|Arceus-Rock|37/100 tox
|-damage|p2a: Arceus|25/100 tox|[from] Stealth Rock
|detailschange|p1a: Rayquaza|Rayquaza-Mega
|-mega|p1a: Rayquaza|Rayquaza|
|-weather|DeltaStream|[from] ability: Delta Stream|[of] p1a: Rayquaza
|move|p1a: Rayquaza|Dragon Dance|p1a: Rayquaza
|-boost|p1a: Rayquaza|atk|1
|-boost|p1a: Rayquaza|spe|1
|
|-weather|DeltaStream|[upkeep]
|-damage|p2a: Arceus|19/100 tox|[from] psn
|upkeep
|turn|10
|inactive|Andy611 has 30 seconds left this turn.
|inactive|Andy611 has 20 seconds left.
|
|t:|1665633201
|move|p1a: Rayquaza|Extreme Speed|p2a: Arceus
|-resisted|p2a: Arceus
|-damage|p2a: Arceus|0 fnt
|faint|p2a: Arceus
|
|-weather|DeltaStream|[upkeep]
|upkeep
|inactive|Andy611 has 25 seconds left this turn.
|
|t:|1665633212
|switch|p2a: Zygarde|Zygarde, shiny|100/100
|-damage|p2a: Zygarde|94/100|[from] Stealth Rock
|turn|11
|inactive|Andy611 has 30 seconds left.
|
|t:|1665633218
|move|p1a: Rayquaza|Dragon Ascent|p2a: Zygarde
|-damage|p2a: Zygarde|13/100
|-unboost|p1a: Rayquaza|def|1
|-unboost|p1a: Rayquaza|spd|1
|move|p2a: Zygarde|Glare|p1a: Rayquaza
|-status|p1a: Rayquaza|par
|
|-weather|DeltaStream|[upkeep]
|-activate|p2a: Zygarde|ability: Power Construct
|detailschange|p2a: Zygarde|Zygarde-Complete, shiny
|-heal|p2a: Zygarde|43/100|[silent]
|upkeep
|turn|12
|inactive|Andy611 has 30 seconds left.
|
|t:|1665633231
|move|p1a: Rayquaza|Dragon Ascent|p2a: Zygarde
|-damage|p2a: Zygarde|0 fnt
|-unboost|p1a: Rayquaza|def|1
|-unboost|p1a: Rayquaza|spd|1
|faint|p2a: Zygarde
|
|-weather|DeltaStream|[upkeep]
|upkeep
|
|t:|1665633239
|switch|p2a: Ditto|Ditto, shiny|100/100
|-damage|p2a: Ditto|88/100|[from] Stealth Rock
|-transform|p2a: Ditto|p1a: Rayquaza|[from] ability: Imposter
|turn|13
|
|t:|1665633246
|move|p2a: Ditto|Extreme Speed|p1a: Rayquaza
|-enditem|p1a: Rayquaza|Focus Sash
|-damage|p1a: Rayquaza|1/100 par
|move|p1a: Rayquaza|Dragon Ascent|p2a: Ditto
|-crit|p2a: Ditto
|-damage|p2a: Ditto|0 fnt
|-unboost|p1a: Rayquaza|def|1
|-unboost|p1a: Rayquaza|spd|1
|faint|p2a: Ditto
|
|-weather|DeltaStream|[upkeep]
|upkeep
|
|t:|1665633254
|switch|p2a: Arceus|Arceus|100/100
|-damage|p2a: Arceus|88/100|[from] Stealth Rock
|turn|14
|
|t:|1665633262
|move|p2a: Arceus|Extreme Speed|p1a: Rayquaza
|-damage|p1a: Rayquaza|0 fnt
|faint|p1a: Rayquaza
|-weather|none
|
|upkeep
|
|t:|1665633279
|switch|p1a: Arceus|Arceus|100/100
|-damage|p1a: Arceus|88/100|[from] Stealth Rock
|turn|15
|
|t:|1665633284
|move|p2a: Arceus|Swords Dance|p2a: Arceus
|-boost|p2a: Arceus|atk|2
|move|p1a: Arceus|Swords Dance|p1a: Arceus
|-boost|p1a: Arceus|atk|2
|
|upkeep
|turn|16
|
|t:|1665633291
|-start|p2a: Arceus|Dynamax|
|-heal|p2a: Arceus|88/100|[silent]
|move|p1a: Arceus|Extreme Speed|p2a: Arceus
|-damage|p2a: Arceus|58/100
|move|p2a: Arceus|Max Strike|p1a: Arceus
|-damage|p1a: Arceus|0 fnt
|faint|p1a: Arceus
|
|upkeep
|
|t:|1665633310
|switch|p1a: Kyogre|Kyogre|100/100
|-damage|p1a: Kyogre|88/100|[from] Stealth Rock
|-weather|RainDance|[from] ability: Drizzle|[of] p1a: Kyogre
|turn|17
|
|t:|1665633315
|move|p1a: Kyogre|Water Spout|p2a: Arceus
|-damage|p2a: Arceus|18/100
|move|p2a: Arceus|Max Strike|p1a: Kyogre
|-damage|p1a: Kyogre|0 fnt
|faint|p1a: Kyogre
|
|-weather|RainDance|[upkeep]
|upkeep
|
|t:|1665633330
|switch|p1a: Calyrex|Calyrex-Shadow|100/100
|-ability|p1a: Calyrex|As One
|-ability|p1a: Calyrex|Unnerve
|-damage|p1a: Calyrex|88/100|[from] Stealth Rock
|turn|18
|
|t:|1665633338
|move|p1a: Calyrex|Psyshock|p2a: Arceus
|-damage|p2a: Arceus|3/100
|move|p2a: Arceus|Max Phantasm|p1a: Calyrex
|-supereffective|p1a: Calyrex
|-damage|p1a: Calyrex|0 fnt
|faint|p1a: Calyrex
|
|-weather|RainDance|[upkeep]
|upkeep
|
|t:|1665633348
|switch|p1a: Yveltal|Yveltal|100/100
|-damage|p1a: Yveltal|76/100|[from] Stealth Rock
|-ability|p1a: Yveltal|Dark Aura
|-end|p2a: Arceus|Dynamax
|-heal|p2a: Arceus|3/100|[silent]
|turn|19
|
|t:|1665633361
|-start|p1a: Yveltal|Dynamax|
|-heal|p1a: Yveltal|76/100|[silent]
|move|p2a: Arceus|Extreme Speed|p1a: Yveltal
|-damage|p1a: Yveltal|35/100
|move|p1a: Yveltal|Max Airstream|p2a: Arceus
|-damage|p2a: Arceus|0 fnt
|-boost|p1a: Yveltal|spe|1
|faint|p2a: Arceus
|-damage|p1a: Yveltal|30/100|[from] item: Life Orb
|
|-weather|RainDance|[upkeep]
|upkeep
|
|t:|1665633366
|switch|p2a: Groudon|Groudon-Primal|63/100
|-damage|p2a: Groudon|50/100|[from] Stealth Rock
|-weather|DesolateLand|[from] ability: Desolate Land|[of] p2a: Groudon
|turn|20
|
|t:|1665633381
|move|p1a: Yveltal|Max Darkness|p2a: Groudon
|-damage|p2a: Groudon|5/100
|-unboost|p2a: Groudon|spd|1
|-damage|p1a: Yveltal|25/100|[from] item: Life Orb
|move|p2a: Groudon|Fire Punch|p1a: Yveltal
|-damage|p1a: Yveltal|0 fnt
|faint|p1a: Yveltal
|
|win|Blackstar152001
|raw|Andy611's rating: 1660 &rarr; <strong>1654</strong><br />(-6 for losing)
|raw|Blackstar152001's rating: 1968 &rarr; <strong>1974</strong><br />(+6 for winning)
