|j|☆Better Alone
|j|☆NOAH MK2
|t:|1661227068
|gametype|singles
|player|p1|Better Alone|swimmerf-gen4|1640
|player|p2|NOAH MK2|102|1770
|teamsize|p1|6
|teamsize|p2|6
|gen|8
|tier|[Gen 8] National Dex AG
|rated|
|rule|HP Percentage Mod: HP is shown in percentages
|rule|Endless Battle Clause: Forcing endless battles is banned
|clearpoke
|poke|p1|Arceus-*|
|poke|p1|Arceus-*|
|poke|p1|Ditto|
|poke|p1|Calyrex-Shadow|
|poke|p1|Groudon|
|poke|p1|Zacian-*|
|poke|p2|Necrozma-Dusk-Mane|
|poke|p2|Whimsicott, M|
|poke|p2|Ho-Oh|
|poke|p2|Groudon|
|poke|p2|Kyogre|
|poke|p2|Zygarde|
|teampreview
|j| eefre
|inactive|Battle timer is ON: inactive players will automatically lose when time's up. (requested by Better Alone)
|
|t:|1661227151
|start
|switch|p1a: Arceus|Arceus-Dark|100/100
|switch|p2a: Zygarde|Zygarde|100/100
|turn|1
|
|t:|1661227158
|switch|p2a: Ho-Oh|Ho-Oh|100/100
|move|p1a: Arceus|Will-O-Wisp|p2a: Ho-Oh
|-immune|p2a: Ho-Oh
|
|upkeep
|turn|2
|
|t:|1661227166
|switch|p2a: Zygarde|Zygarde|100/100
|move|p1a: Arceus|Judgment|p2a: Zygarde
|-damage|p2a: Zygarde|63/100
|
|-heal|p2a: Zygarde|69/100|[from] item: Leftovers
|upkeep
|turn|3
|
|t:|1661227169
|switch|p2a: Ho-Oh|Ho-Oh|100/100
|move|p1a: Arceus|Will-O-Wisp|p2a: Ho-Oh
|-immune|p2a: Ho-Oh
|
|upkeep
|turn|4
|
|t:|1661227173
|move|p1a: Arceus|Judgment|p2a: Ho-Oh
|-damage|p2a: Ho-Oh|80/100
|move|p2a: Ho-Oh|Will-O-Wisp|p1a: Arceus
|-status|p1a: Arceus|brn
|
|-damage|p1a: Arceus|94/100 brn|[from] brn
|upkeep
|turn|5
|
|t:|1661227177
|move|p1a: Arceus|Will-O-Wisp|p2a: Ho-Oh
|-immune|p2a: Ho-Oh
|move|p2a: Ho-Oh|Sacred Fire|p1a: Arceus
|-damage|p1a: Arceus|64/100 brn
|
|-damage|p1a: Arceus|58/100 brn|[from] brn
|upkeep
|turn|6
|
|t:|1661227183
|move|p1a: Arceus|Judgment|p2a: Ho-Oh
|-damage|p2a: Ho-Oh|58/100
|move|p2a: Ho-Oh|Sacred Fire|p1a: Arceus
|-damage|p1a: Arceus|27/100 brn
|
|-damage|p1a: Arceus|21/100 brn|[from] brn
|upkeep
|turn|7
|
|t:|1661227188
|switch|p2a: Groudon|Groudon|100/100
|detailschange|p2a: Groudon|Groudon-Primal
|-primal|p2a: Groudon
|-weather|DesolateLand|[from] ability: Desolate Land|[of] p2a: Groudon
|move|p1a: Arceus|Recover|p1a: Arceus
|-heal|p1a: Arceus|71/100 brn
|
|-weather|DesolateLand|[upkeep]
|-damage|p1a: Arceus|65/100 brn|[from] brn
|upkeep
|turn|8
|
|t:|1661227192
|move|p2a: Groudon|Precipice Blades|p1a: Arceus|[miss]
|-miss|p2a: Groudon|p1a: Arceus
|move|p1a: Arceus|Judgment|p2a: Groudon
|-damage|p2a: Groudon|45/100
|
|-weather|DesolateLand|[upkeep]
|-damage|p1a: Arceus|59/100 brn|[from] brn
|upkeep
|turn|9
|
|t:|1661227199
|switch|p1a: Arceus|Arceus-Ground|100/100
|move|p2a: Groudon|Precipice Blades|p1a: Arceus
|-damage|p1a: Arceus|64/100
|
|-weather|DesolateLand|[upkeep]
|upkeep
|turn|10
|
|t:|1661227203
|-weather|none
|switch|p2a: Ho-Oh|Ho-Oh|91/100
|move|p1a: Arceus|Stealth Rock|p2a: Ho-Oh
|-sidestart|p2: NOAH MK2|move: Stealth Rock
|
|upkeep
|turn|11
|
|t:|1661227207
|move|p1a: Arceus|Toxic|p2a: Ho-Oh
|-status|p2a: Ho-Oh|tox
|move|p2a: Ho-Oh|Defog|p1a: Arceus
|-unboost|p1a: Arceus|evasion|1
|-sideend|p2: NOAH MK2|Stealth Rock|[from] move: Defog|[of] p2a: Ho-Oh
|
|-damage|p2a: Ho-Oh|85/100 tox|[from] psn
|upkeep
|turn|12
|
|t:|1661227216
|move|p1a: Arceus|Recover|p1a: Arceus
|-heal|p1a: Arceus|100/100
|move|p2a: Ho-Oh|Will-O-Wisp|p1a: Arceus
|-status|p1a: Arceus|brn
|
|-damage|p2a: Ho-Oh|73/100 tox|[from] psn
|-damage|p1a: Arceus|94/100 brn|[from] brn
|upkeep
|turn|13
|
|t:|1661227222
|switch|p2a: Whimsicott|Whimsicott, M|100/100
|move|p1a: Arceus|Stealth Rock|p2a: Whimsicott
|-sidestart|p2: NOAH MK2|move: Stealth Rock
|
|-damage|p1a: Arceus|88/100 brn|[from] brn
|upkeep
|turn|14
|
|t:|1661227226
|switch|p1a: Arceus|Arceus-Dark|59/100 brn
|move|p2a: Whimsicott|Encore|p1a: Arceus
|-hint|Since gen 7, Dark is immune to Prankster moves.
|-immune|p1a: Arceus
|
|-damage|p1a: Arceus|53/100 brn|[from] brn
|upkeep
|turn|15
|
|t:|1661227231
|move|p2a: Whimsicott|Moonblast|p1a: Arceus
|-supereffective|p1a: Arceus
|-damage|p1a: Arceus|19/100 brn
|move|p1a: Arceus|Recover|p1a: Arceus
|-heal|p1a: Arceus|69/100 brn
|
|-damage|p1a: Arceus|63/100 brn|[from] brn
|upkeep
|turn|16
|
|t:|1661227240
|move|p2a: Whimsicott|Moonblast|p1a: Arceus
|-supereffective|p1a: Arceus
|-damage|p1a: Arceus|28/100 brn
|move|p1a: Arceus|Recover|p1a: Arceus
|-heal|p1a: Arceus|78/100 brn
|
|-damage|p1a: Arceus|71/100 brn|[from] brn
|upkeep
|turn|17
|
|t:|1661227259
|switch|p2a: Ho-Oh|Ho-Oh|100/100 tox
|move|p1a: Arceus|Will-O-Wisp||[still]
|-fail|p1a: Arceus
|
|-damage|p2a: Ho-Oh|94/100 tox|[from] psn
|-damage|p1a: Arceus|65/100 brn|[from] brn
|upkeep
|turn|18
|
|t:|1661227264
|move|p1a: Arceus|Recover|p1a: Arceus
|-heal|p1a: Arceus|100/100 brn
|move|p2a: Ho-Oh|Defog|p1a: Arceus
|-unboost|p1a: Arceus|evasion|1
|-sideend|p2: NOAH MK2|Stealth Rock|[from] move: Defog|[of] p2a: Ho-Oh
|
|-damage|p2a: Ho-Oh|82/100 tox|[from] psn
|-damage|p1a: Arceus|94/100 brn|[from] brn
|upkeep
|turn|19
|j| Paradiso777
|
|t:|1661227276
|move|p1a: Arceus|Will-O-Wisp||[still]
|-fail|p1a: Arceus
|move|p2a: Ho-Oh|Sacred Fire|p1a: Arceus
|-damage|p1a: Arceus|64/100 brn
|
|-damage|p2a: Ho-Oh|64/100 tox|[from] psn
|-damage|p1a: Arceus|58/100 brn|[from] brn
|upkeep
|turn|20
|l| Paradiso777
|
|t:|1661227279
|switch|p2a: Groudon|Groudon-Primal|45/100
|-weather|DesolateLand|[from] ability: Desolate Land|[of] p2a: Groudon
|move|p1a: Arceus|Will-O-Wisp|p2a: Groudon|[miss]
|-miss|p1a: Arceus|p2a: Groudon
|
|-weather|DesolateLand|[upkeep]
|-damage|p1a: Arceus|52/100 brn|[from] brn
|upkeep
|turn|21
|
|t:|1661227284
|move|p2a: Groudon|Swords Dance|p2a: Groudon
|-boost|p2a: Groudon|atk|2
|move|p1a: Arceus|Recover|p1a: Arceus
|-heal|p1a: Arceus|100/100 brn
|
|-weather|DesolateLand|[upkeep]
|-damage|p1a: Arceus|94/100 brn|[from] brn
|upkeep
|turn|22
|
|t:|1661227296
|switch|p1a: Arceus|Arceus-Ground|88/100 brn
|move|p2a: Groudon|Precipice Blades|p1a: Arceus|[miss]
|-miss|p2a: Groudon|p1a: Arceus
|
|-weather|DesolateLand|[upkeep]
|-damage|p1a: Arceus|82/100 brn|[from] brn
|upkeep
|turn|23
|
|t:|1661227301
|move|p2a: Groudon|Precipice Blades|p1a: Arceus
|-damage|p1a: Arceus|2/100 brn
|move|p1a: Arceus|Judgment|p2a: Groudon
|-supereffective|p2a: Groudon
|-damage|p2a: Groudon|0 fnt
|faint|p2a: Groudon
|-weather|none
|
|-damage|p1a: Arceus|0 fnt|[from] brn
|faint|p1a: Arceus
|upkeep
|
|t:|1661227312
|switch|p2a: Kyogre|Kyogre|100/100
|switch|p1a: Arceus|Arceus-Dark|94/100 brn
|detailschange|p2a: Kyogre|Kyogre-Primal
|-primal|p2a: Kyogre
|-weather|PrimordialSea|[from] ability: Primordial Sea|[of] p2a: Kyogre
|turn|24
|
|t:|1661227316
|-weather|none
|switch|p2a: Zygarde|Zygarde|69/100
|switch|p1a: Groudon|Groudon, shiny|100/100
|detailschange|p1a: Groudon|Groudon-Primal, shiny
|-primal|p1a: Groudon
|-weather|DesolateLand|[from] ability: Desolate Land|[of] p1a: Groudon
|
|-weather|DesolateLand|[upkeep]
|-heal|p2a: Zygarde|75/100|[from] item: Leftovers
|upkeep
|turn|25
|
|t:|1661227337
|switch|p2a: Kyogre|Kyogre-Primal|100/100
|-weather|PrimordialSea|[from] ability: Primordial Sea|[of] p2a: Kyogre
|move|p1a: Groudon|Dragon Tail|p2a: Kyogre
|-damage|p2a: Kyogre|71/100
|-weather|none
|drag|p2a: Ho-Oh|Ho-Oh|98/100 tox
|
|-damage|p2a: Ho-Oh|92/100 tox|[from] psn
|upkeep
|turn|26
|
|t:|1661227350
|switch|p2a: Necrozma|Necrozma-Dusk-Mane|100/100
|move|p1a: Groudon|Rock Tomb|p2a: Necrozma
|-resisted|p2a: Necrozma
|-damage|p2a: Necrozma|94/100
|-unboost|p2a: Necrozma|spe|1
|
|upkeep
|turn|27
|
|t:|1661227355
|switch|p2a: Zygarde|Zygarde|75/100
|move|p1a: Groudon|Precipice Blades|p2a: Zygarde
|-damage|p2a: Zygarde|33/100
|
|-heal|p2a: Zygarde|39/100|[from] item: Leftovers
|-activate|p2a: Zygarde|ability: Power Construct
|detailschange|p2a: Zygarde|Zygarde-Complete
|-heal|p2a: Zygarde|60/100|[silent]
|upkeep
|turn|28
|
|t:|1661227358
|move|p2a: Zygarde|Glare|p1a: Groudon
|-status|p1a: Groudon|par
|move|p1a: Groudon|Dragon Tail|p2a: Zygarde
|-supereffective|p2a: Zygarde
|-damage|p2a: Zygarde|42/100
|drag|p2a: Whimsicott|Whimsicott, M|100/100
|
|upkeep
|turn|29
|
|t:|1661227363
|move|p2a: Whimsicott|Encore|p1a: Groudon
|-start|p1a: Groudon|Encore
|cant|p1a: Groudon|par
|
|upkeep
|turn|30
|
|t:|1661227370
|move|p2a: Whimsicott|Moonblast|p1a: Groudon
|-resisted|p1a: Groudon
|-damage|p1a: Groudon|80/100 par
|move|p1a: Groudon|Dragon Tail|p2a: Whimsicott
|-immune|p2a: Whimsicott
|
|upkeep
|turn|31
|
|t:|1661227375
|switch|p1a: Zacian|Zacian-Crowned, shiny|100/100
|-ability|p1a: Zacian|Intrepid Sword|boost
|-boost|p1a: Zacian|atk|1
|move|p2a: Whimsicott|Moonblast|p1a: Zacian
|-resisted|p1a: Zacian
|-damage|p1a: Zacian|83/100
|-unboost|p1a: Zacian|spa|1
|
|upkeep
|turn|32
|
|t:|1661227379
|move|p2a: Whimsicott|Stun Spore|p1a: Zacian
|-status|p1a: Zacian|par
|cant|p1a: Zacian|par
|
|upkeep
|turn|33
|
|t:|1661227383
|switch|p2a: Necrozma|Necrozma-Dusk-Mane|94/100
|move|p1a: Zacian|Behemoth Blade|p2a: Necrozma
|-resisted|p2a: Necrozma
|-damage|p2a: Necrozma|68/100
|-damage|p1a: Zacian|66/100 par|[from] item: Rocky Helmet|[of] p2a: Necrozma
|
|upkeep
|turn|34
|
|t:|1661227390
|switch|p1a: Arceus|Arceus-Dark|94/100 brn
|move|p2a: Necrozma|Stealth Rock|p1a: Arceus
|-sidestart|p1: Better Alone|move: Stealth Rock
|
|-damage|p1a: Arceus|88/100 brn|[from] brn
|upkeep
|turn|35
|
|t:|1661227395
|switch|p2a: Ho-Oh|Ho-Oh|100/100 tox
|move|p1a: Arceus|Judgment|p2a: Ho-Oh
|-damage|p2a: Ho-Oh|79/100 tox
|
|-damage|p2a: Ho-Oh|73/100 tox|[from] psn
|-damage|p1a: Arceus|82/100 brn|[from] brn
|upkeep
|turn|36
|
|t:|1661227400
|move|p1a: Arceus|Judgment|p2a: Ho-Oh
|-damage|p2a: Ho-Oh|53/100 tox
|move|p2a: Ho-Oh|Sacred Fire|p1a: Arceus
|-damage|p1a: Arceus|55/100 brn
|
|-damage|p2a: Ho-Oh|41/100 tox|[from] psn
|-damage|p1a: Arceus|49/100 brn|[from] brn
|upkeep
|turn|37
|
|t:|1661227404
|move|p1a: Arceus|Recover|p1a: Arceus
|-heal|p1a: Arceus|99/100 brn
|move|p2a: Ho-Oh|Roost|p2a: Ho-Oh
|-heal|p2a: Ho-Oh|91/100 tox
|-singleturn|p2a: Ho-Oh|move: Roost
|
|-damage|p2a: Ho-Oh|73/100 tox|[from] psn
|-damage|p1a: Arceus|93/100 brn|[from] brn
|upkeep
|turn|38
|
|t:|1661227409
|switch|p2a: Whimsicott|Whimsicott, M|100/100
|move|p1a: Arceus|Judgment|p2a: Whimsicott
|-resisted|p2a: Whimsicott
|-damage|p2a: Whimsicott|61/100
|
|-damage|p1a: Arceus|87/100 brn|[from] brn
|upkeep
|turn|39
|
|t:|1661227413
|move|p2a: Whimsicott|Moonblast|p1a: Arceus
|-supereffective|p1a: Arceus
|-damage|p1a: Arceus|54/100 brn
|move|p1a: Arceus|Will-O-Wisp|p2a: Whimsicott
|-status|p2a: Whimsicott|brn
|
|-damage|p2a: Whimsicott|55/100 brn|[from] brn
|-damage|p1a: Arceus|48/100 brn|[from] brn
|upkeep
|turn|40
|
|t:|1661227419
|switch|p2a: Kyogre|Kyogre-Primal|71/100
|-weather|PrimordialSea|[from] ability: Primordial Sea|[of] p2a: Kyogre
|move|p1a: Arceus|Recover|p1a: Arceus
|-heal|p1a: Arceus|98/100 brn
|
|-weather|PrimordialSea|[upkeep]
|-damage|p1a: Arceus|92/100 brn|[from] brn
|upkeep
|turn|41
|
|t:|1661227428
|switch|p1a: Groudon|Groudon-Primal, shiny|80/100 par
|-damage|p1a: Groudon|68/100 par|[from] Stealth Rock
|-weather|DesolateLand|[from] ability: Desolate Land|[of] p1a: Groudon
|move|p2a: Kyogre|Ice Beam|p1a: Groudon
|-damage|p1a: Groudon|27/100 par
|
|-weather|DesolateLand|[upkeep]
|upkeep
|turn|42
|
|t:|1661227439
|move|p2a: Kyogre|Ice Beam|p1a: Groudon
|-damage|p1a: Groudon|0 fnt
|faint|p1a: Groudon
|-weather|none
|
|upkeep
|
|t:|1661227444
|switch|p1a: Zacian|Zacian-Crowned, shiny|66/100 par
|-damage|p1a: Zacian|60/100 par|[from] Stealth Rock
|-ability|p1a: Zacian|Intrepid Sword|boost
|-boost|p1a: Zacian|atk|1
|turn|43
|
|t:|1661227451
|move|p2a: Kyogre|Origin Pulse|p1a: Zacian
|-damage|p1a: Zacian|0 fnt
|faint|p1a: Zacian
|
|upkeep
|
|t:|1661227459
|switch|p1a: Arceus|Arceus-Dark|92/100 brn
|-damage|p1a: Arceus|80/100 brn|[from] Stealth Rock
|turn|44
|
|t:|1661227463
|switch|p2a: Ho-Oh|Ho-Oh|100/100 tox
|move|p1a: Arceus|Judgment|p2a: Ho-Oh
|-damage|p2a: Ho-Oh|81/100 tox
|
|-damage|p2a: Ho-Oh|75/100 tox|[from] psn
|-damage|p1a: Arceus|73/100 brn|[from] brn
|upkeep
|turn|45
|
|t:|1661227472
|switch|p1a: Ditto|Ditto, shiny|100/100
|-damage|p1a: Ditto|88/100|[from] Stealth Rock
|-transform|p1a: Ditto|p2a: Ho-Oh|[from] ability: Imposter
|move|p2a: Ho-Oh|Sacred Fire|p1a: Ditto
|-resisted|p1a: Ditto
|-damage|p1a: Ditto|58/100
|
|-damage|p2a: Ho-Oh|63/100 tox|[from] psn
|upkeep
|turn|46
|
|t:|1661227477
|switch|p2a: Kyogre|Kyogre-Primal|71/100
|-weather|PrimordialSea|[from] ability: Primordial Sea|[of] p2a: Kyogre
|move|p1a: Ditto|Defog|p2a: Kyogre
|-unboost|p2a: Kyogre|evasion|1
|-sideend|p1: Better Alone|Stealth Rock|[from] move: Defog|[of] p1a: Ditto
|
|-weather|PrimordialSea|[upkeep]
|upkeep
|turn|47
|
|t:|1661227480
|switch|p1a: Arceus|Arceus-Dark|73/100 brn
|move|p2a: Kyogre|Origin Pulse|p1a: Arceus
|-damage|p1a: Arceus|18/100 brn
|
|-weather|PrimordialSea|[upkeep]
|-damage|p1a: Arceus|12/100 brn|[from] brn
|upkeep
|turn|48
|
|t:|1661227484
|move|p2a: Kyogre|Origin Pulse|p1a: Arceus
|-damage|p1a: Arceus|0 fnt
|faint|p1a: Arceus
|
|-weather|PrimordialSea|[upkeep]
|upkeep
|
|t:|1661227487
|switch|p1a: Calyrex|Calyrex-Shadow|100/100
|-ability|p1a: Calyrex|As One
|-ability|p1a: Calyrex|Unnerve
|turn|49
|
|t:|1661227499
|-weather|none
|switch|p2a: Zygarde|Zygarde-Complete|42/100
|move|p1a: Calyrex|Psyshock|p2a: Zygarde
|-damage|p2a: Zygarde|26/100
|
|-heal|p2a: Zygarde|32/100|[from] item: Leftovers
|upkeep
|turn|50
|
|t:|1661227515
|-start|p1a: Calyrex|Dynamax|
|-heal|p1a: Calyrex|100/100|[silent]
|move|p1a: Calyrex|Max Phantasm|p2a: Zygarde
|-damage|p2a: Zygarde|0 fnt
|faint|p2a: Zygarde
|-ability|p1a: Calyrex|Grim Neigh|boost
|-boost|p1a: Calyrex|spa|1
|
|upkeep
|
|t:|1661227518
|switch|p2a: Whimsicott|Whimsicott, M|55/100 brn
|turn|51
|
|t:|1661227531
|move|p2a: Whimsicott|Memento|p1a: Calyrex
|-unboost|p1a: Calyrex|atk|2
|-unboost|p1a: Calyrex|spa|2
|faint|p2a: Whimsicott
|move|p1a: Calyrex|Max Mindstorm|p2: Whimsicott|[notarget]
|-fail|p1a: Calyrex
|
|upkeep
|j| KiraDidNothinWrong
|
|t:|1661227551
|switch|p2a: Ho-Oh|Ho-Oh|96/100 tox
|turn|52
|l| KiraDidNothinWrong
|
|t:|1661227558
|-end|p1a: Calyrex|Dynamax
|-heal|p1a: Calyrex|100/100|[silent]
|switch|p1a: Ditto|Ditto, shiny|91/100
|-transform|p1a: Ditto|p2a: Ho-Oh|[from] ability: Imposter
|switch|p2a: Kyogre|Kyogre-Primal|71/100
|-weather|PrimordialSea|[from] ability: Primordial Sea|[of] p2a: Kyogre
|
|-weather|PrimordialSea|[upkeep]
|upkeep
|turn|53
|
|t:|1661227566
|move|p1a: Ditto|Will-O-Wisp|p2a: Kyogre
|-status|p2a: Kyogre|brn
|move|p2a: Kyogre|Origin Pulse|p1a: Ditto
|-supereffective|p1a: Ditto
|-damage|p1a: Ditto|0 fnt
|faint|p1a: Ditto
|
|-weather|PrimordialSea|[upkeep]
|-damage|p2a: Kyogre|65/100 brn|[from] brn
|upkeep
|
|t:|1661227572
|switch|p1a: Calyrex|Calyrex-Shadow|100/100
|-ability|p1a: Calyrex|As One
|-ability|p1a: Calyrex|Unnerve
|turn|54
|
|t:|1661227574
|move|p1a: Calyrex|Psyshock|p2a: Kyogre
|-damage|p2a: Kyogre|8/100 brn
|move|p2a: Kyogre|Origin Pulse|p1a: Calyrex
|-damage|p1a: Calyrex|0 fnt
|faint|p1a: Calyrex
|
|win|NOAH MK2
|raw|Better Alone's rating: 1640 &rarr; <strong>1627</strong><br />(-13 for losing)
|raw|NOAH MK2's rating: 1770 &rarr; <strong>1783</strong><br />(+13 for winning)
|l|☆Better Alone
|l|☆NOAH MK2
||Ladder isn't responding, score probably updated but might not have (Request timeout).
