|j|☆Hhhhhhhhhhhhx
|j|☆FloomFlooms
|t:|1665415364
|gametype|singles
|player|p1|Hhhhhhhhhhhhx|nate|1616
|player|p2|FloomFlooms|flannery|1584
|teamsize|p1|6
|teamsize|p2|6
|gen|8
|tier|[Gen 8] National Dex AG
|rated|
|rule|HP Percentage Mod: HP is shown in percentages
|rule|Endless Battle Clause: Forcing endless battles is banned
|clearpoke
|poke|p1|Greninja, M|
|poke|p1|Zacian-*|
|poke|p1|Necrozma-Dusk-Mane|
|poke|p1|Urshifu-*, M|
|poke|p1|Kyogre|
|poke|p1|Dialga|
|poke|p2|Buzzwole|
|poke|p2|Cinccino, F|
|poke|p2|Magearna|
|poke|p2|Smeargle, M|
|poke|p2|Grimmsnarl, M|
|poke|p2|Cinderace, F|
|teampreview
|
|t:|1665415372
|start
|switch|p1a: Urshifu|Urshifu-Rapid-Strike, M|100/100
|switch|p2a: Puffball|Cinccino, F|100/100
|turn|1
|
|t:|1665415381
|move|p1a: Urshifu|Surging Strikes|p2a: Puffball
|-crit|p2a: Puffball
|-damage|p2a: Puffball|61/100
|-crit|p2a: Puffball
|-damage|p2a: Puffball|21/100
|-crit|p2a: Puffball
|-damage|p2a: Puffball|0 fnt
|faint|p2a: Puffball
|-hitcount|p2: Puffball|3
|
|upkeep
|
|t:|1665415384
|switch|p2a: Snarl|Grimmsnarl, M|100/100
|turn|2
|
|t:|1665415387
|move|p2a: Snarl|Thunder Wave|p1a: Urshifu
|-status|p1a: Urshifu|par
|move|p1a: Urshifu|Surging Strikes|p2a: Snarl
|-crit|p2a: Snarl
|-damage|p2a: Snarl|75/100
|-crit|p2a: Snarl
|-damage|p2a: Snarl|47/100
|-crit|p2a: Snarl
|-damage|p2a: Snarl|21/100
|-hitcount|p2a: Snarl|3
|
|upkeep
|turn|3
|
|t:|1665415398
|switch|p1a: Dialga|Dialga, shiny|100/100
|-ability|p1a: Dialga|Pressure
|move|p2a: Snarl|Trick|p1a: Dialga
|-activate|p2a: Snarl|move: Trick|[of] p1a: Dialga
|-item|p1a: Dialga|Lagging Tail|[from] move: Trick
|-item|p2a: Snarl|Life Orb|[from] move: Trick
|
|upkeep
|turn|4
|
|t:|1665415415
|-start|p1a: Dialga|Dynamax|
|-heal|p1a: Dialga|100/100|[silent]
|move|p2a: Snarl|Thunder Wave|p1a: Dialga
|-status|p1a: Dialga|par
|move|p1a: Dialga|Max Hailstorm|p2a: Snarl
|-damage|p2a: Snarl|0 fnt
|-weather|Hail
|faint|p2a: Snarl
|
|-weather|Hail|[upkeep]
|-damage|p1a: Dialga|97/100 par|[from] Hail
|upkeep
|
|t:|1665415424
|switch|p2a: Bunbun|Cinderace, F, shiny|100/100
|turn|5
|
|t:|1665415429
|move|p2a: Bunbun|Pyro Ball|p1a: Dialga
|-damage|p1a: Dialga|75/100 par
|move|p1a: Dialga|Max Wyrmwind|p2a: Bunbun
|-damage|p2a: Bunbun|0 fnt
|faint|p2a: Bunbun
|
|-weather|Hail|[upkeep]
|-damage|p1a: Dialga|72/100 par|[from] Hail
|upkeep
|
|t:|1665415433
|switch|p2a: Mawa|Magearna|100/100
|turn|6
|
|t:|1665415439
|move|p2a: Mawa|Shift Gear|p2a: Mawa
|-boost|p2a: Mawa|spe|2
|-boost|p2a: Mawa|atk|1
|cant|p1a: Dialga|par
|
|-weather|Hail|[upkeep]
|-damage|p2a: Mawa|94/100|[from] Hail
|-damage|p1a: Dialga|69/100 par|[from] Hail
|upkeep
|-end|p1a: Dialga|Dynamax
|-heal|p1a: Dialga|69/100 par|[silent]
|turn|7
|
|t:|1665415446
|move|p2a: Mawa|Shift Gear|p2a: Mawa
|-boost|p2a: Mawa|spe|2
|-boost|p2a: Mawa|atk|1
|move|p1a: Dialga|Earth Power|p2a: Mawa
|-supereffective|p2a: Mawa
|-damage|p2a: Mawa|49/100
|-enditem|p2a: Mawa|Weakness Policy
|-boost|p2a: Mawa|atk|2|[from] item: Weakness Policy
|-boost|p2a: Mawa|spa|2|[from] item: Weakness Policy
|
|-weather|Hail|[upkeep]
|-damage|p2a: Mawa|43/100|[from] Hail
|-damage|p1a: Dialga|63/100 par|[from] Hail
|upkeep
|turn|8
|
|t:|1665415451
|move|p2a: Mawa|Baton Pass|p2a: Mawa
|
|t:|1665415452
|switch|p2a: Hulkskito|Buzzwole, shiny|100/100|[from]move: Baton Pass
|move|p1a: Dialga|Steel Beam|p2a: Hulkskito
|-damage|p2a: Hulkskito|17/100
|-damage|p1a: Dialga|13/100 par|[from] mindblown
|
|-weather|none
|upkeep
|turn|9
|
|t:|1665415460
|move|p2a: Hulkskito|Drain Punch|p1a: Dialga
|-supereffective|p1a: Dialga
|-damage|p1a: Dialga|0 fnt
|-heal|p2a: Hulkskito|23/100|[from] drain|[of] p1a: Dialga
|faint|p1a: Dialga
|-ability|p2a: Hulkskito|Beast Boost|boost
|-boost|p2a: Hulkskito|atk|1
|
|upkeep
|
|t:|1665415467
|switch|p1a: Necrozma|Necrozma-Dusk-Mane|100/100
|turn|10
|
|t:|1665415476
|move|p2a: Hulkskito|Drain Punch|p1a: Necrozma
|-damage|p1a: Necrozma|0 fnt
|-heal|p2a: Hulkskito|71/100|[from] drain|[of] p1a: Necrozma
|faint|p1a: Necrozma
|-ability|p2a: Hulkskito|Beast Boost|boost
|-boost|p2a: Hulkskito|atk|1
|
|upkeep
|c|☆FloomFlooms|Not greninja ? huh
|-message|Hhhhhhhhhhhhx forfeited.
|
|win|FloomFlooms
|raw|Hhhhhhhhhhhhx's rating: 1616 &rarr; <strong>1594</strong><br />(-22 for losing)
|raw|FloomFlooms's rating: 1584 &rarr; <strong>1606</strong><br />(+22 for winning)
|l|☆Hhhhhhhhhhhhx
||Ladder isn't responding, score probably updated but might not have (Request timeout).
