|j|☆Gen 4 Civic
|j|☆frostcrush
|t:|1657966004
|gametype|singles
|player|p1|Gen 4 Civic|wattson|1389
|player|p2|frostcrush|102|1589
|teamsize|p1|6
|teamsize|p2|6
|gen|8
|tier|[Gen 8] National Dex AG
|rated|
|rule|HP Percentage Mod: HP is shown in percentages
|rule|Endless Battle Clause: Forcing endless battles is banned
|clearpoke
|poke|p1|Runerigus, M|
|poke|p1|Palkia|
|poke|p1|Dialga|
|poke|p1|Eelektross, F|
|poke|p1|Ditto|
|poke|p1|Mewtwo|
|poke|p2|Arceus-*|
|poke|p2|Calyrex-Shadow|
|poke|p2|Deoxys-Attack|
|poke|p2|Forretress, F|
|poke|p2|Marshadow|
|poke|p2|Mewtwo|
|teampreview
|
|t:|1657966022
|start
|switch|p1a: Zacian counter|Dialga, shiny|100/100
|switch|p2a: Marshadow|Marshadow|100/100
|-ability|p1a: Zacian counter|Pressure
|turn|1
|
|t:|1657966035
|switch|p2a: Forretress|Forretress, F|100/100
|move|p1a: Zacian counter|Flamethrower|p2a: Forretress
|-supereffective|p2a: Forretress
|-ability|p2a: Forretress|Sturdy
|-damage|p2a: Forretress|1/100
|
|upkeep
|turn|2
|-enditem|p2a: Forretress|Custap Berry|[eat]
|-activate|p2a: Forretress|item: Custap Berry|[consumed]
|
|t:|1657966048
|move|p2a: Forretress|Stealth Rock|p1a: Zacian counter
|-sidestart|p1: Gen 4 Civic|move: Stealth Rock
|move|p1a: Zacian counter|Flamethrower|p2a: Forretress
|-supereffective|p2a: Forretress
|-damage|p2a: Forretress|0 fnt
|faint|p2a: Forretress
|
|upkeep
|
|t:|1657966066
|switch|p2a: Deoxys|Deoxys-Attack|100/100
|-ability|p2a: Deoxys|Pressure
|turn|3
|
|t:|1657966076
|move|p2a: Deoxys|Superpower|p1a: Zacian counter
|-supereffective|p1a: Zacian counter
|-enditem|p1a: Zacian counter|Chople Berry|[eat]
|-enditem|p1a: Zacian counter|Chople Berry|[weaken]
|-damage|p1a: Zacian counter|62/100
|-unboost|p2a: Deoxys|atk|1
|-unboost|p2a: Deoxys|def|1
|move|p1a: Zacian counter|Flamethrower|p2a: Deoxys
|-enditem|p2a: Deoxys|Focus Sash
|-damage|p2a: Deoxys|1/100
|
|upkeep
|turn|4
|
|t:|1657966088
|move|p2a: Deoxys|Superpower|p1a: Zacian counter
|-supereffective|p1a: Zacian counter
|-damage|p1a: Zacian counter|8/100
|-unboost|p2a: Deoxys|atk|1
|-unboost|p2a: Deoxys|def|1
|move|p1a: Zacian counter|Flamethrower|p2a: Deoxys
|-damage|p2a: Deoxys|0 fnt
|faint|p2a: Deoxys
|
|upkeep
|
|t:|1657966092
|switch|p2a: Calyrex|Calyrex-Shadow|100/100
|-ability|p2a: Calyrex|As One
|-ability|p2a: Calyrex|Unnerve
|turn|5
|inactive|Battle timer is ON: inactive players will automatically lose when time's up. (requested by frostcrush)
|
|t:|1657966102
|-start|p2a: Calyrex|Dynamax|
|-heal|p2a: Calyrex|100/100|[silent]
|move|p2a: Calyrex|Max Mindstorm|p1a: Zacian counter
|-resisted|p1a: Zacian counter
|-damage|p1a: Zacian counter|0 fnt
|-fieldstart|move: Psychic Terrain
|faint|p1a: Zacian counter
|-ability|p2a: Calyrex|Grim Neigh|boost
|-boost|p2a: Calyrex|spa|1
|
|upkeep
|
|t:|1657966124
|switch|p1a: Ratio|Runerigus, M, shiny|100/100
|-damage|p1a: Ratio|94/100|[from] Stealth Rock
|turn|6
|
|t:|1657966130
|move|p2a: Calyrex|Max Phantasm|p1a: Ratio
|-supereffective|p1a: Ratio
|-damage|p1a: Ratio|0 fnt
|faint|p1a: Ratio
|-ability|p2a: Calyrex|Grim Neigh|boost
|-boost|p2a: Calyrex|spa|1
|
|upkeep
|
|t:|1657966138
|switch|p1a: no|Ditto, shiny|100/100
|-damage|p1a: no|88/100|[from] Stealth Rock
|-transform|p1a: no|p2a: Calyrex|[from] ability: Imposter
|turn|7
|
|t:|1657966146
|-start|p1a: no|Dynamax|
|-heal|p1a: no|88/100|[silent]
|move|p2a: Calyrex|Max Phantasm|p1a: no
|-supereffective|p1a: no
|-damage|p1a: no|0 fnt
|faint|p1a: no
|-ability|p2a: Calyrex|Grim Neigh|boost
|-boost|p2a: Calyrex|spa|1
|
|upkeep
|c|☆frostcrush|ditto users xD
|c|☆Gen 4 Civic|What
|c|☆Gen 4 Civic|Are you scarfed
|inactive|Gen 4 Civic has 120 seconds left.
|
|t:|1657966174
|switch|p1a: Not zcian counter|Palkia|100/100
|-damage|p1a: Not zcian counter|88/100|[from] Stealth Rock
|-ability|p1a: Not zcian counter|Pressure
|-end|p2a: Calyrex|Dynamax
|-heal|p2a: Calyrex|100/100|[silent]
|turn|8
|c|☆frostcrush|yikes using ditto and u dont know how he works
|c|☆Gen 4 Civic|🥸
|inactive|Gen 4 Civic has 120 seconds left.
|c|☆Gen 4 Civic|Try harding a kids game is no fun
|
|t:|1657966198
|move|p2a: Calyrex|Astral Barrage|p1a: Not zcian counter
|-damage|p1a: Not zcian counter|0 fnt
|faint|p1a: Not zcian counter
|-ability|p2a: Calyrex|Grim Neigh|boost
|-boost|p2a: Calyrex|spa|1
|
|upkeep
|
|t:|1657966205
|switch|p1a: Eel|Eelektross, F, shiny|100/100
|-damage|p1a: Eel|88/100|[from] Stealth Rock
|turn|9
|c|☆frostcrush|Try harding?
|c|☆frostcrush|lmao
|c|☆frostcrush|guess clapping you is try harding
|
|t:|1657966221
|move|p2a: Calyrex|Astral Barrage|p1a: Eel
|-damage|p1a: Eel|0 fnt
|faint|p1a: Eel
|-ability|p2a: Calyrex|Grim Neigh|boost
|-boost|p2a: Calyrex|spa|1
|
|-fieldend|move: Psychic Terrain
|upkeep
|inactive|Gen 4 Civic has 120 seconds left.
|c|☆frostcrush|btw you dynamaxed
|c|☆Gen 4 Civic|You sound like a 12 year old on Xbox live
|
|t:|1657966235
|switch|p1a: 🧹|Mewtwo, shiny|100/100
|-damage|p1a: 🧹|88/100|[from] Stealth Rock
|-ability|p1a: 🧹|Pressure
|turn|10
|c|☆frostcrush|it ignores your choice item
|c|☆frostcrush|u mad
|inactive|Gen 4 Civic has 120 seconds left.
|c|☆Gen 4 Civic|What
|c|☆frostcrush|enjoy this L
|c|☆frostcrush|GOOFY
|
|t:|1657966252
|detailschange|p1a: 🧹|Mewtwo-Mega-X, shiny
|-mega|p1a: 🧹|Mewtwo|Mewtwonite X
|move|p2a: Calyrex|Draining Kiss|p1a: 🧹
|-supereffective|p1a: 🧹
|-damage|p1a: 🧹|0 fnt
|faint|p1a: 🧹
|
|win|frostcrush
|raw|Gen 4 Civic's rating: 1389 &rarr; <strong>1379</strong><br />(-10 for losing)
|raw|frostcrush's rating: 1589 &rarr; <strong>1599</strong><br />(+10 for winning)
|c|☆Gen 4 Civic|Alright man
|c|☆frostcrush|REKT
|c|☆frostcrush|bye bad
