|j|☆Alkir
|j|☆Ryan&Ditto
|t:|1607179363
|player|p1|Alkir|grimsley|1630
|player|p2|Ryan&Ditto|unknown|1579
|teamsize|p1|6
|teamsize|p2|6
|gametype|singles
|gen|8
|tier|[Gen 8] National Dex AG
|rated|
|clearpoke
|poke|p1|Zacian-Crowned|
|poke|p1|Xerneas|
|poke|p1|Groudon|
|poke|p1|Rayquaza|
|poke|p1|Lugia|
|poke|p1|Calyrex-Shadow|
|poke|p2|Zekrom|
|poke|p2|Lugia|
|poke|p2|Arceus-*|
|poke|p2|Kyogre|
|poke|p2|Rayquaza|
|poke|p2|Zamazenta-Crowned|
|rule|HP Percentage Mod: HP is shown in percentages
|rule|Endless Battle Clause: Forcing endless battles is banned
|teampreview
|inactive|Battle timer is ON: inactive players will automatically lose when time's up. (requested by Ryan&Ditto)
|
|t:|1607179390
|start
|switch|p1a: Groudon|Groudon, shiny|100/100
|switch|p2a: Alatreon|Rayquaza|100/100
|-ability|p2a: Alatreon|Air Lock
|detailschange|p1a: Groudon|Groudon-Primal, shiny
|-primal|p1a: Groudon
|-weather|DesolateLand|[from] ability: Desolate Land|[of] p1a: Groudon
|turn|1
|c|☆Ryan&Ditto|gl hf
|
|t:|1607179398
|detailschange|p2a: Alatreon|Rayquaza-Mega
|-mega|p2a: Alatreon|Rayquaza|
|-weather|DeltaStream|[from] ability: Delta Stream|[of] p2a: Alatreon
|move|p2a: Alatreon|Surf|p1a: Groudon
|-supereffective|p1a: Groudon
|-damage|p1a: Groudon|6/100
|move|p1a: Groudon|Stealth Rock|p2a: Alatreon
|-sidestart|p2: Ryan&Ditto|move: Stealth Rock
|
|-weather|DeltaStream|[upkeep]
|upkeep
|turn|2
|
|t:|1607179411
|switch|p1a: Lugia|Lugia|100/100
|move|p2a: Alatreon|Earthquake|p1a: Lugia
|-immune|p1a: Lugia
|
|-weather|DeltaStream|[upkeep]
|upkeep
|turn|3
|c|☆Ryan&Ditto|pog
|
|t:|1607179418
|move|p2a: Alatreon|Dragon Ascent|p1a: Lugia
|-damage|p1a: Lugia|82/100
|-unboost|p2a: Alatreon|def|1
|-unboost|p2a: Alatreon|spd|1
|move|p1a: Lugia|Thunder Wave|p2a: Alatreon
|-status|p2a: Alatreon|par
|
|-weather|DeltaStream|[upkeep]
|upkeep
|turn|4
|
|t:|1607179425
|move|p1a: Lugia|Roost|p1a: Lugia
|-heal|p1a: Lugia|100/100
|-singleturn|p1a: Lugia|move: Roost
|move|p2a: Alatreon|Dragon Ascent|p1a: Lugia
|-damage|p1a: Lugia|82/100
|-unboost|p2a: Alatreon|def|1
|-unboost|p2a: Alatreon|spd|1
|
|-weather|DeltaStream|[upkeep]
|upkeep
|turn|5
|
|t:|1607179431
|cant|p2a: Alatreon|par
|move|p1a: Lugia|Roost|p1a: Lugia
|-heal|p1a: Lugia|100/100
|-singleturn|p1a: Lugia|move: Roost
|
|-weather|DeltaStream|[upkeep]
|upkeep
|turn|6
|
|t:|1607179441
|switch|p1a: Groudon|Groudon-Primal, shiny|6/100
|-weather|DesolateLand|[from] ability: Desolate Land|[of] p1a: Groudon
|switch|p2a: Kekrom|Zekrom|100/100
|-damage|p2a: Kekrom|88/100|[from] Stealth Rock
|-ability|p2a: Kekrom|Teravolt
|
|-weather|DesolateLand|[upkeep]
|upkeep
|turn|7
|
|t:|1607179449
|switch|p2a: Alatreon|Rayquaza-Mega|100/100 par
|-damage|p2a: Alatreon|76/100 par|[from] Stealth Rock
|-weather|DeltaStream|[from] ability: Delta Stream|[of] p2a: Alatreon
|move|p1a: Groudon|Precipice Blades|p2a: Alatreon
|-immune|p2a: Alatreon
|
|-weather|DeltaStream|[upkeep]
|upkeep
|turn|8
|
|t:|1607179461
|move|p2a: Alatreon|Extreme Speed|p1a: Groudon
|-damage|p1a: Groudon|0 fnt
|faint|p1a: Groudon
|
|-weather|DeltaStream|[upkeep]
|upkeep
|
|t:|1607179465
|switch|p1a: Calyrex|Calyrex-Shadow|100/100
|-ability|p1a: Calyrex|As One
|-ability|p1a: Calyrex|Unnerve|p2: Ryan&Ditto
|turn|9
|
|t:|1607179474
|move|p1a: Calyrex|Astral Barrage|p2a: Alatreon
|-damage|p2a: Alatreon|5/100 par
|move|p2a: Alatreon|Dragon Ascent|p1a: Calyrex
|-damage|p1a: Calyrex|0 fnt
|-unboost|p2a: Alatreon|def|1
|-unboost|p2a: Alatreon|spd|1
|faint|p1a: Calyrex
|
|-weather|DeltaStream|[upkeep]
|upkeep
|
|t:|1607179500
|switch|p1a: Xerneas|Xerneas|100/100
|-ability|p1a: Xerneas|Fairy Aura
|turn|10
|c|☆Ryan&Ditto|pog
|
|t:|1607179504
|move|p1a: Xerneas|Geomancy||[still]
|-prepare|p1a: Xerneas|Geomancy
|-enditem|p1a: Xerneas|Power Herb
|-anim|p1a: Xerneas|Geomancy|p1a: Xerneas
|-boost|p1a: Xerneas|spa|2
|-boost|p1a: Xerneas|spd|2
|-boost|p1a: Xerneas|spe|2
|move|p2a: Alatreon|Dragon Ascent|p1a: Xerneas
|-damage|p1a: Xerneas|24/100
|-unboost|p2a: Alatreon|def|1
|-unboost|p2a: Alatreon|spd|1
|
|-weather|DeltaStream|[upkeep]
|upkeep
|turn|11
|c|☆Alkir|?
|
|t:|1607179514
|move|p2a: Alatreon|Extreme Speed|p1a: Xerneas
|-damage|p1a: Xerneas|0 fnt
|faint|p1a: Xerneas
|
|-weather|DeltaStream|[upkeep]
|upkeep
|
|t:|1607179519
|switch|p1a: Zacian|Zacian-Crowned|100/100
|-ability|p1a: Zacian|Intrepid Sword|boost
|-boost|p1a: Zacian|atk|1
|turn|12
|c|☆Ryan&Ditto|I ain't getting para'ed
|c|☆Ryan&Ditto|How
|
|t:|1607179531
|move|p2a: Alatreon|Extreme Speed|p1a: Zacian
|-resisted|p1a: Zacian
|-damage|p1a: Zacian|84/100
|move|p1a: Zacian|Behemoth Blade|p2a: Alatreon
|-damage|p2a: Alatreon|0 fnt
|faint|p2a: Alatreon
|-weather|none
|
|upkeep
|
|t:|1607179537
|switch|p2a: good boi|Zamazenta-Crowned|100/100
|-damage|p2a: good boi|97/100|[from] Stealth Rock
|-ability|p2a: good boi|Dauntless Shield|boost
|-boost|p2a: good boi|def|1
|turn|13
|
|t:|1607179549
|move|p1a: Zacian|Swords Dance|p1a: Zacian
|-boost|p1a: Zacian|atk|2
|move|p2a: good boi|Metal Burst||[still]
|-fail|p2a: good boi
|
|upkeep
|turn|14
|
|t:|1607179553
|move|p1a: Zacian|Play Rough|p2a: good boi
|-damage|p2a: good boi|27/100
|move|p2a: good boi|Metal Burst|p1a: Zacian
|-damage|p1a: Zacian|0 fnt
|faint|p1a: Zacian
|
|upkeep
|
|t:|1607179560
|switch|p1a: Rayquaza|Rayquaza|100/100
|-ability|p1a: Rayquaza|Air Lock
|turn|15
|
|t:|1607179564
|detailschange|p1a: Rayquaza|Rayquaza-Mega
|-mega|p1a: Rayquaza|Rayquaza|
|-weather|DeltaStream|[from] ability: Delta Stream|[of] p1a: Rayquaza
|move|p1a: Rayquaza|Dragon Ascent|p2a: good boi
|-damage|p2a: good boi|0 fnt
|-unboost|p1a: Rayquaza|def|1
|-unboost|p1a: Rayquaza|spd|1
|faint|p2a: good boi
|
|-weather|DeltaStream|[upkeep]
|upkeep
|
|t:|1607179569
|switch|p2a: Ascended|Lugia|100/100
|-damage|p2a: Ascended|76/100|[from] Stealth Rock
|turn|16
|
|t:|1607179577
|-weather|none
|switch|p1a: Lugia|Lugia|100/100
|move|p2a: Ascended|Ice Beam|p1a: Lugia
|-supereffective|p1a: Lugia
|-damage|p1a: Lugia|86/100
|
|upkeep
|turn|17
|
|t:|1607179586
|switch|p2a: Cuadorn|Arceus-Water|100/100
|-damage|p2a: Cuadorn|88/100|[from] Stealth Rock
|move|p1a: Lugia|Toxic|p2a: Cuadorn
|-status|p2a: Cuadorn|tox
|
|-damage|p2a: Cuadorn|82/100 tox|[from] psn
|upkeep
|turn|18
|
|t:|1607179590
|move|p2a: Cuadorn|Defog|p1a: Lugia
|-unboost|p1a: Lugia|evasion|1
|-sideend|p2: Ryan&Ditto|Stealth Rock|[from] move: Defog|[of] p2a: Cuadorn
|move|p1a: Lugia|Roost|p1a: Lugia
|-heal|p1a: Lugia|100/100
|-singleturn|p1a: Lugia|move: Roost
|
|-damage|p2a: Cuadorn|70/100 tox|[from] psn
|upkeep
|turn|19
|
|t:|1607179599
|move|p2a: Cuadorn|Thunder Wave|p1a: Lugia
|-status|p1a: Lugia|par
|move|p1a: Lugia|Toxic|p2a: Cuadorn
|-fail|p2a: Cuadorn|tox
|
|-damage|p2a: Cuadorn|52/100 tox|[from] psn
|upkeep
|turn|20
|
|t:|1607179606
|move|p2a: Cuadorn|Judgment|p1a: Lugia
|-damage|p1a: Lugia|87/100 par
|move|p1a: Lugia|Toxic|p2a: Cuadorn
|-fail|p2a: Cuadorn|tox
|
|-damage|p2a: Cuadorn|27/100 tox|[from] psn
|upkeep
|turn|21
|
|t:|1607179611
|move|p2a: Cuadorn|Judgment|p1a: Lugia
|-damage|p1a: Lugia|62/100 par
|move|p1a: Lugia|Roost|p1a: Lugia
|-heal|p1a: Lugia|100/100 par
|-singleturn|p1a: Lugia|move: Roost
|
|-damage|p2a: Cuadorn|0 fnt|[from] psn
|faint|p2a: Cuadorn
|upkeep
|
|t:|1607179615
|switch|p2a: Kekrom|Zekrom|88/100
|-ability|p2a: Kekrom|Teravolt
|turn|22
|
|t:|1607179624
|-start|p2a: Kekrom|Dynamax
|-heal|p2a: Kekrom|88/100|[silent]
|move|p2a: Kekrom|Max Airstream|p1a: Lugia
|-damage|p1a: Lugia|72/100 par
|-boost|p2a: Kekrom|spe|1
|move|p1a: Lugia|Toxic|p2a: Kekrom
|-status|p2a: Kekrom|tox
|
|-damage|p2a: Kekrom|85/100 tox|[from] psn
|upkeep
|turn|23
|
|t:|1607179633
|move|p2a: Kekrom|Max Lightning|p1a: Lugia
|-supereffective|p1a: Lugia
|-damage|p1a: Lugia|0 fnt
|-fieldstart|move: Electric Terrain
|faint|p1a: Lugia
|
|-damage|p2a: Kekrom|79/100 tox|[from] psn
|upkeep
|
|t:|1607179637
|switch|p1a: Rayquaza|Rayquaza-Mega|100/100
|-weather|DeltaStream|[from] ability: Delta Stream|[of] p1a: Rayquaza
|turn|24
|
|t:|1607179648
|move|p1a: Rayquaza|Draco Meteor|p2a: Kekrom|[miss]
|-miss|p1a: Rayquaza|p2a: Kekrom
|move|p2a: Kekrom|Max Wyrmwind|p1a: Rayquaza
|-supereffective|p1a: Rayquaza
|-damage|p1a: Rayquaza|0 fnt
|faint|p1a: Rayquaza
|-weather|none
|
|win|Ryan&Ditto
|l|☆Alkir
|raw|Alkir's rating: 1630 &rarr; <strong>1607</strong><br />(-23 for losing)
|raw|Ryan&amp;Ditto's rating: 1579 &rarr; <strong>1602</strong><br />(+23 for winning)
