|j|☆C0ld as Ic3
|j|‽Apprenti Buck
|t:|1653996531
|gametype|singles
|player|p1|C0ld as Ic3|schoolkid-gen4dp|1823
|player|p2|Apprenti Buck|mustard-master|1915
|teamsize|p1|6
|teamsize|p2|6
|gen|8
|tier|[Gen 8] National Dex AG
|rated|
|rule|HP Percentage Mod: HP is shown in percentages
|rule|Endless Battle Clause: Forcing endless battles is banned
|clearpoke
|poke|p1|Necrozma-Dusk-Mane|
|poke|p1|Zygarde|
|poke|p1|Calyrex-Shadow|
|poke|p1|Marshadow|
|poke|p1|Xerneas-*|
|poke|p1|Skarmory, M|
|poke|p2|Xerneas-*|
|poke|p2|Necrozma-Dusk-Mane|
|poke|p2|Ditto|
|poke|p2|Yveltal|
|poke|p2|Arceus-*|
|poke|p2|Zacian-*|
|teampreview
|inactive|Battle timer is ON: inactive players will automatically lose when time's up. (requested by Apprenti Buck)
|inactive|C0ld as Ic3 also wants the timer to be on.
|
|t:|1653996542
|start
|switch|p1a: Calyrex|Calyrex-Shadow|100/100
|switch|p2a: Arceus|Arceus-Water|100/100
|-ability|p1a: Calyrex|As One
|-ability|p1a: Calyrex|Unnerve
|turn|1
|
|t:|1653996546
|move|p1a: Calyrex|Taunt|p2a: Arceus
|-start|p2a: Arceus|move: Taunt
|cant|p2a: Arceus|move: Taunt|Stealth Rock
|
|upkeep
|turn|2
|
|t:|1653996550
|switch|p2a: Yveltal|Yveltal|100/100
|-ability|p2a: Yveltal|Dark Aura
|move|p1a: Calyrex|Nasty Plot|p1a: Calyrex
|-boost|p1a: Calyrex|spa|2
|
|upkeep
|turn|3
|
|t:|1653996556
|move|p1a: Calyrex|Baton Pass|p1a: Calyrex
|
|t:|1653996558
|switch|p1a: Skarmory|Skarmory, M|100/100|[from]move: Baton Pass
|move|p2a: Yveltal|U-turn|p1a: Skarmory
|-resisted|p1a: Skarmory
|-damage|p1a: Skarmory|96/100
|-damage|p2a: Yveltal|84/100|[from] item: Rocky Helmet|[of] p1a: Skarmory
|
|t:|1653996561
|switch|p2a: Arceus|Arceus-Water|100/100|[from]move: U-turn
|
|upkeep
|turn|4
|inactive|C0ld as Ic3 has 120 seconds left.
|
|t:|1653996607
|move|p2a: Arceus|Stealth Rock|p1a: Skarmory
|-sidestart|p1: C0ld as Ic3|move: Stealth Rock
|move|p1a: Skarmory|Rock Tomb|p2a: Arceus
|-damage|p2a: Arceus|93/100
|-unboost|p2a: Arceus|spe|1
|
|upkeep
|turn|5
|
|t:|1653996613
|move|p1a: Skarmory|Rock Tomb|p2a: Arceus
|-damage|p2a: Arceus|85/100
|-unboost|p2a: Arceus|spe|1
|move|p2a: Arceus|Ice Beam|p1a: Skarmory
|-damage|p1a: Skarmory|55/100
|
|upkeep
|turn|6
|
|t:|1653996615
|move|p2a: Arceus|Magic Coat|p2a: Arceus
|-singleturn|p2a: Arceus|move: Magic Coat
|move|p1a: Skarmory|Rock Tomb|p2a: Arceus
|-damage|p2a: Arceus|77/100
|-unboost|p2a: Arceus|spe|1
|
|upkeep
|turn|7
|inactive|C0ld as Ic3 has 120 seconds left.
|
|t:|1653996639
|move|p2a: Arceus|Magic Coat|p2a: Arceus
|-singleturn|p2a: Arceus|move: Magic Coat
|move|p1a: Skarmory|Rock Tomb|p2a: Arceus
|-damage|p2a: Arceus|70/100
|-unboost|p2a: Arceus|spe|1
|
|upkeep
|turn|8
|
|t:|1653996647
|move|p2a: Arceus|Magic Coat|p2a: Arceus
|-singleturn|p2a: Arceus|move: Magic Coat
|move|p1a: Skarmory|Taunt|p2a: Arceus
|move|p2a: Arceus|Taunt|p1a: Skarmory|[from]Magic Coat
|-start|p1a: Skarmory|move: Taunt
|
|upkeep
|turn|9
|
|t:|1653996651
|move|p1a: Skarmory|Rock Tomb|p2a: Arceus
|-damage|p2a: Arceus|62/100
|-unboost|p2a: Arceus|spe|1
|move|p2a: Arceus|Ice Beam|p1a: Skarmory
|-damage|p1a: Skarmory|13/100
|
|upkeep
|turn|10
|j| rahull
|inactive|C0ld as Ic3 has 120 seconds left.
|
|t:|1653996672
|move|p1a: Skarmory|Rock Tomb|p2a: Arceus
|-damage|p2a: Arceus|54/100
|-unboost|p2a: Arceus|spe|1
|move|p2a: Arceus|Ice Beam|p1a: Skarmory
|-damage|p1a: Skarmory|0 fnt
|faint|p1a: Skarmory
|
|upkeep
|
|t:|1653996697
|switch|p1a: Xerneas|Xerneas|100/100
|-damage|p1a: Xerneas|88/100|[from] Stealth Rock
|-ability|p1a: Xerneas|Fairy Aura
|turn|11
|
|t:|1653996706
|move|p1a: Xerneas|Geomancy||[still]
|-prepare|p1a: Xerneas|Geomancy
|-enditem|p1a: Xerneas|Power Herb
|-anim|p1a: Xerneas|Geomancy|p1a: Xerneas
|-boost|p1a: Xerneas|spa|2
|-boost|p1a: Xerneas|spd|2
|-boost|p1a: Xerneas|spe|2
|move|p2a: Arceus|Will-O-Wisp|p1a: Xerneas|[miss]
|-miss|p2a: Arceus|p1a: Xerneas
|
|upkeep
|turn|12
|
|t:|1653996709
|move|p1a: Xerneas|Moonblast|p2a: Arceus
|-damage|p2a: Arceus|0 fnt
|faint|p2a: Arceus
|
|upkeep
|
|t:|1653996715
|switch|p2a: Ditto|Ditto|100/100
|-transform|p2a: Ditto|p1a: Xerneas|[from] ability: Imposter
|-ability|p2a: Ditto|Fairy Aura
|turn|13
|
|t:|1653996722
|-start|p2a: Ditto|Dynamax|
|-heal|p2a: Ditto|100/100|[silent]
|move|p2a: Ditto|Max Starfall|p1a: Xerneas
|-damage|p1a: Xerneas|13/100
|-fieldstart|move: Misty Terrain
|move|p1a: Xerneas|Moonblast|p2a: Ditto
|-damage|p2a: Ditto|58/100
|-unboost|p2a: Ditto|spa|1
|
|upkeep
|turn|14
|
|t:|1653996732
|move|p2a: Ditto|Max Lightning|p1a: Xerneas
|-damage|p1a: Xerneas|0 fnt
|-fieldstart|move: Electric Terrain
|faint|p1a: Xerneas
|
|upkeep
|inactive|C0ld as Ic3 has 120 seconds left.
|
|t:|1653996749
|switch|p1a: Necrozma|Necrozma-Dusk-Mane|100/100
|-damage|p1a: Necrozma|95/100|[from] Stealth Rock
|turn|15
|
|t:|1653996756
|detailschange|p1a: Necrozma|Necrozma-Ultra
|-burst|p1a: Necrozma|Necrozma|Ultranecrozium Z
|move|p2a: Ditto|Max Lightning|p1a: Necrozma
|-resisted|p1a: Necrozma
|-damage|p1a: Necrozma|39/100
|move|p1a: Necrozma|Photon Geyser|p2a: Ditto
|-damage|p2a: Ditto|16/100
|
|upkeep
|-end|p2a: Ditto|Dynamax
|-heal|p2a: Ditto|16/100|[silent]
|turn|16
|inactive|C0ld as Ic3 has 120 seconds left.
|
|t:|1653996787
|move|p2a: Ditto|Moonblast|p1a: Necrozma
|-supereffective|p1a: Necrozma
|-damage|p1a: Necrozma|0 fnt
|faint|p1a: Necrozma
|
|upkeep
|
|t:|1653996789
|switch|p1a: Marshadow|Marshadow|100/100
|-damage|p1a: Marshadow|94/100|[from] Stealth Rock
|turn|17
|
|t:|1653996794
|switch|p2a: Zacian|Zacian-Crowned|100/100
|-ability|p2a: Zacian|Intrepid Sword|boost
|-boost|p2a: Zacian|atk|1
|move|p1a: Marshadow|Shadow Sneak|p2a: Zacian
|-damage|p2a: Zacian|71/100
|
|upkeep
|turn|18
|
|t:|1653996803
|move|p1a: Marshadow|Endure|p1a: Marshadow
|-singleturn|p1a: Marshadow|move: Endure
|move|p2a: Zacian|Substitute|p2a: Zacian
|-start|p2a: Zacian|Substitute
|-damage|p2a: Zacian|46/100
|
|-fieldend|move: Electric Terrain
|upkeep
|turn|19
|
|t:|1653996808
|move|p1a: Marshadow|Shadow Sneak|p2a: Zacian
|-end|p2a: Zacian|Substitute
|move|p2a: Zacian|Behemoth Blade|p1a: Marshadow
|-damage|p1a: Marshadow|0 fnt
|faint|p1a: Marshadow
|
|upkeep
|
|t:|1653996813
|switch|p1a: Calyrex|Calyrex-Shadow|100/100
|-ability|p1a: Calyrex|As One
|-ability|p1a: Calyrex|Unnerve
|-damage|p1a: Calyrex|88/100|[from] Stealth Rock
|turn|20
|
|t:|1653996817
|switch|p2a: Yveltal|Yveltal|84/100
|-ability|p2a: Yveltal|Dark Aura
|move|p1a: Calyrex|Astral Barrage|p2a: Yveltal
|-resisted|p2a: Yveltal
|-damage|p2a: Yveltal|64/100
|
|upkeep
|turn|21
|
|t:|1653996825
|move|p1a: Calyrex|Astral Barrage|p2a: Yveltal
|-resisted|p2a: Yveltal
|-damage|p2a: Yveltal|46/100
|move|p2a: Yveltal|U-turn|p1a: Calyrex
|-damage|p1a: Calyrex|66/100
|
|t:|1653996828
|switch|p2a: Ditto|Ditto|16/100|[from]move: U-turn
|-transform|p2a: Ditto|p1a: Calyrex|[from] ability: Imposter
|
|upkeep
|turn|22
|-message|C0ld as Ic3 forfeited.
|
|win|Apprenti Buck
|raw|C0ld as Ic3's rating: 1801 &rarr; <strong>1787</strong><br />(-14 for losing)
|raw|Apprenti Buck's rating: 1915 &rarr; <strong>1929</strong><br />(+14 for winning)
|l|☆C0ld as Ic3
