|j|☆eririchskonapvip
|j|☆moyv123
|t:|1666013766
|gametype|singles
|player|p1|eririchskonapvip|n|1617
|player|p2|moyv123|2|1740
|teamsize|p1|6
|teamsize|p2|6
|gen|8
|tier|[Gen 8] National Dex AG
|rated|
|rule|HP Percentage Mod: HP is shown in percentages
|rule|Endless Battle Clause: Forcing endless battles is banned
|clearpoke
|poke|p1|Whimsicott, M|
|poke|p1|Smeargle, F|
|poke|p1|Ditto|
|poke|p1|Calyrex-Shadow|
|poke|p1|Zacian-*|
|poke|p1|Deoxys-Speed|
|poke|p2|Arceus-*|
|poke|p2|Arceus-*|
|poke|p2|Rayquaza|
|poke|p2|Lugia|
|poke|p2|Zacian-*|
|poke|p2|Necrozma-Dusk-Mane|
|teampreview
|
|t:|1666013771
|start
|switch|p1a: Deoxys|Deoxys-Speed|100/100
|switch|p2a: Arceus|Arceus|100/100
|-ability|p1a: Deoxys|Pressure
|turn|1
|inactive|Battle timer is ON: inactive players will automatically lose when time's up. (requested by eririchskonapvip)
|
|t:|1666013778
|move|p2a: Arceus|Extreme Speed|p1a: Deoxys
|-damage|p1a: Deoxys|35/100
|move|p1a: Deoxys|Taunt|p2a: Arceus
|-start|p2a: Arceus|move: Taunt
|
|upkeep
|turn|2
|
|t:|1666013793
|move|p2a: Arceus|Extreme Speed|p1a: Deoxys
|-damage|p1a: Deoxys|0 fnt
|faint|p1a: Deoxys
|
|upkeep
|
|t:|1666013798
|switch|p1a: Whimsicott|Whimsicott, M, shiny|100/100
|turn|3
|
|t:|1666013802
|move|p2a: Arceus|Extreme Speed|p1a: Whimsicott
|-damage|p1a: Whimsicott|45/100
|move|p1a: Whimsicott|Tailwind|p1a: Whimsicott
|-sidestart|p1: eririchskonapvip|move: Tailwind
|
|upkeep
|turn|4
|
|t:|1666013815
|move|p2a: Arceus|Extreme Speed|p1a: Whimsicott
|-damage|p1a: Whimsicott|0 fnt
|faint|p1a: Whimsicott
|
|-end|p2a: Arceus|move: Taunt
|upkeep
|
|t:|1666013823
|switch|p1a: Smeargle|Smeargle, F, shiny|100/100
|turn|5
|
|t:|1666013827
|move|p2a: Arceus|Extreme Speed|p1a: Smeargle
|-damage|p1a: Smeargle|0 fnt
|faint|p1a: Smeargle
|
|upkeep
|
|t:|1666013835
|switch|p1a: Calyrex|Calyrex-Shadow|100/100
|-ability|p1a: Calyrex|As One
|-ability|p1a: Calyrex|Unnerve
|turn|6
|
|t:|1666013843
|-start|p1a: Calyrex|Dynamax|
|-heal|p1a: Calyrex|100/100|[silent]
|-start|p2a: Arceus|Dynamax|
|-heal|p2a: Arceus|100/100|[silent]
|move|p1a: Calyrex|Max Mindstorm|p2a: Arceus
|-damage|p2a: Arceus|75/100
|-fieldstart|move: Psychic Terrain
|move|p2a: Arceus|Max Phantasm|p1a: Calyrex
|-supereffective|p1a: Calyrex
|-enditem|p1a: Calyrex|Focus Sash
|-damage|p1a: Calyrex|1/100
|-unboost|p1a: Calyrex|def|1
|
|-sideend|p1: eririchskonapvip|move: Tailwind
|upkeep
|turn|7
|
|t:|1666013859
|move|p1a: Calyrex|Max Mindstorm|p2a: Arceus
|-damage|p2a: Arceus|39/100
|move|p2a: Arceus|Max Phantasm|p1a: Calyrex
|-supereffective|p1a: Calyrex
|-damage|p1a: Calyrex|0 fnt
|faint|p1a: Calyrex
|
|upkeep
|
|t:|1666013865
|switch|p1a: Zacian|Zacian-Crowned|100/100
|-ability|p1a: Zacian|Intrepid Sword|boost
|-boost|p1a: Zacian|atk|1
|turn|8
|
|t:|1666013878
|move|p1a: Zacian|Behemoth Blade|p2a: Arceus
|-damage|p2a: Arceus|0 fnt
|faint|p2a: Arceus
|
|upkeep
|
|t:|1666013884
|switch|p2a: Necrozma|Necrozma-Dusk-Mane|100/100
|turn|9
|
|t:|1666013906
|move|p1a: Zacian|Crunch|p2a: Necrozma
|-supereffective|p2a: Necrozma
|-damage|p2a: Necrozma|51/100
|move|p2a: Necrozma|Dragon Dance|p2a: Necrozma
|-boost|p2a: Necrozma|atk|1
|-boost|p2a: Necrozma|spe|1
|
|upkeep
|turn|10
|
|t:|1666013929
|detailschange|p2a: Necrozma|Necrozma-Ultra
|-burst|p2a: Necrozma|Necrozma|Ultranecrozium Z
|move|p2a: Necrozma|Earthquake|p1a: Zacian
|-supereffective|p1a: Zacian
|-damage|p1a: Zacian|0 fnt
|faint|p1a: Zacian
|
|-fieldend|move: Psychic Terrain
|upkeep
|
|t:|1666013936
|switch|p1a: Ditto|Ditto, shiny|100/100
|-transform|p1a: Ditto|p2a: Necrozma|[from] ability: Imposter
|turn|11
|inactive|eririchskonapvip has 120 seconds left.
|
|t:|1666013957
|move|p1a: Ditto|Stone Edge|p2a: Necrozma|[miss]
|-miss|p1a: Ditto|p2a: Necrozma
|-zpower|p2a: Necrozma
|move|p2a: Necrozma|Light That Burns the Sky|p1a: Ditto|[zeffect]
|-resisted|p1a: Ditto
|-damage|p1a: Ditto|0 fnt
|faint|p1a: Ditto
|
|win|moyv123
|raw|eririchskonapvip's rating: 1617 &rarr; <strong>1604</strong><br />(-13 for losing)
|raw|moyv123's rating: 1740 &rarr; <strong>1753</strong><br />(+13 for winning)
|c|☆eririchskonapvip|gg
