|j|☆RUiNtheExtinct
|j|☆Gohansenju
|t:|1665415468
|gametype|singles
|player|p1|RUiNtheExtinct|red-gen7|1731
|player|p2|Gohansenju|blue-gen3two|1893
|teamsize|p1|6
|teamsize|p2|6
|gen|8
|tier|[Gen 8] National Dex AG
|rated|
|rule|HP Percentage Mod: HP is shown in percentages
|rule|Endless Battle Clause: Forcing endless battles is banned
|clearpoke
|poke|p1|Groudon|
|poke|p1|Ditto|
|poke|p1|Rayquaza|
|poke|p1|Yveltal|
|poke|p1|Smeargle, F|
|poke|p1|Arceus-*|
|poke|p2|Mewtwo|
|poke|p2|Arceus-*|
|poke|p2|Ditto|
|poke|p2|Arceus-*|
|poke|p2|Rayquaza|
|poke|p2|Arceus-*|
|teampreview
|inactive|Battle timer is ON: inactive players will automatically lose when time's up. (requested by Gohansenju)
|
|t:|1665415473
|start
|switch|p1a: Groudon|Groudon|100/100
|switch|p2a: All time fav💞|Mewtwo|100/100
|-ability|p2a: All time fav💞|Pressure
|detailschange|p1a: Groudon|Groudon-Primal
|-primal|p1a: Groudon
|-weather|DesolateLand|[from] ability: Desolate Land|[of] p1a: Groudon
|turn|1
|
|t:|1665415480
|switch|p2a: Rayquaza|Rayquaza, shiny|100/100
|-ability|p2a: Rayquaza|Air Lock
|move|p1a: Groudon|Heat Crash|p2a: Rayquaza
|-resisted|p2a: Rayquaza
|-damage|p2a: Rayquaza|64/100
|
|-weather|DesolateLand|[upkeep]
|upkeep
|turn|2
|
|t:|1665415483
|detailschange|p2a: Rayquaza|Rayquaza-Mega, shiny
|-mega|p2a: Rayquaza|Rayquaza|
|-weather|DeltaStream|[from] ability: Delta Stream|[of] p2a: Rayquaza
|move|p2a: Rayquaza|Draco Meteor|p1a: Groudon
|-damage|p1a: Groudon|14/100
|-unboost|p2a: Rayquaza|spa|2
|-damage|p2a: Rayquaza|54/100|[from] item: Life Orb
|move|p1a: Groudon|Rock Tomb|p2a: Rayquaza
|-activate||deltastream
|-damage|p2a: Rayquaza|28/100
|-unboost|p2a: Rayquaza|spe|1
|
|-weather|DeltaStream|[upkeep]
|upkeep
|turn|3
|
|t:|1665415489
|move|p2a: Rayquaza|Extreme Speed|p1a: Groudon
|-damage|p1a: Groudon|0 fnt
|faint|p1a: Groudon
|-damage|p2a: Rayquaza|18/100|[from] item: Life Orb
|
|-weather|DeltaStream|[upkeep]
|upkeep
|
|t:|1665415493
|switch|p1a: Rayquaza|Rayquaza|100/100
|-ability|p1a: Rayquaza|Air Lock
|turn|4
|
|t:|1665415499
|-weather|none
|switch|p2a: Arceus|Arceus-Electric|100/100
|detailschange|p1a: Rayquaza|Rayquaza-Mega
|-mega|p1a: Rayquaza|Rayquaza|
|-weather|DeltaStream|[from] ability: Delta Stream|[of] p1a: Rayquaza
|move|p1a: Rayquaza|Extreme Speed|p2a: Arceus
|-damage|p2a: Arceus|78/100
|-damage|p1a: Rayquaza|91/100|[from] item: Life Orb
|
|-weather|DeltaStream|[upkeep]
|upkeep
|turn|5
|
|t:|1665415505
|move|p1a: Rayquaza|Earthquake|p2a: Arceus
|-supereffective|p2a: Arceus
|-damage|p2a: Arceus|18/100
|-damage|p1a: Rayquaza|81/100|[from] item: Life Orb
|move|p2a: Arceus|Recover|p2a: Arceus
|-heal|p2a: Arceus|68/100
|
|-weather|DeltaStream|[upkeep]
|upkeep
|turn|6
|
|t:|1665415511
|switch|p2a: Rayquaza|Rayquaza-Mega, shiny|18/100
|move|p1a: Rayquaza|Earthquake|p2a: Rayquaza
|-immune|p2a: Rayquaza
|
|-weather|DeltaStream|[upkeep]
|upkeep
|turn|7
|
|t:|1665415517
|move|p2a: Rayquaza|Extreme Speed|p1a: Rayquaza
|-damage|p1a: Rayquaza|36/100
|-damage|p2a: Rayquaza|8/100|[from] item: Life Orb
|move|p1a: Rayquaza|Extreme Speed|p2a: Rayquaza
|-damage|p2a: Rayquaza|0 fnt
|faint|p2a: Rayquaza
|-damage|p1a: Rayquaza|26/100|[from] item: Life Orb
|
|-weather|DeltaStream|[upkeep]
|upkeep
|
|t:|1665415530
|switch|p2a: Arceus|Arceus|100/100
|turn|8
|
|t:|1665415542
|-weather|none
|switch|p1a: Yveltal|Yveltal|100/100
|-ability|p1a: Yveltal|Dark Aura
|move|p2a: Arceus|Extreme Speed|p1a: Yveltal
|-damage|p1a: Yveltal|58/100
|
|upkeep
|turn|9
|
|t:|1665415547
|switch|p2a: Arceus|Arceus-Fairy|100/100
|move|p1a: Yveltal|Dark Pulse|p2a: Arceus
|-resisted|p2a: Arceus
|-damage|p2a: Arceus|80/100
|-damage|p1a: Yveltal|48/100|[from] item: Life Orb
|
|upkeep
|turn|10
|
|t:|1665415552
|move|p1a: Yveltal|Oblivion Wing|p2a: Arceus
|-crit|p2a: Arceus
|-damage|p2a: Arceus|39/100
|-heal|p1a: Yveltal|83/100|[from] drain|[of] p2a: Arceus
|-damage|p1a: Yveltal|73/100|[from] item: Life Orb
|move|p2a: Arceus|Stealth Rock|p1a: Yveltal
|-sidestart|p1: RUiNtheExtinct|move: Stealth Rock
|
|upkeep
|turn|11
|
|t:|1665415556
|move|p1a: Yveltal|Oblivion Wing|p2a: Arceus
|-damage|p2a: Arceus|11/100
|-heal|p1a: Yveltal|97/100|[from] drain|[of] p2a: Arceus
|-damage|p1a: Yveltal|87/100|[from] item: Life Orb
|move|p2a: Arceus|Recover|p2a: Arceus
|-heal|p2a: Arceus|61/100
|
|upkeep
|turn|12
|
|t:|1665415560
|move|p1a: Yveltal|Oblivion Wing|p2a: Arceus
|-damage|p2a: Arceus|30/100
|-heal|p1a: Yveltal|100/100|[from] drain|[of] p2a: Arceus
|-damage|p1a: Yveltal|91/100|[from] item: Life Orb
|move|p2a: Arceus|Judgment|p1a: Yveltal
|-supereffective|p1a: Yveltal
|-damage|p1a: Yveltal|5/100
|
|upkeep
|turn|13
|
|t:|1665415566
|move|p1a: Yveltal|Oblivion Wing|p2a: Arceus
|-damage|p2a: Arceus|1/100
|-heal|p1a: Yveltal|30/100|[from] drain|[of] p2a: Arceus
|-damage|p1a: Yveltal|20/100|[from] item: Life Orb
|move|p2a: Arceus|Judgment|p1a: Yveltal
|-supereffective|p1a: Yveltal
|-damage|p1a: Yveltal|0 fnt
|faint|p1a: Yveltal
|
|upkeep
|
|t:|1665415571
|switch|p1a: Rayquaza|Rayquaza-Mega|26/100
|-damage|p1a: Rayquaza|1/100|[from] Stealth Rock
|-weather|DeltaStream|[from] ability: Delta Stream|[of] p1a: Rayquaza
|turn|14
|
|t:|1665415574
|move|p1a: Rayquaza|Extreme Speed|p2a: Arceus
|-damage|p2a: Arceus|0 fnt
|faint|p2a: Arceus
|-damage|p1a: Rayquaza|0 fnt|[from] item: Life Orb
|faint|p1a: Rayquaza
|-weather|none
|
|upkeep
|
|t:|1665415584
|switch|p1a: Arceus|Arceus-Flying|100/100
|switch|p2a: All time fav💞|Mewtwo|100/100
|-ability|p2a: All time fav💞|Pressure
|-damage|p1a: Arceus|76/100|[from] Stealth Rock
|turn|15
|inactive|RUiNtheExtinct has 120 seconds left.
|
|t:|1665415618
|-start|p1a: Arceus|Dynamax|
|-heal|p1a: Arceus|76/100|[silent]
|move|p2a: All time fav💞|Taunt|p1a: Arceus
|-start|p1a: Arceus|move: Taunt
|move|p1a: Arceus|Max Airstream|p2a: All time fav💞
|-damage|p2a: All time fav💞|25/100
|-boost|p1a: Arceus|spe|1
|
|-heal|p2a: All time fav💞|31/100|[from] item: Leftovers
|upkeep
|turn|16
|
|t:|1665415626
|move|p1a: Arceus|Max Quake|p2a: All time fav💞
|-damage|p2a: All time fav💞|0 fnt
|-boost|p1a: Arceus|spd|1
|faint|p2a: All time fav💞
|
|upkeep
|
|t:|1665415638
|switch|p2a: Ditto|Ditto, shiny|100/100
|-transform|p2a: Ditto|p1a: Arceus|[from] ability: Imposter
|turn|17
|
|t:|1665415644
|switch|p2a: Arceus|Arceus-Electric|68/100
|move|p1a: Arceus|Max Airstream|p2a: Arceus
|-resisted|p2a: Arceus
|-damage|p2a: Arceus|50/100
|-boost|p1a: Arceus|spe|1
|
|-end|p1a: Arceus|move: Taunt
|upkeep
|-end|p1a: Arceus|Dynamax
|-heal|p1a: Arceus|76/100|[silent]
|turn|18
|
|t:|1665415652
|move|p1a: Arceus|Earthquake|p2a: Arceus
|-supereffective|p2a: Arceus
|-damage|p2a: Arceus|12/100
|move|p2a: Arceus|Recover|p2a: Arceus
|-heal|p2a: Arceus|62/100
|
|upkeep
|turn|19
|
|t:|1665415659
|move|p1a: Arceus|Swords Dance|p1a: Arceus
|-boost|p1a: Arceus|atk|2
|move|p2a: Arceus|Recover|p2a: Arceus
|-heal|p2a: Arceus|100/100
|
|upkeep
|turn|20
|
|t:|1665415663
|move|p1a: Arceus|Earthquake|p2a: Arceus
|-supereffective|p2a: Arceus
|-damage|p2a: Arceus|28/100
|move|p2a: Arceus|Judgment|p1a: Arceus
|-supereffective|p1a: Arceus
|-damage|p1a: Arceus|32/100
|
|upkeep
|turn|21
|
|t:|1665415669
|move|p1a: Arceus|Recover|p1a: Arceus
|-heal|p1a: Arceus|82/100
|move|p2a: Arceus|Judgment|p1a: Arceus
|-supereffective|p1a: Arceus
|-damage|p1a: Arceus|40/100
|
|upkeep
|turn|22
|
|t:|1665415673
|move|p1a: Arceus|Recover|p1a: Arceus
|-heal|p1a: Arceus|90/100
|move|p2a: Arceus|Toxic|p1a: Arceus
|-status|p1a: Arceus|tox
|
|-damage|p1a: Arceus|84/100 tox|[from] psn
|upkeep
|turn|23
|
|t:|1665415677
|switch|p2a: Ditto|Ditto, shiny|100/100
|-transform|p2a: Ditto|p1a: Arceus|[from] ability: Imposter
|move|p1a: Arceus|Earthquake|p2a: Ditto
|-immune|p2a: Ditto
|
|-damage|p1a: Arceus|72/100 tox|[from] psn
|upkeep
|turn|24
|
|t:|1665415682
|switch|p2a: Arceus|Arceus-Electric|28/100
|move|p1a: Arceus|Fly||[still]
|-prepare|p1a: Arceus|Fly
|
|-damage|p1a: Arceus|54/100 tox|[from] psn
|upkeep
|turn|25
|
|t:|1665415687
|move|p1a: Arceus|Fly|p2a: Arceus|[from]lockedmove
|-resisted|p2a: Arceus
|-damage|p2a: Arceus|0 fnt
|faint|p2a: Arceus
|
|-damage|p1a: Arceus|30/100 tox|[from] psn
|upkeep
|
|t:|1665415690
|switch|p2a: Ditto|Ditto, shiny|100/100
|-transform|p2a: Ditto|p1a: Arceus|[from] ability: Imposter
|turn|26
|
|t:|1665415694
|-start|p2a: Ditto|Dynamax|
|-heal|p2a: Ditto|100/100|[silent]
|move|p2a: Ditto|Max Airstream|p1a: Arceus
|-damage|p1a: Arceus|0 fnt
|-boost|p2a: Ditto|spe|1
|faint|p1a: Arceus
|
|upkeep
|
|t:|1665415699
|switch|p1a: Smeargle|Smeargle, F|100/100
|-damage|p1a: Smeargle|88/100|[from] Stealth Rock
|turn|27
|
|t:|1665415703
|move|p2a: Ditto|Max Airstream|p1a: Smeargle
|-damage|p1a: Smeargle|0 fnt
|-boost|p2a: Ditto|spe|1
|faint|p1a: Smeargle
|
|upkeep
|c|☆RUiNtheExtinct|gg
|-message|RUiNtheExtinct forfeited.
|
|win|Gohansenju
|raw|RUiNtheExtinct's rating: 1731 &rarr; <strong>1720</strong><br />(-11 for losing)
|raw|Gohansenju's rating: 1893 &rarr; <strong>1904</strong><br />(+11 for winning)
|l|☆RUiNtheExtinct
|c|☆Gohansenju|Gg
