|j|☆chemiqs
|j|☆Ussolando
|t:|1657605458
|gametype|singles
|player|p1|chemiqs|n|1564
|player|p2|Ussolando|karen|1519
|teamsize|p1|6
|teamsize|p2|6
|gen|8
|tier|[Gen 8] National Dex AG
|rated|
|rule|HP Percentage Mod: HP is shown in percentages
|rule|Endless Battle Clause: Forcing endless battles is banned
|clearpoke
|poke|p1|Zacian-*|
|poke|p1|Groudon|
|poke|p1|Rayquaza|
|poke|p1|Yveltal|
|poke|p1|Tornadus, M|
|poke|p1|Ditto|
|poke|p2|Kyogre|
|poke|p2|Galvantula, M|
|poke|p2|Greninja, M|
|poke|p2|Arceus-*|
|poke|p2|Diancie|
|poke|p2|Lugia|
|teampreview
|inactive|Battle timer is ON: inactive players will automatically lose when time's up. (requested by chemiqs)
|
|t:|1657605471
|start
|switch|p1a: Zacian|Zacian-Crowned|100/100
|switch|p2a: Diancie|Diancie|100/100
|-ability|p1a: Zacian|Intrepid Sword|boost
|-boost|p1a: Zacian|atk|1
|turn|1
|
|t:|1657605484
|detailschange|p2a: Diancie|Diancie-Mega
|-mega|p2a: Diancie|Diancie|Diancite
|move|p1a: Zacian|Behemoth Blade|p2a: Diancie
|-supereffective|p2a: Diancie
|-damage|p2a: Diancie|0 fnt
|faint|p2a: Diancie
|
|upkeep
|
|t:|1657605495
|switch|p2a: Galvantula|Galvantula, M, shiny|100/100
|turn|2
|
|t:|1657605499
|move|p1a: Zacian|Behemoth Blade|p2a: Galvantula
|-resisted|p2a: Galvantula
|-damage|p2a: Galvantula|8/100
|move|p2a: Galvantula|Thunder|p1a: Zacian
|-damage|p1a: Zacian|54/100
|
|upkeep
|turn|3
|
|t:|1657605505
|move|p1a: Zacian|Behemoth Blade|p2a: Galvantula
|-resisted|p2a: Galvantula
|-damage|p2a: Galvantula|0 fnt
|faint|p2a: Galvantula
|
|upkeep
|
|t:|1657605508
|switch|p2a: Kyogre|Kyogre, shiny|100/100
|detailschange|p2a: Kyogre|Kyogre-Primal, shiny
|-primal|p2a: Kyogre
|-weather|PrimordialSea|[from] ability: Primordial Sea|[of] p2a: Kyogre
|turn|4
|
|t:|1657605513
|switch|p1a: Groudon|Groudon|100/100
|detailschange|p1a: Groudon|Groudon-Primal
|-primal|p1a: Groudon
|-weather|DesolateLand|[from] ability: Desolate Land|[of] p1a: Groudon
|move|p2a: Kyogre|Surf||[still]
|-fail|p2a: Kyogre|Surf|[from] Desolate Land
|
|-weather|DesolateLand|[upkeep]
|upkeep
|turn|5
|
|t:|1657605520
|switch|p2a: Lugia|Lugia|100/100
|move|p1a: Groudon|Stealth Rock|p2a: Lugia
|-sidestart|p2: Ussolando|move: Stealth Rock
|
|-weather|DesolateLand|[upkeep]
|upkeep
|turn|6
|
|t:|1657605524
|move|p2a: Lugia|Calm Mind|p2a: Lugia
|-boost|p2a: Lugia|spa|1
|-boost|p2a: Lugia|spd|1
|move|p1a: Groudon|Dragon Tail|p2a: Lugia
|-damage|p2a: Lugia|91/100
|drag|p2a: Arceus|Arceus-Fairy, shiny|100/100
|-damage|p2a: Arceus|88/100|[from] Stealth Rock
|
|-weather|DesolateLand|[upkeep]
|upkeep
|turn|7
|
|t:|1657605537
|move|p2a: Arceus|Calm Mind|p2a: Arceus
|-boost|p2a: Arceus|spa|1
|-boost|p2a: Arceus|spd|1
|move|p1a: Groudon|Thunder Wave|p2a: Arceus
|-status|p2a: Arceus|par
|
|-weather|DesolateLand|[upkeep]
|upkeep
|turn|8
|
|t:|1657605542
|move|p1a: Groudon|Precipice Blades|p2a: Arceus
|-damage|p2a: Arceus|18/100 par
|move|p2a: Arceus|Judgment|p1a: Groudon
|-resisted|p1a: Groudon
|-damage|p1a: Groudon|57/100
|
|-weather|DesolateLand|[upkeep]
|upkeep
|turn|9
|
|t:|1657605549
|move|p1a: Groudon|Precipice Blades|p2a: Arceus
|-damage|p2a: Arceus|0 fnt
|faint|p2a: Arceus
|
|-weather|DesolateLand|[upkeep]
|upkeep
|
|t:|1657605553
|switch|p2a: Kyogre|Kyogre-Primal, shiny|100/100
|-damage|p2a: Kyogre|88/100|[from] Stealth Rock
|-weather|PrimordialSea|[from] ability: Primordial Sea|[of] p2a: Kyogre
|turn|10
|
|t:|1657605558
|switch|p1a: Rayquaza|Rayquaza|100/100
|-ability|p1a: Rayquaza|Air Lock
|move|p2a: Kyogre|Water Spout|p1a: Rayquaza
|-resisted|p1a: Rayquaza
|-damage|p1a: Rayquaza|53/100
|
|-weather|PrimordialSea|[upkeep]
|upkeep
|turn|11
|
|t:|1657605563
|detailschange|p1a: Rayquaza|Rayquaza-Mega
|-mega|p1a: Rayquaza|Rayquaza|
|-weather|DeltaStream|[from] ability: Delta Stream|[of] p1a: Rayquaza
|move|p1a: Rayquaza|Dragon Dance|p1a: Rayquaza
|-boost|p1a: Rayquaza|atk|1
|-boost|p1a: Rayquaza|spe|1
|move|p2a: Kyogre|Ice Beam|p1a: Rayquaza
|-activate||deltastream
|-supereffective|p1a: Rayquaza
|-damage|p1a: Rayquaza|0 fnt
|faint|p1a: Rayquaza
|-weather|none
|
|upkeep
|
|t:|1657605576
|switch|p1a: Groudon|Groudon-Primal|57/100
|-weather|DesolateLand|[from] ability: Desolate Land|[of] p1a: Groudon
|turn|12
|
|t:|1657605580
|switch|p2a: Lugia|Lugia|91/100
|-damage|p2a: Lugia|66/100|[from] Stealth Rock
|move|p1a: Groudon|Thunder Wave|p2a: Lugia
|-status|p2a: Lugia|par
|
|-weather|DesolateLand|[upkeep]
|-heal|p2a: Lugia|72/100 par|[from] item: Leftovers
|upkeep
|turn|13
|
|t:|1657605589
|move|p2a: Lugia|Aeroblast|p1a: Groudon|[miss]
|-miss|p2a: Lugia|p1a: Groudon
|move|p1a: Groudon|Dragon Tail|p2a: Lugia
|-damage|p2a: Lugia|52/100 par
|drag|p2a: Greninja|Greninja, M|100/100
|-damage|p2a: Greninja|88/100|[from] Stealth Rock
|
|-weather|DesolateLand|[upkeep]
|upkeep
|turn|14
|
|t:|1657605598
|switch|p2a: Kyogre|Kyogre-Primal, shiny|88/100
|-damage|p2a: Kyogre|76/100|[from] Stealth Rock
|-weather|PrimordialSea|[from] ability: Primordial Sea|[of] p2a: Kyogre
|move|p1a: Groudon|Thunder Wave|p2a: Kyogre
|-status|p2a: Kyogre|par
|
|-weather|PrimordialSea|[upkeep]
|upkeep
|turn|15
|
|t:|1657605605
|switch|p1a: Ditto|Ditto|100/100
|-transform|p1a: Ditto|p2a: Kyogre|[from] ability: Imposter
|move|p2a: Kyogre|Water Spout|p1a: Ditto
|-resisted|p1a: Ditto
|-damage|p1a: Ditto|61/100
|
|-weather|PrimordialSea|[upkeep]
|upkeep
|turn|16
|
|t:|1657605609
|move|p1a: Ditto|Thunder|p2a: Kyogre
|-supereffective|p2a: Kyogre
|-damage|p2a: Kyogre|13/100 par
|move|p2a: Kyogre|Thunder|p1a: Ditto
|-supereffective|p1a: Ditto
|-damage|p1a: Ditto|0 fnt
|faint|p1a: Ditto
|
|-weather|PrimordialSea|[upkeep]
|upkeep
|
|t:|1657605616
|switch|p1a: Groudon|Groudon-Primal|57/100
|-weather|DesolateLand|[from] ability: Desolate Land|[of] p1a: Groudon
|turn|17
|
|t:|1657605620
|move|p1a: Groudon|Precipice Blades|p2a: Kyogre
|-damage|p2a: Kyogre|0 fnt
|faint|p2a: Kyogre
|
|-weather|DesolateLand|[upkeep]
|upkeep
|
|t:|1657605624
|switch|p2a: Lugia|Lugia|52/100 par
|-damage|p2a: Lugia|27/100 par|[from] Stealth Rock
|turn|18
|
|t:|1657605630
|-start|p2a: Lugia|Dynamax|
|-heal|p2a: Lugia|27/100 par|[silent]
|move|p2a: Lugia|Max Airstream|p1a: Groudon
|-damage|p1a: Groudon|12/100
|-boost|p2a: Lugia|spe|1
|move|p1a: Groudon|Dragon Tail|p2a: Lugia
|-damage|p2a: Lugia|17/100 par
|-block|p2a: Lugia|Dynamax
|
|-weather|DesolateLand|[upkeep]
|-heal|p2a: Lugia|20/100 par|[from] item: Leftovers
|upkeep
|turn|19
|
|t:|1657605641
|move|p2a: Lugia|Max Airstream|p1a: Groudon
|-damage|p1a: Groudon|0 fnt
|-boost|p2a: Lugia|spe|1
|faint|p1a: Groudon
|-weather|none
|
|-heal|p2a: Lugia|23/100 par|[from] item: Leftovers
|upkeep
|
|t:|1657605644
|switch|p1a: Tornadus|Tornadus, M|100/100
|turn|20
|
|t:|1657605648
|move|p1a: Tornadus|Tailwind|p1a: Tornadus
|-sidestart|p1: chemiqs|move: Tailwind
|move|p2a: Lugia|Max Airstream|p1a: Tornadus
|-damage|p1a: Tornadus|35/100
|-boost|p2a: Lugia|spe|1
|
|-heal|p2a: Lugia|26/100 par|[from] item: Leftovers
|upkeep
|-end|p2a: Lugia|Dynamax
|-heal|p2a: Lugia|26/100 par|[silent]
|turn|21
|
|t:|1657605657
|-zpower|p1a: Tornadus
|move|p1a: Tornadus|Supersonic Skystrike|p2a: Lugia|[zeffect]
|-damage|p2a: Lugia|0 fnt
|faint|p2a: Lugia
|
|upkeep
|
|t:|1657605664
|switch|p2a: Greninja|Greninja, M|88/100
|-damage|p2a: Greninja|76/100|[from] Stealth Rock
|turn|22
|
|t:|1657605668
|move|p2a: Greninja|Water Shuriken|p1a: Tornadus
|-damage|p1a: Tornadus|24/100
|-crit|p1a: Tornadus
|-damage|p1a: Tornadus|7/100
|-crit|p1a: Tornadus
|-damage|p1a: Tornadus|0 fnt
|faint|p1a: Tornadus
|-activate|p2a: Greninja|ability: Battle Bond
|detailschange|p2a: Greninja|Greninja-Ash, M
|-hitcount|p1: Tornadus|3
|
|upkeep
|
|t:|1657605677
|switch|p1a: Yveltal|Yveltal|100/100
|-ability|p1a: Yveltal|Dark Aura
|turn|23
|
|t:|1657605682
|-start|p1a: Yveltal|Dynamax|
|-heal|p1a: Yveltal|100/100|[silent]
|move|p1a: Yveltal|Max Airstream|p2a: Greninja
|-damage|p2a: Greninja|0 fnt
|-boost|p1a: Yveltal|spe|1
|faint|p2a: Greninja
|-damage|p1a: Yveltal|96/100|[from] item: Life Orb
|
|win|chemiqs
|raw|chemiqs's rating: 1564 &rarr; <strong>1581</strong><br />(+17 for winning)
|raw|Ussolando's rating: 1519 &rarr; <strong>1502</strong><br />(-17 for losing)
|l|☆Ussolando
