|j|☆Morale Booster
|j|☆Jamalquavious
|t:|1666649444
|gametype|singles
|player|p1|Morale Booster|klara|1740
|player|p2|Jamalquavious|proton|1658
|teamsize|p1|6
|teamsize|p2|6
|gen|8
|tier|[Gen 8] National Dex AG
|rated|
|rule|HP Percentage Mod: HP is shown in percentages
|rule|Endless Battle Clause: Forcing endless battles is banned
|clearpoke
|poke|p1|Marshadow|
|poke|p1|Lugia|
|poke|p1|Smeargle, M|
|poke|p1|Xerneas-*|
|poke|p1|Xatu, M|
|poke|p1|Groudon|
|poke|p2|Blissey, F|
|poke|p2|Rayquaza|
|poke|p2|Necrozma-Dusk-Mane|
|poke|p2|Ditto|
|poke|p2|Calyrex-Shadow|
|poke|p2|Sableye, M|
|teampreview
|inactive|Battle timer is ON: inactive players will automatically lose when time's up. (requested by Jamalquavious)
|
|t:|1666649451
|start
|switch|p1a: Groudon|Groudon|100/100
|switch|p2a: Groudon protester|Calyrex-Shadow|100/100
|-ability|p2a: Groudon protester|As One
|-ability|p2a: Groudon protester|Unnerve
|detailschange|p1a: Groudon|Groudon-Primal
|-primal|p1a: Groudon
|-weather|DesolateLand|[from] ability: Desolate Land|[of] p1a: Groudon
|turn|1
|
|t:|1666649467
|switch|p2a: Groudon reflector|Sableye, M|100/100
|move|p1a: Groudon|Fire Punch|p2a: Groudon reflector
|-damage|p2a: Groudon reflector|17/100
|
|-weather|DesolateLand|[upkeep]
|upkeep
|turn|2
|
|t:|1666649475
|move|p2a: Groudon reflector|Encore|p1a: Groudon
|-start|p1a: Groudon|Encore
|move|p1a: Groudon|Fire Punch|p2a: Groudon reflector
|-damage|p2a: Groudon reflector|0 fnt
|faint|p2a: Groudon reflector
|
|-weather|DesolateLand|[upkeep]
|upkeep
|
|t:|1666649477
|switch|p2a: Idk groudon ugly|Necrozma-Dusk-Mane|100/100
|turn|3
|
|t:|1666649483
|-weather|none
|switch|p1a: Xatu|Xatu, M|100/100
|move|p2a: Idk groudon ugly|Thunder Wave|p1a: Xatu
|move|p1a: Xatu|Thunder Wave|p2a: Idk groudon ugly|[from]ability: Magic Bounce
|-status|p2a: Idk groudon ugly|par
|
|upkeep
|turn|4
|c|☆Jamalquavious|Thats
|
|t:|1666649493
|switch|p1a: Groudon|Groudon-Primal|100/100
|-weather|DesolateLand|[from] ability: Desolate Land|[of] p1a: Groudon
|move|p2a: Idk groudon ugly|Knock Off|p1a: Groudon
|-damage|p1a: Groudon|88/100
|
|-weather|DesolateLand|[upkeep]
|upkeep
|turn|5
|c|☆Jamalquavious|Not what I thought I picked
|
|t:|1666649500
|move|p1a: Groudon|Precipice Blades|p2a: Idk groudon ugly
|-supereffective|p2a: Idk groudon ugly
|-damage|p2a: Idk groudon ugly|30/100 par
|cant|p2a: Idk groudon ugly|par
|
|-weather|DesolateLand|[upkeep]
|upkeep
|turn|6
|
|t:|1666649505
|move|p1a: Groudon|Fire Punch|p2a: Idk groudon ugly
|-supereffective|p2a: Idk groudon ugly
|-damage|p2a: Idk groudon ugly|0 fnt
|-damage|p1a: Groudon|71/100|[from] item: Rocky Helmet|[of] p2a: Idk groudon ugly
|faint|p2a: Idk groudon ugly
|
|-weather|DesolateLand|[upkeep]
|upkeep
|
|t:|1666649510
|switch|p2a: FUCK GROUDON|Rayquaza|100/100
|-ability|p2a: FUCK GROUDON|Air Lock
|turn|7
|
|t:|1666649517
|-weather|none
|switch|p1a: 1000%|Lugia|100/100
|detailschange|p2a: FUCK GROUDON|Rayquaza-Mega
|-mega|p2a: FUCK GROUDON|Rayquaza|
|-weather|DeltaStream|[from] ability: Delta Stream|[of] p2a: FUCK GROUDON
|move|p2a: FUCK GROUDON|Earthquake|p1a: 1000%
|-immune|p1a: 1000%
|
|-weather|DeltaStream|[upkeep]
|upkeep
|turn|8
|
|t:|1666649526
|move|p2a: FUCK GROUDON|Dragon Dance|p2a: FUCK GROUDON
|-boost|p2a: FUCK GROUDON|atk|1
|-boost|p2a: FUCK GROUDON|spe|1
|move|p1a: 1000%|Toxic|p2a: FUCK GROUDON
|-status|p2a: FUCK GROUDON|tox
|
|-weather|DeltaStream|[upkeep]
|-damage|p2a: FUCK GROUDON|95/100 tox|[from] psn
|upkeep
|turn|9
|
|t:|1666649533
|move|p2a: FUCK GROUDON|Dragon Ascent|p1a: 1000%
|-damage|p1a: 1000%|55/100
|-unboost|p2a: FUCK GROUDON|def|1
|-unboost|p2a: FUCK GROUDON|spd|1
|-damage|p2a: FUCK GROUDON|85/100 tox|[from] item: Life Orb
|move|p1a: 1000%|Roost|p1a: 1000%
|-heal|p1a: 1000%|100/100
|-singleturn|p1a: 1000%|move: Roost
|
|-weather|DeltaStream|[upkeep]
|-damage|p2a: FUCK GROUDON|73/100 tox|[from] psn
|upkeep
|turn|10
|
|t:|1666649545
|switch|p1a: Groudon|Groudon-Primal|71/100
|-weather|DesolateLand|[from] ability: Desolate Land|[of] p1a: Groudon
|move|p2a: FUCK GROUDON|Dragon Dance|p2a: FUCK GROUDON
|-boost|p2a: FUCK GROUDON|atk|1
|-boost|p2a: FUCK GROUDON|spe|1
|
|-weather|DesolateLand|[upkeep]
|-damage|p2a: FUCK GROUDON|55/100 tox|[from] psn
|upkeep
|turn|11
|c|☆Morale Booster|i see you dont like groudon
|inactive|Morale Booster has 120 seconds left.
|
|t:|1666649578
|move|p2a: FUCK GROUDON|Dragon Ascent|p1a: Groudon
|-damage|p1a: Groudon|0 fnt
|-unboost|p2a: FUCK GROUDON|def|1
|-unboost|p2a: FUCK GROUDON|spd|1
|faint|p1a: Groudon
|-weather|none
|-damage|p2a: FUCK GROUDON|45/100 tox|[from] item: Life Orb
|
|-damage|p2a: FUCK GROUDON|21/100 tox|[from] psn
|upkeep
|inactive|Morale Booster has 120 seconds left.
|c|☆Jamalquavious|Very much so
|
|t:|1666649588
|switch|p1a: Watch out|Marshadow|100/100
|turn|12
|
|t:|1666649594
|move|p1a: Watch out|Protect|p1a: Watch out
|-singleturn|p1a: Watch out|Protect
|move|p2a: FUCK GROUDON|Dragon Ascent|p1a: Watch out
|-activate|p1a: Watch out|move: Protect
|
|-damage|p2a: FUCK GROUDON|0 fnt|[from] psn
|faint|p2a: FUCK GROUDON
|upkeep
|
|t:|1666649599
|switch|p2a: Just hates groudon|Ditto, shiny|100/100
|-transform|p2a: Just hates groudon|p1a: Watch out|[from] ability: Imposter
|turn|13
|
|t:|1666649607
|move|p1a: Watch out|Protect||[still]
|-fail|p1a: Watch out
|move|p2a: Just hates groudon|Close Combat|p1a: Watch out
|-immune|p1a: Watch out
|
|upkeep
|turn|14
|c|☆Jamalquavious|Oh
|c|☆Morale Booster|?
|c|☆Morale Booster|bruh
|
|t:|1666649620
|switch|p2a: Groudon bad|Blissey, F, shiny|100/100
|move|p1a: Watch out|Protect||[still]
|-fail|p1a: Watch out
|
|upkeep
|turn|15
|c|☆Jamalquavious|I thought
|c|☆Jamalquavious|You'd switch
|c|☆Jamalquavious|To smeargle
|
|t:|1666649633
|switch|p2a: Just hates groudon|Ditto, shiny|100/100
|-transform|p2a: Just hates groudon|p1a: Watch out|[from] ability: Imposter
|move|p1a: Watch out|Close Combat|p2a: Just hates groudon
|-immune|p2a: Just hates groudon
|
|upkeep
|turn|16
|c|☆Morale Booster|nahh
|
|t:|1666649641
|move|p1a: Watch out|Protect|p1a: Watch out
|-singleturn|p1a: Watch out|Protect
|move|p2a: Just hates groudon|Shadow Sneak|p1a: Watch out
|-activate|p1a: Watch out|move: Protect
|
|upkeep
|turn|17
|c|☆Jamalquavious|Ight then
|
|t:|1666649646
|switch|p1a: Spectral move|Smeargle, M|100/100
|move|p2a: Just hates groudon|Shadow Sneak|p1a: Spectral move
|-immune|p1a: Spectral move
|
|upkeep
|turn|18
|
|t:|1666649654
|switch|p2a: Groudon bad|Blissey, F, shiny|100/100
|move|p1a: Spectral move|Spore|p2a: Groudon bad
|-status|p2a: Groudon bad|slp|[from] move: Spore
|
|upkeep
|turn|19
|c|☆Morale Booster|!weak Blissey
|c| Morale Booster|/raw <div class="infobox">Blissey (ignoring abilities):<br /><span class="message-effect-weak">Weaknesses</span>: Fighting<br /><span class="message-effect-resist">Resistances</span>: <font color=#999999>None</font><br /><span class="message-effect-immune">Immunities</span>: Ghost</div>
|
|t:|1666649677
|-curestatus|p2a: Groudon bad|slp|[from] ability: Natural Cure
|switch|p2a: Just hates groudon|Ditto, shiny|100/100
|-transform|p2a: Just hates groudon|p1a: Spectral move|[from] ability: Imposter
|move|p1a: Spectral move|Shell Smash|p1a: Spectral move
|-unboost|p1a: Spectral move|def|1
|-unboost|p1a: Spectral move|spd|1
|-boost|p1a: Spectral move|atk|2
|-boost|p1a: Spectral move|spa|2
|-boost|p1a: Spectral move|spe|2
|
|upkeep
|turn|20
|
|t:|1666649688
|switch|p2a: Groudon bad|Blissey, F, shiny|100/100
|move|p1a: Spectral move|Spore|p2a: Groudon bad
|-status|p2a: Groudon bad|slp|[from] move: Spore
|
|upkeep
|turn|21
|
|t:|1666649694
|move|p1a: Spectral move|Shell Smash|p1a: Spectral move
|-unboost|p1a: Spectral move|def|1
|-unboost|p1a: Spectral move|spd|1
|-boost|p1a: Spectral move|atk|2
|-boost|p1a: Spectral move|spa|2
|-boost|p1a: Spectral move|spe|2
|cant|p2a: Groudon bad|slp
|
|upkeep
|turn|22
|
|t:|1666649709
|-curestatus|p2a: Groudon bad|slp|[from] ability: Natural Cure
|switch|p2a: Just hates groudon|Ditto, shiny|100/100
|-transform|p2a: Just hates groudon|p1a: Spectral move|[from] ability: Imposter
|move|p1a: Spectral move|Power Trip|p2a: Just hates groudon
|-damage|p2a: Just hates groudon|0 fnt
|faint|p2a: Just hates groudon
|
|upkeep
|c|☆Jamalquavious|I think I lost
|
|t:|1666649716
|switch|p2a: Groudon protester|Calyrex-Shadow|100/100
|-ability|p2a: Groudon protester|As One
|-ability|p2a: Groudon protester|Unnerve
|turn|23
|c|☆Morale Booster|yup
|c|☆Jamalquavious|I highkey threw
|c|☆Morale Booster|u did
|c|☆Morale Booster|you lost once you joined
|c|☆Morale Booster|lol
|
|t:|1666649734
|-start|p2a: Groudon protester|Dynamax|
|-heal|p2a: Groudon protester|100/100|[silent]
|move|p1a: Spectral move|Power Trip|p2a: Groudon protester
|-supereffective|p2a: Groudon protester
|-damage|p2a: Groudon protester|0 fnt
|faint|p2a: Groudon protester
|
|upkeep
|c|☆Jamalquavious|Nah I had it but
|c|☆Jamalquavious|I thought you'd switch and suff
|c|☆Jamalquavious|Stuff
|c|☆Morale Booster|nah
|
|t:|1666649749
|switch|p2a: Groudon bad|Blissey, F, shiny|100/100
|turn|24
|c|☆Morale Booster|gg wp
|c|☆Jamalquavious|Gg
|
|t:|1666649756
|move|p1a: Spectral move|Power Trip|p2a: Groudon bad
|-damage|p2a: Groudon bad|5/100
|move|p2a: Groudon bad|Reflect|p2a: Groudon bad
|-sidestart|p2: Jamalquavious|Reflect
|
|-heal|p2a: Groudon bad|11/100|[from] item: Leftovers
|upkeep
|turn|25
|-message|Jamalquavious forfeited.
|
|win|Morale Booster
|raw|Morale Booster's rating: 1740 &rarr; <strong>1755</strong><br />(+15 for winning)
|raw|Jamalquavious's rating: 1658 &rarr; <strong>1643</strong><br />(-15 for losing)
|l|☆Jamalquavious
