|j|☆Hhhhhhhhhhhhx
|j|☆Anpr57
|t:|1661661915
|gametype|singles
|player|p1|Hhhhhhhhhhhhx|hilbert-wonderlauncher|1388
|player|p2|Anpr57|hilbert|1308
|teamsize|p1|6
|teamsize|p2|6
|gen|8
|tier|[Gen 8] National Dex AG
|rated|
|rule|HP Percentage Mod: HP is shown in percentages
|rule|Endless Battle Clause: Forcing endless battles is banned
|clearpoke
|poke|p1|Eternatus|
|poke|p1|Ho-Oh|
|poke|p1|Ferrothorn, M|
|poke|p1|Umbreon, M|
|poke|p1|Dragapult, M|
|poke|p1|Calyrex-Ice|
|poke|p2|Manaphy|
|poke|p2|Smeargle, F|
|poke|p2|Marshadow|
|poke|p2|Malamar, F|
|poke|p2|Gliscor, M|
|poke|p2|Necrozma-Dawn-Wings|
|teampreview
|
|t:|1661661919
|start
|switch|p1a: Dragapult|Dragapult, M, shiny|100/100
|switch|p2a: Smeargle|Smeargle, F|100/100
|turn|1
|
|t:|1661661926
|move|p1a: Dragapult|Dragon Darts|p2a: Smeargle
|-damage|p2a: Smeargle|25/100
|-anim|p1a: Dragapult|Dragon Darts|p2a: Smeargle
|-damage|p2a: Smeargle|0 fnt
|faint|p2a: Smeargle
|-damage|p1a: Dragapult|91/100|[from] item: Life Orb
|
|upkeep
|
|t:|1661661935
|switch|p2a: Manaphy|Manaphy, shiny|100/100
|turn|2
|
|t:|1661661943
|move|p1a: Dragapult|U-turn|p2a: Manaphy
|-damage|p2a: Manaphy|69/100
|-damage|p1a: Dragapult|81/100|[from] item: Life Orb
|
|t:|1661661947
|switch|p1a: Ferrothorn|Ferrothorn, M, shiny|100/100|[from]move: U-turn
|move|p2a: Manaphy|Tail Glow|p2a: Manaphy
|-boost|p2a: Manaphy|spa|3
|
|upkeep
|turn|3
|
|t:|1661661957
|-start|p2a: Manaphy|Dynamax|
|-heal|p2a: Manaphy|69/100|[silent]
|move|p2a: Manaphy|Max Quake|p1a: Ferrothorn
|-damage|p1a: Ferrothorn|46/100
|-boost|p2a: Manaphy|spd|1
|move|p1a: Ferrothorn|Leech Seed|p2a: Manaphy|[miss]
|-miss|p1a: Ferrothorn|p2a: Manaphy
|
|-heal|p1a: Ferrothorn|52/100|[from] item: Leftovers
|upkeep
|turn|4
|
|t:|1661661974
|move|p2a: Manaphy|Max Hailstorm|p1a: Ferrothorn
|-damage|p1a: Ferrothorn|0 fnt
|-weather|Hail
|faint|p1a: Ferrothorn
|
|-weather|Hail|[upkeep]
|-damage|p2a: Manaphy|66/100|[from] Hail
|upkeep
|
|t:|1661661988
|switch|p1a: Ho-Oh|Ho-Oh|100/100
|turn|5
|
|t:|1661661996
|-start|p1a: Ho-Oh|Dynamax|
|-heal|p1a: Ho-Oh|100/100|[silent]
|move|p2a: Manaphy|Max Geyser|p1a: Ho-Oh
|-supereffective|p1a: Ho-Oh
|-damage|p1a: Ho-Oh|35/100
|-weather|RainDance
|move|p1a: Ho-Oh|Max Airstream|p2a: Manaphy
|-damage|p2a: Manaphy|38/100
|-boost|p1a: Ho-Oh|spe|1
|
|-weather|RainDance|[upkeep]
|upkeep
|-end|p2a: Manaphy|Dynamax
|-heal|p2a: Manaphy|38/100|[silent]
|turn|6
|
|t:|1661662013
|move|p2a: Manaphy|Scald|p1a: Ho-Oh
|-supereffective|p1a: Ho-Oh
|-damage|p1a: Ho-Oh|0 fnt
|faint|p1a: Ho-Oh
|
|-weather|RainDance|[upkeep]
|upkeep
|
|t:|1661662021
|switch|p1a: Dragapult|Dragapult, M, shiny|81/100
|turn|7
|
|t:|1661662025
|move|p1a: Dragapult|Dragon Darts|p2a: Manaphy
|-damage|p2a: Manaphy|4/100
|-enditem|p2a: Manaphy|Aguav Berry|[eat]
|-heal|p2a: Manaphy|37/100|[from] item: Aguav Berry
|-anim|p1a: Dragapult|Dragon Darts|p2a: Manaphy
|-damage|p2a: Manaphy|5/100
|-damage|p1a: Dragapult|71/100|[from] item: Life Orb
|move|p2a: Manaphy|Ice Beam|p1a: Dragapult
|-supereffective|p1a: Dragapult
|-damage|p1a: Dragapult|0 fnt
|faint|p1a: Dragapult
|
|-weather|RainDance|[upkeep]
|upkeep
|
|t:|1661662041
|switch|p1a: Calyrex|Calyrex-Ice|100/100
|-ability|p1a: Calyrex|As One
|-ability|p1a: Calyrex|Unnerve
|turn|8
|
|t:|1661662049
|move|p2a: Manaphy|Hidden Power|p1a: Calyrex
|-damage|p1a: Calyrex|72/100
|move|p1a: Calyrex|Trick Room|p1a: Calyrex
|-fieldstart|move: Trick Room|[of] p1a: Calyrex
|
|-weather|RainDance|[upkeep]
|upkeep
|turn|9
|
|t:|1661662058
|move|p1a: Calyrex|Seed Bomb|p2a: Manaphy
|-supereffective|p2a: Manaphy
|-damage|p2a: Manaphy|0 fnt
|faint|p2a: Manaphy
|-ability|p1a: Calyrex|Chilling Neigh|boost
|-boost|p1a: Calyrex|atk|1
|
|-weather|none
|upkeep
|
|t:|1661662066
|switch|p2a: Marshadow|Marshadow|100/100
|turn|10
|
|t:|1661662076
|move|p1a: Calyrex|Seed Bomb|p2a: Marshadow
|-damage|p2a: Marshadow|36/100
|move|p2a: Marshadow|Spectral Thief||[still]
|-clearpositiveboost|p1a: Calyrex|p2a: Marshadow|move: Spectral Thief
|-boost|p2a: Marshadow|atk|1
|-anim|p2a: Marshadow|Spectral Thief|p1a: Calyrex
|-supereffective|p1a: Calyrex
|-damage|p1a: Calyrex|0 fnt
|faint|p1a: Calyrex
|
|upkeep
|-message|Hhhhhhhhhhhhx forfeited.
|
|win|Anpr57
|raw|Hhhhhhhhhhhhx's rating: 1388 &rarr; <strong>1363</strong><br />(-25 for losing)
|raw|Anpr57's rating: 1308 &rarr; <strong>1333</strong><br />(+25 for winning)
|l|☆Hhhhhhhhhhhhx
