|j|☆Buck is stallish
|j|☆JAY100064
|t:|1670262178
|gametype|singles
|player|p1|Buck is stallish|170|
|player|p2|JAY100064|mars|
|teamsize|p1|6
|teamsize|p2|6
|gen|8
|tier|[Gen 8] National Dex AG
|rated|Tournament battle
|rule|HP Percentage Mod: HP is shown in percentages
|rule|Endless Battle Clause: Forcing endless battles is banned
|clearpoke
|poke|p1|Ho-Oh|
|poke|p1|Zygarde|
|poke|p1|Necrozma-Dusk-Mane|
|poke|p1|Yveltal|
|poke|p1|Chansey, F|
|poke|p1|Arceus-*|
|poke|p2|Chansey, F|
|poke|p2|Sableye, M|
|poke|p2|Zygarde|
|poke|p2|Quagsire, M|
|poke|p2|Tyranitar, M|
|poke|p2|Lugia|
|teampreview
|
|t:|1670262184
|start
|switch|p1a: Solar Mountain|Necrozma-Dusk-Mane|100/100
|switch|p2a: Sableye|Sableye, M, shiny|100/100
|turn|1
|inactive|Battle timer is ON: inactive players will automatically lose when time's up. (requested by JAY100064)
|
|t:|1670262191
|switch|p1a: Phoenix Emperor|Ho-Oh|100/100
|detailschange|p2a: Sableye|Sableye-Mega, M, shiny
|-mega|p2a: Sableye|Sableye|Sablenite
|move|p2a: Sableye|Will-O-Wisp|p1a: Phoenix Emperor
|-immune|p1a: Phoenix Emperor
|
|upkeep
|turn|2
|
|t:|1670262200
|move|p2a: Sableye|Protect|p2a: Sableye
|-singleturn|p2a: Sableye|Protect
|move|p1a: Phoenix Emperor|Brave Bird|p2a: Sableye
|-activate|p2a: Sableye|move: Protect
|
|upkeep
|turn|3
|
|t:|1670262210
|switch|p1a: Brighteous Hope|Arceus-Fairy|100/100
|move|p2a: Sableye|Recover||[still]
|-fail|p2a: Sableye|heal
|
|upkeep
|turn|4
|
|t:|1670262232
|switch|p1a: Phoenix Emperor|Ho-Oh|100/100
|switch|p2a: Chansey|Chansey, F, shiny|100/100
|
|upkeep
|turn|5
|
|t:|1670262246
|switch|p1a: Solar Mountain|Necrozma-Dusk-Mane|100/100
|switch|p2a: Zygarde|Zygarde, shiny|100/100
|
|upkeep
|turn|6
|
|t:|1670262252
|switch|p2a: Sableye|Sableye-Mega, M, shiny|100/100
|move|p1a: Solar Mountain|Knock Off|p2a: Sableye
|-damage|p2a: Sableye|85/100
|
|upkeep
|turn|7
|
|t:|1670262257
|switch|p1a: Phoenix Emperor|Ho-Oh|100/100
|move|p2a: Sableye|Foul Play|p1a: Phoenix Emperor
|-damage|p1a: Phoenix Emperor|55/100
|
|upkeep
|turn|8
|
|t:|1670262265
|switch|p1a: Bipolar Degenerate|Chansey, F|100/100
|switch|p2a: Tyranitar|Tyranitar, M, shiny|100/100
|-weather|Sandstorm|[from] ability: Sand Stream|[of] p2a: Tyranitar
|
|-weather|Sandstorm|[upkeep]
|-damage|p1a: Bipolar Degenerate|94/100|[from] Sandstorm
|upkeep
|turn|9
|
|t:|1670262276
|switch|p1a: Brighteous Hope|Arceus-Fairy|100/100
|move|p2a: Tyranitar|Stealth Rock|p1a: Brighteous Hope
|-sidestart|p1: Buck is stallish|move: Stealth Rock
|
|-weather|Sandstorm|[upkeep]
|-damage|p1a: Brighteous Hope|94/100|[from] Sandstorm
|upkeep
|turn|10
|
|t:|1670262287
|switch|p2a: Chansey|Chansey, F, shiny|100/100
|move|p1a: Brighteous Hope|Defog|p2a: Chansey
|-unboost|p2a: Chansey|evasion|1
|-sideend|p1: Buck is stallish|Stealth Rock|[from] move: Defog|[of] p1a: Brighteous Hope
|
|-weather|Sandstorm|[upkeep]
|-damage|p1a: Brighteous Hope|88/100|[from] Sandstorm
|-damage|p2a: Chansey|94/100|[from] Sandstorm
|upkeep
|turn|11
|
|t:|1670262297
|switch|p1a: Solar Mountain|Necrozma-Dusk-Mane|100/100
|switch|p2a: Tyranitar|Tyranitar, M, shiny|100/100
|
|-weather|Sandstorm|[upkeep]
|upkeep
|turn|12
|
|t:|1670262311
|switch|p2a: Sableye|Sableye-Mega, M, shiny|85/100
|move|p1a: Solar Mountain|Knock Off|p2a: Sableye
|-damage|p2a: Sableye|69/100
|
|-weather|none
|upkeep
|turn|13
|
|t:|1670262320
|switch|p1a: Raven of Death|Yveltal|100/100
|-ability|p1a: Raven of Death|Dark Aura
|move|p2a: Sableye|Recover|p2a: Sableye
|-heal|p2a: Sableye|100/100
|
|upkeep
|turn|14
|
|t:|1670262327
|switch|p1a: Phoenix Emperor|Ho-Oh|88/100
|move|p2a: Sableye|Protect||[still]
|-fail|p2a: Sableye
|
|upkeep
|turn|15
|
|t:|1670262339
|switch|p1a: Dragon Guardian|Zygarde|100/100
|switch|p2a: Zygarde|Zygarde, shiny|100/100
|
|upkeep
|turn|16
|
|t:|1670262355
|switch|p2a: Sableye|Sableye-Mega, M, shiny|100/100
|move|p1a: Dragon Guardian|Haze|p1a: Dragon Guardian
|-clearallboost
|
|upkeep
|turn|17
|
|t:|1670262363
|switch|p1a: Phoenix Emperor|Ho-Oh|100/100
|switch|p2a: Lugia|Lugia, shiny|100/100
|
|upkeep
|turn|18
|
|t:|1670262370
|switch|p2a: Sableye|Sableye-Mega, M, shiny|100/100
|switch|p1a: Solar Mountain|Necrozma-Dusk-Mane|100/100
|
|upkeep
|turn|19
|
|t:|1670262378
|switch|p1a: Phoenix Emperor|Ho-Oh|100/100
|move|p2a: Sableye|Foul Play|p1a: Phoenix Emperor
|-damage|p1a: Phoenix Emperor|55/100
|
|upkeep
|turn|20
|
|t:|1670262384
|switch|p1a: Dragon Guardian|Zygarde|100/100
|move|p2a: Sableye|Protect||[still]
|-fail|p2a: Sableye
|
|upkeep
|turn|21
|
|t:|1670262393
|switch|p1a: Phoenix Emperor|Ho-Oh|88/100
|move|p2a: Sableye|Will-O-Wisp|p1a: Phoenix Emperor
|-immune|p1a: Phoenix Emperor
|
|upkeep
|turn|22
|
|t:|1670262400
|switch|p1a: Dragon Guardian|Zygarde|100/100
|move|p2a: Sableye|Foul Play|p1a: Dragon Guardian
|-damage|p1a: Dragon Guardian|84/100
|
|upkeep
|turn|23
|
|t:|1670262407
|move|p1a: Dragon Guardian|Thousand Arrows|p2a: Sableye
|-damage|p2a: Sableye|78/100
|move|p2a: Sableye|Foul Play|p1a: Dragon Guardian
|-damage|p1a: Dragon Guardian|67/100
|
|upkeep
|turn|24
|
|t:|1670262414
|switch|p1a: Phoenix Emperor|Ho-Oh|100/100
|move|p2a: Sableye|Foul Play|p1a: Phoenix Emperor
|-damage|p1a: Phoenix Emperor|50/100
|
|upkeep
|turn|25
|
|t:|1670262421
|switch|p1a: Dragon Guardian|Zygarde|67/100
|move|p2a: Sableye|Foul Play|p1a: Dragon Guardian
|-damage|p1a: Dragon Guardian|49/100
|
|-activate|p1a: Dragon Guardian|ability: Power Construct
|detailschange|p1a: Dragon Guardian|Zygarde-Complete
|-heal|p1a: Dragon Guardian|66/100|[silent]
|upkeep
|turn|26
|j| Shockwave79
|
|t:|1670262431
|switch|p1a: Phoenix Emperor|Ho-Oh|83/100
|move|p2a: Sableye|Will-O-Wisp|p1a: Phoenix Emperor
|-immune|p1a: Phoenix Emperor
|
|upkeep
|turn|27
|
|t:|1670262438
|switch|p2a: Tyranitar|Tyranitar, M, shiny|100/100
|-weather|Sandstorm|[from] ability: Sand Stream|[of] p2a: Tyranitar
|move|p1a: Phoenix Emperor|Sacred Fire|p2a: Tyranitar
|-resisted|p2a: Tyranitar
|-crit|p2a: Tyranitar
|-damage|p2a: Tyranitar|67/100
|-status|p2a: Tyranitar|brn
|
|-weather|Sandstorm|[upkeep]
|-damage|p1a: Phoenix Emperor|77/100|[from] Sandstorm
|-heal|p2a: Tyranitar|73/100 brn|[from] item: Leftovers
|-damage|p2a: Tyranitar|67/100 brn|[from] brn
|upkeep
|turn|28
|
|t:|1670262460
|switch|p1a: Brighteous Hope|Arceus-Fairy|88/100
|move|p2a: Tyranitar|Stealth Rock|p1a: Brighteous Hope
|-sidestart|p1: Buck is stallish|move: Stealth Rock
|
|-weather|Sandstorm|[upkeep]
|-damage|p1a: Brighteous Hope|82/100|[from] Sandstorm
|-heal|p2a: Tyranitar|73/100 brn|[from] item: Leftovers
|-damage|p2a: Tyranitar|67/100 brn|[from] brn
|upkeep
|turn|29
|
|t:|1670262472
|switch|p1a: Phoenix Emperor|Ho-Oh|100/100
|switch|p2a: Chansey|Chansey, F, shiny|94/100
|
|-weather|Sandstorm|[upkeep]
|-damage|p1a: Phoenix Emperor|94/100|[from] Sandstorm
|-damage|p2a: Chansey|88/100|[from] Sandstorm
|upkeep
|turn|30
|
|t:|1670262481
|switch|p2a: Zygarde|Zygarde, shiny|100/100
|move|p1a: Phoenix Emperor|Defog|p2a: Zygarde
|-unboost|p2a: Zygarde|evasion|1
|-sideend|p1: Buck is stallish|Stealth Rock|[from] move: Defog|[of] p1a: Phoenix Emperor
|
|-weather|Sandstorm|[upkeep]
|-damage|p1a: Phoenix Emperor|88/100|[from] Sandstorm
|upkeep
|turn|31
|
|t:|1670262491
|switch|p2a: Sableye|Sableye-Mega, M, shiny|78/100
|switch|p1a: Dragon Guardian|Zygarde-Complete|66/100
|
|-weather|none
|upkeep
|turn|32
|
|t:|1670262502
|switch|p1a: Brighteous Hope|Arceus-Fairy|82/100
|move|p2a: Sableye|Recover|p2a: Sableye
|-heal|p2a: Sableye|100/100
|
|upkeep
|turn|33
|
|t:|1670262509
|switch|p1a: Phoenix Emperor|Ho-Oh|100/100
|move|p2a: Sableye|Protect||[still]
|-fail|p2a: Sableye
|
|upkeep
|turn|34
|
|t:|1670262515
|switch|p1a: Brighteous Hope|Arceus-Fairy|82/100
|move|p2a: Sableye|Will-O-Wisp|p1a: Brighteous Hope
|-status|p1a: Brighteous Hope|brn
|
|-damage|p1a: Brighteous Hope|76/100 brn|[from] brn
|upkeep
|turn|35
|
|t:|1670262524
|switch|p1a: Bipolar Degenerate|Chansey, F|94/100
|move|p2a: Sableye|Foul Play|p1a: Bipolar Degenerate
|-damage|p1a: Bipolar Degenerate|92/100
|
|upkeep
|turn|36
|
|t:|1670262533
|switch|p1a: Solar Mountain|Necrozma-Dusk-Mane|100/100
|switch|p2a: Chansey|Chansey, F, shiny|88/100
|
|upkeep
|turn|37
|
|t:|1670262540
|switch|p2a: Sableye|Sableye-Mega, M, shiny|100/100
|move|p1a: Solar Mountain|Sunsteel Strike|p2a: Sableye
|-damage|p2a: Sableye|63/100
|
|upkeep
|turn|38
|
|t:|1670262547
|switch|p1a: Phoenix Emperor|Ho-Oh|100/100
|move|p2a: Sableye|Recover|p2a: Sableye
|-heal|p2a: Sableye|100/100
|
|upkeep
|turn|39
|
|t:|1670262555
|switch|p1a: Brighteous Hope|Arceus-Fairy|76/100 brn
|switch|p2a: Zygarde|Zygarde, shiny|100/100
|
|-damage|p1a: Brighteous Hope|70/100 brn|[from] brn
|upkeep
|turn|40
|
|t:|1670262563
|switch|p1a: Phoenix Emperor|Ho-Oh|100/100
|switch|p2a: Chansey|Chansey, F, shiny|88/100
|
|upkeep
|turn|41
|
|t:|1670262576
|switch|p1a: Solar Mountain|Necrozma-Dusk-Mane|100/100
|switch|p2a: Tyranitar|Tyranitar, M, shiny|67/100 brn
|-weather|Sandstorm|[from] ability: Sand Stream|[of] p2a: Tyranitar
|
|-weather|Sandstorm|[upkeep]
|-heal|p2a: Tyranitar|73/100 brn|[from] item: Leftovers
|-damage|p2a: Tyranitar|67/100 brn|[from] brn
|upkeep
|turn|42
|
|t:|1670262586
|switch|p2a: Zygarde|Zygarde, shiny|100/100
|move|p1a: Solar Mountain|Sunsteel Strike|p2a: Zygarde
|-damage|p2a: Zygarde|72/100
|
|-weather|Sandstorm|[upkeep]
|upkeep
|turn|43
|
|t:|1670262599
|switch|p2a: Sableye|Sableye-Mega, M, shiny|100/100
|move|p1a: Solar Mountain|Sunsteel Strike|p2a: Sableye
|-damage|p2a: Sableye|64/100
|
|-weather|Sandstorm|[upkeep]
|-damage|p2a: Sableye|58/100|[from] Sandstorm
|upkeep
|turn|44
|
|t:|1670262613
|switch|p1a: Bipolar Degenerate|Chansey, F|92/100
|move|p2a: Sableye|Recover|p2a: Sableye
|-heal|p2a: Sableye|100/100
|
|-weather|Sandstorm|[upkeep]
|-damage|p1a: Bipolar Degenerate|86/100|[from] Sandstorm
|-damage|p2a: Sableye|94/100|[from] Sandstorm
|upkeep
|turn|45
|
|t:|1670262623
|switch|p2a: Chansey|Chansey, F, shiny|88/100
|move|p1a: Bipolar Degenerate|Heal Bell|p1a: Bipolar Degenerate
|-activate|p1a: Bipolar Degenerate|move: Heal Bell
|-curestatus|p1: Brighteous Hope|brn|[msg]
|
|-weather|none
|upkeep
|turn|46
|
|t:|1670262632
|switch|p1a: Solar Mountain|Necrozma-Dusk-Mane|100/100
|move|p2a: Chansey|Aromatherapy|p2a: Chansey
|-activate|p2a: Chansey|move: Aromatherapy
|-curestatus|p2: Tyranitar|brn|[msg]
|
|upkeep
|turn|47
|
|t:|1670262639
|switch|p2a: Sableye|Sableye-Mega, M, shiny|94/100
|move|p1a: Solar Mountain|Knock Off|p2a: Sableye
|-damage|p2a: Sableye|78/100
|
|upkeep
|turn|48
|
|t:|1670262657
|switch|p1a: Dragon Guardian|Zygarde-Complete|66/100
|switch|p2a: Chansey|Chansey, F, shiny|88/100
|
|upkeep
|turn|49
|
|t:|1670262668
|switch|p1a: Solar Mountain|Necrozma-Dusk-Mane|100/100
|switch|p2a: Zygarde|Zygarde, shiny|72/100
|
|upkeep
|turn|50
|
|t:|1670262679
|switch|p2a: Sableye|Sableye-Mega, M, shiny|78/100
|move|p1a: Solar Mountain|Knock Off|p2a: Sableye
|-damage|p2a: Sableye|62/100
|
|upkeep
|turn|51
|
|t:|1670262685
|switch|p1a: Brighteous Hope|Arceus-Fairy|70/100
|move|p2a: Sableye|Recover|p2a: Sableye
|-heal|p2a: Sableye|100/100
|
|upkeep
|turn|52
|
|t:|1670262693
|switch|p1a: Phoenix Emperor|Ho-Oh|100/100
|switch|p2a: Chansey|Chansey, F, shiny|88/100
|
|upkeep
|turn|53
|
|t:|1670262711
|switch|p2a: Quagsire|Quagsire, M, shiny|100/100
|move|p1a: Phoenix Emperor|Brave Bird|p2a: Quagsire
|-damage|p2a: Quagsire|53/100
|-damage|p1a: Phoenix Emperor|84/100|[from] item: Rocky Helmet|[of] p2a: Quagsire
|-damage|p1a: Phoenix Emperor|69/100|[from] Recoil
|
|upkeep
|turn|54
|
|t:|1670262720
|switch|p1a: Solar Mountain|Necrozma-Dusk-Mane|100/100
|switch|p2a: Tyranitar|Tyranitar, M, shiny|67/100
|-weather|Sandstorm|[from] ability: Sand Stream|[of] p2a: Tyranitar
|
|-weather|Sandstorm|[upkeep]
|-heal|p2a: Tyranitar|73/100|[from] item: Leftovers
|upkeep
|turn|55
|
|t:|1670262732
|switch|p2a: Sableye|Sableye-Mega, M, shiny|100/100
|move|p1a: Solar Mountain|Knock Off|p2a: Sableye
|-damage|p2a: Sableye|84/100
|
|-weather|Sandstorm|[upkeep]
|-damage|p2a: Sableye|78/100|[from] Sandstorm
|upkeep
|turn|56
|
|t:|1670262740
|switch|p1a: Brighteous Hope|Arceus-Fairy|70/100
|move|p2a: Sableye|Foul Play|p1a: Brighteous Hope
|-resisted|p1a: Brighteous Hope
|-damage|p1a: Brighteous Hope|63/100
|
|-weather|Sandstorm|[upkeep]
|-damage|p1a: Brighteous Hope|57/100|[from] Sandstorm
|-damage|p2a: Sableye|72/100|[from] Sandstorm
|upkeep
|turn|57
|
|t:|1670262751
|switch|p2a: Chansey|Chansey, F, shiny|88/100
|move|p1a: Brighteous Hope|Recover|p1a: Brighteous Hope
|-heal|p1a: Brighteous Hope|100/100
|
|-weather|Sandstorm|[upkeep]
|-damage|p1a: Brighteous Hope|94/100|[from] Sandstorm
|-damage|p2a: Chansey|82/100|[from] Sandstorm
|upkeep
|turn|58
|
|t:|1670262759
|switch|p1a: Phoenix Emperor|Ho-Oh|100/100
|move|p2a: Chansey|Seismic Toss|p1a: Phoenix Emperor
|-damage|p1a: Phoenix Emperor|76/100
|
|-weather|none
|upkeep
|turn|59
|
|t:|1670262770
|switch|p2a: Tyranitar|Tyranitar, M, shiny|73/100
|-weather|Sandstorm|[from] ability: Sand Stream|[of] p2a: Tyranitar
|move|p1a: Phoenix Emperor|Brave Bird|p2a: Tyranitar
|-resisted|p2a: Tyranitar
|-damage|p2a: Tyranitar|48/100
|-damage|p1a: Phoenix Emperor|68/100|[from] Recoil
|
|-weather|Sandstorm|[upkeep]
|-damage|p1a: Phoenix Emperor|62/100|[from] Sandstorm
|-heal|p2a: Tyranitar|54/100|[from] item: Leftovers
|upkeep
|turn|60
|
|t:|1670262786
|switch|p1a: Solar Mountain|Necrozma-Dusk-Mane|100/100
|move|p2a: Tyranitar|Stealth Rock|p1a: Solar Mountain
|-sidestart|p1: Buck is stallish|move: Stealth Rock
|
|-weather|Sandstorm|[upkeep]
|-heal|p2a: Tyranitar|61/100|[from] item: Leftovers
|upkeep
|turn|61
|
|t:|1670262799
|switch|p2a: Sableye|Sableye-Mega, M, shiny|72/100
|move|p1a: Solar Mountain|Knock Off|p2a: Sableye
|-damage|p2a: Sableye|55/100
|
|-weather|Sandstorm|[upkeep]
|-damage|p2a: Sableye|49/100|[from] Sandstorm
|upkeep
|turn|62
|
|t:|1670262811
|switch|p1a: Brighteous Hope|Arceus-Fairy|94/100
|-damage|p1a: Brighteous Hope|82/100|[from] Stealth Rock
|move|p2a: Sableye|Recover|p2a: Sableye
|-heal|p2a: Sableye|99/100
|
|-weather|Sandstorm|[upkeep]
|-damage|p1a: Brighteous Hope|76/100|[from] Sandstorm
|-damage|p2a: Sableye|93/100|[from] Sandstorm
|upkeep
|turn|63
|
|t:|1670262824
|move|p2a: Sableye|Protect|p2a: Sableye
|-singleturn|p2a: Sableye|Protect
|move|p1a: Brighteous Hope|Defog|p2a: Sableye
|-activate|p2a: Sableye|move: Protect
|
|-weather|none
|upkeep
|turn|64
|
|t:|1670262839
|switch|p2a: Chansey|Chansey, F, shiny|82/100
|move|p1a: Brighteous Hope|Defog|p2a: Chansey
|-unboost|p2a: Chansey|evasion|1
|-sideend|p1: Buck is stallish|Stealth Rock|[from] move: Defog|[of] p1a: Brighteous Hope
|
|upkeep
|turn|65
|
|t:|1670262848
|switch|p1a: Phoenix Emperor|Ho-Oh|95/100
|switch|p2a: Quagsire|Quagsire, M, shiny|53/100
|
|upkeep
|turn|66
|
|t:|1670262855
|move|p1a: Phoenix Emperor|Brave Bird|p2a: Quagsire
|-damage|p2a: Quagsire|4/100
|-damage|p1a: Phoenix Emperor|79/100|[from] item: Rocky Helmet|[of] p2a: Quagsire
|-damage|p1a: Phoenix Emperor|64/100|[from] Recoil
|move|p2a: Quagsire|Recover|p2a: Quagsire
|-heal|p2a: Quagsire|54/100
|
|upkeep
|turn|67
|
|t:|1670262864
|switch|p1a: Raven of Death|Yveltal|100/100
|-ability|p1a: Raven of Death|Dark Aura
|move|p2a: Quagsire|Recover|p2a: Quagsire
|-heal|p2a: Quagsire|100/100
|
|upkeep
|turn|68
|
|t:|1670262880
|switch|p2a: Tyranitar|Tyranitar, M, shiny|61/100
|-weather|Sandstorm|[from] ability: Sand Stream|[of] p2a: Tyranitar
|move|p1a: Raven of Death|Toxic|p2a: Tyranitar
|-status|p2a: Tyranitar|tox
|
|-weather|Sandstorm|[upkeep]
|-damage|p1a: Raven of Death|94/100|[from] Sandstorm
|-heal|p2a: Tyranitar|67/100 tox|[from] item: Leftovers
|-damage|p2a: Tyranitar|61/100 tox|[from] psn
|upkeep
|turn|69
|
|t:|1670262892
|switch|p1a: Brighteous Hope|Arceus-Fairy|76/100
|move|p2a: Tyranitar|Stealth Rock|p1a: Brighteous Hope
|-sidestart|p1: Buck is stallish|move: Stealth Rock
|
|-weather|Sandstorm|[upkeep]
|-damage|p1a: Brighteous Hope|70/100|[from] Sandstorm
|-heal|p2a: Tyranitar|67/100 tox|[from] item: Leftovers
|-damage|p2a: Tyranitar|54/100 tox|[from] psn
|upkeep
|turn|70
|
|t:|1670262905
|switch|p1a: Phoenix Emperor|Ho-Oh|97/100
|move|p2a: Tyranitar|Rest|p2a: Tyranitar
|-status|p2a: Tyranitar|slp|[from] move: Rest
|-heal|p2a: Tyranitar|100/100 slp|[silent]
|
|-weather|Sandstorm|[upkeep]
|-damage|p1a: Phoenix Emperor|91/100|[from] Sandstorm
|upkeep
|turn|71
|
|t:|1670262915
|move|p1a: Phoenix Emperor|Defog|p2a: Tyranitar
|-unboost|p2a: Tyranitar|evasion|1
|-sideend|p1: Buck is stallish|Stealth Rock|[from] move: Defog|[of] p1a: Phoenix Emperor
|cant|p2a: Tyranitar|slp
|
|-weather|Sandstorm|[upkeep]
|-damage|p1a: Phoenix Emperor|85/100|[from] Sandstorm
|upkeep
|turn|72
|
|t:|1670262923
|switch|p1a: Brighteous Hope|Arceus-Fairy|70/100
|cant|p2a: Tyranitar|slp
|
|-weather|none
|upkeep
|turn|73
|j|#Kaede
|
|t:|1670262930
|switch|p2a: Chansey|Chansey, F, shiny|82/100
|move|p1a: Brighteous Hope|Judgment|p2a: Chansey
|-damage|p2a: Chansey|69/100
|
|upkeep
|turn|74
|l|#Kaede
|
|t:|1670262939
|switch|p1a: Phoenix Emperor|Ho-Oh|100/100
|move|p2a: Chansey|Aromatherapy|p2a: Chansey
|-activate|p2a: Chansey|move: Aromatherapy
|-curestatus|p2: Tyranitar|slp|[msg]
|
|upkeep
|turn|75
|
|t:|1670262946
|switch|p1a: Solar Mountain|Necrozma-Dusk-Mane|100/100
|switch|p2a: Zygarde|Zygarde, shiny|72/100
|
|upkeep
|turn|76
|
|t:|1670262952
|switch|p2a: Sableye|Sableye-Mega, M, shiny|93/100
|move|p1a: Solar Mountain|Knock Off|p2a: Sableye
|-damage|p2a: Sableye|78/100
|
|upkeep
|turn|77
|
|t:|1670262959
|switch|p1a: Dragon Guardian|Zygarde-Complete|66/100
|move|p2a: Sableye|Foul Play|p1a: Dragon Guardian
|-damage|p1a: Dragon Guardian|56/100
|
|upkeep
|turn|78
|
|t:|1670262976
|move|p1a: Dragon Guardian|Rest|p1a: Dragon Guardian
|-status|p1a: Dragon Guardian|slp|[from] move: Rest
|-heal|p1a: Dragon Guardian|100/100 slp|[silent]
|move|p2a: Sableye|Foul Play|p1a: Dragon Guardian
|-damage|p1a: Dragon Guardian|90/100 slp
|
|upkeep
|turn|79
|
|t:|1670262984
|switch|p1a: Solar Mountain|Necrozma-Dusk-Mane|100/100
|switch|p2a: Lugia|Lugia, shiny|100/100
|
|upkeep
|turn|80
|
|t:|1670262991
|switch|p2a: Sableye|Sableye-Mega, M, shiny|78/100
|move|p1a: Solar Mountain|Knock Off|p2a: Sableye
|-damage|p2a: Sableye|62/100
|
|upkeep
|turn|81
|
|t:|1670262997
|switch|p1a: Phoenix Emperor|Ho-Oh|100/100
|move|p2a: Sableye|Recover|p2a: Sableye
|-heal|p2a: Sableye|100/100
|
|upkeep
|turn|82
|
|t:|1670263003
|switch|p1a: Dragon Guardian|Zygarde-Complete|90/100 slp
|move|p2a: Sableye|Protect||[still]
|-fail|p2a: Sableye
|
|upkeep
|turn|83
|
|t:|1670263010
|switch|p1a: Brighteous Hope|Arceus-Fairy|70/100
|switch|p2a: Tyranitar|Tyranitar, M, shiny|100/100
|-weather|Sandstorm|[from] ability: Sand Stream|[of] p2a: Tyranitar
|
|-weather|Sandstorm|[upkeep]
|-damage|p1a: Brighteous Hope|64/100|[from] Sandstorm
|upkeep
|turn|84
|
|t:|1670263020
|switch|p2a: Chansey|Chansey, F, shiny|69/100
|move|p1a: Brighteous Hope|Will-O-Wisp|p2a: Chansey
|-status|p2a: Chansey|brn
|
|-weather|Sandstorm|[upkeep]
|-damage|p1a: Brighteous Hope|58/100|[from] Sandstorm
|-damage|p2a: Chansey|63/100 brn|[from] Sandstorm
|-damage|p2a: Chansey|57/100 brn|[from] brn
|upkeep
|turn|85
|
|t:|1670263030
|switch|p1a: Solar Mountain|Necrozma-Dusk-Mane|100/100
|move|p2a: Chansey|Soft-Boiled|p2a: Chansey
|-heal|p2a: Chansey|100/100 brn
|
|-weather|Sandstorm|[upkeep]
|-damage|p2a: Chansey|94/100 brn|[from] Sandstorm
|-damage|p2a: Chansey|88/100 brn|[from] brn
|upkeep
|turn|86
|
|t:|1670263040
|-curestatus|p2a: Chansey|brn|[from] ability: Natural Cure
|switch|p2a: Sableye|Sableye-Mega, M, shiny|100/100
|move|p1a: Solar Mountain|Knock Off|p2a: Sableye
|-damage|p2a: Sableye|85/100
|
|-weather|Sandstorm|[upkeep]
|-damage|p2a: Sableye|78/100|[from] Sandstorm
|upkeep
|turn|87
|
|t:|1670263050
|switch|p1a: Dragon Guardian|Zygarde-Complete|90/100 slp
|switch|p2a: Tyranitar|Tyranitar, M, shiny|100/100
|
|-weather|none
|upkeep
|turn|88
|
|t:|1670263078
|switch|p1a: Solar Mountain|Necrozma-Dusk-Mane|100/100
|move|p2a: Tyranitar|Stealth Rock|p1a: Solar Mountain
|-sidestart|p1: Buck is stallish|move: Stealth Rock
|
|upkeep
|turn|89
|
|t:|1670263085
|switch|p1a: Phoenix Emperor|Ho-Oh|100/100
|switch|p2a: Sableye|Sableye-Mega, M, shiny|78/100
|
|upkeep
|turn|90
|
|t:|1670263092
|move|p1a: Phoenix Emperor|Defog|p2a: Sableye
|move|p2a: Sableye|Defog|p1a: Phoenix Emperor|[from]ability: Magic Bounce
|-unboost|p1a: Phoenix Emperor|evasion|1
|-sideend|p1: Buck is stallish|Stealth Rock|[from] move: Defog|[of] p2a: Sableye
|move|p2a: Sableye|Foul Play|p1a: Phoenix Emperor
|-crit|p1a: Phoenix Emperor
|-damage|p1a: Phoenix Emperor|24/100
|
|upkeep
|turn|91
|
|t:|1670263104
|switch|p1a: Brighteous Hope|Arceus-Fairy|58/100
|switch|p2a: Tyranitar|Tyranitar, M, shiny|100/100
|-weather|Sandstorm|[from] ability: Sand Stream|[of] p2a: Tyranitar
|
|-weather|Sandstorm|[upkeep]
|-damage|p1a: Brighteous Hope|52/100|[from] Sandstorm
|upkeep
|turn|92
|
|t:|1670263113
|switch|p2a: Chansey|Chansey, F, shiny|88/100
|move|p1a: Brighteous Hope|Recover|p1a: Brighteous Hope
|-heal|p1a: Brighteous Hope|100/100
|
|-weather|Sandstorm|[upkeep]
|-damage|p1a: Brighteous Hope|94/100|[from] Sandstorm
|-damage|p2a: Chansey|82/100|[from] Sandstorm
|upkeep
|turn|93
|
|t:|1670263122
|switch|p1a: Phoenix Emperor|Ho-Oh|57/100
|move|p2a: Chansey|Seismic Toss|p1a: Phoenix Emperor
|-damage|p1a: Phoenix Emperor|33/100
|
|-weather|Sandstorm|[upkeep]
|-damage|p1a: Phoenix Emperor|27/100|[from] Sandstorm
|-damage|p2a: Chansey|76/100|[from] Sandstorm
|upkeep
|turn|94
|
|t:|1670263131
|switch|p1a: Solar Mountain|Necrozma-Dusk-Mane|100/100
|switch|p2a: Tyranitar|Tyranitar, M, shiny|100/100
|
|-weather|Sandstorm|[upkeep]
|upkeep
|turn|95
|
|t:|1670263139
|switch|p2a: Sableye|Sableye-Mega, M, shiny|78/100
|move|p1a: Solar Mountain|Knock Off|p2a: Sableye
|-damage|p2a: Sableye|62/100
|
|-weather|none
|upkeep
|turn|96
|
|t:|1670263147
|switch|p1a: Phoenix Emperor|Ho-Oh|60/100
|move|p2a: Sableye|Recover|p2a: Sableye
|-heal|p2a: Sableye|100/100
|
|upkeep
|turn|97
|
|t:|1670263154
|switch|p1a: Brighteous Hope|Arceus-Fairy|94/100
|switch|p2a: Tyranitar|Tyranitar, M, shiny|100/100
|-weather|Sandstorm|[from] ability: Sand Stream|[of] p2a: Tyranitar
|
|-weather|Sandstorm|[upkeep]
|-damage|p1a: Brighteous Hope|88/100|[from] Sandstorm
|upkeep
|turn|98
|
|t:|1670263165
|switch|p2a: Chansey|Chansey, F, shiny|76/100
|move|p1a: Brighteous Hope|Will-O-Wisp|p2a: Chansey
|-status|p2a: Chansey|brn
|
|-weather|Sandstorm|[upkeep]
|-damage|p1a: Brighteous Hope|82/100|[from] Sandstorm
|-damage|p2a: Chansey|70/100 brn|[from] Sandstorm
|-damage|p2a: Chansey|64/100 brn|[from] brn
|upkeep
|turn|99
|
|t:|1670263176
|switch|p1a: Solar Mountain|Necrozma-Dusk-Mane|100/100
|move|p2a: Chansey|Soft-Boiled|p2a: Chansey
|-heal|p2a: Chansey|100/100 brn
|
|-weather|Sandstorm|[upkeep]
|-damage|p2a: Chansey|94/100 brn|[from] Sandstorm
|-damage|p2a: Chansey|88/100 brn|[from] brn
|upkeep
|turn|100
|
|t:|1670263186
|-curestatus|p2a: Chansey|brn|[from] ability: Natural Cure
|switch|p2a: Sableye|Sableye-Mega, M, shiny|100/100
|move|p1a: Solar Mountain|Knock Off|p2a: Sableye
|-damage|p2a: Sableye|84/100
|
|-weather|Sandstorm|[upkeep]
|-damage|p2a: Sableye|78/100|[from] Sandstorm
|upkeep
|turn|101
|
|t:|1670263195
|move|p1a: Solar Mountain|Sunsteel Strike|p2a: Sableye
|-damage|p2a: Sableye|42/100
|move|p2a: Sableye|Foul Play|p1a: Solar Mountain
|-supereffective|p1a: Solar Mountain
|-damage|p1a: Solar Mountain|63/100
|-damage|p2a: Sableye|26/100|[from] item: Rocky Helmet|[of] p1a: Solar Mountain
|
|-weather|none
|upkeep
|turn|102
|
|t:|1670263205
|switch|p2a: Zygarde|Zygarde, shiny|72/100
|move|p1a: Solar Mountain|Sunsteel Strike|p2a: Zygarde
|-damage|p2a: Zygarde|47/100
|
|-activate|p2a: Zygarde|ability: Power Construct
|detailschange|p2a: Zygarde|Zygarde-Complete, shiny
|-heal|p2a: Zygarde|65/100|[silent]
|upkeep
|turn|103
|
|t:|1670263219
|move|p2a: Zygarde|Glare|p1a: Solar Mountain
|-status|p1a: Solar Mountain|par
|move|p1a: Solar Mountain|Stealth Rock|p2a: Zygarde
|-sidestart|p2: JAY100064|move: Stealth Rock
|
|upkeep
|turn|104
|
|t:|1670263229
|move|p2a: Zygarde|Thousand Arrows|p1a: Solar Mountain
|-supereffective|p1a: Solar Mountain
|-damage|p1a: Solar Mountain|39/100 par
|move|p1a: Solar Mountain|Morning Sun|p1a: Solar Mountain
|-heal|p1a: Solar Mountain|89/100 par
|
|upkeep
|turn|105
|
|t:|1670263238
|switch|p1a: Brighteous Hope|Arceus-Fairy|82/100
|move|p2a: Zygarde|Thousand Arrows|p1a: Brighteous Hope
|-damage|p1a: Brighteous Hope|69/100
|
|upkeep
|turn|106
|j| Xenoghelion
|c|☆Buck is stallish|This lance stall version is shit
|inactive|Buck is stallish has 120 seconds left.
|c|☆Buck is stallish|i mean I would have won even if you’d brought the real deak
|c|☆Buck is stallish|* deal
|c|☆JAY100064|...
|c|☆Buck is stallish|no Gira just makes it so EZ
|inactive|Buck is stallish has 90 seconds left.
|
|t:|1670263301
|switch|p2a: Chansey|Chansey, F, shiny|88/100
|-damage|p2a: Chansey|76/100|[from] Stealth Rock
|move|p1a: Brighteous Hope|Judgment|p2a: Chansey
|-damage|p2a: Chansey|64/100
|
|upkeep
|turn|107
|c|☆JAY100064|I took off gira by mistake
|
|t:|1670263312
|switch|p1a: Phoenix Emperor|Ho-Oh|93/100
|move|p2a: Chansey|Seismic Toss|p1a: Phoenix Emperor
|-damage|p1a: Phoenix Emperor|69/100
|
|upkeep
|turn|108
|inactive|Buck is stallish has 90 seconds left.
|
|t:|1670263323
|switch|p1a: Solar Mountain|Necrozma-Dusk-Mane|89/100 par
|switch|p2a: Tyranitar|Tyranitar, M, shiny|100/100
|-damage|p2a: Tyranitar|88/100|[from] Stealth Rock
|-weather|Sandstorm|[from] ability: Sand Stream|[of] p2a: Tyranitar
|
|-weather|Sandstorm|[upkeep]
|-heal|p2a: Tyranitar|94/100|[from] item: Leftovers
|upkeep
|turn|109
|inactive|JAY100064 has 120 seconds left.
|
|t:|1670263334
|switch|p2a: Zygarde|Zygarde-Complete, shiny|65/100
|-damage|p2a: Zygarde|59/100|[from] Stealth Rock
|move|p1a: Solar Mountain|Sunsteel Strike|p2a: Zygarde
|-damage|p2a: Zygarde|42/100
|
|-weather|Sandstorm|[upkeep]
|upkeep
|turn|110
|inactive|JAY100064 has 120 seconds left.
|
|t:|1670263344
|move|p2a: Zygarde|Rest|p2a: Zygarde
|-status|p2a: Zygarde|slp|[from] move: Rest
|-heal|p2a: Zygarde|100/100 slp|[silent]
|move|p1a: Solar Mountain|Knock Off|p2a: Zygarde
|-damage|p2a: Zygarde|89/100 slp
|-enditem|p2a: Zygarde|Safety Goggles|[from] move: Knock Off|[of] p1a: Solar Mountain
|
|-weather|Sandstorm|[upkeep]
|upkeep
|turn|111
|inactive|JAY100064 has 120 seconds left.
|
|t:|1670263357
|switch|p1a: Brighteous Hope|Arceus-Fairy|69/100
|cant|p2a: Zygarde|slp
|
|-weather|Sandstorm|[upkeep]
|-damage|p1a: Brighteous Hope|62/100|[from] Sandstorm
|upkeep
|turn|112
|inactive|JAY100064 has 120 seconds left.
|
|t:|1670263366
|switch|p1a: Phoenix Emperor|Ho-Oh|100/100
|switch|p2a: Chansey|Chansey, F, shiny|64/100
|-damage|p2a: Chansey|51/100|[from] Stealth Rock
|
|-weather|none
|upkeep
|turn|113
|inactive|JAY100064 has 120 seconds left.
|
|t:|1670263378
|switch|p2a: Tyranitar|Tyranitar, M, shiny|94/100
|-damage|p2a: Tyranitar|82/100|[from] Stealth Rock
|-weather|Sandstorm|[from] ability: Sand Stream|[of] p2a: Tyranitar
|move|p1a: Phoenix Emperor|Brave Bird|p2a: Tyranitar
|-resisted|p2a: Tyranitar
|-damage|p2a: Tyranitar|57/100
|-damage|p1a: Phoenix Emperor|92/100|[from] Recoil
|
|-weather|Sandstorm|[upkeep]
|-damage|p1a: Phoenix Emperor|86/100|[from] Sandstorm
|-heal|p2a: Tyranitar|63/100|[from] item: Leftovers
|upkeep
|turn|114
|
|t:|1670263392
|switch|p1a: Solar Mountain|Necrozma-Dusk-Mane|89/100 par
|move|p2a: Tyranitar|Stealth Rock|p1a: Solar Mountain
|-sidestart|p1: Buck is stallish|move: Stealth Rock
|
|-weather|Sandstorm|[upkeep]
|-heal|p2a: Tyranitar|69/100|[from] item: Leftovers
|upkeep
|turn|115
|
|t:|1670263402
|switch|p2a: Zygarde|Zygarde-Complete, shiny|89/100 slp
|-damage|p2a: Zygarde|83/100 slp|[from] Stealth Rock
|switch|p1a: Brighteous Hope|Arceus-Fairy|62/100
|-damage|p1a: Brighteous Hope|50/100|[from] Stealth Rock
|
|-weather|Sandstorm|[upkeep]
|-damage|p1a: Brighteous Hope|44/100|[from] Sandstorm
|upkeep
|turn|116
|
|t:|1670263413
|switch|p1a: Phoenix Emperor|Ho-Oh|100/100
|switch|p2a: Chansey|Chansey, F, shiny|51/100
|-damage|p2a: Chansey|39/100|[from] Stealth Rock
|
|-weather|Sandstorm|[upkeep]
|-damage|p1a: Phoenix Emperor|94/100|[from] Sandstorm
|-damage|p2a: Chansey|33/100|[from] Sandstorm
|upkeep
|turn|117
|
|t:|1670263425
|switch|p2a: Zygarde|Zygarde-Complete, shiny|83/100 slp
|-damage|p2a: Zygarde|77/100 slp|[from] Stealth Rock
|move|p1a: Phoenix Emperor|Brave Bird|p2a: Zygarde
|-damage|p2a: Zygarde|53/100 slp
|-damage|p1a: Phoenix Emperor|82/100|[from] Recoil
|
|-weather|none
|upkeep
|turn|118
|
|t:|1670263436
|switch|p2a: Tyranitar|Tyranitar, M, shiny|69/100
|-damage|p2a: Tyranitar|57/100|[from] Stealth Rock
|-weather|Sandstorm|[from] ability: Sand Stream|[of] p2a: Tyranitar
|move|p1a: Phoenix Emperor|Brave Bird|p2a: Tyranitar
|-resisted|p2a: Tyranitar
|-damage|p2a: Tyranitar|32/100
|-damage|p1a: Phoenix Emperor|74/100|[from] Recoil
|
|-weather|Sandstorm|[upkeep]
|-damage|p1a: Phoenix Emperor|68/100|[from] Sandstorm
|-heal|p2a: Tyranitar|38/100|[from] item: Leftovers
|upkeep
|turn|119
|inactive|JAY100064 has 90 seconds left.
|
|t:|1670263453
|switch|p1a: Solar Mountain|Necrozma-Dusk-Mane|89/100 par
|-damage|p1a: Solar Mountain|83/100 par|[from] Stealth Rock
|move|p2a: Tyranitar|Rock Blast|p1a: Solar Mountain
|-resisted|p1a: Solar Mountain
|-damage|p1a: Solar Mountain|80/100 par
|-resisted|p1a: Solar Mountain
|-damage|p1a: Solar Mountain|77/100 par
|-hitcount|p1a: Solar Mountain|2
|
|-weather|Sandstorm|[upkeep]
|-heal|p2a: Tyranitar|44/100|[from] item: Leftovers
|upkeep
|turn|120
|inactive|JAY100064 has 90 seconds left.
|
|t:|1670263467
|switch|p2a: Zygarde|Zygarde-Complete, shiny|53/100 slp
|-damage|p2a: Zygarde|47/100 slp|[from] Stealth Rock
|move|p1a: Solar Mountain|Sunsteel Strike|p2a: Zygarde
|-damage|p2a: Zygarde|29/100 slp
|
|-weather|Sandstorm|[upkeep]
|upkeep
|turn|121
|
|t:|1670263479
|switch|p1a: Brighteous Hope|Arceus-Fairy|44/100
|-damage|p1a: Brighteous Hope|32/100|[from] Stealth Rock
|cant|p2a: Zygarde|slp
|
|-weather|Sandstorm|[upkeep]
|-damage|p1a: Brighteous Hope|25/100|[from] Sandstorm
|upkeep
|turn|122
|
|t:|1670263489
|switch|p2a: Chansey|Chansey, F, shiny|33/100
|-damage|p2a: Chansey|20/100|[from] Stealth Rock
|move|p1a: Brighteous Hope|Judgment|p2a: Chansey
|-damage|p2a: Chansey|8/100
|
|-weather|none
|upkeep
|turn|123
|
|t:|1670263498
|switch|p2a: Lugia|Lugia, shiny|100/100
|move|p1a: Brighteous Hope|Judgment|p2a: Lugia
|-crit|p2a: Lugia
|-damage|p2a: Lugia|81/100
|
|upkeep
|turn|124
|c|☆Buck is stallish|Gg
|inactive|Buck is stallish has 120 seconds left.
|
|t:|1670263507
|move|p1a: Brighteous Hope|Will-O-Wisp|p2a: Lugia
|-status|p2a: Lugia|brn
|move|p2a: Lugia|Roost|p2a: Lugia
|-heal|p2a: Lugia|100/100 brn
|-singleturn|p2a: Lugia|move: Roost
|
|-damage|p2a: Lugia|94/100 brn|[from] brn
|upkeep
|turn|125
|inactive|Buck is stallish has 120 seconds left.
|
|t:|1670263522
|switch|p1a: Solar Mountain|Necrozma-Dusk-Mane|77/100 par
|-damage|p1a: Solar Mountain|71/100 par|[from] Stealth Rock
|move|p2a: Lugia|Reflect|p2a: Lugia
|-sidestart|p2: JAY100064|Reflect
|
|-damage|p2a: Lugia|88/100 brn|[from] brn
|upkeep
|turn|126
|inactive|Buck is stallish has 120 seconds left.
|
|t:|1670263532
|switch|p2a: Zygarde|Zygarde-Complete, shiny|29/100 slp
|-damage|p2a: Zygarde|23/100 slp|[from] Stealth Rock
|switch|p1a: Brighteous Hope|Arceus-Fairy|25/100
|-damage|p1a: Brighteous Hope|13/100|[from] Stealth Rock
|
|upkeep
|turn|127
|
|t:|1670263542
|switch|p2a: Lugia|Lugia, shiny|88/100 brn
|move|p1a: Brighteous Hope|Judgment|p2a: Lugia
|-damage|p2a: Lugia|60/100 brn
|
|-damage|p2a: Lugia|53/100 brn|[from] brn
|upkeep
|turn|128
|
|t:|1670263551
|move|p1a: Brighteous Hope|Recover|p1a: Brighteous Hope
|-heal|p1a: Brighteous Hope|63/100
|move|p2a: Lugia|Ice Beam|p1a: Brighteous Hope
|-damage|p1a: Brighteous Hope|50/100
|
|-damage|p2a: Lugia|47/100 brn|[from] brn
|upkeep
|turn|129
|inactive|Buck is stallish has 120 seconds left.
|
|t:|1670263559
|switch|p1a: Phoenix Emperor|Ho-Oh|100/100
|move|p2a: Lugia|Roost|p2a: Lugia
|-heal|p2a: Lugia|97/100 brn
|-singleturn|p2a: Lugia|move: Roost
|
|-damage|p2a: Lugia|91/100 brn|[from] brn
|-sideend|p2: JAY100064|Reflect
|upkeep
|turn|130
|
|t:|1670263569
|switch|p1a: Solar Mountain|Necrozma-Dusk-Mane|71/100 par
|-damage|p1a: Solar Mountain|65/100 par|[from] Stealth Rock
|move|p2a: Lugia|Ice Beam|p1a: Solar Mountain
|-resisted|p1a: Solar Mountain
|-damage|p1a: Solar Mountain|58/100 par
|
|-damage|p2a: Lugia|85/100 brn|[from] brn
|upkeep
|turn|131
|
|t:|1670263581
|switch|p2a: Quagsire|Quagsire, M, shiny|100/100
|-damage|p2a: Quagsire|94/100|[from] Stealth Rock
|switch|p1a: Brighteous Hope|Arceus-Fairy|50/100
|-damage|p1a: Brighteous Hope|38/100|[from] Stealth Rock
|
|upkeep
|turn|132
|
|t:|1670263590
|switch|p1a: Phoenix Emperor|Ho-Oh|100/100
|move|p2a: Quagsire|Toxic|p1a: Phoenix Emperor
|-status|p1a: Phoenix Emperor|tox
|
|-damage|p1a: Phoenix Emperor|94/100 tox|[from] psn
|upkeep
|turn|133
|
|t:|1670263599
|switch|p1a: Bipolar Degenerate|Chansey, F|86/100
|-damage|p1a: Bipolar Degenerate|74/100|[from] Stealth Rock
|switch|p2a: Tyranitar|Tyranitar, M, shiny|44/100
|-damage|p2a: Tyranitar|32/100|[from] Stealth Rock
|-weather|Sandstorm|[from] ability: Sand Stream|[of] p2a: Tyranitar
|
|-weather|Sandstorm|[upkeep]
|-damage|p1a: Bipolar Degenerate|68/100|[from] Sandstorm
|-heal|p2a: Tyranitar|38/100|[from] item: Leftovers
|upkeep
|turn|134
|
|t:|1670263612
|move|p1a: Bipolar Degenerate|Heal Bell|p1a: Bipolar Degenerate
|-activate|p1a: Bipolar Degenerate|move: Heal Bell
|-curestatus|p1: Solar Mountain|par|[msg]
|-curestatus|p1: Phoenix Emperor|tox|[msg]
|-curestatus|p1: Dragon Guardian|slp|[msg]
|move|p2a: Tyranitar|Pursuit|p1a: Bipolar Degenerate
|-damage|p1a: Bipolar Degenerate|51/100
|
|-weather|Sandstorm|[upkeep]
|-damage|p1a: Bipolar Degenerate|45/100|[from] Sandstorm
|-heal|p2a: Tyranitar|44/100|[from] item: Leftovers
|upkeep
|turn|135
|inactive|JAY100064 has 60 seconds left.
|inactive|Buck is stallish has 120 seconds left.
|
|t:|1670263629
|-start|p2a: Tyranitar|Dynamax|
|-heal|p2a: Tyranitar|44/100|[silent]
|move|p1a: Bipolar Degenerate|Soft-Boiled|p1a: Bipolar Degenerate
|-heal|p1a: Bipolar Degenerate|95/100
|move|p2a: Tyranitar|Max Rockfall|p1a: Bipolar Degenerate
|-damage|p1a: Bipolar Degenerate|39/100
|
|-weather|Sandstorm|[upkeep]
|-damage|p1a: Bipolar Degenerate|32/100|[from] Sandstorm
|-heal|p2a: Tyranitar|47/100|[from] item: Leftovers
|upkeep
|turn|136
|j| GamingAori
|inactive|Buck is stallish has 120 seconds left.
|inactive|JAY100064 has 60 seconds left.
|
|t:|1670263644
|switch|p1a: Dragon Guardian|Zygarde-Complete|90/100
|-damage|p1a: Dragon Guardian|84/100|[from] Stealth Rock
|move|p2a: Tyranitar|Max Darkness|p1a: Dragon Guardian
|-damage|p1a: Dragon Guardian|71/100
|-unboost|p1a: Dragon Guardian|spd|1
|
|-weather|Sandstorm|[upkeep]
|-heal|p2a: Tyranitar|50/100|[from] item: Leftovers
|upkeep
|turn|137
|inactive|Buck is stallish has 120 seconds left.
|
|t:|1670263657
|move|p1a: Dragon Guardian|Thousand Arrows|p2a: Tyranitar
|-supereffective|p2a: Tyranitar
|-damage|p2a: Tyranitar|25/100
|move|p2a: Tyranitar|Max Darkness|p1a: Dragon Guardian
|-damage|p1a: Dragon Guardian|57/100
|-unboost|p1a: Dragon Guardian|spd|1
|
|-weather|none
|-heal|p2a: Tyranitar|28/100|[from] item: Leftovers
|upkeep
|-end|p2a: Tyranitar|Dynamax
|-heal|p2a: Tyranitar|28/100|[silent]
|turn|138
|inactive|Buck is stallish has 120 seconds left.
|
|t:|1670263672
|switch|p2a: Zygarde|Zygarde-Complete, shiny|23/100 slp
|-damage|p2a: Zygarde|17/100 slp|[from] Stealth Rock
|move|p1a: Dragon Guardian|Thousand Arrows|p2a: Zygarde
|-crit|p2a: Zygarde
|-damage|p2a: Zygarde|2/100 slp
|
|upkeep
|turn|139
|
|t:|1670263680
|move|p1a: Dragon Guardian|Thousand Arrows|p2a: Zygarde
|-damage|p2a: Zygarde|0 fnt
|faint|p2a: Zygarde
|
|upkeep
|
|t:|1670263685
|switch|p2a: Quagsire|Quagsire, M, shiny|94/100
|-damage|p2a: Quagsire|88/100|[from] Stealth Rock
|turn|140
|
|t:|1670263693
|move|p1a: Dragon Guardian|Glare|p2a: Quagsire
|-status|p2a: Quagsire|par
|move|p2a: Quagsire|Scald|p1a: Dragon Guardian
|-damage|p1a: Dragon Guardian|47/100
|
|upkeep
|turn|141
|
|t:|1670263701
|move|p1a: Dragon Guardian|Rest|p1a: Dragon Guardian
|-status|p1a: Dragon Guardian|slp|[from] move: Rest
|-heal|p1a: Dragon Guardian|100/100 slp|[silent]
|move|p2a: Quagsire|Toxic||[still]
|-fail|p2a: Quagsire
|
|upkeep
|turn|142
|
|t:|1670263710
|switch|p1a: Phoenix Emperor|Ho-Oh|100/100
|switch|p2a: Chansey|Chansey, F, shiny|8/100
|-damage|p2a: Chansey|0 fnt|[from] Stealth Rock
|faint|p2a: Chansey
|
|upkeep
|
|t:|1670263718
|switch|p2a: Sableye|Sableye-Mega, M, shiny|26/100
|-damage|p2a: Sableye|13/100|[from] Stealth Rock
|turn|143
|
|t:|1670263723
|move|p2a: Sableye|Protect|p2a: Sableye
|-singleturn|p2a: Sableye|Protect
|move|p1a: Phoenix Emperor|Brave Bird|p2a: Sableye
|-activate|p2a: Sableye|move: Protect
|
|upkeep
|turn|144
|
|t:|1670263730
|switch|p2a: Lugia|Lugia, shiny|85/100 brn
|move|p1a: Phoenix Emperor|Brave Bird|p2a: Lugia
|-damage|p2a: Lugia|53/100 brn
|-damage|p1a: Phoenix Emperor|90/100|[from] Recoil
|
|-damage|p2a: Lugia|46/100 brn|[from] brn
|upkeep
|turn|145
|
|t:|1670263742
|move|p2a: Lugia|Roost|p2a: Lugia
|-heal|p2a: Lugia|96/100 brn
|-singleturn|p2a: Lugia|move: Roost
|move|p1a: Phoenix Emperor|Brave Bird|p2a: Lugia
|-damage|p2a: Lugia|64/100 brn
|-damage|p1a: Phoenix Emperor|79/100|[from] Recoil
|
|-damage|p2a: Lugia|58/100 brn|[from] brn
|upkeep
|turn|146
|j| XRejosYTX
|inactive|JAY100064 has 30 seconds left.
|
|t:|1670263752
|switch|p1a: Solar Mountain|Necrozma-Dusk-Mane|58/100
|-damage|p1a: Solar Mountain|52/100|[from] Stealth Rock
|move|p2a: Lugia|Roost|p2a: Lugia
|-heal|p2a: Lugia|100/100 brn
|-singleturn|p2a: Lugia|move: Roost
|
|-damage|p2a: Lugia|94/100 brn|[from] brn
|upkeep
|turn|147
|inactive|JAY100064 has 30 seconds left.
|
|t:|1670263763
|switch|p2a: Sableye|Sableye-Mega, M, shiny|13/100
|-damage|p2a: Sableye|1/100|[from] Stealth Rock
|move|p1a: Solar Mountain|Knock Off|p2a: Sableye
|-damage|p2a: Sableye|0 fnt
|faint|p2a: Sableye
|
|upkeep
|inactive|JAY100064 has 30 seconds left this turn.
|
|t:|1670263771
|switch|p2a: Quagsire|Quagsire, M, shiny|88/100 par
|-damage|p2a: Quagsire|82/100 par|[from] Stealth Rock
|turn|148
|inactive|JAY100064 has 30 seconds left this turn.
|
|t:|1670263775
|move|p1a: Solar Mountain|Knock Off|p2a: Quagsire
|-damage|p2a: Quagsire|60/100 par
|-damage|p1a: Solar Mountain|35/100|[from] item: Rocky Helmet|[of] p2a: Quagsire
|-enditem|p2a: Quagsire|Rocky Helmet|[from] move: Knock Off|[of] p1a: Solar Mountain
|cant|p2a: Quagsire|par
|
|upkeep
|turn|149
|inactive|JAY100064 has 30 seconds left.
|
|t:|1670263783
|move|p1a: Solar Mountain|Morning Sun|p1a: Solar Mountain
|-heal|p1a: Solar Mountain|85/100
|move|p2a: Quagsire|Scald|p1a: Solar Mountain
|-damage|p1a: Solar Mountain|69/100
|
|upkeep
|turn|150
|inactive|JAY100064 has 30 seconds left.
|
|t:|1670263791
|switch|p1a: Phoenix Emperor|Ho-Oh|100/100
|move|p2a: Quagsire|Toxic|p1a: Phoenix Emperor
|-status|p1a: Phoenix Emperor|tox
|
|-damage|p1a: Phoenix Emperor|94/100 tox|[from] psn
|upkeep
|turn|151
|inactive|JAY100064 has 30 seconds left.
|c|☆Buck is stallish|Could u hurry instead of timer stalling
|c|☆Buck is stallish|noy much u can do anyw
|
|t:|1670263821
|move|p1a: Phoenix Emperor|Brave Bird|p2a: Quagsire
|-damage|p2a: Quagsire|10/100 par
|-damage|p1a: Phoenix Emperor|79/100 tox|[from] Recoil
|move|p2a: Quagsire|Recover|p2a: Quagsire
|-heal|p2a: Quagsire|60/100 par
|
|-damage|p1a: Phoenix Emperor|67/100 tox|[from] psn
|upkeep
|turn|152
|c| XRejosYTX|WHAT THE HECK IS GOING ON?
|inactive|JAY100064 has 30 seconds left.
|
|t:|1670263830
|switch|p1a: Dragon Guardian|Zygarde-Complete|100/100 slp
|-damage|p1a: Dragon Guardian|94/100 slp|[from] Stealth Rock
|move|p2a: Quagsire|Recover|p2a: Quagsire
|-heal|p2a: Quagsire|100/100 par
|
|upkeep
|turn|153
|inactive|JAY100064 has 30 seconds left.
|c| Shockwave79|stall vs stall tournament battle
|
|t:|1670263837
|switch|p1a: Phoenix Emperor|Ho-Oh|99/100 tox
|move|p2a: Quagsire|Scald|p1a: Phoenix Emperor
|-supereffective|p1a: Phoenix Emperor
|-damage|p1a: Phoenix Emperor|76/100 tox
|
|-damage|p1a: Phoenix Emperor|70/100 tox|[from] psn
|upkeep
|turn|154
|inactive|JAY100064 has 30 seconds left.
|c|☆Buck is stallish|I do not use stall pal
|inactive|Buck is stallish has 120 seconds left.
|c|☆Buck is stallish|its semistakl
|c| Shockwave79|semistall sorry
|
|t:|1670263862
|switch|p1a: Dragon Guardian|Zygarde-Complete|94/100 slp
|-damage|p1a: Dragon Guardian|88/100 slp|[from] Stealth Rock
|move|p2a: Quagsire|Recover||[still]
|-fail|p2a: Quagsire|heal
|
|upkeep
|turn|155
|c| XRejosYTX|Oh.
|inactive|JAY100064 has 30 seconds left.
|
|t:|1670263869
|switch|p1a: Phoenix Emperor|Ho-Oh|100/100 tox
|move|p2a: Quagsire|Scald|p1a: Phoenix Emperor
|-supereffective|p1a: Phoenix Emperor
|-damage|p1a: Phoenix Emperor|78/100 tox
|
|-damage|p1a: Phoenix Emperor|72/100 tox|[from] psn
|upkeep
|turn|156
|inactive|Buck is stallish has 120 seconds left.
|inactive|JAY100064 has 30 seconds left.
|
|t:|1670263878
|switch|p1a: Brighteous Hope|Arceus-Fairy|38/100
|-damage|p1a: Brighteous Hope|25/100|[from] Stealth Rock
|cant|p2a: Quagsire|par
|
|upkeep
|turn|157
|inactive|Buck is stallish has 120 seconds left.
|inactive|JAY100064 has 30 seconds left.
|
|t:|1670263885
|switch|p2a: Lugia|Lugia, shiny|94/100 brn
|move|p1a: Brighteous Hope|Judgment|p2a: Lugia
|-damage|p2a: Lugia|67/100 brn
|
|-damage|p2a: Lugia|61/100 brn|[from] brn
|upkeep
|turn|158
|j| JaredGaming824
|inactive|JAY100064 has 30 seconds left.
|
|t:|1670263895
|move|p1a: Brighteous Hope|Recover|p1a: Brighteous Hope
|-heal|p1a: Brighteous Hope|75/100
|move|p2a: Lugia|Roost|p2a: Lugia
|-heal|p2a: Lugia|100/100 brn
|-singleturn|p2a: Lugia|move: Roost
|
|-damage|p2a: Lugia|94/100 brn|[from] brn
|upkeep
|turn|159
|inactive|JAY100064 has 30 seconds left.
|
|t:|1670263904
|switch|p1a: Solar Mountain|Necrozma-Dusk-Mane|69/100
|-damage|p1a: Solar Mountain|63/100|[from] Stealth Rock
|move|p2a: Lugia|Reflect|p2a: Lugia
|-sidestart|p2: JAY100064|Reflect
|
|-damage|p2a: Lugia|88/100 brn|[from] brn
|upkeep
|turn|160
|inactive|JAY100064 has 30 seconds left.
|
|t:|1670263913
|switch|p2a: Quagsire|Quagsire, M, shiny|100/100 par
|-damage|p2a: Quagsire|94/100 par|[from] Stealth Rock
|move|p1a: Solar Mountain|Knock Off|p2a: Quagsire
|-crit|p2a: Quagsire
|-damage|p2a: Quagsire|70/100 par
|
|upkeep
|turn|161
|inactive|JAY100064 has 30 seconds left.
|
|t:|1670263921
|switch|p1a: Bipolar Degenerate|Chansey, F|32/100
|-damage|p1a: Bipolar Degenerate|20/100|[from] Stealth Rock
|move|p2a: Quagsire|Recover|p2a: Quagsire
|-heal|p2a: Quagsire|100/100 par
|
|upkeep
|turn|162
|inactive|JAY100064 has 30 seconds left.
|
|t:|1670263928
|switch|p2a: Tyranitar|Tyranitar, M, shiny|28/100
|-damage|p2a: Tyranitar|15/100|[from] Stealth Rock
|-weather|Sandstorm|[from] ability: Sand Stream|[of] p2a: Tyranitar
|move|p1a: Bipolar Degenerate|Seismic Toss|p2a: Tyranitar
|-damage|p2a: Tyranitar|0 fnt
|faint|p2a: Tyranitar
|
|-weather|Sandstorm|[upkeep]
|-damage|p1a: Bipolar Degenerate|14/100|[from] Sandstorm
|upkeep
|inactive|JAY100064 has 30 seconds left.
|
|t:|1670263941
|switch|p2a: Quagsire|Quagsire, M, shiny|100/100 par
|-damage|p2a: Quagsire|94/100 par|[from] Stealth Rock
|turn|163
|inactive|JAY100064 has 30 seconds left this turn.
|
|t:|1670263945
|move|p1a: Bipolar Degenerate|Soft-Boiled|p1a: Bipolar Degenerate
|-heal|p1a: Bipolar Degenerate|64/100
|cant|p2a: Quagsire|par
|
|-weather|Sandstorm|[upkeep]
|-damage|p1a: Bipolar Degenerate|58/100|[from] Sandstorm
|-sideend|p2: JAY100064|Reflect
|upkeep
|turn|164
|inactive|JAY100064 has 30 seconds left.
|
|t:|1670263953
|move|p1a: Bipolar Degenerate|Heal Bell|p1a: Bipolar Degenerate
|-activate|p1a: Bipolar Degenerate|move: Heal Bell
|-curestatus|p1: Dragon Guardian|slp|[msg]
|-curestatus|p1: Phoenix Emperor|tox|[msg]
|cant|p2a: Quagsire|par
|
|-weather|Sandstorm|[upkeep]
|-damage|p1a: Bipolar Degenerate|52/100|[from] Sandstorm
|upkeep
|turn|165
|c|☆Buck is stallish|Can u ff now?
|inactive|JAY100064 has 30 seconds left.
|
|t:|1670263963
|move|p1a: Bipolar Degenerate|Soft-Boiled|p1a: Bipolar Degenerate
|-heal|p1a: Bipolar Degenerate|100/100
|move|p2a: Quagsire|Scald|p1a: Bipolar Degenerate
|-damage|p1a: Bipolar Degenerate|96/100
|
|-weather|Sandstorm|[upkeep]
|-damage|p1a: Bipolar Degenerate|90/100|[from] Sandstorm
|upkeep
|turn|166
|inactive|JAY100064 has 30 seconds left.
|
|t:|1670263972
|move|p1a: Bipolar Degenerate|Seismic Toss|p2a: Quagsire
|-damage|p2a: Quagsire|69/100 par
|move|p2a: Quagsire|Scald|p1a: Bipolar Degenerate
|-damage|p1a: Bipolar Degenerate|85/100
|-status|p1a: Bipolar Degenerate|brn
|
|-weather|none
|-damage|p1a: Bipolar Degenerate|79/100 brn|[from] brn
|upkeep
|turn|167
|inactive|JAY100064 has 30 seconds left.
|
|t:|1670263982
|-curestatus|p1a: Bipolar Degenerate|brn|[from] ability: Natural Cure
|switch|p1a: Phoenix Emperor|Ho-Oh|100/100
|move|p2a: Quagsire|Recover|p2a: Quagsire
|-heal|p2a: Quagsire|100/100 par
|
|upkeep
|turn|168
|inactive|JAY100064 has 30 seconds left this turn.
|
|t:|1670263991
|move|p1a: Phoenix Emperor|Brave Bird|p2a: Quagsire
|-damage|p2a: Quagsire|56/100 par
|-damage|p1a: Phoenix Emperor|86/100|[from] Recoil
|move|p2a: Quagsire|Toxic|p1a: Phoenix Emperor
|-status|p1a: Phoenix Emperor|tox
|
|-damage|p1a: Phoenix Emperor|80/100 tox|[from] psn
|upkeep
|turn|169
|inactive|JAY100064 has 30 seconds left this turn.
|
|t:|1670264000
|-start|p1a: Phoenix Emperor|Dynamax|
|-heal|p1a: Phoenix Emperor|80/100 tox|[silent]
|move|p1a: Phoenix Emperor|Max Airstream|p2a: Quagsire
|-damage|p2a: Quagsire|0 fnt
|-boost|p1a: Phoenix Emperor|spe|1
|faint|p2a: Quagsire
|
|-damage|p1a: Phoenix Emperor|74/100 tox|[from] psn
|upkeep
|inactive|JAY100064 has 30 seconds left this turn.
|inactive|JAY100064 has 20 seconds left.
|
|t:|1670264012
|switch|p2a: Lugia|Lugia, shiny|88/100 brn
|turn|170
|inactive|JAY100064 has 25 seconds left this turn.
|
|t:|1670264017
|move|p1a: Phoenix Emperor|Max Flare|p2a: Lugia
|-damage|p2a: Lugia|51/100 brn
|-weather|SunnyDay
|move|p2a: Lugia|Reflect|p2a: Lugia
|-sidestart|p2: JAY100064|Reflect
|
|-weather|SunnyDay|[upkeep]
|-damage|p1a: Phoenix Emperor|65/100 tox|[from] psn
|-damage|p2a: Lugia|45/100 brn|[from] brn
|upkeep
|turn|171
|inactive|JAY100064 has 30 seconds left this turn.
|
|t:|1670264027
|move|p1a: Phoenix Emperor|Max Flare|p2a: Lugia
|-damage|p2a: Lugia|17/100 brn
|move|p2a: Lugia|Roost|p2a: Lugia
|-heal|p2a: Lugia|67/100 brn
|-singleturn|p2a: Lugia|move: Roost
|
|-weather|SunnyDay|[upkeep]
|-damage|p1a: Phoenix Emperor|53/100 tox|[from] psn
|-damage|p2a: Lugia|61/100 brn|[from] brn
|upkeep
|-end|p1a: Phoenix Emperor|Dynamax
|-heal|p1a: Phoenix Emperor|53/100 tox|[silent]
|turn|172
|inactive|JAY100064 has 30 seconds left this turn.
|inactive|JAY100064 has 20 seconds left.
|
|t:|1670264042
|switch|p1a: Solar Mountain|Necrozma-Dusk-Mane|63/100
|-damage|p1a: Solar Mountain|57/100|[from] Stealth Rock
|move|p2a: Lugia|Roost|p2a: Lugia
|-heal|p2a: Lugia|100/100 brn
|-singleturn|p2a: Lugia|move: Roost
|
|-weather|SunnyDay|[upkeep]
|-damage|p2a: Lugia|94/100 brn|[from] brn
|upkeep
|turn|173
|inactive|JAY100064 has 25 seconds left this turn.
|inactive|JAY100064 has 20 seconds left.
|inactive|JAY100064 has 15 seconds left.
|
|t:|1670264053
|move|p1a: Solar Mountain|Stealth Rock||[still]
|-fail|p1a: Solar Mountain
|move|p2a: Lugia|Whirlwind|p1a: Solar Mountain
|drag|p1a: Phoenix Emperor|Ho-Oh|86/100 tox
|
|-weather|SunnyDay|[upkeep]
|-damage|p1a: Phoenix Emperor|80/100 tox|[from] psn
|-damage|p2a: Lugia|88/100 brn|[from] brn
|upkeep
|turn|174
|inactive|JAY100064 has 20 seconds left this turn.
|inactive|JAY100064 has 15 seconds left.
|inactive|JAY100064 has 10 seconds left.
|
|t:|1670264063
|move|p2a: Lugia|Ice Beam|p1a: Phoenix Emperor
|-damage|p1a: Phoenix Emperor|69/100 tox
|move|p1a: Phoenix Emperor|Defog|p2a: Lugia
|-unboost|p2a: Lugia|evasion|1
|-sideend|p2: JAY100064|Reflect
|-sideend|p2: JAY100064|Stealth Rock|[from] move: Defog|[of] p1a: Phoenix Emperor
|-sideend|p1: Buck is stallish|Stealth Rock|[from] move: Defog|[of] p1a: Phoenix Emperor
|
|-weather|none
|-damage|p1a: Phoenix Emperor|57/100 tox|[from] psn
|-damage|p2a: Lugia|82/100 brn|[from] brn
|upkeep
|turn|175
|inactive|JAY100064 has 15 seconds left this turn.
|inactive|JAY100064 has 10 seconds left.
|inactive|JAY100064 has 5 seconds left.
|
|t:|1670264074
|switch|p1a: Bipolar Degenerate|Chansey, F|79/100
|move|p2a: Lugia|Reflect|p2a: Lugia
|-sidestart|p2: JAY100064|Reflect
|
|-damage|p2a: Lugia|75/100 brn|[from] brn
|upkeep
|turn|176
|inactive|JAY100064 has 10 seconds left this turn.
|inactive|JAY100064 has 5 seconds left.
|c| Shockwave79|yeah not seeing a win here, this is just switch between dusk-mane and chansey over and over until PP gon
|-message|JAY100064 lost due to inactivity.
|
|win|Buck is stallish
|n|☆Buck is stallish|buckisstallish
|n|☆JAY100064|jay100064
|n| Shockwave79|shockwave79
|n| Xenoghelion|xenoghelion
|n| GamingAori|gamingaori
|n| XRejosYTX|xrejosytx
|n| JaredGaming824|jaredgaming824
|l| Xenoghelion
