|j|☆alt1445645
|j|☆Diancie_hhh
|t:|1661835489
|gametype|singles
|player|p1|alt1445645|266|1876
|player|p2|Diancie_hhh|marnie|1766
|teamsize|p1|6
|teamsize|p2|6
|gen|8
|tier|[Gen 8] National Dex AG
|rated|
|rule|HP Percentage Mod: HP is shown in percentages
|rule|Endless Battle Clause: Forcing endless battles is banned
|clearpoke
|poke|p1|Arceus-*|
|poke|p1|Groudon|
|poke|p1|Zacian-*|
|poke|p1|Rayquaza|
|poke|p1|Calyrex-Shadow|
|poke|p1|Yveltal|
|poke|p2|Arceus-*|
|poke|p2|Zacian-*|
|poke|p2|Groudon|
|poke|p2|Ho-Oh|
|poke|p2|Zygarde|
|poke|p2|Weavile, F|
|teampreview
|
|t:|1661835508
|start
|switch|p1a: Zacian|Zacian-Crowned|100/100
|switch|p2a: Zygarde|Zygarde, shiny|100/100
|-ability|p1a: Zacian|Intrepid Sword|boost
|-boost|p1a: Zacian|atk|1
|turn|1
|
|t:|1661835515
|switch|p2a: Ho-Oh|Ho-Oh|100/100
|move|p1a: Zacian|Play Rough|p2a: Ho-Oh
|-resisted|p2a: Ho-Oh
|-damage|p2a: Ho-Oh|57/100
|
|upkeep
|turn|2
|
|t:|1661835521
|switch|p2a: 大地之神|Groudon, shiny|100/100
|detailschange|p2a: 大地之神|Groudon-Primal, shiny
|-primal|p2a: 大地之神
|-weather|DesolateLand|[from] ability: Desolate Land|[of] p2a: 大地之神
|move|p1a: Zacian|Wild Charge|p2a: 大地之神
|-immune|p2a: 大地之神
|
|-weather|DesolateLand|[upkeep]
|upkeep
|turn|3
|
|t:|1661835535
|switch|p1a: Yveltal|Yveltal|100/100
|-ability|p1a: Yveltal|Dark Aura
|move|p2a: 大地之神|Stealth Rock|p1a: Yveltal
|-sidestart|p1: alt1445645|move: Stealth Rock
|
|-weather|DesolateLand|[upkeep]
|upkeep
|turn|4
|
|t:|1661835540
|-start|p1a: Yveltal|Dynamax|
|-heal|p1a: Yveltal|100/100|[silent]
|move|p1a: Yveltal|Max Airstream|p2a: 大地之神
|-damage|p2a: 大地之神|15/100
|-boost|p1a: Yveltal|spe|1
|-damage|p1a: Yveltal|96/100|[from] item: Life Orb
|move|p2a: 大地之神|Fire Punch|p1a: Yveltal
|-damage|p1a: Yveltal|53/100
|
|-weather|DesolateLand|[upkeep]
|upkeep
|turn|5
|
|t:|1661835551
|move|p1a: Yveltal|Max Darkness|p2a: 大地之神
|-damage|p2a: 大地之神|0 fnt
|faint|p2a: 大地之神
|-weather|none
|-damage|p1a: Yveltal|48/100|[from] item: Life Orb
|
|upkeep
|
|t:|1661835560
|switch|p2a: Zygarde|Zygarde, shiny|100/100
|turn|6
|
|t:|1661835562
|move|p1a: Yveltal|Max Darkness|p2a: Zygarde
|-damage|p2a: Zygarde|8/100
|-unboost|p2a: Zygarde|spd|1
|-damage|p1a: Yveltal|43/100|[from] item: Life Orb
|move|p2a: Zygarde|Glare|p1a: Yveltal
|-status|p1a: Yveltal|par
|
|-activate|p2a: Zygarde|ability: Power Construct
|detailschange|p2a: Zygarde|Zygarde-Complete, shiny
|-heal|p2a: Zygarde|40/100|[silent]
|upkeep
|-end|p1a: Yveltal|Dynamax
|-heal|p1a: Yveltal|43/100 par|[silent]
|turn|7
|
|t:|1661835570
|switch|p2a: Ho-Oh|Ho-Oh|90/100
|move|p1a: Yveltal|Oblivion Wing|p2a: Ho-Oh
|-damage|p2a: Ho-Oh|60/100
|-heal|p1a: Yveltal|65/100 par|[from] drain|[of] p2a: Ho-Oh
|-damage|p1a: Yveltal|55/100 par|[from] item: Life Orb
|
|upkeep
|turn|8
|
|t:|1661835579
|move|p2a: Ho-Oh|Sacred Fire|p1a: Yveltal
|-damage|p1a: Yveltal|8/100 par
|move|p1a: Yveltal|Oblivion Wing|p2a: Ho-Oh
|-damage|p2a: Ho-Oh|31/100
|-heal|p1a: Yveltal|29/100 par|[from] drain|[of] p2a: Ho-Oh
|-damage|p1a: Yveltal|19/100 par|[from] item: Life Orb
|
|upkeep
|turn|9
|
|t:|1661835588
|move|p1a: Yveltal|Sucker Punch||[still]
|-fail|p1a: Yveltal
|move|p2a: Ho-Oh|Roost|p2a: Ho-Oh
|-heal|p2a: Ho-Oh|81/100
|-singleturn|p2a: Ho-Oh|move: Roost
|
|upkeep
|turn|10
|
|t:|1661835591
|move|p1a: Yveltal|Sucker Punch|p2a: Ho-Oh
|-crit|p2a: Ho-Oh
|-damage|p2a: Ho-Oh|0 fnt
|faint|p2a: Ho-Oh
|-damage|p1a: Yveltal|9/100 par|[from] item: Life Orb
|
|upkeep
|c|☆alt1445645|zamn
|
|t:|1661835606
|switch|p2a: Arceus|Arceus, shiny|100/100
|turn|11
|
|t:|1661835609
|move|p2a: Arceus|Swords Dance|p2a: Arceus
|-boost|p2a: Arceus|atk|2
|move|p1a: Yveltal|Dark Pulse|p2a: Arceus
|-damage|p2a: Arceus|39/100
|-damage|p1a: Yveltal|0 fnt|[from] item: Life Orb
|faint|p1a: Yveltal
|
|upkeep
|
|t:|1661835618
|switch|p1a: Groudon|Groudon|100/100
|-damage|p1a: Groudon|94/100|[from] Stealth Rock
|detailschange|p1a: Groudon|Groudon-Primal
|-primal|p1a: Groudon
|-weather|DesolateLand|[from] ability: Desolate Land|[of] p1a: Groudon
|turn|12
|
|t:|1661835626
|-start|p2a: Arceus|Dynamax|
|-heal|p2a: Arceus|39/100|[silent]
|move|p2a: Arceus|Max Airstream|p1a: Groudon
|-damage|p1a: Groudon|44/100
|-boost|p2a: Arceus|spe|1
|-damage|p2a: Arceus|34/100|[from] item: Life Orb
|move|p1a: Groudon|Precipice Blades|p2a: Arceus|[miss]
|-miss|p1a: Groudon|p2a: Arceus
|
|-weather|DesolateLand|[upkeep]
|upkeep
|turn|13
|c|☆alt1445645|zamn
|
|t:|1661835639
|move|p2a: Arceus|Max Strike|p1a: Groudon
|-damage|p1a: Groudon|0 fnt
|faint|p1a: Groudon
|-weather|none
|-damage|p2a: Arceus|29/100|[from] item: Life Orb
|
|upkeep
|
|t:|1661835643
|switch|p1a: Arceus|Arceus|100/100
|-damage|p1a: Arceus|88/100|[from] Stealth Rock
|turn|14
|
|t:|1661835649
|move|p1a: Arceus|Extreme Speed|p2a: Arceus
|-damage|p2a: Arceus|15/100
|move|p2a: Arceus|Max Strike|p1a: Arceus
|-damage|p1a: Arceus|0 fnt
|faint|p1a: Arceus
|-damage|p2a: Arceus|10/100|[from] item: Life Orb
|
|upkeep
|
|t:|1661835654
|switch|p1a: Zacian|Zacian-Crowned|100/100
|-damage|p1a: Zacian|94/100|[from] Stealth Rock
|-ability|p1a: Zacian|Intrepid Sword|boost
|-boost|p1a: Zacian|atk|1
|-end|p2a: Arceus|Dynamax
|-heal|p2a: Arceus|10/100|[silent]
|turn|15
|
|t:|1661835658
|move|p2a: Arceus|Extreme Speed|p1a: Zacian
|-resisted|p1a: Zacian
|-damage|p1a: Zacian|45/100
|-damage|p2a: Arceus|0 fnt|[from] item: Life Orb
|faint|p2a: Arceus
|move|p1a: Zacian|Behemoth Blade|p2: Arceus|[notarget]
|-fail|p1a: Zacian
|
|upkeep
|
|t:|1661835668
|switch|p2a: Zacian|Zacian-Crowned|100/100
|-ability|p2a: Zacian|Intrepid Sword|boost
|-boost|p2a: Zacian|atk|1
|turn|16
|
|t:|1661835670
|move|p1a: Zacian|Behemoth Blade|p2a: Zacian
|-damage|p2a: Zacian|18/100
|move|p2a: Zacian|Behemoth Blade|p1a: Zacian
|-damage|p1a: Zacian|0 fnt
|faint|p1a: Zacian
|
|upkeep
|
|t:|1661835673
|switch|p1a: Calyrex|Calyrex-Shadow|100/100
|-ability|p1a: Calyrex|As One
|-ability|p1a: Calyrex|Unnerve
|-damage|p1a: Calyrex|88/100|[from] Stealth Rock
|turn|17
|
|t:|1661835677
|move|p1a: Calyrex|Substitute|p1a: Calyrex
|-start|p1a: Calyrex|Substitute
|-damage|p1a: Calyrex|63/100
|move|p2a: Zacian|Behemoth Blade|p1a: Calyrex
|-end|p1a: Calyrex|Substitute
|
|-heal|p1a: Calyrex|69/100|[from] item: Leftovers
|upkeep
|turn|18
|
|t:|1661835681
|move|p1a: Calyrex|Astral Barrage|p2a: Zacian
|-damage|p2a: Zacian|0 fnt
|faint|p2a: Zacian
|-ability|p1a: Calyrex|Grim Neigh|boost
|-boost|p1a: Calyrex|spa|1
|
|-heal|p1a: Calyrex|76/100|[from] item: Leftovers
|upkeep
|
|t:|1661835685
|switch|p2a: Weavile|Weavile, F, shiny|100/100
|-ability|p2a: Weavile|Pressure
|turn|19
|
|t:|1661835690
|move|p2a: Weavile|Knock Off|p1a: Calyrex
|-supereffective|p1a: Calyrex
|-damage|p1a: Calyrex|0 fnt
|-enditem|p1a: Calyrex|Leftovers|[from] move: Knock Off|[of] p2a: Weavile
|faint|p1a: Calyrex
|
|upkeep
|
|t:|1661835692
|switch|p1a: Rayquaza|Rayquaza|100/100
|-damage|p1a: Rayquaza|76/100|[from] Stealth Rock
|-ability|p1a: Rayquaza|Air Lock
|turn|20
|
|t:|1661835697
|detailschange|p1a: Rayquaza|Rayquaza-Mega
|-mega|p1a: Rayquaza|Rayquaza|
|-weather|DeltaStream|[from] ability: Delta Stream|[of] p1a: Rayquaza
|move|p2a: Weavile|Knock Off|p1a: Rayquaza
|-damage|p1a: Rayquaza|25/100
|-enditem|p1a: Rayquaza|Focus Sash|[from] move: Knock Off|[of] p2a: Weavile
|move|p1a: Rayquaza|Dragon Dance|p1a: Rayquaza
|-boost|p1a: Rayquaza|atk|1
|-boost|p1a: Rayquaza|spe|1
|
|-weather|DeltaStream|[upkeep]
|upkeep
|turn|21
|
|t:|1661835710
|switch|p2a: Zygarde|Zygarde-Complete, shiny|40/100
|move|p1a: Rayquaza|Extreme Speed|p2a: Zygarde
|-damage|p2a: Zygarde|17/100
|
|-weather|DeltaStream|[upkeep]
|upkeep
|turn|22
|
|t:|1661835718
|move|p1a: Rayquaza|Extreme Speed|p2a: Zygarde
|-damage|p2a: Zygarde|0 fnt
|faint|p2a: Zygarde
|
|-weather|DeltaStream|[upkeep]
|upkeep
|
|t:|1661835720
|switch|p2a: Weavile|Weavile, F, shiny|100/100
|-ability|p2a: Weavile|Pressure
|turn|23
|
|t:|1661835723
|move|p1a: Rayquaza|Extreme Speed|p2a: Weavile
|-damage|p2a: Weavile|2/100
|move|p2a: Weavile|Ice Shard|p1a: Rayquaza
|-activate||deltastream
|-supereffective|p1a: Rayquaza
|-damage|p1a: Rayquaza|0 fnt
|faint|p1a: Rayquaza
|-weather|none
|
|win|Diancie_hhh
|raw|alt1445645's rating: 1876 &rarr; <strong>1850</strong><br />(-26 for losing)
|raw|Diancie_hhh's rating: 1766 &rarr; <strong>1792</strong><br />(+26 for winning)
|l|☆alt1445645
