|j|☆jlsdfhpjksdhfni
|j|☆aseliatheeternal
|t:|1659269571
|gametype|singles
|player|p1|jlsdfhpjksdhfni|265|1812
|player|p2|aseliatheeternal|1|1847
|teamsize|p1|6
|teamsize|p2|6
|gen|8
|tier|[Gen 8] National Dex AG
|rated|
|rule|HP Percentage Mod: HP is shown in percentages
|rule|Endless Battle Clause: Forcing endless battles is banned
|clearpoke
|poke|p1|Eternatus|
|poke|p1|Necrozma-Dusk-Mane|
|poke|p1|Ho-Oh|
|poke|p1|Arceus-*|
|poke|p1|Gengar, M|
|poke|p1|Calyrex-Shadow|
|poke|p2|Arceus-*|
|poke|p2|Arceus-*|
|poke|p2|Ditto|
|poke|p2|Arceus-*|
|poke|p2|Arceus-*|
|poke|p2|Arceus-*|
|teampreview
|inactive|Battle timer is ON: inactive players will automatically lose when time's up. (requested by jlsdfhpjksdhfni)
|
|t:|1659269588
|start
|switch|p1a: Necrozma|Necrozma-Dusk-Mane|100/100
|switch|p2a: Arceus|Arceus-Ghost|100/100
|turn|1
|
|t:|1659269595
|move|p2a: Arceus|Stealth Rock|p1a: Necrozma
|-sidestart|p1: jlsdfhpjksdhfni|move: Stealth Rock
|move|p1a: Necrozma|Thunder Wave|p2a: Arceus
|-status|p2a: Arceus|par
|
|upkeep
|turn|2
|
|t:|1659269597
|move|p1a: Necrozma|Stealth Rock|p2a: Arceus
|-sidestart|p2: aseliatheeternal|move: Stealth Rock
|move|p2a: Arceus|Judgment|p1a: Necrozma
|-supereffective|p1a: Necrozma
|-damage|p1a: Necrozma|21/100
|
|upkeep
|turn|3
|
|t:|1659269614
|move|p1a: Necrozma|Morning Sun|p1a: Necrozma
|-heal|p1a: Necrozma|71/100
|move|p2a: Arceus|Judgment|p1a: Necrozma
|-supereffective|p1a: Necrozma
|-damage|p1a: Necrozma|0 fnt
|faint|p1a: Necrozma
|
|upkeep
|
|t:|1659269626
|switch|p1a: Eternatus|Eternatus|100/100
|-damage|p1a: Eternatus|88/100|[from] Stealth Rock
|-ability|p1a: Eternatus|Pressure
|turn|4
|
|t:|1659269633
|move|p2a: Arceus|Magic Coat|p2a: Arceus
|-singleturn|p2a: Arceus|move: Magic Coat
|move|p1a: Eternatus|Toxic Spikes|p2a: Arceus
|move|p2a: Arceus|Toxic Spikes|p1a: Eternatus|[from]Magic Coat
|-sidestart|p1: jlsdfhpjksdhfni|move: Toxic Spikes
|
|-heal|p1a: Eternatus|94/100|[from] item: Black Sludge
|upkeep
|turn|5
|
|t:|1659269657
|switch|p2a: Arceus|Arceus-Fairy|100/100
|-damage|p2a: Arceus|88/100|[from] Stealth Rock
|move|p1a: Eternatus|Toxic Spikes|p2a: Arceus
|-sidestart|p2: aseliatheeternal|move: Toxic Spikes
|
|-heal|p1a: Eternatus|99/100|[from] item: Black Sludge
|upkeep
|turn|6
|
|t:|1659269667
|switch|p1a: Gengar|Gengar, M|100/100
|-damage|p1a: Gengar|88/100|[from] Stealth Rock
|-sideend|p1: jlsdfhpjksdhfni|move: Toxic Spikes|[of] p1a: Gengar
|move|p2a: Arceus|Calm Mind|p2a: Arceus
|-boost|p2a: Arceus|spa|1
|-boost|p2a: Arceus|spd|1
|
|upkeep
|turn|7
|
|t:|1659269688
|detailschange|p1a: Gengar|Gengar-Mega, M
|-mega|p1a: Gengar|Gengar|Gengarite
|move|p1a: Gengar|Substitute|p1a: Gengar
|-start|p1a: Gengar|Substitute
|-damage|p1a: Gengar|63/100
|move|p2a: Arceus|Ancient Power|p1a: Gengar
|-end|p1a: Gengar|Substitute
|
|upkeep
|turn|8
|
|t:|1659269699
|move|p1a: Gengar|Destiny Bond|p1a: Gengar
|-singlemove|p1a: Gengar|Destiny Bond
|move|p2a: Arceus|Ancient Power|p1a: Gengar
|-damage|p1a: Gengar|29/100
|-boost|p2a: Arceus|atk|1
|-boost|p2a: Arceus|def|1
|-boost|p2a: Arceus|spa|1
|-boost|p2a: Arceus|spd|1
|-boost|p2a: Arceus|spe|1
|
|upkeep
|turn|9
|
|t:|1659269721
|move|p2a: Arceus|Calm Mind|p2a: Arceus
|-boost|p2a: Arceus|spa|1
|-boost|p2a: Arceus|spd|1
|move|p1a: Gengar|Encore|p2a: Arceus
|-start|p2a: Arceus|Encore
|
|upkeep
|turn|10
|
|t:|1659269744
|-start|p2a: Arceus|Dynamax|
|-heal|p2a: Arceus|88/100|[silent]
|move|p2a: Arceus|Max Rockfall|p1a: Gengar
|-damage|p1a: Gengar|0 fnt
|-weather|Sandstorm
|faint|p1a: Gengar
|
|-weather|Sandstorm|[upkeep]
|-damage|p2a: Arceus|85/100|[from] Sandstorm
|upkeep
|
|t:|1659269761
|switch|p1a: Eternatus|Eternatus|99/100
|-damage|p1a: Eternatus|88/100|[from] Stealth Rock
|-ability|p1a: Eternatus|Pressure
|turn|11
|
|t:|1659269765
|move|p2a: Arceus|Max Starfall|p1a: Eternatus
|-damage|p1a: Eternatus|0 fnt
|-fieldstart|move: Misty Terrain
|faint|p1a: Eternatus
|
|-weather|Sandstorm|[upkeep]
|-damage|p2a: Arceus|82/100|[from] Sandstorm
|upkeep
|-message|jlsdfhpjksdhfni forfeited.
|
|win|aseliatheeternal
|raw|jlsdfhpjksdhfni's rating: 1812 &rarr; <strong>1794</strong><br />(-18 for losing)
|raw|aseliatheeternal's rating: 1847 &rarr; <strong>1865</strong><br />(+18 for winning)
|l|☆jlsdfhpjksdhfni
