|j|☆AlecC3i
|j|‽James2341
|t:|1663900019
|gametype|singles
|player|p1|AlecC3i|colress|1231
|player|p2|James2341|265|1278
|teamsize|p1|6
|teamsize|p2|6
|gen|8
|tier|[Gen 8] National Dex AG
|rated|
|rule|HP Percentage Mod: HP is shown in percentages
|rule|Endless Battle Clause: Forcing endless battles is banned
|clearpoke
|poke|p1|Beedrill, M|
|poke|p1|Shuckle, F|
|poke|p1|Pheromosa|
|poke|p1|Volcarona, F|
|poke|p1|Scizor, M|
|poke|p1|Ribombee, F|
|poke|p2|Greninja, M|
|poke|p2|Pelipper, M|
|poke|p2|Kyogre|
|poke|p2|Swampert, M|
|poke|p2|Rotom-Wash|
|poke|p2|Gastrodon, F|
|teampreview
|inactive|Battle timer is ON: inactive players will automatically lose when time's up. (requested by James2341)
|
|t:|1663900026
|start
|switch|p1a: Shuckle|Shuckle, F|100/100
|switch|p2a: Greninja|Greninja, M|100/100
|turn|1
|
|t:|1663900033
|move|p2a: Greninja|Water Shuriken|p1a: Shuckle
|-supereffective|p1a: Shuckle
|-damage|p1a: Shuckle|87/100
|-supereffective|p1a: Shuckle
|-damage|p1a: Shuckle|74/100
|-hitcount|p1a: Shuckle|2
|move|p1a: Shuckle|Sticky Web|p2a: Greninja
|-sidestart|p2: James2341|move: Sticky Web
|
|-heal|p1a: Shuckle|80/100|[from] item: Leftovers
|upkeep
|turn|2
|
|t:|1663900042
|move|p2a: Greninja|Water Shuriken|p1a: Shuckle
|-supereffective|p1a: Shuckle
|-damage|p1a: Shuckle|67/100
|-supereffective|p1a: Shuckle
|-damage|p1a: Shuckle|54/100
|-supereffective|p1a: Shuckle
|-damage|p1a: Shuckle|42/100
|-hitcount|p1a: Shuckle|3
|move|p1a: Shuckle|Stealth Rock|p2a: Greninja
|-sidestart|p2: James2341|move: Stealth Rock
|
|-heal|p1a: Shuckle|48/100|[from] item: Leftovers
|upkeep
|turn|3
|
|t:|1663900053
|-start|p2a: Greninja|Dynamax|
|-heal|p2a: Greninja|100/100|[silent]
|move|p2a: Greninja|Max Geyser|p1a: Shuckle
|-supereffective|p1a: Shuckle
|-damage|p1a: Shuckle|0 fnt
|-weather|RainDance
|faint|p1a: Shuckle
|-activate|p2a: Greninja|ability: Battle Bond
|detailschange|p2a: Greninja|Greninja-Ash, M
|
|-weather|RainDance|[upkeep]
|upkeep
|
|t:|1663900064
|switch|p1a: Pheromosa|Pheromosa|100/100
|turn|4
|
|t:|1663900072
|move|p1a: Pheromosa|Close Combat|p2a: Greninja
|-supereffective|p2a: Greninja
|-damage|p2a: Greninja|0 fnt
|-unboost|p1a: Pheromosa|def|1
|-unboost|p1a: Pheromosa|spd|1
|faint|p2a: Greninja
|-ability|p1a: Pheromosa|Beast Boost|boost
|-boost|p1a: Pheromosa|atk|1
|
|-weather|RainDance|[upkeep]
|upkeep
|
|t:|1663900081
|switch|p2a: Swampert|Swampert, M|100/100
|-activate|p2a: Swampert|move: Sticky Web
|-unboost|p2a: Swampert|spe|1
|-damage|p2a: Swampert|94/100|[from] Stealth Rock
|turn|5
|
|t:|1663900094
|detailschange|p2a: Swampert|Swampert-Mega, M
|-mega|p2a: Swampert|Swampert|Swampertite
|move|p1a: Pheromosa|Close Combat|p2a: Swampert
|-damage|p2a: Swampert|0 fnt
|-unboost|p1a: Pheromosa|def|1
|-unboost|p1a: Pheromosa|spd|1
|faint|p2a: Swampert
|-ability|p1a: Pheromosa|Beast Boost|boost
|-boost|p1a: Pheromosa|atk|1
|
|-weather|RainDance|[upkeep]
|upkeep
|
|t:|1663900104
|switch|p2a: Pelipper|Pelipper, M|100/100
|-damage|p2a: Pelipper|75/100|[from] Stealth Rock
|turn|6
|
|t:|1663900109
|move|p1a: Pheromosa|Close Combat|p2a: Pelipper
|-resisted|p2a: Pelipper
|-damage|p2a: Pelipper|19/100
|-unboost|p1a: Pheromosa|def|1
|-unboost|p1a: Pheromosa|spd|1
|move|p2a: Pelipper|Hurricane|p1a: Pheromosa
|-supereffective|p1a: Pheromosa
|-damage|p1a: Pheromosa|0 fnt
|faint|p1a: Pheromosa
|
|-weather|RainDance|[upkeep]
|upkeep
|
|t:|1663900121
|switch|p1a: Beedrill|Beedrill, M, shiny|100/100
|turn|7
|
|t:|1663900128
|detailschange|p1a: Beedrill|Beedrill-Mega, M, shiny
|-mega|p1a: Beedrill|Beedrill|Beedrillite
|move|p1a: Beedrill|Knock Off|p2a: Pelipper
|-damage|p2a: Pelipper|0 fnt
|-enditem|p2a: Pelipper|Damp Rock|[from] move: Knock Off|[of] p1a: Beedrill
|faint|p2a: Pelipper
|
|-weather|none
|upkeep
|
|t:|1663900139
|switch|p2a: Kyogre|Kyogre|100/100
|-activate|p2a: Kyogre|move: Sticky Web
|-unboost|p2a: Kyogre|spe|1
|-damage|p2a: Kyogre|88/100|[from] Stealth Rock
|detailschange|p2a: Kyogre|Kyogre-Primal
|-primal|p2a: Kyogre
|-weather|PrimordialSea|[from] ability: Primordial Sea|[of] p2a: Kyogre
|turn|8
|
|t:|1663900150
|move|p1a: Beedrill|U-turn|p2a: Kyogre
|-damage|p2a: Kyogre|39/100
|
|t:|1663900158
|switch|p1a: Scizor|Scizor, M|100/100|[from]move: U-turn
|move|p2a: Kyogre|Origin Pulse|p1a: Scizor|[miss]
|-miss|p2a: Kyogre|p1a: Scizor
|
|-weather|PrimordialSea|[upkeep]
|upkeep
|turn|9
|-message|James2341 forfeited.
|
|win|AlecC3i
|raw|AlecC3i's rating: 1231 &rarr; <strong>1259</strong><br />(+28 for winning)
|raw|James2341's rating: 1278 &rarr; <strong>1250</strong><br />(-28 for losing)
||Ladder isn't responding, score probably updated but might not have (Request timeout).
