|j|☆Qwertyuiopll12
|j|☆harsh634
|t:|1667740439
|gametype|singles
|player|p1|Qwertyuiopll12|schoolkid-gen4|1817
|player|p2|harsh634|red|1816
|teamsize|p1|6
|teamsize|p2|6
|gen|8
|tier|[Gen 8] National Dex AG
|rated|
|rule|HP Percentage Mod: HP is shown in percentages
|rule|Endless Battle Clause: Forcing endless battles is banned
|clearpoke
|poke|p1|Aerodactyl, F|
|poke|p1|Groudon|
|poke|p1|Yveltal|
|poke|p1|Arceus-*|
|poke|p1|Rayquaza|
|poke|p1|Calyrex-Shadow|
|poke|p2|Mewtwo|
|poke|p2|Tyranitar, F|
|poke|p2|Ferrothorn, M|
|poke|p2|Ho-Oh|
|poke|p2|Arceus-*|
|poke|p2|Ditto|
|teampreview
|inactive|Battle timer is ON: inactive players will automatically lose when time's up. (requested by harsh634)
|inactive|Qwertyuiopll12 also wants the timer to be on.
|j| uhidkwatdo
|
|t:|1667740447
|start
|switch|p1a: Aerodactyl|Aerodactyl, F|100/100
|switch|p2a: Arceus|Arceus-Ground|100/100
|-ability|p1a: Aerodactyl|Pressure
|turn|1
|
|t:|1667740451
|move|p2a: Arceus|Magic Coat|p2a: Arceus
|-singleturn|p2a: Arceus|move: Magic Coat
|move|p1a: Aerodactyl|Rock Tomb|p2a: Arceus
|-resisted|p2a: Arceus
|-damage|p2a: Arceus|94/100
|-unboost|p2a: Arceus|spe|1
|
|upkeep
|turn|2
|
|t:|1667740456
|move|p2a: Arceus|Magic Coat|p2a: Arceus
|-singleturn|p2a: Arceus|move: Magic Coat
|move|p1a: Aerodactyl|Rock Tomb|p2a: Arceus
|-resisted|p2a: Arceus
|-damage|p2a: Arceus|88/100
|-unboost|p2a: Arceus|spe|1
|
|upkeep
|turn|3
|
|t:|1667740459
|move|p2a: Arceus|Magic Coat|p2a: Arceus
|-singleturn|p2a: Arceus|move: Magic Coat
|move|p1a: Aerodactyl|Rock Tomb|p2a: Arceus
|-resisted|p2a: Arceus
|-damage|p2a: Arceus|82/100
|-unboost|p2a: Arceus|spe|1
|
|upkeep
|turn|4
|
|t:|1667740462
|move|p1a: Aerodactyl|Rock Tomb|p2a: Arceus
|-resisted|p2a: Arceus
|-damage|p2a: Arceus|75/100
|-unboost|p2a: Arceus|spe|1
|move|p2a: Arceus|Ice Beam|p1a: Aerodactyl
|-supereffective|p1a: Aerodactyl
|-damage|p1a: Aerodactyl|34/100
|
|upkeep
|turn|5
|
|t:|1667740468
|move|p2a: Arceus|Magic Coat|p2a: Arceus
|-singleturn|p2a: Arceus|move: Magic Coat
|move|p1a: Aerodactyl|Rock Tomb|p2a: Arceus
|-resisted|p2a: Arceus
|-damage|p2a: Arceus|69/100
|-unboost|p2a: Arceus|spe|1
|
|upkeep
|turn|6
|
|t:|1667740473
|move|p1a: Aerodactyl|Stealth Rock|p2a: Arceus
|-sidestart|p2: harsh634|move: Stealth Rock
|move|p2a: Arceus|Ice Beam|p1a: Aerodactyl
|-supereffective|p1a: Aerodactyl
|-damage|p1a: Aerodactyl|0 fnt
|faint|p1a: Aerodactyl
|
|upkeep
|
|t:|1667740476
|switch|p1a: Rayquaza|Rayquaza|100/100
|-ability|p1a: Rayquaza|Air Lock
|turn|7
|c|☆harsh634|bruh
|
|t:|1667740488
|detailschange|p1a: Rayquaza|Rayquaza-Mega
|-mega|p1a: Rayquaza|Rayquaza|
|-weather|DeltaStream|[from] ability: Delta Stream|[of] p1a: Rayquaza
|move|p1a: Rayquaza|Dragon Dance|p1a: Rayquaza
|-boost|p1a: Rayquaza|atk|1
|-boost|p1a: Rayquaza|spe|1
|move|p2a: Arceus|Ice Beam|p1a: Rayquaza
|-activate||deltastream
|-supereffective|p1a: Rayquaza
|-damage|p1a: Rayquaza|51/100
|
|-weather|DeltaStream|[upkeep]
|upkeep
|turn|8
|
|t:|1667740494
|move|p1a: Rayquaza|Dragon Ascent|p2a: Arceus
|-damage|p2a: Arceus|0 fnt
|-unboost|p1a: Rayquaza|def|1
|-unboost|p1a: Rayquaza|spd|1
|faint|p2a: Arceus
|-damage|p1a: Rayquaza|41/100|[from] item: Life Orb
|
|-weather|DeltaStream|[upkeep]
|upkeep
|
|t:|1667740498
|switch|p2a: Ditto|Ditto|100/100
|-damage|p2a: Ditto|88/100|[from] Stealth Rock
|-transform|p2a: Ditto|p1a: Rayquaza|[from] ability: Imposter
|turn|9
|
|t:|1667740504
|switch|p1a: Calyrex|Calyrex-Shadow|100/100
|-ability|p1a: Calyrex|As One
|-ability|p1a: Calyrex|Unnerve
|move|p2a: Ditto|Extreme Speed|p1a: Calyrex
|-immune|p1a: Calyrex
|
|-weather|DeltaStream|[upkeep]
|upkeep
|turn|10
|
|t:|1667740507
|-weather|none
|switch|p2a: Tyranitar|Tyranitar, F|100/100
|-damage|p2a: Tyranitar|88/100|[from] Stealth Rock
|-weather|Sandstorm|[from] ability: Sand Stream|[of] p2a: Tyranitar
|switch|p1a: Rayquaza|Rayquaza-Mega|41/100
|-weather|DeltaStream|[from] ability: Delta Stream|[of] p1a: Rayquaza
|
|-weather|DeltaStream|[upkeep]
|upkeep
|turn|11
|
|t:|1667740514
|detailschange|p2a: Tyranitar|Tyranitar-Mega, F
|-mega|p2a: Tyranitar|Tyranitar|Tyranitarite
|-ability|p2a: Tyranitar|Sand Stream|[from] deltastream|[fail]
|move|p1a: Rayquaza|Earthquake|p2a: Tyranitar
|-supereffective|p2a: Tyranitar
|-damage|p2a: Tyranitar|20/100
|-damage|p1a: Rayquaza|31/100|[from] item: Life Orb
|move|p2a: Tyranitar|Stealth Rock|p1a: Rayquaza
|-sidestart|p1: Qwertyuiopll12|move: Stealth Rock
|
|-weather|DeltaStream|[upkeep]
|upkeep
|turn|12
|
|t:|1667740520
|switch|p2a: Ho-Oh|Ho-Oh|100/100
|move|p1a: Rayquaza|Dragon Ascent|p2a: Ho-Oh
|-damage|p2a: Ho-Oh|29/100
|-unboost|p1a: Rayquaza|def|1
|-unboost|p1a: Rayquaza|spd|1
|-damage|p1a: Rayquaza|21/100|[from] item: Life Orb
|
|-weather|DeltaStream|[upkeep]
|upkeep
|turn|13
|
|t:|1667740524
|switch|p2a: Tyranitar|Tyranitar-Mega, F|20/100
|-damage|p2a: Tyranitar|7/100|[from] Stealth Rock
|-ability|p2a: Tyranitar|Sand Stream|[from] deltastream|[fail]
|move|p1a: Rayquaza|Dragon Ascent|p2a: Tyranitar
|-resisted|p2a: Tyranitar
|-damage|p2a: Tyranitar|0 fnt
|-unboost|p1a: Rayquaza|def|1
|-unboost|p1a: Rayquaza|spd|1
|faint|p2a: Tyranitar
|-damage|p1a: Rayquaza|11/100|[from] item: Life Orb
|
|-weather|DeltaStream|[upkeep]
|upkeep
|
|t:|1667740530
|switch|p2a: Ditto|Ditto|88/100
|-damage|p2a: Ditto|76/100|[from] Stealth Rock
|-transform|p2a: Ditto|p1a: Rayquaza|[from] ability: Imposter
|turn|14
|
|t:|1667740534
|move|p2a: Ditto|Extreme Speed|p1a: Rayquaza
|-damage|p1a: Rayquaza|0 fnt
|faint|p1a: Rayquaza
|
|-weather|DeltaStream|[upkeep]
|upkeep
|
|t:|1667740536
|switch|p1a: Calyrex|Calyrex-Shadow|100/100
|-ability|p1a: Calyrex|As One
|-ability|p1a: Calyrex|Unnerve
|-damage|p1a: Calyrex|88/100|[from] Stealth Rock
|turn|15
|
|t:|1667740542
|-weather|none
|switch|p2a: Ferrothorn|Ferrothorn, M|100/100
|-damage|p2a: Ferrothorn|94/100|[from] Stealth Rock
|move|p1a: Calyrex|Astral Barrage|p2a: Ferrothorn
|-damage|p2a: Ferrothorn|46/100
|
|-heal|p2a: Ferrothorn|52/100|[from] item: Leftovers
|upkeep
|turn|16
|
|t:|1667740548
|move|p1a: Calyrex|Astral Barrage|p2a: Ferrothorn
|-damage|p2a: Ferrothorn|7/100
|move|p2a: Ferrothorn|Leech Seed|p1a: Calyrex
|-start|p1a: Calyrex|move: Leech Seed
|
|-heal|p2a: Ferrothorn|13/100|[from] item: Leftovers
|-damage|p1a: Calyrex|76/100|[from] Leech Seed|[of] p2a: Ferrothorn
|-heal|p2a: Ferrothorn|25/100|[silent]
|upkeep
|turn|17
|
|t:|1667740556
|move|p1a: Calyrex|Astral Barrage|p2a: Ferrothorn
|-damage|p2a: Ferrothorn|0 fnt
|faint|p2a: Ferrothorn
|-ability|p1a: Calyrex|Grim Neigh|boost
|-boost|p1a: Calyrex|spa|1
|
|upkeep
|
|t:|1667740560
|switch|p2a: Ditto|Ditto|76/100
|-damage|p2a: Ditto|63/100|[from] Stealth Rock
|-transform|p2a: Ditto|p1a: Calyrex|[from] ability: Imposter
|turn|18
|j| luisYR_a
|
|t:|1667740573
|move|p2a: Ditto|Astral Barrage|p1a: Calyrex
|-supereffective|p1a: Calyrex
|-damage|p1a: Calyrex|0 fnt
|faint|p1a: Calyrex
|-ability|p2a: Ditto|Grim Neigh|boost
|-boost|p2a: Ditto|spa|1
|
|upkeep
|
|t:|1667740575
|switch|p1a: Yveltal|Yveltal|100/100
|-damage|p1a: Yveltal|76/100|[from] Stealth Rock
|-ability|p1a: Yveltal|Dark Aura
|turn|19
|
|t:|1667740586
|switch|p2a: Ho-Oh|Ho-Oh|62/100
|move|p1a: Yveltal|Dark Pulse|p2a: Ho-Oh
|-damage|p2a: Ho-Oh|20/100
|-damage|p1a: Yveltal|66/100|[from] item: Life Orb
|
|upkeep
|turn|20
|
|t:|1667740592
|move|p1a: Yveltal|Dark Pulse|p2a: Ho-Oh
|-damage|p2a: Ho-Oh|0 fnt
|faint|p2a: Ho-Oh
|-damage|p1a: Yveltal|56/100|[from] item: Life Orb
|
|upkeep
|
|t:|1667740598
|switch|p2a: Mewtwo|Mewtwo|100/100
|-ability|p2a: Mewtwo|Unnerve
|-damage|p2a: Mewtwo|88/100|[from] Stealth Rock
|turn|21
|
|t:|1667740601
|-start|p2a: Mewtwo|Dynamax|
|-heal|p2a: Mewtwo|88/100|[silent]
|move|p1a: Yveltal|Sucker Punch|p2a: Mewtwo
|-supereffective|p2a: Mewtwo
|-damage|p2a: Mewtwo|35/100
|-damage|p1a: Yveltal|46/100|[from] item: Life Orb
|move|p2a: Mewtwo|Max Airstream|p1a: Yveltal
|-damage|p1a: Yveltal|0 fnt
|-boost|p2a: Mewtwo|spe|1
|faint|p1a: Yveltal
|-damage|p2a: Mewtwo|30/100|[from] item: Life Orb
|
|upkeep
|
|t:|1667740610
|switch|p1a: Groudon|Groudon|100/100
|-damage|p1a: Groudon|94/100|[from] Stealth Rock
|detailschange|p1a: Groudon|Groudon-Primal
|-primal|p1a: Groudon
|-weather|DesolateLand|[from] ability: Desolate Land|[of] p1a: Groudon
|turn|22
|
|t:|1667740615
|move|p2a: Mewtwo|Max Mindstorm|p1a: Groudon
|-damage|p1a: Groudon|11/100
|-fieldstart|move: Psychic Terrain
|-damage|p2a: Mewtwo|25/100|[from] item: Life Orb
|move|p1a: Groudon|Precipice Blades|p2a: Mewtwo
|-damage|p2a: Mewtwo|0 fnt
|faint|p2a: Mewtwo
|
|-weather|DesolateLand|[upkeep]
|upkeep
|
|t:|1667740619
|switch|p2a: Ditto|Ditto|63/100
|-damage|p2a: Ditto|51/100|[from] Stealth Rock
|-transform|p2a: Ditto|p1a: Groudon|[from] ability: Imposter
|turn|23
|
|t:|1667740627
|move|p2a: Ditto|Stone Edge|p1a: Groudon
|-damage|p1a: Groudon|0 fnt
|faint|p1a: Groudon
|
|-weather|DesolateLand|[upkeep]
|upkeep
|
|t:|1667740629
|switch|p1a: Arceus|Arceus-Flying|100/100
|-damage|p1a: Arceus|76/100|[from] Stealth Rock
|turn|24
|
|t:|1667740633
|-start|p1a: Arceus|Dynamax|
|-heal|p1a: Arceus|76/100|[silent]
|move|p2a: Ditto|Stone Edge|p1a: Arceus
|-supereffective|p1a: Arceus
|-damage|p1a: Arceus|43/100
|move|p1a: Arceus|Max Quake|p2a: Ditto
|-supereffective|p2a: Ditto
|-damage|p2a: Ditto|0 fnt
|-boost|p1a: Arceus|spd|1
|faint|p2a: Ditto
|-weather|none
|
|win|Qwertyuiopll12
|raw|Qwertyuiopll12's rating: 1817 &rarr; <strong>1837</strong><br />(+20 for winning)
|raw|harsh634's rating: 1816 &rarr; <strong>1796</strong><br />(-20 for losing)
|c|☆Qwertyuiopll12|Gg
|l|☆harsh634
