|j|☆Truthankamon
|j|☆ARIYA 24
|inactive|Battle timer is ON: inactive players will automatically lose when time's up.
|t:|1651495991
|gametype|singles
|player|p1|Truthankamon|169|
|player|p2|ARIYA 24|kahili|
|teamsize|p1|6
|teamsize|p2|6
|gen|8
|tier|[Gen 8] National Dex AG
|rated|Tournament battle
|rule|HP Percentage Mod: HP is shown in percentages
|rule|Endless Battle Clause: Forcing endless battles is banned
|clearpoke
|poke|p1|Ho-Oh|
|poke|p1|Necrozma-Dusk-Mane|
|poke|p1|Ditto|
|poke|p1|Zacian-*|
|poke|p1|Rayquaza|
|poke|p1|Tyranitar, F|
|poke|p2|Cinderace, M|
|poke|p2|Inteleon, M|
|poke|p2|Rillaboom, M|
|poke|p2|Lucario, M|
|poke|p2|Zacian-*|
|poke|p2|Calyrex-Shadow|
|teampreview
|inactive|ARIYA 24 also wants the timer to be on.
|c|☆Truthankamon|Hf
|
|t:|1651496004
|start
|switch|p1a: Necrozma|Necrozma-Dusk-Mane|100/100
|switch|p2a: Footballer|Cinderace, M|100/100
|turn|1
|c|☆ARIYA 24|Same
|
|t:|1651496015
|switch|p1a: Ho-Oh|Ho-Oh|100/100
|move|p2a: Footballer|Pyro Ball|p1a: Ho-Oh
|-resisted|p1a: Ho-Oh
|-damage|p1a: Ho-Oh|82/100
|
|upkeep
|turn|2
|
|t:|1651496019
|move|p2a: Footballer|Bounce||[still]
|-prepare|p2a: Footballer|Bounce
|-start|p2a: Footballer|typechange|Flying|[from] ability: Libero
|move|p1a: Ho-Oh|Toxic|p2a: Footballer|[miss]
|-miss|p1a: Ho-Oh|p2a: Footballer
|
|upkeep
|turn|3
|
|t:|1651496023
|move|p2a: Footballer|Bounce|p1a: Ho-Oh|[from]lockedmove
|-damage|p1a: Ho-Oh|54/100
|move|p1a: Ho-Oh|Sacred Fire|p2a: Footballer|[miss]
|-miss|p1a: Ho-Oh|p2a: Footballer
|
|upkeep
|turn|4
|
|t:|1651496045
|switch|p1a: Tyranitar|Tyranitar, F|100/100
|-weather|Sandstorm|[from] ability: Sand Stream|[of] p1a: Tyranitar
|move|p2a: Footballer|Bounce||[still]
|-prepare|p2a: Footballer|Bounce
|
|-weather|Sandstorm|[upkeep]
|-damage|p2a: Footballer|95/100|[from] Sandstorm
|upkeep
|turn|5
|j| skylink42\
|j| gyufyfuyy
|
|t:|1651496052
|move|p2a: Footballer|Bounce|p1a: Tyranitar|[from]lockedmove
|-resisted|p1a: Tyranitar
|-damage|p1a: Tyranitar|86/100
|move|p1a: Tyranitar|Stone Edge|p2a: Footballer|[miss]
|-miss|p1a: Tyranitar|p2a: Footballer
|
|-weather|Sandstorm|[upkeep]
|-damage|p2a: Footballer|89/100|[from] Sandstorm
|-heal|p1a: Tyranitar|92/100|[from] item: Leftovers
|upkeep
|turn|6
|l| skylink42\
|
|t:|1651496070
|switch|p1a: Ho-Oh|Ho-Oh|87/100
|move|p2a: Footballer|High Jump Kick|p1a: Ho-Oh
|-start|p2a: Footballer|typechange|Fighting|[from] ability: Libero
|-resisted|p1a: Ho-Oh
|-damage|p1a: Ho-Oh|67/100
|
|-weather|Sandstorm|[upkeep]
|-damage|p2a: Footballer|83/100|[from] Sandstorm
|-damage|p1a: Ho-Oh|61/100|[from] Sandstorm
|upkeep
|turn|7
|
|t:|1651496075
|move|p2a: Footballer|Bounce||[still]
|-prepare|p2a: Footballer|Bounce
|-start|p2a: Footballer|typechange|Flying|[from] ability: Libero
|move|p1a: Ho-Oh|Sacred Fire|p2a: Footballer|[miss]
|-miss|p1a: Ho-Oh|p2a: Footballer
|
|-weather|Sandstorm|[upkeep]
|-damage|p2a: Footballer|77/100|[from] Sandstorm
|-damage|p1a: Ho-Oh|55/100|[from] Sandstorm
|upkeep
|turn|8
|
|t:|1651496082
|switch|p1a: Necrozma|Necrozma-Dusk-Mane|100/100
|move|p2a: Footballer|Bounce|p1a: Necrozma|[from]lockedmove
|-resisted|p1a: Necrozma
|-damage|p1a: Necrozma|90/100
|-damage|p2a: Footballer|60/100|[from] item: Rocky Helmet|[of] p1a: Necrozma
|
|-weather|none
|upkeep
|turn|9
|
|t:|1651496090
|move|p2a: Footballer|Pyro Ball|p1a: Necrozma
|-start|p2a: Footballer|typechange|Fire|[from] ability: Libero
|-supereffective|p1a: Necrozma
|-damage|p1a: Necrozma|47/100
|-status|p1a: Necrozma|brn
|move|p1a: Necrozma|Knock Off|p2a: Footballer
|-damage|p2a: Footballer|37/100
|-enditem|p2a: Footballer|Wide Lens|[from] move: Knock Off|[of] p1a: Necrozma
|
|-damage|p1a: Necrozma|41/100 brn|[from] brn
|upkeep
|turn|10
|c|☆Truthankamon|Your luck is unbelievable lol
|
|t:|1651496107
|move|p2a: Footballer|Pyro Ball|p1a: Necrozma|[miss]
|-miss|p2a: Footballer|p1a: Necrozma
|move|p1a: Necrozma|Morning Sun|p1a: Necrozma
|-heal|p1a: Necrozma|91/100 brn
|
|-damage|p1a: Necrozma|85/100 brn|[from] brn
|upkeep
|turn|11
|inactive|Truthankamon has 120 seconds left.
|
|t:|1651496144
|move|p2a: Footballer|Pyro Ball|p1a: Necrozma
|-supereffective|p1a: Necrozma
|-damage|p1a: Necrozma|39/100 brn
|move|p1a: Necrozma|Knock Off|p2a: Footballer
|-damage|p2a: Footballer|22/100
|
|-damage|p1a: Necrozma|33/100 brn|[from] brn
|upkeep
|turn|12
|
|t:|1651496150
|switch|p1a: Ho-Oh|Ho-Oh|88/100
|move|p2a: Footballer|Pyro Ball|p1a: Ho-Oh
|-resisted|p1a: Ho-Oh
|-damage|p1a: Ho-Oh|68/100
|
|upkeep
|turn|13
|inactive|Truthankamon has 120 seconds left.
|
|t:|1651496173
|switch|p1a: Tyranitar|Tyranitar, F|92/100
|-weather|Sandstorm|[from] ability: Sand Stream|[of] p1a: Tyranitar
|move|p2a: Footballer|Bounce||[still]
|-prepare|p2a: Footballer|Bounce
|-start|p2a: Footballer|typechange|Flying|[from] ability: Libero
|
|-weather|Sandstorm|[upkeep]
|-damage|p2a: Footballer|16/100|[from] Sandstorm
|-heal|p1a: Tyranitar|98/100|[from] item: Leftovers
|upkeep
|turn|14
|c|☆ARIYA 24|Please play fast
|
|t:|1651496178
|move|p2a: Footballer|Bounce|p1a: Tyranitar|[from]lockedmove
|-resisted|p1a: Tyranitar
|-damage|p1a: Tyranitar|83/100
|move|p1a: Tyranitar|Foul Play|p2a: Footballer
|-damage|p2a: Footballer|0 fnt
|faint|p2a: Footballer
|
|-weather|Sandstorm|[upkeep]
|-heal|p1a: Tyranitar|89/100|[from] item: Leftovers
|upkeep
|
|t:|1651496182
|switch|p2a: Inteleon|Inteleon, M|100/100
|turn|15
|c|☆Truthankamon|Sorry
|c|☆Truthankamon|I'm playing another game
|inactive|Truthankamon has 120 seconds left.
|
|t:|1651496211
|switch|p1a: Necrozma|Necrozma-Dusk-Mane|33/100 brn
|move|p2a: Inteleon|Snipe Shot|p1a: Necrozma
|-damage|p1a: Necrozma|0 fnt
|faint|p1a: Necrozma
|
|-weather|Sandstorm|[upkeep]
|-damage|p2a: Inteleon|94/100|[from] Sandstorm
|upkeep
|
|t:|1651496218
|switch|p1a: Zacian|Zacian-Crowned|100/100
|-ability|p1a: Zacian|Intrepid Sword|boost
|-boost|p1a: Zacian|atk|1
|turn|16
|
|t:|1651496223
|move|p1a: Zacian|Wild Charge|p2a: Inteleon
|-supereffective|p2a: Inteleon
|-damage|p2a: Inteleon|0 fnt
|faint|p2a: Inteleon
|-damage|p1a: Zacian|80/100|[from] Recoil
|
|-weather|Sandstorm|[upkeep]
|upkeep
|
|t:|1651496229
|switch|p2a: Rillaboom|Rillaboom, M|100/100
|-fieldstart|move: Grassy Terrain|[from] ability: Grassy Surge|[of] p2a: Rillaboom
|turn|17
|
|t:|1651496237
|switch|p1a: Ho-Oh|Ho-Oh|100/100
|move|p2a: Rillaboom|High Horsepower|p1a: Ho-Oh
|-immune|p1a: Ho-Oh
|
|-weather|none
|upkeep
|turn|18
|j| CyborgCrafter
|
|t:|1651496243
|move|p2a: Rillaboom|Swords Dance|p2a: Rillaboom
|-boost|p2a: Rillaboom|atk|2
|move|p1a: Ho-Oh|Sacred Fire|p2a: Rillaboom
|-supereffective|p2a: Rillaboom
|-damage|p2a: Rillaboom|0 fnt
|faint|p2a: Rillaboom
|
|upkeep
|
|t:|1651496247
|switch|p2a: Ghost rider|Calyrex-Shadow|100/100
|-ability|p2a: Ghost rider|As One
|-ability|p2a: Ghost rider|Unnerve
|turn|19
|
|t:|1651496259
|switch|p1a: Tyranitar|Tyranitar, F|89/100
|-weather|Sandstorm|[from] ability: Sand Stream|[of] p1a: Tyranitar
|move|p2a: Ghost rider|Nasty Plot|p2a: Ghost rider
|-boost|p2a: Ghost rider|spa|2
|
|-weather|Sandstorm|[upkeep]
|-damage|p2a: Ghost rider|94/100|[from] Sandstorm
|-heal|p2a: Ghost rider|100/100|[from] Grassy Terrain
|-heal|p1a: Tyranitar|96/100|[from] Grassy Terrain
|-heal|p1a: Tyranitar|100/100|[from] item: Leftovers
|upkeep
|turn|20
|
|t:|1651496266
|move|p2a: Ghost rider|Pollen Puff|p1a: Tyranitar
|-supereffective|p1a: Tyranitar
|-damage|p1a: Tyranitar|42/100
|move|p1a: Tyranitar|Pursuit|p2a: Ghost rider
|-supereffective|p2a: Ghost rider
|-damage|p2a: Ghost rider|13/100
|
|-weather|Sandstorm|[upkeep]
|-damage|p2a: Ghost rider|6/100|[from] Sandstorm
|-heal|p2a: Ghost rider|13/100|[from] Grassy Terrain
|-heal|p1a: Tyranitar|48/100|[from] Grassy Terrain
|-heal|p1a: Tyranitar|54/100|[from] item: Leftovers
|upkeep
|turn|21
|
|t:|1651496271
|move|p2a: Ghost rider|Pollen Puff|p1a: Tyranitar
|-supereffective|p1a: Tyranitar
|-damage|p1a: Tyranitar|0 fnt
|faint|p1a: Tyranitar
|-ability|p2a: Ghost rider|Grim Neigh|boost
|-boost|p2a: Ghost rider|spa|1
|
|-weather|Sandstorm|[upkeep]
|-damage|p2a: Ghost rider|6/100|[from] Sandstorm
|-heal|p2a: Ghost rider|13/100|[from] Grassy Terrain
|-fieldend|move: Grassy Terrain
|upkeep
|
|t:|1651496280
|switch|p1a: Ditto|Ditto|100/100
|-transform|p1a: Ditto|p2a: Ghost rider|[from] ability: Imposter
|turn|22
|
|t:|1651496285
|move|p1a: Ditto|Astral Barrage|p2a: Ghost rider
|-supereffective|p2a: Ghost rider
|-damage|p2a: Ghost rider|0 fnt
|faint|p2a: Ghost rider
|-ability|p1a: Ditto|Grim Neigh|boost
|-boost|p1a: Ditto|spa|1
|
|-weather|Sandstorm|[upkeep]
|-damage|p1a: Ditto|94/100|[from] Sandstorm
|upkeep
|
|t:|1651496288
|switch|p2a: Sword art online|Zacian-Crowned|100/100
|-ability|p2a: Sword art online|Intrepid Sword|boost
|-boost|p2a: Sword art online|atk|1
|turn|23
|
|t:|1651496296
|move|p1a: Ditto|Astral Barrage|p2a: Sword art online
|-damage|p2a: Sword art online|0 fnt
|faint|p2a: Sword art online
|-ability|p1a: Ditto|Grim Neigh|boost
|-boost|p1a: Ditto|spa|1
|
|-weather|none
|upkeep
|c|☆Truthankamon|Gg
|
|t:|1651496301
|switch|p2a: Lucario|Lucario, M|100/100
|turn|24
|c|☆ARIYA 24|Gg
|
|t:|1651496310
|detailschange|p2a: Lucario|Lucario-Mega, M
|-mega|p2a: Lucario|Lucario|Lucarionite
|move|p2a: Lucario|Bullet Punch|p1a: Ditto
|-damage|p1a: Ditto|51/100
|move|p1a: Ditto|Astral Barrage|p2a: Lucario
|-damage|p2a: Lucario|0 fnt
|faint|p2a: Lucario
|
|win|Truthankamon
|n|☆Truthankamon|truthankamon
|n|☆ARIYA 24|ariya24
|n| gyufyfuyy|gyufyfuyy
|n| CyborgCrafter|cyborgcrafter
