|j|☆Eby Sobak
|j|☆StoriedGiant4
|player|p1|Eby Sobak|unknownf|1398
|player|p2|StoriedGiant4|furisodegirl-black|1505
|teamsize|p1|6
|teamsize|p2|6
|gametype|singles
|gen|8
|tier|[Gen 8] National Dex AG
|rated|
|clearpoke
|poke|p1|Arceus-*|
|poke|p1|Deoxys-Attack|
|poke|p1|Deoxys-Attack|
|poke|p1|Xerneas|
|poke|p1|Necrozma-Dusk-Mane|
|poke|p1|Yveltal|
|poke|p2|Deoxys-Speed|
|poke|p2|Rayquaza|
|poke|p2|Mewtwo|
|poke|p2|Arceus-*|
|poke|p2|Smeargle, F|
|poke|p2|Yveltal|
|rule|HP Percentage Mod: HP is shown in percentages
|rule|Endless Battle Clause: Forcing endless battles is banned
|teampreview
|inactive|Battle timer is ON: inactive players will automatically lose when time's up. (requested by Eby Sobak)
|
|start
|switch|p1a: Arceus|Arceus-Ghost, shiny|100/100
|switch|p2a: Deoxys|Deoxys-Speed|100/100
|-ability|p2a: Deoxys|Pressure
|turn|1
|
|move|p2a: Deoxys|Stealth Rock|p1a: Arceus
|-sidestart|p1: Eby Sobak|move: Stealth Rock
|move|p1a: Arceus|Judgment|p2a: Deoxys
|-supereffective|p2a: Deoxys
|-enditem|p2a: Deoxys|Focus Sash
|-damage|p2a: Deoxys|1/100
|
|upkeep
|turn|2
|
|move|p2a: Deoxys|Spikes|p1a: Arceus
|-sidestart|p1: Eby Sobak|Spikes
|move|p1a: Arceus|Judgment|p2a: Deoxys
|-supereffective|p2a: Deoxys
|-damage|p2a: Deoxys|0 fnt
|faint|p2a: Deoxys
|
|upkeep
|
|switch|p2a: Smeargle|Smeargle, F|100/100
|turn|3
|
|move|p2a: Smeargle|Sticky Web|p1a: Arceus
|-sidestart|p1: Eby Sobak|move: Sticky Web
|move|p1a: Arceus|Roar|p2a: Smeargle
|drag|p2a: Mewtwo|Mewtwo|100/100
|-ability|p2a: Mewtwo|Pressure
|
|upkeep
|turn|4
|
|switch|p2a: Smeargle|Smeargle, F|100/100
|move|p1a: Arceus|Judgment|p2a: Smeargle
|-immune|p2a: Smeargle
|
|upkeep
|turn|5
|
|move|p1a: Arceus|Stealth Rock|p2a: Smeargle
|-sidestart|p2: StoriedGiant4|move: Stealth Rock
|move|p2a: Smeargle|Taunt|p1a: Arceus
|-start|p1a: Arceus|move: Taunt
|
|upkeep
|turn|6
|
|move|p1a: Arceus|Judgment|p2a: Smeargle
|-immune|p2a: Smeargle
|move|p2a: Smeargle|Icy Wind|p1a: Arceus|[miss]
|-miss|p2a: Smeargle|p1a: Arceus
|
|upkeep
|turn|7
|
|move|p1a: Arceus|Judgment|p2a: Smeargle
|-immune|p2a: Smeargle
|move|p2a: Smeargle|Icy Wind|p1a: Arceus
|-crit|p1a: Arceus
|-damage|p1a: Arceus|93/100
|-unboost|p1a: Arceus|spe|1
|
|upkeep
|turn|8
|
|move|p2a: Smeargle|Icy Wind|p1a: Arceus
|-damage|p1a: Arceus|89/100
|-unboost|p1a: Arceus|spe|1
|move|p1a: Arceus|Judgment|p2a: Smeargle
|-immune|p2a: Smeargle
|
|-end|p1a: Arceus|move: Taunt
|upkeep
|turn|9
|
|move|p2a: Smeargle|Taunt|p1a: Arceus
|-start|p1a: Arceus|move: Taunt
|cant|p1a: Arceus|move: Taunt|Roar
|
|upkeep
|turn|10
|
|switch|p1a: Necrozma|Necrozma-Dusk-Mane, shiny|100/100
|-damage|p1a: Necrozma|95/100|[from] Stealth Rock
|-damage|p1a: Necrozma|82/100|[from] Spikes
|-activate|p1a: Necrozma|move: Sticky Web
|-unboost|p1a: Necrozma|spe|1
|move|p2a: Smeargle|Icy Wind|p1a: Necrozma
|-resisted|p1a: Necrozma
|-damage|p1a: Necrozma|79/100
|-unboost|p1a: Necrozma|spe|1
|
|upkeep
|turn|11
|
|detailschange|p1a: Necrozma|Necrozma-Ultra, shiny
|-burst|p1a: Necrozma|Necrozma|Ultranecrozium Z
|move|p2a: Smeargle|Rapid Spin|p1a: Necrozma
|-damage|p1a: Necrozma|75/100
|-boost|p2a: Smeargle|spe|1
|-sideend|p2: StoriedGiant4|Stealth Rock|[from] move: Rapid Spin|[of] p2a: Smeargle
|move|p1a: Necrozma|Earthquake|p2a: Smeargle
|-enditem|p2a: Smeargle|Focus Sash
|-damage|p2a: Smeargle|1/100
|
|upkeep
|turn|12
|
|move|p2a: Smeargle|Icy Wind|p1a: Necrozma
|-supereffective|p1a: Necrozma
|-damage|p1a: Necrozma|61/100
|-unboost|p1a: Necrozma|spe|1
|move|p1a: Necrozma|Earthquake|p2a: Smeargle
|-crit|p2a: Smeargle
|-damage|p2a: Smeargle|0 fnt
|faint|p2a: Smeargle
|
|upkeep
|
|switch|p2a: Yveltal|Yveltal|100/100
|-ability|p2a: Yveltal|Dark Aura
|turn|13
|
|-start|p2a: Yveltal|Dynamax
|-heal|p2a: Yveltal|100/100|[silent]
|move|p2a: Yveltal|Max Airstream|p1a: Necrozma
|-damage|p1a: Necrozma|0 fnt
|-boost|p2a: Yveltal|spe|1
|-damage|p2a: Yveltal|96/100|[from] item: Life Orb
|faint|p1a: Necrozma
|
|upkeep
|
|switch|p1a: Xerneas|Xerneas, shiny|100/100
|-damage|p1a: Xerneas|88/100|[from] Stealth Rock
|-damage|p1a: Xerneas|76/100|[from] Spikes
|-activate|p1a: Xerneas|move: Sticky Web
|-unboost|p1a: Xerneas|spe|1
|-ability|p1a: Xerneas|Fairy Aura
|turn|14
|
|move|p2a: Yveltal|Max Steelspike|p1a: Xerneas
|-supereffective|p1a: Xerneas
|-damage|p1a: Xerneas|0 fnt
|-boost|p2a: Yveltal|def|1
|-damage|p2a: Yveltal|91/100|[from] item: Life Orb
|faint|p1a: Xerneas
|
|upkeep
|-message|Eby Sobak forfeited.
|
|win|StoriedGiant4
|l|☆Eby Sobak
|raw|Eby Sobak's rating: 1398 &rarr; <strong>1384</strong><br />(-14 for losing)
|raw|StoriedGiant4's rating: 1499 &rarr; <strong>1514</strong><br />(+15 for winning)
