|j|☆Direhands
|j|☆IWSK
|t:|1658664265
|gametype|singles
|player|p1|Direhands|gambler|1643
|player|p2|IWSK|jogger|1815
|teamsize|p1|6
|teamsize|p2|6
|gen|8
|tier|[Gen 8] National Dex AG
|rated|
|rule|HP Percentage Mod: HP is shown in percentages
|rule|Endless Battle Clause: Forcing endless battles is banned
|clearpoke
|poke|p1|Necrozma-Dusk-Mane|
|poke|p1|Yveltal|
|poke|p1|Calyrex-Shadow|
|poke|p1|Banette, F|
|poke|p1|Arceus-*|
|poke|p1|Arceus-*|
|poke|p2|Arceus-*|
|poke|p2|Necrozma-Dusk-Mane|
|poke|p2|Gengar, M|
|poke|p2|Ho-Oh|
|poke|p2|Gliscor, F|
|poke|p2|Yveltal|
|teampreview
|inactive|Battle timer is ON: inactive players will automatically lose when time's up. (requested by IWSK)
|j| Snakethey
|inactive|Direhands has 120 seconds left.
|
|t:|1658664301
|start
|switch|p1a: Yveltal|Yveltal|100/100
|switch|p2a: Gengar|Gengar, M|100/100
|-ability|p1a: Yveltal|Dark Aura
|turn|1
|
|t:|1658664308
|detailschange|p2a: Gengar|Gengar-Mega, M
|-mega|p2a: Gengar|Gengar|Gengarite
|-start|p1a: Yveltal|Dynamax|
|-heal|p1a: Yveltal|100/100|[silent]
|move|p2a: Gengar|Substitute|p2a: Gengar
|-start|p2a: Gengar|Substitute
|-damage|p2a: Gengar|76/100
|move|p1a: Yveltal|Max Airstream|p2a: Gengar
|-end|p2a: Gengar|Substitute
|-boost|p1a: Yveltal|spe|1
|-damage|p1a: Yveltal|96/100|[from] item: Life Orb
|
|upkeep
|turn|2
|
|t:|1658664321
|switch|p2a: Yveltal|Yveltal|100/100
|-ability|p2a: Yveltal|Dark Aura
|move|p1a: Yveltal|Max Airstream|p2a: Yveltal
|-damage|p2a: Yveltal|41/100
|-boost|p1a: Yveltal|spe|1
|-damage|p1a: Yveltal|91/100|[from] item: Life Orb
|
|upkeep
|turn|3
|
|t:|1658664330
|switch|p2a: Ho-Oh|Ho-Oh|100/100
|move|p1a: Yveltal|Max Ooze|p2a: Ho-Oh
|-damage|p2a: Ho-Oh|75/100
|-boost|p1a: Yveltal|spa|1
|-damage|p1a: Yveltal|86/100|[from] item: Life Orb
|
|upkeep
|-end|p1a: Yveltal|Dynamax
|-heal|p1a: Yveltal|86/100|[silent]
|turn|4
|
|t:|1658664341
|move|p1a: Yveltal|Dark Pulse|p2a: Ho-Oh
|-damage|p2a: Ho-Oh|25/100
|-damage|p1a: Yveltal|76/100|[from] item: Life Orb
|cant|p2a: Ho-Oh|flinch
|
|upkeep
|turn|5
|
|t:|1658664347
|move|p1a: Yveltal|Oblivion Wing|p2a: Ho-Oh
|-damage|p2a: Ho-Oh|0 fnt
|-heal|p1a: Yveltal|95/100|[from] drain|[of] p2a: Ho-Oh
|faint|p2a: Ho-Oh
|-damage|p1a: Yveltal|85/100|[from] item: Life Orb
|
|upkeep
|
|t:|1658664353
|switch|p2a: Yveltal|Yveltal|41/100
|-ability|p2a: Yveltal|Dark Aura
|turn|6
|
|t:|1658664358
|-start|p2a: Yveltal|Dynamax|
|-heal|p2a: Yveltal|41/100|[silent]
|move|p1a: Yveltal|Oblivion Wing|p2a: Yveltal
|-damage|p2a: Yveltal|13/100
|-heal|p1a: Yveltal|100/100|[from] drain|[of] p2a: Yveltal
|-damage|p1a: Yveltal|91/100|[from] item: Life Orb
|move|p2a: Yveltal|Max Airstream|p1a: Yveltal
|-damage|p1a: Yveltal|20/100
|-boost|p2a: Yveltal|spe|1
|
|upkeep
|turn|7
|-message|IWSK forfeited.
|
|win|Direhands
|raw|Direhands's rating: 1643 &rarr; <strong>1672</strong><br />(+29 for winning)
|raw|IWSK's rating: 1815 &rarr; <strong>1786</strong><br />(-29 for losing)
|l|☆IWSK
|l|☆Direhands
|l| Snakethey
