|j|☆DECLANO196
|j|☆amnael1
|t:|1665267889
|gametype|singles
|player|p1|DECLANO196|101|1765
|player|p2|amnael1|102|1873
|teamsize|p1|6
|teamsize|p2|6
|gen|8
|tier|[Gen 8] National Dex AG
|rated|
|rule|HP Percentage Mod: HP is shown in percentages
|rule|Endless Battle Clause: Forcing endless battles is banned
|clearpoke
|poke|p1|Marshadow|
|poke|p1|Ho-Oh|
|poke|p1|Lugia|
|poke|p1|Yveltal|
|poke|p1|Chansey, F|
|poke|p1|Ditto|
|poke|p2|Smeargle, M|
|poke|p2|Groudon|
|poke|p2|Espeon, F|
|poke|p2|Rayquaza|
|poke|p2|Xerneas-*|
|poke|p2|Zacian-*|
|teampreview
|inactive|Battle timer is ON: inactive players will automatically lose when time's up. (requested by amnael1)
|
|t:|1665267896
|start
|switch|p1a: Ditto|Ditto|100/100
|switch|p2a: Smeargle|Smeargle, M|100/100
|-transform|p1a: Ditto|p2a: Smeargle|[from] ability: Imposter
|turn|1
|
|t:|1665267905
|move|p2a: Smeargle|Spiky Shield|p2a: Smeargle
|-singleturn|p2a: Smeargle|move: Protect
|move|p1a: Ditto|Spore|p2a: Smeargle
|-activate|p2a: Smeargle|move: Protect
|
|-ability|p1a: Ditto|Moody|boost
|-boost|p1a: Ditto|def|2
|-unboost|p1a: Ditto|atk|1
|-ability|p2a: Smeargle|Moody|boost
|-boost|p2a: Smeargle|def|2
|-unboost|p2a: Smeargle|spa|1
|upkeep
|turn|2
|
|t:|1665267915
|move|p1a: Ditto|Spore|p2a: Smeargle
|-status|p2a: Smeargle|slp|[from] move: Spore
|cant|p2a: Smeargle|slp
|
|-ability|p1a: Ditto|Moody|boost
|-boost|p1a: Ditto|def|2
|-unboost|p1a: Ditto|atk|1
|-ability|p2a: Smeargle|Moody|boost
|-boost|p2a: Smeargle|spe|2
|-unboost|p2a: Smeargle|def|1
|upkeep
|turn|3
|
|t:|1665267933
|switch|p1a: Marshadow|Marshadow|100/100
|cant|p2a: Smeargle|slp
|
|-ability|p2a: Smeargle|Moody|boost
|-boost|p2a: Smeargle|spa|2
|-unboost|p2a: Smeargle|atk|1
|upkeep
|turn|4
|
|t:|1665267940
|cant|p2a: Smeargle|slp
|move|p1a: Marshadow|Close Combat|p2a: Smeargle
|-supereffective|p2a: Smeargle
|-enditem|p2a: Smeargle|Focus Sash
|-damage|p2a: Smeargle|1/100 slp
|-unboost|p1a: Marshadow|def|1
|-unboost|p1a: Marshadow|spd|1
|
|-ability|p2a: Smeargle|Moody|boost
|-boost|p2a: Smeargle|spe|2
|-unboost|p2a: Smeargle|atk|1
|upkeep
|turn|5
|
|t:|1665267956
|-curestatus|p2a: Smeargle|slp|[msg]
|move|p2a: Smeargle|Spiky Shield|p2a: Smeargle
|-singleturn|p2a: Smeargle|move: Protect
|move|p1a: Marshadow|Close Combat|p2a: Smeargle
|-activate|p2a: Smeargle|move: Protect
|-damage|p1a: Marshadow|88/100|[from] Spiky Shield|[of] p2a: Smeargle
|
|-ability|p2a: Smeargle|Moody|boost
|-boost|p2a: Smeargle|def|2
|-unboost|p2a: Smeargle|atk|1
|upkeep
|turn|6
|inactive|DECLANO196 has 120 seconds left.
|
|t:|1665267981
|switch|p1a: Chansey|Chansey, F|100/100
|move|p2a: Smeargle|Spore|p1a: Chansey
|-status|p1a: Chansey|slp|[from] move: Spore
|
|-ability|p2a: Smeargle|Moody|boost
|-boost|p2a: Smeargle|spd|2
|-unboost|p2a: Smeargle|atk|1
|upkeep
|turn|7
|inactive|DECLANO196 has 120 seconds left.
|
|t:|1665267994
|-curestatus|p1a: Chansey|slp|[from] ability: Natural Cure
|switch|p1a: Marshadow|Marshadow|88/100
|move|p2a: Smeargle|Shift Gear|p2a: Smeargle
|-boost|p2a: Smeargle|spe|2
|-boost|p2a: Smeargle|atk|1
|
|-ability|p2a: Smeargle|Moody|boost
|-boost|p2a: Smeargle|spa|2
|-unboost|p2a: Smeargle|spe|1
|upkeep
|turn|8
|inactive|DECLANO196 has 120 seconds left.
|
|t:|1665268007
|switch|p1a: Chansey|Chansey, F|100/100
|move|p2a: Smeargle|Spiky Shield||[still]
|-fail|p2a: Smeargle
|
|-ability|p2a: Smeargle|Moody|boost
|-boost|p2a: Smeargle|spd|2
|-unboost|p2a: Smeargle|spe|1
|upkeep
|turn|9
|
|t:|1665268014
|move|p2a: Smeargle|Spore|p1a: Chansey
|-status|p1a: Chansey|slp|[from] move: Spore
|cant|p1a: Chansey|slp
|
|-ability|p2a: Smeargle|Moody|boost
|-boost|p2a: Smeargle|atk|2
|-unboost|p2a: Smeargle|spe|1
|upkeep
|turn|10
|
|t:|1665268021
|move|p2a: Smeargle|Shift Gear|p2a: Smeargle
|-boost|p2a: Smeargle|spe|2
|-boost|p2a: Smeargle|atk|1
|cant|p1a: Chansey|slp
|
|-ability|p2a: Smeargle|Moody|boost
|-boost|p2a: Smeargle|spd|2
|-unboost|p2a: Smeargle|def|1
|upkeep
|turn|11
|
|t:|1665268033
|move|p2a: Smeargle|Baton Pass|p2a: Smeargle
|
|t:|1665268035
|switch|p2a: Xerneas|Xerneas|100/100|[from]move: Baton Pass
|-ability|p2a: Xerneas|Fairy Aura
|-curestatus|p1a: Chansey|slp|[msg]
|move|p1a: Chansey|Stealth Rock|p2a: Xerneas
|-sidestart|p2: amnael1|move: Stealth Rock
|
|upkeep
|turn|12
|
|t:|1665268045
|move|p2a: Xerneas|Moonblast|p1a: Chansey
|-damage|p1a: Chansey|64/100
|-unboost|p1a: Chansey|spa|1
|move|p1a: Chansey|Toxic|p2a: Xerneas
|-status|p2a: Xerneas|tox
|
|-damage|p2a: Xerneas|94/100 tox|[from] psn
|upkeep
|turn|13
|
|t:|1665268052
|-start|p2a: Xerneas|Dynamax|
|-heal|p2a: Xerneas|94/100 tox|[silent]
|move|p2a: Xerneas|Max Starfall|p1a: Chansey
|-damage|p1a: Chansey|10/100
|-fieldstart|move: Misty Terrain
|move|p1a: Chansey|Soft-Boiled|p1a: Chansey
|-heal|p1a: Chansey|60/100
|
|-damage|p2a: Xerneas|88/100 tox|[from] psn
|upkeep
|turn|14
|
|t:|1665268062
|move|p2a: Xerneas|Max Starfall|p1a: Chansey
|-damage|p1a: Chansey|5/100
|move|p1a: Chansey|Soft-Boiled|p1a: Chansey
|-heal|p1a: Chansey|55/100
|
|-damage|p2a: Xerneas|79/100 tox|[from] psn
|upkeep
|turn|15
|
|t:|1665268071
|move|p2a: Xerneas|Max Starfall|p1a: Chansey
|-damage|p1a: Chansey|5/100
|move|p1a: Chansey|Soft-Boiled|p1a: Chansey
|-heal|p1a: Chansey|55/100
|
|-damage|p2a: Xerneas|67/100 tox|[from] psn
|upkeep
|-end|p2a: Xerneas|Dynamax
|-heal|p2a: Xerneas|67/100 tox|[silent]
|turn|16
|
|t:|1665268079
|move|p2a: Xerneas|Geomancy||[still]
|-prepare|p2a: Xerneas|Geomancy
|-enditem|p2a: Xerneas|Power Herb
|-anim|p2a: Xerneas|Geomancy|p2a: Xerneas
|-boost|p2a: Xerneas|spa|2
|-boost|p2a: Xerneas|spd|0
|-boost|p2a: Xerneas|spe|1
|move|p1a: Chansey|Soft-Boiled|p1a: Chansey
|-heal|p1a: Chansey|100/100
|
|-damage|p2a: Xerneas|36/100 tox|[from] psn
|upkeep
|turn|17
|
|t:|1665268108
|switch|p1a: Ditto|Ditto|100/100
|-transform|p1a: Ditto|p2a: Xerneas|[from] ability: Imposter
|-ability|p1a: Ditto|Fairy Aura
|move|p2a: Xerneas|Moonblast|p1a: Ditto
|-damage|p1a: Ditto|32/100
|
|-damage|p2a: Xerneas|0 fnt|[from] psn
|faint|p2a: Xerneas
|-fieldend|Misty Terrain
|upkeep
|
|t:|1665268116
|switch|p2a: Zacian|Zacian-Crowned|100/100
|-damage|p2a: Zacian|94/100|[from] Stealth Rock
|-ability|p2a: Zacian|Intrepid Sword|boost
|-boost|p2a: Zacian|atk|1
|turn|18
|
|t:|1665268126
|switch|p2a: Smeargle|Smeargle, M|1/100
|-damage|p2a: Smeargle|0 fnt|[from] Stealth Rock
|faint|p2a: Smeargle
|move|p1a: Ditto|Moonblast|p2: Smeargle|[notarget]
|-fail|p1a: Ditto
|
|upkeep
|
|t:|1665268129
|switch|p2a: Groudon|Groudon|100/100
|-damage|p2a: Groudon|94/100|[from] Stealth Rock
|detailschange|p2a: Groudon|Groudon-Primal
|-primal|p2a: Groudon
|-weather|DesolateLand|[from] ability: Desolate Land|[of] p2a: Groudon
|turn|19
|
|t:|1665268138
|move|p1a: Ditto|Moonblast|p2a: Groudon
|-resisted|p2a: Groudon
|-damage|p2a: Groudon|0 fnt
|faint|p2a: Groudon
|-weather|none
|
|upkeep
|
|t:|1665268141
|switch|p2a: Espeon|Espeon, F|100/100
|-damage|p2a: Espeon|88/100|[from] Stealth Rock
|turn|20
|
|t:|1665268145
|move|p1a: Ditto|Moonblast|p2a: Espeon
|-damage|p2a: Espeon|0 fnt
|faint|p2a: Espeon
|
|upkeep
|-message|amnael1 forfeited.
|
|win|DECLANO196
|raw|DECLANO196's rating: 1765 &rarr; <strong>1791</strong><br />(+26 for winning)
|raw|amnael1's rating: 1873 &rarr; <strong>1847</strong><br />(-26 for losing)
|l|☆amnael1
