|j|☆Diancie_hhh
|j|☆seidou45
|t:|1665847341
|gametype|singles
|player|p1|Diancie_hhh|marnie|1789
|player|p2|seidou45|lucas|1877
|teamsize|p1|6
|teamsize|p2|6
|gen|8
|tier|[Gen 8] National Dex AG
|rated|
|rule|HP Percentage Mod: HP is shown in percentages
|rule|Endless Battle Clause: Forcing endless battles is banned
|clearpoke
|poke|p1|Arceus-*|
|poke|p1|Zacian-*|
|poke|p1|Groudon|
|poke|p1|Ho-Oh|
|poke|p1|Zygarde|
|poke|p1|Weavile, F|
|poke|p2|Quagsire, M|
|poke|p2|Tyranitar, M|
|poke|p2|Arceus-*|
|poke|p2|Yveltal|
|poke|p2|Zacian-*|
|poke|p2|Calyrex-Shadow|
|teampreview
|
|t:|1665847383
|start
|switch|p1a: Zygarde|Zygarde, shiny|100/100
|switch|p2a: Zacian|Zacian-Crowned, shiny|100/100
|-ability|p2a: Zacian|Intrepid Sword|boost
|-boost|p2a: Zacian|atk|1
|turn|1
|inactive|Battle timer is ON: inactive players will automatically lose when time's up. (requested by Diancie_hhh)
|
|t:|1665847387
|switch|p2a: Quagsire|Quagsire, M, shiny|100/100
|switch|p1a: Ho-Oh|Ho-Oh|100/100
|
|upkeep
|turn|2
|
|t:|1665847392
|switch|p2a: Tyranitar|Tyranitar, M, shiny|100/100
|-weather|Sandstorm|[from] ability: Sand Stream|[of] p2a: Tyranitar
|move|p1a: Ho-Oh|Toxic|p2a: Tyranitar
|-status|p2a: Tyranitar|tox
|
|-weather|Sandstorm|[upkeep]
|-damage|p1a: Ho-Oh|94/100|[from] Sandstorm
|-damage|p2a: Tyranitar|94/100 tox|[from] psn
|upkeep
|turn|3
|
|t:|1665847396
|switch|p1a: Zygarde|Zygarde, shiny|100/100
|move|p2a: Tyranitar|Stealth Rock|p1a: Zygarde
|-sidestart|p1: Diancie_hhh|move: Stealth Rock
|
|-weather|Sandstorm|[upkeep]
|-heal|p2a: Tyranitar|100/100 tox|[from] item: Leftovers
|-damage|p2a: Tyranitar|88/100 tox|[from] psn
|upkeep
|turn|4
|
|t:|1665847402
|switch|p2a: Quagsire|Quagsire, M, shiny|100/100
|move|p1a: Zygarde|Glare|p2a: Quagsire
|-status|p2a: Quagsire|par
|
|-weather|Sandstorm|[upkeep]
|upkeep
|turn|5
|
|t:|1665847407
|switch|p1a: Ho-Oh|Ho-Oh|100/100
|move|p2a: Quagsire|Toxic|p1a: Ho-Oh
|-status|p1a: Ho-Oh|tox
|
|-weather|Sandstorm|[upkeep]
|-damage|p1a: Ho-Oh|94/100 tox|[from] Sandstorm
|-damage|p1a: Ho-Oh|88/100 tox|[from] psn
|upkeep
|turn|6
|
|t:|1665847415
|move|p1a: Ho-Oh|Defog|p2a: Quagsire
|-unboost|p2a: Quagsire|evasion|1
|-sideend|p1: Diancie_hhh|Stealth Rock|[from] move: Defog|[of] p1a: Ho-Oh
|cant|p2a: Quagsire|par
|
|-weather|none
|-damage|p1a: Ho-Oh|76/100 tox|[from] psn
|upkeep
|turn|7
|
|t:|1665847423
|move|p1a: Ho-Oh|Sacred Fire|p2a: Quagsire
|-resisted|p2a: Quagsire
|-crit|p2a: Quagsire
|-damage|p2a: Quagsire|76/100 par
|move|p2a: Quagsire|Toxic|p1a: Ho-Oh
|-fail|p1a: Ho-Oh|tox
|
|-damage|p1a: Ho-Oh|58/100 tox|[from] psn
|upkeep
|turn|8
|
|t:|1665847432
|switch|p1a: Zygarde|Zygarde, shiny|100/100
|move|p2a: Quagsire|Toxic|p1a: Zygarde|[miss]
|-miss|p2a: Quagsire|p1a: Zygarde
|
|upkeep
|turn|9
|
|t:|1665847442
|move|p1a: Zygarde|Coil|p1a: Zygarde
|-boost|p1a: Zygarde|atk|1
|-boost|p1a: Zygarde|def|1
|-boost|p1a: Zygarde|accuracy|1
|move|p2a: Quagsire|Toxic|p1a: Zygarde
|-status|p1a: Zygarde|tox
|
|-damage|p1a: Zygarde|94/100 tox|[from] psn
|upkeep
|turn|10
|
|t:|1665847448
|move|p1a: Zygarde|Thousand Arrows|p2a: Quagsire
|-damage|p2a: Quagsire|55/100 par
|move|p2a: Quagsire|Haze|p2a: Quagsire
|-clearallboost
|
|-damage|p1a: Zygarde|82/100 tox|[from] psn
|upkeep
|turn|11
|
|t:|1665847457
|move|p1a: Zygarde|Coil|p1a: Zygarde
|-boost|p1a: Zygarde|atk|1
|-boost|p1a: Zygarde|def|1
|-boost|p1a: Zygarde|accuracy|1
|cant|p2a: Quagsire|par
|
|-damage|p1a: Zygarde|64/100 tox|[from] psn
|upkeep
|turn|12
|
|t:|1665847463
|move|p1a: Zygarde|Thousand Arrows|p2a: Quagsire
|-damage|p2a: Quagsire|31/100 par
|move|p2a: Quagsire|Recover|p2a: Quagsire
|-heal|p2a: Quagsire|81/100 par
|
|-damage|p1a: Zygarde|39/100 tox|[from] psn
|-activate|p1a: Zygarde|ability: Power Construct
|detailschange|p1a: Zygarde|Zygarde-Complete, shiny
|-heal|p1a: Zygarde|60/100 tox|[silent]
|upkeep
|turn|13
|
|t:|1665847470
|move|p1a: Zygarde|Thousand Arrows|p2a: Quagsire
|-damage|p2a: Quagsire|57/100 par
|move|p2a: Quagsire|Recover|p2a: Quagsire
|-heal|p2a: Quagsire|100/100 par
|
|-damage|p1a: Zygarde|29/100 tox|[from] psn
|upkeep
|turn|14
|
|t:|1665847477
|move|p1a: Zygarde|Rest|p1a: Zygarde
|-status|p1a: Zygarde|slp|[from] move: Rest
|-heal|p1a: Zygarde|100/100 slp|[silent]
|-enditem|p1a: Zygarde|Chesto Berry|[eat]
|-curestatus|p1a: Zygarde|slp|[msg]
|move|p2a: Quagsire|Scald|p1a: Zygarde
|-damage|p1a: Zygarde|92/100
|
|upkeep
|turn|15
|
|t:|1665847503
|switch|p1a: 大地之神|Groudon, shiny|100/100
|detailschange|p1a: 大地之神|Groudon-Primal, shiny
|-primal|p1a: 大地之神
|-weather|DesolateLand|[from] ability: Desolate Land|[of] p1a: 大地之神
|move|p2a: Quagsire|Toxic|p1a: 大地之神
|-status|p1a: 大地之神|tox
|
|-weather|DesolateLand|[upkeep]
|-damage|p1a: 大地之神|94/100 tox|[from] psn
|upkeep
|turn|16
|
|t:|1665847514
|switch|p2a: Yveltal|Yveltal, shiny|100/100
|-ability|p2a: Yveltal|Dark Aura
|move|p1a: 大地之神|Stealth Rock|p2a: Yveltal
|-sidestart|p2: seidou45|move: Stealth Rock
|
|-weather|DesolateLand|[upkeep]
|-damage|p1a: 大地之神|82/100 tox|[from] psn
|upkeep
|turn|17
|
|t:|1665847518
|-start|p2a: Yveltal|Dynamax|
|-heal|p2a: Yveltal|100/100|[silent]
|move|p2a: Yveltal|Max Airstream|p1a: 大地之神
|-damage|p1a: 大地之神|0 fnt
|-boost|p2a: Yveltal|spe|1
|faint|p1a: 大地之神
|-weather|none
|-damage|p2a: Yveltal|96/100|[from] item: Life Orb
|
|upkeep
|
|t:|1665847531
|switch|p1a: Zacian|Zacian-Crowned|100/100
|-ability|p1a: Zacian|Intrepid Sword|boost
|-boost|p1a: Zacian|atk|1
|turn|18
|
|t:|1665847534
|switch|p1a: Ho-Oh|Ho-Oh|91/100 tox
|move|p2a: Yveltal|Max Flare|p1a: Ho-Oh
|-resisted|p1a: Ho-Oh
|-damage|p1a: Ho-Oh|74/100 tox
|-weather|SunnyDay
|-damage|p2a: Yveltal|91/100|[from] item: Life Orb
|
|-weather|SunnyDay|[upkeep]
|-damage|p1a: Ho-Oh|68/100 tox|[from] psn
|upkeep
|turn|19
|
|t:|1665847548
|switch|p1a: Zacian|Zacian-Crowned|100/100
|-ability|p1a: Zacian|Intrepid Sword|boost
|-boost|p1a: Zacian|atk|1
|move|p2a: Yveltal|Max Airstream|p1a: Zacian
|-resisted|p1a: Zacian
|-damage|p1a: Zacian|51/100
|-boost|p2a: Yveltal|spe|1
|-damage|p2a: Yveltal|86/100|[from] item: Life Orb
|
|-weather|SunnyDay|[upkeep]
|upkeep
|-end|p2a: Yveltal|Dynamax
|-heal|p2a: Yveltal|86/100|[silent]
|turn|20
|
|t:|1665847558
|switch|p1a: Ho-Oh|Ho-Oh|100/100 tox
|move|p2a: Yveltal|Dark Pulse|p1a: Ho-Oh
|-damage|p1a: Ho-Oh|63/100 tox
|-damage|p2a: Yveltal|76/100|[from] item: Life Orb
|
|-weather|SunnyDay|[upkeep]
|-damage|p1a: Ho-Oh|57/100 tox|[from] psn
|upkeep
|turn|21
|
|t:|1665847563
|move|p2a: Yveltal|Dark Pulse|p1a: Ho-Oh
|-damage|p1a: Ho-Oh|17/100 tox
|-damage|p2a: Yveltal|66/100|[from] item: Life Orb
|move|p1a: Ho-Oh|Toxic|p2a: Yveltal
|-status|p2a: Yveltal|tox
|
|-weather|SunnyDay|[upkeep]
|-damage|p2a: Yveltal|60/100 tox|[from] psn
|-damage|p1a: Ho-Oh|5/100 tox|[from] psn
|upkeep
|turn|22
|
|t:|1665847575
|switch|p1a: Zacian|Zacian-Crowned|51/100
|-ability|p1a: Zacian|Intrepid Sword|boost
|-boost|p1a: Zacian|atk|1
|move|p2a: Yveltal|Dark Pulse|p1a: Zacian
|-resisted|p1a: Zacian
|-damage|p1a: Zacian|15/100
|-damage|p2a: Yveltal|50/100 tox|[from] item: Life Orb
|
|-weather|none
|-damage|p2a: Yveltal|38/100 tox|[from] psn
|upkeep
|turn|23
|
|t:|1665847589
|move|p2a: Yveltal|Dark Pulse|p1a: Zacian
|-resisted|p1a: Zacian
|-damage|p1a: Zacian|0 fnt
|faint|p1a: Zacian
|-damage|p2a: Yveltal|28/100 tox|[from] item: Life Orb
|
|-damage|p2a: Yveltal|9/100 tox|[from] psn
|upkeep
|
|t:|1665847594
|switch|p1a: Arceus|Arceus, shiny|100/100
|turn|24
|
|t:|1665847601
|switch|p2a: Calyrex|Calyrex-Shadow|100/100
|-ability|p2a: Calyrex|As One
|-ability|p2a: Calyrex|Unnerve
|-damage|p2a: Calyrex|88/100|[from] Stealth Rock
|move|p1a: Arceus|Extreme Speed|p2a: Calyrex
|-immune|p2a: Calyrex
|
|upkeep
|turn|25
|
|t:|1665847604
|-start|p1a: Arceus|Dynamax|
|-heal|p1a: Arceus|100/100|[silent]
|move|p2a: Calyrex|Trick|p1a: Arceus
|-activate|p2a: Calyrex|move: Trick|[of] p1a: Arceus
|-item|p1a: Arceus|Choice Scarf|[from] move: Trick
|-item|p2a: Calyrex|Life Orb|[from] move: Trick
|move|p1a: Arceus|Max Airstream|p2a: Calyrex
|-damage|p2a: Calyrex|38/100
|-boost|p1a: Arceus|spe|1
|
|upkeep
|turn|26
|
|t:|1665847614
|switch|p2a: Yveltal|Yveltal, shiny|9/100 tox
|-damage|p2a: Yveltal|0 fnt|[from] Stealth Rock
|faint|p2a: Yveltal
|move|p1a: Arceus|Max Airstream|p2: Yveltal|[notarget]
|-fail|p1a: Arceus
|
|upkeep
|
|t:|1665847633
|switch|p2a: Tyranitar|Tyranitar, M, shiny|88/100 tox
|-damage|p2a: Tyranitar|76/100 tox|[from] Stealth Rock
|-weather|Sandstorm|[from] ability: Sand Stream|[of] p2a: Tyranitar
|turn|27
|
|t:|1665847637
|move|p1a: Arceus|Max Strike|p2a: Tyranitar
|-resisted|p2a: Tyranitar
|-damage|p2a: Tyranitar|47/100 tox
|-unboost|p2a: Tyranitar|spe|1
|move|p2a: Tyranitar|Stealth Rock|p1a: Arceus
|-sidestart|p1: Diancie_hhh|move: Stealth Rock
|
|-weather|Sandstorm|[upkeep]
|-damage|p1a: Arceus|97/100|[from] Sandstorm
|-heal|p2a: Tyranitar|53/100 tox|[from] item: Leftovers
|-damage|p2a: Tyranitar|47/100 tox|[from] psn
|upkeep
|-end|p1a: Arceus|Dynamax
|-heal|p1a: Arceus|98/100|[silent]
|turn|28
|
|t:|1665847650
|switch|p1a: Ho-Oh|Ho-Oh|39/100 tox
|move|p2a: Tyranitar|Rest|p2a: Tyranitar
|-status|p2a: Tyranitar|slp|[from] move: Rest
|-heal|p2a: Tyranitar|100/100 slp|[silent]
|
|-weather|Sandstorm|[upkeep]
|-damage|p1a: Ho-Oh|33/100 tox|[from] Sandstorm
|-damage|p1a: Ho-Oh|26/100 tox|[from] psn
|upkeep
|turn|29
|
|t:|1665847659
|switch|p2a: Calyrex|Calyrex-Shadow|38/100
|-ability|p2a: Calyrex|As One
|-ability|p2a: Calyrex|Unnerve
|-damage|p2a: Calyrex|26/100|[from] Stealth Rock
|move|p1a: Ho-Oh|Roost|p1a: Ho-Oh
|-heal|p1a: Ho-Oh|76/100 tox
|-singleturn|p1a: Ho-Oh|move: Roost
|
|-weather|Sandstorm|[upkeep]
|-damage|p2a: Calyrex|19/100|[from] Sandstorm
|-damage|p1a: Ho-Oh|70/100 tox|[from] Sandstorm
|-damage|p1a: Ho-Oh|58/100 tox|[from] psn
|upkeep
|turn|30
|
|t:|1665847669
|switch|p1a: Arceus|Arceus, shiny|98/100
|-damage|p1a: Arceus|85/100|[from] Stealth Rock
|move|p2a: Calyrex|Trick|p1a: Arceus
|-activate|p2a: Calyrex|move: Trick|[of] p1a: Arceus
|-item|p1a: Arceus|Life Orb|[from] move: Trick
|-item|p2a: Calyrex|Choice Scarf|[from] move: Trick
|
|-weather|Sandstorm|[upkeep]
|-damage|p2a: Calyrex|13/100|[from] Sandstorm
|-damage|p1a: Arceus|79/100|[from] Sandstorm
|upkeep
|turn|31
|
|t:|1665847683
|move|p2a: Calyrex|Trick|p1a: Arceus
|-activate|p2a: Calyrex|move: Trick|[of] p1a: Arceus
|-item|p1a: Arceus|Choice Scarf|[from] move: Trick
|-item|p2a: Calyrex|Life Orb|[from] move: Trick
|move|p1a: Arceus|Swords Dance|p1a: Arceus
|-boost|p1a: Arceus|atk|2
|
|-weather|none
|upkeep
|turn|32
|
|t:|1665847691
|switch|p1a: Ho-Oh|Ho-Oh|92/100 tox
|move|p2a: Calyrex|Astral Barrage|p1a: Ho-Oh
|-damage|p1a: Ho-Oh|34/100 tox
|-damage|p2a: Calyrex|3/100|[from] item: Life Orb
|
|-damage|p1a: Ho-Oh|28/100 tox|[from] psn
|upkeep
|turn|33
|
|t:|1665847700
|switch|p1a: Arceus|Arceus, shiny|79/100
|-damage|p1a: Arceus|66/100|[from] Stealth Rock
|move|p2a: Calyrex|Psyshock|p1a: Arceus
|-damage|p1a: Arceus|22/100
|-damage|p2a: Calyrex|0 fnt|[from] item: Life Orb
|faint|p2a: Calyrex
|
|upkeep
|
|t:|1665847718
|switch|p2a: Arceus|Arceus, shiny|100/100
|-damage|p2a: Arceus|88/100|[from] Stealth Rock
|turn|34
|
|t:|1665847722
|move|p1a: Arceus|Extreme Speed|p2a: Arceus
|-damage|p2a: Arceus|53/100
|move|p2a: Arceus|Extreme Speed|p1a: Arceus
|-damage|p1a: Arceus|0 fnt
|faint|p1a: Arceus
|
|upkeep
|
|t:|1665847730
|switch|p1a: Zygarde|Zygarde-Complete, shiny|92/100
|-damage|p1a: Zygarde|86/100|[from] Stealth Rock
|turn|35
|
|t:|1665847733
|switch|p2a: Quagsire|Quagsire, M, shiny|100/100 par
|-damage|p2a: Quagsire|94/100 par|[from] Stealth Rock
|move|p1a: Zygarde|Glare|p2a: Quagsire
|-fail|p2a: Quagsire|par
|
|upkeep
|turn|36
|
|t:|1665847739
|switch|p1a: Ho-Oh|Ho-Oh|61/100 tox
|move|p2a: Quagsire|Toxic|p1a: Ho-Oh
|-fail|p1a: Ho-Oh|tox
|
|-damage|p1a: Ho-Oh|55/100 tox|[from] psn
|upkeep
|turn|37
|
|t:|1665847744
|move|p1a: Ho-Oh|Roost|p1a: Ho-Oh
|-heal|p1a: Ho-Oh|100/100 tox
|-singleturn|p1a: Ho-Oh|move: Roost
|move|p2a: Quagsire|Scald|p1a: Ho-Oh
|-supereffective|p1a: Ho-Oh
|-damage|p1a: Ho-Oh|83/100 tox
|
|-damage|p1a: Ho-Oh|71/100 tox|[from] psn
|upkeep
|turn|38
|
|t:|1665847767
|move|p1a: Ho-Oh|Roost|p1a: Ho-Oh
|-heal|p1a: Ho-Oh|100/100 tox
|-singleturn|p1a: Ho-Oh|move: Roost
|move|p2a: Quagsire|Scald|p1a: Ho-Oh
|-supereffective|p1a: Ho-Oh
|-damage|p1a: Ho-Oh|83/100 tox
|
|-damage|p1a: Ho-Oh|64/100 tox|[from] psn
|upkeep
|turn|39
|
|t:|1665847774
|switch|p1a: Zygarde|Zygarde-Complete, shiny|86/100
|-damage|p1a: Zygarde|80/100|[from] Stealth Rock
|move|p2a: Quagsire|Scald|p1a: Zygarde
|-crit|p1a: Zygarde
|-damage|p1a: Zygarde|66/100
|
|upkeep
|turn|40
|
|t:|1665847788
|move|p1a: Zygarde|Coil|p1a: Zygarde
|-boost|p1a: Zygarde|atk|1
|-boost|p1a: Zygarde|def|1
|-boost|p1a: Zygarde|accuracy|1
|move|p2a: Quagsire|Scald|p1a: Zygarde
|-damage|p1a: Zygarde|57/100
|
|upkeep
|turn|41
|
|t:|1665847798
|move|p1a: Zygarde|Coil|p1a: Zygarde
|-boost|p1a: Zygarde|atk|1
|-boost|p1a: Zygarde|def|1
|-boost|p1a: Zygarde|accuracy|1
|move|p2a: Quagsire|Scald|p1a: Zygarde
|-damage|p1a: Zygarde|48/100
|
|upkeep
|turn|42
|
|t:|1665847809
|move|p1a: Zygarde|Coil|p1a: Zygarde
|-boost|p1a: Zygarde|atk|1
|-boost|p1a: Zygarde|def|1
|-boost|p1a: Zygarde|accuracy|1
|move|p2a: Quagsire|Haze|p2a: Quagsire
|-clearallboost
|
|upkeep
|turn|43
|
|t:|1665847818
|move|p1a: Zygarde|Coil|p1a: Zygarde
|-boost|p1a: Zygarde|atk|1
|-boost|p1a: Zygarde|def|1
|-boost|p1a: Zygarde|accuracy|1
|move|p2a: Quagsire|Scald|p1a: Zygarde
|-damage|p1a: Zygarde|39/100
|
|upkeep
|turn|44
|
|t:|1665847825
|move|p1a: Zygarde|Rest|p1a: Zygarde
|-status|p1a: Zygarde|slp|[from] move: Rest
|-heal|p1a: Zygarde|100/100 slp|[silent]
|move|p2a: Quagsire|Haze|p2a: Quagsire
|-clearallboost
|
|upkeep
|turn|45
|
|t:|1665847831
|switch|p2a: Arceus|Arceus, shiny|53/100
|-damage|p2a: Arceus|41/100|[from] Stealth Rock
|cant|p1a: Zygarde|slp
|
|upkeep
|turn|46
|
|t:|1665847836
|move|p2a: Arceus|Trick|p1a: Zygarde
|-activate|p2a: Arceus|move: Trick|[of] p1a: Zygarde
|-item|p1a: Zygarde|Choice Band|[from] move: Trick
|-enditem|p2a: Arceus|Choice Band|[silent]|[from] move: Trick
|cant|p1a: Zygarde|slp
|
|upkeep
|turn|47
|
|t:|1665847845
|switch|p2a: Quagsire|Quagsire, M, shiny|94/100 par
|-damage|p2a: Quagsire|88/100 par|[from] Stealth Rock
|-curestatus|p1a: Zygarde|slp|[msg]
|move|p1a: Zygarde|Thousand Arrows|p2a: Quagsire
|-damage|p2a: Quagsire|52/100 par
|
|upkeep
|turn|48
|
|t:|1665847848
|move|p1a: Zygarde|Thousand Arrows|p2a: Quagsire
|-damage|p2a: Quagsire|16/100 par
|cant|p2a: Quagsire|par
|
|upkeep
|turn|49
|
|t:|1665847853
|move|p1a: Zygarde|Thousand Arrows|p2a: Quagsire
|-damage|p2a: Quagsire|0 fnt
|faint|p2a: Quagsire
|
|upkeep
|
|t:|1665847855
|switch|p2a: Zacian|Zacian-Crowned, shiny|100/100
|-damage|p2a: Zacian|94/100|[from] Stealth Rock
|-ability|p2a: Zacian|Intrepid Sword|boost
|-boost|p2a: Zacian|atk|1
|turn|50
|
|t:|1665847858
|move|p2a: Zacian|Behemoth Blade|p1a: Zygarde
|-damage|p1a: Zygarde|60/100
|move|p1a: Zygarde|Thousand Arrows|p2a: Zacian
|-supereffective|p2a: Zacian
|-damage|p2a: Zacian|18/100
|
|upkeep
|turn|51
|
|t:|1665847867
|switch|p1a: Ho-Oh|Ho-Oh|98/100 tox
|move|p2a: Zacian|Behemoth Blade|p1a: Ho-Oh
|-resisted|p1a: Ho-Oh
|-damage|p1a: Ho-Oh|46/100 tox
|
|-damage|p1a: Ho-Oh|40/100 tox|[from] psn
|upkeep
|turn|52
|
|t:|1665847875
|move|p2a: Zacian|Behemoth Blade|p1a: Ho-Oh
|-resisted|p1a: Ho-Oh
|-damage|p1a: Ho-Oh|0 fnt
|faint|p1a: Ho-Oh
|
|upkeep
|
|t:|1665847886
|switch|p1a: Weavile|Weavile, F, shiny|100/100
|-damage|p1a: Weavile|76/100|[from] Stealth Rock
|-ability|p1a: Weavile|Pressure
|turn|53
|
|t:|1665847888
|move|p1a: Weavile|Triple Axel|p2a: Zacian
|-resisted|p2a: Zacian
|-damage|p2a: Zacian|14/100
|-resisted|p2a: Zacian
|-damage|p2a: Zacian|6/100
|-resisted|p2a: Zacian
|-damage|p2a: Zacian|0 fnt
|faint|p2a: Zacian
|-hitcount|p2: Zacian|3
|
|upkeep
|
|t:|1665847894
|switch|p2a: Arceus|Arceus, shiny|41/100
|-damage|p2a: Arceus|28/100|[from] Stealth Rock
|turn|54
|
|t:|1665847903
|switch|p1a: Zygarde|Zygarde-Complete, shiny|60/100
|-damage|p1a: Zygarde|54/100|[from] Stealth Rock
|move|p2a: Arceus|Extreme Speed|p1a: Zygarde
|-damage|p1a: Zygarde|39/100
|
|upkeep
|turn|55
|
|t:|1665847916
|move|p2a: Arceus|Extreme Speed|p1a: Zygarde
|-damage|p1a: Zygarde|22/100
|move|p1a: Zygarde|Thousand Arrows|p2a: Arceus
|-damage|p2a: Arceus|0 fnt
|faint|p2a: Arceus
|
|upkeep
|-message|seidou45 forfeited.
|
|win|Diancie_hhh
|raw|Diancie_hhh's rating: 1789 &rarr; <strong>1814</strong><br />(+25 for winning)
|raw|seidou45's rating: 1877 &rarr; <strong>1852</strong><br />(-25 for losing)
|l|☆seidou45
||Ladder isn't responding, score probably updated but might not have (Request timeout).
