|j|☆Speedywide
|j|☆MiguelRRM
|t:|1631642953
|gametype|singles
|player|p1|Speedywide|169|1647
|player|p2|MiguelRRM|lucas|1911
|teamsize|p1|6
|teamsize|p2|6
|gen|8
|tier|[Gen 8] National Dex AG
|rated|
|rule|HP Percentage Mod: HP is shown in percentages
|rule|Endless Battle Clause: Forcing endless battles is banned
|clearpoke
|poke|p1|Calyrex-Shadow|
|poke|p1|Kyogre|
|poke|p1|Rayquaza|
|poke|p1|Zacian-*|
|poke|p1|Groudon|
|poke|p1|Arceus-*|
|poke|p2|Marshadow|
|poke|p2|Yveltal|
|poke|p2|Rayquaza|
|poke|p2|Zacian-*|
|poke|p2|Arceus-*|
|poke|p2|Groudon|
|teampreview
|inactive|Battle timer is ON: inactive players will automatically lose when time's up. (requested by Speedywide)
|
|t:|1631642959
|start
|switch|p1a: Rayquaza|Rayquaza|100/100
|switch|p2a: Rayquaza|Rayquaza|100/100
|-ability|p1a: Rayquaza|Air Lock
|-ability|p2a: Rayquaza|Air Lock
|turn|1
|
|t:|1631642968
|switch|p2a: Zacian|Zacian-Crowned|100/100
|-ability|p2a: Zacian|Intrepid Sword|boost
|-boost|p2a: Zacian|atk|1
|detailschange|p1a: Rayquaza|Rayquaza-Mega
|-mega|p1a: Rayquaza|Rayquaza|
|-weather|DeltaStream|[from] ability: Delta Stream|[of] p1a: Rayquaza
|move|p1a: Rayquaza|Dragon Dance|p1a: Rayquaza
|-boost|p1a: Rayquaza|atk|1
|-boost|p1a: Rayquaza|spe|1
|
|-weather|DeltaStream|[upkeep]
|upkeep
|turn|2
|
|t:|1631642973
|move|p1a: Rayquaza|Dragon Dance|p1a: Rayquaza
|-boost|p1a: Rayquaza|atk|1
|-boost|p1a: Rayquaza|spe|1
|move|p2a: Zacian|Behemoth Blade|p1a: Rayquaza
|-damage|p1a: Rayquaza|15/100
|
|-weather|DeltaStream|[upkeep]
|upkeep
|turn|3
|
|t:|1631642978
|switch|p2a: Rayquaza|Rayquaza|100/100
|-ability|p2a: Rayquaza|Air Lock
|move|p1a: Rayquaza|V-create|p2a: Rayquaza
|-resisted|p2a: Rayquaza
|-damage|p2a: Rayquaza|23/100
|-unboost|p1a: Rayquaza|spe|1
|-unboost|p1a: Rayquaza|def|1
|-unboost|p1a: Rayquaza|spd|1
|
|-weather|DeltaStream|[upkeep]
|upkeep
|turn|4
|
|t:|1631642982
|detailschange|p2a: Rayquaza|Rayquaza-Mega
|-mega|p2a: Rayquaza|Rayquaza|
|move|p1a: Rayquaza|Extreme Speed|p2a: Rayquaza
|-damage|p2a: Rayquaza|0 fnt
|faint|p2a: Rayquaza
|
|-weather|DeltaStream|[upkeep]
|upkeep
|
|t:|1631642983
|switch|p2a: Marshadow|Marshadow|100/100
|turn|5
|
|t:|1631642991
|move|p1a: Rayquaza|Dragon Ascent|p2a: Marshadow
|-supereffective|p2a: Marshadow
|-enditem|p2a: Marshadow|Focus Sash
|-damage|p2a: Marshadow|1/100
|-unboost|p1a: Rayquaza|def|1
|-unboost|p1a: Rayquaza|spd|1
|move|p2a: Marshadow|Spectral Thief||[still]
|-clearpositiveboost|p1a: Rayquaza|p2a: Marshadow|move: Spectral Thief
|-boost|p2a: Marshadow|atk|2
|-boost|p2a: Marshadow|spe|1
|-anim|p2a: Marshadow|Spectral Thief|p1a: Rayquaza
|-damage|p1a: Rayquaza|0 fnt
|faint|p1a: Rayquaza
|-weather|none
|
|upkeep
|
|t:|1631642996
|switch|p1a: Groudon|Groudon|100/100
|detailschange|p1a: Groudon|Groudon-Primal
|-primal|p1a: Groudon
|-weather|DesolateLand|[from] ability: Desolate Land|[of] p1a: Groudon
|turn|6
|
|t:|1631642999
|move|p2a: Marshadow|Drain Punch|p1a: Groudon
|-damage|p1a: Groudon|57/100
|-heal|p2a: Marshadow|24/100|[from] drain|[of] p1a: Groudon
|move|p1a: Groudon|Fire Punch|p2a: Marshadow
|-damage|p2a: Marshadow|0 fnt
|faint|p2a: Marshadow
|
|-weather|DesolateLand|[upkeep]
|upkeep
|
|t:|1631643005
|switch|p2a: Arceus|Arceus-Ground|100/100
|turn|7
|
|t:|1631643010
|move|p2a: Arceus|Rock Tomb|p1a: Groudon
|-damage|p1a: Groudon|49/100
|-unboost|p1a: Groudon|spe|1
|move|p1a: Groudon|Stealth Rock|p2a: Arceus
|-sidestart|p2: MiguelRRM|move: Stealth Rock
|
|-weather|DesolateLand|[upkeep]
|upkeep
|turn|8
|
|t:|1631643016
|move|p2a: Arceus|Defog|p1a: Groudon
|-unboost|p1a: Groudon|evasion|1
|-sideend|p2: MiguelRRM|Stealth Rock|[from] move: Defog|[of] p2a: Arceus
|move|p1a: Groudon|Precipice Blades|p2a: Arceus
|-damage|p2a: Arceus|50/100
|
|-weather|DesolateLand|[upkeep]
|upkeep
|turn|9
|
|t:|1631643019
|move|p2a: Arceus|Recover|p2a: Arceus
|-heal|p2a: Arceus|99/100
|move|p1a: Groudon|Stealth Rock|p2a: Arceus
|-sidestart|p2: MiguelRRM|move: Stealth Rock
|
|-weather|DesolateLand|[upkeep]
|upkeep
|turn|10
|
|t:|1631643024
|move|p2a: Arceus|Defog|p1a: Groudon
|-unboost|p1a: Groudon|evasion|1
|-sideend|p2: MiguelRRM|Stealth Rock|[from] move: Defog|[of] p2a: Arceus
|move|p1a: Groudon|Precipice Blades|p2a: Arceus
|-damage|p2a: Arceus|49/100
|
|-weather|DesolateLand|[upkeep]
|upkeep
|turn|11
|
|t:|1631643026
|move|p2a: Arceus|Recover|p2a: Arceus
|-heal|p2a: Arceus|99/100
|move|p1a: Groudon|Stealth Rock|p2a: Arceus
|-sidestart|p2: MiguelRRM|move: Stealth Rock
|
|-weather|DesolateLand|[upkeep]
|upkeep
|turn|12
|
|t:|1631643030
|move|p2a: Arceus|Defog|p1a: Groudon
|-unboost|p1a: Groudon|evasion|1
|-sideend|p2: MiguelRRM|Stealth Rock|[from] move: Defog|[of] p2a: Arceus
|move|p1a: Groudon|Fire Punch|p2a: Arceus
|-damage|p2a: Arceus|48/100
|
|-weather|DesolateLand|[upkeep]
|upkeep
|turn|13
|
|t:|1631643032
|move|p2a: Arceus|Recover|p2a: Arceus
|-heal|p2a: Arceus|98/100
|move|p1a: Groudon|Stealth Rock|p2a: Arceus
|-sidestart|p2: MiguelRRM|move: Stealth Rock
|
|-weather|DesolateLand|[upkeep]
|upkeep
|turn|14
|
|t:|1631643036
|move|p2a: Arceus|Defog|p1a: Groudon
|-unboost|p1a: Groudon|evasion|1
|-sideend|p2: MiguelRRM|Stealth Rock|[from] move: Defog|[of] p2a: Arceus
|move|p1a: Groudon|Stealth Rock|p2a: Arceus
|-sidestart|p2: MiguelRRM|move: Stealth Rock
|
|-weather|DesolateLand|[upkeep]
|upkeep
|turn|15
|
|t:|1631643039
|move|p2a: Arceus|Rock Tomb|p1a: Groudon
|-damage|p1a: Groudon|42/100
|-unboost|p1a: Groudon|spe|1
|move|p1a: Groudon|Fire Punch|p2a: Arceus
|-damage|p2a: Arceus|45/100
|
|-weather|DesolateLand|[upkeep]
|upkeep
|turn|16
|
|t:|1631643043
|move|p2a: Arceus|Recover|p2a: Arceus
|-heal|p2a: Arceus|95/100
|move|p1a: Groudon|Fire Punch|p2a: Arceus
|-damage|p2a: Arceus|46/100
|
|-weather|DesolateLand|[upkeep]
|upkeep
|turn|17
|
|t:|1631643048
|move|p2a: Arceus|Recover|p2a: Arceus
|-heal|p2a: Arceus|96/100
|move|p1a: Groudon|Fire Punch|p2a: Arceus
|-damage|p2a: Arceus|41/100
|
|-weather|DesolateLand|[upkeep]
|upkeep
|turn|18
|
|t:|1631643051
|move|p2a: Arceus|Defog|p1a: Groudon
|-unboost|p1a: Groudon|evasion|1
|-sideend|p2: MiguelRRM|Stealth Rock|[from] move: Defog|[of] p2a: Arceus
|move|p1a: Groudon|Fire Punch|p2a: Arceus
|-damage|p2a: Arceus|0 fnt
|faint|p2a: Arceus
|
|-weather|DesolateLand|[upkeep]
|upkeep
|
|t:|1631643058
|switch|p2a: Yveltal|Yveltal|100/100
|-ability|p2a: Yveltal|Dark Aura
|turn|19
|
|t:|1631643062
|move|p2a: Yveltal|Dark Pulse|p1a: Groudon
|-damage|p1a: Groudon|0 fnt
|faint|p1a: Groudon
|-weather|none
|-damage|p2a: Yveltal|91/100|[from] item: Life Orb
|
|upkeep
|
|t:|1631643065
|switch|p1a: Zacian|Zacian-Crowned|100/100
|-ability|p1a: Zacian|Intrepid Sword|boost
|-boost|p1a: Zacian|atk|1
|turn|20
|
|t:|1631643069
|switch|p2a: Groudon|Groudon|100/100
|detailschange|p2a: Groudon|Groudon-Primal
|-primal|p2a: Groudon
|-weather|DesolateLand|[from] ability: Desolate Land|[of] p2a: Groudon
|move|p1a: Zacian|Play Rough|p2a: Groudon|[miss]
|-miss|p1a: Zacian|p2a: Groudon
|
|-weather|DesolateLand|[upkeep]
|upkeep
|turn|21
|
|t:|1631643076
|switch|p1a: Arceus|Arceus|100/100
|move|p2a: Groudon|Rock Tomb|p1a: Arceus
|-damage|p1a: Arceus|85/100
|-unboost|p1a: Arceus|spe|1
|
|-weather|DesolateLand|[upkeep]
|upkeep
|turn|22
|
|t:|1631643081
|move|p1a: Arceus|Swords Dance|p1a: Arceus
|-boost|p1a: Arceus|atk|2
|move|p2a: Groudon|Toxic|p1a: Arceus
|-status|p1a: Arceus|tox
|
|-weather|DesolateLand|[upkeep]
|-damage|p1a: Arceus|79/100 tox|[from] psn
|upkeep
|turn|23
|
|t:|1631643083
|move|p1a: Arceus|Earthquake|p2a: Groudon
|-supereffective|p2a: Groudon
|-damage|p2a: Groudon|5/100
|-damage|p1a: Arceus|69/100 tox|[from] item: Life Orb
|move|p2a: Groudon|Stealth Rock|p1a: Arceus
|-sidestart|p1: Speedywide|move: Stealth Rock
|
|-weather|DesolateLand|[upkeep]
|-damage|p1a: Arceus|57/100 tox|[from] psn
|upkeep
|turn|24
|
|t:|1631643086
|move|p1a: Arceus|Extreme Speed|p2a: Groudon
|-crit|p2a: Groudon
|-damage|p2a: Groudon|0 fnt
|faint|p2a: Groudon
|-weather|none
|-damage|p1a: Arceus|47/100 tox|[from] item: Life Orb
|
|-damage|p1a: Arceus|29/100 tox|[from] psn
|upkeep
|
|t:|1631643087
|switch|p2a: Zacian|Zacian-Crowned|100/100
|-ability|p2a: Zacian|Intrepid Sword|boost
|-boost|p2a: Zacian|atk|1
|turn|25
|
|t:|1631643089
|move|p1a: Arceus|Extreme Speed|p2a: Zacian
|-resisted|p2a: Zacian
|-damage|p2a: Zacian|57/100
|-damage|p1a: Arceus|19/100 tox|[from] item: Life Orb
|move|p2a: Zacian|Behemoth Blade|p1a: Arceus
|-damage|p1a: Arceus|0 fnt
|faint|p1a: Arceus
|
|upkeep
|
|t:|1631643094
|switch|p1a: Kyogre|Kyogre|100/100
|-damage|p1a: Kyogre|88/100|[from] Stealth Rock
|-weather|RainDance|[from] ability: Drizzle|[of] p1a: Kyogre
|turn|26
|
|t:|1631643097
|move|p1a: Kyogre|Water Spout|p2a: Zacian
|-damage|p2a: Zacian|0 fnt
|faint|p2a: Zacian
|
|-weather|RainDance|[upkeep]
|upkeep
|
|t:|1631643098
|switch|p2a: Yveltal|Yveltal|91/100
|-ability|p2a: Yveltal|Dark Aura
|turn|27
|
|t:|1631643103
|-start|p1a: Kyogre|Dynamax
|-heal|p1a: Kyogre|88/100|[silent]
|-start|p2a: Yveltal|Dynamax
|-heal|p2a: Yveltal|91/100|[silent]
|move|p1a: Kyogre|Max Geyser|p2a: Yveltal
|-damage|p2a: Yveltal|29/100
|move|p2a: Yveltal|Max Airstream|p1a: Kyogre
|-damage|p1a: Kyogre|52/100
|-boost|p2a: Yveltal|spe|1
|-damage|p2a: Yveltal|24/100|[from] item: Life Orb
|
|-weather|RainDance|[upkeep]
|upkeep
|turn|28
|
|t:|1631643107
|move|p2a: Yveltal|Max Darkness|p1a: Kyogre
|-damage|p1a: Kyogre|3/100
|-unboost|p1a: Kyogre|spd|1
|-damage|p2a: Yveltal|19/100|[from] item: Life Orb
|move|p1a: Kyogre|Max Geyser|p2a: Yveltal
|-damage|p2a: Yveltal|0 fnt
|faint|p2a: Yveltal
|
|win|Speedywide
|raw|Speedywide's rating: 1647 &rarr; <strong>1680</strong><br />(+33 for winning)
|raw|MiguelRRM's rating: 1911 &rarr; <strong>1878</strong><br />(-33 for losing)
|l|☆Speedywide
