|j|☆HisuianVoltorbCute
|j|☆MVP2536
|t:|1661693125
|gametype|singles
|player|p1|HisuianVoltorbCute|caitlin|
|player|p2|MVP2536|giovanni|
|teamsize|p1|6
|teamsize|p2|6
|gen|8
|tier|[Gen 8] National Dex AG
|rule|HP Percentage Mod: HP is shown in percentages
|rule|Endless Battle Clause: Forcing endless battles is banned
|clearpoke
|poke|p1|Excadrill, M|
|poke|p1|Celesteela|
|poke|p1|Zekrom|
|poke|p1|Dragapult, M|
|poke|p1|Weavile, M|
|poke|p1|Blastoise, M|
|poke|p2|Blaziken, F|
|poke|p2|Rotom-Wash|
|poke|p2|Weezing-Galar, F|
|poke|p2|Aegislash, F|
|poke|p2|Zarude-Dada|
|poke|p2|Krookodile, F|
|teampreview
|inactive|Battle timer is ON: inactive players will automatically lose when time's up. (requested by HisuianVoltorbCute)
|c|☆HisuianVoltorbCute|nice team
|
|t:|1661693142
|start
|switch|p1a: Excadrill|Excadrill, M|100/100
|switch|p2a: Zarude|Zarude-Dada|100/100
|-ability|p1a: Excadrill|Mold Breaker
|turn|1
|c|☆MVP2536|thx
|c|☆HisuianVoltorbCute|glhf
|c|☆MVP2536|made it myself
|c|☆MVP2536|hf
|
|t:|1661693154
|move|p2a: Zarude|Darkest Lariat|p1a: Excadrill
|-damage|p1a: Excadrill|44/100
|move|p1a: Excadrill|Stealth Rock|p2a: Zarude
|-sidestart|p2: MVP2536|move: Stealth Rock
|
|upkeep
|turn|2
|
|t:|1661693160
|move|p2a: Zarude|Darkest Lariat|p1a: Excadrill
|-damage|p1a: Excadrill|0 fnt
|faint|p1a: Excadrill
|
|upkeep
|
|t:|1661693167
|switch|p1a: Weavile|Weavile, M|100/100
|turn|3
|
|t:|1661693171
|switch|p2a: Rotom|Rotom-Wash|100/100
|-damage|p2a: Rotom|88/100|[from] Stealth Rock
|move|p1a: Weavile|Triple Axel|p2a: Rotom
|-resisted|p2a: Rotom
|-damage|p2a: Rotom|84/100
|-damage|p1a: Weavile|84/100|[from] item: Rocky Helmet|[of] p2a: Rotom
|-resisted|p2a: Rotom
|-damage|p2a: Rotom|76/100
|-damage|p1a: Weavile|68/100|[from] item: Rocky Helmet|[of] p2a: Rotom
|-resisted|p2a: Rotom
|-damage|p2a: Rotom|64/100
|-damage|p1a: Weavile|51/100|[from] item: Rocky Helmet|[of] p2a: Rotom
|-hitcount|p2a: Rotom|3
|
|upkeep
|turn|4
|
|t:|1661693189
|move|p1a: Weavile|Knock Off|p2a: Rotom
|-damage|p2a: Rotom|30/100
|-damage|p1a: Weavile|35/100|[from] item: Rocky Helmet|[of] p2a: Rotom
|-enditem|p2a: Rotom|Rocky Helmet|[from] move: Knock Off|[of] p1a: Weavile
|move|p2a: Rotom|Volt Switch|p1a: Weavile
|-damage|p1a: Weavile|2/100
|c|☆HisuianVoltorbCute|pog
|
|t:|1661693199
|switch|p2a: Aegislash|Aegislash, F|100/100|[from]move: Volt Switch
|-damage|p2a: Aegislash|94/100|[from] Stealth Rock
|
|-heal|p2a: Aegislash|100/100|[from] item: Leftovers
|upkeep
|turn|5
|c|☆HisuianVoltorbCute|idk how Weavile survived
|
|t:|1661693207
|-formechange|p2a: Aegislash|Aegislash-Blade||[from] ability: Stance Change
|move|p2a: Aegislash|Shadow Sneak|p1a: Weavile
|-resisted|p1a: Weavile
|-damage|p1a: Weavile|0 fnt
|faint|p1a: Weavile
|
|upkeep
|c|☆HisuianVoltorbCute|priority
|c|☆MVP2536|because i got no investment on range attack
|
|t:|1661693226
|switch|p1a: Celesteela|Celesteela|100/100
|turn|6
|c|☆MVP2536|thats why it lived
|
|t:|1661693232
|switch|p2a: Rotom|Rotom-Wash|30/100
|-damage|p2a: Rotom|18/100|[from] Stealth Rock
|move|p1a: Celesteela|Autotomize|p1a: Celesteela
|-boost|p1a: Celesteela|spe|2
|-start|p1a: Celesteela|Autotomize
|
|upkeep
|turn|7
|c|☆HisuianVoltorbCute|i have like no priority
|
|t:|1661693250
|switch|p2a: Aegislash|Aegislash, F|100/100
|-damage|p2a: Aegislash|94/100|[from] Stealth Rock
|move|p1a: Celesteela|Air Slash|p2a: Aegislash
|-resisted|p2a: Aegislash
|-damage|p2a: Aegislash|83/100
|
|-heal|p2a: Aegislash|89/100|[from] item: Leftovers
|upkeep
|turn|8
|c|☆MVP2536|weevil got no ice shard?
|c|☆HisuianVoltorbCute|nope
|c|☆HisuianVoltorbCute|triple axel
|
|t:|1661693267
|move|p1a: Celesteela|Flamethrower|p2a: Aegislash
|-supereffective|p2a: Aegislash
|-damage|p2a: Aegislash|51/100
|-formechange|p2a: Aegislash|Aegislash-Blade||[from] ability: Stance Change
|move|p2a: Aegislash|Flash Cannon|p1a: Celesteela
|-resisted|p1a: Celesteela
|-damage|p1a: Celesteela|85/100
|
|-heal|p2a: Aegislash|58/100|[from] item: Leftovers
|upkeep
|turn|9
|c|☆MVP2536|ah
|
|t:|1661693283
|switch|p2a: Rotom|Rotom-Wash|18/100
|-damage|p2a: Rotom|6/100|[from] Stealth Rock
|move|p1a: Celesteela|Flamethrower|p2a: Rotom
|-resisted|p2a: Rotom
|-damage|p2a: Rotom|0 fnt
|faint|p2a: Rotom
|-ability|p1a: Celesteela|Beast Boost|boost
|-boost|p1a: Celesteela|spa|1
|
|upkeep
|
|t:|1661693304
|switch|p2a: Krookodile|Krookodile, F|100/100
|-damage|p2a: Krookodile|94/100|[from] Stealth Rock
|turn|10
|c|☆HisuianVoltorbCute|i really need to do predicting
|c|☆HisuianVoltorbCute|still fanited tho
|
|t:|1661693312
|move|p1a: Celesteela|Air Slash|p2a: Krookodile
|-crit|p2a: Krookodile
|-damage|p2a: Krookodile|0 fnt
|faint|p2a: Krookodile
|-ability|p1a: Celesteela|Beast Boost|boost
|-boost|p1a: Celesteela|spa|1
|
|upkeep
|c|☆MVP2536|bruh crit
|inactive|MVP2536 has 270 seconds left.
|
|t:|1661693332
|switch|p2a: Blaziken|Blaziken, F|100/100
|-damage|p2a: Blaziken|88/100|[from] Stealth Rock
|turn|11
|c|☆MVP2536|i think i lose because of that
|
|t:|1661693341
|detailschange|p2a: Blaziken|Blaziken-Mega, F
|-mega|p2a: Blaziken|Blaziken|Blazikenite
|move|p1a: Celesteela|Air Slash|p2a: Blaziken
|-supereffective|p2a: Blaziken
|-damage|p2a: Blaziken|0 fnt
|faint|p2a: Blaziken
|-ability|p1a: Celesteela|Beast Boost|boost
|-boost|p1a: Celesteela|spa|1
|
|upkeep
|c|☆HisuianVoltorbCute|yes
|c|☆MVP2536|ye gg
|inactive|MVP2536 has 270 seconds left.
|c|☆MVP2536|i got an idea for a mon now
|inactive|MVP2536 has 240 seconds left.
|c|☆HisuianVoltorbCute|glalie will be shocked to find out i win
|c|☆HisuianVoltorbCute|lol
|-message|MVP2536 forfeited.
|
|win|HisuianVoltorbCute
|c|☆MVP2536|gg
|c|☆MVP2536|u can send replay
