|j|☆DECLANO196
|j|☆batsanj
|t:|1665637808
|gametype|singles
|player|p1|DECLANO196|266|1788
|player|p2|batsanj|red|1681
|teamsize|p1|6
|teamsize|p2|6
|gen|8
|tier|[Gen 8] National Dex AG
|rated|
|rule|HP Percentage Mod: HP is shown in percentages
|rule|Endless Battle Clause: Forcing endless battles is banned
|clearpoke
|poke|p1|Marshadow|
|poke|p1|Ho-Oh|
|poke|p1|Lugia|
|poke|p1|Yveltal|
|poke|p1|Chansey, F|
|poke|p1|Ditto|
|poke|p2|Rayquaza|
|poke|p2|Groudon|
|poke|p2|Arceus-*|
|poke|p2|Calyrex-Shadow|
|poke|p2|Marshadow|
|poke|p2|Xerneas-*|
|teampreview
|
|t:|1665637827
|start
|switch|p1a: Lugia|Lugia|100/100
|switch|p2a: Groudon|Groudon|100/100
|detailschange|p2a: Groudon|Groudon-Primal
|-primal|p2a: Groudon
|-weather|DesolateLand|[from] ability: Desolate Land|[of] p2a: Groudon
|turn|1
|inactive|Battle timer is ON: inactive players will automatically lose when time's up. (requested by batsanj)
|
|t:|1665637836
|move|p2a: Groudon|Toxic|p1a: Lugia
|-status|p1a: Lugia|tox
|move|p1a: Lugia|Reflect|p1a: Lugia
|-sidestart|p1: DECLANO196|Reflect
|
|-weather|DesolateLand|[upkeep]
|-damage|p1a: Lugia|94/100 tox|[from] psn
|upkeep
|turn|2
|
|t:|1665637841
|move|p2a: Groudon|Fire Punch|p1a: Lugia
|-damage|p1a: Lugia|73/100 tox
|move|p1a: Lugia|Toxic|p2a: Groudon
|-status|p2a: Groudon|tox
|
|-weather|DesolateLand|[upkeep]
|-damage|p2a: Groudon|94/100 tox|[from] psn
|-damage|p1a: Lugia|61/100 tox|[from] psn
|upkeep
|turn|3
|
|t:|1665637848
|move|p2a: Groudon|Fire Punch|p1a: Lugia
|-damage|p1a: Lugia|41/100 tox
|move|p1a: Lugia|Roost|p1a: Lugia
|-heal|p1a: Lugia|91/100 tox
|-singleturn|p1a: Lugia|move: Roost
|
|-weather|DesolateLand|[upkeep]
|-damage|p2a: Groudon|82/100 tox|[from] psn
|-damage|p1a: Lugia|72/100 tox|[from] psn
|upkeep
|turn|4
|
|t:|1665637857
|move|p2a: Groudon|Fire Punch|p1a: Lugia
|-damage|p1a: Lugia|53/100 tox
|move|p1a: Lugia|Roost|p1a: Lugia
|-heal|p1a: Lugia|100/100 tox
|-singleturn|p1a: Lugia|move: Roost
|
|-weather|DesolateLand|[upkeep]
|-damage|p2a: Groudon|64/100 tox|[from] psn
|-damage|p1a: Lugia|75/100 tox|[from] psn
|upkeep
|turn|5
|
|t:|1665637867
|move|p2a: Groudon|Fire Punch|p1a: Lugia
|-damage|p1a: Lugia|54/100 tox
|move|p1a: Lugia|Roost|p1a: Lugia
|-heal|p1a: Lugia|100/100 tox
|-singleturn|p1a: Lugia|move: Roost
|
|-weather|DesolateLand|[upkeep]
|-damage|p2a: Groudon|39/100 tox|[from] psn
|-damage|p1a: Lugia|69/100 tox|[from] psn
|-sideend|p1: DECLANO196|Reflect
|upkeep
|turn|6
|
|t:|1665637894
|switch|p1a: Marshadow|Marshadow|100/100
|move|p2a: Groudon|Fire Punch|p1a: Marshadow
|-enditem|p1a: Marshadow|Focus Sash
|-damage|p1a: Marshadow|1/100
|
|-weather|DesolateLand|[upkeep]
|-damage|p2a: Groudon|8/100 tox|[from] psn
|upkeep
|turn|7
|
|t:|1665637902
|move|p1a: Marshadow|Shadow Sneak|p2a: Groudon
|-damage|p2a: Groudon|0 fnt
|faint|p2a: Groudon
|-weather|none
|
|upkeep
|
|t:|1665637908
|switch|p2a: Marshadow|Marshadow|100/100
|turn|8
|
|t:|1665637919
|switch|p1a: Yveltal|Yveltal|100/100
|-ability|p1a: Yveltal|Dark Aura
|move|p2a: Marshadow|Shadow Sneak|p1a: Yveltal
|-resisted|p1a: Yveltal
|-damage|p1a: Yveltal|86/100
|
|upkeep
|turn|9
|
|t:|1665637927
|-start|p1a: Yveltal|Dynamax|
|-heal|p1a: Yveltal|86/100|[silent]
|move|p2a: Marshadow|Close Combat|p1a: Yveltal
|-damage|p1a: Yveltal|57/100
|-unboost|p2a: Marshadow|def|1
|-unboost|p2a: Marshadow|spd|1
|move|p1a: Yveltal|Max Airstream|p2a: Marshadow
|-supereffective|p2a: Marshadow
|-enditem|p2a: Marshadow|Focus Sash
|-damage|p2a: Marshadow|1/100
|-boost|p1a: Yveltal|spe|1
|
|upkeep
|turn|10
|
|t:|1665637940
|move|p2a: Marshadow|Shadow Sneak|p1a: Yveltal
|-resisted|p1a: Yveltal
|-damage|p1a: Yveltal|50/100
|move|p1a: Yveltal|Max Ooze|p2a: Marshadow
|-resisted|p2a: Marshadow
|-damage|p2a: Marshadow|0 fnt
|-boost|p1a: Yveltal|spa|1
|faint|p2a: Marshadow
|
|upkeep
|
|t:|1665637946
|switch|p2a: Arceus|Arceus|100/100
|turn|11
|
|t:|1665637954
|move|p2a: Arceus|Extreme Speed|p1a: Yveltal
|-damage|p1a: Yveltal|32/100
|move|p1a: Yveltal|Max Ooze|p2a: Arceus
|-damage|p2a: Arceus|50/100
|-boost|p1a: Yveltal|spa|1
|
|upkeep
|-end|p1a: Yveltal|Dynamax
|-heal|p1a: Yveltal|32/100|[silent]
|turn|12
|-activate|p2a: Arceus|item: Quick Claw
|
|t:|1665637964
|move|p2a: Arceus|Extreme Speed|p1a: Yveltal
|-damage|p1a: Yveltal|0 fnt
|faint|p1a: Yveltal
|
|upkeep
|
|t:|1665637970
|switch|p1a: Marshadow|Marshadow|1/100
|turn|13
|
|t:|1665637973
|move|p1a: Marshadow|Close Combat|p2a: Arceus
|-supereffective|p2a: Arceus
|-damage|p2a: Arceus|0 fnt
|-unboost|p1a: Marshadow|def|1
|-unboost|p1a: Marshadow|spd|1
|faint|p2a: Arceus
|
|upkeep
|
|t:|1665637980
|switch|p2a: Rayquaza|Rayquaza|100/100
|-ability|p2a: Rayquaza|Air Lock
|turn|14
|
|t:|1665637998
|detailschange|p2a: Rayquaza|Rayquaza-Mega
|-mega|p2a: Rayquaza|Rayquaza|
|-weather|DeltaStream|[from] ability: Delta Stream|[of] p2a: Rayquaza
|move|p1a: Marshadow|Endeavor|p2a: Rayquaza
|-damage|p2a: Rayquaza|1/100
|move|p2a: Rayquaza|Dragon Ascent|p1a: Marshadow
|-supereffective|p1a: Marshadow
|-damage|p1a: Marshadow|0 fnt
|-unboost|p2a: Rayquaza|def|1
|-unboost|p2a: Rayquaza|spd|1
|faint|p1a: Marshadow
|-damage|p2a: Rayquaza|0 fnt|[from] item: Life Orb
|faint|p2a: Rayquaza
|-weather|none
|
|upkeep
|
|t:|1665638012
|switch|p1a: Ho-Oh|Ho-Oh|100/100
|switch|p2a: Calyrex|Calyrex-Shadow|100/100
|-ability|p2a: Calyrex|As One
|-ability|p2a: Calyrex|Unnerve
|turn|15
|
|t:|1665638019
|move|p2a: Calyrex|Nasty Plot|p2a: Calyrex
|-boost|p2a: Calyrex|spa|2
|move|p1a: Ho-Oh|Sacred Fire|p2a: Calyrex
|-damage|p2a: Calyrex|49/100
|-status|p2a: Calyrex|brn
|
|-damage|p2a: Calyrex|42/100 brn|[from] brn
|upkeep
|turn|16
|-message|batsanj forfeited.
|
|win|DECLANO196
|raw|DECLANO196's rating: 1788 &rarr; <strong>1802</strong><br />(+14 for winning)
|raw|batsanj's rating: 1681 &rarr; <strong>1667</strong><br />(-14 for losing)
|l|☆batsanj
