|j|☆rajof
|j|☆PrimalKyogre555
|t:|1668644860
|gametype|singles
|player|p1|rajof|youngster-gen4dp|1916
|player|p2|PrimalKyogre555|az|1947
|teamsize|p1|6
|teamsize|p2|6
|gen|8
|tier|[Gen 8] National Dex AG
|rated|
|rule|HP Percentage Mod: HP is shown in percentages
|rule|Endless Battle Clause: Forcing endless battles is banned
|clearpoke
|poke|p1|Arceus-*|
|poke|p1|Ditto|
|poke|p1|Chansey, F|
|poke|p1|Lugia|
|poke|p1|Groudon|
|poke|p1|Sableye, M|
|poke|p2|Kyogre|
|poke|p2|Arceus-*|
|poke|p2|Rayquaza|
|poke|p2|Marshadow|
|poke|p2|Necrozma-Dusk-Mane|
|poke|p2|Yveltal|
|teampreview
|
|t:|1668644885
|start
|switch|p1a: 깜까미|Sableye, M|100/100
|switch|p2a: Kyogre|Kyogre|100/100
|detailschange|p2a: Kyogre|Kyogre-Primal
|-primal|p2a: Kyogre
|-weather|PrimordialSea|[from] ability: Primordial Sea|[of] p2a: Kyogre
|turn|1
|
|t:|1668644891
|switch|p1a: 그란돈|Groudon|100/100
|detailschange|p1a: 그란돈|Groudon-Primal
|-primal|p1a: 그란돈
|-weather|DesolateLand|[from] ability: Desolate Land|[of] p1a: 그란돈
|move|p2a: Kyogre|Origin Pulse||[still]
|-fail|p2a: Kyogre|Origin Pulse|[from] Desolate Land
|
|-weather|DesolateLand|[upkeep]
|upkeep
|turn|2
|inactive|Battle timer is ON: inactive players will automatically lose when time's up. (requested by PrimalKyogre555)
|
|t:|1668644897
|switch|p2a: Arceus|Arceus-Ground|100/100
|-weather|none
|switch|p1a: 깜까미|Sableye, M|100/100
|
|upkeep
|turn|3
|
|t:|1668644900
|detailschange|p1a: 깜까미|Sableye-Mega, M
|-mega|p1a: 깜까미|Sableye|Sablenite
|move|p2a: Arceus|Earthquake|p1a: 깜까미
|-damage|p1a: 깜까미|56/100
|move|p1a: 깜까미|Recover|p1a: 깜까미
|-heal|p1a: 깜까미|100/100
|
|upkeep
|turn|4
|
|t:|1668644904
|switch|p1a: 루기아|Lugia|100/100
|move|p2a: Arceus|Swords Dance|p2a: Arceus
|-boost|p2a: Arceus|atk|2
|
|upkeep
|turn|5
|
|t:|1668644909
|move|p2a: Arceus|Stone Edge|p1a: 루기아
|-supereffective|p1a: 루기아
|-crit|p1a: 루기아
|-damage|p1a: 루기아|45/100
|move|p1a: 루기아|Toxic|p2a: Arceus
|-status|p2a: Arceus|tox
|
|-damage|p2a: Arceus|94/100 tox|[from] psn
|upkeep
|turn|6
|
|t:|1668644919
|move|p2a: Arceus|Stone Edge|p1a: 루기아
|-supereffective|p1a: 루기아
|-damage|p1a: 루기아|0 fnt
|faint|p1a: 루기아
|
|-damage|p2a: Arceus|82/100 tox|[from] psn
|upkeep
|
|t:|1668644921
|switch|p1a: 메타몽|Ditto|100/100
|-transform|p1a: 메타몽|p2a: Arceus|[from] ability: Imposter
|turn|7
|
|t:|1668644927
|-start|p1a: 메타몽|Dynamax|
|-heal|p1a: 메타몽|100/100|[silent]
|move|p2a: Arceus|Earthquake|p1a: 메타몽
|-damage|p1a: 메타몽|42/100
|move|p1a: 메타몽|Max Quake|p2a: Arceus
|-damage|p2a: Arceus|0 fnt
|-boost|p1a: 메타몽|spd|1
|faint|p2a: Arceus
|
|upkeep
|
|t:|1668644937
|switch|p2a: Yveltal|Yveltal|100/100
|-ability|p2a: Yveltal|Dark Aura
|turn|8
|
|t:|1668644939
|switch|p2a: Necrozma|Necrozma-Dusk-Mane|100/100
|move|p1a: 메타몽|Max Rockfall|p2a: Necrozma
|-resisted|p2a: Necrozma
|-damage|p2a: Necrozma|75/100
|-weather|Sandstorm
|
|-weather|Sandstorm|[upkeep]
|upkeep
|turn|9
|
|t:|1668644942
|switch|p2a: Yveltal|Yveltal|100/100
|-ability|p2a: Yveltal|Dark Aura
|move|p1a: 메타몽|Max Quake|p2a: Yveltal
|-immune|p2a: Yveltal
|
|-weather|Sandstorm|[upkeep]
|-damage|p2a: Yveltal|94/100|[from] Sandstorm
|upkeep
|-end|p1a: 메타몽|Dynamax
|-heal|p1a: 메타몽|42/100|[silent]
|turn|10
|
|t:|1668644945
|move|p1a: 메타몽|Stone Edge|p2a: Yveltal
|-supereffective|p2a: Yveltal
|-damage|p2a: Yveltal|0 fnt
|faint|p2a: Yveltal
|
|-weather|Sandstorm|[upkeep]
|upkeep
|
|t:|1668644948
|switch|p2a: Necrozma|Necrozma-Dusk-Mane|75/100
|turn|11
|
|t:|1668644953
|switch|p1a: 깜까미|Sableye-Mega, M|100/100
|move|p2a: Necrozma|Morning Sun|p2a: Necrozma
|-heal|p2a: Necrozma|99/100
|
|-weather|Sandstorm|[upkeep]
|-damage|p1a: 깜까미|94/100|[from] Sandstorm
|upkeep
|turn|12
|
|t:|1668644959
|move|p2a: Necrozma|Thunder Wave|p1a: 깜까미
|move|p1a: 깜까미|Thunder Wave|p2a: Necrozma|[from]ability: Magic Bounce
|-status|p2a: Necrozma|par
|move|p1a: 깜까미|Snarl|p2a: Necrozma
|-supereffective|p2a: Necrozma
|-damage|p2a: Necrozma|78/100 par
|-unboost|p2a: Necrozma|spa|1
|
|-weather|none
|upkeep
|turn|13
|
|t:|1668644967
|cant|p2a: Necrozma|par
|move|p1a: 깜까미|Snarl|p2a: Necrozma
|-supereffective|p2a: Necrozma
|-damage|p2a: Necrozma|59/100 par
|-unboost|p2a: Necrozma|spa|1
|
|upkeep
|turn|14
|
|t:|1668644972
|move|p2a: Necrozma|Morning Sun|p2a: Necrozma
|-heal|p2a: Necrozma|100/100 par
|move|p1a: 깜까미|Snarl|p2a: Necrozma
|-supereffective|p2a: Necrozma
|-damage|p2a: Necrozma|81/100 par
|-unboost|p2a: Necrozma|spa|1
|
|upkeep
|turn|15
|
|t:|1668644975
|switch|p2a: Kyogre|Kyogre-Primal|100/100
|-weather|PrimordialSea|[from] ability: Primordial Sea|[of] p2a: Kyogre
|move|p1a: 깜까미|Calm Mind|p1a: 깜까미
|-boost|p1a: 깜까미|spa|1
|-boost|p1a: 깜까미|spd|1
|
|-weather|PrimordialSea|[upkeep]
|upkeep
|turn|16
|
|t:|1668644979
|switch|p1a: 그란돈|Groudon-Primal|100/100
|-weather|DesolateLand|[from] ability: Desolate Land|[of] p1a: 그란돈
|move|p2a: Kyogre|Calm Mind|p2a: Kyogre
|-boost|p2a: Kyogre|spa|1
|-boost|p2a: Kyogre|spd|1
|
|-weather|DesolateLand|[upkeep]
|upkeep
|turn|17
|
|t:|1668644995
|switch|p2a: Rayquaza|Rayquaza|100/100
|-ability|p2a: Rayquaza|Air Lock
|-weather|none
|switch|p1a: 럭키|Chansey, F|100/100
|
|upkeep
|turn|18
|
|t:|1668645006
|detailschange|p2a: Rayquaza|Rayquaza-Mega
|-mega|p2a: Rayquaza|Rayquaza|
|-weather|DeltaStream|[from] ability: Delta Stream|[of] p2a: Rayquaza
|move|p2a: Rayquaza|Dragon Ascent|p1a: 럭키
|-damage|p1a: 럭키|13/100
|-unboost|p2a: Rayquaza|def|1
|-unboost|p2a: Rayquaza|spd|1
|move|p1a: 럭키|Toxic|p2a: Rayquaza|[miss]
|-miss|p1a: 럭키|p2a: Rayquaza
|
|-weather|DeltaStream|[upkeep]
|upkeep
|turn|19
|
|t:|1668645017
|move|p2a: Rayquaza|Dragon Ascent|p1a: 럭키
|-damage|p1a: 럭키|0 fnt
|-unboost|p2a: Rayquaza|def|1
|-unboost|p2a: Rayquaza|spd|1
|faint|p1a: 럭키
|
|-weather|DeltaStream|[upkeep]
|upkeep
|
|t:|1668645018
|switch|p1a: 악르세우스|Arceus-Fairy|100/100
|turn|20
|
|t:|1668645021
|-weather|none
|switch|p2a: Necrozma|Necrozma-Dusk-Mane|81/100 par
|move|p1a: 악르세우스|Calm Mind|p1a: 악르세우스
|-boost|p1a: 악르세우스|spa|1
|-boost|p1a: 악르세우스|spd|1
|
|upkeep
|turn|21
|
|t:|1668645023
|move|p1a: 악르세우스|Earth Power|p2a: Necrozma
|-supereffective|p2a: Necrozma
|-damage|p2a: Necrozma|35/100 par
|-unboost|p2a: Necrozma|spd|1
|move|p2a: Necrozma|Sunsteel Strike|p1a: 악르세우스
|-supereffective|p1a: 악르세우스
|-damage|p1a: 악르세우스|36/100
|
|upkeep
|turn|22
|
|t:|1668645026
|move|p1a: 악르세우스|Earth Power|p2a: Necrozma
|-supereffective|p2a: Necrozma
|-damage|p2a: Necrozma|0 fnt
|faint|p2a: Necrozma
|
|upkeep
|
|t:|1668645030
|switch|p2a: Marshadow|Marshadow|100/100
|turn|23
|
|t:|1668645038
|move|p2a: Marshadow|Poltergeist|p1a: 악르세우스
|-activate|p1a: 악르세우스|move: Poltergeist|Pixie Plate
|-damage|p1a: 악르세우스|0 fnt
|faint|p1a: 악르세우스
|-damage|p2a: Marshadow|91/100|[from] item: Life Orb
|
|upkeep
|
|t:|1668645055
|switch|p1a: 메타몽|Ditto|42/100
|-transform|p1a: 메타몽|p2a: Marshadow|[from] ability: Imposter
|turn|24
|
|t:|1668645061
|-start|p2a: Marshadow|Dynamax|
|-heal|p2a: Marshadow|91/100|[silent]
|move|p2a: Marshadow|Max Guard|p2a: Marshadow
|-singleturn|p2a: Marshadow|Max Guard
|move|p1a: 메타몽|Poltergeist|p2a: Marshadow
|-activate|p2a: Marshadow|move: Max Guard
|
|upkeep
|turn|25
|
|t:|1668645072
|-end|p2a: Marshadow|Dynamax
|-heal|p2a: Marshadow|91/100|[silent]
|switch|p2a: Kyogre|Kyogre-Primal|100/100
|-weather|PrimordialSea|[from] ability: Primordial Sea|[of] p2a: Kyogre
|move|p1a: 메타몽|Poltergeist|p2a: Kyogre
|-activate|p2a: Kyogre|move: Poltergeist|Blue Orb
|-damage|p2a: Kyogre|43/100
|
|-weather|PrimordialSea|[upkeep]
|upkeep
|turn|26
|
|t:|1668645082
|move|p1a: 메타몽|Poltergeist|p2a: Kyogre
|-activate|p2a: Kyogre|move: Poltergeist|Blue Orb
|-damage|p2a: Kyogre|0 fnt
|faint|p2a: Kyogre
|-weather|none
|
|upkeep
|
|t:|1668645084
|switch|p2a: Marshadow|Marshadow|91/100
|turn|27
|
|t:|1668645092
|switch|p1a: 깜까미|Sableye-Mega, M|94/100
|move|p2a: Marshadow|Shadow Sneak|p1a: 깜까미
|-damage|p1a: 깜까미|68/100
|-damage|p2a: Marshadow|81/100|[from] item: Life Orb
|
|upkeep
|turn|28
|
|t:|1668645100
|move|p2a: Marshadow|Poltergeist|p1a: 깜까미
|-activate|p1a: 깜까미|move: Poltergeist|Sablenite
|-damage|p1a: 깜까미|13/100
|-damage|p2a: Marshadow|71/100|[from] item: Life Orb
|move|p1a: 깜까미|Recover|p1a: 깜까미
|-heal|p1a: 깜까미|63/100
|
|upkeep
|turn|29
|
|t:|1668645119
|move|p2a: Marshadow|Poltergeist|p1a: 깜까미
|-activate|p1a: 깜까미|move: Poltergeist|Sablenite
|-damage|p1a: 깜까미|14/100
|-damage|p2a: Marshadow|61/100|[from] item: Life Orb
|move|p1a: 깜까미|Snarl|p2a: Marshadow
|-damage|p2a: Marshadow|41/100
|-unboost|p2a: Marshadow|spa|1
|
|upkeep
|turn|30
|
|t:|1668645127
|move|p2a: Marshadow|Shadow Sneak|p1a: 깜까미
|-damage|p1a: 깜까미|0 fnt
|faint|p1a: 깜까미
|-damage|p2a: Marshadow|31/100|[from] item: Life Orb
|
|upkeep
|
|t:|1668645129
|switch|p1a: 메타몽|Ditto|42/100
|-transform|p1a: 메타몽|p2a: Marshadow|[from] ability: Imposter
|turn|31
|
|t:|1668645139
|switch|p2a: Rayquaza|Rayquaza-Mega|100/100
|-weather|DeltaStream|[from] ability: Delta Stream|[of] p2a: Rayquaza
|move|p1a: 메타몽|Shadow Sneak|p2a: Rayquaza
|-damage|p2a: Rayquaza|71/100
|
|-weather|DeltaStream|[upkeep]
|upkeep
|turn|32
|
|t:|1668645159
|switch|p1a: 그란돈|Groudon-Primal|100/100
|-weather|DesolateLand|[from] ability: Desolate Land|[of] p1a: 그란돈
|move|p2a: Rayquaza|Dragon Ascent|p1a: 그란돈
|-damage|p1a: 그란돈|22/100
|-unboost|p2a: Rayquaza|def|1
|-unboost|p2a: Rayquaza|spd|1
|
|-weather|DesolateLand|[upkeep]
|upkeep
|turn|33
|-message|rajof forfeited.
|
|win|PrimalKyogre555
|raw|rajof's rating: 1916 &rarr; <strong>1898</strong><br />(-18 for losing)
|raw|PrimalKyogre555's rating: 1947 &rarr; <strong>1965</strong><br />(+18 for winning)
|l|☆rajof
