|j|☆rajof
|j|☆Hipary_fort?
|t:|1612268941
|player|p1|rajof|youngster-gen4|1904
|player|p2|Hipary_fort?|swimmerf|1628
|teamsize|p1|6
|teamsize|p2|6
|gametype|singles
|gen|8
|tier|[Gen 8] National Dex AG
|rated|
|clearpoke
|poke|p1|Arceus-*|
|poke|p1|Ditto|
|poke|p1|Chansey, F|
|poke|p1|Lugia|
|poke|p1|Groudon|
|poke|p1|Arceus-*|
|poke|p2|Zacian-Crowned|
|poke|p2|Ditto|
|poke|p2|Arceus-*|
|poke|p2|Yveltal|
|poke|p2|Necrozma-Dusk-Mane|
|poke|p2|Calyrex-Shadow|
|rule|HP Percentage Mod: HP is shown in percentages
|rule|Endless Battle Clause: Forcing endless battles is banned
|teampreview
|inactive|Battle timer is ON: inactive players will automatically lose when time's up. (requested by Hipary_fort?)
|
|t:|1612268955
|start
|switch|p1a: 악르세우스|Arceus-Dark|100/100
|switch|p2a: Arceus|Arceus-Ground|100/100
|turn|1
|
|t:|1612268958
|move|p1a: 악르세우스|Calm Mind|p1a: 악르세우스
|-boost|p1a: 악르세우스|spa|1
|-boost|p1a: 악르세우스|spd|1
|move|p2a: Arceus|Roar|p1a: 악르세우스
|drag|p1a: 루기아|Lugia|100/100
|
|upkeep
|turn|2
|
|t:|1612268964
|switch|p1a: 악르세우스|Arceus-Dark|100/100
|move|p2a: Arceus|Ice Beam|p1a: 악르세우스
|-damage|p1a: 악르세우스|86/100
|-status|p1a: 악르세우스|frz
|
|upkeep
|turn|3
|
|t:|1612268967
|-curestatus|p1a: 악르세우스|frz|[msg]
|move|p1a: 악르세우스|Refresh||[still]
|-fail|p1a: 악르세우스
|move|p2a: Arceus|Stealth Rock|p1a: 악르세우스
|-sidestart|p1: rajof|move: Stealth Rock
|
|upkeep
|turn|4
|
|t:|1612268978
|move|p1a: 악르세우스|Judgment|p2a: Arceus
|-damage|p2a: Arceus|69/100
|move|p2a: Arceus|Ice Beam|p1a: 악르세우스
|-damage|p1a: 악르세우스|70/100
|
|upkeep
|turn|5
|
|t:|1612268985
|move|p1a: 악르세우스|Recover|p1a: 악르세우스
|-heal|p1a: 악르세우스|100/100
|move|p2a: Arceus|Ice Beam|p1a: 악르세우스
|-damage|p1a: 악르세우스|85/100
|-status|p1a: 악르세우스|frz
|
|upkeep
|turn|6
|
|t:|1612268991
|-curestatus|p1a: 악르세우스|frz|[msg]
|move|p1a: 악르세우스|Refresh||[still]
|-fail|p1a: 악르세우스
|move|p2a: Arceus|Ice Beam|p1a: 악르세우스
|-damage|p1a: 악르세우스|68/100
|
|upkeep
|turn|7
|
|t:|1612268997
|move|p1a: 악르세우스|Recover|p1a: 악르세우스
|-heal|p1a: 악르세우스|100/100
|move|p2a: Arceus|Ice Beam|p1a: 악르세우스
|-damage|p1a: 악르세우스|85/100
|
|upkeep
|turn|8
|
|t:|1612269002
|move|p1a: 악르세우스|Calm Mind|p1a: 악르세우스
|-boost|p1a: 악르세우스|spa|1
|-boost|p1a: 악르세우스|spd|1
|move|p2a: Arceus|Ice Beam|p1a: 악르세우스
|-damage|p1a: 악르세우스|74/100
|
|upkeep
|turn|9
|
|t:|1612269004
|move|p1a: 악르세우스|Recover|p1a: 악르세우스
|-heal|p1a: 악르세우스|100/100
|move|p2a: Arceus|Roar|p1a: 악르세우스
|drag|p1a: 럭키|Chansey, F|100/100
|-damage|p1a: 럭키|88/100|[from] Stealth Rock
|
|upkeep
|turn|10
|
|t:|1612269012
|move|p2a: Arceus|Magic Coat|p2a: Arceus
|-singleturn|p2a: Arceus|move: Magic Coat
|move|p1a: 럭키|Wish|p1a: 럭키
|
|upkeep
|turn|11
|
|t:|1612269018
|switch|p1a: 루기아|Lugia|100/100
|-damage|p1a: 루기아|75/100|[from] Stealth Rock
|move|p2a: Arceus|Roar|p1a: 루기아
|drag|p1a: 그란돈|Groudon|100/100
|-damage|p1a: 그란돈|94/100|[from] Stealth Rock
|detailschange|p1a: 그란돈|Groudon-Primal
|-primal|p1a: 그란돈
|-weather|DesolateLand|[from] ability: Desolate Land|[of] p1a: 그란돈
|
|-weather|DesolateLand|[upkeep]
|-heal|p1a: 그란돈|100/100|[from] move: Wish|[wisher] 럭키
|upkeep
|turn|12
|
|t:|1612269032
|move|p1a: 그란돈|Fire Punch|p2a: Arceus
|-damage|p2a: Arceus|16/100
|move|p2a: Arceus|Roar|p1a: 그란돈
|-weather|none
|drag|p1a: 메타몽|Ditto|100/100
|-damage|p1a: 메타몽|88/100|[from] Stealth Rock
|-transform|p1a: 메타몽|p2a: Arceus|[from] ability: Imposter
|
|upkeep
|turn|13
|
|t:|1612269041
|move|p1a: 메타몽|Ice Beam|p2a: Arceus
|-supereffective|p2a: Arceus
|-damage|p2a: Arceus|0 fnt
|faint|p2a: Arceus
|
|upkeep
|
|t:|1612269046
|switch|p2a: Calyrex|Calyrex-Shadow|100/100
|-ability|p2a: Calyrex|As One
|-ability|p2a: Calyrex|Unnerve|p1: rajof
|turn|14
|
|t:|1612269051
|switch|p1a: 악르세우스|Arceus-Dark|100/100
|-damage|p1a: 악르세우스|88/100|[from] Stealth Rock
|move|p2a: Calyrex|Trick||[still]
|-fail|p2a: Calyrex
|
|upkeep
|turn|15
|
|t:|1612269064
|switch|p2a: Zacian|Zacian-Crowned|100/100
|-ability|p2a: Zacian|Intrepid Sword|boost
|-boost|p2a: Zacian|atk|1
|switch|p1a: 그란돈|Groudon-Primal|100/100
|-damage|p1a: 그란돈|88/100|[from] Stealth Rock
|-weather|DesolateLand|[from] ability: Desolate Land|[of] p1a: 그란돈
|
|-weather|DesolateLand|[upkeep]
|upkeep
|turn|16
|
|t:|1612269069
|switch|p2a: Necrozma|Necrozma-Dusk-Mane|100/100
|move|p1a: 그란돈|Fire Punch|p2a: Necrozma
|-supereffective|p2a: Necrozma
|-damage|p2a: Necrozma|33/100
|-damage|p1a: 그란돈|71/100|[from] item: Rocky Helmet|[of] p2a: Necrozma
|
|-weather|DesolateLand|[upkeep]
|upkeep
|turn|17
|
|t:|1612269074
|move|p1a: 그란돈|Precipice Blades|p2a: Necrozma|[miss]
|-miss|p1a: 그란돈|p2a: Necrozma
|move|p2a: Necrozma|Moonlight|p2a: Necrozma
|-heal|p2a: Necrozma|99/100
|
|-weather|DesolateLand|[upkeep]
|upkeep
|turn|18
|
|t:|1612269083
|-weather|none
|switch|p1a: 루기아|Lugia|75/100
|-damage|p1a: 루기아|50/100|[from] Stealth Rock
|switch|p2a: Yveltal|Yveltal|100/100
|-ability|p2a: Yveltal|Dark Aura
|
|upkeep
|turn|19
|
|t:|1612269094
|switch|p1a: 럭키|Chansey, F|88/100
|-damage|p1a: 럭키|75/100|[from] Stealth Rock
|move|p2a: Yveltal|Taunt|p1a: 럭키
|-start|p1a: 럭키|move: Taunt
|
|upkeep
|turn|20
|
|t:|1612269102
|switch|p2a: Calyrex|Calyrex-Shadow|100/100
|-ability|p2a: Calyrex|As One
|-ability|p2a: Calyrex|Unnerve|p1: rajof
|move|p1a: 럭키|Seismic Toss|p2a: Calyrex
|-immune|p2a: Calyrex
|
|upkeep
|turn|21
|
|t:|1612269111
|switch|p2a: Yveltal|Yveltal|100/100
|-ability|p2a: Yveltal|Dark Aura
|switch|p1a: 악르세우스|Arceus-Dark|88/100
|-damage|p1a: 악르세우스|76/100|[from] Stealth Rock
|
|upkeep
|turn|22
|
|t:|1612269117
|-start|p2a: Yveltal|Dynamax
|-heal|p2a: Yveltal|100/100|[silent]
|move|p1a: 악르세우스|Calm Mind|p1a: 악르세우스
|-boost|p1a: 악르세우스|spa|1
|-boost|p1a: 악르세우스|spd|1
|move|p2a: Yveltal|Max Airstream|p1a: 악르세우스
|-damage|p1a: 악르세우스|34/100
|-boost|p2a: Yveltal|spe|1
|-damage|p2a: Yveltal|96/100|[from] item: Life Orb
|
|upkeep
|turn|23
|
|t:|1612269127
|switch|p1a: 럭키|Chansey, F|75/100
|-damage|p1a: 럭키|63/100|[from] Stealth Rock
|move|p2a: Yveltal|Max Airstream|p1a: 럭키
|-damage|p1a: 럭키|33/100
|-boost|p2a: Yveltal|spe|1
|-damage|p2a: Yveltal|91/100|[from] item: Life Orb
|
|upkeep
|turn|24
|
|t:|1612269135
|move|p1a: 럭키|Protect|p1a: 럭키
|-singleturn|p1a: 럭키|Protect
|move|p2a: Yveltal|Max Darkness|p1a: 럭키
|-crit|p1a: 럭키
|-zbroken|p1a: 럭키
|-damage|p1a: 럭키|18/100
|-unboost|p1a: 럭키|spd|1
|-damage|p2a: Yveltal|86/100|[from] item: Life Orb
|
|-end|p2a: Yveltal|Dynamax
|-heal|p2a: Yveltal|86/100|[silent]
|upkeep
|turn|25
|
|t:|1612269147
|move|p2a: Yveltal|Oblivion Wing|p1a: 럭키
|-damage|p1a: 럭키|0 fnt
|-heal|p2a: Yveltal|100/100|[from] drain|[of] p1a: 럭키
|-damage|p2a: Yveltal|91/100|[from] item: Life Orb
|faint|p1a: 럭키
|
|upkeep
|
|t:|1612269155
|switch|p1a: 아르세우스|Arceus-Fairy|100/100
|-damage|p1a: 아르세우스|88/100|[from] Stealth Rock
|turn|26
|
|t:|1612269161
|move|p2a: Yveltal|Taunt|p1a: 아르세우스
|-start|p1a: 아르세우스|move: Taunt
|cant|p1a: 아르세우스|move: Taunt|Calm Mind
|
|upkeep
|turn|27
|
|t:|1612269166
|switch|p2a: Zacian|Zacian-Crowned|100/100
|-ability|p2a: Zacian|Intrepid Sword|boost
|-boost|p2a: Zacian|atk|1
|move|p1a: 아르세우스|Judgment|p2a: Zacian
|-resisted|p2a: Zacian
|-damage|p2a: Zacian|76/100
|
|upkeep
|turn|28
|
|t:|1612269175
|switch|p1a: 루기아|Lugia|50/100
|-damage|p1a: 루기아|25/100|[from] Stealth Rock
|move|p2a: Zacian|Close Combat|p1a: 루기아
|-resisted|p1a: 루기아
|-damage|p1a: 루기아|16/100
|-unboost|p2a: Zacian|def|1
|-unboost|p2a: Zacian|spd|1
|-damage|p2a: Zacian|60/100|[from] item: Rocky Helmet|[of] p1a: 루기아
|
|upkeep
|turn|29
|
|t:|1612269181
|move|p2a: Zacian|Crunch|p1a: 루기아
|-supereffective|p1a: 루기아
|-damage|p1a: 루기아|0 fnt
|-damage|p2a: Zacian|43/100|[from] item: Rocky Helmet|[of] p1a: 루기아
|faint|p1a: 루기아
|
|upkeep
|
|t:|1612269190
|switch|p1a: 메타몽|Ditto|88/100
|-damage|p1a: 메타몽|76/100|[from] Stealth Rock
|-transform|p1a: 메타몽|p2a: Zacian|[from] ability: Imposter
|-ability|p1a: 메타몽|Intrepid Sword|boost
|-boost|p1a: 메타몽|atk|1
|turn|30
|
|t:|1612269195
|switch|p2a: Necrozma|Necrozma-Dusk-Mane|99/100
|move|p1a: 메타몽|Crunch|p2a: Necrozma
|-supereffective|p2a: Necrozma
|-damage|p2a: Necrozma|49/100
|-damage|p1a: 메타몽|59/100|[from] item: Rocky Helmet|[of] p2a: Necrozma
|
|upkeep
|turn|31
|
|t:|1612269202
|move|p1a: 메타몽|Crunch|p2a: Necrozma
|-supereffective|p2a: Necrozma
|-damage|p2a: Necrozma|0 fnt
|-damage|p1a: 메타몽|42/100|[from] item: Rocky Helmet|[of] p2a: Necrozma
|faint|p2a: Necrozma
|
|upkeep
|
|t:|1612269205
|switch|p2a: Calyrex|Calyrex-Shadow|100/100
|-ability|p2a: Calyrex|As One
|-ability|p2a: Calyrex|Unnerve|p1: rajof
|turn|32
|
|t:|1612269220
|switch|p1a: 아르세우스|Arceus-Fairy|88/100
|-damage|p1a: 아르세우스|76/100|[from] Stealth Rock
|move|p2a: Calyrex|Astral Barrage|p1a: 아르세우스
|-damage|p1a: 아르세우스|26/100
|
|upkeep
|turn|33
|
|t:|1612269228
|-start|p1a: 아르세우스|Dynamax
|-heal|p1a: 아르세우스|26/100|[silent]
|move|p2a: Calyrex|Astral Barrage|p1a: 아르세우스
|-damage|p1a: 아르세우스|1/100
|move|p1a: 아르세우스|Max Starfall|p2a: Calyrex
|-damage|p2a: Calyrex|40/100
|-fieldstart|move: Misty Terrain
|
|upkeep
|turn|34
|
|t:|1612269235
|move|p2a: Calyrex|Astral Barrage|p1a: 아르세우스
|-damage|p1a: 아르세우스|0 fnt
|faint|p1a: 아르세우스
|-ability|p2a: Calyrex|Grim Neigh|boost
|-boost|p2a: Calyrex|spa|1
|
|upkeep
|
|t:|1612269239
|switch|p1a: 메타몽|Ditto|42/100
|-damage|p1a: 메타몽|30/100|[from] Stealth Rock
|-transform|p1a: 메타몽|p2a: Calyrex|[from] ability: Imposter
|turn|35
|
|t:|1612269246
|move|p2a: Calyrex|Astral Barrage|p1a: 메타몽
|-supereffective|p1a: 메타몽
|-damage|p1a: 메타몽|0 fnt
|faint|p1a: 메타몽
|-ability|p2a: Calyrex|Grim Neigh|boost
|-boost|p2a: Calyrex|spa|1
|
|upkeep
|c|☆Hipary_fort?|gg
|c|☆Hipary_fort?|Lol
|-message|rajof forfeited.
|
|win|Hipary_fort?
|l|☆rajof
|c|☆Hipary_fort?|easy win
|raw|rajof's rating: 1904 &rarr; <strong>1871</strong><br />(-33 for losing)
|raw|Hipary_fort?'s rating: 1629 &rarr; <strong>1662</strong><br />(+33 for winning)
