|j|☆Shinzaru
|j|☆TwentyTwan
|t:|1602091945
|player|p1|Shinzaru|265|
|player|p2|TwentyTwan|102|
|teamsize|p1|6
|teamsize|p2|6
|gametype|singles
|gen|8
|tier|[Gen 8] National Dex AG
|clearpoke
|poke|p1|Dragapult, M|
|poke|p1|Beedrill, M|
|poke|p1|Slowbro, F|
|poke|p1|Bisharp, M|
|poke|p1|Rotom-Heat|
|poke|p1|Ninetales-Alola, M|
|poke|p2|Diancie|
|poke|p2|Cinderace, M|
|poke|p2|Cloyster, M|
|poke|p2|Corviknight, F|
|poke|p2|Garchomp, M|
|poke|p2|Amoonguss, M|
|rule|HP Percentage Mod: HP is shown in percentages
|rule|Endless Battle Clause: Forcing endless battles is banned
|teampreview
|j| raiho_blackflame
|c|☆TwentyTwan|Thanks
|j| Rashka99
|j| Lucartes
|j| Zarbon's_Nut
|j| Reyggor
|j| Curseroy1990
|
|t:|1602092145
|start
|switch|p1a: Rotom|Rotom-Heat|100/100
|switch|p2a: Garchomp|Garchomp, M, shiny|100/100
|turn|1
|
|t:|1602092172
|move|p2a: Garchomp|Iron Head|p1a: Rotom
|-resisted|p1a: Rotom
|-damage|p1a: Rotom|93/100
|move|p1a: Rotom|Will-O-Wisp|p2a: Garchomp
|-status|p2a: Garchomp|brn
|
|-damage|p2a: Garchomp|94/100 brn|[from] brn
|upkeep
|turn|2
|j| Aerialbanana
|
|t:|1602092198
|switch|p2a: Magic Paddo|Amoonguss, M, shiny|100/100
|switch|p1a: Slowbro|Slowbro, F|100/100
|
|upkeep
|turn|3
|
|t:|1602092210
|switch|p1a: Ninetales|Ninetales-Alola, M|100/100
|-weather|Hail|[from] ability: Snow Warning|[of] p1a: Ninetales
|move|p2a: Magic Paddo|Energy Ball|p1a: Ninetales
|-damage|p1a: Ninetales|74/100
|
|-weather|Hail|[upkeep]
|-damage|p2a: Magic Paddo|94/100|[from] Hail
|-heal|p2a: Magic Paddo|100/100|[from] item: Black Sludge
|upkeep
|turn|4
|
|t:|1602092242
|switch|p2a: Hi-usagi|Cinderace, M|100/100
|move|p1a: Ninetales|Aurora Veil|p1a: Ninetales
|-sidestart|p1: Shinzaru|move: Aurora Veil
|
|-weather|Hail|[upkeep]
|-damage|p2a: Hi-usagi|95/100|[from] Hail
|upkeep
|turn|5
|
|t:|1602092251
|move|p1a: Ninetales|Hypnosis|p2a: Hi-usagi
|-status|p2a: Hi-usagi|slp|[from] move: Hypnosis
|cant|p2a: Hi-usagi|slp
|
|-weather|Hail|[upkeep]
|-damage|p2a: Hi-usagi|89/100 slp|[from] Hail
|upkeep
|turn|6
|
|t:|1602092263
|switch|p1a: Dragapult|Dragapult, M|100/100
|switch|p2a: Geraaaard|Corviknight, F, shiny|100/100
|
|-weather|Hail|[upkeep]
|-damage|p1a: Dragapult|95/100|[from] Hail
|-damage|p2a: Geraaaard|94/100|[from] Hail
|-heal|p2a: Geraaaard|100/100|[from] item: Leftovers
|upkeep
|turn|7
|
|t:|1602092293
|switch|p1a: Rotom|Rotom-Heat|93/100
|move|p2a: Geraaaard|Iron Head|p1a: Rotom
|-resisted|p1a: Rotom
|-damage|p1a: Rotom|89/100
|
|-weather|none
|upkeep
|turn|8
|
|t:|1602092304
|switch|p2a: Diancie|Diancie, shiny|100/100
|move|p1a: Rotom|Overheat|p2a: Diancie
|-resisted|p2a: Diancie
|-damage|p2a: Diancie|77/100
|-unboost|p1a: Rotom|spa|2
|
|upkeep
|turn|9
|
|t:|1602092323
|switch|p1a: Slowbro|Slowbro, F|100/100
|detailschange|p2a: Diancie|Diancie-Mega, shiny
|-mega|p2a: Diancie|Diancie|Diancite
|move|p2a: Diancie|Diamond Storm|p1a: Slowbro
|-damage|p1a: Slowbro|85/100
|-boost|p2a: Diancie|def|2
|
|-heal|p1a: Slowbro|92/100|[from] item: Leftovers
|upkeep
|turn|10
|
|t:|1602092343
|switch|p2a: Geraaaard|Corviknight, F, shiny|100/100
|move|p1a: Slowbro|Scald|p2a: Geraaaard
|-damage|p2a: Geraaaard|74/100
|
|-heal|p2a: Geraaaard|80/100|[from] item: Leftovers
|-heal|p1a: Slowbro|98/100|[from] item: Leftovers
|upkeep
|turn|11
|
|t:|1602092352
|move|p2a: Geraaaard|Drill Peck|p1a: Slowbro
|-damage|p1a: Slowbro|91/100
|move|p1a: Slowbro|Thunder Wave|p2a: Geraaaard
|-status|p2a: Geraaaard|par
|
|-heal|p1a: Slowbro|97/100|[from] item: Leftovers
|-heal|p2a: Geraaaard|86/100 par|[from] item: Leftovers
|-sideend|p1: Shinzaru|move: Aurora Veil
|upkeep
|turn|12
|
|t:|1602092362
|switch|p2a: Magic Paddo|Amoonguss, M, shiny|100/100
|move|p1a: Slowbro|Teleport|p1a: Slowbro
|
|t:|1602092365
|switch|p1a: Ninetales|Ninetales-Alola, M|74/100|[from]move: Teleport
|-weather|Hail|[from] ability: Snow Warning|[of] p1a: Ninetales
|
|-weather|Hail|[upkeep]
|-damage|p2a: Magic Paddo|94/100|[from] Hail
|-heal|p2a: Magic Paddo|100/100|[from] item: Black Sludge
|upkeep
|turn|13
|
|t:|1602092388
|move|p1a: Ninetales|Aurora Veil|p1a: Ninetales
|-sidestart|p1: Shinzaru|move: Aurora Veil
|move|p2a: Magic Paddo|Sludge Bomb|p1a: Ninetales
|-supereffective|p1a: Ninetales
|-damage|p1a: Ninetales|48/100
|
|-weather|Hail|[upkeep]
|-damage|p2a: Magic Paddo|94/100|[from] Hail
|-heal|p2a: Magic Paddo|100/100|[from] item: Black Sludge
|upkeep
|turn|14
|
|t:|1602092408
|switch|p1a: Rotom|Rotom-Heat|89/100
|switch|p2a: Diancie|Diancie-Mega, shiny|77/100
|
|-weather|Hail|[upkeep]
|-damage|p2a: Diancie|71/100|[from] Hail
|-damage|p1a: Rotom|83/100|[from] Hail
|upkeep
|turn|15
|
|t:|1602092428
|switch|p1a: Bisharp|Bisharp, M|100/100
|move|p2a: Diancie|Diamond Storm|p1a: Bisharp
|-resisted|p1a: Bisharp
|-damage|p1a: Bisharp|84/100
|
|-weather|Hail|[upkeep]
|-damage|p2a: Diancie|65/100|[from] Hail
|-damage|p1a: Bisharp|78/100|[from] Hail
|upkeep
|turn|16
|
|t:|1602092460
|switch|p2a: Geraaaard|Corviknight, F, shiny|86/100 par
|move|p1a: Bisharp|Iron Head|p2a: Geraaaard
|-resisted|p2a: Geraaaard
|-damage|p2a: Geraaaard|73/100 par
|
|-weather|none
|-heal|p2a: Geraaaard|79/100 par|[from] item: Leftovers
|upkeep
|turn|17
|
|t:|1602092475
|move|p1a: Bisharp|Knock Off|p2a: Geraaaard
|-damage|p2a: Geraaaard|42/100 par
|-enditem|p2a: Geraaaard|Leftovers|[from] move: Knock Off|[of] p1a: Bisharp
|move|p2a: Geraaaard|Roost|p2a: Geraaaard
|-heal|p2a: Geraaaard|92/100 par
|-singleturn|p2a: Geraaaard|move: Roost
|
|upkeep
|turn|18
|
|t:|1602092485
|switch|p2a: Magic Paddo|Amoonguss, M, shiny|100/100
|move|p1a: Bisharp|Swords Dance|p1a: Bisharp
|-boost|p1a: Bisharp|atk|2
|
|upkeep
|turn|19
|
|t:|1602092491
|move|p1a: Bisharp|Knock Off|p2a: Magic Paddo
|-damage|p2a: Magic Paddo|0 fnt
|-enditem|p2a: Magic Paddo|Black Sludge|[from] move: Knock Off|[of] p1a: Bisharp
|faint|p2a: Magic Paddo
|
|upkeep
|
|t:|1602092505
|switch|p2a: Cloyster|Cloyster, M|100/100
|turn|20
|
|t:|1602092537
|switch|p2a: Hi-usagi|Cinderace, M|89/100 slp
|move|p1a: Bisharp|Iron Head|p2a: Hi-usagi
|-resisted|p2a: Hi-usagi
|-damage|p2a: Hi-usagi|28/100 slp
|
|-sideend|p1: Shinzaru|move: Aurora Veil
|upkeep
|turn|21
|
|t:|1602092548
|move|p1a: Bisharp|Sucker Punch|p2a: Hi-usagi
|-damage|p2a: Hi-usagi|0 fnt
|faint|p2a: Hi-usagi
|
|upkeep
|
|t:|1602092562
|switch|p2a: Cloyster|Cloyster, M|100/100
|turn|22
|
|t:|1602092571
|switch|p2a: Garchomp|Garchomp, M, shiny|94/100 brn
|move|p1a: Bisharp|Iron Head|p2a: Garchomp
|-damage|p2a: Garchomp|3/100 brn
|-damage|p1a: Bisharp|66/100|[from] ability: Rough Skin|[of] p2a: Garchomp
|
|-damage|p2a: Garchomp|0 fnt|[from] brn
|faint|p2a: Garchomp
|upkeep
|
|t:|1602092580
|switch|p2a: Geraaaard|Corviknight, F, shiny|92/100 par
|turn|23
|
|t:|1602092614
|switch|p1a: Slowbro|Slowbro, F|100/100
|move|p2a: Geraaaard|Drill Peck|p1a: Slowbro
|-damage|p1a: Slowbro|87/100
|
|-heal|p1a: Slowbro|93/100|[from] item: Leftovers
|upkeep
|turn|24
|
|t:|1602092643
|move|p1a: Slowbro|Scald|p2a: Geraaaard
|-damage|p2a: Geraaaard|65/100 par
|move|p2a: Geraaaard|Drill Peck|p1a: Slowbro
|-damage|p1a: Slowbro|79/100
|
|-heal|p1a: Slowbro|85/100|[from] item: Leftovers
|upkeep
|turn|25
|
|t:|1602092656
|move|p1a: Slowbro|Scald|p2a: Geraaaard
|-damage|p2a: Geraaaard|39/100 par
|move|p2a: Geraaaard|Roost|p2a: Geraaaard
|-heal|p2a: Geraaaard|89/100 par
|-singleturn|p2a: Geraaaard|move: Roost
|
|-heal|p1a: Slowbro|91/100|[from] item: Leftovers
|upkeep
|turn|26
|
|t:|1602092671
|move|p1a: Slowbro|Scald|p2a: Geraaaard
|-damage|p2a: Geraaaard|61/100 par
|move|p2a: Geraaaard|Iron Head|p1a: Slowbro
|-resisted|p1a: Slowbro
|-damage|p1a: Slowbro|84/100
|
|-heal|p1a: Slowbro|90/100|[from] item: Leftovers
|upkeep
|turn|27
|j| Team Shell
|
|t:|1602092701
|switch|p2a: Diancie|Diancie-Mega, shiny|65/100
|move|p1a: Slowbro|Scald|p2a: Diancie
|-supereffective|p2a: Diancie
|-damage|p2a: Diancie|0 fnt
|faint|p2a: Diancie
|
|-heal|p1a: Slowbro|96/100|[from] item: Leftovers
|upkeep
|
|t:|1602092709
|switch|p2a: Cloyster|Cloyster, M|100/100
|turn|28
|
|t:|1602092740
|move|p2a: Cloyster|Shell Smash|p2a: Cloyster
|-unboost|p2a: Cloyster|def|1
|-unboost|p2a: Cloyster|spd|1
|-boost|p2a: Cloyster|atk|2
|-boost|p2a: Cloyster|spa|2
|-boost|p2a: Cloyster|spe|2
|move|p1a: Slowbro|Thunder Wave|p2a: Cloyster
|-status|p2a: Cloyster|par
|
|-heal|p1a: Slowbro|100/100|[from] item: Leftovers
|upkeep
|turn|29
|
|t:|1602092771
|move|p2a: Cloyster|Shell Smash|p2a: Cloyster
|-unboost|p2a: Cloyster|def|1
|-unboost|p2a: Cloyster|spd|1
|-boost|p2a: Cloyster|atk|2
|-boost|p2a: Cloyster|spa|2
|-boost|p2a: Cloyster|spe|2
|move|p1a: Slowbro|Teleport|p1a: Slowbro
|
|t:|1602092791
|switch|p1a: Ninetales|Ninetales-Alola, M|48/100|[from]move: Teleport
|-weather|Hail|[from] ability: Snow Warning|[of] p1a: Ninetales
|
|-weather|Hail|[upkeep]
|upkeep
|turn|30
|
|t:|1602092806
|move|p2a: Cloyster|Rock Blast|p1a: Ninetales
|-supereffective|p1a: Ninetales
|-damage|p1a: Ninetales|0 fnt
|-hitcount|p1a: Ninetales|1
|faint|p1a: Ninetales
|
|-weather|Hail|[upkeep]
|upkeep
|
|t:|1602092843
|switch|p1a: Rotom|Rotom-Heat|83/100
|turn|31
|
|t:|1602092850
|move|p2a: Cloyster|Rock Blast|p1a: Rotom
|-supereffective|p1a: Rotom
|-damage|p1a: Rotom|33/100
|-supereffective|p1a: Rotom
|-damage|p1a: Rotom|0 fnt
|-hitcount|p1a: Rotom|2
|faint|p1a: Rotom
|
|-weather|Hail|[upkeep]
|upkeep
|
|t:|1602092857
|switch|p1a: Bisharp|Bisharp, M|66/100
|turn|32
|
|t:|1602092878
|move|p1a: Bisharp|Sucker Punch|p2a: Cloyster
|-damage|p2a: Cloyster|28/100 par
|move|p2a: Cloyster|Icicle Spear|p1a: Bisharp
|-resisted|p1a: Bisharp
|-damage|p1a: Bisharp|46/100
|-resisted|p1a: Bisharp
|-damage|p1a: Bisharp|23/100
|-resisted|p1a: Bisharp
|-damage|p1a: Bisharp|0 fnt
|-hitcount|p1a: Bisharp|3
|faint|p1a: Bisharp
|
|-weather|Hail|[upkeep]
|upkeep
|
|t:|1602092904
|switch|p1a: Beedrill|Beedrill, M|100/100
|turn|33
|
|t:|1602092914
|detailschange|p1a: Beedrill|Beedrill-Mega, M
|-mega|p1a: Beedrill|Beedrill|Beedrillite
|move|p1a: Beedrill|Poison Jab|p2a: Cloyster
|-damage|p2a: Cloyster|0 fnt
|faint|p2a: Cloyster
|
|-weather|none
|upkeep
|
|t:|1602092923
|switch|p2a: Geraaaard|Corviknight, F, shiny|61/100 par
|turn|34
|
|t:|1602092932
|move|p1a: Beedrill|U-turn|p2a: Geraaaard
|-resisted|p2a: Geraaaard
|-damage|p2a: Geraaaard|52/100 par
|
|t:|1602092935
|switch|p1a: Slowbro|Slowbro, F|100/100|[from]move: U-turn
|cant|p2a: Geraaaard|par
|
|upkeep
|turn|35
|
|t:|1602092941
|move|p1a: Slowbro|Scald|p2a: Geraaaard
|-damage|p2a: Geraaaard|25/100 par
|move|p2a: Geraaaard|Roost|p2a: Geraaaard
|-heal|p2a: Geraaaard|75/100 par
|-singleturn|p2a: Geraaaard|move: Roost
|
|upkeep
|turn|36
|
|t:|1602092949
|move|p1a: Slowbro|Scald|p2a: Geraaaard
|-damage|p2a: Geraaaard|49/100 par
|move|p2a: Geraaaard|Roost|p2a: Geraaaard
|-heal|p2a: Geraaaard|99/100 par
|-singleturn|p2a: Geraaaard|move: Roost
|
|upkeep
|turn|37
|
|t:|1602092957
|move|p1a: Slowbro|Scald|p2a: Geraaaard
|-damage|p2a: Geraaaard|74/100 par
|move|p2a: Geraaaard|Drill Peck|p1a: Slowbro
|-damage|p1a: Slowbro|86/100
|
|-heal|p1a: Slowbro|92/100|[from] item: Leftovers
|upkeep
|turn|38
|
|t:|1602092966
|move|p1a: Slowbro|Scald|p2a: Geraaaard
|-damage|p2a: Geraaaard|49/100 par
|move|p2a: Geraaaard|Drill Peck|p1a: Slowbro
|-damage|p1a: Slowbro|77/100
|
|-heal|p1a: Slowbro|83/100|[from] item: Leftovers
|upkeep
|turn|39
|
|t:|1602092976
|move|p2a: Geraaaard|Roost|p2a: Geraaaard
|-heal|p2a: Geraaaard|99/100 par
|-singleturn|p2a: Geraaaard|move: Roost
|move|p1a: Slowbro|Teleport|p1a: Slowbro
|
|t:|1602092981
|switch|p1a: Dragapult|Dragapult, M|95/100|[from]move: Teleport
|
|upkeep
|turn|40
|
|t:|1602092991
|move|p1a: Dragapult|Flamethrower|p2a: Geraaaard
|-supereffective|p2a: Geraaaard
|-damage|p2a: Geraaaard|20/100 par
|move|p2a: Geraaaard|Drill Peck|p1a: Dragapult
|-damage|p1a: Dragapult|63/100
|
|upkeep
|turn|41
|
|t:|1602092998
|move|p1a: Dragapult|Flamethrower|p2a: Geraaaard
|-supereffective|p2a: Geraaaard
|-damage|p2a: Geraaaard|0 fnt
|faint|p2a: Geraaaard
|
|win|Shinzaru
|c| Zarbon's_Nut|gg boiis
|c|☆TwentyTwan|gg
|c| Aerialbanana|gg
|c| Curseroy1990|Gg!
|c| raiho_blackflame|gg
|c|☆Shinzaru|gg
