|j|☆Diancie_hhh
|j|☆Obito 2001
|t:|1666962972
|gametype|singles
|player|p1|Diancie_hhh|marnie|1738
|player|p2|Obito 2001|teamrocket|1953
|teamsize|p1|6
|teamsize|p2|6
|gen|8
|tier|[Gen 8] National Dex AG
|rated|
|rule|HP Percentage Mod: HP is shown in percentages
|rule|Endless Battle Clause: Forcing endless battles is banned
|clearpoke
|poke|p1|Arceus-*|
|poke|p1|Zacian-*|
|poke|p1|Groudon|
|poke|p1|Ho-Oh|
|poke|p1|Zygarde|
|poke|p1|Weavile, F|
|poke|p2|Mewtwo|
|poke|p2|Zapdos|
|poke|p2|Moltres|
|poke|p2|Ditto|
|poke|p2|Dragonite, F|
|poke|p2|Mew|
|teampreview
|inactive|Battle timer is ON: inactive players will automatically lose when time's up. (requested by Obito 2001)
|
|t:|1666962992
|start
|switch|p1a: Zygarde|Zygarde, shiny|100/100
|switch|p2a: Mew|Mew, shiny|100/100
|turn|1
|
|t:|1666962999
|move|p2a: Mew|Trick|p1a: Zygarde
|-activate|p2a: Mew|move: Trick|[of] p1a: Zygarde
|-item|p1a: Zygarde|Choice Scarf|[from] move: Trick
|-item|p2a: Mew|Chesto Berry|[from] move: Trick
|move|p1a: Zygarde|Coil|p1a: Zygarde
|-boost|p1a: Zygarde|atk|1
|-boost|p1a: Zygarde|def|1
|-boost|p1a: Zygarde|accuracy|1
|
|upkeep
|turn|2
|
|t:|1666963014
|switch|p1a: 大地之神|Groudon, shiny|100/100
|detailschange|p1a: 大地之神|Groudon-Primal, shiny
|-primal|p1a: 大地之神
|-weather|DesolateLand|[from] ability: Desolate Land|[of] p1a: 大地之神
|move|p2a: Mew|Stealth Rock|p1a: 大地之神
|-sidestart|p1: Diancie_hhh|move: Stealth Rock
|
|-weather|DesolateLand|[upkeep]
|upkeep
|turn|3
|
|t:|1666963021
|move|p2a: Mew|Transform|p1a: 大地之神
|-transform|p2a: Mew|p1a: 大地之神
|move|p1a: 大地之神|Stealth Rock|p2a: Mew
|-sidestart|p2: Obito 2001|move: Stealth Rock
|
|-weather|DesolateLand|[upkeep]
|upkeep
|turn|4
|
|t:|1666963027
|switch|p1a: Ho-Oh|Ho-Oh|100/100
|move|p2a: Mew|Earthquake|p1a: Ho-Oh
|-immune|p1a: Ho-Oh
|
|-weather|DesolateLand|[upkeep]
|upkeep
|turn|5
|
|t:|1666963044
|move|p1a: Ho-Oh|Sacred Fire|p2a: Mew
|-resisted|p2a: Mew
|-damage|p2a: Mew|81/100
|move|p2a: Mew|Roar|p1a: Ho-Oh
|drag|p1a: Arceus|Arceus, shiny|100/100
|-damage|p1a: Arceus|88/100|[from] Stealth Rock
|
|-weather|DesolateLand|[upkeep]
|upkeep
|turn|6
|
|t:|1666963055
|move|p1a: Arceus|Swords Dance|p1a: Arceus
|-boost|p1a: Arceus|atk|2
|move|p2a: Mew|Fire Punch|p1a: Arceus
|-damage|p1a: Arceus|31/100
|
|-weather|DesolateLand|[upkeep]
|upkeep
|turn|7
|
|t:|1666963061
|move|p1a: Arceus|Recover|p1a: Arceus
|-heal|p1a: Arceus|81/100
|move|p2a: Mew|Fire Punch|p1a: Arceus
|-damage|p1a: Arceus|26/100
|-status|p1a: Arceus|brn
|
|-weather|DesolateLand|[upkeep]
|-damage|p1a: Arceus|20/100 brn|[from] brn
|upkeep
|turn|8
|
|t:|1666963067
|move|p1a: Arceus|Extreme Speed|p2a: Mew
|-damage|p2a: Mew|51/100
|-damage|p1a: Arceus|10/100 brn|[from] item: Life Orb
|move|p2a: Mew|Roar|p1a: Arceus
|drag|p1a: Ho-Oh|Ho-Oh|100/100
|
|-weather|DesolateLand|[upkeep]
|upkeep
|turn|9
|
|t:|1666963079
|-weather|none
|switch|p2a: Moltres|Moltres|100/100
|move|p1a: Ho-Oh|Defog|p2a: Moltres
|-unboost|p2a: Moltres|evasion|1
|-sideend|p2: Obito 2001|Stealth Rock|[from] move: Defog|[of] p1a: Ho-Oh
|-sideend|p1: Diancie_hhh|Stealth Rock|[from] move: Defog|[of] p1a: Ho-Oh
|
|upkeep
|turn|10
|
|t:|1666963085
|move|p1a: Ho-Oh|Toxic|p2a: Moltres
|-status|p2a: Moltres|tox
|move|p2a: Moltres|Toxic|p1a: Ho-Oh
|-status|p1a: Ho-Oh|tox
|
|-damage|p1a: Ho-Oh|94/100 tox|[from] psn
|-damage|p2a: Moltres|94/100 tox|[from] psn
|upkeep
|turn|11
|
|t:|1666963095
|switch|p2a: Mew|Mew, shiny|51/100
|move|p1a: Ho-Oh|Sacred Fire||[still]
|-damage|p2a: Mew|9/100
|-status|p2a: Mew|brn
|-activate|p2a: Mew|ability: Synchronize
|-fail|p2a: Mew
|
|-damage|p1a: Ho-Oh|82/100 tox|[from] psn
|-damage|p2a: Mew|3/100 brn|[from] brn
|upkeep
|turn|12
|
|t:|1666963113
|move|p2a: Mew|Knock Off|p1a: Ho-Oh
|-damage|p1a: Ho-Oh|72/100 tox
|-enditem|p1a: Ho-Oh|Heavy-Duty Boots|[from] move: Knock Off|[of] p2a: Mew
|move|p1a: Ho-Oh|Defog|p2a: Mew
|-unboost|p2a: Mew|evasion|1
|
|-damage|p1a: Ho-Oh|53/100 tox|[from] psn
|-damage|p2a: Mew|0 fnt|[from] brn
|faint|p2a: Mew
|upkeep
|
|t:|1666963123
|switch|p2a: Zapdos|Zapdos|100/100
|turn|13
|
|t:|1666963136
|switch|p1a: Zygarde|Zygarde, shiny|100/100
|-start|p2a: Zapdos|Dynamax|
|-heal|p2a: Zapdos|100/100|[silent]
|move|p2a: Zapdos|Max Airstream|p1a: Zygarde
|-damage|p1a: Zygarde|28/100
|-boost|p2a: Zapdos|spe|1
|-damage|p2a: Zapdos|96/100|[from] item: Life Orb
|
|-activate|p1a: Zygarde|ability: Power Construct
|detailschange|p1a: Zygarde|Zygarde-Complete, shiny
|-heal|p1a: Zygarde|53/100|[silent]
|upkeep
|turn|14
|inactive|Diancie_hhh has 120 seconds left.
|j| QIUKC
|
|t:|1666963176
|move|p2a: Zapdos|Max Hailstorm|p1a: Zygarde
|-supereffective|p1a: Zygarde
|-damage|p1a: Zygarde|0 fnt
|-weather|Hail
|faint|p1a: Zygarde
|-damage|p2a: Zapdos|91/100|[from] item: Life Orb
|
|-weather|Hail|[upkeep]
|-damage|p2a: Zapdos|87/100|[from] Hail
|upkeep
|
|t:|1666963182
|switch|p1a: Zacian|Zacian-Crowned|100/100
|-ability|p1a: Zacian|Intrepid Sword|boost
|-boost|p1a: Zacian|atk|1
|turn|15
|
|t:|1666963191
|switch|p1a: Ho-Oh|Ho-Oh|86/100 tox
|move|p2a: Zapdos|Max Flare|p1a: Ho-Oh
|-resisted|p1a: Ho-Oh
|-crit|p1a: Ho-Oh
|-damage|p1a: Ho-Oh|65/100 tox
|-weather|SunnyDay
|-damage|p2a: Zapdos|82/100|[from] item: Life Orb
|
|-weather|SunnyDay|[upkeep]
|-damage|p1a: Ho-Oh|59/100 tox|[from] psn
|upkeep
|-end|p2a: Zapdos|Dynamax
|-heal|p2a: Zapdos|82/100|[silent]
|turn|16
|inactive|Diancie_hhh has 120 seconds left.
|
|t:|1666963207
|switch|p1a: Arceus|Arceus, shiny|10/100 brn
|move|p2a: Zapdos|Thunderbolt|p1a: Arceus
|-damage|p1a: Arceus|0 fnt
|faint|p1a: Arceus
|-damage|p2a: Zapdos|72/100|[from] item: Life Orb
|
|-weather|SunnyDay|[upkeep]
|upkeep
|
|t:|1666963212
|switch|p1a: Ho-Oh|Ho-Oh|92/100 tox
|turn|17
|
|t:|1666963220
|move|p2a: Zapdos|Thunderbolt|p1a: Ho-Oh
|-supereffective|p1a: Ho-Oh
|-damage|p1a: Ho-Oh|37/100 tox
|-damage|p2a: Zapdos|62/100|[from] item: Life Orb
|move|p1a: Ho-Oh|Toxic|p2a: Zapdos
|-status|p2a: Zapdos|tox
|
|-weather|SunnyDay|[upkeep]
|-damage|p2a: Zapdos|56/100 tox|[from] psn
|-damage|p1a: Ho-Oh|31/100 tox|[from] psn
|upkeep
|turn|18
|
|t:|1666963232
|switch|p1a: Zacian|Zacian-Crowned|100/100
|-ability|p1a: Zacian|Intrepid Sword|boost
|-boost|p1a: Zacian|atk|1
|move|p2a: Zapdos|Heat Wave|p1a: Zacian
|-supereffective|p1a: Zacian
|-crit|p1a: Zacian
|-damage|p1a: Zacian|0 fnt
|faint|p1a: Zacian
|-damage|p2a: Zapdos|46/100 tox|[from] item: Life Orb
|
|-weather|SunnyDay|[upkeep]
|-damage|p2a: Zapdos|34/100 tox|[from] psn
|upkeep
|
|t:|1666963243
|switch|p1a: Ho-Oh|Ho-Oh|64/100 tox
|turn|19
|
|t:|1666963245
|switch|p1a: 大地之神|Groudon-Primal, shiny|100/100
|-weather|DesolateLand|[from] ability: Desolate Land|[of] p1a: 大地之神
|move|p2a: Zapdos|Thunderbolt|p1a: 大地之神
|-immune|p1a: 大地之神
|
|-weather|DesolateLand|[upkeep]
|-damage|p2a: Zapdos|15/100 tox|[from] psn
|upkeep
|turn|20
|
|t:|1666963251
|-weather|none
|switch|p1a: Ho-Oh|Ho-Oh|97/100 tox
|move|p2a: Zapdos|Thunderbolt|p1a: Ho-Oh
|-supereffective|p1a: Ho-Oh
|-damage|p1a: Ho-Oh|36/100 tox
|-damage|p2a: Zapdos|5/100 tox|[from] item: Life Orb
|
|-damage|p2a: Zapdos|0 fnt|[from] psn
|faint|p2a: Zapdos
|-damage|p1a: Ho-Oh|30/100 tox|[from] psn
|upkeep
|
|t:|1666963260
|switch|p2a: Dragonite|Dragonite, F|100/100
|turn|21
|
|t:|1666963266
|move|p2a: Dragonite|Dragon Claw|p1a: Ho-Oh
|-damage|p1a: Ho-Oh|0 fnt
|faint|p1a: Ho-Oh
|
|upkeep
|
|t:|1666963270
|switch|p1a: Weavile|Weavile, F, shiny|100/100
|-ability|p1a: Weavile|Pressure
|turn|22
|
|t:|1666963273
|switch|p2a: Moltres|Moltres|94/100 tox
|move|p1a: Weavile|Triple Axel|p2a: Moltres
|-damage|p2a: Moltres|87/100 tox
|-status|p1a: Weavile|brn|[from] ability: Flame Body|[of] p2a: Moltres
|-hitcount|p2a: Moltres|1
|
|-damage|p2a: Moltres|81/100 tox|[from] psn
|-damage|p1a: Weavile|94/100 brn|[from] brn
|upkeep
|turn|23
|
|t:|1666963288
|switch|p1a: 大地之神|Groudon-Primal, shiny|100/100
|-weather|DesolateLand|[from] ability: Desolate Land|[of] p1a: 大地之神
|move|p2a: Moltres|Flamethrower|p1a: 大地之神
|-resisted|p1a: 大地之神
|-damage|p1a: 大地之神|75/100
|
|-weather|DesolateLand|[upkeep]
|-damage|p2a: Moltres|69/100 tox|[from] psn
|upkeep
|turn|24
|
|t:|1666963295
|move|p1a: 大地之神|Stealth Rock|p2a: Moltres
|-sidestart|p2: Obito 2001|move: Stealth Rock
|move|p2a: Moltres|Toxic|p1a: 大地之神|[miss]
|-miss|p2a: Moltres|p1a: 大地之神
|
|-weather|DesolateLand|[upkeep]
|-damage|p2a: Moltres|51/100 tox|[from] psn
|upkeep
|turn|25
|
|t:|1666963301
|move|p1a: 大地之神|Fire Punch|p2a: Moltres
|-resisted|p2a: Moltres
|-damage|p2a: Moltres|22/100 tox
|move|p2a: Moltres|Flamethrower|p1a: 大地之神
|-resisted|p1a: 大地之神
|-damage|p1a: 大地之神|51/100
|
|-weather|DesolateLand|[upkeep]
|-damage|p2a: Moltres|0 fnt|[from] psn
|faint|p2a: Moltres
|upkeep
|
|t:|1666963306
|switch|p2a: Ditto|Ditto, shiny|100/100
|-damage|p2a: Ditto|88/100|[from] Stealth Rock
|-transform|p2a: Ditto|p1a: 大地之神|[from] ability: Imposter
|turn|26
|
|t:|1666963312
|move|p2a: Ditto|Earthquake|p1a: 大地之神
|-supereffective|p1a: 大地之神
|-damage|p1a: 大地之神|0 fnt
|faint|p1a: 大地之神
|
|-weather|DesolateLand|[upkeep]
|upkeep
|
|t:|1666963314
|switch|p1a: Weavile|Weavile, F, shiny|94/100 brn
|-ability|p1a: Weavile|Pressure
|turn|27
|
|t:|1666963322
|-start|p1a: Weavile|Dynamax|
|-heal|p1a: Weavile|94/100 brn|[silent]
|move|p2a: Ditto|Earthquake|p1a: Weavile
|-damage|p1a: Weavile|27/100 brn
|move|p1a: Weavile|Max Darkness|p2a: Ditto
|-damage|p2a: Ditto|64/100
|-unboost|p2a: Ditto|spd|1
|
|-weather|DesolateLand|[upkeep]
|-damage|p1a: Weavile|24/100 brn|[from] brn
|upkeep
|turn|28
|
|t:|1666963335
|move|p2a: Ditto|Earthquake|p1a: Weavile
|-damage|p1a: Weavile|0 fnt
|faint|p1a: Weavile
|
|win|Obito 2001
|raw|Diancie_hhh's rating: 1738 &rarr; <strong>1729</strong><br />(-9 for losing)
|raw|Obito 2001's rating: 1953 &rarr; <strong>1962</strong><br />(+9 for winning)
||Ladder isn't responding, score probably updated but might not have (Request timeout).
|l| QIUKC
