|j|☆Nypel
|j|☆Truthankamon
|t:|1651173031
|gametype|singles
|player|p1|Nypel|dragontamer|1829
|player|p2|Truthankamon|169|1676
|teamsize|p1|6
|teamsize|p2|6
|gen|8
|tier|[Gen 8] National Dex AG
|rated|
|rule|HP Percentage Mod: HP is shown in percentages
|rule|Endless Battle Clause: Forcing endless battles is banned
|clearpoke
|poke|p1|Zacian-*|
|poke|p1|Rayquaza|
|poke|p1|Ditto|
|poke|p1|Groudon|
|poke|p1|Xerneas-*|
|poke|p1|Smeargle, F|
|poke|p2|Zacian-*|
|poke|p2|Zygarde|
|poke|p2|Rayquaza|
|poke|p2|Arceus-*|
|poke|p2|Necrozma-Dusk-Mane|
|poke|p2|Blissey, F|
|teampreview
|
|t:|1651173054
|start
|switch|p1a: Smeargle|Smeargle, F|100/100
|switch|p2a: Zygarde|Zygarde|100/100
|turn|1
|
|t:|1651173058
|move|p2a: Zygarde|Substitute|p2a: Zygarde
|-start|p2a: Zygarde|Substitute
|-damage|p2a: Zygarde|76/100
|move|p1a: Smeargle|Spore||[still]
|-fail|p1a: Smeargle
|
|-heal|p2a: Zygarde|82/100|[from] item: Leftovers
|-ability|p1a: Smeargle|Moody|boost
|-boost|p1a: Smeargle|spd|2
|-unboost|p1a: Smeargle|spa|1
|upkeep
|turn|2
|
|t:|1651173084
|move|p2a: Zygarde|Dragon Dance|p2a: Zygarde
|-boost|p2a: Zygarde|atk|1
|-boost|p2a: Zygarde|spe|1
|move|p1a: Smeargle|Substitute|p1a: Smeargle
|-start|p1a: Smeargle|Substitute
|-damage|p1a: Smeargle|76/100
|
|-heal|p2a: Zygarde|88/100|[from] item: Leftovers
|-ability|p1a: Smeargle|Moody|boost
|-boost|p1a: Smeargle|spe|2
|-unboost|p1a: Smeargle|def|1
|upkeep
|turn|3
|
|t:|1651173097
|move|p1a: Smeargle|Power Trip|p2a: Zygarde
|-activate|p2a: Zygarde|move: Substitute|[damage]
|move|p2a: Zygarde|Thousand Arrows|p1a: Smeargle
|-end|p1a: Smeargle|Substitute
|
|-heal|p2a: Zygarde|94/100|[from] item: Leftovers
|-ability|p1a: Smeargle|Moody|boost
|-boost|p1a: Smeargle|spa|2
|-unboost|p1a: Smeargle|atk|1
|upkeep
|turn|4
|
|t:|1651173103
|move|p1a: Smeargle|Power Trip|p2a: Zygarde
|-activate|p2a: Zygarde|move: Substitute|[damage]
|move|p2a: Zygarde|Dragon Tail|p1a: Smeargle|[miss]
|-miss|p2a: Zygarde|p1a: Smeargle
|
|-heal|p2a: Zygarde|99/100|[from] item: Leftovers
|-ability|p1a: Smeargle|Moody|boost
|-boost|p1a: Smeargle|spe|2
|-unboost|p1a: Smeargle|atk|1
|upkeep
|turn|5
|
|t:|1651173110
|move|p1a: Smeargle|Substitute|p1a: Smeargle
|-start|p1a: Smeargle|Substitute
|-damage|p1a: Smeargle|51/100
|move|p2a: Zygarde|Dragon Dance|p2a: Zygarde
|-boost|p2a: Zygarde|atk|1
|-boost|p2a: Zygarde|spe|1
|
|-heal|p2a: Zygarde|100/100|[from] item: Leftovers
|-ability|p1a: Smeargle|Moody|boost
|-boost|p1a: Smeargle|atk|2
|-unboost|p1a: Smeargle|spd|1
|upkeep
|turn|6
|
|t:|1651173115
|move|p1a: Smeargle|Shell Smash|p1a: Smeargle
|-unboost|p1a: Smeargle|def|1
|-unboost|p1a: Smeargle|spd|1
|-boost|p1a: Smeargle|atk|2
|-boost|p1a: Smeargle|spa|2
|-boost|p1a: Smeargle|spe|2
|move|p2a: Zygarde|Thousand Arrows|p1a: Smeargle
|-end|p1a: Smeargle|Substitute
|
|-ability|p1a: Smeargle|Moody|boost
|-boost|p1a: Smeargle|def|2
|-unboost|p1a: Smeargle|spa|1
|upkeep
|turn|7
|
|t:|1651173121
|move|p1a: Smeargle|Power Trip|p2a: Zygarde
|-end|p2a: Zygarde|Substitute
|move|p2a: Zygarde|Thousand Arrows|p1a: Smeargle
|-damage|p1a: Smeargle|0 fnt
|faint|p1a: Smeargle
|
|upkeep
|
|t:|1651173125
|switch|p1a: Ditto|Ditto, shiny|100/100
|-transform|p1a: Ditto|p2a: Zygarde|[from] ability: Imposter
|turn|8
|
|t:|1651173130
|-start|p2a: Zygarde|Dynamax|
|-heal|p2a: Zygarde|100/100|[silent]
|move|p2a: Zygarde|Max Wyrmwind|p1a: Ditto
|-supereffective|p1a: Ditto
|-damage|p1a: Ditto|0 fnt
|faint|p1a: Ditto
|
|upkeep
|
|t:|1651173138
|switch|p1a: Xerneas|Xerneas, shiny|100/100
|-ability|p1a: Xerneas|Fairy Aura
|turn|9
|
|t:|1651173140
|move|p2a: Zygarde|Max Quake|p1a: Xerneas
|-damage|p1a: Xerneas|7/100
|-boost|p2a: Zygarde|spd|1
|move|p1a: Xerneas|Geomancy||[still]
|-prepare|p1a: Xerneas|Geomancy
|-enditem|p1a: Xerneas|Power Herb
|-anim|p1a: Xerneas|Geomancy|p1a: Xerneas
|-boost|p1a: Xerneas|spa|2
|-boost|p1a: Xerneas|spd|2
|-boost|p1a: Xerneas|spe|2
|
|upkeep
|turn|10
|
|t:|1651173145
|-start|p1a: Xerneas|Dynamax|
|-heal|p1a: Xerneas|7/100|[silent]
|move|p2a: Zygarde|Max Quake|p1a: Xerneas
|-damage|p1a: Xerneas|0 fnt
|-boost|p2a: Zygarde|spd|1
|faint|p1a: Xerneas
|
|upkeep
|-message|Nypel forfeited.
|
|win|Truthankamon
|raw|Nypel's rating: 1829 &rarr; <strong>1801</strong><br />(-28 for losing)
|raw|Truthankamon's rating: 1676 &rarr; <strong>1704</strong><br />(+28 for winning)
|l|☆Nypel
|l|☆Truthankamon
|j|☆Truthankamon
|player|p2|Truthankamon|169
||Ladder isn't responding, score probably updated but might not have (Request timeout).
