|j|☆Pobla2
|j|☆Leafstorm121❤
|t:|1597011069
|player|p1|Pobla2|gladion-stance|
|player|p2|Leafstorm121❤|sina|
|teamsize|p1|6
|teamsize|p2|6
|gametype|singles
|gen|8
|tier|[Gen 8] National Dex AG
|rated|Tournament battle
|clearpoke
|poke|p1|Excadrill, F|
|poke|p1|Xerneas|
|poke|p1|Zacian-Crowned|
|poke|p1|Rayquaza|
|poke|p1|Groudon|
|poke|p1|Mewtwo|
|poke|p2|Giratina|
|poke|p2|Quagsire, M|
|poke|p2|Chansey, F|
|poke|p2|Arceus-*|
|poke|p2|Lugia|
|poke|p2|Sableye, M|
|rule|HP Percentage Mod: HP is shown in percentages
|rule|Endless Battle Clause: Forcing endless battles is banned
|teampreview
|j| FireFern
|j| I Eat Snoms
|l| FireFern
|c| I Eat Snoms|l e a f w h y
|c|☆Pobla2|my favourite playstile to fight against
|j| NevilleLovegood
|j| bro darkrai
|c| NevilleLovegood|seeing leafstorm using stall
|j| Jul. Rain
|c| NevilleLovegood|is so strange
|c| I Eat Snoms|ikr
|j| Thebestneverrest
|c|☆Leafstorm121❤|Lugia chose me to bring him into battle, so I nodded and brought him
|c|☆Pobla2|Leafstorm, the man who started bubonic plague
|c| Thebestneverrest|Nooooo its stall
|c|☆Leafstorm121❤|what does that even mean?
|j|@Frogger1387
|c| bro darkrai|wahts so bad about stall
|c|☆Pobla2|I mean, the idea of my smeargles' team, which i called bubonic plague
|c|☆Leafstorm121❤|oh yeah. Haha
|j| Birds30
|c|@Frogger1387|pobla2 win this for me
|c| NevilleLovegood|^
|c| I Eat Snoms|^
|c|☆Pobla2|thx for that, today i managed to peak 1900+ with it
|c|☆Pobla2|^^
|c| Birds30|?
|c| Birds30|in gen 7
|c| NevilleLovegood|win it for me frogg and birds
|c| Birds30|?
|c| bro darkrai|._.
|c|☆Leafstorm121❤|I think my HO team may have done worse here
|c|☆Pobla2|gl hf
|
|t:|1597011199
|start
|switch|p1a: Excadrill|Excadrill, F|100/100
|switch|p2a: Sableye|Sableye, M|100/100
|-ability|p1a: Excadrill|Mold Breaker
|turn|1
|c|☆Leafstorm121❤|u2
|j| No u Pick
|
|t:|1597011231
|detailschange|p2a: Sableye|Sableye-Mega, M
|-mega|p2a: Sableye|Sableye|Sablenite
|move|p2a: Sableye|Fake Out|p1a: Excadrill
|-resisted|p1a: Excadrill
|-damage|p1a: Excadrill|95/100
|cant|p1a: Excadrill|flinch
|
|upkeep
|turn|2
|
|t:|1597011237
|switch|p2a: Giratina|Giratina|100/100
|-ability|p2a: Giratina|Pressure
|move|p1a: Excadrill|Stealth Rock|p2a: Giratina
|-sidestart|p2: Leafstorm121❤|move: Stealth Rock
|
|upkeep
|turn|3
|c| Birds30|If pobla wins this roomtour
|c| Birds30|im banning frogger from ag room
|c|☆Pobla2|XD
|c| Birds30|On my main acccount pigeons
|c|☆Pobla2|U r pigeons?
|j| Shadowshark1
|inactive|Battle timer is ON: inactive players will automatically lose when time's up. (requested by Leafstorm121❤)
|c| Birds30|Yep totally
|c|☆Pobla2|no way :0
|c|☆Pobla2|didn't know
|c| bro darkrai|~~no way i didnt know that~~
|c| Birds30|Is he serious?
|c|☆Pobla2|yeah, sry
|
|t:|1597011294
|switch|p1a: Xerneas|Xerneas|100/100
|-ability|p1a: Xerneas|Fairy Aura
|move|p2a: Giratina|Will-O-Wisp|p1a: Xerneas
|-status|p1a: Xerneas|brn
|
|-damage|p1a: Xerneas|94/100 brn|[from] brn
|upkeep
|turn|4
|
|t:|1597011300
|switch|p2a: Chansey|Chansey, F|100/100
|-damage|p2a: Chansey|88/100|[from] Stealth Rock
|move|p1a: Xerneas|Geomancy||[still]
|-prepare|p1a: Xerneas|Geomancy
|-enditem|p1a: Xerneas|Power Herb
|-anim|p1a: Xerneas|Geomancy|p1a: Xerneas
|-boost|p1a: Xerneas|spa|2
|-boost|p1a: Xerneas|spd|2
|-boost|p1a: Xerneas|spe|2
|
|-damage|p1a: Xerneas|88/100 brn|[from] brn
|upkeep
|turn|5
|c| Shadowshark1|Idk XD
|
|t:|1597011304
|-start|p1a: Xerneas|Dynamax
|-heal|p1a: Xerneas|88/100 brn|[silent]
|move|p1a: Xerneas|Max Starfall|p2a: Chansey
|-damage|p2a: Chansey|36/100
|-fieldstart|move: Misty Terrain
|move|p2a: Chansey|Confide|p1a: Xerneas
|-unboost|p1a: Xerneas|spa|1
|
|-damage|p1a: Xerneas|85/100 brn|[from] brn
|upkeep
|turn|6
|l| No u Pick
|
|t:|1597011310
|move|p1a: Xerneas|Max Starfall|p2a: Chansey
|-damage|p2a: Chansey|1/100
|move|p2a: Chansey|Soft-Boiled|p2a: Chansey
|-heal|p2a: Chansey|51/100
|
|-damage|p1a: Xerneas|82/100 brn|[from] brn
|upkeep
|turn|7
|c|☆Pobla2|*visible frustration*
|
|t:|1597011323
|move|p1a: Xerneas|Max Starfall|p2a: Chansey
|-damage|p2a: Chansey|17/100
|move|p2a: Chansey|Soft-Boiled|p2a: Chansey
|-heal|p2a: Chansey|67/100
|
|-damage|p1a: Xerneas|79/100 brn|[from] brn
|-end|p1a: Xerneas|Dynamax
|-heal|p1a: Xerneas|79/100 brn|[silent]
|upkeep
|turn|8
|c|@Frogger1387|F
|
|t:|1597011338
|switch|p1a: Rayquaza|Rayquaza|100/100
|-ability|p1a: Rayquaza|Air Lock
|move|p2a: Chansey|Soft-Boiled|p2a: Chansey
|-heal|p2a: Chansey|100/100
|
|upkeep
|turn|9
|
|t:|1597011345
|switch|p2a: Giratina|Giratina|100/100
|-damage|p2a: Giratina|88/100|[from] Stealth Rock
|-ability|p2a: Giratina|Pressure
|move|p1a: Rayquaza|Swords Dance|p1a: Rayquaza
|-boost|p1a: Rayquaza|atk|2
|
|-heal|p2a: Giratina|94/100|[from] item: Leftovers
|-fieldend|Misty Terrain
|upkeep
|turn|10
|c| Thebestneverrest|F
|j| fastpoke galar
|c| Birds30|Yeah um lead u were supposed to click defog t1
|c| Birds30|wait what
|
|t:|1597011362
|detailschange|p1a: Rayquaza|Rayquaza-Mega
|-mega|p1a: Rayquaza|Rayquaza|
|-weather|DeltaStream|[from] ability: Delta Stream|[of] p1a: Rayquaza
|move|p1a: Rayquaza|Dragon Ascent|p2a: Giratina
|-damage|p2a: Giratina|0 fnt
|-unboost|p1a: Rayquaza|def|1
|-unboost|p1a: Rayquaza|spd|1
|-damage|p1a: Rayquaza|91/100|[from] item: Life Orb
|faint|p2a: Giratina
|
|-weather|DeltaStream|[upkeep]
|upkeep
|
|t:|1597011369
|switch|p2a: Arceus|Arceus-Fairy|100/100
|-damage|p2a: Arceus|88/100|[from] Stealth Rock
|turn|11
|l| Shadowshark1
|
|t:|1597011374
|-weather|none
|switch|p1a: Zacian|Zacian-Crowned|100/100
|-ability|p1a: Zacian|Intrepid Sword|boost
|-boost|p1a: Zacian|atk|1
|-start|p2a: Arceus|Dynamax
|-heal|p2a: Arceus|88/100|[silent]
|move|p2a: Arceus|Max Starfall|p1a: Zacian
|-resisted|p1a: Zacian
|-damage|p1a: Zacian|72/100
|-fieldstart|move: Misty Terrain
|
|upkeep
|turn|12
|
|t:|1597011379
|-end|p2a: Arceus|Dynamax
|-heal|p2a: Arceus|88/100|[silent]
|switch|p2a: Quagsire|Quagsire, M|100/100
|-damage|p2a: Quagsire|94/100|[from] Stealth Rock
|move|p1a: Zacian|Behemoth Blade|p2a: Quagsire
|-resisted|p2a: Quagsire
|-damage|p2a: Quagsire|69/100
|
|upkeep
|turn|13
|j| Shadowshark1
|c|@Frogger1387|no on both accounts
|
|t:|1597011389
|move|p1a: Zacian|Close Combat|p2a: Quagsire
|-damage|p2a: Quagsire|30/100
|-unboost|p1a: Zacian|def|1
|-unboost|p1a: Zacian|spd|1
|move|p2a: Quagsire|Recover|p2a: Quagsire
|-heal|p2a: Quagsire|80/100
|
|upkeep
|turn|14
|
|t:|1597011395
|switch|p1a: Mewtwo|Mewtwo|100/100
|-ability|p1a: Mewtwo|Unnerve|p2: Leafstorm121❤
|move|p2a: Quagsire|Recover|p2a: Quagsire
|-heal|p2a: Quagsire|100/100
|
|upkeep
|turn|15
|
|t:|1597011406
|switch|p2a: Lugia|Lugia|100/100
|-damage|p2a: Lugia|75/100|[from] Stealth Rock
|move|p1a: Mewtwo|Nasty Plot|p1a: Mewtwo
|-boost|p1a: Mewtwo|spa|2
|
|-heal|p2a: Lugia|82/100|[from] item: Leftovers
|-fieldend|Misty Terrain
|upkeep
|turn|16
|
|t:|1597011411
|move|p1a: Mewtwo|Hurricane|p2a: Lugia|[miss]
|-miss|p1a: Mewtwo|p2a: Lugia
|move|p2a: Lugia|Whirlwind|p1a: Mewtwo
|drag|p1a: Rayquaza|Rayquaza-Mega|91/100
|-weather|DeltaStream|[from] ability: Delta Stream|[of] p1a: Rayquaza
|
|-weather|DeltaStream|[upkeep]
|-heal|p2a: Lugia|88/100|[from] item: Leftovers
|upkeep
|turn|17
|
|t:|1597011423
|-weather|none
|switch|p1a: Groudon|Groudon|100/100
|detailschange|p1a: Groudon|Groudon-Primal
|-primal|p1a: Groudon
|-weather|DesolateLand|[from] ability: Desolate Land|[of] p1a: Groudon
|move|p2a: Lugia|Thunder Wave|p1a: Groudon
|-immune|p1a: Groudon
|
|-weather|DesolateLand|[upkeep]
|-heal|p2a: Lugia|94/100|[from] item: Leftovers
|upkeep
|turn|18
|
|t:|1597011429
|move|p1a: Groudon|Eruption|p2a: Lugia
|-damage|p2a: Lugia|25/100
|move|p2a: Lugia|Toxic|p1a: Groudon
|-status|p1a: Groudon|tox
|
|-weather|DesolateLand|[upkeep]
|-heal|p2a: Lugia|31/100|[from] item: Leftovers
|-damage|p1a: Groudon|94/100 tox|[from] psn
|upkeep
|turn|19
|
|t:|1597011433
|switch|p2a: Chansey|Chansey, F|100/100
|-damage|p2a: Chansey|88/100|[from] Stealth Rock
|move|p1a: Groudon|Eruption|p2a: Chansey
|-damage|p2a: Chansey|57/100
|
|-weather|DesolateLand|[upkeep]
|-damage|p1a: Groudon|82/100 tox|[from] psn
|upkeep
|turn|20
|
|t:|1597011437
|move|p1a: Groudon|Stone Edge|p2a: Chansey
|-damage|p2a: Chansey|26/100
|move|p2a: Chansey|Soft-Boiled|p2a: Chansey
|-heal|p2a: Chansey|76/100
|
|-weather|DesolateLand|[upkeep]
|-damage|p1a: Groudon|64/100 tox|[from] psn
|upkeep
|turn|21
|
|t:|1597011440
|move|p1a: Groudon|Precipice Blades|p2a: Chansey
|-damage|p2a: Chansey|26/100
|move|p2a: Chansey|Soft-Boiled|p2a: Chansey
|-heal|p2a: Chansey|76/100
|
|-weather|DesolateLand|[upkeep]
|-damage|p1a: Groudon|39/100 tox|[from] psn
|upkeep
|turn|22
|
|t:|1597011453
|-weather|none
|switch|p1a: Zacian|Zacian-Crowned|72/100
|-ability|p1a: Zacian|Intrepid Sword|boost
|-boost|p1a: Zacian|atk|1
|move|p2a: Chansey|Soft-Boiled|p2a: Chansey
|-heal|p2a: Chansey|100/100
|
|upkeep
|turn|23
|
|t:|1597011457
|switch|p2a: Quagsire|Quagsire, M|100/100
|-damage|p2a: Quagsire|94/100|[from] Stealth Rock
|move|p1a: Zacian|Close Combat|p2a: Quagsire
|-damage|p2a: Quagsire|55/100
|-unboost|p1a: Zacian|def|1
|-unboost|p1a: Zacian|spd|1
|
|upkeep
|turn|24
|
|t:|1597011459
|move|p1a: Zacian|Close Combat|p2a: Quagsire
|-damage|p2a: Quagsire|17/100
|-unboost|p1a: Zacian|def|1
|-unboost|p1a: Zacian|spd|1
|move|p2a: Quagsire|Recover|p2a: Quagsire
|-heal|p2a: Quagsire|67/100
|
|upkeep
|turn|25
|
|t:|1597011465
|switch|p1a: Mewtwo|Mewtwo|100/100
|-ability|p1a: Mewtwo|Unnerve|p2: Leafstorm121❤
|move|p2a: Quagsire|Recover|p2a: Quagsire
|-heal|p2a: Quagsire|100/100
|
|upkeep
|turn|26
|
|t:|1597011477
|switch|p2a: Sableye|Sableye-Mega, M|100/100
|-damage|p2a: Sableye|88/100|[from] Stealth Rock
|move|p1a: Mewtwo|Nasty Plot|p1a: Mewtwo
|-boost|p1a: Mewtwo|spa|2
|
|upkeep
|turn|27
|j| Mbouchon
|
|t:|1597011482
|move|p2a: Sableye|Fake Out|p1a: Mewtwo
|-damage|p1a: Mewtwo|92/100
|cant|p1a: Mewtwo|flinch
|
|upkeep
|turn|28
|l| Mbouchon
|
|t:|1597011495
|move|p1a: Mewtwo|Fire Blast|p2a: Sableye
|-damage|p2a: Sableye|0 fnt
|-damage|p1a: Mewtwo|82/100|[from] item: Life Orb
|faint|p2a: Sableye
|
|upkeep
|-message|Leafstorm121❤ forfeited.
|
|win|Pobla2
