|j|☆DECLANO196
|j|☆amnael01
|t:|1661728457
|gametype|singles
|player|p1|DECLANO196|266|1700
|player|p2|amnael01|102|1720
|teamsize|p1|6
|teamsize|p2|6
|gen|8
|tier|[Gen 8] National Dex AG
|rated|
|rule|HP Percentage Mod: HP is shown in percentages
|rule|Endless Battle Clause: Forcing endless battles is banned
|clearpoke
|poke|p1|Marshadow|
|poke|p1|Ho-Oh|
|poke|p1|Lugia|
|poke|p1|Yveltal|
|poke|p1|Chansey, F|
|poke|p1|Arceus-*|
|poke|p2|Smeargle, F|
|poke|p2|Groudon|
|poke|p2|Espeon, F|
|poke|p2|Rayquaza|
|poke|p2|Xerneas-*|
|poke|p2|Zacian-*|
|teampreview
|inactive|Battle timer is ON: inactive players will automatically lose when time's up. (requested by DECLANO196)
|
|t:|1661728484
|start
|switch|p1a: Yveltal|Yveltal|100/100
|switch|p2a: Groudon|Groudon|100/100
|-ability|p1a: Yveltal|Dark Aura
|detailschange|p2a: Groudon|Groudon-Primal
|-primal|p2a: Groudon
|-weather|DesolateLand|[from] ability: Desolate Land|[of] p2a: Groudon
|turn|1
|
|t:|1661728497
|-weather|none
|switch|p2a: Zacian|Zacian-Crowned|100/100
|-ability|p2a: Zacian|Intrepid Sword|boost
|-boost|p2a: Zacian|atk|1
|switch|p1a: Lugia|Lugia|100/100
|-ability|p1a: Lugia|Pressure
|
|upkeep
|turn|2
|
|t:|1661728506
|switch|p2a: Espeon|Espeon, F|100/100
|move|p1a: Lugia|Reflect|p1a: Lugia
|-sidestart|p1: DECLANO196|Reflect
|
|upkeep
|turn|3
|
|t:|1661728511
|switch|p1a: Yveltal|Yveltal|100/100
|-ability|p1a: Yveltal|Dark Aura
|move|p2a: Espeon|Yawn|p1a: Yveltal
|-start|p1a: Yveltal|move: Yawn|[of] p2a: Espeon
|
|upkeep
|turn|4
|
|t:|1661728525
|switch|p1a: Arceus|Arceus-Steel|100/100
|move|p2a: Espeon|Baton Pass|p2a: Espeon
|
|t:|1661728529
|switch|p2a: Groudon|Groudon-Primal|100/100|[from]move: Baton Pass
|-weather|DesolateLand|[from] ability: Desolate Land|[of] p2a: Groudon
|
|-weather|DesolateLand|[upkeep]
|upkeep
|turn|5
|
|t:|1661728534
|switch|p1a: Lugia|Lugia|100/100
|-ability|p1a: Lugia|Pressure
|move|p2a: Groudon|Stealth Rock|p1a: Lugia
|-sidestart|p1: DECLANO196|move: Stealth Rock
|
|-weather|DesolateLand|[upkeep]
|upkeep
|turn|6
|
|t:|1661728541
|-weather|none
|switch|p2a: Espeon|Espeon, F|100/100
|move|p1a: Lugia|Defog|p2a: Espeon
|move|p2a: Espeon|Defog|p1a: Lugia|[from]ability: Magic Bounce
|-unboost|p1a: Lugia|evasion|1
|-sideend|p1: DECLANO196|Reflect
|-sideend|p1: DECLANO196|Stealth Rock|[from] move: Defog|[of] p2a: Espeon
|
|upkeep
|turn|7
|
|t:|1661728552
|switch|p1a: Arceus|Arceus-Steel|100/100
|move|p2a: Espeon|Yawn|p1a: Arceus
|-start|p1a: Arceus|move: Yawn|[of] p2a: Espeon
|
|upkeep
|turn|8
|
|t:|1661728559
|switch|p1a: Yveltal|Yveltal|100/100
|-ability|p1a: Yveltal|Dark Aura
|move|p2a: Espeon|Baton Pass|p2a: Espeon
|
|t:|1661728562
|switch|p2a: Smeargle|Smeargle, F|100/100|[from]move: Baton Pass
|
|-ability|p2a: Smeargle|Moody|boost
|-boost|p2a: Smeargle|spa|2
|-unboost|p2a: Smeargle|spd|1
|upkeep
|turn|9
|
|t:|1661728570
|move|p2a: Smeargle|Spiky Shield|p2a: Smeargle
|-singleturn|p2a: Smeargle|move: Protect
|move|p1a: Yveltal|Taunt|p2a: Smeargle
|-activate|p2a: Smeargle|move: Protect
|
|-ability|p2a: Smeargle|Moody|boost
|-boost|p2a: Smeargle|spa|2
|-unboost|p2a: Smeargle|spd|1
|upkeep
|turn|10
|
|t:|1661728578
|switch|p2a: Zacian|Zacian-Crowned|100/100
|-ability|p2a: Zacian|Intrepid Sword|boost
|-boost|p2a: Zacian|atk|1
|move|p1a: Yveltal|Taunt|p2a: Zacian
|-start|p2a: Zacian|move: Taunt
|
|upkeep
|turn|11
|
|t:|1661728591
|switch|p2a: Smeargle|Smeargle, F|100/100
|switch|p1a: Arceus|Arceus-Steel|100/100
|
|-ability|p2a: Smeargle|Moody|boost
|-boost|p2a: Smeargle|spa|2
|-unboost|p2a: Smeargle|spd|1
|upkeep
|turn|12
|
|t:|1661728603
|switch|p1a: Yveltal|Yveltal|100/100
|-ability|p1a: Yveltal|Dark Aura
|move|p2a: Smeargle|Spiky Shield||[still]
|-fail|p2a: Smeargle
|
|-ability|p2a: Smeargle|Moody|boost
|-boost|p2a: Smeargle|spe|2
|-unboost|p2a: Smeargle|def|1
|upkeep
|turn|13
|
|t:|1661728613
|move|p2a: Smeargle|Spiky Shield|p2a: Smeargle
|-singleturn|p2a: Smeargle|move: Protect
|move|p1a: Yveltal|Dark Pulse|p2a: Smeargle
|-activate|p2a: Smeargle|move: Protect
|
|-ability|p2a: Smeargle|Moody|boost
|-boost|p2a: Smeargle|spe|2
|-unboost|p2a: Smeargle|spd|1
|upkeep
|turn|14
|
|t:|1661728622
|move|p2a: Smeargle|Spore|p1a: Yveltal
|-status|p1a: Yveltal|slp|[from] move: Spore
|cant|p1a: Yveltal|slp
|
|-ability|p2a: Smeargle|Moody|boost
|-boost|p2a: Smeargle|spa|2
|-unboost|p2a: Smeargle|atk|1
|upkeep
|turn|15
|
|t:|1661728629
|move|p2a: Smeargle|Baton Pass|p2a: Smeargle
|
|t:|1661728631
|switch|p2a: Xerneas|Xerneas|100/100|[from]move: Baton Pass
|-ability|p2a: Xerneas|Fairy Aura
|cant|p1a: Yveltal|slp
|
|upkeep
|turn|16
|j| lemoncell0
|
|t:|1661728651
|switch|p1a: Arceus|Arceus-Steel|100/100
|move|p2a: Xerneas|Moonblast|p1a: Arceus
|-resisted|p1a: Arceus
|-damage|p1a: Arceus|43/100
|
|upkeep
|turn|17
|
|t:|1661728658
|move|p2a: Xerneas|Hidden Power|p1a: Arceus
|-supereffective|p1a: Arceus
|-damage|p1a: Arceus|0 fnt
|faint|p1a: Arceus
|
|upkeep
|
|t:|1661728663
|switch|p1a: Marshadow|Marshadow|100/100
|turn|18
|
|t:|1661728673
|switch|p2a: Smeargle|Smeargle, F|100/100
|move|p1a: Marshadow|Endeavor|p2a: Smeargle
|-immune|p2a: Smeargle
|
|-ability|p2a: Smeargle|Moody|boost
|-boost|p2a: Smeargle|spa|2
|-unboost|p2a: Smeargle|def|1
|upkeep
|turn|19
|
|t:|1661728684
|switch|p1a: Yveltal|Yveltal|100/100 slp
|-ability|p1a: Yveltal|Dark Aura
|move|p2a: Smeargle|Spiky Shield||[still]
|-fail|p2a: Smeargle
|
|-ability|p2a: Smeargle|Moody|boost
|-boost|p2a: Smeargle|spe|2
|-unboost|p2a: Smeargle|def|1
|upkeep
|turn|20
|
|t:|1661728692
|move|p2a: Smeargle|Spiky Shield|p2a: Smeargle
|-singleturn|p2a: Smeargle|move: Protect
|cant|p1a: Yveltal|slp
|
|-ability|p2a: Smeargle|Moody|boost
|-boost|p2a: Smeargle|spe|2
|-unboost|p2a: Smeargle|spd|1
|upkeep
|turn|21
|
|t:|1661728701
|move|p2a: Smeargle|Baton Pass|p2a: Smeargle
|
|t:|1661728702
|switch|p2a: Xerneas|Xerneas|100/100|[from]move: Baton Pass
|-ability|p2a: Xerneas|Fairy Aura
|-curestatus|p1a: Yveltal|slp|[msg]
|move|p1a: Yveltal|Taunt|p2a: Xerneas
|-start|p2a: Xerneas|move: Taunt
|
|upkeep
|turn|22
|
|t:|1661728710
|switch|p1a: Chansey|Chansey, F|100/100
|move|p2a: Xerneas|Moonblast|p1a: Chansey
|-damage|p1a: Chansey|73/100
|
|upkeep
|turn|23
|
|t:|1661728717
|switch|p2a: Smeargle|Smeargle, F|100/100
|move|p1a: Chansey|Toxic|p2a: Smeargle
|-status|p2a: Smeargle|tox
|
|-damage|p2a: Smeargle|94/100 tox|[from] psn
|-ability|p2a: Smeargle|Moody|boost
|-boost|p2a: Smeargle|spe|2
|-unboost|p2a: Smeargle|spa|1
|upkeep
|turn|24
|
|t:|1661728729
|move|p2a: Smeargle|Spore|p1a: Chansey
|-status|p1a: Chansey|slp|[from] move: Spore
|cant|p1a: Chansey|slp
|
|-damage|p2a: Smeargle|82/100 tox|[from] psn
|-ability|p2a: Smeargle|Moody|boost
|-boost|p2a: Smeargle|spd|2
|-unboost|p2a: Smeargle|atk|1
|upkeep
|turn|25
|
|t:|1661728738
|-curestatus|p1a: Chansey|slp|[from] ability: Natural Cure
|switch|p1a: Ho-Oh|Ho-Oh|100/100
|-ability|p1a: Ho-Oh|Pressure
|move|p2a: Smeargle|Shift Gear|p2a: Smeargle
|-boost|p2a: Smeargle|spe|2
|-boost|p2a: Smeargle|atk|1
|
|-damage|p2a: Smeargle|64/100 tox|[from] psn
|-ability|p2a: Smeargle|Moody|boost
|-boost|p2a: Smeargle|spd|2
|-unboost|p2a: Smeargle|spa|1
|upkeep
|turn|26
|
|t:|1661728750
|move|p2a: Smeargle|Spore|p1a: Ho-Oh
|-status|p1a: Ho-Oh|slp|[from] move: Spore
|cant|p1a: Ho-Oh|slp
|
|-damage|p2a: Smeargle|40/100 tox|[from] psn
|-ability|p2a: Smeargle|Moody|boost
|-boost|p2a: Smeargle|def|2
|-unboost|p2a: Smeargle|spd|1
|upkeep
|turn|27
|
|t:|1661728759
|move|p2a: Smeargle|Baton Pass|p2a: Smeargle
|
|t:|1661728760
|switch|p2a: Groudon|Groudon-Primal|100/100|[from]move: Baton Pass
|-weather|DesolateLand|[from] ability: Desolate Land|[of] p2a: Groudon
|-curestatus|p1a: Ho-Oh|slp|[msg]
|move|p1a: Ho-Oh|Whirlwind|p2a: Groudon
|-weather|none
|drag|p2a: Rayquaza|Rayquaza|100/100
|-ability|p2a: Rayquaza|Air Lock
|
|upkeep
|turn|28
|
|t:|1661728774
|switch|p2a: Espeon|Espeon, F|100/100
|move|p1a: Ho-Oh|Sacred Fire|p2a: Espeon
|-damage|p2a: Espeon|23/100
|-status|p2a: Espeon|brn
|
|-damage|p2a: Espeon|17/100 brn|[from] brn
|upkeep
|turn|29
|
|t:|1661728782
|move|p2a: Espeon|Yawn|p1a: Ho-Oh
|-start|p1a: Ho-Oh|move: Yawn|[of] p2a: Espeon
|move|p1a: Ho-Oh|Earthquake|p2a: Espeon
|-damage|p2a: Espeon|0 fnt
|faint|p2a: Espeon
|
|upkeep
|
|t:|1661728786
|switch|p2a: Rayquaza|Rayquaza|100/100
|-ability|p2a: Rayquaza|Air Lock
|turn|30
|j| High ladder bros
|
|t:|1661728798
|switch|p1a: Lugia|Lugia|100/100
|-ability|p1a: Lugia|Pressure
|detailschange|p2a: Rayquaza|Rayquaza-Mega
|-mega|p2a: Rayquaza|Rayquaza|
|-weather|DeltaStream|[from] ability: Delta Stream|[of] p2a: Rayquaza
|move|p2a: Rayquaza|Dragon Dance|p2a: Rayquaza
|-boost|p2a: Rayquaza|atk|1
|-boost|p2a: Rayquaza|spe|1
|
|-weather|DeltaStream|[upkeep]
|upkeep
|turn|31
|
|t:|1661728808
|move|p2a: Rayquaza|Dragon Ascent|p1a: Lugia
|-damage|p1a: Lugia|39/100
|-unboost|p2a: Rayquaza|def|1
|-unboost|p2a: Rayquaza|spd|1
|move|p1a: Lugia|Reflect|p1a: Lugia
|-sidestart|p1: DECLANO196|Reflect
|
|-weather|DeltaStream|[upkeep]
|upkeep
|turn|32
|
|t:|1661728815
|move|p2a: Rayquaza|Dragon Ascent|p1a: Lugia
|-damage|p1a: Lugia|7/100
|-unboost|p2a: Rayquaza|def|1
|-unboost|p2a: Rayquaza|spd|1
|move|p1a: Lugia|Roost|p1a: Lugia
|-heal|p1a: Lugia|57/100
|-singleturn|p1a: Lugia|move: Roost
|
|-weather|DeltaStream|[upkeep]
|upkeep
|turn|33
|c|☆DECLANO196|oh, i messed up my ability
|c|☆DECLANO196|oh well
|
|t:|1661728832
|-weather|none
|switch|p2a: Smeargle|Smeargle, F|40/100 tox
|move|p1a: Lugia|Roost|p1a: Lugia
|-heal|p1a: Lugia|100/100
|-singleturn|p1a: Lugia|move: Roost
|
|-damage|p2a: Smeargle|34/100 tox|[from] psn
|-ability|p2a: Smeargle|Moody|boost
|-boost|p2a: Smeargle|spe|2
|-unboost|p2a: Smeargle|atk|1
|upkeep
|turn|34
|
|t:|1661728843
|switch|p1a: Chansey|Chansey, F|73/100
|move|p2a: Smeargle|Spore|p1a: Chansey
|-status|p1a: Chansey|slp|[from] move: Spore
|
|-damage|p2a: Smeargle|22/100 tox|[from] psn
|-ability|p2a: Smeargle|Moody|boost
|-boost|p2a: Smeargle|spd|2
|-unboost|p2a: Smeargle|spa|1
|upkeep
|turn|35
|
|t:|1661728854
|switch|p2a: Zacian|Zacian-Crowned|100/100
|-ability|p2a: Zacian|Intrepid Sword|boost
|-boost|p2a: Zacian|atk|1
|cant|p1a: Chansey|slp
|
|-sideend|p1: DECLANO196|Reflect
|upkeep
|turn|36
|
|t:|1661728867
|-curestatus|p1a: Chansey|slp|[from] ability: Natural Cure
|switch|p1a: Lugia|Lugia|100/100
|-ability|p1a: Lugia|Pressure
|move|p2a: Zacian|Behemoth Blade|p1a: Lugia
|-damage|p1a: Lugia|51/100
|
|upkeep
|turn|37
|
|t:|1661728876
|move|p2a: Zacian|Wild Charge|p1a: Lugia
|-supereffective|p1a: Lugia
|-damage|p1a: Lugia|0 fnt
|faint|p1a: Lugia
|-damage|p2a: Zacian|84/100|[from] Recoil
|
|upkeep
|
|t:|1661728881
|switch|p1a: Ho-Oh|Ho-Oh|100/100
|-ability|p1a: Ho-Oh|Pressure
|turn|38
|
|t:|1661728886
|-start|p1a: Ho-Oh|Dynamax|
|-heal|p1a: Ho-Oh|100/100|[silent]
|move|p2a: Zacian|Wild Charge|p1a: Ho-Oh
|-supereffective|p1a: Ho-Oh
|-damage|p1a: Ho-Oh|53/100
|-damage|p2a: Zacian|53/100|[from] Recoil
|move|p1a: Ho-Oh|Max Flare|p2a: Zacian
|-supereffective|p2a: Zacian
|-damage|p2a: Zacian|0 fnt
|-weather|SunnyDay
|faint|p2a: Zacian
|
|-weather|SunnyDay|[upkeep]
|upkeep
|
|t:|1661728889
|switch|p2a: Smeargle|Smeargle, F|22/100 tox
|turn|39
|
|t:|1661728904
|move|p1a: Ho-Oh|Max Guard|p1a: Ho-Oh
|-singleturn|p1a: Ho-Oh|Max Guard
|move|p2a: Smeargle|Spore|p1a: Ho-Oh
|-activate|p1a: Ho-Oh|move: Max Guard
|
|-weather|SunnyDay|[upkeep]
|-damage|p2a: Smeargle|16/100 tox|[from] psn
|-ability|p2a: Smeargle|Moody|boost
|-boost|p2a: Smeargle|spa|2
|-unboost|p2a: Smeargle|spd|1
|upkeep
|turn|40
|
|t:|1661728913
|move|p2a: Smeargle|Spore|p1a: Ho-Oh
|-status|p1a: Ho-Oh|slp|[from] move: Spore
|cant|p1a: Ho-Oh|slp
|
|-weather|SunnyDay|[upkeep]
|-damage|p2a: Smeargle|4/100 tox|[from] psn
|-ability|p2a: Smeargle|Moody|boost
|-boost|p2a: Smeargle|spe|2
|-unboost|p2a: Smeargle|spa|1
|upkeep
|-end|p1a: Ho-Oh|Dynamax
|-heal|p1a: Ho-Oh|53/100 slp|[silent]
|turn|41
|
|t:|1661728924
|move|p2a: Smeargle|Baton Pass|p2a: Smeargle
|
|t:|1661728926
|switch|p2a: Rayquaza|Rayquaza-Mega|100/100|[from]move: Baton Pass
|-weather|DeltaStream|[from] ability: Delta Stream|[of] p2a: Rayquaza
|cant|p1a: Ho-Oh|slp
|
|-weather|DeltaStream|[upkeep]
|upkeep
|turn|42
|
|t:|1661728941
|move|p2a: Rayquaza|Dragon Ascent|p1a: Ho-Oh
|-damage|p1a: Ho-Oh|0 fnt
|-unboost|p2a: Rayquaza|def|1
|-unboost|p2a: Rayquaza|spd|1
|faint|p1a: Ho-Oh
|
|-weather|DeltaStream|[upkeep]
|upkeep
|
|t:|1661728946
|switch|p1a: Marshadow|Marshadow|100/100
|turn|43
|
|t:|1661728951
|move|p2a: Rayquaza|Dragon Ascent|p1a: Marshadow
|-supereffective|p1a: Marshadow
|-enditem|p1a: Marshadow|Focus Sash
|-damage|p1a: Marshadow|1/100
|-unboost|p2a: Rayquaza|def|1
|-unboost|p2a: Rayquaza|spd|1
|move|p1a: Marshadow|Spectral Thief||[still]
|-clearpositiveboost|p2a: Rayquaza|p1a: Marshadow|move: Spectral Thief
|-boost|p1a: Marshadow|spa|1
|-boost|p1a: Marshadow|spe|2
|-anim|p1a: Marshadow|Spectral Thief|p2a: Rayquaza
|-damage|p2a: Rayquaza|16/100
|
|-weather|DeltaStream|[upkeep]
|upkeep
|turn|44
|
|t:|1661728966
|move|p1a: Marshadow|Shadow Sneak|p2a: Rayquaza
|-damage|p2a: Rayquaza|0 fnt
|faint|p2a: Rayquaza
|-weather|none
|
|upkeep
|
|t:|1661728969
|switch|p2a: Smeargle|Smeargle, F|4/100 tox
|turn|45
|
|t:|1661728975
|switch|p1a: Chansey|Chansey, F|73/100
|move|p2a: Smeargle|Spiky Shield||[still]
|-fail|p2a: Smeargle
|
|-damage|p2a: Smeargle|0 fnt|[from] psn
|faint|p2a: Smeargle
|upkeep
|
|t:|1661728977
|switch|p2a: Groudon|Groudon-Primal|100/100
|-weather|DesolateLand|[from] ability: Desolate Land|[of] p2a: Groudon
|turn|46
|
|t:|1661728993
|move|p2a: Groudon|Fire Punch|p1a: Chansey
|-damage|p1a: Chansey|4/100
|move|p1a: Chansey|Toxic|p2a: Groudon
|-status|p2a: Groudon|tox
|
|-weather|DesolateLand|[upkeep]
|-damage|p2a: Groudon|94/100 tox|[from] psn
|upkeep
|turn|47
|
|t:|1661729000
|switch|p1a: Yveltal|Yveltal|100/100
|-ability|p1a: Yveltal|Dark Aura
|move|p2a: Groudon|Fire Punch|p1a: Yveltal
|-damage|p1a: Yveltal|40/100
|
|-weather|DesolateLand|[upkeep]
|-damage|p2a: Groudon|82/100 tox|[from] psn
|upkeep
|turn|48
|
|t:|1661729008
|move|p2a: Groudon|Fire Punch|p1a: Yveltal
|-damage|p1a: Yveltal|0 fnt
|faint|p1a: Yveltal
|
|-weather|DesolateLand|[upkeep]
|-damage|p2a: Groudon|64/100 tox|[from] psn
|upkeep
|
|t:|1661729014
|switch|p1a: Marshadow|Marshadow|1/100
|turn|49
|
|t:|1661729017
|move|p1a: Marshadow|Endeavor|p2a: Groudon
|-damage|p2a: Groudon|1/100 tox
|move|p2a: Groudon|Fire Punch|p1a: Marshadow
|-damage|p1a: Marshadow|0 fnt
|faint|p1a: Marshadow
|
|-weather|DesolateLand|[upkeep]
|-damage|p2a: Groudon|0 fnt|[from] psn
|faint|p2a: Groudon
|-weather|none
|upkeep
|
|t:|1661729036
|switch|p1a: Chansey|Chansey, F|4/100
|switch|p2a: Xerneas|Xerneas|100/100
|-ability|p2a: Xerneas|Fairy Aura
|turn|50
|
|t:|1661729047
|-start|p2a: Xerneas|Dynamax|
|-heal|p2a: Xerneas|100/100|[silent]
|move|p2a: Xerneas|Max Starfall|p1a: Chansey
|-damage|p1a: Chansey|0 fnt
|-fieldstart|move: Misty Terrain
|faint|p1a: Chansey
|
|win|amnael01
|raw|DECLANO196's rating: 1700 &rarr; <strong>1681</strong><br />(-19 for losing)
|raw|amnael01's rating: 1720 &rarr; <strong>1739</strong><br />(+19 for winning)
|c|☆DECLANO196|gg
