|j|☆The Smearglos
|j|☆Krooknotch
|t:|1667922124
|gametype|singles
|player|p1|The Smearglos|roxie|1391
|player|p2|Krooknotch|li|1479
|teamsize|p1|6
|teamsize|p2|6
|gen|8
|tier|[Gen 8] National Dex AG
|rated|
|rule|HP Percentage Mod: HP is shown in percentages
|rule|Endless Battle Clause: Forcing endless battles is banned
|clearpoke
|poke|p1|Smeargle, M|
|poke|p1|Smeargle, F|
|poke|p1|Smeargle, M|
|poke|p1|Smeargle, F|
|poke|p1|Smeargle, M|
|poke|p1|Darmanitan-Galar, F|
|poke|p2|Tyranitar, M|
|poke|p2|Togedemaru, L1, F|
|poke|p2|Magnezone|
|poke|p2|Lapras, F|
|poke|p2|Aerodactyl, F|
|poke|p2|Chandelure, F|
|teampreview
|j| RoboCode7
|l| RoboCode7
|inactive|Battle timer is ON: inactive players will automatically lose when time's up. (requested by The Smearglos)
|
|t:|1667922150
|start
|switch|p1a: Goya|Smeargle, M|100/100
|switch|p2a: Tyranitar|Tyranitar, M|100/100
|-weather|Sandstorm|[from] ability: Sand Stream|[of] p2a: Tyranitar
|turn|1
|
|t:|1667922159
|move|p1a: Goya|Spore|p2a: Tyranitar
|-status|p2a: Tyranitar|slp|[from] move: Spore
|cant|p2a: Tyranitar|slp
|
|-weather|Sandstorm|[upkeep]
|-damage|p1a: Goya|94/100|[from] Sandstorm
|-ability|p1a: Goya|Moody|boost
|-boost|p1a: Goya|spa|2
|-unboost|p1a: Goya|atk|1
|upkeep
|turn|2
|
|t:|1667922164
|switch|p2a: Magnezone|Magnezone|100/100
|move|p1a: Goya|Minimize|p1a: Goya
|-boost|p1a: Goya|evasion|2
|
|-weather|Sandstorm|[upkeep]
|-damage|p1a: Goya|88/100|[from] Sandstorm
|-ability|p1a: Goya|Moody|boost
|-boost|p1a: Goya|spa|2
|-unboost|p1a: Goya|def|1
|upkeep
|turn|3
|
|t:|1667922177
|-start|p2a: Magnezone|Dynamax|
|-heal|p2a: Magnezone|100/100|[silent]
|move|p1a: Goya|Spore|p2a: Magnezone
|-status|p2a: Magnezone|slp|[from] move: Spore
|cant|p2a: Magnezone|slp
|
|-weather|Sandstorm|[upkeep]
|-damage|p1a: Goya|82/100|[from] Sandstorm
|-ability|p1a: Goya|Moody|boost
|-boost|p1a: Goya|spe|2
|-unboost|p1a: Goya|atk|1
|upkeep
|turn|4
|
|t:|1667922183
|move|p1a: Goya|Minimize|p1a: Goya
|-boost|p1a: Goya|evasion|2
|-curestatus|p2a: Magnezone|slp|[msg]
|move|p2a: Magnezone|Max Lightning|p1a: Goya
|-damage|p1a: Goya|0 fnt
|-fieldstart|move: Electric Terrain
|faint|p1a: Goya
|
|-weather|Sandstorm|[upkeep]
|upkeep
|
|t:|1667922196
|switch|p1a: Winter Smearglo|Darmanitan-Galar, F|100/100
|turn|5
|
|t:|1667922203
|-start|p1a: Winter Smearglo|Dynamax|
|-heal|p1a: Winter Smearglo|100/100|[silent]
|move|p1a: Winter Smearglo|Max Flare|p2a: Magnezone
|-supereffective|p2a: Magnezone
|-damage|p2a: Magnezone|65/100
|-weather|SunnyDay
|move|p2a: Magnezone|Max Flare|p1a: Winter Smearglo
|-supereffective|p1a: Winter Smearglo
|-damage|p1a: Winter Smearglo|31/100
|
|-weather|SunnyDay|[upkeep]
|upkeep
|-end|p2a: Magnezone|Dynamax
|-heal|p2a: Magnezone|65/100|[silent]
|turn|6
|
|t:|1667922219
|move|p1a: Winter Smearglo|Max Flare|p2a: Magnezone
|-supereffective|p2a: Magnezone
|-damage|p2a: Magnezone|0 fnt
|faint|p2a: Magnezone
|
|-weather|SunnyDay|[upkeep]
|upkeep
|
|t:|1667922228
|switch|p2a: Togedemaru|Togedemaru, L1, F, shiny|100/100
|turn|7
|
|t:|1667922239
|move|p1a: Winter Smearglo|Max Hailstorm|p2a: Togedemaru
|-resisted|p2a: Togedemaru
|-ability|p2a: Togedemaru|Sturdy
|-damage|p2a: Togedemaru|9/100
|-weather|Hail
|move|p2a: Togedemaru|Endeavor|p1a: Winter Smearglo
|-damage|p1a: Winter Smearglo|16/100
|-heal|p2a: Togedemaru|100/100|[from] item: Shell Bell|[of] p1a: Winter Smearglo
|
|-weather|Hail|[upkeep]
|-damage|p2a: Togedemaru|92/100|[from] Hail
|upkeep
|-end|p1a: Winter Smearglo|Dynamax
|-heal|p1a: Winter Smearglo|16/100|[silent]
|turn|8
|
|t:|1667922256
|switch|p2a: Tyranitar|Tyranitar, M|100/100 slp
|-weather|Sandstorm|[from] ability: Sand Stream|[of] p2a: Tyranitar
|move|p1a: Winter Smearglo|U-turn|p2a: Tyranitar
|-supereffective|p2a: Tyranitar
|-damage|p2a: Tyranitar|44/100 slp
|
|t:|1667922269
|switch|p1a: Velázquez|Smeargle, M|100/100|[from]move: U-turn
|
|-weather|Sandstorm|[upkeep]
|-damage|p1a: Velázquez|94/100|[from] Sandstorm
|-fieldend|move: Electric Terrain
|-ability|p1a: Velázquez|Moody|boost
|-boost|p1a: Velázquez|spe|2
|-unboost|p1a: Velázquez|def|1
|upkeep
|turn|9
|
|t:|1667922279
|switch|p2a: Aerodactyl|Aerodactyl, F|100/100
|move|p1a: Velázquez|Substitute|p1a: Velázquez
|-start|p1a: Velázquez|Substitute
|-damage|p1a: Velázquez|70/100
|
|-weather|Sandstorm|[upkeep]
|-damage|p1a: Velázquez|64/100|[from] Sandstorm
|-ability|p1a: Velázquez|Moody|boost
|-boost|p1a: Velázquez|spe|2
|-unboost|p1a: Velázquez|def|1
|upkeep
|turn|10
|
|t:|1667922293
|detailschange|p2a: Aerodactyl|Aerodactyl-Mega, F
|-mega|p2a: Aerodactyl|Aerodactyl|Aerodactylite
|move|p1a: Velázquez|Baton Pass|p1a: Velázquez
|
|t:|1667922299
|switch|p1a: Dalí|Smeargle, F|100/100|[from]move: Baton Pass
|move|p2a: Aerodactyl|Earthquake|p1a: Dalí
|-end|p1a: Dalí|Substitute
|
|-weather|Sandstorm|[upkeep]
|-damage|p1a: Dalí|94/100|[from] Sandstorm
|-ability|p1a: Dalí|Moody|boost
|-boost|p1a: Dalí|spa|2
|-unboost|p1a: Dalí|spe|1
|upkeep
|turn|11
|
|t:|1667922312
|switch|p2a: Tyranitar|Tyranitar, M|44/100 slp
|move|p1a: Dalí|Spore|p2a: Tyranitar
|-fail|p2a: Tyranitar|slp
|
|-weather|Sandstorm|[upkeep]
|-damage|p1a: Dalí|88/100|[from] Sandstorm
|-ability|p1a: Dalí|Moody|boost
|-boost|p1a: Dalí|spa|2
|-unboost|p1a: Dalí|spd|1
|upkeep
|turn|12
|
|t:|1667922319
|switch|p2a: Chandelure|Chandelure, F|100/100
|move|p1a: Dalí|Minimize|p1a: Dalí
|-boost|p1a: Dalí|evasion|2
|
|-weather|Sandstorm|[upkeep]
|-damage|p1a: Dalí|82/100|[from] Sandstorm
|-damage|p2a: Chandelure|94/100|[from] Sandstorm
|-ability|p1a: Dalí|Moody|boost
|-boost|p1a: Dalí|spe|2
|-unboost|p1a: Dalí|spd|1
|upkeep
|turn|13
|
|t:|1667922323
|move|p1a: Dalí|Spore|p2a: Chandelure
|-status|p2a: Chandelure|slp|[from] move: Spore
|cant|p2a: Chandelure|slp
|
|-weather|Sandstorm|[upkeep]
|-damage|p1a: Dalí|76/100|[from] Sandstorm
|-damage|p2a: Chandelure|88/100 slp|[from] Sandstorm
|-ability|p1a: Dalí|Moody|boost
|-boost|p1a: Dalí|def|2
|-unboost|p1a: Dalí|spd|1
|upkeep
|turn|14
|
|t:|1667922327
|move|p1a: Dalí|Minimize|p1a: Dalí
|-boost|p1a: Dalí|evasion|2
|-curestatus|p2a: Chandelure|slp|[msg]
|move|p2a: Chandelure|Overheat|p1a: Dalí
|-damage|p1a: Dalí|0 fnt
|-unboost|p2a: Chandelure|spa|2
|faint|p1a: Dalí
|
|-weather|Sandstorm|[upkeep]
|-damage|p2a: Chandelure|82/100|[from] Sandstorm
|upkeep
|
|t:|1667922337
|switch|p1a: Sorolla|Smeargle, M|100/100
|turn|15
|
|t:|1667922346
|switch|p2a: Tyranitar|Tyranitar, M|44/100 slp
|move|p1a: Sorolla|Lovely Kiss|p2a: Tyranitar
|-fail|p2a: Tyranitar|slp
|
|-weather|none
|-ability|p1a: Sorolla|Moody|boost
|-boost|p1a: Sorolla|spa|2
|-unboost|p1a: Sorolla|def|1
|upkeep
|turn|16
|
|t:|1667922359
|switch|p2a: Aerodactyl|Aerodactyl-Mega, F|100/100
|move|p1a: Sorolla|Minimize|p1a: Sorolla
|-boost|p1a: Sorolla|evasion|2
|
|-ability|p1a: Sorolla|Moody|boost
|-boost|p1a: Sorolla|atk|2
|-unboost|p1a: Sorolla|spa|1
|upkeep
|turn|17
|
|t:|1667922367
|move|p2a: Aerodactyl|Iron Head|p1a: Sorolla
|-enditem|p1a: Sorolla|Focus Sash
|-damage|p1a: Sorolla|1/100
|move|p1a: Sorolla|Lovely Kiss|p2a: Aerodactyl
|-status|p2a: Aerodactyl|slp|[from] move: Lovely Kiss
|
|-ability|p1a: Sorolla|Moody|boost
|-boost|p1a: Sorolla|atk|2
|-unboost|p1a: Sorolla|spd|1
|upkeep
|turn|18
|
|t:|1667922383
|switch|p2a: Lapras|Lapras, F|100/100
|move|p1a: Sorolla|Minimize|p1a: Sorolla
|-boost|p1a: Sorolla|evasion|2
|
|-ability|p1a: Sorolla|Moody|boost
|-boost|p1a: Sorolla|atk|2
|-unboost|p1a: Sorolla|spa|1
|upkeep
|turn|19
|
|t:|1667922396
|move|p2a: Lapras|Ice Shard|p1a: Sorolla|[miss]
|-miss|p2a: Lapras|p1a: Sorolla
|move|p1a: Sorolla|Lovely Kiss|p2a: Lapras
|-status|p2a: Lapras|slp|[from] move: Lovely Kiss
|
|-ability|p1a: Sorolla|Moody|boost
|-boost|p1a: Sorolla|def|2
|-unboost|p1a: Sorolla|atk|1
|upkeep
|turn|20
|
|t:|1667922401
|cant|p2a: Lapras|slp
|move|p1a: Sorolla|Baton Pass|p1a: Sorolla
|
|t:|1667922408
|switch|p1a: Picasso|Smeargle, F|100/100|[from]move: Baton Pass
|
|-ability|p1a: Picasso|Moody|boost
|-boost|p1a: Picasso|def|2
|-unboost|p1a: Picasso|spd|1
|upkeep
|turn|21
|
|t:|1667922417
|move|p1a: Picasso|Substitute|p1a: Picasso
|-start|p1a: Picasso|Substitute
|-damage|p1a: Picasso|76/100
|cant|p2a: Lapras|slp
|
|-heal|p1a: Picasso|82/100|[from] item: Leftovers
|-ability|p1a: Picasso|Moody|boost
|-boost|p1a: Picasso|spa|2
|-unboost|p1a: Picasso|spe|1
|upkeep
|turn|22
|
|t:|1667922424
|move|p1a: Picasso|Shell Smash|p1a: Picasso
|-unboost|p1a: Picasso|def|1
|-unboost|p1a: Picasso|spd|1
|-boost|p1a: Picasso|atk|1
|-boost|p1a: Picasso|spa|2
|-boost|p1a: Picasso|spe|2
|cant|p2a: Lapras|slp
|
|-heal|p1a: Picasso|88/100|[from] item: Leftovers
|-ability|p1a: Picasso|Moody|boost
|-boost|p1a: Picasso|spa|2
|-unboost|p1a: Picasso|spd|1
|upkeep
|turn|23
|
|t:|1667922439
|move|p1a: Picasso|Power Trip|p2a: Lapras
|-damage|p2a: Lapras|0 fnt
|faint|p2a: Lapras
|
|-heal|p1a: Picasso|94/100|[from] item: Leftovers
|-ability|p1a: Picasso|Moody|boost
|-boost|p1a: Picasso|spd|2
|-unboost|p1a: Picasso|spa|1
|upkeep
|
|t:|1667922442
|switch|p2a: Chandelure|Chandelure, F|82/100
|turn|24
|
|t:|1667922452
|move|p2a: Chandelure|Overheat|p1a: Picasso
|-damage|p1a: Picasso|0 fnt
|-unboost|p2a: Chandelure|spa|2
|faint|p1a: Picasso
|
|upkeep
|
|t:|1667922467
|switch|p1a: Winter Smearglo|Darmanitan-Galar, F|16/100
|turn|25
|
|t:|1667922471
|move|p1a: Winter Smearglo|Earthquake|p2a: Chandelure
|-supereffective|p2a: Chandelure
|-damage|p2a: Chandelure|0 fnt
|faint|p2a: Chandelure
|
|upkeep
|
|t:|1667922476
|switch|p2a: Togedemaru|Togedemaru, L1, F, shiny|92/100
|turn|26
|
|t:|1667922489
|move|p2a: Togedemaru|Fake Out|p1a: Winter Smearglo
|-damage|p1a: Winter Smearglo|16/100
|-heal|p2a: Togedemaru|100/100|[from] item: Shell Bell|[of] p1a: Winter Smearglo
|cant|p1a: Winter Smearglo|flinch
|
|upkeep
|turn|27
|
|t:|1667922501
|switch|p1a: Velázquez|Smeargle, M|64/100
|switch|p2a: Aerodactyl|Aerodactyl-Mega, F|100/100 slp
|
|-ability|p1a: Velázquez|Moody|boost
|-boost|p1a: Velázquez|atk|2
|-unboost|p1a: Velázquez|spd|1
|upkeep
|turn|28
|
|t:|1667922506
|cant|p2a: Aerodactyl|slp
|move|p1a: Velázquez|Substitute|p1a: Velázquez
|-start|p1a: Velázquez|Substitute
|-damage|p1a: Velázquez|39/100
|
|-ability|p1a: Velázquez|Moody|boost
|-boost|p1a: Velázquez|spd|2
|-unboost|p1a: Velázquez|def|1
|upkeep
|turn|29
|
|t:|1667922513
|-curestatus|p2a: Aerodactyl|slp|[msg]
|move|p2a: Aerodactyl|Iron Head|p1a: Velázquez
|-end|p1a: Velázquez|Substitute
|move|p1a: Velázquez|Baton Pass|p1a: Velázquez
|
|t:|1667922528
|switch|p1a: Winter Smearglo|Darmanitan-Galar, F|16/100|[from]move: Baton Pass
|
|upkeep
|turn|30
|
|t:|1667922536
|switch|p2a: Tyranitar|Tyranitar, M|44/100 slp
|-weather|Sandstorm|[from] ability: Sand Stream|[of] p2a: Tyranitar
|move|p1a: Winter Smearglo|Icicle Crash|p2a: Tyranitar
|-damage|p2a: Tyranitar|0 fnt
|faint|p2a: Tyranitar
|
|-weather|Sandstorm|[upkeep]
|-damage|p1a: Winter Smearglo|10/100|[from] Sandstorm
|upkeep
|
|t:|1667922540
|switch|p2a: Togedemaru|Togedemaru, L1, F, shiny|100/100
|turn|31
|
|t:|1667922550
|switch|p1a: Velázquez|Smeargle, M|39/100
|move|p2a: Togedemaru|Fake Out|p1a: Velázquez
|-damage|p1a: Velázquez|38/100
|
|-weather|Sandstorm|[upkeep]
|-damage|p1a: Velázquez|32/100|[from] Sandstorm
|-ability|p1a: Velázquez|Moody|boost
|-boost|p1a: Velázquez|atk|2
|-unboost|p1a: Velázquez|spd|1
|upkeep
|turn|32
|
|t:|1667922559
|move|p2a: Togedemaru|Spiky Shield|p2a: Togedemaru
|-singleturn|p2a: Togedemaru|move: Protect
|move|p1a: Velázquez|Substitute|p1a: Velázquez
|-start|p1a: Velázquez|Substitute
|-damage|p1a: Velázquez|8/100
|
|-weather|Sandstorm|[upkeep]
|-damage|p1a: Velázquez|1/100|[from] Sandstorm
|-ability|p1a: Velázquez|Moody|boost
|-boost|p1a: Velázquez|def|2
|-unboost|p1a: Velázquez|spe|1
|upkeep
|turn|33
|
|t:|1667922566
|switch|p2a: Aerodactyl|Aerodactyl-Mega, F|100/100
|move|p1a: Velázquez|Baton Pass|p1a: Velázquez
|
|t:|1667922570
|switch|p1a: Winter Smearglo|Darmanitan-Galar, F|10/100|[from]move: Baton Pass
|
|-weather|Sandstorm|[upkeep]
|-damage|p1a: Winter Smearglo|4/100|[from] Sandstorm
|upkeep
|turn|34
|
|t:|1667922579
|move|p2a: Aerodactyl|Iron Head|p1a: Winter Smearglo
|-supereffective|p1a: Winter Smearglo
|-end|p1a: Winter Smearglo|Substitute
|move|p1a: Winter Smearglo|Icicle Crash|p2a: Aerodactyl
|-supereffective|p2a: Aerodactyl
|-damage|p2a: Aerodactyl|0 fnt
|faint|p2a: Aerodactyl
|
|-weather|Sandstorm|[upkeep]
|-damage|p1a: Winter Smearglo|0 fnt|[from] Sandstorm
|faint|p1a: Winter Smearglo
|upkeep
|
|t:|1667922596
|switch|p2a: Togedemaru|Togedemaru, L1, F, shiny|100/100
|switch|p1a: Sorolla|Smeargle, M|1/100
|turn|35
|
|t:|1667922605
|move|p2a: Togedemaru|Fake Out|p1a: Sorolla
|-damage|p1a: Sorolla|0 fnt
|faint|p1a: Sorolla
|
|-weather|Sandstorm|[upkeep]
|upkeep
|
|t:|1667922612
|switch|p1a: Velázquez|Smeargle, M|1/100
|turn|36
|c|☆Krooknotch|Gg
|
|t:|1667922621
|move|p2a: Togedemaru|Spiky Shield|p2a: Togedemaru
|-singleturn|p2a: Togedemaru|move: Protect
|move|p1a: Velázquez|Defog|p2a: Togedemaru
|-activate|p2a: Togedemaru|move: Protect
|
|-weather|Sandstorm|[upkeep]
|-damage|p1a: Velázquez|0 fnt|[from] Sandstorm
|faint|p1a: Velázquez
|
|win|Krooknotch
|upkeep
|raw|The Smearglos's rating: 1391 &rarr; <strong>1376</strong><br />(-15 for losing)
|raw|Krooknotch's rating: 1479 &rarr; <strong>1494</strong><br />(+15 for winning)
|c|☆The Smearglos|Gg
