|j|☆The Hisui Region
|j|☆llmmllmm
|t:|1648170547
|gametype|singles
|player|p1|The Hisui Region|psychicf-gen4|1558
|player|p2|llmmllmm|tuberf|1646
|teamsize|p1|6
|teamsize|p2|6
|gen|8
|tier|[Gen 8] National Dex AG
|rated|
|rule|HP Percentage Mod: HP is shown in percentages
|rule|Endless Battle Clause: Forcing endless battles is banned
|clearpoke
|poke|p1|Ho-Oh|
|poke|p1|Ho-Oh|
|poke|p1|Ditto|
|poke|p1|Necrozma-Dusk-Mane|
|poke|p1|Arceus-*|
|poke|p1|Marshadow|
|poke|p2|Ho-Oh|
|poke|p2|Chansey, F|
|poke|p2|Rayquaza|
|poke|p2|Calyrex-Shadow|
|poke|p2|Ditto|
|poke|p2|Arceus-*|
|teampreview
|inactive|Battle timer is ON: inactive players will automatically lose when time's up. (requested by llmmllmm)
|inactive|The Hisui Region also wants the timer to be on.
|
|t:|1648170562
|start
|switch|p1a: Jailbird|Ho-Oh, shiny|100/100
|switch|p2a: Arceus|Arceus-Ground|100/100
|turn|1
|
|t:|1648170566
|move|p2a: Arceus|Magic Coat|p2a: Arceus
|-singleturn|p2a: Arceus|move: Magic Coat
|move|p1a: Jailbird|Toxic|p2a: Arceus
|move|p2a: Arceus|Toxic|p1a: Jailbird|[from]Magic Coat
|-status|p1a: Jailbird|tox
|
|-damage|p1a: Jailbird|94/100 tox|[from] psn
|upkeep
|turn|2
|c|☆The Hisui Region|birDS
|
|t:|1648170571
|move|p2a: Arceus|Magic Coat|p2a: Arceus
|-singleturn|p2a: Arceus|move: Magic Coat
|move|p1a: Jailbird|Toxic|p2a: Arceus
|move|p2a: Arceus|Toxic|p1a: Jailbird|[from]Magic Coat
|-fail|p1a: Jailbird|tox
|
|-damage|p1a: Jailbird|82/100 tox|[from] psn
|upkeep
|turn|3
|
|t:|1648170575
|move|p2a: Arceus|Magic Coat|p2a: Arceus
|-singleturn|p2a: Arceus|move: Magic Coat
|move|p1a: Jailbird|Toxic|p2a: Arceus
|move|p2a: Arceus|Toxic|p1a: Jailbird|[from]Magic Coat
|-fail|p1a: Jailbird|tox
|
|-damage|p1a: Jailbird|64/100 tox|[from] psn
|upkeep
|turn|4
|
|t:|1648170578
|move|p2a: Arceus|Magic Coat|p2a: Arceus
|-singleturn|p2a: Arceus|move: Magic Coat
|move|p1a: Jailbird|Toxic|p2a: Arceus
|move|p2a: Arceus|Toxic|p1a: Jailbird|[from]Magic Coat
|-fail|p1a: Jailbird|tox
|
|-damage|p1a: Jailbird|40/100 tox|[from] psn
|upkeep
|turn|5
|
|t:|1648170582
|move|p2a: Arceus|Magic Coat|p2a: Arceus
|-singleturn|p2a: Arceus|move: Magic Coat
|move|p1a: Jailbird|Toxic|p2a: Arceus
|move|p2a: Arceus|Toxic|p1a: Jailbird|[from]Magic Coat
|-fail|p1a: Jailbird|tox
|
|-damage|p1a: Jailbird|10/100 tox|[from] psn
|upkeep
|turn|6
|
|t:|1648170591
|switch|p1a: FREE BIRD|Ho-Oh, shiny|100/100
|move|p2a: Arceus|Ice Beam|p1a: FREE BIRD
|-damage|p1a: FREE BIRD|80/100
|
|upkeep
|turn|7
|
|t:|1648170595
|switch|p1a: Jailbird|Ho-Oh, shiny|43/100 tox
|move|p2a: Arceus|Magic Coat|p2a: Arceus
|-singleturn|p2a: Arceus|move: Magic Coat
|
|-damage|p1a: Jailbird|37/100 tox|[from] psn
|upkeep
|turn|8
|
|t:|1648170600
|move|p2a: Arceus|Ice Beam|p1a: Jailbird
|-damage|p1a: Jailbird|21/100 tox
|move|p1a: Jailbird|Whirlwind|p2a: Arceus
|drag|p2a: Chansey|Chansey, F|100/100
|
|-damage|p1a: Jailbird|9/100 tox|[from] psn
|upkeep
|turn|9
|
|t:|1648170609
|switch|p1a: Snack Eater|Necrozma-Dusk-Mane, shiny|100/100
|move|p2a: Chansey|Toxic|p1a: Snack Eater
|-immune|p1a: Snack Eater
|
|upkeep
|turn|10
|
|t:|1648170612
|move|p1a: Snack Eater|Knock Off|p2a: Chansey
|-damage|p2a: Chansey|79/100
|-enditem|p2a: Chansey|Eviolite|[from] move: Knock Off|[of] p1a: Snack Eater
|move|p2a: Chansey|Seismic Toss|p1a: Snack Eater
|-damage|p1a: Snack Eater|75/100
|-damage|p2a: Chansey|62/100|[from] item: Rocky Helmet|[of] p1a: Snack Eater
|
|upkeep
|turn|11
|
|t:|1648170622
|move|p1a: Snack Eater|Stealth Rock|p2a: Chansey
|-sidestart|p2: llmmllmm|move: Stealth Rock
|move|p2a: Chansey|Soft-Boiled|p2a: Chansey
|-heal|p2a: Chansey|100/100
|
|upkeep
|turn|12
|
|t:|1648170627
|switch|p2a: Ho-Oh|Ho-Oh|100/100
|move|p1a: Snack Eater|Sunsteel Strike|p2a: Ho-Oh
|-resisted|p2a: Ho-Oh
|-damage|p2a: Ho-Oh|79/100
|
|upkeep
|turn|13
|
|t:|1648170631
|switch|p1a: Jailbird|Ho-Oh, shiny|42/100 tox
|move|p2a: Ho-Oh|Thunder Wave||[still]
|-fail|p2a: Ho-Oh
|
|-damage|p1a: Jailbird|36/100 tox|[from] psn
|upkeep
|turn|14
|
|t:|1648170635
|switch|p1a: Snack Eater|Necrozma-Dusk-Mane, shiny|75/100
|move|p2a: Ho-Oh|Defog|p1a: Snack Eater
|-unboost|p1a: Snack Eater|evasion|1
|-sideend|p2: llmmllmm|Stealth Rock|[from] move: Defog|[of] p2a: Ho-Oh
|
|upkeep
|turn|15
|
|t:|1648170640
|switch|p1a: Jailbird|Ho-Oh, shiny|69/100 tox
|move|p2a: Ho-Oh|Sacred Fire|p1a: Jailbird
|-resisted|p1a: Jailbird
|-damage|p1a: Jailbird|55/100 tox
|
|-damage|p1a: Jailbird|49/100 tox|[from] psn
|upkeep
|turn|16
|
|t:|1648170644
|move|p1a: Jailbird|Toxic|p2a: Ho-Oh
|-status|p2a: Ho-Oh|tox
|move|p2a: Ho-Oh|Thunder Wave|p1a: Jailbird|[miss]
|-miss|p2a: Ho-Oh|p1a: Jailbird
|
|-damage|p2a: Ho-Oh|73/100 tox|[from] psn
|-damage|p1a: Jailbird|37/100 tox|[from] psn
|upkeep
|turn|17
|
|t:|1648170650
|move|p1a: Jailbird|Whirlwind|p2a: Ho-Oh
|drag|p2a: Rayquaza|Rayquaza|100/100
|-ability|p2a: Rayquaza|Air Lock
|
|-damage|p1a: Jailbird|19/100 tox|[from] psn
|upkeep
|turn|18
|
|t:|1648170657
|switch|p1a: Snack Eater|Necrozma-Dusk-Mane, shiny|75/100
|detailschange|p2a: Rayquaza|Rayquaza-Mega
|-mega|p2a: Rayquaza|Rayquaza|
|-weather|DeltaStream|[from] ability: Delta Stream|[of] p2a: Rayquaza
|move|p2a: Rayquaza|Dragon Ascent|p1a: Snack Eater
|-resisted|p1a: Snack Eater
|-damage|p1a: Snack Eater|52/100
|-unboost|p2a: Rayquaza|def|1
|-unboost|p2a: Rayquaza|spd|1
|-damage|p2a: Rayquaza|84/100|[from] item: Rocky Helmet|[of] p1a: Snack Eater
|
|-weather|DeltaStream|[upkeep]
|upkeep
|turn|19
|
|t:|1648170663
|-weather|none
|switch|p2a: Arceus|Arceus-Ground|100/100
|switch|p1a: Guilty Pleasure|Arceus-Water|100/100
|
|upkeep
|turn|20
|
|t:|1648170669
|switch|p2a: Chansey|Chansey, F|100/100
|move|p1a: Guilty Pleasure|Toxic|p2a: Chansey
|-status|p2a: Chansey|tox
|
|-damage|p2a: Chansey|94/100 tox|[from] psn
|upkeep
|turn|21
|
|t:|1648170673
|switch|p1a: Snack Eater|Necrozma-Dusk-Mane, shiny|52/100
|move|p2a: Chansey|Aromatherapy|p2a: Chansey
|-activate|p2a: Chansey|move: Aromatherapy
|-curestatus|p2a: Chansey|tox|[msg]
|-curestatus|p2: Ho-Oh|tox|[msg]
|
|upkeep
|turn|22
|
|t:|1648170678
|move|p1a: Snack Eater|Stealth Rock|p2a: Chansey
|-sidestart|p2: llmmllmm|move: Stealth Rock
|move|p2a: Chansey|Seismic Toss|p1a: Snack Eater
|-damage|p1a: Snack Eater|27/100
|-damage|p2a: Chansey|78/100|[from] item: Rocky Helmet|[of] p1a: Snack Eater
|
|upkeep
|turn|23
|
|t:|1648170683
|move|p1a: Snack Eater|Sunsteel Strike|p2a: Chansey
|-damage|p2a: Chansey|26/100
|move|p2a: Chansey|Seismic Toss|p1a: Snack Eater
|-damage|p1a: Snack Eater|2/100
|-damage|p2a: Chansey|10/100|[from] item: Rocky Helmet|[of] p1a: Snack Eater
|
|upkeep
|turn|24
|inactive|The Hisui Region has 120 seconds left.
|inactive|The Hisui Region has 90 seconds left.
|
|t:|1648170757
|switch|p2a: Ho-Oh|Ho-Oh|100/100
|move|p1a: Snack Eater|Morning Sun|p1a: Snack Eater
|-heal|p1a: Snack Eater|52/100
|
|upkeep
|turn|25
|
|t:|1648170779
|move|p2a: Ho-Oh|Thunder Wave|p1a: Snack Eater
|-status|p1a: Snack Eater|par
|cant|p1a: Snack Eater|par
|
|upkeep
|turn|26
|
|t:|1648170783
|move|p2a: Ho-Oh|Defog|p1a: Snack Eater
|-unboost|p1a: Snack Eater|evasion|1
|-sideend|p2: llmmllmm|Stealth Rock|[from] move: Defog|[of] p2a: Ho-Oh
|cant|p1a: Snack Eater|par
|
|upkeep
|turn|27
|
|t:|1648170791
|move|p2a: Ho-Oh|Sacred Fire|p1a: Snack Eater
|-supereffective|p1a: Snack Eater
|-damage|p1a: Snack Eater|18/100 par
|cant|p1a: Snack Eater|par
|
|upkeep
|turn|28
|
|t:|1648170796
|switch|p1a: Jailbird|Ho-Oh, shiny|53/100 tox
|move|p2a: Ho-Oh|Sacred Fire|p1a: Jailbird
|-resisted|p1a: Jailbird
|-damage|p1a: Jailbird|38/100 tox
|
|-damage|p1a: Jailbird|32/100 tox|[from] psn
|upkeep
|turn|29
|
|t:|1648170806
|move|p2a: Ho-Oh|Sacred Fire|p1a: Jailbird
|-resisted|p1a: Jailbird
|-damage|p1a: Jailbird|18/100 tox
|move|p1a: Jailbird|Sacred Fire|p2a: Ho-Oh
|-resisted|p2a: Ho-Oh
|-damage|p2a: Ho-Oh|81/100
|
|-damage|p1a: Jailbird|6/100 tox|[from] psn
|upkeep
|turn|30
|
|t:|1648170815
|switch|p1a: Guilty Pleasure|Arceus-Water|100/100
|move|p2a: Ho-Oh|Sacred Fire|p1a: Guilty Pleasure
|-resisted|p1a: Guilty Pleasure
|-damage|p1a: Guilty Pleasure|88/100
|-status|p1a: Guilty Pleasure|brn
|
|-damage|p1a: Guilty Pleasure|82/100 brn|[from] brn
|upkeep
|turn|31
|
|t:|1648170822
|switch|p1a: Jailbird|Ho-Oh, shiny|39/100 tox
|move|p2a: Ho-Oh|Thunder Wave||[still]
|-fail|p2a: Ho-Oh
|
|-damage|p1a: Jailbird|33/100 tox|[from] psn
|upkeep
|turn|32
|
|t:|1648170837
|move|p1a: Jailbird|Toxic|p2a: Ho-Oh
|-status|p2a: Ho-Oh|tox
|move|p2a: Ho-Oh|Sacred Fire|p1a: Jailbird
|-resisted|p1a: Jailbird
|-damage|p1a: Jailbird|19/100 tox
|
|-damage|p1a: Jailbird|7/100 tox|[from] psn
|-damage|p2a: Ho-Oh|75/100 tox|[from] psn
|upkeep
|turn|33
|
|t:|1648170849
|switch|p2a: Chansey|Chansey, F|10/100
|switch|p1a: Guilty Pleasure|Arceus-Water|82/100 brn
|
|-damage|p1a: Guilty Pleasure|76/100 brn|[from] brn
|upkeep
|turn|34
|
|t:|1648170854
|move|p1a: Guilty Pleasure|Toxic|p2a: Chansey
|-status|p2a: Chansey|tox
|move|p2a: Chansey|Soft-Boiled|p2a: Chansey
|-heal|p2a: Chansey|60/100 tox
|
|-damage|p2a: Chansey|54/100 tox|[from] psn
|-damage|p1a: Guilty Pleasure|70/100 brn|[from] brn
|upkeep
|turn|35
|
|t:|1648170861
|switch|p1a: Snack Eater|Necrozma-Dusk-Mane, shiny|18/100 par
|move|p2a: Chansey|Aromatherapy|p2a: Chansey
|-activate|p2a: Chansey|move: Aromatherapy
|-curestatus|p2a: Chansey|tox|[msg]
|-curestatus|p2: Ho-Oh|tox|[msg]
|
|upkeep
|turn|36
|
|t:|1648170864
|move|p2a: Chansey|Soft-Boiled|p2a: Chansey
|-heal|p2a: Chansey|100/100
|move|p1a: Snack Eater|Morning Sun|p1a: Snack Eater
|-heal|p1a: Snack Eater|68/100 par
|
|upkeep
|turn|37
|
|t:|1648170868
|move|p2a: Chansey|Seismic Toss|p1a: Snack Eater
|-damage|p1a: Snack Eater|43/100 par
|-damage|p2a: Chansey|84/100|[from] item: Rocky Helmet|[of] p1a: Snack Eater
|move|p1a: Snack Eater|Morning Sun|p1a: Snack Eater
|-heal|p1a: Snack Eater|93/100 par
|
|upkeep
|turn|38
|
|t:|1648170875
|switch|p2a: Ho-Oh|Ho-Oh|100/100
|move|p1a: Snack Eater|Sunsteel Strike|p2a: Ho-Oh
|-resisted|p2a: Ho-Oh
|-damage|p2a: Ho-Oh|76/100
|
|upkeep
|turn|39
|
|t:|1648170879
|switch|p1a: Jailbird|Ho-Oh, shiny|40/100 tox
|move|p2a: Ho-Oh|Sacred Fire|p1a: Jailbird
|-resisted|p1a: Jailbird
|-crit|p1a: Jailbird
|-damage|p1a: Jailbird|20/100 tox
|
|-damage|p1a: Jailbird|14/100 tox|[from] psn
|upkeep
|turn|40
|
|t:|1648170883
|switch|p1a: Guilty Pleasure|Arceus-Water|70/100 brn
|move|p2a: Ho-Oh|Sacred Fire|p1a: Guilty Pleasure
|-resisted|p1a: Guilty Pleasure
|-damage|p1a: Guilty Pleasure|58/100 brn
|
|-damage|p1a: Guilty Pleasure|52/100 brn|[from] brn
|upkeep
|turn|41
|
|t:|1648170902
|move|p1a: Guilty Pleasure|Recover|p1a: Guilty Pleasure
|-heal|p1a: Guilty Pleasure|100/100 brn
|move|p2a: Ho-Oh|Whirlwind|p1a: Guilty Pleasure
|drag|p1a: FREE BIRD|Ho-Oh, shiny|100/100
|
|upkeep
|turn|42
|
|t:|1648170914
|switch|p1a: Jailbird|Ho-Oh, shiny|47/100 tox
|move|p2a: Ho-Oh|Thunder Wave||[still]
|-fail|p2a: Ho-Oh
|
|-damage|p1a: Jailbird|41/100 tox|[from] psn
|upkeep
|turn|43
|
|t:|1648170923
|move|p1a: Jailbird|Toxic|p2a: Ho-Oh
|-status|p2a: Ho-Oh|tox
|move|p2a: Ho-Oh|Whirlwind|p1a: Jailbird
|drag|p1a: FREE BIRD|Ho-Oh, shiny|100/100
|
|-damage|p2a: Ho-Oh|70/100 tox|[from] psn
|upkeep
|turn|44
|
|t:|1648170929
|switch|p1a: Jailbird|Ho-Oh, shiny|75/100 tox
|switch|p2a: Chansey|Chansey, F|84/100
|
|-damage|p1a: Jailbird|69/100 tox|[from] psn
|upkeep
|turn|45
|
|t:|1648170933
|move|p1a: Jailbird|Sacred Fire|p2a: Chansey
|-damage|p2a: Chansey|41/100
|-status|p2a: Chansey|brn
|move|p2a: Chansey|Aromatherapy|p2a: Chansey
|-activate|p2a: Chansey|move: Aromatherapy
|-curestatus|p2a: Chansey|brn|[msg]
|-curestatus|p2: Ho-Oh|tox|[msg]
|
|-damage|p1a: Jailbird|57/100 tox|[from] psn
|upkeep
|turn|46
|
|t:|1648170942
|switch|p2a: Arceus|Arceus-Ground|100/100
|move|p1a: Jailbird|Toxic|p2a: Arceus
|-status|p2a: Arceus|tox
|
|-damage|p2a: Arceus|94/100 tox|[from] psn
|-damage|p1a: Jailbird|39/100 tox|[from] psn
|upkeep
|turn|47
|
|t:|1648170952
|switch|p1a: Guilty Pleasure|Arceus-Water|100/100 brn
|move|p2a: Arceus|Stealth Rock|p1a: Guilty Pleasure
|-sidestart|p1: The Hisui Region|move: Stealth Rock
|
|-damage|p2a: Arceus|82/100 tox|[from] psn
|-damage|p1a: Guilty Pleasure|94/100 brn|[from] brn
|upkeep
|turn|48
|
|t:|1648170956
|move|p1a: Guilty Pleasure|Defog|p2a: Arceus
|-unboost|p2a: Arceus|evasion|1
|-sideend|p1: The Hisui Region|Stealth Rock|[from] move: Defog|[of] p1a: Guilty Pleasure
|move|p2a: Arceus|Judgment|p1a: Guilty Pleasure
|-damage|p1a: Guilty Pleasure|50/100 brn
|
|-damage|p2a: Arceus|64/100 tox|[from] psn
|-damage|p1a: Guilty Pleasure|44/100 brn|[from] brn
|upkeep
|turn|49
|
|t:|1648170960
|move|p1a: Guilty Pleasure|Recover|p1a: Guilty Pleasure
|-heal|p1a: Guilty Pleasure|94/100 brn
|move|p2a: Arceus|Judgment|p1a: Guilty Pleasure
|-damage|p1a: Guilty Pleasure|52/100 brn
|
|-damage|p2a: Arceus|40/100 tox|[from] psn
|-damage|p1a: Guilty Pleasure|46/100 brn|[from] brn
|upkeep
|turn|50
|
|t:|1648170965
|switch|p2a: Chansey|Chansey, F|41/100
|move|p1a: Guilty Pleasure|Ice Beam|p2a: Chansey
|-damage|p2a: Chansey|29/100
|
|-damage|p1a: Guilty Pleasure|39/100 brn|[from] brn
|upkeep
|turn|51
|
|t:|1648170969
|move|p1a: Guilty Pleasure|Recover|p1a: Guilty Pleasure
|-heal|p1a: Guilty Pleasure|89/100 brn
|move|p2a: Chansey|Aromatherapy|p2a: Chansey
|-activate|p2a: Chansey|move: Aromatherapy
|-curestatus|p2: Arceus|tox|[msg]
|
|-damage|p1a: Guilty Pleasure|83/100 brn|[from] brn
|upkeep
|turn|52
|
|t:|1648170975
|move|p1a: Guilty Pleasure|Toxic|p2a: Chansey
|-status|p2a: Chansey|tox
|move|p2a: Chansey|Soft-Boiled|p2a: Chansey
|-heal|p2a: Chansey|79/100 tox
|
|-damage|p2a: Chansey|73/100 tox|[from] psn
|-damage|p1a: Guilty Pleasure|77/100 brn|[from] brn
|upkeep
|turn|53
|
|t:|1648170978
|switch|p1a: FREE BIRD|Ho-Oh, shiny|100/100
|move|p2a: Chansey|Soft-Boiled|p2a: Chansey
|-heal|p2a: Chansey|100/100 tox
|
|-damage|p2a: Chansey|88/100 tox|[from] psn
|upkeep
|turn|54
|
|t:|1648170993
|move|p1a: FREE BIRD|Brave Bird|p2a: Chansey
|-damage|p2a: Chansey|0 fnt
|faint|p2a: Chansey
|-damage|p1a: FREE BIRD|43/100|[from] Recoil
|-damage|p1a: FREE BIRD|33/100|[from] item: Life Orb
|
|upkeep
|
|t:|1648170998
|switch|p2a: Calyrex|Calyrex-Shadow|100/100
|-ability|p2a: Calyrex|As One
|-ability|p2a: Calyrex|Unnerve
|turn|55
|
|t:|1648171004
|switch|p1a: Jailbird|Ho-Oh, shiny|72/100 tox
|move|p2a: Calyrex|Psyshock|p1a: Jailbird
|-damage|p1a: Jailbird|38/100 tox
|
|-damage|p1a: Jailbird|32/100 tox|[from] psn
|upkeep
|turn|56
|c|☆The Hisui Region|birD
|c|☆llmmllmm|oh no
|
|t:|1648171016
|switch|p1a: oh my you!|Ditto|100/100
|-transform|p1a: oh my you!|p2a: Calyrex|[from] ability: Imposter
|move|p2a: Calyrex|Astral Barrage|p1a: oh my you!
|-supereffective|p1a: oh my you!
|-damage|p1a: oh my you!|0 fnt
|faint|p1a: oh my you!
|-ability|p2a: Calyrex|Grim Neigh|boost
|-boost|p2a: Calyrex|spa|1
|
|upkeep
|
|t:|1648171019
|switch|p1a: Gone EVing|Marshadow|100/100
|turn|57
|
|t:|1648171030
|move|p1a: Gone EVing|Shadow Sneak|p2a: Calyrex
|-supereffective|p2a: Calyrex
|-enditem|p2a: Calyrex|Focus Sash
|-damage|p2a: Calyrex|1/100
|-damage|p1a: Gone EVing|91/100|[from] item: Life Orb
|move|p2a: Calyrex|Astral Barrage|p1a: Gone EVing
|-supereffective|p1a: Gone EVing
|-damage|p1a: Gone EVing|0 fnt
|faint|p1a: Gone EVing
|-ability|p2a: Calyrex|Grim Neigh|boost
|-boost|p2a: Calyrex|spa|1
|
|upkeep
|
|t:|1648171037
|switch|p1a: FREE BIRD|Ho-Oh, shiny|66/100
|turn|58
|
|t:|1648171052
|-start|p1a: FREE BIRD|Dynamax
|-heal|p1a: FREE BIRD|66/100|[silent]
|move|p2a: Calyrex|Astral Barrage|p1a: FREE BIRD
|-damage|p1a: FREE BIRD|17/100
|move|p1a: FREE BIRD|Max Airstream|p2a: Calyrex
|-damage|p2a: Calyrex|0 fnt
|-boost|p1a: FREE BIRD|spe|1
|faint|p2a: Calyrex
|-damage|p1a: FREE BIRD|12/100|[from] item: Life Orb
|
|upkeep
|
|t:|1648171058
|switch|p2a: Rayquaza|Rayquaza-Mega|84/100
|-weather|DeltaStream|[from] ability: Delta Stream|[of] p2a: Rayquaza
|turn|59
|c|☆The Hisui Region|holy shit
|
|t:|1648171071
|-end|p1a: FREE BIRD|Dynamax
|-heal|p1a: FREE BIRD|12/100|[silent]
|switch|p1a: Snack Eater|Necrozma-Dusk-Mane, shiny|93/100 par
|move|p2a: Rayquaza|Dragon Ascent|p1a: Snack Eater
|-resisted|p1a: Snack Eater
|-damage|p1a: Snack Eater|71/100 par
|-unboost|p2a: Rayquaza|def|1
|-unboost|p2a: Rayquaza|spd|1
|-damage|p2a: Rayquaza|67/100|[from] item: Rocky Helmet|[of] p1a: Snack Eater
|
|-weather|DeltaStream|[upkeep]
|upkeep
|turn|60
|c|☆The Hisui Region|more than i thought itd do
|
|t:|1648171077
|-weather|none
|switch|p2a: Arceus|Arceus-Ground|40/100
|switch|p1a: Guilty Pleasure|Arceus-Water|77/100 brn
|
|-damage|p1a: Guilty Pleasure|71/100 brn|[from] brn
|upkeep
|turn|61
|
|t:|1648171086
|move|p1a: Guilty Pleasure|Ice Beam|p2a: Arceus
|-supereffective|p2a: Arceus
|-damage|p2a: Arceus|7/100
|move|p2a: Arceus|Stealth Rock|p1a: Guilty Pleasure
|-sidestart|p1: The Hisui Region|move: Stealth Rock
|
|-damage|p1a: Guilty Pleasure|65/100 brn|[from] brn
|upkeep
|turn|62
|
|t:|1648171093
|move|p1a: Guilty Pleasure|Ice Beam|p2a: Arceus
|-supereffective|p2a: Arceus
|-damage|p2a: Arceus|0 fnt
|faint|p2a: Arceus
|
|-damage|p1a: Guilty Pleasure|59/100 brn|[from] brn
|upkeep
|
|t:|1648171098
|switch|p2a: Rayquaza|Rayquaza-Mega|67/100
|-weather|DeltaStream|[from] ability: Delta Stream|[of] p2a: Rayquaza
|turn|63
|
|t:|1648171101
|move|p2a: Rayquaza|Dragon Ascent|p1a: Guilty Pleasure
|-damage|p1a: Guilty Pleasure|14/100 brn
|-unboost|p2a: Rayquaza|def|1
|-unboost|p2a: Rayquaza|spd|1
|move|p1a: Guilty Pleasure|Recover|p1a: Guilty Pleasure
|-heal|p1a: Guilty Pleasure|64/100 brn
|
|-weather|DeltaStream|[upkeep]
|-damage|p1a: Guilty Pleasure|58/100 brn|[from] brn
|upkeep
|turn|64
|
|t:|1648171110
|move|p2a: Rayquaza|Dragon Ascent|p1a: Guilty Pleasure
|-damage|p1a: Guilty Pleasure|12/100 brn
|-unboost|p2a: Rayquaza|def|1
|-unboost|p2a: Rayquaza|spd|1
|move|p1a: Guilty Pleasure|Recover|p1a: Guilty Pleasure
|-heal|p1a: Guilty Pleasure|62/100 brn
|
|-weather|DeltaStream|[upkeep]
|-damage|p1a: Guilty Pleasure|56/100 brn|[from] brn
|upkeep
|turn|65
|
|t:|1648171113
|move|p2a: Rayquaza|Dragon Ascent|p1a: Guilty Pleasure
|-damage|p1a: Guilty Pleasure|7/100 brn
|-unboost|p2a: Rayquaza|def|1
|-unboost|p2a: Rayquaza|spd|1
|move|p1a: Guilty Pleasure|Ice Beam|p2a: Rayquaza
|-activate||deltastream
|-supereffective|p2a: Rayquaza
|-crit|p2a: Rayquaza
|-damage|p2a: Rayquaza|0 fnt
|faint|p2a: Rayquaza
|-weather|none
|
|-damage|p1a: Guilty Pleasure|1/100 brn|[from] brn
|upkeep
|
|t:|1648171123
|switch|p2a: Ho-Oh|Ho-Oh|100/100
|turn|66
|
|t:|1648171136
|move|p1a: Guilty Pleasure|Defog|p2a: Ho-Oh
|-unboost|p2a: Ho-Oh|evasion|1
|-sideend|p1: The Hisui Region|Stealth Rock|[from] move: Defog|[of] p1a: Guilty Pleasure
|move|p2a: Ho-Oh|Thunder Wave||[still]
|-fail|p2a: Ho-Oh
|
|-damage|p1a: Guilty Pleasure|0 fnt|[from] brn
|faint|p1a: Guilty Pleasure
|upkeep
|
|t:|1648171145
|switch|p1a: FREE BIRD|Ho-Oh, shiny|45/100
|turn|67
|c|☆The Hisui Region|1 :rofl:
|
|t:|1648171156
|switch|p1a: Jailbird|Ho-Oh, shiny|65/100 tox
|move|p2a: Ho-Oh|Thunder Wave||[still]
|-fail|p2a: Ho-Oh
|
|-damage|p1a: Jailbird|59/100 tox|[from] psn
|upkeep
|turn|68
|
|t:|1648171159
|switch|p2a: Ditto|Ditto|100/100
|-transform|p2a: Ditto|p1a: Jailbird|[from] ability: Imposter
|move|p1a: Jailbird|Toxic|p2a: Ditto
|-status|p2a: Ditto|tox
|
|-damage|p2a: Ditto|94/100 tox|[from] psn
|-damage|p1a: Jailbird|47/100 tox|[from] psn
|upkeep
|turn|69
|
|t:|1648171167
|switch|p2a: Ho-Oh|Ho-Oh|100/100
|move|p1a: Jailbird|Whirlwind|p2a: Ho-Oh
|drag|p2a: Ditto|Ditto|100/100 tox
|-transform|p2a: Ditto|p1a: Jailbird|[from] ability: Imposter
|
|-damage|p2a: Ditto|94/100 tox|[from] psn
|-damage|p1a: Jailbird|29/100 tox|[from] psn
|upkeep
|turn|70
|
|t:|1648171175
|switch|p1a: FREE BIRD|Ho-Oh, shiny|78/100
|move|p2a: Ditto|Whirlwind|p1a: FREE BIRD
|drag|p1a: Jailbird|Ho-Oh, shiny|62/100 tox
|
|-damage|p2a: Ditto|82/100 tox|[from] psn
|-damage|p1a: Jailbird|56/100 tox|[from] psn
|upkeep
|turn|71
|
|t:|1648171181
|switch|p2a: Ho-Oh|Ho-Oh|100/100
|move|p1a: Jailbird|Toxic|p2a: Ho-Oh
|-status|p2a: Ho-Oh|tox
|
|-damage|p2a: Ho-Oh|94/100 tox|[from] psn
|-damage|p1a: Jailbird|44/100 tox|[from] psn
|upkeep
|turn|72
|
|t:|1648171187
|switch|p2a: Ditto|Ditto|100/100 tox
|-transform|p2a: Ditto|p1a: Jailbird|[from] ability: Imposter
|move|p1a: Jailbird|Sacred Fire|p2a: Ditto
|-resisted|p2a: Ditto
|-damage|p2a: Ditto|82/100 tox
|
|-damage|p2a: Ditto|76/100 tox|[from] psn
|-damage|p1a: Jailbird|26/100 tox|[from] psn
|upkeep
|turn|73
|
|t:|1648171212
|switch|p2a: Ho-Oh|Ho-Oh|100/100 tox
|switch|p1a: Snack Eater|Necrozma-Dusk-Mane, shiny|71/100 par
|
|-damage|p2a: Ho-Oh|94/100 tox|[from] psn
|upkeep
|turn|74
|
|t:|1648171222
|switch|p2a: Ditto|Ditto|100/100 tox
|-transform|p2a: Ditto|p1a: Snack Eater|[from] ability: Imposter
|switch|p1a: Jailbird|Ho-Oh, shiny|59/100 tox
|
|-damage|p2a: Ditto|94/100 tox|[from] psn
|-damage|p1a: Jailbird|53/100 tox|[from] psn
|upkeep
|turn|75
|
|t:|1648171250
|-start|p2a: Ditto|Dynamax
|-heal|p2a: Ditto|94/100 tox|[silent]
|move|p1a: Jailbird|Sacred Fire|p2a: Ditto
|-supereffective|p2a: Ditto
|-damage|p2a: Ditto|72/100 tox
|move|p2a: Ditto|Max Darkness|p1a: Jailbird
|-damage|p1a: Jailbird|28/100 tox
|-unboost|p1a: Jailbird|spd|1
|
|-damage|p1a: Jailbird|16/100 tox|[from] psn
|-damage|p2a: Ditto|66/100 tox|[from] psn
|upkeep
|turn|76
|inactive|llmmllmm has 120 seconds left.
|inactive|llmmllmm has 90 seconds left.
|
|t:|1648171327
|switch|p1a: FREE BIRD|Ho-Oh, shiny|100/100
|move|p2a: Ditto|Max Darkness|p1a: FREE BIRD
|-damage|p1a: FREE BIRD|61/100
|-unboost|p1a: FREE BIRD|spd|1
|
|-damage|p2a: Ditto|57/100 tox|[from] psn
|upkeep
|turn|77
|
|t:|1648171339
|move|p1a: FREE BIRD|Recover|p1a: FREE BIRD
|-heal|p1a: FREE BIRD|100/100
|move|p2a: Ditto|Max Darkness|p1a: FREE BIRD
|-damage|p1a: FREE BIRD|57/100
|-unboost|p1a: FREE BIRD|spd|1
|
|-damage|p2a: Ditto|45/100 tox|[from] psn
|-end|p2a: Ditto|Dynamax
|-heal|p2a: Ditto|45/100 tox|[silent]
|upkeep
|turn|78
|
|t:|1648171348
|switch|p2a: Ho-Oh|Ho-Oh|100/100 tox
|move|p1a: FREE BIRD|Sacred Fire|p2a: Ho-Oh
|-resisted|p2a: Ho-Oh
|-damage|p2a: Ho-Oh|66/100 tox
|-damage|p1a: FREE BIRD|47/100|[from] item: Life Orb
|
|-damage|p2a: Ho-Oh|60/100 tox|[from] psn
|upkeep
|turn|79
|c|☆llmmllmm|sigh
|inactive|llmmllmm has 90 seconds left.
|
|t:|1648171355
|switch|p2a: Ditto|Ditto|45/100 tox
|-transform|p2a: Ditto|p1a: FREE BIRD|[from] ability: Imposter
|move|p1a: FREE BIRD|Recover|p1a: FREE BIRD
|-heal|p1a: FREE BIRD|97/100
|
|-damage|p2a: Ditto|39/100 tox|[from] psn
|upkeep
|turn|80
|
|t:|1648171360
|move|p2a: Ditto|Recover|p2a: Ditto
|-heal|p2a: Ditto|89/100 tox
|move|p1a: FREE BIRD|Brave Bird|p2a: Ditto
|-damage|p2a: Ditto|0 fnt
|faint|p2a: Ditto
|-damage|p1a: FREE BIRD|72/100|[from] Recoil
|-damage|p1a: FREE BIRD|62/100|[from] item: Life Orb
|
|upkeep
|
|t:|1648171363
|switch|p2a: Ho-Oh|Ho-Oh|93/100 tox
|turn|81
|c|☆llmmllmm|ggs
|c|☆The Hisui Region|gg
|-message|llmmllmm forfeited.
|
|win|The Hisui Region
|raw|The Hisui Region's rating: 1558 &rarr; <strong>1583</strong><br />(+25 for winning)
|raw|llmmllmm's rating: 1646 &rarr; <strong>1621</strong><br />(-25 for losing)
|l|☆llmmllmm
