|j|☆Freeity
|j|☆Arabesca
|t:|1655838086
|gametype|singles
|player|p1|Freeity|hugh|
|player|p2|Arabesca|cynthia-gen4|
|teamsize|p1|6
|teamsize|p2|6
|gen|8
|tier|[Gen 8] National Dex AG
|rule|HP Percentage Mod: HP is shown in percentages
|rule|Endless Battle Clause: Forcing endless battles is banned
|clearpoke
|poke|p1|Zacian-*|
|poke|p1|Yveltal|
|poke|p1|Necrozma-Dusk-Mane|
|poke|p1|Groudon|
|poke|p1|Giratina-Origin|
|poke|p1|Arceus-*|
|poke|p2|Arceus-*|
|poke|p2|Marshadow|
|poke|p2|Naganadel|
|poke|p2|Dialga|
|poke|p2|Lugia|
|poke|p2|Kyogre|
|teampreview
|
|t:|1655838092
|start
|switch|p1a: Mikey|Groudon|100/100
|switch|p2a: Arceus|Arceus-Ground|100/100
|detailschange|p1a: Mikey|Groudon-Primal
|-primal|p1a: Mikey
|-weather|DesolateLand|[from] ability: Desolate Land|[of] p1a: Mikey
|turn|1
|
|t:|1655838096
|move|p2a: Arceus|Stealth Rock|p1a: Mikey
|-sidestart|p1: Freeity|move: Stealth Rock
|move|p1a: Mikey|Stealth Rock|p2a: Arceus
|-sidestart|p2: Arabesca|move: Stealth Rock
|
|-weather|DesolateLand|[upkeep]
|upkeep
|turn|2
|
|t:|1655838102
|move|p2a: Arceus|Judgment|p1a: Mikey
|-supereffective|p1a: Mikey
|-damage|p1a: Mikey|0 fnt
|faint|p1a: Mikey
|-weather|none
|
|upkeep
|
|t:|1655838113
|switch|p1a: Kisaki|Giratina-Origin|100/100
|-damage|p1a: Kisaki|88/100|[from] Stealth Rock
|turn|3
|
|t:|1655838129
|move|p2a: Arceus|Ice Beam|p1a: Kisaki
|-supereffective|p1a: Kisaki
|-damage|p1a: Kisaki|46/100
|move|p1a: Kisaki|Dragon Tail|p2a: Arceus
|-damage|p2a: Arceus|80/100
|drag|p2a: Dialga|Dialga|100/100
|-damage|p2a: Dialga|94/100|[from] Stealth Rock
|-ability|p2a: Dialga|Pressure
|
|upkeep
|turn|4
|
|t:|1655838137
|switch|p1a: Kazutora|Zacian-Crowned|100/100
|-damage|p1a: Kazutora|94/100|[from] Stealth Rock
|-ability|p1a: Kazutora|Intrepid Sword|boost
|-boost|p1a: Kazutora|atk|1
|move|p2a: Dialga|Draco Meteor|p1a: Kazutora
|-immune|p1a: Kazutora
|
|upkeep
|turn|5
|
|t:|1655838141
|move|p1a: Kazutora|Close Combat|p2a: Dialga
|-supereffective|p2a: Dialga
|-damage|p2a: Dialga|0 fnt
|-unboost|p1a: Kazutora|def|1
|-unboost|p1a: Kazutora|spd|1
|faint|p2a: Dialga
|
|upkeep
|
|t:|1655838146
|switch|p2a: Arceus|Arceus-Ground|80/100
|-damage|p2a: Arceus|74/100|[from] Stealth Rock
|turn|6
|
|t:|1655838149
|switch|p1a: Kisaki|Giratina-Origin|46/100
|-damage|p1a: Kisaki|34/100|[from] Stealth Rock
|move|p2a: Arceus|Judgment|p1a: Kisaki
|-immune|p1a: Kisaki|[from] ability: Levitate
|
|upkeep
|turn|7
|c|☆Freeity|easy reads
|c|☆Freeity|hmm
|c|☆Arabesca|deity
|c|☆Freeity|what
|
|t:|1655838184
|move|p2a: Arceus|Ice Beam|p1a: Kisaki
|-supereffective|p1a: Kisaki
|-damage|p1a: Kisaki|0 fnt
|faint|p1a: Kisaki
|
|upkeep
|
|t:|1655838189
|switch|p1a: Baji|Yveltal|100/100
|-ability|p1a: Baji|Dark Aura
|turn|8
|c|☆Arabesca|qhy are they named after those anime boys
|
|t:|1655838200
|move|p2a: Arceus|Ice Beam|p1a: Baji
|-supereffective|p1a: Baji
|-damage|p1a: Baji|67/100
|move|p1a: Baji|Foul Play|p2a: Arceus
|-damage|p2a: Arceus|45/100
|
|upkeep
|turn|9
|
|t:|1655838206
|move|p2a: Arceus|Recover|p2a: Arceus
|-heal|p2a: Arceus|95/100
|move|p1a: Baji|Roost|p1a: Baji
|-heal|p1a: Baji|100/100
|-singleturn|p1a: Baji|move: Roost
|
|upkeep
|turn|10
|
|t:|1655838219
|move|p2a: Arceus|Ice Beam|p1a: Baji
|-supereffective|p1a: Baji
|-damage|p1a: Baji|68/100
|move|p1a: Baji|Foul Play|p2a: Arceus
|-damage|p2a: Arceus|64/100
|
|upkeep
|turn|11
|
|t:|1655838226
|move|p2a: Arceus|Ice Beam|p1a: Baji
|-supereffective|p1a: Baji
|-damage|p1a: Baji|35/100
|move|p1a: Baji|Roost|p1a: Baji
|-heal|p1a: Baji|85/100
|-singleturn|p1a: Baji|move: Roost
|
|upkeep
|turn|12
|
|t:|1655838231
|move|p2a: Arceus|Ice Beam|p1a: Baji
|-supereffective|p1a: Baji
|-crit|p1a: Baji
|-damage|p1a: Baji|38/100
|move|p1a: Baji|Foul Play|p2a: Arceus
|-damage|p2a: Arceus|32/100
|
|upkeep
|turn|13
|c|☆Freeity|crit?
|
|t:|1655838239
|move|p2a: Arceus|Recover|p2a: Arceus
|-heal|p2a: Arceus|82/100
|move|p1a: Baji|Roost|p1a: Baji
|-heal|p1a: Baji|88/100
|-singleturn|p1a: Baji|move: Roost
|
|upkeep
|turn|14
|
|t:|1655838245
|move|p2a: Arceus|Ice Beam|p1a: Baji
|-supereffective|p1a: Baji
|-damage|p1a: Baji|56/100
|move|p1a: Baji|Foul Play|p2a: Arceus
|-damage|p2a: Arceus|53/100
|
|upkeep
|turn|15
|
|t:|1655838250
|move|p2a: Arceus|Ice Beam|p1a: Baji
|-supereffective|p1a: Baji
|-damage|p1a: Baji|24/100
|move|p1a: Baji|Roost|p1a: Baji
|-heal|p1a: Baji|74/100
|-singleturn|p1a: Baji|move: Roost
|
|upkeep
|turn|16
|
|t:|1655838254
|move|p2a: Arceus|Ice Beam|p1a: Baji
|-supereffective|p1a: Baji
|-damage|p1a: Baji|43/100
|move|p1a: Baji|Foul Play|p2a: Arceus
|-damage|p2a: Arceus|21/100
|
|upkeep
|turn|17
|
|t:|1655838258
|move|p2a: Arceus|Recover|p2a: Arceus
|-heal|p2a: Arceus|72/100
|move|p1a: Baji|Roost|p1a: Baji
|-heal|p1a: Baji|93/100
|-singleturn|p1a: Baji|move: Roost
|
|upkeep
|turn|18
|
|t:|1655838261
|switch|p1a: Draken|Arceus-Electric|100/100
|-damage|p1a: Draken|88/100|[from] Stealth Rock
|move|p2a: Arceus|Ice Beam|p1a: Draken
|-damage|p1a: Draken|69/100
|-status|p1a: Draken|frz
|
|upkeep
|turn|19
|c|☆Freeity|bruh
|c|☆Arabesca|haha
|-message|Freeity forfeited.
|
|win|Arabesca
|l|☆Freeity
