|j|☆Masters_League
|j|☆OhLooord
|t:|1664409409
|gametype|singles
|player|p1|Masters_League|parasollady|1665
|player|p2|OhLooord|lucas|1907
|teamsize|p1|6
|teamsize|p2|6
|gen|8
|tier|[Gen 8] National Dex AG
|rated|
|rule|HP Percentage Mod: HP is shown in percentages
|rule|Endless Battle Clause: Forcing endless battles is banned
|clearpoke
|poke|p1|Thundurus, M|
|poke|p1|Lopunny, F|
|poke|p1|Hatterene, F|
|poke|p1|Pincurchin, M|
|poke|p1|Landorus-Therian, M|
|poke|p1|Ribombee, F|
|poke|p2|Groudon|
|poke|p2|Rayquaza|
|poke|p2|Zygarde|
|poke|p2|Calyrex-Shadow|
|poke|p2|Arceus-*|
|poke|p2|Arceus-*|
|teampreview
|
|t:|1664409415
|start
|switch|p1a: am i handsome?|Thundurus, M, shiny|100/100
|switch|p2a: the gwoat|Rayquaza|100/100
|-ability|p2a: the gwoat|Air Lock
|turn|1
|
|t:|1664409419
|detailschange|p2a: the gwoat|Rayquaza-Mega
|-mega|p2a: the gwoat|Rayquaza|
|-weather|DeltaStream|[from] ability: Delta Stream|[of] p2a: the gwoat
|move|p1a: am i handsome?|Thunder Wave|p2a: the gwoat|[miss]
|-miss|p1a: am i handsome?|p2a: the gwoat
|move|p2a: the gwoat|Scale Shot|p1a: am i handsome?
|-damage|p1a: am i handsome?|70/100
|-damage|p1a: am i handsome?|42/100
|-hitcount|p1a: am i handsome?|2
|-unboost|p2a: the gwoat|def|1
|-boost|p2a: the gwoat|spe|1
|-damage|p2a: the gwoat|91/100|[from] item: Life Orb
|
|-weather|DeltaStream|[upkeep]
|upkeep
|turn|2
|
|t:|1664409425
|move|p2a: the gwoat|Extreme Speed|p1a: am i handsome?
|-damage|p1a: am i handsome?|0 fnt
|faint|p1a: am i handsome?
|-damage|p2a: the gwoat|81/100|[from] item: Life Orb
|
|-weather|DeltaStream|[upkeep]
|upkeep
|
|t:|1664409430
|switch|p1a: am i beautiful?|Ribombee, F, shiny|100/100
|turn|3
|
|t:|1664409435
|move|p2a: the gwoat|Dragon Ascent|p1a: am i beautiful?
|-supereffective|p1a: am i beautiful?
|-enditem|p1a: am i beautiful?|Focus Sash
|-damage|p1a: am i beautiful?|1/100
|-unboost|p2a: the gwoat|def|1
|-unboost|p2a: the gwoat|spd|1
|-damage|p2a: the gwoat|71/100|[from] item: Life Orb
|move|p1a: am i beautiful?|Sticky Web|p2a: the gwoat
|-sidestart|p2: OhLooord|move: Sticky Web
|
|-weather|DeltaStream|[upkeep]
|upkeep
|turn|4
|
|t:|1664409441
|move|p2a: the gwoat|Dragon Ascent|p1a: am i beautiful?
|-supereffective|p1a: am i beautiful?
|-damage|p1a: am i beautiful?|0 fnt
|-unboost|p2a: the gwoat|def|1
|-unboost|p2a: the gwoat|spd|1
|faint|p1a: am i beautiful?
|-damage|p2a: the gwoat|61/100|[from] item: Life Orb
|
|-weather|DeltaStream|[upkeep]
|upkeep
|
|t:|1664409450
|switch|p1a: am i ugly?|Landorus-Therian, M, shiny|100/100
|-ability|p1a: am i ugly?|Intimidate|boost
|-unboost|p2a: the gwoat|atk|1
|turn|5
|
|t:|1664409455
|move|p2a: the gwoat|Dragon Ascent|p1a: am i ugly?
|-damage|p1a: am i ugly?|19/100
|-unboost|p2a: the gwoat|def|1
|-unboost|p2a: the gwoat|spd|1
|-damage|p2a: the gwoat|51/100|[from] item: Life Orb
|move|p1a: am i ugly?|Stealth Rock|p2a: the gwoat
|-sidestart|p2: OhLooord|move: Stealth Rock
|
|-weather|DeltaStream|[upkeep]
|upkeep
|turn|6
|
|t:|1664409460
|move|p2a: the gwoat|Dragon Ascent|p1a: am i ugly?
|-damage|p1a: am i ugly?|0 fnt
|-unboost|p2a: the gwoat|def|1
|-unboost|p2a: the gwoat|spd|1
|faint|p1a: am i ugly?
|-damage|p2a: the gwoat|41/100|[from] item: Life Orb
|
|-weather|DeltaStream|[upkeep]
|upkeep
|
|t:|1664409481
|switch|p1a: am i sexy?|Lopunny, F, shiny|100/100
|turn|7
|
|t:|1664409485
|detailschange|p1a: am i sexy?|Lopunny-Mega, F, shiny
|-mega|p1a: am i sexy?|Lopunny|Lopunnite
|move|p1a: am i sexy?|Fake Out|p2a: the gwoat
|-damage|p2a: the gwoat|0 fnt
|faint|p2a: the gwoat
|-weather|none
|
|upkeep
|inactive|Battle timer is ON: inactive players will automatically lose when time's up. (requested by Masters_League)
|
|t:|1664409493
|switch|p2a: the goat|Zygarde, shiny|100/100
|-activate|p2a: the goat|move: Sticky Web
|-unboost|p2a: the goat|spe|1
|-damage|p2a: the goat|94/100|[from] Stealth Rock
|turn|8
|
|t:|1664409499
|move|p1a: am i sexy?|Power-Up Punch|p2a: the goat
|-damage|p2a: the goat|83/100
|-boost|p1a: am i sexy?|atk|1
|move|p2a: the goat|Coil|p2a: the goat
|-boost|p2a: the goat|atk|1
|-boost|p2a: the goat|def|1
|-boost|p2a: the goat|accuracy|1
|
|-heal|p2a: the goat|89/100|[from] item: Leftovers
|upkeep
|turn|9
|
|t:|1664409505
|switch|p1a: am i wicked?|Hatterene, F, shiny|100/100
|move|p2a: the goat|Glare|p1a: am i wicked?
|move|p1a: am i wicked?|Glare|p2a: the goat|[from]ability: Magic Bounce
|-status|p2a: the goat|par
|
|-heal|p2a: the goat|95/100 par|[from] item: Leftovers
|upkeep
|turn|10
|
|t:|1664409509
|move|p2a: the goat|Substitute|p2a: the goat
|-start|p2a: the goat|Substitute
|-damage|p2a: the goat|70/100 par
|move|p1a: am i wicked?|Trick Room|p1a: am i wicked?
|-fieldstart|move: Trick Room|[of] p1a: am i wicked?
|
|-heal|p2a: the goat|76/100 par|[from] item: Leftovers
|upkeep
|turn|11
|c|☆OhLooord|ok u got me
|
|t:|1664409514
|cant|p2a: the goat|par
|move|p1a: am i wicked?|Dazzling Gleam|p2a: the goat
|-supereffective|p2a: the goat
|-end|p2a: the goat|Substitute
|
|-heal|p2a: the goat|82/100 par|[from] item: Leftovers
|upkeep
|turn|12
|c|☆Masters_League|lol i wasnt even thinking about glare
|c|☆OhLooord|o i thought u were the goat LMAO
|
|t:|1664409534
|-start|p2a: the goat|Dynamax|
|-heal|p2a: the goat|82/100 par|[silent]
|-start|p1a: am i wicked?|Dynamax|Gmax
|-heal|p1a: am i wicked?|100/100|[silent]
|move|p2a: the goat|Max Quake|p1a: am i wicked?
|-damage|p1a: am i wicked?|62/100
|-boost|p2a: the goat|spd|1
|move|p1a: am i wicked?|G-Max Smite|p2a: the goat
|-supereffective|p2a: the goat
|-damage|p2a: the goat|42/100 par
|-start|p2a: the goat|confusion
|
|-heal|p2a: the goat|45/100 par|[from] item: Leftovers
|-activate|p2a: the goat|ability: Power Construct
|detailschange|p2a: the goat|Zygarde-Complete, shiny
|-heal|p2a: the goat|64/100 par|[silent]
|upkeep
|turn|13
|
|t:|1664409548
|-activate|p2a: the goat|confusion
|move|p2a: the goat|Max Quake|p1a: am i wicked?
|-damage|p1a: am i wicked?|24/100
|-boost|p2a: the goat|spd|1
|move|p1a: am i wicked?|G-Max Smite|p2a: the goat
|-supereffective|p2a: the goat
|-damage|p2a: the goat|40/100 par
|
|-heal|p2a: the goat|43/100 par|[from] item: Leftovers
|upkeep
|turn|14
|
|t:|1664409553
|-activate|p2a: the goat|confusion
|-damage|p2a: the goat|42/100 par|[from] confusion
|move|p1a: am i wicked?|Max Mindstorm|p2a: the goat
|-damage|p2a: the goat|31/100 par
|-fieldstart|move: Psychic Terrain
|
|-heal|p2a: the goat|34/100 par|[from] item: Leftovers
|-fieldend|move: Trick Room
|upkeep
|-end|p1a: am i wicked?|Dynamax
|-heal|p1a: am i wicked?|24/100|[silent]
|-end|p2a: the goat|Dynamax
|-heal|p2a: the goat|34/100 par|[silent]
|turn|15
|
|t:|1664409557
|move|p1a: am i wicked?|Expanding Force|p2a: the goat
|-damage|p2a: the goat|9/100 par
|-activate|p2a: the goat|confusion
|move|p2a: the goat|Thousand Arrows|p1a: am i wicked?
|-damage|p1a: am i wicked?|0 fnt
|faint|p1a: am i wicked?
|
|-heal|p2a: the goat|16/100 par|[from] item: Leftovers
|upkeep
|
|t:|1664409564
|switch|p1a: am i sexy?|Lopunny-Mega, F, shiny|100/100
|turn|16
|
|t:|1664409567
|move|p1a: am i sexy?|Power-Up Punch|p2a: the goat
|-damage|p2a: the goat|10/100 par
|-boost|p1a: am i sexy?|atk|1
|-end|p2a: the goat|confusion
|move|p2a: the goat|Glare|p1a: am i sexy?
|-status|p1a: am i sexy?|par
|
|-heal|p2a: the goat|16/100 par|[from] item: Leftovers
|upkeep
|turn|17
|
|t:|1664409574
|move|p1a: am i sexy?|Power-Up Punch|p2a: the goat
|-crit|p2a: the goat
|-damage|p2a: the goat|0 fnt
|-boost|p1a: am i sexy?|atk|1
|faint|p2a: the goat
|
|upkeep
|
|t:|1664409580
|switch|p2a: Arceus|Arceus-Fairy|100/100
|-activate|p2a: Arceus|move: Sticky Web
|-unboost|p2a: Arceus|spe|1
|-damage|p2a: Arceus|88/100|[from] Stealth Rock
|turn|18
|
|t:|1664409584
|move|p1a: am i sexy?|Frustration|p2a: Arceus
|-damage|p2a: Arceus|13/100
|move|p2a: Arceus|Judgment|p1a: am i sexy?
|-supereffective|p1a: am i sexy?
|-damage|p1a: am i sexy?|0 fnt
|faint|p1a: am i sexy?
|
|-fieldend|move: Psychic Terrain
|upkeep
|
|t:|1664409589
|switch|p1a: am i cute?|Pincurchin, M, shiny|100/100
|-fieldstart|move: Electric Terrain|[from] ability: Electric Surge|[of] p1a: am i cute?
|turn|19
|
|t:|1664409592
|move|p2a: Arceus|Perish Song|p2a: Arceus
|-start|p1a: am i cute?|perish3|[silent]
|-start|p2a: Arceus|perish3|[silent]
|-fieldactivate|move: Perish Song
|move|p1a: am i cute?|Rising Voltage|p2a: Arceus
|-hint|Rising Voltage's BP doubled on grounded target.
|-damage|p2a: Arceus|0 fnt
|faint|p2a: Arceus
|-damage|p1a: am i cute?|90/100|[from] item: Life Orb
|
|-start|p1a: am i cute?|perish3
|upkeep
|c|☆OhLooord|gg
|
|t:|1664409597
|switch|p2a: Arceus|Arceus|100/100
|-activate|p2a: Arceus|move: Sticky Web
|-unboost|p2a: Arceus|spe|1
|-damage|p2a: Arceus|88/100|[from] Stealth Rock
|turn|20
|c|☆Masters_League|gg!
|
|t:|1664409601
|move|p2a: Arceus|Recover|p2a: Arceus
|-heal|p2a: Arceus|100/100
|move|p1a: am i cute?|Rising Voltage|p2a: Arceus
|-hint|Rising Voltage's BP doubled on grounded target.
|-damage|p2a: Arceus|22/100
|-damage|p1a: am i cute?|80/100|[from] item: Life Orb
|
|-start|p1a: am i cute?|perish2
|upkeep
|turn|21
|
|t:|1664409605
|move|p2a: Arceus|Recover|p2a: Arceus
|-heal|p2a: Arceus|72/100
|move|p1a: am i cute?|Memento|p2a: Arceus
|-unboost|p2a: Arceus|atk|2
|-unboost|p2a: Arceus|spa|2
|faint|p1a: am i cute?
|
|win|OhLooord
|raw|Masters_League's rating: 1665 &rarr; <strong>1657</strong><br />(-8 for losing)
|raw|OhLooord's rating: 1907 &rarr; <strong>1915</strong><br />(+8 for winning)
|l|☆Masters_League
||Ladder isn't responding, score probably updated but might not have (Request timeout).
