|j|☆Excoman
|j|☆RUiNtheExtinct
|t:|1633583946
|gametype|singles
|player|p1|Excoman|ruinmaniac|1535
|player|p2|RUiNtheExtinct|red-gen7|1494
|teamsize|p1|6
|teamsize|p2|6
|gen|8
|tier|[Gen 8] National Dex AG
|rated|
|rule|HP Percentage Mod: HP is shown in percentages
|rule|Endless Battle Clause: Forcing endless battles is banned
|clearpoke
|poke|p1|Groudon|
|poke|p1|Marshadow|
|poke|p1|Yveltal|
|poke|p1|Zacian-*|
|poke|p1|Necrozma-Dusk-Mane|
|poke|p1|Deoxys-Speed|
|poke|p2|Smeargle, F|
|poke|p2|Ditto|
|poke|p2|Mewtwo|
|poke|p2|Palkia|
|poke|p2|Groudon|
|poke|p2|Kartana|
|teampreview
|inactive|Battle timer is ON: inactive players will automatically lose when time's up. (requested by Excoman)
|
|t:|1633583963
|start
|switch|p1a: Deoxys|Deoxys-Speed, shiny|100/100
|switch|p2a: Ditto|Ditto|100/100
|-ability|p1a: Deoxys|Pressure
|-transform|p2a: Ditto|p1a: Deoxys|[from] ability: Imposter
|-ability|p2a: Ditto|Pressure
|turn|1
|
|t:|1633583980
|move|p2a: Ditto|Taunt|p1a: Deoxys
|-start|p1a: Deoxys|move: Taunt
|cant|p1a: Deoxys|move: Taunt|Taunt
|
|upkeep
|turn|2
|
|t:|1633583990
|switch|p2a: Smeargle|Smeargle, F|100/100
|move|p1a: Deoxys|Psycho Boost|p2a: Smeargle
|-enditem|p2a: Smeargle|Focus Sash
|-damage|p2a: Smeargle|1/100
|-unboost|p1a: Deoxys|spa|2
|
|-ability|p2a: Smeargle|Moody|boost
|-boost|p2a: Smeargle|def|2
|-unboost|p2a: Smeargle|spa|1
|upkeep
|turn|3
|
|t:|1633584004
|switch|p2a: Ditto|Ditto|100/100
|-transform|p2a: Ditto|p1a: Deoxys|[from] ability: Imposter
|-ability|p2a: Ditto|Pressure
|move|p1a: Deoxys|Psycho Boost|p2a: Ditto
|-resisted|p2a: Ditto
|-damage|p2a: Ditto|82/100
|-unboost|p1a: Deoxys|spa|2
|
|-end|p1a: Deoxys|move: Taunt
|upkeep
|turn|4
|
|t:|1633584028
|switch|p1a: Ra|Necrozma-Dusk-Mane, shiny|100/100
|move|p2a: Ditto|Taunt|p1a: Ra
|-start|p1a: Ra|move: Taunt
|
|upkeep
|turn|5
|
|t:|1633584038
|switch|p2a: Smeargle|Smeargle, F|1/100
|move|p1a: Ra|Earthquake|p2a: Smeargle
|-damage|p2a: Smeargle|0 fnt
|faint|p2a: Smeargle
|
|upkeep
|
|t:|1633584044
|switch|p2a: Groudon|Groudon|100/100
|detailschange|p2a: Groudon|Groudon-Primal
|-primal|p2a: Groudon
|-weather|DesolateLand|[from] ability: Desolate Land|[of] p2a: Groudon
|turn|6
|
|t:|1633584059
|move|p1a: Ra|Earthquake|p2a: Groudon
|-supereffective|p2a: Groudon
|-damage|p2a: Groudon|61/100
|move|p2a: Groudon|Earthquake|p1a: Ra
|-supereffective|p1a: Ra
|-damage|p1a: Ra|14/100
|-enditem|p1a: Ra|Weakness Policy
|-boost|p1a: Ra|atk|2|[from] item: Weakness Policy
|-boost|p1a: Ra|spa|2|[from] item: Weakness Policy
|
|-weather|DesolateLand|[upkeep]
|-end|p1a: Ra|move: Taunt
|upkeep
|turn|7
|
|t:|1633584070
|move|p1a: Ra|Earthquake|p2a: Groudon
|-supereffective|p2a: Groudon
|-damage|p2a: Groudon|0 fnt
|faint|p2a: Groudon
|-weather|none
|
|upkeep
|
|t:|1633584077
|switch|p2a: Ditto|Ditto|82/100
|-transform|p2a: Ditto|p1a: Ra|[from] ability: Imposter
|turn|8
|
|t:|1633584082
|move|p2a: Ditto|Sunsteel Strike|p1a: Ra
|-resisted|p1a: Ra
|-damage|p1a: Ra|0 fnt
|faint|p1a: Ra
|
|upkeep
|
|t:|1633584093
|switch|p1a: Deoxys|Deoxys-Speed, shiny|100/100
|-ability|p1a: Deoxys|Pressure
|turn|9
|
|t:|1633584099
|move|p1a: Deoxys|Stealth Rock|p2a: Ditto
|-sidestart|p2: RUiNtheExtinct|move: Stealth Rock
|move|p2a: Ditto|Sunsteel Strike|p1a: Deoxys
|-enditem|p1a: Deoxys|Focus Sash
|-damage|p1a: Deoxys|1/100
|
|upkeep
|turn|10
|
|t:|1633584107
|move|p1a: Deoxys|Spikes|p2a: Ditto
|-sidestart|p2: RUiNtheExtinct|Spikes
|move|p2a: Ditto|Sunsteel Strike|p1a: Deoxys
|-damage|p1a: Deoxys|0 fnt
|faint|p1a: Deoxys
|
|upkeep
|
|t:|1633584117
|switch|p1a: Spectre|Marshadow|100/100
|turn|11
|
|t:|1633584124
|switch|p2a: Palkia|Palkia|100/100
|-damage|p2a: Palkia|88/100|[from] Spikes
|-damage|p2a: Palkia|76/100|[from] Stealth Rock
|-ability|p2a: Palkia|Pressure
|move|p1a: Spectre|Spectral Thief|p2a: Palkia
|-crit|p2a: Palkia
|-damage|p2a: Palkia|13/100
|
|upkeep
|turn|12
|
|t:|1633584136
|move|p1a: Spectre|Shadow Sneak|p2a: Palkia
|-damage|p2a: Palkia|0 fnt
|faint|p2a: Palkia
|
|upkeep
|
|t:|1633584144
|switch|p2a: Mewtwo|Mewtwo|100/100
|-damage|p2a: Mewtwo|88/100|[from] Stealth Rock
|-damage|p2a: Mewtwo|76/100|[from] Spikes
|-ability|p2a: Mewtwo|Pressure
|turn|13
|
|t:|1633584151
|detailschange|p2a: Mewtwo|Mewtwo-Mega-Y
|-mega|p2a: Mewtwo|Mewtwo|Mewtwonite Y
|move|p2a: Mewtwo|Psystrike|p1a: Spectre
|-supereffective|p1a: Spectre
|-enditem|p1a: Spectre|Focus Sash
|-damage|p1a: Spectre|1/100
|move|p1a: Spectre|Spectral Thief|p2a: Mewtwo
|-supereffective|p2a: Mewtwo
|-damage|p2a: Mewtwo|0 fnt
|faint|p2a: Mewtwo
|
|upkeep
|
|t:|1633584163
|switch|p2a: Ditto|Ditto|82/100
|-damage|p2a: Ditto|69/100|[from] Stealth Rock
|-damage|p2a: Ditto|57/100|[from] Spikes
|-transform|p2a: Ditto|p1a: Spectre|[from] ability: Imposter
|turn|14
|
|t:|1633584186
|move|p2a: Ditto|Shadow Sneak|p1a: Spectre
|-supereffective|p1a: Spectre
|-damage|p1a: Spectre|0 fnt
|faint|p1a: Spectre
|
|upkeep
|
|t:|1633584198
|switch|p1a: Oblivion|Yveltal, shiny|100/100
|-ability|p1a: Oblivion|Dark Aura
|turn|15
|
|t:|1633584204
|switch|p2a: Kartana|Kartana|100/100
|-damage|p2a: Kartana|88/100|[from] Spikes
|-damage|p2a: Kartana|82/100|[from] Stealth Rock
|move|p1a: Oblivion|Foul Play|p2a: Kartana
|-damage|p2a: Kartana|0 fnt
|faint|p2a: Kartana
|
|upkeep
|
|t:|1633584213
|switch|p2a: Ditto|Ditto|57/100
|-damage|p2a: Ditto|45/100|[from] Spikes
|-damage|p2a: Ditto|32/100|[from] Stealth Rock
|-transform|p2a: Ditto|p1a: Oblivion|[from] ability: Imposter
|-ability|p2a: Ditto|Dark Aura
|turn|16
|
|t:|1633584224
|-start|p2a: Ditto|Dynamax
|-heal|p2a: Ditto|32/100|[silent]
|move|p1a: Oblivion|Sucker Punch|p2a: Ditto
|-resisted|p2a: Ditto
|-damage|p2a: Ditto|19/100
|move|p2a: Ditto|Max Darkness|p1a: Oblivion
|-resisted|p1a: Oblivion
|-damage|p1a: Oblivion|60/100
|-unboost|p1a: Oblivion|spd|1
|
|-heal|p1a: Oblivion|66/100|[from] item: Leftovers
|upkeep
|turn|17
|c|☆RUiNtheExtinct|gg
|-message|RUiNtheExtinct forfeited.
|
|win|Excoman
|raw|Excoman's rating: 1535 &rarr; <strong>1553</strong><br />(+18 for winning)
|raw|RUiNtheExtinct's rating: 1494 &rarr; <strong>1476</strong><br />(-18 for losing)
|l|☆RUiNtheExtinct
|c|☆Excoman|Gg
