|j|☆Snake of the Moon
|j|☆MVP2536
|t:|1661778743
|gametype|singles
|player|p1|Snake of the Moon|lance-masters|1903
|player|p2|MVP2536|giovanni|1807
|teamsize|p1|6
|teamsize|p2|6
|gen|8
|tier|[Gen 8] National Dex AG
|rated|
|rule|HP Percentage Mod: HP is shown in percentages
|rule|Endless Battle Clause: Forcing endless battles is banned
|clearpoke
|poke|p1|Ho-Oh|
|poke|p1|Necrozma-Dusk-Mane|
|poke|p1|Chansey, F|
|poke|p1|Zygarde|
|poke|p1|Lugia|
|poke|p1|Arceus-*|
|poke|p2|Groudon|
|poke|p2|Aegislash, M|
|poke|p2|Rotom-Wash|
|poke|p2|Scrafty, M|
|poke|p2|Whimsicott, F|
|poke|p2|Ditto|
|teampreview
|inactive|Battle timer is ON: inactive players will automatically lose when time's up. (requested by Snake of the Moon)
|
|t:|1661778751
|start
|switch|p1a: Zygarde|Zygarde|100/100
|switch|p2a: Ditto|Ditto|100/100
|-transform|p2a: Ditto|p1a: Zygarde|[from] ability: Imposter
|turn|1
|
|t:|1661778768
|switch|p2a: Scrafty|Scrafty, M|100/100
|switch|p1a: Necrozma|Necrozma-Dusk-Mane|100/100
|
|upkeep
|turn|2
|
|t:|1661778781
|move|p1a: Necrozma|Stealth Rock|p2a: Scrafty
|-sidestart|p2: MVP2536|move: Stealth Rock
|move|p2a: Scrafty|Knock Off|p1a: Necrozma
|-supereffective|p1a: Necrozma
|-damage|p1a: Necrozma|71/100
|-damage|p2a: Scrafty|84/100|[from] item: Rocky Helmet|[of] p1a: Necrozma
|-enditem|p1a: Necrozma|Rocky Helmet|[from] move: Knock Off|[of] p2a: Scrafty
|
|upkeep
|turn|3
|
|t:|1661778789
|switch|p2a: Ditto|Ditto|100/100
|-damage|p2a: Ditto|88/100|[from] Stealth Rock
|-transform|p2a: Ditto|p1a: Necrozma|[from] ability: Imposter
|move|p1a: Necrozma|Morning Sun|p1a: Necrozma
|-heal|p1a: Necrozma|100/100
|
|upkeep
|turn|4
|
|t:|1661778803
|switch|p2a: garbage|Groudon|100/100
|-damage|p2a: garbage|94/100|[from] Stealth Rock
|detailschange|p2a: garbage|Groudon-Primal
|-primal|p2a: garbage
|-weather|DesolateLand|[from] ability: Desolate Land|[of] p2a: garbage
|switch|p1a: Zygarde|Zygarde|100/100
|
|-weather|DesolateLand|[upkeep]
|upkeep
|turn|5
|
|t:|1661778816
|move|p1a: Zygarde|Thousand Arrows|p2a: garbage
|-supereffective|p2a: garbage
|-damage|p2a: garbage|58/100
|move|p2a: garbage|Precipice Blades|p1a: Zygarde
|-damage|p1a: Zygarde|61/100
|
|-weather|DesolateLand|[upkeep]
|-heal|p1a: Zygarde|67/100|[from] item: Leftovers
|upkeep
|turn|6
|
|t:|1661778823
|move|p1a: Zygarde|Thousand Arrows|p2a: garbage
|-supereffective|p2a: garbage
|-damage|p2a: garbage|21/100
|move|p2a: garbage|Rest|p2a: garbage
|-status|p2a: garbage|slp|[from] move: Rest
|-heal|p2a: garbage|100/100 slp|[silent]
|
|-weather|DesolateLand|[upkeep]
|-heal|p1a: Zygarde|73/100|[from] item: Leftovers
|upkeep
|turn|7
|
|t:|1661778832
|-weather|none
|switch|p2a: Whimsicott|Whimsicott, F|100/100
|move|p1a: Zygarde|Thousand Arrows|p2a: Whimsicott
|-resisted|p2a: Whimsicott
|-damage|p2a: Whimsicott|79/100
|
|-heal|p1a: Zygarde|80/100|[from] item: Leftovers
|upkeep
|turn|8
|
|t:|1661778840
|move|p2a: Whimsicott|Stun Spore|p1a: Zygarde
|-status|p1a: Zygarde|par
|cant|p1a: Zygarde|par
|
|-heal|p1a: Zygarde|86/100 par|[from] item: Leftovers
|upkeep
|turn|9
|
|t:|1661778847
|move|p2a: Whimsicott|Moonblast|p1a: Zygarde
|-supereffective|p1a: Zygarde
|-damage|p1a: Zygarde|27/100 par
|move|p1a: Zygarde|Toxic|p2a: Whimsicott
|-status|p2a: Whimsicott|tox
|
|-heal|p1a: Zygarde|33/100 par|[from] item: Leftovers
|-damage|p2a: Whimsicott|73/100 tox|[from] psn
|-activate|p1a: Zygarde|ability: Power Construct
|detailschange|p1a: Zygarde|Zygarde-Complete
|-heal|p1a: Zygarde|56/100 par|[silent]
|upkeep
|turn|10
|c|☆MVP2536|oh hi there
|c|☆Snake of the Moon|Yo
|c|☆MVP2536|didnt realize its u
|
|t:|1661778865
|switch|p1a: Necrozma|Necrozma-Dusk-Mane|100/100
|move|p2a: Whimsicott|Leech Seed|p1a: Necrozma
|-start|p1a: Necrozma|move: Leech Seed
|
|-damage|p1a: Necrozma|88/100|[from] Leech Seed|[of] p2a: Whimsicott
|-heal|p2a: Whimsicott|90/100 tox|[silent]
|-damage|p2a: Whimsicott|78/100 tox|[from] psn
|upkeep
|turn|11
|c|☆MVP2536|i just clocked this was u
|
|t:|1661778879
|switch|p2a: garbage|Groudon-Primal|100/100 slp
|-damage|p2a: garbage|88/100 slp|[from] Stealth Rock
|-weather|DesolateLand|[from] ability: Desolate Land|[of] p2a: garbage
|switch|p1a: Zygarde|Zygarde-Complete|56/100 par
|
|-weather|DesolateLand|[upkeep]
|-heal|p1a: Zygarde|62/100 par|[from] item: Leftovers
|upkeep
|turn|12
|
|t:|1661778888
|cant|p2a: garbage|slp
|move|p2a: garbage|Sleep Talk|p2a: garbage
|move|p2a: garbage|Rest||[from]move: Sleep Talk|[still]
|-fail|p2a: garbage
|move|p1a: Zygarde|Rest|p1a: Zygarde
|-status|p1a: Zygarde|slp|[from] move: Rest
|-heal|p1a: Zygarde|100/100 slp|[silent]
|
|-weather|DesolateLand|[upkeep]
|upkeep
|turn|13
|
|t:|1661778897
|-weather|none
|switch|p2a: Scrafty|Scrafty, M|84/100
|-damage|p2a: Scrafty|78/100|[from] Stealth Rock
|cant|p1a: Zygarde|slp
|
|upkeep
|turn|14
|
|t:|1661778903
|switch|p1a: Necrozma|Necrozma-Dusk-Mane|88/100
|move|p2a: Scrafty|Ice Punch|p1a: Necrozma
|-resisted|p1a: Necrozma
|-damage|p1a: Necrozma|84/100
|
|upkeep
|turn|15
|
|t:|1661778913
|switch|p1a: Zygarde|Zygarde-Complete|100/100 slp
|switch|p2a: garbage|Groudon-Primal|88/100 slp
|-damage|p2a: garbage|76/100 slp|[from] Stealth Rock
|-weather|DesolateLand|[from] ability: Desolate Land|[of] p2a: garbage
|
|-weather|DesolateLand|[upkeep]
|upkeep
|turn|16
|
|t:|1661778920
|cant|p2a: garbage|slp
|move|p2a: garbage|Sleep Talk|p2a: garbage
|move|p2a: garbage|Rest||[from]move: Sleep Talk|[still]
|-fail|p2a: garbage
|cant|p1a: Zygarde|slp
|
|-weather|DesolateLand|[upkeep]
|upkeep
|turn|17
|
|t:|1661778927
|-curestatus|p2a: garbage|slp|[msg]
|move|p2a: garbage|Precipice Blades|p1a: Zygarde
|-damage|p1a: Zygarde|76/100 slp
|-curestatus|p1a: Zygarde|slp|[msg]
|move|p1a: Zygarde|Thousand Arrows|p2a: garbage
|-supereffective|p2a: garbage
|-damage|p2a: garbage|44/100
|
|-weather|DesolateLand|[upkeep]
|-heal|p1a: Zygarde|82/100|[from] item: Leftovers
|upkeep
|turn|18
|
|t:|1661778937
|move|p2a: garbage|Precipice Blades|p1a: Zygarde|[miss]
|-miss|p2a: garbage|p1a: Zygarde
|move|p1a: Zygarde|Thousand Arrows|p2a: garbage
|-supereffective|p2a: garbage
|-damage|p2a: garbage|10/100
|
|-weather|DesolateLand|[upkeep]
|-heal|p1a: Zygarde|89/100|[from] item: Leftovers
|upkeep
|turn|19
|
|t:|1661778945
|move|p2a: garbage|Rest|p2a: garbage
|-status|p2a: garbage|slp|[from] move: Rest
|-heal|p2a: garbage|100/100 slp|[silent]
|move|p1a: Zygarde|Thousand Arrows|p2a: garbage
|-supereffective|p2a: garbage
|-damage|p2a: garbage|66/100 slp
|
|-weather|DesolateLand|[upkeep]
|-heal|p1a: Zygarde|95/100|[from] item: Leftovers
|upkeep
|turn|20
|
|t:|1661778954
|-weather|none
|switch|p2a: Whimsicott|Whimsicott, F|78/100 tox
|move|p1a: Zygarde|Thousand Arrows|p2a: Whimsicott
|-resisted|p2a: Whimsicott
|-crit|p2a: Whimsicott
|-damage|p2a: Whimsicott|47/100 tox
|
|-heal|p1a: Zygarde|100/100|[from] item: Leftovers
|-damage|p2a: Whimsicott|41/100 tox|[from] psn
|upkeep
|turn|21
|inactive|Snake of the Moon has 120 seconds left.
|
|t:|1661778998
|move|p2a: Whimsicott|Leech Seed|p1a: Zygarde
|-start|p1a: Zygarde|move: Leech Seed
|move|p1a: Zygarde|Thousand Arrows|p2a: Whimsicott
|-resisted|p2a: Whimsicott
|-damage|p2a: Whimsicott|19/100 tox
|
|-damage|p1a: Zygarde|88/100|[from] Leech Seed|[of] p2a: Whimsicott
|-heal|p2a: Whimsicott|46/100 tox|[silent]
|-damage|p2a: Whimsicott|34/100 tox|[from] psn
|upkeep
|turn|22
|
|t:|1661779008
|switch|p2a: Scrafty|Scrafty, M|78/100
|-damage|p2a: Scrafty|72/100|[from] Stealth Rock
|switch|p1a: Chansey|Chansey, F|100/100
|
|upkeep
|turn|23
|
|t:|1661779015
|switch|p1a: Necrozma|Necrozma-Dusk-Mane|84/100
|move|p2a: Scrafty|Knock Off|p1a: Necrozma
|-supereffective|p1a: Necrozma
|-damage|p1a: Necrozma|64/100
|
|upkeep
|turn|24
|
|t:|1661779022
|switch|p2a: Rotom|Rotom-Wash|100/100
|-damage|p2a: Rotom|88/100|[from] Stealth Rock
|move|p1a: Necrozma|Morning Sun|p1a: Necrozma
|-heal|p1a: Necrozma|100/100
|
|upkeep
|turn|25
|
|t:|1661779030
|move|p2a: Rotom|Toxic|p1a: Necrozma
|-immune|p1a: Necrozma
|move|p1a: Necrozma|Knock Off|p2a: Rotom
|-damage|p2a: Rotom|64/100
|-damage|p1a: Necrozma|84/100|[from] item: Rocky Helmet|[of] p2a: Rotom
|-enditem|p2a: Rotom|Rocky Helmet|[from] move: Knock Off|[of] p1a: Necrozma
|
|upkeep
|turn|26
|
|t:|1661779038
|switch|p1a: Ho-Oh|Ho-Oh|100/100
|move|p2a: Rotom|Pain Split|p1a: Ho-Oh
|-sethp|p1a: Ho-Oh|74/100|[from] move: Pain Split|[silent]
|-sethp|p2a: Rotom|100/100|[from] move: Pain Split
|
|upkeep
|turn|27
|
|t:|1661779046
|switch|p2a: garbage|Groudon-Primal|66/100 slp
|-damage|p2a: garbage|53/100 slp|[from] Stealth Rock
|-weather|DesolateLand|[from] ability: Desolate Land|[of] p2a: garbage
|move|p1a: Ho-Oh|Toxic||[still]
|-fail|p1a: Ho-Oh
|
|-weather|DesolateLand|[upkeep]
|upkeep
|turn|28
|
|t:|1661779054
|switch|p1a: Zygarde|Zygarde-Complete|88/100
|cant|p2a: garbage|slp
|move|p2a: garbage|Sleep Talk|p2a: garbage
|move|p2a: garbage|Heat Crash|p1a: Zygarde|[from]move: Sleep Talk
|-resisted|p1a: Zygarde
|-damage|p1a: Zygarde|82/100
|
|-weather|DesolateLand|[upkeep]
|-heal|p1a: Zygarde|88/100|[from] item: Leftovers
|upkeep
|turn|29
|
|t:|1661779063
|cant|p2a: garbage|slp
|move|p2a: garbage|Sleep Talk|p2a: garbage
|move|p2a: garbage|Rest||[from]move: Sleep Talk|[still]
|-fail|p2a: garbage
|move|p1a: Zygarde|Thousand Arrows|p2a: garbage
|-supereffective|p2a: garbage
|-damage|p2a: garbage|19/100 slp
|
|-weather|DesolateLand|[upkeep]
|-heal|p1a: Zygarde|94/100|[from] item: Leftovers
|upkeep
|turn|30
|
|t:|1661779074
|switch|p1a: Arceus|Arceus-Dark|100/100
|-curestatus|p2a: garbage|slp|[msg]
|move|p2a: garbage|Rest|p2a: garbage
|-status|p2a: garbage|slp|[from] move: Rest
|-heal|p2a: garbage|100/100 slp|[silent]
|
|-weather|DesolateLand|[upkeep]
|upkeep
|turn|31
|
|t:|1661779083
|move|p1a: Arceus|Perish Song|p1a: Arceus
|-start|p1a: Arceus|perish3|[silent]
|-start|p2a: garbage|perish3|[silent]
|-fieldactivate|move: Perish Song
|cant|p2a: garbage|slp
|move|p2a: garbage|Sleep Talk|p2a: garbage
|move|p2a: garbage|Rest||[from]move: Sleep Talk|[still]
|-fail|p2a: garbage
|
|-weather|DesolateLand|[upkeep]
|-start|p1a: Arceus|perish3
|-start|p2a: garbage|perish3
|upkeep
|turn|32
|c|☆MVP2536|ah this set
|
|t:|1661779094
|switch|p1a: Zygarde|Zygarde-Complete|94/100
|-weather|none
|switch|p2a: Scrafty|Scrafty, M|72/100
|-damage|p2a: Scrafty|66/100|[from] Stealth Rock
|
|-heal|p1a: Zygarde|100/100|[from] item: Leftovers
|upkeep
|turn|33
|
|t:|1661779102
|switch|p1a: Arceus|Arceus-Dark|100/100
|move|p2a: Scrafty|Knock Off|p1a: Arceus
|-resisted|p1a: Arceus
|-damage|p1a: Arceus|93/100
|
|upkeep
|turn|34
|
|t:|1661779108
|switch|p2a: garbage|Groudon-Primal|100/100 slp
|-damage|p2a: garbage|88/100 slp|[from] Stealth Rock
|-weather|DesolateLand|[from] ability: Desolate Land|[of] p2a: garbage
|move|p1a: Arceus|Whirlpool||[still]
|-fail|p1a: Arceus|Whirlpool|[from] Desolate Land
|
|-weather|DesolateLand|[upkeep]
|upkeep
|turn|35
|
|t:|1661779118
|move|p1a: Arceus|Snarl|p2a: garbage
|-damage|p2a: garbage|70/100 slp
|-unboost|p2a: garbage|spa|1
|cant|p2a: garbage|slp
|move|p2a: garbage|Sleep Talk|p2a: garbage
|move|p2a: garbage|Rest||[from]move: Sleep Talk|[still]
|-fail|p2a: garbage
|
|-weather|DesolateLand|[upkeep]
|upkeep
|turn|36
|
|t:|1661779135
|switch|p1a: Zygarde|Zygarde-Complete|100/100
|-curestatus|p2a: garbage|slp|[msg]
|move|p2a: garbage|Precipice Blades|p1a: Zygarde
|-damage|p1a: Zygarde|77/100
|
|-weather|DesolateLand|[upkeep]
|-heal|p1a: Zygarde|84/100|[from] item: Leftovers
|upkeep
|turn|37
|
|t:|1661779146
|move|p2a: garbage|Precipice Blades|p1a: Zygarde
|-damage|p1a: Zygarde|59/100
|move|p1a: Zygarde|Thousand Arrows|p2a: garbage
|-supereffective|p2a: garbage
|-damage|p2a: garbage|39/100
|
|-weather|DesolateLand|[upkeep]
|-heal|p1a: Zygarde|65/100|[from] item: Leftovers
|upkeep
|turn|38
|
|t:|1661779156
|-start|p1a: Zygarde|Dynamax|
|-heal|p1a: Zygarde|65/100|[silent]
|move|p2a: garbage|Precipice Blades|p1a: Zygarde
|-damage|p1a: Zygarde|52/100
|move|p1a: Zygarde|Max Quake|p2a: garbage
|-supereffective|p2a: garbage
|-damage|p2a: garbage|0 fnt
|-boost|p1a: Zygarde|spd|1
|faint|p2a: garbage
|-weather|none
|
|-heal|p1a: Zygarde|55/100|[from] item: Leftovers
|upkeep
|c|☆MVP2536|oh no
|c|☆Snake of the Moon|Gg
|
|t:|1661779175
|switch|p2a: Whimsicott|Whimsicott, F|34/100 tox
|turn|39
|c|☆MVP2536|hm
|c|☆MVP2536|oh actually
|inactive|MVP2536 has 120 seconds left.
|
|t:|1661779202
|move|p1a: Zygarde|Max Guard|p1a: Zygarde
|-singleturn|p1a: Zygarde|Max Guard
|move|p2a: Whimsicott|Leech Seed|p1a: Zygarde
|-activate|p1a: Zygarde|move: Max Guard
|
|-heal|p1a: Zygarde|58/100|[from] item: Leftovers
|-damage|p2a: Whimsicott|28/100 tox|[from] psn
|upkeep
|turn|40
|
|t:|1661779212
|move|p2a: Whimsicott|Leech Seed|p1a: Zygarde
|-start|p1a: Zygarde|move: Leech Seed
|move|p1a: Zygarde|Max Quake|p2a: Whimsicott
|-resisted|p2a: Whimsicott
|-damage|p2a: Whimsicott|0 fnt
|-boost|p1a: Zygarde|spd|1
|faint|p2a: Whimsicott
|
|-heal|p1a: Zygarde|62/100|[from] item: Leftovers
|upkeep
|
|t:|1661779220
|switch|p2a: Scrafty|Scrafty, M|66/100
|-damage|p2a: Scrafty|60/100|[from] Stealth Rock
|-end|p1a: Zygarde|Dynamax
|-heal|p1a: Zygarde|62/100|[silent]
|turn|41
|
|t:|1661779226
|switch|p1a: Ho-Oh|Ho-Oh|100/100
|-start|p2a: Scrafty|Dynamax|
|-heal|p2a: Scrafty|60/100|[silent]
|move|p2a: Scrafty|Max Knuckle|p1a: Ho-Oh
|-resisted|p1a: Ho-Oh
|-damage|p1a: Ho-Oh|90/100
|-boost|p2a: Scrafty|atk|1
|
|upkeep
|turn|42
|c|☆MVP2536|ha ha
|
|t:|1661779237
|move|p1a: Ho-Oh|Sacred Fire|p2a: Scrafty
|-damage|p2a: Scrafty|41/100
|move|p2a: Scrafty|Max Darkness|p1a: Ho-Oh
|-damage|p1a: Ho-Oh|49/100
|-unboost|p1a: Ho-Oh|spd|1
|
|upkeep
|turn|43
|
|t:|1661779252
|move|p1a: Ho-Oh|Sacred Fire|p2a: Scrafty
|-damage|p2a: Scrafty|24/100
|move|p2a: Scrafty|Max Hailstorm|p1a: Ho-Oh
|-damage|p1a: Ho-Oh|19/100
|-weather|Hail
|
|-weather|Hail|[upkeep]
|-damage|p1a: Ho-Oh|13/100|[from] Hail
|-damage|p2a: Scrafty|21/100|[from] Hail
|upkeep
|-end|p2a: Scrafty|Dynamax
|-heal|p2a: Scrafty|21/100|[silent]
|turn|44
|
|t:|1661779262
|switch|p2a: Ditto|Ditto|88/100
|-damage|p2a: Ditto|76/100|[from] Stealth Rock
|-transform|p2a: Ditto|p1a: Ho-Oh|[from] ability: Imposter
|move|p1a: Ho-Oh|Sacred Fire|p2a: Ditto
|-resisted|p2a: Ditto
|-damage|p2a: Ditto|55/100
|
|-weather|Hail|[upkeep]
|-damage|p2a: Ditto|49/100|[from] Hail
|-damage|p1a: Ho-Oh|7/100|[from] Hail
|upkeep
|turn|45
|
|t:|1661779275
|switch|p1a: Zygarde|Zygarde-Complete|62/100
|move|p2a: Ditto|Sacred Fire|p1a: Zygarde
|-resisted|p1a: Zygarde
|-damage|p1a: Zygarde|54/100
|-status|p1a: Zygarde|brn
|
|-weather|Hail|[upkeep]
|-damage|p2a: Ditto|43/100|[from] Hail
|-damage|p1a: Zygarde|48/100 brn|[from] Hail
|-heal|p1a: Zygarde|54/100 brn|[from] item: Leftovers
|-damage|p1a: Zygarde|48/100 brn|[from] brn
|upkeep
|turn|46
|
|t:|1661779291
|switch|p2a: Scrafty|Scrafty, M|21/100
|-damage|p2a: Scrafty|15/100|[from] Stealth Rock
|move|p1a: Zygarde|Rest|p1a: Zygarde
|-status|p1a: Zygarde|slp|[from] move: Rest
|-heal|p1a: Zygarde|100/100 slp|[silent]
|
|-weather|Hail|[upkeep]
|-damage|p1a: Zygarde|94/100 slp|[from] Hail
|-damage|p2a: Scrafty|9/100|[from] Hail
|-heal|p1a: Zygarde|100/100 slp|[from] item: Leftovers
|upkeep
|turn|47
|
|t:|1661779302
|switch|p1a: Ho-Oh|Ho-Oh|40/100
|move|p2a: Scrafty|Drain Punch|p1a: Ho-Oh
|-resisted|p1a: Ho-Oh
|-damage|p1a: Ho-Oh|32/100
|-heal|p2a: Scrafty|14/100|[from] drain|[of] p1a: Ho-Oh
|
|-weather|none
|upkeep
|turn|48
|
|t:|1661779310
|move|p1a: Ho-Oh|Sacred Fire|p2a: Scrafty
|-damage|p2a: Scrafty|0 fnt
|faint|p2a: Scrafty
|
|upkeep
|c|☆MVP2536|ye this a gg
|
|t:|1661779318
|switch|p2a: Rotom|Rotom-Wash|100/100
|-damage|p2a: Rotom|88/100|[from] Stealth Rock
|turn|49
|
|t:|1661779343
|move|p1a: Ho-Oh|Toxic|p2a: Rotom
|-status|p2a: Rotom|tox
|move|p2a: Rotom|Volt Switch|p1a: Ho-Oh
|-supereffective|p1a: Ho-Oh
|-damage|p1a: Ho-Oh|3/100
|
|t:|1661779350
|switch|p2a: Aegislash|Aegislash, M|100/100|[from]move: Volt Switch
|-damage|p2a: Aegislash|94/100|[from] Stealth Rock
|
|-heal|p2a: Aegislash|100/100|[from] item: Leftovers
|upkeep
|turn|50
|
|t:|1661779359
|switch|p1a: Zygarde|Zygarde-Complete|100/100 slp
|-formechange|p2a: Aegislash|Aegislash-Blade||[from] ability: Stance Change
|move|p2a: Aegislash|Sacred Sword|p1a: Zygarde
|-damage|p1a: Zygarde|88/100 slp
|
|-heal|p1a: Zygarde|94/100 slp|[from] item: Leftovers
|upkeep
|turn|51
|c|☆MVP2536|ye gg
|-message|MVP2536 forfeited.
|
|win|Snake of the Moon
|raw|Snake of the Moon's rating: 1903 &rarr; <strong>1918</strong><br />(+15 for winning)
|raw|MVP2536's rating: 1807 &rarr; <strong>1792</strong><br />(-15 for losing)
