|j|☆formicX
|j|☆Aarsh2601
|t:|1634565522
|gametype|singles
|player|p1|formicX|2|1410
|player|p2|Aarsh2601|red|1394
|teamsize|p1|6
|teamsize|p2|6
|gen|8
|tier|[Gen 8] National Dex AG
|rated|
|rule|HP Percentage Mod: HP is shown in percentages
|rule|Endless Battle Clause: Forcing endless battles is banned
|clearpoke
|poke|p1|Landorus-Therian, M|
|poke|p1|Deoxys-Attack|
|poke|p1|Lickilicky, M|
|poke|p1|Scizor, F|
|poke|p1|Marshadow|
|poke|p1|Aggron, F|
|poke|p2|Mewtwo|
|poke|p2|Dragapult, M|
|poke|p2|Pheromosa|
|poke|p2|Weavile, M|
|poke|p2|Cinderace, M|
|poke|p2|Zacian-*|
|teampreview
|inactive|Battle timer is ON: inactive players will automatically lose when time's up. (requested by Aarsh2601)
|
|t:|1634565540
|start
|switch|p1a: Scizor|Scizor, F|100/100
|switch|p2a: Pheromosa|Pheromosa, shiny|100/100
|turn|1
|
|t:|1634565549
|-zpower|p2a: Pheromosa
|move|p2a: Pheromosa|Tectonic Rage|p1a: Scizor|[zeffect]
|-damage|p1a: Scizor|42/100
|move|p1a: Scizor|U-turn|p2a: Pheromosa
|-resisted|p2a: Pheromosa
|-damage|p2a: Pheromosa|23/100
|
|t:|1634565557
|switch|p1a: Marshadow|Marshadow|100/100|[from]move: U-turn
|
|upkeep
|turn|2
|
|t:|1634565564
|move|p1a: Marshadow|Shadow Sneak|p2a: Pheromosa
|-damage|p2a: Pheromosa|0 fnt
|faint|p2a: Pheromosa
|
|upkeep
|
|t:|1634565575
|switch|p2a: Cinderace|Cinderace, M|100/100
|turn|3
|
|t:|1634565598
|switch|p1a: Landorus|Landorus-Therian, M|100/100
|-ability|p1a: Landorus|Intimidate|boost
|-unboost|p2a: Cinderace|atk|1
|move|p2a: Cinderace|Zen Headbutt|p1a: Landorus
|-start|p2a: Cinderace|typechange|Psychic|[from] ability: Libero
|-damage|p1a: Landorus|69/100
|
|upkeep
|turn|4
|
|t:|1634565612
|switch|p2a: Weavile|Weavile, M|100/100
|-ability|p2a: Weavile|Pressure
|move|p1a: Landorus|Earthquake|p2a: Weavile
|-damage|p2a: Weavile|0 fnt
|faint|p2a: Weavile
|
|upkeep
|
|t:|1634565624
|switch|p2a: Dragapult|Dragapult, M, shiny|100/100
|turn|5
|inactive|formicX has 120 seconds left.
|
|t:|1634565654
|switch|p1a: Lickilicky|Lickilicky, M|100/100
|-ability|p1a: Lickilicky|Cloud Nine
|move|p2a: Dragapult|Phantom Force||[still]
|-prepare|p2a: Dragapult|Phantom Force
|
|upkeep
|turn|6
|
|t:|1634565661
|move|p2a: Dragapult|Phantom Force|p1a: Lickilicky|[from]lockedmove
|-immune|p1a: Lickilicky
|move|p1a: Lickilicky|Wish|p1a: Lickilicky
|
|upkeep
|turn|7
|
|t:|1634565667
|switch|p1a: Scizor|Scizor, F|42/100
|move|p2a: Dragapult|Dragon Dance|p2a: Dragapult
|-boost|p2a: Dragapult|atk|1
|-boost|p2a: Dragapult|spe|1
|
|-heal|p1a: Scizor|100/100|[from] move: Wish|[wisher] Lickilicky
|upkeep
|turn|8
|
|t:|1634565690
|move|p2a: Dragapult|Dragon Dance|p2a: Dragapult
|-boost|p2a: Dragapult|atk|1
|-boost|p2a: Dragapult|spe|1
|move|p1a: Scizor|Knock Off|p2a: Dragapult
|-supereffective|p2a: Dragapult
|-damage|p2a: Dragapult|0 fnt
|-enditem|p2a: Dragapult|Heavy-Duty Boots|[from] move: Knock Off|[of] p1a: Scizor
|faint|p2a: Dragapult
|
|upkeep
|
|t:|1634565701
|switch|p2a: Cinderace|Cinderace, M|100/100
|turn|9
|
|t:|1634565706
|switch|p1a: Landorus|Landorus-Therian, M|69/100
|-ability|p1a: Landorus|Intimidate|boost
|-unboost|p2a: Cinderace|atk|1
|move|p2a: Cinderace|Pyro Ball|p1a: Landorus
|-damage|p1a: Landorus|19/100
|
|upkeep
|turn|10
|
|t:|1634565716
|move|p1a: Landorus|Earthquake|p2a: Cinderace
|-supereffective|p2a: Cinderace
|-damage|p2a: Cinderace|0 fnt
|faint|p2a: Cinderace
|
|upkeep
|
|t:|1634565722
|switch|p2a: Mewtwo|Mewtwo|100/100
|-ability|p2a: Mewtwo|Pressure
|turn|11
|
|t:|1634565733
|switch|p1a: Lickilicky|Lickilicky, M|100/100
|-ability|p1a: Lickilicky|Cloud Nine
|detailschange|p2a: Mewtwo|Mewtwo-Mega-Y
|-mega|p2a: Mewtwo|Mewtwo|Mewtwonite Y
|move|p2a: Mewtwo|Psystrike|p1a: Lickilicky
|-damage|p1a: Lickilicky|48/100
|
|-heal|p1a: Lickilicky|54/100|[from] item: Leftovers
|upkeep
|turn|12
|
|t:|1634565745
|move|p2a: Mewtwo|Calm Mind|p2a: Mewtwo
|-boost|p2a: Mewtwo|spa|1
|-boost|p2a: Mewtwo|spd|1
|move|p1a: Lickilicky|Wish|p1a: Lickilicky
|
|-heal|p1a: Lickilicky|60/100|[from] item: Leftovers
|upkeep
|turn|13
|
|t:|1634565753
|move|p2a: Mewtwo|Calm Mind|p2a: Mewtwo
|-boost|p2a: Mewtwo|spa|1
|-boost|p2a: Mewtwo|spd|1
|move|p1a: Lickilicky|Dragon Tail|p2a: Mewtwo
|-crit|p2a: Mewtwo
|-damage|p2a: Mewtwo|78/100
|drag|p2a: Zacian|Zacian-Crowned|100/100
|-ability|p2a: Zacian|Intrepid Sword|boost
|-boost|p2a: Zacian|atk|1
|
|-heal|p1a: Lickilicky|100/100|[from] move: Wish|[wisher] Lickilicky
|upkeep
|turn|14
|
|t:|1634565766
|switch|p1a: Marshadow|Marshadow|100/100
|move|p2a: Zacian|Sacred Sword|p1a: Marshadow
|-immune|p1a: Marshadow
|
|upkeep
|turn|15
|
|t:|1634565776
|move|p2a: Zacian|Play Rough|p1a: Marshadow|[miss]
|-miss|p2a: Zacian|p1a: Marshadow
|move|p1a: Marshadow|Spectral Thief||[still]
|-clearpositiveboost|p2a: Zacian|p1a: Marshadow|move: Spectral Thief
|-boost|p1a: Marshadow|atk|1
|-anim|p1a: Marshadow|Spectral Thief|p2a: Zacian
|-damage|p2a: Zacian|39/100
|
|upkeep
|turn|16
|
|t:|1634565790
|move|p1a: Marshadow|Shadow Sneak|p2a: Zacian
|-damage|p2a: Zacian|0 fnt
|faint|p2a: Zacian
|
|upkeep
|
|t:|1634565795
|switch|p2a: Mewtwo|Mewtwo-Mega-Y|78/100
|turn|17
|
|t:|1634565803
|move|p2a: Mewtwo|Psystrike|p1a: Marshadow
|-supereffective|p1a: Marshadow
|-enditem|p1a: Marshadow|Focus Sash
|-damage|p1a: Marshadow|1/100
|move|p1a: Marshadow|Spectral Thief|p2a: Mewtwo
|-supereffective|p2a: Mewtwo
|-damage|p2a: Mewtwo|0 fnt
|faint|p2a: Mewtwo
|
|win|formicX
|raw|formicX's rating: 1410 &rarr; <strong>1428</strong><br />(+18 for winning)
|raw|Aarsh2601's rating: 1375 &rarr; <strong>1357</strong><br />(-18 for losing)
|c|☆formicX|gg
|l|☆Aarsh2601
||Ladder isn't responding, score probably updated but might not have (Request timeout).
