|j|☆Better Alone
|j|☆Snake of the Moon
|t:|1661899206
|gametype|singles
|player|p1|Better Alone|swimmerf-gen4|1755
|player|p2|Snake of the Moon|170|1959
|teamsize|p1|6
|teamsize|p2|6
|gen|8
|tier|[Gen 8] National Dex AG
|rated|
|rule|HP Percentage Mod: HP is shown in percentages
|rule|Endless Battle Clause: Forcing endless battles is banned
|clearpoke
|poke|p1|Ditto|
|poke|p1|Calyrex-Shadow|
|poke|p1|Groudon|
|poke|p1|Rayquaza|
|poke|p1|Tyranitar, M|
|poke|p1|Arceus-*|
|poke|p2|Ho-Oh|
|poke|p2|Necrozma-Dusk-Mane|
|poke|p2|Chansey, F|
|poke|p2|Zygarde|
|poke|p2|Lugia|
|poke|p2|Arceus-*|
|teampreview
|inactive|Battle timer is ON: inactive players will automatically lose when time's up. (requested by Snake of the Moon)
|
|t:|1661899215
|start
|switch|p1a: Arceus|Arceus-Ground|100/100
|switch|p2a: Zygarde|Zygarde|100/100
|turn|1
|
|t:|1661899219
|switch|p2a: Ho-Oh|Ho-Oh|100/100
|move|p1a: Arceus|Stealth Rock|p2a: Ho-Oh
|-sidestart|p2: Snake of the Moon|move: Stealth Rock
|
|upkeep
|turn|2
|
|t:|1661899222
|move|p1a: Arceus|Toxic|p2a: Ho-Oh
|-status|p2a: Ho-Oh|tox
|move|p2a: Ho-Oh|Defog|p1a: Arceus
|-unboost|p1a: Arceus|evasion|1
|-sideend|p2: Snake of the Moon|Stealth Rock|[from] move: Defog|[of] p2a: Ho-Oh
|
|-damage|p2a: Ho-Oh|94/100 tox|[from] psn
|upkeep
|turn|3
|
|t:|1661899225
|move|p1a: Arceus|Stealth Rock|p2a: Ho-Oh
|-sidestart|p2: Snake of the Moon|move: Stealth Rock
|move|p2a: Ho-Oh|Toxic|p1a: Arceus
|-status|p1a: Arceus|tox
|
|-damage|p1a: Arceus|94/100 tox|[from] psn
|-damage|p2a: Ho-Oh|82/100 tox|[from] psn
|upkeep
|turn|4
|
|t:|1661899228
|switch|p1a: Groudon|Groudon, shiny|100/100
|detailschange|p1a: Groudon|Groudon-Primal, shiny
|-primal|p1a: Groudon
|-weather|DesolateLand|[from] ability: Desolate Land|[of] p1a: Groudon
|move|p2a: Ho-Oh|Defog|p1a: Groudon
|-unboost|p1a: Groudon|evasion|1
|-sideend|p2: Snake of the Moon|Stealth Rock|[from] move: Defog|[of] p2a: Ho-Oh
|
|-weather|DesolateLand|[upkeep]
|-damage|p2a: Ho-Oh|63/100 tox|[from] psn
|upkeep
|turn|5
|
|t:|1661899232
|switch|p2a: Zygarde|Zygarde|100/100
|move|p1a: Groudon|Dragon Tail|p2a: Zygarde
|-supereffective|p2a: Zygarde
|-damage|p2a: Zygarde|74/100
|drag|p2a: Lugia|Lugia|100/100
|
|-weather|DesolateLand|[upkeep]
|upkeep
|turn|6
|
|t:|1661899242
|move|p2a: Lugia|Substitute|p2a: Lugia
|-start|p2a: Lugia|Substitute
|-damage|p2a: Lugia|75/100
|move|p1a: Groudon|Rock Tomb|p2a: Lugia
|-supereffective|p2a: Lugia
|-crit|p2a: Lugia
|-end|p2a: Lugia|Substitute
|
|-weather|DesolateLand|[upkeep]
|upkeep
|turn|7
|
|t:|1661899244
|move|p2a: Lugia|Recover|p2a: Lugia
|-heal|p2a: Lugia|100/100
|move|p1a: Groudon|Rock Tomb|p2a: Lugia
|-supereffective|p2a: Lugia
|-damage|p2a: Lugia|88/100
|-unboost|p2a: Lugia|spe|1
|
|-weather|DesolateLand|[upkeep]
|upkeep
|turn|8
|
|t:|1661899247
|move|p1a: Groudon|Rock Tomb|p2a: Lugia
|-supereffective|p2a: Lugia
|-damage|p2a: Lugia|60/100
|-unboost|p2a: Lugia|spe|1
|move|p2a: Lugia|Toxic|p1a: Groudon
|-status|p1a: Groudon|tox
|
|-weather|DesolateLand|[upkeep]
|-damage|p1a: Groudon|94/100 tox|[from] psn
|upkeep
|turn|9
|
|t:|1661899251
|move|p1a: Groudon|Fire Punch|p2a: Lugia
|-damage|p2a: Lugia|25/100
|move|p2a: Lugia|Recover|p2a: Lugia
|-heal|p2a: Lugia|75/100
|
|-weather|DesolateLand|[upkeep]
|-damage|p1a: Groudon|82/100 tox|[from] psn
|upkeep
|turn|10
|
|t:|1661899254
|-weather|none
|switch|p1a: Arceus|Arceus-Ground|94/100 tox
|move|p2a: Lugia|Recover|p2a: Lugia
|-heal|p2a: Lugia|100/100
|
|-damage|p1a: Arceus|88/100 tox|[from] psn
|upkeep
|turn|11
|
|t:|1661899258
|switch|p2a: Ho-Oh|Ho-Oh|96/100 tox
|move|p1a: Arceus|Stealth Rock|p2a: Ho-Oh
|-sidestart|p2: Snake of the Moon|move: Stealth Rock
|
|-damage|p1a: Arceus|76/100 tox|[from] psn
|-damage|p2a: Ho-Oh|90/100 tox|[from] psn
|upkeep
|turn|12
|
|t:|1661899260
|switch|p1a: Groudon|Groudon-Primal, shiny|82/100 tox
|-weather|DesolateLand|[from] ability: Desolate Land|[of] p1a: Groudon
|move|p2a: Ho-Oh|Defog|p1a: Groudon
|-unboost|p1a: Groudon|evasion|1
|-sideend|p2: Snake of the Moon|Stealth Rock|[from] move: Defog|[of] p2a: Ho-Oh
|
|-weather|DesolateLand|[upkeep]
|-damage|p1a: Groudon|76/100 tox|[from] psn
|-damage|p2a: Ho-Oh|77/100 tox|[from] psn
|upkeep
|turn|13
|
|t:|1661899264
|switch|p2a: Zygarde|Zygarde|74/100
|move|p1a: Groudon|Dragon Tail|p2a: Zygarde
|-supereffective|p2a: Zygarde
|-damage|p2a: Zygarde|44/100
|drag|p2a: Necrozma|Necrozma-Dusk-Mane|100/100
|
|-weather|DesolateLand|[upkeep]
|-damage|p1a: Groudon|64/100 tox|[from] psn
|upkeep
|turn|14
|
|t:|1661899270
|switch|p2a: Zygarde|Zygarde|44/100
|move|p1a: Groudon|Precipice Blades|p2a: Zygarde|[miss]
|-miss|p1a: Groudon|p2a: Zygarde
|
|-weather|DesolateLand|[upkeep]
|-heal|p2a: Zygarde|50/100|[from] item: Leftovers
|-damage|p1a: Groudon|45/100 tox|[from] psn
|-activate|p2a: Zygarde|ability: Power Construct
|detailschange|p2a: Zygarde|Zygarde-Complete
|-heal|p2a: Zygarde|67/100|[silent]
|upkeep
|turn|15
|
|t:|1661899276
|-weather|none
|switch|p1a: Arceus|Arceus-Ground|76/100 tox
|move|p2a: Zygarde|Rest|p2a: Zygarde
|-status|p2a: Zygarde|slp|[from] move: Rest
|-heal|p2a: Zygarde|100/100 slp|[silent]
|
|-damage|p1a: Arceus|70/100 tox|[from] psn
|upkeep
|turn|16
|
|t:|1661899279
|switch|p2a: Ho-Oh|Ho-Oh|100/100 tox
|move|p1a: Arceus|Stealth Rock|p2a: Ho-Oh
|-sidestart|p2: Snake of the Moon|move: Stealth Rock
|
|-damage|p1a: Arceus|58/100 tox|[from] psn
|-damage|p2a: Ho-Oh|94/100 tox|[from] psn
|upkeep
|turn|17
|
|t:|1661899281
|move|p1a: Arceus|Recover|p1a: Arceus
|-heal|p1a: Arceus|100/100 tox
|move|p2a: Ho-Oh|Defog|p1a: Arceus
|-unboost|p1a: Arceus|evasion|1
|-sideend|p2: Snake of the Moon|Stealth Rock|[from] move: Defog|[of] p2a: Ho-Oh
|
|-damage|p1a: Arceus|82/100 tox|[from] psn
|-damage|p2a: Ho-Oh|82/100 tox|[from] psn
|upkeep
|turn|18
|
|t:|1661899285
|move|p1a: Arceus|Recover|p1a: Arceus
|-heal|p1a: Arceus|100/100 tox
|move|p2a: Ho-Oh|Sacred Fire|p1a: Arceus
|-damage|p1a: Arceus|77/100 tox
|
|-damage|p1a: Arceus|52/100 tox|[from] psn
|-damage|p2a: Ho-Oh|63/100 tox|[from] psn
|upkeep
|turn|19
|
|t:|1661899295
|switch|p2a: Necrozma|Necrozma-Dusk-Mane|100/100
|move|p1a: Arceus|Recover|p1a: Arceus
|-heal|p1a: Arceus|100/100 tox
|
|-damage|p1a: Arceus|70/100 tox|[from] psn
|upkeep
|turn|20
|
|t:|1661899300
|switch|p1a: Tyranitar|Tyranitar, M|100/100
|-weather|Sandstorm|[from] ability: Sand Stream|[of] p1a: Tyranitar
|move|p2a: Necrozma|Stealth Rock|p1a: Tyranitar
|-sidestart|p1: Better Alone|move: Stealth Rock
|
|-weather|Sandstorm|[upkeep]
|upkeep
|turn|21
|
|t:|1661899304
|switch|p1a: Groudon|Groudon-Primal, shiny|45/100 tox
|-damage|p1a: Groudon|33/100 tox|[from] Stealth Rock
|-weather|DesolateLand|[from] ability: Desolate Land|[of] p1a: Groudon
|move|p2a: Necrozma|Sunsteel Strike|p1a: Groudon
|-resisted|p1a: Groudon
|-damage|p1a: Groudon|20/100 tox
|
|-weather|DesolateLand|[upkeep]
|-damage|p1a: Groudon|13/100 tox|[from] psn
|upkeep
|turn|22
|
|t:|1661899308
|switch|p2a: Zygarde|Zygarde-Complete|100/100 slp
|move|p1a: Groudon|Dragon Tail|p2a: Zygarde
|-supereffective|p2a: Zygarde
|-damage|p2a: Zygarde|81/100 slp
|drag|p2a: Arceus|Arceus-Dark|100/100
|
|-weather|DesolateLand|[upkeep]
|-damage|p1a: Groudon|1/100 tox|[from] psn
|upkeep
|turn|23
|
|t:|1661899312
|switch|p2a: Zygarde|Zygarde-Complete|81/100 slp
|move|p1a: Groudon|Precipice Blades|p2a: Zygarde
|-damage|p2a: Zygarde|55/100 slp
|
|-weather|DesolateLand|[upkeep]
|-heal|p2a: Zygarde|62/100 slp|[from] item: Leftovers
|-damage|p1a: Groudon|0 fnt|[from] psn
|faint|p1a: Groudon
|-weather|none
|upkeep
|
|t:|1661899323
|switch|p1a: Rayquaza|Rayquaza|100/100
|-damage|p1a: Rayquaza|75/100|[from] Stealth Rock
|-ability|p1a: Rayquaza|Air Lock
|turn|24
|
|t:|1661899328
|switch|p2a: Lugia|Lugia|100/100
|detailschange|p1a: Rayquaza|Rayquaza-Mega
|-mega|p1a: Rayquaza|Rayquaza|
|-weather|DeltaStream|[from] ability: Delta Stream|[of] p1a: Rayquaza
|move|p1a: Rayquaza|Dragon Dance|p1a: Rayquaza
|-boost|p1a: Rayquaza|atk|1
|-boost|p1a: Rayquaza|spe|1
|
|-weather|DeltaStream|[upkeep]
|upkeep
|turn|25
|
|t:|1661899334
|move|p1a: Rayquaza|Dragon Ascent|p2a: Lugia
|-damage|p2a: Lugia|73/100
|-unboost|p1a: Rayquaza|def|1
|-unboost|p1a: Rayquaza|spd|1
|move|p2a: Lugia|Whirlwind|p1a: Rayquaza
|-weather|none
|drag|p1a: Calyrex|Calyrex-Shadow|100/100
|-ability|p1a: Calyrex|As One
|-ability|p1a: Calyrex|Unnerve
|-damage|p1a: Calyrex|88/100|[from] Stealth Rock
|
|upkeep
|turn|26
|
|t:|1661899337
|switch|p2a: Arceus|Arceus-Dark|100/100
|move|p1a: Calyrex|Astral Barrage|p2a: Arceus
|-resisted|p2a: Arceus
|-damage|p2a: Arceus|83/100
|
|upkeep
|turn|27
|
|t:|1661899340
|switch|p1a: Tyranitar|Tyranitar, M|100/100
|-damage|p1a: Tyranitar|88/100|[from] Stealth Rock
|-weather|Sandstorm|[from] ability: Sand Stream|[of] p1a: Tyranitar
|move|p2a: Arceus|Snarl|p1a: Tyranitar
|-resisted|p1a: Tyranitar
|-damage|p1a: Tyranitar|85/100
|-unboost|p1a: Tyranitar|spa|1
|
|-weather|Sandstorm|[upkeep]
|-damage|p2a: Arceus|77/100|[from] Sandstorm
|upkeep
|turn|28
|
|t:|1661899354
|move|p2a: Arceus|Whirlpool|p1a: Tyranitar
|-supereffective|p1a: Tyranitar
|-damage|p1a: Tyranitar|80/100
|-activate|p1a: Tyranitar|move: Whirlpool|[of] p2a: Arceus
|move|p1a: Tyranitar|Foul Play|p2a: Arceus
|-resisted|p2a: Arceus
|-damage|p2a: Arceus|68/100
|
|-weather|Sandstorm|[upkeep]
|-damage|p2a: Arceus|62/100|[from] Sandstorm
|-damage|p1a: Tyranitar|68/100|[from] move: Whirlpool|[partiallytrapped]
|upkeep
|turn|29
|
|t:|1661899360
|move|p2a: Arceus|Perish Song|p2a: Arceus
|-start|p1a: Tyranitar|perish3|[silent]
|-start|p2a: Arceus|perish3|[silent]
|-fieldactivate|move: Perish Song
|move|p1a: Tyranitar|Stone Edge|p2a: Arceus
|-damage|p2a: Arceus|31/100
|
|-weather|Sandstorm|[upkeep]
|-damage|p2a: Arceus|25/100|[from] Sandstorm
|-damage|p1a: Tyranitar|55/100|[from] move: Whirlpool|[partiallytrapped]
|-start|p2a: Arceus|perish3
|-start|p1a: Tyranitar|perish3
|upkeep
|turn|30
|
|t:|1661899389
|move|p2a: Arceus|Recover|p2a: Arceus
|-heal|p2a: Arceus|75/100
|move|p1a: Tyranitar|Stone Edge|p2a: Arceus
|-damage|p2a: Arceus|46/100
|
|-weather|Sandstorm|[upkeep]
|-damage|p2a: Arceus|40/100|[from] Sandstorm
|-damage|p1a: Tyranitar|43/100|[from] move: Whirlpool|[partiallytrapped]
|-start|p2a: Arceus|perish2
|-start|p1a: Tyranitar|perish2
|upkeep
|turn|31
|
|t:|1661899392
|move|p2a: Arceus|Recover|p2a: Arceus
|-heal|p2a: Arceus|90/100
|move|p1a: Tyranitar|Stone Edge|p2a: Arceus
|-damage|p2a: Arceus|59/100
|
|-weather|none
|-damage|p1a: Tyranitar|30/100|[from] move: Whirlpool|[partiallytrapped]
|-start|p2a: Arceus|perish1
|-start|p1a: Tyranitar|perish1
|upkeep
|turn|32
|-message|Better Alone forfeited.
|
|win|Snake of the Moon
|raw|Better Alone's rating: 1755 &rarr; <strong>1746</strong><br />(-9 for losing)
|raw|Snake of the Moon's rating: 1959 &rarr; <strong>1968</strong><br />(+9 for winning)
|l|☆Better Alone
||Ladder isn't responding, score probably updated but might not have (Request timeout).
