|j|☆Glaliegoesboom
|j|☆FreezdXD
|t:|1661622245
|gametype|singles
|player|p1|Glaliegoesboom|101|1832
|player|p2|FreezdXD|steven|1746
|teamsize|p1|6
|teamsize|p2|6
|gen|8
|tier|[Gen 8] National Dex AG
|rated|
|rule|HP Percentage Mod: HP is shown in percentages
|rule|Endless Battle Clause: Forcing endless battles is banned
|clearpoke
|poke|p1|Groudon|
|poke|p1|Necrozma-Dusk-Mane|
|poke|p1|Zygarde|
|poke|p1|Arceus-*|
|poke|p1|Chansey, F|
|poke|p1|Arceus-*|
|poke|p2|Yveltal|
|poke|p2|Arceus-*|
|poke|p2|Groudon|
|poke|p2|Rayquaza|
|poke|p2|Marshadow|
|poke|p2|Calyrex-Shadow|
|teampreview
|inactive|Battle timer is ON: inactive players will automatically lose when time's up. (requested by FreezdXD)
|
|t:|1661622268
|start
|switch|p1a: Arceus|Arceus-Fairy|100/100
|switch|p2a: Groudon|Groudon, shiny|100/100
|detailschange|p2a: Groudon|Groudon-Primal, shiny
|-primal|p2a: Groudon
|-weather|DesolateLand|[from] ability: Desolate Land|[of] p2a: Groudon
|turn|1
|
|t:|1661622272
|move|p1a: Arceus|Toxic|p2a: Groudon
|-status|p2a: Groudon|tox
|move|p2a: Groudon|Thunder Wave|p1a: Arceus
|-status|p1a: Arceus|par
|
|-weather|DesolateLand|[upkeep]
|-damage|p2a: Groudon|94/100 tox|[from] psn
|upkeep
|turn|2
|
|t:|1661622275
|switch|p1a: Zygarde|Zygarde, shiny|100/100
|move|p2a: Groudon|Stealth Rock|p1a: Zygarde
|-sidestart|p1: Glaliegoesboom|move: Stealth Rock
|
|-weather|DesolateLand|[upkeep]
|-damage|p2a: Groudon|82/100 tox|[from] psn
|upkeep
|turn|3
|
|t:|1661622278
|move|p2a: Groudon|Earthquake|p1a: Zygarde
|-damage|p1a: Zygarde|70/100
|move|p1a: Zygarde|Thousand Arrows|p2a: Groudon
|-supereffective|p2a: Groudon
|-damage|p2a: Groudon|47/100 tox
|
|-weather|DesolateLand|[upkeep]
|-damage|p2a: Groudon|29/100 tox|[from] psn
|upkeep
|turn|4
|
|t:|1661622280
|move|p2a: Groudon|Earthquake|p1a: Zygarde
|-damage|p1a: Zygarde|38/100
|move|p1a: Zygarde|Thousand Arrows|p2a: Groudon
|-supereffective|p2a: Groudon
|-damage|p2a: Groudon|0 fnt
|faint|p2a: Groudon
|-weather|none
|
|-activate|p1a: Zygarde|ability: Power Construct
|detailschange|p1a: Zygarde|Zygarde-Complete, shiny
|-heal|p1a: Zygarde|60/100|[silent]
|upkeep
|
|t:|1661622293
|switch|p2a: Yveltal|Yveltal|100/100
|-ability|p2a: Yveltal|Dark Aura
|turn|5
|
|t:|1661622296
|switch|p1a: Arceus|Arceus-Dark|100/100
|-damage|p1a: Arceus|88/100|[from] Stealth Rock
|move|p2a: Yveltal|Dark Pulse|p1a: Arceus
|-resisted|p1a: Arceus
|-crit|p1a: Arceus
|-damage|p1a: Arceus|59/100
|-damage|p2a: Yveltal|91/100|[from] item: Life Orb
|
|upkeep
|turn|6
|
|t:|1661622300
|move|p1a: Arceus|Recover|p1a: Arceus
|-heal|p1a: Arceus|100/100
|move|p2a: Yveltal|Oblivion Wing|p1a: Arceus
|-crit|p1a: Arceus
|-damage|p1a: Arceus|57/100
|-heal|p2a: Yveltal|100/100|[from] drain|[of] p1a: Arceus
|-damage|p2a: Yveltal|91/100|[from] item: Life Orb
|
|upkeep
|turn|7
|
|t:|1661622304
|move|p1a: Arceus|Thunder Wave|p2a: Yveltal
|-status|p2a: Yveltal|par
|move|p2a: Yveltal|Oblivion Wing|p1a: Arceus
|-damage|p1a: Arceus|29/100
|-heal|p2a: Yveltal|100/100 par|[from] drain|[of] p1a: Arceus
|-damage|p2a: Yveltal|91/100 par|[from] item: Life Orb
|
|upkeep
|turn|8
|
|t:|1661622307
|move|p1a: Arceus|Recover|p1a: Arceus
|-heal|p1a: Arceus|79/100
|cant|p2a: Yveltal|par
|
|upkeep
|turn|9
|
|t:|1661622312
|move|p1a: Arceus|Defog|p2a: Yveltal
|-unboost|p2a: Yveltal|evasion|1
|-sideend|p1: Glaliegoesboom|Stealth Rock|[from] move: Defog|[of] p1a: Arceus
|move|p2a: Yveltal|Oblivion Wing|p1a: Arceus
|-damage|p1a: Arceus|50/100
|-heal|p2a: Yveltal|100/100 par|[from] drain|[of] p1a: Arceus
|-damage|p2a: Yveltal|91/100 par|[from] item: Life Orb
|
|upkeep
|turn|10
|
|t:|1661622316
|move|p1a: Arceus|Recover|p1a: Arceus
|-heal|p1a: Arceus|99/100
|cant|p2a: Yveltal|par
|
|upkeep
|turn|11
|
|t:|1661622320
|switch|p1a: Chansey|Chansey, F|100/100
|cant|p2a: Yveltal|par
|
|upkeep
|turn|12
|
|t:|1661622325
|switch|p2a: Arceus|Arceus-Water|100/100
|move|p1a: Chansey|Aromatherapy|p1a: Chansey
|-activate|p1a: Chansey|move: Aromatherapy
|-curestatus|p1: Arceus|par|[msg]
|
|upkeep
|turn|13
|j| ImagineHavingSkill
|
|t:|1661622329
|switch|p1a: Groudon|Groudon|100/100
|detailschange|p1a: Groudon|Groudon-Primal
|-primal|p1a: Groudon
|-weather|DesolateLand|[from] ability: Desolate Land|[of] p1a: Groudon
|move|p2a: Arceus|Toxic|p1a: Groudon
|-status|p1a: Groudon|tox
|
|-weather|DesolateLand|[upkeep]
|-damage|p1a: Groudon|94/100 tox|[from] psn
|upkeep
|turn|14
|l| ImagineHavingSkill
|
|t:|1661622340
|switch|p2a: Yveltal|Yveltal|91/100 par
|-ability|p2a: Yveltal|Dark Aura
|-weather|none
|switch|p1a: Necrozma|Necrozma-Dusk-Mane|100/100
|
|upkeep
|turn|15
|
|t:|1661622347
|switch|p1a: Chansey|Chansey, F|100/100
|move|p2a: Yveltal|Dark Pulse|p1a: Chansey
|-damage|p1a: Chansey|81/100
|-damage|p2a: Yveltal|81/100 par|[from] item: Life Orb
|
|upkeep
|turn|16
|
|t:|1661622352
|cant|p2a: Yveltal|par
|move|p1a: Chansey|Aromatherapy|p1a: Chansey
|-activate|p1a: Chansey|move: Aromatherapy
|-curestatus|p1: Groudon|tox|[msg]
|
|upkeep
|turn|17
|
|t:|1661622363
|switch|p2a: Arceus|Arceus-Water|100/100
|move|p1a: Chansey|Wish|p1a: Chansey
|
|upkeep
|turn|18
|
|t:|1661622367
|switch|p2a: Yveltal|Yveltal|81/100 par
|-ability|p2a: Yveltal|Dark Aura
|switch|p1a: Zygarde|Zygarde-Complete, shiny|60/100
|
|-heal|p1a: Zygarde|100/100|[from] move: Wish|[wisher] Chansey
|upkeep
|turn|19
|
|t:|1661622374
|switch|p1a: Chansey|Chansey, F|81/100
|switch|p2a: Arceus|Arceus-Water|100/100
|
|upkeep
|turn|20
|
|t:|1661622378
|switch|p1a: Groudon|Groudon-Primal|94/100
|-weather|DesolateLand|[from] ability: Desolate Land|[of] p1a: Groudon
|move|p2a: Arceus|Toxic|p1a: Groudon
|-status|p1a: Groudon|tox
|
|-weather|DesolateLand|[upkeep]
|-damage|p1a: Groudon|88/100 tox|[from] psn
|upkeep
|turn|21
|
|t:|1661622384
|switch|p2a: Yveltal|Yveltal|81/100 par
|-ability|p2a: Yveltal|Dark Aura
|-weather|none
|switch|p1a: Chansey|Chansey, F|81/100
|
|upkeep
|turn|22
|
|t:|1661622391
|move|p2a: Yveltal|Oblivion Wing|p1a: Chansey
|-damage|p1a: Chansey|67/100
|-heal|p2a: Yveltal|96/100 par|[from] drain|[of] p1a: Chansey
|-damage|p2a: Yveltal|86/100 par|[from] item: Life Orb
|move|p1a: Chansey|Aromatherapy|p1a: Chansey
|-activate|p1a: Chansey|move: Aromatherapy
|-curestatus|p1: Groudon|tox|[msg]
|
|upkeep
|turn|23
|
|t:|1661622394
|switch|p2a: Arceus|Arceus-Water|100/100
|move|p1a: Chansey|Soft-Boiled|p1a: Chansey
|-heal|p1a: Chansey|100/100
|
|upkeep
|turn|24
|
|t:|1661622398
|move|p2a: Arceus|Toxic|p1a: Chansey|[miss]
|-miss|p2a: Arceus|p1a: Chansey
|move|p1a: Chansey|Wish|p1a: Chansey
|
|upkeep
|turn|25
|
|t:|1661622402
|switch|p2a: Yveltal|Yveltal|86/100 par
|-ability|p2a: Yveltal|Dark Aura
|switch|p1a: Groudon|Groudon-Primal|88/100
|-weather|DesolateLand|[from] ability: Desolate Land|[of] p1a: Groudon
|
|-weather|DesolateLand|[upkeep]
|-heal|p1a: Groudon|100/100|[from] move: Wish|[wisher] Chansey
|upkeep
|turn|26
|
|t:|1661622405
|move|p1a: Groudon|Eruption|p2a: Yveltal
|-damage|p2a: Yveltal|0 fnt
|faint|p2a: Yveltal
|
|-weather|DesolateLand|[upkeep]
|upkeep
|
|t:|1661622409
|switch|p2a: Rayquaza|Rayquaza, shiny|100/100
|-ability|p2a: Rayquaza|Air Lock
|turn|27
|
|t:|1661622413
|-weather|none
|switch|p1a: Necrozma|Necrozma-Dusk-Mane|100/100
|detailschange|p2a: Rayquaza|Rayquaza-Mega, shiny
|-mega|p2a: Rayquaza|Rayquaza|
|-weather|DeltaStream|[from] ability: Delta Stream|[of] p2a: Rayquaza
|move|p2a: Rayquaza|Dragon Dance|p2a: Rayquaza
|-boost|p2a: Rayquaza|atk|1
|-boost|p2a: Rayquaza|spe|1
|
|-weather|DeltaStream|[upkeep]
|upkeep
|turn|28
|
|t:|1661622418
|move|p2a: Rayquaza|Earthquake|p1a: Necrozma
|-supereffective|p1a: Necrozma
|-damage|p1a: Necrozma|42/100
|move|p1a: Necrozma|Thunder Wave|p2a: Rayquaza
|-status|p2a: Rayquaza|par
|
|-weather|DeltaStream|[upkeep]
|upkeep
|turn|29
|
|t:|1661622424
|move|p2a: Rayquaza|Dragon Dance|p2a: Rayquaza
|-boost|p2a: Rayquaza|atk|1
|-boost|p2a: Rayquaza|spe|1
|move|p1a: Necrozma|Sunsteel Strike|p2a: Rayquaza
|-damage|p2a: Rayquaza|55/100 par
|
|-weather|DeltaStream|[upkeep]
|upkeep
|turn|30
|
|t:|1661622429
|move|p2a: Rayquaza|Dragon Dance|p2a: Rayquaza
|-boost|p2a: Rayquaza|atk|1
|-boost|p2a: Rayquaza|spe|1
|move|p1a: Necrozma|Sunsteel Strike|p2a: Rayquaza
|-damage|p2a: Rayquaza|3/100 par
|
|-weather|DeltaStream|[upkeep]
|upkeep
|turn|31
|
|t:|1661622434
|switch|p1a: Zygarde|Zygarde-Complete, shiny|100/100
|move|p2a: Rayquaza|Earthquake|p1a: Zygarde
|-damage|p1a: Zygarde|57/100
|
|-weather|DeltaStream|[upkeep]
|upkeep
|turn|32
|
|t:|1661622438
|switch|p1a: Necrozma|Necrozma-Dusk-Mane|42/100
|move|p2a: Rayquaza|Dragon Ascent|p1a: Necrozma
|-resisted|p1a: Necrozma
|-damage|p1a: Necrozma|0 fnt
|-unboost|p2a: Rayquaza|def|1
|-unboost|p2a: Rayquaza|spd|1
|-damage|p2a: Rayquaza|0 fnt|[from] item: Rocky Helmet|[of] p1a: Necrozma
|faint|p1a: Necrozma
|faint|p2a: Rayquaza
|-weather|none
|
|upkeep
|
|t:|1661622446
|switch|p2a: Arceus|Arceus-Water|100/100
|switch|p1a: Arceus|Arceus-Fairy|100/100
|turn|33
|
|t:|1661622448
|move|p2a: Arceus|Toxic|p1a: Arceus|[miss]
|-miss|p2a: Arceus|p1a: Arceus
|move|p1a: Arceus|Toxic|p2a: Arceus
|-status|p2a: Arceus|tox
|
|-damage|p2a: Arceus|94/100 tox|[from] psn
|upkeep
|turn|34
|
|t:|1661622450
|switch|p1a: Chansey|Chansey, F|100/100
|move|p2a: Arceus|Toxic|p1a: Chansey
|-status|p1a: Chansey|tox
|
|-damage|p2a: Arceus|82/100 tox|[from] psn
|-damage|p1a: Chansey|94/100 tox|[from] psn
|upkeep
|turn|35
|
|t:|1661622454
|-zpower|p2a: Arceus
|move|p2a: Arceus|Hydro Vortex|p1a: Chansey|[zeffect]
|-damage|p1a: Chansey|53/100 tox
|move|p1a: Chansey|Wish|p1a: Chansey
|
|-damage|p2a: Arceus|64/100 tox|[from] psn
|-damage|p1a: Chansey|40/100 tox|[from] psn
|upkeep
|turn|36
|
|t:|1661622459
|move|p2a: Arceus|Stealth Rock|p1a: Chansey
|-sidestart|p1: Glaliegoesboom|move: Stealth Rock
|move|p1a: Chansey|Aromatherapy|p1a: Chansey
|-activate|p1a: Chansey|move: Aromatherapy
|-curestatus|p1a: Chansey|tox|[msg]
|
|-heal|p1a: Chansey|90/100|[from] move: Wish|[wisher] Chansey
|-damage|p2a: Arceus|40/100 tox|[from] psn
|upkeep
|turn|37
|j| lemoncell0
|
|t:|1661622468
|move|p2a: Arceus|Toxic|p1a: Chansey
|-status|p1a: Chansey|tox
|move|p1a: Chansey|Wish|p1a: Chansey
|
|-damage|p2a: Arceus|9/100 tox|[from] psn
|-damage|p1a: Chansey|84/100 tox|[from] psn
|upkeep
|turn|38
|
|t:|1661622476
|-curestatus|p1a: Chansey|tox|[from] ability: Natural Cure
|switch|p1a: Arceus|Arceus-Fairy|100/100
|-damage|p1a: Arceus|88/100|[from] Stealth Rock
|move|p2a: Arceus|Waterfall|p1a: Arceus
|-crit|p1a: Arceus
|-damage|p1a: Arceus|59/100
|
|-heal|p1a: Arceus|100/100|[from] move: Wish|[wisher] Chansey
|-damage|p2a: Arceus|0 fnt|[from] psn
|faint|p2a: Arceus
|upkeep
|j| ImagineHavingSkill
|
|t:|1661622484
|switch|p2a: Marshadow|Marshadow|100/100
|turn|39
|
|t:|1661622487
|move|p2a: Marshadow|Spectral Thief|p1a: Arceus
|-damage|p1a: Arceus|73/100
|move|p1a: Arceus|Will-O-Wisp|p2a: Marshadow
|-status|p2a: Marshadow|brn
|
|-damage|p2a: Marshadow|94/100 brn|[from] brn
|upkeep
|turn|40
|
|t:|1661622492
|move|p2a: Marshadow|Spectral Thief|p1a: Arceus
|-damage|p1a: Arceus|60/100
|move|p1a: Arceus|Recover|p1a: Arceus
|-heal|p1a: Arceus|100/100
|
|-damage|p2a: Marshadow|88/100 brn|[from] brn
|upkeep
|turn|41
|
|t:|1661622495
|move|p2a: Marshadow|Spectral Thief|p1a: Arceus
|-damage|p1a: Arceus|86/100
|move|p1a: Arceus|Judgment|p2a: Marshadow
|-supereffective|p2a: Marshadow
|-damage|p2a: Marshadow|0 fnt
|faint|p2a: Marshadow
|
|upkeep
|
|t:|1661622497
|switch|p2a: Calyrex|Calyrex-Shadow|100/100
|-ability|p2a: Calyrex|As One
|-ability|p2a: Calyrex|Unnerve
|turn|42
|
|t:|1661622500
|move|p2a: Calyrex|Nasty Plot|p2a: Calyrex
|-boost|p2a: Calyrex|spa|2
|move|p1a: Arceus|Toxic|p2a: Calyrex
|-status|p2a: Calyrex|tox
|
|-damage|p2a: Calyrex|94/100 tox|[from] psn
|upkeep
|turn|43
|
|t:|1661622504
|-start|p2a: Calyrex|Dynamax|
|-heal|p2a: Calyrex|94/100 tox|[silent]
|-start|p1a: Arceus|Dynamax|
|-heal|p1a: Arceus|86/100|[silent]
|move|p2a: Calyrex|Max Phantasm|p1a: Arceus
|-damage|p1a: Arceus|26/100
|-unboost|p1a: Arceus|def|1
|move|p1a: Arceus|Max Starfall|p2a: Calyrex
|-damage|p2a: Calyrex|61/100 tox
|-fieldstart|move: Misty Terrain
|
|-damage|p2a: Calyrex|55/100 tox|[from] psn
|upkeep
|turn|44
|
|t:|1661622507
|move|p1a: Arceus|Max Guard|p1a: Arceus
|-singleturn|p1a: Arceus|Max Guard
|move|p2a: Calyrex|Max Phantasm|p1a: Arceus
|-activate|p1a: Arceus|move: Max Guard
|
|-damage|p2a: Calyrex|46/100 tox|[from] psn
|upkeep
|turn|45
|
|t:|1661622509
|-end|p1a: Arceus|Dynamax
|-heal|p1a: Arceus|26/100|[silent]
|switch|p1a: Chansey|Chansey, F|84/100
|-damage|p1a: Chansey|72/100|[from] Stealth Rock
|move|p2a: Calyrex|Max Phantasm|p1a: Chansey
|-immune|p1a: Chansey
|
|-damage|p2a: Calyrex|33/100 tox|[from] psn
|upkeep
|-end|p2a: Calyrex|Dynamax
|-heal|p2a: Calyrex|33/100 tox|[silent]
|turn|46
|
|t:|1661622513
|switch|p1a: Arceus|Arceus-Dark|99/100
|-damage|p1a: Arceus|87/100|[from] Stealth Rock
|move|p2a: Calyrex|Psychic|p1a: Arceus
|-immune|p1a: Arceus
|
|-damage|p2a: Calyrex|3/100 tox|[from] psn
|upkeep
|turn|47
|c|☆FreezdXD|mf
|-message|FreezdXD forfeited.
|
|win|Glaliegoesboom
|raw|Glaliegoesboom's rating: 1832 &rarr; <strong>1847</strong><br />(+15 for winning)
|raw|FreezdXD's rating: 1746 &rarr; <strong>1731</strong><br />(-15 for losing)
|c|☆FreezdXD|well played
