|j|☆TaxFraud094
|j|☆alt1445645
|t:|1661403979
|gametype|singles
|player|p1|TaxFraud094|caitlin-masters|1842
|player|p2|alt1445645|266|1776
|teamsize|p1|6
|teamsize|p2|6
|gen|8
|tier|[Gen 8] National Dex AG
|rated|
|rule|HP Percentage Mod: HP is shown in percentages
|rule|Endless Battle Clause: Forcing endless battles is banned
|clearpoke
|poke|p1|Sableye, M|
|poke|p1|Giratina|
|poke|p1|Quagsire, F|
|poke|p1|Chansey, F|
|poke|p1|Arceus-*|
|poke|p1|Yveltal|
|poke|p2|Groudon|
|poke|p2|Rayquaza|
|poke|p2|Zygarde|
|poke|p2|Arceus-*|
|poke|p2|Calyrex-Shadow|
|poke|p2|Xerneas-*|
|teampreview
|inactive|Battle timer is ON: inactive players will automatically lose when time's up. (requested by TaxFraud094)
|c|☆TaxFraud094|glhf
|c|☆alt1445645|u2
|
|t:|1661403998
|start
|switch|p1a: Sableye|Sableye, M|100/100
|switch|p2a: Calyrex|Calyrex-Shadow|100/100
|-ability|p2a: Calyrex|As One
|-ability|p2a: Calyrex|Unnerve
|turn|1
|
|t:|1661404005
|detailschange|p1a: Sableye|Sableye-Mega, M
|-mega|p1a: Sableye|Sableye|Sablenite
|move|p1a: Sableye|Protect|p1a: Sableye
|-singleturn|p1a: Sableye|Protect
|move|p2a: Calyrex|Substitute|p2a: Calyrex
|-start|p2a: Calyrex|Substitute
|-damage|p2a: Calyrex|76/100
|
|-heal|p2a: Calyrex|82/100|[from] item: Leftovers
|upkeep
|turn|2
|
|t:|1661404011
|switch|p1a: Yveltal|Yveltal|100/100
|-ability|p1a: Yveltal|Dark Aura
|move|p2a: Calyrex|Astral Barrage|p1a: Yveltal
|-resisted|p1a: Yveltal
|-damage|p1a: Yveltal|74/100
|
|-heal|p2a: Calyrex|88/100|[from] item: Leftovers
|upkeep
|turn|3
|
|t:|1661404025
|move|p1a: Yveltal|Oblivion Wing|p2a: Calyrex
|-end|p2a: Calyrex|Substitute
|-heal|p1a: Yveltal|88/100|[from] drain|[of] p2a: Calyrex
|move|p2a: Calyrex|Leech Seed|p1a: Yveltal
|-start|p1a: Yveltal|move: Leech Seed
|
|-heal|p2a: Calyrex|94/100|[from] item: Leftovers
|-damage|p1a: Yveltal|75/100|[from] Leech Seed|[of] p2a: Calyrex
|-heal|p2a: Calyrex|100/100|[silent]
|upkeep
|turn|4
|c|☆alt1445645|scarf is interesting
|
|t:|1661404038
|move|p1a: Yveltal|Oblivion Wing|p2a: Calyrex
|-damage|p2a: Calyrex|65/100
|-heal|p1a: Yveltal|95/100|[from] drain|[of] p2a: Calyrex
|move|p2a: Calyrex|Substitute|p2a: Calyrex
|-start|p2a: Calyrex|Substitute
|-damage|p2a: Calyrex|41/100
|
|-heal|p2a: Calyrex|47/100|[from] item: Leftovers
|-damage|p1a: Yveltal|83/100|[from] Leech Seed|[of] p2a: Calyrex
|-heal|p2a: Calyrex|63/100|[silent]
|upkeep
|turn|5
|
|t:|1661404043
|move|p1a: Yveltal|Oblivion Wing|p2a: Calyrex
|-end|p2a: Calyrex|Substitute
|-heal|p1a: Yveltal|97/100|[from] drain|[of] p2a: Calyrex
|move|p2a: Calyrex|Draining Kiss|p1a: Yveltal
|-supereffective|p1a: Yveltal
|-damage|p1a: Yveltal|65/100
|-heal|p2a: Calyrex|95/100|[from] drain|[of] p1a: Yveltal
|
|-heal|p2a: Calyrex|100/100|[from] item: Leftovers
|-damage|p1a: Yveltal|53/100|[from] Leech Seed|[of] p2a: Calyrex
|upkeep
|turn|6
|
|t:|1661404050
|move|p1a: Yveltal|Oblivion Wing|p2a: Calyrex
|-damage|p2a: Calyrex|66/100
|-heal|p1a: Yveltal|72/100|[from] drain|[of] p2a: Calyrex
|move|p2a: Calyrex|Substitute|p2a: Calyrex
|-start|p2a: Calyrex|Substitute
|-damage|p2a: Calyrex|41/100
|
|-heal|p2a: Calyrex|47/100|[from] item: Leftovers
|-damage|p1a: Yveltal|60/100|[from] Leech Seed|[of] p2a: Calyrex
|-heal|p2a: Calyrex|64/100|[silent]
|upkeep
|turn|7
|j| lemoncell0
|
|t:|1661404070
|switch|p1a: Chansey|Chansey, F|100/100
|move|p2a: Calyrex|Draining Kiss|p1a: Chansey
|-crit|p1a: Chansey
|-damage|p1a: Chansey|93/100
|-heal|p2a: Calyrex|74/100|[from] drain|[of] p1a: Chansey
|
|-heal|p2a: Calyrex|81/100|[from] item: Leftovers
|upkeep
|turn|8
|
|t:|1661404078
|move|p2a: Calyrex|Leech Seed|p1a: Chansey
|-start|p1a: Chansey|move: Leech Seed
|move|p1a: Chansey|Confide|p2a: Calyrex
|-unboost|p2a: Calyrex|spa|1
|
|-heal|p2a: Calyrex|87/100|[from] item: Leftovers
|-damage|p1a: Chansey|81/100|[from] Leech Seed|[of] p2a: Calyrex
|-heal|p2a: Calyrex|100/100|[silent]
|upkeep
|turn|9
|
|t:|1661404085
|switch|p2a: Shi Oh You|Zygarde, shiny|100/100
|move|p1a: Chansey|Confide|p2a: Shi Oh You
|-unboost|p2a: Shi Oh You|spa|1
|
|-damage|p1a: Chansey|68/100|[from] Leech Seed|[of] p2a: Shi Oh You
|upkeep
|turn|10
|
|t:|1661404094
|switch|p1a: Quagsire|Quagsire, F|100/100
|move|p2a: Shi Oh You|Substitute|p2a: Shi Oh You
|-start|p2a: Shi Oh You|Substitute
|-damage|p2a: Shi Oh You|75/100
|
|-heal|p2a: Shi Oh You|82/100|[from] item: Leftovers
|upkeep
|turn|11
|
|t:|1661404099
|move|p2a: Shi Oh You|Glare|p1a: Quagsire
|-status|p1a: Quagsire|par
|cant|p1a: Quagsire|par
|
|-heal|p2a: Shi Oh You|88/100|[from] item: Leftovers
|upkeep
|turn|12
|
|t:|1661404105
|move|p2a: Shi Oh You|Thousand Arrows|p1a: Quagsire
|-damage|p1a: Quagsire|78/100 par
|move|p1a: Quagsire|Scald|p2a: Shi Oh You
|-activate|p2a: Shi Oh You|move: Substitute|[damage]
|
|-heal|p2a: Shi Oh You|94/100|[from] item: Leftovers
|-heal|p1a: Quagsire|84/100 par|[from] item: Leftovers
|upkeep
|turn|13
|c|☆alt1445645|hmm this team doesnt deal with chancey well
|
|t:|1661404128
|move|p2a: Shi Oh You|Dragon Dance|p2a: Shi Oh You
|-boost|p2a: Shi Oh You|atk|1
|-boost|p2a: Shi Oh You|spe|1
|move|p1a: Quagsire|Earthquake|p2a: Shi Oh You
|-end|p2a: Shi Oh You|Substitute
|
|-heal|p2a: Shi Oh You|99/100|[from] item: Leftovers
|-heal|p1a: Quagsire|90/100 par|[from] item: Leftovers
|upkeep
|turn|14
|
|t:|1661404132
|move|p2a: Shi Oh You|Substitute|p2a: Shi Oh You
|-start|p2a: Shi Oh You|Substitute
|-damage|p2a: Shi Oh You|75/100
|move|p1a: Quagsire|Haze|p1a: Quagsire
|-clearallboost
|
|-heal|p2a: Shi Oh You|81/100|[from] item: Leftovers
|-heal|p1a: Quagsire|96/100 par|[from] item: Leftovers
|upkeep
|turn|15
|
|t:|1661404143
|move|p2a: Shi Oh You|Thousand Arrows|p1a: Quagsire
|-damage|p1a: Quagsire|73/100 par
|move|p1a: Quagsire|Earthquake|p2a: Shi Oh You
|-activate|p2a: Shi Oh You|move: Substitute|[damage]
|
|-heal|p2a: Shi Oh You|88/100|[from] item: Leftovers
|-heal|p1a: Quagsire|79/100 par|[from] item: Leftovers
|upkeep
|turn|16
|
|t:|1661404148
|move|p2a: Shi Oh You|Thousand Arrows|p1a: Quagsire
|-damage|p1a: Quagsire|58/100 par
|cant|p1a: Quagsire|par
|
|-heal|p2a: Shi Oh You|94/100|[from] item: Leftovers
|-heal|p1a: Quagsire|64/100 par|[from] item: Leftovers
|upkeep
|turn|17
|
|t:|1661404151
|move|p2a: Shi Oh You|Thousand Arrows|p1a: Quagsire
|-damage|p1a: Quagsire|43/100 par
|cant|p1a: Quagsire|par
|
|-heal|p2a: Shi Oh You|99/100|[from] item: Leftovers
|-heal|p1a: Quagsire|49/100 par|[from] item: Leftovers
|upkeep
|turn|18
|
|t:|1661404162
|switch|p2a: Pneuma|Rayquaza|100/100
|-ability|p2a: Pneuma|Air Lock
|move|p1a: Quagsire|Recover|p1a: Quagsire
|-heal|p1a: Quagsire|99/100 par
|
|-heal|p1a: Quagsire|100/100 par|[from] item: Leftovers
|upkeep
|turn|19
|c| lemoncell0|ayo nice stall btw
|
|t:|1661404165
|switch|p1a: Arceus|Arceus-Rock|100/100
|detailschange|p2a: Pneuma|Rayquaza-Mega
|-mega|p2a: Pneuma|Rayquaza|
|-weather|DeltaStream|[from] ability: Delta Stream|[of] p2a: Pneuma
|move|p2a: Pneuma|Dragon Dance|p2a: Pneuma
|-boost|p2a: Pneuma|atk|1
|-boost|p2a: Pneuma|spe|1
|
|-weather|DeltaStream|[upkeep]
|upkeep
|turn|20
|c|☆alt1445645|o thats cool
|
|t:|1661404173
|move|p2a: Pneuma|Earthquake|p1a: Arceus
|-supereffective|p1a: Arceus
|-damage|p1a: Arceus|1/100
|move|p1a: Arceus|Will-O-Wisp|p2a: Pneuma|[miss]
|-miss|p1a: Arceus|p2a: Pneuma
|
|-weather|DeltaStream|[upkeep]
|upkeep
|turn|21
|
|t:|1661404184
|switch|p1a: Yveltal|Yveltal|60/100
|-ability|p1a: Yveltal|Dark Aura
|move|p2a: Pneuma|Earthquake|p1a: Yveltal
|-immune|p1a: Yveltal
|
|-weather|DeltaStream|[upkeep]
|upkeep
|turn|22
|
|t:|1661404190
|switch|p1a: Giratina|Giratina|100/100
|-ability|p1a: Giratina|Pressure
|move|p2a: Pneuma|Dragon Ascent|p1a: Giratina
|-damage|p1a: Giratina|41/100
|-unboost|p2a: Pneuma|def|1
|-unboost|p2a: Pneuma|spd|1
|
|-weather|DeltaStream|[upkeep]
|-heal|p1a: Giratina|48/100|[from] item: Leftovers
|upkeep
|turn|23
|c|☆TaxFraud094|fucking hell
|
|t:|1661404215
|switch|p1a: Arceus|Arceus-Rock|1/100
|move|p2a: Pneuma|Dragon Ascent|p1a: Arceus
|-resisted|p1a: Arceus
|-damage|p1a: Arceus|0 fnt
|-unboost|p2a: Pneuma|def|1
|-unboost|p2a: Pneuma|spd|1
|faint|p1a: Arceus
|
|-weather|DeltaStream|[upkeep]
|upkeep
|
|t:|1661404222
|switch|p1a: Quagsire|Quagsire, F|100/100 par
|turn|24
|
|t:|1661404226
|move|p2a: Pneuma|Dragon Ascent|p1a: Quagsire
|-damage|p1a: Quagsire|44/100 par
|-unboost|p2a: Pneuma|def|1
|-unboost|p2a: Pneuma|spd|1
|move|p1a: Quagsire|Haze|p1a: Quagsire
|-clearallboost
|
|-weather|DeltaStream|[upkeep]
|-heal|p1a: Quagsire|50/100 par|[from] item: Leftovers
|upkeep
|turn|25
|
|t:|1661404237
|move|p2a: Pneuma|Dragon Ascent|p1a: Quagsire
|-damage|p1a: Quagsire|0 fnt
|-unboost|p2a: Pneuma|def|1
|-unboost|p2a: Pneuma|spd|1
|faint|p1a: Quagsire
|
|-weather|DeltaStream|[upkeep]
|upkeep
|
|t:|1661404245
|switch|p1a: Sableye|Sableye-Mega, M|100/100
|turn|26
|
|t:|1661404261
|-weather|none
|switch|p2a: Pyra|Groudon|100/100
|detailschange|p2a: Pyra|Groudon-Primal
|-primal|p2a: Pyra
|-weather|DesolateLand|[from] ability: Desolate Land|[of] p2a: Pyra
|move|p1a: Sableye|Will-O-Wisp|p2a: Pyra
|-immune|p2a: Pyra
|
|-weather|DesolateLand|[upkeep]
|upkeep
|turn|27
|
|t:|1661404265
|switch|p1a: Giratina|Giratina|48/100
|-ability|p1a: Giratina|Pressure
|move|p2a: Pyra|Heat Crash|p1a: Giratina
|-resisted|p1a: Giratina
|-crit|p1a: Giratina
|-damage|p1a: Giratina|34/100
|
|-weather|DesolateLand|[upkeep]
|-heal|p1a: Giratina|40/100|[from] item: Leftovers
|upkeep
|turn|28
|c|☆alt1445645|whats reg gira for?
|
|t:|1661404278
|move|p2a: Pyra|Thunder Wave|p1a: Giratina
|-status|p1a: Giratina|par
|cant|p1a: Giratina|par
|
|-weather|DesolateLand|[upkeep]
|-heal|p1a: Giratina|46/100 par|[from] item: Leftovers
|upkeep
|turn|29
|
|t:|1661404281
|move|p2a: Pyra|Stealth Rock|p1a: Giratina
|-sidestart|p1: TaxFraud094|move: Stealth Rock
|move|p1a: Giratina|Toxic|p2a: Pyra
|-status|p2a: Pyra|tox
|
|-weather|DesolateLand|[upkeep]
|-heal|p1a: Giratina|52/100 par|[from] item: Leftovers
|-damage|p2a: Pyra|94/100 tox|[from] psn
|upkeep
|turn|30
|
|t:|1661404302
|-weather|none
|switch|p2a: Pneuma|Rayquaza-Mega|100/100
|-weather|DeltaStream|[from] ability: Delta Stream|[of] p2a: Pneuma
|move|p1a: Giratina|Defog|p2a: Pneuma
|-unboost|p2a: Pneuma|evasion|1
|-sideend|p1: TaxFraud094|Stealth Rock|[from] move: Defog|[of] p1a: Giratina
|
|-weather|DeltaStream|[upkeep]
|-heal|p1a: Giratina|59/100 par|[from] item: Leftovers
|upkeep
|turn|31
|
|t:|1661404308
|move|p2a: Pneuma|Dragon Dance|p2a: Pneuma
|-boost|p2a: Pneuma|atk|1
|-boost|p2a: Pneuma|spe|1
|move|p1a: Giratina|Will-O-Wisp|p2a: Pneuma
|-status|p2a: Pneuma|brn
|
|-weather|DeltaStream|[upkeep]
|-heal|p1a: Giratina|65/100 par|[from] item: Leftovers
|-damage|p2a: Pneuma|95/100 brn|[from] brn
|upkeep
|turn|32
|
|t:|1661404315
|switch|p1a: Sableye|Sableye-Mega, M|100/100
|move|p2a: Pneuma|Dragon Dance|p2a: Pneuma
|-boost|p2a: Pneuma|atk|1
|-boost|p2a: Pneuma|spe|1
|
|-weather|DeltaStream|[upkeep]
|-damage|p2a: Pneuma|89/100 brn|[from] brn
|upkeep
|turn|33
|
|t:|1661404318
|move|p2a: Pneuma|Dragon Ascent|p1a: Sableye
|-damage|p1a: Sableye|41/100
|-unboost|p2a: Pneuma|def|1
|-unboost|p2a: Pneuma|spd|1
|move|p1a: Sableye|Foul Play|p2a: Pneuma
|-damage|p2a: Pneuma|0 fnt
|faint|p2a: Pneuma
|-weather|none
|
|upkeep
|
|t:|1661404328
|switch|p2a: Calyrex|Calyrex-Shadow|100/100
|-ability|p2a: Calyrex|As One
|-ability|p2a: Calyrex|Unnerve
|turn|34
|
|t:|1661404337
|switch|p1a: Chansey|Chansey, F|68/100
|move|p2a: Calyrex|Draining Kiss|p1a: Chansey
|-damage|p1a: Chansey|63/100
|
|upkeep
|turn|35
|
|t:|1661404343
|switch|p2a: Pyra|Groudon-Primal|94/100 tox
|-weather|DesolateLand|[from] ability: Desolate Land|[of] p2a: Pyra
|move|p1a: Chansey|Soft-Boiled|p1a: Chansey
|-heal|p1a: Chansey|100/100
|
|-weather|DesolateLand|[upkeep]
|-damage|p2a: Pyra|88/100 tox|[from] psn
|upkeep
|turn|36
|
|t:|1661404356
|-weather|none
|switch|p2a: Shi Oh You|Zygarde, shiny|99/100
|switch|p1a: Giratina|Giratina|65/100 par
|-ability|p1a: Giratina|Pressure
|
|-heal|p2a: Shi Oh You|100/100|[from] item: Leftovers
|-heal|p1a: Giratina|71/100 par|[from] item: Leftovers
|upkeep
|turn|37
|c|☆TaxFraud094|that god damn will o wisp miss
|c|☆alt1445645|ye that kinda screwed you
|
|t:|1661404370
|switch|p1a: Sableye|Sableye-Mega, M|41/100
|move|p2a: Shi Oh You|Substitute|p2a: Shi Oh You
|-start|p2a: Shi Oh You|Substitute
|-damage|p2a: Shi Oh You|75/100
|
|-heal|p2a: Shi Oh You|82/100|[from] item: Leftovers
|upkeep
|turn|38
|c|☆alt1445645|does glare work on magic bounce?
|c|☆TaxFraud094|no
|
|t:|1661404393
|move|p2a: Shi Oh You|Thousand Arrows|p1a: Sableye
|-damage|p1a: Sableye|18/100
|move|p1a: Sableye|Recover|p1a: Sableye
|-heal|p1a: Sableye|68/100
|
|-heal|p2a: Shi Oh You|88/100|[from] item: Leftovers
|upkeep
|turn|39
|
|t:|1661404397
|move|p2a: Shi Oh You|Dragon Dance|p2a: Shi Oh You
|-boost|p2a: Shi Oh You|atk|1
|-boost|p2a: Shi Oh You|spe|1
|move|p1a: Sableye|Recover|p1a: Sableye
|-heal|p1a: Sableye|100/100
|
|-heal|p2a: Shi Oh You|94/100|[from] item: Leftovers
|upkeep
|turn|40
|
|t:|1661404403
|move|p2a: Shi Oh You|Dragon Dance|p2a: Shi Oh You
|-boost|p2a: Shi Oh You|atk|1
|-boost|p2a: Shi Oh You|spe|1
|move|p1a: Sableye|Foul Play|p2a: Shi Oh You
|-end|p2a: Shi Oh You|Substitute
|
|-heal|p2a: Shi Oh You|99/100|[from] item: Leftovers
|upkeep
|turn|41
|
|t:|1661404406
|move|p2a: Shi Oh You|Thousand Arrows|p1a: Sableye
|-damage|p1a: Sableye|57/100
|move|p1a: Sableye|Foul Play|p2a: Shi Oh You
|-damage|p2a: Shi Oh You|64/100
|
|-heal|p2a: Shi Oh You|70/100|[from] item: Leftovers
|upkeep
|turn|42
|
|t:|1661404414
|move|p2a: Shi Oh You|Thousand Arrows|p1a: Sableye
|-damage|p1a: Sableye|10/100
|move|p1a: Sableye|Recover|p1a: Sableye
|-heal|p1a: Sableye|60/100
|
|-heal|p2a: Shi Oh You|76/100|[from] item: Leftovers
|upkeep
|turn|43
|
|t:|1661404418
|move|p2a: Shi Oh You|Dragon Dance|p2a: Shi Oh You
|-boost|p2a: Shi Oh You|atk|1
|-boost|p2a: Shi Oh You|spe|1
|move|p1a: Sableye|Foul Play|p2a: Shi Oh You
|-damage|p2a: Shi Oh You|29/100
|
|-heal|p2a: Shi Oh You|35/100|[from] item: Leftovers
|-activate|p2a: Shi Oh You|ability: Power Construct
|detailschange|p2a: Shi Oh You|Zygarde-Complete, shiny
|-heal|p2a: Shi Oh You|57/100|[silent]
|upkeep
|turn|44
|
|t:|1661404423
|move|p2a: Shi Oh You|Thousand Arrows|p1a: Sableye
|-damage|p1a: Sableye|5/100
|move|p1a: Sableye|Will-O-Wisp|p2a: Shi Oh You
|-status|p2a: Shi Oh You|brn
|
|-heal|p2a: Shi Oh You|64/100 brn|[from] item: Leftovers
|-damage|p2a: Shi Oh You|57/100 brn|[from] brn
|upkeep
|turn|45
|
|t:|1661404429
|switch|p1a: Giratina|Giratina|71/100 par
|-ability|p1a: Giratina|Pressure
|move|p2a: Shi Oh You|Thousand Arrows|p1a: Giratina
|-damage|p1a: Giratina|55/100 par
|
|-heal|p2a: Shi Oh You|64/100 brn|[from] item: Leftovers
|-heal|p1a: Giratina|61/100 par|[from] item: Leftovers
|-damage|p2a: Shi Oh You|57/100 brn|[from] brn
|upkeep
|turn|46
|
|t:|1661404436
|move|p2a: Shi Oh You|Substitute|p2a: Shi Oh You
|-start|p2a: Shi Oh You|Substitute
|-damage|p2a: Shi Oh You|32/100 brn
|move|p1a: Giratina|Rest|p1a: Giratina
|-status|p1a: Giratina|slp|[from] move: Rest
|-heal|p1a: Giratina|100/100 slp|[silent]
|
|-heal|p2a: Shi Oh You|39/100 brn|[from] item: Leftovers
|-damage|p2a: Shi Oh You|32/100 brn|[from] brn
|upkeep
|turn|47
|c|☆TaxFraud094|that Will-O-Wisp miss cost me the entire fucking game
|c|☆alt1445645|u want the elo lol?
|c|☆alt1445645|idc about this acc
|c|☆TaxFraud094|no
|inactive|TaxFraud094 has 120 seconds left.
|c|☆alt1445645|im just testing out this team for a friend
|
|t:|1661404474
|switch|p1a: Yveltal|Yveltal|60/100
|-ability|p1a: Yveltal|Dark Aura
|move|p2a: Shi Oh You|Dragon Dance|p2a: Shi Oh You
|-boost|p2a: Shi Oh You|atk|1
|-boost|p2a: Shi Oh You|spe|1
|
|-heal|p2a: Shi Oh You|39/100 brn|[from] item: Leftovers
|-damage|p2a: Shi Oh You|32/100 brn|[from] brn
|upkeep
|turn|48
|inactive|TaxFraud094 has 120 seconds left.
|c|☆alt1445645|i think it needs like a mixed attacker
|
|t:|1661404496
|move|p2a: Shi Oh You|Glare|p1a: Yveltal
|-status|p1a: Yveltal|par
|cant|p1a: Yveltal|par
|
|-heal|p2a: Shi Oh You|39/100 brn|[from] item: Leftovers
|-damage|p2a: Shi Oh You|32/100 brn|[from] brn
|upkeep
|turn|49
|c|☆TaxFraud094|end me
|inactive|TaxFraud094 has 120 seconds left.
|
|t:|1661404507
|move|p2a: Shi Oh You|Thousand Arrows|p1a: Yveltal
|-damage|p1a: Yveltal|22/100 par
|-start|p1a: Yveltal|Smack Down
|move|p1a: Yveltal|Foul Play|p2a: Shi Oh You
|-end|p2a: Shi Oh You|Substitute
|
|-heal|p2a: Shi Oh You|39/100 brn|[from] item: Leftovers
|-damage|p2a: Shi Oh You|32/100 brn|[from] brn
|upkeep
|turn|50
|
|t:|1661404513
|move|p2a: Shi Oh You|Thousand Arrows|p1a: Yveltal
|-damage|p1a: Yveltal|0 fnt
|faint|p1a: Yveltal
|
|-heal|p2a: Shi Oh You|39/100 brn|[from] item: Leftovers
|-damage|p2a: Shi Oh You|32/100 brn|[from] brn
|upkeep
|
|t:|1661404516
|switch|p1a: Chansey|Chansey, F|100/100
|turn|51
|j| Testing teams 596
|c|☆TaxFraud094|literally nothing I can do because of one single 15%
|inactive|TaxFraud094 has 120 seconds left.
|
|t:|1661404544
|move|p2a: Shi Oh You|Thousand Arrows|p1a: Chansey
|-damage|p1a: Chansey|66/100
|move|p1a: Chansey|Toxic||[still]
|-fail|p1a: Chansey
|
|-heal|p2a: Shi Oh You|39/100 brn|[from] item: Leftovers
|-damage|p2a: Shi Oh You|32/100 brn|[from] brn
|upkeep
|turn|52
|inactive|TaxFraud094 has 120 seconds left.
|
|t:|1661404549
|move|p2a: Shi Oh You|Dragon Dance|p2a: Shi Oh You
|-boost|p2a: Shi Oh You|atk|1
|-boost|p2a: Shi Oh You|spe|1
|move|p1a: Chansey|Soft-Boiled|p1a: Chansey
|-heal|p1a: Chansey|100/100
|
|-heal|p2a: Shi Oh You|39/100 brn|[from] item: Leftovers
|-damage|p2a: Shi Oh You|32/100 brn|[from] brn
|upkeep
|turn|53
|
|t:|1661404553
|switch|p1a: Giratina|Giratina|100/100 slp
|-ability|p1a: Giratina|Pressure
|move|p2a: Shi Oh You|Dragon Dance|p2a: Shi Oh You
|-boost|p2a: Shi Oh You|atk|1
|-boost|p2a: Shi Oh You|spe|1
|
|-heal|p2a: Shi Oh You|39/100 brn|[from] item: Leftovers
|-damage|p2a: Shi Oh You|32/100 brn|[from] brn
|upkeep
|turn|54
|
|t:|1661404558
|move|p2a: Shi Oh You|Thousand Arrows|p1a: Giratina
|-damage|p1a: Giratina|71/100 slp
|cant|p1a: Giratina|slp
|
|-heal|p2a: Shi Oh You|39/100 brn|[from] item: Leftovers
|-heal|p1a: Giratina|77/100 slp|[from] item: Leftovers
|-damage|p2a: Shi Oh You|32/100 brn|[from] brn
|upkeep
|turn|55
|c| Testing teams 596|Yawn
|
|t:|1661404568
|move|p2a: Shi Oh You|Thousand Arrows|p1a: Giratina
|-damage|p1a: Giratina|50/100 slp
|cant|p1a: Giratina|slp
|
|-heal|p2a: Shi Oh You|39/100 brn|[from] item: Leftovers
|-heal|p1a: Giratina|56/100 slp|[from] item: Leftovers
|-damage|p2a: Shi Oh You|32/100 brn|[from] brn
|upkeep
|turn|56
|
|t:|1661404574
|switch|p1a: Sableye|Sableye-Mega, M|5/100
|move|p2a: Shi Oh You|Substitute|p2a: Shi Oh You
|-start|p2a: Shi Oh You|Substitute
|-damage|p2a: Shi Oh You|7/100 brn
|
|-heal|p2a: Shi Oh You|14/100 brn|[from] item: Leftovers
|-damage|p2a: Shi Oh You|7/100 brn|[from] brn
|upkeep
|turn|57
|
|t:|1661404591
|switch|p2a: Pyra|Groudon-Primal|88/100 tox
|-weather|DesolateLand|[from] ability: Desolate Land|[of] p2a: Pyra
|move|p1a: Sableye|Recover|p1a: Sableye
|-heal|p1a: Sableye|55/100
|
|-weather|DesolateLand|[upkeep]
|-damage|p2a: Pyra|82/100 tox|[from] psn
|upkeep
|turn|58
|
|t:|1661404610
|-weather|none
|switch|p2a: Calyrex|Calyrex-Shadow|100/100
|-ability|p2a: Calyrex|As One
|-ability|p2a: Calyrex|Unnerve
|move|p1a: Sableye|Protect||[still]
|-fail|p1a: Sableye
|
|upkeep
|turn|59
|
|t:|1661404618
|switch|p1a: Chansey|Chansey, F|100/100
|move|p2a: Calyrex|Substitute|p2a: Calyrex
|-start|p2a: Calyrex|Substitute
|-damage|p2a: Calyrex|76/100
|
|-heal|p2a: Calyrex|82/100|[from] item: Leftovers
|upkeep
|turn|60
|
|t:|1661404621
|move|p2a: Calyrex|Leech Seed|p1a: Chansey
|-start|p1a: Chansey|move: Leech Seed
|move|p1a: Chansey|Confide|p2a: Calyrex
|-unboost|p2a: Calyrex|spa|1
|
|-heal|p2a: Calyrex|88/100|[from] item: Leftovers
|-damage|p1a: Chansey|88/100|[from] Leech Seed|[of] p2a: Calyrex
|-heal|p2a: Calyrex|100/100|[silent]
|upkeep
|turn|61
|c|☆alt1445645|ima have to stall out ur heals
|c|☆TaxFraud094|ok
|c|☆TaxFraud094|better than getting your pity elo
|inactive|alt1445645 has 120 seconds left.
|c|☆alt1445645|maaan i didnt mean it like that lmao
|
|t:|1661404668
|move|p2a: Calyrex|Draining Kiss|p1a: Chansey
|-damage|p1a: Chansey|84/100
|move|p1a: Chansey|Confide|p2a: Calyrex
|-unboost|p2a: Calyrex|spa|1
|
|-damage|p1a: Chansey|72/100|[from] Leech Seed|[of] p2a: Calyrex
|upkeep
|turn|62
|
|t:|1661404679
|switch|p2a: Pyra|Groudon-Primal|82/100 tox
|-weather|DesolateLand|[from] ability: Desolate Land|[of] p2a: Pyra
|move|p1a: Chansey|Soft-Boiled|p1a: Chansey
|-heal|p1a: Chansey|100/100
|
|-weather|DesolateLand|[upkeep]
|-damage|p1a: Chansey|88/100|[from] Leech Seed|[of] p2a: Pyra
|-heal|p2a: Pyra|100/100 tox|[silent]
|-damage|p2a: Pyra|94/100 tox|[from] psn
|upkeep
|turn|63
|
|t:|1661404685
|switch|p1a: Giratina|Giratina|56/100 slp
|-ability|p1a: Giratina|Pressure
|move|p2a: Pyra|Heat Crash|p1a: Giratina
|-resisted|p1a: Giratina
|-damage|p1a: Giratina|46/100 slp
|
|-weather|DesolateLand|[upkeep]
|-heal|p1a: Giratina|52/100 slp|[from] item: Leftovers
|-damage|p2a: Pyra|82/100 tox|[from] psn
|upkeep
|turn|64
|
|t:|1661404689
|move|p2a: Pyra|Stealth Rock|p1a: Giratina
|-sidestart|p1: TaxFraud094|move: Stealth Rock
|-curestatus|p1a: Giratina|slp|[msg]
|move|p1a: Giratina|Rest|p1a: Giratina
|-status|p1a: Giratina|slp|[from] move: Rest
|-heal|p1a: Giratina|100/100 slp|[silent]
|
|-weather|DesolateLand|[upkeep]
|-damage|p2a: Pyra|64/100 tox|[from] psn
|upkeep
|turn|65
|
|t:|1661404696
|-weather|none
|switch|p2a: Calyrex|Calyrex-Shadow|100/100
|-ability|p2a: Calyrex|As One
|-ability|p2a: Calyrex|Unnerve
|cant|p1a: Giratina|slp
|
|upkeep
|turn|66
|
|t:|1661404711
|switch|p1a: Chansey|Chansey, F|88/100
|-damage|p1a: Chansey|76/100|[from] Stealth Rock
|move|p2a: Calyrex|Leech Seed|p1a: Chansey|[miss]
|-miss|p2a: Calyrex|p1a: Chansey
|
|upkeep
|turn|67
|c|☆TaxFraud094|it's what it sounded like you meant
|c| Testing teams 596|I am surprised only 66 turns
|
|t:|1661404725
|switch|p1a: Sableye|Sableye-Mega, M|55/100
|-damage|p1a: Sableye|42/100|[from] Stealth Rock
|move|p2a: Calyrex|Substitute|p2a: Calyrex
|-start|p2a: Calyrex|Substitute
|-damage|p2a: Calyrex|76/100
|
|-heal|p2a: Calyrex|82/100|[from] item: Leftovers
|upkeep
|turn|68
|c|☆alt1445645|im not sure if u care about elo im just trying to test out stuff
|
|t:|1661404740
|move|p1a: Sableye|Protect|p1a: Sableye
|-singleturn|p1a: Sableye|Protect
|move|p2a: Calyrex|Astral Barrage|p1a: Sableye
|-activate|p1a: Sableye|move: Protect
|
|-heal|p2a: Calyrex|88/100|[from] item: Leftovers
|upkeep
|turn|69
|c| Testing teams 596|Like i was just in 100 turn match
|c| Testing teams 596|Ferrothorn vs ferrothorn
|inactive|TaxFraud094 has 120 seconds left.
|c|☆TaxFraud094|i do care but you forfeiting wouldn't make me happy
|
|t:|1661404783
|switch|p1a: Chansey|Chansey, F|76/100
|-damage|p1a: Chansey|63/100|[from] Stealth Rock
|move|p2a: Calyrex|Draining Kiss|p1a: Chansey
|-damage|p1a: Chansey|58/100
|-heal|p2a: Calyrex|95/100|[from] drain|[of] p1a: Chansey
|
|-heal|p2a: Calyrex|100/100|[from] item: Leftovers
|upkeep
|turn|70
|c|☆alt1445645|ye but think about it like this
|c|☆alt1445645|the game could of been completely dif if got will o'd
|c| Testing teams 596|Offer draw
|c|☆alt1445645|so like dont feel bad?
|
|t:|1661404804
|move|p2a: Calyrex|Leech Seed|p1a: Chansey
|-start|p1a: Chansey|move: Leech Seed
|move|p1a: Chansey|Confide|p2a: Calyrex
|-unboost|p2a: Calyrex|spa|1
|
|-damage|p1a: Chansey|46/100|[from] Leech Seed|[of] p2a: Calyrex
|upkeep
|turn|71
|c| Testing teams 596|After 100
|c| Testing teams 596|Turn
|c|☆TaxFraud094|a draw just makes me lose ELO
|inactive|alt1445645 has 120 seconds left.
|c|☆alt1445645|does it?
|
|t:|1661404824
|move|p2a: Calyrex|Draining Kiss|p1a: Chansey
|-damage|p1a: Chansey|42/100
|move|p1a: Chansey|Soft-Boiled|p1a: Chansey
|-heal|p1a: Chansey|92/100
|
|-damage|p1a: Chansey|79/100|[from] Leech Seed|[of] p2a: Calyrex
|upkeep
|turn|72
|c|☆TaxFraud094|since I have a higher rating
|inactive|alt1445645 has 120 seconds left.
|
|t:|1661404835
|move|p2a: Calyrex|Draining Kiss|p1a: Chansey
|-damage|p1a: Chansey|76/100
|move|p1a: Chansey|Heal Bell|p1a: Chansey
|-activate|p1a: Chansey|move: Heal Bell
|-curestatus|p1: Giratina|slp|[msg]
|
|-damage|p1a: Chansey|64/100|[from] Leech Seed|[of] p2a: Calyrex
|upkeep
|turn|73
|c| Testing teams 596|I thought sean was higher
|c| Testing teams 596|Lol
|c| lemoncell0|this game is still going on>
|c|☆alt1445645|on my main prob
|inactive|alt1445645 has 120 seconds left.
|c|☆TaxFraud094|its his alt
|
|t:|1661404851
|switch|p2a: Pyra|Groudon-Primal|64/100 tox
|-weather|DesolateLand|[from] ability: Desolate Land|[of] p2a: Pyra
|move|p1a: Chansey|Soft-Boiled|p1a: Chansey
|-heal|p1a: Chansey|100/100
|
|-weather|DesolateLand|[upkeep]
|-damage|p1a: Chansey|88/100|[from] Leech Seed|[of] p2a: Pyra
|-heal|p2a: Pyra|84/100 tox|[silent]
|-damage|p2a: Pyra|78/100 tox|[from] psn
|upkeep
|turn|74
|
|t:|1661404855
|-weather|none
|switch|p2a: Xerneas|Xerneas|100/100
|-ability|p2a: Xerneas|Fairy Aura
|switch|p1a: Giratina|Giratina|100/100
|-damage|p1a: Giratina|88/100|[from] Stealth Rock
|-ability|p1a: Giratina|Pressure
|
|-heal|p1a: Giratina|94/100|[from] item: Leftovers
|upkeep
|turn|75
|
|t:|1661404862
|move|p2a: Xerneas|Geomancy||[still]
|-prepare|p2a: Xerneas|Geomancy
|-enditem|p2a: Xerneas|Power Herb
|-anim|p2a: Xerneas|Geomancy|p2a: Xerneas
|-boost|p2a: Xerneas|spa|2
|-boost|p2a: Xerneas|spd|2
|-boost|p2a: Xerneas|spe|2
|move|p1a: Giratina|Toxic|p2a: Xerneas
|-status|p2a: Xerneas|tox
|
|-heal|p1a: Giratina|100/100|[from] item: Leftovers
|-damage|p2a: Xerneas|94/100 tox|[from] psn
|upkeep
|turn|76
|
|t:|1661404871
|switch|p1a: Chansey|Chansey, F|88/100
|-damage|p1a: Chansey|76/100|[from] Stealth Rock
|-start|p2a: Xerneas|Dynamax|
|-heal|p2a: Xerneas|94/100 tox|[silent]
|move|p2a: Xerneas|Max Starfall|p1a: Chansey
|-damage|p1a: Chansey|38/100
|-fieldstart|move: Misty Terrain
|
|-damage|p2a: Xerneas|88/100 tox|[from] psn
|upkeep
|turn|77
|c| Testing teams 596|My mstch ended comparatively quickly
|c| Testing teams 596|Another same rool
|c| Testing teams 596|Pls
|
|t:|1661404898
|switch|p1a: Sableye|Sableye-Mega, M|42/100
|-damage|p1a: Sableye|30/100|[from] Stealth Rock
|move|p2a: Xerneas|Max Starfall|p1a: Sableye
|-supereffective|p1a: Sableye
|-damage|p1a: Sableye|0 fnt
|faint|p1a: Sableye
|
|-damage|p2a: Xerneas|79/100 tox|[from] psn
|upkeep
|c| Testing teams 596|God
|inactive|TaxFraud094 has 120 seconds left.
|c| Testing teams 596|Ok he just threw
|c|☆TaxFraud094|it KOd anyway
|
|t:|1661404930
|switch|p1a: Chansey|Chansey, F|38/100
|-damage|p1a: Chansey|26/100|[from] Stealth Rock
|turn|78
|c| Testing teams 596|Depends on rolls
|
|t:|1661404934
|-start|p1a: Chansey|Dynamax|
|-heal|p1a: Chansey|26/100|[silent]
|move|p1a: Chansey|Max Guard|p1a: Chansey
|-singleturn|p1a: Chansey|Max Guard
|move|p2a: Xerneas|Max Starfall|p1a: Chansey
|-activate|p1a: Chansey|move: Max Guard
|
|-damage|p2a: Xerneas|67/100 tox|[from] psn
|upkeep
|-end|p2a: Xerneas|Dynamax
|-heal|p2a: Xerneas|67/100 tox|[silent]
|turn|79
|c| Testing teams 596|Lll
|
|t:|1661404947
|switch|p2a: Shi Oh You|Zygarde-Complete, shiny|7/100 brn
|move|p1a: Chansey|Max Guard||[still]
|-fail|p1a: Chansey
|
|-heal|p2a: Shi Oh You|14/100 brn|[from] item: Leftovers
|-damage|p2a: Shi Oh You|7/100 brn|[from] brn
|upkeep
|turn|80
|
|t:|1661404951
|move|p1a: Chansey|Max Guard|p1a: Chansey
|-singleturn|p1a: Chansey|Max Guard
|move|p2a: Shi Oh You|Glare|p1a: Chansey
|-activate|p1a: Chansey|move: Max Guard
|
|-heal|p2a: Shi Oh You|14/100 brn|[from] item: Leftovers
|-damage|p2a: Shi Oh You|7/100 brn|[from] brn
|-fieldend|Misty Terrain
|upkeep
|-end|p1a: Chansey|Dynamax
|-heal|p1a: Chansey|26/100|[silent]
|turn|81
|
|t:|1661404958
|move|p2a: Shi Oh You|Glare|p1a: Chansey
|-status|p1a: Chansey|par
|cant|p1a: Chansey|par
|
|-heal|p2a: Shi Oh You|14/100 brn|[from] item: Leftovers
|-damage|p2a: Shi Oh You|7/100 brn|[from] brn
|upkeep
|turn|82
|
|t:|1661404968
|switch|p2a: Arceus|Arceus|100/100
|move|p1a: Chansey|Soft-Boiled|p1a: Chansey
|-heal|p1a: Chansey|76/100 par
|
|upkeep
|turn|83
|
|t:|1661404982
|-curestatus|p1a: Chansey|par|[from] ability: Natural Cure
|switch|p1a: Giratina|Giratina|100/100
|-damage|p1a: Giratina|88/100|[from] Stealth Rock
|-ability|p1a: Giratina|Pressure
|move|p2a: Arceus|Swords Dance|p2a: Arceus
|-boost|p2a: Arceus|atk|2
|
|-heal|p1a: Giratina|94/100|[from] item: Leftovers
|upkeep
|turn|84
|
|t:|1661404994
|move|p2a: Arceus|Shadow Claw|p1a: Giratina
|-supereffective|p1a: Giratina
|-crit|p1a: Giratina
|-damage|p1a: Giratina|32/100
|move|p1a: Giratina|Will-O-Wisp|p2a: Arceus
|-status|p2a: Arceus|brn
|
|-heal|p1a: Giratina|38/100|[from] item: Leftovers
|-damage|p2a: Arceus|94/100 brn|[from] brn
|upkeep
|turn|85
|
|t:|1661405009
|move|p2a: Arceus|Swords Dance|p2a: Arceus
|-boost|p2a: Arceus|atk|2
|move|p1a: Giratina|Rest|p1a: Giratina
|-status|p1a: Giratina|slp|[from] move: Rest
|-heal|p1a: Giratina|100/100 slp|[silent]
|
|-damage|p2a: Arceus|88/100 brn|[from] brn
|upkeep
|turn|86
|
|t:|1661405012
|move|p2a: Arceus|Swords Dance|p2a: Arceus
|-boost|p2a: Arceus|atk|2
|cant|p1a: Giratina|slp
|
|-damage|p2a: Arceus|82/100 brn|[from] brn
|upkeep
|turn|87
|
|t:|1661405014
|move|p2a: Arceus|Shadow Claw|p1a: Giratina
|-supereffective|p1a: Giratina
|-damage|p1a: Giratina|55/100 slp
|cant|p1a: Giratina|slp
|
|-heal|p1a: Giratina|62/100 slp|[from] item: Leftovers
|-damage|p2a: Arceus|76/100 brn|[from] brn
|upkeep
|turn|88
|c| Testing teams 596|I am going to see some anime
|c| Testing teams 596|Cya guys
|c| lemoncell0|lol cya cya
|
|t:|1661405023
|move|p2a: Arceus|Shadow Claw|p1a: Giratina
|-supereffective|p1a: Giratina
|-crit|p1a: Giratina
|-damage|p1a: Giratina|0 fnt
|faint|p1a: Giratina
|
|-damage|p2a: Arceus|70/100 brn|[from] brn
|upkeep
|c|☆alt1445645|cya man
|
|t:|1661405030
|switch|p1a: Chansey|Chansey, F|76/100
|-damage|p1a: Chansey|63/100|[from] Stealth Rock
|turn|89
|c|☆alt1445645|gg man u sure u dont want the elo? im not trying to bm i got kinda lucky lol
|c|☆TaxFraud094|this game really doesn't want me to win
|n|!TaxFraud094|taxfraud094
|inactive|TaxFraud094 has 120 seconds left.
|c| lemoncell0|I would just say yes who cares about pride
|
|t:|1661405073
|move|p2a: Arceus|Extreme Speed|p1a: Chansey
|-damage|p1a: Chansey|0 fnt
|faint|p1a: Chansey
|
|win|alt1445645
|raw|TaxFraud094's rating: 1842 &rarr; <strong>1818</strong><br />(-24 for losing)
|raw|alt1445645's rating: 1776 &rarr; <strong>1800</strong><br />(+24 for winning)
|c|☆alt1445645|hmm
|c|☆alt1445645|i need
