|j|☆HappyRed76
|j|☆starkorea74
|t:|1597072976
|player|p1|HappyRed76|red|1657
|player|p2|starkorea74|cynthia|1866
|teamsize|p1|6
|teamsize|p2|6
|gametype|singles
|gen|8
|tier|[Gen 8] National Dex AG
|rated|
|clearpoke
|poke|p1|Rayquaza|
|poke|p1|Groudon|
|poke|p1|Zacian-Crowned|
|poke|p1|Xerneas|
|poke|p1|Marshadow|
|poke|p1|Arceus-*|
|poke|p2|Necrozma-Dusk-Mane|
|poke|p2|Ho-Oh|
|poke|p2|Ditto|
|poke|p2|Arceus-*|
|poke|p2|Rayquaza|
|poke|p2|Yveltal|
|rule|HP Percentage Mod: HP is shown in percentages
|rule|Endless Battle Clause: Forcing endless battles is banned
|teampreview
|
|t:|1597072995
|start
|switch|p1a: Say Goodbye|Arceus-Ground|100/100
|switch|p2a: Rayquaza|Rayquaza|100/100
|-ability|p2a: Rayquaza|Air Lock
|turn|1
|
|t:|1597073005
|switch|p2a: Ho-Oh|Ho-Oh|100/100
|move|p1a: Say Goodbye|Ice Beam|p2a: Ho-Oh
|-damage|p2a: Ho-Oh|83/100
|
|upkeep
|turn|2
|
|t:|1597073011
|move|p1a: Say Goodbye|Stealth Rock|p2a: Ho-Oh
|-sidestart|p2: starkorea74|move: Stealth Rock
|move|p2a: Ho-Oh|Toxic|p1a: Say Goodbye
|-status|p1a: Say Goodbye|tox
|
|-damage|p1a: Say Goodbye|94/100 tox|[from] psn
|upkeep
|turn|3
|
|t:|1597073016
|switch|p1a: Let You Down|Groudon|100/100
|detailschange|p1a: Let You Down|Groudon-Primal
|-primal|p1a: Let You Down
|-weather|DesolateLand|[from] ability: Desolate Land|[of] p1a: Let You Down
|move|p2a: Ho-Oh|Defog|p1a: Let You Down
|-unboost|p1a: Let You Down|evasion|1
|-sideend|p2: starkorea74|Stealth Rock|[from] move: Defog|[of] p2a: Ho-Oh
|
|-weather|DesolateLand|[upkeep]
|upkeep
|turn|4
|
|t:|1597073024
|switch|p2a: Arceus|Arceus-Dark|100/100
|move|p1a: Let You Down|Stone Edge|p2a: Arceus|[miss]
|-miss|p1a: Let You Down|p2a: Arceus
|
|-weather|DesolateLand|[upkeep]
|upkeep
|turn|5
|
|t:|1597073032
|-weather|none
|switch|p1a: Desert You|Xerneas|100/100
|-ability|p1a: Desert You|Fairy Aura
|move|p2a: Arceus|Judgment|p1a: Desert You
|-resisted|p1a: Desert You
|-damage|p1a: Desert You|78/100
|
|upkeep
|turn|6
|
|t:|1597073040
|switch|p2a: Necrozma|Necrozma-Dusk-Mane|100/100
|move|p1a: Desert You|Moonblast|p2a: Necrozma
|-resisted|p2a: Necrozma
|-damage|p2a: Necrozma|74/100
|
|-heal|p2a: Necrozma|80/100|[from] item: Leftovers
|upkeep
|turn|7
|
|t:|1597073047
|switch|p1a: Say Goodbye|Arceus-Ground|94/100 tox
|move|p2a: Necrozma|Stealth Rock|p1a: Say Goodbye
|-sidestart|p1: HappyRed76|move: Stealth Rock
|
|-heal|p2a: Necrozma|86/100|[from] item: Leftovers
|-damage|p1a: Say Goodbye|88/100 tox|[from] psn
|upkeep
|turn|8
|
|t:|1597073068
|switch|p2a: Rayquaza|Rayquaza|100/100
|-ability|p2a: Rayquaza|Air Lock
|move|p1a: Say Goodbye|Defog|p2a: Rayquaza
|-unboost|p2a: Rayquaza|evasion|1
|-sideend|p1: HappyRed76|Stealth Rock|[from] move: Defog|[of] p1a: Say Goodbye
|
|-damage|p1a: Say Goodbye|76/100 tox|[from] psn
|upkeep
|turn|9
|
|t:|1597073078
|detailschange|p2a: Rayquaza|Rayquaza-Mega
|-mega|p2a: Rayquaza|Rayquaza|
|-weather|DeltaStream|[from] ability: Delta Stream|[of] p2a: Rayquaza
|move|p2a: Rayquaza|Draco Meteor|p1a: Say Goodbye
|-damage|p1a: Say Goodbye|8/100 tox
|-unboost|p2a: Rayquaza|spa|2
|-damage|p2a: Rayquaza|91/100|[from] item: Life Orb
|move|p1a: Say Goodbye|Ice Beam|p2a: Rayquaza
|-activate||deltastream
|-supereffective|p2a: Rayquaza
|-damage|p2a: Rayquaza|22/100
|
|-weather|DeltaStream|[upkeep]
|-damage|p1a: Say Goodbye|0 fnt|[from] psn
|faint|p1a: Say Goodbye
|upkeep
|
|t:|1597073105
|switch|p1a: Make You Cry|Marshadow|100/100
|turn|10
|
|t:|1597073108
|-weather|none
|switch|p2a: Ho-Oh|Ho-Oh|100/100
|move|p1a: Make You Cry|Shadow Sneak|p2a: Ho-Oh
|-damage|p2a: Ho-Oh|81/100
|
|upkeep
|turn|11
|
|t:|1597073116
|move|p1a: Make You Cry|Stone Edge|p2a: Ho-Oh
|-supereffective|p2a: Ho-Oh
|-damage|p2a: Ho-Oh|0 fnt
|faint|p2a: Ho-Oh
|
|upkeep
|
|t:|1597073122
|switch|p2a: Yveltal|Yveltal, shiny|100/100
|-ability|p2a: Yveltal|Dark Aura
|turn|12
|
|t:|1597073126
|switch|p1a: Desert You|Xerneas|78/100
|-ability|p1a: Desert You|Fairy Aura
|move|p2a: Yveltal|Oblivion Wing|p1a: Desert You
|-damage|p1a: Desert You|23/100
|-damage|p2a: Yveltal|91/100|[from] item: Life Orb
|
|upkeep
|turn|13
|
|t:|1597073135
|switch|p2a: Necrozma|Necrozma-Dusk-Mane|86/100
|move|p1a: Desert You|Moonblast|p2a: Necrozma
|-resisted|p2a: Necrozma
|-damage|p2a: Necrozma|55/100
|
|-heal|p2a: Necrozma|61/100|[from] item: Leftovers
|upkeep
|turn|14
|
|t:|1597073152
|switch|p1a: Give You Up|Rayquaza|100/100
|-ability|p1a: Give You Up|Air Lock
|move|p2a: Necrozma|Stealth Rock|p1a: Give You Up
|-sidestart|p1: HappyRed76|move: Stealth Rock
|
|-heal|p2a: Necrozma|67/100|[from] item: Leftovers
|upkeep
|turn|15
|
|t:|1597073163
|detailschange|p1a: Give You Up|Rayquaza-Mega
|-mega|p1a: Give You Up|Rayquaza|
|-weather|DeltaStream|[from] ability: Delta Stream|[of] p1a: Give You Up
|move|p1a: Give You Up|Earthquake|p2a: Necrozma
|-supereffective|p2a: Necrozma
|-damage|p2a: Necrozma|18/100
|-damage|p1a: Give You Up|91/100|[from] item: Life Orb
|move|p2a: Necrozma|Morning Sun|p2a: Necrozma
|-heal|p2a: Necrozma|68/100
|
|-weather|DeltaStream|[upkeep]
|-heal|p2a: Necrozma|74/100|[from] item: Leftovers
|upkeep
|turn|16
|
|t:|1597073184
|move|p1a: Give You Up|Earthquake|p2a: Necrozma
|-supereffective|p2a: Necrozma
|-damage|p2a: Necrozma|26/100
|-damage|p1a: Give You Up|81/100|[from] item: Life Orb
|move|p2a: Necrozma|Morning Sun|p2a: Necrozma
|-heal|p2a: Necrozma|76/100
|
|-weather|DeltaStream|[upkeep]
|-heal|p2a: Necrozma|82/100|[from] item: Leftovers
|upkeep
|turn|17
|
|t:|1597073193
|-weather|none
|switch|p1a: Let You Down|Groudon-Primal|100/100
|-damage|p1a: Let You Down|88/100|[from] Stealth Rock
|-weather|DesolateLand|[from] ability: Desolate Land|[of] p1a: Let You Down
|move|p2a: Necrozma|Morning Sun|p2a: Necrozma
|-heal|p2a: Necrozma|100/100
|
|-weather|DesolateLand|[upkeep]
|upkeep
|turn|18
|
|t:|1597073219
|switch|p2a: Rayquaza|Rayquaza-Mega|22/100
|-weather|DeltaStream|[from] ability: Delta Stream|[of] p2a: Rayquaza
|move|p1a: Let You Down|Swords Dance|p1a: Let You Down
|-boost|p1a: Let You Down|atk|2
|
|-weather|DeltaStream|[upkeep]
|upkeep
|turn|19
|
|t:|1597073225
|move|p2a: Rayquaza|Draco Meteor|p1a: Let You Down
|-damage|p1a: Let You Down|0 fnt
|-unboost|p2a: Rayquaza|spa|2
|-damage|p2a: Rayquaza|12/100|[from] item: Life Orb
|faint|p1a: Let You Down
|
|-weather|DeltaStream|[upkeep]
|upkeep
|
|t:|1597073232
|switch|p1a: Run Around|Zacian-Crowned|100/100
|-damage|p1a: Run Around|94/100|[from] Stealth Rock
|-ability|p1a: Run Around|Intrepid Sword|boost
|-boost|p1a: Run Around|atk|1
|turn|20
|
|t:|1597073244
|move|p1a: Run Around|Behemoth Blade|p2a: Rayquaza
|-crit|p2a: Rayquaza
|-damage|p2a: Rayquaza|0 fnt
|faint|p2a: Rayquaza
|-weather|none
|
|upkeep
|
|t:|1597073248
|switch|p2a: Ditto|Ditto|100/100
|-transform|p2a: Ditto|p1a: Run Around|[from] ability: Imposter
|-ability|p2a: Ditto|Intrepid Sword|boost
|-boost|p2a: Ditto|atk|1
|turn|21
|
|t:|1597073259
|move|p2a: Ditto|Behemoth Blade|p1a: Run Around
|-damage|p1a: Run Around|0 fnt
|faint|p1a: Run Around
|
|upkeep
|
|t:|1597073274
|switch|p1a: Make You Cry|Marshadow|100/100
|-damage|p1a: Make You Cry|94/100|[from] Stealth Rock
|turn|22
|
|t:|1597073282
|move|p1a: Make You Cry|Shadow Sneak|p2a: Ditto
|-damage|p2a: Ditto|68/100
|move|p2a: Ditto|Behemoth Blade|p1a: Make You Cry
|-damage|p1a: Make You Cry|0 fnt
|faint|p1a: Make You Cry
|
|upkeep
|
|t:|1597073286
|switch|p1a: Give You Up|Rayquaza-Mega|81/100
|-damage|p1a: Give You Up|56/100|[from] Stealth Rock
|-weather|DeltaStream|[from] ability: Delta Stream|[of] p1a: Give You Up
|turn|23
|j| Key Rex
|
|t:|1597073293
|move|p1a: Give You Up|Extreme Speed|p2a: Ditto
|-resisted|p2a: Ditto
|-damage|p2a: Ditto|44/100
|-damage|p1a: Give You Up|46/100|[from] item: Life Orb
|move|p2a: Ditto|Behemoth Blade|p1a: Give You Up
|-damage|p1a: Give You Up|0 fnt
|faint|p1a: Give You Up
|-weather|none
|
|upkeep
|
|t:|1597073301
|switch|p1a: Desert You|Xerneas|23/100
|-damage|p1a: Desert You|11/100|[from] Stealth Rock
|-ability|p1a: Desert You|Fairy Aura
|turn|24
|
|t:|1597073305
|-start|p1a: Desert You|Dynamax
|-heal|p1a: Desert You|11/100|[silent]
|move|p2a: Ditto|Behemoth Blade|p1a: Desert You
|-supereffective|p1a: Desert You
|-damage|p1a: Desert You|0 fnt
|faint|p1a: Desert You
|
|win|starkorea74
|raw|HappyRed76's rating: 1657 &rarr; <strong>1648</strong><br />(-9 for losing)
|raw|starkorea74's rating: 1881 &rarr; <strong>1890</strong><br />(+9 for winning)
|l|☆HappyRed76
