|j|☆Lance's Time
|j|☆Flocking glock
|inactive|Battle timer is ON: inactive players will automatically lose when time's up.
|t:|1654166232
|gametype|singles
|player|p1|Lance's Time|lance-gen1|
|player|p2|Flocking glock|101|
|teamsize|p1|6
|teamsize|p2|6
|gen|8
|tier|[Gen 8] National Dex AG
|rated|Tournament battle
|rule|HP Percentage Mod: HP is shown in percentages
|rule|Endless Battle Clause: Forcing endless battles is banned
|clearpoke
|poke|p1|Lugia|
|poke|p1|Ferrothorn, M|
|poke|p1|Necrozma-Dusk-Mane|
|poke|p1|Arceus-*|
|poke|p1|Arceus-*|
|poke|p1|Ditto|
|poke|p2|Landorus-Therian, M|
|poke|p2|Calyrex-Shadow|
|poke|p2|Xerneas-*|
|poke|p2|Arceus-*|
|poke|p2|Kartana|
|poke|p2|Smeargle, M|
|teampreview
|j| immarickrollyou
|j| Little Luvie❤
|c|☆Flocking glock|Thought you were lance
|j| ogrespout
|
|t:|1654166256
|start
|switch|p1a: Ferrothorn|Ferrothorn, M|100/100
|switch|p2a: Smeargle|Smeargle, M|100/100
|turn|1
|c|☆Flocking glock|The gym trainer guy I mean
|
|t:|1654166261
|move|p2a: Smeargle|Taunt|p1a: Ferrothorn
|-start|p1a: Ferrothorn|move: Taunt
|cant|p1a: Ferrothorn|move: Taunt|Leech Seed
|
|upkeep
|turn|2
|
|t:|1654166270
|switch|p1a: Arceus|Arceus-Dark|100/100
|move|p2a: Smeargle|Sticky Web|p1a: Arceus
|-sidestart|p1: Lance's Time|move: Sticky Web
|
|upkeep
|turn|3
|
|t:|1654166273
|move|p1a: Arceus|Judgment|p2a: Smeargle
|-enditem|p2a: Smeargle|Focus Sash
|-damage|p2a: Smeargle|1/100
|move|p2a: Smeargle|Nuzzle|p1a: Arceus
|-damage|p1a: Arceus|98/100
|-status|p1a: Arceus|par
|
|upkeep
|turn|4
|j| AT-RideR007
|
|t:|1654166285
|move|p2a: Smeargle|Nuzzle|p1a: Arceus
|-damage|p1a: Arceus|95/100 par
|cant|p1a: Arceus|par
|
|upkeep
|turn|5
|
|t:|1654166295
|move|p2a: Smeargle|Nuzzle|p1a: Arceus
|-damage|p1a: Arceus|92/100 par
|move|p1a: Arceus|Judgment|p2a: Smeargle
|-damage|p2a: Smeargle|0 fnt
|faint|p2a: Smeargle
|
|upkeep
|
|t:|1654166297
|switch|p2a: Landorus|Landorus-Therian, M|100/100
|-ability|p2a: Landorus|Intimidate|boost
|-unboost|p1a: Arceus|atk|1
|turn|6
|
|t:|1654166317
|switch|p1a: Ferrothorn|Ferrothorn, M|100/100
|-activate|p1a: Ferrothorn|move: Sticky Web
|-unboost|p1a: Ferrothorn|spe|1
|move|p2a: Landorus|Stealth Rock|p1a: Ferrothorn
|-sidestart|p1: Lance's Time|move: Stealth Rock
|
|upkeep
|turn|7
|c|☆Flocking glock|OneRapidSpinMan who are you
|c|☆Flocking glock|._.
|
|t:|1654166330
|move|p2a: Landorus|Swords Dance|p2a: Landorus
|-boost|p2a: Landorus|atk|2
|move|p1a: Ferrothorn|Leech Seed|p2a: Landorus
|-start|p2a: Landorus|move: Leech Seed
|
|-damage|p2a: Landorus|88/100|[from] Leech Seed|[of] p1a: Ferrothorn
|upkeep
|turn|8
|
|t:|1654166334
|move|p1a: Ferrothorn|Protect|p1a: Ferrothorn
|-singleturn|p1a: Ferrothorn|Protect
|move|p2a: Landorus|Explosion|p1a: Ferrothorn
|-activate|p1a: Ferrothorn|move: Protect
|faint|p2a: Landorus
|
|upkeep
|
|t:|1654166338
|switch|p2a: Calyrex|Calyrex-Shadow|100/100
|-ability|p2a: Calyrex|As One
|-ability|p2a: Calyrex|Unnerve
|turn|9
|
|t:|1654166346
|move|p2a: Calyrex|Nasty Plot|p2a: Calyrex
|-boost|p2a: Calyrex|spa|2
|move|p1a: Ferrothorn|Leech Seed|p2a: Calyrex|[miss]
|-miss|p1a: Ferrothorn|p2a: Calyrex
|
|upkeep
|turn|10
|
|t:|1654166349
|switch|p1a: Arceus|Arceus-Dark|92/100 par
|-activate|p1a: Arceus|move: Sticky Web
|-unboost|p1a: Arceus|spe|1
|-damage|p1a: Arceus|80/100 par|[from] Stealth Rock
|move|p2a: Calyrex|Astral Barrage|p1a: Arceus
|-resisted|p1a: Arceus
|-damage|p1a: Arceus|46/100 par
|
|upkeep
|turn|11
|
|t:|1654166360
|-start|p1a: Arceus|Dynamax|
|-heal|p1a: Arceus|46/100 par|[silent]
|move|p2a: Calyrex|Baton Pass|p2a: Calyrex
|
|t:|1654166362
|switch|p2a: Xerneas|Xerneas|100/100|[from]move: Baton Pass
|-ability|p2a: Xerneas|Fairy Aura
|cant|p1a: Arceus|par
|
|upkeep
|turn|12
|
|t:|1654166365
|move|p2a: Xerneas|Substitute|p2a: Xerneas
|-start|p2a: Xerneas|Substitute
|-damage|p2a: Xerneas|76/100
|move|p1a: Arceus|Max Darkness|p2a: Xerneas
|-resisted|p2a: Xerneas
|-end|p2a: Xerneas|Substitute
|-unboost|p2a: Xerneas|spd|1
|
|upkeep
|turn|13
|
|t:|1654166374
|move|p2a: Xerneas|Moonblast|p1a: Arceus
|-supereffective|p1a: Arceus
|-damage|p1a: Arceus|0 fnt
|faint|p1a: Arceus
|
|upkeep
|
|t:|1654166376
|switch|p1a: Ditto|Ditto|100/100
|-activate|p1a: Ditto|move: Sticky Web
|-unboost|p1a: Ditto|spe|1
|-damage|p1a: Ditto|88/100|[from] Stealth Rock
|-transform|p1a: Ditto|p2a: Xerneas|[from] ability: Imposter
|-ability|p1a: Ditto|Fairy Aura
|turn|14
|
|t:|1654166380
|-start|p2a: Xerneas|Dynamax|
|-heal|p2a: Xerneas|76/100|[silent]
|move|p1a: Ditto|Moonblast|p2a: Xerneas
|-damage|p2a: Xerneas|0 fnt
|faint|p2a: Xerneas
|
|upkeep
|c|☆Flocking glock|oh
|c| AT-RideR007|hey i just made a gen7 anything goes team will anyone help me test it
|
|t:|1654166389
|switch|p2a: Arceus|Arceus|100/100
|turn|15
|j| OneRapidSpinMan
|
|t:|1654166402
|move|p1a: Ditto|Moonblast|p2a: Arceus
|-damage|p2a: Arceus|0 fnt
|faint|p2a: Arceus
|
|upkeep
|c|☆Flocking glock|Oh
|
|t:|1654166416
|switch|p2a: Kartana|Kartana|100/100
|turn|16
|c| Little Luvie❤|share the pokepaste in <<ag>>
|
|t:|1654166422
|switch|p1a: Necrozma|Necrozma-Dusk-Mane|100/100
|-activate|p1a: Necrozma|move: Sticky Web
|-unboost|p1a: Necrozma|spe|1
|-damage|p1a: Necrozma|94/100|[from] Stealth Rock
|move|p2a: Kartana|Smart Strike|p1a: Necrozma
|-resisted|p1a: Necrozma
|-crit|p1a: Necrozma
|-damage|p1a: Necrozma|70/100
|-damage|p2a: Kartana|84/100|[from] item: Rocky Helmet|[of] p1a: Necrozma
|-damage|p2a: Kartana|74/100|[from] item: Life Orb
|
|upkeep
|turn|17
|c|☆Flocking glock|oh
|c| Little Luvie❤|<<anythinggoes>>
|c| Little Luvie❤|**
|
|t:|1654166430
|move|p2a: Kartana|Swords Dance|p2a: Kartana
|-boost|p2a: Kartana|atk|2
|move|p1a: Necrozma|Stealth Rock|p2a: Kartana
|-sidestart|p2: Flocking glock|move: Stealth Rock
|
|upkeep
|turn|18
|
|t:|1654166438
|move|p2a: Kartana|Swords Dance|p2a: Kartana
|-boost|p2a: Kartana|atk|2
|move|p1a: Necrozma|Sunsteel Strike|p2a: Kartana
|-resisted|p2a: Kartana
|-damage|p2a: Kartana|46/100
|
|upkeep
|turn|19
|
|t:|1654166440
|move|p2a: Kartana|Swords Dance|p2a: Kartana
|-boost|p2a: Kartana|atk|2
|move|p1a: Necrozma|Sunsteel Strike|p2a: Kartana
|-resisted|p2a: Kartana
|-damage|p2a: Kartana|21/100
|
|upkeep
|turn|20
|
|t:|1654166446
|move|p2a: Kartana|Leaf Blade|p1a: Necrozma
|-resisted|p1a: Necrozma
|-damage|p1a: Necrozma|0 fnt
|-damage|p2a: Kartana|4/100|[from] item: Rocky Helmet|[of] p1a: Necrozma
|faint|p1a: Necrozma
|-damage|p2a: Kartana|0 fnt|[from] item: Life Orb
|faint|p2a: Kartana
|
|upkeep
|c|☆Flocking glock|I died plus four
|c|☆Flocking glock|And I won't come in and die
|-message|Flocking glock forfeited.
|
|win|Lance's Time
|n|☆Lance's Time|lancestime
|n|☆Flocking glock|flockingglock
|n| immarickrollyou|immarickrollyou
|n| Little Luvie❤|littleluvie
|n| ogrespout|ogrespout
|n| AT-RideR007|atrider007
|l|☆Flocking glock
