|j|☆OhLooord
|j|☆NotSpaceTemmie
|t:|1664393221
|gametype|singles
|player|p1|OhLooord|lucas|1881
|player|p2|NotSpaceTemmie|proton|1663
|teamsize|p1|6
|teamsize|p2|6
|gen|8
|tier|[Gen 8] National Dex AG
|rated|
|rule|HP Percentage Mod: HP is shown in percentages
|rule|Endless Battle Clause: Forcing endless battles is banned
|clearpoke
|poke|p1|Groudon|
|poke|p1|Rayquaza|
|poke|p1|Zygarde|
|poke|p1|Calyrex-Shadow|
|poke|p1|Arceus-*|
|poke|p1|Arceus-*|
|poke|p2|Espeon, M|
|poke|p2|Smeargle, M|
|poke|p2|Smeargle, F|
|poke|p2|Smeargle, F|
|poke|p2|Smeargle, F|
|poke|p2|Arceus-*|
|teampreview
|inactive|Battle timer is ON: inactive players will automatically lose when time's up. (requested by NotSpaceTemmie)
|
|t:|1664393230
|start
|switch|p1a: the gwoat|Rayquaza|100/100
|switch|p2a: Smeargle|Smeargle, F|100/100
|-ability|p1a: the gwoat|Air Lock
|turn|1
|
|t:|1664393233
|detailschange|p1a: the gwoat|Rayquaza-Mega
|-mega|p1a: the gwoat|Rayquaza|
|-weather|DeltaStream|[from] ability: Delta Stream|[of] p1a: the gwoat
|move|p1a: the gwoat|Scale Shot|p2a: Smeargle
|-damage|p2a: Smeargle|46/100
|-damage|p2a: Smeargle|0 fnt
|faint|p2a: Smeargle
|-hitcount|p2: Smeargle|2
|-unboost|p1a: the gwoat|def|1
|-boost|p1a: the gwoat|spe|1
|-damage|p1a: the gwoat|91/100|[from] item: Life Orb
|
|-weather|DeltaStream|[upkeep]
|upkeep
|c|☆NotSpaceTemmie|Oh fuck
|c|☆OhLooord|lol
|c|☆NotSpaceTemmie|You might of just won
|c|☆NotSpaceTemmie|Ngl
|
|t:|1664393256
|switch|p2a: Smeargle|Smeargle, F|100/100
|turn|2
|
|t:|1664393259
|move|p2a: Smeargle|Protect|p2a: Smeargle
|-singleturn|p2a: Smeargle|Protect
|move|p1a: the gwoat|Scale Shot|p2a: Smeargle
|-activate|p2a: Smeargle|move: Protect
|
|-weather|DeltaStream|[upkeep]
|-ability|p2a: Smeargle|Moody|boost
|-boost|p2a: Smeargle|spa|2
|-unboost|p2a: Smeargle|atk|1
|upkeep
|turn|3
|
|t:|1664393263
|move|p2a: Smeargle|Protect|p2a: Smeargle
|-singleturn|p2a: Smeargle|Protect
|move|p1a: the gwoat|Scale Shot|p2a: Smeargle
|-activate|p2a: Smeargle|move: Protect
|
|-weather|DeltaStream|[upkeep]
|-ability|p2a: Smeargle|Moody|boost
|-boost|p2a: Smeargle|def|2
|-unboost|p2a: Smeargle|spe|1
|upkeep
|turn|4
|c|☆OhLooord|wow
|c|☆OhLooord|i might of just lost now lOL
|c|☆NotSpaceTemmie|So close
|c|☆NotSpaceTemmie|Nah no way
|c|☆OhLooord|two proc into def boost sheesh
|c|☆NotSpaceTemmie|No way I live it
|
|t:|1664393286
|move|p1a: the gwoat|Dragon Ascent|p2a: Smeargle
|-enditem|p2a: Smeargle|Focus Sash
|-damage|p2a: Smeargle|1/100
|-unboost|p1a: the gwoat|def|1
|-unboost|p1a: the gwoat|spd|1
|-damage|p1a: the gwoat|81/100|[from] item: Life Orb
|move|p2a: Smeargle|Spore|p1a: the gwoat
|-status|p1a: the gwoat|slp|[from] move: Spore
|
|-weather|DeltaStream|[upkeep]
|-ability|p2a: Smeargle|Moody|boost
|-boost|p2a: Smeargle|def|2
|-unboost|p2a: Smeargle|atk|1
|upkeep
|turn|5
|c|☆OhLooord|nah scale shot only usually hits twice
|
|t:|1664393297
|cant|p1a: the gwoat|slp
|move|p2a: Smeargle|Baton Pass|p2a: Smeargle
|
|t:|1664393303
|switch|p2a: Smeargle|Smeargle, F|100/100|[from]move: Baton Pass
|
|-weather|DeltaStream|[upkeep]
|-ability|p2a: Smeargle|Moody|boost
|-boost|p2a: Smeargle|spe|2
|-unboost|p2a: Smeargle|def|1
|upkeep
|turn|6
|c|☆NotSpaceTemmie|Imma be honest
|c|☆NotSpaceTemmie|Its about to get really annoying
|c|☆OhLooord|?
|c|☆OhLooord|i cannot beleive u got that tho
|
|t:|1664393326
|cant|p1a: the gwoat|slp
|move|p2a: Smeargle|Substitute|p2a: Smeargle
|-start|p2a: Smeargle|Substitute
|-damage|p2a: Smeargle|76/100
|
|-weather|DeltaStream|[upkeep]
|-ability|p2a: Smeargle|Moody|boost
|-boost|p2a: Smeargle|spe|2
|-unboost|p2a: Smeargle|def|1
|upkeep
|turn|7
|c|☆NotSpaceTemmie|Me too
|c|☆NotSpaceTemmie|Please
|c|☆NotSpaceTemmie|Forgive me
|
|t:|1664393338
|move|p2a: Smeargle|Minimize|p2a: Smeargle
|-boost|p2a: Smeargle|evasion|2
|-curestatus|p1a: the gwoat|slp|[msg]
|move|p1a: the gwoat|Dragon Ascent|p2a: Smeargle
|-end|p2a: Smeargle|Substitute
|-unboost|p1a: the gwoat|def|1
|-unboost|p1a: the gwoat|spd|1
|-damage|p1a: the gwoat|71/100|[from] item: Life Orb
|
|-weather|DeltaStream|[upkeep]
|-ability|p2a: Smeargle|Moody|boost
|-boost|p2a: Smeargle|def|2
|-unboost|p2a: Smeargle|spa|1
|upkeep
|turn|8
|
|t:|1664393345
|move|p1a: the gwoat|Extreme Speed|p2a: Smeargle|[miss]
|-miss|p1a: the gwoat|p2a: Smeargle
|move|p2a: Smeargle|Spore|p1a: the gwoat
|-status|p1a: the gwoat|slp|[from] move: Spore
|
|-weather|DeltaStream|[upkeep]
|-ability|p2a: Smeargle|Moody|boost
|-boost|p2a: Smeargle|spd|2
|-unboost|p2a: Smeargle|spa|1
|upkeep
|turn|9
|
|t:|1664393348
|-weather|none
|switch|p1a: Arceus|Arceus-Fairy|100/100
|move|p2a: Smeargle|Substitute|p2a: Smeargle
|-start|p2a: Smeargle|Substitute
|-damage|p2a: Smeargle|51/100
|
|-ability|p2a: Smeargle|Moody|boost
|-boost|p2a: Smeargle|spa|2
|-unboost|p2a: Smeargle|spe|1
|upkeep
|turn|10
|
|t:|1664393352
|move|p2a: Smeargle|Spore|p1a: Arceus
|-status|p1a: Arceus|slp|[from] move: Spore
|cant|p1a: Arceus|slp
|
|-ability|p2a: Smeargle|Moody|boost
|-boost|p2a: Smeargle|spa|2
|-unboost|p2a: Smeargle|spe|1
|upkeep
|turn|11
|
|t:|1664393355
|move|p2a: Smeargle|Minimize|p2a: Smeargle
|-boost|p2a: Smeargle|evasion|2
|cant|p1a: Arceus|slp
|
|-ability|p2a: Smeargle|Moody|boost
|-boost|p2a: Smeargle|spa|2
|-unboost|p2a: Smeargle|atk|1
|upkeep
|turn|12
|
|t:|1664393358
|move|p2a: Smeargle|Minimize|p2a: Smeargle
|-boost|p2a: Smeargle|evasion|2
|-curestatus|p1a: Arceus|slp|[msg]
|move|p1a: Arceus|Perish Song|p1a: Arceus
|-start|p1a: Arceus|perish3|[silent]
|-start|p2a: Smeargle|perish3|[silent]
|-fieldactivate|move: Perish Song
|
|-start|p2a: Smeargle|perish3
|-start|p1a: Arceus|perish3
|-ability|p2a: Smeargle|Moody|boost
|-boost|p2a: Smeargle|atk|2
|-unboost|p2a: Smeargle|spe|1
|upkeep
|turn|13
|c|☆NotSpaceTemmie|NANI?
|c|☆OhLooord|this batoon passes i think lol
|c|☆NotSpaceTemmie|It doez
|c|☆NotSpaceTemmie|*does
|
|t:|1664393386
|move|p1a: Arceus|Judgment|p2a: Smeargle|[miss]
|-miss|p1a: Arceus|p2a: Smeargle
|move|p2a: Smeargle|Baton Pass|p2a: Smeargle
|
|t:|1664393391
|switch|p2a: Espeon|Espeon, M|100/100|[from]move: Baton Pass
|
|-start|p2a: Espeon|perish2
|-start|p1a: Arceus|perish2
|upkeep
|turn|14
|
|t:|1664393396
|move|p2a: Espeon|Flash|p1a: Arceus
|-unboost|p1a: Arceus|accuracy|1
|move|p1a: Arceus|Recover||[still]
|-fail|p1a: Arceus|heal
|
|-start|p2a: Espeon|perish1
|-start|p1a: Arceus|perish1
|upkeep
|turn|15
|c|☆NotSpaceTemmie|Imma flash you then forfeit
|
|t:|1664393407
|switch|p1a: Arceus|Arceus|100/100
|move|p2a: Espeon|Flash|p1a: Arceus
|-unboost|p1a: Arceus|accuracy|1
|
|-start|p2a: Espeon|perish0
|upkeep
|faint|p2a: Espeon
|c|☆NotSpaceTemmie|Gg lol
|c|☆OhLooord|im glad i put on that tech
|c|☆OhLooord|lol
|-message|NotSpaceTemmie forfeited.
|
|win|OhLooord
|raw|OhLooord's rating: 1881 &rarr; <strong>1890</strong><br />(+9 for winning)
|raw|NotSpaceTemmie's rating: 1663 &rarr; <strong>1654</strong><br />(-9 for losing)
|l|☆NotSpaceTemmie
||Ladder isn't responding, score probably updated but might not have (Request timeout).
