|j|☆Takemitchy kun
|j|☆Glaliegoesboom ❤
|t:|1661358834
|gametype|singles
|player|p1|Takemitchy kun|lance-masters|
|player|p2|Glaliegoesboom ❤|cynthia-masters|
|teamsize|p1|6
|teamsize|p2|6
|gen|8
|tier|[Gen 8] National Dex AG
|rule|HP Percentage Mod: HP is shown in percentages
|rule|Endless Battle Clause: Forcing endless battles is banned
|clearpoke
|poke|p1|Tapu Koko|
|poke|p1|Arcanine, M|
|poke|p1|Marshadow|
|poke|p1|Groudon|
|poke|p1|Zamazenta-*|
|poke|p1|Dragonite, F|
|poke|p2|Diancie|
|poke|p2|Groudon|
|poke|p2|Giratina-Origin|
|poke|p2|Celesteela|
|poke|p2|Marshadow|
|poke|p2|Urshifu-*, M|
|teampreview
|inactive|Battle timer is ON: inactive players will automatically lose when time's up. (requested by Takemitchy kun)
|inactive|Glaliegoesboom ❤ also wants the timer to be on.
|c|☆Takemitchy kun|Hf
|
|t:|1661358850
|start
|switch|p1a: Arcanine|Arcanine, M|100/100
|switch|p2a: Diancie|Diancie|100/100
|-ability|p1a: Arcanine|Intimidate|boost
|-fail|p2a: Diancie|unboost|[from] ability: Clear Body|[of] p2a: Diancie
|turn|1
|n|☆Takemitchy-kun|takemitchykun
|l|☆Takemitchy-kun
|inactive|Takemitchy kun disconnected and has 300 seconds to reconnect!
|player|p1|
|j|☆Takemitchy-kun
|inactive|Takemitchy kun reconnected and has 295 seconds left.
|player|p1|Takemitchy-kun|lance-masters
|c|☆Glaliegoesboom ❤|U2
|
|t:|1661358873
|detailschange|p2a: Diancie|Diancie-Mega
|-mega|p2a: Diancie|Diancie|Diancite
|move|p1a: Arcanine|Iron Head|p2a: Diancie
|-supereffective|p2a: Diancie
|-damage|p2a: Diancie|0 fnt
|faint|p2a: Diancie
|
|upkeep
|
|t:|1661358880
|switch|p2a: Groudon|Groudon|100/100
|-weather|SunnyDay|[from] ability: Drought|[of] p2a: Groudon
|turn|2
|inactive|Takemitchy kun has 270 seconds left.
|
|t:|1661358913
|move|p1a: Arcanine|Iron Head|p2a: Groudon
|-damage|p2a: Groudon|78/100
|move|p2a: Groudon|Swords Dance|p2a: Groudon
|-boost|p2a: Groudon|atk|2
|
|-weather|SunnyDay|[upkeep]
|upkeep
|turn|3
|
|t:|1661358921
|-start|p2a: Groudon|Dynamax|
|-heal|p2a: Groudon|78/100|[silent]
|move|p1a: Arcanine|Iron Head|p2a: Groudon
|-damage|p2a: Groudon|67/100
|move|p2a: Groudon|Max Airstream|p1a: Arcanine
|-damage|p1a: Arcanine|0 fnt
|-boost|p2a: Groudon|spe|1
|faint|p1a: Arcanine
|
|-weather|SunnyDay|[upkeep]
|upkeep
|
|t:|1661358925
|switch|p1a: Marshadow|Marshadow|100/100
|turn|4
|
|t:|1661358927
|move|p2a: Groudon|Max Airstream|p1a: Marshadow
|-supereffective|p1a: Marshadow
|-enditem|p1a: Marshadow|Focus Sash
|-damage|p1a: Marshadow|1/100
|-boost|p2a: Groudon|spe|1
|move|p1a: Marshadow|Spectral Thief||[still]
|-clearpositiveboost|p2a: Groudon|p1a: Marshadow|move: Spectral Thief
|-boost|p1a: Marshadow|atk|2
|-boost|p1a: Marshadow|spe|2
|-anim|p1a: Marshadow|Spectral Thief|p2a: Groudon
|-damage|p2a: Groudon|34/100
|
|-weather|SunnyDay|[upkeep]
|upkeep
|turn|5
|
|t:|1661358932
|move|p1a: Marshadow|Close Combat|p2a: Groudon
|-damage|p2a: Groudon|0 fnt
|-unboost|p1a: Marshadow|def|1
|-unboost|p1a: Marshadow|spd|1
|faint|p2a: Groudon
|
|-weather|SunnyDay|[upkeep]
|upkeep
|
|t:|1661358936
|switch|p2a: Giratina|Giratina-Origin|100/100
|turn|6
|
|t:|1661358942
|move|p1a: Marshadow|Shadow Sneak|p2a: Giratina
|-supereffective|p2a: Giratina
|-damage|p2a: Giratina|20/100
|move|p2a: Giratina|Shadow Sneak|p1a: Marshadow
|-supereffective|p1a: Marshadow
|-damage|p1a: Marshadow|0 fnt
|faint|p1a: Marshadow
|
|-weather|none
|upkeep
|
|t:|1661358950
|switch|p1a: Tapu Koko|Tapu Koko|100/100
|-fieldstart|move: Electric Terrain|[from] ability: Electric Surge|[of] p1a: Tapu Koko
|turn|7
|
|t:|1661358957
|move|p2a: Giratina|Shadow Sneak|p1a: Tapu Koko
|-damage|p1a: Tapu Koko|65/100
|move|p1a: Tapu Koko|Dazzling Gleam|p2a: Giratina
|-supereffective|p2a: Giratina
|-damage|p2a: Giratina|0 fnt
|faint|p2a: Giratina
|-damage|p1a: Tapu Koko|55/100|[from] item: Life Orb
|
|upkeep
|
|t:|1661358963
|switch|p2a: Urshifu|Urshifu, M|100/100
|turn|8
|
|t:|1661358965
|switch|p1a: Groudon|Groudon|100/100
|-weather|SunnyDay|[from] ability: Drought|[of] p1a: Groudon
|move|p2a: Urshifu|Wicked Blow|p1a: Groudon
|-crit|p1a: Groudon
|-damage|p1a: Groudon|59/100
|
|-weather|SunnyDay|[upkeep]
|-heal|p1a: Groudon|65/100|[from] item: Leftovers
|upkeep
|turn|9
|
|t:|1661358971
|move|p2a: Urshifu|Wicked Blow|p1a: Groudon
|-crit|p1a: Groudon
|-damage|p1a: Groudon|24/100
|move|p1a: Groudon|Stealth Rock|p2a: Urshifu
|-sidestart|p2: Glaliegoesboom ❤|move: Stealth Rock
|
|-weather|SunnyDay|[upkeep]
|-heal|p1a: Groudon|30/100|[from] item: Leftovers
|upkeep
|turn|10
|
|t:|1661358989
|switch|p2a: Celesteela|Celesteela|100/100
|-damage|p2a: Celesteela|88/100|[from] Stealth Rock
|move|p1a: Groudon|Flamethrower|p2a: Celesteela
|-supereffective|p2a: Celesteela
|-damage|p2a: Celesteela|11/100
|
|-weather|SunnyDay|[upkeep]
|-heal|p1a: Groudon|36/100|[from] item: Leftovers
|upkeep
|turn|11
|
|t:|1661358994
|move|p1a: Groudon|Flamethrower|p2a: Celesteela
|-supereffective|p2a: Celesteela
|-damage|p2a: Celesteela|0 fnt
|faint|p2a: Celesteela
|
|-weather|SunnyDay|[upkeep]
|-heal|p1a: Groudon|42/100|[from] item: Leftovers
|-fieldend|move: Electric Terrain
|upkeep
|
|t:|1661358998
|switch|p2a: Urshifu|Urshifu, M|100/100
|-damage|p2a: Urshifu|94/100|[from] Stealth Rock
|turn|12
|c|☆Takemitchy-kun|That’s gg
|
|t:|1661359003
|move|p2a: Urshifu|Wicked Blow|p1a: Groudon
|-crit|p1a: Groudon
|-damage|p1a: Groudon|4/100
|move|p1a: Groudon|Flamethrower|p2a: Urshifu
|-damage|p2a: Urshifu|27/100
|
|-weather|none
|-heal|p1a: Groudon|10/100|[from] item: Leftovers
|upkeep
|turn|13
|c|☆Glaliegoesboom ❤|Yea
|
|t:|1661359007
|move|p2a: Urshifu|Wicked Blow|p1a: Groudon
|-crit|p1a: Groudon
|-damage|p1a: Groudon|0 fnt
|faint|p1a: Groudon
|
|upkeep
|
|t:|1661359010
|switch|p1a: Zamazenta|Zamazenta|100/100
|-ability|p1a: Zamazenta|Dauntless Shield|boost
|-boost|p1a: Zamazenta|def|1
|turn|14
|
|t:|1661359013
|move|p2a: Urshifu|Wicked Blow|p1a: Zamazenta
|-resisted|p1a: Zamazenta
|-crit|p1a: Zamazenta
|-damage|p1a: Zamazenta|70/100
|move|p1a: Zamazenta|Play Rough|p2a: Urshifu
|-supereffective|p2a: Urshifu
|-damage|p2a: Urshifu|0 fnt
|faint|p2a: Urshifu
|
|upkeep
|
|t:|1661359015
|switch|p2a: Marshadow|Marshadow|100/100
|-damage|p2a: Marshadow|94/100|[from] Stealth Rock
|turn|15
|
|t:|1661359016
|move|p2a: Marshadow|Spectral Thief||[still]
|-clearpositiveboost|p1a: Zamazenta|p2a: Marshadow|move: Spectral Thief
|-boost|p2a: Marshadow|def|1
|-anim|p2a: Marshadow|Spectral Thief|p1a: Zamazenta
|-damage|p1a: Zamazenta|26/100
|move|p1a: Zamazenta|Play Rough|p2a: Marshadow
|-supereffective|p2a: Marshadow
|-damage|p2a: Marshadow|9/100
|
|upkeep
|turn|16
|
|t:|1661359021
|move|p2a: Marshadow|Spectral Thief|p1a: Zamazenta
|-damage|p1a: Zamazenta|0 fnt
|faint|p1a: Zamazenta
|
|upkeep
|
|t:|1661359023
|switch|p1a: Dragonite|Dragonite, F|100/100
|turn|17
|
|t:|1661359025
|move|p2a: Marshadow|Spectral Thief|p1a: Dragonite
|-damage|p1a: Dragonite|74/100
|move|p1a: Dragonite|Dragon Claw|p2a: Marshadow
|-damage|p2a: Marshadow|0 fnt
|faint|p2a: Marshadow
|
|win|Takemitchy kun
