|j|☆Ike745
|j|☆dtc07
|t:|1663824980
|gametype|singles
|player|p1|Ike745|blue|1768
|player|p2|dtc07|grimsley|1876
|teamsize|p1|6
|teamsize|p2|6
|gen|8
|tier|[Gen 8] National Dex AG
|rated|
|rule|HP Percentage Mod: HP is shown in percentages
|rule|Endless Battle Clause: Forcing endless battles is banned
|clearpoke
|poke|p1|Rayquaza|
|poke|p1|Groudon|
|poke|p1|Arceus-*|
|poke|p1|Calyrex-Shadow|
|poke|p1|Yveltal|
|poke|p1|Arceus-*|
|poke|p2|Kyurem-Black|
|poke|p2|Zacian-*|
|poke|p2|Necrozma-Dusk-Mane|
|poke|p2|Arceus-*|
|poke|p2|Rayquaza|
|poke|p2|Ho-Oh|
|teampreview
|inactive|Battle timer is ON: inactive players will automatically lose when time's up. (requested by dtc07)
|inactive|Ike745 also wants the timer to be on.
|j| DrMario69
|
|t:|1663824995
|start
|switch|p1a: Groudon|Groudon, shiny|100/100
|switch|p2a: Rayquaza|Rayquaza|100/100
|-ability|p2a: Rayquaza|Air Lock
|detailschange|p1a: Groudon|Groudon-Primal, shiny
|-primal|p1a: Groudon
|-weather|DesolateLand|[from] ability: Desolate Land|[of] p1a: Groudon
|turn|1
|c|☆Ike745|gl hf
|c|☆dtc07|glhf
|
|t:|1663825005
|detailschange|p2a: Rayquaza|Rayquaza-Mega
|-mega|p2a: Rayquaza|Rayquaza|
|-weather|DeltaStream|[from] ability: Delta Stream|[of] p2a: Rayquaza
|move|p2a: Rayquaza|Waterfall|p1a: Groudon
|-supereffective|p1a: Groudon
|-damage|p1a: Groudon|0 fnt
|faint|p1a: Groudon
|
|-weather|DeltaStream|[upkeep]
|upkeep
|c|☆Ike745|damn high roll
|c| DrMario69|thats band
|
|t:|1663825017
|switch|p1a: Rayquaza|Rayquaza|100/100
|-ability|p1a: Rayquaza|Air Lock
|turn|2
|c|☆Ike745|yea i know dummy
|c|☆dtc07|why does everyone stay in with don
|c|☆Ike745|only band can kill with water fall
|c| DrMario69|no u dont
|
|t:|1663825032
|-weather|none
|switch|p2a: Necrozma|Necrozma-Dusk-Mane|100/100
|detailschange|p1a: Rayquaza|Rayquaza-Mega
|-mega|p1a: Rayquaza|Rayquaza|
|-weather|DeltaStream|[from] ability: Delta Stream|[of] p1a: Rayquaza
|move|p1a: Rayquaza|Dragon Dance|p1a: Rayquaza
|-boost|p1a: Rayquaza|atk|1
|-boost|p1a: Rayquaza|spe|1
|
|-weather|DeltaStream|[upkeep]
|upkeep
|turn|3
|c| DrMario69|u need ME
|
|t:|1663825042
|-start|p2a: Necrozma|Dynamax|
|-heal|p2a: Necrozma|100/100|[silent]
|move|p1a: Rayquaza|Earthquake|p2a: Necrozma
|-supereffective|p2a: Necrozma
|-damage|p2a: Necrozma|72/100
|move|p2a: Necrozma|Max Steelspike|p1a: Rayquaza
|-damage|p1a: Rayquaza|39/100
|-boost|p2a: Necrozma|def|1
|
|-weather|DeltaStream|[upkeep]
|upkeep
|turn|4
|
|t:|1663825052
|move|p1a: Rayquaza|Earthquake|p2a: Necrozma
|-supereffective|p2a: Necrozma
|-damage|p2a: Necrozma|51/100
|move|p2a: Necrozma|Max Steelspike|p1a: Rayquaza
|-damage|p1a: Rayquaza|0 fnt
|-boost|p2a: Necrozma|def|1
|faint|p1a: Rayquaza
|-weather|none
|
|upkeep
|c| DrMario69|zamn u getting owned
|c|☆Ike745|fax
|c| DrMario69|hey dtc07
|inactive|Ike745 has 120 seconds left.
|c|☆Ike745|if only u werent on a different call
|c| DrMario69|whats ur favorite kanye song
|c|☆dtc07|idk
|
|t:|1663825090
|switch|p1a: Arceus|Arceus, shiny|100/100
|turn|5
|c| DrMario69|name one of em u like
|
|t:|1663825096
|-end|p2a: Necrozma|Dynamax
|-heal|p2a: Necrozma|51/100|[silent]
|switch|p2a: Zacian|Zacian-Crowned|100/100
|-ability|p2a: Zacian|Intrepid Sword|boost
|-boost|p2a: Zacian|atk|1
|move|p1a: Arceus|Recover||[still]
|-fail|p1a: Arceus|heal
|
|upkeep
|turn|6
|
|t:|1663825103
|move|p2a: Zacian|Behemoth Blade|p1a: Arceus
|-damage|p1a: Arceus|27/100
|move|p1a: Arceus|Shadow Claw|p2a: Zacian
|-damage|p2a: Zacian|79/100
|
|upkeep
|turn|7
|
|t:|1663825109
|move|p1a: Arceus|Extreme Speed|p2a: Zacian
|-resisted|p2a: Zacian
|-damage|p2a: Zacian|59/100
|move|p2a: Zacian|Behemoth Blade|p1a: Arceus
|-damage|p1a: Arceus|0 fnt
|faint|p1a: Arceus
|
|upkeep
|
|t:|1663825123
|switch|p1a: Calyrex|Calyrex-Shadow|100/100
|-ability|p1a: Calyrex|As One
|-ability|p1a: Calyrex|Unnerve
|turn|8
|c| DrMario69|arceus dark or norm
|
|t:|1663825139
|switch|p2a: Arceus|Arceus-Dark|100/100
|move|p1a: Calyrex|Nasty Plot|p1a: Calyrex
|-boost|p1a: Calyrex|spa|2
|
|upkeep
|turn|9
|c| DrMario69|called it
|c|☆dtc07|if caly doesn't sweep me gg
|c|☆dtc07|so hopefully
|
|t:|1663825163
|-start|p1a: Calyrex|Dynamax|
|-heal|p1a: Calyrex|100/100|[silent]
|move|p1a: Calyrex|Max Starfall|p2a: Arceus
|-supereffective|p2a: Arceus
|-damage|p2a: Arceus|22/100
|-fieldstart|move: Misty Terrain
|move|p2a: Arceus|Judgment|p1a: Calyrex
|-supereffective|p1a: Calyrex
|-damage|p1a: Calyrex|11/100
|
|upkeep
|turn|10
|c| DrMario69|gg lol
|
|t:|1663825179
|move|p1a: Calyrex|Max Phantasm|p2a: Arceus
|-resisted|p2a: Arceus
|-damage|p2a: Arceus|0 fnt
|faint|p2a: Arceus
|-ability|p1a: Calyrex|Grim Neigh|boost
|-boost|p1a: Calyrex|spa|1
|
|upkeep
|
|t:|1663825183
|switch|p2a: Ho-Oh|Ho-Oh|100/100
|turn|11
|c| DrMario69|protect here
|c|☆dtc07|gg probs
|c| DrMario69|psyshock does more
|c|☆dtc07|caly is broken asf
|c| DrMario69|well
|c| DrMario69|honestly ghost prob still kilsl
|c| DrMario69|kills
|inactive|Ike745 has 120 seconds left.
|c|☆dtc07|yeah
|
|t:|1663825217
|move|p1a: Calyrex|Max Phantasm|p2a: Ho-Oh
|-damage|p2a: Ho-Oh|0 fnt
|faint|p2a: Ho-Oh
|-ability|p1a: Calyrex|Grim Neigh|boost
|-boost|p1a: Calyrex|spa|1
|
|upkeep
|c|☆dtc07|yeah gg
|c|☆Ike745|gg
|inactive|dtc07 has 120 seconds left.
|c| DrMario69|gg playa
|
|t:|1663825230
|switch|p2a: Kyurem|Kyurem-Black|100/100
|-ability|p2a: Kyurem|Teravolt
|-end|p1a: Calyrex|Dynamax
|-heal|p1a: Calyrex|11/100|[silent]
|turn|12
|c|☆Ike745|this mon crazy
|c|☆dtc07|fr
|
|t:|1663825237
|move|p1a: Calyrex|Astral Barrage|p2a: Kyurem
|-damage|p2a: Kyurem|0 fnt
|faint|p2a: Kyurem
|-ability|p1a: Calyrex|Grim Neigh|boost
|-boost|p1a: Calyrex|spa|1
|
|upkeep
|
|t:|1663825243
|switch|p2a: Necrozma|Necrozma-Dusk-Mane|51/100
|turn|13
|c|☆Ike745|i was scared that was scarfed lmao
|c|☆Ike745|ive seen it before
|
|t:|1663825250
|move|p1a: Calyrex|Astral Barrage|p2a: Necrozma
|-supereffective|p2a: Necrozma
|-damage|p2a: Necrozma|0 fnt
|faint|p2a: Necrozma
|-ability|p1a: Calyrex|Grim Neigh|boost
|-boost|p1a: Calyrex|spa|1
|
|-fieldend|Misty Terrain
|upkeep
|
|t:|1663825252
|switch|p2a: Zacian|Zacian-Crowned|59/100
|-ability|p2a: Zacian|Intrepid Sword|boost
|-boost|p2a: Zacian|atk|1
|turn|14
|c| DrMario69|ye i thought u were playing us
|c| DrMario69|lol
|
|t:|1663825256
|move|p1a: Calyrex|Astral Barrage|p2a: Zacian
|-damage|p2a: Zacian|0 fnt
|faint|p2a: Zacian
|
|upkeep
|
|t:|1663825259
|switch|p2a: Rayquaza|Rayquaza-Mega|100/100
|-weather|DeltaStream|[from] ability: Delta Stream|[of] p2a: Rayquaza
|turn|15
|
|t:|1663825261
|move|p1a: Calyrex|Astral Barrage|p2a: Rayquaza
|-damage|p2a: Rayquaza|0 fnt
|faint|p2a: Rayquaza
|-weather|none
|
|win|Ike745
|raw|Ike745's rating: 1768 &rarr; <strong>1794</strong><br />(+26 for winning)
|raw|dtc07's rating: 1876 &rarr; <strong>1850</strong><br />(-26 for losing)
|l|☆dtc07
|c|☆Ike745|im fr the goat after that
|c| DrMario69|uh huh
