|j|☆CLEAR GEM清瑜
|j|☆seidou45
|t:|1660995004
|gametype|singles
|player|p1|CLEAR GEM清瑜|skierf|1728
|player|p2|seidou45|lucas|1729
|teamsize|p1|6
|teamsize|p2|6
|gen|8
|tier|[Gen 8] National Dex AG
|rated|
|rule|HP Percentage Mod: HP is shown in percentages
|rule|Endless Battle Clause: Forcing endless battles is banned
|clearpoke
|poke|p1|Rayquaza|
|poke|p1|Groudon|
|poke|p1|Necrozma-Dusk-Mane|
|poke|p1|Arceus-*|
|poke|p1|Arceus-*|
|poke|p1|Arceus-*|
|poke|p2|Zapdos|
|poke|p2|Yveltal|
|poke|p2|Lugia|
|poke|p2|Zygarde|
|poke|p2|Necrozma-Dusk-Mane|
|poke|p2|Zacian-*|
|teampreview
|inactive|Battle timer is ON: inactive players will automatically lose when time's up. (requested by CLEAR GEM清瑜)
|
|t:|1660995011
|start
|switch|p1a: 不会(?)|Groudon|100/100
|switch|p2a: Zygarde|Zygarde, shiny|100/100
|detailschange|p1a: 不会(?)|Groudon-Primal
|-primal|p1a: 不会(?)
|-weather|DesolateLand|[from] ability: Desolate Land|[of] p1a: 不会(?)
|turn|1
|
|t:|1660995016
|move|p2a: Zygarde|Substitute|p2a: Zygarde
|-start|p2a: Zygarde|Substitute
|-damage|p2a: Zygarde|76/100
|move|p1a: 不会(?)|Stealth Rock|p2a: Zygarde
|-sidestart|p2: seidou45|move: Stealth Rock
|
|-weather|DesolateLand|[upkeep]
|-heal|p2a: Zygarde|82/100|[from] item: Leftovers
|upkeep
|turn|2
|
|t:|1660995019
|move|p2a: Zygarde|Glare|p1a: 不会(?)
|-status|p1a: 不会(?)|par
|move|p1a: 不会(?)|Roar|p2a: Zygarde
|drag|p2a: Necrozma|Necrozma-Dusk-Mane, shiny|100/100
|-damage|p2a: Necrozma|94/100|[from] Stealth Rock
|
|-weather|DesolateLand|[upkeep]
|upkeep
|turn|3
|
|t:|1660995022
|move|p2a: Necrozma|Stealth Rock|p1a: 不会(?)
|-sidestart|p1: CLEAR GEM清瑜|move: Stealth Rock
|move|p1a: 不会(?)|Precipice Blades|p2a: Necrozma
|-supereffective|p2a: Necrozma
|-damage|p2a: Necrozma|29/100
|
|-weather|DesolateLand|[upkeep]
|upkeep
|turn|4
|
|t:|1660995027
|move|p2a: Necrozma|Morning Sun|p2a: Necrozma
|-heal|p2a: Necrozma|95/100
|move|p1a: 不会(?)|Roar|p2a: Necrozma
|drag|p2a: Zapdos|Zapdos, shiny|100/100
|
|-weather|DesolateLand|[upkeep]
|upkeep
|turn|5
|
|t:|1660995031
|move|p2a: Zapdos|Hurricane|p1a: 不会(?)
|-damage|p1a: 不会(?)|61/100 par
|-start|p1a: 不会(?)|confusion
|-activate|p1a: 不会(?)|confusion
|move|p1a: 不会(?)|Heat Crash|p2a: Zapdos
|-damage|p2a: Zapdos|13/100
|
|-weather|DesolateLand|[upkeep]
|upkeep
|turn|6
|
|t:|1660995038
|move|p2a: Zapdos|Roost|p2a: Zapdos
|-heal|p2a: Zapdos|63/100
|-singleturn|p2a: Zapdos|move: Roost
|-activate|p1a: 不会(?)|confusion
|move|p1a: 不会(?)|Heat Crash|p2a: Zapdos
|-damage|p2a: Zapdos|0 fnt
|faint|p2a: Zapdos
|
|-weather|DesolateLand|[upkeep]
|upkeep
|
|t:|1660995048
|switch|p2a: Yveltal|Yveltal, shiny|100/100
|-damage|p2a: Yveltal|76/100|[from] Stealth Rock
|-ability|p2a: Yveltal|Dark Aura
|turn|7
|c|☆CLEAR GEM清瑜|omg
|
|t:|1660995051
|move|p2a: Yveltal|Dark Pulse|p1a: 不会(?)
|-damage|p1a: 不会(?)|0 fnt
|faint|p1a: 不会(?)
|-weather|none
|-damage|p2a: Yveltal|66/100|[from] item: Life Orb
|
|upkeep
|
|t:|1660995056
|switch|p1a: 究极辅助|Arceus-Dark|100/100
|-damage|p1a: 究极辅助|88/100|[from] Stealth Rock
|turn|8
|
|t:|1660995060
|switch|p2a: Zacian|Zacian, shiny|100/100
|-damage|p2a: Zacian|88/100|[from] Stealth Rock
|-ability|p2a: Zacian|Intrepid Sword|boost
|-boost|p2a: Zacian|atk|1
|move|p1a: 究极辅助|Judgment|p2a: Zacian
|-resisted|p2a: Zacian
|-damage|p2a: Zacian|64/100
|
|upkeep
|turn|9
|
|t:|1660995066
|move|p2a: Zacian|Close Combat|p1a: 究极辅助
|-supereffective|p1a: 究极辅助
|-damage|p1a: 究极辅助|0 fnt
|-unboost|p2a: Zacian|def|1
|-unboost|p2a: Zacian|spd|1
|faint|p1a: 究极辅助
|
|upkeep
|
|t:|1660995073
|switch|p1a: 悬空羊驼|Arceus-Flying|100/100
|-damage|p1a: 悬空羊驼|76/100|[from] Stealth Rock
|turn|10
|
|t:|1660995077
|switch|p2a: Lugia|Lugia, shiny|100/100
|-damage|p2a: Lugia|76/100|[from] Stealth Rock
|-start|p1a: 悬空羊驼|Dynamax|
|-heal|p1a: 悬空羊驼|76/100|[silent]
|move|p1a: 悬空羊驼|Max Airstream|p2a: Lugia
|-damage|p2a: Lugia|28/100
|-boost|p1a: 悬空羊驼|spe|1
|
|-heal|p2a: Lugia|34/100|[from] item: Leftovers
|upkeep
|turn|11
|
|t:|1660995084
|move|p1a: 悬空羊驼|Max Airstream|p2a: Lugia
|-damage|p2a: Lugia|0 fnt
|-boost|p1a: 悬空羊驼|spe|1
|faint|p2a: Lugia
|
|upkeep
|
|t:|1660995087
|switch|p2a: Zygarde|Zygarde, shiny|82/100
|-damage|p2a: Zygarde|76/100|[from] Stealth Rock
|turn|12
|
|t:|1660995090
|move|p1a: 悬空羊驼|Max Airstream|p2a: Zygarde
|-damage|p2a: Zygarde|18/100
|-boost|p1a: 悬空羊驼|spe|1
|move|p2a: Zygarde|Glare|p1a: 悬空羊驼
|-status|p1a: 悬空羊驼|par
|
|-heal|p2a: Zygarde|25/100|[from] item: Leftovers
|-activate|p2a: Zygarde|ability: Power Construct
|detailschange|p2a: Zygarde|Zygarde-Complete, shiny
|-heal|p2a: Zygarde|51/100|[silent]
|upkeep
|-end|p1a: 悬空羊驼|Dynamax
|-heal|p1a: 悬空羊驼|76/100 par|[silent]
|turn|13
|
|t:|1660995094
|move|p1a: 悬空羊驼|Judgment|p2a: Zygarde
|-damage|p2a: Zygarde|24/100
|move|p2a: Zygarde|Coil|p2a: Zygarde
|-boost|p2a: Zygarde|atk|1
|-boost|p2a: Zygarde|def|1
|-boost|p2a: Zygarde|accuracy|1
|
|-heal|p2a: Zygarde|30/100|[from] item: Leftovers
|upkeep
|turn|14
|
|t:|1660995096
|cant|p1a: 悬空羊驼|par
|move|p2a: Zygarde|Thousand Arrows|p1a: 悬空羊驼
|-damage|p1a: 悬空羊驼|41/100 par
|-start|p1a: 悬空羊驼|Smack Down
|
|-heal|p2a: Zygarde|36/100|[from] item: Leftovers
|upkeep
|turn|15
|
|t:|1660995103
|-start|p2a: Zygarde|Dynamax|
|-heal|p2a: Zygarde|36/100|[silent]
|cant|p1a: 悬空羊驼|par
|move|p2a: Zygarde|Max Quake|p1a: 悬空羊驼
|-damage|p1a: 悬空羊驼|0 fnt
|-boost|p2a: Zygarde|spd|1
|faint|p1a: 悬空羊驼
|
|-heal|p2a: Zygarde|39/100|[from] item: Leftovers
|upkeep
|
|t:|1660995108
|switch|p1a: 乱杀P古|Arceus-Ground|100/100
|-damage|p1a: 乱杀P古|94/100|[from] Stealth Rock
|turn|16
|
|t:|1660995110
|move|p1a: 乱杀P古|Ice Beam|p2a: Zygarde
|-supereffective|p2a: Zygarde
|-damage|p2a: Zygarde|19/100
|move|p2a: Zygarde|Max Quake|p1a: 乱杀P古
|-damage|p1a: 乱杀P古|48/100
|-boost|p2a: Zygarde|spd|1
|
|-heal|p2a: Zygarde|22/100|[from] item: Leftovers
|upkeep
|turn|17
|
|t:|1660995116
|move|p1a: 乱杀P古|Recover|p1a: 乱杀P古
|-heal|p1a: 乱杀P古|98/100
|move|p2a: Zygarde|Max Quake|p1a: 乱杀P古
|-damage|p1a: 乱杀P古|50/100
|-boost|p2a: Zygarde|spd|1
|
|-heal|p2a: Zygarde|25/100|[from] item: Leftovers
|upkeep
|-end|p2a: Zygarde|Dynamax
|-heal|p2a: Zygarde|25/100|[silent]
|turn|18
|j| Cosmic Power1
|
|t:|1660995120
|move|p1a: 乱杀P古|Ice Beam|p2a: Zygarde
|-supereffective|p2a: Zygarde
|-damage|p2a: Zygarde|2/100
|-status|p2a: Zygarde|frz
|cant|p2a: Zygarde|frz
|
|-heal|p2a: Zygarde|8/100 frz|[from] item: Leftovers
|upkeep
|turn|19
|
|t:|1660995124
|move|p1a: 乱杀P古|Recover|p1a: 乱杀P古
|-heal|p1a: 乱杀P古|99/100
|-curestatus|p2a: Zygarde|frz|[msg]
|move|p2a: Zygarde|Glare|p1a: 乱杀P古
|-status|p1a: 乱杀P古|par
|
|-heal|p2a: Zygarde|14/100|[from] item: Leftovers
|upkeep
|turn|20
|
|t:|1660995128
|move|p2a: Zygarde|Thousand Arrows|p1a: 乱杀P古
|-damage|p1a: 乱杀P古|70/100 par
|move|p1a: 乱杀P古|Ice Beam|p2a: Zygarde
|-supereffective|p2a: Zygarde
|-damage|p2a: Zygarde|0 fnt
|faint|p2a: Zygarde
|
|upkeep
|
|t:|1660995132
|switch|p2a: Yveltal|Yveltal, shiny|66/100
|-damage|p2a: Yveltal|41/100|[from] Stealth Rock
|-ability|p2a: Yveltal|Dark Aura
|turn|21
|
|t:|1660995134
|move|p2a: Yveltal|Dark Pulse|p1a: 乱杀P古
|-damage|p1a: 乱杀P古|22/100 par
|-damage|p2a: Yveltal|31/100|[from] item: Life Orb
|move|p1a: 乱杀P古|Ice Beam|p2a: Yveltal
|-supereffective|p2a: Yveltal
|-damage|p2a: Yveltal|0 fnt
|faint|p2a: Yveltal
|
|upkeep
|
|t:|1660995138
|switch|p2a: Zacian|Zacian, shiny|64/100
|-damage|p2a: Zacian|52/100|[from] Stealth Rock
|-ability|p2a: Zacian|Intrepid Sword|boost
|-boost|p2a: Zacian|atk|1
|turn|22
|
|t:|1660995143
|move|p2a: Zacian|Crunch|p1a: 乱杀P古
|-damage|p1a: 乱杀P古|0 fnt
|faint|p1a: 乱杀P古
|
|upkeep
|
|t:|1660995146
|switch|p1a: 钢铁之躯|Necrozma-Dusk-Mane|100/100
|-damage|p1a: 钢铁之躯|94/100|[from] Stealth Rock
|turn|23
|j| Buck is stallish
|
|t:|1660995148
|move|p2a: Zacian|Crunch|p1a: 钢铁之躯
|-supereffective|p1a: 钢铁之躯
|-damage|p1a: 钢铁之躯|29/100
|move|p1a: 钢铁之躯|Dragon Dance|p1a: 钢铁之躯
|-boost|p1a: 钢铁之躯|atk|1
|-boost|p1a: 钢铁之躯|spe|1
|
|upkeep
|turn|24
|
|t:|1660995150
|detailschange|p1a: 钢铁之躯|Necrozma-Ultra
|-burst|p1a: 钢铁之躯|Necrozma|Ultranecrozium Z
|move|p1a: 钢铁之躯|Photon Geyser|p2a: Zacian
|-damage|p2a: Zacian|0 fnt
|faint|p2a: Zacian
|
|upkeep
|
|t:|1660995152
|switch|p2a: Necrozma|Necrozma-Dusk-Mane, shiny|95/100
|-damage|p2a: Necrozma|89/100|[from] Stealth Rock
|turn|25
|
|t:|1660995155
|move|p1a: 钢铁之躯|Earthquake|p2a: Necrozma
|-supereffective|p2a: Necrozma
|-damage|p2a: Necrozma|24/100
|move|p2a: Necrozma|Sunsteel Strike|p1a: 钢铁之躯
|-damage|p1a: 钢铁之躯|0 fnt
|faint|p1a: 钢铁之躯
|
|upkeep
|
|t:|1660995157
|switch|p1a: 烈龙无敌|Rayquaza, shiny|100/100
|-damage|p1a: 烈龙无敌|76/100|[from] Stealth Rock
|-ability|p1a: 烈龙无敌|Air Lock
|turn|26
|inactive|seidou45 has 120 seconds left.
|inactive|seidou45 has 90 seconds left.
|
|t:|1660995218
|detailschange|p1a: 烈龙无敌|Rayquaza-Mega, shiny
|-mega|p1a: 烈龙无敌|Rayquaza|
|-weather|DeltaStream|[from] ability: Delta Stream|[of] p1a: 烈龙无敌
|move|p1a: 烈龙无敌|Earthquake|p2a: Necrozma
|-supereffective|p2a: Necrozma
|-damage|p2a: Necrozma|0 fnt
|faint|p2a: Necrozma
|
|win|CLEAR GEM清瑜
|raw|CLEAR GEM清瑜's rating: 1728 &rarr; <strong>1748</strong><br />(+20 for winning)
|raw|seidou45's rating: 1729 &rarr; <strong>1709</strong><br />(-20 for losing)
|l|☆seidou45
|c|☆CLEAR GEM清瑜|gg
