|j|☆Chemist90
|j|☆speedeoxys
|t:|1658573894
|gametype|singles
|player|p1|Chemist90|lucas|1517
|player|p2|speedeoxys|n|1583
|teamsize|p1|6
|teamsize|p2|6
|gen|8
|tier|[Gen 8] National Dex AG
|rated|
|rule|HP Percentage Mod: HP is shown in percentages
|rule|Endless Battle Clause: Forcing endless battles is banned
|clearpoke
|poke|p1|Ditto|
|poke|p1|Groudon|
|poke|p1|Yveltal|
|poke|p1|Zacian-*|
|poke|p1|Calyrex-Shadow|
|poke|p1|Kartana|
|poke|p2|Zacian-*|
|poke|p2|Rayquaza|
|poke|p2|Yveltal|
|poke|p2|Deoxys-Speed|
|poke|p2|Arceus-*|
|poke|p2|Ditto|
|teampreview
|inactive|Battle timer is ON: inactive players will automatically lose when time's up. (requested by speedeoxys)
|
|t:|1658573910
|start
|switch|p1a: Bacon birb|Yveltal, shiny|100/100
|switch|p2a: Deoxys|Deoxys-Speed|100/100
|-ability|p2a: Deoxys|Pressure
|-ability|p1a: Bacon birb|Dark Aura
|turn|1
|
|t:|1658573916
|move|p2a: Deoxys|Taunt|p1a: Bacon birb
|-start|p1a: Bacon birb|move: Taunt
|move|p1a: Bacon birb|Foul Play|p2a: Deoxys
|-supereffective|p2a: Deoxys
|-damage|p2a: Deoxys|27/100
|
|upkeep
|turn|2
|
|t:|1658573920
|move|p2a: Deoxys|Stealth Rock|p1a: Bacon birb
|-sidestart|p1: Chemist90|move: Stealth Rock
|move|p1a: Bacon birb|Foul Play|p2a: Deoxys
|-supereffective|p2a: Deoxys
|-damage|p2a: Deoxys|0 fnt
|faint|p2a: Deoxys
|
|upkeep
|
|t:|1658573941
|switch|p2a: Yveltal|Yveltal|100/100
|-ability|p2a: Yveltal|Dark Aura
|turn|3
|
|t:|1658573949
|-start|p2a: Yveltal|Dynamax|
|-heal|p2a: Yveltal|100/100|[silent]
|move|p2a: Yveltal|Max Airstream|p1a: Bacon birb
|-damage|p1a: Bacon birb|38/100
|-boost|p2a: Yveltal|spe|1
|-damage|p2a: Yveltal|96/100|[from] item: Life Orb
|move|p1a: Bacon birb|Foul Play|p2a: Yveltal
|-resisted|p2a: Yveltal
|-damage|p2a: Yveltal|85/100
|
|-end|p1a: Bacon birb|move: Taunt
|upkeep
|turn|4
|
|t:|1658573956
|move|p2a: Yveltal|Max Airstream|p1a: Bacon birb
|-damage|p1a: Bacon birb|0 fnt
|-boost|p2a: Yveltal|spe|1
|faint|p1a: Bacon birb
|-damage|p2a: Yveltal|81/100|[from] item: Life Orb
|
|upkeep
|
|t:|1658573963
|switch|p1a: Hot topic|Groudon|100/100
|-damage|p1a: Hot topic|94/100|[from] Stealth Rock
|detailschange|p1a: Hot topic|Groudon-Primal
|-primal|p1a: Hot topic
|-weather|DesolateLand|[from] ability: Desolate Land|[of] p1a: Hot topic
|turn|5
|
|t:|1658573967
|move|p2a: Yveltal|Max Darkness|p1a: Hot topic
|-damage|p1a: Hot topic|18/100
|-unboost|p1a: Hot topic|spd|1
|-damage|p2a: Yveltal|76/100|[from] item: Life Orb
|move|p1a: Hot topic|Stealth Rock|p2a: Yveltal
|-sidestart|p2: speedeoxys|move: Stealth Rock
|
|-weather|DesolateLand|[upkeep]
|upkeep
|-end|p2a: Yveltal|Dynamax
|-heal|p2a: Yveltal|76/100|[silent]
|turn|6
|
|t:|1658573975
|move|p2a: Yveltal|Oblivion Wing|p1a: Hot topic
|-damage|p1a: Hot topic|0 fnt
|-heal|p2a: Yveltal|89/100|[from] drain|[of] p1a: Hot topic
|faint|p1a: Hot topic
|-weather|none
|-damage|p2a: Yveltal|79/100|[from] item: Life Orb
|
|upkeep
|
|t:|1658573979
|switch|p1a: Broken meta doggo|Zacian-Crowned|100/100
|-damage|p1a: Broken meta doggo|94/100|[from] Stealth Rock
|-ability|p1a: Broken meta doggo|Intrepid Sword|boost
|-boost|p1a: Broken meta doggo|atk|1
|turn|7
|
|t:|1658573985
|move|p2a: Yveltal|Heat Wave|p1a: Broken meta doggo|[miss]
|-miss|p2a: Yveltal|p1a: Broken meta doggo
|move|p1a: Broken meta doggo|Play Rough|p2a: Yveltal|[miss]
|-miss|p1a: Broken meta doggo|p2a: Yveltal
|
|upkeep
|turn|8
|
|t:|1658573995
|move|p2a: Yveltal|Heat Wave|p1a: Broken meta doggo
|-supereffective|p1a: Broken meta doggo
|-damage|p1a: Broken meta doggo|7/100
|-damage|p2a: Yveltal|69/100|[from] item: Life Orb
|move|p1a: Broken meta doggo|Play Rough|p2a: Yveltal
|-supereffective|p2a: Yveltal
|-damage|p2a: Yveltal|0 fnt
|faint|p2a: Yveltal
|
|upkeep
|
|t:|1658573998
|switch|p2a: Ditto|Ditto|100/100
|-damage|p2a: Ditto|88/100|[from] Stealth Rock
|-transform|p2a: Ditto|p1a: Broken meta doggo|[from] ability: Imposter
|-ability|p2a: Ditto|Intrepid Sword|boost
|-boost|p2a: Ditto|atk|1
|turn|9
|
|t:|1658574003
|move|p2a: Ditto|Behemoth Blade|p1a: Broken meta doggo
|-damage|p1a: Broken meta doggo|0 fnt
|faint|p1a: Broken meta doggo
|
|upkeep
|
|t:|1658574008
|switch|p1a: Union makes force|Calyrex-Shadow|100/100
|-ability|p1a: Union makes force|As One
|-ability|p1a: Union makes force|Unnerve
|-damage|p1a: Union makes force|88/100|[from] Stealth Rock
|turn|10
|
|t:|1658574013
|-start|p1a: Union makes force|Dynamax|
|-heal|p1a: Union makes force|88/100|[silent]
|move|p2a: Ditto|Behemoth Blade|p1a: Union makes force
|-damage|p1a: Union makes force|0 fnt
|faint|p1a: Union makes force
|
|upkeep
|
|t:|1658574020
|switch|p1a: Kartana|Kartana|100/100
|-damage|p1a: Kartana|94/100|[from] Stealth Rock
|turn|11
|
|t:|1658574023
|move|p2a: Ditto|Behemoth Blade|p1a: Kartana
|-resisted|p1a: Kartana
|-damage|p1a: Kartana|32/100
|move|p1a: Kartana|Swords Dance|p1a: Kartana
|-boost|p1a: Kartana|atk|2
|
|upkeep
|turn|12
|-message|Chemist90 forfeited.
|
|win|speedeoxys
|raw|Chemist90's rating: 1517 &rarr; <strong>1501</strong><br />(-16 for losing)
|raw|speedeoxys's rating: 1583 &rarr; <strong>1599</strong><br />(+16 for winning)
|l|☆Chemist90
