|j|☆prostalooo
|j|☆Chemist90
|t:|1653160131
|gametype|singles
|player|p1|prostalooo|266|1296
|player|p2|Chemist90|lucas|1398
|teamsize|p1|6
|teamsize|p2|6
|gen|8
|tier|[Gen 8] National Dex AG
|rated|
|rule|HP Percentage Mod: HP is shown in percentages
|rule|Endless Battle Clause: Forcing endless battles is banned
|clearpoke
|poke|p1|Shedinja|
|poke|p1|Mimikyu, M|
|poke|p1|Slowbro-Galar, F|
|poke|p1|Breloom, F|
|poke|p1|Xatu, M|
|poke|p1|Treecko, L1, M|
|poke|p2|Vivillon-Pokeball, M|
|poke|p2|Quagsire, M|
|poke|p2|Kangaskhan, F|
|poke|p2|Marshadow|
|poke|p2|Comfey, F|
|poke|p2|Shuckle, M|
|teampreview
|j| Pandadumpling1
|
|t:|1653160159
|start
|switch|p1a: Treecko|Treecko, L1, M|100/100
|switch|p2a: Mother of family|Kangaskhan, F|100/100
|turn|1
|
|t:|1653160167
|switch|p1a: Breloom|Breloom, F|100/100
|move|p2a: Mother of family|Fake Out|p1a: Breloom
|-damage|p1a: Breloom|82/100
|
|-status|p1a: Breloom|tox|[from] item: Toxic Orb
|upkeep
|turn|2
|c|☆prostalooo|ha lame
|
|t:|1653160189
|switch|p2a: Marksahdou|Marshadow|100/100
|move|p1a: Breloom|Spore|p2a: Marksahdou
|-status|p2a: Marksahdou|slp|[from] move: Spore
|
|-heal|p1a: Breloom|94/100 tox|[from] ability: Poison Heal
|upkeep
|turn|3
|c|☆prostalooo|imagine thinking I would risk a fake out
|
|t:|1653160204
|cant|p2a: Marksahdou|slp
|move|p1a: Breloom|Substitute|p1a: Breloom
|-start|p1a: Breloom|Substitute
|-damage|p1a: Breloom|70/100 tox
|
|-heal|p1a: Breloom|82/100 tox|[from] ability: Poison Heal
|upkeep
|turn|4
|
|t:|1653160212
|-curestatus|p2a: Marksahdou|slp|[msg]
|move|p2a: Marksahdou|Spectral Thief|p1a: Breloom
|-damage|p1a: Breloom|33/100 tox
|move|p1a: Breloom|Leech Seed|p2a: Marksahdou
|-start|p2a: Marksahdou|move: Leech Seed
|
|-damage|p2a: Marksahdou|88/100|[from] Leech Seed|[of] p1a: Breloom
|-heal|p1a: Breloom|45/100 tox|[silent]
|-heal|p1a: Breloom|57/100 tox|[from] ability: Poison Heal
|upkeep
|turn|5
|
|t:|1653160226
|move|p2a: Marksahdou|Spectral Thief|p1a: Breloom
|-damage|p1a: Breloom|7/100 tox
|move|p1a: Breloom|Spore|p2a: Marksahdou
|-status|p2a: Marksahdou|slp|[from] move: Spore
|
|-damage|p2a: Marksahdou|76/100 slp|[from] Leech Seed|[of] p1a: Breloom
|-heal|p1a: Breloom|20/100 tox|[silent]
|-heal|p1a: Breloom|32/100 tox|[from] ability: Poison Heal
|upkeep
|turn|6
|
|t:|1653160238
|cant|p2a: Marksahdou|slp
|move|p1a: Breloom|Spore|p2a: Marksahdou
|-fail|p2a: Marksahdou|slp
|
|-damage|p2a: Marksahdou|63/100 slp|[from] Leech Seed|[of] p1a: Breloom
|-heal|p1a: Breloom|44/100 tox|[silent]
|-heal|p1a: Breloom|57/100 tox|[from] ability: Poison Heal
|upkeep
|turn|7
|
|t:|1653160247
|cant|p2a: Marksahdou|slp
|move|p1a: Breloom|Spore|p2a: Marksahdou
|-fail|p2a: Marksahdou|slp
|
|-damage|p2a: Marksahdou|51/100 slp|[from] Leech Seed|[of] p1a: Breloom
|-heal|p1a: Breloom|69/100 tox|[silent]
|-heal|p1a: Breloom|82/100 tox|[from] ability: Poison Heal
|upkeep
|turn|8
|
|t:|1653160257
|-curestatus|p2a: Marksahdou|slp|[msg]
|move|p2a: Marksahdou|Spectral Thief|p1a: Breloom
|-damage|p1a: Breloom|29/100 tox
|move|p1a: Breloom|Spore|p2a: Marksahdou
|-status|p2a: Marksahdou|slp|[from] move: Spore
|
|-damage|p2a: Marksahdou|38/100 slp|[from] Leech Seed|[of] p1a: Breloom
|-heal|p1a: Breloom|42/100 tox|[silent]
|-heal|p1a: Breloom|54/100 tox|[from] ability: Poison Heal
|upkeep
|turn|9
|
|t:|1653160277
|cant|p2a: Marksahdou|slp
|move|p1a: Breloom|Facade|p2a: Marksahdou
|-immune|p2a: Marksahdou
|
|-damage|p2a: Marksahdou|26/100 slp|[from] Leech Seed|[of] p1a: Breloom
|-heal|p1a: Breloom|66/100 tox|[silent]
|-heal|p1a: Breloom|79/100 tox|[from] ability: Poison Heal
|upkeep
|turn|10
|
|t:|1653160287
|cant|p2a: Marksahdou|slp
|move|p1a: Breloom|Spore|p2a: Marksahdou
|-fail|p2a: Marksahdou|slp
|
|-damage|p2a: Marksahdou|13/100 slp|[from] Leech Seed|[of] p1a: Breloom
|-heal|p1a: Breloom|91/100 tox|[silent]
|-heal|p1a: Breloom|100/100 tox|[from] ability: Poison Heal
|upkeep
|turn|11
|
|t:|1653160297
|cant|p2a: Marksahdou|slp
|move|p1a: Breloom|Spore|p2a: Marksahdou
|-fail|p2a: Marksahdou|slp
|
|-damage|p2a: Marksahdou|1/100 slp|[from] Leech Seed|[of] p1a: Breloom
|upkeep
|turn|12
|
|t:|1653160305
|-curestatus|p2a: Marksahdou|slp|[msg]
|move|p2a: Marksahdou|Close Combat|p1a: Breloom
|-end|p1a: Breloom|Substitute
|-unboost|p2a: Marksahdou|def|1
|-unboost|p2a: Marksahdou|spd|1
|move|p1a: Breloom|Spore|p2a: Marksahdou
|-status|p2a: Marksahdou|slp|[from] move: Spore
|
|-damage|p2a: Marksahdou|0 fnt|[from] Leech Seed|[of] p1a: Breloom
|faint|p2a: Marksahdou
|upkeep
|
|t:|1653160317
|switch|p2a: Another butterfly|Vivillon-Pokeball, M|100/100
|turn|13
|
|t:|1653160324
|move|p2a: Another butterfly|Hurricane|p1a: Breloom
|-supereffective|p1a: Breloom
|-damage|p1a: Breloom|0 fnt
|faint|p1a: Breloom
|
|upkeep
|
|t:|1653160338
|switch|p1a: Xatu|Xatu, M|100/100
|turn|14
|
|t:|1653160345
|move|p1a: Xatu|Air Slash|p2a: Another butterfly
|-supereffective|p2a: Another butterfly
|-damage|p2a: Another butterfly|7/100
|cant|p2a: Another butterfly|flinch
|
|-heal|p2a: Another butterfly|13/100|[from] item: Leftovers
|upkeep
|turn|15
|c|☆prostalooo|bad team overall
|
|t:|1653160369
|move|p1a: Xatu|Air Slash|p2a: Another butterfly
|-supereffective|p2a: Another butterfly
|-damage|p2a: Another butterfly|0 fnt
|faint|p2a: Another butterfly
|
|upkeep
|c|☆prostalooo|I'm talking about yours btw
|
|t:|1653160377
|switch|p2a: Flowy ring|Comfey, F, shiny|100/100
|turn|16
|
|t:|1653160386
|move|p1a: Xatu|Reflect|p1a: Xatu
|-sidestart|p1: prostalooo|Reflect
|move|p2a: Flowy ring|Calm Mind|p2a: Flowy ring
|-boost|p2a: Flowy ring|spa|1
|-boost|p2a: Flowy ring|spd|1
|
|upkeep
|turn|17
|
|t:|1653160392
|move|p1a: Xatu|Light Screen|p1a: Xatu
|-sidestart|p1: prostalooo|move: Light Screen
|move|p2a: Flowy ring|Calm Mind|p2a: Flowy ring
|-boost|p2a: Flowy ring|spa|1
|-boost|p2a: Flowy ring|spd|1
|
|upkeep
|turn|18
|
|t:|1653160398
|switch|p1a: Slowbro|Slowbro-Galar, F|100/100
|move|p2a: Flowy ring|Calm Mind|p2a: Flowy ring
|-boost|p2a: Flowy ring|spa|1
|-boost|p2a: Flowy ring|spd|1
|
|upkeep
|turn|19
|
|t:|1653160405
|move|p2a: Flowy ring|Calm Mind|p2a: Flowy ring
|-boost|p2a: Flowy ring|spa|1
|-boost|p2a: Flowy ring|spd|1
|move|p1a: Slowbro|Poison Jab|p2a: Flowy ring
|-supereffective|p2a: Flowy ring
|-damage|p2a: Flowy ring|11/100
|
|upkeep
|turn|20
|
|t:|1653160412
|move|p2a: Flowy ring|Draining Kiss|p1a: Slowbro
|-resisted|p1a: Slowbro
|-crit|p1a: Slowbro
|-damage|p1a: Slowbro|26/100
|-heal|p2a: Flowy ring|84/100|[from] drain|[of] p1a: Slowbro
|-damage|p2a: Flowy ring|74/100|[from] item: Life Orb
|move|p1a: Slowbro|Poison Jab|p2a: Flowy ring
|-supereffective|p2a: Flowy ring
|-damage|p2a: Flowy ring|0 fnt
|faint|p2a: Flowy ring
|
|-sideend|p1: prostalooo|Reflect
|upkeep
|
|t:|1653160422
|switch|p2a: Mother of family|Kangaskhan, F|100/100
|turn|21
|
|t:|1653160436
|switch|p1a: Shedinja|Shedinja|100/100
|detailschange|p2a: Mother of family|Kangaskhan-Mega, F
|-mega|p2a: Mother of family|Kangaskhan|Kangaskhanite
|move|p2a: Mother of family|Shadow Claw|p1a: Shedinja
|-supereffective|p1a: Shedinja
|-enditem|p1a: Shedinja|Focus Sash
|-damage|p1a: Shedinja|100/100
|-supereffective|p1a: Shedinja
|-crit|p1a: Shedinja
|-damage|p1a: Shedinja|0 fnt
|faint|p1a: Shedinja
|-hitcount|p1: Shedinja|2
|
|-sideend|p1: prostalooo|move: Light Screen
|upkeep
|
|t:|1653160452
|switch|p1a: Treecko|Treecko, L1, M|100/100
|turn|22
|
|t:|1653160459
|move|p2a: Mother of family|Fake Out||[still]
|-hint|Fake Out only works on your first turn out.
|-fail|p2a: Mother of family
|move|p1a: Treecko|Endeavor|p2a: Mother of family
|-damage|p2a: Mother of family|4/100
|
|upkeep
|turn|23
|
|t:|1653160469
|switch|p1a: Xatu|Xatu, M|100/100
|move|p2a: Mother of family|Body Slam|p1a: Xatu
|-damage|p1a: Xatu|44/100
|-status|p1a: Xatu|par
|-damage|p1a: Xatu|29/100 par
|-hitcount|p1a: Xatu|2
|
|upkeep
|turn|24
|
|t:|1653160481
|move|p2a: Mother of family|Shadow Claw|p1a: Xatu
|-supereffective|p1a: Xatu
|-damage|p1a: Xatu|0 fnt
|faint|p1a: Xatu
|-hitcount|p1: Xatu|1
|
|upkeep
|
|t:|1653160489
|switch|p1a: Mimikyu|Mimikyu, M|100/100
|turn|25
|
|t:|1653160493
|move|p2a: Mother of family|Shadow Claw|p1a: Mimikyu
|-activate|p1a: Mimikyu|ability: Disguise
|-damage|p1a: Mimikyu|100/100
|detailschange|p1a: Mimikyu|Mimikyu-Busted, M
|-damage|p1a: Mimikyu|88/100|[from] pokemon: Mimikyu-Busted
|-supereffective|p1a: Mimikyu
|-damage|p1a: Mimikyu|71/100
|-hitcount|p1a: Mimikyu|2
|move|p1a: Mimikyu|Play Rough|p2a: Mother of family
|-damage|p2a: Mother of family|0 fnt
|faint|p2a: Mother of family
|
|upkeep
|
|t:|1653160506
|switch|p2a: Shuckle|Shuckle, M|100/100
|turn|26
|
|t:|1653160513
|move|p1a: Mimikyu|Swords Dance|p1a: Mimikyu
|-boost|p1a: Mimikyu|atk|2
|move|p2a: Shuckle|Stealth Rock|p1a: Mimikyu
|-sidestart|p1: prostalooo|move: Stealth Rock
|
|upkeep
|turn|27
|
|t:|1653160528
|move|p1a: Mimikyu|Play Rough|p2a: Shuckle|[miss]
|-miss|p1a: Mimikyu|p2a: Shuckle
|move|p2a: Shuckle|Encore|p1a: Mimikyu
|-start|p1a: Mimikyu|Encore
|
|upkeep
|turn|28
|
|t:|1653160543
|-start|p1a: Mimikyu|Dynamax|
|-heal|p1a: Mimikyu|71/100|[silent]
|move|p1a: Mimikyu|Max Starfall|p2a: Shuckle
|-damage|p2a: Shuckle|45/100
|-fieldstart|move: Misty Terrain
|move|p2a: Shuckle|Sticky Web|p1a: Mimikyu
|-sidestart|p1: prostalooo|move: Sticky Web
|
|upkeep
|turn|29
|
|t:|1653160554
|move|p1a: Mimikyu|Max Starfall|p2a: Shuckle
|-damage|p2a: Shuckle|0 fnt
|faint|p2a: Shuckle
|
|upkeep
|
|t:|1653160561
|switch|p2a: Woop woop|Quagsire, M|100/100
|turn|30
|
|t:|1653160566
|-start|p2a: Woop woop|Dynamax|
|-heal|p2a: Woop woop|100/100|[silent]
|move|p1a: Mimikyu|Max Starfall|p2a: Woop woop
|-damage|p2a: Woop woop|83/100
|move|p2a: Woop woop|Max Quake|p1a: Mimikyu
|-damage|p1a: Mimikyu|41/100
|-boost|p2a: Woop woop|spd|1
|
|-heal|p2a: Woop woop|86/100|[from] item: Leftovers
|-end|p1a: Mimikyu|Encore
|upkeep
|-end|p1a: Mimikyu|Dynamax
|-heal|p1a: Mimikyu|41/100|[silent]
|turn|31
|
|t:|1653160585
|move|p1a: Mimikyu|Play Rough|p2a: Woop woop
|-crit|p2a: Woop woop
|-damage|p2a: Woop woop|66/100
|move|p2a: Woop woop|Max Geyser|p1a: Mimikyu
|-damage|p1a: Mimikyu|3/100
|-weather|RainDance
|
|-weather|RainDance|[upkeep]
|-heal|p2a: Woop woop|69/100|[from] item: Leftovers
|upkeep
|turn|32
|
|t:|1653160601
|move|p1a: Mimikyu|Play Rough|p2a: Woop woop
|-damage|p2a: Woop woop|55/100
|move|p2a: Woop woop|Max Quake|p1a: Mimikyu
|-damage|p1a: Mimikyu|0 fnt
|-boost|p2a: Woop woop|spd|1
|faint|p1a: Mimikyu
|
|-weather|RainDance|[upkeep]
|-heal|p2a: Woop woop|58/100|[from] item: Leftovers
|-fieldend|Misty Terrain
|upkeep
|
|t:|1653160616
|switch|p1a: Slowbro|Slowbro-Galar, F|26/100
|-damage|p1a: Slowbro|14/100|[from] Stealth Rock
|-activate|p1a: Slowbro|move: Sticky Web
|-unboost|p1a: Slowbro|spe|1
|-end|p2a: Woop woop|Dynamax
|-heal|p2a: Woop woop|59/100|[silent]
|turn|33
|
|t:|1653160628
|move|p2a: Woop woop|Earthquake|p1a: Slowbro
|-supereffective|p1a: Slowbro
|-damage|p1a: Slowbro|0 fnt
|faint|p1a: Slowbro
|
|-weather|RainDance|[upkeep]
|-heal|p2a: Woop woop|65/100|[from] item: Leftovers
|upkeep
|
|t:|1653160636
|switch|p1a: Treecko|Treecko, L1, M|100/100
|-damage|p1a: Treecko|92/100|[from] Stealth Rock
|-activate|p1a: Treecko|move: Sticky Web
|-unboost|p1a: Treecko|spe|1
|turn|34
|
|t:|1653160643
|move|p2a: Woop woop|Earthquake|p1a: Treecko
|-resisted|p1a: Treecko
|-damage|p1a: Treecko|0 fnt
|faint|p1a: Treecko
|
|win|Chemist90
|raw|prostalooo's rating: 1296 &rarr; <strong>1278</strong><br />(-18 for losing)
|raw|Chemist90's rating: 1398 &rarr; <strong>1412</strong><br />(+14 for winning)
|c|☆prostalooo|lmao
|c|☆Chemist90|LMAO bad team overall
|c|☆prostalooo|🥵
|c|☆prostalooo|you should put this in a video UwU
||Ladder isn't responding, score probably updated but might not have (Request timeout).
|l| Pandadumpling1
