|j|☆PM77Switch
|j|☆Madamadam2
|t:|1648917092
|gametype|singles
|player|p1|PM77Switch|dawn|1674
|player|p2|Madamadam2|firebreather|1728
|teamsize|p1|6
|teamsize|p2|6
|gen|8
|tier|[Gen 8] National Dex AG
|rated|
|rule|HP Percentage Mod: HP is shown in percentages
|rule|Endless Battle Clause: Forcing endless battles is banned
|clearpoke
|poke|p1|Groudon|
|poke|p1|Arceus-*|
|poke|p1|Yveltal|
|poke|p1|Thundurus, M|
|poke|p1|Rayquaza|
|poke|p1|Zacian-*|
|poke|p2|Arceus-*|
|poke|p2|Arceus-*|
|poke|p2|Calyrex-Shadow|
|poke|p2|Rayquaza|
|poke|p2|Necrozma-Dusk-Mane|
|poke|p2|Zacian-*|
|teampreview
|inactive|Battle timer is ON: inactive players will automatically lose when time's up. (requested by PM77Switch)
|
|t:|1648917103
|start
|switch|p1a: Groudon|Groudon|100/100
|switch|p2a: no zacian|Arceus-Ground|100/100
|detailschange|p1a: Groudon|Groudon-Primal
|-primal|p1a: Groudon
|-weather|DesolateLand|[from] ability: Desolate Land|[of] p1a: Groudon
|turn|1
|
|t:|1648917107
|move|p2a: no zacian|Judgment|p1a: Groudon
|-supereffective|p1a: Groudon
|-crit|p1a: Groudon
|-damage|p1a: Groudon|0 fnt
|faint|p1a: Groudon
|-weather|none
|
|upkeep
|
|t:|1648917115
|switch|p1a: Arceus|Arceus-Water, shiny|100/100
|turn|2
|
|t:|1648917124
|switch|p2a: Arceus|Arceus-Fairy|100/100
|move|p1a: Arceus|Judgment|p2a: Arceus
|-damage|p2a: Arceus|69/100
|
|upkeep
|turn|3
|
|t:|1648917130
|switch|p1a: Zacian|Zacian-Crowned, shiny|100/100
|-ability|p1a: Zacian|Intrepid Sword|boost
|-boost|p1a: Zacian|atk|1
|move|p2a: Arceus|Will-O-Wisp|p1a: Zacian
|-status|p1a: Zacian|brn
|
|-damage|p1a: Zacian|94/100 brn|[from] brn
|upkeep
|turn|4
|
|t:|1648917135
|switch|p2a: no zacian|Arceus-Ground|100/100
|move|p1a: Zacian|Behemoth Blade|p2a: no zacian
|-damage|p2a: no zacian|78/100
|
|-damage|p1a: Zacian|88/100 brn|[from] brn
|upkeep
|turn|5
|inactive|PM77Switch has 120 seconds left.
|
|t:|1648917171
|switch|p1a: Arceus|Arceus-Water, shiny|100/100
|move|p2a: no zacian|Ice Beam|p1a: Arceus
|-resisted|p1a: Arceus
|-damage|p1a: Arceus|91/100
|
|upkeep
|turn|6
|
|t:|1648917180
|switch|p2a: snake|Rayquaza|100/100
|-ability|p2a: snake|Air Lock
|move|p1a: Arceus|Judgment|p2a: snake
|-resisted|p2a: snake
|-damage|p2a: snake|70/100
|
|upkeep
|turn|7
|
|t:|1648917189
|detailschange|p2a: snake|Rayquaza-Mega
|-mega|p2a: snake|Rayquaza|
|-weather|DeltaStream|[from] ability: Delta Stream|[of] p2a: snake
|move|p2a: snake|Dragon Ascent|p1a: Arceus
|-damage|p1a: Arceus|0 fnt
|-unboost|p2a: snake|def|1
|-unboost|p2a: snake|spd|1
|faint|p1a: Arceus
|
|-weather|DeltaStream|[upkeep]
|upkeep
|
|t:|1648917199
|switch|p1a: Yveltal|Yveltal, shiny|100/100
|-ability|p1a: Yveltal|Dark Aura
|turn|8
|
|t:|1648917202
|-weather|none
|switch|p2a: Arceus|Arceus-Fairy|69/100
|-start|p1a: Yveltal|Dynamax|
|-heal|p1a: Yveltal|100/100|[silent]
|move|p1a: Yveltal|Max Airstream|p2a: Arceus
|-damage|p2a: Arceus|35/100
|-boost|p1a: Yveltal|spe|1
|
|upkeep
|turn|9
|
|t:|1648917211
|move|p1a: Yveltal|Max Airstream|p2a: Arceus
|-damage|p2a: Arceus|0 fnt
|-boost|p1a: Yveltal|spe|1
|faint|p2a: Arceus
|
|upkeep
|
|t:|1648917219
|switch|p2a: no zacian|Arceus-Ground|78/100
|turn|10
|
|t:|1648917224
|move|p1a: Yveltal|Max Airstream|p2a: no zacian
|-damage|p2a: no zacian|30/100
|-boost|p1a: Yveltal|spe|1
|move|p2a: no zacian|Recover|p2a: no zacian
|-heal|p2a: no zacian|80/100
|
|-end|p1a: Yveltal|Dynamax
|-heal|p1a: Yveltal|100/100|[silent]
|upkeep
|turn|11
|
|t:|1648917237
|move|p1a: Yveltal|Dark Pulse|p2a: no zacian
|-damage|p2a: no zacian|42/100
|move|p2a: no zacian|Recover|p2a: no zacian
|-heal|p2a: no zacian|92/100
|
|upkeep
|turn|12
|
|t:|1648917243
|move|p1a: Yveltal|Dark Pulse|p2a: no zacian
|-damage|p2a: no zacian|56/100
|move|p2a: no zacian|Ice Beam|p1a: Yveltal
|-supereffective|p1a: Yveltal
|-damage|p1a: Yveltal|60/100
|-enditem|p1a: Yveltal|Weakness Policy
|-boost|p1a: Yveltal|atk|2|[from] item: Weakness Policy
|-boost|p1a: Yveltal|spa|2|[from] item: Weakness Policy
|
|upkeep
|turn|13
|
|t:|1648917255
|move|p1a: Yveltal|Oblivion Wing|p2a: no zacian
|-damage|p2a: no zacian|0 fnt
|-heal|p1a: Yveltal|100/100|[from] drain|[of] p2a: no zacian
|faint|p2a: no zacian
|
|upkeep
|
|t:|1648917259
|switch|p2a: snake|Rayquaza-Mega|70/100
|-weather|DeltaStream|[from] ability: Delta Stream|[of] p2a: snake
|turn|14
|
|t:|1648917261
|move|p2a: snake|Extreme Speed|p1a: Yveltal
|-damage|p1a: Yveltal|48/100
|move|p1a: Yveltal|Oblivion Wing|p2a: snake
|-damage|p2a: snake|0 fnt
|-heal|p1a: Yveltal|94/100|[from] drain|[of] p2a: snake
|faint|p2a: snake
|-weather|none
|
|upkeep
|
|t:|1648917282
|switch|p2a: horse|Calyrex-Shadow|100/100
|-ability|p2a: horse|As One
|-ability|p2a: horse|Unnerve
|turn|15
|
|t:|1648917288
|move|p1a: Yveltal|Dark Pulse|p2a: horse
|-supereffective|p2a: horse
|-crit|p2a: horse
|-damage|p2a: horse|0 fnt
|faint|p2a: horse
|
|upkeep
|
|t:|1648917292
|switch|p2a: ew|Necrozma-Dusk-Mane|100/100
|turn|16
|
|t:|1648917296
|move|p1a: Yveltal|Dark Pulse|p2a: ew
|-supereffective|p2a: ew
|-damage|p2a: ew|0 fnt
|faint|p2a: ew
|
|upkeep
|
|t:|1648917300
|switch|p2a: Zacian|Zacian-Crowned|100/100
|-ability|p2a: Zacian|Intrepid Sword|boost
|-boost|p2a: Zacian|atk|1
|turn|17
|
|t:|1648917302
|move|p1a: Yveltal|Heat Wave|p2a: Zacian
|-supereffective|p2a: Zacian
|-damage|p2a: Zacian|0 fnt
|faint|p2a: Zacian
|
|win|PM77Switch
|raw|PM77Switch's rating: 1674 &rarr; <strong>1697</strong><br />(+23 for winning)
|raw|Madamadam2's rating: 1728 &rarr; <strong>1705</strong><br />(-23 for losing)
|c|☆Madamadam2|gg
|c|☆PM77Switch|gg
|l|☆Madamadam2
|l|☆PM77Switch
||Ladder isn't responding, score probably updated but might not have (Request timeout).
|j|☆Madamadam2
|player|p2|Madamadam2|firebreather
