|j|☆makeWEEDleLegal
|j|☆High ladder bros
|t:|1661826554
|gametype|singles
|player|p1|makeWEEDleLegal|li|1486
|player|p2|High ladder bros|adaman|1664
|teamsize|p1|6
|teamsize|p2|6
|gen|8
|tier|[Gen 8] National Dex AG
|rated|
|rule|HP Percentage Mod: HP is shown in percentages
|rule|Endless Battle Clause: Forcing endless battles is banned
|clearpoke
|poke|p1|Necrozma-Dusk-Mane|
|poke|p1|Yveltal|
|poke|p1|Calyrex-Shadow|
|poke|p1|Groudon|
|poke|p1|Arceus-*|
|poke|p1|Xerneas-*|
|poke|p2|Rayquaza|
|poke|p2|Arceus-*|
|poke|p2|Arceus-*|
|poke|p2|Tyranitar, M|
|poke|p2|Ho-Oh|
|poke|p2|Necrozma-Dusk-Mane|
|teampreview
|inactive|Battle timer is ON: inactive players will automatically lose when time's up. (requested by High ladder bros)
|j| xstrxl Lxnc3
|c|☆makeWEEDleLegal|i think imma lose
|c|☆makeWEEDleLegal|but imma try
|
|t:|1661826583
|start
|switch|p1a: sheep|Groudon|100/100
|switch|p2a: Arceus|Arceus-Ground, shiny|100/100
|detailschange|p1a: sheep|Groudon-Primal
|-primal|p1a: sheep
|-weather|DesolateLand|[from] ability: Desolate Land|[of] p1a: sheep
|turn|1
|inactive|High ladder bros has 120 seconds left.
|
|t:|1661826618
|move|p2a: Arceus|Judgment|p1a: sheep
|-supereffective|p1a: sheep
|-damage|p1a: sheep|26/100
|move|p1a: sheep|Stealth Rock|p2a: Arceus
|-sidestart|p2: High ladder bros|move: Stealth Rock
|
|-weather|DesolateLand|[upkeep]
|upkeep
|turn|2
|inactive|High ladder bros has 120 seconds left.
|
|t:|1661826626
|-weather|none
|switch|p1a: Ah your awake.|Yveltal|100/100
|-ability|p1a: Ah your awake.|Dark Aura
|move|p2a: Arceus|Ice Beam|p1a: Ah your awake.
|-supereffective|p1a: Ah your awake.
|-damage|p1a: Ah your awake.|67/100
|
|upkeep
|turn|3
|
|t:|1661826632
|switch|p2a: Tyranitar|Tyranitar, M, shiny|100/100
|-damage|p2a: Tyranitar|88/100|[from] Stealth Rock
|-weather|Sandstorm|[from] ability: Sand Stream|[of] p2a: Tyranitar
|move|p1a: Ah your awake.|Foul Play|p2a: Tyranitar
|-resisted|p2a: Tyranitar
|-damage|p2a: Tyranitar|66/100
|
|-weather|Sandstorm|[upkeep]
|-damage|p1a: Ah your awake.|60/100|[from] Sandstorm
|-heal|p2a: Tyranitar|73/100|[from] item: Leftovers
|upkeep
|turn|4
|inactive|High ladder bros has 120 seconds left.
|
|t:|1661826672
|move|p1a: Ah your awake.|U-turn|p2a: Tyranitar
|-supereffective|p2a: Tyranitar
|-damage|p2a: Tyranitar|38/100
|l| xstrxl Lxnc3
|
|t:|1661826678
|switch|p1a: sheep|Groudon-Primal|26/100|[from]move: U-turn
|-weather|DesolateLand|[from] ability: Desolate Land|[of] p1a: sheep
|move|p2a: Tyranitar|Stealth Rock|p1a: sheep
|-sidestart|p1: makeWEEDleLegal|move: Stealth Rock
|
|-weather|DesolateLand|[upkeep]
|-heal|p2a: Tyranitar|44/100|[from] item: Leftovers
|upkeep
|turn|5
|
|t:|1661826690
|switch|p2a: 1|Rayquaza|100/100
|-damage|p2a: 1|76/100|[from] Stealth Rock
|-ability|p2a: 1|Air Lock
|move|p1a: sheep|Precipice Blades|p2a: 1
|-immune|p2a: 1
|
|-weather|DesolateLand|[upkeep]
|upkeep
|turn|6
|
|t:|1661826705
|-weather|none
|switch|p1a: wowowow|Xerneas, shiny|100/100
|-damage|p1a: wowowow|88/100|[from] Stealth Rock
|-ability|p1a: wowowow|Fairy Aura
|detailschange|p2a: 1|Rayquaza-Mega
|-mega|p2a: 1|Rayquaza|
|-weather|DeltaStream|[from] ability: Delta Stream|[of] p2a: 1
|move|p2a: 1|Dragon Ascent|p1a: wowowow
|-damage|p1a: wowowow|0 fnt
|-unboost|p2a: 1|def|1
|-unboost|p2a: 1|spd|1
|faint|p1a: wowowow
|
|-weather|DeltaStream|[upkeep]
|upkeep
|
|t:|1661826709
|switch|p1a: skill issue ngl :)|Calyrex-Shadow|100/100
|-ability|p1a: skill issue ngl :)|As One
|-ability|p1a: skill issue ngl :)|Unnerve
|-damage|p1a: skill issue ngl :)|88/100|[from] Stealth Rock
|turn|7
|inactive|High ladder bros has 120 seconds left.
|
|t:|1661826723
|-weather|none
|switch|p2a: Ho-Oh|Ho-Oh, shiny|100/100
|-start|p1a: skill issue ngl :)|Dynamax|
|-heal|p1a: skill issue ngl :)|88/100|[silent]
|move|p1a: skill issue ngl :)|Max Starfall|p2a: Ho-Oh
|-resisted|p2a: Ho-Oh
|-damage|p2a: Ho-Oh|91/100
|-fieldstart|move: Misty Terrain
|
|upkeep
|turn|8
|
|t:|1661826733
|-start|p2a: Ho-Oh|Dynamax|
|-heal|p2a: Ho-Oh|91/100|[silent]
|move|p2a: Ho-Oh|Max Guard|p2a: Ho-Oh
|-singleturn|p2a: Ho-Oh|Max Guard
|move|p1a: skill issue ngl :)|Max Phantasm|p2a: Ho-Oh
|-activate|p2a: Ho-Oh|move: Max Guard
|
|upkeep
|turn|9
|inactive|High ladder bros has 120 seconds left.
|inactive|makeWEEDleLegal has 120 seconds left.
|
|t:|1661826767
|move|p1a: skill issue ngl :)|Max Phantasm|p2a: Ho-Oh
|-damage|p2a: Ho-Oh|70/100
|-unboost|p2a: Ho-Oh|def|1
|move|p2a: Ho-Oh|Max Airstream|p1a: skill issue ngl :)
|-damage|p1a: skill issue ngl :)|49/100
|-boost|p2a: Ho-Oh|spe|1
|
|upkeep
|-end|p1a: skill issue ngl :)|Dynamax
|-heal|p1a: skill issue ngl :)|49/100|[silent]
|turn|10
|
|t:|1661826774
|move|p1a: skill issue ngl :)|Astral Barrage|p2a: Ho-Oh
|-damage|p2a: Ho-Oh|54/100
|move|p2a: Ho-Oh|Max Airstream|p1a: skill issue ngl :)
|-damage|p1a: skill issue ngl :)|0 fnt
|-boost|p2a: Ho-Oh|spe|1
|faint|p1a: skill issue ngl :)
|
|upkeep
|j| LocalMetagross
|inactive|makeWEEDleLegal has 120 seconds left.
|c|☆makeWEEDleLegal|i dont understand
|c|☆makeWEEDleLegal|how is it so tanky
|l| LocalMetagross
|
|t:|1661826804
|switch|p1a: doggy!|Arceus-Water|100/100
|-damage|p1a: doggy!|88/100|[from] Stealth Rock
|-end|p2a: Ho-Oh|Dynamax
|-heal|p2a: Ho-Oh|54/100|[silent]
|turn|11
|
|t:|1661826815
|switch|p2a: 1|Rayquaza-Mega|76/100
|-damage|p2a: 1|51/100|[from] Stealth Rock
|-weather|DeltaStream|[from] ability: Delta Stream|[of] p2a: 1
|move|p1a: doggy!|Judgment|p2a: 1
|-resisted|p2a: 1
|-damage|p2a: 1|26/100
|
|-weather|DeltaStream|[upkeep]
|-fieldend|Misty Terrain
|upkeep
|turn|12
|
|t:|1661826824
|move|p1a: doggy!|Ice Beam|p2a: 1
|-activate||deltastream
|-supereffective|p2a: 1
|-damage|p2a: 1|0 fnt
|faint|p2a: 1
|-weather|none
|
|upkeep
|inactive|High ladder bros has 120 seconds left.
|
|t:|1661826855
|switch|p2a: Necrozma|Necrozma-Dusk-Mane, shiny|100/100
|-damage|p2a: Necrozma|94/100|[from] Stealth Rock
|turn|13
|c|☆makeWEEDleLegal|if i win this i get to 1500 so im rooting on my brain right now
|
|t:|1661826863
|switch|p1a: Ah your awake.|Yveltal|60/100
|-ability|p1a: Ah your awake.|Dark Aura
|move|p2a: Necrozma|Dragon Dance|p2a: Necrozma
|-boost|p2a: Necrozma|atk|1
|-boost|p2a: Necrozma|spe|1
|
|upkeep
|turn|14
|
|t:|1661826870
|move|p2a: Necrozma|Stone Edge|p1a: Ah your awake.
|-supereffective|p1a: Ah your awake.
|-damage|p1a: Ah your awake.|0 fnt
|faint|p1a: Ah your awake.
|
|upkeep
|
|t:|1661826875
|switch|p1a: sheep|Groudon-Primal|26/100
|-damage|p1a: sheep|14/100|[from] Stealth Rock
|-weather|DesolateLand|[from] ability: Desolate Land|[of] p1a: sheep
|turn|15
|
|t:|1661826880
|move|p2a: Necrozma|Iron Head|p1a: sheep
|-resisted|p1a: sheep
|-damage|p1a: sheep|0 fnt
|faint|p1a: sheep
|-weather|none
|
|upkeep
|c|☆makeWEEDleLegal|aw man
|c|☆makeWEEDleLegal|gg :(
|
|t:|1661826888
|switch|p1a: doggy!|Arceus-Water|88/100
|-damage|p1a: doggy!|76/100|[from] Stealth Rock
|turn|16
|
|t:|1661826893
|move|p1a: doggy!|Calm Mind|p1a: doggy!
|-boost|p1a: doggy!|spa|1
|-boost|p1a: doggy!|spd|1
|move|p2a: Necrozma|Dragon Dance|p2a: Necrozma
|-boost|p2a: Necrozma|atk|1
|-boost|p2a: Necrozma|spe|1
|
|upkeep
|turn|17
|
|t:|1661826897
|move|p2a: Necrozma|Iron Head|p1a: doggy!
|-resisted|p1a: doggy!
|-damage|p1a: doggy!|49/100
|cant|p1a: doggy!|flinch
|
|upkeep
|turn|18
|
|t:|1661826900
|move|p2a: Necrozma|Iron Head|p1a: doggy!
|-resisted|p1a: doggy!
|-damage|p1a: doggy!|24/100
|move|p1a: doggy!|Recover|p1a: doggy!
|-heal|p1a: doggy!|74/100
|
|upkeep
|turn|19
|
|t:|1661826903
|move|p2a: Necrozma|Dragon Dance|p2a: Necrozma
|-boost|p2a: Necrozma|atk|1
|-boost|p2a: Necrozma|spe|1
|move|p1a: doggy!|Recover|p1a: doggy!
|-heal|p1a: doggy!|100/100
|
|upkeep
|turn|20
|c|☆makeWEEDleLegal|aww
|
|t:|1661826909
|move|p2a: Necrozma|Iron Head|p1a: doggy!
|-resisted|p1a: doggy!
|-damage|p1a: doggy!|68/100
|move|p1a: doggy!|Calm Mind|p1a: doggy!
|-boost|p1a: doggy!|spa|1
|-boost|p1a: doggy!|spd|1
|
|upkeep
|turn|21
|
|t:|1661826912
|move|p2a: Necrozma|Dragon Dance|p2a: Necrozma
|-boost|p2a: Necrozma|atk|1
|-boost|p2a: Necrozma|spe|1
|move|p1a: doggy!|Recover|p1a: doggy!
|-heal|p1a: doggy!|100/100
|
|upkeep
|turn|22
|
|t:|1661826915
|move|p2a: Necrozma|Iron Head|p1a: doggy!
|-resisted|p1a: doggy!
|-damage|p1a: doggy!|62/100
|cant|p1a: doggy!|flinch
|
|upkeep
|turn|23
|
|t:|1661826921
|move|p2a: Necrozma|Iron Head|p1a: doggy!
|-resisted|p1a: doggy!
|-damage|p1a: doggy!|23/100
|move|p1a: doggy!|Judgment|p2a: Necrozma
|-crit|p2a: Necrozma
|-damage|p2a: Necrozma|0 fnt
|faint|p2a: Necrozma
|
|upkeep
|
|t:|1661826929
|switch|p2a: Arceus|Arceus-Ground, shiny|100/100
|-damage|p2a: Arceus|94/100|[from] Stealth Rock
|turn|24
|
|t:|1661826933
|move|p1a: doggy!|Recover|p1a: doggy!
|-heal|p1a: doggy!|73/100
|move|p2a: Arceus|Judgment|p1a: doggy!
|-damage|p1a: doggy!|55/100
|
|upkeep
|turn|25
|inactive|High ladder bros has 120 seconds left.
|c|☆High ladder bros|Damn crit smh have your 1500 debut
|-message|High ladder bros forfeited.
|
|win|makeWEEDleLegal
|raw|makeWEEDleLegal's rating: 1486 &rarr; <strong>1516</strong><br />(+30 for winning)
|raw|High ladder bros's rating: 1678 &rarr; <strong>1648</strong><br />(-30 for losing)
|l|☆High ladder bros
|c|☆makeWEEDleLegal|TY
||Ladder isn't responding, score probably updated but might not have (Request timeout).
