|j|☆Opnoob 598
|j|☆Batman Magic
|t:|1653064271
|gametype|singles
|player|p1|Opnoob 598|gentleman-gen8|1763
|player|p2|Batman Magic|elaine|1771
|teamsize|p1|6
|teamsize|p2|6
|gen|8
|tier|[Gen 8] National Dex AG
|rated|
|rule|HP Percentage Mod: HP is shown in percentages
|rule|Endless Battle Clause: Forcing endless battles is banned
|clearpoke
|poke|p1|Scolipede, F|
|poke|p1|Smeargle, F|
|poke|p1|Smeargle, F|
|poke|p1|Magearna|
|poke|p1|Mr. Mime, M|
|poke|p1|Espeon, M|
|poke|p2|Arceus-*|
|poke|p2|Arceus-*|
|poke|p2|Groudon|
|poke|p2|Arceus-*|
|poke|p2|Xerneas-*|
|poke|p2|Gengar, F|
|teampreview
|inactive|Battle timer is ON: inactive players will automatically lose when time's up. (requested by Batman Magic)
|
|t:|1653064279
|start
|switch|p1a: Scolipede|Scolipede, F|100/100
|switch|p2a: Gengar|Gengar, F, shiny|100/100
|turn|1
|
|t:|1653064286
|detailschange|p2a: Gengar|Gengar-Mega, F, shiny
|-mega|p2a: Gengar|Gengar|Gengarite
|move|p2a: Gengar|Substitute|p2a: Gengar
|-start|p2a: Gengar|Substitute
|-damage|p2a: Gengar|76/100
|move|p1a: Scolipede|Substitute|p1a: Scolipede
|-start|p1a: Scolipede|Substitute
|-damage|p1a: Scolipede|76/100
|
|-heal|p1a: Scolipede|82/100|[from] item: Black Sludge
|-ability|p1a: Scolipede|Speed Boost|boost
|-boost|p1a: Scolipede|spe|1
|upkeep
|turn|2
|
|t:|1653064289
|move|p1a: Scolipede|Baton Pass|p1a: Scolipede
|
|t:|1653064292
|switch|p1a: Smeargle|Smeargle, F|100/100|[from]move: Baton Pass
|move|p2a: Gengar|Encore||[still]
|-fail|p2a: Gengar
|
|-ability|p1a: Smeargle|Moody|boost
|-boost|p1a: Smeargle|spe|2
|-unboost|p1a: Smeargle|def|1
|upkeep
|turn|3
|
|t:|1653064297
|move|p2a: Gengar|Sludge Bomb|p1a: Smeargle
|-end|p1a: Smeargle|Substitute
|move|p1a: Smeargle|Roar|p2a: Gengar
|drag|p2a: Arceus|Arceus-Water|100/100
|
|-ability|p1a: Smeargle|Moody|boost
|-boost|p1a: Smeargle|spe|2
|-unboost|p1a: Smeargle|spa|1
|upkeep
|turn|4
|
|t:|1653064301
|move|p1a: Smeargle|Spore|p2a: Arceus
|-status|p2a: Arceus|slp|[from] move: Spore
|cant|p2a: Arceus|slp
|
|-ability|p1a: Smeargle|Moody|boost
|-boost|p1a: Smeargle|spe|1
|-unboost|p1a: Smeargle|def|1
|upkeep
|turn|5
|
|t:|1653064307
|move|p1a: Smeargle|Shell Smash|p1a: Smeargle
|-unboost|p1a: Smeargle|def|1
|-unboost|p1a: Smeargle|spd|1
|-boost|p1a: Smeargle|atk|2
|-boost|p1a: Smeargle|spa|2
|-boost|p1a: Smeargle|spe|0
|cant|p2a: Arceus|slp
|
|-ability|p1a: Smeargle|Moody|boost
|-boost|p1a: Smeargle|def|2
|-unboost|p1a: Smeargle|spd|1
|upkeep
|turn|6
|
|t:|1653064309
|move|p1a: Smeargle|Baton Pass|p1a: Smeargle
|
|t:|1653064312
|switch|p1a: Mr. Mime|Mr. Mime, M|100/100|[from]move: Baton Pass
|cant|p2a: Arceus|slp
|
|upkeep
|turn|7
|
|t:|1653064316
|move|p1a: Mr. Mime|Substitute|p1a: Mr. Mime
|-start|p1a: Mr. Mime|Substitute
|-damage|p1a: Mr. Mime|76/100
|-curestatus|p2a: Arceus|slp|[msg]
|move|p2a: Arceus|Perish Song|p2a: Arceus
|-immune|p1a: Mr. Mime|[from] ability: Soundproof
|-start|p2a: Arceus|perish3|[silent]
|-fieldactivate|move: Perish Song
|
|-heal|p1a: Mr. Mime|82/100|[from] item: Leftovers
|-start|p2a: Arceus|perish3
|upkeep
|turn|8
|
|t:|1653064325
|move|p1a: Mr. Mime|Baton Pass|p1a: Mr. Mime
|
|t:|1653064329
|switch|p1a: Smeargle|Smeargle, F|100/100|[from]move: Baton Pass
|move|p2a: Arceus|Whirlpool|p1a: Smeargle
|-end|p1a: Smeargle|Substitute
|
|-start|p2a: Arceus|perish2
|-ability|p1a: Smeargle|Moody|boost
|-boost|p1a: Smeargle|atk|2
|-unboost|p1a: Smeargle|spd|1
|upkeep
|turn|9
|
|t:|1653064334
|move|p1a: Smeargle|Spore|p2a: Arceus
|-status|p2a: Arceus|slp|[from] move: Spore
|cant|p2a: Arceus|slp
|
|-start|p2a: Arceus|perish1
|-ability|p1a: Smeargle|Moody|boost
|-boost|p1a: Smeargle|spa|2
|-unboost|p1a: Smeargle|spe|1
|upkeep
|turn|10
|
|t:|1653064341
|switch|p2a: Arceus|Arceus-Dark|100/100
|move|p1a: Smeargle|Substitute|p1a: Smeargle
|-start|p1a: Smeargle|Substitute
|-damage|p1a: Smeargle|76/100
|
|-heal|p1a: Smeargle|82/100|[from] item: Leftovers
|-ability|p1a: Smeargle|Moody|boost
|-boost|p1a: Smeargle|spd|2
|-unboost|p1a: Smeargle|atk|1
|upkeep
|turn|11
|
|t:|1653064345
|move|p1a: Smeargle|Spore|p2a: Arceus
|-status|p2a: Arceus|slp|[from] move: Spore
|cant|p2a: Arceus|slp
|
|-heal|p1a: Smeargle|88/100|[from] item: Leftovers
|-ability|p1a: Smeargle|Moody|boost
|-boost|p1a: Smeargle|spd|2
|-unboost|p1a: Smeargle|def|1
|upkeep
|turn|12
|
|t:|1653064347
|move|p1a: Smeargle|Minimize|p1a: Smeargle
|-boost|p1a: Smeargle|evasion|2
|cant|p2a: Arceus|slp
|
|-heal|p1a: Smeargle|94/100|[from] item: Leftovers
|-ability|p1a: Smeargle|Moody|boost
|-boost|p1a: Smeargle|def|2
|-unboost|p1a: Smeargle|spe|1
|upkeep
|turn|13
|-message|Batman Magic forfeited.
|
|win|Opnoob 598
|raw|Opnoob 598's rating: 1763 &rarr; <strong>1783</strong><br />(+20 for winning)
|raw|Batman Magic's rating: 1771 &rarr; <strong>1751</strong><br />(-20 for losing)
|l|☆Batman Magic
||Ladder isn't responding, score probably updated but might not have (Request timeout).
|j| Billette
|c|☆Opnoob 598|Bruh momento didn't even let me sweep .-.
|c| Billette|lol gg
|c|☆Opnoob 598|Imagine making a team
|l| Billette
|c|☆Opnoob 598|To beat stall
