|j|☆xLeonisx
|j|☆PKMN1996
|t:|1653672847
|gametype|singles
|player|p1|xLeonisx|1|1512
|player|p2|PKMN1996|silver-gen2kanto|1542
|teamsize|p1|6
|teamsize|p2|6
|gen|8
|tier|[Gen 8] National Dex AG
|rated|
|rule|HP Percentage Mod: HP is shown in percentages
|rule|Endless Battle Clause: Forcing endless battles is banned
|clearpoke
|poke|p1|Deoxys-Speed|
|poke|p1|Ditto|
|poke|p1|Kyogre|
|poke|p1|Calyrex-Shadow|
|poke|p1|Lugia|
|poke|p1|Zacian-*|
|poke|p2|Ribombee, F|
|poke|p2|Gengar, M|
|poke|p2|Groudon|
|poke|p2|Zacian-*|
|poke|p2|Marshadow|
|poke|p2|Tyranitar, M|
|teampreview
|inactive|Battle timer is ON: inactive players will automatically lose when time's up. (requested by PKMN1996)
|
|t:|1653672871
|start
|switch|p1a: Calyrex|Calyrex-Shadow|100/100
|switch|p2a: Tyranitar|Tyranitar, M, shiny|100/100
|-ability|p1a: Calyrex|As One
|-ability|p1a: Calyrex|Unnerve
|-weather|Sandstorm|[from] ability: Sand Stream|[of] p2a: Tyranitar
|turn|1
|
|t:|1653672886
|move|p1a: Calyrex|Trick|p2a: Tyranitar
|-activate|p1a: Calyrex|move: Trick|[of] p2a: Tyranitar
|-item|p2a: Tyranitar|Choice Scarf|[from] move: Trick
|-item|p1a: Calyrex|Leftovers|[from] move: Trick
|move|p2a: Tyranitar|Pursuit|p1a: Calyrex
|-supereffective|p1a: Calyrex
|-damage|p1a: Calyrex|0 fnt
|faint|p1a: Calyrex
|
|-weather|Sandstorm|[upkeep]
|upkeep
|
|t:|1653672898
|switch|p1a: Kyogre|Kyogre|100/100
|detailschange|p1a: Kyogre|Kyogre-Primal
|-primal|p1a: Kyogre
|-weather|PrimordialSea|[from] ability: Primordial Sea|[of] p1a: Kyogre
|turn|2
|
|t:|1653672901
|switch|p2a: Groudon|Groudon, shiny|100/100
|detailschange|p2a: Groudon|Groudon-Primal, shiny
|-primal|p2a: Groudon
|-weather|DesolateLand|[from] ability: Desolate Land|[of] p2a: Groudon
|move|p1a: Kyogre|Ice Beam|p2a: Groudon
|-damage|p2a: Groudon|61/100
|
|-weather|DesolateLand|[upkeep]
|upkeep
|turn|3
|
|t:|1653672909
|switch|p1a: Lugia|Lugia|100/100
|move|p2a: Groudon|Stealth Rock|p1a: Lugia
|-sidestart|p1: xLeonisx|move: Stealth Rock
|
|-weather|DesolateLand|[upkeep]
|upkeep
|turn|4
|
|t:|1653672914
|-weather|none
|switch|p2a: Gengar|Gengar, M|100/100
|move|p1a: Lugia|Toxic|p2a: Gengar
|-immune|p2a: Gengar
|
|upkeep
|turn|5
|
|t:|1653672918
|detailschange|p2a: Gengar|Gengar-Mega, M
|-mega|p2a: Gengar|Gengar|Gengarite
|move|p2a: Gengar|Taunt|p1a: Lugia
|-start|p1a: Lugia|move: Taunt
|cant|p1a: Lugia|move: Taunt|Defog
|
|upkeep
|turn|6
|
|t:|1653672929
|move|p2a: Gengar|Shadow Ball|p1a: Lugia
|-supereffective|p1a: Lugia
|-damage|p1a: Lugia|71/100
|-activate|p1a: Lugia|move: Struggle
|move|p1a: Lugia|Struggle|p2a: Gengar
|-damage|p2a: Gengar|87/100
|-damage|p1a: Lugia|46/100|[from] recoil
|
|upkeep
|turn|7
|
|t:|1653672937
|move|p2a: Gengar|Shadow Ball|p1a: Lugia
|-supereffective|p1a: Lugia
|-crit|p1a: Lugia
|-damage|p1a: Lugia|0 fnt
|faint|p1a: Lugia
|
|upkeep
|
|t:|1653672947
|switch|p1a: Deoxys|Deoxys-Speed|100/100
|-damage|p1a: Deoxys|88/100|[from] Stealth Rock
|-ability|p1a: Deoxys|Pressure
|turn|8
|
|t:|1653672951
|move|p1a: Deoxys|Thunder Wave|p2a: Gengar
|-status|p2a: Gengar|par
|move|p2a: Gengar|Shadow Ball|p1a: Deoxys
|-supereffective|p1a: Deoxys
|-damage|p1a: Deoxys|0 fnt
|faint|p1a: Deoxys
|
|upkeep
|
|t:|1653672956
|switch|p1a: Zacian|Zacian-Crowned|100/100
|-damage|p1a: Zacian|94/100|[from] Stealth Rock
|-ability|p1a: Zacian|Intrepid Sword|boost
|-boost|p1a: Zacian|atk|1
|turn|9
|
|t:|1653672964
|move|p1a: Zacian|Behemoth Blade|p2a: Gengar
|-damage|p2a: Gengar|0 fnt
|faint|p2a: Gengar
|
|upkeep
|
|t:|1653672973
|switch|p2a: Ribombee|Ribombee, F, shiny|100/100
|turn|10
|
|t:|1653672977
|move|p1a: Zacian|Behemoth Blade|p2a: Ribombee
|-supereffective|p2a: Ribombee
|-enditem|p2a: Ribombee|Focus Sash
|-damage|p2a: Ribombee|1/100
|move|p2a: Ribombee|Stun Spore|p1a: Zacian
|-status|p1a: Zacian|par
|
|upkeep
|turn|11
|
|t:|1653672981
|move|p2a: Ribombee|Sticky Web|p1a: Zacian
|-sidestart|p1: xLeonisx|move: Sticky Web
|move|p1a: Zacian|Behemoth Blade|p2a: Ribombee
|-supereffective|p2a: Ribombee
|-damage|p2a: Ribombee|0 fnt
|faint|p2a: Ribombee
|
|upkeep
|
|t:|1653672985
|switch|p2a: Groudon|Groudon-Primal, shiny|61/100
|-weather|DesolateLand|[from] ability: Desolate Land|[of] p2a: Groudon
|turn|12
|
|t:|1653672988
|move|p2a: Groudon|Precipice Blades|p1a: Zacian
|-supereffective|p1a: Zacian
|-damage|p1a: Zacian|0 fnt
|faint|p1a: Zacian
|
|-weather|DesolateLand|[upkeep]
|upkeep
|
|t:|1653672990
|switch|p1a: Kyogre|Kyogre-Primal|100/100
|-damage|p1a: Kyogre|88/100|[from] Stealth Rock
|-activate|p1a: Kyogre|move: Sticky Web
|-unboost|p1a: Kyogre|spe|1
|-weather|PrimordialSea|[from] ability: Primordial Sea|[of] p1a: Kyogre
|turn|13
|
|t:|1653672996
|switch|p2a: Tyranitar|Tyranitar, M, shiny|100/100
|-ability|p2a: Tyranitar|Sand Stream|[from] primordialsea|[fail]
|move|p1a: Kyogre|Origin Pulse|p2a: Tyranitar
|-supereffective|p2a: Tyranitar
|-damage|p2a: Tyranitar|0 fnt
|faint|p2a: Tyranitar
|
|-weather|PrimordialSea|[upkeep]
|upkeep
|
|t:|1653673003
|switch|p2a: Groudon|Groudon-Primal, shiny|61/100
|-weather|DesolateLand|[from] ability: Desolate Land|[of] p2a: Groudon
|turn|14
|
|t:|1653673010
|move|p2a: Groudon|Precipice Blades|p1a: Kyogre
|-damage|p1a: Kyogre|0 fnt
|faint|p1a: Kyogre
|
|-weather|DesolateLand|[upkeep]
|upkeep
|
|t:|1653673012
|switch|p1a: Ditto|Ditto|100/100
|-damage|p1a: Ditto|88/100|[from] Stealth Rock
|-activate|p1a: Ditto|move: Sticky Web
|-unboost|p1a: Ditto|spe|1
|-transform|p1a: Ditto|p2a: Groudon|[from] ability: Imposter
|turn|15
|
|t:|1653673025
|move|p1a: Ditto|Precipice Blades|p2a: Groudon
|-supereffective|p2a: Groudon
|-damage|p2a: Groudon|0 fnt
|faint|p2a: Groudon
|
|-weather|DesolateLand|[upkeep]
|upkeep
|
|t:|1653673028
|switch|p2a: Marshadow|Marshadow|100/100
|turn|16
|
|t:|1653673031
|-start|p2a: Marshadow|Dynamax|
|-heal|p2a: Marshadow|100/100|[silent]
|move|p1a: Ditto|Precipice Blades|p2a: Marshadow
|-damage|p2a: Marshadow|43/100
|move|p2a: Marshadow|Max Phantasm|p1a: Ditto
|-damage|p1a: Ditto|9/100
|-unboost|p1a: Ditto|def|1
|-damage|p2a: Marshadow|38/100|[from] item: Life Orb
|
|-weather|DesolateLand|[upkeep]
|upkeep
|turn|17
|
|t:|1653673044
|-end|p2a: Marshadow|Dynamax
|-heal|p2a: Marshadow|39/100|[silent]
|switch|p2a: Zacian|Zacian-Crowned, shiny|100/100
|-ability|p2a: Zacian|Intrepid Sword|boost
|-boost|p2a: Zacian|atk|1
|move|p1a: Ditto|Precipice Blades|p2a: Zacian
|-supereffective|p2a: Zacian
|-damage|p2a: Zacian|0 fnt
|faint|p2a: Zacian
|
|-weather|DesolateLand|[upkeep]
|upkeep
|
|t:|1653673046
|switch|p2a: Marshadow|Marshadow|39/100
|turn|18
|c|☆PKMN1996|Gg
|c|☆xLeonisx|gg smart play
|
|t:|1653673054
|move|p2a: Marshadow|Shadow Sneak|p1a: Ditto
|-damage|p1a: Ditto|0 fnt
|faint|p1a: Ditto
|-weather|none
|-damage|p2a: Marshadow|29/100|[from] item: Life Orb
|
|win|PKMN1996
|raw|xLeonisx's rating: 1512 &rarr; <strong>1494</strong><br />(-18 for losing)
|raw|PKMN1996's rating: 1542 &rarr; <strong>1560</strong><br />(+18 for winning)
|l|☆xLeonisx
