|j|☆Freeity
|j|☆Play66
|t:|1667348969
|gametype|singles
|player|p1|Freeity|hugh|1557
|player|p2|Play66|170|1543
|teamsize|p1|6
|teamsize|p2|6
|gen|8
|tier|[Gen 8] National Dex AG
|rated|
|rule|HP Percentage Mod: HP is shown in percentages
|rule|Endless Battle Clause: Forcing endless battles is banned
|clearpoke
|poke|p1|Necrozma-Dusk-Mane|
|poke|p1|Arceus-*|
|poke|p1|Zygarde|
|poke|p1|Yveltal|
|poke|p1|Arceus-*|
|poke|p1|Zacian-*|
|poke|p2|Tapu Koko|
|poke|p2|Urshifu-*, F|
|poke|p2|Aegislash, M|
|poke|p2|Salamence, M|
|poke|p2|Rotom-Heat|
|poke|p2|Gliscor, M|
|teampreview
|inactive|Battle timer is ON: inactive players will automatically lose when time's up. (requested by Play66)
|
|t:|1667348991
|start
|switch|p1a: Arceus|Arceus-Fairy|100/100
|switch|p2a: Tapu Koko|Tapu Koko|100/100
|-fieldstart|move: Electric Terrain|[from] ability: Electric Surge|[of] p2a: Tapu Koko
|turn|1
|
|t:|1667348999
|move|p2a: Tapu Koko|Thunderbolt|p1a: Arceus
|-damage|p1a: Arceus|54/100
|move|p1a: Arceus|Toxic|p2a: Tapu Koko
|-status|p2a: Tapu Koko|tox
|
|-damage|p2a: Tapu Koko|94/100 tox|[from] psn
|upkeep
|turn|2
|
|t:|1667349006
|switch|p2a: Aegislash|Aegislash, M|100/100
|move|p1a: Arceus|Recover|p1a: Arceus
|-heal|p1a: Arceus|100/100
|
|upkeep
|turn|3
|
|t:|1667349009
|move|p1a: Arceus|Will-O-Wisp|p2a: Aegislash|[miss]
|-miss|p1a: Arceus|p2a: Aegislash
|move|p2a: Aegislash|Substitute|p2a: Aegislash
|-start|p2a: Aegislash|Substitute
|-damage|p2a: Aegislash|75/100
|
|-heal|p2a: Aegislash|82/100|[from] item: Leftovers
|upkeep
|turn|4
|
|t:|1667349014
|switch|p1a: Zygarde|Zygarde|100/100
|move|p2a: Aegislash|Toxic|p1a: Zygarde
|-status|p1a: Zygarde|tox
|
|-heal|p2a: Aegislash|88/100|[from] item: Leftovers
|-damage|p1a: Zygarde|94/100 tox|[from] psn
|upkeep
|turn|5
|
|t:|1667349018
|move|p2a: Aegislash|King's Shield|p2a: Aegislash
|-singleturn|p2a: Aegislash|Protect
|move|p1a: Zygarde|Thousand Arrows|p2a: Aegislash
|-activate|p2a: Aegislash|move: Protect
|
|-heal|p2a: Aegislash|94/100|[from] item: Leftovers
|-damage|p1a: Zygarde|82/100 tox|[from] psn
|-fieldend|move: Electric Terrain
|upkeep
|turn|6
|
|t:|1667349023
|move|p1a: Zygarde|Thousand Arrows|p2a: Aegislash
|-supereffective|p2a: Aegislash
|-end|p2a: Aegislash|Substitute
|move|p2a: Aegislash|Substitute|p2a: Aegislash
|-start|p2a: Aegislash|Substitute
|-damage|p2a: Aegislash|69/100
|
|-heal|p2a: Aegislash|75/100|[from] item: Leftovers
|-damage|p1a: Zygarde|63/100 tox|[from] psn
|upkeep
|turn|7
|
|t:|1667349029
|move|p2a: Aegislash|King's Shield|p2a: Aegislash
|-singleturn|p2a: Aegislash|Protect
|move|p1a: Zygarde|Rest|p1a: Zygarde
|-status|p1a: Zygarde|slp|[from] move: Rest
|-heal|p1a: Zygarde|100/100 slp|[silent]
|
|-heal|p2a: Aegislash|81/100|[from] item: Leftovers
|upkeep
|turn|8
|
|t:|1667349035
|cant|p1a: Zygarde|slp
|-formechange|p2a: Aegislash|Aegislash-Blade||[from] ability: Stance Change
|move|p2a: Aegislash|Shadow Ball|p1a: Zygarde
|-damage|p1a: Zygarde|67/100 slp
|
|-heal|p2a: Aegislash|88/100|[from] item: Leftovers
|upkeep
|turn|9
|
|t:|1667349042
|cant|p1a: Zygarde|slp
|move|p2a: Aegislash|Shadow Ball|p1a: Zygarde
|-damage|p1a: Zygarde|36/100 slp
|-unboost|p1a: Zygarde|spd|1
|
|-heal|p2a: Aegislash|94/100|[from] item: Leftovers
|-activate|p1a: Zygarde|ability: Power Construct
|detailschange|p1a: Zygarde|Zygarde-Complete
|-heal|p1a: Zygarde|58/100 slp|[silent]
|upkeep
|turn|10
|
|t:|1667349056
|switch|p1a: Yveltal|Yveltal|100/100
|-ability|p1a: Yveltal|Dark Aura
|-formechange|p2a: Aegislash|Aegislash||[from] ability: Stance Change
|move|p2a: Aegislash|King's Shield||[still]
|-fail|p2a: Aegislash
|
|-heal|p2a: Aegislash|99/100|[from] item: Leftovers
|upkeep
|turn|11
|
|t:|1667349065
|switch|p1a: Zygarde|Zygarde-Complete|58/100 slp
|move|p2a: Aegislash|Toxic||[still]
|-fail|p2a: Aegislash
|
|-heal|p2a: Aegislash|100/100|[from] item: Leftovers
|upkeep
|turn|12
|
|t:|1667349073
|-curestatus|p1a: Zygarde|slp|[msg]
|move|p1a: Zygarde|Thousand Arrows|p2a: Aegislash
|-supereffective|p2a: Aegislash
|-end|p2a: Aegislash|Substitute
|move|p2a: Aegislash|Toxic|p1a: Zygarde
|-status|p1a: Zygarde|tox
|
|-damage|p1a: Zygarde|52/100 tox|[from] psn
|upkeep
|turn|13
|
|t:|1667349078
|move|p2a: Aegislash|King's Shield|p2a: Aegislash
|-singleturn|p2a: Aegislash|Protect
|move|p1a: Zygarde|Thousand Arrows|p2a: Aegislash
|-activate|p2a: Aegislash|move: Protect
|
|-damage|p1a: Zygarde|40/100 tox|[from] psn
|upkeep
|turn|14
|
|t:|1667349083
|switch|p2a: Gliscor|Gliscor, M|100/100
|move|p1a: Zygarde|Rest|p1a: Zygarde
|-status|p1a: Zygarde|slp|[from] move: Rest
|-heal|p1a: Zygarde|100/100 slp|[silent]
|
|-status|p2a: Gliscor|tox|[from] item: Toxic Orb
|upkeep
|turn|15
|
|t:|1667349098
|switch|p1a: Arceus|Arceus-Water|100/100
|move|p2a: Gliscor|Stealth Rock|p1a: Arceus
|-sidestart|p1: Freeity|move: Stealth Rock
|
|upkeep
|turn|16
|
|t:|1667349106
|switch|p2a: Salamence|Salamence, M|100/100
|-ability|p2a: Salamence|Intimidate|boost
|-unboost|p1a: Arceus|atk|1
|move|p1a: Arceus|Whirlpool|p2a: Salamence
|-resisted|p2a: Salamence
|-damage|p2a: Salamence|92/100
|-activate|p2a: Salamence|move: Whirlpool|[of] p1a: Arceus
|
|-damage|p2a: Salamence|79/100|[from] move: Whirlpool|[partiallytrapped]
|upkeep
|turn|17
|
|t:|1667349113
|detailschange|p2a: Salamence|Salamence-Mega, M
|-mega|p2a: Salamence|Salamence|Salamencite
|move|p1a: Arceus|Will-O-Wisp|p2a: Salamence|[miss]
|-miss|p1a: Arceus|p2a: Salamence
|move|p2a: Salamence|Substitute|p2a: Salamence
|-start|p2a: Salamence|Substitute
|-end|p2a: Salamence|Whirlpool|[partiallytrapped]|[silent]
|-damage|p2a: Salamence|54/100
|
|upkeep
|turn|18
|
|t:|1667349122
|switch|p1a: Zacian|Zacian-Crowned|100/100
|-damage|p1a: Zacian|94/100|[from] Stealth Rock
|-ability|p1a: Zacian|Intrepid Sword|boost
|-boost|p1a: Zacian|atk|1
|move|p2a: Salamence|Dragon Dance|p2a: Salamence
|-boost|p2a: Salamence|atk|1
|-boost|p2a: Salamence|spe|1
|
|upkeep
|turn|19
|
|t:|1667349126
|move|p2a: Salamence|Frustration|p1a: Zacian
|-resisted|p1a: Zacian
|-damage|p1a: Zacian|56/100
|move|p1a: Zacian|Behemoth Blade|p2a: Salamence
|-end|p2a: Salamence|Substitute
|
|upkeep
|turn|20
|
|t:|1667349136
|switch|p2a: Aegislash|Aegislash, M|100/100
|move|p1a: Zacian|Behemoth Blade|p2a: Aegislash
|-resisted|p2a: Aegislash
|-damage|p2a: Aegislash|58/100
|
|-heal|p2a: Aegislash|64/100|[from] item: Leftovers
|upkeep
|turn|21
|
|t:|1667349142
|switch|p1a: Zygarde|Zygarde-Complete|100/100 slp
|-damage|p1a: Zygarde|94/100 slp|[from] Stealth Rock
|move|p2a: Aegislash|King's Shield||[still]
|-fail|p2a: Aegislash
|
|-heal|p2a: Aegislash|70/100|[from] item: Leftovers
|upkeep
|turn|22
|
|t:|1667349147
|move|p2a: Aegislash|King's Shield|p2a: Aegislash
|-singleturn|p2a: Aegislash|Protect
|cant|p1a: Zygarde|slp
|
|-heal|p2a: Aegislash|76/100|[from] item: Leftovers
|upkeep
|turn|23
|
|t:|1667349152
|cant|p1a: Zygarde|slp
|move|p2a: Aegislash|Substitute|p2a: Aegislash
|-start|p2a: Aegislash|Substitute
|-damage|p2a: Aegislash|51/100
|
|-heal|p2a: Aegislash|57/100|[from] item: Leftovers
|upkeep
|turn|24
|
|t:|1667349158
|move|p2a: Aegislash|King's Shield|p2a: Aegislash
|-singleturn|p2a: Aegislash|Protect
|-curestatus|p1a: Zygarde|slp|[msg]
|move|p1a: Zygarde|Thousand Arrows|p2a: Aegislash
|-activate|p2a: Aegislash|move: Protect
|
|-heal|p2a: Aegislash|63/100|[from] item: Leftovers
|upkeep
|turn|25
|
|t:|1667349161
|move|p1a: Zygarde|Thousand Arrows|p2a: Aegislash
|-supereffective|p2a: Aegislash
|-end|p2a: Aegislash|Substitute
|move|p2a: Aegislash|Toxic|p1a: Zygarde
|-status|p1a: Zygarde|tox
|
|-heal|p2a: Aegislash|70/100|[from] item: Leftovers
|-damage|p1a: Zygarde|88/100 tox|[from] psn
|upkeep
|turn|26
|
|t:|1667349165
|move|p2a: Aegislash|King's Shield|p2a: Aegislash
|-singleturn|p2a: Aegislash|Protect
|move|p1a: Zygarde|Thousand Arrows|p2a: Aegislash
|-activate|p2a: Aegislash|move: Protect
|
|-heal|p2a: Aegislash|76/100|[from] item: Leftovers
|-damage|p1a: Zygarde|76/100 tox|[from] psn
|upkeep
|turn|27
|
|t:|1667349168
|switch|p2a: Gliscor|Gliscor, M|100/100 tox
|move|p1a: Zygarde|Thousand Arrows|p2a: Gliscor
|-damage|p2a: Gliscor|73/100 tox
|-start|p2a: Gliscor|Smack Down
|
|-heal|p2a: Gliscor|86/100 tox|[from] ability: Poison Heal
|-damage|p1a: Zygarde|58/100 tox|[from] psn
|upkeep
|turn|28
|
|t:|1667349173
|move|p2a: Gliscor|U-turn|p1a: Zygarde
|-damage|p1a: Zygarde|52/100 tox
|
|t:|1667349180
|switch|p2a: Salamence|Salamence-Mega, M|54/100|[from]move: U-turn
|move|p1a: Zygarde|Rest|p1a: Zygarde
|-status|p1a: Zygarde|slp|[from] move: Rest
|-heal|p1a: Zygarde|100/100 slp|[silent]
|
|upkeep
|turn|29
|
|t:|1667349199
|switch|p1a: Zacian|Zacian-Crowned|56/100
|-damage|p1a: Zacian|50/100|[from] Stealth Rock
|-ability|p1a: Zacian|Intrepid Sword|boost
|-boost|p1a: Zacian|atk|1
|move|p2a: Salamence|Dragon Dance|p2a: Salamence
|-boost|p2a: Salamence|atk|1
|-boost|p2a: Salamence|spe|1
|
|upkeep
|turn|30
|
|t:|1667349210
|switch|p2a: Rotom|Rotom-Heat|100/100
|move|p1a: Zacian|Behemoth Blade|p2a: Rotom
|-resisted|p2a: Rotom
|-damage|p2a: Rotom|71/100
|
|upkeep
|turn|31
|
|t:|1667349220
|move|p1a: Zacian|Close Combat|p2a: Rotom
|-damage|p2a: Rotom|0 fnt
|-unboost|p1a: Zacian|def|1
|-unboost|p1a: Zacian|spd|1
|faint|p2a: Rotom
|
|upkeep
|
|t:|1667349234
|switch|p2a: Aegislash|Aegislash, M|76/100
|turn|32
|
|t:|1667349258
|switch|p1a: Zygarde|Zygarde-Complete|100/100 slp
|-damage|p1a: Zygarde|94/100 slp|[from] Stealth Rock
|move|p2a: Aegislash|Substitute|p2a: Aegislash
|-start|p2a: Aegislash|Substitute
|-damage|p2a: Aegislash|51/100
|
|-heal|p2a: Aegislash|57/100|[from] item: Leftovers
|upkeep
|turn|33
|
|t:|1667349263
|cant|p1a: Zygarde|slp
|-formechange|p2a: Aegislash|Aegislash-Blade||[from] ability: Stance Change
|move|p2a: Aegislash|Shadow Ball|p1a: Zygarde
|-damage|p1a: Zygarde|73/100 slp
|
|-heal|p2a: Aegislash|63/100|[from] item: Leftovers
|upkeep
|turn|34
|
|t:|1667349266
|cant|p1a: Zygarde|slp
|move|p2a: Aegislash|Shadow Ball|p1a: Zygarde
|-damage|p1a: Zygarde|53/100 slp
|
|-heal|p2a: Aegislash|69/100|[from] item: Leftovers
|upkeep
|turn|35
|
|t:|1667349276
|-curestatus|p1a: Zygarde|slp|[msg]
|move|p1a: Zygarde|Rest|p1a: Zygarde
|-status|p1a: Zygarde|slp|[from] move: Rest
|-heal|p1a: Zygarde|100/100 slp|[silent]
|move|p2a: Aegislash|Toxic||[still]
|-fail|p2a: Aegislash
|
|-heal|p2a: Aegislash|75/100|[from] item: Leftovers
|upkeep
|turn|36
|
|t:|1667349280
|cant|p1a: Zygarde|slp
|move|p2a: Aegislash|Shadow Ball|p1a: Zygarde
|-damage|p1a: Zygarde|80/100 slp
|-unboost|p1a: Zygarde|spd|1
|
|-heal|p2a: Aegislash|82/100|[from] item: Leftovers
|upkeep
|turn|37
|
|t:|1667349289
|cant|p1a: Zygarde|slp
|move|p2a: Aegislash|Shadow Ball|p1a: Zygarde
|-damage|p1a: Zygarde|49/100 slp
|-unboost|p1a: Zygarde|spd|1
|
|-heal|p2a: Aegislash|88/100|[from] item: Leftovers
|upkeep
|turn|38
|
|t:|1667349294
|-curestatus|p1a: Zygarde|slp|[msg]
|move|p1a: Zygarde|Rest|p1a: Zygarde
|-status|p1a: Zygarde|slp|[from] move: Rest
|-heal|p1a: Zygarde|100/100 slp|[silent]
|move|p2a: Aegislash|Shadow Ball|p1a: Zygarde
|-damage|p1a: Zygarde|60/100 slp
|
|-heal|p2a: Aegislash|94/100|[from] item: Leftovers
|upkeep
|turn|39
|
|t:|1667349300
|switch|p1a: Yveltal|Yveltal|100/100
|-ability|p1a: Yveltal|Dark Aura
|move|p2a: Aegislash|Shadow Ball|p1a: Yveltal
|-resisted|p1a: Yveltal
|-crit|p1a: Yveltal
|-damage|p1a: Yveltal|85/100
|-unboost|p1a: Yveltal|spd|1
|
|-heal|p2a: Aegislash|99/100|[from] item: Leftovers
|upkeep
|turn|40
|
|t:|1667349305
|switch|p1a: Zygarde|Zygarde-Complete|60/100 slp
|-damage|p1a: Zygarde|54/100 slp|[from] Stealth Rock
|move|p2a: Aegislash|Toxic||[still]
|-fail|p2a: Aegislash
|
|-heal|p2a: Aegislash|100/100|[from] item: Leftovers
|upkeep
|turn|41
|
|t:|1667349310
|cant|p1a: Zygarde|slp
|move|p2a: Aegislash|Shadow Ball|p1a: Zygarde
|-damage|p1a: Zygarde|34/100 slp
|
|upkeep
|turn|42
|
|t:|1667349318
|cant|p1a: Zygarde|slp
|move|p2a: Aegislash|Shadow Ball|p1a: Zygarde
|-damage|p1a: Zygarde|14/100 slp
|
|upkeep
|turn|43
|
|t:|1667349331
|switch|p2a: Salamence|Salamence-Mega, M|54/100
|-curestatus|p1a: Zygarde|slp|[msg]
|move|p1a: Zygarde|Rest|p1a: Zygarde
|-status|p1a: Zygarde|slp|[from] move: Rest
|-heal|p1a: Zygarde|100/100 slp|[silent]
|
|upkeep
|turn|44
|
|t:|1667349336
|switch|p1a: Zacian|Zacian-Crowned|50/100
|-damage|p1a: Zacian|44/100|[from] Stealth Rock
|-ability|p1a: Zacian|Intrepid Sword|boost
|-boost|p1a: Zacian|atk|1
|move|p2a: Salamence|Dragon Dance|p2a: Salamence
|-boost|p2a: Salamence|atk|1
|-boost|p2a: Salamence|spe|1
|
|upkeep
|turn|45
|
|t:|1667349343
|switch|p2a: Aegislash|Aegislash, M|100/100
|move|p1a: Zacian|Behemoth Blade|p2a: Aegislash
|-resisted|p2a: Aegislash
|-damage|p2a: Aegislash|56/100
|
|-heal|p2a: Aegislash|62/100|[from] item: Leftovers
|upkeep
|turn|46
|
|t:|1667349351
|move|p1a: Zacian|Behemoth Blade|p2a: Aegislash
|-resisted|p2a: Aegislash
|-damage|p2a: Aegislash|24/100
|-formechange|p2a: Aegislash|Aegislash-Blade||[from] ability: Stance Change
|move|p2a: Aegislash|Shadow Ball|p1a: Zacian
|-damage|p1a: Zacian|12/100
|
|-heal|p2a: Aegislash|30/100|[from] item: Leftovers
|upkeep
|turn|47
|
|t:|1667349360
|-formechange|p2a: Aegislash|Aegislash||[from] ability: Stance Change
|move|p2a: Aegislash|King's Shield|p2a: Aegislash
|-singleturn|p2a: Aegislash|Protect
|move|p1a: Zacian|Behemoth Blade|p2a: Aegislash
|-activate|p2a: Aegislash|move: Protect
|-unboost|p1a: Zacian|atk|1
|
|-heal|p2a: Aegislash|37/100|[from] item: Leftovers
|upkeep
|turn|48
|
|t:|1667349368
|move|p1a: Zacian|Behemoth Blade|p2a: Aegislash
|-resisted|p2a: Aegislash
|-damage|p2a: Aegislash|9/100
|-formechange|p2a: Aegislash|Aegislash-Blade||[from] ability: Stance Change
|move|p2a: Aegislash|Shadow Ball|p1a: Zacian
|-damage|p1a: Zacian|0 fnt
|faint|p1a: Zacian
|
|-heal|p2a: Aegislash|16/100|[from] item: Leftovers
|upkeep
|
|t:|1667349374
|switch|p1a: Yveltal|Yveltal|85/100
|-ability|p1a: Yveltal|Dark Aura
|turn|49
|
|t:|1667349377
|-formechange|p2a: Aegislash|Aegislash||[from] ability: Stance Change
|move|p2a: Aegislash|King's Shield|p2a: Aegislash
|-singleturn|p2a: Aegislash|Protect
|move|p1a: Yveltal|Foul Play|p2a: Aegislash
|-activate|p2a: Aegislash|move: Protect
|-unboost|p1a: Yveltal|atk|1
|
|-heal|p2a: Aegislash|22/100|[from] item: Leftovers
|upkeep
|turn|50
|
|t:|1667349382
|switch|p2a: Tapu Koko|Tapu Koko|94/100 tox
|-fieldstart|move: Electric Terrain|[from] ability: Electric Surge|[of] p2a: Tapu Koko
|move|p1a: Yveltal|Foul Play|p2a: Tapu Koko
|-resisted|p2a: Tapu Koko
|-damage|p2a: Tapu Koko|70/100 tox
|
|-damage|p2a: Tapu Koko|64/100 tox|[from] psn
|upkeep
|turn|51
|
|t:|1667349387
|switch|p1a: Zygarde|Zygarde-Complete|100/100 slp
|-damage|p1a: Zygarde|94/100 slp|[from] Stealth Rock
|move|p2a: Tapu Koko|Thunderbolt|p1a: Zygarde
|-immune|p1a: Zygarde
|
|-damage|p2a: Tapu Koko|52/100 tox|[from] psn
|upkeep
|turn|52
|
|t:|1667349396
|switch|p1a: Arceus|Arceus-Fairy|100/100
|-damage|p1a: Arceus|88/100|[from] Stealth Rock
|-start|p2a: Tapu Koko|Dynamax|
|-heal|p2a: Tapu Koko|52/100 tox|[silent]
|move|p2a: Tapu Koko|Max Hailstorm|p1a: Arceus
|-damage|p1a: Arceus|67/100
|-weather|Hail
|
|-weather|Hail|[upkeep]
|-damage|p2a: Tapu Koko|49/100 tox|[from] Hail
|-damage|p1a: Arceus|61/100|[from] Hail
|-damage|p2a: Tapu Koko|40/100 tox|[from] psn
|upkeep
|turn|53
|
|t:|1667349401
|move|p2a: Tapu Koko|Max Lightning|p1a: Arceus
|-damage|p1a: Arceus|12/100
|move|p1a: Arceus|Recover|p1a: Arceus
|-heal|p1a: Arceus|62/100
|
|-weather|Hail|[upkeep]
|-damage|p2a: Tapu Koko|37/100 tox|[from] Hail
|-damage|p1a: Arceus|56/100|[from] Hail
|-damage|p2a: Tapu Koko|25/100 tox|[from] psn
|upkeep
|turn|54
|
|t:|1667349407
|move|p2a: Tapu Koko|Max Lightning|p1a: Arceus
|-damage|p1a: Arceus|12/100
|move|p1a: Arceus|Recover|p1a: Arceus
|-heal|p1a: Arceus|62/100
|
|-weather|Hail|[upkeep]
|-damage|p2a: Tapu Koko|21/100 tox|[from] Hail
|-damage|p1a: Arceus|56/100|[from] Hail
|-damage|p2a: Tapu Koko|6/100 tox|[from] psn
|-fieldend|move: Electric Terrain
|upkeep
|-end|p2a: Tapu Koko|Dynamax
|-heal|p2a: Tapu Koko|7/100 tox|[silent]
|turn|55
|
|t:|1667349415
|switch|p2a: Aegislash|Aegislash, M|22/100
|move|p1a: Arceus|Recover|p1a: Arceus
|-heal|p1a: Arceus|100/100
|
|-weather|Hail|[upkeep]
|-damage|p1a: Arceus|94/100|[from] Hail
|-damage|p2a: Aegislash|16/100|[from] Hail
|-heal|p2a: Aegislash|22/100|[from] item: Leftovers
|upkeep
|turn|56
|
|t:|1667349419
|-start|p1a: Arceus|Dynamax|
|-heal|p1a: Arceus|94/100|[silent]
|move|p2a: Aegislash|King's Shield|p2a: Aegislash
|-singleturn|p2a: Aegislash|Protect
|move|p1a: Arceus|Max Starfall|p2a: Aegislash
|-resisted|p2a: Aegislash
|-zbroken|p2a: Aegislash
|-damage|p2a: Aegislash|17/100
|-fieldstart|move: Misty Terrain
|
|-weather|none
|-heal|p2a: Aegislash|23/100|[from] item: Leftovers
|upkeep
|turn|57
|
|t:|1667349430
|switch|p2a: Gliscor|Gliscor, M|86/100 tox
|move|p1a: Arceus|Max Starfall|p2a: Gliscor
|-damage|p2a: Gliscor|30/100 tox
|
|-heal|p2a: Gliscor|43/100 tox|[from] ability: Poison Heal
|upkeep
|turn|58
|
|t:|1667349433
|move|p1a: Arceus|Max Starfall|p2a: Gliscor
|-damage|p2a: Gliscor|0 fnt
|faint|p2a: Gliscor
|
|upkeep
|
|t:|1667349438
|switch|p2a: Aegislash|Aegislash, M|23/100
|-end|p1a: Arceus|Dynamax
|-heal|p1a: Arceus|94/100|[silent]
|turn|59
|
|t:|1667349440
|move|p2a: Aegislash|King's Shield|p2a: Aegislash
|-singleturn|p2a: Aegislash|Protect
|move|p1a: Arceus|Judgment|p2a: Aegislash
|-activate|p2a: Aegislash|move: Protect
|
|-heal|p2a: Aegislash|30/100|[from] item: Leftovers
|upkeep
|turn|60
|
|t:|1667349448
|move|p1a: Arceus|Judgment|p2a: Aegislash
|-resisted|p2a: Aegislash
|-damage|p2a: Aegislash|15/100
|-formechange|p2a: Aegislash|Aegislash-Blade||[from] ability: Stance Change
|move|p2a: Aegislash|Shadow Ball|p1a: Arceus
|-damage|p1a: Arceus|71/100
|
|-heal|p2a: Aegislash|21/100|[from] item: Leftovers
|-fieldend|Misty Terrain
|upkeep
|turn|61
|
|t:|1667349457
|move|p1a: Arceus|Will-O-Wisp|p2a: Aegislash
|-status|p2a: Aegislash|brn
|move|p2a: Aegislash|Toxic|p1a: Arceus
|-status|p1a: Arceus|tox
|
|-heal|p2a: Aegislash|27/100 brn|[from] item: Leftovers
|-damage|p1a: Arceus|65/100 tox|[from] psn
|-damage|p2a: Aegislash|21/100 brn|[from] brn
|upkeep
|turn|62
|
|t:|1667349461
|-formechange|p2a: Aegislash|Aegislash||[from] ability: Stance Change
|move|p2a: Aegislash|King's Shield|p2a: Aegislash
|-singleturn|p2a: Aegislash|Protect
|move|p1a: Arceus|Judgment|p2a: Aegislash
|-activate|p2a: Aegislash|move: Protect
|
|-heal|p2a: Aegislash|27/100 brn|[from] item: Leftovers
|-damage|p1a: Arceus|53/100 tox|[from] psn
|-damage|p2a: Aegislash|21/100 brn|[from] brn
|upkeep
|turn|63
|
|t:|1667349466
|switch|p2a: Tapu Koko|Tapu Koko|7/100 tox
|-fieldstart|move: Electric Terrain|[from] ability: Electric Surge|[of] p2a: Tapu Koko
|move|p1a: Arceus|Judgment|p2a: Tapu Koko
|-damage|p2a: Tapu Koko|0 fnt
|faint|p2a: Tapu Koko
|
|-damage|p1a: Arceus|35/100 tox|[from] psn
|upkeep
|
|t:|1667349477
|switch|p2a: Aegislash|Aegislash, M|21/100 brn
|turn|64
|
|t:|1667349481
|move|p2a: Aegislash|King's Shield|p2a: Aegislash
|-singleturn|p2a: Aegislash|Protect
|move|p1a: Arceus|Recover|p1a: Arceus
|-heal|p1a: Arceus|85/100 tox
|
|-heal|p2a: Aegislash|27/100 brn|[from] item: Leftovers
|-damage|p1a: Arceus|61/100 tox|[from] psn
|-damage|p2a: Aegislash|21/100 brn|[from] brn
|upkeep
|turn|65
|
|t:|1667349488
|switch|p1a: Zygarde|Zygarde-Complete|94/100 slp
|-damage|p1a: Zygarde|88/100 slp|[from] Stealth Rock
|-formechange|p2a: Aegislash|Aegislash-Blade||[from] ability: Stance Change
|move|p2a: Aegislash|Shadow Ball|p1a: Zygarde
|-damage|p1a: Zygarde|68/100 slp
|
|-heal|p2a: Aegislash|27/100 brn|[from] item: Leftovers
|-damage|p2a: Aegislash|21/100 brn|[from] brn
|upkeep
|turn|66
|
|t:|1667349493
|switch|p2a: Salamence|Salamence-Mega, M|54/100
|cant|p1a: Zygarde|slp
|
|upkeep
|turn|67
|
|t:|1667349498
|switch|p1a: Necrozma|Necrozma-Dusk-Mane|100/100
|-damage|p1a: Necrozma|94/100|[from] Stealth Rock
|move|p2a: Salamence|Dragon Dance|p2a: Salamence
|-boost|p2a: Salamence|atk|1
|-boost|p2a: Salamence|spe|1
|
|-fieldend|move: Electric Terrain
|upkeep
|turn|68
|
|t:|1667349503
|move|p2a: Salamence|Substitute|p2a: Salamence
|-start|p2a: Salamence|Substitute
|-damage|p2a: Salamence|29/100
|move|p1a: Necrozma|Sunsteel Strike|p2a: Salamence
|-end|p2a: Salamence|Substitute
|
|upkeep
|turn|69
|
|t:|1667349507
|move|p2a: Salamence|Roost|p2a: Salamence
|-heal|p2a: Salamence|79/100
|-singleturn|p2a: Salamence|move: Roost
|move|p1a: Necrozma|Sunsteel Strike|p2a: Salamence
|-damage|p2a: Salamence|51/100
|
|upkeep
|turn|70
|
|t:|1667349512
|move|p2a: Salamence|Dragon Dance|p2a: Salamence
|-boost|p2a: Salamence|atk|1
|-boost|p2a: Salamence|spe|1
|move|p1a: Necrozma|Stealth Rock|p2a: Salamence
|-sidestart|p2: Play66|move: Stealth Rock
|
|upkeep
|turn|71
|
|t:|1667349521
|move|p2a: Salamence|Dragon Dance|p2a: Salamence
|-boost|p2a: Salamence|atk|1
|-boost|p2a: Salamence|spe|1
|move|p1a: Necrozma|Sunsteel Strike|p2a: Salamence
|-damage|p2a: Salamence|23/100
|
|upkeep
|turn|72
|
|t:|1667349524
|switch|p1a: Yveltal|Yveltal|85/100
|-ability|p1a: Yveltal|Dark Aura
|move|p2a: Salamence|Roost|p2a: Salamence
|-heal|p2a: Salamence|73/100
|-singleturn|p2a: Salamence|move: Roost
|
|upkeep
|turn|73
|
|t:|1667349529
|move|p2a: Salamence|Frustration|p1a: Yveltal
|-damage|p1a: Yveltal|0 fnt
|faint|p1a: Yveltal
|
|upkeep
|
|t:|1667349546
|switch|p1a: Arceus|Arceus-Fairy|61/100 tox
|-damage|p1a: Arceus|48/100 tox|[from] Stealth Rock
|turn|74
|
|t:|1667349562
|move|p2a: Salamence|Substitute|p2a: Salamence
|-start|p2a: Salamence|Substitute
|-damage|p2a: Salamence|48/100
|move|p1a: Arceus|Judgment|p2a: Salamence
|-supereffective|p2a: Salamence
|-end|p2a: Salamence|Substitute
|
|-damage|p1a: Arceus|42/100 tox|[from] psn
|upkeep
|turn|75
|
|t:|1667349567
|move|p2a: Salamence|Frustration|p1a: Arceus
|-damage|p1a: Arceus|0 fnt
|faint|p1a: Arceus
|
|upkeep
|
|t:|1667349578
|switch|p1a: Arceus|Arceus-Water|100/100
|-damage|p1a: Arceus|88/100|[from] Stealth Rock
|turn|76
|
|t:|1667349589
|move|p2a: Salamence|Substitute|p2a: Salamence
|-start|p2a: Salamence|Substitute
|-damage|p2a: Salamence|23/100
|move|p1a: Arceus|Perish Song|p1a: Arceus
|-start|p1a: Arceus|perish3|[silent]
|-start|p2a: Salamence|perish3|[silent]
|-fieldactivate|move: Perish Song
|
|-start|p2a: Salamence|perish3
|-start|p1a: Arceus|perish3
|upkeep
|turn|77
|
|t:|1667349600
|switch|p1a: Zygarde|Zygarde-Complete|68/100 slp
|-damage|p1a: Zygarde|62/100 slp|[from] Stealth Rock
|move|p2a: Salamence|Frustration|p1a: Zygarde
|-damage|p1a: Zygarde|11/100 slp
|
|-start|p2a: Salamence|perish2
|upkeep
|turn|78
|
|t:|1667349605
|move|p2a: Salamence|Frustration|p1a: Zygarde
|-damage|p1a: Zygarde|0 fnt
|faint|p1a: Zygarde
|
|-start|p2a: Salamence|perish1
|upkeep
|
|t:|1667349609
|switch|p1a: Necrozma|Necrozma-Dusk-Mane|94/100
|-damage|p1a: Necrozma|88/100|[from] Stealth Rock
|turn|79
|
|t:|1667349614
|switch|p2a: Aegislash|Aegislash, M|21/100 brn
|-damage|p2a: Aegislash|15/100 brn|[from] Stealth Rock
|move|p1a: Necrozma|Moonlight|p1a: Necrozma
|-heal|p1a: Necrozma|100/100
|
|-heal|p2a: Aegislash|21/100 brn|[from] item: Leftovers
|-damage|p2a: Aegislash|15/100 brn|[from] brn
|upkeep
|turn|80
|
|t:|1667349620
|move|p1a: Necrozma|Sunsteel Strike|p2a: Aegislash
|-resisted|p2a: Aegislash
|-damage|p2a: Aegislash|0 fnt
|faint|p2a: Aegislash
|
|upkeep
|
|t:|1667349623
|switch|p2a: Urshifu|Urshifu, F|100/100
|-damage|p2a: Urshifu|94/100|[from] Stealth Rock
|turn|81
|
|t:|1667349638
|move|p2a: Urshifu|Wicked Blow|p1a: Necrozma
|-supereffective|p1a: Necrozma
|-crit|p1a: Necrozma
|-damage|p1a: Necrozma|12/100
|-damage|p2a: Urshifu|78/100|[from] item: Rocky Helmet|[of] p1a: Necrozma
|move|p1a: Necrozma|Sunsteel Strike|p2a: Urshifu
|-damage|p2a: Urshifu|27/100
|
|upkeep
|turn|82
|
|t:|1667349646
|move|p2a: Urshifu|Wicked Blow|p1a: Necrozma
|-supereffective|p1a: Necrozma
|-crit|p1a: Necrozma
|-damage|p1a: Necrozma|0 fnt
|-damage|p2a: Urshifu|11/100|[from] item: Rocky Helmet|[of] p1a: Necrozma
|faint|p1a: Necrozma
|
|upkeep
|
|t:|1667349648
|switch|p1a: Arceus|Arceus-Water|88/100
|-damage|p1a: Arceus|76/100|[from] Stealth Rock
|turn|83
|
|t:|1667349664
|move|p1a: Arceus|Whirlpool|p2a: Urshifu
|-damage|p2a: Urshifu|0 fnt
|faint|p2a: Urshifu
|
|upkeep
|
|t:|1667349666
|switch|p2a: Salamence|Salamence-Mega, M|23/100
|-damage|p2a: Salamence|0 fnt|[from] Stealth Rock
|faint|p2a: Salamence
|
|win|Freeity
|raw|Freeity's rating: 1557 &rarr; <strong>1576</strong><br />(+19 for winning)
|raw|Play66's rating: 1543 &rarr; <strong>1524</strong><br />(-19 for losing)
|l|☆Play66
|c|☆Freeity|gg wp
||Ladder isn't responding, score probably updated but might not have (Request timeout).
