|j|☆iHaveAsthma
|j|☆Freeity
|t:|1639440984
|gametype|singles
|player|p1|iHaveAsthma|doctor|1687
|player|p2|Freeity|iris-gen5bw2|1639
|teamsize|p1|6
|teamsize|p2|6
|gen|8
|tier|[Gen 8] National Dex AG
|rated|
|rule|HP Percentage Mod: HP is shown in percentages
|rule|Endless Battle Clause: Forcing endless battles is banned
|clearpoke
|poke|p1|Rayquaza|
|poke|p1|Lugia|
|poke|p1|Arceus-*|
|poke|p1|Calyrex-Shadow|
|poke|p1|Groudon|
|poke|p1|Arceus-*|
|poke|p2|Arceus-*|
|poke|p2|Rayquaza|
|poke|p2|Arceus-*|
|poke|p2|Necrozma-Dusk-Mane|
|poke|p2|Kyogre|
|poke|p2|Arceus-*|
|teampreview
|inactive|Battle timer is ON: inactive players will automatically lose when time's up. (requested by iHaveAsthma)
|
|t:|1639441012
|start
|switch|p1a: Rayquaza|Rayquaza|100/100
|switch|p2a: Rayquaza|Rayquaza|100/100
|-ability|p2a: Rayquaza|Air Lock
|-ability|p1a: Rayquaza|Air Lock
|turn|1
|
|t:|1639441025
|switch|p2a: Necrozma|Necrozma-Dusk-Mane|100/100
|detailschange|p1a: Rayquaza|Rayquaza-Mega
|-mega|p1a: Rayquaza|Rayquaza|
|-weather|DeltaStream|[from] ability: Delta Stream|[of] p1a: Rayquaza
|move|p1a: Rayquaza|Scale Shot|p2a: Necrozma|[miss]
|-miss|p1a: Rayquaza|p2a: Necrozma
|
|-weather|DeltaStream|[upkeep]
|upkeep
|turn|2
|
|t:|1639441042
|-weather|none
|switch|p1a: Groudon|Groudon|100/100
|detailschange|p1a: Groudon|Groudon-Primal
|-primal|p1a: Groudon
|-weather|DesolateLand|[from] ability: Desolate Land|[of] p1a: Groudon
|move|p2a: Necrozma|Knock Off|p1a: Groudon
|-damage|p1a: Groudon|86/100
|
|-weather|DesolateLand|[upkeep]
|upkeep
|turn|3
|
|t:|1639441047
|switch|p2a: Kyogre|Kyogre|100/100
|detailschange|p2a: Kyogre|Kyogre-Primal
|-primal|p2a: Kyogre
|-weather|PrimordialSea|[from] ability: Primordial Sea|[of] p2a: Kyogre
|move|p1a: Groudon|Toxic|p2a: Kyogre
|-status|p2a: Kyogre|tox
|
|-weather|PrimordialSea|[upkeep]
|-damage|p2a: Kyogre|94/100 tox|[from] psn
|upkeep
|turn|4
|
|t:|1639441056
|switch|p1a: Lugia|Lugia|100/100
|move|p2a: Kyogre|Scald|p1a: Lugia
|-damage|p1a: Lugia|81/100
|-status|p1a: Lugia|brn
|
|-weather|PrimordialSea|[upkeep]
|-damage|p2a: Kyogre|82/100 tox|[from] psn
|-damage|p1a: Lugia|74/100 brn|[from] brn
|upkeep
|turn|5
|
|t:|1639441063
|move|p1a: Lugia|Roost|p1a: Lugia
|-heal|p1a: Lugia|100/100 brn
|-singleturn|p1a: Lugia|move: Roost
|move|p2a: Kyogre|Rest|p2a: Kyogre
|-status|p2a: Kyogre|slp|[from] move: Rest
|-heal|p2a: Kyogre|100/100 slp|[silent]
|
|-weather|PrimordialSea|[upkeep]
|-damage|p1a: Lugia|94/100 brn|[from] brn
|upkeep
|turn|6
|
|t:|1639441069
|switch|p1a: Rayquaza|Rayquaza-Mega|100/100
|-weather|DeltaStream|[from] ability: Delta Stream|[of] p1a: Rayquaza
|cant|p2a: Kyogre|slp
|move|p2a: Kyogre|Sleep Talk|p2a: Kyogre
|move|p2a: Kyogre|Scald|p1a: Rayquaza|[from]move: Sleep Talk
|-resisted|p1a: Rayquaza
|-damage|p1a: Rayquaza|77/100
|-status|p1a: Rayquaza|brn
|
|-weather|DeltaStream|[upkeep]
|-damage|p1a: Rayquaza|71/100 brn|[from] brn
|upkeep
|turn|7
|
|t:|1639441079
|-weather|none
|switch|p1a: Groudon|Groudon-Primal|86/100
|-weather|DesolateLand|[from] ability: Desolate Land|[of] p1a: Groudon
|switch|p2a: Arceus|Arceus-Fairy|100/100
|
|-weather|DesolateLand|[upkeep]
|upkeep
|turn|8
|
|t:|1639441087
|switch|p2a: Rayquaza|Rayquaza|100/100
|-ability|p2a: Rayquaza|Air Lock
|move|p1a: Groudon|Lava Plume|p2a: Rayquaza
|-resisted|p2a: Rayquaza
|-damage|p2a: Rayquaza|74/100
|
|-weather|DesolateLand|[upkeep]
|upkeep
|turn|9
|
|t:|1639441093
|-weather|none
|switch|p1a: Rayquaza|Rayquaza-Mega|71/100 brn
|-weather|DeltaStream|[from] ability: Delta Stream|[of] p1a: Rayquaza
|move|p2a: Rayquaza|Waterfall|p1a: Rayquaza
|-resisted|p1a: Rayquaza
|-damage|p1a: Rayquaza|52/100 brn
|-damage|p2a: Rayquaza|64/100|[from] item: Life Orb
|
|-weather|DeltaStream|[upkeep]
|-damage|p1a: Rayquaza|46/100 brn|[from] brn
|upkeep
|turn|10
|
|t:|1639441100
|switch|p2a: Necrozma|Necrozma-Dusk-Mane|100/100
|move|p1a: Rayquaza|Dragon Ascent|p2a: Necrozma
|-resisted|p2a: Necrozma
|-damage|p2a: Necrozma|88/100
|-unboost|p1a: Rayquaza|def|1
|-unboost|p1a: Rayquaza|spd|1
|-damage|p1a: Rayquaza|29/100 brn|[from] item: Rocky Helmet|[of] p2a: Necrozma
|
|-weather|DeltaStream|[upkeep]
|-damage|p1a: Rayquaza|23/100 brn|[from] brn
|upkeep
|turn|11
|
|t:|1639441109
|move|p1a: Rayquaza|Earthquake|p2a: Necrozma
|-supereffective|p2a: Necrozma
|-damage|p2a: Necrozma|68/100
|move|p2a: Necrozma|Stealth Rock|p1a: Rayquaza
|-sidestart|p1: iHaveAsthma|move: Stealth Rock
|
|-weather|DeltaStream|[upkeep]
|-damage|p1a: Rayquaza|17/100 brn|[from] brn
|upkeep
|turn|12
|
|t:|1639441118
|move|p1a: Rayquaza|Earthquake|p2a: Necrozma
|-supereffective|p2a: Necrozma
|-damage|p2a: Necrozma|50/100
|move|p2a: Necrozma|Moonlight|p2a: Necrozma
|-heal|p2a: Necrozma|99/100
|
|-weather|DeltaStream|[upkeep]
|-damage|p1a: Rayquaza|10/100 brn|[from] brn
|upkeep
|turn|13
|
|t:|1639441131
|move|p1a: Rayquaza|Earthquake|p2a: Necrozma
|-supereffective|p2a: Necrozma
|-damage|p2a: Necrozma|82/100
|move|p2a: Necrozma|Knock Off|p1a: Rayquaza
|-damage|p1a: Rayquaza|0 fnt
|-enditem|p1a: Rayquaza|Focus Sash|[from] move: Knock Off|[of] p2a: Necrozma
|faint|p1a: Rayquaza
|-weather|none
|
|upkeep
|
|t:|1639441133
|switch|p1a: Lugia|Lugia|94/100 brn
|turn|14
|
|t:|1639441137
|move|p1a: Lugia|Thunder Wave|p2a: Necrozma
|-status|p2a: Necrozma|par
|cant|p2a: Necrozma|par
|
|-damage|p1a: Lugia|88/100 brn|[from] brn
|upkeep
|turn|15
|j| Hallo lolo
|
|t:|1639441162
|move|p1a: Lugia|Defog|p2a: Necrozma
|-unboost|p2a: Necrozma|evasion|1
|-sideend|p1: iHaveAsthma|Stealth Rock|[from] move: Defog|[of] p1a: Lugia
|move|p2a: Necrozma|Knock Off|p1a: Lugia
|-supereffective|p1a: Lugia
|-damage|p1a: Lugia|53/100 brn
|-enditem|p1a: Lugia|Heavy-Duty Boots|[from] move: Knock Off|[of] p2a: Necrozma
|
|-damage|p1a: Lugia|47/100 brn|[from] brn
|upkeep
|turn|16
|
|t:|1639441170
|switch|p1a: Calyrex|Calyrex-Shadow|100/100
|-ability|p1a: Calyrex|As One
|-ability|p1a: Calyrex|Unnerve
|switch|p2a: Arceus|Arceus-Dark|100/100
|
|upkeep
|turn|17
|
|t:|1639441183
|move|p1a: Calyrex|Nasty Plot|p1a: Calyrex
|-boost|p1a: Calyrex|spa|2
|move|p2a: Arceus|Judgment|p1a: Calyrex
|-supereffective|p1a: Calyrex
|-enditem|p1a: Calyrex|Focus Sash
|-damage|p1a: Calyrex|1/100
|
|upkeep
|turn|18
|
|t:|1639441191
|move|p1a: Calyrex|Draining Kiss|p2a: Arceus
|-supereffective|p2a: Arceus
|-damage|p2a: Arceus|59/100
|-heal|p1a: Calyrex|41/100|[from] drain|[of] p2a: Arceus
|move|p2a: Arceus|Judgment|p1a: Calyrex
|-supereffective|p1a: Calyrex
|-damage|p1a: Calyrex|0 fnt
|faint|p1a: Calyrex
|
|upkeep
|
|t:|1639441194
|switch|p1a: Arceus|Arceus-Flying|100/100
|turn|19
|
|t:|1639441202
|move|p1a: Arceus|Swords Dance|p1a: Arceus
|-boost|p1a: Arceus|atk|2
|move|p2a: Arceus|Recover|p2a: Arceus
|-heal|p2a: Arceus|100/100
|
|upkeep
|turn|20
|
|t:|1639441211
|switch|p2a: Necrozma|Necrozma-Dusk-Mane|82/100 par
|-start|p1a: Arceus|Dynamax
|-heal|p1a: Arceus|100/100|[silent]
|move|p1a: Arceus|Max Airstream|p2a: Necrozma
|-resisted|p2a: Necrozma
|-damage|p2a: Necrozma|39/100 par
|-boost|p1a: Arceus|spe|1
|
|upkeep
|turn|21
|
|t:|1639441216
|move|p1a: Arceus|Max Airstream|p2a: Necrozma
|-resisted|p2a: Necrozma
|-crit|p2a: Necrozma
|-damage|p2a: Necrozma|0 fnt
|-boost|p1a: Arceus|spe|1
|faint|p2a: Necrozma
|
|upkeep
|
|t:|1639441219
|switch|p2a: Kyogre|Kyogre-Primal|100/100 slp
|-weather|PrimordialSea|[from] ability: Primordial Sea|[of] p2a: Kyogre
|turn|22
|
|t:|1639441224
|move|p1a: Arceus|Max Airstream|p2a: Kyogre
|-damage|p2a: Kyogre|0 fnt
|-boost|p1a: Arceus|spe|1
|faint|p2a: Kyogre
|-weather|none
|
|-end|p1a: Arceus|Dynamax
|-heal|p1a: Arceus|100/100|[silent]
|upkeep
|
|t:|1639441246
|switch|p2a: Arceus|Arceus-Fairy|100/100
|turn|23
|
|t:|1639441249
|move|p1a: Arceus|Fly||[still]
|-prepare|p1a: Arceus|Fly
|move|p2a: Arceus|Will-O-Wisp|p1a: Arceus|[miss]
|-miss|p2a: Arceus|p1a: Arceus
|
|upkeep
|turn|24
|
|t:|1639441256
|-start|p2a: Arceus|Dynamax
|-heal|p2a: Arceus|100/100|[silent]
|move|p1a: Arceus|Fly|p2a: Arceus|[from]lockedmove
|-damage|p2a: Arceus|65/100
|move|p2a: Arceus|Max Starfall|p1a: Arceus
|-damage|p1a: Arceus|59/100
|-fieldstart|move: Misty Terrain
|
|upkeep
|turn|25
|
|t:|1639441262
|move|p1a: Arceus|Fly||[still]
|-prepare|p1a: Arceus|Fly
|move|p2a: Arceus|Max Starfall|p1a: Arceus|[miss]
|-miss|p2a: Arceus|p1a: Arceus
|
|upkeep
|turn|26
|
|t:|1639441265
|move|p1a: Arceus|Fly|p2a: Arceus|[from]lockedmove
|-damage|p2a: Arceus|31/100
|move|p2a: Arceus|Max Starfall|p1a: Arceus
|-damage|p1a: Arceus|14/100
|
|-end|p2a: Arceus|Dynamax
|-heal|p2a: Arceus|31/100|[silent]
|upkeep
|turn|27
|
|t:|1639441275
|move|p1a: Arceus|Recover|p1a: Arceus
|-heal|p1a: Arceus|64/100
|move|p2a: Arceus|Recover|p2a: Arceus
|-heal|p2a: Arceus|81/100
|
|upkeep
|turn|28
|
|t:|1639441280
|move|p1a: Arceus|Swords Dance|p1a: Arceus
|-boost|p1a: Arceus|atk|2
|move|p2a: Arceus|Will-O-Wisp|p1a: Arceus
|-status|p1a: Arceus|brn
|
|-damage|p1a: Arceus|58/100 brn|[from] brn
|-fieldend|Misty Terrain
|upkeep
|turn|29
|
|t:|1639441284
|move|p1a: Arceus|Swords Dance|p1a: Arceus
|-boost|p1a: Arceus|atk|2
|move|p2a: Arceus|Judgment|p1a: Arceus
|-damage|p1a: Arceus|27/100 brn
|
|-damage|p1a: Arceus|20/100 brn|[from] brn
|upkeep
|turn|30
|
|t:|1639441288
|move|p1a: Arceus|Recover|p1a: Arceus
|-heal|p1a: Arceus|71/100 brn
|move|p2a: Arceus|Judgment|p1a: Arceus
|-damage|p1a: Arceus|34/100 brn
|
|-damage|p1a: Arceus|28/100 brn|[from] brn
|upkeep
|turn|31
|
|t:|1639441291
|move|p1a: Arceus|Recover|p1a: Arceus
|-heal|p1a: Arceus|78/100 brn
|move|p2a: Arceus|Judgment|p1a: Arceus
|-damage|p1a: Arceus|43/100 brn
|
|-damage|p1a: Arceus|37/100 brn|[from] brn
|upkeep
|turn|32
|
|t:|1639441295
|move|p1a: Arceus|Recover|p1a: Arceus
|-heal|p1a: Arceus|87/100 brn
|move|p2a: Arceus|Judgment|p1a: Arceus
|-damage|p1a: Arceus|52/100 brn
|
|-damage|p1a: Arceus|46/100 brn|[from] brn
|upkeep
|turn|33
|
|t:|1639441300
|move|p1a: Arceus|Fly||[still]
|-prepare|p1a: Arceus|Fly
|move|p2a: Arceus|Judgment|p1a: Arceus|[miss]
|-miss|p2a: Arceus|p1a: Arceus
|
|-damage|p1a: Arceus|40/100 brn|[from] brn
|upkeep
|turn|34
|
|t:|1639441311
|move|p1a: Arceus|Fly|p2a: Arceus|[from]lockedmove
|-damage|p2a: Arceus|9/100
|move|p2a: Arceus|Judgment|p1a: Arceus
|-damage|p1a: Arceus|5/100 brn
|
|-damage|p1a: Arceus|0 fnt|[from] brn
|faint|p1a: Arceus
|upkeep
|
|t:|1639441315
|switch|p1a: Groudon|Groudon-Primal|86/100
|-weather|DesolateLand|[from] ability: Desolate Land|[of] p1a: Groudon
|turn|35
|
|t:|1639441322
|move|p2a: Arceus|Recover|p2a: Arceus
|-heal|p2a: Arceus|59/100
|move|p1a: Groudon|Toxic|p2a: Arceus|[miss]
|-miss|p1a: Groudon|p2a: Arceus
|
|-weather|DesolateLand|[upkeep]
|upkeep
|turn|36
|inactive|iHaveAsthma has 120 seconds left.
|
|t:|1639441352
|move|p2a: Arceus|Recover|p2a: Arceus
|-heal|p2a: Arceus|100/100
|move|p1a: Groudon|Stealth Rock|p2a: Arceus
|-sidestart|p2: Freeity|move: Stealth Rock
|
|-weather|DesolateLand|[upkeep]
|upkeep
|turn|37
|
|t:|1639441358
|switch|p2a: Rayquaza|Rayquaza|64/100
|-damage|p2a: Rayquaza|39/100|[from] Stealth Rock
|-ability|p2a: Rayquaza|Air Lock
|move|p1a: Groudon|Toxic|p2a: Rayquaza
|-status|p2a: Rayquaza|tox
|
|-weather|DesolateLand|[upkeep]
|-damage|p2a: Rayquaza|33/100 tox|[from] psn
|upkeep
|turn|38
|
|t:|1639441364
|-weather|none
|switch|p1a: Lugia|Lugia|47/100 brn
|move|p2a: Rayquaza|Waterfall|p1a: Lugia
|-damage|p1a: Lugia|26/100 brn
|-damage|p2a: Rayquaza|23/100 tox|[from] item: Life Orb
|
|-damage|p2a: Rayquaza|10/100 tox|[from] psn
|-damage|p1a: Lugia|20/100 brn|[from] brn
|upkeep
|turn|39
|
|t:|1639441373
|detailschange|p2a: Rayquaza|Rayquaza-Mega
|-mega|p2a: Rayquaza|Rayquaza|
|-weather|DeltaStream|[from] ability: Delta Stream|[of] p2a: Rayquaza
|move|p2a: Rayquaza|Waterfall|p1a: Lugia
|-damage|p1a: Lugia|0 fnt
|faint|p1a: Lugia
|-damage|p2a: Rayquaza|0 fnt|[from] item: Life Orb
|faint|p2a: Rayquaza
|-weather|none
|
|upkeep
|
|t:|1639441382
|switch|p2a: Arceus|Arceus-Ground|100/100
|switch|p1a: Groudon|Groudon-Primal|86/100
|-weather|DesolateLand|[from] ability: Desolate Land|[of] p1a: Groudon
|-damage|p2a: Arceus|94/100|[from] Stealth Rock
|turn|40
|
|t:|1639441396
|-weather|none
|switch|p1a: Arceus|Arceus-Ground|100/100
|move|p2a: Arceus|Judgment|p1a: Arceus
|-damage|p1a: Arceus|64/100
|
|upkeep
|turn|41
|
|t:|1639441401
|move|p2a: Arceus|Ice Beam|p1a: Arceus
|-supereffective|p1a: Arceus
|-damage|p1a: Arceus|31/100
|move|p1a: Arceus|Calm Mind|p1a: Arceus
|-boost|p1a: Arceus|spa|1
|-boost|p1a: Arceus|spd|1
|
|upkeep
|turn|42
|
|t:|1639441405
|move|p2a: Arceus|Ice Beam|p1a: Arceus
|-supereffective|p1a: Arceus
|-damage|p1a: Arceus|10/100
|move|p1a: Arceus|Recover|p1a: Arceus
|-heal|p1a: Arceus|60/100
|
|upkeep
|turn|43
|
|t:|1639441413
|switch|p2a: Arceus|Arceus-Dark|100/100
|-damage|p2a: Arceus|88/100|[from] Stealth Rock
|move|p1a: Arceus|Recover|p1a: Arceus
|-heal|p1a: Arceus|100/100
|
|upkeep
|turn|44
|
|t:|1639441416
|move|p2a: Arceus|Toxic|p1a: Arceus
|-status|p1a: Arceus|tox
|move|p1a: Arceus|Judgment|p2a: Arceus
|-damage|p2a: Arceus|49/100
|
|-damage|p1a: Arceus|94/100 tox|[from] psn
|upkeep
|turn|45
|
|t:|1639441421
|move|p2a: Arceus|Recover|p2a: Arceus
|-heal|p2a: Arceus|99/100
|move|p1a: Arceus|Calm Mind|p1a: Arceus
|-boost|p1a: Arceus|spa|1
|-boost|p1a: Arceus|spd|1
|
|-damage|p1a: Arceus|82/100 tox|[from] psn
|upkeep
|turn|46
|
|t:|1639441428
|move|p2a: Arceus|Recover|p2a: Arceus
|-heal|p2a: Arceus|100/100
|move|p1a: Arceus|Judgment|p2a: Arceus
|-damage|p2a: Arceus|53/100
|
|-damage|p1a: Arceus|64/100 tox|[from] psn
|upkeep
|turn|47
|
|t:|1639441431
|move|p2a: Arceus|Recover|p2a: Arceus
|-heal|p2a: Arceus|100/100
|move|p1a: Arceus|Calm Mind|p1a: Arceus
|-boost|p1a: Arceus|spa|1
|-boost|p1a: Arceus|spd|1
|
|-damage|p1a: Arceus|40/100 tox|[from] psn
|upkeep
|turn|48
|-message|iHaveAsthma forfeited.
|
|win|Freeity
|raw|iHaveAsthma's rating: 1687 &rarr; <strong>1664</strong><br />(-23 for losing)
|raw|Freeity's rating: 1639 &rarr; <strong>1662</strong><br />(+23 for winning)
|l|☆iHaveAsthma
||Ladder isn't responding, score probably updated but might not have (Request timeout).
