|j|☆Togenium Z_
|j|☆0.9mirror
|inactive|Battle timer is ON: inactive players will automatically lose when time's up.
|t:|1661868743
|gametype|singles
|player|p1|Togenium Z_|dawn-masters2|
|player|p2|0.9mirror|klara|
|teamsize|p1|6
|teamsize|p2|6
|gen|8
|tier|[Gen 8] National Dex AG
|rated|Tournament battle
|rule|HP Percentage Mod: HP is shown in percentages
|rule|Endless Battle Clause: Forcing endless battles is banned
|clearpoke
|poke|p1|Calyrex-Shadow|
|poke|p1|Tyranitar, F|
|poke|p1|Yveltal|
|poke|p1|Rayquaza|
|poke|p1|Quagsire, F|
|poke|p1|Smeargle, F|
|poke|p2|Arceus-*|
|poke|p2|Zacian-*|
|poke|p2|Kyogre|
|poke|p2|Rayquaza|
|poke|p2|Marshadow|
|poke|p2|Ditto|
|teampreview
|inactive|Togenium Z_ also wants the timer to be on.
|j|%A Bread Sandwich
|c|☆Togenium Z_|hf
|c|☆0.9mirror|hf
|
|t:|1661868762
|start
|switch|p1a: Smeargle|Smeargle, F|100/100
|switch|p2a: Rayquaza|Rayquaza|100/100
|-ability|p2a: Rayquaza|Air Lock
|turn|1
|
|t:|1661868765
|detailschange|p2a: Rayquaza|Rayquaza-Mega
|-mega|p2a: Rayquaza|Rayquaza|
|-weather|DeltaStream|[from] ability: Delta Stream|[of] p2a: Rayquaza
|move|p2a: Rayquaza|Scale Shot|p1a: Smeargle
|-damage|p1a: Smeargle|49/100
|-damage|p1a: Smeargle|0 fnt
|faint|p1a: Smeargle
|-hitcount|p1: Smeargle|2
|-unboost|p2a: Rayquaza|def|1
|-boost|p2a: Rayquaza|spe|1
|-damage|p2a: Rayquaza|91/100|[from] item: Life Orb
|
|-weather|DeltaStream|[upkeep]
|upkeep
|
|t:|1661868776
|switch|p1a: Tyranitar|Tyranitar, F|100/100
|-ability|p1a: Tyranitar|Sand Stream|[from] deltastream|[fail]
|turn|2
|j| one hot spice boi
|inactive|Togenium Z_ has 120 seconds left.
|inactive|Togenium Z_ has 90 seconds left.
|
|t:|1661868844
|move|p2a: Rayquaza|Scale Shot|p1a: Tyranitar
|-damage|p1a: Tyranitar|83/100
|-damage|p1a: Tyranitar|66/100
|-hitcount|p1a: Tyranitar|2
|-unboost|p2a: Rayquaza|def|1
|-boost|p2a: Rayquaza|spe|1
|-damage|p2a: Rayquaza|81/100|[from] item: Life Orb
|move|p1a: Tyranitar|Foul Play|p2a: Rayquaza
|-damage|p2a: Rayquaza|0 fnt
|faint|p2a: Rayquaza
|-weather|none
|
|-heal|p1a: Tyranitar|72/100|[from] item: Leftovers
|upkeep
|
|t:|1661868853
|switch|p2a: Arceus|Arceus-Electric|100/100
|turn|3
|
|t:|1661868862
|move|p2a: Arceus|Stealth Rock|p1a: Tyranitar
|-sidestart|p1: Togenium Z_|move: Stealth Rock
|move|p1a: Tyranitar|Rock Tomb|p2a: Arceus
|-damage|p2a: Arceus|79/100
|-unboost|p2a: Arceus|spe|1
|
|-heal|p1a: Tyranitar|78/100|[from] item: Leftovers
|upkeep
|turn|4
|l| one hot spice boi
|
|t:|1661868870
|move|p2a: Arceus|Judgment|p1a: Tyranitar
|-damage|p1a: Tyranitar|42/100
|move|p1a: Tyranitar|Foul Play|p2a: Arceus
|-damage|p2a: Arceus|55/100
|
|-heal|p1a: Tyranitar|49/100|[from] item: Leftovers
|upkeep
|turn|5
|
|t:|1661868875
|switch|p1a: Quagsire|Quagsire, F|100/100
|-damage|p1a: Quagsire|94/100|[from] Stealth Rock
|move|p2a: Arceus|Judgment|p1a: Quagsire
|-immune|p1a: Quagsire
|
|-heal|p1a: Quagsire|100/100|[from] item: Leftovers
|upkeep
|turn|6
|
|t:|1661868880
|move|p2a: Arceus|Ice Beam|p1a: Quagsire
|-damage|p1a: Quagsire|62/100
|move|p1a: Quagsire|Earthquake|p2a: Arceus
|-supereffective|p2a: Arceus
|-damage|p2a: Arceus|11/100
|
|-heal|p1a: Quagsire|69/100|[from] item: Leftovers
|upkeep
|turn|7
|
|t:|1661868885
|move|p2a: Arceus|Ice Beam|p1a: Quagsire
|-damage|p1a: Quagsire|33/100
|move|p1a: Quagsire|Earthquake|p2a: Arceus
|-supereffective|p2a: Arceus
|-damage|p2a: Arceus|0 fnt
|faint|p2a: Arceus
|
|-heal|p1a: Quagsire|39/100|[from] item: Leftovers
|upkeep
|
|t:|1661868888
|switch|p2a: Kyogre|Kyogre|100/100
|detailschange|p2a: Kyogre|Kyogre-Primal
|-primal|p2a: Kyogre
|-weather|PrimordialSea|[from] ability: Primordial Sea|[of] p2a: Kyogre
|turn|8
|
|t:|1661868891
|move|p2a: Kyogre|Water Spout|p1a: Quagsire
|-damage|p1a: Quagsire|0 fnt
|faint|p1a: Quagsire
|
|-weather|PrimordialSea|[upkeep]
|upkeep
|
|t:|1661868896
|switch|p1a: Calyrex|Calyrex-Shadow|100/100
|-ability|p1a: Calyrex|As One
|-ability|p1a: Calyrex|Unnerve
|-damage|p1a: Calyrex|88/100|[from] Stealth Rock
|turn|9
|
|t:|1661868904
|move|p1a: Calyrex|Leaf Storm|p2a: Kyogre
|-supereffective|p2a: Kyogre
|-damage|p2a: Kyogre|25/100
|-unboost|p1a: Calyrex|spa|2
|move|p2a: Kyogre|Scald|p1a: Calyrex
|-damage|p1a: Calyrex|15/100
|
|-weather|PrimordialSea|[upkeep]
|upkeep
|turn|10
|
|t:|1661868912
|move|p1a: Calyrex|Leaf Storm|p2a: Kyogre
|-supereffective|p2a: Kyogre
|-damage|p2a: Kyogre|0 fnt
|-unboost|p1a: Calyrex|spa|2
|faint|p2a: Kyogre
|-weather|none
|-ability|p1a: Calyrex|Grim Neigh|boost
|-boost|p1a: Calyrex|spa|1
|
|upkeep
|
|t:|1661868916
|switch|p2a: Marshadow|Marshadow|100/100
|turn|11
|
|t:|1661868921
|switch|p1a: Tyranitar|Tyranitar, F|49/100
|-damage|p1a: Tyranitar|36/100|[from] Stealth Rock
|-weather|Sandstorm|[from] ability: Sand Stream|[of] p1a: Tyranitar
|move|p2a: Marshadow|Shadow Sneak|p1a: Tyranitar
|-resisted|p1a: Tyranitar
|-damage|p1a: Tyranitar|24/100
|
|-weather|Sandstorm|[upkeep]
|-damage|p2a: Marshadow|94/100|[from] Sandstorm
|-heal|p1a: Tyranitar|30/100|[from] item: Leftovers
|upkeep
|turn|12
|
|t:|1661868928
|move|p2a: Marshadow|Close Combat|p1a: Tyranitar
|-supereffective|p1a: Tyranitar
|-damage|p1a: Tyranitar|0 fnt
|-unboost|p2a: Marshadow|def|1
|-unboost|p2a: Marshadow|spd|1
|faint|p1a: Tyranitar
|
|-weather|Sandstorm|[upkeep]
|-damage|p2a: Marshadow|88/100|[from] Sandstorm
|upkeep
|
|t:|1661868931
|switch|p1a: Yveltal|Yveltal|100/100
|-damage|p1a: Yveltal|76/100|[from] Stealth Rock
|-ability|p1a: Yveltal|Dark Aura
|turn|13
|
|t:|1661868937
|switch|p2a: Zacian|Zacian-Crowned|100/100
|-ability|p2a: Zacian|Intrepid Sword|boost
|-boost|p2a: Zacian|atk|1
|-start|p1a: Yveltal|Dynamax|
|-heal|p1a: Yveltal|76/100|[silent]
|move|p1a: Yveltal|Max Airstream|p2a: Zacian
|-resisted|p2a: Zacian
|-damage|p2a: Zacian|51/100
|-boost|p1a: Yveltal|spe|1
|-damage|p1a: Yveltal|71/100|[from] item: Life Orb
|
|-weather|Sandstorm|[upkeep]
|-damage|p1a: Yveltal|68/100|[from] Sandstorm
|upkeep
|turn|14
|
|t:|1661868946
|move|p1a: Yveltal|Max Darkness|p2a: Zacian
|-resisted|p2a: Zacian
|-damage|p2a: Zacian|0 fnt
|faint|p2a: Zacian
|-damage|p1a: Yveltal|63/100|[from] item: Life Orb
|
|-weather|Sandstorm|[upkeep]
|-damage|p1a: Yveltal|60/100|[from] Sandstorm
|upkeep
|
|t:|1661868949
|switch|p2a: Ditto|Ditto|100/100
|-transform|p2a: Ditto|p1a: Yveltal|[from] ability: Imposter
|-ability|p2a: Ditto|Dark Aura
|turn|15
|
|t:|1661868955
|-start|p2a: Ditto|Dynamax|
|-heal|p2a: Ditto|100/100|[silent]
|move|p1a: Yveltal|Max Rockfall|p2a: Ditto
|-supereffective|p2a: Ditto
|-damage|p2a: Ditto|45/100
|-damage|p1a: Yveltal|55/100|[from] item: Life Orb
|move|p2a: Ditto|Max Airstream|p1a: Yveltal
|-damage|p1a: Yveltal|20/100
|-boost|p2a: Ditto|spe|1
|
|-weather|none
|upkeep
|-end|p1a: Yveltal|Dynamax
|-heal|p1a: Yveltal|20/100|[silent]
|turn|16
|
|t:|1661868959
|move|p2a: Ditto|Max Airstream|p1a: Yveltal
|-damage|p1a: Yveltal|0 fnt
|-boost|p2a: Ditto|spe|1
|faint|p1a: Yveltal
|
|upkeep
|
|t:|1661868965
|switch|p1a: Calyrex|Calyrex-Shadow|15/100
|-ability|p1a: Calyrex|As One
|-ability|p1a: Calyrex|Unnerve
|-damage|p1a: Calyrex|3/100|[from] Stealth Rock
|turn|17
|
|t:|1661868969
|move|p2a: Ditto|Max Airstream|p1a: Calyrex
|-damage|p1a: Calyrex|0 fnt
|-boost|p2a: Ditto|spe|1
|faint|p1a: Calyrex
|
|upkeep
|
|t:|1661868972
|switch|p1a: Rayquaza|Rayquaza|100/100
|-damage|p1a: Rayquaza|76/100|[from] Stealth Rock
|-ability|p1a: Rayquaza|Air Lock
|-end|p2a: Ditto|Dynamax
|-heal|p2a: Ditto|45/100|[silent]
|turn|18
|
|t:|1661868976
|detailschange|p1a: Rayquaza|Rayquaza-Mega
|-mega|p1a: Rayquaza|Rayquaza|
|-weather|DeltaStream|[from] ability: Delta Stream|[of] p1a: Rayquaza
|move|p1a: Rayquaza|Extreme Speed|p2a: Ditto
|-damage|p2a: Ditto|0 fnt
|faint|p2a: Ditto
|-damage|p1a: Rayquaza|66/100|[from] item: Life Orb
|
|-weather|DeltaStream|[upkeep]
|upkeep
|
|t:|1661868983
|switch|p2a: Marshadow|Marshadow|88/100
|turn|19
|
|t:|1661868986
|-zpower|p2a: Marshadow
|move|p2a: Marshadow|Never-Ending Nightmare|p1a: Rayquaza|[zeffect]
|-damage|p1a: Rayquaza|0 fnt
|faint|p1a: Rayquaza
|-weather|none
|
|win|0.9mirror
|n|☆Togenium Z_|togeniumz
|n|☆0.9mirror|09mirror
|n| A Bread Sandwich|abreadsandwich
|c|☆Togenium Z_|gg
|l|☆Togenium Z_
|c|☆0.9mirror|gg
