|j|☆wotiantianchishi
|j|☆High ladder bros
|t:|1661839667
|gametype|singles
|player|p1|wotiantianchishi|2|1782
|player|p2|High ladder bros|adaman|1733
|teamsize|p1|6
|teamsize|p2|6
|gen|8
|tier|[Gen 8] National Dex AG
|rated|
|rule|HP Percentage Mod: HP is shown in percentages
|rule|Endless Battle Clause: Forcing endless battles is banned
|clearpoke
|poke|p1|Tyranitar, M|
|poke|p1|Arceus-*|
|poke|p1|Arceus-*|
|poke|p1|Arceus-*|
|poke|p1|Arceus-*|
|poke|p1|Ditto|
|poke|p2|Rayquaza|
|poke|p2|Arceus-*|
|poke|p2|Arceus-*|
|poke|p2|Tyranitar, F|
|poke|p2|Ho-Oh|
|poke|p2|Necrozma-Dusk-Mane|
|teampreview
|inactive|Battle timer is ON: inactive players will automatically lose when time's up. (requested by High ladder bros)
|
|t:|1661839677
|start
|switch|p1a: Arceus|Arceus-Ghost|100/100
|switch|p2a: Arceus|Arceus-Water, shiny|100/100
|turn|1
|
|t:|1661839706
|move|p1a: Arceus|Magic Coat|p1a: Arceus
|-singleturn|p1a: Arceus|move: Magic Coat
|move|p2a: Arceus|Will-O-Wisp|p1a: Arceus
|move|p1a: Arceus|Will-O-Wisp|p2a: Arceus|[from]Magic Coat
|-status|p2a: Arceus|brn
|
|-damage|p2a: Arceus|94/100 brn|[from] brn
|upkeep
|turn|2
|
|t:|1661839709
|move|p1a: Arceus|Stealth Rock|p2a: Arceus
|-sidestart|p2: High ladder bros|move: Stealth Rock
|move|p2a: Arceus|Will-O-Wisp|p1a: Arceus
|-status|p1a: Arceus|brn
|
|-damage|p1a: Arceus|94/100 brn|[from] brn
|-damage|p2a: Arceus|88/100 brn|[from] brn
|upkeep
|turn|3
|
|t:|1661839714
|switch|p2a: Ho-Oh|Ho-Oh, shiny|100/100
|move|p1a: Arceus|Judgment|p2a: Ho-Oh
|-damage|p2a: Ho-Oh|74/100
|
|-damage|p1a: Arceus|88/100 brn|[from] brn
|upkeep
|turn|4
|
|t:|1661839720
|move|p1a: Arceus|Judgment|p2a: Ho-Oh
|-damage|p2a: Ho-Oh|47/100
|move|p2a: Ho-Oh|Defog|p1a: Arceus
|-unboost|p1a: Arceus|evasion|1
|-sideend|p2: High ladder bros|Stealth Rock|[from] move: Defog|[of] p2a: Ho-Oh
|
|-damage|p1a: Arceus|82/100 brn|[from] brn
|upkeep
|turn|5
|
|t:|1661839735
|switch|p2a: Tyranitar|Tyranitar, F, shiny|100/100
|-weather|Sandstorm|[from] ability: Sand Stream|[of] p2a: Tyranitar
|move|p1a: Arceus|Stealth Rock|p2a: Tyranitar
|-sidestart|p2: High ladder bros|move: Stealth Rock
|
|-weather|Sandstorm|[upkeep]
|-damage|p1a: Arceus|76/100 brn|[from] Sandstorm
|-damage|p1a: Arceus|70/100 brn|[from] brn
|upkeep
|turn|6
|
|t:|1661839757
|switch|p1a: Arceus|Arceus-Fairy|100/100
|move|p2a: Tyranitar|Stealth Rock|p1a: Arceus
|-sidestart|p1: wotiantianchishi|move: Stealth Rock
|
|-weather|Sandstorm|[upkeep]
|-damage|p1a: Arceus|94/100|[from] Sandstorm
|upkeep
|turn|7
|
|t:|1661839779
|move|p1a: Arceus|Calm Mind|p1a: Arceus
|-boost|p1a: Arceus|spa|1
|-boost|p1a: Arceus|spd|1
|move|p2a: Tyranitar|Rock Tomb|p1a: Arceus
|-damage|p1a: Arceus|75/100
|-unboost|p1a: Arceus|spe|1
|
|-weather|Sandstorm|[upkeep]
|-damage|p1a: Arceus|68/100|[from] Sandstorm
|upkeep
|turn|8
|
|t:|1661839795
|switch|p2a: 1|Rayquaza|100/100
|-damage|p2a: 1|76/100|[from] Stealth Rock
|-ability|p2a: 1|Air Lock
|move|p1a: Arceus|Judgment|p2a: 1
|-supereffective|p2a: 1
|-damage|p2a: 1|0 fnt
|faint|p2a: 1
|
|-weather|Sandstorm|[upkeep]
|-damage|p1a: Arceus|62/100|[from] Sandstorm
|upkeep
|
|t:|1661839797
|switch|p2a: Necrozma|Necrozma-Dusk-Mane, shiny|100/100
|-damage|p2a: Necrozma|94/100|[from] Stealth Rock
|turn|9
|
|t:|1661839807
|switch|p1a: Arceus|Arceus-Ghost|70/100 brn
|-damage|p1a: Arceus|58/100 brn|[from] Stealth Rock
|move|p2a: Necrozma|Dragon Dance|p2a: Necrozma
|-boost|p2a: Necrozma|atk|1
|-boost|p2a: Necrozma|spe|1
|
|-weather|none
|-damage|p1a: Arceus|52/100 brn|[from] brn
|upkeep
|turn|10
|inactive|wotiantianchishi has 120 seconds left.
|inactive|High ladder bros has 120 seconds left.
|
|t:|1661839857
|-start|p2a: Necrozma|Dynamax|
|-heal|p2a: Necrozma|94/100|[silent]
|move|p1a: Arceus|Judgment|p2a: Necrozma
|-supereffective|p2a: Necrozma
|-damage|p2a: Necrozma|53/100
|move|p2a: Necrozma|Max Steelspike|p1a: Arceus
|-damage|p1a: Arceus|0 fnt
|-boost|p2a: Necrozma|def|1
|faint|p1a: Arceus
|
|upkeep
|inactive|wotiantianchishi has 90 seconds left.
|inactive|wotiantianchishi has 60 seconds left.
|
|t:|1661839923
|switch|p1a: Arceus|Arceus-Electric|100/100
|-damage|p1a: Arceus|88/100|[from] Stealth Rock
|turn|11
|
|t:|1661839931
|-start|p1a: Arceus|Dynamax|
|-heal|p1a: Arceus|88/100|[silent]
|move|p1a: Arceus|Max Lightning|p2a: Necrozma
|-damage|p2a: Necrozma|20/100
|-fieldstart|move: Electric Terrain
|move|p2a: Necrozma|Max Rockfall|p1a: Arceus
|-damage|p1a: Arceus|61/100
|-weather|Sandstorm
|
|-weather|Sandstorm|[upkeep]
|-damage|p1a: Arceus|58/100|[from] Sandstorm
|upkeep
|turn|12
|
|t:|1661839938
|move|p2a: Necrozma|Max Guard|p2a: Necrozma
|-singleturn|p2a: Necrozma|Max Guard
|move|p1a: Arceus|Max Lightning|p2a: Necrozma
|-activate|p2a: Necrozma|move: Max Guard
|
|-weather|Sandstorm|[upkeep]
|-damage|p1a: Arceus|55/100|[from] Sandstorm
|upkeep
|-end|p2a: Necrozma|Dynamax
|-heal|p2a: Necrozma|20/100|[silent]
|turn|13
|inactive|wotiantianchishi has 60 seconds left.
|
|t:|1661839946
|switch|p2a: Tyranitar|Tyranitar, F, shiny|100/100
|-damage|p2a: Tyranitar|88/100|[from] Stealth Rock
|move|p1a: Arceus|Max Quake|p2a: Tyranitar
|-supereffective|p2a: Tyranitar
|-damage|p2a: Tyranitar|47/100
|-boost|p1a: Arceus|spd|1
|
|-weather|Sandstorm|[upkeep]
|-damage|p1a: Arceus|52/100|[from] Sandstorm
|-heal|p2a: Tyranitar|53/100|[from] item: Leftovers
|upkeep
|-end|p1a: Arceus|Dynamax
|-heal|p1a: Arceus|52/100|[silent]
|turn|14
|inactive|wotiantianchishi has 60 seconds left.
|
|t:|1661839958
|switch|p1a: Tyranitar|Tyranitar, M|100/100
|-damage|p1a: Tyranitar|88/100|[from] Stealth Rock
|move|p2a: Tyranitar|Rock Tomb|p1a: Tyranitar
|-damage|p1a: Tyranitar|67/100
|-unboost|p1a: Tyranitar|spe|1
|
|-weather|Sandstorm|[upkeep]
|-heal|p2a: Tyranitar|59/100|[from] item: Leftovers
|upkeep
|turn|15
|
|t:|1661839973
|switch|p2a: Arceus|Arceus-Water, shiny|88/100 brn
|-damage|p2a: Arceus|76/100 brn|[from] Stealth Rock
|detailschange|p1a: Tyranitar|Tyranitar-Mega, M
|-mega|p1a: Tyranitar|Tyranitar|Tyranitarite
|move|p1a: Tyranitar|Thunder Wave||[still]
|-fail|p1a: Tyranitar
|
|-weather|none
|-damage|p2a: Arceus|70/100 brn|[from] brn
|-fieldend|move: Electric Terrain
|upkeep
|turn|16
|
|t:|1661839981
|move|p2a: Arceus|Judgment|p1a: Tyranitar
|-supereffective|p1a: Tyranitar
|-damage|p1a: Tyranitar|16/100
|move|p1a: Tyranitar|Rock Blast|p2a: Arceus
|-damage|p2a: Arceus|64/100 brn
|-damage|p2a: Arceus|58/100 brn
|-damage|p2a: Arceus|51/100 brn
|-hitcount|p2a: Arceus|3
|
|-damage|p2a: Arceus|45/100 brn|[from] brn
|upkeep
|turn|17
|inactive|High ladder bros has 120 seconds left.
|
|t:|1661840015
|switch|p1a: Arceus|Arceus-Grass|100/100
|-damage|p1a: Arceus|88/100|[from] Stealth Rock
|move|p2a: Arceus|Recover|p2a: Arceus
|-heal|p2a: Arceus|95/100 brn
|
|-damage|p2a: Arceus|89/100 brn|[from] brn
|upkeep
|turn|18
|
|t:|1661840019
|move|p1a: Arceus|Swords Dance|p1a: Arceus
|-boost|p1a: Arceus|atk|2
|move|p2a: Arceus|Will-O-Wisp|p1a: Arceus
|-status|p1a: Arceus|brn
|
|-damage|p1a: Arceus|82/100 brn|[from] brn
|-damage|p2a: Arceus|83/100 brn|[from] brn
|upkeep
|turn|19
|inactive|wotiantianchishi has 90 seconds left.
|
|t:|1661840032
|switch|p2a: Ho-Oh|Ho-Oh, shiny|81/100
|move|p1a: Arceus|Stone Edge|p2a: Ho-Oh
|-supereffective|p2a: Ho-Oh
|-crit|p2a: Ho-Oh
|-damage|p2a: Ho-Oh|0 fnt
|faint|p2a: Ho-Oh
|
|-damage|p1a: Arceus|76/100 brn|[from] brn
|upkeep
|
|t:|1661840049
|switch|p2a: Arceus|Arceus-Ground, shiny|100/100
|-damage|p2a: Arceus|94/100|[from] Stealth Rock
|turn|20
|
|t:|1661840051
|move|p2a: Arceus|Ice Beam|p1a: Arceus
|-supereffective|p1a: Arceus
|-damage|p1a: Arceus|31/100 brn
|move|p1a: Arceus|Bullet Seed|p2a: Arceus
|-supereffective|p2a: Arceus
|-damage|p2a: Arceus|69/100
|-supereffective|p2a: Arceus
|-damage|p2a: Arceus|42/100
|-supereffective|p2a: Arceus
|-damage|p2a: Arceus|18/100
|-supereffective|p2a: Arceus
|-damage|p2a: Arceus|0 fnt
|faint|p2a: Arceus
|-hitcount|p2: Arceus|4
|
|-damage|p1a: Arceus|25/100 brn|[from] brn
|upkeep
|
|t:|1661840064
|switch|p2a: Tyranitar|Tyranitar, F, shiny|59/100
|-damage|p2a: Tyranitar|47/100|[from] Stealth Rock
|-weather|Sandstorm|[from] ability: Sand Stream|[of] p2a: Tyranitar
|turn|21
|
|t:|1661840068
|move|p1a: Arceus|Earthquake|p2a: Tyranitar
|-supereffective|p2a: Tyranitar
|-damage|p2a: Tyranitar|0 fnt
|faint|p2a: Tyranitar
|
|-weather|Sandstorm|[upkeep]
|-damage|p1a: Arceus|19/100 brn|[from] Sandstorm
|-damage|p1a: Arceus|13/100 brn|[from] brn
|upkeep
|-message|High ladder bros forfeited.
|
|win|wotiantianchishi
|raw|wotiantianchishi's rating: 1782 &rarr; <strong>1798</strong><br />(+16 for winning)
|raw|High ladder bros's rating: 1716 &rarr; <strong>1700</strong><br />(-16 for losing)
|l|☆High ladder bros
