|j|☆Anthus1710
|j|☆digging your grave
|t:|1655678722
|gametype|singles
|player|p1|Anthus1710|169|1512
|player|p2|digging your grave|byron|1585
|teamsize|p1|6
|teamsize|p2|6
|gen|8
|tier|[Gen 8] National Dex AG
|rated|
|rule|HP Percentage Mod: HP is shown in percentages
|rule|Endless Battle Clause: Forcing endless battles is banned
|clearpoke
|poke|p1|Calyrex-Shadow|
|poke|p1|Kyogre|
|poke|p1|Zacian-*|
|poke|p1|Arceus-*|
|poke|p1|Urshifu-*, F|
|poke|p1|Lugia|
|poke|p2|Rayquaza|
|poke|p2|Yveltal|
|poke|p2|Deoxys-Attack|
|poke|p2|Kyogre|
|poke|p2|Kyurem-Black|
|poke|p2|Eternatus|
|teampreview
|inactive|Battle timer is ON: inactive players will automatically lose when time's up. (requested by digging your grave)
|inactive|Anthus1710 also wants the timer to be on.
|
|t:|1655678730
|start
|switch|p1a: Urshifu|Urshifu, F|100/100
|switch|p2a: Deoxys|Deoxys-Attack|100/100
|-ability|p2a: Deoxys|Pressure
|turn|1
|
|t:|1655678733
|move|p2a: Deoxys|Stealth Rock|p1a: Urshifu
|-sidestart|p1: Anthus1710|move: Stealth Rock
|move|p1a: Urshifu|Wicked Blow|p2a: Deoxys
|-supereffective|p2a: Deoxys
|-crit|p2a: Deoxys
|-enditem|p2a: Deoxys|Focus Sash
|-damage|p2a: Deoxys|1/100
|
|upkeep
|turn|2
|
|t:|1655678738
|move|p2a: Deoxys|Psycho Boost|p1a: Urshifu
|-immune|p1a: Urshifu
|move|p1a: Urshifu|Wicked Blow|p2a: Deoxys
|-supereffective|p2a: Deoxys
|-crit|p2a: Deoxys
|-damage|p2a: Deoxys|0 fnt
|faint|p2a: Deoxys
|
|upkeep
|
|t:|1655678754
|switch|p2a: Yveltal|Yveltal|100/100
|-ability|p2a: Yveltal|Dark Aura
|turn|3
|
|t:|1655678761
|switch|p1a: Kyogre|Kyogre|100/100
|-damage|p1a: Kyogre|88/100|[from] Stealth Rock
|detailschange|p1a: Kyogre|Kyogre-Primal
|-primal|p1a: Kyogre
|-weather|PrimordialSea|[from] ability: Primordial Sea|[of] p1a: Kyogre
|-start|p2a: Yveltal|Dynamax|
|-heal|p2a: Yveltal|100/100|[silent]
|move|p2a: Yveltal|Max Airstream|p1a: Kyogre
|-damage|p1a: Kyogre|20/100
|-boost|p2a: Yveltal|spe|1
|-damage|p2a: Yveltal|96/100|[from] item: Life Orb
|
|-weather|PrimordialSea|[upkeep]
|upkeep
|turn|4
|
|t:|1655678771
|move|p2a: Yveltal|Max Ooze|p1a: Kyogre
|-damage|p1a: Kyogre|0 fnt
|-boost|p2a: Yveltal|spa|1
|faint|p1a: Kyogre
|-weather|none
|-damage|p2a: Yveltal|91/100|[from] item: Life Orb
|
|upkeep
|
|t:|1655678779
|switch|p1a: Zacian|Zacian-Crowned|100/100
|-damage|p1a: Zacian|94/100|[from] Stealth Rock
|-ability|p1a: Zacian|Intrepid Sword|boost
|-boost|p1a: Zacian|atk|1
|turn|5
|
|t:|1655678781
|move|p2a: Yveltal|Max Flare|p1a: Zacian
|-supereffective|p1a: Zacian
|-damage|p1a: Zacian|0 fnt
|-weather|SunnyDay
|faint|p1a: Zacian
|-damage|p2a: Yveltal|86/100|[from] item: Life Orb
|
|-weather|SunnyDay|[upkeep]
|upkeep
|
|t:|1655678796
|switch|p1a: Lugia|Lugia|100/100
|-damage|p1a: Lugia|76/100|[from] Stealth Rock
|-end|p2a: Yveltal|Dynamax
|-heal|p2a: Yveltal|86/100|[silent]
|turn|6
|
|t:|1655678802
|move|p2a: Yveltal|Dark Pulse|p1a: Lugia
|-supereffective|p1a: Lugia
|-damage|p1a: Lugia|0 fnt
|faint|p1a: Lugia
|-damage|p2a: Yveltal|76/100|[from] item: Life Orb
|
|-weather|SunnyDay|[upkeep]
|upkeep
|
|t:|1655678815
|switch|p1a: Urshifu|Urshifu, F|100/100
|-damage|p1a: Urshifu|94/100|[from] Stealth Rock
|turn|7
|
|t:|1655678817
|move|p1a: Urshifu|Sucker Punch|p2a: Yveltal
|-resisted|p2a: Yveltal
|-damage|p2a: Yveltal|43/100
|move|p2a: Yveltal|Oblivion Wing|p1a: Urshifu
|-supereffective|p1a: Urshifu
|-damage|p1a: Urshifu|0 fnt
|-heal|p2a: Yveltal|100/100|[from] drain|[of] p1a: Urshifu
|faint|p1a: Urshifu
|-damage|p2a: Yveltal|91/100|[from] item: Life Orb
|
|-weather|SunnyDay|[upkeep]
|upkeep
|
|t:|1655678822
|switch|p1a: Arceus|Arceus|100/100
|-damage|p1a: Arceus|88/100|[from] Stealth Rock
|turn|8
|
|t:|1655678826
|move|p2a: Yveltal|Oblivion Wing|p1a: Arceus
|-damage|p1a: Arceus|29/100
|-heal|p2a: Yveltal|100/100|[from] drain|[of] p1a: Arceus
|-damage|p2a: Yveltal|91/100|[from] item: Life Orb
|move|p1a: Arceus|Swords Dance|p1a: Arceus
|-boost|p1a: Arceus|atk|2
|
|-weather|SunnyDay|[upkeep]
|-heal|p1a: Arceus|35/100|[from] item: Leftovers
|upkeep
|turn|9
|
|t:|1655678834
|move|p1a: Arceus|Extreme Speed|p2a: Yveltal
|-damage|p2a: Yveltal|11/100
|move|p2a: Yveltal|Oblivion Wing|p1a: Arceus
|-damage|p1a: Arceus|0 fnt
|-heal|p2a: Yveltal|36/100|[from] drain|[of] p1a: Arceus
|faint|p1a: Arceus
|-damage|p2a: Yveltal|26/100|[from] item: Life Orb
|
|-weather|none
|upkeep
|-message|Anthus1710 forfeited.
|
|win|digging your grave
|raw|Anthus1710's rating: 1512 &rarr; <strong>1496</strong><br />(-16 for losing)
|raw|digging your grave's rating: 1585 &rarr; <strong>1601</strong><br />(+16 for winning)
|l|☆Anthus1710
||Ladder isn't responding, score probably updated but might not have (Request timeout).
