|j|☆madiiiman
|j|☆Ahuehuehue
|t:|1658180589
|gametype|singles
|player|p1|madiiiman|265|1812
|player|p2|Ahuehuehue|265|1729
|teamsize|p1|6
|teamsize|p2|6
|gen|8
|tier|[Gen 8] National Dex AG
|rated|
|rule|HP Percentage Mod: HP is shown in percentages
|rule|Endless Battle Clause: Forcing endless battles is banned
|clearpoke
|poke|p1|Yveltal|
|poke|p1|Ho-Oh|
|poke|p1|Necrozma-Dusk-Mane|
|poke|p1|Rayquaza|
|poke|p1|Ditto|
|poke|p1|Zacian-*|
|poke|p2|Ho-Oh|
|poke|p2|Groudon|
|poke|p2|Darmanitan-Galar, F|
|poke|p2|Groudon|
|poke|p2|Arceus-*|
|poke|p2|Rayquaza|
|teampreview
|
|t:|1658180615
|start
|switch|p1a: Rayquaza|Rayquaza|100/100
|switch|p2a: COVID|Rayquaza|100/100
|-ability|p1a: Rayquaza|Air Lock
|-ability|p2a: COVID|Air Lock
|turn|1
|
|t:|1658180642
|detailschange|p1a: Rayquaza|Rayquaza-Mega
|-mega|p1a: Rayquaza|Rayquaza|
|-weather|DeltaStream|[from] ability: Delta Stream|[of] p1a: Rayquaza
|detailschange|p2a: COVID|Rayquaza-Mega
|-mega|p2a: COVID|Rayquaza|
|move|p2a: COVID|Scale Shot|p1a: Rayquaza
|-supereffective|p1a: Rayquaza
|-damage|p1a: Rayquaza|57/100
|-supereffective|p1a: Rayquaza
|-damage|p1a: Rayquaza|11/100
|-hitcount|p1a: Rayquaza|2
|-unboost|p2a: COVID|def|1
|-boost|p2a: COVID|spe|1
|-damage|p2a: COVID|91/100|[from] item: Life Orb
|move|p1a: Rayquaza|Draco Meteor|p2a: COVID|[miss]
|-miss|p1a: Rayquaza|p2a: COVID
|
|-weather|DeltaStream|[upkeep]
|upkeep
|turn|2
|
|t:|1658180674
|switch|p1a: Zacian|Zacian-Crowned|100/100
|-ability|p1a: Zacian|Intrepid Sword|boost
|-boost|p1a: Zacian|atk|1
|move|p2a: COVID|Extreme Speed|p1a: Zacian
|-resisted|p1a: Zacian
|-damage|p1a: Zacian|79/100
|-damage|p2a: COVID|81/100|[from] item: Life Orb
|
|-weather|DeltaStream|[upkeep]
|upkeep
|turn|3
|
|t:|1658180696
|move|p2a: COVID|Dragon Ascent|p1a: Zacian
|-resisted|p1a: Zacian
|-damage|p1a: Zacian|34/100
|-unboost|p2a: COVID|def|1
|-unboost|p2a: COVID|spd|1
|-damage|p2a: COVID|71/100|[from] item: Life Orb
|move|p1a: Zacian|Close Combat|p2a: COVID
|-resisted|p2a: COVID
|-damage|p2a: COVID|0 fnt
|-unboost|p1a: Zacian|def|1
|-unboost|p1a: Zacian|spd|1
|faint|p2a: COVID
|-weather|none
|
|upkeep
|inactive|Battle timer is ON: inactive players will automatically lose when time's up. (requested by madiiiman)
|
|t:|1658180700
|switch|p2a: ICE MONKE|Darmanitan-Galar, F|100/100
|turn|4
|
|t:|1658180716
|switch|p1a: Necrozma|Necrozma-Dusk-Mane, shiny|100/100
|move|p2a: ICE MONKE|Flare Blitz|p1a: Necrozma
|-supereffective|p1a: Necrozma
|-damage|p1a: Necrozma|49/100
|-damage|p2a: ICE MONKE|84/100|[from] item: Rocky Helmet|[of] p1a: Necrozma
|-damage|p2a: ICE MONKE|65/100|[from] Recoil
|
|upkeep
|turn|5
|
|t:|1658180724
|switch|p1a: Ho-Oh|Ho-Oh|100/100
|move|p2a: ICE MONKE|Flare Blitz|p1a: Ho-Oh
|-resisted|p1a: Ho-Oh
|-damage|p1a: Ho-Oh|71/100
|-damage|p2a: ICE MONKE|53/100|[from] Recoil
|
|upkeep
|turn|6
|
|t:|1658180737
|switch|p2a: Groudon|Groudon|100/100
|detailschange|p2a: Groudon|Groudon-Primal
|-primal|p2a: Groudon
|-weather|DesolateLand|[from] ability: Desolate Land|[of] p2a: Groudon
|move|p1a: Ho-Oh|Toxic|p2a: Groudon
|-status|p2a: Groudon|tox
|
|-weather|DesolateLand|[upkeep]
|-damage|p2a: Groudon|94/100 tox|[from] psn
|upkeep
|turn|7
|
|t:|1658180750
|switch|p1a: Ditto|Ditto, shiny|100/100
|-transform|p1a: Ditto|p2a: Groudon|[from] ability: Imposter
|move|p2a: Groudon|Stone Edge|p1a: Ditto
|-damage|p1a: Ditto|70/100
|
|-weather|DesolateLand|[upkeep]
|-damage|p2a: Groudon|82/100 tox|[from] psn
|upkeep
|turn|8
|
|t:|1658180762
|switch|p2a: GOD OR DOG|Arceus-Ground|100/100
|move|p1a: Ditto|Precipice Blades|p2a: GOD OR DOG
|-damage|p2a: GOD OR DOG|68/100
|
|-weather|DesolateLand|[upkeep]
|upkeep
|turn|9
|
|t:|1658180772
|-weather|none
|switch|p1a: Yveltal|Yveltal, shiny|100/100
|-ability|p1a: Yveltal|Dark Aura
|switch|p2a: IMMORTAL PHOENIX|Ho-Oh, shiny|100/100
|
|upkeep
|turn|10
|
|t:|1658180787
|switch|p1a: Ho-Oh|Ho-Oh|100/100
|move|p2a: IMMORTAL PHOENIX|Sacred Fire|p1a: Ho-Oh
|-resisted|p1a: Ho-Oh
|-damage|p1a: Ho-Oh|82/100
|
|upkeep
|turn|11
|
|t:|1658180794
|move|p1a: Ho-Oh|Toxic|p2a: IMMORTAL PHOENIX
|-status|p2a: IMMORTAL PHOENIX|tox
|move|p2a: IMMORTAL PHOENIX|Toxic|p1a: Ho-Oh
|-status|p1a: Ho-Oh|tox
|
|-damage|p2a: IMMORTAL PHOENIX|94/100 tox|[from] psn
|-damage|p1a: Ho-Oh|76/100 tox|[from] psn
|upkeep
|turn|12
|
|t:|1658180819
|move|p1a: Ho-Oh|Sacred Fire|p2a: IMMORTAL PHOENIX
|-resisted|p2a: IMMORTAL PHOENIX
|-damage|p2a: IMMORTAL PHOENIX|76/100 tox
|move|p2a: IMMORTAL PHOENIX|Sacred Fire|p1a: Ho-Oh
|-resisted|p1a: Ho-Oh
|-damage|p1a: Ho-Oh|57/100 tox
|
|-damage|p1a: Ho-Oh|45/100 tox|[from] psn
|-damage|p2a: IMMORTAL PHOENIX|64/100 tox|[from] psn
|upkeep
|turn|13
|inactive|madiiiman has 120 seconds left.
|
|t:|1658180841
|switch|p1a: Rayquaza|Rayquaza-Mega|11/100
|-weather|DeltaStream|[from] ability: Delta Stream|[of] p1a: Rayquaza
|move|p2a: IMMORTAL PHOENIX|Roost|p2a: IMMORTAL PHOENIX
|-heal|p2a: IMMORTAL PHOENIX|100/100 tox
|-singleturn|p2a: IMMORTAL PHOENIX|move: Roost
|
|-weather|DeltaStream|[upkeep]
|-damage|p2a: IMMORTAL PHOENIX|82/100 tox|[from] psn
|upkeep
|turn|14
|inactive|Ahuehuehue has 120 seconds left.
|j| Aloe Lumen
|
|t:|1658180882
|move|p1a: Rayquaza|Dragon Ascent|p2a: IMMORTAL PHOENIX
|-damage|p2a: IMMORTAL PHOENIX|0 fnt
|-unboost|p1a: Rayquaza|def|1
|-unboost|p1a: Rayquaza|spd|1
|faint|p2a: IMMORTAL PHOENIX
|-damage|p1a: Rayquaza|1/100|[from] item: Life Orb
|
|-weather|DeltaStream|[upkeep]
|upkeep
|
|t:|1658180887
|switch|p2a: GOD OR DOG|Arceus-Ground|68/100
|turn|15
|
|t:|1658180892
|move|p1a: Rayquaza|Extreme Speed|p2a: GOD OR DOG
|-damage|p2a: GOD OR DOG|46/100
|-damage|p1a: Rayquaza|0 fnt|[from] item: Life Orb
|faint|p1a: Rayquaza
|-weather|none
|move|p2a: GOD OR DOG|Recover|p2a: GOD OR DOG
|-heal|p2a: GOD OR DOG|96/100
|
|upkeep
|
|t:|1658180907
|switch|p1a: Ho-Oh|Ho-Oh|79/100 tox
|turn|16
|inactive|Ahuehuehue has 120 seconds left.
|
|t:|1658180922
|switch|p2a: Groudon|Groudon-Primal|82/100 tox
|-weather|DesolateLand|[from] ability: Desolate Land|[of] p2a: Groudon
|move|p1a: Ho-Oh|Toxic|p2a: Groudon|[miss]
|-miss|p1a: Ho-Oh|p2a: Groudon
|
|-weather|DesolateLand|[upkeep]
|-damage|p2a: Groudon|76/100 tox|[from] psn
|-damage|p1a: Ho-Oh|73/100 tox|[from] psn
|upkeep
|turn|17
|inactive|Ahuehuehue has 120 seconds left.
|j| Apprenti Buck
|
|t:|1658180946
|switch|p1a: Ditto|Ditto, shiny|70/100
|-transform|p1a: Ditto|p2a: Groudon|[from] ability: Imposter
|move|p2a: Groudon|Stone Edge|p1a: Ditto
|-crit|p1a: Ditto
|-damage|p1a: Ditto|21/100
|
|-weather|DesolateLand|[upkeep]
|-damage|p2a: Groudon|64/100 tox|[from] psn
|upkeep
|turn|18
|
|t:|1658180955
|switch|p2a: GOD OR DOG|Arceus-Ground|96/100
|move|p1a: Ditto|Precipice Blades|p2a: GOD OR DOG
|-damage|p2a: GOD OR DOG|60/100
|
|-weather|DesolateLand|[upkeep]
|upkeep
|turn|19
|
|t:|1658180962
|-weather|none
|switch|p1a: Yveltal|Yveltal, shiny|100/100
|-ability|p1a: Yveltal|Dark Aura
|move|p2a: GOD OR DOG|Recover|p2a: GOD OR DOG
|-heal|p2a: GOD OR DOG|100/100
|
|upkeep
|turn|20
|
|t:|1658180971
|-start|p1a: Yveltal|Dynamax|
|-heal|p1a: Yveltal|100/100|[silent]
|-start|p2a: GOD OR DOG|Dynamax|
|-heal|p2a: GOD OR DOG|100/100|[silent]
|move|p1a: Yveltal|Max Airstream|p2a: GOD OR DOG
|-damage|p2a: GOD OR DOG|72/100
|-boost|p1a: Yveltal|spe|1
|-damage|p1a: Yveltal|96/100|[from] item: Life Orb
|move|p2a: GOD OR DOG|Max Hailstorm|p1a: Yveltal
|-supereffective|p1a: Yveltal
|-damage|p1a: Yveltal|67/100
|-weather|Hail
|
|-weather|Hail|[upkeep]
|-damage|p1a: Yveltal|64/100|[from] Hail
|-damage|p2a: GOD OR DOG|69/100|[from] Hail
|upkeep
|turn|21
|
|t:|1658180989
|move|p1a: Yveltal|Max Darkness|p2a: GOD OR DOG
|-damage|p2a: GOD OR DOG|29/100
|-unboost|p2a: GOD OR DOG|spd|1
|-damage|p1a: Yveltal|59/100|[from] item: Life Orb
|move|p2a: GOD OR DOG|Max Hailstorm|p1a: Yveltal
|-supereffective|p1a: Yveltal
|-damage|p1a: Yveltal|26/100
|
|-weather|Hail|[upkeep]
|-damage|p1a: Yveltal|23/100|[from] Hail
|-damage|p2a: GOD OR DOG|26/100|[from] Hail
|upkeep
|turn|22
|inactive|Ahuehuehue has 120 seconds left.
|
|t:|1658181038
|move|p2a: GOD OR DOG|Max Guard|p2a: GOD OR DOG
|-singleturn|p2a: GOD OR DOG|Max Guard
|move|p1a: Yveltal|Max Airstream|p2a: GOD OR DOG
|-activate|p2a: GOD OR DOG|move: Max Guard
|
|-weather|Hail|[upkeep]
|-damage|p1a: Yveltal|20/100|[from] Hail
|-damage|p2a: GOD OR DOG|23/100|[from] Hail
|upkeep
|-end|p1a: Yveltal|Dynamax
|-heal|p1a: Yveltal|20/100|[silent]
|-end|p2a: GOD OR DOG|Dynamax
|-heal|p2a: GOD OR DOG|23/100|[silent]
|turn|23
|
|t:|1658181049
|move|p1a: Yveltal|Oblivion Wing|p2a: GOD OR DOG
|-damage|p2a: GOD OR DOG|0 fnt
|-heal|p1a: Yveltal|39/100|[from] drain|[of] p2a: GOD OR DOG
|faint|p2a: GOD OR DOG
|-damage|p1a: Yveltal|30/100|[from] item: Life Orb
|
|-weather|Hail|[upkeep]
|-damage|p1a: Yveltal|23/100|[from] Hail
|upkeep
|
|t:|1658181059
|switch|p2a: Groudon|Groudon-Primal|64/100 tox
|-weather|DesolateLand|[from] ability: Desolate Land|[of] p2a: Groudon
|turn|24
|
|t:|1658181068
|move|p1a: Yveltal|Dark Pulse|p2a: Groudon
|-damage|p2a: Groudon|0 fnt
|faint|p2a: Groudon
|-weather|none
|-damage|p1a: Yveltal|13/100|[from] item: Life Orb
|
|upkeep
|-message|Ahuehuehue forfeited.
|
|win|madiiiman
|raw|madiiiman's rating: 1812 &rarr; <strong>1827</strong><br />(+15 for winning)
|raw|Ahuehuehue's rating: 1729 &rarr; <strong>1714</strong><br />(-15 for losing)
|l|☆Ahuehuehue
|c|☆madiiiman|gg
|l| Aloe Lumen
||Ladder isn't responding, score probably updated but might not have (Request timeout).
