|j|☆hanwujiwandou
|j|☆karakura_red
|t:|1662258980
|gametype|singles
|player|p1|hanwujiwandou|lillie-z|1617
|player|p2|karakura_red|richboy|1700
|teamsize|p1|6
|teamsize|p2|6
|gen|8
|tier|[Gen 8] National Dex AG
|rated|
|rule|HP Percentage Mod: HP is shown in percentages
|rule|Endless Battle Clause: Forcing endless battles is banned
|clearpoke
|poke|p1|Zacian-*|
|poke|p1|Zygarde|
|poke|p1|Marshadow|
|poke|p1|Ho-Oh|
|poke|p1|Groudon|
|poke|p1|Calyrex-Shadow|
|poke|p2|Arceus-*|
|poke|p2|Arceus-*|
|poke|p2|Arceus-*|
|poke|p2|Arceus-*|
|poke|p2|Arceus-*|
|poke|p2|Arceus-*|
|teampreview
|inactive|Battle timer is ON: inactive players will automatically lose when time's up. (requested by hanwujiwandou)
|l|☆hanwujiwandou
|inactive|hanwujiwandou disconnected and has a minute to reconnect!
|player|p1|
|j|☆hanwujiwandou
|inactive|hanwujiwandou reconnected and has 110 seconds left.
|player|p1|hanwujiwandou|lillie-z
|
|t:|1662259029
|start
|switch|p1a: Groudon|Groudon|100/100
|switch|p2a: Peace|Arceus|100/100
|detailschange|p1a: Groudon|Groudon-Primal
|-primal|p1a: Groudon
|-weather|DesolateLand|[from] ability: Desolate Land|[of] p1a: Groudon
|turn|1
|
|t:|1662259043
|move|p2a: Peace|Stealth Rock|p1a: Groudon
|-sidestart|p1: hanwujiwandou|move: Stealth Rock
|move|p1a: Groudon|Stealth Rock|p2a: Peace
|-sidestart|p2: karakura_red|move: Stealth Rock
|
|-weather|DesolateLand|[upkeep]
|upkeep
|turn|2
|
|t:|1662259046
|move|p2a: Peace|Swords Dance|p2a: Peace
|-boost|p2a: Peace|atk|2
|move|p1a: Groudon|Precipice Blades|p2a: Peace
|-damage|p2a: Peace|43/100
|
|-weather|DesolateLand|[upkeep]
|upkeep
|turn|3
|
|t:|1662259049
|move|p2a: Peace|Earthquake|p1a: Groudon
|-supereffective|p1a: Groudon
|-crit|p1a: Groudon
|-damage|p1a: Groudon|0 fnt
|faint|p1a: Groudon
|-weather|none
|
|upkeep
|
|t:|1662259053
|switch|p1a: Ho-Oh|Ho-Oh|100/100
|turn|4
|
|t:|1662259057
|move|p2a: Peace|Extreme Speed|p1a: Ho-Oh
|-damage|p1a: Ho-Oh|50/100
|move|p1a: Ho-Oh|Sacred Fire|p2a: Peace
|-damage|p2a: Peace|7/100
|
|upkeep
|turn|5
|
|t:|1662259067
|switch|p1a: Zygarde|Zygarde|100/100
|-damage|p1a: Zygarde|94/100|[from] Stealth Rock
|move|p2a: Peace|Earthquake|p1a: Zygarde
|-damage|p1a: Zygarde|36/100
|
|-heal|p1a: Zygarde|42/100|[from] item: Leftovers
|-activate|p1a: Zygarde|ability: Power Construct
|detailschange|p1a: Zygarde|Zygarde-Complete
|-heal|p1a: Zygarde|63/100|[silent]
|upkeep
|turn|6
|
|t:|1662259073
|move|p2a: Peace|Extreme Speed|p1a: Zygarde
|-damage|p1a: Zygarde|19/100
|move|p1a: Zygarde|Thousand Arrows|p2a: Peace
|-damage|p2a: Peace|0 fnt
|faint|p2a: Peace
|
|-heal|p1a: Zygarde|26/100|[from] item: Leftovers
|upkeep
|
|t:|1662259088
|switch|p2a: Kindness|Arceus|100/100
|-damage|p2a: Kindness|88/100|[from] Stealth Rock
|turn|7
|
|t:|1662259094
|move|p2a: Kindness|Swords Dance|p2a: Kindness
|-boost|p2a: Kindness|atk|2
|move|p1a: Zygarde|Glare|p2a: Kindness
|-status|p2a: Kindness|par
|
|-heal|p1a: Zygarde|32/100|[from] item: Leftovers
|upkeep
|turn|8
|
|t:|1662259099
|cant|p2a: Kindness|par
|move|p1a: Zygarde|Dragon Dance|p1a: Zygarde
|-boost|p1a: Zygarde|atk|1
|-boost|p1a: Zygarde|spe|1
|
|-heal|p1a: Zygarde|38/100|[from] item: Leftovers
|upkeep
|turn|9
|
|t:|1662259102
|move|p2a: Kindness|Extreme Speed|p1a: Zygarde
|-damage|p1a: Zygarde|0 fnt
|faint|p1a: Zygarde
|
|upkeep
|
|t:|1662259112
|switch|p1a: Zacian|Zacian-Crowned|100/100
|-damage|p1a: Zacian|94/100|[from] Stealth Rock
|-ability|p1a: Zacian|Intrepid Sword|boost
|-boost|p1a: Zacian|atk|1
|turn|10
|
|t:|1662259118
|move|p1a: Zacian|Close Combat|p2a: Kindness
|-supereffective|p2a: Kindness
|-enditem|p2a: Kindness|Chople Berry|[eat]
|-enditem|p2a: Kindness|Chople Berry|[weaken]
|-damage|p2a: Kindness|39/100 par
|-unboost|p1a: Zacian|def|1
|-unboost|p1a: Zacian|spd|1
|move|p2a: Kindness|Shadow Claw|p1a: Zacian
|-damage|p1a: Zacian|24/100
|
|upkeep
|turn|11
|
|t:|1662259130
|cant|p2a: Kindness|par
|move|p1a: Zacian|Close Combat|p2a: Kindness
|-supereffective|p2a: Kindness
|-damage|p2a: Kindness|0 fnt
|-unboost|p1a: Zacian|def|1
|-unboost|p1a: Zacian|spd|1
|faint|p2a: Kindness
|
|upkeep
|
|t:|1662259139
|switch|p2a: Faithfulness|Arceus|100/100
|-damage|p2a: Faithfulness|88/100|[from] Stealth Rock
|turn|12
|
|t:|1662259144
|move|p2a: Faithfulness|Extreme Speed|p1a: Zacian
|-resisted|p1a: Zacian
|-damage|p1a: Zacian|0 fnt
|faint|p1a: Zacian
|
|upkeep
|
|t:|1662259149
|switch|p1a: Ho-Oh|Ho-Oh|83/100
|turn|13
|
|t:|1662259156
|move|p1a: Ho-Oh|Will-O-Wisp|p2a: Faithfulness
|-status|p2a: Faithfulness|brn
|move|p2a: Faithfulness|Trick Room|p2a: Faithfulness
|-fieldstart|move: Trick Room|[of] p2a: Faithfulness
|
|-damage|p2a: Faithfulness|82/100 brn|[from] brn
|upkeep
|turn|14
|
|t:|1662259160
|move|p1a: Ho-Oh|Defog|p2a: Faithfulness
|-unboost|p2a: Faithfulness|evasion|1
|-sideend|p2: karakura_red|Stealth Rock|[from] move: Defog|[of] p1a: Ho-Oh
|-sideend|p1: hanwujiwandou|Stealth Rock|[from] move: Defog|[of] p1a: Ho-Oh
|move|p2a: Faithfulness|Swords Dance|p2a: Faithfulness
|-boost|p2a: Faithfulness|atk|2
|
|-damage|p2a: Faithfulness|76/100 brn|[from] brn
|upkeep
|turn|15
|
|t:|1662259164
|move|p1a: Ho-Oh|Sacred Fire|p2a: Faithfulness
|-damage|p2a: Faithfulness|49/100 brn
|move|p2a: Faithfulness|Swords Dance|p2a: Faithfulness
|-boost|p2a: Faithfulness|atk|2
|
|-damage|p2a: Faithfulness|42/100 brn|[from] brn
|upkeep
|turn|16
|
|t:|1662259169
|move|p2a: Faithfulness|Extreme Speed|p1a: Ho-Oh
|-damage|p1a: Ho-Oh|44/100
|move|p1a: Ho-Oh|Sacred Fire|p2a: Faithfulness
|-damage|p2a: Faithfulness|12/100 brn
|
|-damage|p2a: Faithfulness|5/100 brn|[from] brn
|upkeep
|turn|17
|
|t:|1662259173
|move|p2a: Faithfulness|Extreme Speed|p1a: Ho-Oh
|-damage|p1a: Ho-Oh|1/100
|move|p1a: Ho-Oh|Recover|p1a: Ho-Oh
|-heal|p1a: Ho-Oh|51/100
|
|-damage|p2a: Faithfulness|0 fnt|[from] brn
|faint|p2a: Faithfulness
|-fieldend|move: Trick Room
|upkeep
|
|t:|1662259200
|switch|p2a: Self-Control|Arceus|100/100
|turn|18
|
|t:|1662259202
|move|p2a: Self-Control|Substitute|p2a: Self-Control
|-start|p2a: Self-Control|Substitute
|-damage|p2a: Self-Control|76/100
|move|p1a: Ho-Oh|Will-O-Wisp||[still]
|-fail|p1a: Ho-Oh
|
|-heal|p2a: Self-Control|82/100|[from] item: Leftovers
|upkeep
|turn|19
|
|t:|1662259208
|move|p2a: Self-Control|Swords Dance|p2a: Self-Control
|-boost|p2a: Self-Control|atk|2
|move|p1a: Ho-Oh|Recover|p1a: Ho-Oh
|-heal|p1a: Ho-Oh|100/100
|
|-heal|p2a: Self-Control|88/100|[from] item: Leftovers
|upkeep
|turn|20
|
|t:|1662259218
|-start|p1a: Ho-Oh|Dynamax|
|-heal|p1a: Ho-Oh|100/100|[silent]
|move|p2a: Self-Control|Shadow Force||[still]
|-prepare|p2a: Self-Control|Shadow Force
|move|p1a: Ho-Oh|Max Flare|p2a: Self-Control|[miss]
|-miss|p1a: Ho-Oh|p2a: Self-Control
|
|-heal|p2a: Self-Control|94/100|[from] item: Leftovers
|upkeep
|turn|21
|
|t:|1662259228
|move|p2a: Self-Control|Shadow Force|p1a: Ho-Oh|[from]lockedmove
|-damage|p1a: Ho-Oh|75/100
|move|p1a: Ho-Oh|Max Flare|p2a: Self-Control
|-end|p2a: Self-Control|Substitute
|-weather|SunnyDay
|
|-weather|SunnyDay|[upkeep]
|-heal|p2a: Self-Control|99/100|[from] item: Leftovers
|upkeep
|turn|22
|
|t:|1662259240
|-start|p2a: Self-Control|Dynamax|
|-heal|p2a: Self-Control|99/100|[silent]
|move|p2a: Self-Control|Max Strike|p1a: Ho-Oh
|-damage|p1a: Ho-Oh|31/100
|-unboost|p1a: Ho-Oh|spe|1
|move|p1a: Ho-Oh|Max Flare|p2a: Self-Control
|-damage|p2a: Self-Control|71/100
|
|-weather|SunnyDay|[upkeep]
|-heal|p2a: Self-Control|74/100|[from] item: Leftovers
|upkeep
|-end|p1a: Ho-Oh|Dynamax
|-heal|p1a: Ho-Oh|32/100|[silent]
|turn|23
|
|t:|1662259245
|switch|p1a: Marshadow|Marshadow|100/100
|move|p2a: Self-Control|Max Phantasm|p1a: Marshadow
|-supereffective|p1a: Marshadow
|-enditem|p1a: Marshadow|Focus Sash
|-damage|p1a: Marshadow|1/100
|-unboost|p1a: Marshadow|def|1
|
|-weather|SunnyDay|[upkeep]
|-heal|p2a: Self-Control|77/100|[from] item: Leftovers
|upkeep
|turn|24
|
|t:|1662259252
|move|p1a: Marshadow|Force Palm|p2a: Self-Control
|-supereffective|p2a: Self-Control
|-damage|p2a: Self-Control|47/100
|move|p2a: Self-Control|Max Phantasm|p1a: Marshadow
|-supereffective|p1a: Marshadow
|-damage|p1a: Marshadow|0 fnt
|faint|p1a: Marshadow
|
|-weather|SunnyDay|[upkeep]
|-heal|p2a: Self-Control|50/100|[from] item: Leftovers
|upkeep
|
|t:|1662259256
|switch|p1a: Calyrex|Calyrex-Shadow|100/100
|-ability|p1a: Calyrex|As One
|-ability|p1a: Calyrex|Unnerve
|-end|p2a: Self-Control|Dynamax
|-heal|p2a: Self-Control|50/100|[silent]
|turn|25
|
|t:|1662259266
|move|p1a: Calyrex|Psyshock|p2a: Self-Control
|-damage|p2a: Self-Control|17/100
|move|p2a: Self-Control|Shadow Force||[still]
|-prepare|p2a: Self-Control|Shadow Force
|
|-weather|none
|-heal|p2a: Self-Control|23/100|[from] item: Leftovers
|upkeep
|turn|26
|
|t:|1662259271
|move|p1a: Calyrex|Psyshock|p2a: Self-Control|[miss]
|-miss|p1a: Calyrex|p2a: Self-Control
|move|p2a: Self-Control|Shadow Force|p1a: Calyrex|[from]lockedmove
|-supereffective|p1a: Calyrex
|-damage|p1a: Calyrex|0 fnt
|faint|p1a: Calyrex
|
|-heal|p2a: Self-Control|29/100|[from] item: Leftovers
|upkeep
|
|t:|1662259273
|switch|p1a: Ho-Oh|Ho-Oh|65/100
|turn|27
|-message|hanwujiwandou forfeited.
|
|win|karakura_red
|raw|hanwujiwandou's rating: 1617 &rarr; <strong>1602</strong><br />(-15 for losing)
|raw|karakura_red's rating: 1700 &rarr; <strong>1715</strong><br />(+15 for winning)
|l|☆hanwujiwandou
||Ladder isn't responding, score probably updated but might not have (Request timeout).
