|j|☆Obito 2001
|j|‽Tahz
|t:|1666680364
|gametype|singles
|player|p1|Obito 2001|teamrocket|1962
|player|p2|Tahz|veteran|1781
|teamsize|p1|6
|teamsize|p2|6
|gen|8
|tier|[Gen 8] National Dex AG
|rated|
|rule|HP Percentage Mod: HP is shown in percentages
|rule|Endless Battle Clause: Forcing endless battles is banned
|clearpoke
|poke|p1|Necrozma-Dusk-Mane|
|poke|p1|Calyrex-Ice|
|poke|p1|Arceus-*|
|poke|p1|Ditto|
|poke|p1|Palkia|
|poke|p1|Arceus-*|
|poke|p2|Arceus-*|
|poke|p2|Sableye, M|
|poke|p2|Ferrothorn, M|
|poke|p2|Necrozma-Dusk-Mane|
|poke|p2|Tyranitar, M|
|poke|p2|Lunala|
|teampreview
|inactive|Battle timer is ON: inactive players will automatically lose when time's up. (requested by Tahz)
|inactive|Obito 2001 also wants the timer to be on.
|inactive|Obito 2001 has 120 seconds left.
|inactive|Tahz has 120 seconds left.
|inactive|Tahz has 90 seconds left.
|
|t:|1666680439
|start
|switch|p1a: Black🖤and white🤍|Arceus-Dark|100/100
|switch|p2a: Sableye|Sableye, M|100/100
|turn|1
|
|t:|1666680463
|switch|p2a: Tyranitar|Tyranitar, M|100/100
|-weather|Sandstorm|[from] ability: Sand Stream|[of] p2a: Tyranitar
|move|p1a: Black🖤and white🤍|Judgment|p2a: Tyranitar
|-resisted|p2a: Tyranitar
|-damage|p2a: Tyranitar|91/100
|
|-weather|Sandstorm|[upkeep]
|-damage|p1a: Black🖤and white🤍|94/100|[from] Sandstorm
|-heal|p2a: Tyranitar|97/100|[from] item: Leftovers
|upkeep
|turn|2
|
|t:|1666680472
|move|p1a: Black🖤and white🤍|Stealth Rock|p2a: Tyranitar
|-sidestart|p2: Tahz|move: Stealth Rock
|move|p2a: Tyranitar|Snarl|p1a: Black🖤and white🤍
|-resisted|p1a: Black🖤and white🤍
|-damage|p1a: Black🖤and white🤍|90/100
|-unboost|p1a: Black🖤and white🤍|spa|1
|
|-weather|Sandstorm|[upkeep]
|-damage|p1a: Black🖤and white🤍|84/100|[from] Sandstorm
|-heal|p2a: Tyranitar|100/100|[from] item: Leftovers
|upkeep
|turn|3
|
|t:|1666680480
|switch|p1a: 🦁❤️‍🔥|Necrozma-Dusk-Mane|100/100
|move|p2a: Tyranitar|Roar|p1a: 🦁❤️‍🔥
|drag|p1a: Space Dragon 🌊|Palkia|100/100
|-ability|p1a: Space Dragon 🌊|Pressure
|
|-weather|Sandstorm|[upkeep]
|-damage|p1a: Space Dragon 🌊|94/100|[from] Sandstorm
|upkeep
|turn|4
|
|t:|1666680487
|switch|p1a: Ice rider🧊🔮|Calyrex-Ice|100/100
|-ability|p1a: Ice rider🧊🔮|As One
|-ability|p1a: Ice rider🧊🔮|Unnerve
|move|p2a: Tyranitar|Snarl|p1a: Ice rider🧊🔮
|-supereffective|p1a: Ice rider🧊🔮
|-damage|p1a: Ice rider🧊🔮|74/100
|-unboost|p1a: Ice rider🧊🔮|spa|1
|
|-weather|Sandstorm|[upkeep]
|-damage|p1a: Ice rider🧊🔮|67/100|[from] Sandstorm
|upkeep
|turn|5
|
|t:|1666680498
|move|p2a: Tyranitar|Snarl|p1a: Ice rider🧊🔮
|-supereffective|p1a: Ice rider🧊🔮
|-damage|p1a: Ice rider🧊🔮|42/100
|-unboost|p1a: Ice rider🧊🔮|spa|1
|move|p1a: Ice rider🧊🔮|Swords Dance|p1a: Ice rider🧊🔮
|-boost|p1a: Ice rider🧊🔮|atk|2
|
|-weather|none
|upkeep
|turn|6
|
|t:|1666680503
|move|p1a: Ice rider🧊🔮|Glacial Lance|p2a: Tyranitar
|-damage|p2a: Tyranitar|0 fnt
|faint|p2a: Tyranitar
|-ability|p1a: Ice rider🧊🔮|Chilling Neigh|boost
|-boost|p1a: Ice rider🧊🔮|atk|1
|
|upkeep
|
|t:|1666680514
|switch|p2a: Arceus|Arceus-Fire|100/100
|-damage|p2a: Arceus|75/100|[from] Stealth Rock
|turn|7
|
|t:|1666680518
|switch|p1a: Space Dragon 🌊|Palkia|94/100
|-ability|p1a: Space Dragon 🌊|Pressure
|move|p2a: Arceus|Judgment|p1a: Space Dragon 🌊
|-resisted|p1a: Space Dragon 🌊
|-damage|p1a: Space Dragon 🌊|86/100
|
|upkeep
|turn|8
|
|t:|1666680529
|move|p2a: Arceus|Toxic|p1a: Space Dragon 🌊
|-status|p1a: Space Dragon 🌊|tox
|move|p1a: Space Dragon 🌊|Surf|p2a: Arceus
|-supereffective|p2a: Arceus
|-damage|p2a: Arceus|0 fnt
|faint|p2a: Arceus
|
|-damage|p1a: Space Dragon 🌊|80/100 tox|[from] psn
|upkeep
|
|t:|1666680536
|switch|p2a: Ferrothorn|Ferrothorn, M|100/100
|-damage|p2a: Ferrothorn|94/100|[from] Stealth Rock
|turn|9
|
|t:|1666680546
|switch|p1a: 🦁❤️‍🔥|Necrozma-Dusk-Mane|100/100
|move|p2a: Ferrothorn|Leech Seed|p1a: 🦁❤️‍🔥
|-start|p1a: 🦁❤️‍🔥|move: Leech Seed
|
|-heal|p2a: Ferrothorn|100/100|[from] item: Leftovers
|-damage|p1a: 🦁❤️‍🔥|88/100|[from] Leech Seed|[of] p2a: Ferrothorn
|upkeep
|turn|10
|
|t:|1666680550
|move|p1a: 🦁❤️‍🔥|Swords Dance|p1a: 🦁❤️‍🔥
|-boost|p1a: 🦁❤️‍🔥|atk|2
|move|p2a: Ferrothorn|Knock Off|p1a: 🦁❤️‍🔥
|-supereffective|p1a: 🦁❤️‍🔥
|-damage|p1a: 🦁❤️‍🔥|68/100
|-enditem|p1a: 🦁❤️‍🔥|Weakness Policy
|-boost|p1a: 🦁❤️‍🔥|atk|2|[from] item: Weakness Policy
|-boost|p1a: 🦁❤️‍🔥|spa|2|[from] item: Weakness Policy
|
|-damage|p1a: 🦁❤️‍🔥|56/100|[from] Leech Seed|[of] p2a: Ferrothorn
|upkeep
|turn|11
|
|t:|1666680559
|-start|p2a: Ferrothorn|Dynamax|
|-heal|p2a: Ferrothorn|100/100|[silent]
|move|p1a: 🦁❤️‍🔥|Earthquake|p2a: Ferrothorn
|-damage|p2a: Ferrothorn|46/100
|move|p2a: Ferrothorn|Max Darkness|p1a: 🦁❤️‍🔥
|-supereffective|p1a: 🦁❤️‍🔥
|-damage|p1a: 🦁❤️‍🔥|28/100
|-unboost|p1a: 🦁❤️‍🔥|spd|1
|
|-heal|p2a: Ferrothorn|49/100|[from] item: Leftovers
|-damage|p1a: 🦁❤️‍🔥|16/100|[from] Leech Seed|[of] p2a: Ferrothorn
|-heal|p2a: Ferrothorn|56/100|[silent]
|upkeep
|turn|12
|
|t:|1666680575
|move|p1a: 🦁❤️‍🔥|Earthquake|p2a: Ferrothorn
|-damage|p2a: Ferrothorn|4/100
|move|p2a: Ferrothorn|Max Darkness|p1a: 🦁❤️‍🔥
|-supereffective|p1a: 🦁❤️‍🔥
|-damage|p1a: 🦁❤️‍🔥|0 fnt
|faint|p1a: 🦁❤️‍🔥
|
|-heal|p2a: Ferrothorn|7/100|[from] item: Leftovers
|upkeep
|
|t:|1666680580
|switch|p1a: Ice rider🧊🔮|Calyrex-Ice|42/100
|-ability|p1a: Ice rider🧊🔮|As One
|-ability|p1a: Ice rider🧊🔮|Unnerve
|turn|13
|
|t:|1666680584
|move|p1a: Ice rider🧊🔮|Glacial Lance|p2a: Ferrothorn
|-damage|p2a: Ferrothorn|0 fnt
|faint|p2a: Ferrothorn
|-ability|p1a: Ice rider🧊🔮|Chilling Neigh|boost
|-boost|p1a: Ice rider🧊🔮|atk|1
|
|upkeep
|
|t:|1666680591
|switch|p2a: Lunala|Lunala|100/100
|turn|14
|
|t:|1666680594
|switch|p1a: Space Dragon 🌊|Palkia|80/100 tox
|-ability|p1a: Space Dragon 🌊|Pressure
|move|p2a: Lunala|Moongeist Beam|p1a: Space Dragon 🌊
|-damage|p1a: Space Dragon 🌊|46/100 tox
|
|-damage|p1a: Space Dragon 🌊|40/100 tox|[from] psn
|upkeep
|turn|15
|
|t:|1666680600
|move|p2a: Lunala|Roost||[still]
|-fail|p2a: Lunala|heal
|move|p1a: Space Dragon 🌊|Surf|p2a: Lunala
|-damage|p2a: Lunala|78/100
|
|-damage|p1a: Space Dragon 🌊|28/100 tox|[from] psn
|upkeep
|turn|16
|
|t:|1666680605
|switch|p1a: Black🖤and white🤍|Arceus-Dark|84/100
|move|p2a: Lunala|Roost|p2a: Lunala
|-heal|p2a: Lunala|100/100
|-singleturn|p2a: Lunala|move: Roost
|
|upkeep
|turn|17
|
|t:|1666680611
|move|p1a: Black🖤and white🤍|Judgment|p2a: Lunala
|-supereffective|p2a: Lunala
|-damage|p2a: Lunala|34/100
|move|p2a: Lunala|Toxic|p1a: Black🖤and white🤍
|-status|p1a: Black🖤and white🤍|tox
|
|-damage|p1a: Black🖤and white🤍|78/100 tox|[from] psn
|upkeep
|turn|18
|
|t:|1666680615
|switch|p2a: Sableye|Sableye, M|100/100
|-damage|p2a: Sableye|88/100|[from] Stealth Rock
|move|p1a: Black🖤and white🤍|Judgment|p2a: Sableye
|-damage|p2a: Sableye|13/100
|
|-damage|p1a: Black🖤and white🤍|66/100 tox|[from] psn
|upkeep
|turn|19
|
|t:|1666680621
|detailschange|p2a: Sableye|Sableye-Mega, M
|-mega|p2a: Sableye|Sableye|Sablenite
|move|p2a: Sableye|Fake Out|p1a: Black🖤and white🤍
|-damage|p1a: Black🖤and white🤍|60/100 tox
|cant|p1a: Black🖤and white🤍|flinch
|
|-damage|p1a: Black🖤and white🤍|42/100 tox|[from] psn
|upkeep
|turn|20
|
|t:|1666680626
|move|p1a: Black🖤and white🤍|Judgment|p2a: Sableye
|-damage|p2a: Sableye|0 fnt
|faint|p2a: Sableye
|
|-damage|p1a: Black🖤and white🤍|18/100 tox|[from] psn
|upkeep
|
|t:|1666680631
|switch|p2a: Necrozma|Necrozma-Dusk-Mane|100/100
|-damage|p2a: Necrozma|94/100|[from] Stealth Rock
|turn|21
|
|t:|1666680636
|switch|p1a: Space Dragon 🌊|Palkia|28/100 tox
|-ability|p1a: Space Dragon 🌊|Pressure
|move|p2a: Necrozma|Morning Sun|p2a: Necrozma
|-heal|p2a: Necrozma|100/100
|
|-damage|p1a: Space Dragon 🌊|22/100 tox|[from] psn
|upkeep
|turn|22
|
|t:|1666680643
|move|p1a: Space Dragon 🌊|Surf|p2a: Necrozma
|-damage|p2a: Necrozma|48/100
|move|p2a: Necrozma|Knock Off|p1a: Space Dragon 🌊
|-damage|p1a: Space Dragon 🌊|0 fnt
|-enditem|p1a: Space Dragon 🌊|Lustrous Orb|[from] move: Knock Off|[of] p2a: Necrozma
|faint|p1a: Space Dragon 🌊
|
|upkeep
|
|t:|1666680646
|switch|p1a: Black🖤and white🤍|Arceus-Dark|18/100 tox
|turn|23
|
|t:|1666680649
|-start|p1a: Black🖤and white🤍|Dynamax|
|-heal|p1a: Black🖤and white🤍|18/100 tox|[silent]
|move|p1a: Black🖤and white🤍|Max Darkness|p2a: Necrozma
|-supereffective|p2a: Necrozma
|-damage|p2a: Necrozma|0 fnt
|faint|p2a: Necrozma
|
|-damage|p1a: Black🖤and white🤍|15/100 tox|[from] psn
|upkeep
|
|t:|1666680653
|switch|p2a: Lunala|Lunala|34/100
|turn|24
|
|t:|1666680662
|move|p1a: Black🖤and white🤍|Max Darkness|p2a: Lunala
|-supereffective|p2a: Lunala
|-damage|p2a: Lunala|0 fnt
|faint|p2a: Lunala
|
|win|Obito 2001
|raw|Obito 2001's rating: 1962 &rarr; <strong>1972</strong><br />(+10 for winning)
|raw|Tahz's rating: 1781 &rarr; <strong>1771</strong><br />(-10 for losing)
|l|‽Tahz
