|j|☆Dekkerdoesstuff
|j|☆dootunderscore
|t:|1658802810
|gametype|singles
|player|p1|Dekkerdoesstuff|blue|
|player|p2|dootunderscore|misty|
|teamsize|p1|6
|teamsize|p2|6
|gen|8
|tier|[Gen 8] National Dex AG
|rule|HP Percentage Mod: HP is shown in percentages
|rule|Endless Battle Clause: Forcing endless battles is banned
|clearpoke
|poke|p1|Blastoise, F|
|poke|p1|Alakazam, M|
|poke|p1|Arcanine, M|
|poke|p1|Tyranitar, M|
|poke|p1|Heracross, M|
|poke|p1|Exeggutor-Alola, M|
|poke|p2|Excadrill, M|
|poke|p2|Rotom-Wash|
|poke|p2|Lycanroc-Dusk, M|
|poke|p2|Blacephalon|
|poke|p2|Scizor, M|
|poke|p2|Latias, F|
|teampreview
|inactive|Battle timer is ON: inactive players will automatically lose when time's up. (requested by Dekkerdoesstuff)
|c|☆Dekkerdoesstuff|my team and avatar have no relation to each other
|
|t:|1658802839
|start
|switch|p1a: Tyranitar|Tyranitar, M|100/100
|switch|p2a: extra drill|Excadrill, M|100/100
|-ability|p2a: extra drill|Mold Breaker
|-weather|Sandstorm|[from] ability: Sand Stream|[of] p1a: Tyranitar
|turn|1
|c|☆dootunderscore|same
|
|t:|1658802846
|move|p2a: extra drill|Rapid Spin|p1a: Tyranitar
|-resisted|p1a: Tyranitar
|-damage|p1a: Tyranitar|93/100
|-boost|p2a: extra drill|spe|1
|move|p1a: Tyranitar|Stealth Rock|p2a: extra drill
|-sidestart|p2: dootunderscore|move: Stealth Rock
|
|-weather|Sandstorm|[upkeep]
|-heal|p1a: Tyranitar|99/100|[from] item: Leftovers
|upkeep
|turn|2
|
|t:|1658802853
|move|p2a: extra drill|Earthquake|p1a: Tyranitar
|-supereffective|p1a: Tyranitar
|-damage|p1a: Tyranitar|11/100
|move|p1a: Tyranitar|Earthquake|p2a: extra drill
|-supereffective|p2a: extra drill
|-enditem|p2a: extra drill|Focus Sash
|-damage|p2a: extra drill|1/100
|
|-weather|Sandstorm|[upkeep]
|-heal|p1a: Tyranitar|18/100|[from] item: Leftovers
|upkeep
|turn|3
|
|t:|1658802867
|move|p2a: extra drill|Earthquake|p1a: Tyranitar
|-supereffective|p1a: Tyranitar
|-damage|p1a: Tyranitar|0 fnt
|faint|p1a: Tyranitar
|
|-weather|Sandstorm|[upkeep]
|upkeep
|
|t:|1658802870
|switch|p1a: Blastoise|Blastoise, F|100/100
|turn|4
|
|t:|1658802883
|move|p2a: extra drill|Rapid Spin|p1a: Blastoise
|-damage|p1a: Blastoise|80/100
|-boost|p2a: extra drill|spe|1
|-sideend|p2: dootunderscore|Stealth Rock|[from] move: Rapid Spin|[of] p2a: extra drill
|move|p1a: Blastoise|Shell Smash|p1a: Blastoise
|-unboost|p1a: Blastoise|def|1
|-unboost|p1a: Blastoise|spd|1
|-boost|p1a: Blastoise|atk|2
|-boost|p1a: Blastoise|spa|2
|-boost|p1a: Blastoise|spe|2
|-enditem|p1a: Blastoise|White Herb
|-clearnegativeboost|p1a: Blastoise|[silent]
|
|-weather|Sandstorm|[upkeep]
|-damage|p1a: Blastoise|74/100|[from] Sandstorm
|upkeep
|turn|5
|
|t:|1658802889
|move|p2a: extra drill|Earthquake|p1a: Blastoise
|-damage|p1a: Blastoise|11/100
|move|p1a: Blastoise|Waterfall|p2a: extra drill
|-supereffective|p2a: extra drill
|-damage|p2a: extra drill|0 fnt
|faint|p2a: extra drill
|
|-weather|none
|upkeep
|
|t:|1658802898
|switch|p2a: wacky|Lycanroc-Dusk, M, shiny|100/100
|turn|6
|
|t:|1658802908
|switch|p1a: Heracross|Heracross, M|100/100
|move|p2a: wacky|Accelerock|p1a: Heracross
|-damage|p1a: Heracross|63/100
|
|-status|p1a: Heracross|brn|[from] item: Flame Orb
|upkeep
|turn|7
|
|t:|1658802918
|switch|p2a: wosh|Rotom-Wash|100/100
|move|p1a: Heracross|Close Combat|p2a: wosh
|-damage|p2a: wosh|25/100
|-unboost|p1a: Heracross|def|1
|-unboost|p1a: Heracross|spd|1
|
|-heal|p2a: wosh|31/100|[from] item: Leftovers
|-damage|p1a: Heracross|57/100 brn|[from] brn
|upkeep
|turn|8
|
|t:|1658802926
|switch|p1a: Exeggutor|Exeggutor-Alola, M|100/100
|move|p2a: wosh|Volt Switch|p1a: Exeggutor
|-resisted|p1a: Exeggutor
|-damage|p1a: Exeggutor|94/100
|inactive|dootunderscore has 270 seconds left.
|
|t:|1658802979
|switch|p2a: jetlean|Latias, F|100/100|[from]move: Volt Switch
|
|upkeep
|turn|9
|
|t:|1658802983
|move|p2a: jetlean|Draco Meteor|p1a: Exeggutor
|-supereffective|p1a: Exeggutor
|-damage|p1a: Exeggutor|0 fnt
|-unboost|p2a: jetlean|spa|2
|faint|p1a: Exeggutor
|
|upkeep
|
|t:|1658802993
|switch|p1a: Arcanine|Arcanine, M|100/100
|turn|10
|inactive|dootunderscore has 270 seconds left.
|
|t:|1658802999
|switch|p2a: wosh|Rotom-Wash|31/100
|move|p1a: Arcanine|Extreme Speed|p2a: wosh
|-damage|p2a: wosh|11/100
|
|-heal|p2a: wosh|18/100|[from] item: Leftovers
|upkeep
|turn|11
|
|t:|1658803007
|move|p1a: Arcanine|Extreme Speed|p2a: wosh
|-crit|p2a: wosh
|-damage|p2a: wosh|0 fnt
|faint|p2a: wosh
|
|upkeep
|
|t:|1658803010
|switch|p2a: wacky|Lycanroc-Dusk, M, shiny|100/100
|turn|12
|
|t:|1658803021
|switch|p1a: Blastoise|Blastoise, F|11/100
|move|p2a: wacky|Stone Edge|p1a: Blastoise|[miss]
|-miss|p2a: wacky|p1a: Blastoise
|
|upkeep
|turn|13
|
|t:|1658803029
|move|p2a: wacky|Accelerock|p1a: Blastoise
|-damage|p1a: Blastoise|0 fnt
|faint|p1a: Blastoise
|
|upkeep
|
|t:|1658803034
|switch|p1a: Alakazam|Alakazam, M|100/100
|turn|14
|c|☆Dekkerdoesstuff|its a good thing im not using this in the tournament
|inactive|dootunderscore has 270 seconds left.
|c|☆dootunderscore|same
|
|t:|1658803076
|switch|p2a: jetlean|Latias, F|100/100
|detailschange|p1a: Alakazam|Alakazam-Mega, M
|-mega|p1a: Alakazam|Alakazam|Alakazite
|-ability|p1a: Alakazam|Levitate|[from] ability: Trace|[of] p2a: jetlean
|move|p1a: Alakazam|Psychic|p2a: jetlean
|-resisted|p2a: jetlean
|-damage|p2a: jetlean|73/100
|
|upkeep
|turn|15
|inactive|Dekkerdoesstuff has 270 seconds left.
|
|t:|1658803091
|move|p1a: Alakazam|Shadow Ball|p2a: jetlean
|-supereffective|p2a: jetlean
|-damage|p2a: jetlean|14/100
|move|p2a: jetlean|Calm Mind|p2a: jetlean
|-boost|p2a: jetlean|spa|1
|-boost|p2a: jetlean|spd|1
|
|upkeep
|turn|16
|inactive|dootunderscore has 270 seconds left.
|c|☆dootunderscore|im stupid
|
|t:|1658803104
|move|p1a: Alakazam|Nasty Plot|p1a: Alakazam
|-boost|p1a: Alakazam|spa|2
|move|p2a: jetlean|Draco Meteor|p1a: Alakazam
|-damage|p1a: Alakazam|0 fnt
|-unboost|p2a: jetlean|spa|2
|faint|p1a: Alakazam
|
|upkeep
|
|t:|1658803108
|switch|p1a: Arcanine|Arcanine, M|100/100
|turn|17
|c|☆dootunderscore|oh
|
|t:|1658803111
|move|p1a: Arcanine|Extreme Speed|p2a: jetlean
|-damage|p2a: jetlean|0 fnt
|faint|p2a: jetlean
|
|upkeep
|
|t:|1658803114
|switch|p2a: wacky|Lycanroc-Dusk, M, shiny|100/100
|turn|18
|
|t:|1658803124
|move|p2a: wacky|Stone Edge|p1a: Arcanine
|-supereffective|p1a: Arcanine
|-damage|p1a: Arcanine|0 fnt
|faint|p1a: Arcanine
|
|upkeep
|
|t:|1658803127
|switch|p1a: Heracross|Heracross, M|57/100 brn
|turn|19
|
|t:|1658803134
|-zpower|p2a: wacky
|move|p2a: wacky|Splintered Stormshards|p1a: Heracross|[zeffect]
|-damage|p1a: Heracross|0 fnt
|faint|p1a: Heracross
|
|win|dootunderscore
|c|☆Dekkerdoesstuff|gg
|c|☆dootunderscore|gg
