|j|☆DarkboiJ
|j|☆diemond35472
|t:|1665556361
|gametype|singles
|player|p1|DarkboiJ|blue-gen3two|1748
|player|p2|diemond35472|mustard|1718
|teamsize|p1|6
|teamsize|p2|6
|gen|8
|tier|[Gen 8] National Dex AG
|rated|
|rule|HP Percentage Mod: HP is shown in percentages
|rule|Endless Battle Clause: Forcing endless battles is banned
|clearpoke
|poke|p1|Hatterene, F|
|poke|p1|Glalie, F|
|poke|p1|Steelix, M|
|poke|p1|Diancie|
|poke|p1|Arceus-*|
|poke|p1|Ditto|
|poke|p2|Calyrex-Shadow|
|poke|p2|Yveltal|
|poke|p2|Smeargle, M|
|poke|p2|Rayquaza|
|poke|p2|Groudon|
|poke|p2|Arceus-*|
|teampreview
|inactive|Battle timer is ON: inactive players will automatically lose when time's up. (requested by DarkboiJ)
|
|t:|1665556376
|start
|switch|p1a: Steelix|Steelix, M|100/100
|switch|p2a: Smeargle|Smeargle, M|100/100
|turn|1
|
|t:|1665556389
|move|p1a: Steelix|Earthquake|p2a: Smeargle
|-enditem|p2a: Smeargle|Focus Sash
|-damage|p2a: Smeargle|1/100
|move|p2a: Smeargle|Whirlwind|p1a: Steelix
|drag|p1a: Diancie|Diancie|100/100
|
|upkeep
|turn|2
|
|t:|1665556397
|switch|p1a: Steelix|Steelix, M|100/100
|move|p2a: Smeargle|Nuzzle|p1a: Steelix
|-immune|p1a: Steelix
|
|upkeep
|turn|3
|
|t:|1665556406
|move|p2a: Smeargle|Rapid Spin|p1a: Steelix
|-resisted|p1a: Steelix
|-damage|p1a: Steelix|99/100
|-boost|p2a: Smeargle|spe|1
|move|p1a: Steelix|Gyro Ball|p2a: Smeargle
|-damage|p2a: Smeargle|0 fnt
|faint|p2a: Smeargle
|
|upkeep
|
|t:|1665556414
|switch|p2a: Groudon|Groudon|100/100
|detailschange|p2a: Groudon|Groudon-Primal
|-primal|p2a: Groudon
|-weather|DesolateLand|[from] ability: Desolate Land|[of] p2a: Groudon
|turn|4
|
|t:|1665556423
|move|p2a: Groudon|Precipice Blades|p1a: Steelix|[miss]
|-miss|p2a: Groudon|p1a: Steelix
|move|p1a: Steelix|Gyro Ball|p2a: Groudon
|-resisted|p2a: Groudon
|-damage|p2a: Groudon|72/100
|
|-weather|DesolateLand|[upkeep]
|upkeep
|turn|5
|
|t:|1665556442
|switch|p1a: Arceus|Arceus|100/100
|move|p2a: Groudon|Precipice Blades|p1a: Arceus
|-damage|p1a: Arceus|49/100
|
|-weather|DesolateLand|[upkeep]
|upkeep
|turn|6
|
|t:|1665556448
|move|p2a: Groudon|Precipice Blades|p1a: Arceus
|-damage|p1a: Arceus|0 fnt
|faint|p1a: Arceus
|
|-weather|DesolateLand|[upkeep]
|upkeep
|
|t:|1665556451
|switch|p1a: Ditto|Ditto, shiny|100/100
|-transform|p1a: Ditto|p2a: Groudon|[from] ability: Imposter
|turn|7
|
|t:|1665556469
|move|p1a: Ditto|Precipice Blades|p2a: Groudon
|-supereffective|p2a: Groudon
|-damage|p2a: Groudon|0 fnt
|faint|p2a: Groudon
|
|-weather|DesolateLand|[upkeep]
|upkeep
|
|t:|1665556474
|switch|p2a: Yveltal|Yveltal|100/100
|-ability|p2a: Yveltal|Dark Aura
|turn|8
|
|t:|1665556480
|-weather|none
|switch|p1a: Diancie|Diancie|100/100
|move|p2a: Yveltal|Dark Pulse|p1a: Diancie
|-resisted|p1a: Diancie
|-damage|p1a: Diancie|75/100
|-damage|p2a: Yveltal|91/100|[from] item: Life Orb
|
|upkeep
|turn|9
|
|t:|1665556486
|move|p2a: Yveltal|Taunt|p1a: Diancie
|-start|p1a: Diancie|move: Taunt
|cant|p1a: Diancie|move: Taunt|Stealth Rock
|
|upkeep
|turn|10
|
|t:|1665556493
|switch|p2a: Calyrex|Calyrex-Shadow|100/100
|-ability|p2a: Calyrex|As One
|-ability|p2a: Calyrex|Unnerve
|move|p1a: Diancie|Diamond Storm|p2a: Calyrex
|-damage|p2a: Calyrex|59/100
|-boost|p1a: Diancie|def|2
|
|upkeep
|turn|11
|
|t:|1665556504
|switch|p1a: Hatterene|Hatterene, F|100/100
|move|p2a: Calyrex|Astral Barrage|p1a: Hatterene
|-supereffective|p1a: Hatterene
|-damage|p1a: Hatterene|0 fnt
|faint|p1a: Hatterene
|-ability|p2a: Calyrex|Grim Neigh|boost
|-boost|p2a: Calyrex|spa|1
|
|upkeep
|
|t:|1665556506
|switch|p1a: Ditto|Ditto, shiny|100/100
|-transform|p1a: Ditto|p2a: Calyrex|[from] ability: Imposter
|turn|12
|
|t:|1665556518
|move|p1a: Ditto|Astral Barrage|p2a: Calyrex
|-supereffective|p2a: Calyrex
|-damage|p2a: Calyrex|0 fnt
|faint|p2a: Calyrex
|-ability|p1a: Ditto|Grim Neigh|boost
|-boost|p1a: Ditto|spa|1
|
|upkeep
|
|t:|1665556523
|switch|p2a: Yveltal|Yveltal|91/100
|-ability|p2a: Yveltal|Dark Aura
|turn|13
|
|t:|1665556528
|switch|p1a: Diancie|Diancie|75/100
|-start|p2a: Yveltal|Dynamax|
|-heal|p2a: Yveltal|91/100|[silent]
|move|p2a: Yveltal|Max Airstream|p1a: Diancie
|-resisted|p1a: Diancie
|-damage|p1a: Diancie|39/100
|-boost|p2a: Yveltal|spe|1
|-damage|p2a: Yveltal|86/100|[from] item: Life Orb
|
|upkeep
|turn|14
|
|t:|1665556540
|move|p2a: Yveltal|Max Darkness|p1a: Diancie
|-resisted|p1a: Diancie
|-damage|p1a: Diancie|0 fnt
|faint|p1a: Diancie
|-damage|p2a: Yveltal|81/100|[from] item: Life Orb
|
|upkeep
|
|t:|1665556548
|switch|p1a: Ditto|Ditto, shiny|100/100
|-transform|p1a: Ditto|p2a: Yveltal|[from] ability: Imposter
|-ability|p1a: Ditto|Dark Aura
|turn|15
|
|t:|1665556552
|-start|p1a: Ditto|Dynamax|
|-heal|p1a: Ditto|100/100|[silent]
|move|p1a: Ditto|Max Guard|p1a: Ditto
|-singleturn|p1a: Ditto|Max Guard
|move|p2a: Yveltal|Max Darkness|p1a: Ditto
|-activate|p1a: Ditto|move: Max Guard
|
|upkeep
|-end|p2a: Yveltal|Dynamax
|-heal|p2a: Yveltal|81/100|[silent]
|turn|16
|
|t:|1665556555
|move|p2a: Yveltal|Oblivion Wing|p1a: Ditto
|-damage|p1a: Ditto|70/100
|-heal|p2a: Yveltal|100/100|[from] drain|[of] p1a: Ditto
|-damage|p2a: Yveltal|91/100|[from] item: Life Orb
|move|p1a: Ditto|Max Airstream|p2a: Yveltal
|-damage|p2a: Yveltal|35/100
|-boost|p1a: Ditto|spe|1
|
|upkeep
|turn|17
|
|t:|1665556560
|move|p1a: Ditto|Max Airstream|p2a: Yveltal
|-damage|p2a: Yveltal|0 fnt
|-boost|p1a: Ditto|spe|1
|faint|p2a: Yveltal
|
|upkeep
|
|t:|1665556570
|switch|p2a: Arceus|Arceus|100/100
|-end|p1a: Ditto|Dynamax
|-heal|p1a: Ditto|70/100|[silent]
|turn|18
|
|t:|1665556576
|move|p1a: Ditto|Taunt|p2a: Arceus
|-start|p2a: Arceus|move: Taunt
|cant|p2a: Arceus|move: Taunt|Swords Dance
|
|upkeep
|turn|19
|
|t:|1665556578
|switch|p1a: Steelix|Steelix, M|99/100
|move|p2a: Arceus|Extreme Speed|p1a: Steelix
|-resisted|p1a: Steelix
|-damage|p1a: Steelix|86/100
|
|upkeep
|turn|20
|
|t:|1665556582
|move|p2a: Arceus|Earthquake|p1a: Steelix
|-supereffective|p1a: Steelix
|-damage|p1a: Steelix|49/100
|move|p1a: Steelix|Gyro Ball|p2a: Arceus
|-damage|p2a: Arceus|28/100
|
|-end|p2a: Arceus|move: Taunt
|upkeep
|turn|21
|
|t:|1665556587
|move|p2a: Arceus|Earthquake|p1a: Steelix
|-supereffective|p1a: Steelix
|-damage|p1a: Steelix|14/100
|move|p1a: Steelix|Gyro Ball|p2a: Arceus
|-damage|p2a: Arceus|0 fnt
|faint|p2a: Arceus
|
|upkeep
|
|t:|1665556590
|switch|p2a: Rayquaza|Rayquaza|100/100
|-ability|p2a: Rayquaza|Air Lock
|turn|22
|
|t:|1665556599
|move|p2a: Rayquaza|Dragon Ascent|p1a: Steelix
|-resisted|p1a: Steelix
|-damage|p1a: Steelix|0 fnt
|-unboost|p2a: Rayquaza|def|1
|-unboost|p2a: Rayquaza|spd|1
|faint|p1a: Steelix
|-damage|p2a: Rayquaza|91/100|[from] item: Life Orb
|
|upkeep
|
|t:|1665556606
|switch|p1a: Glalie|Glalie, F|100/100
|turn|23
|
|t:|1665556609
|move|p1a: Glalie|Protect|p1a: Glalie
|-singleturn|p1a: Glalie|Protect
|move|p2a: Rayquaza|V-create|p1a: Glalie
|-activate|p1a: Glalie|move: Protect
|
|-ability|p1a: Glalie|Moody|boost
|-boost|p1a: Glalie|def|2
|-unboost|p1a: Glalie|spe|1
|upkeep
|turn|24
|
|t:|1665556617
|detailschange|p1a: Glalie|Glalie-Mega, F
|-mega|p1a: Glalie|Glalie|Glalitite
|move|p1a: Glalie|Ice Shard|p2a: Rayquaza
|-supereffective|p2a: Rayquaza
|-damage|p2a: Rayquaza|0 fnt
|faint|p2a: Rayquaza
|
|win|DarkboiJ
|raw|DarkboiJ's rating: 1748 &rarr; <strong>1766</strong><br />(+18 for winning)
|raw|diemond35472's rating: 1718 &rarr; <strong>1700</strong><br />(-18 for losing)
|c|☆diemond35472|gg
|l|☆diemond35472
