|j|☆Flynn Watson
|j|☆Czefkuu
|t:|1636381101
|gametype|singles
|player|p1|Flynn Watson|lady|1592
|player|p2|Czefkuu|102|1754
|teamsize|p1|6
|teamsize|p2|6
|gen|8
|tier|[Gen 8] National Dex AG
|rated|
|rule|HP Percentage Mod: HP is shown in percentages
|rule|Endless Battle Clause: Forcing endless battles is banned
|clearpoke
|poke|p1|Calyrex-Shadow|
|poke|p1|Yveltal|
|poke|p1|Espeon, M|
|poke|p1|Zacian-*|
|poke|p1|Rayquaza|
|poke|p1|Necrozma-Dusk-Mane|
|poke|p2|Groudon|
|poke|p2|Yveltal|
|poke|p2|Ho-Oh|
|poke|p2|Rayquaza|
|poke|p2|Xerneas-*|
|poke|p2|Marshadow|
|teampreview
|j| ore bakadesu%◕‿‿◕%
|
|t:|1636381116
|start
|switch|p1a: Espeon|Espeon, M|100/100
|switch|p2a: Rayquaza|Rayquaza|100/100
|-ability|p2a: Rayquaza|Air Lock
|turn|1
|c|☆Flynn Watson|Glhf
|c|☆Czefkuu|glgl
|
|t:|1636381138
|switch|p2a: Ho-Oh|Ho-Oh|100/100
|-zpower|p1a: Espeon
|move|p1a: Espeon|Z-Celebrate|p1a: Espeon|[anim]Celebrate
|-boost|p1a: Espeon|atk|1|[zeffect]
|-boost|p1a: Espeon|def|1|[zeffect]
|-boost|p1a: Espeon|spa|1|[zeffect]
|-boost|p1a: Espeon|spd|1|[zeffect]
|-boost|p1a: Espeon|spe|1|[zeffect]
|-activate|p1a: Espeon|move: Celebrate
|
|upkeep
|turn|2
|
|t:|1636381151
|move|p1a: Espeon|Stored Power|p2a: Ho-Oh
|-damage|p2a: Ho-Oh|49/100
|move|p2a: Ho-Oh|Toxic|p1a: Espeon
|move|p1a: Espeon|Toxic|p2a: Ho-Oh|[from]ability: Magic Bounce
|-status|p2a: Ho-Oh|tox
|
|-damage|p2a: Ho-Oh|42/100 tox|[from] psn
|upkeep
|turn|3
|
|t:|1636381164
|move|p1a: Espeon|Stored Power|p2a: Ho-Oh
|-damage|p2a: Ho-Oh|0 fnt
|faint|p2a: Ho-Oh
|
|upkeep
|
|t:|1636381168
|switch|p2a: Marshadow|Marshadow|100/100
|turn|4
|
|t:|1636381171
|move|p1a: Espeon|Baton Pass|p1a: Espeon
|
|t:|1636381174
|switch|p1a: Yveltal|Yveltal|100/100|[from]move: Baton Pass
|-ability|p1a: Yveltal|Dark Aura
|move|p2a: Marshadow|Spectral Thief||[still]
|-clearpositiveboost|p1a: Yveltal|p2a: Marshadow|move: Spectral Thief
|-boost|p2a: Marshadow|atk|1
|-boost|p2a: Marshadow|def|1
|-boost|p2a: Marshadow|spa|1
|-boost|p2a: Marshadow|spd|1
|-boost|p2a: Marshadow|spe|1
|-anim|p2a: Marshadow|Spectral Thief|p1a: Yveltal
|-resisted|p1a: Yveltal
|-damage|p1a: Yveltal|71/100
|
|upkeep
|turn|5
|
|t:|1636381190
|-start|p2a: Marshadow|Dynamax
|-heal|p2a: Marshadow|100/100|[silent]
|-start|p1a: Yveltal|Dynamax
|-heal|p1a: Yveltal|71/100|[silent]
|move|p2a: Marshadow|Max Hailstorm|p1a: Yveltal
|-supereffective|p1a: Yveltal
|-damage|p1a: Yveltal|7/100
|-weather|Hail
|move|p1a: Yveltal|Max Airstream|p2a: Marshadow
|-supereffective|p2a: Marshadow
|-damage|p2a: Marshadow|23/100
|-boost|p1a: Yveltal|spe|1
|-damage|p1a: Yveltal|2/100|[from] item: Life Orb
|
|-weather|Hail|[upkeep]
|-damage|p2a: Marshadow|19/100|[from] Hail
|-damage|p1a: Yveltal|0 fnt|[from] Hail
|faint|p1a: Yveltal
|upkeep
|c|☆Flynn Watson|Ayeeee
|
|t:|1636381204
|switch|p1a: Calyrex|Calyrex-Shadow|100/100
|-ability|p1a: Calyrex|As One
|-ability|p1a: Calyrex|Unnerve
|turn|6
|c|☆Flynn Watson|No Shadow sneak plus hail hype!!!
|
|t:|1636381219
|move|p1a: Calyrex|Astral Barrage|p2a: Marshadow
|-supereffective|p2a: Marshadow
|-damage|p2a: Marshadow|0 fnt
|faint|p2a: Marshadow
|-ability|p1a: Calyrex|Grim Neigh|boost
|-boost|p1a: Calyrex|spa|1
|
|-weather|Hail|[upkeep]
|-damage|p1a: Calyrex|94/100|[from] Hail
|upkeep
|
|t:|1636381230
|switch|p2a: Yveltal|Yveltal|100/100
|-ability|p2a: Yveltal|Dark Aura
|turn|7
|
|t:|1636381242
|switch|p1a: Espeon|Espeon, M|100/100
|move|p2a: Yveltal|Dark Pulse|p1a: Espeon
|-supereffective|p1a: Espeon
|-damage|p1a: Espeon|0 fnt
|faint|p1a: Espeon
|-damage|p2a: Yveltal|91/100|[from] item: Life Orb
|
|-weather|Hail|[upkeep]
|-damage|p2a: Yveltal|85/100|[from] Hail
|upkeep
|
|t:|1636381255
|switch|p1a: Rayquaza|Rayquaza|100/100
|-ability|p1a: Rayquaza|Air Lock
|turn|8
|
|t:|1636381264
|switch|p2a: Xerneas|Xerneas|100/100
|-ability|p2a: Xerneas|Fairy Aura
|detailschange|p1a: Rayquaza|Rayquaza-Mega
|-mega|p1a: Rayquaza|Rayquaza|
|-weather|DeltaStream|[from] ability: Delta Stream|[of] p1a: Rayquaza
|move|p1a: Rayquaza|Dragon Ascent|p2a: Xerneas
|-damage|p2a: Xerneas|10/100
|-unboost|p1a: Rayquaza|def|1
|-unboost|p1a: Rayquaza|spd|1
|
|-weather|DeltaStream|[upkeep]
|upkeep
|turn|9
|
|t:|1636381275
|move|p2a: Xerneas|Moonblast|p1a: Rayquaza
|-supereffective|p1a: Rayquaza
|-enditem|p1a: Rayquaza|Focus Sash
|-damage|p1a: Rayquaza|1/100
|move|p1a: Rayquaza|Dragon Ascent|p2a: Xerneas
|-crit|p2a: Xerneas
|-damage|p2a: Xerneas|0 fnt
|-unboost|p1a: Rayquaza|def|1
|-unboost|p1a: Rayquaza|spd|1
|faint|p2a: Xerneas
|
|-weather|DeltaStream|[upkeep]
|upkeep
|
|t:|1636381294
|switch|p2a: Rayquaza|Rayquaza|100/100
|-ability|p2a: Rayquaza|Air Lock
|turn|10
|j| AGCL2 Swastik
|
|t:|1636381301
|detailschange|p2a: Rayquaza|Rayquaza-Mega
|-mega|p2a: Rayquaza|Rayquaza|
|move|p2a: Rayquaza|Dragon Ascent|p1a: Rayquaza
|-damage|p1a: Rayquaza|0 fnt
|-unboost|p2a: Rayquaza|def|1
|-unboost|p2a: Rayquaza|spd|1
|faint|p1a: Rayquaza
|
|-weather|DeltaStream|[upkeep]
|upkeep
|
|t:|1636381312
|switch|p1a: Necrozma|Necrozma-Dusk-Mane|100/100
|turn|11
|
|t:|1636381319
|-weather|none
|switch|p2a: Groudon|Groudon|100/100
|detailschange|p2a: Groudon|Groudon-Primal
|-primal|p2a: Groudon
|-weather|DesolateLand|[from] ability: Desolate Land|[of] p2a: Groudon
|move|p1a: Necrozma|Sunsteel Strike|p2a: Groudon
|-resisted|p2a: Groudon
|-damage|p2a: Groudon|88/100
|
|-weather|DesolateLand|[upkeep]
|upkeep
|turn|12
|
|t:|1636381331
|move|p1a: Necrozma|Autotomize|p1a: Necrozma
|-boost|p1a: Necrozma|spe|2
|-start|p1a: Necrozma|Autotomize
|move|p2a: Groudon|Overheat|p1a: Necrozma|[miss]
|-miss|p2a: Groudon|p1a: Necrozma
|
|-weather|DesolateLand|[upkeep]
|upkeep
|turn|13
|
|t:|1636381339
|move|p1a: Necrozma|Earthquake|p2a: Groudon
|-supereffective|p2a: Groudon
|-damage|p2a: Groudon|52/100
|move|p2a: Groudon|Earthquake|p1a: Necrozma
|-supereffective|p1a: Necrozma
|-damage|p1a: Necrozma|27/100
|-enditem|p1a: Necrozma|Weakness Policy
|-boost|p1a: Necrozma|atk|2|[from] item: Weakness Policy
|-boost|p1a: Necrozma|spa|2|[from] item: Weakness Policy
|
|-weather|DesolateLand|[upkeep]
|upkeep
|turn|14
|
|t:|1636381347
|-weather|none
|switch|p2a: Yveltal|Yveltal|85/100
|-ability|p2a: Yveltal|Dark Aura
|move|p1a: Necrozma|Earthquake|p2a: Yveltal
|-immune|p2a: Yveltal
|
|upkeep
|turn|15
|
|t:|1636381355
|move|p2a: Yveltal|Sucker Punch|p1a: Necrozma
|-supereffective|p1a: Necrozma
|-crit|p1a: Necrozma
|-damage|p1a: Necrozma|0 fnt
|faint|p1a: Necrozma
|-damage|p2a: Yveltal|75/100|[from] item: Life Orb
|
|upkeep
|
|t:|1636381357
|switch|p1a: Zacian|Zacian-Crowned|100/100
|-ability|p1a: Zacian|Intrepid Sword|boost
|-boost|p1a: Zacian|atk|1
|turn|16
|
|t:|1636381368
|move|p1a: Zacian|Behemoth Blade|p2a: Yveltal
|-crit|p2a: Yveltal
|-damage|p2a: Yveltal|0 fnt
|faint|p2a: Yveltal
|
|upkeep
|j| aggression winner
|
|t:|1636381375
|switch|p2a: Groudon|Groudon-Primal|52/100
|-weather|DesolateLand|[from] ability: Desolate Land|[of] p2a: Groudon
|turn|17
|
|t:|1636381384
|move|p1a: Zacian|Close Combat|p2a: Groudon
|-damage|p2a: Groudon|15/100
|-unboost|p1a: Zacian|def|1
|-unboost|p1a: Zacian|spd|1
|move|p2a: Groudon|Overheat|p1a: Zacian
|-supereffective|p1a: Zacian
|-damage|p1a: Zacian|0 fnt
|-unboost|p2a: Groudon|spa|2
|faint|p1a: Zacian
|
|-weather|DesolateLand|[upkeep]
|upkeep
|
|t:|1636381429
|switch|p1a: Calyrex|Calyrex-Shadow|94/100
|-ability|p1a: Calyrex|As One
|-ability|p1a: Calyrex|Unnerve
|turn|18
|
|t:|1636381434
|move|p1a: Calyrex|Astral Barrage|p2a: Groudon
|-damage|p2a: Groudon|0 fnt
|faint|p2a: Groudon
|-weather|none
|-ability|p1a: Calyrex|Grim Neigh|boost
|-boost|p1a: Calyrex|spa|1
|
|upkeep
|
|t:|1636381440
|switch|p2a: Rayquaza|Rayquaza-Mega|100/100
|-weather|DeltaStream|[from] ability: Delta Stream|[of] p2a: Rayquaza
|turn|19
|c|☆Flynn Watson|If that ray is sashed I lost
|
|t:|1636381452
|move|p1a: Calyrex|Astral Barrage|p2a: Rayquaza
|-damage|p2a: Rayquaza|0 fnt
|faint|p2a: Rayquaza
|-weather|none
|
|win|Flynn Watson
|raw|Flynn Watson's rating: 1592 &rarr; <strong>1621</strong><br />(+29 for winning)
|raw|Czefkuu's rating: 1754 &rarr; <strong>1725</strong><br />(-29 for losing)
|c|☆Flynn Watson|Ggwp bud
|c|☆Czefkuu|gtfo
|l|☆Czefkuu
|c|☆Flynn Watson|._.
|c|☆Flynn Watson|Okay....
||Ladder isn't responding, score probably updated but might not have (Request timeout).
|l| aggression winner
|c|☆Flynn Watson|Bruh
