|j|☆C0ld as Ic3
|j|☆inoion
|t:|1651243482
|gametype|singles
|player|p1|C0ld as Ic3|schoolkid-gen4dp|1634
|player|p2|inoion|lusamine-nihilego|1902
|teamsize|p1|6
|teamsize|p2|6
|gen|8
|tier|[Gen 8] National Dex AG
|rated|
|rule|HP Percentage Mod: HP is shown in percentages
|rule|Endless Battle Clause: Forcing endless battles is banned
|clearpoke
|poke|p1|Calyrex-Shadow|
|poke|p1|Arceus-*|
|poke|p1|Lugia|
|poke|p1|Marshadow|
|poke|p1|Excadrill, M|
|poke|p1|Smeargle, M|
|poke|p2|Necrozma-Dusk-Mane|
|poke|p2|Yveltal|
|poke|p2|Eternatus|
|poke|p2|Arceus-*|
|poke|p2|Arceus-*|
|poke|p2|Rayquaza|
|teampreview
|inactive|Battle timer is ON: inactive players will automatically lose when time's up. (requested by C0ld as Ic3)
|c|☆inoion|glhf
|
|t:|1651243506
|start
|switch|p1a: Excadrill|Excadrill, M|100/100
|switch|p2a: Arceus|Arceus-Electric|100/100
|-ability|p1a: Excadrill|Mold Breaker
|turn|1
|
|t:|1651243527
|move|p1a: Excadrill|Toxic|p2a: Arceus
|-status|p2a: Arceus|tox
|move|p2a: Arceus|Ice Beam|p1a: Excadrill
|-damage|p1a: Excadrill|58/100
|
|-damage|p2a: Arceus|94/100 tox|[from] psn
|upkeep
|turn|2
|
|t:|1651243530
|switch|p2a: Arceus|Arceus-Ground|100/100
|move|p1a: Excadrill|Stealth Rock|p2a: Arceus
|-sidestart|p2: inoion|move: Stealth Rock
|
|upkeep
|turn|3
|
|t:|1651243534
|move|p1a: Excadrill|Rapid Spin|p2a: Arceus
|-damage|p2a: Arceus|91/100
|-boost|p1a: Excadrill|spe|1
|move|p2a: Arceus|Judgment|p1a: Excadrill
|-supereffective|p1a: Excadrill
|-damage|p1a: Excadrill|0 fnt
|faint|p1a: Excadrill
|
|upkeep
|
|t:|1651243549
|switch|p1a: Calyrex|Calyrex-Shadow|100/100
|-ability|p1a: Calyrex|As One
|-ability|p1a: Calyrex|Unnerve
|turn|4
|
|t:|1651243561
|switch|p2a: Yveltal|Yveltal|100/100
|-ability|p2a: Yveltal|Dark Aura
|move|p1a: Calyrex|Nasty Plot|p1a: Calyrex
|-boost|p1a: Calyrex|spa|2
|
|upkeep
|turn|5
|
|t:|1651243570
|move|p1a: Calyrex|Taunt|p2a: Yveltal
|-start|p2a: Yveltal|move: Taunt
|move|p2a: Yveltal|Knock Off|p1a: Calyrex
|-supereffective|p1a: Calyrex
|-enditem|p1a: Calyrex|Focus Sash
|-damage|p1a: Calyrex|1/100
|
|upkeep
|turn|6
|
|t:|1651243576
|move|p1a: Calyrex|Baton Pass|p1a: Calyrex
|
|t:|1651243578
|switch|p1a: Lugia|Lugia|100/100|[from]move: Baton Pass
|move|p2a: Yveltal|U-turn|p1a: Lugia
|-damage|p1a: Lugia|93/100
|
|t:|1651243587
|switch|p2a: Eternatus|Eternatus|100/100|[from]move: U-turn
|-damage|p2a: Eternatus|88/100|[from] Stealth Rock
|-ability|p2a: Eternatus|Pressure
|
|upkeep
|turn|7
|
|t:|1651243601
|move|p2a: Eternatus|Meteor Beam||[still]
|-prepare|p2a: Eternatus|Meteor Beam
|-boost|p2a: Eternatus|spa|1
|-enditem|p2a: Eternatus|Power Herb
|-anim|p2a: Eternatus|Meteor Beam|p1a: Lugia
|-supereffective|p1a: Lugia
|-damage|p1a: Lugia|8/100
|-enditem|p1a: Lugia|Weakness Policy
|-boost|p1a: Lugia|atk|2|[from] item: Weakness Policy
|-boost|p1a: Lugia|spa|2|[from] item: Weakness Policy
|move|p1a: Lugia|Psyshock|p2a: Eternatus
|-supereffective|p2a: Eternatus
|-damage|p2a: Eternatus|0 fnt
|faint|p2a: Eternatus
|
|upkeep
|
|t:|1651243622
|switch|p2a: Rayquaza|Rayquaza|100/100
|-damage|p2a: Rayquaza|76/100|[from] Stealth Rock
|-ability|p2a: Rayquaza|Air Lock
|turn|8
|
|t:|1651243627
|switch|p1a: Calyrex|Calyrex-Shadow|1/100
|-ability|p1a: Calyrex|As One
|-ability|p1a: Calyrex|Unnerve
|detailschange|p2a: Rayquaza|Rayquaza-Mega
|-mega|p2a: Rayquaza|Rayquaza|
|-weather|DeltaStream|[from] ability: Delta Stream|[of] p2a: Rayquaza
|move|p2a: Rayquaza|Extreme Speed|p1a: Calyrex
|-immune|p1a: Calyrex
|
|-weather|DeltaStream|[upkeep]
|upkeep
|turn|9
|
|t:|1651243632
|switch|p1a: Lugia|Lugia|8/100
|-weather|none
|switch|p2a: Yveltal|Yveltal|100/100
|-ability|p2a: Yveltal|Dark Aura
|
|upkeep
|turn|10
|
|t:|1651243647
|move|p1a: Lugia|Aeroblast|p2a: Yveltal
|-damage|p2a: Yveltal|78/100
|move|p2a: Yveltal|Knock Off|p1a: Lugia
|-supereffective|p1a: Lugia
|-damage|p1a: Lugia|0 fnt
|faint|p1a: Lugia
|
|upkeep
|
|t:|1651243656
|switch|p1a: Marshadow|Marshadow|100/100
|turn|11
|
|t:|1651243661
|switch|p2a: Arceus|Arceus-Ground|91/100
|-damage|p2a: Arceus|85/100|[from] Stealth Rock
|-start|p1a: Marshadow|Dynamax|
|-heal|p1a: Marshadow|100/100|[silent]
|move|p1a: Marshadow|Max Knuckle|p2a: Arceus
|-damage|p2a: Arceus|58/100
|-boost|p1a: Marshadow|atk|1
|
|upkeep
|turn|12
|
|t:|1651243664
|move|p1a: Marshadow|Max Knuckle|p2a: Arceus
|-damage|p2a: Arceus|20/100
|-boost|p1a: Marshadow|atk|1
|move|p2a: Arceus|Recover|p2a: Arceus
|-heal|p2a: Arceus|70/100
|
|upkeep
|turn|13
|
|t:|1651243669
|move|p1a: Marshadow|Max Phantasm|p2a: Arceus
|-damage|p2a: Arceus|0 fnt
|faint|p2a: Arceus
|
|upkeep
|
|t:|1651243684
|switch|p2a: Arceus|Arceus-Electric|94/100 tox
|-damage|p2a: Arceus|82/100 tox|[from] Stealth Rock
|-end|p1a: Marshadow|Dynamax
|-heal|p1a: Marshadow|100/100|[silent]
|turn|14
|
|t:|1651243689
|-start|p2a: Arceus|Dynamax|
|-heal|p2a: Arceus|82/100 tox|[silent]
|move|p1a: Marshadow|Close Combat|p2a: Arceus
|-damage|p2a: Arceus|38/100 tox
|-unboost|p1a: Marshadow|def|1
|-unboost|p1a: Marshadow|spd|1
|move|p2a: Arceus|Max Lightning|p1a: Marshadow
|-enditem|p1a: Marshadow|Focus Sash
|-damage|p1a: Marshadow|1/100
|-fieldstart|move: Electric Terrain
|
|-damage|p2a: Arceus|35/100 tox|[from] psn
|upkeep
|turn|15
|inactive|inoion has 120 seconds left.
|
|t:|1651243721
|move|p1a: Marshadow|Close Combat|p2a: Arceus
|-damage|p2a: Arceus|0 fnt
|-unboost|p1a: Marshadow|def|1
|-unboost|p1a: Marshadow|spd|1
|faint|p2a: Arceus
|
|upkeep
|
|t:|1651243725
|switch|p2a: Necrozma|Necrozma-Dusk-Mane|100/100
|-damage|p2a: Necrozma|94/100|[from] Stealth Rock
|turn|16
|inactive|C0ld as Ic3 has 120 seconds left.
|
|t:|1651243778
|move|p1a: Marshadow|Bulk Up|p1a: Marshadow
|-boost|p1a: Marshadow|atk|1
|-boost|p1a: Marshadow|def|1
|move|p2a: Necrozma|Morning Sun|p2a: Necrozma
|-heal|p2a: Necrozma|100/100
|
|upkeep
|turn|17
|inactive|C0ld as Ic3 has 90 seconds left.
|inactive|C0ld as Ic3 has 60 seconds left.
|
|t:|1651243844
|move|p1a: Marshadow|Spectral Thief|p2a: Necrozma
|-supereffective|p2a: Necrozma
|-damage|p2a: Necrozma|5/100
|-damage|p1a: Marshadow|0 fnt|[from] item: Rocky Helmet|[of] p2a: Necrozma
|faint|p1a: Marshadow
|move|p2a: Necrozma|Sunsteel Strike|p1: Marshadow|[notarget]
|-fail|p2a: Necrozma
|
|upkeep
|
|t:|1651243855
|switch|p1a: Calyrex|Calyrex-Shadow|1/100
|-ability|p1a: Calyrex|As One
|-ability|p1a: Calyrex|Unnerve
|turn|18
|
|t:|1651243868
|move|p1a: Calyrex|Astral Barrage|p2a: Necrozma
|-supereffective|p2a: Necrozma
|-damage|p2a: Necrozma|0 fnt
|faint|p2a: Necrozma
|-ability|p1a: Calyrex|Grim Neigh|boost
|-boost|p1a: Calyrex|spa|1
|
|-fieldend|move: Electric Terrain
|upkeep
|
|t:|1651243870
|switch|p2a: Yveltal|Yveltal|78/100
|-ability|p2a: Yveltal|Dark Aura
|turn|19
|
|t:|1651243891
|switch|p1a: Smeargle|Smeargle, M|100/100
|move|p2a: Yveltal|U-turn|p1a: Smeargle
|-damage|p1a: Smeargle|47/100
|
|t:|1651243894
|switch|p2a: Rayquaza|Rayquaza-Mega|76/100|[from]move: U-turn
|-damage|p2a: Rayquaza|51/100|[from] Stealth Rock
|-weather|DeltaStream|[from] ability: Delta Stream|[of] p2a: Rayquaza
|
|-weather|DeltaStream|[upkeep]
|upkeep
|turn|20
|
|t:|1651243901
|move|p2a: Rayquaza|Dragon Ascent|p1a: Smeargle
|-damage|p1a: Smeargle|0 fnt
|-unboost|p2a: Rayquaza|def|1
|-unboost|p2a: Rayquaza|spd|1
|faint|p1a: Smeargle
|-damage|p2a: Rayquaza|41/100|[from] item: Life Orb
|
|-weather|DeltaStream|[upkeep]
|upkeep
|
|t:|1651243906
|switch|p1a: Arceus|Arceus|100/100
|turn|21
|
|t:|1651243930
|move|p2a: Rayquaza|Extreme Speed|p1a: Arceus
|-damage|p1a: Arceus|70/100
|-damage|p2a: Rayquaza|31/100|[from] item: Life Orb
|move|p1a: Arceus|Extreme Speed|p2a: Rayquaza
|-damage|p2a: Rayquaza|0 fnt
|faint|p2a: Rayquaza
|-weather|none
|
|upkeep
|
|t:|1651243933
|switch|p2a: Yveltal|Yveltal|78/100
|-ability|p2a: Yveltal|Dark Aura
|turn|22
|
|t:|1651243942
|move|p1a: Arceus|Swords Dance|p1a: Arceus
|-boost|p1a: Arceus|atk|2
|move|p2a: Yveltal|Toxic|p1a: Arceus
|-status|p1a: Arceus|tox
|
|-damage|p1a: Arceus|64/100 tox|[from] psn
|upkeep
|turn|23
|
|t:|1651243948
|-zpower|p1a: Arceus
|move|p1a: Arceus|Breakneck Blitz|p2a: Yveltal|[zeffect]
|-damage|p2a: Yveltal|0 fnt
|faint|p2a: Yveltal
|
|win|C0ld as Ic3
|raw|C0ld as Ic3's rating: 1645 &rarr; <strong>1678</strong><br />(+33 for winning)
|raw|inoion's rating: 1902 &rarr; <strong>1869</strong><br />(-33 for losing)
|l|☆inoion
||Ladder isn't responding, score probably updated but might not have (Request timeout).
