|j|☆lemoncell0
|j|☆DarkboiJ
|t:|1668406565
|gametype|singles
|player|p1|lemoncell0|allister|1732
|player|p2|DarkboiJ|blue-gen3two|2041
|teamsize|p1|6
|teamsize|p2|6
|gen|8
|tier|[Gen 8] National Dex AG
|rated|
|rule|HP Percentage Mod: HP is shown in percentages
|rule|Endless Battle Clause: Forcing endless battles is banned
|clearpoke
|poke|p1|Tyranitar, M|
|poke|p1|Ditto|
|poke|p1|Quagsire, F|
|poke|p1|Zacian-*|
|poke|p1|Gothitelle, F|
|poke|p1|Latias, F|
|poke|p2|Darkrai|
|poke|p2|Arceus-*|
|poke|p2|Kyogre|
|poke|p2|Ditto|
|poke|p2|Zapdos|
|poke|p2|Arceus-*|
|teampreview
|inactive|Battle timer is ON: inactive players will automatically lose when time's up. (requested by DarkboiJ)
|c|☆lemoncell0|oh damn darkrai
|inactive|lemoncell0 has 120 seconds left.
|c|☆lemoncell0|thats lit
|
|t:|1668406601
|start
|switch|p1a: Latias|Latias, F|100/100
|switch|p2a: Arceus|Arceus-Fairy|100/100
|turn|1
|
|t:|1668406611
|detailschange|p1a: Latias|Latias-Mega, F
|-mega|p1a: Latias|Latias|Latiasite
|move|p2a: Arceus|Judgment|p1a: Latias
|-supereffective|p1a: Latias
|-damage|p1a: Latias|54/100
|move|p1a: Latias|Toxic|p2a: Arceus
|-status|p2a: Arceus|tox
|
|-damage|p2a: Arceus|94/100 tox|[from] psn
|upkeep
|turn|2
|
|t:|1668406615
|move|p2a: Arceus|Toxic|p1a: Latias
|-status|p1a: Latias|tox
|move|p1a: Latias|Recover|p1a: Latias
|-heal|p1a: Latias|100/100 tox
|
|-damage|p2a: Arceus|82/100 tox|[from] psn
|-damage|p1a: Latias|94/100 tox|[from] psn
|upkeep
|turn|3
|
|t:|1668406617
|switch|p1a: Zacian|Zacian-Crowned|100/100
|-ability|p1a: Zacian|Intrepid Sword|boost
|-boost|p1a: Zacian|atk|1
|move|p2a: Arceus|Stealth Rock|p1a: Zacian
|-sidestart|p1: lemoncell0|move: Stealth Rock
|
|-damage|p2a: Arceus|64/100 tox|[from] psn
|upkeep
|turn|4
|
|t:|1668406623
|switch|p2a: Zapdos|Zapdos|100/100
|move|p1a: Zacian|Wild Charge|p2a: Zapdos
|-damage|p2a: Zapdos|57/100
|-damage|p1a: Zacian|88/100|[from] Recoil
|
|upkeep
|turn|5
|
|t:|1668406628
|switch|p1a: Latias|Latias-Mega, F|94/100 tox
|-damage|p1a: Latias|82/100 tox|[from] Stealth Rock
|move|p2a: Zapdos|Roost|p2a: Zapdos
|-heal|p2a: Zapdos|100/100
|-singleturn|p2a: Zapdos|move: Roost
|
|-damage|p1a: Latias|76/100 tox|[from] psn
|upkeep
|turn|6
|
|t:|1668406633
|switch|p2a: Arceus|Arceus-Fairy|64/100 tox
|move|p1a: Latias|Defog|p2a: Arceus
|-unboost|p2a: Arceus|evasion|1
|-sideend|p1: lemoncell0|Stealth Rock|[from] move: Defog|[of] p1a: Latias
|
|-damage|p2a: Arceus|58/100 tox|[from] psn
|-damage|p1a: Latias|64/100 tox|[from] psn
|upkeep
|turn|7
|
|t:|1668406635
|move|p2a: Arceus|Stealth Rock|p1a: Latias
|-sidestart|p1: lemoncell0|move: Stealth Rock
|move|p1a: Latias|Recover|p1a: Latias
|-heal|p1a: Latias|100/100 tox
|
|-damage|p2a: Arceus|46/100 tox|[from] psn
|-damage|p1a: Latias|82/100 tox|[from] psn
|upkeep
|turn|8
|
|t:|1668406638
|move|p2a: Arceus|Recover|p2a: Arceus
|-heal|p2a: Arceus|96/100 tox
|move|p1a: Latias|Defog|p2a: Arceus
|-unboost|p2a: Arceus|evasion|1
|-sideend|p1: lemoncell0|Stealth Rock|[from] move: Defog|[of] p1a: Latias
|
|-damage|p2a: Arceus|78/100 tox|[from] psn
|-damage|p1a: Latias|58/100 tox|[from] psn
|upkeep
|turn|9
|
|t:|1668406641
|switch|p1a: Gothitelle|Gothitelle, F|100/100
|move|p2a: Arceus|Stealth Rock|p1a: Gothitelle
|-sidestart|p1: lemoncell0|move: Stealth Rock
|
|-damage|p2a: Arceus|53/100 tox|[from] psn
|upkeep
|turn|10
|
|t:|1668406645
|move|p2a: Arceus|Toxic|p1a: Gothitelle
|-status|p1a: Gothitelle|tox
|move|p1a: Gothitelle|Cosmic Power|p1a: Gothitelle
|-boost|p1a: Gothitelle|def|1
|-boost|p1a: Gothitelle|spd|1
|
|-damage|p2a: Arceus|23/100 tox|[from] psn
|-damage|p1a: Gothitelle|94/100 tox|[from] psn
|upkeep
|turn|11
|
|t:|1668406648
|move|p2a: Arceus|Toxic|p1a: Gothitelle
|-fail|p1a: Gothitelle|tox
|move|p1a: Gothitelle|Rest|p1a: Gothitelle
|-status|p1a: Gothitelle|slp|[from] move: Rest
|-heal|p1a: Gothitelle|100/100 slp|[silent]
|
|-damage|p2a: Arceus|0 fnt|[from] psn
|faint|p2a: Arceus
|upkeep
|
|t:|1668406650
|switch|p2a: Darkrai|Darkrai|100/100
|turn|12
|
|t:|1668406654
|switch|p1a: Tyranitar|Tyranitar, M|100/100
|-damage|p1a: Tyranitar|88/100|[from] Stealth Rock
|-weather|Sandstorm|[from] ability: Sand Stream|[of] p1a: Tyranitar
|move|p2a: Darkrai|Substitute|p2a: Darkrai
|-start|p2a: Darkrai|Substitute
|-damage|p2a: Darkrai|76/100
|
|-weather|Sandstorm|[upkeep]
|-damage|p2a: Darkrai|70/100|[from] Sandstorm
|-heal|p2a: Darkrai|76/100|[from] item: Leftovers
|-heal|p1a: Tyranitar|94/100|[from] item: Leftovers
|upkeep
|turn|13
|
|t:|1668406656
|move|p2a: Darkrai|Hypnosis|p1a: Tyranitar
|-status|p1a: Tyranitar|slp|[from] move: Hypnosis
|cant|p1a: Tyranitar|slp
|
|-weather|Sandstorm|[upkeep]
|-damage|p2a: Darkrai|70/100|[from] Sandstorm
|-heal|p2a: Darkrai|76/100|[from] item: Leftovers
|-heal|p1a: Tyranitar|100/100 slp|[from] item: Leftovers
|-damage|p1a: Tyranitar|88/100 slp|[from] ability: Bad Dreams|[of] p2a: Darkrai
|upkeep
|turn|14
|
|t:|1668406658
|move|p2a: Darkrai|Nasty Plot|p2a: Darkrai
|-boost|p2a: Darkrai|spa|2
|cant|p1a: Tyranitar|slp
|
|-weather|Sandstorm|[upkeep]
|-damage|p2a: Darkrai|70/100|[from] Sandstorm
|-heal|p2a: Darkrai|76/100|[from] item: Leftovers
|-heal|p1a: Tyranitar|94/100 slp|[from] item: Leftovers
|-damage|p1a: Tyranitar|82/100 slp|[from] ability: Bad Dreams|[of] p2a: Darkrai
|upkeep
|turn|15
|
|t:|1668406660
|move|p2a: Darkrai|Dark Pulse|p1a: Tyranitar
|-resisted|p1a: Tyranitar
|-damage|p1a: Tyranitar|65/100 slp
|-curestatus|p1a: Tyranitar|slp|[msg]
|move|p1a: Tyranitar|Roar|p2a: Darkrai
|drag|p2a: Ditto|Ditto, shiny|100/100
|-transform|p2a: Ditto|p1a: Tyranitar|[from] ability: Imposter
|
|-weather|Sandstorm|[upkeep]
|-heal|p1a: Tyranitar|71/100|[from] item: Leftovers
|upkeep
|turn|16
|
|t:|1668406672
|move|p1a: Tyranitar|Stealth Rock|p2a: Ditto
|-sidestart|p2: DarkboiJ|move: Stealth Rock
|move|p2a: Ditto|Roar|p1a: Tyranitar
|drag|p1a: Quagsire|Quagsire, F|100/100
|-damage|p1a: Quagsire|94/100|[from] Stealth Rock
|
|-weather|none
|upkeep
|turn|17
|
|t:|1668406679
|switch|p2a: Zapdos|Zapdos|100/100
|move|p1a: Quagsire|Earthquake|p2a: Zapdos
|-immune|p2a: Zapdos
|
|upkeep
|turn|18
|
|t:|1668406682
|switch|p1a: Tyranitar|Tyranitar, M|71/100
|-damage|p1a: Tyranitar|59/100|[from] Stealth Rock
|-weather|Sandstorm|[from] ability: Sand Stream|[of] p1a: Tyranitar
|move|p2a: Zapdos|Toxic|p1a: Tyranitar|[miss]
|-miss|p2a: Zapdos|p1a: Tyranitar
|
|-weather|Sandstorm|[upkeep]
|-damage|p2a: Zapdos|94/100|[from] Sandstorm
|-heal|p1a: Tyranitar|65/100|[from] item: Leftovers
|upkeep
|turn|19
|
|t:|1668406688
|move|p2a: Zapdos|Toxic|p1a: Tyranitar
|-status|p1a: Tyranitar|tox
|move|p1a: Tyranitar|Rock Blast|p2a: Zapdos
|-supereffective|p2a: Zapdos
|-damage|p2a: Zapdos|77/100
|-supereffective|p2a: Zapdos
|-damage|p2a: Zapdos|61/100
|-supereffective|p2a: Zapdos
|-damage|p2a: Zapdos|46/100
|-supereffective|p2a: Zapdos
|-damage|p2a: Zapdos|30/100
|-hitcount|p2a: Zapdos|4
|
|-weather|Sandstorm|[upkeep]
|-damage|p2a: Zapdos|24/100|[from] Sandstorm
|-heal|p1a: Tyranitar|71/100 tox|[from] item: Leftovers
|-damage|p1a: Tyranitar|65/100 tox|[from] psn
|upkeep
|turn|20
|
|t:|1668406692
|switch|p1a: Zacian|Zacian-Crowned|88/100
|-damage|p1a: Zacian|81/100|[from] Stealth Rock
|-ability|p1a: Zacian|Intrepid Sword|boost
|-boost|p1a: Zacian|atk|1
|move|p2a: Zapdos|Roost|p2a: Zapdos
|-heal|p2a: Zapdos|74/100
|-singleturn|p2a: Zapdos|move: Roost
|
|-weather|Sandstorm|[upkeep]
|-damage|p2a: Zapdos|68/100|[from] Sandstorm
|upkeep
|turn|21
|
|t:|1668406695
|switch|p1a: Gothitelle|Gothitelle, F|100/100 slp
|-damage|p1a: Gothitelle|88/100 slp|[from] Stealth Rock
|move|p2a: Zapdos|Volt Switch|p1a: Gothitelle
|-damage|p1a: Gothitelle|61/100 slp
|
|t:|1668406698
|switch|p2a: Darkrai|Darkrai|76/100|[from]move: Volt Switch
|-damage|p2a: Darkrai|63/100|[from] Stealth Rock
|
|-weather|Sandstorm|[upkeep]
|-damage|p2a: Darkrai|57/100|[from] Sandstorm
|-damage|p1a: Gothitelle|55/100 slp|[from] Sandstorm
|-heal|p2a: Darkrai|63/100|[from] item: Leftovers
|-damage|p1a: Gothitelle|42/100 slp|[from] ability: Bad Dreams|[of] p2a: Darkrai
|upkeep
|turn|22
|
|t:|1668406706
|switch|p1a: Tyranitar|Tyranitar, M|65/100 tox
|-damage|p1a: Tyranitar|53/100 tox|[from] Stealth Rock
|move|p2a: Darkrai|Substitute|p2a: Darkrai
|-start|p2a: Darkrai|Substitute
|-damage|p2a: Darkrai|38/100
|
|-weather|none
|-heal|p2a: Darkrai|44/100|[from] item: Leftovers
|-heal|p1a: Tyranitar|59/100 tox|[from] item: Leftovers
|-damage|p1a: Tyranitar|53/100 tox|[from] psn
|upkeep
|turn|23
|
|t:|1668406712
|move|p2a: Darkrai|Dark Pulse|p1a: Tyranitar
|-resisted|p1a: Tyranitar
|-damage|p1a: Tyranitar|39/100 tox
|move|p1a: Tyranitar|Rock Blast|p2a: Darkrai
|-activate|p2a: Darkrai|move: Substitute|[damage]
|-end|p2a: Darkrai|Substitute
|-damage|p2a: Darkrai|29/100
|-hitcount|p2a: Darkrai|3
|
|-heal|p2a: Darkrai|35/100|[from] item: Leftovers
|-heal|p1a: Tyranitar|45/100 tox|[from] item: Leftovers
|-damage|p1a: Tyranitar|33/100 tox|[from] psn
|upkeep
|turn|24
|
|t:|1668406718
|switch|p2a: Arceus|Arceus|100/100
|-damage|p2a: Arceus|88/100|[from] Stealth Rock
|move|p1a: Tyranitar|Rock Blast|p2a: Arceus
|-damage|p2a: Arceus|81/100
|-damage|p2a: Arceus|73/100
|-damage|p2a: Arceus|65/100
|-hitcount|p2a: Arceus|3
|
|-heal|p1a: Tyranitar|39/100 tox|[from] item: Leftovers
|-damage|p1a: Tyranitar|21/100 tox|[from] psn
|upkeep
|turn|25
|
|t:|1668406723
|switch|p1a: Gothitelle|Gothitelle, F|42/100 slp
|-damage|p1a: Gothitelle|30/100 slp|[from] Stealth Rock
|move|p2a: Arceus|Recover|p2a: Arceus
|-heal|p2a: Arceus|100/100
|
|upkeep
|turn|26
|
|t:|1668406732
|move|p2a: Arceus|Shadow Claw|p1a: Gothitelle
|-supereffective|p1a: Gothitelle
|-damage|p1a: Gothitelle|0 fnt
|faint|p1a: Gothitelle
|
|upkeep
|
|t:|1668406741
|switch|p1a: Latias|Latias-Mega, F|58/100 tox
|-damage|p1a: Latias|46/100 tox|[from] Stealth Rock
|turn|27
|
|t:|1668406750
|switch|p1a: Quagsire|Quagsire, F|94/100
|-damage|p1a: Quagsire|88/100|[from] Stealth Rock
|move|p2a: Arceus|Shadow Claw|p1a: Quagsire
|-damage|p1a: Quagsire|72/100
|-damage|p2a: Arceus|84/100|[from] item: Rocky Helmet|[of] p1a: Quagsire
|
|upkeep
|turn|28
|
|t:|1668406753
|switch|p2a: Zapdos|Zapdos|68/100
|move|p1a: Quagsire|Recover|p1a: Quagsire
|-heal|p1a: Quagsire|100/100
|
|upkeep
|turn|29
|
|t:|1668406760
|switch|p1a: Latias|Latias-Mega, F|46/100 tox
|-damage|p1a: Latias|33/100 tox|[from] Stealth Rock
|move|p2a: Zapdos|Toxic|p1a: Latias
|-fail|p1a: Latias|tox
|
|-damage|p1a: Latias|27/100 tox|[from] psn
|upkeep
|turn|30
|
|t:|1668406765
|move|p1a: Latias|Recover|p1a: Latias
|-heal|p1a: Latias|77/100 tox
|move|p2a: Zapdos|Volt Switch|p1a: Latias
|-resisted|p1a: Latias
|-damage|p1a: Latias|70/100 tox
|
|t:|1668406767
|switch|p2a: Kyogre|Kyogre|100/100|[from]move: Volt Switch
|-damage|p2a: Kyogre|88/100|[from] Stealth Rock
|detailschange|p2a: Kyogre|Kyogre-Primal
|-primal|p2a: Kyogre
|-weather|PrimordialSea|[from] ability: Primordial Sea|[of] p2a: Kyogre
|
|-weather|PrimordialSea|[upkeep]
|-damage|p1a: Latias|58/100 tox|[from] psn
|upkeep
|turn|31
|
|t:|1668406770
|move|p2a: Kyogre|Ice Beam|p1a: Latias
|-supereffective|p1a: Latias
|-damage|p1a: Latias|17/100 tox
|move|p1a: Latias|Toxic|p2a: Kyogre
|-status|p2a: Kyogre|tox
|
|-weather|PrimordialSea|[upkeep]
|-damage|p2a: Kyogre|82/100 tox|[from] psn
|-damage|p1a: Latias|0 fnt|[from] psn
|faint|p1a: Latias
|upkeep
|
|t:|1668406773
|switch|p1a: Ditto|Ditto|100/100
|-damage|p1a: Ditto|88/100|[from] Stealth Rock
|-transform|p1a: Ditto|p2a: Kyogre|[from] ability: Imposter
|turn|32
|
|t:|1668406777
|move|p1a: Ditto|Water Spout|p2a: Kyogre
|-resisted|p2a: Kyogre
|-damage|p2a: Kyogre|41/100 tox
|move|p2a: Kyogre|Thunder|p1a: Ditto
|-supereffective|p1a: Ditto
|-damage|p1a: Ditto|10/100
|
|-weather|PrimordialSea|[upkeep]
|-damage|p2a: Kyogre|28/100 tox|[from] psn
|upkeep
|turn|33
|
|t:|1668406783
|move|p1a: Ditto|Water Spout|p2a: Kyogre
|-resisted|p2a: Kyogre
|-damage|p2a: Kyogre|23/100 tox
|move|p2a: Kyogre|Ice Beam|p1a: Ditto
|-resisted|p1a: Ditto
|-damage|p1a: Ditto|0 fnt
|faint|p1a: Ditto
|
|-weather|PrimordialSea|[upkeep]
|-damage|p2a: Kyogre|5/100 tox|[from] psn
|upkeep
|c|☆lemoncell0|yeahh gg
|-message|lemoncell0 forfeited.
|
|win|DarkboiJ
|raw|lemoncell0's rating: 1732 &rarr; <strong>1726</strong><br />(-6 for losing)
|raw|DarkboiJ's rating: 2041 &rarr; <strong>2047</strong><br />(+6 for winning)
|l|☆lemoncell0
|c|☆DarkboiJ|Gg
