|j|‽test3721
|j|☆Firbitch
|t:|1623590743
|gametype|singles
|player|p1|test3721|picnicker|1550
|player|p2|Firbitch|waiter-gen4dp|1533
|teamsize|p1|6
|teamsize|p2|6
|gen|8
|tier|[Gen 8] National Dex AG
|rated|
|rule|HP Percentage Mod: HP is shown in percentages
|rule|Endless Battle Clause: Forcing endless battles is banned
|clearpoke
|poke|p1|Yveltal|
|poke|p1|Zacian-*|
|poke|p1|Arceus-*|
|poke|p1|Necrozma-Dusk-Mane|
|poke|p1|Arceus-*|
|poke|p1|Marshadow|
|poke|p2|Necrozma-Dusk-Mane|
|poke|p2|Calyrex-Shadow|
|poke|p2|Mewtwo|
|poke|p2|Zacian-*|
|poke|p2|Kyurem-White|
|poke|p2|Yveltal|
|teampreview
|
|t:|1623590751
|start
|switch|p1a: Necrozma|Necrozma-Dusk-Mane|100/100
|switch|p2a: Necrozma|Necrozma-Dusk-Mane|100/100
|turn|1
|
|t:|1623590764
|switch|p2a: Yveltal|Yveltal|100/100
|-ability|p2a: Yveltal|Dark Aura
|move|p1a: Necrozma|Stealth Rock|p2a: Yveltal
|-sidestart|p2: Firbitch|move: Stealth Rock
|
|upkeep
|turn|2
|
|t:|1623590777
|switch|p1a: Arceus|Arceus-Water|100/100
|move|p2a: Yveltal|Defog|p1a: Arceus
|-unboost|p1a: Arceus|evasion|1
|-sideend|p2: Firbitch|Stealth Rock|[from] move: Defog|[of] p2a: Yveltal
|
|upkeep
|turn|3
|
|t:|1623590784
|switch|p2a: Kyurem|Kyurem-White|100/100
|-ability|p2a: Kyurem|Turboblaze
|move|p1a: Arceus|Toxic|p2a: Kyurem
|-status|p2a: Kyurem|tox
|-enditem|p2a: Kyurem|Lum Berry|[eat]
|-curestatus|p2a: Kyurem|tox|[msg]
|
|upkeep
|turn|4
|
|t:|1623590801
|move|p1a: Arceus|Toxic|p2a: Kyurem
|-status|p2a: Kyurem|tox
|move|p2a: Kyurem|Draco Meteor|p1a: Arceus
|-damage|p1a: Arceus|44/100
|-unboost|p2a: Kyurem|spa|2
|
|-damage|p2a: Kyurem|94/100 tox|[from] psn
|upkeep
|turn|5
|
|t:|1623590812
|switch|p2a: The sword|Zacian-Crowned|100/100
|-ability|p2a: The sword|Intrepid Sword|boost
|-boost|p2a: The sword|atk|1
|move|p1a: Arceus|Recover|p1a: Arceus
|-heal|p1a: Arceus|94/100
|
|upkeep
|turn|6
|
|t:|1623590821
|switch|p1a: Yveltal|Yveltal|100/100
|-ability|p1a: Yveltal|Dark Aura
|move|p2a: The sword|Play Rough|p1a: Yveltal
|-supereffective|p1a: Yveltal
|-damage|p1a: Yveltal|0 fnt
|faint|p1a: Yveltal
|
|upkeep
|inactive|Battle timer is ON: inactive players will automatically lose when time's up. (requested by test3721)
|
|t:|1623590831
|switch|p1a: Necrozma|Necrozma-Dusk-Mane|100/100
|turn|7
|
|t:|1623590841
|switch|p2a: Kyurem|Kyurem-White|94/100 tox
|-ability|p2a: Kyurem|Turboblaze
|move|p1a: Necrozma|Thunder Wave||[still]
|-fail|p1a: Necrozma
|
|-damage|p2a: Kyurem|88/100 tox|[from] psn
|upkeep
|turn|8
|
|t:|1623590853
|move|p2a: Kyurem|Fusion Flare|p1a: Necrozma
|-supereffective|p1a: Necrozma
|-damage|p1a: Necrozma|48/100
|move|p1a: Necrozma|Stealth Rock|p2a: Kyurem
|-sidestart|p2: Firbitch|move: Stealth Rock
|
|-damage|p2a: Kyurem|76/100 tox|[from] psn
|upkeep
|turn|9
|
|t:|1623590865
|switch|p1a: Arceus|Arceus-Water|94/100
|move|p2a: Kyurem|Fusion Flare|p1a: Arceus
|-resisted|p1a: Arceus
|-damage|p1a: Arceus|78/100
|
|-damage|p2a: Kyurem|57/100 tox|[from] psn
|upkeep
|turn|10
|
|t:|1623590876
|switch|p1a: Zacian|Zacian-Crowned|100/100
|-ability|p1a: Zacian|Intrepid Sword|boost
|-boost|p1a: Zacian|atk|1
|-start|p2a: Kyurem|Dynamax
|-heal|p2a: Kyurem|57/100 tox|[silent]
|move|p2a: Kyurem|Max Wyrmwind|p1a: Zacian
|-immune|p1a: Zacian
|
|-damage|p2a: Kyurem|44/100 tox|[from] psn
|upkeep
|turn|11
|inactiveoff|Battle timer is now OFF.
|
|t:|1623590890
|move|p2a: Kyurem|Max Guard|p2a: Kyurem
|-singleturn|p2a: Kyurem|Max Guard
|move|p1a: Zacian|Behemoth Blade|p2a: Kyurem
|-activate|p2a: Kyurem|move: Max Guard
|
|-damage|p2a: Kyurem|29/100 tox|[from] psn
|upkeep
|turn|12
|
|t:|1623590900
|move|p1a: Zacian|Behemoth Blade|p2a: Kyurem
|-supereffective|p2a: Kyurem
|-damage|p2a: Kyurem|0 fnt
|faint|p2a: Kyurem
|
|upkeep
|
|t:|1623590906
|switch|p2a: The sword|Zacian-Crowned|100/100
|-damage|p2a: The sword|94/100|[from] Stealth Rock
|-ability|p2a: The sword|Intrepid Sword|boost
|-boost|p2a: The sword|atk|1
|turn|13
|
|t:|1623590916
|move|p2a: The sword|Behemoth Blade|p1a: Zacian
|-damage|p1a: Zacian|6/100
|move|p1a: Zacian|Behemoth Blade|p2a: The sword
|-damage|p2a: The sword|1/100
|
|upkeep
|turn|14
|
|t:|1623590931
|switch|p1a: Necrozma|Necrozma-Dusk-Mane|48/100
|move|p2a: The sword|Sacred Sword|p1a: Necrozma
|-damage|p1a: Necrozma|17/100
|-damage|p2a: The sword|0 fnt|[from] item: Rocky Helmet|[of] p1a: Necrozma
|faint|p2a: The sword
|
|upkeep
|
|t:|1623590945
|switch|p2a: Mewtwo|Mewtwo|100/100
|-damage|p2a: Mewtwo|88/100|[from] Stealth Rock
|-ability|p2a: Mewtwo|Pressure
|turn|15
|
|t:|1623590954
|move|p2a: Mewtwo|Substitute|p2a: Mewtwo
|-start|p2a: Mewtwo|Substitute
|-damage|p2a: Mewtwo|63/100
|move|p1a: Necrozma|Sunsteel Strike|p2a: Mewtwo
|-end|p2a: Mewtwo|Substitute
|
|upkeep
|turn|16
|
|t:|1623590980
|move|p2a: Mewtwo|Earthquake|p1a: Necrozma
|-supereffective|p1a: Necrozma
|-damage|p1a: Necrozma|0 fnt
|faint|p1a: Necrozma
|
|upkeep
|
|t:|1623590988
|switch|p1a: Zacian|Zacian-Crowned|6/100
|-ability|p1a: Zacian|Intrepid Sword|boost
|-boost|p1a: Zacian|atk|1
|turn|17
|
|t:|1623590996
|detailschange|p2a: Mewtwo|Mewtwo-Mega-X
|-mega|p2a: Mewtwo|Mewtwo|Mewtwonite X
|move|p1a: Zacian|Behemoth Blade|p2a: Mewtwo
|-damage|p2a: Mewtwo|0 fnt
|faint|p2a: Mewtwo
|
|upkeep
|
|t:|1623591002
|switch|p2a: Yveltal|Yveltal|100/100
|-ability|p2a: Yveltal|Dark Aura
|turn|18
|
|t:|1623591008
|move|p2a: Yveltal|Sucker Punch|p1a: Zacian
|-resisted|p1a: Zacian
|-damage|p1a: Zacian|0 fnt
|faint|p1a: Zacian
|
|upkeep
|
|t:|1623591014
|switch|p1a: Arceus|Arceus-Ground|100/100
|turn|19
|
|t:|1623591023
|move|p1a: Arceus|Calm Mind|p1a: Arceus
|-boost|p1a: Arceus|spa|1
|-boost|p1a: Arceus|spd|1
|move|p2a: Yveltal|Heat Wave|p1a: Arceus
|-damage|p1a: Arceus|84/100
|
|upkeep
|turn|20
|
|t:|1623591031
|move|p1a: Arceus|Calm Mind|p1a: Arceus
|-boost|p1a: Arceus|spa|1
|-boost|p1a: Arceus|spd|1
|move|p2a: Yveltal|Defog|p1a: Arceus
|-unboost|p1a: Arceus|evasion|1
|-sideend|p2: Firbitch|Stealth Rock|[from] move: Defog|[of] p2a: Yveltal
|
|upkeep
|turn|21
|
|t:|1623591040
|-start|p1a: Arceus|Dynamax
|-heal|p1a: Arceus|84/100|[silent]
|move|p1a: Arceus|Max Hailstorm|p2a: Yveltal
|-supereffective|p2a: Yveltal
|-damage|p2a: Yveltal|0 fnt
|-weather|Hail
|faint|p2a: Yveltal
|
|-weather|Hail|[upkeep]
|-damage|p1a: Arceus|81/100|[from] Hail
|upkeep
|
|t:|1623591058
|switch|p2a: Necrozma|Necrozma-Dusk-Mane|100/100
|turn|22
|
|t:|1623591065
|detailschange|p2a: Necrozma|Necrozma-Ultra
|-burst|p2a: Necrozma|Necrozma|Ultranecrozium Z
|move|p2a: Necrozma|Dragon Dance|p2a: Necrozma
|-boost|p2a: Necrozma|atk|1
|-boost|p2a: Necrozma|spe|1
|move|p1a: Arceus|Max Quake|p2a: Necrozma
|-damage|p2a: Necrozma|0 fnt
|-boost|p1a: Arceus|spd|1
|faint|p2a: Necrozma
|
|-weather|Hail|[upkeep]
|-damage|p1a: Arceus|78/100|[from] Hail
|upkeep
|-message|Firbitch forfeited.
|
|win|test3721
|raw|test3721's rating: 1550 &rarr; <strong>1569</strong><br />(+19 for winning)
|raw|Firbitch's rating: 1533 &rarr; <strong>1514</strong><br />(-19 for losing)
|l|☆Firbitch
