|j|☆GGCLOWNL
|j|☆seidou45
|t:|1654627090
|gametype|singles
|player|p1|GGCLOWNL|boarder|1699
|player|p2|seidou45|lucas|1706
|teamsize|p1|6
|teamsize|p2|6
|gen|8
|tier|[Gen 8] National Dex AG
|rated|
|rule|HP Percentage Mod: HP is shown in percentages
|rule|Endless Battle Clause: Forcing endless battles is banned
|clearpoke
|poke|p1|Groudon|
|poke|p1|Rayquaza|
|poke|p1|Necrozma-Dusk-Mane|
|poke|p1|Arceus-*|
|poke|p1|Ditto|
|poke|p1|Yveltal|
|poke|p2|Glalie, M|
|poke|p2|Arceus-*|
|poke|p2|Arceus-*|
|poke|p2|Necrozma-Dusk-Mane|
|poke|p2|Marshadow|
|poke|p2|Calyrex-Shadow|
|teampreview
|
|t:|1654627112
|start
|switch|p1a: Necrozma|Necrozma-Dusk-Mane|100/100
|switch|p2a: Glalie|Glalie, M, shiny|100/100
|turn|1
|inactive|Battle timer is ON: inactive players will automatically lose when time's up. (requested by GGCLOWNL)
|
|t:|1654627133
|move|p2a: Glalie|Substitute|p2a: Glalie
|-start|p2a: Glalie|Substitute
|-damage|p2a: Glalie|75/100
|move|p1a: Necrozma|Stealth Rock|p2a: Glalie
|-sidestart|p2: seidou45|move: Stealth Rock
|
|-heal|p2a: Glalie|82/100|[from] item: Leftovers
|-ability|p2a: Glalie|Moody|boost
|-boost|p2a: Glalie|def|2
|-unboost|p2a: Glalie|spe|1
|upkeep
|turn|2
|
|t:|1654627137
|move|p2a: Glalie|Protect|p2a: Glalie
|-singleturn|p2a: Glalie|Protect
|move|p1a: Necrozma|Sunsteel Strike|p2a: Glalie
|-activate|p2a: Glalie|move: Protect
|
|-heal|p2a: Glalie|88/100|[from] item: Leftovers
|-ability|p2a: Glalie|Moody|boost
|-boost|p2a: Glalie|spe|2
|-unboost|p2a: Glalie|atk|1
|upkeep
|turn|3
|
|t:|1654627143
|move|p2a: Glalie|Sheer Cold|p1a: Necrozma|[miss]
|-miss|p2a: Glalie|p1a: Necrozma
|move|p1a: Necrozma|Sunsteel Strike|p2a: Glalie
|-supereffective|p2a: Glalie
|-end|p2a: Glalie|Substitute
|
|-heal|p2a: Glalie|94/100|[from] item: Leftovers
|-ability|p2a: Glalie|Moody|boost
|-boost|p2a: Glalie|spd|2
|-unboost|p2a: Glalie|atk|1
|upkeep
|turn|4
|
|t:|1654627147
|move|p2a: Glalie|Substitute|p2a: Glalie
|-start|p2a: Glalie|Substitute
|-damage|p2a: Glalie|69/100
|move|p1a: Necrozma|Sunsteel Strike|p2a: Glalie
|-supereffective|p2a: Glalie
|-end|p2a: Glalie|Substitute
|
|-heal|p2a: Glalie|75/100|[from] item: Leftovers
|-ability|p2a: Glalie|Moody|boost
|-boost|p2a: Glalie|def|2
|-unboost|p2a: Glalie|spd|1
|upkeep
|turn|5
|
|t:|1654627151
|move|p2a: Glalie|Protect|p2a: Glalie
|-singleturn|p2a: Glalie|Protect
|move|p1a: Necrozma|Sunsteel Strike|p2a: Glalie
|-activate|p2a: Glalie|move: Protect
|
|-heal|p2a: Glalie|81/100|[from] item: Leftovers
|-ability|p2a: Glalie|Moody|boost
|-boost|p2a: Glalie|spa|2
|-unboost|p2a: Glalie|spe|1
|upkeep
|turn|6
|
|t:|1654627157
|move|p2a: Glalie|Substitute|p2a: Glalie
|-start|p2a: Glalie|Substitute
|-damage|p2a: Glalie|56/100
|move|p1a: Necrozma|Sunsteel Strike|p2a: Glalie
|-supereffective|p2a: Glalie
|-end|p2a: Glalie|Substitute
|
|-heal|p2a: Glalie|62/100|[from] item: Leftovers
|-ability|p2a: Glalie|Moody|boost
|-boost|p2a: Glalie|def|2
|-unboost|p2a: Glalie|spe|1
|upkeep
|turn|7
|
|t:|1654627162
|switch|p1a: Flight Reacts|Groudon|100/100
|detailschange|p1a: Flight Reacts|Groudon-Primal
|-primal|p1a: Flight Reacts
|-weather|DesolateLand|[from] ability: Desolate Land|[of] p1a: Flight Reacts
|move|p2a: Glalie|Protect||[still]
|-fail|p2a: Glalie
|
|-weather|DesolateLand|[upkeep]
|-heal|p2a: Glalie|68/100|[from] item: Leftovers
|-ability|p2a: Glalie|Moody|boost
|-boost|p2a: Glalie|spa|2
|-unboost|p2a: Glalie|spe|1
|upkeep
|turn|8
|
|t:|1654627168
|move|p1a: Flight Reacts|Eruption|p2a: Glalie
|-supereffective|p2a: Glalie
|-damage|p2a: Glalie|0 fnt
|faint|p2a: Glalie
|
|-weather|DesolateLand|[upkeep]
|upkeep
|
|t:|1654627175
|switch|p2a: Calyrex|Calyrex-Shadow|100/100
|-ability|p2a: Calyrex|As One
|-ability|p2a: Calyrex|Unnerve
|-damage|p2a: Calyrex|88/100|[from] Stealth Rock
|turn|9
|
|t:|1654627178
|-weather|none
|switch|p1a: Arceus|Arceus-Dark|100/100
|move|p2a: Calyrex|Astral Barrage|p1a: Arceus
|-resisted|p1a: Arceus
|-damage|p1a: Arceus|83/100
|
|upkeep
|turn|10
|
|t:|1654627185
|switch|p2a: Marshadow|Marshadow|100/100
|-damage|p2a: Marshadow|94/100|[from] Stealth Rock
|move|p1a: Arceus|Toxic|p2a: Marshadow
|-status|p2a: Marshadow|tox
|
|-damage|p2a: Marshadow|88/100 tox|[from] psn
|upkeep
|turn|11
|
|t:|1654627188
|switch|p1a: Necrozma|Necrozma-Dusk-Mane|100/100
|move|p2a: Marshadow|Close Combat|p1a: Necrozma
|-damage|p1a: Necrozma|53/100
|-unboost|p2a: Marshadow|def|1
|-unboost|p2a: Marshadow|spd|1
|
|-heal|p1a: Necrozma|59/100|[from] item: Leftovers
|-damage|p2a: Marshadow|76/100 tox|[from] psn
|upkeep
|turn|12
|
|t:|1654627193
|move|p2a: Marshadow|Close Combat|p1a: Necrozma
|-damage|p1a: Necrozma|10/100
|-unboost|p2a: Marshadow|def|1
|-unboost|p2a: Marshadow|spd|1
|move|p1a: Necrozma|Morning Sun|p1a: Necrozma
|-heal|p1a: Necrozma|60/100
|
|-heal|p1a: Necrozma|66/100|[from] item: Leftovers
|-damage|p2a: Marshadow|57/100 tox|[from] psn
|upkeep
|turn|13
|
|t:|1654627197
|move|p2a: Marshadow|Close Combat|p1a: Necrozma
|-damage|p1a: Necrozma|21/100
|-unboost|p2a: Marshadow|def|1
|-unboost|p2a: Marshadow|spd|1
|move|p1a: Necrozma|Morning Sun|p1a: Necrozma
|-heal|p1a: Necrozma|71/100
|
|-heal|p1a: Necrozma|77/100|[from] item: Leftovers
|-damage|p2a: Marshadow|32/100 tox|[from] psn
|upkeep
|turn|14
|-message|seidou45 forfeited.
|
|win|GGCLOWNL
|raw|GGCLOWNL's rating: 1699 &rarr; <strong>1719</strong><br />(+20 for winning)
|raw|seidou45's rating: 1706 &rarr; <strong>1686</strong><br />(-20 for losing)
|l|☆seidou45
