|j|☆PikklTheef
|j|☆World breaker Odin
|t:|1636839616
|gametype|singles
|player|p1|PikklTheef|acetrainerf-gen4dp|1517
|player|p2|World breaker Odin|nanu|1750
|teamsize|p1|6
|teamsize|p2|6
|gen|8
|tier|[Gen 8] National Dex AG
|rated|
|rule|HP Percentage Mod: HP is shown in percentages
|rule|Endless Battle Clause: Forcing endless battles is banned
|clearpoke
|poke|p1|Espeon, F|
|poke|p1|Tyranitar, M|
|poke|p1|Gliscor, F|
|poke|p1|Arcanine, F|
|poke|p1|Darmanitan-Galar, F|
|poke|p1|Slowbro-Galar, M|
|poke|p2|Lunala|
|poke|p2|Tyranitar, F|
|poke|p2|Rayquaza|
|poke|p2|Necrozma-Dusk-Mane|
|poke|p2|Arceus-*|
|poke|p2|Zacian-*|
|teampreview
|inactive|Battle timer is ON: inactive players will automatically lose when time's up. (requested by World breaker Odin)
|
|t:|1636839633
|start
|switch|p1a: Perfect ape son|Darmanitan-Galar, F|100/100
|switch|p2a: Kaido awakened|Rayquaza|100/100
|-ability|p2a: Kaido awakened|Air Lock
|turn|1
|
|t:|1636839643
|switch|p2a: Lion heart|Necrozma-Dusk-Mane, shiny|100/100
|move|p1a: Perfect ape son|Icicle Crash|p2a: Lion heart
|-resisted|p2a: Lion heart
|-damage|p2a: Lion heart|82/100
|
|upkeep
|turn|2
|
|t:|1636839654
|switch|p1a: Meg|Arcanine, F|100/100
|-ability|p1a: Meg|Intimidate|boost
|-unboost|p2a: Lion heart|atk|1
|move|p2a: Lion heart|Sunsteel Strike|p1a: Meg
|-resisted|p1a: Meg
|-damage|p1a: Meg|78/100
|
|upkeep
|turn|3
|
|t:|1636839664
|move|p1a: Meg|Flare Blitz|p2a: Lion heart
|-supereffective|p2a: Lion heart
|-damage|p2a: Lion heart|27/100
|-damage|p1a: Meg|61/100|[from] item: Rocky Helmet|[of] p2a: Lion heart
|-damage|p1a: Meg|39/100|[from] Recoil
|-damage|p1a: Meg|29/100|[from] item: Life Orb
|move|p2a: Lion heart|Stealth Rock|p1a: Meg
|-sidestart|p1: PikklTheef|move: Stealth Rock
|
|upkeep
|turn|4
|
|t:|1636839674
|switch|p2a: Kaido awakened|Rayquaza|100/100
|-ability|p2a: Kaido awakened|Air Lock
|move|p1a: Meg|Flare Blitz|p2a: Kaido awakened
|-resisted|p2a: Kaido awakened
|-damage|p2a: Kaido awakened|62/100
|-damage|p1a: Meg|15/100|[from] Recoil
|-damage|p1a: Meg|5/100|[from] item: Life Orb
|
|upkeep
|turn|5
|
|t:|1636839688
|detailschange|p2a: Kaido awakened|Rayquaza-Mega
|-mega|p2a: Kaido awakened|Rayquaza|
|-weather|DeltaStream|[from] ability: Delta Stream|[of] p2a: Kaido awakened
|move|p1a: Meg|Extreme Speed|p2a: Kaido awakened
|-damage|p2a: Kaido awakened|28/100
|-damage|p1a: Meg|0 fnt|[from] item: Life Orb
|faint|p1a: Meg
|move|p2a: Kaido awakened|Dragon Ascent|p1: Meg|[notarget]
|-fail|p2a: Kaido awakened
|
|-weather|DeltaStream|[upkeep]
|upkeep
|
|t:|1636839694
|switch|p1a: Perfect ape son|Darmanitan-Galar, F|100/100
|-damage|p1a: Perfect ape son|75/100|[from] Stealth Rock
|turn|6
|
|t:|1636839703
|-weather|none
|switch|p2a: Lion heart|Necrozma-Dusk-Mane, shiny|27/100
|move|p1a: Perfect ape son|Icicle Crash|p2a: Lion heart
|-resisted|p2a: Lion heart
|-damage|p2a: Lion heart|9/100
|
|upkeep
|turn|7
|
|t:|1636839711
|move|p1a: Perfect ape son|Icicle Crash|p2a: Lion heart
|-resisted|p2a: Lion heart
|-damage|p2a: Lion heart|0 fnt
|faint|p2a: Lion heart
|
|upkeep
|
|t:|1636839721
|switch|p2a: Fairygod mother|Lunala, shiny|100/100
|turn|8
|
|t:|1636839726
|move|p1a: Perfect ape son|Icicle Crash|p2a: Fairygod mother|[miss]
|-miss|p1a: Perfect ape son|p2a: Fairygod mother
|move|p2a: Fairygod mother|Will-O-Wisp|p1a: Perfect ape son
|-status|p1a: Perfect ape son|brn
|
|-damage|p1a: Perfect ape son|69/100 brn|[from] brn
|upkeep
|turn|9
|c|☆PikklTheef|dam
|
|t:|1636839736
|move|p1a: Perfect ape son|Icicle Crash|p2a: Fairygod mother
|-damage|p2a: Fairygod mother|90/100
|move|p2a: Fairygod mother|Will-O-Wisp|p1a: Perfect ape son|[miss]
|-miss|p2a: Fairygod mother|p1a: Perfect ape son
|
|-damage|p1a: Perfect ape son|63/100 brn|[from] brn
|upkeep
|turn|10
|
|t:|1636839744
|switch|p1a: Rango|Tyranitar, M|100/100
|-damage|p1a: Rango|88/100|[from] Stealth Rock
|-weather|Sandstorm|[from] ability: Sand Stream|[of] p1a: Rango
|move|p2a: Fairygod mother|Moongeist Beam|p1a: Rango
|-resisted|p1a: Rango
|-damage|p1a: Rango|78/100
|
|-weather|Sandstorm|[upkeep]
|-damage|p2a: Fairygod mother|84/100|[from] Sandstorm
|upkeep
|turn|11
|
|t:|1636839761
|switch|p2a: Super vegito|Zacian-Crowned, shiny|100/100
|-ability|p2a: Super vegito|Intrepid Sword|boost
|-boost|p2a: Super vegito|atk|1
|switch|p1a: Captain|Espeon, F|100/100
|-damage|p1a: Captain|88/100|[from] Stealth Rock
|
|-weather|Sandstorm|[upkeep]
|-damage|p1a: Captain|82/100|[from] Sandstorm
|upkeep
|turn|12
|
|t:|1636839773
|switch|p1a: Perfect ape son|Darmanitan-Galar, F|63/100 brn
|-damage|p1a: Perfect ape son|38/100 brn|[from] Stealth Rock
|move|p2a: Super vegito|Behemoth Blade|p1a: Perfect ape son
|-supereffective|p1a: Perfect ape son
|-damage|p1a: Perfect ape son|0 fnt
|faint|p1a: Perfect ape son
|
|-weather|Sandstorm|[upkeep]
|upkeep
|
|t:|1636839779
|switch|p1a: Bowie|Slowbro-Galar, M|100/100
|-damage|p1a: Bowie|88/100|[from] Stealth Rock
|turn|13
|
|t:|1636839796
|detailschange|p1a: Bowie|Slowbro-Mega, M
|-mega|p1a: Bowie|Slowbro|Slowbronite
|move|p2a: Super vegito|Substitute|p2a: Super vegito
|-start|p2a: Super vegito|Substitute
|-damage|p2a: Super vegito|76/100
|move|p1a: Bowie|Yawn||[still]
|-fail|p1a: Bowie
|
|-weather|Sandstorm|[upkeep]
|-damage|p1a: Bowie|82/100|[from] Sandstorm
|upkeep
|turn|14
|
|t:|1636839806
|move|p2a: Super vegito|Behemoth Blade|p1a: Bowie
|-resisted|p1a: Bowie
|-damage|p1a: Bowie|61/100
|move|p1a: Bowie|Scald|p2a: Super vegito
|-end|p2a: Super vegito|Substitute
|
|-weather|none
|upkeep
|turn|15
|
|t:|1636839816
|move|p2a: Super vegito|Wild Charge|p1a: Bowie
|-supereffective|p1a: Bowie
|-damage|p1a: Bowie|11/100
|-damage|p2a: Super vegito|60/100|[from] Recoil
|move|p1a: Bowie|Slack Off|p1a: Bowie
|-heal|p1a: Bowie|61/100
|
|upkeep
|turn|16
|
|t:|1636839825
|switch|p2a: Fairygod mother|Lunala, shiny|84/100
|move|p1a: Bowie|Yawn|p2a: Fairygod mother
|-start|p2a: Fairygod mother|move: Yawn|[of] p1a: Bowie
|
|upkeep
|turn|17
|
|t:|1636839837
|switch|p1a: Rango|Tyranitar, M|78/100
|-damage|p1a: Rango|66/100|[from] Stealth Rock
|-weather|Sandstorm|[from] ability: Sand Stream|[of] p1a: Rango
|move|p2a: Fairygod mother|Moongeist Beam|p1a: Rango
|-resisted|p1a: Rango
|-damage|p1a: Rango|57/100
|
|-weather|Sandstorm|[upkeep]
|-damage|p2a: Fairygod mother|78/100|[from] Sandstorm
|-end|p2a: Fairygod mother|move: Yawn|[silent]
|-status|p2a: Fairygod mother|slp
|upkeep
|turn|18
|
|t:|1636839852
|switch|p2a: Kaido awakened|Rayquaza-Mega|28/100
|-weather|DeltaStream|[from] ability: Delta Stream|[of] p2a: Kaido awakened
|move|p1a: Rango|Stealth Rock|p2a: Kaido awakened
|-sidestart|p2: World breaker Odin|move: Stealth Rock
|
|-weather|DeltaStream|[upkeep]
|upkeep
|turn|19
|
|t:|1636839863
|switch|p1a: Bowie|Slowbro-Mega, M|61/100
|-damage|p1a: Bowie|49/100|[from] Stealth Rock
|move|p2a: Kaido awakened|Dragon Ascent|p1a: Bowie
|-damage|p1a: Bowie|0 fnt
|-unboost|p2a: Kaido awakened|def|1
|-unboost|p2a: Kaido awakened|spd|1
|faint|p1a: Bowie
|
|-weather|DeltaStream|[upkeep]
|upkeep
|
|t:|1636839871
|switch|p1a: Rango|Tyranitar, M|57/100
|-damage|p1a: Rango|45/100|[from] Stealth Rock
|-ability|p1a: Rango|Sand Stream|[from] deltastream|[fail]
|turn|20
|c|☆PikklTheef|oh
|c|☆PikklTheef|well ggs
|
|t:|1636839878
|move|p2a: Kaido awakened|Dragon Ascent|p1a: Rango
|-resisted|p1a: Rango
|-damage|p1a: Rango|0 fnt
|-unboost|p2a: Kaido awakened|def|1
|-unboost|p2a: Kaido awakened|spd|1
|faint|p1a: Rango
|
|-weather|DeltaStream|[upkeep]
|upkeep
|
|t:|1636839883
|switch|p1a: Renier|Gliscor, F|100/100
|-damage|p1a: Renier|88/100|[from] Stealth Rock
|turn|21
|
|t:|1636839889
|-start|p1a: Renier|Dynamax
|-heal|p1a: Renier|88/100|[silent]
|move|p2a: Kaido awakened|Dragon Ascent|p1a: Renier
|-damage|p1a: Renier|40/100
|-unboost|p2a: Kaido awakened|def|1
|-unboost|p2a: Kaido awakened|spd|1
|move|p1a: Renier|Max Airstream|p2a: Kaido awakened
|-damage|p2a: Kaido awakened|0 fnt
|-boost|p1a: Renier|spe|1
|faint|p2a: Kaido awakened
|-weather|none
|
|-status|p1a: Renier|tox|[from] item: Toxic Orb
|upkeep
|
|t:|1636839914
|switch|p2a: Toph|Arceus-Ground, shiny|100/100
|-damage|p2a: Toph|94/100|[from] Stealth Rock
|turn|22
|
|t:|1636839919
|-start|p2a: Toph|Dynamax
|-heal|p2a: Toph|94/100|[silent]
|move|p1a: Renier|Max Airstream|p2a: Toph
|-damage|p2a: Toph|85/100
|-boost|p1a: Renier|spe|1
|move|p2a: Toph|Max Rockfall|p1a: Renier
|-damage|p1a: Renier|26/100 tox
|-weather|Sandstorm
|
|-weather|Sandstorm|[upkeep]
|-heal|p1a: Renier|33/100 tox|[from] ability: Poison Heal
|upkeep
|turn|23
|
|t:|1636839935
|move|p1a: Renier|Max Quake|p2a: Toph
|-damage|p2a: Toph|75/100
|-boost|p1a: Renier|spd|1
|move|p2a: Toph|Max Rockfall|p1a: Renier
|-damage|p1a: Renier|20/100 tox
|
|-weather|Sandstorm|[upkeep]
|-heal|p1a: Renier|26/100 tox|[from] ability: Poison Heal
|-end|p1a: Renier|Dynamax
|-heal|p1a: Renier|26/100 tox|[silent]
|upkeep
|turn|24
|
|t:|1636839949
|move|p1a: Renier|Roost|p1a: Renier
|-heal|p1a: Renier|76/100 tox
|-singleturn|p1a: Renier|move: Roost
|move|p2a: Toph|Max Rockfall|p1a: Renier
|-resisted|p1a: Renier
|-damage|p1a: Renier|63/100 tox
|
|-weather|Sandstorm|[upkeep]
|-heal|p1a: Renier|75/100 tox|[from] ability: Poison Heal
|-end|p2a: Toph|Dynamax
|-heal|p2a: Toph|75/100|[silent]
|upkeep
|turn|25
|inactive|World breaker Odin has 120 seconds left.
|
|t:|1636839989
|switch|p2a: Fairygod mother|Lunala, shiny|78/100 slp
|move|p1a: Renier|Roost|p1a: Renier
|-heal|p1a: Renier|100/100 tox
|-singleturn|p1a: Renier|move: Roost
|
|-weather|Sandstorm|[upkeep]
|-damage|p2a: Fairygod mother|72/100 slp|[from] Sandstorm
|upkeep
|turn|26
|
|t:|1636839999
|move|p1a: Renier|Swords Dance|p1a: Renier
|-boost|p1a: Renier|atk|2
|cant|p2a: Fairygod mother|slp
|
|-weather|none
|upkeep
|turn|27
|
|t:|1636840007
|move|p1a: Renier|Swords Dance|p1a: Renier
|-boost|p1a: Renier|atk|2
|-curestatus|p2a: Fairygod mother|slp|[msg]
|move|p2a: Fairygod mother|Roost|p2a: Fairygod mother
|-heal|p2a: Fairygod mother|100/100
|-singleturn|p2a: Fairygod mother|move: Roost
|
|upkeep
|turn|28
|
|t:|1636840015
|move|p1a: Renier|Earthquake|p2a: Fairygod mother
|-crit|p2a: Fairygod mother
|-damage|p2a: Fairygod mother|62/100
|move|p2a: Fairygod mother|Moongeist Beam|p1a: Renier
|-damage|p1a: Renier|69/100 tox
|
|-heal|p1a: Renier|81/100 tox|[from] ability: Poison Heal
|upkeep
|turn|29
|
|t:|1636840025
|move|p1a: Renier|Earthquake|p2a: Fairygod mother
|-damage|p2a: Fairygod mother|5/100
|move|p2a: Fairygod mother|Roost|p2a: Fairygod mother
|-heal|p2a: Fairygod mother|55/100
|-singleturn|p2a: Fairygod mother|move: Roost
|
|-heal|p1a: Renier|94/100 tox|[from] ability: Poison Heal
|upkeep
|turn|30
|
|t:|1636840035
|move|p1a: Renier|Earthquake|p2a: Fairygod mother
|-damage|p2a: Fairygod mother|1/100
|move|p2a: Fairygod mother|Roost|p2a: Fairygod mother
|-heal|p2a: Fairygod mother|51/100
|-singleturn|p2a: Fairygod mother|move: Roost
|
|-heal|p1a: Renier|100/100 tox|[from] ability: Poison Heal
|upkeep
|turn|31
|inactive|World breaker Odin has 120 seconds left.
|
|t:|1636840059
|move|p1a: Renier|Earthquake|p2a: Fairygod mother
|-damage|p2a: Fairygod mother|0 fnt
|faint|p2a: Fairygod mother
|
|upkeep
|inactive|World breaker Odin has 90 seconds left.
|
|t:|1636840082
|switch|p2a: Toph|Arceus-Ground, shiny|75/100
|-damage|p2a: Toph|68/100|[from] Stealth Rock
|turn|32
|
|t:|1636840086
|move|p1a: Renier|Swords Dance|p1a: Renier
|-boost|p1a: Renier|atk|2
|move|p2a: Toph|Recover|p2a: Toph
|-heal|p2a: Toph|100/100
|
|upkeep
|turn|33
|
|t:|1636840098
|move|p1a: Renier|Earthquake|p2a: Toph
|-damage|p2a: Toph|31/100
|move|p2a: Toph|Recover|p2a: Toph
|-heal|p2a: Toph|82/100
|
|upkeep
|turn|34
|
|t:|1636840107
|move|p1a: Renier|Earthquake|p2a: Toph
|-damage|p2a: Toph|14/100
|move|p2a: Toph|Recover|p2a: Toph
|-heal|p2a: Toph|64/100
|
|upkeep
|turn|35
|
|t:|1636840116
|move|p1a: Renier|Earthquake|p2a: Toph
|-damage|p2a: Toph|1/100
|move|p2a: Toph|Recover|p2a: Toph
|-heal|p2a: Toph|51/100
|
|upkeep
|turn|36
|
|t:|1636840139
|move|p1a: Renier|Earthquake|p2a: Toph
|-damage|p2a: Toph|0 fnt
|faint|p2a: Toph
|
|upkeep
|-message|World breaker Odin forfeited.
|
|win|PikklTheef
|raw|PikklTheef's rating: 1517 &rarr; <strong>1549</strong><br />(+32 for winning)
|raw|World breaker Odin's rating: 1750 &rarr; <strong>1718</strong><br />(-32 for losing)
|l|☆World breaker Odin
