|j|☆BrixTrynaLuv
|j|☆Overlord767
|t:|1663951735
|gametype|singles
|player|p1|BrixTrynaLuv|linebacker|1696
|player|p2|Overlord767|102|1541
|teamsize|p1|6
|teamsize|p2|6
|gen|8
|tier|[Gen 8] National Dex AG
|rated|
|rule|HP Percentage Mod: HP is shown in percentages
|rule|Endless Battle Clause: Forcing endless battles is banned
|clearpoke
|poke|p1|Quagsire, F|
|poke|p1|Ferrothorn, F|
|poke|p1|Ho-Oh|
|poke|p1|Tyranitar, F|
|poke|p1|Yveltal|
|poke|p1|Calyrex-Shadow|
|poke|p2|Zygarde|
|poke|p2|Rayquaza|
|poke|p2|Zacian-*|
|poke|p2|Yveltal|
|poke|p2|Ditto|
|poke|p2|Calyrex-Shadow|
|teampreview
|inactive|Battle timer is ON: inactive players will automatically lose when time's up. (requested by BrixTrynaLuv)
|
|t:|1663951765
|start
|switch|p1a: Ferrothorn|Ferrothorn, F, shiny|100/100
|switch|p2a: Rayquaza|Rayquaza, shiny|100/100
|-ability|p2a: Rayquaza|Air Lock
|turn|1
|
|t:|1663951774
|switch|p1a: Quagsire|Quagsire, F, shiny|100/100
|detailschange|p2a: Rayquaza|Rayquaza-Mega, shiny
|-mega|p2a: Rayquaza|Rayquaza|
|-weather|DeltaStream|[from] ability: Delta Stream|[of] p2a: Rayquaza
|move|p2a: Rayquaza|Dragon Dance|p2a: Rayquaza
|-boost|p2a: Rayquaza|atk|1
|-boost|p2a: Rayquaza|spe|1
|
|-weather|DeltaStream|[upkeep]
|upkeep
|turn|2
|
|t:|1663951786
|move|p2a: Rayquaza|Dragon Ascent|p1a: Quagsire
|-damage|p1a: Quagsire|26/100
|-unboost|p2a: Rayquaza|def|1
|-unboost|p2a: Rayquaza|spd|1
|-damage|p2a: Rayquaza|84/100|[from] item: Rocky Helmet|[of] p1a: Quagsire
|-damage|p2a: Rayquaza|74/100|[from] item: Life Orb
|move|p1a: Quagsire|Recover|p1a: Quagsire
|-heal|p1a: Quagsire|76/100
|
|-weather|DeltaStream|[upkeep]
|upkeep
|turn|3
|
|t:|1663951798
|move|p2a: Rayquaza|Dragon Dance|p2a: Rayquaza
|-boost|p2a: Rayquaza|atk|1
|-boost|p2a: Rayquaza|spe|1
|move|p1a: Quagsire|Recover|p1a: Quagsire
|-heal|p1a: Quagsire|100/100
|
|-weather|DeltaStream|[upkeep]
|upkeep
|turn|4
|
|t:|1663951805
|move|p2a: Rayquaza|Dragon Ascent|p1a: Quagsire
|-damage|p1a: Quagsire|32/100
|-unboost|p2a: Rayquaza|def|1
|-unboost|p2a: Rayquaza|spd|1
|-damage|p2a: Rayquaza|58/100|[from] item: Rocky Helmet|[of] p1a: Quagsire
|-damage|p2a: Rayquaza|48/100|[from] item: Life Orb
|move|p1a: Quagsire|Recover|p1a: Quagsire
|-heal|p1a: Quagsire|82/100
|
|-weather|DeltaStream|[upkeep]
|upkeep
|turn|5
|
|t:|1663951816
|move|p2a: Rayquaza|Dragon Dance|p2a: Rayquaza
|-boost|p2a: Rayquaza|atk|1
|-boost|p2a: Rayquaza|spe|1
|move|p1a: Quagsire|Recover|p1a: Quagsire
|-heal|p1a: Quagsire|100/100
|
|-weather|DeltaStream|[upkeep]
|upkeep
|turn|6
|
|t:|1663951839
|move|p2a: Rayquaza|Dragon Ascent|p1a: Quagsire
|-crit|p1a: Quagsire
|-damage|p1a: Quagsire|0 fnt
|-unboost|p2a: Rayquaza|def|1
|-unboost|p2a: Rayquaza|spd|1
|-damage|p2a: Rayquaza|31/100|[from] item: Rocky Helmet|[of] p1a: Quagsire
|faint|p1a: Quagsire
|-damage|p2a: Rayquaza|21/100|[from] item: Life Orb
|
|-weather|DeltaStream|[upkeep]
|upkeep
|
|t:|1663951844
|switch|p1a: Yvelat|Yveltal, shiny|100/100
|-ability|p1a: Yvelat|Dark Aura
|turn|7
|
|t:|1663951851
|move|p2a: Rayquaza|Extreme Speed|p1a: Yvelat
|-damage|p1a: Yvelat|0 fnt
|faint|p1a: Yvelat
|-damage|p2a: Rayquaza|11/100|[from] item: Life Orb
|
|-weather|DeltaStream|[upkeep]
|upkeep
|-message|BrixTrynaLuv forfeited.
|
|win|Overlord767
|raw|BrixTrynaLuv's rating: 1696 &rarr; <strong>1668</strong><br />(-28 for losing)
|raw|Overlord767's rating: 1541 &rarr; <strong>1569</strong><br />(+28 for winning)
|l|☆BrixTrynaLuv
||Ladder isn't responding, score probably updated but might not have (Request timeout).
