|j|☆kerrozxl-
|j|☆Cocky but goated
|t:|1660525035
|gametype|singles
|player|p1|kerrozxl-|unknownf|1687
|player|p2|Cocky but goated|ethan-masters|1698
|teamsize|p1|6
|teamsize|p2|6
|gen|8
|tier|[Gen 8] National Dex AG
|rated|
|rule|HP Percentage Mod: HP is shown in percentages
|rule|Endless Battle Clause: Forcing endless battles is banned
|clearpoke
|poke|p1|Rayquaza|
|poke|p1|Groudon|
|poke|p1|Necrozma-Dusk-Mane|
|poke|p1|Marshadow|
|poke|p1|Yveltal|
|poke|p1|Xerneas-*|
|poke|p2|Deoxys-Speed|
|poke|p2|Necrozma-Dusk-Mane|
|poke|p2|Arceus-*|
|poke|p2|Calyrex-Shadow|
|poke|p2|Zygarde|
|poke|p2|Ditto|
|teampreview
|inactive|Battle timer is ON: inactive players will automatically lose when time's up. (requested by Cocky but goated)
|inactive|kerrozxl- has 120 seconds left.
|
|t:|1660525074
|start
|switch|p1a: Rayquaza|Rayquaza, shiny|100/100
|switch|p2a: Deoxys|Deoxys-Speed|100/100
|-ability|p2a: Deoxys|Pressure
|-ability|p1a: Rayquaza|Air Lock
|turn|1
|
|t:|1660525081
|detailschange|p1a: Rayquaza|Rayquaza-Mega, shiny
|-mega|p1a: Rayquaza|Rayquaza|
|-weather|DeltaStream|[from] ability: Delta Stream|[of] p1a: Rayquaza
|move|p1a: Rayquaza|Extreme Speed|p2a: Deoxys
|-damage|p2a: Deoxys|25/100
|move|p2a: Deoxys|Stealth Rock|p1a: Rayquaza
|-sidestart|p1: kerrozxl-|move: Stealth Rock
|
|-weather|DeltaStream|[upkeep]
|upkeep
|turn|2
|inactive|kerrozxl- has 120 seconds left.
|
|t:|1660525114
|switch|p2a: Calyrex|Calyrex-Shadow|100/100
|-ability|p2a: Calyrex|As One
|-ability|p2a: Calyrex|Unnerve
|move|p1a: Rayquaza|Extreme Speed|p2a: Calyrex
|-immune|p2a: Calyrex
|
|-weather|DeltaStream|[upkeep]
|upkeep
|turn|3
|inactive|Cocky but goated has 120 seconds left.
|
|t:|1660525147
|-weather|none
|switch|p1a: Yveltal|Yveltal, shiny|100/100
|-ability|p1a: Yveltal|Dark Aura
|move|p2a: Calyrex|Astral Barrage|p1a: Yveltal
|-resisted|p1a: Yveltal
|-damage|p1a: Yveltal|74/100
|
|upkeep
|turn|4
|
|t:|1660525155
|switch|p2a: Deoxys|Deoxys-Speed|25/100
|-ability|p2a: Deoxys|Pressure
|move|p1a: Yveltal|Knock Off|p2a: Deoxys
|-supereffective|p2a: Deoxys
|-damage|p2a: Deoxys|0 fnt
|-enditem|p2a: Deoxys|Focus Sash|[from] move: Knock Off|[of] p1a: Yveltal
|faint|p2a: Deoxys
|
|upkeep
|inactive|Cocky but goated has 120 seconds left.
|
|t:|1660525177
|switch|p2a: Necrozma|Necrozma-Dusk-Mane|100/100
|turn|5
|inactive|kerrozxl- has 120 seconds left.
|inactive|kerrozxl- has 90 seconds left.
|
|t:|1660525244
|detailschange|p2a: Necrozma|Necrozma-Ultra
|-burst|p2a: Necrozma|Necrozma|Ultranecrozium Z
|move|p1a: Yveltal|Dark Pulse|p2a: Necrozma
|-supereffective|p2a: Necrozma
|-crit|p2a: Necrozma
|-damage|p2a: Necrozma|0 fnt
|faint|p2a: Necrozma
|
|upkeep
|inactive|Cocky but goated has 120 seconds left.
|c|☆kerrozxl-|miss clicked
|c|☆kerrozxl-|but
|c|☆kerrozxl-|worked out
|
|t:|1660525260
|switch|p2a: Zygarde|Zygarde|100/100
|turn|6
|
|t:|1660525265
|move|p1a: Yveltal|Defog|p2a: Zygarde
|-unboost|p2a: Zygarde|evasion|1
|-sideend|p1: kerrozxl-|Stealth Rock|[from] move: Defog|[of] p1a: Yveltal
|move|p2a: Zygarde|Glare|p1a: Yveltal
|-status|p1a: Yveltal|par
|
|upkeep
|turn|7
|
|t:|1660525269
|move|p2a: Zygarde|Substitute|p2a: Zygarde
|-start|p2a: Zygarde|Substitute
|-damage|p2a: Zygarde|76/100
|move|p1a: Yveltal|Knock Off|p2a: Zygarde
|-end|p2a: Zygarde|Substitute
|
|-heal|p2a: Zygarde|82/100|[from] item: Leftovers
|upkeep
|turn|8
|inactive|kerrozxl- has 90 seconds left.
|inactive|kerrozxl- has 60 seconds left.
|
|t:|1660525342
|move|p2a: Zygarde|Substitute|p2a: Zygarde
|-start|p2a: Zygarde|Substitute
|-damage|p2a: Zygarde|57/100
|cant|p1a: Yveltal|par
|
|-heal|p2a: Zygarde|63/100|[from] item: Leftovers
|upkeep
|turn|9
|
|t:|1660525345
|move|p2a: Zygarde|Dragon Dance|p2a: Zygarde
|-boost|p2a: Zygarde|atk|1
|-boost|p2a: Zygarde|spe|1
|move|p1a: Yveltal|Knock Off|p2a: Zygarde
|-end|p2a: Zygarde|Substitute
|
|-heal|p2a: Zygarde|69/100|[from] item: Leftovers
|upkeep
|turn|10
|inactive|kerrozxl- has 60 seconds left.
|
|t:|1660525358
|move|p2a: Zygarde|Substitute|p2a: Zygarde
|-start|p2a: Zygarde|Substitute
|-damage|p2a: Zygarde|44/100
|move|p1a: Yveltal|Knock Off|p2a: Zygarde
|-end|p2a: Zygarde|Substitute
|
|-heal|p2a: Zygarde|50/100|[from] item: Leftovers
|-activate|p2a: Zygarde|ability: Power Construct
|detailschange|p2a: Zygarde|Zygarde-Complete
|-heal|p2a: Zygarde|69/100|[silent]
|upkeep
|turn|11
|
|t:|1660525366
|move|p2a: Zygarde|Substitute|p2a: Zygarde
|-start|p2a: Zygarde|Substitute
|-damage|p2a: Zygarde|44/100
|cant|p1a: Yveltal|par
|
|-heal|p2a: Zygarde|50/100|[from] item: Leftovers
|upkeep
|turn|12
|
|t:|1660525372
|move|p2a: Zygarde|Thousand Arrows|p1a: Yveltal
|-crit|p1a: Yveltal
|-damage|p1a: Yveltal|0 fnt
|faint|p1a: Yveltal
|
|-heal|p2a: Zygarde|56/100|[from] item: Leftovers
|upkeep
|
|t:|1660525374
|switch|p1a: Marshadow|Marshadow|100/100
|turn|13
|
|t:|1660525381
|move|p2a: Zygarde|Thousand Arrows|p1a: Marshadow
|-damage|p1a: Marshadow|26/100
|move|p1a: Marshadow|Spectral Thief||[still]
|-clearpositiveboost|p2a: Zygarde|p1a: Marshadow|move: Spectral Thief
|-boost|p1a: Marshadow|atk|1
|-boost|p1a: Marshadow|spe|1
|-anim|p1a: Marshadow|Spectral Thief|p2a: Zygarde
|-damage|p2a: Zygarde|26/100
|
|-heal|p2a: Zygarde|32/100|[from] item: Leftovers
|upkeep
|turn|14
|inactive|kerrozxl- has 90 seconds left.
|inactive|kerrozxl- has 60 seconds left.
|
|t:|1660525444
|move|p1a: Marshadow|Spectral Thief|p2a: Zygarde
|-damage|p2a: Zygarde|0 fnt
|faint|p2a: Zygarde
|
|upkeep
|
|t:|1660525462
|switch|p2a: Ditto|Ditto|100/100
|-transform|p2a: Ditto|p1a: Marshadow|[from] ability: Imposter
|turn|15
|
|t:|1660525472
|move|p2a: Ditto|Shadow Sneak|p1a: Marshadow
|-supereffective|p1a: Marshadow
|-damage|p1a: Marshadow|0 fnt
|faint|p1a: Marshadow
|
|upkeep
|
|t:|1660525491
|switch|p1a: Groudon|Groudon, shiny|100/100
|detailschange|p1a: Groudon|Groudon-Primal, shiny
|-primal|p1a: Groudon
|-weather|DesolateLand|[from] ability: Desolate Land|[of] p1a: Groudon
|turn|16
|
|t:|1660525506
|-start|p2a: Ditto|Dynamax|
|-heal|p2a: Ditto|100/100|[silent]
|move|p2a: Ditto|Max Phantasm|p1a: Groudon
|-damage|p1a: Groudon|44/100
|-unboost|p1a: Groudon|def|1
|move|p1a: Groudon|Precipice Blades|p2a: Ditto
|-damage|p2a: Ditto|55/100
|
|-weather|DesolateLand|[upkeep]
|upkeep
|turn|17
|inactive|kerrozxl- has 30 seconds left.
|
|t:|1660525534
|move|p2a: Ditto|Max Phantasm|p1a: Groudon
|-damage|p1a: Groudon|0 fnt
|faint|p1a: Groudon
|-weather|none
|
|upkeep
|
|t:|1660525537
|switch|p1a: Xerneas|Xerneas, shiny|100/100
|-ability|p1a: Xerneas|Fairy Aura
|turn|18
|
|t:|1660525555
|-start|p1a: Xerneas|Dynamax|
|-heal|p1a: Xerneas|100/100|[silent]
|move|p2a: Ditto|Max Phantasm|p1a: Xerneas
|-damage|p1a: Xerneas|65/100
|-unboost|p1a: Xerneas|def|1
|move|p1a: Xerneas|Max Starfall|p2a: Ditto
|-supereffective|p2a: Ditto
|-damage|p2a: Ditto|0 fnt
|-fieldstart|move: Misty Terrain
|faint|p2a: Ditto
|
|upkeep
|
|t:|1660525561
|switch|p2a: Arceus|Arceus|100/100
|turn|19
|
|t:|1660525567
|move|p2a: Arceus|Swords Dance|p2a: Arceus
|-boost|p2a: Arceus|atk|2
|move|p1a: Xerneas|Max Starfall|p2a: Arceus
|-damage|p2a: Arceus|40/100
|
|upkeep
|turn|20
|inactive|kerrozxl- has 60 seconds left.
|
|t:|1660525595
|move|p2a: Arceus|Extreme Speed|p1a: Xerneas
|-damage|p1a: Xerneas|3/100
|-damage|p2a: Arceus|30/100|[from] item: Life Orb
|move|p1a: Xerneas|Max Starfall|p2a: Arceus
|-damage|p2a: Arceus|0 fnt
|faint|p2a: Arceus
|
|upkeep
|
|t:|1660525614
|switch|p2a: Calyrex|Calyrex-Shadow|100/100
|-ability|p2a: Calyrex|As One
|-ability|p2a: Calyrex|Unnerve
|-end|p1a: Xerneas|Dynamax
|-heal|p1a: Xerneas|3/100|[silent]
|turn|21
|
|t:|1660525635
|move|p2a: Calyrex|Astral Barrage|p1a: Xerneas
|-damage|p1a: Xerneas|0 fnt
|faint|p1a: Xerneas
|-ability|p2a: Calyrex|Grim Neigh|boost
|-boost|p2a: Calyrex|spa|1
|
|upkeep
|
|t:|1660525638
|switch|p1a: Rayquaza|Rayquaza-Mega, shiny|100/100
|-weather|DeltaStream|[from] ability: Delta Stream|[of] p1a: Rayquaza
|turn|22
|
|t:|1660525646
|move|p2a: Calyrex|Astral Barrage|p1a: Rayquaza
|-damage|p1a: Rayquaza|0 fnt
|faint|p1a: Rayquaza
|-weather|none
|-ability|p2a: Calyrex|Grim Neigh|boost
|-boost|p2a: Calyrex|spa|1
|
|-fieldend|Misty Terrain
|upkeep
|c|☆Cocky but goated|Ggwp
|-message|kerrozxl- forfeited.
|
|win|Cocky but goated
|raw|kerrozxl-'s rating: 1687 &rarr; <strong>1667</strong><br />(-20 for losing)
|raw|Cocky but goated's rating: 1692 &rarr; <strong>1712</strong><br />(+20 for winning)
|l|☆kerrozxl-
||Ladder isn't responding, score probably updated but might not have (Request timeout).
