|j|☆BigDuckie
|j|☆iroeweuio
|t:|1662167437
|gametype|singles
|player|p1|BigDuckie|workerice|1797
|player|p2|iroeweuio|266|1729
|teamsize|p1|6
|teamsize|p2|6
|gen|8
|tier|[Gen 8] National Dex AG
|rated|
|rule|HP Percentage Mod: HP is shown in percentages
|rule|Endless Battle Clause: Forcing endless battles is banned
|clearpoke
|poke|p1|Yveltal|
|poke|p1|Tyranitar, F|
|poke|p1|Calyrex-Shadow|
|poke|p1|Necrozma-Dusk-Mane|
|poke|p1|Zygarde|
|poke|p1|Ho-Oh|
|poke|p2|Chatot, F|
|poke|p2|Weavile, M|
|poke|p2|Giratina-Origin|
|poke|p2|Ditto|
|poke|p2|Breloom, M|
|poke|p2|Wobbuffet, M|
|teampreview
|inactive|Battle timer is ON: inactive players will automatically lose when time's up. (requested by iroeweuio)
|
|t:|1662167458
|start
|switch|p1a: Yveltal|Yveltal|100/100
|switch|p2a: Weavile|Weavile, M|100/100
|-ability|p2a: Weavile|Pressure
|-ability|p1a: Yveltal|Dark Aura
|turn|1
|
|t:|1662167463
|switch|p1a: Necrozma|Necrozma-Dusk-Mane|100/100
|move|p2a: Weavile|Assist|p2a: Weavile
|move|p2a: Weavile|Spore|p1a: Necrozma|[from]move: Assist
|-status|p1a: Necrozma|slp|[from] move: Spore
|
|upkeep
|turn|2
|
|t:|1662167482
|switch|p2a: Ditto|Ditto|100/100
|-transform|p2a: Ditto|p1a: Necrozma|[from] ability: Imposter
|cant|p1a: Necrozma|slp
|
|upkeep
|turn|3
|
|t:|1662167495
|switch|p1a: Zygarde|Zygarde|100/100
|move|p2a: Ditto|Stealth Rock|p1a: Zygarde
|-sidestart|p1: BigDuckie|move: Stealth Rock
|
|upkeep
|turn|4
|
|t:|1662167501
|switch|p2a: Chatot|Chatot, F|100/100
|move|p1a: Zygarde|Substitute|p1a: Zygarde
|-start|p1a: Zygarde|Substitute
|-damage|p1a: Zygarde|76/100
|
|-heal|p1a: Zygarde|82/100|[from] item: Leftovers
|upkeep
|turn|5
|
|t:|1662167505
|move|p2a: Chatot|Chatter|p1a: Zygarde
|-damage|p1a: Zygarde|54/100
|-start|p1a: Zygarde|confusion
|-activate|p1a: Zygarde|confusion
|move|p1a: Zygarde|Glare|p2a: Chatot
|-status|p2a: Chatot|par
|
|-heal|p1a: Zygarde|60/100|[from] item: Leftovers
|upkeep
|turn|6
|
|t:|1662167512
|switch|p2a: Breloom|Breloom, M|100/100
|-activate|p1a: Zygarde|confusion
|move|p1a: Zygarde|Thousand Arrows|p2a: Breloom
|-resisted|p2a: Breloom
|-damage|p2a: Breloom|74/100
|
|-heal|p1a: Zygarde|66/100|[from] item: Leftovers
|-status|p2a: Breloom|tox|[from] item: Toxic Orb
|upkeep
|turn|7
|
|t:|1662167528
|-singleturn|p2a: Breloom|move: Focus Punch
|-activate|p1a: Zygarde|confusion
|move|p1a: Zygarde|Coil|p1a: Zygarde
|-boost|p1a: Zygarde|atk|1
|-boost|p1a: Zygarde|def|1
|-boost|p1a: Zygarde|accuracy|1
|move|p2a: Breloom|Focus Punch|p1a: Zygarde
|-end|p1a: Zygarde|Substitute
|
|-heal|p1a: Zygarde|73/100|[from] item: Leftovers
|-heal|p2a: Breloom|86/100 tox|[from] ability: Poison Heal
|upkeep
|turn|8
|
|t:|1662167537
|move|p2a: Breloom|Spore|p1a: Zygarde
|-status|p1a: Zygarde|slp|[from] move: Spore
|cant|p1a: Zygarde|slp
|
|-heal|p1a: Zygarde|79/100 slp|[from] item: Leftovers
|-heal|p2a: Breloom|98/100 tox|[from] ability: Poison Heal
|upkeep
|turn|9
|
|t:|1662167544
|switch|p2a: Weavile|Weavile, M|100/100
|-ability|p2a: Weavile|Pressure
|switch|p1a: Calyrex|Calyrex-Shadow|100/100
|-ability|p1a: Calyrex|As One
|-ability|p1a: Calyrex|Unnerve
|-damage|p1a: Calyrex|88/100|[from] Stealth Rock
|
|-heal|p1a: Calyrex|94/100|[from] item: Leftovers
|upkeep
|turn|10
|
|t:|1662167550
|move|p1a: Calyrex|Substitute|p1a: Calyrex
|-start|p1a: Calyrex|Substitute
|-damage|p1a: Calyrex|69/100
|move|p2a: Weavile|Assist|p2a: Weavile
|move|p2a: Weavile|Spore||[from]move: Assist|[still]
|-fail|p2a: Weavile
|
|-heal|p1a: Calyrex|75/100|[from] item: Leftovers
|upkeep
|turn|11
|
|t:|1662167559
|move|p1a: Calyrex|Leech Seed|p2a: Weavile
|-start|p2a: Weavile|move: Leech Seed
|move|p2a: Weavile|Triple Axel|p1a: Calyrex
|-activate|p1a: Calyrex|move: Substitute|[damage]
|-end|p1a: Calyrex|Substitute
|-damage|p1a: Calyrex|44/100
|-hitcount|p1a: Calyrex|3
|
|-heal|p1a: Calyrex|50/100|[from] item: Leftovers
|-damage|p2a: Weavile|88/100|[from] Leech Seed|[of] p1a: Calyrex
|-heal|p1a: Calyrex|58/100|[silent]
|upkeep
|turn|12
|
|t:|1662167572
|move|p1a: Calyrex|Baton Pass|p1a: Calyrex
|
|t:|1662167574
|switch|p1a: Necrozma|Necrozma-Dusk-Mane|100/100 slp|[from]move: Baton Pass
|-damage|p1a: Necrozma|94/100 slp|[from] Stealth Rock
|move|p2a: Weavile|Triple Axel|p1a: Necrozma
|-resisted|p1a: Necrozma
|-damage|p1a: Necrozma|92/100 slp
|-damage|p2a: Weavile|72/100|[from] item: Rocky Helmet|[of] p1a: Necrozma
|-resisted|p1a: Necrozma
|-crit|p1a: Necrozma
|-damage|p1a: Necrozma|84/100 slp
|-damage|p2a: Weavile|55/100|[from] item: Rocky Helmet|[of] p1a: Necrozma
|-resisted|p1a: Necrozma
|-damage|p1a: Necrozma|76/100 slp
|-damage|p2a: Weavile|39/100|[from] item: Rocky Helmet|[of] p1a: Necrozma
|-hitcount|p1a: Necrozma|3
|
|-heal|p2a: Weavile|45/100|[from] item: Leftovers
|-damage|p2a: Weavile|33/100|[from] Leech Seed|[of] p1a: Necrozma
|-heal|p1a: Necrozma|84/100 slp|[silent]
|upkeep
|turn|13
|
|t:|1662167585
|switch|p2a: Giratina|Giratina-Origin|100/100
|cant|p1a: Necrozma|slp
|
|upkeep
|turn|14
|
|t:|1662167587
|-start|p2a: Giratina|Dynamax|
|-heal|p2a: Giratina|100/100|[silent]
|move|p2a: Giratina|Max Phantasm|p1a: Necrozma
|-supereffective|p1a: Necrozma
|-damage|p1a: Necrozma|22/100 slp
|-unboost|p1a: Necrozma|def|1
|-curestatus|p1a: Necrozma|slp|[msg]
|move|p1a: Necrozma|Knock Off|p2a: Giratina
|-supereffective|p2a: Giratina
|-damage|p2a: Giratina|84/100
|
|upkeep
|turn|15
|
|t:|1662167594
|move|p2a: Giratina|Max Airstream|p1a: Necrozma
|-resisted|p1a: Necrozma
|-damage|p1a: Necrozma|4/100
|-boost|p2a: Giratina|spe|1
|move|p1a: Necrozma|Knock Off|p2a: Giratina
|-supereffective|p2a: Giratina
|-damage|p2a: Giratina|67/100
|
|upkeep
|turn|16
|
|t:|1662167599
|move|p2a: Giratina|Max Airstream|p1a: Necrozma
|-resisted|p1a: Necrozma
|-damage|p1a: Necrozma|0 fnt
|-boost|p2a: Giratina|spe|1
|faint|p1a: Necrozma
|
|upkeep
|
|t:|1662167602
|switch|p1a: Tyranitar|Tyranitar, F|100/100
|-damage|p1a: Tyranitar|88/100|[from] Stealth Rock
|-weather|Sandstorm|[from] ability: Sand Stream|[of] p1a: Tyranitar
|-end|p2a: Giratina|Dynamax
|-heal|p2a: Giratina|67/100|[silent]
|turn|17
|
|t:|1662167615
|move|p2a: Giratina|Destiny Bond|p2a: Giratina
|-singlemove|p2a: Giratina|Destiny Bond
|move|p1a: Tyranitar|Pursuit|p2a: Giratina
|-supereffective|p2a: Giratina
|-damage|p2a: Giratina|40/100
|
|-weather|Sandstorm|[upkeep]
|-damage|p2a: Giratina|34/100|[from] Sandstorm
|-heal|p1a: Tyranitar|94/100|[from] item: Leftovers
|upkeep
|turn|18
|
|t:|1662167620
|move|p1a: Tyranitar|Pursuit|p2a: Giratina
|-supereffective|p2a: Giratina
|-damage|p2a: Giratina|4/100
|move|p2a: Giratina|Dragon Tail|p1a: Tyranitar
|-damage|p1a: Tyranitar|68/100
|drag|p1a: Zygarde|Zygarde|79/100 slp
|-damage|p1a: Zygarde|73/100 slp|[from] Stealth Rock
|
|-weather|Sandstorm|[upkeep]
|-damage|p2a: Giratina|0 fnt|[from] Sandstorm
|faint|p2a: Giratina
|-heal|p1a: Zygarde|79/100 slp|[from] item: Leftovers
|upkeep
|
|t:|1662167632
|switch|p2a: Weavile|Weavile, M|33/100
|-ability|p2a: Weavile|Pressure
|turn|19
|inactive|BigDuckie has 120 seconds left.
|
|t:|1662167666
|move|p2a: Weavile|Triple Axel|p1a: Zygarde
|-supereffective|p1a: Zygarde
|-damage|p1a: Zygarde|56/100 slp
|-supereffective|p1a: Zygarde
|-damage|p1a: Zygarde|13/100 slp
|-hitcount|p1a: Zygarde|2
|cant|p1a: Zygarde|slp
|
|-weather|Sandstorm|[upkeep]
|-damage|p2a: Weavile|26/100|[from] Sandstorm
|-heal|p2a: Weavile|33/100|[from] item: Leftovers
|-heal|p1a: Zygarde|19/100 slp|[from] item: Leftovers
|-activate|p1a: Zygarde|ability: Power Construct
|detailschange|p1a: Zygarde|Zygarde-Complete
|-heal|p1a: Zygarde|47/100 slp|[silent]
|upkeep
|turn|20
|
|t:|1662167674
|move|p2a: Weavile|Triple Axel|p1a: Zygarde
|-supereffective|p1a: Zygarde
|-damage|p1a: Zygarde|33/100 slp
|-hitcount|p1a: Zygarde|1
|-curestatus|p1a: Zygarde|slp|[msg]
|move|p1a: Zygarde|Thousand Arrows|p2a: Weavile
|-damage|p2a: Weavile|0 fnt
|faint|p2a: Weavile
|
|-weather|Sandstorm|[upkeep]
|-heal|p1a: Zygarde|39/100|[from] item: Leftovers
|upkeep
|
|t:|1662167683
|switch|p2a: Breloom|Breloom, M|98/100 tox
|turn|21
|
|t:|1662167686
|move|p2a: Breloom|Spore|p1a: Zygarde
|-status|p1a: Zygarde|slp|[from] move: Spore
|cant|p1a: Zygarde|slp
|
|-weather|none
|-heal|p1a: Zygarde|45/100 slp|[from] item: Leftovers
|-heal|p2a: Breloom|100/100 tox|[from] ability: Poison Heal
|upkeep
|turn|22
|
|t:|1662167689
|-singleturn|p2a: Breloom|move: Focus Punch
|cant|p1a: Zygarde|slp
|move|p2a: Breloom|Focus Punch|p1a: Zygarde
|-damage|p1a: Zygarde|13/100 slp
|
|-heal|p1a: Zygarde|19/100 slp|[from] item: Leftovers
|upkeep
|turn|23
|
|t:|1662167697
|-singleturn|p2a: Breloom|move: Focus Punch
|-curestatus|p1a: Zygarde|slp|[msg]
|move|p1a: Zygarde|Substitute|p1a: Zygarde
|-fail|p1a: Zygarde|move: Substitute|[weak]
|move|p2a: Breloom|Focus Punch|p1a: Zygarde
|-damage|p1a: Zygarde|0 fnt
|faint|p1a: Zygarde
|
|upkeep
|
|t:|1662167708
|switch|p1a: Yveltal|Yveltal|100/100
|-damage|p1a: Yveltal|76/100|[from] Stealth Rock
|-ability|p1a: Yveltal|Dark Aura
|turn|24
|
|t:|1662167713
|-start|p1a: Yveltal|Dynamax|
|-heal|p1a: Yveltal|76/100|[silent]
|move|p1a: Yveltal|Max Airstream|p2a: Breloom
|-supereffective|p2a: Breloom
|-damage|p2a: Breloom|0 fnt
|-boost|p1a: Yveltal|spe|1
|faint|p2a: Breloom
|-damage|p1a: Yveltal|71/100|[from] item: Life Orb
|
|upkeep
|
|t:|1662167719
|switch|p2a: Wobbuffet|Wobbuffet, M|100/100
|turn|25
|
|t:|1662167723
|switch|p2a: Chatot|Chatot, F|100/100 par
|move|p1a: Yveltal|Max Darkness|p2a: Chatot
|-damage|p2a: Chatot|0 fnt
|faint|p2a: Chatot
|-damage|p1a: Yveltal|66/100|[from] item: Life Orb
|
|upkeep
|
|t:|1662167725
|switch|p2a: Wobbuffet|Wobbuffet, M|100/100
|turn|26
|
|t:|1662167729
|move|p1a: Yveltal|Max Darkness|p2a: Wobbuffet
|-supereffective|p2a: Wobbuffet
|-damage|p2a: Wobbuffet|0 fnt
|faint|p2a: Wobbuffet
|-damage|p1a: Yveltal|61/100|[from] item: Life Orb
|
|upkeep
|
|t:|1662167730
|switch|p2a: Ditto|Ditto|100/100
|-transform|p2a: Ditto|p1a: Yveltal|[from] ability: Imposter
|-ability|p2a: Ditto|Dark Aura
|-end|p1a: Yveltal|Dynamax
|-heal|p1a: Yveltal|61/100|[silent]
|turn|27
|
|t:|1662167736
|move|p2a: Ditto|Dark Pulse|p1a: Yveltal
|-resisted|p1a: Yveltal
|-damage|p1a: Yveltal|37/100
|move|p1a: Yveltal|Oblivion Wing|p2a: Ditto
|-damage|p2a: Ditto|36/100
|-heal|p1a: Yveltal|73/100|[from] drain|[of] p2a: Ditto
|-damage|p1a: Yveltal|63/100|[from] item: Life Orb
|
|upkeep
|turn|28
|c|☆BigDuckie|gg
|
|t:|1662167740
|move|p2a: Ditto|Dark Pulse|p1a: Yveltal
|-resisted|p1a: Yveltal
|-damage|p1a: Yveltal|39/100
|cant|p1a: Yveltal|flinch
|
|upkeep
|turn|29
|c|☆iroeweuio|gg
|
|t:|1662167745
|move|p2a: Ditto|Dark Pulse|p1a: Yveltal
|-resisted|p1a: Yveltal
|-damage|p1a: Yveltal|12/100
|cant|p1a: Yveltal|flinch
|
|upkeep
|turn|30
|
|t:|1662167748
|move|p2a: Ditto|Dark Pulse|p1a: Yveltal
|-resisted|p1a: Yveltal
|-damage|p1a: Yveltal|0 fnt
|faint|p1a: Yveltal
|
|upkeep
|
|t:|1662167749
|switch|p1a: Tyranitar|Tyranitar, F|68/100
|-damage|p1a: Tyranitar|55/100|[from] Stealth Rock
|-weather|Sandstorm|[from] ability: Sand Stream|[of] p1a: Tyranitar
|turn|31
|
|t:|1662167751
|move|p2a: Ditto|Dark Pulse|p1a: Tyranitar
|-resisted|p1a: Tyranitar
|-damage|p1a: Tyranitar|43/100
|cant|p1a: Tyranitar|flinch
|
|-weather|Sandstorm|[upkeep]
|-damage|p2a: Ditto|30/100|[from] Sandstorm
|-heal|p1a: Tyranitar|50/100|[from] item: Leftovers
|upkeep
|turn|32
|
|t:|1662167753
|-activate|p2a: Ditto|move: Struggle
|move|p2a: Ditto|Struggle|p1a: Tyranitar
|-damage|p1a: Tyranitar|40/100
|-damage|p2a: Ditto|5/100|[from] recoil
|move|p1a: Tyranitar|Rock Tomb|p2a: Ditto
|-supereffective|p2a: Ditto
|-damage|p2a: Ditto|0 fnt
|faint|p2a: Ditto
|
|win|BigDuckie
|raw|BigDuckie's rating: 1774 &rarr; <strong>1791</strong><br />(+17 for winning)
|raw|iroeweuio's rating: 1729 &rarr; <strong>1712</strong><br />(-17 for losing)
|c|☆BigDuckie|DANG
|c|☆BigDuckie|THE FLINCHES
|c|☆BigDuckie|uh lemme calculate real quick
|c|☆iroeweuio|yeah if only i had more than 5 pp
|c|☆iroeweuio|💀
|c|☆BigDuckie|1/8
|c|☆BigDuckie|yeahh fr
|l|☆BigDuckie
||Ladder isn't responding, score probably updated but might not have (Request timeout).
