|j|☆Blake-Mamba
|j|☆C0ld as Ic3
|t:|1654154549
|gametype|singles
|player|p1|Blake-Mamba|guitarist|1636
|player|p2|C0ld as Ic3|schoolkid-gen4dp|1851
|teamsize|p1|6
|teamsize|p2|6
|gen|8
|tier|[Gen 8] National Dex AG
|rated|
|rule|HP Percentage Mod: HP is shown in percentages
|rule|Endless Battle Clause: Forcing endless battles is banned
|clearpoke
|poke|p1|Eevee, F|
|poke|p1|Mew|
|poke|p1|Krookodile, M|
|poke|p1|Dugtrio, F|
|poke|p1|Ribombee, F|
|poke|p1|Mewtwo|
|poke|p2|Necrozma-Dusk-Mane|
|poke|p2|Arceus-*|
|poke|p2|Zacian-*|
|poke|p2|Arceus-*|
|poke|p2|Yveltal|
|poke|p2|Zacian-*|
|teampreview
|inactive|Battle timer is ON: inactive players will automatically lose when time's up. (requested by C0ld as Ic3)
|inactive|C0ld as Ic3 has 120 seconds left.
|c|☆Blake-Mamba|Glhf
|
|t:|1654154595
|start
|switch|p1a: Martyr|Dugtrio, F|100/100
|switch|p2a: Yveltal|Yveltal, shiny|100/100
|-ability|p2a: Yveltal|Dark Aura
|turn|1
|
|t:|1654154606
|move|p1a: Martyr|Memento|p2a: Yveltal
|-unboost|p2a: Yveltal|atk|2
|-unboost|p2a: Yveltal|spa|2
|faint|p1a: Martyr
|move|p2a: Yveltal|Foul Play|p1: Martyr|[notarget]
|-fail|p2a: Yveltal
|
|upkeep
|
|t:|1654154616
|switch|p1a: A|Eevee, F|100/100
|turn|2
|
|t:|1654154624
|move|p2a: Yveltal|U-turn|p1a: A
|-damage|p1a: A|82/100
|
|t:|1654154627
|switch|p2a: Zacian|Zacian, shiny|100/100|[from]move: U-turn
|-ability|p2a: Zacian|Intrepid Sword|boost
|-boost|p2a: Zacian|atk|1
|-zpower|p1a: A
|move|p1a: A|Extreme Evoboost|p1a: A
|-boost|p1a: A|atk|2
|-boost|p1a: A|def|2
|-boost|p1a: A|spa|2
|-boost|p1a: A|spd|2
|-boost|p1a: A|spe|2
|
|upkeep
|turn|3
|
|t:|1654154640
|move|p1a: A|Baton Pass|p1a: A
|
|t:|1654154641
|switch|p1a: Mew|Mew|100/100|[from]move: Baton Pass
|move|p2a: Zacian|Play Rough|p1a: Mew
|-damage|p1a: Mew|68/100
|
|upkeep
|turn|4
|
|t:|1654154664
|move|p1a: Mew|Cosmic Power|p1a: Mew
|-boost|p1a: Mew|def|1
|-boost|p1a: Mew|spd|1
|move|p2a: Zacian|Play Rough|p1a: Mew
|-damage|p1a: Mew|41/100
|
|upkeep
|turn|5
|
|t:|1654154671
|move|p1a: Mew|Roost|p1a: Mew
|-heal|p1a: Mew|91/100
|-singleturn|p1a: Mew|move: Roost
|move|p2a: Zacian|Play Rough|p1a: Mew|[miss]
|-miss|p2a: Zacian|p1a: Mew
|
|upkeep
|turn|6
|
|t:|1654154677
|switch|p2a: Zacian|Zacian, shiny|100/100
|-ability|p2a: Zacian|Intrepid Sword|boost
|-boost|p2a: Zacian|atk|1
|move|p1a: Mew|Cosmic Power|p1a: Mew
|-boost|p1a: Mew|def|1
|-boost|p1a: Mew|spd|1
|
|upkeep
|turn|7
|
|t:|1654154688
|move|p1a: Mew|Cosmic Power|p1a: Mew
|-boost|p1a: Mew|def|1
|-boost|p1a: Mew|spd|1
|move|p2a: Zacian|Swords Dance|p2a: Zacian
|-boost|p2a: Zacian|atk|2
|
|upkeep
|turn|8
|
|t:|1654154695
|move|p1a: Mew|Stored Power|p2a: Zacian
|-damage|p2a: Zacian|0 fnt
|faint|p2a: Zacian
|
|upkeep
|-message|C0ld as Ic3 forfeited.
|
|win|Blake-Mamba
|raw|Blake-Mamba's rating: 1636 &rarr; <strong>1667</strong><br />(+31 for winning)
|raw|C0ld as Ic3's rating: 1851 &rarr; <strong>1820</strong><br />(-31 for losing)
|l|☆C0ld as Ic3
