|j|☆DJ Phoenix da Poet
|j|☆Blackstar152001
|t:|1665477738
|gametype|singles
|player|p1|DJ Phoenix da Poet|102|1842
|player|p2|Blackstar152001|blue-gen3two|1975
|teamsize|p1|6
|teamsize|p2|6
|gen|8
|tier|[Gen 8] National Dex AG
|rated|
|rule|HP Percentage Mod: HP is shown in percentages
|rule|Endless Battle Clause: Forcing endless battles is banned
|clearpoke
|poke|p1|Groudon|
|poke|p1|Zacian-*|
|poke|p1|Ditto|
|poke|p1|Calyrex-Shadow|
|poke|p1|Necrozma-Dusk-Mane|
|poke|p1|Yveltal|
|poke|p2|Yveltal|
|poke|p2|Xerneas-*|
|poke|p2|Arceus-*|
|poke|p2|Ditto|
|poke|p2|Rayquaza|
|poke|p2|Necrozma-Dusk-Mane|
|teampreview
|inactive|Battle timer is ON: inactive players will automatically lose when time's up. (requested by Blackstar152001)
|
|t:|1665477756
|start
|switch|p1a: Zacian|Zacian-Crowned|100/100
|switch|p2a: Rayquaza|Rayquaza, shiny|100/100
|-ability|p1a: Zacian|Intrepid Sword|boost
|-boost|p1a: Zacian|atk|1
|-ability|p2a: Rayquaza|Air Lock
|turn|1
|
|t:|1665477759
|switch|p2a: Necrozma|Necrozma-Dusk-Mane|100/100
|move|p1a: Zacian|Play Rough|p2a: Necrozma
|-resisted|p2a: Necrozma
|-damage|p2a: Necrozma|77/100
|-damage|p1a: Zacian|84/100|[from] item: Rocky Helmet|[of] p2a: Necrozma
|
|upkeep
|turn|2
|
|t:|1665477769
|switch|p1a: Groudon|Groudon|100/100
|detailschange|p1a: Groudon|Groudon-Primal
|-primal|p1a: Groudon
|-weather|DesolateLand|[from] ability: Desolate Land|[of] p1a: Groudon
|switch|p2a: Rayquaza|Rayquaza, shiny|100/100
|-ability|p2a: Rayquaza|Air Lock
|
|-weather|DesolateLand|[upkeep]
|upkeep
|turn|3
|
|t:|1665477780
|-weather|none
|switch|p1a: Necrozma|Necrozma-Dusk-Mane|100/100
|detailschange|p2a: Rayquaza|Rayquaza-Mega, shiny
|-mega|p2a: Rayquaza|Rayquaza|
|-weather|DeltaStream|[from] ability: Delta Stream|[of] p2a: Rayquaza
|move|p2a: Rayquaza|Draco Meteor|p1a: Necrozma
|-resisted|p1a: Necrozma
|-damage|p1a: Necrozma|60/100
|-unboost|p2a: Rayquaza|spa|2
|-damage|p2a: Rayquaza|91/100|[from] item: Life Orb
|
|-weather|DeltaStream|[upkeep]
|upkeep
|turn|4
|
|t:|1665477789
|move|p2a: Rayquaza|Earthquake|p1a: Necrozma
|-supereffective|p1a: Necrozma
|-damage|p1a: Necrozma|12/100
|-damage|p2a: Rayquaza|81/100|[from] item: Life Orb
|move|p1a: Necrozma|Morning Sun|p1a: Necrozma
|-heal|p1a: Necrozma|62/100
|
|-weather|DeltaStream|[upkeep]
|upkeep
|turn|5
|
|t:|1665477796
|-weather|none
|switch|p2a: Necrozma|Necrozma-Dusk-Mane|77/100
|move|p1a: Necrozma|Morning Sun|p1a: Necrozma
|-heal|p1a: Necrozma|100/100
|
|upkeep
|turn|6
|
|t:|1665477801
|move|p2a: Necrozma|Stealth Rock|p1a: Necrozma
|-sidestart|p1: DJ Phoenix da Poet|move: Stealth Rock
|move|p1a: Necrozma|Knock Off|p2a: Necrozma
|-supereffective|p2a: Necrozma
|-damage|p2a: Necrozma|46/100
|-damage|p1a: Necrozma|84/100|[from] item: Rocky Helmet|[of] p2a: Necrozma
|-enditem|p2a: Necrozma|Rocky Helmet|[from] move: Knock Off|[of] p1a: Necrozma
|
|upkeep
|turn|7
|
|t:|1665477814
|move|p2a: Necrozma|Thunder Wave|p1a: Necrozma
|-status|p1a: Necrozma|par
|move|p1a: Necrozma|Thunder Wave|p2a: Necrozma
|-status|p2a: Necrozma|par
|
|upkeep
|turn|8
|
|t:|1665477820
|switch|p1a: Groudon|Groudon-Primal|100/100
|-damage|p1a: Groudon|88/100|[from] Stealth Rock
|-weather|DesolateLand|[from] ability: Desolate Land|[of] p1a: Groudon
|cant|p2a: Necrozma|par
|
|-weather|DesolateLand|[upkeep]
|upkeep
|turn|9
|
|t:|1665477826
|switch|p2a: Rayquaza|Rayquaza-Mega, shiny|81/100
|-weather|DeltaStream|[from] ability: Delta Stream|[of] p2a: Rayquaza
|move|p1a: Groudon|Heat Crash|p2a: Rayquaza
|-resisted|p2a: Rayquaza
|-damage|p2a: Rayquaza|58/100
|
|-weather|DeltaStream|[upkeep]
|upkeep
|turn|10
|
|t:|1665477833
|switch|p1a: Necrozma|Necrozma-Dusk-Mane|84/100 par
|-damage|p1a: Necrozma|78/100 par|[from] Stealth Rock
|move|p2a: Rayquaza|Earthquake|p1a: Necrozma
|-supereffective|p1a: Necrozma
|-damage|p1a: Necrozma|32/100 par
|-damage|p2a: Rayquaza|48/100|[from] item: Life Orb
|
|-weather|DeltaStream|[upkeep]
|upkeep
|turn|11
|
|t:|1665477839
|move|p2a: Rayquaza|Earthquake|p1a: Necrozma
|-supereffective|p1a: Necrozma
|-damage|p1a: Necrozma|0 fnt
|faint|p1a: Necrozma
|-damage|p2a: Rayquaza|38/100|[from] item: Life Orb
|
|-weather|DeltaStream|[upkeep]
|upkeep
|
|t:|1665477849
|switch|p1a: Calyrex|Calyrex-Shadow|100/100
|-ability|p1a: Calyrex|As One
|-ability|p1a: Calyrex|Unnerve
|-damage|p1a: Calyrex|88/100|[from] Stealth Rock
|turn|12
|
|t:|1665477852
|-weather|none
|switch|p2a: Arceus|Arceus|100/100
|move|p1a: Calyrex|Astral Barrage|p2a: Arceus
|-immune|p2a: Arceus
|
|upkeep
|turn|13
|
|t:|1665477859
|switch|p2a: Necrozma|Necrozma-Dusk-Mane|46/100 par
|move|p1a: Calyrex|Nasty Plot|p1a: Calyrex
|-boost|p1a: Calyrex|spa|2
|
|upkeep
|turn|14
|
|t:|1665477871
|move|p1a: Calyrex|Baton Pass|p1a: Calyrex
|
|t:|1665477874
|switch|p1a: Groudon|Groudon-Primal|88/100|[from]move: Baton Pass
|-damage|p1a: Groudon|76/100|[from] Stealth Rock
|-weather|DesolateLand|[from] ability: Desolate Land|[of] p1a: Groudon
|move|p2a: Necrozma|Morning Sun|p2a: Necrozma
|-heal|p2a: Necrozma|100/100 par
|
|-weather|DesolateLand|[upkeep]
|upkeep
|turn|15
|
|t:|1665477878
|switch|p2a: Rayquaza|Rayquaza-Mega, shiny|38/100
|-weather|DeltaStream|[from] ability: Delta Stream|[of] p2a: Rayquaza
|move|p1a: Groudon|Earthquake|p2a: Rayquaza
|-immune|p2a: Rayquaza
|
|-weather|DeltaStream|[upkeep]
|upkeep
|turn|16
|
|t:|1665477884
|move|p2a: Rayquaza|Draco Meteor|p1a: Groudon
|-damage|p1a: Groudon|0 fnt
|-unboost|p2a: Rayquaza|spa|2
|faint|p1a: Groudon
|-damage|p2a: Rayquaza|28/100|[from] item: Life Orb
|
|-weather|DeltaStream|[upkeep]
|upkeep
|
|t:|1665477890
|switch|p1a: Yveltal|Yveltal|100/100
|-damage|p1a: Yveltal|76/100|[from] Stealth Rock
|-ability|p1a: Yveltal|Dark Aura
|turn|17
|
|t:|1665477894
|move|p2a: Rayquaza|Dragon Ascent|p1a: Yveltal
|-damage|p1a: Yveltal|0 fnt
|-unboost|p2a: Rayquaza|def|1
|-unboost|p2a: Rayquaza|spd|1
|faint|p1a: Yveltal
|-damage|p2a: Rayquaza|18/100|[from] item: Life Orb
|
|-weather|DeltaStream|[upkeep]
|upkeep
|
|t:|1665477898
|switch|p1a: Ditto|Ditto|100/100
|-damage|p1a: Ditto|88/100|[from] Stealth Rock
|-transform|p1a: Ditto|p2a: Rayquaza|[from] ability: Imposter
|turn|18
|
|t:|1665477905
|switch|p2a: Necrozma|Necrozma-Dusk-Mane|100/100 par
|move|p1a: Ditto|Extreme Speed|p2a: Necrozma
|-resisted|p2a: Necrozma
|-damage|p2a: Necrozma|91/100 par
|
|-weather|DeltaStream|[upkeep]
|upkeep
|turn|19
|l|☆DJ Phoenix da Poet
|inactive|DJ Phoenix da Poet disconnected and has a minute to reconnect!
|player|p1|
|c|☆Blackstar152001|Instant RQ 🤡
|inactive|DJ Phoenix da Poet has 30 seconds to reconnect!
|j|☆DJ Phoenix da Poet
|inactive|DJ Phoenix da Poet reconnected and has 105 seconds left.
|player|p1|DJ Phoenix da Poet|102
|
|t:|1665477964
|-weather|none
|switch|p1a: Calyrex|Calyrex-Shadow|88/100
|-ability|p1a: Calyrex|As One
|-ability|p1a: Calyrex|Unnerve
|-damage|p1a: Calyrex|76/100|[from] Stealth Rock
|cant|p2a: Necrozma|par
|
|upkeep
|turn|20
|
|t:|1665477971
|move|p1a: Calyrex|Astral Barrage|p2a: Necrozma
|-supereffective|p2a: Necrozma
|-damage|p2a: Necrozma|6/100 par
|cant|p2a: Necrozma|par
|
|upkeep
|turn|21
|
|t:|1665477982
|move|p1a: Calyrex|Baton Pass|p1a: Calyrex
|
|t:|1665477984
|switch|p1a: Ditto|Ditto|88/100|[from]move: Baton Pass
|-damage|p1a: Ditto|76/100|[from] Stealth Rock
|-transform|p1a: Ditto|p2a: Necrozma|[from] ability: Imposter
|move|p2a: Necrozma|Morning Sun|p2a: Necrozma
|-heal|p2a: Necrozma|56/100 par
|
|upkeep
|turn|22
|inactive|DJ Phoenix da Poet has 120 seconds left.
|
|t:|1665477989
|switch|p2a: Rayquaza|Rayquaza-Mega, shiny|18/100
|-weather|DeltaStream|[from] ability: Delta Stream|[of] p2a: Rayquaza
|move|p1a: Ditto|Sunsteel Strike|p2a: Rayquaza
|-damage|p2a: Rayquaza|0 fnt
|faint|p2a: Rayquaza
|-weather|none
|
|upkeep
|
|t:|1665477995
|switch|p2a: Yveltal|Yveltal, shiny|100/100
|-ability|p2a: Yveltal|Dark Aura
|turn|23
|
|t:|1665478006
|switch|p1a: Zacian|Zacian-Crowned|84/100
|-damage|p1a: Zacian|78/100|[from] Stealth Rock
|-ability|p1a: Zacian|Intrepid Sword|boost
|-boost|p1a: Zacian|atk|1
|-start|p2a: Yveltal|Dynamax|
|-heal|p2a: Yveltal|100/100|[silent]
|move|p2a: Yveltal|Max Airstream|p1a: Zacian
|-resisted|p1a: Zacian
|-damage|p1a: Zacian|43/100
|-boost|p2a: Yveltal|spe|1
|
|upkeep
|turn|24
|
|t:|1665478010
|move|p2a: Yveltal|Max Flare|p1a: Zacian
|-supereffective|p1a: Zacian
|-damage|p1a: Zacian|0 fnt
|-weather|SunnyDay
|faint|p1a: Zacian
|
|-weather|SunnyDay|[upkeep]
|upkeep
|
|t:|1665478012
|switch|p1a: Ditto|Ditto|76/100
|-damage|p1a: Ditto|64/100|[from] Stealth Rock
|-transform|p1a: Ditto|p2a: Yveltal|[from] ability: Imposter
|-ability|p1a: Ditto|Dark Aura
|turn|25
|
|t:|1665478017
|-start|p1a: Ditto|Dynamax|
|-heal|p1a: Ditto|64/100|[silent]
|move|p1a: Ditto|Max Airstream|p2a: Yveltal
|-damage|p2a: Yveltal|77/100
|-boost|p1a: Ditto|spe|1
|move|p2a: Yveltal|Max Darkness|p1a: Ditto
|-resisted|p1a: Ditto
|-damage|p1a: Ditto|28/100
|-unboost|p1a: Ditto|spd|1
|
|-weather|SunnyDay|[upkeep]
|upkeep
|-end|p2a: Yveltal|Dynamax
|-heal|p2a: Yveltal|77/100|[silent]
|turn|26
|
|t:|1665478024
|move|p1a: Ditto|Max Flare|p2a: Yveltal
|-damage|p2a: Yveltal|32/100
|move|p2a: Yveltal|Oblivion Wing|p1a: Ditto
|-damage|p1a: Ditto|0 fnt
|-heal|p2a: Yveltal|56/100|[from] drain|[of] p1a: Ditto
|faint|p1a: Ditto
|
|-weather|SunnyDay|[upkeep]
|upkeep
|
|t:|1665478027
|switch|p1a: Calyrex|Calyrex-Shadow|76/100
|-ability|p1a: Calyrex|As One
|-ability|p1a: Calyrex|Unnerve
|-damage|p1a: Calyrex|64/100|[from] Stealth Rock
|turn|27
|-message|DJ Phoenix da Poet forfeited.
|
|win|Blackstar152001
|raw|DJ Phoenix da Poet's rating: 1842 &rarr; <strong>1829</strong><br />(-13 for losing)
|raw|Blackstar152001's rating: 1975 &rarr; <strong>1988</strong><br />(+13 for winning)
