|j|☆Naofumi_Bakugo_Jax
|j|☆Emorawr79
|t:|1658285744
|gametype|singles
|player|p1|Naofumi_Bakugo_Jax|blue|1489
|player|p2|Emorawr79|ghetsis|1730
|teamsize|p1|6
|teamsize|p2|6
|gen|8
|tier|[Gen 8] National Dex AG
|rated|
|rule|HP Percentage Mod: HP is shown in percentages
|rule|Endless Battle Clause: Forcing endless battles is banned
|clearpoke
|poke|p1|Kyogre|
|poke|p1|Swampert, F|
|poke|p1|Zacian-*|
|poke|p1|Calyrex-Shadow|
|poke|p1|Yveltal|
|poke|p1|Marshadow|
|poke|p2|Calyrex-Shadow|
|poke|p2|Zygarde|
|poke|p2|Yveltal|
|poke|p2|Ho-Oh|
|poke|p2|Smeargle, M|
|poke|p2|Rayquaza|
|teampreview
|inactive|Battle timer is ON: inactive players will automatically lose when time's up. (requested by Naofumi_Bakugo_Jax)
|
|t:|1658285750
|start
|switch|p1a: Zacian|Zacian-Crowned|100/100
|switch|p2a: Smeargle|Smeargle, M|100/100
|-ability|p1a: Zacian|Intrepid Sword|boost
|-boost|p1a: Zacian|atk|1
|turn|1
|
|t:|1658285753
|move|p1a: Zacian|Behemoth Blade|p2a: Smeargle
|-enditem|p2a: Smeargle|Focus Sash
|-damage|p2a: Smeargle|1/100
|move|p2a: Smeargle|Spore|p1a: Zacian
|-status|p1a: Zacian|slp|[from] move: Spore
|
|-ability|p2a: Smeargle|Moody|boost
|-boost|p2a: Smeargle|atk|2
|-unboost|p2a: Smeargle|spe|1
|upkeep
|turn|2
|
|t:|1658285761
|cant|p1a: Zacian|slp
|move|p1a: Zacian|Sleep Talk|p1a: Zacian
|move|p1a: Zacian|Play Rough|p2a: Smeargle|[from]move: Sleep Talk
|-damage|p2a: Smeargle|0 fnt
|faint|p2a: Smeargle
|
|upkeep
|inactive|Emorawr79 has 120 seconds left.
|
|t:|1658285808
|switch|p2a: Rayquaza|Rayquaza|100/100
|-ability|p2a: Rayquaza|Air Lock
|turn|3
|
|t:|1658285813
|detailschange|p2a: Rayquaza|Rayquaza-Mega
|-mega|p2a: Rayquaza|Rayquaza|
|-weather|DeltaStream|[from] ability: Delta Stream|[of] p2a: Rayquaza
|cant|p1a: Zacian|slp
|move|p1a: Zacian|Sleep Talk|p1a: Zacian
|move|p1a: Zacian|Behemoth Blade|p2a: Rayquaza|[from]move: Sleep Talk
|-damage|p2a: Rayquaza|1/100
|move|p2a: Rayquaza|V-create|p1a: Zacian
|-supereffective|p1a: Zacian
|-damage|p1a: Zacian|0 fnt
|-unboost|p2a: Rayquaza|spe|1
|-unboost|p2a: Rayquaza|def|1
|-unboost|p2a: Rayquaza|spd|1
|faint|p1a: Zacian
|
|-weather|DeltaStream|[upkeep]
|upkeep
|
|t:|1658285839
|switch|p1a: Marshadow|Marshadow|100/100
|turn|4
|-enditem|p2a: Rayquaza|Custap Berry|[eat]
|-activate|p2a: Rayquaza|item: Custap Berry|[consumed]
|
|t:|1658285851
|move|p2a: Rayquaza|Dragon Ascent|p1a: Marshadow
|-supereffective|p1a: Marshadow
|-enditem|p1a: Marshadow|Focus Sash
|-damage|p1a: Marshadow|1/100
|-unboost|p2a: Rayquaza|def|1
|-unboost|p2a: Rayquaza|spd|1
|move|p1a: Marshadow|Pursuit|p2a: Rayquaza
|-damage|p2a: Rayquaza|0 fnt
|faint|p2a: Rayquaza
|-weather|none
|
|upkeep
|inactive|Emorawr79 has 120 seconds left.
|
|t:|1658285881
|switch|p2a: Zygarde|Zygarde|100/100
|turn|5
|
|t:|1658285895
|switch|p1a: Kyogre|Kyogre|100/100
|-weather|RainDance|[from] ability: Drizzle|[of] p1a: Kyogre
|move|p2a: Zygarde|Glare|p1a: Kyogre
|-status|p1a: Kyogre|par
|
|-weather|RainDance|[upkeep]
|upkeep
|turn|6
|inactive|Emorawr79 has 120 seconds left.
|
|t:|1658285907
|move|p1a: Kyogre|Ice Beam|p2a: Zygarde
|-supereffective|p2a: Zygarde
|-damage|p2a: Zygarde|0 fnt
|faint|p2a: Zygarde
|
|-weather|RainDance|[upkeep]
|upkeep
|
|t:|1658285911
|switch|p2a: Calyrex|Calyrex-Shadow|100/100
|-ability|p2a: Calyrex|As One
|-ability|p2a: Calyrex|Unnerve
|turn|7
|
|t:|1658285917
|move|p2a: Calyrex|Nasty Plot|p2a: Calyrex
|-boost|p2a: Calyrex|spa|2
|move|p1a: Kyogre|Ice Beam|p2a: Calyrex
|-damage|p2a: Calyrex|68/100
|
|-weather|RainDance|[upkeep]
|upkeep
|turn|8
|
|t:|1658285946
|move|p2a: Calyrex|Draining Kiss|p1a: Kyogre
|-damage|p1a: Kyogre|71/100 par
|-heal|p2a: Calyrex|90/100|[from] drain|[of] p1a: Kyogre
|move|p1a: Kyogre|Ice Beam|p2a: Calyrex
|-damage|p2a: Calyrex|58/100
|
|-weather|RainDance|[upkeep]
|upkeep
|turn|9
|
|t:|1658285958
|move|p2a: Calyrex|Draining Kiss|p1a: Kyogre
|-damage|p1a: Kyogre|40/100 par
|-heal|p2a: Calyrex|81/100|[from] drain|[of] p1a: Kyogre
|move|p1a: Kyogre|Ice Beam|p2a: Calyrex
|-damage|p2a: Calyrex|46/100
|
|-weather|none
|upkeep
|turn|10
|inactive|Naofumi_Bakugo_Jax has 120 seconds left.
|
|t:|1658285984
|switch|p1a: Swampert|Swampert, F|100/100
|move|p2a: Calyrex|Draining Kiss|p1a: Swampert
|-damage|p1a: Swampert|53/100
|-heal|p2a: Calyrex|82/100|[from] drain|[of] p1a: Swampert
|
|upkeep
|turn|11
|
|t:|1658285991
|switch|p1a: Kyogre|Kyogre|40/100 par
|-weather|RainDance|[from] ability: Drizzle|[of] p1a: Kyogre
|move|p2a: Calyrex|Draining Kiss|p1a: Kyogre
|-damage|p1a: Kyogre|8/100 par
|-heal|p2a: Calyrex|100/100|[from] drain|[of] p1a: Kyogre
|
|-weather|RainDance|[upkeep]
|upkeep
|turn|12
|inactive|Naofumi_Bakugo_Jax has 120 seconds left.
|
|t:|1658285998
|move|p2a: Calyrex|Draining Kiss|p1a: Kyogre
|-damage|p1a: Kyogre|0 fnt
|faint|p1a: Kyogre
|-ability|p2a: Calyrex|Grim Neigh|boost
|-boost|p2a: Calyrex|spa|1
|
|-weather|RainDance|[upkeep]
|upkeep
|
|t:|1658286000
|switch|p1a: Swampert|Swampert, F|53/100
|turn|13
|
|t:|1658286008
|detailschange|p1a: Swampert|Swampert-Mega, F
|-mega|p1a: Swampert|Swampert|Swampertite
|move|p1a: Swampert|Liquidation|p2a: Calyrex
|-enditem|p2a: Calyrex|Focus Sash
|-damage|p2a: Calyrex|1/100
|move|p2a: Calyrex|Draining Kiss|p1a: Swampert
|-damage|p1a: Swampert|3/100
|-heal|p2a: Calyrex|38/100|[from] drain|[of] p1a: Swampert
|
|-weather|RainDance|[upkeep]
|upkeep
|turn|14
|
|t:|1658286020
|move|p1a: Swampert|Liquidation|p2a: Calyrex
|-damage|p2a: Calyrex|0 fnt
|faint|p2a: Calyrex
|
|-weather|RainDance|[upkeep]
|upkeep
|
|t:|1658286022
|switch|p2a: Yveltal|Yveltal|100/100
|-ability|p2a: Yveltal|Dark Aura
|turn|15
|
|t:|1658286032
|-start|p2a: Yveltal|Dynamax|
|-heal|p2a: Yveltal|100/100|[silent]
|move|p1a: Swampert|Yawn|p2a: Yveltal
|-start|p2a: Yveltal|move: Yawn|[of] p1a: Swampert
|move|p2a: Yveltal|Max Airstream|p1a: Swampert
|-damage|p1a: Swampert|0 fnt
|-boost|p2a: Yveltal|spe|1
|faint|p1a: Swampert
|-damage|p2a: Yveltal|96/100|[from] item: Life Orb
|
|-weather|none
|upkeep
|
|t:|1658286050
|switch|p1a: Calyrex|Calyrex-Shadow|100/100
|-ability|p1a: Calyrex|As One
|-ability|p1a: Calyrex|Unnerve
|turn|16
|
|t:|1658286061
|move|p2a: Yveltal|Max Darkness|p1a: Calyrex
|-supereffective|p1a: Calyrex
|-enditem|p1a: Calyrex|Focus Sash
|-damage|p1a: Calyrex|1/100
|-unboost|p1a: Calyrex|spd|1
|-damage|p2a: Yveltal|91/100|[from] item: Life Orb
|move|p1a: Calyrex|Agility|p1a: Calyrex
|-boost|p1a: Calyrex|spe|2
|
|-end|p2a: Yveltal|move: Yawn|[silent]
|-status|p2a: Yveltal|slp
|upkeep
|turn|17
|inactive|Naofumi_Bakugo_Jax has 120 seconds left.
|
|t:|1658286079
|move|p1a: Calyrex|Calm Mind|p1a: Calyrex
|-boost|p1a: Calyrex|spa|1
|-boost|p1a: Calyrex|spd|1
|cant|p2a: Yveltal|slp
|
|upkeep
|-end|p2a: Yveltal|Dynamax
|-heal|p2a: Yveltal|91/100 slp|[silent]
|turn|18
|
|t:|1658286085
|move|p1a: Calyrex|Baton Pass|p1a: Calyrex
|
|t:|1658286089
|switch|p1a: Yveltal|Yveltal|100/100|[from]move: Baton Pass
|-ability|p1a: Yveltal|Dark Aura
|cant|p2a: Yveltal|slp
|
|upkeep
|turn|19
|-message|Emorawr79 forfeited.
|
|win|Naofumi_Bakugo_Jax
|raw|Naofumi_Bakugo_Jax's rating: 1489 &rarr; <strong>1521</strong><br />(+32 for winning)
|raw|Emorawr79's rating: 1730 &rarr; <strong>1698</strong><br />(-32 for losing)
|l|☆Emorawr79
||Ladder isn't responding, score probably updated but might not have (Request timeout).
