|j|☆Red2k01
|j|☆IamHrrimann
|t:|1631378174
|gametype|singles
|player|p1|Red2k01|266|
|player|p2|IamHrrimann|102|
|teamsize|p1|6
|teamsize|p2|6
|gen|8
|tier|[Gen 8] National Dex AG
|rule|HP Percentage Mod: HP is shown in percentages
|rule|Endless Battle Clause: Forcing endless battles is banned
|clearpoke
|poke|p1|Ho-Oh|
|poke|p1|Smeargle, F|
|poke|p1|Hoopa-Unbound|
|poke|p1|Medicham, F|
|poke|p1|Tapu Koko|
|poke|p1|Calyrex-Shadow|
|poke|p2|Hippowdon, M|
|poke|p2|Salamence, F|
|poke|p2|Grimmsnarl, M|
|poke|p2|Toxapex, M|
|poke|p2|Kyogre|
|poke|p2|Mandibuzz, F|
|teampreview
|inactive|Battle timer is ON: inactive players will automatically lose when time's up. (requested by Red2k01)
|c|☆Red2k01|Goodluck
|c|☆IamHrrimann|Glhf
|
|t:|1631378202
|start
|switch|p1a: Tapu Koko|Tapu Koko|100/100
|switch|p2a: Grimmsnarl|Grimmsnarl, M|100/100
|-fieldstart|move: Electric Terrain|[from] ability: Electric Surge|[of] p1a: Tapu Koko
|turn|1
|
|t:|1631378213
|move|p2a: Grimmsnarl|Light Screen|p2a: Grimmsnarl
|-sidestart|p2: IamHrrimann|move: Light Screen
|-zpower|p1a: Tapu Koko
|move|p1a: Tapu Koko|Gigavolt Havoc|p2a: Grimmsnarl|[zeffect]
|-damage|p2a: Grimmsnarl|0 fnt
|faint|p2a: Grimmsnarl
|
|upkeep
|inactive|IamHrrimann has 270 seconds left.
|
|t:|1631378245
|switch|p2a: Hippowdon|Hippowdon, M|100/100
|-weather|Sandstorm|[from] ability: Sand Stream|[of] p2a: Hippowdon
|turn|2
|inactive|IamHrrimann has 270 seconds left.
|
|t:|1631378256
|move|p1a: Tapu Koko|Taunt|p2a: Hippowdon
|-start|p2a: Hippowdon|move: Taunt
|cant|p2a: Hippowdon|move: Taunt|Stealth Rock
|
|-weather|Sandstorm|[upkeep]
|-damage|p1a: Tapu Koko|94/100|[from] Sandstorm
|upkeep
|turn|3
|inactive|IamHrrimann has 270 seconds left.
|
|t:|1631378272
|switch|p2a: Kyogre|Kyogre|100/100
|detailschange|p2a: Kyogre|Kyogre-Primal
|-primal|p2a: Kyogre
|-weather|PrimordialSea|[from] ability: Primordial Sea|[of] p2a: Kyogre
|move|p1a: Tapu Koko|Brave Bird|p2a: Kyogre
|-crit|p2a: Kyogre
|-damage|p2a: Kyogre|47/100
|-damage|p1a: Tapu Koko|69/100|[from] Recoil
|
|-weather|PrimordialSea|[upkeep]
|upkeep
|turn|4
|
|t:|1631378295
|-weather|none
|switch|p2a: Hippowdon|Hippowdon, M|100/100
|-weather|Sandstorm|[from] ability: Sand Stream|[of] p2a: Hippowdon
|move|p1a: Tapu Koko|Brave Bird|p2a: Hippowdon
|-damage|p2a: Hippowdon|79/100
|-damage|p1a: Tapu Koko|59/100|[from] Recoil
|
|-weather|Sandstorm|[upkeep]
|-damage|p1a: Tapu Koko|52/100|[from] Sandstorm
|-heal|p2a: Hippowdon|85/100|[from] item: Leftovers
|upkeep
|turn|5
|
|t:|1631378312
|move|p1a: Tapu Koko|Taunt|p2a: Hippowdon
|-start|p2a: Hippowdon|move: Taunt
|move|p2a: Hippowdon|Earthquake|p1a: Tapu Koko
|-supereffective|p1a: Tapu Koko
|-damage|p1a: Tapu Koko|0 fnt
|faint|p1a: Tapu Koko
|
|-weather|Sandstorm|[upkeep]
|-heal|p2a: Hippowdon|92/100|[from] item: Leftovers
|-fieldend|move: Electric Terrain
|upkeep
|
|t:|1631378317
|switch|p1a: Smeargle|Smeargle, F|100/100
|turn|6
|
|t:|1631378336
|switch|p2a: Mandibuzz|Mandibuzz, F|100/100
|move|p1a: Smeargle|Spore|p2a: Mandibuzz
|-immune|p2a: Mandibuzz|[from] ability: Overcoat
|
|-weather|Sandstorm|[upkeep]
|-damage|p1a: Smeargle|94/100|[from] Sandstorm
|-ability|p1a: Smeargle|Moody|boost
|-boost|p1a: Smeargle|atk|2
|-unboost|p1a: Smeargle|def|1
|upkeep
|turn|7
|
|t:|1631378350
|move|p1a: Smeargle|Baton Pass|p1a: Smeargle
|
|t:|1631378357
|switch|p1a: Medicham|Medicham, F|100/100|[from]move: Baton Pass
|move|p2a: Mandibuzz|Foul Play|p1a: Medicham
|-damage|p1a: Medicham|0 fnt
|faint|p1a: Medicham
|
|-weather|Sandstorm|[upkeep]
|upkeep
|c|☆Red2k01|F
|
|t:|1631378370
|switch|p1a: Hoopa|Hoopa-Unbound|100/100
|turn|8
|
|t:|1631378380
|move|p1a: Hoopa|Hyperspace Fury|p2a: Mandibuzz
|-resisted|p2a: Mandibuzz
|-damage|p2a: Mandibuzz|76/100
|-unboost|p1a: Hoopa|def|1
|move|p2a: Mandibuzz|Foul Play|p1a: Hoopa
|-damage|p1a: Hoopa|0 fnt
|faint|p1a: Hoopa
|
|-weather|none
|-sideend|p2: IamHrrimann|move: Light Screen
|upkeep
|c|☆Red2k01|...
|
|t:|1631378389
|switch|p1a: Smeargle|Smeargle, F|94/100
|turn|9
|inactive|IamHrrimann has 270 seconds left.
|
|t:|1631378411
|move|p1a: Smeargle|Sticky Web|p2a: Mandibuzz
|-sidestart|p2: IamHrrimann|move: Sticky Web
|move|p2a: Mandibuzz|Foul Play|p1a: Smeargle
|-damage|p1a: Smeargle|81/100
|
|-ability|p1a: Smeargle|Moody|boost
|-boost|p1a: Smeargle|def|2
|-unboost|p1a: Smeargle|spa|1
|upkeep
|turn|10
|
|t:|1631378423
|move|p1a: Smeargle|Spore|p2a: Mandibuzz
|-immune|p2a: Mandibuzz|[from] ability: Overcoat
|move|p2a: Mandibuzz|Defog|p1a: Smeargle
|-unboost|p1a: Smeargle|evasion|1
|-sideend|p2: IamHrrimann|Sticky Web|[from] move: Defog|[of] p2a: Mandibuzz
|
|-ability|p1a: Smeargle|Moody|boost
|-boost|p1a: Smeargle|spe|2
|-unboost|p1a: Smeargle|def|1
|upkeep
|turn|11
|
|t:|1631378442
|move|p1a: Smeargle|Sticky Web|p2a: Mandibuzz
|-sidestart|p2: IamHrrimann|move: Sticky Web
|move|p2a: Mandibuzz|Foul Play|p1a: Smeargle
|-damage|p1a: Smeargle|71/100
|
|-ability|p1a: Smeargle|Moody|boost
|-boost|p1a: Smeargle|spe|2
|-unboost|p1a: Smeargle|spa|1
|upkeep
|turn|12
|c|☆Red2k01|Ki baaler boost -_-
|
|t:|1631378459
|move|p1a: Smeargle|Sticky Web||[still]
|-fail|p1a: Smeargle
|move|p2a: Mandibuzz|Foul Play|p1a: Smeargle
|-damage|p1a: Smeargle|62/100
|
|-ability|p1a: Smeargle|Moody|boost
|-boost|p1a: Smeargle|atk|2
|-unboost|p1a: Smeargle|spe|1
|upkeep
|turn|13
|
|t:|1631378472
|move|p1a: Smeargle|Baton Pass|p1a: Smeargle
|
|t:|1631378474
|switch|p1a: Ho-Oh|Ho-Oh|100/100|[from]move: Baton Pass
|move|p2a: Mandibuzz|Toxic|p1a: Ho-Oh
|-status|p1a: Ho-Oh|tox
|
|-damage|p1a: Ho-Oh|94/100 tox|[from] psn
|upkeep
|turn|14
|inactive|IamHrrimann has 240 seconds left.
|
|t:|1631378496
|switch|p2a: Toxapex|Toxapex, M|100/100
|-activate|p2a: Toxapex|move: Sticky Web
|-unboost|p2a: Toxapex|spe|1
|move|p1a: Ho-Oh|Toxic|p2a: Toxapex
|-immune|p2a: Toxapex
|
|-damage|p1a: Ho-Oh|82/100 tox|[from] psn
|upkeep
|turn|15
|inactive|IamHrrimann has 240 seconds left.
|
|t:|1631378510
|move|p2a: Toxapex|Scald|p1a: Ho-Oh
|-supereffective|p1a: Ho-Oh
|-damage|p1a: Ho-Oh|65/100 tox
|move|p1a: Ho-Oh|Whirlwind|p2a: Toxapex
|drag|p2a: Mandibuzz|Mandibuzz, F|76/100
|
|-damage|p1a: Ho-Oh|47/100 tox|[from] psn
|upkeep
|turn|16
|inactive|IamHrrimann has 240 seconds left.
|
|t:|1631378527
|move|p1a: Ho-Oh|Sacred Fire|p2a: Mandibuzz
|-damage|p2a: Mandibuzz|30/100
|move|p2a: Mandibuzz|Defog|p1a: Ho-Oh
|-unboost|p1a: Ho-Oh|evasion|1
|-sideend|p2: IamHrrimann|Sticky Web|[from] move: Defog|[of] p2a: Mandibuzz
|
|-damage|p1a: Ho-Oh|22/100 tox|[from] psn
|upkeep
|turn|17
|inactive|IamHrrimann has 240 seconds left.
|
|t:|1631378546
|switch|p2a: Toxapex|Toxapex, M|100/100
|move|p1a: Ho-Oh|Sacred Fire|p2a: Toxapex
|-resisted|p2a: Toxapex
|-damage|p2a: Toxapex|75/100
|-status|p2a: Toxapex|brn
|
|-heal|p2a: Toxapex|81/100 brn|[from] item: Black Sludge
|-damage|p1a: Ho-Oh|0 fnt|[from] psn
|faint|p1a: Ho-Oh
|-damage|p2a: Toxapex|75/100 brn|[from] brn
|upkeep
|
|t:|1631378550
|switch|p1a: Smeargle|Smeargle, F|62/100
|turn|18
|inactive|IamHrrimann has 240 seconds left.
|
|t:|1631378570
|switch|p2a: Mandibuzz|Mandibuzz, F|30/100
|move|p1a: Smeargle|Sticky Web|p2a: Mandibuzz
|-sidestart|p2: IamHrrimann|move: Sticky Web
|
|-ability|p1a: Smeargle|Moody|boost
|-boost|p1a: Smeargle|atk|2
|-unboost|p1a: Smeargle|def|1
|upkeep
|turn|19
|
|t:|1631378583
|move|p1a: Smeargle|Dragon Dance|p1a: Smeargle
|-boost|p1a: Smeargle|atk|1
|-boost|p1a: Smeargle|spe|1
|move|p2a: Mandibuzz|Roost|p2a: Mandibuzz
|-heal|p2a: Mandibuzz|80/100
|-singleturn|p2a: Mandibuzz|move: Roost
|
|-ability|p1a: Smeargle|Moody|boost
|-boost|p1a: Smeargle|atk|2
|-unboost|p1a: Smeargle|spe|1
|upkeep
|turn|20
|
|t:|1631378596
|move|p1a: Smeargle|Dragon Dance|p1a: Smeargle
|-boost|p1a: Smeargle|atk|1
|-boost|p1a: Smeargle|spe|1
|move|p2a: Mandibuzz|Foul Play|p1a: Smeargle
|-damage|p1a: Smeargle|0 fnt
|faint|p1a: Smeargle
|
|upkeep
|c|☆Red2k01|Are bara yarki marche nakii
|
|t:|1631378602
|switch|p1a: Calyrex|Calyrex-Shadow|100/100
|-ability|p1a: Calyrex|As One
|-ability|p1a: Calyrex|Unnerve
|turn|21
|
|t:|1631378625
|switch|p2a: Toxapex|Toxapex, M|100/100 brn
|-activate|p2a: Toxapex|move: Sticky Web
|-unboost|p2a: Toxapex|spe|1
|-start|p1a: Calyrex|Dynamax
|-heal|p1a: Calyrex|100/100|[silent]
|move|p1a: Calyrex|Max Starfall|p2a: Toxapex
|-resisted|p2a: Toxapex
|-damage|p2a: Toxapex|84/100 brn
|-fieldstart|move: Misty Terrain
|
|-heal|p2a: Toxapex|91/100 brn|[from] item: Black Sludge
|-damage|p2a: Toxapex|84/100 brn|[from] brn
|upkeep
|turn|22
|
|t:|1631378642
|switch|p2a: Mandibuzz|Mandibuzz, F|80/100
|move|p1a: Calyrex|Max Starfall|p2a: Mandibuzz
|-supereffective|p2a: Mandibuzz
|-damage|p2a: Mandibuzz|5/100
|
|upkeep
|turn|23
|inactive|IamHrrimann has 210 seconds left.
|inactive|IamHrrimann has 180 seconds left.
|
|t:|1631378696
|switch|p2a: Toxapex|Toxapex, M|100/100 brn
|-activate|p2a: Toxapex|move: Sticky Web
|-unboost|p2a: Toxapex|spe|1
|move|p1a: Calyrex|Max Phantasm|p2a: Toxapex
|-damage|p2a: Toxapex|29/100 brn
|-unboost|p2a: Toxapex|def|1
|
|-heal|p2a: Toxapex|36/100 brn|[from] item: Black Sludge
|-damage|p2a: Toxapex|29/100 brn|[from] brn
|-end|p1a: Calyrex|Dynamax
|-heal|p1a: Calyrex|100/100|[silent]
|upkeep
|turn|24
|inactive|IamHrrimann has 180 seconds left.
|
|t:|1631378720
|move|p2a: Toxapex|Baneful Bunker|p2a: Toxapex
|-singleturn|p2a: Toxapex|move: Protect
|move|p1a: Calyrex|Nasty Plot|p1a: Calyrex
|-boost|p1a: Calyrex|spa|2
|
|-heal|p2a: Toxapex|36/100 brn|[from] item: Black Sludge
|-damage|p2a: Toxapex|29/100 brn|[from] brn
|upkeep
|turn|25
|
|t:|1631378731
|move|p1a: Calyrex|Astral Barrage|p2a: Toxapex
|-damage|p2a: Toxapex|0 fnt
|faint|p2a: Toxapex
|-ability|p1a: Calyrex|Grim Neigh|boost
|-boost|p1a: Calyrex|spa|1
|
|-fieldend|Misty Terrain
|upkeep
|
|t:|1631378748
|switch|p2a: Hippowdon|Hippowdon, M|92/100
|-activate|p2a: Hippowdon|move: Sticky Web
|-unboost|p2a: Hippowdon|spe|1
|-weather|Sandstorm|[from] ability: Sand Stream|[of] p2a: Hippowdon
|turn|26
|inactive|IamHrrimann has 150 seconds left.
|
|t:|1631378767
|move|p1a: Calyrex|Astral Barrage|p2a: Hippowdon
|-damage|p2a: Hippowdon|0 fnt
|faint|p2a: Hippowdon
|-ability|p1a: Calyrex|Grim Neigh|boost
|-boost|p1a: Calyrex|spa|1
|
|-weather|Sandstorm|[upkeep]
|-damage|p1a: Calyrex|94/100|[from] Sandstorm
|upkeep
|inactive|IamHrrimann has 150 seconds left.
|c|☆Red2k01|Gg
|
|t:|1631378780
|switch|p2a: Salamence|Salamence, F|100/100
|turn|27
|inactive|IamHrrimann has 150 seconds left.
|
|t:|1631378787
|move|p1a: Calyrex|Astral Barrage|p2a: Salamence
|-damage|p2a: Salamence|0 fnt
|faint|p2a: Salamence
|-ability|p1a: Calyrex|Grim Neigh|boost
|-boost|p1a: Calyrex|spa|1
|
|-weather|Sandstorm|[upkeep]
|-damage|p1a: Calyrex|88/100|[from] Sandstorm
|upkeep
|inactive|IamHrrimann has 150 seconds left.
|c|☆IamHrrimann|Gg
|
|t:|1631378798
|switch|p2a: Kyogre|Kyogre-Primal|47/100
|-activate|p2a: Kyogre|move: Sticky Web
|-unboost|p2a: Kyogre|spe|1
|-weather|PrimordialSea|[from] ability: Primordial Sea|[of] p2a: Kyogre
|turn|28
|inactive|IamHrrimann has 150 seconds left.
|
|t:|1631378806
|move|p1a: Calyrex|Astral Barrage|p2a: Kyogre
|-damage|p2a: Kyogre|0 fnt
|faint|p2a: Kyogre
|-weather|none
|-ability|p1a: Calyrex|Grim Neigh|boost
|-boost|p1a: Calyrex|spa|1
|
|upkeep
|inactive|IamHrrimann has 150 seconds left.
|
|t:|1631378815
|switch|p2a: Mandibuzz|Mandibuzz, F|5/100
|turn|29
|
|t:|1631378820
|move|p1a: Calyrex|Draining Kiss|p2a: Mandibuzz
|-supereffective|p2a: Mandibuzz
|-damage|p2a: Mandibuzz|0 fnt
|-heal|p1a: Calyrex|93/100|[from] drain|[of] p2a: Mandibuzz
|faint|p2a: Mandibuzz
|
|win|Red2k01
|c|☆Red2k01|Share kore dao
|c|☆Red2k01|Replay ta
|c|☆IamHrrimann|Okk
|c|☆Red2k01|Group e can't message
