|j|☆BasakBooster1
|j|☆Mimikium ZZ
|t:|1664942596
|gametype|singles
|player|p1|BasakBooster1|lucas|1694
|player|p2|Mimikium ZZ|schoolboy|1909
|teamsize|p1|6
|teamsize|p2|6
|gen|8
|tier|[Gen 8] National Dex AG
|rated|
|rule|HP Percentage Mod: HP is shown in percentages
|rule|Endless Battle Clause: Forcing endless battles is banned
|clearpoke
|poke|p1|Groudon|
|poke|p1|Rayquaza|
|poke|p1|Zygarde|
|poke|p1|Calyrex-Shadow|
|poke|p1|Arceus-*|
|poke|p1|Arceus-*|
|poke|p2|Necrozma-Dusk-Mane|
|poke|p2|Zygarde|
|poke|p2|Xerneas-*|
|poke|p2|Skarmory, M|
|poke|p2|Smeargle, F|
|poke|p2|Mimikyu, M|
|teampreview
|inactive|Battle timer is ON: inactive players will automatically lose when time's up. (requested by BasakBooster1)
|inactive|Mimikium ZZ has 120 seconds left.
|
|t:|1664942674
|start
|switch|p1a: Calyrex|Calyrex-Shadow|100/100
|switch|p2a: Skarmory|Skarmory, M, shiny|100/100
|-ability|p1a: Calyrex|As One
|-ability|p1a: Calyrex|Unnerve
|turn|1
|
|t:|1664942685
|move|p1a: Calyrex|Substitute|p1a: Calyrex
|-start|p1a: Calyrex|Substitute
|-damage|p1a: Calyrex|76/100
|move|p2a: Skarmory|Rock Tomb|p1a: Calyrex
|-activate|p1a: Calyrex|move: Substitute|[damage]
|
|-heal|p1a: Calyrex|82/100|[from] item: Leftovers
|upkeep
|turn|2
|
|t:|1664942689
|move|p1a: Calyrex|Astral Barrage|p2a: Skarmory
|-ability|p2a: Skarmory|Sturdy
|-damage|p2a: Skarmory|1/100
|move|p2a: Skarmory|Whirlwind|p1a: Calyrex
|drag|p1a: the gwoat|Rayquaza|100/100
|-ability|p1a: the gwoat|Air Lock
|
|upkeep
|turn|3
|
|t:|1664942692
|detailschange|p1a: the gwoat|Rayquaza-Mega
|-mega|p1a: the gwoat|Rayquaza|
|-weather|DeltaStream|[from] ability: Delta Stream|[of] p1a: the gwoat
|move|p1a: the gwoat|Scale Shot|p2a: Skarmory
|-resisted|p2a: Skarmory
|-damage|p2a: Skarmory|0 fnt
|faint|p2a: Skarmory
|-hitcount|p2: Skarmory|1
|-unboost|p1a: the gwoat|def|1
|-boost|p1a: the gwoat|spe|1
|-damage|p1a: the gwoat|91/100|[from] item: Life Orb
|
|-weather|DeltaStream|[upkeep]
|upkeep
|
|t:|1664942708
|switch|p2a: Xerneas|Xerneas|100/100
|-ability|p2a: Xerneas|Fairy Aura
|turn|4
|
|t:|1664942730
|move|p1a: the gwoat|Dragon Ascent|p2a: Xerneas
|-damage|p2a: Xerneas|1/100
|-unboost|p1a: the gwoat|def|1
|-unboost|p1a: the gwoat|spd|1
|-damage|p1a: the gwoat|81/100|[from] item: Life Orb
|move|p2a: Xerneas|Moonblast|p1a: the gwoat
|-supereffective|p1a: the gwoat
|-damage|p1a: the gwoat|0 fnt
|faint|p1a: the gwoat
|-weather|none
|
|upkeep
|
|t:|1664942735
|switch|p1a: Calyrex|Calyrex-Shadow|82/100
|-ability|p1a: Calyrex|As One
|-ability|p1a: Calyrex|Unnerve
|turn|5
|inactive|Mimikium ZZ has 120 seconds left.
|
|t:|1664942766
|switch|p2a: Smeargle|Smeargle, F, shiny|100/100
|move|p1a: Calyrex|Substitute|p1a: Calyrex
|-start|p1a: Calyrex|Substitute
|-damage|p1a: Calyrex|57/100
|
|-heal|p1a: Calyrex|63/100|[from] item: Leftovers
|-ability|p2a: Smeargle|Moody|boost
|-boost|p2a: Smeargle|def|2
|-unboost|p2a: Smeargle|spe|1
|upkeep
|turn|6
|
|t:|1664942775
|move|p1a: Calyrex|Leech Seed|p2a: Smeargle
|-start|p2a: Smeargle|move: Leech Seed
|move|p2a: Smeargle|Baton Pass|p2a: Smeargle
|
|t:|1664942781
|switch|p2a: Mimikyu|Mimikyu, M, shiny|100/100|[from]move: Baton Pass
|
|-heal|p1a: Calyrex|69/100|[from] item: Leftovers
|-damage|p2a: Mimikyu|88/100|[from] Leech Seed|[of] p1a: Calyrex
|-heal|p1a: Calyrex|78/100|[silent]
|upkeep
|turn|7
|
|t:|1664942794
|switch|p2a: Smeargle|Smeargle, F, shiny|100/100
|move|p1a: Calyrex|Draining Kiss|p2a: Smeargle
|-damage|p2a: Smeargle|62/100
|-heal|p1a: Calyrex|100/100|[from] drain|[of] p2a: Smeargle
|
|-ability|p2a: Smeargle|Moody|boost
|-boost|p2a: Smeargle|atk|2
|-unboost|p2a: Smeargle|spa|1
|upkeep
|turn|8
|
|t:|1664942799
|move|p1a: Calyrex|Draining Kiss|p2a: Smeargle
|-damage|p2a: Smeargle|18/100
|move|p2a: Smeargle|Shell Smash|p2a: Smeargle
|-unboost|p2a: Smeargle|def|1
|-unboost|p2a: Smeargle|spd|1
|-boost|p2a: Smeargle|atk|2
|-boost|p2a: Smeargle|spa|2
|-boost|p2a: Smeargle|spe|2
|
|-ability|p2a: Smeargle|Moody|boost
|-boost|p2a: Smeargle|spa|2
|-unboost|p2a: Smeargle|spe|1
|upkeep
|turn|9
|
|t:|1664942819
|switch|p2a: Xerneas|Xerneas|1/100
|-ability|p2a: Xerneas|Fairy Aura
|move|p1a: Calyrex|Draining Kiss|p2a: Xerneas
|-damage|p2a: Xerneas|0 fnt
|faint|p2a: Xerneas
|-ability|p1a: Calyrex|Grim Neigh|boost
|-boost|p1a: Calyrex|spa|1
|
|upkeep
|
|t:|1664942822
|switch|p2a: Mimikyu|Mimikyu, M, shiny|88/100
|turn|10
|
|t:|1664942842
|move|p2a: Mimikyu|Shadow Sneak|p1a: Calyrex
|-supereffective|p1a: Calyrex
|-end|p1a: Calyrex|Substitute
|-damage|p2a: Mimikyu|78/100|[from] item: Life Orb
|move|p1a: Calyrex|Draining Kiss|p2a: Mimikyu
|-activate|p2a: Mimikyu|ability: Disguise
|-damage|p2a: Mimikyu|78/100
|detailschange|p2a: Mimikyu|Mimikyu-Busted, M, shiny
|-damage|p2a: Mimikyu|66/100|[from] pokemon: Mimikyu-Busted
|
|upkeep
|turn|11
|
|t:|1664942848
|switch|p1a: Arceus|Arceus|100/100
|move|p2a: Mimikyu|Shadow Sneak|p1a: Arceus
|-immune|p1a: Arceus
|
|upkeep
|turn|12
|
|t:|1664942872
|switch|p2a: Necrozma|Necrozma-Dusk-Mane, shiny|100/100
|move|p1a: Arceus|Shadow Claw|p2a: Necrozma
|-supereffective|p2a: Necrozma
|-damage|p2a: Necrozma|70/100
|
|upkeep
|turn|13
|
|t:|1664942880
|move|p1a: Arceus|Swords Dance|p1a: Arceus
|-boost|p1a: Arceus|atk|2
|move|p2a: Necrozma|Dragon Dance|p2a: Necrozma
|-boost|p2a: Necrozma|atk|1
|-boost|p2a: Necrozma|spe|1
|
|upkeep
|turn|14
|
|t:|1664942895
|-start|p1a: Arceus|Dynamax|
|-heal|p1a: Arceus|100/100|[silent]
|move|p2a: Necrozma|Photon Geyser|p1a: Arceus
|-damage|p1a: Arceus|69/100
|move|p1a: Arceus|Max Phantasm|p2a: Necrozma
|-supereffective|p2a: Necrozma
|-damage|p2a: Necrozma|0 fnt
|faint|p2a: Necrozma
|
|upkeep
|
|t:|1664942899
|switch|p2a: Smeargle|Smeargle, F, shiny|18/100
|turn|15
|
|t:|1664942905
|switch|p2a: Mimikyu|Mimikyu-Busted, M, shiny|66/100
|move|p1a: Arceus|Max Strike|p2a: Mimikyu
|-immune|p2a: Mimikyu
|
|upkeep
|turn|16
|
|t:|1664942911
|switch|p2a: Smeargle|Smeargle, F, shiny|18/100
|move|p1a: Arceus|Max Phantasm|p2a: Smeargle
|-immune|p2a: Smeargle
|
|-ability|p2a: Smeargle|Moody|boost
|-boost|p2a: Smeargle|spd|2
|-unboost|p2a: Smeargle|spa|1
|upkeep
|-end|p1a: Arceus|Dynamax
|-heal|p1a: Arceus|69/100|[silent]
|turn|17
|
|t:|1664942914
|move|p1a: Arceus|Extreme Speed|p2a: Smeargle
|-damage|p2a: Smeargle|0 fnt
|faint|p2a: Smeargle
|
|upkeep
|
|t:|1664942916
|switch|p2a: Zygarde|Zygarde|100/100
|turn|18
|
|t:|1664942919
|move|p1a: Arceus|Swords Dance|p1a: Arceus
|-boost|p1a: Arceus|atk|2
|move|p2a: Zygarde|Dragon Dance|p2a: Zygarde
|-boost|p2a: Zygarde|atk|1
|-boost|p2a: Zygarde|spe|1
|
|upkeep
|turn|19
|
|t:|1664942926
|-start|p2a: Zygarde|Dynamax|
|-heal|p2a: Zygarde|100/100|[silent]
|move|p2a: Zygarde|Max Wyrmwind|p1a: Arceus
|-damage|p1a: Arceus|0 fnt
|faint|p1a: Arceus
|-damage|p2a: Zygarde|96/100|[from] item: Life Orb
|
|upkeep
|
|t:|1664942930
|switch|p1a: Arceus|Arceus-Fairy|100/100
|turn|20
|
|t:|1664942933
|move|p2a: Zygarde|Max Quake|p1a: Arceus
|-damage|p1a: Arceus|23/100
|-boost|p2a: Zygarde|spd|1
|-damage|p2a: Zygarde|91/100|[from] item: Life Orb
|move|p1a: Arceus|Perish Song|p1a: Arceus
|-start|p1a: Arceus|perish3|[silent]
|-start|p2a: Zygarde|perish3|[silent]
|-fieldactivate|move: Perish Song
|
|-start|p2a: Zygarde|perish3
|-start|p1a: Arceus|perish3
|upkeep
|turn|21
|
|t:|1664942939
|move|p2a: Zygarde|Max Quake|p1a: Arceus
|-damage|p1a: Arceus|0 fnt
|-boost|p2a: Zygarde|spd|1
|faint|p1a: Arceus
|-damage|p2a: Zygarde|86/100|[from] item: Life Orb
|
|-start|p2a: Zygarde|perish2
|upkeep
|
|t:|1664942941
|switch|p1a: the goat|Zygarde, shiny|100/100
|-end|p2a: Zygarde|Dynamax
|-heal|p2a: Zygarde|86/100|[silent]
|turn|22
|
|t:|1664942949
|move|p2a: Zygarde|Outrage|p1a: the goat
|-supereffective|p1a: the goat
|-crit|p1a: the goat
|-damage|p1a: the goat|0 fnt
|faint|p1a: the goat
|-damage|p2a: Zygarde|76/100|[from] item: Life Orb
|
|-start|p2a: Zygarde|perish1
|upkeep
|
|t:|1664942964
|switch|p1a: Calyrex|Calyrex-Shadow|100/100
|-ability|p1a: Calyrex|As One
|-ability|p1a: Calyrex|Unnerve
|turn|23
|
|t:|1664942968
|move|p1a: Calyrex|Substitute|p1a: Calyrex
|-start|p1a: Calyrex|Substitute
|-damage|p1a: Calyrex|76/100
|move|p2a: Zygarde|Outrage|p1a: Calyrex|[from]lockedmove
|-end|p1a: Calyrex|Substitute
|-damage|p2a: Zygarde|66/100|[from] item: Life Orb
|
|-heal|p1a: Calyrex|82/100|[from] item: Leftovers
|-start|p2a: Zygarde|perish0
|faint|p2a: Zygarde
|upkeep
|
|t:|1664942971
|switch|p2a: Mimikyu|Mimikyu-Busted, M, shiny|66/100
|turn|24
|
|t:|1664942973
|move|p2a: Mimikyu|Shadow Sneak|p1a: Calyrex
|-supereffective|p1a: Calyrex
|-damage|p1a: Calyrex|0 fnt
|faint|p1a: Calyrex
|-damage|p2a: Mimikyu|56/100|[from] item: Life Orb
|
|upkeep
|
|t:|1664942975
|switch|p1a: Pyra|Groudon|100/100
|detailschange|p1a: Pyra|Groudon-Primal
|-primal|p1a: Pyra
|-weather|DesolateLand|[from] ability: Desolate Land|[of] p1a: Pyra
|turn|25
|inactive|Mimikium ZZ has 120 seconds left.
|c|☆BasakBooster1|gg depends if i miss a bunch of pblades in a row lol
|
|t:|1664943012
|move|p2a: Mimikyu|Phantom Force||[still]
|-prepare|p2a: Mimikyu|Phantom Force
|move|p1a: Pyra|Precipice Blades|p2a: Mimikyu|[miss]
|-miss|p1a: Pyra|p2a: Mimikyu
|
|-weather|DesolateLand|[upkeep]
|upkeep
|turn|26
|
|t:|1664943018
|move|p2a: Mimikyu|Phantom Force|p1a: Pyra|[from]lockedmove
|-damage|p1a: Pyra|76/100
|-damage|p2a: Mimikyu|46/100|[from] item: Life Orb
|move|p1a: Pyra|Precipice Blades|p2a: Mimikyu
|-damage|p2a: Mimikyu|0 fnt
|faint|p2a: Mimikyu
|
|win|BasakBooster1
|raw|BasakBooster1's rating: 1694 &rarr; <strong>1726</strong><br />(+32 for winning)
|raw|Mimikium ZZ's rating: 1925 &rarr; <strong>1893</strong><br />(-32 for losing)
|l|☆Mimikium ZZ
||Ladder isn't responding, score probably updated but might not have (Request timeout).
