|j|☆3oijrtjioffgf
|j|☆orange overhaul
|t:|1655914372
|gametype|singles
|player|p1|3oijrtjioffgf|170|1466
|player|p2|orange overhaul|interviewers|1527
|teamsize|p1|6
|teamsize|p2|6
|gen|8
|tier|[Gen 8] National Dex AG
|rated|
|rule|HP Percentage Mod: HP is shown in percentages
|rule|Endless Battle Clause: Forcing endless battles is banned
|clearpoke
|poke|p1|Mew|
|poke|p1|Volbeat, M|
|poke|p1|Malamar, M|
|poke|p1|Calyrex-Shadow|
|poke|p1|Necrozma-Dusk-Mane|
|poke|p1|Murkrow, F|
|poke|p2|Kartana|
|poke|p2|Arceus-*|
|poke|p2|Groudon|
|poke|p2|Zacian-*|
|poke|p2|Eternatus|
|poke|p2|Rayquaza|
|teampreview
|inactive|Battle timer is ON: inactive players will automatically lose when time's up. (requested by orange overhaul)
|
|t:|1655914384
|start
|switch|p1a: Mew|Mew|100/100
|switch|p2a: Arceus|Arceus-Ground|100/100
|turn|1
|inactive|orange overhaul has 120 seconds left.
|
|t:|1655914419
|move|p1a: Mew|Stealth Rock|p2a: Arceus
|-sidestart|p2: orange overhaul|move: Stealth Rock
|move|p2a: Arceus|Ice Beam|p1a: Mew
|-damage|p1a: Mew|79/100
|
|upkeep
|turn|2
|
|t:|1655914423
|move|p1a: Mew|Taunt|p2a: Arceus
|-start|p2a: Arceus|move: Taunt
|move|p2a: Arceus|Judgment|p1a: Mew
|-crit|p1a: Mew
|-damage|p1a: Mew|19/100
|
|upkeep
|turn|3
|
|t:|1655914428
|switch|p1a: Murkrow|Murkrow, F|100/100
|move|p2a: Arceus|Judgment|p1a: Murkrow
|-immune|p1a: Murkrow
|
|upkeep
|turn|4
|
|t:|1655914431
|move|p1a: Murkrow|Mean Look|p2a: Arceus
|-activate|p2a: Arceus|trapped
|move|p2a: Arceus|Ice Beam|p1a: Murkrow
|-supereffective|p1a: Murkrow
|-damage|p1a: Murkrow|39/100
|
|-end|p2a: Arceus|move: Taunt
|upkeep
|turn|5
|
|t:|1655914435
|move|p1a: Murkrow|Perish Song|p1a: Murkrow
|-start|p1a: Murkrow|perish3|[silent]
|-start|p2a: Arceus|perish3|[silent]
|-fieldactivate|move: Perish Song
|move|p2a: Arceus|Ice Beam|p1a: Murkrow
|-supereffective|p1a: Murkrow
|-damage|p1a: Murkrow|0 fnt
|faint|p1a: Murkrow
|
|-start|p2a: Arceus|perish3
|upkeep
|
|t:|1655914439
|switch|p1a: Volbeat|Volbeat, M|100/100
|turn|6
|
|t:|1655914446
|move|p1a: Volbeat|Substitute|p1a: Volbeat
|-start|p1a: Volbeat|Substitute
|-damage|p1a: Volbeat|76/100
|move|p2a: Arceus|Judgment|p1a: Volbeat
|-resisted|p1a: Volbeat
|-end|p1a: Volbeat|Substitute
|
|-heal|p1a: Volbeat|82/100|[from] item: Leftovers
|-start|p2a: Arceus|perish2
|upkeep
|turn|7
|
|t:|1655914450
|move|p1a: Volbeat|Tail Glow|p1a: Volbeat
|-boost|p1a: Volbeat|spa|3
|move|p2a: Arceus|Judgment|p1a: Volbeat
|-resisted|p1a: Volbeat
|-damage|p1a: Volbeat|52/100
|
|-heal|p1a: Volbeat|58/100|[from] item: Leftovers
|-start|p2a: Arceus|perish1
|upkeep
|turn|8
|
|t:|1655914458
|switch|p2a: Groudon|Groudon|100/100
|-damage|p2a: Groudon|94/100|[from] Stealth Rock
|detailschange|p2a: Groudon|Groudon-Primal
|-primal|p2a: Groudon
|-weather|DesolateLand|[from] ability: Desolate Land|[of] p2a: Groudon
|move|p1a: Volbeat|Substitute|p1a: Volbeat
|-start|p1a: Volbeat|Substitute
|-damage|p1a: Volbeat|33/100
|
|-weather|DesolateLand|[upkeep]
|-heal|p1a: Volbeat|39/100|[from] item: Leftovers
|upkeep
|turn|9
|
|t:|1655914465
|move|p1a: Volbeat|Baton Pass|p1a: Volbeat
|
|t:|1655914466
|switch|p1a: Calyrex|Calyrex-Shadow|100/100|[from]move: Baton Pass
|-ability|p1a: Calyrex|As One
|-ability|p1a: Calyrex|Unnerve
|move|p2a: Groudon|Stealth Rock|p1a: Calyrex
|-sidestart|p1: 3oijrtjioffgf|move: Stealth Rock
|
|-weather|DesolateLand|[upkeep]
|upkeep
|turn|10
|
|t:|1655914469
|move|p1a: Calyrex|Astral Barrage|p2a: Groudon
|-damage|p2a: Groudon|0 fnt
|faint|p2a: Groudon
|-weather|none
|-ability|p1a: Calyrex|Grim Neigh|boost
|-boost|p1a: Calyrex|spa|1
|-damage|p1a: Calyrex|91/100|[from] item: Life Orb
|
|upkeep
|
|t:|1655914473
|switch|p2a: Kartana|Kartana|100/100
|-damage|p2a: Kartana|94/100|[from] Stealth Rock
|turn|11
|
|t:|1655914475
|move|p2a: Kartana|Knock Off|p1a: Calyrex
|-supereffective|p1a: Calyrex
|-end|p1a: Calyrex|Substitute
|move|p1a: Calyrex|Astral Barrage|p2a: Kartana
|-damage|p2a: Kartana|0 fnt
|faint|p2a: Kartana
|-ability|p1a: Calyrex|Grim Neigh|boost
|-boost|p1a: Calyrex|spa|1
|-damage|p1a: Calyrex|81/100|[from] item: Life Orb
|
|upkeep
|c|☆3oijrtjioffgf|were rocks really the play
|
|t:|1655914490
|switch|p2a: Zacian|Zacian-Crowned|100/100
|-damage|p2a: Zacian|94/100|[from] Stealth Rock
|-ability|p2a: Zacian|Intrepid Sword|boost
|-boost|p2a: Zacian|atk|1
|turn|12
|
|t:|1655914493
|move|p1a: Calyrex|Astral Barrage|p2a: Zacian
|-damage|p2a: Zacian|0 fnt
|faint|p2a: Zacian
|-ability|p1a: Calyrex|Grim Neigh|boost
|-boost|p1a: Calyrex|spa|1
|-damage|p1a: Calyrex|71/100|[from] item: Life Orb
|
|upkeep
|
|t:|1655914498
|switch|p2a: Eternatus|Eternatus|100/100
|-damage|p2a: Eternatus|88/100|[from] Stealth Rock
|-ability|p2a: Eternatus|Pressure
|turn|13
|
|t:|1655914500
|move|p1a: Calyrex|Psyshock|p2a: Eternatus
|-supereffective|p2a: Eternatus
|-damage|p2a: Eternatus|0 fnt
|faint|p2a: Eternatus
|-damage|p1a: Calyrex|61/100|[from] item: Life Orb
|
|upkeep
|
|t:|1655914502
|switch|p2a: Arceus|Arceus-Ground|100/100
|-damage|p2a: Arceus|94/100|[from] Stealth Rock
|turn|14
|
|t:|1655914504
|-start|p2a: Arceus|Dynamax|
|-heal|p2a: Arceus|94/100|[silent]
|move|p1a: Calyrex|Giga Drain|p2a: Arceus
|-supereffective|p2a: Arceus
|-crit|p2a: Arceus
|-damage|p2a: Arceus|0 fnt
|-heal|p1a: Calyrex|100/100|[from] drain|[of] p2a: Arceus
|faint|p2a: Arceus
|-damage|p1a: Calyrex|91/100|[from] item: Life Orb
|
|upkeep
|
|t:|1655914506
|switch|p2a: Rayquaza|Rayquaza|100/100
|-damage|p2a: Rayquaza|76/100|[from] Stealth Rock
|-ability|p2a: Rayquaza|Air Lock
|turn|15
|
|t:|1655914508
|detailschange|p2a: Rayquaza|Rayquaza-Mega
|-mega|p2a: Rayquaza|Rayquaza|
|-weather|DeltaStream|[from] ability: Delta Stream|[of] p2a: Rayquaza
|-start|p1a: Calyrex|Dynamax|
|-heal|p1a: Calyrex|91/100|[silent]
|move|p1a: Calyrex|Max Mindstorm|p2a: Rayquaza
|-damage|p2a: Rayquaza|0 fnt
|-fieldstart|move: Psychic Terrain
|faint|p2a: Rayquaza
|-weather|none
|-damage|p1a: Calyrex|86/100|[from] item: Life Orb
|
|win|3oijrtjioffgf
|raw|3oijrtjioffgf's rating: 1466 &rarr; <strong>1489</strong><br />(+23 for winning)
|raw|orange overhaul's rating: 1527 &rarr; <strong>1504</strong><br />(-23 for losing)
|c|☆3oijrtjioffgf|gg
|c|☆orange overhaul|gg
|l|☆orange overhaul
||Ladder isn't responding, score probably updated but might not have (Request timeout).
