|j|☆DarkboiJ
|j|☆iHaveAsthma
|t:|1665404166
|gametype|singles
|player|p1|DarkboiJ|blue-gen3two|1834
|player|p2|iHaveAsthma|doctor|1914
|teamsize|p1|6
|teamsize|p2|6
|gen|8
|tier|[Gen 8] National Dex AG
|rated|
|rule|HP Percentage Mod: HP is shown in percentages
|rule|Endless Battle Clause: Forcing endless battles is banned
|clearpoke
|poke|p1|Necrozma-Dusk-Mane|
|poke|p1|Arceus-*|
|poke|p1|Rayquaza|
|poke|p1|Ditto|
|poke|p1|Ho-Oh|
|poke|p1|Groudon|
|poke|p2|Rayquaza|
|poke|p2|Groudon|
|poke|p2|Arceus-*|
|poke|p2|Lugia|
|poke|p2|Arceus-*|
|poke|p2|Tyranitar, M|
|teampreview
|inactive|Battle timer is ON: inactive players will automatically lose when time's up. (requested by DarkboiJ)
|
|t:|1665404190
|start
|switch|p1a: 🌈|Ho-Oh|100/100
|switch|p2a: Groudon|Groudon|100/100
|detailschange|p2a: Groudon|Groudon-Primal
|-primal|p2a: Groudon
|-weather|DesolateLand|[from] ability: Desolate Land|[of] p2a: Groudon
|turn|1
|
|t:|1665404198
|switch|p1a: 💥|Groudon|100/100
|detailschange|p1a: 💥|Groudon-Primal
|-primal|p1a: 💥
|move|p2a: Groudon|Toxic|p1a: 💥
|-status|p1a: 💥|tox
|
|-weather|DesolateLand|[upkeep]
|-damage|p1a: 💥|94/100 tox|[from] psn
|upkeep
|turn|2
|
|t:|1665404210
|move|p1a: 💥|Stealth Rock|p2a: Groudon
|-sidestart|p2: iHaveAsthma|move: Stealth Rock
|move|p2a: Groudon|Earth Power|p1a: 💥
|-supereffective|p1a: 💥
|-damage|p1a: 💥|0 fnt
|faint|p1a: 💥
|
|-weather|DesolateLand|[upkeep]
|upkeep
|
|t:|1665404217
|switch|p1a: 🐉|Rayquaza|100/100
|-ability|p1a: 🐉|Air Lock
|turn|3
|
|t:|1665404227
|-weather|none
|switch|p2a: Lugia|Lugia|100/100
|detailschange|p1a: 🐉|Rayquaza-Mega
|-mega|p1a: 🐉|Rayquaza|
|-weather|DeltaStream|[from] ability: Delta Stream|[of] p1a: 🐉
|move|p1a: 🐉|Dragon Dance|p1a: 🐉
|-boost|p1a: 🐉|atk|1
|-boost|p1a: 🐉|spe|1
|
|-weather|DeltaStream|[upkeep]
|upkeep
|turn|4
|
|t:|1665404236
|move|p1a: 🐉|Dragon Ascent|p2a: Lugia
|-damage|p2a: Lugia|67/100
|-unboost|p1a: 🐉|def|1
|-unboost|p1a: 🐉|spd|1
|move|p2a: Lugia|Thunder Wave|p1a: 🐉
|-status|p1a: 🐉|par
|
|-weather|DeltaStream|[upkeep]
|upkeep
|turn|5
|
|t:|1665404241
|move|p2a: Lugia|Defog|p1a: 🐉
|-unboost|p1a: 🐉|evasion|1
|-sideend|p2: iHaveAsthma|Stealth Rock|[from] move: Defog|[of] p2a: Lugia
|cant|p1a: 🐉|par
|
|-weather|DeltaStream|[upkeep]
|upkeep
|turn|6
|
|t:|1665404244
|move|p2a: Lugia|Roost|p2a: Lugia
|-heal|p2a: Lugia|100/100
|-singleturn|p2a: Lugia|move: Roost
|move|p1a: 🐉|Dragon Ascent|p2a: Lugia
|-damage|p2a: Lugia|67/100
|-unboost|p1a: 🐉|def|1
|-unboost|p1a: 🐉|spd|1
|
|-weather|DeltaStream|[upkeep]
|upkeep
|turn|7
|
|t:|1665404247
|move|p2a: Lugia|Roost|p2a: Lugia
|-heal|p2a: Lugia|100/100
|-singleturn|p2a: Lugia|move: Roost
|move|p1a: 🐉|Dragon Dance|p1a: 🐉
|-boost|p1a: 🐉|atk|1
|-boost|p1a: 🐉|spe|1
|
|-weather|DeltaStream|[upkeep]
|upkeep
|turn|8
|
|t:|1665404249
|move|p1a: 🐉|Dragon Ascent|p2a: Lugia
|-damage|p2a: Lugia|54/100
|-unboost|p1a: 🐉|def|1
|-unboost|p1a: 🐉|spd|1
|move|p2a: Lugia|Roar|p1a: 🐉
|-weather|none
|drag|p1a: 🌈|Ho-Oh|100/100
|
|upkeep
|turn|9
|
|t:|1665404259
|switch|p2a: Tyranitar|Tyranitar, M|100/100
|-weather|Sandstorm|[from] ability: Sand Stream|[of] p2a: Tyranitar
|move|p1a: 🌈|Toxic|p2a: Tyranitar
|-status|p2a: Tyranitar|tox
|
|-weather|Sandstorm|[upkeep]
|-damage|p1a: 🌈|94/100|[from] Sandstorm
|-damage|p2a: Tyranitar|94/100 tox|[from] psn
|upkeep
|turn|10
|
|t:|1665404264
|switch|p1a: 🦁|Necrozma-Dusk-Mane|100/100
|move|p2a: Tyranitar|Rock Tomb|p1a: 🦁
|-resisted|p1a: 🦁
|-damage|p1a: 🦁|91/100
|-unboost|p1a: 🦁|spe|1
|
|-weather|Sandstorm|[upkeep]
|-heal|p2a: Tyranitar|100/100 tox|[from] item: Leftovers
|-damage|p2a: Tyranitar|88/100 tox|[from] psn
|upkeep
|turn|11
|
|t:|1665404274
|switch|p2a: Groudon|Groudon-Primal|100/100
|-weather|DesolateLand|[from] ability: Desolate Land|[of] p2a: Groudon
|move|p1a: 🦁|Sunsteel Strike|p2a: Groudon
|-resisted|p2a: Groudon
|-damage|p2a: Groudon|85/100
|
|-weather|DesolateLand|[upkeep]
|upkeep
|turn|12
|
|t:|1665404280
|switch|p1a: 🐉|Rayquaza-Mega|100/100 par
|-weather|DeltaStream|[from] ability: Delta Stream|[of] p1a: 🐉
|move|p2a: Groudon|Stealth Rock|p1a: 🐉
|-sidestart|p1: DarkboiJ|move: Stealth Rock
|
|-weather|DeltaStream|[upkeep]
|upkeep
|turn|13
|
|t:|1665404287
|switch|p2a: Lugia|Lugia|54/100
|move|p1a: 🐉|Dragon Ascent|p2a: Lugia
|-damage|p2a: Lugia|6/100
|-unboost|p1a: 🐉|def|1
|-unboost|p1a: 🐉|spd|1
|
|-weather|DeltaStream|[upkeep]
|upkeep
|turn|14
|
|t:|1665404290
|move|p1a: 🐉|Extreme Speed|p2a: Lugia
|-damage|p2a: Lugia|0 fnt
|faint|p2a: Lugia
|
|-weather|DeltaStream|[upkeep]
|upkeep
|
|t:|1665404291
|switch|p2a: Rayquaza|Rayquaza|100/100
|-ability|p2a: Rayquaza|Air Lock
|turn|15
|
|t:|1665404294
|detailschange|p2a: Rayquaza|Rayquaza-Mega
|-mega|p2a: Rayquaza|Rayquaza|
|move|p2a: Rayquaza|Scale Shot|p1a: 🐉|[miss]
|-miss|p2a: Rayquaza|p1a: 🐉
|move|p1a: 🐉|Dragon Ascent|p2a: Rayquaza
|-damage|p2a: Rayquaza|20/100
|-unboost|p1a: 🐉|def|1
|-unboost|p1a: 🐉|spd|1
|
|-weather|DeltaStream|[upkeep]
|upkeep
|turn|16
|
|t:|1665404297
|move|p2a: Rayquaza|Extreme Speed|p1a: 🐉
|-crit|p1a: 🐉
|-enditem|p1a: 🐉|Focus Sash
|-damage|p1a: 🐉|1/100 par
|move|p1a: 🐉|Extreme Speed|p2a: Rayquaza
|-crit|p2a: Rayquaza
|-damage|p2a: Rayquaza|0 fnt
|faint|p2a: Rayquaza
|
|-weather|DeltaStream|[upkeep]
|upkeep
|
|t:|1665404304
|switch|p2a: Arceus|Arceus-Flying|100/100
|turn|17
|
|t:|1665404307
|move|p2a: Arceus|Swords Dance|p2a: Arceus
|-boost|p2a: Arceus|atk|2
|move|p1a: 🐉|Dragon Ascent|p2a: Arceus
|-damage|p2a: Arceus|40/100
|-unboost|p1a: 🐉|def|1
|-unboost|p1a: 🐉|spd|1
|
|-weather|DeltaStream|[upkeep]
|upkeep
|turn|18
|
|t:|1665404311
|move|p1a: 🐉|Extreme Speed|p2a: Arceus
|-damage|p2a: Arceus|12/100
|move|p2a: Arceus|Recover|p2a: Arceus
|-heal|p2a: Arceus|62/100
|
|-weather|DeltaStream|[upkeep]
|upkeep
|turn|19
|
|t:|1665404314
|move|p2a: Arceus|Fly||[still]
|-prepare|p2a: Arceus|Fly
|move|p1a: 🐉|Dragon Ascent|p2a: Arceus|[miss]
|-miss|p1a: 🐉|p2a: Arceus
|
|-weather|DeltaStream|[upkeep]
|upkeep
|turn|20
|
|t:|1665404317
|move|p2a: Arceus|Fly|p1a: 🐉|[from]lockedmove
|-damage|p1a: 🐉|0 fnt
|faint|p1a: 🐉
|-weather|none
|
|upkeep
|
|t:|1665404320
|switch|p1a: Kriti Sanon💋|Ditto|100/100
|-damage|p1a: Kriti Sanon💋|88/100|[from] Stealth Rock
|-transform|p1a: Kriti Sanon💋|p2a: Arceus|[from] ability: Imposter
|turn|21
|
|t:|1665404325
|-start|p1a: Kriti Sanon💋|Dynamax|
|-heal|p1a: Kriti Sanon💋|88/100|[silent]
|-start|p2a: Arceus|Dynamax|
|-heal|p2a: Arceus|62/100|[silent]
|move|p1a: Kriti Sanon💋|Max Airstream|p2a: Arceus
|-damage|p2a: Arceus|14/100
|-boost|p1a: Kriti Sanon💋|spe|1
|move|p2a: Arceus|Max Airstream|p1a: Kriti Sanon💋
|-damage|p1a: Kriti Sanon💋|0 fnt
|-boost|p2a: Arceus|spe|1
|faint|p1a: Kriti Sanon💋
|
|upkeep
|
|t:|1665404330
|switch|p1a: 👑|Arceus|100/100
|-damage|p1a: 👑|88/100|[from] Stealth Rock
|turn|22
|
|t:|1665404335
|move|p1a: 👑|Extreme Speed|p2a: Arceus
|-damage|p2a: Arceus|0 fnt
|faint|p2a: Arceus
|
|upkeep
|
|t:|1665404336
|switch|p2a: Groudon|Groudon-Primal|85/100
|-weather|DesolateLand|[from] ability: Desolate Land|[of] p2a: Groudon
|turn|23
|
|t:|1665404341
|switch|p1a: 🌈|Ho-Oh|100/100
|move|p2a: Groudon|Eruption|p1a: 🌈
|-resisted|p1a: 🌈
|-damage|p1a: 🌈|77/100
|
|-weather|DesolateLand|[upkeep]
|upkeep
|turn|24
|
|t:|1665404344
|move|p2a: Groudon|Toxic|p1a: 🌈
|-status|p1a: 🌈|tox
|move|p1a: 🌈|Toxic|p2a: Groudon
|-status|p2a: Groudon|tox
|
|-weather|DesolateLand|[upkeep]
|-damage|p2a: Groudon|79/100 tox|[from] psn
|-damage|p1a: 🌈|71/100 tox|[from] psn
|upkeep
|turn|25
|
|t:|1665404352
|-weather|none
|switch|p2a: Tyranitar|Tyranitar, M|88/100 tox
|-weather|Sandstorm|[from] ability: Sand Stream|[of] p2a: Tyranitar
|move|p1a: 🌈|Defog|p2a: Tyranitar
|-unboost|p2a: Tyranitar|evasion|1
|-sideend|p1: DarkboiJ|Stealth Rock|[from] move: Defog|[of] p1a: 🌈
|
|-weather|Sandstorm|[upkeep]
|-damage|p1a: 🌈|65/100 tox|[from] Sandstorm
|-heal|p2a: Tyranitar|94/100 tox|[from] item: Leftovers
|-damage|p1a: 🌈|53/100 tox|[from] psn
|-damage|p2a: Tyranitar|88/100 tox|[from] psn
|upkeep
|turn|26
|
|t:|1665404356
|switch|p1a: 🦁|Necrozma-Dusk-Mane|91/100
|move|p2a: Tyranitar|Rock Tomb|p1a: 🦁
|-resisted|p1a: 🦁
|-damage|p1a: 🦁|80/100
|-unboost|p1a: 🦁|spe|1
|
|-weather|Sandstorm|[upkeep]
|-heal|p2a: Tyranitar|94/100 tox|[from] item: Leftovers
|-damage|p2a: Tyranitar|82/100 tox|[from] psn
|upkeep
|turn|27
|
|t:|1665404360
|switch|p2a: Groudon|Groudon-Primal|79/100 tox
|-weather|DesolateLand|[from] ability: Desolate Land|[of] p2a: Groudon
|move|p1a: 🦁|Earth Power|p2a: Groudon
|-supereffective|p2a: Groudon
|-damage|p2a: Groudon|25/100 tox
|
|-weather|DesolateLand|[upkeep]
|-damage|p2a: Groudon|19/100 tox|[from] psn
|upkeep
|turn|28
|
|t:|1665404363
|switch|p1a: 🌈|Ho-Oh|86/100 tox
|move|p2a: Groudon|Stealth Rock|p1a: 🌈
|-sidestart|p1: DarkboiJ|move: Stealth Rock
|
|-weather|DesolateLand|[upkeep]
|-damage|p2a: Groudon|7/100 tox|[from] psn
|-damage|p1a: 🌈|80/100 tox|[from] psn
|upkeep
|turn|29
|
|t:|1665404368
|move|p2a: Groudon|Stealth Rock||[still]
|-fail|p2a: Groudon
|move|p1a: 🌈|Defog|p2a: Groudon
|-unboost|p2a: Groudon|evasion|1
|-sideend|p1: DarkboiJ|Stealth Rock|[from] move: Defog|[of] p1a: 🌈
|
|-weather|DesolateLand|[upkeep]
|-damage|p2a: Groudon|0 fnt|[from] psn
|faint|p2a: Groudon
|-weather|none
|-damage|p1a: 🌈|68/100 tox|[from] psn
|upkeep
|
|t:|1665404371
|switch|p2a: Tyranitar|Tyranitar, M|82/100 tox
|-weather|Sandstorm|[from] ability: Sand Stream|[of] p2a: Tyranitar
|turn|30
|
|t:|1665404375
|switch|p1a: 🦁|Necrozma-Dusk-Mane|80/100
|move|p2a: Tyranitar|Earthquake|p1a: 🦁
|-supereffective|p1a: 🦁
|-damage|p1a: 🦁|43/100
|-enditem|p1a: 🦁|Weakness Policy
|-boost|p1a: 🦁|atk|2|[from] item: Weakness Policy
|-boost|p1a: 🦁|spa|2|[from] item: Weakness Policy
|
|-weather|Sandstorm|[upkeep]
|-heal|p2a: Tyranitar|88/100 tox|[from] item: Leftovers
|-damage|p2a: Tyranitar|82/100 tox|[from] psn
|upkeep
|turn|31
|
|t:|1665404381
|switch|p2a: Arceus|Arceus-Ground|100/100
|move|p1a: 🦁|Sunsteel Strike|p2a: Arceus
|-damage|p2a: Arceus|46/100
|
|-weather|Sandstorm|[upkeep]
|upkeep
|turn|32
|
|t:|1665404391
|switch|p1a: 🌈|Ho-Oh|100/100 tox
|move|p2a: Arceus|Judgment|p1a: 🌈
|-immune|p1a: 🌈
|
|-weather|Sandstorm|[upkeep]
|-damage|p1a: 🌈|94/100 tox|[from] Sandstorm
|-damage|p1a: 🌈|88/100 tox|[from] psn
|upkeep
|turn|33
|
|t:|1665404394
|switch|p2a: Tyranitar|Tyranitar, M|82/100 tox
|move|p1a: 🌈|Sacred Fire|p2a: Tyranitar
|-resisted|p2a: Tyranitar
|-damage|p2a: Tyranitar|67/100 tox
|
|-weather|Sandstorm|[upkeep]
|-damage|p1a: 🌈|82/100 tox|[from] Sandstorm
|-heal|p2a: Tyranitar|73/100 tox|[from] item: Leftovers
|-damage|p1a: 🌈|70/100 tox|[from] psn
|-damage|p2a: Tyranitar|67/100 tox|[from] psn
|upkeep
|turn|34
|
|t:|1665404399
|switch|p1a: 👑|Arceus|88/100
|move|p2a: Tyranitar|Rock Tomb|p1a: 👑
|-damage|p1a: 👑|70/100
|-unboost|p1a: 👑|spe|1
|
|-weather|none
|-heal|p2a: Tyranitar|73/100 tox|[from] item: Leftovers
|-damage|p2a: Tyranitar|61/100 tox|[from] psn
|upkeep
|turn|35
|
|t:|1665404403
|move|p1a: 👑|Recover|p1a: 👑
|-heal|p1a: 👑|100/100
|move|p2a: Tyranitar|Rest|p2a: Tyranitar
|-status|p2a: Tyranitar|slp|[from] move: Rest
|-heal|p2a: Tyranitar|100/100 slp|[silent]
|
|upkeep
|turn|36
|
|t:|1665404407
|switch|p2a: Arceus|Arceus-Ground|46/100
|move|p1a: 👑|Swords Dance|p1a: 👑
|-boost|p1a: 👑|atk|2
|
|upkeep
|turn|37
|
|t:|1665404410
|move|p1a: 👑|Extreme Speed|p2a: Arceus
|-damage|p2a: Arceus|3/100
|move|p2a: Arceus|Recover|p2a: Arceus
|-heal|p2a: Arceus|53/100
|
|upkeep
|turn|38
|
|t:|1665404413
|move|p2a: Arceus|Recover|p2a: Arceus
|-heal|p2a: Arceus|100/100
|move|p1a: 👑|Swords Dance|p1a: 👑
|-boost|p1a: 👑|atk|2
|
|upkeep
|turn|39
|
|t:|1665404416
|move|p1a: 👑|Extreme Speed|p2a: Arceus
|-damage|p2a: Arceus|35/100
|move|p2a: Arceus|Recover|p2a: Arceus
|-heal|p2a: Arceus|85/100
|
|upkeep
|turn|40
|
|t:|1665404420
|move|p2a: Arceus|Recover|p2a: Arceus
|-heal|p2a: Arceus|100/100
|move|p1a: 👑|Swords Dance|p1a: 👑
|-boost|p1a: 👑|atk|2
|
|upkeep
|turn|41
|
|t:|1665404425
|switch|p2a: Tyranitar|Tyranitar, M|100/100 slp
|-weather|Sandstorm|[from] ability: Sand Stream|[of] p2a: Tyranitar
|move|p1a: 👑|Shadow Claw|p2a: Tyranitar
|-resisted|p2a: Tyranitar
|-damage|p2a: Tyranitar|62/100 slp
|
|-weather|Sandstorm|[upkeep]
|-damage|p1a: 👑|94/100|[from] Sandstorm
|-heal|p2a: Tyranitar|69/100 slp|[from] item: Leftovers
|upkeep
|turn|42
|
|t:|1665404428
|move|p1a: 👑|Extreme Speed|p2a: Tyranitar
|-resisted|p2a: Tyranitar
|-damage|p2a: Tyranitar|8/100 slp
|cant|p2a: Tyranitar|slp
|
|-weather|Sandstorm|[upkeep]
|-damage|p1a: 👑|88/100|[from] Sandstorm
|-heal|p2a: Tyranitar|15/100 slp|[from] item: Leftovers
|upkeep
|turn|43
|
|t:|1665404435
|switch|p2a: Arceus|Arceus-Ground|100/100
|move|p1a: 👑|Shadow Claw|p2a: Arceus
|-damage|p2a: Arceus|50/100
|
|-weather|Sandstorm|[upkeep]
|-damage|p1a: 👑|82/100|[from] Sandstorm
|upkeep
|turn|44
|
|t:|1665404440
|switch|p2a: Tyranitar|Tyranitar, M|15/100 slp
|move|p1a: 👑|Extreme Speed|p2a: Tyranitar
|-resisted|p2a: Tyranitar
|-damage|p2a: Tyranitar|0 fnt
|faint|p2a: Tyranitar
|
|-weather|Sandstorm|[upkeep]
|-damage|p1a: 👑|76/100|[from] Sandstorm
|upkeep
|-message|iHaveAsthma forfeited.
|
|win|DarkboiJ
|raw|DarkboiJ's rating: 1834 &rarr; <strong>1859</strong><br />(+25 for winning)
|raw|iHaveAsthma's rating: 1914 &rarr; <strong>1889</strong><br />(-25 for losing)
|l|☆iHaveAsthma
