|j|☆Le'Happiness♥
|j|☆JAY100064
|t:|1620323848
|gametype|singles
|player|p1|Le'Happiness♥|scientist-gen4dp|1239
|player|p2|JAY100064|preschooler|1344
|teamsize|p1|6
|teamsize|p2|6
|gen|8
|tier|[Gen 8] National Dex AG
|rated|
|clearpoke
|poke|p1|Grimmsnarl, M|
|poke|p1|Kyogre|
|poke|p1|Blastoise, M|
|poke|p1|Xerneas|
|poke|p1|Ferrothorn, F|
|poke|p1|Yveltal|
|poke|p2|Aron, L1, F|
|poke|p2|Pineco, L1, M|
|poke|p2|Riolu, M|
|poke|p2|Skarmory, L1, M|
|poke|p2|Rattata-Alola, L1, M|
|poke|p2|Zacian-Crowned|
|rule|HP Percentage Mod: HP is shown in percentages
|rule|Endless Battle Clause: Forcing endless battles is banned
|teampreview
|inactive|Battle timer is ON: inactive players will automatically lose when time's up. (requested by Le'Happiness♥)
|
|t:|1620323876
|start
|switch|p1a: Grimmsnarl|Grimmsnarl, M|100/100
|switch|p2a: :FEAR2:|Pineco, L1, M|100/100
|turn|1
|
|t:|1620323888
|move|p1a: Grimmsnarl|Thunder Wave|p2a: :FEAR2:
|-status|p2a: :FEAR2:|par
|cant|p2a: :FEAR2:|par
|
|upkeep
|turn|2
|
|t:|1620323894
|move|p1a: Grimmsnarl|Reflect|p1a: Grimmsnarl
|-sidestart|p1: Le'Happiness♥|Reflect
|move|p2a: :FEAR2:|Toxic Spikes|p1a: Grimmsnarl
|-sidestart|p1: Le'Happiness♥|move: Toxic Spikes
|
|upkeep
|turn|3
|
|t:|1620323899
|switch|p1a: Yveltal|Yveltal|100/100
|-ability|p1a: Yveltal|Dark Aura
|move|p2a: :FEAR2:|Toxic Spikes|p1a: Yveltal
|-sidestart|p1: Le'Happiness♥|move: Toxic Spikes
|
|upkeep
|turn|4
|
|t:|1620323906
|move|p1a: Yveltal|Defog|p2a: :FEAR2:
|-unboost|p2a: :FEAR2:|evasion|1
|-sideend|p1: Le'Happiness♥|Toxic Spikes|[from] move: Defog|[of] p1a: Yveltal
|move|p2a: :FEAR2:|Toxic|p1a: Yveltal
|-status|p1a: Yveltal|tox
|
|-damage|p1a: Yveltal|94/100 tox|[from] psn
|upkeep
|turn|5
|
|t:|1620323916
|move|p1a: Yveltal|Taunt|p2a: :FEAR2:
|-start|p2a: :FEAR2:|move: Taunt
|cant|p2a: :FEAR2:|move: Taunt|Toxic Spikes
|
|-damage|p1a: Yveltal|82/100 tox|[from] psn
|upkeep
|turn|6
|
|t:|1620323926
|switch|p1a: Ferrothorn|Ferrothorn, F|100/100
|cant|p2a: :FEAR2:|par
|
|upkeep
|turn|7
|inactive|JAY100064 has 120 seconds left.
|
|t:|1620323959
|move|p1a: Ferrothorn|Spikes|p2a: :FEAR2:
|-sidestart|p2: JAY100064|Spikes
|cant|p2a: :FEAR2:|par
|
|-end|p2a: :FEAR2:|move: Taunt
|upkeep
|turn|8
|
|t:|1620323965
|move|p1a: Ferrothorn|Leech Seed|p2a: :FEAR2:
|-start|p2a: :FEAR2:|move: Leech Seed
|cant|p2a: :FEAR2:|par
|
|-damage|p2a: :FEAR2:|92/100 par|[from] Leech Seed|[of] p1a: Ferrothorn
|upkeep
|turn|9
|
|t:|1620323971
|move|p1a: Ferrothorn|Knock Off|p2a: :FEAR2:
|-damage|p2a: :FEAR2:|0 fnt
|-enditem|p2a: :FEAR2:|Berry Juice|[from] move: Knock Off|[of] p1a: Ferrothorn
|faint|p2a: :FEAR2:
|
|-sideend|p1: Le'Happiness♥|Reflect
|upkeep
|
|t:|1620323972
|switch|p2a: :FEAR4:|Skarmory, L1, M|100/100
|turn|10
|
|t:|1620323984
|switch|p1a: Grimmsnarl|Grimmsnarl, M|100/100
|move|p2a: :FEAR4:|Fly||[still]
|-prepare|p2a: :FEAR4:|Fly
|
|-damage|p2a: :FEAR4:|92/100|[from] item: Sticky Barb
|upkeep
|turn|11
|
|t:|1620323991
|move|p1a: Grimmsnarl|Reflect|p1a: Grimmsnarl
|-sidestart|p1: Le'Happiness♥|Reflect
|move|p2a: :FEAR4:|Fly|p1a: Grimmsnarl|[from]lockedmove
|-damage|p1a: Grimmsnarl|99/100
|
|-damage|p2a: :FEAR4:|84/100|[from] item: Sticky Barb
|upkeep
|turn|12
|
|t:|1620324006
|switch|p2a: Lol!|Zacian-Crowned|100/100
|-damage|p2a: Lol!|88/100|[from] Spikes
|-ability|p2a: Lol!|Intrepid Sword|boost
|-boost|p2a: Lol!|atk|1
|move|p1a: Grimmsnarl|Taunt|p2a: Lol!
|-start|p2a: Lol!|move: Taunt
|
|upkeep
|turn|13
|
|t:|1620324020
|move|p1a: Grimmsnarl|Thunder Wave|p2a: Lol!
|-status|p2a: Lol!|par
|move|p2a: Lol!|Behemoth Blade|p1a: Grimmsnarl
|-supereffective|p1a: Grimmsnarl
|-damage|p1a: Grimmsnarl|18/100
|
|upkeep
|turn|14
|
|t:|1620324038
|move|p1a: Grimmsnarl|Light Screen|p1a: Grimmsnarl
|-sidestart|p1: Le'Happiness♥|move: Light Screen
|move|p2a: Lol!|Behemoth Blade|p1a: Grimmsnarl
|-supereffective|p1a: Grimmsnarl
|-damage|p1a: Grimmsnarl|0 fnt
|faint|p1a: Grimmsnarl
|
|-end|p2a: Lol!|move: Taunt
|upkeep
|
|t:|1620324040
|switch|p1a: Kyogre|Kyogre|100/100
|-weather|RainDance|[from] ability: Drizzle|[of] p1a: Kyogre
|turn|15
|
|t:|1620324051
|move|p1a: Kyogre|Water Spout|p2a: Lol!
|-damage|p2a: Lol!|0 fnt
|faint|p2a: Lol!
|
|-weather|RainDance|[upkeep]
|upkeep
|-message|JAY100064 forfeited.
|
|win|Le'Happiness♥
|l|☆JAY100064
|raw|Le&apos;Happiness♥'s rating: 1263 &rarr; <strong>1292</strong><br />(+29 for winning)
|raw|JAY100064's rating: 1326 &rarr; <strong>1302</strong><br />(-24 for losing)
|l|☆Le'Happiness♥
|j|☆Le'Happiness♥
|player|p1|Le'Happiness♥|scientist-gen4dp
|inactive|Battle timer is ON: inactive players will automatically lose when time's up. (requested by Le'Happiness♥)
|l|☆Le'Happiness♥
|player|p1|
||Ladder isn't responding, score probably updated but might not have (Request timeout).
|j|☆Le'Happiness♥
|player|p1|Le'Happiness♥|scientist-gen4dp
