|j|☆pisador2
|j|☆ChunkyRat
|t:|1607001455
|player|p1|pisador2|102|1732
|player|p2|ChunkyRat|policeman|1775
|teamsize|p1|6
|teamsize|p2|6
|gametype|singles
|gen|8
|tier|[Gen 8] National Dex AG
|rated|
|clearpoke
|poke|p1|Groudon|
|poke|p1|Rayquaza|
|poke|p1|Lugia|
|poke|p1|Arceus-*|
|poke|p1|Tyranitar, M|
|poke|p1|Necrozma-Dusk-Mane|
|poke|p2|Lugia|
|poke|p2|Groudon|
|poke|p2|Necrozma-Dusk-Mane|
|poke|p2|Rayquaza|
|poke|p2|Calyrex-Shadow|
|poke|p2|Arceus-*|
|rule|HP Percentage Mod: HP is shown in percentages
|rule|Endless Battle Clause: Forcing endless battles is banned
|teampreview
|inactive|Battle timer is ON: inactive players will automatically lose when time's up. (requested by ChunkyRat)
|
|t:|1607001469
|start
|switch|p1a: Lugia|Lugia|100/100
|switch|p2a: Groudon|Groudon|100/100
|detailschange|p2a: Groudon|Groudon-Primal
|-primal|p2a: Groudon
|-weather|DesolateLand|[from] ability: Desolate Land|[of] p2a: Groudon
|turn|1
|
|t:|1607001477
|move|p2a: Groudon|Thunder Wave|p1a: Lugia
|-status|p1a: Lugia|par
|move|p1a: Lugia|Toxic|p2a: Groudon
|-status|p2a: Groudon|tox
|
|-weather|DesolateLand|[upkeep]
|-damage|p2a: Groudon|94/100 tox|[from] psn
|upkeep
|turn|2
|
|t:|1607001490
|move|p2a: Groudon|Lava Plume|p1a: Lugia
|-crit|p1a: Lugia
|-damage|p1a: Lugia|70/100 par
|move|p1a: Lugia|Toxic|p2a: Groudon
|-fail|p2a: Groudon|tox
|
|-weather|DesolateLand|[upkeep]
|-damage|p2a: Groudon|82/100 tox|[from] psn
|upkeep
|turn|3
|
|t:|1607001498
|move|p2a: Groudon|Stealth Rock|p1a: Lugia
|-sidestart|p1: pisador2|move: Stealth Rock
|cant|p1a: Lugia|par
|
|-weather|DesolateLand|[upkeep]
|-damage|p2a: Groudon|64/100 tox|[from] psn
|upkeep
|turn|4
|
|t:|1607001504
|move|p2a: Groudon|Lava Plume|p1a: Lugia
|-damage|p1a: Lugia|31/100 par
|cant|p1a: Lugia|par
|
|-weather|DesolateLand|[upkeep]
|-damage|p2a: Groudon|39/100 tox|[from] psn
|upkeep
|turn|5
|
|t:|1607001512
|move|p2a: Groudon|Lava Plume|p1a: Lugia
|-damage|p1a: Lugia|0 fnt
|faint|p1a: Lugia
|
|-weather|DesolateLand|[upkeep]
|-damage|p2a: Groudon|8/100 tox|[from] psn
|upkeep
|
|t:|1607001525
|switch|p1a: Arceus|Arceus-Fairy|100/100
|-damage|p1a: Arceus|88/100|[from] Stealth Rock
|turn|6
|
|t:|1607001530
|move|p1a: Arceus|Judgment|p2a: Groudon
|-resisted|p2a: Groudon
|-damage|p2a: Groudon|0 fnt
|faint|p2a: Groudon
|-weather|none
|
|upkeep
|
|t:|1607001536
|switch|p2a: Arceus|Arceus|100/100
|turn|7
|
|t:|1607001544
|switch|p1a: Necrozma|Necrozma-Dusk-Mane|100/100
|-damage|p1a: Necrozma|94/100|[from] Stealth Rock
|move|p2a: Arceus|Swords Dance|p2a: Arceus
|-boost|p2a: Arceus|atk|2
|
|upkeep
|turn|8
|
|t:|1607001557
|-start|p1a: Necrozma|Dynamax
|-heal|p1a: Necrozma|94/100|[silent]
|move|p2a: Arceus|Shadow Claw|p1a: Necrozma
|-supereffective|p1a: Necrozma
|-damage|p1a: Necrozma|68/100
|-enditem|p1a: Necrozma|Weakness Policy
|-boost|p1a: Necrozma|atk|2|[from] item: Weakness Policy
|-boost|p1a: Necrozma|spa|2|[from] item: Weakness Policy
|-damage|p2a: Arceus|91/100|[from] item: Life Orb
|move|p1a: Necrozma|Max Steelspike|p2a: Arceus
|-damage|p2a: Arceus|0 fnt
|-boost|p1a: Necrozma|def|1
|faint|p2a: Arceus
|
|upkeep
|
|t:|1607001560
|switch|p2a: Lugia|Lugia|100/100
|turn|9
|
|t:|1607001574
|move|p2a: Lugia|Thunder Wave|p1a: Necrozma
|-status|p1a: Necrozma|par
|move|p1a: Necrozma|Max Steelspike|p2a: Lugia
|-damage|p2a: Lugia|64/100
|-boost|p1a: Necrozma|def|1
|
|upkeep
|turn|10
|
|t:|1607001590
|move|p2a: Lugia|Roost|p2a: Lugia
|-heal|p2a: Lugia|100/100
|-singleturn|p2a: Lugia|move: Roost
|move|p1a: Necrozma|Max Steelspike|p2a: Lugia
|-damage|p2a: Lugia|69/100
|-boost|p1a: Necrozma|def|1
|
|-end|p1a: Necrozma|Dynamax
|-heal|p1a: Necrozma|69/100 par|[silent]
|upkeep
|turn|11
|
|t:|1607001603
|move|p2a: Lugia|Roost|p2a: Lugia
|-heal|p2a: Lugia|100/100
|-singleturn|p2a: Lugia|move: Roost
|move|p1a: Necrozma|Rock Slide|p2a: Lugia
|-damage|p2a: Lugia|88/100
|
|upkeep
|turn|12
|
|t:|1607001612
|cant|p1a: Necrozma|par
|move|p2a: Lugia|Roar|p1a: Necrozma
|drag|p1a: Groudon|Groudon|100/100
|-damage|p1a: Groudon|94/100|[from] Stealth Rock
|-weather|SunnyDay|[from] ability: Drought|[of] p1a: Groudon
|detailschange|p1a: Groudon|Groudon-Primal
|-primal|p1a: Groudon
|-weather|DesolateLand|[from] ability: Desolate Land|[of] p1a: Groudon
|
|-weather|DesolateLand|[upkeep]
|upkeep
|turn|13
|
|t:|1607001623
|switch|p2a: Rayquaza|Rayquaza|100/100
|-ability|p2a: Rayquaza|Air Lock
|move|p1a: Groudon|Substitute|p1a: Groudon
|-start|p1a: Groudon|Substitute
|-damage|p1a: Groudon|69/100
|
|-weather|DesolateLand|[upkeep]
|upkeep
|turn|14
|inactive|ChunkyRat has 120 seconds left.
|
|t:|1607001675
|detailschange|p2a: Rayquaza|Rayquaza-Mega
|-mega|p2a: Rayquaza|Rayquaza|
|-weather|DeltaStream|[from] ability: Delta Stream|[of] p2a: Rayquaza
|move|p2a: Rayquaza|Earthquake|p1a: Groudon
|-supereffective|p1a: Groudon
|-end|p1a: Groudon|Substitute
|move|p1a: Groudon|Rock Tomb|p2a: Rayquaza
|-activate||deltastream
|-damage|p2a: Rayquaza|78/100
|-unboost|p2a: Rayquaza|spe|1
|
|-weather|DeltaStream|[upkeep]
|upkeep
|turn|15
|
|t:|1607001699
|switch|p1a: Arceus|Arceus-Fairy|88/100
|-damage|p1a: Arceus|76/100|[from] Stealth Rock
|move|p2a: Rayquaza|Dragon Dance|p2a: Rayquaza
|-boost|p2a: Rayquaza|atk|1
|-boost|p2a: Rayquaza|spe|1
|
|-weather|DeltaStream|[upkeep]
|upkeep
|turn|16
|
|t:|1607001712
|move|p2a: Rayquaza|Dragon Ascent|p1a: Arceus
|-damage|p1a: Arceus|0 fnt
|-unboost|p2a: Rayquaza|def|1
|-unboost|p2a: Rayquaza|spd|1
|faint|p1a: Arceus
|
|-weather|DeltaStream|[upkeep]
|upkeep
|
|t:|1607001718
|switch|p1a: Rayquaza|Rayquaza|100/100
|-damage|p1a: Rayquaza|75/100|[from] Stealth Rock
|-ability|p1a: Rayquaza|Air Lock
|turn|17
|inactive|ChunkyRat has 120 seconds left.
|
|t:|1607001726
|detailschange|p1a: Rayquaza|Rayquaza-Mega
|-mega|p1a: Rayquaza|Rayquaza|
|move|p2a: Rayquaza|Extreme Speed|p1a: Rayquaza
|-damage|p1a: Rayquaza|24/100
|move|p1a: Rayquaza|Dragon Ascent|p2a: Rayquaza
|-damage|p2a: Rayquaza|0 fnt
|-unboost|p1a: Rayquaza|def|1
|-unboost|p1a: Rayquaza|spd|1
|faint|p2a: Rayquaza
|
|-weather|DeltaStream|[upkeep]
|upkeep
|inactive|ChunkyRat has 120 seconds left.
|
|t:|1607001736
|switch|p2a: Calyrex|Calyrex-Shadow|100/100
|-ability|p2a: Calyrex|As One
|-ability|p2a: Calyrex|Unnerve|p1: pisador2
|turn|18
|
|t:|1607001742
|-weather|none
|switch|p1a: Tyranitar|Tyranitar, M|100/100
|-weather|Sandstorm|[from] ability: Sand Stream|[of] p1a: Tyranitar
|move|p2a: Calyrex|Astral Barrage|p1a: Tyranitar
|-resisted|p1a: Tyranitar
|-damage|p1a: Tyranitar|87/100
|
|-weather|Sandstorm|[upkeep]
|-damage|p2a: Calyrex|94/100|[from] Sandstorm
|upkeep
|turn|19
|
|t:|1607001753
|move|p2a: Calyrex|Grass Knot|p1a: Tyranitar
|-supereffective|p1a: Tyranitar
|-damage|p1a: Tyranitar|45/100
|move|p1a: Tyranitar|Pursuit|p2a: Calyrex
|-supereffective|p2a: Calyrex
|-damage|p2a: Calyrex|7/100
|
|-weather|Sandstorm|[upkeep]
|-damage|p2a: Calyrex|0 fnt|[from] Sandstorm
|faint|p2a: Calyrex
|upkeep
|
|t:|1607001757
|switch|p2a: Wall|Necrozma-Dusk-Mane|100/100
|turn|20
|
|t:|1607001770
|move|p2a: Wall|Autotomize|p2a: Wall
|-boost|p2a: Wall|spe|2
|-start|p2a: Wall|Autotomize
|move|p1a: Tyranitar|Dragon Tail|p2a: Wall
|-resisted|p2a: Wall
|-damage|p2a: Wall|95/100
|drag|p2a: Lugia|Lugia|88/100
|
|-weather|Sandstorm|[upkeep]
|-damage|p2a: Lugia|82/100|[from] Sandstorm
|upkeep
|turn|21
|
|t:|1607001785
|move|p2a: Lugia|Thunder Wave|p1a: Tyranitar
|-status|p1a: Tyranitar|par
|move|p1a: Tyranitar|Stealth Rock|p2a: Lugia
|-sidestart|p2: ChunkyRat|move: Stealth Rock
|
|-weather|Sandstorm|[upkeep]
|-damage|p2a: Lugia|75/100|[from] Sandstorm
|upkeep
|turn|22
|
|t:|1607001795
|move|p2a: Lugia|Roar|p1a: Tyranitar
|drag|p1a: Necrozma|Necrozma-Dusk-Mane|69/100 par
|-damage|p1a: Necrozma|63/100 par|[from] Stealth Rock
|
|-weather|none
|upkeep
|turn|23
|
|t:|1607001801
|move|p1a: Necrozma|Sunsteel Strike|p2a: Lugia
|-damage|p2a: Lugia|49/100
|move|p2a: Lugia|Roar|p1a: Necrozma
|drag|p1a: Rayquaza|Rayquaza-Mega|24/100
|-damage|p1a: Rayquaza|0 fnt|[from] Stealth Rock
|faint|p1a: Rayquaza
|
|upkeep
|
|t:|1607001815
|switch|p1a: Tyranitar|Tyranitar, M|45/100 par
|-weather|Sandstorm|[from] ability: Sand Stream|[of] p1a: Tyranitar
|turn|24
|
|t:|1607001822
|move|p2a: Lugia|Roost|p2a: Lugia
|-heal|p2a: Lugia|99/100
|-singleturn|p2a: Lugia|move: Roost
|cant|p1a: Tyranitar|par
|
|-weather|Sandstorm|[upkeep]
|-damage|p2a: Lugia|93/100|[from] Sandstorm
|upkeep
|turn|25
|
|t:|1607001830
|move|p1a: Tyranitar|Rock Tomb|p2a: Lugia
|-supereffective|p2a: Lugia
|-damage|p2a: Lugia|65/100
|-unboost|p2a: Lugia|spe|1
|move|p2a: Lugia|Roar|p1a: Tyranitar
|drag|p1a: Necrozma|Necrozma-Dusk-Mane|63/100 par
|-damage|p1a: Necrozma|57/100 par|[from] Stealth Rock
|
|-weather|Sandstorm|[upkeep]
|-damage|p2a: Lugia|59/100|[from] Sandstorm
|upkeep
|turn|26
|
|t:|1607001857
|move|p2a: Lugia|Roost|p2a: Lugia
|-heal|p2a: Lugia|100/100
|-singleturn|p2a: Lugia|move: Roost
|move|p1a: Necrozma|Sunsteel Strike|p2a: Lugia
|-damage|p2a: Lugia|76/100
|
|-weather|Sandstorm|[upkeep]
|-damage|p2a: Lugia|69/100|[from] Sandstorm
|upkeep
|turn|27
|
|t:|1607001868
|move|p1a: Necrozma|Morning Sun|p1a: Necrozma
|-heal|p1a: Necrozma|81/100 par
|move|p2a: Lugia|Roar|p1a: Necrozma
|drag|p1a: Groudon|Groudon-Primal|69/100
|-damage|p1a: Groudon|57/100|[from] Stealth Rock
|-weather|DesolateLand|[from] ability: Desolate Land|[of] p1a: Groudon
|
|-weather|DesolateLand|[upkeep]
|upkeep
|turn|28
|
|t:|1607001887
|move|p1a: Groudon|Substitute|p1a: Groudon
|-start|p1a: Groudon|Substitute
|-damage|p1a: Groudon|32/100
|move|p2a: Lugia|Roar|p1a: Groudon
|-weather|none
|drag|p1a: Tyranitar|Tyranitar, M|45/100 par
|-weather|Sandstorm|[from] ability: Sand Stream|[of] p1a: Tyranitar
|
|-weather|Sandstorm|[upkeep]
|-damage|p2a: Lugia|63/100|[from] Sandstorm
|upkeep
|turn|29
|
|t:|1607001898
|move|p2a: Lugia|Roost|p2a: Lugia
|-heal|p2a: Lugia|100/100
|-singleturn|p2a: Lugia|move: Roost
|move|p1a: Tyranitar|Dragon Tail|p2a: Lugia
|-damage|p2a: Lugia|96/100
|drag|p2a: Wall|Necrozma-Dusk-Mane|95/100
|-damage|p2a: Wall|89/100|[from] Stealth Rock
|
|-weather|Sandstorm|[upkeep]
|upkeep
|turn|30
|
|t:|1607001908
|move|p2a: Wall|Autotomize|p2a: Wall
|-boost|p2a: Wall|spe|2
|-start|p2a: Wall|Autotomize
|move|p1a: Tyranitar|Dragon Tail|p2a: Wall|[miss]
|-miss|p1a: Tyranitar|p2a: Wall
|
|-weather|Sandstorm|[upkeep]
|upkeep
|turn|31
|
|t:|1607001916
|-start|p2a: Wall|Dynamax
|-heal|p2a: Wall|89/100|[silent]
|move|p2a: Wall|Max Quake|p1a: Tyranitar
|-supereffective|p1a: Tyranitar
|-damage|p1a: Tyranitar|0 fnt
|-boost|p2a: Wall|spd|1
|faint|p1a: Tyranitar
|
|-weather|Sandstorm|[upkeep]
|upkeep
|-message|pisador2 forfeited.
|
|win|ChunkyRat
|l|☆pisador2
