|j|☆lemoncell0
|j|☆DarkboiJ
|t:|1665945925
|gametype|singles
|player|p1|lemoncell0|allister|1886
|player|p2|DarkboiJ|blue-gen3two|1856
|teamsize|p1|6
|teamsize|p2|6
|gen|8
|tier|[Gen 8] National Dex AG
|rated|
|rule|HP Percentage Mod: HP is shown in percentages
|rule|Endless Battle Clause: Forcing endless battles is banned
|clearpoke
|poke|p1|Ferrothorn, M|
|poke|p1|Tyranitar, F|
|poke|p1|Quagsire, M|
|poke|p1|Zacian-*|
|poke|p1|Ditto|
|poke|p1|Salamence, M|
|poke|p2|Mewtwo|
|poke|p2|Arceus-*|
|poke|p2|Ditto|
|poke|p2|Rayquaza|
|poke|p2|Zamazenta-*|
|poke|p2|Arceus-*|
|teampreview
|inactive|Battle timer is ON: inactive players will automatically lose when time's up. (requested by DarkboiJ)
|
|t:|1665945953
|start
|switch|p1a: Ditto|Ditto|100/100
|switch|p2a: Arceus|Arceus-Fairy|100/100
|-transform|p1a: Ditto|p2a: Arceus|[from] ability: Imposter
|turn|1
|
|t:|1665945962
|move|p1a: Ditto|Stealth Rock|p2a: Arceus
|-sidestart|p2: DarkboiJ|move: Stealth Rock
|move|p2a: Arceus|Stealth Rock|p1a: Ditto
|-sidestart|p1: lemoncell0|move: Stealth Rock
|
|upkeep
|turn|2
|
|t:|1665945974
|switch|p1a: Ferrothorn|Ferrothorn, M|100/100
|-damage|p1a: Ferrothorn|94/100|[from] Stealth Rock
|switch|p2a: Mewtwo|Mewtwo|100/100
|-damage|p2a: Mewtwo|88/100|[from] Stealth Rock
|-ability|p2a: Mewtwo|Pressure
|
|-heal|p1a: Ferrothorn|100/100|[from] item: Leftovers
|upkeep
|turn|3
|
|t:|1665945985
|switch|p1a: Tyranitar|Tyranitar, F|100/100
|-damage|p1a: Tyranitar|88/100|[from] Stealth Rock
|-weather|Sandstorm|[from] ability: Sand Stream|[of] p1a: Tyranitar
|detailschange|p2a: Mewtwo|Mewtwo-Mega-Y
|-mega|p2a: Mewtwo|Mewtwo|Mewtwonite Y
|move|p2a: Mewtwo|Nasty Plot|p2a: Mewtwo
|-boost|p2a: Mewtwo|spa|2
|
|-weather|Sandstorm|[upkeep]
|-damage|p2a: Mewtwo|82/100|[from] Sandstorm
|-heal|p1a: Tyranitar|94/100|[from] item: Leftovers
|upkeep
|turn|4
|
|t:|1665945991
|-start|p1a: Tyranitar|Dynamax|
|-heal|p1a: Tyranitar|94/100|[silent]
|move|p2a: Mewtwo|Thunderbolt|p1a: Tyranitar
|-damage|p1a: Tyranitar|77/100
|move|p1a: Tyranitar|Max Darkness|p2a: Mewtwo
|-supereffective|p2a: Mewtwo
|-damage|p2a: Mewtwo|0 fnt
|faint|p2a: Mewtwo
|
|-weather|Sandstorm|[upkeep]
|-heal|p1a: Tyranitar|80/100|[from] item: Leftovers
|upkeep
|
|t:|1665945994
|switch|p2a: Zamazenta|Zamazenta-Crowned|100/100
|-damage|p2a: Zamazenta|97/100|[from] Stealth Rock
|-ability|p2a: Zamazenta|Dauntless Shield|boost
|-boost|p2a: Zamazenta|def|1
|turn|5
|
|t:|1665946016
|switch|p2a: Arceus|Arceus-Fairy|100/100
|-damage|p2a: Arceus|88/100|[from] Stealth Rock
|-end|p1a: Tyranitar|Dynamax
|-heal|p1a: Tyranitar|80/100|[silent]
|switch|p1a: Quagsire|Quagsire, M|100/100
|-damage|p1a: Quagsire|94/100|[from] Stealth Rock
|
|-weather|Sandstorm|[upkeep]
|-damage|p2a: Arceus|82/100|[from] Sandstorm
|upkeep
|turn|6
|j| Enjoy Enjoy 2
|
|t:|1665946028
|switch|p2a: Zamazenta|Zamazenta-Crowned|97/100
|-damage|p2a: Zamazenta|94/100|[from] Stealth Rock
|-ability|p2a: Zamazenta|Dauntless Shield|boost
|-boost|p2a: Zamazenta|def|1
|switch|p1a: Zacian|Zacian-Crowned|100/100
|-damage|p1a: Zacian|94/100|[from] Stealth Rock
|-ability|p1a: Zacian|Intrepid Sword|boost
|-boost|p1a: Zacian|atk|1
|
|-weather|Sandstorm|[upkeep]
|upkeep
|turn|7
|
|t:|1665946032
|switch|p1a: Quagsire|Quagsire, M|94/100
|-damage|p1a: Quagsire|88/100|[from] Stealth Rock
|move|p2a: Zamazenta|Behemoth Bash|p1a: Quagsire
|-resisted|p1a: Quagsire
|-damage|p1a: Quagsire|69/100
|-damage|p2a: Zamazenta|78/100|[from] item: Rocky Helmet|[of] p1a: Quagsire
|
|-weather|none
|upkeep
|turn|8
|j| Buck X
|
|t:|1665946038
|switch|p2a: Arceus|Arceus-Fairy|82/100
|-damage|p2a: Arceus|70/100|[from] Stealth Rock
|move|p1a: Quagsire|Recover|p1a: Quagsire
|-heal|p1a: Quagsire|100/100
|
|upkeep
|turn|9
|
|t:|1665946046
|switch|p1a: Ferrothorn|Ferrothorn, M|100/100
|-damage|p1a: Ferrothorn|94/100|[from] Stealth Rock
|move|p2a: Arceus|Toxic|p1a: Ferrothorn
|-immune|p1a: Ferrothorn
|
|-heal|p1a: Ferrothorn|100/100|[from] item: Leftovers
|upkeep
|turn|10
|
|t:|1665946052
|switch|p2a: Zamazenta|Zamazenta-Crowned|78/100
|-damage|p2a: Zamazenta|75/100|[from] Stealth Rock
|-ability|p2a: Zamazenta|Dauntless Shield|boost
|-boost|p2a: Zamazenta|def|1
|move|p1a: Ferrothorn|Spikes|p2a: Zamazenta
|-sidestart|p2: DarkboiJ|Spikes
|
|upkeep
|turn|11
|
|t:|1665946059
|switch|p1a: Quagsire|Quagsire, M|100/100
|-damage|p1a: Quagsire|94/100|[from] Stealth Rock
|move|p2a: Zamazenta|Close Combat|p1a: Quagsire
|-damage|p1a: Quagsire|52/100
|-unboost|p2a: Zamazenta|def|1
|-unboost|p2a: Zamazenta|spd|1
|-damage|p2a: Zamazenta|58/100|[from] item: Rocky Helmet|[of] p1a: Quagsire
|
|upkeep
|turn|12
|
|t:|1665946067
|switch|p2a: Rayquaza|Rayquaza|100/100
|-damage|p2a: Rayquaza|76/100|[from] Stealth Rock
|-ability|p2a: Rayquaza|Air Lock
|move|p1a: Quagsire|Recover|p1a: Quagsire
|-heal|p1a: Quagsire|100/100
|
|upkeep
|turn|13
|
|t:|1665946071
|switch|p1a: Salamence|Salamence, M|100/100
|-damage|p1a: Salamence|76/100|[from] Stealth Rock
|-ability|p1a: Salamence|Intimidate|boost
|-unboost|p2a: Rayquaza|atk|1
|-start|p2a: Rayquaza|Dynamax|
|-heal|p2a: Rayquaza|76/100|[silent]
|move|p2a: Rayquaza|Max Airstream|p1a: Salamence
|-crit|p1a: Salamence
|-damage|p1a: Salamence|0 fnt
|-boost|p2a: Rayquaza|spe|1
|faint|p1a: Salamence
|-damage|p2a: Rayquaza|71/100|[from] item: Life Orb
|
|upkeep
|
|t:|1665946079
|switch|p1a: Quagsire|Quagsire, M|100/100
|-damage|p1a: Quagsire|94/100|[from] Stealth Rock
|turn|14
|
|t:|1665946083
|move|p2a: Rayquaza|Max Airstream|p1a: Quagsire
|-damage|p1a: Quagsire|21/100
|-boost|p2a: Rayquaza|spe|1
|-damage|p2a: Rayquaza|66/100|[from] item: Life Orb
|move|p1a: Quagsire|Recover|p1a: Quagsire
|-heal|p1a: Quagsire|71/100
|
|upkeep
|turn|15
|
|t:|1665946089
|switch|p1a: Tyranitar|Tyranitar, F|80/100
|-damage|p1a: Tyranitar|68/100|[from] Stealth Rock
|-weather|Sandstorm|[from] ability: Sand Stream|[of] p1a: Tyranitar
|move|p2a: Rayquaza|Max Airstream|p1a: Tyranitar
|-resisted|p1a: Tyranitar
|-damage|p1a: Tyranitar|43/100
|-boost|p2a: Rayquaza|spe|1
|-damage|p2a: Rayquaza|61/100|[from] item: Life Orb
|
|-weather|Sandstorm|[upkeep]
|-heal|p1a: Tyranitar|49/100|[from] item: Leftovers
|upkeep
|-end|p2a: Rayquaza|Dynamax
|-heal|p2a: Rayquaza|61/100|[silent]
|turn|16
|
|t:|1665946092
|move|p2a: Rayquaza|Brick Break|p1a: Tyranitar
|-supereffective|p1a: Tyranitar
|-damage|p1a: Tyranitar|0 fnt
|faint|p1a: Tyranitar
|-damage|p2a: Rayquaza|51/100|[from] item: Life Orb
|
|-weather|Sandstorm|[upkeep]
|upkeep
|
|t:|1665946095
|switch|p1a: Zacian|Zacian-Crowned|94/100
|-damage|p1a: Zacian|88/100|[from] Stealth Rock
|-ability|p1a: Zacian|Intrepid Sword|boost
|-boost|p1a: Zacian|atk|1
|turn|17
|
|t:|1665946098
|move|p2a: Rayquaza|Earthquake|p1a: Zacian
|-supereffective|p1a: Zacian
|-damage|p1a: Zacian|23/100
|-damage|p2a: Rayquaza|41/100|[from] item: Life Orb
|move|p1a: Zacian|Behemoth Blade|p2a: Rayquaza
|-crit|p2a: Rayquaza
|-damage|p2a: Rayquaza|0 fnt
|faint|p2a: Rayquaza
|
|-weather|Sandstorm|[upkeep]
|upkeep
|
|t:|1665946105
|switch|p2a: Ditto|Ditto, shiny|100/100
|-damage|p2a: Ditto|88/100|[from] Stealth Rock
|-damage|p2a: Ditto|76/100|[from] Spikes
|-transform|p2a: Ditto|p1a: Zacian|[from] ability: Imposter
|-ability|p2a: Ditto|Intrepid Sword|boost
|-boost|p2a: Ditto|atk|1
|turn|18
|
|t:|1665946110
|switch|p1a: Ditto|Ditto|100/100
|-damage|p1a: Ditto|88/100|[from] Stealth Rock
|move|p2a: Ditto|Close Combat|p1a: Ditto
|-supereffective|p1a: Ditto
|-crit|p1a: Ditto
|-damage|p1a: Ditto|0 fnt
|-unboost|p2a: Ditto|def|1
|-unboost|p2a: Ditto|spd|1
|faint|p1a: Ditto
|
|-weather|Sandstorm|[upkeep]
|upkeep
|
|t:|1665946111
|switch|p1a: Quagsire|Quagsire, M|71/100
|-damage|p1a: Quagsire|65/100|[from] Stealth Rock
|turn|19
|
|t:|1665946123
|switch|p2a: Arceus|Arceus-Fairy|70/100
|-damage|p2a: Arceus|57/100|[from] Stealth Rock
|-damage|p2a: Arceus|45/100|[from] Spikes
|move|p1a: Quagsire|Recover|p1a: Quagsire
|-heal|p1a: Quagsire|100/100
|
|-weather|none
|upkeep
|turn|20
|
|t:|1665946126
|switch|p1a: Ferrothorn|Ferrothorn, M|100/100
|-damage|p1a: Ferrothorn|94/100|[from] Stealth Rock
|move|p2a: Arceus|Recover|p2a: Arceus
|-heal|p2a: Arceus|95/100
|
|-heal|p1a: Ferrothorn|100/100|[from] item: Leftovers
|upkeep
|turn|21
|
|t:|1665946133
|switch|p2a: Ditto|Ditto, shiny|76/100
|-damage|p2a: Ditto|63/100|[from] Stealth Rock
|-damage|p2a: Ditto|51/100|[from] Spikes
|-transform|p2a: Ditto|p1a: Ferrothorn|[from] ability: Imposter
|move|p1a: Ferrothorn|Spikes|p2a: Ditto
|-sidestart|p2: DarkboiJ|Spikes
|
|upkeep
|turn|22
|
|t:|1665946140
|switch|p1a: Zacian|Zacian-Crowned|23/100
|-damage|p1a: Zacian|17/100|[from] Stealth Rock
|-ability|p1a: Zacian|Intrepid Sword|boost
|-boost|p1a: Zacian|atk|1
|move|p2a: Ditto|Spikes|p1a: Zacian
|-sidestart|p1: lemoncell0|Spikes
|
|upkeep
|turn|23
|
|t:|1665946147
|switch|p2a: Arceus|Arceus|100/100
|-damage|p2a: Arceus|88/100|[from] Stealth Rock
|-damage|p2a: Arceus|71/100|[from] Spikes
|move|p1a: Zacian|Close Combat|p2a: Arceus
|-supereffective|p2a: Arceus
|-damage|p2a: Arceus|0 fnt
|-unboost|p1a: Zacian|def|1
|-unboost|p1a: Zacian|spd|1
|faint|p2a: Arceus
|
|upkeep
|
|t:|1665946153
|switch|p2a: Ditto|Ditto, shiny|51/100
|-damage|p2a: Ditto|39/100|[from] Stealth Rock
|-damage|p2a: Ditto|22/100|[from] Spikes
|-transform|p2a: Ditto|p1a: Zacian|[from] ability: Imposter
|-ability|p2a: Ditto|Intrepid Sword|boost
|-boost|p2a: Ditto|atk|1
|turn|24
|
|t:|1665946157
|switch|p1a: Quagsire|Quagsire, M|100/100
|-damage|p1a: Quagsire|94/100|[from] Stealth Rock
|-damage|p1a: Quagsire|82/100|[from] Spikes
|move|p2a: Ditto|Close Combat|p1a: Quagsire
|-damage|p1a: Quagsire|45/100
|-unboost|p2a: Ditto|def|1
|-unboost|p2a: Ditto|spd|1
|-damage|p2a: Ditto|6/100|[from] item: Rocky Helmet|[of] p1a: Quagsire
|
|upkeep
|turn|25
|
|t:|1665946159
|move|p2a: Ditto|Close Combat|p1a: Quagsire
|-damage|p1a: Quagsire|9/100
|-unboost|p2a: Ditto|def|1
|-unboost|p2a: Ditto|spd|1
|-damage|p2a: Ditto|0 fnt|[from] item: Rocky Helmet|[of] p1a: Quagsire
|faint|p2a: Ditto
|move|p1a: Quagsire|Recover|p1a: Quagsire
|-heal|p1a: Quagsire|59/100
|
|upkeep
|
|t:|1665946163
|switch|p2a: Arceus|Arceus-Fairy|95/100
|-damage|p2a: Arceus|82/100|[from] Stealth Rock
|-damage|p2a: Arceus|66/100|[from] Spikes
|turn|26
|
|t:|1665946168
|switch|p2a: Zamazenta|Zamazenta-Crowned|58/100
|-damage|p2a: Zamazenta|55/100|[from] Stealth Rock
|-damage|p2a: Zamazenta|38/100|[from] Spikes
|-ability|p2a: Zamazenta|Dauntless Shield|boost
|-boost|p2a: Zamazenta|def|1
|switch|p1a: Zacian|Zacian-Crowned|17/100
|-damage|p1a: Zacian|11/100|[from] Stealth Rock
|-damage|p1a: Zacian|0 fnt|[from] Spikes
|faint|p1a: Zacian
|
|upkeep
|
|t:|1665946170
|switch|p1a: Quagsire|Quagsire, M|59/100
|-damage|p1a: Quagsire|53/100|[from] Stealth Rock
|-damage|p1a: Quagsire|40/100|[from] Spikes
|turn|27
|
|t:|1665946173
|move|p2a: Zamazenta|Close Combat|p1a: Quagsire
|-damage|p1a: Quagsire|0 fnt
|-unboost|p2a: Zamazenta|def|1
|-unboost|p2a: Zamazenta|spd|1
|-damage|p2a: Zamazenta|22/100|[from] item: Rocky Helmet|[of] p1a: Quagsire
|faint|p1a: Quagsire
|
|upkeep
|
|t:|1665946175
|switch|p1a: Ferrothorn|Ferrothorn, M|100/100
|-damage|p1a: Ferrothorn|94/100|[from] Stealth Rock
|-damage|p1a: Ferrothorn|82/100|[from] Spikes
|turn|28
|
|t:|1665946180
|move|p2a: Zamazenta|Close Combat|p1a: Ferrothorn
|-supereffective|p1a: Ferrothorn
|-damage|p1a: Ferrothorn|0 fnt
|-unboost|p2a: Zamazenta|def|1
|-unboost|p2a: Zamazenta|spd|1
|-damage|p2a: Zamazenta|9/100|[from] ability: Iron Barbs|[of] p1a: Ferrothorn
|faint|p1a: Ferrothorn
|
|win|DarkboiJ
|raw|lemoncell0's rating: 1886 &rarr; <strong>1864</strong><br />(-22 for losing)
|raw|DarkboiJ's rating: 1856 &rarr; <strong>1878</strong><br />(+22 for winning)
|c|☆lemoncell0|gg
|l|☆lemoncell0
|c|☆DarkboiJ|Gg
