|j|☆Takemitchy-kun
|j|☆Glaliegoesboom
|t:|1661272656
|gametype|singles
|player|p1|Takemitchy-kun|lance-masters|
|player|p2|Glaliegoesboom|cynthia-masters|
|teamsize|p1|6
|teamsize|p2|6
|gen|8
|tier|[Gen 8] National Dex AG
|rule|HP Percentage Mod: HP is shown in percentages
|rule|Endless Battle Clause: Forcing endless battles is banned
|clearpoke
|poke|p1|Ho-Oh|
|poke|p1|Necrozma-Dusk-Mane|
|poke|p1|Yveltal|
|poke|p1|Zacian-*|
|poke|p1|Rayquaza|
|poke|p1|Marshadow|
|poke|p2|Groudon|
|poke|p2|Necrozma-Dusk-Mane|
|poke|p2|Zygarde|
|poke|p2|Arceus-*|
|poke|p2|Chansey, F|
|poke|p2|Arceus-*|
|teampreview
|inactive|Battle timer is ON: inactive players will automatically lose when time's up. (requested by Takemitchy-kun)
|inactive|Glaliegoesboom also wants the timer to be on.
|
|t:|1661272668
|start
|switch|p1a: Rayquaza|Rayquaza|100/100
|switch|p2a: Groudon|Groudon|100/100
|-ability|p1a: Rayquaza|Air Lock
|detailschange|p2a: Groudon|Groudon-Primal
|-primal|p2a: Groudon
|-weather|DesolateLand|[from] ability: Desolate Land|[of] p2a: Groudon
|turn|1
|
|t:|1661272676
|-weather|none
|switch|p2a: Zygarde|Zygarde, shiny|100/100
|detailschange|p1a: Rayquaza|Rayquaza-Mega
|-mega|p1a: Rayquaza|Rayquaza|
|-weather|DeltaStream|[from] ability: Delta Stream|[of] p1a: Rayquaza
|move|p1a: Rayquaza|Draco Meteor|p2a: Zygarde
|-supereffective|p2a: Zygarde
|-damage|p2a: Zygarde|0 fnt
|-unboost|p1a: Rayquaza|spa|2
|faint|p2a: Zygarde
|-damage|p1a: Rayquaza|91/100|[from] item: Life Orb
|
|-weather|DeltaStream|[upkeep]
|upkeep
|
|t:|1661272678
|switch|p2a: Arceus|Arceus-Fairy|100/100
|turn|2
|
|t:|1661272683
|-weather|none
|switch|p1a: Ho-Oh|Ho-Oh|100/100
|move|p2a: Arceus|Judgment|p1a: Ho-Oh
|-resisted|p1a: Ho-Oh
|-damage|p1a: Ho-Oh|87/100
|
|upkeep
|turn|3
|
|t:|1661272687
|move|p2a: Arceus|Toxic|p1a: Ho-Oh
|-status|p1a: Ho-Oh|tox
|move|p1a: Ho-Oh|Sacred Fire|p2a: Arceus
|-damage|p2a: Arceus|73/100
|-status|p2a: Arceus|brn
|
|-damage|p1a: Ho-Oh|81/100 tox|[from] psn
|-damage|p2a: Arceus|67/100 brn|[from] brn
|upkeep
|turn|4
|
|t:|1661272694
|switch|p1a: Necrozma|Necrozma-Dusk-Mane|100/100
|move|p2a: Arceus|Recover|p2a: Arceus
|-heal|p2a: Arceus|100/100 brn
|
|-damage|p2a: Arceus|94/100 brn|[from] brn
|upkeep
|turn|5
|
|t:|1661272702
|move|p2a: Arceus|Will-O-Wisp|p1a: Necrozma
|-status|p1a: Necrozma|brn
|move|p1a: Necrozma|Stealth Rock|p2a: Arceus
|-sidestart|p2: Glaliegoesboom|move: Stealth Rock
|
|-damage|p2a: Arceus|88/100 brn|[from] brn
|-damage|p1a: Necrozma|94/100 brn|[from] brn
|upkeep
|turn|6
|
|t:|1661272706
|switch|p2a: Arceus|Arceus-Dark|100/100
|-damage|p2a: Arceus|88/100|[from] Stealth Rock
|move|p1a: Necrozma|Sunsteel Strike|p2a: Arceus
|-damage|p2a: Arceus|71/100
|
|-heal|p1a: Necrozma|100/100 brn|[from] item: Leftovers
|-damage|p1a: Necrozma|94/100 brn|[from] brn
|upkeep
|turn|7
|
|t:|1661272712
|switch|p1a: Zacian|Zacian-Crowned|100/100
|-ability|p1a: Zacian|Intrepid Sword|boost
|-boost|p1a: Zacian|atk|1
|move|p2a: Arceus|Defog|p1a: Zacian
|-unboost|p1a: Zacian|evasion|1
|-sideend|p2: Glaliegoesboom|Stealth Rock|[from] move: Defog|[of] p2a: Arceus
|
|upkeep
|turn|8
|
|t:|1661272714
|switch|p1a: Necrozma|Necrozma-Dusk-Mane|94/100 brn
|switch|p2a: Necrozma|Necrozma-Dusk-Mane|100/100
|
|-heal|p1a: Necrozma|100/100 brn|[from] item: Leftovers
|-damage|p1a: Necrozma|94/100 brn|[from] brn
|upkeep
|turn|9
|
|t:|1661272717
|switch|p2a: Groudon|Groudon-Primal|100/100
|-weather|DesolateLand|[from] ability: Desolate Land|[of] p2a: Groudon
|move|p1a: Necrozma|Stealth Rock|p2a: Groudon
|-sidestart|p2: Glaliegoesboom|move: Stealth Rock
|
|-weather|DesolateLand|[upkeep]
|-heal|p1a: Necrozma|100/100 brn|[from] item: Leftovers
|-damage|p1a: Necrozma|94/100 brn|[from] brn
|upkeep
|turn|10
|
|t:|1661272721
|switch|p1a: Rayquaza|Rayquaza-Mega|91/100
|-weather|DeltaStream|[from] ability: Delta Stream|[of] p1a: Rayquaza
|move|p2a: Groudon|Eruption|p1a: Rayquaza
|-resisted|p1a: Rayquaza
|-damage|p1a: Rayquaza|39/100
|
|-weather|DeltaStream|[upkeep]
|upkeep
|turn|11
|
|t:|1661272728
|move|p1a: Rayquaza|V-create|p2a: Groudon
|-resisted|p2a: Groudon
|-damage|p2a: Groudon|73/100
|-unboost|p1a: Rayquaza|spe|1
|-unboost|p1a: Rayquaza|def|1
|-unboost|p1a: Rayquaza|spd|1
|-damage|p1a: Rayquaza|29/100|[from] item: Life Orb
|move|p2a: Groudon|Hidden Power|p1a: Rayquaza
|-activate||deltastream
|-supereffective|p1a: Rayquaza
|-damage|p1a: Rayquaza|0 fnt
|faint|p1a: Rayquaza
|-weather|none
|
|upkeep
|
|t:|1661272739
|switch|p1a: Marshadow|Marshadow|100/100
|turn|12
|
|t:|1661272747
|-zpower|p1a: Marshadow
|move|p1a: Marshadow|Soul-Stealing 7-Star Strike|p2a: Groudon|[zeffect]
|-damage|p2a: Groudon|16/100
|move|p2a: Groudon|Earth Power|p1a: Marshadow
|-damage|p1a: Marshadow|29/100
|
|upkeep
|turn|13
|
|t:|1661272755
|switch|p2a: Arceus|Arceus-Fairy|88/100 brn
|-damage|p2a: Arceus|76/100 brn|[from] Stealth Rock
|move|p1a: Marshadow|Shadow Sneak|p2a: Arceus
|-damage|p2a: Arceus|57/100 brn
|
|-damage|p2a: Arceus|51/100 brn|[from] brn
|upkeep
|turn|14
|
|t:|1661272764
|switch|p1a: Ho-Oh|Ho-Oh|100/100 tox
|move|p2a: Arceus|Recover|p2a: Arceus
|-heal|p2a: Arceus|100/100 brn
|
|-damage|p1a: Ho-Oh|94/100 tox|[from] psn
|-damage|p2a: Arceus|94/100 brn|[from] brn
|upkeep
|turn|15
|
|t:|1661272769
|switch|p2a: Arceus|Arceus-Dark|71/100
|-damage|p2a: Arceus|58/100|[from] Stealth Rock
|move|p1a: Ho-Oh|Whirlwind|p2a: Arceus
|drag|p2a: Necrozma|Necrozma-Dusk-Mane|100/100
|-damage|p2a: Necrozma|94/100|[from] Stealth Rock
|
|-damage|p1a: Ho-Oh|82/100 tox|[from] psn
|upkeep
|turn|16
|
|t:|1661272776
|move|p1a: Ho-Oh|Sacred Fire|p2a: Necrozma
|-supereffective|p2a: Necrozma
|-damage|p2a: Necrozma|61/100
|-status|p2a: Necrozma|brn
|move|p2a: Necrozma|Stealth Rock|p1a: Ho-Oh
|-sidestart|p1: Takemitchy-kun|move: Stealth Rock
|
|-damage|p1a: Ho-Oh|63/100 tox|[from] psn
|-damage|p2a: Necrozma|55/100 brn|[from] brn
|upkeep
|turn|17
|
|t:|1661272781
|switch|p1a: Necrozma|Necrozma-Dusk-Mane|94/100 brn
|-damage|p1a: Necrozma|88/100 brn|[from] Stealth Rock
|move|p2a: Necrozma|Morning Sun|p2a: Necrozma
|-heal|p2a: Necrozma|100/100 brn
|
|-heal|p1a: Necrozma|94/100 brn|[from] item: Leftovers
|-damage|p2a: Necrozma|94/100 brn|[from] brn
|-damage|p1a: Necrozma|88/100 brn|[from] brn
|upkeep
|turn|18
|
|t:|1661272785
|switch|p2a: Arceus|Arceus-Fairy|94/100 brn
|-damage|p2a: Arceus|82/100 brn|[from] Stealth Rock
|move|p1a: Necrozma|Knock Off|p2a: Arceus
|-resisted|p2a: Arceus
|-damage|p2a: Arceus|79/100 brn
|
|-heal|p1a: Necrozma|94/100 brn|[from] item: Leftovers
|-damage|p2a: Arceus|73/100 brn|[from] brn
|-damage|p1a: Necrozma|88/100 brn|[from] brn
|upkeep
|turn|19
|
|t:|1661272788
|switch|p1a: Zacian|Zacian-Crowned|100/100
|-damage|p1a: Zacian|94/100|[from] Stealth Rock
|-ability|p1a: Zacian|Intrepid Sword|boost
|-boost|p1a: Zacian|atk|1
|move|p2a: Arceus|Recover|p2a: Arceus
|-heal|p2a: Arceus|100/100 brn
|
|-damage|p2a: Arceus|94/100 brn|[from] brn
|upkeep
|turn|20
|
|t:|1661272795
|switch|p2a: Necrozma|Necrozma-Dusk-Mane|94/100 brn
|-damage|p2a: Necrozma|88/100 brn|[from] Stealth Rock
|move|p1a: Zacian|Assurance|p2a: Necrozma
|-supereffective|p2a: Necrozma
|-crit|p2a: Necrozma
|-damage|p2a: Necrozma|1/100 brn
|-damage|p1a: Zacian|78/100|[from] item: Rocky Helmet|[of] p2a: Necrozma
|
|-damage|p2a: Necrozma|0 fnt|[from] brn
|faint|p2a: Necrozma
|upkeep
|c|☆Glaliegoesboom|Gg
|c|☆Takemitchy-kun|Ggwp
|-message|Glaliegoesboom forfeited.
|
|win|Takemitchy-kun
|l|☆Glaliegoesboom
|c|☆Takemitchy-kun|crit mattered tho
