|j|☆idkmyusernamebro
|j|☆CLEAR GEM清瑜
|t:|1667105863
|gametype|singles
|player|p1|idkmyusernamebro|170|1685
|player|p2|CLEAR GEM清瑜|skierf|1873
|teamsize|p1|6
|teamsize|p2|6
|gen|8
|tier|[Gen 8] National Dex AG
|rated|
|rule|HP Percentage Mod: HP is shown in percentages
|rule|Endless Battle Clause: Forcing endless battles is banned
|clearpoke
|poke|p1|Zacian-*|
|poke|p1|Rayquaza|
|poke|p1|Ditto|
|poke|p1|Groudon|
|poke|p1|Xerneas-*|
|poke|p1|Lugia|
|poke|p2|Rayquaza|
|poke|p2|Groudon|
|poke|p2|Necrozma-Dusk-Mane|
|poke|p2|Arceus-*|
|poke|p2|Zacian-*|
|poke|p2|Yveltal|
|teampreview
|inactive|Battle timer is ON: inactive players will automatically lose when time's up. (requested by CLEAR GEM清瑜)
|
|t:|1667105878
|start
|switch|p1a: Groudon|Groudon|100/100
|switch|p2a: 老烈|Rayquaza, shiny|100/100
|-ability|p2a: 老烈|Air Lock
|detailschange|p1a: Groudon|Groudon-Primal
|-primal|p1a: Groudon
|-weather|DesolateLand|[from] ability: Desolate Land|[of] p1a: Groudon
|turn|1
|
|t:|1667105887
|detailschange|p2a: 老烈|Rayquaza-Mega, shiny
|-mega|p2a: 老烈|Rayquaza|
|-weather|DeltaStream|[from] ability: Delta Stream|[of] p2a: 老烈
|move|p2a: 老烈|Scale Shot|p1a: Groudon
|-damage|p1a: Groudon|86/100
|-damage|p1a: Groudon|70/100
|-damage|p1a: Groudon|57/100
|-hitcount|p1a: Groudon|3
|-unboost|p2a: 老烈|def|1
|-boost|p2a: 老烈|spe|1
|-damage|p2a: 老烈|91/100|[from] item: Life Orb
|move|p1a: Groudon|Stealth Rock|p2a: 老烈
|-sidestart|p2: CLEAR GEM清瑜|move: Stealth Rock
|
|-weather|DeltaStream|[upkeep]
|upkeep
|turn|2
|
|t:|1667105907
|switch|p1a: Zacian|Zacian-Crowned|100/100
|-ability|p1a: Zacian|Intrepid Sword|boost
|-boost|p1a: Zacian|atk|1
|move|p2a: 老烈|Earthquake|p1a: Zacian
|-supereffective|p1a: Zacian
|-damage|p1a: Zacian|0 fnt
|faint|p1a: Zacian
|-damage|p2a: 老烈|81/100|[from] item: Life Orb
|
|-weather|DeltaStream|[upkeep]
|upkeep
|inactive|idkmyusernamebro has 120 seconds left.
|
|t:|1667105930
|switch|p1a: Xerneas|Xerneas|100/100
|-ability|p1a: Xerneas|Fairy Aura
|turn|3
|
|t:|1667105934
|move|p2a: 老烈|Dragon Ascent|p1a: Xerneas
|-crit|p1a: Xerneas
|-damage|p1a: Xerneas|0 fnt
|-unboost|p2a: 老烈|def|1
|-unboost|p2a: 老烈|spd|1
|faint|p1a: Xerneas
|-damage|p2a: 老烈|71/100|[from] item: Life Orb
|
|-weather|DeltaStream|[upkeep]
|upkeep
|c|☆idkmyusernamebro|crits
|c|☆idkmyusernamebro|wow
|inactive|idkmyusernamebro has 120 seconds left.
|
|t:|1667105957
|switch|p1a: Lugia|Lugia|100/100
|turn|4
|inactive|idkmyusernamebro has 120 seconds left.
|
|t:|1667105966
|move|p2a: 老烈|Scale Shot|p1a: Lugia|[miss]
|-miss|p2a: 老烈|p1a: Lugia
|move|p1a: Lugia|Ice Beam|p2a: 老烈
|-activate||deltastream
|-supereffective|p2a: 老烈
|-crit|p2a: 老烈
|-damage|p2a: 老烈|0 fnt
|faint|p2a: 老烈
|-weather|none
|
|upkeep
|
|t:|1667105970
|switch|p2a: 不会(?)|Groudon|100/100
|-damage|p2a: 不会(?)|94/100|[from] Stealth Rock
|detailschange|p2a: 不会(?)|Groudon-Primal
|-primal|p2a: 不会(?)
|-weather|DesolateLand|[from] ability: Desolate Land|[of] p2a: 不会(?)
|turn|5
|
|t:|1667105975
|move|p1a: Lugia|Toxic|p2a: 不会(?)
|-status|p2a: 不会(?)|tox
|move|p2a: 不会(?)|Thunder Wave|p1a: Lugia
|-status|p1a: Lugia|par
|
|-weather|DesolateLand|[upkeep]
|-damage|p2a: 不会(?)|88/100 tox|[from] psn
|upkeep
|turn|6
|
|t:|1667105985
|move|p2a: 不会(?)|Stealth Rock|p1a: Lugia
|-sidestart|p1: idkmyusernamebro|move: Stealth Rock
|cant|p1a: Lugia|par
|
|-weather|DesolateLand|[upkeep]
|-damage|p2a: 不会(?)|76/100 tox|[from] psn
|upkeep
|turn|7
|
|t:|1667105988
|move|p1a: Lugia|Defog|p2a: 不会(?)
|-unboost|p2a: 不会(?)|evasion|1
|-sideend|p2: CLEAR GEM清瑜|Stealth Rock|[from] move: Defog|[of] p1a: Lugia
|-sideend|p1: idkmyusernamebro|Stealth Rock|[from] move: Defog|[of] p1a: Lugia
|move|p2a: 不会(?)|Roar|p1a: Lugia
|drag|p1a: Groudon|Groudon-Primal|57/100
|
|-weather|DesolateLand|[upkeep]
|-damage|p2a: 不会(?)|58/100 tox|[from] psn
|upkeep
|turn|8
|
|t:|1667105996
|switch|p1a: Rayquaza|Rayquaza|100/100
|-ability|p1a: Rayquaza|Air Lock
|move|p2a: 不会(?)|Stealth Rock|p1a: Rayquaza
|-sidestart|p1: idkmyusernamebro|move: Stealth Rock
|
|-weather|DesolateLand|[upkeep]
|-damage|p2a: 不会(?)|34/100 tox|[from] psn
|upkeep
|turn|9
|
|t:|1667106015
|detailschange|p1a: Rayquaza|Rayquaza-Mega
|-mega|p1a: Rayquaza|Rayquaza|
|-weather|DeltaStream|[from] ability: Delta Stream|[of] p1a: Rayquaza
|move|p1a: Rayquaza|Draco Meteor|p2a: 不会(?)
|-damage|p2a: 不会(?)|0 fnt
|-unboost|p1a: Rayquaza|spa|2
|faint|p2a: 不会(?)
|-damage|p1a: Rayquaza|91/100|[from] item: Life Orb
|
|-weather|DeltaStream|[upkeep]
|upkeep
|
|t:|1667106022
|switch|p2a: 嘉然小姐的狗|Zacian-Crowned|100/100
|-ability|p2a: 嘉然小姐的狗|Intrepid Sword|boost
|-boost|p2a: 嘉然小姐的狗|atk|1
|turn|10
|
|t:|1667106036
|-weather|none
|switch|p1a: Lugia|Lugia|100/100 par
|move|p2a: 嘉然小姐的狗|Behemoth Blade|p1a: Lugia
|-damage|p1a: Lugia|78/100 par
|
|upkeep
|turn|11
|
|t:|1667106045
|move|p2a: 嘉然小姐的狗|Wild Charge|p1a: Lugia
|-supereffective|p1a: Lugia
|-damage|p1a: Lugia|20/100 par
|-damage|p2a: 嘉然小姐的狗|85/100|[from] Recoil
|move|p1a: Lugia|Defog|p2a: 嘉然小姐的狗
|-unboost|p2a: 嘉然小姐的狗|evasion|1
|-sideend|p1: idkmyusernamebro|Stealth Rock|[from] move: Defog|[of] p1a: Lugia
|
|upkeep
|turn|12
|
|t:|1667106053
|move|p2a: 嘉然小姐的狗|Behemoth Blade|p1a: Lugia
|-damage|p1a: Lugia|0 fnt
|faint|p1a: Lugia
|
|upkeep
|
|t:|1667106059
|switch|p1a: Ditto|Ditto|100/100
|-transform|p1a: Ditto|p2a: 嘉然小姐的狗|[from] ability: Imposter
|-ability|p1a: Ditto|Intrepid Sword|boost
|-boost|p1a: Ditto|atk|1
|turn|13
|inactive|idkmyusernamebro has 120 seconds left.
|
|t:|1667106104
|move|p1a: Ditto|Close Combat|p2a: 嘉然小姐的狗
|-damage|p2a: 嘉然小姐的狗|7/100
|-unboost|p1a: Ditto|def|1
|-unboost|p1a: Ditto|spd|1
|move|p2a: 嘉然小姐的狗|Behemoth Blade|p1a: Ditto
|-crit|p1a: Ditto
|-damage|p1a: Ditto|0 fnt
|faint|p1a: Ditto
|
|upkeep
|
|t:|1667106112
|switch|p1a: Rayquaza|Rayquaza-Mega|91/100
|-weather|DeltaStream|[from] ability: Delta Stream|[of] p1a: Rayquaza
|turn|14
|
|t:|1667106119
|move|p1a: Rayquaza|Extreme Speed|p2a: 嘉然小姐的狗
|-resisted|p2a: 嘉然小姐的狗
|-damage|p2a: 嘉然小姐的狗|0 fnt
|faint|p2a: 嘉然小姐的狗
|-damage|p1a: Rayquaza|81/100|[from] item: Life Orb
|
|-weather|DeltaStream|[upkeep]
|upkeep
|
|t:|1667106126
|switch|p2a: Y鸟|Yveltal|100/100
|-ability|p2a: Y鸟|Dark Aura
|turn|15
|
|t:|1667106131
|-start|p2a: Y鸟|Dynamax|
|-heal|p2a: Y鸟|100/100|[silent]
|move|p1a: Rayquaza|Draco Meteor|p2a: Y鸟
|-damage|p2a: Y鸟|61/100
|-unboost|p1a: Rayquaza|spa|2
|-damage|p1a: Rayquaza|71/100|[from] item: Life Orb
|move|p2a: Y鸟|Max Airstream|p1a: Rayquaza
|-damage|p1a: Rayquaza|0 fnt
|-boost|p2a: Y鸟|spe|1
|faint|p1a: Rayquaza
|-weather|none
|-damage|p2a: Y鸟|56/100|[from] item: Life Orb
|
|upkeep
|
|t:|1667106139
|switch|p1a: Groudon|Groudon-Primal|57/100
|-weather|DesolateLand|[from] ability: Desolate Land|[of] p1a: Groudon
|turn|16
|
|t:|1667106143
|move|p2a: Y鸟|Max Darkness|p1a: Groudon
|-damage|p1a: Groudon|0 fnt
|faint|p1a: Groudon
|-weather|none
|-damage|p2a: Y鸟|51/100|[from] item: Life Orb
|
|win|CLEAR GEM清瑜
|raw|idkmyusernamebro's rating: 1685 &rarr; <strong>1675</strong><br />(-10 for losing)
|raw|CLEAR GEM清瑜's rating: 1873 &rarr; <strong>1883</strong><br />(+10 for winning)
|l|☆idkmyusernamebro
