|j|☆aseliatheeternal
|j|☆Opnoob 598
|t:|1659271026
|gametype|singles
|player|p1|aseliatheeternal|1|1895
|player|p2|Opnoob 598|steven-masters|1839
|teamsize|p1|6
|teamsize|p2|6
|gen|8
|tier|[Gen 8] National Dex AG
|rated|
|rule|HP Percentage Mod: HP is shown in percentages
|rule|Endless Battle Clause: Forcing endless battles is banned
|clearpoke
|poke|p1|Arceus-*|
|poke|p1|Arceus-*|
|poke|p1|Ditto|
|poke|p1|Arceus-*|
|poke|p1|Arceus-*|
|poke|p1|Arceus-*|
|poke|p2|Arceus-*|
|poke|p2|Arceus-*|
|poke|p2|Necrozma-Dusk-Mane|
|poke|p2|Zygarde|
|poke|p2|Rayquaza|
|poke|p2|Ho-Oh|
|teampreview
|
|t:|1659271065
|start
|switch|p1a: Arceus|Arceus-Ghost|100/100
|switch|p2a: Necrozma|Necrozma-Dusk-Mane|100/100
|turn|1
|
|t:|1659271077
|move|p1a: Arceus|Stealth Rock|p2a: Necrozma
|-sidestart|p2: Opnoob 598|move: Stealth Rock
|move|p2a: Necrozma|Stealth Rock|p1a: Arceus
|-sidestart|p1: aseliatheeternal|move: Stealth Rock
|
|upkeep
|turn|2
|
|t:|1659271111
|switch|p2a: Arceus|Arceus-Dark|100/100
|-damage|p2a: Arceus|88/100|[from] Stealth Rock
|move|p1a: Arceus|Magic Coat|p1a: Arceus
|-singleturn|p1a: Arceus|move: Magic Coat
|
|upkeep
|turn|3
|l|☆aseliatheeternal
|player|p1|
|inactive|Battle timer is ON: inactive players will automatically lose when time's up. (requested by Opnoob 598)
|j|☆aseliatheeternal
|inactive|aseliatheeternal reconnected and has 150 seconds left.
|player|p1|aseliatheeternal|1
|
|t:|1659271127
|switch|p1a: Arceus|Arceus-Fighting|100/100
|-damage|p1a: Arceus|94/100|[from] Stealth Rock
|move|p2a: Arceus|Judgment|p1a: Arceus
|-resisted|p1a: Arceus
|-damage|p1a: Arceus|77/100
|
|upkeep
|turn|4
|inactive|Opnoob 598 has 120 seconds left.
|l|☆aseliatheeternal
|inactive|aseliatheeternal disconnected and has a minute to reconnect!
|player|p1|
|j|☆aseliatheeternal
|inactive|aseliatheeternal reconnected.
|player|p1|aseliatheeternal|1
|inactive|Opnoob 598 has 90 seconds left.
|
|t:|1659271210
|switch|p2a: Ho-Oh|Ho-Oh|100/100
|move|p1a: Arceus|Judgment|p2a: Ho-Oh
|-resisted|p2a: Ho-Oh
|-damage|p2a: Ho-Oh|84/100
|
|upkeep
|turn|5
|
|t:|1659271216
|switch|p1a: Arceus|Arceus-Ghost|100/100
|-damage|p1a: Arceus|88/100|[from] Stealth Rock
|move|p2a: Ho-Oh|Thunder Wave|p1a: Arceus
|-status|p1a: Arceus|par
|
|upkeep
|turn|6
|
|t:|1659271220
|move|p2a: Ho-Oh|Sacred Fire|p1a: Arceus
|-damage|p1a: Arceus|56/100 par
|move|p1a: Arceus|Judgment|p2a: Ho-Oh
|-damage|p2a: Ho-Oh|52/100
|
|upkeep
|turn|7
|
|t:|1659271223
|move|p2a: Ho-Oh|Sacred Fire|p1a: Arceus
|-damage|p1a: Arceus|21/100 par
|move|p1a: Arceus|Judgment|p2a: Ho-Oh
|-damage|p2a: Ho-Oh|22/100
|
|upkeep
|turn|8
|inactive|Opnoob 598 has 90 seconds left.
|
|t:|1659271245
|switch|p2a: Arceus|Arceus-Dark|88/100
|-damage|p2a: Arceus|76/100|[from] Stealth Rock
|move|p1a: Arceus|Judgment|p2a: Arceus
|-resisted|p2a: Arceus
|-damage|p2a: Arceus|61/100
|
|upkeep
|turn|9
|
|t:|1659271250
|move|p2a: Arceus|Judgment|p1a: Arceus
|-supereffective|p1a: Arceus
|-damage|p1a: Arceus|0 fnt
|faint|p1a: Arceus
|
|upkeep
|j| jlsdfhpjksdhfni
|inactive|aseliatheeternal has 120 seconds left.
|
|t:|1659271284
|switch|p1a: Arceus|Arceus-Dark|100/100
|-damage|p1a: Arceus|88/100|[from] Stealth Rock
|turn|10
|
|t:|1659271291
|switch|p2a: Zygarde|Zygarde, shiny|100/100
|-damage|p2a: Zygarde|94/100|[from] Stealth Rock
|move|p1a: Arceus|Calm Mind|p1a: Arceus
|-boost|p1a: Arceus|spa|1
|-boost|p1a: Arceus|spd|1
|
|-heal|p2a: Zygarde|100/100|[from] item: Leftovers
|upkeep
|turn|11
|
|t:|1659271297
|-start|p1a: Arceus|Dynamax|
|-heal|p1a: Arceus|88/100|[silent]
|move|p1a: Arceus|Max Darkness|p2a: Zygarde
|-damage|p2a: Zygarde|0 fnt
|faint|p2a: Zygarde
|
|upkeep
|inactive|Opnoob 598 has 120 seconds left.
|
|t:|1659271302
|switch|p2a: Ho-Oh|Ho-Oh|55/100
|turn|12
|
|t:|1659271308
|switch|p2a: Arceus|Arceus-Dark|61/100
|-damage|p2a: Arceus|49/100|[from] Stealth Rock
|move|p1a: Arceus|Max Darkness|p2a: Arceus
|-resisted|p2a: Arceus
|-damage|p2a: Arceus|16/100
|-unboost|p2a: Arceus|spd|1
|
|upkeep
|turn|13
|
|t:|1659271322
|move|p1a: Arceus|Max Darkness|p2a: Arceus
|-resisted|p2a: Arceus
|-damage|p2a: Arceus|0 fnt
|faint|p2a: Arceus
|
|upkeep
|j| qingzhi_12
|
|t:|1659271326
|switch|p2a: Ho-Oh|Ho-Oh|88/100
|-end|p1a: Arceus|Dynamax
|-heal|p1a: Arceus|88/100|[silent]
|turn|14
|
|t:|1659271333
|move|p1a: Arceus|Judgment|p2a: Ho-Oh
|-damage|p2a: Ho-Oh|42/100
|move|p2a: Ho-Oh|Thunder Wave|p1a: Arceus
|-status|p1a: Arceus|par
|
|upkeep
|turn|15
|l| qingzhi_12
|
|t:|1659271339
|-start|p2a: Ho-Oh|Dynamax|
|-heal|p2a: Ho-Oh|42/100|[silent]
|move|p2a: Ho-Oh|Max Flare|p1a: Arceus
|-damage|p1a: Arceus|47/100 par
|-weather|SunnyDay
|move|p1a: Arceus|Judgment|p2a: Ho-Oh
|-damage|p2a: Ho-Oh|20/100
|
|-weather|SunnyDay|[upkeep]
|upkeep
|turn|16
|
|t:|1659271347
|move|p2a: Ho-Oh|Max Flare|p1a: Arceus
|-crit|p1a: Arceus
|-damage|p1a: Arceus|0 fnt
|faint|p1a: Arceus
|
|-weather|SunnyDay|[upkeep]
|upkeep
|j| qingzhi_12
|l| qingzhi_12
|
|t:|1659271372
|switch|p1a: Arceus|Arceus-Fairy|100/100
|-damage|p1a: Arceus|88/100|[from] Stealth Rock
|turn|17
|
|t:|1659271375
|move|p1a: Arceus|Ancient Power|p2a: Ho-Oh
|-supereffective|p2a: Ho-Oh
|-damage|p2a: Ho-Oh|0 fnt
|faint|p2a: Ho-Oh
|
|-weather|SunnyDay|[upkeep]
|upkeep
|
|t:|1659271379
|switch|p2a: Necrozma|Necrozma-Dusk-Mane|100/100
|-damage|p2a: Necrozma|94/100|[from] Stealth Rock
|turn|18
|
|t:|1659271390
|move|p1a: Arceus|Calm Mind|p1a: Arceus
|-boost|p1a: Arceus|spa|1
|-boost|p1a: Arceus|spd|1
|move|p2a: Necrozma|Sunsteel Strike|p1a: Arceus
|-supereffective|p1a: Arceus
|-damage|p1a: Arceus|19/100
|
|-weather|SunnyDay|[upkeep]
|upkeep
|turn|19
|
|t:|1659271397
|move|p1a: Arceus|Judgment|p2a: Necrozma
|-resisted|p2a: Necrozma
|-damage|p2a: Necrozma|58/100
|move|p2a: Necrozma|Sunsteel Strike|p1a: Arceus
|-supereffective|p1a: Arceus
|-damage|p1a: Arceus|0 fnt
|faint|p1a: Arceus
|
|-weather|none
|upkeep
|
|t:|1659271414
|switch|p1a: Arceus|Arceus-Grass|100/100
|-damage|p1a: Arceus|88/100|[from] Stealth Rock
|turn|20
|
|t:|1659271420
|move|p1a: Arceus|Swords Dance|p1a: Arceus
|-boost|p1a: Arceus|atk|2
|move|p2a: Necrozma|Morning Sun|p2a: Necrozma
|-heal|p2a: Necrozma|100/100
|
|upkeep
|turn|21
|
|t:|1659271429
|move|p1a: Arceus|Earthquake|p2a: Necrozma
|-supereffective|p2a: Necrozma
|-damage|p2a: Necrozma|47/100
|move|p2a: Necrozma|Sunsteel Strike|p1a: Arceus
|-damage|p1a: Arceus|46/100
|
|upkeep
|turn|22
|j| Azq2020 ♥❤ ^~^
|j| Agcl2 Ragib
|inactive|aseliatheeternal has 120 seconds left.
|
|t:|1659271462
|switch|p2a: Rayquaza|Rayquaza|100/100
|-damage|p2a: Rayquaza|76/100|[from] Stealth Rock
|-ability|p2a: Rayquaza|Air Lock
|move|p1a: Arceus|Stone Edge|p2a: Rayquaza
|-supereffective|p2a: Rayquaza
|-damage|p2a: Rayquaza|0 fnt
|faint|p2a: Rayquaza
|
|upkeep
|
|t:|1659271470
|switch|p2a: Arceus|Arceus-Water|100/100
|-damage|p2a: Arceus|88/100|[from] Stealth Rock
|turn|23
|
|t:|1659271472
|move|p1a: Arceus|Bullet Seed|p2a: Arceus
|-supereffective|p2a: Arceus
|-damage|p2a: Arceus|57/100
|-supereffective|p2a: Arceus
|-damage|p2a: Arceus|22/100
|-supereffective|p2a: Arceus
|-damage|p2a: Arceus|0 fnt
|faint|p2a: Arceus
|-hitcount|p2: Arceus|3
|
|upkeep
|-message|Opnoob 598 forfeited.
|
|win|aseliatheeternal
|raw|aseliatheeternal's rating: 1895 &rarr; <strong>1912</strong><br />(+17 for winning)
|raw|Opnoob 598's rating: 1839 &rarr; <strong>1822</strong><br />(-17 for losing)
|l|☆Opnoob 598
