|j|☆lehuynhan
|j|☆cllout
|t:|1668287539
|gametype|singles
|player|p1|lehuynhan|169|1457
|player|p2|cllout|misty-lgpe|1671
|teamsize|p1|6
|teamsize|p2|6
|gen|8
|tier|[Gen 8] National Dex AG
|rated|
|rule|HP Percentage Mod: HP is shown in percentages
|rule|Endless Battle Clause: Forcing endless battles is banned
|clearpoke
|poke|p1|Pelipper, F|
|poke|p1|Ferrothorn, F|
|poke|p1|Seismitoad, F|
|poke|p1|Zapdos|
|poke|p1|Swampert, F|
|poke|p1|Barraskewda, M|
|poke|p2|Rayquaza|
|poke|p2|Necrozma-Dusk-Mane|
|poke|p2|Xerneas-*|
|poke|p2|Yveltal|
|poke|p2|Calyrex-Shadow|
|poke|p2|Shaymin-Sky|
|teampreview
|inactive|Battle timer is ON: inactive players will automatically lose when time's up. (requested by cllout)
|
|t:|1668287560
|start
|switch|p1a: Swampert|Swampert, F|100/100
|switch|p2a: Shay|Shaymin-Sky, shiny|100/100
|turn|1
|inactive|lehuynhan has 120 seconds left.
|
|t:|1668287594
|switch|p1a: Ferrothorn|Ferrothorn, F|100/100
|move|p2a: Shay|Seed Flare|p1a: Ferrothorn
|-resisted|p1a: Ferrothorn
|-damage|p1a: Ferrothorn|89/100
|-unboost|p1a: Ferrothorn|spd|2
|
|-heal|p1a: Ferrothorn|95/100|[from] item: Leftovers
|upkeep
|turn|2
|inactive|cllout has 120 seconds left.
|
|t:|1668287633
|switch|p2a: Xern|Xerneas, shiny|100/100
|-ability|p2a: Xern|Fairy Aura
|move|p1a: Ferrothorn|Thunder Wave|p2a: Xern
|-status|p2a: Xern|par
|
|-heal|p1a: Ferrothorn|100/100|[from] item: Leftovers
|upkeep
|turn|3
|
|t:|1668287642
|switch|p1a: Pelipper|Pelipper, F|100/100
|-weather|RainDance|[from] ability: Drizzle|[of] p1a: Pelipper
|move|p2a: Xern|Geomancy||[still]
|-prepare|p2a: Xern|Geomancy
|-enditem|p2a: Xern|Power Herb
|-anim|p2a: Xern|Geomancy|p2a: Xern
|-boost|p2a: Xern|spa|2
|-boost|p2a: Xern|spd|2
|-boost|p2a: Xern|spe|2
|
|-weather|RainDance|[upkeep]
|upkeep
|turn|4
|inactive|lehuynhan has 120 seconds left.
|
|t:|1668287695
|switch|p1a: Ferrothorn|Ferrothorn, F|100/100
|move|p2a: Xern|Thunder|p1a: Ferrothorn
|-resisted|p1a: Ferrothorn
|-damage|p1a: Ferrothorn|65/100
|-status|p1a: Ferrothorn|par
|
|-weather|RainDance|[upkeep]
|-heal|p1a: Ferrothorn|71/100 par|[from] item: Leftovers
|upkeep
|turn|5
|
|t:|1668287714
|switch|p1a: Seismitoad|Seismitoad, F|100/100
|cant|p2a: Xern|par
|
|-weather|RainDance|[upkeep]
|upkeep
|turn|6
|
|t:|1668287725
|move|p1a: Seismitoad|Weather Ball|p2a: Xern
|-damage|p2a: Xern|59/100 par
|move|p2a: Xern|Moonblast|p1a: Seismitoad
|-damage|p1a: Seismitoad|0 fnt
|faint|p1a: Seismitoad
|
|-weather|RainDance|[upkeep]
|upkeep
|
|t:|1668287728
|switch|p1a: Barraskewda|Barraskewda, M|100/100
|turn|7
|
|t:|1668287748
|switch|p2a: Dusk Mane|Necrozma-Dusk-Mane|100/100
|move|p1a: Barraskewda|Liquidation|p2a: Dusk Mane
|-damage|p2a: Dusk Mane|41/100
|-damage|p1a: Barraskewda|84/100|[from] item: Rocky Helmet|[of] p2a: Dusk Mane
|
|-weather|RainDance|[upkeep]
|upkeep
|turn|8
|inactive|lehuynhan has 120 seconds left.
|inactive|cllout has 90 seconds left.
|
|t:|1668287773
|move|p1a: Barraskewda|Liquidation|p2a: Dusk Mane
|-damage|p2a: Dusk Mane|0 fnt
|-damage|p1a: Barraskewda|67/100|[from] item: Rocky Helmet|[of] p2a: Dusk Mane
|faint|p2a: Dusk Mane
|
|-weather|RainDance|[upkeep]
|upkeep
|inactive|cllout has 90 seconds left.
|
|t:|1668287794
|switch|p2a: Caly|Calyrex-Shadow|100/100
|-ability|p2a: Caly|As One
|-ability|p2a: Caly|Unnerve
|turn|9
|inactive|lehuynhan has 120 seconds left.
|
|t:|1668287810
|move|p1a: Barraskewda|Liquidation|p2a: Caly
|-enditem|p2a: Caly|Focus Sash
|-damage|p2a: Caly|1/100
|move|p2a: Caly|Astral Barrage|p1a: Barraskewda
|-damage|p1a: Barraskewda|0 fnt
|faint|p1a: Barraskewda
|-ability|p2a: Caly|Grim Neigh|boost
|-boost|p2a: Caly|spa|1
|
|-weather|RainDance|[upkeep]
|upkeep
|
|t:|1668287812
|switch|p1a: Swampert|Swampert, F|100/100
|turn|10
|inactive|cllout has 90 seconds left.
|
|t:|1668287840
|switch|p2a: Yvelt|Yveltal, shiny|100/100
|-ability|p2a: Yvelt|Dark Aura
|detailschange|p1a: Swampert|Swampert-Mega, F
|-mega|p1a: Swampert|Swampert|Swampertite
|move|p1a: Swampert|Waterfall|p2a: Yvelt
|-damage|p2a: Yvelt|30/100
|
|-weather|none
|upkeep
|turn|11
|
|t:|1668287846
|switch|p1a: Ferrothorn|Ferrothorn, F|71/100 par
|move|p2a: Yvelt|Roost|p2a: Yvelt
|-heal|p2a: Yvelt|80/100
|-singleturn|p2a: Yvelt|move: Roost
|
|-heal|p1a: Ferrothorn|77/100 par|[from] item: Leftovers
|upkeep
|turn|12
|
|t:|1668287856
|move|p2a: Yvelt|Taunt|p1a: Ferrothorn
|-start|p1a: Ferrothorn|move: Taunt
|cant|p1a: Ferrothorn|move: Taunt|Leech Seed
|
|-heal|p1a: Ferrothorn|83/100 par|[from] item: Leftovers
|upkeep
|turn|13
|inactive|cllout has 90 seconds left.
|
|t:|1668287867
|move|p2a: Yvelt|Knock Off|p1a: Ferrothorn
|-damage|p1a: Ferrothorn|48/100 par
|-damage|p2a: Yvelt|67/100|[from] ability: Iron Barbs|[of] p1a: Ferrothorn
|-enditem|p1a: Ferrothorn|Leftovers|[from] move: Knock Off|[of] p2a: Yvelt
|move|p1a: Ferrothorn|Body Press|p2a: Yvelt
|-damage|p2a: Yvelt|41/100
|
|upkeep
|turn|14
|inactive|cllout has 90 seconds left.
|
|t:|1668287875
|move|p2a: Yvelt|Roost|p2a: Yvelt
|-heal|p2a: Yvelt|91/100
|-singleturn|p2a: Yvelt|move: Roost
|move|p1a: Ferrothorn|Body Press|p2a: Yvelt
|-supereffective|p2a: Yvelt
|-damage|p2a: Yvelt|37/100
|
|-end|p1a: Ferrothorn|move: Taunt
|upkeep
|turn|15
|
|t:|1668287902
|move|p2a: Yvelt|Roost|p2a: Yvelt
|-heal|p2a: Yvelt|87/100
|-singleturn|p2a: Yvelt|move: Roost
|move|p1a: Ferrothorn|Body Press|p2a: Yvelt
|-supereffective|p2a: Yvelt
|-damage|p2a: Yvelt|34/100
|
|upkeep
|turn|16
|
|t:|1668287911
|move|p2a: Yvelt|Roost|p2a: Yvelt
|-heal|p2a: Yvelt|84/100
|-singleturn|p2a: Yvelt|move: Roost
|move|p1a: Ferrothorn|Leech Seed|p2a: Yvelt|[miss]
|-miss|p1a: Ferrothorn|p2a: Yvelt
|
|upkeep
|turn|17
|inactive|cllout has 90 seconds left.
|
|t:|1668287945
|switch|p2a: Ray|Rayquaza|100/100
|-ability|p2a: Ray|Air Lock
|switch|p1a: Pelipper|Pelipper, F|100/100
|-weather|RainDance|[from] ability: Drizzle|[of] p1a: Pelipper
|
|-weather|RainDance|[upkeep]
|upkeep
|turn|18
|
|t:|1668287954
|switch|p1a: Zapdos|Zapdos|100/100
|detailschange|p2a: Ray|Rayquaza-Mega
|-mega|p2a: Ray|Rayquaza|
|-weather|DeltaStream|[from] ability: Delta Stream|[of] p2a: Ray
|move|p2a: Ray|Dragon Dance|p2a: Ray
|-boost|p2a: Ray|atk|1
|-boost|p2a: Ray|spe|1
|
|-weather|DeltaStream|[upkeep]
|upkeep
|turn|19
|inactive|cllout has 90 seconds left.
|
|t:|1668287964
|-start|p1a: Zapdos|Dynamax|
|-heal|p1a: Zapdos|100/100|[silent]
|move|p2a: Ray|Dragon Ascent|p1a: Zapdos
|-resisted|p1a: Zapdos
|-crit|p1a: Zapdos
|-damage|p1a: Zapdos|51/100
|-unboost|p2a: Ray|def|1
|-unboost|p2a: Ray|spd|1
|-damage|p2a: Ray|84/100|[from] item: Rocky Helmet|[of] p1a: Zapdos
|-damage|p2a: Ray|74/100|[from] item: Life Orb
|move|p1a: Zapdos|Max Airstream|p2a: Ray
|-damage|p2a: Ray|0 fnt
|-boost|p1a: Zapdos|spe|1
|faint|p2a: Ray
|-weather|none
|
|upkeep
|inactive|cllout has 60 seconds left.
|inactive|cllout has 30 seconds left.
|
|t:|1668288029
|switch|p2a: Caly|Calyrex-Shadow|1/100
|-ability|p2a: Caly|As One
|-ability|p2a: Caly|Unnerve
|turn|20
|
|t:|1668288037
|-end|p1a: Zapdos|Dynamax
|-heal|p1a: Zapdos|51/100|[silent]
|switch|p1a: Ferrothorn|Ferrothorn, F|48/100 par
|move|p2a: Caly|Astral Barrage|p1a: Ferrothorn
|-damage|p1a: Ferrothorn|0 fnt
|faint|p1a: Ferrothorn
|-ability|p2a: Caly|Grim Neigh|boost
|-boost|p2a: Caly|spa|1
|
|upkeep
|
|t:|1668288039
|switch|p1a: Pelipper|Pelipper, F|100/100
|-weather|RainDance|[from] ability: Drizzle|[of] p1a: Pelipper
|turn|21
|
|t:|1668288052
|switch|p1a: Zapdos|Zapdos|51/100
|move|p2a: Caly|Astral Barrage|p1a: Zapdos
|-damage|p1a: Zapdos|0 fnt
|faint|p1a: Zapdos
|-ability|p2a: Caly|Grim Neigh|boost
|-boost|p2a: Caly|spa|1
|
|-weather|RainDance|[upkeep]
|upkeep
|
|t:|1668288055
|switch|p1a: Swampert|Swampert-Mega, F|100/100
|turn|22
|
|t:|1668288074
|move|p1a: Swampert|Waterfall|p2a: Caly
|-damage|p2a: Caly|0 fnt
|faint|p2a: Caly
|
|-weather|RainDance|[upkeep]
|upkeep
|
|t:|1668288085
|switch|p2a: Shay|Shaymin-Sky, shiny|100/100
|turn|23
|
|t:|1668288097
|-start|p2a: Shay|Dynamax|
|-heal|p2a: Shay|100/100|[silent]
|move|p1a: Swampert|Ice Punch|p2a: Shay
|-supereffective|p2a: Shay
|-damage|p2a: Shay|23/100
|move|p2a: Shay|Max Overgrowth|p1a: Swampert
|-supereffective|p1a: Swampert
|-damage|p1a: Swampert|0 fnt
|-fieldstart|move: Grassy Terrain
|faint|p1a: Swampert
|
|-weather|RainDance|[upkeep]
|upkeep
|-message|lehuynhan forfeited.
|
|win|cllout
|raw|lehuynhan's rating: 1457 &rarr; <strong>1448</strong><br />(-9 for losing)
|raw|cllout's rating: 1671 &rarr; <strong>1680</strong><br />(+9 for winning)
|l|☆lehuynhan
