|j|☆Pkmn 1013
|j|☆coolthingdude
|t:|1666884253
|gametype|singles
|player|p1|Pkmn 1013|1|1564
|player|p2|coolthingdude|pilot|1686
|teamsize|p1|6
|teamsize|p2|6
|gen|8
|tier|[Gen 8] National Dex AG
|rated|
|rule|HP Percentage Mod: HP is shown in percentages
|rule|Endless Battle Clause: Forcing endless battles is banned
|clearpoke
|poke|p1|Zacian-*|
|poke|p1|Necrozma-Dusk-Mane|
|poke|p1|Ho-Oh|
|poke|p1|Yveltal|
|poke|p1|Ditto|
|poke|p1|Rayquaza|
|poke|p2|Xerneas-*|
|poke|p2|Marshadow|
|poke|p2|Regieleki|
|poke|p2|Zacian-*|
|poke|p2|Necrozma-Dusk-Mane|
|poke|p2|Ditto|
|teampreview
|
|t:|1666884267
|start
|switch|p1a: Rayquaza|Rayquaza|100/100
|switch|p2a: Regieleki|Regieleki|100/100
|-ability|p1a: Rayquaza|Air Lock
|turn|1
|
|t:|1666884275
|detailschange|p1a: Rayquaza|Rayquaza-Mega
|-mega|p1a: Rayquaza|Rayquaza|
|-weather|DeltaStream|[from] ability: Delta Stream|[of] p1a: Rayquaza
|move|p2a: Regieleki|Reflect|p2a: Regieleki
|-sidestart|p2: coolthingdude|Reflect
|move|p1a: Rayquaza|Dragon Ascent|p2a: Regieleki
|-resisted|p2a: Regieleki
|-damage|p2a: Regieleki|52/100
|-unboost|p1a: Rayquaza|def|1
|-unboost|p1a: Rayquaza|spd|1
|-damage|p1a: Rayquaza|91/100|[from] item: Life Orb
|
|-weather|DeltaStream|[upkeep]
|upkeep
|turn|2
|
|t:|1666884287
|move|p2a: Regieleki|Thunderbolt|p1a: Rayquaza
|-activate||deltastream
|-resisted|p1a: Rayquaza
|-damage|p1a: Rayquaza|59/100
|move|p1a: Rayquaza|V-create|p2a: Regieleki
|-damage|p2a: Regieleki|0 fnt
|-unboost|p1a: Rayquaza|spe|1
|-unboost|p1a: Rayquaza|def|1
|-unboost|p1a: Rayquaza|spd|1
|faint|p2a: Regieleki
|-damage|p1a: Rayquaza|49/100|[from] item: Life Orb
|
|-weather|DeltaStream|[upkeep]
|upkeep
|
|t:|1666884300
|switch|p2a: theif|Marshadow|100/100
|turn|3
|
|t:|1666884305
|-weather|none
|switch|p1a: Necrozma|Necrozma-Dusk-Mane|100/100
|move|p2a: theif|Spectral Thief|p1a: Necrozma
|-supereffective|p1a: Necrozma
|-damage|p1a: Necrozma|62/100
|-damage|p2a: theif|84/100|[from] item: Rocky Helmet|[of] p1a: Necrozma
|
|upkeep
|turn|4
|
|t:|1666884313
|switch|p2a: Necrozma|Necrozma-Dusk-Mane|100/100
|move|p1a: Necrozma|Morning Sun|p1a: Necrozma
|-heal|p1a: Necrozma|100/100
|
|upkeep
|turn|5
|
|t:|1666884327
|move|p2a: Necrozma|Thunder Wave|p1a: Necrozma
|-status|p1a: Necrozma|par
|move|p1a: Necrozma|Stealth Rock|p2a: Necrozma
|-sidestart|p2: coolthingdude|move: Stealth Rock
|
|upkeep
|turn|6
|
|t:|1666884338
|move|p2a: Necrozma|Stealth Rock|p1a: Necrozma
|-sidestart|p1: Pkmn 1013|move: Stealth Rock
|move|p1a: Necrozma|Knock Off|p2a: Necrozma
|-supereffective|p2a: Necrozma
|-damage|p2a: Necrozma|88/100
|-enditem|p2a: Necrozma|Shuca Berry|[from] move: Knock Off|[of] p1a: Necrozma
|
|upkeep
|turn|7
|
|t:|1666884347
|move|p2a: Necrozma|Thunder Wave|p1a: Necrozma
|-fail|p1a: Necrozma|par
|cant|p1a: Necrozma|par
|
|upkeep
|turn|8
|
|t:|1666884350
|move|p2a: Necrozma|Thunder Wave|p1a: Necrozma
|-fail|p1a: Necrozma|par
|move|p1a: Necrozma|Knock Off|p2a: Necrozma
|-supereffective|p2a: Necrozma
|-damage|p2a: Necrozma|79/100
|
|-sideend|p2: coolthingdude|Reflect
|upkeep
|turn|9
|
|t:|1666884355
|move|p2a: Necrozma|Thunder Wave|p1a: Necrozma
|-fail|p1a: Necrozma|par
|move|p1a: Necrozma|Knock Off|p2a: Necrozma
|-supereffective|p2a: Necrozma
|-damage|p2a: Necrozma|62/100
|
|upkeep
|turn|10
|
|t:|1666884361
|move|p2a: Necrozma|Thunder Wave|p1a: Necrozma
|-fail|p1a: Necrozma|par
|move|p1a: Necrozma|Knock Off|p2a: Necrozma
|-supereffective|p2a: Necrozma
|-damage|p2a: Necrozma|43/100
|
|upkeep
|turn|11
|
|t:|1666884366
|move|p2a: Necrozma|Thunder Wave|p1a: Necrozma
|-fail|p1a: Necrozma|par
|move|p1a: Necrozma|Knock Off|p2a: Necrozma
|-supereffective|p2a: Necrozma
|-damage|p2a: Necrozma|24/100
|
|upkeep
|turn|12
|
|t:|1666884371
|move|p2a: Necrozma|Moonlight|p2a: Necrozma
|-heal|p2a: Necrozma|74/100
|move|p1a: Necrozma|Knock Off|p2a: Necrozma
|-supereffective|p2a: Necrozma
|-damage|p2a: Necrozma|55/100
|
|upkeep
|turn|13
|
|t:|1666884377
|move|p2a: Necrozma|Thunder Wave|p1a: Necrozma
|-fail|p1a: Necrozma|par
|move|p1a: Necrozma|Knock Off|p2a: Necrozma
|-supereffective|p2a: Necrozma
|-damage|p2a: Necrozma|37/100
|
|upkeep
|turn|14
|
|t:|1666884381
|move|p2a: Necrozma|Moonlight|p2a: Necrozma
|-heal|p2a: Necrozma|87/100
|move|p1a: Necrozma|Knock Off|p2a: Necrozma
|-supereffective|p2a: Necrozma
|-damage|p2a: Necrozma|70/100
|
|upkeep
|turn|15
|
|t:|1666884385
|move|p2a: Necrozma|Thunder Wave|p1a: Necrozma|[miss]
|-miss|p2a: Necrozma|p1a: Necrozma
|move|p1a: Necrozma|Knock Off|p2a: Necrozma
|-supereffective|p2a: Necrozma
|-damage|p2a: Necrozma|52/100
|
|upkeep
|turn|16
|
|t:|1666884391
|move|p2a: Necrozma|Thunder Wave|p1a: Necrozma|[miss]
|-miss|p2a: Necrozma|p1a: Necrozma
|move|p1a: Necrozma|Knock Off|p2a: Necrozma
|-supereffective|p2a: Necrozma
|-damage|p2a: Necrozma|35/100
|
|upkeep
|turn|17
|
|t:|1666884396
|move|p2a: Necrozma|Thunder Wave|p1a: Necrozma
|-fail|p1a: Necrozma|par
|move|p1a: Necrozma|Knock Off|p2a: Necrozma
|-supereffective|p2a: Necrozma
|-damage|p2a: Necrozma|16/100
|
|upkeep
|turn|18
|
|t:|1666884401
|move|p2a: Necrozma|Moonlight|p2a: Necrozma
|-heal|p2a: Necrozma|66/100
|cant|p1a: Necrozma|par
|
|upkeep
|turn|19
|
|t:|1666884404
|move|p2a: Necrozma|Thunder Wave|p1a: Necrozma
|-fail|p1a: Necrozma|par
|move|p1a: Necrozma|Knock Off|p2a: Necrozma
|-supereffective|p2a: Necrozma
|-damage|p2a: Necrozma|47/100
|
|upkeep
|turn|20
|
|t:|1666884407
|move|p2a: Necrozma|Thunder Wave|p1a: Necrozma
|-fail|p1a: Necrozma|par
|move|p1a: Necrozma|Knock Off|p2a: Necrozma
|-supereffective|p2a: Necrozma
|-damage|p2a: Necrozma|29/100
|
|upkeep
|turn|21
|
|t:|1666884414
|move|p2a: Necrozma|Moonlight|p2a: Necrozma
|-heal|p2a: Necrozma|79/100
|move|p1a: Necrozma|Knock Off|p2a: Necrozma
|-supereffective|p2a: Necrozma
|-damage|p2a: Necrozma|62/100
|
|upkeep
|turn|22
|
|t:|1666884416
|move|p2a: Necrozma|Thunder Wave|p1a: Necrozma
|-fail|p1a: Necrozma|par
|cant|p1a: Necrozma|par
|
|upkeep
|turn|23
|
|t:|1666884422
|move|p2a: Necrozma|Thunder Wave|p1a: Necrozma
|-fail|p1a: Necrozma|par
|move|p1a: Necrozma|Knock Off|p2a: Necrozma
|-supereffective|p2a: Necrozma
|-damage|p2a: Necrozma|42/100
|
|upkeep
|turn|24
|
|t:|1666884430
|move|p2a: Necrozma|Thunder Wave|p1a: Necrozma
|-fail|p1a: Necrozma|par
|cant|p1a: Necrozma|par
|
|upkeep
|turn|25
|
|t:|1666884436
|move|p2a: Necrozma|Thunder Wave|p1a: Necrozma
|-fail|p1a: Necrozma|par
|move|p1a: Necrozma|Knock Off|p2a: Necrozma
|-supereffective|p2a: Necrozma
|-damage|p2a: Necrozma|25/100
|
|upkeep
|turn|26
|
|t:|1666884441
|move|p2a: Necrozma|Moonlight|p2a: Necrozma
|-heal|p2a: Necrozma|75/100
|move|p1a: Necrozma|Knock Off|p2a: Necrozma
|-supereffective|p2a: Necrozma
|-damage|p2a: Necrozma|56/100
|
|upkeep
|turn|27
|
|t:|1666884451
|move|p2a: Necrozma|Thunder Wave|p1a: Necrozma
|-fail|p1a: Necrozma|par
|move|p1a: Necrozma|Knock Off|p2a: Necrozma
|-supereffective|p2a: Necrozma
|-damage|p2a: Necrozma|37/100
|
|upkeep
|turn|28
|
|t:|1666884455
|move|p2a: Necrozma|Thunder Wave|p1a: Necrozma
|-fail|p1a: Necrozma|par
|move|p1a: Necrozma|Knock Off|p2a: Necrozma
|-supereffective|p2a: Necrozma
|-damage|p2a: Necrozma|19/100
|
|upkeep
|turn|29
|
|t:|1666884457
|move|p2a: Necrozma|Moonlight|p2a: Necrozma
|-heal|p2a: Necrozma|69/100
|move|p1a: Necrozma|Knock Off|p2a: Necrozma
|-supereffective|p2a: Necrozma
|-damage|p2a: Necrozma|52/100
|
|upkeep
|turn|30
|
|t:|1666884461
|move|p2a: Necrozma|Thunder Wave|p1a: Necrozma
|-fail|p1a: Necrozma|par
|move|p1a: Necrozma|Knock Off|p2a: Necrozma
|-supereffective|p2a: Necrozma
|-damage|p2a: Necrozma|35/100
|
|upkeep
|turn|31
|
|t:|1666884466
|move|p2a: Necrozma|Thunder Wave|p1a: Necrozma
|-fail|p1a: Necrozma|par
|cant|p1a: Necrozma|par
|
|upkeep
|turn|32
|
|t:|1666884469
|move|p2a: Necrozma|Thunder Wave|p1a: Necrozma
|-fail|p1a: Necrozma|par
|cant|p1a: Necrozma|par
|
|upkeep
|turn|33
|
|t:|1666884471
|move|p2a: Necrozma|Thunder Wave|p1a: Necrozma
|-fail|p1a: Necrozma|par
|move|p1a: Necrozma|Knock Off|p2a: Necrozma
|-supereffective|p2a: Necrozma
|-damage|p2a: Necrozma|18/100
|
|upkeep
|turn|34
|
|t:|1666884475
|move|p2a: Necrozma|Moonlight|p2a: Necrozma
|-heal|p2a: Necrozma|68/100
|move|p1a: Necrozma|Knock Off|p2a: Necrozma
|-supereffective|p2a: Necrozma
|-damage|p2a: Necrozma|50/100
|
|upkeep
|turn|35
|
|t:|1666884478
|move|p2a: Necrozma|Thunder Wave|p1a: Necrozma
|-fail|p1a: Necrozma|par
|cant|p1a: Necrozma|par
|
|upkeep
|turn|36
|
|t:|1666884484
|move|p2a: Necrozma|Thunder Wave|p1a: Necrozma
|-fail|p1a: Necrozma|par
|move|p1a: Necrozma|Knock Off|p2a: Necrozma
|-supereffective|p2a: Necrozma
|-damage|p2a: Necrozma|32/100
|
|upkeep
|turn|37
|
|t:|1666884492
|move|p2a: Necrozma|Thunder Wave|p1a: Necrozma|[miss]
|-miss|p2a: Necrozma|p1a: Necrozma
|cant|p1a: Necrozma|par
|
|upkeep
|turn|38
|
|t:|1666884495
|move|p2a: Necrozma|Thunder Wave|p1a: Necrozma
|-fail|p1a: Necrozma|par
|move|p1a: Necrozma|Knock Off|p2a: Necrozma
|-supereffective|p2a: Necrozma
|-damage|p2a: Necrozma|13/100
|
|upkeep
|turn|39
|
|t:|1666884498
|move|p2a: Necrozma|Moonlight|p2a: Necrozma
|-heal|p2a: Necrozma|63/100
|move|p1a: Necrozma|Knock Off|p2a: Necrozma
|-supereffective|p2a: Necrozma
|-damage|p2a: Necrozma|46/100
|
|upkeep
|turn|40
|
|t:|1666884501
|move|p2a: Necrozma|Thunder Wave|p1a: Necrozma
|-fail|p1a: Necrozma|par
|move|p1a: Necrozma|Knock Off|p2a: Necrozma
|-supereffective|p2a: Necrozma
|-damage|p2a: Necrozma|27/100
|
|upkeep
|turn|41
|
|t:|1666884506
|move|p2a: Necrozma|Thunder Wave|p1a: Necrozma
|-fail|p1a: Necrozma|par
|move|p1a: Necrozma|Knock Off|p2a: Necrozma
|-supereffective|p2a: Necrozma
|-damage|p2a: Necrozma|11/100
|
|upkeep
|turn|42
|
|t:|1666884512
|move|p2a: Necrozma|Thunder Wave|p1a: Necrozma
|-fail|p1a: Necrozma|par
|move|p1a: Necrozma|Knock Off|p2a: Necrozma
|-supereffective|p2a: Necrozma
|-damage|p2a: Necrozma|0 fnt
|faint|p2a: Necrozma
|
|upkeep
|
|t:|1666884515
|switch|p2a: FAT|Xerneas|100/100
|-damage|p2a: FAT|88/100|[from] Stealth Rock
|-ability|p2a: FAT|Fairy Aura
|turn|43
|
|t:|1666884518
|move|p2a: FAT|Geomancy||[still]
|-prepare|p2a: FAT|Geomancy
|-enditem|p2a: FAT|Power Herb
|-anim|p2a: FAT|Geomancy|p2a: FAT
|-boost|p2a: FAT|spa|2
|-boost|p2a: FAT|spd|2
|-boost|p2a: FAT|spe|2
|move|p1a: Necrozma|Sunsteel Strike|p2a: FAT
|-supereffective|p2a: FAT
|-damage|p2a: FAT|2/100
|
|upkeep
|turn|44
|
|t:|1666884528
|-start|p2a: FAT|Dynamax|
|-heal|p2a: FAT|2/100|[silent]
|move|p2a: FAT|Max Quake|p1a: Necrozma
|-supereffective|p1a: Necrozma
|-damage|p1a: Necrozma|3/100 par
|-boost|p2a: FAT|spd|1
|move|p1a: Necrozma|Sunsteel Strike|p2a: FAT
|-supereffective|p2a: FAT
|-damage|p2a: FAT|0 fnt
|faint|p2a: FAT
|
|upkeep
|
|t:|1666884540
|switch|p2a: Doggo|Zacian-Crowned|100/100
|-damage|p2a: Doggo|94/100|[from] Stealth Rock
|-ability|p2a: Doggo|Intrepid Sword|boost
|-boost|p2a: Doggo|atk|1
|turn|45
|
|t:|1666884545
|move|p2a: Doggo|Wild Charge|p1a: Necrozma
|-damage|p1a: Necrozma|0 fnt
|-damage|p2a: Doggo|78/100|[from] item: Rocky Helmet|[of] p1a: Necrozma
|faint|p1a: Necrozma
|-damage|p2a: Doggo|77/100|[from] Recoil
|
|upkeep
|
|t:|1666884548
|switch|p1a: Ditto|Ditto|100/100
|-damage|p1a: Ditto|88/100|[from] Stealth Rock
|-transform|p1a: Ditto|p2a: Doggo|[from] ability: Imposter
|-ability|p1a: Ditto|Intrepid Sword|boost
|-boost|p1a: Ditto|atk|1
|turn|46
|
|t:|1666884551
|move|p1a: Ditto|Behemoth Blade|p2a: Doggo
|-damage|p2a: Doggo|0 fnt
|faint|p2a: Doggo
|
|upkeep
|
|t:|1666884554
|switch|p2a: theif|Marshadow|84/100
|-damage|p2a: theif|78/100|[from] Stealth Rock
|turn|47
|
|t:|1666884556
|move|p2a: theif|Shadow Sneak|p1a: Ditto
|-damage|p1a: Ditto|58/100
|move|p1a: Ditto|Behemoth Blade|p2a: theif
|-damage|p2a: theif|0 fnt
|faint|p2a: theif
|
|upkeep
|-message|coolthingdude forfeited.
|
|win|Pkmn 1013
|raw|Pkmn 1013's rating: 1564 &rarr; <strong>1591</strong><br />(+27 for winning)
|raw|coolthingdude's rating: 1686 &rarr; <strong>1659</strong><br />(-27 for losing)
|l|☆coolthingdude
