|j|☆PepsiPHD
|j|☆pikkltheef
|t:|1663647494
|gametype|singles
|player|p1|PepsiPHD|li|1580
|player|p2|pikkltheef|skyla|1543
|teamsize|p1|6
|teamsize|p2|6
|gen|8
|tier|[Gen 8] National Dex AG
|rated|
|rule|HP Percentage Mod: HP is shown in percentages
|rule|Endless Battle Clause: Forcing endless battles is banned
|clearpoke
|poke|p1|Flygon, M|
|poke|p1|Banette, M|
|poke|p1|Scizor, M|
|poke|p1|Moltres-Galar|
|poke|p1|Lugia|
|poke|p1|Regieleki|
|poke|p2|Dragapult, F|
|poke|p2|Arcanine, M|
|poke|p2|Milotic, M|
|poke|p2|Umbreon, M|
|poke|p2|Tyranitar, M|
|poke|p2|Venusaur, F|
|teampreview
|
|t:|1663647508
|start
|switch|p1a: Flygon|Flygon, M|100/100
|switch|p2a: Captain|Umbreon, M|100/100
|turn|1
|
|t:|1663647513
|switch|p2a: Venusaur|Venusaur, F|100/100
|move|p1a: Flygon|U-turn|p2a: Venusaur
|-damage|p2a: Venusaur|74/100
|
|t:|1663647517
|switch|p1a: Lugia|Lugia|100/100|[from]move: U-turn
|-ability|p1a: Lugia|Pressure
|
|upkeep
|turn|2
|
|t:|1663647522
|detailschange|p2a: Venusaur|Venusaur-Mega, F
|-mega|p2a: Venusaur|Venusaur|Venusaurite
|move|p1a: Lugia|Trick||[still]
|-fail|p1a: Lugia
|move|p2a: Venusaur|Sleep Powder|p1a: Lugia|[miss]
|-miss|p2a: Venusaur|p1a: Lugia
|
|upkeep
|turn|3
|
|t:|1663647532
|switch|p1a: Scizor|Scizor, M|100/100
|move|p2a: Venusaur|Sleep Powder|p1a: Scizor
|-status|p1a: Scizor|slp|[from] move: Sleep Powder
|-enditem|p1a: Scizor|Lum Berry|[eat]
|-curestatus|p1a: Scizor|slp|[msg]
|
|upkeep
|turn|4
|
|t:|1663647535
|move|p2a: Venusaur|Hidden Power|p1a: Scizor
|-supereffective|p1a: Scizor
|-damage|p1a: Scizor|0 fnt
|faint|p1a: Scizor
|
|upkeep
|
|t:|1663647542
|switch|p1a: Lugia|Lugia|100/100
|-ability|p1a: Lugia|Pressure
|turn|5
|
|t:|1663647549
|switch|p2a: Captain|Umbreon, M|100/100
|move|p1a: Lugia|Psycho Boost|p2a: Captain
|-immune|p2a: Captain
|
|upkeep
|turn|6
|
|t:|1663647555
|switch|p1a: Flygon|Flygon, M|100/100
|move|p2a: Captain|Toxic|p1a: Flygon
|-status|p1a: Flygon|tox
|
|-damage|p1a: Flygon|95/100 tox|[from] psn
|upkeep
|turn|7
|
|t:|1663647558
|move|p2a: Captain|Protect|p2a: Captain
|-singleturn|p2a: Captain|Protect
|move|p1a: Flygon|U-turn|p2a: Captain
|-activate|p2a: Captain|move: Protect
|
|-damage|p1a: Flygon|83/100 tox|[from] psn
|upkeep
|turn|8
|
|t:|1663647562
|move|p1a: Flygon|U-turn|p2a: Captain
|-supereffective|p2a: Captain
|-damage|p2a: Captain|75/100
|
|t:|1663647567
|switch|p1a: Regieleki|Regieleki|100/100|[from]move: U-turn
|move|p2a: Captain|Wish|p2a: Captain
|
|-heal|p2a: Captain|81/100|[from] item: Leftovers
|upkeep
|turn|9
|inactive|Battle timer is ON: inactive players will automatically lose when time's up. (requested by pikkltheef)
|
|t:|1663647572
|switch|p2a: Rango|Tyranitar, M|100/100
|-weather|Sandstorm|[from] ability: Sand Stream|[of] p2a: Rango
|move|p1a: Regieleki|Volt Switch|p2a: Rango
|-damage|p2a: Rango|85/100
|
|t:|1663647578
|switch|p1a: Flygon|Flygon, M|83/100 tox|[from]move: Volt Switch
|
|-weather|Sandstorm|[upkeep]
|-heal|p2a: Rango|100/100|[from] move: Wish|[wisher] Captain
|-damage|p1a: Flygon|77/100 tox|[from] psn
|upkeep
|turn|10
|
|t:|1663647581
|switch|p2a: Captain|Umbreon, M|81/100
|move|p1a: Flygon|Earthquake|p2a: Captain
|-damage|p2a: Captain|53/100
|
|-weather|Sandstorm|[upkeep]
|-damage|p2a: Captain|46/100|[from] Sandstorm
|-heal|p2a: Captain|53/100|[from] item: Leftovers
|-damage|p1a: Flygon|65/100 tox|[from] psn
|upkeep
|turn|11
|
|t:|1663647588
|switch|p1a: Regieleki|Regieleki|100/100
|move|p2a: Captain|Protect||[still]
|-fail|p2a: Captain
|
|-weather|Sandstorm|[upkeep]
|-damage|p1a: Regieleki|95/100|[from] Sandstorm
|-damage|p2a: Captain|46/100|[from] Sandstorm
|-heal|p2a: Captain|53/100|[from] item: Leftovers
|upkeep
|turn|12
|
|t:|1663647591
|move|p1a: Regieleki|Volt Switch|p2a: Captain
|-damage|p2a: Captain|15/100
|
|t:|1663647597
|switch|p1a: Banette|Banette, M|100/100|[from]move: Volt Switch
|move|p2a: Captain|Wish|p2a: Captain
|
|-weather|Sandstorm|[upkeep]
|-damage|p1a: Banette|95/100|[from] Sandstorm
|-damage|p2a: Captain|9/100|[from] Sandstorm
|-heal|p2a: Captain|15/100|[from] item: Leftovers
|upkeep
|turn|13
|
|t:|1663647600
|detailschange|p1a: Banette|Banette-Mega, M
|-mega|p1a: Banette|Banette|Banettite
|move|p2a: Captain|Protect|p2a: Captain
|-singleturn|p2a: Captain|Protect
|move|p1a: Banette|Substitute|p1a: Banette
|-start|p1a: Banette|Substitute
|-damage|p1a: Banette|70/100
|
|-weather|none
|-heal|p2a: Captain|65/100|[from] move: Wish|[wisher] Captain
|-heal|p2a: Captain|71/100|[from] item: Leftovers
|upkeep
|turn|14
|
|t:|1663647605
|move|p1a: Banette|Gunk Shot|p2a: Captain
|-damage|p2a: Captain|39/100
|move|p2a: Captain|Foul Play|p1a: Banette
|-supereffective|p1a: Banette
|-end|p1a: Banette|Substitute
|
|-heal|p2a: Captain|45/100|[from] item: Leftovers
|upkeep
|turn|15
|
|t:|1663647610
|move|p1a: Banette|Substitute|p1a: Banette
|-start|p1a: Banette|Substitute
|-damage|p1a: Banette|45/100
|move|p2a: Captain|Wish|p2a: Captain
|
|-heal|p2a: Captain|51/100|[from] item: Leftovers
|upkeep
|turn|16
|
|t:|1663647612
|move|p1a: Banette|Gunk Shot|p2a: Captain
|-damage|p2a: Captain|22/100
|move|p2a: Captain|Foul Play|p1a: Banette
|-supereffective|p1a: Banette
|-end|p1a: Banette|Substitute
|
|-heal|p2a: Captain|72/100|[from] move: Wish|[wisher] Captain
|-heal|p2a: Captain|78/100|[from] item: Leftovers
|upkeep
|turn|17
|
|t:|1663647616
|move|p1a: Banette|Substitute|p1a: Banette
|-start|p1a: Banette|Substitute
|-damage|p1a: Banette|20/100
|move|p2a: Captain|Wish|p2a: Captain
|
|-heal|p2a: Captain|84/100|[from] item: Leftovers
|upkeep
|turn|18
|
|t:|1663647619
|move|p1a: Banette|Gunk Shot|p2a: Captain
|-damage|p2a: Captain|51/100
|-status|p2a: Captain|psn
|-activate|p2a: Captain|ability: Synchronize
|-status|p1a: Banette|psn
|move|p2a: Captain|Foul Play|p1a: Banette
|-supereffective|p1a: Banette
|-end|p1a: Banette|Substitute
|
|-heal|p2a: Captain|100/100 psn|[from] move: Wish|[wisher] Captain
|-damage|p1a: Banette|8/100 psn|[from] psn
|-damage|p2a: Captain|88/100 psn|[from] psn
|upkeep
|turn|19
|
|t:|1663647629
|move|p1a: Banette|Gunk Shot|p2a: Captain
|-damage|p2a: Captain|55/100 psn
|move|p2a: Captain|Wish|p2a: Captain
|
|-heal|p2a: Captain|61/100 psn|[from] item: Leftovers
|-damage|p1a: Banette|0 fnt|[from] psn
|faint|p1a: Banette
|-damage|p2a: Captain|48/100 psn|[from] psn
|upkeep
|
|t:|1663647639
|switch|p1a: Regieleki|Regieleki|95/100
|turn|20
|
|t:|1663647644
|-start|p1a: Regieleki|Dynamax|
|-heal|p1a: Regieleki|95/100|[silent]
|move|p1a: Regieleki|Max Lightning|p2a: Captain
|-damage|p2a: Captain|0 fnt
|-fieldstart|move: Electric Terrain
|faint|p2a: Captain
|
|upkeep
|
|t:|1663647647
|switch|p2a: Rango|Tyranitar, M|100/100
|-weather|Sandstorm|[from] ability: Sand Stream|[of] p2a: Rango
|turn|21
|c|☆pikkltheef|hoo boy ur in for a treaty treat
|
|t:|1663647657
|-start|p2a: Rango|Dynamax|
|-heal|p2a: Rango|100/100|[silent]
|move|p1a: Regieleki|Max Lightning|p2a: Rango
|-damage|p2a: Rango|83/100
|move|p2a: Rango|Max Quake|p1a: Regieleki
|-supereffective|p1a: Regieleki
|-damage|p1a: Regieleki|14/100
|-boost|p2a: Rango|spd|1
|
|-weather|Sandstorm|[upkeep]
|-damage|p1a: Regieleki|11/100|[from] Sandstorm
|upkeep
|turn|22
|
|t:|1663647668
|move|p1a: Regieleki|Max Lightning|p2a: Rango
|-damage|p2a: Rango|69/100
|move|p2a: Rango|Max Steelspike|p1a: Regieleki
|-resisted|p1a: Regieleki
|-damage|p1a: Regieleki|0 fnt
|-boost|p2a: Rango|def|1
|faint|p1a: Regieleki
|
|-weather|Sandstorm|[upkeep]
|upkeep
|
|t:|1663647679
|switch|p1a: Flygon|Flygon, M|65/100 tox
|turn|23
|
|t:|1663647684
|move|p1a: Flygon|U-turn|p2a: Rango
|-supereffective|p2a: Rango
|-damage|p2a: Rango|58/100
|
|t:|1663647686
|switch|p1a: Moltres|Moltres-Galar|100/100|[from]move: U-turn
|move|p2a: Rango|Max Darkness|p1a: Moltres
|-resisted|p1a: Moltres
|-damage|p1a: Moltres|66/100
|-unboost|p1a: Moltres|spd|1
|
|-weather|Sandstorm|[upkeep]
|-damage|p1a: Moltres|59/100|[from] Sandstorm
|-heal|p1a: Moltres|66/100|[from] item: Leftovers
|upkeep
|-end|p2a: Rango|Dynamax
|-heal|p2a: Rango|58/100|[silent]
|turn|24
|
|t:|1663647692
|move|p1a: Moltres|Air Slash|p2a: Rango
|-resisted|p2a: Rango
|-damage|p2a: Rango|55/100
|move|p2a: Rango|Stone Edge|p1a: Moltres
|-supereffective|p1a: Moltres
|-damage|p1a: Moltres|0 fnt
|faint|p1a: Moltres
|
|-weather|Sandstorm|[upkeep]
|-fieldend|move: Electric Terrain
|upkeep
|
|t:|1663647697
|switch|p1a: Flygon|Flygon, M|65/100 tox
|turn|25
|
|t:|1663647700
|move|p1a: Flygon|Earthquake|p2a: Rango
|-supereffective|p2a: Rango
|-damage|p2a: Rango|7/100
|move|p2a: Rango|Crunch|p1a: Flygon
|-damage|p1a: Flygon|14/100 tox
|
|-weather|none
|-damage|p1a: Flygon|8/100 tox|[from] psn
|upkeep
|turn|26
|
|t:|1663647703
|move|p1a: Flygon|Earthquake|p2a: Rango
|-supereffective|p2a: Rango
|-damage|p2a: Rango|0 fnt
|faint|p2a: Rango
|
|-damage|p1a: Flygon|0 fnt|[from] psn
|faint|p1a: Flygon
|upkeep
|
|t:|1663647706
|switch|p1a: Lugia|Lugia|100/100
|switch|p2a: Doc|Dragapult, F, shiny|100/100
|-ability|p1a: Lugia|Pressure
|turn|27
|
|t:|1663647710
|move|p2a: Doc|Substitute|p2a: Doc
|-start|p2a: Doc|Substitute
|-damage|p2a: Doc|76/100
|move|p1a: Lugia|Trick||[still]
|-fail|p1a: Lugia
|
|-heal|p2a: Doc|82/100|[from] item: Leftovers
|upkeep
|turn|28
|
|t:|1663647715
|move|p2a: Doc|Dragon Dance|p2a: Doc
|-boost|p2a: Doc|atk|1
|-boost|p2a: Doc|spe|1
|move|p1a: Lugia|Trick||[still]
|-fail|p1a: Lugia
|
|-heal|p2a: Doc|88/100|[from] item: Leftovers
|upkeep
|turn|29
|c|☆pikkltheef|F
|c|☆PepsiPHD|gg
|-message|PepsiPHD forfeited.
|
|win|pikkltheef
|raw|PepsiPHD's rating: 1580 &rarr; <strong>1558</strong><br />(-22 for losing)
|raw|pikkltheef's rating: 1543 &rarr; <strong>1565</strong><br />(+22 for winning)
|c|☆pikkltheef|gg gg
|l|☆PepsiPHD
|c|☆pikkltheef|wp
