|j|☆Remy Savage
|j|☆Purrglar
|t:|1658053103
|gametype|singles
|player|p1|Remy Savage|mars|1474
|player|p2|Purrglar|petrel|1404
|teamsize|p1|6
|teamsize|p2|6
|gen|8
|tier|[Gen 8] National Dex AG
|rated|
|rule|HP Percentage Mod: HP is shown in percentages
|rule|Endless Battle Clause: Forcing endless battles is banned
|clearpoke
|poke|p1|Rayquaza|
|poke|p1|Aegislash, F|
|poke|p1|Breloom, F|
|poke|p1|Magearna|
|poke|p1|Dracovish|
|poke|p1|Mewtwo|
|poke|p2|Pelipper, F|
|poke|p2|Seismitoad, F|
|poke|p2|Arceus-*|
|poke|p2|Barraskewda, F|
|poke|p2|Cloyster, F|
|poke|p2|Blastoise, M|
|teampreview
|inactive|Battle timer is ON: inactive players will automatically lose when time's up. (requested by Purrglar)
|inactive|Remy Savage also wants the timer to be on.
|
|t:|1658053111
|start
|switch|p1a: Dracovish|Dracovish|100/100
|switch|p2a: Cloyster|Cloyster, F|100/100
|turn|1
|
|t:|1658053119
|move|p2a: Cloyster|Shell Smash|p2a: Cloyster
|-unboost|p2a: Cloyster|def|1
|-unboost|p2a: Cloyster|spd|1
|-boost|p2a: Cloyster|atk|2
|-boost|p2a: Cloyster|spa|2
|-boost|p2a: Cloyster|spe|2
|move|p1a: Dracovish|Fishious Rend|p2a: Cloyster
|-resisted|p2a: Cloyster
|-damage|p2a: Cloyster|50/100
|
|upkeep
|turn|2
|
|t:|1658053129
|move|p2a: Cloyster|Icicle Spear|p1a: Dracovish
|-damage|p1a: Dracovish|79/100
|-damage|p1a: Dracovish|58/100
|-damage|p1a: Dracovish|38/100
|-damage|p1a: Dracovish|19/100
|-damage|p1a: Dracovish|0 fnt
|faint|p1a: Dracovish
|-hitcount|p1: Dracovish|5
|
|upkeep
|
|t:|1658053141
|switch|p1a: Magearna|Magearna|100/100
|turn|3
|
|t:|1658053146
|move|p2a: Cloyster|Icicle Spear|p1a: Magearna
|-resisted|p1a: Magearna
|-damage|p1a: Magearna|91/100
|-resisted|p1a: Magearna
|-damage|p1a: Magearna|82/100
|-resisted|p1a: Magearna
|-damage|p1a: Magearna|72/100
|-resisted|p1a: Magearna
|-damage|p1a: Magearna|61/100
|-resisted|p1a: Magearna
|-damage|p1a: Magearna|51/100
|-hitcount|p1a: Magearna|5
|move|p1a: Magearna|Heart Swap|p2a: Cloyster
|-swapboost|p1a: Magearna|p2a: Cloyster|[from] move: Heart Swap
|
|upkeep
|turn|4
|
|t:|1658053164
|move|p2a: Cloyster|Ice Shard|p1a: Magearna
|-resisted|p1a: Magearna
|-damage|p1a: Magearna|40/100
|move|p1a: Magearna|Iron Head|p2a: Cloyster
|-damage|p2a: Cloyster|10/100
|
|upkeep
|turn|5
|
|t:|1658053175
|move|p2a: Cloyster|Ice Shard|p1a: Magearna
|-resisted|p1a: Magearna
|-damage|p1a: Magearna|28/100
|move|p1a: Magearna|Baton Pass|p1a: Magearna
|
|t:|1658053193
|switch|p1a: Mewtwo|Mewtwo|100/100|[from]move: Baton Pass
|-ability|p1a: Mewtwo|Pressure
|
|upkeep
|turn|6
|
|t:|1658053202
|detailschange|p1a: Mewtwo|Mewtwo-Mega-X
|-mega|p1a: Mewtwo|Mewtwo|Mewtwonite X
|move|p2a: Cloyster|Ice Shard|p1a: Mewtwo
|-damage|p1a: Mewtwo|71/100
|move|p1a: Mewtwo|Drain Punch|p2a: Cloyster
|-supereffective|p2a: Cloyster
|-damage|p2a: Cloyster|0 fnt
|-heal|p1a: Mewtwo|75/100|[from] drain|[of] p2a: Cloyster
|faint|p2a: Cloyster
|
|upkeep
|
|t:|1658053213
|switch|p2a: Pelipper|Pelipper, F|100/100
|-weather|RainDance|[from] ability: Drizzle|[of] p2a: Pelipper
|turn|7
|
|t:|1658053219
|move|p1a: Mewtwo|Ice Punch|p2a: Pelipper
|-damage|p2a: Pelipper|11/100
|move|p2a: Pelipper|Hurricane|p1a: Mewtwo
|-supereffective|p1a: Mewtwo
|-damage|p1a: Mewtwo|0 fnt
|faint|p1a: Mewtwo
|
|-weather|RainDance|[upkeep]
|upkeep
|
|t:|1658053232
|switch|p1a: Aegislash|Aegislash, F|100/100
|turn|8
|
|t:|1658053240
|switch|p2a: Seismitoad|Seismitoad, F|100/100
|-formechange|p1a: Aegislash|Aegislash-Blade||[from] ability: Stance Change
|move|p1a: Aegislash|Shadow Sneak|p2a: Seismitoad
|-damage|p2a: Seismitoad|73/100
|
|-weather|RainDance|[upkeep]
|upkeep
|turn|9
|
|t:|1658053249
|-formechange|p1a: Aegislash|Aegislash||[from] ability: Stance Change
|move|p1a: Aegislash|King's Shield|p1a: Aegislash
|-singleturn|p1a: Aegislash|Protect
|move|p2a: Seismitoad|Earth Power|p1a: Aegislash
|-activate|p1a: Aegislash|move: Protect
|
|-weather|RainDance|[upkeep]
|upkeep
|turn|10
|
|t:|1658053260
|switch|p1a: Rayquaza|Rayquaza|100/100
|-ability|p1a: Rayquaza|Air Lock
|move|p2a: Seismitoad|Stealth Rock|p1a: Rayquaza
|-sidestart|p1: Remy Savage|move: Stealth Rock
|
|-weather|RainDance|[upkeep]
|upkeep
|turn|11
|
|t:|1658053274
|move|p1a: Rayquaza|Dragon Ascent|p2a: Seismitoad
|-damage|p2a: Seismitoad|0 fnt
|-unboost|p1a: Rayquaza|def|1
|-unboost|p1a: Rayquaza|spd|1
|faint|p2a: Seismitoad
|
|-weather|RainDance|[upkeep]
|upkeep
|
|t:|1658053281
|switch|p2a: Arceus|Arceus-Water|100/100
|turn|12
|
|t:|1658053285
|switch|p1a: Breloom|Breloom, F|100/100
|-damage|p1a: Breloom|94/100|[from] Stealth Rock
|move|p2a: Arceus|Stone Edge|p1a: Breloom
|-resisted|p1a: Breloom
|-damage|p1a: Breloom|70/100
|
|-weather|RainDance|[upkeep]
|upkeep
|turn|13
|
|t:|1658053301
|-start|p2a: Arceus|Dynamax|
|-heal|p2a: Arceus|100/100|[silent]
|move|p2a: Arceus|Max Strike|p1a: Breloom
|-damage|p1a: Breloom|0 fnt
|faint|p1a: Breloom
|
|-weather|RainDance|[upkeep]
|upkeep
|
|t:|1658053316
|switch|p1a: Magearna|Magearna|28/100
|-damage|p1a: Magearna|22/100|[from] Stealth Rock
|turn|14
|
|t:|1658053325
|move|p2a: Arceus|Max Geyser|p1a: Magearna
|-crit|p1a: Magearna
|-damage|p1a: Magearna|0 fnt
|faint|p1a: Magearna
|
|-weather|none
|upkeep
|
|t:|1658053334
|switch|p1a: Aegislash|Aegislash, F|100/100
|-damage|p1a: Aegislash|94/100|[from] Stealth Rock
|turn|15
|
|t:|1658053338
|move|p1a: Aegislash|King's Shield|p1a: Aegislash
|-singleturn|p1a: Aegislash|Protect
|move|p2a: Arceus|Max Geyser|p1a: Aegislash
|-zbroken|p1a: Aegislash
|-damage|p1a: Aegislash|80/100
|-weather|RainDance
|
|-weather|RainDance|[upkeep]
|upkeep
|-end|p2a: Arceus|Dynamax
|-heal|p2a: Arceus|100/100|[silent]
|turn|16
|
|t:|1658053352
|move|p2a: Arceus|Liquidation|p1a: Aegislash
|-damage|p1a: Aegislash|16/100
|-formechange|p1a: Aegislash|Aegislash-Blade||[from] ability: Stance Change
|move|p1a: Aegislash|Iron Head|p2a: Arceus
|-resisted|p2a: Arceus
|-crit|p2a: Arceus
|-damage|p2a: Arceus|74/100
|
|-weather|RainDance|[upkeep]
|upkeep
|turn|17
|
|t:|1658053362
|move|p1a: Aegislash|Shadow Sneak|p2a: Arceus
|-damage|p2a: Arceus|54/100
|move|p2a: Arceus|Stone Edge|p1a: Aegislash
|-resisted|p1a: Aegislash
|-damage|p1a: Aegislash|0 fnt
|faint|p1a: Aegislash
|
|-weather|RainDance|[upkeep]
|upkeep
|
|t:|1658053371
|switch|p1a: Rayquaza|Rayquaza|100/100
|-damage|p1a: Rayquaza|76/100|[from] Stealth Rock
|-ability|p1a: Rayquaza|Air Lock
|turn|18
|
|t:|1658053380
|-start|p1a: Rayquaza|Dynamax|
|-heal|p1a: Rayquaza|76/100|[silent]
|move|p2a: Arceus|Stone Edge|p1a: Rayquaza
|-supereffective|p1a: Rayquaza
|-damage|p1a: Rayquaza|44/100
|move|p1a: Rayquaza|Max Airstream|p2a: Arceus
|-damage|p2a: Arceus|0 fnt
|-boost|p1a: Rayquaza|spe|1
|faint|p2a: Arceus
|
|-weather|RainDance|[upkeep]
|upkeep
|
|t:|1658053395
|switch|p2a: Blastoise|Blastoise, M|100/100
|turn|19
|
|t:|1658053402
|detailschange|p2a: Blastoise|Blastoise-Mega, M
|-mega|p2a: Blastoise|Blastoise|Blastoisinite
|move|p1a: Rayquaza|Max Airstream|p2a: Blastoise
|-crit|p2a: Blastoise
|-damage|p2a: Blastoise|0 fnt
|-boost|p1a: Rayquaza|spe|1
|faint|p2a: Blastoise
|
|-weather|none
|upkeep
|
|t:|1658053409
|switch|p2a: Barraskewda|Barraskewda, F|100/100
|turn|20
|
|t:|1658053414
|move|p1a: Rayquaza|Max Wyrmwind|p2a: Barraskewda
|-damage|p2a: Barraskewda|0 fnt
|faint|p2a: Barraskewda
|
|upkeep
|
|t:|1658053418
|switch|p2a: Pelipper|Pelipper, F|11/100
|-weather|RainDance|[from] ability: Drizzle|[of] p2a: Pelipper
|-end|p1a: Rayquaza|Dynamax
|-heal|p1a: Rayquaza|44/100|[silent]
|turn|21
|
|t:|1658053426
|move|p1a: Rayquaza|Dragon Claw|p2a: Pelipper
|-damage|p2a: Pelipper|0 fnt
|faint|p2a: Pelipper
|
|win|Remy Savage
|raw|Remy Savage's rating: 1474 &rarr; <strong>1490</strong><br />(+16 for winning)
|raw|Purrglar's rating: 1404 &rarr; <strong>1388</strong><br />(-16 for losing)
|l|☆Purrglar
