|j|☆pokemonkorea co kr
|j|☆ReactJS3
|t:|1626097702
|gametype|singles
|player|p1|pokemonkorea co kr|wally|1829
|player|p2|ReactJS3|265|1887
|teamsize|p1|6
|teamsize|p2|6
|gen|8
|tier|[Gen 8] National Dex AG
|rated|
|rule|HP Percentage Mod: HP is shown in percentages
|rule|Endless Battle Clause: Forcing endless battles is banned
|clearpoke
|poke|p1|Ho-Oh|
|poke|p1|Ho-Oh|
|poke|p1|Yveltal|
|poke|p1|Necrozma-Dusk-Mane|
|poke|p1|Zygarde|
|poke|p1|Groudon|
|poke|p2|Rayquaza|
|poke|p2|Zacian-*|
|poke|p2|Yveltal|
|poke|p2|Groudon|
|poke|p2|Ho-Oh|
|poke|p2|Ditto|
|teampreview
|l|☆pokemonkorea co kr
|player|p1|
|j|☆pokemonkorea co kr
|player|p1|pokemonkorea co kr|wally
|
|t:|1626097727
|start
|switch|p1a: Zygarde|Zygarde|100/100
|switch|p2a: Ho-Oh|Ho-Oh|100/100
|turn|1
|
|t:|1626097762
|move|p1a: Zygarde|Coil|p1a: Zygarde
|-boost|p1a: Zygarde|atk|1
|-boost|p1a: Zygarde|def|1
|-boost|p1a: Zygarde|accuracy|1
|move|p2a: Ho-Oh|Toxic|p1a: Zygarde
|-status|p1a: Zygarde|tox
|
|-damage|p1a: Zygarde|94/100 tox|[from] psn
|upkeep
|turn|2
|
|t:|1626097765
|move|p1a: Zygarde|Thousand Arrows|p2a: Ho-Oh
|-damage|p2a: Ho-Oh|67/100
|-start|p2a: Ho-Oh|Smack Down
|move|p2a: Ho-Oh|Whirlwind|p1a: Zygarde
|drag|p1a: Ho-Oh|Ho-Oh|100/100
|
|upkeep
|turn|3
|
|t:|1626097770
|move|p1a: Ho-Oh|Toxic|p2a: Ho-Oh
|-status|p2a: Ho-Oh|tox
|move|p2a: Ho-Oh|Toxic|p1a: Ho-Oh
|-status|p1a: Ho-Oh|tox
|
|-damage|p1a: Ho-Oh|94/100 tox|[from] psn
|-damage|p2a: Ho-Oh|61/100 tox|[from] psn
|upkeep
|turn|4
|
|t:|1626097776
|switch|p1a: Zygarde|Zygarde|94/100 tox
|move|p2a: Ho-Oh|Sacred Fire|p1a: Zygarde
|-resisted|p1a: Zygarde
|-damage|p1a: Zygarde|82/100 tox
|
|-heal|p1a: Zygarde|88/100 tox|[from] item: Leftovers
|-damage|p1a: Zygarde|82/100 tox|[from] psn
|-damage|p2a: Ho-Oh|49/100 tox|[from] psn
|upkeep
|turn|5
|
|t:|1626097780
|move|p1a: Zygarde|Thousand Arrows|p2a: Ho-Oh
|-supereffective|p2a: Ho-Oh
|-damage|p2a: Ho-Oh|9/100 tox
|move|p2a: Ho-Oh|Whirlwind|p1a: Zygarde
|drag|p1a: Ho-Oh|Ho-Oh|100/100
|
|-damage|p2a: Ho-Oh|0 fnt|[from] psn
|faint|p2a: Ho-Oh
|upkeep
|
|t:|1626097793
|switch|p2a: Groudon|Groudon|100/100
|detailschange|p2a: Groudon|Groudon-Primal
|-primal|p2a: Groudon
|-weather|DesolateLand|[from] ability: Desolate Land|[of] p2a: Groudon
|turn|6
|
|t:|1626097799
|switch|p1a: Zygarde|Zygarde|82/100 tox
|move|p2a: Groudon|Toxic|p1a: Zygarde
|-fail|p1a: Zygarde|tox
|
|-weather|DesolateLand|[upkeep]
|-heal|p1a: Zygarde|88/100 tox|[from] item: Leftovers
|-damage|p1a: Zygarde|82/100 tox|[from] psn
|upkeep
|turn|7
|
|t:|1626097808
|move|p1a: Zygarde|Rest|p1a: Zygarde
|-status|p1a: Zygarde|slp|[from] move: Rest
|-heal|p1a: Zygarde|100/100 slp|[silent]
|move|p2a: Groudon|Stealth Rock|p1a: Zygarde
|-sidestart|p1: pokemonkorea co kr|move: Stealth Rock
|
|-weather|DesolateLand|[upkeep]
|upkeep
|turn|8
|
|t:|1626097812
|-weather|none
|switch|p2a: Zacian|Zacian-Crowned|100/100
|-ability|p2a: Zacian|Intrepid Sword|boost
|-boost|p2a: Zacian|atk|1
|cant|p1a: Zygarde|slp
|
|upkeep
|turn|9
|
|t:|1626097816
|switch|p2a: Yveltal|Yveltal|100/100
|-ability|p2a: Yveltal|Dark Aura
|switch|p1a: Necrozma|Necrozma-Dusk-Mane|100/100
|-damage|p1a: Necrozma|94/100|[from] Stealth Rock
|
|upkeep
|turn|10
|
|t:|1626097822
|switch|p1a: Ho-Oh|Ho-Oh|100/100
|-start|p2a: Yveltal|Dynamax
|-heal|p2a: Yveltal|100/100|[silent]
|move|p2a: Yveltal|Max Darkness|p1a: Ho-Oh
|-damage|p1a: Ho-Oh|45/100
|-unboost|p1a: Ho-Oh|spd|1
|-damage|p2a: Yveltal|96/100|[from] item: Life Orb
|
|upkeep
|turn|11
|
|t:|1626097829
|move|p1a: Ho-Oh|Protect|p1a: Ho-Oh
|-singleturn|p1a: Ho-Oh|Protect
|move|p2a: Yveltal|Max Darkness|p1a: Ho-Oh
|-zbroken|p1a: Ho-Oh
|-damage|p1a: Ho-Oh|24/100
|-unboost|p1a: Ho-Oh|spd|1
|-damage|p2a: Yveltal|91/100|[from] item: Life Orb
|
|upkeep
|turn|12
|
|t:|1626097834
|switch|p1a: Yveltal|Yveltal|100/100
|-ability|p1a: Yveltal|Dark Aura
|move|p2a: Yveltal|Max Darkness|p1a: Yveltal
|-resisted|p1a: Yveltal
|-damage|p1a: Yveltal|66/100
|-unboost|p1a: Yveltal|spd|1
|-damage|p2a: Yveltal|86/100|[from] item: Life Orb
|
|-end|p2a: Yveltal|Dynamax
|-heal|p2a: Yveltal|86/100|[silent]
|upkeep
|turn|13
|
|t:|1626097844
|switch|p1a: Ho-Oh|Ho-Oh|57/100
|move|p2a: Yveltal|Oblivion Wing|p1a: Ho-Oh
|-damage|p1a: Ho-Oh|32/100
|-heal|p2a: Yveltal|100/100|[from] drain|[of] p1a: Ho-Oh
|-damage|p2a: Yveltal|91/100|[from] item: Life Orb
|
|upkeep
|turn|14
|
|t:|1626097851
|switch|p1a: Yveltal|Yveltal|66/100
|-ability|p1a: Yveltal|Dark Aura
|move|p2a: Yveltal|Oblivion Wing|p1a: Yveltal
|-damage|p1a: Yveltal|33/100
|-heal|p2a: Yveltal|100/100|[from] drain|[of] p1a: Yveltal
|-damage|p2a: Yveltal|91/100|[from] item: Life Orb
|
|upkeep
|turn|15
|
|t:|1626097856
|move|p2a: Yveltal|Oblivion Wing|p1a: Yveltal
|-damage|p1a: Yveltal|0 fnt
|-heal|p2a: Yveltal|100/100|[from] drain|[of] p1a: Yveltal
|faint|p1a: Yveltal
|-damage|p2a: Yveltal|91/100|[from] item: Life Orb
|
|upkeep
|
|t:|1626097862
|switch|p1a: Ho-Oh|Ho-Oh|65/100
|turn|16
|
|t:|1626097866
|move|p2a: Yveltal|Dark Pulse|p1a: Ho-Oh
|-damage|p1a: Ho-Oh|32/100
|-damage|p2a: Yveltal|81/100|[from] item: Life Orb
|move|p1a: Ho-Oh|Toxic|p2a: Yveltal
|-status|p2a: Yveltal|tox
|
|-damage|p2a: Yveltal|75/100 tox|[from] psn
|upkeep
|turn|17
|
|t:|1626097870
|move|p1a: Ho-Oh|Protect|p1a: Ho-Oh
|-singleturn|p1a: Ho-Oh|Protect
|move|p2a: Yveltal|Oblivion Wing|p1a: Ho-Oh
|-activate|p1a: Ho-Oh|move: Protect
|
|-damage|p2a: Yveltal|62/100 tox|[from] psn
|upkeep
|turn|18
|
|t:|1626097877
|switch|p1a: Ho-Oh|Ho-Oh|100/100 tox
|move|p2a: Yveltal|Dark Pulse|p1a: Ho-Oh
|-damage|p1a: Ho-Oh|59/100 tox
|-damage|p2a: Yveltal|53/100 tox|[from] item: Life Orb
|
|-damage|p2a: Yveltal|34/100 tox|[from] psn
|-damage|p1a: Ho-Oh|53/100 tox|[from] psn
|upkeep
|turn|19
|
|t:|1626097883
|switch|p1a: Ho-Oh|Ho-Oh|65/100
|move|p2a: Yveltal|Oblivion Wing|p1a: Ho-Oh
|-damage|p1a: Ho-Oh|39/100
|-heal|p2a: Yveltal|55/100 tox|[from] drain|[of] p1a: Ho-Oh
|-damage|p2a: Yveltal|45/100 tox|[from] item: Life Orb
|
|-damage|p2a: Yveltal|21/100 tox|[from] psn
|upkeep
|turn|20
|
|t:|1626097890
|switch|p2a: Zacian|Zacian-Crowned|100/100
|-ability|p2a: Zacian|Intrepid Sword|boost
|-boost|p2a: Zacian|atk|1
|move|p1a: Ho-Oh|Defog|p2a: Zacian
|-unboost|p2a: Zacian|evasion|1
|-sideend|p1: pokemonkorea co kr|Stealth Rock|[from] move: Defog|[of] p1a: Ho-Oh
|
|upkeep
|turn|21
|
|t:|1626097904
|switch|p2a: Yveltal|Yveltal|21/100 tox
|-ability|p2a: Yveltal|Dark Aura
|switch|p1a: Necrozma|Necrozma-Dusk-Mane|94/100
|
|-damage|p2a: Yveltal|15/100 tox|[from] psn
|upkeep
|turn|22
|
|t:|1626097909
|switch|p1a: Ho-Oh|Ho-Oh|72/100
|move|p2a: Yveltal|Dark Pulse|p1a: Ho-Oh
|-damage|p1a: Ho-Oh|35/100
|-damage|p2a: Yveltal|5/100 tox|[from] item: Life Orb
|
|-damage|p2a: Yveltal|0 fnt|[from] psn
|faint|p2a: Yveltal
|upkeep
|
|t:|1626097921
|switch|p2a: Rayquaza|Rayquaza|100/100
|-ability|p2a: Rayquaza|Air Lock
|turn|23
|
|t:|1626097931
|switch|p1a: Necrozma|Necrozma-Dusk-Mane|94/100
|detailschange|p2a: Rayquaza|Rayquaza-Mega
|-mega|p2a: Rayquaza|Rayquaza|
|-weather|DeltaStream|[from] ability: Delta Stream|[of] p2a: Rayquaza
|move|p2a: Rayquaza|Dragon Dance|p2a: Rayquaza
|-boost|p2a: Rayquaza|atk|1
|-boost|p2a: Rayquaza|spe|1
|
|-weather|DeltaStream|[upkeep]
|upkeep
|turn|24
|
|t:|1626097934
|-start|p1a: Necrozma|Dynamax
|-heal|p1a: Necrozma|94/100|[silent]
|move|p2a: Rayquaza|V-create|p1a: Necrozma
|-supereffective|p1a: Necrozma
|-damage|p1a: Necrozma|45/100
|-unboost|p2a: Rayquaza|spe|1
|-unboost|p2a: Rayquaza|def|1
|-unboost|p2a: Rayquaza|spd|1
|-damage|p2a: Rayquaza|84/100|[from] item: Rocky Helmet|[of] p1a: Necrozma
|move|p1a: Necrozma|Max Steelspike|p2a: Rayquaza
|-damage|p2a: Rayquaza|0 fnt
|-boost|p1a: Necrozma|def|1
|faint|p2a: Rayquaza
|-weather|none
|
|upkeep
|
|t:|1626097943
|switch|p2a: Groudon|Groudon-Primal|100/100
|-weather|DesolateLand|[from] ability: Desolate Land|[of] p2a: Groudon
|turn|25
|
|t:|1626097949
|-end|p1a: Necrozma|Dynamax
|-heal|p1a: Necrozma|45/100|[silent]
|switch|p1a: Zygarde|Zygarde|100/100 slp
|move|p2a: Groudon|Overheat|p1a: Zygarde
|-resisted|p1a: Zygarde
|-damage|p1a: Zygarde|63/100 slp
|-unboost|p2a: Groudon|spa|2
|
|-weather|DesolateLand|[upkeep]
|-heal|p1a: Zygarde|70/100 slp|[from] item: Leftovers
|upkeep
|turn|26
|
|t:|1626097954
|-weather|none
|switch|p2a: Zacian|Zacian-Crowned|100/100
|-ability|p2a: Zacian|Intrepid Sword|boost
|-boost|p2a: Zacian|atk|1
|cant|p1a: Zygarde|slp
|
|-heal|p1a: Zygarde|76/100 slp|[from] item: Leftovers
|upkeep
|turn|27
|
|t:|1626097962
|switch|p1a: Ho-Oh|Ho-Oh|86/100 tox
|move|p2a: Zacian|Play Rough|p1a: Ho-Oh|[miss]
|-miss|p2a: Zacian|p1a: Ho-Oh
|
|-damage|p1a: Ho-Oh|80/100 tox|[from] psn
|upkeep
|turn|28
|
|t:|1626097970
|switch|p2a: Groudon|Groudon-Primal|100/100
|-weather|DesolateLand|[from] ability: Desolate Land|[of] p2a: Groudon
|move|p1a: Ho-Oh|Sacred Fire|p2a: Groudon
|-resisted|p2a: Groudon
|-damage|p2a: Groudon|86/100
|
|-weather|DesolateLand|[upkeep]
|-damage|p1a: Ho-Oh|68/100 tox|[from] psn
|upkeep
|turn|29
|
|t:|1626097974
|switch|p1a: Zygarde|Zygarde|76/100 slp
|move|p2a: Groudon|Stealth Rock|p1a: Zygarde
|-sidestart|p1: pokemonkorea co kr|move: Stealth Rock
|
|-weather|DesolateLand|[upkeep]
|-heal|p1a: Zygarde|82/100 slp|[from] item: Leftovers
|upkeep
|turn|30
|
|t:|1626097977
|-weather|none
|switch|p2a: Zacian|Zacian-Crowned|100/100
|-ability|p2a: Zacian|Intrepid Sword|boost
|-boost|p2a: Zacian|atk|1
|-curestatus|p1a: Zygarde|slp|[msg]
|move|p1a: Zygarde|Thousand Arrows|p2a: Zacian
|-supereffective|p2a: Zacian
|-damage|p2a: Zacian|43/100
|
|-heal|p1a: Zygarde|88/100|[from] item: Leftovers
|upkeep
|turn|31
|
|t:|1626097985
|switch|p1a: Ho-Oh|Ho-Oh|100/100 tox
|move|p2a: Zacian|Behemoth Blade|p1a: Ho-Oh
|-resisted|p1a: Ho-Oh
|-damage|p1a: Ho-Oh|67/100 tox
|
|-damage|p1a: Ho-Oh|61/100 tox|[from] psn
|upkeep
|turn|32
|
|t:|1626097993
|switch|p1a: Necrozma|Necrozma-Dusk-Mane|45/100
|-damage|p1a: Necrozma|39/100|[from] Stealth Rock
|move|p2a: Zacian|Close Combat|p1a: Necrozma
|-damage|p1a: Necrozma|3/100
|-unboost|p2a: Zacian|def|1
|-unboost|p2a: Zacian|spd|1
|-damage|p2a: Zacian|27/100|[from] item: Rocky Helmet|[of] p1a: Necrozma
|
|upkeep
|turn|33
|
|t:|1626098001
|move|p2a: Zacian|Close Combat|p1a: Necrozma
|-damage|p1a: Necrozma|0 fnt
|-unboost|p2a: Zacian|def|1
|-unboost|p2a: Zacian|spd|1
|-damage|p2a: Zacian|10/100|[from] item: Rocky Helmet|[of] p1a: Necrozma
|faint|p1a: Necrozma
|
|upkeep
|
|t:|1626098008
|switch|p1a: Ho-Oh|Ho-Oh|94/100 tox
|turn|34
|
|t:|1626098013
|move|p2a: Zacian|Wild Charge|p1a: Ho-Oh
|-supereffective|p1a: Ho-Oh
|-damage|p1a: Ho-Oh|24/100 tox
|-damage|p2a: Zacian|0 fnt|[from] Recoil
|faint|p2a: Zacian
|move|p1a: Ho-Oh|Toxic|p2: Zacian|[notarget]
|-fail|p1a: Ho-Oh
|
|-damage|p1a: Ho-Oh|18/100 tox|[from] psn
|upkeep
|-message|ReactJS3 forfeited.
|
|win|pokemonkorea co kr
|raw|pokemonkorea co kr's rating: 1829 &rarr; <strong>1852</strong><br />(+23 for winning)
|raw|ReactJS3's rating: 1887 &rarr; <strong>1864</strong><br />(-23 for losing)
|l|☆ReactJS3
