|j|☆CLEAR GEM清瑜
|j|☆v87
|t:|1664036089
|gametype|singles
|player|p1|CLEAR GEM清瑜|skierf|1867
|player|p2|v87|102|1854
|teamsize|p1|6
|teamsize|p2|6
|gen|8
|tier|[Gen 8] National Dex AG
|rated|
|rule|HP Percentage Mod: HP is shown in percentages
|rule|Endless Battle Clause: Forcing endless battles is banned
|clearpoke
|poke|p1|Necrozma-Dusk-Mane|
|poke|p1|Arceus-*|
|poke|p1|Zacian-*|
|poke|p1|Yveltal|
|poke|p1|Groudon|
|poke|p1|Arceus-*|
|poke|p2|Weavile, M|
|poke|p2|Breloom, M|
|poke|p2|Ditto|
|poke|p2|Ditto|
|poke|p2|Ditto|
|poke|p2|Ditto|
|teampreview
|
|t:|1664036097
|start
|switch|p1a: 不会(?)|Groudon|100/100
|switch|p2a: Weavile|Weavile, M|100/100
|-ability|p2a: Weavile|Pressure
|detailschange|p1a: 不会(?)|Groudon-Primal
|-primal|p1a: 不会(?)
|-weather|DesolateLand|[from] ability: Desolate Land|[of] p1a: 不会(?)
|turn|1
|
|t:|1664036107
|move|p2a: Weavile|Assist|p2a: Weavile
|move|p2a: Weavile|Spore|p1a: 不会(?)|[from]move: Assist
|-status|p1a: 不会(?)|slp|[from] move: Spore
|cant|p1a: 不会(?)|slp
|
|-weather|DesolateLand|[upkeep]
|upkeep
|turn|2
|
|t:|1664036115
|move|p2a: Weavile|Substitute|p2a: Weavile
|-start|p2a: Weavile|Substitute
|-damage|p2a: Weavile|76/100
|cant|p1a: 不会(?)|slp
|
|-weather|DesolateLand|[upkeep]
|-heal|p2a: Weavile|82/100|[from] item: Leftovers
|upkeep
|turn|3
|j| Toosii 2x
|
|t:|1664036124
|move|p2a: Weavile|Triple Axel|p1a: 不会(?)
|-crit|p1a: 不会(?)
|-damage|p1a: 不会(?)|93/100 slp
|-damage|p1a: 不会(?)|81/100 slp
|-hitcount|p1a: 不会(?)|2
|-curestatus|p1a: 不会(?)|slp|[msg]
|move|p1a: 不会(?)|Stealth Rock|p2a: Weavile
|-sidestart|p2: v87|move: Stealth Rock
|
|-weather|DesolateLand|[upkeep]
|-heal|p2a: Weavile|88/100|[from] item: Leftovers
|upkeep
|turn|4
|
|t:|1664036137
|move|p2a: Weavile|Assist|p2a: Weavile
|move|p2a: Weavile|Spore|p1a: 不会(?)|[from]move: Assist
|-status|p1a: 不会(?)|slp|[from] move: Spore
|cant|p1a: 不会(?)|slp
|
|-weather|DesolateLand|[upkeep]
|-heal|p2a: Weavile|94/100|[from] item: Leftovers
|upkeep
|turn|5
|
|t:|1664036147
|move|p2a: Weavile|Swords Dance|p2a: Weavile
|-boost|p2a: Weavile|atk|2
|-curestatus|p1a: 不会(?)|slp|[msg]
|move|p1a: 不会(?)|Roar|p2a: Weavile
|drag|p2a: Ditto|Ditto|100/100
|-damage|p2a: Ditto|88/100|[from] Stealth Rock
|-transform|p2a: Ditto|p1a: 不会(?)|[from] ability: Imposter
|
|-weather|DesolateLand|[upkeep]
|upkeep
|turn|6
|j| Apprenti Buck
|-activate|p2a: Ditto|item: Quick Claw
|
|t:|1664036165
|move|p2a: Ditto|Precipice Blades|p1a: 不会(?)
|-supereffective|p1a: 不会(?)
|-damage|p1a: 不会(?)|0 fnt
|faint|p1a: 不会(?)
|
|-weather|DesolateLand|[upkeep]
|upkeep
|
|t:|1664036172
|switch|p1a: 悬空羊驼|Arceus-Flying|100/100
|turn|7
|
|t:|1664036185
|-start|p1a: 悬空羊驼|Dynamax|
|-heal|p1a: 悬空羊驼|100/100|[silent]
|move|p1a: 悬空羊驼|Max Airstream|p2a: Ditto
|-damage|p2a: Ditto|0 fnt
|-boost|p1a: 悬空羊驼|spe|1
|faint|p2a: Ditto
|-weather|none
|
|upkeep
|
|t:|1664036201
|switch|p2a: Breloom|Breloom, M|100/100
|-damage|p2a: Breloom|94/100|[from] Stealth Rock
|turn|8
|l| Toosii 2x
|
|t:|1664036209
|move|p2a: Breloom|Feint|p1a: 悬空羊驼
|-damage|p1a: 悬空羊驼|95/100
|move|p1a: 悬空羊驼|Max Airstream|p2a: Breloom
|-supereffective|p2a: Breloom
|-damage|p2a: Breloom|0 fnt
|-boost|p1a: 悬空羊驼|spe|1
|faint|p2a: Breloom
|
|upkeep
|j| Toosii 2x
|l| Toosii 2x
|
|t:|1664036225
|switch|p2a: Ditto|Ditto|100/100
|-damage|p2a: Ditto|88/100|[from] Stealth Rock
|-transform|p2a: Ditto|p1a: 悬空羊驼|[from] ability: Imposter
|turn|9
|
|t:|1664036242
|move|p2a: Ditto|Judgment|p1a: 悬空羊驼
|-damage|p1a: 悬空羊驼|83/100
|move|p1a: 悬空羊驼|Max Airstream|p2a: Ditto
|-damage|p2a: Ditto|8/100
|-boost|p1a: 悬空羊驼|spe|1
|
|upkeep
|-end|p1a: 悬空羊驼|Dynamax
|-heal|p1a: 悬空羊驼|83/100|[silent]
|turn|10
|
|t:|1664036255
|move|p2a: Ditto|Judgment|p1a: 悬空羊驼
|-damage|p1a: 悬空羊驼|57/100
|move|p1a: 悬空羊驼|Judgment|p2a: Ditto
|-damage|p2a: Ditto|0 fnt
|faint|p2a: Ditto
|
|upkeep
|
|t:|1664036266
|switch|p2a: Ditto|Ditto|100/100
|-damage|p2a: Ditto|88/100|[from] Stealth Rock
|-transform|p2a: Ditto|p1a: 悬空羊驼|[from] ability: Imposter
|turn|11
|
|t:|1664036275
|-start|p2a: Ditto|Dynamax|
|-heal|p2a: Ditto|88/100|[silent]
|move|p1a: 悬空羊驼|Recover|p1a: 悬空羊驼
|-heal|p1a: 悬空羊驼|100/100
|move|p2a: Ditto|Max Strike|p1a: 悬空羊驼
|-damage|p1a: 悬空羊驼|69/100
|-unboost|p1a: 悬空羊驼|spe|1
|
|upkeep
|turn|12
|
|t:|1664036285
|move|p2a: Ditto|Max Strike|p1a: 悬空羊驼
|-damage|p1a: 悬空羊驼|33/100
|-unboost|p1a: 悬空羊驼|spe|1
|move|p1a: 悬空羊驼|Recover|p1a: 悬空羊驼
|-heal|p1a: 悬空羊驼|83/100
|
|upkeep
|turn|13
|
|t:|1664036293
|move|p2a: Ditto|Max Strike|p1a: 悬空羊驼
|-damage|p1a: 悬空羊驼|48/100
|-unboost|p1a: 悬空羊驼|spe|1
|move|p1a: 悬空羊驼|Recover|p1a: 悬空羊驼
|-heal|p1a: 悬空羊驼|98/100
|
|upkeep
|-end|p2a: Ditto|Dynamax
|-heal|p2a: Ditto|88/100|[silent]
|turn|14
|
|t:|1664036305
|move|p2a: Ditto|Calm Mind|p2a: Ditto
|-boost|p2a: Ditto|spa|1
|-boost|p2a: Ditto|spd|1
|move|p1a: 悬空羊驼|Judgment|p2a: Ditto
|-damage|p2a: Ditto|49/100
|
|upkeep
|turn|15
|
|t:|1664036313
|move|p2a: Ditto|Judgment|p1a: 悬空羊驼
|-damage|p1a: 悬空羊驼|59/100
|move|p1a: 悬空羊驼|Judgment|p2a: Ditto
|-damage|p2a: Ditto|5/100
|
|upkeep
|turn|16
|
|t:|1664036333
|move|p2a: Ditto|Calm Mind|p2a: Ditto
|-boost|p2a: Ditto|spa|1
|-boost|p2a: Ditto|spd|1
|move|p1a: 悬空羊驼|Calm Mind|p1a: 悬空羊驼
|-boost|p1a: 悬空羊驼|spa|1
|-boost|p1a: 悬空羊驼|spd|1
|
|upkeep
|turn|17
|
|t:|1664036340
|move|p2a: Ditto|Judgment|p1a: 悬空羊驼
|-damage|p1a: 悬空羊驼|25/100
|move|p1a: 悬空羊驼|Judgment|p2a: Ditto
|-damage|p2a: Ditto|0 fnt
|faint|p2a: Ditto
|
|upkeep
|
|t:|1664036349
|switch|p2a: Weavile|Weavile, M|94/100
|-damage|p2a: Weavile|69/100|[from] Stealth Rock
|-ability|p2a: Weavile|Pressure
|turn|18
|
|t:|1664036355
|move|p2a: Weavile|Assist|p2a: Weavile
|move|p2a: Weavile|Spore|p1a: 悬空羊驼|[from]move: Assist
|-status|p1a: 悬空羊驼|slp|[from] move: Spore
|cant|p1a: 悬空羊驼|slp
|
|-heal|p2a: Weavile|75/100|[from] item: Leftovers
|upkeep
|turn|19
|
|t:|1664036366
|move|p2a: Weavile|Substitute|p2a: Weavile
|-start|p2a: Weavile|Substitute
|-damage|p2a: Weavile|50/100
|cant|p1a: 悬空羊驼|slp
|
|-heal|p2a: Weavile|56/100|[from] item: Leftovers
|upkeep
|turn|20
|
|t:|1664036374
|move|p2a: Weavile|Swords Dance|p2a: Weavile
|-boost|p2a: Weavile|atk|2
|-curestatus|p1a: 悬空羊驼|slp|[msg]
|move|p1a: 悬空羊驼|Judgment|p2a: Weavile
|-end|p2a: Weavile|Substitute
|
|-heal|p2a: Weavile|62/100|[from] item: Leftovers
|upkeep
|turn|21
|
|t:|1664036384
|move|p2a: Weavile|Assist|p2a: Weavile
|move|p2a: Weavile|Spore|p1a: 悬空羊驼|[from]move: Assist
|-status|p1a: 悬空羊驼|slp|[from] move: Spore
|cant|p1a: 悬空羊驼|slp
|
|-heal|p2a: Weavile|68/100|[from] item: Leftovers
|upkeep
|turn|22
|
|t:|1664036394
|switch|p1a: 究极辅助|Arceus-Dark|100/100
|move|p2a: Weavile|Substitute|p2a: Weavile
|-start|p2a: Weavile|Substitute
|-damage|p2a: Weavile|43/100
|
|-heal|p2a: Weavile|49/100|[from] item: Leftovers
|upkeep
|turn|23
|
|t:|1664036403
|move|p1a: 究极辅助|Magic Coat|p1a: 究极辅助
|-singleturn|p1a: 究极辅助|move: Magic Coat
|move|p2a: Weavile|Assist|p2a: Weavile
|move|p2a: Weavile|Spore|p1a: 究极辅助|[from]move: Assist
|move|p1a: 究极辅助|Spore||[from]Magic Coat|[still]
|-fail|p1a: 究极辅助
|
|-heal|p2a: Weavile|55/100|[from] item: Leftovers
|upkeep
|turn|24
|
|t:|1664036415
|move|p2a: Weavile|Assist|p2a: Weavile
|move|p2a: Weavile|Spore|p1a: 究极辅助|[from]move: Assist
|-status|p1a: 究极辅助|slp|[from] move: Spore
|cant|p1a: 究极辅助|slp
|
|-heal|p2a: Weavile|61/100|[from] item: Leftovers
|upkeep
|turn|25
|
|t:|1664036428
|move|p2a: Weavile|Swords Dance|p2a: Weavile
|-boost|p2a: Weavile|atk|2
|-curestatus|p1a: 究极辅助|slp|[msg]
|move|p1a: 究极辅助|Roar|p2a: Weavile
|drag|p2a: Ditto|Ditto|100/100
|-damage|p2a: Ditto|88/100|[from] Stealth Rock
|-transform|p2a: Ditto|p1a: 究极辅助|[from] ability: Imposter
|
|upkeep
|turn|26
|
|t:|1664036446
|switch|p2a: Weavile|Weavile, M|61/100
|-damage|p2a: Weavile|36/100|[from] Stealth Rock
|-ability|p2a: Weavile|Pressure
|move|p1a: 究极辅助|Roar|p2a: Weavile
|drag|p2a: Ditto|Ditto|88/100
|-damage|p2a: Ditto|76/100|[from] Stealth Rock
|-transform|p2a: Ditto|p1a: 究极辅助|[from] ability: Imposter
|
|upkeep
|turn|27
|-message|v87 forfeited.
|
|win|CLEAR GEM清瑜
|raw|CLEAR GEM清瑜's rating: 1867 &rarr; <strong>1886</strong><br />(+19 for winning)
|raw|v87's rating: 1854 &rarr; <strong>1835</strong><br />(-19 for losing)
|l|☆v87
||Ladder isn't responding, score probably updated but might not have (Request timeout).
