|j|☆agltdlc bacon
|j|☆Jayki11
|player|p1|agltdlc bacon|iris-gen5bw2|1390
|player|p2|Jayki11|red|1473
|teamsize|p1|6
|teamsize|p2|6
|gametype|singles
|gen|8
|tier|[Gen 8] National Dex AG
|rated|
|clearpoke
|poke|p1|Ditto|
|poke|p1|Mewtwo|
|poke|p1|Necrozma-Dusk-Mane|
|poke|p1|Arceus-*|
|poke|p1|Arceus-*|
|poke|p1|Ferrothorn, M|
|poke|p2|Yveltal|
|poke|p2|Groudon|
|poke|p2|Necrozma-Dusk-Mane|
|poke|p2|Ho-Oh|
|poke|p2|Marshadow|
|poke|p2|Zygarde|
|rule|HP Percentage Mod: HP is shown in percentages
|rule|Endless Battle Clause: Forcing endless battles is banned
|teampreview
|c|☆agltdlc bacon|hf
|c|☆Jayki11|hf
|
|start
|switch|p1a: Arceus|Arceus-Water|100/100
|switch|p2a: Groudon|Groudon|100/100
|detailschange|p2a: Groudon|Groudon-Primal
|-primal|p2a: Groudon
|-weather|DesolateLand|[from] ability: Desolate Land|[of] p2a: Groudon
|turn|1
|inactive|Battle timer is ON: inactive players will automatically lose when time's up. (requested by Jayki11)
|
|move|p1a: Arceus|Toxic|p2a: Groudon
|-status|p2a: Groudon|tox
|move|p2a: Groudon|Stealth Rock|p1a: Arceus
|-sidestart|p1: agltdlc bacon|move: Stealth Rock
|
|-weather|DesolateLand|[upkeep]
|-damage|p2a: Groudon|94/100 tox|[from] psn
|upkeep
|turn|2
|
|move|p1a: Arceus|Toxic|p2a: Groudon
|-fail|p2a: Groudon|tox
|move|p2a: Groudon|Toxic|p1a: Arceus
|-status|p1a: Arceus|tox
|
|-weather|DesolateLand|[upkeep]
|-damage|p1a: Arceus|94/100 tox|[from] psn
|-damage|p2a: Groudon|82/100 tox|[from] psn
|upkeep
|turn|3
|
|move|p1a: Arceus|Refresh|p1a: Arceus
|-curestatus|p1a: Arceus|tox|[msg]
|move|p2a: Groudon|Precipice Blades|p1a: Arceus
|-damage|p1a: Arceus|61/100
|
|-weather|DesolateLand|[upkeep]
|-damage|p2a: Groudon|63/100 tox|[from] psn
|upkeep
|turn|4
|
|-weather|none
|switch|p2a: Necrozma|Necrozma-Dusk-Mane|100/100
|move|p1a: Arceus|Recover|p1a: Arceus
|-heal|p1a: Arceus|100/100
|
|upkeep
|turn|5
|
|move|p1a: Arceus|Judgment|p2a: Necrozma
|-damage|p2a: Necrozma|60/100
|move|p2a: Necrozma|Swords Dance|p2a: Necrozma
|-boost|p2a: Necrozma|atk|2
|
|upkeep
|turn|6
|
|switch|p1a: Ferrothorn|Ferrothorn, M|100/100
|-damage|p1a: Ferrothorn|94/100|[from] Stealth Rock
|move|p2a: Necrozma|Sunsteel Strike|p1a: Ferrothorn
|-resisted|p1a: Ferrothorn
|-damage|p1a: Ferrothorn|57/100
|-damage|p2a: Necrozma|47/100|[from] ability: Iron Barbs|[of] p1a: Ferrothorn
|
|-heal|p1a: Ferrothorn|63/100|[from] item: Leftovers
|upkeep
|turn|7
|
|switch|p2a: Yveltal|Yveltal|100/100
|-ability|p2a: Yveltal|Dark Aura
|move|p1a: Ferrothorn|Spikes|p2a: Yveltal
|-sidestart|p2: Jayki11|Spikes
|
|-heal|p1a: Ferrothorn|69/100|[from] item: Leftovers
|upkeep
|turn|8
|
|switch|p1a: Arceus|Arceus-Fairy|100/100
|-damage|p1a: Arceus|88/100|[from] Stealth Rock
|-start|p2a: Yveltal|Dynamax
|-heal|p2a: Yveltal|100/100|[silent]
|move|p2a: Yveltal|Max Darkness|p1a: Arceus
|-resisted|p1a: Arceus
|-damage|p1a: Arceus|56/100
|-unboost|p1a: Arceus|spd|1
|-damage|p2a: Yveltal|96/100|[from] item: Life Orb
|
|upkeep
|turn|9
|inactive|agltdlc bacon has 120 seconds left.
|
|switch|p1a: Ferrothorn|Ferrothorn, M|69/100
|-damage|p1a: Ferrothorn|63/100|[from] Stealth Rock
|move|p2a: Yveltal|Max Airstream|p1a: Ferrothorn
|-damage|p1a: Ferrothorn|2/100
|-boost|p2a: Yveltal|spe|1
|-damage|p2a: Yveltal|91/100|[from] item: Life Orb
|
|-heal|p1a: Ferrothorn|8/100|[from] item: Leftovers
|upkeep
|turn|10
|
|move|p2a: Yveltal|Max Airstream|p1a: Ferrothorn
|-damage|p1a: Ferrothorn|0 fnt
|-boost|p2a: Yveltal|spe|1
|-damage|p2a: Yveltal|86/100|[from] item: Life Orb
|faint|p1a: Ferrothorn
|
|-end|p2a: Yveltal|Dynamax
|-heal|p2a: Yveltal|86/100|[silent]
|upkeep
|
|switch|p1a: Arceus|Arceus-Fairy|56/100
|-damage|p1a: Arceus|43/100|[from] Stealth Rock
|turn|11
|
|move|p2a: Yveltal|Oblivion Wing|p1a: Arceus
|-damage|p1a: Arceus|12/100
|-heal|p2a: Yveltal|100/100|[from] drain|[of] p1a: Arceus
|-damage|p2a: Yveltal|91/100|[from] item: Life Orb
|move|p1a: Arceus|Recover|p1a: Arceus
|-heal|p1a: Arceus|63/100
|
|upkeep
|turn|12
|
|move|p2a: Yveltal|Oblivion Wing|p1a: Arceus
|-damage|p1a: Arceus|33/100
|-heal|p2a: Yveltal|100/100|[from] drain|[of] p1a: Arceus
|-damage|p2a: Yveltal|91/100|[from] item: Life Orb
|move|p1a: Arceus|Judgment|p2a: Yveltal
|-supereffective|p2a: Yveltal
|-damage|p2a: Yveltal|2/100
|
|upkeep
|turn|13
|inactive|agltdlc bacon has 120 seconds left.
|inactive|Jayki11 has 120 seconds left.
|
|move|p2a: Yveltal|Oblivion Wing|p1a: Arceus
|-damage|p1a: Arceus|3/100
|-heal|p2a: Yveltal|27/100|[from] drain|[of] p1a: Arceus
|-damage|p2a: Yveltal|18/100|[from] item: Life Orb
|move|p1a: Arceus|Recover|p1a: Arceus
|-heal|p1a: Arceus|53/100
|
|upkeep
|turn|14
|inactive|Jayki11 has 120 seconds left.
|
|move|p2a: Yveltal|Oblivion Wing|p1a: Arceus
|-damage|p1a: Arceus|20/100
|-heal|p2a: Yveltal|46/100|[from] drain|[of] p1a: Arceus
|-damage|p2a: Yveltal|36/100|[from] item: Life Orb
|move|p1a: Arceus|Recover|p1a: Arceus
|-heal|p1a: Arceus|70/100
|
|upkeep
|turn|15
|
|move|p2a: Yveltal|Oblivion Wing|p1a: Arceus
|-damage|p1a: Arceus|39/100
|-heal|p2a: Yveltal|62/100|[from] drain|[of] p1a: Arceus
|-damage|p2a: Yveltal|52/100|[from] item: Life Orb
|move|p1a: Arceus|Recover|p1a: Arceus
|-heal|p1a: Arceus|89/100
|
|upkeep
|turn|16
|
|move|p2a: Yveltal|Oblivion Wing|p1a: Arceus
|-damage|p1a: Arceus|59/100
|-heal|p2a: Yveltal|78/100|[from] drain|[of] p1a: Arceus
|-damage|p2a: Yveltal|68/100|[from] item: Life Orb
|move|p1a: Arceus|Recover|p1a: Arceus
|-heal|p1a: Arceus|100/100
|
|upkeep
|turn|17
|
|move|p2a: Yveltal|Oblivion Wing|p1a: Arceus
|-damage|p1a: Arceus|70/100
|-heal|p2a: Yveltal|94/100|[from] drain|[of] p1a: Arceus
|-damage|p2a: Yveltal|84/100|[from] item: Life Orb
|move|p1a: Arceus|Judgment|p2a: Yveltal
|-supereffective|p2a: Yveltal
|-damage|p2a: Yveltal|0 fnt
|faint|p2a: Yveltal
|
|upkeep
|
|switch|p2a: Groudon|Groudon-Primal|63/100 tox
|-damage|p2a: Groudon|51/100 tox|[from] Spikes
|-weather|DesolateLand|[from] ability: Desolate Land|[of] p2a: Groudon
|turn|18
|
|switch|p1a: Arceus|Arceus-Water|100/100
|-damage|p1a: Arceus|88/100|[from] Stealth Rock
|move|p2a: Groudon|Toxic|p1a: Arceus|[miss]
|-miss|p2a: Groudon|p1a: Arceus
|
|-weather|DesolateLand|[upkeep]
|-damage|p2a: Groudon|45/100 tox|[from] psn
|upkeep
|turn|19
|
|move|p1a: Arceus|Recover|p1a: Arceus
|-heal|p1a: Arceus|100/100
|move|p2a: Groudon|Precipice Blades|p1a: Arceus
|-damage|p1a: Arceus|66/100
|
|-weather|DesolateLand|[upkeep]
|-damage|p2a: Groudon|32/100 tox|[from] psn
|upkeep
|turn|20
|
|move|p1a: Arceus|Recover|p1a: Arceus
|-heal|p1a: Arceus|100/100
|move|p2a: Groudon|Toxic|p1a: Arceus
|-status|p1a: Arceus|tox
|
|-weather|DesolateLand|[upkeep]
|-damage|p1a: Arceus|94/100 tox|[from] psn
|-damage|p2a: Groudon|14/100 tox|[from] psn
|upkeep
|turn|21
|inactive|Jayki11 has 120 seconds left.
|
|move|p1a: Arceus|Refresh|p1a: Arceus
|-curestatus|p1a: Arceus|tox|[msg]
|move|p2a: Groudon|Precipice Blades|p1a: Arceus|[miss]
|-miss|p2a: Groudon|p1a: Arceus
|
|-weather|DesolateLand|[upkeep]
|-damage|p2a: Groudon|0 fnt|[from] psn
|faint|p2a: Groudon
|-weather|none
|upkeep
|inactive|Jayki11 has 120 seconds left.
|
|switch|p2a: Zygarde|Zygarde|100/100
|-damage|p2a: Zygarde|88/100|[from] Spikes
|turn|22
|
|move|p1a: Arceus|Toxic|p2a: Zygarde
|-status|p2a: Zygarde|tox
|move|p2a: Zygarde|Coil|p2a: Zygarde
|-boost|p2a: Zygarde|atk|1
|-boost|p2a: Zygarde|def|1
|-boost|p2a: Zygarde|accuracy|1
|
|-heal|p2a: Zygarde|94/100 tox|[from] item: Leftovers
|-damage|p2a: Zygarde|88/100 tox|[from] psn
|upkeep
|turn|23
|
|move|p1a: Arceus|Judgment|p2a: Zygarde
|-damage|p2a: Zygarde|48/100 tox
|move|p2a: Zygarde|Glare|p1a: Arceus
|-status|p1a: Arceus|par
|
|-heal|p2a: Zygarde|54/100 tox|[from] item: Leftovers
|-damage|p2a: Zygarde|42/100 tox|[from] psn
|-activate|p2a: Zygarde|ability: Power Construct
|detailschange|p2a: Zygarde|Zygarde-Complete
|-heal|p2a: Zygarde|62/100 tox|[silent]
|upkeep
|turn|24
|
|move|p2a: Zygarde|Rest|p2a: Zygarde
|-status|p2a: Zygarde|slp|[from] move: Rest
|-heal|p2a: Zygarde|100/100 slp|[silent]
|move|p1a: Arceus|Refresh|p1a: Arceus
|-curestatus|p1a: Arceus|par|[msg]
|
|upkeep
|turn|25
|inactive|Jayki11 has 120 seconds left.
|
|switch|p1a: Arceus|Arceus-Fairy|70/100
|-damage|p1a: Arceus|58/100|[from] Stealth Rock
|cant|p2a: Zygarde|slp
|
|upkeep
|turn|26
|
|switch|p2a: Ho-Oh|Ho-Oh|100/100
|move|p1a: Arceus|Recover|p1a: Arceus
|-heal|p1a: Arceus|100/100
|
|upkeep
|turn|27
|
|switch|p1a: Necrozma|Necrozma-Dusk-Mane|100/100
|-damage|p1a: Necrozma|94/100|[from] Stealth Rock
|move|p2a: Ho-Oh|Toxic|p1a: Necrozma
|-immune|p1a: Necrozma
|
|-heal|p1a: Necrozma|100/100|[from] item: Leftovers
|upkeep
|turn|28
|
|switch|p1a: Ditto|Ditto|100/100
|-damage|p1a: Ditto|88/100|[from] Stealth Rock
|-transform|p1a: Ditto|p2a: Ho-Oh|[from] ability: Imposter
|move|p2a: Ho-Oh|Sacred Fire|p1a: Ditto
|-resisted|p1a: Ditto
|-damage|p1a: Ditto|70/100
|
|upkeep
|turn|29
|
|move|p1a: Ditto|Toxic|p2a: Ho-Oh|[miss]
|-miss|p1a: Ditto|p2a: Ho-Oh
|move|p2a: Ho-Oh|Toxic|p1a: Ditto|[miss]
|-miss|p2a: Ho-Oh|p1a: Ditto
|
|upkeep
|turn|30
|
|move|p1a: Ditto|Toxic|p2a: Ho-Oh
|-status|p2a: Ho-Oh|tox
|move|p2a: Ho-Oh|Toxic|p1a: Ditto|[miss]
|-miss|p2a: Ho-Oh|p1a: Ditto
|
|-damage|p2a: Ho-Oh|94/100 tox|[from] psn
|upkeep
|turn|31
|inactive|Jayki11 has 120 seconds left.
|
|switch|p1a: Arceus|Arceus-Water|94/100
|-damage|p1a: Arceus|82/100|[from] Stealth Rock
|move|p2a: Ho-Oh|Toxic|p1a: Arceus
|-status|p1a: Arceus|tox
|
|-damage|p1a: Arceus|76/100 tox|[from] psn
|-damage|p2a: Ho-Oh|82/100 tox|[from] psn
|upkeep
|turn|32
|inactive|Jayki11 has 120 seconds left.
|
|switch|p2a: Zygarde|Zygarde-Complete|100/100 slp
|-damage|p2a: Zygarde|88/100 slp|[from] Spikes
|move|p1a: Arceus|Refresh|p1a: Arceus
|-curestatus|p1a: Arceus|tox|[msg]
|
|-heal|p2a: Zygarde|94/100 slp|[from] item: Leftovers
|upkeep
|turn|33
|
|switch|p1a: Arceus|Arceus-Fairy|100/100
|-damage|p1a: Arceus|88/100|[from] Stealth Rock
|cant|p2a: Zygarde|slp
|
|-heal|p2a: Zygarde|99/100 slp|[from] item: Leftovers
|upkeep
|turn|34
|
|switch|p2a: Ho-Oh|Ho-Oh|100/100 tox
|move|p1a: Arceus|Judgment|p2a: Ho-Oh
|-resisted|p2a: Ho-Oh
|-damage|p2a: Ho-Oh|88/100 tox
|
|-damage|p2a: Ho-Oh|82/100 tox|[from] psn
|upkeep
|turn|35
|inactive|Jayki11 has 90 seconds left.
|
|switch|p1a: Ditto|Ditto|100/100
|-damage|p1a: Ditto|88/100|[from] Stealth Rock
|-transform|p1a: Ditto|p2a: Ho-Oh|[from] ability: Imposter
|move|p2a: Ho-Oh|Toxic|p1a: Ditto
|-status|p1a: Ditto|tox
|
|-damage|p1a: Ditto|82/100 tox|[from] psn
|-damage|p2a: Ho-Oh|70/100 tox|[from] psn
|upkeep
|turn|36
|
|move|p1a: Ditto|Defog|p2a: Ho-Oh
|-unboost|p2a: Ho-Oh|evasion|1
|-sideend|p2: Jayki11|Spikes|[from] move: Defog|[of] p1a: Ditto
|-sideend|p1: agltdlc bacon|Stealth Rock|[from] move: Defog|[of] p1a: Ditto
|move|p2a: Ho-Oh|Recover|p2a: Ho-Oh
|-heal|p2a: Ho-Oh|100/100 tox
|
|-damage|p1a: Ditto|70/100 tox|[from] psn
|-damage|p2a: Ho-Oh|82/100 tox|[from] psn
|upkeep
|turn|37
|
|switch|p1a: Arceus|Arceus-Water|76/100
|move|p2a: Ho-Oh|Sacred Fire|p1a: Arceus
|-resisted|p1a: Arceus
|-damage|p1a: Arceus|66/100
|
|-damage|p2a: Ho-Oh|57/100 tox|[from] psn
|upkeep
|turn|38
|
|switch|p1a: Ditto|Ditto|100/100 tox
|-transform|p1a: Ditto|p2a: Ho-Oh|[from] ability: Imposter
|move|p2a: Ho-Oh|Toxic|p1a: Ditto
|-fail|p1a: Ditto|tox
|
|-damage|p1a: Ditto|94/100 tox|[from] psn
|-damage|p2a: Ho-Oh|25/100 tox|[from] psn
|upkeep
|turn|39
|inactive|Jayki11 has 90 seconds left.
|
|switch|p1a: Necrozma|Necrozma-Dusk-Mane|100/100
|switch|p2a: Necrozma|Necrozma-Dusk-Mane|47/100
|
|upkeep
|turn|40
|inactive|Jayki11 has 90 seconds left.
|
|move|p1a: Necrozma|Stealth Rock|p2a: Necrozma
|-sidestart|p2: Jayki11|move: Stealth Rock
|move|p2a: Necrozma|Earthquake|p1a: Necrozma
|-supereffective|p1a: Necrozma
|-damage|p1a: Necrozma|74/100
|
|-heal|p1a: Necrozma|80/100|[from] item: Leftovers
|upkeep
|turn|41
|inactive|Jayki11 has 90 seconds left.
|
|move|p1a: Necrozma|Swords Dance|p1a: Necrozma
|-boost|p1a: Necrozma|atk|2
|-zpower|p2a: Necrozma
|move|p2a: Necrozma|Searing Sunraze Smash|p1a: Necrozma|[zeffect]
|-resisted|p1a: Necrozma
|-damage|p1a: Necrozma|55/100
|
|-heal|p1a: Necrozma|61/100|[from] item: Leftovers
|upkeep
|turn|42
|inactive|Jayki11 has 90 seconds left.
|
|move|p1a: Necrozma|Sunsteel Strike|p2a: Necrozma
|-resisted|p2a: Necrozma
|-damage|p2a: Necrozma|19/100
|move|p2a: Necrozma|Swords Dance|p2a: Necrozma
|-boost|p2a: Necrozma|atk|2
|
|-heal|p1a: Necrozma|67/100|[from] item: Leftovers
|upkeep
|turn|43
|
|move|p1a: Necrozma|Sunsteel Strike|p2a: Necrozma
|-resisted|p2a: Necrozma
|-damage|p2a: Necrozma|0 fnt
|faint|p2a: Necrozma
|
|-heal|p1a: Necrozma|73/100|[from] item: Leftovers
|upkeep
|
|switch|p2a: Zygarde|Zygarde-Complete|99/100 slp
|-damage|p2a: Zygarde|94/100 slp|[from] Stealth Rock
|turn|44
|
|switch|p1a: Arceus|Arceus-Water|66/100
|-curestatus|p2a: Zygarde|slp|[msg]
|move|p2a: Zygarde|Glare|p1a: Arceus
|-status|p1a: Arceus|par
|
|-heal|p2a: Zygarde|99/100|[from] item: Leftovers
|upkeep
|turn|45
|j| AGLT DLC Rup❤Ainu
|
|move|p2a: Zygarde|Thousand Arrows|p1a: Arceus
|-damage|p1a: Arceus|51/100 par
|move|p1a: Arceus|Refresh|p1a: Arceus
|-curestatus|p1a: Arceus|par|[msg]
|
|-heal|p2a: Zygarde|100/100|[from] item: Leftovers
|upkeep
|turn|46
|
|move|p1a: Arceus|Recover|p1a: Arceus
|-heal|p1a: Arceus|100/100
|move|p2a: Zygarde|Coil|p2a: Zygarde
|-boost|p2a: Zygarde|atk|1
|-boost|p2a: Zygarde|def|1
|-boost|p2a: Zygarde|accuracy|1
|
|upkeep
|turn|47
|c|☆Jayki11|ok its annoying
|c|☆Jayki11|hf
|-message|Jayki11 forfeited.
|
|win|agltdlc bacon
|l|☆Jayki11
|raw|agltdlc bacon's rating: 1390 &rarr; <strong>1414</strong><br />(+24 for winning)
|raw|Jayki11's rating: 1473 &rarr; <strong>1448</strong><br />(-25 for losing)
|c|☆agltdlc bacon|gg
|l|☆agltdlc bacon
|l| AGLT DLC Rup❤Ainu
