|j|☆chopforce8
|j|☆Glaliegoesboom ❤
|t:|1642983056
|gametype|singles
|player|p1|chopforce8|red|1700
|player|p2|Glaliegoesboom ❤|ingo|1800
|teamsize|p1|6
|teamsize|p2|6
|gen|8
|tier|[Gen 8] National Dex AG
|rated|
|rule|HP Percentage Mod: HP is shown in percentages
|rule|Endless Battle Clause: Forcing endless battles is banned
|clearpoke
|poke|p1|Ditto|
|poke|p1|Shedinja|
|poke|p1|Ditto|
|poke|p1|Sableye, M|
|poke|p1|Necrozma-Dusk-Mane|
|poke|p1|Arceus-*|
|poke|p2|Necrozma-Dusk-Mane|
|poke|p2|Yveltal|
|poke|p2|Blissey, F|
|poke|p2|Zygarde|
|poke|p2|Giratina-Origin|
|poke|p2|Marshadow|
|teampreview
|inactive|Battle timer is ON: inactive players will automatically lose when time's up. (requested by Glaliegoesboom ❤)
|inactive|chopforce8 has 120 seconds left.
|
|t:|1642983095
|start
|switch|p1a: Arceus|Arceus-Flying|100/100
|switch|p2a: Yveltal|Yveltal, shiny|100/100
|-ability|p2a: Yveltal|Dark Aura
|turn|1
|
|t:|1642983109
|move|p1a: Arceus|Calm Mind|p1a: Arceus
|-boost|p1a: Arceus|spa|1
|-boost|p1a: Arceus|spd|1
|move|p2a: Yveltal|U-turn|p1a: Arceus
|-resisted|p1a: Arceus
|-damage|p1a: Arceus|94/100
|
|t:|1642983110
|switch|p2a: Blissey|Blissey, F|100/100|[from]move: U-turn
|
|upkeep
|turn|2
|
|t:|1642983126
|switch|p1a: Necrozma|Necrozma-Dusk-Mane|100/100
|move|p2a: Blissey|Confide|p1a: Necrozma
|-unboost|p1a: Necrozma|spa|1
|
|upkeep
|turn|3
|inactive|chopforce8 has 120 seconds left.
|
|t:|1642983168
|switch|p2a: Giratina|Giratina-Origin|100/100
|move|p1a: Necrozma|Dragon Dance|p1a: Necrozma
|-boost|p1a: Necrozma|atk|1
|-boost|p1a: Necrozma|spe|1
|
|upkeep
|turn|4
|
|t:|1642983179
|-start|p1a: Necrozma|Dynamax
|-heal|p1a: Necrozma|100/100|[silent]
|move|p1a: Necrozma|Max Steelspike|p2a: Giratina
|-damage|p2a: Giratina|39/100
|-boost|p1a: Necrozma|def|1
|move|p2a: Giratina|Will-O-Wisp|p1a: Necrozma
|-status|p1a: Necrozma|brn
|
|-damage|p1a: Necrozma|98/100 brn|[from] brn
|upkeep
|turn|5
|
|t:|1642983190
|switch|p2a: Zygarde|Zygarde, shiny|100/100
|move|p1a: Necrozma|Max Steelspike|p2a: Zygarde
|-damage|p2a: Zygarde|72/100
|-boost|p1a: Necrozma|def|1
|
|-damage|p1a: Necrozma|95/100 brn|[from] brn
|upkeep
|turn|6
|
|t:|1642983206
|move|p1a: Necrozma|Max Quake|p2a: Zygarde
|-damage|p2a: Zygarde|51/100
|-boost|p1a: Necrozma|spd|1
|move|p2a: Zygarde|Haze|p2a: Zygarde
|-clearallboost
|
|-damage|p1a: Necrozma|92/100 brn|[from] brn
|-end|p1a: Necrozma|Dynamax
|-heal|p1a: Necrozma|92/100 brn|[silent]
|upkeep
|turn|7
|inactive|Glaliegoesboom ❤ has 120 seconds left.
|
|t:|1642983259
|switch|p1a: Shedinja|Shedinja|100/100
|move|p2a: Zygarde|Thousand Arrows|p1a: Shedinja
|-immune|p1a: Shedinja|[from] ability: Wonder Guard
|
|upkeep
|turn|8
|inactive|chopforce8 has 90 seconds left.
|
|t:|1642983281
|move|p2a: Zygarde|Thousand Arrows|p1a: Shedinja
|-immune|p1a: Shedinja|[from] ability: Wonder Guard
|move|p1a: Shedinja|Toxic|p2a: Zygarde
|-status|p2a: Zygarde|tox
|
|-damage|p2a: Zygarde|45/100 tox|[from] psn
|-activate|p2a: Zygarde|ability: Power Construct
|detailschange|p2a: Zygarde|Zygarde-Complete, shiny
|-heal|p2a: Zygarde|64/100 tox|[silent]
|upkeep
|turn|9
|inactive|chopforce8 has 90 seconds left.
|
|t:|1642983292
|move|p2a: Zygarde|Rest|p2a: Zygarde
|-status|p2a: Zygarde|slp|[from] move: Rest
|-heal|p2a: Zygarde|100/100 slp|[silent]
|move|p1a: Shedinja|Will-O-Wisp|p2a: Zygarde|[miss]
|-miss|p1a: Shedinja|p2a: Zygarde
|
|upkeep
|turn|10
|inactive|chopforce8 has 90 seconds left.
|inactive|chopforce8 has 60 seconds left.
|
|t:|1642983328
|switch|p1a: Ditto|Ditto|100/100
|-transform|p1a: Ditto|p2a: Zygarde|[from] ability: Imposter
|cant|p2a: Zygarde|slp
|
|upkeep
|turn|11
|inactive|chopforce8 has 60 seconds left.
|inactive|Glaliegoesboom ❤ has 120 seconds left.
|
|t:|1642983347
|switch|p1a: Necrozma|Necrozma-Dusk-Mane|92/100 brn
|switch|p2a: Giratina|Giratina-Origin|39/100
|
|-damage|p1a: Necrozma|86/100 brn|[from] brn
|upkeep
|turn|12
|inactive|chopforce8 has 60 seconds left.
|
|t:|1642983355
|switch|p1a: Arceus|Arceus-Flying|94/100
|move|p2a: Giratina|Rest|p2a: Giratina
|-status|p2a: Giratina|slp|[from] move: Rest
|-heal|p2a: Giratina|100/100 slp|[silent]
|
|upkeep
|turn|13
|
|t:|1642983362
|switch|p1a: Sableye|Sableye, M|100/100
|switch|p2a: Blissey|Blissey, F|100/100
|
|upkeep
|turn|14
|inactive|chopforce8 has 60 seconds left.
|inactive|Glaliegoesboom ❤ has 120 seconds left.
|
|t:|1642983397
|detailschange|p1a: Sableye|Sableye-Mega, M
|-mega|p1a: Sableye|Sableye|Sablenite
|move|p2a: Blissey|Aromatherapy|p2a: Blissey
|-activate|p2a: Blissey|move: Aromatherapy
|-curestatus|p2: Zygarde|slp|[msg]
|-curestatus|p2: Giratina|slp|[msg]
|move|p1a: Sableye|Foul Play|p2a: Blissey
|-damage|p2a: Blissey|94/100
|
|upkeep
|turn|15
|inactive|chopforce8 has 60 seconds left.
|
|t:|1642983413
|switch|p1a: Arceus|Arceus-Flying|94/100
|move|p2a: Blissey|Confide|p1a: Arceus
|-unboost|p1a: Arceus|spa|1
|
|upkeep
|turn|16
|inactive|chopforce8 has 60 seconds left.
|
|t:|1642983423
|switch|p1a: Sableye|Sableye-Mega, M|100/100
|move|p2a: Blissey|Confide|p1a: Sableye
|move|p1a: Sableye|Confide|p2a: Blissey|[from]ability: Magic Bounce
|-unboost|p2a: Blissey|spa|1
|
|upkeep
|turn|17
|inactive|chopforce8 has 60 seconds left.
|
|t:|1642983435
|move|p2a: Blissey|Confide|p1a: Sableye
|move|p1a: Sableye|Confide|p2a: Blissey|[from]ability: Magic Bounce
|-unboost|p2a: Blissey|spa|1
|move|p1a: Sableye|Will-O-Wisp|p2a: Blissey
|-status|p2a: Blissey|brn
|
|-damage|p2a: Blissey|88/100 brn|[from] brn
|upkeep
|turn|18
|
|t:|1642983449
|move|p2a: Blissey|Aromatherapy|p2a: Blissey
|-activate|p2a: Blissey|move: Aromatherapy
|-curestatus|p2a: Blissey|brn|[msg]
|move|p1a: Sableye|Will-O-Wisp|p2a: Blissey
|-status|p2a: Blissey|brn
|
|-damage|p2a: Blissey|82/100 brn|[from] brn
|upkeep
|turn|19
|
|t:|1642983459
|move|p2a: Blissey|Aromatherapy|p2a: Blissey
|-activate|p2a: Blissey|move: Aromatherapy
|-curestatus|p2a: Blissey|brn|[msg]
|move|p1a: Sableye|Will-O-Wisp|p2a: Blissey
|-status|p2a: Blissey|brn
|
|-damage|p2a: Blissey|76/100 brn|[from] brn
|upkeep
|turn|20
|
|t:|1642983470
|move|p2a: Blissey|Aromatherapy|p2a: Blissey
|-activate|p2a: Blissey|move: Aromatherapy
|-curestatus|p2a: Blissey|brn|[msg]
|move|p1a: Sableye|Will-O-Wisp|p2a: Blissey
|-status|p2a: Blissey|brn
|
|-damage|p2a: Blissey|70/100 brn|[from] brn
|upkeep
|turn|21
|
|t:|1642983479
|move|p2a: Blissey|Aromatherapy|p2a: Blissey
|-activate|p2a: Blissey|move: Aromatherapy
|-curestatus|p2a: Blissey|brn|[msg]
|move|p1a: Sableye|Will-O-Wisp|p2a: Blissey
|-status|p2a: Blissey|brn
|
|-damage|p2a: Blissey|63/100 brn|[from] brn
|upkeep
|turn|22
|
|t:|1642983490
|move|p2a: Blissey|Soft-Boiled|p2a: Blissey
|-heal|p2a: Blissey|100/100 brn
|move|p1a: Sableye|Will-O-Wisp|p2a: Blissey
|-fail|p2a: Blissey|brn
|
|-damage|p2a: Blissey|94/100 brn|[from] brn
|upkeep
|turn|23
|
|t:|1642983503
|move|p2a: Blissey|Aromatherapy|p2a: Blissey
|-activate|p2a: Blissey|move: Aromatherapy
|-curestatus|p2a: Blissey|brn|[msg]
|move|p1a: Sableye|Will-O-Wisp|p2a: Blissey
|-status|p2a: Blissey|brn
|
|-damage|p2a: Blissey|88/100 brn|[from] brn
|upkeep
|turn|24
|
|t:|1642983511
|move|p2a: Blissey|Aromatherapy|p2a: Blissey
|-activate|p2a: Blissey|move: Aromatherapy
|-curestatus|p2a: Blissey|brn|[msg]
|move|p1a: Sableye|Will-O-Wisp|p2a: Blissey
|-status|p2a: Blissey|brn
|
|-damage|p2a: Blissey|82/100 brn|[from] brn
|upkeep
|turn|25
|
|t:|1642983522
|move|p2a: Blissey|Aromatherapy|p2a: Blissey
|-activate|p2a: Blissey|move: Aromatherapy
|-curestatus|p2a: Blissey|brn|[msg]
|-enditem|p2a: Blissey|Leppa Berry|[eat]
|-activate|p2a: Blissey|item: Leppa Berry|Aromatherapy|[consumed]
|move|p1a: Sableye|Will-O-Wisp|p2a: Blissey
|-status|p2a: Blissey|brn
|
|-damage|p2a: Blissey|76/100 brn|[from] brn
|upkeep
|turn|26
|
|t:|1642983535
|switch|p1a: Ditto|Ditto|100/100
|-transform|p1a: Ditto|p2a: Blissey|[from] ability: Imposter
|move|p2a: Blissey|Recycle|p2a: Blissey
|-item|p2a: Blissey|Leppa Berry|[from] move: Recycle
|
|-damage|p2a: Blissey|70/100 brn|[from] brn
|upkeep
|turn|27
|
|t:|1642983547
|switch|p1a: Sableye|Sableye-Mega, M|100/100
|move|p2a: Blissey|Aromatherapy|p2a: Blissey
|-activate|p2a: Blissey|move: Aromatherapy
|-curestatus|p2a: Blissey|brn|[msg]
|
|upkeep
|turn|28
|
|t:|1642983555
|switch|p1a: Necrozma|Necrozma-Dusk-Mane|86/100 brn
|move|p2a: Blissey|Soft-Boiled|p2a: Blissey
|-heal|p2a: Blissey|100/100
|
|-damage|p1a: Necrozma|80/100 brn|[from] brn
|upkeep
|turn|29
|
|t:|1642983565
|switch|p2a: Giratina|Giratina-Origin|100/100
|move|p1a: Necrozma|Dragon Dance|p1a: Necrozma
|-boost|p1a: Necrozma|atk|1
|-boost|p1a: Necrozma|spe|1
|
|-damage|p1a: Necrozma|74/100 brn|[from] brn
|upkeep
|turn|30
|inactive|chopforce8 has 90 seconds left.
|
|t:|1642983573
|switch|p1a: Sableye|Sableye-Mega, M|100/100
|switch|p2a: Zygarde|Zygarde-Complete, shiny|100/100
|
|upkeep
|turn|31
|
|t:|1642983584
|switch|p2a: Blissey|Blissey, F|100/100
|move|p1a: Sableye|Fake Out|p2a: Blissey
|-damage|p2a: Blissey|85/100
|
|upkeep
|turn|32
|
|t:|1642983593
|switch|p1a: Shedinja|Shedinja|100/100
|move|p2a: Blissey|Soft-Boiled|p2a: Blissey
|-heal|p2a: Blissey|100/100
|
|upkeep
|turn|33
|
|t:|1642983600
|switch|p2a: Marshadow|Marshadow|100/100
|move|p1a: Shedinja|Will-O-Wisp|p2a: Marshadow
|-status|p2a: Marshadow|brn
|
|-damage|p2a: Marshadow|94/100 brn|[from] brn
|upkeep
|turn|34
|
|t:|1642983622
|-activate|p1a: Shedinja|move: Pursuit
|move|p2a: Marshadow|Pursuit|p1a: Shedinja|[from]Pursuit
|-supereffective|p1a: Shedinja
|-damage|p1a: Shedinja|0 fnt
|faint|p1a: Shedinja
|-hint|A Pokemon can't switch between when it runs out of HP and when it faints
|
|-damage|p2a: Marshadow|88/100 brn|[from] brn
|upkeep
|
|t:|1642983639
|switch|p1a: Ditto|Ditto|100/100
|-transform|p1a: Ditto|p2a: Marshadow|[from] ability: Imposter
|turn|35
|
|t:|1642983643
|switch|p2a: Zygarde|Zygarde-Complete, shiny|100/100
|move|p1a: Ditto|Close Combat|p2a: Zygarde
|-damage|p2a: Zygarde|81/100
|-unboost|p1a: Ditto|def|1
|-unboost|p1a: Ditto|spd|1
|
|upkeep
|turn|36
|
|t:|1642983651
|switch|p1a: Sableye|Sableye-Mega, M|100/100
|move|p2a: Zygarde|Thousand Arrows|p1a: Sableye
|-damage|p1a: Sableye|70/100
|
|upkeep
|turn|37
|
|t:|1642983659
|switch|p2a: Blissey|Blissey, F|100/100
|move|p1a: Sableye|Recover|p1a: Sableye
|-heal|p1a: Sableye|100/100
|
|upkeep
|turn|38
|inactive|chopforce8 has 120 seconds left.
|
|t:|1642983678
|switch|p1a: Arceus|Arceus-Flying|94/100
|move|p2a: Blissey|Aromatherapy|p2a: Blissey
|-activate|p2a: Blissey|move: Aromatherapy
|-curestatus|p2: Marshadow|brn|[msg]
|
|upkeep
|turn|39
|
|t:|1642983684
|switch|p1a: Sableye|Sableye-Mega, M|100/100
|move|p2a: Blissey|Confide|p1a: Sableye
|move|p1a: Sableye|Confide|p2a: Blissey|[from]ability: Magic Bounce
|-unboost|p2a: Blissey|spa|1
|
|upkeep
|turn|40
|inactive|chopforce8 has 120 seconds left.
|
|t:|1642983699
|switch|p1a: Arceus|Arceus-Flying|94/100
|move|p2a: Blissey|Confide|p1a: Arceus
|-unboost|p1a: Arceus|spa|1
|
|upkeep
|turn|41
|
|t:|1642983706
|switch|p1a: Sableye|Sableye-Mega, M|100/100
|switch|p2a: Necrozma|Necrozma-Dusk-Mane|100/100
|
|upkeep
|turn|42
|
|t:|1642983715
|switch|p2a: Blissey|Blissey, F|100/100
|move|p1a: Sableye|Will-O-Wisp|p2a: Blissey
|-status|p2a: Blissey|brn
|
|-damage|p2a: Blissey|94/100 brn|[from] brn
|upkeep
|turn|43
|j| swordsdance1231321
|
|t:|1642983723
|switch|p1a: Necrozma|Necrozma-Dusk-Mane|74/100 brn
|move|p2a: Blissey|Aromatherapy|p2a: Blissey
|-activate|p2a: Blissey|move: Aromatherapy
|-curestatus|p2a: Blissey|brn|[msg]
|
|-damage|p1a: Necrozma|68/100 brn|[from] brn
|upkeep
|turn|44
|
|t:|1642983730
|switch|p2a: Giratina|Giratina-Origin|100/100
|move|p1a: Necrozma|Morning Sun|p1a: Necrozma
|-heal|p1a: Necrozma|100/100 brn
|
|-damage|p1a: Necrozma|95/100 brn|[from] brn
|upkeep
|turn|45
|
|t:|1642983737
|switch|p1a: Sableye|Sableye-Mega, M|100/100
|switch|p2a: Necrozma|Necrozma-Dusk-Mane|100/100
|
|upkeep
|turn|46
|
|t:|1642983745
|switch|p2a: Blissey|Blissey, F|94/100
|move|p1a: Sableye|Foul Play|p2a: Blissey
|-damage|p2a: Blissey|88/100
|
|upkeep
|turn|47
|
|t:|1642983755
|switch|p2a: Necrozma|Necrozma-Dusk-Mane|100/100
|move|p1a: Sableye|Foul Play|p2a: Necrozma
|-supereffective|p2a: Necrozma
|-damage|p2a: Necrozma|66/100
|-damage|p1a: Sableye|84/100|[from] item: Rocky Helmet|[of] p2a: Necrozma
|
|upkeep
|turn|48
|
|t:|1642983766
|move|p2a: Necrozma|Morning Sun|p2a: Necrozma
|-heal|p2a: Necrozma|100/100
|move|p1a: Sableye|Will-O-Wisp|p2a: Necrozma|[miss]
|-miss|p1a: Sableye|p2a: Necrozma
|
|upkeep
|turn|49
|
|t:|1642983791
|switch|p2a: Blissey|Blissey, F|88/100
|switch|p1a: Necrozma|Necrozma-Dusk-Mane|95/100 brn
|
|-damage|p1a: Necrozma|89/100 brn|[from] brn
|upkeep
|turn|50
|
|t:|1642983802
|switch|p1a: Ditto|Ditto|100/100
|-transform|p1a: Ditto|p2a: Blissey|[from] ability: Imposter
|switch|p2a: Necrozma|Necrozma-Dusk-Mane|100/100
|
|upkeep
|turn|51
|
|t:|1642983813
|move|p2a: Necrozma|Knock Off|p1a: Ditto
|-enditem|p1a: Ditto|Focus Sash
|-damage|p1a: Ditto|1/100
|move|p1a: Ditto|Aromatherapy|p1a: Ditto
|-activate|p1a: Ditto|move: Aromatherapy
|-curestatus|p1: Necrozma|brn|[msg]
|
|upkeep
|turn|52
|
|t:|1642983823
|switch|p1a: Necrozma|Necrozma-Dusk-Mane|89/100
|move|p2a: Necrozma|Knock Off|p1a: Necrozma
|-supereffective|p1a: Necrozma
|-damage|p1a: Necrozma|45/100
|-damage|p2a: Necrozma|84/100|[from] item: Rocky Helmet|[of] p1a: Necrozma
|-enditem|p1a: Necrozma|Rocky Helmet|[from] move: Knock Off|[of] p2a: Necrozma
|
|upkeep
|turn|53
|
|t:|1642983833
|move|p1a: Necrozma|Morning Sun|p1a: Necrozma
|-heal|p1a: Necrozma|95/100
|move|p2a: Necrozma|Stealth Rock|p1a: Necrozma
|-sidestart|p1: chopforce8|move: Stealth Rock
|
|upkeep
|turn|54
|
|t:|1642983842
|switch|p1a: Ditto|Ditto|100/100
|-damage|p1a: Ditto|88/100|[from] Stealth Rock
|-transform|p1a: Ditto|p2a: Necrozma|[from] ability: Imposter
|switch|p2a: Zygarde|Zygarde-Complete, shiny|81/100
|
|upkeep
|turn|55
|
|t:|1642983858
|switch|p2a: Marshadow|Marshadow|88/100
|move|p1a: Ditto|Stealth Rock|p2a: Marshadow
|-sidestart|p2: Glaliegoesboom ❤|move: Stealth Rock
|
|upkeep
|turn|56
|
|t:|1642983865
|switch|p1a: Ditto|Ditto|1/100
|-damage|p1a: Ditto|0 fnt|[from] Stealth Rock
|faint|p1a: Ditto
|move|p2a: Marshadow|Spectral Thief|p1: Ditto|[notarget]
|-fail|p2a: Marshadow
|
|upkeep
|
|t:|1642983874
|switch|p1a: Arceus|Arceus-Flying|94/100
|-damage|p1a: Arceus|69/100|[from] Stealth Rock
|turn|57
|
|t:|1642983883
|switch|p2a: Blissey|Blissey, F|88/100
|-damage|p2a: Blissey|76/100|[from] Stealth Rock
|move|p1a: Arceus|Judgment|p2a: Blissey
|-damage|p2a: Blissey|63/100
|
|upkeep
|turn|58
|
|t:|1642983896
|move|p1a: Arceus|Calm Mind|p1a: Arceus
|-boost|p1a: Arceus|spa|1
|-boost|p1a: Arceus|spd|1
|move|p2a: Blissey|Soft-Boiled|p2a: Blissey
|-heal|p2a: Blissey|100/100
|
|upkeep
|turn|59
|
|t:|1642983905
|move|p1a: Arceus|Judgment|p2a: Blissey
|-damage|p2a: Blissey|80/100
|move|p2a: Blissey|Confide|p1a: Arceus
|-unboost|p1a: Arceus|spa|1
|
|upkeep
|turn|60
|
|t:|1642983914
|move|p1a: Arceus|Recover|p1a: Arceus
|-heal|p1a: Arceus|100/100
|move|p2a: Blissey|Confide|p1a: Arceus
|-unboost|p1a: Arceus|spa|1
|
|upkeep
|turn|61
|
|t:|1642983921
|switch|p1a: Sableye|Sableye-Mega, M|84/100
|-damage|p1a: Sableye|72/100|[from] Stealth Rock
|move|p2a: Blissey|Soft-Boiled|p2a: Blissey
|-heal|p2a: Blissey|100/100
|
|upkeep
|turn|62
|
|t:|1642983928
|move|p2a: Blissey|Confide|p1a: Sableye
|move|p1a: Sableye|Confide|p2a: Blissey|[from]ability: Magic Bounce
|-unboost|p2a: Blissey|spa|1
|move|p1a: Sableye|Foul Play|p2a: Blissey
|-damage|p2a: Blissey|94/100
|
|upkeep
|turn|63
|
|t:|1642983939
|move|p2a: Blissey|Confide|p1a: Sableye
|move|p1a: Sableye|Confide|p2a: Blissey|[from]ability: Magic Bounce
|-unboost|p2a: Blissey|spa|1
|move|p1a: Sableye|Will-O-Wisp|p2a: Blissey
|-status|p2a: Blissey|brn
|
|-damage|p2a: Blissey|88/100 brn|[from] brn
|upkeep
|turn|64
|
|t:|1642983952
|switch|p1a: Necrozma|Necrozma-Dusk-Mane|95/100
|-damage|p1a: Necrozma|89/100|[from] Stealth Rock
|move|p2a: Blissey|Aromatherapy|p2a: Blissey
|-activate|p2a: Blissey|move: Aromatherapy
|-curestatus|p2a: Blissey|brn|[msg]
|
|upkeep
|turn|65
|
|t:|1642983963
|switch|p2a: Zygarde|Zygarde-Complete, shiny|81/100
|-damage|p2a: Zygarde|75/100|[from] Stealth Rock
|move|p1a: Necrozma|Sunsteel Strike|p2a: Zygarde
|-damage|p2a: Zygarde|56/100
|
|upkeep
|turn|66
|
|t:|1642983981
|switch|p1a: Arceus|Arceus-Flying|100/100
|-damage|p1a: Arceus|76/100|[from] Stealth Rock
|move|p2a: Zygarde|Thousand Arrows|p1a: Arceus
|-damage|p1a: Arceus|56/100
|-start|p1a: Arceus|Smack Down
|
|upkeep
|turn|67
|
|t:|1642983991
|switch|p2a: Blissey|Blissey, F|88/100
|-damage|p2a: Blissey|76/100|[from] Stealth Rock
|move|p1a: Arceus|Recover|p1a: Arceus
|-heal|p1a: Arceus|100/100
|
|upkeep
|turn|68
|
|t:|1642984012
|switch|p1a: Ditto|Ditto|88/100
|-damage|p1a: Ditto|76/100|[from] Stealth Rock
|-transform|p1a: Ditto|p2a: Blissey|[from] ability: Imposter
|move|p2a: Blissey|Soft-Boiled|p2a: Blissey
|-heal|p2a: Blissey|100/100
|
|upkeep
|turn|69
|
|t:|1642984028
|switch|p2a: Marshadow|Marshadow|88/100
|-damage|p2a: Marshadow|82/100|[from] Stealth Rock
|move|p1a: Ditto|Soft-Boiled|p1a: Ditto
|-heal|p1a: Ditto|100/100
|
|upkeep
|turn|70
|
|t:|1642984036
|-activate|p1a: Ditto|move: Pursuit
|move|p2a: Marshadow|Pursuit|p1a: Ditto|[from]Pursuit
|-damage|p1a: Ditto|0 fnt
|faint|p1a: Ditto
|-hint|A Pokemon can't switch between when it runs out of HP and when it faints
|
|upkeep
|c|☆chopforce8|lol
|
|t:|1642984046
|switch|p1a: Arceus|Arceus-Flying|100/100
|-damage|p1a: Arceus|76/100|[from] Stealth Rock
|turn|71
|
|t:|1642984050
|switch|p2a: Blissey|Blissey, F|100/100
|-damage|p2a: Blissey|88/100|[from] Stealth Rock
|switch|p1a: Necrozma|Necrozma-Dusk-Mane|89/100
|-damage|p1a: Necrozma|83/100|[from] Stealth Rock
|
|upkeep
|turn|72
|
|t:|1642984058
|switch|p2a: Zygarde|Zygarde-Complete, shiny|56/100
|-damage|p2a: Zygarde|50/100|[from] Stealth Rock
|move|p1a: Necrozma|Dragon Dance|p1a: Necrozma
|-boost|p1a: Necrozma|atk|1
|-boost|p1a: Necrozma|spe|1
|
|upkeep
|turn|73
|
|t:|1642984066
|move|p1a: Necrozma|Sunsteel Strike|p2a: Zygarde
|-damage|p2a: Zygarde|21/100
|move|p2a: Zygarde|Haze|p2a: Zygarde
|-clearallboost
|
|upkeep
|turn|74
|
|t:|1642984072
|move|p1a: Necrozma|Dragon Dance|p1a: Necrozma
|-boost|p1a: Necrozma|atk|1
|-boost|p1a: Necrozma|spe|1
|move|p2a: Zygarde|Rest|p2a: Zygarde
|-status|p2a: Zygarde|slp|[from] move: Rest
|-heal|p2a: Zygarde|100/100 slp|[silent]
|
|upkeep
|turn|75
|
|t:|1642984081
|move|p1a: Necrozma|Sunsteel Strike|p2a: Zygarde
|-damage|p2a: Zygarde|67/100 slp
|cant|p2a: Zygarde|slp
|
|upkeep
|turn|76
|
|t:|1642984087
|move|p1a: Necrozma|Dragon Dance|p1a: Necrozma
|-boost|p1a: Necrozma|atk|1
|-boost|p1a: Necrozma|spe|1
|cant|p2a: Zygarde|slp
|
|upkeep
|turn|77
|
|t:|1642984092
|move|p1a: Necrozma|Earthquake|p2a: Zygarde
|-damage|p2a: Zygarde|42/100 slp
|-curestatus|p2a: Zygarde|slp|[msg]
|move|p2a: Zygarde|Haze|p2a: Zygarde
|-clearallboost
|
|upkeep
|turn|78
|
|t:|1642984104
|move|p1a: Necrozma|Dragon Dance|p1a: Necrozma
|-boost|p1a: Necrozma|atk|1
|-boost|p1a: Necrozma|spe|1
|move|p2a: Zygarde|Rest|p2a: Zygarde
|-status|p2a: Zygarde|slp|[from] move: Rest
|-heal|p2a: Zygarde|100/100 slp|[silent]
|
|upkeep
|turn|79
|
|t:|1642984113
|move|p1a: Necrozma|Dragon Dance|p1a: Necrozma
|-boost|p1a: Necrozma|atk|1
|-boost|p1a: Necrozma|spe|1
|cant|p2a: Zygarde|slp
|
|upkeep
|turn|80
|
|t:|1642984118
|move|p1a: Necrozma|Sunsteel Strike|p2a: Zygarde
|-damage|p2a: Zygarde|60/100 slp
|cant|p2a: Zygarde|slp
|
|upkeep
|turn|81
|
|t:|1642984124
|move|p1a: Necrozma|Earthquake|p2a: Zygarde
|-damage|p2a: Zygarde|34/100 slp
|-curestatus|p2a: Zygarde|slp|[msg]
|move|p2a: Zygarde|Haze|p2a: Zygarde
|-clearallboost
|
|upkeep
|turn|82
|
|t:|1642984132
|move|p1a: Necrozma|Dragon Dance|p1a: Necrozma
|-boost|p1a: Necrozma|atk|1
|-boost|p1a: Necrozma|spe|1
|move|p2a: Zygarde|Rest|p2a: Zygarde
|-status|p2a: Zygarde|slp|[from] move: Rest
|-heal|p2a: Zygarde|100/100 slp|[silent]
|
|upkeep
|turn|83
|
|t:|1642984139
|move|p1a: Necrozma|Dragon Dance|p1a: Necrozma
|-boost|p1a: Necrozma|atk|1
|-boost|p1a: Necrozma|spe|1
|cant|p2a: Zygarde|slp
|
|upkeep
|turn|84
|
|t:|1642984144
|move|p1a: Necrozma|Earthquake|p2a: Zygarde
|-damage|p2a: Zygarde|75/100 slp
|cant|p2a: Zygarde|slp
|
|upkeep
|turn|85
|
|t:|1642984148
|move|p1a: Necrozma|Earthquake|p2a: Zygarde
|-damage|p2a: Zygarde|46/100 slp
|-curestatus|p2a: Zygarde|slp|[msg]
|move|p2a: Zygarde|Haze|p2a: Zygarde
|-clearallboost
|
|upkeep
|turn|86
|
|t:|1642984155
|move|p1a: Necrozma|Dragon Dance|p1a: Necrozma
|-boost|p1a: Necrozma|atk|1
|-boost|p1a: Necrozma|spe|1
|move|p2a: Zygarde|Rest|p2a: Zygarde
|-status|p2a: Zygarde|slp|[from] move: Rest
|-heal|p2a: Zygarde|100/100 slp|[silent]
|
|upkeep
|turn|87
|
|t:|1642984165
|move|p1a: Necrozma|Dragon Dance|p1a: Necrozma
|-boost|p1a: Necrozma|atk|1
|-boost|p1a: Necrozma|spe|1
|cant|p2a: Zygarde|slp
|
|upkeep
|turn|88
|
|t:|1642984170
|move|p1a: Necrozma|Earthquake|p2a: Zygarde
|-damage|p2a: Zygarde|72/100 slp
|cant|p2a: Zygarde|slp
|
|upkeep
|turn|89
|
|t:|1642984175
|move|p1a: Necrozma|Earthquake|p2a: Zygarde
|-crit|p2a: Zygarde
|-damage|p2a: Zygarde|33/100 slp
|-curestatus|p2a: Zygarde|slp|[msg]
|move|p2a: Zygarde|Haze|p2a: Zygarde
|-clearallboost
|
|upkeep
|turn|90
|
|t:|1642984182
|move|p1a: Necrozma|Dragon Dance|p1a: Necrozma
|-boost|p1a: Necrozma|atk|1
|-boost|p1a: Necrozma|spe|1
|move|p2a: Zygarde|Rest|p2a: Zygarde
|-status|p2a: Zygarde|slp|[from] move: Rest
|-heal|p2a: Zygarde|100/100 slp|[silent]
|
|upkeep
|turn|91
|
|t:|1642984189
|move|p1a: Necrozma|Dragon Dance|p1a: Necrozma
|-boost|p1a: Necrozma|atk|1
|-boost|p1a: Necrozma|spe|1
|cant|p2a: Zygarde|slp
|
|upkeep
|turn|92
|
|t:|1642984194
|move|p1a: Necrozma|Earthquake|p2a: Zygarde
|-damage|p2a: Zygarde|74/100 slp
|cant|p2a: Zygarde|slp
|
|upkeep
|turn|93
|
|t:|1642984200
|move|p1a: Necrozma|Earthquake|p2a: Zygarde
|-damage|p2a: Zygarde|47/100 slp
|-curestatus|p2a: Zygarde|slp|[msg]
|move|p2a: Zygarde|Haze|p2a: Zygarde
|-clearallboost
|
|upkeep
|turn|94
|
|t:|1642984210
|move|p1a: Necrozma|Morning Sun|p1a: Necrozma
|-heal|p1a: Necrozma|100/100
|move|p2a: Zygarde|Rest|p2a: Zygarde
|-status|p2a: Zygarde|slp|[from] move: Rest
|-heal|p2a: Zygarde|100/100 slp|[silent]
|
|upkeep
|turn|95
|
|t:|1642984221
|switch|p1a: Sableye|Sableye-Mega, M|72/100
|-damage|p1a: Sableye|60/100|[from] Stealth Rock
|cant|p2a: Zygarde|slp
|
|upkeep
|turn|96
|inactive|chopforce8 has 120 seconds left.
|
|t:|1642984272
|switch|p2a: Blissey|Blissey, F|88/100
|-damage|p2a: Blissey|76/100|[from] Stealth Rock
|move|p1a: Sableye|Recover|p1a: Sableye
|-heal|p1a: Sableye|100/100
|
|upkeep
|turn|97
|
|t:|1642984278
|move|p2a: Blissey|Aromatherapy|p2a: Blissey
|-activate|p2a: Blissey|move: Aromatherapy
|-curestatus|p2: Zygarde|slp|[msg]
|move|p1a: Sableye|Will-O-Wisp|p2a: Blissey
|-status|p2a: Blissey|brn
|
|-damage|p2a: Blissey|69/100 brn|[from] brn
|upkeep
|turn|98
|inactive|chopforce8 has 90 seconds left.
|
|t:|1642984294
|switch|p1a: Arceus|Arceus-Flying|76/100
|-damage|p1a: Arceus|51/100|[from] Stealth Rock
|move|p2a: Blissey|Aromatherapy|p2a: Blissey
|-activate|p2a: Blissey|move: Aromatherapy
|-curestatus|p2a: Blissey|brn|[msg]
|
|upkeep
|turn|99
|inactive|chopforce8 has 90 seconds left.
|
|t:|1642984317
|move|p1a: Arceus|Recover|p1a: Arceus
|-heal|p1a: Arceus|100/100
|move|p2a: Blissey|Soft-Boiled|p2a: Blissey
|-heal|p2a: Blissey|100/100
|
|upkeep
|turn|100
|inactive|chopforce8 has 90 seconds left.
|
|t:|1642984327
|move|p1a: Arceus|Calm Mind|p1a: Arceus
|-boost|p1a: Arceus|spa|1
|-boost|p1a: Arceus|spd|1
|move|p2a: Blissey|Confide|p1a: Arceus
|-unboost|p1a: Arceus|spa|1
|
|upkeep
|turn|101
|
|t:|1642984334
|move|p1a: Arceus|Calm Mind|p1a: Arceus
|-boost|p1a: Arceus|spa|1
|-boost|p1a: Arceus|spd|1
|move|p2a: Blissey|Confide|p1a: Arceus
|-unboost|p1a: Arceus|spa|1
|
|upkeep
|turn|102
|
|t:|1642984344
|move|p1a: Arceus|Calm Mind|p1a: Arceus
|-boost|p1a: Arceus|spa|1
|-boost|p1a: Arceus|spd|1
|move|p2a: Blissey|Confide|p1a: Arceus
|-unboost|p1a: Arceus|spa|1
|
|upkeep
|turn|103
|
|t:|1642984354
|move|p1a: Arceus|Calm Mind|p1a: Arceus
|-boost|p1a: Arceus|spa|1
|-boost|p1a: Arceus|spd|1
|move|p2a: Blissey|Confide|p1a: Arceus
|-unboost|p1a: Arceus|spa|1
|
|upkeep
|turn|104
|
|t:|1642984361
|move|p1a: Arceus|Calm Mind|p1a: Arceus
|-boost|p1a: Arceus|spa|1
|-boost|p1a: Arceus|spd|1
|move|p2a: Blissey|Confide|p1a: Arceus
|-unboost|p1a: Arceus|spa|1
|
|upkeep
|turn|105
|
|t:|1642984385
|move|p1a: Arceus|Judgment|p2a: Blissey
|-damage|p2a: Blissey|86/100
|move|p2a: Blissey|Confide|p1a: Arceus
|-unboost|p1a: Arceus|spa|1
|
|upkeep
|turn|106
|
|t:|1642984392
|switch|p1a: Sableye|Sableye-Mega, M|100/100
|-damage|p1a: Sableye|88/100|[from] Stealth Rock
|move|p2a: Blissey|Confide|p1a: Sableye
|move|p1a: Sableye|Confide|p2a: Blissey|[from]ability: Magic Bounce
|-unboost|p2a: Blissey|spa|1
|
|upkeep
|turn|107
|
|t:|1642984402
|switch|p1a: Arceus|Arceus-Flying|100/100
|-damage|p1a: Arceus|76/100|[from] Stealth Rock
|move|p2a: Blissey|Soft-Boiled|p2a: Blissey
|-heal|p2a: Blissey|100/100
|
|upkeep
|turn|108
|inactive|Glaliegoesboom ❤ has 120 seconds left.
|
|t:|1642984427
|move|p1a: Arceus|Judgment|p2a: Blissey
|-damage|p2a: Blissey|87/100
|move|p2a: Blissey|Confide|p1a: Arceus
|-unboost|p1a: Arceus|spa|1
|
|upkeep
|turn|109
|
|t:|1642984434
|move|p1a: Arceus|Calm Mind|p1a: Arceus
|-boost|p1a: Arceus|spa|1
|-boost|p1a: Arceus|spd|1
|move|p2a: Blissey|Confide|p1a: Arceus
|-unboost|p1a: Arceus|spa|1
|
|upkeep
|turn|110
|inactive|Glaliegoesboom ❤ has 120 seconds left.
|
|t:|1642984455
|move|p1a: Arceus|Recover|p1a: Arceus
|-heal|p1a: Arceus|100/100
|move|p2a: Blissey|Confide|p1a: Arceus
|-unboost|p1a: Arceus|spa|1
|
|upkeep
|turn|111
|
|t:|1642984466
|switch|p1a: Sableye|Sableye-Mega, M|88/100
|-damage|p1a: Sableye|76/100|[from] Stealth Rock
|move|p2a: Blissey|Confide|p1a: Sableye
|move|p1a: Sableye|Confide|p2a: Blissey|[from]ability: Magic Bounce
|-unboost|p2a: Blissey|spa|1
|
|upkeep
|turn|112
|
|t:|1642984477
|move|p1a: Sableye|Fake Out|p2a: Blissey
|-damage|p2a: Blissey|72/100
|cant|p2a: Blissey|flinch
|
|upkeep
|turn|113
|inactive|Glaliegoesboom ❤ has 90 seconds left.
|
|t:|1642984502
|switch|p1a: Necrozma|Necrozma-Dusk-Mane|100/100
|-damage|p1a: Necrozma|95/100|[from] Stealth Rock
|move|p2a: Blissey|Soft-Boiled|p2a: Blissey
|-heal|p2a: Blissey|100/100
|
|upkeep
|turn|114
|
|t:|1642984509
|switch|p1a: Arceus|Arceus-Flying|100/100
|-damage|p1a: Arceus|76/100|[from] Stealth Rock
|switch|p2a: Zygarde|Zygarde-Complete, shiny|100/100
|-damage|p2a: Zygarde|94/100|[from] Stealth Rock
|
|upkeep
|turn|115
|
|t:|1642984516
|switch|p2a: Blissey|Blissey, F|100/100
|-damage|p2a: Blissey|88/100|[from] Stealth Rock
|move|p1a: Arceus|Judgment|p2a: Blissey
|-damage|p2a: Blissey|75/100
|
|upkeep
|turn|116
|inactive|chopforce8 has 60 seconds left.
|inactive|Glaliegoesboom ❤ has 90 seconds left.
|
|t:|1642984544
|move|p1a: Arceus|Recover|p1a: Arceus
|-heal|p1a: Arceus|100/100
|move|p2a: Blissey|Confide|p1a: Arceus
|-unboost|p1a: Arceus|spa|1
|
|upkeep
|turn|117
|inactive|chopforce8 has 60 seconds left.
|
|t:|1642984556
|switch|p1a: Sableye|Sableye-Mega, M|76/100
|-damage|p1a: Sableye|64/100|[from] Stealth Rock
|move|p2a: Blissey|Soft-Boiled|p2a: Blissey
|-heal|p2a: Blissey|100/100
|
|upkeep
|turn|118
|
|t:|1642984566
|move|p1a: Sableye|Fake Out|p2a: Blissey
|-damage|p2a: Blissey|85/100
|cant|p2a: Blissey|flinch
|
|upkeep
|turn|119
|
|t:|1642984572
|move|p2a: Blissey|Confide|p1a: Sableye
|move|p1a: Sableye|Confide|p2a: Blissey|[from]ability: Magic Bounce
|-unboost|p2a: Blissey|spa|1
|move|p1a: Sableye|Recover|p1a: Sableye
|-heal|p1a: Sableye|100/100
|
|upkeep
|turn|120
|inactive|Glaliegoesboom ❤ has 60 seconds left.
|
|t:|1642984605
|switch|p1a: Necrozma|Necrozma-Dusk-Mane|95/100
|-damage|p1a: Necrozma|89/100|[from] Stealth Rock
|move|p2a: Blissey|Confide|p1a: Necrozma
|-unboost|p1a: Necrozma|spa|1
|
|upkeep
|turn|121
|
|t:|1642984614
|switch|p1a: Sableye|Sableye-Mega, M|100/100
|-damage|p1a: Sableye|88/100|[from] Stealth Rock
|switch|p2a: Zygarde|Zygarde-Complete, shiny|94/100
|-damage|p2a: Zygarde|88/100|[from] Stealth Rock
|
|upkeep
|turn|122
|
|t:|1642984621
|move|p1a: Sableye|Fake Out|p2a: Zygarde
|-damage|p2a: Zygarde|85/100
|cant|p2a: Zygarde|flinch
|
|upkeep
|turn|123
|
|t:|1642984632
|switch|p2a: Blissey|Blissey, F|85/100
|-damage|p2a: Blissey|72/100|[from] Stealth Rock
|move|p1a: Sableye|Will-O-Wisp|p2a: Blissey
|-status|p2a: Blissey|brn
|
|-damage|p2a: Blissey|66/100 brn|[from] brn
|upkeep
|turn|124
|
|t:|1642984645
|move|p2a: Blissey|Soft-Boiled|p2a: Blissey
|-heal|p2a: Blissey|100/100 brn
|move|p1a: Sableye|Will-O-Wisp|p2a: Blissey|[miss]
|-miss|p1a: Sableye|p2a: Blissey
|
|-damage|p2a: Blissey|94/100 brn|[from] brn
|upkeep
|turn|125
|
|t:|1642984655
|switch|p1a: Necrozma|Necrozma-Dusk-Mane|89/100
|-damage|p1a: Necrozma|83/100|[from] Stealth Rock
|move|p2a: Blissey|Aromatherapy|p2a: Blissey
|-activate|p2a: Blissey|move: Aromatherapy
|-curestatus|p2a: Blissey|brn|[msg]
|
|upkeep
|turn|126
|inactive|Glaliegoesboom ❤ has 60 seconds left.
|j| hogwashimperial
|
|t:|1642984685
|switch|p1a: Sableye|Sableye-Mega, M|88/100
|-damage|p1a: Sableye|76/100|[from] Stealth Rock
|switch|p2a: Zygarde|Zygarde-Complete, shiny|85/100
|-damage|p2a: Zygarde|79/100|[from] Stealth Rock
|
|upkeep
|turn|127
|inactive|Glaliegoesboom ❤ has 30 seconds left.
|inactive|Glaliegoesboom ❤ has 20 seconds left.
|inactive|Glaliegoesboom ❤ has 15 seconds left.
|inactive|Glaliegoesboom ❤ has 10 seconds left.
|inactive|Glaliegoesboom ❤ has 5 seconds left.
|-message|Glaliegoesboom ❤ lost due to inactivity.
|
|win|chopforce8
|raw|chopforce8's rating: 1700 &rarr; <strong>1725</strong><br />(+25 for winning)
|raw|Glaliegoesboom ❤'s rating: 1781 &rarr; <strong>1756</strong><br />(-25 for losing)
|l|☆Glaliegoesboom ❤
|c|☆chopforce8|gg
|l|☆chopforce8
