|j|☆Its me shanks
|j|☆Qwertyuiopll12
|t:|1667742323
|gametype|singles
|player|p1|Its me shanks|yellow|1720
|player|p2|Qwertyuiopll12|schoolkid-gen4|1768
|teamsize|p1|6
|teamsize|p2|6
|gen|8
|tier|[Gen 8] National Dex AG
|rated|
|rule|HP Percentage Mod: HP is shown in percentages
|rule|Endless Battle Clause: Forcing endless battles is banned
|clearpoke
|poke|p1|Kyurem-Black|
|poke|p1|Necrozma-Dusk-Mane|
|poke|p1|Yveltal|
|poke|p1|Calyrex-Shadow|
|poke|p1|Ho-Oh|
|poke|p1|Rayquaza|
|poke|p2|Aerodactyl, M|
|poke|p2|Groudon|
|poke|p2|Yveltal|
|poke|p2|Arceus-*|
|poke|p2|Rayquaza|
|poke|p2|Calyrex-Shadow|
|teampreview
|inactive|Battle timer is ON: inactive players will automatically lose when time's up. (requested by Qwertyuiopll12)
|
|t:|1667742338
|start
|switch|p1a: Neptune|Necrozma-Dusk-Mane|100/100
|switch|p2a: Aerodactyl|Aerodactyl, M|100/100
|-ability|p2a: Aerodactyl|Pressure
|turn|1
|
|t:|1667742345
|move|p2a: Aerodactyl|Taunt|p1a: Neptune
|-start|p1a: Neptune|move: Taunt
|move|p1a: Neptune|Knock Off|p2a: Aerodactyl
|-damage|p2a: Aerodactyl|51/100
|-enditem|p2a: Aerodactyl|Focus Sash|[from] move: Knock Off|[of] p1a: Neptune
|
|upkeep
|turn|2
|
|t:|1667742357
|move|p2a: Aerodactyl|Stealth Rock|p1a: Neptune
|-sidestart|p1: Its me shanks|move: Stealth Rock
|move|p1a: Neptune|Knock Off|p2a: Aerodactyl
|-damage|p2a: Aerodactyl|14/100
|
|upkeep
|turn|3
|j| pocus pocus
|
|t:|1667742371
|move|p2a: Aerodactyl|Rock Tomb|p1a: Neptune
|-resisted|p1a: Neptune
|-damage|p1a: Neptune|93/100
|-unboost|p1a: Neptune|spe|1
|move|p1a: Neptune|Knock Off|p2a: Aerodactyl
|-damage|p2a: Aerodactyl|0 fnt
|faint|p2a: Aerodactyl
|
|-end|p1a: Neptune|move: Taunt
|upkeep
|j| kyonharuhi
|
|t:|1667742388
|switch|p2a: Calyrex|Calyrex-Shadow|100/100
|-ability|p2a: Calyrex|As One
|-ability|p2a: Calyrex|Unnerve
|turn|4
|
|t:|1667742393
|switch|p1a: Oh-No|Ho-Oh|100/100
|move|p2a: Calyrex|Astral Barrage|p1a: Oh-No
|-damage|p1a: Oh-No|63/100
|
|upkeep
|turn|5
|
|t:|1667742407
|move|p2a: Calyrex|Psyshock|p1a: Oh-No
|-damage|p1a: Oh-No|30/100
|move|p1a: Oh-No|Defog|p2a: Calyrex
|-unboost|p2a: Calyrex|evasion|1
|-sideend|p1: Its me shanks|Stealth Rock|[from] move: Defog|[of] p1a: Oh-No
|
|upkeep
|turn|6
|
|t:|1667742431
|switch|p2a: Rayquaza|Rayquaza|100/100
|-ability|p2a: Rayquaza|Air Lock
|switch|p1a: Bloodbath|Yveltal|100/100
|-ability|p1a: Bloodbath|Dark Aura
|
|upkeep
|turn|7
|
|t:|1667742437
|switch|p1a: Neptune|Necrozma-Dusk-Mane|93/100
|detailschange|p2a: Rayquaza|Rayquaza-Mega
|-mega|p2a: Rayquaza|Rayquaza|
|-weather|DeltaStream|[from] ability: Delta Stream|[of] p2a: Rayquaza
|move|p2a: Rayquaza|Dragon Ascent|p1a: Neptune
|-resisted|p1a: Neptune
|-damage|p1a: Neptune|66/100
|-unboost|p2a: Rayquaza|def|1
|-unboost|p2a: Rayquaza|spd|1
|-damage|p2a: Rayquaza|84/100|[from] item: Rocky Helmet|[of] p1a: Neptune
|-damage|p2a: Rayquaza|74/100|[from] item: Life Orb
|
|-weather|DeltaStream|[upkeep]
|upkeep
|turn|8
|
|t:|1667742449
|move|p2a: Rayquaza|Earthquake|p1a: Neptune
|-supereffective|p1a: Neptune
|-damage|p1a: Neptune|14/100
|-damage|p2a: Rayquaza|64/100|[from] item: Life Orb
|move|p1a: Neptune|Stealth Rock|p2a: Rayquaza
|-sidestart|p2: Qwertyuiopll12|move: Stealth Rock
|
|-weather|DeltaStream|[upkeep]
|upkeep
|turn|9
|
|t:|1667742458
|move|p2a: Rayquaza|Dragon Ascent|p1a: Neptune
|-resisted|p1a: Neptune
|-damage|p1a: Neptune|0 fnt
|-unboost|p2a: Rayquaza|def|1
|-unboost|p2a: Rayquaza|spd|1
|-damage|p2a: Rayquaza|48/100|[from] item: Rocky Helmet|[of] p1a: Neptune
|faint|p1a: Neptune
|-damage|p2a: Rayquaza|38/100|[from] item: Life Orb
|
|-weather|DeltaStream|[upkeep]
|upkeep
|inactive|Its me shanks has 120 seconds left.
|
|t:|1667742490
|switch|p1a: I created AG|Rayquaza, shiny|100/100
|-ability|p1a: I created AG|Air Lock
|turn|10
|
|t:|1667742493
|detailschange|p1a: I created AG|Rayquaza-Mega, shiny
|-mega|p1a: I created AG|Rayquaza|
|move|p1a: I created AG|Extreme Speed|p2a: Rayquaza
|-damage|p2a: Rayquaza|0 fnt
|faint|p2a: Rayquaza
|
|-weather|DeltaStream|[upkeep]
|upkeep
|
|t:|1667742508
|switch|p2a: Groudon|Groudon|100/100
|-damage|p2a: Groudon|94/100|[from] Stealth Rock
|detailschange|p2a: Groudon|Groudon-Primal
|-primal|p2a: Groudon
|-weather|DesolateLand|[from] ability: Desolate Land|[of] p2a: Groudon
|turn|11
|
|t:|1667742515
|switch|p1a: Oh-No|Ho-Oh|63/100
|move|p2a: Groudon|Stone Edge|p1a: Oh-No
|-supereffective|p1a: Oh-No
|-damage|p1a: Oh-No|0 fnt
|faint|p1a: Oh-No
|
|-weather|DesolateLand|[upkeep]
|upkeep
|
|t:|1667742526
|switch|p1a: Ahh|Kyurem-Black|100/100
|-ability|p1a: Ahh|Teravolt
|turn|12
|
|t:|1667742534
|move|p1a: Ahh|Substitute|p1a: Ahh
|-start|p1a: Ahh|Substitute
|-damage|p1a: Ahh|76/100
|move|p2a: Groudon|Rock Polish|p2a: Groudon
|-boost|p2a: Groudon|spe|2
|
|-weather|DesolateLand|[upkeep]
|upkeep
|turn|13
|
|t:|1667742538
|move|p2a: Groudon|Precipice Blades|p1a: Ahh
|-end|p1a: Ahh|Substitute
|move|p1a: Ahh|Dragon Dance|p1a: Ahh
|-boost|p1a: Ahh|atk|1
|-boost|p1a: Ahh|spe|1
|
|-weather|DesolateLand|[upkeep]
|upkeep
|turn|14
|
|t:|1667742553
|move|p2a: Groudon|Stone Edge|p1a: Ahh
|-supereffective|p1a: Ahh
|-damage|p1a: Ahh|0 fnt
|faint|p1a: Ahh
|
|-weather|DesolateLand|[upkeep]
|upkeep
|
|t:|1667742568
|switch|p1a: Bloodbath|Yveltal|100/100
|-ability|p1a: Bloodbath|Dark Aura
|turn|15
|
|t:|1667742589
|-start|p1a: Bloodbath|Dynamax|
|-heal|p1a: Bloodbath|100/100|[silent]
|move|p2a: Groudon|Stone Edge|p1a: Bloodbath|[miss]
|-miss|p2a: Groudon|p1a: Bloodbath
|move|p1a: Bloodbath|Max Airstream|p2a: Groudon
|-damage|p2a: Groudon|15/100
|-boost|p1a: Bloodbath|spe|1
|-damage|p1a: Bloodbath|96/100|[from] item: Life Orb
|
|-weather|DesolateLand|[upkeep]
|upkeep
|turn|16
|
|t:|1667742601
|move|p1a: Bloodbath|Max Airstream|p2a: Groudon
|-damage|p2a: Groudon|0 fnt
|-boost|p1a: Bloodbath|spe|1
|faint|p2a: Groudon
|-weather|none
|-damage|p1a: Bloodbath|91/100|[from] item: Life Orb
|
|upkeep
|
|t:|1667742607
|switch|p2a: Yveltal|Yveltal|100/100
|-damage|p2a: Yveltal|76/100|[from] Stealth Rock
|-ability|p2a: Yveltal|Dark Aura
|turn|17
|
|t:|1667742614
|move|p2a: Yveltal|Sucker Punch|p1a: Bloodbath
|-resisted|p1a: Bloodbath
|-damage|p1a: Bloodbath|77/100
|-damage|p2a: Yveltal|66/100|[from] item: Life Orb
|move|p1a: Bloodbath|Max Airstream|p2a: Yveltal
|-damage|p2a: Yveltal|0 fnt
|-boost|p1a: Bloodbath|spe|1
|faint|p2a: Yveltal
|-damage|p1a: Bloodbath|72/100|[from] item: Life Orb
|
|upkeep
|
|t:|1667742615
|switch|p2a: Arceus|Arceus-Flying|100/100
|-damage|p2a: Arceus|76/100|[from] Stealth Rock
|-end|p1a: Bloodbath|Dynamax
|-heal|p1a: Bloodbath|72/100|[silent]
|turn|18
|inactive|Its me shanks has 120 seconds left.
|
|t:|1667742654
|move|p1a: Bloodbath|Dark Pulse|p2a: Arceus
|-damage|p2a: Arceus|26/100
|-damage|p1a: Bloodbath|62/100|[from] item: Life Orb
|move|p2a: Arceus|Recover|p2a: Arceus
|-heal|p2a: Arceus|76/100
|
|upkeep
|turn|19
|inactive|Its me shanks has 120 seconds left.
|
|t:|1667742669
|-start|p2a: Arceus|Dynamax|
|-heal|p2a: Arceus|76/100|[silent]
|move|p1a: Bloodbath|Oblivion Wing|p2a: Arceus
|-damage|p2a: Arceus|57/100
|-heal|p1a: Bloodbath|91/100|[from] drain|[of] p2a: Arceus
|-damage|p1a: Bloodbath|81/100|[from] item: Life Orb
|move|p2a: Arceus|Max Airstream|p1a: Bloodbath
|-damage|p1a: Bloodbath|4/100
|-boost|p2a: Arceus|spe|1
|
|upkeep
|turn|20
|inactive|Its me shanks has 120 seconds left.
|l| kyonharuhi
|
|t:|1667742688
|move|p1a: Bloodbath|Oblivion Wing|p2a: Arceus
|-crit|p2a: Arceus
|-damage|p2a: Arceus|25/100
|-heal|p1a: Bloodbath|52/100|[from] drain|[of] p2a: Arceus
|-damage|p1a: Bloodbath|42/100|[from] item: Life Orb
|move|p2a: Arceus|Max Airstream|p1a: Bloodbath
|-damage|p1a: Bloodbath|0 fnt
|-boost|p2a: Arceus|spe|1
|faint|p1a: Bloodbath
|
|upkeep
|
|t:|1667742694
|switch|p1a: I created AG|Rayquaza-Mega, shiny|100/100
|-weather|DeltaStream|[from] ability: Delta Stream|[of] p1a: I created AG
|turn|21
|
|t:|1667742703
|move|p1a: I created AG|Extreme Speed|p2a: Arceus
|-damage|p2a: Arceus|7/100
|move|p2a: Arceus|Max Airstream|p1a: I created AG
|-damage|p1a: I created AG|20/100
|-boost|p2a: Arceus|spe|1
|
|-weather|DeltaStream|[upkeep]
|upkeep
|-end|p2a: Arceus|Dynamax
|-heal|p2a: Arceus|7/100|[silent]
|turn|22
|
|t:|1667742712
|move|p1a: I created AG|Extreme Speed|p2a: Arceus
|-damage|p2a: Arceus|0 fnt
|faint|p2a: Arceus
|
|-weather|DeltaStream|[upkeep]
|upkeep
|
|t:|1667742713
|switch|p2a: Calyrex|Calyrex-Shadow|100/100
|-ability|p2a: Calyrex|As One
|-ability|p2a: Calyrex|Unnerve
|-damage|p2a: Calyrex|88/100|[from] Stealth Rock
|turn|23
|j| kyonharuhi
|
|t:|1667742716
|move|p1a: I created AG|Extreme Speed|p2a: Calyrex
|-immune|p2a: Calyrex
|move|p2a: Calyrex|Astral Barrage|p1a: I created AG
|-damage|p1a: I created AG|0 fnt
|faint|p1a: I created AG
|-weather|none
|-ability|p2a: Calyrex|Grim Neigh|boost
|-boost|p2a: Calyrex|spa|1
|
|upkeep
|
|t:|1667742723
|switch|p1a: Mega mind|Calyrex-Shadow|100/100
|-ability|p1a: Mega mind|As One
|-ability|p1a: Mega mind|Unnerve
|turn|24
|c|☆Its me shanks|ah gg
|l| kyonharuhi
|
|t:|1667742735
|move|p2a: Calyrex|Astral Barrage|p1a: Mega mind
|-supereffective|p1a: Mega mind
|-enditem|p1a: Mega mind|Focus Sash
|-damage|p1a: Mega mind|1/100
|move|p1a: Mega mind|Astral Barrage|p2a: Calyrex
|-supereffective|p2a: Calyrex
|-damage|p2a: Calyrex|0 fnt
|faint|p2a: Calyrex
|
|win|Its me shanks
|raw|Its me shanks's rating: 1720 &rarr; <strong>1743</strong><br />(+23 for winning)
|raw|Qwertyuiopll12's rating: 1768 &rarr; <strong>1745</strong><br />(-23 for losing)
|l|☆Qwertyuiopll12
