|j|☆Koobenii
|j|☆justznic
|t:|1666327975
|gametype|singles
|player|p1|Koobenii|cheryl|1380
|player|p2|justznic|schoolkid-gen4dp|1453
|teamsize|p1|6
|teamsize|p2|6
|gen|8
|tier|[Gen 8] National Dex AG
|rated|
|rule|HP Percentage Mod: HP is shown in percentages
|rule|Endless Battle Clause: Forcing endless battles is banned
|clearpoke
|poke|p1|Aerodactyl, M|
|poke|p1|Dragonite, M|
|poke|p1|Volcarona, M|
|poke|p1|Regieleki|
|poke|p1|Cloyster, F|
|poke|p1|Lopunny, M|
|poke|p2|Yveltal|
|poke|p2|Klefki, F|
|poke|p2|Ditto|
|poke|p2|Zacian-*|
|poke|p2|Aegislash, M|
|poke|p2|Mewtwo|
|teampreview
|inactive|Battle timer is ON: inactive players will automatically lose when time's up. (requested by justznic)
|
|t:|1666327992
|start
|switch|p1a: Aerodactyl|Aerodactyl, M|100/100
|switch|p2a: Klefki|Klefki, F|100/100
|-ability|p1a: Aerodactyl|Unnerve
|turn|1
|
|t:|1666328000
|move|p2a: Klefki|Toxic|p1a: Aerodactyl
|-status|p1a: Aerodactyl|tox
|move|p1a: Aerodactyl|Taunt|p2a: Klefki
|-start|p2a: Klefki|move: Taunt
|
|-damage|p1a: Aerodactyl|94/100 tox|[from] psn
|upkeep
|turn|2
|
|t:|1666328008
|switch|p2a: Zacian|Zacian-Crowned|100/100
|-ability|p2a: Zacian|Intrepid Sword|boost
|-boost|p2a: Zacian|atk|1
|move|p1a: Aerodactyl|Stealth Rock|p2a: Zacian
|-sidestart|p2: justznic|move: Stealth Rock
|
|-damage|p1a: Aerodactyl|82/100 tox|[from] psn
|upkeep
|turn|3
|
|t:|1666328016
|move|p2a: Zacian|Swords Dance|p2a: Zacian
|-boost|p2a: Zacian|atk|2
|move|p1a: Aerodactyl|Tailwind|p1a: Aerodactyl
|-sidestart|p1: Koobenii|move: Tailwind
|
|-damage|p1a: Aerodactyl|64/100 tox|[from] psn
|upkeep
|turn|4
|
|t:|1666328022
|move|p1a: Aerodactyl|Rock Tomb|p2a: Zacian
|-resisted|p2a: Zacian
|-damage|p2a: Zacian|91/100
|-unboost|p2a: Zacian|spe|1
|move|p2a: Zacian|Behemoth Blade|p1a: Aerodactyl
|-supereffective|p1a: Aerodactyl
|-damage|p1a: Aerodactyl|0 fnt
|faint|p1a: Aerodactyl
|
|upkeep
|
|t:|1666328040
|switch|p1a: Volcarona|Volcarona, M|100/100
|turn|5
|
|t:|1666328054
|-start|p1a: Volcarona|Dynamax|
|-heal|p1a: Volcarona|100/100|[silent]
|move|p1a: Volcarona|Max Flare|p2a: Zacian
|-supereffective|p2a: Zacian
|-damage|p2a: Zacian|0 fnt
|-weather|SunnyDay
|faint|p2a: Zacian
|
|-weather|SunnyDay|[upkeep]
|upkeep
|
|t:|1666328063
|switch|p2a: Klefki|Klefki, F|100/100
|-damage|p2a: Klefki|95/100|[from] Stealth Rock
|turn|6
|
|t:|1666328067
|move|p2a: Klefki|Substitute|p2a: Klefki
|-start|p2a: Klefki|Substitute
|-damage|p2a: Klefki|70/100
|move|p1a: Volcarona|Max Flare|p2a: Klefki
|-supereffective|p2a: Klefki
|-end|p2a: Klefki|Substitute
|
|-weather|SunnyDay|[upkeep]
|-heal|p2a: Klefki|76/100|[from] item: Leftovers
|-sideend|p1: Koobenii|move: Tailwind
|upkeep
|turn|7
|
|t:|1666328080
|move|p2a: Klefki|Substitute|p2a: Klefki
|-start|p2a: Klefki|Substitute
|-damage|p2a: Klefki|51/100
|move|p1a: Volcarona|Max Quake|p2a: Klefki
|-supereffective|p2a: Klefki
|-end|p2a: Klefki|Substitute
|-boost|p1a: Volcarona|spd|1
|
|-weather|SunnyDay|[upkeep]
|-heal|p2a: Klefki|57/100|[from] item: Leftovers
|upkeep
|-end|p1a: Volcarona|Dynamax
|-heal|p1a: Volcarona|100/100|[silent]
|turn|8
|
|t:|1666328091
|move|p2a: Klefki|Toxic|p1a: Volcarona
|-status|p1a: Volcarona|tox
|move|p1a: Volcarona|Quiver Dance|p1a: Volcarona
|-boost|p1a: Volcarona|spa|1
|-boost|p1a: Volcarona|spd|1
|-boost|p1a: Volcarona|spe|1
|
|-weather|SunnyDay|[upkeep]
|-heal|p2a: Klefki|63/100|[from] item: Leftovers
|-damage|p1a: Volcarona|94/100 tox|[from] psn
|upkeep
|turn|9
|
|t:|1666328100
|switch|p2a: Ditto|Ditto|100/100
|-damage|p2a: Ditto|88/100|[from] Stealth Rock
|-transform|p2a: Ditto|p1a: Volcarona|[from] ability: Imposter
|move|p1a: Volcarona|Fiery Dance|p2a: Ditto
|-damage|p2a: Ditto|34/100
|
|-weather|none
|-damage|p1a: Volcarona|82/100 tox|[from] psn
|upkeep
|turn|10
|
|t:|1666328122
|move|p2a: Ditto|Giga Drain|p1a: Volcarona
|-resisted|p1a: Volcarona
|-damage|p1a: Volcarona|77/100 tox
|-heal|p2a: Ditto|36/100|[from] drain|[of] p1a: Volcarona
|move|p1a: Volcarona|Fiery Dance|p2a: Ditto
|-damage|p2a: Ditto|3/100
|-boost|p1a: Volcarona|spa|1
|
|-damage|p1a: Volcarona|59/100 tox|[from] psn
|upkeep
|turn|11
|
|t:|1666328133
|move|p2a: Ditto|Giga Drain|p1a: Volcarona
|-resisted|p1a: Volcarona
|-damage|p1a: Volcarona|54/100 tox
|-heal|p2a: Ditto|6/100|[from] drain|[of] p1a: Volcarona
|move|p1a: Volcarona|Fiery Dance|p2a: Ditto
|-damage|p2a: Ditto|0 fnt
|-boost|p1a: Volcarona|spa|1
|faint|p2a: Ditto
|
|-damage|p1a: Volcarona|29/100 tox|[from] psn
|upkeep
|
|t:|1666328147
|switch|p2a: Mewtwo|Mewtwo|100/100
|-ability|p2a: Mewtwo|Unnerve
|-damage|p2a: Mewtwo|88/100|[from] Stealth Rock
|turn|12
|
|t:|1666328154
|detailschange|p2a: Mewtwo|Mewtwo-Mega-Y
|-mega|p2a: Mewtwo|Mewtwo|Mewtwonite Y
|move|p1a: Volcarona|Fiery Dance|p2a: Mewtwo
|-damage|p2a: Mewtwo|0 fnt
|faint|p2a: Mewtwo
|
|-damage|p1a: Volcarona|0 fnt|[from] psn
|faint|p1a: Volcarona
|upkeep
|
|t:|1666328170
|switch|p2a: Yveltal|Yveltal|100/100
|switch|p1a: Regieleki|Regieleki|100/100
|-damage|p2a: Yveltal|76/100|[from] Stealth Rock
|-ability|p2a: Yveltal|Dark Aura
|turn|13
|
|t:|1666328183
|-start|p2a: Yveltal|Dynamax|
|-heal|p2a: Yveltal|76/100|[silent]
|move|p1a: Regieleki|Wild Charge|p2a: Yveltal
|-supereffective|p2a: Yveltal
|-damage|p2a: Yveltal|0 fnt
|faint|p2a: Yveltal
|-damage|p1a: Regieleki|51/100|[from] Recoil
|-damage|p1a: Regieleki|41/100|[from] item: Life Orb
|
|upkeep
|-message|justznic forfeited.
|
|win|Koobenii
|raw|Koobenii's rating: 1380 &rarr; <strong>1404</strong><br />(+24 for winning)
|raw|justznic's rating: 1453 &rarr; <strong>1429</strong><br />(-24 for losing)
|l|☆justznic
