|j|☆Snake of the Moon
|j|☆amnael01
|t:|1661897117
|gametype|singles
|player|p1|Snake of the Moon|170|1923
|player|p2|amnael01|2|1888
|teamsize|p1|6
|teamsize|p2|6
|gen|8
|tier|[Gen 8] National Dex AG
|rated|
|rule|HP Percentage Mod: HP is shown in percentages
|rule|Endless Battle Clause: Forcing endless battles is banned
|clearpoke
|poke|p1|Ho-Oh|
|poke|p1|Necrozma-Dusk-Mane|
|poke|p1|Chansey, F|
|poke|p1|Zygarde|
|poke|p1|Lugia|
|poke|p1|Arceus-*|
|poke|p2|Smeargle, F|
|poke|p2|Groudon|
|poke|p2|Espeon, F|
|poke|p2|Rayquaza|
|poke|p2|Xerneas-*|
|poke|p2|Zacian-*|
|teampreview
|inactive|Battle timer is ON: inactive players will automatically lose when time's up. (requested by Snake of the Moon)
|inactive|Snake of the Moon has 120 seconds left.
|
|t:|1661897162
|start
|switch|p1a: Arceus|Arceus-Dark|100/100
|switch|p2a: Zacian|Zacian-Crowned|100/100
|-ability|p2a: Zacian|Intrepid Sword|boost
|-boost|p2a: Zacian|atk|1
|turn|1
|
|t:|1661897168
|switch|p1a: Necrozma|Necrozma-Dusk-Mane|100/100
|move|p2a: Zacian|Play Rough|p1a: Necrozma
|-resisted|p1a: Necrozma
|-damage|p1a: Necrozma|77/100
|-damage|p2a: Zacian|84/100|[from] item: Rocky Helmet|[of] p1a: Necrozma
|
|upkeep
|turn|2
|
|t:|1661897176
|switch|p2a: Smeargle|Smeargle, F|100/100
|move|p1a: Necrozma|Sunsteel Strike|p2a: Smeargle
|-enditem|p2a: Smeargle|Focus Sash
|-damage|p2a: Smeargle|1/100
|
|-ability|p2a: Smeargle|Moody|boost
|-boost|p2a: Smeargle|spa|2
|-unboost|p2a: Smeargle|def|1
|upkeep
|turn|3
|
|t:|1661897183
|move|p2a: Smeargle|Spore|p1a: Necrozma
|-status|p1a: Necrozma|slp|[from] move: Spore
|cant|p1a: Necrozma|slp
|
|-ability|p2a: Smeargle|Moody|boost
|-boost|p2a: Smeargle|def|2
|-unboost|p2a: Smeargle|spa|1
|upkeep
|turn|4
|
|t:|1661897189
|move|p2a: Smeargle|Shift Gear|p2a: Smeargle
|-boost|p2a: Smeargle|spe|2
|-boost|p2a: Smeargle|atk|1
|cant|p1a: Necrozma|slp
|
|-ability|p2a: Smeargle|Moody|boost
|-boost|p2a: Smeargle|spd|2
|-unboost|p2a: Smeargle|atk|1
|upkeep
|turn|5
|
|t:|1661897195
|move|p2a: Smeargle|Baton Pass|p2a: Smeargle
|
|t:|1661897198
|switch|p2a: Groudon|Groudon|100/100|[from]move: Baton Pass
|detailschange|p2a: Groudon|Groudon-Primal
|-primal|p2a: Groudon
|-weather|DesolateLand|[from] ability: Desolate Land|[of] p2a: Groudon
|cant|p1a: Necrozma|slp
|
|-weather|DesolateLand|[upkeep]
|upkeep
|turn|6
|
|t:|1661897204
|move|p2a: Groudon|Stealth Rock|p1a: Necrozma
|-sidestart|p1: Snake of the Moon|move: Stealth Rock
|-curestatus|p1a: Necrozma|slp|[msg]
|move|p1a: Necrozma|Stealth Rock|p2a: Groudon
|-sidestart|p2: amnael01|move: Stealth Rock
|
|-weather|DesolateLand|[upkeep]
|upkeep
|turn|7
|
|t:|1661897213
|switch|p1a: Zygarde|Zygarde|100/100
|-damage|p1a: Zygarde|94/100|[from] Stealth Rock
|move|p2a: Groudon|Fire Punch|p1a: Zygarde
|-resisted|p1a: Zygarde
|-damage|p1a: Zygarde|75/100
|
|-weather|DesolateLand|[upkeep]
|-heal|p1a: Zygarde|81/100|[from] item: Leftovers
|upkeep
|turn|8
|
|t:|1661897217
|move|p1a: Zygarde|Haze|p1a: Zygarde
|-clearallboost
|move|p2a: Groudon|Roar|p1a: Zygarde
|drag|p1a: Arceus|Arceus-Dark|100/100
|-damage|p1a: Arceus|88/100|[from] Stealth Rock
|
|-weather|DesolateLand|[upkeep]
|upkeep
|turn|9
|
|t:|1661897220
|switch|p1a: Zygarde|Zygarde|81/100
|-damage|p1a: Zygarde|75/100|[from] Stealth Rock
|move|p2a: Groudon|Fire Punch|p1a: Zygarde
|-resisted|p1a: Zygarde
|-damage|p1a: Zygarde|56/100
|
|-weather|DesolateLand|[upkeep]
|-heal|p1a: Zygarde|63/100|[from] item: Leftovers
|upkeep
|turn|10
|
|t:|1661897222
|-weather|none
|switch|p2a: Espeon|Espeon, F|100/100
|-damage|p2a: Espeon|88/100|[from] Stealth Rock
|move|p1a: Zygarde|Toxic|p2a: Espeon
|move|p2a: Espeon|Toxic|p1a: Zygarde|[from]ability: Magic Bounce
|-status|p1a: Zygarde|tox
|
|-heal|p1a: Zygarde|69/100 tox|[from] item: Leftovers
|-damage|p1a: Zygarde|63/100 tox|[from] psn
|upkeep
|turn|11
|
|t:|1661897228
|move|p2a: Espeon|Psychic|p1a: Zygarde
|-damage|p1a: Zygarde|25/100 tox
|move|p1a: Zygarde|Thousand Arrows|p2a: Espeon
|-damage|p2a: Espeon|31/100
|
|-heal|p1a: Zygarde|32/100 tox|[from] item: Leftovers
|-damage|p1a: Zygarde|19/100 tox|[from] psn
|-activate|p1a: Zygarde|ability: Power Construct
|detailschange|p1a: Zygarde|Zygarde-Complete
|-heal|p1a: Zygarde|47/100 tox|[silent]
|upkeep
|turn|12
|
|t:|1661897235
|move|p2a: Espeon|Psychic|p1a: Zygarde
|-damage|p1a: Zygarde|19/100 tox
|move|p1a: Zygarde|Rest|p1a: Zygarde
|-status|p1a: Zygarde|slp|[from] move: Rest
|-heal|p1a: Zygarde|100/100 slp|[silent]
|
|upkeep
|turn|13
|
|t:|1661897246
|switch|p1a: Necrozma|Necrozma-Dusk-Mane|77/100
|-damage|p1a: Necrozma|71/100|[from] Stealth Rock
|move|p2a: Espeon|Psychic|p1a: Necrozma
|-resisted|p1a: Necrozma
|-damage|p1a: Necrozma|61/100
|
|upkeep
|turn|14
|
|t:|1661897249
|move|p2a: Espeon|Yawn|p1a: Necrozma
|-start|p1a: Necrozma|move: Yawn|[of] p2a: Espeon
|move|p1a: Necrozma|Morning Sun|p1a: Necrozma
|-heal|p1a: Necrozma|100/100
|
|upkeep
|turn|15
|
|t:|1661897252
|switch|p1a: Chansey|Chansey, F|100/100
|-damage|p1a: Chansey|88/100|[from] Stealth Rock
|move|p2a: Espeon|Psychic|p1a: Chansey
|-damage|p1a: Chansey|77/100
|
|upkeep
|turn|16
|
|t:|1661897254
|move|p2a: Espeon|Yawn|p1a: Chansey
|-start|p1a: Chansey|move: Yawn|[of] p2a: Espeon
|move|p1a: Chansey|Aromatherapy|p1a: Chansey
|-activate|p1a: Chansey|move: Aromatherapy
|-curestatus|p1: Zygarde|slp|[msg]
|
|upkeep
|turn|17
|
|t:|1661897259
|move|p2a: Espeon|Yawn||[still]
|-fail|p2a: Espeon
|move|p1a: Chansey|Seismic Toss|p2a: Espeon
|-damage|p2a: Espeon|0 fnt
|faint|p2a: Espeon
|
|-end|p1a: Chansey|move: Yawn|[silent]
|-status|p1a: Chansey|slp
|upkeep
|j| not a strat
|
|t:|1661897264
|switch|p2a: Rayquaza|Rayquaza|100/100
|-damage|p2a: Rayquaza|76/100|[from] Stealth Rock
|-ability|p2a: Rayquaza|Air Lock
|turn|18
|
|t:|1661897287
|-curestatus|p1a: Chansey|slp|[from] ability: Natural Cure
|switch|p1a: Lugia|Lugia|100/100
|detailschange|p2a: Rayquaza|Rayquaza-Mega
|-mega|p2a: Rayquaza|Rayquaza|
|-weather|DeltaStream|[from] ability: Delta Stream|[of] p2a: Rayquaza
|move|p2a: Rayquaza|Dragon Dance|p2a: Rayquaza
|-boost|p2a: Rayquaza|atk|1
|-boost|p2a: Rayquaza|spe|1
|
|-weather|DeltaStream|[upkeep]
|upkeep
|turn|19
|
|t:|1661897298
|move|p2a: Rayquaza|Dragon Dance|p2a: Rayquaza
|-boost|p2a: Rayquaza|atk|1
|-boost|p2a: Rayquaza|spe|1
|move|p1a: Lugia|Recover||[still]
|-fail|p1a: Lugia|heal
|
|-weather|DeltaStream|[upkeep]
|upkeep
|turn|20
|inactive|Snake of the Moon has 120 seconds left.
|l| not a strat
|
|t:|1661897356
|move|p2a: Rayquaza|Dragon Ascent|p1a: Lugia
|-damage|p1a: Lugia|64/100
|-unboost|p2a: Rayquaza|def|1
|-unboost|p2a: Rayquaza|spd|1
|move|p1a: Lugia|Whirlwind|p2a: Rayquaza
|-weather|none
|drag|p2a: Zacian|Zacian-Crowned|84/100
|-damage|p2a: Zacian|78/100|[from] Stealth Rock
|-ability|p2a: Zacian|Intrepid Sword|boost
|-boost|p2a: Zacian|atk|1
|
|upkeep
|turn|21
|
|t:|1661897360
|switch|p1a: Necrozma|Necrozma-Dusk-Mane|100/100
|-damage|p1a: Necrozma|94/100|[from] Stealth Rock
|move|p2a: Zacian|Wild Charge|p1a: Necrozma
|-damage|p1a: Necrozma|63/100
|-damage|p2a: Zacian|61/100|[from] item: Rocky Helmet|[of] p1a: Necrozma
|-damage|p2a: Zacian|52/100|[from] Recoil
|
|upkeep
|turn|22
|j| Sasha2808
|
|t:|1661897366
|switch|p2a: Smeargle|Smeargle, F|1/100
|-damage|p2a: Smeargle|0 fnt|[from] Stealth Rock
|faint|p2a: Smeargle
|move|p1a: Necrozma|Morning Sun|p1a: Necrozma
|-heal|p1a: Necrozma|100/100
|
|upkeep
|
|t:|1661897370
|switch|p2a: Rayquaza|Rayquaza-Mega|76/100
|-damage|p2a: Rayquaza|51/100|[from] Stealth Rock
|-weather|DeltaStream|[from] ability: Delta Stream|[of] p2a: Rayquaza
|turn|23
|l| Sasha2808
|
|t:|1661897379
|move|p2a: Rayquaza|Dragon Dance|p2a: Rayquaza
|-boost|p2a: Rayquaza|atk|1
|-boost|p2a: Rayquaza|spe|1
|move|p1a: Necrozma|Sunsteel Strike|p2a: Rayquaza
|-damage|p2a: Rayquaza|0 fnt
|faint|p2a: Rayquaza
|-weather|none
|
|upkeep
|
|t:|1661897383
|switch|p2a: Groudon|Groudon-Primal|100/100
|-damage|p2a: Groudon|88/100|[from] Stealth Rock
|-weather|DesolateLand|[from] ability: Desolate Land|[of] p2a: Groudon
|turn|24
|j| drmario69
|
|t:|1661897385
|switch|p1a: Zygarde|Zygarde-Complete|100/100
|-damage|p1a: Zygarde|94/100|[from] Stealth Rock
|move|p2a: Groudon|Fire Punch|p1a: Zygarde
|-resisted|p1a: Zygarde
|-damage|p1a: Zygarde|81/100
|
|-weather|DesolateLand|[upkeep]
|-heal|p1a: Zygarde|87/100|[from] item: Leftovers
|upkeep
|turn|25
|
|t:|1661897389
|-weather|none
|switch|p2a: Zacian|Zacian-Crowned|52/100
|-damage|p2a: Zacian|45/100|[from] Stealth Rock
|-ability|p2a: Zacian|Intrepid Sword|boost
|-boost|p2a: Zacian|atk|1
|move|p1a: Zygarde|Thousand Arrows|p2a: Zacian
|-supereffective|p2a: Zacian
|-damage|p2a: Zacian|0 fnt
|faint|p2a: Zacian
|
|-heal|p1a: Zygarde|93/100|[from] item: Leftovers
|upkeep
|
|t:|1661897392
|switch|p2a: Xerneas|Xerneas|100/100
|-damage|p2a: Xerneas|88/100|[from] Stealth Rock
|-ability|p2a: Xerneas|Fairy Aura
|turn|26
|
|t:|1661897394
|move|p2a: Xerneas|Moonblast|p1a: Zygarde
|-supereffective|p1a: Zygarde
|-damage|p1a: Zygarde|25/100
|move|p1a: Zygarde|Haze|p1a: Zygarde
|-clearallboost
|
|-heal|p1a: Zygarde|31/100|[from] item: Leftovers
|upkeep
|turn|27
|
|t:|1661897397
|switch|p1a: Ho-Oh|Ho-Oh|100/100
|move|p2a: Xerneas|Moonblast|p1a: Ho-Oh
|-resisted|p1a: Ho-Oh
|-damage|p1a: Ho-Oh|83/100
|-unboost|p1a: Ho-Oh|spa|1
|
|upkeep
|turn|28
|
|t:|1661897400
|switch|p2a: Groudon|Groudon-Primal|88/100
|-damage|p2a: Groudon|76/100|[from] Stealth Rock
|-weather|DesolateLand|[from] ability: Desolate Land|[of] p2a: Groudon
|move|p1a: Ho-Oh|Toxic|p2a: Groudon
|-status|p2a: Groudon|tox
|
|-weather|DesolateLand|[upkeep]
|-damage|p2a: Groudon|70/100 tox|[from] psn
|upkeep
|turn|29
|
|t:|1661897409
|move|p2a: Groudon|Fire Punch|p1a: Ho-Oh
|-resisted|p1a: Ho-Oh
|-damage|p1a: Ho-Oh|59/100
|move|p1a: Ho-Oh|Whirlwind|p2a: Groudon
|-weather|none
|drag|p2a: Xerneas|Xerneas|88/100
|-damage|p2a: Xerneas|75/100|[from] Stealth Rock
|-ability|p2a: Xerneas|Fairy Aura
|
|upkeep
|turn|30
|
|t:|1661897412
|switch|p2a: Groudon|Groudon-Primal|70/100 tox
|-damage|p2a: Groudon|57/100 tox|[from] Stealth Rock
|-weather|DesolateLand|[from] ability: Desolate Land|[of] p2a: Groudon
|move|p1a: Ho-Oh|Toxic|p2a: Groudon
|-fail|p2a: Groudon|tox
|
|-weather|DesolateLand|[upkeep]
|-damage|p2a: Groudon|51/100 tox|[from] psn
|upkeep
|turn|31
|
|t:|1661897425
|move|p2a: Groudon|Fire Punch|p1a: Ho-Oh
|-resisted|p1a: Ho-Oh
|-damage|p1a: Ho-Oh|36/100
|move|p1a: Ho-Oh|Whirlwind|p2a: Groudon
|-weather|none
|drag|p2a: Xerneas|Xerneas|75/100
|-damage|p2a: Xerneas|63/100|[from] Stealth Rock
|-ability|p2a: Xerneas|Fairy Aura
|
|upkeep
|turn|32
|
|t:|1661897433
|switch|p2a: Groudon|Groudon-Primal|51/100 tox
|-damage|p2a: Groudon|39/100 tox|[from] Stealth Rock
|-weather|DesolateLand|[from] ability: Desolate Land|[of] p2a: Groudon
|move|p1a: Ho-Oh|Whirlwind|p2a: Groudon
|-weather|none
|drag|p2a: Xerneas|Xerneas|63/100
|-damage|p2a: Xerneas|50/100|[from] Stealth Rock
|-ability|p2a: Xerneas|Fairy Aura
|
|upkeep
|turn|33
|
|t:|1661897438
|move|p2a: Xerneas|Moonblast|p1a: Ho-Oh
|-resisted|p1a: Ho-Oh
|-damage|p1a: Ho-Oh|18/100
|-unboost|p1a: Ho-Oh|spa|1
|move|p1a: Ho-Oh|Whirlwind|p2a: Xerneas
|drag|p2a: Groudon|Groudon-Primal|39/100 tox
|-damage|p2a: Groudon|27/100 tox|[from] Stealth Rock
|-weather|DesolateLand|[from] ability: Desolate Land|[of] p2a: Groudon
|
|-weather|DesolateLand|[upkeep]
|-damage|p2a: Groudon|20/100 tox|[from] psn
|upkeep
|turn|34
|
|t:|1661897445
|move|p2a: Groudon|Fire Punch|p1a: Ho-Oh
|-resisted|p1a: Ho-Oh
|-damage|p1a: Ho-Oh|0 fnt
|faint|p1a: Ho-Oh
|
|-weather|DesolateLand|[upkeep]
|-damage|p2a: Groudon|8/100 tox|[from] psn
|upkeep
|
|t:|1661897447
|switch|p1a: Arceus|Arceus-Dark|88/100
|-damage|p1a: Arceus|76/100|[from] Stealth Rock
|turn|35
|
|t:|1661897452
|move|p2a: Groudon|Fire Punch|p1a: Arceus
|-damage|p1a: Arceus|24/100
|move|p1a: Arceus|Snarl|p2a: Groudon
|-damage|p2a: Groudon|0 fnt
|faint|p2a: Groudon
|-weather|none
|
|upkeep
|
|t:|1661897455
|switch|p2a: Xerneas|Xerneas|50/100
|-damage|p2a: Xerneas|38/100|[from] Stealth Rock
|-ability|p2a: Xerneas|Fairy Aura
|turn|36
|
|t:|1661897458
|move|p1a: Arceus|Perish Song|p1a: Arceus
|-start|p1a: Arceus|perish3|[silent]
|-start|p2a: Xerneas|perish3|[silent]
|-fieldactivate|move: Perish Song
|move|p2a: Xerneas|Geomancy||[still]
|-prepare|p2a: Xerneas|Geomancy
|-enditem|p2a: Xerneas|Power Herb
|-anim|p2a: Xerneas|Geomancy|p2a: Xerneas
|-boost|p2a: Xerneas|spa|2
|-boost|p2a: Xerneas|spd|2
|-boost|p2a: Xerneas|spe|2
|
|-start|p2a: Xerneas|perish3
|-start|p1a: Arceus|perish3
|upkeep
|turn|37
|
|t:|1661897464
|move|p2a: Xerneas|Geomancy||[still]
|-prepare|p2a: Xerneas|Geomancy
|move|p1a: Arceus|Whirlpool|p2a: Xerneas
|-damage|p2a: Xerneas|35/100
|-activate|p2a: Xerneas|move: Whirlpool|[of] p1a: Arceus
|
|-damage|p2a: Xerneas|22/100|[from] move: Whirlpool|[partiallytrapped]
|-start|p2a: Xerneas|perish2
|-start|p1a: Arceus|perish2
|upkeep
|turn|38
|
|t:|1661897468
|move|p2a: Xerneas|Geomancy|p2a: Xerneas|[from]lockedmove
|-boost|p2a: Xerneas|spa|2
|-boost|p2a: Xerneas|spd|2
|-boost|p2a: Xerneas|spe|2
|move|p1a: Arceus|Recover|p1a: Arceus
|-heal|p1a: Arceus|74/100
|
|-damage|p2a: Xerneas|10/100|[from] move: Whirlpool|[partiallytrapped]
|-start|p2a: Xerneas|perish1
|-start|p1a: Arceus|perish1
|upkeep
|turn|39
|
|t:|1661897471
|switch|p1a: Chansey|Chansey, F|77/100
|-damage|p1a: Chansey|65/100|[from] Stealth Rock
|move|p2a: Xerneas|Moonblast|p1a: Chansey
|-damage|p1a: Chansey|24/100
|-unboost|p1a: Chansey|spa|1
|
|-end|p2a: Xerneas|Whirlpool|[partiallytrapped]|[silent]
|-start|p2a: Xerneas|perish0
|upkeep
|faint|p2a: Xerneas
|
|win|Snake of the Moon
|raw|Snake of the Moon's rating: 1923 &rarr; <strong>1941</strong><br />(+18 for winning)
|raw|amnael01's rating: 1888 &rarr; <strong>1870</strong><br />(-18 for losing)
|l|☆amnael01
||Ladder isn't responding, score probably updated but might not have (Request timeout).
