|j|☆Orochimarus Snakes
|j|‽ne_maxsus33
|t:|1664398617
|gametype|singles
|player|p1|Orochimarus Snakes|elesa|1374
|player|p2|ne_maxsus33|102|1456
|teamsize|p1|6
|teamsize|p2|6
|gen|8
|tier|[Gen 8] National Dex AG
|rated|
|rule|HP Percentage Mod: HP is shown in percentages
|rule|Endless Battle Clause: Forcing endless battles is banned
|clearpoke
|poke|p1|Trapinch, M|
|poke|p1|Arctovish|
|poke|p1|Runerigus, M|
|poke|p1|Reshiram|
|poke|p1|Tornadus, M|
|poke|p1|Zeraora|
|poke|p2|Darmanitan-Galar, M|
|poke|p2|Ho-Oh|
|poke|p2|Ferrothorn, M|
|poke|p2|Groudon|
|poke|p2|Chansey, F|
|poke|p2|Sableye, F|
|teampreview
|
|t:|1664398636
|start
|switch|p1a: Tornadus|Tornadus, M|100/100
|switch|p2a: Sableye|Sableye, F|100/100
|turn|1
|
|t:|1664398646
|detailschange|p2a: Sableye|Sableye-Mega, F
|-mega|p2a: Sableye|Sableye|Sablenite
|move|p2a: Sableye|Fake Out|p1a: Tornadus
|-damage|p1a: Tornadus|87/100
|cant|p1a: Tornadus|flinch
|
|upkeep
|turn|2
|
|t:|1664398653
|move|p1a: Tornadus|U-turn|p2a: Sableye
|-damage|p2a: Sableye|79/100
|
|t:|1664398661
|switch|p1a: Reshiram|Reshiram|100/100|[from]move: U-turn
|-ability|p1a: Reshiram|Turboblaze
|move|p2a: Sableye|Will-O-Wisp|p1a: Reshiram
|-immune|p1a: Reshiram
|
|upkeep
|turn|3
|
|t:|1664398671
|switch|p2a: Chansey|Chansey, F|100/100
|move|p1a: Reshiram|Dragon Dance|p1a: Reshiram
|-boost|p1a: Reshiram|atk|1
|-boost|p1a: Reshiram|spe|1
|
|upkeep
|turn|4
|
|t:|1664398693
|switch|p1a: Trapinch|Trapinch, M|100/100
|move|p2a: Chansey|Toxic|p1a: Trapinch
|-status|p1a: Trapinch|tox
|
|-damage|p1a: Trapinch|94/100 tox|[from] psn
|upkeep
|turn|5
|
|t:|1664398704
|move|p2a: Chansey|Stealth Rock|p1a: Trapinch
|-sidestart|p1: Orochimarus Snakes|move: Stealth Rock
|move|p1a: Trapinch|Superpower|p2a: Chansey
|-supereffective|p2a: Chansey
|-damage|p2a: Chansey|22/100
|-unboost|p1a: Trapinch|atk|1
|-unboost|p1a: Trapinch|def|1
|
|-damage|p1a: Trapinch|82/100 tox|[from] psn
|upkeep
|turn|6
|
|t:|1664398716
|move|p2a: Chansey|Seismic Toss|p1a: Trapinch
|-damage|p1a: Trapinch|48/100 tox
|move|p1a: Trapinch|Superpower|p2a: Chansey
|-supereffective|p2a: Chansey
|-damage|p2a: Chansey|0 fnt
|-unboost|p1a: Trapinch|atk|1
|-unboost|p1a: Trapinch|def|1
|faint|p2a: Chansey
|
|-damage|p1a: Trapinch|30/100 tox|[from] psn
|upkeep
|
|t:|1664398725
|switch|p2a: Darmanitan|Darmanitan-Galar, M|100/100
|turn|7
|
|t:|1664398738
|switch|p1a: Arctovish|Arctovish|100/100
|-damage|p1a: Arctovish|76/100|[from] Stealth Rock
|move|p2a: Darmanitan|Icicle Crash|p1a: Arctovish
|-resisted|p1a: Arctovish
|-damage|p1a: Arctovish|61/100
|
|upkeep
|turn|8
|
|t:|1664398752
|switch|p2a: Groudon|Groudon|100/100
|detailschange|p2a: Groudon|Groudon-Primal
|-primal|p2a: Groudon
|-weather|DesolateLand|[from] ability: Desolate Land|[of] p2a: Groudon
|switch|p1a: Tornadus|Tornadus, M|87/100
|
|-weather|DesolateLand|[upkeep]
|upkeep
|turn|9
|
|t:|1664398763
|move|p1a: Tornadus|Defog|p2a: Groudon
|-unboost|p2a: Groudon|evasion|1
|-sideend|p1: Orochimarus Snakes|Stealth Rock|[from] move: Defog|[of] p1a: Tornadus
|move|p2a: Groudon|Heat Crash|p1a: Tornadus
|-damage|p1a: Tornadus|0 fnt
|faint|p1a: Tornadus
|
|-weather|DesolateLand|[upkeep]
|upkeep
|
|t:|1664398782
|switch|p1a: Runerigus|Runerigus, M|100/100
|turn|10
|inactive|Battle timer is ON: inactive players will automatically lose when time's up. (requested by ne_maxsus33)
|
|t:|1664398787
|-weather|none
|switch|p2a: Sableye|Sableye-Mega, F|79/100
|move|p1a: Runerigus|Stealth Rock|p2a: Sableye
|move|p2a: Sableye|Stealth Rock|p1a: Runerigus|[from]ability: Magic Bounce
|-sidestart|p1: Orochimarus Snakes|move: Stealth Rock
|
|upkeep
|turn|11
|
|t:|1664398800
|switch|p1a: Reshiram|Reshiram|100/100
|-damage|p1a: Reshiram|76/100|[from] Stealth Rock
|-ability|p1a: Reshiram|Turboblaze
|move|p2a: Sableye|Foul Play|p1a: Reshiram
|-damage|p1a: Reshiram|21/100
|
|-heal|p1a: Reshiram|27/100|[from] item: Leftovers
|upkeep
|turn|12
|
|t:|1664398811
|move|p1a: Reshiram|Flare Blitz|p2a: Sableye
|-damage|p2a: Sableye|18/100
|-damage|p1a: Reshiram|9/100|[from] Recoil
|move|p2a: Sableye|Foul Play|p1a: Reshiram
|-damage|p1a: Reshiram|0 fnt
|faint|p1a: Reshiram
|
|upkeep
|
|t:|1664398820
|switch|p1a: Trapinch|Trapinch, M|30/100 tox
|-damage|p1a: Trapinch|24/100 tox|[from] Stealth Rock
|turn|13
|
|t:|1664398824
|move|p1a: Trapinch|First Impression|p2a: Sableye
|-damage|p2a: Sableye|0 fnt
|faint|p2a: Sableye
|
|-damage|p1a: Trapinch|18/100 tox|[from] psn
|upkeep
|
|t:|1664398829
|switch|p2a: Darmanitan|Darmanitan-Galar, M|100/100
|turn|14
|
|t:|1664398836
|switch|p1a: Runerigus|Runerigus, M|100/100
|-damage|p1a: Runerigus|94/100|[from] Stealth Rock
|move|p2a: Darmanitan|Earthquake|p1a: Runerigus
|-damage|p1a: Runerigus|61/100
|
|-heal|p1a: Runerigus|68/100|[from] item: Leftovers
|upkeep
|turn|15
|
|t:|1664398846
|move|p2a: Darmanitan|Earthquake|p1a: Runerigus
|-damage|p1a: Runerigus|37/100
|move|p1a: Runerigus|Stealth Rock|p2a: Darmanitan
|-sidestart|p2: ne_maxsus33|move: Stealth Rock
|
|-heal|p1a: Runerigus|43/100|[from] item: Leftovers
|upkeep
|turn|16
|
|t:|1664398853
|move|p2a: Darmanitan|Earthquake|p1a: Runerigus
|-damage|p1a: Runerigus|12/100
|move|p1a: Runerigus|Will-O-Wisp|p2a: Darmanitan
|-status|p2a: Darmanitan|brn
|
|-heal|p1a: Runerigus|18/100|[from] item: Leftovers
|-damage|p2a: Darmanitan|95/100 brn|[from] brn
|upkeep
|turn|17
|
|t:|1664398864
|move|p1a: Runerigus|Protect|p1a: Runerigus
|-singleturn|p1a: Runerigus|Protect
|move|p2a: Darmanitan|Earthquake|p1a: Runerigus
|-activate|p1a: Runerigus|move: Protect
|
|-heal|p1a: Runerigus|25/100|[from] item: Leftovers
|-damage|p2a: Darmanitan|89/100 brn|[from] brn
|upkeep
|turn|18
|
|t:|1664398873
|move|p2a: Darmanitan|Earthquake|p1a: Runerigus
|-damage|p1a: Runerigus|8/100
|move|p1a: Runerigus|Hex|p2a: Darmanitan
|-damage|p2a: Darmanitan|50/100 brn
|
|-heal|p1a: Runerigus|14/100|[from] item: Leftovers
|-damage|p2a: Darmanitan|44/100 brn|[from] brn
|upkeep
|turn|19
|
|t:|1664398882
|switch|p2a: Groudon|Groudon-Primal|100/100
|-damage|p2a: Groudon|88/100|[from] Stealth Rock
|-weather|DesolateLand|[from] ability: Desolate Land|[of] p2a: Groudon
|move|p1a: Runerigus|Protect||[still]
|-fail|p1a: Runerigus
|
|-weather|DesolateLand|[upkeep]
|-heal|p1a: Runerigus|20/100|[from] item: Leftovers
|upkeep
|turn|20
|
|t:|1664398892
|move|p2a: Groudon|Heat Crash|p1a: Runerigus
|-damage|p1a: Runerigus|0 fnt
|-weather|none
|-activate|p1a: Runerigus|ability: Wandering Spirit|Desolate Land|Wandering Spirit|[of] p2a: Groudon
|faint|p1a: Runerigus
|
|upkeep
|
|t:|1664398914
|switch|p1a: Arctovish|Arctovish|61/100
|-damage|p1a: Arctovish|37/100|[from] Stealth Rock
|turn|21
|
|t:|1664398927
|move|p2a: Groudon|Precipice Blades|p1a: Arctovish|[miss]
|-miss|p2a: Groudon|p1a: Arctovish
|move|p1a: Arctovish|Liquidation|p2a: Groudon
|-supereffective|p2a: Groudon
|-crit|p2a: Groudon
|-damage|p2a: Groudon|0 fnt
|-activate|p2a: Groudon|ability: Wandering Spirit|Water Absorb|Wandering Spirit|[of] p1a: Arctovish
|faint|p2a: Groudon
|
|upkeep
|
|t:|1664398935
|switch|p2a: Darmanitan|Darmanitan-Galar, M|44/100 brn
|-damage|p2a: Darmanitan|19/100 brn|[from] Stealth Rock
|turn|22
|
|t:|1664398942
|move|p2a: Darmanitan|U-turn|p1a: Arctovish
|-damage|p1a: Arctovish|20/100
|-activate|p1a: Arctovish|ability: Wandering Spirit|Gorilla Tactics|Wandering Spirit|[of] p2a: Darmanitan
|
|t:|1664398946
|switch|p2a: Ferrothorn|Ferrothorn, M|100/100|[from]move: U-turn
|-damage|p2a: Ferrothorn|94/100|[from] Stealth Rock
|move|p1a: Arctovish|Liquidation|p2a: Ferrothorn
|-resisted|p2a: Ferrothorn
|-damage|p2a: Ferrothorn|72/100
|-unboost|p2a: Ferrothorn|def|1
|-damage|p1a: Arctovish|8/100|[from] ability: Iron Barbs|[of] p2a: Ferrothorn
|
|-heal|p2a: Ferrothorn|78/100|[from] item: Leftovers
|upkeep
|turn|23
|
|t:|1664398962
|move|p1a: Arctovish|Liquidation|p2a: Ferrothorn
|-resisted|p2a: Ferrothorn
|-damage|p2a: Ferrothorn|44/100
|-damage|p1a: Arctovish|0 fnt|[from] ability: Iron Barbs|[of] p2a: Ferrothorn
|faint|p1a: Arctovish
|move|p2a: Ferrothorn|Leech Seed|p1: Arctovish|[notarget]
|-fail|p2a: Ferrothorn
|
|-heal|p2a: Ferrothorn|50/100|[from] item: Leftovers
|upkeep
|
|t:|1664398974
|switch|p1a: Zeraora|Zeraora|100/100
|-damage|p1a: Zeraora|88/100|[from] Stealth Rock
|turn|24
|
|t:|1664398983
|move|p2a: Ferrothorn|Protect|p2a: Ferrothorn
|-singleturn|p2a: Ferrothorn|Protect
|move|p1a: Zeraora|Close Combat|p2a: Ferrothorn
|-activate|p2a: Ferrothorn|move: Protect
|
|-heal|p2a: Ferrothorn|56/100|[from] item: Leftovers
|upkeep
|turn|25
|
|t:|1664398995
|move|p1a: Zeraora|Close Combat|p2a: Ferrothorn
|-supereffective|p2a: Ferrothorn
|-damage|p2a: Ferrothorn|0 fnt
|-unboost|p1a: Zeraora|def|1
|-unboost|p1a: Zeraora|spd|1
|-damage|p1a: Zeraora|76/100|[from] ability: Iron Barbs|[of] p2a: Ferrothorn
|faint|p2a: Ferrothorn
|
|upkeep
|
|t:|1664398998
|switch|p2a: Darmanitan|Darmanitan-Galar, M|19/100 brn
|-damage|p2a: Darmanitan|0 fnt|[from] Stealth Rock
|faint|p2a: Darmanitan
|
|t:|1664399000
|switch|p2a: Ho-Oh|Ho-Oh|100/100
|turn|26
|
|t:|1664399011
|-start|p1a: Zeraora|Dynamax|
|-heal|p1a: Zeraora|76/100|[silent]
|-start|p2a: Ho-Oh|Dynamax|
|-heal|p2a: Ho-Oh|100/100|[silent]
|move|p1a: Zeraora|Max Lightning|p2a: Ho-Oh
|-supereffective|p2a: Ho-Oh
|-crit|p2a: Ho-Oh
|-damage|p2a: Ho-Oh|36/100
|-fieldstart|move: Electric Terrain
|move|p2a: Ho-Oh|Max Flare|p1a: Zeraora
|-damage|p1a: Zeraora|17/100
|-weather|SunnyDay
|
|-weather|SunnyDay|[upkeep]
|upkeep
|turn|27
|
|t:|1664399028
|move|p1a: Zeraora|Max Lightning|p2a: Ho-Oh
|-supereffective|p2a: Ho-Oh
|-damage|p2a: Ho-Oh|0 fnt
|faint|p2a: Ho-Oh
|
|win|Orochimarus Snakes
|raw|Orochimarus Snakes's rating: 1374 &rarr; <strong>1399</strong><br />(+25 for winning)
|raw|ne_maxsus33's rating: 1456 &rarr; <strong>1431</strong><br />(-25 for losing)
|l|‽ne_maxsus33
|c|☆Orochimarus Snakes|insane battle gg
||Ladder isn't responding, score probably updated but might not have (Request timeout).
