|j|☆IAmJklol
|j|☆llmmllmm
|t:|1649387246
|gametype|singles
|player|p1|IAmJklol|steven|
|player|p2|llmmllmm|tuberf|
|teamsize|p1|6
|teamsize|p2|6
|gen|8
|tier|[Gen 8] National Dex AG
|rule|HP Percentage Mod: HP is shown in percentages
|rule|Endless Battle Clause: Forcing endless battles is banned
|clearpoke
|poke|p1|Arceus-*|
|poke|p1|Yveltal|
|poke|p1|Rayquaza|
|poke|p1|Necrozma-Dusk-Mane|
|poke|p1|Ditto|
|poke|p1|Calyrex-Shadow|
|poke|p2|Arceus-*|
|poke|p2|Groudon|
|poke|p2|Ho-Oh|
|poke|p2|Calyrex-Shadow|
|poke|p2|Rayquaza|
|poke|p2|Ditto|
|teampreview
|inactive|Battle timer is ON: inactive players will automatically lose when time's up. (requested by IAmJklol)
|inactive|llmmllmm also wants the timer to be on.
|c|☆llmmllmm|WHAT
|c|☆llmmllmm|THAT'S
|c|☆IAmJklol|hah
|c|☆llmmllmm|NOT YOUR TEAM
|c|☆IAmJklol|this is tilt
|c|☆llmmllmm|wait this is your team
|
|t:|1649387269
|start
|switch|p1a: Arceus|Arceus-Dark|100/100
|switch|p2a: Arceus|Arceus-Ground|100/100
|turn|1
|
|t:|1649387273
|move|p2a: Arceus|Stealth Rock|p1a: Arceus
|-sidestart|p1: IAmJklol|move: Stealth Rock
|move|p1a: Arceus|Whirlpool|p2a: Arceus|[miss]
|-miss|p1a: Arceus|p2a: Arceus
|
|upkeep
|turn|2
|c|☆llmmllmm|oh no
|c|☆IAmJklol|m
|c|☆IAmJklol|m8
|c|☆IAmJklol|lemme kill u
|
|t:|1649387292
|switch|p2a: Groudon|Groudon|100/100
|detailschange|p2a: Groudon|Groudon-Primal
|-primal|p2a: Groudon
|-weather|DesolateLand|[from] ability: Desolate Land|[of] p2a: Groudon
|move|p1a: Arceus|Whirlpool||[still]
|-fail|p1a: Arceus|Whirlpool|[from] Desolate Land
|
|-weather|DesolateLand|[upkeep]
|upkeep
|turn|3
|c|☆llmmllmm|no siree
|
|t:|1649387299
|move|p2a: Groudon|Rock Polish|p2a: Groudon
|-boost|p2a: Groudon|spe|2
|move|p1a: Arceus|Perish Song|p1a: Arceus
|-start|p1a: Arceus|perish3|[silent]
|-start|p2a: Groudon|perish3|[silent]
|-fieldactivate|move: Perish Song
|
|-weather|DesolateLand|[upkeep]
|-start|p2a: Groudon|perish3
|-start|p1a: Arceus|perish3
|upkeep
|turn|4
|c|☆llmmllmm|shit
|c|☆llmmllmm|wait
|
|t:|1649387306
|move|p2a: Groudon|Precipice Blades|p1a: Arceus
|-damage|p1a: Arceus|44/100
|move|p1a: Arceus|Recover|p1a: Arceus
|-heal|p1a: Arceus|94/100
|
|-weather|DesolateLand|[upkeep]
|-start|p2a: Groudon|perish2
|-start|p1a: Arceus|perish2
|upkeep
|turn|5
|c|☆llmmllmm|what
|c|☆IAmJklol|owoo
|
|t:|1649387314
|move|p2a: Groudon|Precipice Blades|p1a: Arceus
|-damage|p1a: Arceus|41/100
|move|p1a: Arceus|Recover|p1a: Arceus
|-heal|p1a: Arceus|91/100
|
|-weather|DesolateLand|[upkeep]
|-start|p2a: Groudon|perish1
|-start|p1a: Arceus|perish1
|upkeep
|turn|6
|
|t:|1649387331
|-weather|none
|switch|p2a: Arceus|Arceus-Ground|100/100
|switch|p1a: Necrozma|Necrozma-Dusk-Mane|100/100
|-damage|p1a: Necrozma|94/100|[from] Stealth Rock
|
|upkeep
|turn|7
|
|t:|1649387334
|move|p2a: Arceus|Judgment|p1a: Necrozma
|-supereffective|p1a: Necrozma
|-damage|p1a: Necrozma|13/100
|move|p1a: Necrozma|Stealth Rock|p2a: Arceus
|-sidestart|p2: llmmllmm|move: Stealth Rock
|
|upkeep
|turn|8
|c|☆llmmllmm|heheheha
|
|t:|1649387338
|move|p2a: Arceus|Ice Beam|p1a: Necrozma
|-resisted|p1a: Necrozma
|-damage|p1a: Necrozma|0 fnt
|faint|p1a: Necrozma
|
|upkeep
|c|☆IAmJklol|ah hurt
|c|☆llmmllmm|no
|c|☆llmmllmm|rocks
|
|t:|1649387343
|switch|p1a: Arceus|Arceus-Dark|91/100
|-damage|p1a: Arceus|78/100|[from] Stealth Rock
|turn|9
|c|☆IAmJklol|cmere boi
|
|t:|1649387360
|switch|p2a: Groudon|Groudon-Primal|100/100
|-damage|p2a: Groudon|88/100|[from] Stealth Rock
|-weather|DesolateLand|[from] ability: Desolate Land|[of] p2a: Groudon
|move|p1a: Arceus|Perish Song|p1a: Arceus
|-start|p1a: Arceus|perish3|[silent]
|-start|p2a: Groudon|perish3|[silent]
|-fieldactivate|move: Perish Song
|
|-weather|DesolateLand|[upkeep]
|-start|p2a: Groudon|perish3
|-start|p1a: Arceus|perish3
|upkeep
|turn|10
|
|t:|1649387364
|move|p2a: Groudon|Precipice Blades|p1a: Arceus
|-damage|p1a: Arceus|29/100
|move|p1a: Arceus|Recover|p1a: Arceus
|-heal|p1a: Arceus|79/100
|
|-weather|DesolateLand|[upkeep]
|-start|p2a: Groudon|perish2
|-start|p1a: Arceus|perish2
|upkeep
|turn|11
|
|t:|1649387368
|move|p2a: Groudon|Precipice Blades|p1a: Arceus
|-damage|p1a: Arceus|25/100
|move|p1a: Arceus|Recover|p1a: Arceus
|-heal|p1a: Arceus|75/100
|
|-weather|DesolateLand|[upkeep]
|-start|p2a: Groudon|perish1
|-start|p1a: Arceus|perish1
|upkeep
|turn|12
|c|☆llmmllmm|i will leaf you
|
|t:|1649387376
|-weather|none
|switch|p2a: Ho-Oh|Ho-Oh|100/100
|switch|p1a: Calyrex|Calyrex-Shadow|100/100
|-ability|p1a: Calyrex|As One
|-ability|p1a: Calyrex|Unnerve
|-damage|p1a: Calyrex|88/100|[from] Stealth Rock
|
|upkeep
|turn|13
|c|☆IAmJklol|NO
|c|☆IAmJklol|DONT
|c|☆IAmJklol|DO THAT
|
|t:|1649387385
|move|p1a: Calyrex|Substitute|p1a: Calyrex
|-start|p1a: Calyrex|Substitute
|-damage|p1a: Calyrex|63/100
|move|p2a: Ho-Oh|Thunder Wave||[still]
|-fail|p2a: Ho-Oh
|
|upkeep
|turn|14
|
|t:|1649387390
|move|p1a: Calyrex|Nasty Plot|p1a: Calyrex
|-boost|p1a: Calyrex|spa|2
|move|p2a: Ho-Oh|Defog|p1a: Calyrex
|-sideend|p1: IAmJklol|Stealth Rock|[from] move: Defog|[of] p2a: Ho-Oh
|-sideend|p2: llmmllmm|Stealth Rock|[from] move: Defog|[of] p2a: Ho-Oh
|
|upkeep
|turn|15
|
|t:|1649387397
|switch|p2a: Rayquaza|Rayquaza|100/100
|-ability|p2a: Rayquaza|Air Lock
|move|p1a: Calyrex|Astral Barrage|p2a: Rayquaza
|-damage|p2a: Rayquaza|0 fnt
|faint|p2a: Rayquaza
|-ability|p1a: Calyrex|Grim Neigh|boost
|-boost|p1a: Calyrex|spa|1
|
|upkeep
|c|☆llmmllmm|hol'up
|c|☆IAmJklol|no longer
|c|☆IAmJklol|affiliated
|c|☆IAmJklol|with this
|
|t:|1649387410
|switch|p2a: Calyrex|Calyrex-Shadow|100/100
|-ability|p2a: Calyrex|As One
|-ability|p2a: Calyrex|Unnerve
|turn|16
|
|t:|1649387413
|move|p2a: Calyrex|Astral Barrage|p1a: Calyrex
|-supereffective|p1a: Calyrex
|-end|p1a: Calyrex|Substitute
|move|p1a: Calyrex|Draining Kiss|p2a: Calyrex
|-damage|p2a: Calyrex|46/100
|-heal|p1a: Calyrex|100/100|[from] drain|[of] p2a: Calyrex
|
|upkeep
|turn|17
|c|☆llmmllmm|wait this isin't fine
|
|t:|1649387420
|move|p2a: Calyrex|Astral Barrage|p1a: Calyrex
|-supereffective|p1a: Calyrex
|-enditem|p1a: Calyrex|Focus Sash
|-damage|p1a: Calyrex|1/100
|move|p1a: Calyrex|Draining Kiss|p2a: Calyrex
|-damage|p2a: Calyrex|0 fnt
|-heal|p1a: Calyrex|35/100|[from] drain|[of] p2a: Calyrex
|faint|p2a: Calyrex
|-ability|p1a: Calyrex|Grim Neigh|boost
|-boost|p1a: Calyrex|spa|1
|
|upkeep
|c|☆IAmJklol|noo
|c|☆llmmllmm|WAIT NO
|c|☆IAmJklol|my sash
|
|t:|1649387425
|switch|p2a: Ditto|Ditto|100/100
|-transform|p2a: Ditto|p1a: Calyrex|[from] ability: Imposter
|turn|18
|
|t:|1649387428
|-start|p2a: Ditto|Dynamax|
|-heal|p2a: Ditto|100/100|[silent]
|move|p2a: Ditto|Max Phantasm|p1a: Calyrex
|-supereffective|p1a: Calyrex
|-damage|p1a: Calyrex|0 fnt
|faint|p1a: Calyrex
|-ability|p2a: Ditto|Grim Neigh|boost
|-boost|p2a: Ditto|spa|1
|
|upkeep
|c|☆IAmJklol|how could u
|c|☆llmmllmm|wow
|c|☆llmmllmm|i wom
|c|☆llmmllmm|won
|
|t:|1649387435
|switch|p1a: Yveltal|Yveltal|100/100
|-ability|p1a: Yveltal|Dark Aura
|turn|19
|c|☆llmmllmm|the sped tie
|
|t:|1649387441
|move|p2a: Ditto|Max Guard|p2a: Ditto
|-singleturn|p2a: Ditto|Max Guard
|move|p1a: Yveltal|Sucker Punch||[still]
|-fail|p1a: Yveltal
|
|upkeep
|turn|20
|c|☆llmmllmm|oh
|c|☆IAmJklol|ok buddy
|
|t:|1649387448
|move|p1a: Yveltal|Sucker Punch|p2a: Ditto
|-supereffective|p2a: Ditto
|-damage|p2a: Ditto|0 fnt
|faint|p2a: Ditto
|-damage|p1a: Yveltal|91/100|[from] item: Life Orb
|
|upkeep
|c|☆IAmJklol|heh
|
|t:|1649387451
|switch|p2a: Groudon|Groudon-Primal|88/100
|-weather|DesolateLand|[from] ability: Desolate Land|[of] p2a: Groudon
|turn|21
|
|t:|1649387454
|-start|p1a: Yveltal|Dynamax|
|-heal|p1a: Yveltal|91/100|[silent]
|move|p1a: Yveltal|Max Airstream|p2a: Groudon
|-damage|p2a: Groudon|0 fnt
|-boost|p1a: Yveltal|spe|1
|faint|p2a: Groudon
|-weather|none
|-damage|p1a: Yveltal|86/100|[from] item: Life Orb
|
|upkeep
|c|☆llmmllmm|HAX
|c|☆IAmJklol|im so funny
|
|t:|1649387459
|switch|p2a: Ho-Oh|Ho-Oh|100/100
|turn|22
|
|t:|1649387460
|move|p1a: Yveltal|Max Darkness|p2a: Ho-Oh
|-damage|p2a: Ho-Oh|26/100
|-unboost|p2a: Ho-Oh|spd|1
|-damage|p1a: Yveltal|81/100|[from] item: Life Orb
|move|p2a: Ho-Oh|Thunder Wave|p1a: Yveltal
|-status|p1a: Yveltal|par
|
|upkeep
|turn|23
|c|☆IAmJklol|im so funny (real)
|
|t:|1649387480
|move|p1a: Yveltal|Max Airstream|p2a: Ho-Oh
|-damage|p2a: Ho-Oh|0 fnt
|-boost|p1a: Yveltal|spe|1
|faint|p2a: Ho-Oh
|-damage|p1a: Yveltal|76/100 par|[from] item: Life Orb
|
|-end|p1a: Yveltal|Dynamax
|-heal|p1a: Yveltal|76/100 par|[silent]
|upkeep
|
|t:|1649387481
|switch|p2a: Arceus|Arceus-Ground|100/100
|turn|24
|c|☆llmmllmm|my life hurts
|
|t:|1649387487
|move|p1a: Yveltal|Dark Pulse|p2a: Arceus
|-damage|p2a: Arceus|55/100
|-damage|p1a: Yveltal|66/100 par|[from] item: Life Orb
|cant|p2a: Arceus|flinch
|
|upkeep
|turn|25
|
|t:|1649387491
|move|p1a: Yveltal|Dark Pulse|p2a: Arceus
|-damage|p2a: Arceus|10/100
|-damage|p1a: Yveltal|56/100 par|[from] item: Life Orb
|move|p2a: Arceus|Ice Beam|p1a: Yveltal
|-supereffective|p1a: Yveltal
|-damage|p1a: Yveltal|0 fnt
|faint|p1a: Yveltal
|
|upkeep
|c|☆IAmJklol|not luck
|c|☆IAmJklol|skill
|c|☆llmmllmm|i'm stealing you
|
|t:|1649387497
|switch|p1a: Arceus|Arceus-Dark|75/100
|turn|26
|
|t:|1649387499
|move|p2a: Arceus|Judgment|p1a: Arceus
|-damage|p1a: Arceus|42/100
|move|p1a: Arceus|Perish Song|p1a: Arceus
|-start|p1a: Arceus|perish3|[silent]
|-start|p2a: Arceus|perish3|[silent]
|-fieldactivate|move: Perish Song
|
|-start|p2a: Arceus|perish3
|-start|p1a: Arceus|perish3
|upkeep
|turn|27
|
|t:|1649387503
|move|p1a: Arceus|Recover|p1a: Arceus
|-heal|p1a: Arceus|92/100
|move|p2a: Arceus|Judgment|p1a: Arceus
|-damage|p1a: Arceus|63/100
|
|-start|p2a: Arceus|perish2
|-start|p1a: Arceus|perish2
|upkeep
|turn|28
|
|t:|1649387505
|move|p2a: Arceus|Judgment|p1a: Arceus
|-damage|p1a: Arceus|31/100
|move|p1a: Arceus|Recover|p1a: Arceus
|-heal|p1a: Arceus|81/100
|
|-start|p1a: Arceus|perish1
|-start|p2a: Arceus|perish1
|upkeep
|turn|29
|c|☆llmmllmm|no
|c|☆llmmllmm|don't do that
|c|☆IAmJklol|:)
|
|t:|1649387512
|switch|p1a: Ditto|Ditto|100/100
|-transform|p1a: Ditto|p2a: Arceus|[from] ability: Imposter
|move|p2a: Arceus|Judgment|p1a: Ditto
|-crit|p1a: Ditto
|-damage|p1a: Ditto|1/100
|
|-start|p2a: Arceus|perish0
|upkeep
|faint|p2a: Arceus
|
|win|IAmJklol
|c|☆IAmJklol|eh
|c|☆llmmllmm|A CRIT
|c|☆IAmJklol|heh
|c|☆llmmllmm|why
|c|☆llmmllmm|alive?
|c|☆IAmJklol|HEH
|c|☆IAmJklol|HAH
|c|☆llmmllmm|time to steal
