|j|☆Midimpactassault
|j|☆zxczcxzcz
|t:|1650663345
|gametype|singles
|player|p1|Midimpactassault|hilda|1563
|player|p2|zxczcxzcz|rocketgrunt|1504
|teamsize|p1|6
|teamsize|p2|6
|gen|8
|tier|[Gen 8] National Dex AG
|rated|
|rule|HP Percentage Mod: HP is shown in percentages
|rule|Endless Battle Clause: Forcing endless battles is banned
|clearpoke
|poke|p1|Deoxys-Speed|
|poke|p1|Deoxys-Attack|
|poke|p1|Ho-Oh|
|poke|p1|Marshadow|
|poke|p1|Arceus-*|
|poke|p1|Giratina|
|poke|p2|Regieleki|
|poke|p2|Rayquaza|
|poke|p2|Groudon|
|poke|p2|Necrozma-Dusk-Mane|
|poke|p2|Eternatus|
|poke|p2|Yveltal|
|teampreview
|inactive|Battle timer is ON: inactive players will automatically lose when time's up. (requested by Midimpactassault)
|
|t:|1650663355
|start
|switch|p1a: Deoxys|Deoxys-Speed|100/100
|switch|p2a: Regieleki|Regieleki|100/100
|-ability|p1a: Deoxys|Pressure
|turn|1
|
|t:|1650663360
|move|p2a: Regieleki|Thunderbolt|p1a: Deoxys
|-damage|p1a: Deoxys|25/100
|move|p1a: Deoxys|Psycho Boost|p2a: Regieleki
|-damage|p2a: Regieleki|12/100
|-unboost|p1a: Deoxys|spa|2
|
|upkeep
|turn|2
|
|t:|1650663367
|switch|p1a: Arceus|Arceus-Ground|100/100
|move|p2a: Regieleki|Thunderbolt|p1a: Arceus
|-immune|p1a: Arceus
|
|upkeep
|turn|3
|
|t:|1650663394
|switch|p2a: Necrozma|Necrozma-Dusk-Mane|100/100
|move|p1a: Arceus|Toxic|p2a: Necrozma
|-immune|p2a: Necrozma
|
|upkeep
|turn|4
|
|t:|1650663398
|move|p1a: Arceus|Judgment|p2a: Necrozma
|-supereffective|p2a: Necrozma
|-crit|p2a: Necrozma
|-damage|p2a: Necrozma|19/100
|move|p2a: Necrozma|Dragon Dance|p2a: Necrozma
|-boost|p2a: Necrozma|atk|1
|-boost|p2a: Necrozma|spe|1
|
|-heal|p2a: Necrozma|25/100|[from] item: Leftovers
|upkeep
|turn|5
|
|t:|1650663406
|move|p2a: Necrozma|Knock Off|p1a: Arceus
|-damage|p1a: Arceus|84/100
|move|p1a: Arceus|Judgment|p2a: Necrozma
|-supereffective|p2a: Necrozma
|-damage|p2a: Necrozma|0 fnt
|faint|p2a: Necrozma
|
|upkeep
|
|t:|1650663410
|switch|p2a: Rayquaza|Rayquaza|100/100
|-ability|p2a: Rayquaza|Air Lock
|turn|6
|
|t:|1650663415
|detailschange|p2a: Rayquaza|Rayquaza-Mega
|-mega|p2a: Rayquaza|Rayquaza|
|-weather|DeltaStream|[from] ability: Delta Stream|[of] p2a: Rayquaza
|move|p2a: Rayquaza|Swords Dance|p2a: Rayquaza
|-boost|p2a: Rayquaza|atk|2
|move|p1a: Arceus|Toxic|p2a: Rayquaza
|-status|p2a: Rayquaza|tox
|
|-weather|DeltaStream|[upkeep]
|-damage|p2a: Rayquaza|95/100 tox|[from] psn
|upkeep
|turn|7
|
|t:|1650663424
|move|p2a: Rayquaza|Dragon Ascent|p1a: Arceus
|-damage|p1a: Arceus|0 fnt
|-unboost|p2a: Rayquaza|def|1
|-unboost|p2a: Rayquaza|spd|1
|faint|p1a: Arceus
|-damage|p2a: Rayquaza|85/100 tox|[from] item: Life Orb
|
|-weather|DeltaStream|[upkeep]
|-damage|p2a: Rayquaza|73/100 tox|[from] psn
|upkeep
|
|t:|1650663428
|switch|p1a: Marshadow|Marshadow|100/100
|turn|8
|
|t:|1650663434
|-weather|none
|switch|p2a: Yveltal|Yveltal|100/100
|-ability|p2a: Yveltal|Dark Aura
|move|p1a: Marshadow|Spectral Thief|p2a: Yveltal
|-resisted|p2a: Yveltal
|-damage|p2a: Yveltal|82/100
|
|upkeep
|turn|9
|
|t:|1650663439
|switch|p1a: Ho-Oh|Ho-Oh|100/100
|move|p2a: Yveltal|Knock Off|p1a: Ho-Oh
|-damage|p1a: Ho-Oh|55/100
|-enditem|p1a: Ho-Oh|Heavy-Duty Boots|[from] move: Knock Off|[of] p2a: Yveltal
|
|upkeep
|turn|10
|
|t:|1650663445
|switch|p2a: Groudon|Groudon|100/100
|detailschange|p2a: Groudon|Groudon-Primal
|-primal|p2a: Groudon
|-weather|DesolateLand|[from] ability: Desolate Land|[of] p2a: Groudon
|move|p1a: Ho-Oh|Roost|p1a: Ho-Oh
|-heal|p1a: Ho-Oh|100/100
|-singleturn|p1a: Ho-Oh|move: Roost
|
|-weather|DesolateLand|[upkeep]
|upkeep
|turn|11
|
|t:|1650663452
|switch|p1a: Deoxys|Deoxys-Speed|25/100
|-ability|p1a: Deoxys|Pressure
|move|p2a: Groudon|Stealth Rock|p1a: Deoxys
|-sidestart|p1: Midimpactassault|move: Stealth Rock
|
|-weather|DesolateLand|[upkeep]
|upkeep
|turn|12
|
|t:|1650663456
|-weather|none
|switch|p2a: Regieleki|Regieleki|12/100
|move|p1a: Deoxys|Stealth Rock|p2a: Regieleki
|-sidestart|p2: zxczcxzcz|move: Stealth Rock
|
|upkeep
|turn|13
|
|t:|1650663461
|move|p2a: Regieleki|Rapid Spin|p1a: Deoxys
|-damage|p1a: Deoxys|11/100
|-boost|p2a: Regieleki|spe|1
|-sideend|p2: zxczcxzcz|Stealth Rock|[from] move: Rapid Spin|[of] p2a: Regieleki
|move|p1a: Deoxys|Spikes|p2a: Regieleki
|-sidestart|p2: zxczcxzcz|Spikes
|
|upkeep
|turn|14
|
|t:|1650663468
|switch|p1a: Marshadow|Marshadow|100/100
|-damage|p1a: Marshadow|94/100|[from] Stealth Rock
|move|p2a: Regieleki|Rapid Spin|p1a: Marshadow
|-immune|p1a: Marshadow
|
|upkeep
|turn|15
|
|t:|1650663474
|switch|p2a: Yveltal|Yveltal|82/100
|-ability|p2a: Yveltal|Dark Aura
|move|p1a: Marshadow|Shadow Sneak|p2a: Yveltal
|-resisted|p2a: Yveltal
|-damage|p2a: Yveltal|69/100
|
|upkeep
|turn|16
|
|t:|1650663485
|switch|p1a: Deoxys|Deoxys-Speed|11/100
|-damage|p1a: Deoxys|0 fnt|[from] Stealth Rock
|faint|p1a: Deoxys
|move|p2a: Yveltal|U-turn|p1: Deoxys|[notarget]
|-fail|p2a: Yveltal
|
|upkeep
|
|t:|1650663488
|switch|p1a: Giratina|Giratina|100/100
|-damage|p1a: Giratina|88/100|[from] Stealth Rock
|-ability|p1a: Giratina|Pressure
|turn|17
|
|t:|1650663492
|-start|p1a: Giratina|Dynamax|
|-heal|p1a: Giratina|88/100|[silent]
|move|p2a: Yveltal|Knock Off|p1a: Giratina
|-supereffective|p1a: Giratina
|-damage|p1a: Giratina|54/100
|-enditem|p1a: Giratina|Weakness Policy
|-boost|p1a: Giratina|atk|2|[from] item: Weakness Policy
|-boost|p1a: Giratina|spa|2|[from] item: Weakness Policy
|move|p1a: Giratina|Max Airstream|p2a: Yveltal
|-damage|p2a: Yveltal|3/100
|-boost|p1a: Giratina|spe|1
|
|upkeep
|turn|18
|
|t:|1650663509
|move|p1a: Giratina|Max Airstream|p2a: Yveltal
|-damage|p2a: Yveltal|0 fnt
|-boost|p1a: Giratina|spe|1
|faint|p2a: Yveltal
|
|upkeep
|
|t:|1650663516
|switch|p2a: Rayquaza|Rayquaza-Mega|73/100 tox
|-weather|DeltaStream|[from] ability: Delta Stream|[of] p2a: Rayquaza
|turn|19
|
|t:|1650663522
|move|p1a: Giratina|Max Wyrmwind|p2a: Rayquaza
|-supereffective|p2a: Rayquaza
|-damage|p2a: Rayquaza|0 fnt
|faint|p2a: Rayquaza
|-weather|none
|
|-end|p1a: Giratina|Dynamax
|-heal|p1a: Giratina|54/100|[silent]
|upkeep
|
|t:|1650663527
|switch|p2a: Groudon|Groudon-Primal|100/100
|-damage|p2a: Groudon|88/100|[from] Spikes
|-weather|DesolateLand|[from] ability: Desolate Land|[of] p2a: Groudon
|turn|20
|
|t:|1650663531
|move|p1a: Giratina|Earthquake|p2a: Groudon
|-supereffective|p2a: Groudon
|-damage|p2a: Groudon|17/100
|move|p2a: Groudon|Earthquake|p1a: Giratina
|-damage|p1a: Giratina|12/100
|
|-weather|DesolateLand|[upkeep]
|upkeep
|turn|21
|
|t:|1650663539
|move|p1a: Giratina|Dragon Claw|p2a: Groudon
|-damage|p2a: Groudon|0 fnt
|faint|p2a: Groudon
|-weather|none
|
|upkeep
|
|t:|1650663541
|switch|p2a: Eternatus|Eternatus|100/100
|-ability|p2a: Eternatus|Pressure
|turn|22
|
|t:|1650663548
|move|p1a: Giratina|Dragon Claw|p2a: Eternatus
|-supereffective|p2a: Eternatus
|-damage|p2a: Eternatus|0 fnt
|faint|p2a: Eternatus
|
|upkeep
|-message|zxczcxzcz forfeited.
|
|win|Midimpactassault
|raw|Midimpactassault's rating: 1563 &rarr; <strong>1580</strong><br />(+17 for winning)
|raw|zxczcxzcz's rating: 1504 &rarr; <strong>1487</strong><br />(-17 for losing)
|l|☆zxczcxzcz
