|j|☆IAmJklol
|j|☆llmmllmm
|t:|1662680472
|gametype|singles
|player|p1|IAmJklol|red|
|player|p2|llmmllmm|169|
|teamsize|p1|6
|teamsize|p2|6
|gen|8
|tier|[Gen 8] National Dex AG
|rule|HP Percentage Mod: HP is shown in percentages
|rule|Endless Battle Clause: Forcing endless battles is banned
|clearpoke
|poke|p1|Tyranitar, M|
|poke|p1|Ditto|
|poke|p1|Latias, F|
|poke|p1|Gothitelle, F|
|poke|p1|Quagsire, M|
|poke|p1|Zacian-*|
|poke|p2|Calyrex-Shadow|
|poke|p2|Yveltal|
|poke|p2|Necrozma-Dusk-Mane|
|poke|p2|Eternatus|
|poke|p2|Ho-Oh|
|poke|p2|Xerneas-*|
|teampreview
|inactive|Battle timer is ON: inactive players will automatically lose when time's up. (requested by IAmJklol)
|c|☆llmmllmm|ez
|c|☆llmmllmm|ez
|
|t:|1662680494
|start
|switch|p1a: Zacian|Zacian-Crowned|100/100
|switch|p2a: Xerneas|Xerneas|100/100
|-ability|p1a: Zacian|Intrepid Sword|boost
|-boost|p1a: Zacian|atk|1
|-ability|p2a: Xerneas|Fairy Aura
|turn|1
|c|☆llmmllmm|why
|
|t:|1662680499
|switch|p2a: Necrozma|Necrozma-Dusk-Mane|100/100
|move|p1a: Zacian|Behemoth Blade|p2a: Necrozma
|-resisted|p2a: Necrozma
|-damage|p2a: Necrozma|72/100
|
|-heal|p2a: Necrozma|78/100|[from] item: Leftovers
|upkeep
|turn|2
|c|☆llmmllmm|wait
|c|☆llmmllmm|where's my
|c|☆IAmJklol|haha
|c|☆llmmllmm|rocky
|
|t:|1662680514
|move|p1a: Zacian|Play Rough|p2a: Necrozma
|-resisted|p2a: Necrozma
|-damage|p2a: Necrozma|52/100
|move|p2a: Necrozma|Thunder Wave|p1a: Zacian|[miss]
|-miss|p2a: Necrozma|p1a: Zacian
|
|-heal|p2a: Necrozma|58/100|[from] item: Leftovers
|upkeep
|turn|3
|c|☆llmmllmm|ez
|c|☆IAmJklol|ez
|
|t:|1662680524
|switch|p1a: Gothitelle|Gothitelle, F|100/100
|move|p2a: Necrozma|Stealth Rock|p1a: Gothitelle
|-sidestart|p1: IAmJklol|move: Stealth Rock
|
|-heal|p2a: Necrozma|64/100|[from] item: Leftovers
|upkeep
|turn|4
|c|☆llmmllmm|BRO
|c|☆llmmllmm|I FORGOR
|c|☆llmmllmm|AGAIN
|c|☆IAmJklol|idiot
|
|t:|1662680531
|move|p2a: Necrozma|Thunder Wave|p1a: Gothitelle
|-status|p1a: Gothitelle|par
|cant|p1a: Gothitelle|par
|
|-heal|p2a: Necrozma|70/100|[from] item: Leftovers
|upkeep
|turn|5
|
|t:|1662680534
|move|p2a: Necrozma|Sunsteel Strike|p1a: Gothitelle
|-damage|p1a: Gothitelle|56/100 par
|cant|p1a: Gothitelle|par
|
|-heal|p2a: Necrozma|76/100|[from] item: Leftovers
|-heal|p1a: Gothitelle|62/100 par|[from] item: Leftovers
|upkeep
|turn|6
|c|☆llmmllmm|ez
|
|t:|1662680538
|move|p2a: Necrozma|Sunsteel Strike|p1a: Gothitelle
|-damage|p1a: Gothitelle|21/100 par
|move|p1a: Gothitelle|Rest|p1a: Gothitelle
|-status|p1a: Gothitelle|slp|[from] move: Rest
|-heal|p1a: Gothitelle|100/100 slp|[silent]
|
|-heal|p2a: Necrozma|82/100|[from] item: Leftovers
|upkeep
|turn|7
|c|☆llmmllmm|ez
|
|t:|1662680541
|move|p2a: Necrozma|Sunsteel Strike|p1a: Gothitelle
|-damage|p1a: Gothitelle|61/100 slp
|cant|p1a: Gothitelle|slp
|
|-heal|p2a: Necrozma|88/100|[from] item: Leftovers
|-heal|p1a: Gothitelle|67/100 slp|[from] item: Leftovers
|upkeep
|turn|8
|c|☆llmmllmm|ez
|c|☆llmmllmm|ez
|c|☆llmmllmm|ez
|
|t:|1662680547
|move|p2a: Necrozma|Sunsteel Strike|p1a: Gothitelle
|-damage|p1a: Gothitelle|28/100 slp
|cant|p1a: Gothitelle|slp
|
|-heal|p2a: Necrozma|94/100|[from] item: Leftovers
|-heal|p1a: Gothitelle|34/100 slp|[from] item: Leftovers
|upkeep
|turn|9
|c|☆llmmllmm|EZ
|c|☆llmmllmm|EZ
|c|☆llmmllmm|EZ
|c|☆llmmllmm|EZ
|c|☆llmmllmm|ZE
|c|☆llmmllmm|EZ
|c|☆llmmllmm|EZ
|c|☆llmmllmm|EZ
|
|t:|1662680561
|switch|p1a: Quagsire|Quagsire, M|100/100
|-damage|p1a: Quagsire|94/100|[from] Stealth Rock
|move|p2a: Necrozma|Sunsteel Strike|p1a: Quagsire
|-resisted|p1a: Quagsire
|-damage|p1a: Quagsire|76/100
|-damage|p2a: Necrozma|77/100|[from] item: Rocky Helmet|[of] p1a: Quagsire
|
|-heal|p2a: Necrozma|83/100|[from] item: Leftovers
|upkeep
|turn|10
|c|☆llmmllmm|DAMMIT
|c|☆IAmJklol|well this isn't goo
|
|t:|1662680583
|move|p2a: Necrozma|Moonlight|p2a: Necrozma
|-heal|p2a: Necrozma|100/100
|move|p1a: Quagsire|Earthquake|p2a: Necrozma
|-supereffective|p2a: Necrozma
|-damage|p2a: Necrozma|81/100
|
|-heal|p2a: Necrozma|87/100|[from] item: Leftovers
|upkeep
|turn|11
|
|t:|1662680590
|switch|p2a: Yveltal|Yveltal|100/100
|-ability|p2a: Yveltal|Dark Aura
|move|p1a: Quagsire|Recover|p1a: Quagsire
|-heal|p1a: Quagsire|100/100
|
|upkeep
|turn|12
|
|t:|1662680597
|switch|p1a: Tyranitar|Tyranitar, M|100/100
|-damage|p1a: Tyranitar|88/100|[from] Stealth Rock
|-weather|Sandstorm|[from] ability: Sand Stream|[of] p1a: Tyranitar
|move|p2a: Yveltal|Taunt|p1a: Tyranitar
|-start|p1a: Tyranitar|move: Taunt
|
|-weather|Sandstorm|[upkeep]
|-damage|p2a: Yveltal|94/100|[from] Sandstorm
|-heal|p1a: Tyranitar|94/100|[from] item: Leftovers
|upkeep
|turn|13
|c|☆IAmJklol|ROCKSS
|
|t:|1662680612
|switch|p2a: Necrozma|Necrozma-Dusk-Mane|87/100
|move|p1a: Tyranitar|Rock Blast|p2a: Necrozma
|-resisted|p2a: Necrozma
|-damage|p2a: Necrozma|84/100
|-resisted|p2a: Necrozma
|-damage|p2a: Necrozma|81/100
|-resisted|p2a: Necrozma
|-damage|p2a: Necrozma|78/100
|-hitcount|p2a: Necrozma|3
|
|-weather|Sandstorm|[upkeep]
|-heal|p2a: Necrozma|84/100|[from] item: Leftovers
|-heal|p1a: Tyranitar|100/100|[from] item: Leftovers
|upkeep
|turn|14
|
|t:|1662680618
|switch|p1a: Quagsire|Quagsire, M|100/100
|-damage|p1a: Quagsire|94/100|[from] Stealth Rock
|move|p2a: Necrozma|Thunder Wave|p1a: Quagsire
|-immune|p1a: Quagsire
|
|-weather|Sandstorm|[upkeep]
|-heal|p2a: Necrozma|90/100|[from] item: Leftovers
|upkeep
|turn|15
|c|☆llmmllmm|unallowed
|
|t:|1662680628
|move|p2a: Necrozma|Thunder Wave|p1a: Quagsire
|-immune|p1a: Quagsire
|move|p1a: Quagsire|Earthquake|p2a: Necrozma
|-supereffective|p2a: Necrozma
|-damage|p2a: Necrozma|68/100
|
|-weather|Sandstorm|[upkeep]
|-heal|p2a: Necrozma|74/100|[from] item: Leftovers
|upkeep
|turn|16
|c|☆IAmJklol|op
|
|t:|1662680633
|move|p2a: Necrozma|Thunder Wave|p1a: Quagsire
|-immune|p1a: Quagsire
|move|p1a: Quagsire|Counter||[still]
|-fail|p1a: Quagsire
|
|-weather|none
|-heal|p2a: Necrozma|80/100|[from] item: Leftovers
|upkeep
|turn|17
|c|☆llmmllmm|oh
|
|t:|1662680645
|switch|p2a: Xerneas|Xerneas|100/100
|-ability|p2a: Xerneas|Fairy Aura
|move|p1a: Quagsire|Haze|p1a: Quagsire
|-clearallboost
|
|upkeep
|turn|18
|c|☆llmmllmm|oh
|c|☆IAmJklol|HA
|
|t:|1662680662
|switch|p2a: Eternatus|Eternatus|100/100
|-ability|p2a: Eternatus|Pressure
|switch|p1a: Zacian|Zacian-Crowned|100/100
|-damage|p1a: Zacian|94/100|[from] Stealth Rock
|-ability|p1a: Zacian|Intrepid Sword|boost
|-boost|p1a: Zacian|atk|1
|
|upkeep
|turn|19
|
|t:|1662680670
|switch|p2a: Necrozma|Necrozma-Dusk-Mane|80/100
|move|p1a: Zacian|Close Combat|p2a: Necrozma
|-damage|p2a: Necrozma|35/100
|-unboost|p1a: Zacian|def|1
|-unboost|p1a: Zacian|spd|1
|
|-heal|p2a: Necrozma|41/100|[from] item: Leftovers
|upkeep
|turn|20
|c|☆llmmllmm|oh
|c|☆IAmJklol|nope dead
|
|t:|1662680676
|move|p1a: Zacian|Close Combat|p2a: Necrozma
|-damage|p2a: Necrozma|0 fnt
|-unboost|p1a: Zacian|def|1
|-unboost|p1a: Zacian|spd|1
|faint|p2a: Necrozma
|
|upkeep
|
|t:|1662680681
|switch|p2a: Calyrex|Calyrex-Shadow|100/100
|-ability|p2a: Calyrex|As One
|-ability|p2a: Calyrex|Unnerve
|turn|21
|c|☆llmmllmm|WHAT IS THIS SET LMFAO
|c|☆IAmJklol|no longer
|
|t:|1662680698
|switch|p2a: Xerneas|Xerneas|100/100
|-ability|p2a: Xerneas|Fairy Aura
|switch|p1a: Tyranitar|Tyranitar, M|100/100
|-damage|p1a: Tyranitar|88/100|[from] Stealth Rock
|-weather|Sandstorm|[from] ability: Sand Stream|[of] p1a: Tyranitar
|
|-weather|Sandstorm|[upkeep]
|-damage|p2a: Xerneas|94/100|[from] Sandstorm
|-heal|p1a: Tyranitar|94/100|[from] item: Leftovers
|upkeep
|turn|22
|
|t:|1662680701
|move|p2a: Xerneas|Substitute|p2a: Xerneas
|-start|p2a: Xerneas|Substitute
|-damage|p2a: Xerneas|69/100
|move|p1a: Tyranitar|Roar|p2a: Xerneas
|drag|p2a: Calyrex|Calyrex-Shadow|100/100
|-ability|p2a: Calyrex|As One
|-ability|p2a: Calyrex|Unnerve
|
|-weather|Sandstorm|[upkeep]
|-damage|p2a: Calyrex|94/100|[from] Sandstorm
|-heal|p1a: Tyranitar|100/100|[from] item: Leftovers
|upkeep
|turn|23
|c|☆llmmllmm|rude
|c|☆IAmJklol|no longer
|
|t:|1662680709
|move|p2a: Calyrex|Nasty Plot|p2a: Calyrex
|-boost|p2a: Calyrex|spa|2
|move|p1a: Tyranitar|Pursuit|p2a: Calyrex
|-supereffective|p2a: Calyrex
|-enditem|p2a: Calyrex|Colbur Berry|[eat]
|-enditem|p2a: Calyrex|Colbur Berry|[weaken]
|-damage|p2a: Calyrex|50/100
|
|-weather|Sandstorm|[upkeep]
|-damage|p2a: Calyrex|44/100|[from] Sandstorm
|upkeep
|turn|24
|
|t:|1662680715
|move|p2a: Calyrex|Draining Kiss|p1a: Tyranitar
|-supereffective|p1a: Tyranitar
|-damage|p1a: Tyranitar|64/100
|-heal|p2a: Calyrex|76/100|[from] drain|[of] p1a: Tyranitar
|move|p1a: Tyranitar|Stealth Rock|p2a: Calyrex
|-sidestart|p2: llmmllmm|move: Stealth Rock
|
|-weather|Sandstorm|[upkeep]
|-damage|p2a: Calyrex|70/100|[from] Sandstorm
|-heal|p1a: Tyranitar|70/100|[from] item: Leftovers
|upkeep
|turn|25
|c|☆llmmllmm|nom
|c|☆IAmJklol|huh ok
|
|t:|1662680722
|move|p2a: Calyrex|Draining Kiss|p1a: Tyranitar
|-supereffective|p1a: Tyranitar
|-damage|p1a: Tyranitar|37/100
|-heal|p2a: Calyrex|99/100|[from] drain|[of] p1a: Tyranitar
|move|p1a: Tyranitar|Pursuit|p2a: Calyrex
|-supereffective|p2a: Calyrex
|-damage|p2a: Calyrex|10/100
|
|-weather|none
|-heal|p1a: Tyranitar|43/100|[from] item: Leftovers
|upkeep
|turn|26
|
|t:|1662680731
|move|p2a: Calyrex|Astral Barrage|p1a: Tyranitar
|-resisted|p1a: Tyranitar
|-damage|p1a: Tyranitar|0 fnt
|faint|p1a: Tyranitar
|-ability|p2a: Calyrex|Grim Neigh|boost
|-boost|p2a: Calyrex|spa|1
|
|upkeep
|c|☆llmmllmm|nom
|c|☆IAmJklol|wha
|
|t:|1662680737
|switch|p1a: Ditto|Ditto|100/100
|-damage|p1a: Ditto|88/100|[from] Stealth Rock
|-transform|p1a: Ditto|p2a: Calyrex|[from] ability: Imposter
|turn|27
|c|☆llmmllmm|wait a minute
|
|t:|1662680743
|switch|p2a: Yveltal|Yveltal|94/100
|-ability|p2a: Yveltal|Dark Aura
|move|p1a: Ditto|Astral Barrage|p2a: Yveltal
|-resisted|p2a: Yveltal
|-damage|p2a: Yveltal|33/100
|
|upkeep
|turn|28
|c|☆IAmJklol|what sir
|c|☆llmmllmm|stop this
|
|t:|1662680752
|switch|p1a: Zacian|Zacian-Crowned|94/100
|-damage|p1a: Zacian|88/100|[from] Stealth Rock
|-ability|p1a: Zacian|Intrepid Sword|boost
|-boost|p1a: Zacian|atk|1
|-start|p2a: Yveltal|Dynamax|
|-heal|p2a: Yveltal|33/100|[silent]
|move|p2a: Yveltal|Max Darkness|p1a: Zacian
|-resisted|p1a: Zacian
|-damage|p1a: Zacian|56/100
|-unboost|p1a: Zacian|spd|1
|
|upkeep
|turn|29
|
|t:|1662680759
|move|p2a: Yveltal|Max Guard|p2a: Yveltal
|-singleturn|p2a: Yveltal|Max Guard
|move|p1a: Zacian|Behemoth Blade|p2a: Yveltal
|-activate|p2a: Yveltal|move: Max Guard
|
|upkeep
|turn|30
|c|☆IAmJklol|aaron bur sir
|
|t:|1662680767
|move|p1a: Zacian|Behemoth Blade|p2a: Yveltal
|-damage|p2a: Yveltal|0 fnt
|faint|p2a: Yveltal
|
|upkeep
|
|t:|1662680770
|switch|p2a: Eternatus|Eternatus|100/100
|-damage|p2a: Eternatus|88/100|[from] Stealth Rock
|-ability|p2a: Eternatus|Pressure
|turn|31
|c|☆llmmllmm|stop this
|
|t:|1662680775
|switch|p1a: Latias|Latias, F|100/100
|-damage|p1a: Latias|88/100|[from] Stealth Rock
|move|p2a: Eternatus|Flamethrower|p1a: Latias
|-resisted|p1a: Latias
|-damage|p1a: Latias|75/100
|-damage|p2a: Eternatus|78/100|[from] item: Life Orb
|
|upkeep
|turn|32
|c|☆llmmllmm|rn
|
|t:|1662680782
|switch|p1a: Zacian|Zacian-Crowned|56/100
|-damage|p1a: Zacian|50/100|[from] Stealth Rock
|-ability|p1a: Zacian|Intrepid Sword|boost
|-boost|p1a: Zacian|atk|1
|move|p2a: Eternatus|Dynamax Cannon|p1a: Zacian
|-immune|p1a: Zacian
|
|upkeep
|turn|33
|c|☆llmmllmm|litrally
|c|☆llmmllmm|stop
|
|t:|1662680789
|move|p1a: Zacian|Behemoth Blade|p2a: Eternatus
|-damage|p2a: Eternatus|5/100
|move|p2a: Eternatus|Flamethrower|p1a: Zacian
|-supereffective|p1a: Zacian
|-damage|p1a: Zacian|0 fnt
|faint|p1a: Zacian
|-damage|p2a: Eternatus|0 fnt|[from] item: Life Orb
|faint|p2a: Eternatus
|
|upkeep
|c|☆IAmJklol|wh
|c|☆llmmllmm|ow
|
|t:|1662680804
|switch|p1a: Quagsire|Quagsire, M|94/100
|switch|p2a: Xerneas|Xerneas|69/100
|-damage|p2a: Xerneas|57/100|[from] Stealth Rock
|-ability|p2a: Xerneas|Fairy Aura
|-damage|p1a: Quagsire|88/100|[from] Stealth Rock
|turn|34
|c|☆IAmJklol|no this can't be
|
|t:|1662680812
|switch|p2a: Ho-Oh|Ho-Oh|100/100
|move|p1a: Quagsire|Earthquake|p2a: Ho-Oh
|-immune|p2a: Ho-Oh
|
|upkeep
|turn|35
|c|☆IAmJklol|wait no
|
|t:|1662680820
|switch|p1a: Latias|Latias, F|75/100
|-damage|p1a: Latias|63/100|[from] Stealth Rock
|move|p2a: Ho-Oh|Defog|p1a: Latias
|-unboost|p1a: Latias|evasion|1
|-sideend|p1: IAmJklol|Stealth Rock|[from] move: Defog|[of] p2a: Ho-Oh
|-sideend|p2: llmmllmm|Stealth Rock|[from] move: Defog|[of] p2a: Ho-Oh
|
|upkeep
|turn|36
|
|t:|1662680824
|detailschange|p1a: Latias|Latias-Mega, F
|-mega|p1a: Latias|Latias|Latiasite
|move|p1a: Latias|Toxic|p2a: Ho-Oh
|-status|p2a: Ho-Oh|tox
|move|p2a: Ho-Oh|Whirlwind|p1a: Latias
|drag|p1a: Quagsire|Quagsire, M|88/100
|
|-damage|p2a: Ho-Oh|94/100 tox|[from] psn
|upkeep
|turn|37
|c|☆llmmllmm|leave me be
|
|t:|1662680835
|move|p2a: Ho-Oh|Sacred Fire|p1a: Quagsire|[miss]
|-miss|p2a: Ho-Oh|p1a: Quagsire
|move|p1a: Quagsire|Counter||[still]
|-fail|p1a: Quagsire
|
|-damage|p2a: Ho-Oh|82/100 tox|[from] psn
|upkeep
|turn|38
|c|☆IAmJklol|aw
|c|☆llmmllmm|h
|
|t:|1662680846
|switch|p2a: Calyrex|Calyrex-Shadow|10/100
|-ability|p2a: Calyrex|As One
|-ability|p2a: Calyrex|Unnerve
|move|p1a: Quagsire|Counter||[still]
|-fail|p1a: Quagsire
|
|upkeep
|turn|39
|
|t:|1662680851
|switch|p2a: Ho-Oh|Ho-Oh|100/100 tox
|move|p1a: Quagsire|Earthquake|p2a: Ho-Oh
|-immune|p2a: Ho-Oh
|
|-damage|p2a: Ho-Oh|94/100 tox|[from] psn
|upkeep
|turn|40
|c|☆IAmJklol|aw
|
|t:|1662680856
|move|p1a: Quagsire|Counter||[still]
|-fail|p1a: Quagsire
|move|p2a: Ho-Oh|Whirlwind|p1a: Quagsire
|drag|p1a: Latias|Latias-Mega, F|63/100
|
|-damage|p2a: Ho-Oh|82/100 tox|[from] psn
|upkeep
|turn|41
|c|☆llmmllmm|johnny depp
|
|t:|1662680863
|move|p1a: Latias|Recover|p1a: Latias
|-heal|p1a: Latias|100/100
|move|p2a: Ho-Oh|Thunder Wave|p1a: Latias
|-status|p1a: Latias|par
|
|-damage|p2a: Ho-Oh|63/100 tox|[from] psn
|upkeep
|turn|42
|
|t:|1662680872
|switch|p2a: Calyrex|Calyrex-Shadow|10/100
|-ability|p2a: Calyrex|As One
|-ability|p2a: Calyrex|Unnerve
|cant|p1a: Latias|par
|
|upkeep
|turn|43
|c|☆IAmJklol|brh
|c|☆llmmllmm|ez
|c|☆IAmJklol|I pressed toxic
|
|t:|1662680880
|switch|p1a: Gothitelle|Gothitelle, F|34/100 slp
|move|p2a: Calyrex|Astral Barrage|p1a: Gothitelle
|-supereffective|p1a: Gothitelle
|-damage|p1a: Gothitelle|0 fnt
|faint|p1a: Gothitelle
|-ability|p2a: Calyrex|Grim Neigh|boost
|-boost|p2a: Calyrex|spa|1
|
|upkeep
|
|t:|1662680883
|switch|p1a: Ditto|Ditto|88/100
|-transform|p1a: Ditto|p2a: Calyrex|[from] ability: Imposter
|turn|44
|c|☆llmmllmm|no
|
|t:|1662680893
|move|p1a: Ditto|Astral Barrage|p2a: Calyrex
|-supereffective|p2a: Calyrex
|-damage|p2a: Calyrex|0 fnt
|faint|p2a: Calyrex
|-ability|p1a: Ditto|Grim Neigh|boost
|-boost|p1a: Ditto|spa|1
|
|upkeep
|c|☆IAmJklol|well kid
|
|t:|1662680894
|switch|p2a: Ho-Oh|Ho-Oh|96/100 tox
|turn|45
|c|☆llmmllmm|no
|
|t:|1662680899
|-start|p1a: Ditto|Dynamax|
|-heal|p1a: Ditto|88/100|[silent]
|move|p1a: Ditto|Max Starfall|p2a: Ho-Oh
|-resisted|p2a: Ho-Oh
|-damage|p2a: Ho-Oh|75/100 tox
|-fieldstart|move: Misty Terrain
|move|p2a: Ho-Oh|Whirlwind|p1a: Ditto
|-block|p1a: Ditto|Dynamax
|
|-damage|p2a: Ho-Oh|69/100 tox|[from] psn
|upkeep
|turn|46
|c|☆IAmJklol|ha
|c|☆llmmllmm|no
|
|t:|1662680905
|move|p1a: Ditto|Max Mindstorm|p2a: Ho-Oh
|-damage|p2a: Ho-Oh|0 fnt
|-fieldstart|move: Psychic Terrain
|faint|p2a: Ho-Oh
|-ability|p1a: Ditto|Grim Neigh|boost
|-boost|p1a: Ditto|spa|1
|
|upkeep
|
|t:|1662680907
|switch|p2a: Xerneas|Xerneas|57/100
|-ability|p2a: Xerneas|Fairy Aura
|turn|47
|
|t:|1662680910
|move|p1a: Ditto|Max Mindstorm|p2a: Xerneas
|-damage|p2a: Xerneas|0 fnt
|faint|p2a: Xerneas
|
|win|IAmJklol
|c|☆llmmllmm|le m
|c|☆IAmJklol|perhand
|l|☆llmmllmm
|l|☆IAmJklol
|j|☆IAmJklol
|player|p1|IAmJklol|red
