|j|☆cosmowarriorzero
|j|☆Buck is stallish
|t:|1660991531
|gametype|singles
|player|p1|cosmowarriorzero|2|1829
|player|p2|Buck is stallish|ethan-masters|1908
|teamsize|p1|6
|teamsize|p2|6
|gen|8
|tier|[Gen 8] National Dex AG
|rated|
|rule|HP Percentage Mod: HP is shown in percentages
|rule|Endless Battle Clause: Forcing endless battles is banned
|clearpoke
|poke|p1|Deoxys-Speed|
|poke|p1|Rayquaza|
|poke|p1|Grimmsnarl, M|
|poke|p1|Arceus-*|
|poke|p1|Necrozma-Dusk-Mane|
|poke|p1|Groudon|
|poke|p2|Kyogre|
|poke|p2|Chansey, F|
|poke|p2|Sableye, F|
|poke|p2|Lugia|
|poke|p2|Yveltal|
|poke|p2|Arceus-*|
|teampreview
|inactive|Battle timer is ON: inactive players will automatically lose when time's up. (requested by Buck is stallish)
|
|t:|1660991551
|start
|switch|p1a: Deoxys|Deoxys-Speed|100/100
|switch|p2a: Pretty gem|Sableye, F|100/100
|-ability|p1a: Deoxys|Pressure
|turn|1
|
|t:|1660991559
|detailschange|p2a: Pretty gem|Sableye-Mega, F
|-mega|p2a: Pretty gem|Sableye|Sablenite
|move|p1a: Deoxys|Reflect|p1a: Deoxys
|-sidestart|p1: cosmowarriorzero|Reflect
|move|p2a: Pretty gem|Foul Play|p1a: Deoxys
|-supereffective|p1a: Deoxys
|-damage|p1a: Deoxys|71/100
|
|upkeep
|turn|2
|
|t:|1660991571
|switch|p1a: Groudon|Groudon|100/100
|detailschange|p1a: Groudon|Groudon-Primal
|-primal|p1a: Groudon
|-weather|DesolateLand|[from] ability: Desolate Land|[of] p1a: Groudon
|move|p2a: Pretty gem|Will-O-Wisp|p1a: Groudon
|-immune|p1a: Groudon
|
|-weather|DesolateLand|[upkeep]
|upkeep
|turn|3
|
|t:|1660991582
|switch|p2a: Fearless priest|Arceus-Ground|100/100
|move|p1a: Groudon|Rock Polish|p1a: Groudon
|-boost|p1a: Groudon|spe|2
|
|-weather|DesolateLand|[upkeep]
|upkeep
|turn|4
|
|t:|1660991591
|move|p1a: Groudon|Precipice Blades|p2a: Fearless priest
|-damage|p2a: Fearless priest|55/100
|move|p2a: Fearless priest|Judgment|p1a: Groudon
|-supereffective|p1a: Groudon
|-damage|p1a: Groudon|17/100
|
|-weather|DesolateLand|[upkeep]
|upkeep
|turn|5
|
|t:|1660991606
|move|p1a: Groudon|Swords Dance|p1a: Groudon
|-boost|p1a: Groudon|atk|2
|move|p2a: Fearless priest|Recover|p2a: Fearless priest
|-heal|p2a: Fearless priest|100/100
|
|-weather|DesolateLand|[upkeep]
|upkeep
|turn|6
|
|t:|1660991608
|switch|p2a: White phoenix|Lugia|100/100
|move|p1a: Groudon|Precipice Blades|p2a: White phoenix
|-immune|p2a: White phoenix
|
|-weather|DesolateLand|[upkeep]
|upkeep
|turn|7
|
|t:|1660991615
|move|p1a: Groudon|Stone Edge|p2a: White phoenix
|-supereffective|p2a: White phoenix
|-damage|p2a: White phoenix|57/100
|move|p2a: White phoenix|Ice Beam|p1a: Groudon
|-damage|p1a: Groudon|0 fnt
|faint|p1a: Groudon
|-weather|none
|
|-heal|p2a: White phoenix|63/100|[from] item: Leftovers
|upkeep
|
|t:|1660991637
|switch|p1a: Rayquaza|Rayquaza|100/100
|-ability|p1a: Rayquaza|Air Lock
|turn|8
|
|t:|1660991650
|detailschange|p1a: Rayquaza|Rayquaza-Mega
|-mega|p1a: Rayquaza|Rayquaza|
|-weather|DeltaStream|[from] ability: Delta Stream|[of] p1a: Rayquaza
|move|p1a: Rayquaza|Dragon Ascent|p2a: White phoenix
|-crit|p2a: White phoenix
|-damage|p2a: White phoenix|0 fnt
|-unboost|p1a: Rayquaza|def|1
|-unboost|p1a: Rayquaza|spd|1
|faint|p2a: White phoenix
|-damage|p1a: Rayquaza|91/100|[from] item: Life Orb
|
|-weather|DeltaStream|[upkeep]
|-sideend|p1: cosmowarriorzero|Reflect
|upkeep
|
|t:|1660991658
|switch|p2a: Raven of death|Yveltal, shiny|100/100
|-ability|p2a: Raven of death|Dark Aura
|turn|9
|
|t:|1660991666
|-weather|none
|switch|p1a: Grimmsnarl|Grimmsnarl, M|100/100
|move|p2a: Raven of death|Foul Play|p1a: Grimmsnarl
|-resisted|p1a: Grimmsnarl
|-damage|p1a: Grimmsnarl|92/100
|
|upkeep
|turn|10
|
|t:|1660991682
|switch|p2a: Fearless priest|Arceus-Ground|100/100
|move|p1a: Grimmsnarl|Reflect|p1a: Grimmsnarl
|-sidestart|p1: cosmowarriorzero|Reflect
|
|upkeep
|turn|11
|
|t:|1660991689
|move|p1a: Grimmsnarl|Taunt|p2a: Fearless priest
|-start|p2a: Fearless priest|move: Taunt
|move|p2a: Fearless priest|Judgment|p1a: Grimmsnarl
|-damage|p1a: Grimmsnarl|46/100
|
|upkeep
|turn|12
|
|t:|1660991706
|switch|p2a: Tough pink lady|Chansey, F|100/100
|move|p1a: Grimmsnarl|Light Screen|p1a: Grimmsnarl
|-sidestart|p1: cosmowarriorzero|move: Light Screen
|
|upkeep
|turn|13
|
|t:|1660991714
|move|p1a: Grimmsnarl|Taunt|p2a: Tough pink lady
|-start|p2a: Tough pink lady|move: Taunt
|move|p2a: Tough pink lady|Seismic Toss|p1a: Grimmsnarl
|-damage|p1a: Grimmsnarl|21/100
|
|upkeep
|turn|14
|
|t:|1660991743
|switch|p1a: Rayquaza|Rayquaza-Mega|91/100
|-weather|DeltaStream|[from] ability: Delta Stream|[of] p1a: Rayquaza
|move|p2a: Tough pink lady|Seismic Toss|p1a: Rayquaza
|-damage|p1a: Rayquaza|64/100
|
|-weather|DeltaStream|[upkeep]
|upkeep
|turn|15
|
|t:|1660991747
|switch|p2a: Fearless priest|Arceus-Ground|100/100
|move|p1a: Rayquaza|Dragon Dance|p1a: Rayquaza
|-boost|p1a: Rayquaza|atk|1
|-boost|p1a: Rayquaza|spe|1
|
|-weather|DeltaStream|[upkeep]
|upkeep
|turn|16
|
|t:|1660991753
|move|p1a: Rayquaza|Dragon Ascent|p2a: Fearless priest
|-damage|p2a: Fearless priest|12/100
|-unboost|p1a: Rayquaza|def|1
|-unboost|p1a: Rayquaza|spd|1
|-damage|p1a: Rayquaza|54/100|[from] item: Life Orb
|move|p2a: Fearless priest|Will-O-Wisp|p1a: Rayquaza
|-status|p1a: Rayquaza|brn
|
|-weather|DeltaStream|[upkeep]
|-damage|p1a: Rayquaza|48/100 brn|[from] brn
|upkeep
|turn|17
|
|t:|1660991779
|move|p1a: Rayquaza|Dragon Ascent|p2a: Fearless priest
|-damage|p2a: Fearless priest|0 fnt
|-unboost|p1a: Rayquaza|def|1
|-unboost|p1a: Rayquaza|spd|1
|faint|p2a: Fearless priest
|-damage|p1a: Rayquaza|38/100 brn|[from] item: Life Orb
|
|-weather|DeltaStream|[upkeep]
|-damage|p1a: Rayquaza|32/100 brn|[from] brn
|-sideend|p1: cosmowarriorzero|Reflect
|upkeep
|
|t:|1660991784
|switch|p2a: Pretty gem|Sableye-Mega, F|100/100
|turn|18
|
|t:|1660991802
|move|p1a: Rayquaza|Dragon Ascent|p2a: Pretty gem
|-damage|p2a: Pretty gem|40/100
|-unboost|p1a: Rayquaza|def|1
|-unboost|p1a: Rayquaza|spd|1
|-damage|p1a: Rayquaza|22/100 brn|[from] item: Life Orb
|move|p2a: Pretty gem|Foul Play|p1a: Rayquaza
|-damage|p1a: Rayquaza|0 fnt
|faint|p1a: Rayquaza
|-weather|none
|
|upkeep
|
|t:|1660991808
|switch|p1a: Necrozma|Necrozma-Dusk-Mane|100/100
|turn|19
|
|t:|1660991821
|move|p1a: Necrozma|Sunsteel Strike|p2a: Pretty gem
|-damage|p2a: Pretty gem|0 fnt
|faint|p2a: Pretty gem
|
|-sideend|p1: cosmowarriorzero|move: Light Screen
|upkeep
|
|t:|1660991828
|switch|p2a: Eternal storm|Kyogre|100/100
|-weather|RainDance|[from] ability: Drizzle|[of] p2a: Eternal storm
|turn|20
|inactive|cosmowarriorzero has 120 seconds left.
|
|t:|1660991863
|switch|p1a: Deoxys|Deoxys-Speed|71/100
|-ability|p1a: Deoxys|Pressure
|move|p2a: Eternal storm|Calm Mind|p2a: Eternal storm
|-boost|p2a: Eternal storm|spa|1
|-boost|p2a: Eternal storm|spd|1
|
|-weather|RainDance|[upkeep]
|upkeep
|turn|21
|inactive|cosmowarriorzero has 120 seconds left.
|
|t:|1660991876
|move|p1a: Deoxys|Light Screen|p1a: Deoxys
|-sidestart|p1: cosmowarriorzero|move: Light Screen
|move|p2a: Eternal storm|Calm Mind|p2a: Eternal storm
|-boost|p2a: Eternal storm|spa|1
|-boost|p2a: Eternal storm|spd|1
|
|-weather|RainDance|[upkeep]
|upkeep
|turn|22
|inactive|cosmowarriorzero has 120 seconds left.
|
|t:|1660991887
|move|p1a: Deoxys|Taunt|p2a: Eternal storm
|-start|p2a: Eternal storm|move: Taunt
|move|p2a: Eternal storm|Scald|p1a: Deoxys
|-damage|p1a: Deoxys|0 fnt
|faint|p1a: Deoxys
|
|-weather|RainDance|[upkeep]
|upkeep
|inactive|cosmowarriorzero has 120 seconds left.
|
|t:|1660991907
|switch|p1a: Necrozma|Necrozma-Dusk-Mane|100/100
|turn|23
|inactive|Buck is stallish has 120 seconds left.
|
|t:|1660991943
|detailschange|p1a: Necrozma|Necrozma-Ultra
|-burst|p1a: Necrozma|Necrozma|Ultranecrozium Z
|-start|p2a: Eternal storm|Dynamax|
|-heal|p2a: Eternal storm|100/100|[silent]
|move|p1a: Necrozma|Dragon Dance|p1a: Necrozma
|-boost|p1a: Necrozma|atk|1
|-boost|p1a: Necrozma|spe|1
|move|p2a: Eternal storm|Max Geyser|p1a: Necrozma
|-resisted|p1a: Necrozma
|-damage|p1a: Necrozma|59/100
|
|-weather|RainDance|[upkeep]
|upkeep
|turn|24
|
|t:|1660991947
|-zpower|p1a: Necrozma
|move|p1a: Necrozma|Light That Burns the Sky|p2a: Eternal storm|[zeffect]
|-damage|p2a: Eternal storm|38/100
|move|p2a: Eternal storm|Max Hailstorm|p1a: Necrozma
|-supereffective|p1a: Necrozma
|-damage|p1a: Necrozma|0 fnt
|-weather|Hail
|faint|p1a: Necrozma
|
|-weather|Hail|[upkeep]
|-damage|p2a: Eternal storm|35/100|[from] Hail
|-heal|p2a: Eternal storm|38/100|[from] item: Leftovers
|-end|p2a: Eternal storm|move: Taunt
|upkeep
|inactive|cosmowarriorzero has 120 seconds left.
|
|t:|1660991972
|switch|p1a: Arceus|Arceus|100/100
|turn|25
|
|t:|1660991982
|-start|p1a: Arceus|Dynamax|
|-heal|p1a: Arceus|100/100|[silent]
|move|p1a: Arceus|Max Strike|p2a: Eternal storm
|-damage|p2a: Eternal storm|11/100
|-unboost|p2a: Eternal storm|spe|1
|-damage|p1a: Arceus|96/100|[from] item: Life Orb
|move|p2a: Eternal storm|Max Geyser|p1a: Arceus
|-damage|p1a: Arceus|76/100
|-weather|RainDance
|
|-weather|RainDance|[upkeep]
|-heal|p2a: Eternal storm|14/100|[from] item: Leftovers
|upkeep
|-end|p2a: Eternal storm|Dynamax
|-heal|p2a: Eternal storm|14/100|[silent]
|turn|26
|
|t:|1660991994
|switch|p2a: Tough pink lady|Chansey, F|100/100
|move|p1a: Arceus|Max Quake|p2a: Tough pink lady
|-damage|p2a: Tough pink lady|56/100
|-boost|p1a: Arceus|spd|1
|-damage|p1a: Arceus|71/100|[from] item: Life Orb
|
|-weather|RainDance|[upkeep]
|upkeep
|turn|27
|
|t:|1660992002
|move|p1a: Arceus|Max Strike|p2a: Tough pink lady
|-damage|p2a: Tough pink lady|0 fnt
|faint|p2a: Tough pink lady
|-damage|p1a: Arceus|66/100|[from] item: Life Orb
|
|-weather|RainDance|[upkeep]
|upkeep
|
|t:|1660992004
|switch|p2a: Raven of death|Yveltal, shiny|100/100
|-ability|p2a: Raven of death|Dark Aura
|-end|p1a: Arceus|Dynamax
|-heal|p1a: Arceus|66/100|[silent]
|turn|28
|inactive|cosmowarriorzero has 120 seconds left.
|
|t:|1660992019
|switch|p1a: Grimmsnarl|Grimmsnarl, M|21/100
|move|p2a: Raven of death|Foul Play|p1a: Grimmsnarl
|-resisted|p1a: Grimmsnarl
|-damage|p1a: Grimmsnarl|11/100
|
|-weather|RainDance|[upkeep]
|-sideend|p1: cosmowarriorzero|move: Light Screen
|upkeep
|turn|29
|
|t:|1660992026
|move|p1a: Grimmsnarl|Reflect|p1a: Grimmsnarl
|-sidestart|p1: cosmowarriorzero|Reflect
|move|p2a: Raven of death|Foul Play|p1a: Grimmsnarl
|-resisted|p1a: Grimmsnarl
|-damage|p1a: Grimmsnarl|7/100
|
|-weather|none
|upkeep
|turn|30
|
|t:|1660992041
|switch|p2a: Eternal storm|Kyogre|14/100
|-weather|RainDance|[from] ability: Drizzle|[of] p2a: Eternal storm
|move|p1a: Grimmsnarl|Light Screen|p1a: Grimmsnarl
|-sidestart|p1: cosmowarriorzero|move: Light Screen
|
|-weather|RainDance|[upkeep]
|-heal|p2a: Eternal storm|21/100|[from] item: Leftovers
|upkeep
|turn|31
|
|t:|1660992061
|move|p1a: Grimmsnarl|Thunder Wave|p2a: Eternal storm|[miss]
|-miss|p1a: Grimmsnarl|p2a: Eternal storm
|move|p2a: Eternal storm|Scald|p1a: Grimmsnarl
|-damage|p1a: Grimmsnarl|0 fnt
|faint|p1a: Grimmsnarl
|
|-weather|RainDance|[upkeep]
|-heal|p2a: Eternal storm|27/100|[from] item: Leftovers
|upkeep
|
|t:|1660992065
|switch|p1a: Arceus|Arceus|66/100
|turn|32
|
|t:|1660992075
|move|p1a: Arceus|Extreme Speed|p2a: Eternal storm
|-damage|p2a: Eternal storm|0 fnt
|faint|p2a: Eternal storm
|-damage|p1a: Arceus|56/100|[from] item: Life Orb
|
|-weather|RainDance|[upkeep]
|upkeep
|
|t:|1660992077
|switch|p2a: Raven of death|Yveltal, shiny|100/100
|-ability|p2a: Raven of death|Dark Aura
|turn|33
|
|t:|1660992085
|move|p2a: Raven of death|Foul Play|p1a: Arceus
|-damage|p1a: Arceus|33/100
|move|p1a: Arceus|Swords Dance|p1a: Arceus
|-boost|p1a: Arceus|atk|2
|
|-weather|RainDance|[upkeep]
|upkeep
|turn|34
|
|t:|1660992107
|move|p1a: Arceus|Extreme Speed|p2a: Raven of death
|-damage|p2a: Raven of death|11/100
|-damage|p1a: Arceus|23/100|[from] item: Life Orb
|move|p2a: Raven of death|Foul Play|p1a: Arceus
|-damage|p1a: Arceus|0 fnt
|faint|p1a: Arceus
|
|win|Buck is stallish
|raw|cosmowarriorzero's rating: 1829 &rarr; <strong>1813</strong><br />(-16 for losing)
|raw|Buck is stallish's rating: 1908 &rarr; <strong>1924</strong><br />(+16 for winning)
