|j|☆Adil
|j|☆Reincarnation of …
|t:|1666123681
|gametype|singles
|player|p1|Adil|265|1989
|player|p2|Reincarnation of …|blue-gen3two|2093
|teamsize|p1|6
|teamsize|p2|6
|gen|8
|tier|[Gen 8] National Dex AG
|rated|
|rule|HP Percentage Mod: HP is shown in percentages
|rule|Endless Battle Clause: Forcing endless battles is banned
|clearpoke
|poke|p1|Zacian-*|
|poke|p1|Rayquaza|
|poke|p1|Tyranitar, F|
|poke|p1|Necrozma-Dusk-Mane|
|poke|p1|Zygarde|
|poke|p1|Calyrex-Shadow|
|poke|p2|Rayquaza|
|poke|p2|Groudon|
|poke|p2|Kyogre|
|poke|p2|Arceus-*|
|poke|p2|Ditto|
|poke|p2|Arceus-*|
|teampreview
|inactive|Battle timer is ON: inactive players will automatically lose when time's up. (requested by Reincarnation of …)
|
|t:|1666123705
|start
|switch|p1a: Necrozma|Necrozma-Dusk-Mane|100/100
|switch|p2a: Groudon|Groudon|100/100
|detailschange|p2a: Groudon|Groudon-Primal
|-primal|p2a: Groudon
|-weather|DesolateLand|[from] ability: Desolate Land|[of] p2a: Groudon
|turn|1
|
|t:|1666123712
|switch|p1a: Zygarde|Zygarde|100/100
|move|p2a: Groudon|Swords Dance|p2a: Groudon
|-boost|p2a: Groudon|atk|2
|
|-weather|DesolateLand|[upkeep]
|upkeep
|turn|2
|
|t:|1666123715
|move|p2a: Groudon|Earthquake|p1a: Zygarde
|-damage|p1a: Zygarde|32/100
|move|p1a: Zygarde|Glare|p2a: Groudon
|-status|p2a: Groudon|par
|
|-weather|DesolateLand|[upkeep]
|-heal|p1a: Zygarde|38/100|[from] item: Leftovers
|-activate|p1a: Zygarde|ability: Power Construct
|detailschange|p1a: Zygarde|Zygarde-Complete
|-heal|p1a: Zygarde|59/100|[silent]
|upkeep
|turn|3
|
|t:|1666123727
|move|p1a: Zygarde|Substitute|p1a: Zygarde
|-start|p1a: Zygarde|Substitute
|-damage|p1a: Zygarde|34/100
|move|p2a: Groudon|Earthquake|p1a: Zygarde
|-end|p1a: Zygarde|Substitute
|
|-weather|DesolateLand|[upkeep]
|-heal|p1a: Zygarde|41/100|[from] item: Leftovers
|upkeep
|turn|4
|
|t:|1666123733
|move|p1a: Zygarde|Substitute|p1a: Zygarde
|-start|p1a: Zygarde|Substitute
|-damage|p1a: Zygarde|16/100
|move|p2a: Groudon|Earthquake|p1a: Zygarde
|-end|p1a: Zygarde|Substitute
|
|-weather|DesolateLand|[upkeep]
|-heal|p1a: Zygarde|22/100|[from] item: Leftovers
|upkeep
|turn|5
|
|t:|1666123751
|switch|p1a: Rayquaza|Rayquaza|100/100
|-ability|p1a: Rayquaza|Air Lock
|cant|p2a: Groudon|par
|
|-weather|DesolateLand|[upkeep]
|upkeep
|turn|6
|
|t:|1666123759
|detailschange|p1a: Rayquaza|Rayquaza-Mega
|-mega|p1a: Rayquaza|Rayquaza|
|-weather|DeltaStream|[from] ability: Delta Stream|[of] p1a: Rayquaza
|move|p1a: Rayquaza|Draco Meteor|p2a: Groudon
|-damage|p2a: Groudon|22/100 par
|-unboost|p1a: Rayquaza|spa|2
|cant|p2a: Groudon|par
|
|-weather|DeltaStream|[upkeep]
|upkeep
|turn|7
|
|t:|1666123767
|move|p1a: Rayquaza|Dragon Ascent|p2a: Groudon
|-damage|p2a: Groudon|0 fnt
|-unboost|p1a: Rayquaza|def|1
|-unboost|p1a: Rayquaza|spd|1
|faint|p2a: Groudon
|
|-weather|DeltaStream|[upkeep]
|upkeep
|
|t:|1666123771
|switch|p2a: Arceus|Arceus-Fairy|100/100
|turn|8
|
|t:|1666123774
|-weather|none
|switch|p1a: Necrozma|Necrozma-Dusk-Mane|100/100
|move|p2a: Arceus|Stealth Rock|p1a: Necrozma
|-sidestart|p1: Adil|move: Stealth Rock
|
|upkeep
|turn|9
|
|t:|1666123779
|switch|p2a: Kyogre|Kyogre|100/100
|detailschange|p2a: Kyogre|Kyogre-Primal
|-primal|p2a: Kyogre
|-weather|PrimordialSea|[from] ability: Primordial Sea|[of] p2a: Kyogre
|move|p1a: Necrozma|Stealth Rock|p2a: Kyogre
|-sidestart|p2: Reincarnation of …|move: Stealth Rock
|
|-weather|PrimordialSea|[upkeep]
|upkeep
|turn|10
|
|t:|1666123807
|switch|p1a: Zygarde|Zygarde-Complete|22/100
|-damage|p1a: Zygarde|16/100|[from] Stealth Rock
|move|p2a: Kyogre|Calm Mind|p2a: Kyogre
|-boost|p2a: Kyogre|spa|1
|-boost|p2a: Kyogre|spd|1
|
|-weather|PrimordialSea|[upkeep]
|-heal|p1a: Zygarde|22/100|[from] item: Leftovers
|upkeep
|turn|11
|
|t:|1666123818
|move|p1a: Zygarde|Thousand Arrows|p2a: Kyogre
|-damage|p2a: Kyogre|81/100
|move|p2a: Kyogre|Surf|p1a: Zygarde
|-damage|p1a: Zygarde|0 fnt
|faint|p1a: Zygarde
|
|-weather|PrimordialSea|[upkeep]
|upkeep
|
|t:|1666123832
|switch|p1a: Rayquaza|Rayquaza-Mega|100/100
|-damage|p1a: Rayquaza|76/100|[from] Stealth Rock
|-weather|DeltaStream|[from] ability: Delta Stream|[of] p1a: Rayquaza
|turn|12
|inactive|Reincarnation of … has 120 seconds left.
|
|t:|1666123867
|move|p1a: Rayquaza|Dragon Ascent|p2a: Kyogre
|-damage|p2a: Kyogre|28/100
|-unboost|p1a: Rayquaza|def|1
|-unboost|p1a: Rayquaza|spd|1
|move|p2a: Kyogre|Rest|p2a: Kyogre
|-status|p2a: Kyogre|slp|[from] move: Rest
|-heal|p2a: Kyogre|100/100 slp|[silent]
|
|-weather|DeltaStream|[upkeep]
|upkeep
|turn|13
|
|t:|1666123871
|move|p1a: Rayquaza|Dragon Ascent|p2a: Kyogre
|-damage|p2a: Kyogre|38/100 slp
|-unboost|p1a: Rayquaza|def|1
|-unboost|p1a: Rayquaza|spd|1
|cant|p2a: Kyogre|slp
|move|p2a: Kyogre|Sleep Talk|p2a: Kyogre
|move|p2a: Kyogre|Surf|p1a: Rayquaza|[from]move: Sleep Talk
|-resisted|p1a: Rayquaza
|-damage|p1a: Rayquaza|0 fnt
|faint|p1a: Rayquaza
|-weather|none
|
|upkeep
|
|t:|1666123879
|switch|p1a: Zacian|Zacian-Crowned|100/100
|-damage|p1a: Zacian|94/100|[from] Stealth Rock
|-ability|p1a: Zacian|Intrepid Sword|boost
|-boost|p1a: Zacian|atk|1
|turn|14
|
|t:|1666123886
|move|p1a: Zacian|Wild Charge|p2a: Kyogre
|-supereffective|p2a: Kyogre
|-damage|p2a: Kyogre|0 fnt
|faint|p2a: Kyogre
|-damage|p1a: Zacian|83/100|[from] Recoil
|
|upkeep
|
|t:|1666123892
|switch|p2a: Ditto|Ditto, shiny|100/100
|-damage|p2a: Ditto|88/100|[from] Stealth Rock
|-transform|p2a: Ditto|p1a: Zacian|[from] ability: Imposter
|-ability|p2a: Ditto|Intrepid Sword|boost
|-boost|p2a: Ditto|atk|1
|turn|15
|
|t:|1666123898
|switch|p2a: Rayquaza|Rayquaza|100/100
|-damage|p2a: Rayquaza|76/100|[from] Stealth Rock
|-ability|p2a: Rayquaza|Air Lock
|switch|p1a: Necrozma|Necrozma-Dusk-Mane|100/100
|-damage|p1a: Necrozma|94/100|[from] Stealth Rock
|
|upkeep
|turn|16
|
|t:|1666123909
|detailschange|p2a: Rayquaza|Rayquaza-Mega
|-mega|p2a: Rayquaza|Rayquaza|
|-weather|DeltaStream|[from] ability: Delta Stream|[of] p2a: Rayquaza
|-start|p1a: Necrozma|Dynamax|
|-heal|p1a: Necrozma|94/100|[silent]
|move|p2a: Rayquaza|Earthquake|p1a: Necrozma
|-supereffective|p1a: Necrozma
|-damage|p1a: Necrozma|72/100
|-damage|p2a: Rayquaza|66/100|[from] item: Life Orb
|move|p1a: Necrozma|Max Steelspike|p2a: Rayquaza
|-damage|p2a: Rayquaza|0 fnt
|-boost|p1a: Necrozma|def|1
|faint|p2a: Rayquaza
|-weather|none
|
|upkeep
|
|t:|1666123918
|switch|p2a: Arceus|Arceus|100/100
|-damage|p2a: Arceus|88/100|[from] Stealth Rock
|turn|17
|
|t:|1666123922
|move|p2a: Arceus|Swords Dance|p2a: Arceus
|-boost|p2a: Arceus|atk|2
|move|p1a: Necrozma|Max Steelspike|p2a: Arceus
|-damage|p2a: Arceus|44/100
|-boost|p1a: Necrozma|def|1
|
|upkeep
|turn|18
|
|t:|1666123925
|move|p2a: Arceus|Recover|p2a: Arceus
|-heal|p2a: Arceus|94/100
|move|p1a: Necrozma|Max Steelspike|p2a: Arceus
|-damage|p2a: Arceus|47/100
|-boost|p1a: Necrozma|def|1
|
|upkeep
|-end|p1a: Necrozma|Dynamax
|-heal|p1a: Necrozma|72/100|[silent]
|turn|19
|
|t:|1666123938
|switch|p1a: Zacian|Zacian-Crowned|83/100
|-damage|p1a: Zacian|76/100|[from] Stealth Rock
|-ability|p1a: Zacian|Intrepid Sword|boost
|-boost|p1a: Zacian|atk|1
|-start|p2a: Arceus|Dynamax|
|-heal|p2a: Arceus|47/100|[silent]
|move|p2a: Arceus|Max Phantasm|p1a: Zacian
|-damage|p1a: Zacian|0 fnt
|faint|p1a: Zacian
|
|upkeep
|
|t:|1666123947
|switch|p1a: Tyranitar|Tyranitar, F|100/100
|-damage|p1a: Tyranitar|88/100|[from] Stealth Rock
|-weather|Sandstorm|[from] ability: Sand Stream|[of] p1a: Tyranitar
|turn|20
|
|t:|1666123960
|move|p2a: Arceus|Max Phantasm|p1a: Tyranitar
|-resisted|p1a: Tyranitar
|-damage|p1a: Tyranitar|56/100
|-unboost|p1a: Tyranitar|def|1
|move|p1a: Tyranitar|Rock Blast|p2a: Arceus
|-damage|p2a: Arceus|43/100
|-damage|p2a: Arceus|40/100
|-hitcount|p2a: Arceus|2
|
|-weather|Sandstorm|[upkeep]
|-damage|p2a: Arceus|37/100|[from] Sandstorm
|-heal|p1a: Tyranitar|62/100|[from] item: Leftovers
|upkeep
|turn|21
|
|t:|1666123972
|move|p2a: Arceus|Max Phantasm|p1a: Tyranitar
|-resisted|p1a: Tyranitar
|-damage|p1a: Tyranitar|8/100
|-unboost|p1a: Tyranitar|def|1
|move|p1a: Tyranitar|Rock Blast|p2a: Arceus
|-damage|p2a: Arceus|33/100
|-damage|p2a: Arceus|29/100
|-damage|p2a: Arceus|25/100
|-hitcount|p2a: Arceus|3
|
|-weather|Sandstorm|[upkeep]
|-damage|p2a: Arceus|22/100|[from] Sandstorm
|-heal|p1a: Tyranitar|14/100|[from] item: Leftovers
|upkeep
|-end|p2a: Arceus|Dynamax
|-heal|p2a: Arceus|22/100|[silent]
|turn|22
|
|t:|1666123986
|move|p2a: Arceus|Recover|p2a: Arceus
|-heal|p2a: Arceus|72/100
|move|p1a: Tyranitar|Roar|p2a: Arceus
|drag|p2a: Arceus|Arceus-Fairy|100/100
|-damage|p2a: Arceus|88/100|[from] Stealth Rock
|
|-weather|Sandstorm|[upkeep]
|-damage|p2a: Arceus|82/100|[from] Sandstorm
|-heal|p1a: Tyranitar|20/100|[from] item: Leftovers
|upkeep
|turn|23
|
|t:|1666123999
|switch|p2a: Arceus|Arceus|72/100
|-damage|p2a: Arceus|60/100|[from] Stealth Rock
|switch|p1a: Necrozma|Necrozma-Dusk-Mane|72/100
|-damage|p1a: Necrozma|66/100|[from] Stealth Rock
|
|-weather|Sandstorm|[upkeep]
|-damage|p2a: Arceus|54/100|[from] Sandstorm
|upkeep
|turn|24
|
|t:|1666124009
|switch|p1a: Calyrex|Calyrex-Shadow|100/100
|-ability|p1a: Calyrex|As One
|-ability|p1a: Calyrex|Unnerve
|-damage|p1a: Calyrex|88/100|[from] Stealth Rock
|move|p2a: Arceus|Swords Dance|p2a: Arceus
|-boost|p2a: Arceus|atk|2
|
|-weather|none
|upkeep
|turn|25
|
|t:|1666124017
|move|p1a: Calyrex|Trick|p2a: Arceus
|-activate|p1a: Calyrex|move: Trick|[of] p2a: Arceus
|-item|p2a: Arceus|Choice Scarf|[from] move: Trick
|-item|p1a: Calyrex|Lum Berry|[from] move: Trick
|move|p2a: Arceus|Shadow Claw|p1a: Calyrex
|-supereffective|p1a: Calyrex
|-crit|p1a: Calyrex
|-damage|p1a: Calyrex|0 fnt
|faint|p1a: Calyrex
|
|upkeep
|
|t:|1666124019
|switch|p1a: Necrozma|Necrozma-Dusk-Mane|66/100
|-damage|p1a: Necrozma|60/100|[from] Stealth Rock
|turn|26
|
|t:|1666124022
|move|p2a: Arceus|Shadow Claw|p1a: Necrozma
|-supereffective|p1a: Necrozma
|-crit|p1a: Necrozma
|-damage|p1a: Necrozma|0 fnt
|-damage|p2a: Arceus|37/100|[from] item: Rocky Helmet|[of] p1a: Necrozma
|faint|p1a: Necrozma
|
|upkeep
|l|☆Adil
|inactive|Adil disconnected and has a minute to reconnect!
|player|p1|
|c|☆Reincarnation of …|RQ🤡
|inactive|Adil has 30 seconds to reconnect!
|inactive|Adil has 20 seconds to reconnect!
|inactive|Adil has 15 seconds to reconnect!
|inactive|Adil has 10 seconds to reconnect!
|inactive|Adil has 5 seconds to reconnect!
|-message|Adil lost due to inactivity.
|
|win|Reincarnation of …
|raw|Adil's rating: 1989 &rarr; <strong>1975</strong><br />(-14 for losing)
|raw|Reincarnation of …'s rating: 2093 &rarr; <strong>2107</strong><br />(+14 for winning)
