|j|☆BasakBooster
|j|☆1337RedGlitchFox
|t:|1664764504
|gametype|singles
|player|p1|BasakBooster|266|1739
|player|p2|1337RedGlitchFox|red|1672
|teamsize|p1|6
|teamsize|p2|6
|gen|8
|tier|[Gen 8] National Dex AG
|rated|
|rule|HP Percentage Mod: HP is shown in percentages
|rule|Endless Battle Clause: Forcing endless battles is banned
|clearpoke
|poke|p1|Groudon|
|poke|p1|Rayquaza|
|poke|p1|Zygarde|
|poke|p1|Calyrex-Shadow|
|poke|p1|Arceus-*|
|poke|p1|Arceus-*|
|poke|p2|Rayquaza|
|poke|p2|Arceus-*|
|poke|p2|Necrozma-Dusk-Mane|
|poke|p2|Mewtwo|
|poke|p2|Ho-Oh|
|poke|p2|Zygarde|
|teampreview
|inactive|Battle timer is ON: inactive players will automatically lose when time's up. (requested by 1337RedGlitchFox)
|
|t:|1664764507
|start
|switch|p1a: the gwoat|Rayquaza|100/100
|switch|p2a: Mewtwo|Mewtwo|100/100
|-ability|p2a: Mewtwo|Pressure
|-ability|p1a: the gwoat|Air Lock
|turn|1
|
|t:|1664764513
|detailschange|p1a: the gwoat|Rayquaza-Mega
|-mega|p1a: the gwoat|Rayquaza|
|-weather|DeltaStream|[from] ability: Delta Stream|[of] p1a: the gwoat
|move|p2a: Mewtwo|Will-O-Wisp|p1a: the gwoat
|-status|p1a: the gwoat|brn
|move|p1a: the gwoat|Scale Shot|p2a: Mewtwo
|-damage|p2a: Mewtwo|90/100
|-damage|p2a: Mewtwo|79/100
|-damage|p2a: Mewtwo|68/100
|-damage|p2a: Mewtwo|58/100
|-hitcount|p2a: Mewtwo|4
|-unboost|p1a: the gwoat|def|1
|-boost|p1a: the gwoat|spe|1
|-damage|p1a: the gwoat|91/100 brn|[from] item: Life Orb
|
|-weather|DeltaStream|[upkeep]
|-heal|p2a: Mewtwo|64/100|[from] item: Leftovers
|-damage|p1a: the gwoat|85/100 brn|[from] brn
|upkeep
|turn|2
|
|t:|1664764518
|move|p1a: the gwoat|Dragon Ascent|p2a: Mewtwo
|-damage|p2a: Mewtwo|11/100
|-unboost|p1a: the gwoat|def|1
|-unboost|p1a: the gwoat|spd|1
|-damage|p1a: the gwoat|75/100 brn|[from] item: Life Orb
|move|p2a: Mewtwo|Recover|p2a: Mewtwo
|-heal|p2a: Mewtwo|61/100
|
|-weather|DeltaStream|[upkeep]
|-heal|p2a: Mewtwo|67/100|[from] item: Leftovers
|-damage|p1a: the gwoat|69/100 brn|[from] brn
|upkeep
|turn|3
|
|t:|1664764522
|move|p1a: the gwoat|Dragon Ascent|p2a: Mewtwo
|-damage|p2a: Mewtwo|13/100
|-unboost|p1a: the gwoat|def|1
|-unboost|p1a: the gwoat|spd|1
|-damage|p1a: the gwoat|59/100 brn|[from] item: Life Orb
|move|p2a: Mewtwo|Ice Beam|p1a: the gwoat
|-activate||deltastream
|-supereffective|p1a: the gwoat
|-damage|p1a: the gwoat|0 fnt
|faint|p1a: the gwoat
|-weather|none
|
|-heal|p2a: Mewtwo|19/100|[from] item: Leftovers
|upkeep
|
|t:|1664764525
|switch|p1a: Calyrex|Calyrex-Shadow|100/100
|-ability|p1a: Calyrex|As One
|-ability|p1a: Calyrex|Unnerve
|turn|4
|
|t:|1664764528
|switch|p1a: Pyra|Groudon|100/100
|detailschange|p1a: Pyra|Groudon-Primal
|-primal|p1a: Pyra
|-weather|DesolateLand|[from] ability: Desolate Land|[of] p1a: Pyra
|switch|p2a: Arceus|Arceus|100/100
|
|-weather|DesolateLand|[upkeep]
|upkeep
|turn|5
|
|t:|1664764532
|move|p2a: Arceus|Swords Dance|p2a: Arceus
|-boost|p2a: Arceus|atk|2
|move|p1a: Pyra|Thunder Wave|p2a: Arceus
|-status|p2a: Arceus|par
|
|-weather|DesolateLand|[upkeep]
|upkeep
|turn|6
|
|t:|1664764534
|move|p1a: Pyra|Stealth Rock|p2a: Arceus
|-sidestart|p2: 1337RedGlitchFox|move: Stealth Rock
|cant|p2a: Arceus|par
|
|-weather|DesolateLand|[upkeep]
|upkeep
|turn|7
|
|t:|1664764536
|move|p1a: Pyra|Precipice Blades|p2a: Arceus
|-damage|p2a: Arceus|50/100 par
|move|p2a: Arceus|Earthquake|p1a: Pyra
|-supereffective|p1a: Pyra
|-damage|p1a: Pyra|35/100
|
|-weather|DesolateLand|[upkeep]
|upkeep
|turn|8
|
|t:|1664764540
|move|p2a: Arceus|Extreme Speed|p1a: Pyra
|-damage|p1a: Pyra|0 fnt
|faint|p1a: Pyra
|-weather|none
|
|upkeep
|
|t:|1664764542
|switch|p1a: Calyrex|Calyrex-Shadow|100/100
|-ability|p1a: Calyrex|As One
|-ability|p1a: Calyrex|Unnerve
|turn|9
|
|t:|1664764544
|move|p1a: Calyrex|Substitute|p1a: Calyrex
|-start|p1a: Calyrex|Substitute
|-damage|p1a: Calyrex|76/100
|cant|p2a: Arceus|par
|
|-heal|p1a: Calyrex|82/100|[from] item: Leftovers
|upkeep
|turn|10
|
|t:|1664764547
|move|p1a: Calyrex|Leech Seed|p2a: Arceus|[miss]
|-miss|p1a: Calyrex|p2a: Arceus
|cant|p2a: Arceus|par
|
|-heal|p1a: Calyrex|88/100|[from] item: Leftovers
|upkeep
|turn|11
|
|t:|1664764550
|move|p1a: Calyrex|Leech Seed|p2a: Arceus
|-start|p2a: Arceus|move: Leech Seed
|move|p2a: Arceus|Recover|p2a: Arceus
|-heal|p2a: Arceus|99/100 par
|
|-heal|p1a: Calyrex|94/100|[from] item: Leftovers
|-damage|p2a: Arceus|88/100 par|[from] Leech Seed|[of] p1a: Calyrex
|-heal|p1a: Calyrex|100/100|[silent]
|upkeep
|turn|12
|
|t:|1664764555
|switch|p1a: the goat|Zygarde, shiny|100/100
|switch|p2a: Ho-Oh|Ho-Oh|100/100
|
|upkeep
|turn|13
|
|t:|1664764558
|move|p1a: the goat|Substitute|p1a: the goat
|-start|p1a: the goat|Substitute
|-damage|p1a: the goat|75/100
|move|p2a: Ho-Oh|Defog|p1a: the goat
|-sideend|p2: 1337RedGlitchFox|Stealth Rock|[from] move: Defog|[of] p2a: Ho-Oh
|
|-heal|p1a: the goat|82/100|[from] item: Leftovers
|upkeep
|turn|14
|
|t:|1664764564
|switch|p2a: Mewtwo|Mewtwo|19/100
|-ability|p2a: Mewtwo|Pressure
|move|p1a: the goat|Glare|p2a: Mewtwo
|-status|p2a: Mewtwo|par
|
|-heal|p1a: the goat|88/100|[from] item: Leftovers
|-heal|p2a: Mewtwo|25/100 par|[from] item: Leftovers
|upkeep
|turn|15
|
|t:|1664764566
|move|p1a: the goat|Thousand Arrows|p2a: Mewtwo
|-damage|p2a: Mewtwo|0 fnt
|faint|p2a: Mewtwo
|
|-heal|p1a: the goat|94/100|[from] item: Leftovers
|upkeep
|
|t:|1664764571
|switch|p2a: Arceus|Arceus|88/100 par
|turn|16
|
|t:|1664764574
|cant|p2a: Arceus|par
|move|p1a: the goat|Coil|p1a: the goat
|-boost|p1a: the goat|atk|1
|-boost|p1a: the goat|def|1
|-boost|p1a: the goat|accuracy|1
|
|-heal|p1a: the goat|99/100|[from] item: Leftovers
|upkeep
|turn|17
|
|t:|1664764579
|cant|p2a: Arceus|par
|move|p1a: the goat|Coil|p1a: the goat
|-boost|p1a: the goat|atk|1
|-boost|p1a: the goat|def|1
|-boost|p1a: the goat|accuracy|1
|
|-heal|p1a: the goat|100/100|[from] item: Leftovers
|upkeep
|turn|18
|
|t:|1664764582
|switch|p2a: Zygarde|Zygarde|100/100
|move|p1a: the goat|Coil|p1a: the goat
|-boost|p1a: the goat|atk|1
|-boost|p1a: the goat|def|1
|-boost|p1a: the goat|accuracy|1
|
|upkeep
|turn|19
|
|t:|1664764586
|move|p1a: the goat|Glare|p2a: Zygarde
|-status|p2a: Zygarde|par
|move|p2a: Zygarde|Haze|p2a: Zygarde
|-clearallboost
|
|upkeep
|turn|20
|
|t:|1664764592
|switch|p1a: Arceus|Arceus-Fairy|100/100
|cant|p2a: Zygarde|par
|
|upkeep
|turn|21
|
|t:|1664764597
|switch|p2a: Ho-Oh|Ho-Oh|100/100
|move|p1a: Arceus|Thunder Wave|p2a: Ho-Oh
|-status|p2a: Ho-Oh|par
|
|upkeep
|turn|22
|
|t:|1664764600
|move|p1a: Arceus|Perish Song|p1a: Arceus
|-start|p1a: Arceus|perish3|[silent]
|-start|p2a: Ho-Oh|perish3|[silent]
|-fieldactivate|move: Perish Song
|move|p2a: Ho-Oh|Sacred Fire|p1a: Arceus
|-damage|p1a: Arceus|67/100
|-status|p1a: Arceus|brn
|
|-damage|p1a: Arceus|61/100 brn|[from] brn
|-start|p1a: Arceus|perish3
|-start|p2a: Ho-Oh|perish3
|upkeep
|turn|23
|
|t:|1664764607
|switch|p2a: Zygarde|Zygarde|100/100 par
|move|p1a: Arceus|Recover|p1a: Arceus
|-heal|p1a: Arceus|100/100 brn
|
|-damage|p1a: Arceus|94/100 brn|[from] brn
|-start|p1a: Arceus|perish2
|upkeep
|turn|24
|
|t:|1664764611
|move|p1a: Arceus|Judgment|p2a: Zygarde
|-supereffective|p2a: Zygarde
|-damage|p2a: Zygarde|29/100 par
|cant|p2a: Zygarde|par
|
|-heal|p2a: Zygarde|35/100 par|[from] item: Leftovers
|-damage|p1a: Arceus|88/100 brn|[from] brn
|-start|p1a: Arceus|perish1
|-activate|p2a: Zygarde|ability: Power Construct
|detailschange|p2a: Zygarde|Zygarde-Complete
|-heal|p2a: Zygarde|57/100 par|[silent]
|upkeep
|turn|25
|
|t:|1664764620
|switch|p1a: Arceus|Arceus|100/100
|move|p2a: Zygarde|Glare|p1a: Arceus
|-status|p1a: Arceus|par
|-enditem|p1a: Arceus|Lum Berry|[eat]
|-curestatus|p1a: Arceus|par|[msg]
|
|-heal|p2a: Zygarde|63/100 par|[from] item: Leftovers
|upkeep
|turn|26
|
|t:|1664764623
|move|p1a: Arceus|Swords Dance|p1a: Arceus
|-boost|p1a: Arceus|atk|2
|cant|p2a: Zygarde|par
|
|-heal|p2a: Zygarde|69/100 par|[from] item: Leftovers
|upkeep
|turn|27
|
|t:|1664764628
|-start|p1a: Arceus|Dynamax|
|-heal|p1a: Arceus|100/100|[silent]
|move|p1a: Arceus|Max Strike|p2a: Zygarde
|-crit|p2a: Zygarde
|-damage|p2a: Zygarde|0 fnt
|faint|p2a: Zygarde
|
|upkeep
|
|t:|1664764636
|switch|p2a: Ho-Oh|Ho-Oh|100/100 par
|turn|28
|
|t:|1664764640
|move|p1a: Arceus|Max Strike|p2a: Ho-Oh
|-crit|p2a: Ho-Oh
|-damage|p2a: Ho-Oh|0 fnt
|faint|p2a: Ho-Oh
|
|upkeep
|
|t:|1664764644
|switch|p2a: Arceus|Arceus|88/100 par
|turn|29
|c|☆BasakBooster|holy shit
|c|☆BasakBooster|im sorry for the hax
|
|t:|1664764651
|cant|p2a: Arceus|par
|move|p1a: Arceus|Max Strike|p2a: Arceus
|-crit|p2a: Arceus
|-damage|p2a: Arceus|0 fnt
|faint|p2a: Arceus
|
|upkeep
|
|t:|1664764653
|switch|p2a: Necrozma|Necrozma-Dusk-Mane|100/100
|-end|p1a: Arceus|Dynamax
|-heal|p1a: Arceus|100/100|[silent]
|turn|30
|c|☆BasakBooster|wtf
|
|t:|1664764661
|move|p1a: Arceus|Swords Dance|p1a: Arceus
|-boost|p1a: Arceus|atk|2
|move|p2a: Necrozma|Dragon Dance|p2a: Necrozma
|-boost|p2a: Necrozma|atk|1
|-boost|p2a: Necrozma|spe|1
|
|upkeep
|turn|31
|
|t:|1664764667
|-start|p2a: Necrozma|Dynamax|
|-heal|p2a: Necrozma|100/100|[silent]
|move|p2a: Necrozma|Max Steelspike|p1a: Arceus
|-damage|p1a: Arceus|11/100
|-boost|p2a: Necrozma|def|1
|move|p1a: Arceus|Shadow Claw|p2a: Necrozma
|-supereffective|p2a: Necrozma
|-damage|p2a: Necrozma|68/100
|
|-heal|p2a: Necrozma|71/100|[from] item: Leftovers
|upkeep
|turn|32
|
|t:|1664764675
|move|p2a: Necrozma|Max Steelspike|p1a: Arceus
|-damage|p1a: Arceus|0 fnt
|-boost|p2a: Necrozma|def|1
|faint|p1a: Arceus
|
|-heal|p2a: Necrozma|74/100|[from] item: Leftovers
|upkeep
|
|t:|1664764678
|switch|p1a: the goat|Zygarde, shiny|100/100
|turn|33
|
|t:|1664764683
|move|p2a: Necrozma|Max Steelspike|p1a: the goat
|-damage|p1a: the goat|30/100
|-boost|p2a: Necrozma|def|1
|move|p1a: the goat|Glare|p2a: Necrozma
|-status|p2a: Necrozma|par
|
|-heal|p1a: the goat|36/100|[from] item: Leftovers
|-heal|p2a: Necrozma|77/100 par|[from] item: Leftovers
|-activate|p1a: the goat|ability: Power Construct
|detailschange|p1a: the goat|Zygarde-Complete, shiny
|-heal|p1a: the goat|58/100|[silent]
|upkeep
|-end|p2a: Necrozma|Dynamax
|-heal|p2a: Necrozma|77/100 par|[silent]
|turn|34
|
|t:|1664764689
|move|p1a: the goat|Substitute|p1a: the goat
|-start|p1a: the goat|Substitute
|-damage|p1a: the goat|33/100
|move|p2a: Necrozma|Dragon Dance|p2a: Necrozma
|-boost|p2a: Necrozma|atk|1
|-boost|p2a: Necrozma|spe|1
|
|-heal|p2a: Necrozma|83/100 par|[from] item: Leftovers
|-heal|p1a: the goat|39/100|[from] item: Leftovers
|upkeep
|turn|35
|
|t:|1664764695
|cant|p2a: Necrozma|par
|move|p1a: the goat|Coil|p1a: the goat
|-boost|p1a: the goat|atk|1
|-boost|p1a: the goat|def|1
|-boost|p1a: the goat|accuracy|1
|
|-heal|p2a: Necrozma|89/100 par|[from] item: Leftovers
|-heal|p1a: the goat|45/100|[from] item: Leftovers
|upkeep
|turn|36
|
|t:|1664764697
|cant|p2a: Necrozma|par
|move|p1a: the goat|Coil|p1a: the goat
|-boost|p1a: the goat|atk|1
|-boost|p1a: the goat|def|1
|-boost|p1a: the goat|accuracy|1
|
|-heal|p2a: Necrozma|95/100 par|[from] item: Leftovers
|-heal|p1a: the goat|51/100|[from] item: Leftovers
|upkeep
|turn|37
|
|t:|1664764699
|move|p2a: Necrozma|Sunsteel Strike|p1a: the goat
|-activate|p1a: the goat|move: Substitute|[damage]
|move|p1a: the goat|Coil|p1a: the goat
|-boost|p1a: the goat|atk|1
|-boost|p1a: the goat|def|1
|-boost|p1a: the goat|accuracy|1
|
|-heal|p2a: Necrozma|100/100 par|[from] item: Leftovers
|-heal|p1a: the goat|57/100|[from] item: Leftovers
|upkeep
|turn|38
|
|t:|1664764700
|move|p2a: Necrozma|Sunsteel Strike|p1a: the goat
|-end|p1a: the goat|Substitute
|move|p1a: the goat|Coil|p1a: the goat
|-boost|p1a: the goat|atk|1
|-boost|p1a: the goat|def|1
|-boost|p1a: the goat|accuracy|1
|
|-heal|p1a: the goat|63/100|[from] item: Leftovers
|upkeep
|turn|39
|
|t:|1664764706
|move|p2a: Necrozma|Photon Geyser|p1a: the goat
|-damage|p1a: the goat|47/100
|move|p1a: the goat|Thousand Arrows|p2a: Necrozma
|-supereffective|p2a: Necrozma
|-damage|p2a: Necrozma|53/100 par
|
|-heal|p2a: Necrozma|59/100 par|[from] item: Leftovers
|-heal|p1a: the goat|53/100|[from] item: Leftovers
|upkeep
|turn|40
|-message|1337RedGlitchFox forfeited.
|
|win|BasakBooster
|raw|BasakBooster's rating: 1739 &rarr; <strong>1755</strong><br />(+16 for winning)
|raw|1337RedGlitchFox's rating: 1672 &rarr; <strong>1656</strong><br />(-16 for losing)
|l|☆1337RedGlitchFox
||Ladder isn't responding, score probably updated but might not have (Request timeout).
