|j|☆PyroAce11◉
|j|☆soviet glonk
|t:|1632483973
|gametype|singles
|player|p1|PyroAce11◉|red|1608
|player|p2|soviet glonk|ghetsis|1695
|teamsize|p1|6
|teamsize|p2|6
|gen|8
|tier|[Gen 8] National Dex AG
|rated|
|rule|HP Percentage Mod: HP is shown in percentages
|rule|Endless Battle Clause: Forcing endless battles is banned
|clearpoke
|poke|p1|Yveltal|
|poke|p1|Groudon|
|poke|p1|Zygarde|
|poke|p1|Rayquaza|
|poke|p1|Kyogre|
|poke|p1|Calyrex-Shadow|
|poke|p2|Arceus-*|
|poke|p2|Zygarde|
|poke|p2|Groudon|
|poke|p2|Zacian-*|
|poke|p2|Yveltal|
|poke|p2|Necrozma-Dusk-Mane|
|teampreview
|inactive|Battle timer is ON: inactive players will automatically lose when time's up. (requested by soviet glonk)
|inactive|soviet glonk has 120 seconds left.
|
|t:|1632484012
|start
|switch|p1a: Yveltal|Yveltal, shiny|100/100
|switch|p2a: Zygarde|Zygarde|100/100
|-ability|p1a: Yveltal|Dark Aura
|turn|1
|
|t:|1632484037
|move|p2a: Zygarde|Glare|p1a: Yveltal
|-status|p1a: Yveltal|par
|move|p1a: Yveltal|Foul Play|p2a: Zygarde
|-damage|p2a: Zygarde|79/100
|
|-heal|p2a: Zygarde|85/100|[from] item: Leftovers
|upkeep
|turn|2
|
|t:|1632484056
|switch|p2a: Yveltal|Yveltal|100/100
|-ability|p2a: Yveltal|Dark Aura
|move|p1a: Yveltal|U-turn|p2a: Yveltal
|-damage|p2a: Yveltal|87/100
|inactive|PyroAce11◉ has 120 seconds left.
|
|t:|1632484109
|switch|p1a: Rayquaza|Rayquaza|100/100|[from]move: U-turn
|-ability|p1a: Rayquaza|Air Lock
|
|upkeep
|turn|3
|
|t:|1632484129
|switch|p2a: Zygarde|Zygarde|85/100
|detailschange|p1a: Rayquaza|Rayquaza-Mega
|-mega|p1a: Rayquaza|Rayquaza|
|-weather|DeltaStream|[from] ability: Delta Stream|[of] p1a: Rayquaza
|move|p1a: Rayquaza|V-create|p2a: Zygarde
|-resisted|p2a: Zygarde
|-damage|p2a: Zygarde|57/100
|-unboost|p1a: Rayquaza|spe|1
|-unboost|p1a: Rayquaza|def|1
|-unboost|p1a: Rayquaza|spd|1
|-damage|p1a: Rayquaza|91/100|[from] item: Life Orb
|
|-weather|DeltaStream|[upkeep]
|-heal|p2a: Zygarde|63/100|[from] item: Leftovers
|upkeep
|turn|4
|
|t:|1632484139
|-weather|none
|switch|p1a: Yveltal|Yveltal, shiny|100/100 par
|-ability|p1a: Yveltal|Dark Aura
|move|p2a: Zygarde|Coil|p2a: Zygarde
|-boost|p2a: Zygarde|atk|1
|-boost|p2a: Zygarde|def|1
|-boost|p2a: Zygarde|accuracy|1
|
|-heal|p2a: Zygarde|70/100|[from] item: Leftovers
|upkeep
|turn|5
|
|t:|1632484150
|move|p2a: Zygarde|Thousand Arrows|p1a: Yveltal
|-damage|p1a: Yveltal|67/100 par
|-start|p1a: Yveltal|Smack Down
|cant|p1a: Yveltal|par
|
|-heal|p2a: Zygarde|76/100|[from] item: Leftovers
|upkeep
|turn|6
|inactive|PyroAce11◉ has 120 seconds left.
|
|t:|1632484164
|move|p2a: Zygarde|Thousand Arrows|p1a: Yveltal
|-damage|p1a: Yveltal|33/100 par
|move|p1a: Yveltal|U-turn|p2a: Zygarde
|-damage|p2a: Zygarde|69/100
|
|t:|1632484178
|switch|p1a: Calyrex|Calyrex-Shadow|100/100|[from]move: U-turn
|-ability|p1a: Calyrex|As One
|-ability|p1a: Calyrex|Unnerve
|
|-heal|p2a: Zygarde|75/100|[from] item: Leftovers
|upkeep
|turn|7
|
|t:|1632484189
|switch|p2a: Yveltal|Yveltal|87/100
|-ability|p2a: Yveltal|Dark Aura
|-start|p1a: Calyrex|Dynamax
|-heal|p1a: Calyrex|100/100|[silent]
|move|p1a: Calyrex|Max Starfall|p2a: Yveltal
|-supereffective|p2a: Yveltal
|-damage|p2a: Yveltal|39/100
|-fieldstart|move: Misty Terrain
|
|upkeep
|turn|8
|c|☆PyroAce11◉|nice
|
|t:|1632484209
|-start|p2a: Yveltal|Dynamax
|-heal|p2a: Yveltal|39/100|[silent]
|move|p1a: Calyrex|Max Starfall|p2a: Yveltal
|-supereffective|p2a: Yveltal
|-damage|p2a: Yveltal|15/100
|move|p2a: Yveltal|Max Darkness|p1a: Calyrex
|-supereffective|p1a: Calyrex
|-enditem|p1a: Calyrex|Focus Sash
|-damage|p1a: Calyrex|1/100
|-unboost|p1a: Calyrex|spd|1
|
|upkeep
|turn|9
|
|t:|1632484214
|move|p1a: Calyrex|Max Starfall|p2a: Yveltal
|-supereffective|p2a: Yveltal
|-damage|p2a: Yveltal|0 fnt
|faint|p2a: Yveltal
|-ability|p1a: Calyrex|Grim Neigh|boost
|-boost|p1a: Calyrex|spa|1
|
|-end|p1a: Calyrex|Dynamax
|-heal|p1a: Calyrex|1/100|[silent]
|upkeep
|
|t:|1632484219
|switch|p2a: Arceus|Arceus|100/100
|turn|10
|
|t:|1632484224
|move|p1a: Calyrex|Psyshock|p2a: Arceus
|-damage|p2a: Arceus|50/100
|move|p2a: Arceus|Earthquake|p1a: Calyrex
|-damage|p1a: Calyrex|0 fnt
|faint|p1a: Calyrex
|
|upkeep
|
|t:|1632484231
|switch|p1a: Zygarde|Zygarde|100/100
|turn|11
|
|t:|1632484247
|move|p2a: Arceus|Swords Dance|p2a: Arceus
|-boost|p2a: Arceus|atk|2
|move|p1a: Zygarde|Glare|p2a: Arceus
|-activate|p2a: Arceus|move: Misty Terrain
|
|-fieldend|Misty Terrain
|upkeep
|turn|12
|
|t:|1632484257
|switch|p1a: Yveltal|Yveltal, shiny|33/100 par
|-ability|p1a: Yveltal|Dark Aura
|move|p2a: Arceus|Recover|p2a: Arceus
|-heal|p2a: Arceus|99/100
|
|upkeep
|turn|13
|
|t:|1632484260
|move|p2a: Arceus|Extreme Speed|p1a: Yveltal
|-damage|p1a: Yveltal|0 fnt
|faint|p1a: Yveltal
|
|upkeep
|
|t:|1632484262
|switch|p1a: Groudon|Groudon, shiny|100/100
|detailschange|p1a: Groudon|Groudon-Primal, shiny
|-primal|p1a: Groudon
|-weather|DesolateLand|[from] ability: Desolate Land|[of] p1a: Groudon
|turn|14
|
|t:|1632484265
|move|p2a: Arceus|Earthquake|p1a: Groudon
|-supereffective|p1a: Groudon
|-damage|p1a: Groudon|36/100
|move|p1a: Groudon|Thunder Wave|p2a: Arceus
|-status|p2a: Arceus|par
|-enditem|p2a: Arceus|Lum Berry|[eat]
|-curestatus|p2a: Arceus|par|[msg]
|
|-weather|DesolateLand|[upkeep]
|upkeep
|turn|15
|
|t:|1632484271
|move|p2a: Arceus|Earthquake|p1a: Groudon
|-supereffective|p1a: Groudon
|-damage|p1a: Groudon|0 fnt
|faint|p1a: Groudon
|-weather|none
|
|upkeep
|
|t:|1632484273
|switch|p1a: Zygarde|Zygarde|100/100
|turn|16
|
|t:|1632484277
|move|p2a: Arceus|Swords Dance|p2a: Arceus
|-boost|p2a: Arceus|atk|2
|move|p1a: Zygarde|Glare|p2a: Arceus
|-status|p2a: Arceus|par
|
|upkeep
|turn|17
|
|t:|1632484281
|move|p1a: Zygarde|Coil|p1a: Zygarde
|-boost|p1a: Zygarde|atk|1
|-boost|p1a: Zygarde|def|1
|-boost|p1a: Zygarde|accuracy|1
|move|p2a: Arceus|Swords Dance|p2a: Arceus
|-boost|p2a: Arceus|atk|2
|
|upkeep
|turn|18
|
|t:|1632484285
|cant|p2a: Arceus|par
|move|p1a: Zygarde|Coil|p1a: Zygarde
|-boost|p1a: Zygarde|atk|1
|-boost|p1a: Zygarde|def|1
|-boost|p1a: Zygarde|accuracy|1
|
|upkeep
|turn|19
|
|t:|1632484288
|move|p2a: Arceus|Extreme Speed|p1a: Zygarde
|-damage|p1a: Zygarde|59/100
|move|p1a: Zygarde|Coil|p1a: Zygarde
|-boost|p1a: Zygarde|atk|1
|-boost|p1a: Zygarde|def|1
|-boost|p1a: Zygarde|accuracy|1
|
|-heal|p1a: Zygarde|65/100|[from] item: Leftovers
|upkeep
|turn|20
|
|t:|1632484293
|move|p2a: Arceus|Extreme Speed|p1a: Zygarde
|-damage|p1a: Zygarde|32/100
|move|p1a: Zygarde|Coil|p1a: Zygarde
|-boost|p1a: Zygarde|atk|1
|-boost|p1a: Zygarde|def|1
|-boost|p1a: Zygarde|accuracy|1
|
|-heal|p1a: Zygarde|38/100|[from] item: Leftovers
|-activate|p1a: Zygarde|ability: Power Construct
|detailschange|p1a: Zygarde|Zygarde-Complete
|-heal|p1a: Zygarde|59/100|[silent]
|upkeep
|turn|21
|
|t:|1632484296
|move|p2a: Arceus|Extreme Speed|p1a: Zygarde
|-damage|p1a: Zygarde|40/100
|move|p1a: Zygarde|Substitute|p1a: Zygarde
|-start|p1a: Zygarde|Substitute
|-damage|p1a: Zygarde|15/100
|
|-heal|p1a: Zygarde|21/100|[from] item: Leftovers
|upkeep
|turn|22
|
|t:|1632484300
|move|p2a: Arceus|Extreme Speed|p1a: Zygarde
|-activate|p1a: Zygarde|move: Substitute|[damage]
|move|p1a: Zygarde|Thousand Arrows|p2a: Arceus
|-crit|p2a: Arceus
|-damage|p2a: Arceus|0 fnt
|faint|p2a: Arceus
|
|-heal|p1a: Zygarde|28/100|[from] item: Leftovers
|upkeep
|c|☆PyroAce11◉|lol
|
|t:|1632484308
|switch|p2a: Zygarde|Zygarde|75/100
|turn|23
|
|t:|1632484311
|move|p2a: Zygarde|Coil|p2a: Zygarde
|-boost|p2a: Zygarde|atk|1
|-boost|p2a: Zygarde|def|1
|-boost|p2a: Zygarde|accuracy|1
|move|p1a: Zygarde|Coil|p1a: Zygarde
|-boost|p1a: Zygarde|atk|1
|-boost|p1a: Zygarde|def|1
|-boost|p1a: Zygarde|accuracy|1
|
|-heal|p2a: Zygarde|82/100|[from] item: Leftovers
|-heal|p1a: Zygarde|34/100|[from] item: Leftovers
|upkeep
|turn|24
|
|t:|1632484316
|move|p2a: Zygarde|Coil|p2a: Zygarde
|-boost|p2a: Zygarde|atk|1
|-boost|p2a: Zygarde|def|1
|-boost|p2a: Zygarde|accuracy|1
|move|p1a: Zygarde|Glare|p2a: Zygarde
|-status|p2a: Zygarde|par
|
|-heal|p1a: Zygarde|40/100|[from] item: Leftovers
|-heal|p2a: Zygarde|88/100 par|[from] item: Leftovers
|upkeep
|turn|25
|
|t:|1632484334
|move|p1a: Zygarde|Thousand Arrows|p2a: Zygarde
|-damage|p2a: Zygarde|58/100 par
|move|p2a: Zygarde|Thousand Arrows|p1a: Zygarde
|-end|p1a: Zygarde|Substitute
|
|-heal|p1a: Zygarde|46/100|[from] item: Leftovers
|-heal|p2a: Zygarde|64/100 par|[from] item: Leftovers
|upkeep
|turn|26
|c|☆PyroAce11◉|1312 defense
|
|t:|1632484341
|move|p1a: Zygarde|Substitute|p1a: Zygarde
|-start|p1a: Zygarde|Substitute
|-damage|p1a: Zygarde|21/100
|move|p2a: Zygarde|Glare||[still]
|-fail|p2a: Zygarde
|
|-heal|p1a: Zygarde|27/100|[from] item: Leftovers
|-heal|p2a: Zygarde|70/100 par|[from] item: Leftovers
|upkeep
|turn|27
|
|t:|1632484345
|move|p1a: Zygarde|Thousand Arrows|p2a: Zygarde
|-damage|p2a: Zygarde|44/100 par
|move|p2a: Zygarde|Coil|p2a: Zygarde
|-boost|p2a: Zygarde|atk|1
|-boost|p2a: Zygarde|def|1
|-boost|p2a: Zygarde|accuracy|1
|
|-heal|p1a: Zygarde|33/100|[from] item: Leftovers
|-heal|p2a: Zygarde|50/100 par|[from] item: Leftovers
|-activate|p2a: Zygarde|ability: Power Construct
|detailschange|p2a: Zygarde|Zygarde-Complete
|-heal|p2a: Zygarde|67/100 par|[silent]
|upkeep
|turn|28
|
|t:|1632484352
|move|p1a: Zygarde|Coil|p1a: Zygarde
|-boost|p1a: Zygarde|atk|1
|-boost|p1a: Zygarde|def|1
|-boost|p1a: Zygarde|accuracy|1
|move|p2a: Zygarde|Thousand Arrows|p1a: Zygarde
|-activate|p1a: Zygarde|move: Substitute|[damage]
|
|-heal|p1a: Zygarde|40/100|[from] item: Leftovers
|-heal|p2a: Zygarde|73/100 par|[from] item: Leftovers
|upkeep
|turn|29
|
|t:|1632484359
|move|p1a: Zygarde|Thousand Arrows|p2a: Zygarde
|-damage|p2a: Zygarde|55/100 par
|move|p2a: Zygarde|Coil|p2a: Zygarde
|-boost|p2a: Zygarde|atk|1
|-boost|p2a: Zygarde|def|1
|-boost|p2a: Zygarde|accuracy|1
|
|-heal|p1a: Zygarde|46/100|[from] item: Leftovers
|-heal|p2a: Zygarde|61/100 par|[from] item: Leftovers
|upkeep
|turn|30
|
|t:|1632484367
|move|p1a: Zygarde|Thousand Arrows|p2a: Zygarde
|-damage|p2a: Zygarde|45/100 par
|move|p2a: Zygarde|Thousand Arrows|p1a: Zygarde
|-activate|p1a: Zygarde|move: Substitute|[damage]
|
|-heal|p1a: Zygarde|52/100|[from] item: Leftovers
|-heal|p2a: Zygarde|51/100 par|[from] item: Leftovers
|upkeep
|turn|31
|
|t:|1632484375
|move|p1a: Zygarde|Thousand Arrows|p2a: Zygarde
|-damage|p2a: Zygarde|37/100 par
|move|p2a: Zygarde|Coil|p2a: Zygarde
|-boost|p2a: Zygarde|atk|1
|-boost|p2a: Zygarde|def|1
|-boost|p2a: Zygarde|accuracy|1
|
|-heal|p1a: Zygarde|58/100|[from] item: Leftovers
|-heal|p2a: Zygarde|43/100 par|[from] item: Leftovers
|upkeep
|turn|32
|
|t:|1632484382
|move|p1a: Zygarde|Coil|p1a: Zygarde
|-boost|p1a: Zygarde|atk|0
|-boost|p1a: Zygarde|def|0
|-boost|p1a: Zygarde|accuracy|0
|move|p2a: Zygarde|Rest|p2a: Zygarde
|-status|p2a: Zygarde|slp|[from] move: Rest
|-heal|p2a: Zygarde|100/100 slp|[silent]
|
|-heal|p1a: Zygarde|64/100|[from] item: Leftovers
|upkeep
|turn|33
|
|t:|1632484394
|switch|p1a: Kyogre|Kyogre|100/100
|-weather|RainDance|[from] ability: Drizzle|[of] p1a: Kyogre
|cant|p2a: Zygarde|slp
|
|-weather|RainDance|[upkeep]
|upkeep
|turn|34
|
|t:|1632484410
|switch|p2a: Groudon|Groudon|100/100
|detailschange|p2a: Groudon|Groudon-Primal
|-primal|p2a: Groudon
|-weather|DesolateLand|[from] ability: Desolate Land|[of] p2a: Groudon
|move|p1a: Kyogre|Water Spout||[still]
|-fail|p1a: Kyogre|Water Spout|[from] Desolate Land
|
|-weather|DesolateLand|[upkeep]
|upkeep
|turn|35
|
|t:|1632484419
|switch|p1a: Rayquaza|Rayquaza-Mega|91/100
|-weather|DeltaStream|[from] ability: Delta Stream|[of] p1a: Rayquaza
|move|p2a: Groudon|Toxic|p1a: Rayquaza
|-status|p1a: Rayquaza|tox
|
|-weather|DeltaStream|[upkeep]
|-damage|p1a: Rayquaza|85/100 tox|[from] psn
|upkeep
|turn|36
|
|t:|1632484434
|move|p1a: Rayquaza|V-create|p2a: Groudon
|-resisted|p2a: Groudon
|-damage|p2a: Groudon|72/100
|-unboost|p1a: Rayquaza|spe|1
|-unboost|p1a: Rayquaza|def|1
|-unboost|p1a: Rayquaza|spd|1
|-damage|p1a: Rayquaza|75/100 tox|[from] item: Life Orb
|move|p2a: Groudon|Stone Edge|p1a: Rayquaza
|-activate||deltastream
|-damage|p1a: Rayquaza|21/100 tox
|
|-weather|DeltaStream|[upkeep]
|-damage|p1a: Rayquaza|9/100 tox|[from] psn
|upkeep
|turn|37
|c|☆PyroAce11◉|F
|
|t:|1632484446
|move|p1a: Rayquaza|Dragon Ascent|p2a: Groudon
|-damage|p2a: Groudon|18/100
|-unboost|p1a: Rayquaza|def|1
|-unboost|p1a: Rayquaza|spd|1
|-damage|p1a: Rayquaza|0 fnt|[from] item: Life Orb
|faint|p1a: Rayquaza
|-weather|none
|move|p2a: Groudon|Stealth Rock|p1: Rayquaza
|-sidestart|p1: PyroAce11◉|move: Stealth Rock
|
|upkeep
|
|t:|1632484469
|switch|p1a: Zygarde|Zygarde-Complete|64/100
|-damage|p1a: Zygarde|58/100|[from] Stealth Rock
|turn|38
|
|t:|1632484473
|move|p2a: Groudon|Toxic|p1a: Zygarde
|-status|p1a: Zygarde|tox
|move|p1a: Zygarde|Substitute|p1a: Zygarde
|-start|p1a: Zygarde|Substitute
|-damage|p1a: Zygarde|33/100 tox
|
|-heal|p1a: Zygarde|39/100 tox|[from] item: Leftovers
|-damage|p1a: Zygarde|33/100 tox|[from] psn
|upkeep
|turn|39
|
|t:|1632484482
|move|p2a: Groudon|Precipice Blades|p1a: Zygarde
|-activate|p1a: Zygarde|move: Substitute|[damage]
|move|p1a: Zygarde|Thousand Arrows|p2a: Groudon
|-supereffective|p2a: Groudon
|-damage|p2a: Groudon|0 fnt
|faint|p2a: Groudon
|
|-heal|p1a: Zygarde|39/100 tox|[from] item: Leftovers
|-damage|p1a: Zygarde|27/100 tox|[from] psn
|upkeep
|
|t:|1632484500
|switch|p2a: Zygarde|Zygarde-Complete|100/100 slp
|turn|40
|
|t:|1632484505
|cant|p2a: Zygarde|slp
|move|p1a: Zygarde|Thousand Arrows|p2a: Zygarde
|-damage|p2a: Zygarde|90/100 slp
|
|-heal|p2a: Zygarde|96/100 slp|[from] item: Leftovers
|-heal|p1a: Zygarde|33/100 tox|[from] item: Leftovers
|-damage|p1a: Zygarde|15/100 tox|[from] psn
|upkeep
|turn|41
|
|t:|1632484508
|-curestatus|p2a: Zygarde|slp|[msg]
|move|p2a: Zygarde|Glare||[still]
|-fail|p2a: Zygarde
|move|p1a: Zygarde|Thousand Arrows|p2a: Zygarde
|-damage|p2a: Zygarde|86/100
|
|-heal|p2a: Zygarde|92/100|[from] item: Leftovers
|-heal|p1a: Zygarde|21/100 tox|[from] item: Leftovers
|-damage|p1a: Zygarde|0 fnt|[from] psn
|faint|p1a: Zygarde
|upkeep
|
|t:|1632484512
|switch|p1a: Kyogre|Kyogre|100/100
|-damage|p1a: Kyogre|88/100|[from] Stealth Rock
|-weather|RainDance|[from] ability: Drizzle|[of] p1a: Kyogre
|turn|42
|
|t:|1632484528
|move|p1a: Kyogre|Origin Pulse|p2a: Zygarde
|-damage|p2a: Zygarde|35/100
|move|p2a: Zygarde|Glare|p1a: Kyogre
|-status|p1a: Kyogre|par
|
|-weather|RainDance|[upkeep]
|-heal|p2a: Zygarde|41/100|[from] item: Leftovers
|upkeep
|turn|43
|
|t:|1632484536
|move|p1a: Kyogre|Origin Pulse|p2a: Zygarde
|-damage|p2a: Zygarde|0 fnt
|faint|p2a: Zygarde
|
|-weather|RainDance|[upkeep]
|upkeep
|c|☆PyroAce11◉|gg
|
|t:|1632484552
|switch|p2a: Zacian|Zacian-Crowned|100/100
|-ability|p2a: Zacian|Intrepid Sword|boost
|-boost|p2a: Zacian|atk|1
|turn|44
|
|t:|1632484557
|move|p2a: Zacian|Wild Charge|p1a: Kyogre
|-supereffective|p1a: Kyogre
|-damage|p1a: Kyogre|0 fnt
|faint|p1a: Kyogre
|-damage|p2a: Zacian|77/100|[from] Recoil
|
|win|soviet glonk
|raw|PyroAce11◉'s rating: 1608 &rarr; <strong>1593</strong><br />(-15 for losing)
|raw|soviet glonk's rating: 1695 &rarr; <strong>1710</strong><br />(+15 for winning)
|c|☆soviet glonk|ggs
|l|☆PyroAce11◉
