|j|☆Hoenn Hubris
|j|☆rowletroost
|t:|1642375910
|gametype|singles
|player|p1|Hoenn Hubris|zinnia|1764
|player|p2|rowletroost|lance|1837
|teamsize|p1|6
|teamsize|p2|6
|gen|8
|tier|[Gen 8] National Dex AG
|rated|
|rule|HP Percentage Mod: HP is shown in percentages
|rule|Endless Battle Clause: Forcing endless battles is banned
|clearpoke
|poke|p1|Rayquaza|
|poke|p1|Tyranitar, M|
|poke|p1|Necrozma-Dusk-Mane|
|poke|p1|Ferrothorn, F|
|poke|p1|Ho-Oh|
|poke|p1|Zygarde|
|poke|p2|Arceus-*|
|poke|p2|Xerneas-*|
|poke|p2|Kyogre|
|poke|p2|Marshadow|
|poke|p2|Ribombee, M|
|poke|p2|Vivillon-Savanna, M|
|teampreview
|inactive|Battle timer is ON: inactive players will automatically lose when time's up. (requested by rowletroost)
|
|t:|1642375919
|start
|switch|p1a: Ho-Oh|Ho-Oh, shiny|100/100
|switch|p2a: Kyogre|Kyogre, shiny|100/100
|detailschange|p2a: Kyogre|Kyogre-Primal, shiny
|-primal|p2a: Kyogre
|-weather|PrimordialSea|[from] ability: Primordial Sea|[of] p2a: Kyogre
|turn|1
|
|t:|1642375922
|switch|p1a: Ferrothorn|Ferrothorn, F|100/100
|move|p2a: Kyogre|Origin Pulse|p1a: Ferrothorn
|-resisted|p1a: Ferrothorn
|-damage|p1a: Ferrothorn|62/100
|
|-weather|PrimordialSea|[upkeep]
|-heal|p1a: Ferrothorn|68/100|[from] item: Leftovers
|upkeep
|turn|2
|
|t:|1642375926
|move|p2a: Kyogre|Ice Beam|p1a: Ferrothorn
|-damage|p1a: Ferrothorn|40/100
|move|p1a: Ferrothorn|Leech Seed|p2a: Kyogre
|-start|p2a: Kyogre|move: Leech Seed
|
|-weather|PrimordialSea|[upkeep]
|-heal|p1a: Ferrothorn|46/100|[from] item: Leftovers
|-damage|p2a: Kyogre|88/100|[from] Leech Seed|[of] p1a: Ferrothorn
|-heal|p1a: Ferrothorn|60/100|[silent]
|upkeep
|turn|3
|
|t:|1642375932
|-weather|none
|switch|p2a: Marshadow|Marshadow|100/100
|move|p1a: Ferrothorn|Knock Off|p2a: Marshadow
|-damage|p2a: Marshadow|75/100
|-enditem|p2a: Marshadow|Focus Sash|[from] move: Knock Off|[of] p1a: Ferrothorn
|
|-heal|p1a: Ferrothorn|66/100|[from] item: Leftovers
|upkeep
|turn|4
|
|t:|1642375936
|switch|p1a: Ho-Oh|Ho-Oh, shiny|100/100
|move|p2a: Marshadow|Close Combat|p1a: Ho-Oh
|-resisted|p1a: Ho-Oh
|-damage|p1a: Ho-Oh|81/100
|-unboost|p2a: Marshadow|def|1
|-unboost|p2a: Marshadow|spd|1
|
|upkeep
|turn|5
|j| carrier ant attack
|
|t:|1642375938
|move|p2a: Marshadow|Rock Tomb|p1a: Ho-Oh
|-supereffective|p1a: Ho-Oh
|-damage|p1a: Ho-Oh|0 fnt
|faint|p1a: Ho-Oh
|
|upkeep
|
|t:|1642375946
|switch|p1a: Necrozma|Necrozma-Dusk-Mane|100/100
|turn|6
|c| carrier ant attack|https://pokepast.es/25c52998b67c3754
|c| carrier ant attack|all offensive arceus formes
|
|t:|1642375964
|switch|p2a: Arceus|Arceus-Ground|100/100
|-start|p1a: Necrozma|Dynamax
|-heal|p1a: Necrozma|100/100|[silent]
|move|p1a: Necrozma|Max Quake|p2a: Arceus
|-damage|p2a: Arceus|78/100
|-boost|p1a: Necrozma|spd|1
|
|upkeep
|turn|7
|
|t:|1642375970
|move|p2a: Arceus|Recover|p2a: Arceus
|-heal|p2a: Arceus|100/100
|move|p1a: Necrozma|Max Steelspike|p2a: Arceus
|-damage|p2a: Arceus|67/100
|-boost|p1a: Necrozma|def|1
|
|upkeep
|turn|8
|
|t:|1642375975
|move|p2a: Arceus|Recover|p2a: Arceus
|-heal|p2a: Arceus|100/100
|move|p1a: Necrozma|Max Steelspike|p2a: Arceus
|-crit|p2a: Arceus
|-damage|p2a: Arceus|55/100
|-boost|p1a: Necrozma|def|1
|
|-end|p1a: Necrozma|Dynamax
|-heal|p1a: Necrozma|100/100|[silent]
|upkeep
|turn|9
|
|t:|1642375977
|move|p2a: Arceus|Recover|p2a: Arceus
|-heal|p2a: Arceus|100/100
|move|p1a: Necrozma|Sunsteel Strike|p2a: Arceus
|-damage|p2a: Arceus|78/100
|
|upkeep
|turn|10
|
|t:|1642375983
|switch|p2a: Kyogre|Kyogre-Primal, shiny|88/100
|-weather|PrimordialSea|[from] ability: Primordial Sea|[of] p2a: Kyogre
|move|p1a: Necrozma|Earthquake|p2a: Kyogre
|-crit|p2a: Kyogre
|-damage|p2a: Kyogre|43/100
|
|-weather|PrimordialSea|[upkeep]
|upkeep
|turn|11
|
|t:|1642375991
|move|p2a: Kyogre|Origin Pulse|p1a: Necrozma
|-damage|p1a: Necrozma|34/100
|move|p1a: Necrozma|Earthquake|p2a: Kyogre
|-damage|p2a: Kyogre|12/100
|
|-weather|PrimordialSea|[upkeep]
|upkeep
|turn|12
|
|t:|1642375995
|switch|p1a: Ferrothorn|Ferrothorn, F|66/100
|move|p2a: Kyogre|Origin Pulse|p1a: Ferrothorn
|-resisted|p1a: Ferrothorn
|-damage|p1a: Ferrothorn|28/100
|
|-weather|PrimordialSea|[upkeep]
|-heal|p1a: Ferrothorn|34/100|[from] item: Leftovers
|upkeep
|turn|13
|
|t:|1642375997
|move|p2a: Kyogre|Ice Beam|p1a: Ferrothorn
|-damage|p1a: Ferrothorn|5/100
|-status|p1a: Ferrothorn|frz
|cant|p1a: Ferrothorn|frz
|
|-weather|PrimordialSea|[upkeep]
|-heal|p1a: Ferrothorn|11/100 frz|[from] item: Leftovers
|upkeep
|turn|14
|
|t:|1642376000
|move|p2a: Kyogre|Ice Beam|p1a: Ferrothorn
|-damage|p1a: Ferrothorn|0 fnt
|faint|p1a: Ferrothorn
|
|-weather|PrimordialSea|[upkeep]
|upkeep
|j| Deware
|
|t:|1642376003
|switch|p1a: Rayquaza|Rayquaza|100/100
|-ability|p1a: Rayquaza|Air Lock
|turn|15
|
|t:|1642376006
|detailschange|p1a: Rayquaza|Rayquaza-Mega
|-mega|p1a: Rayquaza|Rayquaza|
|-weather|DeltaStream|[from] ability: Delta Stream|[of] p1a: Rayquaza
|move|p1a: Rayquaza|Dragon Ascent|p2a: Kyogre
|-damage|p2a: Kyogre|0 fnt
|-unboost|p1a: Rayquaza|def|1
|-unboost|p1a: Rayquaza|spd|1
|faint|p2a: Kyogre
|
|-weather|DeltaStream|[upkeep]
|upkeep
|
|t:|1642376008
|switch|p2a: Ribombee|Ribombee, M, shiny|100/100
|turn|16
|
|t:|1642376012
|-weather|none
|switch|p1a: Necrozma|Necrozma-Dusk-Mane|34/100
|move|p2a: Ribombee|Moonblast|p1a: Necrozma
|-resisted|p1a: Necrozma
|-damage|p1a: Necrozma|19/100
|-unboost|p1a: Necrozma|spa|1
|
|upkeep
|turn|17
|
|t:|1642376024
|switch|p2a: Vivillon|Vivillon-Savanna, M|100/100
|move|p1a: Necrozma|Sunsteel Strike|p2a: Vivillon
|-damage|p2a: Vivillon|0 fnt
|faint|p2a: Vivillon
|
|upkeep
|
|t:|1642376033
|switch|p2a: Arceus|Arceus-Ground|78/100
|turn|18
|
|t:|1642376036
|switch|p1a: Rayquaza|Rayquaza-Mega|100/100
|-weather|DeltaStream|[from] ability: Delta Stream|[of] p1a: Rayquaza
|move|p2a: Arceus|Judgment|p1a: Rayquaza
|-immune|p1a: Rayquaza
|
|-weather|DeltaStream|[upkeep]
|upkeep
|turn|19
|
|t:|1642376042
|move|p1a: Rayquaza|Dragon Ascent|p2a: Arceus
|-damage|p2a: Arceus|35/100
|-unboost|p1a: Rayquaza|def|1
|-unboost|p1a: Rayquaza|spd|1
|move|p2a: Arceus|Recover|p2a: Arceus
|-heal|p2a: Arceus|85/100
|
|-weather|DeltaStream|[upkeep]
|upkeep
|turn|20
|
|t:|1642376048
|move|p1a: Rayquaza|Dragon Ascent|p2a: Arceus
|-damage|p2a: Arceus|46/100
|-unboost|p1a: Rayquaza|def|1
|-unboost|p1a: Rayquaza|spd|1
|move|p2a: Arceus|Recover|p2a: Arceus
|-heal|p2a: Arceus|96/100
|
|-weather|DeltaStream|[upkeep]
|upkeep
|turn|21
|
|t:|1642376053
|-weather|none
|switch|p1a: Tyranitar|Tyranitar, M, shiny|100/100
|-weather|Sandstorm|[from] ability: Sand Stream|[of] p1a: Tyranitar
|move|p2a: Arceus|Recover|p2a: Arceus
|-heal|p2a: Arceus|100/100
|
|-weather|Sandstorm|[upkeep]
|upkeep
|turn|22
|
|t:|1642376058
|switch|p1a: Necrozma|Necrozma-Dusk-Mane|19/100
|move|p2a: Arceus|Judgment|p1a: Necrozma
|-supereffective|p1a: Necrozma
|-damage|p1a: Necrozma|0 fnt
|faint|p1a: Necrozma
|
|-weather|Sandstorm|[upkeep]
|upkeep
|
|t:|1642376060
|switch|p1a: Zygarde|Zygarde|100/100
|turn|23
|
|t:|1642376062
|move|p2a: Arceus|Ice Beam|p1a: Zygarde
|-supereffective|p1a: Zygarde
|-damage|p1a: Zygarde|15/100
|move|p1a: Zygarde|Glare|p2a: Arceus
|-status|p2a: Arceus|par
|
|-weather|Sandstorm|[upkeep]
|-activate|p1a: Zygarde|ability: Power Construct
|detailschange|p1a: Zygarde|Zygarde-Complete
|-heal|p1a: Zygarde|44/100|[silent]
|upkeep
|turn|24
|
|t:|1642376070
|move|p1a: Zygarde|Thousand Arrows|p2a: Arceus
|-damage|p2a: Arceus|85/100 par
|move|p2a: Arceus|Ice Beam|p1a: Zygarde
|-supereffective|p1a: Zygarde
|-damage|p1a: Zygarde|0 fnt
|faint|p1a: Zygarde
|
|-weather|Sandstorm|[upkeep]
|upkeep
|
|t:|1642376071
|switch|p1a: Rayquaza|Rayquaza-Mega|100/100
|-weather|DeltaStream|[from] ability: Delta Stream|[of] p1a: Rayquaza
|turn|25
|
|t:|1642376076
|move|p1a: Rayquaza|Dragon Ascent|p2a: Arceus
|-damage|p2a: Arceus|40/100 par
|-unboost|p1a: Rayquaza|def|1
|-unboost|p1a: Rayquaza|spd|1
|move|p2a: Arceus|Ice Beam|p1a: Rayquaza
|-activate||deltastream
|-supereffective|p1a: Rayquaza
|-crit|p1a: Rayquaza
|-damage|p1a: Rayquaza|0 fnt
|faint|p1a: Rayquaza
|-weather|none
|
|upkeep
|-message|Hoenn Hubris forfeited.
|
|win|rowletroost
|raw|Hoenn Hubris's rating: 1764 &rarr; <strong>1748</strong><br />(-16 for losing)
|raw|rowletroost's rating: 1837 &rarr; <strong>1853</strong><br />(+16 for winning)
|l|☆Hoenn Hubris
|l| Deware
