|j|☆Chompychipper
|j|☆froy 18
|t:|1665355756
|gametype|singles
|player|p1|Chompychipper|101|1584
|player|p2|froy 18|ethan|1711
|teamsize|p1|6
|teamsize|p2|6
|gen|8
|tier|[Gen 8] National Dex AG
|rated|
|rule|HP Percentage Mod: HP is shown in percentages
|rule|Endless Battle Clause: Forcing endless battles is banned
|clearpoke
|poke|p1|Groudon|
|poke|p1|Groudon|
|poke|p1|Groudon|
|poke|p1|Groudon|
|poke|p1|Groudon|
|poke|p1|Groudon|
|poke|p2|Ditto|
|poke|p2|Cinderace, F|
|poke|p2|Zacian-*|
|poke|p2|Darmanitan-Galar, M|
|poke|p2|Necrozma-Dusk-Mane|
|poke|p2|Calyrex-Shadow|
|teampreview
|inactive|Battle timer is ON: inactive players will automatically lose when time's up. (requested by froy 18)
|
|t:|1665355766
|start
|switch|p1a: Groudon|Groudon|100/100
|switch|p2a: Necrozma|Necrozma-Dusk-Mane|100/100
|detailschange|p1a: Groudon|Groudon-Primal
|-primal|p1a: Groudon
|-weather|DesolateLand|[from] ability: Desolate Land|[of] p1a: Groudon
|turn|1
|
|t:|1665355769
|detailschange|p2a: Necrozma|Necrozma-Ultra
|-burst|p2a: Necrozma|Necrozma|Ultranecrozium Z
|move|p2a: Necrozma|Dragon Dance|p2a: Necrozma
|-boost|p2a: Necrozma|atk|1
|-boost|p2a: Necrozma|spe|1
|move|p1a: Groudon|Eruption|p2a: Necrozma
|-resisted|p2a: Necrozma
|-damage|p2a: Necrozma|30/100
|
|-weather|DesolateLand|[upkeep]
|upkeep
|turn|2
|
|t:|1665355779
|-zpower|p2a: Necrozma
|move|p2a: Necrozma|Light That Burns the Sky|p1a: Groudon|[zeffect]
|-damage|p1a: Groudon|0 fnt
|faint|p1a: Groudon
|-weather|none
|
|upkeep
|
|t:|1665355806
|switch|p1a: Groudon|Groudon|100/100
|-weather|SunnyDay|[from] ability: Drought|[of] p1a: Groudon
|turn|3
|
|t:|1665355810
|move|p2a: Necrozma|Photon Geyser|p1a: Groudon
|-damage|p1a: Groudon|41/100
|-enditem|p1a: Groudon|Sitrus Berry|[eat]
|-heal|p1a: Groudon|66/100|[from] item: Sitrus Berry
|move|p1a: Groudon|Earthquake|p2a: Necrozma
|-damage|p2a: Necrozma|0 fnt
|faint|p2a: Necrozma
|
|-weather|SunnyDay|[upkeep]
|upkeep
|
|t:|1665355817
|switch|p2a: Darmanitan|Darmanitan-Galar, M|100/100
|turn|4
|
|t:|1665355827
|move|p2a: Darmanitan|Icicle Crash|p1a: Groudon
|-supereffective|p1a: Groudon
|-damage|p1a: Groudon|0 fnt
|faint|p1a: Groudon
|
|-weather|SunnyDay|[upkeep]
|upkeep
|
|t:|1665355835
|switch|p1a: Groudon|Groudon|100/100
|detailschange|p1a: Groudon|Groudon-Primal
|-primal|p1a: Groudon
|-weather|DesolateLand|[from] ability: Desolate Land|[of] p1a: Groudon
|turn|5
|
|t:|1665355838
|move|p2a: Darmanitan|Icicle Crash|p1a: Groudon
|-damage|p1a: Groudon|72/100
|move|p1a: Groudon|Fire Punch|p2a: Darmanitan
|-supereffective|p2a: Darmanitan
|-damage|p2a: Darmanitan|0 fnt
|faint|p2a: Darmanitan
|
|-weather|DesolateLand|[upkeep]
|upkeep
|
|t:|1665355853
|switch|p2a: Ditto|Ditto|100/100
|-transform|p2a: Ditto|p1a: Groudon|[from] ability: Imposter
|turn|6
|
|t:|1665355871
|move|p2a: Ditto|Earthquake|p1a: Groudon
|-supereffective|p1a: Groudon
|-damage|p1a: Groudon|22/100
|move|p1a: Groudon|Earthquake|p2a: Ditto
|-supereffective|p2a: Ditto
|-damage|p2a: Ditto|32/100
|
|-weather|DesolateLand|[upkeep]
|upkeep
|turn|7
|
|t:|1665355878
|move|p2a: Ditto|Earthquake|p1a: Groudon
|-supereffective|p1a: Groudon
|-damage|p1a: Groudon|0 fnt
|faint|p1a: Groudon
|
|-weather|DesolateLand|[upkeep]
|upkeep
|
|t:|1665355881
|switch|p1a: Groudon|Groudon|100/100
|-ability|p1a: Groudon|Drought|[from] desolateland|[fail]
|turn|8
|
|t:|1665355884
|-start|p1a: Groudon|Dynamax|
|-heal|p1a: Groudon|100/100|[silent]
|move|p2a: Ditto|Earthquake|p1a: Groudon
|-damage|p1a: Groudon|78/100
|move|p1a: Groudon|Max Airstream|p2a: Ditto
|-damage|p2a: Ditto|5/100
|-boost|p1a: Groudon|spe|1
|
|-weather|DesolateLand|[upkeep]
|upkeep
|turn|9
|
|t:|1665355892
|-weather|none
|switch|p2a: Cinderace|Cinderace, F|100/100
|move|p1a: Groudon|Max Airstream|p2a: Cinderace
|-damage|p2a: Cinderace|41/100
|-boost|p1a: Groudon|spe|1
|
|upkeep
|turn|10
|
|t:|1665355900
|move|p2a: Cinderace|Sucker Punch|p1a: Groudon
|-start|p2a: Cinderace|typechange|Dark|[from] ability: Libero
|-damage|p1a: Groudon|66/100
|move|p1a: Groudon|Max Quake|p2a: Cinderace
|-damage|p2a: Cinderace|0 fnt
|-boost|p1a: Groudon|spd|1
|faint|p2a: Cinderace
|
|upkeep
|
|t:|1665355902
|switch|p2a: Ditto|Ditto|5/100
|-transform|p2a: Ditto|p1a: Groudon|[from] ability: Imposter
|-weather|SunnyDay|[from] ability: Drought|[of] p2a: Ditto
|-end|p1a: Groudon|Dynamax
|-heal|p1a: Groudon|67/100|[silent]
|turn|11
|
|t:|1665355909
|move|p2a: Ditto|Precipice Blades|p1a: Groudon
|-damage|p1a: Groudon|10/100
|move|p1a: Groudon|Aerial Ace|p2a: Ditto
|-damage|p2a: Ditto|0 fnt
|faint|p2a: Ditto
|
|-weather|SunnyDay|[upkeep]
|upkeep
|
|t:|1665355915
|switch|p2a: Calyrex|Calyrex-Shadow|100/100
|-ability|p2a: Calyrex|As One
|-ability|p2a: Calyrex|Unnerve
|turn|12
|
|t:|1665355921
|move|p1a: Groudon|Precipice Blades|p2a: Calyrex
|-enditem|p2a: Calyrex|Focus Sash
|-damage|p2a: Calyrex|1/100
|move|p2a: Calyrex|Astral Barrage|p1a: Groudon
|-damage|p1a: Groudon|0 fnt
|faint|p1a: Groudon
|-ability|p2a: Calyrex|Grim Neigh|boost
|-boost|p2a: Calyrex|spa|1
|
|-weather|SunnyDay|[upkeep]
|upkeep
|
|t:|1665355928
|switch|p1a: Groudon|Groudon|100/100
|detailschange|p1a: Groudon|Groudon-Primal
|-primal|p1a: Groudon
|-weather|DesolateLand|[from] ability: Desolate Land|[of] p1a: Groudon
|turn|13
|
|t:|1665355934
|-start|p2a: Calyrex|Dynamax|
|-heal|p2a: Calyrex|1/100|[silent]
|move|p2a: Calyrex|Max Phantasm|p1a: Groudon
|-damage|p1a: Groudon|11/100
|-unboost|p1a: Groudon|def|1
|move|p1a: Groudon|Shadow Claw|p2a: Calyrex
|-supereffective|p2a: Calyrex
|-damage|p2a: Calyrex|0 fnt
|faint|p2a: Calyrex
|
|-weather|DesolateLand|[upkeep]
|upkeep
|
|t:|1665355940
|switch|p2a: Zacian|Zacian-Crowned|100/100
|-ability|p2a: Zacian|Intrepid Sword|boost
|-boost|p2a: Zacian|atk|1
|turn|14
|
|t:|1665355944
|move|p2a: Zacian|Behemoth Blade|p1a: Groudon
|-resisted|p1a: Groudon
|-damage|p1a: Groudon|0 fnt
|faint|p1a: Groudon
|-weather|none
|
|upkeep
|
|t:|1665355947
|switch|p1a: Groudon|Groudon|100/100
|-weather|SunnyDay|[from] ability: Drought|[of] p1a: Groudon
|turn|15
|
|t:|1665355952
|move|p2a: Zacian|Behemoth Blade|p1a: Groudon
|-damage|p1a: Groudon|45/100
|move|p1a: Groudon|Precipice Blades|p2a: Zacian
|-supereffective|p2a: Zacian
|-damage|p2a: Zacian|0 fnt
|faint|p2a: Zacian
|
|win|Chompychipper
|raw|Chompychipper's rating: 1584 &rarr; <strong>1611</strong><br />(+27 for winning)
|raw|froy 18's rating: 1711 &rarr; <strong>1684</strong><br />(-27 for losing)
|c|☆Chompychipper|gg
|l|☆froy 18
||Ladder isn't responding, score probably updated but might not have (Request timeout).
