|j|☆Danomatic132
|j|☆Enjoy enjoy
|player|p1|Danomatic132|steven|1285
|player|p2|Enjoy enjoy|cilan|1281
|teamsize|p1|6
|teamsize|p2|6
|gametype|singles
|gen|8
|tier|[Gen 8] National Dex AG
|rated|
|clearpoke
|poke|p1|Garchomp, M|
|poke|p1|Metagross|
|poke|p1|Togekiss, F|
|poke|p1|Krookodile, M|
|poke|p1|Darmanitan-Galar, M|
|poke|p1|Toxtricity, M|
|poke|p2|Deoxys-Speed|
|poke|p2|Rayquaza|
|poke|p2|Deoxys-Attack|
|poke|p2|Rayquaza|
|poke|p2|Necrozma-Dusk-Mane|
|poke|p2|Darkrai|
|rule|HP Percentage Mod: HP is shown in percentages
|rule|Endless Battle Clause: Forcing endless battles is banned
|teampreview
|inactive|Battle timer is ON: inactive players will automatically lose when time's up. (requested by Enjoy enjoy)
|
|start
|switch|p1a: Krookodile|Krookodile, M|100/100
|switch|p2a: Deoxys|Deoxys-Speed|100/100
|-ability|p2a: Deoxys|Pressure
|turn|1
|
|-start|p1a: Krookodile|Dynamax
|-heal|p1a: Krookodile|100/100|[silent]
|move|p2a: Deoxys|Taunt|p1a: Krookodile
|-start|p1a: Krookodile|move: Taunt
|move|p1a: Krookodile|Max Darkness|p2a: Deoxys
|-supereffective|p2a: Deoxys
|-crit|p2a: Deoxys
|-enditem|p2a: Deoxys|Focus Sash
|-damage|p2a: Deoxys|1/100
|-unboost|p2a: Deoxys|spd|1
|
|upkeep
|turn|2
|
|move|p2a: Deoxys|Stealth Rock|p1a: Krookodile
|-sidestart|p1: Danomatic132|move: Stealth Rock
|move|p1a: Krookodile|Max Airstream|p2a: Deoxys
|-damage|p2a: Deoxys|0 fnt
|-boost|p1a: Krookodile|spe|1
|faint|p2a: Deoxys
|-ability|p1a: Krookodile|Moxie|boost
|-boost|p1a: Krookodile|atk|1
|
|upkeep
|
|switch|p2a: Rayquaza|Rayquaza|100/100
|-ability|p2a: Rayquaza|Air Lock
|turn|3
|
|move|p1a: Krookodile|Max Rockfall|p2a: Rayquaza
|-supereffective|p2a: Rayquaza
|-enditem|p2a: Rayquaza|Focus Sash
|-damage|p2a: Rayquaza|1/100
|-weather|Sandstorm
|move|p2a: Rayquaza|Dragon Ascent|p1a: Krookodile
|-damage|p1a: Krookodile|56/100
|-unboost|p2a: Rayquaza|def|1
|-unboost|p2a: Rayquaza|spd|1
|
|-weather|Sandstorm|[upkeep]
|-end|p1a: Krookodile|move: Taunt
|-end|p1a: Krookodile|Dynamax
|-heal|p1a: Krookodile|56/100|[silent]
|upkeep
|turn|4
|
|move|p2a: Rayquaza|Extreme Speed|p1a: Krookodile
|-damage|p1a: Krookodile|13/100
|move|p1a: Krookodile|Crunch|p2a: Rayquaza
|-damage|p2a: Rayquaza|0 fnt
|faint|p2a: Rayquaza
|-ability|p1a: Krookodile|Moxie|boost
|-boost|p1a: Krookodile|atk|1
|
|-weather|Sandstorm|[upkeep]
|upkeep
|
|switch|p2a: Rayquaza|Rayquaza|100/100
|-ability|p2a: Rayquaza|Air Lock
|turn|5
|
|move|p2a: Rayquaza|Extreme Speed|p1a: Krookodile
|-damage|p1a: Krookodile|0 fnt
|faint|p1a: Krookodile
|
|-weather|Sandstorm|[upkeep]
|upkeep
|
|switch|p1a: Garchomp|Garchomp, M|100/100
|-damage|p1a: Garchomp|94/100|[from] Stealth Rock
|turn|6
|-message|Enjoy enjoy forfeited.
|
|win|Danomatic132
|l|☆Enjoy enjoy
