|j|☆Oftc
|j|☆SaintLaplace
|t:|1665240858
|gametype|singles
|player|p1|Oftc|allister|1700
|player|p2|SaintLaplace|hilda-wonderlauncher|1753
|teamsize|p1|6
|teamsize|p2|6
|gen|8
|tier|[Gen 8] National Dex AG
|rated|
|rule|HP Percentage Mod: HP is shown in percentages
|rule|Endless Battle Clause: Forcing endless battles is banned
|clearpoke
|poke|p1|Rayquaza|
|poke|p1|Ho-Oh|
|poke|p1|Arceus-*|
|poke|p1|Groudon|
|poke|p1|Marshadow|
|poke|p1|Calyrex-Shadow|
|poke|p2|Rayquaza|
|poke|p2|Zygarde|
|poke|p2|Marshadow|
|poke|p2|Necrozma-Dusk-Mane|
|poke|p2|Smeargle, F|
|poke|p2|Xerneas-*|
|teampreview
|inactive|Battle timer is ON: inactive players will automatically lose when time's up. (requested by SaintLaplace)
|
|t:|1665240871
|start
|switch|p1a: Calyrex|Calyrex-Shadow|100/100
|switch|p2a: Smeargle|Smeargle, F|100/100
|-ability|p1a: Calyrex|As One
|-ability|p1a: Calyrex|Unnerve
|turn|1
|
|t:|1665240875
|move|p1a: Calyrex|Substitute|p1a: Calyrex
|-start|p1a: Calyrex|Substitute
|-damage|p1a: Calyrex|76/100
|move|p2a: Smeargle|Shell Smash|p2a: Smeargle
|-unboost|p2a: Smeargle|def|1
|-unboost|p2a: Smeargle|spd|1
|-boost|p2a: Smeargle|atk|2
|-boost|p2a: Smeargle|spa|2
|-boost|p2a: Smeargle|spe|2
|
|-heal|p1a: Calyrex|82/100|[from] item: Leftovers
|upkeep
|turn|2
|
|t:|1665240880
|move|p2a: Smeargle|Baton Pass|p2a: Smeargle
|
|t:|1665240881
|switch|p2a: Marshadow|Marshadow|100/100|[from]move: Baton Pass
|move|p1a: Calyrex|Nasty Plot|p1a: Calyrex
|-boost|p1a: Calyrex|spa|2
|
|-heal|p1a: Calyrex|88/100|[from] item: Leftovers
|upkeep
|turn|3
|
|t:|1665240887
|move|p2a: Marshadow|Spectral Thief||[still]
|-clearpositiveboost|p1a: Calyrex|p2a: Marshadow|move: Spectral Thief
|-boost|p2a: Marshadow|spa|2
|-anim|p2a: Marshadow|Spectral Thief|p1a: Calyrex
|-supereffective|p1a: Calyrex
|-damage|p1a: Calyrex|0 fnt
|faint|p1a: Calyrex
|
|upkeep
|
|t:|1665240897
|switch|p1a: Arceus|Arceus-Ground|100/100
|turn|4
|
|t:|1665240903
|switch|p2a: Smeargle|Smeargle, F|100/100
|move|p1a: Arceus|Judgment|p2a: Smeargle
|-damage|p2a: Smeargle|6/100
|
|upkeep
|turn|5
|
|t:|1665240909
|move|p1a: Arceus|Judgment|p2a: Smeargle
|-damage|p2a: Smeargle|0 fnt
|faint|p2a: Smeargle
|
|upkeep
|
|t:|1665240918
|switch|p2a: Xerneas|Xerneas|100/100
|-ability|p2a: Xerneas|Fairy Aura
|turn|6
|
|t:|1665240923
|move|p2a: Xerneas|Geomancy||[still]
|-prepare|p2a: Xerneas|Geomancy
|-enditem|p2a: Xerneas|Power Herb
|-anim|p2a: Xerneas|Geomancy|p2a: Xerneas
|-boost|p2a: Xerneas|spa|2
|-boost|p2a: Xerneas|spd|2
|-boost|p2a: Xerneas|spe|2
|move|p1a: Arceus|Roar|p2a: Xerneas
|drag|p2a: Zygarde|Zygarde, shiny|100/100
|
|upkeep
|turn|7
|
|t:|1665240932
|move|p1a: Arceus|Ice Beam|p2a: Zygarde
|-supereffective|p2a: Zygarde
|-damage|p2a: Zygarde|20/100
|move|p2a: Zygarde|Dragon Dance|p2a: Zygarde
|-boost|p2a: Zygarde|atk|1
|-boost|p2a: Zygarde|spe|1
|
|-activate|p2a: Zygarde|ability: Power Construct
|detailschange|p2a: Zygarde|Zygarde-Complete, shiny
|-heal|p2a: Zygarde|47/100|[silent]
|upkeep
|turn|8
|
|t:|1665240936
|-start|p2a: Zygarde|Dynamax|
|-heal|p2a: Zygarde|47/100|[silent]
|move|p2a: Zygarde|Max Quake|p1a: Arceus
|-damage|p1a: Arceus|52/100
|-boost|p2a: Zygarde|spd|1
|move|p1a: Arceus|Ice Beam|p2a: Zygarde
|-supereffective|p2a: Zygarde
|-damage|p2a: Zygarde|28/100
|
|upkeep
|turn|9
|
|t:|1665240946
|move|p2a: Zygarde|Max Quake|p1a: Arceus
|-damage|p1a: Arceus|2/100
|-boost|p2a: Zygarde|spd|1
|move|p1a: Arceus|Recover|p1a: Arceus
|-heal|p1a: Arceus|52/100
|
|upkeep
|turn|10
|
|t:|1665240951
|move|p2a: Zygarde|Max Quake|p1a: Arceus
|-damage|p1a: Arceus|1/100
|-boost|p2a: Zygarde|spd|1
|move|p1a: Arceus|Recover|p1a: Arceus
|-heal|p1a: Arceus|51/100
|
|upkeep
|-end|p2a: Zygarde|Dynamax
|-heal|p2a: Zygarde|28/100|[silent]
|turn|11
|
|t:|1665240958
|move|p2a: Zygarde|Dragon Dance|p2a: Zygarde
|-boost|p2a: Zygarde|atk|1
|-boost|p2a: Zygarde|spe|1
|move|p1a: Arceus|Recover|p1a: Arceus
|-heal|p1a: Arceus|100/100
|
|upkeep
|turn|12
|
|t:|1665240962
|move|p2a: Zygarde|Dragon Dance|p2a: Zygarde
|-boost|p2a: Zygarde|atk|1
|-boost|p2a: Zygarde|spe|1
|move|p1a: Arceus|Ice Beam|p2a: Zygarde
|-supereffective|p2a: Zygarde
|-damage|p2a: Zygarde|6/100
|
|upkeep
|turn|13
|
|t:|1665240970
|move|p2a: Zygarde|Rest|p2a: Zygarde
|-status|p2a: Zygarde|slp|[from] move: Rest
|-heal|p2a: Zygarde|100/100 slp|[silent]
|-enditem|p2a: Zygarde|Chesto Berry|[eat]
|-curestatus|p2a: Zygarde|slp|[msg]
|move|p1a: Arceus|Ice Beam|p2a: Zygarde
|-supereffective|p2a: Zygarde
|-damage|p2a: Zygarde|78/100
|
|upkeep
|turn|14
|
|t:|1665240978
|move|p2a: Zygarde|Thousand Arrows|p1a: Arceus
|-damage|p1a: Arceus|46/100
|move|p1a: Arceus|Roar|p2a: Zygarde
|drag|p2a: Rayquaza|Rayquaza|100/100
|-ability|p2a: Rayquaza|Air Lock
|
|upkeep
|turn|15
|
|t:|1665240984
|detailschange|p2a: Rayquaza|Rayquaza-Mega
|-mega|p2a: Rayquaza|Rayquaza|
|-weather|DeltaStream|[from] ability: Delta Stream|[of] p2a: Rayquaza
|move|p2a: Rayquaza|Dragon Ascent|p1a: Arceus
|-damage|p1a: Arceus|1/100
|-unboost|p2a: Rayquaza|def|1
|-unboost|p2a: Rayquaza|spd|1
|move|p1a: Arceus|Recover|p1a: Arceus
|-heal|p1a: Arceus|51/100
|
|-weather|DeltaStream|[upkeep]
|upkeep
|turn|16
|
|t:|1665240996
|-weather|none
|switch|p2a: Zygarde|Zygarde-Complete, shiny|78/100
|move|p1a: Arceus|Recover|p1a: Arceus
|-heal|p1a: Arceus|100/100
|
|upkeep
|turn|17
|
|t:|1665241002
|switch|p2a: Marshadow|Marshadow|100/100
|move|p1a: Arceus|Ice Beam|p2a: Marshadow
|-damage|p2a: Marshadow|71/100
|
|upkeep
|turn|18
|
|t:|1665241007
|move|p2a: Marshadow|Rock Tomb|p1a: Arceus
|-resisted|p1a: Arceus
|-damage|p1a: Arceus|92/100
|-unboost|p1a: Arceus|spe|1
|move|p1a: Arceus|Judgment|p2a: Marshadow
|-damage|p2a: Marshadow|16/100
|
|upkeep
|turn|19
|
|t:|1665241015
|move|p2a: Marshadow|Close Combat|p1a: Arceus
|-damage|p1a: Arceus|61/100
|-unboost|p2a: Marshadow|def|1
|-unboost|p2a: Marshadow|spd|1
|move|p1a: Arceus|Judgment|p2a: Marshadow
|-damage|p2a: Marshadow|0 fnt
|faint|p2a: Marshadow
|
|upkeep
|
|t:|1665241026
|switch|p2a: Necrozma|Necrozma-Dusk-Mane, shiny|100/100
|turn|20
|
|t:|1665241029
|detailschange|p2a: Necrozma|Necrozma-Ultra, shiny
|-burst|p2a: Necrozma|Necrozma|Ultranecrozium Z
|move|p2a: Necrozma|Dragon Dance|p2a: Necrozma
|-boost|p2a: Necrozma|atk|1
|-boost|p2a: Necrozma|spe|1
|move|p1a: Arceus|Recover|p1a: Arceus
|-heal|p1a: Arceus|100/100
|
|upkeep
|turn|21
|
|t:|1665241033
|move|p2a: Necrozma|Dragon Dance|p2a: Necrozma
|-boost|p2a: Necrozma|atk|1
|-boost|p2a: Necrozma|spe|1
|move|p1a: Arceus|Ice Beam|p2a: Necrozma
|-supereffective|p2a: Necrozma
|-damage|p2a: Necrozma|60/100
|
|upkeep
|turn|22
|
|t:|1665241039
|-zpower|p2a: Necrozma
|move|p2a: Necrozma|Light That Burns the Sky|p1a: Arceus|[zeffect]
|-damage|p1a: Arceus|0 fnt
|faint|p1a: Arceus
|
|upkeep
|
|t:|1665241042
|switch|p1a: Rayquaza|Rayquaza|100/100
|-ability|p1a: Rayquaza|Air Lock
|turn|23
|
|t:|1665241046
|detailschange|p1a: Rayquaza|Rayquaza-Mega
|-mega|p1a: Rayquaza|Rayquaza|
|-weather|DeltaStream|[from] ability: Delta Stream|[of] p1a: Rayquaza
|move|p2a: Necrozma|Photon Geyser|p1a: Rayquaza
|-enditem|p1a: Rayquaza|Focus Sash
|-damage|p1a: Rayquaza|1/100
|move|p1a: Rayquaza|Dragon Ascent|p2a: Necrozma
|-damage|p2a: Necrozma|0 fnt
|-unboost|p1a: Rayquaza|def|1
|-unboost|p1a: Rayquaza|spd|1
|faint|p2a: Necrozma
|
|-weather|DeltaStream|[upkeep]
|upkeep
|
|t:|1665241051
|switch|p2a: Rayquaza|Rayquaza-Mega|100/100
|turn|24
|
|t:|1665241064
|switch|p1a: Ho-Oh|Ho-Oh|100/100
|move|p2a: Rayquaza|Extreme Speed|p1a: Ho-Oh
|-damage|p1a: Ho-Oh|77/100
|
|-weather|DeltaStream|[upkeep]
|upkeep
|turn|25
|
|t:|1665241069
|-weather|none
|switch|p2a: Xerneas|Xerneas|100/100
|-ability|p2a: Xerneas|Fairy Aura
|move|p1a: Ho-Oh|Sacred Fire|p2a: Xerneas
|-damage|p2a: Xerneas|67/100
|-status|p2a: Xerneas|brn
|
|-damage|p2a: Xerneas|61/100 brn|[from] brn
|upkeep
|turn|26
|
|t:|1665241080
|move|p2a: Xerneas|Geomancy||[still]
|-prepare|p2a: Xerneas|Geomancy
|move|p1a: Ho-Oh|Sacred Fire|p2a: Xerneas
|-damage|p2a: Xerneas|26/100 brn
|
|-damage|p2a: Xerneas|20/100 brn|[from] brn
|upkeep
|turn|27
|
|t:|1665241085
|move|p2a: Xerneas|Geomancy|p2a: Xerneas|[from]lockedmove
|-boost|p2a: Xerneas|spa|2
|-boost|p2a: Xerneas|spd|2
|-boost|p2a: Xerneas|spe|2
|move|p1a: Ho-Oh|Sacred Fire|p2a: Xerneas
|-damage|p2a: Xerneas|0 fnt
|faint|p2a: Xerneas
|
|upkeep
|
|t:|1665241092
|switch|p2a: Zygarde|Zygarde-Complete, shiny|78/100
|turn|28
|
|t:|1665241096
|move|p2a: Zygarde|Dragon Dance|p2a: Zygarde
|-boost|p2a: Zygarde|atk|1
|-boost|p2a: Zygarde|spe|1
|move|p1a: Ho-Oh|Sacred Fire|p2a: Zygarde
|-resisted|p2a: Zygarde
|-damage|p2a: Zygarde|69/100
|
|upkeep
|turn|29
|
|t:|1665241104
|move|p2a: Zygarde|Stone Edge|p1a: Ho-Oh
|-supereffective|p1a: Ho-Oh
|-crit|p1a: Ho-Oh
|-damage|p1a: Ho-Oh|0 fnt
|faint|p1a: Ho-Oh
|
|upkeep
|
|t:|1665241110
|switch|p1a: Marshadow|Marshadow|100/100
|turn|30
|
|t:|1665241113
|move|p1a: Marshadow|Poltergeist||[still]
|-fail|p1a: Marshadow
|move|p2a: Zygarde|Thousand Arrows|p1a: Marshadow
|-damage|p1a: Marshadow|21/100
|
|upkeep
|turn|31
|
|t:|1665241119
|-start|p1a: Marshadow|Dynamax|
|-heal|p1a: Marshadow|21/100|[silent]
|move|p1a: Marshadow|Max Knuckle|p2a: Zygarde
|-crit|p2a: Zygarde
|-damage|p2a: Zygarde|28/100
|-boost|p1a: Marshadow|atk|1
|-damage|p1a: Marshadow|16/100|[from] item: Life Orb
|move|p2a: Zygarde|Thousand Arrows|p1a: Marshadow
|-damage|p1a: Marshadow|0 fnt
|faint|p1a: Marshadow
|
|upkeep
|
|t:|1665241131
|switch|p1a: Rayquaza|Rayquaza-Mega|1/100
|-weather|DeltaStream|[from] ability: Delta Stream|[of] p1a: Rayquaza
|turn|32
|
|t:|1665241134
|move|p1a: Rayquaza|Dragon Ascent|p2a: Zygarde
|-damage|p2a: Zygarde|0 fnt
|-unboost|p1a: Rayquaza|def|1
|-unboost|p1a: Rayquaza|spd|1
|faint|p2a: Zygarde
|
|-weather|DeltaStream|[upkeep]
|upkeep
|
|t:|1665241136
|switch|p2a: Rayquaza|Rayquaza-Mega|100/100
|turn|33
|
|t:|1665241141
|switch|p1a: Groudon|Groudon|100/100
|detailschange|p1a: Groudon|Groudon-Primal
|-primal|p1a: Groudon
|-weather|DesolateLand|[from] ability: Desolate Land|[of] p1a: Groudon
|move|p2a: Rayquaza|Extreme Speed|p1a: Groudon
|-damage|p1a: Groudon|80/100
|
|-weather|DesolateLand|[upkeep]
|upkeep
|turn|34
|
|t:|1665241150
|move|p2a: Rayquaza|Dragon Ascent|p1a: Groudon
|-damage|p1a: Groudon|27/100
|-unboost|p2a: Rayquaza|def|1
|-unboost|p2a: Rayquaza|spd|1
|move|p1a: Groudon|Thunder Wave|p2a: Rayquaza
|-status|p2a: Rayquaza|par
|
|-weather|DesolateLand|[upkeep]
|upkeep
|turn|35
|
|t:|1665241157
|move|p1a: Groudon|Stone Edge|p2a: Rayquaza
|-supereffective|p2a: Rayquaza
|-crit|p2a: Rayquaza
|-enditem|p2a: Rayquaza|Focus Sash
|-damage|p2a: Rayquaza|1/100 par
|cant|p2a: Rayquaza|par
|
|-weather|DesolateLand|[upkeep]
|upkeep
|turn|36
|
|t:|1665241164
|move|p2a: Rayquaza|Extreme Speed|p1a: Groudon
|-damage|p1a: Groudon|4/100
|move|p1a: Groudon|Stone Edge|p2a: Rayquaza|[miss]
|-miss|p1a: Groudon|p2a: Rayquaza
|
|-weather|DesolateLand|[upkeep]
|upkeep
|turn|37
|
|t:|1665241167
|cant|p2a: Rayquaza|par
|move|p1a: Groudon|Stone Edge|p2a: Rayquaza
|-supereffective|p2a: Rayquaza
|-damage|p2a: Rayquaza|0 fnt
|faint|p2a: Rayquaza
|
|win|Oftc
|raw|Oftc's rating: 1700 &rarr; <strong>1723</strong><br />(+23 for winning)
|raw|SaintLaplace's rating: 1753 &rarr; <strong>1730</strong><br />(-23 for losing)
|c|☆Oftc|Omg gg
