|j|☆ElitetoN
|j|☆CLEAR GEM清瑜
|t:|1661561084
|gametype|singles
|player|p1|ElitetoN|sabrina|1862
|player|p2|CLEAR GEM清瑜|skierf|1699
|teamsize|p1|6
|teamsize|p2|6
|gen|8
|tier|[Gen 8] National Dex AG
|rated|
|rule|HP Percentage Mod: HP is shown in percentages
|rule|Endless Battle Clause: Forcing endless battles is banned
|clearpoke
|poke|p1|Tyranitar, M|
|poke|p1|Arceus-*|
|poke|p1|Rayquaza|
|poke|p1|Kyogre|
|poke|p1|Necrozma-Dusk-Mane|
|poke|p1|Yveltal|
|poke|p2|Rayquaza|
|poke|p2|Arceus-*|
|poke|p2|Kyurem-Black|
|poke|p2|Necrozma-Dusk-Mane|
|poke|p2|Arceus-*|
|poke|p2|Xerneas-*|
|teampreview
|inactive|Battle timer is ON: inactive players will automatically lose when time's up. (requested by CLEAR GEM清瑜)
|
|t:|1661561102
|start
|switch|p1a: Kyogre|Kyogre|100/100
|switch|p2a: 究极辅助|Arceus-Dark|100/100
|-weather|RainDance|[from] ability: Drizzle|[of] p1a: Kyogre
|turn|1
|
|t:|1661561109
|move|p1a: Kyogre|Water Spout|p2a: 究极辅助
|-damage|p2a: 究极辅助|15/100
|move|p2a: 究极辅助|Stealth Rock|p1a: Kyogre
|-sidestart|p1: ElitetoN|move: Stealth Rock
|
|-weather|RainDance|[upkeep]
|upkeep
|turn|2
|
|t:|1661561112
|move|p1a: Kyogre|Water Spout|p2a: 究极辅助
|-damage|p2a: 究极辅助|0 fnt
|faint|p2a: 究极辅助
|
|-weather|RainDance|[upkeep]
|upkeep
|
|t:|1661561114
|switch|p2a: 核心大神|Rayquaza, shiny|100/100
|-ability|p2a: 核心大神|Air Lock
|turn|3
|
|t:|1661561117
|switch|p1a: Necrozma|Necrozma-Dusk-Mane|100/100
|-damage|p1a: Necrozma|94/100|[from] Stealth Rock
|detailschange|p2a: 核心大神|Rayquaza-Mega, shiny
|-mega|p2a: 核心大神|Rayquaza|
|-weather|DeltaStream|[from] ability: Delta Stream|[of] p2a: 核心大神
|move|p2a: 核心大神|Scale Shot|p1a: Necrozma
|-resisted|p1a: Necrozma
|-damage|p1a: Necrozma|89/100
|-resisted|p1a: Necrozma
|-damage|p1a: Necrozma|82/100
|-resisted|p1a: Necrozma
|-damage|p1a: Necrozma|75/100
|-hitcount|p1a: Necrozma|3
|-unboost|p2a: 核心大神|def|1
|-boost|p2a: 核心大神|spe|1
|-damage|p2a: 核心大神|91/100|[from] item: Life Orb
|
|-weather|DeltaStream|[upkeep]
|upkeep
|turn|4
|
|t:|1661561134
|switch|p1a: Tyranitar|Tyranitar, M|100/100
|-damage|p1a: Tyranitar|88/100|[from] Stealth Rock
|-ability|p1a: Tyranitar|Sand Stream|[from] deltastream|[fail]
|move|p2a: 核心大神|Earthquake|p1a: Tyranitar
|-supereffective|p1a: Tyranitar
|-damage|p1a: Tyranitar|0 fnt
|faint|p1a: Tyranitar
|-damage|p2a: 核心大神|81/100|[from] item: Life Orb
|
|-weather|DeltaStream|[upkeep]
|upkeep
|
|t:|1661561139
|switch|p1a: Yveltal|Yveltal, shiny|100/100
|-damage|p1a: Yveltal|76/100|[from] Stealth Rock
|-ability|p1a: Yveltal|Dark Aura
|turn|5
|
|t:|1661561142
|-start|p1a: Yveltal|Dynamax|
|-heal|p1a: Yveltal|76/100|[silent]
|move|p2a: 核心大神|Dragon Ascent|p1a: Yveltal
|-damage|p1a: Yveltal|22/100
|-unboost|p2a: 核心大神|def|1
|-unboost|p2a: 核心大神|spd|1
|-damage|p2a: 核心大神|71/100|[from] item: Life Orb
|move|p1a: Yveltal|Max Airstream|p2a: 核心大神
|-damage|p2a: 核心大神|0 fnt
|-boost|p1a: Yveltal|spe|1
|faint|p2a: 核心大神
|-weather|none
|-damage|p1a: Yveltal|17/100|[from] item: Life Orb
|
|upkeep
|
|t:|1661561151
|switch|p2a: 悬空羊驼|Arceus-Flying|100/100
|turn|6
|
|t:|1661561155
|-start|p2a: 悬空羊驼|Dynamax|
|-heal|p2a: 悬空羊驼|100/100|[silent]
|move|p1a: Yveltal|Max Darkness|p2a: 悬空羊驼
|-damage|p2a: 悬空羊驼|55/100
|-unboost|p2a: 悬空羊驼|spd|1
|-damage|p1a: Yveltal|12/100|[from] item: Life Orb
|move|p2a: 悬空羊驼|Max Airstream|p1a: Yveltal
|-damage|p1a: Yveltal|0 fnt
|-boost|p2a: 悬空羊驼|spe|1
|faint|p1a: Yveltal
|
|upkeep
|
|t:|1661561168
|switch|p1a: Arceus|Arceus-Ground|100/100
|-damage|p1a: Arceus|94/100|[from] Stealth Rock
|turn|7
|
|t:|1661561173
|move|p2a: 悬空羊驼|Max Airstream|p1a: Arceus
|-damage|p1a: Arceus|39/100
|-boost|p2a: 悬空羊驼|spe|1
|move|p1a: Arceus|Thunder|p2a: 悬空羊驼
|-supereffective|p2a: 悬空羊驼
|-damage|p2a: 悬空羊驼|16/100
|
|upkeep
|turn|8
|
|t:|1661561187
|move|p2a: 悬空羊驼|Max Airstream|p1a: Arceus
|-damage|p1a: Arceus|0 fnt
|-boost|p2a: 悬空羊驼|spe|1
|faint|p1a: Arceus
|
|upkeep
|
|t:|1661561192
|switch|p1a: Necrozma|Necrozma-Dusk-Mane|75/100
|-damage|p1a: Necrozma|69/100|[from] Stealth Rock
|-end|p2a: 悬空羊驼|Dynamax
|-heal|p2a: 悬空羊驼|16/100|[silent]
|turn|9
|
|t:|1661561197
|move|p2a: 悬空羊驼|Recover|p2a: 悬空羊驼
|-heal|p2a: 悬空羊驼|66/100
|move|p1a: Necrozma|Knock Off|p2a: 悬空羊驼
|-damage|p2a: 悬空羊驼|50/100
|
|upkeep
|turn|10
|
|t:|1661561201
|move|p2a: 悬空羊驼|Calm Mind|p2a: 悬空羊驼
|-boost|p2a: 悬空羊驼|spa|1
|-boost|p2a: 悬空羊驼|spd|1
|move|p1a: Necrozma|Reflect|p1a: Necrozma
|-sidestart|p1: ElitetoN|Reflect
|
|upkeep
|turn|11
|
|t:|1661561206
|move|p2a: 悬空羊驼|Earth Power|p1a: Necrozma
|-supereffective|p1a: Necrozma
|-damage|p1a: Necrozma|7/100
|move|p1a: Necrozma|Sunsteel Strike|p2a: 悬空羊驼
|-damage|p2a: 悬空羊驼|14/100
|
|upkeep
|turn|12
|
|t:|1661561211
|move|p2a: 悬空羊驼|Recover|p2a: 悬空羊驼
|-heal|p2a: 悬空羊驼|64/100
|move|p1a: Necrozma|Sunsteel Strike|p2a: 悬空羊驼
|-damage|p2a: 悬空羊驼|27/100
|
|upkeep
|turn|13
|
|t:|1661561217
|move|p2a: 悬空羊驼|Recover|p2a: 悬空羊驼
|-heal|p2a: 悬空羊驼|77/100
|move|p1a: Necrozma|Sunsteel Strike|p2a: 悬空羊驼
|-damage|p2a: 悬空羊驼|41/100
|
|upkeep
|turn|14
|
|t:|1661561221
|move|p2a: 悬空羊驼|Recover|p2a: 悬空羊驼
|-heal|p2a: 悬空羊驼|91/100
|move|p1a: Necrozma|Sunsteel Strike|p2a: 悬空羊驼
|-damage|p2a: 悬空羊驼|55/100
|
|-sideend|p1: ElitetoN|Reflect
|upkeep
|turn|15
|
|t:|1661561227
|move|p2a: 悬空羊驼|Judgment|p1a: Necrozma
|-resisted|p1a: Necrozma
|-damage|p1a: Necrozma|0 fnt
|faint|p1a: Necrozma
|
|upkeep
|
|t:|1661561229
|switch|p1a: Rayquaza|Rayquaza|100/100
|-damage|p1a: Rayquaza|75/100|[from] Stealth Rock
|-ability|p1a: Rayquaza|Air Lock
|turn|16
|
|t:|1661561233
|detailschange|p1a: Rayquaza|Rayquaza-Mega
|-mega|p1a: Rayquaza|Rayquaza|
|-weather|DeltaStream|[from] ability: Delta Stream|[of] p1a: Rayquaza
|move|p2a: 悬空羊驼|Judgment|p1a: Rayquaza
|-damage|p1a: Rayquaza|0 fnt
|faint|p1a: Rayquaza
|-weather|none
|
|upkeep
|
|t:|1661561234
|switch|p1a: Kyogre|Kyogre|100/100
|-damage|p1a: Kyogre|88/100|[from] Stealth Rock
|-weather|RainDance|[from] ability: Drizzle|[of] p1a: Kyogre
|turn|17
|
|t:|1661561238
|move|p2a: 悬空羊驼|Judgment|p1a: Kyogre
|-damage|p1a: Kyogre|15/100
|move|p1a: Kyogre|Scald|p2a: 悬空羊驼
|-damage|p2a: 悬空羊驼|6/100
|
|-weather|RainDance|[upkeep]
|upkeep
|turn|18
|
|t:|1661561243
|move|p2a: 悬空羊驼|Judgment|p1a: Kyogre
|-damage|p1a: Kyogre|0 fnt
|faint|p1a: Kyogre
|
|win|CLEAR GEM清瑜
|raw|ElitetoN's rating: 1862 &rarr; <strong>1833</strong><br />(-29 for losing)
|raw|CLEAR GEM清瑜's rating: 1699 &rarr; <strong>1728</strong><br />(+29 for winning)
|l|☆ElitetoN
||Ladder isn't responding, score probably updated but might not have (Request timeout).
