|j|☆Firebomboy
|j|☆BigDuckie
|t:|1608158162
|player|p1|Firebomboy|265|
|player|p2|BigDuckie|clair|
|teamsize|p1|6
|teamsize|p2|6
|gametype|singles
|gen|8
|tier|[Gen 8] National Dex AG
|rated|Tournament battle
|clearpoke
|poke|p1|Gengar, M|
|poke|p1|Excadrill, M|
|poke|p1|Eelektross, F|
|poke|p1|Gyarados, F|
|poke|p1|Charizard, M|
|poke|p1|Sceptile, M|
|poke|p2|Zacian-Crowned|
|poke|p2|Calyrex-Shadow|
|poke|p2|Necrozma-Dusk-Mane|
|poke|p2|Ditto|
|poke|p2|Tyranitar, F|
|poke|p2|Zygarde|
|rule|HP Percentage Mod: HP is shown in percentages
|rule|Endless Battle Clause: Forcing endless battles is banned
|teampreview
|inactive|Battle timer is ON: inactive players will automatically lose when time's up. (requested by BigDuckie)
|
|t:|1608158181
|start
|switch|p1a: Gyarados|Gyarados, F|100/100
|switch|p2a: Zygarde|Zygarde|100/100
|-ability|p1a: Gyarados|Intimidate|boost
|-unboost|p2a: Zygarde|atk|1
|turn|1
|c|☆Firebomboy|Oh my god
|
|t:|1608158193
|detailschange|p1a: Gyarados|Gyarados-Mega, F
|-mega|p1a: Gyarados|Gyarados|Gyaradosite
|-ability|p1a: Gyarados|Mold Breaker
|move|p2a: Zygarde|Substitute|p2a: Zygarde
|-start|p2a: Zygarde|Substitute
|-damage|p2a: Zygarde|76/100
|move|p1a: Gyarados|Waterfall|p2a: Zygarde
|-end|p2a: Zygarde|Substitute
|
|-heal|p2a: Zygarde|82/100|[from] item: Leftovers
|upkeep
|turn|2
|
|t:|1608158204
|switch|p2a: Necrozma|Necrozma-Dusk-Mane|100/100
|move|p1a: Gyarados|Waterfall|p2a: Necrozma
|-damage|p2a: Necrozma|79/100
|-damage|p1a: Gyarados|84/100|[from] item: Rocky Helmet|[of] p2a: Necrozma
|
|upkeep
|turn|3
|
|t:|1608158216
|move|p1a: Gyarados|Earthquake|p2a: Necrozma
|-supereffective|p2a: Necrozma
|-damage|p2a: Necrozma|52/100
|move|p2a: Necrozma|Thunder Wave|p1a: Gyarados
|-status|p1a: Gyarados|par
|
|upkeep
|turn|4
|c|☆BigDuckie|y-yes?
|
|t:|1608158225
|move|p2a: Necrozma|Knock Off|p1a: Gyarados
|-resisted|p1a: Gyarados
|-damage|p1a: Gyarados|72/100 par
|cant|p1a: Gyarados|par
|
|upkeep
|turn|5
|
|t:|1608158234
|switch|p2a: Zygarde|Zygarde|82/100
|move|p1a: Gyarados|Bite|p2a: Zygarde
|-damage|p2a: Zygarde|57/100
|
|-heal|p2a: Zygarde|63/100|[from] item: Leftovers
|upkeep
|turn|6
|
|t:|1608158242
|move|p2a: Zygarde|Substitute|p2a: Zygarde
|-start|p2a: Zygarde|Substitute
|-damage|p2a: Zygarde|38/100
|move|p1a: Gyarados|Waterfall|p2a: Zygarde
|-end|p2a: Zygarde|Substitute
|
|-heal|p2a: Zygarde|44/100|[from] item: Leftovers
|-activate|p2a: Zygarde|ability: Power Construct
|detailschange|p2a: Zygarde|Zygarde-Complete
|-heal|p2a: Zygarde|66/100|[silent]
|upkeep
|turn|7
|
|t:|1608158253
|move|p2a: Zygarde|Dragon Dance|p2a: Zygarde
|-boost|p2a: Zygarde|atk|1
|-boost|p2a: Zygarde|spe|1
|cant|p1a: Gyarados|par
|
|-heal|p2a: Zygarde|72/100|[from] item: Leftovers
|upkeep
|turn|8
|c|☆Firebomboy|OH MAN
|c|☆Firebomboy|NONONONNO
|
|t:|1608158266
|move|p2a: Zygarde|Dragon Dance|p2a: Zygarde
|-boost|p2a: Zygarde|atk|1
|-boost|p2a: Zygarde|spe|1
|move|p1a: Gyarados|Waterfall|p2a: Zygarde
|-damage|p2a: Zygarde|51/100
|
|-heal|p2a: Zygarde|57/100|[from] item: Leftovers
|upkeep
|turn|9
|inactive|Firebomboy has 120 seconds left.
|
|t:|1608158300
|move|p2a: Zygarde|Dragon Dance|p2a: Zygarde
|-boost|p2a: Zygarde|atk|1
|-boost|p2a: Zygarde|spe|1
|cant|p1a: Gyarados|par
|
|-heal|p2a: Zygarde|63/100|[from] item: Leftovers
|upkeep
|turn|10
|
|t:|1608158309
|switch|p1a: Sceptile|Sceptile, M|100/100
|move|p2a: Zygarde|Dragon Dance|p2a: Zygarde
|-boost|p2a: Zygarde|atk|1
|-boost|p2a: Zygarde|spe|1
|
|-heal|p2a: Zygarde|69/100|[from] item: Leftovers
|upkeep
|turn|11
|
|t:|1608158320
|-start|p2a: Zygarde|Dynamax
|-heal|p2a: Zygarde|69/100|[silent]
|-start|p1a: Sceptile|Dynamax
|-heal|p1a: Sceptile|100/100|[silent]
|move|p2a: Zygarde|Max Wyrmwind|p1a: Sceptile
|-damage|p1a: Sceptile|0 fnt
|faint|p1a: Sceptile
|
|-heal|p2a: Zygarde|72/100|[from] item: Leftovers
|upkeep
|c|☆Firebomboy|F
|inactive|Firebomboy has 120 seconds left.
|c|☆Firebomboy|F in the chat
|c|☆BigDuckie|f in the chat for lizard
|
|t:|1608158345
|switch|p1a: Gyarados|Gyarados-Mega, F|72/100 par
|-ability|p1a: Gyarados|Mold Breaker
|turn|12
|c|☆Firebomboy|You are a good trainer
|
|t:|1608158356
|move|p2a: Zygarde|Max Wyrmwind|p1a: Gyarados
|-damage|p1a: Gyarados|0 fnt
|faint|p1a: Gyarados
|
|-heal|p2a: Zygarde|76/100|[from] item: Leftovers
|upkeep
|c|☆BigDuckie|you too, are a good trainer
|c|☆Firebomboy|Thanks you very much
|inactive|Firebomboy has 90 seconds left.
|c|☆BigDuckie|remember elite 4 karen's words after losing
|c|☆Firebomboy|I`m from Venezuela, and you?
|c|☆BigDuckie|sacramento
|
|t:|1608158394
|switch|p1a: Gengar|Gengar, M|100/100
|turn|13
|c|☆Firebomboy|Where are it?
|
|t:|1608158412
|move|p2a: Zygarde|Max Quake|p1a: Gengar
|-supereffective|p1a: Gengar
|-damage|p1a: Gengar|0 fnt
|-boost|p2a: Zygarde|spd|1
|faint|p1a: Gengar
|
|-heal|p2a: Zygarde|79/100|[from] item: Leftovers
|-end|p2a: Zygarde|Dynamax
|-heal|p2a: Zygarde|79/100|[silent]
|upkeep
|c|☆BigDuckie|at the very east of america i think
|c|☆BigDuckie|maybe west
|inactive|Firebomboy has 60 seconds left.
|c|☆Firebomboy|Okok
|c|☆Firebomboy|I speak English and Spanish
|c|☆BigDuckie|i can sing a few japanese songs, but was speaking english
|inactive|Firebomboy has 30 seconds left.
|inactive|Firebomboy has 20 seconds left.
|inactive|Firebomboy has 15 seconds left.
|c|☆Firebomboy|x2 with the japonese songs
|inactive|Firebomboy has 10 seconds left.
|inactive|Firebomboy has 5 seconds left.
|c|☆BigDuckie|ok gg
|-message|Firebomboy lost due to inactivity.
|
|win|BigDuckie
|n|☆Firebomboy|firebomboy
|n|☆BigDuckie|bigduckie
|l|☆BigDuckie
