|j|☆Diancie_hhh
|j|☆Direhands
|t:|1656228766
|gametype|singles
|player|p1|Diancie_hhh|steven|1558
|player|p2|Direhands|gambler|1746
|teamsize|p1|6
|teamsize|p2|6
|gen|8
|tier|[Gen 8] National Dex AG
|rated|
|rule|HP Percentage Mod: HP is shown in percentages
|rule|Endless Battle Clause: Forcing endless battles is banned
|clearpoke
|poke|p1|Ninjask, M|
|poke|p1|Arceus-*|
|poke|p1|Groudon|
|poke|p1|Ho-Oh|
|poke|p1|Zacian-*|
|poke|p1|Melmetal|
|poke|p2|Arceus-*|
|poke|p2|Arceus-*|
|poke|p2|Arceus-*|
|poke|p2|Arceus-*|
|poke|p2|Arceus-*|
|poke|p2|Arceus-*|
|teampreview
|inactive|Battle timer is ON: inactive players will automatically lose when time's up. (requested by Direhands)
|
|t:|1656228775
|start
|switch|p1a: Zacian|Zacian-Crowned|100/100
|switch|p2a: Original|Arceus|100/100
|-ability|p1a: Zacian|Intrepid Sword|boost
|-boost|p1a: Zacian|atk|1
|turn|1
|
|t:|1656228785
|switch|p2a: Kyogree|Arceus-Water|100/100
|move|p1a: Zacian|Close Combat|p2a: Kyogree
|-damage|p2a: Kyogree|64/100
|-unboost|p1a: Zacian|def|1
|-unboost|p1a: Zacian|spd|1
|
|upkeep
|turn|2
|
|t:|1656228796
|move|p1a: Zacian|Play Rough|p2a: Kyogree
|-damage|p2a: Kyogree|20/100
|move|p2a: Kyogree|Recover|p2a: Kyogree
|-heal|p2a: Kyogree|70/100
|
|upkeep
|turn|3
|
|t:|1656228807
|switch|p1a: Groudon|Groudon, shiny|100/100
|detailschange|p1a: Groudon|Groudon-Primal, shiny
|-primal|p1a: Groudon
|-weather|DesolateLand|[from] ability: Desolate Land|[of] p1a: Groudon
|move|p2a: Kyogree|Will-O-Wisp|p1a: Groudon
|-immune|p1a: Groudon
|
|-weather|DesolateLand|[upkeep]
|upkeep
|turn|4
|
|t:|1656228817
|move|p2a: Kyogree|Recover|p2a: Kyogree
|-heal|p2a: Kyogree|100/100
|move|p1a: Groudon|Stealth Rock|p2a: Kyogree
|-sidestart|p2: Direhands|move: Stealth Rock
|
|-weather|DesolateLand|[upkeep]
|upkeep
|turn|5
|
|t:|1656228826
|switch|p2a: GeMmeS|Arceus|100/100
|-damage|p2a: GeMmeS|88/100|[from] Stealth Rock
|move|p1a: Groudon|Earthquake|p2a: GeMmeS
|-damage|p2a: GeMmeS|42/100
|
|-weather|DesolateLand|[upkeep]
|upkeep
|turn|6
|
|t:|1656228836
|move|p2a: GeMmeS|Earthquake|p1a: Groudon
|-supereffective|p1a: Groudon
|-damage|p1a: Groudon|56/100
|move|p1a: Groudon|Fire Punch|p2a: GeMmeS
|-damage|p2a: GeMmeS|0 fnt
|faint|p2a: GeMmeS
|
|-weather|DesolateLand|[upkeep]
|upkeep
|
|t:|1656228841
|switch|p2a: Original|Arceus|100/100
|-damage|p2a: Original|88/100|[from] Stealth Rock
|turn|7
|
|t:|1656228848
|move|p2a: Original|Reflect|p2a: Original
|-sidestart|p2: Direhands|Reflect
|move|p1a: Groudon|Fire Punch|p2a: Original
|-damage|p2a: Original|61/100
|
|-weather|DesolateLand|[upkeep]
|upkeep
|turn|8
|
|t:|1656228858
|move|p2a: Original|Stealth Rock|p1a: Groudon
|-sidestart|p1: Diancie_hhh|move: Stealth Rock
|move|p1a: Groudon|Fire Punch|p2a: Original
|-damage|p2a: Original|33/100
|
|-weather|DesolateLand|[upkeep]
|upkeep
|turn|9
|
|t:|1656228871
|move|p2a: Original|Light Screen|p2a: Original
|-sidestart|p2: Direhands|move: Light Screen
|move|p1a: Groudon|Fire Punch|p2a: Original
|-damage|p2a: Original|6/100
|
|-weather|DesolateLand|[upkeep]
|upkeep
|turn|10
|
|t:|1656228878
|move|p2a: Original|Extreme Speed|p1a: Groudon
|-damage|p1a: Groudon|28/100
|move|p1a: Groudon|Fire Punch|p2a: Original
|-damage|p2a: Original|0 fnt
|faint|p2a: Original
|
|-weather|DesolateLand|[upkeep]
|upkeep
|
|t:|1656228881
|switch|p2a: Pdon|Arceus-Ground|100/100
|-damage|p2a: Pdon|94/100|[from] Stealth Rock
|turn|11
|
|t:|1656228892
|move|p2a: Pdon|Calm Mind|p2a: Pdon
|-boost|p2a: Pdon|spa|1
|-boost|p2a: Pdon|spd|1
|move|p1a: Groudon|Fire Punch|p2a: Pdon
|-damage|p2a: Pdon|68/100
|
|-weather|DesolateLand|[upkeep]
|upkeep
|turn|12
|
|t:|1656228902
|move|p2a: Pdon|Calm Mind|p2a: Pdon
|-boost|p2a: Pdon|spa|1
|-boost|p2a: Pdon|spd|1
|move|p1a: Groudon|Fire Punch|p2a: Pdon
|-damage|p2a: Pdon|43/100
|
|-weather|DesolateLand|[upkeep]
|upkeep
|turn|13
|
|t:|1656228912
|move|p2a: Pdon|Recover|p2a: Pdon
|-heal|p2a: Pdon|93/100
|move|p1a: Groudon|Fire Punch|p2a: Pdon
|-damage|p2a: Pdon|68/100
|
|-weather|DesolateLand|[upkeep]
|upkeep
|turn|14
|
|t:|1656228921
|move|p2a: Pdon|Judgment|p1a: Groudon
|-supereffective|p1a: Groudon
|-damage|p1a: Groudon|0 fnt
|faint|p1a: Groudon
|-weather|none
|
|-sideend|p2: Direhands|Reflect
|upkeep
|
|t:|1656228935
|switch|p1a: Arceus|Arceus, shiny|100/100
|-damage|p1a: Arceus|88/100|[from] Stealth Rock
|turn|15
|
|t:|1656228942
|-start|p1a: Arceus|Dynamax|
|-heal|p1a: Arceus|88/100|[silent]
|move|p1a: Arceus|Max Strike|p2a: Pdon
|-damage|p2a: Pdon|12/100
|-unboost|p2a: Pdon|spe|1
|-damage|p1a: Arceus|83/100|[from] item: Life Orb
|move|p2a: Pdon|Judgment|p1a: Arceus
|-damage|p1a: Arceus|38/100
|
|upkeep
|turn|16
|
|t:|1656228956
|move|p1a: Arceus|Max Airstream|p2a: Pdon
|-damage|p2a: Pdon|0 fnt
|-boost|p1a: Arceus|spe|1
|faint|p2a: Pdon
|-damage|p1a: Arceus|33/100|[from] item: Life Orb
|
|-sideend|p2: Direhands|move: Light Screen
|upkeep
|
|t:|1656228959
|switch|p2a: Kyogree|Arceus-Water|100/100
|-damage|p2a: Kyogree|88/100|[from] Stealth Rock
|turn|17
|
|t:|1656228971
|move|p1a: Arceus|Max Strike|p2a: Kyogree
|-damage|p2a: Kyogree|46/100
|-unboost|p2a: Kyogree|spe|1
|-damage|p1a: Arceus|28/100|[from] item: Life Orb
|move|p2a: Kyogree|Will-O-Wisp|p1a: Arceus
|-status|p1a: Arceus|brn
|
|-damage|p1a: Arceus|25/100 brn|[from] brn
|upkeep
|-end|p1a: Arceus|Dynamax
|-heal|p1a: Arceus|25/100 brn|[silent]
|turn|18
|inactive|Direhands has 120 seconds left.
|
|t:|1656229014
|move|p1a: Arceus|Extreme Speed|p2a: Kyogree
|-damage|p2a: Kyogree|31/100
|-damage|p1a: Arceus|15/100 brn|[from] item: Life Orb
|move|p2a: Kyogree|Recover|p2a: Kyogree
|-heal|p2a: Kyogree|81/100
|
|-damage|p1a: Arceus|9/100 brn|[from] brn
|upkeep
|turn|19
|
|t:|1656229025
|move|p1a: Arceus|Recover|p1a: Arceus
|-heal|p1a: Arceus|59/100 brn
|move|p2a: Kyogree|Recover|p2a: Kyogree
|-heal|p2a: Kyogree|100/100
|
|-damage|p1a: Arceus|52/100 brn|[from] brn
|upkeep
|turn|20
|
|t:|1656229037
|move|p1a: Arceus|Recover|p1a: Arceus
|-heal|p1a: Arceus|100/100 brn
|move|p2a: Kyogree|Judgment|p1a: Arceus
|-damage|p1a: Arceus|68/100 brn
|
|-damage|p1a: Arceus|62/100 brn|[from] brn
|upkeep
|turn|21
|
|t:|1656229056
|move|p1a: Arceus|Swords Dance|p1a: Arceus
|-boost|p1a: Arceus|atk|2
|move|p2a: Kyogree|Perish Song|p2a: Kyogree
|-start|p1a: Arceus|perish3|[silent]
|-start|p2a: Kyogree|perish3|[silent]
|-fieldactivate|move: Perish Song
|
|-damage|p1a: Arceus|56/100 brn|[from] brn
|-start|p1a: Arceus|perish3
|-start|p2a: Kyogree|perish3
|upkeep
|turn|22
|inactive|Diancie_hhh has 120 seconds left.
|
|t:|1656229071
|move|p1a: Arceus|Fly||[still]
|-prepare|p1a: Arceus|Fly
|move|p2a: Kyogree|Judgment|p1a: Arceus|[miss]
|-miss|p2a: Kyogree|p1a: Arceus
|
|-damage|p1a: Arceus|50/100 brn|[from] brn
|-start|p1a: Arceus|perish2
|-start|p2a: Kyogree|perish2
|upkeep
|turn|23
|inactive|Diancie_hhh has 120 seconds left.
|
|t:|1656229082
|move|p1a: Arceus|Fly|p2a: Kyogree|[from]lockedmove
|-damage|p2a: Kyogree|82/100
|-damage|p1a: Arceus|40/100 brn|[from] item: Life Orb
|move|p2a: Kyogree|Recover|p2a: Kyogree
|-heal|p2a: Kyogree|100/100
|
|-damage|p1a: Arceus|34/100 brn|[from] brn
|-start|p1a: Arceus|perish1
|-start|p2a: Kyogree|perish1
|upkeep
|turn|24
|inactive|Diancie_hhh has 120 seconds left.
|
|t:|1656229100
|switch|p1a: Ho-Oh|Ho-Oh|100/100
|switch|p2a: Xerneass|Arceus-Fairy|100/100
|-damage|p2a: Xerneass|88/100|[from] Stealth Rock
|
|upkeep
|turn|25
|inactive|Diancie_hhh has 120 seconds left.
|
|t:|1656229112
|move|p2a: Xerneass|Substitute|p2a: Xerneass
|-start|p2a: Xerneass|Substitute
|-damage|p2a: Xerneass|63/100
|move|p1a: Ho-Oh|Toxic||[still]
|-fail|p1a: Ho-Oh
|
|upkeep
|turn|26
|inactive|Diancie_hhh has 120 seconds left.
|
|t:|1656229122
|switch|p1a: Melmetal|Melmetal|100/100
|-damage|p1a: Melmetal|94/100|[from] Stealth Rock
|move|p2a: Xerneass|Recover|p2a: Xerneass
|-heal|p2a: Xerneass|100/100
|
|upkeep
|turn|27
|
|t:|1656229131
|move|p2a: Xerneass|Judgment|p1a: Melmetal
|-resisted|p1a: Melmetal
|-damage|p1a: Melmetal|57/100
|move|p1a: Melmetal|Double Iron Bash|p2a: Xerneass
|-supereffective|p2a: Xerneass
|-crit|p2a: Xerneass
|-end|p2a: Xerneass|Substitute
|-supereffective|p2a: Xerneass
|-damage|p2a: Xerneass|19/100
|-hitcount|p2a: Xerneass|2
|
|upkeep
|turn|28
|
|t:|1656229142
|move|p2a: Xerneass|Judgment|p1a: Melmetal
|-resisted|p1a: Melmetal
|-crit|p1a: Melmetal
|-damage|p1a: Melmetal|2/100
|move|p1a: Melmetal|Double Iron Bash|p2a: Xerneass
|-supereffective|p2a: Xerneass
|-damage|p2a: Xerneass|0 fnt
|faint|p2a: Xerneass
|-hitcount|p2: Xerneass|1
|
|upkeep
|
|t:|1656229146
|switch|p2a: Kyogree|Arceus-Water|100/100
|-damage|p2a: Kyogree|88/100|[from] Stealth Rock
|turn|29
|
|t:|1656229156
|move|p2a: Kyogree|Judgment|p1a: Melmetal
|-damage|p1a: Melmetal|0 fnt
|faint|p1a: Melmetal
|
|upkeep
|
|t:|1656229162
|switch|p1a: Ho-Oh|Ho-Oh|100/100
|turn|30
|
|t:|1656229173
|-start|p2a: Kyogree|Dynamax|
|-heal|p2a: Kyogree|88/100|[silent]
|move|p2a: Kyogree|Max Geyser|p1a: Ho-Oh
|-supereffective|p1a: Ho-Oh
|-damage|p1a: Ho-Oh|42/100
|-weather|RainDance
|move|p1a: Ho-Oh|Toxic|p2a: Kyogree
|-status|p2a: Kyogree|tox
|
|-weather|RainDance|[upkeep]
|-damage|p2a: Kyogree|85/100 tox|[from] psn
|upkeep
|turn|31
|
|t:|1656229191
|move|p2a: Kyogree|Max Geyser|p1a: Ho-Oh
|-supereffective|p1a: Ho-Oh
|-damage|p1a: Ho-Oh|0 fnt
|faint|p1a: Ho-Oh
|
|-weather|RainDance|[upkeep]
|-damage|p2a: Kyogree|79/100 tox|[from] psn
|upkeep
|
|t:|1656229200
|switch|p1a: Ninjask|Ninjask, M, shiny|100/100
|-damage|p1a: Ninjask|50/100|[from] Stealth Rock
|turn|32
|
|t:|1656229207
|move|p1a: Ninjask|Substitute|p1a: Ninjask
|-start|p1a: Ninjask|Substitute
|-damage|p1a: Ninjask|26/100
|move|p2a: Kyogree|Max Geyser|p1a: Ninjask
|-end|p1a: Ninjask|Substitute
|
|-weather|RainDance|[upkeep]
|-heal|p1a: Ninjask|32/100|[from] item: Leftovers
|-damage|p2a: Kyogree|70/100 tox|[from] psn
|-ability|p1a: Ninjask|Speed Boost|boost
|-boost|p1a: Ninjask|spe|1
|upkeep
|-end|p2a: Kyogree|Dynamax
|-heal|p2a: Kyogree|70/100 tox|[silent]
|turn|33
|
|t:|1656229222
|switch|p2a: Yveltall|Arceus-Dark|100/100
|-damage|p2a: Yveltall|88/100|[from] Stealth Rock
|move|p1a: Ninjask|Substitute|p1a: Ninjask
|-start|p1a: Ninjask|Substitute
|-damage|p1a: Ninjask|7/100
|
|-weather|RainDance|[upkeep]
|-heal|p1a: Ninjask|13/100|[from] item: Leftovers
|-ability|p1a: Ninjask|Speed Boost|boost
|-boost|p1a: Ninjask|spe|1
|upkeep
|turn|34
|
|t:|1656229237
|move|p1a: Ninjask|Baton Pass|p1a: Ninjask
|
|t:|1656229240
|switch|p1a: Zacian|Zacian-Crowned|100/100|[from]move: Baton Pass
|-damage|p1a: Zacian|94/100|[from] Stealth Rock
|-ability|p1a: Zacian|Intrepid Sword|boost
|-boost|p1a: Zacian|atk|1
|move|p2a: Yveltall|Judgment|p1a: Zacian
|-resisted|p1a: Zacian
|-activate|p1a: Zacian|move: Substitute|[damage]
|
|-weather|none
|upkeep
|turn|35
|
|t:|1656229253
|move|p1a: Zacian|Play Rough|p2a: Yveltall
|-supereffective|p2a: Yveltall
|-damage|p2a: Yveltall|0 fnt
|faint|p2a: Yveltall
|
|upkeep
|
|t:|1656229257
|switch|p2a: Kyogree|Arceus-Water|70/100 tox
|-damage|p2a: Kyogree|57/100 tox|[from] Stealth Rock
|turn|36
|
|t:|1656229265
|move|p1a: Zacian|Play Rough|p2a: Kyogree
|-damage|p2a: Kyogree|19/100 tox
|-unboost|p2a: Kyogree|atk|1
|move|p2a: Kyogree|Judgment|p1a: Zacian
|-end|p1a: Zacian|Substitute
|
|-damage|p2a: Kyogree|13/100 tox|[from] psn
|upkeep
|turn|37
|-message|Direhands forfeited.
|
|win|Diancie_hhh
|raw|Diancie_hhh's rating: 1558 &rarr; <strong>1588</strong><br />(+30 for winning)
|raw|Direhands's rating: 1746 &rarr; <strong>1716</strong><br />(-30 for losing)
|l|☆Direhands
