|j|☆TaxFraud094
|j|☆garagaming7490
|inactive|Battle timer is ON: inactive players will automatically lose when time's up.
|t:|1666274793
|gametype|singles
|player|p1|TaxFraud094|skyla-masters2|
|player|p2|garagaming7490|nate|
|teamsize|p1|6
|teamsize|p2|6
|gen|8
|tier|[Gen 8] National Dex AG
|rated|Tournament battle
|rule|HP Percentage Mod: HP is shown in percentages
|rule|Endless Battle Clause: Forcing endless battles is banned
|clearpoke
|poke|p1|Zacian-*|
|poke|p1|Arceus-*|
|poke|p1|Groudon|
|poke|p1|Necrozma-Dusk-Mane|
|poke|p1|Yveltal|
|poke|p1|Marshadow|
|poke|p2|Eternatus|
|poke|p2|Rayquaza|
|poke|p2|Necrozma-Dusk-Mane|
|poke|p2|Arceus-*|
|poke|p2|Arceus-*|
|poke|p2|Calyrex-Shadow|
|teampreview
|inactive|TaxFraud094 also wants the timer to be on.
|j| AGLadderSlowRun
|j| Seora
|c|☆TaxFraud094|glhf
|j| Shin-Evangelion亞
|c| AGLadderSlowRun|yveltal gonna go ham here if its offensive
|
|t:|1666274817
|start
|switch|p1a: Zacian|Zacian-Crowned, shiny|100/100
|switch|p2a: Eternatus|Eternatus|100/100
|-ability|p1a: Zacian|Intrepid Sword|boost
|-boost|p1a: Zacian|atk|1
|-ability|p2a: Eternatus|Pressure
|turn|1
|c|☆garagaming7490|whose one are u talking about
|j| Wrathoftheleopard
|c|☆garagaming7490|:skull:
|c|☆garagaming7490|wait
|c| AGLadderSlowRun|theres a single yveltal
|c|☆garagaming7490|i realised
|j| powk43
|c| AGLadderSlowRun|bruh
|c|☆garagaming7490|im using the
|c| AGLadderSlowRun|:skull:
|c|☆garagaming7490|wrong f'ing team
|
|t:|1666274839
|switch|p1a: Arceus|Arceus-Ground|100/100
|switch|p2a: Necrozma|Necrozma-Dusk-Mane|100/100
|
|upkeep
|turn|2
|c|☆garagaming7490|wtv
|
|t:|1666274848
|switch|p2a: Arceus|Arceus-Water|100/100
|move|p1a: Arceus|Calm Mind|p1a: Arceus
|-boost|p1a: Arceus|spa|1
|-boost|p1a: Arceus|spd|1
|
|upkeep
|turn|3
|c| AGLadderSlowRun|rip
|
|t:|1666274855
|move|p1a: Arceus|Judgment|p2a: Arceus
|-damage|p2a: Arceus|40/100
|move|p2a: Arceus|Judgment|p1a: Arceus
|-supereffective|p1a: Arceus
|-damage|p1a: Arceus|53/100
|
|upkeep
|turn|4
|c|☆garagaming7490|oh fk
|j| OUTD Zygarde
|c|☆garagaming7490|its the best arc set
|
|t:|1666274866
|switch|p2a: Rayquaza|Rayquaza|100/100
|-ability|p2a: Rayquaza|Air Lock
|move|p1a: Arceus|Calm Mind|p1a: Arceus
|-boost|p1a: Arceus|spa|1
|-boost|p1a: Arceus|spd|1
|
|upkeep
|turn|5
|
|t:|1666274871
|detailschange|p2a: Rayquaza|Rayquaza-Mega
|-mega|p2a: Rayquaza|Rayquaza|
|-weather|DeltaStream|[from] ability: Delta Stream|[of] p2a: Rayquaza
|move|p1a: Arceus|Ice Beam|p2a: Rayquaza
|-activate||deltastream
|-supereffective|p2a: Rayquaza
|-damage|p2a: Rayquaza|0 fnt
|faint|p2a: Rayquaza
|-weather|none
|
|upkeep
|
|t:|1666274882
|switch|p2a: Calyrex|Calyrex-Shadow|100/100
|-ability|p2a: Calyrex|As One
|-ability|p2a: Calyrex|Unnerve
|turn|6
|c|☆garagaming7490|sooo
|c|☆garagaming7490|i lose?
|
|t:|1666274890
|-start|p1a: Arceus|Dynamax|
|-heal|p1a: Arceus|53/100|[silent]
|move|p2a: Calyrex|Psyshock|p1a: Arceus
|-damage|p1a: Arceus|35/100
|move|p1a: Arceus|Max Quake|p2a: Calyrex
|-damage|p2a: Calyrex|0 fnt
|-boost|p1a: Arceus|spd|1
|faint|p2a: Calyrex
|
|upkeep
|c|☆garagaming7490|yep
|
|t:|1666274894
|switch|p2a: Arceus|Arceus-Dark|100/100
|turn|7
|
|t:|1666274898
|-start|p2a: Arceus|Dynamax|
|-heal|p2a: Arceus|100/100|[silent]
|move|p2a: Arceus|Max Guard|p2a: Arceus
|-singleturn|p2a: Arceus|Max Guard
|move|p1a: Arceus|Max Quake|p2a: Arceus
|-activate|p2a: Arceus|move: Max Guard
|
|upkeep
|turn|8
|
|t:|1666274905
|move|p1a: Arceus|Max Guard|p1a: Arceus
|-singleturn|p1a: Arceus|Max Guard
|move|p2a: Arceus|Max Darkness|p1a: Arceus
|-activate|p1a: Arceus|move: Max Guard
|
|upkeep
|-end|p1a: Arceus|Dynamax
|-heal|p1a: Arceus|35/100|[silent]
|turn|9
|
|t:|1666274907
|move|p1a: Arceus|Recover|p1a: Arceus
|-heal|p1a: Arceus|85/100
|move|p2a: Arceus|Max Darkness|p1a: Arceus
|-damage|p1a: Arceus|63/100
|-unboost|p1a: Arceus|spd|1
|
|upkeep
|-end|p2a: Arceus|Dynamax
|-heal|p2a: Arceus|100/100|[silent]
|turn|10
|
|t:|1666274915
|move|p1a: Arceus|Judgment|p2a: Arceus
|-damage|p2a: Arceus|39/100
|move|p2a: Arceus|Calm Mind|p2a: Arceus
|-boost|p2a: Arceus|spa|1
|-boost|p2a: Arceus|spd|1
|
|upkeep
|turn|11
|j| Karlaaaaaa
|
|t:|1666274919
|move|p1a: Arceus|Judgment|p2a: Arceus
|-damage|p2a: Arceus|0 fnt
|faint|p2a: Arceus
|
|upkeep
|c|☆garagaming7490|gege
|c|☆garagaming7490|LOL
|-message|garagaming7490 forfeited.
|
|win|TaxFraud094
|n|☆TaxFraud094|taxfraud094
|n|☆garagaming7490|garagaming7490
|n| AGLadderSlowRun|agladderslowrun
|n| Seora|seora
|n| Shin-Evangelion亞|shinevangelion
|n| Wrathoftheleopard|wrathoftheleopard
|n| powk43|powk43
|n| OUTD Zygarde|outdzygarde
|n| Karlaaaaaa|karlaaaaaa
|l|☆garagaming7490
|l| Seora
|c|☆TaxFraud094|gg
|l| AGLadderSlowRun
|l| powk43
|l| Karlaaaaaa
|j| Cope Harder fr
|l| Shin-Evangelion亞
|j| AmoghOp(
|l| AmoghOp(
|l| Cope Harder fr
