|j|‽LocalMetagross
|j|‽Mawm
|t:|1665874344
|gametype|singles
|player|p1|LocalMetagross|akari|1683
|player|p2|Mawm|1|1802
|teamsize|p1|6
|teamsize|p2|6
|gen|8
|tier|[Gen 8] National Dex AG
|rated|
|rule|HP Percentage Mod: HP is shown in percentages
|rule|Endless Battle Clause: Forcing endless battles is banned
|clearpoke
|poke|p1|Deoxys-Speed|
|poke|p1|Yveltal|
|poke|p1|Zekrom|
|poke|p1|Marshadow|
|poke|p1|Xerneas-*|
|poke|p1|Calyrex-Shadow|
|poke|p2|Arceus-*|
|poke|p2|Genesect|
|poke|p2|Yveltal|
|poke|p2|Necrozma-Dusk-Mane|
|poke|p2|Rayquaza|
|poke|p2|Groudon|
|teampreview
|inactive|Battle timer is ON: inactive players will automatically lose when time's up. (requested by Mawm)
|
|t:|1665874361
|start
|switch|p1a: Deoxys|Deoxys-Speed|100/100
|switch|p2a: Arceus|Arceus|100/100
|-ability|p1a: Deoxys|Pressure
|turn|1
|
|t:|1665874365
|move|p1a: Deoxys|Stealth Rock|p2a: Arceus
|-sidestart|p2: Mawm|move: Stealth Rock
|move|p2a: Arceus|Shadow Claw|p1a: Deoxys
|-supereffective|p1a: Deoxys
|-damage|p1a: Deoxys|43/100
|
|upkeep
|turn|2
|
|t:|1665874369
|move|p1a: Deoxys|Thunder Wave|p2a: Arceus|[miss]
|-miss|p1a: Deoxys|p2a: Arceus
|move|p2a: Arceus|Swords Dance|p2a: Arceus
|-boost|p2a: Arceus|atk|2
|
|upkeep
|turn|3
|
|t:|1665874371
|move|p2a: Arceus|Extreme Speed|p1a: Deoxys
|-damage|p1a: Deoxys|0 fnt
|faint|p1a: Deoxys
|
|upkeep
|
|t:|1665874373
|switch|p1a: Marshadow|Marshadow|100/100
|turn|4
|
|t:|1665874375
|move|p1a: Marshadow|Low Kick|p2a: Arceus
|-supereffective|p2a: Arceus
|-damage|p2a: Arceus|2/100
|-damage|p1a: Marshadow|91/100|[from] item: Life Orb
|move|p2a: Arceus|Shadow Claw|p1a: Marshadow
|-supereffective|p1a: Marshadow
|-damage|p1a: Marshadow|0 fnt
|faint|p1a: Marshadow
|
|upkeep
|
|t:|1665874379
|switch|p1a: Calyrex|Calyrex-Shadow|100/100
|-ability|p1a: Calyrex|As One
|-ability|p1a: Calyrex|Unnerve
|turn|5
|
|t:|1665874380
|move|p1a: Calyrex|Draining Kiss|p2a: Arceus
|-damage|p2a: Arceus|0 fnt
|faint|p2a: Arceus
|-ability|p1a: Calyrex|Grim Neigh|boost
|-boost|p1a: Calyrex|spa|1
|
|upkeep
|
|t:|1665874382
|switch|p2a: Yveltal|Yveltal, shiny|100/100
|-damage|p2a: Yveltal|76/100|[from] Stealth Rock
|-ability|p2a: Yveltal|Dark Aura
|turn|6
|
|t:|1665874385
|-start|p1a: Calyrex|Dynamax|
|-heal|p1a: Calyrex|100/100|[silent]
|-start|p2a: Yveltal|Dynamax|
|-heal|p2a: Yveltal|76/100|[silent]
|move|p1a: Calyrex|Max Starfall|p2a: Yveltal
|-supereffective|p2a: Yveltal
|-damage|p2a: Yveltal|38/100
|-fieldstart|move: Misty Terrain
|move|p2a: Yveltal|Max Airstream|p1a: Calyrex
|-damage|p1a: Calyrex|66/100
|-boost|p2a: Yveltal|spe|1
|
|upkeep
|turn|7
|
|t:|1665874389
|move|p2a: Yveltal|Max Darkness|p1a: Calyrex
|-supereffective|p1a: Calyrex
|-damage|p1a: Calyrex|0 fnt
|faint|p1a: Calyrex
|
|upkeep
|
|t:|1665874392
|switch|p1a: Zekrom|Zekrom|100/100
|-ability|p1a: Zekrom|Teravolt
|turn|8
|
|t:|1665874394
|move|p2a: Yveltal|Max Darkness|p1a: Zekrom
|-damage|p1a: Zekrom|0 fnt
|faint|p1a: Zekrom
|
|upkeep
|-message|LocalMetagross forfeited.
|
|win|Mawm
|raw|LocalMetagross's rating: 1683 &rarr; <strong>1670</strong><br />(-13 for losing)
|raw|Mawm's rating: 1802 &rarr; <strong>1815</strong><br />(+13 for winning)
|l|‽LocalMetagross
