|j|☆DopeAsGuy
|j|☆aseeasase
|t:|1664168950
|gametype|singles
|player|p1|DopeAsGuy|n|1577
|player|p2|aseeasase|101|1898
|teamsize|p1|6
|teamsize|p2|6
|gen|8
|tier|[Gen 8] National Dex AG
|rated|
|rule|HP Percentage Mod: HP is shown in percentages
|rule|Endless Battle Clause: Forcing endless battles is banned
|clearpoke
|poke|p1|Rayquaza|
|poke|p1|Groudon|
|poke|p1|Calyrex-Shadow|
|poke|p1|Zacian-*|
|poke|p1|Smeargle, F|
|poke|p1|Regieleki|
|poke|p2|Mimikyu, F|
|poke|p2|Mimikyu, F|
|poke|p2|Arceus-*|
|poke|p2|Arceus-*|
|poke|p2|Arceus-*|
|poke|p2|Arceus-*|
|teampreview
|c|☆DopeAsGuy|finally
|c|☆DopeAsGuy|this is what i came to ag for
|
|t:|1664168969
|start
|switch|p1a: Smeargle|Smeargle, F|100/100
|switch|p2a: Arceus|Arceus-Ghost|100/100
|turn|1
|
|t:|1664168972
|move|p2a: Arceus|Magic Coat|p2a: Arceus
|-singleturn|p2a: Arceus|move: Magic Coat
|move|p1a: Smeargle|Spore|p2a: Arceus
|move|p2a: Arceus|Spore|p1a: Smeargle|[from]Magic Coat
|-status|p1a: Smeargle|slp|[from] move: Spore
|
|-ability|p1a: Smeargle|Moody|boost
|-boost|p1a: Smeargle|def|2
|-unboost|p1a: Smeargle|atk|1
|upkeep
|turn|2
|inactive|Battle timer is ON: inactive players will automatically lose when time's up. (requested by DopeAsGuy)
|j| kizi22122
|
|t:|1664168987
|move|p2a: Arceus|Ice Beam|p1a: Smeargle
|-damage|p1a: Smeargle|34/100 slp
|cant|p1a: Smeargle|slp
|
|-ability|p1a: Smeargle|Moody|boost
|-boost|p1a: Smeargle|atk|2
|-unboost|p1a: Smeargle|spa|1
|upkeep
|turn|3
|
|t:|1664169000
|switch|p1a: Calyrex|Calyrex-Shadow|100/100
|-ability|p1a: Calyrex|As One
|-ability|p1a: Calyrex|Unnerve
|move|p2a: Arceus|Stealth Rock|p1a: Calyrex
|-sidestart|p1: DopeAsGuy|move: Stealth Rock
|
|upkeep
|turn|4
|inactive|aseeasase has 120 seconds left.
|
|t:|1664169036
|move|p1a: Calyrex|Substitute|p1a: Calyrex
|-start|p1a: Calyrex|Substitute
|-damage|p1a: Calyrex|76/100
|move|p2a: Arceus|Judgment|p1a: Calyrex
|-supereffective|p1a: Calyrex
|-end|p1a: Calyrex|Substitute
|
|upkeep
|turn|5
|inactive|aseeasase has 120 seconds left.
|
|t:|1664169044
|move|p1a: Calyrex|Astral Barrage|p2a: Arceus
|-supereffective|p2a: Arceus
|-damage|p2a: Arceus|0 fnt
|faint|p2a: Arceus
|-ability|p1a: Calyrex|Grim Neigh|boost
|-boost|p1a: Calyrex|spa|1
|-damage|p1a: Calyrex|66/100|[from] item: Life Orb
|
|upkeep
|inactive|aseeasase has 120 seconds left.
|
|t:|1664169055
|switch|p2a: Mimikyu|Mimikyu, F|100/100
|turn|6
|
|t:|1664169058
|move|p2a: Mimikyu|Shadow Sneak|p1a: Calyrex
|-supereffective|p1a: Calyrex
|-damage|p1a: Calyrex|0 fnt
|faint|p1a: Calyrex
|
|upkeep
|
|t:|1664169067
|switch|p1a: Regieleki|Regieleki|100/100
|-damage|p1a: Regieleki|88/100|[from] Stealth Rock
|turn|7
|
|t:|1664169074
|move|p1a: Regieleki|Volt Switch|p2a: Mimikyu
|-activate|p2a: Mimikyu|ability: Disguise
|-damage|p2a: Mimikyu|100/100
|detailschange|p2a: Mimikyu|Mimikyu-Busted, F
|-damage|p2a: Mimikyu|88/100|[from] pokemon: Mimikyu-Busted
|
|t:|1664169080
|switch|p1a: Smeargle|Smeargle, F|34/100 slp|[from]move: Volt Switch
|-damage|p1a: Smeargle|22/100 slp|[from] Stealth Rock
|-zpower|p2a: Mimikyu
|move|p2a: Mimikyu|Let's Snuggle Forever|p1a: Smeargle|[zeffect]
|-damage|p1a: Smeargle|0 fnt
|faint|p1a: Smeargle
|
|upkeep
|
|t:|1664169086
|switch|p1a: Zacian|Zacian-Crowned|100/100
|-damage|p1a: Zacian|94/100|[from] Stealth Rock
|-ability|p1a: Zacian|Intrepid Sword|boost
|-boost|p1a: Zacian|atk|1
|turn|8
|
|t:|1664169099
|move|p1a: Zacian|Behemoth Blade|p2a: Mimikyu
|-supereffective|p2a: Mimikyu
|-damage|p2a: Mimikyu|0 fnt
|faint|p2a: Mimikyu
|
|upkeep
|
|t:|1664169115
|switch|p2a: Arceus|Arceus-Ground|100/100
|turn|9
|
|t:|1664169127
|move|p1a: Zacian|Behemoth Blade|p2a: Arceus
|-damage|p2a: Arceus|16/100
|move|p2a: Arceus|Earthquake|p1a: Zacian
|-supereffective|p1a: Zacian
|-damage|p1a: Zacian|0 fnt
|faint|p1a: Zacian
|
|upkeep
|
|t:|1664169142
|switch|p1a: Groudon|Groudon|100/100
|-damage|p1a: Groudon|94/100|[from] Stealth Rock
|detailschange|p1a: Groudon|Groudon-Primal
|-primal|p1a: Groudon
|-weather|DesolateLand|[from] ability: Desolate Land|[of] p1a: Groudon
|turn|10
|
|t:|1664169146
|move|p2a: Arceus|Earthquake|p1a: Groudon
|-supereffective|p1a: Groudon
|-crit|p1a: Groudon
|-damage|p1a: Groudon|0 fnt
|faint|p1a: Groudon
|-weather|none
|
|upkeep
|
|t:|1664169149
|switch|p1a: Rayquaza|Rayquaza|100/100
|-damage|p1a: Rayquaza|76/100|[from] Stealth Rock
|-ability|p1a: Rayquaza|Air Lock
|turn|11
|
|t:|1664169151
|move|p1a: Rayquaza|Extreme Speed|p2a: Arceus
|-damage|p2a: Arceus|0 fnt
|faint|p2a: Arceus
|-damage|p1a: Rayquaza|66/100|[from] item: Life Orb
|
|upkeep
|
|t:|1664169173
|switch|p2a: Mimikyu|Mimikyu, F|100/100
|turn|12
|
|t:|1664169184
|switch|p1a: Regieleki|Regieleki|88/100
|-damage|p1a: Regieleki|76/100|[from] Stealth Rock
|move|p2a: Mimikyu|Swords Dance|p2a: Mimikyu
|-boost|p2a: Mimikyu|atk|2
|
|upkeep
|turn|13
|c| kizi22122|winter is coming to this realm idk
|
|t:|1664169196
|move|p1a: Regieleki|Volt Switch|p2a: Mimikyu
|-activate|p2a: Mimikyu|ability: Disguise
|-damage|p2a: Mimikyu|100/100
|detailschange|p2a: Mimikyu|Mimikyu-Busted, F
|-damage|p2a: Mimikyu|88/100|[from] pokemon: Mimikyu-Busted
|-enditem|p2a: Mimikyu|Red Card|[of] p1a: Regieleki
|drag|p1a: Rayquaza|Rayquaza|66/100
|-damage|p1a: Rayquaza|41/100|[from] Stealth Rock
|-ability|p1a: Rayquaza|Air Lock
|move|p2a: Mimikyu|Play Rough|p1a: Rayquaza
|-supereffective|p1a: Rayquaza
|-damage|p1a: Rayquaza|0 fnt
|faint|p1a: Rayquaza
|
|upkeep
|
|t:|1664169204
|switch|p1a: Regieleki|Regieleki|76/100
|-damage|p1a: Regieleki|64/100|[from] Stealth Rock
|turn|14
|
|t:|1664169210
|move|p2a: Mimikyu|Shadow Sneak|p1a: Regieleki
|-damage|p1a: Regieleki|0 fnt
|faint|p1a: Regieleki
|
|win|aseeasase
|raw|DopeAsGuy's rating: 1577 &rarr; <strong>1572</strong><br />(-5 for losing)
|raw|aseeasase's rating: 1898 &rarr; <strong>1903</strong><br />(+5 for winning)
|l|☆DopeAsGuy
|l| kizi22122
