|j|☆Agdp
|j|☆Lord Rekkuza
|t:|1655474974
|gametype|singles
|player|p1|Agdp|169|1636
|player|p2|Lord Rekkuza|cynthia|1744
|teamsize|p1|6
|teamsize|p2|6
|gen|8
|tier|[Gen 8] National Dex AG
|rated|
|rule|HP Percentage Mod: HP is shown in percentages
|rule|Endless Battle Clause: Forcing endless battles is banned
|clearpoke
|poke|p1|Giratina-Origin|
|poke|p1|Dialga|
|poke|p1|Groudon|
|poke|p1|Ditto|
|poke|p1|Kyogre|
|poke|p1|Arceus-*|
|poke|p2|Rayquaza|
|poke|p2|Necrozma-Dusk-Mane|
|poke|p2|Arceus-*|
|poke|p2|Arceus-*|
|poke|p2|Yveltal|
|poke|p2|Arceus-*|
|teampreview
|inactive|Battle timer is ON: inactive players will automatically lose when time's up. (requested by Lord Rekkuza)
|
|t:|1655474988
|start
|switch|p1a: Arceus|Arceus-Ground|100/100
|switch|p2a: Arceus|Arceus-Ground|100/100
|turn|1
|
|t:|1655474997
|move|p1a: Arceus|Judgment|p2a: Arceus
|-damage|p2a: Arceus|63/100
|move|p2a: Arceus|Ice Beam|p1a: Arceus
|-supereffective|p1a: Arceus
|-damage|p1a: Arceus|60/100
|
|upkeep
|turn|2
|
|t:|1655475006
|move|p2a: Arceus|Recover|p2a: Arceus
|-heal|p2a: Arceus|100/100
|move|p1a: Arceus|Judgment|p2a: Arceus
|-damage|p2a: Arceus|63/100
|
|upkeep
|turn|3
|
|t:|1655475017
|move|p2a: Arceus|Calm Mind|p2a: Arceus
|-boost|p2a: Arceus|spa|1
|-boost|p2a: Arceus|spd|1
|move|p1a: Arceus|Judgment|p2a: Arceus
|-damage|p2a: Arceus|37/100
|
|upkeep
|turn|4
|
|t:|1655475027
|move|p1a: Arceus|Judgment|p2a: Arceus
|-damage|p2a: Arceus|12/100
|move|p2a: Arceus|Recover|p2a: Arceus
|-heal|p2a: Arceus|62/100
|
|upkeep
|turn|5
|
|t:|1655475035
|switch|p1a: Kyogre|Kyogre|100/100
|-weather|RainDance|[from] ability: Drizzle|[of] p1a: Kyogre
|move|p2a: Arceus|Recover|p2a: Arceus
|-heal|p2a: Arceus|100/100
|
|-weather|RainDance|[upkeep]
|upkeep
|turn|6
|
|t:|1655475052
|switch|p2a: Rayquaza|Rayquaza|100/100
|-ability|p2a: Rayquaza|Air Lock
|move|p1a: Kyogre|Origin Pulse|p2a: Rayquaza
|-resisted|p2a: Rayquaza
|-damage|p2a: Rayquaza|64/100
|
|-weather|RainDance|[upkeep]
|upkeep
|turn|7
|
|t:|1655475069
|detailschange|p2a: Rayquaza|Rayquaza-Mega
|-mega|p2a: Rayquaza|Rayquaza|
|-weather|DeltaStream|[from] ability: Delta Stream|[of] p2a: Rayquaza
|move|p2a: Rayquaza|Dragon Ascent|p1a: Kyogre
|-damage|p1a: Kyogre|0 fnt
|-unboost|p2a: Rayquaza|def|1
|-unboost|p2a: Rayquaza|spd|1
|faint|p1a: Kyogre
|-damage|p2a: Rayquaza|54/100|[from] item: Life Orb
|
|-weather|DeltaStream|[upkeep]
|upkeep
|inactive|Agdp has 120 seconds left.
|j| well im trying
|
|t:|1655475109
|switch|p1a: 기라티나|Giratina-Origin, shiny|100/100
|turn|8
|
|t:|1655475115
|move|p2a: Rayquaza|Scale Shot|p1a: 기라티나
|-supereffective|p1a: 기라티나
|-damage|p1a: 기라티나|66/100
|-supereffective|p1a: 기라티나
|-damage|p1a: 기라티나|34/100
|-supereffective|p1a: 기라티나
|-damage|p1a: 기라티나|0 fnt
|faint|p1a: 기라티나
|-hitcount|p1: 기라티나|3
|-unboost|p2a: Rayquaza|def|1
|-boost|p2a: Rayquaza|spe|1
|-damage|p2a: Rayquaza|44/100|[from] item: Life Orb
|
|-weather|DeltaStream|[upkeep]
|upkeep
|
|t:|1655475131
|switch|p1a: 메타몽|Ditto, shiny|100/100
|-transform|p1a: 메타몽|p2a: Rayquaza|[from] ability: Imposter
|turn|9
|
|t:|1655475136
|switch|p2a: Necrozma|Necrozma-Dusk-Mane|100/100
|move|p1a: 메타몽|Extreme Speed|p2a: Necrozma
|-resisted|p2a: Necrozma
|-damage|p2a: Necrozma|91/100
|-damage|p1a: 메타몽|84/100|[from] item: Rocky Helmet|[of] p2a: Necrozma
|
|-weather|DeltaStream|[upkeep]
|upkeep
|turn|10
|
|t:|1655475145
|-weather|none
|switch|p1a: 그란돈|Groudon, shiny|100/100
|detailschange|p1a: 그란돈|Groudon-Primal, shiny
|-primal|p1a: 그란돈
|-weather|DesolateLand|[from] ability: Desolate Land|[of] p1a: 그란돈
|move|p2a: Necrozma|Stealth Rock|p1a: 그란돈
|-sidestart|p1: Agdp|move: Stealth Rock
|
|-weather|DesolateLand|[upkeep]
|upkeep
|turn|11
|
|t:|1655475154
|switch|p2a: Arceus|Arceus-Water|100/100
|move|p1a: 그란돈|Rock Polish|p1a: 그란돈
|-boost|p1a: 그란돈|spe|2
|
|-weather|DesolateLand|[upkeep]
|upkeep
|turn|12
|
|t:|1655475160
|move|p1a: 그란돈|Precipice Blades|p2a: Arceus
|-damage|p2a: Arceus|60/100
|move|p2a: Arceus|Toxic|p1a: 그란돈|[miss]
|-miss|p2a: Arceus|p1a: 그란돈
|
|-weather|DesolateLand|[upkeep]
|upkeep
|turn|13
|inactive|Agdp has 120 seconds left.
|
|t:|1655475166
|move|p1a: 그란돈|Precipice Blades|p2a: Arceus
|-damage|p2a: Arceus|18/100
|move|p2a: Arceus|Recover|p2a: Arceus
|-heal|p2a: Arceus|68/100
|
|-weather|DesolateLand|[upkeep]
|upkeep
|turn|14
|
|t:|1655475176
|move|p1a: 그란돈|Precipice Blades|p2a: Arceus
|-damage|p2a: Arceus|21/100
|move|p2a: Arceus|Recover|p2a: Arceus
|-heal|p2a: Arceus|71/100
|
|-weather|DesolateLand|[upkeep]
|upkeep
|turn|15
|
|t:|1655475183
|move|p1a: 그란돈|Precipice Blades|p2a: Arceus|[miss]
|-miss|p1a: 그란돈|p2a: Arceus
|move|p2a: Arceus|Recover|p2a: Arceus
|-heal|p2a: Arceus|100/100
|
|-weather|DesolateLand|[upkeep]
|upkeep
|turn|16
|
|t:|1655475189
|move|p1a: 그란돈|Precipice Blades|p2a: Arceus
|-damage|p2a: Arceus|58/100
|move|p2a: Arceus|Toxic|p1a: 그란돈
|-status|p1a: 그란돈|tox
|
|-weather|DesolateLand|[upkeep]
|-damage|p1a: 그란돈|94/100 tox|[from] psn
|upkeep
|turn|17
|
|t:|1655475197
|move|p1a: 그란돈|Rock Tomb|p2a: Arceus
|-damage|p2a: Arceus|43/100
|-unboost|p2a: Arceus|spe|1
|move|p2a: Arceus|Recover|p2a: Arceus
|-heal|p2a: Arceus|93/100
|
|-weather|DesolateLand|[upkeep]
|-damage|p1a: 그란돈|82/100 tox|[from] psn
|upkeep
|turn|18
|
|t:|1655475207
|move|p1a: 그란돈|Precipice Blades|p2a: Arceus
|-crit|p2a: Arceus
|-damage|p2a: Arceus|27/100
|move|p2a: Arceus|Recover|p2a: Arceus
|-heal|p2a: Arceus|77/100
|
|-weather|DesolateLand|[upkeep]
|-damage|p1a: 그란돈|63/100 tox|[from] psn
|upkeep
|turn|19
|
|t:|1655475215
|move|p1a: 그란돈|Precipice Blades|p2a: Arceus
|-damage|p2a: Arceus|37/100
|move|p2a: Arceus|Recover|p2a: Arceus
|-heal|p2a: Arceus|87/100
|
|-weather|DesolateLand|[upkeep]
|-damage|p1a: 그란돈|38/100 tox|[from] psn
|upkeep
|turn|20
|
|t:|1655475223
|move|p1a: 그란돈|Precipice Blades|p2a: Arceus
|-damage|p2a: Arceus|47/100
|move|p2a: Arceus|Recover|p2a: Arceus
|-heal|p2a: Arceus|97/100
|
|-weather|DesolateLand|[upkeep]
|-damage|p1a: 그란돈|7/100 tox|[from] psn
|upkeep
|turn|21
|
|t:|1655475232
|move|p1a: 그란돈|Precipice Blades|p2a: Arceus
|-damage|p2a: Arceus|52/100
|move|p2a: Arceus|Recover|p2a: Arceus
|-heal|p2a: Arceus|100/100
|
|-weather|DesolateLand|[upkeep]
|-damage|p1a: 그란돈|0 fnt|[from] psn
|faint|p1a: 그란돈
|-weather|none
|upkeep
|
|t:|1655475243
|switch|p1a: Arceus|Arceus-Ground|60/100
|-damage|p1a: Arceus|54/100|[from] Stealth Rock
|turn|22
|
|t:|1655475247
|move|p1a: Arceus|Thunder Wave|p2a: Arceus
|-status|p2a: Arceus|par
|move|p2a: Arceus|Ice Beam|p1a: Arceus
|-supereffective|p1a: Arceus
|-damage|p1a: Arceus|21/100
|
|upkeep
|turn|23
|
|t:|1655475255
|switch|p2a: Arceus|Arceus-Ground|100/100
|move|p1a: Arceus|Defog|p2a: Arceus
|-unboost|p2a: Arceus|evasion|1
|-sideend|p1: Agdp|Stealth Rock|[from] move: Defog|[of] p1a: Arceus
|
|upkeep
|turn|24
|
|t:|1655475266
|switch|p1a: 메타몽|Ditto, shiny|84/100
|-transform|p1a: 메타몽|p2a: Arceus|[from] ability: Imposter
|move|p2a: Arceus|Calm Mind|p2a: Arceus
|-boost|p2a: Arceus|spa|1
|-boost|p2a: Arceus|spd|1
|
|upkeep
|turn|25
|
|t:|1655475277
|move|p1a: 메타몽|Ice Beam|p2a: Arceus
|-supereffective|p2a: Arceus
|-damage|p2a: Arceus|68/100
|move|p2a: Arceus|Calm Mind|p2a: Arceus
|-boost|p2a: Arceus|spa|1
|-boost|p2a: Arceus|spd|1
|
|upkeep
|turn|26
|
|t:|1655475285
|switch|p1a: Arceus|Arceus-Ground|21/100
|move|p2a: Arceus|Recover|p2a: Arceus
|-heal|p2a: Arceus|100/100
|
|upkeep
|turn|27
|
|t:|1655475291
|move|p2a: Arceus|Ice Beam|p1a: Arceus
|-supereffective|p1a: Arceus
|-damage|p1a: Arceus|0 fnt
|faint|p1a: Arceus
|
|upkeep
|
|t:|1655475293
|switch|p1a: 메타몽|Ditto, shiny|84/100
|-transform|p1a: 메타몽|p2a: Arceus|[from] ability: Imposter
|turn|28
|
|t:|1655475301
|move|p1a: 메타몽|Ice Beam|p2a: Arceus
|-supereffective|p2a: Arceus
|-damage|p2a: Arceus|56/100
|move|p2a: Arceus|Calm Mind|p2a: Arceus
|-boost|p2a: Arceus|spa|1
|-boost|p2a: Arceus|spd|1
|
|upkeep
|turn|29
|
|t:|1655475308
|move|p1a: 메타몽|Ice Beam|p2a: Arceus
|-supereffective|p2a: Arceus
|-damage|p2a: Arceus|21/100
|move|p2a: Arceus|Recover|p2a: Arceus
|-heal|p2a: Arceus|71/100
|
|upkeep
|turn|30
|
|t:|1655475315
|move|p1a: 메타몽|Ice Beam|p2a: Arceus
|-supereffective|p2a: Arceus
|-damage|p2a: Arceus|32/100
|move|p2a: Arceus|Calm Mind|p2a: Arceus
|-boost|p2a: Arceus|spa|1
|-boost|p2a: Arceus|spd|1
|
|upkeep
|turn|31
|
|t:|1655475322
|move|p1a: 메타몽|Ice Beam|p2a: Arceus
|-supereffective|p2a: Arceus
|-damage|p2a: Arceus|2/100
|move|p2a: Arceus|Recover|p2a: Arceus
|-heal|p2a: Arceus|52/100
|
|upkeep
|turn|32
|
|t:|1655475330
|move|p1a: 메타몽|Ice Beam|p2a: Arceus
|-supereffective|p2a: Arceus
|-damage|p2a: Arceus|20/100
|move|p2a: Arceus|Recover|p2a: Arceus
|-heal|p2a: Arceus|70/100
|
|upkeep
|turn|33
|
|t:|1655475338
|switch|p1a: 디아루가|Dialga, shiny|100/100
|-ability|p1a: 디아루가|Pressure
|-start|p2a: Arceus|Dynamax|
|-heal|p2a: Arceus|70/100|[silent]
|move|p2a: Arceus|Max Hailstorm|p1a: 디아루가
|-damage|p1a: 디아루가|0 fnt
|-weather|Hail
|faint|p1a: 디아루가
|
|-weather|Hail|[upkeep]
|-damage|p2a: Arceus|67/100|[from] Hail
|upkeep
|
|t:|1655475351
|switch|p1a: 메타몽|Ditto, shiny|84/100
|-transform|p1a: 메타몽|p2a: Arceus|[from] ability: Imposter
|turn|34
|
|t:|1655475360
|-start|p1a: 메타몽|Dynamax|
|-heal|p1a: 메타몽|84/100|[silent]
|move|p1a: 메타몽|Max Hailstorm|p2a: Arceus
|-supereffective|p2a: Arceus
|-damage|p2a: Arceus|37/100
|move|p2a: Arceus|Max Hailstorm|p1a: 메타몽
|-supereffective|p1a: 메타몽
|-damage|p1a: 메타몽|42/100
|
|-weather|Hail|[upkeep]
|-damage|p1a: 메타몽|39/100|[from] Hail
|-damage|p2a: Arceus|34/100|[from] Hail
|upkeep
|turn|35
|
|t:|1655475373
|move|p1a: 메타몽|Max Hailstorm|p2a: Arceus
|-supereffective|p2a: Arceus
|-damage|p2a: Arceus|0 fnt
|faint|p2a: Arceus
|
|-weather|Hail|[upkeep]
|-damage|p1a: 메타몽|36/100|[from] Hail
|upkeep
|c|☆Lord Rekkuza|Rip the 6-0
|
|t:|1655475397
|switch|p2a: Yveltal|Yveltal|100/100
|-ability|p2a: Yveltal|Dark Aura
|turn|36
|
|t:|1655475404
|switch|p2a: Arceus|Arceus-Water|100/100 par
|move|p1a: 메타몽|Max Hailstorm|p2a: Arceus
|-resisted|p2a: Arceus
|-damage|p2a: Arceus|58/100 par
|
|-weather|Hail|[upkeep]
|-damage|p1a: 메타몽|33/100|[from] Hail
|-damage|p2a: Arceus|52/100 par|[from] Hail
|upkeep
|-end|p1a: 메타몽|Dynamax
|-heal|p1a: 메타몽|33/100|[silent]
|turn|37
|
|t:|1655475420
|move|p1a: 메타몽|Recover|p1a: 메타몽
|-heal|p1a: 메타몽|83/100
|move|p2a: Arceus|Recover|p2a: Arceus
|-heal|p2a: Arceus|100/100 par
|
|-weather|none
|upkeep
|turn|38
|
|t:|1655475428
|move|p1a: 메타몽|Recover|p1a: 메타몽
|-heal|p1a: 메타몽|100/100
|move|p2a: Arceus|Toxic|p1a: 메타몽
|-status|p1a: 메타몽|tox
|
|-damage|p1a: 메타몽|94/100 tox|[from] psn
|upkeep
|turn|39
|
|t:|1655475436
|switch|p2a: Yveltal|Yveltal|100/100
|-ability|p2a: Yveltal|Dark Aura
|move|p1a: 메타몽|Recover|p1a: 메타몽
|-heal|p1a: 메타몽|100/100 tox
|
|-damage|p1a: 메타몽|88/100 tox|[from] psn
|upkeep
|turn|40
|
|t:|1655475445
|move|p1a: 메타몽|Recover|p1a: 메타몽
|-heal|p1a: 메타몽|100/100 tox
|move|p2a: Yveltal|Taunt|p1a: 메타몽
|-start|p1a: 메타몽|move: Taunt
|
|-damage|p1a: 메타몽|82/100 tox|[from] psn
|upkeep
|turn|41
|
|t:|1655475454
|move|p2a: Yveltal|Sucker Punch|p1a: 메타몽
|-damage|p1a: 메타몽|37/100 tox
|-damage|p2a: Yveltal|91/100|[from] item: Life Orb
|-activate|p1a: 메타몽|move: Struggle
|move|p1a: 메타몽|Struggle|p2a: Yveltal
|-damage|p2a: Yveltal|80/100
|-damage|p1a: 메타몽|12/100 tox|[from] recoil
|
|-damage|p1a: 메타몽|0 fnt|[from] psn
|faint|p1a: 메타몽
|
|win|Lord Rekkuza
|upkeep
|raw|Agdp's rating: 1636 &rarr; <strong>1622</strong><br />(-14 for losing)
|raw|Lord Rekkuza's rating: 1744 &rarr; <strong>1758</strong><br />(+14 for winning)
|l| well im trying
|l|☆Lord Rekkuza
