|j|☆mardydu
|j|☆Diancie_hhh
|t:|1658676456
|gametype|singles
|player|p1|mardydu|veteran-gen4|1690
|player|p2|Diancie_hhh|steven|1714
|teamsize|p1|6
|teamsize|p2|6
|gen|8
|tier|[Gen 8] National Dex AG
|rated|
|rule|HP Percentage Mod: HP is shown in percentages
|rule|Endless Battle Clause: Forcing endless battles is banned
|clearpoke
|poke|p1|Kyurem-White|
|poke|p1|Calyrex-Shadow|
|poke|p1|Zacian-*|
|poke|p1|Regieleki|
|poke|p1|Smeargle, M|
|poke|p1|Skarmory, M|
|poke|p2|Bisharp, F|
|poke|p2|Arceus-*|
|poke|p2|Zacian-*|
|poke|p2|Groudon|
|poke|p2|Ho-Oh|
|poke|p2|Zygarde|
|teampreview
|inactive|Battle timer is ON: inactive players will automatically lose when time's up. (requested by mardydu)
|
|t:|1658676472
|start
|switch|p1a: Birb|Skarmory, M|100/100
|switch|p2a: Arceus|Arceus, shiny|100/100
|turn|1
|
|t:|1658676486
|switch|p2a: 大地之神|Groudon, shiny|100/100
|detailschange|p2a: 大地之神|Groudon-Primal, shiny
|-primal|p2a: 大地之神
|-weather|DesolateLand|[from] ability: Desolate Land|[of] p2a: 大地之神
|move|p1a: Birb|Stealth Rock|p2a: 大地之神
|-sidestart|p2: Diancie_hhh|move: Stealth Rock
|
|-weather|DesolateLand|[upkeep]
|upkeep
|turn|2
|
|t:|1658676494
|move|p2a: 大地之神|Fire Punch|p1a: Birb
|-supereffective|p1a: Birb
|-damage|p1a: Birb|5/100
|-damage|p2a: 大地之神|84/100|[from] item: Rocky Helmet|[of] p1a: Birb
|move|p1a: Birb|Spikes|p2a: 大地之神
|-sidestart|p2: Diancie_hhh|Spikes
|
|-weather|DesolateLand|[upkeep]
|upkeep
|turn|3
|
|t:|1658676520
|move|p2a: 大地之神|Fire Punch|p1a: Birb
|-supereffective|p1a: Birb
|-damage|p1a: Birb|0 fnt
|-damage|p2a: 大地之神|67/100|[from] item: Rocky Helmet|[of] p1a: Birb
|faint|p1a: Birb
|
|-weather|DesolateLand|[upkeep]
|upkeep
|
|t:|1658676523
|switch|p1a: Smeargle|Smeargle, M|100/100
|turn|4
|
|t:|1658676534
|move|p1a: Smeargle|Spore|p2a: 大地之神
|-status|p2a: 大地之神|slp|[from] move: Spore
|cant|p2a: 大地之神|slp
|
|-weather|DesolateLand|[upkeep]
|-ability|p1a: Smeargle|Moody|boost
|-boost|p1a: Smeargle|spd|2
|-unboost|p1a: Smeargle|def|1
|upkeep
|turn|5
|
|t:|1658676539
|move|p1a: Smeargle|Baton Pass|p1a: Smeargle
|
|t:|1658676547
|switch|p1a: Kurem|Kyurem-White, shiny|100/100|[from]move: Baton Pass
|-ability|p1a: Kurem|Turboblaze
|cant|p2a: 大地之神|slp
|
|-weather|DesolateLand|[upkeep]
|upkeep
|turn|6
|
|t:|1658676557
|move|p1a: Kurem|Earth Power|p2a: 大地之神
|-supereffective|p2a: 大地之神
|-damage|p2a: 大地之神|0 fnt
|faint|p2a: 大地之神
|-weather|none
|
|upkeep
|c|☆mardydu|Misclick 🥲
|
|t:|1658676568
|switch|p2a: Zacian|Zacian-Crowned|100/100
|-damage|p2a: Zacian|94/100|[from] Stealth Rock
|-damage|p2a: Zacian|82/100|[from] Spikes
|-ability|p2a: Zacian|Intrepid Sword|boost
|-boost|p2a: Zacian|atk|1
|turn|7
|
|t:|1658676571
|move|p1a: Kurem|Earth Power|p2a: Zacian
|-supereffective|p2a: Zacian
|-damage|p2a: Zacian|15/100
|-unboost|p2a: Zacian|spd|1
|move|p2a: Zacian|Behemoth Blade|p1a: Kurem
|-supereffective|p1a: Kurem
|-damage|p1a: Kurem|0 fnt
|faint|p1a: Kurem
|
|upkeep
|
|t:|1658676577
|switch|p1a: Smeargle|Smeargle, M|100/100
|turn|8
|
|t:|1658676584
|move|p2a: Zacian|Behemoth Blade|p1a: Smeargle
|-enditem|p1a: Smeargle|Focus Sash
|-damage|p1a: Smeargle|1/100
|move|p1a: Smeargle|Spore|p2a: Zacian
|-status|p2a: Zacian|slp|[from] move: Spore
|
|-ability|p1a: Smeargle|Moody|boost
|-boost|p1a: Smeargle|atk|2
|-unboost|p1a: Smeargle|spa|1
|upkeep
|turn|9
|
|t:|1658676607
|cant|p2a: Zacian|slp
|move|p1a: Smeargle|Shell Smash|p1a: Smeargle
|-unboost|p1a: Smeargle|def|1
|-unboost|p1a: Smeargle|spd|1
|-boost|p1a: Smeargle|atk|2
|-boost|p1a: Smeargle|spa|2
|-boost|p1a: Smeargle|spe|2
|
|-ability|p1a: Smeargle|Moody|boost
|-boost|p1a: Smeargle|spe|2
|-unboost|p1a: Smeargle|spa|1
|upkeep
|turn|10
|
|t:|1658676618
|move|p1a: Smeargle|Baton Pass|p1a: Smeargle
|
|t:|1658676620
|switch|p1a: Zacian|Zacian-Crowned|100/100|[from]move: Baton Pass
|-ability|p1a: Zacian|Intrepid Sword|boost
|-boost|p1a: Zacian|atk|1
|cant|p2a: Zacian|slp
|
|upkeep
|turn|11
|
|t:|1658676628
|move|p1a: Zacian|Quick Attack|p2a: Zacian
|-resisted|p2a: Zacian
|-damage|p2a: Zacian|0 fnt
|faint|p2a: Zacian
|
|upkeep
|j| baddestagplayer
|
|t:|1658676644
|switch|p2a: Arceus|Arceus, shiny|100/100
|-damage|p2a: Arceus|88/100|[from] Stealth Rock
|-damage|p2a: Arceus|76/100|[from] Spikes
|turn|12
|
|t:|1658676654
|move|p2a: Arceus|Extreme Speed|p1a: Zacian
|-resisted|p1a: Zacian
|-damage|p1a: Zacian|59/100
|-damage|p2a: Arceus|66/100|[from] item: Life Orb
|move|p1a: Zacian|Close Combat|p2a: Arceus
|-supereffective|p2a: Arceus
|-damage|p2a: Arceus|0 fnt
|-unboost|p1a: Zacian|def|1
|-unboost|p1a: Zacian|spd|1
|faint|p2a: Arceus
|
|upkeep
|
|t:|1658676666
|switch|p2a: Bisharp|Bisharp, F, shiny|100/100
|-damage|p2a: Bisharp|95/100|[from] Stealth Rock
|-damage|p2a: Bisharp|82/100|[from] Spikes
|turn|13
|l|☆Diancie_hhh
|inactive|Diancie_hhh disconnected and has a minute to reconnect!
|player|p2|
|inactive|Diancie_hhh has 30 seconds to reconnect!
|inactive|Diancie_hhh has 20 seconds to reconnect!
|j|☆Diancie_hhh
|inactive|Diancie_hhh reconnected and has 95 seconds left.
|player|p2|Diancie_hhh|steven
|inactive|Diancie_hhh has 90 seconds left.
|
|t:|1658676725
|move|p1a: Zacian|Quick Attack|p2a: Bisharp
|-resisted|p2a: Bisharp
|-damage|p2a: Bisharp|51/100
|move|p2a: Bisharp|Sucker Punch||[still]
|-fail|p2a: Bisharp
|
|upkeep
|turn|14
|inactive|Diancie_hhh has 90 seconds left.
|
|t:|1658676736
|move|p1a: Zacian|Quick Attack|p2a: Bisharp
|-resisted|p2a: Bisharp
|-damage|p2a: Bisharp|21/100
|-zpower|p2a: Bisharp
|move|p2a: Bisharp|Corkscrew Crash|p1a: Zacian|[zeffect]
|-damage|p1a: Zacian|0 fnt
|faint|p1a: Zacian
|
|upkeep
|
|t:|1658676746
|switch|p1a: JumpingMan|Regieleki|100/100
|turn|15
|
|t:|1658676756
|move|p1a: JumpingMan|Extreme Speed|p2a: Bisharp
|-resisted|p2a: Bisharp
|-damage|p2a: Bisharp|12/100
|move|p2a: Bisharp|Sucker Punch||[still]
|-fail|p2a: Bisharp
|
|upkeep
|turn|16
|
|t:|1658676762
|move|p1a: JumpingMan|Volt Switch|p2a: Bisharp
|-damage|p2a: Bisharp|0 fnt
|faint|p2a: Bisharp
|
|t:|1658676765
|switch|p1a: Horse in cali|Calyrex-Shadow|100/100|[from]move: Volt Switch
|-ability|p1a: Horse in cali|As One
|-ability|p1a: Horse in cali|Unnerve
|
|upkeep
|
|t:|1658676769
|switch|p2a: Ho-Oh|Ho-Oh|100/100
|turn|17
|inactive|Diancie_hhh has 120 seconds left.
|
|t:|1658676788
|switch|p1a: Smeargle|Smeargle, M|1/100
|-start|p2a: Ho-Oh|Dynamax|
|-heal|p2a: Ho-Oh|100/100|[silent]
|move|p2a: Ho-Oh|Max Flare|p1a: Smeargle
|-damage|p1a: Smeargle|0 fnt
|-weather|SunnyDay
|faint|p1a: Smeargle
|
|-weather|SunnyDay|[upkeep]
|upkeep
|
|t:|1658676790
|switch|p1a: JumpingMan|Regieleki|100/100
|turn|18
|
|t:|1658676799
|-start|p1a: JumpingMan|Dynamax|
|-heal|p1a: JumpingMan|100/100|[silent]
|move|p1a: JumpingMan|Max Lightning|p2a: Ho-Oh
|-supereffective|p2a: Ho-Oh
|-damage|p2a: Ho-Oh|60/100
|-fieldstart|move: Electric Terrain
|move|p2a: Ho-Oh|Max Flare|p1a: JumpingMan
|-enditem|p1a: JumpingMan|Focus Sash
|-damage|p1a: JumpingMan|1/100
|
|-weather|SunnyDay|[upkeep]
|upkeep
|turn|19
|
|t:|1658676817
|-end|p2a: Ho-Oh|Dynamax
|-heal|p2a: Ho-Oh|60/100|[silent]
|switch|p2a: Zygarde|Zygarde, shiny|100/100
|-damage|p2a: Zygarde|94/100|[from] Stealth Rock
|-damage|p2a: Zygarde|82/100|[from] Spikes
|move|p1a: JumpingMan|Max Lightning|p2a: Zygarde
|-immune|p2a: Zygarde
|
|-weather|SunnyDay|[upkeep]
|upkeep
|turn|20
|
|t:|1658676831
|move|p1a: JumpingMan|Max Strike|p2a: Zygarde
|-damage|p2a: Zygarde|63/100
|-unboost|p2a: Zygarde|spe|1
|move|p2a: Zygarde|Thousand Arrows|p1a: JumpingMan
|-supereffective|p1a: JumpingMan
|-damage|p1a: JumpingMan|0 fnt
|faint|p1a: JumpingMan
|
|-weather|SunnyDay|[upkeep]
|upkeep
|
|t:|1658676837
|switch|p1a: Horse in cali|Calyrex-Shadow|100/100
|-ability|p1a: Horse in cali|As One
|-ability|p1a: Horse in cali|Unnerve
|turn|21
|
|t:|1658676843
|move|p1a: Horse in cali|Nasty Plot|p1a: Horse in cali
|-boost|p1a: Horse in cali|spa|2
|move|p2a: Zygarde|Glare|p1a: Horse in cali
|-status|p1a: Horse in cali|par
|
|-weather|none
|upkeep
|turn|22
|
|t:|1658676850
|move|p1a: Horse in cali|Astral Barrage|p2a: Zygarde
|-damage|p2a: Zygarde|0 fnt
|faint|p2a: Zygarde
|-ability|p1a: Horse in cali|Grim Neigh|boost
|-boost|p1a: Horse in cali|spa|1
|
|-fieldend|move: Electric Terrain
|upkeep
|
|t:|1658676853
|switch|p2a: Ho-Oh|Ho-Oh|93/100
|turn|23
|
|t:|1658676856
|move|p2a: Ho-Oh|Sacred Fire|p1a: Horse in cali
|-damage|p1a: Horse in cali|45/100 par
|cant|p1a: Horse in cali|par
|
|upkeep
|turn|24
|
|t:|1658676862
|move|p2a: Ho-Oh|Sacred Fire|p1a: Horse in cali
|-damage|p1a: Horse in cali|0 fnt
|faint|p1a: Horse in cali
|
|win|Diancie_hhh
|raw|mardydu's rating: 1690 &rarr; <strong>1671</strong><br />(-19 for losing)
|raw|Diancie_hhh's rating: 1714 &rarr; <strong>1733</strong><br />(+19 for winning)
|l|☆mardydu
||Ladder isn't responding, score probably updated but might not have (Request timeout).
