|j|☆Zerotti
|j|☆trollingtryharder
|t:|1667717193
|gametype|singles
|player|p1|Zerotti|lance-lgpe|1720
|player|p2|trollingtryharder|collector|1631
|teamsize|p1|6
|teamsize|p2|6
|gen|8
|tier|[Gen 8] National Dex AG
|rated|
|rule|HP Percentage Mod: HP is shown in percentages
|rule|Endless Battle Clause: Forcing endless battles is banned
|clearpoke
|poke|p1|Shedinja|
|poke|p1|Tyranitar, F|
|poke|p1|Sableye, M|
|poke|p1|Zacian-*|
|poke|p1|Lugia|
|poke|p1|Kyogre|
|poke|p2|Calyrex-Shadow|
|poke|p2|Yveltal|
|poke|p2|Excadrill, F|
|poke|p2|Arceus-*|
|poke|p2|Rayquaza|
|poke|p2|Marshadow|
|teampreview
|inactive|Battle timer is ON: inactive players will automatically lose when time's up. (requested by trollingtryharder)
|c|☆trollingtryharder|ah shit
|c|☆trollingtryharder|this is the end for me
|
|t:|1667717217
|start
|switch|p1a: Kyogre|Kyogre|100/100
|switch|p2a: Excadrill|Excadrill, F|100/100
|-ability|p2a: Excadrill|Mold Breaker
|detailschange|p1a: Kyogre|Kyogre-Primal
|-primal|p1a: Kyogre
|-weather|PrimordialSea|[from] ability: Primordial Sea|[of] p1a: Kyogre
|turn|1
|
|t:|1667717228
|move|p2a: Excadrill|Stealth Rock|p1a: Kyogre
|-sidestart|p1: Zerotti|move: Stealth Rock
|move|p1a: Kyogre|Water Spout|p2a: Excadrill
|-supereffective|p2a: Excadrill
|-damage|p2a: Excadrill|0 fnt
|faint|p2a: Excadrill
|
|-weather|PrimordialSea|[upkeep]
|upkeep
|inactive|trollingtryharder has 120 seconds left.
|
|t:|1667717254
|switch|p2a: Rayquaza|Rayquaza|100/100
|-ability|p2a: Rayquaza|Air Lock
|turn|2
|inactive|trollingtryharder has 120 seconds left.
|
|t:|1667717265
|detailschange|p2a: Rayquaza|Rayquaza-Mega
|-mega|p2a: Rayquaza|Rayquaza|
|-weather|DeltaStream|[from] ability: Delta Stream|[of] p2a: Rayquaza
|move|p2a: Rayquaza|Dragon Dance|p2a: Rayquaza
|-boost|p2a: Rayquaza|atk|1
|-boost|p2a: Rayquaza|spe|1
|move|p1a: Kyogre|Ice Beam|p2a: Rayquaza
|-activate||deltastream
|-supereffective|p2a: Rayquaza
|-damage|p2a: Rayquaza|22/100
|
|-weather|DeltaStream|[upkeep]
|upkeep
|turn|3
|
|t:|1667717277
|move|p2a: Rayquaza|Dragon Ascent|p1a: Kyogre
|-damage|p1a: Kyogre|0 fnt
|-unboost|p2a: Rayquaza|def|1
|-unboost|p2a: Rayquaza|spd|1
|faint|p1a: Kyogre
|-damage|p2a: Rayquaza|12/100|[from] item: Life Orb
|
|-weather|DeltaStream|[upkeep]
|upkeep
|
|t:|1667717287
|switch|p1a: Lugia|Lugia|100/100
|-damage|p1a: Lugia|75/100|[from] Stealth Rock
|turn|4
|
|t:|1667717296
|move|p2a: Rayquaza|Dragon Ascent|p1a: Lugia
|-damage|p1a: Lugia|0 fnt
|-unboost|p2a: Rayquaza|def|1
|-unboost|p2a: Rayquaza|spd|1
|faint|p1a: Lugia
|-damage|p2a: Rayquaza|2/100|[from] item: Life Orb
|
|-weather|DeltaStream|[upkeep]
|upkeep
|
|t:|1667717305
|switch|p1a: Sableye|Sableye, M|100/100
|-damage|p1a: Sableye|88/100|[from] Stealth Rock
|turn|5
|
|t:|1667717313
|move|p1a: Sableye|Will-O-Wisp|p2a: Rayquaza
|-status|p2a: Rayquaza|brn
|move|p2a: Rayquaza|Dragon Ascent|p1a: Sableye
|-damage|p1a: Sableye|8/100
|-unboost|p2a: Rayquaza|def|1
|-unboost|p2a: Rayquaza|spd|1
|-damage|p2a: Rayquaza|0 fnt|[from] item: Life Orb
|faint|p2a: Rayquaza
|-weather|none
|
|upkeep
|c|☆trollingtryharder|nice one
|
|t:|1667717333
|switch|p2a: Calyrex|Calyrex-Shadow|100/100
|-ability|p2a: Calyrex|As One
|-ability|p2a: Calyrex|Unnerve
|turn|6
|
|t:|1667717340
|switch|p1a: Tyranitar|Tyranitar, F|100/100
|-damage|p1a: Tyranitar|88/100|[from] Stealth Rock
|-weather|Sandstorm|[from] ability: Sand Stream|[of] p1a: Tyranitar
|move|p2a: Calyrex|Astral Barrage|p1a: Tyranitar
|-resisted|p1a: Tyranitar
|-damage|p1a: Tyranitar|73/100
|
|-weather|Sandstorm|[upkeep]
|-damage|p2a: Calyrex|94/100|[from] Sandstorm
|-heal|p1a: Tyranitar|79/100|[from] item: Leftovers
|upkeep
|turn|7
|
|t:|1667717353
|-activate|p2a: Calyrex|move: Pursuit
|move|p1a: Tyranitar|Pursuit|p2a: Calyrex|[from]Pursuit
|-supereffective|p2a: Calyrex
|-damage|p2a: Calyrex|0 fnt
|faint|p2a: Calyrex
|-hint|A Pokemon can't switch between when it runs out of HP and when it faints
|
|-weather|Sandstorm|[upkeep]
|-heal|p1a: Tyranitar|85/100|[from] item: Leftovers
|upkeep
|
|t:|1667717361
|switch|p2a: Arceus|Arceus|100/100
|turn|8
|
|t:|1667717385
|switch|p1a: Sableye|Sableye, M|8/100
|-damage|p1a: Sableye|0 fnt|[from] Stealth Rock
|faint|p1a: Sableye
|move|p2a: Arceus|Swords Dance|p2a: Arceus
|-boost|p2a: Arceus|atk|2
|
|-weather|Sandstorm|[upkeep]
|-damage|p2a: Arceus|94/100|[from] Sandstorm
|upkeep
|
|t:|1667717391
|switch|p1a: Zacian|Zacian-Crowned|100/100
|-damage|p1a: Zacian|94/100|[from] Stealth Rock
|-ability|p1a: Zacian|Intrepid Sword|boost
|-boost|p1a: Zacian|atk|1
|turn|9
|
|t:|1667717405
|move|p1a: Zacian|Close Combat|p2a: Arceus
|-supereffective|p2a: Arceus
|-damage|p2a: Arceus|0 fnt
|-unboost|p1a: Zacian|def|1
|-unboost|p1a: Zacian|spd|1
|faint|p2a: Arceus
|
|-weather|Sandstorm|[upkeep]
|upkeep
|
|t:|1667717415
|switch|p2a: Yveltal|Yveltal|100/100
|-ability|p2a: Yveltal|Dark Aura
|turn|10
|
|t:|1667717424
|switch|p1a: Tyranitar|Tyranitar, F|85/100
|-damage|p1a: Tyranitar|73/100|[from] Stealth Rock
|-start|p2a: Yveltal|Dynamax|
|-heal|p2a: Yveltal|100/100|[silent]
|move|p2a: Yveltal|Max Airstream|p1a: Tyranitar
|-resisted|p1a: Tyranitar
|-damage|p1a: Tyranitar|53/100
|-boost|p2a: Yveltal|spe|1
|-damage|p2a: Yveltal|96/100|[from] item: Life Orb
|
|-weather|none
|-heal|p1a: Tyranitar|59/100|[from] item: Leftovers
|upkeep
|turn|11
|
|t:|1667717439
|-start|p1a: Tyranitar|Dynamax|
|-heal|p1a: Tyranitar|59/100|[silent]
|move|p2a: Yveltal|Max Knuckle|p1a: Tyranitar
|-supereffective|p1a: Tyranitar
|-damage|p1a: Tyranitar|0 fnt
|-boost|p2a: Yveltal|atk|1
|faint|p1a: Tyranitar
|-damage|p2a: Yveltal|91/100|[from] item: Life Orb
|
|upkeep
|
|t:|1667717448
|switch|p1a: Zacian|Zacian-Crowned|94/100
|-damage|p1a: Zacian|88/100|[from] Stealth Rock
|-ability|p1a: Zacian|Intrepid Sword|boost
|-boost|p1a: Zacian|atk|1
|turn|12
|
|t:|1667717454
|move|p2a: Yveltal|Max Flare|p1a: Zacian
|-supereffective|p1a: Zacian
|-damage|p1a: Zacian|0 fnt
|-weather|SunnyDay
|faint|p1a: Zacian
|-damage|p2a: Yveltal|86/100|[from] item: Life Orb
|
|-weather|SunnyDay|[upkeep]
|upkeep
|
|t:|1667717457
|switch|p1a: Shedinja|Shedinja|100/100
|-damage|p1a: Shedinja|0 fnt|[from] Stealth Rock
|faint|p1a: Shedinja
|
|win|trollingtryharder
|raw|Zerotti's rating: 1720 &rarr; <strong>1695</strong><br />(-25 for losing)
|raw|trollingtryharder's rating: 1631 &rarr; <strong>1656</strong><br />(+25 for winning)
|l|☆Zerotti
|c|☆trollingtryharder|gg
