|j|☆NykterStein
|j|☆Gwyneth Elizabeth
|t:|1664604633
|gametype|singles
|player|p1|NykterStein|lady|1436
|player|p2|Gwyneth Elizabeth|parasollady|1315
|teamsize|p1|6
|teamsize|p2|6
|gen|8
|tier|[Gen 8] National Dex AG
|rated|
|rule|HP Percentage Mod: HP is shown in percentages
|rule|Endless Battle Clause: Forcing endless battles is banned
|clearpoke
|poke|p1|Gengar, M|
|poke|p1|Gothitelle, M|
|poke|p1|Arceus-*|
|poke|p1|Zygarde|
|poke|p1|Necrozma-Dusk-Mane|
|poke|p1|Groudon|
|poke|p2|Garchomp, M|
|poke|p2|Ribombee, M|
|poke|p2|Venusaur, M|
|poke|p2|Groudon|
|poke|p2|Zapdos|
|poke|p2|Torkoal, M|
|teampreview
|inactive|Battle timer is ON: inactive players will automatically lose when time's up. (requested by NykterStein)
|
|t:|1664604644
|start
|switch|p1a: Gengar|Gengar, M|100/100
|switch|p2a: BakingSodaVolcano|Torkoal, M|100/100
|-weather|SunnyDay|[from] ability: Drought|[of] p2a: BakingSodaVolcano
|turn|1
|
|t:|1664604654
|detailschange|p1a: Gengar|Gengar-Mega, M
|-mega|p1a: Gengar|Gengar|Gengarite
|move|p1a: Gengar|Nasty Plot|p1a: Gengar
|-boost|p1a: Gengar|spa|2
|move|p2a: BakingSodaVolcano|Stealth Rock|p1a: Gengar
|-sidestart|p1: NykterStein|move: Stealth Rock
|
|-weather|SunnyDay|[upkeep]
|upkeep
|turn|2
|
|t:|1664604676
|move|p1a: Gengar|Sludge Wave|p2a: BakingSodaVolcano
|-damage|p2a: BakingSodaVolcano|0 fnt
|faint|p2a: BakingSodaVolcano
|
|-weather|SunnyDay|[upkeep]
|upkeep
|
|t:|1664604682
|switch|p2a: Bung Vulchungo|Groudon|100/100
|detailschange|p2a: Bung Vulchungo|Groudon-Primal
|-primal|p2a: Bung Vulchungo
|-weather|DesolateLand|[from] ability: Desolate Land|[of] p2a: Bung Vulchungo
|turn|3
|
|t:|1664604694
|move|p1a: Gengar|Sludge Wave|p2a: Bung Vulchungo
|-resisted|p2a: Bung Vulchungo
|-damage|p2a: Bung Vulchungo|57/100
|-status|p2a: Bung Vulchungo|psn
|move|p2a: Bung Vulchungo|Precipice Blades|p1a: Gengar
|-supereffective|p1a: Gengar
|-damage|p1a: Gengar|0 fnt
|faint|p1a: Gengar
|
|-weather|DesolateLand|[upkeep]
|-damage|p2a: Bung Vulchungo|45/100 psn|[from] psn
|upkeep
|
|t:|1664604715
|switch|p1a: Necrozma|Necrozma-Dusk-Mane|100/100
|-damage|p1a: Necrozma|94/100|[from] Stealth Rock
|turn|4
|
|t:|1664604719
|move|p2a: Bung Vulchungo|Precipice Blades|p1a: Necrozma
|-supereffective|p1a: Necrozma
|-damage|p1a: Necrozma|45/100
|move|p1a: Necrozma|Stealth Rock|p2a: Bung Vulchungo
|-sidestart|p2: Gwyneth Elizabeth|move: Stealth Rock
|
|-weather|DesolateLand|[upkeep]
|-damage|p2a: Bung Vulchungo|32/100 psn|[from] psn
|upkeep
|turn|5
|
|t:|1664604726
|move|p2a: Bung Vulchungo|Precipice Blades|p1a: Necrozma
|-supereffective|p1a: Necrozma
|-damage|p1a: Necrozma|0 fnt
|faint|p1a: Necrozma
|
|-weather|DesolateLand|[upkeep]
|-damage|p2a: Bung Vulchungo|20/100 psn|[from] psn
|upkeep
|
|t:|1664604736
|switch|p1a: Zygarde|Zygarde|100/100
|-damage|p1a: Zygarde|94/100|[from] Stealth Rock
|turn|6
|
|t:|1664604747
|move|p1a: Zygarde|Glare||[still]
|-fail|p1a: Zygarde
|move|p2a: Bung Vulchungo|Precipice Blades|p1a: Zygarde
|-damage|p1a: Zygarde|58/100
|
|-weather|DesolateLand|[upkeep]
|-damage|p2a: Bung Vulchungo|8/100 psn|[from] psn
|upkeep
|turn|7
|
|t:|1664604754
|move|p1a: Zygarde|Thousand Arrows|p2a: Bung Vulchungo
|-supereffective|p2a: Bung Vulchungo
|-damage|p2a: Bung Vulchungo|0 fnt
|faint|p2a: Bung Vulchungo
|-weather|none
|
|upkeep
|
|t:|1664604761
|switch|p2a: Cute Murder Bee|Ribombee, M, shiny|100/100
|-damage|p2a: Cute Murder Bee|76/100|[from] Stealth Rock
|turn|8
|
|t:|1664604766
|move|p2a: Cute Murder Bee|Moonblast|p1a: Zygarde
|-supereffective|p1a: Zygarde
|-damage|p1a: Zygarde|0 fnt
|faint|p1a: Zygarde
|
|upkeep
|
|t:|1664604775
|switch|p1a: Groudon|Groudon|100/100
|-damage|p1a: Groudon|94/100|[from] Stealth Rock
|detailschange|p1a: Groudon|Groudon-Primal
|-primal|p1a: Groudon
|-weather|DesolateLand|[from] ability: Desolate Land|[of] p1a: Groudon
|turn|9
|
|t:|1664604801
|switch|p2a: Zimbabwe Songbird|Zapdos|100/100
|-damage|p2a: Zimbabwe Songbird|76/100|[from] Stealth Rock
|-ability|p2a: Zimbabwe Songbird|Pressure
|move|p1a: Groudon|Precipice Blades|p2a: Zimbabwe Songbird
|-immune|p2a: Zimbabwe Songbird
|
|-weather|DesolateLand|[upkeep]
|upkeep
|turn|10
|inactive|Gwyneth Elizabeth has 120 seconds left.
|
|t:|1664604817
|-weather|none
|switch|p1a: Arceus|Arceus-Dark|100/100
|-damage|p1a: Arceus|88/100|[from] Stealth Rock
|move|p2a: Zimbabwe Songbird|Hurricane|p1a: Arceus
|-damage|p1a: Arceus|47/100
|-damage|p2a: Zimbabwe Songbird|66/100|[from] item: Life Orb
|
|upkeep
|turn|11
|
|t:|1664604827
|move|p2a: Zimbabwe Songbird|Thunderbolt|p1a: Arceus
|-damage|p1a: Arceus|17/100
|-damage|p2a: Zimbabwe Songbird|56/100|[from] item: Life Orb
|move|p1a: Arceus|Recover|p1a: Arceus
|-heal|p1a: Arceus|68/100
|
|upkeep
|turn|12
|inactive|Gwyneth Elizabeth has 120 seconds left.
|
|t:|1664604847
|-start|p2a: Zimbabwe Songbird|Dynamax|
|-heal|p2a: Zimbabwe Songbird|56/100|[silent]
|move|p2a: Zimbabwe Songbird|Max Lightning|p1a: Arceus
|-damage|p1a: Arceus|27/100
|-fieldstart|move: Electric Terrain
|-damage|p2a: Zimbabwe Songbird|51/100|[from] item: Life Orb
|move|p1a: Arceus|Recover|p1a: Arceus
|-heal|p1a: Arceus|77/100
|
|upkeep
|turn|13
|inactive|Gwyneth Elizabeth has 120 seconds left.
|
|t:|1664604858
|move|p2a: Zimbabwe Songbird|Max Flare|p1a: Arceus
|-damage|p1a: Arceus|47/100
|-weather|SunnyDay
|-damage|p2a: Zimbabwe Songbird|46/100|[from] item: Life Orb
|move|p1a: Arceus|Recover|p1a: Arceus
|-heal|p1a: Arceus|97/100
|
|-weather|SunnyDay|[upkeep]
|upkeep
|turn|14
|c|☆NykterStein|bro tried every single moves in his moveset lmao
|
|t:|1664604877
|-end|p2a: Zimbabwe Songbird|Dynamax
|-heal|p2a: Zimbabwe Songbird|46/100|[silent]
|switch|p2a: Cute Murder Bee|Ribombee, M, shiny|76/100
|-damage|p2a: Cute Murder Bee|51/100|[from] Stealth Rock
|move|p1a: Arceus|Recover|p1a: Arceus
|-heal|p1a: Arceus|100/100
|
|-weather|SunnyDay|[upkeep]
|upkeep
|turn|15
|
|t:|1664604888
|move|p2a: Cute Murder Bee|Moonblast|p1a: Arceus
|-supereffective|p1a: Arceus
|-damage|p1a: Arceus|57/100
|move|p1a: Arceus|Judgment|p2a: Cute Murder Bee
|-resisted|p2a: Cute Murder Bee
|-damage|p2a: Cute Murder Bee|8/100
|
|-weather|SunnyDay|[upkeep]
|upkeep
|turn|16
|c|☆Gwyneth Elizabeth|eh I wanted to see what would happen
|inactive|Gwyneth Elizabeth has 120 seconds left.
|
|t:|1664604904
|move|p2a: Cute Murder Bee|Moonblast|p1a: Arceus
|-supereffective|p1a: Arceus
|-damage|p1a: Arceus|15/100
|move|p1a: Arceus|Judgment|p2a: Cute Murder Bee
|-resisted|p2a: Cute Murder Bee
|-damage|p2a: Cute Murder Bee|0 fnt
|faint|p2a: Cute Murder Bee
|
|-weather|SunnyDay|[upkeep]
|-fieldend|move: Electric Terrain
|upkeep
|inactive|Gwyneth Elizabeth has 120 seconds left.
|c|☆NykterStein|lol
|
|t:|1664604913
|switch|p2a: Wednesday|Venusaur, M|100/100
|-damage|p2a: Wednesday|88/100|[from] Stealth Rock
|turn|17
|c|☆Gwyneth Elizabeth|also I needed sun for this next part
|inactive|Gwyneth Elizabeth has 120 seconds left.
|
|t:|1664604924
|move|p2a: Wednesday|Solar Beam||[still]
|-prepare|p2a: Wednesday|Solar Beam
|-anim|p2a: Wednesday|Solar Beam|p1a: Arceus
|-damage|p1a: Arceus|0 fnt
|faint|p1a: Arceus
|
|-weather|none
|upkeep
|
|t:|1664604933
|switch|p1a: Gothitelle|Gothitelle, M|100/100
|-damage|p1a: Gothitelle|88/100|[from] Stealth Rock
|turn|18
|inactive|Gwyneth Elizabeth has 120 seconds left.
|
|t:|1664604957
|move|p2a: Wednesday|Giga Drain|p1a: Gothitelle
|-damage|p1a: Gothitelle|64/100
|-heal|p2a: Wednesday|100/100|[from] drain|[of] p1a: Gothitelle
|move|p1a: Gothitelle|Cosmic Power|p1a: Gothitelle
|-boost|p1a: Gothitelle|def|1
|-boost|p1a: Gothitelle|spd|1
|
|-heal|p1a: Gothitelle|70/100|[from] item: Leftovers
|upkeep
|turn|19
|inactive|Gwyneth Elizabeth has 120 seconds left.
|
|t:|1664604966
|move|p2a: Wednesday|Sludge Bomb|p1a: Gothitelle
|-damage|p1a: Gothitelle|49/100
|move|p1a: Gothitelle|Cosmic Power|p1a: Gothitelle
|-boost|p1a: Gothitelle|def|1
|-boost|p1a: Gothitelle|spd|1
|
|-heal|p1a: Gothitelle|55/100|[from] item: Leftovers
|upkeep
|turn|20
|
|t:|1664604975
|move|p2a: Wednesday|Sludge Bomb|p1a: Gothitelle
|-damage|p1a: Gothitelle|41/100
|-status|p1a: Gothitelle|psn
|move|p1a: Gothitelle|Cosmic Power|p1a: Gothitelle
|-boost|p1a: Gothitelle|def|1
|-boost|p1a: Gothitelle|spd|1
|
|-heal|p1a: Gothitelle|47/100 psn|[from] item: Leftovers
|-damage|p1a: Gothitelle|35/100 psn|[from] psn
|upkeep
|turn|21
|
|t:|1664604986
|move|p2a: Wednesday|Solar Beam||[still]
|-prepare|p2a: Wednesday|Solar Beam
|move|p1a: Gothitelle|Cosmic Power|p1a: Gothitelle
|-boost|p1a: Gothitelle|def|1
|-boost|p1a: Gothitelle|spd|1
|
|-heal|p1a: Gothitelle|41/100 psn|[from] item: Leftovers
|-damage|p1a: Gothitelle|28/100 psn|[from] psn
|upkeep
|turn|22
|
|t:|1664604994
|move|p2a: Wednesday|Solar Beam|p1a: Gothitelle|[from]lockedmove
|-damage|p1a: Gothitelle|14/100 psn
|move|p1a: Gothitelle|Rest|p1a: Gothitelle
|-status|p1a: Gothitelle|slp|[from] move: Rest
|-heal|p1a: Gothitelle|100/100 slp|[silent]
|
|upkeep
|turn|23
|
|t:|1664605003
|move|p2a: Wednesday|Sludge Bomb|p1a: Gothitelle
|-damage|p1a: Gothitelle|90/100 slp
|cant|p1a: Gothitelle|slp
|
|-heal|p1a: Gothitelle|96/100 slp|[from] item: Leftovers
|upkeep
|turn|24
|
|t:|1664605010
|move|p2a: Wednesday|Sludge Bomb|p1a: Gothitelle
|-damage|p1a: Gothitelle|86/100 slp
|cant|p1a: Gothitelle|slp
|
|-heal|p1a: Gothitelle|92/100 slp|[from] item: Leftovers
|upkeep
|turn|25
|
|t:|1664605017
|move|p2a: Wednesday|Sludge Bomb|p1a: Gothitelle
|-damage|p1a: Gothitelle|82/100 slp
|-curestatus|p1a: Gothitelle|slp|[msg]
|move|p1a: Gothitelle|Cosmic Power|p1a: Gothitelle
|-boost|p1a: Gothitelle|def|1
|-boost|p1a: Gothitelle|spd|1
|
|-heal|p1a: Gothitelle|88/100|[from] item: Leftovers
|upkeep
|turn|26
|
|t:|1664605025
|move|p2a: Wednesday|Sludge Bomb|p1a: Gothitelle
|-damage|p1a: Gothitelle|80/100
|move|p1a: Gothitelle|Cosmic Power|p1a: Gothitelle
|-boost|p1a: Gothitelle|def|1
|-boost|p1a: Gothitelle|spd|1
|
|-heal|p1a: Gothitelle|86/100|[from] item: Leftovers
|upkeep
|turn|27
|
|t:|1664605032
|move|p2a: Wednesday|Sludge Bomb|p1a: Gothitelle
|-damage|p1a: Gothitelle|79/100
|move|p1a: Gothitelle|Charm|p2a: Wednesday
|-unboost|p2a: Wednesday|atk|2
|
|-heal|p1a: Gothitelle|85/100|[from] item: Leftovers
|upkeep
|turn|28
|
|t:|1664605040
|move|p2a: Wednesday|Sludge Bomb|p1a: Gothitelle
|-damage|p1a: Gothitelle|77/100
|-status|p1a: Gothitelle|psn
|move|p1a: Gothitelle|Charm|p2a: Wednesday
|-unboost|p2a: Wednesday|atk|2
|
|-heal|p1a: Gothitelle|83/100 psn|[from] item: Leftovers
|-damage|p1a: Gothitelle|70/100 psn|[from] psn
|upkeep
|turn|29
|
|t:|1664605050
|move|p2a: Wednesday|Giga Drain|p1a: Gothitelle
|-damage|p1a: Gothitelle|63/100 psn
|move|p1a: Gothitelle|Charm|p2a: Wednesday
|-unboost|p2a: Wednesday|atk|2
|
|-heal|p1a: Gothitelle|69/100 psn|[from] item: Leftovers
|-damage|p1a: Gothitelle|57/100 psn|[from] psn
|upkeep
|turn|30
|
|t:|1664605061
|move|p2a: Wednesday|Weather Ball|p1a: Gothitelle
|-damage|p1a: Gothitelle|54/100 psn
|move|p1a: Gothitelle|Charm|p2a: Wednesday
|-unboost|p2a: Wednesday|atk|0
|
|-heal|p1a: Gothitelle|60/100 psn|[from] item: Leftovers
|-damage|p1a: Gothitelle|47/100 psn|[from] psn
|upkeep
|turn|31
|
|t:|1664605074
|move|p2a: Wednesday|Solar Beam||[still]
|-prepare|p2a: Wednesday|Solar Beam
|move|p1a: Gothitelle|Taunt|p2a: Wednesday
|-start|p2a: Wednesday|move: Taunt
|
|-heal|p1a: Gothitelle|53/100 psn|[from] item: Leftovers
|-damage|p1a: Gothitelle|41/100 psn|[from] psn
|upkeep
|turn|32
|
|t:|1664605083
|move|p2a: Wednesday|Solar Beam|p1a: Gothitelle|[from]lockedmove
|-damage|p1a: Gothitelle|30/100 psn
|move|p1a: Gothitelle|Cosmic Power|p1a: Gothitelle
|-boost|p1a: Gothitelle|def|0
|-boost|p1a: Gothitelle|spd|0
|
|-heal|p1a: Gothitelle|37/100 psn|[from] item: Leftovers
|-damage|p1a: Gothitelle|24/100 psn|[from] psn
|upkeep
|turn|33
|
|t:|1664605100
|move|p2a: Wednesday|Sludge Bomb|p1a: Gothitelle
|-damage|p1a: Gothitelle|16/100 psn
|move|p1a: Gothitelle|Rest|p1a: Gothitelle
|-status|p1a: Gothitelle|slp|[from] move: Rest
|-heal|p1a: Gothitelle|100/100 slp|[silent]
|
|upkeep
|turn|34
|
|t:|1664605109
|move|p2a: Wednesday|Sludge Bomb|p1a: Gothitelle
|-damage|p1a: Gothitelle|92/100 slp
|cant|p1a: Gothitelle|slp
|
|-heal|p1a: Gothitelle|98/100 slp|[from] item: Leftovers
|-end|p2a: Wednesday|move: Taunt
|upkeep
|turn|35
|
|t:|1664605119
|move|p2a: Wednesday|Sludge Bomb|p1a: Gothitelle
|-damage|p1a: Gothitelle|91/100 slp
|cant|p1a: Gothitelle|slp
|
|-heal|p1a: Gothitelle|97/100 slp|[from] item: Leftovers
|upkeep
|turn|36
|
|t:|1664605126
|move|p2a: Wednesday|Weather Ball|p1a: Gothitelle
|-damage|p1a: Gothitelle|94/100 slp
|-curestatus|p1a: Gothitelle|slp|[msg]
|move|p1a: Gothitelle|Cosmic Power|p1a: Gothitelle
|-boost|p1a: Gothitelle|def|0
|-boost|p1a: Gothitelle|spd|0
|
|-heal|p1a: Gothitelle|100/100|[from] item: Leftovers
|upkeep
|turn|37
|
|t:|1664605135
|move|p2a: Wednesday|Weather Ball|p1a: Gothitelle
|-damage|p1a: Gothitelle|97/100
|move|p1a: Gothitelle|Taunt|p2a: Wednesday
|-start|p2a: Wednesday|move: Taunt
|
|-heal|p1a: Gothitelle|100/100|[from] item: Leftovers
|upkeep
|turn|38
|
|t:|1664605142
|move|p2a: Wednesday|Weather Ball|p1a: Gothitelle
|-damage|p1a: Gothitelle|97/100
|move|p1a: Gothitelle|Cosmic Power|p1a: Gothitelle
|-boost|p1a: Gothitelle|def|0
|-boost|p1a: Gothitelle|spd|0
|
|-heal|p1a: Gothitelle|100/100|[from] item: Leftovers
|upkeep
|turn|39
|
|t:|1664605156
|move|p2a: Wednesday|Weather Ball|p1a: Gothitelle
|-crit|p1a: Gothitelle
|-damage|p1a: Gothitelle|85/100
|move|p1a: Gothitelle|Charm|p2a: Wednesday
|-unboost|p2a: Wednesday|atk|0
|
|-heal|p1a: Gothitelle|91/100|[from] item: Leftovers
|upkeep
|turn|40
|
|t:|1664605166
|move|p2a: Wednesday|Sludge Bomb|p1a: Gothitelle
|-damage|p1a: Gothitelle|82/100
|move|p1a: Gothitelle|Charm|p2a: Wednesday
|-unboost|p2a: Wednesday|atk|0
|
|-heal|p1a: Gothitelle|89/100|[from] item: Leftovers
|-end|p2a: Wednesday|move: Taunt
|upkeep
|turn|41
|
|t:|1664605175
|move|p2a: Wednesday|Solar Beam||[still]
|-prepare|p2a: Wednesday|Solar Beam
|move|p1a: Gothitelle|Taunt|p2a: Wednesday
|-start|p2a: Wednesday|move: Taunt
|
|-heal|p1a: Gothitelle|95/100|[from] item: Leftovers
|upkeep
|turn|42
|
|t:|1664605183
|move|p2a: Wednesday|Solar Beam|p1a: Gothitelle|[from]lockedmove
|-damage|p1a: Gothitelle|83/100
|move|p1a: Gothitelle|Charm|p2a: Wednesday
|-unboost|p2a: Wednesday|atk|0
|
|-heal|p1a: Gothitelle|89/100|[from] item: Leftovers
|upkeep
|turn|43
|
|t:|1664605196
|move|p2a: Wednesday|Sludge Bomb|p1a: Gothitelle
|-damage|p1a: Gothitelle|81/100
|-status|p1a: Gothitelle|psn
|move|p1a: Gothitelle|Taunt||[still]
|-fail|p1a: Gothitelle
|
|-heal|p1a: Gothitelle|87/100 psn|[from] item: Leftovers
|-damage|p1a: Gothitelle|75/100 psn|[from] psn
|upkeep
|turn|44
|
|t:|1664605205
|move|p2a: Wednesday|Solar Beam||[still]
|-prepare|p2a: Wednesday|Solar Beam
|move|p1a: Gothitelle|Charm|p2a: Wednesday
|-unboost|p2a: Wednesday|atk|0
|
|-heal|p1a: Gothitelle|81/100 psn|[from] item: Leftovers
|-damage|p1a: Gothitelle|69/100 psn|[from] psn
|-end|p2a: Wednesday|move: Taunt
|upkeep
|turn|45
|
|t:|1664605213
|move|p2a: Wednesday|Solar Beam|p1a: Gothitelle|[from]lockedmove
|-damage|p1a: Gothitelle|59/100 psn
|move|p1a: Gothitelle|Taunt|p2a: Wednesday
|-start|p2a: Wednesday|move: Taunt
|
|-heal|p1a: Gothitelle|65/100 psn|[from] item: Leftovers
|-damage|p1a: Gothitelle|52/100 psn|[from] psn
|upkeep
|turn|46
|
|t:|1664605224
|move|p2a: Wednesday|Solar Beam||[still]
|-prepare|p2a: Wednesday|Solar Beam
|move|p1a: Gothitelle|Taunt||[still]
|-fail|p1a: Gothitelle
|
|-heal|p1a: Gothitelle|58/100 psn|[from] item: Leftovers
|-damage|p1a: Gothitelle|46/100 psn|[from] psn
|upkeep
|turn|47
|
|t:|1664605233
|move|p2a: Wednesday|Solar Beam|p1a: Gothitelle|[from]lockedmove
|-damage|p1a: Gothitelle|36/100 psn
|move|p1a: Gothitelle|Charm|p2a: Wednesday
|-unboost|p2a: Wednesday|atk|0
|
|-heal|p1a: Gothitelle|42/100 psn|[from] item: Leftovers
|-damage|p1a: Gothitelle|30/100 psn|[from] psn
|upkeep
|turn|48
|
|t:|1664605241
|move|p2a: Wednesday|Solar Beam||[still]
|-prepare|p2a: Wednesday|Solar Beam
|move|p1a: Gothitelle|Charm|p2a: Wednesday
|-unboost|p2a: Wednesday|atk|0
|
|-heal|p1a: Gothitelle|36/100 psn|[from] item: Leftovers
|-damage|p1a: Gothitelle|23/100 psn|[from] psn
|-end|p2a: Wednesday|move: Taunt
|upkeep
|turn|49
|
|t:|1664605250
|move|p2a: Wednesday|Solar Beam|p1a: Gothitelle|[from]lockedmove
|-damage|p1a: Gothitelle|14/100 psn
|move|p1a: Gothitelle|Rest|p1a: Gothitelle
|-status|p1a: Gothitelle|slp|[from] move: Rest
|-heal|p1a: Gothitelle|100/100 slp|[silent]
|
|upkeep
|turn|50
|
|t:|1664605260
|move|p2a: Wednesday|Sludge Bomb|p1a: Gothitelle
|-damage|p1a: Gothitelle|93/100 slp
|cant|p1a: Gothitelle|slp
|
|-heal|p1a: Gothitelle|99/100 slp|[from] item: Leftovers
|upkeep
|turn|51
|
|t:|1664605266
|move|p2a: Wednesday|Sludge Bomb|p1a: Gothitelle
|-damage|p1a: Gothitelle|91/100 slp
|cant|p1a: Gothitelle|slp
|
|-heal|p1a: Gothitelle|98/100 slp|[from] item: Leftovers
|upkeep
|turn|52
|
|t:|1664605272
|move|p2a: Wednesday|Sludge Bomb|p1a: Gothitelle
|-damage|p1a: Gothitelle|90/100 slp
|-curestatus|p1a: Gothitelle|slp|[msg]
|move|p1a: Gothitelle|Taunt|p2a: Wednesday
|-start|p2a: Wednesday|move: Taunt
|
|-heal|p1a: Gothitelle|96/100|[from] item: Leftovers
|upkeep
|turn|53
|
|t:|1664605283
|move|p2a: Wednesday|Weather Ball|p1a: Gothitelle
|-damage|p1a: Gothitelle|93/100
|move|p1a: Gothitelle|Charm|p2a: Wednesday
|-unboost|p2a: Wednesday|atk|0
|
|-heal|p1a: Gothitelle|99/100|[from] item: Leftovers
|upkeep
|turn|54
|
|t:|1664605293
|move|p2a: Wednesday|Weather Ball|p1a: Gothitelle
|-damage|p1a: Gothitelle|96/100
|move|p1a: Gothitelle|Charm|p2a: Wednesday
|-unboost|p2a: Wednesday|atk|0
|
|-heal|p1a: Gothitelle|100/100|[from] item: Leftovers
|upkeep
|turn|55
|
|t:|1664605302
|move|p2a: Wednesday|Weather Ball|p1a: Gothitelle
|-damage|p1a: Gothitelle|97/100
|move|p1a: Gothitelle|Cosmic Power|p1a: Gothitelle
|-boost|p1a: Gothitelle|def|0
|-boost|p1a: Gothitelle|spd|0
|
|-heal|p1a: Gothitelle|100/100|[from] item: Leftovers
|-end|p2a: Wednesday|move: Taunt
|upkeep
|turn|56
|
|t:|1664605313
|move|p2a: Wednesday|Weather Ball|p1a: Gothitelle
|-damage|p1a: Gothitelle|98/100
|move|p1a: Gothitelle|Cosmic Power|p1a: Gothitelle
|-boost|p1a: Gothitelle|def|0
|-boost|p1a: Gothitelle|spd|0
|
|-heal|p1a: Gothitelle|100/100|[from] item: Leftovers
|upkeep
|turn|57
|
|t:|1664605322
|move|p2a: Wednesday|Weather Ball|p1a: Gothitelle
|-damage|p1a: Gothitelle|97/100
|move|p1a: Gothitelle|Cosmic Power|p1a: Gothitelle
|-boost|p1a: Gothitelle|def|0
|-boost|p1a: Gothitelle|spd|0
|
|-heal|p1a: Gothitelle|100/100|[from] item: Leftovers
|upkeep
|turn|58
|
|t:|1664605329
|move|p2a: Wednesday|Weather Ball|p1a: Gothitelle
|-damage|p1a: Gothitelle|97/100
|move|p1a: Gothitelle|Cosmic Power|p1a: Gothitelle
|-boost|p1a: Gothitelle|def|0
|-boost|p1a: Gothitelle|spd|0
|
|-heal|p1a: Gothitelle|100/100|[from] item: Leftovers
|upkeep
|turn|59
|c|☆NykterStein|U can do it lol
|
|t:|1664605339
|move|p2a: Wednesday|Weather Ball|p1a: Gothitelle
|-damage|p1a: Gothitelle|97/100
|move|p1a: Gothitelle|Cosmic Power|p1a: Gothitelle
|-boost|p1a: Gothitelle|def|0
|-boost|p1a: Gothitelle|spd|0
|
|-heal|p1a: Gothitelle|100/100|[from] item: Leftovers
|upkeep
|turn|60
|
|t:|1664605350
|move|p2a: Wednesday|Weather Ball|p1a: Gothitelle
|-damage|p1a: Gothitelle|98/100
|move|p1a: Gothitelle|Cosmic Power|p1a: Gothitelle
|-boost|p1a: Gothitelle|def|0
|-boost|p1a: Gothitelle|spd|0
|
|-heal|p1a: Gothitelle|100/100|[from] item: Leftovers
|upkeep
|turn|61
|c|☆Gwyneth Elizabeth|with the power of friendship
|
|t:|1664605363
|move|p2a: Wednesday|Weather Ball|p1a: Gothitelle
|-damage|p1a: Gothitelle|97/100
|move|p1a: Gothitelle|Cosmic Power|p1a: Gothitelle
|-boost|p1a: Gothitelle|def|0
|-boost|p1a: Gothitelle|spd|0
|
|-heal|p1a: Gothitelle|100/100|[from] item: Leftovers
|upkeep
|turn|62
|
|t:|1664605373
|move|p2a: Wednesday|Weather Ball|p1a: Gothitelle
|-damage|p1a: Gothitelle|98/100
|move|p1a: Gothitelle|Cosmic Power|p1a: Gothitelle
|-boost|p1a: Gothitelle|def|0
|-boost|p1a: Gothitelle|spd|0
|
|-heal|p1a: Gothitelle|100/100|[from] item: Leftovers
|upkeep
|turn|63
|c|☆NykterStein|there is no such in thing in this game like that lmao
|
|t:|1664605392
|move|p2a: Wednesday|Weather Ball|p1a: Gothitelle
|-damage|p1a: Gothitelle|98/100
|move|p1a: Gothitelle|Cosmic Power|p1a: Gothitelle
|-boost|p1a: Gothitelle|def|0
|-boost|p1a: Gothitelle|spd|0
|
|-heal|p1a: Gothitelle|100/100|[from] item: Leftovers
|upkeep
|turn|64
|
|t:|1664605404
|move|p2a: Wednesday|Solar Beam||[still]
|-prepare|p2a: Wednesday|Solar Beam
|move|p1a: Gothitelle|Cosmic Power|p1a: Gothitelle
|-boost|p1a: Gothitelle|def|0
|-boost|p1a: Gothitelle|spd|0
|
|upkeep
|turn|65
|c|☆Gwyneth Elizabeth|well my friendship w/crits
|
|t:|1664605416
|move|p2a: Wednesday|Solar Beam|p1a: Gothitelle|[from]lockedmove
|-damage|p1a: Gothitelle|91/100
|move|p1a: Gothitelle|Cosmic Power|p1a: Gothitelle
|-boost|p1a: Gothitelle|def|0
|-boost|p1a: Gothitelle|spd|0
|
|-heal|p1a: Gothitelle|97/100|[from] item: Leftovers
|upkeep
|turn|66
|
|t:|1664605426
|move|p2a: Wednesday|Solar Beam||[still]
|-prepare|p2a: Wednesday|Solar Beam
|move|p1a: Gothitelle|Cosmic Power|p1a: Gothitelle
|-boost|p1a: Gothitelle|def|0
|-boost|p1a: Gothitelle|spd|0
|
|-heal|p1a: Gothitelle|100/100|[from] item: Leftovers
|upkeep
|turn|67
|
|t:|1664605436
|move|p2a: Wednesday|Solar Beam|p1a: Gothitelle|[from]lockedmove
|-damage|p1a: Gothitelle|91/100
|move|p1a: Gothitelle|Taunt|p2a: Wednesday
|-start|p2a: Wednesday|move: Taunt
|
|-heal|p1a: Gothitelle|97/100|[from] item: Leftovers
|upkeep
|turn|68
|
|t:|1664605446
|move|p2a: Wednesday|Giga Drain|p1a: Gothitelle
|-damage|p1a: Gothitelle|91/100
|move|p1a: Gothitelle|Cosmic Power|p1a: Gothitelle
|-boost|p1a: Gothitelle|def|0
|-boost|p1a: Gothitelle|spd|0
|
|-heal|p1a: Gothitelle|97/100|[from] item: Leftovers
|upkeep
|turn|69
|
|t:|1664605458
|move|p2a: Wednesday|Giga Drain|p1a: Gothitelle
|-damage|p1a: Gothitelle|90/100
|move|p1a: Gothitelle|Taunt||[still]
|-fail|p1a: Gothitelle
|
|-heal|p1a: Gothitelle|96/100|[from] item: Leftovers
|upkeep
|turn|70
|
|t:|1664605466
|move|p2a: Wednesday|Giga Drain|p1a: Gothitelle
|-damage|p1a: Gothitelle|90/100
|move|p1a: Gothitelle|Taunt||[still]
|-fail|p1a: Gothitelle
|
|-heal|p1a: Gothitelle|96/100|[from] item: Leftovers
|-end|p2a: Wednesday|move: Taunt
|upkeep
|turn|71
|
|t:|1664605473
|move|p2a: Wednesday|Giga Drain|p1a: Gothitelle
|-damage|p1a: Gothitelle|89/100
|move|p1a: Gothitelle|Taunt|p2a: Wednesday
|-start|p2a: Wednesday|move: Taunt
|
|-heal|p1a: Gothitelle|96/100|[from] item: Leftovers
|upkeep
|turn|72
|
|t:|1664605480
|move|p2a: Wednesday|Giga Drain|p1a: Gothitelle
|-damage|p1a: Gothitelle|89/100
|move|p1a: Gothitelle|Taunt||[still]
|-fail|p1a: Gothitelle
|
|-heal|p1a: Gothitelle|95/100|[from] item: Leftovers
|upkeep
|turn|73
|
|t:|1664605489
|move|p2a: Wednesday|Giga Drain|p1a: Gothitelle
|-damage|p1a: Gothitelle|88/100
|move|p1a: Gothitelle|Taunt||[still]
|-fail|p1a: Gothitelle
|
|-heal|p1a: Gothitelle|94/100|[from] item: Leftovers
|upkeep
|turn|74
|
|t:|1664605496
|move|p2a: Wednesday|Giga Drain|p1a: Gothitelle
|-damage|p1a: Gothitelle|88/100
|move|p1a: Gothitelle|Taunt||[still]
|-fail|p1a: Gothitelle
|
|-heal|p1a: Gothitelle|94/100|[from] item: Leftovers
|-end|p2a: Wednesday|move: Taunt
|upkeep
|turn|75
|
|t:|1664605503
|move|p2a: Wednesday|Giga Drain|p1a: Gothitelle
|-damage|p1a: Gothitelle|88/100
|move|p1a: Gothitelle|Taunt|p2a: Wednesday
|-start|p2a: Wednesday|move: Taunt
|
|-heal|p1a: Gothitelle|94/100|[from] item: Leftovers
|upkeep
|turn|76
|
|t:|1664605511
|move|p2a: Wednesday|Giga Drain|p1a: Gothitelle
|-damage|p1a: Gothitelle|87/100
|move|p1a: Gothitelle|Taunt||[still]
|-fail|p1a: Gothitelle
|
|-heal|p1a: Gothitelle|93/100|[from] item: Leftovers
|upkeep
|turn|77
|
|t:|1664605519
|move|p2a: Wednesday|Giga Drain|p1a: Gothitelle
|-damage|p1a: Gothitelle|87/100
|move|p1a: Gothitelle|Taunt||[still]
|-fail|p1a: Gothitelle
|
|-heal|p1a: Gothitelle|93/100|[from] item: Leftovers
|upkeep
|turn|78
|c|☆NykterStein|just surrender man u loose anyway
|inactive|NykterStein has 120 seconds left.
|c|☆Gwyneth Elizabeth|hmmmmm maybe
|c|☆NykterStein|my 140 IQ already said that I win in 156th turn
|
|t:|1664605572
|move|p2a: Wednesday|Giga Drain|p1a: Gothitelle
|-damage|p1a: Gothitelle|87/100
|move|p1a: Gothitelle|Charm|p2a: Wednesday
|-unboost|p2a: Wednesday|atk|0
|
|-heal|p1a: Gothitelle|93/100|[from] item: Leftovers
|-end|p2a: Wednesday|move: Taunt
|upkeep
|turn|79
|
|t:|1664605581
|move|p2a: Wednesday|Giga Drain|p1a: Gothitelle
|-crit|p1a: Gothitelle
|-damage|p1a: Gothitelle|55/100
|move|p1a: Gothitelle|Charm|p2a: Wednesday
|-unboost|p2a: Wednesday|atk|0
|
|-heal|p1a: Gothitelle|61/100|[from] item: Leftovers
|upkeep
|turn|80
|
|t:|1664605592
|move|p2a: Wednesday|Solar Beam||[still]
|-prepare|p2a: Wednesday|Solar Beam
|move|p1a: Gothitelle|Charm|p2a: Wednesday
|-unboost|p2a: Wednesday|atk|0
|
|-heal|p1a: Gothitelle|67/100|[from] item: Leftovers
|upkeep
|turn|81
|
|t:|1664605599
|move|p2a: Wednesday|Solar Beam|p1a: Gothitelle|[from]lockedmove
|-damage|p1a: Gothitelle|57/100
|move|p1a: Gothitelle|Charm|p2a: Wednesday
|-unboost|p2a: Wednesday|atk|0
|
|-heal|p1a: Gothitelle|63/100|[from] item: Leftovers
|upkeep
|turn|82
|inactive|NykterStein has 120 seconds left.
|
|t:|1664605606
|move|p2a: Wednesday|Giga Drain|p1a: Gothitelle
|-damage|p1a: Gothitelle|56/100
|move|p1a: Gothitelle|Charm|p2a: Wednesday
|-unboost|p2a: Wednesday|atk|0
|
|-heal|p1a: Gothitelle|62/100|[from] item: Leftovers
|upkeep
|turn|83
|
|t:|1664605615
|move|p2a: Wednesday|Giga Drain|p1a: Gothitelle
|-damage|p1a: Gothitelle|55/100
|move|p1a: Gothitelle|Rest|p1a: Gothitelle
|-status|p1a: Gothitelle|slp|[from] move: Rest
|-heal|p1a: Gothitelle|100/100 slp|[silent]
|
|upkeep
|turn|84
|
|t:|1664605622
|move|p2a: Wednesday|Solar Beam||[still]
|-prepare|p2a: Wednesday|Solar Beam
|cant|p1a: Gothitelle|slp
|
|upkeep
|turn|85
|
|t:|1664605627
|move|p2a: Wednesday|Solar Beam|p1a: Gothitelle|[from]lockedmove
|-damage|p1a: Gothitelle|90/100 slp
|cant|p1a: Gothitelle|slp
|
|-heal|p1a: Gothitelle|96/100 slp|[from] item: Leftovers
|upkeep
|turn|86
|
|t:|1664605634
|move|p2a: Wednesday|Solar Beam||[still]
|-prepare|p2a: Wednesday|Solar Beam
|-curestatus|p1a: Gothitelle|slp|[msg]
|move|p1a: Gothitelle|Taunt|p2a: Wednesday
|-start|p2a: Wednesday|move: Taunt
|
|-heal|p1a: Gothitelle|100/100|[from] item: Leftovers
|upkeep
|turn|87
|
|t:|1664605642
|move|p2a: Wednesday|Solar Beam|p1a: Gothitelle|[from]lockedmove
|-damage|p1a: Gothitelle|91/100
|move|p1a: Gothitelle|Taunt||[still]
|-fail|p1a: Gothitelle
|
|-heal|p1a: Gothitelle|97/100|[from] item: Leftovers
|upkeep
|turn|88
|
|t:|1664605658
|move|p2a: Wednesday|Solar Beam||[still]
|-prepare|p2a: Wednesday|Solar Beam
|move|p1a: Gothitelle|Taunt||[still]
|-fail|p1a: Gothitelle
|
|-heal|p1a: Gothitelle|100/100|[from] item: Leftovers
|upkeep
|turn|89
|
|t:|1664605683
|move|p2a: Wednesday|Solar Beam|p1a: Gothitelle|[from]lockedmove
|-damage|p1a: Gothitelle|91/100
|move|p1a: Gothitelle|Taunt||[still]
|-fail|p1a: Gothitelle
|
|-heal|p1a: Gothitelle|97/100|[from] item: Leftovers
|-end|p2a: Wednesday|move: Taunt
|upkeep
|turn|90
|
|t:|1664605697
|move|p2a: Wednesday|Solar Beam||[still]
|-prepare|p2a: Wednesday|Solar Beam
|move|p1a: Gothitelle|Taunt|p2a: Wednesday
|-start|p2a: Wednesday|move: Taunt
|
|-heal|p1a: Gothitelle|100/100|[from] item: Leftovers
|upkeep
|turn|91
|inactive|Gwyneth Elizabeth has 120 seconds left.
|
|t:|1664605712
|move|p2a: Wednesday|Solar Beam|p1a: Gothitelle|[from]lockedmove
|-damage|p1a: Gothitelle|91/100
|move|p1a: Gothitelle|Charm|p2a: Wednesday
|-unboost|p2a: Wednesday|atk|0
|
|-heal|p1a: Gothitelle|97/100|[from] item: Leftovers
|upkeep
|turn|92
|inactive|Gwyneth Elizabeth has 120 seconds left.
|
|t:|1664605722
|move|p2a: Wednesday|Solar Beam||[still]
|-prepare|p2a: Wednesday|Solar Beam
|move|p1a: Gothitelle|Charm|p2a: Wednesday
|-unboost|p2a: Wednesday|atk|0
|
|-heal|p1a: Gothitelle|100/100|[from] item: Leftovers
|upkeep
|turn|93
|inactive|Gwyneth Elizabeth has 120 seconds left.
|
|t:|1664605732
|move|p2a: Wednesday|Solar Beam|p1a: Gothitelle|[from]lockedmove
|-damage|p1a: Gothitelle|90/100
|move|p1a: Gothitelle|Rest|p1a: Gothitelle
|-status|p1a: Gothitelle|slp|[from] move: Rest
|-heal|p1a: Gothitelle|100/100 slp|[silent]
|
|-end|p2a: Wednesday|move: Taunt
|upkeep
|turn|94
|inactive|Gwyneth Elizabeth has 120 seconds left.
|
|t:|1664605741
|move|p2a: Wednesday|Solar Beam||[still]
|-prepare|p2a: Wednesday|Solar Beam
|cant|p1a: Gothitelle|slp
|
|upkeep
|turn|95
|
|t:|1664605745
|move|p2a: Wednesday|Solar Beam|p1a: Gothitelle|[from]lockedmove
|-damage|p1a: Gothitelle|91/100 slp
|cant|p1a: Gothitelle|slp
|
|-heal|p1a: Gothitelle|97/100 slp|[from] item: Leftovers
|upkeep
|turn|96
|
|t:|1664605751
|-activate|p2a: Wednesday|move: Struggle
|move|p2a: Wednesday|Struggle|p1a: Gothitelle
|-damage|p1a: Gothitelle|96/100 slp
|-damage|p2a: Wednesday|76/100|[from] recoil
|-curestatus|p1a: Gothitelle|slp|[msg]
|move|p1a: Gothitelle|Charm|p2a: Wednesday
|-unboost|p2a: Wednesday|atk|0
|
|-heal|p1a: Gothitelle|100/100|[from] item: Leftovers
|upkeep
|turn|97
|
|t:|1664605761
|-activate|p2a: Wednesday|move: Struggle
|move|p2a: Wednesday|Struggle|p1a: Gothitelle
|-damage|p1a: Gothitelle|99/100
|-damage|p2a: Wednesday|51/100|[from] recoil
|move|p1a: Gothitelle|Charm|p2a: Wednesday
|-unboost|p2a: Wednesday|atk|0
|
|-heal|p1a: Gothitelle|100/100|[from] item: Leftovers
|upkeep
|turn|98
|
|t:|1664605769
|-activate|p2a: Wednesday|move: Struggle
|move|p2a: Wednesday|Struggle|p1a: Gothitelle
|-damage|p1a: Gothitelle|99/100
|-damage|p2a: Wednesday|26/100|[from] recoil
|move|p1a: Gothitelle|Charm|p2a: Wednesday
|-unboost|p2a: Wednesday|atk|0
|
|-heal|p1a: Gothitelle|100/100|[from] item: Leftovers
|upkeep
|turn|99
|
|t:|1664605780
|-activate|p2a: Wednesday|move: Struggle
|move|p2a: Wednesday|Struggle|p1a: Gothitelle
|-damage|p1a: Gothitelle|99/100
|-damage|p2a: Wednesday|1/100|[from] recoil
|move|p1a: Gothitelle|Rest|p1a: Gothitelle
|-status|p1a: Gothitelle|slp|[from] move: Rest
|-heal|p1a: Gothitelle|100/100 slp|[silent]
|
|upkeep
|turn|100
|
|t:|1664605788
|-activate|p2a: Wednesday|move: Struggle
|move|p2a: Wednesday|Struggle|p1a: Gothitelle
|-damage|p1a: Gothitelle|99/100 slp
|-damage|p2a: Wednesday|0 fnt|[from] recoil
|faint|p2a: Wednesday
|cant|p1a: Gothitelle|slp
|
|-heal|p1a: Gothitelle|100/100 slp|[from] item: Leftovers
|upkeep
|inactive|Gwyneth Elizabeth has 120 seconds left.
|
|t:|1664605801
|switch|p2a: Zimbabwe Songbird|Zapdos|46/100
|-damage|p2a: Zimbabwe Songbird|21/100|[from] Stealth Rock
|-ability|p2a: Zimbabwe Songbird|Pressure
|turn|101
|
|t:|1664605808
|move|p2a: Zimbabwe Songbird|U-turn|p1a: Gothitelle
|-supereffective|p1a: Gothitelle
|-damage|p1a: Gothitelle|91/100 slp
|-damage|p2a: Zimbabwe Songbird|11/100|[from] item: Life Orb
|
|t:|1664605812
|switch|p2a: Swimways Toypedo|Garchomp, M|100/100|[from]move: U-turn
|-damage|p2a: Swimways Toypedo|94/100|[from] Stealth Rock
|cant|p1a: Gothitelle|slp
|
|-heal|p1a: Gothitelle|97/100 slp|[from] item: Leftovers
|upkeep
|turn|102
|
|t:|1664605824
|move|p2a: Swimways Toypedo|Swords Dance|p2a: Swimways Toypedo
|-boost|p2a: Swimways Toypedo|atk|2
|-curestatus|p1a: Gothitelle|slp|[msg]
|move|p1a: Gothitelle|Charm|p2a: Swimways Toypedo
|-unboost|p2a: Swimways Toypedo|atk|2
|
|-heal|p1a: Gothitelle|100/100|[from] item: Leftovers
|upkeep
|turn|103
|
|t:|1664605832
|move|p2a: Swimways Toypedo|Earthquake|p1a: Gothitelle
|-damage|p1a: Gothitelle|87/100
|move|p1a: Gothitelle|Taunt|p2a: Swimways Toypedo
|-start|p2a: Swimways Toypedo|move: Taunt
|
|-heal|p1a: Gothitelle|93/100|[from] item: Leftovers
|upkeep
|turn|104
|
|t:|1664605839
|move|p2a: Swimways Toypedo|Scale Shot|p1a: Gothitelle
|-damage|p1a: Gothitelle|90/100
|-damage|p1a: Gothitelle|86/100
|-hitcount|p1a: Gothitelle|2
|-unboost|p2a: Swimways Toypedo|def|1
|-boost|p2a: Swimways Toypedo|spe|1
|move|p1a: Gothitelle|Charm|p2a: Swimways Toypedo
|-unboost|p2a: Swimways Toypedo|atk|2
|
|-heal|p1a: Gothitelle|92/100|[from] item: Leftovers
|upkeep
|turn|105
|inactive|Gwyneth Elizabeth has 120 seconds left.
|
|t:|1664605850
|move|p2a: Swimways Toypedo|Earthquake|p1a: Gothitelle
|-damage|p1a: Gothitelle|85/100
|move|p1a: Gothitelle|Charm|p2a: Swimways Toypedo
|-unboost|p2a: Swimways Toypedo|atk|2
|
|-heal|p1a: Gothitelle|91/100|[from] item: Leftovers
|upkeep
|turn|106
|inactive|Gwyneth Elizabeth has 120 seconds left.
|
|t:|1664605859
|move|p2a: Swimways Toypedo|Scale Shot|p1a: Gothitelle
|-damage|p1a: Gothitelle|90/100
|-damage|p1a: Gothitelle|89/100
|-hitcount|p1a: Gothitelle|2
|-unboost|p2a: Swimways Toypedo|def|1
|-boost|p2a: Swimways Toypedo|spe|1
|move|p1a: Gothitelle|Charm|p2a: Swimways Toypedo
|-unboost|p2a: Swimways Toypedo|atk|2
|
|-heal|p1a: Gothitelle|95/100|[from] item: Leftovers
|-end|p2a: Swimways Toypedo|move: Taunt
|upkeep
|turn|107
|inactive|Gwyneth Elizabeth has 120 seconds left.
|
|t:|1664605874
|move|p2a: Swimways Toypedo|Stealth Rock||[still]
|-fail|p2a: Swimways Toypedo
|move|p1a: Gothitelle|Cosmic Power|p1a: Gothitelle
|-boost|p1a: Gothitelle|def|0
|-boost|p1a: Gothitelle|spd|0
|
|-heal|p1a: Gothitelle|100/100|[from] item: Leftovers
|upkeep
|turn|108
|
|t:|1664605884
|move|p2a: Swimways Toypedo|Stealth Rock||[still]
|-fail|p2a: Swimways Toypedo
|move|p1a: Gothitelle|Taunt|p2a: Swimways Toypedo
|-start|p2a: Swimways Toypedo|move: Taunt
|
|upkeep
|turn|109
|
|t:|1664605891
|move|p2a: Swimways Toypedo|Scale Shot|p1a: Gothitelle
|-damage|p1a: Gothitelle|99/100
|-damage|p1a: Gothitelle|99/100
|-damage|p1a: Gothitelle|98/100
|-hitcount|p1a: Gothitelle|3
|-unboost|p2a: Swimways Toypedo|def|1
|-boost|p2a: Swimways Toypedo|spe|1
|move|p1a: Gothitelle|Cosmic Power|p1a: Gothitelle
|-boost|p1a: Gothitelle|def|0
|-boost|p1a: Gothitelle|spd|0
|
|-heal|p1a: Gothitelle|100/100|[from] item: Leftovers
|upkeep
|turn|110
|inactive|NykterStein has 120 seconds left.
|
|t:|1664605907
|move|p2a: Swimways Toypedo|Scale Shot|p1a: Gothitelle
|-damage|p1a: Gothitelle|99/100
|-damage|p1a: Gothitelle|99/100
|-damage|p1a: Gothitelle|98/100
|-damage|p1a: Gothitelle|97/100
|-hitcount|p1a: Gothitelle|4
|-unboost|p2a: Swimways Toypedo|def|1
|-boost|p2a: Swimways Toypedo|spe|1
|move|p1a: Gothitelle|Cosmic Power|p1a: Gothitelle
|-boost|p1a: Gothitelle|def|0
|-boost|p1a: Gothitelle|spd|0
|
|-heal|p1a: Gothitelle|100/100|[from] item: Leftovers
|upkeep
|turn|111
|inactive|NykterStein has 120 seconds left.
|
|t:|1664605921
|move|p2a: Swimways Toypedo|Scale Shot|p1a: Gothitelle
|-damage|p1a: Gothitelle|99/100
|-damage|p1a: Gothitelle|99/100
|-hitcount|p1a: Gothitelle|2
|-unboost|p2a: Swimways Toypedo|def|1
|-boost|p2a: Swimways Toypedo|spe|1
|move|p1a: Gothitelle|Taunt||[still]
|-fail|p1a: Gothitelle
|
|-heal|p1a: Gothitelle|100/100|[from] item: Leftovers
|-end|p2a: Swimways Toypedo|move: Taunt
|upkeep
|turn|112
|
|t:|1664605932
|move|p2a: Swimways Toypedo|Stealth Rock||[still]
|-fail|p2a: Swimways Toypedo
|move|p1a: Gothitelle|Taunt|p2a: Swimways Toypedo
|-start|p2a: Swimways Toypedo|move: Taunt
|
|upkeep
|turn|113
|
|t:|1664605939
|move|p2a: Swimways Toypedo|Scale Shot|p1a: Gothitelle
|-damage|p1a: Gothitelle|99/100
|-damage|p1a: Gothitelle|99/100
|-damage|p1a: Gothitelle|98/100
|-damage|p1a: Gothitelle|97/100
|-hitcount|p1a: Gothitelle|4
|-unboost|p2a: Swimways Toypedo|def|1
|-boost|p2a: Swimways Toypedo|spe|1
|move|p1a: Gothitelle|Cosmic Power|p1a: Gothitelle
|-boost|p1a: Gothitelle|def|0
|-boost|p1a: Gothitelle|spd|0
|
|-heal|p1a: Gothitelle|100/100|[from] item: Leftovers
|upkeep
|turn|114
|inactive|Gwyneth Elizabeth has 90 seconds left.
|
|t:|1664605953
|move|p2a: Swimways Toypedo|Scale Shot|p1a: Gothitelle
|-damage|p1a: Gothitelle|99/100
|-damage|p1a: Gothitelle|99/100
|-damage|p1a: Gothitelle|98/100
|-damage|p1a: Gothitelle|97/100
|-hitcount|p1a: Gothitelle|4
|move|p1a: Gothitelle|Cosmic Power|p1a: Gothitelle
|-boost|p1a: Gothitelle|def|0
|-boost|p1a: Gothitelle|spd|0
|
|-heal|p1a: Gothitelle|100/100|[from] item: Leftovers
|upkeep
|turn|115
|inactive|Gwyneth Elizabeth has 90 seconds left.
|
|t:|1664605968
|move|p2a: Swimways Toypedo|Scale Shot|p1a: Gothitelle
|-damage|p1a: Gothitelle|99/100
|-damage|p1a: Gothitelle|99/100
|-damage|p1a: Gothitelle|98/100
|-damage|p1a: Gothitelle|97/100
|-damage|p1a: Gothitelle|96/100
|-hitcount|p1a: Gothitelle|5
|move|p1a: Gothitelle|Cosmic Power|p1a: Gothitelle
|-boost|p1a: Gothitelle|def|0
|-boost|p1a: Gothitelle|spd|0
|
|-heal|p1a: Gothitelle|100/100|[from] item: Leftovers
|-end|p2a: Swimways Toypedo|move: Taunt
|upkeep
|turn|116
|
|t:|1664605982
|move|p2a: Swimways Toypedo|Swords Dance|p2a: Swimways Toypedo
|-boost|p2a: Swimways Toypedo|atk|2
|move|p1a: Gothitelle|Taunt|p2a: Swimways Toypedo
|-start|p2a: Swimways Toypedo|move: Taunt
|
|upkeep
|turn|117
|
|t:|1664605988
|move|p2a: Swimways Toypedo|Scale Shot|p1a: Gothitelle
|-damage|p1a: Gothitelle|99/100
|-damage|p1a: Gothitelle|98/100
|-hitcount|p1a: Gothitelle|2
|move|p1a: Gothitelle|Charm|p2a: Swimways Toypedo
|-unboost|p2a: Swimways Toypedo|atk|2
|
|-heal|p1a: Gothitelle|100/100|[from] item: Leftovers
|upkeep
|turn|118
|
|t:|1664605998
|move|p2a: Swimways Toypedo|Scale Shot|p1a: Gothitelle
|-damage|p1a: Gothitelle|99/100
|-damage|p1a: Gothitelle|99/100
|-damage|p1a: Gothitelle|98/100
|-damage|p1a: Gothitelle|97/100
|-hitcount|p1a: Gothitelle|4
|move|p1a: Gothitelle|Cosmic Power|p1a: Gothitelle
|-boost|p1a: Gothitelle|def|0
|-boost|p1a: Gothitelle|spd|0
|
|-heal|p1a: Gothitelle|100/100|[from] item: Leftovers
|upkeep
|turn|119
|inactive|NykterStein has 90 seconds left.
|
|t:|1664606013
|move|p2a: Swimways Toypedo|Scale Shot|p1a: Gothitelle
|-damage|p1a: Gothitelle|99/100
|-damage|p1a: Gothitelle|99/100
|-crit|p1a: Gothitelle
|-damage|p1a: Gothitelle|80/100
|-hitcount|p1a: Gothitelle|3
|move|p1a: Gothitelle|Cosmic Power|p1a: Gothitelle
|-boost|p1a: Gothitelle|def|0
|-boost|p1a: Gothitelle|spd|0
|
|-heal|p1a: Gothitelle|86/100|[from] item: Leftovers
|-end|p2a: Swimways Toypedo|move: Taunt
|upkeep
|turn|120
|inactive|NykterStein has 90 seconds left.
|
|t:|1664606025
|move|p2a: Swimways Toypedo|Swords Dance|p2a: Swimways Toypedo
|-boost|p2a: Swimways Toypedo|atk|2
|move|p1a: Gothitelle|Taunt|p2a: Swimways Toypedo
|-start|p2a: Swimways Toypedo|move: Taunt
|
|-heal|p1a: Gothitelle|92/100|[from] item: Leftovers
|upkeep
|turn|121
|
|t:|1664606032
|move|p2a: Swimways Toypedo|Scale Shot|p1a: Gothitelle
|-damage|p1a: Gothitelle|91/100
|-damage|p1a: Gothitelle|89/100
|-damage|p1a: Gothitelle|88/100
|-damage|p1a: Gothitelle|87/100
|-damage|p1a: Gothitelle|86/100
|-hitcount|p1a: Gothitelle|5
|move|p1a: Gothitelle|Charm|p2a: Swimways Toypedo
|-unboost|p2a: Swimways Toypedo|atk|2
|
|-heal|p1a: Gothitelle|92/100|[from] item: Leftovers
|upkeep
|turn|122
|inactive|Gwyneth Elizabeth has 60 seconds left.
|
|t:|1664606046
|move|p2a: Swimways Toypedo|Scale Shot|p1a: Gothitelle
|-damage|p1a: Gothitelle|91/100
|-damage|p1a: Gothitelle|90/100
|-damage|p1a: Gothitelle|89/100
|-damage|p1a: Gothitelle|88/100
|-damage|p1a: Gothitelle|87/100
|-hitcount|p1a: Gothitelle|5
|move|p1a: Gothitelle|Cosmic Power|p1a: Gothitelle
|-boost|p1a: Gothitelle|def|0
|-boost|p1a: Gothitelle|spd|0
|
|-heal|p1a: Gothitelle|94/100|[from] item: Leftovers
|upkeep
|turn|123
|inactive|Gwyneth Elizabeth has 60 seconds left.
|
|t:|1664606058
|move|p2a: Swimways Toypedo|Scale Shot|p1a: Gothitelle
|-damage|p1a: Gothitelle|93/100
|-damage|p1a: Gothitelle|92/100
|-damage|p1a: Gothitelle|91/100
|-hitcount|p1a: Gothitelle|3
|move|p1a: Gothitelle|Cosmic Power|p1a: Gothitelle
|-boost|p1a: Gothitelle|def|0
|-boost|p1a: Gothitelle|spd|0
|
|-heal|p1a: Gothitelle|97/100|[from] item: Leftovers
|-end|p2a: Swimways Toypedo|move: Taunt
|upkeep
|turn|124
|
|t:|1664606070
|move|p2a: Swimways Toypedo|Swords Dance|p2a: Swimways Toypedo
|-boost|p2a: Swimways Toypedo|atk|2
|move|p1a: Gothitelle|Taunt|p2a: Swimways Toypedo
|-start|p2a: Swimways Toypedo|move: Taunt
|
|-heal|p1a: Gothitelle|100/100|[from] item: Leftovers
|upkeep
|turn|125
|
|t:|1664606078
|move|p2a: Swimways Toypedo|Earthquake|p1a: Gothitelle
|-damage|p1a: Gothitelle|96/100
|move|p1a: Gothitelle|Charm|p2a: Swimways Toypedo
|-unboost|p2a: Swimways Toypedo|atk|2
|
|-heal|p1a: Gothitelle|100/100|[from] item: Leftovers
|upkeep
|turn|126
|
|t:|1664606087
|switch|p1a: Groudon|Groudon-Primal|94/100
|-damage|p1a: Groudon|82/100|[from] Stealth Rock
|-weather|DesolateLand|[from] ability: Desolate Land|[of] p1a: Groudon
|move|p2a: Swimways Toypedo|Earthquake|p1a: Groudon
|-supereffective|p1a: Groudon
|-damage|p1a: Groudon|67/100
|
|-weather|DesolateLand|[upkeep]
|upkeep
|turn|127
|
|t:|1664606096
|move|p2a: Swimways Toypedo|Earthquake|p1a: Groudon
|-supereffective|p1a: Groudon
|-damage|p1a: Groudon|52/100
|move|p1a: Groudon|Precipice Blades|p2a: Swimways Toypedo
|-damage|p2a: Swimways Toypedo|0 fnt
|faint|p2a: Swimways Toypedo
|
|-weather|DesolateLand|[upkeep]
|upkeep
|
|t:|1664606103
|switch|p2a: Zimbabwe Songbird|Zapdos|11/100
|-damage|p2a: Zimbabwe Songbird|0 fnt|[from] Stealth Rock
|faint|p2a: Zimbabwe Songbird
|
|win|NykterStein
|raw|NykterStein's rating: 1436 &rarr; <strong>1449</strong><br />(+13 for winning)
|raw|Gwyneth Elizabeth's rating: 1315 &rarr; <strong>1302</strong><br />(-13 for losing)
|c|☆NykterStein|ggez
|c|☆NykterStein|u actually lasted longer
|c|☆Gwyneth Elizabeth|dang i though you won on turn 156
|c|☆NykterStein|well
|c|☆Gwyneth Elizabeth|lmao gg wp
|c|☆NykterStein|if I actually did
|c|☆NykterStein|alr
|c|☆Gwyneth Elizabeth|anyways I lasted longer because Im waiting out a update lol
|c|☆NykterStein|what do u call it again
|c|☆NykterStein|the...
|c|☆Gwyneth Elizabeth|call what?
|c|☆NykterStein|word
|c|☆Gwyneth Elizabeth|describe it
|c|☆NykterStein|I forgot the word when u are not unfazed wtih the battle
|c|☆NykterStein|idk
|c|☆NykterStein|what is the exact word
|c|☆NykterStein|wait hold up
|c|☆Gwyneth Elizabeth|placid?
|c|☆Gwyneth Elizabeth|detached?
|c|☆Gwyneth Elizabeth|I looked up synonyms for unfazed maybe youll find it that way
|c|☆NykterStein|wait lemme search
|c|☆NykterStein|it was on the tip of my d
|c|☆NykterStein|I remembered it now
|c|☆Gwyneth Elizabeth|determined?
|c|☆NykterStein|it is "sheer will"
|c|☆Gwyneth Elizabeth|ahhh
|c|☆Gwyneth Elizabeth|its a nice term in all fairness
|c|☆Gwyneth Elizabeth|anyways you gotta discord?
|c|☆NykterStein|yessir
|c|☆NykterStein|what's yours?
|c|☆Gwyneth Elizabeth|CorruptedDryad#7238
|c|☆NykterStein|alr mine is...
|c|☆NykterStein|Nykterstein#8171 or Freisinger#8150
|c|☆Gwyneth Elizabeth|neat, would you mind if I add both?
|c|☆NykterStein|yes
|c|☆Gwyneth Elizabeth|as in you would mind or youre okay with that?
|c|☆NykterStein|I mean I'm okay with it
|c|☆Gwyneth Elizabeth|okay sweet
|c|☆NykterStein|alr
|c|☆NykterStein|Good Game btw
|c|☆NykterStein|we could rematch someday if u want
|c|☆NykterStein|gtg
|c|☆Gwyneth Elizabeth|of course Id love that ttyl
