|j|☆iHaveAsthma
|j|☆Flynn Watson
|t:|1639755934
|gametype|singles
|player|p1|iHaveAsthma|doctor|1794
|player|p2|Flynn Watson|lady|1812
|teamsize|p1|6
|teamsize|p2|6
|gen|8
|tier|[Gen 8] National Dex AG
|rated|
|rule|HP Percentage Mod: HP is shown in percentages
|rule|Endless Battle Clause: Forcing endless battles is banned
|clearpoke
|poke|p1|Rayquaza|
|poke|p1|Lugia|
|poke|p1|Arceus-*|
|poke|p1|Arceus-*|
|poke|p1|Arceus-*|
|poke|p1|Chansey, F|
|poke|p2|Calyrex-Shadow|
|poke|p2|Ditto|
|poke|p2|Rayquaza|
|poke|p2|Xerneas-*|
|poke|p2|Excadrill, F|
|poke|p2|Yveltal|
|teampreview
|j| NoLackLuster
|l| NoLackLuster
|c|☆Flynn Watson|Glhf
|c|☆Flynn Watson|Woah Ur high ladder .,.
|c|☆iHaveAsthma|glhf
|c|☆iHaveAsthma|bro
|c|☆iHaveAsthma|I know you
|c|☆iHaveAsthma|you were super high ladder too
|c|☆iHaveAsthma|Remember when we were in 1900s
|c|☆Flynn Watson|I kinda am, just not that high
|c|☆iHaveAsthma|Top 5 - top 10
|c|☆Flynn Watson|Well, yes I do xD
|
|t:|1639755997
|start
|switch|p1a: Rayquaza|Rayquaza|100/100
|switch|p2a: Excadrill|Excadrill, F|100/100
|-ability|p1a: Rayquaza|Air Lock
|turn|1
|c|☆Flynn Watson|Btw I just got lucky back then
|
|t:|1639756011
|detailschange|p1a: Rayquaza|Rayquaza-Mega
|-mega|p1a: Rayquaza|Rayquaza|
|-weather|DeltaStream|[from] ability: Delta Stream|[of] p1a: Rayquaza
|move|p1a: Rayquaza|Scale Shot|p2a: Excadrill
|-resisted|p2a: Excadrill
|-damage|p2a: Excadrill|88/100
|-resisted|p2a: Excadrill
|-damage|p2a: Excadrill|74/100
|-resisted|p2a: Excadrill
|-damage|p2a: Excadrill|62/100
|-hitcount|p2a: Excadrill|3
|-unboost|p1a: Rayquaza|def|1
|-boost|p1a: Rayquaza|spe|1
|move|p2a: Excadrill|Rock Tomb|p1a: Rayquaza
|-activate||deltastream
|-damage|p1a: Rayquaza|72/100
|-unboost|p1a: Rayquaza|spe|1
|
|-weather|DeltaStream|[upkeep]
|upkeep
|turn|2
|c|☆iHaveAsthma|lol na
|
|t:|1639756022
|switch|p2a: Yveltal|Yveltal|100/100
|-ability|p2a: Yveltal|Dark Aura
|move|p1a: Rayquaza|Scale Shot|p2a: Yveltal
|-damage|p2a: Yveltal|84/100
|-damage|p2a: Yveltal|66/100
|-hitcount|p2a: Yveltal|2
|-unboost|p1a: Rayquaza|def|1
|-boost|p1a: Rayquaza|spe|1
|
|-weather|DeltaStream|[upkeep]
|upkeep
|turn|3
|inactive|Battle timer is ON: inactive players will automatically lose when time's up. (requested by iHaveAsthma)
|
|t:|1639756027
|-start|p2a: Yveltal|Dynamax
|-heal|p2a: Yveltal|66/100|[silent]
|move|p1a: Rayquaza|Dragon Ascent|p2a: Yveltal
|-damage|p2a: Yveltal|28/100
|-unboost|p1a: Rayquaza|def|1
|-unboost|p1a: Rayquaza|spd|1
|move|p2a: Yveltal|Max Airstream|p1a: Rayquaza
|-damage|p1a: Rayquaza|0 fnt
|-boost|p2a: Yveltal|spe|1
|faint|p1a: Rayquaza
|-weather|none
|-damage|p2a: Yveltal|23/100|[from] item: Life Orb
|
|upkeep
|
|t:|1639756034
|switch|p1a: Lugia|Lugia|100/100
|turn|4
|
|t:|1639756037
|move|p2a: Yveltal|Max Darkness|p1a: Lugia
|-supereffective|p1a: Lugia
|-damage|p1a: Lugia|29/100
|-unboost|p1a: Lugia|spd|1
|-damage|p2a: Yveltal|18/100|[from] item: Life Orb
|move|p1a: Lugia|Thunder Wave|p2a: Yveltal
|-status|p2a: Yveltal|par
|
|upkeep
|turn|5
|
|t:|1639756042
|move|p1a: Lugia|Roost|p1a: Lugia
|-heal|p1a: Lugia|79/100
|-singleturn|p1a: Lugia|move: Roost
|move|p2a: Yveltal|Max Darkness|p1a: Lugia
|-supereffective|p1a: Lugia
|-damage|p1a: Lugia|0 fnt
|faint|p1a: Lugia
|-damage|p2a: Yveltal|13/100 par|[from] item: Life Orb
|
|-end|p2a: Yveltal|Dynamax
|-heal|p2a: Yveltal|13/100 par|[silent]
|upkeep
|
|t:|1639756047
|switch|p1a: Arceus|Arceus|100/100
|turn|6
|
|t:|1639756050
|move|p1a: Arceus|Extreme Speed|p2a: Yveltal
|-damage|p2a: Yveltal|0 fnt
|faint|p2a: Yveltal
|-damage|p1a: Arceus|91/100|[from] item: Life Orb
|
|upkeep
|c|☆iHaveAsthma|The meta rn is so fucked
|c|☆iHaveAsthma|every one runs a weird ass team
|c|☆iHaveAsthma|Not you
|c|☆iHaveAsthma|I mean others
|
|t:|1639756073
|switch|p2a: Excadrill|Excadrill, F|62/100
|turn|7
|c|☆Flynn Watson|Yea I get what u mean
|c|☆Flynn Watson|It's all over the place
|
|t:|1639756096
|move|p1a: Arceus|Swords Dance|p1a: Arceus
|-boost|p1a: Arceus|atk|2
|move|p2a: Excadrill|Stealth Rock|p1a: Arceus
|-sidestart|p1: iHaveAsthma|move: Stealth Rock
|
|upkeep
|turn|8
|
|t:|1639756104
|move|p1a: Arceus|Shadow Claw|p2a: Excadrill
|-crit|p2a: Excadrill
|-damage|p2a: Excadrill|0 fnt
|faint|p2a: Excadrill
|-damage|p1a: Arceus|81/100|[from] item: Life Orb
|
|upkeep
|
|t:|1639756108
|switch|p2a: Ditto|Ditto|100/100
|-transform|p2a: Ditto|p1a: Arceus|[from] ability: Imposter
|turn|9
|c|☆iHaveAsthma|but stall still prevails now tho
|
|t:|1639756111
|move|p2a: Ditto|Extreme Speed|p1a: Arceus
|-damage|p1a: Arceus|12/100
|move|p1a: Arceus|Extreme Speed|p2a: Ditto
|-damage|p2a: Ditto|0 fnt
|faint|p2a: Ditto
|-damage|p1a: Arceus|2/100|[from] item: Life Orb
|
|upkeep
|
|t:|1639756120
|switch|p2a: Calyrex|Calyrex-Shadow|100/100
|-ability|p2a: Calyrex|As One
|-ability|p2a: Calyrex|Unnerve
|turn|10
|
|t:|1639756124
|switch|p1a: Chansey|Chansey, F|100/100
|-damage|p1a: Chansey|88/100|[from] Stealth Rock
|move|p2a: Calyrex|Psyshock|p1a: Chansey
|-damage|p1a: Chansey|36/100
|
|-heal|p1a: Chansey|42/100|[from] item: Leftovers
|upkeep
|turn|11
|
|t:|1639756129
|move|p2a: Calyrex|Nasty Plot|p2a: Calyrex
|-boost|p2a: Calyrex|spa|2
|move|p1a: Chansey|Toxic|p2a: Calyrex
|-status|p2a: Calyrex|tox
|
|-heal|p1a: Chansey|49/100|[from] item: Leftovers
|-damage|p2a: Calyrex|94/100 tox|[from] psn
|upkeep
|turn|12
|
|t:|1639756134
|move|p2a: Calyrex|Psyshock|p1a: Chansey
|-damage|p1a: Chansey|0 fnt
|faint|p1a: Chansey
|-ability|p2a: Calyrex|Grim Neigh|boost
|-boost|p2a: Calyrex|spa|1
|
|-damage|p2a: Calyrex|82/100 tox|[from] psn
|upkeep
|
|t:|1639756139
|switch|p1a: Arceus|Arceus-Flying|100/100
|-damage|p1a: Arceus|76/100|[from] Stealth Rock
|turn|13
|
|t:|1639756141
|-start|p1a: Arceus|Dynamax
|-heal|p1a: Arceus|76/100|[silent]
|move|p2a: Calyrex|Astral Barrage|p1a: Arceus
|-damage|p1a: Arceus|15/100
|move|p1a: Arceus|Max Airstream|p2a: Calyrex
|-crit|p2a: Calyrex
|-damage|p2a: Calyrex|0 fnt
|-boost|p1a: Arceus|spe|1
|faint|p2a: Calyrex
|
|upkeep
|
|t:|1639756151
|switch|p2a: Xerneas|Xerneas|100/100
|-ability|p2a: Xerneas|Fairy Aura
|turn|14
|
|t:|1639756157
|move|p1a: Arceus|Max Airstream|p2a: Xerneas
|-damage|p2a: Xerneas|28/100
|-boost|p1a: Arceus|spe|1
|move|p2a: Xerneas|Moonblast|p1a: Arceus
|-damage|p1a: Arceus|0 fnt
|faint|p1a: Arceus
|
|upkeep
|
|t:|1639756159
|switch|p1a: Arceus|Arceus-Ground|100/100
|-damage|p1a: Arceus|94/100|[from] Stealth Rock
|turn|15
|
|t:|1639756162
|move|p2a: Xerneas|Moonblast|p1a: Arceus
|-damage|p1a: Arceus|23/100
|-unboost|p1a: Arceus|spa|1
|move|p1a: Arceus|Calm Mind|p1a: Arceus
|-boost|p1a: Arceus|spa|1
|-boost|p1a: Arceus|spd|1
|
|upkeep
|turn|16
|
|t:|1639756165
|move|p2a: Xerneas|Moonblast|p1a: Arceus
|-damage|p1a: Arceus|0 fnt
|faint|p1a: Arceus
|
|upkeep
|c|☆iHaveAsthma|aahhh
|c|☆iHaveAsthma|gg wp
|-message|iHaveAsthma forfeited.
|
|win|Flynn Watson
|raw|iHaveAsthma's rating: 1794 &rarr; <strong>1775</strong><br />(-19 for losing)
|raw|Flynn Watson's rating: 1812 &rarr; <strong>1831</strong><br />(+19 for winning)
|l|☆iHaveAsthma
|c|☆Flynn Watson|Ggwp
|j| Lucas86488
|j| wjssbu
||Ladder isn't responding, score probably updated but might not have (Request timeout).
