|j|☆Superpowerguy11
|j|☆lemoncell0
|t:|1663389632
|gametype|singles
|player|p1|Superpowerguy11|unknown|1487
|player|p2|lemoncell0|allister|1564
|teamsize|p1|6
|teamsize|p2|6
|gen|8
|tier|[Gen 8] National Dex AG
|rated|
|rule|HP Percentage Mod: HP is shown in percentages
|rule|Endless Battle Clause: Forcing endless battles is banned
|clearpoke
|poke|p1|Dragapult, M|
|poke|p1|Mew|
|poke|p1|Marshadow|
|poke|p1|Hawlucha, F|
|poke|p1|Ditto|
|poke|p1|Mawile, F|
|poke|p2|Quagsire, F|
|poke|p2|Zacian-*|
|poke|p2|Ditto|
|poke|p2|Tyranitar, M|
|poke|p2|Diancie|
|poke|p2|Ferrothorn, F|
|teampreview
|inactive|Battle timer is ON: inactive players will automatically lose when time's up. (requested by Superpowerguy11)
|
|t:|1663389640
|start
|switch|p1a: Dragonpult|Dragapult, M, shiny|100/100
|switch|p2a: Zacian|Zacian-Crowned|100/100
|-ability|p2a: Zacian|Intrepid Sword|boost
|-boost|p2a: Zacian|atk|1
|turn|1
|
|t:|1663389656
|switch|p2a: Tyranitar|Tyranitar, M|100/100
|-weather|Sandstorm|[from] ability: Sand Stream|[of] p2a: Tyranitar
|move|p1a: Dragonpult|Substitute|p1a: Dragonpult
|-start|p1a: Dragonpult|Substitute
|-damage|p1a: Dragonpult|76/100
|
|-weather|Sandstorm|[upkeep]
|-damage|p1a: Dragonpult|70/100|[from] Sandstorm
|-heal|p1a: Dragonpult|76/100|[from] item: Leftovers
|upkeep
|turn|2
|
|t:|1663389661
|move|p1a: Dragonpult|Dragon Darts|p2a: Tyranitar
|-damage|p2a: Tyranitar|81/100
|-anim|p1a: Dragonpult|Dragon Darts|p2a: Tyranitar
|-damage|p2a: Tyranitar|61/100
|move|p2a: Tyranitar|Rock Blast|p1a: Dragonpult
|-activate|p1a: Dragonpult|move: Substitute|[damage]
|-end|p1a: Dragonpult|Substitute
|-hitcount|p1a: Dragonpult|2
|
|-weather|Sandstorm|[upkeep]
|-damage|p1a: Dragonpult|70/100|[from] Sandstorm
|-heal|p1a: Dragonpult|76/100|[from] item: Leftovers
|-heal|p2a: Tyranitar|68/100|[from] item: Leftovers
|upkeep
|turn|3
|
|t:|1663389687
|move|p1a: Dragonpult|Dragon Darts|p2a: Tyranitar
|-damage|p2a: Tyranitar|48/100
|-anim|p1a: Dragonpult|Dragon Darts|p2a: Tyranitar
|-damage|p2a: Tyranitar|29/100
|move|p2a: Tyranitar|Pursuit|p1a: Dragonpult
|-supereffective|p1a: Dragonpult
|-damage|p1a: Dragonpult|23/100
|
|-weather|Sandstorm|[upkeep]
|-damage|p1a: Dragonpult|17/100|[from] Sandstorm
|-heal|p1a: Dragonpult|23/100|[from] item: Leftovers
|-heal|p2a: Tyranitar|35/100|[from] item: Leftovers
|upkeep
|turn|4
|
|t:|1663389694
|switch|p2a: Zacian|Zacian-Crowned|100/100
|-ability|p2a: Zacian|Intrepid Sword|boost
|-boost|p2a: Zacian|atk|1
|move|p1a: Dragonpult|Dragon Darts|p2a: Zacian
|-immune|p2a: Zacian
|
|-weather|Sandstorm|[upkeep]
|-damage|p1a: Dragonpult|17/100|[from] Sandstorm
|-heal|p1a: Dragonpult|23/100|[from] item: Leftovers
|upkeep
|turn|5
|
|t:|1663389698
|move|p1a: Dragonpult|Phantom Force||[still]
|-prepare|p1a: Dragonpult|Phantom Force
|move|p2a: Zacian|Behemoth Blade|p1a: Dragonpult|[miss]
|-miss|p2a: Zacian|p1a: Dragonpult
|
|-weather|none
|-heal|p1a: Dragonpult|29/100|[from] item: Leftovers
|upkeep
|turn|6
|
|t:|1663389708
|switch|p2a: Quagsire|Quagsire, F|100/100
|move|p1a: Dragonpult|Phantom Force|p2a: Quagsire|[from]lockedmove
|-damage|p2a: Quagsire|72/100
|-damage|p1a: Dragonpult|12/100|[from] item: Rocky Helmet|[of] p2a: Quagsire
|
|-heal|p1a: Dragonpult|18/100|[from] item: Leftovers
|upkeep
|turn|7
|inactive|Superpowerguy11 has 120 seconds left.
|
|t:|1663389759
|move|p1a: Dragonpult|Dragon Darts|p2a: Quagsire
|-damage|p2a: Quagsire|55/100
|-anim|p1a: Dragonpult|Dragon Darts|p2a: Quagsire
|-damage|p2a: Quagsire|39/100
|move|p2a: Quagsire|Recover|p2a: Quagsire
|-heal|p2a: Quagsire|89/100
|
|-heal|p1a: Dragonpult|24/100|[from] item: Leftovers
|upkeep
|turn|8
|inactive|Superpowerguy11 has 90 seconds left.
|
|t:|1663389784
|move|p1a: Dragonpult|Dragon Darts|p2a: Quagsire
|-damage|p2a: Quagsire|71/100
|-anim|p1a: Dragonpult|Dragon Darts|p2a: Quagsire
|-damage|p2a: Quagsire|55/100
|move|p2a: Quagsire|Earthquake|p1a: Dragonpult
|-damage|p1a: Dragonpult|0 fnt
|faint|p1a: Dragonpult
|
|upkeep
|
|t:|1663389798
|switch|p1a: MVP/ACE|Mawile, F, shiny|100/100
|-ability|p1a: MVP/ACE|Intimidate|boost
|-unboost|p2a: Quagsire|atk|1
|turn|9
|
|t:|1663389802
|detailschange|p1a: MVP/ACE|Mawile-Mega, F, shiny
|-mega|p1a: MVP/ACE|Mawile|Mawilite
|move|p1a: MVP/ACE|Play Rough|p2a: Quagsire
|-damage|p2a: Quagsire|0 fnt
|-damage|p1a: MVP/ACE|84/100|[from] item: Rocky Helmet|[of] p2a: Quagsire
|faint|p2a: Quagsire
|
|upkeep
|
|t:|1663389805
|switch|p2a: Zacian|Zacian-Crowned|100/100
|-ability|p2a: Zacian|Intrepid Sword|boost
|-boost|p2a: Zacian|atk|1
|turn|10
|
|t:|1663389818
|switch|p2a: Tyranitar|Tyranitar, M|35/100
|-weather|Sandstorm|[from] ability: Sand Stream|[of] p2a: Tyranitar
|switch|p1a: Psycat|Mew, shiny|100/100
|
|-weather|Sandstorm|[upkeep]
|-damage|p1a: Psycat|94/100|[from] Sandstorm
|-heal|p2a: Tyranitar|41/100|[from] item: Leftovers
|upkeep
|turn|11
|
|t:|1663389824
|move|p1a: Psycat|Taunt|p2a: Tyranitar
|-start|p2a: Tyranitar|move: Taunt
|cant|p2a: Tyranitar|move: Taunt|Stealth Rock
|
|-weather|Sandstorm|[upkeep]
|-damage|p1a: Psycat|88/100|[from] Sandstorm
|-heal|p2a: Tyranitar|47/100|[from] item: Leftovers
|upkeep
|turn|12
|
|t:|1663389846
|move|p1a: Psycat|Explosion|p2a: Tyranitar
|-resisted|p2a: Tyranitar
|-damage|p2a: Tyranitar|18/100
|faint|p1a: Psycat
|move|p2a: Tyranitar|Pursuit|p1: Psycat|[notarget]
|-fail|p2a: Tyranitar
|
|-weather|Sandstorm|[upkeep]
|-heal|p2a: Tyranitar|24/100|[from] item: Leftovers
|upkeep
|
|t:|1663389855
|switch|p1a: Marsh Thief Shadow|Marshadow|100/100
|turn|13
|
|t:|1663389869
|move|p1a: Marsh Thief Shadow|Force Palm|p2a: Tyranitar
|-supereffective|p2a: Tyranitar
|-damage|p2a: Tyranitar|0 fnt
|faint|p2a: Tyranitar
|
|-weather|Sandstorm|[upkeep]
|-damage|p1a: Marsh Thief Shadow|94/100|[from] Sandstorm
|upkeep
|
|t:|1663389875
|switch|p2a: Diancie|Diancie|100/100
|turn|14
|
|t:|1663389880
|detailschange|p2a: Diancie|Diancie-Mega
|-mega|p2a: Diancie|Diancie|Diancite
|-zpower|p1a: Marsh Thief Shadow
|move|p1a: Marsh Thief Shadow|Soul-Stealing 7-Star Strike|p2a: Diancie|[zeffect]
|-damage|p2a: Diancie|0 fnt
|faint|p2a: Diancie
|
|-weather|none
|upkeep
|
|t:|1663389886
|switch|p2a: Ditto|Ditto|100/100
|-transform|p2a: Ditto|p1a: Marsh Thief Shadow|[from] ability: Imposter
|turn|15
|inactive|Superpowerguy11 has 120 seconds left.
|
|t:|1663389902
|move|p2a: Ditto|Shadow Sneak|p1a: Marsh Thief Shadow
|-supereffective|p1a: Marsh Thief Shadow
|-damage|p1a: Marsh Thief Shadow|10/100
|move|p1a: Marsh Thief Shadow|Shadow Sneak|p2a: Ditto
|-supereffective|p2a: Ditto
|-damage|p2a: Ditto|18/100
|
|upkeep
|turn|16
|
|t:|1663389910
|switch|p1a: Sus|Ditto, shiny|100/100
|move|p2a: Ditto|Shadow Sneak|p1a: Sus
|-immune|p1a: Sus
|
|upkeep
|turn|17
|
|t:|1663389917
|switch|p1a: Marsh Thief Shadow|Marshadow|10/100
|-start|p2a: Ditto|Dynamax|
|-heal|p2a: Ditto|18/100|[silent]
|move|p2a: Ditto|Max Knuckle|p1a: Marsh Thief Shadow
|-immune|p1a: Marsh Thief Shadow
|
|upkeep
|turn|18
|
|t:|1663389923
|switch|p1a: Sus|Ditto, shiny|100/100
|-end|p2a: Ditto|Dynamax
|-heal|p2a: Ditto|18/100|[silent]
|switch|p2a: Ferrothorn|Ferrothorn, F|100/100
|
|upkeep
|turn|19
|
|t:|1663389928
|move|p1a: Sus|Transform|p2a: Ferrothorn
|-transform|p1a: Sus|p2a: Ferrothorn
|move|p2a: Ferrothorn|Leech Seed|p1a: Sus
|-immune|p1a: Sus
|
|upkeep
|turn|20
|-message|lemoncell0 forfeited.
|
|win|Superpowerguy11
|raw|Superpowerguy11's rating: 1487 &rarr; <strong>1511</strong><br />(+24 for winning)
|raw|lemoncell0's rating: 1564 &rarr; <strong>1540</strong><br />(-24 for losing)
|l|☆lemoncell0
|c|☆Superpowerguy11|HAHAHA
