|j|☆Prophucker
|j|☆Chompychipper
|t:|1643741628
|gametype|singles
|player|p1|Prophucker|2|1089
|player|p2|Chompychipper|102|1050
|teamsize|p1|6
|teamsize|p2|6
|gen|8
|tier|[Gen 8] National Dex AG
|rated|
|rule|HP Percentage Mod: HP is shown in percentages
|rule|Endless Battle Clause: Forcing endless battles is banned
|clearpoke
|poke|p1|Chansey, F|
|poke|p1|Clefable, F|
|poke|p1|Ferrothorn, M|
|poke|p1|Sableye, F|
|poke|p1|Weezing, F|
|poke|p1|Latias, F|
|poke|p2|Zacian-*|
|poke|p2|Zacian-*|
|poke|p2|Zacian-*|
|poke|p2|Zacian-*|
|poke|p2|Zacian-*|
|poke|p2|Shuckle, M|
|teampreview
|
|t:|1643741634
|start
|switch|p1a: Chansey|Chansey, F|100/100
|switch|p2a: Shuckle|Shuckle, M|100/100
|turn|1
|
|t:|1643741656
|move|p1a: Chansey|Seismic Toss|p2a: Shuckle
|-damage|p2a: Shuckle|59/100
|move|p2a: Shuckle|Stealth Rock|p1a: Chansey
|-sidestart|p1: Prophucker|move: Stealth Rock
|
|upkeep
|turn|2
|
|t:|1643741665
|-start|p1a: Chansey|Dynamax
|-heal|p1a: Chansey|100/100|[silent]
|move|p1a: Chansey|Max Knuckle|p2a: Shuckle
|-damage|p2a: Shuckle|57/100
|-boost|p1a: Chansey|atk|1
|move|p2a: Shuckle|Knock Off|p1a: Chansey
|-damage|p1a: Chansey|99/100
|-enditem|p1a: Chansey|Eviolite|[from] move: Knock Off|[of] p2a: Shuckle
|
|upkeep
|turn|3
|
|t:|1643741686
|move|p1a: Chansey|Max Guard|p1a: Chansey
|-singleturn|p1a: Chansey|Max Guard
|move|p2a: Shuckle|Sticky Web|p1a: Chansey
|-sidestart|p1: Prophucker|move: Sticky Web
|
|upkeep
|turn|4
|
|t:|1643741706
|-start|p2a: Shuckle|Dynamax
|-heal|p2a: Shuckle|57/100|[silent]
|move|p1a: Chansey|Max Knuckle|p2a: Shuckle
|-damage|p2a: Shuckle|55/100
|-boost|p1a: Chansey|atk|1
|move|p2a: Shuckle|Max Knuckle|p1a: Chansey
|-supereffective|p1a: Chansey
|-damage|p1a: Chansey|97/100
|-boost|p2a: Shuckle|atk|1
|
|-end|p1a: Chansey|Dynamax
|-heal|p1a: Chansey|97/100|[silent]
|upkeep
|turn|5
|inactive|Battle timer is ON: inactive players will automatically lose when time's up. (requested by Prophucker)
|
|t:|1643741728
|move|p1a: Chansey|Toxic|p2a: Shuckle
|-status|p2a: Shuckle|tox
|move|p2a: Shuckle|Max Darkness|p1a: Chansey
|-damage|p1a: Chansey|86/100
|-unboost|p1a: Chansey|spd|1
|
|-damage|p2a: Shuckle|52/100 tox|[from] psn
|upkeep
|turn|6
|
|t:|1643741747
|move|p1a: Chansey|Seismic Toss|p2a: Shuckle
|-damage|p2a: Shuckle|32/100 tox
|move|p2a: Shuckle|Max Knuckle|p1a: Chansey
|-supereffective|p1a: Chansey
|-damage|p1a: Chansey|80/100
|-boost|p2a: Shuckle|atk|1
|
|-damage|p2a: Shuckle|25/100 tox|[from] psn
|-end|p2a: Shuckle|Dynamax
|-heal|p2a: Shuckle|26/100 tox|[silent]
|upkeep
|turn|7
|
|t:|1643741762
|move|p1a: Chansey|Seismic Toss|p2a: Shuckle
|-damage|p2a: Shuckle|0 fnt
|faint|p2a: Shuckle
|
|upkeep
|
|t:|1643741778
|switch|p2a: Zacian|Zacian-Crowned|100/100
|-ability|p2a: Zacian|Intrepid Sword|boost
|-boost|p2a: Zacian|atk|1
|turn|8
|
|t:|1643741794
|switch|p1a: Sableye|Sableye, F|100/100
|-damage|p1a: Sableye|88/100|[from] Stealth Rock
|-activate|p1a: Sableye|move: Sticky Web
|-unboost|p1a: Sableye|spe|1
|move|p2a: Zacian|Behemoth Blade|p1a: Sableye
|-damage|p1a: Sableye|1/100
|
|upkeep
|turn|9
|
|t:|1643741817
|detailschange|p1a: Sableye|Sableye-Mega, F
|-mega|p1a: Sableye|Sableye|Sablenite
|move|p2a: Zacian|Behemoth Blade|p1a: Sableye
|-damage|p1a: Sableye|0 fnt
|faint|p1a: Sableye
|
|upkeep
|inactive|Prophucker has 120 seconds left.
|
|t:|1643741834
|switch|p1a: Ferrothorn|Ferrothorn, M|100/100
|-damage|p1a: Ferrothorn|95/100|[from] Stealth Rock
|-activate|p1a: Ferrothorn|move: Sticky Web
|-unboost|p1a: Ferrothorn|spe|1
|turn|10
|inactive|Prophucker has 120 seconds left.
|
|t:|1643741850
|move|p1a: Ferrothorn|Protect|p1a: Ferrothorn
|-singleturn|p1a: Ferrothorn|Protect
|move|p2a: Zacian|Close Combat|p1a: Ferrothorn
|-activate|p1a: Ferrothorn|move: Protect
|
|upkeep
|turn|11
|
|t:|1643741858
|move|p2a: Zacian|Close Combat|p1a: Ferrothorn
|-supereffective|p1a: Ferrothorn
|-damage|p1a: Ferrothorn|0 fnt
|-unboost|p2a: Zacian|def|1
|-unboost|p2a: Zacian|spd|1
|-damage|p2a: Zacian|88/100|[from] ability: Iron Barbs|[of] p1a: Ferrothorn
|-damage|p2a: Zacian|72/100|[from] item: Rocky Helmet|[of] p1a: Ferrothorn
|faint|p1a: Ferrothorn
|
|upkeep
|
|t:|1643741866
|switch|p1a: Chansey|Chansey, F|80/100
|-activate|p1a: Chansey|move: Sticky Web
|-unboost|p1a: Chansey|spe|1
|-damage|p1a: Chansey|67/100|[from] Stealth Rock
|turn|12
|inactive|Prophucker has 120 seconds left.
|
|t:|1643741875
|move|p2a: Zacian|Behemoth Blade|p1a: Chansey
|-damage|p1a: Chansey|0 fnt
|faint|p1a: Chansey
|
|upkeep
|inactive|Prophucker has 120 seconds left.
|c|☆Prophucker|bruh
|
|t:|1643741888
|switch|p1a: Latias|Latias, F|100/100
|-damage|p1a: Latias|88/100|[from] Stealth Rock
|turn|13
|inactive|Prophucker has 120 seconds left.
|
|t:|1643741896
|move|p2a: Zacian|Crunch|p1a: Latias
|-supereffective|p1a: Latias
|-damage|p1a: Latias|0 fnt
|faint|p1a: Latias
|
|upkeep
|inactive|Prophucker has 120 seconds left.
|c|☆Prophucker|no life
|
|t:|1643741905
|switch|p1a: Weezing|Weezing, F|100/100
|-damage|p1a: Weezing|88/100|[from] Stealth Rock
|turn|14
|
|t:|1643741914
|move|p2a: Zacian|Behemoth Blade|p1a: Weezing
|-damage|p1a: Weezing|28/100
|move|p1a: Weezing|Sludge Bomb|p2a: Zacian
|-immune|p2a: Zacian
|
|-heal|p1a: Weezing|34/100|[from] item: Black Sludge
|upkeep
|turn|15
|l|☆Prophucker
|inactive|Prophucker disconnected and has a minute to reconnect!
|player|p1|
|c|☆Chompychipper|bruh
|inactive|Prophucker has 30 seconds to reconnect!
|inactive|Prophucker has 20 seconds to reconnect!
|inactive|Prophucker has 15 seconds to reconnect!
|inactive|Prophucker has 10 seconds to reconnect!
|inactive|Prophucker has 5 seconds to reconnect!
|-message|Prophucker lost due to inactivity.
|
|win|Chompychipper
|raw|Prophucker's rating: 1089 &rarr; <strong>1063</strong><br />(-26 for losing)
|raw|Chompychipper's rating: 1050 &rarr; <strong>1086</strong><br />(+36 for winning)
