|j|☆StarBUCK1234
|j|☆Ash∯Greninja∯MK∯
|t:|1656081398
|gametype|singles
|player|p1|StarBUCK1234|170|1293
|player|p2|Ash∯Greninja∯MK∯|ash-sinnoh|1193
|teamsize|p1|6
|teamsize|p2|6
|gen|8
|tier|[Gen 8] National Dex AG
|rated|
|rule|HP Percentage Mod: HP is shown in percentages
|rule|Endless Battle Clause: Forcing endless battles is banned
|clearpoke
|poke|p1|Necrozma-Dusk-Mane|
|poke|p1|Yveltal|
|poke|p1|Rayquaza|
|poke|p1|Zacian-*|
|poke|p1|Groudon|
|poke|p1|Xerneas-*|
|poke|p2|Rampardos, M|
|poke|p2|Lycanroc-Dusk, M|
|poke|p2|Tyranitar, M|
|poke|p2|Tyrantrum, M|
|poke|p2|Aggron, M|
|poke|p2|Drednaw, M|
|teampreview
|
|t:|1656081411
|start
|switch|p1a: Groudon|Groudon, shiny|100/100
|switch|p2a: Dred Edge|Drednaw, M|100/100
|detailschange|p1a: Groudon|Groudon-Primal, shiny
|-primal|p1a: Groudon
|-weather|DesolateLand|[from] ability: Desolate Land|[of] p1a: Groudon
|turn|1
|
|t:|1656081425
|move|p2a: Dred Edge|Rock Polish|p2a: Dred Edge
|-boost|p2a: Dred Edge|spe|2
|move|p1a: Groudon|Precipice Blades|p2a: Dred Edge
|-supereffective|p2a: Dred Edge
|-enditem|p2a: Dred Edge|Focus Sash
|-damage|p2a: Dred Edge|1/100
|
|-weather|DesolateLand|[upkeep]
|upkeep
|turn|2
|
|t:|1656081431
|move|p2a: Dred Edge|Earthquake|p1a: Groudon
|-supereffective|p1a: Groudon
|-damage|p1a: Groudon|63/100
|move|p1a: Groudon|Fire Punch|p2a: Dred Edge
|-resisted|p2a: Dred Edge
|-damage|p2a: Dred Edge|0 fnt
|faint|p2a: Dred Edge
|
|-weather|DesolateLand|[upkeep]
|upkeep
|
|t:|1656081438
|switch|p2a: Rampar Edge|Rampardos, M|100/100
|-ability|p2a: Rampar Edge|Mold Breaker
|turn|3
|
|t:|1656081440
|move|p2a: Rampar Edge|Rock Polish|p2a: Rampar Edge
|-boost|p2a: Rampar Edge|spe|2
|move|p1a: Groudon|Stealth Rock|p2a: Rampar Edge
|-sidestart|p2: Ash∯Greninja∯MK∯|move: Stealth Rock
|
|-weather|DesolateLand|[upkeep]
|upkeep
|turn|4
|
|t:|1656081447
|-start|p2a: Rampar Edge|Dynamax|
|-heal|p2a: Rampar Edge|100/100|[silent]
|move|p2a: Rampar Edge|Max Quake|p1a: Groudon
|-supereffective|p1a: Groudon
|-damage|p1a: Groudon|8/100
|-boost|p2a: Rampar Edge|spd|1
|move|p1a: Groudon|Precipice Blades|p2a: Rampar Edge
|-supereffective|p2a: Rampar Edge
|-enditem|p2a: Rampar Edge|Focus Sash
|-damage|p2a: Rampar Edge|1/100
|
|-weather|DesolateLand|[upkeep]
|upkeep
|turn|5
|
|t:|1656081455
|move|p2a: Rampar Edge|Max Rockfall|p1a: Groudon
|-damage|p1a: Groudon|0 fnt
|-weather|Sandstorm
|faint|p1a: Groudon
|
|-weather|Sandstorm|[upkeep]
|upkeep
|
|t:|1656081483
|switch|p1a: Rayquaza|Rayquaza, shiny|100/100
|-ability|p1a: Rayquaza|Air Lock
|turn|6
|
|t:|1656081489
|detailschange|p1a: Rayquaza|Rayquaza-Mega, shiny
|-mega|p1a: Rayquaza|Rayquaza|
|-weather|DeltaStream|[from] ability: Delta Stream|[of] p1a: Rayquaza
|move|p1a: Rayquaza|Extreme Speed|p2a: Rampar Edge
|-resisted|p2a: Rampar Edge
|-damage|p2a: Rampar Edge|0 fnt
|faint|p2a: Rampar Edge
|
|-weather|DeltaStream|[upkeep]
|upkeep
|
|t:|1656081493
|switch|p2a: Iron Edge|Aggron, M|100/100
|-damage|p2a: Iron Edge|94/100|[from] Stealth Rock
|turn|7
|
|t:|1656081507
|move|p1a: Rayquaza|Earthquake|p2a: Iron Edge
|-supereffective|p2a: Iron Edge
|-damage|p2a: Iron Edge|0 fnt
|faint|p2a: Iron Edge
|
|-weather|DeltaStream|[upkeep]
|upkeep
|
|t:|1656081512
|switch|p2a: Dragon Edge|Tyrantrum, M|100/100
|-damage|p2a: Dragon Edge|88/100|[from] Stealth Rock
|turn|8
|
|t:|1656081516
|move|p1a: Rayquaza|Dragon Dance|p1a: Rayquaza
|-boost|p1a: Rayquaza|atk|1
|-boost|p1a: Rayquaza|spe|1
|move|p2a: Dragon Edge|Dragon Claw|p1a: Rayquaza
|-supereffective|p1a: Rayquaza
|-enditem|p1a: Rayquaza|Focus Sash
|-damage|p1a: Rayquaza|1/100
|-damage|p2a: Dragon Edge|78/100|[from] item: Life Orb
|
|-weather|DeltaStream|[upkeep]
|upkeep
|turn|9
|
|t:|1656081520
|move|p1a: Rayquaza|Earthquake|p2a: Dragon Edge
|-supereffective|p2a: Dragon Edge
|-damage|p2a: Dragon Edge|0 fnt
|faint|p2a: Dragon Edge
|
|-weather|DeltaStream|[upkeep]
|upkeep
|
|t:|1656081522
|switch|p2a: Lycan Edge|Lycanroc-Dusk, M|100/100
|-damage|p2a: Lycan Edge|88/100|[from] Stealth Rock
|turn|10
|
|t:|1656081556
|move|p1a: Rayquaza|Extreme Speed|p2a: Lycan Edge
|-resisted|p2a: Lycan Edge
|-damage|p2a: Lycan Edge|39/100
|move|p2a: Lycan Edge|Accelerock|p1a: Rayquaza
|-activate||deltastream
|-damage|p1a: Rayquaza|0 fnt
|faint|p1a: Rayquaza
|-weather|none
|
|upkeep
|
|t:|1656081558
|switch|p1a: Zacian|Zacian-Crowned|100/100
|-ability|p1a: Zacian|Intrepid Sword|boost
|-boost|p1a: Zacian|atk|1
|turn|11
|
|t:|1656081562
|move|p1a: Zacian|Behemoth Blade|p2a: Lycan Edge
|-supereffective|p2a: Lycan Edge
|-damage|p2a: Lycan Edge|0 fnt
|faint|p2a: Lycan Edge
|
|upkeep
|
|t:|1656081564
|switch|p2a: Dark Edge|Tyranitar, M|100/100
|-damage|p2a: Dark Edge|88/100|[from] Stealth Rock
|-weather|Sandstorm|[from] ability: Sand Stream|[of] p2a: Dark Edge
|turn|12
|
|t:|1656081574
|detailschange|p2a: Dark Edge|Tyranitar-Mega, M
|-mega|p2a: Dark Edge|Tyranitar|Tyranitarite
|move|p1a: Zacian|Behemoth Blade|p2a: Dark Edge
|-supereffective|p2a: Dark Edge
|-damage|p2a: Dark Edge|0 fnt
|faint|p2a: Dark Edge
|
|win|StarBUCK1234
|raw|StarBUCK1234's rating: 1293 &rarr; <strong>1311</strong><br />(+18 for winning)
|raw|Ash∯Greninja∯MK∯'s rating: 1193 &rarr; <strong>1175</strong><br />(-18 for losing)
|l|☆StarBUCK1234
