|j|☆Hoenn Militian
|j|☆Dominator296
|t:|1650021244
|gametype|singles
|player|p1|Hoenn Militian|ingo|1896
|player|p2|Dominator296|alder|1830
|teamsize|p1|6
|teamsize|p2|6
|gen|8
|tier|[Gen 8] National Dex AG
|rated|
|rule|HP Percentage Mod: HP is shown in percentages
|rule|Endless Battle Clause: Forcing endless battles is banned
|clearpoke
|poke|p1|Yveltal|
|poke|p1|Quagsire, M|
|poke|p1|Mamoswine, M|
|poke|p1|Shedinja|
|poke|p1|Kyogre|
|poke|p1|Zacian-*|
|poke|p2|Kyogre|
|poke|p2|Groudon|
|poke|p2|Ho-Oh|
|poke|p2|Necrozma-Dusk-Mane|
|poke|p2|Arceus-*|
|poke|p2|Arceus-*|
|teampreview
|
|t:|1650021279
|start
|switch|p1a: Mamoswine|Mamoswine, M|100/100
|switch|p2a: Necrozma|Necrozma-Dusk-Mane|100/100
|turn|1
|
|t:|1650021289
|detailschange|p2a: Necrozma|Necrozma-Ultra
|-burst|p2a: Necrozma|Necrozma|Ultranecrozium Z
|move|p2a: Necrozma|Sunsteel Strike|p1a: Mamoswine
|-supereffective|p1a: Mamoswine
|-enditem|p1a: Mamoswine|Focus Sash
|-damage|p1a: Mamoswine|1/100
|move|p1a: Mamoswine|Stealth Rock|p2a: Necrozma
|-sidestart|p2: Dominator296|move: Stealth Rock
|
|upkeep
|turn|2
|
|t:|1650021299
|move|p1a: Mamoswine|Ice Shard|p2a: Necrozma
|-supereffective|p2a: Necrozma
|-damage|p2a: Necrozma|57/100
|move|p2a: Necrozma|Sunsteel Strike|p1a: Mamoswine
|-supereffective|p1a: Mamoswine
|-damage|p1a: Mamoswine|0 fnt
|faint|p1a: Mamoswine
|
|upkeep
|
|t:|1650021310
|switch|p1a: Yveltal|Yveltal|100/100
|-ability|p1a: Yveltal|Dark Aura
|turn|3
|
|t:|1650021315
|move|p2a: Necrozma|Stealth Rock|p1a: Yveltal
|-sidestart|p1: Hoenn Militian|move: Stealth Rock
|move|p1a: Yveltal|Knock Off|p2a: Necrozma
|-supereffective|p2a: Necrozma
|-damage|p2a: Necrozma|0 fnt
|faint|p2a: Necrozma
|
|upkeep
|
|t:|1650021322
|switch|p2a: Ho-Oh|Ho-Oh, shiny|100/100
|turn|4
|
|t:|1650021325
|move|p1a: Yveltal|Taunt|p2a: Ho-Oh
|-start|p2a: Ho-Oh|move: Taunt
|move|p2a: Ho-Oh|Sacred Fire|p1a: Yveltal
|-damage|p1a: Yveltal|57/100
|-status|p1a: Yveltal|brn
|
|-damage|p1a: Yveltal|51/100 brn|[from] brn
|upkeep
|turn|5
|
|t:|1650021335
|move|p1a: Yveltal|Knock Off|p2a: Ho-Oh
|-damage|p2a: Ho-Oh|73/100
|-enditem|p2a: Ho-Oh|Heavy-Duty Boots|[from] move: Knock Off|[of] p1a: Yveltal
|move|p2a: Ho-Oh|Sacred Fire|p1a: Yveltal
|-damage|p1a: Yveltal|8/100 brn
|
|-damage|p1a: Yveltal|2/100 brn|[from] brn
|upkeep
|turn|6
|
|t:|1650021345
|move|p1a: Yveltal|Oblivion Wing|p2a: Ho-Oh
|-damage|p2a: Ho-Oh|54/100
|-heal|p1a: Yveltal|17/100 brn|[from] drain|[of] p2a: Ho-Oh
|move|p2a: Ho-Oh|Sacred Fire|p1a: Yveltal
|-damage|p1a: Yveltal|0 fnt
|faint|p1a: Yveltal
|
|-end|p2a: Ho-Oh|move: Taunt
|upkeep
|
|t:|1650021356
|switch|p1a: Kyogre|Kyogre|100/100
|-damage|p1a: Kyogre|88/100|[from] Stealth Rock
|-weather|RainDance|[from] ability: Drizzle|[of] p1a: Kyogre
|turn|7
|
|t:|1650021363
|switch|p2a: Groudon|Groudon|100/100
|-damage|p2a: Groudon|94/100|[from] Stealth Rock
|detailschange|p2a: Groudon|Groudon-Primal
|-primal|p2a: Groudon
|-weather|DesolateLand|[from] ability: Desolate Land|[of] p2a: Groudon
|move|p1a: Kyogre|Thunder|p2a: Groudon
|-immune|p2a: Groudon
|
|-weather|DesolateLand|[upkeep]
|upkeep
|turn|8
|
|t:|1650021374
|-start|p1a: Kyogre|Dynamax|
|-heal|p1a: Kyogre|88/100|[silent]
|move|p1a: Kyogre|Max Hailstorm|p2a: Groudon
|-damage|p2a: Groudon|47/100
|move|p2a: Groudon|Precipice Blades|p1a: Kyogre
|-damage|p1a: Kyogre|43/100
|
|-weather|DesolateLand|[upkeep]
|upkeep
|turn|9
|
|t:|1650021385
|-weather|none
|switch|p2a: Ho-Oh|Ho-Oh, shiny|87/100
|-damage|p2a: Ho-Oh|38/100|[from] Stealth Rock
|move|p1a: Kyogre|Max Hailstorm|p2a: Ho-Oh
|-damage|p2a: Ho-Oh|13/100
|-weather|Hail
|
|-weather|Hail|[upkeep]
|-damage|p2a: Ho-Oh|7/100|[from] Hail
|upkeep
|turn|10
|
|t:|1650021397
|move|p1a: Kyogre|Max Geyser|p2a: Ho-Oh
|-supereffective|p2a: Ho-Oh
|-damage|p2a: Ho-Oh|0 fnt
|-weather|RainDance
|faint|p2a: Ho-Oh
|
|-weather|RainDance|[upkeep]
|-end|p1a: Kyogre|Dynamax
|-heal|p1a: Kyogre|43/100|[silent]
|upkeep
|
|t:|1650021403
|switch|p2a: Groudon|Groudon-Primal|47/100
|-damage|p2a: Groudon|35/100|[from] Stealth Rock
|-weather|DesolateLand|[from] ability: Desolate Land|[of] p2a: Groudon
|turn|11
|
|t:|1650021409
|move|p1a: Kyogre|Ice Beam|p2a: Groudon
|-damage|p2a: Groudon|0 fnt
|faint|p2a: Groudon
|-weather|none
|
|upkeep
|
|t:|1650021426
|switch|p2a: Arceus|Arceus, shiny|100/100
|-damage|p2a: Arceus|88/100|[from] Stealth Rock
|turn|12
|
|t:|1650021434
|switch|p1a: Quagsire|Quagsire, M|100/100
|-damage|p1a: Quagsire|94/100|[from] Stealth Rock
|move|p2a: Arceus|Extreme Speed|p1a: Quagsire
|-damage|p1a: Quagsire|56/100
|-damage|p2a: Arceus|71/100|[from] item: Rocky Helmet|[of] p1a: Quagsire
|
|upkeep
|turn|13
|j| Brucie92
|
|t:|1650021445
|switch|p2a: Arceus|Arceus-Flying|100/100
|-damage|p2a: Arceus|76/100|[from] Stealth Rock
|move|p1a: Quagsire|Recover|p1a: Quagsire
|-heal|p1a: Quagsire|100/100
|
|upkeep
|turn|14
|
|t:|1650021452
|move|p2a: Arceus|Calm Mind|p2a: Arceus
|-boost|p2a: Arceus|spa|1
|-boost|p2a: Arceus|spd|1
|move|p1a: Quagsire|Toxic|p2a: Arceus
|-status|p2a: Arceus|tox
|
|-damage|p2a: Arceus|69/100 tox|[from] psn
|upkeep
|turn|15
|
|t:|1650021460
|switch|p1a: Zacian|Zacian-Crowned|100/100
|-damage|p1a: Zacian|94/100|[from] Stealth Rock
|-ability|p1a: Zacian|Intrepid Sword|boost
|-boost|p1a: Zacian|atk|1
|move|p2a: Arceus|Calm Mind|p2a: Arceus
|-boost|p2a: Arceus|spa|1
|-boost|p2a: Arceus|spd|1
|
|-damage|p2a: Arceus|57/100 tox|[from] psn
|upkeep
|turn|16
|
|t:|1650021470
|-start|p2a: Arceus|Dynamax|
|-heal|p2a: Arceus|57/100 tox|[silent]
|move|p1a: Zacian|Behemoth Blade|p2a: Arceus
|-damage|p2a: Arceus|8/100 tox
|move|p2a: Arceus|Max Airstream|p1a: Zacian
|-resisted|p1a: Zacian
|-damage|p1a: Zacian|32/100
|-boost|p2a: Arceus|spe|1
|
|-damage|p2a: Arceus|0 fnt|[from] psn
|faint|p2a: Arceus
|upkeep
|
|t:|1650021489
|switch|p2a: Kyogre|Kyogre|100/100
|-damage|p2a: Kyogre|88/100|[from] Stealth Rock
|-weather|RainDance|[from] ability: Drizzle|[of] p2a: Kyogre
|turn|17
|
|t:|1650021494
|switch|p1a: Shedinja|Shedinja|100/100
|move|p2a: Kyogre|Water Spout|p1a: Shedinja
|-immune|p1a: Shedinja|[from] ability: Wonder Guard
|
|-weather|RainDance|[upkeep]
|upkeep
|turn|18
|
|t:|1650021504
|switch|p2a: Arceus|Arceus, shiny|71/100
|-damage|p2a: Arceus|59/100|[from] Stealth Rock
|move|p1a: Shedinja|Baton Pass|p1a: Shedinja
|l| Brucie92
|
|t:|1650021515
|switch|p1a: Quagsire|Quagsire, M|100/100|[from]move: Baton Pass
|-damage|p1a: Quagsire|94/100|[from] Stealth Rock
|
|-weather|RainDance|[upkeep]
|upkeep
|turn|19
|
|t:|1650021529
|move|p2a: Arceus|Extreme Speed|p1a: Quagsire
|-damage|p1a: Quagsire|56/100
|-damage|p2a: Arceus|42/100|[from] item: Rocky Helmet|[of] p1a: Quagsire
|move|p1a: Quagsire|Toxic|p2a: Arceus
|-status|p2a: Arceus|tox
|
|-weather|RainDance|[upkeep]
|-damage|p2a: Arceus|36/100 tox|[from] psn
|upkeep
|turn|20
|
|t:|1650021538
|move|p2a: Arceus|Recover|p2a: Arceus
|-heal|p2a: Arceus|86/100 tox
|move|p1a: Quagsire|Recover|p1a: Quagsire
|-heal|p1a: Quagsire|100/100
|
|-weather|RainDance|[upkeep]
|-damage|p2a: Arceus|74/100 tox|[from] psn
|upkeep
|turn|21
|
|t:|1650021547
|switch|p2a: Kyogre|Kyogre|88/100
|-damage|p2a: Kyogre|76/100|[from] Stealth Rock
|move|p1a: Quagsire|Earthquake|p2a: Kyogre
|-damage|p2a: Kyogre|44/100
|
|-weather|none
|upkeep
|turn|22
|
|t:|1650021557
|switch|p2a: Arceus|Arceus, shiny|74/100 tox
|-damage|p2a: Arceus|62/100 tox|[from] Stealth Rock
|switch|p1a: Shedinja|Shedinja|100/100
|
|-damage|p2a: Arceus|56/100 tox|[from] psn
|upkeep
|turn|23
|
|t:|1650021565
|switch|p1a: Quagsire|Quagsire, M|100/100
|-damage|p1a: Quagsire|94/100|[from] Stealth Rock
|move|p2a: Arceus|Shadow Claw|p1a: Quagsire
|-damage|p1a: Quagsire|75/100
|-damage|p2a: Arceus|39/100 tox|[from] item: Rocky Helmet|[of] p1a: Quagsire
|
|-damage|p2a: Arceus|27/100 tox|[from] psn
|upkeep
|turn|24
|
|t:|1650021576
|move|p2a: Arceus|Extreme Speed|p1a: Quagsire
|-damage|p1a: Quagsire|37/100
|-damage|p2a: Arceus|10/100 tox|[from] item: Rocky Helmet|[of] p1a: Quagsire
|move|p1a: Quagsire|Earthquake|p2a: Arceus
|-damage|p2a: Arceus|0 fnt
|faint|p2a: Arceus
|
|upkeep
|
|t:|1650021584
|switch|p2a: Kyogre|Kyogre|44/100
|-damage|p2a: Kyogre|32/100|[from] Stealth Rock
|-weather|RainDance|[from] ability: Drizzle|[of] p2a: Kyogre
|turn|25
|
|t:|1650021590
|switch|p1a: Shedinja|Shedinja|100/100
|move|p2a: Kyogre|Origin Pulse|p1a: Shedinja
|-immune|p1a: Shedinja|[from] ability: Wonder Guard
|
|-weather|RainDance|[upkeep]
|upkeep
|turn|26
|
|t:|1650021598
|move|p1a: Shedinja|Shadow Sneak|p2a: Kyogre
|-damage|p2a: Kyogre|10/100
|move|p2a: Kyogre|Origin Pulse|p1a: Shedinja
|-immune|p1a: Shedinja|[from] ability: Wonder Guard
|
|-weather|RainDance|[upkeep]
|upkeep
|turn|27
|
|t:|1650021604
|move|p1a: Shedinja|Shadow Sneak|p2a: Kyogre
|-damage|p2a: Kyogre|0 fnt
|faint|p2a: Kyogre
|
|win|Hoenn Militian
|raw|Hoenn Militian's rating: 1896 &rarr; <strong>1911</strong><br />(+15 for winning)
|raw|Dominator296's rating: 1808 &rarr; <strong>1793</strong><br />(-15 for losing)
|l|☆Dominator296
