|j|☆Adil
|j|☆Yummers mc Stan
|t:|1603151851
|player|p1|Adil|1|1837
|player|p2|Yummers mc Stan|aaron|1832
|teamsize|p1|6
|teamsize|p2|6
|gametype|singles
|gen|8
|tier|[Gen 8] National Dex AG
|rated|
|clearpoke
|poke|p1|Rayquaza|
|poke|p1|Necrozma-Dusk-Mane|
|poke|p1|Zygarde|
|poke|p1|Yveltal|
|poke|p1|Groudon|
|poke|p1|Zacian-Crowned|
|poke|p2|Necrozma-Dusk-Mane|
|poke|p2|Yveltal|
|poke|p2|Lunala|
|poke|p2|Rayquaza|
|poke|p2|Zacian-Crowned|
|poke|p2|Ditto|
|rule|HP Percentage Mod: HP is shown in percentages
|rule|Endless Battle Clause: Forcing endless battles is banned
|teampreview
|inactive|Battle timer is ON: inactive players will automatically lose when time's up. (requested by Adil)
|
|t:|1603151867
|start
|switch|p1a: Yveltal|Yveltal|100/100
|switch|p2a: Wall #1|Lunala|100/100
|-ability|p1a: Yveltal|Dark Aura
|turn|1
|
|t:|1603151874
|-start|p1a: Yveltal|Dynamax
|-heal|p1a: Yveltal|100/100|[silent]
|move|p1a: Yveltal|Max Airstream|p2a: Wall #1
|-damage|p2a: Wall #1|66/100
|-boost|p1a: Yveltal|spe|1
|-damage|p1a: Yveltal|96/100|[from] item: Life Orb
|move|p2a: Wall #1|Moongeist Beam|p1a: Yveltal
|-resisted|p1a: Yveltal
|-damage|p1a: Yveltal|81/100
|
|upkeep
|turn|2
|
|t:|1603151881
|move|p1a: Yveltal|Max Darkness|p2a: Wall #1
|-supereffective|p2a: Wall #1
|-damage|p2a: Wall #1|0 fnt
|-damage|p1a: Yveltal|76/100|[from] item: Life Orb
|faint|p2a: Wall #1
|
|upkeep
|
|t:|1603151886
|switch|p2a: Y u mad bro|Yveltal|100/100
|-ability|p2a: Y u mad bro|Dark Aura
|turn|3
|
|t:|1603151898
|-start|p2a: Y u mad bro|Dynamax
|-heal|p2a: Y u mad bro|100/100|[silent]
|move|p1a: Yveltal|Max Airstream|p2a: Y u mad bro
|-damage|p2a: Y u mad bro|50/100
|-boost|p1a: Yveltal|spe|1
|-damage|p1a: Yveltal|71/100|[from] item: Life Orb
|move|p2a: Y u mad bro|Max Airstream|p1a: Yveltal
|-damage|p1a: Yveltal|28/100
|-boost|p2a: Y u mad bro|spe|1
|-damage|p2a: Y u mad bro|45/100|[from] item: Life Orb
|
|-end|p1a: Yveltal|Dynamax
|-heal|p1a: Yveltal|28/100|[silent]
|upkeep
|turn|4
|
|t:|1603151907
|move|p1a: Yveltal|Oblivion Wing|p2a: Y u mad bro
|-damage|p2a: Y u mad bro|16/100
|-heal|p1a: Yveltal|72/100|[from] drain|[of] p2a: Y u mad bro
|-damage|p1a: Yveltal|62/100|[from] item: Life Orb
|move|p2a: Y u mad bro|Max Airstream|p1a: Yveltal
|-damage|p1a: Yveltal|0 fnt
|-boost|p2a: Y u mad bro|spe|1
|-damage|p2a: Y u mad bro|11/100|[from] item: Life Orb
|faint|p1a: Yveltal
|
|upkeep
|
|t:|1603151933
|switch|p1a: Rayquaza|Rayquaza|100/100
|-ability|p1a: Rayquaza|Air Lock
|turn|5
|j| Wiso5
|
|t:|1603151948
|detailschange|p1a: Rayquaza|Rayquaza-Mega
|-mega|p1a: Rayquaza|Rayquaza|
|-weather|DeltaStream|[from] ability: Delta Stream|[of] p1a: Rayquaza
|move|p1a: Rayquaza|Extreme Speed|p2a: Y u mad bro
|-damage|p2a: Y u mad bro|0 fnt
|faint|p2a: Y u mad bro
|
|-weather|DeltaStream|[upkeep]
|upkeep
|
|t:|1603151953
|switch|p2a: Necrozma|Necrozma-Dusk-Mane|100/100
|turn|6
|inactive|Adil has 120 seconds left.
|
|t:|1603151991
|-weather|none
|switch|p1a: Groudon|Groudon|100/100
|detailschange|p1a: Groudon|Groudon-Primal
|-primal|p1a: Groudon
|-weather|DesolateLand|[from] ability: Desolate Land|[of] p1a: Groudon
|move|p2a: Necrozma|Stealth Rock|p1a: Groudon
|-sidestart|p1: Adil|move: Stealth Rock
|
|-weather|DesolateLand|[upkeep]
|upkeep
|turn|7
|
|t:|1603151994
|switch|p2a: Mega stone?|Rayquaza|100/100
|-ability|p2a: Mega stone?|Air Lock
|move|p1a: Groudon|Eruption|p2a: Mega stone?
|-resisted|p2a: Mega stone?
|-damage|p2a: Mega stone?|55/100
|
|-weather|DesolateLand|[upkeep]
|upkeep
|turn|8
|
|t:|1603151997
|detailschange|p2a: Mega stone?|Rayquaza-Mega
|-mega|p2a: Mega stone?|Rayquaza|
|-weather|DeltaStream|[from] ability: Delta Stream|[of] p2a: Mega stone?
|move|p2a: Mega stone?|Draco Meteor|p1a: Groudon
|-damage|p1a: Groudon|0 fnt
|-unboost|p2a: Mega stone?|spa|2
|-damage|p2a: Mega stone?|45/100|[from] item: Life Orb
|faint|p1a: Groudon
|
|-weather|DeltaStream|[upkeep]
|upkeep
|
|t:|1603152003
|switch|p1a: Zacian|Zacian-Crowned|100/100
|-damage|p1a: Zacian|94/100|[from] Stealth Rock
|-ability|p1a: Zacian|Intrepid Sword|boost
|-boost|p1a: Zacian|atk|1
|turn|9
|
|t:|1603152013
|move|p1a: Zacian|Close Combat|p2a: Mega stone?
|-resisted|p2a: Mega stone?
|-damage|p2a: Mega stone?|1/100
|-unboost|p1a: Zacian|def|1
|-unboost|p1a: Zacian|spd|1
|move|p2a: Mega stone?|Dragon Ascent|p1a: Zacian
|-resisted|p1a: Zacian
|-damage|p1a: Zacian|21/100
|-unboost|p2a: Mega stone?|def|1
|-unboost|p2a: Mega stone?|spd|1
|-damage|p2a: Mega stone?|0 fnt|[from] item: Life Orb
|faint|p2a: Mega stone?
|-weather|none
|
|upkeep
|
|t:|1603152019
|switch|p2a: Mr jiggles|Ditto|100/100
|-transform|p2a: Mr jiggles|p1a: Zacian|[from] ability: Imposter
|-ability|p2a: Mr jiggles|Intrepid Sword|boost
|-boost|p2a: Mr jiggles|atk|1
|turn|10
|
|t:|1603152035
|switch|p1a: Necrozma|Necrozma-Dusk-Mane|100/100
|-damage|p1a: Necrozma|94/100|[from] Stealth Rock
|move|p2a: Mr jiggles|Close Combat|p1a: Necrozma
|-damage|p1a: Necrozma|37/100
|-unboost|p2a: Mr jiggles|def|1
|-unboost|p2a: Mr jiggles|spd|1
|-damage|p2a: Mr jiggles|84/100|[from] item: Rocky Helmet|[of] p1a: Necrozma
|
|upkeep
|turn|11
|
|t:|1603152049
|move|p2a: Mr jiggles|Close Combat|p1a: Necrozma
|-damage|p1a: Necrozma|0 fnt
|-unboost|p2a: Mr jiggles|def|1
|-unboost|p2a: Mr jiggles|spd|1
|-damage|p2a: Mr jiggles|68/100|[from] item: Rocky Helmet|[of] p1a: Necrozma
|faint|p1a: Necrozma
|
|upkeep
|
|t:|1603152052
|switch|p1a: Zygarde|Zygarde|100/100
|-damage|p1a: Zygarde|94/100|[from] Stealth Rock
|turn|12
|
|t:|1603152073
|switch|p2a: Necrozma|Necrozma-Dusk-Mane|100/100
|move|p1a: Zygarde|Dragon Dance|p1a: Zygarde
|-boost|p1a: Zygarde|atk|1
|-boost|p1a: Zygarde|spe|1
|
|-heal|p1a: Zygarde|100/100|[from] item: Leftovers
|upkeep
|turn|13
|
|t:|1603152087
|move|p1a: Zygarde|Glare|p2a: Necrozma
|-status|p2a: Necrozma|par
|cant|p2a: Necrozma|par
|
|upkeep
|turn|14
|
|t:|1603152093
|move|p1a: Zygarde|Substitute|p1a: Zygarde
|-start|p1a: Zygarde|Substitute
|-damage|p1a: Zygarde|76/100
|move|p2a: Necrozma|Sunsteel Strike|p1a: Zygarde
|-crit|p1a: Zygarde
|-end|p1a: Zygarde|Substitute
|
|-heal|p1a: Zygarde|82/100|[from] item: Leftovers
|upkeep
|turn|15
|
|t:|1603152096
|move|p1a: Zygarde|Substitute|p1a: Zygarde
|-start|p1a: Zygarde|Substitute
|-damage|p1a: Zygarde|57/100
|move|p2a: Necrozma|Sunsteel Strike|p1a: Zygarde
|-end|p1a: Zygarde|Substitute
|
|-heal|p1a: Zygarde|63/100|[from] item: Leftovers
|upkeep
|turn|16
|
|t:|1603152100
|move|p1a: Zygarde|Substitute|p1a: Zygarde
|-start|p1a: Zygarde|Substitute
|-damage|p1a: Zygarde|38/100
|move|p2a: Necrozma|Sunsteel Strike|p1a: Zygarde
|-end|p1a: Zygarde|Substitute
|
|-heal|p1a: Zygarde|44/100|[from] item: Leftovers
|-activate|p1a: Zygarde|ability: Power Construct
|detailschange|p1a: Zygarde|Zygarde-Complete
|-heal|p1a: Zygarde|65/100|[silent]
|upkeep
|turn|17
|
|t:|1603152102
|move|p1a: Zygarde|Substitute|p1a: Zygarde
|-start|p1a: Zygarde|Substitute
|-damage|p1a: Zygarde|40/100
|move|p2a: Necrozma|Sunsteel Strike|p1a: Zygarde
|-end|p1a: Zygarde|Substitute
|
|-heal|p1a: Zygarde|46/100|[from] item: Leftovers
|upkeep
|turn|18
|
|t:|1603152105
|move|p1a: Zygarde|Thousand Arrows|p2a: Necrozma
|-supereffective|p2a: Necrozma
|-damage|p2a: Necrozma|49/100 par
|-enditem|p2a: Necrozma|Weakness Policy
|-boost|p2a: Necrozma|atk|2|[from] item: Weakness Policy
|-boost|p2a: Necrozma|spa|2|[from] item: Weakness Policy
|move|p2a: Necrozma|Sunsteel Strike|p1a: Zygarde
|-damage|p1a: Zygarde|0 fnt
|faint|p1a: Zygarde
|
|upkeep
|-message|Adil forfeited.
|
|win|Yummers mc Stan
|l|☆Adil
|raw|Adil's rating: 1849 &rarr; <strong>1828</strong><br />(-21 for losing)
|raw|Yummers mc Stan's rating: 1832 &rarr; <strong>1853</strong><br />(+21 for winning)
|l| Wiso5
