|j|☆DarkboiJ
|j|☆ThyKingCharles
|t:|1664213105
|gametype|singles
|player|p1|DarkboiJ|blue-gen3two|1813
|player|p2|ThyKingCharles|diantha-masters|1901
|teamsize|p1|6
|teamsize|p2|6
|gen|8
|tier|[Gen 8] National Dex AG
|rated|
|rule|HP Percentage Mod: HP is shown in percentages
|rule|Endless Battle Clause: Forcing endless battles is banned
|clearpoke
|poke|p1|Landorus-Therian, M|
|poke|p1|Giratina-Origin|
|poke|p1|Ditto|
|poke|p1|Dialga|
|poke|p1|Palkia|
|poke|p1|Arceus-*|
|poke|p2|Rayquaza|
|poke|p2|Arceus-*|
|poke|p2|Zacian-*|
|poke|p2|Necrozma-Dusk-Mane|
|poke|p2|Marshadow|
|poke|p2|Yveltal|
|teampreview
|inactive|Battle timer is ON: inactive players will automatically lose when time's up. (requested by DarkboiJ)
|
|t:|1664213110
|start
|switch|p1a: Landorus|Landorus-Therian, M|100/100
|switch|p2a: Yveltal|Yveltal|100/100
|-ability|p2a: Yveltal|Dark Aura
|-ability|p1a: Landorus|Intimidate|boost
|-unboost|p2a: Yveltal|atk|1
|turn|1
|j| Yeett_smh
|
|t:|1664213120
|move|p2a: Yveltal|Dark Pulse|p1a: Landorus
|-damage|p1a: Landorus|33/100
|move|p1a: Landorus|Stealth Rock|p2a: Yveltal
|-sidestart|p2: ThyKingCharles|move: Stealth Rock
|
|upkeep
|turn|2
|
|t:|1664213124
|move|p2a: Yveltal|Defog|p1a: Landorus
|-unboost|p1a: Landorus|evasion|1
|-sideend|p2: ThyKingCharles|Stealth Rock|[from] move: Defog|[of] p2a: Yveltal
|move|p1a: Landorus|Rock Tomb|p2a: Yveltal
|-supereffective|p2a: Yveltal
|-damage|p2a: Yveltal|67/100
|-unboost|p2a: Yveltal|spe|1
|
|upkeep
|turn|3
|
|t:|1664213126
|move|p1a: Landorus|Stealth Rock|p2a: Yveltal
|-sidestart|p2: ThyKingCharles|move: Stealth Rock
|move|p2a: Yveltal|Dark Pulse|p1a: Landorus
|-damage|p1a: Landorus|0 fnt
|faint|p1a: Landorus
|
|upkeep
|
|t:|1664213132
|switch|p1a: Dialga|Dialga|100/100
|-ability|p1a: Dialga|Pressure
|turn|4
|
|t:|1664213134
|move|p1a: Dialga|Draco Meteor|p2a: Yveltal
|-damage|p2a: Yveltal|0 fnt
|-unboost|p1a: Dialga|spa|2
|faint|p2a: Yveltal
|
|upkeep
|
|t:|1664213138
|switch|p2a: Marshadow|Marshadow|100/100
|-damage|p2a: Marshadow|94/100|[from] Stealth Rock
|turn|5
|
|t:|1664213148
|switch|p1a: Giratina|Giratina-Origin|100/100
|move|p2a: Marshadow|Spectral Thief|p1a: Giratina
|-supereffective|p1a: Giratina
|-damage|p1a: Giratina|40/100
|
|upkeep
|turn|6
|
|t:|1664213151
|move|p1a: Giratina|Shadow Sneak|p2a: Marshadow
|-supereffective|p2a: Marshadow
|-damage|p2a: Marshadow|26/100
|move|p2a: Marshadow|Spectral Thief|p1a: Giratina
|-supereffective|p1a: Giratina
|-crit|p1a: Giratina
|-damage|p1a: Giratina|0 fnt
|faint|p1a: Giratina
|
|upkeep
|
|t:|1664213154
|switch|p1a: Ditto|Ditto, shiny|100/100
|-transform|p1a: Ditto|p2a: Marshadow|[from] ability: Imposter
|turn|7
|
|t:|1664213162
|move|p2a: Marshadow|Shadow Sneak|p1a: Ditto
|-supereffective|p1a: Ditto
|-damage|p1a: Ditto|18/100
|move|p1a: Ditto|Spectral Thief|p2a: Marshadow
|-supereffective|p2a: Marshadow
|-damage|p2a: Marshadow|0 fnt
|faint|p2a: Marshadow
|
|upkeep
|
|t:|1664213167
|switch|p2a: Arceus|Arceus|100/100
|-damage|p2a: Arceus|88/100|[from] Stealth Rock
|turn|8
|
|t:|1664213172
|switch|p1a: Dialga|Dialga|100/100
|-ability|p1a: Dialga|Pressure
|move|p2a: Arceus|Shadow Claw|p1a: Dialga
|-damage|p1a: Dialga|81/100
|
|upkeep
|turn|9
|
|t:|1664213179
|move|p2a: Arceus|Earthquake|p1a: Dialga
|-supereffective|p1a: Dialga
|-damage|p1a: Dialga|21/100
|move|p1a: Dialga|Flash Cannon|p2a: Arceus
|-damage|p2a: Arceus|47/100
|
|upkeep
|turn|10
|
|t:|1664213187
|move|p2a: Arceus|Earthquake|p1a: Dialga
|-supereffective|p1a: Dialga
|-damage|p1a: Dialga|0 fnt
|faint|p1a: Dialga
|
|upkeep
|
|t:|1664213193
|switch|p1a: Palkia|Palkia, shiny|100/100
|-ability|p1a: Palkia|Pressure
|turn|11
|
|t:|1664213195
|switch|p2a: Zacian|Zacian-Crowned|100/100
|-damage|p2a: Zacian|94/100|[from] Stealth Rock
|-ability|p2a: Zacian|Intrepid Sword|boost
|-boost|p2a: Zacian|atk|1
|-start|p1a: Palkia|Dynamax|
|-heal|p1a: Palkia|100/100|[silent]
|move|p1a: Palkia|Max Airstream|p2a: Zacian
|-resisted|p2a: Zacian
|-damage|p2a: Zacian|74/100
|-boost|p1a: Palkia|spe|1
|
|upkeep
|turn|12
|
|t:|1664213202
|move|p1a: Palkia|Max Geyser|p2a: Zacian
|-damage|p2a: Zacian|0 fnt
|-weather|RainDance
|faint|p2a: Zacian
|
|-weather|RainDance|[upkeep]
|upkeep
|
|t:|1664213206
|switch|p2a: Arceus|Arceus|47/100
|-damage|p2a: Arceus|35/100|[from] Stealth Rock
|turn|13
|
|t:|1664213220
|move|p2a: Arceus|Extreme Speed|p1a: Palkia
|-damage|p1a: Palkia|77/100
|move|p1a: Palkia|Max Geyser|p2a: Arceus
|-damage|p2a: Arceus|0 fnt
|faint|p2a: Arceus
|
|-weather|RainDance|[upkeep]
|upkeep
|
|t:|1664213225
|switch|p2a: Necrozma|Necrozma-Dusk-Mane|100/100
|-damage|p2a: Necrozma|95/100|[from] Stealth Rock
|-end|p1a: Palkia|Dynamax
|-heal|p1a: Palkia|77/100|[silent]
|turn|14
|
|t:|1664213228
|detailschange|p2a: Necrozma|Necrozma-Ultra
|-burst|p2a: Necrozma|Necrozma|Ultranecrozium Z
|move|p1a: Palkia|Surf|p2a: Necrozma
|-resisted|p2a: Necrozma
|-damage|p2a: Necrozma|48/100
|move|p2a: Necrozma|Dragon Dance|p2a: Necrozma
|-boost|p2a: Necrozma|atk|1
|-boost|p2a: Necrozma|spe|1
|
|-weather|RainDance|[upkeep]
|upkeep
|turn|15
|
|t:|1664213237
|move|p2a: Necrozma|Photon Geyser|p1a: Palkia
|-damage|p1a: Palkia|0 fnt
|faint|p1a: Palkia
|
|-weather|RainDance|[upkeep]
|upkeep
|
|t:|1664213238
|switch|p1a: Ditto|Ditto, shiny|18/100
|-transform|p1a: Ditto|p2a: Necrozma|[from] ability: Imposter
|turn|16
|
|t:|1664213241
|move|p1a: Ditto|Sunsteel Strike|p2a: Necrozma
|-crit|p2a: Necrozma
|-damage|p2a: Necrozma|0 fnt
|faint|p2a: Necrozma
|
|-weather|none
|upkeep
|
|t:|1664213243
|switch|p2a: Rayquaza|Rayquaza|100/100
|-damage|p2a: Rayquaza|76/100|[from] Stealth Rock
|-ability|p2a: Rayquaza|Air Lock
|turn|17
|
|t:|1664213251
|switch|p1a: Arceus|Arceus|100/100
|detailschange|p2a: Rayquaza|Rayquaza-Mega
|-mega|p2a: Rayquaza|Rayquaza|
|-weather|DeltaStream|[from] ability: Delta Stream|[of] p2a: Rayquaza
|move|p2a: Rayquaza|Extreme Speed|p1a: Arceus
|-damage|p1a: Arceus|69/100
|-damage|p2a: Rayquaza|66/100|[from] item: Life Orb
|
|-weather|DeltaStream|[upkeep]
|upkeep
|turn|18
|
|t:|1664213253
|move|p1a: Arceus|Extreme Speed|p2a: Rayquaza
|-damage|p2a: Rayquaza|21/100
|move|p2a: Rayquaza|Dragon Ascent|p1a: Arceus
|-damage|p1a: Arceus|0 fnt
|-unboost|p2a: Rayquaza|def|1
|-unboost|p2a: Rayquaza|spd|1
|faint|p1a: Arceus
|-damage|p2a: Rayquaza|11/100|[from] item: Life Orb
|
|-weather|DeltaStream|[upkeep]
|upkeep
|
|t:|1664213256
|switch|p1a: Ditto|Ditto, shiny|18/100
|-transform|p1a: Ditto|p2a: Rayquaza|[from] ability: Imposter
|turn|19
|
|t:|1664213259
|move|p1a: Ditto|Extreme Speed|p2a: Rayquaza
|-damage|p2a: Rayquaza|0 fnt
|faint|p2a: Rayquaza
|
|win|DarkboiJ
|raw|DarkboiJ's rating: 1813 &rarr; <strong>1838</strong><br />(+25 for winning)
|raw|ThyKingCharles's rating: 1901 &rarr; <strong>1876</strong><br />(-25 for losing)
|l|☆ThyKingCharles
