|j|☆97thPhantom
|j|☆toetoe828
|t:|1652495978
|gametype|singles
|player|p1|97thPhantom|saturn|1497
|player|p2|toetoe828|169|1686
|teamsize|p1|6
|teamsize|p2|6
|gen|8
|tier|[Gen 8] National Dex AG
|rated|
|rule|HP Percentage Mod: HP is shown in percentages
|rule|Endless Battle Clause: Forcing endless battles is banned
|clearpoke
|poke|p1|Kyogre|
|poke|p1|Gengar, F|
|poke|p1|Dracovish|
|poke|p1|Zygarde|
|poke|p1|Calyrex-Shadow|
|poke|p1|Forretress, F|
|poke|p2|Zacian-*|
|poke|p2|Calyrex-Shadow|
|poke|p2|Rayquaza|
|poke|p2|Marshadow|
|poke|p2|Necrozma-Dusk-Mane|
|poke|p2|Yveltal|
|teampreview
|inactive|Battle timer is ON: inactive players will automatically lose when time's up. (requested by 97thPhantom)
|
|t:|1652495987
|start
|switch|p1a: Le Bastille|Forretress, F|100/100
|switch|p2a: Necrozma|Necrozma-Dusk-Mane|100/100
|turn|1
|
|t:|1652495993
|move|p2a: Necrozma|Stealth Rock|p1a: Le Bastille
|-sidestart|p1: 97thPhantom|move: Stealth Rock
|move|p1a: Le Bastille|Toxic Spikes|p2a: Necrozma
|-sidestart|p2: toetoe828|move: Toxic Spikes
|
|upkeep
|turn|2
|
|t:|1652496004
|move|p2a: Necrozma|Thunder Wave|p1a: Le Bastille
|-status|p1a: Le Bastille|par
|move|p1a: Le Bastille|Rapid Spin|p2a: Necrozma
|-resisted|p2a: Necrozma
|-damage|p2a: Necrozma|98/100
|-boost|p1a: Le Bastille|spe|1
|-damage|p1a: Le Bastille|84/100 par|[from] item: Rocky Helmet|[of] p2a: Necrozma
|-sideend|p1: 97thPhantom|Stealth Rock|[from] move: Rapid Spin|[of] p1a: Le Bastille
|
|-heal|p1a: Le Bastille|90/100 par|[from] item: Leftovers
|upkeep
|turn|3
|
|t:|1652496016
|switch|p2a: Yveltal|Yveltal, shiny|100/100
|-ability|p2a: Yveltal|Dark Aura
|move|p1a: Le Bastille|Toxic Spikes|p2a: Yveltal
|-sidestart|p2: toetoe828|move: Toxic Spikes
|
|-heal|p1a: Le Bastille|96/100 par|[from] item: Leftovers
|upkeep
|turn|4
|
|t:|1652496025
|-start|p2a: Yveltal|Dynamax|
|-heal|p2a: Yveltal|100/100|[silent]
|move|p2a: Yveltal|Max Airstream|p1a: Le Bastille
|-damage|p1a: Le Bastille|17/100 par
|-boost|p2a: Yveltal|spe|1
|cant|p1a: Le Bastille|par
|
|-heal|p1a: Le Bastille|24/100 par|[from] item: Leftovers
|upkeep
|turn|5
|
|t:|1652496039
|move|p2a: Yveltal|Max Airstream|p1a: Le Bastille
|-damage|p1a: Le Bastille|0 fnt
|-boost|p2a: Yveltal|spe|1
|faint|p1a: Le Bastille
|
|upkeep
|
|t:|1652496048
|switch|p1a: Immortal Snake|Zygarde, shiny|100/100
|turn|6
|
|t:|1652496052
|move|p2a: Yveltal|Max Darkness|p1a: Immortal Snake
|-damage|p1a: Immortal Snake|42/100
|-unboost|p1a: Immortal Snake|spd|1
|move|p1a: Immortal Snake|Thousand Arrows|p2a: Yveltal
|-damage|p2a: Yveltal|85/100
|-start|p2a: Yveltal|Smack Down
|
|-heal|p1a: Immortal Snake|48/100|[from] item: Leftovers
|-activate|p1a: Immortal Snake|ability: Power Construct
|detailschange|p1a: Immortal Snake|Zygarde-Complete, shiny
|-heal|p1a: Immortal Snake|66/100|[silent]
|upkeep
|-end|p2a: Yveltal|Dynamax
|-heal|p2a: Yveltal|85/100|[silent]
|turn|7
|
|t:|1652496069
|-start|p1a: Immortal Snake|Dynamax|
|-heal|p1a: Immortal Snake|66/100|[silent]
|move|p2a: Yveltal|Dark Pulse|p1a: Immortal Snake
|-damage|p1a: Immortal Snake|52/100
|move|p1a: Immortal Snake|Max Quake|p2a: Yveltal
|-damage|p2a: Yveltal|42/100
|-boost|p1a: Immortal Snake|spd|1
|
|-heal|p1a: Immortal Snake|55/100|[from] item: Leftovers
|upkeep
|turn|8
|
|t:|1652496080
|move|p2a: Yveltal|Oblivion Wing|p1a: Immortal Snake
|-damage|p1a: Immortal Snake|48/100
|-heal|p2a: Yveltal|59/100|[from] drain|[of] p1a: Immortal Snake
|move|p1a: Immortal Snake|Max Quake|p2a: Yveltal
|-damage|p2a: Yveltal|13/100
|-boost|p1a: Immortal Snake|spd|1
|
|-heal|p1a: Immortal Snake|51/100|[from] item: Leftovers
|upkeep
|turn|9
|
|t:|1652496090
|move|p2a: Yveltal|Oblivion Wing|p1a: Immortal Snake
|-damage|p1a: Immortal Snake|46/100
|-heal|p2a: Yveltal|23/100|[from] drain|[of] p1a: Immortal Snake
|move|p1a: Immortal Snake|Max Quake|p2a: Yveltal
|-damage|p2a: Yveltal|0 fnt
|-boost|p1a: Immortal Snake|spd|1
|faint|p2a: Yveltal
|
|-heal|p1a: Immortal Snake|49/100|[from] item: Leftovers
|upkeep
|
|t:|1652496096
|switch|p2a: Zacian|Zacian-Crowned|100/100
|-ability|p2a: Zacian|Intrepid Sword|boost
|-boost|p2a: Zacian|atk|1
|-end|p1a: Immortal Snake|Dynamax
|-heal|p1a: Immortal Snake|49/100|[silent]
|turn|10
|
|t:|1652496105
|move|p2a: Zacian|Behemoth Blade|p1a: Immortal Snake
|-damage|p1a: Immortal Snake|2/100
|move|p1a: Immortal Snake|Rest|p1a: Immortal Snake
|-status|p1a: Immortal Snake|slp|[from] move: Rest
|-heal|p1a: Immortal Snake|100/100 slp|[silent]
|
|upkeep
|turn|11
|
|t:|1652496112
|move|p2a: Zacian|Swords Dance|p2a: Zacian
|-boost|p2a: Zacian|atk|2
|cant|p1a: Immortal Snake|slp
|move|p1a: Immortal Snake|Sleep Talk|p1a: Immortal Snake
|move|p1a: Immortal Snake|Coil|p1a: Immortal Snake|[from]move: Sleep Talk
|-boost|p1a: Immortal Snake|atk|1
|-boost|p1a: Immortal Snake|def|1
|-boost|p1a: Immortal Snake|accuracy|1
|
|upkeep
|turn|12
|
|t:|1652496120
|move|p2a: Zacian|Behemoth Blade|p1a: Immortal Snake
|-damage|p1a: Immortal Snake|56/100 slp
|cant|p1a: Immortal Snake|slp
|move|p1a: Immortal Snake|Sleep Talk|p1a: Immortal Snake
|move|p1a: Immortal Snake|Coil|p1a: Immortal Snake|[from]move: Sleep Talk
|-boost|p1a: Immortal Snake|atk|1
|-boost|p1a: Immortal Snake|def|1
|-boost|p1a: Immortal Snake|accuracy|1
|
|-heal|p1a: Immortal Snake|62/100 slp|[from] item: Leftovers
|upkeep
|turn|13
|
|t:|1652496131
|move|p2a: Zacian|Behemoth Blade|p1a: Immortal Snake
|-damage|p1a: Immortal Snake|25/100 slp
|-curestatus|p1a: Immortal Snake|slp|[msg]
|move|p1a: Immortal Snake|Thousand Arrows|p2a: Zacian
|-supereffective|p2a: Zacian
|-damage|p2a: Zacian|0 fnt
|faint|p2a: Zacian
|
|-heal|p1a: Immortal Snake|31/100|[from] item: Leftovers
|upkeep
|
|t:|1652496142
|switch|p2a: Marshadow|Marshadow|100/100
|-status|p2a: Marshadow|tox
|turn|14
|
|t:|1652496148
|switch|p1a: Toxic Fish Uno|Kyogre|100/100
|detailschange|p1a: Toxic Fish Uno|Kyogre-Primal
|-primal|p1a: Toxic Fish Uno
|-weather|PrimordialSea|[from] ability: Primordial Sea|[of] p1a: Toxic Fish Uno
|move|p2a: Marshadow|Spectral Thief|p1a: Toxic Fish Uno
|-damage|p1a: Toxic Fish Uno|55/100
|
|-weather|PrimordialSea|[upkeep]
|-damage|p2a: Marshadow|94/100 tox|[from] psn
|upkeep
|turn|15
|
|t:|1652496162
|move|p2a: Marshadow|Close Combat|p1a: Toxic Fish Uno
|-damage|p1a: Toxic Fish Uno|2/100
|-unboost|p2a: Marshadow|def|1
|-unboost|p2a: Marshadow|spd|1
|move|p1a: Toxic Fish Uno|Origin Pulse|p2a: Marshadow
|-damage|p2a: Marshadow|0 fnt
|faint|p2a: Marshadow
|
|-weather|PrimordialSea|[upkeep]
|upkeep
|
|t:|1652496169
|switch|p2a: Rayquaza|Rayquaza|100/100
|-ability|p2a: Rayquaza|Air Lock
|turn|16
|
|t:|1652496180
|detailschange|p2a: Rayquaza|Rayquaza-Mega
|-mega|p2a: Rayquaza|Rayquaza|
|-weather|DeltaStream|[from] ability: Delta Stream|[of] p2a: Rayquaza
|move|p2a: Rayquaza|Extreme Speed|p1a: Toxic Fish Uno
|-damage|p1a: Toxic Fish Uno|0 fnt
|faint|p1a: Toxic Fish Uno
|-damage|p2a: Rayquaza|91/100|[from] item: Life Orb
|
|-weather|DeltaStream|[upkeep]
|upkeep
|
|t:|1652496189
|switch|p1a: 2 for 1 Deal|Calyrex-Shadow|100/100
|-ability|p1a: 2 for 1 Deal|As One
|-ability|p1a: 2 for 1 Deal|Unnerve
|turn|17
|
|t:|1652496194
|move|p1a: 2 for 1 Deal|Astral Barrage|p2a: Rayquaza
|-damage|p2a: Rayquaza|24/100
|move|p2a: Rayquaza|Dragon Ascent|p1a: 2 for 1 Deal
|-enditem|p1a: 2 for 1 Deal|Focus Sash
|-damage|p1a: 2 for 1 Deal|1/100
|-unboost|p2a: Rayquaza|def|1
|-unboost|p2a: Rayquaza|spd|1
|-damage|p2a: Rayquaza|14/100|[from] item: Life Orb
|
|-weather|DeltaStream|[upkeep]
|upkeep
|turn|18
|
|t:|1652496205
|move|p1a: 2 for 1 Deal|Astral Barrage|p2a: Rayquaza
|-damage|p2a: Rayquaza|0 fnt
|faint|p2a: Rayquaza
|-weather|none
|-ability|p1a: 2 for 1 Deal|Grim Neigh|boost
|-boost|p1a: 2 for 1 Deal|spa|1
|
|upkeep
|
|t:|1652496211
|switch|p2a: Calyrex|Calyrex-Shadow|100/100
|-ability|p2a: Calyrex|As One
|-ability|p2a: Calyrex|Unnerve
|-status|p2a: Calyrex|tox
|turn|19
|
|t:|1652496225
|move|p2a: Calyrex|Astral Barrage|p1a: 2 for 1 Deal
|-supereffective|p1a: 2 for 1 Deal
|-damage|p1a: 2 for 1 Deal|0 fnt
|faint|p1a: 2 for 1 Deal
|-ability|p2a: Calyrex|Grim Neigh|boost
|-boost|p2a: Calyrex|spa|1
|
|-damage|p2a: Calyrex|94/100 tox|[from] psn
|upkeep
|
|t:|1652496238
|switch|p1a: Toxic Fish Dos|Dracovish, shiny|100/100
|turn|20
|
|t:|1652496248
|move|p2a: Calyrex|Astral Barrage|p1a: Toxic Fish Dos
|-damage|p1a: Toxic Fish Dos|0 fnt
|faint|p1a: Toxic Fish Dos
|-ability|p2a: Calyrex|Grim Neigh|boost
|-boost|p2a: Calyrex|spa|1
|
|-damage|p2a: Calyrex|82/100 tox|[from] psn
|upkeep
|
|t:|1652496256
|switch|p1a: Immortal Snake|Zygarde-Complete, shiny|31/100
|turn|21
|
|t:|1652496285
|move|p2a: Calyrex|Astral Barrage|p1a: Immortal Snake
|-damage|p1a: Immortal Snake|0 fnt
|faint|p1a: Immortal Snake
|-ability|p2a: Calyrex|Grim Neigh|boost
|-boost|p2a: Calyrex|spa|1
|
|-damage|p2a: Calyrex|64/100 tox|[from] psn
|upkeep
|c|☆97thPhantom|gg
|
|t:|1652496293
|switch|p1a: GHOSTS!|Gengar, F, shiny|100/100
|turn|22
|
|t:|1652496302
|detailschange|p1a: GHOSTS!|Gengar-Mega, F, shiny
|-mega|p1a: GHOSTS!|Gengar|Gengarite
|move|p2a: Calyrex|Astral Barrage|p1a: GHOSTS!
|-supereffective|p1a: GHOSTS!
|-damage|p1a: GHOSTS!|0 fnt
|faint|p1a: GHOSTS!
|
|win|toetoe828
|raw|97thPhantom's rating: 1497 &rarr; <strong>1487</strong><br />(-10 for losing)
|raw|toetoe828's rating: 1686 &rarr; <strong>1696</strong><br />(+10 for winning)
|l|☆97thPhantom
||Ladder isn't responding, score probably updated but might not have (Request timeout).
