|j|☆J040V1P
|j|☆MiguelRRM
|t:|1631572516
|gametype|singles
|player|p1|J040V1P|n|1494
|player|p2|MiguelRRM|lucas|1766
|teamsize|p1|6
|teamsize|p2|6
|gen|8
|tier|[Gen 8] National Dex AG
|rated|
|rule|HP Percentage Mod: HP is shown in percentages
|rule|Endless Battle Clause: Forcing endless battles is banned
|clearpoke
|poke|p1|Arceus-*|
|poke|p1|Vivillon-Marine, M|
|poke|p1|Marshadow|
|poke|p1|Xerneas-*|
|poke|p1|Yveltal|
|poke|p1|Necrozma-Dusk-Mane|
|poke|p2|Marshadow|
|poke|p2|Yveltal|
|poke|p2|Rayquaza|
|poke|p2|Zacian-*|
|poke|p2|Arceus-*|
|poke|p2|Groudon|
|teampreview
|
|t:|1631572536
|start
|switch|p1a: one above all|Arceus-Ground|100/100
|switch|p2a: Arceus|Arceus-Ground|100/100
|turn|1
|
|t:|1631572542
|move|p1a: one above all|Magic Coat|p1a: one above all
|-singleturn|p1a: one above all|move: Magic Coat
|move|p2a: Arceus|Rock Tomb|p1a: one above all
|-resisted|p1a: one above all
|-damage|p1a: one above all|96/100
|-unboost|p1a: one above all|spe|1
|
|upkeep
|turn|2
|j| davidvn44
|
|t:|1631572549
|move|p2a: Arceus|Judgment|p1a: one above all
|-damage|p1a: one above all|60/100
|move|p1a: one above all|Ice Beam|p2a: Arceus
|-supereffective|p2a: Arceus
|-damage|p2a: Arceus|65/100
|
|upkeep
|turn|3
|
|t:|1631572556
|move|p2a: Arceus|Rock Tomb|p1a: one above all
|-resisted|p1a: one above all
|-damage|p1a: one above all|55/100
|-unboost|p1a: one above all|spe|1
|move|p1a: one above all|Ice Beam|p2a: Arceus
|-supereffective|p2a: Arceus
|-damage|p2a: Arceus|28/100
|
|upkeep
|turn|4
|
|t:|1631572564
|move|p2a: Arceus|Recover|p2a: Arceus
|-heal|p2a: Arceus|78/100
|move|p1a: one above all|Recover|p1a: one above all
|-heal|p1a: one above all|100/100
|
|upkeep
|turn|5
|
|t:|1631572570
|move|p2a: Arceus|Judgment|p1a: one above all
|-damage|p1a: one above all|64/100
|move|p1a: one above all|Ice Beam|p2a: Arceus
|-supereffective|p2a: Arceus
|-damage|p2a: Arceus|40/100
|
|upkeep
|turn|6
|
|t:|1631572576
|move|p2a: Arceus|Recover|p2a: Arceus
|-heal|p2a: Arceus|91/100
|move|p1a: one above all|Ice Beam|p2a: Arceus
|-supereffective|p2a: Arceus
|-damage|p2a: Arceus|56/100
|
|upkeep
|turn|7
|
|t:|1631572582
|switch|p2a: Zacian|Zacian-Crowned|100/100
|-ability|p2a: Zacian|Intrepid Sword|boost
|-boost|p2a: Zacian|atk|1
|move|p1a: one above all|Ice Beam|p2a: Zacian
|-resisted|p2a: Zacian
|-damage|p2a: Zacian|89/100
|
|upkeep
|turn|8
|
|t:|1631572591
|switch|p2a: Rayquaza|Rayquaza|100/100
|-ability|p2a: Rayquaza|Air Lock
|switch|p1a: Não passarão!|Necrozma-Dusk-Mane|100/100
|
|upkeep
|turn|9
|
|t:|1631572598
|detailschange|p2a: Rayquaza|Rayquaza-Mega
|-mega|p2a: Rayquaza|Rayquaza|
|-weather|DeltaStream|[from] ability: Delta Stream|[of] p2a: Rayquaza
|move|p2a: Rayquaza|V-create|p1a: Não passarão!
|-supereffective|p1a: Não passarão!
|-damage|p1a: Não passarão!|11/100
|-unboost|p2a: Rayquaza|spe|1
|-unboost|p2a: Rayquaza|def|1
|-unboost|p2a: Rayquaza|spd|1
|-damage|p2a: Rayquaza|84/100|[from] item: Rocky Helmet|[of] p1a: Não passarão!
|-damage|p2a: Rayquaza|74/100|[from] item: Life Orb
|move|p1a: Não passarão!|Thunder Wave|p2a: Rayquaza
|-status|p2a: Rayquaza|par
|
|-weather|DeltaStream|[upkeep]
|upkeep
|turn|10
|
|t:|1631572611
|cant|p2a: Rayquaza|par
|move|p1a: Não passarão!|Morning Sun|p1a: Não passarão!
|-heal|p1a: Não passarão!|61/100
|
|-weather|DeltaStream|[upkeep]
|upkeep
|turn|11
|
|t:|1631572619
|move|p1a: Não passarão!|Sunsteel Strike|p2a: Rayquaza
|-damage|p2a: Rayquaza|5/100 par
|move|p2a: Rayquaza|V-create|p1a: Não passarão!
|-supereffective|p1a: Não passarão!
|-damage|p1a: Não passarão!|0 fnt
|-unboost|p2a: Rayquaza|spe|1
|-unboost|p2a: Rayquaza|def|1
|-unboost|p2a: Rayquaza|spd|1
|-damage|p2a: Rayquaza|0 fnt|[from] item: Rocky Helmet|[of] p1a: Não passarão!
|faint|p1a: Não passarão!
|faint|p2a: Rayquaza
|-weather|none
|
|upkeep
|
|t:|1631572635
|switch|p2a: Zacian|Zacian-Crowned|89/100
|switch|p1a: calyrex hunter|Yveltal|100/100
|-ability|p2a: Zacian|Intrepid Sword|boost
|-boost|p2a: Zacian|atk|1
|-ability|p1a: calyrex hunter|Dark Aura
|turn|12
|
|t:|1631572642
|-start|p1a: calyrex hunter|Dynamax
|-heal|p1a: calyrex hunter|100/100|[silent]
|move|p2a: Zacian|Substitute|p2a: Zacian
|-start|p2a: Zacian|Substitute
|-damage|p2a: Zacian|64/100
|move|p1a: calyrex hunter|Max Flare|p2a: Zacian
|-supereffective|p2a: Zacian
|-end|p2a: Zacian|Substitute
|-weather|SunnyDay
|
|-weather|SunnyDay|[upkeep]
|upkeep
|turn|13
|
|t:|1631572653
|switch|p2a: Groudon|Groudon|100/100
|detailschange|p2a: Groudon|Groudon-Primal
|-primal|p2a: Groudon
|-weather|DesolateLand|[from] ability: Desolate Land|[of] p2a: Groudon
|move|p1a: calyrex hunter|Max Airstream|p2a: Groudon
|-damage|p2a: Groudon|36/100
|-boost|p1a: calyrex hunter|spe|1
|
|-weather|DesolateLand|[upkeep]
|upkeep
|turn|14
|
|t:|1631572663
|move|p1a: calyrex hunter|Max Airstream|p2a: Groudon
|-damage|p2a: Groudon|0 fnt
|-boost|p1a: calyrex hunter|spe|1
|faint|p2a: Groudon
|-weather|none
|
|-end|p1a: calyrex hunter|Dynamax
|-heal|p1a: calyrex hunter|100/100|[silent]
|upkeep
|
|t:|1631572666
|switch|p2a: Marshadow|Marshadow|100/100
|turn|15
|
|t:|1631572673
|move|p1a: calyrex hunter|U-turn|p2a: Marshadow
|-resisted|p2a: Marshadow
|-damage|p2a: Marshadow|95/100
|
|t:|1631572677
|switch|p1a: one above all|Arceus-Ground|64/100|[from]move: U-turn
|move|p2a: Marshadow|Spectral Thief|p1a: one above all
|-damage|p1a: one above all|36/100
|
|upkeep
|turn|16
|
|t:|1631572685
|-start|p2a: Marshadow|Dynamax
|-heal|p2a: Marshadow|95/100|[silent]
|move|p2a: Marshadow|Max Phantasm|p1a: one above all
|-damage|p1a: one above all|0 fnt
|faint|p1a: one above all
|
|upkeep
|
|t:|1631572699
|switch|p1a: 666|Vivillon-Marine, M|100/100
|turn|17
|
|t:|1631572703
|switch|p1a: billy kaplan|Xerneas|100/100
|-ability|p1a: billy kaplan|Fairy Aura
|move|p2a: Marshadow|Max Rockfall|p1a: billy kaplan
|-damage|p1a: billy kaplan|73/100
|-weather|Sandstorm
|
|-weather|Sandstorm|[upkeep]
|-damage|p2a: Marshadow|92/100|[from] Sandstorm
|-damage|p1a: billy kaplan|67/100|[from] Sandstorm
|-heal|p1a: billy kaplan|73/100|[from] item: Leftovers
|upkeep
|turn|18
|
|t:|1631572715
|move|p2a: Marshadow|Max Phantasm|p1a: billy kaplan
|-damage|p1a: billy kaplan|25/100
|-unboost|p1a: billy kaplan|def|1
|move|p1a: billy kaplan|Thunder Wave|p2a: Marshadow
|-status|p2a: Marshadow|par
|
|-weather|Sandstorm|[upkeep]
|-damage|p1a: billy kaplan|19/100|[from] Sandstorm
|-damage|p2a: Marshadow|89/100 par|[from] Sandstorm
|-heal|p1a: billy kaplan|25/100|[from] item: Leftovers
|-end|p2a: Marshadow|Dynamax
|-heal|p2a: Marshadow|89/100 par|[silent]
|upkeep
|turn|19
|
|t:|1631572727
|cant|p2a: Marshadow|par
|move|p1a: billy kaplan|Moonblast|p2a: Marshadow
|-supereffective|p2a: Marshadow
|-damage|p2a: Marshadow|0 fnt
|faint|p2a: Marshadow
|
|-weather|Sandstorm|[upkeep]
|-damage|p1a: billy kaplan|19/100|[from] Sandstorm
|-heal|p1a: billy kaplan|25/100|[from] item: Leftovers
|upkeep
|
|t:|1631572732
|switch|p2a: Zacian|Zacian-Crowned|64/100
|-ability|p2a: Zacian|Intrepid Sword|boost
|-boost|p2a: Zacian|atk|1
|turn|20
|
|t:|1631572744
|move|p2a: Zacian|Behemoth Blade|p1a: billy kaplan
|-supereffective|p1a: billy kaplan
|-damage|p1a: billy kaplan|0 fnt
|faint|p1a: billy kaplan
|
|-weather|Sandstorm|[upkeep]
|upkeep
|
|t:|1631572751
|switch|p1a: Marshadow de Assis|Marshadow|100/100
|turn|21
|
|t:|1631572755
|switch|p2a: Yveltal|Yveltal|100/100
|-ability|p2a: Yveltal|Dark Aura
|move|p1a: Marshadow de Assis|Close Combat|p2a: Yveltal
|-damage|p2a: Yveltal|42/100
|-unboost|p1a: Marshadow de Assis|def|1
|-unboost|p1a: Marshadow de Assis|spd|1
|
|-weather|none
|upkeep
|turn|22
|
|t:|1631572765
|switch|p1a: calyrex hunter|Yveltal|100/100
|-ability|p1a: calyrex hunter|Dark Aura
|move|p2a: Yveltal|Sucker Punch||[still]
|-fail|p2a: Yveltal
|
|upkeep
|turn|23
|
|t:|1631572771
|move|p2a: Yveltal|Oblivion Wing|p1a: calyrex hunter
|-damage|p1a: calyrex hunter|70/100
|-heal|p2a: Yveltal|69/100|[from] drain|[of] p1a: calyrex hunter
|-damage|p2a: Yveltal|59/100|[from] item: Life Orb
|move|p1a: calyrex hunter|Oblivion Wing|p2a: Yveltal
|-damage|p2a: Yveltal|15/100
|-heal|p1a: calyrex hunter|99/100|[from] drain|[of] p2a: Yveltal
|
|upkeep
|turn|24
|
|t:|1631572783
|switch|p2a: Zacian|Zacian-Crowned|64/100
|-ability|p2a: Zacian|Intrepid Sword|boost
|-boost|p2a: Zacian|atk|1
|move|p1a: calyrex hunter|Heat Wave|p2a: Zacian
|-supereffective|p2a: Zacian
|-damage|p2a: Zacian|0 fnt
|faint|p2a: Zacian
|
|upkeep
|-message|MiguelRRM forfeited.
|
|win|J040V1P
|l|☆MiguelRRM
|raw|J040V1P's rating: 1493 &rarr; <strong>1526</strong><br />(+33 for winning)
|raw|MiguelRRM's rating: 1767 &rarr; <strong>1734</strong><br />(-33 for losing)
|l| davidvn44
||Ladder isn't responding, score probably updated but might not have (Request timeout).
