|j|☆iroeweuio
|j|☆Matsui_Miyako
|t:|1662925295
|gametype|singles
|player|p1|iroeweuio|2|1671
|player|p2|Matsui_Miyako|allister|1721
|teamsize|p1|6
|teamsize|p2|6
|gen|8
|tier|[Gen 8] National Dex AG
|rated|
|rule|HP Percentage Mod: HP is shown in percentages
|rule|Endless Battle Clause: Forcing endless battles is banned
|clearpoke
|poke|p1|Chatot, M|
|poke|p1|Weavile, M|
|poke|p1|Giratina-Origin|
|poke|p1|Ditto|
|poke|p1|Breloom, F|
|poke|p1|Wobbuffet, F|
|poke|p2|Yveltal|
|poke|p2|Deoxys-Attack|
|poke|p2|Marshadow|
|poke|p2|Arceus-*|
|poke|p2|Calyrex-Shadow|
|poke|p2|Arceus-*|
|teampreview
|inactive|Battle timer is ON: inactive players will automatically lose when time's up. (requested by Matsui_Miyako)
|
|t:|1662925320
|start
|switch|p1a: Weavile|Weavile, M|100/100
|switch|p2a: Deoxys|Deoxys-Attack|100/100
|-ability|p2a: Deoxys|Pressure
|-ability|p1a: Weavile|Pressure
|turn|1
|
|t:|1662925331
|switch|p1a: Giratina|Giratina-Origin|100/100
|move|p2a: Deoxys|Knock Off|p1a: Giratina
|-supereffective|p1a: Giratina
|-damage|p1a: Giratina|55/100
|
|upkeep
|turn|2
|
|t:|1662925339
|move|p2a: Deoxys|Taunt|p1a: Giratina
|-start|p1a: Giratina|move: Taunt
|move|p1a: Giratina|Shadow Force||[still]
|-prepare|p1a: Giratina|Shadow Force
|
|upkeep
|turn|3
|
|t:|1662925343
|move|p2a: Deoxys|Taunt|p1a: Giratina|[miss]
|-miss|p2a: Deoxys|p1a: Giratina
|move|p1a: Giratina|Shadow Force|p2a: Deoxys|[from]lockedmove
|-supereffective|p2a: Deoxys
|-enditem|p2a: Deoxys|Focus Sash
|-damage|p2a: Deoxys|1/100
|
|upkeep
|turn|4
|
|t:|1662925350
|move|p2a: Deoxys|Knock Off|p1a: Giratina
|-supereffective|p1a: Giratina
|-damage|p1a: Giratina|10/100
|move|p1a: Giratina|Shadow Force||[still]
|-prepare|p1a: Giratina|Shadow Force
|
|-end|p1a: Giratina|move: Taunt
|upkeep
|turn|5
|
|t:|1662925355
|move|p2a: Deoxys|Stealth Rock|p1a: Giratina
|-sidestart|p1: iroeweuio|move: Stealth Rock
|move|p1a: Giratina|Shadow Force|p2a: Deoxys|[from]lockedmove
|-supereffective|p2a: Deoxys
|-damage|p2a: Deoxys|0 fnt
|faint|p2a: Deoxys
|
|upkeep
|
|t:|1662925360
|switch|p2a: Deus|Arceus|100/100
|turn|6
|
|t:|1662925364
|move|p2a: Deus|Shadow Claw|p1a: Giratina
|-supereffective|p1a: Giratina
|-damage|p1a: Giratina|0 fnt
|faint|p1a: Giratina
|
|upkeep
|
|t:|1662925367
|switch|p1a: Breloom|Breloom, F|100/100
|-damage|p1a: Breloom|94/100|[from] Stealth Rock
|turn|7
|
|t:|1662925372
|move|p2a: Deus|Extreme Speed|p1a: Breloom
|-damage|p1a: Breloom|24/100
|move|p1a: Breloom|Spore|p2a: Deus
|-status|p2a: Deus|slp|[from] move: Spore
|
|-status|p1a: Breloom|tox|[from] item: Toxic Orb
|upkeep
|turn|8
|
|t:|1662925376
|-singleturn|p1a: Breloom|move: Focus Punch
|cant|p2a: Deus|slp
|move|p1a: Breloom|Focus Punch|p2a: Deus
|-supereffective|p2a: Deus
|-damage|p2a: Deus|0 fnt
|faint|p2a: Deus
|
|-heal|p1a: Breloom|36/100 tox|[from] ability: Poison Heal
|upkeep
|
|t:|1662925384
|switch|p2a: Pássaro das Trevas|Yveltal|100/100
|-ability|p2a: Pássaro das Trevas|Dark Aura
|turn|9
|
|t:|1662925388
|-start|p2a: Pássaro das Trevas|Dynamax|
|-heal|p2a: Pássaro das Trevas|100/100|[silent]
|move|p2a: Pássaro das Trevas|Max Airstream|p1a: Breloom
|-supereffective|p1a: Breloom
|-damage|p1a: Breloom|0 fnt
|-boost|p2a: Pássaro das Trevas|spe|1
|faint|p1a: Breloom
|
|upkeep
|
|t:|1662925397
|switch|p1a: Weavile|Weavile, M|100/100
|-damage|p1a: Weavile|76/100|[from] Stealth Rock
|-ability|p1a: Weavile|Pressure
|turn|10
|
|t:|1662925401
|-start|p1a: Weavile|Dynamax|
|-heal|p1a: Weavile|76/100|[silent]
|move|p1a: Weavile|Max Guard|p1a: Weavile
|-singleturn|p1a: Weavile|Max Guard
|move|p2a: Pássaro das Trevas|Max Ooze|p1a: Weavile
|-activate|p1a: Weavile|move: Max Guard
|
|-heal|p1a: Weavile|79/100|[from] item: Leftovers
|upkeep
|turn|11
|
|t:|1662925408
|move|p2a: Pássaro das Trevas|Max Flare|p1a: Weavile
|-supereffective|p1a: Weavile
|-crit|p1a: Weavile
|-damage|p1a: Weavile|0 fnt
|-weather|SunnyDay
|faint|p1a: Weavile
|
|-weather|SunnyDay|[upkeep]
|upkeep
|-message|iroeweuio forfeited.
|
|win|Matsui_Miyako
|raw|iroeweuio's rating: 1671 &rarr; <strong>1654</strong><br />(-17 for losing)
|raw|Matsui_Miyako's rating: 1721 &rarr; <strong>1738</strong><br />(+17 for winning)
