|j|☆Hhhhhhhhhhhhx
|j|☆Faiz Kediri Butuh
|t:|1660540205
|gametype|singles
|player|p1|Hhhhhhhhhhhhx|hilbert-wonderlauncher|1410
|player|p2|Faiz Kediri Butuh|morty|1332
|teamsize|p1|6
|teamsize|p2|6
|gen|8
|tier|[Gen 8] National Dex AG
|rated|
|rule|HP Percentage Mod: HP is shown in percentages
|rule|Endless Battle Clause: Forcing endless battles is banned
|clearpoke
|poke|p1|Kyogre|
|poke|p1|Greninja, M|
|poke|p1|Zacian-*|
|poke|p1|Ditto|
|poke|p1|Wobbuffet, M|
|poke|p1|Urshifu-*, M|
|poke|p2|Malamar, F|
|poke|p2|Quagsire, F|
|poke|p2|Clefable, F|
|poke|p2|Zygarde|
|poke|p2|Sandaconda, F|
|poke|p2|Gyarados, F|
|teampreview
|inactive|Battle timer is ON: inactive players will automatically lose when time's up. (requested by Faiz Kediri Butuh)
|
|t:|1660540226
|start
|switch|p1a: Zacian|Zacian-Crowned|100/100
|switch|p2a: Thicc Snake|Sandaconda, F|100/100
|-ability|p1a: Zacian|Intrepid Sword|boost
|-boost|p1a: Zacian|atk|1
|turn|1
|
|t:|1660540237
|switch|p1a: Kyogre|Kyogre|100/100
|-weather|RainDance|[from] ability: Drizzle|[of] p1a: Kyogre
|move|p2a: Thicc Snake|Glare|p1a: Kyogre
|-status|p1a: Kyogre|par
|
|-weather|RainDance|[upkeep]
|upkeep
|turn|2
|
|t:|1660540248
|move|p2a: Thicc Snake|Stealth Rock|p1a: Kyogre
|-sidestart|p1: Hhhhhhhhhhhhx|move: Stealth Rock
|move|p1a: Kyogre|Water Spout|p2a: Thicc Snake
|-supereffective|p2a: Thicc Snake
|-enditem|p2a: Thicc Snake|Focus Sash
|-damage|p2a: Thicc Snake|1/100
|
|-weather|RainDance|[upkeep]
|upkeep
|turn|3
|
|t:|1660540260
|move|p2a: Thicc Snake|Earthquake|p1a: Kyogre
|-damage|p1a: Kyogre|68/100 par
|move|p1a: Kyogre|Water Spout|p2a: Thicc Snake
|-supereffective|p2a: Thicc Snake
|-damage|p2a: Thicc Snake|0 fnt
|faint|p2a: Thicc Snake
|
|-weather|RainDance|[upkeep]
|-heal|p1a: Kyogre|74/100 par|[from] item: Leftovers
|upkeep
|
|t:|1660540280
|switch|p2a: Dark Squidward|Malamar, F|100/100
|turn|4
|
|t:|1660540290
|switch|p1a: Zacian|Zacian-Crowned|100/100
|-damage|p1a: Zacian|94/100|[from] Stealth Rock
|-ability|p1a: Zacian|Intrepid Sword|boost
|-boost|p1a: Zacian|atk|1
|move|p2a: Dark Squidward|Superpower|p1a: Zacian
|-damage|p1a: Zacian|63/100
|-boost|p2a: Dark Squidward|atk|1
|-boost|p2a: Dark Squidward|def|1
|
|-weather|RainDance|[upkeep]
|upkeep
|turn|5
|
|t:|1660540303
|move|p1a: Zacian|Play Rough|p2a: Dark Squidward
|-supereffective|p2a: Dark Squidward
|-damage|p2a: Dark Squidward|0 fnt
|faint|p2a: Dark Squidward
|
|-weather|none
|upkeep
|
|t:|1660540313
|switch|p2a: Cute Gengar|Clefable, F|100/100
|turn|6
|
|t:|1660540317
|move|p1a: Zacian|Behemoth Blade|p2a: Cute Gengar
|-supereffective|p2a: Cute Gengar
|-enditem|p2a: Cute Gengar|Focus Sash
|-damage|p2a: Cute Gengar|1/100
|move|p2a: Cute Gengar|Thunder Wave|p1a: Zacian
|-status|p1a: Zacian|par
|
|upkeep
|turn|7
|
|t:|1660540328
|move|p1a: Zacian|Behemoth Blade|p2a: Cute Gengar
|-supereffective|p2a: Cute Gengar
|-damage|p2a: Cute Gengar|0 fnt
|faint|p2a: Cute Gengar
|
|upkeep
|
|t:|1660540338
|switch|p2a: Asal Lo Tau Ya Dek|Quagsire, F|100/100
|turn|8
|
|t:|1660540354
|move|p1a: Zacian|Play Rough|p2a: Asal Lo Tau Ya Dek
|-damage|p2a: Asal Lo Tau Ya Dek|50/100
|move|p2a: Asal Lo Tau Ya Dek|Earthquake|p1a: Zacian
|-supereffective|p1a: Zacian
|-damage|p1a: Zacian|4/100 par
|
|-heal|p2a: Asal Lo Tau Ya Dek|56/100|[from] item: Leftovers
|upkeep
|turn|9
|
|t:|1660540365
|move|p1a: Zacian|Play Rough|p2a: Asal Lo Tau Ya Dek
|-damage|p2a: Asal Lo Tau Ya Dek|6/100
|move|p2a: Asal Lo Tau Ya Dek|Recover|p2a: Asal Lo Tau Ya Dek
|-heal|p2a: Asal Lo Tau Ya Dek|56/100
|
|-heal|p2a: Asal Lo Tau Ya Dek|62/100|[from] item: Leftovers
|upkeep
|turn|10
|
|t:|1660540379
|cant|p1a: Zacian|par
|move|p2a: Asal Lo Tau Ya Dek|Recover|p2a: Asal Lo Tau Ya Dek
|-heal|p2a: Asal Lo Tau Ya Dek|100/100
|
|upkeep
|turn|11
|
|t:|1660540389
|move|p1a: Zacian|Play Rough|p2a: Asal Lo Tau Ya Dek|[miss]
|-miss|p1a: Zacian|p2a: Asal Lo Tau Ya Dek
|move|p2a: Asal Lo Tau Ya Dek|Earthquake|p1a: Zacian
|-supereffective|p1a: Zacian
|-damage|p1a: Zacian|0 fnt
|faint|p1a: Zacian
|
|upkeep
|
|t:|1660540402
|switch|p1a: Greninja|Greninja, M|100/100
|-damage|p1a: Greninja|88/100|[from] Stealth Rock
|turn|12
|
|t:|1660540409
|move|p1a: Greninja|Dark Pulse|p2a: Asal Lo Tau Ya Dek
|-damage|p2a: Asal Lo Tau Ya Dek|43/100
|move|p2a: Asal Lo Tau Ya Dek|Toxic|p1a: Greninja
|-status|p1a: Greninja|tox
|
|-heal|p2a: Asal Lo Tau Ya Dek|49/100|[from] item: Leftovers
|-damage|p1a: Greninja|82/100 tox|[from] psn
|upkeep
|turn|13
|
|t:|1660540420
|move|p1a: Greninja|Dark Pulse|p2a: Asal Lo Tau Ya Dek
|-damage|p2a: Asal Lo Tau Ya Dek|0 fnt
|faint|p2a: Asal Lo Tau Ya Dek
|-activate|p1a: Greninja|ability: Battle Bond
|detailschange|p1a: Greninja|Greninja-Ash, M
|
|-damage|p1a: Greninja|70/100 tox|[from] psn
|upkeep
|
|t:|1660540434
|switch|p2a: Leviathan|Gyarados, F|100/100
|turn|14
|
|t:|1660540441
|-start|p1a: Greninja|Dynamax|
|-heal|p1a: Greninja|70/100 tox|[silent]
|move|p1a: Greninja|Max Hailstorm|p2a: Leviathan
|-damage|p2a: Leviathan|45/100
|-weather|Hail
|move|p2a: Leviathan|Earthquake|p1a: Greninja
|-damage|p1a: Greninja|44/100 tox
|
|-weather|Hail|[upkeep]
|-damage|p1a: Greninja|41/100 tox|[from] Hail
|-damage|p2a: Leviathan|39/100|[from] Hail
|-damage|p1a: Greninja|32/100 tox|[from] psn
|upkeep
|turn|15
|
|t:|1660540461
|move|p1a: Greninja|Max Hailstorm|p2a: Leviathan
|-damage|p2a: Leviathan|0 fnt
|faint|p2a: Leviathan
|
|-weather|Hail|[upkeep]
|-damage|p1a: Greninja|29/100 tox|[from] Hail
|-damage|p1a: Greninja|17/100 tox|[from] psn
|upkeep
|
|t:|1660540471
|switch|p2a: Digimon Dragon|Zygarde|100/100
|turn|16
|
|t:|1660540476
|-start|p2a: Digimon Dragon|Dynamax|
|-heal|p2a: Digimon Dragon|100/100|[silent]
|move|p2a: Digimon Dragon|Max Guard|p2a: Digimon Dragon
|-singleturn|p2a: Digimon Dragon|Max Guard
|move|p1a: Greninja|Max Hailstorm|p2a: Digimon Dragon
|-activate|p2a: Digimon Dragon|move: Max Guard
|
|-weather|Hail|[upkeep]
|-damage|p1a: Greninja|14/100 tox|[from] Hail
|-damage|p2a: Digimon Dragon|97/100|[from] Hail
|-damage|p1a: Greninja|0 fnt|[from] psn
|faint|p1a: Greninja
|upkeep
|
|t:|1660540491
|switch|p1a: Wobbuffet|Wobbuffet, M|100/100
|-damage|p1a: Wobbuffet|88/100|[from] Stealth Rock
|turn|17
|
|t:|1660540507
|move|p2a: Digimon Dragon|Max Guard||[still]
|-fail|p2a: Digimon Dragon
|move|p1a: Wobbuffet|Counter||[still]
|-fail|p1a: Wobbuffet
|
|-weather|Hail|[upkeep]
|-damage|p2a: Digimon Dragon|94/100|[from] Hail
|-damage|p1a: Wobbuffet|82/100|[from] Hail
|upkeep
|turn|18
|
|t:|1660540518
|move|p2a: Digimon Dragon|Max Guard|p2a: Digimon Dragon
|-singleturn|p2a: Digimon Dragon|Max Guard
|move|p1a: Wobbuffet|Encore|p2a: Digimon Dragon
|-activate|p2a: Digimon Dragon|move: Max Guard
|
|-weather|none
|upkeep
|-end|p2a: Digimon Dragon|Dynamax
|-heal|p2a: Digimon Dragon|94/100|[silent]
|turn|19
|
|t:|1660540528
|switch|p1a: Kyogre|Kyogre|74/100 par
|-damage|p1a: Kyogre|61/100 par|[from] Stealth Rock
|-weather|RainDance|[from] ability: Drizzle|[of] p1a: Kyogre
|move|p2a: Digimon Dragon|Coil|p2a: Digimon Dragon
|-boost|p2a: Digimon Dragon|atk|1
|-boost|p2a: Digimon Dragon|def|1
|-boost|p2a: Digimon Dragon|accuracy|1
|
|-weather|RainDance|[upkeep]
|-heal|p1a: Kyogre|68/100 par|[from] item: Leftovers
|upkeep
|turn|20
|
|t:|1660540544
|switch|p1a: Urshifu|Urshifu-Rapid-Strike, M|100/100
|-damage|p1a: Urshifu|94/100|[from] Stealth Rock
|move|p2a: Digimon Dragon|Thousand Arrows|p1a: Urshifu
|-damage|p1a: Urshifu|25/100
|
|-weather|RainDance|[upkeep]
|upkeep
|turn|21
|l|☆Hhhhhhhhhhhhx
|inactive|Hhhhhhhhhhhhx disconnected and has a minute to reconnect!
|player|p1|
|j|☆Hhhhhhhhhhhhx
|inactive|Hhhhhhhhhhhhx reconnected and has 120 seconds left.
|player|p1|Hhhhhhhhhhhhx|hilbert-wonderlauncher
|
|t:|1660540586
|move|p1a: Urshifu|Surging Strikes|p2a: Digimon Dragon
|-crit|p2a: Digimon Dragon
|-damage|p2a: Digimon Dragon|72/100
|-crit|p2a: Digimon Dragon
|-damage|p2a: Digimon Dragon|51/100
|-crit|p2a: Digimon Dragon
|-damage|p2a: Digimon Dragon|28/100
|-hitcount|p2a: Digimon Dragon|3
|move|p2a: Digimon Dragon|Thousand Arrows|p1a: Urshifu
|-damage|p1a: Urshifu|0 fnt
|faint|p1a: Urshifu
|
|-weather|RainDance|[upkeep]
|-activate|p2a: Digimon Dragon|ability: Power Construct
|detailschange|p2a: Digimon Dragon|Zygarde-Complete
|-heal|p2a: Digimon Dragon|55/100|[silent]
|upkeep
|
|t:|1660540603
|switch|p1a: Ditto|Ditto|100/100
|-damage|p1a: Ditto|88/100|[from] Stealth Rock
|-transform|p1a: Ditto|p2a: Digimon Dragon|[from] ability: Imposter
|turn|22
|inactive|Hhhhhhhhhhhhx has 90 seconds left.
|
|t:|1660540621
|move|p1a: Ditto|Thousand Arrows|p2a: Digimon Dragon
|-damage|p2a: Digimon Dragon|37/100
|move|p2a: Digimon Dragon|Coil|p2a: Digimon Dragon
|-boost|p2a: Digimon Dragon|atk|1
|-boost|p2a: Digimon Dragon|def|1
|-boost|p2a: Digimon Dragon|accuracy|1
|
|-weather|RainDance|[upkeep]
|upkeep
|turn|23
|inactive|Hhhhhhhhhhhhx has 90 seconds left.
|
|t:|1660540634
|switch|p1a: Kyogre|Kyogre|68/100 par
|-damage|p1a: Kyogre|55/100 par|[from] Stealth Rock
|move|p2a: Digimon Dragon|Thousand Arrows|p1a: Kyogre
|-damage|p1a: Kyogre|0 fnt
|faint|p1a: Kyogre
|
|-weather|none
|upkeep
|inactive|Hhhhhhhhhhhhx has 90 seconds left.
|
|t:|1660540646
|switch|p1a: Wobbuffet|Wobbuffet, M|82/100
|-damage|p1a: Wobbuffet|69/100|[from] Stealth Rock
|turn|24
|inactive|Hhhhhhhhhhhhx has 90 seconds left.
|
|t:|1660540652
|move|p2a: Digimon Dragon|Coil|p2a: Digimon Dragon
|-boost|p2a: Digimon Dragon|atk|1
|-boost|p2a: Digimon Dragon|def|1
|-boost|p2a: Digimon Dragon|accuracy|1
|move|p1a: Wobbuffet|Counter||[still]
|-fail|p1a: Wobbuffet
|
|upkeep
|turn|25
|
|t:|1660540660
|move|p2a: Digimon Dragon|Coil|p2a: Digimon Dragon
|-boost|p2a: Digimon Dragon|atk|1
|-boost|p2a: Digimon Dragon|def|1
|-boost|p2a: Digimon Dragon|accuracy|1
|move|p1a: Wobbuffet|Counter||[still]
|-fail|p1a: Wobbuffet
|
|upkeep
|turn|26
|
|t:|1660540669
|move|p2a: Digimon Dragon|Crunch|p1a: Wobbuffet
|-supereffective|p1a: Wobbuffet
|-damage|p1a: Wobbuffet|0 fnt
|faint|p1a: Wobbuffet
|
|upkeep
|
|t:|1660540675
|switch|p1a: Ditto|Ditto|88/100
|-damage|p1a: Ditto|76/100|[from] Stealth Rock
|-transform|p1a: Ditto|p2a: Digimon Dragon|[from] ability: Imposter
|turn|27
|
|t:|1660540683
|move|p1a: Ditto|Crunch|p2a: Digimon Dragon
|-damage|p2a: Digimon Dragon|27/100
|move|p2a: Digimon Dragon|Coil|p2a: Digimon Dragon
|-boost|p2a: Digimon Dragon|atk|1
|-boost|p2a: Digimon Dragon|def|1
|-boost|p2a: Digimon Dragon|accuracy|1
|
|upkeep
|turn|28
|
|t:|1660540694
|move|p1a: Ditto|Crunch|p2a: Digimon Dragon
|-damage|p2a: Digimon Dragon|17/100
|-enditem|p2a: Digimon Dragon|Salac Berry|[eat]
|-boost|p2a: Digimon Dragon|spe|1|[from] item: Salac Berry
|move|p2a: Digimon Dragon|Coil|p2a: Digimon Dragon
|-boost|p2a: Digimon Dragon|atk|1
|-boost|p2a: Digimon Dragon|def|1
|-boost|p2a: Digimon Dragon|accuracy|1
|
|upkeep
|turn|29
|
|t:|1660540704
|move|p1a: Ditto|Crunch|p2a: Digimon Dragon
|-damage|p2a: Digimon Dragon|9/100
|move|p2a: Digimon Dragon|Thousand Arrows|p1a: Ditto
|-damage|p1a: Ditto|28/100
|
|upkeep
|turn|30
|
|t:|1660540713
|move|p2a: Digimon Dragon|Thousand Arrows|p1a: Ditto
|-damage|p1a: Ditto|0 fnt
|faint|p1a: Ditto
|
|win|Faiz Kediri Butuh
|raw|Hhhhhhhhhhhhx's rating: 1410 &rarr; <strong>1386</strong><br />(-24 for losing)
|raw|Faiz Kediri Butuh's rating: 1332 &rarr; <strong>1356</strong><br />(+24 for winning)
|l|☆Hhhhhhhhhhhhx
|c|☆Faiz Kediri Butuh|Gg
