|j|☆Dragomer Ayaren
|j|☆RUiNtheExtinct
|t:|1639064887
|gametype|singles
|player|p1|Dragomer Ayaren|biker-gen3|1727
|player|p2|RUiNtheExtinct|red-gen7|1681
|teamsize|p1|6
|teamsize|p2|6
|gen|8
|tier|[Gen 8] National Dex AG
|rated|
|rule|HP Percentage Mod: HP is shown in percentages
|rule|Endless Battle Clause: Forcing endless battles is banned
|clearpoke
|poke|p1|Arceus-*|
|poke|p1|Calyrex-Shadow|
|poke|p1|Arceus-*|
|poke|p1|Marshadow|
|poke|p1|Deoxys-Speed|
|poke|p1|Yveltal|
|poke|p2|Deoxys-Speed|
|poke|p2|Calyrex-Shadow|
|poke|p2|Ditto|
|poke|p2|Yveltal|
|poke|p2|Necrozma-Dusk-Mane|
|poke|p2|Xerneas-*|
|teampreview
|inactive|Battle timer is ON: inactive players will automatically lose when time's up. (requested by Dragomer Ayaren)
|
|t:|1639064896
|start
|switch|p1a: Rápido|Deoxys-Speed|100/100
|switch|p2a: Deoxys|Deoxys-Speed|100/100
|-ability|p1a: Rápido|Pressure
|-ability|p2a: Deoxys|Pressure
|turn|1
|inactive|RUiNtheExtinct has 120 seconds left.
|inactive|RUiNtheExtinct has 90 seconds left.
|
|t:|1639064960
|move|p1a: Rápido|Taunt|p2a: Deoxys
|-start|p2a: Deoxys|move: Taunt
|move|p2a: Deoxys|Knock Off|p1a: Rápido
|-supereffective|p1a: Rápido
|-damage|p1a: Rápido|33/100
|-enditem|p1a: Rápido|Focus Sash|[from] move: Knock Off|[of] p2a: Deoxys
|
|upkeep
|turn|2
|inactive|RUiNtheExtinct has 90 seconds left.
|
|t:|1639064989
|move|p2a: Deoxys|Knock Off|p1a: Rápido
|-supereffective|p1a: Rápido
|-damage|p1a: Rápido|0 fnt
|faint|p1a: Rápido
|
|upkeep
|
|t:|1639064998
|switch|p1a: Titã|Arceus-Ground|100/100
|turn|3
|
|t:|1639065017
|move|p2a: Deoxys|Knock Off|p1a: Titã
|-damage|p1a: Titã|89/100
|move|p1a: Titã|Earth Power|p2a: Deoxys
|-damage|p2a: Deoxys|35/100
|
|-end|p2a: Deoxys|move: Taunt
|upkeep
|turn|4
|inactive|RUiNtheExtinct has 60 seconds left.
|
|t:|1639065052
|move|p2a: Deoxys|Stealth Rock|p1a: Titã
|-sidestart|p1: Dragomer Ayaren|move: Stealth Rock
|move|p1a: Titã|Stealth Rock|p2a: Deoxys
|-sidestart|p2: RUiNtheExtinct|move: Stealth Rock
|
|upkeep
|turn|5
|
|t:|1639065057
|move|p2a: Deoxys|Toxic|p1a: Titã|[miss]
|-miss|p2a: Deoxys|p1a: Titã
|move|p1a: Titã|Earth Power|p2a: Deoxys
|-damage|p2a: Deoxys|0 fnt
|faint|p2a: Deoxys
|
|upkeep
|inactive|RUiNtheExtinct has 60 seconds left.
|
|t:|1639065063
|switch|p2a: Necrozma|Necrozma-Dusk-Mane|100/100
|-damage|p2a: Necrozma|94/100|[from] Stealth Rock
|turn|6
|inactive|RUiNtheExtinct has 60 seconds left.
|inactive|RUiNtheExtinct has 30 seconds left.
|
|t:|1639065105
|-zpower|p1a: Titã
|move|p1a: Titã|Tectonic Rage|p2a: Necrozma|[zeffect]
|-supereffective|p2a: Necrozma
|-damage|p2a: Necrozma|0 fnt
|faint|p2a: Necrozma
|
|upkeep
|inactive|RUiNtheExtinct has 30 seconds left.
|
|t:|1639065113
|switch|p2a: Xerneas|Xerneas|100/100
|-damage|p2a: Xerneas|88/100|[from] Stealth Rock
|-ability|p2a: Xerneas|Fairy Aura
|turn|7
|
|t:|1639065121
|move|p2a: Xerneas|Geomancy||[still]
|-prepare|p2a: Xerneas|Geomancy
|-enditem|p2a: Xerneas|Power Herb
|-anim|p2a: Xerneas|Geomancy|p2a: Xerneas
|-boost|p2a: Xerneas|spa|2
|-boost|p2a: Xerneas|spd|2
|-boost|p2a: Xerneas|spe|2
|move|p1a: Titã|Roar|p2a: Xerneas
|drag|p2a: Ditto|Ditto|100/100
|-damage|p2a: Ditto|88/100|[from] Stealth Rock
|-transform|p2a: Ditto|p1a: Titã|[from] ability: Imposter
|
|upkeep
|turn|8
|inactive|RUiNtheExtinct has 30 seconds left.
|
|t:|1639065136
|switch|p2a: Xerneas|Xerneas|88/100
|-damage|p2a: Xerneas|76/100|[from] Stealth Rock
|-ability|p2a: Xerneas|Fairy Aura
|move|p1a: Titã|Ice Beam|p2a: Xerneas
|-damage|p2a: Xerneas|53/100
|
|upkeep
|turn|9
|inactive|RUiNtheExtinct has 30 seconds left.
|
|t:|1639065153
|move|p1a: Titã|Earth Power|p2a: Xerneas
|-damage|p2a: Xerneas|16/100
|move|p2a: Xerneas|Moonblast|p1a: Titã
|-damage|p1a: Titã|31/100
|-unboost|p1a: Titã|spa|1
|
|upkeep
|turn|10
|inactive|RUiNtheExtinct has 30 seconds left.
|
|t:|1639065165
|move|p1a: Titã|Ice Beam|p2a: Xerneas
|-damage|p2a: Xerneas|0 fnt
|faint|p2a: Xerneas
|
|upkeep
|inactive|RUiNtheExtinct has 30 seconds left this turn.
|inactive|RUiNtheExtinct has 20 seconds left.
|inactive|RUiNtheExtinct has 15 seconds left.
|inactive|RUiNtheExtinct has 10 seconds left.
|
|t:|1639065188
|switch|p2a: Calyrex|Calyrex-Shadow|100/100
|-ability|p2a: Calyrex|As One
|-ability|p2a: Calyrex|Unnerve
|-damage|p2a: Calyrex|88/100|[from] Stealth Rock
|turn|11
|inactive|RUiNtheExtinct has 20 seconds left this turn.
|inactive|RUiNtheExtinct has 15 seconds left.
|inactive|RUiNtheExtinct has 10 seconds left.
|
|t:|1639065200
|move|p2a: Calyrex|Astral Barrage|p1a: Titã
|-damage|p1a: Titã|0 fnt
|faint|p1a: Titã
|-ability|p2a: Calyrex|Grim Neigh|boost
|-boost|p2a: Calyrex|spa|1
|
|upkeep
|inactive|RUiNtheExtinct has 15 seconds left this turn.
|
|t:|1639065206
|switch|p1a: Sombra|Marshadow|100/100
|-damage|p1a: Sombra|94/100|[from] Stealth Rock
|turn|12
|inactive|RUiNtheExtinct has 25 seconds left this turn.
|
|t:|1639065210
|-start|p2a: Calyrex|Dynamax
|-heal|p2a: Calyrex|88/100|[silent]
|move|p1a: Sombra|Shadow Sneak|p2a: Calyrex
|-supereffective|p2a: Calyrex
|-damage|p2a: Calyrex|12/100
|move|p2a: Calyrex|Max Mindstorm|p1a: Sombra
|-supereffective|p1a: Sombra
|-damage|p1a: Sombra|0 fnt
|-fieldstart|move: Psychic Terrain
|faint|p1a: Sombra
|-ability|p2a: Calyrex|Grim Neigh|boost
|-boost|p2a: Calyrex|spa|1
|
|upkeep
|inactive|RUiNtheExtinct has 30 seconds left this turn.
|
|t:|1639065220
|switch|p1a: Cavaleiro Fantasma|Calyrex-Shadow|100/100
|-ability|p1a: Cavaleiro Fantasma|As One
|-ability|p1a: Cavaleiro Fantasma|Unnerve
|-damage|p1a: Cavaleiro Fantasma|88/100|[from] Stealth Rock
|turn|13
|
|t:|1639065226
|move|p1a: Cavaleiro Fantasma|Astral Barrage|p2a: Calyrex
|-supereffective|p2a: Calyrex
|-damage|p2a: Calyrex|0 fnt
|faint|p2a: Calyrex
|-ability|p1a: Cavaleiro Fantasma|Grim Neigh|boost
|-boost|p1a: Cavaleiro Fantasma|spa|1
|
|upkeep
|
|t:|1639065233
|switch|p2a: Ditto|Ditto|88/100
|-damage|p2a: Ditto|76/100|[from] Stealth Rock
|-transform|p2a: Ditto|p1a: Cavaleiro Fantasma|[from] ability: Imposter
|turn|14
|
|t:|1639065242
|switch|p1a: Deus|Arceus, shiny|100/100
|-damage|p1a: Deus|88/100|[from] Stealth Rock
|move|p2a: Ditto|Astral Barrage|p1a: Deus
|-immune|p1a: Deus
|
|upkeep
|turn|15
|
|t:|1639065251
|switch|p2a: Yveltal|Yveltal|100/100
|-damage|p2a: Yveltal|76/100|[from] Stealth Rock
|-ability|p2a: Yveltal|Dark Aura
|move|p1a: Deus|Swords Dance|p1a: Deus
|-boost|p1a: Deus|atk|2
|
|upkeep
|turn|16
|c|☆RUiNtheExtinct|gg
|-message|RUiNtheExtinct forfeited.
|
|win|Dragomer Ayaren
|raw|Dragomer Ayaren's rating: 1727 &rarr; <strong>1744</strong><br />(+17 for winning)
|raw|RUiNtheExtinct's rating: 1681 &rarr; <strong>1664</strong><br />(-17 for losing)
|l|☆RUiNtheExtinct
|j| pokemasterbrendan
||Ladder isn't responding, score probably updated but might not have (Request timeout).
