|j|☆Goku Uchiha 2001
|j|☆utvsutvs
|t:|1664897858
|gametype|singles
|player|p1|Goku Uchiha 2001|blue-gen3two|1756
|player|p2|utvsutvs|102|1907
|teamsize|p1|6
|teamsize|p2|6
|gen|8
|tier|[Gen 8] National Dex AG
|rated|
|rule|HP Percentage Mod: HP is shown in percentages
|rule|Endless Battle Clause: Forcing endless battles is banned
|clearpoke
|poke|p1|Zygarde|
|poke|p1|Ditto|
|poke|p1|Arceus-*|
|poke|p1|Ho-Oh|
|poke|p1|Necrozma-Dusk-Mane|
|poke|p1|Arceus-*|
|poke|p2|Smeargle, M|
|poke|p2|Deoxys-Speed|
|poke|p2|Zapdos-Galar|
|poke|p2|Alakazam, F|
|poke|p2|Zekrom|
|poke|p2|Krookodile, F|
|teampreview
|inactive|Battle timer is ON: inactive players will automatically lose when time's up. (requested by Goku Uchiha 2001)
|
|t:|1664897876
|start
|switch|p1a: 👑|Arceus|100/100
|switch|p2a: Smeargle|Smeargle, M|100/100
|turn|1
|
|t:|1664897887
|move|p1a: 👑|Extreme Speed|p2a: Smeargle
|-enditem|p2a: Smeargle|Focus Sash
|-damage|p2a: Smeargle|1/100
|move|p2a: Smeargle|Nuzzle|p1a: 👑
|-damage|p1a: 👑|98/100
|-status|p1a: 👑|par
|-enditem|p1a: 👑|Lum Berry|[eat]
|-curestatus|p1a: 👑|par|[msg]
|
|upkeep
|turn|2
|
|t:|1664897893
|move|p1a: 👑|Extreme Speed|p2a: Smeargle
|-damage|p2a: Smeargle|0 fnt
|faint|p2a: Smeargle
|
|upkeep
|
|t:|1664897915
|switch|p2a: Zapdos|Zapdos-Galar|100/100
|turn|3
|
|t:|1664897920
|switch|p1a: Necrozma|Necrozma-Dusk-Mane|100/100
|move|p2a: Zapdos|Close Combat|p1a: Necrozma
|-damage|p1a: Necrozma|58/100
|-unboost|p2a: Zapdos|def|1
|-unboost|p2a: Zapdos|spd|1
|-damage|p2a: Zapdos|84/100|[from] item: Rocky Helmet|[of] p1a: Necrozma
|-damage|p2a: Zapdos|74/100|[from] item: Life Orb
|
|upkeep
|turn|4
|
|t:|1664897928
|switch|p2a: Deoxys|Deoxys-Speed|100/100
|-ability|p2a: Deoxys|Pressure
|move|p1a: Necrozma|Stealth Rock|p2a: Deoxys
|-sidestart|p2: utvsutvs|move: Stealth Rock
|
|upkeep
|turn|5
|
|t:|1664897932
|move|p2a: Deoxys|Taunt|p1a: Necrozma
|-start|p1a: Necrozma|move: Taunt
|cant|p1a: Necrozma|move: Taunt|Moonlight
|
|upkeep
|turn|6
|
|t:|1664897938
|move|p2a: Deoxys|Stealth Rock|p1a: Necrozma
|-sidestart|p1: Goku Uchiha 2001|move: Stealth Rock
|move|p1a: Necrozma|Sunsteel Strike|p2a: Deoxys
|-damage|p2a: Deoxys|53/100
|-damage|p1a: Necrozma|41/100|[from] item: Rocky Helmet|[of] p2a: Deoxys
|
|upkeep
|turn|7
|
|t:|1664897942
|move|p2a: Deoxys|Spikes|p1a: Necrozma
|-sidestart|p1: Goku Uchiha 2001|Spikes
|move|p1a: Necrozma|Sunsteel Strike|p2a: Deoxys
|-damage|p2a: Deoxys|0 fnt
|-damage|p1a: Necrozma|25/100|[from] item: Rocky Helmet|[of] p2a: Deoxys
|faint|p2a: Deoxys
|
|-end|p1a: Necrozma|move: Taunt
|upkeep
|
|t:|1664897947
|switch|p2a: Krookodile|Krookodile, F|100/100
|-damage|p2a: Krookodile|94/100|[from] Stealth Rock
|turn|8
|
|t:|1664897958
|switch|p1a: White Devil 😈|Zygarde, shiny|100/100
|-damage|p1a: White Devil 😈|94/100|[from] Stealth Rock
|-damage|p1a: White Devil 😈|82/100|[from] Spikes
|move|p2a: Krookodile|Earthquake|p1a: White Devil 😈
|-damage|p1a: White Devil 😈|49/100
|-damage|p2a: Krookodile|84/100|[from] item: Life Orb
|
|-heal|p1a: White Devil 😈|55/100|[from] item: Leftovers
|upkeep
|turn|9
|
|t:|1664897963
|move|p2a: Krookodile|Taunt|p1a: White Devil 😈
|-start|p1a: White Devil 😈|move: Taunt
|cant|p1a: White Devil 😈|move: Taunt|Glare
|
|-heal|p1a: White Devil 😈|61/100|[from] item: Leftovers
|upkeep
|turn|10
|
|t:|1664897969
|move|p2a: Krookodile|Knock Off|p1a: White Devil 😈
|-damage|p1a: White Devil 😈|32/100
|-enditem|p1a: White Devil 😈|Leftovers|[from] move: Knock Off|[of] p2a: Krookodile
|-damage|p2a: Krookodile|75/100|[from] item: Life Orb
|move|p1a: White Devil 😈|Thousand Arrows|p2a: Krookodile
|-damage|p2a: Krookodile|36/100
|
|-activate|p1a: White Devil 😈|ability: Power Construct
|detailschange|p1a: White Devil 😈|Zygarde-Complete, shiny
|-heal|p1a: White Devil 😈|55/100|[silent]
|upkeep
|turn|11
|
|t:|1664897972
|move|p2a: Krookodile|Earthquake|p1a: White Devil 😈
|-damage|p1a: White Devil 😈|33/100
|-damage|p2a: Krookodile|26/100|[from] item: Life Orb
|move|p1a: White Devil 😈|Thousand Arrows|p2a: Krookodile
|-damage|p2a: Krookodile|0 fnt
|faint|p2a: Krookodile
|
|-end|p1a: White Devil 😈|move: Taunt
|upkeep
|
|t:|1664897984
|switch|p2a: Zekrom|Zekrom|100/100
|-damage|p2a: Zekrom|88/100|[from] Stealth Rock
|-ability|p2a: Zekrom|Teravolt
|turn|12
|
|t:|1664897991
|move|p2a: Zekrom|Dragon Claw|p1a: White Devil 😈
|-supereffective|p1a: White Devil 😈
|-damage|p1a: White Devil 😈|0 fnt
|faint|p1a: White Devil 😈
|
|upkeep
|
|t:|1664898000
|switch|p1a: 🌊|Arceus-Water|100/100
|-damage|p1a: 🌊|88/100|[from] Stealth Rock
|-damage|p1a: 🌊|76/100|[from] Spikes
|turn|13
|
|t:|1664898029
|move|p2a: Zekrom|Dragon Dance|p2a: Zekrom
|-boost|p2a: Zekrom|atk|1
|-boost|p2a: Zekrom|spe|1
|move|p1a: 🌊|Toxic|p2a: Zekrom
|-status|p2a: Zekrom|tox
|
|-damage|p2a: Zekrom|82/100 tox|[from] psn
|upkeep
|turn|14
|
|t:|1664898034
|-start|p2a: Zekrom|Dynamax|
|-heal|p2a: Zekrom|82/100 tox|[silent]
|move|p2a: Zekrom|Max Lightning|p1a: 🌊
|-supereffective|p1a: 🌊
|-damage|p1a: 🌊|0 fnt
|-fieldstart|move: Electric Terrain
|faint|p1a: 🌊
|
|-damage|p2a: Zekrom|76/100 tox|[from] psn
|upkeep
|
|t:|1664898040
|switch|p1a: Necrozma|Necrozma-Dusk-Mane|25/100
|-damage|p1a: Necrozma|19/100|[from] Stealth Rock
|-damage|p1a: Necrozma|7/100|[from] Spikes
|turn|15
|
|t:|1664898044
|move|p2a: Zekrom|Max Wyrmwind|p1a: Necrozma
|-resisted|p1a: Necrozma
|-damage|p1a: Necrozma|0 fnt
|faint|p1a: Necrozma
|
|-damage|p2a: Zekrom|67/100 tox|[from] psn
|upkeep
|
|t:|1664898046
|switch|p1a: Ho-Oh|Ho-Oh|100/100
|turn|16
|
|t:|1664898050
|move|p2a: Zekrom|Max Lightning|p1a: Ho-Oh
|-supereffective|p1a: Ho-Oh
|-damage|p1a: Ho-Oh|0 fnt
|faint|p1a: Ho-Oh
|
|-damage|p2a: Zekrom|54/100 tox|[from] psn
|upkeep
|
|t:|1664898053
|switch|p1a: Kriti Sanon💋|Ditto|100/100
|-damage|p1a: Kriti Sanon💋|88/100|[from] Stealth Rock
|-damage|p1a: Kriti Sanon💋|76/100|[from] Spikes
|-transform|p1a: Kriti Sanon💋|p2a: Zekrom|[from] ability: Imposter
|-ability|p1a: Kriti Sanon💋|Teravolt
|-end|p2a: Zekrom|Dynamax
|-heal|p2a: Zekrom|54/100 tox|[silent]
|turn|17
|
|t:|1664898055
|move|p1a: Kriti Sanon💋|Dragon Claw|p2a: Zekrom
|-supereffective|p2a: Zekrom
|-enditem|p2a: Zekrom|Haban Berry|[eat]
|-enditem|p2a: Zekrom|Haban Berry|[weaken]
|-damage|p2a: Zekrom|0 fnt
|faint|p2a: Zekrom
|
|upkeep
|
|t:|1664898060
|switch|p2a: Alakazam|Alakazam, F|100/100
|turn|18
|
|t:|1664898065
|move|p1a: Kriti Sanon💋|Dragon Claw|p2a: Alakazam
|-enditem|p2a: Alakazam|Focus Sash
|-damage|p2a: Alakazam|1/100
|move|p2a: Alakazam|Counter|p1a: Kriti Sanon💋
|-damage|p1a: Kriti Sanon💋|0 fnt
|faint|p1a: Kriti Sanon💋
|
|-fieldend|move: Electric Terrain
|upkeep
|
|t:|1664898069
|switch|p1a: 👑|Arceus|98/100
|-damage|p1a: 👑|86/100|[from] Stealth Rock
|-damage|p1a: 👑|74/100|[from] Spikes
|turn|19
|
|t:|1664898080
|move|p1a: 👑|Extreme Speed|p2a: Alakazam
|-damage|p2a: Alakazam|0 fnt
|faint|p2a: Alakazam
|
|upkeep
|
|t:|1664898088
|switch|p2a: Zapdos|Zapdos-Galar|74/100
|-damage|p2a: Zapdos|62/100|[from] Stealth Rock
|turn|20
|
|t:|1664898091
|-start|p1a: 👑|Dynamax|
|-heal|p1a: 👑|74/100|[silent]
|move|p2a: Zapdos|Close Combat|p1a: 👑
|-supereffective|p1a: 👑
|-crit|p1a: 👑
|-damage|p1a: 👑|0 fnt
|-unboost|p2a: Zapdos|def|1
|-unboost|p2a: Zapdos|spd|1
|faint|p1a: 👑
|-damage|p2a: Zapdos|52/100|[from] item: Life Orb
|
|win|utvsutvs
|raw|Goku Uchiha 2001's rating: 1756 &rarr; <strong>1744</strong><br />(-12 for losing)
|raw|utvsutvs's rating: 1907 &rarr; <strong>1919</strong><br />(+12 for winning)
|l|☆Goku Uchiha 2001
||Ladder isn't responding, score probably updated but might not have (Request timeout).
