|j|☆Cold Finally
|j|☆High ladder bros
|inactive|Battle timer is ON: inactive players will automatically lose when time's up.
|t:|1662602656
|gametype|singles
|player|p1|Cold Finally|allister|
|player|p2|High ladder bros|adaman|
|teamsize|p1|6
|teamsize|p2|6
|gen|8
|tier|[Gen 8] National Dex AG
|rated|Tournament battle
|rule|HP Percentage Mod: HP is shown in percentages
|rule|Endless Battle Clause: Forcing endless battles is banned
|clearpoke
|poke|p1|Rayquaza|
|poke|p1|Zacian-*|
|poke|p1|Deoxys-Attack|
|poke|p1|Kyogre|
|poke|p1|Necrozma-Dusk-Mane|
|poke|p1|Deoxys-Speed|
|poke|p2|Arceus-*|
|poke|p2|Groudon|
|poke|p2|Necrozma-Dusk-Mane|
|poke|p2|Rayquaza|
|poke|p2|Arceus-*|
|poke|p2|Arceus-*|
|teampreview
|inactive|High ladder bros also wants the timer to be on.
|j| BrillaintStar
|
|t:|1662602672
|start
|switch|p1a: Deoxys|Deoxys-Speed|100/100
|switch|p2a: Arceus|Arceus-Dark, shiny|100/100
|-ability|p1a: Deoxys|Pressure
|turn|1
|
|t:|1662602683
|move|p2a: Arceus|Magic Coat|p2a: Arceus
|-singleturn|p2a: Arceus|move: Magic Coat
|move|p1a: Deoxys|Taunt|p2a: Arceus
|move|p2a: Arceus|Taunt|p1a: Deoxys|[from]Magic Coat
|-start|p1a: Deoxys|move: Taunt
|
|upkeep
|turn|2
|
|t:|1662602709
|switch|p1a: Zacian|Zacian-Crowned|100/100
|-ability|p1a: Zacian|Intrepid Sword|boost
|-boost|p1a: Zacian|atk|1
|move|p2a: Arceus|Judgment|p1a: Zacian
|-resisted|p1a: Zacian
|-damage|p1a: Zacian|78/100
|
|upkeep
|turn|3
|inactive|Cold Finally has 120 seconds left.
|
|t:|1662602726
|switch|p2a: Groudon|Groudon, shiny|100/100
|detailschange|p2a: Groudon|Groudon-Primal, shiny
|-primal|p2a: Groudon
|-weather|DesolateLand|[from] ability: Desolate Land|[of] p2a: Groudon
|move|p1a: Zacian|Wild Charge|p2a: Groudon
|-immune|p2a: Groudon
|
|-weather|DesolateLand|[upkeep]
|upkeep
|turn|4
|
|t:|1662602732
|switch|p1a: Kyogre|Kyogre|100/100
|detailschange|p1a: Kyogre|Kyogre-Primal
|-primal|p1a: Kyogre
|-weather|PrimordialSea|[from] ability: Primordial Sea|[of] p1a: Kyogre
|move|p2a: Groudon|Stealth Rock|p1a: Kyogre
|-sidestart|p1: Cold Finally|move: Stealth Rock
|
|-weather|PrimordialSea|[upkeep]
|upkeep
|turn|5
|
|t:|1662602740
|switch|p2a: Rayquaza|Rayquaza|100/100
|-ability|p2a: Rayquaza|Air Lock
|move|p1a: Kyogre|Calm Mind|p1a: Kyogre
|-boost|p1a: Kyogre|spa|1
|-boost|p1a: Kyogre|spd|1
|
|-weather|PrimordialSea|[upkeep]
|upkeep
|turn|6
|j| AveragePkmnPlayR
|
|t:|1662602747
|detailschange|p2a: Rayquaza|Rayquaza-Mega
|-mega|p2a: Rayquaza|Rayquaza|
|-weather|DeltaStream|[from] ability: Delta Stream|[of] p2a: Rayquaza
|move|p2a: Rayquaza|Dragon Ascent|p1a: Kyogre
|-damage|p1a: Kyogre|0 fnt
|-unboost|p2a: Rayquaza|def|1
|-unboost|p2a: Rayquaza|spd|1
|faint|p1a: Kyogre
|
|-weather|DeltaStream|[upkeep]
|upkeep
|l| AveragePkmnPlayR
|
|t:|1662602762
|switch|p1a: Deoxys|Deoxys-Attack|100/100
|-damage|p1a: Deoxys|88/100|[from] Stealth Rock
|-ability|p1a: Deoxys|Pressure
|turn|7
|
|t:|1662602771
|-weather|none
|switch|p2a: Arceus|Arceus-Dark, shiny|100/100
|move|p1a: Deoxys|Ice Beam|p2a: Arceus
|-damage|p2a: Arceus|79/100
|
|upkeep
|turn|8
|
|t:|1662602781
|switch|p1a: Zacian|Zacian-Crowned|78/100
|-damage|p1a: Zacian|72/100|[from] Stealth Rock
|-ability|p1a: Zacian|Intrepid Sword|boost
|-boost|p1a: Zacian|atk|1
|move|p2a: Arceus|Judgment|p1a: Zacian
|-resisted|p1a: Zacian
|-damage|p1a: Zacian|49/100
|
|upkeep
|turn|9
|
|t:|1662602786
|switch|p2a: Groudon|Groudon-Primal, shiny|100/100
|-weather|DesolateLand|[from] ability: Desolate Land|[of] p2a: Groudon
|move|p1a: Zacian|Behemoth Blade|p2a: Groudon
|-resisted|p2a: Groudon
|-damage|p2a: Groudon|80/100
|
|-weather|DesolateLand|[upkeep]
|upkeep
|turn|10
|j| FoxiiGames
|
|t:|1662602795
|move|p1a: Zacian|Close Combat|p2a: Groudon
|-damage|p2a: Groudon|46/100
|-unboost|p1a: Zacian|def|1
|-unboost|p1a: Zacian|spd|1
|move|p2a: Groudon|Rock Tomb|p1a: Zacian
|-resisted|p1a: Zacian
|-damage|p1a: Zacian|32/100
|-unboost|p1a: Zacian|spe|1
|
|-weather|DesolateLand|[upkeep]
|upkeep
|turn|11
|l| FoxiiGames
|
|t:|1662602800
|move|p1a: Zacian|Close Combat|p2a: Groudon
|-damage|p2a: Groudon|12/100
|-unboost|p1a: Zacian|def|1
|-unboost|p1a: Zacian|spd|1
|move|p2a: Groudon|Precipice Blades|p1a: Zacian
|-supereffective|p1a: Zacian
|-damage|p1a: Zacian|0 fnt
|faint|p1a: Zacian
|
|-weather|DesolateLand|[upkeep]
|upkeep
|
|t:|1662602806
|switch|p1a: Deoxys|Deoxys-Attack|88/100
|-damage|p1a: Deoxys|76/100|[from] Stealth Rock
|-ability|p1a: Deoxys|Pressure
|turn|12
|
|t:|1662602810
|move|p1a: Deoxys|Ice Beam|p2a: Groudon
|-damage|p2a: Groudon|0 fnt
|faint|p2a: Groudon
|-weather|none
|
|upkeep
|
|t:|1662602818
|switch|p2a: Arceus|Arceus-Dark, shiny|79/100
|turn|13
|
|t:|1662602836
|move|p1a: Deoxys|Thunderbolt|p2a: Arceus
|-damage|p2a: Arceus|58/100
|move|p2a: Arceus|Judgment|p1a: Deoxys
|-supereffective|p1a: Deoxys
|-damage|p1a: Deoxys|0 fnt
|faint|p1a: Deoxys
|
|upkeep
|
|t:|1662602841
|switch|p1a: Rayquaza|Rayquaza|100/100
|-damage|p1a: Rayquaza|76/100|[from] Stealth Rock
|-ability|p1a: Rayquaza|Air Lock
|turn|14
|
|t:|1662602850
|switch|p2a: Necrozma|Necrozma-Dusk-Mane, shiny|100/100
|detailschange|p1a: Rayquaza|Rayquaza-Mega
|-mega|p1a: Rayquaza|Rayquaza|
|-weather|DeltaStream|[from] ability: Delta Stream|[of] p1a: Rayquaza
|move|p1a: Rayquaza|Dragon Ascent|p2a: Necrozma
|-resisted|p2a: Necrozma
|-damage|p2a: Necrozma|69/100
|-unboost|p1a: Rayquaza|def|1
|-unboost|p1a: Rayquaza|spd|1
|-damage|p1a: Rayquaza|59/100|[from] item: Rocky Helmet|[of] p2a: Necrozma
|-damage|p1a: Rayquaza|49/100|[from] item: Life Orb
|
|-weather|DeltaStream|[upkeep]
|upkeep
|turn|15
|
|t:|1662602856
|move|p1a: Rayquaza|V-create|p2a: Necrozma
|-supereffective|p2a: Necrozma
|-damage|p2a: Necrozma|0 fnt
|-unboost|p1a: Rayquaza|spe|1
|-unboost|p1a: Rayquaza|def|1
|-unboost|p1a: Rayquaza|spd|1
|-damage|p1a: Rayquaza|33/100|[from] item: Rocky Helmet|[of] p2a: Necrozma
|faint|p2a: Necrozma
|-damage|p1a: Rayquaza|23/100|[from] item: Life Orb
|
|-weather|DeltaStream|[upkeep]
|upkeep
|
|t:|1662602860
|switch|p2a: Ole reliable|Arceus-Ground, shiny|100/100
|turn|16
|
|t:|1662602868
|-weather|none
|switch|p1a: Deoxys|Deoxys-Speed|100/100
|-damage|p1a: Deoxys|88/100|[from] Stealth Rock
|-ability|p1a: Deoxys|Pressure
|move|p2a: Ole reliable|Ice Beam|p1a: Deoxys
|-damage|p1a: Deoxys|49/100
|
|upkeep
|turn|17
|
|t:|1662602881
|move|p1a: Deoxys|Stealth Rock|p2a: Ole reliable
|-sidestart|p2: High ladder bros|move: Stealth Rock
|move|p2a: Ole reliable|Calm Mind|p2a: Ole reliable
|-boost|p2a: Ole reliable|spa|1
|-boost|p2a: Ole reliable|spd|1
|
|upkeep
|turn|18
|
|t:|1662602892
|-start|p1a: Deoxys|Dynamax|
|-heal|p1a: Deoxys|49/100|[silent]
|move|p1a: Deoxys|Max Mindstorm|p2a: Ole reliable
|-damage|p2a: Ole reliable|75/100
|-fieldstart|move: Psychic Terrain
|move|p2a: Ole reliable|Ice Beam|p1a: Deoxys
|-damage|p1a: Deoxys|22/100
|
|upkeep
|turn|19
|
|t:|1662602902
|-start|p2a: Ole reliable|Dynamax|
|-heal|p2a: Ole reliable|75/100|[silent]
|move|p2a: Ole reliable|Max Guard|p2a: Ole reliable
|-singleturn|p2a: Ole reliable|Max Guard
|move|p1a: Deoxys|Max Mindstorm|p2a: Ole reliable
|-activate|p2a: Ole reliable|move: Max Guard
|
|upkeep
|turn|20
|
|t:|1662602909
|move|p1a: Deoxys|Max Guard|p1a: Deoxys
|-singleturn|p1a: Deoxys|Max Guard
|move|p2a: Ole reliable|Max Quake|p1a: Deoxys
|-activate|p1a: Deoxys|move: Max Guard
|
|upkeep
|-end|p1a: Deoxys|Dynamax
|-heal|p1a: Deoxys|22/100|[silent]
|turn|21
|
|t:|1662602915
|move|p1a: Deoxys|Psycho Boost|p2a: Ole reliable
|-damage|p2a: Ole reliable|59/100
|-unboost|p1a: Deoxys|spa|2
|move|p2a: Ole reliable|Max Hailstorm|p1a: Deoxys
|-damage|p1a: Deoxys|0 fnt
|-weather|Hail
|faint|p1a: Deoxys
|
|-weather|Hail|[upkeep]
|-damage|p2a: Ole reliable|56/100|[from] Hail
|upkeep
|
|t:|1662602937
|switch|p1a: Necrozma|Necrozma-Dusk-Mane|100/100
|-damage|p1a: Necrozma|95/100|[from] Stealth Rock
|-end|p2a: Ole reliable|Dynamax
|-heal|p2a: Ole reliable|56/100|[silent]
|turn|22
|
|t:|1662602947
|detailschange|p1a: Necrozma|Necrozma-Ultra
|-burst|p1a: Necrozma|Necrozma|Ultranecrozium Z
|move|p2a: Ole reliable|Judgment|p1a: Necrozma
|-damage|p1a: Necrozma|0 fnt
|faint|p1a: Necrozma
|
|-weather|Hail|[upkeep]
|-damage|p2a: Ole reliable|50/100|[from] Hail
|-fieldend|move: Psychic Terrain
|upkeep
|j| F0wl Play
|
|t:|1662602955
|switch|p1a: Rayquaza|Rayquaza-Mega|23/100
|-damage|p1a: Rayquaza|0 fnt|[from] Stealth Rock
|faint|p1a: Rayquaza
|
|win|High ladder bros
|n|☆Cold Finally|coldfinally
|n|☆High ladder bros|highladderbros
|n| BrillaintStar|brillaintstar
|n| F0wl Play|f0wlplay
|l|☆Cold Finally
|l|☆High ladder bros
|l| BrillaintStar
|j| Baby Yoko
