|j|☆Ike745
|j|☆Goku Uchiha 2001
|t:|1665289522
|gametype|singles
|player|p1|Ike745|blue|2059
|player|p2|Goku Uchiha 2001|dawn|2026
|teamsize|p1|6
|teamsize|p2|6
|gen|8
|tier|[Gen 8] National Dex AG
|rated|
|rule|HP Percentage Mod: HP is shown in percentages
|rule|Endless Battle Clause: Forcing endless battles is banned
|clearpoke
|poke|p1|Rayquaza|
|poke|p1|Groudon|
|poke|p1|Arceus-*|
|poke|p1|Calyrex-Shadow|
|poke|p1|Yveltal|
|poke|p1|Arceus-*|
|poke|p2|Salazzle, F|
|poke|p2|Ditto|
|poke|p2|Landorus-Therian, M|
|poke|p2|Arceus-*|
|poke|p2|Necrozma-Dusk-Mane|
|poke|p2|Groudon|
|teampreview
|inactive|Battle timer is ON: inactive players will automatically lose when time's up. (requested by Ike745)
|inactive|Goku Uchiha 2001 also wants the timer to be on.
|
|t:|1665289536
|start
|switch|p1a: Groudon|Groudon, shiny|100/100
|switch|p2a: Salazzle|Salazzle, F, shiny|100/100
|detailschange|p1a: Groudon|Groudon-Primal, shiny
|-primal|p1a: Groudon
|-weather|DesolateLand|[from] ability: Desolate Land|[of] p1a: Groudon
|turn|1
|c|☆Ike745|gl hf
|
|t:|1665289546
|move|p2a: Salazzle|Toxic|p1a: Groudon
|-status|p1a: Groudon|tox
|move|p1a: Groudon|Rock Tomb|p2a: Salazzle
|-supereffective|p2a: Salazzle
|-damage|p2a: Salazzle|17/100
|-unboost|p2a: Salazzle|spe|1
|
|-weather|DesolateLand|[upkeep]
|-damage|p1a: Groudon|94/100 tox|[from] psn
|upkeep
|turn|2
|
|t:|1665289555
|move|p2a: Salazzle|Overheat|p1a: Groudon
|-resisted|p1a: Groudon
|-damage|p1a: Groudon|54/100 tox
|-unboost|p2a: Salazzle|spa|2
|move|p1a: Groudon|Rock Tomb|p2a: Salazzle
|-supereffective|p2a: Salazzle
|-damage|p2a: Salazzle|0 fnt
|faint|p2a: Salazzle
|
|-weather|DesolateLand|[upkeep]
|-damage|p1a: Groudon|41/100 tox|[from] psn
|upkeep
|
|t:|1665289567
|switch|p2a: Groudon|Groudon|100/100
|-ability|p2a: Groudon|Drought|[from] desolateland|[fail]
|turn|3
|
|t:|1665289574
|-weather|none
|switch|p1a: Yveltal|Yveltal|100/100
|-ability|p1a: Yveltal|Dark Aura
|move|p2a: Groudon|Stealth Rock|p1a: Yveltal
|-sidestart|p1: Ike745|move: Stealth Rock
|
|upkeep
|turn|4
|
|t:|1665289579
|-start|p1a: Yveltal|Dynamax|
|-heal|p1a: Yveltal|100/100|[silent]
|move|p1a: Yveltal|Max Airstream|p2a: Groudon
|-damage|p2a: Groudon|3/100
|-boost|p1a: Yveltal|spe|1
|-damage|p1a: Yveltal|96/100|[from] item: Life Orb
|move|p2a: Groudon|Thunder Wave|p1a: Yveltal
|-status|p1a: Yveltal|par
|
|-heal|p2a: Groudon|9/100|[from] item: Leftovers
|upkeep
|turn|5
|
|t:|1665289587
|move|p1a: Yveltal|Max Airstream|p2a: Groudon
|-damage|p2a: Groudon|0 fnt
|-boost|p1a: Yveltal|spe|1
|faint|p2a: Groudon
|-damage|p1a: Yveltal|91/100 par|[from] item: Life Orb
|
|upkeep
|
|t:|1665289606
|switch|p2a: Ditto|Ditto, shiny|100/100
|-transform|p2a: Ditto|p1a: Yveltal|[from] ability: Imposter
|-ability|p2a: Ditto|Dark Aura
|turn|6
|
|t:|1665289619
|switch|p2a: Landorus|Landorus-Therian, M|100/100
|-ability|p2a: Landorus|Intimidate|boost
|-unboost|p1a: Yveltal|atk|1
|move|p1a: Yveltal|Max Airstream|p2a: Landorus
|-damage|p2a: Landorus|0 fnt
|-boost|p1a: Yveltal|spe|1
|faint|p2a: Landorus
|-damage|p1a: Yveltal|86/100 par|[from] item: Life Orb
|
|upkeep
|
|t:|1665289624
|switch|p2a: Arceus|Arceus|100/100
|-end|p1a: Yveltal|Dynamax
|-heal|p1a: Yveltal|86/100 par|[silent]
|turn|7
|
|t:|1665289628
|move|p1a: Yveltal|Dark Pulse|p2a: Arceus
|-damage|p2a: Arceus|47/100
|-damage|p1a: Yveltal|76/100 par|[from] item: Life Orb
|move|p2a: Arceus|Swords Dance|p2a: Arceus
|-boost|p2a: Arceus|atk|2
|
|upkeep
|turn|8
|
|t:|1665289634
|move|p2a: Arceus|Extreme Speed|p1a: Yveltal
|-damage|p1a: Yveltal|0 fnt
|faint|p1a: Yveltal
|
|upkeep
|
|t:|1665289650
|switch|p1a: Arceus|Arceus, shiny|100/100
|-damage|p1a: Arceus|88/100|[from] Stealth Rock
|turn|9
|
|t:|1665289657
|move|p1a: Arceus|Extreme Speed|p2a: Arceus
|-damage|p2a: Arceus|16/100
|move|p2a: Arceus|Recover|p2a: Arceus
|-heal|p2a: Arceus|66/100
|
|upkeep
|turn|10
|
|t:|1665289664
|-start|p2a: Arceus|Dynamax|
|-heal|p2a: Arceus|66/100|[silent]
|move|p1a: Arceus|Swords Dance|p1a: Arceus
|-boost|p1a: Arceus|atk|2
|move|p2a: Arceus|Max Strike|p1a: Arceus
|-damage|p1a: Arceus|0 fnt
|faint|p1a: Arceus
|
|upkeep
|
|t:|1665289676
|switch|p1a: Groudon|Groudon-Primal, shiny|41/100 tox
|-damage|p1a: Groudon|29/100 tox|[from] Stealth Rock
|-weather|DesolateLand|[from] ability: Desolate Land|[of] p1a: Groudon
|turn|11
|
|t:|1665289680
|move|p2a: Arceus|Max Phantasm|p1a: Groudon
|-damage|p1a: Groudon|0 fnt
|faint|p1a: Groudon
|-weather|none
|
|upkeep
|
|t:|1665289710
|switch|p1a: Rayquaza|Rayquaza|100/100
|-damage|p1a: Rayquaza|76/100|[from] Stealth Rock
|-ability|p1a: Rayquaza|Air Lock
|turn|12
|
|t:|1665289719
|detailschange|p1a: Rayquaza|Rayquaza-Mega
|-mega|p1a: Rayquaza|Rayquaza|
|-weather|DeltaStream|[from] ability: Delta Stream|[of] p1a: Rayquaza
|move|p1a: Rayquaza|Extreme Speed|p2a: Arceus
|-damage|p2a: Arceus|53/100
|move|p2a: Arceus|Max Strike|p1a: Rayquaza
|-damage|p1a: Rayquaza|0 fnt
|faint|p1a: Rayquaza
|-weather|none
|
|upkeep
|
|t:|1665289727
|switch|p1a: Arceus|Arceus-Fairy|100/100
|-damage|p1a: Arceus|88/100|[from] Stealth Rock
|-end|p2a: Arceus|Dynamax
|-heal|p2a: Arceus|53/100|[silent]
|turn|13
|
|t:|1665289732
|move|p2a: Arceus|Extreme Speed|p1a: Arceus
|-crit|p1a: Arceus
|-damage|p1a: Arceus|7/100
|move|p1a: Arceus|Defog|p2a: Arceus
|-unboost|p2a: Arceus|evasion|1
|-sideend|p1: Ike745|Stealth Rock|[from] move: Defog|[of] p1a: Arceus
|
|upkeep
|turn|14
|
|t:|1665289739
|move|p2a: Arceus|Extreme Speed|p1a: Arceus
|-damage|p1a: Arceus|0 fnt
|faint|p1a: Arceus
|
|upkeep
|
|t:|1665289742
|switch|p1a: Calyrex|Calyrex-Shadow|100/100
|-ability|p1a: Calyrex|As One
|-ability|p1a: Calyrex|Unnerve
|turn|15
|
|t:|1665289761
|move|p1a: Calyrex|Psyshock|p2a: Arceus
|-damage|p2a: Arceus|20/100
|move|p2a: Arceus|Shadow Claw|p1a: Calyrex
|-supereffective|p1a: Calyrex
|-enditem|p1a: Calyrex|Focus Sash
|-damage|p1a: Calyrex|1/100
|
|upkeep
|turn|16
|c|☆Goku Uchiha 2001|Gg
|
|t:|1665289776
|move|p1a: Calyrex|Psyshock|p2a: Arceus
|-damage|p2a: Arceus|0 fnt
|faint|p2a: Arceus
|-ability|p1a: Calyrex|Grim Neigh|boost
|-boost|p1a: Calyrex|spa|1
|
|upkeep
|
|t:|1665289779
|switch|p2a: Ditto|Ditto, shiny|100/100
|-transform|p2a: Ditto|p1a: Calyrex|[from] ability: Imposter
|turn|17
|
|t:|1665289782
|move|p2a: Ditto|Psyshock|p1a: Calyrex
|-resisted|p1a: Calyrex
|-damage|p1a: Calyrex|0 fnt
|faint|p1a: Calyrex
|
|win|Goku Uchiha 2001
|raw|Ike745's rating: 2059 &rarr; <strong>2037</strong><br />(-22 for losing)
|raw|Goku Uchiha 2001's rating: 2026 &rarr; <strong>2048</strong><br />(+22 for winning)
|l|☆Ike745
