|j|☆Racnoin
|j|☆soviet glonk
|t:|1627556298
|gametype|singles
|player|p1|Racnoin|clerkf|1429
|player|p2|soviet glonk|ghetsis|1647
|teamsize|p1|6
|teamsize|p2|6
|gen|8
|tier|[Gen 8] National Dex AG
|rated|
|rule|HP Percentage Mod: HP is shown in percentages
|rule|Endless Battle Clause: Forcing endless battles is banned
|clearpoke
|poke|p1|Sableye, F|
|poke|p1|Necrozma-Dusk-Mane|
|poke|p1|Tyranitar, F|
|poke|p1|Giratina|
|poke|p1|Ho-Oh|
|poke|p1|Chansey, F|
|poke|p2|Smeargle, M|
|poke|p2|Rayquaza|
|poke|p2|Arceus-*|
|poke|p2|Yveltal|
|poke|p2|Necrozma-Dusk-Mane|
|poke|p2|Zekrom|
|teampreview
|inactive|Battle timer is ON: inactive players will automatically lose when time's up. (requested by soviet glonk)
|
|t:|1627556327
|start
|switch|p1a: Sableye|Sableye, F, shiny|100/100
|switch|p2a: Zekrom|Zekrom|100/100
|-ability|p2a: Zekrom|Teravolt
|turn|1
|
|t:|1627556331
|detailschange|p1a: Sableye|Sableye-Mega, F, shiny
|-mega|p1a: Sableye|Sableye|Sablenite
|move|p1a: Sableye|Fake Out|p2a: Zekrom
|-damage|p2a: Zekrom|94/100
|cant|p2a: Zekrom|flinch
|
|-heal|p2a: Zekrom|99/100|[from] item: Leftovers
|upkeep
|turn|2
|
|t:|1627556339
|move|p2a: Zekrom|Substitute|p2a: Zekrom
|-start|p2a: Zekrom|Substitute
|-damage|p2a: Zekrom|75/100
|move|p1a: Sableye|Toxic||[still]
|-fail|p1a: Sableye
|
|-heal|p2a: Zekrom|81/100|[from] item: Leftovers
|upkeep
|turn|3
|
|t:|1627556346
|move|p2a: Zekrom|Dragon Dance|p2a: Zekrom
|-boost|p2a: Zekrom|atk|1
|-boost|p2a: Zekrom|spe|1
|move|p1a: Sableye|Foul Play|p2a: Zekrom
|-end|p2a: Zekrom|Substitute
|
|-heal|p2a: Zekrom|88/100|[from] item: Leftovers
|upkeep
|turn|4
|
|t:|1627556352
|-start|p2a: Zekrom|Dynamax
|-heal|p2a: Zekrom|88/100|[silent]
|move|p2a: Zekrom|Max Lightning|p1a: Sableye
|-damage|p1a: Sableye|6/100
|-fieldstart|move: Electric Terrain
|move|p1a: Sableye|Foul Play|p2a: Zekrom
|-damage|p2a: Zekrom|47/100
|
|-heal|p2a: Zekrom|50/100|[from] item: Leftovers
|upkeep
|turn|5
|
|t:|1627556371
|switch|p1a: Necrozma|Necrozma-Dusk-Mane, shiny|100/100
|move|p2a: Zekrom|Max Lightning|p1a: Necrozma
|-damage|p1a: Necrozma|17/100
|
|-heal|p2a: Zekrom|54/100|[from] item: Leftovers
|upkeep
|turn|6
|
|t:|1627556394
|switch|p1a: Chansey|Chansey, F, shiny|100/100
|move|p2a: Zekrom|Max Lightning|p1a: Chansey
|-damage|p1a: Chansey|0 fnt
|faint|p1a: Chansey
|
|-heal|p2a: Zekrom|57/100|[from] item: Leftovers
|-end|p2a: Zekrom|Dynamax
|-heal|p2a: Zekrom|57/100|[silent]
|upkeep
|inactive|Racnoin has 120 seconds left.
|
|t:|1627556405
|switch|p1a: Giratina|Giratina, shiny|100/100
|-ability|p1a: Giratina|Pressure
|turn|7
|
|t:|1627556413
|move|p2a: Zekrom|Substitute|p2a: Zekrom
|-start|p2a: Zekrom|Substitute
|-damage|p2a: Zekrom|32/100
|move|p1a: Giratina|Will-O-Wisp||[still]
|-fail|p1a: Giratina
|
|-heal|p2a: Zekrom|38/100|[from] item: Leftovers
|upkeep
|turn|8
|
|t:|1627556421
|switch|p1a: Tyranitar|Tyranitar, F, shiny|100/100
|-weather|Sandstorm|[from] ability: Sand Stream|[of] p1a: Tyranitar
|move|p2a: Zekrom|Dragon Dance|p2a: Zekrom
|-boost|p2a: Zekrom|atk|1
|-boost|p2a: Zekrom|spe|1
|
|-weather|Sandstorm|[upkeep]
|-damage|p2a: Zekrom|32/100|[from] Sandstorm
|-heal|p2a: Zekrom|38/100|[from] item: Leftovers
|-fieldend|move: Electric Terrain
|upkeep
|turn|9
|
|t:|1627556428
|move|p2a: Zekrom|Bolt Strike|p1a: Tyranitar
|-damage|p1a: Tyranitar|0 fnt
|faint|p1a: Tyranitar
|
|-weather|Sandstorm|[upkeep]
|-damage|p2a: Zekrom|32/100|[from] Sandstorm
|-heal|p2a: Zekrom|38/100|[from] item: Leftovers
|upkeep
|-message|Racnoin forfeited.
|
|win|soviet glonk
|raw|Racnoin's rating: 1429 &rarr; <strong>1420</strong><br />(-9 for losing)
|raw|soviet glonk's rating: 1647 &rarr; <strong>1656</strong><br />(+9 for winning)
|l|☆Racnoin
