|j|☆hanwujiwandou
|j|☆CLEAR GEM清瑜
|t:|1664688882
|gametype|singles
|player|p1|hanwujiwandou|lillie-z|1724
|player|p2|CLEAR GEM清瑜|skierf|1860
|teamsize|p1|6
|teamsize|p2|6
|gen|8
|tier|[Gen 8] National Dex AG
|rated|
|rule|HP Percentage Mod: HP is shown in percentages
|rule|Endless Battle Clause: Forcing endless battles is banned
|clearpoke
|poke|p1|Zacian-*|
|poke|p1|Ho-Oh|
|poke|p1|Groudon|
|poke|p1|Calyrex-Shadow|
|poke|p1|Yveltal|
|poke|p1|Rayquaza|
|poke|p2|Rayquaza|
|poke|p2|Groudon|
|poke|p2|Necrozma-Dusk-Mane|
|poke|p2|Arceus-*|
|poke|p2|Zacian-*|
|poke|p2|Yveltal|
|teampreview
|inactive|Battle timer is ON: inactive players will automatically lose when time's up. (requested by CLEAR GEM清瑜)
|c|☆CLEAR GEM清瑜|草
|c|☆CLEAR GEM清瑜|又是你
|
|t:|1664688895
|start
|switch|p1a: Rayquaza|Rayquaza|100/100
|switch|p2a: Y鸟|Yveltal|100/100
|-ability|p1a: Rayquaza|Air Lock
|-ability|p2a: Y鸟|Dark Aura
|turn|1
|c|☆hanwujiwandou|啊这
|
|t:|1664688918
|switch|p1a: Ho-Oh|Ho-Oh|100/100
|move|p2a: Y鸟|Dark Pulse|p1a: Ho-Oh
|-damage|p1a: Ho-Oh|57/100
|-damage|p2a: Y鸟|91/100|[from] item: Life Orb
|
|upkeep
|turn|2
|
|t:|1664688921
|move|p2a: Y鸟|Taunt|p1a: Ho-Oh
|-start|p1a: Ho-Oh|move: Taunt
|move|p1a: Ho-Oh|Sacred Fire|p2a: Y鸟
|-damage|p2a: Y鸟|54/100
|-status|p2a: Y鸟|brn
|
|-damage|p2a: Y鸟|48/100 brn|[from] brn
|upkeep
|turn|3
|
|t:|1664688925
|switch|p2a: 不会(?)|Groudon|100/100
|detailschange|p2a: 不会(?)|Groudon-Primal
|-primal|p2a: 不会(?)
|-weather|DesolateLand|[from] ability: Desolate Land|[of] p2a: 不会(?)
|move|p1a: Ho-Oh|Sacred Fire|p2a: 不会(?)
|-resisted|p2a: 不会(?)
|-damage|p2a: 不会(?)|82/100
|
|-weather|DesolateLand|[upkeep]
|upkeep
|turn|4
|
|t:|1664688929
|switch|p1a: Rayquaza|Rayquaza|100/100
|-ability|p1a: Rayquaza|Air Lock
|move|p2a: 不会(?)|Stealth Rock|p1a: Rayquaza
|-sidestart|p1: hanwujiwandou|move: Stealth Rock
|
|-weather|DesolateLand|[upkeep]
|upkeep
|turn|5
|
|t:|1664688931
|detailschange|p1a: Rayquaza|Rayquaza-Mega
|-mega|p1a: Rayquaza|Rayquaza|
|-weather|DeltaStream|[from] ability: Delta Stream|[of] p1a: Rayquaza
|move|p1a: Rayquaza|Waterfall|p2a: 不会(?)
|-supereffective|p2a: 不会(?)
|-damage|p2a: 不会(?)|0 fnt
|faint|p2a: 不会(?)
|
|-weather|DeltaStream|[upkeep]
|upkeep
|
|t:|1664688936
|switch|p2a: 老烈|Rayquaza, shiny|100/100
|-ability|p2a: 老烈|Air Lock
|turn|6
|
|t:|1664688948
|-weather|none
|switch|p1a: Yveltal|Yveltal|100/100
|-damage|p1a: Yveltal|76/100|[from] Stealth Rock
|-ability|p1a: Yveltal|Dark Aura
|detailschange|p2a: 老烈|Rayquaza-Mega, shiny
|-mega|p2a: 老烈|Rayquaza|
|-weather|DeltaStream|[from] ability: Delta Stream|[of] p2a: 老烈
|move|p2a: 老烈|Dragon Ascent|p1a: Yveltal
|-damage|p1a: Yveltal|0 fnt
|-unboost|p2a: 老烈|def|1
|-unboost|p2a: 老烈|spd|1
|faint|p1a: Yveltal
|
|-weather|DeltaStream|[upkeep]
|upkeep
|
|t:|1664688956
|switch|p1a: Rayquaza|Rayquaza-Mega|100/100
|-damage|p1a: Rayquaza|76/100|[from] Stealth Rock
|turn|7
|
|t:|1664688960
|move|p1a: Rayquaza|Draco Meteor|p2a: 老烈
|-supereffective|p2a: 老烈
|-enditem|p2a: 老烈|Focus Sash
|-damage|p2a: 老烈|1/100
|-unboost|p1a: Rayquaza|spa|2
|move|p2a: 老烈|Dragon Ascent|p1a: Rayquaza
|-damage|p1a: Rayquaza|0 fnt
|-unboost|p2a: 老烈|def|1
|-unboost|p2a: 老烈|spd|1
|faint|p1a: Rayquaza
|
|-weather|DeltaStream|[upkeep]
|upkeep
|
|t:|1664688978
|switch|p1a: Zacian|Zacian-Crowned|100/100
|-damage|p1a: Zacian|94/100|[from] Stealth Rock
|-ability|p1a: Zacian|Intrepid Sword|boost
|-boost|p1a: Zacian|atk|1
|turn|8
|
|t:|1664688980
|move|p1a: Zacian|Quick Attack|p2a: 老烈
|-damage|p2a: 老烈|0 fnt
|faint|p2a: 老烈
|-weather|none
|
|upkeep
|
|t:|1664688982
|switch|p2a: 钢铁之躯|Necrozma-Dusk-Mane|100/100
|turn|9
|
|t:|1664688986
|switch|p1a: Groudon|Groudon|100/100
|-damage|p1a: Groudon|94/100|[from] Stealth Rock
|detailschange|p1a: Groudon|Groudon-Primal
|-primal|p1a: Groudon
|-weather|DesolateLand|[from] ability: Desolate Land|[of] p1a: Groudon
|move|p2a: 钢铁之躯|Dragon Dance|p2a: 钢铁之躯
|-boost|p2a: 钢铁之躯|atk|1
|-boost|p2a: 钢铁之躯|spe|1
|
|-weather|DesolateLand|[upkeep]
|upkeep
|turn|10
|
|t:|1664688990
|detailschange|p2a: 钢铁之躯|Necrozma-Ultra
|-burst|p2a: 钢铁之躯|Necrozma|Ultranecrozium Z
|move|p2a: 钢铁之躯|Earthquake|p1a: Groudon
|-supereffective|p1a: Groudon
|-damage|p1a: Groudon|0 fnt
|faint|p1a: Groudon
|-weather|none
|
|upkeep
|
|t:|1664688993
|switch|p1a: Calyrex|Calyrex-Shadow|100/100
|-ability|p1a: Calyrex|As One
|-ability|p1a: Calyrex|Unnerve
|-damage|p1a: Calyrex|88/100|[from] Stealth Rock
|turn|11
|
|t:|1664689005
|-start|p1a: Calyrex|Dynamax|
|-heal|p1a: Calyrex|88/100|[silent]
|-zpower|p2a: 钢铁之躯
|move|p2a: 钢铁之躯|Light That Burns the Sky|p1a: Calyrex|[zeffect]
|-resisted|p1a: Calyrex
|-damage|p1a: Calyrex|30/100
|move|p1a: Calyrex|Max Mindstorm|p2a: 钢铁之躯
|-resisted|p2a: 钢铁之躯
|-crit|p2a: 钢铁之躯
|-damage|p2a: 钢铁之躯|48/100
|-fieldstart|move: Psychic Terrain
|
|upkeep
|turn|12
|
|t:|1664689008
|move|p2a: 钢铁之躯|Earthquake|p1a: Calyrex
|-damage|p1a: Calyrex|0 fnt
|faint|p1a: Calyrex
|
|upkeep
|-message|hanwujiwandou forfeited.
|
|win|CLEAR GEM清瑜
|raw|hanwujiwandou's rating: 1710 &rarr; <strong>1698</strong><br />(-12 for losing)
|raw|CLEAR GEM清瑜's rating: 1860 &rarr; <strong>1872</strong><br />(+12 for winning)
|l|☆hanwujiwandou
|c|☆CLEAR GEM清瑜|?为什么不点幽魂
