|j|☆Crystraco
|j|☆Hoenn Militian
|t:|1616084446
|player|p1|Crystraco|265|1695
|player|p2|Hoenn Militian|ingo|1630
|teamsize|p1|6
|teamsize|p2|6
|gametype|singles
|gen|8
|tier|[Gen 8] National Dex AG
|rated|
|clearpoke
|poke|p1|Kyogre|
|poke|p1|Excadrill, M|
|poke|p1|Arceus-*|
|poke|p1|Ditto|
|poke|p1|Salamence, M|
|poke|p1|Xerneas|
|poke|p2|Dusclops, F|
|poke|p2|Groudon|
|poke|p2|Rayquaza|
|poke|p2|Mewtwo|
|poke|p2|Donphan, M|
|poke|p2|Smeargle, F|
|rule|HP Percentage Mod: HP is shown in percentages
|rule|Endless Battle Clause: Forcing endless battles is banned
|teampreview
|
|t:|1616084460
|start
|switch|p1a: Excadrill|Excadrill, M|100/100
|switch|p2a: Donphan|Donphan, M|100/100
|-ability|p1a: Excadrill|Mold Breaker
|turn|1
|
|t:|1616084474
|switch|p1a: Kyogre|Kyogre|100/100
|detailschange|p1a: Kyogre|Kyogre-Primal
|-primal|p1a: Kyogre
|-weather|PrimordialSea|[from] ability: Primordial Sea|[of] p1a: Kyogre
|move|p2a: Donphan|Earthquake|p1a: Kyogre
|-damage|p1a: Kyogre|41/100
|
|-weather|PrimordialSea|[upkeep]
|upkeep
|turn|2
|
|t:|1616084482
|switch|p2a: Groudon|Groudon|100/100
|detailschange|p2a: Groudon|Groudon-Primal
|-primal|p2a: Groudon
|-weather|DesolateLand|[from] ability: Desolate Land|[of] p2a: Groudon
|move|p1a: Kyogre|Origin Pulse||[still]
|-fail|p1a: Kyogre|Origin Pulse|[from] Desolate Land
|
|-weather|DesolateLand|[upkeep]
|upkeep
|turn|3
|
|t:|1616084490
|move|p2a: Groudon|Rock Tomb|p1a: Kyogre
|-damage|p1a: Kyogre|12/100
|-unboost|p1a: Kyogre|spe|1
|move|p1a: Kyogre|Rest|p1a: Kyogre
|-status|p1a: Kyogre|slp|[from] move: Rest
|-heal|p1a: Kyogre|100/100 slp|[silent]
|
|-weather|DesolateLand|[upkeep]
|upkeep
|turn|4
|
|t:|1616084504
|switch|p1a: Salamence|Salamence, M|100/100
|-ability|p1a: Salamence|Intimidate|boost
|-unboost|p2a: Groudon|atk|1
|move|p2a: Groudon|Earthquake|p1a: Salamence
|-immune|p1a: Salamence
|
|-weather|DesolateLand|[upkeep]
|upkeep
|turn|5
|
|t:|1616084512
|-weather|none
|switch|p2a: Smeargle|Smeargle, F|100/100
|detailschange|p1a: Salamence|Salamence-Mega, M
|-mega|p1a: Salamence|Salamence|Salamencite
|move|p1a: Salamence|Dragon Dance|p1a: Salamence
|-boost|p1a: Salamence|atk|1
|-boost|p1a: Salamence|spe|1
|
|upkeep
|turn|6
|
|t:|1616084519
|move|p1a: Salamence|Frustration|p2a: Smeargle
|-enditem|p2a: Smeargle|Focus Sash
|-damage|p2a: Smeargle|1/100
|move|p2a: Smeargle|Spore|p1a: Salamence
|-status|p1a: Salamence|slp|[from] move: Spore
|
|upkeep
|turn|7
|
|t:|1616084527
|switch|p1a: Excadrill|Excadrill, M|100/100
|-ability|p1a: Excadrill|Mold Breaker
|move|p2a: Smeargle|Endeavor|p1a: Excadrill
|-damage|p1a: Excadrill|1/100
|
|upkeep
|turn|8
|
|t:|1616084534
|move|p2a: Smeargle|Shadow Sneak|p1a: Excadrill
|-damage|p1a: Excadrill|0 fnt
|faint|p1a: Excadrill
|
|upkeep
|
|t:|1616084536
|switch|p1a: Arceus|Arceus|100/100
|turn|9
|
|t:|1616084540
|switch|p2a: Dusclops|Dusclops, F|100/100
|-item|p1a: Arceus|Silk Scarf|[from] ability: Frisk|[of] p2a: Dusclops|[identify]
|move|p1a: Arceus|Extreme Speed|p2a: Dusclops
|-immune|p2a: Dusclops
|
|upkeep
|turn|10
|
|t:|1616084554
|switch|p1a: Kyogre|Kyogre-Primal|100/100 slp
|-weather|PrimordialSea|[from] ability: Primordial Sea|[of] p1a: Kyogre
|move|p2a: Dusclops|Curse|p1a: Kyogre
|-start|p1a: Kyogre|Curse|[of] p2a: Dusclops
|-damage|p2a: Dusclops|50/100
|
|-weather|PrimordialSea|[upkeep]
|-damage|p1a: Kyogre|76/100 slp|[from] Curse
|upkeep
|turn|11
|j| Beatboxing_Phantom
|
|t:|1616084566
|switch|p2a: Smeargle|Smeargle, F|1/100
|cant|p1a: Kyogre|slp
|move|p1a: Kyogre|Sleep Talk|p1a: Kyogre
|move|p1a: Kyogre|Rest||[from]move: Sleep Talk|[still]
|-fail|p1a: Kyogre
|
|-weather|PrimordialSea|[upkeep]
|-damage|p1a: Kyogre|51/100 slp|[from] Curse
|upkeep
|turn|12
|
|t:|1616084579
|-weather|none
|switch|p1a: Xerneas|Xerneas|100/100
|-ability|p1a: Xerneas|Fairy Aura
|move|p2a: Smeargle|Sticky Web|p1a: Xerneas
|-sidestart|p1: Crystraco|move: Sticky Web
|
|upkeep
|turn|13
|
|t:|1616084588
|move|p1a: Xerneas|Moonblast|p2a: Smeargle
|-damage|p2a: Smeargle|0 fnt
|faint|p2a: Smeargle
|
|upkeep
|
|t:|1616084599
|switch|p2a: Groudon|Groudon-Primal|100/100
|-weather|DesolateLand|[from] ability: Desolate Land|[of] p2a: Groudon
|turn|14
|
|t:|1616084604
|switch|p1a: Salamence|Salamence-Mega, M|100/100 slp
|move|p2a: Groudon|Rock Tomb|p1a: Salamence
|-supereffective|p1a: Salamence
|-damage|p1a: Salamence|55/100 slp
|-unboost|p1a: Salamence|spe|1
|
|-weather|DesolateLand|[upkeep]
|upkeep
|turn|15
|
|t:|1616084613
|move|p2a: Groudon|Rock Tomb|p1a: Salamence
|-supereffective|p1a: Salamence
|-damage|p1a: Salamence|12/100 slp
|-unboost|p1a: Salamence|spe|1
|cant|p1a: Salamence|slp
|
|-weather|DesolateLand|[upkeep]
|upkeep
|turn|16
|
|t:|1616084620
|move|p2a: Groudon|Fire Punch|p1a: Salamence
|-resisted|p1a: Salamence
|-damage|p1a: Salamence|0 fnt
|faint|p1a: Salamence
|
|-weather|DesolateLand|[upkeep]
|upkeep
|
|t:|1616084628
|switch|p1a: Arceus|Arceus|100/100
|-activate|p1a: Arceus|move: Sticky Web
|-unboost|p1a: Arceus|spe|1
|turn|17
|
|t:|1616084633
|move|p2a: Groudon|Toxic|p1a: Arceus
|-status|p1a: Arceus|tox
|move|p1a: Arceus|Swords Dance|p1a: Arceus
|-boost|p1a: Arceus|atk|2
|
|-weather|DesolateLand|[upkeep]
|-damage|p1a: Arceus|94/100 tox|[from] psn
|upkeep
|turn|18
|
|t:|1616084641
|-weather|none
|switch|p2a: Dusclops|Dusclops, F|50/100
|-item|p1a: Arceus|Silk Scarf|[from] ability: Frisk|[of] p2a: Dusclops|[identify]
|move|p1a: Arceus|Swords Dance|p1a: Arceus
|-boost|p1a: Arceus|atk|2
|
|-damage|p1a: Arceus|82/100 tox|[from] psn
|upkeep
|turn|19
|
|t:|1616084650
|move|p1a: Arceus|Shadow Claw|p2a: Dusclops
|-supereffective|p2a: Dusclops
|-crit|p2a: Dusclops
|-damage|p2a: Dusclops|0 fnt
|faint|p2a: Dusclops
|
|-damage|p1a: Arceus|64/100 tox|[from] psn
|upkeep
|
|t:|1616084667
|switch|p2a: Donphan|Donphan, M|100/100
|turn|20
|
|t:|1616084675
|-start|p2a: Donphan|Dynamax
|-heal|p2a: Donphan|100/100|[silent]
|move|p1a: Arceus|Extreme Speed|p2a: Donphan
|-damage|p2a: Donphan|43/100
|move|p2a: Donphan|Max Quake|p1a: Arceus
|-damage|p1a: Arceus|16/100 tox
|-boost|p2a: Donphan|spd|1
|
|-heal|p2a: Donphan|46/100|[from] item: Leftovers
|-damage|p1a: Arceus|0 fnt|[from] psn
|faint|p1a: Arceus
|upkeep
|
|t:|1616084679
|switch|p1a: Kyogre|Kyogre-Primal|51/100 slp
|-activate|p1a: Kyogre|move: Sticky Web
|-unboost|p1a: Kyogre|spe|1
|-weather|PrimordialSea|[from] ability: Primordial Sea|[of] p1a: Kyogre
|turn|21
|
|t:|1616084693
|cant|p1a: Kyogre|slp
|move|p1a: Kyogre|Sleep Talk|p1a: Kyogre
|move|p1a: Kyogre|Origin Pulse|p2a: Donphan|[from]move: Sleep Talk
|-supereffective|p2a: Donphan
|-crit|p2a: Donphan
|-damage|p2a: Donphan|0 fnt
|faint|p2a: Donphan
|
|-weather|PrimordialSea|[upkeep]
|upkeep
|
|t:|1616084707
|switch|p2a: Groudon|Groudon-Primal|100/100
|-weather|DesolateLand|[from] ability: Desolate Land|[of] p2a: Groudon
|turn|22
|
|t:|1616084715
|move|p2a: Groudon|Earthquake|p1a: Kyogre
|-damage|p1a: Kyogre|0 fnt
|faint|p1a: Kyogre
|
|-weather|DesolateLand|[upkeep]
|upkeep
|
|t:|1616084719
|switch|p1a: Ditto|Ditto|100/100
|-activate|p1a: Ditto|move: Sticky Web
|-unboost|p1a: Ditto|spe|1
|-transform|p1a: Ditto|p2a: Groudon|[from] ability: Imposter
|turn|23
|
|t:|1616084729
|move|p1a: Ditto|Rock Tomb|p2a: Groudon
|-damage|p2a: Groudon|82/100
|-unboost|p2a: Groudon|spe|1
|move|p2a: Groudon|Earthquake|p1a: Ditto
|-supereffective|p1a: Ditto
|-damage|p1a: Ditto|0 fnt
|faint|p1a: Ditto
|
|-weather|DesolateLand|[upkeep]
|upkeep
|l| Beatboxing_Phantom
|
|t:|1616084732
|switch|p1a: Xerneas|Xerneas|100/100
|-activate|p1a: Xerneas|move: Sticky Web
|-unboost|p1a: Xerneas|spe|1
|-ability|p1a: Xerneas|Fairy Aura
|turn|24
|inactive|Battle timer is ON: inactive players will automatically lose when time's up. (requested by Crystraco)
|
|t:|1616084751
|-start|p1a: Xerneas|Dynamax
|-heal|p1a: Xerneas|100/100|[silent]
|move|p1a: Xerneas|Max Starfall|p2a: Groudon
|-resisted|p2a: Groudon
|-damage|p2a: Groudon|35/100
|-fieldstart|move: Misty Terrain
|move|p2a: Groudon|Rock Tomb|p1a: Xerneas
|-damage|p1a: Xerneas|88/100
|-unboost|p1a: Xerneas|spe|1
|
|-weather|DesolateLand|[upkeep]
|upkeep
|turn|25
|
|t:|1616084767
|move|p2a: Groudon|Earthquake|p1a: Xerneas
|-damage|p1a: Xerneas|59/100
|move|p1a: Xerneas|Max Starfall|p2a: Groudon
|-resisted|p2a: Groudon
|-damage|p2a: Groudon|0 fnt
|faint|p2a: Groudon
|-weather|none
|
|upkeep
|inactive|Hoenn Militian has 120 seconds left.
|
|t:|1616084800
|switch|p2a: Rayquaza|Rayquaza|100/100
|-ability|p2a: Rayquaza|Air Lock
|turn|26
|
|t:|1616084809
|detailschange|p2a: Rayquaza|Rayquaza-Mega
|-mega|p2a: Rayquaza|Rayquaza|
|-weather|DeltaStream|[from] ability: Delta Stream|[of] p2a: Rayquaza
|move|p2a: Rayquaza|Dragon Ascent|p1a: Xerneas
|-damage|p1a: Xerneas|19/100
|-unboost|p2a: Rayquaza|def|1
|-unboost|p2a: Rayquaza|spd|1
|move|p1a: Xerneas|Max Starfall|p2a: Rayquaza
|-supereffective|p2a: Rayquaza
|-damage|p2a: Rayquaza|0 fnt
|faint|p2a: Rayquaza
|-weather|none
|
|-end|p1a: Xerneas|Dynamax
|-heal|p1a: Xerneas|20/100|[silent]
|upkeep
|
|t:|1616084822
|switch|p2a: Mewtwo|Mewtwo|100/100
|-ability|p2a: Mewtwo|Pressure
|turn|27
|
|t:|1616084826
|move|p2a: Mewtwo|Psystrike|p1a: Xerneas
|-damage|p1a: Xerneas|0 fnt
|faint|p1a: Xerneas
|
|win|Hoenn Militian
|raw|Crystraco's rating: 1695 &rarr; <strong>1671</strong><br />(-24 for losing)
|raw|Hoenn Militian's rating: 1630 &rarr; <strong>1654</strong><br />(+24 for winning)
|l|☆Crystraco
||Ladder isn't responding, score probably updated but might not have (Request timeout).
