|j|☆thicsucttv
|j|☆Goku Uchiha 2001
|t:|1664955069
|gametype|singles
|player|p1|thicsucttv|265|1802
|player|p2|Goku Uchiha 2001|blue-gen3two|1899
|teamsize|p1|6
|teamsize|p2|6
|gen|8
|tier|[Gen 8] National Dex AG
|rated|
|rule|HP Percentage Mod: HP is shown in percentages
|rule|Endless Battle Clause: Forcing endless battles is banned
|clearpoke
|poke|p1|Tyranitar, M|
|poke|p1|Marshadow|
|poke|p1|Yveltal|
|poke|p1|Necrozma-Dusk-Mane|
|poke|p1|Ditto|
|poke|p1|Lucario, M|
|poke|p2|Arceus-*|
|poke|p2|Ditto|
|poke|p2|Groudon|
|poke|p2|Arceus-*|
|poke|p2|Arceus-*|
|poke|p2|Zygarde|
|teampreview
|inactive|Battle timer is ON: inactive players will automatically lose when time's up. (requested by Goku Uchiha 2001)
|
|t:|1664955081
|start
|switch|p1a: Tyranitar|Tyranitar, M|100/100
|switch|p2a: Zygarde|Zygarde, shiny|100/100
|-weather|Sandstorm|[from] ability: Sand Stream|[of] p1a: Tyranitar
|turn|1
|
|t:|1664955090
|move|p2a: Zygarde|Glare|p1a: Tyranitar
|-status|p1a: Tyranitar|par
|cant|p1a: Tyranitar|par
|
|-weather|Sandstorm|[upkeep]
|upkeep
|turn|2
|
|t:|1664955103
|switch|p2a: Groudon|Groudon|100/100
|detailschange|p2a: Groudon|Groudon-Primal
|-primal|p2a: Groudon
|-weather|DesolateLand|[from] ability: Desolate Land|[of] p2a: Groudon
|move|p1a: Tyranitar|Stealth Rock|p2a: Groudon
|-sidestart|p2: Goku Uchiha 2001|move: Stealth Rock
|
|-weather|DesolateLand|[upkeep]
|upkeep
|turn|3
|c|☆thicsucttv|Amazing team
|c|☆thicsucttv|How did you make it
|
|t:|1664955115
|move|p2a: Groudon|Stealth Rock|p1a: Tyranitar
|-sidestart|p1: thicsucttv|move: Stealth Rock
|move|p1a: Tyranitar|Stone Edge|p2a: Groudon
|-damage|p2a: Groudon|82/100
|
|-weather|DesolateLand|[upkeep]
|upkeep
|turn|4
|
|t:|1664955125
|move|p2a: Groudon|Precipice Blades|p1a: Tyranitar
|-supereffective|p1a: Tyranitar
|-damage|p1a: Tyranitar|0 fnt
|faint|p1a: Tyranitar
|
|-weather|DesolateLand|[upkeep]
|upkeep
|j| AyusoEsMiCrush
|
|t:|1664955138
|switch|p1a: Ditto|Ditto|100/100
|-damage|p1a: Ditto|88/100|[from] Stealth Rock
|-transform|p1a: Ditto|p2a: Groudon|[from] ability: Imposter
|turn|5
|
|t:|1664955145
|switch|p2a: Zygarde|Zygarde, shiny|100/100
|-damage|p2a: Zygarde|94/100|[from] Stealth Rock
|move|p1a: Ditto|Precipice Blades|p2a: Zygarde
|-crit|p2a: Zygarde
|-damage|p2a: Zygarde|29/100
|
|-weather|DesolateLand|[upkeep]
|-activate|p2a: Zygarde|ability: Power Construct
|detailschange|p2a: Zygarde|Zygarde-Complete, shiny
|-heal|p2a: Zygarde|53/100|[silent]
|upkeep
|turn|6
|
|t:|1664955157
|move|p1a: Ditto|Precipice Blades|p2a: Zygarde
|-damage|p2a: Zygarde|20/100
|move|p2a: Zygarde|Glare|p1a: Ditto
|-status|p1a: Ditto|par
|
|-weather|DesolateLand|[upkeep]
|upkeep
|turn|7
|
|t:|1664955163
|move|p2a: Zygarde|Rest|p2a: Zygarde
|-status|p2a: Zygarde|slp|[from] move: Rest
|-heal|p2a: Zygarde|100/100 slp|[silent]
|-enditem|p2a: Zygarde|Chesto Berry|[eat]
|-curestatus|p2a: Zygarde|slp|[msg]
|move|p1a: Ditto|Precipice Blades|p2a: Zygarde
|-crit|p2a: Zygarde
|-damage|p2a: Zygarde|50/100
|
|-weather|DesolateLand|[upkeep]
|upkeep
|turn|8
|
|t:|1664955188
|-weather|none
|switch|p1a: Yveltal|Yveltal|100/100
|-damage|p1a: Yveltal|76/100|[from] Stealth Rock
|-ability|p1a: Yveltal|Dark Aura
|move|p2a: Zygarde|Coil|p2a: Zygarde
|-boost|p2a: Zygarde|atk|1
|-boost|p2a: Zygarde|def|1
|-boost|p2a: Zygarde|accuracy|1
|
|upkeep
|turn|9
|
|t:|1664955204
|move|p1a: Yveltal|Taunt|p2a: Zygarde
|-start|p2a: Zygarde|move: Taunt
|cant|p2a: Zygarde|move: Taunt|Glare
|
|upkeep
|turn|10
|
|t:|1664955209
|move|p1a: Yveltal|Knock Off|p2a: Zygarde
|-damage|p2a: Zygarde|30/100
|-damage|p1a: Yveltal|66/100|[from] item: Life Orb
|move|p2a: Zygarde|Thousand Arrows|p1a: Yveltal
|-damage|p1a: Yveltal|22/100
|-start|p1a: Yveltal|Smack Down
|
|upkeep
|turn|11
|
|t:|1664955218
|move|p1a: Yveltal|Sucker Punch|p2a: Zygarde
|-damage|p2a: Zygarde|8/100
|-damage|p1a: Yveltal|12/100|[from] item: Life Orb
|move|p2a: Zygarde|Thousand Arrows|p1a: Yveltal
|-damage|p1a: Yveltal|0 fnt
|faint|p1a: Yveltal
|
|-end|p2a: Zygarde|move: Taunt
|upkeep
|
|t:|1664955229
|switch|p1a: Marshadow|Marshadow|100/100
|-damage|p1a: Marshadow|94/100|[from] Stealth Rock
|turn|12
|
|t:|1664955235
|switch|p2a: Groudon|Groudon-Primal|82/100
|-damage|p2a: Groudon|70/100|[from] Stealth Rock
|-weather|DesolateLand|[from] ability: Desolate Land|[of] p2a: Groudon
|move|p1a: Marshadow|Spectral Thief|p2a: Groudon
|-damage|p2a: Groudon|44/100
|-damage|p1a: Marshadow|84/100|[from] item: Life Orb
|
|-weather|DesolateLand|[upkeep]
|upkeep
|turn|13
|
|t:|1664955254
|move|p1a: Marshadow|Close Combat|p2a: Groudon
|-damage|p2a: Groudon|8/100
|-unboost|p1a: Marshadow|def|1
|-unboost|p1a: Marshadow|spd|1
|-damage|p1a: Marshadow|74/100|[from] item: Life Orb
|move|p2a: Groudon|Fire Punch|p1a: Marshadow
|-damage|p1a: Marshadow|0 fnt
|faint|p1a: Marshadow
|
|-weather|DesolateLand|[upkeep]
|upkeep
|
|t:|1664955269
|switch|p1a: Necrozma|Necrozma-Dusk-Mane|100/100
|-damage|p1a: Necrozma|94/100|[from] Stealth Rock
|turn|14
|inactive|thicsucttv has 120 seconds left.
|
|t:|1664955288
|detailschange|p1a: Necrozma|Necrozma-Ultra
|-burst|p1a: Necrozma|Necrozma|Ultranecrozium Z
|move|p1a: Necrozma|Photon Geyser|p2a: Groudon
|-damage|p2a: Groudon|0 fnt
|faint|p2a: Groudon
|-weather|none
|
|upkeep
|
|t:|1664955306
|switch|p2a: Ditto|Ditto, shiny|100/100
|-damage|p2a: Ditto|88/100|[from] Stealth Rock
|-transform|p2a: Ditto|p1a: Necrozma|[from] ability: Imposter
|turn|15
|
|t:|1664955312
|switch|p2a: Zygarde|Zygarde-Complete, shiny|8/100
|-damage|p2a: Zygarde|2/100|[from] Stealth Rock
|move|p1a: Necrozma|Dragon Dance|p1a: Necrozma
|-boost|p1a: Necrozma|atk|1
|-boost|p1a: Necrozma|spe|1
|
|upkeep
|turn|16
|
|t:|1664955320
|move|p1a: Necrozma|Photon Geyser|p2a: Zygarde
|-damage|p2a: Zygarde|0 fnt
|faint|p2a: Zygarde
|
|upkeep
|
|t:|1664955324
|switch|p2a: Arceus|Arceus|100/100
|-damage|p2a: Arceus|88/100|[from] Stealth Rock
|turn|17
|inactive|thicsucttv has 120 seconds left.
|
|t:|1664955364
|move|p2a: Arceus|Extreme Speed|p1a: Necrozma
|-damage|p1a: Necrozma|50/100
|-zpower|p1a: Necrozma
|move|p1a: Necrozma|Light That Burns the Sky|p2a: Arceus|[zeffect]
|-damage|p2a: Arceus|0 fnt
|faint|p2a: Arceus
|
|upkeep
|
|t:|1664955383
|switch|p2a: Ditto|Ditto, shiny|88/100
|-damage|p2a: Ditto|76/100|[from] Stealth Rock
|-transform|p2a: Ditto|p1a: Necrozma|[from] ability: Imposter
|turn|18
|inactive|thicsucttv has 120 seconds left.
|
|t:|1664955389
|move|p2a: Ditto|Earthquake|p1a: Necrozma
|-damage|p1a: Necrozma|0 fnt
|faint|p1a: Necrozma
|
|upkeep
|
|t:|1664955394
|switch|p1a: Lucario|Lucario, M|100/100
|-damage|p1a: Lucario|98/100|[from] Stealth Rock
|turn|19
|c|☆Goku Uchiha 2001|Gg kid
|
|t:|1664955399
|detailschange|p1a: Lucario|Lucario-Mega, M
|-mega|p1a: Lucario|Lucario|Lucarionite
|move|p1a: Lucario|Bullet Punch|p2a: Ditto
|-damage|p2a: Ditto|40/100
|move|p2a: Ditto|Earthquake|p1a: Lucario
|-supereffective|p1a: Lucario
|-damage|p1a: Lucario|0 fnt
|faint|p1a: Lucario
|
|upkeep
|
|t:|1664955408
|switch|p1a: Ditto|Ditto|88/100 par
|-damage|p1a: Ditto|76/100 par|[from] Stealth Rock
|turn|20
|
|t:|1664955412
|move|p2a: Ditto|Earthquake|p1a: Ditto
|-damage|p1a: Ditto|0 fnt
|faint|p1a: Ditto
|
|win|Goku Uchiha 2001
|raw|thicsucttv's rating: 1802 &rarr; <strong>1787</strong><br />(-15 for losing)
|raw|Goku Uchiha 2001's rating: 1899 &rarr; <strong>1914</strong><br />(+15 for winning)
