|j|☆World breaker Odin
|j|☆n0skillzAF
|t:|1636849352
|gametype|singles
|player|p1|World breaker Odin|nanu|1646
|player|p2|n0skillzAF|101|1607
|teamsize|p1|6
|teamsize|p2|6
|gen|8
|tier|[Gen 8] National Dex AG
|rated|
|rule|HP Percentage Mod: HP is shown in percentages
|rule|Endless Battle Clause: Forcing endless battles is banned
|clearpoke
|poke|p1|Lunala|
|poke|p1|Tyranitar, M|
|poke|p1|Rayquaza|
|poke|p1|Necrozma-Dusk-Mane|
|poke|p1|Arceus-*|
|poke|p1|Zacian-*|
|poke|p2|Excadrill, M|
|poke|p2|Grimmsnarl, M|
|poke|p2|Xerneas-*|
|poke|p2|Rayquaza|
|poke|p2|Necrozma-Dusk-Mane|
|poke|p2|Arceus-*|
|teampreview
|inactive|Battle timer is ON: inactive players will automatically lose when time's up. (requested by World breaker Odin)
|
|t:|1636849357
|start
|switch|p1a: Lion heart|Necrozma-Dusk-Mane, shiny|100/100
|switch|p2a: Excadrill|Excadrill, M|100/100
|-ability|p2a: Excadrill|Mold Breaker
|turn|1
|j| Procrastinating BH
|
|t:|1636849365
|move|p2a: Excadrill|Stealth Rock|p1a: Lion heart
|-sidestart|p1: World breaker Odin|move: Stealth Rock
|move|p1a: Lion heart|Knock Off|p2a: Excadrill
|-damage|p2a: Excadrill|53/100
|-enditem|p2a: Excadrill|Focus Sash|[from] move: Knock Off|[of] p1a: Lion heart
|
|upkeep
|turn|2
|
|t:|1636849371
|move|p2a: Excadrill|Earthquake|p1a: Lion heart
|-supereffective|p1a: Lion heart
|-damage|p1a: Lion heart|58/100
|move|p1a: Lion heart|Stealth Rock|p2a: Excadrill
|-sidestart|p2: n0skillzAF|move: Stealth Rock
|
|upkeep
|turn|3
|
|t:|1636849378
|switch|p1a: Fairygod mother|Lunala, shiny|100/100
|move|p2a: Excadrill|Rapid Spin|p1a: Fairygod mother
|-immune|p1a: Fairygod mother
|
|upkeep
|turn|4
|
|t:|1636849385
|move|p2a: Excadrill|Toxic|p1a: Fairygod mother
|-status|p1a: Fairygod mother|tox
|move|p1a: Fairygod mother|Moongeist Beam|p2a: Excadrill
|-damage|p2a: Excadrill|0 fnt
|faint|p2a: Excadrill
|
|-damage|p1a: Fairygod mother|94/100 tox|[from] psn
|upkeep
|
|t:|1636849392
|switch|p2a: Grimmsnarl|Grimmsnarl, M|100/100
|-damage|p2a: Grimmsnarl|88/100|[from] Stealth Rock
|turn|5
|
|t:|1636849402
|switch|p1a: Lion heart|Necrozma-Dusk-Mane, shiny|58/100
|-damage|p1a: Lion heart|52/100|[from] Stealth Rock
|move|p2a: Grimmsnarl|Taunt|p1a: Lion heart
|-start|p1a: Lion heart|move: Taunt
|
|upkeep
|turn|6
|
|t:|1636849411
|move|p2a: Grimmsnarl|Reflect|p2a: Grimmsnarl
|-sidestart|p2: n0skillzAF|Reflect
|move|p1a: Lion heart|Sunsteel Strike|p2a: Grimmsnarl
|-supereffective|p2a: Grimmsnarl
|-damage|p2a: Grimmsnarl|48/100
|
|upkeep
|turn|7
|
|t:|1636849418
|move|p2a: Grimmsnarl|Light Screen|p2a: Grimmsnarl
|-sidestart|p2: n0skillzAF|move: Light Screen
|move|p1a: Lion heart|Knock Off|p2a: Grimmsnarl
|-resisted|p2a: Grimmsnarl
|-damage|p2a: Grimmsnarl|45/100
|-enditem|p2a: Grimmsnarl|Light Clay|[from] move: Knock Off|[of] p1a: Lion heart
|
|-end|p1a: Lion heart|move: Taunt
|upkeep
|turn|8
|j| CRITICALx554pro
|
|t:|1636849433
|switch|p2a: Necrozma|Necrozma-Dusk-Mane|100/100
|-damage|p2a: Necrozma|95/100|[from] Stealth Rock
|move|p1a: Lion heart|Morning Sun|p1a: Lion heart
|-heal|p1a: Lion heart|100/100
|
|upkeep
|turn|9
|
|t:|1636849441
|move|p2a: Necrozma|Earthquake|p1a: Lion heart
|-supereffective|p1a: Lion heart
|-damage|p1a: Lion heart|70/100
|move|p1a: Lion heart|Knock Off|p2a: Necrozma
|-supereffective|p2a: Necrozma
|-crit|p2a: Necrozma
|-damage|p2a: Necrozma|35/100
|-enditem|p2a: Necrozma|Weakness Policy
|-boost|p2a: Necrozma|atk|2|[from] item: Weakness Policy
|-boost|p2a: Necrozma|spa|2|[from] item: Weakness Policy
|
|upkeep
|turn|10
|c| CRITICALx554pro|Omg
|
|t:|1636849454
|switch|p1a: Kaido awakened|Rayquaza|100/100
|-damage|p1a: Kaido awakened|76/100|[from] Stealth Rock
|-ability|p1a: Kaido awakened|Air Lock
|move|p2a: Necrozma|Earthquake|p1a: Kaido awakened
|-immune|p1a: Kaido awakened
|
|upkeep
|turn|11
|
|t:|1636849465
|detailschange|p1a: Kaido awakened|Rayquaza-Mega
|-mega|p1a: Kaido awakened|Rayquaza|
|-weather|DeltaStream|[from] ability: Delta Stream|[of] p1a: Kaido awakened
|move|p1a: Kaido awakened|V-create|p2a: Necrozma
|-supereffective|p2a: Necrozma
|-damage|p2a: Necrozma|0 fnt
|-unboost|p1a: Kaido awakened|spe|1
|-unboost|p1a: Kaido awakened|def|1
|-unboost|p1a: Kaido awakened|spd|1
|faint|p2a: Necrozma
|
|-weather|DeltaStream|[upkeep]
|upkeep
|
|t:|1636849475
|switch|p2a: Arceus|Arceus-Ground|100/100
|-damage|p2a: Arceus|94/100|[from] Stealth Rock
|turn|12
|
|t:|1636849487
|-weather|none
|switch|p1a: Fairygod mother|Lunala, shiny|94/100 tox
|move|p2a: Arceus|Ice Beam|p1a: Fairygod mother
|-damage|p1a: Fairygod mother|79/100 tox
|
|-damage|p1a: Fairygod mother|73/100 tox|[from] psn
|upkeep
|turn|13
|
|t:|1636849498
|move|p2a: Arceus|Earthquake|p1a: Fairygod mother
|-damage|p1a: Fairygod mother|41/100 tox
|move|p1a: Fairygod mother|Toxic|p2a: Arceus
|-status|p2a: Arceus|tox
|
|-damage|p2a: Arceus|88/100 tox|[from] psn
|-damage|p1a: Fairygod mother|29/100 tox|[from] psn
|-sideend|p2: n0skillzAF|Reflect
|upkeep
|turn|14
|
|t:|1636849507
|move|p2a: Arceus|Ice Beam|p1a: Fairygod mother
|-damage|p1a: Fairygod mother|13/100 tox
|move|p1a: Fairygod mother|Roost|p1a: Fairygod mother
|-heal|p1a: Fairygod mother|63/100 tox
|-singleturn|p1a: Fairygod mother|move: Roost
|
|-damage|p2a: Arceus|76/100 tox|[from] psn
|-damage|p1a: Fairygod mother|45/100 tox|[from] psn
|-sideend|p2: n0skillzAF|move: Light Screen
|upkeep
|turn|15
|
|t:|1636849517
|move|p2a: Arceus|Stone Edge|p1a: Fairygod mother
|-damage|p1a: Fairygod mother|27/100 tox
|move|p1a: Fairygod mother|Moongeist Beam|p2a: Arceus
|-damage|p2a: Arceus|40/100 tox
|
|-damage|p2a: Arceus|22/100 tox|[from] psn
|-damage|p1a: Fairygod mother|2/100 tox|[from] psn
|upkeep
|turn|16
|
|t:|1636849527
|move|p2a: Arceus|Stone Edge|p1a: Fairygod mother|[miss]
|-miss|p2a: Arceus|p1a: Fairygod mother
|move|p1a: Fairygod mother|Roost|p1a: Fairygod mother
|-heal|p1a: Fairygod mother|52/100 tox
|-singleturn|p1a: Fairygod mother|move: Roost
|
|-damage|p2a: Arceus|0 fnt|[from] psn
|faint|p2a: Arceus
|-damage|p1a: Fairygod mother|22/100 tox|[from] psn
|upkeep
|
|t:|1636849534
|switch|p2a: Rayquaza|Rayquaza|100/100
|-damage|p2a: Rayquaza|76/100|[from] Stealth Rock
|-ability|p2a: Rayquaza|Air Lock
|turn|17
|
|t:|1636849543
|detailschange|p2a: Rayquaza|Rayquaza-Mega
|-mega|p2a: Rayquaza|Rayquaza|
|-weather|DeltaStream|[from] ability: Delta Stream|[of] p2a: Rayquaza
|move|p2a: Rayquaza|Extreme Speed|p1a: Fairygod mother
|-immune|p1a: Fairygod mother
|move|p1a: Fairygod mother|Will-O-Wisp|p2a: Rayquaza
|-status|p2a: Rayquaza|brn
|
|-weather|DeltaStream|[upkeep]
|-damage|p1a: Fairygod mother|0 fnt|[from] psn
|faint|p1a: Fairygod mother
|-damage|p2a: Rayquaza|70/100 brn|[from] brn
|upkeep
|c|☆World breaker Odin|....
|c| CRITICALx554pro|Wtf
|
|t:|1636849560
|switch|p1a: Super vegito|Zacian-Crowned, shiny|100/100
|-damage|p1a: Super vegito|94/100|[from] Stealth Rock
|-ability|p1a: Super vegito|Intrepid Sword|boost
|-boost|p1a: Super vegito|atk|1
|turn|18
|c| CRITICALx554pro|Immunity
|c|☆n0skillzAF|i keep thining its a psy fairy
|
|t:|1636849576
|move|p1a: Super vegito|Behemoth Blade|p2a: Rayquaza
|-damage|p2a: Rayquaza|0 fnt
|faint|p2a: Rayquaza
|-weather|none
|
|upkeep
|c| CRITICALx554pro|Won
|
|t:|1636849585
|switch|p2a: Xerneas|Xerneas|100/100
|-damage|p2a: Xerneas|88/100|[from] Stealth Rock
|-ability|p2a: Xerneas|Fairy Aura
|turn|19
|c| CRITICALx554pro|Easy
|
|t:|1636849591
|-start|p2a: Xerneas|Dynamax
|-heal|p2a: Xerneas|88/100|[silent]
|move|p1a: Super vegito|Behemoth Blade|p2a: Xerneas
|-supereffective|p2a: Xerneas
|-damage|p2a: Xerneas|0 fnt
|faint|p2a: Xerneas
|
|upkeep
|c|☆n0skillzAF|gg
|
|t:|1636849601
|switch|p2a: Grimmsnarl|Grimmsnarl, M|45/100
|-damage|p2a: Grimmsnarl|32/100|[from] Stealth Rock
|turn|20
|c|☆World breaker Odin|Ggs
|
|t:|1636849606
|move|p2a: Grimmsnarl|Taunt|p1a: Super vegito
|-start|p1a: Super vegito|move: Taunt
|move|p1a: Super vegito|Behemoth Blade|p2a: Grimmsnarl
|-supereffective|p2a: Grimmsnarl
|-damage|p2a: Grimmsnarl|0 fnt
|faint|p2a: Grimmsnarl
|
|win|World breaker Odin
|raw|World breaker Odin's rating: 1646 &rarr; <strong>1664</strong><br />(+18 for winning)
|raw|n0skillzAF's rating: 1607 &rarr; <strong>1589</strong><br />(-18 for losing)
|c|☆n0skillzAF|gf
|c| CRITICALx554pro|Who's gf
|l|☆World breaker Odin
|c| CRITICALx554pro|😂
|c|☆n0skillzAF|good fight
|c| CRITICALx554pro|Oh
