|j|☆Abbcheese
|j|☆Lmaz730
|player|p1|Abbcheese|crasherwake|1082
|player|p2|Lmaz730|burglar|1058
|teamsize|p1|6
|teamsize|p2|6
|gametype|singles
|gen|8
|tier|[Gen 8] National Dex AG
|rated|
|clearpoke
|poke|p1|Ludicolo, M|
|poke|p1|Ludicolo, M|
|poke|p1|Ludicolo, F|
|poke|p1|Ludicolo, F|
|poke|p1|Ludicolo, M|
|poke|p1|Ludicolo, F|
|poke|p2|Dhelmise|
|poke|p2|Chatot, F|
|poke|p2|Crawdaunt, F|
|poke|p2|Doublade, F|
|poke|p2|Machamp, F|
|poke|p2|Sableye, F|
|rule|HP Percentage Mod: HP is shown in percentages
|rule|Endless Battle Clause: Forcing endless battles is banned
|teampreview
|inactive|Battle timer is ON: inactive players will automatically lose when time's up. (requested by Lmaz730)
|
|start
|switch|p1a: Ludicolo|Ludicolo, M|100/100
|switch|p2a: Chatot|Chatot, F|100/100
|turn|1
|c|☆Lmaz730|All about your team
|c|☆Lmaz730|I love it
|
|move|p2a: Chatot|Boomburst|p1a: Ludicolo
|-damage|p1a: Ludicolo|2/100
|move|p1a: Ludicolo|Rain Dance|p1a: Ludicolo
|-weather|RainDance
|
|-weather|RainDance|[upkeep]
|upkeep
|turn|2
|
|move|p1a: Ludicolo|Ice Beam|p2a: Chatot
|-supereffective|p2a: Chatot
|-damage|p2a: Chatot|0 fnt
|faint|p2a: Chatot
|
|-weather|RainDance|[upkeep]
|upkeep
|
|switch|p2a: Machamp|Machamp, F|100/100
|turn|3
|
|move|p2a: Machamp|Bullet Punch|p1a: Ludicolo
|-resisted|p1a: Ludicolo
|-damage|p1a: Ludicolo|0 fnt
|faint|p1a: Ludicolo
|
|-weather|RainDance|[upkeep]
|upkeep
|
|switch|p1a: Ludicolo|Ludicolo, F|100/100
|turn|4
|
|move|p1a: Ludicolo|Weather Ball|p2a: Machamp
|-damage|p2a: Machamp|11/100
|-damage|p1a: Ludicolo|91/100|[from] item: Life Orb
|move|p2a: Machamp|Dynamic Punch|p1a: Ludicolo
|-damage|p1a: Ludicolo|0 fnt
|faint|p1a: Ludicolo
|
|-weather|RainDance|[upkeep]
|upkeep
|
|switch|p1a: Ludicolo|Ludicolo, F|100/100
|turn|5
|
|move|p1a: Ludicolo|Fake Out|p2a: Machamp
|-damage|p2a: Machamp|3/100
|-damage|p1a: Ludicolo|91/100|[from] item: Life Orb
|cant|p2a: Machamp|flinch
|
|-weather|RainDance|[upkeep]
|upkeep
|turn|6
|
|move|p1a: Ludicolo|Energy Ball|p2a: Machamp
|-damage|p2a: Machamp|0 fnt
|-damage|p1a: Ludicolo|81/100|[from] item: Life Orb
|faint|p2a: Machamp
|
|-weather|RainDance|[upkeep]
|upkeep
|
|switch|p2a: Sableye|Sableye, F|100/100
|turn|7
|
|detailschange|p2a: Sableye|Sableye-Mega, F
|-mega|p2a: Sableye|Sableye|Sablenite
|move|p1a: Ludicolo|Energy Ball|p2a: Sableye
|-damage|p2a: Sableye|62/100
|-unboost|p2a: Sableye|spd|1
|-damage|p1a: Ludicolo|71/100|[from] item: Life Orb
|move|p2a: Sableye|Will-O-Wisp|p1a: Ludicolo
|-status|p1a: Ludicolo|brn
|
|-weather|RainDance|[upkeep]
|-damage|p1a: Ludicolo|65/100 brn|[from] brn
|upkeep
|turn|8
|
|move|p1a: Ludicolo|Hydro Pump|p2a: Sableye
|-damage|p2a: Sableye|0 fnt
|-damage|p1a: Ludicolo|55/100 brn|[from] item: Life Orb
|faint|p2a: Sableye
|
|-weather|none
|-damage|p1a: Ludicolo|49/100 brn|[from] brn
|upkeep
|
|switch|p2a: Doublade|Doublade, F|100/100
|turn|9
|
|move|p1a: Ludicolo|Hydro Pump|p2a: Doublade
|-damage|p2a: Doublade|27/100
|-damage|p1a: Ludicolo|39/100 brn|[from] item: Life Orb
|move|p2a: Doublade|Swords Dance|p2a: Doublade
|-boost|p2a: Doublade|atk|2
|
|-damage|p1a: Ludicolo|33/100 brn|[from] brn
|upkeep
|turn|10
|
|move|p2a: Doublade|Shadow Sneak|p1a: Ludicolo
|-damage|p1a: Ludicolo|0 fnt
|faint|p1a: Ludicolo
|
|upkeep
|
|switch|p1a: Ludicolo|Ludicolo, M|100/100
|turn|11
|
|-start|p1a: Ludicolo|Dynamax
|-heal|p1a: Ludicolo|100/100|[silent]
|move|p2a: Doublade|Shadow Sneak|p1a: Ludicolo
|-damage|p1a: Ludicolo|68/100
|move|p1a: Ludicolo|Max Geyser|p2a: Doublade
|-damage|p2a: Doublade|0 fnt
|-weather|RainDance
|faint|p2a: Doublade
|
|-weather|RainDance|[upkeep]
|upkeep
|
|switch|p2a: Crawdaunt|Crawdaunt, F|100/100
|turn|12
|
|move|p1a: Ludicolo|Max Overgrowth|p2a: Crawdaunt
|-supereffective|p2a: Crawdaunt
|-damage|p2a: Crawdaunt|0 fnt
|-fieldstart|move: Grassy Terrain
|faint|p2a: Crawdaunt
|
|-weather|RainDance|[upkeep]
|-heal|p1a: Ludicolo|71/100|[from] Grassy Terrain
|upkeep
|
|switch|p2a: Dhelmise|Dhelmise|100/100
|turn|13
|
|move|p1a: Ludicolo|Max Hailstorm|p2a: Dhelmise
|-supereffective|p2a: Dhelmise
|-crit|p2a: Dhelmise
|-damage|p2a: Dhelmise|0 fnt
|-weather|Hail
|faint|p2a: Dhelmise
|
|win|Abbcheese
|l|☆Lmaz730
