|j|☆orange overhaul
|j|☆AdvancedDigit
|t:|1636463571
|gametype|singles
|player|p1|orange overhaul|wallace|1370
|player|p2|AdvancedDigit|2|1355
|teamsize|p1|6
|teamsize|p2|6
|gen|8
|tier|[Gen 8] National Dex AG
|rated|
|rule|HP Percentage Mod: HP is shown in percentages
|rule|Endless Battle Clause: Forcing endless battles is banned
|clearpoke
|poke|p1|Groudon|
|poke|p1|Kartana|
|poke|p1|Dragapult, M|
|poke|p1|Heatran, M|
|poke|p1|Melmetal|
|poke|p1|Tapu Lele|
|poke|p2|Altaria, F|
|poke|p2|Cinderace, F|
|poke|p2|Weavile, M|
|poke|p2|Umbreon, M|
|poke|p2|Vivillon, F|
|poke|p2|Kangaskhan, F|
|teampreview
|inactive|Battle timer is ON: inactive players will automatically lose when time's up. (requested by orange overhaul)
|
|t:|1636463587
|start
|switch|p1a: Dragapult|Dragapult, M, shiny|100/100
|switch|p2a: Thanusa|Cinderace, F|100/100
|turn|1
|
|t:|1636463592
|move|p1a: Dragapult|U-turn|p2a: Thanusa
|-resisted|p2a: Thanusa
|-damage|p2a: Thanusa|88/100
|
|t:|1636463595
|switch|p1a: Groudon|Groudon|100/100|[from]move: U-turn
|detailschange|p1a: Groudon|Groudon-Primal
|-primal|p1a: Groudon
|-weather|DesolateLand|[from] ability: Desolate Land|[of] p1a: Groudon
|move|p2a: Thanusa|Gunk Shot|p1a: Groudon
|-start|p2a: Thanusa|typechange|Poison|[from] ability: Libero
|-resisted|p1a: Groudon
|-damage|p1a: Groudon|84/100
|-status|p1a: Groudon|psn
|
|-weather|DesolateLand|[upkeep]
|-damage|p1a: Groudon|72/100 psn|[from] psn
|upkeep
|turn|2
|
|t:|1636463610
|switch|p2a: Amanda|Altaria, F, shiny|100/100
|move|p1a: Groudon|Lava Plume|p2a: Amanda
|-resisted|p2a: Amanda
|-damage|p2a: Amanda|72/100
|-status|p2a: Amanda|brn
|
|-weather|DesolateLand|[upkeep]
|-damage|p1a: Groudon|59/100 psn|[from] psn
|-damage|p2a: Amanda|65/100 brn|[from] brn
|upkeep
|turn|3
|
|t:|1636463620
|detailschange|p2a: Amanda|Altaria-Mega, F, shiny
|-mega|p2a: Amanda|Altaria|Altarianite
|move|p1a: Groudon|Stealth Rock|p2a: Amanda
|-sidestart|p2: AdvancedDigit|move: Stealth Rock
|move|p2a: Amanda|Draco Meteor|p1a: Groudon
|-damage|p1a: Groudon|0 fnt
|-unboost|p2a: Amanda|spa|2
|faint|p1a: Groudon
|-weather|none
|
|-damage|p2a: Amanda|59/100 brn|[from] brn
|upkeep
|inactive|orange overhaul has 120 seconds left.
|
|t:|1636463665
|switch|p1a: Kartana|Kartana|100/100
|turn|4
|inactive|orange overhaul has 90 seconds left.
|
|t:|1636463687
|move|p1a: Kartana|Sacred Sword|p2a: Amanda
|-resisted|p2a: Amanda
|-damage|p2a: Amanda|37/100 brn
|move|p2a: Amanda|Defog|p1a: Kartana
|-unboost|p1a: Kartana|evasion|1
|-sideend|p2: AdvancedDigit|Stealth Rock|[from] move: Defog|[of] p2a: Amanda
|
|-damage|p2a: Amanda|30/100 brn|[from] brn
|upkeep
|turn|5
|
|t:|1636463695
|move|p1a: Kartana|Sacred Sword|p2a: Amanda
|-resisted|p2a: Amanda
|-damage|p2a: Amanda|9/100 brn
|move|p2a: Amanda|Flamethrower|p1a: Kartana
|-supereffective|p1a: Kartana
|-damage|p1a: Kartana|0 fnt
|faint|p1a: Kartana
|
|-damage|p2a: Amanda|3/100 brn|[from] brn
|upkeep
|inactive|orange overhaul has 90 seconds left.
|
|t:|1636463707
|switch|p1a: Melmetal|Melmetal|100/100
|turn|6
|
|t:|1636463710
|move|p2a: Amanda|Flamethrower|p1a: Melmetal
|-supereffective|p1a: Melmetal
|-damage|p1a: Melmetal|71/100
|move|p1a: Melmetal|Thunder Punch|p2a: Amanda
|-resisted|p2a: Amanda
|-damage|p2a: Amanda|0 fnt
|faint|p2a: Amanda
|
|upkeep
|
|t:|1636463722
|switch|p2a: Hector|Kangaskhan, F|100/100
|turn|7
|
|t:|1636463725
|move|p2a: Hector|Fake Out|p1a: Melmetal
|-resisted|p1a: Melmetal
|-damage|p1a: Melmetal|64/100
|-damage|p2a: Hector|91/100|[from] item: Life Orb
|cant|p1a: Melmetal|flinch
|
|upkeep
|turn|8
|
|t:|1636463730
|move|p2a: Hector|Earthquake|p1a: Melmetal
|-supereffective|p1a: Melmetal
|-damage|p1a: Melmetal|24/100
|-damage|p2a: Hector|81/100|[from] item: Life Orb
|move|p1a: Melmetal|Thunder Wave|p2a: Hector
|-status|p2a: Hector|par
|
|upkeep
|turn|9
|
|t:|1636463737
|move|p2a: Hector|Drain Punch|p1a: Melmetal
|-supereffective|p1a: Melmetal
|-damage|p1a: Melmetal|0 fnt
|-heal|p2a: Hector|95/100 par|[from] drain|[of] p1a: Melmetal
|faint|p1a: Melmetal
|-damage|p2a: Hector|85/100 par|[from] item: Life Orb
|
|upkeep
|
|t:|1636463745
|switch|p1a: Tapu Lele|Tapu Lele|100/100
|-fieldstart|move: Psychic Terrain|[from] ability: Psychic Surge|[of] p1a: Tapu Lele
|turn|10
|inactive|orange overhaul has 120 seconds left.
|
|t:|1636463768
|switch|p2a: Vivian|Vivillon, F|100/100
|move|p1a: Tapu Lele|Moonblast|p2a: Vivian
|-enditem|p2a: Vivian|Focus Sash
|-damage|p2a: Vivian|1/100
|
|upkeep
|turn|11
|
|t:|1636463774
|move|p1a: Tapu Lele|Moonblast|p2a: Vivian
|-damage|p2a: Vivian|0 fnt
|faint|p2a: Vivian
|
|upkeep
|
|t:|1636463785
|switch|p2a: Thanusa|Cinderace, F|88/100
|turn|12
|
|t:|1636463792
|switch|p1a: Heatran|Heatran, M|100/100
|-item|p1a: Heatran|Air Balloon
|move|p2a: Thanusa|Gunk Shot|p1a: Heatran
|-start|p2a: Thanusa|typechange|Poison|[from] ability: Libero
|-immune|p1a: Heatran
|
|upkeep
|turn|13
|
|t:|1636463800
|switch|p2a: Ameer|Umbreon, M|100/100
|move|p1a: Heatran|Lava Plume|p2a: Ameer
|-damage|p2a: Ameer|81/100
|
|-heal|p2a: Ameer|87/100|[from] item: Leftovers
|upkeep
|turn|14
|
|t:|1636463807
|move|p1a: Heatran|Taunt|p2a: Ameer
|-start|p2a: Ameer|move: Taunt
|move|p2a: Ameer|Foul Play|p1a: Heatran
|-damage|p1a: Heatran|77/100
|-enditem|p1a: Heatran|Air Balloon
|
|-heal|p2a: Ameer|93/100|[from] item: Leftovers
|-fieldend|move: Psychic Terrain
|upkeep
|turn|15
|
|t:|1636463819
|switch|p1a: Tapu Lele|Tapu Lele|100/100
|-fieldstart|move: Psychic Terrain|[from] ability: Psychic Surge|[of] p1a: Tapu Lele
|move|p2a: Ameer|Foul Play|p1a: Tapu Lele
|-damage|p1a: Tapu Lele|66/100
|
|-heal|p2a: Ameer|99/100|[from] item: Leftovers
|upkeep
|turn|16
|
|t:|1636463829
|move|p1a: Tapu Lele|Moonblast|p2a: Ameer
|-supereffective|p2a: Ameer
|-damage|p2a: Ameer|18/100
|move|p2a: Ameer|Foul Play|p1a: Tapu Lele
|-damage|p1a: Tapu Lele|31/100
|
|-heal|p2a: Ameer|24/100|[from] item: Leftovers
|-end|p2a: Ameer|move: Taunt
|upkeep
|turn|17
|
|t:|1636463837
|move|p1a: Tapu Lele|Moonblast|p2a: Ameer
|-supereffective|p2a: Ameer
|-damage|p2a: Ameer|0 fnt
|faint|p2a: Ameer
|
|upkeep
|
|t:|1636463849
|switch|p2a: Mahfuzur|Weavile, M|100/100
|-ability|p2a: Mahfuzur|Pressure
|turn|18
|
|t:|1636463853
|move|p2a: Mahfuzur|Knock Off|p1a: Tapu Lele
|-damage|p1a: Tapu Lele|0 fnt
|-enditem|p1a: Tapu Lele|Choice Specs|[from] move: Knock Off|[of] p2a: Mahfuzur
|faint|p1a: Tapu Lele
|-damage|p2a: Mahfuzur|91/100|[from] item: Life Orb
|
|upkeep
|
|t:|1636463859
|switch|p1a: Heatran|Heatran, M|77/100
|turn|19
|
|t:|1636463862
|switch|p2a: Hector|Kangaskhan, F|85/100 par
|move|p1a: Heatran|Lava Plume|p2a: Hector
|-damage|p2a: Hector|35/100 par
|
|-fieldend|move: Psychic Terrain
|upkeep
|turn|20
|
|t:|1636463868
|move|p1a: Heatran|Lava Plume|p2a: Hector
|-damage|p2a: Hector|0 fnt
|faint|p2a: Hector
|
|upkeep
|
|t:|1636463873
|switch|p2a: Mahfuzur|Weavile, M|91/100
|-ability|p2a: Mahfuzur|Pressure
|turn|21
|
|t:|1636463881
|move|p2a: Mahfuzur|Fake Out|p1a: Heatran
|-resisted|p1a: Heatran
|-damage|p1a: Heatran|68/100
|-damage|p2a: Mahfuzur|81/100|[from] item: Life Orb
|cant|p1a: Heatran|flinch
|
|upkeep
|turn|22
|
|t:|1636463884
|move|p2a: Mahfuzur|Knock Off|p1a: Heatran
|-damage|p1a: Heatran|26/100
|-damage|p2a: Mahfuzur|71/100|[from] item: Life Orb
|move|p1a: Heatran|Lava Plume|p2a: Mahfuzur
|-supereffective|p2a: Mahfuzur
|-crit|p2a: Mahfuzur
|-damage|p2a: Mahfuzur|0 fnt
|faint|p2a: Mahfuzur
|
|upkeep
|
|t:|1636463886
|switch|p2a: Thanusa|Cinderace, F|88/100
|turn|23
|
|t:|1636463895
|move|p2a: Thanusa|Acrobatics|p1a: Heatran
|-start|p2a: Thanusa|typechange|Flying|[from] ability: Libero
|-resisted|p1a: Heatran
|-damage|p1a: Heatran|14/100
|move|p1a: Heatran|Flash Cannon|p2a: Thanusa
|-damage|p2a: Thanusa|25/100
|-enditem|p2a: Thanusa|Salac Berry|[eat]
|-boost|p2a: Thanusa|spe|1|[from] item: Salac Berry
|
|upkeep
|turn|24
|
|t:|1636463903
|move|p2a: Thanusa|Acrobatics|p1a: Heatran
|-resisted|p1a: Heatran
|-damage|p1a: Heatran|0 fnt
|faint|p1a: Heatran
|
|upkeep
|
|t:|1636463907
|switch|p1a: Dragapult|Dragapult, M, shiny|100/100
|turn|25
|
|t:|1636463917
|-start|p2a: Thanusa|Dynamax
|-heal|p2a: Thanusa|25/100|[silent]
|move|p2a: Thanusa|Max Airstream|p1a: Dragapult
|-crit|p1a: Dragapult
|-damage|p1a: Dragapult|0 fnt
|-boost|p2a: Thanusa|spe|1
|faint|p1a: Dragapult
|
|win|AdvancedDigit
|raw|orange overhaul's rating: 1370 &rarr; <strong>1349</strong><br />(-21 for losing)
|raw|AdvancedDigit's rating: 1355 &rarr; <strong>1376</strong><br />(+21 for winning)
|c|☆AdvancedDigit|Gg
|c|☆orange overhaul|gg
|l|☆orange overhaul
