|j|☆Shirkcules 2
|j|☆Pawnnel
|t:|1656872385
|gametype|singles
|player|p1|Shirkcules 2|riley|1499
|player|p2|Pawnnel|psychic-gen4|1481
|teamsize|p1|6
|teamsize|p2|6
|gen|8
|tier|[Gen 8] National Dex AG
|rated|
|rule|HP Percentage Mod: HP is shown in percentages
|rule|Endless Battle Clause: Forcing endless battles is banned
|clearpoke
|poke|p1|Toxapex, M|
|poke|p1|Corsola-Galar, F|
|poke|p1|Hatterene, F|
|poke|p1|Stakataka|
|poke|p1|Calyrex-Ice|
|poke|p1|Yveltal|
|poke|p2|Venusaur, M|
|poke|p2|Torkoal, M|
|poke|p2|Alakazam, M|
|poke|p2|Quagsire, M|
|poke|p2|Metagross|
|poke|p2|Garchomp, M|
|teampreview
|inactive|Battle timer is ON: inactive players will automatically lose when time's up. (requested by Pawnnel)
|
|t:|1656872400
|start
|switch|p1a: Hatterene|Hatterene, F|100/100
|switch|p2a: Metallix|Metagross|100/100
|turn|1
|
|t:|1656872412
|switch|p1a: Toxapex|Toxapex, M|100/100
|detailschange|p2a: Metallix|Metagross-Mega
|-mega|p2a: Metallix|Metagross|Metagrossite
|move|p2a: Metallix|Meteor Mash|p1a: Toxapex
|-resisted|p1a: Toxapex
|-damage|p1a: Toxapex|78/100
|
|-heal|p1a: Toxapex|84/100|[from] item: Black Sludge
|upkeep
|turn|2
|
|t:|1656872429
|switch|p2a: Turt|Torkoal, M|100/100
|-weather|SunnyDay|[from] ability: Drought|[of] p2a: Turt
|move|p1a: Toxapex|Scald|p2a: Turt
|-supereffective|p2a: Turt
|-damage|p2a: Turt|81/100
|
|-weather|SunnyDay|[upkeep]
|-heal|p1a: Toxapex|90/100|[from] item: Black Sludge
|upkeep
|turn|3
|
|t:|1656872443
|switch|p1a: Hatterene|Hatterene, F|100/100
|switch|p2a: Bobsor|Venusaur, M|100/100
|
|-weather|SunnyDay|[upkeep]
|upkeep
|turn|4
|
|t:|1656872459
|move|p2a: Bobsor|Weather Ball|p1a: Hatterene
|-damage|p1a: Hatterene|35/100
|-damage|p2a: Bobsor|91/100|[from] item: Life Orb
|move|p1a: Hatterene|Trick Room|p1a: Hatterene
|-fieldstart|move: Trick Room|[of] p1a: Hatterene
|
|-weather|SunnyDay|[upkeep]
|upkeep
|turn|5
|
|t:|1656872472
|switch|p2a: Metallix|Metagross-Mega|100/100
|move|p1a: Hatterene|Healing Wish|p1a: Hatterene
|faint|p1a: Hatterene
|
|-weather|SunnyDay|[upkeep]
|upkeep
|
|t:|1656872476
|switch|p1a: Calyrex|Calyrex-Ice|100/100
|-ability|p1a: Calyrex|As One
|-ability|p1a: Calyrex|Unnerve
|turn|6
|
|t:|1656872491
|-start|p1a: Calyrex|Dynamax|
|-heal|p1a: Calyrex|100/100|[silent]
|move|p1a: Calyrex|Max Quake|p2a: Metallix
|-supereffective|p2a: Metallix
|-damage|p2a: Metallix|0 fnt
|-boost|p1a: Calyrex|spd|1
|faint|p2a: Metallix
|-ability|p1a: Calyrex|Chilling Neigh|boost
|-boost|p1a: Calyrex|atk|1
|
|-weather|SunnyDay|[upkeep]
|upkeep
|
|t:|1656872513
|switch|p2a: Faust|Alakazam, M|100/100
|turn|7
|
|t:|1656872522
|move|p1a: Calyrex|Max Quake|p2a: Faust
|-enditem|p2a: Faust|Focus Sash
|-damage|p2a: Faust|1/100
|-boost|p1a: Calyrex|spd|1
|move|p2a: Faust|Shadow Ball|p1a: Calyrex
|-supereffective|p1a: Calyrex
|-damage|p1a: Calyrex|91/100
|
|-weather|SunnyDay|[upkeep]
|upkeep
|turn|8
|
|t:|1656872533
|move|p1a: Calyrex|Max Hailstorm|p2a: Faust
|-damage|p2a: Faust|0 fnt
|-weather|Hail
|faint|p2a: Faust
|-ability|p1a: Calyrex|Chilling Neigh|boost
|-boost|p1a: Calyrex|atk|1
|
|-weather|Hail|[upkeep]
|-fieldend|move: Trick Room
|upkeep
|
|t:|1656872542
|switch|p2a: Turt|Torkoal, M|81/100
|-weather|SunnyDay|[from] ability: Drought|[of] p2a: Turt
|-end|p1a: Calyrex|Dynamax
|-heal|p1a: Calyrex|91/100|[silent]
|turn|9
|
|t:|1656872553
|move|p2a: Turt|Clear Smog|p1a: Calyrex
|-damage|p1a: Calyrex|87/100
|-clearboost|p1a: Calyrex
|move|p1a: Calyrex|Trick Room|p1a: Calyrex
|-fieldstart|move: Trick Room|[of] p1a: Calyrex
|
|-weather|SunnyDay|[upkeep]
|upkeep
|turn|10
|
|t:|1656872561
|move|p2a: Turt|Lava Plume|p1a: Calyrex
|-supereffective|p1a: Calyrex
|-damage|p1a: Calyrex|29/100
|-status|p1a: Calyrex|brn
|move|p1a: Calyrex|High Horsepower|p2a: Turt
|-supereffective|p2a: Turt
|-damage|p2a: Turt|47/100
|
|-weather|SunnyDay|[upkeep]
|-damage|p1a: Calyrex|23/100 brn|[from] brn
|upkeep
|turn|11
|
|t:|1656872573
|switch|p2a: Rex|Garchomp, M|100/100
|switch|p1a: Toxapex|Toxapex, M|100/100
|
|-weather|SunnyDay|[upkeep]
|upkeep
|turn|12
|
|t:|1656872592
|move|p1a: Toxapex|Toxic|p2a: Rex
|-status|p2a: Rex|tox
|move|p2a: Rex|Swords Dance|p2a: Rex
|-boost|p2a: Rex|atk|2
|
|-weather|SunnyDay|[upkeep]
|-damage|p2a: Rex|94/100 tox|[from] psn
|upkeep
|turn|13
|
|t:|1656872602
|move|p1a: Toxapex|Haze|p1a: Toxapex
|-clearallboost
|move|p2a: Rex|Scale Shot|p1a: Toxapex
|-damage|p1a: Toxapex|92/100
|-damage|p1a: Toxapex|84/100
|-damage|p1a: Toxapex|76/100
|-damage|p1a: Toxapex|66/100
|-hitcount|p1a: Toxapex|4
|-unboost|p2a: Rex|def|1
|-boost|p2a: Rex|spe|1
|
|-weather|SunnyDay|[upkeep]
|-heal|p1a: Toxapex|72/100|[from] item: Black Sludge
|-damage|p2a: Rex|82/100 tox|[from] psn
|-fieldend|move: Trick Room
|upkeep
|turn|14
|
|t:|1656872628
|switch|p1a: Corsola|Corsola-Galar, F, shiny|100/100
|move|p2a: Rex|Swords Dance|p2a: Rex
|-boost|p2a: Rex|atk|2
|
|-weather|SunnyDay|[upkeep]
|-damage|p2a: Rex|64/100 tox|[from] psn
|upkeep
|turn|15
|
|t:|1656872637
|move|p2a: Rex|Earthquake|p1a: Corsola
|-damage|p1a: Corsola|52/100
|move|p1a: Corsola|Strength Sap|p2a: Rex
|-unboost|p2a: Rex|atk|1
|-heal|p1a: Corsola|100/100
|
|-weather|SunnyDay|[upkeep]
|-damage|p2a: Rex|39/100 tox|[from] psn
|upkeep
|turn|16
|
|t:|1656872647
|move|p2a: Rex|Earthquake|p1a: Corsola
|-damage|p1a: Corsola|64/100
|-start|p2a: Rex|Disable|Earthquake|[from] ability: Cursed Body|[of] p1a: Corsola
|move|p1a: Corsola|Amnesia|p1a: Corsola
|-boost|p1a: Corsola|spd|2
|
|-weather|none
|-damage|p2a: Rex|8/100 tox|[from] psn
|upkeep
|turn|17
|
|t:|1656872658
|move|p2a: Rex|Stone Edge|p1a: Corsola
|-damage|p1a: Corsola|36/100
|move|p1a: Corsola|Strength Sap|p2a: Rex
|-unboost|p2a: Rex|atk|1
|-heal|p1a: Corsola|100/100
|
|-damage|p2a: Rex|0 fnt|[from] psn
|faint|p2a: Rex
|upkeep
|
|t:|1656872672
|switch|p2a: Flop|Quagsire, M|100/100
|turn|18
|
|t:|1656872677
|switch|p1a: Toxapex|Toxapex, M|100/100
|move|p2a: Flop|Curse|p2a: Flop
|-unboost|p2a: Flop|spe|1
|-boost|p2a: Flop|atk|1
|-boost|p2a: Flop|def|1
|
|upkeep
|turn|19
|
|t:|1656872692
|switch|p2a: Turt|Torkoal, M|47/100
|-weather|SunnyDay|[from] ability: Drought|[of] p2a: Turt
|move|p1a: Toxapex|Toxic|p2a: Turt
|-status|p2a: Turt|tox
|
|-weather|SunnyDay|[upkeep]
|-damage|p2a: Turt|40/100 tox|[from] psn
|upkeep
|turn|20
|
|t:|1656872702
|move|p1a: Toxapex|Recover||[still]
|-fail|p1a: Toxapex|heal
|move|p2a: Turt|Stealth Rock|p1a: Toxapex
|-sidestart|p1: Shirkcules 2|move: Stealth Rock
|
|-weather|SunnyDay|[upkeep]
|-damage|p2a: Turt|28/100 tox|[from] psn
|upkeep
|turn|21
|
|t:|1656872728
|switch|p2a: Flop|Quagsire, M|100/100
|move|p1a: Toxapex|Scald|p2a: Flop
|-damage|p2a: Flop|92/100
|
|-weather|SunnyDay|[upkeep]
|-heal|p2a: Flop|98/100|[from] item: Leftovers
|upkeep
|turn|22
|
|t:|1656872743
|move|p1a: Toxapex|Toxic|p2a: Flop
|-status|p2a: Flop|tox
|move|p2a: Flop|Earthquake|p1a: Toxapex
|-supereffective|p1a: Toxapex
|-damage|p1a: Toxapex|63/100
|
|-weather|SunnyDay|[upkeep]
|-heal|p1a: Toxapex|69/100|[from] item: Black Sludge
|-heal|p2a: Flop|100/100 tox|[from] item: Leftovers
|-damage|p2a: Flop|94/100 tox|[from] psn
|upkeep
|turn|23
|
|t:|1656872754
|move|p2a: Flop|Curse|p2a: Flop
|-unboost|p2a: Flop|spe|1
|-boost|p2a: Flop|atk|1
|-boost|p2a: Flop|def|1
|move|p1a: Toxapex|Recover|p1a: Toxapex
|-heal|p1a: Toxapex|100/100
|
|-weather|SunnyDay|[upkeep]
|-heal|p2a: Flop|100/100 tox|[from] item: Leftovers
|-damage|p2a: Flop|88/100 tox|[from] psn
|upkeep
|turn|24
|
|t:|1656872765
|move|p1a: Toxapex|Haze|p1a: Toxapex
|-clearallboost
|move|p2a: Flop|Earthquake|p1a: Toxapex
|-supereffective|p1a: Toxapex
|-damage|p1a: Toxapex|58/100
|
|-weather|SunnyDay|[upkeep]
|-heal|p2a: Flop|94/100 tox|[from] item: Leftovers
|-heal|p1a: Toxapex|64/100|[from] item: Black Sludge
|-damage|p2a: Flop|76/100 tox|[from] psn
|upkeep
|turn|25
|
|t:|1656872781
|switch|p1a: Yveltal|Yveltal|100/100
|-damage|p1a: Yveltal|75/100|[from] Stealth Rock
|-ability|p1a: Yveltal|Dark Aura
|move|p2a: Flop|Earthquake|p1a: Yveltal
|-immune|p1a: Yveltal
|
|-weather|SunnyDay|[upkeep]
|-heal|p1a: Yveltal|82/100|[from] item: Leftovers
|-heal|p2a: Flop|82/100 tox|[from] item: Leftovers
|-damage|p2a: Flop|58/100 tox|[from] psn
|upkeep
|turn|26
|
|t:|1656872799
|move|p1a: Yveltal|Oblivion Wing|p2a: Flop
|-damage|p2a: Flop|20/100 tox
|-heal|p1a: Yveltal|100/100|[from] drain|[of] p2a: Flop
|move|p2a: Flop|Liquidation|p1a: Yveltal
|-damage|p1a: Yveltal|91/100
|
|-weather|none
|-heal|p1a: Yveltal|97/100|[from] item: Leftovers
|-heal|p2a: Flop|26/100 tox|[from] item: Leftovers
|-damage|p2a: Flop|0 fnt|[from] psn
|faint|p2a: Flop
|upkeep
|
|t:|1656872812
|switch|p2a: Turt|Torkoal, M|28/100 tox
|-weather|SunnyDay|[from] ability: Drought|[of] p2a: Turt
|turn|27
|
|t:|1656872824
|move|p1a: Yveltal|U-turn|p2a: Turt
|-resisted|p2a: Turt
|-damage|p2a: Turt|21/100 tox
|
|t:|1656872826
|switch|p1a: Stakataka|Stakataka|100/100|[from]move: U-turn
|-damage|p1a: Stakataka|94/100|[from] Stealth Rock
|move|p2a: Turt|Lava Plume|p1a: Stakataka
|-damage|p1a: Stakataka|57/100
|-status|p1a: Stakataka|brn
|
|-weather|SunnyDay|[upkeep]
|-heal|p1a: Stakataka|63/100 brn|[from] item: Leftovers
|-damage|p2a: Turt|15/100 tox|[from] psn
|-damage|p1a: Stakataka|57/100 brn|[from] brn
|upkeep
|turn|28
|
|t:|1656872842
|move|p2a: Turt|Lava Plume|p1a: Stakataka
|-damage|p1a: Stakataka|18/100 brn
|move|p1a: Stakataka|Trick Room|p1a: Stakataka
|-fieldstart|move: Trick Room|[of] p1a: Stakataka
|
|-weather|SunnyDay|[upkeep]
|-heal|p1a: Stakataka|24/100 brn|[from] item: Leftovers
|-damage|p2a: Turt|3/100 tox|[from] psn
|-damage|p1a: Stakataka|18/100 brn|[from] brn
|upkeep
|turn|29
|
|t:|1656872853
|switch|p1a: Calyrex|Calyrex-Ice|23/100 brn
|-ability|p1a: Calyrex|As One
|-ability|p1a: Calyrex|Unnerve
|-heal|p1a: Calyrex|100/100|[from] move: Healing Wish
|-damage|p1a: Calyrex|75/100|[from] Stealth Rock
|move|p2a: Turt|Lava Plume|p1a: Calyrex
|-supereffective|p1a: Calyrex
|-damage|p1a: Calyrex|26/100
|
|-weather|SunnyDay|[upkeep]
|-damage|p2a: Turt|0 fnt|[from] psn
|faint|p2a: Turt
|upkeep
|
|t:|1656872868
|switch|p2a: Bobsor|Venusaur, M|91/100
|turn|30
|
|t:|1656872873
|-start|p2a: Bobsor|Dynamax|Gmax
|-heal|p2a: Bobsor|91/100|[silent]
|move|p1a: Calyrex|Glacial Lance|p2a: Bobsor
|-supereffective|p2a: Bobsor
|-damage|p2a: Bobsor|0 fnt
|faint|p2a: Bobsor
|
|win|Shirkcules 2
|raw|Shirkcules 2's rating: 1499 &rarr; <strong>1518</strong><br />(+19 for winning)
|raw|Pawnnel's rating: 1481 &rarr; <strong>1462</strong><br />(-19 for losing)
|c|☆Shirkcules 2|gg
||Ladder isn't responding, score probably updated but might not have (Request timeout).
|l|☆Pawnnel
