|j|☆ZeraoraisGod
|j|☆PM77Switch
|t:|1625725946
|gametype|singles
|player|p1|ZeraoraisGod|juggler|1406
|player|p2|PM77Switch|dawn|1516
|teamsize|p1|6
|teamsize|p2|6
|gen|8
|tier|[Gen 8] National Dex AG
|rated|
|rule|HP Percentage Mod: HP is shown in percentages
|rule|Endless Battle Clause: Forcing endless battles is banned
|clearpoke
|poke|p1|Deoxys-Speed|
|poke|p1|Yveltal|
|poke|p1|Necrozma-Dusk-Mane|
|poke|p1|Arceus-*|
|poke|p1|Calyrex-Shadow|
|poke|p1|Xerneas-*|
|poke|p2|Xerneas-*|
|poke|p2|Groudon|
|poke|p2|Arceus-*|
|poke|p2|Landorus-Therian, M|
|poke|p2|Mew|
|poke|p2|Ditto|
|teampreview
|inactive|Battle timer is ON: inactive players will automatically lose when time's up. (requested by ZeraoraisGod)
|inactive|ZeraoraisGod has 120 seconds left.
|
|t:|1625726005
|start
|switch|p1a: Salutations|Deoxys-Speed|100/100
|switch|p2a: Landorus|Landorus-Therian, M|100/100
|-ability|p1a: Salutations|Pressure
|-ability|p2a: Landorus|Intimidate|boost
|-unboost|p1a: Salutations|atk|1
|turn|1
|
|t:|1625726017
|move|p1a: Salutations|Taunt|p2a: Landorus
|-start|p2a: Landorus|move: Taunt
|move|p2a: Landorus|U-turn|p1a: Salutations
|-supereffective|p1a: Salutations
|-damage|p1a: Salutations|35/100
|
|t:|1625726035
|switch|p2a: Groudon|Groudon, shiny|100/100|[from]move: U-turn
|detailschange|p2a: Groudon|Groudon-Primal, shiny
|-primal|p2a: Groudon
|-weather|DesolateLand|[from] ability: Desolate Land|[of] p2a: Groudon
|
|-weather|DesolateLand|[upkeep]
|upkeep
|turn|2
|
|t:|1625726058
|move|p1a: Salutations|Stealth Rock|p2a: Groudon
|-sidestart|p2: PM77Switch|move: Stealth Rock
|move|p2a: Groudon|Rock Slide|p1a: Salutations
|-damage|p1a: Salutations|0 fnt
|faint|p1a: Salutations
|
|-weather|DesolateLand|[upkeep]
|upkeep
|c|☆ZeraoraisGod|aw
|
|t:|1625726063
|switch|p1a: I can save us all!|Arceus|100/100
|turn|3
|
|t:|1625726081
|move|p1a: I can save us all!|Earthquake|p2a: Groudon
|-supereffective|p2a: Groudon
|-damage|p2a: Groudon|40/100
|-damage|p1a: I can save us all!|91/100|[from] item: Life Orb
|move|p2a: Groudon|Rock Polish|p2a: Groudon
|-boost|p2a: Groudon|spe|2
|
|-weather|DesolateLand|[upkeep]
|upkeep
|turn|4
|
|t:|1625726090
|move|p1a: I can save us all!|Extreme Speed|p2a: Groudon
|-damage|p2a: Groudon|2/100
|-damage|p1a: I can save us all!|81/100|[from] item: Life Orb
|move|p2a: Groudon|Earthquake|p1a: I can save us all!
|-damage|p1a: I can save us all!|31/100
|
|-weather|DesolateLand|[upkeep]
|upkeep
|turn|5
|c|☆ZeraoraisGod|2
|
|t:|1625726100
|move|p1a: I can save us all!|Extreme Speed|p2a: Groudon
|-damage|p2a: Groudon|0 fnt
|faint|p2a: Groudon
|-weather|none
|-damage|p1a: I can save us all!|21/100|[from] item: Life Orb
|
|upkeep
|
|t:|1625726115
|switch|p2a: Ditto|Ditto|100/100
|-damage|p2a: Ditto|88/100|[from] Stealth Rock
|-transform|p2a: Ditto|p1a: I can save us all!|[from] ability: Imposter
|turn|6
|
|t:|1625726129
|move|p2a: Ditto|Extreme Speed|p1a: I can save us all!
|-damage|p1a: I can save us all!|0 fnt
|faint|p1a: I can save us all!
|
|upkeep
|
|t:|1625726131
|switch|p1a: Do y' love me now?|Calyrex-Shadow|100/100
|-ability|p1a: Do y' love me now?|As One
|-ability|p1a: Do y' love me now?|Unnerve
|turn|7
|
|t:|1625726151
|switch|p2a: Arceus|Arceus|100/100
|-damage|p2a: Arceus|88/100|[from] Stealth Rock
|move|p1a: Do y' love me now?|Nasty Plot|p1a: Do y' love me now?
|-boost|p1a: Do y' love me now?|spa|2
|
|upkeep
|turn|8
|
|t:|1625726163
|-start|p2a: Arceus|Dynamax
|-heal|p2a: Arceus|88/100|[silent]
|move|p1a: Do y' love me now?|Baton Pass|p1a: Do y' love me now?
|
|t:|1625726166
|switch|p1a: Dead Rope Machine|Yveltal, shiny|100/100|[from]move: Baton Pass
|-ability|p1a: Dead Rope Machine|Dark Aura
|move|p2a: Arceus|Max Flare|p1a: Dead Rope Machine
|-damage|p1a: Dead Rope Machine|50/100
|-weather|SunnyDay
|-damage|p2a: Arceus|83/100|[from] item: Life Orb
|
|-weather|SunnyDay|[upkeep]
|upkeep
|turn|9
|c|☆ZeraoraisGod|ok
|
|t:|1625726183
|-start|p1a: Dead Rope Machine|Dynamax
|-heal|p1a: Dead Rope Machine|50/100|[silent]
|move|p2a: Arceus|Max Hailstorm|p1a: Dead Rope Machine
|-supereffective|p1a: Dead Rope Machine
|-damage|p1a: Dead Rope Machine|0 fnt
|-weather|Hail
|faint|p1a: Dead Rope Machine
|-damage|p2a: Arceus|78/100|[from] item: Life Orb
|
|-weather|Hail|[upkeep]
|-damage|p2a: Arceus|75/100|[from] Hail
|upkeep
|c|☆ZeraoraisGod|aw
|
|t:|1625726187
|switch|p1a: MNEMONIC MAN!|Necrozma-Dusk-Mane|100/100
|turn|10
|
|t:|1625726197
|move|p2a: Arceus|Max Flare|p1a: MNEMONIC MAN!
|-supereffective|p1a: MNEMONIC MAN!
|-damage|p1a: MNEMONIC MAN!|39/100
|-weather|SunnyDay
|-damage|p2a: Arceus|70/100|[from] item: Life Orb
|move|p1a: MNEMONIC MAN!|Trick Room|p1a: MNEMONIC MAN!
|-fieldstart|move: Trick Room|[of] p1a: MNEMONIC MAN!
|
|-weather|SunnyDay|[upkeep]
|-end|p2a: Arceus|Dynamax
|-heal|p2a: Arceus|70/100|[silent]
|upkeep
|turn|11
|c|☆ZeraoraisGod|sucks to be me
|
|t:|1625726209
|-zpower|p1a: MNEMONIC MAN!
|move|p1a: MNEMONIC MAN!|Searing Sunraze Smash|p2a: Arceus|[zeffect]
|-crit|p2a: Arceus
|-damage|p2a: Arceus|0 fnt
|faint|p2a: Arceus
|
|-weather|SunnyDay|[upkeep]
|upkeep
|
|t:|1625726222
|switch|p2a: Mew|Mew|100/100
|-damage|p2a: Mew|88/100|[from] Stealth Rock
|turn|12
|
|t:|1625726241
|move|p1a: MNEMONIC MAN!|Sunsteel Strike|p2a: Mew
|-damage|p2a: Mew|18/100
|move|p2a: Mew|Stealth Rock|p1a: MNEMONIC MAN!
|-sidestart|p1: ZeraoraisGod|move: Stealth Rock
|
|-weather|SunnyDay|[upkeep]
|-heal|p2a: Mew|24/100|[from] item: Leftovers
|upkeep
|turn|13
|
|t:|1625726261
|move|p1a: MNEMONIC MAN!|Sunsteel Strike|p2a: Mew
|-damage|p2a: Mew|0 fnt
|faint|p2a: Mew
|
|-weather|SunnyDay|[upkeep]
|upkeep
|
|t:|1625726275
|switch|p2a: Landorus|Landorus-Therian, M|100/100
|-damage|p2a: Landorus|88/100|[from] Stealth Rock
|-ability|p2a: Landorus|Intimidate|boost
|-unboost|p1a: MNEMONIC MAN!|atk|1
|turn|14
|
|t:|1625726281
|move|p1a: MNEMONIC MAN!|Sunsteel Strike|p2a: Landorus
|-damage|p2a: Landorus|37/100
|move|p2a: Landorus|Earthquake|p1a: MNEMONIC MAN!
|-supereffective|p1a: MNEMONIC MAN!
|-damage|p1a: MNEMONIC MAN!|0 fnt
|faint|p1a: MNEMONIC MAN!
|
|-weather|none
|-fieldend|move: Trick Room
|upkeep
|
|t:|1625726288
|switch|p1a: Great Rain Beatle|Xerneas|100/100
|-damage|p1a: Great Rain Beatle|88/100|[from] Stealth Rock
|-ability|p1a: Great Rain Beatle|Fairy Aura
|turn|15
|
|t:|1625726297
|-zpower|p2a: Landorus
|move|p2a: Landorus|Supersonic Skystrike|p1a: Great Rain Beatle|[zeffect]
|-damage|p1a: Great Rain Beatle|3/100
|move|p1a: Great Rain Beatle|Moonblast|p2a: Landorus
|-crit|p2a: Landorus
|-damage|p2a: Landorus|0 fnt
|faint|p2a: Landorus
|
|upkeep
|c|☆ZeraoraisGod|gg wp tho
|
|t:|1625726312
|switch|p2a: Xerneas|Xerneas, shiny|100/100
|-damage|p2a: Xerneas|88/100|[from] Stealth Rock
|-ability|p2a: Xerneas|Fairy Aura
|turn|16
|j| Discoii 2
|inactive|ZeraoraisGod has 120 seconds left.
|inactive|ZeraoraisGod has 90 seconds left.
|inactive|ZeraoraisGod has 60 seconds left.
|l| Discoii 2
|
|t:|1625726422
|move|p2a: Xerneas|Moonblast|p1a: Great Rain Beatle
|-damage|p1a: Great Rain Beatle|0 fnt
|faint|p1a: Great Rain Beatle
|
|upkeep
|
|t:|1625726424
|switch|p1a: Do y' love me now?|Calyrex-Shadow|100/100
|-ability|p1a: Do y' love me now?|As One
|-ability|p1a: Do y' love me now?|Unnerve
|-damage|p1a: Do y' love me now?|88/100|[from] Stealth Rock
|turn|17
|
|t:|1625726433
|move|p1a: Do y' love me now?|Astral Barrage|p2a: Xerneas
|-damage|p2a: Xerneas|2/100
|-damage|p1a: Do y' love me now?|78/100|[from] item: Life Orb
|move|p2a: Xerneas|Geomancy||[still]
|-prepare|p2a: Xerneas|Geomancy
|-enditem|p2a: Xerneas|Power Herb
|-anim|p2a: Xerneas|Geomancy|p2a: Xerneas
|-boost|p2a: Xerneas|spa|2
|-boost|p2a: Xerneas|spd|2
|-boost|p2a: Xerneas|spe|2
|
|upkeep
|turn|18
|inactive|ZeraoraisGod has 60 seconds left.
|
|t:|1625726447
|move|p2a: Xerneas|Moonblast|p1a: Do y' love me now?
|-damage|p1a: Do y' love me now?|0 fnt
|faint|p1a: Do y' love me now?
|
|win|PM77Switch
|raw|ZeraoraisGod's rating: 1406 &rarr; <strong>1392</strong><br />(-14 for losing)
|raw|PM77Switch's rating: 1516 &rarr; <strong>1530</strong><br />(+14 for winning)
|c|☆ZeraoraisGod|gg
|l|☆ZeraoraisGod
|l|☆PM77Switch
