|j|☆xLeonisx
|j|☆rowletroost
|t:|1641845158
|gametype|singles
|player|p1|xLeonisx|1|1507
|player|p2|rowletroost|lance|1807
|teamsize|p1|6
|teamsize|p2|6
|gen|8
|tier|[Gen 8] National Dex AG
|rated|
|rule|HP Percentage Mod: HP is shown in percentages
|rule|Endless Battle Clause: Forcing endless battles is banned
|clearpoke
|poke|p1|Zacian-*|
|poke|p1|Kyogre|
|poke|p1|Yveltal|
|poke|p1|Calyrex-Shadow|
|poke|p1|Marshadow|
|poke|p1|Arceus-*|
|poke|p2|Arceus-*|
|poke|p2|Xerneas-*|
|poke|p2|Kyogre|
|poke|p2|Marshadow|
|poke|p2|Ribombee, M|
|poke|p2|Vivillon-Savanna, F|
|teampreview
|inactive|Battle timer is ON: inactive players will automatically lose when time's up. (requested by rowletroost)
|inactive|xLeonisx has 120 seconds left.
|
|t:|1641845191
|start
|switch|p1a: Yveltal|Yveltal|100/100
|switch|p2a: Ribombee|Ribombee, M, shiny|100/100
|-ability|p1a: Yveltal|Dark Aura
|turn|1
|
|t:|1641845199
|move|p2a: Ribombee|Sticky Web|p1a: Yveltal
|-sidestart|p1: xLeonisx|move: Sticky Web
|move|p1a: Yveltal|Dual Wingbeat|p2a: Ribombee
|-supereffective|p2a: Ribombee
|-enditem|p2a: Ribombee|Focus Sash
|-damage|p2a: Ribombee|1/100
|-supereffective|p2a: Ribombee
|-damage|p2a: Ribombee|0 fnt
|faint|p2a: Ribombee
|-hitcount|p2: Ribombee|2
|-damage|p1a: Yveltal|91/100|[from] item: Life Orb
|
|upkeep
|
|t:|1641845216
|switch|p2a: Xerneas|Xerneas, shiny|100/100
|-ability|p2a: Xerneas|Fairy Aura
|turn|2
|
|t:|1641845221
|switch|p1a: Arceus|Arceus-Ground|100/100
|-activate|p1a: Arceus|move: Sticky Web
|-unboost|p1a: Arceus|spe|1
|move|p2a: Xerneas|Moonblast|p1a: Arceus
|-damage|p1a: Arceus|50/100
|
|upkeep
|turn|3
|
|t:|1641845225
|move|p2a: Xerneas|Moonblast|p1a: Arceus
|-damage|p1a: Arceus|0 fnt
|faint|p1a: Arceus
|
|upkeep
|
|t:|1641845229
|switch|p1a: Zacian|Zacian-Crowned|100/100
|-activate|p1a: Zacian|move: Sticky Web
|-unboost|p1a: Zacian|spe|1
|-ability|p1a: Zacian|Intrepid Sword|boost
|-boost|p1a: Zacian|atk|1
|turn|4
|
|t:|1641845233
|switch|p2a: Arceus|Arceus-Ground|100/100
|move|p1a: Zacian|Behemoth Blade|p2a: Arceus
|-damage|p2a: Arceus|51/100
|
|upkeep
|turn|5
|
|t:|1641845245
|move|p1a: Zacian|Close Combat|p2a: Arceus
|-damage|p2a: Arceus|16/100
|-unboost|p1a: Zacian|def|1
|-unboost|p1a: Zacian|spd|1
|move|p2a: Arceus|Recover|p2a: Arceus
|-heal|p2a: Arceus|66/100
|
|upkeep
|turn|6
|
|t:|1641845249
|move|p1a: Zacian|Behemoth Blade|p2a: Arceus
|-damage|p2a: Arceus|19/100
|move|p2a: Arceus|Judgment|p1a: Zacian
|-supereffective|p1a: Zacian
|-damage|p1a: Zacian|0 fnt
|faint|p1a: Zacian
|
|upkeep
|
|t:|1641845257
|switch|p1a: Marshadow|Marshadow|100/100
|-activate|p1a: Marshadow|move: Sticky Web
|-unboost|p1a: Marshadow|spe|1
|turn|7
|
|t:|1641845261
|move|p2a: Arceus|Recover|p2a: Arceus
|-heal|p2a: Arceus|69/100
|move|p1a: Marshadow|Drain Punch|p2a: Arceus
|-damage|p2a: Arceus|49/100
|
|upkeep
|turn|8
|
|t:|1641845266
|move|p2a: Arceus|Recover|p2a: Arceus
|-heal|p2a: Arceus|99/100
|move|p1a: Marshadow|Spectral Thief|p2a: Arceus
|-damage|p2a: Arceus|78/100
|
|upkeep
|turn|9
|-message|xLeonisx forfeited.
|
|win|rowletroost
|raw|xLeonisx's rating: 1507 &rarr; <strong>1501</strong><br />(-6 for losing)
|raw|rowletroost's rating: 1807 &rarr; <strong>1813</strong><br />(+6 for winning)
