|j|☆alwaysrinse
|j|☆Mak the ZekLord
|t:|1621378567
|gametype|singles
|player|p1|alwaysrinse|1|1871
|player|p2|Mak the ZekLord|ash-sinnoh|1840
|teamsize|p1|6
|teamsize|p2|6
|gen|8
|tier|[Gen 8] National Dex AG
|rated|
|rule|HP Percentage Mod: HP is shown in percentages
|rule|Endless Battle Clause: Forcing endless battles is banned
|clearpoke
|poke|p1|Quagsire, F|
|poke|p1|Chansey, F|
|poke|p1|Tyranitar, M|
|poke|p1|Lugia|
|poke|p1|Sableye, F|
|poke|p1|Giratina|
|poke|p2|Arceus-*|
|poke|p2|Zacian-*|
|poke|p2|Yveltal|
|poke|p2|Zekrom|
|poke|p2|Grimmsnarl, M|
|poke|p2|Xerneas-*|
|teampreview
|inactive|Battle timer is ON: inactive players will automatically lose when time's up. (requested by Mak the ZekLord)
|c|☆Mak the ZekLord|The ss returns
|inactive|alwaysrinse has 120 seconds left.
|
|t:|1621378613
|start
|switch|p1a: Sableye|Sableye, F|100/100
|switch|p2a: Arceus|Arceus-Ground|100/100
|turn|1
|c|☆alwaysrinse|what is the ss
|
|t:|1621378628
|switch|p2a: Yveltal|Yveltal|100/100
|-ability|p2a: Yveltal|Dark Aura
|detailschange|p1a: Sableye|Sableye-Mega, F
|-mega|p1a: Sableye|Sableye|Sablenite
|move|p1a: Sableye|Will-O-Wisp|p2a: Yveltal
|-status|p2a: Yveltal|brn
|
|-damage|p2a: Yveltal|94/100 brn|[from] brn
|upkeep
|turn|2
|c|☆Mak the ZekLord|Stall Slayer
|
|t:|1621378641
|switch|p1a: Tyranitar|Tyranitar, M|100/100
|-weather|Sandstorm|[from] ability: Sand Stream|[of] p1a: Tyranitar
|move|p2a: Yveltal|Dark Pulse|p1a: Tyranitar
|-resisted|p1a: Tyranitar
|-damage|p1a: Tyranitar|85/100
|-damage|p2a: Yveltal|84/100 brn|[from] item: Life Orb
|
|-weather|Sandstorm|[upkeep]
|-damage|p2a: Yveltal|78/100 brn|[from] Sandstorm
|-heal|p1a: Tyranitar|92/100|[from] item: Leftovers
|-damage|p2a: Yveltal|72/100 brn|[from] brn
|upkeep
|turn|3
|
|t:|1621378653
|switch|p2a: Arceus|Arceus-Ground|100/100
|move|p1a: Tyranitar|Stealth Rock|p2a: Arceus
|-sidestart|p2: Mak the ZekLord|move: Stealth Rock
|
|-weather|Sandstorm|[upkeep]
|-heal|p1a: Tyranitar|98/100|[from] item: Leftovers
|upkeep
|turn|4
|
|t:|1621378663
|switch|p1a: Sableye|Sableye-Mega, F|100/100
|move|p2a: Arceus|Swords Dance|p2a: Arceus
|-boost|p2a: Arceus|atk|2
|
|-weather|Sandstorm|[upkeep]
|-damage|p1a: Sableye|94/100|[from] Sandstorm
|upkeep
|turn|5
|
|t:|1621378672
|move|p2a: Arceus|Earthquake|p1a: Sableye
|-damage|p1a: Sableye|0 fnt
|faint|p1a: Sableye
|
|-weather|Sandstorm|[upkeep]
|upkeep
|
|t:|1621378674
|switch|p1a: Quagsire|Quagsire, F|100/100
|turn|6
|
|t:|1621378682
|switch|p2a: Yveltal|Yveltal|72/100 brn
|-damage|p2a: Yveltal|47/100 brn|[from] Stealth Rock
|-ability|p2a: Yveltal|Dark Aura
|move|p1a: Quagsire|Toxic||[still]
|-fail|p1a: Quagsire
|
|-weather|none
|-damage|p2a: Yveltal|41/100 brn|[from] brn
|upkeep
|turn|7
|c|☆alwaysrinse|lol
|
|t:|1621378689
|switch|p1a: Tyranitar|Tyranitar, M|98/100
|-weather|Sandstorm|[from] ability: Sand Stream|[of] p1a: Tyranitar
|move|p2a: Yveltal|Oblivion Wing|p1a: Tyranitar
|-resisted|p1a: Tyranitar
|-damage|p1a: Tyranitar|85/100
|-heal|p2a: Yveltal|51/100 brn|[from] drain|[of] p1a: Tyranitar
|-damage|p2a: Yveltal|41/100 brn|[from] item: Life Orb
|
|-weather|Sandstorm|[upkeep]
|-damage|p2a: Yveltal|35/100 brn|[from] Sandstorm
|-heal|p1a: Tyranitar|91/100|[from] item: Leftovers
|-damage|p2a: Yveltal|29/100 brn|[from] brn
|upkeep
|turn|8
|
|t:|1621378704
|switch|p2a: Zacian|Zacian-Crowned|100/100
|-damage|p2a: Zacian|94/100|[from] Stealth Rock
|-ability|p2a: Zacian|Intrepid Sword|boost
|-boost|p2a: Zacian|atk|1
|move|p1a: Tyranitar|Rock Tomb|p2a: Zacian
|-resisted|p2a: Zacian
|-damage|p2a: Zacian|82/100
|-unboost|p2a: Zacian|spe|1
|
|-weather|Sandstorm|[upkeep]
|-heal|p1a: Tyranitar|97/100|[from] item: Leftovers
|upkeep
|turn|9
|
|t:|1621378709
|switch|p2a: Arceus|Arceus-Ground|100/100
|-damage|p2a: Arceus|94/100|[from] Stealth Rock
|switch|p1a: Quagsire|Quagsire, F|100/100
|
|-weather|Sandstorm|[upkeep]
|upkeep
|turn|10
|c|☆alwaysrinse|yveltal is dead
|
|t:|1621378713
|move|p2a: Arceus|Stealth Rock|p1a: Quagsire
|-sidestart|p1: alwaysrinse|move: Stealth Rock
|move|p1a: Quagsire|Toxic|p2a: Arceus|[miss]
|-miss|p1a: Quagsire|p2a: Arceus
|
|-weather|Sandstorm|[upkeep]
|upkeep
|turn|11
|
|t:|1621378718
|switch|p2a: Yveltal|Yveltal|29/100 brn
|-damage|p2a: Yveltal|4/100 brn|[from] Stealth Rock
|-ability|p2a: Yveltal|Dark Aura
|move|p1a: Quagsire|Toxic|p2a: Yveltal|[miss]
|-miss|p1a: Quagsire|p2a: Yveltal
|
|-weather|none
|-damage|p2a: Yveltal|0 fnt|[from] brn
|faint|p2a: Yveltal
|upkeep
|
|t:|1621378724
|switch|p2a: Xerneas|Xerneas|100/100
|-damage|p2a: Xerneas|88/100|[from] Stealth Rock
|-ability|p2a: Xerneas|Fairy Aura
|turn|12
|c|☆alwaysrinse|lol
|
|t:|1621378737
|switch|p2a: Zekrom|Zekrom|100/100
|-damage|p2a: Zekrom|88/100|[from] Stealth Rock
|-ability|p2a: Zekrom|Teravolt
|switch|p1a: Chansey|Chansey, F|100/100
|-damage|p1a: Chansey|88/100|[from] Stealth Rock
|
|upkeep
|turn|13
|
|t:|1621378743
|switch|p1a: Quagsire|Quagsire, F|100/100
|-damage|p1a: Quagsire|94/100|[from] Stealth Rock
|move|p2a: Zekrom|Dragon Dance|p2a: Zekrom
|-boost|p2a: Zekrom|atk|1
|-boost|p2a: Zekrom|spe|1
|
|-heal|p1a: Quagsire|100/100|[from] item: Leftovers
|upkeep
|turn|14
|
|t:|1621378749
|-start|p2a: Zekrom|Dynamax
|-heal|p2a: Zekrom|88/100|[silent]
|move|p2a: Zekrom|Max Wyrmwind|p1a: Quagsire
|-damage|p1a: Quagsire|23/100
|-unboost|p1a: Quagsire|atk|1
|move|p1a: Quagsire|Haze|p1a: Quagsire
|-clearallboost
|
|-heal|p1a: Quagsire|29/100|[from] item: Leftovers
|upkeep
|turn|15
|j| Jefff 369421 ❤
|
|t:|1621378757
|-start|p1a: Quagsire|Dynamax
|-heal|p1a: Quagsire|29/100|[silent]
|move|p1a: Quagsire|Max Guard|p1a: Quagsire
|-singleturn|p1a: Quagsire|Max Guard
|move|p2a: Zekrom|Max Wyrmwind|p1a: Quagsire
|-activate|p1a: Quagsire|move: Max Guard
|
|-heal|p1a: Quagsire|32/100|[from] item: Leftovers
|upkeep
|turn|16
|
|t:|1621378764
|move|p2a: Zekrom|Max Wyrmwind|p1a: Quagsire
|-damage|p1a: Quagsire|8/100
|-unboost|p1a: Quagsire|atk|1
|move|p1a: Quagsire|Max Quake|p2a: Zekrom
|-supereffective|p2a: Zekrom
|-damage|p2a: Zekrom|67/100
|-boost|p1a: Quagsire|spd|1
|-enditem|p2a: Zekrom|Weakness Policy
|-boost|p2a: Zekrom|atk|2|[from] item: Weakness Policy
|-boost|p2a: Zekrom|spa|2|[from] item: Weakness Policy
|
|-heal|p1a: Quagsire|11/100|[from] item: Leftovers
|-end|p2a: Zekrom|Dynamax
|-heal|p2a: Zekrom|67/100|[silent]
|upkeep
|turn|17
|
|t:|1621378775
|move|p2a: Zekrom|Dragon Dance|p2a: Zekrom
|-boost|p2a: Zekrom|atk|1
|-boost|p2a: Zekrom|spe|1
|move|p1a: Quagsire|Max Quake|p2a: Zekrom
|-supereffective|p2a: Zekrom
|-damage|p2a: Zekrom|30/100
|-boost|p1a: Quagsire|spd|1
|
|-heal|p1a: Quagsire|14/100|[from] item: Leftovers
|-end|p1a: Quagsire|Dynamax
|-heal|p1a: Quagsire|14/100|[silent]
|upkeep
|turn|18
|
|t:|1621378779
|move|p2a: Zekrom|Crunch|p1a: Quagsire
|-damage|p1a: Quagsire|0 fnt
|faint|p1a: Quagsire
|
|upkeep
|
|t:|1621378784
|switch|p1a: Tyranitar|Tyranitar, M|97/100
|-damage|p1a: Tyranitar|85/100|[from] Stealth Rock
|-weather|Sandstorm|[from] ability: Sand Stream|[of] p1a: Tyranitar
|turn|19
|
|t:|1621378787
|move|p2a: Zekrom|Bolt Strike|p1a: Tyranitar
|-damage|p1a: Tyranitar|0 fnt
|faint|p1a: Tyranitar
|
|-weather|Sandstorm|[upkeep]
|-damage|p2a: Zekrom|23/100|[from] Sandstorm
|upkeep
|c| Jefff 369421 ❤|mak
|
|t:|1621378794
|switch|p1a: Lugia|Lugia|100/100
|turn|20
|c|☆Mak the ZekLord|Yeah?
|c| Jefff 369421 ❤|you call yourself a stall slayer?
|c|☆alwaysrinse|yeah
|c|☆Mak the ZekLord|¿?
|c|☆alwaysrinse|i lose
|c|☆alwaysrinse|this zekrom beats quag
|
|t:|1621378807
|switch|p1a: Giratina|Giratina|100/100
|-damage|p1a: Giratina|88/100|[from] Stealth Rock
|-ability|p1a: Giratina|Pressure
|move|p2a: Zekrom|Bolt Strike|p1a: Giratina
|-resisted|p1a: Giratina
|-damage|p1a: Giratina|49/100
|
|-weather|Sandstorm|[upkeep]
|-damage|p2a: Zekrom|17/100|[from] Sandstorm
|-damage|p1a: Giratina|42/100|[from] Sandstorm
|-heal|p1a: Giratina|49/100|[from] item: Leftovers
|upkeep
|turn|21
|c| Jefff 369421 ❤|I am sure I have beaten you with stall one time
|c|☆Mak the ZekLord|¿?¿
|inactive|Mak the ZekLord has 120 seconds left.
|c|☆Mak the ZekLord|When what that tho?
|c| Jefff 369421 ❤|while ago
|c| Jefff 369421 ❤|gonna try to find the replay
|inactive|Mak the ZekLord has 90 seconds left.
|n| Testing this garbo|jefff369421
|c|☆Mak the ZekLord|What's Also sad is that I can beat most stall, yeah I get my ass handed to me by balanced offense
|
|t:|1621378878
|move|p2a: Zekrom|Dragon Claw|p1a: Giratina
|-supereffective|p1a: Giratina
|-damage|p1a: Giratina|0 fnt
|faint|p1a: Giratina
|
|-weather|Sandstorm|[upkeep]
|-damage|p2a: Zekrom|11/100|[from] Sandstorm
|upkeep
|c|☆Mak the ZekLord|Yet*
|
|t:|1621378887
|switch|p1a: Lugia|Lugia|100/100
|turn|22
|
|t:|1621378894
|move|p2a: Zekrom|Bolt Strike|p1a: Lugia
|-supereffective|p1a: Lugia
|-damage|p1a: Lugia|0 fnt
|faint|p1a: Lugia
|
|-weather|Sandstorm|[upkeep]
|-damage|p2a: Zekrom|5/100|[from] Sandstorm
|upkeep
|
|t:|1621378899
|switch|p1a: Chansey|Chansey, F|88/100
|-damage|p1a: Chansey|76/100|[from] Stealth Rock
|turn|23
|c|☆alwaysrinse|miss
|
|t:|1621378905
|move|p2a: Zekrom|Dragon Claw|p1a: Chansey
|-damage|p1a: Chansey|0 fnt
|faint|p1a: Chansey
|
|win|Mak the ZekLord
|raw|alwaysrinse's rating: 1871 &rarr; <strong>1848</strong><br />(-23 for losing)
|raw|Mak the ZekLord's rating: 1819 &rarr; <strong>1842</strong><br />(+23 for winning)
|c|☆alwaysrinse|lose
|l|☆alwaysrinse
|n| Jefff 369418|testingthisgarbo
