|j|☆what_happend_bro
|j|☆coloer
|t:|1668005211
|gametype|singles
|player|p1|what_happend_bro|unknown|1470
|player|p2|coloer|red|1436
|teamsize|p1|6
|teamsize|p2|6
|gen|8
|tier|[Gen 8] National Dex AG
|rated|
|rule|HP Percentage Mod: HP is shown in percentages
|rule|Endless Battle Clause: Forcing endless battles is banned
|clearpoke
|poke|p1|Corviknight, F|
|poke|p1|Arceus-*|
|poke|p1|Marshadow|
|poke|p1|Scizor, M|
|poke|p1|Forretress, F|
|poke|p1|Ditto|
|poke|p2|Rayquaza|
|poke|p2|Cinderace, M|
|poke|p2|Forretress, F|
|poke|p2|Ditto|
|poke|p2|Calyrex-Shadow|
|poke|p2|Kyogre|
|teampreview
|inactive|Battle timer is ON: inactive players will automatically lose when time's up. (requested by what_happend_bro)
|
|t:|1668005228
|start
|switch|p1a: Forretress|Forretress, F, shiny|100/100
|switch|p2a: Forretress|Forretress, F|100/100
|turn|1
|
|t:|1668005249
|move|p2a: Forretress|Stealth Rock|p1a: Forretress
|-sidestart|p1: what_happend_bro|move: Stealth Rock
|move|p1a: Forretress|Stealth Rock|p2a: Forretress
|-sidestart|p2: coloer|move: Stealth Rock
|
|upkeep
|turn|2
|
|t:|1668005253
|move|p2a: Forretress|Toxic Spikes|p1a: Forretress
|-sidestart|p1: what_happend_bro|move: Toxic Spikes
|move|p1a: Forretress|Spikes|p2a: Forretress
|-sidestart|p2: coloer|Spikes
|
|upkeep
|turn|3
|
|t:|1668005256
|move|p2a: Forretress|Spikes|p1a: Forretress
|-sidestart|p1: what_happend_bro|Spikes
|move|p1a: Forretress|Rapid Spin|p2a: Forretress
|-resisted|p2a: Forretress
|-damage|p2a: Forretress|98/100
|-boost|p1a: Forretress|spe|1
|-sideend|p1: what_happend_bro|Spikes|[from] move: Rapid Spin|[of] p1a: Forretress
|-sideend|p1: what_happend_bro|Toxic Spikes|[from] move: Rapid Spin|[of] p1a: Forretress
|-sideend|p1: what_happend_bro|Stealth Rock|[from] move: Rapid Spin|[of] p1a: Forretress
|-enditem|p2a: Forretress|Red Card|[of] p1a: Forretress
|drag|p1a: Ditto|Ditto|100/100
|-transform|p1a: Ditto|p2a: Forretress|[from] ability: Imposter
|
|upkeep
|turn|4
|
|t:|1668005269
|move|p1a: Ditto|Toxic Spikes|p2a: Forretress
|-sidestart|p2: coloer|move: Toxic Spikes
|move|p2a: Forretress|Rapid Spin|p1a: Ditto
|-resisted|p1a: Ditto
|-damage|p1a: Ditto|97/100
|-boost|p2a: Forretress|spe|1
|-sideend|p2: coloer|Spikes|[from] move: Rapid Spin|[of] p2a: Forretress
|-sideend|p2: coloer|Toxic Spikes|[from] move: Rapid Spin|[of] p2a: Forretress
|-sideend|p2: coloer|Stealth Rock|[from] move: Rapid Spin|[of] p2a: Forretress
|
|upkeep
|turn|5
|
|t:|1668005275
|move|p2a: Forretress|Stealth Rock|p1a: Ditto
|-sidestart|p1: what_happend_bro|move: Stealth Rock
|move|p1a: Ditto|Rapid Spin|p2a: Forretress
|-resisted|p2a: Forretress
|-damage|p2a: Forretress|95/100
|-boost|p1a: Ditto|spe|1
|-sideend|p1: what_happend_bro|Stealth Rock|[from] move: Rapid Spin|[of] p1a: Ditto
|
|upkeep
|turn|6
|
|t:|1668005281
|move|p2a: Forretress|Stealth Rock|p1a: Ditto
|-sidestart|p1: what_happend_bro|move: Stealth Rock
|move|p1a: Ditto|Stealth Rock|p2a: Forretress
|-sidestart|p2: coloer|move: Stealth Rock
|
|upkeep
|turn|7
|
|t:|1668005284
|move|p2a: Forretress|Rapid Spin|p1a: Ditto
|-resisted|p1a: Ditto
|-damage|p1a: Ditto|94/100
|-boost|p2a: Forretress|spe|1
|-sideend|p2: coloer|Stealth Rock|[from] move: Rapid Spin|[of] p2a: Forretress
|move|p1a: Ditto|Toxic Spikes|p2a: Forretress
|-sidestart|p2: coloer|move: Toxic Spikes
|
|upkeep
|turn|8
|
|t:|1668005288
|move|p2a: Forretress|Toxic Spikes|p1a: Ditto
|-sidestart|p1: what_happend_bro|move: Toxic Spikes
|move|p1a: Ditto|Rapid Spin|p2a: Forretress
|-resisted|p2a: Forretress
|-damage|p2a: Forretress|92/100
|-boost|p1a: Ditto|spe|1
|-sideend|p1: what_happend_bro|Toxic Spikes|[from] move: Rapid Spin|[of] p1a: Ditto
|-sideend|p1: what_happend_bro|Stealth Rock|[from] move: Rapid Spin|[of] p1a: Ditto
|
|upkeep
|turn|9
|
|t:|1668005290
|move|p2a: Forretress|Rapid Spin|p1a: Ditto
|-resisted|p1a: Ditto
|-damage|p1a: Ditto|91/100
|-boost|p2a: Forretress|spe|1
|-sideend|p2: coloer|Toxic Spikes|[from] move: Rapid Spin|[of] p2a: Forretress
|move|p1a: Ditto|Stealth Rock|p2a: Forretress
|-sidestart|p2: coloer|move: Stealth Rock
|
|upkeep
|turn|10
|
|t:|1668005294
|move|p2a: Forretress|Stealth Rock|p1a: Ditto
|-sidestart|p1: what_happend_bro|move: Stealth Rock
|move|p1a: Ditto|Toxic Spikes|p2a: Forretress
|-sidestart|p2: coloer|move: Toxic Spikes
|
|upkeep
|turn|11
|
|t:|1668005296
|move|p2a: Forretress|Rapid Spin|p1a: Ditto
|-resisted|p1a: Ditto
|-damage|p1a: Ditto|89/100
|-boost|p2a: Forretress|spe|1
|-sideend|p2: coloer|Toxic Spikes|[from] move: Rapid Spin|[of] p2a: Forretress
|-sideend|p2: coloer|Stealth Rock|[from] move: Rapid Spin|[of] p2a: Forretress
|move|p1a: Ditto|Rapid Spin|p2a: Forretress
|-resisted|p2a: Forretress
|-damage|p2a: Forretress|90/100
|-boost|p1a: Ditto|spe|1
|-sideend|p1: what_happend_bro|Stealth Rock|[from] move: Rapid Spin|[of] p1a: Ditto
|
|upkeep
|turn|12
|
|t:|1668005303
|move|p2a: Forretress|Rapid Spin|p1a: Ditto
|-resisted|p1a: Ditto
|-damage|p1a: Ditto|86/100
|-boost|p2a: Forretress|spe|1
|move|p1a: Ditto|Stealth Rock|p2a: Forretress
|-sidestart|p2: coloer|move: Stealth Rock
|
|upkeep
|turn|13
|
|t:|1668005306
|move|p2a: Forretress|Rapid Spin|p1a: Ditto
|-resisted|p1a: Ditto
|-damage|p1a: Ditto|83/100
|-boost|p2a: Forretress|spe|1
|-sideend|p2: coloer|Stealth Rock|[from] move: Rapid Spin|[of] p2a: Forretress
|move|p1a: Ditto|Toxic Spikes|p2a: Forretress
|-sidestart|p2: coloer|move: Toxic Spikes
|
|upkeep
|turn|14
|
|t:|1668005313
|move|p2a: Forretress|Rapid Spin|p1a: Ditto
|-resisted|p1a: Ditto
|-damage|p1a: Ditto|80/100
|-sideend|p2: coloer|Toxic Spikes|[from] move: Rapid Spin|[of] p2a: Forretress
|move|p1a: Ditto|Rapid Spin|p2a: Forretress
|-resisted|p2a: Forretress
|-damage|p2a: Forretress|87/100
|-boost|p1a: Ditto|spe|1
|
|upkeep
|turn|15
|
|t:|1668005317
|move|p2a: Forretress|Rapid Spin|p1a: Ditto
|-resisted|p1a: Ditto
|-damage|p1a: Ditto|76/100
|move|p1a: Ditto|Rapid Spin|p2a: Forretress
|-resisted|p2a: Forretress
|-damage|p2a: Forretress|85/100
|-boost|p1a: Ditto|spe|1
|
|upkeep
|turn|16
|
|t:|1668005325
|move|p2a: Forretress|Rapid Spin|p1a: Ditto
|-resisted|p1a: Ditto
|-damage|p1a: Ditto|74/100
|move|p1a: Ditto|Stealth Rock|p2a: Forretress
|-sidestart|p2: coloer|move: Stealth Rock
|
|upkeep
|turn|17
|
|t:|1668005331
|move|p2a: Forretress|Rapid Spin|p1a: Ditto
|-resisted|p1a: Ditto
|-damage|p1a: Ditto|71/100
|-sideend|p2: coloer|Stealth Rock|[from] move: Rapid Spin|[of] p2a: Forretress
|move|p1a: Ditto|Toxic Spikes|p2a: Forretress
|-sidestart|p2: coloer|move: Toxic Spikes
|
|upkeep
|turn|18
|
|t:|1668005339
|switch|p1a: Marshadow|Marshadow|100/100
|move|p2a: Forretress|Rapid Spin|p1a: Marshadow
|-immune|p1a: Marshadow
|
|upkeep
|turn|19
|
|t:|1668005342
|move|p2a: Forretress|Stealth Rock|p1a: Marshadow
|-sidestart|p1: what_happend_bro|move: Stealth Rock
|move|p1a: Marshadow|Spectral Thief||[still]
|-clearpositiveboost|p2a: Forretress|p1a: Marshadow|move: Spectral Thief
|-boost|p1a: Marshadow|spe|6
|-anim|p1a: Marshadow|Spectral Thief|p2a: Forretress
|-damage|p2a: Forretress|62/100
|
|upkeep
|turn|20
|
|t:|1668005353
|switch|p1a: Forretress|Forretress, F, shiny|100/100
|-damage|p1a: Forretress|88/100|[from] Stealth Rock
|move|p2a: Forretress|Toxic Spikes|p1a: Forretress
|-sidestart|p1: what_happend_bro|move: Toxic Spikes
|
|upkeep
|turn|21
|
|t:|1668005357
|move|p1a: Forretress|Rapid Spin|p2a: Forretress
|-resisted|p2a: Forretress
|-damage|p2a: Forretress|58/100
|-boost|p1a: Forretress|spe|1
|-sideend|p1: what_happend_bro|Toxic Spikes|[from] move: Rapid Spin|[of] p1a: Forretress
|-sideend|p1: what_happend_bro|Stealth Rock|[from] move: Rapid Spin|[of] p1a: Forretress
|move|p2a: Forretress|Rapid Spin|p1a: Forretress
|-resisted|p1a: Forretress
|-damage|p1a: Forretress|86/100
|-boost|p2a: Forretress|spe|1
|-sideend|p2: coloer|Toxic Spikes|[from] move: Rapid Spin|[of] p2a: Forretress
|
|upkeep
|turn|22
|
|t:|1668005362
|move|p1a: Forretress|Rapid Spin|p2a: Forretress
|-resisted|p2a: Forretress
|-damage|p2a: Forretress|55/100
|-boost|p1a: Forretress|spe|1
|move|p2a: Forretress|Stealth Rock|p1a: Forretress
|-sidestart|p1: what_happend_bro|move: Stealth Rock
|
|upkeep
|turn|23
|
|t:|1668005366
|move|p1a: Forretress|Rapid Spin|p2a: Forretress
|-resisted|p2a: Forretress
|-damage|p2a: Forretress|52/100
|-boost|p1a: Forretress|spe|1
|-sideend|p1: what_happend_bro|Stealth Rock|[from] move: Rapid Spin|[of] p1a: Forretress
|move|p2a: Forretress|Rapid Spin|p1a: Forretress
|-resisted|p1a: Forretress
|-damage|p1a: Forretress|83/100
|-boost|p2a: Forretress|spe|1
|
|upkeep
|turn|24
|
|t:|1668005374
|move|p1a: Forretress|Rapid Spin|p2a: Forretress
|-resisted|p2a: Forretress
|-damage|p2a: Forretress|50/100
|-boost|p1a: Forretress|spe|1
|move|p2a: Forretress|Stealth Rock|p1a: Forretress
|-sidestart|p1: what_happend_bro|move: Stealth Rock
|
|upkeep
|turn|25
|
|t:|1668005378
|move|p1a: Forretress|Rapid Spin|p2a: Forretress
|-resisted|p2a: Forretress
|-damage|p2a: Forretress|47/100
|-boost|p1a: Forretress|spe|1
|-sideend|p1: what_happend_bro|Stealth Rock|[from] move: Rapid Spin|[of] p1a: Forretress
|move|p2a: Forretress|Rapid Spin|p1a: Forretress
|-resisted|p1a: Forretress
|-damage|p1a: Forretress|80/100
|-boost|p2a: Forretress|spe|1
|
|upkeep
|turn|26
|
|t:|1668005381
|move|p1a: Forretress|Rapid Spin|p2a: Forretress
|-resisted|p2a: Forretress
|-damage|p2a: Forretress|44/100
|-boost|p1a: Forretress|spe|1
|move|p2a: Forretress|Rapid Spin|p1a: Forretress
|-resisted|p1a: Forretress
|-damage|p1a: Forretress|78/100
|-boost|p2a: Forretress|spe|1
|
|upkeep
|turn|27
|
|t:|1668005388
|move|p1a: Forretress|Rapid Spin|p2a: Forretress
|-resisted|p2a: Forretress
|-damage|p2a: Forretress|41/100
|move|p2a: Forretress|Rapid Spin|p1a: Forretress
|-resisted|p1a: Forretress
|-damage|p1a: Forretress|75/100
|-boost|p2a: Forretress|spe|1
|
|upkeep
|turn|28
|
|t:|1668005393
|move|p1a: Forretress|Rapid Spin|p2a: Forretress
|-resisted|p2a: Forretress
|-damage|p2a: Forretress|38/100
|move|p2a: Forretress|Rapid Spin|p1a: Forretress
|-resisted|p1a: Forretress
|-damage|p1a: Forretress|72/100
|-boost|p2a: Forretress|spe|1
|
|upkeep
|turn|29
|
|t:|1668005396
|move|p2a: Forretress|Rapid Spin|p1a: Forretress
|-resisted|p1a: Forretress
|-damage|p1a: Forretress|70/100
|move|p1a: Forretress|Rapid Spin|p2a: Forretress
|-resisted|p2a: Forretress
|-damage|p2a: Forretress|36/100
|
|upkeep
|turn|30
|
|t:|1668005400
|move|p1a: Forretress|Rapid Spin|p2a: Forretress
|-resisted|p2a: Forretress
|-damage|p2a: Forretress|33/100
|move|p2a: Forretress|Rapid Spin|p1a: Forretress
|-resisted|p1a: Forretress
|-damage|p1a: Forretress|67/100
|
|upkeep
|turn|31
|
|t:|1668005403
|move|p2a: Forretress|Rapid Spin|p1a: Forretress
|-resisted|p1a: Forretress
|-damage|p1a: Forretress|64/100
|move|p1a: Forretress|Rapid Spin|p2a: Forretress
|-resisted|p2a: Forretress
|-damage|p2a: Forretress|30/100
|
|upkeep
|turn|32
|
|t:|1668005407
|move|p1a: Forretress|Rapid Spin|p2a: Forretress
|-resisted|p2a: Forretress
|-damage|p2a: Forretress|27/100
|move|p2a: Forretress|Rapid Spin|p1a: Forretress
|-resisted|p1a: Forretress
|-crit|p1a: Forretress
|-damage|p1a: Forretress|60/100
|
|upkeep
|turn|33
|
|t:|1668005413
|move|p1a: Forretress|Rapid Spin|p2a: Forretress
|-resisted|p2a: Forretress
|-damage|p2a: Forretress|25/100
|move|p2a: Forretress|Rapid Spin|p1a: Forretress
|-resisted|p1a: Forretress
|-damage|p1a: Forretress|58/100
|
|upkeep
|turn|34
|
|t:|1668005418
|move|p2a: Forretress|Rapid Spin|p1a: Forretress
|-resisted|p1a: Forretress
|-damage|p1a: Forretress|55/100
|move|p1a: Forretress|Rapid Spin|p2a: Forretress
|-resisted|p2a: Forretress
|-damage|p2a: Forretress|22/100
|
|upkeep
|turn|35
|
|t:|1668005422
|move|p2a: Forretress|Rapid Spin|p1a: Forretress
|-resisted|p1a: Forretress
|-damage|p1a: Forretress|52/100
|move|p1a: Forretress|Rapid Spin|p2a: Forretress
|-resisted|p2a: Forretress
|-crit|p2a: Forretress
|-damage|p2a: Forretress|17/100
|
|upkeep
|turn|36
|
|t:|1668005426
|move|p2a: Forretress|Rapid Spin|p1a: Forretress
|-resisted|p1a: Forretress
|-damage|p1a: Forretress|49/100
|move|p1a: Forretress|Rapid Spin|p2a: Forretress
|-resisted|p2a: Forretress
|-damage|p2a: Forretress|15/100
|
|upkeep
|turn|37
|
|t:|1668005429
|move|p2a: Forretress|Rapid Spin|p1a: Forretress
|-resisted|p1a: Forretress
|-damage|p1a: Forretress|47/100
|move|p1a: Forretress|Rapid Spin|p2a: Forretress
|-resisted|p2a: Forretress
|-damage|p2a: Forretress|12/100
|
|upkeep
|turn|38
|
|t:|1668005433
|move|p1a: Forretress|Rapid Spin|p2a: Forretress
|-resisted|p2a: Forretress
|-damage|p2a: Forretress|9/100
|move|p2a: Forretress|Stealth Rock|p1a: Forretress
|-sidestart|p1: what_happend_bro|move: Stealth Rock
|
|upkeep
|turn|39
|
|t:|1668005436
|switch|p2a: Calyrex|Calyrex-Shadow|100/100
|-ability|p2a: Calyrex|As One
|-ability|p2a: Calyrex|Unnerve
|move|p1a: Forretress|Rapid Spin|p2a: Calyrex
|-immune|p2a: Calyrex
|
|upkeep
|turn|40
|
|t:|1668005442
|move|p1a: Forretress|Stealth Rock|p2a: Calyrex
|-sidestart|p2: coloer|move: Stealth Rock
|move|p2a: Calyrex|Astral Barrage|p1a: Forretress
|-damage|p1a: Forretress|0 fnt
|faint|p1a: Forretress
|-ability|p2a: Calyrex|Grim Neigh|boost
|-boost|p2a: Calyrex|spa|1
|
|upkeep
|
|t:|1668005450
|switch|p1a: Marshadow|Marshadow|100/100
|-damage|p1a: Marshadow|94/100|[from] Stealth Rock
|turn|41
|
|t:|1668005454
|move|p1a: Marshadow|Shadow Sneak|p2a: Calyrex
|-supereffective|p2a: Calyrex
|-enditem|p2a: Calyrex|Focus Sash
|-damage|p2a: Calyrex|1/100
|move|p2a: Calyrex|Astral Barrage|p1a: Marshadow
|-supereffective|p1a: Marshadow
|-damage|p1a: Marshadow|0 fnt
|faint|p1a: Marshadow
|-ability|p2a: Calyrex|Grim Neigh|boost
|-boost|p2a: Calyrex|spa|1
|
|upkeep
|
|t:|1668005457
|switch|p1a: Scizor|Scizor, M, shiny|100/100
|-damage|p1a: Scizor|88/100|[from] Stealth Rock
|turn|42
|
|t:|1668005463
|detailschange|p1a: Scizor|Scizor-Mega, M, shiny
|-mega|p1a: Scizor|Scizor|Scizorite
|move|p1a: Scizor|Bullet Punch|p2a: Calyrex
|-damage|p2a: Calyrex|0 fnt
|faint|p2a: Calyrex
|
|upkeep
|
|t:|1668005470
|switch|p2a: Forretress|Forretress, F|9/100
|-damage|p2a: Forretress|0 fnt|[from] Stealth Rock
|faint|p2a: Forretress
|
|t:|1668005480
|switch|p2a: Cinderace|Cinderace, M, shiny|100/100
|-damage|p2a: Cinderace|76/100|[from] Stealth Rock
|turn|43
|
|t:|1668005483
|move|p2a: Cinderace|High Jump Kick|p1a: Scizor|[miss]
|-start|p2a: Cinderace|typechange|Fighting|[from] ability: Libero
|-miss|p2a: Cinderace|p1a: Scizor
|-damage|p2a: Cinderace|26/100|[from] highjumpkick
|move|p1a: Scizor|Swords Dance|p1a: Scizor
|-boost|p1a: Scizor|atk|2
|
|upkeep
|turn|44
|
|t:|1668005489
|move|p2a: Cinderace|High Jump Kick|p1a: Scizor
|-damage|p1a: Scizor|32/100
|move|p1a: Scizor|Dual Wingbeat|p2a: Cinderace
|-supereffective|p2a: Cinderace
|-damage|p2a: Cinderace|0 fnt
|faint|p2a: Cinderace
|-hitcount|p2: Cinderace|1
|
|upkeep
|
|t:|1668005498
|switch|p2a: Ditto|Ditto|100/100
|-damage|p2a: Ditto|88/100|[from] Stealth Rock
|-transform|p2a: Ditto|p1a: Scizor|[from] ability: Imposter
|turn|45
|
|t:|1668005516
|move|p2a: Ditto|Bullet Punch|p1a: Scizor
|-resisted|p1a: Scizor
|-damage|p1a: Scizor|0 fnt
|faint|p1a: Scizor
|
|upkeep
|
|t:|1668005519
|switch|p1a: Corviknight|Corviknight, F, shiny|100/100
|-damage|p1a: Corviknight|88/100|[from] Stealth Rock
|turn|46
|
|t:|1668005523
|move|p2a: Ditto|Bullet Punch|p1a: Corviknight
|-resisted|p1a: Corviknight
|-damage|p1a: Corviknight|66/100
|-damage|p2a: Ditto|72/100|[from] item: Rocky Helmet|[of] p1a: Corviknight
|move|p1a: Corviknight|Bulk Up|p1a: Corviknight
|-boost|p1a: Corviknight|atk|1
|-boost|p1a: Corviknight|def|1
|
|upkeep
|turn|47
|
|t:|1668005528
|switch|p2a: Rayquaza|Rayquaza, shiny|100/100
|-damage|p2a: Rayquaza|75/100|[from] Stealth Rock
|-ability|p2a: Rayquaza|Air Lock
|move|p1a: Corviknight|Bulk Up|p1a: Corviknight
|-boost|p1a: Corviknight|atk|1
|-boost|p1a: Corviknight|def|1
|
|upkeep
|turn|48
|
|t:|1668005535
|move|p2a: Rayquaza|Fire Blast|p1a: Corviknight
|-supereffective|p1a: Corviknight
|-damage|p1a: Corviknight|0 fnt
|faint|p1a: Corviknight
|-damage|p2a: Rayquaza|66/100|[from] item: Life Orb
|
|upkeep
|
|t:|1668005542
|switch|p1a: Ditto|Ditto|71/100
|-damage|p1a: Ditto|59/100|[from] Stealth Rock
|-transform|p1a: Ditto|p2a: Rayquaza|[from] ability: Imposter
|turn|49
|c|☆what_happend_bro|wtf is wrong with you
|c|☆what_happend_bro|a special rayquaza??
|
|t:|1668005566
|move|p1a: Ditto|Draco Meteor|p2a: Rayquaza
|-supereffective|p2a: Rayquaza
|-damage|p2a: Rayquaza|0 fnt
|-unboost|p1a: Ditto|spa|2
|faint|p2a: Rayquaza
|
|upkeep
|
|t:|1668005571
|switch|p2a: Kyogre|Kyogre|100/100
|-damage|p2a: Kyogre|88/100|[from] Stealth Rock
|-weather|RainDance|[from] ability: Drizzle|[of] p2a: Kyogre
|turn|50
|
|t:|1668005580
|-start|p2a: Kyogre|Dynamax|
|-heal|p2a: Kyogre|88/100|[silent]
|move|p2a: Kyogre|Max Hailstorm|p1a: Ditto
|-supereffective|p1a: Ditto
|-damage|p1a: Ditto|0 fnt
|-weather|Hail
|faint|p1a: Ditto
|
|-weather|Hail|[upkeep]
|-damage|p2a: Kyogre|85/100|[from] Hail
|upkeep
|
|t:|1668005585
|switch|p1a: Arceus|Arceus, shiny|100/100
|-damage|p1a: Arceus|88/100|[from] Stealth Rock
|turn|51
|
|t:|1668005591
|-start|p1a: Arceus|Dynamax|
|-heal|p1a: Arceus|88/100|[silent]
|move|p1a: Arceus|Max Guard|p1a: Arceus
|-singleturn|p1a: Arceus|Max Guard
|move|p2a: Kyogre|Max Geyser|p1a: Arceus
|-activate|p1a: Arceus|move: Max Guard
|
|-weather|Hail|[upkeep]
|-damage|p1a: Arceus|85/100|[from] Hail
|-damage|p2a: Kyogre|82/100|[from] Hail
|upkeep
|turn|52
|
|t:|1668005597
|move|p1a: Arceus|Max Strike|p2a: Kyogre
|-damage|p2a: Kyogre|37/100
|-unboost|p2a: Kyogre|spe|1
|-damage|p1a: Arceus|80/100|[from] item: Life Orb
|move|p2a: Kyogre|Max Geyser|p1a: Arceus
|-damage|p1a: Arceus|48/100
|-weather|RainDance
|
|-weather|RainDance|[upkeep]
|upkeep
|-end|p2a: Kyogre|Dynamax
|-heal|p2a: Kyogre|37/100|[silent]
|turn|53
|
|t:|1668005611
|move|p1a: Arceus|Max Strike|p2a: Kyogre
|-damage|p2a: Kyogre|0 fnt
|faint|p2a: Kyogre
|-damage|p1a: Arceus|43/100|[from] item: Life Orb
|
|-weather|RainDance|[upkeep]
|upkeep
|
|t:|1668005617
|switch|p2a: Ditto|Ditto|72/100
|-damage|p2a: Ditto|59/100|[from] Stealth Rock
|-transform|p2a: Ditto|p1a: Arceus|[from] ability: Imposter
|-end|p1a: Arceus|Dynamax
|-heal|p1a: Arceus|43/100|[silent]
|turn|54
|
|t:|1668005622
|move|p2a: Ditto|Extreme Speed|p1a: Arceus
|-damage|p1a: Arceus|13/100
|move|p1a: Arceus|Extreme Speed|p2a: Ditto
|-damage|p2a: Ditto|6/100
|-damage|p1a: Arceus|3/100|[from] item: Life Orb
|
|-weather|RainDance|[upkeep]
|upkeep
|turn|55
|
|t:|1668005625
|move|p2a: Ditto|Extreme Speed|p1a: Arceus
|-damage|p1a: Arceus|0 fnt
|faint|p1a: Arceus
|
|win|coloer
|raw|what_happend_bro's rating: 1470 &rarr; <strong>1448</strong><br />(-22 for losing)
|raw|coloer's rating: 1436 &rarr; <strong>1458</strong><br />(+22 for winning)
|c|☆what_happend_bro|bruh
|c|☆coloer|loser
|l|☆coloer
|c|☆what_happend_bro|you won the speed tie twice xD
