|j|☆Spofyt
|j|☆llmmllmm
|t:|1649012833
|gametype|singles
|player|p1|Spofyt|iris-gen5bw2|1642
|player|p2|llmmllmm|tuberf|1711
|teamsize|p1|6
|teamsize|p2|6
|gen|8
|tier|[Gen 8] National Dex AG
|rated|
|rule|HP Percentage Mod: HP is shown in percentages
|rule|Endless Battle Clause: Forcing endless battles is banned
|clearpoke
|poke|p1|Ditto|
|poke|p1|Whimsicott, L1, M|
|poke|p1|Vivillon-Ocean, M|
|poke|p1|Shedinja|
|poke|p1|Gyarados, M|
|poke|p1|Togekiss, F|
|poke|p2|Arceus-*|
|poke|p2|Groudon|
|poke|p2|Ho-Oh|
|poke|p2|Calyrex-Shadow|
|poke|p2|Rayquaza|
|poke|p2|Ditto|
|teampreview
|inactive|Battle timer is ON: inactive players will automatically lose when time's up. (requested by llmmllmm)
|
|t:|1649012851
|start
|switch|p1a: Whimsi-Milf|Whimsicott, L1, M, shiny|100/100
|switch|p2a: Arceus|Arceus-Ground|100/100
|turn|1
|
|t:|1649012853
|move|p2a: Arceus|Magic Coat|p2a: Arceus
|-singleturn|p2a: Arceus|move: Magic Coat
|move|p1a: Whimsi-Milf|Leech Seed|p2a: Arceus
|move|p2a: Arceus|Leech Seed|p1a: Whimsi-Milf|[from]Magic Coat
|-immune|p1a: Whimsi-Milf
|
|upkeep
|turn|2
|
|t:|1649012860
|move|p1a: Whimsi-Milf|Leech Seed|p2a: Arceus
|-start|p2a: Arceus|move: Leech Seed
|move|p2a: Arceus|Ice Beam|p1a: Whimsi-Milf
|-supereffective|p1a: Whimsi-Milf
|-enditem|p1a: Whimsi-Milf|Focus Sash
|-damage|p1a: Whimsi-Milf|8/100
|
|-damage|p2a: Arceus|88/100|[from] Leech Seed|[of] p1a: Whimsi-Milf
|-heal|p1a: Whimsi-Milf|100/100|[silent]
|upkeep
|turn|3
|
|t:|1649012864
|move|p1a: Whimsi-Milf|Substitute|p1a: Whimsi-Milf
|-start|p1a: Whimsi-Milf|Substitute
|-damage|p1a: Whimsi-Milf|77/100
|move|p2a: Arceus|Stealth Rock|p1a: Whimsi-Milf
|-sidestart|p1: Spofyt|move: Stealth Rock
|
|-damage|p2a: Arceus|76/100|[from] Leech Seed|[of] p1a: Whimsi-Milf
|-heal|p1a: Whimsi-Milf|100/100|[silent]
|upkeep
|turn|4
|
|t:|1649012880
|move|p2a: Arceus|Magic Coat|p2a: Arceus
|-singleturn|p2a: Arceus|move: Magic Coat
|move|p1a: Whimsi-Milf|Defog|p2a: Arceus
|move|p2a: Arceus|Defog|p1a: Whimsi-Milf|[from]Magic Coat
|-sideend|p1: Spofyt|Stealth Rock|[from] move: Defog|[of] p2a: Arceus
|
|-damage|p2a: Arceus|63/100|[from] Leech Seed|[of] p1a: Whimsi-Milf
|upkeep
|turn|5
|
|t:|1649012892
|move|p1a: Whimsi-Milf|Substitute|p1a: Whimsi-Milf
|-fail|p1a: Whimsi-Milf|move: Substitute
|move|p2a: Arceus|Judgment|p1a: Whimsi-Milf
|-resisted|p1a: Whimsi-Milf
|-end|p1a: Whimsi-Milf|Substitute
|
|-damage|p2a: Arceus|51/100|[from] Leech Seed|[of] p1a: Whimsi-Milf
|upkeep
|turn|6
|
|t:|1649012903
|move|p1a: Whimsi-Milf|Substitute|p1a: Whimsi-Milf
|-start|p1a: Whimsi-Milf|Substitute
|-damage|p1a: Whimsi-Milf|77/100
|move|p2a: Arceus|Stealth Rock|p1a: Whimsi-Milf
|-sidestart|p1: Spofyt|move: Stealth Rock
|
|-damage|p2a: Arceus|39/100|[from] Leech Seed|[of] p1a: Whimsi-Milf
|-heal|p1a: Whimsi-Milf|100/100|[silent]
|upkeep
|turn|7
|
|t:|1649012907
|switch|p2a: Rayquaza|Rayquaza|100/100
|-ability|p2a: Rayquaza|Air Lock
|move|p1a: Whimsi-Milf|Defog|p2a: Rayquaza
|-unboost|p2a: Rayquaza|evasion|1
|-sideend|p1: Spofyt|Stealth Rock|[from] move: Defog|[of] p1a: Whimsi-Milf
|
|upkeep
|turn|8
|
|t:|1649012911
|detailschange|p2a: Rayquaza|Rayquaza-Mega
|-mega|p2a: Rayquaza|Rayquaza|
|-weather|DeltaStream|[from] ability: Delta Stream|[of] p2a: Rayquaza
|move|p2a: Rayquaza|Extreme Speed|p1a: Whimsi-Milf
|-crit|p1a: Whimsi-Milf
|-end|p1a: Whimsi-Milf|Substitute
|move|p1a: Whimsi-Milf|Leech Seed|p2a: Rayquaza
|-start|p2a: Rayquaza|move: Leech Seed
|
|-weather|DeltaStream|[upkeep]
|-damage|p2a: Rayquaza|88/100|[from] Leech Seed|[of] p1a: Whimsi-Milf
|upkeep
|turn|9
|
|t:|1649012914
|switch|p1a: Husk|Shedinja, shiny|100/100
|move|p2a: Rayquaza|Extreme Speed|p1a: Husk
|-immune|p1a: Husk|[from] ability: Wonder Guard
|
|-weather|DeltaStream|[upkeep]
|-damage|p2a: Rayquaza|76/100|[from] Leech Seed|[of] p1a: Husk
|upkeep
|turn|10
|
|t:|1649012918
|-weather|none
|switch|p2a: Arceus|Arceus-Ground|39/100
|move|p1a: Husk|Will-O-Wisp|p2a: Arceus
|-status|p2a: Arceus|brn
|
|-damage|p2a: Arceus|32/100 brn|[from] brn
|upkeep
|turn|11
|
|t:|1649012928
|move|p2a: Arceus|Stealth Rock|p1a: Husk
|-sidestart|p1: Spofyt|move: Stealth Rock
|move|p1a: Husk|Poltergeist|p2a: Arceus
|-activate|p2a: Arceus|move: Poltergeist|Earth Plate
|-crit|p2a: Arceus
|-damage|p2a: Arceus|0 fnt
|faint|p2a: Arceus
|
|upkeep
|
|t:|1649012940
|switch|p2a: Ditto|Ditto|100/100
|-transform|p2a: Ditto|p1a: Husk|[from] ability: Imposter
|turn|12
|
|t:|1649012944
|move|p1a: Husk|Shadow Sneak|p2a: Ditto
|-supereffective|p2a: Ditto
|-damage|p2a: Ditto|0 fnt
|faint|p2a: Ditto
|
|upkeep
|
|t:|1649012947
|switch|p2a: Groudon|Groudon|100/100
|detailschange|p2a: Groudon|Groudon-Primal
|-primal|p2a: Groudon
|-weather|DesolateLand|[from] ability: Desolate Land|[of] p2a: Groudon
|turn|13
|c|☆Spofyt|?
|c|☆llmmllmm|;-;
|
|t:|1649012953
|switch|p1a: PIKANUUUU|Togekiss, F, shiny|100/100
|-damage|p1a: PIKANUUUU|76/100|[from] Stealth Rock
|move|p2a: Groudon|Fire Punch|p1a: PIKANUUUU
|-damage|p1a: PIKANUUUU|6/100
|
|-weather|DesolateLand|[upkeep]
|-heal|p1a: PIKANUUUU|12/100|[from] item: Leftovers
|upkeep
|turn|14
|
|t:|1649012959
|move|p2a: Groudon|Rock Polish|p2a: Groudon
|-boost|p2a: Groudon|spe|2
|move|p1a: PIKANUUUU|Defog|p2a: Groudon
|-unboost|p2a: Groudon|evasion|1
|-sideend|p1: Spofyt|Stealth Rock|[from] move: Defog|[of] p1a: PIKANUUUU
|
|-weather|DesolateLand|[upkeep]
|-heal|p1a: PIKANUUUU|18/100|[from] item: Leftovers
|upkeep
|turn|15
|
|t:|1649012962
|move|p2a: Groudon|Fire Punch|p1a: PIKANUUUU
|-damage|p1a: PIKANUUUU|0 fnt
|faint|p1a: PIKANUUUU
|
|-weather|DesolateLand|[upkeep]
|upkeep
|
|t:|1649012965
|switch|p1a: Imposter Sus|Ditto, shiny|100/100
|-transform|p1a: Imposter Sus|p2a: Groudon|[from] ability: Imposter
|turn|16
|
|t:|1649012975
|switch|p2a: Ho-Oh|Ho-Oh|100/100
|move|p1a: Imposter Sus|Precipice Blades|p2a: Ho-Oh
|-immune|p2a: Ho-Oh
|
|-weather|DesolateLand|[upkeep]
|upkeep
|turn|17
|
|t:|1649012979
|-weather|none
|switch|p1a: Whimsi-Milf|Whimsicott, L1, M, shiny|100/100
|move|p2a: Ho-Oh|Toxic|p1a: Whimsi-Milf
|-status|p1a: Whimsi-Milf|tox
|
|-damage|p1a: Whimsi-Milf|93/100 tox|[from] psn
|upkeep
|turn|18
|
|t:|1649012991
|move|p1a: Whimsi-Milf|Encore|p2a: Ho-Oh
|-start|p2a: Ho-Oh|Encore
|move|p2a: Ho-Oh|Toxic|p1a: Whimsi-Milf
|-fail|p1a: Whimsi-Milf|tox
|
|-damage|p1a: Whimsi-Milf|77/100 tox|[from] psn
|upkeep
|turn|19
|
|t:|1649012997
|move|p1a: Whimsi-Milf|Leech Seed|p2a: Ho-Oh
|-start|p2a: Ho-Oh|move: Leech Seed
|move|p2a: Ho-Oh|Toxic|p1a: Whimsi-Milf|[miss]
|-miss|p2a: Ho-Oh|p1a: Whimsi-Milf
|
|-damage|p2a: Ho-Oh|88/100|[from] Leech Seed|[of] p1a: Whimsi-Milf
|-heal|p1a: Whimsi-Milf|100/100 tox|[silent]
|-damage|p1a: Whimsi-Milf|77/100 tox|[from] psn
|upkeep
|turn|20
|
|t:|1649013001
|move|p1a: Whimsi-Milf|Substitute|p1a: Whimsi-Milf
|-start|p1a: Whimsi-Milf|Substitute
|-damage|p1a: Whimsi-Milf|54/100 tox
|move|p2a: Ho-Oh|Toxic||[still]
|-fail|p2a: Ho-Oh
|
|-damage|p2a: Ho-Oh|76/100|[from] Leech Seed|[of] p1a: Whimsi-Milf
|-heal|p1a: Whimsi-Milf|100/100 tox|[silent]
|-damage|p1a: Whimsi-Milf|70/100 tox|[from] psn
|-end|p2a: Ho-Oh|Encore
|upkeep
|turn|21
|
|t:|1649013005
|move|p1a: Whimsi-Milf|Leech Seed|p2a: Ho-Oh|[miss]
|-miss|p1a: Whimsi-Milf|p2a: Ho-Oh
|move|p2a: Ho-Oh|Defog||[still]
|-fail|p2a: Ho-Oh
|
|-damage|p2a: Ho-Oh|64/100|[from] Leech Seed|[of] p1a: Whimsi-Milf
|-heal|p1a: Whimsi-Milf|100/100 tox|[silent]
|-damage|p1a: Whimsi-Milf|62/100 tox|[from] psn
|upkeep
|turn|22
|
|t:|1649013008
|move|p1a: Whimsi-Milf|Encore|p2a: Ho-Oh
|-start|p2a: Ho-Oh|Encore
|move|p2a: Ho-Oh|Defog||[still]
|-fail|p2a: Ho-Oh
|
|-damage|p2a: Ho-Oh|51/100|[from] Leech Seed|[of] p1a: Whimsi-Milf
|-heal|p1a: Whimsi-Milf|100/100 tox|[silent]
|-damage|p1a: Whimsi-Milf|54/100 tox|[from] psn
|upkeep
|turn|23
|
|t:|1649013012
|move|p1a: Whimsi-Milf|Leech Seed||[still]
|-fail|p1a: Whimsi-Milf
|move|p2a: Ho-Oh|Defog||[still]
|-fail|p2a: Ho-Oh
|
|-damage|p2a: Ho-Oh|39/100|[from] Leech Seed|[of] p1a: Whimsi-Milf
|-heal|p1a: Whimsi-Milf|100/100 tox|[silent]
|-damage|p1a: Whimsi-Milf|47/100 tox|[from] psn
|upkeep
|turn|24
|
|t:|1649013020
|move|p1a: Whimsi-Milf|Leech Seed||[still]
|-fail|p1a: Whimsi-Milf
|move|p2a: Ho-Oh|Defog||[still]
|-fail|p2a: Ho-Oh
|
|-damage|p2a: Ho-Oh|27/100|[from] Leech Seed|[of] p1a: Whimsi-Milf
|-heal|p1a: Whimsi-Milf|100/100 tox|[silent]
|-damage|p1a: Whimsi-Milf|39/100 tox|[from] psn
|-end|p2a: Ho-Oh|Encore
|upkeep
|turn|25
|
|t:|1649013023
|move|p1a: Whimsi-Milf|Encore|p2a: Ho-Oh
|-start|p2a: Ho-Oh|Encore
|move|p2a: Ho-Oh|Defog||[still]
|-fail|p2a: Ho-Oh
|
|-damage|p2a: Ho-Oh|14/100|[from] Leech Seed|[of] p1a: Whimsi-Milf
|-heal|p1a: Whimsi-Milf|100/100 tox|[silent]
|-damage|p1a: Whimsi-Milf|31/100 tox|[from] psn
|upkeep
|turn|26
|
|t:|1649013032
|switch|p2a: Groudon|Groudon-Primal|100/100
|-weather|DesolateLand|[from] ability: Desolate Land|[of] p2a: Groudon
|move|p1a: Whimsi-Milf|Leech Seed|p2a: Groudon
|-start|p2a: Groudon|move: Leech Seed
|
|-weather|DesolateLand|[upkeep]
|-damage|p2a: Groudon|88/100|[from] Leech Seed|[of] p1a: Whimsi-Milf
|-heal|p1a: Whimsi-Milf|100/100 tox|[silent]
|-damage|p1a: Whimsi-Milf|24/100 tox|[from] psn
|upkeep
|turn|27
|
|t:|1649013042
|-weather|none
|switch|p2a: Ho-Oh|Ho-Oh|48/100
|move|p1a: Whimsi-Milf|Leech Seed|p2a: Ho-Oh|[miss]
|-miss|p1a: Whimsi-Milf|p2a: Ho-Oh
|
|-damage|p1a: Whimsi-Milf|0 fnt|[from] psn
|faint|p1a: Whimsi-Milf
|upkeep
|
|t:|1649013049
|switch|p1a: Rawr|Gyarados, M, shiny|100/100
|turn|28
|inactive|llmmllmm has 120 seconds left.
|
|t:|1649013087
|switch|p2a: Groudon|Groudon-Primal|88/100
|-weather|DesolateLand|[from] ability: Desolate Land|[of] p2a: Groudon
|-start|p1a: Rawr|Dynamax|
|-heal|p1a: Rawr|100/100|[silent]
|move|p1a: Rawr|Max Airstream|p2a: Groudon
|-damage|p2a: Groudon|26/100
|-boost|p1a: Rawr|spe|1
|-damage|p1a: Rawr|96/100|[from] item: Life Orb
|
|-weather|DesolateLand|[upkeep]
|upkeep
|turn|29
|inactive|llmmllmm has 120 seconds left.
|
|t:|1649013095
|-weather|none
|switch|p2a: Ho-Oh|Ho-Oh|81/100
|move|p1a: Rawr|Max Quake|p2a: Ho-Oh
|-immune|p2a: Ho-Oh
|
|upkeep
|turn|30
|
|t:|1649013100
|move|p1a: Rawr|Max Airstream|p2a: Ho-Oh
|-crit|p2a: Ho-Oh
|-damage|p2a: Ho-Oh|0 fnt
|-boost|p1a: Rawr|spe|1
|faint|p2a: Ho-Oh
|-ability|p1a: Rawr|Moxie|boost
|-boost|p1a: Rawr|atk|1
|-damage|p1a: Rawr|91/100|[from] item: Life Orb
|
|-end|p1a: Rawr|Dynamax
|-heal|p1a: Rawr|91/100|[silent]
|upkeep
|
|t:|1649013106
|switch|p2a: Calyrex|Calyrex-Shadow|100/100
|-ability|p2a: Calyrex|As One
|-ability|p2a: Calyrex|Unnerve
|turn|31
|
|t:|1649013108
|move|p1a: Rawr|Waterfall|p2a: Calyrex
|-damage|p2a: Calyrex|3/100
|-damage|p1a: Rawr|81/100|[from] item: Life Orb
|move|p2a: Calyrex|Astral Barrage|p1a: Rawr
|-damage|p1a: Rawr|10/100
|
|upkeep
|turn|32
|
|t:|1649013138
|move|p1a: Rawr|Bounce||[still]
|-prepare|p1a: Rawr|Bounce
|move|p2a: Calyrex|Psyshock|p1a: Rawr|[miss]
|-miss|p2a: Calyrex|p1a: Rawr
|
|upkeep
|turn|33
|
|t:|1649013142
|move|p1a: Rawr|Bounce|p2a: Calyrex|[from]lockedmove
|-damage|p2a: Calyrex|0 fnt
|faint|p2a: Calyrex
|-ability|p1a: Rawr|Moxie|boost
|-boost|p1a: Rawr|atk|1
|-damage|p1a: Rawr|0 fnt|[from] item: Life Orb
|faint|p1a: Rawr
|
|upkeep
|
|t:|1649013150
|switch|p2a: Rayquaza|Rayquaza-Mega|76/100
|switch|p1a: Imposter Sus|Ditto, shiny|100/100
|-weather|DeltaStream|[from] ability: Delta Stream|[of] p2a: Rayquaza
|-transform|p1a: Imposter Sus|p2a: Rayquaza|[from] ability: Imposter
|turn|34
|
|t:|1649013172
|move|p2a: Rayquaza|Outrage|p1a: Imposter Sus
|-supereffective|p1a: Imposter Sus
|-damage|p1a: Imposter Sus|0 fnt
|faint|p1a: Imposter Sus
|
|-weather|DeltaStream|[upkeep]
|upkeep
|
|t:|1649013180
|switch|p1a: Husk|Shedinja, shiny|100/100
|turn|35
|
|t:|1649013192
|switch|p1a: Verizon Wireless|Vivillon-Ocean, M, shiny|100/100
|move|p2a: Rayquaza|Outrage|p1a: Verizon Wireless|[from]lockedmove
|-damage|p1a: Verizon Wireless|0 fnt
|faint|p1a: Verizon Wireless
|-start|p2a: Rayquaza|confusion|[fatigue]
|
|-weather|DeltaStream|[upkeep]
|upkeep
|
|t:|1649013194
|switch|p1a: Husk|Shedinja, shiny|100/100
|turn|36
|
|t:|1649013199
|-weather|none
|switch|p2a: Groudon|Groudon-Primal|26/100
|-weather|DesolateLand|[from] ability: Desolate Land|[of] p2a: Groudon
|move|p1a: Husk|Poltergeist|p2a: Groudon
|-activate|p2a: Groudon|move: Poltergeist|Red Orb
|-damage|p2a: Groudon|0 fnt
|faint|p2a: Groudon
|-weather|none
|
|upkeep
|
|t:|1649013210
|switch|p2a: Rayquaza|Rayquaza-Mega|76/100
|-weather|DeltaStream|[from] ability: Delta Stream|[of] p2a: Rayquaza
|turn|37
|
|t:|1649013212
|move|p2a: Rayquaza|Dragon Ascent|p1a: Husk
|-supereffective|p1a: Husk
|-enditem|p1a: Husk|Focus Sash
|-damage|p1a: Husk|100/100
|-unboost|p2a: Rayquaza|def|1
|-unboost|p2a: Rayquaza|spd|1
|move|p1a: Husk|Poltergeist|p2a: Rayquaza
|-activate|p2a: Rayquaza|move: Poltergeist|Choice Scarf
|-damage|p2a: Rayquaza|2/100
|
|-weather|DeltaStream|[upkeep]
|upkeep
|turn|38
|j| Kamuna
|
|t:|1649013214
|move|p1a: Husk|Shadow Sneak|p2a: Rayquaza
|-damage|p2a: Rayquaza|0 fnt
|faint|p2a: Rayquaza
|-weather|none
|
|win|Spofyt
|raw|Spofyt's rating: 1642 &rarr; <strong>1666</strong><br />(+24 for winning)
|raw|llmmllmm's rating: 1711 &rarr; <strong>1687</strong><br />(-24 for losing)
|c|☆Spofyt|OHHHHH
|c|☆llmmllmm|ggs
|c|☆llmmllmm|lmao
|c|☆Spofyt|gg
|l|☆llmmllmm
|l|☆Spofyt
||Ladder isn't responding, score probably updated but might not have (Request timeout).
