|j|☆Mr_kraft_
|j|☆Obito152001
|t:|1664810517
|gametype|singles
|player|p1|Mr_kraft_|265|1707
|player|p2|Obito152001|blue-gen3two|1989
|teamsize|p1|6
|teamsize|p2|6
|gen|8
|tier|[Gen 8] National Dex AG
|rated|
|rule|HP Percentage Mod: HP is shown in percentages
|rule|Endless Battle Clause: Forcing endless battles is banned
|clearpoke
|poke|p1|Groudon|
|poke|p1|Marshadow|
|poke|p1|Zacian-*|
|poke|p1|Ditto|
|poke|p1|Kyurem-Black|
|poke|p1|Yveltal|
|poke|p2|Arceus-*|
|poke|p2|Ditto|
|poke|p2|Groudon|
|poke|p2|Arceus-*|
|poke|p2|Arceus-*|
|poke|p2|Zygarde|
|teampreview
|inactive|Battle timer is ON: inactive players will automatically lose when time's up. (requested by Obito152001)
|
|t:|1664810535
|start
|switch|p1a: Kyurem|Kyurem-Black, shiny|100/100
|switch|p2a: Arceus|Arceus-Rock|100/100
|-ability|p1a: Kyurem|Teravolt
|turn|1
|
|t:|1664810542
|move|p1a: Kyurem|Iron Head|p2a: Arceus
|-supereffective|p2a: Arceus
|-damage|p2a: Arceus|56/100
|cant|p2a: Arceus|flinch
|
|upkeep
|turn|2
|
|t:|1664810545
|switch|p2a: Groudon|Groudon|100/100
|detailschange|p2a: Groudon|Groudon-Primal
|-primal|p2a: Groudon
|-weather|DesolateLand|[from] ability: Desolate Land|[of] p2a: Groudon
|move|p1a: Kyurem|Iron Head|p2a: Groudon
|-resisted|p2a: Groudon
|-damage|p2a: Groudon|93/100
|
|-weather|DesolateLand|[upkeep]
|upkeep
|turn|3
|
|t:|1664810552
|switch|p1a: Groudon|Groudon|100/100
|detailschange|p1a: Groudon|Groudon-Primal
|-primal|p1a: Groudon
|move|p2a: Groudon|Stealth Rock|p1a: Groudon
|-sidestart|p1: Mr_kraft_|move: Stealth Rock
|
|-weather|DesolateLand|[upkeep]
|upkeep
|turn|4
|
|t:|1664810560
|switch|p2a: Zygarde|Zygarde, shiny|100/100
|move|p1a: Groudon|Precipice Blades|p2a: Zygarde
|-damage|p2a: Zygarde|42/100
|
|-weather|DesolateLand|[upkeep]
|-activate|p2a: Zygarde|ability: Power Construct
|detailschange|p2a: Zygarde|Zygarde-Complete, shiny
|-heal|p2a: Zygarde|62/100|[silent]
|upkeep
|turn|5
|
|t:|1664810565
|move|p1a: Groudon|Precipice Blades|p2a: Zygarde
|-damage|p2a: Zygarde|22/100
|move|p2a: Zygarde|Glare|p1a: Groudon
|-status|p1a: Groudon|par
|
|-weather|DesolateLand|[upkeep]
|upkeep
|turn|6
|
|t:|1664810574
|move|p2a: Zygarde|Rest|p2a: Zygarde
|-status|p2a: Zygarde|slp|[from] move: Rest
|-heal|p2a: Zygarde|100/100 slp|[silent]
|-enditem|p2a: Zygarde|Chesto Berry|[eat]
|-curestatus|p2a: Zygarde|slp|[msg]
|cant|p1a: Groudon|par
|
|-weather|DesolateLand|[upkeep]
|upkeep
|turn|7
|
|t:|1664810576
|move|p2a: Zygarde|Coil|p2a: Zygarde
|-boost|p2a: Zygarde|atk|1
|-boost|p2a: Zygarde|def|1
|-boost|p2a: Zygarde|accuracy|1
|move|p1a: Groudon|Precipice Blades|p2a: Zygarde
|-damage|p2a: Zygarde|76/100
|
|-weather|DesolateLand|[upkeep]
|upkeep
|turn|8
|
|t:|1664810579
|move|p2a: Zygarde|Thousand Arrows|p1a: Groudon
|-supereffective|p1a: Groudon
|-damage|p1a: Groudon|46/100 par
|move|p1a: Groudon|Precipice Blades|p2a: Zygarde
|-damage|p2a: Zygarde|51/100
|
|-weather|DesolateLand|[upkeep]
|upkeep
|turn|9
|
|t:|1664810587
|move|p2a: Zygarde|Thousand Arrows|p1a: Groudon
|-supereffective|p1a: Groudon
|-damage|p1a: Groudon|0 fnt
|faint|p1a: Groudon
|-weather|none
|
|upkeep
|
|t:|1664810590
|switch|p1a: Yveltal|Yveltal|100/100
|-damage|p1a: Yveltal|76/100|[from] Stealth Rock
|-ability|p1a: Yveltal|Dark Aura
|turn|10
|
|t:|1664810596
|move|p1a: Yveltal|Defog|p2a: Zygarde
|-unboost|p2a: Zygarde|evasion|1
|-sideend|p1: Mr_kraft_|Stealth Rock|[from] move: Defog|[of] p1a: Yveltal
|move|p2a: Zygarde|Glare|p1a: Yveltal
|-status|p1a: Yveltal|par
|
|upkeep
|turn|11
|
|t:|1664810600
|move|p2a: Zygarde|Thousand Arrows|p1a: Yveltal
|-damage|p1a: Yveltal|37/100 par
|-start|p1a: Yveltal|Smack Down
|move|p1a: Yveltal|Oblivion Wing|p2a: Zygarde
|-damage|p2a: Zygarde|28/100
|-heal|p1a: Yveltal|65/100 par|[from] drain|[of] p2a: Zygarde
|-damage|p1a: Yveltal|55/100 par|[from] item: Life Orb
|
|upkeep
|turn|12
|
|t:|1664810608
|move|p2a: Zygarde|Thousand Arrows|p1a: Yveltal
|-damage|p1a: Yveltal|13/100 par
|move|p1a: Yveltal|Oblivion Wing|p2a: Zygarde
|-damage|p2a: Zygarde|6/100
|-heal|p1a: Yveltal|40/100 par|[from] drain|[of] p2a: Zygarde
|-damage|p1a: Yveltal|30/100 par|[from] item: Life Orb
|
|upkeep
|turn|13
|
|t:|1664810615
|move|p2a: Zygarde|Rest|p2a: Zygarde
|-status|p2a: Zygarde|slp|[from] move: Rest
|-heal|p2a: Zygarde|100/100 slp|[silent]
|move|p1a: Yveltal|Oblivion Wing|p2a: Zygarde
|-damage|p2a: Zygarde|77/100 slp
|-heal|p1a: Yveltal|59/100 par|[from] drain|[of] p2a: Zygarde
|-damage|p1a: Yveltal|49/100 par|[from] item: Life Orb
|
|upkeep
|turn|14
|
|t:|1664810618
|cant|p2a: Zygarde|slp
|move|p1a: Yveltal|Dark Pulse|p2a: Zygarde
|-damage|p2a: Zygarde|50/100 slp
|-damage|p1a: Yveltal|39/100 par|[from] item: Life Orb
|
|upkeep
|turn|15
|
|t:|1664810622
|cant|p2a: Zygarde|slp
|move|p1a: Yveltal|Oblivion Wing|p2a: Zygarde
|-damage|p2a: Zygarde|28/100 slp
|-heal|p1a: Yveltal|65/100 par|[from] drain|[of] p2a: Zygarde
|-damage|p1a: Yveltal|55/100 par|[from] item: Life Orb
|
|upkeep
|turn|16
|
|t:|1664810627
|-curestatus|p2a: Zygarde|slp|[msg]
|move|p2a: Zygarde|Thousand Arrows|p1a: Yveltal
|-damage|p1a: Yveltal|16/100 par
|move|p1a: Yveltal|Oblivion Wing|p2a: Zygarde
|-damage|p2a: Zygarde|5/100
|-heal|p1a: Yveltal|44/100 par|[from] drain|[of] p2a: Zygarde
|-damage|p1a: Yveltal|34/100 par|[from] item: Life Orb
|
|upkeep
|turn|17
|
|t:|1664810631
|move|p2a: Zygarde|Thousand Arrows|p1a: Yveltal
|-damage|p1a: Yveltal|0 fnt
|faint|p1a: Yveltal
|
|upkeep
|
|t:|1664810634
|switch|p1a: Marshadow|Marshadow|100/100
|turn|18
|
|t:|1664810638
|switch|p2a: Groudon|Groudon-Primal|93/100
|-weather|DesolateLand|[from] ability: Desolate Land|[of] p2a: Groudon
|move|p1a: Marshadow|Spectral Thief|p2a: Groudon
|-damage|p2a: Groudon|73/100
|
|-weather|DesolateLand|[upkeep]
|upkeep
|turn|19
|
|t:|1664810651
|switch|p1a: Ditto|Ditto|100/100
|-transform|p1a: Ditto|p2a: Groudon|[from] ability: Imposter
|move|p2a: Groudon|Fire Punch|p1a: Ditto
|-resisted|p1a: Ditto
|-damage|p1a: Ditto|81/100
|
|-weather|DesolateLand|[upkeep]
|upkeep
|turn|20
|
|t:|1664810659
|switch|p2a: Zygarde|Zygarde-Complete, shiny|5/100
|move|p1a: Ditto|Precipice Blades|p2a: Zygarde|[miss]
|-miss|p1a: Ditto|p2a: Zygarde
|
|-weather|DesolateLand|[upkeep]
|upkeep
|turn|21
|
|t:|1664810663
|move|p1a: Ditto|Precipice Blades|p2a: Zygarde
|-damage|p2a: Zygarde|0 fnt
|faint|p2a: Zygarde
|
|-weather|DesolateLand|[upkeep]
|upkeep
|
|t:|1664810671
|switch|p2a: Arceus|Arceus|100/100
|turn|22
|
|t:|1664810676
|move|p1a: Ditto|Precipice Blades|p2a: Arceus
|-damage|p2a: Arceus|53/100
|move|p2a: Arceus|Swords Dance|p2a: Arceus
|-boost|p2a: Arceus|atk|2
|
|-weather|DesolateLand|[upkeep]
|upkeep
|turn|23
|
|t:|1664810682
|-weather|none
|switch|p1a: Marshadow|Marshadow|100/100
|move|p2a: Arceus|Recover|p2a: Arceus
|-heal|p2a: Arceus|100/100
|
|upkeep
|turn|24
|
|t:|1664810686
|switch|p2a: Arceus|Arceus-Rock|56/100
|move|p1a: Marshadow|Close Combat|p2a: Arceus
|-supereffective|p2a: Arceus
|-crit|p2a: Arceus
|-damage|p2a: Arceus|0 fnt
|-unboost|p1a: Marshadow|def|1
|-unboost|p1a: Marshadow|spd|1
|faint|p2a: Arceus
|
|upkeep
|
|t:|1664810689
|switch|p2a: Groudon|Groudon-Primal|73/100
|-weather|DesolateLand|[from] ability: Desolate Land|[of] p2a: Groudon
|turn|25
|
|t:|1664810694
|switch|p1a: Kyurem|Kyurem-Black, shiny|100/100
|-ability|p1a: Kyurem|Teravolt
|move|p2a: Groudon|Precipice Blades|p1a: Kyurem
|-damage|p1a: Kyurem|35/100
|
|-weather|DesolateLand|[upkeep]
|upkeep
|turn|26
|
|t:|1664810697
|move|p1a: Kyurem|Icicle Spear|p2a: Groudon
|-damage|p2a: Groudon|66/100
|-damage|p2a: Groudon|59/100
|-damage|p2a: Groudon|51/100
|-hitcount|p2a: Groudon|3
|move|p2a: Groudon|Stealth Rock|p1a: Kyurem
|-sidestart|p1: Mr_kraft_|move: Stealth Rock
|
|-weather|DesolateLand|[upkeep]
|upkeep
|turn|27
|
|t:|1664810703
|move|p1a: Kyurem|Icicle Spear|p2a: Groudon
|-damage|p2a: Groudon|45/100
|-damage|p2a: Groudon|37/100
|-damage|p2a: Groudon|30/100
|-damage|p2a: Groudon|23/100
|-hitcount|p2a: Groudon|4
|move|p2a: Groudon|Fire Punch|p1a: Kyurem
|-damage|p1a: Kyurem|0 fnt
|faint|p1a: Kyurem
|
|-weather|DesolateLand|[upkeep]
|upkeep
|
|t:|1664810717
|switch|p1a: Ditto|Ditto|81/100
|-damage|p1a: Ditto|69/100|[from] Stealth Rock
|-transform|p1a: Ditto|p2a: Groudon|[from] ability: Imposter
|turn|28
|
|t:|1664810726
|move|p1a: Ditto|Precipice Blades|p2a: Groudon
|-supereffective|p2a: Groudon
|-damage|p2a: Groudon|0 fnt
|faint|p2a: Groudon
|
|-weather|DesolateLand|[upkeep]
|upkeep
|
|t:|1664810732
|switch|p2a: Arceus|Arceus|100/100
|turn|29
|
|t:|1664810741
|move|p1a: Ditto|Precipice Blades|p2a: Arceus|[miss]
|-miss|p1a: Ditto|p2a: Arceus
|move|p2a: Arceus|Shadow Claw|p1a: Ditto
|-damage|p1a: Ditto|54/100
|
|-weather|DesolateLand|[upkeep]
|upkeep
|turn|30
|
|t:|1664810747
|move|p1a: Ditto|Precipice Blades|p2a: Arceus
|-damage|p2a: Arceus|54/100
|move|p2a: Arceus|Recover|p2a: Arceus
|-heal|p2a: Arceus|100/100
|
|-weather|DesolateLand|[upkeep]
|upkeep
|turn|31
|
|t:|1664810752
|move|p1a: Ditto|Precipice Blades|p2a: Arceus
|-damage|p2a: Arceus|52/100
|move|p2a: Arceus|Shadow Claw|p1a: Ditto
|-damage|p1a: Ditto|38/100
|
|-weather|DesolateLand|[upkeep]
|upkeep
|turn|32
|
|t:|1664810756
|move|p1a: Ditto|Precipice Blades|p2a: Arceus
|-damage|p2a: Arceus|10/100
|move|p2a: Arceus|Recover|p2a: Arceus
|-heal|p2a: Arceus|60/100
|
|-weather|DesolateLand|[upkeep]
|upkeep
|turn|33
|
|t:|1664810761
|-weather|none
|switch|p1a: Marshadow|Marshadow|100/100
|-damage|p1a: Marshadow|94/100|[from] Stealth Rock
|move|p2a: Arceus|Shadow Claw|p1a: Marshadow
|-supereffective|p1a: Marshadow
|-damage|p1a: Marshadow|28/100
|
|upkeep
|turn|34
|
|t:|1664810769
|move|p1a: Marshadow|Spectral Thief|p2a: Arceus
|-immune|p2a: Arceus
|move|p2a: Arceus|Shadow Claw|p1a: Marshadow
|-supereffective|p1a: Marshadow
|-damage|p1a: Marshadow|0 fnt
|faint|p1a: Marshadow
|
|upkeep
|
|t:|1664810773
|switch|p1a: Ditto|Ditto|38/100
|-damage|p1a: Ditto|26/100|[from] Stealth Rock
|-transform|p1a: Ditto|p2a: Arceus|[from] ability: Imposter
|turn|35
|
|t:|1664810776
|-start|p1a: Ditto|Dynamax|
|-heal|p1a: Ditto|26/100|[silent]
|move|p2a: Arceus|Extreme Speed|p1a: Ditto
|-damage|p1a: Ditto|3/100
|move|p1a: Ditto|Max Strike|p2a: Arceus
|-damage|p2a: Arceus|12/100
|-unboost|p2a: Arceus|spe|1
|
|upkeep
|turn|36
|
|t:|1664810785
|move|p1a: Ditto|Max Guard|p1a: Ditto
|-singleturn|p1a: Ditto|Max Guard
|move|p2a: Arceus|Extreme Speed|p1a: Ditto
|-activate|p1a: Ditto|move: Max Guard
|
|upkeep
|turn|37
|
|t:|1664810788
|move|p1a: Ditto|Max Guard||[still]
|-fail|p1a: Ditto
|move|p2a: Arceus|Extreme Speed|p1a: Ditto
|-damage|p1a: Ditto|0 fnt
|faint|p1a: Ditto
|
|upkeep
|
|t:|1664810790
|switch|p1a: Zacian|Zacian-Crowned|100/100
|-damage|p1a: Zacian|94/100|[from] Stealth Rock
|-ability|p1a: Zacian|Intrepid Sword|boost
|-boost|p1a: Zacian|atk|1
|turn|38
|
|t:|1664810792
|move|p1a: Zacian|Behemoth Blade|p2a: Arceus
|-damage|p2a: Arceus|0 fnt
|faint|p2a: Arceus
|
|upkeep
|
|t:|1664810794
|switch|p2a: Ditto|Ditto, shiny|100/100
|-transform|p2a: Ditto|p1a: Zacian|[from] ability: Imposter
|-ability|p2a: Ditto|Intrepid Sword|boost
|-boost|p2a: Ditto|atk|1
|turn|39
|c|☆Mr_kraft_|gg
|
|t:|1664810799
|move|p2a: Ditto|Behemoth Blade|p1a: Zacian
|-damage|p1a: Zacian|0 fnt
|faint|p1a: Zacian
|
|win|Obito152001
|raw|Mr_kraft_'s rating: 1707 &rarr; <strong>1700</strong><br />(-7 for losing)
|raw|Obito152001's rating: 1989 &rarr; <strong>1996</strong><br />(+7 for winning)
|c|☆Obito152001|Gg
