|j|☆IamHrrimann
|j|☆BannerG
|t:|1630760842
|gametype|singles
|player|p1|IamHrrimann|170|
|player|p2|BannerG|giovanni|
|teamsize|p1|6
|teamsize|p2|6
|gen|8
|tier|[Gen 8] National Dex AG
|rule|HP Percentage Mod: HP is shown in percentages
|rule|Endless Battle Clause: Forcing endless battles is banned
|clearpoke
|poke|p1|Lugia|
|poke|p1|Hippowdon, M|
|poke|p1|Mandibuzz, F|
|poke|p1|Zeraora|
|poke|p1|Grimmsnarl, M|
|poke|p1|Deoxys-Defense|
|poke|p2|Tyranitar, F|
|poke|p2|Groudon|
|poke|p2|Staraptor, F|
|poke|p2|Raikou|
|poke|p2|Scizor, F|
|poke|p2|Zygarde|
|teampreview
|
|t:|1630760863
|start
|switch|p1a: Grimmsnarl|Grimmsnarl, M|100/100
|switch|p2a: Tyranitar|Tyranitar, F|100/100
|-weather|Sandstorm|[from] ability: Sand Stream|[of] p2a: Tyranitar
|turn|1
|
|t:|1630760873
|move|p1a: Grimmsnarl|Reflect|p1a: Grimmsnarl
|-sidestart|p1: IamHrrimann|Reflect
|move|p2a: Tyranitar|Stone Edge|p1a: Grimmsnarl
|-damage|p1a: Grimmsnarl|45/100
|
|-weather|Sandstorm|[upkeep]
|-damage|p1a: Grimmsnarl|39/100|[from] Sandstorm
|upkeep
|turn|2
|
|t:|1630760892
|-start|p1a: Grimmsnarl|Dynamax
|-heal|p1a: Grimmsnarl|39/100|[silent]
|move|p2a: Tyranitar|Stone Edge|p1a: Grimmsnarl
|-crit|p1a: Grimmsnarl
|-damage|p1a: Grimmsnarl|0 fnt
|faint|p1a: Grimmsnarl
|
|-weather|Sandstorm|[upkeep]
|upkeep
|
|t:|1630760922
|switch|p1a: Hippowdon|Hippowdon, M|100/100
|turn|3
|
|t:|1630760940
|switch|p2a: Staraptor|Staraptor, F|100/100
|-ability|p2a: Staraptor|Intimidate|boost
|-unboost|p1a: Hippowdon|atk|1
|switch|p1a: Lugia|Lugia, shiny|100/100
|-ability|p1a: Lugia|Pressure
|
|-weather|Sandstorm|[upkeep]
|-damage|p2a: Staraptor|94/100|[from] Sandstorm
|-damage|p1a: Lugia|94/100|[from] Sandstorm
|-heal|p1a: Lugia|100/100|[from] item: Leftovers
|upkeep
|turn|4
|
|t:|1630760959
|move|p2a: Staraptor|Defog|p1a: Lugia
|-unboost|p1a: Lugia|evasion|1
|-sideend|p1: IamHrrimann|Reflect
|move|p1a: Lugia|Calm Mind|p1a: Lugia
|-boost|p1a: Lugia|spa|1
|-boost|p1a: Lugia|spd|1
|
|-weather|Sandstorm|[upkeep]
|-damage|p2a: Staraptor|88/100|[from] Sandstorm
|-damage|p1a: Lugia|94/100|[from] Sandstorm
|-heal|p1a: Lugia|100/100|[from] item: Leftovers
|upkeep
|turn|5
|
|t:|1630760981
|move|p2a: Staraptor|U-turn|p1a: Lugia
|-damage|p1a: Lugia|92/100
|
|t:|1630760984
|switch|p2a: Raikou|Raikou|100/100|[from]move: U-turn
|-ability|p2a: Raikou|Pressure
|move|p1a: Lugia|Calm Mind|p1a: Lugia
|-boost|p1a: Lugia|spa|1
|-boost|p1a: Lugia|spd|1
|
|-weather|none
|-heal|p1a: Lugia|98/100|[from] item: Leftovers
|upkeep
|turn|6
|
|t:|1630761006
|move|p2a: Raikou|Volt Switch|p1a: Lugia
|-supereffective|p1a: Lugia
|-damage|p1a: Lugia|79/100
|
|t:|1630761010
|switch|p2a: Tyranitar|Tyranitar, F|100/100|[from]move: Volt Switch
|-weather|Sandstorm|[from] ability: Sand Stream|[of] p2a: Tyranitar
|move|p1a: Lugia|Roost|p1a: Lugia
|-heal|p1a: Lugia|100/100
|-singleturn|p1a: Lugia|move: Roost
|
|-weather|Sandstorm|[upkeep]
|-damage|p1a: Lugia|94/100|[from] Sandstorm
|-heal|p1a: Lugia|100/100|[from] item: Leftovers
|upkeep
|turn|7
|
|t:|1630761052
|-activate|p1a: Lugia|move: Pursuit
|move|p2a: Tyranitar|Pursuit|p1a: Lugia|[from]Pursuit
|-supereffective|p1a: Lugia
|-damage|p1a: Lugia|34/100
|switch|p1a: Hippowdon|Hippowdon, M|100/100
|
|-weather|Sandstorm|[upkeep]
|upkeep
|turn|8
|
|t:|1630761067
|switch|p2a: Staraptor|Staraptor, F|88/100
|-ability|p2a: Staraptor|Intimidate|boost
|-unboost|p1a: Hippowdon|atk|1
|move|p1a: Hippowdon|Toxic|p2a: Staraptor
|-status|p2a: Staraptor|tox
|
|-weather|Sandstorm|[upkeep]
|-damage|p2a: Staraptor|82/100 tox|[from] Sandstorm
|-damage|p2a: Staraptor|76/100 tox|[from] psn
|upkeep
|turn|9
|
|t:|1630761084
|switch|p1a: Mandibuzz|Mandibuzz, F|100/100
|move|p2a: Staraptor|U-turn|p1a: Mandibuzz
|-damage|p1a: Mandibuzz|90/100
|
|t:|1630761090
|switch|p2a: Groudon|Groudon|100/100|[from]move: U-turn
|detailschange|p2a: Groudon|Groudon-Primal
|-primal|p2a: Groudon
|-weather|DesolateLand|[from] ability: Desolate Land|[of] p2a: Groudon
|
|-weather|DesolateLand|[upkeep]
|-heal|p1a: Mandibuzz|96/100|[from] item: Leftovers
|upkeep
|turn|10
|
|t:|1630761105
|switch|p1a: Deoxys|Deoxys-Defense|100/100
|-ability|p1a: Deoxys|Pressure
|move|p2a: Groudon|Stealth Rock|p1a: Deoxys
|-sidestart|p1: IamHrrimann|move: Stealth Rock
|
|-weather|DesolateLand|[upkeep]
|upkeep
|turn|11
|
|t:|1630761124
|move|p1a: Deoxys|Cosmic Power|p1a: Deoxys
|-boost|p1a: Deoxys|def|1
|-boost|p1a: Deoxys|spd|1
|move|p2a: Groudon|Swords Dance|p2a: Groudon
|-boost|p2a: Groudon|atk|2
|
|-weather|DesolateLand|[upkeep]
|upkeep
|turn|12
|
|t:|1630761133
|move|p1a: Deoxys|Cosmic Power|p1a: Deoxys
|-boost|p1a: Deoxys|def|1
|-boost|p1a: Deoxys|spd|1
|move|p2a: Groudon|Precipice Blades|p1a: Deoxys|[miss]
|-miss|p2a: Groudon|p1a: Deoxys
|
|-weather|DesolateLand|[upkeep]
|upkeep
|turn|13
|
|t:|1630761158
|-weather|none
|switch|p2a: Staraptor|Staraptor, F|76/100 tox
|-ability|p2a: Staraptor|Intimidate|boost
|-unboost|p1a: Deoxys|atk|1
|move|p1a: Deoxys|Cosmic Power|p1a: Deoxys
|-boost|p1a: Deoxys|def|1
|-boost|p1a: Deoxys|spd|1
|
|-damage|p2a: Staraptor|70/100 tox|[from] psn
|upkeep
|turn|14
|
|t:|1630761171
|move|p2a: Staraptor|U-turn|p1a: Deoxys
|-supereffective|p1a: Deoxys
|-damage|p1a: Deoxys|89/100
|
|t:|1630761175
|switch|p2a: Scizor|Scizor, F|100/100|[from]move: U-turn
|move|p1a: Deoxys|Cosmic Power|p1a: Deoxys
|-boost|p1a: Deoxys|def|1
|-boost|p1a: Deoxys|spd|1
|
|-heal|p1a: Deoxys|95/100|[from] item: Leftovers
|upkeep
|turn|15
|
|t:|1630761193
|detailschange|p2a: Scizor|Scizor-Mega, F
|-mega|p2a: Scizor|Scizor|Scizorite
|move|p1a: Deoxys|Cosmic Power|p1a: Deoxys
|-boost|p1a: Deoxys|def|1
|-boost|p1a: Deoxys|spd|1
|move|p2a: Scizor|Knock Off|p1a: Deoxys
|-supereffective|p1a: Deoxys
|-damage|p1a: Deoxys|80/100
|-enditem|p1a: Deoxys|Leftovers|[from] move: Knock Off|[of] p2a: Scizor
|
|upkeep
|turn|16
|
|t:|1630761221
|switch|p2a: Zygarde|Zygarde|100/100
|move|p1a: Deoxys|Recover|p1a: Deoxys
|-heal|p1a: Deoxys|100/100
|
|upkeep
|turn|17
|
|t:|1630761229
|move|p2a: Zygarde|Substitute|p2a: Zygarde
|-start|p2a: Zygarde|Substitute
|-damage|p2a: Zygarde|75/100
|move|p1a: Deoxys|Cosmic Power|p1a: Deoxys
|-boost|p1a: Deoxys|def|1
|-boost|p1a: Deoxys|spd|1
|
|-heal|p2a: Zygarde|82/100|[from] item: Leftovers
|upkeep
|turn|18
|
|t:|1630761239
|move|p2a: Zygarde|Toxic|p1a: Deoxys
|-status|p1a: Deoxys|tox
|move|p1a: Deoxys|Seismic Toss|p2a: Zygarde
|-activate|p2a: Zygarde|move: Substitute|[damage]
|
|-heal|p2a: Zygarde|88/100|[from] item: Leftovers
|-damage|p1a: Deoxys|94/100 tox|[from] psn
|upkeep
|turn|19
|
|t:|1630761252
|move|p2a: Zygarde|Coil|p2a: Zygarde
|-boost|p2a: Zygarde|atk|1
|-boost|p2a: Zygarde|def|1
|-boost|p2a: Zygarde|accuracy|1
|move|p1a: Deoxys|Seismic Toss|p2a: Zygarde
|-end|p2a: Zygarde|Substitute
|
|-heal|p2a: Zygarde|94/100|[from] item: Leftovers
|-damage|p1a: Deoxys|82/100 tox|[from] psn
|upkeep
|turn|20
|
|t:|1630761305
|move|p2a: Zygarde|Substitute|p2a: Zygarde
|-start|p2a: Zygarde|Substitute
|-damage|p2a: Zygarde|69/100
|move|p1a: Deoxys|Seismic Toss|p2a: Zygarde
|-activate|p2a: Zygarde|move: Substitute|[damage]
|
|-heal|p2a: Zygarde|75/100|[from] item: Leftovers
|-damage|p1a: Deoxys|63/100 tox|[from] psn
|upkeep
|turn|21
|
|t:|1630761322
|move|p2a: Zygarde|Coil|p2a: Zygarde
|-boost|p2a: Zygarde|atk|1
|-boost|p2a: Zygarde|def|1
|-boost|p2a: Zygarde|accuracy|1
|move|p1a: Deoxys|Seismic Toss|p2a: Zygarde
|-end|p2a: Zygarde|Substitute
|
|-heal|p2a: Zygarde|81/100|[from] item: Leftovers
|-damage|p1a: Deoxys|38/100 tox|[from] psn
|upkeep
|turn|22
|
|t:|1630761340
|switch|p1a: Mandibuzz|Mandibuzz, F|96/100
|-damage|p1a: Mandibuzz|71/100|[from] Stealth Rock
|move|p2a: Zygarde|Substitute|p2a: Zygarde
|-start|p2a: Zygarde|Substitute
|-damage|p2a: Zygarde|56/100
|
|-heal|p2a: Zygarde|63/100|[from] item: Leftovers
|-heal|p1a: Mandibuzz|77/100|[from] item: Leftovers
|upkeep
|turn|23
|
|t:|1630761362
|move|p2a: Zygarde|Thousand Arrows|p1a: Mandibuzz
|-crit|p1a: Mandibuzz
|-damage|p1a: Mandibuzz|22/100
|-start|p1a: Mandibuzz|Smack Down
|move|p1a: Mandibuzz|Foul Play|p2a: Zygarde
|-activate|p2a: Zygarde|move: Substitute|[damage]
|
|-heal|p2a: Zygarde|69/100|[from] item: Leftovers
|-heal|p1a: Mandibuzz|28/100|[from] item: Leftovers
|upkeep
|turn|24
|
|t:|1630761384
|move|p2a: Zygarde|Coil|p2a: Zygarde
|-boost|p2a: Zygarde|atk|1
|-boost|p2a: Zygarde|def|1
|-boost|p2a: Zygarde|accuracy|1
|move|p1a: Mandibuzz|Roost|p1a: Mandibuzz
|-heal|p1a: Mandibuzz|78/100
|-singleturn|p1a: Mandibuzz|move: Roost
|
|-heal|p2a: Zygarde|75/100|[from] item: Leftovers
|-heal|p1a: Mandibuzz|84/100|[from] item: Leftovers
|upkeep
|turn|25
|
|t:|1630761413
|move|p2a: Zygarde|Toxic|p1a: Mandibuzz
|-status|p1a: Mandibuzz|tox
|move|p1a: Mandibuzz|Foul Play|p2a: Zygarde
|-end|p2a: Zygarde|Substitute
|
|-heal|p2a: Zygarde|81/100|[from] item: Leftovers
|-heal|p1a: Mandibuzz|91/100 tox|[from] item: Leftovers
|-damage|p1a: Mandibuzz|84/100 tox|[from] psn
|upkeep
|turn|26
|
|t:|1630761437
|move|p2a: Zygarde|Substitute|p2a: Zygarde
|-start|p2a: Zygarde|Substitute
|-damage|p2a: Zygarde|56/100
|move|p1a: Mandibuzz|Foul Play|p2a: Zygarde
|-activate|p2a: Zygarde|move: Substitute|[damage]
|
|-heal|p2a: Zygarde|62/100|[from] item: Leftovers
|-heal|p1a: Mandibuzz|91/100 tox|[from] item: Leftovers
|-damage|p1a: Mandibuzz|78/100 tox|[from] psn
|upkeep
|turn|27
|
|t:|1630761450
|move|p2a: Zygarde|Coil|p2a: Zygarde
|-boost|p2a: Zygarde|atk|1
|-boost|p2a: Zygarde|def|1
|-boost|p2a: Zygarde|accuracy|1
|move|p1a: Mandibuzz|Foul Play|p2a: Zygarde
|-end|p2a: Zygarde|Substitute
|
|-heal|p2a: Zygarde|69/100|[from] item: Leftovers
|-heal|p1a: Mandibuzz|84/100 tox|[from] item: Leftovers
|-damage|p1a: Mandibuzz|66/100 tox|[from] psn
|upkeep
|turn|28
|
|t:|1630761480
|move|p2a: Zygarde|Substitute|p2a: Zygarde
|-start|p2a: Zygarde|Substitute
|-damage|p2a: Zygarde|44/100
|move|p1a: Mandibuzz|Defog|p2a: Zygarde
|-sideend|p1: IamHrrimann|Stealth Rock|[from] move: Defog|[of] p1a: Mandibuzz
|
|-heal|p2a: Zygarde|50/100|[from] item: Leftovers
|-heal|p1a: Mandibuzz|72/100 tox|[from] item: Leftovers
|-damage|p1a: Mandibuzz|48/100 tox|[from] psn
|-activate|p2a: Zygarde|ability: Power Construct
|detailschange|p2a: Zygarde|Zygarde-Complete
|-heal|p2a: Zygarde|67/100|[silent]
|upkeep
|turn|29
|
|t:|1630761497
|move|p2a: Zygarde|Thousand Arrows|p1a: Mandibuzz
|-damage|p1a: Mandibuzz|0 fnt
|faint|p1a: Mandibuzz
|
|-heal|p2a: Zygarde|74/100|[from] item: Leftovers
|upkeep
|
|t:|1630761538
|switch|p1a: Hippowdon|Hippowdon, M|100/100
|-weather|Sandstorm|[from] ability: Sand Stream|[of] p1a: Hippowdon
|turn|30
|
|t:|1630761546
|move|p2a: Zygarde|Toxic|p1a: Hippowdon
|-status|p1a: Hippowdon|tox
|move|p1a: Hippowdon|Earthquake|p2a: Zygarde
|-activate|p2a: Zygarde|move: Substitute|[damage]
|
|-weather|Sandstorm|[upkeep]
|-heal|p2a: Zygarde|80/100|[from] item: Leftovers
|-damage|p1a: Hippowdon|94/100 tox|[from] psn
|upkeep
|turn|31
|
|t:|1630761558
|move|p2a: Zygarde|Thousand Arrows|p1a: Hippowdon
|-damage|p1a: Hippowdon|48/100 tox
|move|p1a: Hippowdon|Earthquake|p2a: Zygarde
|-activate|p2a: Zygarde|move: Substitute|[damage]
|
|-weather|Sandstorm|[upkeep]
|-heal|p2a: Zygarde|86/100|[from] item: Leftovers
|-heal|p1a: Hippowdon|54/100 tox|[from] item: Leftovers
|-damage|p1a: Hippowdon|42/100 tox|[from] psn
|upkeep
|turn|32
|
|t:|1630761583
|move|p2a: Zygarde|Thousand Arrows|p1a: Hippowdon
|-damage|p1a: Hippowdon|0 fnt
|faint|p1a: Hippowdon
|
|-weather|Sandstorm|[upkeep]
|-heal|p2a: Zygarde|92/100|[from] item: Leftovers
|upkeep
|-message|IamHrrimann forfeited.
|
|win|BannerG
|c|☆IamHrrimann|Gg
|c|☆BannerG|GG!!
