|j|☆CokoiZ
|j|☆C0ld as Ic3
|t:|1654220936
|gametype|singles
|player|p1|CokoiZ|dawn|1695
|player|p2|C0ld as Ic3|schoolkid-gen4dp|1756
|teamsize|p1|6
|teamsize|p2|6
|gen|8
|tier|[Gen 8] National Dex AG
|rated|
|rule|HP Percentage Mod: HP is shown in percentages
|rule|Endless Battle Clause: Forcing endless battles is banned
|clearpoke
|poke|p1|Cinderace, F|
|poke|p1|Kyogre|
|poke|p1|Rayquaza|
|poke|p1|Smeargle, F|
|poke|p1|Shaymin-Sky|
|poke|p1|Arceus-*|
|poke|p2|Necrozma-Dusk-Mane|
|poke|p2|Arceus-*|
|poke|p2|Zacian-*|
|poke|p2|Arceus-*|
|poke|p2|Yveltal|
|poke|p2|Zacian-*|
|teampreview
|inactive|Battle timer is ON: inactive players will automatically lose when time's up. (requested by CokoiZ)
|inactive|C0ld as Ic3 also wants the timer to be on.
|
|t:|1654220948
|start
|switch|p1a: Smeargle|Smeargle, F, shiny|100/100
|switch|p2a: Arceus|Arceus-Grass|100/100
|turn|1
|
|t:|1654220956
|move|p1a: Smeargle|Protect|p1a: Smeargle
|-singleturn|p1a: Smeargle|Protect
|move|p2a: Arceus|Grass Knot|p1a: Smeargle
|-activate|p1a: Smeargle|move: Protect
|
|-ability|p1a: Smeargle|Moody|boost
|-boost|p1a: Smeargle|spd|2
|-unboost|p1a: Smeargle|def|1
|upkeep
|turn|2
|
|t:|1654220970
|move|p2a: Arceus|Ice Beam|p1a: Smeargle
|-damage|p1a: Smeargle|77/100
|move|p1a: Smeargle|Sticky Web|p2a: Arceus
|-sidestart|p2: C0ld as Ic3|move: Sticky Web
|
|-ability|p1a: Smeargle|Moody|boost
|-boost|p1a: Smeargle|atk|2
|-unboost|p1a: Smeargle|spe|1
|upkeep
|turn|3
|
|t:|1654220981
|move|p1a: Smeargle|Protect|p1a: Smeargle
|-singleturn|p1a: Smeargle|Protect
|move|p2a: Arceus|Grass Knot|p1a: Smeargle
|-activate|p1a: Smeargle|move: Protect
|
|-ability|p1a: Smeargle|Moody|boost
|-boost|p1a: Smeargle|spe|2
|-unboost|p1a: Smeargle|atk|1
|upkeep
|turn|4
|
|t:|1654220994
|move|p1a: Smeargle|Baton Pass|p1a: Smeargle
|
|t:|1654220996
|switch|p1a: Cinderace|Cinderace, F|100/100|[from]move: Baton Pass
|move|p2a: Arceus|Grass Knot|p1a: Cinderace
|-resisted|p1a: Cinderace
|-damage|p1a: Cinderace|91/100
|
|upkeep
|turn|5
|
|t:|1654221008
|switch|p2a: Arceus|Arceus-Ground|100/100
|-activate|p2a: Arceus|move: Sticky Web
|-unboost|p2a: Arceus|spe|1
|move|p1a: Cinderace|Pyro Ball|p2a: Arceus
|-damage|p2a: Arceus|58/100
|
|upkeep
|turn|6
|
|t:|1654221018
|-start|p2a: Arceus|Dynamax|
|-heal|p2a: Arceus|58/100|[silent]
|move|p1a: Cinderace|Pyro Ball|p2a: Arceus
|-damage|p2a: Arceus|34/100
|move|p2a: Arceus|Max Quake|p1a: Cinderace
|-supereffective|p1a: Cinderace
|-damage|p1a: Cinderace|7/100
|-boost|p2a: Arceus|spd|1
|
|upkeep
|turn|7
|
|t:|1654221039
|move|p1a: Cinderace|High Jump Kick|p2a: Arceus
|-start|p1a: Cinderace|typechange|Fighting|[from] ability: Libero
|-crit|p2a: Arceus
|-damage|p2a: Arceus|0 fnt
|faint|p2a: Arceus
|
|upkeep
|
|t:|1654221045
|switch|p2a: Necrozma|Necrozma-Dusk-Mane|100/100
|-activate|p2a: Necrozma|move: Sticky Web
|-unboost|p2a: Necrozma|spe|1
|turn|8
|
|t:|1654221052
|move|p1a: Cinderace|Pyro Ball|p2a: Necrozma
|-start|p1a: Cinderace|typechange|Fire|[from] ability: Libero
|-supereffective|p2a: Necrozma
|-damage|p2a: Necrozma|31/100
|move|p2a: Necrozma|Sunsteel Strike|p1a: Cinderace
|-resisted|p1a: Cinderace
|-damage|p1a: Cinderace|0 fnt
|faint|p1a: Cinderace
|
|upkeep
|
|t:|1654221057
|switch|p1a: Smeargle|Smeargle, F, shiny|77/100
|turn|9
|
|t:|1654221068
|switch|p2a: Arceus|Arceus-Grass|100/100
|-activate|p2a: Arceus|move: Sticky Web
|-unboost|p2a: Arceus|spe|1
|move|p1a: Smeargle|Spore|p2a: Arceus
|-immune|p2a: Arceus
|
|-ability|p1a: Smeargle|Moody|boost
|-boost|p1a: Smeargle|spa|2
|-unboost|p1a: Smeargle|spd|1
|upkeep
|turn|10
|
|t:|1654221076
|move|p1a: Smeargle|Protect|p1a: Smeargle
|-singleturn|p1a: Smeargle|Protect
|move|p2a: Arceus|Ice Beam|p1a: Smeargle
|-activate|p1a: Smeargle|move: Protect
|
|-ability|p1a: Smeargle|Moody|boost
|-boost|p1a: Smeargle|atk|2
|-unboost|p1a: Smeargle|spe|1
|upkeep
|turn|11
|
|t:|1654221089
|move|p2a: Arceus|Ice Beam|p1a: Smeargle
|-damage|p1a: Smeargle|0 fnt
|faint|p1a: Smeargle
|
|upkeep
|
|t:|1654221093
|switch|p1a: Rayquaza|Rayquaza, shiny|100/100
|-ability|p1a: Rayquaza|Air Lock
|turn|12
|
|t:|1654221111
|switch|p2a: Necrozma|Necrozma-Dusk-Mane|31/100
|-activate|p2a: Necrozma|move: Sticky Web
|-unboost|p2a: Necrozma|spe|1
|detailschange|p1a: Rayquaza|Rayquaza-Mega, shiny
|-mega|p1a: Rayquaza|Rayquaza|
|-weather|DeltaStream|[from] ability: Delta Stream|[of] p1a: Rayquaza
|move|p1a: Rayquaza|Earthquake|p2a: Necrozma
|-supereffective|p2a: Necrozma
|-damage|p2a: Necrozma|0 fnt
|faint|p2a: Necrozma
|
|-weather|DeltaStream|[upkeep]
|upkeep
|inactive|C0ld as Ic3 has 120 seconds left.
|
|t:|1654221138
|switch|p2a: Yveltal|Yveltal, shiny|100/100
|-ability|p2a: Yveltal|Dark Aura
|turn|13
|
|t:|1654221145
|-weather|none
|switch|p1a: Shaymin|Shaymin-Sky, shiny|100/100
|move|p2a: Yveltal|Foul Play|p1a: Shaymin
|-damage|p1a: Shaymin|55/100
|
|upkeep
|turn|14
|inactive|C0ld as Ic3 has 120 seconds left.
|
|t:|1654221167
|move|p1a: Shaymin|Seed Flare|p2a: Yveltal
|-resisted|p2a: Yveltal
|-damage|p2a: Yveltal|84/100
|-unboost|p2a: Yveltal|spd|2
|move|p2a: Yveltal|Defog|p1a: Shaymin
|-unboost|p1a: Shaymin|evasion|1
|-sideend|p2: C0ld as Ic3|Sticky Web|[from] move: Defog|[of] p2a: Yveltal
|
|upkeep
|turn|15
|inactive|C0ld as Ic3 has 120 seconds left.
|
|t:|1654221175
|switch|p1a: Arceus|Arceus-Ground|100/100
|move|p2a: Yveltal|Roost|p2a: Yveltal
|-heal|p2a: Yveltal|100/100
|-singleturn|p2a: Yveltal|move: Roost
|
|upkeep
|turn|16
|inactive|C0ld as Ic3 has 120 seconds left.
|
|t:|1654221192
|move|p1a: Arceus|Calm Mind|p1a: Arceus
|-boost|p1a: Arceus|spa|1
|-boost|p1a: Arceus|spd|1
|move|p2a: Yveltal|U-turn|p1a: Arceus
|-damage|p1a: Arceus|87/100
|
|t:|1654221199
|switch|p2a: Zacian|Zacian, shiny|100/100|[from]move: U-turn
|-ability|p2a: Zacian|Intrepid Sword|boost
|-boost|p2a: Zacian|atk|1
|
|upkeep
|turn|17
|
|t:|1654221207
|move|p2a: Zacian|Play Rough|p1a: Arceus
|-damage|p1a: Arceus|14/100
|move|p1a: Arceus|Recover|p1a: Arceus
|-heal|p1a: Arceus|64/100
|
|upkeep
|turn|18
|inactive|C0ld as Ic3 has 120 seconds left.
|
|t:|1654221229
|-start|p1a: Arceus|Dynamax|
|-heal|p1a: Arceus|64/100|[silent]
|move|p2a: Zacian|Play Rough|p1a: Arceus
|-damage|p1a: Arceus|29/100
|move|p1a: Arceus|Max Quake|p2a: Zacian
|-damage|p2a: Zacian|9/100
|-boost|p1a: Arceus|spd|1
|
|upkeep
|turn|19
|inactive|C0ld as Ic3 has 120 seconds left.
|
|t:|1654221235
|move|p2a: Zacian|Play Rough|p1a: Arceus|[miss]
|-miss|p2a: Zacian|p1a: Arceus
|move|p1a: Arceus|Max Quake|p2a: Zacian
|-damage|p2a: Zacian|0 fnt
|-boost|p1a: Arceus|spd|1
|faint|p2a: Zacian
|
|upkeep
|inactive|C0ld as Ic3 has 120 seconds left.
|
|t:|1654221240
|switch|p2a: Zacian|Zacian, shiny|100/100
|-ability|p2a: Zacian|Intrepid Sword|boost
|-boost|p2a: Zacian|atk|1
|turn|20
|
|t:|1654221245
|-zpower|p2a: Zacian
|move|p2a: Zacian|Tectonic Rage|p1a: Arceus|[zeffect]
|-damage|p1a: Arceus|3/100
|move|p1a: Arceus|Max Quake|p2a: Zacian
|-damage|p2a: Zacian|17/100
|-boost|p1a: Arceus|spd|1
|
|upkeep
|-end|p1a: Arceus|Dynamax
|-heal|p1a: Arceus|3/100|[silent]
|turn|21
|inactive|C0ld as Ic3 has 120 seconds left.
|
|t:|1654221274
|move|p2a: Zacian|Play Rough|p1a: Arceus
|-damage|p1a: Arceus|0 fnt
|faint|p1a: Arceus
|
|upkeep
|
|t:|1654221278
|switch|p1a: Rayquaza|Rayquaza-Mega, shiny|100/100
|-weather|DeltaStream|[from] ability: Delta Stream|[of] p1a: Rayquaza
|turn|22
|
|t:|1654221286
|move|p2a: Zacian|Play Rough|p1a: Rayquaza
|-supereffective|p1a: Rayquaza
|-enditem|p1a: Rayquaza|Focus Sash
|-damage|p1a: Rayquaza|1/100
|move|p1a: Rayquaza|Dragon Ascent|p2a: Zacian
|-damage|p2a: Zacian|0 fnt
|-unboost|p1a: Rayquaza|def|1
|-unboost|p1a: Rayquaza|spd|1
|faint|p2a: Zacian
|
|-weather|DeltaStream|[upkeep]
|upkeep
|
|t:|1654221289
|switch|p2a: Arceus|Arceus-Grass|100/100
|turn|23
|
|t:|1654221304
|move|p1a: Rayquaza|Extreme Speed|p2a: Arceus
|-damage|p2a: Arceus|74/100
|move|p2a: Arceus|Ice Beam|p1a: Rayquaza
|-activate||deltastream
|-supereffective|p1a: Rayquaza
|-damage|p1a: Rayquaza|0 fnt
|faint|p1a: Rayquaza
|-weather|none
|
|upkeep
|
|t:|1654221308
|switch|p1a: Shaymin|Shaymin-Sky, shiny|55/100
|turn|24
|
|t:|1654221316
|switch|p1a: Kyogre|Kyogre|100/100
|-weather|RainDance|[from] ability: Drizzle|[of] p1a: Kyogre
|switch|p2a: Yveltal|Yveltal, shiny|100/100
|-ability|p2a: Yveltal|Dark Aura
|
|-weather|RainDance|[upkeep]
|upkeep
|turn|25
|inactive|C0ld as Ic3 has 120 seconds left.
|
|t:|1654221353
|move|p1a: Kyogre|Toxic|p2a: Yveltal
|-status|p2a: Yveltal|tox
|move|p2a: Yveltal|Roost||[still]
|-fail|p2a: Yveltal|heal
|
|-weather|RainDance|[upkeep]
|-damage|p2a: Yveltal|94/100 tox|[from] psn
|upkeep
|turn|26
|
|t:|1654221360
|switch|p1a: Shaymin|Shaymin-Sky, shiny|55/100
|move|p2a: Yveltal|U-turn|p1a: Shaymin
|-damage|p1a: Shaymin|30/100
|inactive|C0ld as Ic3 has 120 seconds left.
|
|t:|1654221377
|switch|p2a: Arceus|Arceus-Grass|74/100|[from]move: U-turn
|
|-weather|RainDance|[upkeep]
|upkeep
|turn|27
|inactive|C0ld as Ic3 has 120 seconds left.
|
|t:|1654221384
|switch|p2a: Yveltal|Yveltal, shiny|94/100 tox
|-ability|p2a: Yveltal|Dark Aura
|move|p1a: Shaymin|Air Slash|p2a: Yveltal
|-damage|p2a: Yveltal|75/100 tox
|
|-weather|RainDance|[upkeep]
|-damage|p2a: Yveltal|69/100 tox|[from] psn
|upkeep
|turn|28
|inactive|C0ld as Ic3 has 120 seconds left.
|
|t:|1654221413
|switch|p1a: Kyogre|Kyogre|100/100
|move|p2a: Yveltal|Foul Play|p1a: Kyogre
|-damage|p1a: Kyogre|61/100
|
|-weather|none
|-damage|p2a: Yveltal|57/100 tox|[from] psn
|upkeep
|turn|29
|
|t:|1654221419
|switch|p2a: Arceus|Arceus-Grass|74/100
|move|p1a: Kyogre|Blizzard|p2a: Arceus
|-supereffective|p2a: Arceus
|-damage|p2a: Arceus|20/100
|
|upkeep
|turn|30
|inactive|C0ld as Ic3 has 120 seconds left.
|
|t:|1654221434
|move|p1a: Kyogre|Blizzard|p2a: Arceus
|-supereffective|p2a: Arceus
|-damage|p2a: Arceus|0 fnt
|faint|p2a: Arceus
|
|upkeep
|-message|C0ld as Ic3 forfeited.
|
|win|CokoiZ
|raw|CokoiZ's rating: 1695 &rarr; <strong>1718</strong><br />(+23 for winning)
|raw|C0ld as Ic3's rating: 1747 &rarr; <strong>1724</strong><br />(-23 for losing)
|l|☆C0ld as Ic3
