|j|☆xianxin520
|j|☆SirWaffles77
|t:|1668707716
|gametype|singles
|player|p1|xianxin520|rosa-masters|1627
|player|p2|SirWaffles77|101|1564
|teamsize|p1|6
|teamsize|p2|6
|gen|8
|tier|[Gen 8] National Dex AG
|rated|
|rule|HP Percentage Mod: HP is shown in percentages
|rule|Endless Battle Clause: Forcing endless battles is banned
|clearpoke
|poke|p1|Calyrex-Shadow|
|poke|p1|Necrozma-Dusk-Mane|
|poke|p1|Groudon|
|poke|p1|Zacian-*|
|poke|p1|Yveltal|
|poke|p1|Ditto|
|poke|p2|Calyrex-Shadow|
|poke|p2|Necrozma-Dusk-Mane|
|poke|p2|Zacian-*|
|poke|p2|Thundurus, M|
|poke|p2|Yveltal|
|poke|p2|Ditto|
|teampreview
|inactive|Battle timer is ON: inactive players will automatically lose when time's up. (requested by xianxin520)
|
|t:|1668707738
|start
|switch|p1a: Groudon|Groudon, shiny|100/100
|switch|p2a: Thundurus|Thundurus, M|100/100
|detailschange|p1a: Groudon|Groudon-Primal, shiny
|-primal|p1a: Groudon
|-weather|DesolateLand|[from] ability: Desolate Land|[of] p1a: Groudon
|turn|1
|
|t:|1668707744
|move|p2a: Thundurus|Swagger|p1a: Groudon
|-boost|p1a: Groudon|atk|2
|-start|p1a: Groudon|confusion
|-activate|p1a: Groudon|confusion
|-damage|p1a: Groudon|84/100|[from] confusion
|
|-weather|DesolateLand|[upkeep]
|upkeep
|turn|2
|
|t:|1668707750
|move|p2a: Thundurus|Knock Off|p1a: Groudon
|-damage|p1a: Groudon|75/100
|-activate|p1a: Groudon|confusion
|move|p1a: Groudon|Stealth Rock|p2a: Thundurus
|-sidestart|p2: SirWaffles77|move: Stealth Rock
|
|-weather|DesolateLand|[upkeep]
|upkeep
|turn|3
|
|t:|1668707758
|move|p2a: Thundurus|Knock Off|p1a: Groudon
|-damage|p1a: Groudon|65/100
|-end|p1a: Groudon|confusion
|move|p1a: Groudon|Stone Edge|p2a: Thundurus|[miss]
|-miss|p1a: Groudon|p2a: Thundurus
|
|-weather|DesolateLand|[upkeep]
|upkeep
|turn|4
|
|t:|1668707761
|move|p2a: Thundurus|Swagger|p1a: Groudon
|-boost|p1a: Groudon|atk|2
|-start|p1a: Groudon|confusion
|-activate|p1a: Groudon|confusion
|move|p1a: Groudon|Stone Edge|p2a: Thundurus
|-supereffective|p2a: Thundurus
|-damage|p2a: Thundurus|0 fnt
|faint|p2a: Thundurus
|
|-weather|DesolateLand|[upkeep]
|upkeep
|
|t:|1668707765
|switch|p2a: Ditto|Ditto|100/100
|-damage|p2a: Ditto|88/100|[from] Stealth Rock
|-transform|p2a: Ditto|p1a: Groudon|[from] ability: Imposter
|turn|5
|
|t:|1668707775
|move|p2a: Ditto|Stone Edge|p1a: Groudon
|-damage|p1a: Groudon|2/100
|-end|p1a: Groudon|confusion
|move|p1a: Groudon|Precipice Blades|p2a: Ditto
|-supereffective|p2a: Ditto
|-damage|p2a: Ditto|0 fnt
|faint|p2a: Ditto
|
|-weather|DesolateLand|[upkeep]
|upkeep
|
|t:|1668707783
|switch|p2a: Calyrex|Calyrex-Shadow|100/100
|-ability|p2a: Calyrex|As One
|-ability|p2a: Calyrex|Unnerve
|-damage|p2a: Calyrex|88/100|[from] Stealth Rock
|turn|6
|
|t:|1668707787
|move|p2a: Calyrex|Draining Kiss|p1a: Groudon
|-resisted|p1a: Groudon
|-damage|p1a: Groudon|0 fnt
|-heal|p2a: Calyrex|90/100|[from] drain|[of] p1a: Groudon
|faint|p1a: Groudon
|-weather|none
|-ability|p2a: Calyrex|Grim Neigh|boost
|-boost|p2a: Calyrex|spa|1
|
|upkeep
|
|t:|1668707790
|switch|p1a: Ditto|Ditto, shiny|100/100
|-transform|p1a: Ditto|p2a: Calyrex|[from] ability: Imposter
|turn|7
|
|t:|1668707794
|switch|p2a: Yveltal|Yveltal|100/100
|-ability|p2a: Yveltal|Dark Aura
|move|p1a: Ditto|Astral Barrage|p2a: Yveltal
|-resisted|p2a: Yveltal
|-damage|p2a: Yveltal|70/100
|
|upkeep
|turn|8
|
|t:|1668707802
|switch|p1a: Necrozma|Necrozma-Dusk-Mane|100/100
|move|p2a: Yveltal|Knock Off|p1a: Necrozma
|-supereffective|p1a: Necrozma
|-damage|p1a: Necrozma|53/100
|-damage|p2a: Yveltal|54/100|[from] item: Rocky Helmet|[of] p1a: Necrozma
|-enditem|p1a: Necrozma|Rocky Helmet|[from] move: Knock Off|[of] p2a: Yveltal
|
|upkeep
|turn|9
|
|t:|1668707815
|move|p2a: Yveltal|Roost|p2a: Yveltal
|-heal|p2a: Yveltal|100/100
|-singleturn|p2a: Yveltal|move: Roost
|move|p1a: Necrozma|Sunsteel Strike|p2a: Yveltal
|-damage|p2a: Yveltal|61/100
|
|upkeep
|turn|10
|
|t:|1668707819
|switch|p2a: Necrozma|Necrozma-Dusk-Mane|100/100
|-damage|p2a: Necrozma|94/100|[from] Stealth Rock
|move|p1a: Necrozma|Sunsteel Strike|p2a: Necrozma
|-resisted|p2a: Necrozma
|-damage|p2a: Necrozma|77/100
|
|-heal|p2a: Necrozma|83/100|[from] item: Leftovers
|upkeep
|turn|11
|
|t:|1668707823
|move|p2a: Necrozma|Stealth Rock|p1a: Necrozma
|-sidestart|p1: xianxin520|move: Stealth Rock
|move|p1a: Necrozma|Earthquake|p2a: Necrozma
|-supereffective|p2a: Necrozma
|-damage|p2a: Necrozma|47/100
|
|-heal|p2a: Necrozma|54/100|[from] item: Leftovers
|upkeep
|turn|12
|
|t:|1668707826
|switch|p2a: Yveltal|Yveltal|61/100
|-ability|p2a: Yveltal|Dark Aura
|move|p1a: Necrozma|Earthquake|p2a: Yveltal
|-immune|p2a: Yveltal
|
|upkeep
|turn|13
|
|t:|1668707830
|move|p2a: Yveltal|Roost|p2a: Yveltal
|-heal|p2a: Yveltal|100/100
|-singleturn|p2a: Yveltal|move: Roost
|move|p1a: Necrozma|Sunsteel Strike|p2a: Yveltal
|-damage|p2a: Yveltal|63/100
|
|upkeep
|turn|14
|
|t:|1668707840
|switch|p2a: Necrozma|Necrozma-Dusk-Mane|54/100
|-damage|p2a: Necrozma|47/100|[from] Stealth Rock
|move|p1a: Necrozma|Sunsteel Strike|p2a: Necrozma
|-resisted|p2a: Necrozma
|-damage|p2a: Necrozma|29/100
|
|-heal|p2a: Necrozma|35/100|[from] item: Leftovers
|upkeep
|turn|15
|
|t:|1668707844
|move|p1a: Necrozma|Sunsteel Strike|p2a: Necrozma
|-resisted|p2a: Necrozma
|-damage|p2a: Necrozma|17/100
|move|p2a: Necrozma|Morning Sun|p2a: Necrozma
|-heal|p2a: Necrozma|67/100
|
|-heal|p2a: Necrozma|73/100|[from] item: Leftovers
|upkeep
|turn|16
|
|t:|1668707851
|move|p1a: Necrozma|Sunsteel Strike|p2a: Necrozma
|-resisted|p2a: Necrozma
|-crit|p2a: Necrozma
|-damage|p2a: Necrozma|48/100
|move|p2a: Necrozma|Knock Off|p1a: Necrozma
|-supereffective|p1a: Necrozma
|-damage|p1a: Necrozma|36/100
|
|-heal|p2a: Necrozma|54/100|[from] item: Leftovers
|upkeep
|turn|17
|
|t:|1668707854
|move|p2a: Necrozma|Morning Sun|p2a: Necrozma
|-heal|p2a: Necrozma|100/100
|move|p1a: Necrozma|Earthquake|p2a: Necrozma
|-supereffective|p2a: Necrozma
|-damage|p2a: Necrozma|68/100
|
|-heal|p2a: Necrozma|74/100|[from] item: Leftovers
|upkeep
|turn|18
|
|t:|1668707858
|move|p1a: Necrozma|Sunsteel Strike|p2a: Necrozma
|-resisted|p2a: Necrozma
|-damage|p2a: Necrozma|57/100
|move|p2a: Necrozma|Knock Off|p1a: Necrozma
|-supereffective|p1a: Necrozma
|-damage|p1a: Necrozma|16/100
|
|-heal|p2a: Necrozma|63/100|[from] item: Leftovers
|upkeep
|turn|19
|
|t:|1668707861
|move|p1a: Necrozma|Earthquake|p2a: Necrozma
|-supereffective|p2a: Necrozma
|-damage|p2a: Necrozma|29/100
|move|p2a: Necrozma|Morning Sun|p2a: Necrozma
|-heal|p2a: Necrozma|79/100
|
|-heal|p2a: Necrozma|85/100|[from] item: Leftovers
|upkeep
|turn|20
|
|t:|1668707863
|move|p2a: Necrozma|Knock Off|p1a: Necrozma
|-supereffective|p1a: Necrozma
|-damage|p1a: Necrozma|0 fnt
|faint|p1a: Necrozma
|
|-heal|p2a: Necrozma|91/100|[from] item: Leftovers
|upkeep
|
|t:|1668707866
|switch|p1a: Yveltal|Yveltal, shiny|100/100
|-damage|p1a: Yveltal|76/100|[from] Stealth Rock
|-ability|p1a: Yveltal|Dark Aura
|turn|21
|
|t:|1668707872
|-start|p1a: Yveltal|Dynamax|
|-heal|p1a: Yveltal|76/100|[silent]
|move|p1a: Yveltal|Max Airstream|p2a: Necrozma
|-resisted|p2a: Necrozma
|-damage|p2a: Necrozma|66/100
|-boost|p1a: Yveltal|spe|1
|-damage|p1a: Yveltal|71/100|[from] item: Life Orb
|move|p2a: Necrozma|Knock Off|p1a: Yveltal
|-resisted|p1a: Yveltal
|-damage|p1a: Yveltal|61/100
|-enditem|p1a: Yveltal|Life Orb|[from] move: Knock Off|[of] p2a: Necrozma
|
|-heal|p2a: Necrozma|72/100|[from] item: Leftovers
|upkeep
|turn|22
|
|t:|1668707882
|-start|p2a: Necrozma|Dynamax|
|-heal|p2a: Necrozma|72/100|[silent]
|move|p1a: Yveltal|Max Flare|p2a: Necrozma
|-supereffective|p2a: Necrozma
|-damage|p2a: Necrozma|54/100
|-weather|SunnyDay
|move|p2a: Necrozma|Max Steelspike|p1a: Yveltal
|-damage|p1a: Yveltal|29/100
|-boost|p2a: Necrozma|def|1
|
|-weather|SunnyDay|[upkeep]
|-heal|p2a: Necrozma|57/100|[from] item: Leftovers
|upkeep
|turn|23
|
|t:|1668707890
|move|p1a: Yveltal|Max Flare|p2a: Necrozma
|-supereffective|p2a: Necrozma
|-damage|p2a: Necrozma|29/100
|move|p2a: Necrozma|Max Steelspike|p1a: Yveltal
|-damage|p1a: Yveltal|0 fnt
|-boost|p2a: Necrozma|def|1
|faint|p1a: Yveltal
|
|-weather|SunnyDay|[upkeep]
|-heal|p2a: Necrozma|32/100|[from] item: Leftovers
|upkeep
|
|t:|1668707896
|switch|p1a: Zacian|Zacian-Crowned, shiny|100/100
|-damage|p1a: Zacian|94/100|[from] Stealth Rock
|-ability|p1a: Zacian|Intrepid Sword|boost
|-boost|p1a: Zacian|atk|1
|turn|24
|
|t:|1668707901
|move|p2a: Necrozma|Max Guard|p2a: Necrozma
|-singleturn|p2a: Necrozma|Max Guard
|move|p1a: Zacian|Behemoth Blade|p2a: Necrozma
|-activate|p2a: Necrozma|move: Max Guard
|
|-weather|SunnyDay|[upkeep]
|-heal|p2a: Necrozma|35/100|[from] item: Leftovers
|upkeep
|-end|p2a: Necrozma|Dynamax
|-heal|p2a: Necrozma|35/100|[silent]
|turn|25
|
|t:|1668707914
|switch|p1a: Ditto|Ditto, shiny|100/100
|-damage|p1a: Ditto|88/100|[from] Stealth Rock
|-transform|p1a: Ditto|p2a: Necrozma|[from] ability: Imposter
|move|p2a: Necrozma|Morning Sun|p2a: Necrozma
|-heal|p2a: Necrozma|100/100
|
|-weather|SunnyDay|[upkeep]
|upkeep
|turn|26
|
|t:|1668707930
|switch|p1a: Zacian|Zacian-Crowned, shiny|94/100
|-damage|p1a: Zacian|88/100|[from] Stealth Rock
|-ability|p1a: Zacian|Intrepid Sword|boost
|-boost|p1a: Zacian|atk|1
|move|p2a: Necrozma|Knock Off|p1a: Zacian
|-resisted|p1a: Zacian
|-damage|p1a: Zacian|79/100
|
|-weather|none
|upkeep
|turn|27
|
|t:|1668707935
|move|p1a: Zacian|Swords Dance|p1a: Zacian
|-boost|p1a: Zacian|atk|2
|move|p2a: Necrozma|Sunsteel Strike|p1a: Zacian
|-damage|p1a: Zacian|30/100
|
|upkeep
|turn|28
|
|t:|1668707940
|move|p1a: Zacian|Sacred Sword|p2a: Necrozma
|-damage|p2a: Necrozma|26/100
|move|p2a: Necrozma|Sunsteel Strike|p1a: Zacian
|-damage|p1a: Zacian|0 fnt
|faint|p1a: Zacian
|
|-heal|p2a: Necrozma|32/100|[from] item: Leftovers
|upkeep
|
|t:|1668707944
|switch|p1a: Calyrex|Calyrex-Shadow|100/100
|-ability|p1a: Calyrex|As One
|-ability|p1a: Calyrex|Unnerve
|-damage|p1a: Calyrex|88/100|[from] Stealth Rock
|turn|29
|
|t:|1668707950
|move|p1a: Calyrex|Astral Barrage|p2a: Necrozma
|-supereffective|p2a: Necrozma
|-damage|p2a: Necrozma|0 fnt
|faint|p2a: Necrozma
|-ability|p1a: Calyrex|Grim Neigh|boost
|-boost|p1a: Calyrex|spa|1
|
|upkeep
|
|t:|1668707954
|switch|p2a: Yveltal|Yveltal|63/100
|-ability|p2a: Yveltal|Dark Aura
|turn|30
|
|t:|1668707959
|switch|p1a: Ditto|Ditto, shiny|88/100
|-damage|p1a: Ditto|76/100|[from] Stealth Rock
|-transform|p1a: Ditto|p2a: Yveltal|[from] ability: Imposter
|-ability|p1a: Ditto|Dark Aura
|move|p2a: Yveltal|Roost|p2a: Yveltal
|-heal|p2a: Yveltal|100/100
|-singleturn|p2a: Yveltal|move: Roost
|
|upkeep
|turn|31
|
|t:|1668707965
|move|p1a: Ditto|Knock Off|p2a: Yveltal
|-resisted|p2a: Yveltal
|-damage|p2a: Yveltal|79/100
|-enditem|p2a: Yveltal|Heavy-Duty Boots|[from] move: Knock Off|[of] p1a: Ditto
|move|p2a: Yveltal|Knock Off|p1a: Ditto
|-resisted|p1a: Ditto
|-damage|p1a: Ditto|47/100
|-enditem|p1a: Ditto|Choice Scarf|[from] move: Knock Off|[of] p2a: Yveltal
|
|upkeep
|turn|32
|
|t:|1668707974
|move|p1a: Ditto|Roost|p1a: Ditto
|-heal|p1a: Ditto|97/100
|-singleturn|p1a: Ditto|move: Roost
|move|p2a: Yveltal|Knock Off|p1a: Ditto
|-resisted|p1a: Ditto
|-damage|p1a: Ditto|76/100
|
|upkeep
|turn|33
|
|t:|1668707985
|move|p2a: Yveltal|Knock Off|p1a: Ditto
|-resisted|p1a: Ditto
|-damage|p1a: Ditto|56/100
|move|p1a: Ditto|Knock Off|p2a: Yveltal
|-resisted|p2a: Yveltal
|-damage|p2a: Yveltal|66/100
|
|upkeep
|turn|34
|
|t:|1668707996
|move|p2a: Yveltal|Knock Off|p1a: Ditto
|-resisted|p1a: Ditto
|-damage|p1a: Ditto|35/100
|move|p1a: Ditto|Roost|p1a: Ditto
|-heal|p1a: Ditto|85/100
|-singleturn|p1a: Ditto|move: Roost
|
|upkeep
|turn|35
|
|t:|1668708000
|move|p2a: Yveltal|Knock Off|p1a: Ditto
|-resisted|p1a: Ditto
|-damage|p1a: Ditto|64/100
|move|p1a: Ditto|Knock Off|p2a: Yveltal
|-resisted|p2a: Yveltal
|-damage|p2a: Yveltal|52/100
|
|upkeep
|turn|36
|
|t:|1668708010
|move|p2a: Yveltal|Roost|p2a: Yveltal
|-heal|p2a: Yveltal|100/100
|-singleturn|p2a: Yveltal|move: Roost
|move|p1a: Ditto|Knock Off|p2a: Yveltal
|-resisted|p2a: Yveltal
|-damage|p2a: Yveltal|86/100
|
|upkeep
|turn|37
|
|t:|1668708013
|move|p2a: Yveltal|Knock Off|p1a: Ditto
|-resisted|p1a: Ditto
|-damage|p1a: Ditto|42/100
|move|p1a: Ditto|Knock Off|p2a: Yveltal
|-resisted|p2a: Yveltal
|-damage|p2a: Yveltal|73/100
|
|upkeep
|turn|38
|
|t:|1668708019
|move|p1a: Ditto|Roost|p1a: Ditto
|-heal|p1a: Ditto|92/100
|-singleturn|p1a: Ditto|move: Roost
|move|p2a: Yveltal|Knock Off|p1a: Ditto
|-resisted|p1a: Ditto
|-damage|p1a: Ditto|71/100
|
|upkeep
|turn|39
|
|t:|1668708024
|move|p2a: Yveltal|Knock Off|p1a: Ditto
|-resisted|p1a: Ditto
|-damage|p1a: Ditto|52/100
|move|p1a: Ditto|Roost|p1a: Ditto
|-heal|p1a: Ditto|100/100
|-singleturn|p1a: Ditto|move: Roost
|
|upkeep
|turn|40
|
|t:|1668708028
|move|p2a: Yveltal|Knock Off|p1a: Ditto
|-resisted|p1a: Ditto
|-damage|p1a: Ditto|81/100
|move|p1a: Ditto|Roost|p1a: Ditto
|-heal|p1a: Ditto|100/100
|-singleturn|p1a: Ditto|move: Roost
|
|upkeep
|turn|41
|
|t:|1668708035
|move|p1a: Ditto|U-turn|p2a: Yveltal
|-damage|p2a: Yveltal|59/100
|
|t:|1668708039
|switch|p1a: Calyrex|Calyrex-Shadow|88/100|[from]move: U-turn
|-ability|p1a: Calyrex|As One
|-ability|p1a: Calyrex|Unnerve
|-damage|p1a: Calyrex|76/100|[from] Stealth Rock
|move|p2a: Yveltal|Knock Off|p1a: Calyrex
|-supereffective|p1a: Calyrex
|-damage|p1a: Calyrex|0 fnt
|-enditem|p1a: Calyrex|Choice Scarf|[from] move: Knock Off|[of] p2a: Yveltal
|faint|p1a: Calyrex
|
|upkeep
|
|t:|1668708042
|switch|p1a: Ditto|Ditto, shiny|100/100
|-damage|p1a: Ditto|88/100|[from] Stealth Rock
|-transform|p1a: Ditto|p2a: Yveltal|[from] ability: Imposter
|-ability|p1a: Ditto|Dark Aura
|turn|42
|
|t:|1668708048
|move|p2a: Yveltal|Knock Off|p1a: Ditto
|-resisted|p1a: Ditto
|-damage|p1a: Ditto|67/100
|move|p1a: Ditto|Knock Off|p2a: Yveltal
|-resisted|p2a: Yveltal
|-damage|p2a: Yveltal|46/100
|
|upkeep
|turn|43
|-message|xianxin520 forfeited.
|
|win|SirWaffles77
|raw|xianxin520's rating: 1627 &rarr; <strong>1603</strong><br />(-24 for losing)
|raw|SirWaffles77's rating: 1564 &rarr; <strong>1588</strong><br />(+24 for winning)
|l|☆xianxin520
||Ladder isn't responding, score probably updated but might not have (Request timeout).
