|j|☆TomoTaco69
|j|☆lmisdreavus
|t:|1665632086
|gametype|singles
|player|p1|TomoTaco69|169|1723
|player|p2|lmisdreavus|101|1830
|teamsize|p1|6
|teamsize|p2|6
|gen|8
|tier|[Gen 8] National Dex AG
|rated|
|rule|HP Percentage Mod: HP is shown in percentages
|rule|Endless Battle Clause: Forcing endless battles is banned
|clearpoke
|poke|p1|Deoxys-Speed|
|poke|p1|Necrozma-Dusk-Mane|
|poke|p1|Yveltal|
|poke|p1|Ditto|
|poke|p1|Marshadow|
|poke|p1|Arceus-*|
|poke|p2|Landorus-Therian, M|
|poke|p2|Ho-Oh|
|poke|p2|Arceus-*|
|poke|p2|Gengar, M|
|poke|p2|Zacian-*|
|poke|p2|Groudon|
|teampreview
|
|t:|1665632099
|start
|switch|p1a: Deoxys|Deoxys-Speed|100/100
|switch|p2a: Ho-Oh|Ho-Oh, shiny|100/100
|-ability|p1a: Deoxys|Pressure
|turn|1
|
|t:|1665632104
|move|p1a: Deoxys|Stealth Rock|p2a: Ho-Oh
|-sidestart|p2: lmisdreavus|move: Stealth Rock
|move|p2a: Ho-Oh|Sacred Fire|p1a: Deoxys
|-damage|p1a: Deoxys|60/100
|-status|p1a: Deoxys|brn
|
|-damage|p1a: Deoxys|54/100 brn|[from] brn
|upkeep
|turn|2
|
|t:|1665632107
|move|p1a: Deoxys|Knock Off|p2a: Ho-Oh
|-damage|p2a: Ho-Oh|94/100
|-enditem|p2a: Ho-Oh|Heavy-Duty Boots|[from] move: Knock Off|[of] p1a: Deoxys
|move|p2a: Ho-Oh|Sacred Fire|p1a: Deoxys
|-damage|p1a: Deoxys|10/100 brn
|
|-damage|p1a: Deoxys|4/100 brn|[from] brn
|upkeep
|turn|3
|
|t:|1665632110
|move|p1a: Deoxys|Taunt|p2a: Ho-Oh
|-start|p2a: Ho-Oh|move: Taunt
|move|p2a: Ho-Oh|Sacred Fire|p1a: Deoxys|[miss]
|-miss|p2a: Ho-Oh|p1a: Deoxys
|
|-damage|p1a: Deoxys|0 fnt|[from] brn
|faint|p1a: Deoxys
|upkeep
|
|t:|1665632115
|switch|p1a: Arceus|Arceus-Ground|100/100
|turn|4
|
|t:|1665632122
|switch|p2a: Landorus|Landorus-Therian, M, shiny|100/100
|-damage|p2a: Landorus|88/100|[from] Stealth Rock
|-ability|p2a: Landorus|Intimidate|boost
|-unboost|p1a: Arceus|atk|1
|move|p1a: Arceus|Rock Tomb|p2a: Landorus
|-damage|p2a: Landorus|80/100
|-unboost|p2a: Landorus|spe|1
|
|upkeep
|turn|5
|
|t:|1665632127
|switch|p1a: Yveltal|Yveltal, shiny|100/100
|-ability|p1a: Yveltal|Dark Aura
|move|p2a: Landorus|U-turn|p1a: Yveltal
|-damage|p1a: Yveltal|80/100
|
|t:|1665632129
|switch|p2a: Ho-Oh|Ho-Oh, shiny|100/100|[from]move: U-turn
|-damage|p2a: Ho-Oh|51/100|[from] Stealth Rock
|
|upkeep
|turn|6
|
|t:|1665632134
|-start|p1a: Yveltal|Dynamax|
|-heal|p1a: Yveltal|80/100|[silent]
|move|p1a: Yveltal|Max Airstream|p2a: Ho-Oh
|-damage|p2a: Ho-Oh|0 fnt
|-boost|p1a: Yveltal|spe|1
|faint|p2a: Ho-Oh
|-damage|p1a: Yveltal|76/100|[from] item: Life Orb
|
|upkeep
|
|t:|1665632148
|switch|p2a: Arceus|Arceus-Dark, shiny|100/100
|-damage|p2a: Arceus|88/100|[from] Stealth Rock
|turn|7
|
|t:|1665632151
|move|p1a: Yveltal|Max Flutterby|p2a: Arceus
|-supereffective|p2a: Arceus
|-damage|p2a: Arceus|35/100
|-unboost|p2a: Arceus|spa|1
|-damage|p1a: Yveltal|71/100|[from] item: Life Orb
|move|p2a: Arceus|Snarl|p1a: Yveltal|[miss]
|-miss|p2a: Arceus|p1a: Yveltal
|
|upkeep
|turn|8
|
|t:|1665632153
|move|p1a: Yveltal|Max Airstream|p2a: Arceus
|-damage|p2a: Arceus|0 fnt
|-boost|p1a: Yveltal|spe|1
|faint|p2a: Arceus
|-damage|p1a: Yveltal|66/100|[from] item: Life Orb
|
|upkeep
|-message|lmisdreavus forfeited.
|
|win|TomoTaco69
|raw|TomoTaco69's rating: 1723 &rarr; <strong>1749</strong><br />(+26 for winning)
|raw|lmisdreavus's rating: 1830 &rarr; <strong>1804</strong><br />(-26 for losing)
|l|☆lmisdreavus
