|j|☆croissant baby
|j|☆aseeasase
|t:|1658541766
|gametype|singles
|player|p1|croissant baby|youngster-gen4|1810
|player|p2|aseeasase|169|1696
|teamsize|p1|6
|teamsize|p2|6
|gen|8
|tier|[Gen 8] National Dex AG
|rated|
|rule|HP Percentage Mod: HP is shown in percentages
|rule|Endless Battle Clause: Forcing endless battles is banned
|clearpoke
|poke|p1|Zacian-*|
|poke|p1|Ho-Oh|
|poke|p1|Groudon|
|poke|p1|Rayquaza|
|poke|p1|Ditto|
|poke|p1|Yveltal|
|poke|p2|Arceus-*|
|poke|p2|Palkia|
|poke|p2|Dialga|
|poke|p2|Ditto|
|poke|p2|Tyranitar, F|
|poke|p2|Necrozma-Dawn-Wings|
|teampreview
|
|t:|1658541773
|start
|switch|p1a: Zacian|Zacian-Crowned|100/100
|switch|p2a: Dialga|Dialga|100/100
|-ability|p1a: Zacian|Intrepid Sword|boost
|-boost|p1a: Zacian|atk|1
|-ability|p2a: Dialga|Pressure
|turn|1
|
|t:|1658541791
|move|p1a: Zacian|Substitute|p1a: Zacian
|-start|p1a: Zacian|Substitute
|-damage|p1a: Zacian|76/100
|move|p2a: Dialga|Steel Beam|p1a: Zacian
|-end|p1a: Zacian|Substitute
|-damage|p2a: Dialga|50/100|[from] mindblown
|
|upkeep
|turn|2
|inactive|Battle timer is ON: inactive players will automatically lose when time's up. (requested by croissant baby)
|
|t:|1658541798
|move|p1a: Zacian|Close Combat|p2a: Dialga
|-supereffective|p2a: Dialga
|-damage|p2a: Dialga|0 fnt
|-unboost|p1a: Zacian|def|1
|-unboost|p1a: Zacian|spd|1
|faint|p2a: Dialga
|
|upkeep
|
|t:|1658541800
|switch|p2a: Ditto|Ditto|100/100
|-transform|p2a: Ditto|p1a: Zacian|[from] ability: Imposter
|-ability|p2a: Ditto|Intrepid Sword|boost
|-boost|p2a: Ditto|atk|1
|turn|3
|
|t:|1658541809
|switch|p1a: Groudon|Groudon|100/100
|detailschange|p1a: Groudon|Groudon-Primal
|-primal|p1a: Groudon
|-weather|DesolateLand|[from] ability: Desolate Land|[of] p1a: Groudon
|move|p2a: Ditto|Behemoth Blade|p1a: Groudon
|-resisted|p1a: Groudon
|-damage|p1a: Groudon|67/100
|
|-weather|DesolateLand|[upkeep]
|upkeep
|turn|4
|
|t:|1658541818
|switch|p2a: Necrozma|Necrozma-Dawn-Wings|100/100
|move|p1a: Groudon|Earthquake|p2a: Necrozma
|-damage|p2a: Necrozma|39/100
|
|-weather|DesolateLand|[upkeep]
|upkeep
|turn|5
|
|t:|1658541823
|-weather|none
|switch|p1a: Ho-Oh|Ho-Oh|100/100
|-zpower|p2a: Necrozma
|move|p2a: Necrozma|Menacing Moonraze Maelstrom|p1a: Ho-Oh|[zeffect]
|-damage|p1a: Ho-Oh|39/100
|
|upkeep
|turn|6
|
|t:|1658541829
|switch|p1a: Yveltal|Yveltal|100/100
|-ability|p1a: Yveltal|Dark Aura
|move|p2a: Necrozma|Power Gem|p1a: Yveltal
|-supereffective|p1a: Yveltal
|-damage|p1a: Yveltal|34/100
|
|upkeep
|turn|7
|
|t:|1658541838
|move|p1a: Yveltal|Oblivion Wing|p2a: Necrozma
|-damage|p2a: Necrozma|0 fnt
|-heal|p1a: Yveltal|61/100|[from] drain|[of] p2a: Necrozma
|faint|p2a: Necrozma
|-damage|p1a: Yveltal|51/100|[from] item: Life Orb
|
|upkeep
|
|t:|1658541844
|switch|p2a: Tyranitar|Tyranitar, F|100/100
|-weather|Sandstorm|[from] ability: Sand Stream|[of] p2a: Tyranitar
|turn|8
|
|t:|1658541849
|switch|p1a: Groudon|Groudon-Primal|67/100
|-weather|DesolateLand|[from] ability: Desolate Land|[of] p1a: Groudon
|detailschange|p2a: Tyranitar|Tyranitar-Mega, F
|-mega|p2a: Tyranitar|Tyranitar|Tyranitarite
|-ability|p2a: Tyranitar|Sand Stream|[from] desolateland|[fail]
|move|p2a: Tyranitar|Stealth Rock|p1a: Groudon
|-sidestart|p1: croissant baby|move: Stealth Rock
|
|-weather|DesolateLand|[upkeep]
|upkeep
|turn|9
|
|t:|1658541853
|switch|p2a: Arceus|Arceus-Bug|100/100
|move|p1a: Groudon|Stealth Rock|p2a: Arceus
|-sidestart|p2: aseeasase|move: Stealth Rock
|
|-weather|DesolateLand|[upkeep]
|upkeep
|turn|10
|
|t:|1658541859
|-weather|none
|switch|p1a: Ho-Oh|Ho-Oh|72/100
|move|p2a: Arceus|Earth Power|p1a: Ho-Oh
|-immune|p1a: Ho-Oh
|
|upkeep
|turn|11
|
|t:|1658541868
|move|p2a: Arceus|Calm Mind|p2a: Arceus
|-boost|p2a: Arceus|spa|1
|-boost|p2a: Arceus|spd|1
|move|p1a: Ho-Oh|Toxic|p2a: Arceus
|-status|p2a: Arceus|tox
|
|-damage|p2a: Arceus|94/100 tox|[from] psn
|upkeep
|turn|12
|
|t:|1658541871
|move|p2a: Arceus|Ancient Power|p1a: Ho-Oh
|-supereffective|p1a: Ho-Oh
|-damage|p1a: Ho-Oh|10/100
|-boost|p2a: Arceus|atk|1
|-boost|p2a: Arceus|def|1
|-boost|p2a: Arceus|spa|1
|-boost|p2a: Arceus|spd|1
|-boost|p2a: Arceus|spe|1
|move|p1a: Ho-Oh|Whirlwind|p2a: Arceus
|drag|p2a: Ditto|Ditto|100/100
|-damage|p2a: Ditto|88/100|[from] Stealth Rock
|-transform|p2a: Ditto|p1a: Ho-Oh|[from] ability: Imposter
|
|upkeep
|turn|13
|
|t:|1658541879
|switch|p1a: Groudon|Groudon-Primal|67/100
|-damage|p1a: Groudon|55/100|[from] Stealth Rock
|-weather|DesolateLand|[from] ability: Desolate Land|[of] p1a: Groudon
|move|p2a: Ditto|Sacred Fire|p1a: Groudon
|-resisted|p1a: Groudon
|-damage|p1a: Groudon|36/100
|
|-weather|DesolateLand|[upkeep]
|upkeep
|turn|14
|
|t:|1658541890
|switch|p2a: Arceus|Arceus-Bug|94/100 tox
|-damage|p2a: Arceus|70/100 tox|[from] Stealth Rock
|move|p1a: Groudon|Earthquake|p2a: Arceus
|-resisted|p2a: Arceus
|-damage|p2a: Arceus|44/100 tox
|
|-weather|DesolateLand|[upkeep]
|-damage|p2a: Arceus|38/100 tox|[from] psn
|upkeep
|turn|15
|
|t:|1658541903
|-weather|none
|switch|p1a: Ho-Oh|Ho-Oh|43/100
|move|p2a: Arceus|Earth Power|p1a: Ho-Oh
|-immune|p1a: Ho-Oh
|
|-damage|p2a: Arceus|26/100 tox|[from] psn
|upkeep
|turn|16
|
|t:|1658541916
|move|p2a: Arceus|Judgment|p1a: Ho-Oh
|-resisted|p1a: Ho-Oh
|-damage|p1a: Ho-Oh|35/100
|move|p1a: Ho-Oh|Sacred Fire|p2a: Arceus
|-supereffective|p2a: Arceus
|-damage|p2a: Arceus|0 fnt
|faint|p2a: Arceus
|
|upkeep
|
|t:|1658541921
|switch|p2a: Palkia|Palkia|100/100
|-damage|p2a: Palkia|88/100|[from] Stealth Rock
|-ability|p2a: Palkia|Pressure
|turn|17
|
|t:|1658541927
|move|p2a: Palkia|Substitute|p2a: Palkia
|-start|p2a: Palkia|Substitute
|-damage|p2a: Palkia|63/100
|move|p1a: Ho-Oh|Toxic|p2a: Palkia|[miss]
|-miss|p1a: Ho-Oh|p2a: Palkia
|
|upkeep
|turn|18
|
|t:|1658541930
|move|p2a: Palkia|Hydro Pump|p1a: Ho-Oh
|-supereffective|p1a: Ho-Oh
|-damage|p1a: Ho-Oh|0 fnt
|faint|p1a: Ho-Oh
|
|upkeep
|
|t:|1658541932
|switch|p1a: Rayquaza|Rayquaza|100/100
|-damage|p1a: Rayquaza|76/100|[from] Stealth Rock
|-ability|p1a: Rayquaza|Air Lock
|turn|19
|
|t:|1658541935
|detailschange|p1a: Rayquaza|Rayquaza-Mega
|-mega|p1a: Rayquaza|Rayquaza|
|-weather|DeltaStream|[from] ability: Delta Stream|[of] p1a: Rayquaza
|move|p1a: Rayquaza|Extreme Speed|p2a: Palkia
|-end|p2a: Palkia|Substitute
|move|p2a: Palkia|Spacial Rend|p1a: Rayquaza
|-supereffective|p1a: Rayquaza
|-damage|p1a: Rayquaza|0 fnt
|faint|p1a: Rayquaza
|-weather|none
|
|upkeep
|
|t:|1658541941
|switch|p1a: Ditto|Ditto|100/100
|-damage|p1a: Ditto|88/100|[from] Stealth Rock
|-transform|p1a: Ditto|p2a: Palkia|[from] ability: Imposter
|-ability|p1a: Ditto|Pressure
|turn|20
|
|t:|1658541951
|-start|p2a: Palkia|Dynamax|
|-heal|p2a: Palkia|63/100|[silent]
|move|p1a: Ditto|Spacial Rend|p2a: Palkia|[miss]
|-miss|p1a: Ditto|p2a: Palkia
|move|p2a: Palkia|Max Wyrmwind|p1a: Ditto
|-supereffective|p1a: Ditto
|-crit|p1a: Ditto
|-damage|p1a: Ditto|0 fnt
|faint|p1a: Ditto
|
|upkeep
|
|t:|1658541958
|switch|p1a: Yveltal|Yveltal|51/100
|-damage|p1a: Yveltal|26/100|[from] Stealth Rock
|-ability|p1a: Yveltal|Dark Aura
|turn|21
|
|t:|1658541966
|-start|p1a: Yveltal|Dynamax|
|-heal|p1a: Yveltal|26/100|[silent]
|move|p2a: Palkia|Max Geyser|p1a: Yveltal
|-damage|p1a: Yveltal|0 fnt
|-weather|RainDance
|faint|p1a: Yveltal
|
|-weather|RainDance|[upkeep]
|upkeep
|
|t:|1658541968
|switch|p1a: Zacian|Zacian-Crowned|76/100
|-damage|p1a: Zacian|69/100|[from] Stealth Rock
|-ability|p1a: Zacian|Intrepid Sword|boost
|-boost|p1a: Zacian|atk|1
|turn|22
|
|t:|1658541974
|move|p1a: Zacian|Close Combat|p2a: Palkia
|-damage|p2a: Palkia|26/100
|-unboost|p1a: Zacian|def|1
|-unboost|p1a: Zacian|spd|1
|move|p2a: Palkia|Max Geyser|p1a: Zacian
|-damage|p1a: Zacian|0 fnt
|faint|p1a: Zacian
|
|-weather|RainDance|[upkeep]
|upkeep
|
|t:|1658541976
|switch|p1a: Groudon|Groudon-Primal|36/100
|-damage|p1a: Groudon|24/100|[from] Stealth Rock
|-weather|DesolateLand|[from] ability: Desolate Land|[of] p1a: Groudon
|-end|p2a: Palkia|Dynamax
|-heal|p2a: Palkia|26/100|[silent]
|turn|23
|
|t:|1658541983
|move|p2a: Palkia|Substitute|p2a: Palkia
|-start|p2a: Palkia|Substitute
|-damage|p2a: Palkia|1/100
|move|p1a: Groudon|Earthquake|p2a: Palkia
|-end|p2a: Palkia|Substitute
|
|-weather|DesolateLand|[upkeep]
|upkeep
|turn|24
|
|t:|1658541988
|-singleturn|p2a: Palkia|move: Focus Punch
|move|p1a: Groudon|Earthquake|p2a: Palkia
|-damage|p2a: Palkia|0 fnt
|faint|p2a: Palkia
|
|-weather|DesolateLand|[upkeep]
|upkeep
|
|t:|1658541991
|switch|p2a: Ditto|Ditto|100/100
|-damage|p2a: Ditto|88/100|[from] Stealth Rock
|-transform|p2a: Ditto|p1a: Groudon|[from] ability: Imposter
|turn|25
|
|t:|1658541996
|move|p2a: Ditto|Earthquake|p1a: Groudon
|-supereffective|p1a: Groudon
|-damage|p1a: Groudon|0 fnt
|faint|p1a: Groudon
|
|win|aseeasase
|raw|croissant baby's rating: 1810 &rarr; <strong>1784</strong><br />(-26 for losing)
|raw|aseeasase's rating: 1696 &rarr; <strong>1722</strong><br />(+26 for winning)
||Ladder isn't responding, score probably updated but might not have (Request timeout).
