|j|☆Momentai24
|j|☆hi 12321232
|t:|1602535135
|player|p1|Momentai24|101|1395
|player|p2|hi 12321232|hiker-gen4|1367
|teamsize|p1|6
|teamsize|p2|6
|gametype|singles
|gen|8
|tier|[Gen 8] National Dex AG
|rated|
|clearpoke
|poke|p1|Diancie|
|poke|p1|Zacian-Crowned|
|poke|p1|Yveltal|
|poke|p1|Ditto|
|poke|p1|Genesect-*|
|poke|p1|Rillaboom, M|
|poke|p2|Yveltal|
|poke|p2|Dracovish|
|poke|p2|Metagross|
|poke|p2|Xerneas|
|poke|p2|Mimikyu, M|
|poke|p2|Darmanitan-Galar, M|
|rule|HP Percentage Mod: HP is shown in percentages
|rule|Endless Battle Clause: Forcing endless battles is banned
|teampreview
|
|t:|1602535149
|start
|switch|p1a: Genesect|Genesect, shiny|100/100
|switch|p2a: best dark bird|Yveltal, shiny|100/100
|-ability|p1a: Genesect|Download|boost
|-boost|p1a: Genesect|atk|1
|-ability|p2a: best dark bird|Dark Aura
|turn|1
|
|t:|1602535154
|move|p1a: Genesect|U-turn|p2a: best dark bird
|-damage|p2a: best dark bird|47/100
|
|t:|1602535158
|switch|p1a: Diancie|Diancie|100/100|[from]move: U-turn
|move|p2a: best dark bird|Knock Off|p1a: Diancie
|-resisted|p1a: Diancie
|-damage|p1a: Diancie|74/100
|-damage|p2a: best dark bird|37/100|[from] item: Life Orb
|
|upkeep
|turn|2
|
|t:|1602535167
|detailschange|p1a: Diancie|Diancie-Mega
|-mega|p1a: Diancie|Diancie|Diancite
|-start|p2a: best dark bird|Dynamax
|-heal|p2a: best dark bird|37/100|[silent]
|move|p1a: Diancie|Stealth Rock|p2a: best dark bird
|-sidestart|p2: hi 12321232|move: Stealth Rock
|move|p2a: best dark bird|Max Airstream|p1a: Diancie
|-resisted|p1a: Diancie
|-damage|p1a: Diancie|17/100
|-boost|p2a: best dark bird|spe|1
|-damage|p2a: best dark bird|32/100|[from] item: Life Orb
|
|upkeep
|turn|3
|
|t:|1602535176
|move|p2a: best dark bird|Max Airstream|p1a: Diancie
|-resisted|p1a: Diancie
|-damage|p1a: Diancie|0 fnt
|-boost|p2a: best dark bird|spe|1
|-damage|p2a: best dark bird|27/100|[from] item: Life Orb
|faint|p1a: Diancie
|
|upkeep
|
|t:|1602535187
|switch|p1a: Ditto|Ditto|100/100
|-transform|p1a: Ditto|p2a: best dark bird|[from] ability: Imposter
|-ability|p1a: Ditto|Dark Aura
|turn|4
|
|t:|1602535201
|move|p1a: Ditto|Oblivion Wing|p2a: best dark bird
|-damage|p2a: best dark bird|11/100
|move|p2a: best dark bird|Max Airstream|p1a: Ditto
|-damage|p1a: Ditto|12/100
|-boost|p2a: best dark bird|spe|1
|-damage|p2a: best dark bird|6/100|[from] item: Life Orb
|
|-end|p2a: best dark bird|Dynamax
|-heal|p2a: best dark bird|7/100|[silent]
|upkeep
|turn|5
|
|t:|1602535211
|move|p1a: Ditto|Oblivion Wing|p2a: best dark bird
|-damage|p2a: best dark bird|0 fnt
|-heal|p1a: Ditto|18/100|[from] drain|[of] p2a: best dark bird
|faint|p2a: best dark bird
|
|upkeep
|c|☆hi 12321232|this bs crap
|c|☆hi 12321232|i was faster
|
|t:|1602535230
|switch|p2a: shiny boi|Metagross, shiny|100/100
|-damage|p2a: shiny boi|95/100|[from] Stealth Rock
|turn|6
|
|t:|1602535240
|detailschange|p2a: shiny boi|Metagross-Mega, shiny
|-mega|p2a: shiny boi|Metagross|Metagrossite
|-start|p1a: Ditto|Dynamax
|-heal|p1a: Ditto|18/100|[silent]
|move|p2a: shiny boi|Bullet Punch|p1a: Ditto
|-damage|p1a: Ditto|0 fnt
|faint|p1a: Ditto
|
|upkeep
|
|t:|1602535246
|switch|p1a: Yveltal|Yveltal|100/100
|-ability|p1a: Yveltal|Dark Aura
|turn|7
|c|☆hi 12321232|you f'd up now
|
|t:|1602535274
|move|p2a: shiny boi|Power-Up Punch|p1a: Yveltal
|-damage|p1a: Yveltal|82/100
|-boost|p2a: shiny boi|atk|1
|move|p1a: Yveltal|Dark Pulse|p2a: shiny boi
|-supereffective|p2a: shiny boi
|-damage|p2a: shiny boi|0 fnt
|-damage|p1a: Yveltal|72/100|[from] item: Life Orb
|faint|p2a: shiny boi
|
|upkeep
|
|t:|1602535281
|switch|p2a: deer|Xerneas|100/100
|-damage|p2a: deer|88/100|[from] Stealth Rock
|-ability|p2a: deer|Fairy Aura
|turn|8
|
|t:|1602535295
|switch|p1a: Rillaboom|Rillaboom, M|100/100
|-fieldstart|move: Grassy Terrain|[from] ability: Grassy Surge|[of] p1a: Rillaboom
|move|p2a: deer|Geomancy||[still]
|-prepare|p2a: deer|Geomancy
|-enditem|p2a: deer|Power Herb
|-anim|p2a: deer|Geomancy|p2a: deer
|-boost|p2a: deer|spa|2
|-boost|p2a: deer|spd|2
|-boost|p2a: deer|spe|2
|
|-heal|p2a: deer|94/100|[from] Grassy Terrain
|upkeep
|turn|9
|
|t:|1602535306
|move|p1a: Rillaboom|Grassy Glide|p2a: deer
|-damage|p2a: deer|39/100
|move|p2a: deer|Flash Cannon|p1a: Rillaboom
|-damage|p1a: Rillaboom|12/100
|-unboost|p1a: Rillaboom|spd|1
|
|-heal|p2a: deer|46/100|[from] Grassy Terrain
|-heal|p1a: Rillaboom|18/100|[from] Grassy Terrain
|upkeep
|turn|10
|
|t:|1602535315
|move|p1a: Rillaboom|Grassy Glide|p2a: deer
|-damage|p2a: deer|0 fnt
|faint|p2a: deer
|
|-heal|p1a: Rillaboom|25/100|[from] Grassy Terrain
|upkeep
|
|t:|1602535321
|switch|p2a: gen 5 sucks|Darmanitan-Galar, M|100/100
|-damage|p2a: gen 5 sucks|76/100|[from] Stealth Rock
|turn|11
|
|t:|1602535325
|move|p1a: Rillaboom|Grassy Glide|p2a: gen 5 sucks
|-damage|p2a: gen 5 sucks|0 fnt
|faint|p2a: gen 5 sucks
|
|-heal|p1a: Rillaboom|31/100|[from] Grassy Terrain
|upkeep
|-message|hi 12321232 forfeited.
|
|win|Momentai24
|l|☆hi 12321232
