|j|☆direhands
|j|☆Athila2
|t:|1649507112
|gametype|singles
|player|p1|direhands|giovanni|1643
|player|p2|Athila2|zinnia|1551
|teamsize|p1|6
|teamsize|p2|6
|gen|8
|tier|[Gen 8] National Dex AG
|rated|
|rule|HP Percentage Mod: HP is shown in percentages
|rule|Endless Battle Clause: Forcing endless battles is banned
|clearpoke
|poke|p1|Taillow, L1, M|
|poke|p1|Yveltal|
|poke|p1|Hatterene, F|
|poke|p1|Taillow, L1, M|
|poke|p1|Rayquaza|
|poke|p1|Zacian-*|
|poke|p2|Rayquaza|
|poke|p2|Zygarde|
|poke|p2|Tyranitar, F|
|poke|p2|Excadrill, M|
|poke|p2|Ferrothorn, F|
|poke|p2|Necrozma-Dusk-Mane|
|teampreview
|inactive|Battle timer is ON: inactive players will automatically lose when time's up. (requested by direhands)
|
|t:|1649507128
|start
|switch|p1a: Rayquaza|Rayquaza|100/100
|switch|p2a: Ferrothorn|Ferrothorn, F|100/100
|-ability|p1a: Rayquaza|Air Lock
|turn|1
|
|t:|1649507133
|move|p1a: Rayquaza|V-create|p2a: Ferrothorn
|-supereffective|p2a: Ferrothorn
|-damage|p2a: Ferrothorn|0 fnt
|-unboost|p1a: Rayquaza|spe|1
|-unboost|p1a: Rayquaza|def|1
|-unboost|p1a: Rayquaza|spd|1
|-damage|p1a: Rayquaza|88/100|[from] ability: Iron Barbs|[of] p2a: Ferrothorn
|faint|p2a: Ferrothorn
|
|upkeep
|
|t:|1649507139
|switch|p2a: Rayquaza|Rayquaza|100/100
|-ability|p2a: Rayquaza|Air Lock
|turn|2
|
|t:|1649507143
|switch|p1a: Zacian|Zacian-Crowned|100/100
|-ability|p1a: Zacian|Intrepid Sword|boost
|-boost|p1a: Zacian|atk|1
|detailschange|p2a: Rayquaza|Rayquaza-Mega
|-mega|p2a: Rayquaza|Rayquaza|
|-weather|DeltaStream|[from] ability: Delta Stream|[of] p2a: Rayquaza
|move|p2a: Rayquaza|Dragon Dance|p2a: Rayquaza
|-boost|p2a: Rayquaza|atk|1
|-boost|p2a: Rayquaza|spe|1
|
|-weather|DeltaStream|[upkeep]
|upkeep
|turn|3
|
|t:|1649507147
|move|p2a: Rayquaza|Earthquake|p1a: Zacian
|-supereffective|p1a: Zacian
|-damage|p1a: Zacian|0 fnt
|faint|p1a: Zacian
|-damage|p2a: Rayquaza|91/100|[from] item: Life Orb
|
|-weather|DeltaStream|[upkeep]
|upkeep
|
|t:|1649507154
|switch|p1a: No u|Hatterene, F|100/100
|turn|4
|
|t:|1649507157
|move|p2a: Rayquaza|Dragon Ascent|p1a: No u
|-enditem|p1a: No u|Focus Sash
|-damage|p1a: No u|1/100
|-unboost|p2a: Rayquaza|def|1
|-unboost|p2a: Rayquaza|spd|1
|-damage|p2a: Rayquaza|81/100|[from] item: Life Orb
|move|p1a: No u|Misty Explosion|p2a: Rayquaza
|-supereffective|p2a: Rayquaza
|-damage|p2a: Rayquaza|0 fnt
|faint|p1a: No u
|faint|p2a: Rayquaza
|-weather|none
|
|upkeep
|
|t:|1649507164
|switch|p2a: Tyranitar|Tyranitar, F|100/100
|switch|p1a: Taillow|Taillow, L1, M|100/100
|-weather|Sandstorm|[from] ability: Sand Stream|[of] p2a: Tyranitar
|turn|5
|
|t:|1649507171
|move|p2a: Tyranitar|Pursuit|p1a: Taillow
|-crit|p1a: Taillow
|-enditem|p1a: Taillow|Focus Sash
|-damage|p1a: Taillow|9/100
|move|p1a: Taillow|Endeavor|p2a: Tyranitar
|-damage|p2a: Tyranitar|1/100
|
|-weather|Sandstorm|[upkeep]
|-damage|p1a: Taillow|0 fnt|[from] Sandstorm
|faint|p1a: Taillow
|upkeep
|
|t:|1649507178
|switch|p1a: Yveltal|Yveltal|100/100
|-ability|p1a: Yveltal|Dark Aura
|turn|6
|
|t:|1649507180
|-start|p1a: Yveltal|Dynamax|
|-heal|p1a: Yveltal|100/100|[silent]
|move|p1a: Yveltal|Max Ooze|p2a: Tyranitar
|-resisted|p2a: Tyranitar
|-damage|p2a: Tyranitar|0 fnt
|-boost|p1a: Yveltal|spa|1
|faint|p2a: Tyranitar
|-damage|p1a: Yveltal|96/100|[from] item: Life Orb
|
|-weather|Sandstorm|[upkeep]
|-damage|p1a: Yveltal|92/100|[from] Sandstorm
|upkeep
|
|t:|1649507194
|switch|p2a: Zygarde|Zygarde|100/100
|turn|7
|
|t:|1649507199
|switch|p2a: Necrozma|Necrozma-Dusk-Mane|100/100
|move|p1a: Yveltal|Max Airstream|p2a: Necrozma
|-resisted|p2a: Necrozma
|-damage|p2a: Necrozma|37/100
|-boost|p1a: Yveltal|spe|1
|-damage|p1a: Yveltal|88/100|[from] item: Life Orb
|
|-weather|Sandstorm|[upkeep]
|-damage|p1a: Yveltal|84/100|[from] Sandstorm
|upkeep
|turn|8
|
|t:|1649507205
|detailschange|p2a: Necrozma|Necrozma-Ultra
|-burst|p2a: Necrozma|Necrozma|Ultranecrozium Z
|move|p1a: Yveltal|Max Flare|p2a: Necrozma
|-resisted|p2a: Necrozma
|-damage|p2a: Necrozma|0 fnt
|-weather|SunnyDay
|faint|p2a: Necrozma
|-damage|p1a: Yveltal|80/100|[from] item: Life Orb
|
|-weather|SunnyDay|[upkeep]
|-end|p1a: Yveltal|Dynamax
|-heal|p1a: Yveltal|80/100|[silent]
|upkeep
|
|t:|1649507207
|switch|p2a: Excadrill|Excadrill, M|100/100
|turn|9
|
|t:|1649507212
|-start|p2a: Excadrill|Dynamax|
|-heal|p2a: Excadrill|100/100|[silent]
|move|p1a: Yveltal|Dark Pulse|p2a: Excadrill
|-damage|p2a: Excadrill|25/100
|-damage|p1a: Yveltal|70/100|[from] item: Life Orb
|move|p2a: Excadrill|Max Rockfall|p1a: Yveltal
|-supereffective|p1a: Yveltal
|-damage|p1a: Yveltal|0 fnt
|-weather|Sandstorm
|faint|p1a: Yveltal
|
|-weather|Sandstorm|[upkeep]
|upkeep
|
|t:|1649507221
|switch|p1a: Taillow|Taillow, L1, M|100/100
|turn|10
|
|t:|1649507229
|move|p2a: Excadrill|Max Quake|p1a: Taillow
|-immune|p1a: Taillow
|move|p1a: Taillow|Endeavor|p2a: Excadrill
|-damage|p2a: Excadrill|14/100
|
|-weather|Sandstorm|[upkeep]
|-damage|p1a: Taillow|92/100|[from] Sandstorm
|upkeep
|turn|11
|
|t:|1649507235
|move|p2a: Excadrill|Max Quake|p1a: Taillow
|-immune|p1a: Taillow
|move|p1a: Taillow|Endeavor|p2a: Excadrill
|-damage|p2a: Excadrill|9/100
|
|-weather|Sandstorm|[upkeep]
|-damage|p1a: Taillow|84/100|[from] Sandstorm
|-end|p2a: Excadrill|Dynamax
|-heal|p2a: Excadrill|9/100|[silent]
|upkeep
|turn|12
|
|t:|1649507238
|move|p2a: Excadrill|Rapid Spin|p1a: Taillow
|-damage|p1a: Taillow|0 fnt
|-boost|p2a: Excadrill|spe|1
|faint|p1a: Taillow
|
|-weather|Sandstorm|[upkeep]
|upkeep
|
|t:|1649507241
|switch|p1a: Rayquaza|Rayquaza|88/100
|-ability|p1a: Rayquaza|Air Lock
|turn|13
|
|t:|1649507246
|detailschange|p1a: Rayquaza|Rayquaza-Mega
|-mega|p1a: Rayquaza|Rayquaza|
|-weather|DeltaStream|[from] ability: Delta Stream|[of] p1a: Rayquaza
|move|p2a: Excadrill|Iron Head|p1a: Rayquaza
|-damage|p1a: Rayquaza|33/100
|move|p1a: Rayquaza|Surf|p2a: Excadrill
|-supereffective|p2a: Excadrill
|-damage|p2a: Excadrill|0 fnt
|faint|p2a: Excadrill
|
|-weather|DeltaStream|[upkeep]
|upkeep
|
|t:|1649507249
|switch|p2a: Zygarde|Zygarde|100/100
|turn|14
|
|t:|1649507252
|move|p1a: Rayquaza|Scale Shot|p2a: Zygarde
|-supereffective|p2a: Zygarde
|-damage|p2a: Zygarde|77/100
|-supereffective|p2a: Zygarde
|-damage|p2a: Zygarde|54/100
|-supereffective|p2a: Zygarde
|-damage|p2a: Zygarde|30/100
|-hitcount|p2a: Zygarde|3
|-unboost|p1a: Rayquaza|def|1
|-boost|p1a: Rayquaza|spe|1
|move|p2a: Zygarde|Scale Shot|p1a: Rayquaza|[miss]
|-miss|p2a: Zygarde|p1a: Rayquaza
|
|-weather|DeltaStream|[upkeep]
|-heal|p2a: Zygarde|37/100|[from] item: Leftovers
|-activate|p2a: Zygarde|ability: Power Construct
|detailschange|p2a: Zygarde|Zygarde-Complete
|-heal|p2a: Zygarde|60/100|[silent]
|upkeep
|turn|15
|
|t:|1649507262
|move|p1a: Rayquaza|Scale Shot|p2a: Zygarde
|-supereffective|p2a: Zygarde
|-damage|p2a: Zygarde|46/100
|-supereffective|p2a: Zygarde
|-damage|p2a: Zygarde|32/100
|-hitcount|p2a: Zygarde|2
|-unboost|p1a: Rayquaza|def|1
|-boost|p1a: Rayquaza|spe|1
|move|p2a: Zygarde|Scale Shot|p1a: Rayquaza|[miss]
|-miss|p2a: Zygarde|p1a: Rayquaza
|
|-weather|DeltaStream|[upkeep]
|-heal|p2a: Zygarde|38/100|[from] item: Leftovers
|upkeep
|turn|16
|
|t:|1649507271
|move|p1a: Rayquaza|Scale Shot|p2a: Zygarde
|-supereffective|p2a: Zygarde
|-damage|p2a: Zygarde|24/100
|-supereffective|p2a: Zygarde
|-damage|p2a: Zygarde|8/100
|-supereffective|p2a: Zygarde
|-damage|p2a: Zygarde|0 fnt
|faint|p2a: Zygarde
|-hitcount|p2: Zygarde|3
|
|win|direhands
|raw|direhands's rating: 1643 &rarr; <strong>1658</strong><br />(+15 for winning)
|raw|Athila2's rating: 1551 &rarr; <strong>1536</strong><br />(-15 for losing)
|l|☆direhands
|c|☆Athila2|90%
