|j|☆CLEAR GEM清瑜
|j|☆MVP2536
|t:|1664717581
|gametype|singles
|player|p1|CLEAR GEM清瑜|skierf|1743
|player|p2|MVP2536|giovanni|1780
|teamsize|p1|6
|teamsize|p2|6
|gen|8
|tier|[Gen 8] National Dex AG
|rated|
|rule|HP Percentage Mod: HP is shown in percentages
|rule|Endless Battle Clause: Forcing endless battles is banned
|clearpoke
|poke|p1|Rayquaza|
|poke|p1|Groudon|
|poke|p1|Necrozma-Dusk-Mane|
|poke|p1|Arceus-*|
|poke|p1|Zacian-*|
|poke|p1|Yveltal|
|poke|p2|Groudon|
|poke|p2|Aegislash, M|
|poke|p2|Rotom-Wash|
|poke|p2|Scrafty, M|
|poke|p2|Whimsicott, F|
|poke|p2|Ditto|
|teampreview
|inactive|Battle timer is ON: inactive players will automatically lose when time's up. (requested by CLEAR GEM清瑜)
|
|t:|1664717588
|start
|switch|p1a: 不会(?)|Groudon|100/100
|switch|p2a: Ditto|Ditto|100/100
|-transform|p2a: Ditto|p1a: 不会(?)|[from] ability: Imposter
|-weather|SunnyDay|[from] ability: Drought|[of] p2a: Ditto
|detailschange|p1a: 不会(?)|Groudon-Primal
|-primal|p1a: 不会(?)
|-weather|DesolateLand|[from] ability: Desolate Land|[of] p1a: 不会(?)
|turn|1
|
|t:|1664717603
|move|p2a: Ditto|Stealth Rock|p1a: 不会(?)
|-sidestart|p1: CLEAR GEM清瑜|move: Stealth Rock
|move|p1a: 不会(?)|Stealth Rock|p2a: Ditto
|-sidestart|p2: MVP2536|move: Stealth Rock
|
|-weather|DesolateLand|[upkeep]
|upkeep
|turn|2
|
|t:|1664717611
|switch|p2a: Rotom|Rotom-Wash|100/100
|-damage|p2a: Rotom|88/100|[from] Stealth Rock
|move|p1a: 不会(?)|Roar|p2a: Rotom
|drag|p2a: Aegislash|Aegislash, M|100/100
|-damage|p2a: Aegislash|94/100|[from] Stealth Rock
|
|-weather|DesolateLand|[upkeep]
|-heal|p2a: Aegislash|100/100|[from] item: Leftovers
|upkeep
|turn|3
|
|t:|1664717615
|move|p2a: Aegislash|King's Shield|p2a: Aegislash
|-singleturn|p2a: Aegislash|Protect
|move|p1a: 不会(?)|Roar|p2a: Aegislash
|drag|p2a: garbage|Groudon|100/100
|-damage|p2a: garbage|94/100|[from] Stealth Rock
|detailschange|p2a: garbage|Groudon-Primal
|-primal|p2a: garbage
|
|-weather|DesolateLand|[upkeep]
|upkeep
|turn|4
|
|t:|1664717618
|move|p2a: garbage|Precipice Blades|p1a: 不会(?)
|-supereffective|p1a: 不会(?)
|-damage|p1a: 不会(?)|27/100
|move|p1a: 不会(?)|Roar|p2a: garbage
|drag|p2a: Ditto|Ditto|100/100
|-damage|p2a: Ditto|88/100|[from] Stealth Rock
|-transform|p2a: Ditto|p1a: 不会(?)|[from] ability: Imposter
|
|-weather|DesolateLand|[upkeep]
|upkeep
|turn|5
|
|t:|1664717626
|move|p2a: Ditto|Precipice Blades|p1a: 不会(?)
|-supereffective|p1a: 不会(?)
|-damage|p1a: 不会(?)|0 fnt
|faint|p1a: 不会(?)
|
|-weather|DesolateLand|[upkeep]
|upkeep
|
|t:|1664717630
|switch|p1a: Y鸟|Yveltal|100/100
|-damage|p1a: Y鸟|76/100|[from] Stealth Rock
|-ability|p1a: Y鸟|Dark Aura
|turn|6
|
|t:|1664717635
|-weather|none
|switch|p2a: Aegislash|Aegislash, M|100/100
|-damage|p2a: Aegislash|94/100|[from] Stealth Rock
|-start|p1a: Y鸟|Dynamax|
|-heal|p1a: Y鸟|76/100|[silent]
|move|p1a: Y鸟|Max Darkness|p2a: Aegislash
|-supereffective|p2a: Aegislash
|-damage|p2a: Aegislash|0 fnt
|faint|p2a: Aegislash
|-damage|p1a: Y鸟|71/100|[from] item: Life Orb
|
|upkeep
|
|t:|1664717642
|switch|p2a: Whimsicott|Whimsicott, F|100/100
|turn|7
|
|t:|1664717645
|move|p2a: Whimsicott|Moonblast|p1a: Y鸟
|-supereffective|p1a: Y鸟
|-damage|p1a: Y鸟|40/100
|move|p1a: Y鸟|Max Airstream|p2a: Whimsicott
|-supereffective|p2a: Whimsicott
|-damage|p2a: Whimsicott|0 fnt
|-boost|p1a: Y鸟|spe|1
|faint|p2a: Whimsicott
|-damage|p1a: Y鸟|35/100|[from] item: Life Orb
|
|upkeep
|
|t:|1664717658
|switch|p2a: Ditto|Ditto|88/100
|-damage|p2a: Ditto|76/100|[from] Stealth Rock
|-transform|p2a: Ditto|p1a: Y鸟|[from] ability: Imposter
|-ability|p2a: Ditto|Dark Aura
|turn|8
|
|t:|1664717662
|-start|p2a: Ditto|Dynamax|
|-heal|p2a: Ditto|76/100|[silent]
|move|p2a: Ditto|Max Guard|p2a: Ditto
|-singleturn|p2a: Ditto|Max Guard
|move|p1a: Y鸟|Max Airstream|p2a: Ditto
|-activate|p2a: Ditto|move: Max Guard
|
|upkeep
|-end|p1a: Y鸟|Dynamax
|-heal|p1a: Y鸟|35/100|[silent]
|turn|9
|
|t:|1664717668
|move|p2a: Ditto|Max Flare|p1a: Y鸟
|-damage|p1a: Y鸟|0 fnt
|-weather|SunnyDay
|faint|p1a: Y鸟
|
|-weather|SunnyDay|[upkeep]
|upkeep
|
|t:|1664717671
|switch|p1a: 老烈|Rayquaza, shiny|100/100
|-damage|p1a: 老烈|76/100|[from] Stealth Rock
|-ability|p1a: 老烈|Air Lock
|turn|10
|
|t:|1664717675
|detailschange|p1a: 老烈|Rayquaza-Mega, shiny
|-mega|p1a: 老烈|Rayquaza|
|-weather|DeltaStream|[from] ability: Delta Stream|[of] p1a: 老烈
|move|p1a: 老烈|Extreme Speed|p2a: Ditto
|-damage|p2a: Ditto|52/100
|move|p2a: Ditto|Max Darkness|p1a: 老烈
|-damage|p1a: 老烈|0 fnt
|faint|p1a: 老烈
|-weather|none
|
|upkeep
|
|t:|1664717680
|switch|p1a: 悬空羊驼|Arceus-Flying|100/100
|-damage|p1a: 悬空羊驼|76/100|[from] Stealth Rock
|-end|p2a: Ditto|Dynamax
|-heal|p2a: Ditto|52/100|[silent]
|turn|11
|
|t:|1664717685
|switch|p2a: Rotom|Rotom-Wash|88/100
|-damage|p2a: Rotom|76/100|[from] Stealth Rock
|move|p1a: 悬空羊驼|Recover|p1a: 悬空羊驼
|-heal|p1a: 悬空羊驼|100/100
|
|upkeep
|turn|12
|
|t:|1664717689
|move|p1a: 悬空羊驼|Judgment|p2a: Rotom
|-resisted|p2a: Rotom
|-damage|p2a: Rotom|40/100
|move|p2a: Rotom|Toxic|p1a: 悬空羊驼|[miss]
|-miss|p2a: Rotom|p1a: 悬空羊驼
|
|upkeep
|turn|13
|
|t:|1664717697
|switch|p1a: 钢铁之躯|Necrozma-Dusk-Mane|100/100
|-damage|p1a: 钢铁之躯|94/100|[from] Stealth Rock
|move|p2a: Rotom|Pain Split|p1a: 钢铁之躯
|-sethp|p1a: 钢铁之躯|63/100|[from] move: Pain Split|[silent]
|-sethp|p2a: Rotom|80/100|[from] move: Pain Split
|
|upkeep
|turn|14
|
|t:|1664717701
|move|p2a: Rotom|Volt Switch|p1a: 钢铁之躯
|-damage|p1a: 钢铁之躯|44/100
|
|t:|1664717703
|switch|p2a: garbage|Groudon-Primal|94/100|[from]move: Volt Switch
|-damage|p2a: garbage|82/100|[from] Stealth Rock
|-weather|DesolateLand|[from] ability: Desolate Land|[of] p2a: garbage
|move|p1a: 钢铁之躯|Dragon Dance|p1a: 钢铁之躯
|-boost|p1a: 钢铁之躯|atk|1
|-boost|p1a: 钢铁之躯|spe|1
|
|-weather|DesolateLand|[upkeep]
|upkeep
|turn|15
|
|t:|1664717708
|-weather|none
|switch|p2a: Scrafty|Scrafty, M|100/100
|-damage|p2a: Scrafty|95/100|[from] Stealth Rock
|move|p1a: 钢铁之躯|Earthquake|p2a: Scrafty
|-damage|p2a: Scrafty|32/100
|
|upkeep
|turn|16
|
|t:|1664717719
|move|p1a: 钢铁之躯|Earthquake|p2a: Scrafty
|-damage|p2a: Scrafty|0 fnt
|faint|p2a: Scrafty
|
|upkeep
|
|t:|1664717725
|switch|p2a: Ditto|Ditto|52/100
|-damage|p2a: Ditto|40/100|[from] Stealth Rock
|-transform|p2a: Ditto|p1a: 钢铁之躯|[from] ability: Imposter
|turn|17
|
|t:|1664717731
|detailschange|p1a: 钢铁之躯|Necrozma-Ultra
|-burst|p1a: 钢铁之躯|Necrozma|Ultranecrozium Z
|move|p1a: 钢铁之躯|Earthquake|p2a: Ditto
|-supereffective|p2a: Ditto
|-damage|p2a: Ditto|0 fnt
|faint|p2a: Ditto
|
|upkeep
|c|☆MVP2536|gg
|-message|MVP2536 forfeited.
|
|win|CLEAR GEM清瑜
|raw|CLEAR GEM清瑜's rating: 1743 &rarr; <strong>1765</strong><br />(+22 for winning)
|raw|MVP2536's rating: 1780 &rarr; <strong>1758</strong><br />(-22 for losing)
|l|☆MVP2536
||Ladder isn't responding, score probably updated but might not have (Request timeout).
