|j|☆alwaysrinse
|j|☆kamatamakkk
|t:|1621358100
|gametype|singles
|player|p1|alwaysrinse|265|1953
|player|p2|kamatamakkk|li|1792
|teamsize|p1|6
|teamsize|p2|6
|gen|8
|tier|[Gen 8] National Dex AG
|rated|
|rule|HP Percentage Mod: HP is shown in percentages
|rule|Endless Battle Clause: Forcing endless battles is banned
|clearpoke
|poke|p1|Quagsire, M|
|poke|p1|Chansey, F|
|poke|p1|Tyranitar, M|
|poke|p1|Lugia|
|poke|p1|Sableye, M|
|poke|p1|Giratina|
|poke|p2|Diancie|
|poke|p2|Necrozma-Dusk-Mane|
|poke|p2|Groudon|
|poke|p2|Calyrex-Shadow|
|poke|p2|Yveltal|
|poke|p2|Arceus-*|
|teampreview
|
|t:|1621358107
|start
|switch|p1a: Sableye|Sableye, M|100/100
|switch|p2a: Diancie|Diancie|100/100
|turn|1
|inactive|Battle timer is ON: inactive players will automatically lose when time's up. (requested by kamatamakkk)
|j| Sulaimand
|inactive|alwaysrinse has 120 seconds left.
|
|t:|1621358140
|detailschange|p2a: Diancie|Diancie-Mega
|-mega|p2a: Diancie|Diancie|Diancite
|detailschange|p1a: Sableye|Sableye-Mega, M
|-mega|p1a: Sableye|Sableye|Sablenite
|move|p1a: Sableye|Fake Out|p2a: Diancie
|-resisted|p2a: Diancie
|-damage|p2a: Diancie|96/100
|cant|p2a: Diancie|flinch
|
|upkeep
|turn|2
|
|t:|1621358150
|switch|p1a: Chansey|Chansey, F|100/100
|move|p2a: Diancie|Moonblast|p1a: Chansey
|-damage|p1a: Chansey|88/100
|
|upkeep
|turn|3
|
|t:|1621358158
|move|p2a: Diancie|Moonblast|p1a: Chansey
|-damage|p1a: Chansey|77/100
|-unboost|p1a: Chansey|spa|1
|move|p1a: Chansey|Soft-Boiled|p1a: Chansey
|-heal|p1a: Chansey|100/100
|
|upkeep
|turn|4
|
|t:|1621358166
|move|p2a: Diancie|Moonblast|p1a: Chansey
|-damage|p1a: Chansey|89/100
|move|p1a: Chansey|Confide|p2a: Diancie
|move|p2a: Diancie|Confide|p1a: Chansey|[from]ability: Magic Bounce
|-unboost|p1a: Chansey|spa|1
|
|upkeep
|turn|5
|
|t:|1621358176
|switch|p2a: Necrozma|Necrozma-Dusk-Mane|100/100
|move|p1a: Chansey|Confide|p2a: Necrozma
|-unboost|p2a: Necrozma|spa|1
|
|upkeep
|turn|6
|
|t:|1621358183
|switch|p2a: Diancie|Diancie-Mega|96/100
|switch|p1a: Sableye|Sableye-Mega, M|100/100
|
|upkeep
|turn|7
|
|t:|1621358189
|switch|p1a: Chansey|Chansey, F|89/100
|move|p2a: Diancie|Moonblast|p1a: Chansey
|-damage|p1a: Chansey|77/100
|-unboost|p1a: Chansey|spa|1
|
|upkeep
|turn|8
|
|t:|1621358204
|switch|p2a: Necrozma|Necrozma-Dusk-Mane|100/100
|move|p1a: Chansey|Confide|p2a: Necrozma
|-unboost|p2a: Necrozma|spa|1
|
|upkeep
|turn|9
|
|t:|1621358211
|switch|p1a: Sableye|Sableye-Mega, M|100/100
|move|p2a: Necrozma|Sunsteel Strike|p1a: Sableye
|-damage|p1a: Sableye|66/100
|
|upkeep
|turn|10
|
|t:|1621358219
|switch|p2a: Diancie|Diancie-Mega|96/100
|move|p1a: Sableye|Recover|p1a: Sableye
|-heal|p1a: Sableye|100/100
|
|upkeep
|turn|11
|c|☆alwaysrinse|chansey
|
|t:|1621358227
|switch|p1a: Chansey|Chansey, F|77/100
|move|p2a: Diancie|Moonblast|p1a: Chansey
|-damage|p1a: Chansey|65/100
|
|upkeep
|turn|12
|
|t:|1621358234
|switch|p2a: Necrozma|Necrozma-Dusk-Mane|100/100
|move|p1a: Chansey|Soft-Boiled|p1a: Chansey
|-heal|p1a: Chansey|100/100
|
|upkeep
|turn|13
|c|☆alwaysrinse|dance
|
|t:|1621358242
|switch|p1a: Sableye|Sableye-Mega, M|100/100
|move|p2a: Necrozma|Earthquake|p1a: Sableye
|-damage|p1a: Sableye|78/100
|
|upkeep
|turn|14
|
|t:|1621358258
|switch|p2a: Diancie|Diancie-Mega|96/100
|move|p1a: Sableye|Recover|p1a: Sableye
|-heal|p1a: Sableye|100/100
|
|upkeep
|turn|15
|
|t:|1621358265
|switch|p1a: Chansey|Chansey, F|100/100
|move|p2a: Diancie|Moonblast|p1a: Chansey
|-damage|p1a: Chansey|89/100
|
|upkeep
|turn|16
|
|t:|1621358280
|switch|p2a: Necrozma|Necrozma-Dusk-Mane|100/100
|move|p1a: Chansey|Toxic|p2a: Necrozma
|-immune|p2a: Necrozma
|
|upkeep
|turn|17
|
|t:|1621358289
|switch|p1a: Sableye|Sableye-Mega, M|100/100
|move|p2a: Necrozma|Earthquake|p1a: Sableye
|-damage|p1a: Sableye|75/100
|
|upkeep
|turn|18
|
|t:|1621358296
|switch|p2a: Diancie|Diancie-Mega|96/100
|move|p1a: Sableye|Foul Play|p2a: Diancie
|-resisted|p2a: Diancie
|-damage|p2a: Diancie|72/100
|
|upkeep
|turn|19
|
|t:|1621358304
|switch|p1a: Chansey|Chansey, F|89/100
|move|p2a: Diancie|Moonblast|p1a: Chansey
|-damage|p1a: Chansey|76/100
|-unboost|p1a: Chansey|spa|1
|
|upkeep
|turn|20
|
|t:|1621358312
|switch|p2a: Necrozma|Necrozma-Dusk-Mane|100/100
|move|p1a: Chansey|Soft-Boiled|p1a: Chansey
|-heal|p1a: Chansey|100/100
|
|upkeep
|turn|21
|
|t:|1621358319
|switch|p2a: Diancie|Diancie-Mega|72/100
|switch|p1a: Sableye|Sableye-Mega, M|75/100
|
|upkeep
|turn|22
|c|☆alwaysrinse|...
|
|t:|1621358325
|switch|p1a: Chansey|Chansey, F|100/100
|move|p2a: Diancie|Moonblast|p1a: Chansey
|-damage|p1a: Chansey|88/100
|-unboost|p1a: Chansey|spa|1
|
|upkeep
|turn|23
|
|t:|1621358333
|switch|p2a: Necrozma|Necrozma-Dusk-Mane|100/100
|move|p1a: Chansey|Heal Bell||[still]
|-activate|p1a: Chansey|move: Heal Bell
|-fail|p1a: Chansey
|
|upkeep
|turn|24
|
|t:|1621358340
|switch|p2a: Diancie|Diancie-Mega|72/100
|switch|p1a: Sableye|Sableye-Mega, M|75/100
|
|upkeep
|turn|25
|
|t:|1621358349
|move|p1a: Sableye|Fake Out|p2a: Diancie
|-resisted|p2a: Diancie
|-damage|p2a: Diancie|68/100
|cant|p2a: Diancie|flinch
|
|upkeep
|turn|26
|
|t:|1621358355
|switch|p1a: Chansey|Chansey, F|88/100
|move|p2a: Diancie|Moonblast|p1a: Chansey
|-damage|p1a: Chansey|75/100
|
|upkeep
|turn|27
|
|t:|1621358362
|switch|p2a: Necrozma|Necrozma-Dusk-Mane|100/100
|move|p1a: Chansey|Heal Bell||[still]
|-activate|p1a: Chansey|move: Heal Bell
|-fail|p1a: Chansey
|
|upkeep
|turn|28
|
|t:|1621358370
|switch|p2a: Diancie|Diancie-Mega|68/100
|switch|p1a: Sableye|Sableye-Mega, M|75/100
|
|upkeep
|turn|29
|
|t:|1621358376
|switch|p1a: Chansey|Chansey, F|75/100
|move|p2a: Diancie|Protect||[still]
|-fail|p2a: Diancie
|
|upkeep
|turn|30
|
|t:|1621358387
|switch|p2a: Necrozma|Necrozma-Dusk-Mane|100/100
|move|p1a: Chansey|Toxic|p2a: Necrozma|[miss]
|-miss|p1a: Chansey|p2a: Necrozma
|
|upkeep
|turn|31
|
|t:|1621358395
|switch|p2a: Diancie|Diancie-Mega|68/100
|move|p1a: Chansey|Soft-Boiled|p1a: Chansey
|-heal|p1a: Chansey|100/100
|
|upkeep
|turn|32
|
|t:|1621358404
|switch|p2a: Necrozma|Necrozma-Dusk-Mane|100/100
|move|p1a: Chansey|Heal Bell||[still]
|-activate|p1a: Chansey|move: Heal Bell
|-fail|p1a: Chansey
|
|upkeep
|turn|33
|
|t:|1621358411
|switch|p2a: Diancie|Diancie-Mega|68/100
|switch|p1a: Sableye|Sableye-Mega, M|75/100
|
|upkeep
|turn|34
|
|t:|1621358420
|move|p1a: Sableye|Fake Out|p2a: Diancie
|-resisted|p2a: Diancie
|-damage|p2a: Diancie|64/100
|cant|p2a: Diancie|flinch
|
|upkeep
|turn|35
|
|t:|1621358425
|switch|p1a: Chansey|Chansey, F|100/100
|move|p2a: Diancie|Diamond Storm|p1a: Chansey
|-crit|p1a: Chansey
|-damage|p1a: Chansey|47/100
|-boost|p2a: Diancie|def|2
|
|upkeep
|turn|36
|c|☆alwaysrinse|fake out
|
|t:|1621358433
|move|p2a: Diancie|Diamond Storm|p1a: Chansey
|-damage|p1a: Chansey|10/100
|move|p1a: Chansey|Soft-Boiled|p1a: Chansey
|-heal|p1a: Chansey|60/100
|
|upkeep
|turn|37
|
|t:|1621358440
|switch|p2a: Necrozma|Necrozma-Dusk-Mane|100/100
|move|p1a: Chansey|Soft-Boiled|p1a: Chansey
|-heal|p1a: Chansey|100/100
|
|upkeep
|turn|38
|
|t:|1621358447
|switch|p2a: Diancie|Diancie-Mega|64/100
|switch|p1a: Sableye|Sableye-Mega, M|75/100
|
|upkeep
|turn|39
|c|☆alwaysrinse|...
|
|t:|1621358454
|switch|p1a: Chansey|Chansey, F|100/100
|move|p2a: Diancie|Moonblast|p1a: Chansey
|-damage|p1a: Chansey|89/100
|-unboost|p1a: Chansey|spa|1
|
|upkeep
|turn|40
|
|t:|1621358475
|switch|p1a: Lugia|Lugia|100/100
|move|p2a: Diancie|Moonblast|p1a: Lugia
|-damage|p1a: Lugia|88/100
|
|upkeep
|turn|41
|
|t:|1621358483
|move|p2a: Diancie|Diamond Storm|p1a: Lugia
|-supereffective|p1a: Lugia
|-damage|p1a: Lugia|45/100
|-boost|p2a: Diancie|def|2
|move|p1a: Lugia|Roost|p1a: Lugia
|-heal|p1a: Lugia|95/100
|-singleturn|p1a: Lugia|move: Roost
|
|upkeep
|turn|42
|c| Sulaimand|What is this hella boring match
|
|t:|1621358492
|move|p2a: Diancie|Moonblast|p1a: Lugia
|-crit|p1a: Lugia
|-damage|p1a: Lugia|54/100
|move|p1a: Lugia|Roost|p1a: Lugia
|-heal|p1a: Lugia|100/100
|-singleturn|p1a: Lugia|move: Roost
|
|upkeep
|turn|43
|
|t:|1621358502
|move|p2a: Diancie|Stealth Rock|p1a: Lugia
|-sidestart|p1: alwaysrinse|move: Stealth Rock
|move|p1a: Lugia|Ice Beam|p2a: Diancie
|-damage|p2a: Diancie|45/100
|
|upkeep
|turn|44
|c|☆alwaysrinse|I will kill diancie
|
|t:|1621358508
|switch|p2a: Necrozma|Necrozma-Dusk-Mane|100/100
|move|p1a: Lugia|Ice Beam|p2a: Necrozma
|-resisted|p2a: Necrozma
|-crit|p2a: Necrozma
|-damage|p2a: Necrozma|89/100
|-status|p2a: Necrozma|frz
|
|upkeep
|turn|45
|j| Mak the ZekLord
|
|t:|1621358516
|switch|p1a: Giratina|Giratina|100/100
|-damage|p1a: Giratina|88/100|[from] Stealth Rock
|-ability|p1a: Giratina|Pressure
|cant|p2a: Necrozma|frz
|
|-heal|p1a: Giratina|94/100|[from] item: Leftovers
|upkeep
|turn|46
|
|t:|1621358527
|switch|p2a: Yveltal|Yveltal|100/100
|-ability|p2a: Yveltal|Dark Aura
|move|p1a: Giratina|Hex|p2a: Yveltal
|-resisted|p2a: Yveltal
|-damage|p2a: Yveltal|91/100
|
|-heal|p1a: Giratina|100/100|[from] item: Leftovers
|upkeep
|turn|47
|
|t:|1621358539
|switch|p1a: Tyranitar|Tyranitar, M|100/100
|-damage|p1a: Tyranitar|88/100|[from] Stealth Rock
|-weather|Sandstorm|[from] ability: Sand Stream|[of] p1a: Tyranitar
|move|p2a: Yveltal|Knock Off|p1a: Tyranitar
|-resisted|p1a: Tyranitar
|-crit|p1a: Tyranitar
|-damage|p1a: Tyranitar|52/100
|-enditem|p1a: Tyranitar|Leftovers|[from] move: Knock Off|[of] p2a: Yveltal
|-damage|p2a: Yveltal|81/100|[from] item: Life Orb
|
|-weather|Sandstorm|[upkeep]
|-damage|p2a: Yveltal|75/100|[from] Sandstorm
|upkeep
|turn|48
|c| Sulaimand|He truly has no idea how to counter stall
|
|t:|1621358553
|move|p2a: Yveltal|Focus Blast|p1a: Tyranitar
|-supereffective|p1a: Tyranitar
|-damage|p1a: Tyranitar|0 fnt
|faint|p1a: Tyranitar
|-damage|p2a: Yveltal|65/100|[from] item: Life Orb
|
|-weather|Sandstorm|[upkeep]
|-damage|p2a: Yveltal|59/100|[from] Sandstorm
|upkeep
|
|t:|1621358561
|switch|p1a: Chansey|Chansey, F|89/100
|-damage|p1a: Chansey|77/100|[from] Stealth Rock
|turn|49
|
|t:|1621358566
|move|p2a: Yveltal|Knock Off|p1a: Chansey
|-damage|p1a: Chansey|25/100
|-enditem|p1a: Chansey|Eviolite|[from] move: Knock Off|[of] p2a: Yveltal
|-damage|p2a: Yveltal|49/100|[from] item: Life Orb
|move|p1a: Chansey|Toxic|p2a: Yveltal
|-status|p2a: Yveltal|tox
|
|-weather|Sandstorm|[upkeep]
|-damage|p2a: Yveltal|43/100 tox|[from] Sandstorm
|-damage|p1a: Chansey|19/100|[from] Sandstorm
|-damage|p2a: Yveltal|37/100 tox|[from] psn
|upkeep
|turn|50
|c| Mak the ZekLord|¿?¿
|
|t:|1621358578
|move|p2a: Yveltal|Knock Off|p1a: Chansey
|-damage|p1a: Chansey|0 fnt
|faint|p1a: Chansey
|-damage|p2a: Yveltal|27/100 tox|[from] item: Life Orb
|
|-weather|Sandstorm|[upkeep]
|-damage|p2a: Yveltal|21/100 tox|[from] Sandstorm
|-damage|p2a: Yveltal|8/100 tox|[from] psn
|upkeep
|
|t:|1621358585
|switch|p1a: Sableye|Sableye-Mega, M|75/100
|-damage|p1a: Sableye|62/100|[from] Stealth Rock
|turn|51
|
|t:|1621358591
|move|p1a: Sableye|Fake Out|p2a: Yveltal
|-damage|p2a: Yveltal|0 fnt
|faint|p2a: Yveltal
|
|-weather|none
|upkeep
|
|t:|1621358600
|switch|p2a: Diancie|Diancie-Mega|45/100
|turn|52
|
|t:|1621358608
|switch|p1a: Giratina|Giratina|100/100
|-damage|p1a: Giratina|88/100|[from] Stealth Rock
|-ability|p1a: Giratina|Pressure
|move|p2a: Diancie|Diamond Storm|p1a: Giratina
|-damage|p1a: Giratina|69/100
|
|-heal|p1a: Giratina|75/100|[from] item: Leftovers
|upkeep
|turn|53
|j| 9ln7gti42.a
|
|t:|1621358620
|move|p2a: Diancie|Moonblast|p1a: Giratina
|-supereffective|p1a: Giratina
|-damage|p1a: Giratina|23/100
|move|p1a: Giratina|Defog|p2a: Diancie
|move|p2a: Diancie|Defog|p1a: Giratina|[from]ability: Magic Bounce
|-unboost|p1a: Giratina|evasion|1
|-sideend|p1: alwaysrinse|Stealth Rock|[from] move: Defog|[of] p2a: Diancie
|
|-heal|p1a: Giratina|29/100|[from] item: Leftovers
|upkeep
|turn|54
|
|t:|1621358638
|switch|p1a: Lugia|Lugia|100/100
|move|p2a: Diancie|Moonblast|p1a: Lugia
|-damage|p1a: Lugia|87/100
|-unboost|p1a: Lugia|spa|1
|
|upkeep
|turn|55
|
|t:|1621358646
|move|p2a: Diancie|Moonblast|p1a: Lugia
|-damage|p1a: Lugia|59/100
|move|p1a: Lugia|Roost|p1a: Lugia
|-heal|p1a: Lugia|100/100
|-singleturn|p1a: Lugia|move: Roost
|
|upkeep
|turn|56
|
|t:|1621358654
|switch|p2a: Necrozma|Necrozma-Dusk-Mane|89/100 frz
|move|p1a: Lugia|Ice Beam|p2a: Necrozma
|-resisted|p2a: Necrozma
|-damage|p2a: Necrozma|84/100 frz
|
|upkeep
|turn|57
|
|t:|1621358668
|switch|p1a: Sableye|Sableye-Mega, M|62/100
|cant|p2a: Necrozma|frz
|
|upkeep
|turn|58
|
|t:|1621358676
|switch|p2a: Diancie|Diancie-Mega|45/100
|move|p1a: Sableye|Foul Play|p2a: Diancie
|-resisted|p2a: Diancie
|-damage|p2a: Diancie|21/100
|
|upkeep
|turn|59
|
|t:|1621358683
|switch|p1a: Lugia|Lugia|100/100
|move|p2a: Diancie|Diamond Storm|p1a: Lugia
|-supereffective|p1a: Lugia
|-damage|p1a: Lugia|78/100
|
|upkeep
|turn|60
|
|t:|1621358693
|move|p2a: Diancie|Moonblast|p1a: Lugia
|-damage|p1a: Lugia|51/100
|-unboost|p1a: Lugia|spa|1
|move|p1a: Lugia|Roost|p1a: Lugia
|-heal|p1a: Lugia|100/100
|-singleturn|p1a: Lugia|move: Roost
|
|upkeep
|turn|61
|
|t:|1621358702
|move|p2a: Diancie|Moonblast|p1a: Lugia
|-damage|p1a: Lugia|87/100
|-unboost|p1a: Lugia|spa|1
|move|p1a: Lugia|Ice Beam|p2a: Diancie
|-damage|p2a: Diancie|10/100
|
|upkeep
|turn|62
|
|t:|1621358709
|move|p2a: Diancie|Moonblast|p1a: Lugia
|-damage|p1a: Lugia|61/100
|-unboost|p1a: Lugia|spa|1
|move|p1a: Lugia|Roost|p1a: Lugia
|-heal|p1a: Lugia|100/100
|-singleturn|p1a: Lugia|move: Roost
|
|upkeep
|turn|63
|c| Sulaimand|Why the hell did you moonblast a lugia
|
|t:|1621358719
|move|p2a: Diancie|Moonblast|p1a: Lugia
|-damage|p1a: Lugia|88/100
|-unboost|p1a: Lugia|spa|1
|move|p1a: Lugia|Ice Beam|p2a: Diancie
|-damage|p2a: Diancie|3/100
|
|upkeep
|turn|64
|
|t:|1621358729
|move|p2a: Diancie|Diamond Storm|p1a: Lugia
|-supereffective|p1a: Lugia
|-damage|p1a: Lugia|41/100
|move|p1a: Lugia|Roost|p1a: Lugia
|-heal|p1a: Lugia|91/100
|-singleturn|p1a: Lugia|move: Roost
|
|upkeep
|turn|65
|c| Mak the ZekLord|Makes no sense ig
|
|t:|1621358737
|move|p2a: Diancie|Moonblast|p1a: Lugia
|-damage|p1a: Lugia|65/100
|-unboost|p1a: Lugia|spa|1
|move|p1a: Lugia|Roost|p1a: Lugia
|-heal|p1a: Lugia|100/100
|-singleturn|p1a: Lugia|move: Roost
|
|upkeep
|turn|66
|
|t:|1621358746
|move|p2a: Diancie|Moonblast|p1a: Lugia
|-damage|p1a: Lugia|87/100
|-unboost|p1a: Lugia|spa|1
|move|p1a: Lugia|Ice Beam|p2a: Diancie
|-damage|p2a: Diancie|0 fnt
|faint|p2a: Diancie
|
|upkeep
|
|t:|1621358754
|switch|p2a: Calyrex|Calyrex-Shadow|100/100
|-ability|p2a: Calyrex|As One
|-ability|p2a: Calyrex|Unnerve
|turn|67
|
|t:|1621358760
|move|p2a: Calyrex|Astral Barrage|p1a: Lugia
|-supereffective|p1a: Lugia
|-damage|p1a: Lugia|10/100
|move|p1a: Lugia|Toxic|p2a: Calyrex
|-status|p2a: Calyrex|tox
|
|-damage|p2a: Calyrex|94/100 tox|[from] psn
|upkeep
|turn|68
|c| Sulaimand|Sableye
|
|t:|1621358774
|move|p2a: Calyrex|Astral Barrage|p1a: Lugia
|-supereffective|p1a: Lugia
|-damage|p1a: Lugia|0 fnt
|faint|p1a: Lugia
|-ability|p2a: Calyrex|Grim Neigh|boost
|-boost|p2a: Calyrex|spa|1
|
|-damage|p2a: Calyrex|82/100 tox|[from] psn
|upkeep
|
|t:|1621358777
|switch|p1a: Quagsire|Quagsire, M|100/100
|turn|69
|c| Sulaimand|Ah unware will do too
|
|t:|1621358792
|-start|p1a: Quagsire|Dynamax
|-heal|p1a: Quagsire|100/100|[silent]
|move|p2a: Calyrex|Baton Pass|p2a: Calyrex
|
|t:|1621358801
|switch|p2a: Necrozma|Necrozma-Dusk-Mane|84/100 frz|[from]move: Baton Pass
|move|p1a: Quagsire|Max Quake|p2a: Necrozma
|-supereffective|p2a: Necrozma
|-damage|p2a: Necrozma|53/100 frz
|-boost|p1a: Quagsire|spd|1
|
|upkeep
|turn|70
|
|t:|1621358812
|cant|p2a: Necrozma|frz
|move|p1a: Quagsire|Max Quake|p2a: Necrozma
|-supereffective|p2a: Necrozma
|-damage|p2a: Necrozma|23/100 frz
|-boost|p1a: Quagsire|spd|1
|
|upkeep
|turn|71
|
|t:|1621358820
|cant|p2a: Necrozma|frz
|move|p1a: Quagsire|Max Quake|p2a: Necrozma
|-supereffective|p2a: Necrozma
|-damage|p2a: Necrozma|0 fnt
|-boost|p1a: Quagsire|spd|1
|faint|p2a: Necrozma
|
|-end|p1a: Quagsire|Dynamax
|-heal|p1a: Quagsire|100/100|[silent]
|upkeep
|
|t:|1621358837
|switch|p2a: Groudon|Groudon|100/100
|detailschange|p2a: Groudon|Groudon-Primal
|-primal|p2a: Groudon
|-weather|DesolateLand|[from] ability: Desolate Land|[of] p2a: Groudon
|turn|72
|
|t:|1621358842
|move|p2a: Groudon|Solar Beam||[still]
|-prepare|p2a: Groudon|Solar Beam
|-anim|p2a: Groudon|Solar Beam|p1a: Quagsire
|-supereffective|p1a: Quagsire
|-damage|p1a: Quagsire|24/100
|move|p1a: Quagsire|Toxic|p2a: Groudon
|-status|p2a: Groudon|tox
|
|-weather|DesolateLand|[upkeep]
|-heal|p1a: Quagsire|30/100|[from] item: Leftovers
|-damage|p2a: Groudon|94/100 tox|[from] psn
|upkeep
|turn|73
|
|t:|1621358854
|switch|p1a: Giratina|Giratina|29/100
|-ability|p1a: Giratina|Pressure
|move|p2a: Groudon|Solar Beam||[still]
|-prepare|p2a: Groudon|Solar Beam
|-anim|p2a: Groudon|Solar Beam|p1a: Giratina
|-resisted|p1a: Giratina
|-damage|p1a: Giratina|18/100
|
|-weather|DesolateLand|[upkeep]
|-heal|p1a: Giratina|24/100|[from] item: Leftovers
|-damage|p2a: Groudon|82/100 tox|[from] psn
|upkeep
|turn|74
|
|t:|1621358866
|move|p1a: Giratina|Rest|p1a: Giratina
|-status|p1a: Giratina|slp|[from] move: Rest
|-heal|p1a: Giratina|100/100 slp|[silent]
|move|p2a: Groudon|Earthquake|p1a: Giratina
|-damage|p1a: Giratina|73/100 slp
|
|-weather|DesolateLand|[upkeep]
|-heal|p1a: Giratina|79/100 slp|[from] item: Leftovers
|-damage|p2a: Groudon|63/100 tox|[from] psn
|upkeep
|turn|75
|c| 9ln7gti42.a|what?
|
|t:|1621358879
|-weather|none
|switch|p2a: Calyrex|Calyrex-Shadow|82/100 tox
|-ability|p2a: Calyrex|As One
|-ability|p2a: Calyrex|Unnerve
|cant|p1a: Giratina|slp
|
|-heal|p1a: Giratina|85/100 slp|[from] item: Leftovers
|-damage|p2a: Calyrex|76/100 tox|[from] psn
|upkeep
|turn|76
|
|t:|1621358897
|-start|p2a: Calyrex|Dynamax
|-heal|p2a: Calyrex|76/100 tox|[silent]
|move|p2a: Calyrex|Max Phantasm|p1a: Giratina
|-supereffective|p1a: Giratina
|-damage|p1a: Giratina|0 fnt
|faint|p1a: Giratina
|-ability|p2a: Calyrex|Grim Neigh|boost
|-boost|p2a: Calyrex|spa|1
|
|-damage|p2a: Calyrex|70/100 tox|[from] psn
|upkeep
|
|t:|1621358905
|switch|p1a: Quagsire|Quagsire, M|30/100
|turn|77
|c|☆alwaysrinse|gg
|
|t:|1621358911
|move|p2a: Calyrex|Max Phantasm|p1a: Quagsire
|-damage|p1a: Quagsire|0 fnt
|faint|p1a: Quagsire
|-ability|p2a: Calyrex|Grim Neigh|boost
|-boost|p2a: Calyrex|spa|1
|
|-damage|p2a: Calyrex|60/100 tox|[from] psn
|upkeep
|
|t:|1621358916
|switch|p1a: Sableye|Sableye-Mega, M|62/100
|turn|78
|
|t:|1621358922
|move|p1a: Sableye|Fake Out|p2a: Calyrex
|-immune|p2a: Calyrex
|move|p2a: Calyrex|Max Phantasm|p1a: Sableye
|-damage|p1a: Sableye|0 fnt
|faint|p1a: Sableye
|
|win|kamatamakkk
|raw|alwaysrinse's rating: 1953 &rarr; <strong>1924</strong><br />(-29 for losing)
|raw|kamatamakkk's rating: 1792 &rarr; <strong>1821</strong><br />(+29 for winning)
|c| Sulaimand|Owhg
|c| Sulaimand|Gg mate
|l| Mak the ZekLord
||Ladder isn't responding, score probably updated but might not have (Request timeout).
