|j|☆xqiht
|j|☆ChunkyRat
|t:|1667055419
|gametype|singles
|player|p1|xqiht|elesa-masters|1692
|player|p2|ChunkyRat|ninjaboy|1863
|teamsize|p1|6
|teamsize|p2|6
|gen|8
|tier|[Gen 8] National Dex AG
|rated|
|rule|HP Percentage Mod: HP is shown in percentages
|rule|Endless Battle Clause: Forcing endless battles is banned
|clearpoke
|poke|p1|Rayquaza|
|poke|p1|Kyogre|
|poke|p1|Necrozma-Dusk-Mane|
|poke|p1|Zacian-*|
|poke|p1|Zygarde|
|poke|p1|Yveltal|
|poke|p2|Rayquaza|
|poke|p2|Arceus-*|
|poke|p2|Lugia|
|poke|p2|Groudon|
|poke|p2|Marshadow|
|poke|p2|Arceus-*|
|teampreview
|inactive|Battle timer is ON: inactive players will automatically lose when time's up. (requested by ChunkyRat)
|
|t:|1667055437
|start
|switch|p1a: Yveltal|Yveltal|100/100
|switch|p2a: Rayquaza|Rayquaza, shiny|100/100
|-ability|p2a: Rayquaza|Air Lock
|-ability|p1a: Yveltal|Dark Aura
|turn|1
|
|t:|1667055442
|detailschange|p2a: Rayquaza|Rayquaza-Mega, shiny
|-mega|p2a: Rayquaza|Rayquaza|
|-weather|DeltaStream|[from] ability: Delta Stream|[of] p2a: Rayquaza
|move|p2a: Rayquaza|Dragon Ascent|p1a: Yveltal
|-damage|p1a: Yveltal|37/100
|-unboost|p2a: Rayquaza|def|1
|-unboost|p2a: Rayquaza|spd|1
|move|p1a: Yveltal|Snarl|p2a: Rayquaza
|-crit|p2a: Rayquaza
|-damage|p2a: Rayquaza|28/100
|-unboost|p2a: Rayquaza|spa|1
|
|-weather|DeltaStream|[upkeep]
|upkeep
|turn|2
|
|t:|1667055455
|switch|p1a: Necrozma|Necrozma-Dusk-Mane|100/100
|move|p2a: Rayquaza|Dragon Ascent|p1a: Necrozma
|-resisted|p1a: Necrozma
|-damage|p1a: Necrozma|77/100
|-unboost|p2a: Rayquaza|def|1
|-unboost|p2a: Rayquaza|spd|1
|-damage|p2a: Rayquaza|11/100|[from] item: Rocky Helmet|[of] p1a: Necrozma
|
|-weather|DeltaStream|[upkeep]
|upkeep
|turn|3
|
|t:|1667055460
|move|p2a: Rayquaza|Earthquake|p1a: Necrozma
|-supereffective|p1a: Necrozma
|-damage|p1a: Necrozma|36/100
|move|p1a: Necrozma|Stealth Rock|p2a: Rayquaza
|-sidestart|p2: ChunkyRat|move: Stealth Rock
|
|-weather|DeltaStream|[upkeep]
|upkeep
|turn|4
|
|t:|1667055470
|switch|p1a: Rayquaza|Rayquaza|100/100
|-ability|p1a: Rayquaza|Air Lock
|move|p2a: Rayquaza|Dragon Ascent|p1a: Rayquaza
|-damage|p1a: Rayquaza|14/100
|-unboost|p2a: Rayquaza|def|1
|-unboost|p2a: Rayquaza|spd|1
|
|-weather|DeltaStream|[upkeep]
|upkeep
|turn|5
|
|t:|1667055473
|switch|p1a: Necrozma|Necrozma-Dusk-Mane|36/100
|move|p2a: Rayquaza|Extreme Speed|p1a: Necrozma
|-resisted|p1a: Necrozma
|-damage|p1a: Necrozma|25/100
|-damage|p2a: Rayquaza|0 fnt|[from] item: Rocky Helmet|[of] p1a: Necrozma
|faint|p2a: Rayquaza
|-weather|none
|
|upkeep
|
|t:|1667055477
|switch|p2a: Groudon|Groudon, shiny|100/100
|-damage|p2a: Groudon|94/100|[from] Stealth Rock
|detailschange|p2a: Groudon|Groudon-Primal, shiny
|-primal|p2a: Groudon
|-weather|DesolateLand|[from] ability: Desolate Land|[of] p2a: Groudon
|turn|6
|
|t:|1667055485
|move|p2a: Groudon|Earth Power|p1a: Necrozma
|-supereffective|p1a: Necrozma
|-damage|p1a: Necrozma|0 fnt
|faint|p1a: Necrozma
|
|-weather|DesolateLand|[upkeep]
|upkeep
|
|t:|1667055488
|switch|p1a: Kyogre|Kyogre|100/100
|detailschange|p1a: Kyogre|Kyogre-Primal
|-primal|p1a: Kyogre
|-weather|PrimordialSea|[from] ability: Primordial Sea|[of] p1a: Kyogre
|turn|7
|
|t:|1667055492
|move|p1a: Kyogre|Water Spout|p2a: Groudon
|-supereffective|p2a: Groudon
|-damage|p2a: Groudon|0 fnt
|faint|p2a: Groudon
|
|-weather|PrimordialSea|[upkeep]
|upkeep
|
|t:|1667055493
|switch|p2a: Lugia|Lugia, shiny|100/100
|turn|8
|
|t:|1667055498
|move|p1a: Kyogre|Origin Pulse|p2a: Lugia
|-damage|p2a: Lugia|69/100
|move|p2a: Lugia|Thunder Wave|p1a: Kyogre
|-status|p1a: Kyogre|par
|
|-weather|PrimordialSea|[upkeep]
|upkeep
|turn|9
|
|t:|1667055503
|move|p2a: Lugia|Defog|p1a: Kyogre
|-unboost|p1a: Kyogre|evasion|1
|-sideend|p2: ChunkyRat|Stealth Rock|[from] move: Defog|[of] p2a: Lugia
|move|p1a: Kyogre|Thunder|p2a: Lugia
|-supereffective|p2a: Lugia
|-damage|p2a: Lugia|14/100
|
|-weather|PrimordialSea|[upkeep]
|upkeep
|turn|10
|
|t:|1667055506
|move|p2a: Lugia|Thunder Wave|p1a: Kyogre
|-fail|p1a: Kyogre|par
|move|p1a: Kyogre|Origin Pulse|p2a: Lugia
|-damage|p2a: Lugia|0 fnt
|faint|p2a: Lugia
|
|-weather|PrimordialSea|[upkeep]
|upkeep
|
|t:|1667055511
|switch|p2a: Marshadow|Marshadow|100/100
|turn|11
|
|t:|1667055526
|-weather|none
|switch|p1a: Yveltal|Yveltal|37/100
|-ability|p1a: Yveltal|Dark Aura
|move|p2a: Marshadow|Spectral Thief|p1a: Yveltal
|-resisted|p1a: Yveltal
|-crit|p1a: Yveltal
|-damage|p1a: Yveltal|10/100
|
|upkeep
|turn|12
|
|t:|1667055529
|move|p2a: Marshadow|Shadow Sneak|p1a: Yveltal
|-resisted|p1a: Yveltal
|-damage|p1a: Yveltal|0 fnt
|faint|p1a: Yveltal
|
|upkeep
|
|t:|1667055534
|switch|p1a: Zygarde|Zygarde|100/100
|turn|13
|
|t:|1667055538
|move|p2a: Marshadow|Rock Tomb|p1a: Zygarde
|-resisted|p1a: Zygarde
|-damage|p1a: Zygarde|93/100
|-unboost|p1a: Zygarde|spe|1
|move|p1a: Zygarde|Thousand Arrows|p2a: Marshadow
|-damage|p2a: Marshadow|63/100
|
|-heal|p1a: Zygarde|99/100|[from] item: Leftovers
|upkeep
|turn|14
|
|t:|1667055542
|switch|p2a: Arceus|Arceus-Ground, shiny|100/100
|move|p1a: Zygarde|Thousand Arrows|p2a: Arceus
|-crit|p2a: Arceus
|-damage|p2a: Arceus|76/100
|
|-heal|p1a: Zygarde|100/100|[from] item: Leftovers
|upkeep
|turn|15
|
|t:|1667055562
|switch|p1a: Kyogre|Kyogre-Primal|100/100 par
|-weather|PrimordialSea|[from] ability: Primordial Sea|[of] p1a: Kyogre
|move|p2a: Arceus|Ice Beam|p1a: Kyogre
|-resisted|p1a: Kyogre
|-damage|p1a: Kyogre|92/100 par
|
|-weather|PrimordialSea|[upkeep]
|upkeep
|turn|16
|
|t:|1667055565
|switch|p2a: Marshadow|Marshadow|63/100
|move|p1a: Kyogre|Origin Pulse|p2a: Marshadow
|-damage|p2a: Marshadow|0 fnt
|faint|p2a: Marshadow
|
|-weather|PrimordialSea|[upkeep]
|upkeep
|
|t:|1667055567
|switch|p2a: Arceus|Arceus|100/100
|turn|17
|
|t:|1667055569
|move|p2a: Arceus|Swords Dance|p2a: Arceus
|-boost|p2a: Arceus|atk|2
|move|p1a: Kyogre|Origin Pulse|p2a: Arceus
|-damage|p2a: Arceus|24/100
|
|-weather|PrimordialSea|[upkeep]
|upkeep
|turn|18
|
|t:|1667055577
|-start|p2a: Arceus|Dynamax|
|-heal|p2a: Arceus|24/100|[silent]
|move|p2a: Arceus|Max Guard|p2a: Arceus
|-singleturn|p2a: Arceus|Max Guard
|move|p1a: Kyogre|Origin Pulse|p2a: Arceus
|-activate|p2a: Arceus|move: Max Guard
|
|-weather|PrimordialSea|[upkeep]
|upkeep
|turn|19
|
|t:|1667055589
|move|p2a: Arceus|Max Airstream|p1a: Kyogre
|-damage|p1a: Kyogre|0 fnt
|-boost|p2a: Arceus|spe|1
|faint|p1a: Kyogre
|-weather|none
|-damage|p2a: Arceus|19/100|[from] item: Life Orb
|
|upkeep
|
|t:|1667055594
|switch|p1a: Rayquaza|Rayquaza|14/100
|-ability|p1a: Rayquaza|Air Lock
|turn|20
|
|t:|1667055596
|detailschange|p1a: Rayquaza|Rayquaza-Mega
|-mega|p1a: Rayquaza|Rayquaza|
|-weather|DeltaStream|[from] ability: Delta Stream|[of] p1a: Rayquaza
|move|p2a: Arceus|Max Guard|p2a: Arceus
|-singleturn|p2a: Arceus|Max Guard
|move|p1a: Rayquaza|Extreme Speed|p2a: Arceus
|-activate|p2a: Arceus|move: Max Guard
|
|-weather|DeltaStream|[upkeep]
|upkeep
|-end|p2a: Arceus|Dynamax
|-heal|p2a: Arceus|19/100|[silent]
|turn|21
|
|t:|1667055604
|-weather|none
|switch|p1a: Zacian|Zacian-Crowned|100/100
|-ability|p1a: Zacian|Intrepid Sword|boost
|-boost|p1a: Zacian|atk|1
|move|p2a: Arceus|Extreme Speed|p1a: Zacian
|-resisted|p1a: Zacian
|-damage|p1a: Zacian|51/100
|-damage|p2a: Arceus|9/100|[from] item: Life Orb
|
|upkeep
|turn|22
|
|t:|1667055607
|move|p2a: Arceus|Earthquake|p1a: Zacian
|-supereffective|p1a: Zacian
|-damage|p1a: Zacian|0 fnt
|faint|p1a: Zacian
|-damage|p2a: Arceus|0 fnt|[from] item: Life Orb
|faint|p2a: Arceus
|
|upkeep
|
|t:|1667055614
|switch|p1a: Zygarde|Zygarde|100/100
|switch|p2a: Arceus|Arceus-Ground, shiny|76/100
|turn|23
|
|t:|1667055618
|-start|p1a: Zygarde|Dynamax|
|-heal|p1a: Zygarde|100/100|[silent]
|move|p2a: Arceus|Ice Beam|p1a: Zygarde
|-supereffective|p1a: Zygarde
|-damage|p1a: Zygarde|56/100
|move|p1a: Zygarde|Max Quake|p2a: Arceus
|-damage|p2a: Arceus|55/100
|-boost|p1a: Zygarde|spd|1
|
|-heal|p1a: Zygarde|59/100|[from] item: Leftovers
|upkeep
|turn|24
|
|t:|1667055620
|move|p2a: Arceus|Recover|p2a: Arceus
|-heal|p2a: Arceus|100/100
|move|p1a: Zygarde|Max Quake|p2a: Arceus
|-damage|p2a: Arceus|78/100
|-boost|p1a: Zygarde|spd|1
|
|-heal|p1a: Zygarde|63/100|[from] item: Leftovers
|upkeep
|turn|25
|
|t:|1667055622
|move|p2a: Arceus|Calm Mind|p2a: Arceus
|-boost|p2a: Arceus|spa|1
|-boost|p2a: Arceus|spd|1
|move|p1a: Zygarde|Max Quake|p2a: Arceus
|-damage|p2a: Arceus|55/100
|-boost|p1a: Zygarde|spd|1
|
|-heal|p1a: Zygarde|66/100|[from] item: Leftovers
|upkeep
|-end|p1a: Zygarde|Dynamax
|-heal|p1a: Zygarde|66/100|[silent]
|turn|26
|
|t:|1667055625
|move|p2a: Arceus|Recover|p2a: Arceus
|-heal|p2a: Arceus|100/100
|move|p1a: Zygarde|Glare|p2a: Arceus
|-status|p2a: Arceus|par
|
|-heal|p1a: Zygarde|72/100|[from] item: Leftovers
|upkeep
|turn|27
|
|t:|1667055629
|move|p1a: Zygarde|Thousand Arrows|p2a: Arceus
|-damage|p2a: Arceus|85/100 par
|cant|p2a: Arceus|par
|
|-heal|p1a: Zygarde|78/100|[from] item: Leftovers
|upkeep
|turn|28
|
|t:|1667055631
|move|p1a: Zygarde|Thousand Arrows|p2a: Arceus
|-damage|p2a: Arceus|71/100 par
|move|p2a: Arceus|Calm Mind|p2a: Arceus
|-boost|p2a: Arceus|spa|1
|-boost|p2a: Arceus|spd|1
|
|-heal|p1a: Zygarde|84/100|[from] item: Leftovers
|upkeep
|turn|29
|
|t:|1667055633
|move|p1a: Zygarde|Thousand Arrows|p2a: Arceus
|-damage|p2a: Arceus|55/100 par
|cant|p2a: Arceus|par
|
|-heal|p1a: Zygarde|91/100|[from] item: Leftovers
|upkeep
|turn|30
|
|t:|1667055635
|move|p1a: Zygarde|Thousand Arrows|p2a: Arceus
|-damage|p2a: Arceus|39/100 par
|move|p2a: Arceus|Recover|p2a: Arceus
|-heal|p2a: Arceus|89/100 par
|
|-heal|p1a: Zygarde|97/100|[from] item: Leftovers
|upkeep
|turn|31
|
|t:|1667055639
|move|p1a: Zygarde|Thousand Arrows|p2a: Arceus
|-damage|p2a: Arceus|73/100 par
|move|p2a: Arceus|Calm Mind|p2a: Arceus
|-boost|p2a: Arceus|spa|1
|-boost|p2a: Arceus|spd|1
|
|-heal|p1a: Zygarde|100/100|[from] item: Leftovers
|upkeep
|turn|32
|
|t:|1667055649
|move|p1a: Zygarde|Thousand Arrows|p2a: Arceus
|-damage|p2a: Arceus|58/100 par
|move|p2a: Arceus|Recover|p2a: Arceus
|-heal|p2a: Arceus|100/100 par
|
|upkeep
|turn|33
|
|t:|1667055651
|move|p1a: Zygarde|Thousand Arrows|p2a: Arceus
|-damage|p2a: Arceus|86/100 par
|cant|p2a: Arceus|par
|
|upkeep
|turn|34
|
|t:|1667055655
|move|p1a: Zygarde|Thousand Arrows|p2a: Arceus
|-damage|p2a: Arceus|72/100 par
|move|p2a: Arceus|Calm Mind|p2a: Arceus
|-boost|p2a: Arceus|spa|1
|-boost|p2a: Arceus|spd|1
|
|upkeep
|turn|35
|
|t:|1667055661
|move|p1a: Zygarde|Haze|p1a: Zygarde
|-clearallboost
|move|p2a: Arceus|Recover|p2a: Arceus
|-heal|p2a: Arceus|100/100 par
|
|upkeep
|turn|36
|
|t:|1667055665
|move|p1a: Zygarde|Thousand Arrows|p2a: Arceus
|-crit|p2a: Arceus
|-damage|p2a: Arceus|78/100 par
|move|p2a: Arceus|Calm Mind|p2a: Arceus
|-boost|p2a: Arceus|spa|1
|-boost|p2a: Arceus|spd|1
|
|upkeep
|turn|37
|
|t:|1667055671
|move|p1a: Zygarde|Thousand Arrows|p2a: Arceus
|-damage|p2a: Arceus|62/100 par
|move|p2a: Arceus|Ice Beam|p1a: Zygarde
|-supereffective|p1a: Zygarde
|-damage|p1a: Zygarde|0 fnt
|faint|p1a: Zygarde
|
|upkeep
|
|t:|1667055673
|switch|p1a: Rayquaza|Rayquaza-Mega|14/100
|-weather|DeltaStream|[from] ability: Delta Stream|[of] p1a: Rayquaza
|turn|38
|
|t:|1667055675
|move|p1a: Rayquaza|Dragon Ascent|p2a: Arceus
|-damage|p2a: Arceus|0 fnt
|-unboost|p1a: Rayquaza|def|1
|-unboost|p1a: Rayquaza|spd|1
|faint|p2a: Arceus
|
|win|xqiht
|raw|xqiht's rating: 1692 &rarr; <strong>1721</strong><br />(+29 for winning)
|raw|ChunkyRat's rating: 1863 &rarr; <strong>1834</strong><br />(-29 for losing)
|l|☆ChunkyRat
