|j|☆Capri...song?!
|j|☆Bobsican
|t:|1664649888
|gametype|singles
|player|p1|Capri...song?!|melli|1735
|player|p2|Bobsican|n|1723
|teamsize|p1|6
|teamsize|p2|6
|gen|8
|tier|[Gen 8] National Dex AG
|rated|
|rule|HP Percentage Mod: HP is shown in percentages
|rule|Endless Battle Clause: Forcing endless battles is banned
|clearpoke
|poke|p1|Quagsire, M|
|poke|p1|Ferrothorn, M|
|poke|p1|Zacian-*|
|poke|p1|Tyranitar, F|
|poke|p1|Salamence, M|
|poke|p1|Ditto|
|poke|p2|Ditto|
|poke|p2|Gengar, M|
|poke|p2|Tyranitar, F|
|poke|p2|Necrozma-Dusk-Mane|
|poke|p2|Arceus-*|
|poke|p2|Ho-Oh|
|teampreview
|inactive|Battle timer is ON: inactive players will automatically lose when time's up. (requested by Capri...song?!)
|
|t:|1664649912
|start
|switch|p1a: my raging heart|Salamence, M, shiny|100/100
|switch|p2a: Gengar|Gengar, M|100/100
|-ability|p1a: my raging heart|Intimidate|boost
|-unboost|p2a: Gengar|atk|1
|turn|1
|
|t:|1664649927
|detailschange|p2a: Gengar|Gengar-Mega, M
|-mega|p2a: Gengar|Gengar|Gengarite
|detailschange|p1a: my raging heart|Salamence-Mega, M, shiny
|-mega|p1a: my raging heart|Salamence|Salamencite
|move|p2a: Gengar|Substitute|p2a: Gengar
|-start|p2a: Gengar|Substitute
|-damage|p2a: Gengar|76/100
|move|p1a: my raging heart|Body Slam|p2a: Gengar
|-end|p2a: Gengar|Substitute
|
|upkeep
|turn|2
|
|t:|1664649937
|switch|p2a: Necrozma|Necrozma-Dusk-Mane|100/100
|move|p1a: my raging heart|Body Slam|p2a: Necrozma
|-resisted|p2a: Necrozma
|-damage|p2a: Necrozma|84/100
|-status|p2a: Necrozma|par
|-damage|p1a: my raging heart|84/100|[from] item: Rocky Helmet|[of] p2a: Necrozma
|
|upkeep
|turn|3
|
|t:|1664649942
|switch|p1a: empty carousel|Ferrothorn, M|100/100
|move|p2a: Necrozma|Stealth Rock|p1a: empty carousel
|-sidestart|p1: Capri...song?!|move: Stealth Rock
|
|upkeep
|turn|4
|
|t:|1664649949
|switch|p2a: Gengar|Gengar-Mega, M|76/100
|move|p1a: empty carousel|Leech Seed|p2a: Gengar
|-start|p2a: Gengar|move: Leech Seed
|
|-damage|p2a: Gengar|63/100|[from] Leech Seed|[of] p1a: empty carousel
|upkeep
|turn|5
|
|t:|1664649955
|switch|p2a: Ho-Oh|Ho-Oh|100/100
|move|p1a: empty carousel|Spikes|p2a: Ho-Oh
|-sidestart|p2: Bobsican|Spikes
|
|upkeep
|turn|6
|
|t:|1664649961
|switch|p1a: my raging heart|Salamence-Mega, M, shiny|84/100
|-damage|p1a: my raging heart|59/100|[from] Stealth Rock
|move|p2a: Ho-Oh|Sacred Fire|p1a: my raging heart
|-resisted|p1a: my raging heart
|-damage|p1a: my raging heart|42/100
|
|upkeep
|turn|7
|
|t:|1664649968
|move|p1a: my raging heart|Roost|p1a: my raging heart
|-heal|p1a: my raging heart|92/100
|-singleturn|p1a: my raging heart|move: Roost
|move|p2a: Ho-Oh|Sacred Fire|p1a: my raging heart
|-resisted|p1a: my raging heart
|-damage|p1a: my raging heart|74/100
|-status|p1a: my raging heart|brn
|
|-damage|p1a: my raging heart|68/100 brn|[from] brn
|upkeep
|turn|8
|
|t:|1664649974
|move|p1a: my raging heart|Facade|p2a: Ho-Oh
|-damage|p2a: Ho-Oh|35/100
|move|p2a: Ho-Oh|Whirlwind|p1a: my raging heart
|drag|p1a: stella land|Zacian-Crowned, shiny|100/100
|-damage|p1a: stella land|94/100|[from] Stealth Rock
|-ability|p1a: stella land|Intrepid Sword|boost
|-boost|p1a: stella land|atk|1
|
|upkeep
|turn|9
|
|t:|1664649979
|switch|p2a: Necrozma|Necrozma-Dusk-Mane|84/100 par
|-damage|p2a: Necrozma|72/100 par|[from] Spikes
|move|p1a: stella land|Wild Charge|p2a: Necrozma
|-damage|p2a: Necrozma|44/100 par
|-damage|p1a: stella land|78/100|[from] item: Rocky Helmet|[of] p2a: Necrozma
|-damage|p1a: stella land|69/100|[from] Recoil
|
|upkeep
|turn|10
|
|t:|1664649985
|switch|p1a: empty carousel|Ferrothorn, M|100/100
|-damage|p1a: empty carousel|94/100|[from] Stealth Rock
|move|p2a: Necrozma|Morning Sun|p2a: Necrozma
|-heal|p2a: Necrozma|94/100 par
|
|-heal|p1a: empty carousel|100/100|[from] item: Leftovers
|upkeep
|turn|11
|
|t:|1664649989
|move|p2a: Necrozma|Knock Off|p1a: empty carousel
|-damage|p1a: empty carousel|76/100
|-damage|p2a: Necrozma|82/100 par|[from] ability: Iron Barbs|[of] p1a: empty carousel
|-enditem|p1a: empty carousel|Leftovers|[from] move: Knock Off|[of] p2a: Necrozma
|move|p1a: empty carousel|Leech Seed|p2a: Necrozma
|-start|p2a: Necrozma|move: Leech Seed
|
|-damage|p2a: Necrozma|69/100 par|[from] Leech Seed|[of] p1a: empty carousel
|-heal|p1a: empty carousel|90/100|[silent]
|upkeep
|turn|12
|
|t:|1664649993
|switch|p2a: Ho-Oh|Ho-Oh|68/100
|move|p1a: empty carousel|Knock Off|p2a: Ho-Oh
|-damage|p2a: Ho-Oh|54/100
|-enditem|p2a: Ho-Oh|Heavy-Duty Boots|[from] move: Knock Off|[of] p1a: empty carousel
|
|upkeep
|turn|13
|
|t:|1664649997
|switch|p1a: bloodless battle|Tyranitar, F|100/100
|-damage|p1a: bloodless battle|88/100|[from] Stealth Rock
|-weather|Sandstorm|[from] ability: Sand Stream|[of] p1a: bloodless battle
|move|p2a: Ho-Oh|Sacred Fire|p1a: bloodless battle
|-resisted|p1a: bloodless battle
|-damage|p1a: bloodless battle|71/100
|-status|p1a: bloodless battle|brn
|
|-weather|Sandstorm|[upkeep]
|-damage|p2a: Ho-Oh|47/100|[from] Sandstorm
|-heal|p1a: bloodless battle|77/100 brn|[from] item: Leftovers
|-damage|p1a: bloodless battle|71/100 brn|[from] brn
|upkeep
|turn|14
|
|t:|1664650002
|move|p1a: bloodless battle|Stealth Rock|p2a: Ho-Oh
|-sidestart|p2: Bobsican|move: Stealth Rock
|move|p2a: Ho-Oh|Whirlwind|p1a: bloodless battle
|drag|p1a: the master orb|Ditto|100/100
|-damage|p1a: the master orb|88/100|[from] Stealth Rock
|-transform|p1a: the master orb|p2a: Ho-Oh|[from] ability: Imposter
|
|-weather|Sandstorm|[upkeep]
|-damage|p1a: the master orb|82/100|[from] Sandstorm
|-damage|p2a: Ho-Oh|41/100|[from] Sandstorm
|upkeep
|turn|15
|
|t:|1664650008
|switch|p1a: bloodless battle|Tyranitar, F|71/100 brn
|-damage|p1a: bloodless battle|58/100 brn|[from] Stealth Rock
|move|p2a: Ho-Oh|Toxic|p1a: bloodless battle|[miss]
|-miss|p2a: Ho-Oh|p1a: bloodless battle
|
|-weather|Sandstorm|[upkeep]
|-damage|p2a: Ho-Oh|35/100|[from] Sandstorm
|-heal|p1a: bloodless battle|64/100 brn|[from] item: Leftovers
|-damage|p1a: bloodless battle|58/100 brn|[from] brn
|upkeep
|turn|16
|
|t:|1664650013
|move|p2a: Ho-Oh|Defog|p1a: bloodless battle
|-unboost|p1a: bloodless battle|evasion|1
|-sideend|p1: Capri...song?!|Stealth Rock|[from] move: Defog|[of] p2a: Ho-Oh
|-sideend|p2: Bobsican|Spikes|[from] move: Defog|[of] p2a: Ho-Oh
|-sideend|p2: Bobsican|Stealth Rock|[from] move: Defog|[of] p2a: Ho-Oh
|move|p1a: bloodless battle|Rock Blast|p2a: Ho-Oh
|-supereffective|p2a: Ho-Oh
|-damage|p2a: Ho-Oh|22/100
|-supereffective|p2a: Ho-Oh
|-damage|p2a: Ho-Oh|7/100
|-hitcount|p2a: Ho-Oh|2
|
|-weather|Sandstorm|[upkeep]
|-damage|p2a: Ho-Oh|1/100|[from] Sandstorm
|-heal|p1a: bloodless battle|64/100 brn|[from] item: Leftovers
|-damage|p1a: bloodless battle|58/100 brn|[from] brn
|upkeep
|turn|17
|
|t:|1664650021
|switch|p2a: Arceus|Arceus-Ground|100/100
|move|p1a: bloodless battle|Stealth Rock|p2a: Arceus
|-sidestart|p2: Bobsican|move: Stealth Rock
|
|-weather|none
|-heal|p1a: bloodless battle|64/100 brn|[from] item: Leftovers
|-damage|p1a: bloodless battle|58/100 brn|[from] brn
|upkeep
|turn|18
|
|t:|1664650028
|switch|p1a: empty carousel|Ferrothorn, M|90/100
|move|p2a: Arceus|Ice Beam|p1a: empty carousel
|-damage|p1a: empty carousel|75/100
|
|upkeep
|turn|19
|
|t:|1664650039
|switch|p2a: Gengar|Gengar-Mega, M|63/100
|-damage|p2a: Gengar|51/100|[from] Stealth Rock
|move|p1a: empty carousel|Leech Seed|p2a: Gengar|[miss]
|-miss|p1a: empty carousel|p2a: Gengar
|
|upkeep
|turn|20
|
|t:|1664650044
|move|p2a: Gengar|Substitute|p2a: Gengar
|-start|p2a: Gengar|Substitute
|-damage|p2a: Gengar|26/100
|move|p1a: empty carousel|Knock Off|p2a: Gengar
|-supereffective|p2a: Gengar
|-end|p2a: Gengar|Substitute
|
|upkeep
|turn|21
|
|t:|1664650048
|move|p2a: Gengar|Focus Blast|p1a: empty carousel
|-supereffective|p1a: empty carousel
|-damage|p1a: empty carousel|9/100
|move|p1a: empty carousel|Leech Seed|p2a: Gengar
|-start|p2a: Gengar|move: Leech Seed
|
|-damage|p2a: Gengar|14/100|[from] Leech Seed|[of] p1a: empty carousel
|-heal|p1a: empty carousel|18/100|[silent]
|upkeep
|turn|22
|
|t:|1664650052
|move|p1a: empty carousel|Protect|p1a: empty carousel
|-singleturn|p1a: empty carousel|Protect
|move|p2a: Gengar|Focus Blast|p1a: empty carousel
|-activate|p1a: empty carousel|move: Protect
|
|-damage|p2a: Gengar|2/100|[from] Leech Seed|[of] p1a: empty carousel
|-heal|p1a: empty carousel|27/100|[silent]
|upkeep
|turn|23
|
|t:|1664650056
|move|p2a: Gengar|Shadow Ball|p1a: empty carousel
|-damage|p1a: empty carousel|0 fnt
|faint|p1a: empty carousel
|
|upkeep
|
|t:|1664650062
|switch|p1a: stella land|Zacian-Crowned, shiny|69/100
|-ability|p1a: stella land|Intrepid Sword|boost
|-boost|p1a: stella land|atk|1
|turn|24
|
|t:|1664650069
|move|p1a: stella land|Wild Charge|p2a: Gengar
|-damage|p2a: Gengar|0 fnt
|faint|p2a: Gengar
|-damage|p1a: stella land|69/100|[from] Recoil
|
|upkeep
|
|t:|1664650077
|switch|p2a: Necrozma|Necrozma-Dusk-Mane|69/100 par
|-damage|p2a: Necrozma|63/100 par|[from] Stealth Rock
|turn|25
|
|t:|1664650085
|switch|p1a: isle of agnitio|Quagsire, M|100/100
|move|p2a: Necrozma|Stealth Rock|p1a: isle of agnitio
|-sidestart|p1: Capri...song?!|move: Stealth Rock
|
|upkeep
|turn|26
|
|t:|1664650088
|move|p1a: isle of agnitio|Earthquake|p2a: Necrozma
|-supereffective|p2a: Necrozma
|-damage|p2a: Necrozma|39/100 par
|move|p2a: Necrozma|Knock Off|p1a: isle of agnitio
|-damage|p1a: isle of agnitio|76/100
|-enditem|p1a: isle of agnitio|Leftovers|[from] move: Knock Off|[of] p2a: Necrozma
|
|upkeep
|turn|27
|
|t:|1664650092
|move|p1a: isle of agnitio|Earthquake|p2a: Necrozma
|-supereffective|p2a: Necrozma
|-damage|p2a: Necrozma|16/100 par
|move|p2a: Necrozma|Morning Sun|p2a: Necrozma
|-heal|p2a: Necrozma|66/100 par
|
|upkeep
|turn|28
|
|t:|1664650097
|switch|p2a: Ho-Oh|Ho-Oh|35/100
|-damage|p2a: Ho-Oh|0 fnt|[from] Stealth Rock
|faint|p2a: Ho-Oh
|move|p1a: isle of agnitio|Recover|p1a: isle of agnitio
|-heal|p1a: isle of agnitio|100/100
|
|upkeep
|
|t:|1664650103
|switch|p2a: Arceus|Arceus-Ground|100/100
|-damage|p2a: Arceus|94/100|[from] Stealth Rock
|turn|29
|
|t:|1664650106
|move|p2a: Arceus|Judgment|p1a: isle of agnitio
|-damage|p1a: isle of agnitio|39/100
|move|p1a: isle of agnitio|Toxic|p2a: Arceus
|-status|p2a: Arceus|tox
|
|-damage|p2a: Arceus|88/100 tox|[from] psn
|upkeep
|turn|30
|
|t:|1664650111
|switch|p1a: my raging heart|Salamence-Mega, M, shiny|68/100 brn
|-damage|p1a: my raging heart|43/100 brn|[from] Stealth Rock
|move|p2a: Arceus|Refresh|p2a: Arceus
|-curestatus|p2a: Arceus|tox|[msg]
|
|-damage|p1a: my raging heart|37/100 brn|[from] brn
|upkeep
|turn|31
|
|t:|1664650118
|move|p1a: my raging heart|Roost|p1a: my raging heart
|-heal|p1a: my raging heart|88/100 brn
|-singleturn|p1a: my raging heart|move: Roost
|move|p2a: Arceus|Ice Beam|p1a: my raging heart
|-supereffective|p1a: my raging heart
|-damage|p1a: my raging heart|31/100 brn
|
|-damage|p1a: my raging heart|25/100 brn|[from] brn
|upkeep
|turn|32
|
|t:|1664650123
|move|p1a: my raging heart|Facade|p2a: Arceus
|-damage|p2a: Arceus|40/100
|move|p2a: Arceus|Ice Beam|p1a: my raging heart
|-supereffective|p1a: my raging heart
|-damage|p1a: my raging heart|0 fnt
|faint|p1a: my raging heart
|
|upkeep
|
|t:|1664650127
|switch|p1a: stella land|Zacian-Crowned, shiny|69/100
|-damage|p1a: stella land|63/100|[from] Stealth Rock
|-ability|p1a: stella land|Intrepid Sword|boost
|-boost|p1a: stella land|atk|1
|turn|33
|
|t:|1664650131
|-start|p2a: Arceus|Dynamax|
|-heal|p2a: Arceus|40/100|[silent]
|move|p1a: stella land|Close Combat|p2a: Arceus
|-damage|p2a: Arceus|20/100
|-unboost|p1a: stella land|def|1
|-unboost|p1a: stella land|spd|1
|move|p2a: Arceus|Max Quake|p1a: stella land
|-supereffective|p1a: stella land
|-damage|p1a: stella land|0 fnt
|-boost|p2a: Arceus|spd|1
|faint|p1a: stella land
|
|upkeep
|
|t:|1664650138
|switch|p1a: the master orb|Ditto|100/100
|-damage|p1a: the master orb|88/100|[from] Stealth Rock
|-transform|p1a: the master orb|p2a: Arceus|[from] ability: Imposter
|turn|34
|
|t:|1664650143
|move|p2a: Arceus|Max Guard|p2a: Arceus
|-singleturn|p2a: Arceus|Max Guard
|move|p1a: the master orb|Ice Beam|p2a: Arceus
|-activate|p2a: Arceus|move: Max Guard
|
|upkeep
|turn|35
|
|t:|1664650147
|move|p1a: the master orb|Ice Beam|p2a: Arceus
|-supereffective|p2a: Arceus
|-damage|p2a: Arceus|10/100
|move|p2a: Arceus|Max Hailstorm|p1a: the master orb
|-supereffective|p1a: the master orb
|-damage|p1a: the master orb|42/100
|-weather|Hail
|
|-weather|Hail|[upkeep]
|-damage|p1a: the master orb|36/100|[from] Hail
|-damage|p2a: Arceus|6/100|[from] Hail
|upkeep
|-end|p2a: Arceus|Dynamax
|-heal|p2a: Arceus|7/100|[silent]
|turn|36
|
|t:|1664650152
|move|p1a: the master orb|Ice Beam|p2a: Arceus
|-supereffective|p2a: Arceus
|-damage|p2a: Arceus|0 fnt
|faint|p2a: Arceus
|
|-weather|Hail|[upkeep]
|-damage|p1a: the master orb|30/100|[from] Hail
|upkeep
|
|t:|1664650159
|switch|p2a: Necrozma|Necrozma-Dusk-Mane|66/100 par
|-damage|p2a: Necrozma|60/100 par|[from] Stealth Rock
|turn|37
|
|t:|1664650166
|switch|p1a: isle of agnitio|Quagsire, M|39/100
|-damage|p1a: isle of agnitio|33/100|[from] Stealth Rock
|switch|p2a: Ditto|Ditto|100/100
|-damage|p2a: Ditto|88/100|[from] Stealth Rock
|-transform|p2a: Ditto|p1a: isle of agnitio|[from] ability: Imposter
|
|-weather|Hail|[upkeep]
|-damage|p2a: Ditto|82/100|[from] Hail
|-damage|p1a: isle of agnitio|27/100|[from] Hail
|upkeep
|turn|38
|
|t:|1664650172
|switch|p1a: bloodless battle|Tyranitar, F|58/100 brn
|-damage|p1a: bloodless battle|46/100 brn|[from] Stealth Rock
|-weather|Sandstorm|[from] ability: Sand Stream|[of] p1a: bloodless battle
|move|p2a: Ditto|Earthquake|p1a: bloodless battle
|-supereffective|p1a: bloodless battle
|-damage|p1a: bloodless battle|2/100 brn
|
|-weather|Sandstorm|[upkeep]
|-heal|p1a: bloodless battle|8/100 brn|[from] item: Leftovers
|-damage|p1a: bloodless battle|2/100 brn|[from] brn
|upkeep
|turn|39
|
|t:|1664650181
|move|p2a: Ditto|Earthquake|p1a: bloodless battle
|-supereffective|p1a: bloodless battle
|-damage|p1a: bloodless battle|0 fnt
|faint|p1a: bloodless battle
|
|-weather|Sandstorm|[upkeep]
|upkeep
|
|t:|1664650183
|switch|p1a: isle of agnitio|Quagsire, M|27/100
|-damage|p1a: isle of agnitio|21/100|[from] Stealth Rock
|turn|40
|
|t:|1664650186
|move|p2a: Ditto|Earthquake|p1a: isle of agnitio
|-damage|p1a: isle of agnitio|0 fnt
|faint|p1a: isle of agnitio
|
|-weather|Sandstorm|[upkeep]
|upkeep
|-message|Capri...song?! forfeited.
|
|win|Bobsican
|raw|Capri...song?!'s rating: 1735 &rarr; <strong>1714</strong><br />(-21 for losing)
|raw|Bobsican's rating: 1723 &rarr; <strong>1744</strong><br />(+21 for winning)
|l|☆Capri...song?!
|c|☆Bobsican|Epic quag sweep
||Ladder isn't responding, score probably updated but might not have (Request timeout).
