|j|☆Clownnin
|j|☆Obito152001
|t:|1664865153
|gametype|singles
|player|p1|Clownnin|clown|1653
|player|p2|Obito152001|blue-gen3two|1985
|teamsize|p1|6
|teamsize|p2|6
|gen|8
|tier|[Gen 8] National Dex AG
|rated|
|rule|HP Percentage Mod: HP is shown in percentages
|rule|Endless Battle Clause: Forcing endless battles is banned
|clearpoke
|poke|p1|Arceus-*|
|poke|p1|Arceus-*|
|poke|p1|Arceus-*|
|poke|p1|Arceus-*|
|poke|p1|Arceus-*|
|poke|p1|Arceus-*|
|poke|p2|Arceus-*|
|poke|p2|Arceus-*|
|poke|p2|Ditto|
|poke|p2|Grimmsnarl, M|
|poke|p2|Blastoise, M|
|poke|p2|Groudon|
|teampreview
|inactive|Battle timer is ON: inactive players will automatically lose when time's up. (requested by Clownnin)
|inactive|Obito152001 also wants the timer to be on.
|
|t:|1664865161
|start
|switch|p1a: Arceus|Arceus-Ground|100/100
|switch|p2a: Grimmsnarl|Grimmsnarl, M|100/100
|turn|1
|
|t:|1664865166
|move|p2a: Grimmsnarl|Taunt|p1a: Arceus
|-start|p1a: Arceus|move: Taunt
|move|p1a: Arceus|Judgment|p2a: Grimmsnarl
|-damage|p2a: Grimmsnarl|52/100
|
|upkeep
|turn|2
|
|t:|1664865169
|move|p2a: Grimmsnarl|Light Screen|p2a: Grimmsnarl
|-sidestart|p2: Obito152001|move: Light Screen
|move|p1a: Arceus|Judgment|p2a: Grimmsnarl
|-damage|p2a: Grimmsnarl|26/100
|
|upkeep
|turn|3
|
|t:|1664865171
|move|p2a: Grimmsnarl|Reflect|p2a: Grimmsnarl
|-sidestart|p2: Obito152001|Reflect
|move|p1a: Arceus|Judgment|p2a: Grimmsnarl
|-damage|p2a: Grimmsnarl|4/100
|
|-end|p1a: Arceus|move: Taunt
|upkeep
|turn|4
|
|t:|1664865175
|move|p2a: Grimmsnarl|Taunt|p1a: Arceus
|-start|p1a: Arceus|move: Taunt
|move|p1a: Arceus|Judgment|p2a: Grimmsnarl
|-damage|p2a: Grimmsnarl|0 fnt
|faint|p2a: Grimmsnarl
|
|upkeep
|
|t:|1664865185
|switch|p2a: Blastoise|Blastoise, M|100/100
|turn|5
|
|t:|1664865197
|switch|p1a: Arceus|Arceus-Ghost|100/100
|detailschange|p2a: Blastoise|Blastoise-Mega, M
|-mega|p2a: Blastoise|Blastoise|Blastoisinite
|move|p2a: Blastoise|Shell Smash|p2a: Blastoise
|-unboost|p2a: Blastoise|def|1
|-unboost|p2a: Blastoise|spd|1
|-boost|p2a: Blastoise|atk|2
|-boost|p2a: Blastoise|spa|2
|-boost|p2a: Blastoise|spe|2
|
|upkeep
|turn|6
|
|t:|1664865204
|move|p1a: Arceus|Extreme Speed|p2a: Blastoise
|-crit|p2a: Blastoise
|-damage|p2a: Blastoise|35/100
|move|p2a: Blastoise|Dark Pulse|p1a: Arceus
|-supereffective|p1a: Arceus
|-damage|p1a: Arceus|0 fnt
|faint|p1a: Arceus
|
|upkeep
|
|t:|1664865210
|switch|p1a: Arceus|Arceus-Dark|100/100
|turn|7
|
|t:|1664865213
|move|p2a: Blastoise|Water Pulse|p1a: Arceus
|-damage|p1a: Arceus|31/100
|move|p1a: Arceus|Judgment|p2a: Blastoise
|-damage|p2a: Blastoise|0 fnt
|faint|p2a: Blastoise
|
|upkeep
|
|t:|1664865217
|switch|p2a: Arceus|Arceus|100/100
|turn|8
|
|t:|1664865220
|switch|p1a: Arceus|Arceus-Water|100/100
|move|p2a: Arceus|Swords Dance|p2a: Arceus
|-boost|p2a: Arceus|atk|2
|
|upkeep
|turn|9
|
|t:|1664865223
|move|p2a: Arceus|Swords Dance|p2a: Arceus
|-boost|p2a: Arceus|atk|2
|move|p1a: Arceus|Toxic|p2a: Arceus
|-status|p2a: Arceus|tox
|-enditem|p2a: Arceus|Lum Berry|[eat]
|-curestatus|p2a: Arceus|tox|[msg]
|
|-sideend|p2: Obito152001|move: Light Screen
|upkeep
|turn|10
|
|t:|1664865227
|-start|p2a: Arceus|Dynamax|
|-heal|p2a: Arceus|100/100|[silent]
|move|p2a: Arceus|Max Strike|p1a: Arceus
|-damage|p1a: Arceus|0 fnt
|faint|p1a: Arceus
|
|-sideend|p2: Obito152001|Reflect
|upkeep
|
|t:|1664865232
|switch|p1a: Arceus|Arceus-Flying|100/100
|turn|11
|
|t:|1664865234
|-start|p1a: Arceus|Dynamax|
|-heal|p1a: Arceus|100/100|[silent]
|move|p1a: Arceus|Max Airstream|p2a: Arceus
|-damage|p2a: Arceus|79/100
|-boost|p1a: Arceus|spe|1
|move|p2a: Arceus|Max Strike|p1a: Arceus
|-damage|p1a: Arceus|30/100
|-unboost|p1a: Arceus|spe|1
|
|upkeep
|turn|12
|
|t:|1664865237
|move|p1a: Arceus|Max Guard|p1a: Arceus
|-singleturn|p1a: Arceus|Max Guard
|move|p2a: Arceus|Max Strike|p1a: Arceus
|-activate|p1a: Arceus|move: Max Guard
|
|upkeep
|-end|p2a: Arceus|Dynamax
|-heal|p2a: Arceus|80/100|[silent]
|turn|13
|
|t:|1664865240
|move|p2a: Arceus|Extreme Speed|p1a: Arceus
|-damage|p1a: Arceus|0 fnt
|faint|p1a: Arceus
|
|upkeep
|-message|Clownnin forfeited.
|
|win|Obito152001
|raw|Clownnin's rating: 1653 &rarr; <strong>1648</strong><br />(-5 for losing)
|raw|Obito152001's rating: 1985 &rarr; <strong>1990</strong><br />(+5 for winning)
|l|☆Clownnin
