|j|☆Eurybie
|j|☆AdamHaziq
|t:|1661872082
|gametype|singles
|player|p1|Eurybie|ingo|1609
|player|p2|AdamHaziq|unknown|1655
|teamsize|p1|6
|teamsize|p2|6
|gen|8
|tier|[Gen 8] National Dex AG
|rated|
|rule|HP Percentage Mod: HP is shown in percentages
|rule|Endless Battle Clause: Forcing endless battles is banned
|clearpoke
|poke|p1|Mamoswine, F|
|poke|p1|Xerneas-*|
|poke|p1|Quagsire, M|
|poke|p1|Shedinja|
|poke|p1|Kyogre|
|poke|p1|Yveltal|
|poke|p2|Rayquaza|
|poke|p2|Ditto|
|poke|p2|Breloom, M|
|poke|p2|Calyrex-Shadow|
|poke|p2|Zacian-*|
|poke|p2|Darkrai|
|teampreview
|inactive|Battle timer is ON: inactive players will automatically lose when time's up. (requested by AdamHaziq)
|j| Sanju1
|
|t:|1661872099
|start
|switch|p1a: Xerneas|Xerneas|100/100
|switch|p2a: Darkrai|Darkrai|100/100
|-ability|p1a: Xerneas|Fairy Aura
|turn|1
|
|t:|1661872105
|-zpower|p2a: Darkrai
|move|p2a: Darkrai|Z-Hypnosis|p1a: Xerneas|[anim]Hypnosis
|-boost|p2a: Darkrai|spe|1|[zeffect]
|-status|p1a: Xerneas|slp|[from] move: Hypnosis
|cant|p1a: Xerneas|slp
|
|-damage|p1a: Xerneas|88/100 slp|[from] ability: Bad Dreams|[of] p2a: Darkrai
|upkeep
|turn|2
|
|t:|1661872113
|move|p2a: Darkrai|Substitute|p2a: Darkrai
|-start|p2a: Darkrai|Substitute
|-damage|p2a: Darkrai|76/100
|cant|p1a: Xerneas|slp
|
|-damage|p1a: Xerneas|76/100 slp|[from] ability: Bad Dreams|[of] p2a: Darkrai
|upkeep
|turn|3
|
|t:|1661872119
|move|p2a: Darkrai|Nasty Plot|p2a: Darkrai
|-boost|p2a: Darkrai|spa|2
|cant|p1a: Xerneas|slp
|
|-damage|p1a: Xerneas|63/100 slp|[from] ability: Bad Dreams|[of] p2a: Darkrai
|upkeep
|turn|4
|
|t:|1661872128
|-start|p1a: Xerneas|Dynamax|
|-heal|p1a: Xerneas|63/100 slp|[silent]
|move|p2a: Darkrai|Nasty Plot|p2a: Darkrai
|-boost|p2a: Darkrai|spa|2
|-curestatus|p1a: Xerneas|slp|[msg]
|move|p1a: Xerneas|Max Starfall|p2a: Darkrai
|-supereffective|p2a: Darkrai
|-end|p2a: Darkrai|Substitute
|-fieldstart|move: Misty Terrain
|
|upkeep
|turn|5
|
|t:|1661872139
|move|p2a: Darkrai|Dark Pulse|p1a: Xerneas
|-resisted|p1a: Xerneas
|-damage|p1a: Xerneas|32/100
|move|p1a: Xerneas|Max Starfall|p2a: Darkrai
|-supereffective|p2a: Darkrai
|-damage|p2a: Darkrai|0 fnt
|faint|p2a: Darkrai
|
|upkeep
|
|t:|1661872152
|switch|p2a: Calyrex|Calyrex-Shadow|100/100
|-ability|p2a: Calyrex|As One
|-ability|p2a: Calyrex|Unnerve
|turn|6
|
|t:|1661872158
|-end|p1a: Xerneas|Dynamax
|-heal|p1a: Xerneas|33/100|[silent]
|switch|p1a: Yveltal|Yveltal|100/100
|-ability|p1a: Yveltal|Dark Aura
|move|p2a: Calyrex|Astral Barrage|p1a: Yveltal
|-resisted|p1a: Yveltal
|-damage|p1a: Yveltal|76/100
|
|upkeep
|turn|7
|
|t:|1661872170
|switch|p2a: Breloom|Breloom, M|100/100
|move|p1a: Yveltal|Oblivion Wing|p2a: Breloom
|-supereffective|p2a: Breloom
|-damage|p2a: Breloom|0 fnt
|-heal|p1a: Yveltal|100/100|[from] drain|[of] p2a: Breloom
|faint|p2a: Breloom
|
|upkeep
|
|t:|1661872177
|switch|p2a: Zoro|Zacian-Crowned|100/100
|-ability|p2a: Zoro|Intrepid Sword|boost
|-boost|p2a: Zoro|atk|1
|turn|8
|
|t:|1661872182
|switch|p1a: Shedinja|Shedinja|100/100
|move|p2a: Zoro|Behemoth Blade|p1a: Shedinja
|-immune|p1a: Shedinja|[from] ability: Wonder Guard
|
|-fieldend|Misty Terrain
|upkeep
|turn|9
|
|t:|1661872190
|switch|p2a: Rayquaza|Rayquaza, shiny|100/100
|-ability|p2a: Rayquaza|Air Lock
|switch|p1a: Mamoswine|Mamoswine, F|100/100
|
|upkeep
|turn|10
|
|t:|1661872198
|detailschange|p2a: Rayquaza|Rayquaza-Mega, shiny
|-mega|p2a: Rayquaza|Rayquaza|
|-weather|DeltaStream|[from] ability: Delta Stream|[of] p2a: Rayquaza
|move|p2a: Rayquaza|Dragon Dance|p2a: Rayquaza
|-boost|p2a: Rayquaza|atk|1
|-boost|p2a: Rayquaza|spe|1
|move|p1a: Mamoswine|Endeavor|p2a: Rayquaza
|-immune|p2a: Rayquaza
|
|-weather|DeltaStream|[upkeep]
|upkeep
|turn|11
|
|t:|1661872207
|move|p2a: Rayquaza|Earthquake|p1a: Mamoswine
|-damage|p1a: Mamoswine|15/100
|move|p1a: Mamoswine|Endeavor|p2a: Rayquaza
|-damage|p2a: Rayquaza|15/100
|
|-weather|DeltaStream|[upkeep]
|-heal|p2a: Rayquaza|21/100|[from] item: Leftovers
|upkeep
|turn|12
|
|t:|1661872214
|move|p2a: Rayquaza|Extreme Speed|p1a: Mamoswine
|-damage|p1a: Mamoswine|0 fnt
|faint|p1a: Mamoswine
|
|-weather|DeltaStream|[upkeep]
|-heal|p2a: Rayquaza|27/100|[from] item: Leftovers
|upkeep
|
|t:|1661872221
|switch|p1a: Quagsire|Quagsire, M|100/100
|turn|13
|
|t:|1661872224
|move|p2a: Rayquaza|Dragon Ascent|p1a: Quagsire
|-damage|p1a: Quagsire|39/100
|-unboost|p2a: Rayquaza|def|1
|-unboost|p2a: Rayquaza|spd|1
|-damage|p2a: Rayquaza|11/100|[from] item: Rocky Helmet|[of] p1a: Quagsire
|move|p1a: Quagsire|Recover|p1a: Quagsire
|-heal|p1a: Quagsire|89/100
|
|-weather|DeltaStream|[upkeep]
|-heal|p2a: Rayquaza|17/100|[from] item: Leftovers
|upkeep
|turn|14
|
|t:|1661872233
|-weather|none
|switch|p2a: Calyrex|Calyrex-Shadow|100/100
|-ability|p2a: Calyrex|As One
|-ability|p2a: Calyrex|Unnerve
|move|p1a: Quagsire|Recover|p1a: Quagsire
|-heal|p1a: Quagsire|100/100
|
|upkeep
|turn|15
|
|t:|1661872243
|switch|p1a: Yveltal|Yveltal|100/100
|-ability|p1a: Yveltal|Dark Aura
|-start|p2a: Calyrex|Dynamax|
|-heal|p2a: Calyrex|100/100|[silent]
|move|p2a: Calyrex|Max Starfall|p1a: Yveltal
|-supereffective|p1a: Yveltal
|-damage|p1a: Yveltal|54/100
|-fieldstart|move: Misty Terrain
|
|upkeep
|turn|16
|
|t:|1661872254
|move|p2a: Calyrex|Max Starfall|p1a: Yveltal
|-supereffective|p1a: Yveltal
|-damage|p1a: Yveltal|4/100
|move|p1a: Yveltal|Roost|p1a: Yveltal
|-heal|p1a: Yveltal|54/100
|-singleturn|p1a: Yveltal|move: Roost
|
|upkeep
|turn|17
|
|t:|1661872261
|move|p2a: Calyrex|Max Starfall|p1a: Yveltal
|-supereffective|p1a: Yveltal
|-damage|p1a: Yveltal|7/100
|move|p1a: Yveltal|Roost|p1a: Yveltal
|-heal|p1a: Yveltal|57/100
|-singleturn|p1a: Yveltal|move: Roost
|
|upkeep
|-end|p2a: Calyrex|Dynamax
|-heal|p2a: Calyrex|100/100|[silent]
|turn|18
|
|t:|1661872271
|switch|p2a: Zoro|Zacian-Crowned|100/100
|-ability|p2a: Zoro|Intrepid Sword|boost
|-boost|p2a: Zoro|atk|1
|move|p1a: Yveltal|Roost|p1a: Yveltal
|-heal|p1a: Yveltal|100/100
|-singleturn|p1a: Yveltal|move: Roost
|
|upkeep
|turn|19
|
|t:|1661872279
|switch|p2a: Rayquaza|Rayquaza-Mega, shiny|17/100
|-weather|DeltaStream|[from] ability: Delta Stream|[of] p2a: Rayquaza
|switch|p1a: Shedinja|Shedinja|100/100
|
|-weather|DeltaStream|[upkeep]
|-heal|p2a: Rayquaza|23/100|[from] item: Leftovers
|-fieldend|Misty Terrain
|upkeep
|turn|20
|
|t:|1661872288
|move|p1a: Shedinja|Endure|p1a: Shedinja
|-singleturn|p1a: Shedinja|move: Endure
|move|p2a: Rayquaza|Dragon Ascent|p1a: Shedinja
|-supereffective|p1a: Shedinja
|-activate|p1a: Shedinja|move: Endure
|-damage|p1a: Shedinja|100/100
|-unboost|p2a: Rayquaza|def|1
|-unboost|p2a: Rayquaza|spd|1
|
|-weather|DeltaStream|[upkeep]
|-heal|p2a: Rayquaza|29/100|[from] item: Leftovers
|upkeep
|turn|21
|
|t:|1661872301
|switch|p1a: Xerneas|Xerneas|33/100
|-ability|p1a: Xerneas|Fairy Aura
|move|p2a: Rayquaza|Dragon Ascent|p1a: Xerneas
|-damage|p1a: Xerneas|0 fnt
|-unboost|p2a: Rayquaza|def|1
|-unboost|p2a: Rayquaza|spd|1
|faint|p1a: Xerneas
|
|-weather|DeltaStream|[upkeep]
|-heal|p2a: Rayquaza|35/100|[from] item: Leftovers
|upkeep
|
|t:|1661872313
|switch|p1a: Shedinja|Shedinja|100/100
|turn|22
|
|t:|1661872316
|move|p1a: Shedinja|Shadow Sneak|p2a: Rayquaza
|-damage|p2a: Rayquaza|0 fnt
|faint|p2a: Rayquaza
|-weather|none
|
|upkeep
|
|t:|1661872325
|switch|p2a: Calyrex|Calyrex-Shadow|100/100
|-ability|p2a: Calyrex|As One
|-ability|p2a: Calyrex|Unnerve
|turn|23
|
|t:|1661872331
|switch|p1a: Yveltal|Yveltal|100/100
|-ability|p1a: Yveltal|Dark Aura
|move|p2a: Calyrex|Draining Kiss|p1a: Yveltal
|-supereffective|p1a: Yveltal
|-damage|p1a: Yveltal|77/100
|
|upkeep
|turn|24
|
|t:|1661872340
|switch|p2a: Ditto|Ditto|100/100
|-transform|p2a: Ditto|p1a: Yveltal|[from] ability: Imposter
|-ability|p2a: Ditto|Dark Aura
|move|p1a: Yveltal|Oblivion Wing|p2a: Ditto
|-damage|p2a: Ditto|71/100
|-heal|p1a: Yveltal|92/100|[from] drain|[of] p2a: Ditto
|
|upkeep
|turn|25
|
|t:|1661872352
|switch|p1a: Kyogre|Kyogre|100/100
|-weather|RainDance|[from] ability: Drizzle|[of] p1a: Kyogre
|move|p2a: Ditto|Toxic|p1a: Kyogre
|-status|p1a: Kyogre|tox
|
|-weather|RainDance|[upkeep]
|-damage|p1a: Kyogre|94/100 tox|[from] psn
|upkeep
|turn|26
|
|t:|1661872361
|switch|p2a: Zoro|Zacian-Crowned|100/100
|-ability|p2a: Zoro|Intrepid Sword|boost
|-boost|p2a: Zoro|atk|1
|move|p1a: Kyogre|Water Spout|p2a: Zoro
|-damage|p2a: Zoro|0 fnt
|faint|p2a: Zoro
|
|-weather|RainDance|[upkeep]
|-heal|p1a: Kyogre|100/100 tox|[from] item: Leftovers
|-damage|p1a: Kyogre|88/100 tox|[from] psn
|upkeep
|
|t:|1661872364
|switch|p2a: Calyrex|Calyrex-Shadow|100/100
|-ability|p2a: Calyrex|As One
|-ability|p2a: Calyrex|Unnerve
|turn|27
|
|t:|1661872375
|move|p2a: Calyrex|Astral Barrage|p1a: Kyogre
|-damage|p1a: Kyogre|37/100 tox
|move|p1a: Kyogre|Surf|p2a: Calyrex
|-damage|p2a: Calyrex|21/100
|
|-weather|RainDance|[upkeep]
|-heal|p1a: Kyogre|43/100 tox|[from] item: Leftovers
|-damage|p1a: Kyogre|24/100 tox|[from] psn
|upkeep
|turn|28
|
|t:|1661872386
|move|p2a: Calyrex|Giga Drain|p1a: Kyogre
|-supereffective|p1a: Kyogre
|-damage|p1a: Kyogre|0 fnt
|-heal|p2a: Calyrex|34/100|[from] drain|[of] p1a: Kyogre
|faint|p1a: Kyogre
|-ability|p2a: Calyrex|Grim Neigh|boost
|-boost|p2a: Calyrex|spa|1
|
|-weather|RainDance|[upkeep]
|upkeep
|
|t:|1661872394
|switch|p1a: Shedinja|Shedinja|100/100
|turn|29
|
|t:|1661872398
|switch|p2a: Ditto|Ditto|71/100
|-transform|p2a: Ditto|p1a: Shedinja|[from] ability: Imposter
|move|p1a: Shedinja|Shadow Sneak|p2a: Ditto
|-supereffective|p2a: Ditto
|-damage|p2a: Ditto|0 fnt
|faint|p2a: Ditto
|
|-weather|none
|upkeep
|
|t:|1661872400
|switch|p2a: Calyrex|Calyrex-Shadow|34/100
|-ability|p2a: Calyrex|As One
|-ability|p2a: Calyrex|Unnerve
|turn|30
|
|t:|1661872410
|move|p1a: Shedinja|Shadow Sneak|p2a: Calyrex
|-supereffective|p2a: Calyrex
|-damage|p2a: Calyrex|0 fnt
|faint|p2a: Calyrex
|
|win|Eurybie
|raw|Eurybie's rating: 1609 &rarr; <strong>1632</strong><br />(+23 for winning)
|raw|AdamHaziq's rating: 1655 &rarr; <strong>1632</strong><br />(-23 for losing)
|l|☆AdamHaziq
||Ladder isn't responding, score probably updated but might not have (Request timeout).
