|j|☆Defensive0
|j|☆MetNarble
|t:|1666813208
|gametype|singles
|player|p1|Defensive0|riley|1779
|player|p2|MetNarble|cynthia-masters|1677
|teamsize|p1|6
|teamsize|p2|6
|gen|8
|tier|[Gen 8] National Dex AG
|rated|
|rule|HP Percentage Mod: HP is shown in percentages
|rule|Endless Battle Clause: Forcing endless battles is banned
|clearpoke
|poke|p1|Kyogre|
|poke|p1|Zacian-*|
|poke|p1|Ditto|
|poke|p1|Arceus-*|
|poke|p1|Groudon|
|poke|p1|Arceus-*|
|poke|p2|Rayquaza|
|poke|p2|Groudon|
|poke|p2|Kyogre|
|poke|p2|Zacian-*|
|poke|p2|Yveltal|
|poke|p2|Calyrex-Shadow|
|teampreview
|inactive|Battle timer is ON: inactive players will automatically lose when time's up. (requested by Defensive0)
|
|t:|1666813218
|start
|switch|p1a: Zacian|Zacian, shiny|100/100
|switch|p2a: Krizalid|Groudon, shiny|100/100
|-ability|p1a: Zacian|Intrepid Sword|boost
|-boost|p1a: Zacian|atk|1
|detailschange|p2a: Krizalid|Groudon-Primal, shiny
|-primal|p2a: Krizalid
|-weather|DesolateLand|[from] ability: Desolate Land|[of] p2a: Krizalid
|turn|1
|
|t:|1666813246
|move|p1a: Zacian|Close Combat|p2a: Krizalid
|-damage|p2a: Krizalid|39/100
|-unboost|p1a: Zacian|def|1
|-unboost|p1a: Zacian|spd|1
|move|p2a: Krizalid|Precipice Blades|p1a: Zacian
|-damage|p1a: Zacian|0 fnt
|faint|p1a: Zacian
|
|-weather|DesolateLand|[upkeep]
|upkeep
|
|t:|1666813257
|switch|p1a: Ditto|Ditto, shiny|100/100
|-transform|p1a: Ditto|p2a: Krizalid|[from] ability: Imposter
|turn|2
|
|t:|1666813274
|switch|p1a: Groudon|Groudon|100/100
|detailschange|p1a: Groudon|Groudon-Primal
|-primal|p1a: Groudon
|switch|p2a: Mizuchi|Kyogre, shiny|100/100
|detailschange|p2a: Mizuchi|Kyogre-Primal, shiny
|-primal|p2a: Mizuchi
|-weather|PrimordialSea|[from] ability: Primordial Sea|[of] p2a: Mizuchi
|
|-weather|PrimordialSea|[upkeep]
|upkeep
|turn|3
|
|t:|1666813292
|switch|p1a: Ditto|Ditto, shiny|100/100
|-transform|p1a: Ditto|p2a: Mizuchi|[from] ability: Imposter
|move|p2a: Mizuchi|Origin Pulse|p1a: Ditto
|-resisted|p1a: Ditto
|-crit|p1a: Ditto
|-damage|p1a: Ditto|41/100
|
|-weather|PrimordialSea|[upkeep]
|upkeep
|turn|4
|
|t:|1666813317
|switch|p1a: Groudon|Groudon-Primal|100/100
|-weather|DesolateLand|[from] ability: Desolate Land|[of] p1a: Groudon
|move|p2a: Mizuchi|Thunder|p1a: Groudon
|-immune|p1a: Groudon
|
|-weather|DesolateLand|[upkeep]
|upkeep
|turn|5
|
|t:|1666813325
|switch|p2a: Saiki|Yveltal|100/100
|-ability|p2a: Saiki|Dark Aura
|move|p1a: Groudon|Stealth Rock|p2a: Saiki
|-sidestart|p2: MetNarble|move: Stealth Rock
|
|-weather|DesolateLand|[upkeep]
|upkeep
|turn|6
|inactive|MetNarble has 120 seconds left.
|
|t:|1666813348
|-weather|none
|switch|p1a: Arceus|Arceus-Fairy|100/100
|-start|p2a: Saiki|Dynamax|
|-heal|p2a: Saiki|100/100|[silent]
|move|p2a: Saiki|Max Darkness|p1a: Arceus
|-resisted|p1a: Arceus
|-damage|p1a: Arceus|70/100
|-unboost|p1a: Arceus|spd|1
|-damage|p2a: Saiki|96/100|[from] item: Life Orb
|
|upkeep
|turn|7
|
|t:|1666813362
|move|p2a: Saiki|Max Airstream|p1a: Arceus
|-damage|p1a: Arceus|5/100
|-boost|p2a: Saiki|spe|1
|-damage|p2a: Saiki|91/100|[from] item: Life Orb
|move|p1a: Arceus|Recover|p1a: Arceus
|-heal|p1a: Arceus|55/100
|
|upkeep
|turn|8
|
|t:|1666813378
|switch|p1a: Kyogre|Kyogre|100/100
|-weather|RainDance|[from] ability: Drizzle|[of] p1a: Kyogre
|move|p2a: Saiki|Max Airstream|p1a: Kyogre
|-damage|p1a: Kyogre|23/100
|-boost|p2a: Saiki|spe|1
|-damage|p2a: Saiki|86/100|[from] item: Life Orb
|
|-weather|RainDance|[upkeep]
|upkeep
|-end|p2a: Saiki|Dynamax
|-heal|p2a: Saiki|86/100|[silent]
|turn|9
|
|t:|1666813383
|move|p2a: Saiki|Dark Pulse|p1a: Kyogre
|-damage|p1a: Kyogre|0 fnt
|faint|p1a: Kyogre
|-damage|p2a: Saiki|76/100|[from] item: Life Orb
|
|-weather|RainDance|[upkeep]
|upkeep
|
|t:|1666813385
|switch|p1a: Arceus|Arceus-Fairy|55/100
|turn|10
|
|t:|1666813388
|move|p2a: Saiki|Oblivion Wing|p1a: Arceus
|-damage|p1a: Arceus|25/100
|-heal|p2a: Saiki|100/100|[from] drain|[of] p1a: Arceus
|-damage|p2a: Saiki|91/100|[from] item: Life Orb
|move|p1a: Arceus|Judgment|p2a: Saiki
|-supereffective|p2a: Saiki
|-damage|p2a: Saiki|0 fnt
|faint|p2a: Saiki
|
|-weather|RainDance|[upkeep]
|upkeep
|
|t:|1666813397
|switch|p2a: Nameless|Zacian-Crowned, shiny|100/100
|-damage|p2a: Nameless|94/100|[from] Stealth Rock
|-ability|p2a: Nameless|Intrepid Sword|boost
|-boost|p2a: Nameless|atk|1
|turn|11
|
|t:|1666813403
|switch|p1a: Groudon|Groudon-Primal|100/100
|-weather|DesolateLand|[from] ability: Desolate Land|[of] p1a: Groudon
|move|p2a: Nameless|Behemoth Blade|p1a: Groudon
|-resisted|p1a: Groudon
|-damage|p1a: Groudon|81/100
|
|-weather|DesolateLand|[upkeep]
|upkeep
|turn|12
|
|t:|1666813409
|switch|p2a: Krizalid|Groudon-Primal, shiny|39/100
|-damage|p2a: Krizalid|27/100|[from] Stealth Rock
|move|p1a: Groudon|Thunder Wave|p2a: Krizalid
|-immune|p2a: Krizalid
|
|-weather|DesolateLand|[upkeep]
|upkeep
|turn|13
|
|t:|1666813415
|switch|p1a: Arceus|Arceus-Fairy|25/100
|move|p2a: Krizalid|Precipice Blades|p1a: Arceus
|-damage|p1a: Arceus|0 fnt
|faint|p1a: Arceus
|
|-weather|DesolateLand|[upkeep]
|upkeep
|
|t:|1666813425
|switch|p1a: Ditto|Ditto, shiny|41/100
|-transform|p1a: Ditto|p2a: Krizalid|[from] ability: Imposter
|turn|14
|
|t:|1666813430
|move|p1a: Ditto|Precipice Blades|p2a: Krizalid
|-supereffective|p2a: Krizalid
|-damage|p2a: Krizalid|0 fnt
|faint|p2a: Krizalid
|
|-weather|DesolateLand|[upkeep]
|upkeep
|
|t:|1666813433
|switch|p2a: Igniz|Rayquaza, shiny|100/100
|-damage|p2a: Igniz|76/100|[from] Stealth Rock
|-ability|p2a: Igniz|Air Lock
|turn|15
|
|t:|1666813436
|-weather|none
|switch|p1a: Groudon|Groudon-Primal|81/100
|-weather|DesolateLand|[from] ability: Desolate Land|[of] p1a: Groudon
|detailschange|p2a: Igniz|Rayquaza-Mega, shiny
|-mega|p2a: Igniz|Rayquaza|
|-weather|DeltaStream|[from] ability: Delta Stream|[of] p2a: Igniz
|move|p2a: Igniz|Dragon Ascent|p1a: Groudon
|-damage|p1a: Groudon|44/100
|-unboost|p2a: Igniz|def|1
|-unboost|p2a: Igniz|spd|1
|
|-weather|DeltaStream|[upkeep]
|upkeep
|turn|16
|
|t:|1666813446
|move|p2a: Igniz|Earthquake|p1a: Groudon
|-supereffective|p1a: Groudon
|-damage|p1a: Groudon|2/100
|move|p1a: Groudon|Thunder Wave|p2a: Igniz
|-status|p2a: Igniz|par
|-enditem|p2a: Igniz|Lum Berry|[eat]
|-curestatus|p2a: Igniz|par|[msg]
|
|-weather|DeltaStream|[upkeep]
|upkeep
|turn|17
|
|t:|1666813454
|move|p2a: Igniz|Dragon Ascent|p1a: Groudon
|-damage|p1a: Groudon|0 fnt
|-unboost|p2a: Igniz|def|1
|-unboost|p2a: Igniz|spd|1
|faint|p1a: Groudon
|
|-weather|DeltaStream|[upkeep]
|upkeep
|
|t:|1666813458
|switch|p1a: Arceus|Arceus|100/100
|turn|18
|
|t:|1666813469
|-weather|none
|switch|p2a: Zero|Calyrex-Shadow|100/100
|-ability|p2a: Zero|As One
|-ability|p2a: Zero|Unnerve
|-damage|p2a: Zero|88/100|[from] Stealth Rock
|move|p1a: Arceus|Swords Dance|p1a: Arceus
|-boost|p1a: Arceus|atk|2
|
|upkeep
|turn|19
|
|t:|1666813475
|move|p2a: Zero|Psychic|p1a: Arceus
|-damage|p1a: Arceus|62/100
|-unboost|p1a: Arceus|spd|1
|move|p1a: Arceus|Shadow Claw|p2a: Zero
|-supereffective|p2a: Zero
|-damage|p2a: Zero|0 fnt
|faint|p2a: Zero
|
|upkeep
|
|t:|1666813484
|switch|p2a: Nameless|Zacian-Crowned, shiny|94/100
|-damage|p2a: Nameless|88/100|[from] Stealth Rock
|-ability|p2a: Nameless|Intrepid Sword|boost
|-boost|p2a: Nameless|atk|1
|turn|20
|
|t:|1666813498
|move|p1a: Arceus|Extreme Speed|p2a: Nameless
|-resisted|p2a: Nameless
|-damage|p2a: Nameless|51/100
|move|p2a: Nameless|Close Combat|p1a: Arceus
|-supereffective|p1a: Arceus
|-crit|p1a: Arceus
|-damage|p1a: Arceus|0 fnt
|-unboost|p2a: Nameless|def|1
|-unboost|p2a: Nameless|spd|1
|faint|p1a: Arceus
|
|upkeep
|
|t:|1666813499
|switch|p1a: Ditto|Ditto, shiny|41/100
|-transform|p1a: Ditto|p2a: Nameless|[from] ability: Imposter
|-ability|p1a: Ditto|Intrepid Sword|boost
|-boost|p1a: Ditto|atk|1
|turn|21
|
|t:|1666813508
|move|p1a: Ditto|Play Rough|p2a: Nameless
|-resisted|p2a: Nameless
|-damage|p2a: Nameless|0 fnt
|faint|p2a: Nameless
|
|upkeep
|
|t:|1666813510
|switch|p2a: Igniz|Rayquaza-Mega, shiny|76/100
|-damage|p2a: Igniz|51/100|[from] Stealth Rock
|-weather|DeltaStream|[from] ability: Delta Stream|[of] p2a: Igniz
|turn|22
|
|t:|1666813512
|move|p2a: Igniz|Extreme Speed|p1a: Ditto
|-resisted|p1a: Ditto
|-damage|p1a: Ditto|14/100
|move|p1a: Ditto|Play Rough|p2a: Igniz
|-supereffective|p2a: Igniz
|-damage|p2a: Igniz|0 fnt
|faint|p2a: Igniz
|-weather|none
|
|upkeep
|
|t:|1666813515
|switch|p2a: Mizuchi|Kyogre-Primal, shiny|100/100
|-damage|p2a: Mizuchi|88/100|[from] Stealth Rock
|-weather|PrimordialSea|[from] ability: Primordial Sea|[of] p2a: Mizuchi
|turn|23
|
|t:|1666813517
|move|p1a: Ditto|Play Rough|p2a: Mizuchi
|-damage|p2a: Mizuchi|0 fnt
|faint|p2a: Mizuchi
|-weather|none
|
|win|Defensive0
|raw|Defensive0's rating: 1779 &rarr; <strong>1794</strong><br />(+15 for winning)
|raw|MetNarble's rating: 1687 &rarr; <strong>1672</strong><br />(-15 for losing)
|l|☆MetNarble
