|j|☆lavenderlad02
|j|☆NatDex ok
|t:|1666286937
|gametype|singles
|player|p1|lavenderlad02|palmer|1777
|player|p2|NatDex ok|unknownf|1867
|teamsize|p1|6
|teamsize|p2|6
|gen|8
|tier|[Gen 8] National Dex AG
|rated|
|rule|HP Percentage Mod: HP is shown in percentages
|rule|Endless Battle Clause: Forcing endless battles is banned
|clearpoke
|poke|p1|Arceus-*|
|poke|p1|Groudon|
|poke|p1|Yveltal|
|poke|p1|Arceus-*|
|poke|p1|Necrozma-Dusk-Mane|
|poke|p1|Ditto|
|poke|p2|Rayquaza|
|poke|p2|Groudon|
|poke|p2|Yveltal|
|poke|p2|Ditto|
|poke|p2|Xerneas-*|
|poke|p2|Calyrex-Shadow|
|teampreview
|inactive|Battle timer is ON: inactive players will automatically lose when time's up. (requested by NatDex ok)
|inactive|lavenderlad02 also wants the timer to be on.
|
|t:|1666286945
|start
|switch|p1a: Groudon|Groudon|100/100
|switch|p2a: Rayquaza|Rayquaza, shiny|100/100
|-ability|p2a: Rayquaza|Air Lock
|detailschange|p1a: Groudon|Groudon-Primal
|-primal|p1a: Groudon
|-weather|DesolateLand|[from] ability: Desolate Land|[of] p1a: Groudon
|turn|1
|
|t:|1666286953
|detailschange|p2a: Rayquaza|Rayquaza-Mega, shiny
|-mega|p2a: Rayquaza|Rayquaza|
|-weather|DeltaStream|[from] ability: Delta Stream|[of] p2a: Rayquaza
|move|p2a: Rayquaza|Earthquake|p1a: Groudon
|-supereffective|p1a: Groudon
|-damage|p1a: Groudon|44/100
|move|p1a: Groudon|Toxic|p2a: Rayquaza
|-status|p2a: Rayquaza|tox
|
|-weather|DeltaStream|[upkeep]
|-damage|p2a: Rayquaza|94/100 tox|[from] psn
|upkeep
|turn|2
|
|t:|1666286961
|switch|p1a: Necrozma|Necrozma-Dusk-Mane|100/100
|move|p2a: Rayquaza|Earthquake|p1a: Necrozma
|-supereffective|p1a: Necrozma
|-damage|p1a: Necrozma|59/100
|
|-weather|DeltaStream|[upkeep]
|-damage|p2a: Rayquaza|82/100 tox|[from] psn
|upkeep
|turn|3
|
|t:|1666286966
|move|p2a: Rayquaza|Dragon Dance|p2a: Rayquaza
|-boost|p2a: Rayquaza|atk|1
|-boost|p2a: Rayquaza|spe|1
|move|p1a: Necrozma|Moonlight|p1a: Necrozma
|-heal|p1a: Necrozma|100/100
|
|-weather|DeltaStream|[upkeep]
|-damage|p2a: Rayquaza|63/100 tox|[from] psn
|upkeep
|turn|4
|
|t:|1666286973
|switch|p1a: Groudon|Groudon-Primal|44/100
|-weather|DesolateLand|[from] ability: Desolate Land|[of] p1a: Groudon
|move|p2a: Rayquaza|Earthquake|p1a: Groudon
|-supereffective|p1a: Groudon
|-damage|p1a: Groudon|0 fnt
|faint|p1a: Groudon
|-weather|none
|
|-damage|p2a: Rayquaza|38/100 tox|[from] psn
|upkeep
|
|t:|1666286974
|switch|p1a: Ditto|Ditto|100/100
|-transform|p1a: Ditto|p2a: Rayquaza|[from] ability: Imposter
|-weather|DeltaStream|[from] ability: Delta Stream|[of] p1a: Ditto
|turn|5
|
|t:|1666286978
|move|p2a: Rayquaza|Extreme Speed|p1a: Ditto
|-damage|p1a: Ditto|33/100
|move|p1a: Ditto|Dragon Ascent|p2a: Rayquaza
|-damage|p2a: Rayquaza|0 fnt
|-unboost|p1a: Ditto|def|1
|-unboost|p1a: Ditto|spd|1
|faint|p2a: Rayquaza
|
|-weather|DeltaStream|[upkeep]
|upkeep
|
|t:|1666286988
|switch|p2a: 6-0 Joe|Yveltal|100/100
|-ability|p2a: 6-0 Joe|Dark Aura
|turn|6
|
|t:|1666286993
|-weather|none
|switch|p1a: Arceus|Arceus-Dark|100/100
|-start|p2a: 6-0 Joe|Dynamax|
|-heal|p2a: 6-0 Joe|100/100|[silent]
|move|p2a: 6-0 Joe|Max Airstream|p1a: Arceus
|-damage|p1a: Arceus|68/100
|-boost|p2a: 6-0 Joe|spe|1
|
|upkeep
|turn|7
|
|t:|1666287002
|move|p2a: 6-0 Joe|Max Ooze|p1a: Arceus
|-damage|p1a: Arceus|48/100
|-boost|p2a: 6-0 Joe|spa|1
|move|p1a: Arceus|Recover|p1a: Arceus
|-heal|p1a: Arceus|98/100
|
|upkeep
|turn|8
|
|t:|1666287008
|move|p2a: 6-0 Joe|Max Airstream|p1a: Arceus
|-damage|p1a: Arceus|48/100
|-boost|p2a: 6-0 Joe|spe|1
|move|p1a: Arceus|Will-O-Wisp|p2a: 6-0 Joe
|-status|p2a: 6-0 Joe|brn
|
|-damage|p2a: 6-0 Joe|97/100 brn|[from] brn
|upkeep
|-end|p2a: 6-0 Joe|Dynamax
|-heal|p2a: 6-0 Joe|97/100 brn|[silent]
|turn|9
|
|t:|1666287017
|move|p2a: 6-0 Joe|Dark Pulse|p1a: Arceus
|-resisted|p1a: Arceus
|-damage|p1a: Arceus|26/100
|move|p1a: Arceus|Recover|p1a: Arceus
|-heal|p1a: Arceus|76/100
|
|-damage|p2a: 6-0 Joe|91/100 brn|[from] brn
|upkeep
|turn|10
|
|t:|1666287024
|move|p2a: 6-0 Joe|Oblivion Wing|p1a: Arceus
|-damage|p1a: Arceus|47/100
|-heal|p2a: 6-0 Joe|100/100 brn|[from] drain|[of] p1a: Arceus
|move|p1a: Arceus|Recover|p1a: Arceus
|-heal|p1a: Arceus|97/100
|
|-damage|p2a: 6-0 Joe|94/100 brn|[from] brn
|upkeep
|turn|11
|
|t:|1666287037
|move|p2a: 6-0 Joe|Dark Pulse|p1a: Arceus
|-resisted|p1a: Arceus
|-damage|p1a: Arceus|77/100
|move|p1a: Arceus|Judgment|p2a: 6-0 Joe
|-resisted|p2a: 6-0 Joe
|-damage|p2a: 6-0 Joe|75/100 brn
|
|-damage|p2a: 6-0 Joe|69/100 brn|[from] brn
|upkeep
|turn|12
|
|t:|1666287044
|move|p2a: 6-0 Joe|Dark Pulse|p1a: Arceus
|-resisted|p1a: Arceus
|-damage|p1a: Arceus|58/100
|move|p1a: Arceus|Judgment|p2a: 6-0 Joe
|-resisted|p2a: 6-0 Joe
|-damage|p2a: 6-0 Joe|52/100 brn
|
|-damage|p2a: 6-0 Joe|46/100 brn|[from] brn
|upkeep
|turn|13
|
|t:|1666287049
|move|p2a: 6-0 Joe|Dark Pulse|p1a: Arceus
|-resisted|p1a: Arceus
|-damage|p1a: Arceus|39/100
|move|p1a: Arceus|Recover|p1a: Arceus
|-heal|p1a: Arceus|89/100
|
|-damage|p2a: 6-0 Joe|39/100 brn|[from] brn
|upkeep
|turn|14
|
|t:|1666287055
|move|p2a: 6-0 Joe|Oblivion Wing|p1a: Arceus
|-damage|p1a: Arceus|57/100
|-heal|p2a: 6-0 Joe|67/100 brn|[from] drain|[of] p1a: Arceus
|move|p1a: Arceus|Judgment|p2a: 6-0 Joe
|-resisted|p2a: 6-0 Joe
|-crit|p2a: 6-0 Joe
|-damage|p2a: 6-0 Joe|36/100 brn
|
|-damage|p2a: 6-0 Joe|30/100 brn|[from] brn
|upkeep
|turn|15
|
|t:|1666287061
|move|p2a: 6-0 Joe|Oblivion Wing|p1a: Arceus
|-damage|p1a: Arceus|25/100
|-heal|p2a: 6-0 Joe|57/100 brn|[from] drain|[of] p1a: Arceus
|move|p1a: Arceus|Recover|p1a: Arceus
|-heal|p1a: Arceus|75/100
|
|-damage|p2a: 6-0 Joe|51/100 brn|[from] brn
|upkeep
|turn|16
|
|t:|1666287067
|move|p2a: 6-0 Joe|Oblivion Wing|p1a: Arceus
|-damage|p1a: Arceus|44/100
|-heal|p2a: 6-0 Joe|77/100 brn|[from] drain|[of] p1a: Arceus
|move|p1a: Arceus|Judgment|p2a: 6-0 Joe
|-resisted|p2a: 6-0 Joe
|-damage|p2a: 6-0 Joe|57/100 brn
|
|-damage|p2a: 6-0 Joe|51/100 brn|[from] brn
|upkeep
|turn|17
|
|t:|1666287076
|move|p2a: 6-0 Joe|Dark Pulse|p1a: Arceus
|-resisted|p1a: Arceus
|-damage|p1a: Arceus|22/100
|cant|p1a: Arceus|flinch
|
|-damage|p2a: 6-0 Joe|45/100 brn|[from] brn
|upkeep
|turn|18
|
|t:|1666287081
|move|p2a: 6-0 Joe|Oblivion Wing|p1a: Arceus
|-damage|p1a: Arceus|0 fnt
|-heal|p2a: 6-0 Joe|63/100 brn|[from] drain|[of] p1a: Arceus
|faint|p1a: Arceus
|
|-damage|p2a: 6-0 Joe|57/100 brn|[from] brn
|upkeep
|
|t:|1666287083
|switch|p1a: Ditto|Ditto|33/100
|-transform|p1a: Ditto|p2a: 6-0 Joe|[from] ability: Imposter
|-ability|p1a: Ditto|Dark Aura
|turn|19
|
|t:|1666287091
|move|p1a: Ditto|Oblivion Wing|p2a: 6-0 Joe
|-damage|p2a: 6-0 Joe|21/100 brn
|-heal|p1a: Ditto|69/100|[from] drain|[of] p2a: 6-0 Joe
|move|p2a: 6-0 Joe|Oblivion Wing|p1a: Ditto
|-damage|p1a: Ditto|0 fnt
|-heal|p2a: 6-0 Joe|60/100 brn|[from] drain|[of] p1a: Ditto
|faint|p1a: Ditto
|
|-damage|p2a: 6-0 Joe|54/100 brn|[from] brn
|upkeep
|
|t:|1666287117
|switch|p1a: Yveltal|Yveltal|100/100
|-ability|p1a: Yveltal|Dark Aura
|turn|20
|
|t:|1666287121
|-start|p1a: Yveltal|Dynamax|
|-heal|p1a: Yveltal|100/100|[silent]
|move|p2a: 6-0 Joe|Oblivion Wing|p1a: Yveltal
|-damage|p1a: Yveltal|75/100
|-heal|p2a: 6-0 Joe|93/100 brn|[from] drain|[of] p1a: Yveltal
|move|p1a: Yveltal|Max Airstream|p2a: 6-0 Joe
|-damage|p2a: 6-0 Joe|37/100 brn
|-boost|p1a: Yveltal|spe|1
|-damage|p1a: Yveltal|70/100|[from] item: Life Orb
|
|-damage|p2a: 6-0 Joe|31/100 brn|[from] brn
|upkeep
|turn|21
|
|t:|1666287132
|move|p2a: 6-0 Joe|Oblivion Wing|p1a: Yveltal
|-damage|p1a: Yveltal|41/100
|-heal|p2a: 6-0 Joe|77/100 brn|[from] drain|[of] p1a: Yveltal
|move|p1a: Yveltal|Max Airstream|p2a: 6-0 Joe
|-damage|p2a: 6-0 Joe|25/100 brn
|-boost|p1a: Yveltal|spe|1
|-damage|p1a: Yveltal|36/100|[from] item: Life Orb
|
|-damage|p2a: 6-0 Joe|19/100 brn|[from] brn
|upkeep
|turn|22
|
|t:|1666287140
|move|p2a: 6-0 Joe|Oblivion Wing|p1a: Yveltal
|-damage|p1a: Yveltal|8/100
|-heal|p2a: 6-0 Joe|63/100 brn|[from] drain|[of] p1a: Yveltal
|move|p1a: Yveltal|Max Airstream|p2a: 6-0 Joe
|-damage|p2a: 6-0 Joe|8/100 brn
|-boost|p1a: Yveltal|spe|1
|-damage|p1a: Yveltal|3/100|[from] item: Life Orb
|
|-damage|p2a: 6-0 Joe|2/100 brn|[from] brn
|upkeep
|-end|p1a: Yveltal|Dynamax
|-heal|p1a: Yveltal|3/100|[silent]
|turn|23
|
|t:|1666287148
|move|p1a: Yveltal|Roost|p1a: Yveltal
|-heal|p1a: Yveltal|53/100
|-singleturn|p1a: Yveltal|move: Roost
|move|p2a: 6-0 Joe|Oblivion Wing|p1a: Yveltal
|-damage|p1a: Yveltal|0 fnt
|-heal|p2a: 6-0 Joe|43/100 brn|[from] drain|[of] p1a: Yveltal
|faint|p1a: Yveltal
|
|-damage|p2a: 6-0 Joe|37/100 brn|[from] brn
|upkeep
|c|☆lavenderlad02|bro wtf
|c|☆lavenderlad02|are you metronome or something
|-message|lavenderlad02 forfeited.
|
|win|NatDex ok
|raw|lavenderlad02's rating: 1777 &rarr; <strong>1762</strong><br />(-15 for losing)
|raw|NatDex ok's rating: 1867 &rarr; <strong>1882</strong><br />(+15 for winning)
|c|☆NatDex ok|Assault Vest
|l|☆lavenderlad02
