|j|☆Chemist90
|j|‽Shawch1
|t:|1650910083
|gametype|singles
|player|p1|Chemist90|lucas|1285
|player|p2|Shawch1|cynthia|1292
|teamsize|p1|6
|teamsize|p2|6
|gen|8
|tier|[Gen 8] National Dex AG
|rated|
|rule|HP Percentage Mod: HP is shown in percentages
|rule|Endless Battle Clause: Forcing endless battles is banned
|clearpoke
|poke|p1|Vivillon-Pokeball, M|
|poke|p1|Quagsire, M|
|poke|p1|Kangaskhan, F|
|poke|p1|Marshadow|
|poke|p1|Comfey, F|
|poke|p1|Shuckle, F|
|poke|p2|Groudon|
|poke|p2|Kyogre|
|poke|p2|Mewtwo|
|poke|p2|Blissey, F|
|poke|p2|Necrozma-Dusk-Mane|
|poke|p2|Calyrex-Shadow|
|teampreview
|inactive|Battle timer is ON: inactive players will automatically lose when time's up. (requested by Shawch1)
|inactive|Shawch1 has 120 seconds left.
|
|t:|1650910120
|start
|switch|p1a: Shuckle|Shuckle, F|100/100
|switch|p2a: Groudon|Groudon|100/100
|detailschange|p2a: Groudon|Groudon-Primal
|-primal|p2a: Groudon
|-weather|DesolateLand|[from] ability: Desolate Land|[of] p2a: Groudon
|turn|1
|
|t:|1650910130
|move|p2a: Groudon|Rock Polish|p2a: Groudon
|-boost|p2a: Groudon|spe|2
|move|p1a: Shuckle|Sticky Web|p2a: Groudon
|-sidestart|p2: Shawch1|move: Sticky Web
|
|-weather|DesolateLand|[upkeep]
|upkeep
|turn|2
|
|t:|1650910135
|move|p2a: Groudon|Swords Dance|p2a: Groudon
|-boost|p2a: Groudon|atk|2
|move|p1a: Shuckle|Stealth Rock|p2a: Groudon
|-sidestart|p2: Shawch1|move: Stealth Rock
|
|-weather|DesolateLand|[upkeep]
|upkeep
|turn|3
|
|t:|1650910142
|move|p2a: Groudon|Swords Dance|p2a: Groudon
|-boost|p2a: Groudon|atk|2
|move|p1a: Shuckle|Final Gambit|p2a: Groudon
|-damage|p2a: Groudon|29/100
|faint|p1a: Shuckle
|
|-weather|DesolateLand|[upkeep]
|upkeep
|
|t:|1650910150
|switch|p1a: Marksahdou|Marshadow|100/100
|turn|4
|
|t:|1650910154
|move|p2a: Groudon|Heat Crash|p1a: Marksahdou
|-enditem|p1a: Marksahdou|Focus Sash
|-damage|p1a: Marksahdou|1/100
|move|p1a: Marksahdou|Spectral Thief||[still]
|-clearpositiveboost|p2a: Groudon|p1a: Marksahdou|move: Spectral Thief
|-boost|p1a: Marksahdou|atk|4
|-boost|p1a: Marksahdou|spe|2
|-anim|p1a: Marksahdou|Spectral Thief|p2a: Groudon
|-damage|p2a: Groudon|0 fnt
|faint|p2a: Groudon
|-weather|none
|
|upkeep
|
|t:|1650910167
|switch|p2a: Calyrex|Calyrex-Shadow|100/100
|-ability|p2a: Calyrex|As One
|-ability|p2a: Calyrex|Unnerve
|-activate|p2a: Calyrex|move: Sticky Web
|-unboost|p2a: Calyrex|spe|1
|-damage|p2a: Calyrex|88/100|[from] Stealth Rock
|turn|5
|
|t:|1650910177
|-start|p2a: Calyrex|Dynamax|
|-heal|p2a: Calyrex|88/100|[silent]
|move|p1a: Marksahdou|Shadow Sneak|p2a: Calyrex
|-supereffective|p2a: Calyrex
|-damage|p2a: Calyrex|0 fnt
|faint|p2a: Calyrex
|
|upkeep
|-message|Shawch1 forfeited.
|
|win|Chemist90
|raw|Chemist90's rating: 1285 &rarr; <strong>1311</strong><br />(+26 for winning)
|raw|Shawch1's rating: 1292 &rarr; <strong>1266</strong><br />(-26 for losing)
|l|‽Shawch1
||Ladder isn't responding, score probably updated but might not have (Request timeout).
