|j|☆Batman Magic
|j|☆chippytreatz
|t:|1668594393
|gametype|singles
|player|p1|Batman Magic|morgan|1769
|player|p2|chippytreatz|veteran|1861
|teamsize|p1|6
|teamsize|p2|6
|gen|8
|tier|[Gen 8] National Dex AG
|rated|
|rule|HP Percentage Mod: HP is shown in percentages
|rule|Endless Battle Clause: Forcing endless battles is banned
|clearpoke
|poke|p1|Gengar, F|
|poke|p1|Arceus-*|
|poke|p1|Arceus-*|
|poke|p1|Groudon|
|poke|p1|Arceus-*|
|poke|p1|Kyogre|
|poke|p2|Zacian-*|
|poke|p2|Arceus-*|
|poke|p2|Arceus-*|
|poke|p2|Yveltal|
|poke|p2|Ditto|
|poke|p2|Necrozma-Dusk-Mane|
|teampreview
|inactive|Battle timer is ON: inactive players will automatically lose when time's up. (requested by chippytreatz)
|inactive|Batman Magic also wants the timer to be on.
|
|t:|1668594427
|start
|switch|p1a: Kyogre|Kyogre|100/100
|switch|p2a: Arceus|Arceus-Ground|100/100
|-weather|RainDance|[from] ability: Drizzle|[of] p1a: Kyogre
|turn|1
|
|t:|1668594451
|move|p1a: Kyogre|Water Spout|p2a: Arceus
|-supereffective|p2a: Arceus
|-damage|p2a: Arceus|0 fnt
|faint|p2a: Arceus
|
|-weather|RainDance|[upkeep]
|upkeep
|
|t:|1668594454
|switch|p2a: Necrozma|Necrozma-Dusk-Mane|100/100
|turn|2
|
|t:|1668594458
|switch|p1a: Groudon|Groudon, shiny|100/100
|detailschange|p1a: Groudon|Groudon-Primal, shiny
|-primal|p1a: Groudon
|-weather|DesolateLand|[from] ability: Desolate Land|[of] p1a: Groudon
|detailschange|p2a: Necrozma|Necrozma-Ultra
|-burst|p2a: Necrozma|Necrozma|Ultranecrozium Z
|move|p2a: Necrozma|Dragon Dance|p2a: Necrozma
|-boost|p2a: Necrozma|atk|1
|-boost|p2a: Necrozma|spe|1
|
|-weather|DesolateLand|[upkeep]
|upkeep
|turn|3
|
|t:|1668594477
|move|p2a: Necrozma|Earthquake|p1a: Groudon
|-supereffective|p1a: Groudon
|-damage|p1a: Groudon|16/100
|move|p1a: Groudon|Thunder Wave|p2a: Necrozma
|-status|p2a: Necrozma|par
|
|-weather|DesolateLand|[upkeep]
|upkeep
|turn|4
|
|t:|1668594483
|move|p2a: Necrozma|Earthquake|p1a: Groudon
|-supereffective|p1a: Groudon
|-damage|p1a: Groudon|0 fnt
|faint|p1a: Groudon
|-weather|none
|
|upkeep
|
|t:|1668594491
|switch|p1a: Arceus|Arceus-Dark|100/100
|turn|5
|
|t:|1668594499
|move|p2a: Necrozma|Earthquake|p1a: Arceus
|-damage|p1a: Arceus|59/100
|move|p1a: Arceus|Judgment|p2a: Necrozma
|-supereffective|p2a: Necrozma
|-damage|p2a: Necrozma|4/100 par
|
|upkeep
|turn|6
|
|t:|1668594505
|cant|p2a: Necrozma|par
|move|p1a: Arceus|Recover|p1a: Arceus
|-heal|p1a: Arceus|100/100
|
|upkeep
|turn|7
|
|t:|1668594525
|move|p2a: Necrozma|Earthquake|p1a: Arceus
|-damage|p1a: Arceus|57/100
|move|p1a: Arceus|Judgment|p2a: Necrozma
|-supereffective|p2a: Necrozma
|-damage|p2a: Necrozma|0 fnt
|faint|p2a: Necrozma
|
|upkeep
|
|t:|1668594530
|switch|p2a: Zacian|Zacian-Crowned|100/100
|-ability|p2a: Zacian|Intrepid Sword|boost
|-boost|p2a: Zacian|atk|1
|turn|8
|
|t:|1668594558
|switch|p1a: Arceus|Arceus-Ground|100/100
|move|p2a: Zacian|Behemoth Blade|p1a: Arceus
|-damage|p1a: Arceus|53/100
|
|upkeep
|turn|9
|
|t:|1668594581
|switch|p2a: Yveltal|Yveltal|100/100
|-ability|p2a: Yveltal|Dark Aura
|move|p1a: Arceus|Thunder Wave|p2a: Yveltal
|-status|p2a: Yveltal|par
|
|upkeep
|turn|10
|
|t:|1668594588
|switch|p1a: Arceus|Arceus-Dark|57/100
|move|p2a: Yveltal|Dark Pulse|p1a: Arceus
|-resisted|p1a: Arceus
|-crit|p1a: Arceus
|-damage|p1a: Arceus|37/100
|
|upkeep
|turn|11
|
|t:|1668594610
|switch|p2a: Zacian|Zacian-Crowned|100/100
|-ability|p2a: Zacian|Intrepid Sword|boost
|-boost|p2a: Zacian|atk|1
|move|p1a: Arceus|Recover|p1a: Arceus
|-heal|p1a: Arceus|87/100
|
|upkeep
|turn|12
|
|t:|1668594622
|switch|p1a: Arceus|Arceus-Ground|53/100
|move|p2a: Zacian|Close Combat|p1a: Arceus
|-damage|p1a: Arceus|15/100
|-unboost|p2a: Zacian|def|1
|-unboost|p2a: Zacian|spd|1
|
|upkeep
|turn|13
|
|t:|1668594634
|move|p2a: Zacian|Behemoth Blade|p1a: Arceus
|-damage|p1a: Arceus|0 fnt
|faint|p1a: Arceus
|
|upkeep
|
|t:|1668594637
|switch|p1a: Kyogre|Kyogre|100/100
|-weather|RainDance|[from] ability: Drizzle|[of] p1a: Kyogre
|turn|14
|
|t:|1668594641
|switch|p2a: Yveltal|Yveltal|100/100 par
|-ability|p2a: Yveltal|Dark Aura
|move|p1a: Kyogre|Water Spout|p2a: Yveltal
|-damage|p2a: Yveltal|0 fnt
|faint|p2a: Yveltal
|
|-weather|RainDance|[upkeep]
|upkeep
|
|t:|1668594644
|switch|p2a: Arceus|Arceus|100/100
|turn|15
|
|t:|1668594660
|switch|p1a: Gengar|Gengar, F, shiny|100/100
|move|p2a: Arceus|Extreme Speed|p1a: Gengar
|-immune|p1a: Gengar
|
|-weather|RainDance|[upkeep]
|upkeep
|turn|16
|
|t:|1668594671
|switch|p2a: Zacian|Zacian-Crowned|100/100
|-ability|p2a: Zacian|Intrepid Sword|boost
|-boost|p2a: Zacian|atk|1
|detailschange|p1a: Gengar|Gengar-Mega, F, shiny
|-mega|p1a: Gengar|Gengar|Gengarite
|move|p1a: Gengar|Encore||[still]
|-fail|p1a: Gengar
|
|-weather|RainDance|[upkeep]
|upkeep
|turn|17
|
|t:|1668594686
|switch|p1a: Arceus|Arceus-Dark|87/100
|move|p2a: Zacian|Behemoth Blade|p1a: Arceus
|-damage|p1a: Arceus|21/100
|
|-weather|RainDance|[upkeep]
|upkeep
|turn|18
|
|t:|1668594691
|move|p2a: Zacian|Behemoth Blade|p1a: Arceus
|-damage|p1a: Arceus|0 fnt
|faint|p1a: Arceus
|
|-weather|none
|upkeep
|
|t:|1668594695
|switch|p1a: Kyogre|Kyogre|100/100
|-weather|RainDance|[from] ability: Drizzle|[of] p1a: Kyogre
|turn|19
|
|t:|1668594699
|switch|p2a: Ditto|Ditto|100/100
|-transform|p2a: Ditto|p1a: Kyogre|[from] ability: Imposter
|move|p1a: Kyogre|Water Spout|p2a: Ditto
|-resisted|p2a: Ditto
|-damage|p2a: Ditto|46/100
|
|-weather|RainDance|[upkeep]
|upkeep
|turn|20
|
|t:|1668594701
|move|p2a: Ditto|Thunder|p1a: Kyogre
|-supereffective|p1a: Kyogre
|-damage|p1a: Kyogre|38/100
|-status|p1a: Kyogre|par
|move|p1a: Kyogre|Water Spout|p2a: Ditto
|-resisted|p2a: Ditto
|-damage|p2a: Ditto|24/100
|
|-weather|RainDance|[upkeep]
|upkeep
|turn|21
|
|t:|1668594706
|move|p2a: Ditto|Thunder|p1a: Kyogre
|-supereffective|p1a: Kyogre
|-damage|p1a: Kyogre|0 fnt
|faint|p1a: Kyogre
|
|-weather|RainDance|[upkeep]
|upkeep
|
|t:|1668594711
|switch|p1a: Gengar|Gengar-Mega, F, shiny|100/100
|turn|22
|
|t:|1668594715
|move|p2a: Ditto|Thunder|p1a: Gengar
|-damage|p1a: Gengar|45/100
|-status|p1a: Gengar|par
|move|p1a: Gengar|Shadow Ball|p2a: Ditto
|-damage|p2a: Ditto|0 fnt
|faint|p2a: Ditto
|
|-weather|RainDance|[upkeep]
|upkeep
|
|t:|1668594722
|switch|p2a: Arceus|Arceus|100/100
|turn|23
|
|t:|1668594726
|move|p2a: Arceus|Shadow Claw|p1a: Gengar
|-supereffective|p1a: Gengar
|-damage|p1a: Gengar|0 fnt
|faint|p1a: Gengar
|
|-weather|none
|upkeep
|
|t:|1668594728
|switch|p1a: Arceus|Arceus-Flying|100/100
|turn|24
|
|t:|1668594731
|-start|p1a: Arceus|Dynamax|
|-heal|p1a: Arceus|100/100|[silent]
|-start|p2a: Arceus|Dynamax|
|-heal|p2a: Arceus|100/100|[silent]
|move|p1a: Arceus|Max Airstream|p2a: Arceus
|-damage|p2a: Arceus|71/100
|-boost|p1a: Arceus|spe|1
|move|p2a: Arceus|Max Strike|p1a: Arceus
|-damage|p1a: Arceus|75/100
|-unboost|p1a: Arceus|spe|1
|
|upkeep
|turn|25
|
|t:|1668594739
|move|p1a: Arceus|Max Airstream|p2a: Arceus
|-damage|p2a: Arceus|41/100
|-boost|p1a: Arceus|spe|1
|move|p2a: Arceus|Max Strike|p1a: Arceus
|-damage|p1a: Arceus|49/100
|-unboost|p1a: Arceus|spe|1
|
|upkeep
|turn|26
|
|t:|1668594742
|move|p1a: Arceus|Max Airstream|p2a: Arceus
|-damage|p2a: Arceus|9/100
|-boost|p1a: Arceus|spe|1
|move|p2a: Arceus|Max Strike|p1a: Arceus
|-damage|p1a: Arceus|23/100
|-unboost|p1a: Arceus|spe|1
|
|upkeep
|-end|p1a: Arceus|Dynamax
|-heal|p1a: Arceus|24/100|[silent]
|-end|p2a: Arceus|Dynamax
|-heal|p2a: Arceus|9/100|[silent]
|turn|27
|
|t:|1668594749
|move|p2a: Arceus|Extreme Speed|p1a: Arceus
|-damage|p1a: Arceus|0 fnt
|faint|p1a: Arceus
|
|win|chippytreatz
|raw|Batman Magic's rating: 1769 &rarr; <strong>1754</strong><br />(-15 for losing)
|raw|chippytreatz's rating: 1861 &rarr; <strong>1876</strong><br />(+15 for winning)
|l|☆Batman Magic
||Ladder isn't responding, score probably updated but might not have (Request timeout).
