|j|☆Diancie_hhh
|j|☆Ch go go
|t:|1666279094
|gametype|singles
|player|p1|Diancie_hhh|marnie|1737
|player|p2|Ch go go|caitlin|1656
|teamsize|p1|6
|teamsize|p2|6
|gen|8
|tier|[Gen 8] National Dex AG
|rated|
|rule|HP Percentage Mod: HP is shown in percentages
|rule|Endless Battle Clause: Forcing endless battles is banned
|clearpoke
|poke|p1|Arceus-*|
|poke|p1|Zacian-*|
|poke|p1|Groudon|
|poke|p1|Ho-Oh|
|poke|p1|Zygarde|
|poke|p1|Weavile, F|
|poke|p2|Zacian-*|
|poke|p2|Rayquaza|
|poke|p2|Arceus-*|
|poke|p2|Calyrex-Shadow|
|poke|p2|Yveltal|
|poke|p2|Kyogre|
|teampreview
|inactive|Battle timer is ON: inactive players will automatically lose when time's up. (requested by Ch go go)
|
|t:|1666279105
|start
|switch|p1a: Arceus|Arceus, shiny|100/100
|switch|p2a: Rayquaza|Rayquaza|100/100
|-ability|p2a: Rayquaza|Air Lock
|turn|1
|
|t:|1666279120
|switch|p2a: Arceus|Arceus|100/100
|move|p1a: Arceus|Swords Dance|p1a: Arceus
|-boost|p1a: Arceus|atk|2
|
|upkeep
|turn|2
|
|t:|1666279124
|-start|p1a: Arceus|Dynamax|
|-heal|p1a: Arceus|100/100|[silent]
|move|p1a: Arceus|Max Strike|p2a: Arceus
|-damage|p2a: Arceus|0 fnt
|faint|p2a: Arceus
|-damage|p1a: Arceus|96/100|[from] item: Life Orb
|
|upkeep
|
|t:|1666279135
|switch|p2a: Rayquaza|Rayquaza|100/100
|-ability|p2a: Rayquaza|Air Lock
|turn|3
|
|t:|1666279138
|switch|p2a: Calyrex|Calyrex-Shadow|100/100
|-ability|p2a: Calyrex|As One
|-ability|p2a: Calyrex|Unnerve
|move|p1a: Arceus|Max Strike|p2a: Calyrex
|-immune|p2a: Calyrex
|
|upkeep
|turn|4
|
|t:|1666279144
|switch|p2a: Yveltal|Yveltal|100/100
|-ability|p2a: Yveltal|Dark Aura
|move|p1a: Arceus|Max Overgrowth|p2a: Yveltal
|-resisted|p2a: Yveltal
|-damage|p2a: Yveltal|50/100
|-fieldstart|move: Grassy Terrain
|-damage|p1a: Arceus|91/100|[from] item: Life Orb
|
|-heal|p1a: Arceus|94/100|[from] Grassy Terrain
|upkeep
|-end|p1a: Arceus|Dynamax
|-heal|p1a: Arceus|94/100|[silent]
|turn|5
|
|t:|1666279153
|switch|p2a: Zacian|Zacian-Crowned|100/100
|-ability|p2a: Zacian|Intrepid Sword|boost
|-boost|p2a: Zacian|atk|1
|move|p1a: Arceus|Extreme Speed|p2a: Zacian
|-resisted|p2a: Zacian
|-damage|p2a: Zacian|44/100
|-damage|p1a: Arceus|84/100|[from] item: Life Orb
|
|-heal|p2a: Zacian|50/100|[from] Grassy Terrain
|-heal|p1a: Arceus|90/100|[from] Grassy Terrain
|upkeep
|turn|6
|
|t:|1666279160
|switch|p2a: Calyrex|Calyrex-Shadow|100/100
|-ability|p2a: Calyrex|As One
|-ability|p2a: Calyrex|Unnerve
|move|p1a: Arceus|Extreme Speed|p2a: Calyrex
|-immune|p2a: Calyrex
|
|-heal|p1a: Arceus|96/100|[from] Grassy Terrain
|upkeep
|turn|7
|
|t:|1666279169
|move|p2a: Calyrex|Haze|p2a: Calyrex
|-clearallboost
|move|p1a: Arceus|Bullet Seed|p2a: Calyrex
|-damage|p2a: Calyrex|83/100
|-damage|p2a: Calyrex|63/100
|-damage|p2a: Calyrex|43/100
|-damage|p2a: Calyrex|22/100
|-crit|p2a: Calyrex
|-damage|p2a: Calyrex|0 fnt
|faint|p2a: Calyrex
|-hitcount|p2: Calyrex|5
|-damage|p1a: Arceus|86/100|[from] item: Life Orb
|
|-heal|p1a: Arceus|93/100|[from] Grassy Terrain
|upkeep
|
|t:|1666279181
|switch|p2a: Zacian|Zacian-Crowned|50/100
|-ability|p2a: Zacian|Intrepid Sword|boost
|-boost|p2a: Zacian|atk|1
|turn|8
|
|t:|1666279188
|switch|p1a: Ho-Oh|Ho-Oh|100/100
|move|p2a: Zacian|Behemoth Blade|p1a: Ho-Oh
|-resisted|p1a: Ho-Oh
|-damage|p1a: Ho-Oh|60/100
|
|-heal|p2a: Zacian|57/100|[from] Grassy Terrain
|-fieldend|move: Grassy Terrain
|upkeep
|turn|9
|
|t:|1666279194
|switch|p1a: 大地之神|Groudon, shiny|100/100
|detailschange|p1a: 大地之神|Groudon-Primal, shiny
|-primal|p1a: 大地之神
|-weather|DesolateLand|[from] ability: Desolate Land|[of] p1a: 大地之神
|move|p2a: Zacian|Wild Charge|p1a: 大地之神
|-immune|p1a: 大地之神
|
|-weather|DesolateLand|[upkeep]
|upkeep
|turn|10
|j| JustinRuggs
|
|t:|1666279203
|switch|p2a: Yveltal|Yveltal|50/100
|-ability|p2a: Yveltal|Dark Aura
|move|p1a: 大地之神|Stealth Rock|p2a: Yveltal
|-sidestart|p2: Ch go go|move: Stealth Rock
|
|-weather|DesolateLand|[upkeep]
|upkeep
|turn|11
|
|t:|1666279208
|-weather|none
|switch|p1a: Arceus|Arceus, shiny|93/100
|move|p2a: Yveltal|Knock Off|p1a: Arceus
|-damage|p1a: Arceus|44/100
|-enditem|p1a: Arceus|Life Orb|[from] move: Knock Off|[of] p2a: Yveltal
|
|upkeep
|turn|12
|
|t:|1666279218
|move|p1a: Arceus|Extreme Speed|p2a: Yveltal
|-damage|p2a: Yveltal|16/100
|move|p2a: Yveltal|Roost|p2a: Yveltal
|-heal|p2a: Yveltal|66/100
|-singleturn|p2a: Yveltal|move: Roost
|
|upkeep
|turn|13
|
|t:|1666279223
|move|p1a: Arceus|Recover|p1a: Arceus
|-heal|p1a: Arceus|94/100
|move|p2a: Yveltal|Defog|p1a: Arceus
|-unboost|p1a: Arceus|evasion|1
|-sideend|p2: Ch go go|Stealth Rock|[from] move: Defog|[of] p2a: Yveltal
|
|upkeep
|turn|14
|
|t:|1666279229
|move|p1a: Arceus|Swords Dance|p1a: Arceus
|-boost|p1a: Arceus|atk|2
|move|p2a: Yveltal|Knock Off|p1a: Arceus
|-damage|p1a: Arceus|61/100
|
|upkeep
|turn|15
|
|t:|1666279234
|move|p2a: Yveltal|Sucker Punch||[still]
|-fail|p2a: Yveltal
|move|p1a: Arceus|Recover|p1a: Arceus
|-heal|p1a: Arceus|100/100
|
|upkeep
|turn|16
|
|t:|1666279237
|move|p1a: Arceus|Swords Dance|p1a: Arceus
|-boost|p1a: Arceus|atk|2
|move|p2a: Yveltal|Knock Off|p1a: Arceus
|-damage|p1a: Arceus|68/100
|
|upkeep
|turn|17
|
|t:|1666279246
|-start|p2a: Yveltal|Dynamax|
|-heal|p2a: Yveltal|66/100|[silent]
|move|p1a: Arceus|Recover|p1a: Arceus
|-heal|p1a: Arceus|100/100
|move|p2a: Yveltal|Max Darkness|p1a: Arceus
|-damage|p1a: Arceus|44/100
|-unboost|p1a: Arceus|spd|1
|
|upkeep
|turn|18
|
|t:|1666279256
|move|p1a: Arceus|Extreme Speed|p2a: Yveltal
|-damage|p2a: Yveltal|18/100
|move|p2a: Yveltal|Max Darkness|p1a: Arceus
|-damage|p1a: Arceus|0 fnt
|faint|p1a: Arceus
|
|upkeep
|
|t:|1666279266
|switch|p1a: Zacian|Zacian-Crowned|100/100
|-ability|p1a: Zacian|Intrepid Sword|boost
|-boost|p1a: Zacian|atk|1
|turn|19
|
|t:|1666279272
|move|p2a: Yveltal|Max Guard|p2a: Yveltal
|-singleturn|p2a: Yveltal|Max Guard
|move|p1a: Zacian|Behemoth Blade|p2a: Yveltal
|-activate|p2a: Yveltal|move: Max Guard
|
|upkeep
|-end|p2a: Yveltal|Dynamax
|-heal|p2a: Yveltal|19/100|[silent]
|turn|20
|
|t:|1666279278
|move|p2a: Yveltal|Sucker Punch|p1a: Zacian
|-resisted|p1a: Zacian
|-damage|p1a: Zacian|77/100
|move|p1a: Zacian|Behemoth Blade|p2a: Yveltal
|-damage|p2a: Yveltal|0 fnt
|faint|p2a: Yveltal
|
|upkeep
|
|t:|1666279285
|switch|p2a: Zacian|Zacian-Crowned|57/100
|-ability|p2a: Zacian|Intrepid Sword|boost
|-boost|p2a: Zacian|atk|1
|turn|21
|
|t:|1666279288
|move|p2a: Zacian|Behemoth Blade|p1a: Zacian
|-damage|p1a: Zacian|0 fnt
|faint|p1a: Zacian
|
|upkeep
|
|t:|1666279298
|switch|p1a: 大地之神|Groudon-Primal, shiny|100/100
|-weather|DesolateLand|[from] ability: Desolate Land|[of] p1a: 大地之神
|turn|22
|
|t:|1666279301
|move|p2a: Zacian|Crunch|p1a: 大地之神
|-damage|p1a: 大地之神|68/100
|-unboost|p1a: 大地之神|def|1
|move|p1a: 大地之神|Fire Punch|p2a: Zacian
|-supereffective|p2a: Zacian
|-damage|p2a: Zacian|0 fnt
|faint|p2a: Zacian
|
|-weather|DesolateLand|[upkeep]
|upkeep
|
|t:|1666279315
|switch|p2a: Kyogre|Kyogre|100/100
|detailschange|p2a: Kyogre|Kyogre-Primal
|-primal|p2a: Kyogre
|-weather|PrimordialSea|[from] ability: Primordial Sea|[of] p2a: Kyogre
|turn|23
|
|t:|1666279330
|switch|p1a: Ho-Oh|Ho-Oh|93/100
|move|p2a: Kyogre|Origin Pulse|p1a: Ho-Oh
|-supereffective|p1a: Ho-Oh
|-damage|p1a: Ho-Oh|0 fnt
|faint|p1a: Ho-Oh
|
|-weather|PrimordialSea|[upkeep]
|upkeep
|
|t:|1666279340
|switch|p1a: 大地之神|Groudon-Primal, shiny|68/100
|-weather|DesolateLand|[from] ability: Desolate Land|[of] p1a: 大地之神
|turn|24
|
|t:|1666279346
|switch|p2a: Rayquaza|Rayquaza|100/100
|-ability|p2a: Rayquaza|Air Lock
|move|p1a: 大地之神|Fire Punch|p2a: Rayquaza
|-resisted|p2a: Rayquaza
|-damage|p2a: Rayquaza|73/100
|
|-weather|DesolateLand|[upkeep]
|upkeep
|turn|25
|
|t:|1666279358
|detailschange|p2a: Rayquaza|Rayquaza-Mega
|-mega|p2a: Rayquaza|Rayquaza|
|-weather|DeltaStream|[from] ability: Delta Stream|[of] p2a: Rayquaza
|move|p2a: Rayquaza|Earthquake|p1a: 大地之神
|-supereffective|p1a: 大地之神
|-damage|p1a: 大地之神|14/100
|move|p1a: 大地之神|Roar|p2a: Rayquaza
|-weather|none
|drag|p2a: Kyogre|Kyogre-Primal|100/100
|-weather|PrimordialSea|[from] ability: Primordial Sea|[of] p2a: Kyogre
|
|-weather|PrimordialSea|[upkeep]
|upkeep
|turn|26
|
|t:|1666279366
|move|p2a: Kyogre|Origin Pulse|p1a: 大地之神
|-supereffective|p1a: 大地之神
|-damage|p1a: 大地之神|0 fnt
|faint|p1a: 大地之神
|
|-weather|PrimordialSea|[upkeep]
|upkeep
|
|t:|1666279380
|switch|p1a: Zygarde|Zygarde, shiny|100/100
|turn|27
|
|t:|1666279383
|move|p2a: Kyogre|Ice Beam|p1a: Zygarde
|-supereffective|p1a: Zygarde
|-damage|p1a: Zygarde|0 fnt
|faint|p1a: Zygarde
|
|-weather|PrimordialSea|[upkeep]
|upkeep
|
|t:|1666279388
|switch|p1a: Weavile|Weavile, F, shiny|100/100
|-ability|p1a: Weavile|Pressure
|turn|28
|
|t:|1666279392
|move|p1a: Weavile|Triple Axel|p2a: Kyogre
|-resisted|p2a: Kyogre
|-damage|p2a: Kyogre|94/100
|-resisted|p2a: Kyogre
|-damage|p2a: Kyogre|82/100
|-resisted|p2a: Kyogre
|-damage|p2a: Kyogre|66/100
|-hitcount|p2a: Kyogre|3
|move|p2a: Kyogre|Origin Pulse|p1a: Weavile
|-damage|p1a: Weavile|0 fnt
|faint|p1a: Weavile
|
|win|Ch go go
|raw|Diancie_hhh's rating: 1737 &rarr; <strong>1712</strong><br />(-25 for losing)
|raw|Ch go go's rating: 1656 &rarr; <strong>1681</strong><br />(+25 for winning)
|l|☆Ch go go
