|j|☆KinglerCookie
|j|☆showdownplayer#1
|t:|1665001224
|gametype|singles
|player|p1|KinglerCookie|n|1639
|player|p2|showdownplayer#1|lucian|1634
|teamsize|p1|6
|teamsize|p2|6
|gen|8
|tier|[Gen 8] National Dex AG
|rated|
|rule|HP Percentage Mod: HP is shown in percentages
|rule|Endless Battle Clause: Forcing endless battles is banned
|clearpoke
|poke|p1|Excadrill, M|
|poke|p1|Kyogre|
|poke|p1|Marshadow|
|poke|p1|Yveltal|
|poke|p1|Regieleki|
|poke|p1|Rayquaza|
|poke|p2|Deoxys-Attack|
|poke|p2|Necrozma-Dusk-Mane|
|poke|p2|Yveltal|
|poke|p2|Arceus-*|
|poke|p2|Calyrex-Shadow|
|poke|p2|Kyogre|
|teampreview
|inactive|Battle timer is ON: inactive players will automatically lose when time's up. (requested by KinglerCookie)
|
|t:|1665001235
|start
|switch|p1a: Excadrill|Excadrill, M|100/100
|switch|p2a: Deoxys|Deoxys-Attack|100/100
|-ability|p2a: Deoxys|Pressure
|-ability|p1a: Excadrill|Mold Breaker
|turn|1
|
|t:|1665001241
|move|p2a: Deoxys|Knock Off|p1a: Excadrill
|-damage|p1a: Excadrill|35/100
|-enditem|p1a: Excadrill|Focus Sash|[from] move: Knock Off|[of] p2a: Deoxys
|move|p1a: Excadrill|Rapid Spin|p2a: Deoxys
|-damage|p2a: Deoxys|5/100
|-boost|p1a: Excadrill|spe|1
|
|upkeep
|turn|2
|
|t:|1665001248
|move|p2a: Deoxys|Extreme Speed|p1a: Excadrill
|-resisted|p1a: Excadrill
|-damage|p1a: Excadrill|8/100
|move|p1a: Excadrill|Rapid Spin|p2a: Deoxys
|-damage|p2a: Deoxys|0 fnt
|-boost|p1a: Excadrill|spe|1
|faint|p2a: Deoxys
|
|upkeep
|
|t:|1665001266
|switch|p2a: Yveltal|Yveltal|100/100
|-ability|p2a: Yveltal|Dark Aura
|turn|3
|
|t:|1665001269
|move|p1a: Excadrill|Stealth Rock|p2a: Yveltal
|-sidestart|p2: showdownplayer#1|move: Stealth Rock
|move|p2a: Yveltal|Dark Pulse|p1a: Excadrill
|-damage|p1a: Excadrill|0 fnt
|faint|p1a: Excadrill
|-damage|p2a: Yveltal|91/100|[from] item: Life Orb
|
|upkeep
|
|t:|1665001273
|switch|p1a: Regieleki|Regieleki|100/100
|turn|4
|
|t:|1665001275
|move|p2a: Yveltal|Sucker Punch|p1a: Regieleki
|-damage|p1a: Regieleki|0 fnt
|faint|p1a: Regieleki
|-damage|p2a: Yveltal|81/100|[from] item: Life Orb
|
|upkeep
|
|t:|1665001278
|switch|p1a: Rayquaza|Rayquaza|100/100
|-ability|p1a: Rayquaza|Air Lock
|turn|5
|
|t:|1665001290
|detailschange|p1a: Rayquaza|Rayquaza-Mega
|-mega|p1a: Rayquaza|Rayquaza|
|-weather|DeltaStream|[from] ability: Delta Stream|[of] p1a: Rayquaza
|move|p1a: Rayquaza|Dragon Dance|p1a: Rayquaza
|-boost|p1a: Rayquaza|atk|1
|-boost|p1a: Rayquaza|spe|1
|move|p2a: Yveltal|Dark Pulse|p1a: Rayquaza
|-damage|p1a: Rayquaza|19/100
|-damage|p2a: Yveltal|71/100|[from] item: Life Orb
|
|-weather|DeltaStream|[upkeep]
|upkeep
|turn|6
|
|t:|1665001296
|move|p1a: Rayquaza|Extreme Speed|p2a: Yveltal
|-damage|p2a: Yveltal|0 fnt
|faint|p2a: Yveltal
|-damage|p1a: Rayquaza|9/100|[from] item: Life Orb
|
|-weather|DeltaStream|[upkeep]
|upkeep
|
|t:|1665001304
|switch|p2a: Necrozma|Necrozma-Dusk-Mane|100/100
|-damage|p2a: Necrozma|95/100|[from] Stealth Rock
|turn|7
|
|t:|1665001313
|detailschange|p2a: Necrozma|Necrozma-Ultra
|-burst|p2a: Necrozma|Necrozma|Ultranecrozium Z
|move|p1a: Rayquaza|Earthquake|p2a: Necrozma
|-damage|p2a: Necrozma|0 fnt
|faint|p2a: Necrozma
|-damage|p1a: Rayquaza|0 fnt|[from] item: Life Orb
|faint|p1a: Rayquaza
|-weather|none
|
|upkeep
|
|t:|1665001319
|switch|p2a: Arceus|Arceus-Ground|100/100
|switch|p1a: Yveltal|Yveltal|100/100
|-damage|p2a: Arceus|94/100|[from] Stealth Rock
|-ability|p1a: Yveltal|Dark Aura
|turn|8
|
|t:|1665001333
|-start|p2a: Arceus|Dynamax|
|-heal|p2a: Arceus|94/100|[silent]
|-start|p1a: Yveltal|Dynamax|
|-heal|p1a: Yveltal|100/100|[silent]
|move|p2a: Arceus|Max Rockfall|p1a: Yveltal
|-supereffective|p1a: Yveltal
|-damage|p1a: Yveltal|57/100
|-weather|Sandstorm
|move|p1a: Yveltal|Max Darkness|p2a: Arceus
|-damage|p2a: Arceus|42/100
|-unboost|p2a: Arceus|spd|1
|-damage|p1a: Yveltal|52/100|[from] item: Life Orb
|
|-weather|Sandstorm|[upkeep]
|-damage|p1a: Yveltal|49/100|[from] Sandstorm
|upkeep
|turn|9
|
|t:|1665001338
|move|p2a: Arceus|Max Rockfall|p1a: Yveltal
|-supereffective|p1a: Yveltal
|-damage|p1a: Yveltal|2/100
|move|p1a: Yveltal|Max Airstream|p2a: Arceus
|-damage|p2a: Arceus|0 fnt
|-boost|p1a: Yveltal|spe|1
|faint|p2a: Arceus
|-damage|p1a: Yveltal|0 fnt|[from] item: Life Orb
|faint|p1a: Yveltal
|
|-weather|Sandstorm|[upkeep]
|upkeep
|
|t:|1665001347
|switch|p2a: Calyrex|Calyrex-Shadow|100/100
|switch|p1a: Kyogre|Kyogre|100/100
|-ability|p2a: Calyrex|As One
|-ability|p2a: Calyrex|Unnerve
|-weather|RainDance|[from] ability: Drizzle|[of] p1a: Kyogre
|-damage|p2a: Calyrex|88/100|[from] Stealth Rock
|turn|10
|
|t:|1665001352
|move|p1a: Kyogre|Water Spout|p2a: Calyrex
|-damage|p2a: Calyrex|0 fnt
|faint|p2a: Calyrex
|
|-weather|RainDance|[upkeep]
|upkeep
|
|t:|1665001354
|switch|p2a: Kyogre|Kyogre|100/100
|-damage|p2a: Kyogre|88/100|[from] Stealth Rock
|turn|11
|
|t:|1665001356
|move|p1a: Kyogre|Water Spout|p2a: Kyogre
|-resisted|p2a: Kyogre
|-damage|p2a: Kyogre|39/100
|move|p2a: Kyogre|Calm Mind|p2a: Kyogre
|-boost|p2a: Kyogre|spa|1
|-boost|p2a: Kyogre|spd|1
|
|-weather|RainDance|[upkeep]
|upkeep
|turn|12
|
|t:|1665001359
|move|p1a: Kyogre|Water Spout|p2a: Kyogre
|-resisted|p2a: Kyogre
|-damage|p2a: Kyogre|7/100
|move|p2a: Kyogre|Hidden Power|p1a: Kyogre
|-damage|p1a: Kyogre|69/100
|-damage|p2a: Kyogre|0 fnt|[from] item: Life Orb
|faint|p2a: Kyogre
|
|win|KinglerCookie
|raw|KinglerCookie's rating: 1639 &rarr; <strong>1659</strong><br />(+20 for winning)
|raw|showdownplayer#1's rating: 1634 &rarr; <strong>1614</strong><br />(-20 for losing)
