|j|☆Rudolphohno
|j|‽Flynn Watson ^~^
|t:|1646117254
|gametype|singles
|player|p1|Rudolphohno|pokekid|1593
|player|p2|Flynn Watson ^~^|darach|1671
|teamsize|p1|6
|teamsize|p2|6
|gen|8
|tier|[Gen 8] National Dex AG
|rated|
|rule|HP Percentage Mod: HP is shown in percentages
|rule|Endless Battle Clause: Forcing endless battles is banned
|clearpoke
|poke|p1|Necrozma-Dusk-Mane|
|poke|p1|Groudon|
|poke|p1|Giratina|
|poke|p1|Lugia|
|poke|p1|Blissey, F|
|poke|p1|Lucario, M|
|poke|p2|Sableye, M|
|poke|p2|Chansey, F|
|poke|p2|Tyranitar, M|
|poke|p2|Lugia|
|poke|p2|Giratina|
|poke|p2|Quagsire, M|
|teampreview
|inactive|Battle timer is ON: inactive players will automatically lose when time's up. (requested by Rudolphohno)
|inactive|Flynn Watson ^~^ also wants the timer to be on.
|
|t:|1646117259
|start
|switch|p1a: Groudon|Groudon|100/100
|switch|p2a: Sableye|Sableye, M|100/100
|detailschange|p1a: Groudon|Groudon-Primal
|-primal|p1a: Groudon
|-weather|DesolateLand|[from] ability: Desolate Land|[of] p1a: Groudon
|turn|1
|
|t:|1646117263
|detailschange|p2a: Sableye|Sableye-Mega, M
|-mega|p2a: Sableye|Sableye|Sablenite
|move|p2a: Sableye|Protect|p2a: Sableye
|-singleturn|p2a: Sableye|Protect
|move|p1a: Groudon|Fire Punch|p2a: Sableye
|-activate|p2a: Sableye|move: Protect
|
|-weather|DesolateLand|[upkeep]
|upkeep
|turn|2
|
|t:|1646117268
|switch|p2a: Giratina|Giratina|100/100
|-ability|p2a: Giratina|Pressure
|move|p1a: Groudon|Fire Punch|p2a: Giratina
|-resisted|p2a: Giratina
|-damage|p2a: Giratina|87/100
|
|-weather|DesolateLand|[upkeep]
|-heal|p2a: Giratina|93/100|[from] item: Leftovers
|upkeep
|turn|3
|
|t:|1646117271
|move|p1a: Groudon|Thunder Wave|p2a: Giratina|[miss]
|-miss|p1a: Groudon|p2a: Giratina
|move|p2a: Giratina|Toxic|p1a: Groudon|[miss]
|-miss|p2a: Giratina|p1a: Groudon
|
|-weather|DesolateLand|[upkeep]
|-heal|p2a: Giratina|99/100|[from] item: Leftovers
|upkeep
|turn|4
|
|t:|1646117275
|move|p1a: Groudon|Fire Punch|p2a: Giratina
|-resisted|p2a: Giratina
|-damage|p2a: Giratina|84/100
|move|p2a: Giratina|Toxic|p1a: Groudon
|-status|p1a: Groudon|tox
|
|-weather|DesolateLand|[upkeep]
|-heal|p2a: Giratina|90/100|[from] item: Leftovers
|-damage|p1a: Groudon|94/100 tox|[from] psn
|upkeep
|turn|5
|
|t:|1646117279
|switch|p2a: Sableye|Sableye-Mega, M|100/100
|move|p1a: Groudon|Roar|p2a: Sableye
|move|p2a: Sableye|Roar|p1a: Groudon|[from]ability: Magic Bounce
|-weather|none
|drag|p1a: Giratina|Giratina|100/100
|-ability|p1a: Giratina|Pressure
|
|upkeep
|turn|6
|
|t:|1646117283
|move|p1a: Giratina|Substitute|p1a: Giratina
|-start|p1a: Giratina|Substitute
|-damage|p1a: Giratina|75/100
|move|p2a: Sableye|Foul Play|p1a: Giratina
|-supereffective|p1a: Giratina
|-activate|p1a: Giratina|move: Substitute|[damage]
|
|-heal|p1a: Giratina|82/100|[from] item: Leftovers
|upkeep
|turn|7
|
|t:|1646117290
|move|p1a: Giratina|Hex|p2a: Sableye
|-damage|p2a: Sableye|78/100
|move|p2a: Sableye|Foul Play|p1a: Giratina
|-supereffective|p1a: Giratina
|-end|p1a: Giratina|Substitute
|
|-heal|p1a: Giratina|88/100|[from] item: Leftovers
|upkeep
|turn|8
|
|t:|1646117307
|move|p1a: Giratina|Substitute|p1a: Giratina
|-start|p1a: Giratina|Substitute
|-damage|p1a: Giratina|63/100
|move|p2a: Sableye|Will-O-Wisp||[still]
|-fail|p2a: Sableye
|
|-heal|p1a: Giratina|69/100|[from] item: Leftovers
|upkeep
|turn|9
|
|t:|1646117311
|move|p1a: Giratina|Hex|p2a: Sableye
|-damage|p2a: Sableye|54/100
|move|p2a: Sableye|Recover|p2a: Sableye
|-heal|p2a: Sableye|100/100
|
|-heal|p1a: Giratina|75/100|[from] item: Leftovers
|upkeep
|turn|10
|
|t:|1646117318
|move|p2a: Sableye|Protect|p2a: Sableye
|-singleturn|p2a: Sableye|Protect
|move|p1a: Giratina|Hex|p2a: Sableye
|-activate|p2a: Sableye|move: Protect
|
|-heal|p1a: Giratina|81/100|[from] item: Leftovers
|upkeep
|turn|11
|
|t:|1646117324
|switch|p2a: Tyranitar|Tyranitar, M|100/100
|-weather|Sandstorm|[from] ability: Sand Stream|[of] p2a: Tyranitar
|move|p1a: Giratina|Hex|p2a: Tyranitar
|-resisted|p2a: Tyranitar
|-damage|p2a: Tyranitar|96/100
|
|-weather|Sandstorm|[upkeep]
|-damage|p1a: Giratina|75/100|[from] Sandstorm
|-heal|p1a: Giratina|81/100|[from] item: Leftovers
|-heal|p2a: Tyranitar|100/100|[from] item: Leftovers
|upkeep
|turn|12
|
|t:|1646117328
|switch|p2a: Sableye|Sableye-Mega, M|100/100
|move|p1a: Giratina|Will-O-Wisp|p2a: Sableye
|move|p2a: Sableye|Will-O-Wisp||[from]ability: Magic Bounce|[still]
|-fail|p2a: Sableye
|
|-weather|Sandstorm|[upkeep]
|-damage|p1a: Giratina|75/100|[from] Sandstorm
|-damage|p2a: Sableye|95/100|[from] Sandstorm
|-heal|p1a: Giratina|81/100|[from] item: Leftovers
|upkeep
|turn|13
|
|t:|1646117335
|move|p2a: Sableye|Protect|p2a: Sableye
|-singleturn|p2a: Sableye|Protect
|move|p1a: Giratina|Hex|p2a: Sableye
|-activate|p2a: Sableye|move: Protect
|
|-weather|Sandstorm|[upkeep]
|-damage|p1a: Giratina|75/100|[from] Sandstorm
|-damage|p2a: Sableye|89/100|[from] Sandstorm
|-heal|p1a: Giratina|81/100|[from] item: Leftovers
|upkeep
|turn|14
|
|t:|1646117339
|move|p1a: Giratina|Hex|p2a: Sableye
|-crit|p2a: Sableye
|-damage|p2a: Sableye|54/100
|move|p2a: Sableye|Foul Play|p1a: Giratina
|-supereffective|p1a: Giratina
|-activate|p1a: Giratina|move: Substitute|[damage]
|
|-weather|Sandstorm|[upkeep]
|-damage|p1a: Giratina|75/100|[from] Sandstorm
|-damage|p2a: Sableye|48/100|[from] Sandstorm
|-heal|p1a: Giratina|81/100|[from] item: Leftovers
|upkeep
|turn|15
|
|t:|1646117345
|move|p1a: Giratina|Hex|p2a: Sableye
|-damage|p2a: Sableye|24/100
|move|p2a: Sableye|Recover|p2a: Sableye
|-heal|p2a: Sableye|74/100
|
|-weather|none
|-heal|p1a: Giratina|87/100|[from] item: Leftovers
|upkeep
|turn|16
|
|t:|1646117350
|move|p1a: Giratina|Hex|p2a: Sableye
|-damage|p2a: Sableye|53/100
|move|p2a: Sableye|Recover|p2a: Sableye
|-heal|p2a: Sableye|100/100
|
|-heal|p1a: Giratina|94/100|[from] item: Leftovers
|upkeep
|turn|17
|
|t:|1646117356
|switch|p2a: Tyranitar|Tyranitar, M|100/100
|-weather|Sandstorm|[from] ability: Sand Stream|[of] p2a: Tyranitar
|move|p1a: Giratina|Hex|p2a: Tyranitar
|-resisted|p2a: Tyranitar
|-damage|p2a: Tyranitar|96/100
|
|-weather|Sandstorm|[upkeep]
|-damage|p1a: Giratina|87/100|[from] Sandstorm
|-heal|p1a: Giratina|94/100|[from] item: Leftovers
|-heal|p2a: Tyranitar|100/100|[from] item: Leftovers
|upkeep
|turn|18
|
|t:|1646117359
|switch|p2a: Sableye|Sableye-Mega, M|100/100
|move|p1a: Giratina|Hex|p2a: Sableye
|-damage|p2a: Sableye|78/100
|
|-weather|Sandstorm|[upkeep]
|-damage|p1a: Giratina|87/100|[from] Sandstorm
|-damage|p2a: Sableye|72/100|[from] Sandstorm
|-heal|p1a: Giratina|94/100|[from] item: Leftovers
|upkeep
|turn|19
|
|t:|1646117365
|move|p1a: Giratina|Hex|p2a: Sableye
|-crit|p2a: Sableye
|-damage|p2a: Sableye|37/100
|move|p2a: Sableye|Recover|p2a: Sableye
|-heal|p2a: Sableye|87/100
|
|-weather|Sandstorm|[upkeep]
|-damage|p1a: Giratina|87/100|[from] Sandstorm
|-damage|p2a: Sableye|81/100|[from] Sandstorm
|-heal|p1a: Giratina|94/100|[from] item: Leftovers
|upkeep
|turn|20
|
|t:|1646117375
|move|p2a: Sableye|Recover|p2a: Sableye
|-heal|p2a: Sableye|100/100
|move|p1a: Giratina|Roar|p2a: Sableye
|move|p2a: Sableye|Roar|p1a: Giratina|[from]ability: Magic Bounce
|drag|p1a: Blissey|Blissey, F|100/100
|
|-weather|Sandstorm|[upkeep]
|-damage|p1a: Blissey|94/100|[from] Sandstorm
|-damage|p2a: Sableye|95/100|[from] Sandstorm
|-heal|p1a: Blissey|100/100|[from] item: Leftovers
|upkeep
|turn|21
|
|t:|1646117387
|switch|p1a: Groudon|Groudon-Primal|94/100 tox
|-weather|DesolateLand|[from] ability: Desolate Land|[of] p1a: Groudon
|switch|p2a: Tyranitar|Tyranitar, M|100/100
|-ability|p2a: Tyranitar|Sand Stream|[from] desolateland|[fail]
|
|-weather|DesolateLand|[upkeep]
|-damage|p1a: Groudon|88/100 tox|[from] psn
|upkeep
|turn|22
|
|t:|1646117395
|switch|p2a: Giratina|Giratina|90/100
|-ability|p2a: Giratina|Pressure
|move|p1a: Groudon|Fire Punch|p2a: Giratina
|-resisted|p2a: Giratina
|-damage|p2a: Giratina|76/100
|
|-weather|DesolateLand|[upkeep]
|-heal|p2a: Giratina|82/100|[from] item: Leftovers
|-damage|p1a: Groudon|76/100 tox|[from] psn
|upkeep
|turn|23
|
|t:|1646117400
|switch|p2a: Sableye|Sableye-Mega, M|95/100
|move|p1a: Groudon|Stealth Rock|p2a: Sableye
|move|p2a: Sableye|Stealth Rock|p1a: Groudon|[from]ability: Magic Bounce
|-sidestart|p1: Rudolphohno|move: Stealth Rock
|
|-weather|DesolateLand|[upkeep]
|-damage|p1a: Groudon|57/100 tox|[from] psn
|upkeep
|turn|24
|
|t:|1646117404
|move|p2a: Sableye|Protect|p2a: Sableye
|-singleturn|p2a: Sableye|Protect
|move|p1a: Groudon|Stealth Rock|p2a: Sableye
|move|p2a: Sableye|Stealth Rock||[from]ability: Magic Bounce|[still]
|-fail|p2a: Sableye
|
|-weather|DesolateLand|[upkeep]
|-damage|p1a: Groudon|32/100 tox|[from] psn
|upkeep
|turn|25
|
|t:|1646117410
|move|p1a: Groudon|Stealth Rock|p2a: Sableye
|move|p2a: Sableye|Stealth Rock||[from]ability: Magic Bounce|[still]
|-fail|p2a: Sableye
|move|p2a: Sableye|Recover|p2a: Sableye
|-heal|p2a: Sableye|100/100
|
|-weather|DesolateLand|[upkeep]
|-damage|p1a: Groudon|1/100 tox|[from] psn
|upkeep
|turn|26
|
|t:|1646117413
|move|p2a: Sableye|Protect|p2a: Sableye
|-singleturn|p2a: Sableye|Protect
|move|p1a: Groudon|Stealth Rock|p2a: Sableye
|move|p2a: Sableye|Stealth Rock||[from]ability: Magic Bounce|[still]
|-fail|p2a: Sableye
|
|-weather|DesolateLand|[upkeep]
|-damage|p1a: Groudon|0 fnt|[from] psn
|faint|p1a: Groudon
|-weather|none
|upkeep
|
|t:|1646117423
|switch|p1a: Necrozma|Necrozma-Dusk-Mane|100/100
|-damage|p1a: Necrozma|95/100|[from] Stealth Rock
|turn|27
|
|t:|1646117427
|move|p1a: Necrozma|Dragon Dance|p1a: Necrozma
|-boost|p1a: Necrozma|atk|1
|-boost|p1a: Necrozma|spe|1
|move|p2a: Sableye|Will-O-Wisp|p1a: Necrozma
|-status|p1a: Necrozma|brn
|
|-damage|p1a: Necrozma|89/100 brn|[from] brn
|upkeep
|turn|28
|
|t:|1646117432
|switch|p2a: Quagsire|Quagsire, M|100/100
|detailschange|p1a: Necrozma|Necrozma-Ultra
|-burst|p1a: Necrozma|Necrozma|Ultranecrozium Z
|move|p1a: Necrozma|Sunsteel Strike|p2a: Quagsire
|-resisted|p2a: Quagsire
|-damage|p2a: Quagsire|89/100
|-damage|p1a: Necrozma|72/100 brn|[from] item: Rocky Helmet|[of] p2a: Quagsire
|
|-damage|p1a: Necrozma|66/100 brn|[from] brn
|upkeep
|turn|29
|
|t:|1646117438
|move|p1a: Necrozma|Dragon Dance|p1a: Necrozma
|-boost|p1a: Necrozma|atk|1
|-boost|p1a: Necrozma|spe|1
|move|p2a: Quagsire|Recover|p2a: Quagsire
|-heal|p2a: Quagsire|100/100
|
|-damage|p1a: Necrozma|60/100 brn|[from] brn
|upkeep
|turn|30
|
|t:|1646117443
|switch|p2a: Tyranitar|Tyranitar, M|100/100
|-weather|Sandstorm|[from] ability: Sand Stream|[of] p2a: Tyranitar
|-zpower|p1a: Necrozma
|move|p1a: Necrozma|Light That Burns the Sky|p2a: Tyranitar|[zeffect]
|-immune|p2a: Tyranitar
|
|-weather|Sandstorm|[upkeep]
|-damage|p1a: Necrozma|54/100 brn|[from] Sandstorm
|-damage|p1a: Necrozma|48/100 brn|[from] brn
|upkeep
|turn|31
|
|t:|1646117452
|switch|p2a: Quagsire|Quagsire, M|100/100
|move|p1a: Necrozma|Sunsteel Strike|p2a: Quagsire
|-resisted|p2a: Quagsire
|-damage|p2a: Quagsire|84/100
|-damage|p1a: Necrozma|32/100 brn|[from] item: Rocky Helmet|[of] p2a: Quagsire
|
|-weather|Sandstorm|[upkeep]
|-damage|p1a: Necrozma|26/100 brn|[from] Sandstorm
|-damage|p1a: Necrozma|20/100 brn|[from] brn
|upkeep
|turn|32
|
|t:|1646117459
|move|p1a: Necrozma|Photon Geyser|p2a: Quagsire
|-damage|p2a: Quagsire|38/100
|move|p2a: Quagsire|Recover|p2a: Quagsire
|-heal|p2a: Quagsire|88/100
|
|-weather|Sandstorm|[upkeep]
|-damage|p1a: Necrozma|14/100 brn|[from] Sandstorm
|-damage|p1a: Necrozma|8/100 brn|[from] brn
|upkeep
|turn|33
|
|t:|1646117462
|move|p1a: Necrozma|Photon Geyser|p2a: Quagsire
|-damage|p2a: Quagsire|38/100
|move|p2a: Quagsire|Recover|p2a: Quagsire
|-heal|p2a: Quagsire|88/100
|
|-weather|Sandstorm|[upkeep]
|-damage|p1a: Necrozma|2/100 brn|[from] Sandstorm
|-damage|p1a: Necrozma|0 fnt|[from] brn
|faint|p1a: Necrozma
|upkeep
|
|t:|1646117467
|switch|p1a: Lucario|Lucario, M|100/100
|-damage|p1a: Lucario|98/100|[from] Stealth Rock
|turn|34
|
|t:|1646117490
|detailschange|p1a: Lucario|Lucario-Mega, M
|-mega|p1a: Lucario|Lucario|Lucarionite
|move|p1a: Lucario|Swords Dance|p1a: Lucario
|-boost|p1a: Lucario|atk|2
|move|p2a: Quagsire|Curse|p2a: Quagsire
|-unboost|p2a: Quagsire|spe|1
|-boost|p2a: Quagsire|atk|1
|-boost|p2a: Quagsire|def|1
|
|-weather|none
|upkeep
|turn|35
|
|t:|1646117496
|move|p1a: Lucario|Close Combat|p2a: Quagsire
|-damage|p2a: Quagsire|45/100
|-unboost|p1a: Lucario|def|1
|-unboost|p1a: Lucario|spd|1
|-damage|p1a: Lucario|81/100|[from] item: Rocky Helmet|[of] p2a: Quagsire
|move|p2a: Quagsire|Recover|p2a: Quagsire
|-heal|p2a: Quagsire|95/100
|
|upkeep
|turn|36
|
|t:|1646117500
|move|p1a: Lucario|Close Combat|p2a: Quagsire
|-damage|p2a: Quagsire|52/100
|-unboost|p1a: Lucario|def|1
|-unboost|p1a: Lucario|spd|1
|-damage|p1a: Lucario|65/100|[from] item: Rocky Helmet|[of] p2a: Quagsire
|move|p2a: Quagsire|Curse|p2a: Quagsire
|-unboost|p2a: Quagsire|spe|1
|-boost|p2a: Quagsire|atk|1
|-boost|p2a: Quagsire|def|1
|
|upkeep
|turn|37
|
|t:|1646117508
|move|p1a: Lucario|Close Combat|p2a: Quagsire
|-damage|p2a: Quagsire|22/100
|-unboost|p1a: Lucario|def|1
|-unboost|p1a: Lucario|spd|1
|-damage|p1a: Lucario|49/100|[from] item: Rocky Helmet|[of] p2a: Quagsire
|move|p2a: Quagsire|Recover|p2a: Quagsire
|-heal|p2a: Quagsire|72/100
|
|upkeep
|turn|38
|
|t:|1646117512
|switch|p1a: Giratina|Giratina|94/100
|-damage|p1a: Giratina|81/100|[from] Stealth Rock
|-ability|p1a: Giratina|Pressure
|move|p2a: Quagsire|Recover|p2a: Quagsire
|-heal|p2a: Quagsire|100/100
|
|-heal|p1a: Giratina|87/100|[from] item: Leftovers
|upkeep
|turn|39
|
|t:|1646117522
|switch|p2a: Giratina|Giratina|82/100
|-ability|p2a: Giratina|Pressure
|move|p1a: Giratina|Substitute|p1a: Giratina
|-start|p1a: Giratina|Substitute
|-damage|p1a: Giratina|62/100
|
|-heal|p1a: Giratina|68/100|[from] item: Leftovers
|-heal|p2a: Giratina|88/100|[from] item: Leftovers
|upkeep
|turn|40
|
|t:|1646117526
|move|p1a: Giratina|Will-O-Wisp|p2a: Giratina
|-status|p2a: Giratina|brn
|move|p2a: Giratina|Toxic||[still]
|-fail|p2a: Giratina
|
|-heal|p1a: Giratina|75/100|[from] item: Leftovers
|-heal|p2a: Giratina|94/100 brn|[from] item: Leftovers
|-damage|p2a: Giratina|88/100 brn|[from] brn
|upkeep
|turn|41
|
|t:|1646117533
|switch|p2a: Chansey|Chansey, F|100/100
|move|p1a: Giratina|Will-O-Wisp|p2a: Chansey
|-status|p2a: Chansey|brn
|
|-heal|p1a: Giratina|81/100|[from] item: Leftovers
|-damage|p2a: Chansey|94/100 brn|[from] brn
|upkeep
|turn|42
|
|t:|1646117538
|move|p2a: Chansey|Heal Bell|p2a: Chansey
|-activate|p2a: Chansey|move: Heal Bell
|-curestatus|p2a: Chansey|brn|[msg]
|-curestatus|p2: Giratina|brn|[msg]
|move|p1a: Giratina|Roar|p2a: Chansey
|drag|p2a: Sableye|Sableye-Mega, M|100/100
|
|-heal|p1a: Giratina|87/100|[from] item: Leftovers
|upkeep
|turn|43
|
|t:|1646117545
|switch|p2a: Chansey|Chansey, F|94/100
|move|p1a: Giratina|Substitute|p1a: Giratina
|-fail|p1a: Giratina|move: Substitute
|
|-heal|p1a: Giratina|93/100|[from] item: Leftovers
|upkeep
|turn|44
|
|t:|1646117549
|move|p1a: Giratina|Substitute|p1a: Giratina
|-fail|p1a: Giratina|move: Substitute
|move|p2a: Chansey|Confide|p1a: Giratina
|-unboost|p1a: Giratina|spa|1
|
|-heal|p1a: Giratina|99/100|[from] item: Leftovers
|upkeep
|turn|45
|
|t:|1646117554
|switch|p2a: Giratina|Giratina|88/100
|-ability|p2a: Giratina|Pressure
|move|p1a: Giratina|Substitute|p1a: Giratina
|-fail|p1a: Giratina|move: Substitute
|
|-heal|p1a: Giratina|100/100|[from] item: Leftovers
|-heal|p2a: Giratina|94/100|[from] item: Leftovers
|upkeep
|turn|46
|
|t:|1646117560
|switch|p2a: Chansey|Chansey, F|94/100
|move|p1a: Giratina|Will-O-Wisp|p2a: Chansey
|-status|p2a: Chansey|brn
|
|-damage|p2a: Chansey|88/100 brn|[from] brn
|upkeep
|turn|47
|
|t:|1646117563
|-curestatus|p2a: Chansey|brn|[from] ability: Natural Cure
|switch|p2a: Giratina|Giratina|94/100
|-ability|p2a: Giratina|Pressure
|move|p1a: Giratina|Roar|p2a: Giratina
|drag|p2a: Lugia|Lugia|100/100
|
|upkeep
|turn|48
|
|t:|1646117570
|switch|p2a: Giratina|Giratina|94/100
|-ability|p2a: Giratina|Pressure
|move|p1a: Giratina|Will-O-Wisp|p2a: Giratina
|-status|p2a: Giratina|brn
|
|-heal|p2a: Giratina|100/100 brn|[from] item: Leftovers
|-damage|p2a: Giratina|94/100 brn|[from] brn
|upkeep
|turn|49
|
|t:|1646117573
|switch|p2a: Chansey|Chansey, F|88/100
|move|p1a: Giratina|Hex|p2a: Chansey
|-immune|p2a: Chansey
|
|upkeep
|turn|50
|
|t:|1646117582
|move|p2a: Chansey|Soft-Boiled|p2a: Chansey
|-heal|p2a: Chansey|100/100
|move|p1a: Giratina|Roar|p2a: Chansey
|drag|p2a: Sableye|Sableye-Mega, M|100/100
|
|upkeep
|turn|51
|
|t:|1646117587
|move|p2a: Sableye|Protect|p2a: Sableye
|-singleturn|p2a: Sableye|Protect
|move|p1a: Giratina|Substitute|p1a: Giratina
|-fail|p1a: Giratina|move: Substitute
|
|upkeep
|turn|52
|
|t:|1646117590
|switch|p2a: Tyranitar|Tyranitar, M|100/100
|-weather|Sandstorm|[from] ability: Sand Stream|[of] p2a: Tyranitar
|move|p1a: Giratina|Will-O-Wisp|p2a: Tyranitar|[miss]
|-miss|p1a: Giratina|p2a: Tyranitar
|
|-weather|Sandstorm|[upkeep]
|-damage|p1a: Giratina|94/100|[from] Sandstorm
|-heal|p1a: Giratina|100/100|[from] item: Leftovers
|upkeep
|turn|53
|
|t:|1646117600
|switch|p2a: Giratina|Giratina|94/100 brn
|-ability|p2a: Giratina|Pressure
|move|p1a: Giratina|Will-O-Wisp|p2a: Giratina
|-fail|p2a: Giratina|brn
|
|-weather|Sandstorm|[upkeep]
|-damage|p1a: Giratina|94/100|[from] Sandstorm
|-damage|p2a: Giratina|88/100 brn|[from] Sandstorm
|-heal|p1a: Giratina|100/100|[from] item: Leftovers
|-heal|p2a: Giratina|94/100 brn|[from] item: Leftovers
|-damage|p2a: Giratina|88/100 brn|[from] brn
|upkeep
|turn|54
|
|t:|1646117609
|switch|p2a: Chansey|Chansey, F|100/100
|move|p1a: Giratina|Roar|p2a: Chansey
|drag|p2a: Tyranitar|Tyranitar, M|100/100
|
|-weather|Sandstorm|[upkeep]
|-damage|p1a: Giratina|94/100|[from] Sandstorm
|-heal|p1a: Giratina|100/100|[from] item: Leftovers
|upkeep
|turn|55
|
|t:|1646117618
|move|p1a: Giratina|Hex|p2a: Tyranitar
|-resisted|p2a: Tyranitar
|-damage|p2a: Tyranitar|97/100
|move|p2a: Tyranitar|Pursuit|p1a: Giratina
|-supereffective|p1a: Giratina
|-activate|p1a: Giratina|move: Substitute|[damage]
|
|-weather|Sandstorm|[upkeep]
|-damage|p1a: Giratina|94/100|[from] Sandstorm
|-heal|p1a: Giratina|100/100|[from] item: Leftovers
|-heal|p2a: Tyranitar|100/100|[from] item: Leftovers
|upkeep
|turn|56
|
|t:|1646117625
|switch|p2a: Giratina|Giratina|88/100 brn
|-ability|p2a: Giratina|Pressure
|move|p1a: Giratina|Will-O-Wisp|p2a: Giratina
|-fail|p2a: Giratina|brn
|
|-weather|none
|-heal|p2a: Giratina|94/100 brn|[from] item: Leftovers
|-damage|p2a: Giratina|88/100 brn|[from] brn
|upkeep
|turn|57
|
|t:|1646117630
|move|p2a: Giratina|Toxic||[still]
|-fail|p2a: Giratina
|move|p1a: Giratina|Roar|p2a: Giratina
|drag|p2a: Tyranitar|Tyranitar, M|100/100
|-weather|Sandstorm|[from] ability: Sand Stream|[of] p2a: Tyranitar
|
|-weather|Sandstorm|[upkeep]
|-damage|p1a: Giratina|94/100|[from] Sandstorm
|-heal|p1a: Giratina|100/100|[from] item: Leftovers
|upkeep
|turn|58
|
|t:|1646117637
|switch|p2a: Sableye|Sableye-Mega, M|100/100
|move|p1a: Giratina|Will-O-Wisp|p2a: Sableye
|move|p2a: Sableye|Will-O-Wisp||[from]ability: Magic Bounce|[still]
|-fail|p2a: Sableye
|
|-weather|Sandstorm|[upkeep]
|-damage|p1a: Giratina|94/100|[from] Sandstorm
|-damage|p2a: Sableye|95/100|[from] Sandstorm
|-heal|p1a: Giratina|100/100|[from] item: Leftovers
|upkeep
|turn|59
|
|t:|1646117646
|switch|p2a: Chansey|Chansey, F|100/100
|move|p1a: Giratina|Substitute|p1a: Giratina
|-fail|p1a: Giratina|move: Substitute
|
|-weather|Sandstorm|[upkeep]
|-damage|p1a: Giratina|94/100|[from] Sandstorm
|-damage|p2a: Chansey|94/100|[from] Sandstorm
|-heal|p1a: Giratina|100/100|[from] item: Leftovers
|upkeep
|turn|60
|
|t:|1646117651
|move|p1a: Giratina|Substitute|p1a: Giratina
|-fail|p1a: Giratina|move: Substitute
|move|p2a: Chansey|Soft-Boiled|p2a: Chansey
|-heal|p2a: Chansey|100/100
|
|-weather|Sandstorm|[upkeep]
|-damage|p1a: Giratina|94/100|[from] Sandstorm
|-damage|p2a: Chansey|94/100|[from] Sandstorm
|-heal|p1a: Giratina|100/100|[from] item: Leftovers
|upkeep
|turn|61
|
|t:|1646117657
|switch|p2a: Giratina|Giratina|88/100 brn
|-ability|p2a: Giratina|Pressure
|move|p1a: Giratina|Roar|p2a: Giratina
|drag|p2a: Sableye|Sableye-Mega, M|95/100
|
|-weather|none
|upkeep
|turn|62
|
|t:|1646117668
|move|p1a: Giratina|Substitute|p1a: Giratina
|-fail|p1a: Giratina|move: Substitute
|move|p2a: Sableye|Foul Play|p1a: Giratina
|-supereffective|p1a: Giratina
|-end|p1a: Giratina|Substitute
|
|upkeep
|turn|63
|
|t:|1646117675
|move|p2a: Sableye|Foul Play|p1a: Giratina
|-supereffective|p1a: Giratina
|-damage|p1a: Giratina|75/100
|move|p1a: Giratina|Roar|p2a: Sableye
|move|p2a: Sableye|Roar|p1a: Giratina|[from]ability: Magic Bounce
|drag|p1a: Blissey|Blissey, F|100/100
|-damage|p1a: Blissey|88/100|[from] Stealth Rock
|
|-heal|p1a: Blissey|94/100|[from] item: Leftovers
|upkeep
|turn|64
|
|t:|1646117682
|switch|p2a: Tyranitar|Tyranitar, M|100/100
|-weather|Sandstorm|[from] ability: Sand Stream|[of] p2a: Tyranitar
|move|p1a: Blissey|Wish|p1a: Blissey
|
|-weather|Sandstorm|[upkeep]
|-damage|p1a: Blissey|88/100|[from] Sandstorm
|-heal|p1a: Blissey|94/100|[from] item: Leftovers
|upkeep
|turn|65
|
|t:|1646117691
|move|p2a: Tyranitar|Pursuit|p1a: Blissey
|-damage|p1a: Blissey|56/100
|move|p1a: Blissey|Toxic|p2a: Tyranitar
|-status|p2a: Tyranitar|tox
|
|-weather|Sandstorm|[upkeep]
|-damage|p1a: Blissey|50/100|[from] Sandstorm
|-heal|p1a: Blissey|99/100|[from] move: Wish|[wisher] Blissey
|-heal|p1a: Blissey|100/100|[from] item: Leftovers
|-damage|p2a: Tyranitar|94/100 tox|[from] psn
|upkeep
|turn|66
|
|t:|1646117697
|move|p1a: Blissey|Protect|p1a: Blissey
|-singleturn|p1a: Blissey|Protect
|move|p2a: Tyranitar|Pursuit|p1a: Blissey
|-activate|p1a: Blissey|move: Protect
|
|-weather|Sandstorm|[upkeep]
|-damage|p1a: Blissey|94/100|[from] Sandstorm
|-heal|p2a: Tyranitar|100/100 tox|[from] item: Leftovers
|-heal|p1a: Blissey|100/100|[from] item: Leftovers
|-damage|p2a: Tyranitar|88/100 tox|[from] psn
|upkeep
|turn|67
|
|t:|1646117705
|switch|p1a: Lucario|Lucario-Mega, M|49/100
|-damage|p1a: Lucario|46/100|[from] Stealth Rock
|move|p2a: Tyranitar|Rock Tomb|p1a: Lucario
|-resisted|p1a: Lucario
|-damage|p1a: Lucario|37/100
|-unboost|p1a: Lucario|spe|1
|
|-weather|Sandstorm|[upkeep]
|-heal|p2a: Tyranitar|94/100 tox|[from] item: Leftovers
|-damage|p2a: Tyranitar|76/100 tox|[from] psn
|upkeep
|turn|68
|
|t:|1646117714
|switch|p2a: Giratina|Giratina|88/100 brn
|-ability|p2a: Giratina|Pressure
|move|p1a: Lucario|Close Combat|p2a: Giratina
|-immune|p2a: Giratina
|
|-weather|none
|-heal|p2a: Giratina|94/100 brn|[from] item: Leftovers
|-damage|p2a: Giratina|88/100 brn|[from] brn
|upkeep
|turn|69
|
|t:|1646117720
|move|p1a: Lucario|Ice Punch|p2a: Giratina
|-supereffective|p2a: Giratina
|-damage|p2a: Giratina|64/100 brn
|move|p2a: Giratina|Toxic|p1a: Lucario
|-immune|p1a: Lucario
|
|-heal|p2a: Giratina|71/100 brn|[from] item: Leftovers
|-damage|p2a: Giratina|64/100 brn|[from] brn
|upkeep
|turn|70
|
|t:|1646117726
|move|p1a: Lucario|Ice Punch|p2a: Giratina
|-supereffective|p2a: Giratina
|-damage|p2a: Giratina|40/100 brn
|move|p2a: Giratina|Will-O-Wisp|p1a: Lucario
|-status|p1a: Lucario|brn
|
|-heal|p2a: Giratina|46/100 brn|[from] item: Leftovers
|-damage|p1a: Lucario|31/100 brn|[from] brn
|-damage|p2a: Giratina|40/100 brn|[from] brn
|upkeep
|turn|71
|
|t:|1646117731
|move|p1a: Lucario|Ice Punch|p2a: Giratina
|-supereffective|p2a: Giratina
|-damage|p2a: Giratina|27/100 brn
|move|p2a: Giratina|Rest|p2a: Giratina
|-status|p2a: Giratina|slp|[from] move: Rest
|-heal|p2a: Giratina|100/100 slp|[silent]
|
|-damage|p1a: Lucario|25/100 brn|[from] brn
|upkeep
|turn|72
|-message|Rudolphohno forfeited.
|
|win|Flynn Watson ^~^
|raw|Rudolphohno's rating: 1593 &rarr; <strong>1577</strong><br />(-16 for losing)
|raw|Flynn Watson ^~^'s rating: 1671 &rarr; <strong>1687</strong><br />(+16 for winning)
|l|☆Rudolphohno
