|j|☆ThievesBoom
|j|☆Maxymax300
|t:|1667125697
|gametype|singles
|player|p1|ThievesBoom|2|1594
|player|p2|Maxymax300|ghetsis-gen5bw|1616
|teamsize|p1|6
|teamsize|p2|6
|gen|8
|tier|[Gen 8] National Dex AG
|rated|
|rule|HP Percentage Mod: HP is shown in percentages
|rule|Endless Battle Clause: Forcing endless battles is banned
|clearpoke
|poke|p1|Gengar, M|
|poke|p1|Wobbuffet, M|
|poke|p1|Gothitelle, F|
|poke|p1|Arceus-*|
|poke|p1|Tyranitar, F|
|poke|p1|Arceus-*|
|poke|p2|Necrozma-Dusk-Mane|
|poke|p2|Giratina-Origin|
|poke|p2|Arceus-*|
|poke|p2|Zacian-*|
|poke|p2|Groudon|
|poke|p2|Ditto|
|teampreview
|
|t:|1667125707
|start
|switch|p1a: Gengar|Gengar, M|100/100
|switch|p2a: Arceus|Arceus|100/100
|turn|1
|
|t:|1667125713
|detailschange|p1a: Gengar|Gengar-Mega, M
|-mega|p1a: Gengar|Gengar|Gengarite
|move|p1a: Gengar|Protect|p1a: Gengar
|-singleturn|p1a: Gengar|Protect
|move|p2a: Arceus|Shadow Claw|p1a: Gengar
|-activate|p1a: Gengar|move: Protect
|
|upkeep
|turn|2
|
|t:|1667125718
|switch|p1a: Arceus|Arceus-Ground|100/100
|move|p2a: Arceus|Shadow Claw|p1a: Arceus
|-damage|p1a: Arceus|87/100
|
|upkeep
|turn|3
|
|t:|1667125727
|move|p2a: Arceus|Swords Dance|p2a: Arceus
|-boost|p2a: Arceus|atk|2
|move|p1a: Arceus|Will-O-Wisp|p2a: Arceus
|-status|p2a: Arceus|brn
|
|-damage|p2a: Arceus|94/100 brn|[from] brn
|upkeep
|turn|4
|
|t:|1667125733
|move|p2a: Arceus|Shadow Claw|p1a: Arceus
|-damage|p1a: Arceus|76/100
|move|p1a: Arceus|Judgment|p2a: Arceus
|-damage|p2a: Arceus|60/100 brn
|
|-damage|p2a: Arceus|54/100 brn|[from] brn
|upkeep
|turn|5
|
|t:|1667125737
|move|p2a: Arceus|Extreme Speed|p1a: Arceus
|-damage|p1a: Arceus|57/100
|move|p1a: Arceus|Judgment|p2a: Arceus
|-damage|p2a: Arceus|21/100 brn
|
|-damage|p2a: Arceus|15/100 brn|[from] brn
|upkeep
|turn|6
|
|t:|1667125747
|switch|p2a: Giratina|Giratina-Origin|100/100
|move|p1a: Arceus|Recover|p1a: Arceus
|-heal|p1a: Arceus|100/100
|
|upkeep
|turn|7
|
|t:|1667125751
|move|p1a: Arceus|Will-O-Wisp|p2a: Giratina|[miss]
|-miss|p1a: Arceus|p2a: Giratina
|move|p2a: Giratina|Dragon Tail|p1a: Arceus
|-damage|p1a: Arceus|86/100
|drag|p1a: Wobbuffet|Wobbuffet, M|100/100
|
|upkeep
|turn|8
|
|t:|1667125762
|switch|p1a: Arceus|Arceus-Ground|86/100
|move|p2a: Giratina|Thunder Wave|p1a: Arceus
|-immune|p1a: Arceus
|
|upkeep
|turn|9
|
|t:|1667125768
|switch|p2a: Groudon|Groudon|100/100
|detailschange|p2a: Groudon|Groudon-Primal
|-primal|p2a: Groudon
|-weather|DesolateLand|[from] ability: Desolate Land|[of] p2a: Groudon
|move|p1a: Arceus|Will-O-Wisp|p2a: Groudon
|-immune|p2a: Groudon
|
|-weather|DesolateLand|[upkeep]
|upkeep
|turn|10
|
|t:|1667125778
|-weather|none
|switch|p2a: Giratina|Giratina-Origin|100/100
|move|p1a: Arceus|Judgment|p2a: Giratina
|-immune|p2a: Giratina|[from] ability: Levitate
|
|upkeep
|turn|11
|
|t:|1667125782
|move|p1a: Arceus|Will-O-Wisp|p2a: Giratina|[miss]
|-miss|p1a: Arceus|p2a: Giratina
|move|p2a: Giratina|Dragon Tail|p1a: Arceus|[miss]
|-miss|p2a: Giratina|p1a: Arceus
|
|upkeep
|turn|12
|
|t:|1667125787
|switch|p2a: Groudon|Groudon-Primal|100/100
|-weather|DesolateLand|[from] ability: Desolate Land|[of] p2a: Groudon
|move|p1a: Arceus|Will-O-Wisp|p2a: Groudon
|-immune|p2a: Groudon
|
|-weather|DesolateLand|[upkeep]
|upkeep
|turn|13
|
|t:|1667125793
|move|p1a: Arceus|Judgment|p2a: Groudon
|-supereffective|p2a: Groudon
|-damage|p2a: Groudon|12/100
|move|p2a: Groudon|Stealth Rock|p1a: Arceus
|-sidestart|p1: ThievesBoom|move: Stealth Rock
|
|-weather|DesolateLand|[upkeep]
|upkeep
|turn|14
|
|t:|1667125806
|move|p1a: Arceus|Judgment|p2a: Groudon
|-supereffective|p2a: Groudon
|-damage|p2a: Groudon|0 fnt
|faint|p2a: Groudon
|-weather|none
|
|upkeep
|
|t:|1667125813
|switch|p2a: Ditto|Ditto|100/100
|-transform|p2a: Ditto|p1a: Arceus|[from] ability: Imposter
|turn|15
|
|t:|1667125838
|switch|p1a: Gengar|Gengar-Mega, M|100/100
|-damage|p1a: Gengar|88/100|[from] Stealth Rock
|-start|p2a: Ditto|Dynamax|
|-heal|p2a: Ditto|100/100|[silent]
|move|p2a: Ditto|Max Strike|p1a: Gengar
|-immune|p1a: Gengar
|
|upkeep
|turn|16
|
|t:|1667125847
|move|p1a: Gengar|Substitute|p1a: Gengar
|-start|p1a: Gengar|Substitute
|-damage|p1a: Gengar|63/100
|move|p2a: Ditto|Max Strike|p1a: Gengar
|-immune|p1a: Gengar
|
|upkeep
|turn|17
|-message|Maxymax300 forfeited.
|
|win|ThievesBoom
|raw|ThievesBoom's rating: 1594 &rarr; <strong>1615</strong><br />(+21 for winning)
|raw|Maxymax300's rating: 1616 &rarr; <strong>1595</strong><br />(-21 for losing)
|l|☆Maxymax300
