|j|☆entrocefalo
|j|☆Master kushagra
|inactive|Battle timer is ON: inactive players will automatically lose when time's up.
|t:|1668516000
|gametype|singles
|player|p1|entrocefalo|medium|
|player|p2|Master kushagra|steven-masters2|
|teamsize|p1|6
|teamsize|p2|6
|gen|8
|tier|[Gen 8] National Dex AG
|rated|Tournament battle
|rule|HP Percentage Mod: HP is shown in percentages
|rule|Endless Battle Clause: Forcing endless battles is banned
|clearpoke
|poke|p1|Arceus-*|
|poke|p1|Zekrom|
|poke|p1|Necrozma-Dusk-Mane|
|poke|p1|Ho-Oh|
|poke|p1|Yveltal|
|poke|p1|Kyogre|
|poke|p2|Arceus-*|
|poke|p2|Zacian-*|
|poke|p2|Yveltal|
|poke|p2|Calyrex-Shadow|
|poke|p2|Necrozma-Dusk-Mane|
|poke|p2|Arceus-*|
|teampreview
|c|☆entrocefalo|hf
|c|☆Master kushagra|u2
|
|t:|1668516019
|start
|switch|p1a: Ho-Oh|Ho-Oh|100/100
|switch|p2a: Arceus|Arceus-Ground|100/100
|turn|1
|j| hjksgdf
|
|t:|1668516028
|switch|p1a: Kyogre|Kyogre, shiny|100/100
|detailschange|p1a: Kyogre|Kyogre-Primal, shiny
|-primal|p1a: Kyogre
|-weather|PrimordialSea|[from] ability: Primordial Sea|[of] p1a: Kyogre
|move|p2a: Arceus|Stone Edge|p1a: Kyogre
|-damage|p1a: Kyogre|75/100
|
|-weather|PrimordialSea|[upkeep]
|upkeep
|turn|2
|
|t:|1668516034
|-zpower|p2a: Arceus
|move|p2a: Arceus|Tectonic Rage|p1a: Kyogre|[zeffect]
|-damage|p1a: Kyogre|14/100
|move|p1a: Kyogre|Scald|p2a: Arceus
|-supereffective|p2a: Arceus
|-damage|p2a: Arceus|0 fnt
|faint|p2a: Arceus
|
|-weather|PrimordialSea|[upkeep]
|upkeep
|c|☆Master kushagra|max spd
|c|☆Master kushagra|max d
|c|☆Master kushagra|oh my
|
|t:|1668516056
|switch|p2a: Arceus|Arceus|100/100
|turn|3
|
|t:|1668516064
|move|p2a: Arceus|Extreme Speed|p1a: Kyogre
|-damage|p1a: Kyogre|0 fnt
|faint|p1a: Kyogre
|-weather|none
|
|upkeep
|j| picxou24
|
|t:|1668516083
|switch|p1a: Ho-Oh|Ho-Oh|100/100
|turn|4
|
|t:|1668516089
|move|p2a: Arceus|Swords Dance|p2a: Arceus
|-boost|p2a: Arceus|atk|2
|move|p1a: Ho-Oh|Sacred Fire|p2a: Arceus
|-damage|p2a: Arceus|58/100
|
|upkeep
|turn|5
|
|t:|1668516105
|-start|p1a: Ho-Oh|Dynamax|
|-heal|p1a: Ho-Oh|100/100|[silent]
|move|p2a: Arceus|Extreme Speed|p1a: Ho-Oh
|-damage|p1a: Ho-Oh|61/100
|move|p1a: Ho-Oh|Max Airstream|p2a: Arceus
|-damage|p2a: Arceus|2/100
|-boost|p1a: Ho-Oh|spe|1
|
|upkeep
|turn|6
|
|t:|1668516118
|move|p2a: Arceus|Extreme Speed|p1a: Ho-Oh
|-damage|p1a: Ho-Oh|22/100
|move|p1a: Ho-Oh|Max Airstream|p2a: Arceus
|-damage|p2a: Arceus|0 fnt
|-boost|p1a: Ho-Oh|spe|1
|faint|p2a: Arceus
|
|upkeep
|
|t:|1668516127
|switch|p2a: Yveltal|Yveltal, shiny|100/100
|-ability|p2a: Yveltal|Dark Aura
|turn|7
|
|t:|1668516149
|-start|p2a: Yveltal|Dynamax|
|-heal|p2a: Yveltal|100/100|[silent]
|move|p1a: Ho-Oh|Max Guard|p1a: Ho-Oh
|-singleturn|p1a: Ho-Oh|Max Guard
|move|p2a: Yveltal|Max Airstream|p1a: Ho-Oh
|-activate|p1a: Ho-Oh|move: Max Guard
|
|upkeep
|-end|p1a: Ho-Oh|Dynamax
|-heal|p1a: Ho-Oh|22/100|[silent]
|turn|8
|
|t:|1668516154
|move|p1a: Ho-Oh|Thunder Wave|p2a: Yveltal
|-status|p2a: Yveltal|par
|move|p2a: Yveltal|Max Airstream|p1a: Ho-Oh
|-damage|p1a: Ho-Oh|0 fnt
|-boost|p2a: Yveltal|spe|1
|faint|p1a: Ho-Oh
|-damage|p2a: Yveltal|96/100 par|[from] item: Life Orb
|
|upkeep
|
|t:|1668516164
|switch|p1a: Zekrom|Zekrom|100/100
|-ability|p1a: Zekrom|Teravolt
|turn|9
|
|t:|1668516175
|-end|p2a: Yveltal|Dynamax
|-heal|p2a: Yveltal|96/100 par|[silent]
|switch|p2a: Necrozma|Necrozma-Dusk-Mane, shiny|100/100
|move|p1a: Zekrom|Bolt Strike|p2a: Necrozma|[miss]
|-miss|p1a: Zekrom|p2a: Necrozma
|
|upkeep
|turn|10
|
|t:|1668516192
|switch|p1a: Necrozma|Necrozma-Dusk-Mane|100/100
|move|p2a: Necrozma|Dragon Dance|p2a: Necrozma
|-boost|p2a: Necrozma|atk|1
|-boost|p2a: Necrozma|spe|1
|
|upkeep
|turn|11
|
|t:|1668516210
|switch|p1a: Yveltal|Yveltal|100/100
|-ability|p1a: Yveltal|Dark Aura
|move|p2a: Necrozma|Dragon Dance|p2a: Necrozma
|-boost|p2a: Necrozma|atk|1
|-boost|p2a: Necrozma|spe|1
|
|upkeep
|turn|12
|j| Testaltv32
|
|t:|1668516222
|move|p1a: Yveltal|Foul Play|p2a: Necrozma
|-supereffective|p2a: Necrozma
|-damage|p2a: Necrozma|0 fnt
|faint|p2a: Necrozma
|
|upkeep
|
|t:|1668516226
|switch|p2a: Zacian|Zacian-Crowned, shiny|100/100
|-ability|p2a: Zacian|Intrepid Sword|boost
|-boost|p2a: Zacian|atk|1
|turn|13
|
|t:|1668516231
|switch|p1a: Necrozma|Necrozma-Dusk-Mane|100/100
|move|p2a: Zacian|Close Combat|p1a: Necrozma
|-crit|p1a: Necrozma
|-damage|p1a: Necrozma|37/100
|-unboost|p2a: Zacian|def|1
|-unboost|p2a: Zacian|spd|1
|-damage|p2a: Zacian|84/100|[from] item: Rocky Helmet|[of] p1a: Necrozma
|
|upkeep
|turn|14
|
|t:|1668516240
|move|p2a: Zacian|Close Combat|p1a: Necrozma
|-damage|p1a: Necrozma|0 fnt
|-unboost|p2a: Zacian|def|1
|-unboost|p2a: Zacian|spd|1
|-damage|p2a: Zacian|67/100|[from] item: Rocky Helmet|[of] p1a: Necrozma
|faint|p1a: Necrozma
|
|upkeep
|
|t:|1668516244
|switch|p1a: Arceus|Arceus-Ground|100/100
|turn|15
|
|t:|1668516249
|switch|p2a: Yveltal|Yveltal, shiny|96/100 par
|-ability|p2a: Yveltal|Dark Aura
|move|p1a: Arceus|Judgment|p2a: Yveltal
|-immune|p2a: Yveltal
|
|upkeep
|turn|16
|l| Testaltv32
|
|t:|1668516257
|move|p1a: Arceus|Ice Beam|p2a: Yveltal
|-supereffective|p2a: Yveltal
|-damage|p2a: Yveltal|53/100 par
|move|p2a: Yveltal|Dark Pulse|p1a: Arceus
|-damage|p1a: Arceus|54/100
|-damage|p2a: Yveltal|43/100 par|[from] item: Life Orb
|
|upkeep
|turn|17
|
|t:|1668516263
|move|p1a: Arceus|Recover|p1a: Arceus
|-heal|p1a: Arceus|100/100
|move|p2a: Yveltal|Dark Pulse|p1a: Arceus
|-damage|p1a: Arceus|51/100
|-damage|p2a: Yveltal|33/100 par|[from] item: Life Orb
|
|upkeep
|turn|18
|
|t:|1668516267
|move|p1a: Arceus|Recover|p1a: Arceus
|-heal|p1a: Arceus|100/100
|move|p2a: Yveltal|Dark Pulse|p1a: Arceus
|-crit|p1a: Arceus
|-damage|p1a: Arceus|31/100
|-damage|p2a: Yveltal|23/100 par|[from] item: Life Orb
|
|upkeep
|turn|19
|
|t:|1668516271
|move|p1a: Arceus|Recover|p1a: Arceus
|-heal|p1a: Arceus|81/100
|move|p2a: Yveltal|Oblivion Wing|p1a: Arceus
|-damage|p1a: Arceus|42/100
|-heal|p2a: Yveltal|56/100 par|[from] drain|[of] p1a: Arceus
|-damage|p2a: Yveltal|46/100 par|[from] item: Life Orb
|
|upkeep
|turn|20
|
|t:|1668516275
|cant|p2a: Yveltal|par
|move|p1a: Arceus|Recover|p1a: Arceus
|-heal|p1a: Arceus|92/100
|
|upkeep
|turn|21
|
|t:|1668516278
|cant|p2a: Yveltal|par
|move|p1a: Arceus|Ice Beam|p2a: Yveltal
|-supereffective|p2a: Yveltal
|-crit|p2a: Yveltal
|-damage|p2a: Yveltal|0 fnt
|faint|p2a: Yveltal
|
|upkeep
|
|t:|1668516280
|switch|p2a: Calyrex|Calyrex-Shadow|100/100
|-ability|p2a: Calyrex|As One
|-ability|p2a: Calyrex|Unnerve
|turn|22
|
|t:|1668516290
|switch|p2a: Zacian|Zacian-Crowned, shiny|67/100
|-ability|p2a: Zacian|Intrepid Sword|boost
|-boost|p2a: Zacian|atk|1
|switch|p1a: Yveltal|Yveltal|100/100
|-ability|p1a: Yveltal|Dark Aura
|
|upkeep
|turn|23
|
|t:|1668516292
|move|p1a: Yveltal|U-turn|p2a: Zacian
|-resisted|p2a: Zacian
|-damage|p2a: Zacian|63/100
|
|t:|1668516294
|switch|p1a: Zekrom|Zekrom|100/100|[from]move: U-turn
|-ability|p1a: Zekrom|Teravolt
|move|p2a: Zacian|Play Rough|p1a: Zekrom
|-supereffective|p1a: Zekrom
|-damage|p1a: Zekrom|0 fnt
|faint|p1a: Zekrom
|
|upkeep
|
|t:|1668516297
|switch|p1a: Arceus|Arceus-Ground|92/100
|turn|24
|
|t:|1668516306
|switch|p2a: Calyrex|Calyrex-Shadow|100/100
|-ability|p2a: Calyrex|As One
|-ability|p2a: Calyrex|Unnerve
|move|p1a: Arceus|Judgment|p2a: Calyrex
|-damage|p2a: Calyrex|56/100
|
|upkeep
|turn|25
|
|t:|1668516316
|switch|p1a: Yveltal|Yveltal|100/100
|-ability|p1a: Yveltal|Dark Aura
|move|p2a: Calyrex|Energy Ball|p1a: Yveltal
|-resisted|p1a: Yveltal
|-damage|p1a: Yveltal|88/100
|
|upkeep
|turn|26
|
|t:|1668516319
|switch|p2a: Zacian|Zacian-Crowned, shiny|63/100
|-ability|p2a: Zacian|Intrepid Sword|boost
|-boost|p2a: Zacian|atk|1
|move|p1a: Yveltal|Foul Play|p2a: Zacian
|-resisted|p2a: Zacian
|-damage|p2a: Zacian|0 fnt
|faint|p2a: Zacian
|
|upkeep
|c|☆entrocefalo|gg
|c|☆Master kushagra|gg
|
|t:|1668516324
|switch|p2a: Calyrex|Calyrex-Shadow|56/100
|-ability|p2a: Calyrex|As One
|-ability|p2a: Calyrex|Unnerve
|turn|27
|
|t:|1668516327
|move|p2a: Calyrex|Draining Kiss|p1a: Yveltal
|-supereffective|p1a: Yveltal
|-damage|p1a: Yveltal|59/100
|-heal|p2a: Calyrex|85/100|[from] drain|[of] p1a: Yveltal
|move|p1a: Yveltal|Foul Play|p2a: Calyrex
|-supereffective|p2a: Calyrex
|-damage|p2a: Calyrex|0 fnt
|faint|p2a: Calyrex
|
|win|entrocefalo
|n|☆entrocefalo|entrocefalo
|n|☆Master kushagra|masterkushagra
|n| hjksgdf|hjksgdf
|n| picxou24|picxou24
