|j|☆tanomaly
|j|☆niun
|t:|1597609499
|player|p1|tanomaly|red|1712
|player|p2|niun|102|1524
|teamsize|p1|6
|teamsize|p2|6
|gametype|singles
|gen|8
|tier|[Gen 8] National Dex AG
|rated|
|clearpoke
|poke|p1|Mewtwo|
|poke|p1|Kyogre|
|poke|p1|Groudon|
|poke|p1|Rayquaza|
|poke|p1|Zacian-Crowned|
|poke|p1|Eternatus|
|poke|p2|Espeon, M|
|poke|p2|Whimsicott, M|
|poke|p2|Eevee, M|
|poke|p2|Zygarde|
|poke|p2|Arceus-*|
|poke|p2|Gengar, M|
|rule|HP Percentage Mod: HP is shown in percentages
|rule|Endless Battle Clause: Forcing endless battles is banned
|teampreview
|inactive|Battle timer is ON: inactive players will automatically lose when time's up. (requested by tanomaly)
|
|t:|1597609511
|start
|switch|p1a: Eternatus|Eternatus|100/100
|switch|p2a: Arceus|Arceus|100/100
|-ability|p1a: Eternatus|Pressure
|turn|1
|
|t:|1597609521
|move|p2a: Arceus|Stealth Rock|p1a: Eternatus
|-sidestart|p1: tanomaly|move: Stealth Rock
|move|p1a: Eternatus|Dragon Tail|p2a: Arceus
|-damage|p2a: Arceus|90/100
|drag|p2a: Eevee|Eevee, M|100/100
|
|upkeep
|turn|2
|
|t:|1597609529
|switch|p2a: Arceus|Arceus|90/100
|move|p1a: Eternatus|Sludge Bomb|p2a: Arceus
|-damage|p2a: Arceus|55/100
|-status|p2a: Arceus|psn
|
|-damage|p2a: Arceus|42/100 psn|[from] psn
|upkeep
|turn|3
|
|t:|1597609538
|move|p1a: Eternatus|Dynamax Cannon|p2a: Arceus
|-damage|p2a: Arceus|2/100 psn
|-enditem|p2a: Arceus|Aguav Berry|[eat]
|-heal|p2a: Arceus|35/100 psn|[from] item: Aguav Berry
|move|p2a: Arceus|Earthquake|p1a: Eternatus
|-supereffective|p1a: Eternatus
|-damage|p1a: Eternatus|35/100
|
|-damage|p2a: Arceus|22/100 psn|[from] psn
|upkeep
|turn|4
|
|t:|1597609547
|move|p2a: Arceus|Extreme Speed|p1a: Eternatus
|-damage|p1a: Eternatus|0 fnt
|faint|p1a: Eternatus
|
|-damage|p2a: Arceus|10/100 psn|[from] psn
|upkeep
|
|t:|1597609553
|switch|p1a: Rayquaza|Rayquaza|100/100
|-damage|p1a: Rayquaza|75/100|[from] Stealth Rock
|-ability|p1a: Rayquaza|Air Lock
|turn|5
|
|t:|1597609559
|detailschange|p1a: Rayquaza|Rayquaza-Mega
|-mega|p1a: Rayquaza|Rayquaza|
|-weather|DeltaStream|[from] ability: Delta Stream|[of] p1a: Rayquaza
|move|p1a: Rayquaza|Extreme Speed|p2a: Arceus
|-damage|p2a: Arceus|0 fnt
|-damage|p1a: Rayquaza|66/100|[from] item: Life Orb
|faint|p2a: Arceus
|
|-weather|DeltaStream|[upkeep]
|upkeep
|
|t:|1597609571
|switch|p2a: Zygarde|Zygarde|100/100
|turn|6
|
|t:|1597609581
|move|p1a: Rayquaza|Dragon Ascent|p2a: Zygarde
|-damage|p2a: Zygarde|42/100
|-unboost|p1a: Rayquaza|def|1
|-unboost|p1a: Rayquaza|spd|1
|-damage|p1a: Rayquaza|56/100|[from] item: Life Orb
|move|p2a: Zygarde|Thousand Arrows|p1a: Rayquaza
|-damage|p1a: Rayquaza|12/100
|-start|p1a: Rayquaza|Smack Down
|
|-weather|DeltaStream|[upkeep]
|-heal|p2a: Zygarde|48/100|[from] item: Leftovers
|-activate|p2a: Zygarde|ability: Power Construct
|detailschange|p2a: Zygarde|Zygarde-Complete
|-heal|p2a: Zygarde|66/100|[silent]
|upkeep
|turn|7
|
|t:|1597609596
|move|p1a: Rayquaza|Dragon Ascent|p2a: Zygarde
|-damage|p2a: Zygarde|24/100
|-unboost|p1a: Rayquaza|def|1
|-unboost|p1a: Rayquaza|spd|1
|-damage|p1a: Rayquaza|2/100|[from] item: Life Orb
|move|p2a: Zygarde|Thousand Arrows|p1a: Rayquaza
|-damage|p1a: Rayquaza|0 fnt
|faint|p1a: Rayquaza
|-weather|none
|
|-heal|p2a: Zygarde|31/100|[from] item: Leftovers
|upkeep
|
|t:|1597609617
|switch|p1a: Dittos R 4 Bitches|Zacian-Crowned|100/100
|-damage|p1a: Dittos R 4 Bitches|94/100|[from] Stealth Rock
|-ability|p1a: Dittos R 4 Bitches|Intrepid Sword|boost
|-boost|p1a: Dittos R 4 Bitches|atk|1
|turn|8
|
|t:|1597609622
|move|p1a: Dittos R 4 Bitches|Behemoth Blade|p2a: Zygarde
|-damage|p2a: Zygarde|0 fnt
|faint|p2a: Zygarde
|
|upkeep
|
|t:|1597609627
|switch|p2a: Whimsicott|Whimsicott, M|100/100
|turn|9
|
|t:|1597609637
|move|p2a: Whimsicott|Tailwind|p2a: Whimsicott
|-sidestart|p2: niun|move: Tailwind
|move|p1a: Dittos R 4 Bitches|Behemoth Blade|p2a: Whimsicott
|-supereffective|p2a: Whimsicott
|-enditem|p2a: Whimsicott|Focus Sash
|-damage|p2a: Whimsicott|1/100
|
|upkeep
|turn|10
|
|t:|1597609644
|move|p2a: Whimsicott|Memento|p1a: Dittos R 4 Bitches
|-unboost|p1a: Dittos R 4 Bitches|atk|2
|-unboost|p1a: Dittos R 4 Bitches|spa|2
|faint|p2a: Whimsicott
|move|p1a: Dittos R 4 Bitches|Behemoth Blade|p2: Whimsicott|[notarget]
|-fail|p1a: Dittos R 4 Bitches
|
|upkeep
|
|t:|1597609649
|switch|p2a: Eevee|Eevee, M|100/100
|turn|11
|
|t:|1597609664
|-zpower|p2a: Eevee
|move|p2a: Eevee|Extreme Evoboost|p2a: Eevee
|-boost|p2a: Eevee|atk|2
|-boost|p2a: Eevee|def|2
|-boost|p2a: Eevee|spa|2
|-boost|p2a: Eevee|spd|2
|-boost|p2a: Eevee|spe|2
|move|p1a: Dittos R 4 Bitches|Behemoth Blade|p2a: Eevee
|-damage|p2a: Eevee|57/100
|
|upkeep
|turn|12
|
|t:|1597609681
|move|p2a: Eevee|Baton Pass|p2a: Eevee
|
|t:|1597609683
|switch|p2a: Espeon|Espeon, M|100/100|[from]move: Baton Pass
|move|p1a: Dittos R 4 Bitches|Crunch|p2a: Espeon
|-supereffective|p2a: Espeon
|-crit|p2a: Espeon
|-damage|p2a: Espeon|0 fnt
|faint|p2a: Espeon
|
|-sideend|p2: niun|move: Tailwind
|upkeep
|-message|niun forfeited.
|
|win|tanomaly
|l|☆niun
|c|☆tanomaly|sweet
|l|☆tanomaly
||Ladder (probably) updated, but score could not be retrieved (Request timeout).
