|j|☆Rigs_batata
|j|☆soda49
|t:|1652842635
|gametype|singles
|player|p1|Rigs_batata|psychic|1695
|player|p2|soda49|170|1747
|teamsize|p1|6
|teamsize|p2|6
|gen|8
|tier|[Gen 8] National Dex AG
|rated|
|rule|HP Percentage Mod: HP is shown in percentages
|rule|Endless Battle Clause: Forcing endless battles is banned
|clearpoke
|poke|p1|Weavile, M|
|poke|p1|Xerneas-*|
|poke|p1|Groudon|
|poke|p1|Kyogre|
|poke|p1|Shuckle, F|
|poke|p1|Yveltal|
|poke|p2|Charizard, M|
|poke|p2|Mimikyu, M|
|poke|p2|Smeargle, F|
|poke|p2|Calyrex-Shadow|
|poke|p2|Quagsire, M|
|poke|p2|Thundurus, M|
|teampreview
|
|t:|1652842639
|start
|switch|p1a: Strange doggo|Weavile, M, shiny|100/100
|switch|p2a: Charizard|Charizard, M|100/100
|turn|1
|
|t:|1652842645
|move|p1a: Strange doggo|Fake Out|p2a: Charizard
|-damage|p2a: Charizard|79/100
|cant|p2a: Charizard|flinch
|
|upkeep
|turn|2
|
|t:|1652842656
|-start|p2a: Charizard|Dynamax|Gmax
|-heal|p2a: Charizard|79/100|[silent]
|move|p1a: Strange doggo|Triple Axel|p2a: Charizard
|-damage|p2a: Charizard|71/100
|-damage|p2a: Charizard|56/100
|-damage|p2a: Charizard|34/100
|-hitcount|p2a: Charizard|3
|move|p2a: Charizard|G-Max Wildfire|p1a: Strange doggo
|-supereffective|p1a: Strange doggo
|-enditem|p1a: Strange doggo|Focus Sash
|-damage|p1a: Strange doggo|1/100
|-sidestart|p1: Rigs_batata|G-Max Wildfire
|
|-damage|p1a: Strange doggo|0 fnt|[from] G-Max Wildfire
|faint|p1a: Strange doggo
|upkeep
|
|t:|1652842673
|switch|p1a: Beware|Kyogre|100/100
|-weather|RainDance|[from] ability: Drizzle|[of] p1a: Beware
|turn|3
|
|t:|1652842675
|move|p2a: Charizard|Max Guard|p2a: Charizard
|-singleturn|p2a: Charizard|Max Guard
|move|p1a: Beware|Water Spout|p2a: Charizard
|-activate|p2a: Charizard|move: Max Guard
|
|-weather|RainDance|[upkeep]
|-damage|p1a: Beware|84/100|[from] G-Max Wildfire
|upkeep
|turn|4
|
|t:|1652842681
|move|p1a: Beware|Water Spout|p2a: Charizard
|-supereffective|p2a: Charizard
|-damage|p2a: Charizard|0 fnt
|faint|p2a: Charizard
|
|-weather|RainDance|[upkeep]
|-damage|p1a: Beware|68/100|[from] G-Max Wildfire
|upkeep
|
|t:|1652842692
|switch|p2a: Quagsire|Quagsire, M|100/100
|turn|5
|
|t:|1652842707
|switch|p1a: Shucky|Shuckle, F, shiny|100/100
|move|p2a: Quagsire|Yawn|p1a: Shucky
|-start|p1a: Shucky|move: Yawn|[of] p2a: Quagsire
|
|-weather|RainDance|[upkeep]
|-damage|p1a: Shucky|84/100|[from] G-Max Wildfire
|-sideend|p1: Rigs_batata|G-Max Wildfire
|upkeep
|turn|6
|
|t:|1652842711
|move|p2a: Quagsire|Earthquake|p1a: Shucky
|-damage|p1a: Shucky|64/100
|move|p1a: Shucky|Stealth Rock|p2a: Quagsire
|-sidestart|p2: soda49|move: Stealth Rock
|
|-weather|RainDance|[upkeep]
|-end|p1a: Shucky|move: Yawn|[silent]
|-status|p1a: Shucky|slp
|upkeep
|turn|7
|
|t:|1652842720
|switch|p2a: Smeargle|Smeargle, F|100/100
|-damage|p2a: Smeargle|88/100|[from] Stealth Rock
|switch|p1a: Gay pride|Xerneas|100/100
|-ability|p1a: Gay pride|Fairy Aura
|
|-weather|none
|-heal|p2a: Smeargle|94/100|[from] item: Leftovers
|-ability|p2a: Smeargle|Moody|boost
|-boost|p2a: Smeargle|spe|2
|-unboost|p2a: Smeargle|atk|1
|upkeep
|turn|8
|
|t:|1652842725
|move|p2a: Smeargle|Spore|p1a: Gay pride
|-status|p1a: Gay pride|slp|[from] move: Spore
|cant|p1a: Gay pride|slp
|
|-heal|p2a: Smeargle|99/100|[from] item: Leftovers
|-ability|p2a: Smeargle|Moody|boost
|-boost|p2a: Smeargle|spe|2
|-unboost|p2a: Smeargle|spa|1
|upkeep
|turn|9
|
|t:|1652842727
|move|p2a: Smeargle|Substitute|p2a: Smeargle
|-start|p2a: Smeargle|Substitute
|-damage|p2a: Smeargle|75/100
|-curestatus|p1a: Gay pride|slp|[msg]
|move|p1a: Gay pride|Geomancy||[still]
|-prepare|p1a: Gay pride|Geomancy
|-enditem|p1a: Gay pride|Power Herb
|-anim|p1a: Gay pride|Geomancy|p1a: Gay pride
|-boost|p1a: Gay pride|spa|2
|-boost|p1a: Gay pride|spd|2
|-boost|p1a: Gay pride|spe|2
|
|-heal|p2a: Smeargle|81/100|[from] item: Leftovers
|-ability|p2a: Smeargle|Moody|boost
|-boost|p2a: Smeargle|def|2
|-unboost|p2a: Smeargle|atk|1
|upkeep
|turn|10
|
|t:|1652842732
|move|p2a: Smeargle|Spore|p1a: Gay pride
|-status|p1a: Gay pride|slp|[from] move: Spore
|cant|p1a: Gay pride|slp
|
|-heal|p2a: Smeargle|87/100|[from] item: Leftovers
|-ability|p2a: Smeargle|Moody|boost
|-boost|p2a: Smeargle|spe|2
|-unboost|p2a: Smeargle|spa|1
|upkeep
|turn|11
|
|t:|1652842734
|move|p2a: Smeargle|Shell Smash|p2a: Smeargle
|-unboost|p2a: Smeargle|def|1
|-unboost|p2a: Smeargle|spd|1
|-boost|p2a: Smeargle|atk|2
|-boost|p2a: Smeargle|spa|2
|-boost|p2a: Smeargle|spe|0
|cant|p1a: Gay pride|slp
|
|-heal|p2a: Smeargle|93/100|[from] item: Leftovers
|-ability|p2a: Smeargle|Moody|boost
|-boost|p2a: Smeargle|atk|2
|-unboost|p2a: Smeargle|spa|1
|upkeep
|turn|12
|
|t:|1652842741
|-start|p1a: Gay pride|Dynamax|
|-heal|p1a: Gay pride|100/100 slp|[silent]
|move|p2a: Smeargle|Shell Smash|p2a: Smeargle
|-unboost|p2a: Smeargle|def|1
|-unboost|p2a: Smeargle|spd|1
|-boost|p2a: Smeargle|atk|2
|-boost|p2a: Smeargle|spa|2
|-boost|p2a: Smeargle|spe|0
|cant|p1a: Gay pride|slp
|
|-heal|p2a: Smeargle|99/100|[from] item: Leftovers
|-ability|p2a: Smeargle|Moody|boost
|-boost|p2a: Smeargle|spd|2
|-unboost|p2a: Smeargle|atk|1
|upkeep
|turn|13
|
|t:|1652842755
|move|p2a: Smeargle|Shell Smash|p2a: Smeargle
|-unboost|p2a: Smeargle|def|1
|-unboost|p2a: Smeargle|spd|1
|-boost|p2a: Smeargle|atk|2
|-boost|p2a: Smeargle|spa|2
|-boost|p2a: Smeargle|spe|0
|-curestatus|p1a: Gay pride|slp|[msg]
|move|p1a: Gay pride|Max Lightning|p2a: Smeargle
|-end|p2a: Smeargle|Substitute
|-fieldstart|move: Electric Terrain
|
|-heal|p2a: Smeargle|100/100|[from] item: Leftovers
|-ability|p2a: Smeargle|Moody|boost
|-boost|p2a: Smeargle|def|2
|-unboost|p2a: Smeargle|atk|1
|upkeep
|turn|14
|
|t:|1652842764
|move|p2a: Smeargle|Substitute|p2a: Smeargle
|-start|p2a: Smeargle|Substitute
|-damage|p2a: Smeargle|76/100
|move|p1a: Gay pride|Max Starfall|p2a: Smeargle
|-end|p2a: Smeargle|Substitute
|-fieldstart|move: Misty Terrain
|
|-heal|p2a: Smeargle|82/100|[from] item: Leftovers
|-ability|p2a: Smeargle|Moody|boost
|-boost|p2a: Smeargle|spa|2
|-unboost|p2a: Smeargle|atk|1
|upkeep
|-end|p1a: Gay pride|Dynamax
|-heal|p1a: Gay pride|100/100|[silent]
|turn|15
|
|t:|1652842777
|move|p2a: Smeargle|Substitute|p2a: Smeargle
|-start|p2a: Smeargle|Substitute
|-damage|p2a: Smeargle|57/100
|move|p1a: Gay pride|Moonblast|p2a: Smeargle
|-end|p2a: Smeargle|Substitute
|
|-heal|p2a: Smeargle|63/100|[from] item: Leftovers
|-ability|p2a: Smeargle|Moody|boost
|-boost|p2a: Smeargle|spd|2
|-unboost|p2a: Smeargle|spe|1
|upkeep
|turn|16
|
|t:|1652842787
|move|p2a: Smeargle|Substitute|p2a: Smeargle
|-start|p2a: Smeargle|Substitute
|-damage|p2a: Smeargle|38/100
|move|p1a: Gay pride|Moonblast|p2a: Smeargle
|-end|p2a: Smeargle|Substitute
|
|-heal|p2a: Smeargle|44/100|[from] item: Leftovers
|-ability|p2a: Smeargle|Moody|boost
|-boost|p2a: Smeargle|atk|2
|-unboost|p2a: Smeargle|spa|1
|upkeep
|turn|17
|
|t:|1652842800
|move|p2a: Smeargle|Substitute|p2a: Smeargle
|-start|p2a: Smeargle|Substitute
|-damage|p2a: Smeargle|20/100
|move|p1a: Gay pride|Moonblast|p2a: Smeargle
|-end|p2a: Smeargle|Substitute
|
|-heal|p2a: Smeargle|26/100|[from] item: Leftovers
|-ability|p2a: Smeargle|Moody|boost
|-boost|p2a: Smeargle|spe|1
|-unboost|p2a: Smeargle|def|1
|upkeep
|turn|18
|
|t:|1652842816
|move|p2a: Smeargle|Substitute|p2a: Smeargle
|-start|p2a: Smeargle|Substitute
|-damage|p2a: Smeargle|1/100
|move|p1a: Gay pride|Moonblast|p2a: Smeargle
|-end|p2a: Smeargle|Substitute
|
|-heal|p2a: Smeargle|7/100|[from] item: Leftovers
|-fieldend|Misty Terrain
|-ability|p2a: Smeargle|Moody|boost
|-boost|p2a: Smeargle|spd|2
|-unboost|p2a: Smeargle|atk|1
|upkeep
|turn|19
|c|☆Rigs_batata|!dt misty terrain
|raw|<ul class="utilichart"><li class="result"><span class="col movenamecol"><a href="https://dex.pokemonshowdown.com/moves/mistyterrain">Misty Terrain</a></span> <span class="col typecol"><img src="//play.pokemonshowdown.com/sprites/types/Fairy.png" alt="Fairy" width="32" height="14"><img src="//play.pokemonshowdown.com/sprites/categories/Status.png" alt="Status" width="32" height="14"></span> <span class="col widelabelcol"><em>Accuracy</em><br>—</span> <span class="col pplabelcol"><em>PP</em><br>16</span> <span class="col movedesccol">5 turns. Can't status,-Dragon power vs grounded.</span> </li><li style="clear:both"></li></ul>
|raw|<font size="1"><font color="#686868">Priority:</font> 0&nbsp;|&ThickSpace;<font color="#686868">Gen:</font> 6&nbsp;|&ThickSpace;&#10003; Bypasses Protect&nbsp;|&ThickSpace;<font color="#686868">Z-Effect:</font>  Sp. Def +1&nbsp;|&ThickSpace;<font color="#686868">Target:</font> All Pokémon</font>

|
|t:|1652842824
|switch|p1a: Shucky|Shuckle, F, shiny|64/100 slp
|move|p2a: Smeargle|Spore|p1a: Shucky
|-fail|p1a: Shucky|slp
|
|-heal|p2a: Smeargle|13/100|[from] item: Leftovers
|-ability|p2a: Smeargle|Moody|boost
|-boost|p2a: Smeargle|spa|2
|-unboost|p2a: Smeargle|spe|1
|upkeep
|turn|20
|
|t:|1652842832
|move|p2a: Smeargle|Power Trip|p1a: Shucky
|-damage|p1a: Shucky|0 fnt
|faint|p1a: Shucky
|
|-heal|p2a: Smeargle|19/100|[from] item: Leftovers
|-ability|p2a: Smeargle|Moody|boost
|-boost|p2a: Smeargle|spe|1
|-unboost|p2a: Smeargle|spa|1
|upkeep
|
|t:|1652842837
|switch|p1a: Bacon bird|Yveltal, shiny|100/100
|-ability|p1a: Bacon bird|Dark Aura
|turn|21
|
|t:|1652842840
|move|p2a: Smeargle|Spore|p1a: Bacon bird
|-status|p1a: Bacon bird|slp|[from] move: Spore
|cant|p1a: Bacon bird|slp
|
|-heal|p2a: Smeargle|25/100|[from] item: Leftovers
|-ability|p2a: Smeargle|Moody|boost
|-boost|p2a: Smeargle|spa|1
|-unboost|p2a: Smeargle|spd|1
|upkeep
|turn|22
|
|t:|1652842846
|move|p2a: Smeargle|Power Trip|p1a: Bacon bird
|-resisted|p1a: Bacon bird
|-damage|p1a: Bacon bird|14/100 slp
|cant|p1a: Bacon bird|slp
|
|-heal|p2a: Smeargle|31/100|[from] item: Leftovers
|-ability|p2a: Smeargle|Moody|boost
|-boost|p2a: Smeargle|spd|2
|-unboost|p2a: Smeargle|spa|1
|upkeep
|turn|23
|
|t:|1652842853
|move|p2a: Smeargle|Power Trip|p1a: Bacon bird
|-resisted|p1a: Bacon bird
|-damage|p1a: Bacon bird|0 fnt
|faint|p1a: Bacon bird
|
|-heal|p2a: Smeargle|37/100|[from] item: Leftovers
|-ability|p2a: Smeargle|Moody|boost
|-boost|p2a: Smeargle|spa|1
|-unboost|p2a: Smeargle|atk|1
|upkeep
|
|t:|1652842856
|switch|p1a: Beware|Kyogre|68/100
|-weather|RainDance|[from] ability: Drizzle|[of] p1a: Beware
|turn|24
|
|t:|1652842862
|move|p2a: Smeargle|Spore|p1a: Beware
|-status|p1a: Beware|slp|[from] move: Spore
|cant|p1a: Beware|slp
|
|-weather|RainDance|[upkeep]
|-heal|p2a: Smeargle|43/100|[from] item: Leftovers
|-ability|p2a: Smeargle|Moody|boost
|-boost|p2a: Smeargle|atk|2
|-unboost|p2a: Smeargle|spd|1
|upkeep
|turn|25
|
|t:|1652842864
|move|p2a: Smeargle|Substitute|p2a: Smeargle
|-start|p2a: Smeargle|Substitute
|-damage|p2a: Smeargle|18/100
|cant|p1a: Beware|slp
|
|-weather|RainDance|[upkeep]
|-heal|p2a: Smeargle|24/100|[from] item: Leftovers
|-ability|p2a: Smeargle|Moody|boost
|-boost|p2a: Smeargle|def|2
|-unboost|p2a: Smeargle|atk|1
|upkeep
|turn|26
|
|t:|1652842869
|move|p2a: Smeargle|Power Trip|p1a: Beware
|-damage|p1a: Beware|0 fnt
|faint|p1a: Beware
|
|-weather|RainDance|[upkeep]
|-heal|p2a: Smeargle|30/100|[from] item: Leftovers
|-ability|p2a: Smeargle|Moody|boost
|-boost|p2a: Smeargle|atk|2
|-unboost|p2a: Smeargle|def|1
|upkeep
|-message|Rigs_batata forfeited.
|
|win|soda49
|raw|Rigs_batata's rating: 1695 &rarr; <strong>1678</strong><br />(-17 for losing)
|raw|soda49's rating: 1747 &rarr; <strong>1764</strong><br />(+17 for winning)
|l|☆Rigs_batata
|l|☆soda49
|j|☆soda49
|player|p2|soda49|170
||Ladder isn't responding, score probably updated but might not have (Request timeout).
