|j|☆chopforce8
|j|☆85792195wwww
|t:|1633165440
|gametype|singles
|player|p1|chopforce8|red|1896
|player|p2|85792195wwww|lady|1829
|teamsize|p1|6
|teamsize|p2|6
|gen|8
|tier|[Gen 8] National Dex AG
|rated|
|rule|HP Percentage Mod: HP is shown in percentages
|rule|Endless Battle Clause: Forcing endless battles is banned
|clearpoke
|poke|p1|Yveltal|
|poke|p1|Diancie|
|poke|p1|Calyrex-Shadow|
|poke|p1|Zacian-*|
|poke|p1|Ditto|
|poke|p1|Arceus-*|
|poke|p2|Zacian-*|
|poke|p2|Arceus-*|
|poke|p2|Kyogre|
|poke|p2|Marshadow|
|poke|p2|Rayquaza|
|poke|p2|Ditto|
|teampreview
|
|t:|1633165454
|start
|switch|p1a: Fluffy|Zacian-Crowned|100/100
|switch|p2a: Kyogre|Kyogre|100/100
|-ability|p1a: Fluffy|Intrepid Sword|boost
|-boost|p1a: Fluffy|atk|1
|detailschange|p2a: Kyogre|Kyogre-Primal
|-primal|p2a: Kyogre
|-weather|PrimordialSea|[from] ability: Primordial Sea|[of] p2a: Kyogre
|turn|1
|
|t:|1633165470
|-weather|none
|switch|p2a: Rayquaza|Rayquaza|100/100
|-ability|p2a: Rayquaza|Air Lock
|move|p1a: Fluffy|Close Combat|p2a: Rayquaza
|-resisted|p2a: Rayquaza
|-damage|p2a: Rayquaza|62/100
|-unboost|p1a: Fluffy|def|1
|-unboost|p1a: Fluffy|spd|1
|
|upkeep
|turn|2
|
|t:|1633165486
|detailschange|p2a: Rayquaza|Rayquaza-Mega
|-mega|p2a: Rayquaza|Rayquaza|
|-weather|DeltaStream|[from] ability: Delta Stream|[of] p2a: Rayquaza
|move|p1a: Fluffy|Behemoth Blade|p2a: Rayquaza
|-damage|p2a: Rayquaza|0 fnt
|faint|p2a: Rayquaza
|-weather|none
|
|upkeep
|
|t:|1633165494
|switch|p2a: Ditto|Ditto|100/100
|-transform|p2a: Ditto|p1a: Fluffy|[from] ability: Imposter
|-ability|p2a: Ditto|Intrepid Sword|boost
|-boost|p2a: Ditto|atk|1
|turn|3
|
|t:|1633165503
|move|p2a: Ditto|Behemoth Blade|p1a: Fluffy
|-damage|p1a: Fluffy|0 fnt
|faint|p1a: Fluffy
|
|upkeep
|
|t:|1633165508
|switch|p1a: Professorquirrel|Calyrex-Shadow|100/100
|-ability|p1a: Professorquirrel|As One
|-ability|p1a: Professorquirrel|Unnerve
|turn|4
|
|t:|1633165514
|move|p2a: Ditto|Behemoth Blade|p1a: Professorquirrel
|-enditem|p1a: Professorquirrel|Focus Sash
|-damage|p1a: Professorquirrel|1/100
|move|p1a: Professorquirrel|Astral Barrage|p2a: Ditto
|-crit|p2a: Ditto
|-damage|p2a: Ditto|0 fnt
|faint|p2a: Ditto
|-ability|p1a: Professorquirrel|Grim Neigh|boost
|-boost|p1a: Professorquirrel|spa|1
|
|upkeep
|
|t:|1633165528
|switch|p2a: Marshadow|Marshadow|100/100
|turn|5
|
|t:|1633165533
|switch|p1a: Voldemort|Yveltal|100/100
|-ability|p1a: Voldemort|Dark Aura
|move|p2a: Marshadow|Shadow Sneak|p1a: Voldemort
|-resisted|p1a: Voldemort
|-damage|p1a: Voldemort|82/100
|-damage|p2a: Marshadow|91/100|[from] item: Life Orb
|
|upkeep
|turn|6
|
|t:|1633165552
|-start|p1a: Voldemort|Dynamax
|-heal|p1a: Voldemort|82/100|[silent]
|move|p2a: Marshadow|Close Combat|p1a: Voldemort
|-damage|p1a: Voldemort|43/100
|-unboost|p2a: Marshadow|def|1
|-unboost|p2a: Marshadow|spd|1
|-damage|p2a: Marshadow|81/100|[from] item: Life Orb
|move|p1a: Voldemort|Max Airstream|p2a: Marshadow
|-supereffective|p2a: Marshadow
|-damage|p2a: Marshadow|0 fnt
|-boost|p1a: Voldemort|spe|1
|faint|p2a: Marshadow
|-damage|p1a: Voldemort|38/100|[from] item: Life Orb
|
|upkeep
|
|t:|1633165586
|switch|p2a: Zacian|Zacian-Crowned|100/100
|-ability|p2a: Zacian|Intrepid Sword|boost
|-boost|p2a: Zacian|atk|1
|turn|7
|
|t:|1633165592
|switch|p2a: Kyogre|Kyogre-Primal|100/100
|-weather|PrimordialSea|[from] ability: Primordial Sea|[of] p2a: Kyogre
|move|p1a: Voldemort|Max Flare||[still]
|-fail|p1a: Voldemort|Max Flare|[from] Primordial Sea
|
|-weather|PrimordialSea|[upkeep]
|upkeep
|turn|8
|inactive|Battle timer is ON: inactive players will automatically lose when time's up. (requested by chopforce8)
|
|t:|1633165617
|move|p1a: Voldemort|Max Darkness|p2a: Kyogre
|-damage|p2a: Kyogre|22/100
|-unboost|p2a: Kyogre|spd|1
|-damage|p1a: Voldemort|33/100|[from] item: Life Orb
|move|p2a: Kyogre|Scald|p1a: Voldemort
|-damage|p1a: Voldemort|0 fnt
|faint|p1a: Voldemort
|
|-weather|PrimordialSea|[upkeep]
|upkeep
|
|t:|1633165641
|switch|p1a: Harry Potter|Diancie|100/100
|turn|9
|
|t:|1633165651
|detailschange|p1a: Harry Potter|Diancie-Mega
|-mega|p1a: Harry Potter|Diancie|Diancite
|move|p1a: Harry Potter|Diamond Storm|p2a: Kyogre
|-damage|p2a: Kyogre|0 fnt
|-boost|p1a: Harry Potter|def|2
|faint|p2a: Kyogre
|-weather|none
|
|upkeep
|
|t:|1633165666
|switch|p2a: Arceus|Arceus-Electric|100/100
|turn|10
|
|t:|1633165673
|-start|p2a: Arceus|Dynamax
|-heal|p2a: Arceus|100/100|[silent]
|move|p2a: Arceus|Max Quake|p1a: Harry Potter
|-supereffective|p1a: Harry Potter
|-damage|p1a: Harry Potter|0 fnt
|-boost|p2a: Arceus|spd|1
|faint|p1a: Harry Potter
|
|upkeep
|
|t:|1633165683
|switch|p1a: Professorquirrel|Calyrex-Shadow|1/100
|-ability|p1a: Professorquirrel|As One
|-ability|p1a: Professorquirrel|Unnerve
|turn|11
|
|t:|1633165691
|move|p1a: Professorquirrel|Astral Barrage|p2a: Arceus
|-damage|p2a: Arceus|85/100
|move|p2a: Arceus|Max Lightning|p1a: Professorquirrel
|-damage|p1a: Professorquirrel|0 fnt
|-fieldstart|move: Electric Terrain
|faint|p1a: Professorquirrel
|
|upkeep
|
|t:|1633165699
|switch|p1a: MirrorofErised|Ditto|100/100
|-transform|p1a: MirrorofErised|p2a: Arceus|[from] ability: Imposter
|turn|12
|
|t:|1633165709
|move|p1a: MirrorofErised|Earth Power|p2a: Arceus
|-supereffective|p2a: Arceus
|-damage|p2a: Arceus|70/100
|move|p2a: Arceus|Max Quake|p1a: MirrorofErised
|-supereffective|p1a: MirrorofErised
|-damage|p1a: MirrorofErised|44/100
|-boost|p2a: Arceus|spd|1
|
|-end|p2a: Arceus|Dynamax
|-heal|p2a: Arceus|70/100|[silent]
|upkeep
|turn|13
|
|t:|1633165724
|switch|p1a: Chess Wizard|Arceus-Flying|100/100
|move|p2a: Arceus|Judgment|p1a: Chess Wizard
|-supereffective|p1a: Chess Wizard
|-damage|p1a: Chess Wizard|0 fnt
|faint|p1a: Chess Wizard
|
|upkeep
|
|t:|1633165730
|switch|p1a: MirrorofErised|Ditto|44/100
|-transform|p1a: MirrorofErised|p2a: Arceus|[from] ability: Imposter
|turn|14
|
|t:|1633165748
|move|p1a: MirrorofErised|Earth Power|p2a: Arceus
|-supereffective|p2a: Arceus
|-damage|p2a: Arceus|48/100
|move|p2a: Arceus|Earth Power|p1a: MirrorofErised
|-supereffective|p1a: MirrorofErised
|-damage|p1a: MirrorofErised|13/100
|
|upkeep
|turn|15
|c|☆chopforce8|gg
|
|t:|1633165757
|move|p1a: MirrorofErised|Earth Power|p2a: Arceus
|-supereffective|p2a: Arceus
|-damage|p2a: Arceus|26/100
|move|p2a: Arceus|Earth Power|p1a: MirrorofErised
|-supereffective|p1a: MirrorofErised
|-damage|p1a: MirrorofErised|0 fnt
|faint|p1a: MirrorofErised
|
|win|85792195wwww
|raw|chopforce8's rating: 1896 &rarr; <strong>1872</strong><br />(-24 for losing)
|raw|85792195wwww's rating: 1829 &rarr; <strong>1853</strong><br />(+24 for winning)
|l|☆chopforce8
