|j|☆alwaysrinse
|j|☆Pkmn3443
|t:|1616553040
|player|p1|alwaysrinse|266|1956
|player|p2|Pkmn3443|2|1982
|teamsize|p1|6
|teamsize|p2|6
|gametype|singles
|gen|8
|tier|[Gen 8] National Dex AG
|rated|
|clearpoke
|poke|p1|Calyrex-Shadow|
|poke|p1|Rayquaza|
|poke|p1|Yveltal|
|poke|p1|Ditto|
|poke|p1|Arceus-*|
|poke|p1|Necrozma-Dusk-Mane|
|poke|p2|Zacian-Crowned|
|poke|p2|Necrozma-Dusk-Mane|
|poke|p2|Ditto|
|poke|p2|Ho-Oh|
|poke|p2|Rayquaza|
|poke|p2|Yveltal|
|rule|HP Percentage Mod: HP is shown in percentages
|rule|Endless Battle Clause: Forcing endless battles is banned
|teampreview
|c|☆alwaysrinse|this battle is rated 1956
|c|☆Pkmn3443|woah
|c|☆alwaysrinse|that's incredible
|c|☆alwaysrinse|I am 1956
|c|☆alwaysrinse|you are 1982
|c|☆alwaysrinse|I am 4th and you are 3rd
|c|☆alwaysrinse|this is the highest rated batlte i've seen on PS
|j| Jefff 369421
|c| Jefff 369421|hi
|c|☆alwaysrinse|your team has
|c|☆alwaysrinse|ray, yveltal, ditto, ndm
|c|☆alwaysrinse|but you have zac and ho oh instead of rex and arc
|c|☆Pkmn3443|Yep
|c|☆alwaysrinse|who do you lead
|c|☆alwaysrinse|I wonder
|c| Jefff 369421|Looking at ladder battles and seen the rare 1900 being able to be spectated
|c|☆alwaysrinse|who do I lead
|c|☆alwaysrinse|hmm
|
|t:|1616553148
|start
|switch|p1a: Arceus|Arceus-Dark|100/100
|switch|p2a: Yveltal|Yveltal|100/100
|-ability|p2a: Yveltal|Dark Aura
|turn|1
|c|☆alwaysrinse|ok good
|
|t:|1616553159
|switch|p2a: Zacian|Zacian-Crowned|100/100
|-ability|p2a: Zacian|Intrepid Sword|boost
|-boost|p2a: Zacian|atk|1
|move|p1a: Arceus|Calm Mind|p1a: Arceus
|-boost|p1a: Arceus|spa|1
|-boost|p1a: Arceus|spd|1
|
|upkeep
|turn|2
|j| Makaai(pokechamp)
|
|t:|1616553167
|switch|p1a: Necrozma|Necrozma-Dusk-Mane|100/100
|move|p2a: Zacian|Close Combat|p1a: Necrozma
|-damage|p1a: Necrozma|55/100
|-unboost|p2a: Zacian|def|1
|-unboost|p2a: Zacian|spd|1
|
|-heal|p1a: Necrozma|61/100|[from] item: Leftovers
|upkeep
|turn|3
|
|t:|1616553175
|move|p2a: Zacian|Crunch|p1a: Necrozma
|-supereffective|p1a: Necrozma
|-damage|p1a: Necrozma|19/100
|move|p1a: Necrozma|Morning Sun|p1a: Necrozma
|-heal|p1a: Necrozma|69/100
|
|-heal|p1a: Necrozma|75/100|[from] item: Leftovers
|upkeep
|turn|4
|
|t:|1616553183
|move|p2a: Zacian|Crunch|p1a: Necrozma
|-supereffective|p1a: Necrozma
|-damage|p1a: Necrozma|28/100
|move|p1a: Necrozma|Morning Sun|p1a: Necrozma
|-heal|p1a: Necrozma|78/100
|
|-heal|p1a: Necrozma|84/100|[from] item: Leftovers
|upkeep
|turn|5
|
|t:|1616553190
|move|p2a: Zacian|Crunch|p1a: Necrozma
|-supereffective|p1a: Necrozma
|-damage|p1a: Necrozma|37/100
|move|p1a: Necrozma|Thunder Wave|p2a: Zacian
|-status|p2a: Zacian|par
|
|-heal|p1a: Necrozma|43/100|[from] item: Leftovers
|upkeep
|turn|6
|l| Makaai(pokechamp)
|
|t:|1616553198
|move|p2a: Zacian|Crunch|p1a: Necrozma
|-supereffective|p1a: Necrozma
|-damage|p1a: Necrozma|0 fnt
|faint|p1a: Necrozma
|
|upkeep
|c|☆alwaysrinse|oops
|
|t:|1616553208
|switch|p1a: Calyrex|Calyrex-Shadow|100/100
|-ability|p1a: Calyrex|As One
|-ability|p1a: Calyrex|Unnerve|p2: Pkmn3443
|turn|7
|c|☆Pkmn3443|rip
|
|t:|1616553214
|switch|p2a: Ho-Oh|Ho-Oh|100/100
|move|p1a: Calyrex|Substitute|p1a: Calyrex
|-start|p1a: Calyrex|Substitute
|-damage|p1a: Calyrex|76/100
|
|upkeep
|turn|8
|
|t:|1616553221
|-zpower|p1a: Calyrex
|move|p1a: Calyrex|Never-Ending Nightmare|p2a: Ho-Oh|[zeffect]
|-damage|p2a: Ho-Oh|36/100
|move|p2a: Ho-Oh|Whirlwind|p1a: Calyrex
|drag|p1a: Yveltal|Yveltal|100/100
|-ability|p1a: Yveltal|Dark Aura
|
|upkeep
|turn|9
|
|t:|1616553232
|switch|p2a: Zacian|Zacian-Crowned|100/100 par
|-ability|p2a: Zacian|Intrepid Sword|boost
|-boost|p2a: Zacian|atk|1
|-start|p1a: Yveltal|Dynamax
|-heal|p1a: Yveltal|100/100|[silent]
|move|p1a: Yveltal|Max Airstream|p2a: Zacian
|-resisted|p2a: Zacian
|-damage|p2a: Zacian|52/100 par
|-boost|p1a: Yveltal|spe|1
|-damage|p1a: Yveltal|96/100|[from] item: Life Orb
|
|upkeep
|turn|10
|
|t:|1616553245
|switch|p2a: Ho-Oh|Ho-Oh|70/100
|move|p1a: Yveltal|Max Darkness|p2a: Ho-Oh
|-damage|p2a: Ho-Oh|8/100
|-unboost|p2a: Ho-Oh|spd|1
|-damage|p1a: Yveltal|91/100|[from] item: Life Orb
|
|upkeep
|turn|11
|
|t:|1616553263
|switch|p2a: Zacian|Zacian-Crowned|52/100 par
|-ability|p2a: Zacian|Intrepid Sword|boost
|-boost|p2a: Zacian|atk|1
|move|p1a: Yveltal|Max Darkness|p2a: Zacian
|-resisted|p2a: Zacian
|-damage|p2a: Zacian|0 fnt
|-damage|p1a: Yveltal|86/100|[from] item: Life Orb
|faint|p2a: Zacian
|
|-end|p1a: Yveltal|Dynamax
|-heal|p1a: Yveltal|86/100|[silent]
|upkeep
|j| ubdawg
|
|t:|1616553274
|switch|p2a: Rayquaza|Rayquaza|100/100
|-ability|p2a: Rayquaza|Air Lock
|turn|12
|
|t:|1616553279
|detailschange|p2a: Rayquaza|Rayquaza-Mega
|-mega|p2a: Rayquaza|Rayquaza|
|-weather|DeltaStream|[from] ability: Delta Stream|[of] p2a: Rayquaza
|move|p1a: Yveltal|Dark Pulse|p2a: Rayquaza
|-damage|p2a: Rayquaza|24/100
|-damage|p1a: Yveltal|76/100|[from] item: Life Orb
|move|p2a: Rayquaza|Dragon Ascent|p1a: Yveltal
|-crit|p1a: Yveltal
|-damage|p1a: Yveltal|0 fnt
|-unboost|p2a: Rayquaza|def|1
|-unboost|p2a: Rayquaza|spd|1
|-damage|p2a: Rayquaza|14/100|[from] item: Life Orb
|faint|p1a: Yveltal
|
|-weather|DeltaStream|[upkeep]
|upkeep
|
|t:|1616553300
|switch|p1a: Arceus|Arceus-Dark|100/100
|turn|13
|
|t:|1616553304
|move|p1a: Arceus|Judgment|p2a: Rayquaza
|-damage|p2a: Rayquaza|0 fnt
|faint|p2a: Rayquaza
|-weather|none
|
|upkeep
|c|☆alwaysrinse|this thing is good
|
|t:|1616553313
|switch|p2a: Ho-Oh|Ho-Oh|42/100
|turn|14
|
|t:|1616553322
|move|p1a: Arceus|Judgment|p2a: Ho-Oh
|-damage|p2a: Ho-Oh|17/100
|move|p2a: Ho-Oh|Toxic|p1a: Arceus
|-status|p1a: Arceus|tox
|
|-damage|p1a: Arceus|94/100 tox|[from] psn
|upkeep
|turn|15
|c|☆Pkmn3443|yeah
|
|t:|1616553333
|switch|p2a: Yveltal|Yveltal|100/100
|-ability|p2a: Yveltal|Dark Aura
|move|p1a: Arceus|Refresh|p1a: Arceus
|-curestatus|p1a: Arceus|tox|[msg]
|
|upkeep
|turn|16
|
|t:|1616553343
|move|p1a: Arceus|Calm Mind|p1a: Arceus
|-boost|p1a: Arceus|spa|1
|-boost|p1a: Arceus|spd|1
|move|p2a: Yveltal|Taunt|p1a: Arceus
|-start|p1a: Arceus|move: Taunt
|
|upkeep
|turn|17
|c|☆alwaysrinse|dark arc is a star
|
|t:|1616553353
|-start|p2a: Yveltal|Dynamax
|-heal|p2a: Yveltal|100/100|[silent]
|move|p1a: Arceus|Judgment|p2a: Yveltal
|-resisted|p2a: Yveltal
|-damage|p2a: Yveltal|78/100
|move|p2a: Yveltal|Max Airstream|p1a: Arceus
|-damage|p1a: Arceus|52/100
|-boost|p2a: Yveltal|spe|1
|-damage|p2a: Yveltal|73/100|[from] item: Life Orb
|
|upkeep
|turn|18
|
|t:|1616553367
|move|p2a: Yveltal|Max Darkness|p1a: Arceus
|-resisted|p1a: Arceus
|-damage|p1a: Arceus|23/100
|-unboost|p1a: Arceus|spd|1
|-damage|p2a: Yveltal|68/100|[from] item: Life Orb
|move|p1a: Arceus|Judgment|p2a: Yveltal
|-resisted|p2a: Yveltal
|-damage|p2a: Yveltal|46/100
|
|upkeep
|turn|19
|l| ubdawg
|
|t:|1616553384
|move|p2a: Yveltal|Max Airstream|p1a: Arceus
|-damage|p1a: Arceus|0 fnt
|-boost|p2a: Yveltal|spe|1
|-damage|p2a: Yveltal|41/100|[from] item: Life Orb
|faint|p1a: Arceus
|
|-end|p2a: Yveltal|Dynamax
|-heal|p2a: Yveltal|41/100|[silent]
|upkeep
|c|☆alwaysrinse|lemme do a calc
|
|t:|1616553431
|switch|p1a: Rayquaza|Rayquaza|100/100
|-ability|p1a: Rayquaza|Air Lock
|turn|20
|
|t:|1616553444
|switch|p2a: Necrozma|Necrozma-Dusk-Mane|100/100
|detailschange|p1a: Rayquaza|Rayquaza-Mega
|-mega|p1a: Rayquaza|Rayquaza|
|-weather|DeltaStream|[from] ability: Delta Stream|[of] p1a: Rayquaza
|move|p1a: Rayquaza|Extreme Speed|p2a: Necrozma
|-resisted|p2a: Necrozma
|-damage|p2a: Necrozma|86/100
|-damage|p1a: Rayquaza|84/100|[from] item: Rocky Helmet|[of] p2a: Necrozma
|-damage|p1a: Rayquaza|74/100|[from] item: Life Orb
|
|-weather|DeltaStream|[upkeep]
|upkeep
|turn|21
|inactive|Battle timer is ON: inactive players will automatically lose when time's up. (requested by alwaysrinse)
|
|t:|1616553466
|move|p1a: Rayquaza|V-create|p2a: Necrozma
|-supereffective|p2a: Necrozma
|-damage|p2a: Necrozma|0 fnt
|-unboost|p1a: Rayquaza|spe|1
|-unboost|p1a: Rayquaza|def|1
|-unboost|p1a: Rayquaza|spd|1
|-damage|p1a: Rayquaza|57/100|[from] item: Rocky Helmet|[of] p2a: Necrozma
|-damage|p1a: Rayquaza|48/100|[from] item: Life Orb
|faint|p2a: Necrozma
|
|-weather|DeltaStream|[upkeep]
|upkeep
|
|t:|1616553472
|switch|p2a: Ditto|Ditto|100/100
|-transform|p2a: Ditto|p1a: Rayquaza|[from] ability: Imposter
|turn|22
|
|t:|1616553484
|switch|p1a: Calyrex|Calyrex-Shadow|76/100
|-ability|p1a: Calyrex|As One
|-ability|p1a: Calyrex|Unnerve|p2: Pkmn3443
|move|p2a: Ditto|Extreme Speed|p1a: Calyrex
|-immune|p1a: Calyrex
|
|-weather|DeltaStream|[upkeep]
|upkeep
|turn|23
|
|t:|1616553494
|-weather|none
|switch|p2a: Yveltal|Yveltal|41/100
|-ability|p2a: Yveltal|Dark Aura
|move|p1a: Calyrex|Substitute|p1a: Calyrex
|-start|p1a: Calyrex|Substitute
|-damage|p1a: Calyrex|51/100
|
|upkeep
|turn|24
|
|t:|1616553500
|move|p1a: Calyrex|Astral Barrage|p2a: Yveltal
|-resisted|p2a: Yveltal
|-damage|p2a: Yveltal|8/100
|move|p2a: Yveltal|Oblivion Wing|p1a: Calyrex
|-end|p1a: Calyrex|Substitute
|-heal|p2a: Yveltal|24/100|[from] drain|[of] p1a: Calyrex
|-damage|p2a: Yveltal|14/100|[from] item: Life Orb
|
|upkeep
|turn|25
|
|t:|1616553510
|move|p1a: Calyrex|Astral Barrage|p2a: Yveltal
|-resisted|p2a: Yveltal
|-damage|p2a: Yveltal|0 fnt
|faint|p2a: Yveltal
|-ability|p1a: Calyrex|Grim Neigh|boost
|-boost|p1a: Calyrex|spa|1
|
|upkeep
|
|t:|1616553512
|switch|p2a: Ditto|Ditto|100/100
|-transform|p2a: Ditto|p1a: Calyrex|[from] ability: Imposter
|turn|26
|
|t:|1616553520
|switch|p1a: Ditto|Ditto|100/100
|move|p2a: Ditto|Astral Barrage|p1a: Ditto
|-immune|p1a: Ditto
|
|upkeep
|turn|27
|
|t:|1616553524
|switch|p2a: Ho-Oh|Ho-Oh|50/100
|move|p1a: Ditto|Transform|p2a: Ho-Oh
|-transform|p1a: Ditto|p2a: Ho-Oh
|-endability|p1a: Ditto|Imposter|[from] move: Transform
|
|upkeep
|turn|28
|
|t:|1616553528
|move|p1a: Ditto|Toxic|p2a: Ho-Oh
|-status|p2a: Ho-Oh|tox
|move|p2a: Ho-Oh|Toxic|p1a: Ditto
|-status|p1a: Ditto|tox
|
|-damage|p1a: Ditto|94/100 tox|[from] psn
|-damage|p2a: Ho-Oh|44/100 tox|[from] psn
|upkeep
|turn|29
|
|t:|1616553542
|move|p1a: Ditto|Toxic|p2a: Ho-Oh
|-fail|p2a: Ho-Oh|tox
|move|p2a: Ho-Oh|Sacred Fire|p1a: Ditto
|-resisted|p1a: Ditto
|-damage|p1a: Ditto|74/100 tox
|
|-damage|p1a: Ditto|62/100 tox|[from] psn
|-damage|p2a: Ho-Oh|32/100 tox|[from] psn
|upkeep
|turn|30
|
|t:|1616553552
|switch|p1a: Calyrex|Calyrex-Shadow|51/100
|-ability|p1a: Calyrex|As One
|-ability|p1a: Calyrex|Unnerve|p2: Pkmn3443
|switch|p2a: Ditto|Ditto|100/100
|-transform|p2a: Ditto|p1a: Calyrex|[from] ability: Imposter
|
|upkeep
|turn|31
|
|t:|1616553566
|switch|p1a: Ditto|Ditto|95/100 tox
|move|p2a: Ditto|Astral Barrage|p1a: Ditto
|-immune|p1a: Ditto
|
|-damage|p1a: Ditto|89/100 tox|[from] psn
|upkeep
|turn|32
|
|t:|1616553570
|move|p2a: Ditto|Astral Barrage|p1a: Ditto
|-immune|p1a: Ditto
|move|p1a: Ditto|Transform||[still]
|-fail|p1a: Ditto
|
|-damage|p1a: Ditto|77/100 tox|[from] psn
|upkeep
|turn|33
|
|t:|1616553573
|move|p2a: Ditto|Astral Barrage|p1a: Ditto
|-immune|p1a: Ditto
|move|p1a: Ditto|Transform||[still]
|-fail|p1a: Ditto
|
|-damage|p1a: Ditto|59/100 tox|[from] psn
|upkeep
|turn|34
|
|t:|1616553576
|move|p2a: Ditto|Astral Barrage|p1a: Ditto
|-immune|p1a: Ditto
|move|p1a: Ditto|Transform||[still]
|-fail|p1a: Ditto
|
|-damage|p1a: Ditto|35/100 tox|[from] psn
|upkeep
|turn|35
|
|t:|1616553579
|move|p2a: Ditto|Astral Barrage|p1a: Ditto
|-immune|p1a: Ditto
|move|p1a: Ditto|Transform||[still]
|-fail|p1a: Ditto
|
|-damage|p1a: Ditto|5/100 tox|[from] psn
|upkeep
|turn|36
|
|t:|1616553587
|switch|p2a: Ho-Oh|Ho-Oh|65/100 tox
|switch|p1a: Rayquaza|Rayquaza-Mega|48/100
|-weather|DeltaStream|[from] ability: Delta Stream|[of] p1a: Rayquaza
|
|-weather|DeltaStream|[upkeep]
|-damage|p2a: Ho-Oh|59/100 tox|[from] psn
|upkeep
|turn|37
|
|t:|1616553593
|move|p1a: Rayquaza|Dragon Ascent|p2a: Ho-Oh
|-damage|p2a: Ho-Oh|0 fnt
|-unboost|p1a: Rayquaza|def|1
|-unboost|p1a: Rayquaza|spd|1
|-damage|p1a: Rayquaza|38/100|[from] item: Life Orb
|faint|p2a: Ho-Oh
|
|-weather|DeltaStream|[upkeep]
|upkeep
|
|t:|1616553595
|switch|p2a: Ditto|Ditto|100/100
|-transform|p2a: Ditto|p1a: Rayquaza|[from] ability: Imposter
|turn|38
|
|t:|1616553613
|switch|p1a: Ditto|Ditto|5/100 tox
|move|p2a: Ditto|Dragon Ascent|p1a: Ditto
|-damage|p1a: Ditto|0 fnt
|-unboost|p2a: Ditto|def|1
|-unboost|p2a: Ditto|spd|1
|faint|p1a: Ditto
|
|-weather|DeltaStream|[upkeep]
|upkeep
|c|☆alwaysrinse|ok I win now
|
|t:|1616553626
|switch|p1a: Calyrex|Calyrex-Shadow|51/100
|-ability|p1a: Calyrex|As One
|-ability|p1a: Calyrex|Unnerve|p2: Pkmn3443
|turn|39
|c|☆Pkmn3443|aww
|
|t:|1616553631
|move|p2a: Ditto|Dragon Ascent|p1a: Calyrex
|-damage|p1a: Calyrex|0 fnt
|-unboost|p2a: Ditto|def|1
|-unboost|p2a: Ditto|spd|1
|faint|p1a: Calyrex
|
|-weather|DeltaStream|[upkeep]
|upkeep
|c|☆alwaysrinse|fish for those drops
|
|t:|1616553635
|switch|p1a: Rayquaza|Rayquaza-Mega|38/100
|turn|40
|
|t:|1616553638
|move|p1a: Rayquaza|Extreme Speed|p2a: Ditto
|-damage|p2a: Ditto|0 fnt
|-damage|p1a: Rayquaza|28/100|[from] item: Life Orb
|faint|p2a: Ditto
|
|win|alwaysrinse
|raw|alwaysrinse's rating: 1956 &rarr; <strong>1977</strong><br />(+21 for winning)
|raw|Pkmn3443's rating: 1982 &rarr; <strong>1961</strong><br />(-21 for losing)
|l|☆Pkmn3443
|c|☆alwaysrinse|wow
