|j|☆Opnoob 598
|j|☆rowletroost
|inactive|Battle timer is ON: inactive players will automatically lose when time's up.
|t:|1645284521
|gametype|singles
|player|p1|Opnoob 598|n|
|player|p2|rowletroost|lance|
|teamsize|p1|6
|teamsize|p2|6
|gen|8
|tier|[Gen 8] National Dex AG
|rated|Tournament battle
|rule|HP Percentage Mod: HP is shown in percentages
|rule|Endless Battle Clause: Forcing endless battles is banned
|clearpoke
|poke|p1|Arceus-*|
|poke|p1|Marshadow|
|poke|p1|Rayquaza|
|poke|p1|Ditto|
|poke|p1|Yveltal|
|poke|p1|Arceus-*|
|poke|p2|Arceus-*|
|poke|p2|Xerneas-*|
|poke|p2|Kyogre|
|poke|p2|Marshadow|
|poke|p2|Ribombee, M|
|poke|p2|Vivillon-Savanna, F|
|teampreview
|inactive|rowletroost also wants the timer to be on.
|j| Astral-Comet ✘
|
|t:|1645284535
|start
|switch|p1a: Arceus|Arceus-Ground|100/100
|switch|p2a: Kyogre|Kyogre, shiny|100/100
|detailschange|p2a: Kyogre|Kyogre-Primal, shiny
|-primal|p2a: Kyogre
|-weather|PrimordialSea|[from] ability: Primordial Sea|[of] p2a: Kyogre
|turn|1
|
|t:|1645284539
|move|p1a: Arceus|Stealth Rock|p2a: Kyogre
|-sidestart|p2: rowletroost|move: Stealth Rock
|move|p2a: Kyogre|Ice Beam|p1a: Arceus
|-supereffective|p1a: Arceus
|-damage|p1a: Arceus|43/100
|
|-weather|PrimordialSea|[upkeep]
|upkeep
|turn|2
|
|t:|1645284542
|-zpower|p1a: Arceus
|move|p1a: Arceus|Tectonic Rage|p2a: Kyogre|[zeffect]
|-damage|p2a: Kyogre|14/100
|move|p2a: Kyogre|Ice Beam|p1a: Arceus
|-supereffective|p1a: Arceus
|-damage|p1a: Arceus|0 fnt
|faint|p1a: Arceus
|
|-weather|PrimordialSea|[upkeep]
|upkeep
|c| Astral-Comet ✘|||Why this kolaveri kolaveri kolaveri di!!||
|j| Aigher
|
|t:|1645284548
|switch|p1a: Rayquaza|Rayquaza|100/100
|-ability|p1a: Rayquaza|Air Lock
|turn|3
|
|t:|1645284550
|detailschange|p1a: Rayquaza|Rayquaza-Mega
|-mega|p1a: Rayquaza|Rayquaza|
|-weather|DeltaStream|[from] ability: Delta Stream|[of] p1a: Rayquaza
|move|p1a: Rayquaza|Earthquake|p2a: Kyogre
|-damage|p2a: Kyogre|0 fnt
|faint|p2a: Kyogre
|-damage|p1a: Rayquaza|91/100|[from] item: Life Orb
|
|-weather|DeltaStream|[upkeep]
|upkeep
|
|t:|1645284553
|switch|p2a: Arceus|Arceus-Ground|100/100
|-damage|p2a: Arceus|94/100|[from] Stealth Rock
|turn|4
|
|t:|1645284556
|move|p1a: Rayquaza|Dragon Ascent|p2a: Arceus
|-damage|p2a: Arceus|39/100
|-unboost|p1a: Rayquaza|def|1
|-unboost|p1a: Rayquaza|spd|1
|-damage|p1a: Rayquaza|81/100|[from] item: Life Orb
|move|p2a: Arceus|Defog|p1a: Rayquaza
|-unboost|p1a: Rayquaza|evasion|1
|-sideend|p2: rowletroost|Stealth Rock|[from] move: Defog|[of] p2a: Arceus
|
|-weather|DeltaStream|[upkeep]
|upkeep
|turn|5
|c| Astral-Comet ✘|Op noob did you ever heard this
|
|t:|1645284560
|move|p1a: Rayquaza|Dragon Ascent|p2a: Arceus
|-damage|p2a: Arceus|0 fnt
|-unboost|p1a: Rayquaza|def|1
|-unboost|p1a: Rayquaza|spd|1
|faint|p2a: Arceus
|-damage|p1a: Rayquaza|71/100|[from] item: Life Orb
|
|-weather|DeltaStream|[upkeep]
|upkeep
|
|t:|1645284568
|switch|p2a: Ribombee|Ribombee, M, shiny|100/100
|turn|6
|
|t:|1645284572
|move|p1a: Rayquaza|Extreme Speed|p2a: Ribombee
|-enditem|p2a: Ribombee|Focus Sash
|-damage|p2a: Ribombee|1/100
|-damage|p1a: Rayquaza|61/100|[from] item: Life Orb
|move|p2a: Ribombee|Sticky Web|p1a: Rayquaza
|-sidestart|p1: Opnoob 598|move: Sticky Web
|
|-weather|DeltaStream|[upkeep]
|upkeep
|turn|7
|
|t:|1645284575
|switch|p2a: Marshadow|Marshadow|100/100
|move|p1a: Rayquaza|Extreme Speed|p2a: Marshadow
|-immune|p2a: Marshadow
|
|-weather|DeltaStream|[upkeep]
|upkeep
|turn|8
|j| AGCL6 Swas
|
|t:|1645284583
|-weather|none
|switch|p1a: Yveltal|Yveltal|100/100
|-ability|p1a: Yveltal|Dark Aura
|move|p2a: Marshadow|Spectral Thief|p1a: Yveltal
|-resisted|p1a: Yveltal
|-damage|p1a: Yveltal|78/100
|
|upkeep
|turn|9
|
|t:|1645284592
|switch|p2a: Ribombee|Ribombee, M, shiny|1/100
|move|p1a: Yveltal|Oblivion Wing|p2a: Ribombee
|-supereffective|p2a: Ribombee
|-damage|p2a: Ribombee|0 fnt
|-heal|p1a: Yveltal|78/100|[from] drain|[of] p2a: Ribombee
|faint|p2a: Ribombee
|-damage|p1a: Yveltal|68/100|[from] item: Life Orb
|
|upkeep
|j| Lord Rekkuza
|
|t:|1645284608
|switch|p2a: Xerneas|Xerneas, shiny|100/100
|-ability|p2a: Xerneas|Fairy Aura
|turn|10
|
|t:|1645284613
|move|p1a: Yveltal|Oblivion Wing|p2a: Xerneas
|-damage|p2a: Xerneas|55/100
|-heal|p1a: Yveltal|100/100|[from] drain|[of] p2a: Xerneas
|-damage|p1a: Yveltal|90/100|[from] item: Life Orb
|move|p2a: Xerneas|Geomancy||[still]
|-prepare|p2a: Xerneas|Geomancy
|-enditem|p2a: Xerneas|Power Herb
|-anim|p2a: Xerneas|Geomancy|p2a: Xerneas
|-boost|p2a: Xerneas|spa|2
|-boost|p2a: Xerneas|spd|2
|-boost|p2a: Xerneas|spe|2
|
|upkeep
|turn|11
|l| AGCL6 Swas
|
|t:|1645284617
|move|p1a: Yveltal|Sucker Punch|p2a: Xerneas
|-resisted|p2a: Xerneas
|-damage|p2a: Xerneas|35/100
|-damage|p1a: Yveltal|80/100|[from] item: Life Orb
|move|p2a: Xerneas|Moonblast|p1a: Yveltal
|-supereffective|p1a: Yveltal
|-damage|p1a: Yveltal|0 fnt
|faint|p1a: Yveltal
|
|upkeep
|
|t:|1645284623
|switch|p1a: Ditto|Ditto|100/100
|-activate|p1a: Ditto|move: Sticky Web
|-unboost|p1a: Ditto|spe|1
|-transform|p1a: Ditto|p2a: Xerneas|[from] ability: Imposter
|-ability|p1a: Ditto|Fairy Aura
|turn|12
|
|t:|1645284627
|-start|p2a: Xerneas|Dynamax
|-heal|p2a: Xerneas|35/100|[silent]
|move|p1a: Ditto|Moonblast|p2a: Xerneas
|-damage|p2a: Xerneas|1/100
|move|p2a: Xerneas|Max Starfall|p1a: Ditto
|-damage|p1a: Ditto|0 fnt
|-fieldstart|move: Misty Terrain
|faint|p1a: Ditto
|
|upkeep
|
|t:|1645284632
|switch|p1a: Marshadow|Marshadow|100/100
|-activate|p1a: Marshadow|move: Sticky Web
|-unboost|p1a: Marshadow|spe|1
|turn|13
|
|t:|1645284635
|move|p1a: Marshadow|Shadow Sneak|p2a: Xerneas
|-damage|p2a: Xerneas|0 fnt
|faint|p2a: Xerneas
|-damage|p1a: Marshadow|91/100|[from] item: Life Orb
|
|upkeep
|
|t:|1645284638
|switch|p2a: Marshadow|Marshadow|100/100
|turn|14
|
|t:|1645284641
|switch|p1a: Arceus|Arceus-Electric|100/100
|-activate|p1a: Arceus|move: Sticky Web
|-unboost|p1a: Arceus|spe|1
|move|p2a: Marshadow|Shadow Sneak|p1a: Arceus
|-damage|p1a: Arceus|78/100
|
|upkeep
|turn|15
|c|☆Opnoob 598|Ggwp
|
|t:|1645284651
|-start|p1a: Arceus|Dynamax
|-heal|p1a: Arceus|78/100|[silent]
|move|p2a: Marshadow|Rock Tomb|p1a: Arceus
|-damage|p1a: Arceus|67/100
|-unboost|p1a: Arceus|spe|1
|move|p1a: Arceus|Max Lightning|p2a: Marshadow
|-damage|p2a: Marshadow|24/100
|-fieldstart|move: Electric Terrain
|
|upkeep
|turn|16
|l| Aigher
|
|t:|1645284659
|move|p2a: Marshadow|Rock Tomb|p1a: Arceus
|-damage|p1a: Arceus|55/100
|-unboost|p1a: Arceus|spe|1
|move|p1a: Arceus|Max Lightning|p2a: Marshadow
|-damage|p2a: Marshadow|0 fnt
|faint|p2a: Marshadow
|
|upkeep
|
|t:|1645284663
|switch|p2a: Vivillon|Vivillon-Savanna, F|100/100
|turn|17
|j| Aigher
|
|t:|1645284665
|-end|p1a: Arceus|Dynamax
|-heal|p1a: Arceus|55/100|[silent]
|switch|p1a: Rayquaza|Rayquaza-Mega|61/100
|-weather|DeltaStream|[from] ability: Delta Stream|[of] p1a: Rayquaza
|move|p2a: Vivillon|Substitute|p2a: Vivillon
|-start|p2a: Vivillon|Substitute
|-damage|p2a: Vivillon|76/100
|
|-weather|DeltaStream|[upkeep]
|-heal|p2a: Vivillon|82/100|[from] item: Leftovers
|upkeep
|turn|18
|
|t:|1645284672
|move|p1a: Rayquaza|Extreme Speed|p2a: Vivillon
|-end|p2a: Vivillon|Substitute
|-damage|p1a: Rayquaza|51/100|[from] item: Life Orb
|move|p2a: Vivillon|Sleep Powder|p1a: Rayquaza
|-status|p1a: Rayquaza|slp|[from] move: Sleep Powder
|
|-weather|DeltaStream|[upkeep]
|-heal|p2a: Vivillon|88/100|[from] item: Leftovers
|upkeep
|turn|19
|
|t:|1645284677
|cant|p1a: Rayquaza|slp
|move|p2a: Vivillon|Substitute|p2a: Vivillon
|-start|p2a: Vivillon|Substitute
|-damage|p2a: Vivillon|63/100
|
|-weather|DeltaStream|[upkeep]
|-heal|p2a: Vivillon|69/100|[from] item: Leftovers
|-fieldend|move: Electric Terrain
|upkeep
|turn|20
|
|t:|1645284682
|cant|p1a: Rayquaza|slp
|move|p2a: Vivillon|Quiver Dance|p2a: Vivillon
|-boost|p2a: Vivillon|spa|1
|-boost|p2a: Vivillon|spd|1
|-boost|p2a: Vivillon|spe|1
|
|-weather|DeltaStream|[upkeep]
|-heal|p2a: Vivillon|75/100|[from] item: Leftovers
|upkeep
|turn|21
|
|t:|1645284686
|cant|p1a: Rayquaza|slp
|move|p2a: Vivillon|Hurricane|p1a: Rayquaza
|-damage|p1a: Rayquaza|0 fnt
|faint|p1a: Rayquaza
|-weather|none
|
|-heal|p2a: Vivillon|81/100|[from] item: Leftovers
|upkeep
|c|☆Opnoob 598|Damn
|c|☆Opnoob 598|Ur so lucky with those 3 turn sleeps
|c|☆Opnoob 598|Icemaster lost due to that
|inactive|Opnoob 598 has 120 seconds left.
|
|t:|1645284720
|switch|p1a: Marshadow|Marshadow|91/100
|-activate|p1a: Marshadow|move: Sticky Web
|-unboost|p1a: Marshadow|spe|1
|turn|22
|
|t:|1645284723
|move|p2a: Vivillon|Sleep Powder|p1a: Marshadow
|-status|p1a: Marshadow|slp|[from] move: Sleep Powder
|cant|p1a: Marshadow|slp
|
|-heal|p2a: Vivillon|87/100|[from] item: Leftovers
|upkeep
|turn|23
|c| Lord Rekkuza|You shouldn’t have switched into rayquaza
|
|t:|1645284727
|-curestatus|p1a: Marshadow|slp|[msg]
|move|p1a: Marshadow|Shadow Sneak|p2a: Vivillon
|-end|p2a: Vivillon|Substitute
|-damage|p1a: Marshadow|81/100|[from] item: Life Orb
|move|p2a: Vivillon|Hurricane|p1a: Marshadow
|-supereffective|p1a: Marshadow
|-damage|p1a: Marshadow|0 fnt
|faint|p1a: Marshadow
|
|-heal|p2a: Vivillon|93/100|[from] item: Leftovers
|upkeep
|
|t:|1645284730
|switch|p1a: Arceus|Arceus-Electric|55/100
|-activate|p1a: Arceus|move: Sticky Web
|-unboost|p1a: Arceus|spe|1
|turn|24
|j| iklalz
|
|t:|1645284732
|move|p2a: Vivillon|Sleep Powder|p1a: Arceus
|-status|p1a: Arceus|slp|[from] move: Sleep Powder
|cant|p1a: Arceus|slp
|
|-heal|p2a: Vivillon|99/100|[from] item: Leftovers
|upkeep
|turn|25
|
|t:|1645284735
|move|p2a: Vivillon|Substitute|p2a: Vivillon
|-start|p2a: Vivillon|Substitute
|-damage|p2a: Vivillon|74/100
|cant|p1a: Arceus|slp
|
|-heal|p2a: Vivillon|80/100|[from] item: Leftovers
|upkeep
|turn|26
|
|t:|1645284738
|move|p2a: Vivillon|Hurricane|p1a: Arceus
|-resisted|p1a: Arceus
|-crit|p1a: Arceus
|-damage|p1a: Arceus|22/100 slp
|cant|p1a: Arceus|slp
|
|-heal|p2a: Vivillon|86/100|[from] item: Leftovers
|upkeep
|turn|27
|
|t:|1645284743
|move|p2a: Vivillon|Hurricane|p1a: Arceus
|-resisted|p1a: Arceus
|-damage|p1a: Arceus|0 fnt
|faint|p1a: Arceus
|
|win|rowletroost
|n|☆Opnoob 598|opnoob598
|n|☆rowletroost|rowletroost
|n| Astral-Comet ✘|astralcomet
|n| Lord Rekkuza|lordrekkuza
|n| Aigher|aigher
|n| iklalz|iklalz
|c|☆Opnoob 598|The luck
|c|☆Opnoob 598|Jesus
|c|☆Opnoob 598|Man
|c|☆rowletroost|the skill
|c| Lord Rekkuza|Electric terrain stops grounded pkmn from falling asleep
|c| iklalz|vivillion -.-
|l| iklalz
|c| Lord Rekkuza|you could have beat him if you hadn’t switched into ray lol
|c|☆Opnoob 598|Bruh
|l| Aigher
|c|☆Opnoob 598|E terrain
|c|☆rowletroost|yeah that was a choke
|c|☆Opnoob 598|Got over
|c|☆Opnoob 598|So doesn't matter
|c|☆rowletroost|no it didnt
|c|☆Opnoob 598|+ he had sub
|c|☆Opnoob 598|So he would stall me
|c|☆rowletroost|it was still up
|c|☆Opnoob 598|Until that went
|c|☆Opnoob 598|Ur got lucky with that 3 turn sleep
|c|☆Opnoob 598|I would have 2hkoed u
|c|☆Opnoob 598|With e speed
|c|☆Opnoob 598|Damn
|c|☆Opnoob 598|Gg
|c|☆rowletroost|gg
