|j|☆Ascended Alive
|j|☆C0ld as Ic3
|t:|1654221872
|gametype|singles
|player|p1|Ascended Alive|cameraman|1707
|player|p2|C0ld as Ic3|schoolkid-gen4dp|1735
|teamsize|p1|6
|teamsize|p2|6
|gen|8
|tier|[Gen 8] National Dex AG
|rated|
|rule|HP Percentage Mod: HP is shown in percentages
|rule|Endless Battle Clause: Forcing endless battles is banned
|clearpoke
|poke|p1|Groudon|
|poke|p1|Zacian-*|
|poke|p1|Calyrex-Shadow|
|poke|p1|Necrozma-Dusk-Mane|
|poke|p1|Ditto|
|poke|p1|Yveltal|
|poke|p2|Necrozma-Dusk-Mane|
|poke|p2|Zygarde|
|poke|p2|Calyrex-Shadow|
|poke|p2|Marshadow|
|poke|p2|Xerneas-*|
|poke|p2|Skarmory, F|
|teampreview
|inactive|Battle timer is ON: inactive players will automatically lose when time's up. (requested by C0ld as Ic3)
|c|☆Ascended Alive|gl hf
|c|☆Ascended Alive|y'know
|c|☆Ascended Alive|we've run into each other quite a few times
|
|t:|1654221895
|start
|switch|p1a: Groudon|Groudon|100/100
|switch|p2a: Skarmory|Skarmory, F|100/100
|detailschange|p1a: Groudon|Groudon-Primal
|-primal|p1a: Groudon
|-weather|DesolateLand|[from] ability: Desolate Land|[of] p1a: Groudon
|turn|1
|
|t:|1654221916
|move|p2a: Skarmory|Taunt|p1a: Groudon
|-start|p1a: Groudon|move: Taunt
|move|p1a: Groudon|Dragon Tail|p2a: Skarmory
|-resisted|p2a: Skarmory
|-damage|p2a: Skarmory|89/100
|-damage|p1a: Groudon|84/100|[from] item: Rocky Helmet|[of] p2a: Skarmory
|drag|p2a: Marshadow|Marshadow|100/100
|
|-weather|DesolateLand|[upkeep]
|upkeep
|turn|2
|
|t:|1654221925
|switch|p2a: Skarmory|Skarmory, F|89/100
|move|p1a: Groudon|Dragon Tail|p2a: Skarmory|[miss]
|-miss|p1a: Groudon|p2a: Skarmory
|
|-weather|DesolateLand|[upkeep]
|upkeep
|turn|3
|
|t:|1654221954
|move|p2a: Skarmory|Spikes|p1a: Groudon
|-sidestart|p1: Ascended Alive|Spikes
|move|p1a: Groudon|Dragon Tail|p2a: Skarmory
|-resisted|p2a: Skarmory
|-damage|p2a: Skarmory|78/100
|-damage|p1a: Groudon|67/100|[from] item: Rocky Helmet|[of] p2a: Skarmory
|drag|p2a: Necrozma|Necrozma-Dusk-Mane|100/100
|
|-weather|DesolateLand|[upkeep]
|-end|p1a: Groudon|move: Taunt
|upkeep
|turn|4
|
|t:|1654221961
|switch|p2a: Skarmory|Skarmory, F|78/100
|move|p1a: Groudon|Thunder Wave|p2a: Skarmory
|-status|p2a: Skarmory|par
|
|-weather|DesolateLand|[upkeep]
|upkeep
|turn|5
|inactive|C0ld as Ic3 has 120 seconds left.
|
|t:|1654221993
|move|p1a: Groudon|Stealth Rock|p2a: Skarmory
|-sidestart|p2: C0ld as Ic3|move: Stealth Rock
|cant|p2a: Skarmory|par
|
|-weather|DesolateLand|[upkeep]
|upkeep
|turn|6
|inactive|Ascended Alive has 120 seconds left.
|
|t:|1654222026
|move|p2a: Skarmory|Spikes|p1a: Groudon
|-sidestart|p1: Ascended Alive|Spikes
|move|p1a: Groudon|Dragon Tail|p2a: Skarmory
|-resisted|p2a: Skarmory
|-damage|p2a: Skarmory|68/100 par
|-damage|p1a: Groudon|51/100|[from] item: Rocky Helmet|[of] p2a: Skarmory
|drag|p2a: Zygarde|Zygarde|100/100
|-damage|p2a: Zygarde|94/100|[from] Stealth Rock
|
|-weather|DesolateLand|[upkeep]
|upkeep
|turn|7
|inactive|C0ld as Ic3 has 120 seconds left.
|j| Ultramanball1
|
|t:|1654222047
|switch|p2a: Skarmory|Skarmory, F|68/100 par
|-damage|p2a: Skarmory|55/100 par|[from] Stealth Rock
|move|p1a: Groudon|Dragon Tail|p2a: Skarmory|[miss]
|-miss|p1a: Groudon|p2a: Skarmory
|
|-weather|DesolateLand|[upkeep]
|upkeep
|turn|8
|l| Ultramanball1
|
|t:|1654222059
|-weather|none
|switch|p1a: Calyrex|Calyrex-Shadow|100/100
|-ability|p1a: Calyrex|As One
|-ability|p1a: Calyrex|Unnerve
|-damage|p1a: Calyrex|84/100|[from] Spikes
|cant|p2a: Skarmory|par
|
|upkeep
|turn|9
|inactive|C0ld as Ic3 has 120 seconds left.
|
|t:|1654222079
|move|p1a: Calyrex|Draining Kiss|p2a: Skarmory
|-resisted|p2a: Skarmory
|-damage|p2a: Skarmory|37/100 par
|-heal|p1a: Calyrex|95/100|[from] drain|[of] p2a: Skarmory
|-damage|p1a: Calyrex|79/100|[from] item: Rocky Helmet|[of] p2a: Skarmory
|move|p2a: Skarmory|Spikes|p1a: Calyrex
|-sidestart|p1: Ascended Alive|Spikes
|
|upkeep
|turn|10
|
|t:|1654222087
|move|p1a: Calyrex|Astral Barrage|p2a: Skarmory
|-damage|p2a: Skarmory|0 fnt
|faint|p2a: Skarmory
|-ability|p1a: Calyrex|Grim Neigh|boost
|-boost|p1a: Calyrex|spa|1
|
|upkeep
|
|t:|1654222094
|switch|p2a: Marshadow|Marshadow|100/100
|-damage|p2a: Marshadow|94/100|[from] Stealth Rock
|turn|11
|
|t:|1654222098
|switch|p1a: Yveltal|Yveltal|100/100
|-ability|p1a: Yveltal|Dark Aura
|move|p2a: Marshadow|Shadow Sneak|p1a: Yveltal
|-resisted|p1a: Yveltal
|-crit|p1a: Yveltal
|-damage|p1a: Yveltal|81/100
|
|-heal|p1a: Yveltal|87/100|[from] item: Leftovers
|upkeep
|turn|12
|
|t:|1654222120
|switch|p2a: Xerneas|Xerneas|100/100
|-damage|p2a: Xerneas|88/100|[from] Stealth Rock
|-ability|p2a: Xerneas|Fairy Aura
|move|p1a: Yveltal|Toxic|p2a: Xerneas
|-status|p2a: Xerneas|tox
|
|-heal|p1a: Yveltal|93/100|[from] item: Leftovers
|-damage|p2a: Xerneas|82/100 tox|[from] psn
|upkeep
|turn|13
|
|t:|1654222124
|move|p2a: Xerneas|Moonblast|p1a: Yveltal
|-supereffective|p1a: Yveltal
|-damage|p1a: Yveltal|20/100
|move|p1a: Yveltal|Knock Off|p2a: Xerneas
|-resisted|p2a: Xerneas
|-damage|p2a: Xerneas|59/100 tox
|-enditem|p2a: Xerneas|Power Herb|[from] move: Knock Off|[of] p1a: Yveltal
|
|-heal|p1a: Yveltal|26/100|[from] item: Leftovers
|-damage|p2a: Xerneas|47/100 tox|[from] psn
|upkeep
|turn|14
|
|t:|1654222128
|switch|p1a: Groudon|Groudon-Primal|51/100
|-damage|p1a: Groudon|26/100|[from] Spikes
|-weather|DesolateLand|[from] ability: Desolate Land|[of] p1a: Groudon
|move|p2a: Xerneas|Moonblast|p1a: Groudon
|-resisted|p1a: Groudon
|-damage|p1a: Groudon|3/100
|
|-weather|DesolateLand|[upkeep]
|-damage|p2a: Xerneas|28/100 tox|[from] psn
|upkeep
|turn|15
|
|t:|1654222134
|move|p2a: Xerneas|Moonblast|p1a: Groudon
|-resisted|p1a: Groudon
|-damage|p1a: Groudon|0 fnt
|faint|p1a: Groudon
|-weather|none
|
|-damage|p2a: Xerneas|3/100 tox|[from] psn
|upkeep
|
|t:|1654222139
|switch|p1a: Calyrex|Calyrex-Shadow|79/100
|-ability|p1a: Calyrex|As One
|-ability|p1a: Calyrex|Unnerve
|-damage|p1a: Calyrex|54/100|[from] Spikes
|turn|16
|
|t:|1654222142
|-start|p1a: Calyrex|Dynamax|
|-heal|p1a: Calyrex|54/100|[silent]
|move|p1a: Calyrex|Max Mindstorm|p2a: Xerneas
|-crit|p2a: Xerneas
|-damage|p2a: Xerneas|0 fnt
|-fieldstart|move: Psychic Terrain
|faint|p2a: Xerneas
|-ability|p1a: Calyrex|Grim Neigh|boost
|-boost|p1a: Calyrex|spa|1
|
|upkeep
|
|t:|1654222150
|switch|p2a: Calyrex|Calyrex-Shadow|100/100
|-ability|p2a: Calyrex|As One
|-ability|p2a: Calyrex|Unnerve
|-damage|p2a: Calyrex|88/100|[from] Stealth Rock
|turn|17
|
|t:|1654222153
|move|p1a: Calyrex|Max Phantasm|p2a: Calyrex
|-supereffective|p2a: Calyrex
|-damage|p2a: Calyrex|0 fnt
|faint|p2a: Calyrex
|-ability|p1a: Calyrex|Grim Neigh|boost
|-boost|p1a: Calyrex|spa|1
|
|upkeep
|
|t:|1654222157
|switch|p2a: Zygarde|Zygarde|94/100
|-damage|p2a: Zygarde|88/100|[from] Stealth Rock
|turn|18
|
|t:|1654222160
|-start|p2a: Zygarde|Dynamax|
|-heal|p2a: Zygarde|88/100|[silent]
|move|p2a: Zygarde|Max Guard|p2a: Zygarde
|-singleturn|p2a: Zygarde|Max Guard
|move|p1a: Calyrex|Max Starfall|p2a: Zygarde
|-activate|p2a: Zygarde|move: Max Guard
|
|upkeep
|-end|p1a: Calyrex|Dynamax
|-heal|p1a: Calyrex|54/100|[silent]
|turn|19
|
|t:|1654222166
|move|p1a: Calyrex|Expanding Force|p2a: Zygarde
|-damage|p2a: Zygarde|0 fnt
|faint|p2a: Zygarde
|-ability|p1a: Calyrex|Grim Neigh|boost
|-boost|p1a: Calyrex|spa|1
|
|upkeep
|
|t:|1654222168
|switch|p2a: Marshadow|Marshadow|94/100
|-damage|p2a: Marshadow|88/100|[from] Stealth Rock
|turn|20
|
|t:|1654222170
|move|p2a: Marshadow|Endure|p2a: Marshadow
|-singleturn|p2a: Marshadow|move: Endure
|move|p1a: Calyrex|Draining Kiss|p2a: Marshadow
|-supereffective|p2a: Marshadow
|-activate|p2a: Marshadow|move: Endure
|-damage|p2a: Marshadow|1/100
|-heal|p1a: Calyrex|100/100|[from] drain|[of] p2a: Marshadow
|
|-fieldend|move: Psychic Terrain
|upkeep
|turn|21
|
|t:|1654222174
|move|p2a: Marshadow|Shadow Sneak|p1a: Calyrex
|-supereffective|p1a: Calyrex
|-enditem|p1a: Calyrex|Focus Sash
|-damage|p1a: Calyrex|1/100
|move|p1a: Calyrex|Expanding Force|p2a: Marshadow
|-supereffective|p2a: Marshadow
|-damage|p2a: Marshadow|0 fnt
|faint|p2a: Marshadow
|-ability|p1a: Calyrex|Grim Neigh|boost
|-boost|p1a: Calyrex|spa|1
|
|upkeep
|-message|C0ld as Ic3 forfeited.
|
|win|Ascended Alive
|raw|Ascended Alive's rating: 1707 &rarr; <strong>1730</strong><br />(+23 for winning)
|raw|C0ld as Ic3's rating: 1756 &rarr; <strong>1733</strong><br />(-23 for losing)
|l|☆C0ld as Ic3
||Ladder isn't responding, score probably updated but might not have (Request timeout).
