|j|☆Geysers
|j|☆JAY100064
|inactive|Battle timer is ON: inactive players will automatically lose when time's up.
|t:|1651790351
|gametype|singles
|player|p1|Geysers|lusamine-nihilego|
|player|p2|JAY100064|backersf|
|teamsize|p1|6
|teamsize|p2|6
|gen|8
|tier|[Gen 8] National Dex AG
|rated|Tournament battle
|rule|HP Percentage Mod: HP is shown in percentages
|rule|Endless Battle Clause: Forcing endless battles is banned
|clearpoke
|poke|p1|Yveltal|
|poke|p1|Necrozma-Dusk-Mane|
|poke|p1|Arceus-*|
|poke|p1|Arceus-*|
|poke|p1|Kyogre|
|poke|p1|Calyrex-Shadow|
|poke|p2|Chansey, F|
|poke|p2|Sableye, M|
|poke|p2|Arceus-*|
|poke|p2|Necrozma-Dusk-Mane|
|poke|p2|Arceus-*|
|poke|p2|Ho-Oh|
|teampreview
|inactive|Geysers also wants the timer to be on.
|c|☆Geysers|have
|c|☆Geysers|fun!
|
|t:|1651790357
|start
|switch|p1a: Kyogre|Kyogre|100/100
|switch|p2a: Sableye|Sableye, M, shiny|100/100
|detailschange|p1a: Kyogre|Kyogre-Primal
|-primal|p1a: Kyogre
|-weather|PrimordialSea|[from] ability: Primordial Sea|[of] p1a: Kyogre
|turn|1
|c|☆JAY100064|...
|j| Sunesis
|
|t:|1651790366
|-weather|none
|switch|p1a: Arceus|Arceus-Steel|100/100
|detailschange|p2a: Sableye|Sableye-Mega, M, shiny
|-mega|p2a: Sableye|Sableye|Sablenite
|move|p2a: Sableye|Protect||[still]
|-fail|p2a: Sableye
|
|upkeep
|turn|2
|c| Sunesis|go geysers
|c|☆JAY100064|...
|j| SunlightAndStorms
|c| Sunesis|sorry
|
|t:|1651790379
|move|p2a: Sableye|Protect|p2a: Sableye
|-singleturn|p2a: Sableye|Protect
|move|p1a: Arceus|Judgment|p2a: Sableye
|-activate|p2a: Sableye|move: Protect
|
|upkeep
|turn|3
|
|t:|1651790387
|switch|p1a: Calyrex|Calyrex-Shadow|100/100
|-ability|p1a: Calyrex|As One
|-ability|p1a: Calyrex|Unnerve
|switch|p2a: Ho-Oh|Ho-Oh, shiny|100/100
|
|upkeep
|turn|4
|
|t:|1651790401
|switch|p2a: Arceus|Arceus-Dark, shiny|100/100
|move|p1a: Calyrex|Nasty Plot|p1a: Calyrex
|-boost|p1a: Calyrex|spa|2
|
|upkeep
|turn|5
|j|+WSun1 ❤
|
|t:|1651790411
|-start|p2a: Arceus|Dynamax|
|-heal|p2a: Arceus|100/100|[silent]
|move|p1a: Calyrex|Baton Pass|p1a: Calyrex
|
|t:|1651790416
|switch|p1a: Arceus|Arceus-Steel|100/100|[from]move: Baton Pass
|move|p2a: Arceus|Max Darkness|p1a: Arceus
|-damage|p1a: Arceus|48/100
|-unboost|p1a: Arceus|spd|1
|
|upkeep
|turn|6
|
|t:|1651790426
|switch|p1a: Yveltal|Yveltal|100/100
|-ability|p1a: Yveltal|Dark Aura
|move|p2a: Arceus|Max Darkness|p1a: Yveltal
|-resisted|p1a: Yveltal
|-damage|p1a: Yveltal|76/100
|-unboost|p1a: Yveltal|spd|1
|
|upkeep
|turn|7
|
|t:|1651790439
|move|p2a: Arceus|Max Darkness|p1a: Yveltal
|-resisted|p1a: Yveltal
|-damage|p1a: Yveltal|43/100
|-unboost|p1a: Yveltal|spd|1
|move|p1a: Yveltal|Roost|p1a: Yveltal
|-heal|p1a: Yveltal|93/100
|-singleturn|p1a: Yveltal|move: Roost
|
|upkeep
|-end|p2a: Arceus|Dynamax
|-heal|p2a: Arceus|100/100|[silent]
|turn|8
|j| Blade Z Knights
|
|t:|1651790454
|move|p2a: Arceus|Whirlpool|p1a: Yveltal
|-damage|p1a: Yveltal|83/100
|-activate|p1a: Yveltal|move: Whirlpool|[of] p2a: Arceus
|move|p1a: Yveltal|U-turn|p2a: Arceus
|-supereffective|p2a: Arceus
|-damage|p2a: Arceus|73/100
|
|t:|1651790462
|switch|p1a: Kyogre|Kyogre-Primal|100/100|[from]move: U-turn
|-weather|PrimordialSea|[from] ability: Primordial Sea|[of] p1a: Kyogre
|
|-weather|PrimordialSea|[upkeep]
|upkeep
|turn|9
|
|t:|1651790469
|switch|p2a: Chansey|Chansey, F, shiny|100/100
|move|p1a: Kyogre|Origin Pulse|p2a: Chansey|[miss]
|-miss|p1a: Kyogre|p2a: Chansey
|
|-weather|PrimordialSea|[upkeep]
|upkeep
|turn|10
|c| Blade Z Knights|Good luck Geysers
|c| Sunesis|liquidation
|
|t:|1651790478
|-weather|none
|switch|p1a: Arceus|Arceus-Steel|48/100
|move|p2a: Chansey|Confide|p1a: Arceus
|-unboost|p1a: Arceus|spa|1
|
|upkeep
|turn|11
|c|☆Geysers|LOL
|c|☆JAY100064|perish steel?
|
|t:|1651790489
|switch|p2a: Ho-Oh|Ho-Oh, shiny|100/100
|move|p1a: Arceus|Recover|p1a: Arceus
|-heal|p1a: Arceus|98/100
|
|upkeep
|turn|12
|c|☆Geysers|that __would__ be funny
|
|t:|1651790496
|switch|p1a: Arceus|Arceus-Dragon|100/100
|move|p2a: Ho-Oh|Whirlwind|p1a: Arceus
|drag|p1a: Kyogre|Kyogre-Primal|100/100
|-weather|PrimordialSea|[from] ability: Primordial Sea|[of] p1a: Kyogre
|
|-weather|PrimordialSea|[upkeep]
|upkeep
|turn|13
|
|t:|1651790507
|-weather|none
|switch|p1a: Calyrex|Calyrex-Shadow|100/100
|-ability|p1a: Calyrex|As One
|-ability|p1a: Calyrex|Unnerve
|switch|p2a: Chansey|Chansey, F, shiny|100/100
|
|upkeep
|turn|14
|
|t:|1651790517
|move|p1a: Calyrex|Nasty Plot|p1a: Calyrex
|-boost|p1a: Calyrex|spa|2
|move|p2a: Chansey|Confide|p1a: Calyrex
|-unboost|p1a: Calyrex|spa|1
|
|upkeep
|turn|15
|
|t:|1651790524
|switch|p2a: Ho-Oh|Ho-Oh, shiny|100/100
|move|p1a: Calyrex|Nasty Plot|p1a: Calyrex
|-boost|p1a: Calyrex|spa|2
|
|upkeep
|turn|16
|
|t:|1651790531
|move|p1a: Calyrex|Astral Barrage|p2a: Ho-Oh
|-damage|p2a: Ho-Oh|0 fnt
|faint|p2a: Ho-Oh
|-ability|p1a: Calyrex|Grim Neigh|boost
|-boost|p1a: Calyrex|spa|1
|-damage|p1a: Calyrex|91/100|[from] item: Life Orb
|
|upkeep
|
|t:|1651790540
|switch|p2a: Chansey|Chansey, F, shiny|100/100
|turn|17
|
|t:|1651790545
|switch|p2a: Arceus|Arceus-Dark, shiny|73/100
|move|p1a: Calyrex|Nasty Plot|p1a: Calyrex
|-boost|p1a: Calyrex|spa|2
|
|upkeep
|turn|18
|c|☆JAY100064|gg
|c|☆Geysers|hang on
|-message|JAY100064 forfeited.
|
|win|Geysers
|n|☆Geysers|geysers
|n|☆JAY100064|jay100064
|n| Sunesis|sunesis
|n| SunlightAndStorms|sunlightandstorms
|n| WSun1 ❤|wsun1
|n| Blade Z Knights|bladezknights
