|j|☆Blackstar152001
|j|☆SaintLaplace
|t:|1665242775
|gametype|singles
|player|p1|Blackstar152001|blue-gen3two|1968
|player|p2|SaintLaplace|hilda-wonderlauncher|1741
|teamsize|p1|6
|teamsize|p2|6
|gen|8
|tier|[Gen 8] National Dex AG
|rated|
|rule|HP Percentage Mod: HP is shown in percentages
|rule|Endless Battle Clause: Forcing endless battles is banned
|clearpoke
|poke|p1|Breloom, F|
|poke|p1|Arceus-*|
|poke|p1|Ditto|
|poke|p1|Marshadow|
|poke|p1|Arceus-*|
|poke|p1|Groudon|
|poke|p2|Rayquaza|
|poke|p2|Zygarde|
|poke|p2|Marshadow|
|poke|p2|Necrozma-Dusk-Mane|
|poke|p2|Smeargle, M|
|poke|p2|Xerneas-*|
|teampreview
|inactive|Battle timer is ON: inactive players will automatically lose when time's up. (requested by SaintLaplace)
|inactive|Blackstar152001 also wants the timer to be on.
|j| Dark Umbreon 08
|
|t:|1665242797
|start
|switch|p1a: Breloom|Breloom, F|100/100
|switch|p2a: Smeargle|Smeargle, M|100/100
|turn|1
|l| Dark Umbreon 08
|
|t:|1665242809
|move|p2a: Smeargle|Shell Smash|p2a: Smeargle
|-unboost|p2a: Smeargle|def|1
|-unboost|p2a: Smeargle|spd|1
|-boost|p2a: Smeargle|atk|2
|-boost|p2a: Smeargle|spa|2
|-boost|p2a: Smeargle|spe|2
|move|p1a: Breloom|Substitute|p1a: Breloom
|-start|p1a: Breloom|Substitute
|-damage|p1a: Breloom|75/100
|
|-status|p1a: Breloom|tox|[from] item: Toxic Orb
|upkeep
|turn|2
|
|t:|1665242824
|move|p2a: Smeargle|Baton Pass|p2a: Smeargle
|
|t:|1665242834
|switch|p2a: Rayquaza|Rayquaza|100/100|[from]move: Baton Pass
|-ability|p2a: Rayquaza|Air Lock
|move|p1a: Breloom|Bullet Seed|p2a: Rayquaza
|-resisted|p2a: Rayquaza
|-damage|p2a: Rayquaza|96/100
|-resisted|p2a: Rayquaza
|-damage|p2a: Rayquaza|91/100
|-hitcount|p2a: Rayquaza|2
|
|-heal|p1a: Breloom|88/100 tox|[from] ability: Poison Heal
|upkeep
|turn|3
|
|t:|1665242846
|detailschange|p2a: Rayquaza|Rayquaza-Mega
|-mega|p2a: Rayquaza|Rayquaza|
|-weather|DeltaStream|[from] ability: Delta Stream|[of] p2a: Rayquaza
|-singleturn|p1a: Breloom|move: Focus Punch
|move|p2a: Rayquaza|Scale Shot|p1a: Breloom
|-end|p1a: Breloom|Substitute
|-damage|p1a: Breloom|41/100 tox
|-damage|p1a: Breloom|0 fnt
|faint|p1a: Breloom
|-hitcount|p1: Breloom|3
|-unboost|p2a: Rayquaza|def|1
|-boost|p2a: Rayquaza|spe|1
|
|-weather|DeltaStream|[upkeep]
|upkeep
|
|t:|1665242861
|switch|p1a: Ditto|Ditto, shiny|100/100
|-transform|p1a: Ditto|p2a: Rayquaza|[from] ability: Imposter
|turn|4
|
|t:|1665242868
|move|p1a: Ditto|Extreme Speed|p2a: Rayquaza
|-damage|p2a: Rayquaza|0 fnt
|faint|p2a: Rayquaza
|
|-weather|DeltaStream|[upkeep]
|upkeep
|
|t:|1665242869
|switch|p2a: Marshadow|Marshadow|100/100
|turn|5
|
|t:|1665242892
|-weather|none
|switch|p1a: Arceus|Arceus-Fairy|100/100
|move|p2a: Marshadow|Rock Tomb|p1a: Arceus|[miss]
|-miss|p2a: Marshadow|p1a: Arceus
|
|upkeep
|turn|6
|
|t:|1665242914
|move|p2a: Marshadow|Rock Tomb|p1a: Arceus
|-damage|p1a: Arceus|79/100
|-unboost|p1a: Arceus|spe|1
|move|p1a: Arceus|Stealth Rock|p2a: Marshadow
|-sidestart|p2: SaintLaplace|move: Stealth Rock
|
|upkeep
|turn|7
|
|t:|1665242918
|move|p2a: Marshadow|Rock Tomb|p1a: Arceus
|-damage|p1a: Arceus|60/100
|-unboost|p1a: Arceus|spe|1
|move|p1a: Arceus|Judgment|p2a: Marshadow
|-supereffective|p2a: Marshadow
|-enditem|p2a: Marshadow|Focus Sash
|-damage|p2a: Marshadow|1/100
|
|upkeep
|turn|8
|
|t:|1665242922
|move|p2a: Marshadow|Rock Tomb|p1a: Arceus
|-damage|p1a: Arceus|40/100
|-unboost|p1a: Arceus|spe|1
|move|p1a: Arceus|Recover|p1a: Arceus
|-heal|p1a: Arceus|90/100
|
|upkeep
|turn|9
|-message|SaintLaplace forfeited.
|
|win|Blackstar152001
|raw|Blackstar152001's rating: 1968 &rarr; <strong>1977</strong><br />(+9 for winning)
|raw|SaintLaplace's rating: 1741 &rarr; <strong>1732</strong><br />(-9 for losing)
|l|☆SaintLaplace
