|j|☆starkorea74
|j|☆Go0oD
|t:|1636589523
|gametype|singles
|player|p1|starkorea74|101|1750
|player|p2|Go0oD|pokemonrangerf-gen4|1672
|teamsize|p1|6
|teamsize|p2|6
|gen|8
|tier|[Gen 8] National Dex AG
|rated|
|rule|HP Percentage Mod: HP is shown in percentages
|rule|Endless Battle Clause: Forcing endless battles is banned
|clearpoke
|poke|p1|Groudon|
|poke|p1|Rayquaza|
|poke|p1|Arceus-*|
|poke|p1|Ho-Oh|
|poke|p1|Necrozma-Dusk-Mane|
|poke|p1|Yveltal|
|poke|p2|Deoxys-Attack|
|poke|p2|Vivillon-Fancy, F|
|poke|p2|Yveltal|
|poke|p2|Groudon|
|poke|p2|Xerneas-*|
|poke|p2|Ditto|
|teampreview
|inactive|Battle timer is ON: inactive players will automatically lose when time's up. (requested by Go0oD)
|
|t:|1636589531
|start
|switch|p1a: Ho-Oh|Ho-Oh|100/100
|switch|p2a: Deoxys|Deoxys-Attack|100/100
|-ability|p2a: Deoxys|Pressure
|turn|1
|
|t:|1636589536
|move|p2a: Deoxys|Icy Wind|p1a: Ho-Oh
|-damage|p1a: Ho-Oh|86/100
|-unboost|p1a: Ho-Oh|spe|1
|move|p1a: Ho-Oh|Sacred Fire|p2a: Deoxys
|-enditem|p2a: Deoxys|Focus Sash
|-damage|p2a: Deoxys|1/100
|-status|p2a: Deoxys|brn
|
|-damage|p2a: Deoxys|0 fnt|[from] brn
|faint|p2a: Deoxys
|upkeep
|
|t:|1636589543
|switch|p2a: Vivillon|Vivillon-Fancy, F|100/100
|turn|2
|
|t:|1636589553
|move|p2a: Vivillon|Sleep Powder|p1a: Ho-Oh
|-status|p1a: Ho-Oh|slp|[from] move: Sleep Powder
|cant|p1a: Ho-Oh|slp
|
|upkeep
|turn|3
|
|t:|1636589559
|switch|p1a: Groudon|Groudon|100/100
|detailschange|p1a: Groudon|Groudon-Primal
|-primal|p1a: Groudon
|-weather|DesolateLand|[from] ability: Desolate Land|[of] p1a: Groudon
|move|p2a: Vivillon|Substitute|p2a: Vivillon
|-start|p2a: Vivillon|Substitute
|-damage|p2a: Vivillon|76/100
|
|-weather|DesolateLand|[upkeep]
|-heal|p2a: Vivillon|82/100|[from] item: Leftovers
|upkeep
|turn|4
|
|t:|1636589569
|move|p2a: Vivillon|Quiver Dance|p2a: Vivillon
|-boost|p2a: Vivillon|spa|1
|-boost|p2a: Vivillon|spd|1
|-boost|p2a: Vivillon|spe|1
|move|p1a: Groudon|Roar|p2a: Vivillon
|drag|p2a: Yveltal|Yveltal|100/100
|-ability|p2a: Yveltal|Dark Aura
|
|-weather|DesolateLand|[upkeep]
|upkeep
|turn|5
|
|t:|1636589578
|-weather|none
|switch|p1a: Ho-Oh|Ho-Oh|100/100 slp
|-start|p2a: Yveltal|Dynamax
|-heal|p2a: Yveltal|100/100|[silent]
|move|p2a: Yveltal|Max Airstream|p1a: Ho-Oh
|-damage|p1a: Ho-Oh|47/100 slp
|-boost|p2a: Yveltal|spe|1
|-damage|p2a: Yveltal|96/100|[from] item: Life Orb
|
|upkeep
|turn|6
|
|t:|1636589589
|switch|p1a: Arceus|Arceus-Dark|100/100
|move|p2a: Yveltal|Max Darkness|p1a: Arceus
|-resisted|p1a: Arceus
|-damage|p1a: Arceus|71/100
|-unboost|p1a: Arceus|spd|1
|-damage|p2a: Yveltal|91/100|[from] item: Life Orb
|
|upkeep
|turn|7
|j| s4dp0st1ng
|
|t:|1636589599
|switch|p1a: Ho-Oh|Ho-Oh|80/100 slp
|move|p2a: Yveltal|Max Airstream|p1a: Ho-Oh
|-damage|p1a: Ho-Oh|20/100 slp
|-boost|p2a: Yveltal|spe|1
|-damage|p2a: Yveltal|86/100|[from] item: Life Orb
|
|-end|p2a: Yveltal|Dynamax
|-heal|p2a: Yveltal|86/100|[silent]
|upkeep
|turn|8
|
|t:|1636589609
|switch|p1a: Arceus|Arceus-Dark|71/100
|move|p2a: Yveltal|Oblivion Wing|p1a: Arceus
|-crit|p1a: Arceus
|-damage|p1a: Arceus|27/100
|-heal|p2a: Yveltal|100/100|[from] drain|[of] p1a: Arceus
|-damage|p2a: Yveltal|91/100|[from] item: Life Orb
|
|upkeep
|turn|9
|
|t:|1636589618
|move|p2a: Yveltal|Oblivion Wing|p1a: Arceus
|-damage|p1a: Arceus|0 fnt
|-heal|p2a: Yveltal|100/100|[from] drain|[of] p1a: Arceus
|faint|p1a: Arceus
|-damage|p2a: Yveltal|91/100|[from] item: Life Orb
|
|upkeep
|
|t:|1636589626
|switch|p1a: Rayquaza|Rayquaza|100/100
|-ability|p1a: Rayquaza|Air Lock
|turn|10
|
|t:|1636589631
|detailschange|p1a: Rayquaza|Rayquaza-Mega
|-mega|p1a: Rayquaza|Rayquaza|
|-weather|DeltaStream|[from] ability: Delta Stream|[of] p1a: Rayquaza
|move|p2a: Yveltal|Oblivion Wing|p1a: Rayquaza
|-damage|p1a: Rayquaza|44/100
|-heal|p2a: Yveltal|100/100|[from] drain|[of] p1a: Rayquaza
|-damage|p2a: Yveltal|91/100|[from] item: Life Orb
|move|p1a: Rayquaza|Dragon Ascent|p2a: Yveltal
|-damage|p2a: Yveltal|0 fnt
|-unboost|p1a: Rayquaza|def|1
|-unboost|p1a: Rayquaza|spd|1
|faint|p2a: Yveltal
|
|-weather|DeltaStream|[upkeep]
|upkeep
|
|t:|1636589639
|switch|p2a: Ditto|Ditto|100/100
|-transform|p2a: Ditto|p1a: Rayquaza|[from] ability: Imposter
|turn|11
|l| s4dp0st1ng
|
|t:|1636589648
|switch|p1a: Necrozma|Necrozma-Dusk-Mane|100/100
|move|p2a: Ditto|Dragon Ascent|p1a: Necrozma
|-resisted|p1a: Necrozma
|-damage|p1a: Necrozma|81/100
|-unboost|p2a: Ditto|def|1
|-unboost|p2a: Ditto|spd|1
|
|-weather|DeltaStream|[upkeep]
|-heal|p1a: Necrozma|87/100|[from] item: Leftovers
|upkeep
|turn|12
|
|t:|1636589657
|-weather|none
|switch|p2a: Groudon|Groudon|100/100
|detailschange|p2a: Groudon|Groudon-Primal
|-primal|p2a: Groudon
|-weather|DesolateLand|[from] ability: Desolate Land|[of] p2a: Groudon
|move|p1a: Necrozma|Stealth Rock|p2a: Groudon
|-sidestart|p2: Go0oD|move: Stealth Rock
|
|-weather|DesolateLand|[upkeep]
|-heal|p1a: Necrozma|93/100|[from] item: Leftovers
|upkeep
|turn|13
|
|t:|1636589680
|switch|p1a: Rayquaza|Rayquaza-Mega|44/100
|-weather|DeltaStream|[from] ability: Delta Stream|[of] p1a: Rayquaza
|move|p2a: Groudon|Rock Polish|p2a: Groudon
|-boost|p2a: Groudon|spe|2
|
|-weather|DeltaStream|[upkeep]
|upkeep
|turn|14
|
|t:|1636589686
|move|p2a: Groudon|Heat Crash|p1a: Rayquaza
|-resisted|p1a: Rayquaza
|-damage|p1a: Rayquaza|23/100
|move|p1a: Rayquaza|Dragon Ascent|p2a: Groudon
|-damage|p2a: Groudon|35/100
|-unboost|p1a: Rayquaza|def|1
|-unboost|p1a: Rayquaza|spd|1
|
|-weather|DeltaStream|[upkeep]
|upkeep
|turn|15
|
|t:|1636589695
|-weather|none
|switch|p1a: Ho-Oh|Ho-Oh|54/100 slp
|move|p2a: Groudon|Rock Slide|p1a: Ho-Oh
|-supereffective|p1a: Ho-Oh
|-damage|p1a: Ho-Oh|0 fnt
|faint|p1a: Ho-Oh
|
|upkeep
|
|t:|1636589703
|switch|p1a: Yveltal|Yveltal|100/100
|-ability|p1a: Yveltal|Dark Aura
|turn|16
|
|t:|1636589707
|-start|p1a: Yveltal|Dynamax
|-heal|p1a: Yveltal|100/100|[silent]
|move|p2a: Groudon|Heat Crash||[still]
|-fail|p2a: Groudon|Dynamax
|move|p1a: Yveltal|Max Airstream|p2a: Groudon
|-damage|p2a: Groudon|0 fnt
|-boost|p1a: Yveltal|spe|1
|faint|p2a: Groudon
|-damage|p1a: Yveltal|96/100|[from] item: Life Orb
|
|upkeep
|
|t:|1636589709
|switch|p2a: Xerneas|Xerneas|100/100
|-damage|p2a: Xerneas|88/100|[from] Stealth Rock
|-ability|p2a: Xerneas|Fairy Aura
|turn|17
|inactive|starkorea74 has 120 seconds left.
|
|t:|1636589744
|move|p1a: Yveltal|Max Airstream|p2a: Xerneas
|-damage|p2a: Xerneas|3/100
|-boost|p1a: Yveltal|spe|1
|-damage|p1a: Yveltal|91/100|[from] item: Life Orb
|move|p2a: Xerneas|Geomancy||[still]
|-prepare|p2a: Xerneas|Geomancy
|-enditem|p2a: Xerneas|Power Herb
|-anim|p2a: Xerneas|Geomancy|p2a: Xerneas
|-boost|p2a: Xerneas|spa|2
|-boost|p2a: Xerneas|spd|2
|-boost|p2a: Xerneas|spe|2
|
|upkeep
|turn|18
|
|t:|1636589754
|move|p2a: Xerneas|Moonblast|p1a: Yveltal
|-supereffective|p1a: Yveltal
|-damage|p1a: Yveltal|0 fnt
|faint|p1a: Yveltal
|
|upkeep
|
|t:|1636589759
|switch|p1a: Rayquaza|Rayquaza-Mega|23/100
|-weather|DeltaStream|[from] ability: Delta Stream|[of] p1a: Rayquaza
|turn|19
|
|t:|1636589762
|move|p1a: Rayquaza|Extreme Speed|p2a: Xerneas
|-damage|p2a: Xerneas|0 fnt
|faint|p2a: Xerneas
|
|-weather|DeltaStream|[upkeep]
|upkeep
|
|t:|1636589781
|switch|p2a: Ditto|Ditto|100/100
|-damage|p2a: Ditto|88/100|[from] Stealth Rock
|-transform|p2a: Ditto|p1a: Rayquaza|[from] ability: Imposter
|turn|20
|
|t:|1636589788
|switch|p1a: Necrozma|Necrozma-Dusk-Mane|93/100
|move|p2a: Ditto|Extreme Speed|p1a: Necrozma
|-resisted|p1a: Necrozma
|-damage|p1a: Necrozma|84/100
|
|-weather|DeltaStream|[upkeep]
|-heal|p1a: Necrozma|90/100|[from] item: Leftovers
|upkeep
|turn|21
|
|t:|1636589796
|move|p2a: Ditto|Extreme Speed|p1a: Necrozma
|-resisted|p1a: Necrozma
|-damage|p1a: Necrozma|82/100
|move|p1a: Necrozma|Sunsteel Strike|p2a: Ditto
|-damage|p2a: Ditto|29/100
|
|-weather|DeltaStream|[upkeep]
|-heal|p1a: Necrozma|88/100|[from] item: Leftovers
|upkeep
|turn|22
|
|t:|1636589805
|move|p2a: Ditto|Extreme Speed|p1a: Necrozma
|-resisted|p1a: Necrozma
|-damage|p1a: Necrozma|78/100
|move|p1a: Necrozma|Toxic|p2a: Ditto
|-status|p2a: Ditto|tox
|
|-weather|DeltaStream|[upkeep]
|-heal|p1a: Necrozma|84/100|[from] item: Leftovers
|-damage|p2a: Ditto|23/100 tox|[from] psn
|upkeep
|turn|23
|
|t:|1636589814
|move|p2a: Ditto|Extreme Speed|p1a: Necrozma
|-resisted|p1a: Necrozma
|-damage|p1a: Necrozma|74/100
|move|p1a: Necrozma|Morning Sun|p1a: Necrozma
|-heal|p1a: Necrozma|100/100
|
|-weather|DeltaStream|[upkeep]
|-damage|p2a: Ditto|11/100 tox|[from] psn
|upkeep
|turn|24
|
|t:|1636589839
|move|p2a: Ditto|Extreme Speed|p1a: Necrozma
|-resisted|p1a: Necrozma
|-damage|p1a: Necrozma|92/100
|move|p1a: Necrozma|Sunsteel Strike|p2a: Ditto
|-damage|p2a: Ditto|0 fnt
|faint|p2a: Ditto
|-weather|none
|
|-heal|p1a: Necrozma|98/100|[from] item: Leftovers
|upkeep
|
|t:|1636589844
|switch|p2a: Vivillon|Vivillon-Fancy, F|82/100
|-damage|p2a: Vivillon|32/100|[from] Stealth Rock
|turn|25
|
|t:|1636589853
|switch|p1a: Rayquaza|Rayquaza-Mega|23/100
|-weather|DeltaStream|[from] ability: Delta Stream|[of] p1a: Rayquaza
|move|p2a: Vivillon|Sleep Powder|p1a: Rayquaza
|-status|p1a: Rayquaza|slp|[from] move: Sleep Powder
|
|-weather|DeltaStream|[upkeep]
|-heal|p2a: Vivillon|38/100|[from] item: Leftovers
|upkeep
|turn|26
|
|t:|1636589861
|cant|p1a: Rayquaza|slp
|move|p2a: Vivillon|Hurricane|p1a: Rayquaza
|-damage|p1a: Rayquaza|0 fnt
|faint|p1a: Rayquaza
|-weather|none
|
|-heal|p2a: Vivillon|44/100|[from] item: Leftovers
|upkeep
|
|t:|1636589870
|switch|p1a: Necrozma|Necrozma-Dusk-Mane|98/100
|turn|27
|
|t:|1636589873
|move|p2a: Vivillon|Sleep Powder|p1a: Necrozma
|-status|p1a: Necrozma|slp|[from] move: Sleep Powder
|cant|p1a: Necrozma|slp
|
|-heal|p2a: Vivillon|50/100|[from] item: Leftovers
|-heal|p1a: Necrozma|100/100 slp|[from] item: Leftovers
|upkeep
|turn|28
|
|t:|1636589880
|move|p2a: Vivillon|Substitute|p2a: Vivillon
|-start|p2a: Vivillon|Substitute
|-damage|p2a: Vivillon|25/100
|cant|p1a: Necrozma|slp
|
|-heal|p2a: Vivillon|31/100|[from] item: Leftovers
|upkeep
|turn|29
|
|t:|1636589885
|move|p2a: Vivillon|Quiver Dance|p2a: Vivillon
|-boost|p2a: Vivillon|spa|1
|-boost|p2a: Vivillon|spd|1
|-boost|p2a: Vivillon|spe|1
|-curestatus|p1a: Necrozma|slp|[msg]
|move|p1a: Necrozma|Sunsteel Strike|p2a: Vivillon
|-end|p2a: Vivillon|Substitute
|
|-heal|p2a: Vivillon|37/100|[from] item: Leftovers
|upkeep
|turn|30
|
|t:|1636589895
|move|p2a: Vivillon|Sleep Powder|p1a: Necrozma
|-status|p1a: Necrozma|slp|[from] move: Sleep Powder
|cant|p1a: Necrozma|slp
|
|-heal|p2a: Vivillon|43/100|[from] item: Leftovers
|upkeep
|turn|31
|
|t:|1636589901
|move|p2a: Vivillon|Substitute|p2a: Vivillon
|-start|p2a: Vivillon|Substitute
|-damage|p2a: Vivillon|18/100
|cant|p1a: Necrozma|slp
|
|-heal|p2a: Vivillon|24/100|[from] item: Leftovers
|upkeep
|turn|32
|
|t:|1636589907
|move|p2a: Vivillon|Quiver Dance|p2a: Vivillon
|-boost|p2a: Vivillon|spa|1
|-boost|p2a: Vivillon|spd|1
|-boost|p2a: Vivillon|spe|1
|cant|p1a: Necrozma|slp
|
|-heal|p2a: Vivillon|30/100|[from] item: Leftovers
|upkeep
|turn|33
|
|t:|1636589913
|move|p2a: Vivillon|Hurricane|p1a: Necrozma
|-resisted|p1a: Necrozma
|-damage|p1a: Necrozma|67/100 slp
|-curestatus|p1a: Necrozma|slp|[msg]
|move|p1a: Necrozma|Sunsteel Strike|p2a: Vivillon
|-end|p2a: Vivillon|Substitute
|
|-heal|p2a: Vivillon|36/100|[from] item: Leftovers
|-heal|p1a: Necrozma|73/100|[from] item: Leftovers
|upkeep
|turn|34
|
|t:|1636589923
|move|p2a: Vivillon|Sleep Powder|p1a: Necrozma
|-status|p1a: Necrozma|slp|[from] move: Sleep Powder
|cant|p1a: Necrozma|slp
|
|-heal|p2a: Vivillon|42/100|[from] item: Leftovers
|-heal|p1a: Necrozma|79/100 slp|[from] item: Leftovers
|upkeep
|turn|35
|c|☆starkorea74|!dt sleep powder
|raw|<ul class="utilichart"><li class="result"><span class="col movenamecol"><a href="https://dex.pokemonshowdown.com/moves/sleeppowder">Sleep Powder</a></span> <span class="col typecol"><img src="//play.pokemonshowdown.com/sprites/types/Grass.png" alt="Grass" width="32" height="14"><img src="//play.pokemonshowdown.com/sprites/categories/Status.png" alt="Status" width="32" height="14"></span> <span class="col widelabelcol"><em>Accuracy</em><br>75%</span> <span class="col pplabelcol"><em>PP</em><br>24</span> <span class="col movedesccol">Causes the target to fall asleep.</span> </li><li style="clear:both"></li></ul>
|raw|<font size="1"><font color="#686868">Priority:</font> 0&nbsp;|&ThickSpace;<font color="#686868">Gen:</font> 1&nbsp;|&ThickSpace;&#10003; Powder&nbsp;|&ThickSpace;&#10003; Bounceable&nbsp;|&ThickSpace;<font color="#686868">Z-Effect:</font>  Speed +1&nbsp;|&ThickSpace;<font color="#686868">Target:</font> One Adjacent Pokémon</font>

|
|t:|1636589931
|move|p2a: Vivillon|Substitute|p2a: Vivillon
|-start|p2a: Vivillon|Substitute
|-damage|p2a: Vivillon|17/100
|cant|p1a: Necrozma|slp
|
|-heal|p2a: Vivillon|23/100|[from] item: Leftovers
|-heal|p1a: Necrozma|85/100 slp|[from] item: Leftovers
|upkeep
|turn|36
|
|t:|1636589938
|move|p2a: Vivillon|Quiver Dance|p2a: Vivillon
|-boost|p2a: Vivillon|spa|1
|-boost|p2a: Vivillon|spd|1
|-boost|p2a: Vivillon|spe|1
|cant|p1a: Necrozma|slp
|
|-heal|p2a: Vivillon|29/100|[from] item: Leftovers
|-heal|p1a: Necrozma|91/100 slp|[from] item: Leftovers
|upkeep
|turn|37
|c|☆Go0oD|97.5%
|c|☆Go0oD|com eyes
|
|t:|1636589952
|move|p2a: Vivillon|Quiver Dance|p2a: Vivillon
|-boost|p2a: Vivillon|spa|1
|-boost|p2a: Vivillon|spd|1
|-boost|p2a: Vivillon|spe|1
|-curestatus|p1a: Necrozma|slp|[msg]
|move|p1a: Necrozma|Sunsteel Strike|p2a: Vivillon
|-end|p2a: Vivillon|Substitute
|
|-heal|p2a: Vivillon|35/100|[from] item: Leftovers
|-heal|p1a: Necrozma|97/100|[from] item: Leftovers
|upkeep
|turn|38
|c|☆starkorea74|!dt compound eyes
|raw|<ul class="utilichart"><li class="result"><span class="col namecol"><a href="https://dex.pokemonshowdown.com/abilities/compoundeyes">Compound Eyes</a></span> <span class="col abilitydesccol">This Pokemon's moves have their accuracy multiplied by 1.3.</span> </li><li style="clear:both"></li></ul>
|raw|<font size="1"><font color="#686868">Gen:</font> 3</font>

|
|t:|1636589968
|move|p2a: Vivillon|Sleep Powder|p1a: Necrozma
|-status|p1a: Necrozma|slp|[from] move: Sleep Powder
|cant|p1a: Necrozma|slp
|
|-heal|p2a: Vivillon|41/100|[from] item: Leftovers
|-heal|p1a: Necrozma|100/100 slp|[from] item: Leftovers
|upkeep
|turn|39
|
|t:|1636589975
|move|p2a: Vivillon|Substitute|p2a: Vivillon
|-start|p2a: Vivillon|Substitute
|-damage|p2a: Vivillon|16/100
|cant|p1a: Necrozma|slp
|
|-heal|p2a: Vivillon|22/100|[from] item: Leftovers
|upkeep
|turn|40
|
|t:|1636589985
|move|p2a: Vivillon|Hurricane|p1a: Necrozma
|-resisted|p1a: Necrozma
|-damage|p1a: Necrozma|43/100 slp
|-curestatus|p1a: Necrozma|slp|[msg]
|move|p1a: Necrozma|Sunsteel Strike|p2a: Vivillon
|-end|p2a: Vivillon|Substitute
|
|-heal|p2a: Vivillon|28/100|[from] item: Leftovers
|-heal|p1a: Necrozma|49/100|[from] item: Leftovers
|upkeep
|turn|41
|
|t:|1636589995
|move|p2a: Vivillon|Hurricane|p1a: Necrozma
|-resisted|p1a: Necrozma
|-damage|p1a: Necrozma|0 fnt
|faint|p1a: Necrozma
|
|-heal|p2a: Vivillon|34/100|[from] item: Leftovers
|upkeep
|
|t:|1636590001
|switch|p1a: Groudon|Groudon-Primal|100/100
|-weather|DesolateLand|[from] ability: Desolate Land|[of] p1a: Groudon
|turn|42
|
|t:|1636590008
|move|p2a: Vivillon|Sleep Powder|p1a: Groudon
|-status|p1a: Groudon|slp|[from] move: Sleep Powder
|cant|p1a: Groudon|slp
|
|-weather|DesolateLand|[upkeep]
|-heal|p2a: Vivillon|40/100|[from] item: Leftovers
|upkeep
|turn|43
|
|t:|1636590014
|move|p2a: Vivillon|Substitute|p2a: Vivillon
|-start|p2a: Vivillon|Substitute
|-damage|p2a: Vivillon|15/100
|cant|p1a: Groudon|slp
|
|-weather|DesolateLand|[upkeep]
|-heal|p2a: Vivillon|21/100|[from] item: Leftovers
|upkeep
|turn|44
|
|t:|1636590020
|move|p2a: Vivillon|Hurricane|p1a: Groudon
|-damage|p1a: Groudon|12/100 slp
|-start|p1a: Groudon|confusion
|cant|p1a: Groudon|slp
|
|-weather|DesolateLand|[upkeep]
|-heal|p2a: Vivillon|27/100|[from] item: Leftovers
|upkeep
|turn|45
|c|☆starkorea74|gg
|c|☆Go0oD|gg
|
|t:|1636590028
|move|p2a: Vivillon|Hurricane|p1a: Groudon
|-damage|p1a: Groudon|0 fnt
|faint|p1a: Groudon
|-weather|none
|
|win|Go0oD
|raw|starkorea74's rating: 1750 &rarr; <strong>1726</strong><br />(-24 for losing)
|raw|Go0oD's rating: 1672 &rarr; <strong>1696</strong><br />(+24 for winning)
|l|☆starkorea74
|l|☆Go0oD
