|j|☆AnRandomGuy
|j|☆coolthingdude
|t:|1668517483
|gametype|singles
|player|p1|AnRandomGuy|steven-masters2|1683
|player|p2|coolthingdude|pilot|1664
|teamsize|p1|6
|teamsize|p2|6
|gen|8
|tier|[Gen 8] National Dex AG
|rated|
|rule|HP Percentage Mod: HP is shown in percentages
|rule|Endless Battle Clause: Forcing endless battles is banned
|clearpoke
|poke|p1|Zacian-*|
|poke|p1|Salamence, M|
|poke|p1|Whimsicott, F|
|poke|p1|Zekrom|
|poke|p1|Ditto|
|poke|p1|Genesect|
|poke|p2|Groudon|
|poke|p2|Ditto|
|poke|p2|Calyrex-Shadow|
|poke|p2|Tyranitar, M|
|poke|p2|Marshadow|
|poke|p2|Xerneas-*|
|teampreview
|
|t:|1668517492
|start
|switch|p1a: Genesis|Genesect, shiny|100/100
|switch|p2a: Groudon|Groudon|100/100
|-ability|p1a: Genesis|Download|boost
|-boost|p1a: Genesis|spa|1
|detailschange|p2a: Groudon|Groudon-Primal
|-primal|p2a: Groudon
|-weather|DesolateLand|[from] ability: Desolate Land|[of] p2a: Groudon
|turn|1
|inactive|Battle timer is ON: inactive players will automatically lose when time's up. (requested by AnRandomGuy)
|
|t:|1668517529
|switch|p1a: Comedian|Salamence, M|100/100
|-ability|p1a: Comedian|Intimidate|boost
|-unboost|p2a: Groudon|atk|1
|move|p2a: Groudon|Lava Plume|p1a: Comedian
|-resisted|p1a: Comedian
|-damage|p1a: Comedian|59/100
|
|-weather|DesolateLand|[upkeep]
|upkeep
|turn|2
|
|t:|1668517542
|detailschange|p1a: Comedian|Salamence-Mega, M
|-mega|p1a: Comedian|Salamence|Salamencite
|move|p1a: Comedian|Dragon Dance|p1a: Comedian
|-boost|p1a: Comedian|atk|1
|-boost|p1a: Comedian|spe|1
|move|p2a: Groudon|Lava Plume|p1a: Comedian
|-resisted|p1a: Comedian
|-damage|p1a: Comedian|17/100
|
|-weather|DesolateLand|[upkeep]
|upkeep
|turn|3
|
|t:|1668517552
|move|p1a: Comedian|Earthquake|p2a: Groudon
|-supereffective|p2a: Groudon
|-damage|p2a: Groudon|30/100
|move|p2a: Groudon|Lava Plume|p1a: Comedian
|-resisted|p1a: Comedian
|-damage|p1a: Comedian|0 fnt
|faint|p1a: Comedian
|
|-weather|DesolateLand|[upkeep]
|upkeep
|
|t:|1668517571
|switch|p1a: Dawg With a Sword|Zacian-Crowned, shiny|100/100
|-ability|p1a: Dawg With a Sword|Intrepid Sword|boost
|-boost|p1a: Dawg With a Sword|atk|1
|turn|4
|
|t:|1668517577
|move|p1a: Dawg With a Sword|Close Combat|p2a: Groudon
|-damage|p2a: Groudon|0 fnt
|-unboost|p1a: Dawg With a Sword|def|1
|-unboost|p1a: Dawg With a Sword|spd|1
|faint|p2a: Groudon
|-weather|none
|
|upkeep
|
|t:|1668517582
|switch|p2a: Ditto|Ditto|100/100
|-transform|p2a: Ditto|p1a: Dawg With a Sword|[from] ability: Imposter
|-ability|p2a: Ditto|Intrepid Sword|boost
|-boost|p2a: Ditto|atk|1
|turn|5
|
|t:|1668517591
|switch|p1a: Cotton Girl|Whimsicott, F, shiny|100/100
|move|p2a: Ditto|Behemoth Blade|p1a: Cotton Girl
|-supereffective|p1a: Cotton Girl
|-enditem|p1a: Cotton Girl|Focus Sash
|-damage|p1a: Cotton Girl|1/100
|
|upkeep
|turn|6
|
|t:|1668517600
|switch|p2a: Tyranitar|Tyranitar, M|100/100
|-weather|Sandstorm|[from] ability: Sand Stream|[of] p2a: Tyranitar
|move|p1a: Cotton Girl|Tailwind|p1a: Cotton Girl
|-sidestart|p1: AnRandomGuy|move: Tailwind
|
|-weather|Sandstorm|[upkeep]
|-damage|p1a: Cotton Girl|0 fnt|[from] Sandstorm
|faint|p1a: Cotton Girl
|upkeep
|
|t:|1668517612
|switch|p1a: Lord Z|Zekrom|100/100
|-ability|p1a: Lord Z|Teravolt
|turn|7
|
|t:|1668517622
|move|p1a: Lord Z|Dragon Dance|p1a: Lord Z
|-boost|p1a: Lord Z|atk|1
|-boost|p1a: Lord Z|spe|1
|move|p2a: Tyranitar|Rock Tomb|p1a: Lord Z
|-damage|p1a: Lord Z|79/100
|-unboost|p1a: Lord Z|spe|1
|
|-weather|Sandstorm|[upkeep]
|-damage|p1a: Lord Z|73/100|[from] Sandstorm
|upkeep
|turn|8
|
|t:|1668517634
|-start|p1a: Lord Z|Dynamax|
|-heal|p1a: Lord Z|73/100|[silent]
|move|p1a: Lord Z|Max Wyrmwind|p2a: Tyranitar
|-damage|p2a: Tyranitar|0 fnt
|faint|p2a: Tyranitar
|-damage|p1a: Lord Z|68/100|[from] item: Life Orb
|
|-weather|Sandstorm|[upkeep]
|-damage|p1a: Lord Z|65/100|[from] Sandstorm
|upkeep
|
|t:|1668517640
|switch|p2a: Calyrex|Calyrex-Shadow|100/100
|-ability|p2a: Calyrex|As One
|-ability|p2a: Calyrex|Unnerve
|turn|9
|
|t:|1668517651
|move|p1a: Lord Z|Max Wyrmwind|p2a: Calyrex
|-enditem|p2a: Calyrex|Focus Sash
|-damage|p2a: Calyrex|1/100
|-unboost|p2a: Calyrex|atk|1
|-damage|p1a: Lord Z|60/100|[from] item: Life Orb
|move|p2a: Calyrex|Astral Barrage|p1a: Lord Z
|-damage|p1a: Lord Z|24/100
|
|-weather|Sandstorm|[upkeep]
|-damage|p1a: Lord Z|21/100|[from] Sandstorm
|-damage|p2a: Calyrex|0 fnt|[from] Sandstorm
|faint|p2a: Calyrex
|-sideend|p1: AnRandomGuy|move: Tailwind
|upkeep
|
|t:|1668517665
|switch|p2a: Ditto|Ditto|100/100
|-transform|p2a: Ditto|p1a: Lord Z|[from] ability: Imposter
|-ability|p2a: Ditto|Teravolt
|turn|10
|
|t:|1668517677
|move|p2a: Ditto|Bolt Strike|p1a: Lord Z
|-resisted|p1a: Lord Z
|-damage|p1a: Lord Z|7/100
|move|p1a: Lord Z|Max Wyrmwind|p2a: Ditto
|-supereffective|p2a: Ditto
|-damage|p2a: Ditto|0 fnt
|faint|p2a: Ditto
|-damage|p1a: Lord Z|2/100|[from] item: Life Orb
|
|-weather|none
|upkeep
|
|t:|1668517683
|switch|p2a: Marshadow|Marshadow|100/100
|-end|p1a: Lord Z|Dynamax
|-heal|p1a: Lord Z|2/100|[silent]
|turn|11
|
|t:|1668517693
|move|p2a: Marshadow|Shadow Sneak|p1a: Lord Z
|-damage|p1a: Lord Z|0 fnt
|faint|p1a: Lord Z
|
|upkeep
|
|t:|1668517702
|switch|p1a: Genesis|Genesect, shiny|100/100
|-ability|p1a: Genesis|Download|boost
|-boost|p1a: Genesis|atk|1
|turn|12
|
|t:|1668517713
|-start|p2a: Marshadow|Dynamax|
|-heal|p2a: Marshadow|100/100|[silent]
|move|p2a: Marshadow|Max Phantasm|p1a: Genesis
|-damage|p1a: Genesis|16/100
|-unboost|p1a: Genesis|def|1
|move|p1a: Genesis|Iron Head|p2a: Marshadow
|-damage|p2a: Marshadow|43/100
|-damage|p1a: Genesis|7/100|[from] item: Life Orb
|
|upkeep
|turn|13
|
|t:|1668517726
|move|p2a: Marshadow|Max Phantasm|p1a: Genesis
|-damage|p1a: Genesis|0 fnt
|faint|p1a: Genesis
|
|upkeep
|
|t:|1668517733
|switch|p1a: Dawg With a Sword|Zacian-Crowned, shiny|100/100
|-ability|p1a: Dawg With a Sword|Intrepid Sword|boost
|-boost|p1a: Dawg With a Sword|atk|1
|turn|14
|-message|coolthingdude forfeited.
|
|win|AnRandomGuy
|raw|AnRandomGuy's rating: 1683 &rarr; <strong>1702</strong><br />(+19 for winning)
|raw|coolthingdude's rating: 1664 &rarr; <strong>1645</strong><br />(-19 for losing)
|l|☆coolthingdude
|c|☆AnRandomGuy|Gg homie
