|j|☆hogwashimperial
|j|☆Inferno Scareskull
|t:|1639024837
|gametype|singles
|player|p1|hogwashimperial|swimmer-gen4|1485
|player|p2|Inferno Scareskull|falkner|1580
|teamsize|p1|6
|teamsize|p2|6
|gen|8
|tier|[Gen 8] National Dex AG
|rated|
|rule|HP Percentage Mod: HP is shown in percentages
|rule|Endless Battle Clause: Forcing endless battles is banned
|clearpoke
|poke|p1|Rayquaza|
|poke|p1|Zacian-*|
|poke|p1|Groudon|
|poke|p1|Necrozma-Dusk-Mane|
|poke|p1|Ditto|
|poke|p1|Zygarde|
|poke|p2|Deoxys-Speed|
|poke|p2|Calyrex-Shadow|
|poke|p2|Yveltal|
|poke|p2|Arceus-*|
|poke|p2|Rayquaza|
|poke|p2|Arceus-*|
|teampreview
|inactive|Battle timer is ON: inactive players will automatically lose when time's up. (requested by Inferno Scareskull)
|
|t:|1639024842
|start
|switch|p1a: Katsu|Groudon|100/100
|switch|p2a: Deoxys|Deoxys-Speed, shiny|100/100
|-ability|p2a: Deoxys|Pressure
|detailschange|p1a: Katsu|Groudon-Primal
|-primal|p1a: Katsu
|-weather|DesolateLand|[from] ability: Desolate Land|[of] p1a: Katsu
|turn|1
|c|☆Inferno Scareskull|well i just win
|c|☆Inferno Scareskull|i hope
|
|t:|1639024853
|move|p2a: Deoxys|Taunt|p1a: Katsu
|-start|p1a: Katsu|move: Taunt
|move|p1a: Katsu|Earth Power|p2a: Deoxys
|-damage|p2a: Deoxys|27/100
|
|-weather|DesolateLand|[upkeep]
|upkeep
|turn|2
|
|t:|1639024858
|move|p2a: Deoxys|Stealth Rock|p1a: Katsu
|-sidestart|p1: hogwashimperial|move: Stealth Rock
|move|p1a: Katsu|Earth Power|p2a: Deoxys
|-crit|p2a: Deoxys
|-damage|p2a: Deoxys|0 fnt
|faint|p2a: Deoxys
|
|-weather|DesolateLand|[upkeep]
|upkeep
|j| kietconstruct-xcom
|
|t:|1639024864
|switch|p2a: Calyrex|Calyrex-Shadow|100/100
|-ability|p2a: Calyrex|As One
|-ability|p2a: Calyrex|Unnerve
|turn|3
|l| kietconstruct-xcom
|
|t:|1639024886
|move|p2a: Calyrex|Astral Barrage|p1a: Katsu
|-damage|p1a: Katsu|14/100
|-damage|p2a: Calyrex|91/100|[from] item: Life Orb
|move|p1a: Katsu|Eruption|p2a: Calyrex
|-damage|p2a: Calyrex|72/100
|
|-weather|DesolateLand|[upkeep]
|-end|p1a: Katsu|move: Taunt
|upkeep
|turn|4
|
|t:|1639024895
|move|p2a: Calyrex|Astral Barrage|p1a: Katsu
|-damage|p1a: Katsu|0 fnt
|faint|p1a: Katsu
|-weather|none
|-ability|p2a: Calyrex|Grim Neigh|boost
|-boost|p2a: Calyrex|spa|1
|-damage|p2a: Calyrex|62/100|[from] item: Life Orb
|
|upkeep
|
|t:|1639024918
|switch|p1a: Morning|Zacian-Crowned|100/100
|-damage|p1a: Morning|94/100|[from] Stealth Rock
|-ability|p1a: Morning|Intrepid Sword|boost
|-boost|p1a: Morning|atk|1
|turn|5
|
|t:|1639024940
|switch|p2a: Arceus|Arceus-Flying|100/100
|move|p1a: Morning|Behemoth Blade|p2a: Arceus
|-damage|p2a: Arceus|36/100
|
|upkeep
|turn|6
|
|t:|1639024948
|move|p1a: Morning|Behemoth Blade|p2a: Arceus
|-damage|p2a: Arceus|0 fnt
|faint|p2a: Arceus
|
|upkeep
|
|t:|1639024951
|switch|p2a: Arceus|Arceus-Ground|100/100
|turn|7
|c|☆Inferno Scareskull|i am scared
|c|☆Inferno Scareskull|for me its ladder
|inactive|hogwashimperial has 120 seconds left.
|c|☆hogwashimperial|this is my first battle in
|c|☆hogwashimperial|over a year
|
|t:|1639025006
|move|p1a: Morning|Substitute|p1a: Morning
|-start|p1a: Morning|Substitute
|-damage|p1a: Morning|69/100
|move|p2a: Arceus|Judgment|p1a: Morning
|-supereffective|p1a: Morning
|-end|p1a: Morning|Substitute
|
|upkeep
|turn|8
|
|t:|1639025012
|switch|p1a: Emmett|Rayquaza|100/100
|-damage|p1a: Emmett|76/100|[from] Stealth Rock
|-ability|p1a: Emmett|Air Lock
|move|p2a: Arceus|Judgment|p1a: Emmett
|-immune|p1a: Emmett
|
|upkeep
|turn|9
|
|t:|1639025021
|detailschange|p1a: Emmett|Rayquaza-Mega
|-mega|p1a: Emmett|Rayquaza|
|-weather|DeltaStream|[from] ability: Delta Stream|[of] p1a: Emmett
|move|p2a: Arceus|Ice Beam|p1a: Emmett
|-activate||deltastream
|-supereffective|p1a: Emmett
|-damage|p1a: Emmett|12/100
|move|p1a: Emmett|Dragon Dance|p1a: Emmett
|-boost|p1a: Emmett|atk|1
|-boost|p1a: Emmett|spe|1
|
|-weather|DeltaStream|[upkeep]
|upkeep
|turn|10
|
|t:|1639025030
|move|p1a: Emmett|Dragon Ascent|p2a: Arceus
|-damage|p2a: Arceus|0 fnt
|-unboost|p1a: Emmett|def|1
|-unboost|p1a: Emmett|spd|1
|faint|p2a: Arceus
|
|-weather|DeltaStream|[upkeep]
|upkeep
|
|t:|1639025035
|switch|p2a: Yveltal|Yveltal, shiny|100/100
|-ability|p2a: Yveltal|Dark Aura
|turn|11
|
|t:|1639025044
|move|p1a: Emmett|Extreme Speed|p2a: Yveltal
|-damage|p2a: Yveltal|49/100
|move|p2a: Yveltal|Dark Pulse|p1a: Emmett
|-damage|p1a: Emmett|0 fnt
|faint|p1a: Emmett
|-weather|none
|-damage|p2a: Yveltal|39/100|[from] item: Life Orb
|
|upkeep
|c|☆hogwashimperial|oh
|c|☆hogwashimperial|i couldve just
|c|☆hogwashimperial|won the game
|inactive|hogwashimperial has 120 seconds left.
|
|t:|1639025059
|switch|p1a: Morning|Zacian-Crowned|69/100
|-damage|p1a: Morning|63/100|[from] Stealth Rock
|-ability|p1a: Morning|Intrepid Sword|boost
|-boost|p1a: Morning|atk|1
|turn|12
|inactive|hogwashimperial has 120 seconds left.
|
|t:|1639025072
|move|p2a: Yveltal|Sucker Punch|p1a: Morning
|-resisted|p1a: Morning
|-damage|p1a: Morning|39/100
|-damage|p2a: Yveltal|30/100|[from] item: Life Orb
|move|p1a: Morning|Behemoth Blade|p2a: Yveltal
|-damage|p2a: Yveltal|0 fnt
|faint|p2a: Yveltal
|
|upkeep
|
|t:|1639025084
|switch|p2a: Rayquaza|Rayquaza|100/100
|-ability|p2a: Rayquaza|Air Lock
|turn|13
|inactive|hogwashimperial has 120 seconds left.
|
|t:|1639025098
|detailschange|p2a: Rayquaza|Rayquaza-Mega
|-mega|p2a: Rayquaza|Rayquaza|
|-weather|DeltaStream|[from] ability: Delta Stream|[of] p2a: Rayquaza
|move|p2a: Rayquaza|Extreme Speed|p1a: Morning
|-resisted|p1a: Morning
|-damage|p1a: Morning|15/100
|-damage|p2a: Rayquaza|91/100|[from] item: Life Orb
|move|p1a: Morning|Play Rough|p2a: Rayquaza
|-supereffective|p2a: Rayquaza
|-damage|p2a: Rayquaza|0 fnt
|faint|p2a: Rayquaza
|-weather|none
|
|upkeep
|
|t:|1639025105
|switch|p2a: Calyrex|Calyrex-Shadow|62/100
|-ability|p2a: Calyrex|As One
|-ability|p2a: Calyrex|Unnerve
|turn|14
|c|☆hogwashimperial|i used to be 1800 btw lol
|c|☆Inferno Scareskull|gg
|c|☆Inferno Scareskull|oh
|c|☆hogwashimperial|i gave my acc to my friend
|inactive|hogwashimperial has 120 seconds left.
|c|☆hogwashimperial|this team is from like
|c|☆hogwashimperial|i dont even know how long
|c|☆Inferno Scareskull|oh
|c|☆Inferno Scareskull|well ggwp
|c|☆hogwashimperial|its from gen 7
|c|☆hogwashimperial|i took out arceus fairy
|c|☆Inferno Scareskull|oh
|c|☆hogwashimperial|slapped in a zcrown
|c|☆hogwashimperial|idk
|inactive|hogwashimperial has 90 seconds left.
|
|t:|1639025151
|move|p2a: Calyrex|Astral Barrage|p1a: Morning
|-damage|p1a: Morning|0 fnt
|faint|p1a: Morning
|-ability|p2a: Calyrex|Grim Neigh|boost
|-boost|p2a: Calyrex|spa|1
|-damage|p2a: Calyrex|52/100|[from] item: Life Orb
|
|upkeep
|
|t:|1639025154
|switch|p1a: Imago|Ditto|100/100
|-damage|p1a: Imago|88/100|[from] Stealth Rock
|-transform|p1a: Imago|p2a: Calyrex|[from] ability: Imposter
|turn|15
|
|t:|1639025163
|-start|p2a: Calyrex|Dynamax
|-heal|p2a: Calyrex|52/100|[silent]
|move|p1a: Imago|Astral Barrage|p2a: Calyrex
|-supereffective|p2a: Calyrex
|-damage|p2a: Calyrex|0 fnt
|faint|p2a: Calyrex
|
|win|hogwashimperial
|raw|hogwashimperial's rating: 1485 &rarr; <strong>1510</strong><br />(+25 for winning)
|raw|Inferno Scareskull's rating: 1580 &rarr; <strong>1555</strong><br />(-25 for losing)
|c|☆hogwashimperial|gg
|j| EevTheCandleSeller
|l| EevTheCandleSeller
