|j|☆RacerTo500
|j|☆ihateDread
|t:|1664418248
|gametype|singles
|player|p1|RacerTo500|red|
|player|p2|ihateDread|n|
|teamsize|p1|6
|teamsize|p2|6
|gen|8
|tier|[Gen 8] National Dex AG
|rule|HP Percentage Mod: HP is shown in percentages
|rule|Endless Battle Clause: Forcing endless battles is banned
|clearpoke
|poke|p1|Regieleki|
|poke|p1|Zygarde|
|poke|p1|Arceus-*|
|poke|p1|Rayquaza|
|poke|p1|Necrozma-Dusk-Mane|
|poke|p1|Ho-Oh|
|poke|p2|Zacian-*|
|poke|p2|Rayquaza|
|poke|p2|Zekrom|
|poke|p2|Necrozma-Dusk-Mane|
|poke|p2|Calyrex-Shadow|
|poke|p2|Grimmsnarl, M|
|teampreview
|inactive|Battle timer is ON: inactive players will automatically lose when time's up. (requested by ihateDread)
|inactive|RacerTo500 also wants the timer to be on.
|c|☆ihateDread|NO regialeka
|c|☆ihateDread|bro why doesnt anyone use grimmsnarl
|c|☆ihateDread|its way better
|inactive|RacerTo500 has 270 seconds left.
|c|☆ihateDread|than both deo speed and regieleki
|c|☆RacerTo500|hmm?
|
|t:|1664418288
|start
|switch|p1a: Rayquaza|Rayquaza|100/100
|switch|p2a: Wall Builder|Grimmsnarl, M|100/100
|-ability|p1a: Rayquaza|Air Lock
|turn|1
|
|t:|1664418292
|detailschange|p1a: Rayquaza|Rayquaza-Mega
|-mega|p1a: Rayquaza|Rayquaza|
|-weather|DeltaStream|[from] ability: Delta Stream|[of] p1a: Rayquaza
|move|p2a: Wall Builder|Taunt|p1a: Rayquaza
|-start|p1a: Rayquaza|move: Taunt
|move|p1a: Rayquaza|Dragon Ascent|p2a: Wall Builder
|-damage|p2a: Wall Builder|32/100
|-unboost|p1a: Rayquaza|def|1
|-unboost|p1a: Rayquaza|spd|1
|
|-weather|DeltaStream|[upkeep]
|upkeep
|turn|2
|
|t:|1664418297
|move|p1a: Rayquaza|Extreme Speed|p2a: Wall Builder
|-damage|p2a: Wall Builder|2/100
|move|p2a: Wall Builder|Reflect|p2a: Wall Builder
|-sidestart|p2: ihateDread|Reflect
|
|-weather|DeltaStream|[upkeep]
|upkeep
|turn|3
|c|☆RacerTo500|cry
|
|t:|1664418303
|move|p1a: Rayquaza|Extreme Speed|p2a: Wall Builder
|-damage|p2a: Wall Builder|0 fnt
|faint|p2a: Wall Builder
|
|-weather|DeltaStream|[upkeep]
|-end|p1a: Rayquaza|move: Taunt
|upkeep
|
|t:|1664418305
|switch|p2a: Light God|Necrozma-Dusk-Mane, shiny|100/100
|turn|4
|
|t:|1664418312
|move|p1a: Rayquaza|Dragon Ascent|p2a: Light God
|-resisted|p2a: Light God
|-damage|p2a: Light God|84/100
|-unboost|p1a: Rayquaza|def|1
|-unboost|p1a: Rayquaza|spd|1
|move|p2a: Light God|Dragon Dance|p2a: Light God
|-boost|p2a: Light God|atk|1
|-boost|p2a: Light God|spe|1
|
|-weather|DeltaStream|[upkeep]
|upkeep
|turn|5
|c|☆RacerTo500|oop
|
|t:|1664418325
|detailschange|p2a: Light God|Necrozma-Ultra, shiny
|-burst|p2a: Light God|Necrozma|Ultranecrozium Z
|move|p2a: Light God|Photon Geyser|p1a: Rayquaza
|-enditem|p1a: Rayquaza|Focus Sash
|-damage|p1a: Rayquaza|1/100
|move|p1a: Rayquaza|Earthquake|p2a: Light God
|-damage|p2a: Light God|58/100
|
|-weather|DeltaStream|[upkeep]
|upkeep
|turn|6
|c|☆ihateDread|WAH
|
|t:|1664418334
|move|p1a: Rayquaza|Extreme Speed|p2a: Light God
|-damage|p2a: Light God|37/100
|move|p2a: Light God|Rock Blast|p1a: Rayquaza
|-activate||deltastream
|-damage|p1a: Rayquaza|0 fnt
|faint|p1a: Rayquaza
|-weather|none
|-hitcount|p1: Rayquaza|1
|
|upkeep
|c|☆ihateDread|weird ass set
|
|t:|1664418357
|switch|p1a: Necrozma|Necrozma-Dusk-Mane|100/100
|turn|7
|
|t:|1664418365
|move|p2a: Light God|Earthquake|p1a: Necrozma
|-supereffective|p1a: Necrozma
|-damage|p1a: Necrozma|33/100
|move|p1a: Necrozma|Stealth Rock|p2a: Light God
|-sidestart|p2: ihateDread|move: Stealth Rock
|
|upkeep
|turn|8
|c|☆RacerTo500|ooop
|
|t:|1664418374
|move|p2a: Light God|Rock Blast|p1a: Necrozma
|-resisted|p1a: Necrozma
|-damage|p1a: Necrozma|29/100
|-resisted|p1a: Necrozma
|-damage|p1a: Necrozma|24/100
|-hitcount|p1a: Necrozma|2
|move|p1a: Necrozma|Knock Off|p2a: Light God
|-supereffective|p2a: Light God
|-damage|p2a: Light God|15/100
|
|upkeep
|turn|9
|c|☆ihateDread|BRJHU
|c|☆ihateDread|no swap to
|c|☆RacerTo500|yes maam
|c|☆ihateDread|ho oh
|c|☆ihateDread|dum
|
|t:|1664418388
|switch|p1a: Ho-Oh|Ho-Oh|100/100
|move|p2a: Light God|Rock Blast|p1a: Ho-Oh
|-supereffective|p1a: Ho-Oh
|-damage|p1a: Ho-Oh|27/100
|-supereffective|p1a: Ho-Oh
|-damage|p1a: Ho-Oh|0 fnt
|faint|p1a: Ho-Oh
|-hitcount|p1: Ho-Oh|2
|
|-sideend|p2: ihateDread|Reflect
|upkeep
|c|☆ihateDread|bruh
|
|t:|1664418396
|switch|p1a: Zygarde|Zygarde|100/100
|turn|10
|
|t:|1664418401
|-zpower|p2a: Light God
|move|p2a: Light God|Light That Burns the Sky|p1a: Zygarde|[zeffect]
|-damage|p1a: Zygarde|0 fnt
|faint|p1a: Zygarde
|
|upkeep
|c|☆RacerTo500|just for u
|
|t:|1664418408
|switch|p1a: Arceus|Arceus-Electric|100/100
|turn|11
|
|t:|1664418416
|-start|p1a: Arceus|Dynamax|
|-heal|p1a: Arceus|100/100|[silent]
|move|p2a: Light God|Earthquake|p1a: Arceus
|-supereffective|p1a: Arceus
|-damage|p1a: Arceus|41/100
|move|p1a: Arceus|Max Lightning|p2a: Light God
|-resisted|p2a: Light God
|-damage|p2a: Light God|0 fnt
|-fieldstart|move: Electric Terrain
|faint|p2a: Light God
|
|upkeep
|c|☆RacerTo500|le pain
|
|t:|1664418424
|switch|p2a: Sword|Zacian-Crowned|100/100
|-damage|p2a: Sword|94/100|[from] Stealth Rock
|-ability|p2a: Sword|Intrepid Sword|boost
|-boost|p2a: Sword|atk|1
|turn|12
|
|t:|1664418427
|move|p2a: Sword|Behemoth Blade|p1a: Arceus
|-resisted|p1a: Arceus
|-damage|p1a: Arceus|9/100
|move|p1a: Arceus|Max Lightning|p2a: Sword
|-damage|p2a: Sword|16/100
|
|upkeep
|turn|13
|
|t:|1664418431
|move|p2a: Sword|Behemoth Blade|p1a: Arceus
|-resisted|p1a: Arceus
|-damage|p1a: Arceus|0 fnt
|faint|p1a: Arceus
|
|upkeep
|c|☆ihateDread|w0ahawohw
|
|t:|1664418433
|switch|p1a: Regieleki|Regieleki|100/100
|turn|14
|
|t:|1664418439
|move|p1a: Regieleki|Thunderbolt|p2a: Sword
|-damage|p2a: Sword|0 fnt
|faint|p2a: Sword
|
|upkeep
|
|t:|1664418454
|switch|p2a: Horsey|Calyrex-Shadow|100/100
|-ability|p2a: Horsey|As One
|-ability|p2a: Horsey|Unnerve
|-damage|p2a: Horsey|88/100|[from] Stealth Rock
|turn|15
|c|☆RacerTo500|rip
|c|☆RacerTo500|gg
|
|t:|1664418460
|move|p1a: Regieleki|Thunderbolt|p2a: Horsey
|-damage|p2a: Horsey|0 fnt
|faint|p2a: Horsey
|
|-fieldend|move: Electric Terrain
|upkeep
|c|☆RacerTo500|or
|
|t:|1664418463
|switch|p2a: Speed|Rayquaza|100/100
|-damage|p2a: Speed|76/100|[from] Stealth Rock
|-ability|p2a: Speed|Air Lock
|turn|16
|c|☆ihateDread|i forgot
|c|☆ihateDread|not
|c|☆ihateDread|scarf
|
|t:|1664418473
|switch|p1a: Necrozma|Necrozma-Dusk-Mane|24/100
|detailschange|p2a: Speed|Rayquaza-Mega
|-mega|p2a: Speed|Rayquaza|
|-weather|DeltaStream|[from] ability: Delta Stream|[of] p2a: Speed
|move|p2a: Speed|V-create|p1a: Necrozma
|-supereffective|p1a: Necrozma
|-damage|p1a: Necrozma|0 fnt
|-unboost|p2a: Speed|spe|1
|-unboost|p2a: Speed|def|1
|-unboost|p2a: Speed|spd|1
|-damage|p2a: Speed|59/100|[from] item: Rocky Helmet|[of] p1a: Necrozma
|faint|p1a: Necrozma
|
|-weather|DeltaStream|[upkeep]
|upkeep
|
|t:|1664418476
|switch|p1a: Regieleki|Regieleki|100/100
|turn|17
|
|t:|1664418479
|move|p1a: Regieleki|Thunderbolt|p2a: Speed
|-activate||deltastream
|-resisted|p2a: Speed
|-damage|p2a: Speed|0 fnt
|faint|p2a: Speed
|-weather|none
|
|upkeep
|c|☆RacerTo500|I lose to zekrom
|
|t:|1664418482
|switch|p2a: Static|Zekrom, shiny|100/100
|-damage|p2a: Static|88/100|[from] Stealth Rock
|-ability|p2a: Static|Teravolt
|turn|18
|c|☆RacerTo500|;(
|
|t:|1664418487
|-start|p2a: Static|Dynamax|
|-heal|p2a: Static|88/100|[silent]
|move|p1a: Regieleki|Thunderbolt|p2a: Static
|-resisted|p2a: Static
|-damage|p2a: Static|76/100
|move|p2a: Static|Max Wyrmwind|p1a: Regieleki
|-damage|p1a: Regieleki|0 fnt
|faint|p1a: Regieleki
|
|win|ihateDread
|c|☆ihateDread|trolled
|l|☆RacerTo500
