|j|☆lyblwt12345
|j|☆CLEAR GEM清瑜
|t:|1664878121
|gametype|singles
|player|p1|lyblwt12345|cynthia-gen4|1685
|player|p2|CLEAR GEM清瑜|skierf|1802
|teamsize|p1|6
|teamsize|p2|6
|gen|8
|tier|[Gen 8] National Dex AG
|rated|
|rule|HP Percentage Mod: HP is shown in percentages
|rule|Endless Battle Clause: Forcing endless battles is banned
|clearpoke
|poke|p1|Arceus-*|
|poke|p1|Zacian-*|
|poke|p1|Rayquaza|
|poke|p1|Kyogre|
|poke|p1|Marshadow|
|poke|p1|Ditto|
|poke|p2|Rayquaza|
|poke|p2|Groudon|
|poke|p2|Necrozma-Dusk-Mane|
|poke|p2|Arceus-*|
|poke|p2|Arceus-*|
|poke|p2|Arceus-*|
|teampreview
|inactive|Battle timer is ON: inactive players will automatically lose when time's up. (requested by CLEAR GEM清瑜)
|inactive|CLEAR GEM清瑜 has 120 seconds left.
|
|t:|1664878156
|start
|switch|p1a: Kyogre|Kyogre|100/100
|switch|p2a: 不会(?)|Groudon|100/100
|detailschange|p2a: 不会(?)|Groudon-Primal
|-primal|p2a: 不会(?)
|-weather|DesolateLand|[from] ability: Desolate Land|[of] p2a: 不会(?)
|detailschange|p1a: Kyogre|Kyogre-Primal
|-primal|p1a: Kyogre
|-weather|PrimordialSea|[from] ability: Primordial Sea|[of] p1a: Kyogre
|turn|1
|
|t:|1664878174
|move|p2a: 不会(?)|Stealth Rock|p1a: Kyogre
|-sidestart|p1: lyblwt12345|move: Stealth Rock
|move|p1a: Kyogre|Toxic|p2a: 不会(?)
|-status|p2a: 不会(?)|tox
|
|-weather|PrimordialSea|[upkeep]
|-damage|p2a: 不会(?)|94/100 tox|[from] psn
|upkeep
|turn|2
|
|t:|1664878183
|move|p2a: 不会(?)|Thunder Wave|p1a: Kyogre
|-status|p1a: Kyogre|par
|move|p1a: Kyogre|Scald|p2a: 不会(?)
|-supereffective|p2a: 不会(?)
|-damage|p2a: 不会(?)|0 fnt
|faint|p2a: 不会(?)
|
|-weather|PrimordialSea|[upkeep]
|upkeep
|
|t:|1664878188
|switch|p2a: 烈龙无敌|Rayquaza|100/100
|-ability|p2a: 烈龙无敌|Air Lock
|turn|3
|
|t:|1664878212
|-weather|none
|switch|p1a: Marshadow|Marshadow|100/100
|-damage|p1a: Marshadow|94/100|[from] Stealth Rock
|detailschange|p2a: 烈龙无敌|Rayquaza-Mega
|-mega|p2a: 烈龙无敌|Rayquaza|
|-weather|DeltaStream|[from] ability: Delta Stream|[of] p2a: 烈龙无敌
|move|p2a: 烈龙无敌|Dragon Ascent|p1a: Marshadow
|-supereffective|p1a: Marshadow
|-damage|p1a: Marshadow|0 fnt
|-unboost|p2a: 烈龙无敌|def|1
|-unboost|p2a: 烈龙无敌|spd|1
|faint|p1a: Marshadow
|-damage|p2a: 烈龙无敌|91/100|[from] item: Life Orb
|
|-weather|DeltaStream|[upkeep]
|upkeep
|
|t:|1664878227
|switch|p1a: Rayquaza|Rayquaza|100/100
|-damage|p1a: Rayquaza|75/100|[from] Stealth Rock
|-ability|p1a: Rayquaza|Air Lock
|turn|4
|
|t:|1664878234
|detailschange|p1a: Rayquaza|Rayquaza-Mega
|-mega|p1a: Rayquaza|Rayquaza|
|move|p1a: Rayquaza|Extreme Speed|p2a: 烈龙无敌
|-damage|p2a: 烈龙无敌|9/100
|move|p2a: 烈龙无敌|Scale Shot|p1a: Rayquaza
|-supereffective|p1a: Rayquaza
|-damage|p1a: Rayquaza|27/100
|-supereffective|p1a: Rayquaza
|-damage|p1a: Rayquaza|0 fnt
|faint|p1a: Rayquaza
|-hitcount|p1: Rayquaza|2
|-unboost|p2a: 烈龙无敌|def|1
|-boost|p2a: 烈龙无敌|spe|1
|-damage|p2a: 烈龙无敌|0 fnt|[from] item: Life Orb
|faint|p2a: 烈龙无敌
|-weather|none
|
|upkeep
|
|t:|1664878250
|switch|p1a: Kyogre|Kyogre-Primal|100/100 par
|switch|p2a: 钢铁之躯|Necrozma-Dusk-Mane|100/100
|-damage|p1a: Kyogre|88/100 par|[from] Stealth Rock
|-weather|PrimordialSea|[from] ability: Primordial Sea|[of] p1a: Kyogre
|turn|5
|
|t:|1664878259
|move|p2a: 钢铁之躯|Dragon Dance|p2a: 钢铁之躯
|-boost|p2a: 钢铁之躯|atk|1
|-boost|p2a: 钢铁之躯|spe|1
|move|p1a: Kyogre|Rest|p1a: Kyogre
|-status|p1a: Kyogre|slp|[from] move: Rest
|-heal|p1a: Kyogre|100/100 slp|[silent]
|
|-weather|PrimordialSea|[upkeep]
|upkeep
|turn|6
|
|t:|1664878266
|detailschange|p2a: 钢铁之躯|Necrozma-Ultra
|-burst|p2a: 钢铁之躯|Necrozma|Ultranecrozium Z
|move|p2a: 钢铁之躯|Photon Geyser|p1a: Kyogre
|-damage|p1a: Kyogre|28/100 slp
|cant|p1a: Kyogre|slp
|move|p1a: Kyogre|Sleep Talk|p1a: Kyogre
|move|p1a: Kyogre|Toxic|p2a: 钢铁之躯|[from]move: Sleep Talk|[miss]
|-miss|p1a: Kyogre|p2a: 钢铁之躯
|
|-weather|PrimordialSea|[upkeep]
|upkeep
|turn|7
|inactive|lyblwt12345 has 120 seconds left.
|
|t:|1664878295
|move|p2a: 钢铁之躯|Photon Geyser|p1a: Kyogre
|-damage|p1a: Kyogre|0 fnt
|faint|p1a: Kyogre
|-weather|none
|
|upkeep
|inactive|lyblwt12345 has 120 seconds left.
|
|t:|1664878301
|switch|p1a: Arceus|Arceus-Electric|100/100
|-damage|p1a: Arceus|88/100|[from] Stealth Rock
|turn|8
|
|t:|1664878310
|-start|p1a: Arceus|Dynamax|
|-heal|p1a: Arceus|88/100|[silent]
|move|p2a: 钢铁之躯|Earthquake|p1a: Arceus
|-supereffective|p1a: Arceus
|-damage|p1a: Arceus|21/100
|move|p1a: Arceus|Max Hailstorm|p2a: 钢铁之躯
|-supereffective|p2a: 钢铁之躯
|-damage|p2a: 钢铁之躯|23/100
|-weather|Hail
|
|-weather|Hail|[upkeep]
|-damage|p2a: 钢铁之躯|17/100|[from] Hail
|-damage|p1a: Arceus|18/100|[from] Hail
|upkeep
|turn|9
|inactive|lyblwt12345 has 120 seconds left.
|
|t:|1664878325
|move|p1a: Arceus|Max Guard|p1a: Arceus
|-singleturn|p1a: Arceus|Max Guard
|move|p2a: 钢铁之躯|Earthquake|p1a: Arceus
|-activate|p1a: Arceus|move: Max Guard
|
|-weather|Hail|[upkeep]
|-damage|p2a: 钢铁之躯|10/100|[from] Hail
|-damage|p1a: Arceus|15/100|[from] Hail
|upkeep
|turn|10
|
|t:|1664878334
|move|p2a: 钢铁之躯|Photon Geyser|p1a: Arceus
|-damage|p1a: Arceus|0 fnt
|faint|p1a: Arceus
|
|-weather|Hail|[upkeep]
|-damage|p2a: 钢铁之躯|4/100|[from] Hail
|upkeep
|
|t:|1664878342
|switch|p1a: Ditto|Ditto|100/100
|-damage|p1a: Ditto|88/100|[from] Stealth Rock
|-transform|p1a: Ditto|p2a: 钢铁之躯|[from] ability: Imposter
|turn|11
|
|t:|1664878349
|move|p1a: Ditto|Photon Geyser|p2a: 钢铁之躯
|-resisted|p2a: 钢铁之躯
|-damage|p2a: 钢铁之躯|0 fnt
|faint|p2a: 钢铁之躯
|
|-weather|Hail|[upkeep]
|-damage|p1a: Ditto|82/100|[from] Hail
|upkeep
|
|t:|1664878355
|switch|p2a: 究极辅助|Arceus-Dark|100/100
|turn|12
|
|t:|1664878365
|switch|p1a: Zacian|Zacian-Crowned|100/100
|-damage|p1a: Zacian|94/100|[from] Stealth Rock
|-ability|p1a: Zacian|Intrepid Sword|boost
|-boost|p1a: Zacian|atk|1
|switch|p2a: 乱杀P固|Arceus-Ground|100/100
|
|-weather|none
|upkeep
|turn|13
|
|t:|1664878384
|move|p1a: Zacian|Behemoth Blade|p2a: 乱杀P固
|-damage|p2a: 乱杀P固|16/100
|move|p2a: 乱杀P固|Earthquake|p1a: Zacian
|-supereffective|p1a: Zacian
|-damage|p1a: Zacian|0 fnt
|faint|p1a: Zacian
|
|upkeep
|
|t:|1664878391
|switch|p1a: Ditto|Ditto|82/100
|-damage|p1a: Ditto|70/100|[from] Stealth Rock
|-transform|p1a: Ditto|p2a: 乱杀P固|[from] ability: Imposter
|turn|14
|
|t:|1664878400
|move|p1a: Ditto|Bullet Seed|p2a: 乱杀P固
|-supereffective|p2a: 乱杀P固
|-damage|p2a: 乱杀P固|4/100
|-supereffective|p2a: 乱杀P固
|-crit|p2a: 乱杀P固
|-damage|p2a: 乱杀P固|0 fnt
|faint|p2a: 乱杀P固
|-hitcount|p2: 乱杀P固|2
|
|upkeep
|
|t:|1664878403
|switch|p2a: 悬空羊驼|Arceus-Flying|100/100
|turn|15
|
|t:|1664878409
|-start|p2a: 悬空羊驼|Dynamax|
|-heal|p2a: 悬空羊驼|100/100|[silent]
|move|p1a: Ditto|Bullet Seed|p2a: 悬空羊驼
|-resisted|p2a: 悬空羊驼
|-damage|p2a: 悬空羊驼|99/100
|-resisted|p2a: 悬空羊驼
|-damage|p2a: 悬空羊驼|98/100
|-hitcount|p2a: 悬空羊驼|2
|move|p2a: 悬空羊驼|Max Airstream|p1a: Ditto
|-damage|p1a: Ditto|0 fnt
|-boost|p2a: 悬空羊驼|spe|1
|faint|p1a: Ditto
|
|win|CLEAR GEM清瑜
|raw|lyblwt12345's rating: 1685 &rarr; <strong>1671</strong><br />(-14 for losing)
|raw|CLEAR GEM清瑜's rating: 1802 &rarr; <strong>1816</strong><br />(+14 for winning)
|l|☆lyblwt12345
||Ladder isn't responding, score probably updated but might not have (Request timeout).
