|j|☆Coronet077
|j|☆xLeonisx
|t:|1658888818
|gametype|singles
|player|p1|Coronet077|fisherman-gen4|1632
|player|p2|xLeonisx|170|1616
|teamsize|p1|6
|teamsize|p2|6
|gen|8
|tier|[Gen 8] National Dex AG
|rated|
|rule|HP Percentage Mod: HP is shown in percentages
|rule|Endless Battle Clause: Forcing endless battles is banned
|clearpoke
|poke|p1|Ho-Oh|
|poke|p1|Arceus-*|
|poke|p1|Groudon|
|poke|p1|Ditto|
|poke|p1|Zacian-*|
|poke|p1|Necrozma-Dusk-Mane|
|poke|p2|Deoxys-Speed|
|poke|p2|Ditto|
|poke|p2|Kyogre|
|poke|p2|Calyrex-Shadow|
|poke|p2|Lugia|
|poke|p2|Zacian-*|
|teampreview
|inactive|Battle timer is ON: inactive players will automatically lose when time's up. (requested by xLeonisx)
|
|t:|1658888844
|start
|switch|p1a: Necrozma|Necrozma-Dusk-Mane|100/100
|switch|p2a: Kyogre|Kyogre|100/100
|detailschange|p2a: Kyogre|Kyogre-Primal
|-primal|p2a: Kyogre
|-weather|PrimordialSea|[from] ability: Primordial Sea|[of] p2a: Kyogre
|turn|1
|
|t:|1658888850
|switch|p1a: Groudon|Groudon|100/100
|detailschange|p1a: Groudon|Groudon-Primal
|-primal|p1a: Groudon
|-weather|DesolateLand|[from] ability: Desolate Land|[of] p1a: Groudon
|move|p2a: Kyogre|Ice Beam|p1a: Groudon
|-crit|p1a: Groudon
|-damage|p1a: Groudon|58/100
|
|-weather|DesolateLand|[upkeep]
|upkeep
|turn|2
|
|t:|1658888857
|switch|p2a: Lugia|Lugia|100/100
|move|p1a: Groudon|Stealth Rock|p2a: Lugia
|-sidestart|p2: xLeonisx|move: Stealth Rock
|
|-weather|DesolateLand|[upkeep]
|upkeep
|turn|3
|
|t:|1658888862
|-weather|none
|switch|p1a: Necrozma|Necrozma-Dusk-Mane|100/100
|move|p2a: Lugia|Toxic|p1a: Necrozma
|-immune|p1a: Necrozma
|
|upkeep
|turn|4
|
|t:|1658888869
|move|p2a: Lugia|Defog|p1a: Necrozma
|-unboost|p1a: Necrozma|evasion|1
|-sideend|p2: xLeonisx|Stealth Rock|[from] move: Defog|[of] p2a: Lugia
|move|p1a: Necrozma|Toxic|p2a: Lugia|[miss]
|-miss|p1a: Necrozma|p2a: Lugia
|
|upkeep
|turn|5
|
|t:|1658888874
|move|p2a: Lugia|Defog|p1a: Necrozma
|-unboost|p1a: Necrozma|evasion|1
|move|p1a: Necrozma|Knock Off|p2a: Lugia
|-supereffective|p2a: Lugia
|-damage|p2a: Lugia|79/100
|-enditem|p2a: Lugia|Heavy-Duty Boots|[from] move: Knock Off|[of] p1a: Necrozma
|
|upkeep
|turn|6
|
|t:|1658888879
|switch|p2a: Kyogre|Kyogre-Primal|100/100
|-weather|PrimordialSea|[from] ability: Primordial Sea|[of] p2a: Kyogre
|move|p1a: Necrozma|Toxic|p2a: Kyogre|[miss]
|-miss|p1a: Necrozma|p2a: Kyogre
|
|-weather|PrimordialSea|[upkeep]
|upkeep
|turn|7
|
|t:|1658888889
|move|p2a: Kyogre|Ice Beam|p1a: Necrozma
|-resisted|p1a: Necrozma
|-damage|p1a: Necrozma|84/100
|move|p1a: Necrozma|Toxic|p2a: Kyogre
|-status|p2a: Kyogre|tox
|
|-weather|PrimordialSea|[upkeep]
|-heal|p1a: Necrozma|90/100|[from] item: Leftovers
|-damage|p2a: Kyogre|94/100 tox|[from] psn
|upkeep
|turn|8
|j| MeloMeloMeloetta
|
|t:|1658888899
|switch|p1a: Arceus|Arceus-Water|100/100
|move|p2a: Kyogre|Ice Beam|p1a: Arceus
|-resisted|p1a: Arceus
|-damage|p1a: Arceus|88/100
|
|-weather|PrimordialSea|[upkeep]
|-damage|p2a: Kyogre|82/100 tox|[from] psn
|upkeep
|turn|9
|
|t:|1658888905
|move|p2a: Kyogre|Thunder|p1a: Arceus
|-supereffective|p1a: Arceus
|-damage|p1a: Arceus|24/100
|move|p1a: Arceus|Judgment|p2a: Kyogre
|-resisted|p2a: Kyogre
|-damage|p2a: Kyogre|59/100 tox
|
|-weather|PrimordialSea|[upkeep]
|-damage|p2a: Kyogre|40/100 tox|[from] psn
|upkeep
|turn|10
|
|t:|1658888911
|switch|p1a: Groudon|Groudon-Primal|58/100
|-weather|DesolateLand|[from] ability: Desolate Land|[of] p1a: Groudon
|move|p2a: Kyogre|Ice Beam|p1a: Groudon
|-damage|p1a: Groudon|33/100
|
|-weather|DesolateLand|[upkeep]
|-damage|p2a: Kyogre|16/100 tox|[from] psn
|upkeep
|turn|11
|
|t:|1658888917
|move|p2a: Kyogre|Ice Beam|p1a: Groudon
|-damage|p1a: Groudon|8/100
|move|p1a: Groudon|Rest|p1a: Groudon
|-status|p1a: Groudon|slp|[from] move: Rest
|-heal|p1a: Groudon|100/100 slp|[silent]
|
|-weather|DesolateLand|[upkeep]
|-damage|p2a: Kyogre|0 fnt|[from] psn
|faint|p2a: Kyogre
|upkeep
|
|t:|1658888924
|switch|p2a: Ditto|Ditto|100/100
|-transform|p2a: Ditto|p1a: Groudon|[from] ability: Imposter
|turn|12
|
|t:|1658888942
|switch|p1a: Ho-Oh|Ho-Oh|100/100
|move|p2a: Ditto|Stone Edge|p1a: Ho-Oh
|-supereffective|p1a: Ho-Oh
|-damage|p1a: Ho-Oh|0 fnt
|faint|p1a: Ho-Oh
|
|-weather|DesolateLand|[upkeep]
|upkeep
|
|t:|1658888946
|switch|p1a: Arceus|Arceus-Water|24/100
|turn|13
|
|t:|1658888950
|move|p2a: Ditto|Stone Edge|p1a: Arceus
|-damage|p1a: Arceus|7/100
|move|p1a: Arceus|Recover|p1a: Arceus
|-heal|p1a: Arceus|57/100
|
|-weather|DesolateLand|[upkeep]
|upkeep
|turn|14
|
|t:|1658888953
|-weather|none
|switch|p2a: Calyrex|Calyrex-Shadow|100/100
|-ability|p2a: Calyrex|As One
|-ability|p2a: Calyrex|Unnerve
|move|p1a: Arceus|Ice Beam|p2a: Calyrex
|-damage|p2a: Calyrex|78/100
|-status|p2a: Calyrex|frz
|
|upkeep
|turn|15
|
|t:|1658888963
|switch|p1a: Ditto|Ditto|100/100
|-transform|p1a: Ditto|p2a: Calyrex|[from] ability: Imposter
|cant|p2a: Calyrex|frz
|
|upkeep
|turn|16
|c| MeloMeloMeloetta|lol
|
|t:|1658888973
|switch|p2a: Ditto|Ditto|100/100
|move|p1a: Ditto|Astral Barrage|p2a: Ditto
|-immune|p2a: Ditto
|
|upkeep
|turn|17
|
|t:|1658888979
|switch|p2a: Lugia|Lugia|79/100
|-start|p1a: Ditto|Dynamax|
|-heal|p1a: Ditto|100/100|[silent]
|move|p1a: Ditto|Max Mindstorm|p2a: Lugia
|-resisted|p2a: Lugia
|-damage|p2a: Lugia|58/100
|-fieldstart|move: Psychic Terrain
|
|upkeep
|turn|18
|
|t:|1658888984
|switch|p2a: Ditto|Ditto|100/100
|move|p1a: Ditto|Max Phantasm|p2a: Ditto
|-immune|p2a: Ditto
|
|upkeep
|turn|19
|
|t:|1658888989
|switch|p2a: Lugia|Lugia|58/100
|move|p1a: Ditto|Max Mindstorm|p2a: Lugia
|-resisted|p2a: Lugia
|-damage|p2a: Lugia|27/100
|
|upkeep
|-end|p1a: Ditto|Dynamax
|-heal|p1a: Ditto|100/100|[silent]
|turn|20
|
|t:|1658889000
|switch|p1a: Zacian|Zacian-Crowned|100/100
|-ability|p1a: Zacian|Intrepid Sword|boost
|-boost|p1a: Zacian|atk|1
|switch|p2a: Ditto|Ditto|100/100
|-transform|p2a: Ditto|p1a: Zacian|[from] ability: Imposter
|-ability|p2a: Ditto|Intrepid Sword|boost
|-boost|p2a: Ditto|atk|1
|
|upkeep
|turn|21
|
|t:|1658889004
|switch|p1a: Necrozma|Necrozma-Dusk-Mane|90/100
|move|p2a: Ditto|Behemoth Blade|p1a: Necrozma
|-resisted|p1a: Necrozma
|-damage|p1a: Necrozma|59/100
|
|-heal|p1a: Necrozma|65/100|[from] item: Leftovers
|-fieldend|move: Psychic Terrain
|upkeep
|turn|22
|
|t:|1658889010
|switch|p2a: Calyrex|Calyrex-Shadow|78/100 frz
|-ability|p2a: Calyrex|As One
|-ability|p2a: Calyrex|Unnerve
|move|p1a: Necrozma|Knock Off|p2a: Calyrex
|-supereffective|p2a: Calyrex
|-damage|p2a: Calyrex|0 fnt
|-enditem|p2a: Calyrex|Choice Scarf|[from] move: Knock Off|[of] p1a: Necrozma
|faint|p2a: Calyrex
|
|-heal|p1a: Necrozma|71/100|[from] item: Leftovers
|upkeep
|
|t:|1658889015
|switch|p2a: Deoxys|Deoxys-Speed|100/100
|-ability|p2a: Deoxys|Pressure
|turn|23
|
|t:|1658889024
|move|p2a: Deoxys|Thunder Wave|p1a: Necrozma|[miss]
|-miss|p2a: Deoxys|p1a: Necrozma
|move|p1a: Necrozma|Knock Off|p2a: Deoxys
|-supereffective|p2a: Deoxys
|-enditem|p2a: Deoxys|Focus Sash
|-damage|p2a: Deoxys|1/100
|
|-heal|p1a: Necrozma|77/100|[from] item: Leftovers
|upkeep
|turn|24
|-message|xLeonisx forfeited.
|
|win|Coronet077
|raw|Coronet077's rating: 1632 &rarr; <strong>1651</strong><br />(+19 for winning)
|raw|xLeonisx's rating: 1616 &rarr; <strong>1597</strong><br />(-19 for losing)
|l|☆xLeonisx
