|j|☆Master kushagra
|j|☆NOT an alt frfr
|inactive|Battle timer is ON: inactive players will automatically lose when time's up.
|t:|1654061159
|gametype|singles
|player|p1|Master kushagra|leon-tower|
|player|p2|NOT an alt frfr|lisia|
|teamsize|p1|6
|teamsize|p2|6
|gen|8
|tier|[Gen 8] National Dex AG
|rated|Tournament battle
|rule|HP Percentage Mod: HP is shown in percentages
|rule|Endless Battle Clause: Forcing endless battles is banned
|clearpoke
|poke|p1|Necrozma-Dusk-Mane|
|poke|p1|Arceus-*|
|poke|p1|Arceus-*|
|poke|p1|Arceus-*|
|poke|p1|Yveltal|
|poke|p1|Zacian-*|
|poke|p2|Smeargle, M|
|poke|p2|Groudon|
|poke|p2|Calyrex-Shadow|
|poke|p2|Xerneas-*|
|poke|p2|Yveltal|
|poke|p2|Rayquaza|
|teampreview
|inactive|NOT an alt frfr also wants the timer to be on.
|j| Opnoob 598@!
|j| testaltv4神
|j| Little Luvie
|c|☆NOT an alt frfr|glhf
|c| Opnoob 598|Bruh this team
|
|t:|1654061181
|start
|switch|p1a: Arceus|Arceus-Ground|100/100
|switch|p2a: funny epic|Smeargle, M|100/100
|turn|1
|c| Opnoob 598|This is kind of like amanoel's team
|
|t:|1654061188
|move|p1a: Arceus|Magic Coat|p1a: Arceus
|-singleturn|p1a: Arceus|move: Magic Coat
|move|p2a: funny epic|Rapid Spin|p1a: Arceus
|-crit|p1a: Arceus
|-damage|p1a: Arceus|91/100
|-boost|p2a: funny epic|spe|1
|
|upkeep
|turn|2
|c| Little Luvie|funny epic
|c| Opnoob 598|Or w/e the spelling
|j| Blair but luck?
|c| testaltv4神|funni
|c| Blair but luck?|Go BILLETTE LOL
|c| Opnoob 598|Except that it had an espeon with smeargle
|
|t:|1654061208
|move|p1a: Arceus|Magic Coat|p1a: Arceus
|-singleturn|p1a: Arceus|move: Magic Coat
|move|p2a: funny epic|Sticky Web|p1a: Arceus
|move|p1a: Arceus|Sticky Web|p2a: funny epic|[from]Magic Coat
|-sidestart|p2: NOT an alt frfr|move: Sticky Web
|
|upkeep
|turn|3
|
|t:|1654061212
|move|p2a: funny epic|Sticky Web|p1a: Arceus
|-sidestart|p1: Master kushagra|move: Sticky Web
|move|p1a: Arceus|Earthquake|p2a: funny epic
|-enditem|p2a: funny epic|Focus Sash
|-damage|p2a: funny epic|1/100
|
|upkeep
|turn|4
|c| Blair but luck?|lol
|
|t:|1654061216
|move|p1a: Arceus|Magic Coat|p1a: Arceus
|-singleturn|p1a: Arceus|move: Magic Coat
|move|p2a: funny epic|Rapid Spin|p1a: Arceus
|-damage|p1a: Arceus|84/100
|-boost|p2a: funny epic|spe|1
|-sideend|p2: NOT an alt frfr|Sticky Web|[from] move: Rapid Spin|[of] p2a: funny epic
|
|upkeep
|turn|5
|
|t:|1654061221
|move|p2a: funny epic|Rapid Spin|p1a: Arceus
|-crit|p1a: Arceus
|-damage|p1a: Arceus|75/100
|-boost|p2a: funny epic|spe|1
|move|p1a: Arceus|Earthquake|p2a: funny epic
|-damage|p2a: funny epic|0 fnt
|faint|p2a: funny epic
|
|upkeep
|c| Opnoob 598|Billete but f****y *o*
|c| Opnoob 598|Goooo
|c|☆Master kushagra|ahm
|c| Opnoob 598|Oops i mean billete but.epic.funnier :^)
|inactive|NOT an alt frfr has 120 seconds left.
|c|☆NOT an alt frfr|nah it's femboy hot :3
|c| Opnoob 598|LOOOOl
|c|☆Master kushagra|we got some intresting spectators
|c| Opnoob 598|Btw
|c| Opnoob 598|Kush runs
|inactive|NOT an alt frfr has 90 seconds left.
|c| Opnoob 598|Wil o wisp grassceus
|c|☆Master kushagra|u
|c|☆NOT an alt frfr|based
|c| Opnoob 598|With a speed faster than Ada mega ray
|
|t:|1654061291
|switch|p2a: The Shadow King|Calyrex-Shadow|100/100
|-ability|p2a: The Shadow King|As One
|-ability|p2a: The Shadow King|Unnerve
|turn|6
|c|☆Master kushagra|stupid
|c| Opnoob 598|:^)
|inactive|NOT an alt frfr has 90 seconds left.
|c| Opnoob 598|Grass knot wil o wisp recover ice beam :^)
|c| Opnoob 598|Eleceus
|
|t:|1654061316
|move|p2a: The Shadow King|Nasty Plot|p2a: The Shadow King
|-boost|p2a: The Shadow King|spa|2
|-zpower|p1a: Arceus
|move|p1a: Arceus|Tectonic Rage|p2a: The Shadow King|[zeffect]
|-enditem|p2a: The Shadow King|Focus Sash
|-damage|p2a: The Shadow King|1/100
|
|upkeep
|turn|7
|c| Opnoob 598|Groundceus
|
|t:|1654061323
|move|p2a: The Shadow King|Astral Barrage|p1a: Arceus
|-damage|p1a: Arceus|0 fnt
|faint|p1a: Arceus
|-ability|p2a: The Shadow King|Grim Neigh|boost
|-boost|p2a: The Shadow King|spa|1
|
|upkeep
|
|t:|1654061327
|switch|p1a: Yveltal|Yveltal, shiny|100/100
|-ability|p1a: Yveltal|Dark Aura
|turn|8
|
|t:|1654061330
|move|p1a: Yveltal|Sucker Punch||[still]
|-fail|p1a: Yveltal
|move|p2a: The Shadow King|Baton Pass|p2a: The Shadow King
|
|t:|1654061332
|switch|p2a: The Apocypha|Xerneas, shiny|100/100|[from]move: Baton Pass
|-ability|p2a: The Apocypha|Fairy Aura
|
|upkeep
|turn|9
|c| testaltv4神|Outplayed
|c| Opnoob 598|WHY WOULD U
|c| Opnoob 598|Sucker PUNCH
|c|☆NOT an alt frfr|bruh momento
|c| testaltv4神|cuz u wanna lose :^)
|c| Opnoob 598|WASNT UT SOO GODAMN OBVIOUS?
|c| Opnoob 598|that he was gonna bp
|inactive|Master kushagra has 120 seconds left.
|c| Opnoob 598|Max Airstream was the obvious there smh
|c| Opnoob 598|;
|c| testaltv4神|y lol
|c| Opnoob 598|Good plays
|c| Opnoob 598|FR
|
|t:|1654061383
|move|p1a: Yveltal|Oblivion Wing|p2a: The Apocypha
|-damage|p2a: The Apocypha|54/100
|-damage|p1a: Yveltal|90/100|[from] item: Life Orb
|move|p2a: The Apocypha|Geomancy||[still]
|-prepare|p2a: The Apocypha|Geomancy
|-enditem|p2a: The Apocypha|Power Herb
|-anim|p2a: The Apocypha|Geomancy|p2a: The Apocypha
|-boost|p2a: The Apocypha|spa|2
|-boost|p2a: The Apocypha|spd|2
|-boost|p2a: The Apocypha|spe|2
|
|upkeep
|turn|10
|inactive|NOT an alt frfr has 120 seconds left.
|c|☆NOT an alt frfr|yea but being smart is overrated
|c| Opnoob 598|Yeah nice
|c| Opnoob 598|Gg
|c| Opnoob 598|Kek
|c|☆NOT an alt frfr|tbh
|c| testaltv4神|and now u don't dmax
|
|t:|1654061401
|-start|p2a: The Apocypha|Dynamax|
|-heal|p2a: The Apocypha|54/100|[silent]
|move|p1a: Yveltal|Sucker Punch|p2a: The Apocypha
|-resisted|p2a: The Apocypha
|-damage|p2a: The Apocypha|43/100
|-damage|p1a: Yveltal|80/100|[from] item: Life Orb
|move|p2a: The Apocypha|Max Lightning|p1a: Yveltal
|-supereffective|p1a: Yveltal
|-damage|p1a: Yveltal|0 fnt
|-fieldstart|move: Electric Terrain
|faint|p1a: Yveltal
|
|upkeep
|c| Opnoob 598|Don't d max xern
|c| Opnoob 598|BROOOOO
|c|☆NOT an alt frfr|:3
|c| Opnoob 598|U were supposed to save it but w/e
|inactive|Master kushagra has 90 seconds left.
|c| Opnoob 598|For ndm Dyna vs ur xern normal
|
|t:|1654061424
|switch|p1a: zacian destroyer|Necrozma-Dusk-Mane, shiny|100/100
|-activate|p1a: zacian destroyer|move: Sticky Web
|-unboost|p1a: zacian destroyer|spe|1
|turn|11
|c| Opnoob 598|Kush sac 2 More mins
|inactive|NOT an alt frfr has 120 seconds left.
|c| Opnoob 598|Nooo
|
|t:|1654061431
|-start|p1a: zacian destroyer|Dynamax|
|-heal|p1a: zacian destroyer|100/100|[silent]
|move|p1a: zacian destroyer|Max Guard|p1a: zacian destroyer
|-singleturn|p1a: zacian destroyer|Max Guard
|move|p2a: The Apocypha|Max Lightning|p1a: zacian destroyer
|-activate|p1a: zacian destroyer|move: Max Guard
|
|upkeep
|turn|12
|c| Opnoob 598|RIP
|
|t:|1654061438
|move|p2a: The Apocypha|Max Lightning|p1a: zacian destroyer
|-damage|p1a: zacian destroyer|0 fnt
|faint|p1a: zacian destroyer
|
|upkeep
|c|☆NOT an alt frfr|yep
|c| testaltv4神|still dies
|c| Opnoob 598|I told u fool
|c| testaltv4神|L
|
|t:|1654061452
|switch|p1a: Zacian|Zacian-Crowned, shiny|100/100
|-activate|p1a: Zacian|move: Sticky Web
|-unboost|p1a: Zacian|spe|1
|-ability|p1a: Zacian|Intrepid Sword|boost
|-boost|p1a: Zacian|atk|1
|-end|p2a: The Apocypha|Dynamax
|-heal|p2a: The Apocypha|43/100|[silent]
|turn|13
|c| Opnoob 598|U had to sack 2 more mins
|
|t:|1654061457
|move|p2a: The Apocypha|Moonblast|p1a: Zacian
|-resisted|p1a: Zacian
|-damage|p1a: Zacian|0 fnt
|faint|p1a: Zacian
|
|upkeep
|
|t:|1654061460
|switch|p1a: Thor|Arceus-Electric|100/100
|-activate|p1a: Thor|move: Sticky Web
|-unboost|p1a: Thor|spe|1
|turn|14
|
|t:|1654061462
|move|p2a: The Apocypha|Moonblast|p1a: Thor
|-damage|p1a: Thor|0 fnt
|faint|p1a: Thor
|
|-fieldend|move: Electric Terrain
|upkeep
|c| Opnoob 598|Anyways losing game
|c| Opnoob 598|Gg
|inactive|Master kushagra has 120 seconds left.
|c|☆NOT an alt frfr|100% skill tbh
|
|t:|1654061476
|switch|p1a: Arceus|Arceus-Grass|100/100
|-activate|p1a: Arceus|move: Sticky Web
|-unboost|p1a: Arceus|spe|1
|turn|15
|c| Opnoob 598|Imagine losing to Geo xern
|c| testaltv4神|fr
|c| Opnoob 598|Couldn't be me :^)
|inactive|Master kushagra has 120 seconds left.
|c|☆Master kushagra|gg
|
|t:|1654061490
|move|p2a: The Apocypha|Moonblast|p1a: Arceus
|-damage|p1a: Arceus|0 fnt
|faint|p1a: Arceus
|
|win|NOT an alt frfr
|n|☆Master kushagra|masterkushagra
|n|☆NOT an alt frfr|notanaltfrfr
|n| Opnoob 598@!|opnoob598
|n| testaltv4神|testaltv4
|n| Little Luvie|littleluvie
|n| Blair but luck?|blairbutluck
|c|☆NOT an alt frfr|gg wp
|l|☆NOT an alt frfr
|l| testaltv4神
|l| Opnoob 598
|l| Little Luvie
|j|☆NOT an alt frfr
|player|p2|NOT an alt frfr|lisia
