|j|☆diemond35472
|j|☆Kabia San
|t:|1638489358
|gametype|singles
|player|p1|diemond35472|265|1675
|player|p2|Kabia San|psychic-gen4|1600
|teamsize|p1|6
|teamsize|p2|6
|gen|8
|tier|[Gen 8] National Dex AG
|rated|
|rule|HP Percentage Mod: HP is shown in percentages
|rule|Endless Battle Clause: Forcing endless battles is banned
|clearpoke
|poke|p1|Zacian-*|
|poke|p1|Calyrex-Shadow|
|poke|p1|Yveltal|
|poke|p1|Rayquaza|
|poke|p1|Necrozma-Dusk-Mane|
|poke|p1|Arceus-*|
|poke|p2|Xerneas-*|
|poke|p2|Volcanion|
|poke|p2|Necrozma-Dusk-Mane|
|poke|p2|Yveltal|
|poke|p2|Zygarde|
|poke|p2|Lopunny, F|
|teampreview
|inactive|Battle timer is ON: inactive players will automatically lose when time's up. (requested by Kabia San)
|c|☆diemond35472|glhf
|
|t:|1638489373
|start
|switch|p1a: Yveltal|Yveltal|100/100
|switch|p2a: Fire|Volcanion|100/100
|-ability|p1a: Yveltal|Dark Aura
|turn|1
|
|t:|1638489383
|move|p1a: Yveltal|Snarl|p2a: Fire
|-damage|p2a: Fire|66/100
|-unboost|p2a: Fire|spa|1
|-enditem|p1a: Yveltal|Throat Spray
|-boost|p1a: Yveltal|spa|1|[from] item: Throat Spray
|move|p2a: Fire|Steam Eruption|p1a: Yveltal
|-damage|p1a: Yveltal|65/100
|
|upkeep
|turn|2
|l|☆Kabia San
|inactive|Kabia San disconnected and has a minute to reconnect!
|player|p2|
|c|☆diemond35472|...
|j|☆Kabia San
|inactive|Kabia San reconnected and has 110 seconds left.
|player|p2|Kabia San|psychic-gen4
|c|☆Kabia San|Sorry my connection messed up
|inactive|Kabia San has 90 seconds left.
|c|☆diemond35472|all g
|
|t:|1638489444
|-start|p1a: Yveltal|Dynamax
|-heal|p1a: Yveltal|65/100|[silent]
|move|p1a: Yveltal|Max Airstream|p2a: Fire
|-damage|p2a: Fire|0 fnt
|-boost|p1a: Yveltal|spe|1
|faint|p2a: Fire
|
|upkeep
|inactive|Kabia San has 90 seconds left.
|
|t:|1638489468
|switch|p2a: Fairy|Xerneas|100/100
|-ability|p2a: Fairy|Fairy Aura
|turn|3
|
|t:|1638489474
|move|p1a: Yveltal|Max Airstream|p2a: Fairy
|-damage|p2a: Fairy|18/100
|-boost|p1a: Yveltal|spe|1
|move|p2a: Fairy|Geomancy||[still]
|-prepare|p2a: Fairy|Geomancy
|-enditem|p2a: Fairy|Power Herb
|-anim|p2a: Fairy|Geomancy|p2a: Fairy
|-boost|p2a: Fairy|spa|2
|-boost|p2a: Fairy|spd|2
|-boost|p2a: Fairy|spe|2
|
|upkeep
|turn|4
|
|t:|1638489478
|move|p1a: Yveltal|Max Airstream|p2a: Fairy
|-damage|p2a: Fairy|0 fnt
|-boost|p1a: Yveltal|spe|1
|faint|p2a: Fairy
|
|-end|p1a: Yveltal|Dynamax
|-heal|p1a: Yveltal|65/100|[silent]
|upkeep
|inactive|Kabia San has 90 seconds left.
|
|t:|1638489495
|switch|p2a: Steel|Necrozma-Dusk-Mane|100/100
|turn|5
|
|t:|1638489498
|-start|p2a: Steel|Dynamax
|-heal|p2a: Steel|100/100|[silent]
|move|p1a: Yveltal|Snarl|p2a: Steel
|-supereffective|p2a: Steel
|-damage|p2a: Steel|59/100
|-unboost|p2a: Steel|spa|1
|-enditem|p2a: Steel|Weakness Policy
|-boost|p2a: Steel|atk|2|[from] item: Weakness Policy
|-boost|p2a: Steel|spa|2|[from] item: Weakness Policy
|move|p2a: Steel|Max Steelspike|p1a: Yveltal
|-damage|p1a: Yveltal|0 fnt
|-boost|p2a: Steel|def|1
|faint|p1a: Yveltal
|
|upkeep
|
|t:|1638489516
|switch|p1a: Necrozma|Necrozma-Dusk-Mane|100/100
|turn|6
|
|t:|1638489521
|move|p2a: Steel|Max Steelspike|p1a: Necrozma
|-resisted|p1a: Necrozma
|-damage|p1a: Necrozma|59/100
|-boost|p2a: Steel|def|1
|move|p1a: Necrozma|Thunder Wave|p2a: Steel
|-status|p2a: Steel|par
|
|upkeep
|turn|7
|
|t:|1638489528
|move|p1a: Necrozma|Stealth Rock|p2a: Steel
|-sidestart|p2: Kabia San|move: Stealth Rock
|move|p2a: Steel|Max Steelspike|p1a: Necrozma
|-resisted|p1a: Necrozma
|-damage|p1a: Necrozma|18/100
|-boost|p2a: Steel|def|1
|
|-end|p2a: Steel|Dynamax
|-heal|p2a: Steel|59/100 par|[silent]
|upkeep
|turn|8
|inactive|Kabia San has 120 seconds left.
|
|t:|1638489535
|move|p1a: Necrozma|Morning Sun|p1a: Necrozma
|-heal|p1a: Necrozma|68/100
|cant|p2a: Steel|par
|
|upkeep
|turn|9
|
|t:|1638489541
|switch|p1a: Calyrex|Calyrex-Shadow|100/100
|-ability|p1a: Calyrex|As One
|-ability|p1a: Calyrex|Unnerve
|move|p2a: Steel|Dragon Dance|p2a: Steel
|-boost|p2a: Steel|atk|1
|-boost|p2a: Steel|spe|1
|
|upkeep
|turn|10
|
|t:|1638489548
|move|p1a: Calyrex|Astral Barrage|p2a: Steel
|-supereffective|p2a: Steel
|-damage|p2a: Steel|0 fnt
|faint|p2a: Steel
|-ability|p1a: Calyrex|Grim Neigh|boost
|-boost|p1a: Calyrex|spa|1
|
|upkeep
|
|t:|1638489554
|switch|p2a: Normal|Lopunny, F|100/100
|-damage|p2a: Normal|88/100|[from] Stealth Rock
|turn|11
|
|t:|1638489558
|switch|p1a: Necrozma|Necrozma-Dusk-Mane|68/100
|detailschange|p2a: Normal|Lopunny-Mega, F
|-mega|p2a: Normal|Lopunny|Lopunnite
|move|p2a: Normal|Fake Out|p1a: Necrozma
|-resisted|p1a: Necrozma
|-damage|p1a: Necrozma|62/100
|-damage|p2a: Normal|72/100|[from] item: Rocky Helmet|[of] p1a: Necrozma
|
|upkeep
|turn|12
|
|t:|1638489564
|switch|p2a: Dark|Yveltal, shiny|100/100
|-ability|p2a: Dark|Dark Aura
|move|p1a: Necrozma|Thunder Wave|p2a: Dark|[miss]
|-miss|p1a: Necrozma|p2a: Dark
|
|upkeep
|turn|13
|
|t:|1638489569
|move|p2a: Dark|Defog|p1a: Necrozma
|-unboost|p1a: Necrozma|evasion|1
|-sideend|p2: Kabia San|Stealth Rock|[from] move: Defog|[of] p2a: Dark
|move|p1a: Necrozma|Thunder Wave|p2a: Dark
|-status|p2a: Dark|par
|
|upkeep
|turn|14
|
|t:|1638489572
|move|p1a: Necrozma|Stealth Rock|p2a: Dark
|-sidestart|p2: Kabia San|move: Stealth Rock
|cant|p2a: Dark|par
|
|upkeep
|turn|15
|
|t:|1638489574
|move|p1a: Necrozma|Sunsteel Strike|p2a: Dark
|-damage|p2a: Dark|52/100 par
|cant|p2a: Dark|par
|
|upkeep
|turn|16
|
|t:|1638489581
|move|p1a: Necrozma|Sunsteel Strike|p2a: Dark
|-damage|p2a: Dark|7/100 par
|move|p2a: Dark|Defog|p1a: Necrozma
|-unboost|p1a: Necrozma|evasion|1
|-sideend|p2: Kabia San|Stealth Rock|[from] move: Defog|[of] p2a: Dark
|
|upkeep
|turn|17
|
|t:|1638489587
|cant|p2a: Dark|par
|move|p1a: Necrozma|Sunsteel Strike|p2a: Dark
|-damage|p2a: Dark|0 fnt
|faint|p2a: Dark
|
|upkeep
|
|t:|1638489596
|switch|p2a: Dragon|Zygarde|100/100
|turn|18
|
|t:|1638489600
|move|p2a: Dragon|Dragon Dance|p2a: Dragon
|-boost|p2a: Dragon|atk|1
|-boost|p2a: Dragon|spe|1
|move|p1a: Necrozma|Stealth Rock|p2a: Dragon
|-sidestart|p2: Kabia San|move: Stealth Rock
|
|upkeep
|turn|19
|
|t:|1638489603
|move|p2a: Dragon|Dragon Dance|p2a: Dragon
|-boost|p2a: Dragon|atk|1
|-boost|p2a: Dragon|spe|1
|move|p1a: Necrozma|Sunsteel Strike|p2a: Dragon
|-damage|p2a: Dragon|58/100
|
|upkeep
|turn|20
|
|t:|1638489608
|move|p2a: Dragon|Dragon Dance|p2a: Dragon
|-boost|p2a: Dragon|atk|1
|-boost|p2a: Dragon|spe|1
|move|p1a: Necrozma|Sunsteel Strike|p2a: Dragon
|-damage|p2a: Dragon|18/100
|
|-activate|p2a: Dragon|ability: Power Construct
|detailschange|p2a: Dragon|Zygarde-Complete
|-heal|p2a: Dragon|49/100|[silent]
|upkeep
|turn|21
|
|t:|1638489612
|move|p2a: Dragon|Thousand Arrows|p1a: Necrozma
|-supereffective|p1a: Necrozma
|-damage|p1a: Necrozma|0 fnt
|faint|p1a: Necrozma
|
|upkeep
|
|t:|1638489617
|switch|p1a: Arceus|Arceus|100/100
|turn|22
|
|t:|1638489621
|move|p1a: Arceus|Extreme Speed|p2a: Dragon
|-damage|p2a: Dragon|28/100
|move|p2a: Dragon|Thousand Arrows|p1a: Arceus
|-damage|p1a: Arceus|39/100
|
|upkeep
|turn|23
|
|t:|1638489628
|move|p2a: Dragon|Extreme Speed|p1a: Arceus
|-damage|p1a: Arceus|0 fnt
|faint|p1a: Arceus
|
|upkeep
|
|t:|1638489634
|switch|p1a: Rayquaza|Rayquaza|100/100
|-ability|p1a: Rayquaza|Air Lock
|turn|24
|
|t:|1638489640
|detailschange|p1a: Rayquaza|Rayquaza-Mega
|-mega|p1a: Rayquaza|Rayquaza|
|-weather|DeltaStream|[from] ability: Delta Stream|[of] p1a: Rayquaza
|move|p1a: Rayquaza|Extreme Speed|p2a: Dragon
|-damage|p2a: Dragon|3/100
|-damage|p1a: Rayquaza|91/100|[from] item: Life Orb
|move|p2a: Dragon|Breaking Swipe|p1a: Rayquaza
|-supereffective|p1a: Rayquaza
|-damage|p1a: Rayquaza|0 fnt
|faint|p1a: Rayquaza
|-weather|none
|
|upkeep
|
|t:|1638489643
|switch|p1a: Calyrex|Calyrex-Shadow|100/100
|-ability|p1a: Calyrex|As One
|-ability|p1a: Calyrex|Unnerve
|turn|25
|
|t:|1638489651
|move|p2a: Dragon|Thousand Arrows|p1a: Calyrex
|-damage|p1a: Calyrex|0 fnt
|faint|p1a: Calyrex
|
|upkeep
|c|☆diemond35472|well then
|c|☆diemond35472|gg
|
|t:|1638489658
|switch|p1a: Zacian|Zacian-Crowned|100/100
|-ability|p1a: Zacian|Intrepid Sword|boost
|-boost|p1a: Zacian|atk|1
|turn|26
|
|t:|1638489659
|move|p2a: Dragon|Thousand Arrows|p1a: Zacian
|-supereffective|p1a: Zacian
|-crit|p1a: Zacian
|-damage|p1a: Zacian|0 fnt
|faint|p1a: Zacian
|
|win|Kabia San
|raw|diemond35472's rating: 1675 &rarr; <strong>1651</strong><br />(-24 for losing)
|raw|Kabia San's rating: 1600 &rarr; <strong>1624</strong><br />(+24 for winning)
|l|☆diemond35472
|c|☆Kabia San|gg
