|j|☆test3721
|j|☆pisador
|t:|1602281512
|player|p1|test3721|2|1673
|player|p2|pisador|266|1743
|teamsize|p1|6
|teamsize|p2|6
|gametype|singles
|gen|8
|tier|[Gen 8] National Dex AG
|rated|
|clearpoke
|poke|p1|Weavile, M|
|poke|p1|Necrozma-Dusk-Mane|
|poke|p1|Deoxys-Attack|
|poke|p1|Deoxys-Attack|
|poke|p1|Landorus-Therian, M|
|poke|p1|Marshadow|
|poke|p2|Groudon|
|poke|p2|Arceus-*|
|poke|p2|Necrozma-Dusk-Mane|
|poke|p2|Rayquaza|
|poke|p2|Lugia|
|poke|p2|Groudon|
|rule|HP Percentage Mod: HP is shown in percentages
|rule|Endless Battle Clause: Forcing endless battles is banned
|teampreview
|
|t:|1602281522
|start
|switch|p1a: Weavile|Weavile, M|100/100
|switch|p2a: Necrozma|Necrozma-Dusk-Mane|100/100
|-ability|p1a: Weavile|Pressure
|turn|1
|
|t:|1602281531
|move|p1a: Weavile|Beat Up|p2a: Necrozma
|-supereffective|p2a: Necrozma
|-damage|p2a: Necrozma|92/100
|-enditem|p2a: Necrozma|Weakness Policy
|-boost|p2a: Necrozma|atk|2|[from] item: Weakness Policy
|-boost|p2a: Necrozma|spa|2|[from] item: Weakness Policy
|-supereffective|p2a: Necrozma
|-damage|p2a: Necrozma|83/100
|-supereffective|p2a: Necrozma
|-damage|p2a: Necrozma|72/100
|-supereffective|p2a: Necrozma
|-damage|p2a: Necrozma|61/100
|-supereffective|p2a: Necrozma
|-damage|p2a: Necrozma|52/100
|-supereffective|p2a: Necrozma
|-damage|p2a: Necrozma|44/100
|-hitcount|p2a: Necrozma|6
|cant|p2a: Necrozma|flinch
|
|upkeep
|turn|2
|
|t:|1602281550
|-start|p2a: Necrozma|Dynamax
|-heal|p2a: Necrozma|44/100|[silent]
|move|p1a: Weavile|Beat Up|p2a: Necrozma
|-supereffective|p2a: Necrozma
|-damage|p2a: Necrozma|40/100
|-supereffective|p2a: Necrozma
|-damage|p2a: Necrozma|35/100
|-supereffective|p2a: Necrozma
|-crit|p2a: Necrozma
|-damage|p2a: Necrozma|27/100
|-supereffective|p2a: Necrozma
|-damage|p2a: Necrozma|21/100
|-supereffective|p2a: Necrozma
|-damage|p2a: Necrozma|16/100
|-supereffective|p2a: Necrozma
|-damage|p2a: Necrozma|12/100
|-hitcount|p2a: Necrozma|6
|move|p2a: Necrozma|Max Steelspike|p1a: Weavile
|-supereffective|p1a: Weavile
|-crit|p1a: Weavile
|-damage|p1a: Weavile|0 fnt
|-boost|p2a: Necrozma|def|1
|faint|p1a: Weavile
|
|upkeep
|
|t:|1602281565
|switch|p1a: Marshadow|Marshadow|100/100
|turn|3
|
|t:|1602281572
|-end|p2a: Necrozma|Dynamax
|-heal|p2a: Necrozma|12/100|[silent]
|switch|p2a: Arceus|Arceus-Fairy|100/100
|move|p1a: Marshadow|Spectral Thief|p2a: Arceus
|-damage|p2a: Arceus|68/100
|
|upkeep
|turn|4
|
|t:|1602281582
|switch|p1a: Necrozma|Necrozma-Dusk-Mane|100/100
|switch|p2a: Groudon|Groudon|100/100
|detailschange|p2a: Groudon|Groudon-Primal
|-primal|p2a: Groudon
|-weather|DesolateLand|[from] ability: Desolate Land|[of] p2a: Groudon
|
|-weather|DesolateLand|[upkeep]
|upkeep
|turn|5
|
|t:|1602281595
|move|p2a: Groudon|Eruption|p1a: Necrozma
|-supereffective|p1a: Necrozma
|-damage|p1a: Necrozma|0 fnt
|faint|p1a: Necrozma
|
|-weather|DesolateLand|[upkeep]
|upkeep
|
|t:|1602281606
|switch|p1a: Deoxys|Deoxys-Attack|100/100
|-ability|p1a: Deoxys|Pressure
|turn|6
|
|t:|1602281611
|-weather|none
|switch|p2a: Lugia|Lugia|100/100
|move|p1a: Deoxys|Psycho Boost|p2a: Lugia
|-resisted|p2a: Lugia
|-damage|p2a: Lugia|90/100
|-unboost|p1a: Deoxys|spa|2
|
|upkeep
|turn|7
|
|t:|1602281619
|switch|p1a: Landorus|Landorus-Therian, M|100/100
|-ability|p1a: Landorus|Intimidate|boost
|-unboost|p2a: Lugia|atk|1
|move|p2a: Lugia|Toxic|p1a: Landorus
|-status|p1a: Landorus|tox
|
|-damage|p1a: Landorus|94/100 tox|[from] psn
|upkeep
|turn|8
|
|t:|1602281627
|move|p1a: Landorus|U-turn|p2a: Lugia
|-damage|p2a: Lugia|78/100
|
|t:|1602281630
|switch|p1a: Marshadow|Marshadow|100/100|[from]move: U-turn
|move|p2a: Lugia|Whirlwind|p1a: Marshadow
|drag|p1a: Deoxys|Deoxys-Attack|100/100
|-ability|p1a: Deoxys|Pressure
|
|upkeep
|turn|9
|
|t:|1602281637
|move|p1a: Deoxys|Thunder Punch|p2a: Lugia
|-supereffective|p2a: Lugia
|-damage|p2a: Lugia|44/100
|move|p2a: Lugia|Roost|p2a: Lugia
|-heal|p2a: Lugia|94/100
|-singleturn|p2a: Lugia|move: Roost
|
|upkeep
|turn|10
|
|t:|1602281646
|move|p1a: Deoxys|Thunder Punch|p2a: Lugia
|-supereffective|p2a: Lugia
|-damage|p2a: Lugia|58/100
|move|p2a: Lugia|Toxic|p1a: Deoxys
|-status|p1a: Deoxys|tox
|
|-damage|p1a: Deoxys|94/100 tox|[from] psn
|upkeep
|turn|11
|
|t:|1602281654
|move|p1a: Deoxys|Thunder Punch|p2a: Lugia
|-supereffective|p2a: Lugia
|-damage|p2a: Lugia|24/100
|move|p2a: Lugia|Roost|p2a: Lugia
|-heal|p2a: Lugia|74/100
|-singleturn|p2a: Lugia|move: Roost
|
|-damage|p1a: Deoxys|82/100 tox|[from] psn
|upkeep
|turn|12
|
|t:|1602281662
|move|p1a: Deoxys|Thunder Punch|p2a: Lugia
|-supereffective|p2a: Lugia
|-damage|p2a: Lugia|36/100
|move|p2a: Lugia|Roost|p2a: Lugia
|-heal|p2a: Lugia|86/100
|-singleturn|p2a: Lugia|move: Roost
|
|-damage|p1a: Deoxys|63/100 tox|[from] psn
|upkeep
|turn|13
|
|t:|1602281670
|move|p1a: Deoxys|Thunder Punch|p2a: Lugia
|-supereffective|p2a: Lugia
|-damage|p2a: Lugia|51/100
|-status|p2a: Lugia|par
|cant|p2a: Lugia|par
|
|-damage|p1a: Deoxys|38/100 tox|[from] psn
|upkeep
|turn|14
|
|t:|1602281680
|switch|p2a: Groudon|Groudon|100/100
|detailschange|p2a: Groudon|Groudon-Primal
|-primal|p2a: Groudon
|-weather|DesolateLand|[from] ability: Desolate Land|[of] p2a: Groudon
|move|p1a: Deoxys|Thunder Punch|p2a: Groudon
|-immune|p2a: Groudon
|
|-weather|DesolateLand|[upkeep]
|-damage|p1a: Deoxys|7/100 tox|[from] psn
|upkeep
|turn|15
|
|t:|1602281689
|-weather|none
|switch|p2a: Necrozma|Necrozma-Dusk-Mane|12/100
|move|p1a: Deoxys|Psycho Boost|p2a: Necrozma
|-resisted|p2a: Necrozma
|-damage|p2a: Necrozma|0 fnt
|-unboost|p1a: Deoxys|spa|2
|faint|p2a: Necrozma
|
|-damage|p1a: Deoxys|0 fnt|[from] psn
|faint|p1a: Deoxys
|upkeep
|
|t:|1602281700
|switch|p1a: Landorus|Landorus-Therian, M|94/100 tox
|switch|p2a: Rayquaza|Rayquaza|100/100
|-ability|p2a: Rayquaza|Air Lock
|-ability|p1a: Landorus|Intimidate|boost
|-unboost|p2a: Rayquaza|atk|1
|turn|16
|
|t:|1602281727
|switch|p2a: Lugia|Lugia|51/100 par
|move|p1a: Landorus|Stone Edge|p2a: Lugia
|-supereffective|p2a: Lugia
|-damage|p2a: Lugia|12/100 par
|
|-damage|p1a: Landorus|88/100 tox|[from] psn
|upkeep
|turn|17
|
|t:|1602281745
|switch|p1a: Marshadow|Marshadow|100/100
|move|p2a: Lugia|Roost|p2a: Lugia
|-heal|p2a: Lugia|62/100 par
|-singleturn|p2a: Lugia|move: Roost
|
|upkeep
|turn|18
|
|t:|1602281754
|move|p1a: Marshadow|Spectral Thief|p2a: Lugia
|-supereffective|p2a: Lugia
|-damage|p2a: Lugia|15/100 par
|move|p2a: Lugia|Thunder Wave|p1a: Marshadow
|-status|p1a: Marshadow|par
|
|upkeep
|turn|19
|
|t:|1602281767
|move|p1a: Marshadow|Spectral Thief|p2a: Lugia
|-supereffective|p2a: Lugia
|-crit|p2a: Lugia
|-damage|p2a: Lugia|0 fnt
|faint|p2a: Lugia
|
|upkeep
|
|t:|1602281773
|switch|p2a: Arceus|Arceus-Fairy|68/100
|turn|20
|
|t:|1602281785
|move|p2a: Arceus|Judgment|p1a: Marshadow
|-supereffective|p1a: Marshadow
|-enditem|p1a: Marshadow|Focus Sash
|-damage|p1a: Marshadow|1/100 par
|cant|p1a: Marshadow|par
|
|upkeep
|turn|21
|
|t:|1602281791
|move|p1a: Marshadow|Shadow Sneak|p2a: Arceus
|-damage|p2a: Arceus|48/100
|move|p2a: Arceus|Judgment|p1a: Marshadow
|-supereffective|p1a: Marshadow
|-damage|p1a: Marshadow|0 fnt
|faint|p1a: Marshadow
|
|upkeep
|
|t:|1602281807
|switch|p1a: Landorus|Landorus-Therian, M|88/100 tox
|-ability|p1a: Landorus|Intimidate|boost
|-unboost|p2a: Arceus|atk|1
|turn|22
|
|t:|1602281836
|-start|p1a: Landorus|Dynamax
|-heal|p1a: Landorus|88/100 tox|[silent]
|move|p2a: Arceus|Judgment|p1a: Landorus
|-crit|p1a: Landorus
|-damage|p1a: Landorus|41/100 tox
|move|p1a: Landorus|Max Quake|p2a: Arceus
|-damage|p2a: Arceus|0 fnt
|-boost|p1a: Landorus|spd|1
|faint|p2a: Arceus
|
|-damage|p1a: Landorus|38/100 tox|[from] psn
|upkeep
|
|t:|1602281851
|switch|p2a: Rayquaza|Rayquaza|100/100
|-ability|p2a: Rayquaza|Air Lock
|turn|23
|
|t:|1602281856
|detailschange|p2a: Rayquaza|Rayquaza-Mega
|-mega|p2a: Rayquaza|Rayquaza|
|-weather|DeltaStream|[from] ability: Delta Stream|[of] p2a: Rayquaza
|move|p2a: Rayquaza|Dragon Ascent|p1a: Landorus
|-damage|p1a: Landorus|0 fnt
|-unboost|p2a: Rayquaza|def|1
|-unboost|p2a: Rayquaza|spd|1
|faint|p1a: Landorus
|
|-weather|DeltaStream|[upkeep]
|upkeep
|
|t:|1602281858
|switch|p1a: Deoxys|Deoxys-Attack|100/100
|-ability|p1a: Deoxys|Pressure
|turn|24
|
|t:|1602281867
|move|p1a: Deoxys|Extreme Speed|p2a: Rayquaza
|-damage|p2a: Rayquaza|43/100
|move|p2a: Rayquaza|Dragon Ascent|p1a: Deoxys
|-enditem|p1a: Deoxys|Focus Sash
|-damage|p1a: Deoxys|1/100
|-unboost|p2a: Rayquaza|def|1
|-unboost|p2a: Rayquaza|spd|1
|
|-weather|DeltaStream|[upkeep]
|upkeep
|turn|25
|
|t:|1602281877
|-weather|none
|switch|p2a: Groudon|Groudon-Primal|100/100
|-weather|DesolateLand|[from] ability: Desolate Land|[of] p2a: Groudon
|move|p1a: Deoxys|Extreme Speed|p2a: Groudon
|-damage|p2a: Groudon|80/100
|
|-weather|DesolateLand|[upkeep]
|upkeep
|turn|26
|c|☆pisador|ggggggggggggggggggggggggggggggggggggggggggggggggggggggggggggggggggggggggggggg
|
|t:|1602281886
|move|p1a: Deoxys|Psycho Boost|p2a: Groudon
|-damage|p2a: Groudon|5/100
|-unboost|p1a: Deoxys|spa|2
|move|p2a: Groudon|Earthquake|p1a: Deoxys
|-crit|p1a: Deoxys
|-damage|p1a: Deoxys|0 fnt
|faint|p1a: Deoxys
|
|win|pisador
|raw|test3721's rating: 1673 &rarr; <strong>1656</strong><br />(-17 for losing)
|raw|pisador's rating: 1724 &rarr; <strong>1741</strong><br />(+17 for winning)
|c|☆test3721|lol gg
