|j|☆F.A.M.E.246 2nd
|j|☆TestingIdiotTeams
|t:|1634067097
|gametype|singles
|player|p1|F.A.M.E.246 2nd|brawly|1767
|player|p2|TestingIdiotTeams|gambler|1623
|teamsize|p1|6
|teamsize|p2|6
|gen|8
|tier|[Gen 8] National Dex AG
|rated|
|rule|HP Percentage Mod: HP is shown in percentages
|rule|Endless Battle Clause: Forcing endless battles is banned
|clearpoke
|poke|p1|Blaziken, F|
|poke|p1|Calyrex-Shadow|
|poke|p1|Zygarde|
|poke|p1|Necrozma-Dusk-Mane|
|poke|p1|Yveltal|
|poke|p1|Arceus-*|
|poke|p2|Scolipede, F|
|poke|p2|Calyrex-Shadow|
|poke|p2|Rayquaza|
|poke|p2|Necrozma-Dusk-Mane|
|poke|p2|Zacian-*|
|poke|p2|Yveltal|
|teampreview
|inactive|Battle timer is ON: inactive players will automatically lose when time's up. (requested by TestingIdiotTeams)
|c|☆F.A.M.E.246 2nd|Hf
|
|t:|1634067110
|start
|switch|p1a: Arceus|Arceus-Water|100/100
|switch|p2a: Rayquaza|Rayquaza|100/100
|-ability|p2a: Rayquaza|Air Lock
|turn|1
|
|t:|1634067130
|detailschange|p2a: Rayquaza|Rayquaza-Mega
|-mega|p2a: Rayquaza|Rayquaza|
|-weather|DeltaStream|[from] ability: Delta Stream|[of] p2a: Rayquaza
|move|p1a: Arceus|Toxic|p2a: Rayquaza
|-status|p2a: Rayquaza|tox
|move|p2a: Rayquaza|Scale Shot|p1a: Arceus
|-damage|p1a: Arceus|82/100
|-damage|p1a: Arceus|65/100
|-hitcount|p1a: Arceus|2
|-unboost|p2a: Rayquaza|def|1
|-boost|p2a: Rayquaza|spe|1
|-damage|p2a: Rayquaza|91/100 tox|[from] item: Life Orb
|
|-weather|DeltaStream|[upkeep]
|-damage|p2a: Rayquaza|84/100 tox|[from] psn
|upkeep
|turn|2
|
|t:|1634067142
|switch|p1a: Necrozma|Necrozma-Dusk-Mane|100/100
|move|p2a: Rayquaza|Dragon Ascent|p1a: Necrozma
|-resisted|p1a: Necrozma
|-damage|p1a: Necrozma|72/100
|-unboost|p2a: Rayquaza|def|1
|-unboost|p2a: Rayquaza|spd|1
|-damage|p2a: Rayquaza|74/100 tox|[from] item: Life Orb
|
|-weather|DeltaStream|[upkeep]
|-heal|p1a: Necrozma|78/100|[from] item: Leftovers
|-damage|p2a: Rayquaza|62/100 tox|[from] psn
|upkeep
|turn|3
|c|☆TestingIdiotTeams|Wow
|
|t:|1634067158
|-start|p1a: Necrozma|Dynamax
|-heal|p1a: Necrozma|78/100|[silent]
|move|p2a: Rayquaza|Earthquake|p1a: Necrozma
|-supereffective|p1a: Necrozma
|-damage|p1a: Necrozma|52/100
|-damage|p2a: Rayquaza|52/100 tox|[from] item: Life Orb
|move|p1a: Necrozma|Max Steelspike|p2a: Rayquaza
|-damage|p2a: Rayquaza|0 fnt
|-boost|p1a: Necrozma|def|1
|faint|p2a: Rayquaza
|-weather|none
|
|-heal|p1a: Necrozma|55/100|[from] item: Leftovers
|upkeep
|c|☆TestingIdiotTeams|So much fun
|c|☆TestingIdiotTeams|I canhave so juch fun with this
|c|☆TestingIdiotTeams|Wow
|c|☆TestingIdiotTeams|So fun
|c|☆F.A.M.E.246 2nd|Bruh
|
|t:|1634067182
|switch|p2a: Yveltal|Yveltal|100/100
|-ability|p2a: Yveltal|Dark Aura
|turn|4
|c|☆F.A.M.E.246 2nd|If you're gonna complain, just forfeit lol
|c|☆TestingIdiotTeams|Nah
|c|☆F.A.M.E.246 2nd|I'm not forcin youro
|c|☆TestingIdiotTeams|I just dont having fun here
|c|☆F.A.M.E.246 2nd|You to play*
|c|☆F.A.M.E.246 2nd|Well why do you play?
|inactive|F.A.M.E.246 2nd has 120 seconds left.
|
|t:|1634067213
|-start|p2a: Yveltal|Dynamax
|-heal|p2a: Yveltal|100/100|[silent]
|move|p1a: Necrozma|Max Guard|p1a: Necrozma
|-singleturn|p1a: Necrozma|Max Guard
|move|p2a: Yveltal|Max Darkness|p1a: Necrozma
|-activate|p1a: Necrozma|move: Max Guard
|
|-heal|p1a: Necrozma|58/100|[from] item: Leftovers
|upkeep
|turn|5
|c|☆TestingIdiotTeams|Because i want to be angry
|inactive|F.A.M.E.246 2nd has 120 seconds left.
|
|t:|1634067240
|-end|p1a: Necrozma|Dynamax
|-heal|p1a: Necrozma|58/100|[silent]
|switch|p1a: Zygarde|Zygarde|100/100
|move|p2a: Yveltal|Max Airstream|p1a: Zygarde
|-damage|p1a: Zygarde|49/100
|-boost|p2a: Yveltal|spe|1
|
|-heal|p1a: Zygarde|55/100|[from] item: Leftovers
|upkeep
|turn|6
|
|t:|1634067265
|switch|p1a: Yveltal|Yveltal|100/100
|-ability|p1a: Yveltal|Dark Aura
|move|p2a: Yveltal|Max Darkness|p1a: Yveltal
|-resisted|p1a: Yveltal
|-damage|p1a: Yveltal|81/100
|-unboost|p1a: Yveltal|spd|1
|
|-end|p2a: Yveltal|Dynamax
|-heal|p2a: Yveltal|100/100|[silent]
|upkeep
|turn|7
|c|☆F.A.M.E.246 2nd|That's an awfuk existence
|c|☆F.A.M.E.246 2nd|Awful*
|
|t:|1634067273
|move|p2a: Yveltal|Oblivion Wing|p1a: Yveltal
|-damage|p1a: Yveltal|50/100
|move|p1a: Yveltal|Roost|p1a: Yveltal
|-heal|p1a: Yveltal|99/100
|-singleturn|p1a: Yveltal|move: Roost
|
|upkeep
|turn|8
|
|t:|1634067278
|move|p2a: Yveltal|Oblivion Wing|p1a: Yveltal
|-damage|p1a: Yveltal|70/100
|move|p1a: Yveltal|U-turn|p2a: Yveltal
|-damage|p2a: Yveltal|84/100
|
|t:|1634067284
|switch|p1a: Arceus|Arceus-Water|65/100|[from]move: U-turn
|
|upkeep
|turn|9
|
|t:|1634067288
|switch|p2a: Necrozma|Necrozma-Dusk-Mane|100/100
|move|p1a: Arceus|Recover|p1a: Arceus
|-heal|p1a: Arceus|100/100
|
|upkeep
|turn|10
|
|t:|1634067291
|move|p1a: Arceus|Judgment|p2a: Necrozma
|-damage|p2a: Necrozma|53/100
|move|p2a: Necrozma|Thunder Wave|p1a: Arceus
|-status|p1a: Arceus|par
|
|upkeep
|turn|11
|
|t:|1634067296
|move|p2a: Necrozma|Stealth Rock|p1a: Arceus
|-sidestart|p1: F.A.M.E.246 2nd|move: Stealth Rock
|cant|p1a: Arceus|par
|
|upkeep
|turn|12
|
|t:|1634067298
|move|p2a: Necrozma|Morning Sun|p2a: Necrozma
|-heal|p2a: Necrozma|100/100
|move|p1a: Arceus|Refresh|p1a: Arceus
|-curestatus|p1a: Arceus|par|[msg]
|
|upkeep
|turn|13
|
|t:|1634067302
|move|p1a: Arceus|Judgment|p2a: Necrozma
|-damage|p2a: Necrozma|59/100
|move|p2a: Necrozma|Thunder Wave|p1a: Arceus
|-status|p1a: Arceus|par
|
|upkeep
|turn|14
|
|t:|1634067304
|move|p2a: Necrozma|Stealth Rock||[still]
|-fail|p2a: Necrozma
|move|p1a: Arceus|Refresh|p1a: Arceus
|-curestatus|p1a: Arceus|par|[msg]
|
|upkeep
|turn|15
|
|t:|1634067307
|switch|p1a: Zygarde|Zygarde|55/100
|-damage|p1a: Zygarde|49/100|[from] Stealth Rock
|move|p2a: Necrozma|Thunder Wave|p1a: Zygarde
|-immune|p1a: Zygarde
|
|-heal|p1a: Zygarde|55/100|[from] item: Leftovers
|upkeep
|turn|16
|
|t:|1634067315
|switch|p2a: Speed4MyFriends|Scolipede, F|100/100
|move|p1a: Zygarde|Thousand Arrows|p2a: Speed4MyFriends
|-damage|p2a: Speed4MyFriends|60/100
|
|-heal|p2a: Speed4MyFriends|66/100|[from] item: Black Sludge
|-heal|p1a: Zygarde|61/100|[from] item: Leftovers
|upkeep
|turn|17
|
|t:|1634067317
|move|p2a: Speed4MyFriends|Protect|p2a: Speed4MyFriends
|-singleturn|p2a: Speed4MyFriends|Protect
|move|p1a: Zygarde|Glare|p2a: Speed4MyFriends
|-activate|p2a: Speed4MyFriends|move: Protect
|
|-heal|p2a: Speed4MyFriends|72/100|[from] item: Black Sludge
|-heal|p1a: Zygarde|68/100|[from] item: Leftovers
|-ability|p2a: Speed4MyFriends|Speed Boost|boost
|-boost|p2a: Speed4MyFriends|spe|1
|upkeep
|turn|18
|
|t:|1634067322
|move|p2a: Speed4MyFriends|Substitute|p2a: Speed4MyFriends
|-start|p2a: Speed4MyFriends|Substitute
|-damage|p2a: Speed4MyFriends|47/100
|move|p1a: Zygarde|Glare||[still]
|-fail|p1a: Zygarde
|
|-heal|p2a: Speed4MyFriends|53/100|[from] item: Black Sludge
|-heal|p1a: Zygarde|74/100|[from] item: Leftovers
|-ability|p2a: Speed4MyFriends|Speed Boost|boost
|-boost|p2a: Speed4MyFriends|spe|1
|upkeep
|turn|19
|
|t:|1634067324
|move|p2a: Speed4MyFriends|Protect|p2a: Speed4MyFriends
|-singleturn|p2a: Speed4MyFriends|Protect
|move|p1a: Zygarde|Dragon Dance|p1a: Zygarde
|-boost|p1a: Zygarde|atk|1
|-boost|p1a: Zygarde|spe|1
|
|-heal|p2a: Speed4MyFriends|59/100|[from] item: Black Sludge
|-heal|p1a: Zygarde|80/100|[from] item: Leftovers
|-ability|p2a: Speed4MyFriends|Speed Boost|boost
|-boost|p2a: Speed4MyFriends|spe|1
|upkeep
|turn|20
|
|t:|1634067329
|move|p2a: Speed4MyFriends|Toxic|p1a: Zygarde
|-status|p1a: Zygarde|tox
|move|p1a: Zygarde|Thousand Arrows|p2a: Speed4MyFriends
|-end|p2a: Speed4MyFriends|Substitute
|
|-heal|p2a: Speed4MyFriends|66/100|[from] item: Black Sludge
|-heal|p1a: Zygarde|86/100 tox|[from] item: Leftovers
|-damage|p1a: Zygarde|80/100 tox|[from] psn
|-ability|p2a: Speed4MyFriends|Speed Boost|boost
|-boost|p2a: Speed4MyFriends|spe|1
|upkeep
|turn|21
|
|t:|1634067333
|move|p2a: Speed4MyFriends|Protect|p2a: Speed4MyFriends
|-singleturn|p2a: Speed4MyFriends|Protect
|move|p1a: Zygarde|Dragon Dance|p1a: Zygarde
|-boost|p1a: Zygarde|atk|1
|-boost|p1a: Zygarde|spe|1
|
|-heal|p2a: Speed4MyFriends|72/100|[from] item: Black Sludge
|-heal|p1a: Zygarde|86/100 tox|[from] item: Leftovers
|-damage|p1a: Zygarde|74/100 tox|[from] psn
|-ability|p2a: Speed4MyFriends|Speed Boost|boost
|-boost|p2a: Speed4MyFriends|spe|1
|upkeep
|turn|22
|
|t:|1634067338
|move|p2a: Speed4MyFriends|Substitute|p2a: Speed4MyFriends
|-start|p2a: Speed4MyFriends|Substitute
|-damage|p2a: Speed4MyFriends|47/100
|move|p1a: Zygarde|Thousand Arrows|p2a: Speed4MyFriends
|-end|p2a: Speed4MyFriends|Substitute
|
|-heal|p2a: Speed4MyFriends|53/100|[from] item: Black Sludge
|-heal|p1a: Zygarde|80/100 tox|[from] item: Leftovers
|-damage|p1a: Zygarde|61/100 tox|[from] psn
|-ability|p2a: Speed4MyFriends|Speed Boost|boost
|-boost|p2a: Speed4MyFriends|spe|1
|upkeep
|turn|23
|
|t:|1634067344
|move|p2a: Speed4MyFriends|Protect|p2a: Speed4MyFriends
|-singleturn|p2a: Speed4MyFriends|Protect
|move|p1a: Zygarde|Rest|p1a: Zygarde
|-status|p1a: Zygarde|slp|[from] move: Rest
|-heal|p1a: Zygarde|100/100 slp|[silent]
|
|-heal|p2a: Speed4MyFriends|59/100|[from] item: Black Sludge
|upkeep
|turn|24
|
|t:|1634067346
|switch|p1a: Necrozma|Necrozma-Dusk-Mane|58/100
|-damage|p1a: Necrozma|52/100|[from] Stealth Rock
|move|p2a: Speed4MyFriends|Substitute|p2a: Speed4MyFriends
|-start|p2a: Speed4MyFriends|Substitute
|-damage|p2a: Speed4MyFriends|34/100
|
|-heal|p2a: Speed4MyFriends|40/100|[from] item: Black Sludge
|-heal|p1a: Necrozma|58/100|[from] item: Leftovers
|upkeep
|turn|25
|
|t:|1634067350
|move|p2a: Speed4MyFriends|Protect|p2a: Speed4MyFriends
|-singleturn|p2a: Speed4MyFriends|Protect
|move|p1a: Necrozma|Stealth Rock|p2a: Speed4MyFriends
|-sidestart|p2: TestingIdiotTeams|move: Stealth Rock
|
|-heal|p2a: Speed4MyFriends|46/100|[from] item: Black Sludge
|-heal|p1a: Necrozma|65/100|[from] item: Leftovers
|upkeep
|turn|26
|
|t:|1634067355
|move|p2a: Speed4MyFriends|Baton Pass|p2a: Speed4MyFriends
|c|☆F.A.M.E.246 2nd|Zo
|
|t:|1634067357
|switch|p2a: E-Girl|Calyrex-Shadow|100/100|[from]move: Baton Pass
|-ability|p2a: E-Girl|As One
|-ability|p2a: E-Girl|Unnerve
|-damage|p2a: E-Girl|88/100|[from] Stealth Rock
|move|p1a: Necrozma|Morning Sun|p1a: Necrozma
|-heal|p1a: Necrozma|100/100
|
|upkeep
|turn|27
|
|t:|1634067363
|move|p2a: E-Girl|Astral Barrage|p1a: Necrozma
|-supereffective|p1a: Necrozma
|-damage|p1a: Necrozma|20/100
|move|p1a: Necrozma|Sunsteel Strike|p2a: E-Girl
|-end|p2a: E-Girl|Substitute
|
|-heal|p1a: Necrozma|26/100|[from] item: Leftovers
|upkeep
|turn|28
|
|t:|1634067371
|switch|p1a: Yveltal|Yveltal|70/100
|-ability|p1a: Yveltal|Dark Aura
|move|p2a: E-Girl|Taunt|p1a: Yveltal
|-start|p1a: Yveltal|move: Taunt
|
|upkeep
|turn|29
|c|☆F.A.M.E.246 2nd|So*
|
|t:|1634067377
|move|p2a: E-Girl|Draining Kiss|p1a: Yveltal
|-supereffective|p1a: Yveltal
|-damage|p1a: Yveltal|45/100
|-heal|p2a: E-Girl|100/100|[from] drain|[of] p1a: Yveltal
|move|p1a: Yveltal|Knock Off|p2a: E-Girl
|-supereffective|p2a: E-Girl
|-enditem|p2a: E-Girl|Focus Sash
|-damage|p2a: E-Girl|1/100
|
|upkeep
|turn|30
|
|t:|1634067383
|move|p2a: E-Girl|Draining Kiss|p1a: Yveltal
|-supereffective|p1a: Yveltal
|-damage|p1a: Yveltal|19/100
|-heal|p2a: E-Girl|27/100|[from] drain|[of] p1a: Yveltal
|move|p1a: Yveltal|U-turn|p2a: E-Girl
|-damage|p2a: E-Girl|1/100
|
|t:|1634067387
|switch|p1a: Arceus|Arceus-Water|100/100|[from]move: U-turn
|-damage|p1a: Arceus|88/100|[from] Stealth Rock
|
|upkeep
|turn|31
|
|t:|1634067392
|move|p2a: E-Girl|Taunt|p1a: Arceus
|-start|p1a: Arceus|move: Taunt
|move|p1a: Arceus|Judgment|p2a: E-Girl
|-damage|p2a: E-Girl|0 fnt
|faint|p2a: E-Girl
|
|upkeep
|
|t:|1634067395
|switch|p2a: Zacian|Zacian-Crowned|100/100
|-damage|p2a: Zacian|94/100|[from] Stealth Rock
|-ability|p2a: Zacian|Intrepid Sword|boost
|-boost|p2a: Zacian|atk|1
|turn|32
|
|t:|1634067398
|move|p2a: Zacian|Wild Charge|p1a: Arceus
|-supereffective|p1a: Arceus
|-damage|p1a: Arceus|1/100
|-damage|p2a: Zacian|68/100|[from] Recoil
|move|p1a: Arceus|Judgment|p2a: Zacian
|-damage|p2a: Zacian|15/100
|
|upkeep
|turn|33
|
|t:|1634067401
|move|p2a: Zacian|Sacred Sword|p1a: Arceus
|-damage|p1a: Arceus|0 fnt
|faint|p1a: Arceus
|
|upkeep
|
|t:|1634067404
|switch|p1a: Blaziken|Blaziken, F|100/100
|-damage|p1a: Blaziken|88/100|[from] Stealth Rock
|turn|34
|
|t:|1634067409
|detailschange|p1a: Blaziken|Blaziken-Mega, F
|-mega|p1a: Blaziken|Blaziken|Blazikenite
|move|p1a: Blaziken|Protect|p1a: Blaziken
|-singleturn|p1a: Blaziken|Protect
|move|p2a: Zacian|Wild Charge|p1a: Blaziken
|-activate|p1a: Blaziken|move: Protect
|
|-ability|p1a: Blaziken|Speed Boost|boost
|-boost|p1a: Blaziken|spe|1
|upkeep
|turn|35
|c|☆F.A.M.E.246 2nd|Gg
|c|☆TestingIdiotTeams|So
|c|☆TestingIdiotTeams|Fun
|
|t:|1634067425
|move|p1a: Blaziken|Flare Blitz|p2a: Zacian
|-supereffective|p2a: Zacian
|-damage|p2a: Zacian|0 fnt
|faint|p2a: Zacian
|-damage|p1a: Blaziken|83/100|[from] Recoil
|
|-ability|p1a: Blaziken|Speed Boost|boost
|-boost|p1a: Blaziken|spe|1
|upkeep
|c|☆TestingIdiotTeams|Wow
|c|☆TestingIdiotTeams|I am having so much fun here
|c|☆TestingIdiotTeams|Have fun?
|c|☆TestingIdiotTeams|So fun
|c|☆F.A.M.E.246 2nd|Yw
|c|☆F.A.M.E.246 2nd|I'm glad you're having fun
|c|☆TestingIdiotTeams|Better than my birthday
|inactive|TestingIdiotTeams has 120 seconds left.
|c|☆TestingIdiotTeams|Wow
|c|☆TestingIdiotTeams|Fun and fun
|c|☆F.A.M.E.246 2nd|😁
|c|☆TestingIdiotTeams|Theres so much fun
|c|☆TestingIdiotTeams|Fun
|c|☆F.A.M.E.246 2nd|Glad for you
|
|t:|1634067469
|switch|p2a: Speed4MyFriends|Scolipede, F|46/100
|-damage|p2a: Speed4MyFriends|21/100|[from] Stealth Rock
|turn|36
|
|t:|1634067474
|move|p2a: Speed4MyFriends|Protect|p2a: Speed4MyFriends
|-singleturn|p2a: Speed4MyFriends|Protect
|move|p1a: Blaziken|Knock Off|p2a: Speed4MyFriends
|-activate|p2a: Speed4MyFriends|move: Protect
|
|-heal|p2a: Speed4MyFriends|28/100|[from] item: Black Sludge
|-ability|p1a: Blaziken|Speed Boost|boost
|-boost|p1a: Blaziken|spe|1
|-ability|p2a: Speed4MyFriends|Speed Boost|boost
|-boost|p2a: Speed4MyFriends|spe|1
|upkeep
|turn|37
|
|t:|1634067477
|move|p1a: Blaziken|Knock Off|p2a: Speed4MyFriends
|-damage|p2a: Speed4MyFriends|0 fnt
|-enditem|p2a: Speed4MyFriends|Black Sludge|[from] move: Knock Off|[of] p1a: Blaziken
|faint|p2a: Speed4MyFriends
|
|-ability|p1a: Blaziken|Speed Boost|boost
|-boost|p1a: Blaziken|spe|1
|upkeep
|
|t:|1634067480
|switch|p2a: Necrozma|Necrozma-Dusk-Mane|59/100
|-damage|p2a: Necrozma|53/100|[from] Stealth Rock
|turn|38
|
|t:|1634067483
|move|p1a: Blaziken|Flare Blitz|p2a: Necrozma
|-supereffective|p2a: Necrozma
|-damage|p2a: Necrozma|0 fnt
|-damage|p1a: Blaziken|66/100|[from] item: Rocky Helmet|[of] p2a: Necrozma
|faint|p2a: Necrozma
|-damage|p1a: Blaziken|43/100|[from] Recoil
|
|-ability|p1a: Blaziken|Speed Boost|boost
|-boost|p1a: Blaziken|spe|1
|upkeep
|
|t:|1634067485
|switch|p2a: Yveltal|Yveltal|84/100
|-ability|p2a: Yveltal|Dark Aura
|turn|39
|
|t:|1634067488
|move|p1a: Blaziken|Flare Blitz|p2a: Yveltal
|-damage|p2a: Yveltal|22/100
|-damage|p1a: Blaziken|12/100|[from] Recoil
|move|p2a: Yveltal|Oblivion Wing|p1a: Blaziken
|-supereffective|p1a: Blaziken
|-damage|p1a: Blaziken|0 fnt
|-heal|p2a: Yveltal|28/100|[from] drain|[of] p1a: Blaziken
|faint|p1a: Blaziken
|
|upkeep
|c|☆TestingIdiotTeams|Fun
|c|☆TestingIdiotTeams|So fun
|
|t:|1634067495
|switch|p1a: Calyrex|Calyrex-Shadow|100/100
|-ability|p1a: Calyrex|As One
|-ability|p1a: Calyrex|Unnerve
|-damage|p1a: Calyrex|88/100|[from] Stealth Rock
|turn|40
|
|t:|1634067497
|move|p1a: Calyrex|Astral Barrage|p2a: Yveltal
|-resisted|p2a: Yveltal
|-damage|p2a: Yveltal|0 fnt
|faint|p2a: Yveltal
|
|win|F.A.M.E.246 2nd
|raw|F.A.M.E.246 2nd's rating: 1767 &rarr; <strong>1779</strong><br />(+12 for winning)
|raw|TestingIdiotTeams's rating: 1623 &rarr; <strong>1611</strong><br />(-12 for losing)
|l|☆TestingIdiotTeams
|l|☆F.A.M.E.246 2nd
||Ladder isn't responding, score probably updated but might not have (Request timeout).
|j|☆F.A.M.E.246 2nd
|player|p1|F.A.M.E.246 2nd|brawly
