|j|☆kerrozxl-
|j|☆GolemWentBoom
|t:|1660255219
|gametype|singles
|player|p1|kerrozxl-|unknownf|1801
|player|p2|GolemWentBoom|170|1723
|teamsize|p1|6
|teamsize|p2|6
|gen|8
|tier|[Gen 8] National Dex AG
|rated|
|rule|HP Percentage Mod: HP is shown in percentages
|rule|Endless Battle Clause: Forcing endless battles is banned
|clearpoke
|poke|p1|Rayquaza|
|poke|p1|Groudon|
|poke|p1|Necrozma-Dusk-Mane|
|poke|p1|Marshadow|
|poke|p1|Yveltal|
|poke|p1|Xerneas-*|
|poke|p2|Golem, M|
|poke|p2|Xerneas-*|
|poke|p2|Kyogre|
|poke|p2|Kyurem-White|
|poke|p2|Arceus-*|
|poke|p2|Necrozma-Dusk-Mane|
|teampreview
|inactive|Battle timer is ON: inactive players will automatically lose when time's up. (requested by GolemWentBoom)
|inactive|kerrozxl- has 120 seconds left.
|
|t:|1660255267
|start
|switch|p1a: smeargle&lugiahate|Rayquaza, shiny|100/100
|switch|p2a: Golem|Golem, M|100/100
|-ability|p1a: smeargle&lugiahate|Air Lock
|turn|1
|
|t:|1660255277
|detailschange|p1a: smeargle&lugiahate|Rayquaza-Mega, shiny
|-mega|p1a: smeargle&lugiahate|Rayquaza|
|-weather|DeltaStream|[from] ability: Delta Stream|[of] p1a: smeargle&lugiahate
|move|p1a: smeargle&lugiahate|Waterfall|p2a: Golem
|-supereffective|p2a: Golem
|-ability|p2a: Golem|Sturdy
|-damage|p2a: Golem|1/100
|move|p2a: Golem|Stealth Rock|p1a: smeargle&lugiahate
|-sidestart|p1: kerrozxl-|move: Stealth Rock
|
|-weather|DeltaStream|[upkeep]
|upkeep
|turn|2
|
|t:|1660255292
|-weather|none
|switch|p1a: Ho-0h|Marshadow|100/100
|-damage|p1a: Ho-0h|94/100|[from] Stealth Rock
|move|p2a: Golem|Rock Tomb|p1a: Ho-0h
|-resisted|p1a: Ho-0h
|-damage|p1a: Ho-0h|76/100
|-unboost|p1a: Ho-0h|spe|1
|
|upkeep
|turn|3
|
|t:|1660255297
|move|p1a: Ho-0h|Shadow Sneak|p2a: Golem
|-damage|p2a: Golem|0 fnt
|faint|p2a: Golem
|
|upkeep
|
|t:|1660255308
|switch|p2a: Necrozma|Necrozma-Dusk-Mane|100/100
|turn|4
|
|t:|1660255312
|detailschange|p2a: Necrozma|Necrozma-Ultra
|-burst|p2a: Necrozma|Necrozma|Ultranecrozium Z
|move|p2a: Necrozma|Photon Geyser|p1a: Ho-0h
|-supereffective|p1a: Ho-0h
|-damage|p1a: Ho-0h|0 fnt
|faint|p1a: Ho-0h
|
|upkeep
|
|t:|1660255315
|switch|p1a: Keqing|Yveltal|100/100
|-ability|p1a: Keqing|Dark Aura
|turn|5
|
|t:|1660255332
|move|p1a: Keqing|Sucker Punch|p2a: Necrozma
|-supereffective|p2a: Necrozma
|-damage|p2a: Necrozma|28/100
|move|p2a: Necrozma|Rock Blast|p1a: Keqing
|-supereffective|p1a: Keqing
|-damage|p1a: Keqing|73/100
|-supereffective|p1a: Keqing
|-damage|p1a: Keqing|45/100
|-supereffective|p1a: Keqing
|-damage|p1a: Keqing|20/100
|-supereffective|p1a: Keqing
|-crit|p1a: Keqing
|-damage|p1a: Keqing|0 fnt
|faint|p1a: Keqing
|-hitcount|p1: Keqing|4
|
|upkeep
|inactive|kerrozxl- has 120 seconds left.
|
|t:|1660255364
|switch|p1a: smeargle&lugiahate|Rayquaza-Mega, shiny|100/100
|-damage|p1a: smeargle&lugiahate|76/100|[from] Stealth Rock
|-weather|DeltaStream|[from] ability: Delta Stream|[of] p1a: smeargle&lugiahate
|turn|6
|
|t:|1660255369
|move|p1a: smeargle&lugiahate|Extreme Speed|p2a: Necrozma
|-damage|p2a: Necrozma|0 fnt
|faint|p2a: Necrozma
|
|-weather|DeltaStream|[upkeep]
|upkeep
|
|t:|1660255380
|switch|p2a: Kyurem|Kyurem-White|100/100
|-ability|p2a: Kyurem|Turboblaze
|turn|7
|
|t:|1660255394
|move|p1a: smeargle&lugiahate|Extreme Speed|p2a: Kyurem
|-damage|p2a: Kyurem|60/100
|move|p2a: Kyurem|Freeze-Dry|p1a: smeargle&lugiahate
|-activate||deltastream
|-supereffective|p1a: smeargle&lugiahate
|-damage|p1a: smeargle&lugiahate|0 fnt
|faint|p1a: smeargle&lugiahate
|-weather|none
|-damage|p2a: Kyurem|50/100|[from] item: Life Orb
|
|upkeep
|
|t:|1660255396
|switch|p1a: Zacian-Crown3d|Groudon|100/100
|-damage|p1a: Zacian-Crown3d|94/100|[from] Stealth Rock
|detailschange|p1a: Zacian-Crown3d|Groudon-Primal
|-primal|p1a: Zacian-Crown3d
|-weather|DesolateLand|[from] ability: Desolate Land|[of] p1a: Zacian-Crown3d
|turn|8
|
|t:|1660255400
|move|p2a: Kyurem|Earth Power|p1a: Zacian-Crown3d
|-supereffective|p1a: Zacian-Crown3d
|-crit|p1a: Zacian-Crown3d
|-damage|p1a: Zacian-Crown3d|0 fnt
|faint|p1a: Zacian-Crown3d
|-weather|none
|-damage|p2a: Kyurem|40/100|[from] item: Life Orb
|
|upkeep
|
|t:|1660255402
|switch|p1a: Dynamax Yveltal|Xerneas|100/100
|-damage|p1a: Dynamax Yveltal|88/100|[from] Stealth Rock
|-ability|p1a: Dynamax Yveltal|Fairy Aura
|turn|9
|
|t:|1660255408
|move|p2a: Kyurem|Freeze-Dry|p1a: Dynamax Yveltal
|-damage|p1a: Dynamax Yveltal|41/100
|-damage|p2a: Kyurem|30/100|[from] item: Life Orb
|move|p1a: Dynamax Yveltal|Geomancy||[still]
|-prepare|p1a: Dynamax Yveltal|Geomancy
|-enditem|p1a: Dynamax Yveltal|Power Herb
|-anim|p1a: Dynamax Yveltal|Geomancy|p1a: Dynamax Yveltal
|-boost|p1a: Dynamax Yveltal|spa|2
|-boost|p1a: Dynamax Yveltal|spd|2
|-boost|p1a: Dynamax Yveltal|spe|2
|
|upkeep
|turn|10
|
|t:|1660255410
|move|p1a: Dynamax Yveltal|Moonblast|p2a: Kyurem
|-supereffective|p2a: Kyurem
|-damage|p2a: Kyurem|0 fnt
|faint|p2a: Kyurem
|
|upkeep
|
|t:|1660255412
|switch|p2a: Xerneas|Xerneas|100/100
|-ability|p2a: Xerneas|Fairy Aura
|turn|11
|
|t:|1660255414
|-start|p1a: Dynamax Yveltal|Dynamax|
|-heal|p1a: Dynamax Yveltal|41/100|[silent]
|move|p2a: Xerneas|Moonblast|p1a: Dynamax Yveltal
|-damage|p1a: Dynamax Yveltal|28/100
|-unboost|p1a: Dynamax Yveltal|spa|1
|move|p1a: Dynamax Yveltal|Max Starfall|p2a: Xerneas
|-damage|p2a: Xerneas|0 fnt
|-fieldstart|move: Misty Terrain
|faint|p2a: Xerneas
|
|upkeep
|
|t:|1660255425
|switch|p2a: Arceus|Arceus|100/100
|turn|12
|
|t:|1660255427
|-start|p2a: Arceus|Dynamax|
|-heal|p2a: Arceus|100/100|[silent]
|move|p1a: Dynamax Yveltal|Max Starfall|p2a: Arceus
|-damage|p2a: Arceus|49/100
|move|p2a: Arceus|Max Strike|p1a: Dynamax Yveltal
|-damage|p1a: Dynamax Yveltal|0 fnt
|faint|p1a: Dynamax Yveltal
|
|upkeep
|
|t:|1660255429
|switch|p1a: Ditt0 50/50|Necrozma-Dusk-Mane|100/100
|-damage|p1a: Ditt0 50/50|95/100|[from] Stealth Rock
|turn|13
|
|t:|1660255434
|move|p2a: Arceus|Max Quake|p1a: Ditt0 50/50
|-supereffective|p1a: Ditt0 50/50
|-damage|p1a: Ditt0 50/50|35/100
|-boost|p2a: Arceus|spd|1
|move|p1a: Ditt0 50/50|Dragon Dance|p1a: Ditt0 50/50
|-boost|p1a: Ditt0 50/50|atk|1
|-boost|p1a: Ditt0 50/50|spe|1
|
|upkeep
|turn|14
|
|t:|1660255438
|detailschange|p1a: Ditt0 50/50|Necrozma-Ultra
|-burst|p1a: Ditt0 50/50|Necrozma|Ultranecrozium Z
|move|p1a: Ditt0 50/50|Photon Geyser|p2a: Arceus
|-damage|p2a: Arceus|12/100
|move|p2a: Arceus|Max Quake|p1a: Ditt0 50/50
|-damage|p1a: Ditt0 50/50|0 fnt
|-boost|p2a: Arceus|spd|1
|faint|p1a: Ditt0 50/50
|
|win|GolemWentBoom
|raw|kerrozxl-'s rating: 1801 &rarr; <strong>1777</strong><br />(-24 for losing)
|raw|GolemWentBoom's rating: 1733 &rarr; <strong>1757</strong><br />(+24 for winning)
||Ladder isn't responding, score probably updated but might not have (Request timeout).
