|j|☆CLEAR GEM清瑜
|j|☆rajof
|t:|1662829474
|gametype|singles
|player|p1|CLEAR GEM清瑜|skierf|1846
|player|p2|rajof|youngster-gen4|1966
|teamsize|p1|6
|teamsize|p2|6
|gen|8
|tier|[Gen 8] National Dex AG
|rated|
|rule|HP Percentage Mod: HP is shown in percentages
|rule|Endless Battle Clause: Forcing endless battles is banned
|clearpoke
|poke|p1|Rayquaza|
|poke|p1|Groudon|
|poke|p1|Necrozma-Dusk-Mane|
|poke|p1|Arceus-*|
|poke|p1|Zacian-*|
|poke|p1|Yveltal|
|poke|p2|Arceus-*|
|poke|p2|Ditto|
|poke|p2|Chansey, F|
|poke|p2|Lugia|
|poke|p2|Groudon|
|poke|p2|Arceus-*|
|teampreview
|inactive|Battle timer is ON: inactive players will automatically lose when time's up. (requested by CLEAR GEM清瑜)
|
|t:|1662829483
|start
|switch|p1a: Y鸟|Yveltal|100/100
|switch|p2a: 루기아|Lugia|100/100
|-ability|p1a: Y鸟|Dark Aura
|turn|1
|
|t:|1662829489
|move|p1a: Y鸟|Taunt|p2a: 루기아
|-start|p2a: 루기아|move: Taunt
|cant|p2a: 루기아|move: Taunt|Toxic
|
|upkeep
|turn|2
|
|t:|1662829496
|switch|p2a: 아르세우스|Arceus-Fairy|100/100
|move|p1a: Y鸟|Dark Pulse|p2a: 아르세우스
|-resisted|p2a: 아르세우스
|-crit|p2a: 아르세우스
|-damage|p2a: 아르세우스|62/100
|-damage|p1a: Y鸟|91/100|[from] item: Life Orb
|
|upkeep
|turn|3
|
|t:|1662829506
|switch|p1a: 嘉然小姐的狗|Zacian-Crowned|100/100
|-ability|p1a: 嘉然小姐的狗|Intrepid Sword|boost
|-boost|p1a: 嘉然小姐的狗|atk|1
|move|p2a: 아르세우스|Judgment|p1a: 嘉然小姐的狗
|-resisted|p1a: 嘉然小姐的狗
|-damage|p1a: 嘉然小姐的狗|83/100
|
|upkeep
|turn|4
|
|t:|1662829511
|switch|p1a: 老烈|Rayquaza|100/100
|-ability|p1a: 老烈|Air Lock
|switch|p2a: 루기아|Lugia|100/100
|
|upkeep
|turn|5
|
|t:|1662829519
|switch|p1a: 钢铁之躯|Necrozma-Dusk-Mane|100/100
|move|p2a: 루기아|Toxic|p1a: 钢铁之躯
|-immune|p1a: 钢铁之躯
|
|upkeep
|turn|6
|
|t:|1662829524
|switch|p2a: 악르세우스|Arceus-Dark|100/100
|move|p1a: 钢铁之躯|Earthquake|p2a: 악르세우스
|-damage|p2a: 악르세우스|71/100
|
|upkeep
|turn|7
|
|t:|1662829528
|switch|p1a: Y鸟|Yveltal|91/100
|-ability|p1a: Y鸟|Dark Aura
|move|p2a: 악르세우스|Judgment|p1a: Y鸟
|-resisted|p1a: Y鸟
|-damage|p1a: Y鸟|63/100
|
|upkeep
|turn|8
|
|t:|1662829531
|move|p2a: 악르세우스|Calm Mind|p2a: 악르세우스
|-boost|p2a: 악르세우스|spa|1
|-boost|p2a: 악르세우스|spd|1
|move|p1a: Y鸟|Oblivion Wing|p2a: 악르세우스
|-damage|p2a: 악르세우스|45/100
|-heal|p1a: Y鸟|86/100|[from] drain|[of] p2a: 악르세우스
|-damage|p1a: Y鸟|76/100|[from] item: Life Orb
|
|upkeep
|turn|9
|
|t:|1662829536
|move|p2a: 악르세우스|Recover|p2a: 악르세우스
|-heal|p2a: 악르세우스|95/100
|move|p1a: Y鸟|Taunt|p2a: 악르세우스
|-start|p2a: 악르세우스|move: Taunt
|
|upkeep
|turn|10
|
|t:|1662829541
|move|p2a: 악르세우스|Judgment|p1a: Y鸟
|-resisted|p1a: Y鸟
|-crit|p1a: Y鸟
|-damage|p1a: Y鸟|16/100
|move|p1a: Y鸟|Oblivion Wing|p2a: 악르세우스
|-damage|p2a: 악르세우스|67/100
|-heal|p1a: Y鸟|39/100|[from] drain|[of] p2a: 악르세우스
|-damage|p1a: Y鸟|29/100|[from] item: Life Orb
|
|upkeep
|turn|11
|
|t:|1662829557
|switch|p1a: 嘉然小姐的狗|Zacian-Crowned|83/100
|-ability|p1a: 嘉然小姐的狗|Intrepid Sword|boost
|-boost|p1a: 嘉然小姐的狗|atk|1
|move|p2a: 악르세우스|Judgment|p1a: 嘉然小姐的狗
|-resisted|p1a: 嘉然小姐的狗
|-damage|p1a: 嘉然小姐的狗|57/100
|
|upkeep
|turn|12
|
|t:|1662829562
|switch|p2a: 루기아|Lugia|100/100
|move|p1a: 嘉然小姐的狗|Close Combat|p2a: 루기아
|-resisted|p2a: 루기아
|-damage|p2a: 루기아|96/100
|-unboost|p1a: 嘉然小姐的狗|def|1
|-unboost|p1a: 嘉然小姐的狗|spd|1
|-damage|p1a: 嘉然小姐的狗|41/100|[from] item: Rocky Helmet|[of] p2a: 루기아
|
|upkeep
|turn|13
|
|t:|1662829566
|move|p1a: 嘉然小姐的狗|Wild Charge|p2a: 루기아
|-supereffective|p2a: 루기아
|-damage|p2a: 루기아|42/100
|-damage|p1a: 嘉然小姐的狗|24/100|[from] item: Rocky Helmet|[of] p2a: 루기아
|-damage|p1a: 嘉然小姐的狗|10/100|[from] Recoil
|move|p2a: 루기아|Roost|p2a: 루기아
|-heal|p2a: 루기아|92/100
|-singleturn|p2a: 루기아|move: Roost
|
|upkeep
|turn|14
|
|t:|1662829573
|move|p1a: 嘉然小姐的狗|Wild Charge|p2a: 루기아
|-supereffective|p2a: 루기아
|-damage|p2a: 루기아|36/100
|-damage|p1a: 嘉然小姐的狗|0 fnt|[from] item: Rocky Helmet|[of] p2a: 루기아
|faint|p1a: 嘉然小姐的狗
|move|p2a: 루기아|Roost|p2a: 루기아
|-heal|p2a: 루기아|86/100
|-singleturn|p2a: 루기아|move: Roost
|
|upkeep
|
|t:|1662829576
|switch|p1a: Y鸟|Yveltal|29/100
|-ability|p1a: Y鸟|Dark Aura
|turn|15
|j| anidiotnon
|
|t:|1662829580
|switch|p2a: 럭키|Chansey, F|100/100
|move|p1a: Y鸟|Oblivion Wing|p2a: 럭키
|-damage|p2a: 럭키|84/100
|-heal|p1a: Y鸟|51/100|[from] drain|[of] p2a: 럭키
|-damage|p1a: Y鸟|41/100|[from] item: Life Orb
|
|upkeep
|turn|16
|
|t:|1662829584
|move|p1a: Y鸟|Taunt|p2a: 럭키
|-start|p2a: 럭키|move: Taunt
|move|p2a: 럭키|Seismic Toss|p1a: Y鸟
|-damage|p1a: Y鸟|16/100
|
|upkeep
|turn|17
|
|t:|1662829589
|switch|p1a: 钢铁之躯|Necrozma-Dusk-Mane|100/100
|move|p2a: 럭키|Seismic Toss|p1a: 钢铁之躯
|-damage|p1a: 钢铁之躯|75/100
|
|upkeep
|turn|18
|
|t:|1662829592
|switch|p2a: 악르세우스|Arceus-Dark|67/100
|move|p1a: 钢铁之躯|Dragon Dance|p1a: 钢铁之躯
|-boost|p1a: 钢铁之躯|atk|1
|-boost|p1a: 钢铁之躯|spe|1
|
|upkeep
|turn|19
|
|t:|1662829597
|switch|p2a: 루기아|Lugia|86/100
|detailschange|p1a: 钢铁之躯|Necrozma-Ultra
|-burst|p1a: 钢铁之躯|Necrozma|Ultranecrozium Z
|move|p1a: 钢铁之躯|Earthquake|p2a: 루기아
|-immune|p2a: 루기아
|
|upkeep
|turn|20
|
|t:|1662829604
|move|p1a: 钢铁之躯|Stone Edge|p2a: 루기아
|-supereffective|p2a: 루기아
|-damage|p2a: 루기아|0 fnt
|faint|p2a: 루기아
|
|upkeep
|
|t:|1662829612
|switch|p2a: 아르세우스|Arceus-Fairy|62/100
|turn|21
|
|t:|1662829616
|switch|p2a: 악르세우스|Arceus-Dark|67/100
|move|p1a: 钢铁之躯|Earthquake|p2a: 악르세우스
|-damage|p2a: 악르세우스|24/100
|
|upkeep
|turn|22
|
|t:|1662829623
|move|p1a: 钢铁之躯|Earthquake|p2a: 악르세우스
|-damage|p2a: 악르세우스|0 fnt
|faint|p2a: 악르세우스
|
|upkeep
|
|t:|1662829626
|switch|p2a: 메타몽|Ditto|100/100
|-transform|p2a: 메타몽|p1a: 钢铁之躯|[from] ability: Imposter
|turn|23
|
|t:|1662829629
|move|p2a: 메타몽|Earthquake|p1a: 钢铁之躯
|-damage|p1a: 钢铁之躯|14/100
|-zpower|p1a: 钢铁之躯
|move|p1a: 钢铁之躯|Light That Burns the Sky|p2a: 메타몽|[zeffect]
|-resisted|p2a: 메타몽
|-damage|p2a: 메타몽|0 fnt
|faint|p2a: 메타몽
|
|upkeep
|
|t:|1662829634
|switch|p2a: 아르세우스|Arceus-Fairy|62/100
|turn|24
|
|t:|1662829635
|move|p1a: 钢铁之躯|Photon Geyser|p2a: 아르세우스
|-damage|p2a: 아르세우스|12/100
|move|p2a: 아르세우스|Recover|p2a: 아르세우스
|-heal|p2a: 아르세우스|62/100
|
|upkeep
|turn|25
|
|t:|1662829638
|move|p1a: 钢铁之躯|Dragon Dance|p1a: 钢铁之躯
|-boost|p1a: 钢铁之躯|atk|1
|-boost|p1a: 钢铁之躯|spe|1
|move|p2a: 아르세우스|Recover|p2a: 아르세우스
|-heal|p2a: 아르세우스|100/100
|
|upkeep
|turn|26
|
|t:|1662829645
|-start|p2a: 아르세우스|Dynamax|
|-heal|p2a: 아르세우스|100/100|[silent]
|move|p1a: 钢铁之躯|Photon Geyser|p2a: 아르세우스
|-damage|p2a: 아르세우스|68/100
|move|p2a: 아르세우스|Max Quake|p1a: 钢铁之躯
|-damage|p1a: 钢铁之躯|0 fnt
|-boost|p2a: 아르세우스|spd|1
|faint|p1a: 钢铁之躯
|
|upkeep
|
|t:|1662829658
|switch|p1a: Y鸟|Yveltal|16/100
|-ability|p1a: Y鸟|Dark Aura
|turn|27
|
|t:|1662829660
|move|p1a: Y鸟|Oblivion Wing|p2a: 아르세우스
|-damage|p2a: 아르세우스|56/100
|-heal|p1a: Y鸟|37/100|[from] drain|[of] p2a: 아르세우스
|-damage|p1a: Y鸟|27/100|[from] item: Life Orb
|move|p2a: 아르세우스|Max Starfall|p1a: Y鸟
|-supereffective|p1a: Y鸟
|-damage|p1a: Y鸟|0 fnt
|-fieldstart|move: Misty Terrain
|faint|p1a: Y鸟
|
|upkeep
|
|t:|1662829666
|switch|p1a: 老烈|Rayquaza|100/100
|-ability|p1a: 老烈|Air Lock
|turn|28
|
|t:|1662829667
|detailschange|p1a: 老烈|Rayquaza-Mega
|-mega|p1a: 老烈|Rayquaza|
|-weather|DeltaStream|[from] ability: Delta Stream|[of] p1a: 老烈
|move|p1a: 老烈|Dragon Dance|p1a: 老烈
|-boost|p1a: 老烈|atk|1
|-boost|p1a: 老烈|spe|1
|move|p2a: 아르세우스|Max Starfall|p1a: 老烈
|-supereffective|p1a: 老烈
|-enditem|p1a: 老烈|Focus Sash
|-damage|p1a: 老烈|1/100
|
|-weather|DeltaStream|[upkeep]
|upkeep
|-end|p2a: 아르세우스|Dynamax
|-heal|p2a: 아르세우스|56/100|[silent]
|turn|29
|
|t:|1662829674
|move|p1a: 老烈|Dragon Ascent|p2a: 아르세우스
|-damage|p2a: 아르세우스|0 fnt
|-unboost|p1a: 老烈|def|1
|-unboost|p1a: 老烈|spd|1
|faint|p2a: 아르세우스
|
|-weather|DeltaStream|[upkeep]
|upkeep
|
|t:|1662829676
|switch|p2a: 그란돈|Groudon|100/100
|detailschange|p2a: 그란돈|Groudon-Primal
|-primal|p2a: 그란돈
|-weather|DesolateLand|[from] ability: Desolate Land|[of] p2a: 그란돈
|turn|30
|
|t:|1662829678
|move|p1a: 老烈|Earthquake|p2a: 그란돈
|-supereffective|p2a: 그란돈
|-damage|p2a: 그란돈|21/100
|move|p2a: 그란돈|Fire Punch|p1a: 老烈
|-resisted|p1a: 老烈
|-damage|p1a: 老烈|0 fnt
|faint|p1a: 老烈
|
|-weather|DesolateLand|[upkeep]
|upkeep
|
|t:|1662829682
|switch|p1a: 悬空羊驼|Arceus-Flying|100/100
|turn|31
|
|t:|1662829684
|-weather|none
|switch|p2a: 럭키|Chansey, F|84/100
|move|p1a: 悬空羊驼|Earth Power|p2a: 럭키
|-damage|p2a: 럭키|74/100
|
|-fieldend|Misty Terrain
|upkeep
|turn|32
|
|t:|1662829692
|switch|p1a: 不会(?)|Groudon|100/100
|detailschange|p1a: 不会(?)|Groudon-Primal
|-primal|p1a: 不会(?)
|-weather|DesolateLand|[from] ability: Desolate Land|[of] p1a: 不会(?)
|move|p2a: 럭키|Toxic|p1a: 不会(?)
|-status|p1a: 不会(?)|tox
|
|-weather|DesolateLand|[upkeep]
|-damage|p1a: 不会(?)|94/100 tox|[from] psn
|upkeep
|turn|33
|
|t:|1662829697
|move|p1a: 不会(?)|Precipice Blades|p2a: 럭키
|-damage|p2a: 럭키|14/100
|move|p2a: 럭키|Wish|p2a: 럭키
|
|-weather|DesolateLand|[upkeep]
|-damage|p1a: 不会(?)|82/100 tox|[from] psn
|upkeep
|turn|34
|
|t:|1662829701
|move|p2a: 럭키|Protect|p2a: 럭키
|-singleturn|p2a: 럭키|Protect
|move|p1a: 不会(?)|Precipice Blades|p2a: 럭키
|-activate|p2a: 럭키|move: Protect
|
|-weather|DesolateLand|[upkeep]
|-heal|p2a: 럭키|64/100|[from] move: Wish|[wisher] 럭키
|-damage|p1a: 不会(?)|63/100 tox|[from] psn
|upkeep
|turn|35
|
|t:|1662829718
|move|p1a: 不会(?)|Heat Crash|p2a: 럭키
|-damage|p2a: 럭키|0 fnt
|faint|p2a: 럭키
|
|-weather|DesolateLand|[upkeep]
|-damage|p1a: 不会(?)|39/100 tox|[from] psn
|upkeep
|
|t:|1662829720
|switch|p2a: 그란돈|Groudon-Primal|21/100
|turn|36
|
|t:|1662829723
|move|p2a: 그란돈|Precipice Blades|p1a: 不会(?)
|-supereffective|p1a: 不会(?)
|-damage|p1a: 不会(?)|0 fnt
|faint|p1a: 不会(?)
|
|-weather|DesolateLand|[upkeep]
|upkeep
|
|t:|1662829725
|switch|p1a: 悬空羊驼|Arceus-Flying|100/100
|turn|37
|
|t:|1662829727
|-start|p1a: 悬空羊驼|Dynamax|
|-heal|p1a: 悬空羊驼|100/100|[silent]
|move|p1a: 悬空羊驼|Max Airstream|p2a: 그란돈
|-damage|p2a: 그란돈|0 fnt
|-boost|p1a: 悬空羊驼|spe|1
|faint|p2a: 그란돈
|-weather|none
|
|win|CLEAR GEM清瑜
|raw|CLEAR GEM清瑜's rating: 1846 &rarr; <strong>1873</strong><br />(+27 for winning)
|raw|rajof's rating: 1966 &rarr; <strong>1939</strong><br />(-27 for losing)
|l|☆rajof
|l| anidiotnon
||Ladder isn't responding, score probably updated but might not have (Request timeout).
