|j|☆Dugtrio Is Broken
|j|☆MRH1106
|t:|1656392399
|gametype|singles
|player|p1|Dugtrio Is Broken|benga|1658
|player|p2|MRH1106|red|1806
|teamsize|p1|6
|teamsize|p2|6
|gen|8
|tier|[Gen 8] National Dex AG
|rated|
|rule|HP Percentage Mod: HP is shown in percentages
|rule|Endless Battle Clause: Forcing endless battles is banned
|clearpoke
|poke|p1|Smeargle, M|
|poke|p1|Xerneas-*|
|poke|p1|Marshadow|
|poke|p1|Rayquaza|
|poke|p1|Calyrex-Shadow|
|poke|p1|Ditto|
|poke|p2|Zacian-*|
|poke|p2|Calyrex-Shadow|
|poke|p2|Rayquaza|
|poke|p2|Ditto|
|poke|p2|Yveltal|
|poke|p2|Arceus-*|
|teampreview
|inactive|Battle timer is ON: inactive players will automatically lose when time's up. (requested by MRH1106)
|inactive|Dugtrio Is Broken has 120 seconds left.
|
|t:|1656392456
|start
|switch|p1a: Smeargle|Smeargle, M, shiny|100/100
|switch|p2a: Hells dragon|Yveltal, shiny|100/100
|-ability|p2a: Hells dragon|Dark Aura
|turn|1
|
|t:|1656392465
|move|p2a: Hells dragon|Taunt|p1a: Smeargle
|-start|p1a: Smeargle|move: Taunt
|move|p1a: Smeargle|Nuzzle|p2a: Hells dragon
|-supereffective|p2a: Hells dragon
|-damage|p2a: Hells dragon|97/100
|-status|p2a: Hells dragon|par
|
|-ability|p1a: Smeargle|Moody|boost
|-boost|p1a: Smeargle|def|2
|-unboost|p1a: Smeargle|spd|1
|upkeep
|turn|2
|
|t:|1656392480
|move|p1a: Smeargle|Nuzzle|p2a: Hells dragon
|-supereffective|p2a: Hells dragon
|-damage|p2a: Hells dragon|93/100 par
|move|p2a: Hells dragon|Oblivion Wing|p1a: Smeargle
|-enditem|p1a: Smeargle|Focus Sash
|-damage|p1a: Smeargle|1/100
|-heal|p2a: Hells dragon|100/100 par|[from] drain|[of] p1a: Smeargle
|-damage|p2a: Hells dragon|91/100 par|[from] item: Life Orb
|
|-ability|p1a: Smeargle|Moody|boost
|-boost|p1a: Smeargle|spe|2
|-unboost|p1a: Smeargle|spd|1
|upkeep
|turn|3
|
|t:|1656392484
|move|p1a: Smeargle|Nuzzle|p2a: Hells dragon
|-supereffective|p2a: Hells dragon
|-damage|p2a: Hells dragon|88/100 par
|cant|p2a: Hells dragon|par
|
|-end|p1a: Smeargle|move: Taunt
|-ability|p1a: Smeargle|Moody|boost
|-boost|p1a: Smeargle|spd|2
|-unboost|p1a: Smeargle|def|1
|upkeep
|turn|4
|
|t:|1656392507
|move|p1a: Smeargle|Sticky Web|p2a: Hells dragon
|-sidestart|p2: MRH1106|move: Sticky Web
|cant|p2a: Hells dragon|par
|
|-ability|p1a: Smeargle|Moody|boost
|-boost|p1a: Smeargle|def|2
|-unboost|p1a: Smeargle|atk|1
|upkeep
|turn|5
|
|t:|1656392510
|move|p1a: Smeargle|Nuzzle|p2a: Hells dragon
|-supereffective|p2a: Hells dragon
|-damage|p2a: Hells dragon|85/100 par
|move|p2a: Hells dragon|Oblivion Wing|p1a: Smeargle
|-damage|p1a: Smeargle|0 fnt
|-heal|p2a: Hells dragon|85/100 par|[from] drain|[of] p1a: Smeargle
|faint|p1a: Smeargle
|-damage|p2a: Hells dragon|75/100 par|[from] item: Life Orb
|
|upkeep
|
|t:|1656392518
|switch|p1a: Xerneas|Xerneas|100/100
|-ability|p1a: Xerneas|Fairy Aura
|turn|6
|
|t:|1656392523
|move|p1a: Xerneas|Geomancy||[still]
|-prepare|p1a: Xerneas|Geomancy
|-enditem|p1a: Xerneas|Power Herb
|-anim|p1a: Xerneas|Geomancy|p1a: Xerneas
|-boost|p1a: Xerneas|spa|2
|-boost|p1a: Xerneas|spd|2
|-boost|p1a: Xerneas|spe|2
|move|p2a: Hells dragon|Oblivion Wing|p1a: Xerneas
|-damage|p1a: Xerneas|74/100
|-heal|p2a: Hells dragon|95/100 par|[from] drain|[of] p1a: Xerneas
|-damage|p2a: Hells dragon|85/100 par|[from] item: Life Orb
|
|upkeep
|turn|7
|
|t:|1656392530
|move|p2a: Hells dragon|Sucker Punch|p1a: Xerneas
|-resisted|p1a: Xerneas
|-damage|p1a: Xerneas|54/100
|-damage|p2a: Hells dragon|76/100 par|[from] item: Life Orb
|move|p1a: Xerneas|Moonblast|p2a: Hells dragon
|-supereffective|p2a: Hells dragon
|-damage|p2a: Hells dragon|0 fnt
|faint|p2a: Hells dragon
|
|upkeep
|
|t:|1656392539
|switch|p2a: Fuck you <3|Ditto, shiny|100/100
|-activate|p2a: Fuck you <3|move: Sticky Web
|-unboost|p2a: Fuck you <3|spe|1
|-transform|p2a: Fuck you <3|p1a: Xerneas|[from] ability: Imposter
|-ability|p2a: Fuck you <3|Fairy Aura
|turn|8
|
|t:|1656392551
|-start|p2a: Fuck you <3|Dynamax|
|-heal|p2a: Fuck you <3|100/100|[silent]
|move|p2a: Fuck you <3|Max Starfall|p1a: Xerneas
|-damage|p1a: Xerneas|0 fnt
|-fieldstart|move: Misty Terrain
|faint|p1a: Xerneas
|
|upkeep
|
|t:|1656392554
|switch|p1a: Spooky|Marshadow|100/100
|turn|9
|
|t:|1656392563
|move|p2a: Fuck you <3|Max Starfall|p1a: Spooky
|-supereffective|p1a: Spooky
|-enditem|p1a: Spooky|Focus Sash
|-damage|p1a: Spooky|1/100
|move|p1a: Spooky|Spectral Thief||[still]
|-clearpositiveboost|p2a: Fuck you <3|p1a: Spooky|move: Spectral Thief
|-boost|p1a: Spooky|spa|2
|-boost|p1a: Spooky|spd|2
|-boost|p1a: Spooky|spe|2
|-anim|p1a: Spooky|Spectral Thief|p2a: Fuck you <3
|-crit|p2a: Fuck you <3
|-damage|p2a: Fuck you <3|64/100
|
|upkeep
|turn|10
|
|t:|1656392583
|move|p2a: Fuck you <3|Max Guard|p2a: Fuck you <3
|-singleturn|p2a: Fuck you <3|Max Guard
|move|p1a: Spooky|Endeavor|p2a: Fuck you <3
|-activate|p2a: Fuck you <3|move: Max Guard
|
|upkeep
|-end|p2a: Fuck you <3|Dynamax
|-heal|p2a: Fuck you <3|64/100|[silent]
|turn|11
|
|t:|1656392590
|move|p1a: Spooky|Endeavor|p2a: Fuck you <3
|-damage|p2a: Fuck you <3|1/100
|move|p2a: Fuck you <3|Moonblast|p1a: Spooky
|-supereffective|p1a: Spooky
|-damage|p1a: Spooky|0 fnt
|faint|p1a: Spooky
|
|upkeep
|
|t:|1656392593
|switch|p1a: Rayquaza|Rayquaza|100/100
|-ability|p1a: Rayquaza|Air Lock
|turn|12
|
|t:|1656392602
|switch|p2a: Legit god|Arceus-Ground|100/100
|-activate|p2a: Legit god|move: Sticky Web
|-unboost|p2a: Legit god|spe|1
|detailschange|p1a: Rayquaza|Rayquaza-Mega
|-mega|p1a: Rayquaza|Rayquaza|
|-weather|DeltaStream|[from] ability: Delta Stream|[of] p1a: Rayquaza
|move|p1a: Rayquaza|Extreme Speed|p2a: Legit god
|-damage|p2a: Legit god|78/100
|
|-weather|DeltaStream|[upkeep]
|-fieldend|Misty Terrain
|upkeep
|turn|13
|
|t:|1656392624
|move|p1a: Rayquaza|Dragon Dance|p1a: Rayquaza
|-boost|p1a: Rayquaza|atk|1
|-boost|p1a: Rayquaza|spe|1
|move|p2a: Legit god|Defog|p1a: Rayquaza
|-unboost|p1a: Rayquaza|evasion|1
|-sideend|p2: MRH1106|Sticky Web|[from] move: Defog|[of] p2a: Legit god
|
|-weather|DeltaStream|[upkeep]
|upkeep
|turn|14
|
|t:|1656392631
|move|p1a: Rayquaza|Dragon Ascent|p2a: Legit god
|-damage|p2a: Legit god|0 fnt
|-unboost|p1a: Rayquaza|def|1
|-unboost|p1a: Rayquaza|spd|1
|faint|p2a: Legit god
|
|-weather|DeltaStream|[upkeep]
|upkeep
|
|t:|1656392636
|switch|p2a: Fuck you <3|Ditto, shiny|1/100
|-transform|p2a: Fuck you <3|p1a: Rayquaza|[from] ability: Imposter
|turn|15
|
|t:|1656392642
|switch|p1a: Calyrex|Calyrex-Shadow|100/100
|-ability|p1a: Calyrex|As One
|-ability|p1a: Calyrex|Unnerve
|move|p2a: Fuck you <3|Extreme Speed|p1a: Calyrex
|-immune|p1a: Calyrex
|
|-weather|DeltaStream|[upkeep]
|upkeep
|turn|16
|
|t:|1656392655
|-weather|none
|switch|p2a: Rayyyy|Rayquaza|100/100
|-ability|p2a: Rayyyy|Air Lock
|move|p1a: Calyrex|Astral Barrage|p2a: Rayyyy
|-damage|p2a: Rayyyy|22/100
|
|upkeep
|turn|17
|
|t:|1656392659
|detailschange|p2a: Rayyyy|Rayquaza-Mega
|-mega|p2a: Rayyyy|Rayquaza|
|-weather|DeltaStream|[from] ability: Delta Stream|[of] p2a: Rayyyy
|move|p1a: Calyrex|Astral Barrage|p2a: Rayyyy
|-damage|p2a: Rayyyy|0 fnt
|faint|p2a: Rayyyy
|-weather|none
|-ability|p1a: Calyrex|Grim Neigh|boost
|-boost|p1a: Calyrex|spa|1
|
|upkeep
|
|t:|1656392664
|switch|p2a: Fuck you <3|Ditto, shiny|1/100
|-transform|p2a: Fuck you <3|p1a: Calyrex|[from] ability: Imposter
|turn|18
|
|t:|1656392667
|move|p2a: Fuck you <3|Astral Barrage|p1a: Calyrex
|-supereffective|p1a: Calyrex
|-enditem|p1a: Calyrex|Focus Sash
|-damage|p1a: Calyrex|1/100
|move|p1a: Calyrex|Astral Barrage|p2a: Fuck you <3
|-supereffective|p2a: Fuck you <3
|-damage|p2a: Fuck you <3|0 fnt
|faint|p2a: Fuck you <3
|-ability|p1a: Calyrex|Grim Neigh|boost
|-boost|p1a: Calyrex|spa|1
|
|upkeep
|c|☆Dugtrio Is Broken|Gg
|
|t:|1656392677
|switch|p2a: YeeHaw~|Calyrex-Shadow|100/100
|-ability|p2a: YeeHaw~|As One
|-ability|p2a: YeeHaw~|Unnerve
|turn|19
|
|t:|1656392682
|move|p2a: YeeHaw~|Astral Barrage|p1a: Calyrex
|-supereffective|p1a: Calyrex
|-damage|p1a: Calyrex|0 fnt
|faint|p1a: Calyrex
|-ability|p2a: YeeHaw~|Grim Neigh|boost
|-boost|p2a: YeeHaw~|spa|1
|
|upkeep
|
|t:|1656392683
|switch|p1a: Ditto|Ditto|100/100
|-transform|p1a: Ditto|p2a: YeeHaw~|[from] ability: Imposter
|turn|20
|
|t:|1656392687
|move|p1a: Ditto|Astral Barrage|p2a: YeeHaw~
|-supereffective|p2a: YeeHaw~
|-enditem|p2a: YeeHaw~|Focus Sash
|-damage|p2a: YeeHaw~|1/100
|move|p2a: YeeHaw~|Astral Barrage|p1a: Ditto
|-supereffective|p1a: Ditto
|-damage|p1a: Ditto|0 fnt
|faint|p1a: Ditto
|-ability|p2a: YeeHaw~|Grim Neigh|boost
|-boost|p2a: YeeHaw~|spa|1
|
|upkeep
|
|t:|1656392693
|switch|p1a: Rayquaza|Rayquaza-Mega|100/100
|-weather|DeltaStream|[from] ability: Delta Stream|[of] p1a: Rayquaza
|turn|21
|
|t:|1656392706
|move|p2a: YeeHaw~|Astral Barrage|p1a: Rayquaza
|-enditem|p1a: Rayquaza|Focus Sash
|-damage|p1a: Rayquaza|1/100
|move|p1a: Rayquaza|Dragon Dance|p1a: Rayquaza
|-boost|p1a: Rayquaza|atk|1
|-boost|p1a: Rayquaza|spe|1
|
|-weather|DeltaStream|[upkeep]
|upkeep
|turn|22
|
|t:|1656392721
|move|p1a: Rayquaza|Earthquake|p2a: YeeHaw~
|-damage|p2a: YeeHaw~|0 fnt
|faint|p2a: YeeHaw~
|
|-weather|DeltaStream|[upkeep]
|upkeep
|
|t:|1656392723
|switch|p2a: Knifepuppy|Zacian-Crowned|100/100
|-ability|p2a: Knifepuppy|Intrepid Sword|boost
|-boost|p2a: Knifepuppy|atk|1
|turn|23
|
|t:|1656392725
|move|p1a: Rayquaza|Earthquake|p2a: Knifepuppy
|-supereffective|p2a: Knifepuppy
|-damage|p2a: Knifepuppy|0 fnt
|faint|p2a: Knifepuppy
|
|win|Dugtrio Is Broken
|raw|Dugtrio Is Broken's rating: 1658 &rarr; <strong>1686</strong><br />(+28 for winning)
|raw|MRH1106's rating: 1806 &rarr; <strong>1778</strong><br />(-28 for losing)
|l|☆MRH1106
