|j|☆Buck X
|j|☆Nobodi_Nowan
|t:|1661418680
|gametype|singles
|player|p1|Buck X|lance-masters|
|player|p2|Nobodi_Nowan|akari|
|teamsize|p1|6
|teamsize|p2|6
|gen|8
|tier|[Gen 8] National Dex AG
|rule|HP Percentage Mod: HP is shown in percentages
|rule|Endless Battle Clause: Forcing endless battles is banned
|clearpoke
|poke|p1|Ho-Oh|
|poke|p1|Weavile, M|
|poke|p1|Dialga|
|poke|p1|Garchomp, F|
|poke|p1|Ferrothorn, F|
|poke|p1|Rotom-Wash|
|poke|p2|Gliscor, M|
|poke|p2|Metagross|
|poke|p2|Kartana|
|poke|p2|Heatran, M|
|poke|p2|Chansey, F|
|poke|p2|Dragapult, F|
|teampreview
|inactive|Battle timer is ON: inactive players will automatically lose when time's up. (requested by Buck X)
|
|t:|1661418689
|start
|switch|p1a: Ho-Oh|Ho-Oh|100/100
|switch|p2a: Dragapult|Dragapult, F|100/100
|turn|1
|
|t:|1661418707
|move|p2a: Dragapult|Hydro Pump|p1a: Ho-Oh
|-supereffective|p1a: Ho-Oh
|-damage|p1a: Ho-Oh|38/100
|move|p1a: Ho-Oh|Brave Bird|p2a: Dragapult
|-damage|p2a: Dragapult|12/100
|-damage|p1a: Ho-Oh|12/100|[from] Recoil
|
|upkeep
|turn|2
|
|t:|1661418722
|switch|p2a: Metagross|Metagross|100/100
|switch|p1a: Ferrothorn|Ferrothorn, F|100/100
|
|upkeep
|turn|3
|inactive|Nobodi_Nowan has 270 seconds left.
|
|t:|1661418747
|switch|p2a: Heatran|Heatran, M|100/100
|-item|p2a: Heatran|Air Balloon
|move|p1a: Ferrothorn|Stealth Rock|p2a: Heatran
|-sidestart|p2: Nobodi_Nowan|move: Stealth Rock
|
|upkeep
|turn|4
|
|t:|1661418755
|move|p2a: Heatran|Taunt|p1a: Ferrothorn
|-start|p1a: Ferrothorn|move: Taunt
|move|p1a: Ferrothorn|Knock Off|p2a: Heatran
|-damage|p2a: Heatran|85/100
|-enditem|p2a: Heatran|Air Balloon
|
|upkeep
|turn|5
|inactive|Nobodi_Nowan has 270 seconds left.
|
|t:|1661418780
|switch|p1a: Ho-Oh|Ho-Oh|45/100
|move|p2a: Heatran|Stealth Rock|p1a: Ho-Oh
|-sidestart|p1: Buck X|move: Stealth Rock
|
|upkeep
|turn|6
|
|t:|1661418786
|move|p1a: Ho-Oh|Earthquake|p2a: Heatran
|-supereffective|p2a: Heatran
|-damage|p2a: Heatran|0 fnt
|faint|p2a: Heatran
|
|upkeep
|
|t:|1661418794
|switch|p2a: Gliscor|Gliscor, M|100/100
|-damage|p2a: Gliscor|88/100|[from] Stealth Rock
|turn|7
|inactive|Nobodi_Nowan has 270 seconds left.
|
|t:|1661418825
|switch|p1a: Ferrothorn|Ferrothorn, F|100/100
|-damage|p1a: Ferrothorn|95/100|[from] Stealth Rock
|move|p2a: Gliscor|Defog|p1a: Ferrothorn
|-unboost|p1a: Ferrothorn|evasion|1
|-sideend|p1: Buck X|Stealth Rock|[from] move: Defog|[of] p2a: Gliscor
|-sideend|p2: Nobodi_Nowan|Stealth Rock|[from] move: Defog|[of] p2a: Gliscor
|
|-status|p2a: Gliscor|tox|[from] item: Toxic Orb
|upkeep
|turn|8
|
|t:|1661418834
|switch|p2a: Dragapult|Dragapult, F|12/100
|move|p1a: Ferrothorn|Stealth Rock|p2a: Dragapult
|-sidestart|p2: Nobodi_Nowan|move: Stealth Rock
|
|upkeep
|turn|9
|inactive|Nobodi_Nowan has 240 seconds left.
|
|t:|1661418870
|move|p1a: Ferrothorn|Protect|p1a: Ferrothorn
|-singleturn|p1a: Ferrothorn|Protect
|move|p2a: Dragapult|U-turn|p1a: Ferrothorn
|-activate|p1a: Ferrothorn|move: Protect
|
|upkeep
|turn|10
|inactive|Nobodi_Nowan has 210 seconds left.
|c|☆Buck X|Dragapult ded
|
|t:|1661418910
|move|p2a: Dragapult|U-turn|p1a: Ferrothorn
|-crit|p1a: Ferrothorn
|-damage|p1a: Ferrothorn|75/100
|-damage|p2a: Dragapult|0 fnt|[from] ability: Iron Barbs|[of] p1a: Ferrothorn
|faint|p2a: Dragapult
|move|p1a: Ferrothorn|Knock Off|p2: Dragapult|[notarget]
|-fail|p1a: Ferrothorn
|
|upkeep
|inactive|Nobodi_Nowan has 180 seconds left.
|
|t:|1661418949
|switch|p2a: Kartana|Kartana|100/100
|-damage|p2a: Kartana|94/100|[from] Stealth Rock
|turn|11
|
|t:|1661418970
|switch|p1a: Ho-Oh|Ho-Oh|78/100
|move|p2a: Kartana|Swords Dance|p2a: Kartana
|-boost|p2a: Kartana|atk|2
|
|upkeep
|turn|12
|
|t:|1661418982
|-start|p2a: Kartana|Dynamax|
|-heal|p2a: Kartana|94/100|[silent]
|move|p1a: Ho-Oh|Sacred Fire|p2a: Kartana
|-supereffective|p2a: Kartana
|-damage|p2a: Kartana|0 fnt
|faint|p2a: Kartana
|
|upkeep
|inactive|Nobodi_Nowan has 150 seconds left.
|c|☆Nobodi_Nowan|hell nah df have i don
|
|t:|1661419003
|switch|p2a: Gliscor|Gliscor, M|88/100 tox
|-damage|p2a: Gliscor|76/100 tox|[from] Stealth Rock
|turn|13
|inactive|Nobodi_Nowan has 150 seconds left.
|
|t:|1661419013
|-start|p1a: Ho-Oh|Dynamax|
|-heal|p1a: Ho-Oh|78/100|[silent]
|move|p1a: Ho-Oh|Max Flare|p2a: Gliscor
|-damage|p2a: Gliscor|24/100 tox
|-weather|SunnyDay
|move|p2a: Gliscor|Defog|p1a: Ho-Oh
|-unboost|p1a: Ho-Oh|evasion|1
|-sideend|p2: Nobodi_Nowan|Stealth Rock|[from] move: Defog|[of] p2a: Gliscor
|
|-weather|SunnyDay|[upkeep]
|-heal|p2a: Gliscor|36/100 tox|[from] ability: Poison Heal
|upkeep
|turn|14
|inactive|Nobodi_Nowan has 150 seconds left.
|
|t:|1661419026
|move|p1a: Ho-Oh|Max Airstream|p2a: Gliscor
|-damage|p2a: Gliscor|0 fnt
|-boost|p1a: Ho-Oh|spe|1
|faint|p2a: Gliscor
|
|-weather|SunnyDay|[upkeep]
|upkeep
|c|☆Nobodi_Nowan|btw sorry for lasting
|inactive|Nobodi_Nowan has 150 seconds left.
|
|t:|1661419033
|switch|p2a: Chansey|Chansey, F|100/100
|turn|15
|c|☆Buck X|Dw
|c|☆Buck X|ggwp
|
|t:|1661419038
|move|p1a: Ho-Oh|Max Flare|p2a: Chansey
|-damage|p2a: Chansey|0 fnt
|faint|p2a: Chansey
|
|-weather|SunnyDay|[upkeep]
|upkeep
|c|☆Nobodi_Nowan|gg
|
|t:|1661419044
|switch|p2a: Metagross|Metagross|100/100
|-end|p1a: Ho-Oh|Dynamax
|-heal|p1a: Ho-Oh|78/100|[silent]
|turn|16
|c|☆Nobodi_Nowan|have to battle another guy at same timne
|
|t:|1661419062
|detailschange|p2a: Metagross|Metagross-Mega
|-mega|p2a: Metagross|Metagross|Metagrossite
|move|p1a: Ho-Oh|Sacred Fire|p2a: Metagross
|-supereffective|p2a: Metagross
|-damage|p2a: Metagross|0 fnt
|faint|p2a: Metagross
|
|win|Buck X
|c|☆Buck X|Ik
|l|☆Buck X
|l|☆Nobodi_Nowan
|j|☆Buck X
|player|p1|Buck X|lance-masters
