|j|☆Bka Onon
|j|☆Ghosterol
|t:|1667233642
|gametype|singles
|player|p1|Bka Onon|grace|
|player|p2|Ghosterol|morty-masters|
|teamsize|p1|6
|teamsize|p2|6
|gen|8
|tier|[Gen 8] National Dex AG
|rated|Tournament battle
|rule|HP Percentage Mod: HP is shown in percentages
|rule|Endless Battle Clause: Forcing endless battles is banned
|rule|Dynamax Clause: You cannot dynamax
|rule|Evasion Moves Clause: Evasion moves are banned
|rule|Mega Rayquaza Clause: You cannot mega evolve Rayquaza
|rule|OHKO Clause: OHKO moves are banned
|rule|Same Type Clause: Pokémon in a team must share a type
|rule|Sleep Clause Mod: Limit one foe put to sleep
|rule|Species Clause: Limit one of each Pokémon
|clearpoke
|poke|p1|Arceus-*|
|poke|p1|Dragapult, F|
|poke|p1|Spectrier|
|poke|p1|Corsola-Galar, M|
|poke|p1|Lunala|
|poke|p1|Blacephalon|
|poke|p2|Groudon|
|poke|p2|Excadrill, F|
|poke|p2|Arceus-*|
|poke|p2|Landorus-Therian, M|
|poke|p2|Garchomp, F|
|poke|p2|Hippowdon, M|
|teampreview
|inactive|Battle timer is ON: inactive players will automatically lose when time's up. (requested by Ghosterol)
|c|☆Bka Onon|hf
|c|☆Ghosterol|u too
|c|☆Ghosterol|cool team btw
|
|t:|1667233652
|start
|switch|p1a: Corsola|Corsola-Galar, M|100/100
|switch|p2a: Excadrill|Excadrill, F|100/100
|turn|1
|c|☆Bka Onon|ty
|
|t:|1667233658
|move|p2a: Excadrill|Stealth Rock|p1a: Corsola
|-sidestart|p1: Bka Onon|move: Stealth Rock
|move|p1a: Corsola|Will-O-Wisp|p2a: Excadrill
|-status|p2a: Excadrill|brn
|
|-damage|p2a: Excadrill|94/100 brn|[from] brn
|upkeep
|turn|2
|
|t:|1667233667
|switch|p2a: Arceus|Arceus-Ground|100/100
|move|p1a: Corsola|Stealth Rock|p2a: Arceus
|-sidestart|p2: Ghosterol|move: Stealth Rock
|
|upkeep
|turn|3
|
|t:|1667233672
|move|p2a: Arceus|Calm Mind|p2a: Arceus
|-boost|p2a: Arceus|spa|1
|-boost|p2a: Arceus|spd|1
|move|p1a: Corsola|Night Shade|p2a: Arceus
|-damage|p2a: Arceus|74/100
|
|upkeep
|turn|4
|
|t:|1667233683
|move|p2a: Arceus|Calm Mind|p2a: Arceus
|-boost|p2a: Arceus|spa|1
|-boost|p2a: Arceus|spd|1
|move|p1a: Corsola|Will-O-Wisp|p2a: Arceus
|-status|p2a: Arceus|brn
|
|-damage|p2a: Arceus|68/100 brn|[from] brn
|upkeep
|turn|5
|
|t:|1667233692
|move|p2a: Arceus|Calm Mind|p2a: Arceus
|-boost|p2a: Arceus|spa|1
|-boost|p2a: Arceus|spd|1
|move|p1a: Corsola|Night Shade|p2a: Arceus
|-damage|p2a: Arceus|42/100 brn
|
|-damage|p2a: Arceus|36/100 brn|[from] brn
|upkeep
|turn|6
|
|t:|1667233699
|move|p2a: Arceus|Recover|p2a: Arceus
|-heal|p2a: Arceus|86/100 brn
|move|p1a: Corsola|Night Shade|p2a: Arceus
|-damage|p2a: Arceus|60/100 brn
|
|-damage|p2a: Arceus|54/100 brn|[from] brn
|upkeep
|turn|7
|
|t:|1667233714
|move|p2a: Arceus|Recover|p2a: Arceus
|-heal|p2a: Arceus|100/100 brn
|move|p1a: Corsola|Night Shade|p2a: Arceus
|-damage|p2a: Arceus|74/100 brn
|
|-damage|p2a: Arceus|68/100 brn|[from] brn
|upkeep
|turn|8
|c|☆Ghosterol|this is a threat
|
|t:|1667233721
|move|p2a: Arceus|Calm Mind|p2a: Arceus
|-boost|p2a: Arceus|spa|1
|-boost|p2a: Arceus|spd|1
|move|p1a: Corsola|Night Shade|p2a: Arceus
|-damage|p2a: Arceus|42/100 brn
|
|-damage|p2a: Arceus|36/100 brn|[from] brn
|upkeep
|turn|9
|c|☆Bka Onon|:)
|
|t:|1667233727
|move|p2a: Arceus|Recover|p2a: Arceus
|-heal|p2a: Arceus|86/100 brn
|move|p1a: Corsola|Night Shade|p2a: Arceus
|-damage|p2a: Arceus|60/100 brn
|
|-damage|p2a: Arceus|54/100 brn|[from] brn
|upkeep
|turn|10
|
|t:|1667233737
|move|p2a: Arceus|Judgment|p1a: Corsola
|-damage|p1a: Corsola|6/100
|-start|p2a: Arceus|Disable|Judgment|[from] ability: Cursed Body|[of] p1a: Corsola
|move|p1a: Corsola|Night Shade|p2a: Arceus
|-damage|p2a: Arceus|28/100 brn
|
|-damage|p2a: Arceus|21/100 brn|[from] brn
|upkeep
|turn|11
|
|t:|1667233747
|move|p2a: Arceus|Ice Beam|p1a: Corsola
|-damage|p1a: Corsola|0 fnt
|faint|p1a: Corsola
|
|-damage|p2a: Arceus|15/100 brn|[from] brn
|upkeep
|
|t:|1667233759
|switch|p1a: Dragapult|Dragapult, F|100/100
|-damage|p1a: Dragapult|88/100|[from] Stealth Rock
|turn|12
|
|t:|1667233764
|move|p1a: Dragapult|Dragon Darts|p2a: Arceus
|-damage|p2a: Arceus|0 fnt
|faint|p2a: Arceus
|
|-heal|p1a: Dragapult|94/100|[from] item: Leftovers
|upkeep
|c|☆Ghosterol|so ur not choice mind blown
|
|t:|1667233774
|switch|p2a: Hippowdon|Hippowdon, M|100/100
|-damage|p2a: Hippowdon|94/100|[from] Stealth Rock
|-weather|Sandstorm|[from] ability: Sand Stream|[of] p2a: Hippowdon
|turn|13
|c|☆Bka Onon|am i?
|
|t:|1667233788
|move|p1a: Dragapult|Substitute|p1a: Dragapult
|-start|p1a: Dragapult|Substitute
|-damage|p1a: Dragapult|69/100
|move|p2a: Hippowdon|Earthquake|p1a: Dragapult
|-end|p1a: Dragapult|Substitute
|
|-weather|Sandstorm|[upkeep]
|-damage|p1a: Dragapult|63/100|[from] Sandstorm
|-heal|p1a: Dragapult|69/100|[from] item: Leftovers
|upkeep
|turn|14
|
|t:|1667233798
|switch|p1a: Lunala|Lunala|100/100
|move|p2a: Hippowdon|Earthquake|p1a: Lunala
|-damage|p1a: Lunala|77/100
|
|-weather|Sandstorm|[upkeep]
|-damage|p1a: Lunala|71/100|[from] Sandstorm
|upkeep
|turn|15
|
|t:|1667233809
|move|p1a: Lunala|Will-O-Wisp|p2a: Hippowdon
|-status|p2a: Hippowdon|brn
|move|p2a: Hippowdon|Earthquake|p1a: Lunala
|-damage|p1a: Lunala|48/100
|
|-weather|Sandstorm|[upkeep]
|-damage|p1a: Lunala|42/100|[from] Sandstorm
|-damage|p2a: Hippowdon|88/100 brn|[from] brn
|upkeep
|turn|16
|
|t:|1667233820
|switch|p2a: Groudon|Groudon|100/100
|-damage|p2a: Groudon|94/100|[from] Stealth Rock
|detailschange|p2a: Groudon|Groudon-Primal
|-primal|p2a: Groudon
|-weather|DesolateLand|[from] ability: Desolate Land|[of] p2a: Groudon
|move|p1a: Lunala|Roost|p1a: Lunala
|-heal|p1a: Lunala|92/100
|-singleturn|p1a: Lunala|move: Roost
|
|-weather|DesolateLand|[upkeep]
|upkeep
|turn|17
|
|t:|1667233830
|move|p2a: Groudon|Precipice Blades|p1a: Lunala
|-damage|p1a: Lunala|38/100
|move|p1a: Lunala|Roost|p1a: Lunala
|-heal|p1a: Lunala|88/100
|-singleturn|p1a: Lunala|move: Roost
|
|-weather|DesolateLand|[upkeep]
|upkeep
|turn|18
|
|t:|1667233842
|move|p2a: Groudon|Rock Polish|p2a: Groudon
|-boost|p2a: Groudon|spe|2
|move|p1a: Lunala|Roost|p1a: Lunala
|-heal|p1a: Lunala|100/100
|-singleturn|p1a: Lunala|move: Roost
|
|-weather|DesolateLand|[upkeep]
|upkeep
|turn|19
|inactive|Ghosterol has 120 seconds left.
|
|t:|1667233895
|move|p2a: Groudon|Swords Dance|p2a: Groudon
|-boost|p2a: Groudon|atk|2
|move|p1a: Lunala|Moongeist Beam|p2a: Groudon
|-damage|p2a: Groudon|41/100
|
|-weather|DesolateLand|[upkeep]
|upkeep
|turn|20
|
|t:|1667233906
|move|p2a: Groudon|Precipice Blades|p1a: Lunala
|-damage|p1a: Lunala|49/100
|move|p1a: Lunala|Moongeist Beam|p2a: Groudon
|-damage|p2a: Groudon|0 fnt
|faint|p2a: Groudon
|-weather|none
|
|upkeep
|c|☆Ghosterol|well don the monj did his job
|
|t:|1667233919
|switch|p2a: Landorus|Landorus-Therian, M|100/100
|-damage|p2a: Landorus|88/100|[from] Stealth Rock
|-ability|p2a: Landorus|Intimidate|boost
|-unboost|p1a: Lunala|atk|1
|turn|21
|
|t:|1667233925
|move|p2a: Landorus|Knock Off|p1a: Lunala
|-supereffective|p1a: Lunala
|-damage|p1a: Lunala|0 fnt
|-enditem|p1a: Lunala|Heavy-Duty Boots|[from] move: Knock Off|[of] p2a: Landorus
|faint|p1a: Lunala
|
|upkeep
|c|☆Bka Onon|lol
|
|t:|1667233934
|switch|p1a: Spectrier|Spectrier|100/100
|-damage|p1a: Spectrier|88/100|[from] Stealth Rock
|turn|22
|
|t:|1667233940
|move|p2a: Landorus|Knock Off|p1a: Spectrier
|-supereffective|p1a: Spectrier
|-damage|p1a: Spectrier|0 fnt
|-enditem|p1a: Spectrier|Leftovers|[from] move: Knock Off|[of] p2a: Landorus
|faint|p1a: Spectrier
|
|upkeep
|c|☆Bka Onon|o.O its scarf
|
|t:|1667233946
|switch|p1a: Arceus|Arceus-Ghost|100/100
|-damage|p1a: Arceus|88/100|[from] Stealth Rock
|turn|23
|
|t:|1667233951
|move|p2a: Landorus|Knock Off|p1a: Arceus
|-supereffective|p1a: Arceus
|-damage|p1a: Arceus|53/100
|move|p1a: Arceus|Recover|p1a: Arceus
|-heal|p1a: Arceus|100/100
|
|upkeep
|turn|24
|
|t:|1667233959
|switch|p2a: Garchomp|Garchomp, F|100/100
|-damage|p2a: Garchomp|94/100|[from] Stealth Rock
|move|p1a: Arceus|Swords Dance|p1a: Arceus
|-boost|p1a: Arceus|atk|2
|
|upkeep
|turn|25
|
|t:|1667233967
|-zpower|p1a: Arceus
|move|p1a: Arceus|Never-Ending Nightmare|p2a: Garchomp|[zeffect]
|-damage|p2a: Garchomp|0 fnt
|faint|p2a: Garchomp
|
|upkeep
|
|t:|1667233975
|switch|p2a: Hippowdon|Hippowdon, M|88/100 brn
|-damage|p2a: Hippowdon|82/100 brn|[from] Stealth Rock
|-weather|Sandstorm|[from] ability: Sand Stream|[of] p2a: Hippowdon
|turn|26
|
|t:|1667233986
|move|p1a: Arceus|Shadow Force||[still]
|-prepare|p1a: Arceus|Shadow Force
|move|p2a: Hippowdon|Fire Fang|p1a: Arceus|[miss]
|-miss|p2a: Hippowdon|p1a: Arceus
|
|-weather|Sandstorm|[upkeep]
|-damage|p1a: Arceus|94/100|[from] Sandstorm
|-damage|p2a: Hippowdon|76/100 brn|[from] brn
|upkeep
|turn|27
|
|t:|1667233993
|move|p1a: Arceus|Shadow Force|p2a: Hippowdon|[from]lockedmove
|-damage|p2a: Hippowdon|19/100 brn
|move|p2a: Hippowdon|Fire Fang|p1a: Arceus|[miss]
|-miss|p2a: Hippowdon|p1a: Arceus
|
|-weather|Sandstorm|[upkeep]
|-damage|p1a: Arceus|88/100|[from] Sandstorm
|-damage|p2a: Hippowdon|12/100 brn|[from] brn
|upkeep
|turn|28
|
|t:|1667234004
|move|p1a: Arceus|Earthquake|p2a: Hippowdon
|-damage|p2a: Hippowdon|0 fnt
|faint|p2a: Hippowdon
|
|-weather|Sandstorm|[upkeep]
|-damage|p1a: Arceus|82/100|[from] Sandstorm
|upkeep
|
|t:|1667234010
|switch|p2a: Excadrill|Excadrill, F|94/100 brn
|-damage|p2a: Excadrill|91/100 brn|[from] Stealth Rock
|turn|29
|
|t:|1667234014
|move|p2a: Excadrill|Rock Slide|p1a: Arceus
|-damage|p1a: Arceus|72/100
|move|p1a: Arceus|Earthquake|p2a: Excadrill
|-supereffective|p2a: Excadrill
|-crit|p2a: Excadrill
|-damage|p2a: Excadrill|0 fnt
|faint|p2a: Excadrill
|
|-weather|Sandstorm|[upkeep]
|-damage|p1a: Arceus|66/100|[from] Sandstorm
|upkeep
|j| Jawsome1223
|
|t:|1667234024
|switch|p2a: Landorus|Landorus-Therian, M|88/100
|-damage|p2a: Landorus|76/100|[from] Stealth Rock
|-ability|p2a: Landorus|Intimidate|boost
|-unboost|p1a: Arceus|atk|1
|turn|30
|
|t:|1667234029
|move|p2a: Landorus|Knock Off|p1a: Arceus
|-supereffective|p1a: Arceus
|-damage|p1a: Arceus|29/100
|move|p1a: Arceus|Shadow Force||[still]
|-prepare|p1a: Arceus|Shadow Force
|
|-weather|none
|upkeep
|turn|31
|c|☆Bka Onon|gg
|
|t:|1667234035
|move|p2a: Landorus|Knock Off|p1a: Arceus|[miss]
|-miss|p2a: Landorus|p1a: Arceus
|move|p1a: Arceus|Shadow Force|p2a: Landorus|[from]lockedmove
|-damage|p2a: Landorus|2/100
|
|upkeep
|turn|32
|
|t:|1667234040
|move|p2a: Landorus|Knock Off|p1a: Arceus
|-supereffective|p1a: Arceus
|-damage|p1a: Arceus|0 fnt
|faint|p1a: Arceus
|
|upkeep
|
|t:|1667234042
|switch|p1a: Blacephalon|Blacephalon|100/100
|-damage|p1a: Blacephalon|76/100|[from] Stealth Rock
|turn|33
|
|t:|1667234047
|move|p1a: Blacephalon|Mind Blown|p2a: Landorus
|-damage|p2a: Landorus|0 fnt
|-damage|p1a: Blacephalon|26/100|[from] mindblown
|faint|p2a: Landorus
|
|win|Bka Onon
|n|☆Bka Onon|bkaonon
|n|☆Ghosterol|ghosterol
|n| Jawsome1223|jawsome1223
