|j|☆Flamestorm99999
|j|☆RUiNtheExtinct
|t:|1645332774
|gametype|singles
|player|p1|Flamestorm99999|hilbert-wonderlauncher|1521
|player|p2|RUiNtheExtinct|red-gen7|1688
|teamsize|p1|6
|teamsize|p2|6
|gen|8
|tier|[Gen 8] National Dex AG
|rated|
|rule|HP Percentage Mod: HP is shown in percentages
|rule|Endless Battle Clause: Forcing endless battles is banned
|clearpoke
|poke|p1|Lucario, M|
|poke|p1|Haxorus, M|
|poke|p1|Hatterene, F|
|poke|p1|Landorus-Therian, M|
|poke|p1|Calyrex-Ice|
|poke|p1|Ditto|
|poke|p2|Ditto|
|poke|p2|Arceus-*|
|poke|p2|Groudon|
|poke|p2|Rayquaza|
|poke|p2|Zygarde|
|poke|p2|Arceus-*|
|teampreview
|inactive|Battle timer is ON: inactive players will automatically lose when time's up. (requested by Flamestorm99999)
|
|t:|1645332787
|start
|switch|p1a: Ditto|Ditto, shiny|100/100
|switch|p2a: Zygarde|Zygarde|100/100
|-transform|p1a: Ditto|p2a: Zygarde|[from] ability: Imposter
|turn|1
|
|t:|1645332795
|move|p1a: Ditto|Coil|p1a: Ditto
|-boost|p1a: Ditto|atk|1
|-boost|p1a: Ditto|def|1
|-boost|p1a: Ditto|accuracy|1
|move|p2a: Zygarde|Glare|p1a: Ditto
|-status|p1a: Ditto|par
|-enditem|p1a: Ditto|Lum Berry|[eat]
|-curestatus|p1a: Ditto|par|[msg]
|
|upkeep
|turn|2
|
|t:|1645332805
|move|p2a: Zygarde|Glare|p1a: Ditto
|-status|p1a: Ditto|par
|move|p1a: Ditto|Glare|p2a: Zygarde
|-status|p2a: Zygarde|par
|
|upkeep
|turn|3
|
|t:|1645332811
|move|p2a: Zygarde|Coil|p2a: Zygarde
|-boost|p2a: Zygarde|atk|1
|-boost|p2a: Zygarde|def|1
|-boost|p2a: Zygarde|accuracy|1
|move|p1a: Ditto|Coil|p1a: Ditto
|-boost|p1a: Ditto|atk|1
|-boost|p1a: Ditto|def|1
|-boost|p1a: Ditto|accuracy|1
|
|upkeep
|turn|4
|
|t:|1645332817
|move|p1a: Ditto|Coil|p1a: Ditto
|-boost|p1a: Ditto|atk|1
|-boost|p1a: Ditto|def|1
|-boost|p1a: Ditto|accuracy|1
|move|p2a: Zygarde|Coil|p2a: Zygarde
|-boost|p2a: Zygarde|atk|1
|-boost|p2a: Zygarde|def|1
|-boost|p2a: Zygarde|accuracy|1
|
|upkeep
|turn|5
|c|☆Flamestorm99999|this is dumb...
|
|t:|1645332829
|move|p2a: Zygarde|Coil|p2a: Zygarde
|-boost|p2a: Zygarde|atk|1
|-boost|p2a: Zygarde|def|1
|-boost|p2a: Zygarde|accuracy|1
|move|p1a: Ditto|Coil|p1a: Ditto
|-boost|p1a: Ditto|atk|1
|-boost|p1a: Ditto|def|1
|-boost|p1a: Ditto|accuracy|1
|
|upkeep
|turn|6
|c|☆RUiNtheExtinct|ya
|
|t:|1645332837
|cant|p1a: Ditto|par
|move|p2a: Zygarde|Coil|p2a: Zygarde
|-boost|p2a: Zygarde|atk|1
|-boost|p2a: Zygarde|def|1
|-boost|p2a: Zygarde|accuracy|1
|
|upkeep
|turn|7
|
|t:|1645332863
|cant|p1a: Ditto|par
|move|p2a: Zygarde|Coil|p2a: Zygarde
|-boost|p2a: Zygarde|atk|1
|-boost|p2a: Zygarde|def|1
|-boost|p2a: Zygarde|accuracy|1
|
|upkeep
|turn|8
|
|t:|1645332873
|move|p1a: Ditto|Coil|p1a: Ditto
|-boost|p1a: Ditto|atk|1
|-boost|p1a: Ditto|def|1
|-boost|p1a: Ditto|accuracy|1
|move|p2a: Zygarde|Coil|p2a: Zygarde
|-boost|p2a: Zygarde|atk|1
|-boost|p2a: Zygarde|def|1
|-boost|p2a: Zygarde|accuracy|1
|
|upkeep
|turn|9
|
|t:|1645332893
|-start|p1a: Ditto|Dynamax
|-heal|p1a: Ditto|100/100 par|[silent]
|move|p1a: Ditto|Max Quake|p2a: Zygarde
|-damage|p2a: Zygarde|68/100 par
|-boost|p1a: Ditto|spd|1
|move|p2a: Zygarde|Thousand Arrows|p1a: Ditto
|-damage|p1a: Ditto|81/100 par
|
|-heal|p2a: Zygarde|74/100 par|[from] item: Leftovers
|upkeep
|turn|10
|
|t:|1645332906
|move|p1a: Ditto|Max Quake|p2a: Zygarde
|-damage|p2a: Zygarde|42/100 par
|-boost|p1a: Ditto|spd|1
|move|p2a: Zygarde|Thousand Arrows|p1a: Ditto
|-damage|p1a: Ditto|62/100 par
|
|-heal|p2a: Zygarde|48/100 par|[from] item: Leftovers
|-activate|p2a: Zygarde|ability: Power Construct
|detailschange|p2a: Zygarde|Zygarde-Complete
|-heal|p2a: Zygarde|66/100 par|[silent]
|upkeep
|turn|11
|
|t:|1645332920
|move|p1a: Ditto|Max Quake|p2a: Zygarde
|-damage|p2a: Zygarde|45/100 par
|-boost|p1a: Ditto|spd|1
|move|p2a: Zygarde|Rest|p2a: Zygarde
|-status|p2a: Zygarde|slp|[from] move: Rest
|-heal|p2a: Zygarde|100/100 slp|[silent]
|
|-end|p1a: Ditto|Dynamax
|-heal|p1a: Ditto|62/100 par|[silent]
|upkeep
|turn|12
|
|t:|1645332930
|cant|p2a: Zygarde|slp
|move|p1a: Ditto|Rest|p1a: Ditto
|-status|p1a: Ditto|slp|[from] move: Rest
|-heal|p1a: Ditto|100/100 slp|[silent]
|
|upkeep
|turn|13
|c|☆Flamestorm99999|oh god, this is gonna take a while..
|c|☆Flamestorm99999|wait..
|c|☆Flamestorm99999|oh nvm
|inactive|Flamestorm99999 has 120 seconds left.
|c|☆RUiNtheExtinct|?
|
|t:|1645332959
|switch|p1a: Apex|Haxorus, M, shiny|100/100
|cant|p2a: Zygarde|slp
|
|upkeep
|turn|14
|c|☆Flamestorm99999|screw
|c|☆Flamestorm99999|it
|
|t:|1645332970
|move|p1a: Apex|Guillotine|p2a: Zygarde|[miss]
|-miss|p1a: Apex|p2a: Zygarde
|-curestatus|p2a: Zygarde|slp|[msg]
|move|p2a: Zygarde|Glare|p1a: Apex
|-status|p1a: Apex|par
|
|upkeep
|turn|15
|
|t:|1645332978
|move|p2a: Zygarde|Thousand Arrows|p1a: Apex
|-crit|p1a: Apex
|-damage|p1a: Apex|0 fnt
|faint|p1a: Apex
|
|upkeep
|
|t:|1645332987
|switch|p1a: Landorus|Landorus-Therian, M, shiny|100/100
|-ability|p1a: Landorus|Intimidate|boost
|-unboost|p2a: Zygarde|atk|1
|turn|16
|
|t:|1645332993
|move|p1a: Landorus|Bulldoze|p2a: Zygarde
|-damage|p2a: Zygarde|97/100
|-unboost|p2a: Zygarde|spe|1
|move|p2a: Zygarde|Glare|p1a: Landorus
|-status|p1a: Landorus|par
|
|-heal|p2a: Zygarde|100/100|[from] item: Leftovers
|upkeep
|turn|17
|
|t:|1645333006
|cant|p1a: Landorus|par
|move|p2a: Zygarde|Coil|p2a: Zygarde
|-boost|p2a: Zygarde|atk|1
|-boost|p2a: Zygarde|def|0
|-boost|p2a: Zygarde|accuracy|0
|
|upkeep
|turn|18
|
|t:|1645333012
|move|p1a: Landorus|Knock Off|p2a: Zygarde
|-damage|p2a: Zygarde|97/100
|-enditem|p2a: Zygarde|Leftovers|[from] move: Knock Off|[of] p1a: Landorus
|move|p2a: Zygarde|Thousand Arrows|p1a: Landorus
|-damage|p1a: Landorus|0 fnt
|faint|p1a: Landorus
|
|upkeep
|
|t:|1645333022
|switch|p1a: Hatterene|Hatterene, F, shiny|100/100
|turn|19
|
|t:|1645333032
|move|p2a: Zygarde|Thousand Arrows|p1a: Hatterene
|-damage|p1a: Hatterene|0 fnt
|faint|p1a: Hatterene
|
|upkeep
|
|t:|1645333042
|switch|p1a: Calyrex|Calyrex-Ice|100/100
|-ability|p1a: Calyrex|As One
|-ability|p1a: Calyrex|Unnerve
|turn|20
|
|t:|1645333050
|move|p2a: Zygarde|Thousand Arrows|p1a: Calyrex
|-damage|p1a: Calyrex|7/100
|move|p1a: Calyrex|Glacial Lance|p2a: Zygarde
|-supereffective|p2a: Zygarde
|-damage|p2a: Zygarde|54/100
|
|upkeep
|turn|21
|
|t:|1645333057
|move|p2a: Zygarde|Thousand Arrows|p1a: Calyrex
|-damage|p1a: Calyrex|0 fnt
|faint|p1a: Calyrex
|
|upkeep
|
|t:|1645333062
|switch|p1a: Ditto|Ditto, shiny|100/100 slp
|-transform|p1a: Ditto|p2a: Zygarde|[from] ability: Imposter
|turn|22
|c|☆RUiNtheExtinct|gg
|
|t:|1645333069
|cant|p1a: Ditto|slp
|move|p2a: Zygarde|Rest|p2a: Zygarde
|-status|p2a: Zygarde|slp|[from] move: Rest
|-heal|p2a: Zygarde|100/100 slp|[silent]
|
|upkeep
|turn|23
|
|t:|1645333076
|cant|p2a: Zygarde|slp
|cant|p1a: Ditto|slp
|
|upkeep
|turn|24
|
|t:|1645333080
|cant|p2a: Zygarde|slp
|-curestatus|p1a: Ditto|slp|[msg]
|move|p1a: Ditto|Thousand Arrows|p2a: Zygarde
|-damage|p2a: Zygarde|84/100 slp
|
|upkeep
|turn|25
|
|t:|1645333090
|-curestatus|p2a: Zygarde|slp|[msg]
|move|p2a: Zygarde|Glare|p1a: Ditto
|-status|p1a: Ditto|par
|cant|p1a: Ditto|par
|
|upkeep
|turn|26
|
|t:|1645333099
|-start|p2a: Zygarde|Dynamax
|-heal|p2a: Zygarde|84/100|[silent]
|move|p2a: Zygarde|Max Quake|p1a: Ditto
|-damage|p1a: Ditto|50/100 par
|-boost|p2a: Zygarde|spd|1
|move|p1a: Ditto|Glare|p2a: Zygarde
|-status|p2a: Zygarde|par
|
|upkeep
|turn|27
|
|t:|1645333110
|move|p2a: Zygarde|Max Quake|p1a: Ditto
|-damage|p1a: Ditto|3/100 par
|-boost|p2a: Zygarde|spd|1
|move|p1a: Ditto|Rest|p1a: Ditto
|-status|p1a: Ditto|slp|[from] move: Rest
|-heal|p1a: Ditto|100/100 slp|[silent]
|
|upkeep
|turn|28
|
|t:|1645333118
|cant|p1a: Ditto|slp
|cant|p2a: Zygarde|par
|
|-end|p2a: Zygarde|Dynamax
|-heal|p2a: Zygarde|84/100 par|[silent]
|upkeep
|turn|29
|
|t:|1645333128
|switch|p2a: Arceus|Arceus-Dark|100/100
|cant|p1a: Ditto|slp
|
|upkeep
|turn|30
|
|t:|1645333134
|move|p2a: Arceus|Whirlpool|p1a: Ditto
|-crit|p1a: Ditto
|-damage|p1a: Ditto|79/100 slp
|-activate|p1a: Ditto|move: Whirlpool|[of] p2a: Arceus
|-curestatus|p1a: Ditto|slp|[msg]
|move|p1a: Ditto|Glare|p2a: Arceus
|-status|p2a: Arceus|par
|
|-damage|p1a: Ditto|67/100|[from] move: Whirlpool|[partiallytrapped]
|upkeep
|turn|31
|
|t:|1645333144
|move|p2a: Arceus|Perish Song|p2a: Arceus
|-start|p1a: Ditto|perish3|[silent]
|-start|p2a: Arceus|perish3|[silent]
|-fieldactivate|move: Perish Song
|move|p1a: Ditto|Thousand Arrows|p2a: Arceus
|-damage|p2a: Arceus|1/100 par
|
|-damage|p1a: Ditto|54/100|[from] move: Whirlpool|[partiallytrapped]
|-start|p2a: Arceus|perish3
|-start|p1a: Ditto|perish3
|upkeep
|turn|32
|
|t:|1645333154
|move|p2a: Arceus|Judgment|p1a: Ditto
|-damage|p1a: Ditto|0 fnt
|faint|p1a: Ditto
|
|-start|p2a: Arceus|perish2
|upkeep
|
|t:|1645333163
|switch|p1a: Luke|Lucario, M, shiny|100/100
|turn|33
|
|t:|1645333168
|switch|p2a: Zygarde|Zygarde-Complete|84/100 par
|detailschange|p1a: Luke|Lucario-Mega, M, shiny
|-mega|p1a: Luke|Lucario|Lucarionite
|move|p1a: Luke|Work Up|p1a: Luke
|-boost|p1a: Luke|atk|1
|-boost|p1a: Luke|spa|1
|
|upkeep
|turn|34
|
|t:|1645333175
|move|p1a: Luke|Aura Sphere|p2a: Zygarde
|-damage|p2a: Zygarde|39/100 par
|move|p2a: Zygarde|Thousand Arrows|p1a: Luke
|-supereffective|p1a: Luke
|-damage|p1a: Luke|11/100
|
|upkeep
|turn|35
|
|t:|1645333185
|switch|p2a: Rayquaza|Rayquaza|100/100
|-ability|p2a: Rayquaza|Air Lock
|move|p1a: Luke|Aura Sphere|p2a: Rayquaza
|-resisted|p2a: Rayquaza
|-damage|p2a: Rayquaza|56/100
|
|upkeep
|turn|36
|
|t:|1645333193
|detailschange|p2a: Rayquaza|Rayquaza-Mega
|-mega|p2a: Rayquaza|Rayquaza|
|-weather|DeltaStream|[from] ability: Delta Stream|[of] p2a: Rayquaza
|move|p2a: Rayquaza|Extreme Speed|p1a: Luke
|-resisted|p1a: Luke
|-damage|p1a: Luke|0 fnt
|faint|p1a: Luke
|-damage|p2a: Rayquaza|46/100|[from] item: Life Orb
|
|win|RUiNtheExtinct
|raw|Flamestorm99999's rating: 1521 &rarr; <strong>1510</strong><br />(-11 for losing)
|raw|RUiNtheExtinct's rating: 1688 &rarr; <strong>1699</strong><br />(+11 for winning)
|l|☆Flamestorm99999
