|j|☆YLong
|j|☆ddwjdf
|t:|1668926444
|gametype|singles
|player|p1|YLong|darach-caitlin|
|player|p2|ddwjdf|roxie|
|teamsize|p1|6
|teamsize|p2|6
|gen|8
|tier|[Gen 8] National Dex AG
|rule|HP Percentage Mod: HP is shown in percentages
|rule|Endless Battle Clause: Forcing endless battles is banned
|clearpoke
|poke|p1|Victini|
|poke|p1|Altaria, M|
|poke|p1|Slurpuff, M|
|poke|p1|Minior-Indigo|
|poke|p1|Donphan, F|
|poke|p1|Ribombee, F|
|poke|p2|Porygon-Z|
|poke|p2|Staraptor, M|
|poke|p2|Chansey, F|
|poke|p2|Kecleon, F|
|poke|p2|Lopunny, F|
|poke|p2|Ditto|
|teampreview
|
|t:|1668926463
|start
|switch|p1a: Donphan|Donphan, F|100/100
|switch|p2a: Porygon-Z|Porygon-Z|100/100
|turn|1
|
|t:|1668926490
|switch|p2a: Staraptor|Staraptor, M|100/100
|-ability|p2a: Staraptor|Intimidate|boost
|-unboost|p1a: Donphan|atk|1
|move|p1a: Donphan|Knock Off|p2a: Staraptor
|-damage|p2a: Staraptor|86/100
|-enditem|p2a: Staraptor|Heavy-Duty Boots|[from] move: Knock Off|[of] p1a: Donphan
|
|upkeep
|turn|2
|
|t:|1668926534
|move|p2a: Staraptor|Roost|p2a: Staraptor
|-heal|p2a: Staraptor|100/100
|-singleturn|p2a: Staraptor|move: Roost
|move|p1a: Donphan|Toxic|p2a: Staraptor
|-status|p2a: Staraptor|tox
|
|-damage|p2a: Staraptor|94/100 tox|[from] psn
|upkeep
|turn|3
|
|t:|1668926544
|move|p2a: Staraptor|U-turn|p1a: Donphan
|-damage|p1a: Donphan|90/100
|
|t:|1668926564
|switch|p2a: Chansey|Chansey, F|100/100|[from]move: U-turn
|move|p1a: Donphan|Stealth Rock|p2a: Chansey
|-sidestart|p2: ddwjdf|move: Stealth Rock
|
|-heal|p1a: Donphan|96/100|[from] item: Leftovers
|upkeep
|turn|4
|c|☆ddwjdf|坏，感觉不好打你
|
|t:|1668926591
|switch|p1a: Ribombee|Ribombee, F|100/100
|move|p2a: Chansey|Stealth Rock|p1a: Ribombee
|-sidestart|p1: YLong|move: Stealth Rock
|
|upkeep
|turn|5
|
|t:|1668926601
|move|p1a: Ribombee|Sticky Web|p2a: Chansey
|-sidestart|p2: ddwjdf|move: Sticky Web
|move|p2a: Chansey|Teleport|p2a: Chansey
|
|t:|1668926604
|switch|p2a: Staraptor|Staraptor, M|94/100 tox|[from]move: Teleport
|-damage|p2a: Staraptor|69/100 tox|[from] Stealth Rock
|-ability|p2a: Staraptor|Intimidate|boost
|-unboost|p1a: Ribombee|atk|1
|
|-damage|p2a: Staraptor|63/100 tox|[from] psn
|upkeep
|turn|6
|
|t:|1668926614
|switch|p1a: Donphan|Donphan, F|96/100
|-damage|p1a: Donphan|90/100|[from] Stealth Rock
|move|p2a: Staraptor|Defog|p1a: Donphan
|-unboost|p1a: Donphan|evasion|1
|-sideend|p1: YLong|Stealth Rock|[from] move: Defog|[of] p2a: Staraptor
|-sideend|p2: ddwjdf|Stealth Rock|[from] move: Defog|[of] p2a: Staraptor
|-sideend|p2: ddwjdf|Sticky Web|[from] move: Defog|[of] p2a: Staraptor
|
|-heal|p1a: Donphan|96/100|[from] item: Leftovers
|-damage|p2a: Staraptor|51/100 tox|[from] psn
|upkeep
|turn|7
|
|t:|1668926626
|move|p2a: Staraptor|Roost|p2a: Staraptor
|-heal|p2a: Staraptor|100/100 tox
|-singleturn|p2a: Staraptor|move: Roost
|move|p1a: Donphan|Stealth Rock|p2a: Staraptor
|-sidestart|p2: ddwjdf|move: Stealth Rock
|
|-heal|p1a: Donphan|100/100|[from] item: Leftovers
|-damage|p2a: Staraptor|82/100 tox|[from] psn
|upkeep
|turn|8
|
|t:|1668926640
|move|p2a: Staraptor|U-turn|p1a: Donphan
|-damage|p1a: Donphan|89/100
|
|t:|1668926655
|switch|p2a: Chansey|Chansey, F|100/100|[from]move: U-turn
|-damage|p2a: Chansey|88/100|[from] Stealth Rock
|move|p1a: Donphan|Rapid Spin|p2a: Chansey
|-damage|p2a: Chansey|80/100
|-boost|p1a: Donphan|spe|1
|
|-heal|p1a: Donphan|96/100|[from] item: Leftovers
|upkeep
|turn|9
|
|t:|1668926680
|switch|p2a: Lopunny|Lopunny, F|100/100
|-damage|p2a: Lopunny|88/100|[from] Stealth Rock
|move|p1a: Donphan|Knock Off|p2a: Lopunny
|-damage|p2a: Lopunny|62/100
|
|-heal|p1a: Donphan|100/100|[from] item: Leftovers
|upkeep
|turn|10
|
|t:|1668926690
|switch|p1a: Ribombee|Ribombee, F|100/100
|move|p2a: Lopunny|Fake Out|p1a: Ribombee
|-damage|p1a: Ribombee|73/100
|
|upkeep
|turn|11
|
|t:|1668926721
|detailschange|p2a: Lopunny|Lopunny-Mega, F
|-mega|p2a: Lopunny|Lopunny|Lopunnite
|move|p2a: Lopunny|Return|p1a: Ribombee
|-damage|p1a: Ribombee|0 fnt
|faint|p1a: Ribombee
|
|upkeep
|
|t:|1668926734
|switch|p1a: Victini|Victini|100/100
|turn|12
|
|t:|1668926745
|switch|p2a: Staraptor|Staraptor, M|82/100 tox
|-damage|p2a: Staraptor|57/100 tox|[from] Stealth Rock
|-ability|p2a: Staraptor|Intimidate|boost
|-unboost|p1a: Victini|atk|1
|move|p1a: Victini|Brick Break|p2a: Staraptor
|-damage|p2a: Staraptor|47/100 tox
|
|-damage|p2a: Staraptor|41/100 tox|[from] psn
|upkeep
|turn|13
|
|t:|1668926757
|switch|p1a: Donphan|Donphan, F|100/100
|move|p2a: Staraptor|Defog|p1a: Donphan
|-unboost|p1a: Donphan|evasion|1
|-sideend|p2: ddwjdf|Stealth Rock|[from] move: Defog|[of] p2a: Staraptor
|
|-damage|p2a: Staraptor|29/100 tox|[from] psn
|upkeep
|turn|14
|
|t:|1668926766
|move|p2a: Staraptor|U-turn|p1a: Donphan
|-damage|p1a: Donphan|90/100
|
|t:|1668926792
|switch|p2a: Ditto|Ditto|100/100|[from]move: U-turn
|-transform|p2a: Ditto|p1a: Donphan|[from] ability: Imposter
|move|p1a: Donphan|Stealth Rock|p2a: Ditto
|-sidestart|p2: ddwjdf|move: Stealth Rock
|
|-heal|p1a: Donphan|96/100|[from] item: Leftovers
|upkeep
|turn|15
|
|t:|1668926804
|move|p2a: Ditto|Toxic|p1a: Donphan
|-status|p1a: Donphan|tox
|move|p1a: Donphan|Toxic|p2a: Ditto
|-status|p2a: Ditto|tox
|
|-heal|p1a: Donphan|100/100 tox|[from] item: Leftovers
|-damage|p2a: Ditto|94/100 tox|[from] psn
|-damage|p1a: Donphan|94/100 tox|[from] psn
|upkeep
|turn|16
|
|t:|1668926819
|switch|p2a: Lopunny|Lopunny-Mega, F|62/100
|-damage|p2a: Lopunny|56/100|[from] Stealth Rock
|move|p1a: Donphan|Knock Off|p2a: Lopunny
|-resisted|p2a: Lopunny
|-damage|p2a: Lopunny|45/100
|
|-heal|p1a: Donphan|100/100 tox|[from] item: Leftovers
|-damage|p1a: Donphan|88/100 tox|[from] psn
|upkeep
|turn|17
|
|t:|1668926832
|move|p2a: Lopunny|Fake Out|p1a: Donphan
|-damage|p1a: Donphan|76/100 tox
|cant|p1a: Donphan|flinch
|
|-heal|p1a: Donphan|82/100 tox|[from] item: Leftovers
|-damage|p1a: Donphan|64/100 tox|[from] psn
|upkeep
|turn|18
|
|t:|1668926856
|switch|p1a: Victini|Victini|100/100
|move|p2a: Lopunny|Close Combat|p1a: Victini
|-resisted|p1a: Victini
|-damage|p1a: Victini|71/100
|-unboost|p2a: Lopunny|def|1
|-unboost|p2a: Lopunny|spd|1
|
|upkeep
|turn|19
|
|t:|1668926870
|switch|p2a: Staraptor|Staraptor, M|29/100 tox
|-damage|p2a: Staraptor|4/100 tox|[from] Stealth Rock
|-ability|p2a: Staraptor|Intimidate|boost
|-unboost|p1a: Victini|atk|1
|move|p1a: Victini|Fusion Bolt|p2a: Staraptor
|-supereffective|p2a: Staraptor
|-damage|p2a: Staraptor|0 fnt
|faint|p2a: Staraptor
|
|upkeep
|
|t:|1668926893
|switch|p2a: Porygon-Z|Porygon-Z|100/100
|-damage|p2a: Porygon-Z|88/100|[from] Stealth Rock
|turn|20
|
|t:|1668926907
|switch|p1a: Donphan|Donphan, F|64/100 tox
|-zpower|p2a: Porygon-Z
|move|p2a: Porygon-Z|Z-Conversion|p2a: Porygon-Z|[anim]Conversion
|-boost|p2a: Porygon-Z|atk|1|[zeffect]
|-boost|p2a: Porygon-Z|def|1|[zeffect]
|-boost|p2a: Porygon-Z|spa|1|[zeffect]
|-boost|p2a: Porygon-Z|spd|1|[zeffect]
|-boost|p2a: Porygon-Z|spe|1|[zeffect]
|-start|p2a: Porygon-Z|typechange|Ghost
|
|-heal|p1a: Donphan|70/100 tox|[from] item: Leftovers
|-damage|p1a: Donphan|64/100 tox|[from] psn
|upkeep
|turn|21
|
|t:|1668926921
|move|p2a: Porygon-Z|Shadow Ball|p1a: Donphan
|-damage|p1a: Donphan|0 fnt
|faint|p1a: Donphan
|
|upkeep
|
|t:|1668926928
|switch|p1a: Minior|Minior-Indigo|100/100
|-formechange|p1a: Minior|Minior-Meteor||[from] ability: Shields Down
|turn|22
|
|t:|1668926938
|move|p2a: Porygon-Z|Thunderbolt|p1a: Minior
|-supereffective|p1a: Minior
|-enditem|p1a: Minior|Focus Sash
|-damage|p1a: Minior|1/100
|move|p1a: Minior|Shell Smash|p1a: Minior
|-unboost|p1a: Minior|def|1
|-unboost|p1a: Minior|spd|1
|-boost|p1a: Minior|atk|2
|-boost|p1a: Minior|spa|2
|-boost|p1a: Minior|spe|2
|
|-formechange|p1a: Minior|Minior-Indigo||[from] ability: Shields Down
|upkeep
|turn|23
|
|t:|1668926952
|move|p1a: Minior|Acrobatics|p2a: Porygon-Z
|-damage|p2a: Porygon-Z|0 fnt
|faint|p2a: Porygon-Z
|
|upkeep
|
|t:|1668926966
|switch|p2a: Ditto|Ditto|94/100 tox
|-damage|p2a: Ditto|82/100 tox|[from] Stealth Rock
|-transform|p2a: Ditto|p1a: Minior|[from] ability: Imposter
|turn|24
|
|t:|1668926975
|move|p2a: Ditto|Rock Slide|p1a: Minior
|-supereffective|p1a: Minior
|-damage|p1a: Minior|0 fnt
|faint|p1a: Minior
|
|-damage|p2a: Ditto|76/100 tox|[from] psn
|upkeep
|
|t:|1668926989
|switch|p1a: Altaria|Altaria, M|100/100
|-ability|p1a: Altaria|Cloud Nine
|turn|25
|
|t:|1668926999
|detailschange|p1a: Altaria|Altaria-Mega, M
|-mega|p1a: Altaria|Altaria|Altarianite
|move|p2a: Ditto|Rock Slide|p1a: Altaria
|-damage|p1a: Altaria|30/100
|move|p1a: Altaria|Return|p2a: Ditto
|-damage|p2a: Ditto|0 fnt
|faint|p2a: Ditto
|
|upkeep
|
|t:|1668927008
|switch|p2a: Lopunny|Lopunny-Mega, F|45/100
|-damage|p2a: Lopunny|39/100|[from] Stealth Rock
|turn|26
|
|t:|1668927021
|move|p2a: Lopunny|Fake Out|p1a: Altaria
|-damage|p1a: Altaria|8/100
|cant|p1a: Altaria|flinch
|
|upkeep
|turn|27
|
|t:|1668927027
|move|p2a: Lopunny|Power-Up Punch|p1a: Altaria
|-resisted|p1a: Altaria
|-damage|p1a: Altaria|0 fnt
|-boost|p2a: Lopunny|atk|1
|faint|p1a: Altaria
|
|upkeep
|
|t:|1668927031
|switch|p1a: Victini|Victini|71/100
|turn|28
|
|t:|1668927050
|move|p1a: Victini|Brick Break|p2a: Lopunny
|-supereffective|p2a: Lopunny
|-damage|p2a: Lopunny|0 fnt
|faint|p2a: Lopunny
|
|upkeep
|
|t:|1668927052
|switch|p2a: Kecleon|Kecleon, F|100/100
|-damage|p2a: Kecleon|88/100|[from] Stealth Rock
|turn|29
|
|t:|1668927060
|switch|p1a: Slurpuff|Slurpuff, M|100/100
|move|p2a: Kecleon|Shadow Sneak|p1a: Slurpuff
|-start|p2a: Kecleon|typechange|Ghost|[from] ability: Protean
|-damage|p1a: Slurpuff|77/100
|
|upkeep
|turn|30
|
|t:|1668927072
|move|p1a: Slurpuff|Play Rough|p2a: Kecleon
|-damage|p2a: Kecleon|40/100
|move|p2a: Kecleon|Iron Tail|p1a: Slurpuff|[miss]
|-start|p2a: Kecleon|typechange|Steel|[from] ability: Protean
|-miss|p2a: Kecleon|p1a: Slurpuff
|
|upkeep
|turn|31
|c|☆ddwjdf|……草
|
|t:|1668927085
|move|p1a: Slurpuff|Drain Punch|p2a: Kecleon
|-supereffective|p2a: Kecleon
|-damage|p2a: Kecleon|0 fnt
|-heal|p1a: Slurpuff|98/100|[from] drain|[of] p2a: Kecleon
|faint|p2a: Kecleon
|
|upkeep
|
|t:|1668927091
|switch|p2a: Chansey|Chansey, F|80/100
|-damage|p2a: Chansey|67/100|[from] Stealth Rock
|turn|32
|
|t:|1668927096
|move|p1a: Slurpuff|Drain Punch|p2a: Chansey
|-supereffective|p2a: Chansey
|-damage|p2a: Chansey|44/100
|-heal|p1a: Slurpuff|100/100|[from] drain|[of] p2a: Chansey
|move|p2a: Chansey|Soft-Boiled|p2a: Chansey
|-heal|p2a: Chansey|94/100
|
|upkeep
|turn|33
|
|t:|1668927105
|move|p1a: Slurpuff|Belly Drum|p1a: Slurpuff
|-damage|p1a: Slurpuff|50/100
|-setboost|p1a: Slurpuff|atk|6|[from] move: Belly Drum
|-enditem|p1a: Slurpuff|Sitrus Berry|[eat]
|-heal|p1a: Slurpuff|75/100|[from] item: Sitrus Berry
|move|p2a: Chansey|Seismic Toss|p1a: Slurpuff
|-damage|p1a: Slurpuff|43/100
|
|upkeep
|turn|34
|c|☆ddwjdf|这下真寄了
|
|t:|1668927115
|move|p1a: Slurpuff|Drain Punch|p2a: Chansey
|-supereffective|p2a: Chansey
|-damage|p2a: Chansey|0 fnt
|-heal|p1a: Slurpuff|100/100|[from] drain|[of] p2a: Chansey
|faint|p2a: Chansey
|
|win|YLong
