|j|‽Reincarnation of …
|j|☆pooopkidke
|t:|1665737806
|gametype|singles
|player|p1|Reincarnation of …|blue-gen3two|1108
|player|p2|pooopkidke|caitlin|1091
|teamsize|p1|6
|teamsize|p2|6
|gen|8
|tier|[Gen 8] National Dex AG
|rated|
|rule|HP Percentage Mod: HP is shown in percentages
|rule|Endless Battle Clause: Forcing endless battles is banned
|clearpoke
|poke|p1|Ferrothorn, M|
|poke|p1|Arceus-*|
|poke|p1|Arceus-*|
|poke|p1|Necrozma-Dusk-Mane|
|poke|p1|Groudon|
|poke|p1|Ditto|
|poke|p2|Kyogre|
|poke|p2|Swampert, M|
|poke|p2|Dracovish|
|poke|p2|Ludicolo, M|
|poke|p2|Ferrothorn, M|
|poke|p2|Arceus-*|
|teampreview
|inactive|Battle timer is ON: inactive players will automatically lose when time's up. (requested by Reincarnation of …)
|
|t:|1665737827
|start
|switch|p1a: Ferrothorn|Ferrothorn, M|100/100
|switch|p2a: Arceus|Arceus-Flying|100/100
|turn|1
|
|t:|1665737840
|move|p2a: Arceus|Judgment|p1a: Ferrothorn
|-damage|p1a: Ferrothorn|53/100
|move|p1a: Ferrothorn|Leech Seed|p2a: Arceus
|-start|p2a: Arceus|move: Leech Seed
|
|-heal|p1a: Ferrothorn|59/100|[from] item: Leftovers
|-damage|p2a: Arceus|88/100|[from] Leech Seed|[of] p1a: Ferrothorn
|-heal|p1a: Ferrothorn|72/100|[silent]
|upkeep
|turn|2
|
|t:|1665737845
|switch|p1a: Arceus|Arceus-Fairy|100/100
|move|p2a: Arceus|Judgment|p1a: Arceus
|-damage|p1a: Arceus|72/100
|
|-damage|p2a: Arceus|76/100|[from] Leech Seed|[of] p1a: Arceus
|-heal|p1a: Arceus|83/100|[silent]
|upkeep
|turn|3
|
|t:|1665737856
|switch|p2a: Ferrothorn|Ferrothorn, M|100/100
|move|p1a: Arceus|Stealth Rock|p2a: Ferrothorn
|-sidestart|p2: pooopkidke|move: Stealth Rock
|
|upkeep
|turn|4
|
|t:|1665737859
|switch|p1a: Groudon|Groudon|100/100
|detailschange|p1a: Groudon|Groudon-Primal
|-primal|p1a: Groudon
|-weather|DesolateLand|[from] ability: Desolate Land|[of] p1a: Groudon
|move|p2a: Ferrothorn|Leech Seed|p1a: Groudon
|-start|p1a: Groudon|move: Leech Seed
|
|-weather|DesolateLand|[upkeep]
|-damage|p1a: Groudon|88/100|[from] Leech Seed|[of] p2a: Ferrothorn
|upkeep
|turn|5
|
|t:|1665737870
|switch|p2a: Kyogre|Kyogre|100/100
|-damage|p2a: Kyogre|88/100|[from] Stealth Rock
|-ability|p2a: Kyogre|Drizzle|[from] desolateland|[fail]
|move|p1a: Groudon|Eruption|p2a: Kyogre
|-resisted|p2a: Kyogre
|-damage|p2a: Kyogre|46/100
|
|-weather|DesolateLand|[upkeep]
|-damage|p1a: Groudon|76/100|[from] Leech Seed|[of] p2a: Kyogre
|-heal|p2a: Kyogre|58/100|[silent]
|upkeep
|turn|6
|
|t:|1665737885
|-weather|none
|switch|p1a: Arceus|Arceus-Fairy|83/100
|move|p2a: Kyogre|Origin Pulse|p1a: Arceus
|-damage|p1a: Arceus|49/100
|
|upkeep
|turn|7
|
|t:|1665737894
|move|p2a: Kyogre|Origin Pulse|p1a: Arceus
|-damage|p1a: Arceus|17/100
|move|p1a: Arceus|Recover|p1a: Arceus
|-heal|p1a: Arceus|67/100
|
|upkeep
|turn|8
|
|t:|1665737901
|switch|p2a: Ferrothorn|Ferrothorn, M|100/100
|-damage|p2a: Ferrothorn|94/100|[from] Stealth Rock
|switch|p1a: Groudon|Groudon-Primal|76/100
|-weather|DesolateLand|[from] ability: Desolate Land|[of] p1a: Groudon
|
|-weather|DesolateLand|[upkeep]
|-heal|p2a: Ferrothorn|100/100|[from] item: Leftovers
|upkeep
|turn|9
|
|t:|1665737904
|move|p2a: Ferrothorn|Protect|p2a: Ferrothorn
|-singleturn|p2a: Ferrothorn|Protect
|move|p1a: Groudon|Eruption|p2a: Ferrothorn
|-activate|p2a: Ferrothorn|move: Protect
|
|-weather|DesolateLand|[upkeep]
|upkeep
|turn|10
|
|t:|1665737914
|switch|p2a: Dracovish|Dracovish|100/100
|-damage|p2a: Dracovish|88/100|[from] Stealth Rock
|move|p1a: Groudon|Thunder Wave|p2a: Dracovish
|-status|p2a: Dracovish|par
|
|-weather|DesolateLand|[upkeep]
|upkeep
|turn|11
|
|t:|1665737920
|-weather|none
|switch|p1a: Ferrothorn|Ferrothorn, M|72/100
|move|p2a: Dracovish|Fishious Rend|p1a: Ferrothorn
|-resisted|p1a: Ferrothorn
|-damage|p1a: Ferrothorn|45/100
|-damage|p2a: Dracovish|76/100 par|[from] ability: Iron Barbs|[of] p1a: Ferrothorn
|
|-heal|p1a: Ferrothorn|51/100|[from] item: Leftovers
|upkeep
|turn|12
|
|t:|1665737931
|switch|p2a: Arceus|Arceus-Flying|76/100
|-damage|p2a: Arceus|51/100|[from] Stealth Rock
|move|p1a: Ferrothorn|Spikes|p2a: Arceus
|-sidestart|p2: pooopkidke|Spikes
|
|-heal|p1a: Ferrothorn|57/100|[from] item: Leftovers
|upkeep
|turn|13
|
|t:|1665737935
|switch|p1a: Arceus|Arceus-Fairy|67/100
|move|p2a: Arceus|Recover|p2a: Arceus
|-heal|p2a: Arceus|100/100
|
|upkeep
|turn|14
|c|☆pooopkidke|bruh mate
|
|t:|1665737939
|move|p2a: Arceus|Judgment|p1a: Arceus
|-damage|p1a: Arceus|40/100
|move|p1a: Arceus|Toxic|p2a: Arceus
|-status|p2a: Arceus|tox
|
|-damage|p2a: Arceus|94/100 tox|[from] psn
|upkeep
|turn|15
|
|t:|1665737944
|move|p2a: Arceus|Judgment|p1a: Arceus
|-damage|p1a: Arceus|11/100
|move|p1a: Arceus|Recover|p1a: Arceus
|-heal|p1a: Arceus|61/100
|
|-damage|p2a: Arceus|82/100 tox|[from] psn
|upkeep
|turn|16
|c|☆pooopkidke|do u enjoy this?
|inactive|pooopkidke has 120 seconds left.
|
|t:|1665737976
|switch|p2a: Ferrothorn|Ferrothorn, M|100/100
|-damage|p2a: Ferrothorn|94/100|[from] Stealth Rock
|-damage|p2a: Ferrothorn|82/100|[from] Spikes
|move|p1a: Arceus|Recover|p1a: Arceus
|-heal|p1a: Arceus|100/100
|
|-heal|p2a: Ferrothorn|88/100|[from] item: Leftovers
|upkeep
|turn|17
|
|t:|1665737980
|switch|p1a: Ferrothorn|Ferrothorn, M|57/100
|move|p2a: Ferrothorn|Leech Seed|p1a: Ferrothorn
|-immune|p1a: Ferrothorn
|
|-heal|p2a: Ferrothorn|94/100|[from] item: Leftovers
|-heal|p1a: Ferrothorn|64/100|[from] item: Leftovers
|upkeep
|turn|18
|
|t:|1665737986
|switch|p1a: Groudon|Groudon-Primal|76/100
|-weather|DesolateLand|[from] ability: Desolate Land|[of] p1a: Groudon
|move|p2a: Ferrothorn|Stealth Rock|p1a: Groudon
|-sidestart|p1: Reincarnation of …|move: Stealth Rock
|
|-weather|DesolateLand|[upkeep]
|-heal|p2a: Ferrothorn|100/100|[from] item: Leftovers
|upkeep
|turn|19
|
|t:|1665737994
|move|p2a: Ferrothorn|Protect|p2a: Ferrothorn
|-singleturn|p2a: Ferrothorn|Protect
|move|p1a: Groudon|Earth Power|p2a: Ferrothorn
|-activate|p2a: Ferrothorn|move: Protect
|
|-weather|DesolateLand|[upkeep]
|upkeep
|turn|20
|
|t:|1665738002
|switch|p2a: Swampert|Swampert, M|100/100
|-damage|p2a: Swampert|94/100|[from] Stealth Rock
|-damage|p2a: Swampert|82/100|[from] Spikes
|move|p1a: Groudon|Eruption|p2a: Swampert
|-resisted|p2a: Swampert
|-damage|p2a: Swampert|25/100
|
|-weather|DesolateLand|[upkeep]
|upkeep
|turn|21
|c|☆pooopkidke|HEHEHE
|
|t:|1665738018
|detailschange|p2a: Swampert|Swampert-Mega, M
|-mega|p2a: Swampert|Swampert|Swampertite
|move|p1a: Groudon|Earth Power|p2a: Swampert
|-damage|p2a: Swampert|0 fnt
|faint|p2a: Swampert
|
|-weather|DesolateLand|[upkeep]
|upkeep
|c|☆pooopkidke|dammit
|c|☆pooopkidke|btq
|c|☆pooopkidke|btw
|c|☆pooopkidke|why the legend spam?
|inactive|pooopkidke has 120 seconds left.
|c|☆pooopkidke|OH
|c|☆pooopkidke|ur locked
|inactive|pooopkidke has 90 seconds left.
|j| Ti3r
|inactive|pooopkidke has 60 seconds left.
|
|t:|1665738100
|switch|p2a: Arceus|Arceus-Flying|82/100 tox
|-damage|p2a: Arceus|58/100 tox|[from] Stealth Rock
|turn|22
|
|t:|1665738107
|-weather|none
|switch|p1a: Necrozma|Necrozma-Dusk-Mane|100/100
|-damage|p1a: Necrozma|95/100|[from] Stealth Rock
|-start|p2a: Arceus|Dynamax|
|-heal|p2a: Arceus|58/100 tox|[silent]
|move|p2a: Arceus|Max Airstream|p1a: Necrozma
|-resisted|p1a: Necrozma
|-damage|p1a: Necrozma|57/100
|-boost|p2a: Arceus|spe|1
|
|-damage|p2a: Arceus|55/100 tox|[from] psn
|upkeep
|turn|23
|
|t:|1665738118
|move|p2a: Arceus|Max Darkness|p1a: Necrozma
|-supereffective|p1a: Necrozma
|-damage|p1a: Necrozma|0 fnt
|faint|p1a: Necrozma
|
|-damage|p2a: Arceus|49/100 tox|[from] psn
|upkeep
|
|t:|1665738128
|switch|p1a: Arceus|Arceus-Fairy|100/100
|-damage|p1a: Arceus|88/100|[from] Stealth Rock
|turn|24
|c|☆pooopkidke|arceus GO
|
|t:|1665738133
|move|p2a: Arceus|Max Airstream|p1a: Arceus
|-damage|p1a: Arceus|52/100
|-boost|p2a: Arceus|spe|1
|move|p1a: Arceus|Recover|p1a: Arceus
|-heal|p1a: Arceus|100/100
|
|-damage|p2a: Arceus|40/100 tox|[from] psn
|upkeep
|-end|p2a: Arceus|Dynamax
|-heal|p2a: Arceus|40/100 tox|[silent]
|turn|25
|c|☆pooopkidke|SHIZ
|c|☆pooopkidke|look isnt that kinda cringe?
|
|t:|1665738145
|move|p2a: Arceus|Recover|p2a: Arceus
|-heal|p2a: Arceus|90/100 tox
|move|p1a: Arceus|Judgment|p2a: Arceus
|-damage|p2a: Arceus|52/100 tox
|
|-damage|p2a: Arceus|27/100 tox|[from] psn
|upkeep
|turn|26
|c|☆pooopkidke|or that just meh
|
|t:|1665738159
|switch|p2a: Kyogre|Kyogre|58/100
|-damage|p2a: Kyogre|46/100|[from] Stealth Rock
|-damage|p2a: Kyogre|33/100|[from] Spikes
|-weather|RainDance|[from] ability: Drizzle|[of] p2a: Kyogre
|move|p1a: Arceus|Judgment|p2a: Kyogre
|-damage|p2a: Kyogre|0 fnt
|faint|p2a: Kyogre
|
|-weather|RainDance|[upkeep]
|upkeep
|
|t:|1665738162
|switch|p2a: Ludicolo|Ludicolo, M, shiny|100/100
|-damage|p2a: Ludicolo|88/100|[from] Stealth Rock
|-damage|p2a: Ludicolo|76/100|[from] Spikes
|turn|27
|
|t:|1665738169
|switch|p1a: Groudon|Groudon-Primal|76/100
|-damage|p1a: Groudon|64/100|[from] Stealth Rock
|-weather|DesolateLand|[from] ability: Desolate Land|[of] p1a: Groudon
|move|p2a: Ludicolo|Giga Drain|p1a: Groudon
|-damage|p1a: Groudon|27/100
|-heal|p2a: Ludicolo|97/100|[from] drain|[of] p1a: Groudon
|
|-weather|DesolateLand|[upkeep]
|-heal|p2a: Ludicolo|100/100|[from] item: Leftovers
|upkeep
|turn|28
|c|☆pooopkidke|OFC
|inactive|pooopkidke has 90 seconds left.
|c|☆pooopkidke|like this dude just
|
|t:|1665738181
|move|p1a: Groudon|Thunder Wave|p2a: Ludicolo
|-status|p2a: Ludicolo|par
|move|p2a: Ludicolo|Giga Drain|p1a: Groudon
|-damage|p1a: Groudon|0 fnt
|faint|p1a: Groudon
|-weather|none
|
|upkeep
|c|☆pooopkidke|sight
|c|☆pooopkidke|AND HE GOES FOR A PARA
|
|t:|1665738192
|switch|p1a: Arceus|Arceus|100/100
|-damage|p1a: Arceus|88/100|[from] Stealth Rock
|turn|29
|inactive|pooopkidke has 90 seconds left.
|c|☆pooopkidke|WUT
|c|☆pooopkidke|normal arceus
|c|☆pooopkidke|u gave it a z move?
|
|t:|1665738223
|move|p1a: Arceus|Swords Dance|p1a: Arceus
|-boost|p1a: Arceus|atk|2
|cant|p2a: Ludicolo|par
|
|upkeep
|turn|30
|
|t:|1665738227
|move|p1a: Arceus|Swords Dance|p1a: Arceus
|-boost|p1a: Arceus|atk|2
|move|p2a: Ludicolo|Surf|p1a: Arceus
|-damage|p1a: Arceus|64/100
|
|upkeep
|turn|31
|c|☆pooopkidke|lmao this dude
|
|t:|1665738236
|move|p1a: Arceus|Recover|p1a: Arceus
|-heal|p1a: Arceus|100/100
|move|p2a: Ludicolo|Surf|p1a: Arceus
|-damage|p1a: Arceus|74/100
|
|upkeep
|turn|32
|
|t:|1665738239
|move|p1a: Arceus|Swords Dance|p1a: Arceus
|-boost|p1a: Arceus|atk|2
|cant|p2a: Ludicolo|par
|
|upkeep
|turn|33
|c|☆pooopkidke|what a cringe strat mate
|
|t:|1665738244
|move|p1a: Arceus|Extreme Speed|p2a: Ludicolo
|-crit|p2a: Ludicolo
|-damage|p2a: Ludicolo|0 fnt
|faint|p2a: Ludicolo
|
|upkeep
|c|☆pooopkidke|fr
|c|☆pooopkidke|and he crits
|
|t:|1665738253
|switch|p2a: Arceus|Arceus-Flying|27/100 tox
|-damage|p2a: Arceus|3/100 tox|[from] Stealth Rock
|turn|34
|
|t:|1665738255
|move|p1a: Arceus|Extreme Speed|p2a: Arceus
|-damage|p2a: Arceus|0 fnt
|faint|p2a: Arceus
|
|upkeep
|c|☆pooopkidke|why are u like this mate
|
|t:|1665738259
|switch|p2a: Ferrothorn|Ferrothorn, M|100/100
|-damage|p2a: Ferrothorn|94/100|[from] Stealth Rock
|-damage|p2a: Ferrothorn|82/100|[from] Spikes
|turn|35
|
|t:|1665738263
|-start|p1a: Arceus|Dynamax|
|-heal|p1a: Arceus|74/100|[silent]
|move|p2a: Ferrothorn|Protect|p2a: Ferrothorn
|-singleturn|p2a: Ferrothorn|Protect
|move|p1a: Arceus|Max Phantasm|p2a: Ferrothorn
|-zbroken|p2a: Ferrothorn
|-damage|p2a: Ferrothorn|56/100
|-unboost|p2a: Ferrothorn|def|1
|
|-heal|p2a: Ferrothorn|62/100|[from] item: Leftovers
|upkeep
|turn|36
|c|☆pooopkidke|not pog
|
|t:|1665738272
|move|p1a: Arceus|Max Phantasm|p2a: Ferrothorn
|-damage|p2a: Ferrothorn|0 fnt
|faint|p2a: Ferrothorn
|
|upkeep
|c|☆pooopkidke|ti3r
|inactive|pooopkidke has 120 seconds left.
|c|☆pooopkidke|ti3r
|c| Ti3r|?
|c|☆pooopkidke|what do u think about legend spam
|c| Ti3r|Kinda cringe
|
|t:|1665738305
|switch|p2a: Dracovish|Dracovish|76/100 par
|-damage|p2a: Dracovish|63/100 par|[from] Stealth Rock
|-damage|p2a: Dracovish|51/100 par|[from] Spikes
|turn|37
|
|t:|1665738312
|move|p1a: Arceus|Max Phantasm|p2a: Dracovish
|-damage|p2a: Dracovish|0 fnt
|faint|p2a: Dracovish
|
|win|Reincarnation of …
|raw|Reincarnation of …'s rating: 1108 &rarr; <strong>1132</strong><br />(+24 for winning)
|raw|pooopkidke's rating: 1091 &rarr; <strong>1069</strong><br />(-22 for losing)
