|j|☆agdp
|j|☆starkorea74
|t:|1627146890
|gametype|singles
|player|p1|agdp|169|1613
|player|p2|starkorea74|cynthia|1951
|teamsize|p1|6
|teamsize|p2|6
|gen|8
|tier|[Gen 8] National Dex AG
|rated|
|rule|HP Percentage Mod: HP is shown in percentages
|rule|Endless Battle Clause: Forcing endless battles is banned
|clearpoke
|poke|p1|Arceus-*|
|poke|p1|Giratina-Origin|
|poke|p1|Ditto|
|poke|p1|Groudon|
|poke|p1|Rayquaza|
|poke|p1|Yveltal|
|poke|p2|Rayquaza|
|poke|p2|Arceus-*|
|poke|p2|Necrozma-Dusk-Mane|
|poke|p2|Ho-Oh|
|poke|p2|Groudon|
|poke|p2|Yveltal|
|teampreview
|
|t:|1627146910
|start
|switch|p1a: Rayquaza|Rayquaza|100/100
|switch|p2a: Rayquaza|Rayquaza|100/100
|-ability|p1a: Rayquaza|Air Lock
|-ability|p2a: Rayquaza|Air Lock
|turn|1
|
|t:|1627146930
|switch|p2a: Necrozma|Necrozma-Dusk-Mane|100/100
|detailschange|p1a: Rayquaza|Rayquaza-Mega
|-mega|p1a: Rayquaza|Rayquaza|
|-weather|DeltaStream|[from] ability: Delta Stream|[of] p1a: Rayquaza
|move|p1a: Rayquaza|Dragon Ascent|p2a: Necrozma
|-resisted|p2a: Necrozma
|-damage|p2a: Necrozma|79/100
|-unboost|p1a: Rayquaza|def|1
|-unboost|p1a: Rayquaza|spd|1
|
|-weather|DeltaStream|[upkeep]
|-heal|p2a: Necrozma|85/100|[from] item: Leftovers
|upkeep
|turn|2
|
|t:|1627146945
|move|p1a: Rayquaza|Dragon Dance|p1a: Rayquaza
|-boost|p1a: Rayquaza|atk|1
|-boost|p1a: Rayquaza|spe|1
|move|p2a: Necrozma|Sunsteel Strike|p1a: Rayquaza
|-damage|p1a: Rayquaza|26/100
|
|-weather|DeltaStream|[upkeep]
|-heal|p2a: Necrozma|91/100|[from] item: Leftovers
|upkeep
|turn|3
|
|t:|1627146955
|move|p1a: Rayquaza|Earthquake|p2a: Necrozma
|-supereffective|p2a: Necrozma
|-damage|p2a: Necrozma|35/100
|move|p2a: Necrozma|Sunsteel Strike|p1a: Rayquaza
|-damage|p1a: Rayquaza|0 fnt
|faint|p1a: Rayquaza
|-weather|none
|
|-heal|p2a: Necrozma|41/100|[from] item: Leftovers
|upkeep
|
|t:|1627146977
|switch|p1a: Yveltal|Yveltal|100/100
|-ability|p1a: Yveltal|Dark Aura
|turn|4
|
|t:|1627146982
|switch|p2a: Arceus|Arceus-Dark|100/100
|move|p1a: Yveltal|Foul Play|p2a: Arceus
|-resisted|p2a: Arceus
|-crit|p2a: Arceus
|-damage|p2a: Arceus|81/100
|
|upkeep
|turn|5
|
|t:|1627146991
|-start|p1a: Yveltal|Dynamax
|-heal|p1a: Yveltal|100/100|[silent]
|move|p1a: Yveltal|Max Airstream|p2a: Arceus
|-damage|p2a: Arceus|48/100
|-boost|p1a: Yveltal|spe|1
|move|p2a: Arceus|Calm Mind|p2a: Arceus
|-boost|p2a: Arceus|spa|1
|-boost|p2a: Arceus|spd|1
|
|upkeep
|turn|6
|
|t:|1627147010
|move|p1a: Yveltal|Max Airstream|p2a: Arceus
|-damage|p2a: Arceus|24/100
|-boost|p1a: Yveltal|spe|1
|move|p2a: Arceus|Recover|p2a: Arceus
|-heal|p2a: Arceus|74/100
|
|upkeep
|turn|7
|
|t:|1627147052
|move|p1a: Yveltal|Max Airstream|p2a: Arceus
|-crit|p2a: Arceus
|-damage|p2a: Arceus|28/100
|-boost|p1a: Yveltal|spe|1
|move|p2a: Arceus|Recover|p2a: Arceus
|-heal|p2a: Arceus|78/100
|
|-end|p1a: Yveltal|Dynamax
|-heal|p1a: Yveltal|100/100|[silent]
|upkeep
|turn|8
|
|t:|1627147064
|move|p1a: Yveltal|Taunt|p2a: Arceus
|-start|p2a: Arceus|move: Taunt
|cant|p2a: Arceus|move: Taunt|Calm Mind
|
|upkeep
|turn|9
|
|t:|1627147070
|move|p1a: Yveltal|Oblivion Wing|p2a: Arceus
|-damage|p2a: Arceus|64/100
|move|p2a: Arceus|Judgment|p1a: Yveltal
|-resisted|p1a: Yveltal
|-damage|p1a: Yveltal|55/100
|
|upkeep
|turn|10
|
|t:|1627147079
|move|p1a: Yveltal|Foul Play|p2a: Arceus
|-resisted|p2a: Arceus
|-damage|p2a: Arceus|51/100
|move|p2a: Arceus|Judgment|p1a: Yveltal
|-resisted|p1a: Yveltal
|-crit|p1a: Yveltal
|-damage|p1a: Yveltal|0 fnt
|faint|p1a: Yveltal
|
|-end|p2a: Arceus|move: Taunt
|upkeep
|
|t:|1627147096
|switch|p1a: Arceus|Arceus|100/100
|turn|11
|
|t:|1627147107
|move|p1a: Arceus|Swords Dance|p1a: Arceus
|-boost|p1a: Arceus|atk|2
|move|p2a: Arceus|Recover|p2a: Arceus
|-heal|p2a: Arceus|100/100
|
|upkeep
|turn|12
|
|t:|1627147114
|move|p2a: Arceus|Judgment|p1a: Arceus
|-damage|p1a: Arceus|55/100
|move|p1a: Arceus|Swords Dance|p1a: Arceus
|-boost|p1a: Arceus|atk|2
|
|upkeep
|turn|13
|j| Nikhilnoob
|
|t:|1627147125
|move|p1a: Arceus|Extreme Speed|p2a: Arceus
|-damage|p2a: Arceus|0 fnt
|faint|p2a: Arceus
|-damage|p1a: Arceus|45/100|[from] item: Life Orb
|
|upkeep
|
|t:|1627147138
|switch|p2a: Rayquaza|Rayquaza|100/100
|-ability|p2a: Rayquaza|Air Lock
|turn|14
|
|t:|1627147143
|detailschange|p2a: Rayquaza|Rayquaza-Mega
|-mega|p2a: Rayquaza|Rayquaza|
|-weather|DeltaStream|[from] ability: Delta Stream|[of] p2a: Rayquaza
|move|p2a: Rayquaza|Extreme Speed|p1a: Arceus
|-damage|p1a: Arceus|12/100
|-damage|p2a: Rayquaza|91/100|[from] item: Life Orb
|move|p1a: Arceus|Extreme Speed|p2a: Rayquaza
|-damage|p2a: Rayquaza|0 fnt
|faint|p2a: Rayquaza
|-weather|none
|-damage|p1a: Arceus|2/100|[from] item: Life Orb
|
|upkeep
|
|t:|1627147154
|switch|p2a: Ho-Oh|Ho-Oh|100/100
|turn|15
|
|t:|1627147158
|switch|p2a: Necrozma|Necrozma-Dusk-Mane|41/100
|move|p1a: Arceus|Extreme Speed|p2a: Necrozma
|-resisted|p2a: Necrozma
|-damage|p2a: Necrozma|0 fnt
|faint|p2a: Necrozma
|-damage|p1a: Arceus|0 fnt|[from] item: Life Orb
|faint|p1a: Arceus
|
|upkeep
|
|t:|1627147173
|switch|p1a: Groudon|Groudon|100/100
|switch|p2a: Yveltal|Yveltal|100/100
|-ability|p2a: Yveltal|Dark Aura
|detailschange|p1a: Groudon|Groudon-Primal
|-primal|p1a: Groudon
|-weather|DesolateLand|[from] ability: Desolate Land|[of] p1a: Groudon
|turn|16
|
|t:|1627147182
|-start|p2a: Yveltal|Dynamax
|-heal|p2a: Yveltal|100/100|[silent]
|move|p2a: Yveltal|Max Darkness|p1a: Groudon
|-damage|p1a: Groudon|0 fnt
|faint|p1a: Groudon
|-weather|none
|-damage|p2a: Yveltal|96/100|[from] item: Life Orb
|
|upkeep
|
|t:|1627147195
|switch|p1a: Ditto|Ditto|100/100
|-transform|p1a: Ditto|p2a: Yveltal|[from] ability: Imposter
|-ability|p1a: Ditto|Dark Aura
|turn|17
|
|t:|1627147207
|move|p1a: Ditto|Oblivion Wing|p2a: Yveltal
|-damage|p2a: Yveltal|73/100
|move|p2a: Yveltal|Max Airstream|p1a: Ditto
|-damage|p1a: Ditto|0 fnt
|-boost|p2a: Yveltal|spe|1
|faint|p1a: Ditto
|-damage|p2a: Yveltal|68/100|[from] item: Life Orb
|
|upkeep
|
|t:|1627147218
|switch|p1a: Giratina|Giratina-Origin, shiny|100/100
|turn|18
|
|t:|1627147221
|move|p2a: Yveltal|Max Darkness|p1a: Giratina
|-supereffective|p1a: Giratina
|-damage|p1a: Giratina|0 fnt
|faint|p1a: Giratina
|-damage|p2a: Yveltal|63/100|[from] item: Life Orb
|
|win|starkorea74
|raw|agdp's rating: 1613 &rarr; <strong>1608</strong><br />(-5 for losing)
|raw|starkorea74's rating: 1951 &rarr; <strong>1956</strong><br />(+5 for winning)
|l| Nikhilnoob
|l|☆starkorea74
