|j|☆rajof
|j|‽AGLTDLC adf
|t:|1613009673
|player|p1|rajof|youngster-gen4|2004
|player|p2|AGLTDLC adf|pokefanf-gen3|1825
|teamsize|p1|6
|teamsize|p2|6
|gametype|singles
|gen|8
|tier|[Gen 8] National Dex AG
|rated|
|clearpoke
|poke|p1|Arceus-*|
|poke|p1|Ditto|
|poke|p1|Chansey, F|
|poke|p1|Lugia|
|poke|p1|Groudon|
|poke|p1|Arceus-*|
|poke|p2|Chansey, F|
|poke|p2|Ho-Oh|
|poke|p2|Necrozma-Dusk-Mane|
|poke|p2|Ferrothorn, M|
|poke|p2|Arceus-*|
|poke|p2|Ditto|
|rule|HP Percentage Mod: HP is shown in percentages
|rule|Endless Battle Clause: Forcing endless battles is banned
|teampreview
|inactive|Battle timer is ON: inactive players will automatically lose when time's up. (requested by AGLTDLC adf)
|
|t:|1613009699
|start
|switch|p1a: 그란돈|Groudon|100/100
|switch|p2a: Ditto|Ditto|100/100
|-transform|p2a: Ditto|p1a: 그란돈|[from] ability: Imposter
|-weather|SunnyDay|[from] ability: Drought|[of] p2a: Ditto
|detailschange|p1a: 그란돈|Groudon-Primal
|-primal|p1a: 그란돈
|-weather|DesolateLand|[from] ability: Desolate Land|[of] p1a: 그란돈
|turn|1
|
|t:|1613009706
|switch|p2a: Arceus|Arceus-Ground|100/100
|-weather|none
|switch|p1a: 루기아|Lugia|100/100
|
|upkeep
|turn|2
|
|t:|1613009709
|move|p2a: Arceus|Ice Beam|p1a: 루기아
|-supereffective|p1a: 루기아
|-crit|p1a: 루기아
|-damage|p1a: 루기아|79/100
|move|p1a: 루기아|Toxic|p2a: Arceus
|-status|p2a: Arceus|tox
|
|-damage|p2a: Arceus|94/100 tox|[from] psn
|upkeep
|turn|3
|
|t:|1613009712
|move|p2a: Arceus|Refresh|p2a: Arceus
|-curestatus|p2a: Arceus|tox|[msg]
|move|p1a: 루기아|Roost|p1a: 루기아
|-heal|p1a: 루기아|100/100
|-singleturn|p1a: 루기아|move: Roost
|
|upkeep
|turn|4
|
|t:|1613009715
|move|p2a: Arceus|Ice Beam|p1a: 루기아
|-supereffective|p1a: 루기아
|-damage|p1a: 루기아|86/100
|move|p1a: 루기아|Toxic|p2a: Arceus
|-status|p2a: Arceus|tox
|
|-damage|p2a: Arceus|88/100 tox|[from] psn
|upkeep
|turn|5
|
|t:|1613009723
|switch|p1a: 악르세우스|Arceus-Dark|100/100
|move|p2a: Arceus|Refresh|p2a: Arceus
|-curestatus|p2a: Arceus|tox|[msg]
|
|upkeep
|turn|6
|
|t:|1613009727
|switch|p2a: Ho-Oh|Ho-Oh, shiny|100/100
|move|p1a: 악르세우스|Calm Mind|p1a: 악르세우스
|-boost|p1a: 악르세우스|spa|1
|-boost|p1a: 악르세우스|spd|1
|
|upkeep
|turn|7
|
|t:|1613009738
|move|p1a: 악르세우스|Calm Mind|p1a: 악르세우스
|-boost|p1a: 악르세우스|spa|1
|-boost|p1a: 악르세우스|spd|1
|move|p2a: Ho-Oh|Whirlwind|p1a: 악르세우스
|drag|p1a: 메타몽|Ditto|100/100
|-transform|p1a: 메타몽|p2a: Ho-Oh|[from] ability: Imposter
|
|upkeep
|turn|8
|
|t:|1613009748
|switch|p1a: 악르세우스|Arceus-Dark|100/100
|switch|p2a: Arceus|Arceus-Ground|88/100
|
|upkeep
|turn|9
|
|t:|1613009750
|switch|p2a: Ho-Oh|Ho-Oh, shiny|100/100
|move|p1a: 악르세우스|Calm Mind|p1a: 악르세우스
|-boost|p1a: 악르세우스|spa|1
|-boost|p1a: 악르세우스|spd|1
|
|upkeep
|turn|10
|
|t:|1613009752
|move|p1a: 악르세우스|Judgment|p2a: Ho-Oh
|-damage|p2a: Ho-Oh|66/100
|move|p2a: Ho-Oh|Whirlwind|p1a: 악르세우스
|drag|p1a: 럭키|Chansey, F|100/100
|
|upkeep
|turn|11
|
|t:|1613009757
|switch|p2a: Ferrothorn|Ferrothorn, M|100/100
|move|p1a: 럭키|Wish|p1a: 럭키
|
|upkeep
|turn|12
|
|t:|1613009765
|switch|p1a: 메타몽|Ditto|100/100
|-transform|p1a: 메타몽|p2a: Ferrothorn|[from] ability: Imposter
|move|p2a: Ferrothorn|Spikes|p1a: 메타몽
|-sidestart|p1: rajof|Spikes
|
|upkeep
|turn|13
|
|t:|1613009769
|move|p1a: 메타몽|Spikes|p2a: Ferrothorn
|-sidestart|p2: AGLTDLC adf|Spikes
|move|p2a: Ferrothorn|Spikes|p1a: 메타몽
|-sidestart|p1: rajof|Spikes
|
|upkeep
|turn|14
|
|t:|1613009773
|move|p1a: 메타몽|Spikes|p2a: Ferrothorn
|-sidestart|p2: AGLTDLC adf|Spikes
|move|p2a: Ferrothorn|Spikes|p1a: 메타몽
|-sidestart|p1: rajof|Spikes
|
|upkeep
|turn|15
|
|t:|1613009777
|move|p1a: 메타몽|Spikes|p2a: Ferrothorn
|-sidestart|p2: AGLTDLC adf|Spikes
|move|p2a: Ferrothorn|Gyro Ball|p1a: 메타몽
|-resisted|p1a: 메타몽
|-damage|p1a: 메타몽|94/100
|-damage|p2a: Ferrothorn|88/100|[from] ability: Iron Barbs|[of] p1a: 메타몽
|
|-heal|p2a: Ferrothorn|94/100|[from] item: Leftovers
|upkeep
|turn|16
|
|t:|1613009782
|move|p1a: 메타몽|Spikes||[still]
|-fail|p1a: 메타몽
|move|p2a: Ferrothorn|Leech Seed|p1a: 메타몽
|-immune|p1a: 메타몽
|
|-heal|p2a: Ferrothorn|100/100|[from] item: Leftovers
|upkeep
|turn|17
|
|t:|1613009790
|move|p1a: 메타몽|Spikes||[still]
|-fail|p1a: 메타몽
|move|p2a: Ferrothorn|Leech Seed|p1a: 메타몽
|-immune|p1a: 메타몽
|
|upkeep
|turn|18
|
|t:|1613009796
|switch|p1a: 루기아|Lugia|86/100
|move|p2a: Ferrothorn|Leech Seed|p1a: 루기아
|-start|p1a: 루기아|move: Leech Seed
|
|-damage|p1a: 루기아|74/100|[from] Leech Seed|[of] p2a: Ferrothorn
|upkeep
|turn|19
|
|t:|1613009800
|move|p1a: 루기아|Roost|p1a: 루기아
|-heal|p1a: 루기아|100/100
|-singleturn|p1a: 루기아|move: Roost
|move|p2a: Ferrothorn|Gyro Ball|p1a: 루기아
|-damage|p1a: 루기아|88/100
|-damage|p2a: Ferrothorn|84/100|[from] item: Rocky Helmet|[of] p1a: 루기아
|
|-heal|p2a: Ferrothorn|90/100|[from] item: Leftovers
|-damage|p1a: 루기아|75/100|[from] Leech Seed|[of] p2a: Ferrothorn
|-heal|p2a: Ferrothorn|100/100|[silent]
|upkeep
|turn|20
|
|t:|1613009808
|switch|p1a: 메타몽|Ditto|94/100
|-damage|p1a: 메타몽|69/100|[from] Spikes
|-transform|p1a: 메타몽|p2a: Ferrothorn|[from] ability: Imposter
|move|p2a: Ferrothorn|Gyro Ball|p1a: 메타몽
|-resisted|p1a: 메타몽
|-damage|p1a: 메타몽|63/100
|-damage|p2a: Ferrothorn|88/100|[from] ability: Iron Barbs|[of] p1a: 메타몽
|
|-heal|p2a: Ferrothorn|94/100|[from] item: Leftovers
|upkeep
|turn|21
|
|t:|1613009818
|move|p1a: 메타몽|Leech Seed|p2a: Ferrothorn
|-immune|p2a: Ferrothorn
|move|p2a: Ferrothorn|Spikes||[still]
|-fail|p2a: Ferrothorn
|
|-heal|p2a: Ferrothorn|100/100|[from] item: Leftovers
|upkeep
|turn|22
|
|t:|1613009823
|move|p1a: 메타몽|Leech Seed|p2a: Ferrothorn
|-immune|p2a: Ferrothorn
|move|p2a: Ferrothorn|Leech Seed|p1a: 메타몽
|-immune|p1a: 메타몽
|
|upkeep
|turn|23
|
|t:|1613009828
|move|p1a: 메타몽|Leech Seed|p2a: Ferrothorn
|-immune|p2a: Ferrothorn
|move|p2a: Ferrothorn|Leech Seed|p1a: 메타몽
|-immune|p1a: 메타몽
|
|upkeep
|turn|24
|
|t:|1613009839
|switch|p1a: 루기아|Lugia|75/100
|move|p2a: Ferrothorn|Gyro Ball|p1a: 루기아
|-damage|p1a: 루기아|50/100
|-damage|p2a: Ferrothorn|84/100|[from] item: Rocky Helmet|[of] p1a: 루기아
|
|-heal|p2a: Ferrothorn|90/100|[from] item: Leftovers
|upkeep
|turn|25
|
|t:|1613009842
|move|p1a: 루기아|Roost|p1a: 루기아
|-heal|p1a: 루기아|99/100
|-singleturn|p1a: 루기아|move: Roost
|move|p2a: Ferrothorn|Leech Seed|p1a: 루기아
|-start|p1a: 루기아|move: Leech Seed
|
|-heal|p2a: Ferrothorn|97/100|[from] item: Leftovers
|-damage|p1a: 루기아|87/100|[from] Leech Seed|[of] p2a: Ferrothorn
|-heal|p2a: Ferrothorn|100/100|[silent]
|upkeep
|turn|26
|
|t:|1613009847
|move|p1a: 루기아|Defog|p2a: Ferrothorn
|-unboost|p2a: Ferrothorn|evasion|1
|-sideend|p2: AGLTDLC adf|Spikes|[from] move: Defog|[of] p1a: 루기아
|-sideend|p1: rajof|Spikes|[from] move: Defog|[of] p1a: 루기아
|move|p2a: Ferrothorn|Gyro Ball|p1a: 루기아
|-damage|p1a: 루기아|62/100
|-damage|p2a: Ferrothorn|84/100|[from] item: Rocky Helmet|[of] p1a: 루기아
|
|-heal|p2a: Ferrothorn|90/100|[from] item: Leftovers
|-damage|p1a: 루기아|50/100|[from] Leech Seed|[of] p2a: Ferrothorn
|-heal|p2a: Ferrothorn|100/100|[silent]
|upkeep
|turn|27
|
|t:|1613009850
|switch|p1a: 그란돈|Groudon-Primal|100/100
|-weather|DesolateLand|[from] ability: Desolate Land|[of] p1a: 그란돈
|move|p2a: Ferrothorn|Spikes|p1a: 그란돈
|-sidestart|p1: rajof|Spikes
|
|-weather|DesolateLand|[upkeep]
|upkeep
|turn|28
|
|t:|1613009857
|switch|p2a: Arceus|Arceus-Ground|88/100
|move|p1a: 그란돈|Swords Dance|p1a: 그란돈
|-boost|p1a: 그란돈|atk|2
|
|-weather|DesolateLand|[upkeep]
|upkeep
|turn|29
|
|t:|1613009861
|move|p2a: Arceus|Judgment|p1a: 그란돈
|-supereffective|p1a: 그란돈
|-damage|p1a: 그란돈|7/100
|move|p1a: 그란돈|Precipice Blades|p2a: Arceus
|-damage|p2a: Arceus|0 fnt
|faint|p2a: Arceus
|
|-weather|DesolateLand|[upkeep]
|upkeep
|
|t:|1613009866
|switch|p2a: Ditto|Ditto|100/100
|-transform|p2a: Ditto|p1a: 그란돈|[from] ability: Imposter
|turn|30
|
|t:|1613009875
|switch|p1a: 루기아|Lugia|50/100
|move|p2a: Ditto|Fire Punch|p1a: 루기아
|-damage|p1a: 루기아|0 fnt
|-damage|p2a: Ditto|84/100|[from] item: Rocky Helmet|[of] p1a: 루기아
|faint|p1a: 루기아
|
|-weather|DesolateLand|[upkeep]
|upkeep
|
|t:|1613009886
|switch|p1a: 아르세우스|Arceus-Fairy|100/100
|-damage|p1a: 아르세우스|88/100|[from] Spikes
|turn|31
|
|t:|1613009889
|-start|p1a: 아르세우스|Dynamax
|-heal|p1a: 아르세우스|88/100|[silent]
|move|p2a: Ditto|Fire Punch|p1a: 아르세우스
|-damage|p1a: 아르세우스|50/100
|move|p1a: 아르세우스|Max Quake|p2a: Ditto
|-supereffective|p2a: Ditto
|-damage|p2a: Ditto|3/100
|-boost|p1a: 아르세우스|spd|1
|
|-weather|DesolateLand|[upkeep]
|upkeep
|turn|32
|
|t:|1613009895
|-weather|none
|switch|p2a: Ho-Oh|Ho-Oh, shiny|99/100
|move|p1a: 아르세우스|Max Quake|p2a: Ho-Oh
|-immune|p2a: Ho-Oh
|
|upkeep
|turn|33
|
|t:|1613009898
|move|p1a: 아르세우스|Max Starfall|p2a: Ho-Oh
|-resisted|p2a: Ho-Oh
|-damage|p2a: Ho-Oh|86/100
|-fieldstart|move: Misty Terrain
|move|p2a: Ho-Oh|Toxic|p1a: 아르세우스
|-activate|p1a: 아르세우스|move: Misty Terrain
|
|-end|p1a: 아르세우스|Dynamax
|-heal|p1a: 아르세우스|50/100|[silent]
|upkeep
|turn|34
|
|t:|1613009906
|move|p1a: 아르세우스|Recover|p1a: 아르세우스
|-heal|p1a: 아르세우스|99/100
|move|p2a: Ho-Oh|Whirlwind|p1a: 아르세우스
|drag|p1a: 럭키|Chansey, F|100/100
|-damage|p1a: 럭키|88/100|[from] Spikes
|
|upkeep
|turn|35
|
|t:|1613009912
|switch|p2a: Ditto|Ditto|3/100
|-transform|p2a: Ditto|p1a: 럭키|[from] ability: Imposter
|move|p1a: 럭키|Toxic|p2a: Ditto
|-activate|p2a: Ditto|move: Misty Terrain
|
|upkeep
|turn|36
|
|t:|1613009920
|switch|p2a: Ferrothorn|Ferrothorn, M|100/100
|move|p1a: 럭키|Seismic Toss|p2a: Ferrothorn
|-damage|p2a: Ferrothorn|72/100
|-damage|p1a: 럭키|75/100|[from] ability: Iron Barbs|[of] p2a: Ferrothorn
|
|-heal|p2a: Ferrothorn|78/100|[from] item: Leftovers
|upkeep
|turn|37
|
|t:|1613009925
|move|p1a: 럭키|Wish|p1a: 럭키
|move|p2a: Ferrothorn|Leech Seed|p1a: 럭키
|-start|p1a: 럭키|move: Leech Seed
|
|-heal|p2a: Ferrothorn|85/100|[from] item: Leftovers
|-damage|p1a: 럭키|63/100|[from] Leech Seed|[of] p2a: Ferrothorn
|-heal|p2a: Ferrothorn|100/100|[silent]
|-fieldend|Misty Terrain
|upkeep
|turn|38
|
|t:|1613009936
|switch|p1a: 메타몽|Ditto|63/100
|-damage|p1a: 메타몽|51/100|[from] Spikes
|-transform|p1a: 메타몽|p2a: Ferrothorn|[from] ability: Imposter
|switch|p2a: Ditto|Ditto|3/100
|
|-heal|p1a: 메타몽|100/100|[from] move: Wish|[wisher] 럭키
|upkeep
|turn|39
|
|t:|1613009948
|switch|p2a: Ferrothorn|Ferrothorn, M|100/100
|move|p1a: 메타몽|Spikes|p2a: Ferrothorn
|-sidestart|p2: AGLTDLC adf|Spikes
|
|upkeep
|turn|40
|
|t:|1613009959
|move|p1a: 메타몽|Spikes|p2a: Ferrothorn
|-sidestart|p2: AGLTDLC adf|Spikes
|move|p2a: Ferrothorn|Spikes|p1a: 메타몽
|-sidestart|p1: rajof|Spikes
|
|upkeep
|turn|41
|
|t:|1613009963
|move|p1a: 메타몽|Spikes|p2a: Ferrothorn
|-sidestart|p2: AGLTDLC adf|Spikes
|move|p2a: Ferrothorn|Spikes|p1a: 메타몽
|-sidestart|p1: rajof|Spikes
|
|upkeep
|turn|42
|
|t:|1613009975
|switch|p1a: 그란돈|Groudon-Primal|7/100
|-damage|p1a: 그란돈|0 fnt|[from] Spikes
|faint|p1a: 그란돈
|move|p2a: Ferrothorn|Spikes||[still]
|-fail|p2a: Ferrothorn
|
|upkeep
|
|t:|1613009992
|switch|p1a: 악르세우스|Arceus-Dark|100/100
|-damage|p1a: 악르세우스|76/100|[from] Spikes
|turn|43
|
|t:|1613009994
|move|p1a: 악르세우스|Calm Mind|p1a: 악르세우스
|-boost|p1a: 악르세우스|spa|1
|-boost|p1a: 악르세우스|spd|1
|move|p2a: Ferrothorn|Leech Seed|p1a: 악르세우스
|-start|p1a: 악르세우스|move: Leech Seed
|
|-damage|p1a: 악르세우스|63/100|[from] Leech Seed|[of] p2a: Ferrothorn
|upkeep
|turn|44
|
|t:|1613010003
|move|p1a: 악르세우스|Calm Mind|p1a: 악르세우스
|-boost|p1a: 악르세우스|spa|1
|-boost|p1a: 악르세우스|spd|1
|move|p2a: Ferrothorn|Gyro Ball|p1a: 악르세우스
|-damage|p1a: 악르세우스|29/100
|
|-damage|p1a: 악르세우스|17/100|[from] Leech Seed|[of] p2a: Ferrothorn
|upkeep
|turn|45
|
|t:|1613010008
|switch|p2a: Chansey|Chansey, F|100/100
|-damage|p2a: Chansey|76/100|[from] Spikes
|move|p1a: 악르세우스|Recover|p1a: 악르세우스
|-heal|p1a: 악르세우스|67/100
|
|-damage|p1a: 악르세우스|54/100|[from] Leech Seed|[of] p2a: Chansey
|-heal|p2a: Chansey|84/100|[silent]
|upkeep
|turn|46
|j| jerryl309
|
|t:|1613010013
|move|p1a: 악르세우스|Recover|p1a: 악르세우스
|-heal|p1a: 악르세우스|100/100
|move|p2a: Chansey|Confide|p1a: 악르세우스
|-unboost|p1a: 악르세우스|spa|1
|
|-damage|p1a: 악르세우스|88/100|[from] Leech Seed|[of] p2a: Chansey
|-heal|p2a: Chansey|92/100|[silent]
|upkeep
|turn|47
|
|t:|1613010021
|switch|p1a: 럭키|Chansey, F|63/100
|-damage|p1a: 럭키|38/100|[from] Spikes
|move|p2a: Chansey|Seismic Toss|p1a: 럭키
|-damage|p1a: 럭키|23/100
|
|upkeep
|turn|48
|
|t:|1613010025
|move|p2a: Chansey|Seismic Toss|p1a: 럭키
|-damage|p1a: 럭키|9/100
|move|p1a: 럭키|Wish|p1a: 럭키
|
|upkeep
|turn|49
|
|t:|1613010029
|move|p1a: 럭키|Protect|p1a: 럭키
|-singleturn|p1a: 럭키|Protect
|move|p2a: Chansey|Seismic Toss|p1a: 럭키
|-activate|p1a: 럭키|move: Protect
|
|-heal|p1a: 럭키|59/100|[from] move: Wish|[wisher] 럭키
|upkeep
|turn|50
|
|t:|1613010035
|switch|p2a: Ferrothorn|Ferrothorn, M|100/100
|-damage|p2a: Ferrothorn|75/100|[from] Spikes
|move|p1a: 럭키|Wish|p1a: 럭키
|
|-heal|p2a: Ferrothorn|82/100|[from] item: Leftovers
|upkeep
|turn|51
|
|t:|1613010042
|move|p1a: 럭키|Protect|p1a: 럭키
|-singleturn|p1a: 럭키|Protect
|move|p2a: Ferrothorn|Spikes||[still]
|-fail|p2a: Ferrothorn
|
|-heal|p1a: 럭키|100/100|[from] move: Wish|[wisher] 럭키
|-heal|p2a: Ferrothorn|88/100|[from] item: Leftovers
|upkeep
|turn|52
|
|t:|1613010047
|move|p1a: 럭키|Wish|p1a: 럭키
|move|p2a: Ferrothorn|Leech Seed|p1a: 럭키
|-start|p1a: 럭키|move: Leech Seed
|
|-heal|p2a: Ferrothorn|94/100|[from] item: Leftovers
|-damage|p1a: 럭키|88/100|[from] Leech Seed|[of] p2a: Ferrothorn
|-heal|p2a: Ferrothorn|100/100|[silent]
|upkeep
|turn|53
|
|t:|1613010055
|switch|p1a: 메타몽|Ditto|100/100
|-damage|p1a: 메타몽|75/100|[from] Spikes
|-transform|p1a: 메타몽|p2a: Ferrothorn|[from] ability: Imposter
|switch|p2a: Necrozma|Necrozma-Dusk-Mane|100/100
|
|-heal|p1a: 메타몽|100/100|[from] move: Wish|[wisher] 럭키
|upkeep
|turn|54
|
|t:|1613010062
|move|p2a: Necrozma|Stealth Rock|p1a: 메타몽
|-sidestart|p1: rajof|move: Stealth Rock
|move|p1a: 메타몽|Leech Seed|p2a: Necrozma
|-start|p2a: Necrozma|move: Leech Seed
|
|-damage|p2a: Necrozma|88/100|[from] Leech Seed|[of] p1a: 메타몽
|upkeep
|turn|55
|
|t:|1613010070
|switch|p2a: Ferrothorn|Ferrothorn, M|100/100
|-damage|p2a: Ferrothorn|75/100|[from] Spikes
|switch|p1a: 악르세우스|Arceus-Dark|88/100
|-damage|p1a: 악르세우스|63/100|[from] Spikes
|-damage|p1a: 악르세우스|51/100|[from] Stealth Rock
|
|-heal|p2a: Ferrothorn|82/100|[from] item: Leftovers
|upkeep
|turn|56
|
|t:|1613010073
|move|p1a: 악르세우스|Recover|p1a: 악르세우스
|-heal|p1a: 악르세우스|100/100
|move|p2a: Ferrothorn|Leech Seed|p1a: 악르세우스
|-start|p1a: 악르세우스|move: Leech Seed
|
|-heal|p2a: Ferrothorn|88/100|[from] item: Leftovers
|-damage|p1a: 악르세우스|88/100|[from] Leech Seed|[of] p2a: Ferrothorn
|-heal|p2a: Ferrothorn|100/100|[silent]
|upkeep
|turn|57
|
|t:|1613010077
|switch|p1a: 메타몽|Ditto|100/100
|-damage|p1a: 메타몽|88/100|[from] Stealth Rock
|-damage|p1a: 메타몽|63/100|[from] Spikes
|-transform|p1a: 메타몽|p2a: Ferrothorn|[from] ability: Imposter
|move|p2a: Ferrothorn|Gyro Ball|p1a: 메타몽
|-resisted|p1a: 메타몽
|-damage|p1a: 메타몽|58/100
|-damage|p2a: Ferrothorn|88/100|[from] ability: Iron Barbs|[of] p1a: 메타몽
|
|-heal|p2a: Ferrothorn|94/100|[from] item: Leftovers
|upkeep
|turn|58
|
|t:|1613010088
|move|p1a: 메타몽|Leech Seed|p2a: Ferrothorn
|-immune|p2a: Ferrothorn
|move|p2a: Ferrothorn|Spikes||[still]
|-fail|p2a: Ferrothorn
|
|-heal|p2a: Ferrothorn|100/100|[from] item: Leftovers
|upkeep
|turn|59
|
|t:|1613010094
|move|p1a: 메타몽|Leech Seed|p2a: Ferrothorn
|-immune|p2a: Ferrothorn
|move|p2a: Ferrothorn|Spikes||[still]
|-fail|p2a: Ferrothorn
|
|upkeep
|turn|60
|j| Jefff 369421
|
|t:|1613010102
|move|p2a: Ferrothorn|Protect|p2a: Ferrothorn
|-singleturn|p2a: Ferrothorn|Protect
|move|p1a: 메타몽|Leech Seed|p2a: Ferrothorn
|-activate|p2a: Ferrothorn|move: Protect
|
|upkeep
|turn|61
|
|t:|1613010109
|move|p2a: Ferrothorn|Protect||[still]
|-fail|p2a: Ferrothorn
|move|p1a: 메타몽|Leech Seed|p2a: Ferrothorn
|-immune|p2a: Ferrothorn
|
|upkeep
|turn|62
|
|t:|1613010114
|switch|p1a: 럭키|Chansey, F|88/100
|-damage|p1a: 럭키|75/100|[from] Stealth Rock
|-damage|p1a: 럭키|50/100|[from] Spikes
|move|p2a: Ferrothorn|Protect||[still]
|-fail|p2a: Ferrothorn
|
|upkeep
|turn|63
|j| skylink42❤
|
|t:|1613010120
|move|p1a: 럭키|Wish|p1a: 럭키
|move|p2a: Ferrothorn|Leech Seed|p1a: 럭키
|-start|p1a: 럭키|move: Leech Seed
|
|-damage|p1a: 럭키|38/100|[from] Leech Seed|[of] p2a: Ferrothorn
|upkeep
|turn|64
|
|t:|1613010126
|switch|p2a: Necrozma|Necrozma-Dusk-Mane|88/100
|move|p1a: 럭키|Toxic|p2a: Necrozma
|-immune|p2a: Necrozma
|
|-heal|p1a: 럭키|88/100|[from] move: Wish|[wisher] 럭키
|-damage|p1a: 럭키|75/100|[from] Leech Seed|[of] p2a: Necrozma
|-heal|p2a: Necrozma|100/100|[silent]
|upkeep
|turn|65
|
|t:|1613010130
|switch|p1a: 메타몽|Ditto|58/100
|-damage|p1a: 메타몽|45/100|[from] Stealth Rock
|-damage|p1a: 메타몽|20/100|[from] Spikes
|-transform|p1a: 메타몽|p2a: Necrozma|[from] ability: Imposter
|move|p2a: Necrozma|Sunsteel Strike|p1a: 메타몽
|-resisted|p1a: 메타몽
|-damage|p1a: 메타몽|4/100
|
|upkeep
|turn|66
|j| natdex garbodr 2
|
|t:|1613010142
|switch|p2a: Ho-Oh|Ho-Oh, shiny|100/100
|move|p1a: 메타몽|Moonlight|p1a: 메타몽
|-heal|p1a: 메타몽|54/100
|
|upkeep
|turn|67
|
|t:|1613010151
|switch|p1a: 악르세우스|Arceus-Dark|88/100
|-damage|p1a: 악르세우스|63/100|[from] Spikes
|-damage|p1a: 악르세우스|51/100|[from] Stealth Rock
|move|p2a: Ho-Oh|Whirlwind|p1a: 악르세우스
|drag|p1a: 아르세우스|Arceus-Fairy|99/100
|-damage|p1a: 아르세우스|75/100|[from] Spikes
|-damage|p1a: 아르세우스|63/100|[from] Stealth Rock
|
|upkeep
|turn|68
|
|t:|1613010159
|move|p1a: 아르세우스|Judgment|p2a: Ho-Oh
|-resisted|p2a: Ho-Oh
|-damage|p2a: Ho-Oh|90/100
|move|p2a: Ho-Oh|Toxic|p1a: 아르세우스
|-status|p1a: 아르세우스|tox
|
|-damage|p1a: 아르세우스|57/100 tox|[from] psn
|upkeep
|turn|69
|
|t:|1613010164
|move|p1a: 아르세우스|Recover|p1a: 아르세우스
|-heal|p1a: 아르세우스|100/100 tox
|move|p2a: Ho-Oh|Whirlwind|p1a: 아르세우스
|drag|p1a: 럭키|Chansey, F|75/100
|-damage|p1a: 럭키|63/100|[from] Stealth Rock
|-damage|p1a: 럭키|38/100|[from] Spikes
|
|upkeep
|turn|70
|
|t:|1613010170
|move|p2a: Ho-Oh|Sacred Fire|p1a: 럭키
|-damage|p1a: 럭키|10/100
|move|p1a: 럭키|Wish|p1a: 럭키
|
|upkeep
|turn|71
|
|t:|1613010178
|move|p1a: 럭키|Protect|p1a: 럭키
|-singleturn|p1a: 럭키|Protect
|move|p2a: Ho-Oh|Whirlwind|p1a: 럭키
|drag|p1a: 메타몽|Ditto|54/100
|-damage|p1a: 메타몽|29/100|[from] Spikes
|-damage|p1a: 메타몽|17/100|[from] Stealth Rock
|-transform|p1a: 메타몽|p2a: Ho-Oh|[from] ability: Imposter
|
|-heal|p1a: 메타몽|100/100|[from] move: Wish|[wisher] 럭키
|upkeep
|turn|72
|
|t:|1613010188
|move|p1a: 메타몽|Defog|p2a: Ho-Oh
|-unboost|p2a: Ho-Oh|evasion|1
|-sideend|p2: AGLTDLC adf|Spikes|[from] move: Defog|[of] p1a: 메타몽
|-sideend|p1: rajof|Spikes|[from] move: Defog|[of] p1a: 메타몽
|-sideend|p1: rajof|Stealth Rock|[from] move: Defog|[of] p1a: 메타몽
|move|p2a: Ho-Oh|Toxic|p1a: 메타몽
|-status|p1a: 메타몽|tox
|
|-damage|p1a: 메타몽|94/100 tox|[from] psn
|upkeep
|turn|73
|
|t:|1613010197
|switch|p1a: 아르세우스|Arceus-Fairy|100/100 tox
|move|p2a: Ho-Oh|Toxic|p1a: 아르세우스
|-fail|p1a: 아르세우스|tox
|
|-damage|p1a: 아르세우스|94/100 tox|[from] psn
|upkeep
|turn|74
|
|t:|1613010202
|switch|p1a: 메타몽|Ditto|100/100 tox
|-transform|p1a: 메타몽|p2a: Ho-Oh|[from] ability: Imposter
|switch|p2a: Ferrothorn|Ferrothorn, M|100/100
|
|-damage|p1a: 메타몽|94/100 tox|[from] psn
|upkeep
|turn|75
|
|t:|1613010209
|move|p2a: Ferrothorn|Protect|p2a: Ferrothorn
|-singleturn|p2a: Ferrothorn|Protect
|move|p1a: 메타몽|Toxic|p2a: Ferrothorn
|-activate|p2a: Ferrothorn|move: Protect
|
|-damage|p1a: 메타몽|82/100 tox|[from] psn
|upkeep
|turn|76
|-message|rajof forfeited.
|
|win|AGLTDLC adf
|l|☆rajof
|c| jerryl309|ay
|l| jerryl309
|l| skylink42❤
