|j|☆agdp
|j|☆MiguelRRM
|t:|1644536507
|gametype|singles
|player|p1|agdp|hilbert|1589
|player|p2|MiguelRRM|169|1870
|teamsize|p1|6
|teamsize|p2|6
|gen|8
|tier|[Gen 8] National Dex AG
|rated|
|rule|HP Percentage Mod: HP is shown in percentages
|rule|Endless Battle Clause: Forcing endless battles is banned
|clearpoke
|poke|p1|Giratina-Origin|
|poke|p1|Ditto|
|poke|p1|Yveltal|
|poke|p1|Arceus-*|
|poke|p1|Dialga|
|poke|p1|Groudon|
|poke|p2|Marshadow|
|poke|p2|Kyogre|
|poke|p2|Arceus-*|
|poke|p2|Groudon|
|poke|p2|Rayquaza|
|poke|p2|Yveltal|
|teampreview
|
|t:|1644536527
|start
|switch|p1a: Arceus|Arceus|100/100
|switch|p2a: Kyogre|Kyogre|100/100
|-weather|RainDance|[from] ability: Drizzle|[of] p2a: Kyogre
|turn|1
|
|t:|1644536542
|switch|p2a: Yveltal|Yveltal|100/100
|-ability|p2a: Yveltal|Dark Aura
|move|p1a: Arceus|Earthquake|p2a: Yveltal
|-immune|p2a: Yveltal
|
|-weather|RainDance|[upkeep]
|upkeep
|turn|2
|
|t:|1644536551
|move|p1a: Arceus|Extreme Speed|p2a: Yveltal
|-damage|p2a: Yveltal|71/100
|-damage|p1a: Arceus|84/100|[from] item: Rocky Helmet|[of] p2a: Yveltal
|-damage|p1a: Arceus|74/100|[from] item: Life Orb
|move|p2a: Yveltal|Foul Play|p1a: Arceus
|-damage|p1a: Arceus|27/100
|
|-weather|RainDance|[upkeep]
|upkeep
|turn|3
|
|t:|1644536562
|move|p1a: Arceus|Extreme Speed|p2a: Yveltal
|-damage|p2a: Yveltal|41/100
|-damage|p1a: Arceus|10/100|[from] item: Rocky Helmet|[of] p2a: Yveltal
|-damage|p1a: Arceus|0 fnt|[from] item: Life Orb
|faint|p1a: Arceus
|move|p2a: Yveltal|Roost|p2a: Yveltal
|-heal|p2a: Yveltal|91/100
|-singleturn|p2a: Yveltal|move: Roost
|
|-weather|RainDance|[upkeep]
|upkeep
|
|t:|1644536574
|switch|p1a: Yveltal|Yveltal, shiny|100/100
|-ability|p1a: Yveltal|Dark Aura
|turn|4
|
|t:|1644536587
|-start|p2a: Yveltal|Dynamax
|-heal|p2a: Yveltal|91/100|[silent]
|move|p1a: Yveltal|Taunt|p2a: Yveltal
|-start|p2a: Yveltal|move: Taunt
|move|p2a: Yveltal|Max Flutterby|p1a: Yveltal
|-damage|p1a: Yveltal|71/100
|-unboost|p1a: Yveltal|spa|1
|
|-weather|RainDance|[upkeep]
|upkeep
|turn|5
|
|t:|1644536601
|move|p1a: Yveltal|Oblivion Wing|p2a: Yveltal
|-damage|p2a: Yveltal|81/100
|-heal|p1a: Yveltal|88/100|[from] drain|[of] p2a: Yveltal
|move|p2a: Yveltal|Max Flutterby|p1a: Yveltal
|-damage|p1a: Yveltal|58/100
|-unboost|p1a: Yveltal|spa|1
|
|-weather|none
|upkeep
|turn|6
|
|t:|1644536619
|move|p1a: Yveltal|Oblivion Wing|p2a: Yveltal
|-damage|p2a: Yveltal|73/100
|-heal|p1a: Yveltal|72/100|[from] drain|[of] p2a: Yveltal
|move|p2a: Yveltal|Max Darkness|p1a: Yveltal
|-resisted|p1a: Yveltal
|-damage|p1a: Yveltal|37/100
|-unboost|p1a: Yveltal|spd|1
|
|-end|p2a: Yveltal|move: Taunt
|-end|p2a: Yveltal|Dynamax
|-heal|p2a: Yveltal|73/100|[silent]
|upkeep
|turn|7
|
|t:|1644536633
|move|p1a: Yveltal|Taunt|p2a: Yveltal
|-start|p2a: Yveltal|move: Taunt
|move|p2a: Yveltal|U-turn|p1a: Yveltal
|-damage|p1a: Yveltal|18/100
|-damage|p2a: Yveltal|57/100|[from] item: Rocky Helmet|[of] p1a: Yveltal
|
|t:|1644536636
|switch|p2a: Kyogre|Kyogre|100/100|[from]move: U-turn
|-weather|RainDance|[from] ability: Drizzle|[of] p2a: Kyogre
|
|-weather|RainDance|[upkeep]
|upkeep
|turn|8
|
|t:|1644536646
|move|p1a: Yveltal|Sucker Punch|p2a: Kyogre
|-damage|p2a: Kyogre|63/100
|move|p2a: Kyogre|Ice Beam|p1a: Yveltal
|-supereffective|p1a: Yveltal
|-damage|p1a: Yveltal|0 fnt
|faint|p1a: Yveltal
|
|-weather|RainDance|[upkeep]
|upkeep
|
|t:|1644536656
|switch|p1a: Groudon|Groudon, shiny|100/100
|detailschange|p1a: Groudon|Groudon-Primal, shiny
|-primal|p1a: Groudon
|-weather|DesolateLand|[from] ability: Desolate Land|[of] p1a: Groudon
|turn|9
|
|t:|1644536663
|move|p2a: Kyogre|Ice Beam|p1a: Groudon
|-damage|p1a: Groudon|67/100
|move|p1a: Groudon|Heat Crash|p2a: Kyogre
|-resisted|p2a: Kyogre
|-damage|p2a: Kyogre|27/100
|
|-weather|DesolateLand|[upkeep]
|upkeep
|turn|10
|
|t:|1644536670
|move|p2a: Kyogre|Ice Beam|p1a: Groudon
|-damage|p1a: Groudon|36/100
|move|p1a: Groudon|Heat Crash|p2a: Kyogre
|-resisted|p2a: Kyogre
|-damage|p2a: Kyogre|0 fnt
|faint|p2a: Kyogre
|
|-weather|DesolateLand|[upkeep]
|upkeep
|
|t:|1644536675
|switch|p2a: Rayquaza|Rayquaza|100/100
|-ability|p2a: Rayquaza|Air Lock
|turn|11
|j| 09-10a
|
|t:|1644536683
|detailschange|p2a: Rayquaza|Rayquaza-Mega
|-mega|p2a: Rayquaza|Rayquaza|
|-weather|DeltaStream|[from] ability: Delta Stream|[of] p2a: Rayquaza
|move|p2a: Rayquaza|Earthquake|p1a: Groudon
|-supereffective|p1a: Groudon
|-damage|p1a: Groudon|0 fnt
|faint|p1a: Groudon
|
|-weather|DeltaStream|[upkeep]
|upkeep
|
|t:|1644536697
|switch|p1a: Ditto|Ditto, shiny|100/100
|-transform|p1a: Ditto|p2a: Rayquaza|[from] ability: Imposter
|turn|12
|
|t:|1644536709
|move|p1a: Ditto|Dragon Ascent|p2a: Rayquaza
|-damage|p2a: Rayquaza|22/100
|-unboost|p1a: Ditto|def|1
|-unboost|p1a: Ditto|spd|1
|move|p2a: Rayquaza|Scale Shot|p1a: Ditto
|-supereffective|p1a: Ditto
|-damage|p1a: Ditto|42/100
|-supereffective|p1a: Ditto
|-damage|p1a: Ditto|0 fnt
|faint|p1a: Ditto
|-hitcount|p1: Ditto|2
|-unboost|p2a: Rayquaza|def|1
|-boost|p2a: Rayquaza|spe|1
|
|-weather|DeltaStream|[upkeep]
|upkeep
|
|t:|1644536726
|switch|p1a: Giratina|Giratina-Origin, shiny|100/100
|turn|13
|
|t:|1644536739
|move|p1a: Giratina|Shadow Sneak|p2a: Rayquaza
|-damage|p2a: Rayquaza|0 fnt
|faint|p2a: Rayquaza
|-weather|none
|
|upkeep
|
|t:|1644536741
|switch|p2a: Yveltal|Yveltal|57/100
|-ability|p2a: Yveltal|Dark Aura
|turn|14
|
|t:|1644536749
|-start|p1a: Giratina|Dynamax
|-heal|p1a: Giratina|100/100|[silent]
|move|p1a: Giratina|Max Wyrmwind|p2a: Yveltal
|-damage|p2a: Yveltal|7/100
|-unboost|p2a: Yveltal|atk|1
|move|p2a: Yveltal|Roost|p2a: Yveltal
|-heal|p2a: Yveltal|57/100
|-singleturn|p2a: Yveltal|move: Roost
|
|upkeep
|turn|15
|
|t:|1644536762
|move|p1a: Giratina|Max Wyrmwind|p2a: Yveltal
|-damage|p2a: Yveltal|2/100
|-unboost|p2a: Yveltal|atk|1
|move|p2a: Yveltal|Roost|p2a: Yveltal
|-heal|p2a: Yveltal|53/100
|-singleturn|p2a: Yveltal|move: Roost
|
|upkeep
|turn|16
|
|t:|1644536777
|switch|p2a: Groudon|Groudon|100/100
|detailschange|p2a: Groudon|Groudon-Primal
|-primal|p2a: Groudon
|-weather|DesolateLand|[from] ability: Desolate Land|[of] p2a: Groudon
|move|p1a: Giratina|Max Wyrmwind|p2a: Groudon
|-damage|p2a: Groudon|57/100
|-unboost|p2a: Groudon|atk|1
|
|-weather|DesolateLand|[upkeep]
|-end|p1a: Giratina|Dynamax
|-heal|p1a: Giratina|100/100|[silent]
|upkeep
|turn|17
|
|t:|1644536791
|move|p1a: Giratina|Hone Claws|p1a: Giratina
|-boost|p1a: Giratina|atk|1
|-boost|p1a: Giratina|accuracy|1
|move|p2a: Groudon|Toxic|p1a: Giratina
|-status|p1a: Giratina|tox
|
|-weather|DesolateLand|[upkeep]
|-damage|p1a: Giratina|94/100 tox|[from] psn
|upkeep
|turn|18
|
|t:|1644536801
|move|p1a: Giratina|Shadow Force||[still]
|-prepare|p1a: Giratina|Shadow Force
|move|p2a: Groudon|Rock Tomb|p1a: Giratina|[miss]
|-miss|p2a: Groudon|p1a: Giratina
|
|-weather|DesolateLand|[upkeep]
|-damage|p1a: Giratina|82/100 tox|[from] psn
|upkeep
|turn|19
|
|t:|1644536809
|move|p1a: Giratina|Shadow Force|p2a: Groudon|[from]lockedmove
|-damage|p2a: Groudon|1/100
|move|p2a: Groudon|Rock Tomb|p1a: Giratina
|-damage|p1a: Giratina|71/100 tox
|-unboost|p1a: Giratina|spe|1
|
|-weather|DesolateLand|[upkeep]
|-damage|p1a: Giratina|53/100 tox|[from] psn
|upkeep
|turn|20
|
|t:|1644536819
|move|p1a: Giratina|Shadow Sneak|p2a: Groudon
|-damage|p2a: Groudon|0 fnt
|faint|p2a: Groudon
|-weather|none
|
|-damage|p1a: Giratina|28/100 tox|[from] psn
|upkeep
|
|t:|1644536897
|switch|p2a: Yveltal|Yveltal|53/100
|-ability|p2a: Yveltal|Dark Aura
|turn|21
|
|t:|1644536908
|move|p2a: Yveltal|Roost|p2a: Yveltal
|-heal|p2a: Yveltal|100/100
|-singleturn|p2a: Yveltal|move: Roost
|move|p1a: Giratina|Outrage|p2a: Yveltal
|-damage|p2a: Yveltal|37/100
|-damage|p1a: Giratina|12/100 tox|[from] item: Rocky Helmet|[of] p2a: Yveltal
|
|-damage|p1a: Giratina|0 fnt|[from] psn
|faint|p1a: Giratina
|upkeep
|
|t:|1644536919
|switch|p1a: Dialga|Dialga, shiny|100/100
|-ability|p1a: Dialga|Pressure
|turn|22
|
|t:|1644536973
|move|p2a: Yveltal|Knock Off|p1a: Dialga
|-damage|p1a: Dialga|69/100
|-enditem|p1a: Dialga|Leftovers|[from] move: Knock Off|[of] p2a: Yveltal
|move|p1a: Dialga|Iron Defense|p1a: Dialga
|-boost|p1a: Dialga|def|2
|
|upkeep
|turn|23
|
|t:|1644536982
|move|p2a: Yveltal|Roost|p2a: Yveltal
|-heal|p2a: Yveltal|87/100
|-singleturn|p2a: Yveltal|move: Roost
|move|p1a: Dialga|Ice Beam|p2a: Yveltal
|-damage|p2a: Yveltal|64/100
|
|upkeep
|turn|24
|
|t:|1644536992
|move|p2a: Yveltal|Knock Off|p1a: Dialga
|-damage|p1a: Dialga|58/100
|move|p1a: Dialga|Iron Defense|p1a: Dialga
|-boost|p1a: Dialga|def|2
|
|upkeep
|turn|25
|
|t:|1644536997
|move|p2a: Yveltal|Roost|p2a: Yveltal
|-heal|p2a: Yveltal|100/100
|-singleturn|p2a: Yveltal|move: Roost
|move|p1a: Dialga|Iron Defense|p1a: Dialga
|-boost|p1a: Dialga|def|2
|
|upkeep
|turn|26
|
|t:|1644537004
|move|p2a: Yveltal|Knock Off|p1a: Dialga
|-damage|p1a: Dialga|53/100
|move|p1a: Dialga|Body Press|p2a: Yveltal
|-crit|p2a: Yveltal
|-damage|p2a: Yveltal|0 fnt
|-damage|p1a: Dialga|36/100|[from] item: Rocky Helmet|[of] p2a: Yveltal
|faint|p2a: Yveltal
|
|upkeep
|
|t:|1644537007
|switch|p2a: Marshadow|Marshadow|100/100
|turn|27
|
|t:|1644537018
|move|p2a: Marshadow|Spectral Thief||[still]
|-clearpositiveboost|p1a: Dialga|p2a: Marshadow|move: Spectral Thief
|-boost|p2a: Marshadow|def|6
|-anim|p2a: Marshadow|Spectral Thief|p1a: Dialga
|-crit|p1a: Dialga
|-damage|p1a: Dialga|0 fnt
|faint|p1a: Dialga
|
|win|MiguelRRM
|raw|agdp's rating: 1589 &rarr; <strong>1582</strong><br />(-7 for losing)
|raw|MiguelRRM's rating: 1870 &rarr; <strong>1877</strong><br />(+7 for winning)
|l|☆agdp
||Ladder isn't responding, score probably updated but might not have (Request timeout).
