|j|☆iopkj09
|j|☆Whitedevil12345678
|t:|1664727306
|gametype|singles
|player|p1|iopkj09|nate|1690
|player|p2|Whitedevil12345678|blue-gen3two|1910
|teamsize|p1|6
|teamsize|p2|6
|gen|8
|tier|[Gen 8] National Dex AG
|rated|
|rule|HP Percentage Mod: HP is shown in percentages
|rule|Endless Battle Clause: Forcing endless battles is banned
|clearpoke
|poke|p1|Yveltal|
|poke|p1|Xerneas-*|
|poke|p1|Rayquaza|
|poke|p1|Ditto|
|poke|p1|Melmetal|
|poke|p1|Arceus-*|
|poke|p2|Arceus-*|
|poke|p2|Ditto|
|poke|p2|Tapu Fini|
|poke|p2|Arceus-*|
|poke|p2|Groudon|
|poke|p2|Zygarde|
|teampreview
|inactive|Battle timer is ON: inactive players will automatically lose when time's up. (requested by iopkj09)
|inactive|Whitedevil12345678 also wants the timer to be on.
|
|t:|1664727319
|start
|switch|p1a: Yveltal|Yveltal, shiny|100/100
|switch|p2a: Zygarde|Zygarde, shiny|100/100
|-ability|p1a: Yveltal|Dark Aura
|turn|1
|
|t:|1664727335
|-start|p1a: Yveltal|Dynamax|
|-heal|p1a: Yveltal|100/100|[silent]
|move|p1a: Yveltal|Max Darkness|p2a: Zygarde
|-damage|p2a: Zygarde|40/100
|-unboost|p2a: Zygarde|spd|1
|move|p2a: Zygarde|Glare|p1a: Yveltal
|-status|p1a: Yveltal|par
|
|-activate|p2a: Zygarde|ability: Power Construct
|detailschange|p2a: Zygarde|Zygarde-Complete, shiny
|-heal|p2a: Zygarde|60/100|[silent]
|upkeep
|turn|2
|
|t:|1664727351
|switch|p2a: Tapu Fini|Tapu Fini, shiny|100/100
|-fieldstart|move: Misty Terrain|[from] ability: Misty Surge|[of] p2a: Tapu Fini
|move|p1a: Yveltal|Max Airstream|p2a: Tapu Fini
|-damage|p2a: Tapu Fini|33/100
|-boost|p1a: Yveltal|spe|1
|
|-heal|p2a: Tapu Fini|39/100|[from] item: Leftovers
|upkeep
|turn|3
|
|t:|1664727356
|move|p2a: Tapu Fini|Draining Kiss|p1a: Yveltal
|-supereffective|p1a: Yveltal
|-damage|p1a: Yveltal|88/100 par
|-heal|p2a: Tapu Fini|65/100|[from] drain|[of] p1a: Yveltal
|cant|p1a: Yveltal|par
|
|-heal|p2a: Tapu Fini|71/100|[from] item: Leftovers
|upkeep
|-end|p1a: Yveltal|Dynamax
|-heal|p1a: Yveltal|88/100 par|[silent]
|turn|4
|
|t:|1664727362
|switch|p1a: Xerneas|Xerneas, shiny|100/100
|-ability|p1a: Xerneas|Fairy Aura
|move|p2a: Tapu Fini|Calm Mind|p2a: Tapu Fini
|-boost|p2a: Tapu Fini|spa|1
|-boost|p2a: Tapu Fini|spd|1
|
|-heal|p2a: Tapu Fini|77/100|[from] item: Leftovers
|upkeep
|turn|5
|
|t:|1664727365
|move|p1a: Xerneas|Geomancy||[still]
|-prepare|p1a: Xerneas|Geomancy
|-enditem|p1a: Xerneas|Power Herb
|-anim|p1a: Xerneas|Geomancy|p1a: Xerneas
|-boost|p1a: Xerneas|spa|2
|-boost|p1a: Xerneas|spd|2
|-boost|p1a: Xerneas|spe|2
|move|p2a: Tapu Fini|Taunt|p1a: Xerneas
|-start|p1a: Xerneas|move: Taunt
|
|-heal|p2a: Tapu Fini|83/100|[from] item: Leftovers
|upkeep
|turn|6
|
|t:|1664727370
|move|p1a: Xerneas|Thunderbolt|p2a: Tapu Fini
|-supereffective|p2a: Tapu Fini
|-damage|p2a: Tapu Fini|0 fnt
|faint|p2a: Tapu Fini
|
|-fieldend|Misty Terrain
|upkeep
|
|t:|1664727374
|switch|p2a: Groudon|Groudon|100/100
|detailschange|p2a: Groudon|Groudon-Primal
|-primal|p2a: Groudon
|-weather|DesolateLand|[from] ability: Desolate Land|[of] p2a: Groudon
|turn|7
|
|t:|1664727380
|move|p1a: Xerneas|Draining Kiss|p2a: Groudon
|-resisted|p2a: Groudon
|-damage|p2a: Groudon|66/100
|move|p2a: Groudon|Fire Punch|p1a: Xerneas
|-damage|p1a: Xerneas|46/100
|-status|p1a: Xerneas|brn
|
|-weather|DesolateLand|[upkeep]
|-damage|p1a: Xerneas|40/100 brn|[from] brn
|upkeep
|turn|8
|
|t:|1664727383
|move|p1a: Xerneas|Draining Kiss|p2a: Groudon
|-resisted|p2a: Groudon
|-damage|p2a: Groudon|33/100
|-heal|p1a: Xerneas|65/100 brn|[from] drain|[of] p2a: Groudon
|move|p2a: Groudon|Stealth Rock|p1a: Xerneas
|-sidestart|p1: iopkj09|move: Stealth Rock
|
|-weather|DesolateLand|[upkeep]
|-damage|p1a: Xerneas|59/100 brn|[from] brn
|-end|p1a: Xerneas|move: Taunt
|upkeep
|turn|9
|
|t:|1664727387
|move|p1a: Xerneas|Draining Kiss|p2a: Groudon
|-resisted|p2a: Groudon
|-damage|p2a: Groudon|0 fnt
|-heal|p1a: Xerneas|84/100 brn|[from] drain|[of] p2a: Groudon
|faint|p2a: Groudon
|-weather|none
|
|-damage|p1a: Xerneas|78/100 brn|[from] brn
|upkeep
|
|t:|1664727391
|switch|p2a: Ditto|Ditto, shiny|100/100
|-transform|p2a: Ditto|p1a: Xerneas|[from] ability: Imposter
|-ability|p2a: Ditto|Fairy Aura
|turn|10
|
|t:|1664727394
|-start|p2a: Ditto|Dynamax|
|-heal|p2a: Ditto|100/100|[silent]
|move|p2a: Ditto|Max Starfall|p1a: Xerneas
|-damage|p1a: Xerneas|6/100 brn
|-fieldstart|move: Misty Terrain
|move|p1a: Xerneas|Draining Kiss|p2a: Ditto
|-damage|p2a: Ditto|79/100
|-heal|p1a: Xerneas|30/100 brn|[from] drain|[of] p2a: Ditto
|
|-damage|p1a: Xerneas|24/100 brn|[from] brn
|upkeep
|turn|11
|
|t:|1664727397
|move|p1a: Xerneas|Draining Kiss|p2a: Ditto
|-damage|p2a: Ditto|58/100
|-heal|p1a: Xerneas|48/100 brn|[from] drain|[of] p2a: Ditto
|move|p2a: Ditto|Max Starfall|p1a: Xerneas
|-damage|p1a: Xerneas|0 fnt
|faint|p1a: Xerneas
|
|upkeep
|
|t:|1664727405
|switch|p1a: Arceus|Arceus|100/100
|-damage|p1a: Arceus|88/100|[from] Stealth Rock
|turn|12
|
|t:|1664727409
|move|p1a: Arceus|Protect|p1a: Arceus
|-singleturn|p1a: Arceus|Protect
|move|p2a: Ditto|Max Starfall|p1a: Arceus
|-zbroken|p1a: Arceus
|-damage|p1a: Arceus|66/100
|
|upkeep
|-end|p2a: Ditto|Dynamax
|-heal|p2a: Ditto|58/100|[silent]
|turn|13
|
|t:|1664727413
|move|p2a: Ditto|Draining Kiss|p1a: Arceus
|-damage|p1a: Arceus|15/100
|-heal|p2a: Ditto|100/100|[from] drain|[of] p1a: Arceus
|move|p1a: Arceus|Toxic|p2a: Ditto
|-activate|p2a: Ditto|move: Misty Terrain
|
|upkeep
|turn|14
|
|t:|1664727419
|move|p2a: Ditto|Draining Kiss|p1a: Arceus
|-damage|p1a: Arceus|0 fnt
|faint|p1a: Arceus
|
|-fieldend|Misty Terrain
|upkeep
|
|t:|1664727420
|switch|p1a: Melmetal|Melmetal, shiny|100/100
|-damage|p1a: Melmetal|94/100|[from] Stealth Rock
|turn|15
|
|t:|1664727423
|switch|p2a: Zygarde|Zygarde-Complete, shiny|60/100
|move|p1a: Melmetal|Double Iron Bash|p2a: Zygarde
|-damage|p2a: Zygarde|42/100
|-damage|p2a: Zygarde|21/100
|-hitcount|p2a: Zygarde|2
|
|upkeep
|turn|16
|
|t:|1664727429
|switch|p1a: Yveltal|Yveltal, shiny|88/100 par
|-damage|p1a: Yveltal|63/100 par|[from] Stealth Rock
|-ability|p1a: Yveltal|Dark Aura
|move|p2a: Zygarde|Rest|p2a: Zygarde
|-status|p2a: Zygarde|slp|[from] move: Rest
|-heal|p2a: Zygarde|100/100 slp|[silent]
|-enditem|p2a: Zygarde|Chesto Berry|[eat]
|-curestatus|p2a: Zygarde|slp|[msg]
|
|upkeep
|turn|17
|
|t:|1664727432
|move|p2a: Zygarde|Coil|p2a: Zygarde
|-boost|p2a: Zygarde|atk|1
|-boost|p2a: Zygarde|def|1
|-boost|p2a: Zygarde|accuracy|1
|move|p1a: Yveltal|Dark Pulse|p2a: Zygarde
|-damage|p2a: Zygarde|75/100
|
|upkeep
|turn|18
|
|t:|1664727439
|move|p2a: Zygarde|Thousand Arrows|p1a: Yveltal
|-damage|p1a: Yveltal|19/100 par
|-start|p1a: Yveltal|Smack Down
|cant|p1a: Yveltal|par
|
|upkeep
|turn|19
|
|t:|1664727443
|cant|p1a: Yveltal|par
|move|p2a: Zygarde|Thousand Arrows|p1a: Yveltal
|-damage|p1a: Yveltal|0 fnt
|faint|p1a: Yveltal
|
|upkeep
|
|t:|1664727445
|switch|p1a: Ditto|Ditto, shiny|100/100
|-damage|p1a: Ditto|88/100|[from] Stealth Rock
|-transform|p1a: Ditto|p2a: Zygarde|[from] ability: Imposter
|turn|20
|
|t:|1664727449
|move|p1a: Ditto|Glare|p2a: Zygarde
|-status|p2a: Zygarde|par
|move|p2a: Zygarde|Glare|p1a: Ditto
|-status|p1a: Ditto|par
|
|upkeep
|turn|21
|
|t:|1664727451
|switch|p1a: Melmetal|Melmetal, shiny|94/100
|-damage|p1a: Melmetal|88/100|[from] Stealth Rock
|cant|p2a: Zygarde|par
|
|upkeep
|turn|22
|
|t:|1664727454
|move|p1a: Melmetal|Ice Punch|p2a: Zygarde
|-supereffective|p2a: Zygarde
|-damage|p2a: Zygarde|33/100 par
|move|p2a: Zygarde|Glare|p1a: Melmetal
|-status|p1a: Melmetal|par
|
|upkeep
|turn|23
|
|t:|1664727460
|move|p2a: Zygarde|Rest|p2a: Zygarde
|-status|p2a: Zygarde|slp|[from] move: Rest
|-heal|p2a: Zygarde|100/100 slp|[silent]
|move|p1a: Melmetal|Ice Punch|p2a: Zygarde
|-supereffective|p2a: Zygarde
|-damage|p2a: Zygarde|59/100 slp
|
|upkeep
|turn|24
|
|t:|1664727462
|cant|p2a: Zygarde|slp
|cant|p1a: Melmetal|par
|
|upkeep
|turn|25
|
|t:|1664727465
|cant|p2a: Zygarde|slp
|move|p1a: Melmetal|Ice Punch|p2a: Zygarde
|-supereffective|p2a: Zygarde
|-damage|p2a: Zygarde|12/100 slp
|
|upkeep
|turn|26
|
|t:|1664727469
|-curestatus|p2a: Zygarde|slp|[msg]
|move|p2a: Zygarde|Rest|p2a: Zygarde
|-status|p2a: Zygarde|slp|[from] move: Rest
|-heal|p2a: Zygarde|100/100 slp|[silent]
|move|p1a: Melmetal|Ice Punch|p2a: Zygarde
|-supereffective|p2a: Zygarde
|-damage|p2a: Zygarde|53/100 slp
|
|upkeep
|turn|27
|
|t:|1664727472
|cant|p2a: Zygarde|slp
|move|p1a: Melmetal|Ice Punch|p2a: Zygarde
|-supereffective|p2a: Zygarde
|-damage|p2a: Zygarde|6/100 slp
|
|upkeep
|turn|28
|
|t:|1664727477
|cant|p2a: Zygarde|slp
|cant|p1a: Melmetal|par
|
|upkeep
|turn|29
|
|t:|1664727482
|-curestatus|p2a: Zygarde|slp|[msg]
|move|p2a: Zygarde|Thousand Arrows|p1a: Melmetal
|-supereffective|p1a: Melmetal
|-damage|p1a: Melmetal|40/100 par
|move|p1a: Melmetal|Ice Punch|p2a: Zygarde
|-supereffective|p2a: Zygarde
|-damage|p2a: Zygarde|0 fnt
|faint|p2a: Zygarde
|
|upkeep
|
|t:|1664727492
|switch|p2a: Arceus|Arceus-Steel|100/100
|turn|30
|
|t:|1664727494
|move|p2a: Arceus|Iron Defense|p2a: Arceus
|-boost|p2a: Arceus|def|2
|cant|p1a: Melmetal|par
|
|upkeep
|turn|31
|
|t:|1664727498
|switch|p1a: Rayquaza|Rayquaza|100/100
|-damage|p1a: Rayquaza|75/100|[from] Stealth Rock
|-ability|p1a: Rayquaza|Air Lock
|move|p2a: Arceus|Iron Defense|p2a: Arceus
|-boost|p2a: Arceus|def|2
|
|upkeep
|turn|32
|
|t:|1664727500
|detailschange|p1a: Rayquaza|Rayquaza-Mega
|-mega|p1a: Rayquaza|Rayquaza|
|-weather|DeltaStream|[from] ability: Delta Stream|[of] p1a: Rayquaza
|move|p2a: Arceus|Calm Mind|p2a: Arceus
|-boost|p2a: Arceus|spa|1
|-boost|p2a: Arceus|spd|1
|move|p1a: Rayquaza|Dragon Dance|p1a: Rayquaza
|-boost|p1a: Rayquaza|atk|1
|-boost|p1a: Rayquaza|spe|1
|
|-weather|DeltaStream|[upkeep]
|upkeep
|turn|33
|
|t:|1664727503
|move|p1a: Rayquaza|Dragon Dance|p1a: Rayquaza
|-boost|p1a: Rayquaza|atk|1
|-boost|p1a: Rayquaza|spe|1
|move|p2a: Arceus|Judgment|p1a: Rayquaza
|-damage|p1a: Rayquaza|10/100
|
|-weather|DeltaStream|[upkeep]
|upkeep
|turn|34
|
|t:|1664727507
|move|p1a: Rayquaza|Earthquake|p2a: Arceus
|-supereffective|p2a: Arceus
|-damage|p2a: Arceus|64/100
|move|p2a: Arceus|Judgment|p1a: Rayquaza
|-damage|p1a: Rayquaza|0 fnt
|faint|p1a: Rayquaza
|-weather|none
|
|upkeep
|
|t:|1664727511
|switch|p1a: Ditto|Ditto, shiny|88/100 par
|-damage|p1a: Ditto|76/100 par|[from] Stealth Rock
|-transform|p1a: Ditto|p2a: Arceus|[from] ability: Imposter
|turn|35
|
|t:|1664727517
|move|p2a: Arceus|Calm Mind|p2a: Arceus
|-boost|p2a: Arceus|spa|1
|-boost|p2a: Arceus|spd|1
|move|p1a: Ditto|Judgment|p2a: Arceus
|-resisted|p2a: Arceus
|-damage|p2a: Arceus|57/100
|
|upkeep
|turn|36
|
|t:|1664727520
|switch|p1a: Melmetal|Melmetal, shiny|40/100 par
|-damage|p1a: Melmetal|34/100 par|[from] Stealth Rock
|move|p2a: Arceus|Calm Mind|p2a: Arceus
|-boost|p2a: Arceus|spa|1
|-boost|p2a: Arceus|spd|1
|
|upkeep
|turn|37
|
|t:|1664727523
|move|p2a: Arceus|Iron Defense|p2a: Arceus
|-boost|p2a: Arceus|def|2
|move|p1a: Melmetal|Earthquake|p2a: Arceus
|-supereffective|p2a: Arceus
|-damage|p2a: Arceus|43/100
|
|upkeep
|turn|38
|
|t:|1664727528
|move|p2a: Arceus|Recover|p2a: Arceus
|-heal|p2a: Arceus|93/100
|move|p1a: Melmetal|Earthquake|p2a: Arceus
|-supereffective|p2a: Arceus
|-damage|p2a: Arceus|79/100
|
|upkeep
|turn|39
|
|t:|1664727531
|move|p2a: Arceus|Judgment|p1a: Melmetal
|-resisted|p1a: Melmetal
|-damage|p1a: Melmetal|0 fnt
|faint|p1a: Melmetal
|
|upkeep
|
|t:|1664727533
|switch|p1a: Ditto|Ditto, shiny|76/100 par
|-damage|p1a: Ditto|63/100 par|[from] Stealth Rock
|-transform|p1a: Ditto|p2a: Arceus|[from] ability: Imposter
|turn|40
|
|t:|1664727537
|move|p2a: Arceus|Judgment|p1a: Ditto
|-resisted|p1a: Ditto
|-damage|p1a: Ditto|42/100 par
|move|p1a: Ditto|Judgment|p2a: Arceus
|-resisted|p2a: Arceus
|-damage|p2a: Arceus|71/100
|
|upkeep
|turn|41
|-message|iopkj09 forfeited.
|
|win|Whitedevil12345678
|raw|iopkj09's rating: 1705 &rarr; <strong>1696</strong><br />(-9 for losing)
|raw|Whitedevil12345678's rating: 1910 &rarr; <strong>1919</strong><br />(+9 for winning)
|l|☆iopkj09
|j|☆iopkj09
|player|p1|iopkj09|nate
|l|☆iopkj09
|player|p1|
