|j|☆Freeity
|j|☆Im_Snoopyspitz
|t:|1649898212
|gametype|singles
|player|p1|Freeity|iris-gen5bw2|
|player|p2|Im_Snoopyspitz|steven|
|teamsize|p1|6
|teamsize|p2|6
|gen|8
|tier|[Gen 8] National Dex AG
|rule|HP Percentage Mod: HP is shown in percentages
|rule|Endless Battle Clause: Forcing endless battles is banned
|clearpoke
|poke|p1|Calyrex-Ice|
|poke|p1|Yveltal|
|poke|p1|Necrozma-Dusk-Mane|
|poke|p1|Zygarde|
|poke|p1|Chansey, F|
|poke|p1|Rayquaza|
|poke|p2|Necrozma-Dusk-Mane|
|poke|p2|Zacian-*|
|poke|p2|Zacian-*|
|poke|p2|Rayquaza|
|poke|p2|Groudon|
|poke|p2|Mienshao, M|
|teampreview
|inactive|Battle timer is ON: inactive players will automatically lose when time's up. (requested by Freeity)
|
|t:|1649898238
|start
|switch|p1a: Zygarde|Zygarde|100/100
|switch|p2a: Zacian|Zacian-Crowned|100/100
|-ability|p2a: Zacian|Intrepid Sword|boost
|-boost|p2a: Zacian|atk|1
|turn|1
|
|t:|1649898249
|switch|p1a: Necrozma|Necrozma-Dusk-Mane|100/100
|move|p2a: Zacian|Behemoth Blade|p1a: Necrozma
|-resisted|p1a: Necrozma
|-damage|p1a: Necrozma|76/100
|-damage|p2a: Zacian|84/100|[from] item: Rocky Helmet|[of] p1a: Necrozma
|
|upkeep
|turn|2
|
|t:|1649898258
|switch|p2a: Necrozma|Necrozma-Dusk-Mane|100/100
|move|p1a: Necrozma|Moonlight|p1a: Necrozma
|-heal|p1a: Necrozma|100/100
|
|upkeep
|turn|3
|
|t:|1649898261
|switch|p1a: Zygarde|Zygarde|100/100
|move|p2a: Necrozma|Dragon Dance|p2a: Necrozma
|-boost|p2a: Necrozma|atk|1
|-boost|p2a: Necrozma|spe|1
|
|upkeep
|turn|4
|j| 1hfkqhwhrelk
|
|t:|1649898267
|-start|p2a: Necrozma|Dynamax|
|-heal|p2a: Necrozma|100/100|[silent]
|move|p2a: Necrozma|Max Steelspike|p1a: Zygarde
|-damage|p1a: Zygarde|38/100
|-boost|p2a: Necrozma|def|1
|move|p1a: Zygarde|Haze|p1a: Zygarde
|-clearallboost
|
|-heal|p1a: Zygarde|45/100|[from] item: Leftovers
|-activate|p1a: Zygarde|ability: Power Construct
|detailschange|p1a: Zygarde|Zygarde-Complete
|-heal|p1a: Zygarde|64/100|[silent]
|upkeep
|turn|5
|c|☆Im_Snoopyspitz|fuck
|
|t:|1649898279
|move|p2a: Necrozma|Max Steelspike|p1a: Zygarde
|-damage|p1a: Zygarde|32/100
|-boost|p2a: Necrozma|def|1
|move|p1a: Zygarde|Coil|p1a: Zygarde
|-boost|p1a: Zygarde|atk|1
|-boost|p1a: Zygarde|def|1
|-boost|p1a: Zygarde|accuracy|1
|
|-heal|p1a: Zygarde|38/100|[from] item: Leftovers
|upkeep
|turn|6
|
|t:|1649898286
|move|p2a: Necrozma|Max Steelspike|p1a: Zygarde
|-damage|p1a: Zygarde|17/100
|-boost|p2a: Necrozma|def|1
|move|p1a: Zygarde|Rest|p1a: Zygarde
|-status|p1a: Zygarde|slp|[from] move: Rest
|-heal|p1a: Zygarde|100/100 slp|[silent]
|
|-end|p2a: Necrozma|Dynamax
|-heal|p2a: Necrozma|100/100|[silent]
|upkeep
|turn|7
|c|☆Im_Snoopyspitz|oh i cant say that word
|
|t:|1649898294
|move|p2a: Necrozma|Dragon Dance|p2a: Necrozma
|-boost|p2a: Necrozma|atk|1
|-boost|p2a: Necrozma|spe|1
|cant|p1a: Zygarde|slp
|
|upkeep
|turn|8
|
|t:|1649898298
|move|p2a: Necrozma|Dragon Dance|p2a: Necrozma
|-boost|p2a: Necrozma|atk|1
|-boost|p2a: Necrozma|spe|1
|cant|p1a: Zygarde|slp
|
|upkeep
|turn|9
|j| Vxinsality❤️
|
|t:|1649898305
|move|p2a: Necrozma|Dragon Dance|p2a: Necrozma
|-boost|p2a: Necrozma|atk|1
|-boost|p2a: Necrozma|spe|1
|-curestatus|p1a: Zygarde|slp|[msg]
|move|p1a: Zygarde|Coil|p1a: Zygarde
|-boost|p1a: Zygarde|atk|1
|-boost|p1a: Zygarde|def|1
|-boost|p1a: Zygarde|accuracy|1
|
|upkeep
|turn|10
|
|t:|1649898309
|move|p2a: Necrozma|Sunsteel Strike|p1a: Zygarde
|-damage|p1a: Zygarde|72/100
|move|p1a: Zygarde|Haze|p1a: Zygarde
|-clearallboost
|
|-heal|p1a: Zygarde|78/100|[from] item: Leftovers
|upkeep
|turn|11
|
|t:|1649898313
|move|p2a: Necrozma|Knock Off|p1a: Zygarde
|-damage|p1a: Zygarde|63/100
|-enditem|p1a: Zygarde|Leftovers|[from] move: Knock Off|[of] p2a: Necrozma
|move|p1a: Zygarde|Coil|p1a: Zygarde
|-boost|p1a: Zygarde|atk|1
|-boost|p1a: Zygarde|def|1
|-boost|p1a: Zygarde|accuracy|1
|
|upkeep
|turn|12
|
|t:|1649898317
|move|p2a: Necrozma|Dragon Dance|p2a: Necrozma
|-boost|p2a: Necrozma|atk|1
|-boost|p2a: Necrozma|spe|1
|move|p1a: Zygarde|Coil|p1a: Zygarde
|-boost|p1a: Zygarde|atk|1
|-boost|p1a: Zygarde|def|1
|-boost|p1a: Zygarde|accuracy|1
|
|upkeep
|turn|13
|
|t:|1649898320
|move|p2a: Necrozma|Dragon Dance|p2a: Necrozma
|-boost|p2a: Necrozma|atk|1
|-boost|p2a: Necrozma|spe|1
|move|p1a: Zygarde|Coil|p1a: Zygarde
|-boost|p1a: Zygarde|atk|1
|-boost|p1a: Zygarde|def|1
|-boost|p1a: Zygarde|accuracy|1
|
|upkeep
|turn|14
|
|t:|1649898322
|move|p2a: Necrozma|Sunsteel Strike|p1a: Zygarde
|-damage|p1a: Zygarde|46/100
|move|p1a: Zygarde|Coil|p1a: Zygarde
|-boost|p1a: Zygarde|atk|1
|-boost|p1a: Zygarde|def|1
|-boost|p1a: Zygarde|accuracy|1
|
|upkeep
|turn|15
|c| Vxinsality❤️|Cool team slow I have a tad bit more respect for you now
|
|t:|1649898331
|move|p2a: Necrozma|Dragon Dance|p2a: Necrozma
|-boost|p2a: Necrozma|atk|1
|-boost|p2a: Necrozma|spe|1
|move|p1a: Zygarde|Coil|p1a: Zygarde
|-boost|p1a: Zygarde|atk|1
|-boost|p1a: Zygarde|def|1
|-boost|p1a: Zygarde|accuracy|1
|
|upkeep
|turn|16
|
|t:|1649898335
|move|p2a: Necrozma|Sunsteel Strike|p1a: Zygarde
|-damage|p1a: Zygarde|31/100
|move|p1a: Zygarde|Thousand Arrows|p2a: Necrozma
|-supereffective|p2a: Necrozma
|-damage|p2a: Necrozma|0 fnt
|faint|p2a: Necrozma
|
|upkeep
|
|t:|1649898346
|switch|p2a: Rayquaza|Rayquaza|100/100
|-ability|p2a: Rayquaza|Air Lock
|turn|17
|c|☆Freeity|now i 6-0
|
|t:|1649898351
|detailschange|p2a: Rayquaza|Rayquaza-Mega
|-mega|p2a: Rayquaza|Rayquaza|
|-weather|DeltaStream|[from] ability: Delta Stream|[of] p2a: Rayquaza
|move|p2a: Rayquaza|Outrage|p1a: Zygarde
|-supereffective|p1a: Zygarde
|-damage|p1a: Zygarde|16/100
|move|p1a: Zygarde|Rest|p1a: Zygarde
|-status|p1a: Zygarde|slp|[from] move: Rest
|-heal|p1a: Zygarde|100/100 slp|[silent]
|
|-weather|DeltaStream|[upkeep]
|upkeep
|turn|18
|
|t:|1649898356
|move|p2a: Rayquaza|Outrage|p1a: Zygarde|[from]lockedmove
|-supereffective|p1a: Zygarde
|-damage|p1a: Zygarde|83/100 slp
|cant|p1a: Zygarde|slp
|
|-weather|DeltaStream|[upkeep]
|upkeep
|turn|19
|c|☆Im_Snoopyspitz|no
|
|t:|1649898364
|move|p2a: Rayquaza|Outrage|p1a: Zygarde|[from]lockedmove
|-supereffective|p1a: Zygarde
|-damage|p1a: Zygarde|66/100 slp
|-start|p2a: Rayquaza|confusion|[fatigue]
|cant|p1a: Zygarde|slp
|
|-weather|DeltaStream|[upkeep]
|upkeep
|turn|20
|c|☆Im_Snoopyspitz|i 6-0
|c|☆Im_Snoopyspitz|you just dont know it
|
|t:|1649898372
|-weather|none
|switch|p2a: Zacian|Zacian-Crowned|84/100
|-ability|p2a: Zacian|Intrepid Sword|boost
|-boost|p2a: Zacian|atk|1
|-curestatus|p1a: Zygarde|slp|[msg]
|move|p1a: Zygarde|Thousand Arrows|p2a: Zacian
|-supereffective|p2a: Zacian
|-damage|p2a: Zacian|0 fnt
|faint|p2a: Zacian
|
|upkeep
|
|t:|1649898373
|switch|p2a: Mienshao|Mienshao, M|100/100
|turn|21
|
|t:|1649898381
|-start|p1a: Zygarde|Dynamax|
|-heal|p1a: Zygarde|66/100|[silent]
|move|p2a: Mienshao|Focus Blast|p1a: Zygarde
|-damage|p1a: Zygarde|52/100
|move|p1a: Zygarde|Max Quake|p2a: Mienshao
|-damage|p2a: Mienshao|0 fnt
|-boost|p1a: Zygarde|spd|1
|faint|p2a: Mienshao
|
|upkeep
|c|☆Im_Snoopyspitz|fuck
|
|t:|1649898389
|switch|p2a: Groudon|Groudon|100/100
|detailschange|p2a: Groudon|Groudon-Primal
|-primal|p2a: Groudon
|-weather|DesolateLand|[from] ability: Desolate Land|[of] p2a: Groudon
|turn|22
|
|t:|1649898393
|move|p2a: Groudon|Fire Punch|p1a: Zygarde
|-resisted|p1a: Zygarde
|-damage|p1a: Zygarde|50/100
|move|p1a: Zygarde|Max Quake|p2a: Groudon
|-supereffective|p2a: Groudon
|-damage|p2a: Groudon|0 fnt
|-boost|p1a: Zygarde|spd|1
|faint|p2a: Groudon
|-weather|none
|
|upkeep
|
|t:|1649898395
|switch|p2a: Rayquaza|Rayquaza-Mega|100/100
|-weather|DeltaStream|[from] ability: Delta Stream|[of] p2a: Rayquaza
|turn|23
|c|☆Freeity|gg?
|
|t:|1649898400
|move|p2a: Rayquaza|Dragon Ascent|p1a: Zygarde
|-damage|p1a: Zygarde|47/100
|-unboost|p2a: Rayquaza|def|1
|-unboost|p2a: Rayquaza|spd|1
|move|p1a: Zygarde|Max Quake|p2a: Rayquaza
|-immune|p2a: Rayquaza
|
|-weather|DeltaStream|[upkeep]
|-end|p1a: Zygarde|Dynamax
|-heal|p1a: Zygarde|47/100|[silent]
|upkeep
|turn|24
|c| Vxinsality❤️|Yikes
|c|☆Im_Snoopyspitz|no
|
|t:|1649898403
|move|p2a: Rayquaza|Dragon Ascent|p1a: Zygarde
|-damage|p1a: Zygarde|39/100
|-unboost|p2a: Rayquaza|def|1
|-unboost|p2a: Rayquaza|spd|1
|move|p1a: Zygarde|Thousand Arrows|p2a: Rayquaza
|-damage|p2a: Rayquaza|0 fnt
|faint|p2a: Rayquaza
|-weather|none
|
|upkeep
|
|t:|1649898405
|switch|p2a: Zacian|Zacian-Crowned|100/100
|-ability|p2a: Zacian|Intrepid Sword|boost
|-boost|p2a: Zacian|atk|1
|turn|25
|
|t:|1649898408
|move|p2a: Zacian|Behemoth Blade|p1a: Zygarde
|-damage|p1a: Zygarde|31/100
|move|p1a: Zygarde|Thousand Arrows|p2a: Zacian
|-supereffective|p2a: Zacian
|-damage|p2a: Zacian|0 fnt
|faint|p2a: Zacian
|
|win|Freeity
|c|☆Freeity|gg
|c|☆Im_Snoopyspitz|my mienshao carried
|c|☆Freeity|yes
