|j|☆Diancie_hhh
|j|☆High ladder bros
|t:|1661661864
|gametype|singles
|player|p1|Diancie_hhh|266|1678
|player|p2|High ladder bros|adaman|1721
|teamsize|p1|6
|teamsize|p2|6
|gen|8
|tier|[Gen 8] National Dex AG
|rated|
|rule|HP Percentage Mod: HP is shown in percentages
|rule|Endless Battle Clause: Forcing endless battles is banned
|clearpoke
|poke|p1|Arceus-*|
|poke|p1|Zacian-*|
|poke|p1|Groudon|
|poke|p1|Ho-Oh|
|poke|p1|Zygarde|
|poke|p1|Weavile, F|
|poke|p2|Rayquaza|
|poke|p2|Arceus-*|
|poke|p2|Arceus-*|
|poke|p2|Tyranitar, M|
|poke|p2|Ho-Oh|
|poke|p2|Necrozma-Dusk-Mane|
|teampreview
|inactive|Battle timer is ON: inactive players will automatically lose when time's up. (requested by High ladder bros)
|
|t:|1661661881
|start
|switch|p1a: Zygarde|Zygarde, shiny|100/100
|switch|p2a: 1|Rayquaza|100/100
|-ability|p2a: 1|Air Lock
|turn|1
|
|t:|1661661885
|detailschange|p2a: 1|Rayquaza-Mega
|-mega|p2a: 1|Rayquaza|
|-weather|DeltaStream|[from] ability: Delta Stream|[of] p2a: 1
|move|p2a: 1|Draco Meteor|p1a: Zygarde|[miss]
|-miss|p2a: 1|p1a: Zygarde
|move|p1a: Zygarde|Glare|p2a: 1
|-status|p2a: 1|par
|
|-weather|DeltaStream|[upkeep]
|upkeep
|turn|2
|
|t:|1661661917
|switch|p1a: Arceus|Arceus, shiny|100/100
|-weather|none
|switch|p2a: Arceus|Arceus-Water, shiny|100/100
|
|upkeep
|turn|3
|
|t:|1661661924
|switch|p1a: 大地之神|Groudon, shiny|100/100
|detailschange|p1a: 大地之神|Groudon-Primal, shiny
|-primal|p1a: 大地之神
|-weather|DesolateLand|[from] ability: Desolate Land|[of] p1a: 大地之神
|move|p2a: Arceus|Will-O-Wisp|p1a: 大地之神|[miss]
|-miss|p2a: Arceus|p1a: 大地之神
|
|-weather|DesolateLand|[upkeep]
|upkeep
|turn|4
|
|t:|1661661932
|switch|p2a: 1|Rayquaza-Mega|100/100 par
|-weather|DeltaStream|[from] ability: Delta Stream|[of] p2a: 1
|move|p1a: 大地之神|Stealth Rock|p2a: 1
|-sidestart|p2: High ladder bros|move: Stealth Rock
|
|-weather|DeltaStream|[upkeep]
|upkeep
|turn|5
|
|t:|1661661939
|move|p2a: 1|Dragon Ascent|p1a: 大地之神
|-damage|p1a: 大地之神|32/100
|-unboost|p2a: 1|def|1
|-unboost|p2a: 1|spd|1
|move|p1a: 大地之神|Roar|p2a: 1
|-weather|none
|drag|p2a: Necrozma|Necrozma-Dusk-Mane, shiny|100/100
|-damage|p2a: Necrozma|94/100|[from] Stealth Rock
|
|upkeep
|turn|6
|j| v87
|
|t:|1661661953
|switch|p2a: 1|Rayquaza-Mega|100/100 par
|-damage|p2a: 1|76/100 par|[from] Stealth Rock
|-weather|DeltaStream|[from] ability: Delta Stream|[of] p2a: 1
|move|p1a: 大地之神|Earthquake|p2a: 1
|-immune|p2a: 1
|
|-weather|DeltaStream|[upkeep]
|upkeep
|turn|7
|
|t:|1661661956
|cant|p2a: 1|par
|move|p1a: 大地之神|Roar|p2a: 1
|-weather|none
|drag|p2a: Ho-Oh|Ho-Oh, shiny|100/100
|
|upkeep
|turn|8
|
|t:|1661661969
|switch|p1a: Zygarde|Zygarde, shiny|100/100
|switch|p2a: Arceus|Arceus-Ground, shiny|100/100
|-damage|p2a: Arceus|94/100|[from] Stealth Rock
|
|upkeep
|turn|9
|
|t:|1661661976
|switch|p2a: Tyranitar|Tyranitar, M, shiny|100/100
|-damage|p2a: Tyranitar|88/100|[from] Stealth Rock
|-weather|Sandstorm|[from] ability: Sand Stream|[of] p2a: Tyranitar
|move|p1a: Zygarde|Glare|p2a: Tyranitar
|-status|p2a: Tyranitar|par
|
|-weather|Sandstorm|[upkeep]
|-heal|p2a: Tyranitar|94/100 par|[from] item: Leftovers
|upkeep
|turn|10
|
|t:|1661661980
|move|p1a: Zygarde|Coil|p1a: Zygarde
|-boost|p1a: Zygarde|atk|1
|-boost|p1a: Zygarde|def|1
|-boost|p1a: Zygarde|accuracy|1
|move|p2a: Tyranitar|Stealth Rock|p1a: Zygarde
|-sidestart|p1: Diancie_hhh|move: Stealth Rock
|
|-weather|Sandstorm|[upkeep]
|-heal|p2a: Tyranitar|100/100 par|[from] item: Leftovers
|upkeep
|turn|11
|
|t:|1661661986
|switch|p2a: Arceus|Arceus-Ground, shiny|94/100
|-damage|p2a: Arceus|88/100|[from] Stealth Rock
|move|p1a: Zygarde|Coil|p1a: Zygarde
|-boost|p1a: Zygarde|atk|1
|-boost|p1a: Zygarde|def|1
|-boost|p1a: Zygarde|accuracy|1
|
|-weather|Sandstorm|[upkeep]
|upkeep
|turn|12
|
|t:|1661661997
|-start|p1a: Zygarde|Dynamax|
|-heal|p1a: Zygarde|100/100|[silent]
|move|p2a: Arceus|Ice Beam|p1a: Zygarde
|-supereffective|p1a: Zygarde
|-damage|p1a: Zygarde|58/100
|move|p1a: Zygarde|Max Quake|p2a: Arceus
|-damage|p2a: Arceus|12/100
|-boost|p1a: Zygarde|spd|1
|
|-weather|Sandstorm|[upkeep]
|upkeep
|turn|13
|
|t:|1661662010
|move|p2a: Arceus|Ice Beam|p1a: Zygarde
|-supereffective|p1a: Zygarde
|-damage|p1a: Zygarde|27/100
|move|p1a: Zygarde|Max Quake|p2a: Arceus
|-damage|p2a: Arceus|0 fnt
|-boost|p1a: Zygarde|spd|1
|faint|p2a: Arceus
|
|-weather|none
|-activate|p1a: Zygarde|ability: Power Construct
|detailschange|p1a: Zygarde|Zygarde-Complete, shiny
|-heal|p1a: Zygarde|53/100|[silent]
|upkeep
|
|t:|1661662015
|switch|p2a: Arceus|Arceus-Water, shiny|100/100
|-damage|p2a: Arceus|88/100|[from] Stealth Rock
|turn|14
|
|t:|1661662020
|move|p2a: Arceus|Will-O-Wisp|p1a: Zygarde
|-status|p1a: Zygarde|brn
|move|p1a: Zygarde|Max Quake|p2a: Arceus
|-damage|p2a: Arceus|62/100
|-boost|p1a: Zygarde|spd|1
|
|-damage|p1a: Zygarde|50/100 brn|[from] brn
|upkeep
|-end|p1a: Zygarde|Dynamax
|-heal|p1a: Zygarde|50/100 brn|[silent]
|turn|15
|
|t:|1661662030
|move|p2a: Arceus|Ice Beam|p1a: Zygarde
|-supereffective|p1a: Zygarde
|-damage|p1a: Zygarde|29/100 brn
|move|p1a: Zygarde|Glare|p2a: Arceus
|-status|p2a: Arceus|par
|
|-damage|p1a: Zygarde|23/100 brn|[from] brn
|upkeep
|turn|16
|
|t:|1661662033
|move|p1a: Zygarde|Rest|p1a: Zygarde
|-status|p1a: Zygarde|slp|[from] move: Rest
|-heal|p1a: Zygarde|100/100 slp|[silent]
|-enditem|p1a: Zygarde|Chesto Berry|[eat]
|-curestatus|p1a: Zygarde|slp|[msg]
|cant|p2a: Arceus|par
|
|upkeep
|turn|17
|
|t:|1661662041
|move|p1a: Zygarde|Thousand Arrows|p2a: Arceus
|-damage|p2a: Arceus|31/100 par
|move|p2a: Arceus|Recover|p2a: Arceus
|-heal|p2a: Arceus|81/100 par
|
|upkeep
|turn|18
|
|t:|1661662047
|-start|p2a: Arceus|Dynamax|
|-heal|p2a: Arceus|81/100 par|[silent]
|move|p1a: Zygarde|Coil|p1a: Zygarde
|-boost|p1a: Zygarde|atk|1
|-boost|p1a: Zygarde|def|1
|-boost|p1a: Zygarde|accuracy|1
|move|p2a: Arceus|Max Hailstorm|p1a: Zygarde
|-supereffective|p1a: Zygarde
|-damage|p1a: Zygarde|74/100
|-weather|Hail
|
|-weather|Hail|[upkeep]
|-damage|p1a: Zygarde|67/100|[from] Hail
|-damage|p2a: Arceus|78/100 par|[from] Hail
|upkeep
|turn|19
|
|t:|1661662060
|move|p1a: Zygarde|Coil|p1a: Zygarde
|-boost|p1a: Zygarde|atk|1
|-boost|p1a: Zygarde|def|1
|-boost|p1a: Zygarde|accuracy|1
|move|p2a: Arceus|Max Hailstorm|p1a: Zygarde
|-supereffective|p1a: Zygarde
|-damage|p1a: Zygarde|37/100
|
|-weather|Hail|[upkeep]
|-damage|p1a: Zygarde|31/100|[from] Hail
|-damage|p2a: Arceus|75/100 par|[from] Hail
|upkeep
|turn|20
|
|t:|1661662066
|move|p1a: Zygarde|Rest|p1a: Zygarde
|-status|p1a: Zygarde|slp|[from] move: Rest
|-heal|p1a: Zygarde|100/100 slp|[silent]
|move|p2a: Arceus|Max Hailstorm|p1a: Zygarde
|-supereffective|p1a: Zygarde
|-damage|p1a: Zygarde|74/100 slp
|
|-weather|Hail|[upkeep]
|-damage|p1a: Zygarde|67/100 slp|[from] Hail
|-damage|p2a: Arceus|72/100 par|[from] Hail
|upkeep
|-end|p2a: Arceus|Dynamax
|-heal|p2a: Arceus|72/100 par|[silent]
|turn|21
|
|t:|1661662077
|cant|p1a: Zygarde|slp
|move|p2a: Arceus|Ice Beam|p1a: Zygarde
|-supereffective|p1a: Zygarde
|-damage|p1a: Zygarde|49/100 slp
|
|-weather|Hail|[upkeep]
|-damage|p1a: Zygarde|42/100 slp|[from] Hail
|-damage|p2a: Arceus|66/100 par|[from] Hail
|upkeep
|turn|22
|
|t:|1661662082
|cant|p1a: Zygarde|slp
|move|p2a: Arceus|Ice Beam|p1a: Zygarde
|-supereffective|p1a: Zygarde
|-damage|p1a: Zygarde|24/100 slp
|
|-weather|none
|upkeep
|turn|23
|
|t:|1661662085
|-curestatus|p1a: Zygarde|slp|[msg]
|move|p1a: Zygarde|Rest|p1a: Zygarde
|-status|p1a: Zygarde|slp|[from] move: Rest
|-heal|p1a: Zygarde|100/100 slp|[silent]
|cant|p2a: Arceus|par
|
|upkeep
|turn|24
|inactive|High ladder bros has 120 seconds left.
|
|t:|1661662116
|cant|p1a: Zygarde|slp
|move|p2a: Arceus|Judgment|p1a: Zygarde
|-damage|p1a: Zygarde|91/100 slp
|
|upkeep
|turn|25
|inactive|High ladder bros has 120 seconds left.
|
|t:|1661662153
|cant|p1a: Zygarde|slp
|move|p2a: Arceus|Recover|p2a: Arceus
|-heal|p2a: Arceus|100/100 par
|
|upkeep
|turn|26
|
|t:|1661662158
|-curestatus|p1a: Zygarde|slp|[msg]
|move|p1a: Zygarde|Thousand Arrows|p2a: Arceus
|-damage|p2a: Arceus|55/100 par
|move|p2a: Arceus|Ice Beam|p1a: Zygarde
|-supereffective|p1a: Zygarde
|-damage|p1a: Zygarde|71/100
|
|upkeep
|turn|27
|
|t:|1661662168
|move|p1a: Zygarde|Thousand Arrows|p2a: Arceus
|-damage|p2a: Arceus|7/100 par
|move|p2a: Arceus|Recover|p2a: Arceus
|-heal|p2a: Arceus|57/100 par
|
|upkeep
|turn|28
|
|t:|1661662173
|move|p1a: Zygarde|Coil|p1a: Zygarde
|-boost|p1a: Zygarde|atk|1
|-boost|p1a: Zygarde|def|1
|-boost|p1a: Zygarde|accuracy|1
|cant|p2a: Arceus|par
|
|upkeep
|turn|29
|-message|High ladder bros forfeited.
|
|win|Diancie_hhh
|raw|Diancie_hhh's rating: 1678 &rarr; <strong>1700</strong><br />(+22 for winning)
|raw|High ladder bros's rating: 1721 &rarr; <strong>1699</strong><br />(-22 for losing)
|l|☆High ladder bros
|l| v87
|j| wuyanwuyou
|j| lingqi456
|j| ban123456
|l| lingqi456
||Ladder isn't responding, score probably updated but might not have (Request timeout).
