|j|☆Browneyes64
|j|☆iHaveAsthma
|t:|1639271605
|gametype|singles
|player|p1|Browneyes64|li|1610
|player|p2|iHaveAsthma|doctor|1863
|teamsize|p1|6
|teamsize|p2|6
|gen|8
|tier|[Gen 8] National Dex AG
|rated|
|rule|HP Percentage Mod: HP is shown in percentages
|rule|Endless Battle Clause: Forcing endless battles is banned
|clearpoke
|poke|p1|Calyrex-Shadow|
|poke|p1|Groudon|
|poke|p1|Arceus-*|
|poke|p1|Ditto|
|poke|p1|Marshadow|
|poke|p1|Yveltal|
|poke|p2|Rayquaza|
|poke|p2|Lugia|
|poke|p2|Arceus-*|
|poke|p2|Arceus-*|
|poke|p2|Arceus-*|
|poke|p2|Necrozma-Dusk-Mane|
|teampreview
|inactive|Battle timer is ON: inactive players will automatically lose when time's up. (requested by iHaveAsthma)
|
|t:|1639271617
|start
|switch|p1a: Marshadow|Marshadow|100/100
|switch|p2a: Rayquaza|Rayquaza|100/100
|-ability|p2a: Rayquaza|Air Lock
|turn|1
|
|t:|1639271623
|detailschange|p2a: Rayquaza|Rayquaza-Mega
|-mega|p2a: Rayquaza|Rayquaza|
|-weather|DeltaStream|[from] ability: Delta Stream|[of] p2a: Rayquaza
|move|p1a: Marshadow|Toxic|p2a: Rayquaza
|-status|p2a: Rayquaza|tox
|move|p2a: Rayquaza|Scale Shot|p1a: Marshadow
|-damage|p1a: Marshadow|78/100
|-damage|p1a: Marshadow|53/100
|-hitcount|p1a: Marshadow|2
|-unboost|p2a: Rayquaza|def|1
|-boost|p2a: Rayquaza|spe|1
|
|-weather|DeltaStream|[upkeep]
|-damage|p2a: Rayquaza|94/100 tox|[from] psn
|upkeep
|turn|2
|
|t:|1639271640
|move|p1a: Marshadow|Shadow Sneak|p2a: Rayquaza
|-damage|p2a: Rayquaza|51/100 tox
|move|p2a: Rayquaza|Dragon Ascent|p1a: Marshadow
|-supereffective|p1a: Marshadow
|-damage|p1a: Marshadow|0 fnt
|-unboost|p2a: Rayquaza|def|1
|-unboost|p2a: Rayquaza|spd|1
|faint|p1a: Marshadow
|
|-weather|DeltaStream|[upkeep]
|-damage|p2a: Rayquaza|39/100 tox|[from] psn
|upkeep
|
|t:|1639271652
|switch|p1a: Yveltal|Yveltal|100/100
|-ability|p1a: Yveltal|Dark Aura
|turn|3
|
|t:|1639271656
|move|p2a: Rayquaza|Extreme Speed|p1a: Yveltal
|-damage|p1a: Yveltal|62/100
|move|p1a: Yveltal|Sucker Punch||[still]
|-fail|p1a: Yveltal
|
|-weather|DeltaStream|[upkeep]
|-damage|p2a: Rayquaza|20/100 tox|[from] psn
|upkeep
|turn|4
|
|t:|1639271663
|switch|p1a: Groudon|Groudon|100/100
|detailschange|p1a: Groudon|Groudon-Primal
|-primal|p1a: Groudon
|-weather|DesolateLand|[from] ability: Desolate Land|[of] p1a: Groudon
|move|p2a: Rayquaza|Dragon Ascent|p1a: Groudon
|-damage|p1a: Groudon|53/100
|-unboost|p2a: Rayquaza|def|1
|-unboost|p2a: Rayquaza|spd|1
|
|-weather|DesolateLand|[upkeep]
|-damage|p2a: Rayquaza|0 fnt|[from] psn
|faint|p2a: Rayquaza
|upkeep
|
|t:|1639271667
|switch|p2a: Arceus|Arceus-Ground|100/100
|turn|5
|
|t:|1639271678
|-weather|none
|switch|p1a: Yveltal|Yveltal|62/100
|-ability|p1a: Yveltal|Dark Aura
|move|p2a: Arceus|Calm Mind|p2a: Arceus
|-boost|p2a: Arceus|spa|1
|-boost|p2a: Arceus|spd|1
|
|upkeep
|turn|6
|
|t:|1639271689
|move|p1a: Yveltal|Oblivion Wing|p2a: Arceus
|-damage|p2a: Arceus|74/100
|-heal|p1a: Yveltal|85/100|[from] drain|[of] p2a: Arceus
|-damage|p1a: Yveltal|75/100|[from] item: Life Orb
|move|p2a: Arceus|Calm Mind|p2a: Arceus
|-boost|p2a: Arceus|spa|1
|-boost|p2a: Arceus|spd|1
|
|upkeep
|turn|7
|
|t:|1639271692
|move|p1a: Yveltal|Dark Pulse|p2a: Arceus
|-damage|p2a: Arceus|46/100
|-damage|p1a: Yveltal|65/100|[from] item: Life Orb
|move|p2a: Arceus|Recover|p2a: Arceus
|-heal|p2a: Arceus|96/100
|
|upkeep
|turn|8
|
|t:|1639271711
|switch|p1a: Groudon|Groudon-Primal|53/100
|-weather|DesolateLand|[from] ability: Desolate Land|[of] p1a: Groudon
|move|p2a: Arceus|Ice Beam|p1a: Groudon
|-damage|p1a: Groudon|18/100
|
|-weather|DesolateLand|[upkeep]
|upkeep
|turn|9
|
|t:|1639271717
|move|p2a: Arceus|Judgment|p1a: Groudon
|-supereffective|p1a: Groudon
|-damage|p1a: Groudon|0 fnt
|faint|p1a: Groudon
|-weather|none
|
|upkeep
|
|t:|1639271722
|switch|p1a: spider man|Ditto, shiny|100/100
|-transform|p1a: spider man|p2a: Arceus|[from] ability: Imposter
|turn|10
|
|t:|1639271726
|-start|p1a: spider man|Dynamax
|-heal|p1a: spider man|100/100|[silent]
|move|p2a: Arceus|Ice Beam|p1a: spider man
|-supereffective|p1a: spider man
|-damage|p1a: spider man|75/100
|move|p1a: spider man|Max Hailstorm|p2a: Arceus
|-supereffective|p2a: Arceus
|-damage|p2a: Arceus|50/100
|-weather|Hail
|
|-weather|Hail|[upkeep]
|-damage|p2a: Arceus|44/100|[from] Hail
|-damage|p1a: spider man|72/100|[from] Hail
|upkeep
|turn|11
|
|t:|1639271729
|move|p2a: Arceus|Ice Beam|p1a: spider man
|-supereffective|p1a: spider man
|-damage|p1a: spider man|48/100
|move|p1a: spider man|Max Hailstorm|p2a: Arceus
|-supereffective|p2a: Arceus
|-damage|p2a: Arceus|2/100
|
|-weather|Hail|[upkeep]
|-damage|p1a: spider man|45/100|[from] Hail
|-damage|p2a: Arceus|0 fnt|[from] Hail
|faint|p2a: Arceus
|upkeep
|
|t:|1639271744
|switch|p2a: Lugia|Lugia|100/100
|turn|12
|
|t:|1639271759
|move|p1a: spider man|Max Hailstorm|p2a: Lugia
|-supereffective|p2a: Lugia
|-damage|p2a: Lugia|67/100
|move|p2a: Lugia|Roost|p2a: Lugia
|-heal|p2a: Lugia|100/100
|-singleturn|p2a: Lugia|move: Roost
|
|-weather|Hail|[upkeep]
|-damage|p1a: spider man|42/100|[from] Hail
|-damage|p2a: Lugia|94/100|[from] Hail
|-end|p1a: spider man|Dynamax
|-heal|p1a: spider man|42/100|[silent]
|upkeep
|turn|13
|
|t:|1639271769
|move|p1a: spider man|Recover|p1a: spider man
|-heal|p1a: spider man|92/100
|move|p2a: Lugia|Roar|p1a: spider man
|drag|p1a: Arceus|Arceus-Ground|100/100
|
|-weather|Hail|[upkeep]
|-damage|p1a: Arceus|94/100|[from] Hail
|-damage|p2a: Lugia|88/100|[from] Hail
|upkeep
|turn|14
|inactive|iHaveAsthma has 120 seconds left.
|
|t:|1639271819
|move|p1a: Arceus|Ice Beam|p2a: Lugia
|-supereffective|p2a: Lugia
|-damage|p2a: Lugia|58/100
|move|p2a: Lugia|Roar|p1a: Arceus
|drag|p1a: Yveltal|Yveltal|65/100
|-ability|p1a: Yveltal|Dark Aura
|
|-weather|none
|upkeep
|turn|15
|
|t:|1639271825
|move|p1a: Yveltal|Dark Pulse|p2a: Lugia
|-supereffective|p2a: Lugia
|-damage|p2a: Lugia|0 fnt
|faint|p2a: Lugia
|-damage|p1a: Yveltal|55/100|[from] item: Life Orb
|
|upkeep
|
|t:|1639271830
|switch|p2a: Arceus|Arceus|100/100
|turn|16
|
|t:|1639271835
|move|p2a: Arceus|Toxic|p1a: Yveltal|[miss]
|-miss|p2a: Arceus|p1a: Yveltal
|move|p1a: Yveltal|Oblivion Wing|p2a: Arceus
|-damage|p2a: Arceus|59/100
|-heal|p1a: Yveltal|88/100|[from] drain|[of] p2a: Arceus
|-damage|p1a: Yveltal|78/100|[from] item: Life Orb
|
|upkeep
|turn|17
|
|t:|1639271845
|move|p2a: Arceus|Toxic|p1a: Yveltal
|-status|p1a: Yveltal|tox
|move|p1a: Yveltal|Dark Pulse|p2a: Arceus
|-damage|p2a: Arceus|4/100
|-damage|p1a: Yveltal|68/100 tox|[from] item: Life Orb
|
|-damage|p1a: Yveltal|62/100 tox|[from] psn
|upkeep
|turn|18
|
|t:|1639271851
|move|p2a: Arceus|Extreme Speed|p1a: Yveltal
|-damage|p1a: Yveltal|7/100 tox
|-damage|p2a: Arceus|0 fnt|[from] item: Life Orb
|faint|p2a: Arceus
|move|p1a: Yveltal|Sucker Punch|p2: Arceus|[notarget]
|-fail|p1a: Yveltal
|
|-damage|p1a: Yveltal|0 fnt|[from] psn
|faint|p1a: Yveltal
|upkeep
|inactive|iHaveAsthma has 120 seconds left.
|inactive|iHaveAsthma has 90 seconds left.
|
|t:|1639271914
|switch|p2a: Necrozma|Necrozma-Dusk-Mane|100/100
|switch|p1a: Arceus|Arceus-Ground|94/100
|turn|19
|inactive|iHaveAsthma has 90 seconds left.
|
|t:|1639271920
|detailschange|p2a: Necrozma|Necrozma-Ultra
|-burst|p2a: Necrozma|Necrozma|Ultranecrozium Z
|move|p2a: Necrozma|Dragon Dance|p2a: Necrozma
|-boost|p2a: Necrozma|atk|1
|-boost|p2a: Necrozma|spe|1
|move|p1a: Arceus|Calm Mind|p1a: Arceus
|-boost|p1a: Arceus|spa|1
|-boost|p1a: Arceus|spd|1
|
|upkeep
|turn|20
|
|t:|1639271923
|move|p2a: Necrozma|Photon Geyser|p1a: Arceus
|-damage|p1a: Arceus|18/100
|move|p1a: Arceus|Ice Beam|p2a: Necrozma
|-supereffective|p2a: Necrozma
|-damage|p2a: Necrozma|3/100
|
|upkeep
|turn|21
|
|t:|1639271930
|move|p2a: Necrozma|Substitute|p2a: Necrozma
|-fail|p2a: Necrozma|move: Substitute|[weak]
|move|p1a: Arceus|Ice Beam|p2a: Necrozma
|-supereffective|p2a: Necrozma
|-damage|p2a: Necrozma|0 fnt
|faint|p2a: Necrozma
|
|upkeep
|
|t:|1639271932
|switch|p2a: Arceus|Arceus-Flying|100/100
|turn|22
|j| SinjohRuined
|
|t:|1639271942
|move|p1a: Arceus|Ice Beam|p2a: Arceus
|-supereffective|p2a: Arceus
|-damage|p2a: Arceus|37/100
|move|p2a: Arceus|Earthquake|p1a: Arceus
|-damage|p1a: Arceus|0 fnt
|faint|p1a: Arceus
|
|upkeep
|
|t:|1639271949
|switch|p1a: Travis Scott|Calyrex-Shadow|100/100
|-ability|p1a: Travis Scott|As One
|-ability|p1a: Travis Scott|Unnerve
|turn|23
|
|t:|1639271953
|-start|p2a: Arceus|Dynamax
|-heal|p2a: Arceus|37/100|[silent]
|move|p1a: Travis Scott|Astral Barrage|p2a: Arceus
|-damage|p2a: Arceus|8/100
|move|p2a: Arceus|Max Airstream|p1a: Travis Scott
|-enditem|p1a: Travis Scott|Focus Sash
|-damage|p1a: Travis Scott|1/100
|-boost|p2a: Arceus|spe|1
|
|upkeep
|turn|24
|
|t:|1639271959
|move|p2a: Arceus|Max Quake|p1a: Travis Scott
|-damage|p1a: Travis Scott|0 fnt
|-boost|p2a: Arceus|spd|1
|faint|p1a: Travis Scott
|
|upkeep
|
|t:|1639271963
|switch|p1a: spider man|Ditto, shiny|92/100
|-transform|p1a: spider man|p2a: Arceus|[from] ability: Imposter
|turn|25
|
|t:|1639271966
|move|p2a: Arceus|Max Guard|p2a: Arceus
|-singleturn|p2a: Arceus|Max Guard
|move|p1a: spider man|Fly||[still]
|-prepare|p1a: spider man|Fly
|
|-end|p2a: Arceus|Dynamax
|-heal|p2a: Arceus|8/100|[silent]
|upkeep
|turn|26
|
|t:|1639271968
|move|p1a: spider man|Fly|p2a: Arceus|[from]lockedmove
|-damage|p2a: Arceus|0 fnt
|faint|p2a: Arceus
|
|win|Browneyes64
|raw|Browneyes64's rating: 1610 &rarr; <strong>1642</strong><br />(+32 for winning)
|raw|iHaveAsthma's rating: 1863 &rarr; <strong>1831</strong><br />(-32 for losing)
|c|☆Browneyes64|gg
|c|☆iHaveAsthma|gg
|l|☆iHaveAsthma
