|j|☆KANN ar KANN
|j|☆DiegoDM©
|t:|1654243269
|gametype|singles
|player|p1|KANN ar KANN|170|1698
|player|p2|DiegoDM©|wikstrom|1708
|teamsize|p1|6
|teamsize|p2|6
|gen|8
|tier|[Gen 8] National Dex AG
|rated|
|rule|HP Percentage Mod: HP is shown in percentages
|rule|Endless Battle Clause: Forcing endless battles is banned
|clearpoke
|poke|p1|Zacian-*|
|poke|p1|Kyogre|
|poke|p1|Xerneas-*|
|poke|p1|Marshadow|
|poke|p1|Ditto|
|poke|p1|Rayquaza|
|poke|p2|Deoxys-Attack|
|poke|p2|Calyrex-Shadow|
|poke|p2|Lugia|
|poke|p2|Xerneas-*|
|poke|p2|Rayquaza|
|poke|p2|Yveltal|
|teampreview
|inactive|Battle timer is ON: inactive players will automatically lose when time's up. (requested by DiegoDM©)
|
|t:|1654243283
|start
|switch|p1a: RAYBOSSSS|Rayquaza|100/100
|switch|p2a: Deoxys|Deoxys-Attack|100/100
|-ability|p2a: Deoxys|Pressure
|-ability|p1a: RAYBOSSSS|Air Lock
|turn|1
|j| rahull
|l| rahull
|inactive|DiegoDM© has 120 seconds left.
|j| rahull
|
|t:|1654243318
|detailschange|p1a: RAYBOSSSS|Rayquaza-Mega
|-mega|p1a: RAYBOSSSS|Rayquaza|
|-weather|DeltaStream|[from] ability: Delta Stream|[of] p1a: RAYBOSSSS
|move|p2a: Deoxys|Stealth Rock|p1a: RAYBOSSSS
|-sidestart|p1: KANN ar KANN|move: Stealth Rock
|move|p1a: RAYBOSSSS|Waterfall|p2a: Deoxys
|-enditem|p2a: Deoxys|Focus Sash
|-damage|p2a: Deoxys|1/100
|-damage|p1a: RAYBOSSSS|91/100|[from] item: Life Orb
|
|-weather|DeltaStream|[upkeep]
|upkeep
|turn|2
|l| rahull
|inactive|DiegoDM© has 120 seconds left.
|
|t:|1654243354
|move|p2a: Deoxys|Extreme Speed|p1a: RAYBOSSSS
|-damage|p1a: RAYBOSSSS|63/100
|move|p1a: RAYBOSSSS|Extreme Speed|p2a: Deoxys
|-damage|p2a: Deoxys|0 fnt
|faint|p2a: Deoxys
|-damage|p1a: RAYBOSSSS|53/100|[from] item: Life Orb
|
|-weather|DeltaStream|[upkeep]
|upkeep
|
|t:|1654243360
|switch|p2a: Calyrex|Calyrex-Shadow|100/100
|-ability|p2a: Calyrex|As One
|-ability|p2a: Calyrex|Unnerve
|turn|3
|
|t:|1654243365
|move|p2a: Calyrex|Astral Barrage|p1a: RAYBOSSSS
|-damage|p1a: RAYBOSSSS|0 fnt
|faint|p1a: RAYBOSSSS
|-weather|none
|-ability|p2a: Calyrex|Grim Neigh|boost
|-boost|p2a: Calyrex|spa|1
|
|upkeep
|
|t:|1654243379
|switch|p1a: Faith gang|Marshadow|100/100
|-damage|p1a: Faith gang|94/100|[from] Stealth Rock
|turn|4
|
|t:|1654243392
|move|p1a: Faith gang|Shadow Sneak|p2a: Calyrex
|-supereffective|p2a: Calyrex
|-enditem|p2a: Calyrex|Focus Sash
|-damage|p2a: Calyrex|1/100
|move|p2a: Calyrex|Astral Barrage|p1a: Faith gang
|-supereffective|p1a: Faith gang
|-damage|p1a: Faith gang|0 fnt
|faint|p1a: Faith gang
|-ability|p2a: Calyrex|Grim Neigh|boost
|-boost|p2a: Calyrex|spa|1
|
|upkeep
|
|t:|1654243395
|switch|p1a: Barbatruc|Ditto, shiny|100/100
|-damage|p1a: Barbatruc|88/100|[from] Stealth Rock
|-transform|p1a: Barbatruc|p2a: Calyrex|[from] ability: Imposter
|turn|5
|inactive|DiegoDM© has 120 seconds left.
|
|t:|1654243411
|move|p1a: Barbatruc|Astral Barrage|p2a: Calyrex
|-supereffective|p2a: Calyrex
|-damage|p2a: Calyrex|0 fnt
|faint|p2a: Calyrex
|-ability|p1a: Barbatruc|Grim Neigh|boost
|-boost|p1a: Barbatruc|spa|1
|
|upkeep
|
|t:|1654243415
|switch|p2a: Yveltal|Yveltal|100/100
|-ability|p2a: Yveltal|Dark Aura
|turn|6
|
|t:|1654243424
|-start|p1a: Barbatruc|Dynamax|
|-heal|p1a: Barbatruc|88/100|[silent]
|-start|p2a: Yveltal|Dynamax|
|-heal|p2a: Yveltal|100/100|[silent]
|move|p1a: Barbatruc|Max Starfall|p2a: Yveltal
|-supereffective|p2a: Yveltal
|-damage|p2a: Yveltal|7/100
|-fieldstart|move: Misty Terrain
|move|p2a: Yveltal|Max Airstream|p1a: Barbatruc
|-damage|p1a: Barbatruc|21/100
|-boost|p2a: Yveltal|spe|1
|-damage|p2a: Yveltal|2/100|[from] item: Life Orb
|
|upkeep
|turn|7
|
|t:|1654243438
|move|p1a: Barbatruc|Max Guard|p1a: Barbatruc
|-singleturn|p1a: Barbatruc|Max Guard
|move|p2a: Yveltal|Max Airstream|p1a: Barbatruc
|-activate|p1a: Barbatruc|move: Max Guard
|
|upkeep
|turn|8
|
|t:|1654243442
|move|p2a: Yveltal|Max Airstream|p1a: Barbatruc
|-damage|p1a: Barbatruc|0 fnt
|-boost|p2a: Yveltal|spe|1
|faint|p1a: Barbatruc
|-damage|p2a: Yveltal|0 fnt|[from] item: Life Orb
|faint|p2a: Yveltal
|
|upkeep
|
|t:|1654243448
|switch|p2a: Lugia|Lugia|100/100
|switch|p1a: XEU|Xerneas|100/100
|-damage|p1a: XEU|88/100|[from] Stealth Rock
|-ability|p1a: XEU|Fairy Aura
|turn|9
|
|t:|1654243450
|move|p1a: XEU|Thunder Wave|p2a: Lugia
|-status|p2a: Lugia|par
|cant|p2a: Lugia|par
|
|upkeep
|turn|10
|
|t:|1654243459
|move|p1a: XEU|Defog|p2a: Lugia
|-unboost|p2a: Lugia|evasion|1
|-sideend|p1: KANN ar KANN|Stealth Rock|[from] move: Defog|[of] p1a: XEU
|-fieldend|Misty Terrain
|cant|p2a: Lugia|par
|
|upkeep
|turn|11
|
|t:|1654243469
|move|p1a: XEU|Geomancy||[still]
|-prepare|p1a: XEU|Geomancy
|-enditem|p1a: XEU|Power Herb
|-anim|p1a: XEU|Geomancy|p1a: XEU
|-boost|p1a: XEU|spa|2
|-boost|p1a: XEU|spd|2
|-boost|p1a: XEU|spe|2
|cant|p2a: Lugia|par
|
|upkeep
|turn|12
|
|t:|1654243473
|move|p1a: XEU|Moonblast|p2a: Lugia
|-damage|p2a: Lugia|69/100 par
|move|p2a: Lugia|Thunder Wave|p1a: XEU
|-status|p1a: XEU|par
|
|upkeep
|turn|13
|
|t:|1654243477
|cant|p1a: XEU|par
|move|p2a: Lugia|Ice Beam|p1a: XEU
|-damage|p1a: XEU|81/100 par
|
|upkeep
|turn|14
|
|t:|1654243480
|move|p1a: XEU|Moonblast|p2a: Lugia
|-damage|p2a: Lugia|10/100 par
|move|p2a: Lugia|Roost|p2a: Lugia
|-heal|p2a: Lugia|60/100 par
|-singleturn|p2a: Lugia|move: Roost
|
|upkeep
|turn|15
|
|t:|1654243483
|cant|p1a: XEU|par
|move|p2a: Lugia|Ice Beam|p1a: XEU
|-damage|p1a: XEU|73/100 par
|
|upkeep
|turn|16
|
|t:|1654243487
|move|p1a: XEU|Moonblast|p2a: Lugia
|-damage|p2a: Lugia|0 fnt
|faint|p2a: Lugia
|
|upkeep
|
|t:|1654243492
|switch|p2a: Rayquaza|Rayquaza|100/100
|-ability|p2a: Rayquaza|Air Lock
|turn|17
|
|t:|1654243494
|detailschange|p2a: Rayquaza|Rayquaza-Mega
|-mega|p2a: Rayquaza|Rayquaza|
|-weather|DeltaStream|[from] ability: Delta Stream|[of] p2a: Rayquaza
|move|p2a: Rayquaza|Dragon Dance|p2a: Rayquaza
|-boost|p2a: Rayquaza|atk|1
|-boost|p2a: Rayquaza|spe|1
|move|p1a: XEU|Moonblast|p2a: Rayquaza
|-supereffective|p2a: Rayquaza
|-enditem|p2a: Rayquaza|Focus Sash
|-damage|p2a: Rayquaza|1/100
|
|-weather|DeltaStream|[upkeep]
|upkeep
|turn|18
|
|t:|1654243501
|move|p2a: Rayquaza|Dragon Ascent|p1a: XEU
|-damage|p1a: XEU|0 fnt
|-unboost|p2a: Rayquaza|def|1
|-unboost|p2a: Rayquaza|spd|1
|faint|p1a: XEU
|
|-weather|DeltaStream|[upkeep]
|upkeep
|
|t:|1654243510
|switch|p1a: KIKI|Kyogre|100/100
|-ability|p1a: KIKI|Drizzle|[from] deltastream|[fail]
|turn|19
|
|t:|1654243514
|move|p2a: Rayquaza|Dragon Ascent|p1a: KIKI
|-damage|p1a: KIKI|0 fnt
|-unboost|p2a: Rayquaza|def|1
|-unboost|p2a: Rayquaza|spd|1
|faint|p1a: KIKI
|
|-weather|DeltaStream|[upkeep]
|upkeep
|
|t:|1654243517
|switch|p1a: Skilos|Zacian-Crowned, shiny|100/100
|-ability|p1a: Skilos|Intrepid Sword|boost
|-boost|p1a: Skilos|atk|1
|turn|20
|
|t:|1654243521
|move|p2a: Rayquaza|Earthquake|p1a: Skilos
|-supereffective|p1a: Skilos
|-damage|p1a: Skilos|0 fnt
|faint|p1a: Skilos
|
|win|DiegoDM©
|raw|KANN ar KANN's rating: 1698 &rarr; <strong>1679</strong><br />(-19 for losing)
|raw|DiegoDM©'s rating: 1720 &rarr; <strong>1739</strong><br />(+19 for winning)
|l|☆KANN ar KANN
