|j|☆KANN ar KANN
|j|☆ywl19260817
|t:|1658491717
|gametype|singles
|player|p1|KANN ar KANN|emmet|1674
|player|p2|ywl19260817|101|1866
|teamsize|p1|6
|teamsize|p2|6
|gen|8
|tier|[Gen 8] National Dex AG
|rated|
|rule|HP Percentage Mod: HP is shown in percentages
|rule|Endless Battle Clause: Forcing endless battles is banned
|clearpoke
|poke|p1|Zacian-*|
|poke|p1|Xerneas-*|
|poke|p1|Marshadow|
|poke|p1|Ditto|
|poke|p1|Kyogre|
|poke|p1|Rayquaza|
|poke|p2|Zacian-*|
|poke|p2|Yveltal|
|poke|p2|Rayquaza|
|poke|p2|Groudon|
|poke|p2|Kyogre|
|poke|p2|Tornadus, M|
|teampreview
|j| UnknownCan
|
|t:|1658491735
|start
|switch|p1a: THE B|Rayquaza|100/100
|switch|p2a: Zacian|Zacian-Crowned|100/100
|-ability|p2a: Zacian|Intrepid Sword|boost
|-boost|p2a: Zacian|atk|1
|-ability|p1a: THE B|Air Lock
|turn|1
|l| UnknownCan
|
|t:|1658491759
|detailschange|p1a: THE B|Rayquaza-Mega
|-mega|p1a: THE B|Rayquaza|
|-weather|DeltaStream|[from] ability: Delta Stream|[of] p1a: THE B
|move|p1a: THE B|Extreme Speed|p2a: Zacian
|-resisted|p2a: Zacian
|-damage|p2a: Zacian|81/100
|-damage|p1a: THE B|91/100|[from] item: Life Orb
|move|p2a: Zacian|Behemoth Blade|p1a: THE B
|-damage|p1a: THE B|2/100
|
|-weather|DeltaStream|[upkeep]
|upkeep
|turn|2
|
|t:|1658491772
|move|p1a: THE B|Extreme Speed|p2a: Zacian
|-resisted|p2a: Zacian
|-damage|p2a: Zacian|64/100
|-damage|p1a: THE B|0 fnt|[from] item: Life Orb
|faint|p1a: THE B
|-weather|none
|move|p2a: Zacian|Quick Attack|p1: THE B|[notarget]
|-fail|p2a: Zacian
|
|upkeep
|
|t:|1658491775
|switch|p1a: Barbatruc|Ditto, shiny|100/100
|-transform|p1a: Barbatruc|p2a: Zacian|[from] ability: Imposter
|-ability|p1a: Barbatruc|Intrepid Sword|boost
|-boost|p1a: Barbatruc|atk|1
|turn|3
|
|t:|1658491785
|switch|p2a: Groudon|Groudon|100/100
|detailschange|p2a: Groudon|Groudon-Primal
|-primal|p2a: Groudon
|-weather|DesolateLand|[from] ability: Desolate Land|[of] p2a: Groudon
|move|p1a: Barbatruc|Behemoth Blade|p2a: Groudon
|-resisted|p2a: Groudon
|-damage|p2a: Groudon|72/100
|
|-weather|DesolateLand|[upkeep]
|upkeep
|turn|4
|
|t:|1658491809
|move|p1a: Barbatruc|Behemoth Blade|p2a: Groudon
|-resisted|p2a: Groudon
|-damage|p2a: Groudon|43/100
|move|p2a: Groudon|Thunder Wave|p1a: Barbatruc
|-status|p1a: Barbatruc|par
|
|-weather|DesolateLand|[upkeep]
|upkeep
|turn|5
|
|t:|1658491822
|move|p1a: Barbatruc|Behemoth Blade|p2a: Groudon
|-resisted|p2a: Groudon
|-damage|p2a: Groudon|11/100
|move|p2a: Groudon|Stealth Rock|p1a: Barbatruc
|-sidestart|p1: KANN ar KANN|move: Stealth Rock
|
|-weather|DesolateLand|[upkeep]
|upkeep
|turn|6
|
|t:|1658491835
|move|p1a: Barbatruc|Behemoth Blade|p2a: Groudon
|-resisted|p2a: Groudon
|-damage|p2a: Groudon|0 fnt
|faint|p2a: Groudon
|-weather|none
|
|upkeep
|
|t:|1658491842
|switch|p2a: Kyogre|Kyogre|100/100
|-weather|RainDance|[from] ability: Drizzle|[of] p2a: Kyogre
|turn|7
|
|t:|1658491846
|move|p2a: Kyogre|Water Spout|p1a: Barbatruc
|-damage|p1a: Barbatruc|0 fnt
|faint|p1a: Barbatruc
|
|-weather|RainDance|[upkeep]
|upkeep
|
|t:|1658491853
|switch|p1a: KIKI|Kyogre|100/100
|-damage|p1a: KIKI|88/100|[from] Stealth Rock
|turn|8
|
|t:|1658491863
|switch|p2a: Rayquaza|Rayquaza|100/100
|-ability|p2a: Rayquaza|Air Lock
|-start|p1a: KIKI|Dynamax|
|-heal|p1a: KIKI|88/100|[silent]
|move|p1a: KIKI|Max Lightning|p2a: Rayquaza
|-damage|p2a: Rayquaza|46/100
|-fieldstart|move: Electric Terrain
|
|-weather|RainDance|[upkeep]
|upkeep
|turn|9
|
|t:|1658491876
|detailschange|p2a: Rayquaza|Rayquaza-Mega
|-mega|p2a: Rayquaza|Rayquaza|
|-weather|DeltaStream|[from] ability: Delta Stream|[of] p2a: Rayquaza
|move|p2a: Rayquaza|Dragon Ascent|p1a: KIKI
|-damage|p1a: KIKI|43/100
|-unboost|p2a: Rayquaza|def|1
|-unboost|p2a: Rayquaza|spd|1
|move|p1a: KIKI|Max Lightning|p2a: Rayquaza
|-activate||deltastream
|-resisted|p2a: Rayquaza
|-damage|p2a: Rayquaza|0 fnt
|faint|p2a: Rayquaza
|-weather|none
|
|upkeep
|
|t:|1658491889
|switch|p2a: Zacian|Zacian-Crowned|64/100
|-ability|p2a: Zacian|Intrepid Sword|boost
|-boost|p2a: Zacian|atk|1
|turn|10
|
|t:|1658491893
|move|p2a: Zacian|Behemoth Blade|p1a: KIKI
|-resisted|p1a: KIKI
|-crit|p1a: KIKI
|-damage|p1a: KIKI|0 fnt
|faint|p1a: KIKI
|
|upkeep
|
|t:|1658491899
|switch|p1a: Skilos|Zacian-Crowned, shiny|100/100
|-damage|p1a: Skilos|94/100|[from] Stealth Rock
|-ability|p1a: Skilos|Intrepid Sword|boost
|-boost|p1a: Skilos|atk|1
|turn|11
|
|t:|1658491911
|switch|p2a: Yveltal|Yveltal|100/100
|-ability|p2a: Yveltal|Dark Aura
|move|p1a: Skilos|Behemoth Blade|p2a: Yveltal
|-damage|p2a: Yveltal|20/100
|
|upkeep
|turn|12
|
|t:|1658491919
|move|p1a: Skilos|Behemoth Blade|p2a: Yveltal
|-damage|p2a: Yveltal|0 fnt
|faint|p2a: Yveltal
|
|-fieldend|move: Electric Terrain
|upkeep
|
|t:|1658491925
|switch|p2a: Tornadus|Tornadus, M|100/100
|turn|13
|
|t:|1658491929
|move|p2a: Tornadus|Tailwind|p2a: Tornadus
|-sidestart|p2: ywl19260817|move: Tailwind
|move|p1a: Skilos|Behemoth Blade|p2a: Tornadus
|-damage|p2a: Tornadus|0 fnt
|faint|p2a: Tornadus
|
|upkeep
|
|t:|1658491939
|switch|p2a: Kyogre|Kyogre|100/100
|-weather|RainDance|[from] ability: Drizzle|[of] p2a: Kyogre
|turn|14
|
|t:|1658491946
|move|p2a: Kyogre|Water Spout|p1a: Skilos
|-crit|p1a: Skilos
|-damage|p1a: Skilos|0 fnt
|faint|p1a: Skilos
|
|-weather|RainDance|[upkeep]
|upkeep
|
|t:|1658491948
|switch|p1a: XEU|Xerneas|100/100
|-damage|p1a: XEU|88/100|[from] Stealth Rock
|-ability|p1a: XEU|Fairy Aura
|turn|15
|
|t:|1658491955
|move|p2a: Kyogre|Water Spout|p1a: XEU
|-damage|p1a: XEU|0 fnt
|faint|p1a: XEU
|
|-weather|RainDance|[upkeep]
|upkeep
|
|t:|1658491958
|switch|p1a: Faith gang|Marshadow|100/100
|-damage|p1a: Faith gang|94/100|[from] Stealth Rock
|turn|16
|
|t:|1658491964
|-start|p2a: Kyogre|Dynamax|
|-heal|p2a: Kyogre|100/100|[silent]
|move|p2a: Kyogre|Max Geyser|p1a: Faith gang
|-damage|p1a: Faith gang|0 fnt
|faint|p1a: Faith gang
|
|win|ywl19260817
|raw|KANN ar KANN's rating: 1674 &rarr; <strong>1664</strong><br />(-10 for losing)
|raw|ywl19260817's rating: 1866 &rarr; <strong>1876</strong><br />(+10 for winning)
|l|☆KANN ar KANN
||Ladder isn't responding, score probably updated but might not have (Request timeout).
