|j|☆Glaliegoesboom
|j|☆Snake of the Moon
|t:|1661541459
|gametype|singles
|player|p1|Glaliegoesboom|cynthia-masters|
|player|p2|Snake of the Moon|lance-masters|
|teamsize|p1|6
|teamsize|p2|6
|gen|8
|tier|[Gen 8] National Dex AG
|rule|HP Percentage Mod: HP is shown in percentages
|rule|Endless Battle Clause: Forcing endless battles is banned
|clearpoke
|poke|p1|Clefable, F|
|poke|p1|Dialga|
|poke|p1|Ferrothorn, F|
|poke|p1|Gyarados, M|
|poke|p1|Hippowdon, F|
|poke|p1|Giratina-Origin|
|poke|p2|Mawile, M|
|poke|p2|Gliscor, F|
|poke|p2|Dialga|
|poke|p2|Scrafty, F|
|poke|p2|Giratina|
|poke|p2|Toxapex, F|
|teampreview
|inactive|Battle timer is ON: inactive players will automatically lose when time's up. (requested by Glaliegoesboom)
|inactive|Snake of the Moon also wants the timer to be on.
|
|t:|1661541469
|start
|switch|p1a: Hippowdon|Hippowdon, F|100/100
|switch|p2a: Mawile|Mawile, M|100/100
|-ability|p2a: Mawile|Intimidate|boost
|-unboost|p1a: Hippowdon|atk|1
|-weather|Sandstorm|[from] ability: Sand Stream|[of] p1a: Hippowdon
|turn|1
|
|t:|1661541475
|detailschange|p2a: Mawile|Mawile-Mega, M
|-mega|p2a: Mawile|Mawile|Mawilite
|move|p2a: Mawile|Play Rough|p1a: Hippowdon
|-damage|p1a: Hippowdon|56/100
|move|p1a: Hippowdon|Earthquake|p2a: Mawile
|-supereffective|p2a: Mawile
|-damage|p2a: Mawile|53/100
|
|-weather|Sandstorm|[upkeep]
|upkeep
|turn|2
|
|t:|1661541486
|move|p2a: Mawile|Rest|p2a: Mawile
|-status|p2a: Mawile|slp|[from] move: Rest
|-heal|p2a: Mawile|100/100 slp|[silent]
|move|p1a: Hippowdon|Slack Off|p1a: Hippowdon
|-heal|p1a: Hippowdon|100/100
|
|-weather|Sandstorm|[upkeep]
|upkeep
|turn|3
|
|t:|1661541492
|switch|p2a: Gliscor|Gliscor, F|100/100
|move|p1a: Hippowdon|Earthquake|p2a: Gliscor
|-immune|p2a: Gliscor
|
|-weather|Sandstorm|[upkeep]
|-status|p2a: Gliscor|tox|[from] item: Toxic Orb
|upkeep
|turn|4
|
|t:|1661541498
|switch|p1a: Ferrothorn|Ferrothorn, F|100/100
|-ability|p1a: Ferrothorn|Anticipation
|move|p2a: Gliscor|Earthquake|p1a: Ferrothorn
|-damage|p1a: Ferrothorn|71/100
|
|-weather|Sandstorm|[upkeep]
|upkeep
|turn|5
|
|t:|1661541527
|switch|p1a: Giratina|Giratina-Origin|100/100
|move|p2a: Gliscor|Fire Fang|p1a: Giratina
|-resisted|p1a: Giratina
|-damage|p1a: Giratina|94/100
|
|-weather|none
|upkeep
|turn|6
|
|t:|1661541535
|move|p2a: Gliscor|Roost||[still]
|-fail|p2a: Gliscor|heal
|move|p1a: Giratina|Poltergeist|p2a: Gliscor
|-activate|p2a: Gliscor|move: Poltergeist|Toxic Orb
|-damage|p2a: Gliscor|41/100 tox
|
|-heal|p2a: Gliscor|53/100 tox|[from] ability: Poison Heal
|upkeep
|turn|7
|
|t:|1661541542
|move|p2a: Gliscor|Roost|p2a: Gliscor
|-heal|p2a: Gliscor|100/100 tox
|-singleturn|p2a: Gliscor|move: Roost
|move|p1a: Giratina|Poltergeist|p2a: Gliscor
|-activate|p2a: Gliscor|move: Poltergeist|Toxic Orb
|-damage|p2a: Gliscor|41/100 tox
|
|-heal|p2a: Gliscor|53/100 tox|[from] ability: Poison Heal
|upkeep
|turn|8
|
|t:|1661541547
|switch|p1a: Clefable|Clefable, F|100/100
|move|p2a: Gliscor|Roost|p2a: Gliscor
|-heal|p2a: Gliscor|100/100 tox
|-singleturn|p2a: Gliscor|move: Roost
|
|upkeep
|turn|9
|l|☆Glaliegoesboom
|inactive|Glaliegoesboom disconnected and has 300 seconds to reconnect!
|player|p1|
|j|☆Glaliegoesboom
|inactive|Glaliegoesboom reconnected and has 295 seconds left.
|player|p1|Glaliegoesboom|cynthia-masters
|inactive|Snake of the Moon has 270 seconds left.
|
|t:|1661541602
|switch|p2a: Toxapex|Toxapex, F|100/100
|move|p1a: Clefable|Ice Beam|p2a: Toxapex
|-resisted|p2a: Toxapex
|-damage|p2a: Toxapex|89/100
|-damage|p1a: Clefable|91/100|[from] item: Life Orb
|
|upkeep
|turn|10
|
|t:|1661541606
|move|p1a: Clefable|Thunderbolt|p2a: Toxapex
|-supereffective|p2a: Toxapex
|-enditem|p2a: Toxapex|Wacan Berry|[eat]
|-enditem|p2a: Toxapex|Wacan Berry|[weaken]
|-damage|p2a: Toxapex|63/100
|-damage|p1a: Clefable|81/100|[from] item: Life Orb
|move|p2a: Toxapex|Light Screen|p2a: Toxapex
|-sidestart|p2: Snake of the Moon|move: Light Screen
|
|upkeep
|turn|11
|c|☆Glaliegoesboom|Wrong ability
|
|t:|1661541625
|switch|p1a: Ferrothorn|Ferrothorn, F|71/100
|switch|p2a: Dialga|Dialga|100/100
|-ability|p2a: Dialga|Pressure
|
|upkeep
|turn|12
|
|t:|1661541632
|move|p2a: Dialga|Flamethrower|p1a: Ferrothorn
|-supereffective|p1a: Ferrothorn
|-damage|p1a: Ferrothorn|0 fnt
|faint|p1a: Ferrothorn
|
|upkeep
|
|t:|1661541639
|switch|p1a: Hippowdon|Hippowdon, F|100/100
|-weather|Sandstorm|[from] ability: Sand Stream|[of] p1a: Hippowdon
|turn|13
|
|t:|1661541645
|switch|p2a: Gliscor|Gliscor, F|100/100 tox
|move|p1a: Hippowdon|Ice Fang|p2a: Gliscor
|-supereffective|p2a: Gliscor
|-damage|p2a: Gliscor|45/100 tox
|
|-weather|Sandstorm|[upkeep]
|-heal|p2a: Gliscor|57/100 tox|[from] ability: Poison Heal
|upkeep
|turn|14
|
|t:|1661541651
|move|p2a: Gliscor|Roost|p2a: Gliscor
|-heal|p2a: Gliscor|100/100 tox
|-singleturn|p2a: Gliscor|move: Roost
|-zpower|p1a: Hippowdon
|move|p1a: Hippowdon|Subzero Slammer|p2a: Gliscor|[zeffect]
|-supereffective|p2a: Gliscor
|-damage|p2a: Gliscor|47/100 tox
|
|-weather|Sandstorm|[upkeep]
|-heal|p2a: Gliscor|60/100 tox|[from] ability: Poison Heal
|-sideend|p2: Snake of the Moon|move: Light Screen
|upkeep
|turn|15
|c|☆Glaliegoesboom|Shouldve waited
|c|☆Snake of the Moon|Tru
|
|t:|1661541667
|switch|p1a: Giratina|Giratina-Origin|94/100
|move|p2a: Gliscor|Roost|p2a: Gliscor
|-heal|p2a: Gliscor|100/100 tox
|-singleturn|p2a: Gliscor|move: Roost
|
|-weather|Sandstorm|[upkeep]
|-damage|p1a: Giratina|88/100|[from] Sandstorm
|upkeep
|turn|16
|
|t:|1661541683
|switch|p2a: Scrafty|Scrafty, F|100/100
|move|p1a: Giratina|Poltergeist|p2a: Scrafty
|-activate|p2a: Scrafty|move: Poltergeist|Leftovers
|-resisted|p2a: Scrafty
|-damage|p2a: Scrafty|74/100
|
|-weather|Sandstorm|[upkeep]
|-damage|p1a: Giratina|81/100|[from] Sandstorm
|-damage|p2a: Scrafty|68/100|[from] Sandstorm
|-heal|p2a: Scrafty|74/100|[from] item: Leftovers
|upkeep
|turn|17
|
|t:|1661541692
|move|p1a: Giratina|Will-O-Wisp|p2a: Scrafty
|-status|p2a: Scrafty|brn
|move|p2a: Scrafty|Rest|p2a: Scrafty
|-status|p2a: Scrafty|slp|[from] move: Rest
|-heal|p2a: Scrafty|100/100 slp|[silent]
|
|-weather|none
|-activate|p2a: Scrafty|ability: Shed Skin
|-curestatus|p2a: Scrafty|slp|[msg]
|upkeep
|turn|18
|
|t:|1661541699
|switch|p1a: Dialga|Dialga|100/100
|-ability|p1a: Dialga|Pressure
|move|p2a: Scrafty|Knock Off|p1a: Dialga
|-damage|p1a: Dialga|77/100
|-enditem|p1a: Dialga|Assault Vest|[from] move: Knock Off|[of] p2a: Scrafty
|
|upkeep
|turn|19
|c|☆Snake of the Moon|This thing is amazing
|
|t:|1661541714
|switch|p1a: Clefable|Clefable, F|81/100
|move|p2a: Scrafty|Drain Punch|p1a: Clefable
|-resisted|p1a: Clefable
|-damage|p1a: Clefable|69/100
|
|upkeep
|turn|20
|
|t:|1661541722
|switch|p2a: Dialga|Dialga|100/100
|-ability|p2a: Dialga|Pressure
|move|p1a: Clefable|Moonblast|p2a: Dialga
|-damage|p2a: Dialga|40/100
|-damage|p1a: Clefable|59/100|[from] item: Life Orb
|
|upkeep
|turn|21
|c|☆Glaliegoesboom|Damn
|
|t:|1661541733
|switch|p2a: Toxapex|Toxapex, F|97/100
|switch|p1a: Dialga|Dialga|77/100
|-ability|p1a: Dialga|Pressure
|
|upkeep
|turn|22
|
|t:|1661541740
|move|p1a: Dialga|Thunderbolt|p2a: Toxapex
|-supereffective|p2a: Toxapex
|-crit|p2a: Toxapex
|-damage|p2a: Toxapex|9/100
|move|p2a: Toxapex|Light Screen|p2a: Toxapex
|-sidestart|p2: Snake of the Moon|move: Light Screen
|
|upkeep
|turn|23
|
|t:|1661541747
|switch|p2a: Mawile|Mawile-Mega, M|100/100 slp
|move|p1a: Dialga|Dragon Pulse|p2a: Mawile
|-immune|p2a: Mawile
|
|upkeep
|turn|24
|
|t:|1661541751
|switch|p1a: Hippowdon|Hippowdon, F|100/100
|-weather|Sandstorm|[from] ability: Sand Stream|[of] p1a: Hippowdon
|cant|p2a: Mawile|slp
|move|p2a: Mawile|Sleep Talk|p2a: Mawile
|move|p2a: Mawile|Fire Fang|p1a: Hippowdon|[from]move: Sleep Talk
|-damage|p1a: Hippowdon|77/100
|-status|p1a: Hippowdon|brn
|
|-weather|Sandstorm|[upkeep]
|-damage|p1a: Hippowdon|71/100 brn|[from] brn
|upkeep
|turn|25
|l|☆Snake of the Moon
|inactive|Snake of the Moon disconnected and has 300 seconds to reconnect!
|player|p2|
|inactive|Snake of the Moon has 270 seconds to reconnect!
|j|☆Snake of the Moon
|inactive|Snake of the Moon reconnected and has 290 seconds left.
|player|p2|Snake of the Moon|lance-masters
|
|t:|1661541822
|cant|p2a: Mawile|slp
|move|p2a: Mawile|Sleep Talk|p2a: Mawile
|move|p2a: Mawile|Play Rough|p1a: Hippowdon|[from]move: Sleep Talk
|-damage|p1a: Hippowdon|21/100 brn
|move|p1a: Hippowdon|Slack Off|p1a: Hippowdon
|-heal|p1a: Hippowdon|71/100 brn
|
|-weather|Sandstorm|[upkeep]
|-damage|p1a: Hippowdon|65/100 brn|[from] brn
|upkeep
|turn|26
|
|t:|1661541837
|-curestatus|p2a: Mawile|slp|[msg]
|move|p2a: Mawile|Play Rough|p1a: Hippowdon
|-damage|p1a: Hippowdon|20/100 brn
|move|p1a: Hippowdon|Slack Off|p1a: Hippowdon
|-heal|p1a: Hippowdon|70/100 brn
|
|-weather|Sandstorm|[upkeep]
|-damage|p1a: Hippowdon|64/100 brn|[from] brn
|-sideend|p2: Snake of the Moon|move: Light Screen
|upkeep
|turn|27
|
|t:|1661541847
|move|p2a: Mawile|Play Rough|p1a: Hippowdon
|-damage|p1a: Hippowdon|21/100 brn
|move|p1a: Hippowdon|Earthquake|p2a: Mawile
|-supereffective|p2a: Mawile
|-damage|p2a: Mawile|66/100
|
|-weather|Sandstorm|[upkeep]
|-damage|p1a: Hippowdon|15/100 brn|[from] brn
|upkeep
|turn|28
|
|t:|1661541856
|move|p2a: Mawile|Play Rough|p1a: Hippowdon
|-damage|p1a: Hippowdon|0 fnt
|faint|p1a: Hippowdon
|
|-weather|none
|upkeep
|
|t:|1661541859
|switch|p1a: Dialga|Dialga|77/100
|-ability|p1a: Dialga|Pressure
|turn|29
|
|t:|1661541877
|switch|p2a: Gliscor|Gliscor, F|100/100 tox
|move|p1a: Dialga|Earth Power|p2a: Gliscor
|-immune|p2a: Gliscor
|
|upkeep
|turn|30
|
|t:|1661541880
|move|p2a: Gliscor|Earthquake|p1a: Dialga
|-supereffective|p1a: Dialga
|-damage|p1a: Dialga|6/100
|move|p1a: Dialga|Ice Beam|p2a: Gliscor
|-supereffective|p2a: Gliscor
|-damage|p2a: Gliscor|0 fnt
|faint|p2a: Gliscor
|
|upkeep
|
|t:|1661541886
|switch|p2a: Dialga|Dialga|40/100
|-ability|p2a: Dialga|Pressure
|turn|31
|
|t:|1661541895
|move|p2a: Dialga|Ice Beam|p1a: Dialga
|-crit|p1a: Dialga
|-damage|p1a: Dialga|0 fnt
|faint|p1a: Dialga
|
|upkeep
|
|t:|1661541898
|switch|p1a: Gyarados|Gyarados, M|100/100
|-ability|p1a: Gyarados|Intimidate|boost
|-unboost|p2a: Dialga|atk|1
|turn|32
|
|t:|1661541904
|detailschange|p1a: Gyarados|Gyarados-Mega, M
|-mega|p1a: Gyarados|Gyarados|Gyaradosite
|-ability|p1a: Gyarados|Mold Breaker
|move|p2a: Dialga|Dragon Pulse|p1a: Gyarados
|-damage|p1a: Gyarados|60/100
|move|p1a: Gyarados|Dragon Dance|p1a: Gyarados
|-boost|p1a: Gyarados|atk|1
|-boost|p1a: Gyarados|spe|1
|
|upkeep
|turn|33
|
|t:|1661541922
|switch|p2a: Giratina|Giratina|100/100
|-ability|p2a: Giratina|Pressure
|move|p1a: Gyarados|Dragon Dance|p1a: Gyarados
|-boost|p1a: Gyarados|atk|1
|-boost|p1a: Gyarados|spe|1
|
|upkeep
|turn|34
|
|t:|1661541930
|move|p1a: Gyarados|Crunch|p2a: Giratina
|-supereffective|p2a: Giratina
|-damage|p2a: Giratina|7/100
|move|p2a: Giratina|Roar|p1a: Gyarados
|drag|p1a: Clefable|Clefable, F|59/100
|
|upkeep
|turn|35
|
|t:|1661541942
|move|p2a: Giratina|Thunder Wave|p1a: Clefable|[miss]
|-miss|p2a: Giratina|p1a: Clefable
|move|p1a: Clefable|Soft-Boiled|p1a: Clefable
|-heal|p1a: Clefable|100/100
|
|upkeep
|turn|36
|
|t:|1661541950
|move|p2a: Giratina|Thunder Wave|p1a: Clefable
|-status|p1a: Clefable|par
|move|p1a: Clefable|Moonblast|p2a: Giratina
|-supereffective|p2a: Giratina
|-damage|p2a: Giratina|0 fnt
|faint|p2a: Giratina
|-damage|p1a: Clefable|91/100 par|[from] item: Life Orb
|
|upkeep
|
|t:|1661541953
|switch|p2a: Mawile|Mawile-Mega, M|66/100
|turn|37
|
|t:|1661541958
|move|p2a: Mawile|Play Rough|p1a: Clefable|[miss]
|-miss|p2a: Mawile|p1a: Clefable
|move|p1a: Clefable|Thunderbolt|p2a: Mawile
|-damage|p2a: Mawile|21/100
|-damage|p1a: Clefable|81/100 par|[from] item: Life Orb
|
|upkeep
|turn|38
|c|☆Snake of the Moon|FUCK
|
|t:|1661541968
|move|p2a: Mawile|Play Rough|p1a: Clefable
|-damage|p1a: Clefable|0 fnt
|-start|p2a: Mawile|Attract|[from] ability: Cute Charm|[of] p1a: Clefable
|faint|p1a: Clefable
|-end|p2a: Mawile|Attract|[silent]
|
|upkeep
|
|t:|1661541997
|switch|p1a: Giratina|Giratina-Origin|81/100
|turn|39
|
|t:|1661542000
|move|p1a: Giratina|Poltergeist|p2a: Mawile
|-activate|p2a: Mawile|move: Poltergeist|Mawilite
|-damage|p2a: Mawile|0 fnt
|faint|p2a: Mawile
|
|upkeep
|
|t:|1661542016
|switch|p2a: Scrafty|Scrafty, F|100/100
|turn|40
|
|t:|1661542021
|-start|p2a: Scrafty|Dynamax|
|-heal|p2a: Scrafty|100/100|[silent]
|move|p1a: Giratina|Will-O-Wisp|p2a: Scrafty
|-status|p2a: Scrafty|brn
|move|p2a: Scrafty|Max Darkness|p1a: Giratina
|-supereffective|p1a: Giratina
|-damage|p1a: Giratina|58/100
|-unboost|p1a: Giratina|spd|1
|
|-damage|p2a: Scrafty|98/100 brn|[from] brn
|upkeep
|turn|41
|
|t:|1661542027
|move|p1a: Giratina|Earthquake|p2a: Scrafty
|-damage|p2a: Scrafty|84/100 brn
|move|p2a: Scrafty|Max Darkness|p1a: Giratina
|-supereffective|p1a: Giratina
|-damage|p1a: Giratina|32/100
|-unboost|p1a: Giratina|spd|1
|
|-heal|p2a: Scrafty|87/100 brn|[from] item: Leftovers
|-damage|p2a: Scrafty|84/100 brn|[from] brn
|upkeep
|turn|42
|
|t:|1661542033
|move|p1a: Giratina|Earthquake|p2a: Scrafty
|-crit|p2a: Scrafty
|-damage|p2a: Scrafty|63/100 brn
|move|p2a: Scrafty|Max Darkness|p1a: Giratina
|-supereffective|p1a: Giratina
|-damage|p1a: Giratina|5/100
|-unboost|p1a: Giratina|spd|1
|
|-activate|p2a: Scrafty|ability: Shed Skin
|-curestatus|p2a: Scrafty|brn|[msg]
|-heal|p2a: Scrafty|66/100|[from] item: Leftovers
|upkeep
|-end|p2a: Scrafty|Dynamax
|-heal|p2a: Scrafty|66/100|[silent]
|turn|43
|
|t:|1661542041
|move|p1a: Giratina|Will-O-Wisp|p2a: Scrafty
|-status|p2a: Scrafty|brn
|move|p2a: Scrafty|Rest|p2a: Scrafty
|-status|p2a: Scrafty|slp|[from] move: Rest
|-heal|p2a: Scrafty|100/100 slp|[silent]
|
|upkeep
|turn|44
|
|t:|1661542049
|move|p1a: Giratina|Rest|p1a: Giratina
|-status|p1a: Giratina|slp|[from] move: Rest
|-heal|p1a: Giratina|100/100 slp|[silent]
|cant|p2a: Scrafty|slp
|
|upkeep
|turn|45
|
|t:|1661542059
|switch|p2a: Dialga|Dialga|40/100
|-ability|p2a: Dialga|Pressure
|cant|p1a: Giratina|slp
|
|upkeep
|turn|46
|
|t:|1661542064
|-start|p1a: Giratina|Dynamax|
|-heal|p1a: Giratina|100/100 slp|[silent]
|move|p2a: Dialga|Dragon Pulse|p1a: Giratina
|-supereffective|p1a: Giratina
|-damage|p1a: Giratina|15/100 slp
|cant|p1a: Giratina|slp
|
|upkeep
|turn|47
|c|☆Snake of the Moon|Gg
|
|t:|1661542071
|move|p2a: Dialga|Dragon Pulse|p1a: Giratina
|-supereffective|p1a: Giratina
|-damage|p1a: Giratina|0 fnt
|faint|p1a: Giratina
|
|upkeep
|
|t:|1661542076
|switch|p1a: Gyarados|Gyarados-Mega, M|60/100
|-ability|p1a: Gyarados|Mold Breaker
|turn|48
|c|☆Snake of the Moon|Wp
|
|t:|1661542081
|-zpower|p2a: Dialga
|move|p2a: Dialga|All-Out Pummeling|p1a: Gyarados|[zeffect]
|-supereffective|p1a: Gyarados
|-damage|p1a: Gyarados|0 fnt
|faint|p1a: Gyarados
|
|win|Snake of the Moon
