|j|☆Sean&Andy
|j|☆lemoncell0
|t:|1662398136
|gametype|singles
|player|p1|Sean&Andy|169|1826
|player|p2|lemoncell0|allister|1932
|teamsize|p1|6
|teamsize|p2|6
|gen|8
|tier|[Gen 8] National Dex AG
|rated|
|rule|HP Percentage Mod: HP is shown in percentages
|rule|Endless Battle Clause: Forcing endless battles is banned
|clearpoke
|poke|p1|Arceus-*|
|poke|p1|Groudon|
|poke|p1|Zacian-*|
|poke|p1|Rayquaza|
|poke|p1|Calyrex-Shadow|
|poke|p1|Yveltal|
|poke|p2|Tyranitar, M|
|poke|p2|Ditto|
|poke|p2|Latias, F|
|poke|p2|Gothitelle, F|
|poke|p2|Quagsire, M|
|poke|p2|Zacian-*|
|teampreview
|c|☆Sean&Andy|o hey lol
|c|☆lemoncell0|heyo heyo
|
|t:|1662398150
|start
|switch|p1a: Zacian|Zacian-Crowned|100/100
|switch|p2a: Zacian|Zacian-Crowned|100/100
|-ability|p1a: Zacian|Intrepid Sword|boost
|-boost|p1a: Zacian|atk|1
|-ability|p2a: Zacian|Intrepid Sword|boost
|-boost|p2a: Zacian|atk|1
|turn|1
|
|t:|1662398155
|switch|p1a: Groudon|Groudon|100/100
|detailschange|p1a: Groudon|Groudon-Primal
|-primal|p1a: Groudon
|-weather|DesolateLand|[from] ability: Desolate Land|[of] p1a: Groudon
|switch|p2a: Quagsire|Quagsire, M|100/100
|
|-weather|DesolateLand|[upkeep]
|upkeep
|turn|2
|
|t:|1662398161
|switch|p2a: Latias|Latias, F|100/100
|move|p1a: Groudon|Thunder Wave|p2a: Latias
|-status|p2a: Latias|par
|
|-weather|DesolateLand|[upkeep]
|upkeep
|turn|3
|
|t:|1662398165
|detailschange|p2a: Latias|Latias-Mega, F
|-mega|p2a: Latias|Latias|Latiasite
|move|p1a: Groudon|Stealth Rock|p2a: Latias
|-sidestart|p2: lemoncell0|move: Stealth Rock
|move|p2a: Latias|Toxic|p1a: Groudon|[miss]
|-miss|p2a: Latias|p1a: Groudon
|
|-weather|DesolateLand|[upkeep]
|upkeep
|turn|4
|
|t:|1662398169
|-weather|none
|switch|p1a: Zacian|Zacian-Crowned|100/100
|-ability|p1a: Zacian|Intrepid Sword|boost
|-boost|p1a: Zacian|atk|1
|move|p2a: Latias|Defog|p1a: Zacian
|-unboost|p1a: Zacian|evasion|1
|-sideend|p2: lemoncell0|Stealth Rock|[from] move: Defog|[of] p2a: Latias
|
|upkeep
|turn|5
|
|t:|1662398182
|switch|p1a: Calyrex|Calyrex-Shadow|100/100
|-ability|p1a: Calyrex|As One
|-ability|p1a: Calyrex|Unnerve
|switch|p2a: Quagsire|Quagsire, M|100/100
|
|upkeep
|turn|6
|
|t:|1662398192
|switch|p1a: Groudon|Groudon-Primal|100/100
|-weather|DesolateLand|[from] ability: Desolate Land|[of] p1a: Groudon
|switch|p2a: Tyranitar|Tyranitar, M|100/100
|-ability|p2a: Tyranitar|Sand Stream|[from] desolateland|[fail]
|
|-weather|DesolateLand|[upkeep]
|upkeep
|turn|7
|
|t:|1662398197
|switch|p2a: Latias|Latias-Mega, F|100/100 par
|move|p1a: Groudon|Stone Edge|p2a: Latias|[miss]
|-miss|p1a: Groudon|p2a: Latias
|
|-weather|DesolateLand|[upkeep]
|upkeep
|turn|8
|
|t:|1662398201
|move|p1a: Groudon|Stealth Rock|p2a: Latias
|-sidestart|p2: lemoncell0|move: Stealth Rock
|move|p2a: Latias|Toxic|p1a: Groudon
|-status|p1a: Groudon|tox
|
|-weather|DesolateLand|[upkeep]
|-damage|p1a: Groudon|94/100 tox|[from] psn
|upkeep
|turn|9
|
|t:|1662398205
|-weather|none
|switch|p1a: Calyrex|Calyrex-Shadow|100/100
|-ability|p1a: Calyrex|As One
|-ability|p1a: Calyrex|Unnerve
|move|p2a: Latias|Defog|p1a: Calyrex
|-unboost|p1a: Calyrex|evasion|1
|-sideend|p2: lemoncell0|Stealth Rock|[from] move: Defog|[of] p2a: Latias
|
|upkeep
|turn|10
|
|t:|1662398209
|switch|p2a: Tyranitar|Tyranitar, M|100/100
|-weather|Sandstorm|[from] ability: Sand Stream|[of] p2a: Tyranitar
|move|p1a: Calyrex|Leech Seed|p2a: Tyranitar|[miss]
|-miss|p1a: Calyrex|p2a: Tyranitar
|
|-weather|Sandstorm|[upkeep]
|-damage|p1a: Calyrex|94/100|[from] Sandstorm
|-heal|p1a: Calyrex|100/100|[from] item: Leftovers
|upkeep
|turn|11
|c|☆Sean&Andy|zamn
|c|☆lemoncell0|rip
|c|☆lemoncell0|that sucks
|
|t:|1662398224
|move|p1a: Calyrex|Substitute|p1a: Calyrex
|-start|p1a: Calyrex|Substitute
|-damage|p1a: Calyrex|76/100
|move|p2a: Tyranitar|Pursuit|p1a: Calyrex
|-supereffective|p1a: Calyrex
|-end|p1a: Calyrex|Substitute
|
|-weather|Sandstorm|[upkeep]
|-damage|p1a: Calyrex|69/100|[from] Sandstorm
|-heal|p1a: Calyrex|76/100|[from] item: Leftovers
|upkeep
|turn|12
|
|t:|1662398226
|move|p1a: Calyrex|Substitute|p1a: Calyrex
|-start|p1a: Calyrex|Substitute
|-damage|p1a: Calyrex|51/100
|move|p2a: Tyranitar|Pursuit|p1a: Calyrex
|-supereffective|p1a: Calyrex
|-crit|p1a: Calyrex
|-end|p1a: Calyrex|Substitute
|
|-weather|Sandstorm|[upkeep]
|-damage|p1a: Calyrex|44/100|[from] Sandstorm
|-heal|p1a: Calyrex|51/100|[from] item: Leftovers
|upkeep
|turn|13
|
|t:|1662398229
|move|p1a: Calyrex|Substitute|p1a: Calyrex
|-start|p1a: Calyrex|Substitute
|-damage|p1a: Calyrex|26/100
|move|p2a: Tyranitar|Pursuit|p1a: Calyrex
|-supereffective|p1a: Calyrex
|-end|p1a: Calyrex|Substitute
|
|-weather|Sandstorm|[upkeep]
|-damage|p1a: Calyrex|20/100|[from] Sandstorm
|-heal|p1a: Calyrex|26/100|[from] item: Leftovers
|upkeep
|turn|14
|
|t:|1662398231
|move|p1a: Calyrex|Draining Kiss|p2a: Tyranitar
|-supereffective|p2a: Tyranitar
|-damage|p2a: Tyranitar|82/100
|-heal|p1a: Calyrex|42/100|[from] drain|[of] p2a: Tyranitar
|move|p2a: Tyranitar|Pursuit|p1a: Calyrex
|-supereffective|p1a: Calyrex
|-damage|p1a: Calyrex|0 fnt
|faint|p1a: Calyrex
|
|-weather|none
|-heal|p2a: Tyranitar|88/100|[from] item: Leftovers
|upkeep
|
|t:|1662398235
|switch|p1a: Groudon|Groudon-Primal|94/100 tox
|-weather|DesolateLand|[from] ability: Desolate Land|[of] p1a: Groudon
|turn|15
|
|t:|1662398238
|-weather|none
|switch|p1a: Rayquaza|Rayquaza|100/100
|-ability|p1a: Rayquaza|Air Lock
|switch|p2a: Latias|Latias-Mega, F|100/100 par
|
|upkeep
|turn|16
|
|t:|1662398244
|switch|p2a: Gothitelle|Gothitelle, F|100/100
|detailschange|p1a: Rayquaza|Rayquaza-Mega
|-mega|p1a: Rayquaza|Rayquaza|
|-weather|DeltaStream|[from] ability: Delta Stream|[of] p1a: Rayquaza
|move|p1a: Rayquaza|Dragon Ascent|p2a: Gothitelle
|-damage|p2a: Gothitelle|25/100
|-unboost|p1a: Rayquaza|def|1
|-unboost|p1a: Rayquaza|spd|1
|
|-weather|DeltaStream|[upkeep]
|-heal|p2a: Gothitelle|32/100|[from] item: Leftovers
|upkeep
|turn|17
|
|t:|1662398247
|move|p1a: Rayquaza|Dragon Ascent|p2a: Gothitelle
|-damage|p2a: Gothitelle|0 fnt
|-unboost|p1a: Rayquaza|def|1
|-unboost|p1a: Rayquaza|spd|1
|faint|p2a: Gothitelle
|
|-weather|DeltaStream|[upkeep]
|upkeep
|
|t:|1662398263
|switch|p2a: Ditto|Ditto|100/100
|-transform|p2a: Ditto|p1a: Rayquaza|[from] ability: Imposter
|turn|18
|
|t:|1662398268
|switch|p2a: Quagsire|Quagsire, M|100/100
|move|p1a: Rayquaza|Extreme Speed|p2a: Quagsire
|-damage|p2a: Quagsire|73/100
|-damage|p1a: Rayquaza|84/100|[from] item: Rocky Helmet|[of] p2a: Quagsire
|
|-weather|DeltaStream|[upkeep]
|upkeep
|turn|19
|
|t:|1662398278
|-weather|none
|switch|p1a: Yveltal|Yveltal|100/100
|-ability|p1a: Yveltal|Dark Aura
|move|p2a: Quagsire|Counter||[still]
|-fail|p2a: Quagsire
|
|upkeep
|turn|20
|
|t:|1662398284
|switch|p1a: Groudon|Groudon-Primal|94/100 tox
|-weather|DesolateLand|[from] ability: Desolate Land|[of] p1a: Groudon
|switch|p2a: Tyranitar|Tyranitar, M|88/100
|-ability|p2a: Tyranitar|Sand Stream|[from] desolateland|[fail]
|
|-weather|DesolateLand|[upkeep]
|-heal|p2a: Tyranitar|95/100|[from] item: Leftovers
|-damage|p1a: Groudon|88/100 tox|[from] psn
|upkeep
|turn|21
|
|t:|1662398287
|switch|p2a: Latias|Latias-Mega, F|100/100 par
|move|p1a: Groudon|Stealth Rock|p2a: Latias
|-sidestart|p2: lemoncell0|move: Stealth Rock
|
|-weather|DesolateLand|[upkeep]
|-damage|p1a: Groudon|76/100 tox|[from] psn
|upkeep
|turn|22
|
|t:|1662398291
|-weather|none
|switch|p1a: Zacian|Zacian-Crowned|100/100
|-ability|p1a: Zacian|Intrepid Sword|boost
|-boost|p1a: Zacian|atk|1
|move|p2a: Latias|Defog|p1a: Zacian
|-unboost|p1a: Zacian|evasion|1
|-sideend|p2: lemoncell0|Stealth Rock|[from] move: Defog|[of] p2a: Latias
|
|upkeep
|turn|23
|
|t:|1662398294
|switch|p2a: Quagsire|Quagsire, M|73/100
|move|p1a: Zacian|Play Rough|p2a: Quagsire
|-damage|p2a: Quagsire|34/100
|-damage|p1a: Zacian|84/100|[from] item: Rocky Helmet|[of] p2a: Quagsire
|
|upkeep
|turn|24
|
|t:|1662398296
|move|p1a: Zacian|Play Rough|p2a: Quagsire|[miss]
|-miss|p1a: Zacian|p2a: Quagsire
|move|p2a: Quagsire|Recover|p2a: Quagsire
|-heal|p2a: Quagsire|84/100
|
|upkeep
|turn|25
|c|☆lemoncell0|wow
|c|☆Sean&Andy|maaaaan
|c|☆Sean&Andy|lol
|c|☆Sean&Andy|nah its fine
|
|t:|1662398319
|switch|p1a: Yveltal|Yveltal|100/100
|-ability|p1a: Yveltal|Dark Aura
|move|p2a: Quagsire|Recover|p2a: Quagsire
|-heal|p2a: Quagsire|100/100
|
|upkeep
|turn|26
|c|☆Sean&Andy|wish there was a more acc fairy move th
|c|☆Sean&Andy|tho
|c|☆lemoncell0|yeah
|
|t:|1662398335
|switch|p1a: Groudon|Groudon-Primal|76/100 tox
|-weather|DesolateLand|[from] ability: Desolate Land|[of] p1a: Groudon
|switch|p2a: Tyranitar|Tyranitar, M|95/100
|-ability|p2a: Tyranitar|Sand Stream|[from] desolateland|[fail]
|
|-weather|DesolateLand|[upkeep]
|-heal|p2a: Tyranitar|100/100|[from] item: Leftovers
|-damage|p1a: Groudon|70/100 tox|[from] psn
|upkeep
|turn|27
|c|☆lemoncell0|I've lost a lot with prough against zy
|
|t:|1662398344
|switch|p2a: Latias|Latias-Mega, F|100/100 par
|move|p1a: Groudon|Stealth Rock|p2a: Latias
|-sidestart|p2: lemoncell0|move: Stealth Rock
|
|-weather|DesolateLand|[upkeep]
|-damage|p1a: Groudon|57/100 tox|[from] psn
|upkeep
|turn|28
|
|t:|1662398347
|-weather|none
|switch|p1a: Yveltal|Yveltal|100/100
|-ability|p1a: Yveltal|Dark Aura
|move|p2a: Latias|Defog|p1a: Yveltal
|-unboost|p1a: Yveltal|evasion|1
|-sideend|p2: lemoncell0|Stealth Rock|[from] move: Defog|[of] p2a: Latias
|
|upkeep
|turn|29
|
|t:|1662398352
|switch|p1a: Zacian|Zacian-Crowned|84/100
|-ability|p1a: Zacian|Intrepid Sword|boost
|-boost|p1a: Zacian|atk|1
|switch|p2a: Tyranitar|Tyranitar, M|100/100
|-weather|Sandstorm|[from] ability: Sand Stream|[of] p2a: Tyranitar
|
|-weather|Sandstorm|[upkeep]
|upkeep
|turn|30
|
|t:|1662398358
|switch|p2a: Quagsire|Quagsire, M|100/100
|move|p1a: Zacian|Play Rough|p2a: Quagsire
|-damage|p2a: Quagsire|57/100
|-unboost|p2a: Quagsire|atk|1
|-damage|p1a: Zacian|67/100|[from] item: Rocky Helmet|[of] p2a: Quagsire
|
|-weather|Sandstorm|[upkeep]
|upkeep
|turn|31
|
|t:|1662398363
|move|p1a: Zacian|Play Rough|p2a: Quagsire|[miss]
|-miss|p1a: Zacian|p2a: Quagsire
|move|p2a: Quagsire|Recover|p2a: Quagsire
|-heal|p2a: Quagsire|100/100
|
|-weather|Sandstorm|[upkeep]
|upkeep
|turn|32
|
|t:|1662398370
|switch|p1a: Yveltal|Yveltal|100/100
|-ability|p1a: Yveltal|Dark Aura
|move|p2a: Quagsire|Earthquake|p1a: Yveltal
|-immune|p1a: Yveltal
|
|-weather|Sandstorm|[upkeep]
|-damage|p1a: Yveltal|94/100|[from] Sandstorm
|upkeep
|turn|33
|
|t:|1662398375
|switch|p1a: Rayquaza|Rayquaza-Mega|84/100
|-weather|DeltaStream|[from] ability: Delta Stream|[of] p1a: Rayquaza
|switch|p2a: Tyranitar|Tyranitar, M|100/100
|-ability|p2a: Tyranitar|Sand Stream|[from] deltastream|[fail]
|
|-weather|DeltaStream|[upkeep]
|upkeep
|turn|34
|
|t:|1662398379
|-start|p2a: Tyranitar|Dynamax|
|-heal|p2a: Tyranitar|100/100|[silent]
|move|p1a: Rayquaza|Dragon Dance|p1a: Rayquaza
|-boost|p1a: Rayquaza|atk|1
|-boost|p1a: Rayquaza|spe|1
|move|p2a: Tyranitar|Max Rockfall|p1a: Rayquaza
|-activate||deltastream
|-damage|p1a: Rayquaza|30/100
|
|-weather|DeltaStream|[upkeep]
|upkeep
|turn|35
|
|t:|1662398383
|move|p1a: Rayquaza|Earthquake|p2a: Tyranitar
|-supereffective|p2a: Tyranitar
|-damage|p2a: Tyranitar|48/100
|move|p2a: Tyranitar|Max Rockfall|p1a: Rayquaza
|-activate||deltastream
|-damage|p1a: Rayquaza|0 fnt
|-weather|Sandstorm
|faint|p1a: Rayquaza
|
|-weather|Sandstorm|[upkeep]
|-heal|p2a: Tyranitar|51/100|[from] item: Leftovers
|upkeep
|
|t:|1662398386
|switch|p1a: Zacian|Zacian-Crowned|67/100
|-ability|p1a: Zacian|Intrepid Sword|boost
|-boost|p1a: Zacian|atk|1
|turn|36
|
|t:|1662398391
|-end|p2a: Tyranitar|Dynamax
|-heal|p2a: Tyranitar|51/100|[silent]
|switch|p2a: Quagsire|Quagsire, M|100/100
|move|p1a: Zacian|Play Rough|p2a: Quagsire
|-damage|p2a: Quagsire|62/100
|-damage|p1a: Zacian|51/100|[from] item: Rocky Helmet|[of] p2a: Quagsire
|
|-weather|Sandstorm|[upkeep]
|upkeep
|turn|37
|
|t:|1662398397
|move|p1a: Zacian|Play Rough|p2a: Quagsire
|-damage|p2a: Quagsire|21/100
|-damage|p1a: Zacian|34/100|[from] item: Rocky Helmet|[of] p2a: Quagsire
|move|p2a: Quagsire|Recover|p2a: Quagsire
|-heal|p2a: Quagsire|71/100
|
|-weather|Sandstorm|[upkeep]
|upkeep
|turn|38
|
|t:|1662398400
|switch|p1a: Groudon|Groudon-Primal|57/100 tox
|-weather|DesolateLand|[from] ability: Desolate Land|[of] p1a: Groudon
|move|p2a: Quagsire|Recover|p2a: Quagsire
|-heal|p2a: Quagsire|100/100
|
|-weather|DesolateLand|[upkeep]
|-damage|p1a: Groudon|51/100 tox|[from] psn
|upkeep
|turn|39
|
|t:|1662398402
|switch|p2a: Latias|Latias-Mega, F|100/100 par
|move|p1a: Groudon|Stealth Rock|p2a: Latias
|-sidestart|p2: lemoncell0|move: Stealth Rock
|
|-weather|DesolateLand|[upkeep]
|-damage|p1a: Groudon|39/100 tox|[from] psn
|upkeep
|turn|40
|
|t:|1662398405
|-weather|none
|switch|p1a: Yveltal|Yveltal|94/100
|-ability|p1a: Yveltal|Dark Aura
|move|p2a: Latias|Defog|p1a: Yveltal
|-unboost|p1a: Yveltal|evasion|1
|-sideend|p2: lemoncell0|Stealth Rock|[from] move: Defog|[of] p2a: Latias
|
|upkeep
|turn|41
|c|☆Sean&Andy|no para :(
|
|t:|1662398414
|switch|p1a: Zacian|Zacian-Crowned|34/100
|-ability|p1a: Zacian|Intrepid Sword|boost
|-boost|p1a: Zacian|atk|1
|switch|p2a: Tyranitar|Tyranitar, M|51/100
|-weather|Sandstorm|[from] ability: Sand Stream|[of] p2a: Tyranitar
|
|-weather|Sandstorm|[upkeep]
|-heal|p2a: Tyranitar|57/100|[from] item: Leftovers
|upkeep
|turn|42
|c|☆lemoncell0|rip
|
|t:|1662398420
|switch|p1a: Yveltal|Yveltal|94/100
|-ability|p1a: Yveltal|Dark Aura
|switch|p2a: Quagsire|Quagsire, M|100/100
|
|-weather|Sandstorm|[upkeep]
|-damage|p1a: Yveltal|88/100|[from] Sandstorm
|upkeep
|turn|43
|
|t:|1662398431
|switch|p2a: Latias|Latias-Mega, F|100/100 par
|move|p1a: Yveltal|Dark Pulse|p2a: Latias
|-supereffective|p2a: Latias
|-damage|p2a: Latias|27/100 par
|-damage|p1a: Yveltal|78/100|[from] item: Life Orb
|
|-weather|Sandstorm|[upkeep]
|-damage|p1a: Yveltal|72/100|[from] Sandstorm
|-damage|p2a: Latias|21/100 par|[from] Sandstorm
|upkeep
|turn|44
|
|t:|1662398437
|switch|p1a: Zacian|Zacian-Crowned|34/100
|-ability|p1a: Zacian|Intrepid Sword|boost
|-boost|p1a: Zacian|atk|1
|move|p2a: Latias|Draco Meteor|p1a: Zacian
|-immune|p1a: Zacian
|
|-weather|Sandstorm|[upkeep]
|-damage|p2a: Latias|15/100 par|[from] Sandstorm
|upkeep
|turn|45
|
|t:|1662398444
|move|p1a: Zacian|Play Rough|p2a: Latias|[miss]
|-miss|p1a: Zacian|p2a: Latias
|move|p2a: Latias|Recover|p2a: Latias
|-heal|p2a: Latias|65/100 par
|
|-weather|none
|upkeep
|turn|46
|c|☆Sean&Andy|o wow
|
|t:|1662398456
|move|p1a: Zacian|Play Rough|p2a: Latias
|-supereffective|p2a: Latias
|-damage|p2a: Latias|0 fnt
|faint|p2a: Latias
|
|upkeep
|
|t:|1662398460
|switch|p2a: Ditto|Ditto|100/100
|-transform|p2a: Ditto|p1a: Zacian|[from] ability: Imposter
|-ability|p2a: Ditto|Intrepid Sword|boost
|-boost|p2a: Ditto|atk|1
|turn|47
|
|t:|1662398464
|move|p2a: Ditto|Behemoth Blade|p1a: Zacian
|-crit|p1a: Zacian
|-damage|p1a: Zacian|0 fnt
|faint|p1a: Zacian
|
|upkeep
|
|t:|1662398465
|switch|p1a: Groudon|Groudon-Primal|39/100 tox
|-weather|DesolateLand|[from] ability: Desolate Land|[of] p1a: Groudon
|turn|48
|
|t:|1662398472
|move|p2a: Ditto|Behemoth Blade|p1a: Groudon
|-resisted|p1a: Groudon
|-damage|p1a: Groudon|8/100 tox
|move|p1a: Groudon|Precipice Blades|p2a: Ditto
|-supereffective|p2a: Ditto
|-damage|p2a: Ditto|0 fnt
|faint|p2a: Ditto
|
|-weather|DesolateLand|[upkeep]
|-damage|p1a: Groudon|2/100 tox|[from] psn
|upkeep
|
|t:|1662398476
|switch|p2a: Zacian|Zacian-Crowned|100/100
|-ability|p2a: Zacian|Intrepid Sword|boost
|-boost|p2a: Zacian|atk|1
|turn|49
|
|t:|1662398478
|move|p2a: Zacian|Behemoth Blade|p1a: Groudon
|-resisted|p1a: Groudon
|-damage|p1a: Groudon|0 fnt
|faint|p1a: Groudon
|-weather|none
|
|upkeep
|
|t:|1662398484
|switch|p1a: Arceus|Arceus|100/100
|turn|50
|
|t:|1662398490
|-start|p1a: Arceus|Dynamax|
|-heal|p1a: Arceus|100/100|[silent]
|move|p2a: Zacian|Behemoth Blade|p1a: Arceus
|-damage|p1a: Arceus|36/100
|move|p1a: Arceus|Max Strike|p2a: Zacian
|-resisted|p2a: Zacian
|-damage|p2a: Zacian|65/100
|-unboost|p2a: Zacian|spe|1
|
|upkeep
|turn|51
|
|t:|1662398493
|switch|p2a: Quagsire|Quagsire, M|100/100
|move|p1a: Arceus|Max Strike|p2a: Quagsire
|-damage|p2a: Quagsire|51/100
|-unboost|p2a: Quagsire|spe|1
|
|upkeep
|turn|52
|
|t:|1662398498
|move|p1a: Arceus|Max Strike|p2a: Quagsire
|-damage|p2a: Quagsire|5/100
|-unboost|p2a: Quagsire|spe|1
|move|p2a: Quagsire|Recover|p2a: Quagsire
|-heal|p2a: Quagsire|55/100
|
|upkeep
|-end|p1a: Arceus|Dynamax
|-heal|p1a: Arceus|36/100|[silent]
|turn|53
|
|t:|1662398503
|switch|p1a: Yveltal|Yveltal|72/100
|-ability|p1a: Yveltal|Dark Aura
|move|p2a: Quagsire|Recover|p2a: Quagsire
|-heal|p2a: Quagsire|100/100
|
|upkeep
|turn|54
|
|t:|1662398513
|switch|p2a: Tyranitar|Tyranitar, M|57/100
|-weather|Sandstorm|[from] ability: Sand Stream|[of] p2a: Tyranitar
|move|p1a: Yveltal|Heat Wave|p2a: Tyranitar
|-resisted|p2a: Tyranitar
|-damage|p2a: Tyranitar|48/100
|-damage|p1a: Yveltal|62/100|[from] item: Life Orb
|
|-weather|Sandstorm|[upkeep]
|-damage|p1a: Yveltal|56/100|[from] Sandstorm
|-heal|p2a: Tyranitar|54/100|[from] item: Leftovers
|upkeep
|turn|55
|
|t:|1662398516
|move|p1a: Yveltal|Dark Pulse|p2a: Tyranitar
|-resisted|p2a: Tyranitar
|-damage|p2a: Tyranitar|38/100
|-damage|p1a: Yveltal|46/100|[from] item: Life Orb
|cant|p2a: Tyranitar|flinch
|
|-weather|Sandstorm|[upkeep]
|-damage|p1a: Yveltal|40/100|[from] Sandstorm
|-heal|p2a: Tyranitar|44/100|[from] item: Leftovers
|upkeep
|turn|56
|
|t:|1662398524
|move|p1a: Yveltal|Dark Pulse|p2a: Tyranitar
|-resisted|p2a: Tyranitar
|-damage|p2a: Tyranitar|27/100
|-damage|p1a: Yveltal|30/100|[from] item: Life Orb
|move|p2a: Tyranitar|Rock Blast|p1a: Yveltal
|-supereffective|p1a: Yveltal
|-damage|p1a: Yveltal|8/100
|-supereffective|p1a: Yveltal
|-damage|p1a: Yveltal|0 fnt
|faint|p1a: Yveltal
|-hitcount|p1: Yveltal|2
|
|-weather|Sandstorm|[upkeep]
|-heal|p2a: Tyranitar|33/100|[from] item: Leftovers
|upkeep
|
|t:|1662398527
|switch|p1a: Arceus|Arceus|36/100
|turn|57
|
|t:|1662398529
|move|p1a: Arceus|Swords Dance|p1a: Arceus
|-boost|p1a: Arceus|atk|2
|move|p2a: Tyranitar|Rock Blast|p1a: Arceus|[miss]
|-miss|p2a: Tyranitar|p1a: Arceus
|
|-weather|Sandstorm|[upkeep]
|-damage|p1a: Arceus|30/100|[from] Sandstorm
|-heal|p2a: Tyranitar|40/100|[from] item: Leftovers
|upkeep
|turn|58
|
|t:|1662398531
|move|p1a: Arceus|Swords Dance|p1a: Arceus
|-boost|p1a: Arceus|atk|2
|move|p2a: Tyranitar|Rock Blast|p1a: Arceus
|-damage|p1a: Arceus|22/100
|-damage|p1a: Arceus|13/100
|-hitcount|p1a: Arceus|2
|
|-weather|none
|-heal|p2a: Tyranitar|46/100|[from] item: Leftovers
|upkeep
|turn|59
|
|t:|1662398535
|switch|p2a: Quagsire|Quagsire, M|100/100
|move|p1a: Arceus|Extreme Speed|p2a: Quagsire
|-damage|p2a: Quagsire|71/100
|-damage|p1a: Arceus|0 fnt|[from] item: Rocky Helmet|[of] p2a: Quagsire
|faint|p1a: Arceus
|
|win|lemoncell0
|raw|Sean&amp;Andy's rating: 1826 &rarr; <strong>1812</strong><br />(-14 for losing)
|raw|lemoncell0's rating: 1932 &rarr; <strong>1946</strong><br />(+14 for winning)
|c|☆Sean&Andy|gg lol
|c|☆lemoncell0|gg
|c|☆lemoncell0|sorry for the hax
|c|☆Sean&Andy|nah i ran the move lol
|c|☆Sean&Andy|plus this is a alt of a alt
|c|☆lemoncell0|mm
|c|☆Sean&Andy|wouldnt wanna steal elo
|c|☆lemoncell0|well I'll cya later
|c|☆Sean&Andy|cya cya
|l|☆lemoncell0
||Ladder isn't responding, score probably updated but might not have (Request timeout).
