|j|☆katsukistarkugo
|j|☆KINGJ345
|t:|1628612873
|gametype|singles
|player|p1|katsukistarkugo|ethan|1168
|player|p2|KINGJ345|170|1219
|teamsize|p1|6
|teamsize|p2|6
|gen|8
|tier|[Gen 8] National Dex AG
|rated|
|rule|HP Percentage Mod: HP is shown in percentages
|rule|Endless Battle Clause: Forcing endless battles is banned
|clearpoke
|poke|p1|Excadrill, F|
|poke|p1|Rayquaza|
|poke|p1|Deoxys-Attack|
|poke|p1|Kyogre|
|poke|p1|Groudon|
|poke|p1|Blaziken, F|
|poke|p2|Bellossom, F|
|poke|p2|Clefable, M|
|poke|p2|Groudon|
|poke|p2|Blaziken, F|
|poke|p2|Kyogre|
|poke|p2|Shuckle, F|
|teampreview
|inactive|Battle timer is ON: inactive players will automatically lose when time's up. (requested by katsukistarkugo)
|
|t:|1628612881
|start
|switch|p1a: Blaziken|Blaziken, F|100/100
|switch|p2a: Bellossom|Bellossom, F|100/100
|turn|1
|
|t:|1628612889
|move|p1a: Blaziken|Substitute|p1a: Blaziken
|-start|p1a: Blaziken|Substitute
|-damage|p1a: Blaziken|76/100
|move|p2a: Bellossom|Sleep Powder||[still]
|-fail|p2a: Bellossom
|
|-ability|p1a: Blaziken|Speed Boost|boost
|-boost|p1a: Blaziken|spe|1
|upkeep
|turn|2
|
|t:|1628612896
|move|p1a: Blaziken|Swords Dance|p1a: Blaziken
|-boost|p1a: Blaziken|atk|2
|move|p2a: Bellossom|Quiver Dance|p2a: Bellossom
|-boost|p2a: Bellossom|spa|1
|-boost|p2a: Bellossom|spd|1
|-boost|p2a: Bellossom|spe|1
|
|-ability|p1a: Blaziken|Speed Boost|boost
|-boost|p1a: Blaziken|spe|1
|upkeep
|turn|3
|
|t:|1628612908
|move|p1a: Blaziken|Swords Dance|p1a: Blaziken
|-boost|p1a: Blaziken|atk|2
|move|p2a: Bellossom|Baton Pass|p2a: Bellossom
|
|t:|1628612911
|switch|p2a: Clefable|Clefable, M|100/100|[from]move: Baton Pass
|
|-ability|p1a: Blaziken|Speed Boost|boost
|-boost|p1a: Blaziken|spe|1
|upkeep
|turn|4
|
|t:|1628612916
|move|p1a: Blaziken|Protect|p1a: Blaziken
|-singleturn|p1a: Blaziken|Protect
|move|p2a: Clefable|Calm Mind|p2a: Clefable
|-boost|p2a: Clefable|spa|1
|-boost|p2a: Clefable|spd|1
|
|-ability|p1a: Blaziken|Speed Boost|boost
|-boost|p1a: Blaziken|spe|1
|upkeep
|turn|5
|
|t:|1628612922
|move|p1a: Blaziken|Baton Pass|p1a: Blaziken
|
|t:|1628612924
|switch|p1a: Groudon|Groudon|100/100|[from]move: Baton Pass
|detailschange|p1a: Groudon|Groudon-Primal
|-primal|p1a: Groudon
|-weather|DesolateLand|[from] ability: Desolate Land|[of] p1a: Groudon
|move|p2a: Clefable|Calm Mind|p2a: Clefable
|-boost|p2a: Clefable|spa|1
|-boost|p2a: Clefable|spd|1
|
|-weather|DesolateLand|[upkeep]
|upkeep
|turn|6
|
|t:|1628612935
|move|p2a: Clefable|Protect|p2a: Clefable
|-singleturn|p2a: Clefable|Protect
|move|p1a: Groudon|Fire Punch|p2a: Clefable
|-activate|p2a: Clefable|move: Protect
|
|-weather|DesolateLand|[upkeep]
|upkeep
|turn|7
|
|t:|1628612945
|move|p1a: Groudon|Rock Polish|p1a: Groudon
|-boost|p1a: Groudon|spe|2
|move|p2a: Clefable|Belly Drum|p2a: Clefable
|-damage|p2a: Clefable|51/100
|-setboost|p2a: Clefable|atk|6|[from] move: Belly Drum
|
|-weather|DesolateLand|[upkeep]
|upkeep
|turn|8
|
|t:|1628612956
|move|p1a: Groudon|Swords Dance|p1a: Groudon
|-boost|p1a: Groudon|atk|2
|move|p2a: Clefable|Baton Pass|p2a: Clefable
|
|t:|1628612964
|switch|p2a: Groudon|Groudon|100/100|[from]move: Baton Pass
|detailschange|p2a: Groudon|Groudon-Primal
|-primal|p2a: Groudon
|
|-weather|DesolateLand|[upkeep]
|upkeep
|turn|9
|
|t:|1628612968
|move|p1a: Groudon|Precipice Blades|p2a: Groudon
|-supereffective|p2a: Groudon
|-damage|p2a: Groudon|0 fnt
|faint|p2a: Groudon
|
|-weather|DesolateLand|[upkeep]
|upkeep
|-message|KINGJ345 forfeited.
|
|win|katsukistarkugo
|l|☆KINGJ345
|raw|katsukistarkugo's rating: 1168 &rarr; <strong>1197</strong><br />(+29 for winning)
|raw|KINGJ345's rating: 1219 &rarr; <strong>1190</strong><br />(-29 for losing)
||Ladder isn't responding, score probably updated but might not have (Request timeout).
