|j|☆Altfinity
|j|‽Mawm
|t:|1666008839
|gametype|singles
|player|p1|Altfinity|fantina|1503
|player|p2|Mawm|beauty-gen6xy|1803
|teamsize|p1|6
|teamsize|p2|6
|gen|8
|tier|[Gen 8] National Dex AG
|rated|
|rule|HP Percentage Mod: HP is shown in percentages
|rule|Endless Battle Clause: Forcing endless battles is banned
|clearpoke
|poke|p1|Hatterene, F|
|poke|p1|Magearna|
|poke|p1|Calyrex-Ice|
|poke|p1|Dracovish|
|poke|p1|Necrozma-Dusk-Mane|
|poke|p1|Rayquaza|
|poke|p2|Calyrex-Shadow|
|poke|p2|Genesect|
|poke|p2|Yveltal|
|poke|p2|Necrozma-Dusk-Mane|
|poke|p2|Rayquaza|
|poke|p2|Groudon|
|teampreview
|inactive|Battle timer is ON: inactive players will automatically lose when time's up. (requested by Mawm)
|inactive|Mawm has 120 seconds left.
|inactive|Mawm has 90 seconds left.
|
|t:|1666008906
|start
|switch|p1a: The Queen|Hatterene, F|100/100
|switch|p2a: Genesect|Genesect, shiny|100/100
|-ability|p2a: Genesect|Download|boost
|-boost|p2a: Genesect|atk|1
|turn|1
|
|t:|1666008912
|move|p2a: Genesect|Iron Head|p1a: The Queen
|-supereffective|p1a: The Queen
|-enditem|p1a: The Queen|Focus Sash
|-damage|p1a: The Queen|1/100
|-damage|p2a: Genesect|91/100|[from] item: Life Orb
|move|p1a: The Queen|Trick Room|p1a: The Queen
|-fieldstart|move: Trick Room|[of] p1a: The Queen
|
|upkeep
|turn|2
|
|t:|1666008921
|move|p2a: Genesect|Extreme Speed|p1a: The Queen
|-damage|p1a: The Queen|0 fnt
|faint|p1a: The Queen
|-damage|p2a: Genesect|81/100|[from] item: Life Orb
|
|upkeep
|
|t:|1666008929
|switch|p1a: The Pawn|Dracovish|100/100
|turn|3
|
|t:|1666008938
|move|p2a: Genesect|Extreme Speed|p1a: The Pawn
|-damage|p1a: The Pawn|54/100
|-damage|p2a: Genesect|71/100|[from] item: Life Orb
|move|p1a: The Pawn|Earthquake|p2a: Genesect
|-damage|p2a: Genesect|24/100
|
|upkeep
|turn|4
|
|t:|1666008954
|switch|p1a: The Bishop|Necrozma-Dusk-Mane|100/100
|move|p2a: Genesect|Leech Life|p1a: The Bishop
|-damage|p1a: The Bishop|38/100
|-heal|p2a: Genesect|59/100|[from] drain|[of] p1a: The Bishop
|-damage|p2a: Genesect|50/100|[from] item: Life Orb
|
|upkeep
|turn|5
|
|t:|1666008971
|move|p1a: The Bishop|Sunsteel Strike|p2a: Genesect
|-resisted|p2a: Genesect
|-damage|p2a: Genesect|15/100
|move|p2a: Genesect|Shift Gear|p2a: Genesect
|-boost|p2a: Genesect|spe|2
|-boost|p2a: Genesect|atk|1
|
|-fieldend|move: Trick Room
|upkeep
|turn|6
|
|t:|1666008980
|move|p2a: Genesect|Leech Life|p1a: The Bishop
|-damage|p1a: The Bishop|0 fnt
|-heal|p2a: Genesect|37/100|[from] drain|[of] p1a: The Bishop
|faint|p1a: The Bishop
|-damage|p2a: Genesect|27/100|[from] item: Life Orb
|
|upkeep
|
|t:|1666008985
|switch|p1a: The Knight|Calyrex-Ice|100/100
|-ability|p1a: The Knight|As One
|-ability|p1a: The Knight|Unnerve
|turn|7
|
|t:|1666008992
|move|p2a: Genesect|Leech Life|p1a: The Knight
|-supereffective|p1a: The Knight
|-enditem|p1a: The Knight|Focus Sash
|-damage|p1a: The Knight|1/100
|-heal|p2a: Genesect|85/100|[from] drain|[of] p1a: The Knight
|-damage|p2a: Genesect|76/100|[from] item: Life Orb
|move|p1a: The Knight|Trick Room|p1a: The Knight
|-fieldstart|move: Trick Room|[of] p1a: The Knight
|
|upkeep
|turn|8
|
|t:|1666009009
|-start|p1a: The Knight|Dynamax|
|-heal|p1a: The Knight|1/100|[silent]
|move|p2a: Genesect|Extreme Speed|p1a: The Knight
|-damage|p1a: The Knight|0 fnt
|faint|p1a: The Knight
|-damage|p2a: Genesect|66/100|[from] item: Life Orb
|
|upkeep
|
|t:|1666009012
|switch|p1a: The Pawn|Dracovish|54/100
|turn|9
|
|t:|1666009014
|move|p2a: Genesect|Extreme Speed|p1a: The Pawn
|-damage|p1a: The Pawn|0 fnt
|faint|p1a: The Pawn
|-damage|p2a: Genesect|56/100|[from] item: Life Orb
|
|upkeep
|-message|Altfinity forfeited.
|
|win|Mawm
|raw|Altfinity's rating: 1503 &rarr; <strong>1497</strong><br />(-6 for losing)
|raw|Mawm's rating: 1803 &rarr; <strong>1809</strong><br />(+6 for winning)
|l|☆Altfinity
