|j|☆AguWar
|j|☆Kenesitto
|t:|1631019482
|gametype|singles
|player|p1|AguWar|pokemonranger-gen4|1333
|player|p2|Kenesitto|red|1375
|teamsize|p1|6
|teamsize|p2|6
|gen|8
|tier|[Gen 8] National Dex AG
|rated|
|rule|HP Percentage Mod: HP is shown in percentages
|rule|Endless Battle Clause: Forcing endless battles is banned
|clearpoke
|poke|p1|Groudon|
|poke|p1|Volcanion|
|poke|p1|Cinderace, M|
|poke|p1|Dracovish|
|poke|p1|Dragonite, M|
|poke|p1|Charizard, F|
|poke|p2|Necrozma-Dawn-Wings|
|poke|p2|Marshadow|
|poke|p2|Arceus-*|
|poke|p2|Calyrex-Shadow|
|poke|p2|Eternatus|
|poke|p2|Zacian-*|
|teampreview
|
|t:|1631019492
|start
|switch|p1a: Dracovish|Dracovish, shiny|100/100
|switch|p2a: Marshadow|Marshadow|100/100
|turn|1
|
|t:|1631019496
|move|p2a: Marshadow|Will-O-Wisp|p1a: Dracovish|[miss]
|-miss|p2a: Marshadow|p1a: Dracovish
|move|p1a: Dracovish|Fishious Rend|p2a: Marshadow
|-damage|p2a: Marshadow|25/100
|
|upkeep
|turn|2
|
|t:|1631019504
|switch|p1a: Pana Rabbit|Cinderace, M|100/100
|move|p2a: Marshadow|Will-O-Wisp|p1a: Pana Rabbit|[miss]
|-miss|p2a: Marshadow|p1a: Pana Rabbit
|
|upkeep
|turn|3
|
|t:|1631019513
|switch|p2a: Bidóof|Arceus-Ground|100/100
|move|p1a: Pana Rabbit|Sucker Punch||[still]
|-fail|p1a: Pana Rabbit
|
|upkeep
|turn|4
|
|t:|1631019521
|switch|p1a: Dragon Slayer|Dragonite, M|100/100
|move|p2a: Bidóof|Judgment|p1a: Dragon Slayer
|-immune|p1a: Dragon Slayer
|
|upkeep
|turn|5
|
|t:|1631019528
|move|p2a: Bidóof|Ice Beam|p1a: Dragon Slayer
|-supereffective|p1a: Dragon Slayer
|-damage|p1a: Dragon Slayer|32/100
|-enditem|p1a: Dragon Slayer|Weakness Policy
|-boost|p1a: Dragon Slayer|atk|2|[from] item: Weakness Policy
|-boost|p1a: Dragon Slayer|spa|2|[from] item: Weakness Policy
|move|p1a: Dragon Slayer|Dragon Dance|p1a: Dragon Slayer
|-boost|p1a: Dragon Slayer|atk|1
|-boost|p1a: Dragon Slayer|spe|1
|
|upkeep
|turn|6
|
|t:|1631019534
|-start|p1a: Dragon Slayer|Dynamax
|-heal|p1a: Dragon Slayer|32/100|[silent]
|move|p1a: Dragon Slayer|Max Wyrmwind|p2a: Bidóof
|-damage|p2a: Bidóof|0 fnt
|faint|p2a: Bidóof
|
|upkeep
|
|t:|1631019539
|switch|p2a: Sweep 2.0|Zacian-Crowned|100/100
|-ability|p2a: Sweep 2.0|Intrepid Sword|boost
|-boost|p2a: Sweep 2.0|atk|1
|turn|7
|
|t:|1631019546
|move|p2a: Sweep 2.0|Ice Fang|p1a: Dragon Slayer
|-supereffective|p1a: Dragon Slayer
|-damage|p1a: Dragon Slayer|0 fnt
|faint|p1a: Dragon Slayer
|
|upkeep
|
|t:|1631019552
|switch|p1a: Volcanion|Volcanion|100/100
|turn|8
|
|t:|1631019565
|switch|p2a: Marshadow|Marshadow|25/100
|move|p1a: Volcanion|Fire Blast|p2a: Marshadow
|-damage|p2a: Marshadow|0 fnt
|faint|p2a: Marshadow
|
|upkeep
|
|t:|1631019568
|switch|p2a: D Killer|Eternatus|100/100
|-ability|p2a: D Killer|Pressure
|turn|9
|
|t:|1631019573
|move|p2a: D Killer|Sludge Bomb|p1a: Volcanion
|-damage|p1a: Volcanion|60/100
|move|p1a: Volcanion|Earth Power|p2a: D Killer
|-supereffective|p2a: D Killer
|-damage|p2a: D Killer|70/100
|
|upkeep
|turn|10
|
|t:|1631019586
|move|p2a: D Killer|Sludge Bomb|p1a: Volcanion
|-damage|p1a: Volcanion|21/100
|-status|p1a: Volcanion|psn
|move|p1a: Volcanion|Earth Power|p2a: D Killer
|-supereffective|p2a: D Killer
|-damage|p2a: D Killer|41/100
|
|-damage|p1a: Volcanion|8/100 psn|[from] psn
|upkeep
|turn|11
|
|t:|1631019591
|move|p2a: D Killer|Sludge Bomb|p1a: Volcanion
|-damage|p1a: Volcanion|0 fnt
|faint|p1a: Volcanion
|
|upkeep
|
|t:|1631019595
|switch|p1a: Droudon|Groudon|100/100
|detailschange|p1a: Droudon|Groudon-Primal
|-primal|p1a: Droudon
|-weather|DesolateLand|[from] ability: Desolate Land|[of] p1a: Droudon
|turn|12
|
|t:|1631019607
|move|p2a: D Killer|Draco Meteor|p1a: Droudon
|-damage|p1a: Droudon|29/100
|-unboost|p2a: D Killer|spa|2
|move|p1a: Droudon|Earthquake|p2a: D Killer
|-supereffective|p2a: D Killer
|-damage|p2a: D Killer|0 fnt
|faint|p2a: D Killer
|
|-weather|DesolateLand|[upkeep]
|upkeep
|
|t:|1631019611
|switch|p2a: Slow as fuck boii|Necrozma-Dawn-Wings|100/100
|turn|13
|
|t:|1631019615
|move|p1a: Droudon|Fire Punch|p2a: Slow as fuck boii
|-damage|p2a: Slow as fuck boii|42/100
|move|p2a: Slow as fuck boii|Moongeist Beam|p1a: Droudon
|-damage|p1a: Droudon|0 fnt
|faint|p1a: Droudon
|-weather|none
|
|upkeep
|
|t:|1631019624
|switch|p1a: Dracovish|Dracovish, shiny|100/100
|turn|14
|
|t:|1631019627
|move|p1a: Dracovish|Fishious Rend|p2a: Slow as fuck boii
|-damage|p2a: Slow as fuck boii|0 fnt
|faint|p2a: Slow as fuck boii
|
|upkeep
|
|t:|1631019630
|switch|p2a: Sweep?|Calyrex-Shadow|100/100
|-ability|p2a: Sweep?|As One
|-ability|p2a: Sweep?|Unnerve
|turn|15
|
|t:|1631019633
|move|p2a: Sweep?|Nasty Plot|p2a: Sweep?
|-boost|p2a: Sweep?|spa|2
|move|p1a: Dracovish|Fishious Rend|p2a: Sweep?
|-damage|p2a: Sweep?|32/100
|
|upkeep
|turn|16
|
|t:|1631019637
|move|p2a: Sweep?|Astral Barrage|p1a: Dracovish
|-damage|p1a: Dracovish|0 fnt
|faint|p1a: Dracovish
|-ability|p2a: Sweep?|Grim Neigh|boost
|-boost|p2a: Sweep?|spa|1
|
|upkeep
|
|t:|1631019639
|switch|p1a: Pana Rabbit|Cinderace, M|100/100
|turn|17
|
|t:|1631019642
|move|p1a: Pana Rabbit|Sucker Punch||[still]
|-fail|p1a: Pana Rabbit
|move|p2a: Sweep?|Nasty Plot|p2a: Sweep?
|-boost|p2a: Sweep?|spa|2
|
|upkeep
|turn|18
|
|t:|1631019649
|move|p1a: Pana Rabbit|Sucker Punch|p2a: Sweep?
|-start|p1a: Pana Rabbit|typechange|Dark|[from] ability: Libero
|-supereffective|p2a: Sweep?
|-damage|p2a: Sweep?|0 fnt
|faint|p2a: Sweep?
|-damage|p1a: Pana Rabbit|91/100|[from] item: Life Orb
|
|upkeep
|
|t:|1631019651
|switch|p2a: Sweep 2.0|Zacian-Crowned|100/100
|-ability|p2a: Sweep 2.0|Intrepid Sword|boost
|-boost|p2a: Sweep 2.0|atk|1
|turn|19
|
|t:|1631019654
|move|p2a: Sweep 2.0|Sacred Sword|p1a: Pana Rabbit
|-supereffective|p1a: Pana Rabbit
|-damage|p1a: Pana Rabbit|0 fnt
|faint|p1a: Pana Rabbit
|
|upkeep
|
|t:|1631019656
|switch|p1a: Chard|Charizard, F|100/100
|turn|20
|
|t:|1631019659
|detailschange|p1a: Chard|Charizard-Mega-X, F
|-mega|p1a: Chard|Charizard|Charizardite X
|move|p2a: Sweep 2.0|Behemoth Blade|p1a: Chard
|-resisted|p1a: Chard
|-damage|p1a: Chard|47/100
|move|p1a: Chard|Flare Blitz|p2a: Sweep 2.0
|-supereffective|p2a: Sweep 2.0
|-damage|p2a: Sweep 2.0|0 fnt
|faint|p2a: Sweep 2.0
|-damage|p1a: Chard|11/100|[from] Recoil
|
|win|AguWar
|raw|AguWar's rating: 1333 &rarr; <strong>1355</strong><br />(+22 for winning)
|raw|Kenesitto's rating: 1375 &rarr; <strong>1353</strong><br />(-22 for losing)
|c|☆Kenesitto|gg
|c|☆AguWar|gg
|l|☆Kenesitto
|c|☆AguWar|a casa gordo trolo
