|j|☆One Eyed Milkman
|j|☆MRH1106
|t:|1658569758
|gametype|singles
|player|p1|One Eyed Milkman|hiker-gen4|1510
|player|p2|MRH1106|red|1711
|teamsize|p1|6
|teamsize|p2|6
|gen|8
|tier|[Gen 8] National Dex AG
|rated|
|rule|HP Percentage Mod: HP is shown in percentages
|rule|Endless Battle Clause: Forcing endless battles is banned
|clearpoke
|poke|p1|Rayquaza|
|poke|p1|Calyrex-Shadow|
|poke|p1|Necrozma-Dusk-Mane|
|poke|p1|Zacian-*|
|poke|p1|Kyogre|
|poke|p1|Ho-Oh|
|poke|p2|Zacian-*|
|poke|p2|Calyrex-Shadow|
|poke|p2|Rayquaza|
|poke|p2|Ditto|
|poke|p2|Yveltal|
|poke|p2|Arceus-*|
|teampreview
|j| kizi22122
|
|t:|1658569793
|start
|switch|p1a: Necrozma|Necrozma-Dusk-Mane|100/100
|switch|p2a: YeeHaw-|Calyrex-Shadow|100/100
|-ability|p2a: YeeHaw-|As One
|-ability|p2a: YeeHaw-|Unnerve
|turn|1
|c| kizi22122|the horse
|c|☆One Eyed Milkman|neigh
|
|t:|1658569815
|move|p2a: YeeHaw-|Nasty Plot|p2a: YeeHaw-
|-boost|p2a: YeeHaw-|spa|2
|move|p1a: Necrozma|Sunsteel Strike|p2a: YeeHaw-
|-damage|p2a: YeeHaw-|41/100
|
|upkeep
|turn|2
|c|☆MRH1106|funny yeehaw
|c|☆MRH1106|why tf did you stay in lmao
|c|☆One Eyed Milkman|break the sash
|c| kizi22122|100 iq necrozma
|c|☆MRH1106|but like
|c|☆MRH1106|i could of just one shot you
|c|☆One Eyed Milkman|i know
|c|☆One Eyed Milkman|but at 1600, people play different
|c| kizi22122|necrozma probably would of lived
|c| kizi22122|since it isn't specs
|c|☆MRH1106|ah
|c|☆MRH1106|im used to 1900
|c|☆MRH1106|sorry
|c|☆One Eyed Milkman|looooool
|c|☆One Eyed Milkman|someone fetch some ice for that burn
|
|t:|1658569902
|move|p2a: YeeHaw-|Astral Barrage|p1a: Necrozma
|-supereffective|p1a: Necrozma
|-damage|p1a: Necrozma|0 fnt
|faint|p1a: Necrozma
|-ability|p2a: YeeHaw-|Grim Neigh|boost
|-boost|p2a: YeeHaw-|spa|1
|
|upkeep
|c|☆MRH1106|so like
|c|☆MRH1106|ho oh is your only out
|
|t:|1658569917
|switch|p1a: Kyogre|Kyogre|100/100
|-weather|RainDance|[from] ability: Drizzle|[of] p1a: Kyogre
|turn|3
|c|☆MRH1106|fuck
|c| kizi22122|the whale
|
|t:|1658569928
|switch|p2a: Rayyyy|Rayquaza|100/100
|-ability|p2a: Rayyyy|Air Lock
|move|p1a: Kyogre|Water Spout|p2a: Rayyyy
|-resisted|p2a: Rayyyy
|-damage|p2a: Rayyyy|56/100
|
|-weather|RainDance|[upkeep]
|upkeep
|turn|4
|
|t:|1658569939
|switch|p1a: Ho-Oh|Ho-Oh|100/100
|detailschange|p2a: Rayyyy|Rayquaza-Mega
|-mega|p2a: Rayyyy|Rayquaza|
|-weather|DeltaStream|[from] ability: Delta Stream|[of] p2a: Rayyyy
|move|p2a: Rayyyy|Dragon Ascent|p1a: Ho-Oh
|-damage|p1a: Ho-Oh|17/100
|-unboost|p2a: Rayyyy|def|1
|-unboost|p2a: Rayyyy|spd|1
|
|-weather|DeltaStream|[upkeep]
|upkeep
|turn|5
|c|☆MRH1106|mannnn FUCK THE WHALE
|
|t:|1658569954
|move|p2a: Rayyyy|Dragon Ascent|p1a: Ho-Oh
|-damage|p1a: Ho-Oh|0 fnt
|-unboost|p2a: Rayyyy|def|1
|-unboost|p2a: Rayyyy|spd|1
|faint|p1a: Ho-Oh
|
|-weather|DeltaStream|[upkeep]
|upkeep
|c| kizi22122|banded ray moment
|c|☆MRH1106|its sash :)
|c|☆MRH1106|my boy just diff
|
|t:|1658569973
|switch|p1a: Kyogre|Kyogre|100/100
|-ability|p1a: Kyogre|Drizzle|[from] deltastream|[fail]
|turn|6
|c|☆MRH1106|i gave sash boots so he could have black airforce activity my fault
|
|t:|1658569988
|-weather|none
|switch|p2a: Legit god|Arceus-Ground|100/100
|move|p1a: Kyogre|Water Spout|p2a: Legit god
|-supereffective|p2a: Legit god
|-damage|p2a: Legit god|0 fnt
|faint|p2a: Legit god
|
|upkeep
|
|t:|1658569990
|switch|p2a: Rayyyy|Rayquaza-Mega|56/100
|-weather|DeltaStream|[from] ability: Delta Stream|[of] p2a: Rayyyy
|turn|7
|c|☆MRH1106|had to get his defence up
|c| kizi22122|the predicts
|c|☆One Eyed Milkman|do you guys know eachother
|c|☆MRH1106|na
|c| kizi22122|no
|c|☆MRH1106|dmax
|c|☆MRH1106|its your only win one eyed
|c|☆One Eyed Milkman|you are prolly right there
|c| kizi22122|bigger iq move
|c|☆MRH1106|kizi shut lmao
|c| kizi22122|stay in
|c|☆One Eyed Milkman|im thinkin
|c|☆One Eyed Milkman|its the classic ditto which done me a scare
|c|☆MRH1106|oh
|
|t:|1658570105
|-start|p1a: Kyogre|Dynamax|
|-heal|p1a: Kyogre|100/100|[silent]
|move|p2a: Rayyyy|Dragon Dance|p2a: Rayyyy
|-boost|p2a: Rayyyy|atk|1
|-boost|p2a: Rayyyy|spe|1
|move|p1a: Kyogre|Max Hailstorm|p2a: Rayyyy
|-activate||deltastream
|-supereffective|p2a: Rayyyy
|-damage|p2a: Rayyyy|0 fnt
|-weather|Hail
|faint|p2a: Rayyyy
|
|-weather|Hail|[upkeep]
|-damage|p1a: Kyogre|97/100|[from] Hail
|upkeep
|c|☆MRH1106|FUCK
|c|☆One Eyed Milkman|ooof
|c|☆MRH1106|I THOUGHT I SCARED YOU INTO SWITCHING RIP
|
|t:|1658570127
|switch|p2a: Hells dragon|Yveltal, shiny|100/100
|-ability|p2a: Hells dragon|Dark Aura
|turn|8
|
|t:|1658570132
|-start|p2a: Hells dragon|Dynamax|
|-heal|p2a: Hells dragon|100/100|[silent]
|move|p2a: Hells dragon|Max Guard|p2a: Hells dragon
|-singleturn|p2a: Hells dragon|Max Guard
|move|p1a: Kyogre|Max Lightning|p2a: Hells dragon
|-activate|p2a: Hells dragon|move: Max Guard
|
|-weather|Hail|[upkeep]
|-damage|p2a: Hells dragon|97/100|[from] Hail
|-damage|p1a: Kyogre|94/100|[from] Hail
|upkeep
|turn|9
|
|t:|1658570143
|move|p2a: Hells dragon|Max Airstream|p1a: Kyogre
|-damage|p1a: Kyogre|60/100
|-boost|p2a: Hells dragon|spe|1
|-damage|p2a: Hells dragon|92/100|[from] item: Life Orb
|move|p1a: Kyogre|Max Geyser|p2a: Hells dragon
|-damage|p2a: Hells dragon|54/100
|-weather|RainDance
|
|-weather|RainDance|[upkeep]
|upkeep
|-end|p1a: Kyogre|Dynamax
|-heal|p1a: Kyogre|60/100|[silent]
|turn|10
|c| kizi22122|should of gone zacian
|c| kizi22122|jk
|c|☆MRH1106|lmao
|c|☆One Eyed Milkman|prolly shoul have tbf
|
|t:|1658570171
|move|p2a: Hells dragon|Max Darkness|p1a: Kyogre
|-damage|p1a: Kyogre|0 fnt
|faint|p1a: Kyogre
|-damage|p2a: Hells dragon|49/100|[from] item: Life Orb
|
|-weather|RainDance|[upkeep]
|upkeep
|c|☆MRH1106|go zac then
|c|☆One Eyed Milkman|im scared of scarf ditto
|c|☆MRH1106|i mean
|c|☆MRH1106|!showteam
|c| MRH1106|/raw <div class="infobox"><details><summary>View team</summary>Knifepuppy (Zacian) @ Rusted Sword  <br />Ability: Intrepid Sword  <br />EVs: 252 Atk &#x2f; 4 SpD &#x2f; 252 Spe  <br />Jolly Nature  <br />- Iron Head  <br />- Play Rough  <br />- Crunch  <br />- Wild Charge  <br /><br />YeeHaw- (Calyrex-Shadow) @ Focus Sash  <br />Ability: As One (Spectrier)  <br />EVs: 252 SpA &#x2f; 4 SpD &#x2f; 252 Spe  <br />Timid Nature  <br />IVs: 0 Atk  <br />- Astral Barrage  <br />- Baton Pass  <br />- Nasty Plot  <br />- Draining Kiss  <br /><br />Rayyyy (Rayquaza) @ Focus Sash  <br />Ability: Air Lock  <br />EVs: 252 Atk &#x2f; 4 SpD &#x2f; 252 Spe  <br />Adamant Nature  <br />- Dragon Ascent  <br />- Dragon Dance  <br />- Earthquake  <br />- Extreme Speed  <br /><br />Fuck you &lt;3 (Ditto) @ Choice Scarf  <br />Ability: Imposter  <br />Shiny: Yes  <br />EVs: 248 HP &#x2f; 8 Atk &#x2f; 252 Def  <br />Impish Nature  <br />IVs: 30 Atk  <br />- Transform  <br /><br />Hells dragon (Yveltal) @ Life Orb  <br />Ability: Dark Aura  <br />Shiny: Yes  <br />EVs: 4 Atk &#x2f; 252 SpA &#x2f; 252 Spe  <br />Hasty Nature  <br />- Oblivion Wing  <br />- Sucker Punch  <br />- Taunt  <br />- Heat Wave  <br /><br />Legit god (Arceus-Ground) @ Earth Plate  <br />Ability: Multitype  <br />EVs: 252 HP &#x2f; 4 SpA &#x2f; 252 Spe  <br />Timid Nature  <br />IVs: 0 Atk  <br />- Defog  <br />- Judgment  <br />- Recover  <br />- Ice Beam  <br /><br /></details></div>
|c|☆One Eyed Milkman|but i dont think i can really stop it
|c| kizi22122|go calyrex and click plot
|c|☆MRH1106|i also just have a heatwave on this yveltal
|c|☆MRH1106|so im fine
|c| kizi22122|jk
|
|t:|1658570250
|switch|p1a: Rayquaza|Rayquaza|100/100
|-ability|p1a: Rayquaza|Air Lock
|-end|p2a: Hells dragon|Dynamax
|-heal|p2a: Hells dragon|49/100|[silent]
|turn|11
|
|t:|1658570269
|detailschange|p1a: Rayquaza|Rayquaza-Mega
|-mega|p1a: Rayquaza|Rayquaza|
|-weather|DeltaStream|[from] ability: Delta Stream|[of] p1a: Rayquaza
|move|p2a: Hells dragon|Oblivion Wing|p1a: Rayquaza
|-damage|p1a: Rayquaza|46/100
|-heal|p2a: Hells dragon|85/100|[from] drain|[of] p1a: Rayquaza
|-damage|p2a: Hells dragon|75/100|[from] item: Life Orb
|move|p1a: Rayquaza|V-create|p2a: Hells dragon|[miss]
|-miss|p1a: Rayquaza|p2a: Hells dragon
|
|-weather|DeltaStream|[upkeep]
|upkeep
|turn|12
|c|☆MRH1106|LMAO
|c| kizi22122|rip
|c|☆One Eyed Milkman|oh no
|
|t:|1658570285
|move|p1a: Rayquaza|Extreme Speed|p2a: Hells dragon
|-damage|p2a: Hells dragon|25/100
|-damage|p1a: Rayquaza|36/100|[from] item: Life Orb
|move|p2a: Hells dragon|Oblivion Wing|p1a: Rayquaza
|-damage|p1a: Rayquaza|0 fnt
|-heal|p2a: Hells dragon|48/100|[from] drain|[of] p1a: Rayquaza
|faint|p1a: Rayquaza
|-weather|none
|-damage|p2a: Hells dragon|38/100|[from] item: Life Orb
|
|upkeep
|c|☆MRH1106|d ascent always kills there
|c|☆MRH1106|no need to v create
|c|☆One Eyed Milkman|does it?
|c|☆MRH1106|yeah
|c|☆One Eyed Milkman|well that was my mistake
|c| kizi22122|yeah
|
|t:|1658570301
|switch|p1a: Calyrex|Calyrex-Shadow|100/100
|-ability|p1a: Calyrex|As One
|-ability|p1a: Calyrex|Unnerve
|turn|13
|c|☆MRH1106|my quaza isn't lorbed and always kills there so trust me
|
|t:|1658570312
|move|p2a: Hells dragon|Sucker Punch|p1a: Calyrex
|-supereffective|p1a: Calyrex
|-damage|p1a: Calyrex|0 fnt
|faint|p1a: Calyrex
|-damage|p2a: Hells dragon|28/100|[from] item: Life Orb
|
|upkeep
|
|t:|1658570318
|switch|p1a: Zacian|Zacian-Crowned|100/100
|-ability|p1a: Zacian|Intrepid Sword|boost
|-boost|p1a: Zacian|atk|1
|turn|14
|c|☆One Eyed Milkman|well gg matey
|
|t:|1658570330
|move|p2a: Hells dragon|Heat Wave|p1a: Zacian
|-supereffective|p1a: Zacian
|-damage|p1a: Zacian|22/100
|-status|p1a: Zacian|brn
|-damage|p2a: Hells dragon|19/100|[from] item: Life Orb
|move|p1a: Zacian|Substitute|p1a: Zacian
|-fail|p1a: Zacian|move: Substitute|[weak]
|
|-damage|p1a: Zacian|16/100 brn|[from] brn
|upkeep
|turn|15
|c|☆MRH1106|i also had nplot baton pass for my yveltal to get set up
|c| kizi22122|bruh
|c|☆MRH1106|but unfortunately that didn't work
|c| kizi22122|the luck
|
|t:|1658570342
|move|p2a: Hells dragon|Heat Wave|p1a: Zacian
|-supereffective|p1a: Zacian
|-damage|p1a: Zacian|0 fnt
|faint|p1a: Zacian
|-damage|p2a: Hells dragon|9/100|[from] item: Life Orb
|
|win|MRH1106
|raw|One Eyed Milkman's rating: 1510 &rarr; <strong>1500</strong><br />(-10 for losing)
|raw|MRH1106's rating: 1711 &rarr; <strong>1721</strong><br />(+10 for winning)
|c|☆One Eyed Milkman|sometimes it just be that way
|c|☆MRH1106|kizi its my plot armor
|l| kizi22122
