|j|☆Apprenti Buck@!
|j|☆CLEAR GEM清瑜
|t:|1662825964
|gametype|singles
|player|p1|Apprenti Buck|ethan|2044
|player|p2|CLEAR GEM清瑜|skierf|1972
|teamsize|p1|6
|teamsize|p2|6
|gen|8
|tier|[Gen 8] National Dex AG
|rated|
|rule|HP Percentage Mod: HP is shown in percentages
|rule|Endless Battle Clause: Forcing endless battles is banned
|clearpoke
|poke|p1|Groudon|
|poke|p1|Rayquaza|
|poke|p1|Calyrex-Shadow|
|poke|p1|Arceus-*|
|poke|p1|Yveltal|
|poke|p1|Marshadow|
|poke|p2|Rayquaza|
|poke|p2|Groudon|
|poke|p2|Necrozma-Dusk-Mane|
|poke|p2|Arceus-*|
|poke|p2|Arceus-*|
|poke|p2|Arceus-*|
|teampreview
|inactive|Battle timer is ON: inactive players will automatically lose when time's up. (requested by Apprenti Buck)
|
|t:|1662825972
|start
|switch|p1a: Groudon|Groudon|100/100
|switch|p2a: 乱杀P固|Arceus-Ground|100/100
|detailschange|p1a: Groudon|Groudon-Primal
|-primal|p1a: Groudon
|-weather|DesolateLand|[from] ability: Desolate Land|[of] p1a: Groudon
|turn|1
|
|t:|1662825981
|-weather|none
|switch|p1a: Arceus|Arceus|100/100
|move|p2a: 乱杀P固|Judgment|p1a: Arceus
|-damage|p1a: Arceus|53/100
|
|upkeep
|turn|2
|
|t:|1662825985
|switch|p1a: Rayquaza|Rayquaza|100/100
|-ability|p1a: Rayquaza|Air Lock
|move|p2a: 乱杀P固|Stealth Rock|p1a: Rayquaza
|-sidestart|p1: Apprenti Buck|move: Stealth Rock
|
|upkeep
|turn|3
|
|t:|1662825993
|detailschange|p1a: Rayquaza|Rayquaza-Mega
|-mega|p1a: Rayquaza|Rayquaza|
|-weather|DeltaStream|[from] ability: Delta Stream|[of] p1a: Rayquaza
|move|p1a: Rayquaza|Dragon Ascent|p2a: 乱杀P固
|-damage|p2a: 乱杀P固|13/100
|-unboost|p1a: Rayquaza|def|1
|-unboost|p1a: Rayquaza|spd|1
|-damage|p1a: Rayquaza|91/100|[from] item: Life Orb
|move|p2a: 乱杀P固|Ice Beam|p1a: Rayquaza
|-activate||deltastream
|-supereffective|p1a: Rayquaza
|-damage|p1a: Rayquaza|0 fnt
|faint|p1a: Rayquaza
|-weather|none
|
|upkeep
|l|☆Apprenti Buck
|inactive|Apprenti Buck disconnected and has a minute to reconnect!
|player|p1|
|j|☆Apprenti Buck@!
|inactive|Apprenti Buck reconnected and has 110 seconds left.
|player|p1|Apprenti Buck|ethan
|
|t:|1662826047
|switch|p1a: Marshadow|Marshadow|100/100
|-damage|p1a: Marshadow|94/100|[from] Stealth Rock
|turn|4
|
|t:|1662826049
|move|p1a: Marshadow|Shadow Sneak|p2a: 乱杀P固
|-damage|p2a: 乱杀P固|0 fnt
|faint|p2a: 乱杀P固
|-damage|p1a: Marshadow|84/100|[from] item: Life Orb
|
|upkeep
|
|t:|1662826069
|switch|p2a: 不会(?)|Groudon|100/100
|detailschange|p2a: 不会(?)|Groudon-Primal
|-primal|p2a: 不会(?)
|-weather|DesolateLand|[from] ability: Desolate Land|[of] p2a: 不会(?)
|turn|5
|inactive|Apprenti Buck has 120 seconds left.
|
|t:|1662826074
|move|p1a: Marshadow|Close Combat|p2a: 不会(?)
|-damage|p2a: 不会(?)|59/100
|-unboost|p1a: Marshadow|def|1
|-unboost|p1a: Marshadow|spd|1
|-damage|p1a: Marshadow|74/100|[from] item: Life Orb
|move|p2a: 不会(?)|Heat Crash|p1a: Marshadow
|-damage|p1a: Marshadow|0 fnt
|faint|p1a: Marshadow
|
|-weather|DesolateLand|[upkeep]
|upkeep
|
|t:|1662826078
|switch|p1a: Groudon|Groudon-Primal|100/100
|-damage|p1a: Groudon|88/100|[from] Stealth Rock
|turn|6
|
|t:|1662826085
|move|p1a: Groudon|Stealth Rock|p2a: 不会(?)
|-sidestart|p2: CLEAR GEM清瑜|move: Stealth Rock
|move|p2a: 不会(?)|Precipice Blades|p1a: Groudon
|-supereffective|p1a: Groudon
|-damage|p1a: Groudon|0 fnt
|faint|p1a: Groudon
|
|-weather|DesolateLand|[upkeep]
|upkeep
|
|t:|1662826094
|switch|p1a: Calyrex|Calyrex-Shadow|100/100
|-ability|p1a: Calyrex|As One
|-ability|p1a: Calyrex|Unnerve
|-damage|p1a: Calyrex|88/100|[from] Stealth Rock
|turn|7
|
|t:|1662826097
|move|p1a: Calyrex|Astral Barrage|p2a: 不会(?)
|-damage|p2a: 不会(?)|0 fnt
|faint|p2a: 不会(?)
|-weather|none
|-ability|p1a: Calyrex|Grim Neigh|boost
|-boost|p1a: Calyrex|spa|1
|
|upkeep
|
|t:|1662826103
|switch|p2a: 究极辅助|Arceus-Dark|100/100
|-damage|p2a: 究极辅助|88/100|[from] Stealth Rock
|turn|8
|
|t:|1662826109
|move|p1a: Calyrex|Substitute|p1a: Calyrex
|-start|p1a: Calyrex|Substitute
|-damage|p1a: Calyrex|63/100
|move|p2a: 究极辅助|Judgment|p1a: Calyrex
|-supereffective|p1a: Calyrex
|-end|p1a: Calyrex|Substitute
|
|upkeep
|turn|9
|
|t:|1662826111
|move|p1a: Calyrex|Baton Pass|p1a: Calyrex
|
|t:|1662826112
|switch|p1a: Yveltal|Yveltal|100/100|[from]move: Baton Pass
|-damage|p1a: Yveltal|76/100|[from] Stealth Rock
|-ability|p1a: Yveltal|Dark Aura
|move|p2a: 究极辅助|Judgment|p1a: Yveltal
|-resisted|p1a: Yveltal
|-damage|p1a: Yveltal|40/100
|
|upkeep
|turn|10
|
|t:|1662826116
|move|p2a: 究极辅助|Recover|p2a: 究极辅助
|-heal|p2a: 究极辅助|100/100
|move|p1a: Yveltal|Oblivion Wing|p2a: 究极辅助
|-damage|p2a: 究极辅助|44/100
|-heal|p1a: Yveltal|85/100|[from] drain|[of] p2a: 究极辅助
|-damage|p1a: Yveltal|75/100|[from] item: Life Orb
|
|upkeep
|turn|11
|
|t:|1662826121
|move|p1a: Yveltal|Taunt|p2a: 究极辅助
|-start|p2a: 究极辅助|move: Taunt
|cant|p2a: 究极辅助|move: Taunt|Roar
|
|upkeep
|turn|12
|
|t:|1662826130
|-start|p1a: Yveltal|Dynamax|
|-heal|p1a: Yveltal|75/100|[silent]
|move|p2a: 究极辅助|Judgment|p1a: Yveltal
|-resisted|p1a: Yveltal
|-damage|p1a: Yveltal|59/100
|move|p1a: Yveltal|Max Airstream|p2a: 究极辅助
|-damage|p2a: 究极辅助|0 fnt
|-boost|p1a: Yveltal|spe|1
|faint|p2a: 究极辅助
|-damage|p1a: Yveltal|54/100|[from] item: Life Orb
|
|upkeep
|
|t:|1662826133
|switch|p2a: 悬空羊驼|Arceus-Flying|100/100
|-damage|p2a: 悬空羊驼|76/100|[from] Stealth Rock
|turn|13
|
|t:|1662826139
|-start|p2a: 悬空羊驼|Dynamax|
|-heal|p2a: 悬空羊驼|76/100|[silent]
|move|p1a: Yveltal|Max Darkness|p2a: 悬空羊驼
|-damage|p2a: 悬空羊驼|8/100
|-unboost|p2a: 悬空羊驼|spd|1
|-damage|p1a: Yveltal|49/100|[from] item: Life Orb
|move|p2a: 悬空羊驼|Max Airstream|p1a: Yveltal
|-damage|p1a: Yveltal|10/100
|-boost|p2a: 悬空羊驼|spe|1
|
|upkeep
|turn|14
|
|t:|1662826151
|move|p2a: 悬空羊驼|Max Guard|p2a: 悬空羊驼
|-singleturn|p2a: 悬空羊驼|Max Guard
|move|p1a: Yveltal|Max Darkness|p2a: 悬空羊驼
|-activate|p2a: 悬空羊驼|move: Max Guard
|
|upkeep
|-end|p1a: Yveltal|Dynamax
|-heal|p1a: Yveltal|10/100|[silent]
|turn|15
|
|t:|1662826153
|move|p2a: 悬空羊驼|Max Airstream|p1a: Yveltal
|-damage|p1a: Yveltal|0 fnt
|-boost|p2a: 悬空羊驼|spe|1
|faint|p1a: Yveltal
|
|upkeep
|
|t:|1662826156
|switch|p1a: Arceus|Arceus|53/100
|-damage|p1a: Arceus|41/100|[from] Stealth Rock
|-end|p2a: 悬空羊驼|Dynamax
|-heal|p2a: 悬空羊驼|8/100|[silent]
|turn|16
|
|t:|1662826169
|move|p1a: Arceus|Extreme Speed|p2a: 悬空羊驼
|-damage|p2a: 悬空羊驼|0 fnt
|faint|p2a: 悬空羊驼
|-damage|p1a: Arceus|31/100|[from] item: Life Orb
|
|upkeep
|
|t:|1662826171
|switch|p2a: 钢铁之躯|Necrozma-Dusk-Mane|100/100
|-damage|p2a: 钢铁之躯|94/100|[from] Stealth Rock
|turn|17
|
|t:|1662826179
|move|p1a: Arceus|Swords Dance|p1a: Arceus
|-boost|p1a: Arceus|atk|2
|move|p2a: 钢铁之躯|Dragon Dance|p2a: 钢铁之躯
|-boost|p2a: 钢铁之躯|atk|1
|-boost|p2a: 钢铁之躯|spe|1
|
|upkeep
|turn|18
|
|t:|1662826182
|detailschange|p2a: 钢铁之躯|Necrozma-Ultra
|-burst|p2a: 钢铁之躯|Necrozma|Ultranecrozium Z
|move|p1a: Arceus|Extreme Speed|p2a: 钢铁之躯
|-damage|p2a: 钢铁之躯|0 fnt
|faint|p2a: 钢铁之躯
|-damage|p1a: Arceus|21/100|[from] item: Life Orb
|
|upkeep
|
|t:|1662826187
|switch|p2a: 烈龙无敌|Rayquaza|100/100
|-damage|p2a: 烈龙无敌|76/100|[from] Stealth Rock
|-ability|p2a: 烈龙无敌|Air Lock
|turn|19
|c|☆Apprenti Buck|Ggwp
|
|t:|1662826191
|detailschange|p2a: 烈龙无敌|Rayquaza-Mega
|-mega|p2a: 烈龙无敌|Rayquaza|
|-weather|DeltaStream|[from] ability: Delta Stream|[of] p2a: 烈龙无敌
|move|p1a: Arceus|Extreme Speed|p2a: 烈龙无敌
|-damage|p2a: 烈龙无敌|0 fnt
|faint|p2a: 烈龙无敌
|-weather|none
|-damage|p1a: Arceus|11/100|[from] item: Life Orb
|
|win|Apprenti Buck
|raw|Apprenti Buck's rating: 2044 &rarr; <strong>2060</strong><br />(+16 for winning)
|raw|CLEAR GEM清瑜's rating: 1972 &rarr; <strong>1956</strong><br />(-16 for losing)
|l|☆CLEAR GEM清瑜
