|j|☆Naofumi_Bakugo_Jax
|j|☆HustleRenato
|t:|1665316463
|gametype|singles
|player|p1|Naofumi_Bakugo_Jax|blue|1616
|player|p2|HustleRenato|2|1549
|teamsize|p1|6
|teamsize|p2|6
|gen|8
|tier|[Gen 8] National Dex AG
|rated|
|rule|HP Percentage Mod: HP is shown in percentages
|rule|Endless Battle Clause: Forcing endless battles is banned
|clearpoke
|poke|p1|Zacian-*|
|poke|p1|Calyrex-Shadow|
|poke|p1|Yveltal|
|poke|p1|Arceus-*|
|poke|p1|Swampert, M|
|poke|p1|Kyogre|
|poke|p2|Zacian-*|
|poke|p2|Smeargle, F|
|poke|p2|Ho-Oh|
|poke|p2|Heracross, F|
|poke|p2|Calyrex-Shadow|
|poke|p2|Marshadow|
|teampreview
|inactive|Battle timer is ON: inactive players will automatically lose when time's up. (requested by HustleRenato)
|
|t:|1665316467
|start
|switch|p1a: Arceus|Arceus, shiny|100/100
|switch|p2a: Smeargle|Smeargle, F|100/100
|turn|1
|
|t:|1665316481
|move|p1a: Arceus|Magic Coat|p1a: Arceus
|-singleturn|p1a: Arceus|move: Magic Coat
|move|p2a: Smeargle|Spore|p1a: Arceus
|move|p1a: Arceus|Spore|p2a: Smeargle|[from]Magic Coat
|-status|p2a: Smeargle|slp|[from] move: Spore
|
|-ability|p2a: Smeargle|Moody|boost
|-boost|p2a: Smeargle|spd|2
|-unboost|p2a: Smeargle|def|1
|upkeep
|turn|2
|c|☆HustleRenato|lol wp
|c|☆HustleRenato|glhf
|
|t:|1665316509
|cant|p2a: Smeargle|slp
|move|p1a: Arceus|Reflect|p1a: Arceus
|-sidestart|p1: Naofumi_Bakugo_Jax|Reflect
|
|-ability|p2a: Smeargle|Moody|boost
|-boost|p2a: Smeargle|def|2
|-unboost|p2a: Smeargle|spd|1
|upkeep
|turn|3
|
|t:|1665316519
|move|p1a: Arceus|Extreme Speed|p2a: Smeargle
|-damage|p2a: Smeargle|36/100 slp
|-curestatus|p2a: Smeargle|slp|[msg]
|move|p2a: Smeargle|Shell Smash|p2a: Smeargle
|-unboost|p2a: Smeargle|def|1
|-unboost|p2a: Smeargle|spd|1
|-boost|p2a: Smeargle|atk|2
|-boost|p2a: Smeargle|spa|2
|-boost|p2a: Smeargle|spe|2
|
|-ability|p2a: Smeargle|Moody|boost
|-boost|p2a: Smeargle|spe|2
|-unboost|p2a: Smeargle|spd|1
|upkeep
|turn|4
|
|t:|1665316525
|move|p2a: Smeargle|Protect|p2a: Smeargle
|-singleturn|p2a: Smeargle|Protect
|move|p1a: Arceus|Extreme Speed|p2a: Smeargle
|-activate|p2a: Smeargle|move: Protect
|
|-ability|p2a: Smeargle|Moody|boost
|-boost|p2a: Smeargle|def|2
|-unboost|p2a: Smeargle|spa|1
|upkeep
|turn|5
|
|t:|1665316545
|switch|p2a: Marshadow|Marshadow|100/100
|move|p1a: Arceus|Extreme Speed|p2a: Marshadow
|-immune|p2a: Marshadow
|
|upkeep
|turn|6
|
|t:|1665316560
|move|p2a: Marshadow|Close Combat|p1a: Arceus
|-supereffective|p1a: Arceus
|-damage|p1a: Arceus|58/100
|-unboost|p2a: Marshadow|def|1
|-unboost|p2a: Marshadow|spd|1
|move|p1a: Arceus|Tailwind|p1a: Arceus
|-sidestart|p1: Naofumi_Bakugo_Jax|move: Tailwind
|
|upkeep
|turn|7
|
|t:|1665316575
|switch|p1a: Swampert|Swampert, M|100/100
|switch|p2a: Smeargle|Smeargle, F|36/100
|
|-ability|p2a: Smeargle|Moody|boost
|-boost|p2a: Smeargle|atk|2
|-unboost|p2a: Smeargle|spe|1
|upkeep
|turn|8
|inactive|Naofumi_Bakugo_Jax has 120 seconds left.
|
|t:|1665316609
|detailschange|p1a: Swampert|Swampert-Mega, M
|-mega|p1a: Swampert|Swampert|Swampertite
|move|p2a: Smeargle|Protect|p2a: Smeargle
|-singleturn|p2a: Smeargle|Protect
|move|p1a: Swampert|Liquidation|p2a: Smeargle
|-activate|p2a: Smeargle|move: Protect
|
|-ability|p2a: Smeargle|Moody|boost
|-boost|p2a: Smeargle|atk|2
|-unboost|p2a: Smeargle|spd|1
|upkeep
|turn|9
|
|t:|1665316620
|move|p2a: Smeargle|Protect||[still]
|-fail|p2a: Smeargle
|move|p1a: Swampert|Liquidation|p2a: Smeargle
|-damage|p2a: Smeargle|0 fnt
|faint|p2a: Smeargle
|
|-sideend|p1: Naofumi_Bakugo_Jax|Reflect
|-sideend|p1: Naofumi_Bakugo_Jax|move: Tailwind
|upkeep
|
|t:|1665316630
|switch|p2a: Heracross|Heracross, F|100/100
|turn|10
|
|t:|1665316644
|move|p2a: Heracross|Bullet Seed|p1a: Swampert
|-supereffective|p1a: Swampert
|-damage|p1a: Swampert|65/100
|-supereffective|p1a: Swampert
|-damage|p1a: Swampert|29/100
|-supereffective|p1a: Swampert
|-damage|p1a: Swampert|0 fnt
|faint|p1a: Swampert
|-ability|p2a: Heracross|Moxie|boost
|-boost|p2a: Heracross|atk|1
|-hitcount|p1: Swampert|3
|
|upkeep
|inactive|Naofumi_Bakugo_Jax has 120 seconds left.
|inactive|Naofumi_Bakugo_Jax has 90 seconds left.
|
|t:|1665316696
|switch|p1a: Calyrex|Calyrex-Shadow|100/100
|-ability|p1a: Calyrex|As One
|-ability|p1a: Calyrex|Unnerve
|turn|11
|inactive|Naofumi_Bakugo_Jax has 90 seconds left.
|
|t:|1665316704
|move|p1a: Calyrex|Astral Barrage|p2a: Heracross
|-damage|p2a: Heracross|17/100
|move|p2a: Heracross|Pin Missile|p1a: Calyrex
|-damage|p1a: Calyrex|73/100
|-damage|p1a: Calyrex|46/100
|-hitcount|p1a: Calyrex|2
|
|upkeep
|turn|12
|inactive|Naofumi_Bakugo_Jax has 90 seconds left.
|
|t:|1665316734
|move|p1a: Calyrex|Astral Barrage|p2a: Heracross
|-damage|p2a: Heracross|0 fnt
|faint|p2a: Heracross
|-ability|p1a: Calyrex|Grim Neigh|boost
|-boost|p1a: Calyrex|spa|1
|
|upkeep
|
|t:|1665316737
|switch|p2a: Marshadow|Marshadow|100/100
|turn|13
|inactive|Naofumi_Bakugo_Jax has 60 seconds left.
|
|t:|1665316774
|switch|p1a: Kyogre|Kyogre|100/100
|-weather|RainDance|[from] ability: Drizzle|[of] p1a: Kyogre
|move|p2a: Marshadow|Shadow Sneak|p1a: Kyogre
|-damage|p1a: Kyogre|67/100
|
|-weather|RainDance|[upkeep]
|upkeep
|turn|14
|inactive|Naofumi_Bakugo_Jax has 60 seconds left.
|
|t:|1665316801
|move|p1a: Kyogre|Origin Pulse|p2a: Marshadow
|-enditem|p2a: Marshadow|Focus Sash
|-damage|p2a: Marshadow|1/100
|move|p2a: Marshadow|Close Combat|p1a: Kyogre
|-damage|p1a: Kyogre|0 fnt
|-unboost|p2a: Marshadow|def|1
|-unboost|p2a: Marshadow|spd|1
|faint|p1a: Kyogre
|
|-weather|RainDance|[upkeep]
|upkeep
|inactive|Naofumi_Bakugo_Jax has 30 seconds left.
|
|t:|1665316825
|switch|p1a: Yveltal|Yveltal, shiny|100/100
|-ability|p1a: Yveltal|Dark Aura
|turn|15
|
|t:|1665316830
|switch|p2a: Zacian|Zacian-Crowned|100/100
|-ability|p2a: Zacian|Intrepid Sword|boost
|-boost|p2a: Zacian|atk|1
|move|p1a: Yveltal|Tailwind|p1a: Yveltal
|-sidestart|p1: Naofumi_Bakugo_Jax|move: Tailwind
|
|-weather|RainDance|[upkeep]
|upkeep
|turn|16
|inactive|Naofumi_Bakugo_Jax has 30 seconds left.
|
|t:|1665316855
|switch|p1a: Arceus|Arceus, shiny|58/100
|move|p2a: Zacian|Play Rough|p1a: Arceus
|-damage|p1a: Arceus|6/100
|
|-weather|RainDance|[upkeep]
|upkeep
|turn|17
|
|t:|1665316865
|move|p1a: Arceus|Reflect|p1a: Arceus
|-sidestart|p1: Naofumi_Bakugo_Jax|Reflect
|move|p2a: Zacian|Behemoth Blade|p1a: Arceus
|-damage|p1a: Arceus|0 fnt
|faint|p1a: Arceus
|
|-weather|none
|upkeep
|inactive|Naofumi_Bakugo_Jax has 30 seconds left.
|
|t:|1665316878
|switch|p1a: Zacian|Zacian-Crowned|100/100
|-ability|p1a: Zacian|Intrepid Sword|boost
|-boost|p1a: Zacian|atk|1
|turn|18
|
|t:|1665316881
|switch|p2a: Ho-Oh|Ho-Oh|100/100
|move|p1a: Zacian|Behemoth Blade|p2a: Ho-Oh
|-resisted|p2a: Ho-Oh
|-damage|p2a: Ho-Oh|52/100
|
|-sideend|p1: Naofumi_Bakugo_Jax|move: Tailwind
|upkeep
|turn|19
|
|t:|1665316888
|move|p1a: Zacian|Wild Charge|p2a: Ho-Oh
|-supereffective|p2a: Ho-Oh
|-damage|p2a: Ho-Oh|0 fnt
|faint|p2a: Ho-Oh
|-damage|p1a: Zacian|84/100|[from] Recoil
|
|upkeep
|
|t:|1665316898
|switch|p2a: Calyrex|Calyrex-Shadow|100/100
|-ability|p2a: Calyrex|As One
|-ability|p2a: Calyrex|Unnerve
|turn|20
|
|t:|1665316907
|move|p2a: Calyrex|Astral Barrage|p1a: Zacian
|-damage|p1a: Zacian|32/100
|move|p1a: Zacian|Behemoth Blade|p2a: Calyrex
|-enditem|p2a: Calyrex|Focus Sash
|-damage|p2a: Calyrex|1/100
|
|upkeep
|turn|21
|inactive|Naofumi_Bakugo_Jax has 60 seconds left.
|
|t:|1665316921
|switch|p1a: Yveltal|Yveltal, shiny|100/100
|-ability|p1a: Yveltal|Dark Aura
|move|p2a: Calyrex|Astral Barrage|p1a: Yveltal
|-resisted|p1a: Yveltal
|-damage|p1a: Yveltal|68/100
|
|upkeep
|turn|22
|inactive|Naofumi_Bakugo_Jax has 60 seconds left.
|
|t:|1665316942
|switch|p2a: Zacian|Zacian-Crowned|100/100
|-ability|p2a: Zacian|Intrepid Sword|boost
|-boost|p2a: Zacian|atk|1
|move|p1a: Yveltal|Tailwind|p1a: Yveltal
|-sidestart|p1: Naofumi_Bakugo_Jax|move: Tailwind
|
|upkeep
|turn|23
|inactive|Naofumi_Bakugo_Jax has 30 seconds left.
|
|t:|1665316967
|switch|p1a: Calyrex|Calyrex-Shadow|46/100
|-ability|p1a: Calyrex|As One
|-ability|p1a: Calyrex|Unnerve
|move|p2a: Zacian|Play Rough|p1a: Calyrex
|-damage|p1a: Calyrex|0 fnt
|faint|p1a: Calyrex
|
|upkeep
|
|t:|1665316970
|switch|p1a: Zacian|Zacian-Crowned|32/100
|-ability|p1a: Zacian|Intrepid Sword|boost
|-boost|p1a: Zacian|atk|1
|turn|24
|
|t:|1665316976
|move|p1a: Zacian|Behemoth Blade|p2a: Zacian
|-damage|p2a: Zacian|5/100
|move|p2a: Zacian|Behemoth Blade|p1a: Zacian
|-damage|p1a: Zacian|0 fnt
|faint|p1a: Zacian
|
|-sideend|p1: Naofumi_Bakugo_Jax|Reflect
|upkeep
|
|t:|1665316985
|switch|p1a: Yveltal|Yveltal, shiny|68/100
|-ability|p1a: Yveltal|Dark Aura
|turn|25
|
|t:|1665316999
|-start|p1a: Yveltal|Dynamax|
|-heal|p1a: Yveltal|68/100|[silent]
|move|p1a: Yveltal|Max Airstream|p2a: Zacian
|-resisted|p2a: Zacian
|-damage|p2a: Zacian|0 fnt
|-boost|p1a: Yveltal|spe|1
|faint|p2a: Zacian
|
|-sideend|p1: Naofumi_Bakugo_Jax|move: Tailwind
|upkeep
|c|☆HustleRenato|gg
|
|t:|1665317019
|switch|p2a: Calyrex|Calyrex-Shadow|1/100
|-ability|p2a: Calyrex|As One
|-ability|p2a: Calyrex|Unnerve
|turn|26
|
|t:|1665317031
|move|p1a: Yveltal|Max Airstream|p2a: Calyrex
|-damage|p2a: Calyrex|0 fnt
|-boost|p1a: Yveltal|spe|1
|faint|p2a: Calyrex
|
|upkeep
|
|t:|1665317034
|switch|p2a: Marshadow|Marshadow|1/100
|turn|27
|
|t:|1665317038
|move|p1a: Yveltal|Max Airstream|p2a: Marshadow
|-supereffective|p2a: Marshadow
|-damage|p2a: Marshadow|0 fnt
|-boost|p1a: Yveltal|spe|1
|faint|p2a: Marshadow
|
|win|Naofumi_Bakugo_Jax
|raw|Naofumi_Bakugo_Jax's rating: 1616 &rarr; <strong>1632</strong><br />(+16 for winning)
|raw|HustleRenato's rating: 1549 &rarr; <strong>1533</strong><br />(-16 for losing)
|l|☆HustleRenato
||Ladder isn't responding, score probably updated but might not have (Request timeout).
