|j|☆Oh rui guang 22
|j|☆DarkmasterDX
|t:|1649730888
|gametype|singles
|player|p1|Oh rui guang 22|169|1694
|player|p2|DarkmasterDX|koga-lgpe|1863
|teamsize|p1|6
|teamsize|p2|6
|gen|8
|tier|[Gen 8] National Dex AG
|rated|
|rule|HP Percentage Mod: HP is shown in percentages
|rule|Endless Battle Clause: Forcing endless battles is banned
|clearpoke
|poke|p1|Groudon|
|poke|p1|Arceus-*|
|poke|p1|Marshadow|
|poke|p1|Calyrex-Shadow|
|poke|p1|Xerneas-*|
|poke|p1|Rayquaza|
|poke|p2|Groudon|
|poke|p2|Rayquaza|
|poke|p2|Zacian-*|
|poke|p2|Yveltal|
|poke|p2|Necrozma-Dusk-Mane|
|poke|p2|Calyrex-Shadow|
|teampreview
|inactive|Battle timer is ON: inactive players will automatically lose when time's up. (requested by DarkmasterDX)
|
|t:|1649730891
|start
|switch|p1a: Groudon|Groudon, shiny|100/100
|switch|p2a: Calyrex|Calyrex-Shadow|100/100
|-ability|p2a: Calyrex|As One
|-ability|p2a: Calyrex|Unnerve
|detailschange|p1a: Groudon|Groudon-Primal, shiny
|-primal|p1a: Groudon
|-weather|DesolateLand|[from] ability: Desolate Land|[of] p1a: Groudon
|turn|1
|inactive|DarkmasterDX has 120 seconds left.
|
|t:|1649730931
|-weather|none
|switch|p1a: Arceus|Arceus|100/100
|move|p2a: Calyrex|Substitute|p2a: Calyrex
|-start|p2a: Calyrex|Substitute
|-damage|p2a: Calyrex|76/100
|
|-heal|p2a: Calyrex|82/100|[from] item: Leftovers
|upkeep
|turn|2
|
|t:|1649730935
|move|p2a: Calyrex|Baton Pass|p2a: Calyrex
|
|t:|1649730937
|switch|p2a: Zacian|Zacian-Crowned, shiny|100/100|[from]move: Baton Pass
|-ability|p2a: Zacian|Intrepid Sword|boost
|-boost|p2a: Zacian|atk|1
|move|p1a: Arceus|Swords Dance|p1a: Arceus
|-boost|p1a: Arceus|atk|2
|
|upkeep
|turn|3
|
|t:|1649730941
|move|p1a: Arceus|Extreme Speed|p2a: Zacian
|-resisted|p2a: Zacian
|-end|p2a: Zacian|Substitute
|-damage|p1a: Arceus|91/100|[from] item: Life Orb
|move|p2a: Zacian|Close Combat|p1a: Arceus
|-supereffective|p1a: Arceus
|-damage|p1a: Arceus|0 fnt
|-unboost|p2a: Zacian|def|1
|-unboost|p2a: Zacian|spd|1
|faint|p1a: Arceus
|
|upkeep
|
|t:|1649730945
|switch|p1a: Groudon|Groudon-Primal, shiny|100/100
|-weather|DesolateLand|[from] ability: Desolate Land|[of] p1a: Groudon
|turn|4
|
|t:|1649730947
|move|p2a: Zacian|Close Combat|p1a: Groudon
|-damage|p1a: Groudon|51/100
|-unboost|p2a: Zacian|def|1
|-unboost|p2a: Zacian|spd|1
|move|p1a: Groudon|Stealth Rock|p2a: Zacian
|-sidestart|p2: DarkmasterDX|move: Stealth Rock
|
|-weather|DesolateLand|[upkeep]
|upkeep
|turn|5
|
|t:|1649730953
|move|p2a: Zacian|Close Combat|p1a: Groudon
|-damage|p1a: Groudon|6/100
|-unboost|p2a: Zacian|def|1
|-unboost|p2a: Zacian|spd|1
|move|p1a: Groudon|Fire Punch|p2a: Zacian
|-supereffective|p2a: Zacian
|-damage|p2a: Zacian|0 fnt
|faint|p2a: Zacian
|
|-weather|DesolateLand|[upkeep]
|upkeep
|
|t:|1649730963
|switch|p2a: Necrozma|Necrozma-Dusk-Mane|100/100
|-damage|p2a: Necrozma|94/100|[from] Stealth Rock
|turn|6
|
|t:|1649730968
|move|p2a: Necrozma|Stealth Rock|p1a: Groudon
|-sidestart|p1: Oh rui guang 22|move: Stealth Rock
|move|p1a: Groudon|Dragon Tail|p2a: Necrozma
|-resisted|p2a: Necrozma
|-damage|p2a: Necrozma|87/100
|-damage|p1a: Groudon|0 fnt|[from] item: Rocky Helmet|[of] p2a: Necrozma
|faint|p1a: Groudon
|-weather|none
|drag|p2a: Rayquaza|Rayquaza, shiny|100/100
|-damage|p2a: Rayquaza|75/100|[from] Stealth Rock
|-ability|p2a: Rayquaza|Air Lock
|
|upkeep
|
|t:|1649730982
|switch|p1a: Calyrex|Calyrex-Shadow|100/100
|-ability|p1a: Calyrex|As One
|-ability|p1a: Calyrex|Unnerve
|-damage|p1a: Calyrex|88/100|[from] Stealth Rock
|turn|7
|inactive|DarkmasterDX has 120 seconds left.
|
|t:|1649731013
|detailschange|p2a: Rayquaza|Rayquaza-Mega, shiny
|-mega|p2a: Rayquaza|Rayquaza|
|-weather|DeltaStream|[from] ability: Delta Stream|[of] p2a: Rayquaza
|move|p1a: Calyrex|Astral Barrage|p2a: Rayquaza
|-damage|p2a: Rayquaza|0 fnt
|faint|p2a: Rayquaza
|-weather|none
|-ability|p1a: Calyrex|Grim Neigh|boost
|-boost|p1a: Calyrex|spa|1
|
|upkeep
|inactive|DarkmasterDX has 120 seconds left.
|
|t:|1649731020
|switch|p2a: Yveltal|Yveltal|100/100
|-damage|p2a: Yveltal|76/100|[from] Stealth Rock
|-ability|p2a: Yveltal|Dark Aura
|turn|8
|
|t:|1649731025
|-start|p2a: Yveltal|Dynamax|
|-heal|p2a: Yveltal|76/100|[silent]
|move|p1a: Calyrex|Astral Barrage|p2a: Yveltal
|-resisted|p2a: Yveltal
|-damage|p2a: Yveltal|32/100
|move|p2a: Yveltal|Max Airstream|p1a: Calyrex
|-damage|p1a: Calyrex|0 fnt
|-boost|p2a: Yveltal|spe|1
|faint|p1a: Calyrex
|-damage|p2a: Yveltal|27/100|[from] item: Life Orb
|
|upkeep
|
|t:|1649731039
|switch|p1a: Rayquaza|Rayquaza, shiny|100/100
|-damage|p1a: Rayquaza|76/100|[from] Stealth Rock
|-ability|p1a: Rayquaza|Air Lock
|turn|9
|
|t:|1649731045
|detailschange|p1a: Rayquaza|Rayquaza-Mega, shiny
|-mega|p1a: Rayquaza|Rayquaza|
|-weather|DeltaStream|[from] ability: Delta Stream|[of] p1a: Rayquaza
|move|p1a: Rayquaza|Extreme Speed|p2a: Yveltal
|-damage|p2a: Yveltal|6/100
|-damage|p1a: Rayquaza|66/100|[from] item: Life Orb
|move|p2a: Yveltal|Max Airstream|p1a: Rayquaza
|-damage|p1a: Rayquaza|0 fnt
|-boost|p2a: Yveltal|spe|1
|faint|p1a: Rayquaza
|-weather|none
|-damage|p2a: Yveltal|1/100|[from] item: Life Orb
|
|upkeep
|
|t:|1649731049
|switch|p1a: Xerneas|Xerneas, shiny|100/100
|-damage|p1a: Xerneas|88/100|[from] Stealth Rock
|-ability|p1a: Xerneas|Fairy Aura
|turn|10
|
|t:|1649731053
|move|p2a: Yveltal|Max Airstream|p1a: Xerneas
|-damage|p1a: Xerneas|17/100
|-boost|p2a: Yveltal|spe|1
|-damage|p2a: Yveltal|0 fnt|[from] item: Life Orb
|faint|p2a: Yveltal
|move|p1a: Xerneas|Geomancy||[still]
|-prepare|p1a: Xerneas|Geomancy
|-enditem|p1a: Xerneas|Power Herb
|-anim|p1a: Xerneas|Geomancy|p1a: Xerneas
|-boost|p1a: Xerneas|spa|2
|-boost|p1a: Xerneas|spd|2
|-boost|p1a: Xerneas|spe|2
|
|upkeep
|inactive|DarkmasterDX has 120 seconds left.
|inactive|DarkmasterDX has 90 seconds left.
|inactive|DarkmasterDX has 60 seconds left.
|inactive|DarkmasterDX has 30 seconds left.
|inactive|DarkmasterDX has 20 seconds left.
|
|t:|1649731184
|switch|p2a: Necrozma|Necrozma-Dusk-Mane|87/100
|-damage|p2a: Necrozma|81/100|[from] Stealth Rock
|turn|11
|inactive|DarkmasterDX has 30 seconds left this turn.
|
|t:|1649731192
|switch|p2a: Calyrex|Calyrex-Shadow|82/100
|-ability|p2a: Calyrex|As One
|-ability|p2a: Calyrex|Unnerve
|-damage|p2a: Calyrex|70/100|[from] Stealth Rock
|-start|p1a: Xerneas|Dynamax|
|-heal|p1a: Xerneas|17/100|[silent]
|move|p1a: Xerneas|Max Quake|p2a: Calyrex
|-damage|p2a: Calyrex|0 fnt
|-boost|p1a: Xerneas|spd|1
|faint|p2a: Calyrex
|
|upkeep
|inactive|DarkmasterDX has 30 seconds left this turn.
|inactive|DarkmasterDX has 20 seconds left.
|inactive|DarkmasterDX has 15 seconds left.
|
|t:|1649731211
|switch|p2a: Necrozma|Necrozma-Dusk-Mane|81/100
|-damage|p2a: Necrozma|75/100|[from] Stealth Rock
|turn|12
|inactive|DarkmasterDX has 25 seconds left this turn.
|
|t:|1649731216
|move|p1a: Xerneas|Max Quake|p2a: Necrozma
|-supereffective|p2a: Necrozma
|-damage|p2a: Necrozma|0 fnt
|-boost|p1a: Xerneas|spd|1
|faint|p2a: Necrozma
|
|upkeep
|inactive|DarkmasterDX has 30 seconds left this turn.
|
|t:|1649731220
|switch|p2a: Groudon|Groudon, shiny|100/100
|-damage|p2a: Groudon|94/100|[from] Stealth Rock
|detailschange|p2a: Groudon|Groudon-Primal, shiny
|-primal|p2a: Groudon
|-weather|DesolateLand|[from] ability: Desolate Land|[of] p2a: Groudon
|turn|13
|
|t:|1649731223
|move|p1a: Xerneas|Max Quake|p2a: Groudon
|-supereffective|p2a: Groudon
|-damage|p2a: Groudon|0 fnt
|-boost|p1a: Xerneas|spd|1
|faint|p2a: Groudon
|-weather|none
|
|win|Oh rui guang 22
|raw|Oh rui guang 22's rating: 1694 &rarr; <strong>1724</strong><br />(+30 for winning)
|raw|DarkmasterDX's rating: 1875 &rarr; <strong>1845</strong><br />(-30 for losing)
|l|☆DarkmasterDX
||Ladder isn't responding, score probably updated but might not have (Request timeout).
