|j|☆AnimeZZZZ5
|j|☆Flynn Watson
|t:|1637500515
|gametype|singles
|player|p1|AnimeZZZZ5|169|1811
|player|p2|Flynn Watson|lady|1591
|teamsize|p1|6
|teamsize|p2|6
|gen|8
|tier|[Gen 8] National Dex AG
|rated|
|rule|HP Percentage Mod: HP is shown in percentages
|rule|Endless Battle Clause: Forcing endless battles is banned
|clearpoke
|poke|p1|Groudon|
|poke|p1|Ho-Oh|
|poke|p1|Yveltal|
|poke|p1|Arceus-*|
|poke|p1|Necrozma-Dusk-Mane|
|poke|p1|Zygarde|
|poke|p2|Mewtwo|
|poke|p2|Ho-Oh|
|poke|p2|Giratina|
|poke|p2|Arceus-*|
|poke|p2|Kyogre|
|poke|p2|Necrozma-Dusk-Mane|
|teampreview
|
|t:|1637500522
|start
|switch|p1a: Ho-Oh|Ho-Oh|100/100
|switch|p2a: Ho-Oh|Ho-Oh|100/100
|turn|1
|
|t:|1637500536
|switch|p2a: Necrozma|Necrozma-Dusk-Mane|100/100
|move|p1a: Ho-Oh|Toxic|p2a: Necrozma
|-immune|p2a: Necrozma
|
|upkeep
|turn|2
|inactive|Battle timer is ON: inactive players will automatically lose when time's up. (requested by AnimeZZZZ5)
|
|t:|1637500542
|switch|p2a: Arceus|Arceus-Dark|100/100
|move|p1a: Ho-Oh|Sacred Fire|p2a: Arceus
|-crit|p2a: Arceus
|-damage|p2a: Arceus|56/100
|-status|p2a: Arceus|brn
|
|-damage|p2a: Arceus|50/100 brn|[from] brn
|upkeep
|turn|3
|
|t:|1637500550
|switch|p1a: Arceus|Arceus-Fairy|100/100
|move|p2a: Arceus|Recover|p2a: Arceus
|-heal|p2a: Arceus|99/100 brn
|
|-damage|p2a: Arceus|94/100 brn|[from] brn
|upkeep
|turn|4
|c|☆Flynn Watson|Ayeeee burn!
|
|t:|1637500559
|switch|p1a: Groudon|Groudon|100/100
|detailschange|p1a: Groudon|Groudon-Primal
|-primal|p1a: Groudon
|-weather|DesolateLand|[from] ability: Desolate Land|[of] p1a: Groudon
|move|p2a: Arceus|Toxic|p1a: Groudon
|-status|p1a: Groudon|tox
|
|-weather|DesolateLand|[upkeep]
|-damage|p1a: Groudon|94/100 tox|[from] psn
|-damage|p2a: Arceus|88/100 brn|[from] brn
|upkeep
|turn|5
|
|t:|1637500566
|move|p2a: Arceus|Judgment|p1a: Groudon
|-damage|p1a: Groudon|62/100 tox
|move|p1a: Groudon|Overheat|p2a: Arceus
|-damage|p2a: Arceus|43/100 brn
|-unboost|p1a: Groudon|spa|2
|
|-weather|DesolateLand|[upkeep]
|-damage|p1a: Groudon|50/100 tox|[from] psn
|-damage|p2a: Arceus|37/100 brn|[from] brn
|upkeep
|turn|6
|
|t:|1637500573
|move|p2a: Arceus|Recover|p2a: Arceus
|-heal|p2a: Arceus|87/100 brn
|move|p1a: Groudon|Rest|p1a: Groudon
|-status|p1a: Groudon|slp|[from] move: Rest
|-heal|p1a: Groudon|100/100 slp|[silent]
|
|-weather|DesolateLand|[upkeep]
|-damage|p2a: Arceus|80/100 brn|[from] brn
|upkeep
|turn|7
|
|t:|1637500579
|switch|p2a: Mewtwo|Mewtwo|100/100
|-ability|p2a: Mewtwo|Pressure
|cant|p1a: Groudon|slp
|
|-weather|DesolateLand|[upkeep]
|upkeep
|turn|8
|
|t:|1637500586
|-weather|none
|switch|p1a: Zygarde|Zygarde|100/100
|detailschange|p2a: Mewtwo|Mewtwo-Mega-Y
|-mega|p2a: Mewtwo|Mewtwo|Mewtwonite Y
|move|p2a: Mewtwo|Nasty Plot|p2a: Mewtwo
|-boost|p2a: Mewtwo|spa|2
|
|upkeep
|turn|9
|
|t:|1637500594
|switch|p1a: Necrozma|Necrozma-Dusk-Mane|100/100
|move|p2a: Mewtwo|Ice Beam|p1a: Necrozma
|-resisted|p1a: Necrozma
|-damage|p1a: Necrozma|70/100
|
|upkeep
|turn|10
|
|t:|1637500598
|switch|p1a: Ho-Oh|Ho-Oh|100/100
|move|p2a: Mewtwo|Aura Sphere|p1a: Ho-Oh
|-resisted|p1a: Ho-Oh
|-damage|p1a: Ho-Oh|80/100
|
|upkeep
|turn|11
|
|t:|1637500603
|switch|p1a: Yveltal|Yveltal|100/100
|-ability|p1a: Yveltal|Dark Aura
|move|p2a: Mewtwo|Ice Beam|p1a: Yveltal
|-supereffective|p1a: Yveltal
|-damage|p1a: Yveltal|0 fnt
|faint|p1a: Yveltal
|
|upkeep
|
|t:|1637500610
|switch|p1a: Ho-Oh|Ho-Oh|100/100
|turn|12
|
|t:|1637500617
|move|p2a: Mewtwo|Psystrike|p1a: Ho-Oh
|-damage|p1a: Ho-Oh|1/100
|move|p1a: Ho-Oh|Sacred Fire|p2a: Mewtwo
|-damage|p2a: Mewtwo|48/100
|
|upkeep
|turn|13
|-message|AnimeZZZZ5 forfeited.
|
|win|Flynn Watson
|raw|AnimeZZZZ5's rating: 1822 &rarr; <strong>1790</strong><br />(-32 for losing)
|raw|Flynn Watson's rating: 1591 &rarr; <strong>1623</strong><br />(+32 for winning)
|l|☆AnimeZZZZ5
