|j|☆kasak
|j|☆Beatboxing_Phantom
|t:|1611631076
|player|p1|kasak|170|1901
|player|p2|Beatboxing_Phantom|shadowtriad|1936
|teamsize|p1|6
|teamsize|p2|6
|gametype|singles
|gen|8
|tier|[Gen 8] National Dex AG
|rated|
|clearpoke
|poke|p1|Arceus-*|
|poke|p1|Ditto|
|poke|p1|Groudon|
|poke|p1|Sableye, F|
|poke|p1|Chansey, F|
|poke|p1|Lugia|
|poke|p2|Marshadow|
|poke|p2|Skarmory, F|
|poke|p2|Rayquaza|
|poke|p2|Smeargle, F|
|poke|p2|Yveltal|
|poke|p2|Necrozma-Dusk-Mane|
|rule|HP Percentage Mod: HP is shown in percentages
|rule|Endless Battle Clause: Forcing endless battles is banned
|teampreview
|inactive|Battle timer is ON: inactive players will automatically lose when time's up. (requested by Beatboxing_Phantom)
|
|t:|1611631109
|start
|switch|p1a: 깜까미|Sableye, F|100/100
|switch|p2a: Kinda Toxic|Smeargle, F|100/100
|turn|1
|
|t:|1611631117
|detailschange|p1a: 깜까미|Sableye-Mega, F
|-mega|p1a: 깜까미|Sableye|Sablenite
|move|p2a: Kinda Toxic|Shell Smash|p2a: Kinda Toxic
|-unboost|p2a: Kinda Toxic|def|1
|-unboost|p2a: Kinda Toxic|spd|1
|-boost|p2a: Kinda Toxic|atk|2
|-boost|p2a: Kinda Toxic|spa|2
|-boost|p2a: Kinda Toxic|spe|2
|move|p1a: 깜까미|Snarl|p2a: Kinda Toxic
|-damage|p2a: Kinda Toxic|47/100
|-unboost|p2a: Kinda Toxic|spa|1
|
|-ability|p2a: Kinda Toxic|Moody|boost
|-boost|p2a: Kinda Toxic|spa|2
|-unboost|p2a: Kinda Toxic|spe|1
|upkeep
|turn|2
|
|t:|1611631128
|move|p2a: Kinda Toxic|Baton Pass|p2a: Kinda Toxic
|
|t:|1611631132
|switch|p2a: Necrozma|Necrozma-Dusk-Mane|100/100|[from]move: Baton Pass
|move|p1a: 깜까미|Will-O-Wisp|p2a: Necrozma
|-status|p2a: Necrozma|brn
|
|-damage|p2a: Necrozma|94/100 brn|[from] brn
|upkeep
|turn|3
|c|☆Beatboxing_Phantom|why would u wisp?
|
|t:|1611631140
|move|p2a: Necrozma|Dragon Dance|p2a: Necrozma
|-boost|p2a: Necrozma|atk|1
|-boost|p2a: Necrozma|spe|1
|move|p1a: 깜까미|Snarl|p2a: Necrozma|[miss]
|-miss|p1a: 깜까미|p2a: Necrozma
|
|-damage|p2a: Necrozma|88/100 brn|[from] brn
|upkeep
|turn|4
|j| TheArceusBoy
|
|t:|1611631148
|move|p2a: Necrozma|Dragon Dance|p2a: Necrozma
|-boost|p2a: Necrozma|atk|1
|-boost|p2a: Necrozma|spe|1
|move|p1a: 깜까미|Snarl|p2a: Necrozma
|-supereffective|p2a: Necrozma
|-damage|p2a: Necrozma|59/100 brn
|-unboost|p2a: Necrozma|spa|1
|
|-damage|p2a: Necrozma|53/100 brn|[from] brn
|upkeep
|turn|5
|
|t:|1611631158
|move|p2a: Necrozma|Sunsteel Strike|p1a: 깜까미
|-damage|p1a: 깜까미|33/100
|move|p1a: 깜까미|Snarl|p2a: Necrozma
|-supereffective|p2a: Necrozma
|-crit|p2a: Necrozma
|-damage|p2a: Necrozma|8/100 brn
|-unboost|p2a: Necrozma|spa|1
|
|-damage|p2a: Necrozma|2/100 brn|[from] brn
|upkeep
|turn|6
|
|t:|1611631166
|switch|p1a: 루기아|Lugia|100/100
|move|p2a: Necrozma|Sunsteel Strike|p1a: 루기아
|-damage|p1a: 루기아|50/100
|-damage|p2a: Necrozma|0 fnt|[from] item: Rocky Helmet|[of] p1a: 루기아
|faint|p2a: Necrozma
|
|upkeep
|
|t:|1611631169
|switch|p2a: Kinda Toxic|Smeargle, F|47/100
|turn|7
|
|t:|1611631173
|switch|p1a: 깜까미|Sableye-Mega, F|33/100
|move|p2a: Kinda Toxic|Shell Smash|p2a: Kinda Toxic
|-unboost|p2a: Kinda Toxic|def|1
|-unboost|p2a: Kinda Toxic|spd|1
|-boost|p2a: Kinda Toxic|atk|2
|-boost|p2a: Kinda Toxic|spa|2
|-boost|p2a: Kinda Toxic|spe|2
|
|-ability|p2a: Kinda Toxic|Moody|boost
|-boost|p2a: Kinda Toxic|def|2
|-unboost|p2a: Kinda Toxic|spd|1
|upkeep
|turn|8
|
|t:|1611631186
|move|p2a: Kinda Toxic|Baton Pass|p2a: Kinda Toxic
|
|t:|1611631187
|switch|p2a: Yveltal|Yveltal|100/100|[from]move: Baton Pass
|-ability|p2a: Yveltal|Dark Aura
|move|p1a: 깜까미|Recover|p1a: 깜까미
|-heal|p1a: 깜까미|83/100
|
|upkeep
|turn|9
|
|t:|1611631193
|switch|p1a: 럭키|Chansey, F|100/100
|move|p2a: Yveltal|Oblivion Wing|p1a: 럭키
|-damage|p1a: 럭키|68/100
|-damage|p2a: Yveltal|91/100|[from] item: Life Orb
|
|upkeep
|turn|10
|c| TheArceusBoy|Kasak is too good player
|
|t:|1611631199
|move|p1a: 럭키|Protect|p1a: 럭키
|-singleturn|p1a: 럭키|Protect
|move|p2a: Yveltal|Dark Pulse|p1a: 럭키
|-activate|p1a: 럭키|move: Protect
|
|upkeep
|turn|11
|
|t:|1611631203
|move|p2a: Yveltal|Dark Pulse|p1a: 럭키
|-damage|p1a: 럭키|18/100
|-damage|p2a: Yveltal|81/100|[from] item: Life Orb
|cant|p1a: 럭키|flinch
|
|upkeep
|turn|12
|
|t:|1611631211
|move|p2a: Yveltal|Oblivion Wing|p1a: 럭키
|-damage|p1a: 럭키|0 fnt
|-heal|p2a: Yveltal|100/100|[from] drain|[of] p1a: 럭키
|-damage|p2a: Yveltal|91/100|[from] item: Life Orb
|faint|p1a: 럭키
|
|upkeep
|
|t:|1611631214
|switch|p1a: 메타몽|Ditto|100/100
|-transform|p1a: 메타몽|p2a: Yveltal|[from] ability: Imposter
|-ability|p1a: 메타몽|Dark Aura
|turn|13
|
|t:|1611631224
|switch|p2a: Kinda Toxic|Smeargle, F|47/100
|move|p1a: 메타몽|Oblivion Wing|p2a: Kinda Toxic
|-damage|p2a: Kinda Toxic|0 fnt
|faint|p2a: Kinda Toxic
|
|upkeep
|
|t:|1611631230
|switch|p2a: spooky boi|Marshadow|100/100
|turn|14
|
|t:|1611631235
|switch|p1a: 아르세우스|Arceus-Fairy|100/100
|move|p2a: spooky boi|Spectral Thief|p1a: 아르세우스
|-damage|p1a: 아르세우스|73/100
|
|upkeep
|turn|15
|
|t:|1611631239
|move|p2a: spooky boi|Spectral Thief|p1a: 아르세우스
|-damage|p1a: 아르세우스|50/100
|move|p1a: 아르세우스|Will-O-Wisp|p2a: spooky boi
|-status|p2a: spooky boi|brn
|
|-damage|p2a: spooky boi|94/100 brn|[from] brn
|upkeep
|turn|16
|
|t:|1611631241
|move|p2a: spooky boi|Rock Tomb|p1a: 아르세우스
|-damage|p1a: 아르세우스|42/100
|-unboost|p1a: 아르세우스|spe|1
|move|p1a: 아르세우스|Recover|p1a: 아르세우스
|-heal|p1a: 아르세우스|92/100
|
|-damage|p2a: spooky boi|88/100 brn|[from] brn
|upkeep
|turn|17
|
|t:|1611631249
|move|p2a: spooky boi|Rock Tomb|p1a: 아르세우스
|-damage|p1a: 아르세우스|84/100
|-unboost|p1a: 아르세우스|spe|1
|move|p1a: 아르세우스|Judgment|p2a: spooky boi
|-supereffective|p2a: spooky boi
|-damage|p2a: spooky boi|0 fnt
|faint|p2a: spooky boi
|
|upkeep
|
|t:|1611631251
|switch|p2a: birb is the word|Skarmory, F|100/100
|turn|18
|
|t:|1611631254
|switch|p1a: 깜까미|Sableye-Mega, F|83/100
|move|p2a: birb is the word|Rock Tomb|p1a: 깜까미
|-damage|p1a: 깜까미|75/100
|-unboost|p1a: 깜까미|spe|1
|
|upkeep
|turn|19
|
|t:|1611631258
|move|p1a: 깜까미|Recover|p1a: 깜까미
|-heal|p1a: 깜까미|100/100
|move|p2a: birb is the word|Whirlwind|p1a: 깜까미
|move|p1a: 깜까미|Whirlwind|p2a: birb is the word|[from]ability: Magic Bounce
|drag|p2a: Yveltal|Yveltal|91/100
|-ability|p2a: Yveltal|Dark Aura
|
|upkeep
|turn|20
|c| TheArceusBoy|Skarmory
|c|☆Beatboxing_Phantom|yea
|
|t:|1611631272
|move|p2a: Yveltal|Dark Pulse|p1a: 깜까미
|-damage|p1a: 깜까미|23/100
|-damage|p2a: Yveltal|81/100|[from] item: Life Orb
|move|p1a: 깜까미|Recover|p1a: 깜까미
|-heal|p1a: 깜까미|73/100
|
|upkeep
|turn|21
|
|t:|1611631282
|switch|p1a: 아르세우스|Arceus-Fairy|84/100
|move|p2a: Yveltal|Dark Pulse|p1a: 아르세우스
|-resisted|p1a: 아르세우스
|-damage|p1a: 아르세우스|57/100
|-damage|p2a: Yveltal|71/100|[from] item: Life Orb
|
|upkeep
|turn|22
|
|t:|1611631292
|switch|p2a: birb is the word|Skarmory, F|100/100
|-start|p1a: 아르세우스|Dynamax
|-heal|p1a: 아르세우스|57/100|[silent]
|move|p1a: 아르세우스|Max Starfall|p2a: birb is the word
|-resisted|p2a: birb is the word
|-crit|p2a: birb is the word
|-damage|p2a: birb is the word|33/100
|-fieldstart|move: Misty Terrain
|
|upkeep
|turn|23
|
|t:|1611631300
|move|p1a: 아르세우스|Max Starfall|p2a: birb is the word
|-resisted|p2a: birb is the word
|-damage|p2a: birb is the word|0 fnt
|faint|p2a: birb is the word
|
|upkeep
|
|t:|1611631302
|switch|p2a: Juggernaut|Rayquaza, shiny|100/100
|-ability|p2a: Juggernaut|Air Lock
|turn|24
|
|t:|1611631304
|detailschange|p2a: Juggernaut|Rayquaza-Mega, shiny
|-mega|p2a: Juggernaut|Rayquaza|
|-weather|DeltaStream|[from] ability: Delta Stream|[of] p2a: Juggernaut
|move|p2a: Juggernaut|Dragon Ascent|p1a: 아르세우스
|-damage|p1a: 아르세우스|33/100
|-unboost|p2a: Juggernaut|def|1
|-unboost|p2a: Juggernaut|spd|1
|move|p1a: 아르세우스|Max Starfall|p2a: Juggernaut
|-supereffective|p2a: Juggernaut
|-enditem|p2a: Juggernaut|Focus Sash
|-damage|p2a: Juggernaut|1/100
|
|-weather|DeltaStream|[upkeep]
|-end|p1a: 아르세우스|Dynamax
|-heal|p1a: 아르세우스|34/100|[silent]
|upkeep
|turn|25
|j| ThePowerfulEntity
|c| ThePowerfulEntity|man
|
|t:|1611631310
|move|p2a: Juggernaut|Dragon Ascent|p1a: 아르세우스
|-damage|p1a: 아르세우스|0 fnt
|-unboost|p2a: Juggernaut|def|1
|-unboost|p2a: Juggernaut|spd|1
|faint|p1a: 아르세우스
|
|-weather|DeltaStream|[upkeep]
|upkeep
|c|☆Beatboxing_Phantom|?
|c| ThePowerfulEntity|a high rated game
|c|☆Beatboxing_Phantom|yup
|
|t:|1611631323
|switch|p1a: 메타몽|Ditto|100/100
|-transform|p1a: 메타몽|p2a: Juggernaut|[from] ability: Imposter
|turn|26
|
|t:|1611631325
|move|p1a: 메타몽|Extreme Speed|p2a: Juggernaut
|-damage|p2a: Juggernaut|0 fnt
|faint|p2a: Juggernaut
|
|-weather|DeltaStream|[upkeep]
|-fieldend|Misty Terrain
|upkeep
|
|t:|1611631327
|switch|p2a: Yveltal|Yveltal|71/100
|-ability|p2a: Yveltal|Dark Aura
|turn|27
|c| ThePowerfulEntity|beatboxing phantom are you winning?
|
|t:|1611631329
|-weather|none
|switch|p1a: 루기아|Lugia|50/100
|move|p2a: Yveltal|Oblivion Wing|p1a: 루기아
|-damage|p1a: 루기아|18/100
|-heal|p2a: Yveltal|96/100|[from] drain|[of] p1a: 루기아
|-damage|p2a: Yveltal|86/100|[from] item: Life Orb
|
|upkeep
|turn|28
|c| ThePowerfulEntity|oh no
|c| TheArceusBoy|Hy entity
|c| ThePowerfulEntity|oh dear
|
|t:|1611631335
|move|p2a: Yveltal|Oblivion Wing|p1a: 루기아
|-damage|p1a: 루기아|0 fnt
|-heal|p2a: Yveltal|99/100|[from] drain|[of] p1a: 루기아
|-damage|p2a: Yveltal|90/100|[from] item: Life Orb
|faint|p1a: 루기아
|
|upkeep
|c| ThePowerfulEntity|yes
|c| ThePowerfulEntity|ur winning him
|c| TheArceusBoy|U remember me
|c|☆Beatboxing_Phantom|shut the hell up
|
|t:|1611631356
|switch|p1a: 그란돈|Groudon|100/100
|detailschange|p1a: 그란돈|Groudon-Primal
|-primal|p1a: 그란돈
|-weather|DesolateLand|[from] ability: Desolate Land|[of] p1a: 그란돈
|turn|29
|c| TheArceusBoy|TheJanardanTiwari
|
|t:|1611631362
|-start|p2a: Yveltal|Dynamax
|-heal|p2a: Yveltal|90/100|[silent]
|move|p2a: Yveltal|Max Darkness|p1a: 그란돈
|-damage|p1a: 그란돈|0 fnt
|-damage|p2a: Yveltal|85/100|[from] item: Life Orb
|faint|p1a: 그란돈
|-weather|none
|
|upkeep
|c| ThePowerfulEntity|counter dynamax him kasak
|
|t:|1611631379
|switch|p1a: 깜까미|Sableye-Mega, F|73/100
|turn|30
|c|☆Beatboxing_Phantom|what
|
|t:|1611631388
|switch|p1a: 메타몽|Ditto|100/100
|-transform|p1a: 메타몽|p2a: Yveltal|[from] ability: Imposter
|-ability|p1a: 메타몽|Dark Aura
|move|p2a: Yveltal|Max Darkness|p1a: 메타몽
|-resisted|p1a: 메타몽
|-damage|p1a: 메타몽|22/100
|-unboost|p1a: 메타몽|spd|1
|-damage|p2a: Yveltal|80/100|[from] item: Life Orb
|
|upkeep
|turn|31
|c|☆Beatboxing_Phantom|he doesnt have dyna
|c| ThePowerfulEntity|or did he already use his dynamax?
|j| DSC40
|
|t:|1611631398
|switch|p1a: 깜까미|Sableye-Mega, F|73/100
|move|p2a: Yveltal|Max Airstream|p1a: 깜까미
|-damage|p1a: 깜까미|0 fnt
|-boost|p2a: Yveltal|spe|1
|-damage|p2a: Yveltal|75/100|[from] item: Life Orb
|faint|p1a: 깜까미
|
|-end|p2a: Yveltal|Dynamax
|-heal|p2a: Yveltal|75/100|[silent]
|upkeep
|
|t:|1611631403
|switch|p1a: 메타몽|Ditto|22/100
|-transform|p1a: 메타몽|p2a: Yveltal|[from] ability: Imposter
|-ability|p1a: 메타몽|Dark Aura
|turn|32
|c| ThePowerfulEntity|ah shit
|c| TheArceusBoy|Yes
|c| ThePowerfulEntity|man u really should've counter dynaed
|c| TheArceusBoy|U did
|inactive|kasak has 120 seconds left.
|
|t:|1611631430
|move|p1a: 메타몽|Oblivion Wing|p2a: Yveltal
|-damage|p2a: Yveltal|33/100
|-heal|p1a: 메타몽|64/100|[from] drain|[of] p2a: Yveltal
|move|p2a: Yveltal|Oblivion Wing|p1a: 메타몽
|-damage|p1a: 메타몽|0 fnt
|-heal|p2a: Yveltal|70/100|[from] drain|[of] p1a: 메타몽
|-damage|p2a: Yveltal|60/100|[from] item: Life Orb
|faint|p1a: 메타몽
|
|win|Beatboxing_Phantom
|c|☆Beatboxing_Phantom|gg man
|raw|kasak's rating: 1901 &rarr; <strong>1883</strong><br />(-18 for losing)
|raw|Beatboxing_Phantom's rating: 1936 &rarr; <strong>1954</strong><br />(+18 for winning)
|j| PhantomGamer1868
|l|☆Beatboxing_Phantom
|l| ThePowerfulEntity
|l|☆kasak
|l| PhantomGamer1868
