|j|☆diemond35472
|j|☆default0
|inactive|Battle timer is ON: inactive players will automatically lose when time's up.
|t:|1637733795
|gametype|singles
|player|p1|diemond35472|169|
|player|p2|default0|skierf-gen4dp|
|teamsize|p1|6
|teamsize|p2|6
|gen|8
|tier|[Gen 8] National Dex AG
|rated|Tournament battle
|rule|HP Percentage Mod: HP is shown in percentages
|rule|Endless Battle Clause: Forcing endless battles is banned
|clearpoke
|poke|p1|Zacian-*|
|poke|p1|Calyrex-Shadow|
|poke|p1|Yveltal|
|poke|p1|Rayquaza|
|poke|p1|Ditto|
|poke|p1|Necrozma-Dusk-Mane|
|poke|p2|Yveltal|
|poke|p2|Calyrex-Shadow|
|poke|p2|Necrozma-Dusk-Mane|
|poke|p2|Arceus-*|
|poke|p2|Xerneas-*|
|poke|p2|Eternatus|
|teampreview
|c|☆diemond35472|glhf
|
|t:|1637733802
|start
|switch|p1a: Rayquaza|Rayquaza|100/100
|switch|p2a: Calyrex|Calyrex-Shadow|100/100
|-ability|p2a: Calyrex|As One
|-ability|p2a: Calyrex|Unnerve
|-ability|p1a: Rayquaza|Air Lock
|turn|1
|
|t:|1637733806
|switch|p1a: Yveltal|Yveltal|100/100
|-ability|p1a: Yveltal|Dark Aura
|move|p2a: Calyrex|Astral Barrage|p1a: Yveltal
|-resisted|p1a: Yveltal
|-damage|p1a: Yveltal|67/100
|
|upkeep
|turn|2
|
|t:|1637733811
|switch|p2a: Eternatus|Eternatus|100/100
|-ability|p2a: Eternatus|Pressure
|-start|p1a: Yveltal|Dynamax
|-heal|p1a: Yveltal|67/100|[silent]
|move|p1a: Yveltal|Max Airstream|p2a: Eternatus
|-damage|p2a: Eternatus|23/100
|-boost|p1a: Yveltal|spe|1
|-damage|p1a: Yveltal|62/100|[from] item: Life Orb
|
|-heal|p2a: Eternatus|29/100|[from] item: Black Sludge
|upkeep
|turn|3
|
|t:|1637733820
|move|p1a: Yveltal|Max Airstream|p2a: Eternatus
|-damage|p2a: Eternatus|0 fnt
|-boost|p1a: Yveltal|spe|1
|faint|p2a: Eternatus
|-damage|p1a: Yveltal|57/100|[from] item: Life Orb
|
|upkeep
|
|t:|1637733823
|switch|p2a: Yveltal|Yveltal|100/100
|-ability|p2a: Yveltal|Dark Aura
|turn|4
|
|t:|1637733826
|move|p1a: Yveltal|Max Airstream|p2a: Yveltal
|-damage|p2a: Yveltal|29/100
|-boost|p1a: Yveltal|spe|1
|-damage|p1a: Yveltal|52/100|[from] item: Life Orb
|move|p2a: Yveltal|Roost|p2a: Yveltal
|-heal|p2a: Yveltal|79/100
|-singleturn|p2a: Yveltal|move: Roost
|
|-end|p1a: Yveltal|Dynamax
|-heal|p1a: Yveltal|52/100|[silent]
|upkeep
|turn|5
|j| Lucas86488
|
|t:|1637733830
|move|p1a: Yveltal|Oblivion Wing|p2a: Yveltal
|-damage|p2a: Yveltal|37/100
|-heal|p1a: Yveltal|89/100|[from] drain|[of] p2a: Yveltal
|-damage|p1a: Yveltal|79/100|[from] item: Life Orb
|move|p2a: Yveltal|Toxic|p1a: Yveltal
|-status|p1a: Yveltal|tox
|
|-damage|p1a: Yveltal|73/100 tox|[from] psn
|upkeep
|turn|6
|l| Lucas86488
|
|t:|1637733839
|switch|p2a: Necrozma|Necrozma-Dusk-Mane|100/100
|move|p1a: Yveltal|Oblivion Wing|p2a: Necrozma
|-resisted|p2a: Necrozma
|-damage|p2a: Necrozma|79/100
|-heal|p1a: Yveltal|89/100 tox|[from] drain|[of] p2a: Necrozma
|-damage|p1a: Yveltal|79/100 tox|[from] item: Life Orb
|
|-damage|p1a: Yveltal|66/100 tox|[from] psn
|upkeep
|turn|7
|
|t:|1637733842
|switch|p2a: Yveltal|Yveltal|37/100
|-ability|p2a: Yveltal|Dark Aura
|move|p1a: Yveltal|Heat Wave|p2a: Yveltal
|-damage|p2a: Yveltal|5/100
|-damage|p1a: Yveltal|56/100 tox|[from] item: Life Orb
|
|-damage|p1a: Yveltal|38/100 tox|[from] psn
|upkeep
|turn|8
|
|t:|1637733845
|move|p1a: Yveltal|Oblivion Wing|p2a: Yveltal
|-damage|p2a: Yveltal|0 fnt
|-heal|p1a: Yveltal|42/100 tox|[from] drain|[of] p2a: Yveltal
|faint|p2a: Yveltal
|-damage|p1a: Yveltal|32/100 tox|[from] item: Life Orb
|
|-damage|p1a: Yveltal|8/100 tox|[from] psn
|upkeep
|
|t:|1637733848
|switch|p2a: Arceus|Arceus|100/100
|turn|9
|
|t:|1637733852
|switch|p1a: Calyrex|Calyrex-Shadow|100/100
|-ability|p1a: Calyrex|As One
|-ability|p1a: Calyrex|Unnerve
|move|p2a: Arceus|Extreme Speed|p1a: Calyrex
|-immune|p1a: Calyrex
|
|upkeep
|turn|10
|
|t:|1637733856
|switch|p1a: Yveltal|Yveltal|8/100 tox
|-ability|p1a: Yveltal|Dark Aura
|move|p2a: Arceus|Earthquake|p1a: Yveltal
|-immune|p1a: Yveltal
|
|-damage|p1a: Yveltal|2/100 tox|[from] psn
|upkeep
|turn|11
|
|t:|1637733860
|move|p2a: Arceus|Extreme Speed|p1a: Yveltal
|-damage|p1a: Yveltal|0 fnt
|faint|p1a: Yveltal
|
|upkeep
|
|t:|1637733869
|switch|p1a: Rayquaza|Rayquaza|100/100
|-ability|p1a: Rayquaza|Air Lock
|turn|12
|
|t:|1637733884
|detailschange|p1a: Rayquaza|Rayquaza-Mega
|-mega|p1a: Rayquaza|Rayquaza|
|-weather|DeltaStream|[from] ability: Delta Stream|[of] p1a: Rayquaza
|-start|p2a: Arceus|Dynamax
|-heal|p2a: Arceus|100/100|[silent]
|move|p1a: Rayquaza|Dragon Dance|p1a: Rayquaza
|-boost|p1a: Rayquaza|atk|1
|-boost|p1a: Rayquaza|spe|1
|move|p2a: Arceus|Max Strike|p1a: Rayquaza
|-crit|p1a: Rayquaza
|-damage|p1a: Rayquaza|4/100
|-unboost|p1a: Rayquaza|spe|1
|
|-weather|DeltaStream|[upkeep]
|upkeep
|turn|13
|j| Browneyes64
|
|t:|1637733899
|move|p1a: Rayquaza|Dragon Ascent|p2a: Arceus
|-crit|p2a: Arceus
|-damage|p2a: Arceus|16/100
|-unboost|p1a: Rayquaza|def|1
|-unboost|p1a: Rayquaza|spd|1
|-damage|p1a: Rayquaza|0 fnt|[from] item: Life Orb
|faint|p1a: Rayquaza
|-weather|none
|move|p2a: Arceus|Max Strike|p1: Rayquaza|[notarget]
|-fail|p2a: Arceus
|
|upkeep
|
|t:|1637733905
|switch|p1a: Zacian|Zacian-Crowned|100/100
|-ability|p1a: Zacian|Intrepid Sword|boost
|-boost|p1a: Zacian|atk|1
|turn|14
|c| Browneyes64|crit nice
|j| AaravZeus678
|
|t:|1637733911
|-end|p2a: Arceus|Dynamax
|-heal|p2a: Arceus|16/100|[silent]
|switch|p2a: Necrozma|Necrozma-Dusk-Mane|79/100
|move|p1a: Zacian|Substitute|p1a: Zacian
|-start|p1a: Zacian|Substitute
|-damage|p1a: Zacian|76/100
|
|upkeep
|turn|15
|
|t:|1637733916
|move|p1a: Zacian|Swords Dance|p1a: Zacian
|-boost|p1a: Zacian|atk|2
|move|p2a: Necrozma|Earthquake|p1a: Zacian
|-supereffective|p1a: Zacian
|-end|p1a: Zacian|Substitute
|
|upkeep
|turn|16
|
|t:|1637733920
|move|p1a: Zacian|Close Combat|p2a: Necrozma
|-damage|p2a: Necrozma|7/100
|-unboost|p1a: Zacian|def|1
|-unboost|p1a: Zacian|spd|1
|-damage|p1a: Zacian|59/100|[from] item: Rocky Helmet|[of] p2a: Necrozma
|move|p2a: Necrozma|Stealth Rock|p1a: Zacian
|-sidestart|p1: diemond35472|move: Stealth Rock
|
|upkeep
|turn|17
|j| 09-10a
|
|t:|1637733926
|move|p1a: Zacian|Close Combat|p2a: Necrozma
|-crit|p2a: Necrozma
|-damage|p2a: Necrozma|0 fnt
|-unboost|p1a: Zacian|def|1
|-unboost|p1a: Zacian|spd|1
|-damage|p1a: Zacian|43/100|[from] item: Rocky Helmet|[of] p2a: Necrozma
|faint|p2a: Necrozma
|
|upkeep
|
|t:|1637733928
|switch|p2a: Calyrex|Calyrex-Shadow|100/100
|-ability|p2a: Calyrex|As One
|-ability|p2a: Calyrex|Unnerve
|turn|18
|j| Lucas86488
|c|☆diemond35472|eq seems fun
|c| AaravZeus678|SUS
|
|t:|1637733934
|move|p2a: Calyrex|Astral Barrage|p1a: Zacian
|-damage|p1a: Zacian|0 fnt
|faint|p1a: Zacian
|-ability|p2a: Calyrex|Grim Neigh|boost
|-boost|p2a: Calyrex|spa|1
|
|upkeep
|
|t:|1637733938
|switch|p1a: Calyrex|Calyrex-Shadow|100/100
|-ability|p1a: Calyrex|As One
|-ability|p1a: Calyrex|Unnerve
|-damage|p1a: Calyrex|88/100|[from] Stealth Rock
|turn|19
|j|@Nevelle
|j| Telfon_219
|l|@Nevelle
|
|t:|1637733952
|move|p1a: Calyrex|Astral Barrage|p2a: Calyrex
|-supereffective|p2a: Calyrex
|-enditem|p2a: Calyrex|Focus Sash
|-damage|p2a: Calyrex|1/100
|move|p2a: Calyrex|Astral Barrage|p1a: Calyrex
|-supereffective|p1a: Calyrex
|-crit|p1a: Calyrex
|-damage|p1a: Calyrex|0 fnt
|faint|p1a: Calyrex
|-ability|p2a: Calyrex|Grim Neigh|boost
|-boost|p2a: Calyrex|spa|1
|
|upkeep
|
|t:|1637733958
|switch|p1a: Ditto|Ditto|100/100
|-damage|p1a: Ditto|88/100|[from] Stealth Rock
|-transform|p1a: Ditto|p2a: Calyrex|[from] ability: Imposter
|turn|20
|j| lemoncell0
|
|t:|1637733962
|move|p1a: Ditto|Psyshock|p2a: Calyrex
|-resisted|p2a: Calyrex
|-damage|p2a: Calyrex|0 fnt
|faint|p2a: Calyrex
|-ability|p1a: Ditto|Grim Neigh|boost
|-boost|p1a: Ditto|spa|1
|
|upkeep
|
|t:|1637733965
|switch|p2a: Xerneas|Xerneas|100/100
|-ability|p2a: Xerneas|Fairy Aura
|turn|21
|
|t:|1637733968
|move|p1a: Ditto|Psyshock|p2a: Xerneas
|-damage|p2a: Xerneas|0 fnt
|faint|p2a: Xerneas
|-ability|p1a: Ditto|Grim Neigh|boost
|-boost|p1a: Ditto|spa|1
|
|upkeep
|c| AaravZeus678|NICE
|
|t:|1637733970
|switch|p2a: Arceus|Arceus|16/100
|turn|22
|c| Browneyes64|diemond  is winning
|
|t:|1637733972
|move|p1a: Ditto|Psyshock|p2a: Arceus
|-damage|p2a: Arceus|0 fnt
|faint|p2a: Arceus
|
|win|diemond35472
|n|☆diemond35472|diemond35472
|n|☆default0|default0
|n| Browneyes64|browneyes64
|n| AaravZeus678|aaravzeus678
|n| 09-10a|0910a
|n| Lucas86488|lucas86488
|n| Telfon_219|telfon219
|n| lemoncell0|lemoncell0
|c| AaravZeus678|NICE
|c|☆diemond35472|gg
|c|☆default0|nah
|l|☆default0
|c|☆diemond35472|?
|c| AaravZeus678|SALT
|c| AaravZeus678|Ragequot
|c| AaravZeus678|Ragequit
|l| AaravZeus678
|j| Thundybundy
|l| Thundybundy
|l| Telfon_219
|l| Lucas86488
|l| lemoncell0
|j| Nevelle
|l| Nevelle
|l|☆diemond35472
|j| Nevelle
|l| 09-10a
|l| Browneyes64
|l| Nevelle
