|j|☆SyaNinja
|j|☆RedTheKantoEnjoyer
|t:|1653547085
|gametype|singles
|player|p1|SyaNinja|medium|1506
|player|p2|RedTheKantoEnjoyer|red|1408
|teamsize|p1|6
|teamsize|p2|6
|gen|8
|tier|[Gen 8] National Dex AG
|rated|
|rule|HP Percentage Mod: HP is shown in percentages
|rule|Endless Battle Clause: Forcing endless battles is banned
|clearpoke
|poke|p1|Marshadow|
|poke|p1|Ditto|
|poke|p1|Aerodactyl, M|
|poke|p1|Dracovish|
|poke|p1|Vivillon-Ocean, M|
|poke|p1|Zacian-*|
|poke|p2|Quagsire, M|
|poke|p2|Lopunny, F|
|poke|p2|Rayquaza|
|poke|p2|Yveltal|
|poke|p2|Pikachu, F|
|poke|p2|Aegislash, F|
|teampreview
|inactive|Battle timer is ON: inactive players will automatically lose when time's up. (requested by RedTheKantoEnjoyer)
|inactive|SyaNinja also wants the timer to be on.
|
|t:|1653547093
|start
|switch|p1a: Aerodactyl|Aerodactyl, M|100/100
|switch|p2a: I hate Smeargle|Pikachu, F|100/100
|-ability|p1a: Aerodactyl|Pressure
|turn|1
|
|t:|1653547098
|move|p2a: I hate Smeargle|Fake Out|p1a: Aerodactyl
|-resisted|p1a: Aerodactyl
|-damage|p1a: Aerodactyl|89/100
|cant|p1a: Aerodactyl|flinch
|
|upkeep
|turn|2
|
|t:|1653547116
|move|p1a: Aerodactyl|Tailwind|p1a: Aerodactyl
|-sidestart|p1: SyaNinja|move: Tailwind
|move|p2a: I hate Smeargle|Volt Tackle|p1a: Aerodactyl
|-supereffective|p1a: Aerodactyl
|-damage|p1a: Aerodactyl|0 fnt
|faint|p1a: Aerodactyl
|-damage|p2a: I hate Smeargle|50/100|[from] Recoil
|
|upkeep
|
|t:|1653547125
|switch|p1a: Vivillon|Vivillon-Ocean, M, shiny|100/100
|turn|3
|
|t:|1653547128
|move|p2a: I hate Smeargle|Extreme Speed|p1a: Vivillon
|-damage|p1a: Vivillon|34/100
|move|p1a: Vivillon|Sleep Powder|p2a: I hate Smeargle
|-status|p2a: I hate Smeargle|slp|[from] move: Sleep Powder
|
|-heal|p1a: Vivillon|40/100|[from] item: Leftovers
|upkeep
|turn|4
|
|t:|1653547134
|cant|p2a: I hate Smeargle|slp
|move|p1a: Vivillon|Substitute|p1a: Vivillon
|-start|p1a: Vivillon|Substitute
|-damage|p1a: Vivillon|15/100
|
|-heal|p1a: Vivillon|21/100|[from] item: Leftovers
|upkeep
|turn|5
|
|t:|1653547137
|-curestatus|p2a: I hate Smeargle|slp|[msg]
|move|p2a: I hate Smeargle|Extreme Speed|p1a: Vivillon
|-end|p1a: Vivillon|Substitute
|move|p1a: Vivillon|Quiver Dance|p1a: Vivillon
|-boost|p1a: Vivillon|spa|1
|-boost|p1a: Vivillon|spd|1
|-boost|p1a: Vivillon|spe|1
|
|-heal|p1a: Vivillon|27/100|[from] item: Leftovers
|-sideend|p1: SyaNinja|move: Tailwind
|upkeep
|turn|6
|
|t:|1653547139
|move|p2a: I hate Smeargle|Extreme Speed|p1a: Vivillon
|-damage|p1a: Vivillon|0 fnt
|faint|p1a: Vivillon
|
|upkeep
|
|t:|1653547147
|switch|p1a: Ditto|Ditto|100/100
|-transform|p1a: Ditto|p2a: I hate Smeargle|[from] ability: Imposter
|turn|7
|
|t:|1653547150
|move|p1a: Ditto|Extreme Speed|p2a: I hate Smeargle
|-damage|p2a: I hate Smeargle|0 fnt
|faint|p2a: I hate Smeargle
|
|upkeep
|
|t:|1653547160
|switch|p2a: I hate Zacian|Quagsire, M|100/100
|turn|8
|
|t:|1653547174
|switch|p1a: Dracovish|Dracovish, shiny|100/100
|move|p2a: I hate Zacian|Earthquake|p1a: Dracovish
|-damage|p1a: Dracovish|70/100
|
|upkeep
|turn|9
|
|t:|1653547180
|move|p1a: Dracovish|Fishious Rend|p2a: I hate Zacian
|-damage|p2a: I hate Zacian|21/100
|move|p2a: I hate Zacian|Counter|p1a: Dracovish
|-damage|p1a: Dracovish|0 fnt
|faint|p1a: Dracovish
|
|-heal|p2a: I hate Zacian|27/100|[from] item: Leftovers
|upkeep
|
|t:|1653547189
|switch|p1a: Zacian|Zacian-Crowned|100/100
|-ability|p1a: Zacian|Intrepid Sword|boost
|-boost|p1a: Zacian|atk|1
|turn|10
|
|t:|1653547194
|move|p1a: Zacian|Play Rough|p2a: I hate Zacian
|-damage|p2a: I hate Zacian|0 fnt
|faint|p2a: I hate Zacian
|
|upkeep
|
|t:|1653547196
|switch|p2a: I hate Geomancy|Aegislash, F|100/100
|turn|11
|
|t:|1653547214
|move|p2a: I hate Geomancy|King's Shield|p2a: I hate Geomancy
|-singleturn|p2a: I hate Geomancy|Protect
|move|p1a: Zacian|Wild Charge|p2a: I hate Geomancy
|-activate|p2a: I hate Geomancy|move: Protect
|-unboost|p1a: Zacian|atk|1
|
|upkeep
|turn|12
|
|t:|1653547217
|move|p1a: Zacian|Wild Charge|p2a: I hate Geomancy
|-damage|p2a: I hate Geomancy|63/100
|-damage|p1a: Zacian|93/100|[from] Recoil
|-formechange|p2a: I hate Geomancy|Aegislash-Blade||[from] ability: Stance Change
|move|p2a: I hate Geomancy|Iron Head|p1a: Zacian
|-damage|p1a: Zacian|30/100
|-damage|p2a: I hate Geomancy|53/100|[from] item: Life Orb
|
|upkeep
|turn|13
|
|t:|1653547226
|move|p2a: I hate Geomancy|Shadow Sneak|p1a: Zacian
|-damage|p1a: Zacian|1/100
|-damage|p2a: I hate Geomancy|43/100|[from] item: Life Orb
|move|p1a: Zacian|Wild Charge|p2a: I hate Geomancy
|-damage|p2a: I hate Geomancy|0 fnt
|faint|p2a: I hate Geomancy
|-damage|p1a: Zacian|0 fnt|[from] Recoil
|faint|p1a: Zacian
|
|upkeep
|
|t:|1653547235
|switch|p1a: Marshadow|Marshadow|100/100
|switch|p2a: I hate EK Arceus|Lopunny, F, shiny|100/100
|turn|14
|
|t:|1653547242
|detailschange|p2a: I hate EK Arceus|Lopunny-Mega, F, shiny
|-mega|p2a: I hate EK Arceus|Lopunny|Lopunnite
|move|p2a: I hate EK Arceus|Fake Out|p1a: Marshadow
|-damage|p1a: Marshadow|72/100
|cant|p1a: Marshadow|flinch
|
|upkeep
|turn|15
|
|t:|1653547251
|move|p1a: Marshadow|Close Combat|p2a: I hate EK Arceus
|-supereffective|p2a: I hate EK Arceus
|-damage|p2a: I hate EK Arceus|0 fnt
|-unboost|p1a: Marshadow|def|1
|-unboost|p1a: Marshadow|spd|1
|faint|p2a: I hate EK Arceus
|
|upkeep
|
|t:|1653547255
|switch|p2a: I hate P Groudon|Rayquaza, shiny|100/100
|-ability|p2a: I hate P Groudon|Air Lock
|turn|16
|
|t:|1653547267
|-start|p2a: I hate P Groudon|Dynamax|
|-heal|p2a: I hate P Groudon|100/100|[silent]
|move|p1a: Marshadow|Poltergeist|p2a: I hate P Groudon
|-activate|p2a: I hate P Groudon|move: Poltergeist|Life Orb
|-damage|p2a: I hate P Groudon|69/100
|move|p2a: I hate P Groudon|Max Airstream|p1a: Marshadow
|-supereffective|p1a: Marshadow
|-damage|p1a: Marshadow|0 fnt
|-boost|p2a: I hate P Groudon|spe|1
|faint|p1a: Marshadow
|-damage|p2a: I hate P Groudon|64/100|[from] item: Life Orb
|
|upkeep
|
|t:|1653547277
|switch|p1a: Ditto|Ditto|100/100
|-transform|p1a: Ditto|p2a: I hate P Groudon|[from] ability: Imposter
|turn|17
|
|t:|1653547283
|-start|p1a: Ditto|Dynamax|
|-heal|p1a: Ditto|100/100|[silent]
|move|p1a: Ditto|Max Wyrmwind|p2a: I hate P Groudon
|-supereffective|p2a: I hate P Groudon
|-damage|p2a: I hate P Groudon|0 fnt
|faint|p2a: I hate P Groudon
|
|upkeep
|
|t:|1653547287
|switch|p2a: I hate Calyrex S|Yveltal|100/100
|-ability|p2a: I hate Calyrex S|Dark Aura
|turn|18
|c|☆RedTheKantoEnjoyer|gg
|
|t:|1653547302
|move|p1a: Ditto|Max Lightning|p2a: I hate Calyrex S
|-supereffective|p2a: I hate Calyrex S
|-damage|p2a: I hate Calyrex S|22/100
|-fieldstart|move: Electric Terrain
|move|p2a: I hate Calyrex S|Dark Pulse|p1a: Ditto
|-crit|p1a: Ditto
|-damage|p1a: Ditto|5/100
|-damage|p2a: I hate Calyrex S|12/100|[from] item: Life Orb
|
|upkeep
|turn|19
|
|t:|1653547310
|move|p2a: I hate Calyrex S|Sucker Punch|p1a: Ditto
|-damage|p1a: Ditto|0 fnt
|faint|p1a: Ditto
|-damage|p2a: I hate Calyrex S|2/100|[from] item: Life Orb
|
|win|RedTheKantoEnjoyer
|raw|SyaNinja's rating: 1506 &rarr; <strong>1481</strong><br />(-25 for losing)
|raw|RedTheKantoEnjoyer's rating: 1408 &rarr; <strong>1433</strong><br />(+25 for winning)
|l|☆SyaNinja
