|j|☆Poke_Gamer_Devil
|j|‽Pokeashbattle
|t:|1641624190
|gametype|singles
|player|p1|Poke_Gamer_Devil|hilbert|
|player|p2|Pokeashbattle|ethan|
|teamsize|p1|6
|teamsize|p2|6
|gen|8
|tier|[Gen 8] National Dex AG
|rule|HP Percentage Mod: HP is shown in percentages
|rule|Endless Battle Clause: Forcing endless battles is banned
|clearpoke
|poke|p1|Zacian-*|
|poke|p1|Calyrex-Shadow|
|poke|p1|Kyogre|
|poke|p1|Marshadow|
|poke|p1|Yveltal|
|poke|p1|Shuckle, L1, M|
|poke|p2|Ninjask, F|
|poke|p2|Drifblim, F|
|poke|p2|Hatterene, F|
|poke|p2|Bellossom, F|
|poke|p2|Dubwool, F|
|poke|p2|Jigglypuff, F|
|teampreview
|inactive|Battle timer is ON: inactive players will automatically lose when time's up. (requested by Pokeashbattle)
|inactive|Poke_Gamer_Devil also wants the timer to be on.
|
|t:|1641624195
|start
|switch|p1a: God of death|Yveltal, shiny|100/100
|switch|p2a: Ninjask|Ninjask, F|100/100
|-ability|p1a: God of death|Dark Aura
|turn|1
|
|t:|1641624200
|move|p2a: Ninjask|Protect|p2a: Ninjask
|-singleturn|p2a: Ninjask|Protect
|move|p1a: God of death|Knock Off|p2a: Ninjask
|-activate|p2a: Ninjask|move: Protect
|
|-ability|p2a: Ninjask|Speed Boost|boost
|-boost|p2a: Ninjask|spe|1
|upkeep
|turn|2
|
|t:|1641624206
|move|p2a: Ninjask|Substitute|p2a: Ninjask
|-start|p2a: Ninjask|Substitute
|-damage|p2a: Ninjask|76/100
|move|p1a: God of death|Dual Wingbeat|p2a: Ninjask
|-supereffective|p2a: Ninjask
|-end|p2a: Ninjask|Substitute
|-supereffective|p2a: Ninjask
|-damage|p2a: Ninjask|0 fnt
|faint|p2a: Ninjask
|-hitcount|p2: Ninjask|2
|-damage|p1a: God of death|91/100|[from] item: Life Orb
|
|upkeep
|
|t:|1641624218
|switch|p2a: Dubwool|Dubwool, F|100/100
|turn|3
|
|t:|1641624224
|move|p1a: God of death|Knock Off|p2a: Dubwool
|-damage|p2a: Dubwool|60/100
|-enditem|p2a: Dubwool|Leftovers|[from] move: Knock Off|[of] p1a: God of death
|-damage|p1a: God of death|81/100|[from] item: Life Orb
|move|p2a: Dubwool|Cotton Guard|p2a: Dubwool
|-boost|p2a: Dubwool|def|3
|
|upkeep
|turn|4
|
|t:|1641624234
|switch|p1a: Shadow rider|Calyrex-Shadow|100/100
|-ability|p1a: Shadow rider|As One
|-ability|p1a: Shadow rider|Unnerve
|move|p2a: Dubwool|Protect||[still]
|-fail|p2a: Dubwool
|
|upkeep
|turn|5
|
|t:|1641624243
|move|p2a: Dubwool|Protect|p2a: Dubwool
|-singleturn|p2a: Dubwool|Protect
|move|p1a: Shadow rider|Nasty Plot|p1a: Shadow rider
|-boost|p1a: Shadow rider|spa|2
|
|upkeep
|turn|6
|
|t:|1641624248
|move|p1a: Shadow rider|Taunt|p2a: Dubwool
|-start|p2a: Dubwool|move: Taunt
|cant|p2a: Dubwool|move: Taunt|Substitute
|
|upkeep
|turn|7
|
|t:|1641624254
|move|p1a: Shadow rider|Nasty Plot|p1a: Shadow rider
|-boost|p1a: Shadow rider|spa|2
|-activate|p2a: Dubwool|move: Struggle
|move|p2a: Dubwool|Struggle|p1a: Shadow rider
|-damage|p1a: Shadow rider|92/100
|-damage|p2a: Dubwool|35/100|[from] recoil
|
|upkeep
|turn|8
|
|t:|1641624261
|switch|p2a: Bellossom|Bellossom, F|100/100
|move|p1a: Shadow rider|Draining Kiss|p2a: Bellossom
|-damage|p2a: Bellossom|39/100
|-heal|p1a: Shadow rider|100/100|[from] drain|[of] p2a: Bellossom
|
|-heal|p2a: Bellossom|45/100|[from] item: Leftovers
|upkeep
|turn|9
|
|t:|1641624267
|move|p1a: Shadow rider|Astral Barrage|p2a: Bellossom
|-damage|p2a: Bellossom|0 fnt
|faint|p2a: Bellossom
|-ability|p1a: Shadow rider|Grim Neigh|boost
|-boost|p1a: Shadow rider|spa|1
|
|upkeep
|
|t:|1641624271
|switch|p2a: Jigglypuff|Jigglypuff, F|100/100
|turn|10
|
|t:|1641624276
|move|p1a: Shadow rider|Taunt|p2a: Jigglypuff
|-start|p2a: Jigglypuff|move: Taunt
|cant|p2a: Jigglypuff|move: Taunt|Substitute
|
|upkeep
|turn|11
|
|t:|1641624282
|move|p1a: Shadow rider|Nasty Plot|p1a: Shadow rider
|-boost|p1a: Shadow rider|spa|1
|move|p2a: Jigglypuff|Flamethrower|p1a: Shadow rider
|-damage|p1a: Shadow rider|84/100
|
|upkeep
|turn|12
|
|t:|1641624289
|move|p1a: Shadow rider|Draining Kiss|p2a: Jigglypuff
|-damage|p2a: Jigglypuff|0 fnt
|-heal|p1a: Shadow rider|100/100|[from] drain|[of] p2a: Jigglypuff
|faint|p2a: Jigglypuff
|
|upkeep
|
|t:|1641624293
|switch|p2a: Drifblim|Drifblim, F|100/100
|turn|13
|
|t:|1641624297
|move|p1a: Shadow rider|Astral Barrage|p2a: Drifblim
|-supereffective|p2a: Drifblim
|-damage|p2a: Drifblim|0 fnt
|faint|p2a: Drifblim
|
|upkeep
|
|t:|1641624301
|switch|p2a: Hatterene|Hatterene, F|100/100
|turn|14
|
|t:|1641624305
|move|p1a: Shadow rider|Astral Barrage|p2a: Hatterene
|-supereffective|p2a: Hatterene
|-damage|p2a: Hatterene|0 fnt
|faint|p2a: Hatterene
|
|upkeep
|
|t:|1641624309
|switch|p2a: Dubwool|Dubwool, F|35/100
|turn|15
|
|t:|1641624311
|move|p1a: Shadow rider|Draining Kiss|p2a: Dubwool
|-damage|p2a: Dubwool|3/100
|move|p2a: Dubwool|Cotton Guard|p2a: Dubwool
|-boost|p2a: Dubwool|def|3
|
|upkeep
|turn|16
|
|t:|1641624316
|move|p2a: Dubwool|Protect|p2a: Dubwool
|-singleturn|p2a: Dubwool|Protect
|move|p1a: Shadow rider|Draining Kiss|p2a: Dubwool
|-activate|p2a: Dubwool|move: Protect
|
|upkeep
|turn|17
|
|t:|1641624321
|move|p1a: Shadow rider|Draining Kiss|p2a: Dubwool
|-damage|p2a: Dubwool|0 fnt
|faint|p2a: Dubwool
|
|win|Poke_Gamer_Devil
