|j|☆Pyro Blitz pp
|j|☆1WeedBeard
|player|p1|Pyro Blitz pp|palmer|1216
|player|p2|1WeedBeard|lusamine-nihilego|1389
|teamsize|p1|6
|teamsize|p2|6
|gametype|singles
|gen|8
|tier|[Gen 8] National Dex AG
|rated|
|clearpoke
|poke|p1|Greninja, M|
|poke|p1|Gyarados, M|
|poke|p1|Swampert, M|
|poke|p1|Pelipper, F|
|poke|p1|Blastoise, M|
|poke|p1|Inteleon, F|
|poke|p2|Xerneas|
|poke|p2|Arceus-*|
|poke|p2|Marshadow|
|poke|p2|Groudon|
|poke|p2|Blaziken, F|
|poke|p2|Smeargle, F|
|rule|HP Percentage Mod: HP is shown in percentages
|rule|Endless Battle Clause: Forcing endless battles is banned
|teampreview
|inactive|Battle timer is ON: inactive players will automatically lose when time's up. (requested by 1WeedBeard)
|
|start
|switch|p1a: Snipe Hydro|Inteleon, F|100/100
|switch|p2a: Smeargle|Smeargle, F|100/100
|turn|1
|
|-start|p1a: Snipe Hydro|Dynamax
|-heal|p1a: Snipe Hydro|100/100|[silent]
|move|p1a: Snipe Hydro|Max Hailstorm|p2a: Smeargle
|-enditem|p2a: Smeargle|Focus Sash
|-damage|p2a: Smeargle|1/100
|-weather|Hail
|-damage|p1a: Snipe Hydro|96/100|[from] item: Life Orb
|move|p2a: Smeargle|Spore|p1a: Snipe Hydro
|-status|p1a: Snipe Hydro|slp|[from] move: Spore
|
|-weather|Hail|[upkeep]
|-damage|p1a: Snipe Hydro|92/100 slp|[from] Hail
|-damage|p2a: Smeargle|0 fnt|[from] Hail
|faint|p2a: Smeargle
|upkeep
|
|switch|p2a: Agumon|Groudon, shiny|100/100
|detailschange|p2a: Agumon|Groudon-Primal, shiny
|-primal|p2a: Agumon
|-weather|DesolateLand|[from] ability: Desolate Land|[of] p2a: Agumon
|turn|2
|
|-weather|none
|switch|p2a: Stanislaw Ponte Pr|Marshadow|100/100
|cant|p1a: Snipe Hydro|slp
|
|upkeep
|turn|3
|
|move|p2a: Stanislaw Ponte Pr|Low Sweep|p1a: Snipe Hydro
|-damage|p1a: Snipe Hydro|62/100 slp
|-unboost|p1a: Snipe Hydro|spe|1
|cant|p1a: Snipe Hydro|slp
|
|-end|p1a: Snipe Hydro|Dynamax
|-heal|p1a: Snipe Hydro|62/100 slp|[silent]
|upkeep
|turn|4
|
|move|p2a: Stanislaw Ponte Pr|Bulk Up|p2a: Stanislaw Ponte Pr
|-boost|p2a: Stanislaw Ponte Pr|atk|1
|-boost|p2a: Stanislaw Ponte Pr|def|1
|-curestatus|p1a: Snipe Hydro|slp|[msg]
|move|p1a: Snipe Hydro|Shadow Ball|p2a: Stanislaw Ponte Pr
|-supereffective|p2a: Stanislaw Ponte Pr
|-damage|p2a: Stanislaw Ponte Pr|14/100
|-damage|p1a: Snipe Hydro|52/100|[from] item: Life Orb
|
|upkeep
|turn|5
|
|-start|p2a: Stanislaw Ponte Pr|Dynamax
|-heal|p2a: Stanislaw Ponte Pr|14/100|[silent]
|move|p2a: Stanislaw Ponte Pr|Max Knuckle|p1a: Snipe Hydro
|-damage|p1a: Snipe Hydro|0 fnt
|-boost|p2a: Stanislaw Ponte Pr|atk|1
|faint|p1a: Snipe Hydro
|
|upkeep
|
|switch|p1a: Hydro Shuriken|Greninja, M|100/100
|turn|6
|
|move|p1a: Hydro Shuriken|Water Shuriken|p2a: Stanislaw Ponte Pr
|-damage|p2a: Stanislaw Ponte Pr|8/100
|-damage|p2a: Stanislaw Ponte Pr|3/100
|-damage|p2a: Stanislaw Ponte Pr|0 fnt
|-hitcount|p2a: Stanislaw Ponte Pr|3
|-damage|p1a: Hydro Shuriken|91/100|[from] item: Life Orb
|faint|p2a: Stanislaw Ponte Pr
|-activate|p1a: Hydro Shuriken|ability: Battle Bond
|detailschange|p1a: Hydro Shuriken|Greninja-Ash, M
|
|upkeep
|
|switch|p2a: Agumon|Groudon-Primal, shiny|100/100
|-weather|DesolateLand|[from] ability: Desolate Land|[of] p2a: Agumon
|turn|7
|
|move|p1a: Hydro Shuriken|Dark Pulse|p2a: Agumon
|-damage|p2a: Agumon|41/100
|-damage|p1a: Hydro Shuriken|81/100|[from] item: Life Orb
|move|p2a: Agumon|Thunder Punch|p1a: Hydro Shuriken
|-supereffective|p1a: Hydro Shuriken
|-damage|p1a: Hydro Shuriken|0 fnt
|faint|p1a: Hydro Shuriken
|
|-weather|DesolateLand|[upkeep]
|upkeep
|
|switch|p1a: Mega Hydro Pledge|Swampert, M|100/100
|turn|8
|
|detailschange|p1a: Mega Hydro Pledge|Swampert-Mega, M
|-mega|p1a: Mega Hydro Pledge|Swampert|Swampertite
|move|p1a: Mega Hydro Pledge|Earthquake|p2a: Agumon
|-supereffective|p2a: Agumon
|-damage|p2a: Agumon|0 fnt
|faint|p2a: Agumon
|-weather|none
|
|upkeep
|
|switch|p2a: Blaziken|Blaziken, F, shiny|100/100
|turn|9
|
|switch|p1a: Aerial Drizzle|Pelipper, F|100/100
|-weather|RainDance|[from] ability: Drizzle|[of] p1a: Aerial Drizzle
|move|p2a: Blaziken|Protect||[still]
|-fail|p2a: Blaziken
|
|-weather|RainDance|[upkeep]
|-ability|p2a: Blaziken|Speed Boost|boost
|-boost|p2a: Blaziken|spe|1
|upkeep
|turn|10
|
|move|p2a: Blaziken|Protect|p2a: Blaziken
|-singleturn|p2a: Blaziken|Protect
|move|p1a: Aerial Drizzle|Hurricane|p2a: Blaziken
|-activate|p2a: Blaziken|move: Protect
|
|-weather|RainDance|[upkeep]
|-ability|p2a: Blaziken|Speed Boost|boost
|-boost|p2a: Blaziken|spe|1
|upkeep
|turn|11
|
|move|p2a: Blaziken|Bulk Up|p2a: Blaziken
|-boost|p2a: Blaziken|atk|1
|-boost|p2a: Blaziken|def|1
|move|p1a: Aerial Drizzle|Hurricane|p2a: Blaziken
|-supereffective|p2a: Blaziken
|-damage|p2a: Blaziken|4/100
|-start|p2a: Blaziken|confusion
|
|-weather|RainDance|[upkeep]
|-ability|p2a: Blaziken|Speed Boost|boost
|-boost|p2a: Blaziken|spe|1
|upkeep
|turn|12
|
|-activate|p2a: Blaziken|confusion
|-damage|p2a: Blaziken|0 fnt|[from] confusion
|faint|p2a: Blaziken
|move|p1a: Aerial Drizzle|Hurricane|p2: Blaziken|[notarget]
|-fail|p1a: Aerial Drizzle
|
|-weather|RainDance|[upkeep]
|upkeep
|
|switch|p2a: Arceus-Normal|Arceus-Ghost|100/100
|turn|13
|
|move|p2a: Arceus-Normal|Shadow Force||[still]
|-prepare|p2a: Arceus-Normal|Shadow Force|p1a: Aerial Drizzle
|move|p1a: Aerial Drizzle|Hurricane|p2a: Arceus-Normal|[miss]
|-miss|p1a: Aerial Drizzle|p2a: Arceus-Normal
|
|-weather|none
|upkeep
|turn|14
|
|move|p2a: Arceus-Normal|Shadow Force|p1a: Aerial Drizzle|[from]lockedmove
|-damage|p1a: Aerial Drizzle|46/100
|move|p1a: Aerial Drizzle|Hurricane|p2a: Arceus-Normal
|-damage|p2a: Arceus-Normal|75/100
|-start|p2a: Arceus-Normal|confusion
|
|-heal|p1a: Aerial Drizzle|53/100|[from] item: Leftovers
|upkeep
|turn|15
|
|switch|p1a: Blastoise|Blastoise, M|100/100
|-activate|p2a: Arceus-Normal|confusion
|move|p2a: Arceus-Normal|Shadow Force||[still]
|-prepare|p2a: Arceus-Normal|Shadow Force|p1a: Blastoise
|
|upkeep
|turn|16
|
|-activate|p2a: Arceus-Normal|confusion
|move|p2a: Arceus-Normal|Shadow Force|p1a: Blastoise|[from]lockedmove
|-damage|p1a: Blastoise|13/100
|move|p1a: Blastoise|Shell Smash|p1a: Blastoise
|-unboost|p1a: Blastoise|def|1
|-unboost|p1a: Blastoise|spd|1
|-boost|p1a: Blastoise|atk|2
|-boost|p1a: Blastoise|spa|2
|-boost|p1a: Blastoise|spe|2
|-enditem|p1a: Blastoise|White Herb
|-clearnegativeboost|p1a: Blastoise|[silent]
|
|upkeep
|turn|17
|
|-activate|p2a: Arceus-Normal|confusion
|move|p2a: Arceus-Normal|Extreme Speed|p1a: Blastoise
|-damage|p1a: Blastoise|0 fnt
|faint|p1a: Blastoise
|
|upkeep
|
|switch|p1a: Mega Moxie Rage|Gyarados, M|100/100
|turn|18
|
|-end|p2a: Arceus-Normal|confusion
|move|p2a: Arceus-Normal|Shadow Force||[still]
|-prepare|p2a: Arceus-Normal|Shadow Force|p1a: Mega Moxie Rage
|move|p1a: Mega Moxie Rage|Dragon Dance|p1a: Mega Moxie Rage
|-boost|p1a: Mega Moxie Rage|atk|1
|-boost|p1a: Mega Moxie Rage|spe|1
|
|upkeep
|turn|19
|
|move|p1a: Mega Moxie Rage|Bounce||[still]
|-prepare|p1a: Mega Moxie Rage|Bounce|p2a: Arceus-Normal
|move|p2a: Arceus-Normal|Shadow Force|p1a: Mega Moxie Rage|[from]lockedmove|[miss]
|-miss|p2a: Arceus-Normal|p1a: Mega Moxie Rage
|
|upkeep
|turn|20
|
|move|p1a: Mega Moxie Rage|Bounce|p2a: Arceus-Normal|[from]lockedmove
|-damage|p2a: Arceus-Normal|27/100
|-status|p2a: Arceus-Normal|par
|move|p2a: Arceus-Normal|Shadow Force||[still]
|-prepare|p2a: Arceus-Normal|Shadow Force|p1a: Mega Moxie Rage
|
|upkeep
|turn|21
|
|move|p1a: Mega Moxie Rage|Bounce||[still]
|-prepare|p1a: Mega Moxie Rage|Bounce|p2a: Arceus-Normal
|move|p2a: Arceus-Normal|Shadow Force|p1a: Mega Moxie Rage|[from]lockedmove|[miss]
|-miss|p2a: Arceus-Normal|p1a: Mega Moxie Rage
|
|upkeep
|turn|22
|
|cant|p2a: Arceus-Normal|par
|move|p1a: Mega Moxie Rage|Bounce|p2a: Arceus-Normal|[from]lockedmove
|-damage|p2a: Arceus-Normal|0 fnt
|faint|p2a: Arceus-Normal
|-ability|p1a: Mega Moxie Rage|Moxie|boost
|-boost|p1a: Mega Moxie Rage|atk|1
|
|upkeep
|
|switch|p2a: Mr Bungle|Xerneas, shiny|100/100
|-ability|p2a: Mr Bungle|Fairy Aura
|turn|23
|
|-zpower|p1a: Mega Moxie Rage
|move|p1a: Mega Moxie Rage|Supersonic Skystrike|p2a: Mr Bungle|[zeffect]
|-damage|p2a: Mr Bungle|0 fnt
|faint|p2a: Mr Bungle
|
|win|Pyro Blitz pp
|raw|Pyro Blitz pp's rating: 1216 &rarr; <strong>1253</strong><br />(+37 for winning)
|raw|1WeedBeard's rating: 1389 &rarr; <strong>1360</strong><br />(-29 for losing)
|l|☆1WeedBeard
