|j|☆spicyntegral
|j|☆CLEAR GEM清瑜
|t:|1663153871
|gametype|singles
|player|p1|spicyntegral|n|1570
|player|p2|CLEAR GEM清瑜|skierf|1819
|teamsize|p1|6
|teamsize|p2|6
|gen|8
|tier|[Gen 8] National Dex AG
|rated|
|rule|HP Percentage Mod: HP is shown in percentages
|rule|Endless Battle Clause: Forcing endless battles is banned
|clearpoke
|poke|p1|Kangaskhan, F|
|poke|p1|Smeargle, F|
|poke|p1|Vivillon-Ocean, F|
|poke|p1|Eternatus|
|poke|p1|Shaymin-Sky|
|poke|p1|Necrozma-Dusk-Mane|
|poke|p2|Rayquaza|
|poke|p2|Groudon|
|poke|p2|Necrozma-Dusk-Mane|
|poke|p2|Arceus-*|
|poke|p2|Zacian-*|
|poke|p2|Yveltal|
|teampreview
|
|t:|1663153889
|start
|switch|p1a: Smeargle|Smeargle, F|100/100
|switch|p2a: 不会(?)|Groudon|100/100
|detailschange|p2a: 不会(?)|Groudon-Primal
|-primal|p2a: 不会(?)
|-weather|DesolateLand|[from] ability: Desolate Land|[of] p2a: 不会(?)
|turn|1
|
|t:|1663153897
|move|p1a: Smeargle|Spore|p2a: 不会(?)
|-status|p2a: 不会(?)|slp|[from] move: Spore
|cant|p2a: 不会(?)|slp
|
|-weather|DesolateLand|[upkeep]
|-ability|p1a: Smeargle|Moody|boost
|-boost|p1a: Smeargle|atk|2
|-unboost|p1a: Smeargle|spe|1
|upkeep
|turn|2
|
|t:|1663153906
|move|p1a: Smeargle|Sticky Web|p2a: 不会(?)
|-sidestart|p2: CLEAR GEM清瑜|move: Sticky Web
|-curestatus|p2a: 不会(?)|slp|[msg]
|move|p2a: 不会(?)|Roar|p1a: Smeargle
|drag|p1a: Eternatus|Eternatus|100/100
|-ability|p1a: Eternatus|Pressure
|
|-weather|DesolateLand|[upkeep]
|upkeep
|turn|3
|
|t:|1663153913
|move|p1a: Eternatus|Dynamax Cannon|p2a: 不会(?)
|-damage|p2a: 不会(?)|30/100
|-damage|p1a: Eternatus|91/100|[from] item: Life Orb
|move|p2a: 不会(?)|Stealth Rock|p1a: Eternatus
|-sidestart|p1: spicyntegral|move: Stealth Rock
|
|-weather|DesolateLand|[upkeep]
|upkeep
|turn|4
|
|t:|1663153919
|move|p1a: Eternatus|Dynamax Cannon|p2a: 不会(?)
|-crit|p2a: 不会(?)
|-damage|p2a: 不会(?)|0 fnt
|faint|p2a: 不会(?)
|-weather|none
|-damage|p1a: Eternatus|81/100|[from] item: Life Orb
|
|upkeep
|
|t:|1663153922
|switch|p2a: 老烈|Rayquaza, shiny|100/100
|-ability|p2a: 老烈|Air Lock
|turn|5
|
|t:|1663153927
|detailschange|p2a: 老烈|Rayquaza-Mega, shiny
|-mega|p2a: 老烈|Rayquaza|
|-weather|DeltaStream|[from] ability: Delta Stream|[of] p2a: 老烈
|move|p1a: Eternatus|Dynamax Cannon|p2a: 老烈
|-supereffective|p2a: 老烈
|-enditem|p2a: 老烈|Focus Sash
|-damage|p2a: 老烈|1/100
|-damage|p1a: Eternatus|71/100|[from] item: Life Orb
|move|p2a: 老烈|Earthquake|p1a: Eternatus
|-supereffective|p1a: Eternatus
|-crit|p1a: Eternatus
|-damage|p1a: Eternatus|0 fnt
|faint|p1a: Eternatus
|
|-weather|DeltaStream|[upkeep]
|upkeep
|
|t:|1663153939
|switch|p1a: Kangaskhan|Kangaskhan, F|100/100
|-damage|p1a: Kangaskhan|88/100|[from] Stealth Rock
|turn|6
|
|t:|1663153943
|detailschange|p1a: Kangaskhan|Kangaskhan-Mega, F
|-mega|p1a: Kangaskhan|Kangaskhan|Kangaskhanite
|move|p1a: Kangaskhan|Fake Out|p2a: 老烈
|-damage|p2a: 老烈|0 fnt
|faint|p2a: 老烈
|-weather|none
|-hitcount|p2: 老烈|1
|
|upkeep
|
|t:|1663153949
|switch|p2a: Y鸟|Yveltal|100/100
|-ability|p2a: Y鸟|Dark Aura
|turn|7
|
|t:|1663153955
|-start|p2a: Y鸟|Dynamax|
|-heal|p2a: Y鸟|100/100|[silent]
|move|p1a: Kangaskhan|Body Slam|p2a: Y鸟
|-damage|p2a: Y鸟|80/100
|-damage|p2a: Y鸟|76/100
|-hitcount|p2a: Y鸟|2
|move|p2a: Y鸟|Max Airstream|p1a: Kangaskhan
|-crit|p1a: Kangaskhan
|-damage|p1a: Kangaskhan|0 fnt
|-boost|p2a: Y鸟|spe|1
|faint|p1a: Kangaskhan
|-damage|p2a: Y鸟|71/100|[from] item: Life Orb
|
|upkeep
|
|t:|1663153977
|switch|p1a: Shaymin|Shaymin-Sky|100/100
|-damage|p1a: Shaymin|76/100|[from] Stealth Rock
|turn|8
|
|t:|1663153982
|-start|p1a: Shaymin|Dynamax|
|-heal|p1a: Shaymin|76/100|[silent]
|move|p1a: Shaymin|Max Guard|p1a: Shaymin
|-singleturn|p1a: Shaymin|Max Guard
|move|p2a: Y鸟|Max Airstream|p1a: Shaymin
|-activate|p1a: Shaymin|move: Max Guard
|
|upkeep
|turn|9
|
|t:|1663153990
|move|p2a: Y鸟|Max Airstream|p1a: Shaymin
|-supereffective|p1a: Shaymin
|-damage|p1a: Shaymin|0 fnt
|-boost|p2a: Y鸟|spe|1
|faint|p1a: Shaymin
|-damage|p2a: Y鸟|66/100|[from] item: Life Orb
|
|upkeep
|
|t:|1663154001
|switch|p1a: Necrozma|Necrozma-Dusk-Mane|100/100
|-damage|p1a: Necrozma|95/100|[from] Stealth Rock
|-end|p2a: Y鸟|Dynamax
|-heal|p2a: Y鸟|66/100|[silent]
|turn|10
|
|t:|1663154008
|move|p2a: Y鸟|Dark Pulse|p1a: Necrozma
|-supereffective|p1a: Necrozma
|-damage|p1a: Necrozma|0 fnt
|faint|p1a: Necrozma
|-damage|p2a: Y鸟|56/100|[from] item: Life Orb
|
|upkeep
|-message|spicyntegral forfeited.
|
|win|CLEAR GEM清瑜
|raw|spicyntegral's rating: 1570 &rarr; <strong>1562</strong><br />(-8 for losing)
|raw|CLEAR GEM清瑜's rating: 1819 &rarr; <strong>1827</strong><br />(+8 for winning)
|l|☆spicyntegral
||Ladder isn't responding, score probably updated but might not have (Request timeout).
