|j|☆JesuinulanstrateEx
|j|☆soda49
|t:|1642210150
|gametype|singles
|player|p1|JesuinulanstrateEx|cress|1475
|player|p2|soda49|1|1663
|teamsize|p1|6
|teamsize|p2|6
|gen|8
|tier|[Gen 8] National Dex AG
|rated|
|rule|HP Percentage Mod: HP is shown in percentages
|rule|Endless Battle Clause: Forcing endless battles is banned
|clearpoke
|poke|p1|Zacian-*|
|poke|p1|Deoxys-Attack|
|poke|p1|Rayquaza|
|poke|p1|Calyrex-Shadow|
|poke|p1|Ditto|
|poke|p1|Necrozma-Dusk-Mane|
|poke|p2|Smeargle, F|
|poke|p2|Charizard, F|
|poke|p2|Mimikyu, M|
|poke|p2|Thundurus, M|
|poke|p2|Calyrex-Shadow|
|poke|p2|Yveltal|
|teampreview
|inactive|Battle timer is ON: inactive players will automatically lose when time's up. (requested by soda49)
|
|t:|1642210166
|start
|switch|p1a: Necrozma|Necrozma-Dusk-Mane|100/100
|switch|p2a: Charizard|Charizard, F|100/100
|turn|1
|
|t:|1642210173
|-start|p2a: Charizard|Dynamax
|-formechange|p2a: Charizard|Charizard-Gmax
|-heal|p2a: Charizard|100/100|[silent]
|move|p2a: Charizard|G-Max Wildfire|p1a: Necrozma
|-supereffective|p1a: Necrozma
|-damage|p1a: Necrozma|22/100
|-sidestart|p1: JesuinulanstrateEx|G-Max Wildfire
|move|p1a: Necrozma|Stealth Rock|p2a: Charizard
|-sidestart|p2: soda49|move: Stealth Rock
|
|-damage|p1a: Necrozma|6/100|[from] G-Max Wildfire
|upkeep
|turn|2
|
|t:|1642210186
|move|p2a: Charizard|Max Airstream|p1a: Necrozma
|-resisted|p1a: Necrozma
|-damage|p1a: Necrozma|0 fnt
|-boost|p2a: Charizard|spe|1
|faint|p1a: Necrozma
|
|upkeep
|
|t:|1642210204
|switch|p1a: Deoxys|Deoxys-Attack|100/100
|-ability|p1a: Deoxys|Pressure
|turn|3
|
|t:|1642210211
|move|p1a: Deoxys|Extreme Speed|p2a: Charizard
|-damage|p2a: Charizard|82/100
|move|p2a: Charizard|G-Max Wildfire|p1a: Deoxys
|-damage|p1a: Deoxys|0 fnt
|faint|p1a: Deoxys
|
|-end|p2a: Charizard|Dynamax
|-formechange|p2a: Charizard|Charizard
|-heal|p2a: Charizard|82/100|[silent]
|upkeep
|
|t:|1642210214
|switch|p1a: Ditto|Ditto|100/100
|-transform|p1a: Ditto|p2a: Charizard|[from] ability: Imposter
|turn|4
|
|t:|1642210218
|move|p1a: Ditto|Air Slash|p2a: Charizard
|-damage|p2a: Charizard|35/100
|move|p2a: Charizard|Air Slash|p1a: Ditto
|-damage|p1a: Ditto|54/100
|
|-sideend|p1: JesuinulanstrateEx|G-Max Wildfire
|upkeep
|turn|5
|
|t:|1642210225
|move|p1a: Ditto|Air Slash|p2a: Charizard
|-damage|p2a: Charizard|0 fnt
|faint|p2a: Charizard
|
|upkeep
|
|t:|1642210232
|switch|p2a: Mimikyu|Mimikyu, M|100/100
|-damage|p2a: Mimikyu|88/100|[from] Stealth Rock
|turn|6
|
|t:|1642210236
|switch|p1a: Zacian|Zacian-Crowned|100/100
|-ability|p1a: Zacian|Intrepid Sword|boost
|-boost|p1a: Zacian|atk|1
|move|p2a: Mimikyu|Trick Room|p2a: Mimikyu
|-fieldstart|move: Trick Room|[of] p2a: Mimikyu
|
|upkeep
|turn|7
|
|t:|1642210259
|move|p2a: Mimikyu|Curse|p1a: Zacian
|-start|p1a: Zacian|Curse|[of] p2a: Mimikyu
|-damage|p2a: Mimikyu|38/100
|move|p1a: Zacian|Behemoth Blade|p2a: Mimikyu
|-activate|p2a: Mimikyu|ability: Disguise
|-damage|p2a: Mimikyu|38/100
|detailschange|p2a: Mimikyu|Mimikyu-Busted, M
|-damage|p2a: Mimikyu|26/100|[from] pokemon: Mimikyu-Busted
|
|-damage|p1a: Zacian|76/100|[from] Curse
|upkeep
|turn|8
|
|t:|1642210276
|switch|p1a: Rayquaza|Rayquaza|100/100
|-ability|p1a: Rayquaza|Air Lock
|-zpower|p2a: Mimikyu
|move|p2a: Mimikyu|Let's Snuggle Forever|p1a: Rayquaza|[zeffect]
|-supereffective|p1a: Rayquaza
|-damage|p1a: Rayquaza|0 fnt
|faint|p1a: Rayquaza
|
|upkeep
|
|t:|1642210288
|switch|p1a: Ditto|Ditto|54/100
|-transform|p1a: Ditto|p2a: Mimikyu|[from] ability: Imposter
|turn|9
|
|t:|1642210301
|move|p2a: Mimikyu|Destiny Bond|p2a: Mimikyu
|-singlemove|p2a: Mimikyu|Destiny Bond
|move|p1a: Ditto|Play Rough|p2a: Mimikyu
|-damage|p2a: Mimikyu|0 fnt
|faint|p2a: Mimikyu
|-activate|p2a: Mimikyu|move: Destiny Bond
|faint|p1a: Ditto
|
|upkeep
|
|t:|1642210310
|switch|p1a: Zacian|Zacian-Crowned|76/100
|switch|p2a: The wobbler|Smeargle, F|100/100
|-damage|p2a: The wobbler|88/100|[from] Stealth Rock
|-ability|p1a: Zacian|Intrepid Sword|boost
|-boost|p1a: Zacian|atk|1
|turn|10
|
|t:|1642210316
|move|p2a: The wobbler|Spore|p1a: Zacian
|-status|p1a: Zacian|slp|[from] move: Spore
|cant|p1a: Zacian|slp
|
|-heal|p2a: The wobbler|94/100|[from] item: Leftovers
|-fieldend|move: Trick Room
|-ability|p2a: The wobbler|Moody|boost
|-boost|p2a: The wobbler|atk|2
|-unboost|p2a: The wobbler|spd|1
|upkeep
|turn|11
|
|t:|1642210318
|cant|p1a: Zacian|slp
|move|p2a: The wobbler|Substitute|p2a: The wobbler
|-start|p2a: The wobbler|Substitute
|-damage|p2a: The wobbler|69/100
|
|-heal|p2a: The wobbler|75/100|[from] item: Leftovers
|-ability|p2a: The wobbler|Moody|boost
|-boost|p2a: The wobbler|atk|2
|-unboost|p2a: The wobbler|spa|1
|upkeep
|turn|12
|
|t:|1642210320
|cant|p1a: Zacian|slp
|move|p2a: The wobbler|Shell Smash|p2a: The wobbler
|-unboost|p2a: The wobbler|def|1
|-unboost|p2a: The wobbler|spd|1
|-boost|p2a: The wobbler|atk|2
|-boost|p2a: The wobbler|spa|2
|-boost|p2a: The wobbler|spe|2
|
|-heal|p2a: The wobbler|81/100|[from] item: Leftovers
|-ability|p2a: The wobbler|Moody|boost
|-boost|p2a: The wobbler|def|2
|-unboost|p2a: The wobbler|spd|1
|upkeep
|turn|13
|
|t:|1642210322
|move|p2a: The wobbler|Shell Smash|p2a: The wobbler
|-unboost|p2a: The wobbler|def|1
|-unboost|p2a: The wobbler|spd|1
|-boost|p2a: The wobbler|atk|0
|-boost|p2a: The wobbler|spa|2
|-boost|p2a: The wobbler|spe|2
|-curestatus|p1a: Zacian|slp|[msg]
|move|p1a: Zacian|Behemoth Blade|p2a: The wobbler
|-end|p2a: The wobbler|Substitute
|
|-heal|p2a: The wobbler|87/100|[from] item: Leftovers
|-ability|p2a: The wobbler|Moody|boost
|-boost|p2a: The wobbler|spd|2
|-unboost|p2a: The wobbler|spe|1
|upkeep
|turn|14
|
|t:|1642210329
|move|p2a: The wobbler|Spore|p1a: Zacian
|-status|p1a: Zacian|slp|[from] move: Spore
|cant|p1a: Zacian|slp
|
|-heal|p2a: The wobbler|93/100|[from] item: Leftovers
|-ability|p2a: The wobbler|Moody|boost
|-boost|p2a: The wobbler|spa|2
|-unboost|p2a: The wobbler|atk|1
|upkeep
|turn|15
|
|t:|1642210332
|move|p2a: The wobbler|Substitute|p2a: The wobbler
|-start|p2a: The wobbler|Substitute
|-damage|p2a: The wobbler|69/100
|cant|p1a: Zacian|slp
|
|-heal|p2a: The wobbler|75/100|[from] item: Leftovers
|-ability|p2a: The wobbler|Moody|boost
|-boost|p2a: The wobbler|atk|1
|-unboost|p2a: The wobbler|spa|1
|upkeep
|turn|16
|
|t:|1642210337
|move|p2a: The wobbler|Power Trip|p1a: Zacian
|-resisted|p1a: Zacian
|-crit|p1a: Zacian
|-damage|p1a: Zacian|0 fnt
|faint|p1a: Zacian
|
|-heal|p2a: The wobbler|81/100|[from] item: Leftovers
|-ability|p2a: The wobbler|Moody|boost
|-boost|p2a: The wobbler|spd|2
|-unboost|p2a: The wobbler|spe|1
|upkeep
|
|t:|1642210342
|switch|p1a: Calyrex|Calyrex-Shadow|100/100
|-ability|p1a: Calyrex|As One
|-ability|p1a: Calyrex|Unnerve
|turn|17
|
|t:|1642210344
|move|p2a: The wobbler|Spore|p1a: Calyrex
|-status|p1a: Calyrex|slp|[from] move: Spore
|cant|p1a: Calyrex|slp
|
|-heal|p2a: The wobbler|87/100|[from] item: Leftovers
|-ability|p2a: The wobbler|Moody|boost
|-boost|p2a: The wobbler|def|2
|-unboost|p2a: The wobbler|atk|1
|upkeep
|turn|18
|-message|JesuinulanstrateEx forfeited.
|
|win|soda49
|raw|JesuinulanstrateEx's rating: 1475 &rarr; <strong>1465</strong><br />(-10 for losing)
|raw|soda49's rating: 1663 &rarr; <strong>1673</strong><br />(+10 for winning)
|l|☆JesuinulanstrateEx
