|j|☆Onoufrios
|j|☆DDhoe
|player|p1|Onoufrios|psychic-gen4|1714
|player|p2|DDhoe|265|1542
|teamsize|p1|6
|teamsize|p2|6
|gametype|singles
|gen|8
|tier|[Gen 8] National Dex AG
|rated|
|clearpoke
|poke|p1|Necrozma-Dusk-Mane|
|poke|p1|Arceus-*|
|poke|p1|Xerneas|
|poke|p1|Lugia|
|poke|p1|Zacian-Crowned|
|poke|p1|Groudon|
|poke|p2|Kyogre|
|poke|p2|Gengar, F|
|poke|p2|Arceus-*|
|poke|p2|Zacian-Crowned|
|poke|p2|Ho-Oh|
|poke|p2|Groudon|
|rule|HP Percentage Mod: HP is shown in percentages
|rule|Endless Battle Clause: Forcing endless battles is banned
|teampreview
|inactive|Battle timer is ON: inactive players will automatically lose when time's up. (requested by DDhoe)
|inactive|Onoufrios has 120 seconds left.
|
|start
|switch|p1a: Zacian|Zacian-Crowned|100/100
|switch|p2a: Arceus|Arceus-Ground|100/100
|-ability|p1a: Zacian|Intrepid Sword|boost
|-boost|p1a: Zacian|atk|1
|turn|1
|
|switch|p1a: Lugia|Lugia|100/100
|move|p2a: Arceus|Judgment|p1a: Lugia
|-immune|p1a: Lugia
|
|upkeep
|turn|2
|
|switch|p2a: Zacian|Zacian-Crowned|100/100
|-ability|p2a: Zacian|Intrepid Sword|boost
|-boost|p2a: Zacian|atk|1
|move|p1a: Lugia|Light Screen|p1a: Lugia
|-sidestart|p1: Onoufrios|move: Light Screen
|
|upkeep
|turn|3
|
|move|p2a: Zacian|Substitute|p2a: Zacian
|-start|p2a: Zacian|Substitute
|-damage|p2a: Zacian|76/100
|move|p1a: Lugia|Thunder Wave||[still]
|-fail|p1a: Lugia
|
|upkeep
|turn|4
|
|move|p2a: Zacian|Behemoth Blade|p1a: Lugia
|-damage|p1a: Lugia|77/100
|move|p1a: Lugia|Reflect|p1a: Lugia
|-sidestart|p1: Onoufrios|Reflect
|
|upkeep
|turn|5
|
|move|p2a: Zacian|Wild Charge|p1a: Lugia
|-supereffective|p1a: Lugia
|-crit|p1a: Lugia
|-damage|p1a: Lugia|0 fnt
|-damage|p2a: Zacian|51/100|[from] Recoil
|faint|p1a: Lugia
|
|upkeep
|j| bj949
|inactive|Onoufrios has 120 seconds left.
|inactive|Onoufrios has 90 seconds left.
|
|switch|p1a: Necrozma|Necrozma-Dusk-Mane|100/100
|turn|6
|inactive|Onoufrios has 90 seconds left.
|
|switch|p2a: Arceus|Arceus-Ground|100/100
|move|p1a: Necrozma|Dragon Dance|p1a: Necrozma
|-boost|p1a: Necrozma|atk|1
|-boost|p1a: Necrozma|spe|1
|
|upkeep
|turn|7
|
|detailschange|p1a: Necrozma|Necrozma-Ultra
|-burst|p1a: Necrozma|Necrozma|Ultranecrozium Z
|move|p1a: Necrozma|Photon Geyser|p2a: Arceus
|-damage|p2a: Arceus|51/100
|move|p2a: Arceus|Will-O-Wisp|p1a: Necrozma
|-status|p1a: Necrozma|brn
|
|-damage|p1a: Necrozma|94/100 brn|[from] brn
|upkeep
|turn|8
|
|move|p1a: Necrozma|Dragon Dance|p1a: Necrozma
|-boost|p1a: Necrozma|atk|1
|-boost|p1a: Necrozma|spe|1
|move|p2a: Arceus|Recover|p2a: Arceus
|-heal|p2a: Arceus|100/100
|
|-damage|p1a: Necrozma|88/100 brn|[from] brn
|upkeep
|turn|9
|
|switch|p2a: Groudon|Groudon|100/100
|detailschange|p2a: Groudon|Groudon-Primal
|-primal|p2a: Groudon
|-weather|DesolateLand|[from] ability: Desolate Land|[of] p2a: Groudon
|move|p1a: Necrozma|Dragon Dance|p1a: Necrozma
|-boost|p1a: Necrozma|atk|1
|-boost|p1a: Necrozma|spe|1
|
|-weather|DesolateLand|[upkeep]
|-damage|p1a: Necrozma|82/100 brn|[from] brn
|-sideend|p1: Onoufrios|move: Light Screen
|upkeep
|turn|10
|
|-zpower|p1a: Necrozma
|move|p1a: Necrozma|Light That Burns the Sky|p2a: Groudon|[zeffect]
|-damage|p2a: Groudon|8/100
|move|p2a: Groudon|Dragon Tail|p1a: Necrozma
|-supereffective|p1a: Necrozma
|-damage|p1a: Necrozma|62/100 brn
|drag|p1a: Xerneas|Xerneas|100/100
|-ability|p1a: Xerneas|Fairy Aura
|
|-weather|DesolateLand|[upkeep]
|upkeep
|turn|11
|
|move|p1a: Xerneas|Geomancy||[still]
|-prepare|p1a: Xerneas|Geomancy|p1a: Xerneas
|-enditem|p1a: Xerneas|Power Herb
|-anim|p1a: Xerneas|Geomancy|p1a: Xerneas
|-boost|p1a: Xerneas|spa|2
|-boost|p1a: Xerneas|spd|2
|-boost|p1a: Xerneas|spe|2
|move|p2a: Groudon|Toxic|p1a: Xerneas
|-status|p1a: Xerneas|tox
|
|-weather|DesolateLand|[upkeep]
|-damage|p1a: Xerneas|94/100 tox|[from] psn
|-sideend|p1: Onoufrios|Reflect
|upkeep
|turn|12
|
|move|p1a: Xerneas|Moonblast|p2a: Groudon
|-resisted|p2a: Groudon
|-damage|p2a: Groudon|0 fnt
|faint|p2a: Groudon
|-weather|none
|
|-damage|p1a: Xerneas|82/100 tox|[from] psn
|upkeep
|
|switch|p2a: Ho-Oh|Ho-Oh|100/100
|turn|13
|
|switch|p2a: Arceus|Arceus-Ground|100/100
|-start|p1a: Xerneas|Dynamax
|-heal|p1a: Xerneas|82/100 tox|[silent]
|move|p1a: Xerneas|Max Lightning|p2a: Arceus
|-immune|p2a: Arceus
|
|-damage|p1a: Xerneas|73/100 tox|[from] psn
|upkeep
|turn|14
|
|switch|p2a: Ho-Oh|Ho-Oh|100/100
|move|p1a: Xerneas|Max Starfall|p2a: Ho-Oh
|-resisted|p2a: Ho-Oh
|-damage|p2a: Ho-Oh|44/100
|-fieldstart|move: Misty Terrain
|
|-damage|p1a: Xerneas|61/100 tox|[from] psn
|upkeep
|turn|15
|
|switch|p2a: Zacian|Zacian-Crowned|51/100
|-ability|p2a: Zacian|Intrepid Sword|boost
|-boost|p2a: Zacian|atk|1
|move|p1a: Xerneas|Max Starfall|p2a: Zacian
|-resisted|p2a: Zacian
|-damage|p2a: Zacian|0 fnt
|faint|p2a: Zacian
|
|-damage|p1a: Xerneas|45/100 tox|[from] psn
|-end|p1a: Xerneas|Dynamax
|-heal|p1a: Xerneas|45/100 tox|[silent]
|upkeep
|
|switch|p2a: Kyogre|Kyogre|100/100
|detailschange|p2a: Kyogre|Kyogre-Primal
|-primal|p2a: Kyogre
|-weather|PrimordialSea|[from] ability: Primordial Sea|[of] p2a: Kyogre
|turn|16
|
|-weather|none
|switch|p2a: Arceus|Arceus-Ground|100/100
|move|p1a: Xerneas|Moonblast|p2a: Arceus
|-damage|p2a: Arceus|9/100
|
|-damage|p1a: Xerneas|8/100 tox|[from] psn
|upkeep
|turn|17
|
|switch|p2a: Ho-Oh|Ho-Oh|77/100
|move|p1a: Xerneas|Moonblast|p2a: Ho-Oh
|-resisted|p2a: Ho-Oh
|-damage|p2a: Ho-Oh|39/100
|
|-damage|p1a: Xerneas|0 fnt|[from] psn
|faint|p1a: Xerneas
|upkeep
|inactive|Onoufrios has 60 seconds left.
|
|switch|p1a: Zacian|Zacian-Crowned|100/100
|-ability|p1a: Zacian|Intrepid Sword|boost
|-boost|p1a: Zacian|atk|1
|turn|18
|
|move|p1a: Zacian|Wild Charge|p2a: Ho-Oh
|-supereffective|p2a: Ho-Oh
|-crit|p2a: Ho-Oh
|-damage|p2a: Ho-Oh|0 fnt
|-damage|p1a: Zacian|88/100|[from] Recoil
|faint|p2a: Ho-Oh
|
|-fieldend|Misty Terrain
|upkeep
|
|switch|p2a: Gengar|Gengar, F|100/100
|turn|19
|inactive|Onoufrios has 60 seconds left.
|
|detailschange|p2a: Gengar|Gengar-Mega, F
|-mega|p2a: Gengar|Gengar|Gengarite
|move|p1a: Zacian|Behemoth Blade|p2a: Gengar
|-damage|p2a: Gengar|0 fnt
|faint|p2a: Gengar
|
|upkeep
|-message|DDhoe forfeited.
|
|win|Onoufrios
|l|☆DDhoe
|raw|Onoufrios's rating: 1715 &rarr; <strong>1724</strong><br />(+9 for winning)
|raw|DDhoe's rating: 1520 &rarr; <strong>1510</strong><br />(-10 for losing)
|l|☆Onoufrios
