|j|☆BDcom
|j|☆chippytreatz
|t:|1651860247
|gametype|singles
|player|p1|BDcom|170|1702
|player|p2|chippytreatz|veteran|1867
|teamsize|p1|6
|teamsize|p2|6
|gen|8
|tier|[Gen 8] National Dex AG
|rated|
|rule|HP Percentage Mod: HP is shown in percentages
|rule|Endless Battle Clause: Forcing endless battles is banned
|clearpoke
|poke|p1|Shuckle, M|
|poke|p1|Zygarde|
|poke|p1|Quagsire, M|
|poke|p1|Arceus-*|
|poke|p1|Groudon|
|poke|p1|Marshadow|
|poke|p2|Zacian-*|
|poke|p2|Arceus-*|
|poke|p2|Arceus-*|
|poke|p2|Yveltal|
|poke|p2|Ditto|
|poke|p2|Necrozma-Dusk-Mane|
|teampreview
|
|t:|1651860258
|start
|switch|p1a: Shuckle|Shuckle, M|100/100
|switch|p2a: Arceus|Arceus-Ground|100/100
|turn|1
|
|t:|1651860262
|move|p2a: Arceus|Magic Coat|p2a: Arceus
|-singleturn|p2a: Arceus|move: Magic Coat
|move|p1a: Shuckle|Sticky Web|p2a: Arceus
|move|p2a: Arceus|Sticky Web|p1a: Shuckle|[from]Magic Coat
|-sidestart|p1: BDcom|move: Sticky Web
|
|upkeep
|turn|2
|
|t:|1651860266
|move|p2a: Arceus|Magic Coat|p2a: Arceus
|-singleturn|p2a: Arceus|move: Magic Coat
|move|p1a: Shuckle|Sticky Web|p2a: Arceus
|move|p2a: Arceus|Sticky Web||[from]Magic Coat|[still]
|-fail|p2a: Arceus
|
|upkeep
|turn|3
|
|t:|1651860271
|move|p2a: Arceus|Earth Power|p1a: Shuckle
|-damage|p1a: Shuckle|69/100
|-unboost|p1a: Shuckle|spd|1
|move|p1a: Shuckle|Sticky Web|p2a: Arceus
|-sidestart|p2: chippytreatz|move: Sticky Web
|
|upkeep
|turn|4
|
|t:|1651860275
|move|p2a: Arceus|Magic Coat|p2a: Arceus
|-singleturn|p2a: Arceus|move: Magic Coat
|move|p1a: Shuckle|Toxic|p2a: Arceus
|move|p2a: Arceus|Toxic|p1a: Shuckle|[from]Magic Coat
|-status|p1a: Shuckle|tox
|
|-damage|p1a: Shuckle|62/100 tox|[from] psn
|upkeep
|turn|5
|
|t:|1651860280
|move|p2a: Arceus|Magic Coat|p2a: Arceus
|-singleturn|p2a: Arceus|move: Magic Coat
|move|p1a: Shuckle|Toxic|p2a: Arceus
|move|p2a: Arceus|Toxic|p1a: Shuckle|[from]Magic Coat|[miss]
|-miss|p2a: Arceus|p1a: Shuckle
|
|-damage|p1a: Shuckle|50/100 tox|[from] psn
|upkeep
|turn|6
|
|t:|1651860284
|move|p2a: Arceus|Magic Coat|p2a: Arceus
|-singleturn|p2a: Arceus|move: Magic Coat
|move|p1a: Shuckle|Encore|p2a: Arceus
|move|p2a: Arceus|Encore||[from]Magic Coat|[still]
|-fail|p2a: Arceus
|
|-damage|p1a: Shuckle|32/100 tox|[from] psn
|upkeep
|turn|7
|
|t:|1651860288
|switch|p1a: Arceus|Arceus-Dark|100/100
|-activate|p1a: Arceus|move: Sticky Web
|-unboost|p1a: Arceus|spe|1
|move|p2a: Arceus|Magic Coat|p2a: Arceus
|-singleturn|p2a: Arceus|move: Magic Coat
|
|upkeep
|turn|8
|
|t:|1651860292
|move|p2a: Arceus|Earth Power|p1a: Arceus
|-damage|p1a: Arceus|78/100
|move|p1a: Arceus|Ice Beam|p2a: Arceus
|-supereffective|p2a: Arceus
|-damage|p2a: Arceus|65/100
|-status|p2a: Arceus|frz
|
|upkeep
|turn|9
|
|t:|1651860297
|cant|p2a: Arceus|frz
|move|p1a: Arceus|Recover|p1a: Arceus
|-heal|p1a: Arceus|100/100
|
|upkeep
|turn|10
|
|t:|1651860300
|switch|p1a: Shuckle|Shuckle, M|32/100 tox
|-activate|p1a: Shuckle|move: Sticky Web
|-unboost|p1a: Shuckle|spe|1
|cant|p2a: Arceus|frz
|
|-damage|p1a: Shuckle|25/100 tox|[from] psn
|upkeep
|turn|11
|
|t:|1651860306
|cant|p2a: Arceus|frz
|move|p1a: Shuckle|Stealth Rock|p2a: Arceus
|-sidestart|p2: chippytreatz|move: Stealth Rock
|
|-damage|p1a: Shuckle|13/100 tox|[from] psn
|upkeep
|turn|12
|
|t:|1651860312
|cant|p2a: Arceus|frz
|move|p1a: Shuckle|Toxic||[still]
|-fail|p1a: Shuckle
|
|-damage|p1a: Shuckle|0 fnt|[from] psn
|faint|p1a: Shuckle
|upkeep
|
|t:|1651860316
|switch|p1a: Arceus|Arceus-Dark|100/100
|-activate|p1a: Arceus|move: Sticky Web
|-unboost|p1a: Arceus|spe|1
|turn|13
|
|t:|1651860319
|-curestatus|p2a: Arceus|frz|[msg]
|move|p2a: Arceus|Stealth Rock|p1a: Arceus
|-sidestart|p1: BDcom|move: Stealth Rock
|move|p1a: Arceus|Ice Beam|p2a: Arceus
|-supereffective|p2a: Arceus
|-damage|p2a: Arceus|30/100
|
|upkeep
|turn|14
|
|t:|1651860322
|move|p2a: Arceus|Earth Power|p1a: Arceus
|-damage|p1a: Arceus|78/100
|move|p1a: Arceus|Ice Beam|p2a: Arceus
|-supereffective|p2a: Arceus
|-damage|p2a: Arceus|0 fnt
|faint|p2a: Arceus
|
|upkeep
|
|t:|1651860329
|switch|p2a: Zacian|Zacian-Crowned|100/100
|-activate|p2a: Zacian|move: Sticky Web
|-unboost|p2a: Zacian|spe|1
|-damage|p2a: Zacian|94/100|[from] Stealth Rock
|-ability|p2a: Zacian|Intrepid Sword|boost
|-boost|p2a: Zacian|atk|1
|turn|15
|
|t:|1651860334
|switch|p2a: Yveltal|Yveltal|100/100
|-damage|p2a: Yveltal|76/100|[from] Stealth Rock
|-ability|p2a: Yveltal|Dark Aura
|switch|p1a: Quagsire|Quagsire, M|100/100
|-activate|p1a: Quagsire|move: Sticky Web
|-unboost|p1a: Quagsire|spe|1
|-damage|p1a: Quagsire|94/100|[from] Stealth Rock
|
|upkeep
|turn|16
|
|t:|1651860337
|switch|p1a: Arceus|Arceus-Dark|78/100
|-activate|p1a: Arceus|move: Sticky Web
|-unboost|p1a: Arceus|spe|1
|-damage|p1a: Arceus|66/100|[from] Stealth Rock
|move|p2a: Yveltal|Dark Pulse|p1a: Arceus
|-resisted|p1a: Arceus
|-damage|p1a: Arceus|52/100
|
|upkeep
|turn|17
|
|t:|1651860342
|-start|p2a: Yveltal|Dynamax|
|-heal|p2a: Yveltal|76/100|[silent]
|move|p2a: Yveltal|Max Darkness|p1a: Arceus
|-resisted|p1a: Arceus
|-damage|p1a: Arceus|31/100
|-unboost|p1a: Arceus|spd|1
|move|p1a: Arceus|Recover|p1a: Arceus
|-heal|p1a: Arceus|81/100
|
|upkeep
|turn|18
|
|t:|1651860347
|move|p2a: Yveltal|Max Darkness|p1a: Arceus
|-resisted|p1a: Arceus
|-damage|p1a: Arceus|46/100
|-unboost|p1a: Arceus|spd|1
|move|p1a: Arceus|Recover|p1a: Arceus
|-heal|p1a: Arceus|96/100
|
|upkeep
|turn|19
|
|t:|1651860351
|move|p2a: Yveltal|Max Airstream|p1a: Arceus
|-damage|p1a: Arceus|28/100
|-boost|p2a: Yveltal|spe|1
|move|p1a: Arceus|Recover|p1a: Arceus
|-heal|p1a: Arceus|78/100
|
|upkeep
|-end|p2a: Yveltal|Dynamax
|-heal|p2a: Yveltal|76/100|[silent]
|turn|20
|
|t:|1651860356
|move|p2a: Yveltal|Dark Pulse|p1a: Arceus
|-resisted|p1a: Arceus
|-damage|p1a: Arceus|50/100
|move|p1a: Arceus|Toxic|p2a: Yveltal
|-status|p2a: Yveltal|tox
|
|-damage|p2a: Yveltal|69/100 tox|[from] psn
|upkeep
|turn|21
|
|t:|1651860360
|move|p2a: Yveltal|Dark Pulse|p1a: Arceus
|-resisted|p1a: Arceus
|-damage|p1a: Arceus|22/100
|move|p1a: Arceus|Recover|p1a: Arceus
|-heal|p1a: Arceus|72/100
|
|-damage|p2a: Yveltal|57/100 tox|[from] psn
|upkeep
|turn|22
|
|t:|1651860363
|move|p2a: Yveltal|Dark Pulse|p1a: Arceus
|-resisted|p1a: Arceus
|-damage|p1a: Arceus|44/100
|move|p1a: Arceus|Recover|p1a: Arceus
|-heal|p1a: Arceus|94/100
|
|-damage|p2a: Yveltal|39/100 tox|[from] psn
|upkeep
|turn|23
|
|t:|1651860368
|move|p2a: Yveltal|Dark Pulse|p1a: Arceus
|-resisted|p1a: Arceus
|-damage|p1a: Arceus|67/100
|move|p1a: Arceus|Recover|p1a: Arceus
|-heal|p1a: Arceus|100/100
|
|-damage|p2a: Yveltal|14/100 tox|[from] psn
|upkeep
|turn|24
|
|t:|1651860377
|switch|p2a: Zacian|Zacian-Crowned|94/100
|-damage|p2a: Zacian|88/100|[from] Stealth Rock
|-activate|p2a: Zacian|move: Sticky Web
|-unboost|p2a: Zacian|spe|1
|-ability|p2a: Zacian|Intrepid Sword|boost
|-boost|p2a: Zacian|atk|1
|move|p1a: Arceus|Recover||[still]
|-fail|p1a: Arceus|heal
|
|upkeep
|turn|25
|
|t:|1651860379
|switch|p1a: Quagsire|Quagsire, M|94/100
|-damage|p1a: Quagsire|88/100|[from] Stealth Rock
|-activate|p1a: Quagsire|move: Sticky Web
|-unboost|p1a: Quagsire|spe|1
|move|p2a: Zacian|Close Combat|p1a: Quagsire
|-damage|p1a: Quagsire|54/100
|-unboost|p2a: Zacian|def|1
|-unboost|p2a: Zacian|spd|1
|-damage|p2a: Zacian|72/100|[from] item: Rocky Helmet|[of] p1a: Quagsire
|
|upkeep
|turn|26
|
|t:|1651860381
|move|p2a: Zacian|Close Combat|p1a: Quagsire
|-damage|p1a: Quagsire|18/100
|-unboost|p2a: Zacian|def|1
|-unboost|p2a: Zacian|spd|1
|-damage|p2a: Zacian|55/100|[from] item: Rocky Helmet|[of] p1a: Quagsire
|move|p1a: Quagsire|Recover|p1a: Quagsire
|-heal|p1a: Quagsire|68/100
|
|upkeep
|turn|27
|
|t:|1651860386
|move|p2a: Zacian|Play Rough|p1a: Quagsire
|-damage|p1a: Quagsire|25/100
|-unboost|p1a: Quagsire|atk|1
|-damage|p2a: Zacian|38/100|[from] item: Rocky Helmet|[of] p1a: Quagsire
|move|p1a: Quagsire|Recover|p1a: Quagsire
|-heal|p1a: Quagsire|75/100
|
|upkeep
|turn|28
|
|t:|1651860389
|move|p2a: Zacian|Play Rough|p1a: Quagsire|[miss]
|-miss|p2a: Zacian|p1a: Quagsire
|move|p1a: Quagsire|Recover|p1a: Quagsire
|-heal|p1a: Quagsire|100/100
|
|upkeep
|turn|29
|
|t:|1651860393
|move|p2a: Zacian|Play Rough|p1a: Quagsire
|-damage|p1a: Quagsire|61/100
|-damage|p2a: Zacian|22/100|[from] item: Rocky Helmet|[of] p1a: Quagsire
|move|p1a: Quagsire|Earthquake|p2a: Zacian
|-supereffective|p2a: Zacian
|-damage|p2a: Zacian|0 fnt
|faint|p2a: Zacian
|
|upkeep
|
|t:|1651860398
|switch|p2a: Necrozma|Necrozma-Dusk-Mane|100/100
|-activate|p2a: Necrozma|move: Sticky Web
|-unboost|p2a: Necrozma|spe|1
|-damage|p2a: Necrozma|94/100|[from] Stealth Rock
|turn|30
|
|t:|1651860402
|move|p2a: Necrozma|Dragon Dance|p2a: Necrozma
|-boost|p2a: Necrozma|atk|1
|-boost|p2a: Necrozma|spe|1
|move|p1a: Quagsire|Recover|p1a: Quagsire
|-heal|p1a: Quagsire|100/100
|
|upkeep
|turn|31
|
|t:|1651860405
|move|p2a: Necrozma|Dragon Dance|p2a: Necrozma
|-boost|p2a: Necrozma|atk|1
|-boost|p2a: Necrozma|spe|1
|move|p1a: Quagsire|Earthquake|p2a: Necrozma
|-supereffective|p2a: Necrozma
|-damage|p2a: Necrozma|71/100
|
|upkeep
|turn|32
|
|t:|1651860408
|move|p2a: Necrozma|Photon Geyser|p1a: Quagsire
|-damage|p1a: Quagsire|16/100
|move|p1a: Quagsire|Scald|p2a: Necrozma
|-damage|p2a: Necrozma|53/100
|-status|p2a: Necrozma|brn
|
|-damage|p2a: Necrozma|47/100 brn|[from] brn
|upkeep
|turn|33
|
|t:|1651860413
|move|p2a: Necrozma|Photon Geyser|p1a: Quagsire
|-damage|p1a: Quagsire|0 fnt
|faint|p1a: Quagsire
|
|-damage|p2a: Necrozma|41/100 brn|[from] brn
|upkeep
|
|t:|1651860415
|switch|p1a: Marshadow|Marshadow|100/100
|-activate|p1a: Marshadow|move: Sticky Web
|-unboost|p1a: Marshadow|spe|1
|-damage|p1a: Marshadow|94/100|[from] Stealth Rock
|turn|34
|
|t:|1651860420
|detailschange|p2a: Necrozma|Necrozma-Ultra
|-burst|p2a: Necrozma|Necrozma|Ultranecrozium Z
|move|p1a: Marshadow|Shadow Sneak|p2a: Necrozma
|-supereffective|p2a: Necrozma
|-damage|p2a: Necrozma|0 fnt
|faint|p2a: Necrozma
|
|upkeep
|
|t:|1651860428
|switch|p2a: Ditto|Ditto|100/100
|-damage|p2a: Ditto|88/100|[from] Stealth Rock
|-activate|p2a: Ditto|move: Sticky Web
|-unboost|p2a: Ditto|spe|1
|-transform|p2a: Ditto|p1a: Marshadow|[from] ability: Imposter
|turn|35
|
|t:|1651860433
|switch|p1a: Zygarde|Zygarde|100/100
|-activate|p1a: Zygarde|move: Sticky Web
|-unboost|p1a: Zygarde|spe|1
|-damage|p1a: Zygarde|94/100|[from] Stealth Rock
|move|p2a: Ditto|Shadow Sneak|p1a: Zygarde
|-damage|p1a: Zygarde|78/100
|
|-heal|p1a: Zygarde|84/100|[from] item: Leftovers
|upkeep
|turn|36
|
|t:|1651860436
|switch|p2a: Yveltal|Yveltal|14/100 tox
|-damage|p2a: Yveltal|0 fnt|[from] Stealth Rock
|faint|p2a: Yveltal
|move|p1a: Zygarde|Thousand Waves|p2: Yveltal|[notarget]
|-fail|p1a: Zygarde
|
|-heal|p1a: Zygarde|90/100|[from] item: Leftovers
|upkeep
|
|t:|1651860438
|switch|p2a: Arceus|Arceus|100/100
|-damage|p2a: Arceus|88/100|[from] Stealth Rock
|-activate|p2a: Arceus|move: Sticky Web
|-unboost|p2a: Arceus|spe|1
|turn|37
|
|t:|1651860442
|move|p2a: Arceus|Substitute|p2a: Arceus
|-start|p2a: Arceus|Substitute
|-damage|p2a: Arceus|63/100
|move|p1a: Zygarde|Coil|p1a: Zygarde
|-boost|p1a: Zygarde|atk|1
|-boost|p1a: Zygarde|def|1
|-boost|p1a: Zygarde|accuracy|1
|
|-heal|p1a: Zygarde|96/100|[from] item: Leftovers
|upkeep
|turn|38
|
|t:|1651860443
|move|p2a: Arceus|Swords Dance|p2a: Arceus
|-boost|p2a: Arceus|atk|2
|move|p1a: Zygarde|Coil|p1a: Zygarde
|-boost|p1a: Zygarde|atk|1
|-boost|p1a: Zygarde|def|1
|-boost|p1a: Zygarde|accuracy|1
|
|-heal|p1a: Zygarde|100/100|[from] item: Leftovers
|upkeep
|turn|39
|
|t:|1651860446
|move|p2a: Arceus|Swords Dance|p2a: Arceus
|-boost|p2a: Arceus|atk|2
|move|p1a: Zygarde|Coil|p1a: Zygarde
|-boost|p1a: Zygarde|atk|1
|-boost|p1a: Zygarde|def|1
|-boost|p1a: Zygarde|accuracy|1
|
|upkeep
|turn|40
|
|t:|1651860448
|move|p2a: Arceus|Swords Dance|p2a: Arceus
|-boost|p2a: Arceus|atk|2
|move|p1a: Zygarde|Coil|p1a: Zygarde
|-boost|p1a: Zygarde|atk|1
|-boost|p1a: Zygarde|def|1
|-boost|p1a: Zygarde|accuracy|1
|
|upkeep
|turn|41
|
|t:|1651860451
|move|p2a: Arceus|Extreme Speed|p1a: Zygarde
|-crit|p1a: Zygarde
|-damage|p1a: Zygarde|0 fnt
|faint|p1a: Zygarde
|
|upkeep
|
|t:|1651860457
|switch|p1a: Marshadow|Marshadow|94/100
|-damage|p1a: Marshadow|88/100|[from] Stealth Rock
|-activate|p1a: Marshadow|move: Sticky Web
|-unboost|p1a: Marshadow|spe|1
|turn|42
|
|t:|1651860459
|move|p1a: Marshadow|Close Combat|p2a: Arceus
|-supereffective|p2a: Arceus
|-end|p2a: Arceus|Substitute
|-unboost|p1a: Marshadow|def|1
|-unboost|p1a: Marshadow|spd|1
|move|p2a: Arceus|Shadow Claw|p1a: Marshadow
|-supereffective|p1a: Marshadow
|-damage|p1a: Marshadow|0 fnt
|faint|p1a: Marshadow
|
|upkeep
|
|t:|1651860463
|switch|p1a: Groudon|Groudon|100/100
|-damage|p1a: Groudon|94/100|[from] Stealth Rock
|-activate|p1a: Groudon|move: Sticky Web
|-unboost|p1a: Groudon|spe|1
|detailschange|p1a: Groudon|Groudon-Primal
|-primal|p1a: Groudon
|-weather|DesolateLand|[from] ability: Desolate Land|[of] p1a: Groudon
|turn|43
|
|t:|1651860465
|move|p2a: Arceus|Extreme Speed|p1a: Groudon
|-damage|p1a: Groudon|0 fnt
|faint|p1a: Groudon
|-weather|none
|
|upkeep
|c|☆BDcom|damn
|c|☆BDcom|that crit
|c|☆BDcom|ruined game for me
|
|t:|1651860478
|switch|p1a: Arceus|Arceus-Dark|100/100
|-activate|p1a: Arceus|move: Sticky Web
|-unboost|p1a: Arceus|spe|1
|-damage|p1a: Arceus|88/100|[from] Stealth Rock
|turn|44
|
|t:|1651860482
|move|p2a: Arceus|Extreme Speed|p1a: Arceus
|-damage|p1a: Arceus|0 fnt
|faint|p1a: Arceus
|
|win|chippytreatz
|raw|BDcom's rating: 1702 &rarr; <strong>1691</strong><br />(-11 for losing)
|raw|chippytreatz's rating: 1867 &rarr; <strong>1878</strong><br />(+11 for winning)
|l|☆BDcom
