|j|☆Obito152001
|j|☆Clownnin
|t:|1664864421
|gametype|singles
|player|p1|Obito152001|blue-gen3two|1964
|player|p2|Clownnin|clown|1666
|teamsize|p1|6
|teamsize|p2|6
|gen|8
|tier|[Gen 8] National Dex AG
|rated|
|rule|HP Percentage Mod: HP is shown in percentages
|rule|Endless Battle Clause: Forcing endless battles is banned
|clearpoke
|poke|p1|Arceus-*|
|poke|p1|Arceus-*|
|poke|p1|Ditto|
|poke|p1|Grimmsnarl, M|
|poke|p1|Blastoise, F|
|poke|p1|Groudon|
|poke|p2|Arceus-*|
|poke|p2|Arceus-*|
|poke|p2|Arceus-*|
|poke|p2|Arceus-*|
|poke|p2|Arceus-*|
|poke|p2|Arceus-*|
|teampreview
|inactive|Battle timer is ON: inactive players will automatically lose when time's up. (requested by Clownnin)
|inactive|Obito152001 also wants the timer to be on.
|j| in 90
|
|t:|1664864436
|start
|switch|p1a: Blastoise|Blastoise, F|100/100
|switch|p2a: Arceus|Arceus-Fairy|100/100
|turn|1
|
|t:|1664864442
|detailschange|p1a: Blastoise|Blastoise-Mega, F
|-mega|p1a: Blastoise|Blastoise|Blastoisinite
|move|p2a: Arceus|Calm Mind|p2a: Arceus
|-boost|p2a: Arceus|spa|1
|-boost|p2a: Arceus|spd|1
|move|p1a: Blastoise|Shell Smash|p1a: Blastoise
|-unboost|p1a: Blastoise|def|1
|-unboost|p1a: Blastoise|spd|1
|-boost|p1a: Blastoise|atk|2
|-boost|p1a: Blastoise|spa|2
|-boost|p1a: Blastoise|spe|2
|
|upkeep
|turn|2
|
|t:|1664864447
|move|p1a: Blastoise|Water Pulse|p2a: Arceus
|-damage|p2a: Arceus|57/100
|move|p2a: Arceus|Judgment|p1a: Blastoise
|-damage|p1a: Blastoise|0 fnt
|faint|p1a: Blastoise
|
|upkeep
|
|t:|1664864460
|switch|p1a: Grimmsnarl|Grimmsnarl, M|100/100
|turn|3
|
|t:|1664864465
|move|p1a: Grimmsnarl|Light Screen|p1a: Grimmsnarl
|-sidestart|p1: Obito152001|move: Light Screen
|move|p2a: Arceus|Recover|p2a: Arceus
|-heal|p2a: Arceus|100/100
|
|upkeep
|turn|4
|
|t:|1664864467
|move|p1a: Grimmsnarl|Taunt|p2a: Arceus
|-start|p2a: Arceus|move: Taunt
|move|p2a: Arceus|Judgment|p1a: Grimmsnarl
|-supereffective|p1a: Grimmsnarl
|-damage|p1a: Grimmsnarl|46/100
|
|upkeep
|turn|5
|
|t:|1664864469
|move|p1a: Grimmsnarl|Reflect|p1a: Grimmsnarl
|-sidestart|p1: Obito152001|Reflect
|move|p2a: Arceus|Judgment|p1a: Grimmsnarl
|-supereffective|p1a: Grimmsnarl
|-damage|p1a: Grimmsnarl|0 fnt
|faint|p1a: Grimmsnarl
|
|upkeep
|
|t:|1664864472
|switch|p1a: Arceus|Arceus|100/100
|turn|6
|
|t:|1664864475
|switch|p2a: Arceus|Arceus-Ghost|100/100
|move|p1a: Arceus|Swords Dance|p1a: Arceus
|-boost|p1a: Arceus|atk|2
|
|upkeep
|turn|7
|
|t:|1664864483
|move|p2a: Arceus|Swords Dance|p2a: Arceus
|-boost|p2a: Arceus|atk|2
|move|p1a: Arceus|Swords Dance|p1a: Arceus
|-boost|p1a: Arceus|atk|2
|
|upkeep
|turn|8
|
|t:|1664864488
|-zpower|p2a: Arceus
|move|p2a: Arceus|Never-Ending Nightmare|p1a: Arceus|[zeffect]
|-immune|p1a: Arceus
|move|p1a: Arceus|Swords Dance|p1a: Arceus
|-boost|p1a: Arceus|atk|2
|
|upkeep
|turn|9
|
|t:|1664864493
|move|p2a: Arceus|Extreme Speed|p1a: Arceus
|-crit|p1a: Arceus
|-damage|p1a: Arceus|41/100
|move|p1a: Arceus|Shadow Claw|p2a: Arceus
|-supereffective|p2a: Arceus
|-damage|p2a: Arceus|0 fnt
|faint|p2a: Arceus
|
|upkeep
|c|☆Clownnin|Why can't you dynamax after the Z
|c|☆Clownnin|Weird
|
|t:|1664864511
|switch|p2a: Arceus|Arceus-Water|100/100
|turn|10
|c|☆Obito152001|I'm normal your ghost
|c|☆Clownnin|No
|
|t:|1664864521
|-start|p2a: Arceus|Dynamax|
|-heal|p2a: Arceus|100/100|[silent]
|move|p1a: Arceus|Recover|p1a: Arceus
|-heal|p1a: Arceus|91/100
|move|p2a: Arceus|Max Geyser|p1a: Arceus
|-damage|p1a: Arceus|72/100
|-weather|RainDance
|
|-weather|RainDance|[upkeep]
|-sideend|p1: Obito152001|move: Light Screen
|upkeep
|turn|11
|c|☆Clownnin|I threw the Z away on purpose
|c|☆Clownnin|To dynamax
|
|t:|1664864535
|-start|p1a: Arceus|Dynamax|
|-heal|p1a: Arceus|72/100|[silent]
|move|p2a: Arceus|Max Guard|p2a: Arceus
|-singleturn|p2a: Arceus|Max Guard
|move|p1a: Arceus|Max Strike|p2a: Arceus
|-activate|p2a: Arceus|move: Max Guard
|
|-weather|RainDance|[upkeep]
|upkeep
|turn|12
|
|t:|1664864537
|move|p1a: Arceus|Max Strike|p2a: Arceus
|-damage|p2a: Arceus|37/100
|-unboost|p2a: Arceus|spe|1
|move|p2a: Arceus|Max Geyser|p1a: Arceus
|-damage|p1a: Arceus|43/100
|
|-weather|RainDance|[upkeep]
|-sideend|p1: Obito152001|Reflect
|upkeep
|-end|p2a: Arceus|Dynamax
|-heal|p2a: Arceus|37/100|[silent]
|turn|13
|
|t:|1664864540
|move|p1a: Arceus|Max Strike|p2a: Arceus
|-damage|p2a: Arceus|0 fnt
|faint|p2a: Arceus
|
|-weather|RainDance|[upkeep]
|upkeep
|
|t:|1664864546
|switch|p2a: Arceus|Arceus-Flying|100/100
|-end|p1a: Arceus|Dynamax
|-heal|p1a: Arceus|44/100|[silent]
|turn|14
|c|☆Obito152001|U can't d max if u have z item
|c|☆Obito152001|Even if u use
|c| in 90|didn't know that
|
|t:|1664864563
|move|p1a: Arceus|Extreme Speed|p2a: Arceus
|-damage|p2a: Arceus|0 fnt
|faint|p2a: Arceus
|
|-weather|none
|upkeep
|c|☆Clownnin|Weirdly done
|c| in 90|i once tried with ultra necrozma
|-message|Clownnin forfeited.
|
|win|Obito152001
|raw|Obito152001's rating: 1964 &rarr; <strong>1970</strong><br />(+6 for winning)
|raw|Clownnin's rating: 1666 &rarr; <strong>1660</strong><br />(-6 for losing)
|l|☆Clownnin
|c|☆Obito152001|Z and mega stone prevent from dmax
