|j|☆AnimeZZZZ5
|j|☆Alain the expert
|t:|1621579581
|gametype|singles
|player|p1|AnimeZZZZ5|bugcatcher|1721
|player|p2|Alain the expert|zinzolin|1701
|teamsize|p1|6
|teamsize|p2|6
|gen|8
|tier|[Gen 8] National Dex AG
|rated|
|rule|HP Percentage Mod: HP is shown in percentages
|rule|Endless Battle Clause: Forcing endless battles is banned
|clearpoke
|poke|p1|Gothitelle, M|
|poke|p1|Eternatus|
|poke|p1|Ho-Oh|
|poke|p1|Necrozma-Dusk-Mane|
|poke|p1|Zygarde|
|poke|p1|Yveltal|
|poke|p2|Xerneas-*|
|poke|p2|Zacian-*|
|poke|p2|Necrozma-Dusk-Mane|
|poke|p2|Arceus-*|
|poke|p2|Zygarde|
|poke|p2|Rayquaza|
|teampreview
|
|t:|1621579610
|start
|switch|p1a: Yveltal|Yveltal|100/100
|switch|p2a: Rayquaza|Rayquaza|100/100
|-ability|p2a: Rayquaza|Air Lock
|-ability|p1a: Yveltal|Dark Aura
|turn|1
|
|t:|1621579623
|switch|p2a: Arceus|Arceus-Dark|100/100
|move|p1a: Yveltal|Knock Off|p2a: Arceus
|-resisted|p2a: Arceus
|-damage|p2a: Arceus|87/100
|
|upkeep
|turn|2
|
|t:|1621579633
|move|p2a: Arceus|Toxic|p1a: Yveltal
|-status|p1a: Yveltal|tox
|move|p1a: Yveltal|Toxic|p2a: Arceus
|-status|p2a: Arceus|tox
|
|-damage|p2a: Arceus|81/100 tox|[from] psn
|-damage|p1a: Yveltal|94/100 tox|[from] psn
|upkeep
|turn|3
|
|t:|1621579639
|switch|p1a: Eternatus|Eternatus|100/100
|-ability|p1a: Eternatus|Pressure
|move|p2a: Arceus|Recover|p2a: Arceus
|-heal|p2a: Arceus|100/100 tox
|
|-damage|p2a: Arceus|88/100 tox|[from] psn
|upkeep
|turn|4
|
|t:|1621579645
|move|p1a: Eternatus|Toxic Spikes|p2a: Arceus
|-sidestart|p2: Alain the expert|move: Toxic Spikes
|move|p2a: Arceus|Snarl|p1a: Eternatus|[miss]
|-miss|p2a: Arceus|p1a: Eternatus
|
|-damage|p2a: Arceus|70/100 tox|[from] psn
|upkeep
|turn|5
|
|t:|1621579649
|move|p1a: Eternatus|Toxic Spikes|p2a: Arceus
|-sidestart|p2: Alain the expert|move: Toxic Spikes
|move|p2a: Arceus|Defog|p1a: Eternatus
|-unboost|p1a: Eternatus|evasion|1
|-sideend|p2: Alain the expert|Toxic Spikes|[from] move: Defog|[of] p2a: Arceus
|
|-damage|p2a: Arceus|46/100 tox|[from] psn
|upkeep
|turn|6
|
|t:|1621579653
|switch|p2a: Zacian|Zacian-Crowned|100/100
|-ability|p2a: Zacian|Intrepid Sword|boost
|-boost|p2a: Zacian|atk|1
|move|p1a: Eternatus|Toxic Spikes|p2a: Zacian
|-sidestart|p2: Alain the expert|move: Toxic Spikes
|
|upkeep
|turn|7
|
|t:|1621579659
|switch|p2a: Arceus|Arceus-Dark|46/100 tox
|switch|p1a: Necrozma|Necrozma-Dusk-Mane|100/100
|
|-damage|p2a: Arceus|40/100 tox|[from] psn
|upkeep
|turn|8
|
|t:|1621579662
|move|p2a: Arceus|Defog|p1a: Necrozma
|-unboost|p1a: Necrozma|evasion|1
|-sideend|p2: Alain the expert|Toxic Spikes|[from] move: Defog|[of] p2a: Arceus
|move|p1a: Necrozma|Stealth Rock|p2a: Arceus
|-sidestart|p2: Alain the expert|move: Stealth Rock
|
|-damage|p2a: Arceus|27/100 tox|[from] psn
|upkeep
|turn|9
|
|t:|1621579666
|move|p2a: Arceus|Snarl|p1a: Necrozma
|-supereffective|p1a: Necrozma
|-damage|p1a: Necrozma|71/100
|-unboost|p1a: Necrozma|spa|1
|move|p1a: Necrozma|Stealth Rock||[still]
|-fail|p1a: Necrozma
|
|-damage|p2a: Arceus|9/100 tox|[from] psn
|upkeep
|turn|10
|
|t:|1621579674
|move|p2a: Arceus|Snarl|p1a: Necrozma
|-supereffective|p1a: Necrozma
|-damage|p1a: Necrozma|41/100
|-unboost|p1a: Necrozma|spa|1
|move|p1a: Necrozma|Stealth Rock||[still]
|-fail|p1a: Necrozma
|
|-damage|p2a: Arceus|0 fnt|[from] psn
|faint|p2a: Arceus
|upkeep
|
|t:|1621579685
|switch|p2a: Zacian|Zacian-Crowned|100/100
|-damage|p2a: Zacian|94/100|[from] Stealth Rock
|-ability|p2a: Zacian|Intrepid Sword|boost
|-boost|p2a: Zacian|atk|1
|turn|11
|
|t:|1621579688
|move|p2a: Zacian|Close Combat|p1a: Necrozma
|-damage|p1a: Necrozma|0 fnt
|-unboost|p2a: Zacian|def|1
|-unboost|p2a: Zacian|spd|1
|-damage|p2a: Zacian|78/100|[from] item: Rocky Helmet|[of] p1a: Necrozma
|faint|p1a: Necrozma
|
|upkeep
|
|t:|1621579694
|switch|p1a: Eternatus|Eternatus|100/100
|-ability|p1a: Eternatus|Pressure
|turn|12
|
|t:|1621579706
|move|p2a: Zacian|Behemoth Blade|p1a: Eternatus
|-damage|p1a: Eternatus|26/100
|move|p1a: Eternatus|Flamethrower|p2a: Zacian
|-supereffective|p2a: Zacian
|-damage|p2a: Zacian|1/100
|
|-heal|p1a: Eternatus|32/100|[from] item: Black Sludge
|upkeep
|turn|13
|c|☆Alain the expert|sad
|
|t:|1621579714
|switch|p1a: Ho-Oh|Ho-Oh|100/100
|move|p2a: Zacian|Behemoth Blade|p1a: Ho-Oh
|-resisted|p1a: Ho-Oh
|-damage|p1a: Ho-Oh|68/100
|
|upkeep
|turn|14
|
|t:|1621579720
|switch|p1a: Eternatus|Eternatus|32/100
|-ability|p1a: Eternatus|Pressure
|move|p2a: Zacian|Wild Charge|p1a: Eternatus
|-resisted|p1a: Eternatus
|-damage|p1a: Eternatus|10/100
|-damage|p2a: Zacian|0 fnt|[from] Recoil
|faint|p2a: Zacian
|
|-heal|p1a: Eternatus|17/100|[from] item: Black Sludge
|upkeep
|
|t:|1621579725
|switch|p2a: Xerneas|Xerneas, shiny|100/100
|-damage|p2a: Xerneas|88/100|[from] Stealth Rock
|-ability|p2a: Xerneas|Fairy Aura
|turn|15
|
|t:|1621579728
|move|p1a: Eternatus|Toxic|p2a: Xerneas
|-status|p2a: Xerneas|tox
|move|p2a: Xerneas|Geomancy||[still]
|-prepare|p2a: Xerneas|Geomancy
|-enditem|p2a: Xerneas|Power Herb
|-anim|p2a: Xerneas|Geomancy|p2a: Xerneas
|-boost|p2a: Xerneas|spa|2
|-boost|p2a: Xerneas|spd|2
|-boost|p2a: Xerneas|spe|2
|
|-heal|p1a: Eternatus|23/100|[from] item: Black Sludge
|-damage|p2a: Xerneas|82/100 tox|[from] psn
|upkeep
|turn|16
|c|☆Alain the expert|gg
|
|t:|1621579731
|switch|p1a: Ho-Oh|Ho-Oh|100/100
|move|p2a: Xerneas|Moonblast|p1a: Ho-Oh
|-resisted|p1a: Ho-Oh
|-damage|p1a: Ho-Oh|69/100
|-unboost|p1a: Ho-Oh|spa|1
|
|-damage|p2a: Xerneas|70/100 tox|[from] psn
|upkeep
|turn|17
|
|t:|1621579734
|switch|p1a: Zygarde|Zygarde|100/100
|-start|p2a: Xerneas|Dynamax
|-heal|p2a: Xerneas|70/100 tox|[silent]
|move|p2a: Xerneas|Max Lightning|p1a: Zygarde
|-immune|p1a: Zygarde
|
|-damage|p2a: Xerneas|60/100 tox|[from] psn
|upkeep
|turn|18
|
|t:|1621579737
|switch|p1a: Ho-Oh|Ho-Oh|100/100
|move|p2a: Xerneas|Max Starfall|p1a: Ho-Oh
|-resisted|p1a: Ho-Oh
|-damage|p1a: Ho-Oh|60/100
|-fieldstart|move: Misty Terrain
|
|-damage|p2a: Xerneas|48/100 tox|[from] psn
|upkeep
|turn|19
|
|t:|1621579740
|switch|p1a: Eternatus|Eternatus|23/100
|-ability|p1a: Eternatus|Pressure
|move|p2a: Xerneas|Max Starfall|p1a: Eternatus
|-damage|p1a: Eternatus|0 fnt
|faint|p1a: Eternatus
|
|-damage|p2a: Xerneas|33/100 tox|[from] psn
|-end|p2a: Xerneas|Dynamax
|-heal|p2a: Xerneas|33/100 tox|[silent]
|upkeep
|c|☆Alain the expert|wtf
|inactive|Battle timer is ON: inactive players will automatically lose when time's up. (requested by Alain the expert)
|
|t:|1621579768
|switch|p1a: Ho-Oh|Ho-Oh|94/100
|turn|20
|
|t:|1621579773
|move|p2a: Xerneas|Moonblast|p1a: Ho-Oh
|-resisted|p1a: Ho-Oh
|-damage|p1a: Ho-Oh|66/100
|move|p1a: Ho-Oh|Sacred Fire|p2a: Xerneas
|-damage|p2a: Xerneas|7/100 tox
|
|-damage|p2a: Xerneas|0 fnt|[from] psn
|faint|p2a: Xerneas
|upkeep
|
|t:|1621579777
|switch|p2a: Rayquaza|Rayquaza|100/100
|-damage|p2a: Rayquaza|75/100|[from] Stealth Rock
|-ability|p2a: Rayquaza|Air Lock
|turn|21
|
|t:|1621579787
|detailschange|p2a: Rayquaza|Rayquaza-Mega
|-mega|p2a: Rayquaza|Rayquaza|
|-weather|DeltaStream|[from] ability: Delta Stream|[of] p2a: Rayquaza
|move|p2a: Rayquaza|Dragon Ascent|p1a: Ho-Oh
|-damage|p1a: Ho-Oh|0 fnt
|-unboost|p2a: Rayquaza|def|1
|-unboost|p2a: Rayquaza|spd|1
|faint|p1a: Ho-Oh
|
|-weather|DeltaStream|[upkeep]
|upkeep
|
|t:|1621579789
|switch|p1a: Zygarde|Zygarde|100/100
|turn|22
|
|t:|1621579795
|move|p2a: Rayquaza|Dragon Ascent|p1a: Zygarde
|-damage|p1a: Zygarde|26/100
|-unboost|p2a: Rayquaza|def|1
|-unboost|p2a: Rayquaza|spd|1
|move|p1a: Zygarde|Thousand Arrows|p2a: Rayquaza
|-damage|p2a: Rayquaza|15/100
|-start|p2a: Rayquaza|Smack Down
|
|-weather|DeltaStream|[upkeep]
|-heal|p1a: Zygarde|32/100|[from] item: Leftovers
|-fieldend|Misty Terrain
|-activate|p1a: Zygarde|ability: Power Construct
|detailschange|p1a: Zygarde|Zygarde-Complete
|-heal|p1a: Zygarde|56/100|[silent]
|upkeep
|turn|23
|
|t:|1621579808
|move|p2a: Rayquaza|Dragon Ascent|p1a: Zygarde
|-damage|p1a: Zygarde|7/100
|-unboost|p2a: Rayquaza|def|1
|-unboost|p2a: Rayquaza|spd|1
|move|p1a: Zygarde|Thousand Arrows|p2a: Rayquaza
|-damage|p2a: Rayquaza|0 fnt
|faint|p2a: Rayquaza
|-weather|none
|
|-heal|p1a: Zygarde|13/100|[from] item: Leftovers
|upkeep
|
|t:|1621579813
|switch|p2a: Zygarde|Zygarde, shiny|100/100
|-damage|p2a: Zygarde|94/100|[from] Stealth Rock
|turn|24
|
|t:|1621579818
|switch|p1a: Yveltal|Yveltal|94/100 tox
|-ability|p1a: Yveltal|Dark Aura
|move|p2a: Zygarde|Thousand Arrows|p1a: Yveltal
|-damage|p1a: Yveltal|68/100 tox
|-start|p1a: Yveltal|Smack Down
|
|-heal|p2a: Zygarde|100/100|[from] item: Leftovers
|-damage|p1a: Yveltal|62/100 tox|[from] psn
|upkeep
|turn|25
|
|t:|1621579820
|move|p2a: Zygarde|Substitute|p2a: Zygarde
|-start|p2a: Zygarde|Substitute
|-damage|p2a: Zygarde|75/100
|move|p1a: Yveltal|Toxic||[still]
|-fail|p1a: Yveltal
|
|-heal|p2a: Zygarde|82/100|[from] item: Leftovers
|-damage|p1a: Yveltal|50/100 tox|[from] psn
|upkeep
|turn|26
|
|t:|1621579824
|move|p2a: Zygarde|Dragon Dance|p2a: Zygarde
|-boost|p2a: Zygarde|atk|1
|-boost|p2a: Zygarde|spe|1
|move|p1a: Yveltal|Roost|p1a: Yveltal
|-heal|p1a: Yveltal|99/100 tox
|-singleturn|p1a: Yveltal|move: Roost
|
|-heal|p2a: Zygarde|88/100|[from] item: Leftovers
|-damage|p1a: Yveltal|82/100 tox|[from] psn
|upkeep
|turn|27
|
|t:|1621579830
|move|p2a: Zygarde|Dragon Dance|p2a: Zygarde
|-boost|p2a: Zygarde|atk|1
|-boost|p2a: Zygarde|spe|1
|move|p1a: Yveltal|Knock Off|p2a: Zygarde
|-end|p2a: Zygarde|Substitute
|
|-heal|p2a: Zygarde|94/100|[from] item: Leftovers
|-damage|p1a: Yveltal|57/100 tox|[from] psn
|upkeep
|turn|28
|
|t:|1621579834
|-start|p1a: Yveltal|Dynamax
|-heal|p1a: Yveltal|57/100 tox|[silent]
|move|p2a: Zygarde|Substitute|p2a: Zygarde
|-start|p2a: Zygarde|Substitute
|-damage|p2a: Zygarde|69/100
|move|p1a: Yveltal|Max Darkness|p2a: Zygarde
|-end|p2a: Zygarde|Substitute
|-unboost|p2a: Zygarde|spd|1
|
|-heal|p2a: Zygarde|75/100|[from] item: Leftovers
|-damage|p1a: Yveltal|42/100 tox|[from] psn
|upkeep
|turn|29
|
|t:|1621579841
|move|p2a: Zygarde|Substitute|p2a: Zygarde
|-start|p2a: Zygarde|Substitute
|-damage|p2a: Zygarde|50/100
|move|p1a: Yveltal|Max Darkness|p2a: Zygarde
|-end|p2a: Zygarde|Substitute
|-unboost|p2a: Zygarde|spd|1
|
|-heal|p2a: Zygarde|56/100|[from] item: Leftovers
|-damage|p1a: Yveltal|23/100 tox|[from] psn
|upkeep
|turn|30
|
|t:|1621579844
|move|p2a: Zygarde|Substitute|p2a: Zygarde
|-start|p2a: Zygarde|Substitute
|-damage|p2a: Zygarde|31/100
|move|p1a: Yveltal|Max Darkness|p2a: Zygarde
|-end|p2a: Zygarde|Substitute
|-unboost|p2a: Zygarde|spd|1
|
|-heal|p2a: Zygarde|38/100|[from] item: Leftovers
|-damage|p1a: Yveltal|2/100 tox|[from] psn
|-activate|p2a: Zygarde|ability: Power Construct
|detailschange|p2a: Zygarde|Zygarde-Complete, shiny
|-heal|p2a: Zygarde|59/100|[silent]
|-end|p1a: Yveltal|Dynamax
|-heal|p1a: Yveltal|2/100 tox|[silent]
|upkeep
|turn|31
|-message|AnimeZZZZ5 forfeited.
|
|win|Alain the expert
|raw|AnimeZZZZ5's rating: 1721 &rarr; <strong>1700</strong><br />(-21 for losing)
|raw|Alain the expert's rating: 1701 &rarr; <strong>1722</strong><br />(+21 for winning)
|l|☆AnimeZZZZ5
