|j|☆lavenderlad02
|j|☆DECLANO196
|t:|1664938443
|gametype|singles
|player|p1|lavenderlad02|palmer|1714
|player|p2|DECLANO196|2|1713
|teamsize|p1|6
|teamsize|p2|6
|gen|8
|tier|[Gen 8] National Dex AG
|rated|
|rule|HP Percentage Mod: HP is shown in percentages
|rule|Endless Battle Clause: Forcing endless battles is banned
|clearpoke
|poke|p1|Yveltal|
|poke|p1|Rayquaza|
|poke|p1|Deoxys-Speed|
|poke|p1|Necrozma-Dusk-Mane|
|poke|p1|Zacian-*|
|poke|p1|Grimmsnarl, M|
|poke|p2|Marshadow|
|poke|p2|Ho-Oh|
|poke|p2|Lugia|
|poke|p2|Yveltal|
|poke|p2|Chansey, F|
|poke|p2|Ditto|
|teampreview
|inactive|Battle timer is ON: inactive players will automatically lose when time's up. (requested by lavenderlad02)
|
|t:|1664938449
|start
|switch|p1a: Deoxys|Deoxys-Speed|100/100
|switch|p2a: Ditto|Ditto|100/100
|-ability|p1a: Deoxys|Pressure
|-transform|p2a: Ditto|p1a: Deoxys|[from] ability: Imposter
|-ability|p2a: Ditto|Pressure
|turn|1
|
|t:|1664938460
|move|p1a: Deoxys|Magic Coat|p1a: Deoxys
|-singleturn|p1a: Deoxys|move: Magic Coat
|move|p2a: Ditto|Taunt|p1a: Deoxys
|move|p1a: Deoxys|Taunt|p2a: Ditto|[from]Magic Coat
|-start|p2a: Ditto|move: Taunt
|
|upkeep
|turn|2
|c|☆lavenderlad02|lol
|
|t:|1664938474
|switch|p2a: Lugia|Lugia|100/100
|move|p1a: Deoxys|Stealth Rock|p2a: Lugia
|-sidestart|p2: DECLANO196|move: Stealth Rock
|
|upkeep
|turn|3
|
|t:|1664938479
|move|p1a: Deoxys|Taunt|p2a: Lugia
|-start|p2a: Lugia|move: Taunt
|cant|p2a: Lugia|move: Taunt|Toxic
|
|upkeep
|turn|4
|
|t:|1664938484
|switch|p2a: Ho-Oh|Ho-Oh|100/100
|move|p1a: Deoxys|Spikes|p2a: Ho-Oh
|-sidestart|p2: DECLANO196|Spikes
|
|upkeep
|turn|5
|
|t:|1664938489
|move|p1a: Deoxys|Taunt|p2a: Ho-Oh
|-start|p2a: Ho-Oh|move: Taunt
|move|p2a: Ho-Oh|Sacred Fire|p1a: Deoxys
|-damage|p1a: Deoxys|48/100
|
|upkeep
|turn|6
|
|t:|1664938496
|move|p1a: Deoxys|Spikes|p2a: Ho-Oh
|-sidestart|p2: DECLANO196|Spikes
|move|p2a: Ho-Oh|Earthquake|p1a: Deoxys
|-damage|p1a: Deoxys|16/100
|
|upkeep
|turn|7
|
|t:|1664938501
|switch|p1a: Grimmsnarl|Grimmsnarl, M|100/100
|move|p2a: Ho-Oh|Earthquake|p1a: Grimmsnarl
|-damage|p1a: Grimmsnarl|77/100
|
|-end|p2a: Ho-Oh|move: Taunt
|upkeep
|turn|8
|
|t:|1664938513
|move|p1a: Grimmsnarl|Taunt|p2a: Ho-Oh
|-start|p2a: Ho-Oh|move: Taunt
|move|p2a: Ho-Oh|Sacred Fire|p1a: Grimmsnarl
|-crit|p1a: Grimmsnarl
|-damage|p1a: Grimmsnarl|23/100
|
|upkeep
|turn|9
|
|t:|1664938519
|move|p1a: Grimmsnarl|Thunder Wave|p2a: Ho-Oh|[miss]
|-miss|p1a: Grimmsnarl|p2a: Ho-Oh
|move|p2a: Ho-Oh|Earthquake|p1a: Grimmsnarl
|-damage|p1a: Grimmsnarl|1/100
|
|upkeep
|turn|10
|j| v87
|
|t:|1664938526
|move|p1a: Grimmsnarl|Thunder Wave|p2a: Ho-Oh
|-status|p2a: Ho-Oh|par
|move|p2a: Ho-Oh|Earthquake|p1a: Grimmsnarl
|-damage|p1a: Grimmsnarl|0 fnt
|faint|p1a: Grimmsnarl
|
|-end|p2a: Ho-Oh|move: Taunt
|upkeep
|
|t:|1664938534
|switch|p1a: Yveltal|Yveltal|100/100
|-ability|p1a: Yveltal|Dark Aura
|turn|11
|
|t:|1664938541
|-start|p1a: Yveltal|Dynamax|
|-heal|p1a: Yveltal|100/100|[silent]
|move|p1a: Yveltal|Max Airstream|p2a: Ho-Oh
|-crit|p2a: Ho-Oh
|-damage|p2a: Ho-Oh|27/100 par
|-boost|p1a: Yveltal|spe|1
|-damage|p1a: Yveltal|96/100|[from] item: Life Orb
|move|p2a: Ho-Oh|Whirlwind|p1a: Yveltal
|-block|p1a: Yveltal|Dynamax
|
|upkeep
|turn|12
|
|t:|1664938552
|switch|p2a: Chansey|Chansey, F|100/100
|-damage|p2a: Chansey|88/100|[from] Stealth Rock
|-damage|p2a: Chansey|71/100|[from] Spikes
|move|p1a: Yveltal|Max Ooze|p2a: Chansey
|-damage|p2a: Chansey|59/100
|-boost|p1a: Yveltal|spa|1
|-damage|p1a: Yveltal|91/100|[from] item: Life Orb
|
|upkeep
|turn|13
|
|t:|1664938565
|move|p1a: Yveltal|Max Darkness|p2a: Chansey
|-damage|p2a: Chansey|9/100
|-unboost|p2a: Chansey|spd|1
|-damage|p1a: Yveltal|86/100|[from] item: Life Orb
|move|p2a: Chansey|Soft-Boiled|p2a: Chansey
|-heal|p2a: Chansey|59/100
|
|upkeep
|-end|p1a: Yveltal|Dynamax
|-heal|p1a: Yveltal|86/100|[silent]
|turn|14
|
|t:|1664938576
|move|p1a: Yveltal|Oblivion Wing|p2a: Chansey
|-damage|p2a: Chansey|23/100
|-heal|p1a: Yveltal|100/100|[from] drain|[of] p2a: Chansey
|-damage|p1a: Yveltal|91/100|[from] item: Life Orb
|move|p2a: Chansey|Soft-Boiled|p2a: Chansey
|-heal|p2a: Chansey|73/100
|
|upkeep
|turn|15
|
|t:|1664938584
|move|p1a: Yveltal|Dark Pulse|p2a: Chansey
|-damage|p2a: Chansey|26/100
|-damage|p1a: Yveltal|81/100|[from] item: Life Orb
|move|p2a: Chansey|Soft-Boiled|p2a: Chansey
|-heal|p2a: Chansey|76/100
|
|upkeep
|turn|16
|
|t:|1664938592
|move|p1a: Yveltal|Dark Pulse|p2a: Chansey
|-crit|p2a: Chansey
|-damage|p2a: Chansey|13/100
|-damage|p1a: Yveltal|71/100|[from] item: Life Orb
|cant|p2a: Chansey|flinch
|
|upkeep
|turn|17
|
|t:|1664938611
|switch|p2a: Ho-Oh|Ho-Oh|60/100 par
|move|p1a: Yveltal|Oblivion Wing|p2a: Ho-Oh
|-damage|p2a: Ho-Oh|17/100 par
|-heal|p1a: Yveltal|100/100|[from] drain|[of] p2a: Ho-Oh
|-damage|p1a: Yveltal|91/100|[from] item: Life Orb
|
|upkeep
|turn|18
|
|t:|1664938619
|move|p1a: Yveltal|Oblivion Wing|p2a: Ho-Oh
|-damage|p2a: Ho-Oh|0 fnt
|-heal|p1a: Yveltal|100/100|[from] drain|[of] p2a: Ho-Oh
|faint|p2a: Ho-Oh
|-damage|p1a: Yveltal|91/100|[from] item: Life Orb
|
|upkeep
|
|t:|1664938627
|switch|p2a: Lugia|Lugia|100/100
|turn|19
|
|t:|1664938629
|move|p1a: Yveltal|Dark Pulse|p2a: Lugia
|-supereffective|p2a: Lugia
|-damage|p2a: Lugia|42/100
|-damage|p1a: Yveltal|81/100|[from] item: Life Orb
|move|p2a: Lugia|Defog|p1a: Yveltal
|-unboost|p1a: Yveltal|evasion|1
|-sideend|p2: DECLANO196|Spikes|[from] move: Defog|[of] p2a: Lugia
|-sideend|p2: DECLANO196|Stealth Rock|[from] move: Defog|[of] p2a: Lugia
|
|upkeep
|turn|20
|
|t:|1664938637
|move|p1a: Yveltal|Dark Pulse|p2a: Lugia
|-supereffective|p2a: Lugia
|-damage|p2a: Lugia|0 fnt
|faint|p2a: Lugia
|-damage|p1a: Yveltal|71/100|[from] item: Life Orb
|
|upkeep
|
|t:|1664938645
|switch|p2a: Yveltal|Yveltal|100/100
|-ability|p2a: Yveltal|Dark Aura
|turn|21
|
|t:|1664938654
|-start|p2a: Yveltal|Dynamax|
|-heal|p2a: Yveltal|100/100|[silent]
|move|p1a: Yveltal|Oblivion Wing|p2a: Yveltal
|-damage|p2a: Yveltal|73/100
|-heal|p1a: Yveltal|100/100|[from] drain|[of] p2a: Yveltal
|-damage|p1a: Yveltal|91/100|[from] item: Life Orb
|move|p2a: Yveltal|Max Ooze|p1a: Yveltal
|-damage|p1a: Yveltal|51/100
|-boost|p2a: Yveltal|spa|1
|
|upkeep
|turn|22
|
|t:|1664938668
|move|p1a: Yveltal|Oblivion Wing|p2a: Yveltal
|-damage|p2a: Yveltal|45/100
|-heal|p1a: Yveltal|94/100|[from] drain|[of] p2a: Yveltal
|-damage|p1a: Yveltal|84/100|[from] item: Life Orb
|move|p2a: Yveltal|Max Ooze|p1a: Yveltal
|-damage|p1a: Yveltal|28/100
|-boost|p2a: Yveltal|spa|1
|
|upkeep
|turn|23
|
|t:|1664938679
|move|p1a: Yveltal|Oblivion Wing|p2a: Yveltal
|-damage|p2a: Yveltal|17/100
|-heal|p1a: Yveltal|72/100|[from] drain|[of] p2a: Yveltal
|-damage|p1a: Yveltal|62/100|[from] item: Life Orb
|move|p2a: Yveltal|Max Airstream|p1a: Yveltal
|-damage|p1a: Yveltal|0 fnt
|-boost|p2a: Yveltal|spe|1
|faint|p1a: Yveltal
|
|upkeep
|
|t:|1664938682
|switch|p1a: Rayquaza|Rayquaza|100/100
|-ability|p1a: Rayquaza|Air Lock
|-end|p2a: Yveltal|Dynamax
|-heal|p2a: Yveltal|17/100|[silent]
|turn|24
|
|t:|1664938694
|detailschange|p1a: Rayquaza|Rayquaza-Mega
|-mega|p1a: Rayquaza|Rayquaza|
|-weather|DeltaStream|[from] ability: Delta Stream|[of] p1a: Rayquaza
|move|p1a: Rayquaza|Extreme Speed|p2a: Yveltal
|-damage|p2a: Yveltal|0 fnt
|faint|p2a: Yveltal
|-damage|p1a: Rayquaza|91/100|[from] item: Life Orb
|
|-weather|DeltaStream|[upkeep]
|upkeep
|
|t:|1664938706
|switch|p2a: Ditto|Ditto|100/100
|-transform|p2a: Ditto|p1a: Rayquaza|[from] ability: Imposter
|turn|25
|
|t:|1664938712
|switch|p1a: Deoxys|Deoxys-Speed|16/100
|-ability|p1a: Deoxys|Pressure
|move|p2a: Ditto|Dragon Ascent|p1a: Deoxys
|-damage|p1a: Deoxys|0 fnt
|-unboost|p2a: Ditto|def|1
|-unboost|p2a: Ditto|spd|1
|faint|p1a: Deoxys
|
|-weather|DeltaStream|[upkeep]
|upkeep
|
|t:|1664938717
|switch|p1a: Zacian|Zacian-Crowned|100/100
|-ability|p1a: Zacian|Intrepid Sword|boost
|-boost|p1a: Zacian|atk|1
|turn|26
|
|t:|1664938725
|-weather|none
|switch|p2a: Chansey|Chansey, F|13/100
|move|p1a: Zacian|Behemoth Blade|p2a: Chansey
|-damage|p2a: Chansey|0 fnt
|faint|p2a: Chansey
|
|upkeep
|
|t:|1664938731
|switch|p2a: Ditto|Ditto|100/100
|-transform|p2a: Ditto|p1a: Zacian|[from] ability: Imposter
|-ability|p2a: Ditto|Intrepid Sword|boost
|-boost|p2a: Ditto|atk|1
|turn|27
|
|t:|1664938738
|switch|p1a: Rayquaza|Rayquaza-Mega|91/100
|-weather|DeltaStream|[from] ability: Delta Stream|[of] p1a: Rayquaza
|move|p2a: Ditto|Behemoth Blade|p1a: Rayquaza
|-damage|p1a: Rayquaza|0 fnt
|faint|p1a: Rayquaza
|-weather|none
|
|upkeep
|
|t:|1664938740
|switch|p1a: Necrozma|Necrozma-Dusk-Mane|100/100
|turn|28
|
|t:|1664938751
|move|p2a: Ditto|Behemoth Blade|p1a: Necrozma
|-resisted|p1a: Necrozma
|-damage|p1a: Necrozma|52/100
|move|p1a: Necrozma|Dragon Dance|p1a: Necrozma
|-boost|p1a: Necrozma|atk|1
|-boost|p1a: Necrozma|spe|1
|
|upkeep
|turn|29
|
|t:|1664938757
|move|p2a: Ditto|Behemoth Blade|p1a: Necrozma
|-resisted|p1a: Necrozma
|-damage|p1a: Necrozma|0 fnt
|faint|p1a: Necrozma
|
|upkeep
|-message|lavenderlad02 forfeited.
|
|win|DECLANO196
|raw|lavenderlad02's rating: 1714 &rarr; <strong>1694</strong><br />(-20 for losing)
|raw|DECLANO196's rating: 1713 &rarr; <strong>1733</strong><br />(+20 for winning)
|l|☆lavenderlad02
|l| v87
||Ladder isn't responding, score probably updated but might not have (Request timeout).
