|j|☆Dockiva ❦︎
|j|☆ImAbroom
|inactive|Battle timer is ON: inactive players will automatically lose when time's up.
|t:|1655338351
|gametype|singles
|player|p1|Dockiva ❦︎|adaman|
|player|p2|ImAbroom|red|
|teamsize|p1|6
|teamsize|p2|6
|gen|8
|tier|[Gen 8] National Dex AG
|rated|Tournament battle
|rule|HP Percentage Mod: HP is shown in percentages
|rule|Endless Battle Clause: Forcing endless battles is banned
|clearpoke
|poke|p1|Rayquaza|
|poke|p1|Zacian-*|
|poke|p1|Yveltal|
|poke|p1|Arceus-*|
|poke|p1|Groudon|
|poke|p1|Necrozma-Dusk-Mane|
|poke|p2|Rayquaza|
|poke|p2|Xerneas-*|
|poke|p2|Zacian-*|
|poke|p2|Zygarde|
|poke|p2|Groudon|
|poke|p2|Ho-Oh|
|teampreview
|inactive|Dockiva ❦︎ also wants the timer to be on.
|c|☆Dockiva ❦︎|hf
|j| mia_2.0
|j| betohax
|j| seidou53
|j| The Conceptionist
|j| TacticalMonkey
|n| seidou45|seidou53
|
|t:|1655338378
|start
|switch|p1a: Zacian|Zacian-Crowned|100/100
|switch|p2a: Upper Moon 4|Zygarde|100/100
|-ability|p1a: Zacian|Intrepid Sword|boost
|-boost|p1a: Zacian|atk|1
|turn|1
|
|t:|1655338395
|switch|p1a: Arceus|Arceus-Water|100/100
|switch|p2a: Upper Moon 5|Groudon|100/100
|detailschange|p2a: Upper Moon 5|Groudon-Primal
|-primal|p2a: Upper Moon 5
|-weather|DesolateLand|[from] ability: Desolate Land|[of] p2a: Upper Moon 5
|
|-weather|DesolateLand|[upkeep]
|upkeep
|turn|2
|
|t:|1655338400
|move|p2a: Upper Moon 5|Rock Tomb|p1a: Arceus
|-damage|p1a: Arceus|88/100
|-unboost|p1a: Arceus|spe|1
|move|p1a: Arceus|Toxic|p2a: Upper Moon 5|[miss]
|-miss|p1a: Arceus|p2a: Upper Moon 5
|
|-weather|DesolateLand|[upkeep]
|upkeep
|turn|3
|
|t:|1655338403
|move|p2a: Upper Moon 5|Stealth Rock|p1a: Arceus
|-sidestart|p1: Dockiva ❦︎|move: Stealth Rock
|move|p1a: Arceus|Toxic|p2a: Upper Moon 5
|-status|p2a: Upper Moon 5|tox
|
|-weather|DesolateLand|[upkeep]
|-damage|p2a: Upper Moon 5|94/100 tox|[from] psn
|upkeep
|turn|4
|
|t:|1655338406
|move|p2a: Upper Moon 5|Precipice Blades|p1a: Arceus
|-damage|p1a: Arceus|51/100
|move|p1a: Arceus|Recover|p1a: Arceus
|-heal|p1a: Arceus|100/100
|
|-weather|DesolateLand|[upkeep]
|-damage|p2a: Upper Moon 5|82/100 tox|[from] psn
|upkeep
|turn|5
|
|t:|1655338409
|-weather|none
|switch|p2a: Upper Moon 2|Xerneas|100/100
|-ability|p2a: Upper Moon 2|Fairy Aura
|move|p1a: Arceus|Recover||[still]
|-fail|p1a: Arceus|heal
|
|upkeep
|turn|6
|j| Apprenti Buck
|
|t:|1655338415
|move|p2a: Upper Moon 2|Geomancy||[still]
|-prepare|p2a: Upper Moon 2|Geomancy
|-enditem|p2a: Upper Moon 2|Power Herb
|-anim|p2a: Upper Moon 2|Geomancy|p2a: Upper Moon 2
|-boost|p2a: Upper Moon 2|spa|2
|-boost|p2a: Upper Moon 2|spd|2
|-boost|p2a: Upper Moon 2|spe|2
|move|p1a: Arceus|Toxic|p2a: Upper Moon 2
|-status|p2a: Upper Moon 2|tox
|
|-damage|p2a: Upper Moon 2|94/100 tox|[from] psn
|upkeep
|turn|7
|
|t:|1655338420
|switch|p1a: Groudon|Groudon|100/100
|-damage|p1a: Groudon|94/100|[from] Stealth Rock
|detailschange|p1a: Groudon|Groudon-Primal
|-primal|p1a: Groudon
|-weather|DesolateLand|[from] ability: Desolate Land|[of] p1a: Groudon
|-start|p2a: Upper Moon 2|Dynamax|
|-heal|p2a: Upper Moon 2|94/100 tox|[silent]
|move|p2a: Upper Moon 2|Max Starfall|p1a: Groudon
|-resisted|p1a: Groudon
|-damage|p1a: Groudon|30/100
|-fieldstart|move: Misty Terrain
|
|-weather|DesolateLand|[upkeep]
|-damage|p2a: Upper Moon 2|88/100 tox|[from] psn
|upkeep
|turn|8
|
|t:|1655338425
|move|p2a: Upper Moon 2|Max Flare|p1a: Groudon
|-resisted|p1a: Groudon
|-damage|p1a: Groudon|0 fnt
|-weather|SunnyDay
|faint|p1a: Groudon
|
|-weather|SunnyDay|[upkeep]
|-damage|p2a: Upper Moon 2|79/100 tox|[from] psn
|upkeep
|c| betohax|toxic the xern
|
|t:|1655338427
|switch|p1a: Necrozma|Necrozma-Dusk-Mane|100/100
|-damage|p1a: Necrozma|94/100|[from] Stealth Rock
|turn|9
|
|t:|1655338432
|-start|p1a: Necrozma|Dynamax|
|-heal|p1a: Necrozma|94/100|[silent]
|move|p1a: Necrozma|Max Guard|p1a: Necrozma
|-singleturn|p1a: Necrozma|Max Guard
|move|p2a: Upper Moon 2|Max Flare|p1a: Necrozma
|-activate|p1a: Necrozma|move: Max Guard
|
|-weather|SunnyDay|[upkeep]
|-damage|p2a: Upper Moon 2|66/100 tox|[from] psn
|upkeep
|-end|p2a: Upper Moon 2|Dynamax
|-heal|p2a: Upper Moon 2|66/100 tox|[silent]
|turn|10
|
|t:|1655338447
|move|p2a: Upper Moon 2|Hidden Power|p1a: Necrozma
|-supereffective|p1a: Necrozma
|-damage|p1a: Necrozma|54/100
|move|p1a: Necrozma|Max Steelspike|p2a: Upper Moon 2
|-supereffective|p2a: Upper Moon 2
|-damage|p2a: Upper Moon 2|0 fnt
|-boost|p1a: Necrozma|def|1
|faint|p2a: Upper Moon 2
|
|-weather|SunnyDay|[upkeep]
|upkeep
|
|t:|1655338455
|switch|p2a: Upper Moon 4|Zygarde|100/100
|turn|11
|
|t:|1655338459
|move|p2a: Upper Moon 4|Dragon Dance|p2a: Upper Moon 4
|-boost|p2a: Upper Moon 4|atk|1
|-boost|p2a: Upper Moon 4|spe|1
|move|p1a: Necrozma|Max Steelspike|p2a: Upper Moon 4
|-damage|p2a: Upper Moon 4|67/100
|-boost|p1a: Necrozma|def|1
|
|-weather|SunnyDay|[upkeep]
|-heal|p2a: Upper Moon 4|73/100|[from] item: Leftovers
|-fieldend|Misty Terrain
|upkeep
|-end|p1a: Necrozma|Dynamax
|-heal|p1a: Necrozma|54/100|[silent]
|turn|12
|
|t:|1655338463
|move|p2a: Upper Moon 4|Substitute|p2a: Upper Moon 4
|-start|p2a: Upper Moon 4|Substitute
|-damage|p2a: Upper Moon 4|48/100
|move|p1a: Necrozma|Toxic||[still]
|-fail|p1a: Necrozma
|
|-weather|none
|-heal|p2a: Upper Moon 4|54/100|[from] item: Leftovers
|upkeep
|turn|13
|j| Judgm3nt Day
|
|t:|1655338465
|move|p2a: Upper Moon 4|Glare|p1a: Necrozma
|-status|p1a: Necrozma|par
|cant|p1a: Necrozma|par
|
|-heal|p2a: Upper Moon 4|61/100|[from] item: Leftovers
|upkeep
|turn|14
|
|t:|1655338469
|move|p2a: Upper Moon 4|Thousand Arrows|p1a: Necrozma
|-supereffective|p1a: Necrozma
|-damage|p1a: Necrozma|35/100 par
|move|p1a: Necrozma|Sunsteel Strike|p2a: Upper Moon 4
|-activate|p2a: Upper Moon 4|move: Substitute|[damage]
|
|-heal|p2a: Upper Moon 4|67/100|[from] item: Leftovers
|upkeep
|turn|15
|
|t:|1655338473
|move|p2a: Upper Moon 4|Thousand Arrows|p1a: Necrozma
|-supereffective|p1a: Necrozma
|-damage|p1a: Necrozma|15/100 par
|move|p1a: Necrozma|Morning Sun|p1a: Necrozma
|-heal|p1a: Necrozma|65/100 par
|
|-heal|p2a: Upper Moon 4|73/100|[from] item: Leftovers
|upkeep
|turn|16
|
|t:|1655338477
|move|p2a: Upper Moon 4|Dragon Dance|p2a: Upper Moon 4
|-boost|p2a: Upper Moon 4|atk|1
|-boost|p2a: Upper Moon 4|spe|1
|move|p1a: Necrozma|Morning Sun|p1a: Necrozma
|-heal|p1a: Necrozma|100/100 par
|
|-heal|p2a: Upper Moon 4|79/100|[from] item: Leftovers
|upkeep
|turn|17
|c| Apprenti Buck|Im a broom u got this
|c| Apprenti Buck|fr
|
|t:|1655338481
|move|p2a: Upper Moon 4|Dragon Dance|p2a: Upper Moon 4
|-boost|p2a: Upper Moon 4|atk|1
|-boost|p2a: Upper Moon 4|spe|1
|cant|p1a: Necrozma|par
|
|-heal|p2a: Upper Moon 4|85/100|[from] item: Leftovers
|upkeep
|turn|18
|
|t:|1655338483
|move|p2a: Upper Moon 4|Dragon Dance|p2a: Upper Moon 4
|-boost|p2a: Upper Moon 4|atk|1
|-boost|p2a: Upper Moon 4|spe|1
|cant|p1a: Necrozma|par
|
|-heal|p2a: Upper Moon 4|92/100|[from] item: Leftovers
|upkeep
|turn|19
|c|☆Dockiva ❦︎|oh well
|
|t:|1655338491
|move|p2a: Upper Moon 4|Dragon Dance|p2a: Upper Moon 4
|-boost|p2a: Upper Moon 4|atk|1
|-boost|p2a: Upper Moon 4|spe|1
|cant|p1a: Necrozma|par
|
|-heal|p2a: Upper Moon 4|98/100|[from] item: Leftovers
|upkeep
|turn|20
|
|t:|1655338499
|move|p2a: Upper Moon 4|Thousand Arrows|p1a: Necrozma
|-supereffective|p1a: Necrozma
|-damage|p1a: Necrozma|61/100 par
|cant|p1a: Necrozma|par
|
|-heal|p2a: Upper Moon 4|100/100|[from] item: Leftovers
|upkeep
|turn|21
|c| betohax|zygarde sweep?
|c| seidou45|game over
|
|t:|1655338504
|move|p2a: Upper Moon 4|Thousand Arrows|p1a: Necrozma
|-supereffective|p1a: Necrozma
|-damage|p1a: Necrozma|19/100 par
|cant|p1a: Necrozma|par
|
|upkeep
|turn|22
|j| TheAwkardDevil
|c|☆Dockiva ❦︎|utututututu
|c|☆ImAbroom|Heh
|c|☆Dockiva ❦︎|putogamedemierdaaaa
|j| BTZ•CRAZY
|
|t:|1655338518
|move|p2a: Upper Moon 4|Thousand Arrows|p1a: Necrozma
|-supereffective|p1a: Necrozma
|-damage|p1a: Necrozma|0 fnt
|faint|p1a: Necrozma
|
|upkeep
|
|t:|1655338520
|switch|p1a: Arceus|Arceus-Water|100/100
|-damage|p1a: Arceus|88/100|[from] Stealth Rock
|turn|23
|
|t:|1655338523
|move|p2a: Upper Moon 4|Thousand Arrows|p1a: Arceus
|-damage|p1a: Arceus|36/100
|move|p1a: Arceus|Ice Beam|p2a: Upper Moon 4
|-supereffective|p2a: Upper Moon 4
|-end|p2a: Upper Moon 4|Substitute
|
|upkeep
|turn|24
|c| TacticalMonkey|typical dockiva L
|
|t:|1655338525
|move|p2a: Upper Moon 4|Thousand Arrows|p1a: Arceus
|-damage|p1a: Arceus|0 fnt
|faint|p1a: Arceus
|
|upkeep
|
|t:|1655338530
|switch|p1a: Yveltal|Yveltal|100/100
|-ability|p1a: Yveltal|Dark Aura
|turn|25
|c|☆Dockiva ❦︎|gg ig
|c| betohax|lol para hax
|c|☆ImAbroom|I know that was hacks but
|inactive|ImAbroom has 120 seconds left.
|l| Apprenti Buck
|c|☆ImAbroom|You should not have let me start d-dancing at first
|
|t:|1655338578
|move|p2a: Upper Moon 4|Thousand Arrows|p1a: Yveltal
|-crit|p1a: Yveltal
|-damage|p1a: Yveltal|0 fnt
|faint|p1a: Yveltal
|
|upkeep
|
|t:|1655338582
|switch|p1a: Rayquaza|Rayquaza|100/100
|-damage|p1a: Rayquaza|76/100|[from] Stealth Rock
|-ability|p1a: Rayquaza|Air Lock
|turn|26
|c| betohax|yeah shouldve insta gone arceus and ice beam
|c|☆ImAbroom|^
|c|☆Dockiva ❦︎|w/e, it's not a serious tournament
|c|☆ImAbroom|It was a game
|
|t:|1655338610
|detailschange|p1a: Rayquaza|Rayquaza-Mega
|-mega|p1a: Rayquaza|Rayquaza|
|-weather|DeltaStream|[from] ability: Delta Stream|[of] p1a: Rayquaza
|move|p1a: Rayquaza|Extreme Speed|p2a: Upper Moon 4
|-crit|p2a: Upper Moon 4
|-damage|p2a: Upper Moon 4|59/100
|-damage|p1a: Rayquaza|66/100|[from] item: Life Orb
|move|p2a: Upper Moon 4|Thousand Arrows|p1a: Rayquaza
|-damage|p1a: Rayquaza|0 fnt
|faint|p1a: Rayquaza
|-weather|none
|
|-heal|p2a: Upper Moon 4|65/100|[from] item: Leftovers
|upkeep
|c|☆ImAbroom|Lmao
|inactive|Dockiva ❦︎ has 120 seconds left.
|l| BTZ•CRAZY
|c|☆Dockiva ❦︎|yea, but i don't mind room tours
|
|t:|1655338635
|switch|p1a: Zacian|Zacian-Crowned|100/100
|-damage|p1a: Zacian|94/100|[from] Stealth Rock
|-ability|p1a: Zacian|Intrepid Sword|boost
|-boost|p1a: Zacian|atk|1
|turn|27
|inactive|ImAbroom has 120 seconds left.
|c|☆Dockiva ❦︎|just came in to face fardin lol
|
|t:|1655338665
|move|p2a: Upper Moon 4|Thousand Arrows|p1a: Zacian
|-supereffective|p1a: Zacian
|-damage|p1a: Zacian|0 fnt
|faint|p1a: Zacian
|
|win|ImAbroom
|n|☆Dockiva ❦︎|dockiva
|n|☆ImAbroom|imabroom
|n| mia_2.0|mia20
|n| betohax|betohax
|n| The Conceptionist|theconceptionist
|n| TacticalMonkey|tacticalmonkey
|n| seidou45|seidou45
|n| Judgm3nt Day|judgm3ntday
|n| TheAwkardDevil|theawkarddevil
