|j|☆supermario1096
|j|☆emaytetehew
|t:|1658535643
|gametype|singles
|player|p1|supermario1096|n|1604
|player|p2|emaytetehew|265|1635
|teamsize|p1|6
|teamsize|p2|6
|gen|8
|tier|[Gen 8] National Dex AG
|rated|
|rule|HP Percentage Mod: HP is shown in percentages
|rule|Endless Battle Clause: Forcing endless battles is banned
|clearpoke
|poke|p1|Rayquaza|
|poke|p1|Calyrex-Shadow|
|poke|p1|Deoxys-Speed|
|poke|p1|Yveltal|
|poke|p1|Necrozma-Dusk-Mane|
|poke|p1|Arceus-*|
|poke|p2|Arceus-*|
|poke|p2|Arceus-*|
|poke|p2|Ho-Oh|
|poke|p2|Xerneas-*|
|poke|p2|Mewtwo|
|poke|p2|Lucario, M|
|teampreview
|
|t:|1658535656
|start
|switch|p1a: Deoxys|Deoxys-Speed|100/100
|switch|p2a: Lucario|Lucario, M|100/100
|-ability|p1a: Deoxys|Pressure
|turn|1
|
|t:|1658535663
|detailschange|p2a: Lucario|Lucario-Mega, M
|-mega|p2a: Lucario|Lucario|Lucarionite
|move|p1a: Deoxys|Skill Swap|p2a: Lucario
|-activate|p1a: Deoxys|move: Skill Swap|Adaptability|Pressure|[of] p2a: Lucario
|-ability|p2a: Lucario|Pressure
|move|p2a: Lucario|Meteor Mash|p1a: Deoxys
|-damage|p1a: Deoxys|37/100
|
|upkeep
|turn|2
|j| dfgdgrdsd
|
|t:|1658535674
|move|p1a: Deoxys|Stealth Rock|p2a: Lucario
|-sidestart|p2: emaytetehew|move: Stealth Rock
|move|p2a: Lucario|Swords Dance|p2a: Lucario
|-boost|p2a: Lucario|atk|2
|
|upkeep
|turn|3
|
|t:|1658535682
|move|p2a: Lucario|Bullet Punch|p1a: Deoxys
|-damage|p1a: Deoxys|0 fnt
|faint|p1a: Deoxys
|
|upkeep
|
|t:|1658535691
|switch|p1a: Necrozma|Necrozma-Dusk-Mane|100/100
|turn|4
|
|t:|1658535708
|switch|p2a: Ho-Oh|Ho-Oh|100/100
|move|p1a: Necrozma|Dragon Dance|p1a: Necrozma
|-boost|p1a: Necrozma|atk|1
|-boost|p1a: Necrozma|spe|1
|
|upkeep
|turn|5
|
|t:|1658535712
|move|p1a: Necrozma|Stone Edge|p2a: Ho-Oh
|-supereffective|p2a: Ho-Oh
|-damage|p2a: Ho-Oh|0 fnt
|faint|p2a: Ho-Oh
|
|upkeep
|
|t:|1658535723
|switch|p2a: Arceus|Arceus-Water|100/100
|-damage|p2a: Arceus|88/100|[from] Stealth Rock
|turn|6
|
|t:|1658535730
|detailschange|p1a: Necrozma|Necrozma-Ultra
|-burst|p1a: Necrozma|Necrozma|Ultranecrozium Z
|move|p1a: Necrozma|Photon Geyser|p2a: Arceus
|-damage|p2a: Arceus|39/100
|move|p2a: Arceus|Whirlpool|p1a: Necrozma
|-resisted|p1a: Necrozma
|-damage|p1a: Necrozma|92/100
|-activate|p1a: Necrozma|move: Whirlpool|[of] p2a: Arceus
|
|-damage|p1a: Necrozma|80/100|[from] move: Whirlpool|[partiallytrapped]
|upkeep
|turn|7
|
|t:|1658535744
|switch|p2a: Arceus|Arceus-Dark|100/100
|-damage|p2a: Arceus|88/100|[from] Stealth Rock
|move|p1a: Necrozma|Dragon Dance|p1a: Necrozma
|-boost|p1a: Necrozma|atk|1
|-boost|p1a: Necrozma|spe|1
|
|-end|p1a: Necrozma|Whirlpool|[partiallytrapped]|[silent]
|upkeep
|turn|8
|-message|emaytetehew forfeited.
|
|win|supermario1096
|raw|supermario1096's rating: 1604 &rarr; <strong>1626</strong><br />(+22 for winning)
|raw|emaytetehew's rating: 1635 &rarr; <strong>1613</strong><br />(-22 for losing)
|l|☆emaytetehew
