|j|☆MassaMarshadow
|j|☆iHaveAsthma
|t:|1641487399
|gametype|singles
|player|p1|MassaMarshadow|169|1678
|player|p2|iHaveAsthma|doctor|1859
|teamsize|p1|6
|teamsize|p2|6
|gen|8
|tier|[Gen 8] National Dex AG
|rated|
|rule|HP Percentage Mod: HP is shown in percentages
|rule|Endless Battle Clause: Forcing endless battles is banned
|clearpoke
|poke|p1|Eternatus|
|poke|p1|Tyranitar, F|
|poke|p1|Necrozma-Dusk-Mane|
|poke|p1|Ho-Oh|
|poke|p1|Zygarde|
|poke|p1|Groudon|
|poke|p2|Rayquaza|
|poke|p2|Lugia|
|poke|p2|Arceus-*|
|poke|p2|Calyrex-Shadow|
|poke|p2|Groudon|
|poke|p2|Arceus-*|
|teampreview
|
|t:|1641487420
|start
|switch|p1a: Zygarde|Zygarde|100/100
|switch|p2a: Rayquaza|Rayquaza|100/100
|-ability|p2a: Rayquaza|Air Lock
|turn|1
|inactive|Battle timer is ON: inactive players will automatically lose when time's up. (requested by iHaveAsthma)
|
|t:|1641487425
|detailschange|p2a: Rayquaza|Rayquaza-Mega
|-mega|p2a: Rayquaza|Rayquaza|
|-weather|DeltaStream|[from] ability: Delta Stream|[of] p2a: Rayquaza
|move|p2a: Rayquaza|Scale Shot|p1a: Zygarde|[miss]
|-miss|p2a: Rayquaza|p1a: Zygarde
|move|p1a: Zygarde|Glare|p2a: Rayquaza
|-status|p2a: Rayquaza|par
|
|-weather|DeltaStream|[upkeep]
|upkeep
|turn|2
|
|t:|1641487438
|move|p1a: Zygarde|Thousand Arrows|p2a: Rayquaza
|-damage|p2a: Rayquaza|72/100 par
|-start|p2a: Rayquaza|Smack Down
|move|p2a: Rayquaza|Scale Shot|p1a: Zygarde
|-supereffective|p1a: Zygarde
|-damage|p1a: Zygarde|82/100
|-supereffective|p1a: Zygarde
|-damage|p1a: Zygarde|62/100
|-supereffective|p1a: Zygarde
|-damage|p1a: Zygarde|43/100
|-supereffective|p1a: Zygarde
|-damage|p1a: Zygarde|23/100
|-supereffective|p1a: Zygarde
|-damage|p1a: Zygarde|4/100
|-hitcount|p1a: Zygarde|5
|-unboost|p2a: Rayquaza|def|1
|-boost|p2a: Rayquaza|spe|1
|
|-weather|DeltaStream|[upkeep]
|-heal|p1a: Zygarde|10/100|[from] item: Leftovers
|-activate|p1a: Zygarde|ability: Power Construct
|detailschange|p1a: Zygarde|Zygarde-Complete
|-heal|p1a: Zygarde|41/100|[silent]
|upkeep
|turn|3
|
|t:|1641487468
|switch|p1a: Groudon|Groudon|100/100
|detailschange|p1a: Groudon|Groudon-Primal
|-primal|p1a: Groudon
|-weather|DesolateLand|[from] ability: Desolate Land|[of] p1a: Groudon
|move|p2a: Rayquaza|Scale Shot|p1a: Groudon
|-damage|p1a: Groudon|91/100
|-damage|p1a: Groudon|81/100
|-damage|p1a: Groudon|71/100
|-damage|p1a: Groudon|61/100
|-hitcount|p1a: Groudon|4
|-unboost|p2a: Rayquaza|def|1
|-boost|p2a: Rayquaza|spe|1
|
|-weather|DesolateLand|[upkeep]
|upkeep
|turn|4
|inactive|MassaMarshadow has 120 seconds left.
|
|t:|1641487484
|cant|p2a: Rayquaza|par
|move|p1a: Groudon|Stone Edge|p2a: Rayquaza
|-supereffective|p2a: Rayquaza
|-damage|p2a: Rayquaza|0 fnt
|faint|p2a: Rayquaza
|
|-weather|DesolateLand|[upkeep]
|upkeep
|
|t:|1641487501
|switch|p2a: Groudon|Groudon|100/100
|detailschange|p2a: Groudon|Groudon-Primal
|-primal|p2a: Groudon
|turn|5
|
|t:|1641487507
|move|p2a: Groudon|Toxic|p1a: Groudon
|-status|p1a: Groudon|tox
|move|p1a: Groudon|Precipice Blades|p2a: Groudon
|-supereffective|p2a: Groudon
|-damage|p2a: Groudon|6/100
|
|-weather|DesolateLand|[upkeep]
|-damage|p1a: Groudon|55/100 tox|[from] psn
|upkeep
|turn|6
|
|t:|1641487515
|switch|p1a: Ho-Oh|Ho-Oh|100/100
|move|p2a: Groudon|Stealth Rock|p1a: Ho-Oh
|-sidestart|p1: MassaMarshadow|move: Stealth Rock
|
|-weather|DesolateLand|[upkeep]
|upkeep
|turn|7
|
|t:|1641487520
|move|p2a: Groudon|Toxic|p1a: Ho-Oh
|-status|p1a: Ho-Oh|tox
|move|p1a: Ho-Oh|Defog|p2a: Groudon
|-unboost|p2a: Groudon|evasion|1
|-sideend|p1: MassaMarshadow|Stealth Rock|[from] move: Defog|[of] p1a: Ho-Oh
|
|-weather|DesolateLand|[upkeep]
|-damage|p1a: Ho-Oh|94/100 tox|[from] psn
|upkeep
|turn|8
|
|t:|1641487536
|move|p2a: Groudon|Stealth Rock|p1a: Ho-Oh
|-sidestart|p1: MassaMarshadow|move: Stealth Rock
|move|p1a: Ho-Oh|Sacred Fire|p2a: Groudon
|-resisted|p2a: Groudon
|-damage|p2a: Groudon|0 fnt
|faint|p2a: Groudon
|-weather|none
|
|-damage|p1a: Ho-Oh|82/100 tox|[from] psn
|upkeep
|
|t:|1641487547
|switch|p2a: Calyrex|Calyrex-Shadow|100/100
|-ability|p2a: Calyrex|As One
|-ability|p2a: Calyrex|Unnerve
|turn|9
|
|t:|1641487552
|switch|p1a: Tyranitar|Tyranitar, F|100/100
|-damage|p1a: Tyranitar|88/100|[from] Stealth Rock
|-weather|Sandstorm|[from] ability: Sand Stream|[of] p1a: Tyranitar
|move|p2a: Calyrex|Nasty Plot|p2a: Calyrex
|-boost|p2a: Calyrex|spa|2
|
|-weather|Sandstorm|[upkeep]
|-damage|p2a: Calyrex|94/100|[from] Sandstorm
|upkeep
|turn|10
|
|t:|1641487565
|detailschange|p1a: Tyranitar|Tyranitar-Mega, F
|-mega|p1a: Tyranitar|Tyranitar|Tyranitarite
|move|p2a: Calyrex|Draining Kiss|p1a: Tyranitar
|-supereffective|p1a: Tyranitar
|-damage|p1a: Tyranitar|57/100
|-heal|p2a: Calyrex|100/100|[from] drain|[of] p1a: Tyranitar
|move|p1a: Tyranitar|Rock Tomb|p2a: Calyrex
|-damage|p2a: Calyrex|63/100
|-unboost|p2a: Calyrex|spe|1
|
|-weather|Sandstorm|[upkeep]
|-damage|p2a: Calyrex|57/100|[from] Sandstorm
|upkeep
|turn|11
|
|t:|1641487575
|move|p2a: Calyrex|Draining Kiss|p1a: Tyranitar
|-supereffective|p1a: Tyranitar
|-damage|p1a: Tyranitar|30/100
|-heal|p2a: Calyrex|81/100|[from] drain|[of] p1a: Tyranitar
|move|p1a: Tyranitar|Pursuit|p2a: Calyrex
|-supereffective|p2a: Calyrex
|-damage|p2a: Calyrex|0 fnt
|faint|p2a: Calyrex
|
|-weather|Sandstorm|[upkeep]
|upkeep
|
|t:|1641487583
|switch|p2a: Arceus|Arceus-Ground|100/100
|turn|12
|
|t:|1641487587
|switch|p1a: Ho-Oh|Ho-Oh|100/100 tox
|move|p2a: Arceus|Calm Mind|p2a: Arceus
|-boost|p2a: Arceus|spa|1
|-boost|p2a: Arceus|spd|1
|
|-weather|Sandstorm|[upkeep]
|-damage|p1a: Ho-Oh|94/100 tox|[from] Sandstorm
|-damage|p1a: Ho-Oh|88/100 tox|[from] psn
|upkeep
|turn|13
|
|t:|1641487592
|move|p2a: Arceus|Calm Mind|p2a: Arceus
|-boost|p2a: Arceus|spa|1
|-boost|p2a: Arceus|spd|1
|move|p1a: Ho-Oh|Toxic|p2a: Arceus|[miss]
|-miss|p1a: Ho-Oh|p2a: Arceus
|
|-weather|none
|-damage|p1a: Ho-Oh|76/100 tox|[from] psn
|upkeep
|turn|14
|
|t:|1641487600
|move|p2a: Arceus|Ice Beam|p1a: Ho-Oh
|-damage|p1a: Ho-Oh|52/100 tox
|move|p1a: Ho-Oh|Toxic|p2a: Arceus
|-status|p2a: Arceus|tox
|
|-damage|p2a: Arceus|94/100 tox|[from] psn
|-damage|p1a: Ho-Oh|34/100 tox|[from] psn
|upkeep
|turn|15
|
|t:|1641487608
|switch|p1a: Groudon|Groudon-Primal|55/100 tox
|-damage|p1a: Groudon|42/100 tox|[from] Stealth Rock
|-weather|DesolateLand|[from] ability: Desolate Land|[of] p1a: Groudon
|move|p2a: Arceus|Ice Beam|p1a: Groudon
|-damage|p1a: Groudon|10/100 tox
|
|-weather|DesolateLand|[upkeep]
|-damage|p2a: Arceus|82/100 tox|[from] psn
|-damage|p1a: Groudon|4/100 tox|[from] psn
|upkeep
|turn|16
|
|t:|1641487620
|move|p2a: Arceus|Ice Beam|p1a: Groudon
|-damage|p1a: Groudon|0 fnt
|faint|p1a: Groudon
|-weather|none
|
|-damage|p2a: Arceus|64/100 tox|[from] psn
|upkeep
|
|t:|1641487627
|switch|p1a: Ho-Oh|Ho-Oh|67/100 tox
|turn|17
|
|t:|1641487633
|move|p2a: Arceus|Ice Beam|p1a: Ho-Oh
|-damage|p1a: Ho-Oh|40/100 tox
|move|p1a: Ho-Oh|Defog|p2a: Arceus
|-unboost|p2a: Arceus|evasion|1
|-sideend|p1: MassaMarshadow|Stealth Rock|[from] move: Defog|[of] p1a: Ho-Oh
|
|-damage|p2a: Arceus|40/100 tox|[from] psn
|-damage|p1a: Ho-Oh|34/100 tox|[from] psn
|upkeep
|turn|18
|
|t:|1641487642
|switch|p1a: Necrozma|Necrozma-Dusk-Mane|100/100
|move|p2a: Arceus|Ice Beam|p1a: Necrozma
|-resisted|p1a: Necrozma
|-damage|p1a: Necrozma|83/100
|
|-damage|p2a: Arceus|9/100 tox|[from] psn
|upkeep
|turn|19
|
|t:|1641487655
|switch|p1a: Ho-Oh|Ho-Oh|67/100 tox
|move|p2a: Arceus|Recover|p2a: Arceus
|-heal|p2a: Arceus|59/100 tox
|
|-damage|p2a: Arceus|23/100 tox|[from] psn
|-damage|p1a: Ho-Oh|61/100 tox|[from] psn
|upkeep
|turn|20
|
|t:|1641487666
|switch|p1a: Necrozma|Necrozma-Dusk-Mane|83/100
|move|p2a: Arceus|Ice Beam|p1a: Necrozma
|-resisted|p1a: Necrozma
|-damage|p1a: Necrozma|63/100
|
|-damage|p2a: Arceus|0 fnt|[from] psn
|faint|p2a: Arceus
|upkeep
|
|t:|1641487680
|switch|p2a: Arceus|Arceus-Flying|100/100
|turn|21
|
|t:|1641487700
|-start|p1a: Necrozma|Dynamax
|-heal|p1a: Necrozma|63/100|[silent]
|move|p2a: Arceus|Swords Dance|p2a: Arceus
|-boost|p2a: Arceus|atk|2
|move|p1a: Necrozma|Max Steelspike|p2a: Arceus
|-damage|p2a: Arceus|51/100
|-boost|p1a: Necrozma|def|1
|
|upkeep
|turn|22
|
|t:|1641487709
|move|p2a: Arceus|Recover|p2a: Arceus
|-heal|p2a: Arceus|100/100
|move|p1a: Necrozma|Max Steelspike|p2a: Arceus
|-damage|p2a: Arceus|57/100
|-boost|p1a: Necrozma|def|1
|
|upkeep
|turn|23
|
|t:|1641487717
|move|p2a: Arceus|Recover|p2a: Arceus
|-heal|p2a: Arceus|100/100
|move|p1a: Necrozma|Max Steelspike|p2a: Arceus
|-damage|p2a: Arceus|52/100
|-boost|p1a: Necrozma|def|1
|
|-end|p1a: Necrozma|Dynamax
|-heal|p1a: Necrozma|63/100|[silent]
|upkeep
|turn|24
|
|t:|1641487728
|switch|p1a: Ho-Oh|Ho-Oh|95/100 tox
|move|p2a: Arceus|Recover|p2a: Arceus
|-heal|p2a: Arceus|100/100
|
|-damage|p1a: Ho-Oh|89/100 tox|[from] psn
|upkeep
|turn|25
|
|t:|1641487734
|-start|p2a: Arceus|Dynamax
|-heal|p2a: Arceus|100/100|[silent]
|move|p2a: Arceus|Max Airstream|p1a: Ho-Oh
|-damage|p1a: Ho-Oh|0 fnt
|-boost|p2a: Arceus|spe|1
|faint|p1a: Ho-Oh
|
|upkeep
|
|t:|1641487746
|switch|p1a: Necrozma|Necrozma-Dusk-Mane|63/100
|turn|26
|
|t:|1641487765
|move|p2a: Arceus|Max Guard|p2a: Arceus
|-singleturn|p2a: Arceus|Max Guard
|move|p1a: Necrozma|Moonlight|p1a: Necrozma
|-heal|p1a: Necrozma|100/100
|
|upkeep
|turn|27
|
|t:|1641487773
|move|p2a: Arceus|Max Airstream|p1a: Necrozma
|-resisted|p1a: Necrozma
|-damage|p1a: Necrozma|60/100
|-boost|p2a: Arceus|spe|1
|move|p1a: Necrozma|Sunsteel Strike|p2a: Arceus
|-damage|p2a: Arceus|83/100
|
|-end|p2a: Arceus|Dynamax
|-heal|p2a: Arceus|83/100|[silent]
|upkeep
|turn|28
|
|t:|1641487783
|move|p2a: Arceus|Swords Dance|p2a: Arceus
|-boost|p2a: Arceus|atk|2
|move|p1a: Necrozma|Stealth Rock|p2a: Arceus
|-sidestart|p2: iHaveAsthma|move: Stealth Rock
|
|upkeep
|turn|29
|
|t:|1641487791
|move|p2a: Arceus|Swords Dance|p2a: Arceus
|-boost|p2a: Arceus|atk|2
|move|p1a: Necrozma|Moonlight|p1a: Necrozma
|-heal|p1a: Necrozma|100/100
|
|upkeep
|turn|30
|
|t:|1641487796
|move|p2a: Arceus|Earthquake|p1a: Necrozma
|-supereffective|p1a: Necrozma
|-damage|p1a: Necrozma|0 fnt
|faint|p1a: Necrozma
|
|upkeep
|
|t:|1641487801
|switch|p1a: Zygarde|Zygarde-Complete|41/100
|turn|31
|
|t:|1641487806
|move|p2a: Arceus|Fly||[still]
|-prepare|p2a: Arceus|Fly
|move|p1a: Zygarde|Haze|p1a: Zygarde
|-clearallboost
|
|-heal|p1a: Zygarde|47/100|[from] item: Leftovers
|upkeep
|turn|32
|
|t:|1641487813
|move|p2a: Arceus|Fly|p1a: Zygarde|[from]lockedmove
|-damage|p1a: Zygarde|28/100
|move|p1a: Zygarde|Glare|p2a: Arceus
|-status|p2a: Arceus|par
|
|-heal|p1a: Zygarde|34/100|[from] item: Leftovers
|upkeep
|turn|33
|
|t:|1641487828
|move|p1a: Zygarde|Thousand Arrows|p2a: Arceus
|-crit|p2a: Arceus
|-damage|p2a: Arceus|49/100 par
|-start|p2a: Arceus|Smack Down
|move|p2a: Arceus|Swords Dance|p2a: Arceus
|-boost|p2a: Arceus|atk|2
|
|-heal|p1a: Zygarde|41/100|[from] item: Leftovers
|upkeep
|turn|34
|
|t:|1641487836
|move|p1a: Zygarde|Haze|p1a: Zygarde
|-clearallboost
|move|p2a: Arceus|Recover|p2a: Arceus
|-heal|p2a: Arceus|99/100 par
|
|-heal|p1a: Zygarde|47/100|[from] item: Leftovers
|upkeep
|turn|35
|
|t:|1641487843
|move|p1a: Zygarde|Thousand Arrows|p2a: Arceus
|-damage|p2a: Arceus|77/100 par
|move|p2a: Arceus|Earthquake|p1a: Zygarde
|-damage|p1a: Zygarde|35/100
|
|-heal|p1a: Zygarde|41/100|[from] item: Leftovers
|upkeep
|turn|36
|
|t:|1641487851
|move|p1a: Zygarde|Thousand Arrows|p2a: Arceus
|-damage|p2a: Arceus|55/100 par
|move|p2a: Arceus|Swords Dance|p2a: Arceus
|-boost|p2a: Arceus|atk|2
|
|-heal|p1a: Zygarde|47/100|[from] item: Leftovers
|upkeep
|turn|37
|
|t:|1641487857
|move|p1a: Zygarde|Haze|p1a: Zygarde
|-clearallboost
|cant|p2a: Arceus|par
|
|-heal|p1a: Zygarde|53/100|[from] item: Leftovers
|upkeep
|turn|38
|-message|iHaveAsthma forfeited.
|
|win|MassaMarshadow
|raw|MassaMarshadow's rating: 1678 &rarr; <strong>1708</strong><br />(+30 for winning)
|raw|iHaveAsthma's rating: 1859 &rarr; <strong>1829</strong><br />(-30 for losing)
|l|☆iHaveAsthma
||Ladder isn't responding, score probably updated but might not have (Request timeout).
