|j|☆agltdlc Gnar
|j|☆Jayki11
|player|p1|agltdlc Gnar|lance-gen2|1363
|player|p2|Jayki11|red|1425
|teamsize|p1|6
|teamsize|p2|6
|gametype|singles
|gen|8
|tier|[Gen 8] National Dex AG
|rated|
|clearpoke
|poke|p1|Diancie|
|poke|p1|Arceus-*|
|poke|p1|Necrozma-Dusk-Mane|
|poke|p1|Zacian-Crowned|
|poke|p1|Ho-Oh|
|poke|p1|Arceus-*|
|poke|p2|Yveltal|
|poke|p2|Groudon|
|poke|p2|Necrozma-Dusk-Mane|
|poke|p2|Ho-Oh|
|poke|p2|Marshadow|
|poke|p2|Zygarde|
|rule|HP Percentage Mod: HP is shown in percentages
|rule|Endless Battle Clause: Forcing endless battles is banned
|teampreview
|
|start
|switch|p1a: Diancie|Diancie|100/100
|switch|p2a: Groudon|Groudon|100/100
|detailschange|p2a: Groudon|Groudon-Primal
|-primal|p2a: Groudon
|-weather|DesolateLand|[from] ability: Desolate Land|[of] p2a: Groudon
|turn|1
|inactive|Battle timer is ON: inactive players will automatically lose when time's up. (requested by Jayki11)
|
|detailschange|p1a: Diancie|Diancie-Mega
|-mega|p1a: Diancie|Diancie|Diancite
|move|p1a: Diancie|Earth Power|p2a: Groudon
|-supereffective|p2a: Groudon
|-damage|p2a: Groudon|47/100
|move|p2a: Groudon|Precipice Blades|p1a: Diancie
|-supereffective|p1a: Diancie
|-damage|p1a: Diancie|0 fnt
|faint|p1a: Diancie
|
|-weather|DesolateLand|[upkeep]
|upkeep
|
|switch|p1a: Arceus|Arceus-Ground|100/100
|turn|2
|
|move|p1a: Arceus|Thunder Wave|p2a: Groudon
|-immune|p2a: Groudon
|move|p2a: Groudon|Stealth Rock|p1a: Arceus
|-sidestart|p1: agltdlc Gnar|move: Stealth Rock
|
|-weather|DesolateLand|[upkeep]
|upkeep
|turn|3
|
|move|p1a: Arceus|Judgment|p2a: Groudon
|-supereffective|p2a: Groudon
|-damage|p2a: Groudon|0 fnt
|faint|p2a: Groudon
|-weather|none
|
|upkeep
|
|switch|p2a: Zygarde|Zygarde|100/100
|turn|4
|
|switch|p1a: Zacian|Zacian-Crowned, shiny|100/100
|-damage|p1a: Zacian|94/100|[from] Stealth Rock
|-ability|p1a: Zacian|Intrepid Sword|boost
|-boost|p1a: Zacian|atk|1
|move|p2a: Zygarde|Coil|p2a: Zygarde
|-boost|p2a: Zygarde|atk|1
|-boost|p2a: Zygarde|def|1
|-boost|p2a: Zygarde|accuracy|1
|
|upkeep
|turn|5
|
|-start|p2a: Zygarde|Dynamax
|-heal|p2a: Zygarde|100/100|[silent]
|move|p1a: Zacian|Play Rough|p2a: Zygarde
|-supereffective|p2a: Zygarde
|-damage|p2a: Zygarde|73/100
|move|p2a: Zygarde|Max Quake|p1a: Zacian
|-supereffective|p1a: Zacian
|-damage|p1a: Zacian|0 fnt
|-boost|p2a: Zygarde|spd|1
|faint|p1a: Zacian
|
|-heal|p2a: Zygarde|76/100|[from] item: Leftovers
|upkeep
|
|switch|p1a: Ho-Oh|Ho-Oh|100/100
|turn|6
|
|move|p2a: Zygarde|Max Guard|p2a: Zygarde
|-singleturn|p2a: Zygarde|Max Guard
|move|p1a: Ho-Oh|Toxic|p2a: Zygarde
|-activate|p2a: Zygarde|move: Max Guard
|
|-heal|p2a: Zygarde|80/100|[from] item: Leftovers
|upkeep
|turn|7
|
|move|p2a: Zygarde|Max Guard|p2a: Zygarde
|-singleturn|p2a: Zygarde|Max Guard
|move|p1a: Ho-Oh|Defog|p2a: Zygarde
|-activate|p2a: Zygarde|move: Max Guard
|
|-heal|p2a: Zygarde|83/100|[from] item: Leftovers
|-end|p2a: Zygarde|Dynamax
|-heal|p2a: Zygarde|83/100|[silent]
|upkeep
|turn|8
|
|move|p2a: Zygarde|Glare|p1a: Ho-Oh
|-status|p1a: Ho-Oh|par
|move|p1a: Ho-Oh|Whirlwind|p2a: Zygarde
|drag|p2a: Ho-Oh|Ho-Oh|100/100
|
|upkeep
|turn|9
|
|switch|p2a: Zygarde|Zygarde|83/100
|move|p1a: Ho-Oh|Toxic|p2a: Zygarde
|-status|p2a: Zygarde|tox
|
|-heal|p2a: Zygarde|89/100 tox|[from] item: Leftovers
|-damage|p2a: Zygarde|83/100 tox|[from] psn
|upkeep
|turn|10
|
|switch|p1a: Arceus|Arceus|100/100
|-damage|p1a: Arceus|88/100|[from] Stealth Rock
|move|p2a: Zygarde|Coil|p2a: Zygarde
|-boost|p2a: Zygarde|atk|1
|-boost|p2a: Zygarde|def|1
|-boost|p2a: Zygarde|accuracy|1
|
|-heal|p2a: Zygarde|89/100 tox|[from] item: Leftovers
|-damage|p2a: Zygarde|76/100 tox|[from] psn
|upkeep
|turn|11
|
|switch|p1a: Ho-Oh|Ho-Oh|100/100 par
|move|p2a: Zygarde|Thousand Arrows|p1a: Ho-Oh
|-damage|p1a: Ho-Oh|59/100 par
|-start|p1a: Ho-Oh|Smack Down
|
|-heal|p2a: Zygarde|83/100 tox|[from] item: Leftovers
|-damage|p2a: Zygarde|64/100 tox|[from] psn
|upkeep
|turn|12
|
|switch|p1a: Arceus|Arceus-Ground|100/100
|-damage|p1a: Arceus|94/100|[from] Stealth Rock
|move|p2a: Zygarde|Rest|p2a: Zygarde
|-status|p2a: Zygarde|slp|[from] move: Rest
|-heal|p2a: Zygarde|100/100 slp|[silent]
|
|upkeep
|turn|13
|
|switch|p1a: Ho-Oh|Ho-Oh|92/100 par
|cant|p2a: Zygarde|slp
|
|upkeep
|turn|14
|
|cant|p2a: Zygarde|slp
|move|p1a: Ho-Oh|Whirlwind|p2a: Zygarde
|drag|p2a: Yveltal|Yveltal|100/100
|-ability|p2a: Yveltal|Dark Aura
|
|upkeep
|turn|15
|
|switch|p2a: Zygarde|Zygarde|100/100 slp
|move|p1a: Ho-Oh|Toxic||[still]
|-fail|p1a: Ho-Oh
|
|upkeep
|turn|16
|
|-curestatus|p2a: Zygarde|slp|[msg]
|move|p2a: Zygarde|Thousand Arrows|p1a: Ho-Oh
|-damage|p1a: Ho-Oh|65/100 par
|-start|p1a: Ho-Oh|Smack Down
|move|p1a: Ho-Oh|Whirlwind|p2a: Zygarde
|drag|p2a: Ho-Oh|Ho-Oh|100/100
|
|upkeep
|turn|17
|
|switch|p2a: Zygarde|Zygarde|100/100
|switch|p1a: Arceus|Arceus-Ground|94/100
|-damage|p1a: Arceus|88/100|[from] Stealth Rock
|
|upkeep
|turn|18
|
|move|p1a: Arceus|Thunder Wave|p2a: Zygarde
|-immune|p2a: Zygarde
|move|p2a: Zygarde|Thousand Arrows|p1a: Arceus
|-damage|p1a: Arceus|67/100
|
|upkeep
|turn|19
|
|move|p1a: Arceus|Ice Beam|p2a: Zygarde
|-supereffective|p2a: Zygarde
|-damage|p2a: Zygarde|14/100
|move|p2a: Zygarde|Thousand Arrows|p1a: Arceus
|-crit|p1a: Arceus
|-damage|p1a: Arceus|40/100
|
|-heal|p2a: Zygarde|20/100|[from] item: Leftovers
|-activate|p2a: Zygarde|ability: Power Construct
|detailschange|p2a: Zygarde|Zygarde-Complete
|-heal|p2a: Zygarde|47/100|[silent]
|upkeep
|turn|20
|
|switch|p2a: Necrozma|Necrozma-Dusk-Mane|100/100
|move|p1a: Arceus|Ice Beam|p2a: Necrozma
|-resisted|p2a: Necrozma
|-damage|p2a: Necrozma|90/100
|
|upkeep
|turn|21
|
|switch|p1a: Ho-Oh|Ho-Oh|99/100 par
|-zpower|p2a: Necrozma
|move|p2a: Necrozma|Searing Sunraze Smash|p1a: Ho-Oh|[zeffect]
|-resisted|p1a: Ho-Oh
|-damage|p1a: Ho-Oh|54/100 par
|
|upkeep
|turn|22
|
|switch|p2a: Zygarde|Zygarde-Complete|47/100
|move|p1a: Ho-Oh|Sacred Fire|p2a: Zygarde
|-resisted|p2a: Zygarde
|-damage|p2a: Zygarde|40/100
|-status|p2a: Zygarde|brn
|
|-heal|p2a: Zygarde|46/100 brn|[from] item: Leftovers
|-damage|p2a: Zygarde|40/100 brn|[from] brn
|upkeep
|turn|23
|
|switch|p1a: Arceus|Arceus-Ground|40/100
|-damage|p1a: Arceus|34/100|[from] Stealth Rock
|move|p2a: Zygarde|Rest|p2a: Zygarde
|-status|p2a: Zygarde|slp|[from] move: Rest
|-heal|p2a: Zygarde|100/100 slp|[silent]
|
|upkeep
|turn|24
|
|switch|p2a: Ho-Oh|Ho-Oh|100/100
|move|p1a: Arceus|Recover|p1a: Arceus
|-heal|p1a: Arceus|84/100
|
|upkeep
|turn|25
|j|‽vuduo
|inactive|agltdlc Gnar has 120 seconds left.
|
|switch|p1a: Ho-Oh|Ho-Oh|87/100 par
|move|p2a: Ho-Oh|Toxic|p1a: Ho-Oh|[miss]
|-miss|p2a: Ho-Oh|p1a: Ho-Oh
|
|upkeep
|turn|26
|inactive|agltdlc Gnar has 120 seconds left.
|
|switch|p2a: Zygarde|Zygarde-Complete|100/100 slp
|cant|p1a: Ho-Oh|par
|
|upkeep
|turn|27
|
|switch|p1a: Arceus|Arceus-Ground|84/100
|-damage|p1a: Arceus|78/100|[from] Stealth Rock
|cant|p2a: Zygarde|slp
|
|upkeep
|turn|28
|
|switch|p2a: Ho-Oh|Ho-Oh|100/100
|move|p1a: Arceus|Ice Beam|p2a: Ho-Oh
|-damage|p2a: Ho-Oh|86/100
|
|upkeep
|turn|29
|
|switch|p1a: Ho-Oh|Ho-Oh|100/100 par
|move|p2a: Ho-Oh|Sacred Fire|p1a: Ho-Oh
|-resisted|p1a: Ho-Oh
|-damage|p1a: Ho-Oh|82/100 par
|
|upkeep
|turn|30
|
|switch|p2a: Zygarde|Zygarde-Complete|100/100 slp
|move|p1a: Ho-Oh|Whirlwind|p2a: Zygarde
|drag|p2a: Marshadow|Marshadow|100/100
|
|upkeep
|turn|31
|
|switch|p2a: Zygarde|Zygarde-Complete|100/100 slp
|switch|p1a: Arceus|Arceus|88/100
|-damage|p1a: Arceus|76/100|[from] Stealth Rock
|
|upkeep
|turn|32
|
|switch|p2a: Necrozma|Necrozma-Dusk-Mane|90/100
|move|p1a: Arceus|Substitute|p1a: Arceus
|-start|p1a: Arceus|Substitute
|-damage|p1a: Arceus|51/100
|
|upkeep
|turn|33
|
|move|p1a: Arceus|Swords Dance|p1a: Arceus
|-boost|p1a: Arceus|atk|2
|move|p2a: Necrozma|Sunsteel Strike|p1a: Arceus
|-end|p1a: Arceus|Substitute
|
|upkeep
|turn|34
|
|move|p1a: Arceus|Shadow Force||[still]
|-prepare|p1a: Arceus|Shadow Force|p2a: Necrozma
|move|p2a: Necrozma|Sunsteel Strike|p1a: Arceus|[miss]
|-miss|p2a: Necrozma|p1a: Arceus
|
|upkeep
|turn|35
|
|move|p1a: Arceus|Shadow Force|p2a: Necrozma|[from]lockedmove
|-supereffective|p2a: Necrozma
|-damage|p2a: Necrozma|21/100
|move|p2a: Necrozma|Toxic|p1a: Arceus|[miss]
|-miss|p2a: Necrozma|p1a: Arceus
|
|upkeep
|turn|36
|
|move|p1a: Arceus|Substitute|p1a: Arceus
|-start|p1a: Arceus|Substitute
|-damage|p1a: Arceus|26/100
|move|p2a: Necrozma|Toxic||[still]
|-fail|p2a: Necrozma
|
|upkeep
|turn|37
|
|move|p1a: Arceus|Swords Dance|p1a: Arceus
|-boost|p1a: Arceus|atk|2
|move|p2a: Necrozma|Sunsteel Strike|p1a: Arceus
|-end|p1a: Arceus|Substitute
|
|upkeep
|turn|38
|
|move|p1a: Arceus|Shadow Force||[still]
|-prepare|p1a: Arceus|Shadow Force|p2a: Necrozma
|move|p2a: Necrozma|Sunsteel Strike|p1a: Arceus|[miss]
|-miss|p2a: Necrozma|p1a: Arceus
|
|upkeep
|turn|39
|
|move|p1a: Arceus|Shadow Force|p2a: Necrozma|[from]lockedmove
|-supereffective|p2a: Necrozma
|-damage|p2a: Necrozma|0 fnt
|faint|p2a: Necrozma
|
|upkeep
|
|switch|p2a: Marshadow|Marshadow|100/100
|turn|40
|inactive|agltdlc Gnar has 120 seconds left.
|
|move|p2a: Marshadow|Close Combat|p1a: Arceus
|-supereffective|p1a: Arceus
|-enditem|p1a: Arceus|Chople Berry|[eat]
|-enditem|p1a: Arceus|Chople Berry|[weaken]
|-damage|p1a: Arceus|0 fnt
|-unboost|p2a: Marshadow|def|1
|-unboost|p2a: Marshadow|spd|1
|faint|p1a: Arceus
|
|upkeep
|
|switch|p1a: Ho-Oh|Ho-Oh|100/100 par
|turn|41
|
|switch|p2a: Zygarde|Zygarde-Complete|100/100 slp
|move|p1a: Ho-Oh|Toxic||[still]
|-fail|p1a: Ho-Oh
|
|upkeep
|turn|42
|l|‽vuduo
|
|cant|p2a: Zygarde|slp
|cant|p1a: Ho-Oh|par
|
|upkeep
|turn|43
|inactive|agltdlc Gnar has 120 seconds left.
|
|-curestatus|p2a: Zygarde|slp|[msg]
|move|p2a: Zygarde|Coil|p2a: Zygarde
|-boost|p2a: Zygarde|atk|1
|-boost|p2a: Zygarde|def|1
|-boost|p2a: Zygarde|accuracy|1
|move|p1a: Ho-Oh|Toxic|p2a: Zygarde
|-status|p2a: Zygarde|tox
|
|-damage|p2a: Zygarde|94/100 tox|[from] psn
|upkeep
|turn|44
|
|move|p2a: Zygarde|Coil|p2a: Zygarde
|-boost|p2a: Zygarde|atk|1
|-boost|p2a: Zygarde|def|1
|-boost|p2a: Zygarde|accuracy|1
|move|p1a: Ho-Oh|Whirlwind|p2a: Zygarde
|drag|p2a: Yveltal|Yveltal|100/100
|-ability|p2a: Yveltal|Dark Aura
|
|upkeep
|turn|45
|
|switch|p2a: Zygarde|Zygarde-Complete|94/100 tox
|switch|p1a: Necrozma|Necrozma-Dusk-Mane|100/100
|-damage|p1a: Necrozma|94/100|[from] Stealth Rock
|
|-heal|p2a: Zygarde|100/100 tox|[from] item: Leftovers
|-damage|p2a: Zygarde|94/100 tox|[from] psn
|upkeep
|turn|46
|
|move|p2a: Zygarde|Coil|p2a: Zygarde
|-boost|p2a: Zygarde|atk|1
|-boost|p2a: Zygarde|def|1
|-boost|p2a: Zygarde|accuracy|1
|move|p1a: Necrozma|Dragon Dance|p1a: Necrozma
|-boost|p1a: Necrozma|atk|1
|-boost|p1a: Necrozma|spe|1
|
|-heal|p2a: Zygarde|100/100 tox|[from] item: Leftovers
|-damage|p2a: Zygarde|88/100 tox|[from] psn
|upkeep
|turn|47
|
|move|p1a: Necrozma|Dragon Dance|p1a: Necrozma
|-boost|p1a: Necrozma|atk|1
|-boost|p1a: Necrozma|spe|1
|move|p2a: Zygarde|Thousand Arrows|p1a: Necrozma
|-supereffective|p1a: Necrozma
|-damage|p1a: Necrozma|44/100
|-enditem|p1a: Necrozma|Weakness Policy
|-boost|p1a: Necrozma|atk|2|[from] item: Weakness Policy
|-boost|p1a: Necrozma|spa|2|[from] item: Weakness Policy
|
|-heal|p2a: Zygarde|94/100 tox|[from] item: Leftovers
|-damage|p2a: Zygarde|76/100 tox|[from] psn
|upkeep
|turn|48
|
|-start|p1a: Necrozma|Dynamax
|-heal|p1a: Necrozma|44/100|[silent]
|move|p1a: Necrozma|Max Steelspike|p2a: Zygarde
|-crit|p2a: Zygarde
|-damage|p2a: Zygarde|0 fnt
|-boost|p1a: Necrozma|def|1
|faint|p2a: Zygarde
|
|upkeep
|j|‽vuduo
|
|switch|p2a: Marshadow|Marshadow|100/100
|turn|49
|
|-end|p1a: Necrozma|Dynamax
|-heal|p1a: Necrozma|44/100|[silent]
|switch|p1a: Ho-Oh|Ho-Oh|100/100 par
|move|p2a: Marshadow|Spectral Thief|p1a: Ho-Oh
|-damage|p1a: Ho-Oh|56/100 par
|
|upkeep
|turn|50
|
|switch|p2a: Ho-Oh|Ho-Oh|100/100
|switch|p1a: Arceus|Arceus-Ground|78/100
|-damage|p1a: Arceus|72/100|[from] Stealth Rock
|
|upkeep
|turn|51
|
|move|p1a: Arceus|Thunder Wave|p2a: Ho-Oh
|-status|p2a: Ho-Oh|par
|move|p2a: Ho-Oh|Toxic|p1a: Arceus
|-status|p1a: Arceus|tox
|
|-damage|p1a: Arceus|66/100 tox|[from] psn
|upkeep
|turn|52
|
|switch|p1a: Necrozma|Necrozma-Dusk-Mane|44/100
|-damage|p1a: Necrozma|38/100|[from] Stealth Rock
|move|p2a: Ho-Oh|Sacred Fire|p1a: Necrozma
|-supereffective|p1a: Necrozma
|-damage|p1a: Necrozma|0 fnt
|faint|p1a: Necrozma
|
|upkeep
|
|switch|p1a: Ho-Oh|Ho-Oh|90/100 par
|turn|53
|-message|agltdlc Gnar forfeited.
|
|win|Jayki11
|l|☆agltdlc Gnar
|raw|agltdlc Gnar's rating: 1363 &rarr; <strong>1347</strong><br />(-16 for losing)
|raw|Jayki11's rating: 1425 &rarr; <strong>1441</strong><br />(+16 for winning)
|l|☆Jayki11
