|j|☆Snake of the Moon
|j|☆High ladder bros
|inactive|Battle timer is ON: inactive players will automatically lose when time's up.
|t:|1661971246
|gametype|singles
|player|p1|Snake of the Moon|lance-masters|
|player|p2|High ladder bros|adaman|
|teamsize|p1|6
|teamsize|p2|6
|gen|8
|tier|[Gen 8] National Dex AG
|rated|Tournament battle
|rule|HP Percentage Mod: HP is shown in percentages
|rule|Endless Battle Clause: Forcing endless battles is banned
|clearpoke
|poke|p1|Ho-Oh|
|poke|p1|Necrozma-Dusk-Mane|
|poke|p1|Chansey, F|
|poke|p1|Zygarde|
|poke|p1|Lugia|
|poke|p1|Arceus-*|
|poke|p2|Sableye, F|
|poke|p2|Quagsire, F|
|poke|p2|Yveltal|
|poke|p2|Arceus-*|
|poke|p2|Chansey, F|
|poke|p2|Giratina|
|teampreview
|inactive|Snake of the Moon also wants the timer to be on.
|inactive|High ladder bros also wants the timer to be on.
|j| alt1445645
|j| Wrathoftheleopard
|j| MrUngaBunga
|j| smoolic alt
|c| alt1445645|why everyone runnin stall damn
|c|☆High ladder bros|Well then snake
|c|☆Snake of the Moon|Alright I’ll ff the second i take a mon out
|c|☆Snake of the Moon|cuz this is way too long
|inactive|Snake of the Moon has 120 seconds left.
|j| Maroratsu7
|c|☆Snake of the Moon|i wouldnt ff on ladder but this is only tour
|
|t:|1661971299
|start
|switch|p1a: Ho-Oh|Ho-Oh|100/100
|switch|p2a: SKOOM|Sableye, F|100/100
|turn|1
|
|t:|1661971307
|detailschange|p2a: SKOOM|Sableye-Mega, F
|-mega|p2a: SKOOM|Sableye|Sablenite
|move|p2a: SKOOM|Protect|p2a: SKOOM
|-singleturn|p2a: SKOOM|Protect
|move|p1a: Ho-Oh|Whirlwind|p2a: SKOOM
|move|p2a: SKOOM|Whirlwind|p1a: Ho-Oh|[from]ability: Magic Bounce
|drag|p1a: Lugia|Lugia|100/100
|
|upkeep
|turn|2
|
|t:|1661971319
|switch|p1a: Chansey|Chansey, F|100/100
|switch|p2a: Arceus|Arceus-Rock|100/100
|
|upkeep
|turn|3
|
|t:|1661971329
|switch|p1a: Arceus|Arceus-Dark|100/100
|move|p2a: Arceus|Stealth Rock|p1a: Arceus
|-sidestart|p1: Snake of the Moon|move: Stealth Rock
|
|upkeep
|turn|4
|c| alt1445645|tours dont matter unless its the huge ass smogon ones tbh
|c| alt1445645|winning a custome avatar is goated
|c|☆Snake of the Moon|Not rly
|inactive|Snake of the Moon has 120 seconds left.
|c|☆Snake of the Moon|i mean look at it from a retro perspective
|c|☆Snake of the Moon|avi gives nothing
|c|☆Snake of the Moon|strictly nothing
|c| alt1445645|dude its cool af
|c|☆Snake of the Moon|I don’t disagree
|
|t:|1661971387
|switch|p2a: Chansey|Chansey, F|100/100
|switch|p1a: Necrozma|Necrozma-Dusk-Mane|100/100
|-damage|p1a: Necrozma|94/100|[from] Stealth Rock
|
|upkeep
|turn|5
|c|☆High ladder bros|It's about bragging rights if anything
|c| Wrathoftheleopard|ok but what if the prize is £1000
|c| alt1445645|its purely cosmetic obv but id kill for one
|
|t:|1661971393
|switch|p1a: Ho-Oh|Ho-Oh|100/100
|switch|p2a: SKOOM|Sableye-Mega, F|100/100
|
|upkeep
|turn|6
|
|t:|1661971399
|move|p1a: Ho-Oh|Defog|p2a: SKOOM
|move|p2a: SKOOM|Defog|p1a: Ho-Oh|[from]ability: Magic Bounce
|-unboost|p1a: Ho-Oh|evasion|1
|-sideend|p1: Snake of the Moon|Stealth Rock|[from] move: Defog|[of] p2a: SKOOM
|move|p2a: SKOOM|Foul Play|p1a: Ho-Oh
|-damage|p1a: Ho-Oh|71/100
|
|upkeep
|turn|7
|inactive|Snake of the Moon has 120 seconds left.
|c|☆Snake of the Moon|If money then it’s cool
|c| alt1445645|smogon ever have money tournaments?
|j| LocalMetagross
|c|☆Snake of the Moon|Yh
|c|☆Snake of the Moon|bunch
|
|t:|1661971429
|switch|p1a: Arceus|Arceus-Dark|100/100
|switch|p2a: Arceus|Arceus-Rock|100/100
|
|upkeep
|turn|8
|
|t:|1661971433
|move|p2a: Arceus|Stealth Rock|p1a: Arceus
|-sidestart|p1: Snake of the Moon|move: Stealth Rock
|move|p1a: Arceus|Whirlpool|p2a: Arceus
|-supereffective|p2a: Arceus
|-damage|p2a: Arceus|88/100
|-activate|p2a: Arceus|move: Whirlpool|[of] p1a: Arceus
|
|-damage|p2a: Arceus|76/100|[from] move: Whirlpool|[partiallytrapped]
|upkeep
|turn|9
|
|t:|1661971446
|-start|p2a: Arceus|Dynamax|
|-heal|p2a: Arceus|76/100|[silent]
|move|p2a: Arceus|Max Rockfall|p1a: Arceus
|-damage|p1a: Arceus|69/100
|-weather|Sandstorm
|move|p1a: Arceus|Perish Song|p1a: Arceus
|-start|p1a: Arceus|perish3|[silent]
|-start|p2a: Arceus|perish3|[silent]
|-fieldactivate|move: Perish Song
|
|-weather|Sandstorm|[upkeep]
|-damage|p1a: Arceus|63/100|[from] Sandstorm
|-damage|p2a: Arceus|70/100|[from] move: Whirlpool|[partiallytrapped]
|-start|p2a: Arceus|perish3
|-start|p1a: Arceus|perish3
|upkeep
|turn|10
|
|t:|1661971454
|move|p2a: Arceus|Max Rockfall|p1a: Arceus
|-damage|p1a: Arceus|31/100
|move|p1a: Arceus|Recover|p1a: Arceus
|-heal|p1a: Arceus|81/100
|
|-weather|Sandstorm|[upkeep]
|-damage|p1a: Arceus|75/100|[from] Sandstorm
|-damage|p2a: Arceus|64/100|[from] move: Whirlpool|[partiallytrapped]
|-start|p2a: Arceus|perish2
|-start|p1a: Arceus|perish2
|upkeep
|turn|11
|
|t:|1661971457
|move|p2a: Arceus|Max Rockfall|p1a: Arceus
|-damage|p1a: Arceus|47/100
|move|p1a: Arceus|Recover|p1a: Arceus
|-heal|p1a: Arceus|97/100
|
|-weather|Sandstorm|[upkeep]
|-damage|p1a: Arceus|91/100|[from] Sandstorm
|-damage|p2a: Arceus|57/100|[from] move: Whirlpool|[partiallytrapped]
|-start|p2a: Arceus|perish1
|-start|p1a: Arceus|perish1
|upkeep
|-end|p2a: Arceus|Dynamax
|-heal|p2a: Arceus|57/100|[silent]
|turn|12
|
|t:|1661971463
|switch|p1a: Zygarde|Zygarde|100/100
|-damage|p1a: Zygarde|94/100|[from] Stealth Rock
|move|p2a: Arceus|Will-O-Wisp|p1a: Zygarde
|-status|p1a: Zygarde|brn
|
|-weather|Sandstorm|[upkeep]
|-heal|p1a: Zygarde|100/100 brn|[from] item: Leftovers
|-damage|p1a: Zygarde|94/100 brn|[from] brn
|-end|p2a: Arceus|Whirlpool|[partiallytrapped]
|-start|p2a: Arceus|perish0
|faint|p2a: Arceus
|upkeep
|c|☆Snake of the Moon|Alr gg
|-message|Snake of the Moon forfeited.
|
|win|High ladder bros
|n|☆Snake of the Moon|snakeofthemoon
|n|☆High ladder bros|highladderbros
|n| alt1445645|alt1445645
|n| Wrathoftheleopard|wrathoftheleopard
|n| MrUngaBunga|mrungabunga
|n| smoolic alt|smoolicalt
|n| Maroratsu7|maroratsu7
|n| LocalMetagross|localmetagross
|l|☆High ladder bros
|c|☆Snake of the Moon|Wp
|l| Maroratsu7
