|j|☆JAY100064
|j|☆rowletroost
|t:|1623022553
|gametype|singles
|player|p1|JAY100064|preschooler|1537
|player|p2|rowletroost|misty-gen1rb|1753
|teamsize|p1|6
|teamsize|p2|6
|gen|8
|tier|[Gen 8] National Dex AG
|rated|
|rule|HP Percentage Mod: HP is shown in percentages
|rule|Endless Battle Clause: Forcing endless battles is banned
|clearpoke
|poke|p1|Arceus-*|
|poke|p1|Ferrothorn, F|
|poke|p1|Giratina|
|poke|p1|Sableye, F|
|poke|p1|Clefable, M|
|poke|p1|Ho-Oh|
|poke|p2|Arceus-*|
|poke|p2|Xerneas-*|
|poke|p2|Kyogre|
|poke|p2|Marshadow|
|poke|p2|Ribombee, F|
|poke|p2|Vivillon-Savanna, M|
|teampreview
|inactive|Battle timer is ON: inactive players will automatically lose when time's up. (requested by rowletroost)
|
|t:|1623022567
|start
|switch|p1a: Sableye|Sableye, F, shiny|100/100
|switch|p2a: Ribombee|Ribombee, F, shiny|100/100
|turn|1
|
|t:|1623022576
|detailschange|p1a: Sableye|Sableye-Mega, F, shiny
|-mega|p1a: Sableye|Sableye|Sablenite
|move|p1a: Sableye|Fake Out|p2a: Ribombee
|-damage|p2a: Ribombee|84/100
|cant|p2a: Ribombee|flinch
|
|upkeep
|turn|2
|
|t:|1623022598
|move|p2a: Ribombee|Moonblast|p1a: Sableye
|-supereffective|p1a: Sableye
|-damage|p1a: Sableye|19/100
|move|p1a: Sableye|Will-O-Wisp|p2a: Ribombee
|-status|p2a: Ribombee|brn
|
|-damage|p2a: Ribombee|78/100 brn|[from] brn
|upkeep
|turn|3
|
|t:|1623022611
|switch|p1a: Clefable|Clefable, M, shiny|100/100
|move|p2a: Ribombee|Moonblast|p1a: Clefable
|-damage|p1a: Clefable|75/100
|
|-heal|p1a: Clefable|81/100|[from] item: Leftovers
|-damage|p2a: Ribombee|72/100 brn|[from] brn
|upkeep
|turn|4
|
|t:|1623022626
|switch|p2a: Marshadow|Marshadow|100/100
|move|p1a: Clefable|Protect||[still]
|-fail|p1a: Clefable
|
|-heal|p1a: Clefable|88/100|[from] item: Leftovers
|upkeep
|turn|5
|
|t:|1623022634
|switch|p2a: Ribombee|Ribombee, F, shiny|72/100 brn
|move|p1a: Clefable|Protect||[still]
|-fail|p1a: Clefable
|
|-heal|p1a: Clefable|94/100|[from] item: Leftovers
|-damage|p2a: Ribombee|66/100 brn|[from] brn
|upkeep
|turn|6
|
|t:|1623022642
|move|p1a: Clefable|Protect|p1a: Clefable
|-singleturn|p1a: Clefable|Protect
|move|p2a: Ribombee|Sticky Web|p1a: Clefable
|-sidestart|p1: JAY100064|move: Sticky Web
|
|-heal|p1a: Clefable|99/100|[from] item: Leftovers
|-damage|p2a: Ribombee|60/100 brn|[from] brn
|upkeep
|turn|7
|
|t:|1623022653
|move|p2a: Ribombee|Aromatherapy|p2a: Ribombee
|-activate|p2a: Ribombee|move: Aromatherapy
|-curestatus|p2a: Ribombee|brn|[msg]
|move|p1a: Clefable|Moonblast|p2a: Ribombee
|-damage|p2a: Ribombee|2/100
|
|-heal|p1a: Clefable|100/100|[from] item: Leftovers
|upkeep
|turn|8
|
|t:|1623022665
|switch|p1a: Arceus|Arceus-Ground, shiny|100/100
|-activate|p1a: Arceus|move: Sticky Web
|-unboost|p1a: Arceus|spe|1
|move|p2a: Ribombee|Moonblast|p1a: Arceus
|-damage|p1a: Arceus|73/100
|
|upkeep
|turn|9
|
|t:|1623022677
|move|p2a: Ribombee|Moonblast|p1a: Arceus
|-damage|p1a: Arceus|48/100
|move|p1a: Arceus|Stealth Rock|p2a: Ribombee
|-sidestart|p2: rowletroost|move: Stealth Rock
|
|upkeep
|turn|10
|
|t:|1623022694
|switch|p2a: Arceus|Arceus-Ground|100/100
|-damage|p2a: Arceus|94/100|[from] Stealth Rock
|move|p1a: Arceus|Recover|p1a: Arceus
|-heal|p1a: Arceus|98/100
|
|upkeep
|turn|11
|
|t:|1623022718
|switch|p1a: Clefable|Clefable, M, shiny|100/100
|-activate|p1a: Clefable|move: Sticky Web
|-unboost|p1a: Clefable|spe|1
|move|p2a: Arceus|Defog|p1a: Clefable
|-unboost|p1a: Clefable|evasion|1
|-sideend|p1: JAY100064|Sticky Web|[from] move: Defog|[of] p2a: Arceus
|-sideend|p2: rowletroost|Stealth Rock|[from] move: Defog|[of] p2a: Arceus
|
|upkeep
|turn|12
|
|t:|1623022732
|switch|p2a: Ribombee|Ribombee, F, shiny|2/100
|move|p1a: Clefable|Protect||[still]
|-fail|p1a: Clefable
|
|upkeep
|turn|13
|
|t:|1623022739
|move|p2a: Ribombee|Sticky Web|p1a: Clefable
|-sidestart|p1: JAY100064|move: Sticky Web
|move|p1a: Clefable|Moonblast|p2a: Ribombee
|-damage|p2a: Ribombee|0 fnt
|faint|p2a: Ribombee
|
|upkeep
|
|t:|1623022745
|switch|p2a: Vivillon|Vivillon-Savanna, M|100/100
|turn|14
|
|t:|1623022752
|move|p1a: Clefable|Protect|p1a: Clefable
|-singleturn|p1a: Clefable|Protect
|move|p2a: Vivillon|Sleep Powder|p1a: Clefable
|-activate|p1a: Clefable|move: Protect
|
|upkeep
|turn|15
|
|t:|1623022761
|switch|p1a: Sableye|Sableye-Mega, F, shiny|19/100
|-activate|p1a: Sableye|move: Sticky Web
|-unboost|p1a: Sableye|spe|1
|move|p2a: Vivillon|Substitute|p2a: Vivillon
|-start|p2a: Vivillon|Substitute
|-damage|p2a: Vivillon|76/100
|
|-heal|p2a: Vivillon|82/100|[from] item: Leftovers
|upkeep
|turn|16
|
|t:|1623022780
|move|p2a: Vivillon|Quiver Dance|p2a: Vivillon
|-boost|p2a: Vivillon|spa|1
|-boost|p2a: Vivillon|spd|1
|-boost|p2a: Vivillon|spe|1
|move|p1a: Sableye|Recover|p1a: Sableye
|-heal|p1a: Sableye|69/100
|
|-heal|p2a: Vivillon|88/100|[from] item: Leftovers
|upkeep
|turn|17
|
|t:|1623022793
|switch|p1a: Ho-Oh|Ho-Oh, shiny|100/100
|move|p2a: Vivillon|Hurricane|p1a: Ho-Oh
|-damage|p1a: Ho-Oh|62/100
|
|-heal|p2a: Vivillon|94/100|[from] item: Leftovers
|-heal|p1a: Ho-Oh|68/100|[from] item: Leftovers
|upkeep
|turn|18
|
|t:|1623022810
|move|p2a: Vivillon|Sleep Powder|p1a: Ho-Oh
|-status|p1a: Ho-Oh|slp|[from] move: Sleep Powder
|cant|p1a: Ho-Oh|slp
|
|-heal|p2a: Vivillon|99/100|[from] item: Leftovers
|-heal|p1a: Ho-Oh|74/100 slp|[from] item: Leftovers
|upkeep
|turn|19
|
|t:|1623022827
|switch|p1a: Ferrothorn|Ferrothorn, F|100/100
|-activate|p1a: Ferrothorn|move: Sticky Web
|-unboost|p1a: Ferrothorn|spe|1
|move|p2a: Vivillon|Hurricane|p1a: Ferrothorn
|-damage|p1a: Ferrothorn|55/100
|
|-heal|p2a: Vivillon|100/100|[from] item: Leftovers
|-heal|p1a: Ferrothorn|61/100|[from] item: Leftovers
|upkeep
|turn|20
|inactive|JAY100064 has 120 seconds left.
|
|t:|1623022851
|switch|p1a: Sableye|Sableye-Mega, F, shiny|69/100
|-activate|p1a: Sableye|move: Sticky Web
|-unboost|p1a: Sableye|spe|1
|move|p2a: Vivillon|Hurricane|p1a: Sableye
|-damage|p1a: Sableye|0 fnt
|faint|p1a: Sableye
|
|upkeep
|
|t:|1623022864
|switch|p1a: Clefable|Clefable, M, shiny|100/100
|-activate|p1a: Clefable|move: Sticky Web
|-unboost|p1a: Clefable|spe|1
|turn|21
|
|t:|1623022885
|switch|p1a: Arceus|Arceus-Ground, shiny|98/100
|-activate|p1a: Arceus|move: Sticky Web
|-unboost|p1a: Arceus|spe|1
|move|p2a: Vivillon|Sleep Powder|p1a: Arceus
|-status|p1a: Arceus|slp|[from] move: Sleep Powder
|
|upkeep
|turn|22
|
|t:|1623022899
|move|p2a: Vivillon|Quiver Dance|p2a: Vivillon
|-boost|p2a: Vivillon|spa|1
|-boost|p2a: Vivillon|spd|1
|-boost|p2a: Vivillon|spe|1
|cant|p1a: Arceus|slp
|
|upkeep
|turn|23
|
|t:|1623022906
|move|p2a: Vivillon|Hurricane|p1a: Arceus
|-damage|p1a: Arceus|39/100 slp
|cant|p1a: Arceus|slp
|
|upkeep
|turn|24
|
|t:|1623022921
|move|p2a: Vivillon|Hurricane|p1a: Arceus
|-damage|p1a: Arceus|0 fnt
|faint|p1a: Arceus
|
|upkeep
|
|t:|1623022928
|switch|p1a: Ho-Oh|Ho-Oh, shiny|100/100 slp
|turn|25
|
|t:|1623022940
|-end|p2a: Vivillon|Substitute
|-start|p2a: Vivillon|Dynamax
|-heal|p2a: Vivillon|100/100|[silent]
|-start|p1a: Ho-Oh|Dynamax
|-heal|p1a: Ho-Oh|100/100 slp|[silent]
|move|p2a: Vivillon|Max Airstream|p1a: Ho-Oh
|-damage|p1a: Ho-Oh|68/100 slp
|-boost|p2a: Vivillon|spe|1
|cant|p1a: Ho-Oh|slp
|
|-heal|p1a: Ho-Oh|71/100 slp|[from] item: Leftovers
|upkeep
|turn|26
|
|t:|1623022964
|move|p2a: Vivillon|Max Airstream|p1a: Ho-Oh
|-damage|p1a: Ho-Oh|38/100 slp
|-boost|p2a: Vivillon|spe|1
|cant|p1a: Ho-Oh|slp
|
|-heal|p1a: Ho-Oh|41/100 slp|[from] item: Leftovers
|upkeep
|turn|27
|
|t:|1623022974
|move|p2a: Vivillon|Max Guard|p2a: Vivillon
|-singleturn|p2a: Vivillon|Max Guard
|-curestatus|p1a: Ho-Oh|slp|[msg]
|move|p1a: Ho-Oh|Max Airstream|p2a: Vivillon
|-activate|p2a: Vivillon|move: Max Guard
|
|-heal|p1a: Ho-Oh|44/100|[from] item: Leftovers
|-end|p2a: Vivillon|Dynamax
|-heal|p2a: Vivillon|100/100|[silent]
|-end|p1a: Ho-Oh|Dynamax
|-heal|p1a: Ho-Oh|44/100|[silent]
|upkeep
|turn|28
|inactive|JAY100064 has 90 seconds left.
|
|t:|1623023012
|move|p2a: Vivillon|Sleep Powder|p1a: Ho-Oh
|-status|p1a: Ho-Oh|slp|[from] move: Sleep Powder
|cant|p1a: Ho-Oh|slp
|
|-heal|p1a: Ho-Oh|50/100 slp|[from] item: Leftovers
|upkeep
|turn|29
|
|t:|1623023029
|switch|p1a: Giratina|Giratina, shiny|100/100
|-activate|p1a: Giratina|move: Sticky Web
|-unboost|p1a: Giratina|spe|1
|-ability|p1a: Giratina|Pressure
|move|p2a: Vivillon|Hurricane|p1a: Giratina
|-damage|p1a: Giratina|51/100
|-start|p1a: Giratina|confusion
|
|-heal|p1a: Giratina|58/100|[from] item: Leftovers
|upkeep
|turn|30
|
|t:|1623023047
|move|p2a: Vivillon|Sleep Powder|p1a: Giratina
|-status|p1a: Giratina|slp|[from] move: Sleep Powder
|cant|p1a: Giratina|slp
|
|-heal|p1a: Giratina|64/100 slp|[from] item: Leftovers
|upkeep
|turn|31
|
|t:|1623023059
|switch|p1a: Ferrothorn|Ferrothorn, F|61/100
|-activate|p1a: Ferrothorn|move: Sticky Web
|-unboost|p1a: Ferrothorn|spe|1
|move|p2a: Vivillon|Substitute|p2a: Vivillon
|-start|p2a: Vivillon|Substitute
|-damage|p2a: Vivillon|76/100
|
|-heal|p2a: Vivillon|82/100|[from] item: Leftovers
|-heal|p1a: Ferrothorn|67/100|[from] item: Leftovers
|upkeep
|turn|32
|-message|JAY100064 forfeited.
|
|win|rowletroost
|raw|JAY100064's rating: 1537 &rarr; <strong>1528</strong><br />(-9 for losing)
|raw|rowletroost's rating: 1753 &rarr; <strong>1762</strong><br />(+9 for winning)
|l|☆JAY100064
