|j|☆shuckle poppa
|j|☆Neobitka
|t:|1652436375
|gametype|singles
|player|p1|shuckle poppa|scientist-gen4|1000
|player|p2|Neobitka|supernerd|1114
|teamsize|p1|1
|teamsize|p2|6
|gen|8
|tier|[Gen 8] National Dex AG
|rated|
|rule|HP Percentage Mod: HP is shown in percentages
|rule|Endless Battle Clause: Forcing endless battles is banned
|clearpoke
|poke|p1|Shuckle, M|
|poke|p2|Giratina|
|poke|p2|Rayquaza|
|poke|p2|Arceus-*|
|poke|p2|Necrozma-Dusk-Mane|
|poke|p2|Yveltal|
|poke|p2|Groudon|
|teampreview
|inactive|Battle timer is ON: inactive players will automatically lose when time's up. (requested by shuckle poppa)
|
|t:|1652436382
|start
|switch|p1a: Shuckle|Shuckle, M|100/100
|switch|p2a: Groudon|Groudon|100/100
|detailschange|p2a: Groudon|Groudon-Primal
|-primal|p2a: Groudon
|-weather|DesolateLand|[from] ability: Desolate Land|[of] p2a: Groudon
|turn|1
|
|t:|1652436390
|move|p2a: Groudon|Swords Dance|p2a: Groudon
|-boost|p2a: Groudon|atk|2
|move|p1a: Shuckle|Power Split|p2a: Groudon
|-activate|p1a: Shuckle|move: Power Split|[of] p2a: Groudon
|
|-weather|DesolateLand|[upkeep]
|upkeep
|turn|2
|
|t:|1652436394
|move|p2a: Groudon|Rock Polish|p2a: Groudon
|-boost|p2a: Groudon|spe|2
|move|p1a: Shuckle|Acupressure|p1a: Shuckle
|-boost|p1a: Shuckle|def|2
|
|-weather|DesolateLand|[upkeep]
|upkeep
|turn|3
|
|t:|1652436400
|move|p2a: Groudon|Swords Dance|p2a: Groudon
|-boost|p2a: Groudon|atk|2
|move|p1a: Shuckle|Acupressure|p1a: Shuckle
|-boost|p1a: Shuckle|def|2
|
|-weather|DesolateLand|[upkeep]
|upkeep
|turn|4
|
|t:|1652436405
|move|p2a: Groudon|Rock Polish|p2a: Groudon
|-boost|p2a: Groudon|spe|2
|move|p1a: Shuckle|Acupressure|p1a: Shuckle
|-boost|p1a: Shuckle|def|2
|
|-weather|DesolateLand|[upkeep]
|upkeep
|turn|5
|
|t:|1652436411
|move|p2a: Groudon|Rock Polish|p2a: Groudon
|-boost|p2a: Groudon|spe|2
|move|p1a: Shuckle|Acupressure|p1a: Shuckle
|-boost|p1a: Shuckle|accuracy|2
|
|-weather|DesolateLand|[upkeep]
|upkeep
|turn|6
|
|t:|1652436416
|move|p2a: Groudon|Swords Dance|p2a: Groudon
|-boost|p2a: Groudon|atk|2
|move|p1a: Shuckle|Acupressure|p1a: Shuckle
|-boost|p1a: Shuckle|evasion|2
|
|-weather|DesolateLand|[upkeep]
|upkeep
|turn|7
|
|t:|1652436426
|move|p2a: Groudon|Earthquake|p1a: Shuckle
|-damage|p1a: Shuckle|80/100
|move|p1a: Shuckle|Acupressure|p1a: Shuckle
|-boost|p1a: Shuckle|atk|2
|
|-weather|DesolateLand|[upkeep]
|-heal|p1a: Shuckle|86/100|[from] item: Leftovers
|upkeep
|turn|8
|
|t:|1652436433
|move|p2a: Groudon|Earthquake|p1a: Shuckle
|-damage|p1a: Shuckle|63/100
|move|p1a: Shuckle|Acupressure|p1a: Shuckle
|-boost|p1a: Shuckle|accuracy|2
|
|-weather|DesolateLand|[upkeep]
|-heal|p1a: Shuckle|69/100|[from] item: Leftovers
|upkeep
|turn|9
|
|t:|1652436435
|move|p2a: Groudon|Earthquake|p1a: Shuckle|[miss]
|-miss|p2a: Groudon|p1a: Shuckle
|move|p1a: Shuckle|Acupressure|p1a: Shuckle
|-boost|p1a: Shuckle|evasion|2
|
|-weather|DesolateLand|[upkeep]
|-heal|p1a: Shuckle|75/100|[from] item: Leftovers
|upkeep
|turn|10
|
|t:|1652436438
|move|p2a: Groudon|Smack Down|p1a: Shuckle|[miss]
|-miss|p2a: Groudon|p1a: Shuckle
|move|p1a: Shuckle|Acupressure|p1a: Shuckle
|-boost|p1a: Shuckle|spe|2
|
|-weather|DesolateLand|[upkeep]
|-heal|p1a: Shuckle|82/100|[from] item: Leftovers
|upkeep
|turn|11
|
|t:|1652436441
|move|p2a: Groudon|Earthquake|p1a: Shuckle|[miss]
|-miss|p2a: Groudon|p1a: Shuckle
|move|p1a: Shuckle|Acupressure|p1a: Shuckle
|-boost|p1a: Shuckle|spa|2
|
|-weather|DesolateLand|[upkeep]
|-heal|p1a: Shuckle|88/100|[from] item: Leftovers
|upkeep
|turn|12
|
|t:|1652436444
|move|p2a: Groudon|Earthquake|p1a: Shuckle
|-damage|p1a: Shuckle|66/100
|move|p1a: Shuckle|Acupressure|p1a: Shuckle
|-boost|p1a: Shuckle|evasion|2
|
|-weather|DesolateLand|[upkeep]
|-heal|p1a: Shuckle|72/100|[from] item: Leftovers
|upkeep
|turn|13
|
|t:|1652436457
|move|p2a: Groudon|Earthquake|p1a: Shuckle|[miss]
|-miss|p2a: Groudon|p1a: Shuckle
|move|p1a: Shuckle|Acupressure|p1a: Shuckle
|-boost|p1a: Shuckle|atk|2
|
|-weather|DesolateLand|[upkeep]
|-heal|p1a: Shuckle|78/100|[from] item: Leftovers
|upkeep
|turn|14
|
|t:|1652436460
|-weather|none
|switch|p2a: Rayquaza|Rayquaza|100/100
|-ability|p2a: Rayquaza|Air Lock
|move|p1a: Shuckle|Acupressure|p1a: Shuckle
|-boost|p1a: Shuckle|accuracy|2
|
|-heal|p1a: Shuckle|84/100|[from] item: Leftovers
|upkeep
|turn|15
|
|t:|1652436470
|detailschange|p2a: Rayquaza|Rayquaza-Mega
|-mega|p2a: Rayquaza|Rayquaza|
|-weather|DeltaStream|[from] ability: Delta Stream|[of] p2a: Rayquaza
|move|p2a: Rayquaza|Dragon Ascent|p1a: Shuckle
|-damage|p1a: Shuckle|73/100
|-unboost|p2a: Rayquaza|def|1
|-unboost|p2a: Rayquaza|spd|1
|move|p1a: Shuckle|Acupressure|p1a: Shuckle
|-boost|p1a: Shuckle|atk|2
|
|-weather|DeltaStream|[upkeep]
|-heal|p1a: Shuckle|79/100|[from] item: Leftovers
|upkeep
|turn|16
|
|t:|1652436475
|move|p2a: Rayquaza|Fire Blast|p1a: Shuckle|[miss]
|-miss|p2a: Rayquaza|p1a: Shuckle
|move|p1a: Shuckle|Acupressure|p1a: Shuckle
|-boost|p1a: Shuckle|spe|2
|
|-weather|DeltaStream|[upkeep]
|-heal|p1a: Shuckle|85/100|[from] item: Leftovers
|upkeep
|turn|17
|
|t:|1652436482
|move|p2a: Rayquaza|Surf|p1a: Shuckle
|-supereffective|p1a: Shuckle
|-damage|p1a: Shuckle|43/100
|move|p1a: Shuckle|Acupressure|p1a: Shuckle
|-boost|p1a: Shuckle|spd|2
|
|-weather|DeltaStream|[upkeep]
|-heal|p1a: Shuckle|49/100|[from] item: Leftovers
|upkeep
|turn|18
|
|t:|1652436487
|move|p2a: Rayquaza|Surf|p1a: Shuckle
|-supereffective|p1a: Shuckle
|-damage|p1a: Shuckle|25/100
|move|p1a: Shuckle|Rest|p1a: Shuckle
|-status|p1a: Shuckle|slp|[from] move: Rest
|-heal|p1a: Shuckle|100/100 slp|[silent]
|
|-weather|DeltaStream|[upkeep]
|upkeep
|turn|19
|
|t:|1652436490
|move|p2a: Rayquaza|Surf|p1a: Shuckle|[miss]
|-miss|p2a: Rayquaza|p1a: Shuckle
|cant|p1a: Shuckle|slp
|
|-weather|DeltaStream|[upkeep]
|upkeep
|turn|20
|
|t:|1652436492
|move|p2a: Rayquaza|Surf|p1a: Shuckle|[miss]
|-miss|p2a: Rayquaza|p1a: Shuckle
|cant|p1a: Shuckle|slp
|
|-weather|DeltaStream|[upkeep]
|upkeep
|turn|21
|
|t:|1652436496
|-weather|none
|switch|p2a: Necrozma|Necrozma-Dusk-Mane|100/100
|-curestatus|p1a: Shuckle|slp|[msg]
|move|p1a: Shuckle|Acupressure|p1a: Shuckle
|-boost|p1a: Shuckle|spa|2
|
|upkeep
|turn|22
|
|t:|1652436503
|-start|p2a: Necrozma|Dynamax|
|-heal|p2a: Necrozma|100/100|[silent]
|move|p2a: Necrozma|Max Steelspike|p1a: Shuckle
|-supereffective|p1a: Shuckle
|-damage|p1a: Shuckle|81/100
|-boost|p2a: Necrozma|def|1
|move|p1a: Shuckle|Power Split|p2a: Necrozma
|-activate|p1a: Shuckle|move: Power Split|[of] p2a: Necrozma
|
|-heal|p1a: Shuckle|87/100|[from] item: Leftovers
|upkeep
|turn|23
|
|t:|1652436509
|move|p2a: Necrozma|Max Steelspike|p1a: Shuckle
|-supereffective|p1a: Shuckle
|-damage|p1a: Shuckle|69/100
|-boost|p2a: Necrozma|def|1
|move|p1a: Shuckle|Acupressure|p1a: Shuckle
|-boost|p1a: Shuckle|spe|2
|
|-heal|p1a: Shuckle|75/100|[from] item: Leftovers
|upkeep
|turn|24
|
|t:|1652436513
|-end|p2a: Necrozma|Dynamax
|-heal|p2a: Necrozma|100/100|[silent]
|switch|p2a: Arceus|Arceus-Poison|100/100
|move|p1a: Shuckle|Acupressure|p1a: Shuckle
|-boost|p1a: Shuckle|spd|2
|
|-heal|p1a: Shuckle|81/100|[from] item: Leftovers
|upkeep
|turn|25
|
|t:|1652436528
|move|p2a: Arceus|Will-O-Wisp|p1a: Shuckle
|-status|p1a: Shuckle|brn
|move|p1a: Shuckle|Rollout|p2a: Arceus
|-damage|p2a: Arceus|84/100
|
|-heal|p1a: Shuckle|87/100 brn|[from] item: Leftovers
|-damage|p1a: Shuckle|81/100 brn|[from] brn
|upkeep
|turn|26
|
|t:|1652436534
|move|p2a: Arceus|Calm Mind|p2a: Arceus
|-boost|p2a: Arceus|spa|1
|-boost|p2a: Arceus|spd|1
|move|p1a: Shuckle|Rollout|p2a: Arceus|[from]lockedmove
|-crit|p2a: Arceus
|-damage|p2a: Arceus|30/100
|
|-heal|p1a: Shuckle|87/100 brn|[from] item: Leftovers
|-damage|p1a: Shuckle|81/100 brn|[from] brn
|upkeep
|turn|27
|
|t:|1652436536
|move|p2a: Arceus|Recover|p2a: Arceus
|-heal|p2a: Arceus|80/100
|move|p1a: Shuckle|Rollout|p2a: Arceus|[from]lockedmove
|-damage|p2a: Arceus|15/100
|
|-heal|p1a: Shuckle|87/100 brn|[from] item: Leftovers
|-damage|p1a: Shuckle|81/100 brn|[from] brn
|upkeep
|turn|28
|
|t:|1652436538
|move|p2a: Arceus|Recover|p2a: Arceus
|-heal|p2a: Arceus|65/100
|move|p1a: Shuckle|Rollout|p2a: Arceus|[from]lockedmove
|-damage|p2a: Arceus|0 fnt
|faint|p2a: Arceus
|
|-heal|p1a: Shuckle|87/100 brn|[from] item: Leftovers
|-damage|p1a: Shuckle|81/100 brn|[from] brn
|upkeep
|
|t:|1652436541
|switch|p2a: Giratina|Giratina|100/100
|-ability|p2a: Giratina|Pressure
|turn|29
|
|t:|1652436545
|move|p2a: Giratina|Defog|p1a: Shuckle
|-unboost|p1a: Shuckle|evasion|1
|move|p1a: Shuckle|Rollout|p2a: Giratina|[from]lockedmove
|-crit|p2a: Giratina
|-damage|p2a: Giratina|0 fnt
|faint|p2a: Giratina
|
|-heal|p1a: Shuckle|87/100 brn|[from] item: Leftovers
|-damage|p1a: Shuckle|81/100 brn|[from] brn
|upkeep
|
|t:|1652436549
|switch|p2a: Yveltal|Yveltal|100/100
|-ability|p2a: Yveltal|Dark Aura
|turn|30
|
|t:|1652436554
|move|p2a: Yveltal|Taunt|p1a: Shuckle
|-start|p1a: Shuckle|move: Taunt
|cant|p1a: Shuckle|move: Taunt|Acupressure
|
|-heal|p1a: Shuckle|87/100 brn|[from] item: Leftovers
|-damage|p1a: Shuckle|81/100 brn|[from] brn
|upkeep
|turn|31
|
|t:|1652436559
|move|p2a: Yveltal|Knock Off|p1a: Shuckle|[miss]
|-miss|p2a: Yveltal|p1a: Shuckle
|move|p1a: Shuckle|Rollout|p2a: Yveltal
|-supereffective|p2a: Yveltal
|-damage|p2a: Yveltal|42/100
|
|-heal|p1a: Shuckle|87/100 brn|[from] item: Leftovers
|-damage|p1a: Shuckle|81/100 brn|[from] brn
|upkeep
|turn|32
|
|t:|1652436563
|move|p2a: Yveltal|Knock Off|p1a: Shuckle|[miss]
|-miss|p2a: Yveltal|p1a: Shuckle
|move|p1a: Shuckle|Rollout|p2a: Yveltal|[from]lockedmove
|-supereffective|p2a: Yveltal
|-damage|p2a: Yveltal|0 fnt
|faint|p2a: Yveltal
|
|-heal|p1a: Shuckle|87/100 brn|[from] item: Leftovers
|-damage|p1a: Shuckle|81/100 brn|[from] brn
|-end|p1a: Shuckle|move: Taunt
|upkeep
|
|t:|1652436566
|switch|p2a: Necrozma|Necrozma-Dusk-Mane|100/100
|turn|33
|
|t:|1652436568
|move|p2a: Necrozma|Sunsteel Strike|p1a: Shuckle|[miss]
|-miss|p2a: Necrozma|p1a: Shuckle
|move|p1a: Shuckle|Rollout|p2a: Necrozma|[from]lockedmove
|-resisted|p2a: Necrozma
|-damage|p2a: Necrozma|72/100
|-damage|p1a: Shuckle|65/100 brn|[from] item: Rocky Helmet|[of] p2a: Necrozma
|
|-heal|p1a: Shuckle|71/100 brn|[from] item: Leftovers
|-damage|p1a: Shuckle|65/100 brn|[from] brn
|upkeep
|turn|34
|
|t:|1652436574
|move|p2a: Necrozma|Sunsteel Strike|p1a: Shuckle|[miss]
|-miss|p2a: Necrozma|p1a: Shuckle
|move|p1a: Shuckle|Rollout|p2a: Necrozma|[from]lockedmove
|-resisted|p2a: Necrozma
|-damage|p2a: Necrozma|13/100
|-damage|p1a: Shuckle|48/100 brn|[from] item: Rocky Helmet|[of] p2a: Necrozma
|
|-heal|p1a: Shuckle|55/100 brn|[from] item: Leftovers
|-damage|p1a: Shuckle|48/100 brn|[from] brn
|upkeep
|turn|35
|
|t:|1652436577
|move|p2a: Necrozma|Sunsteel Strike|p1a: Shuckle
|-supereffective|p1a: Shuckle
|-damage|p1a: Shuckle|31/100 brn
|move|p1a: Shuckle|Rollout|p2a: Necrozma|[from]lockedmove
|-resisted|p2a: Necrozma
|-damage|p2a: Necrozma|0 fnt
|-damage|p1a: Shuckle|15/100 brn|[from] item: Rocky Helmet|[of] p2a: Necrozma
|faint|p2a: Necrozma
|
|-heal|p1a: Shuckle|21/100 brn|[from] item: Leftovers
|-damage|p1a: Shuckle|15/100 brn|[from] brn
|upkeep
|
|t:|1652436581
|switch|p2a: Rayquaza|Rayquaza-Mega|100/100
|-weather|DeltaStream|[from] ability: Delta Stream|[of] p2a: Rayquaza
|turn|36
|
|t:|1652436584
|move|p2a: Rayquaza|Surf|p1a: Shuckle|[miss]
|-miss|p2a: Rayquaza|p1a: Shuckle
|move|p1a: Shuckle|Rest|p1a: Shuckle
|-status|p1a: Shuckle|slp|[from] move: Rest
|-heal|p1a: Shuckle|100/100 slp|[silent]
|
|-weather|DeltaStream|[upkeep]
|upkeep
|turn|37
|
|t:|1652436590
|move|p2a: Rayquaza|Surf|p1a: Shuckle
|-supereffective|p1a: Shuckle
|-damage|p1a: Shuckle|85/100 slp
|cant|p1a: Shuckle|slp
|
|-weather|DeltaStream|[upkeep]
|-heal|p1a: Shuckle|91/100 slp|[from] item: Leftovers
|upkeep
|turn|38
|
|t:|1652436594
|move|p2a: Rayquaza|Surf|p1a: Shuckle
|-supereffective|p1a: Shuckle
|-damage|p1a: Shuckle|75/100 slp
|cant|p1a: Shuckle|slp
|
|-weather|DeltaStream|[upkeep]
|-heal|p1a: Shuckle|82/100 slp|[from] item: Leftovers
|upkeep
|turn|39
|
|t:|1652436596
|move|p2a: Rayquaza|Surf|p1a: Shuckle
|-supereffective|p1a: Shuckle
|-damage|p1a: Shuckle|66/100 slp
|-curestatus|p1a: Shuckle|slp|[msg]
|move|p1a: Shuckle|Acupressure|p1a: Shuckle
|-boost|p1a: Shuckle|spa|2
|
|-weather|DeltaStream|[upkeep]
|-heal|p1a: Shuckle|72/100|[from] item: Leftovers
|upkeep
|turn|40
|
|t:|1652436600
|move|p2a: Rayquaza|Surf|p1a: Shuckle|[miss]
|-miss|p2a: Rayquaza|p1a: Shuckle
|move|p1a: Shuckle|Rollout|p2a: Rayquaza
|-activate||deltastream
|-crit|p2a: Rayquaza
|-damage|p2a: Rayquaza|16/100
|
|-weather|DeltaStream|[upkeep]
|-heal|p1a: Shuckle|78/100|[from] item: Leftovers
|upkeep
|turn|41
|l|☆Neobitka
|inactive|Neobitka disconnected and has a minute to reconnect!
|player|p2|
|inactive|Neobitka has 30 seconds to reconnect!
|inactive|Neobitka has 20 seconds to reconnect!
|inactive|Neobitka has 15 seconds to reconnect!
|inactive|Neobitka has 10 seconds to reconnect!
|inactive|Neobitka has 5 seconds to reconnect!
|-message|Neobitka lost due to inactivity.
|
|win|shuckle poppa
|raw|shuckle poppa's rating: 1000 &rarr; <strong>1053</strong><br />(+53 for winning)
|raw|Neobitka's rating: 1114 &rarr; <strong>1081</strong><br />(-33 for losing)
