|j|☆AG Champion Red
|j|☆Better Alone
|t:|1662115655
|gametype|singles
|player|p1|AG Champion Red|red|1568
|player|p2|Better Alone|swimmerf-gen4|1804
|teamsize|p1|6
|teamsize|p2|6
|gen|8
|tier|[Gen 8] National Dex AG
|rated|
|rule|HP Percentage Mod: HP is shown in percentages
|rule|Endless Battle Clause: Forcing endless battles is banned
|clearpoke
|poke|p1|Rayquaza|
|poke|p1|Groudon|
|poke|p1|Necrozma-Dusk-Mane|
|poke|p1|Yveltal|
|poke|p1|Calyrex-Shadow|
|poke|p1|Zacian-*|
|poke|p2|Ditto|
|poke|p2|Calyrex-Shadow|
|poke|p2|Groudon|
|poke|p2|Rayquaza|
|poke|p2|Tyranitar, F|
|poke|p2|Arceus-*|
|teampreview
|inactive|Battle timer is ON: inactive players will automatically lose when time's up. (requested by AG Champion Red)
|
|t:|1662115665
|start
|switch|p1a: Groudon|Groudon, shiny|100/100
|switch|p2a: Arceus|Arceus-Ground|100/100
|detailschange|p1a: Groudon|Groudon-Primal, shiny
|-primal|p1a: Groudon
|-weather|DesolateLand|[from] ability: Desolate Land|[of] p1a: Groudon
|turn|1
|
|t:|1662115669
|-weather|none
|switch|p1a: Rayquaza|Rayquaza, shiny|100/100
|-ability|p1a: Rayquaza|Air Lock
|move|p2a: Arceus|Judgment|p1a: Rayquaza
|-immune|p1a: Rayquaza
|
|upkeep
|turn|2
|
|t:|1662115679
|detailschange|p1a: Rayquaza|Rayquaza-Mega, shiny
|-mega|p1a: Rayquaza|Rayquaza|
|-weather|DeltaStream|[from] ability: Delta Stream|[of] p1a: Rayquaza
|move|p1a: Rayquaza|Dragon Dance|p1a: Rayquaza
|-boost|p1a: Rayquaza|atk|1
|-boost|p1a: Rayquaza|spe|1
|move|p2a: Arceus|Stealth Rock|p1a: Rayquaza
|-sidestart|p1: AG Champion Red|move: Stealth Rock
|
|-weather|DeltaStream|[upkeep]
|upkeep
|turn|3
|
|t:|1662115686
|move|p1a: Rayquaza|Dragon Ascent|p2a: Arceus
|-damage|p2a: Arceus|36/100
|-unboost|p1a: Rayquaza|def|1
|-unboost|p1a: Rayquaza|spd|1
|move|p2a: Arceus|Toxic|p1a: Rayquaza
|-status|p1a: Rayquaza|tox
|
|-weather|DeltaStream|[upkeep]
|-damage|p1a: Rayquaza|95/100 tox|[from] psn
|upkeep
|turn|4
|
|t:|1662115694
|move|p1a: Rayquaza|Dragon Ascent|p2a: Arceus
|-damage|p2a: Arceus|0 fnt
|-unboost|p1a: Rayquaza|def|1
|-unboost|p1a: Rayquaza|spd|1
|faint|p2a: Arceus
|
|-weather|DeltaStream|[upkeep]
|-damage|p1a: Rayquaza|83/100 tox|[from] psn
|upkeep
|
|t:|1662115697
|switch|p2a: Calyrex|Calyrex-Shadow|100/100
|-ability|p2a: Calyrex|As One
|-ability|p2a: Calyrex|Unnerve
|turn|5
|
|t:|1662115700
|-weather|none
|switch|p1a: Yveltal|Yveltal|100/100
|-ability|p1a: Yveltal|Dark Aura
|move|p2a: Calyrex|Astral Barrage|p1a: Yveltal
|-resisted|p1a: Yveltal
|-damage|p1a: Yveltal|75/100
|
|upkeep
|turn|6
|
|t:|1662115706
|switch|p2a: Tyranitar|Tyranitar, F|100/100
|-weather|Sandstorm|[from] ability: Sand Stream|[of] p2a: Tyranitar
|move|p1a: Yveltal|Defog|p2a: Tyranitar
|-unboost|p2a: Tyranitar|evasion|1
|-sideend|p1: AG Champion Red|Stealth Rock|[from] move: Defog|[of] p1a: Yveltal
|
|-weather|Sandstorm|[upkeep]
|-damage|p1a: Yveltal|69/100|[from] Sandstorm
|upkeep
|turn|7
|
|t:|1662115720
|move|p1a: Yveltal|Roost|p1a: Yveltal
|-heal|p1a: Yveltal|100/100
|-singleturn|p1a: Yveltal|move: Roost
|move|p2a: Tyranitar|Pursuit|p1a: Yveltal
|-resisted|p1a: Yveltal
|-damage|p1a: Yveltal|91/100
|
|-weather|Sandstorm|[upkeep]
|-damage|p1a: Yveltal|84/100|[from] Sandstorm
|upkeep
|turn|8
|
|t:|1662115729
|move|p1a: Yveltal|Knock Off|p2a: Tyranitar
|-resisted|p2a: Tyranitar
|-damage|p2a: Tyranitar|81/100
|-enditem|p2a: Tyranitar|Assault Vest|[from] move: Knock Off|[of] p1a: Yveltal
|move|p2a: Tyranitar|Pursuit|p1a: Yveltal
|-resisted|p1a: Yveltal
|-damage|p1a: Yveltal|75/100
|
|-weather|Sandstorm|[upkeep]
|-damage|p1a: Yveltal|69/100|[from] Sandstorm
|upkeep
|turn|9
|
|t:|1662115737
|move|p1a: Yveltal|Roost|p1a: Yveltal
|-heal|p1a: Yveltal|100/100
|-singleturn|p1a: Yveltal|move: Roost
|move|p2a: Tyranitar|Foul Play|p1a: Yveltal
|-resisted|p1a: Yveltal
|-damage|p1a: Yveltal|80/100
|
|-weather|Sandstorm|[upkeep]
|-damage|p1a: Yveltal|74/100|[from] Sandstorm
|upkeep
|turn|10
|
|t:|1662115744
|move|p1a: Yveltal|Taunt|p2a: Tyranitar
|-start|p2a: Tyranitar|move: Taunt
|move|p2a: Tyranitar|Stone Edge|p1a: Yveltal
|-supereffective|p1a: Yveltal
|-damage|p1a: Yveltal|7/100
|
|-weather|none
|upkeep
|turn|11
|
|t:|1662115751
|move|p1a: Yveltal|Roost|p1a: Yveltal
|-heal|p1a: Yveltal|57/100
|-singleturn|p1a: Yveltal|move: Roost
|move|p2a: Tyranitar|Stone Edge|p1a: Yveltal
|-damage|p1a: Yveltal|22/100
|
|upkeep
|turn|12
|
|t:|1662115762
|switch|p2a: Rayquaza|Rayquaza|100/100
|-ability|p2a: Rayquaza|Air Lock
|move|p1a: Yveltal|Roost|p1a: Yveltal
|-heal|p1a: Yveltal|72/100
|-singleturn|p1a: Yveltal|move: Roost
|
|upkeep
|turn|13
|
|t:|1662115771
|detailschange|p2a: Rayquaza|Rayquaza-Mega
|-mega|p2a: Rayquaza|Rayquaza|
|-weather|DeltaStream|[from] ability: Delta Stream|[of] p2a: Rayquaza
|move|p2a: Rayquaza|Dragon Dance|p2a: Rayquaza
|-boost|p2a: Rayquaza|atk|1
|-boost|p2a: Rayquaza|spe|1
|move|p1a: Yveltal|Knock Off|p2a: Rayquaza
|-damage|p2a: Rayquaza|50/100
|-enditem|p2a: Rayquaza|Focus Sash|[from] move: Knock Off|[of] p1a: Yveltal
|
|-weather|DeltaStream|[upkeep]
|upkeep
|turn|14
|
|t:|1662115786
|switch|p1a: Rayquaza|Rayquaza-Mega, shiny|83/100 tox
|move|p2a: Rayquaza|Dragon Ascent|p1a: Rayquaza
|-damage|p1a: Rayquaza|0 fnt
|-unboost|p2a: Rayquaza|def|1
|-unboost|p2a: Rayquaza|spd|1
|faint|p1a: Rayquaza
|
|-weather|DeltaStream|[upkeep]
|upkeep
|
|t:|1662115788
|switch|p1a: Calyrex|Calyrex-Shadow|100/100
|-ability|p1a: Calyrex|As One
|-ability|p1a: Calyrex|Unnerve
|turn|15
|
|t:|1662115795
|-weather|none
|switch|p2a: Tyranitar|Tyranitar, F|81/100
|-weather|Sandstorm|[from] ability: Sand Stream|[of] p2a: Tyranitar
|move|p1a: Calyrex|Draining Kiss|p2a: Tyranitar
|-supereffective|p2a: Tyranitar
|-damage|p2a: Tyranitar|65/100
|
|-weather|Sandstorm|[upkeep]
|-damage|p1a: Calyrex|94/100|[from] Sandstorm
|upkeep
|turn|16
|
|t:|1662115814
|move|p1a: Calyrex|Nasty Plot|p1a: Calyrex
|-boost|p1a: Calyrex|spa|2
|move|p2a: Tyranitar|Pursuit|p1a: Calyrex
|-supereffective|p1a: Calyrex
|-damage|p1a: Calyrex|3/100
|
|-weather|Sandstorm|[upkeep]
|-damage|p1a: Calyrex|0 fnt|[from] Sandstorm
|faint|p1a: Calyrex
|upkeep
|
|t:|1662115821
|switch|p1a: Groudon|Groudon-Primal, shiny|100/100
|-weather|DesolateLand|[from] ability: Desolate Land|[of] p1a: Groudon
|turn|17
|
|t:|1662115824
|switch|p2a: Rayquaza|Rayquaza-Mega|50/100
|-weather|DeltaStream|[from] ability: Delta Stream|[of] p2a: Rayquaza
|move|p1a: Groudon|Stealth Rock|p2a: Rayquaza
|-sidestart|p2: Better Alone|move: Stealth Rock
|
|-weather|DeltaStream|[upkeep]
|upkeep
|turn|18
|
|t:|1662115828
|move|p2a: Rayquaza|Dragon Ascent|p1a: Groudon
|-damage|p1a: Groudon|62/100
|-unboost|p2a: Rayquaza|def|1
|-unboost|p2a: Rayquaza|spd|1
|move|p1a: Groudon|Thunder Wave|p2a: Rayquaza
|-status|p2a: Rayquaza|par
|
|-weather|DeltaStream|[upkeep]
|upkeep
|turn|19
|
|t:|1662115834
|move|p1a: Groudon|Stone Edge|p2a: Rayquaza|[miss]
|-miss|p1a: Groudon|p2a: Rayquaza
|cant|p2a: Rayquaza|par
|
|-weather|DeltaStream|[upkeep]
|upkeep
|turn|20
|
|t:|1662115839
|move|p1a: Groudon|Stone Edge|p2a: Rayquaza
|-activate||deltastream
|-damage|p2a: Rayquaza|0 fnt
|faint|p2a: Rayquaza
|-weather|none
|
|upkeep
|
|t:|1662115842
|switch|p2a: Calyrex|Calyrex-Shadow|100/100
|-ability|p2a: Calyrex|As One
|-ability|p2a: Calyrex|Unnerve
|-damage|p2a: Calyrex|88/100|[from] Stealth Rock
|turn|21
|
|t:|1662115845
|switch|p1a: Yveltal|Yveltal|72/100
|-ability|p1a: Yveltal|Dark Aura
|move|p2a: Calyrex|Astral Barrage|p1a: Yveltal
|-resisted|p1a: Yveltal
|-damage|p1a: Yveltal|48/100
|
|upkeep
|turn|22
|
|t:|1662115848
|switch|p2a: Tyranitar|Tyranitar, F|65/100
|-damage|p2a: Tyranitar|52/100|[from] Stealth Rock
|-weather|Sandstorm|[from] ability: Sand Stream|[of] p2a: Tyranitar
|move|p1a: Yveltal|Roost|p1a: Yveltal
|-heal|p1a: Yveltal|98/100
|-singleturn|p1a: Yveltal|move: Roost
|
|-weather|Sandstorm|[upkeep]
|-damage|p1a: Yveltal|92/100|[from] Sandstorm
|upkeep
|turn|23
|
|t:|1662115862
|switch|p1a: Zacian|Zacian, shiny|100/100
|-ability|p1a: Zacian|Intrepid Sword|boost
|-boost|p1a: Zacian|atk|1
|-start|p2a: Tyranitar|Dynamax|
|-heal|p2a: Tyranitar|52/100|[silent]
|move|p2a: Tyranitar|Max Rockfall|p1a: Zacian
|-damage|p1a: Zacian|50/100
|
|-weather|Sandstorm|[upkeep]
|-damage|p1a: Zacian|44/100|[from] Sandstorm
|upkeep
|turn|24
|
|t:|1662115872
|-end|p2a: Tyranitar|Dynamax
|-heal|p2a: Tyranitar|52/100|[silent]
|switch|p2a: Groudon|Groudon, shiny|100/100
|-damage|p2a: Groudon|94/100|[from] Stealth Rock
|detailschange|p2a: Groudon|Groudon-Primal, shiny
|-primal|p2a: Groudon
|-weather|DesolateLand|[from] ability: Desolate Land|[of] p2a: Groudon
|move|p1a: Zacian|Play Rough|p2a: Groudon
|-resisted|p2a: Groudon
|-damage|p2a: Groudon|63/100
|
|-weather|DesolateLand|[upkeep]
|upkeep
|turn|25
|
|t:|1662115883
|move|p1a: Zacian|Play Rough|p2a: Groudon
|-resisted|p2a: Groudon
|-damage|p2a: Groudon|31/100
|move|p2a: Groudon|Fire Punch|p1a: Zacian
|-damage|p1a: Zacian|0 fnt
|faint|p1a: Zacian
|
|-weather|DesolateLand|[upkeep]
|upkeep
|
|t:|1662115901
|switch|p1a: Groudon|Groudon-Primal, shiny|62/100
|turn|26
|
|t:|1662115904
|move|p1a: Groudon|Precipice Blades|p2a: Groudon
|-supereffective|p2a: Groudon
|-damage|p2a: Groudon|0 fnt
|faint|p2a: Groudon
|
|-weather|DesolateLand|[upkeep]
|upkeep
|
|t:|1662115907
|switch|p2a: Calyrex|Calyrex-Shadow|88/100
|-ability|p2a: Calyrex|As One
|-ability|p2a: Calyrex|Unnerve
|-damage|p2a: Calyrex|76/100|[from] Stealth Rock
|turn|27
|
|t:|1662115909
|-weather|none
|switch|p1a: Yveltal|Yveltal|92/100
|-ability|p1a: Yveltal|Dark Aura
|move|p2a: Calyrex|Astral Barrage|p1a: Yveltal
|-resisted|p1a: Yveltal
|-damage|p1a: Yveltal|69/100
|
|upkeep
|turn|28
|
|t:|1662115919
|switch|p2a: Tyranitar|Tyranitar, F|52/100
|-damage|p2a: Tyranitar|40/100|[from] Stealth Rock
|-weather|Sandstorm|[from] ability: Sand Stream|[of] p2a: Tyranitar
|switch|p1a: Groudon|Groudon-Primal, shiny|62/100
|-weather|DesolateLand|[from] ability: Desolate Land|[of] p1a: Groudon
|
|-weather|DesolateLand|[upkeep]
|upkeep
|turn|29
|
|t:|1662115929
|move|p1a: Groudon|Precipice Blades|p2a: Tyranitar|[miss]
|-miss|p1a: Groudon|p2a: Tyranitar
|move|p2a: Tyranitar|Foul Play|p1a: Groudon
|-damage|p1a: Groudon|29/100
|
|-weather|DesolateLand|[upkeep]
|upkeep
|turn|30
|
|t:|1662115934
|move|p1a: Groudon|Precipice Blades|p2a: Tyranitar
|-supereffective|p2a: Tyranitar
|-damage|p2a: Tyranitar|0 fnt
|faint|p2a: Tyranitar
|
|-weather|DesolateLand|[upkeep]
|upkeep
|
|t:|1662115937
|switch|p2a: Ditto|Ditto|100/100
|-damage|p2a: Ditto|88/100|[from] Stealth Rock
|-transform|p2a: Ditto|p1a: Groudon|[from] ability: Imposter
|turn|31
|
|t:|1662115941
|move|p2a: Ditto|Stone Edge|p1a: Groudon
|-damage|p1a: Groudon|7/100
|move|p1a: Groudon|Precipice Blades|p2a: Ditto
|-supereffective|p2a: Ditto
|-damage|p2a: Ditto|0 fnt
|faint|p2a: Ditto
|
|-weather|DesolateLand|[upkeep]
|upkeep
|
|t:|1662115944
|switch|p2a: Calyrex|Calyrex-Shadow|76/100
|-ability|p2a: Calyrex|As One
|-ability|p2a: Calyrex|Unnerve
|-damage|p2a: Calyrex|64/100|[from] Stealth Rock
|turn|32
|-message|Better Alone forfeited.
|
|win|AG Champion Red
|raw|AG Champion Red's rating: 1568 &rarr; <strong>1600</strong><br />(+32 for winning)
|raw|Better Alone's rating: 1804 &rarr; <strong>1772</strong><br />(-32 for losing)
|l|☆Better Alone
