|j|☆OhLooord
|j|☆Goku Uchiha 2001
|t:|1664343490
|gametype|singles
|player|p1|OhLooord|lucas|1800
|player|p2|Goku Uchiha 2001|blue-gen3two|1855
|teamsize|p1|6
|teamsize|p2|6
|gen|8
|tier|[Gen 8] National Dex AG
|rated|
|rule|HP Percentage Mod: HP is shown in percentages
|rule|Endless Battle Clause: Forcing endless battles is banned
|clearpoke
|poke|p1|Arceus-*|
|poke|p1|Groudon|
|poke|p1|Zacian-*|
|poke|p1|Rayquaza|
|poke|p1|Calyrex-Shadow|
|poke|p1|Yveltal|
|poke|p2|Lugia|
|poke|p2|Giratina|
|poke|p2|Groudon|
|poke|p2|Ho-Oh|
|poke|p2|Arceus-*|
|poke|p2|Ditto|
|teampreview
|inactive|Battle timer is ON: inactive players will automatically lose when time's up. (requested by Goku Uchiha 2001)
|
|t:|1664343498
|start
|switch|p1a: Rayquaza|Rayquaza|100/100
|switch|p2a: Arceus|Arceus-Fairy|100/100
|-ability|p1a: Rayquaza|Air Lock
|turn|1
|
|t:|1664343502
|switch|p1a: Zacian|Zacian-Crowned|100/100
|-ability|p1a: Zacian|Intrepid Sword|boost
|-boost|p1a: Zacian|atk|1
|move|p2a: Arceus|Judgment|p1a: Zacian
|-resisted|p1a: Zacian
|-damage|p1a: Zacian|79/100
|
|upkeep
|turn|2
|
|t:|1664343507
|switch|p1a: Rayquaza|Rayquaza|100/100
|-ability|p1a: Rayquaza|Air Lock
|switch|p2a: Groudon|Groudon|100/100
|detailschange|p2a: Groudon|Groudon-Primal
|-primal|p2a: Groudon
|-weather|DesolateLand|[from] ability: Desolate Land|[of] p2a: Groudon
|
|-weather|DesolateLand|[upkeep]
|upkeep
|turn|3
|
|t:|1664343515
|-weather|none
|switch|p2a: Arceus|Arceus-Fairy|100/100
|detailschange|p1a: Rayquaza|Rayquaza-Mega
|-mega|p1a: Rayquaza|Rayquaza|
|-weather|DeltaStream|[from] ability: Delta Stream|[of] p1a: Rayquaza
|move|p1a: Rayquaza|Dragon Dance|p1a: Rayquaza
|-boost|p1a: Rayquaza|atk|1
|-boost|p1a: Rayquaza|spe|1
|
|-weather|DeltaStream|[upkeep]
|upkeep
|turn|4
|
|t:|1664343527
|move|p1a: Rayquaza|Dragon Ascent|p2a: Arceus
|-damage|p2a: Arceus|16/100
|-unboost|p1a: Rayquaza|def|1
|-unboost|p1a: Rayquaza|spd|1
|move|p2a: Arceus|Judgment|p1a: Rayquaza
|-supereffective|p1a: Rayquaza
|-enditem|p1a: Rayquaza|Focus Sash
|-damage|p1a: Rayquaza|1/100
|
|-weather|DeltaStream|[upkeep]
|upkeep
|turn|5
|
|t:|1664343533
|move|p1a: Rayquaza|Dragon Ascent|p2a: Arceus
|-damage|p2a: Arceus|0 fnt
|-unboost|p1a: Rayquaza|def|1
|-unboost|p1a: Rayquaza|spd|1
|faint|p2a: Arceus
|
|-weather|DeltaStream|[upkeep]
|upkeep
|
|t:|1664343537
|switch|p2a: Ditto|Ditto, shiny|100/100
|-transform|p2a: Ditto|p1a: Rayquaza|[from] ability: Imposter
|turn|6
|
|t:|1664343542
|switch|p1a: Calyrex|Calyrex-Shadow|100/100
|-ability|p1a: Calyrex|As One
|-ability|p1a: Calyrex|Unnerve
|move|p2a: Ditto|Extreme Speed|p1a: Calyrex
|-immune|p1a: Calyrex
|
|-weather|DeltaStream|[upkeep]
|upkeep
|turn|7
|
|t:|1664343547
|-weather|none
|switch|p2a: Ho-Oh|Ho-Oh|100/100
|switch|p1a: Groudon|Groudon|100/100
|detailschange|p1a: Groudon|Groudon-Primal
|-primal|p1a: Groudon
|-weather|DesolateLand|[from] ability: Desolate Land|[of] p1a: Groudon
|
|-weather|DesolateLand|[upkeep]
|upkeep
|turn|8
|
|t:|1664343551
|switch|p2a: Giratina|Giratina|100/100
|-ability|p2a: Giratina|Pressure
|move|p1a: Groudon|Thunder Wave|p2a: Giratina
|-status|p2a: Giratina|par
|
|-weather|DesolateLand|[upkeep]
|upkeep
|turn|9
|
|t:|1664343554
|-weather|none
|switch|p1a: Zacian|Zacian-Crowned|79/100
|-ability|p1a: Zacian|Intrepid Sword|boost
|-boost|p1a: Zacian|atk|1
|move|p2a: Giratina|Toxic|p1a: Zacian
|-immune|p1a: Zacian
|
|upkeep
|turn|10
|
|t:|1664343562
|move|p1a: Zacian|Play Rough|p2a: Giratina
|-supereffective|p2a: Giratina
|-damage|p2a: Giratina|31/100 par
|cant|p2a: Giratina|par
|
|-heal|p2a: Giratina|38/100 par|[from] item: Leftovers
|upkeep
|turn|11
|
|t:|1664343568
|switch|p1a: Rayquaza|Rayquaza-Mega|1/100
|-weather|DeltaStream|[from] ability: Delta Stream|[of] p1a: Rayquaza
|switch|p2a: Groudon|Groudon-Primal|100/100
|-weather|DesolateLand|[from] ability: Desolate Land|[of] p2a: Groudon
|
|-weather|DesolateLand|[upkeep]
|upkeep
|turn|12
|
|t:|1664343575
|move|p1a: Rayquaza|Earthquake|p2a: Groudon
|-supereffective|p2a: Groudon
|-damage|p2a: Groudon|57/100
|move|p2a: Groudon|Fire Punch|p1a: Rayquaza
|-resisted|p1a: Rayquaza
|-damage|p1a: Rayquaza|0 fnt
|faint|p1a: Rayquaza
|
|-weather|DesolateLand|[upkeep]
|upkeep
|j| dtc07
|j| Voss556
|
|t:|1664343585
|switch|p1a: Yveltal|Yveltal|100/100
|-ability|p1a: Yveltal|Dark Aura
|turn|13
|
|t:|1664343590
|-weather|none
|switch|p2a: Giratina|Giratina|38/100 par
|-ability|p2a: Giratina|Pressure
|-start|p1a: Yveltal|Dynamax|
|-heal|p1a: Yveltal|100/100|[silent]
|move|p1a: Yveltal|Max Airstream|p2a: Giratina
|-crit|p2a: Giratina
|-damage|p2a: Giratina|0 fnt
|-boost|p1a: Yveltal|spe|1
|faint|p2a: Giratina
|-damage|p1a: Yveltal|96/100|[from] item: Life Orb
|
|upkeep
|l| Voss556
|
|t:|1664343598
|switch|p2a: Ho-Oh|Ho-Oh|100/100
|turn|14
|
|t:|1664343601
|move|p1a: Yveltal|Max Darkness|p2a: Ho-Oh
|-damage|p2a: Ho-Oh|25/100
|-unboost|p2a: Ho-Oh|spd|1
|-damage|p1a: Yveltal|91/100|[from] item: Life Orb
|move|p2a: Ho-Oh|Roost|p2a: Ho-Oh
|-heal|p2a: Ho-Oh|75/100
|-singleturn|p2a: Ho-Oh|move: Roost
|
|upkeep
|turn|15
|
|t:|1664343624
|move|p1a: Yveltal|Max Darkness|p2a: Ho-Oh
|-damage|p2a: Ho-Oh|0 fnt
|faint|p2a: Ho-Oh
|-damage|p1a: Yveltal|86/100|[from] item: Life Orb
|
|upkeep
|
|t:|1664343629
|switch|p2a: Ditto|Ditto, shiny|100/100
|-transform|p2a: Ditto|p1a: Yveltal|[from] ability: Imposter
|-ability|p2a: Ditto|Dark Aura
|-end|p1a: Yveltal|Dynamax
|-heal|p1a: Yveltal|86/100|[silent]
|turn|16
|
|t:|1664343649
|-start|p2a: Ditto|Dynamax|
|-heal|p2a: Ditto|100/100|[silent]
|move|p1a: Yveltal|Oblivion Wing|p2a: Ditto
|-damage|p2a: Ditto|68/100
|-heal|p1a: Yveltal|100/100|[from] drain|[of] p2a: Ditto
|-damage|p1a: Yveltal|91/100|[from] item: Life Orb
|move|p2a: Ditto|Max Airstream|p1a: Yveltal
|-damage|p1a: Yveltal|20/100
|-boost|p2a: Ditto|spe|1
|
|upkeep
|turn|17
|l| dtc07
|
|t:|1664343659
|move|p1a: Yveltal|Sucker Punch|p2a: Ditto
|-resisted|p2a: Ditto
|-damage|p2a: Ditto|52/100
|-damage|p1a: Yveltal|10/100|[from] item: Life Orb
|move|p2a: Ditto|Max Flare|p1a: Yveltal
|-damage|p1a: Yveltal|0 fnt
|-weather|SunnyDay
|faint|p1a: Yveltal
|
|-weather|SunnyDay|[upkeep]
|upkeep
|
|t:|1664343665
|switch|p1a: Groudon|Groudon-Primal|100/100
|-weather|DesolateLand|[from] ability: Desolate Land|[of] p1a: Groudon
|turn|18
|
|t:|1664343670
|move|p2a: Ditto|Max Darkness|p1a: Groudon
|-damage|p1a: Groudon|9/100
|-unboost|p1a: Groudon|spd|1
|move|p1a: Groudon|Thunder Wave|p2a: Ditto
|-status|p2a: Ditto|par
|
|-weather|DesolateLand|[upkeep]
|upkeep
|-end|p2a: Ditto|Dynamax
|-heal|p2a: Ditto|52/100 par|[silent]
|turn|19
|
|t:|1664343690
|move|p2a: Ditto|Heat Wave|p1a: Groudon
|-resisted|p1a: Groudon
|-damage|p1a: Groudon|0 fnt
|faint|p1a: Groudon
|-weather|none
|
|upkeep
|
|t:|1664343695
|switch|p1a: Calyrex|Calyrex-Shadow|100/100
|-ability|p1a: Calyrex|As One
|-ability|p1a: Calyrex|Unnerve
|turn|20
|
|t:|1664343699
|move|p2a: Ditto|Heat Wave|p1a: Calyrex
|-damage|p1a: Calyrex|66/100
|move|p1a: Calyrex|Substitute|p1a: Calyrex
|-start|p1a: Calyrex|Substitute
|-damage|p1a: Calyrex|41/100
|
|-heal|p1a: Calyrex|47/100|[from] item: Leftovers
|upkeep
|turn|21
|
|t:|1664343702
|move|p2a: Ditto|Heat Wave|p1a: Calyrex
|-end|p1a: Calyrex|Substitute
|move|p1a: Calyrex|Leech Seed|p2a: Ditto
|-start|p2a: Ditto|move: Leech Seed
|
|-heal|p1a: Calyrex|53/100|[from] item: Leftovers
|-damage|p2a: Ditto|40/100 par|[from] Leech Seed|[of] p1a: Calyrex
|-heal|p1a: Calyrex|64/100|[silent]
|upkeep
|turn|22
|
|t:|1664343707
|switch|p2a: Lugia|Lugia|100/100
|switch|p1a: Arceus|Arceus|100/100
|
|upkeep
|turn|23
|
|t:|1664343711
|move|p2a: Lugia|Toxic|p1a: Arceus
|-status|p1a: Arceus|tox
|-enditem|p1a: Arceus|Lum Berry|[eat]
|-curestatus|p1a: Arceus|tox|[msg]
|move|p1a: Arceus|Swords Dance|p1a: Arceus
|-boost|p1a: Arceus|atk|2
|
|upkeep
|turn|24
|
|t:|1664343715
|move|p2a: Lugia|Toxic|p1a: Arceus
|-status|p1a: Arceus|tox
|move|p1a: Arceus|Shadow Claw|p2a: Lugia
|-supereffective|p2a: Lugia
|-damage|p2a: Lugia|69/100
|
|-damage|p1a: Arceus|94/100 tox|[from] psn
|upkeep
|turn|25
|
|t:|1664343720
|switch|p1a: Calyrex|Calyrex-Shadow|64/100
|-ability|p1a: Calyrex|As One
|-ability|p1a: Calyrex|Unnerve
|move|p2a: Lugia|Roost|p2a: Lugia
|-heal|p2a: Lugia|100/100
|-singleturn|p2a: Lugia|move: Roost
|
|-heal|p1a: Calyrex|70/100|[from] item: Leftovers
|upkeep
|turn|26
|
|t:|1664343725
|move|p1a: Calyrex|Substitute|p1a: Calyrex
|-start|p1a: Calyrex|Substitute
|-damage|p1a: Calyrex|45/100
|move|p2a: Lugia|Whirlwind|p1a: Calyrex
|drag|p1a: Arceus|Arceus|94/100 tox
|
|-damage|p1a: Arceus|88/100 tox|[from] psn
|upkeep
|turn|27
|
|t:|1664343732
|move|p2a: Lugia|Whirlpool|p1a: Arceus
|-damage|p1a: Arceus|83/100 tox
|-activate|p1a: Arceus|move: Whirlpool|[of] p2a: Lugia
|move|p1a: Arceus|Shadow Claw|p2a: Lugia
|-supereffective|p2a: Lugia
|-damage|p2a: Lugia|84/100
|
|-damage|p1a: Arceus|71/100 tox|[from] psn
|-damage|p1a: Arceus|59/100 tox|[from] move: Whirlpool|[partiallytrapped]
|upkeep
|turn|28
|
|t:|1664343739
|move|p2a: Lugia|Roost|p2a: Lugia
|-heal|p2a: Lugia|100/100
|-singleturn|p2a: Lugia|move: Roost
|move|p1a: Arceus|Swords Dance|p1a: Arceus
|-boost|p1a: Arceus|atk|2
|
|-damage|p1a: Arceus|40/100 tox|[from] psn
|-damage|p1a: Arceus|28/100 tox|[from] move: Whirlpool|[partiallytrapped]
|upkeep
|turn|29
|
|t:|1664343749
|move|p2a: Lugia|Whirlpool|p1a: Arceus
|-damage|p1a: Arceus|23/100 tox
|move|p1a: Arceus|Shadow Claw|p2a: Lugia
|-supereffective|p2a: Lugia
|-damage|p2a: Lugia|65/100
|
|-damage|p1a: Arceus|0 fnt|[from] psn
|faint|p1a: Arceus
|upkeep
|
|t:|1664343755
|switch|p1a: Calyrex|Calyrex-Shadow|45/100
|-ability|p1a: Calyrex|As One
|-ability|p1a: Calyrex|Unnerve
|turn|30
|
|t:|1664343766
|move|p1a: Calyrex|Astral Barrage|p2a: Lugia
|-supereffective|p2a: Lugia
|-damage|p2a: Lugia|0 fnt
|faint|p2a: Lugia
|-ability|p1a: Calyrex|Grim Neigh|boost
|-boost|p1a: Calyrex|spa|1
|
|-heal|p1a: Calyrex|52/100|[from] item: Leftovers
|upkeep
|c|☆OhLooord|gg
|
|t:|1664343769
|switch|p2a: Groudon|Groudon-Primal|57/100
|-weather|DesolateLand|[from] ability: Desolate Land|[of] p2a: Groudon
|turn|31
|
|t:|1664343771
|move|p1a: Calyrex|Astral Barrage|p2a: Groudon
|-damage|p2a: Groudon|0 fnt
|faint|p2a: Groudon
|-weather|none
|-ability|p1a: Calyrex|Grim Neigh|boost
|-boost|p1a: Calyrex|spa|1
|
|-heal|p1a: Calyrex|58/100|[from] item: Leftovers
|upkeep
|
|t:|1664343773
|switch|p2a: Ditto|Ditto, shiny|40/100 par
|-transform|p2a: Ditto|p1a: Calyrex|[from] ability: Imposter
|turn|32
|
|t:|1664343775
|move|p1a: Calyrex|Astral Barrage|p2a: Ditto
|-supereffective|p2a: Ditto
|-damage|p2a: Ditto|0 fnt
|faint|p2a: Ditto
|
|win|OhLooord
|raw|OhLooord's rating: 1800 &rarr; <strong>1823</strong><br />(+23 for winning)
|raw|Goku Uchiha 2001's rating: 1855 &rarr; <strong>1832</strong><br />(-23 for losing)
|c|☆Goku Uchiha 2001|Gg
