|j|☆iamyh
|j|☆Maxime et fildrong
|t:|1653658093
|gametype|singles
|player|p1|iamyh|265|1594
|player|p2|Maxime et fildrong|pokefan-gen4|1762
|teamsize|p1|6
|teamsize|p2|6
|gen|8
|tier|[Gen 8] National Dex AG
|rated|
|rule|HP Percentage Mod: HP is shown in percentages
|rule|Endless Battle Clause: Forcing endless battles is banned
|clearpoke
|poke|p1|Rayquaza|
|poke|p1|Calyrex-Shadow|
|poke|p1|Zacian-*|
|poke|p1|Groudon|
|poke|p1|Deoxys-Speed|
|poke|p1|Yveltal|
|poke|p2|Arceus-*|
|poke|p2|Rayquaza|
|poke|p2|Groudon|
|poke|p2|Marshadow|
|poke|p2|Xerneas-*|
|poke|p2|Arceus-*|
|teampreview
|inactive|Battle timer is ON: inactive players will automatically lose when time's up. (requested by Maxime et fildrong)
|
|t:|1653658110
|start
|switch|p1a: Deoxys|Deoxys-Speed|100/100
|switch|p2a: Rayquaza|Rayquaza|100/100
|-ability|p1a: Deoxys|Pressure
|-ability|p2a: Rayquaza|Air Lock
|turn|1
|
|t:|1653658119
|detailschange|p2a: Rayquaza|Rayquaza-Mega
|-mega|p2a: Rayquaza|Rayquaza|
|-weather|DeltaStream|[from] ability: Delta Stream|[of] p2a: Rayquaza
|move|p1a: Deoxys|Taunt|p2a: Rayquaza
|-start|p2a: Rayquaza|move: Taunt
|move|p2a: Rayquaza|Dragon Ascent|p1a: Deoxys
|-crit|p1a: Deoxys
|-enditem|p1a: Deoxys|Focus Sash
|-damage|p1a: Deoxys|1/100
|-unboost|p2a: Rayquaza|def|1
|-unboost|p2a: Rayquaza|spd|1
|
|-weather|DeltaStream|[upkeep]
|upkeep
|turn|2
|
|t:|1653658127
|move|p1a: Deoxys|Stealth Rock|p2a: Rayquaza
|-sidestart|p2: Maxime et fildrong|move: Stealth Rock
|move|p2a: Rayquaza|Dragon Ascent|p1a: Deoxys
|-crit|p1a: Deoxys
|-damage|p1a: Deoxys|0 fnt
|-unboost|p2a: Rayquaza|def|1
|-unboost|p2a: Rayquaza|spd|1
|faint|p1a: Deoxys
|
|-weather|DeltaStream|[upkeep]
|upkeep
|
|t:|1653658134
|switch|p1a: Zacian|Zacian-Crowned|100/100
|-ability|p1a: Zacian|Intrepid Sword|boost
|-boost|p1a: Zacian|atk|1
|turn|3
|
|t:|1653658140
|-weather|none
|switch|p2a: Groudon|Groudon|100/100
|-damage|p2a: Groudon|94/100|[from] Stealth Rock
|detailschange|p2a: Groudon|Groudon-Primal
|-primal|p2a: Groudon
|-weather|DesolateLand|[from] ability: Desolate Land|[of] p2a: Groudon
|move|p1a: Zacian|Behemoth Blade|p2a: Groudon
|-resisted|p2a: Groudon
|-damage|p2a: Groudon|70/100
|
|-weather|DesolateLand|[upkeep]
|upkeep
|turn|4
|
|t:|1653658151
|switch|p1a: Rayquaza|Rayquaza|100/100
|-ability|p1a: Rayquaza|Air Lock
|move|p2a: Groudon|Rock Slide|p1a: Rayquaza
|-supereffective|p1a: Rayquaza
|-damage|p1a: Rayquaza|16/100
|
|-weather|DesolateLand|[upkeep]
|upkeep
|turn|5
|
|t:|1653658163
|-weather|none
|switch|p2a: Arceus|Arceus-Ground|100/100
|-damage|p2a: Arceus|94/100|[from] Stealth Rock
|detailschange|p1a: Rayquaza|Rayquaza-Mega
|-mega|p1a: Rayquaza|Rayquaza|
|-weather|DeltaStream|[from] ability: Delta Stream|[of] p1a: Rayquaza
|move|p1a: Rayquaza|Earthquake|p2a: Arceus
|-damage|p2a: Arceus|62/100
|-damage|p1a: Rayquaza|6/100|[from] item: Life Orb
|
|-weather|DeltaStream|[upkeep]
|upkeep
|turn|6
|
|t:|1653658174
|move|p1a: Rayquaza|Dragon Ascent|p2a: Arceus
|-damage|p2a: Arceus|9/100
|-unboost|p1a: Rayquaza|def|1
|-unboost|p1a: Rayquaza|spd|1
|-damage|p1a: Rayquaza|0 fnt|[from] item: Life Orb
|faint|p1a: Rayquaza
|-weather|none
|move|p2a: Arceus|Defog|p1: Rayquaza|[notarget]
|-fail|p2a: Arceus
|
|upkeep
|
|t:|1653658180
|switch|p1a: Calyrex|Calyrex-Shadow|100/100
|-ability|p1a: Calyrex|As One
|-ability|p1a: Calyrex|Unnerve
|turn|7
|
|t:|1653658188
|move|p1a: Calyrex|Substitute|p1a: Calyrex
|-start|p1a: Calyrex|Substitute
|-damage|p1a: Calyrex|76/100
|move|p2a: Arceus|Recover|p2a: Arceus
|-heal|p2a: Arceus|59/100
|
|-heal|p1a: Calyrex|82/100|[from] item: Leftovers
|upkeep
|turn|8
|
|t:|1653658195
|move|p1a: Calyrex|Astral Barrage|p2a: Arceus
|-damage|p2a: Arceus|7/100
|move|p2a: Arceus|Defog|p1a: Calyrex
|-sideend|p2: Maxime et fildrong|Stealth Rock|[from] move: Defog|[of] p2a: Arceus
|
|-heal|p1a: Calyrex|88/100|[from] item: Leftovers
|upkeep
|turn|9
|
|t:|1653658201
|move|p1a: Calyrex|Psyshock|p2a: Arceus
|-damage|p2a: Arceus|0 fnt
|faint|p2a: Arceus
|-ability|p1a: Calyrex|Grim Neigh|boost
|-boost|p1a: Calyrex|spa|1
|
|-heal|p1a: Calyrex|94/100|[from] item: Leftovers
|upkeep
|
|t:|1653658203
|switch|p2a: Marshadow|Marshadow|100/100
|turn|10
|
|t:|1653658206
|switch|p1a: Groudon|Groudon|100/100
|detailschange|p1a: Groudon|Groudon-Primal
|-primal|p1a: Groudon
|-weather|DesolateLand|[from] ability: Desolate Land|[of] p1a: Groudon
|move|p2a: Marshadow|Spectral Thief|p1a: Groudon
|-damage|p1a: Groudon|79/100
|
|-weather|DesolateLand|[upkeep]
|upkeep
|turn|11
|
|t:|1653658221
|switch|p2a: Rayquaza|Rayquaza-Mega|100/100
|-weather|DeltaStream|[from] ability: Delta Stream|[of] p2a: Rayquaza
|move|p1a: Groudon|Roar|p2a: Rayquaza
|-weather|none
|drag|p2a: Xerneas|Xerneas|100/100
|-ability|p2a: Xerneas|Fairy Aura
|
|upkeep
|turn|12
|
|t:|1653658238
|switch|p1a: Zacian|Zacian-Crowned|100/100
|-ability|p1a: Zacian|Intrepid Sword|boost
|-boost|p1a: Zacian|atk|1
|move|p2a: Xerneas|Geomancy||[still]
|-prepare|p2a: Xerneas|Geomancy
|-enditem|p2a: Xerneas|Power Herb
|-anim|p2a: Xerneas|Geomancy|p2a: Xerneas
|-boost|p2a: Xerneas|spa|2
|-boost|p2a: Xerneas|spd|2
|-boost|p2a: Xerneas|spe|2
|
|upkeep
|turn|13
|
|t:|1653658249
|-start|p2a: Xerneas|Dynamax|
|-heal|p2a: Xerneas|100/100|[silent]
|move|p2a: Xerneas|Max Starfall|p1a: Zacian
|-resisted|p1a: Zacian
|-damage|p1a: Zacian|19/100
|-fieldstart|move: Misty Terrain
|move|p1a: Zacian|Behemoth Blade|p2a: Xerneas
|-supereffective|p2a: Xerneas
|-damage|p2a: Xerneas|0 fnt
|faint|p2a: Xerneas
|
|upkeep
|
|t:|1653658255
|switch|p2a: Marshadow|Marshadow|100/100
|turn|14
|
|t:|1653658260
|switch|p1a: Groudon|Groudon-Primal|79/100
|-weather|DesolateLand|[from] ability: Desolate Land|[of] p1a: Groudon
|move|p2a: Marshadow|Shadow Sneak|p1a: Groudon
|-damage|p1a: Groudon|67/100
|
|-weather|DesolateLand|[upkeep]
|upkeep
|turn|15
|
|t:|1653658264
|switch|p2a: Rayquaza|Rayquaza-Mega|100/100
|-weather|DeltaStream|[from] ability: Delta Stream|[of] p2a: Rayquaza
|switch|p1a: Zacian|Zacian-Crowned|19/100
|-ability|p1a: Zacian|Intrepid Sword|boost
|-boost|p1a: Zacian|atk|1
|
|-weather|DeltaStream|[upkeep]
|upkeep
|turn|16
|
|t:|1653658268
|move|p2a: Rayquaza|Extreme Speed|p1a: Zacian
|-resisted|p1a: Zacian
|-damage|p1a: Zacian|0 fnt
|faint|p1a: Zacian
|
|-weather|DeltaStream|[upkeep]
|upkeep
|
|t:|1653658274
|switch|p1a: Yveltal|Yveltal, shiny|100/100
|-ability|p1a: Yveltal|Dark Aura
|turn|17
|
|t:|1653658282
|-weather|none
|switch|p2a: Arceus|Arceus|100/100
|move|p1a: Yveltal|Knock Off|p2a: Arceus
|-damage|p2a: Arceus|65/100
|-enditem|p2a: Arceus|Leftovers|[from] move: Knock Off|[of] p1a: Yveltal
|
|-fieldend|Misty Terrain
|upkeep
|turn|18
|
|t:|1653658295
|move|p2a: Arceus|Toxic|p1a: Yveltal|[miss]
|-miss|p2a: Arceus|p1a: Yveltal
|move|p1a: Yveltal|Foul Play|p2a: Arceus
|-damage|p2a: Arceus|41/100
|
|upkeep
|turn|19
|
|t:|1653658302
|switch|p1a: Calyrex|Calyrex-Shadow|94/100
|-ability|p1a: Calyrex|As One
|-ability|p1a: Calyrex|Unnerve
|move|p2a: Arceus|Recover|p2a: Arceus
|-heal|p2a: Arceus|91/100
|
|-heal|p1a: Calyrex|99/100|[from] item: Leftovers
|upkeep
|turn|20
|
|t:|1653658308
|move|p1a: Calyrex|Substitute|p1a: Calyrex
|-start|p1a: Calyrex|Substitute
|-damage|p1a: Calyrex|75/100
|move|p2a: Arceus|Toxic||[still]
|-fail|p2a: Arceus
|
|-heal|p1a: Calyrex|81/100|[from] item: Leftovers
|upkeep
|turn|21
|
|t:|1653658314
|move|p1a: Calyrex|Psyshock|p2a: Arceus
|-damage|p2a: Arceus|60/100
|move|p2a: Arceus|Stealth Rock|p1a: Calyrex
|-sidestart|p1: iamyh|move: Stealth Rock
|
|-heal|p1a: Calyrex|88/100|[from] item: Leftovers
|upkeep
|turn|22
|
|t:|1653658321
|switch|p2a: Groudon|Groudon-Primal|70/100
|-weather|DesolateLand|[from] ability: Desolate Land|[of] p2a: Groudon
|move|p1a: Calyrex|Nasty Plot|p1a: Calyrex
|-boost|p1a: Calyrex|spa|2
|
|-weather|DesolateLand|[upkeep]
|-heal|p1a: Calyrex|94/100|[from] item: Leftovers
|upkeep
|turn|23
|
|t:|1653658327
|move|p1a: Calyrex|Astral Barrage|p2a: Groudon
|-damage|p2a: Groudon|0 fnt
|faint|p2a: Groudon
|-weather|none
|-ability|p1a: Calyrex|Grim Neigh|boost
|-boost|p1a: Calyrex|spa|1
|
|-heal|p1a: Calyrex|99/100|[from] item: Leftovers
|upkeep
|
|t:|1653658329
|switch|p2a: Marshadow|Marshadow|100/100
|turn|24
|
|t:|1653658339
|switch|p1a: Yveltal|Yveltal, shiny|100/100
|-ability|p1a: Yveltal|Dark Aura
|move|p2a: Marshadow|Spectral Thief|p1a: Yveltal
|-resisted|p1a: Yveltal
|-damage|p1a: Yveltal|82/100
|
|upkeep
|turn|25
|
|t:|1653658349
|switch|p2a: Arceus|Arceus|60/100
|switch|p1a: Calyrex|Calyrex-Shadow|99/100
|-ability|p1a: Calyrex|As One
|-ability|p1a: Calyrex|Unnerve
|-damage|p1a: Calyrex|88/100|[from] Stealth Rock
|
|-heal|p1a: Calyrex|94/100|[from] item: Leftovers
|upkeep
|turn|26
|
|t:|1653658356
|switch|p2a: Rayquaza|Rayquaza-Mega|100/100
|-weather|DeltaStream|[from] ability: Delta Stream|[of] p2a: Rayquaza
|move|p1a: Calyrex|Substitute|p1a: Calyrex
|-start|p1a: Calyrex|Substitute
|-damage|p1a: Calyrex|69/100
|
|-weather|DeltaStream|[upkeep]
|-heal|p1a: Calyrex|75/100|[from] item: Leftovers
|upkeep
|turn|27
|
|t:|1653658360
|move|p1a: Calyrex|Astral Barrage|p2a: Rayquaza
|-damage|p2a: Rayquaza|24/100
|move|p2a: Rayquaza|Dragon Ascent|p1a: Calyrex
|-end|p1a: Calyrex|Substitute
|-unboost|p2a: Rayquaza|def|1
|-unboost|p2a: Rayquaza|spd|1
|
|-weather|DeltaStream|[upkeep]
|-heal|p1a: Calyrex|81/100|[from] item: Leftovers
|upkeep
|turn|28
|
|t:|1653658366
|move|p1a: Calyrex|Astral Barrage|p2a: Rayquaza
|-damage|p2a: Rayquaza|0 fnt
|faint|p2a: Rayquaza
|-weather|none
|-ability|p1a: Calyrex|Grim Neigh|boost
|-boost|p1a: Calyrex|spa|1
|
|-heal|p1a: Calyrex|87/100|[from] item: Leftovers
|upkeep
|
|t:|1653658369
|switch|p2a: Marshadow|Marshadow|100/100
|turn|29
|
|t:|1653658379
|switch|p1a: Groudon|Groudon-Primal|67/100
|-damage|p1a: Groudon|54/100|[from] Stealth Rock
|-weather|DesolateLand|[from] ability: Desolate Land|[of] p1a: Groudon
|move|p2a: Marshadow|Close Combat|p1a: Groudon
|-damage|p1a: Groudon|27/100
|-unboost|p2a: Marshadow|def|1
|-unboost|p2a: Marshadow|spd|1
|
|-weather|DesolateLand|[upkeep]
|upkeep
|turn|30
|
|t:|1653658385
|move|p2a: Marshadow|Close Combat|p1a: Groudon
|-damage|p1a: Groudon|1/100
|-unboost|p2a: Marshadow|def|1
|-unboost|p2a: Marshadow|spd|1
|move|p1a: Groudon|Precipice Blades|p2a: Marshadow
|-enditem|p2a: Marshadow|Focus Sash
|-damage|p2a: Marshadow|1/100
|
|-weather|DesolateLand|[upkeep]
|upkeep
|turn|31
|
|t:|1653658392
|move|p2a: Marshadow|Shadow Sneak|p1a: Groudon
|-damage|p1a: Groudon|0 fnt
|faint|p1a: Groudon
|-weather|none
|
|upkeep
|
|t:|1653658394
|switch|p1a: Yveltal|Yveltal, shiny|82/100
|-ability|p1a: Yveltal|Dark Aura
|turn|32
|
|t:|1653658401
|switch|p2a: Arceus|Arceus|60/100
|move|p1a: Yveltal|Foul Play|p2a: Arceus
|-damage|p2a: Arceus|35/100
|
|upkeep
|turn|33
|
|t:|1653658408
|-start|p1a: Yveltal|Dynamax|
|-heal|p1a: Yveltal|82/100|[silent]
|move|p2a: Arceus|Recover|p2a: Arceus
|-heal|p2a: Arceus|85/100
|move|p1a: Yveltal|Max Darkness|p2a: Arceus
|-damage|p2a: Arceus|37/100
|-unboost|p2a: Arceus|spd|1
|
|upkeep
|turn|34
|-message|Maxime et fildrong forfeited.
|
|win|iamyh
|raw|iamyh's rating: 1594 &rarr; <strong>1623</strong><br />(+29 for winning)
|raw|Maxime et fildrong's rating: 1762 &rarr; <strong>1733</strong><br />(-29 for losing)
|l|☆Maxime et fildrong
||Ladder isn't responding, score probably updated but might not have (Request timeout).
