|j|☆VsP 2969
|j|☆T4nner
|t:|1658725159
|gametype|singles
|player|p1|VsP 2969|1|1494
|player|p2|T4nner|red|1757
|teamsize|p1|6
|teamsize|p2|6
|gen|8
|tier|[Gen 8] National Dex AG
|rated|
|rule|HP Percentage Mod: HP is shown in percentages
|rule|Endless Battle Clause: Forcing endless battles is banned
|clearpoke
|poke|p1|Deoxys-Speed|
|poke|p1|Xerneas-*|
|poke|p1|Necrozma-Dusk-Mane|
|poke|p1|Rayquaza|
|poke|p1|Arceus-*|
|poke|p1|Grimmsnarl, M|
|poke|p2|Kyogre|
|poke|p2|Groudon|
|poke|p2|Rayquaza|
|poke|p2|Zacian-*|
|poke|p2|Regieleki|
|poke|p2|Calyrex-Shadow|
|teampreview
|inactive|Battle timer is ON: inactive players will automatically lose when time's up. (requested by T4nner)
|
|t:|1658725172
|start
|switch|p1a: Deoxys|Deoxys-Speed|100/100
|switch|p2a: Regieleki|Regieleki|100/100
|-ability|p1a: Deoxys|Pressure
|turn|1
|
|t:|1658725186
|move|p1a: Deoxys|Stealth Rock|p2a: Regieleki
|-sidestart|p2: T4nner|move: Stealth Rock
|move|p2a: Regieleki|Rapid Spin|p1a: Deoxys
|-damage|p1a: Deoxys|88/100
|-boost|p2a: Regieleki|spe|1
|-sideend|p2: T4nner|Stealth Rock|[from] move: Rapid Spin|[of] p2a: Regieleki
|
|upkeep
|turn|2
|
|t:|1658725201
|move|p2a: Regieleki|Thunderbolt|p1a: Deoxys
|-damage|p1a: Deoxys|0 fnt
|faint|p1a: Deoxys
|
|upkeep
|
|t:|1658725224
|switch|p1a: Rayquaza|Rayquaza|100/100
|-ability|p1a: Rayquaza|Air Lock
|turn|3
|
|t:|1658725236
|switch|p2a: Calyrex|Calyrex-Shadow|100/100
|-ability|p2a: Calyrex|As One
|-ability|p2a: Calyrex|Unnerve
|detailschange|p1a: Rayquaza|Rayquaza-Mega
|-mega|p1a: Rayquaza|Rayquaza|
|-weather|DeltaStream|[from] ability: Delta Stream|[of] p1a: Rayquaza
|move|p1a: Rayquaza|Dragon Dance|p1a: Rayquaza
|-boost|p1a: Rayquaza|atk|1
|-boost|p1a: Rayquaza|spe|1
|
|-weather|DeltaStream|[upkeep]
|upkeep
|turn|4
|
|t:|1658725250
|-start|p2a: Calyrex|Dynamax|
|-heal|p2a: Calyrex|100/100|[silent]
|move|p1a: Rayquaza|Dragon Ascent|p2a: Calyrex
|-damage|p2a: Calyrex|18/100
|-unboost|p1a: Rayquaza|def|1
|-unboost|p1a: Rayquaza|spd|1
|move|p2a: Calyrex|Max Strike|p1a: Rayquaza
|-damage|p1a: Rayquaza|22/100
|-unboost|p1a: Rayquaza|spe|1
|
|-weather|DeltaStream|[upkeep]
|upkeep
|turn|5
|
|t:|1658725263
|move|p2a: Calyrex|Max Starfall|p1a: Rayquaza
|-supereffective|p1a: Rayquaza
|-damage|p1a: Rayquaza|0 fnt
|-fieldstart|move: Misty Terrain
|faint|p1a: Rayquaza
|-weather|none
|-ability|p2a: Calyrex|Grim Neigh|boost
|-boost|p2a: Calyrex|spa|1
|
|upkeep
|
|t:|1658725273
|switch|p1a: Xerneas|Xerneas|100/100
|-ability|p1a: Xerneas|Fairy Aura
|turn|6
|
|t:|1658725281
|move|p2a: Calyrex|Max Mindstorm|p1a: Xerneas
|-damage|p1a: Xerneas|0 fnt
|-fieldstart|move: Psychic Terrain
|faint|p1a: Xerneas
|-ability|p2a: Calyrex|Grim Neigh|boost
|-boost|p2a: Calyrex|spa|1
|
|upkeep
|
|t:|1658725294
|switch|p1a: Necrozma|Necrozma-Dusk-Mane|100/100
|-end|p2a: Calyrex|Dynamax
|-heal|p2a: Calyrex|18/100|[silent]
|turn|7
|
|t:|1658725305
|move|p2a: Calyrex|Astral Barrage|p1a: Necrozma
|-supereffective|p1a: Necrozma
|-damage|p1a: Necrozma|0 fnt
|faint|p1a: Necrozma
|-ability|p2a: Calyrex|Grim Neigh|boost
|-boost|p2a: Calyrex|spa|1
|
|upkeep
|
|t:|1658725316
|switch|p1a: Grimmsnarl|Grimmsnarl, M|100/100
|turn|8
|
|t:|1658725337
|move|p1a: Grimmsnarl|Thunder Wave|p2a: Calyrex
|-activate|p2a: Calyrex|move: Psychic Terrain
|move|p2a: Calyrex|Draining Kiss|p1a: Grimmsnarl
|-supereffective|p1a: Grimmsnarl
|-damage|p1a: Grimmsnarl|0 fnt
|-heal|p2a: Calyrex|100/100|[from] drain|[of] p1a: Grimmsnarl
|faint|p1a: Grimmsnarl
|-ability|p2a: Calyrex|Grim Neigh|boost
|-boost|p2a: Calyrex|spa|1
|
|upkeep
|
|t:|1658725347
|switch|p1a: Arceus|Arceus-Ghost|100/100
|turn|9
|
|t:|1658725352
|move|p2a: Calyrex|Astral Barrage|p1a: Arceus
|-supereffective|p1a: Arceus
|-damage|p1a: Arceus|0 fnt
|faint|p1a: Arceus
|
|win|T4nner
|raw|VsP 2969's rating: 1494 &rarr; <strong>1487</strong><br />(-7 for losing)
|raw|T4nner's rating: 1757 &rarr; <strong>1764</strong><br />(+7 for winning)
|l|☆VsP 2969
