|j|☆thicsucttv
|j|‽Tahz
|t:|1667078203
|gametype|singles
|player|p1|thicsucttv|169|1940
|player|p2|Tahz|2|1845
|teamsize|p1|6
|teamsize|p2|6
|gen|8
|tier|[Gen 8] National Dex AG
|rated|
|rule|HP Percentage Mod: HP is shown in percentages
|rule|Endless Battle Clause: Forcing endless battles is banned
|clearpoke
|poke|p1|Tyranitar, M|
|poke|p1|Marshadow|
|poke|p1|Yveltal|
|poke|p1|Necrozma-Dusk-Mane|
|poke|p1|Ditto|
|poke|p1|Lucario, F|
|poke|p2|Marshadow|
|poke|p2|Necrozma-Dusk-Mane|
|poke|p2|Arceus-*|
|poke|p2|Ditto|
|poke|p2|Yveltal|
|poke|p2|Arceus-*|
|teampreview
|inactive|Battle timer is ON: inactive players will automatically lose when time's up. (requested by thicsucttv)
|
|t:|1667078225
|start
|switch|p1a: Lucario|Lucario, F|100/100
|switch|p2a: Arceus|Arceus-Ground|100/100
|turn|1
|
|t:|1667078234
|detailschange|p1a: Lucario|Lucario-Mega, F
|-mega|p1a: Lucario|Lucario|Lucarionite
|move|p1a: Lucario|Close Combat|p2a: Arceus
|-damage|p2a: Arceus|55/100
|-unboost|p1a: Lucario|def|1
|-unboost|p1a: Lucario|spd|1
|move|p2a: Arceus|Stealth Rock|p1a: Lucario
|-sidestart|p1: thicsucttv|move: Stealth Rock
|
|upkeep
|turn|2
|
|t:|1667078261
|move|p1a: Lucario|Close Combat|p2a: Arceus
|-damage|p2a: Arceus|4/100
|-unboost|p1a: Lucario|def|1
|-unboost|p1a: Lucario|spd|1
|move|p2a: Arceus|Earthquake|p1a: Lucario
|-supereffective|p1a: Lucario
|-damage|p1a: Lucario|0 fnt
|faint|p1a: Lucario
|
|upkeep
|inactive|thicsucttv has 120 seconds left.
|
|t:|1667078292
|switch|p1a: Marshadow|Marshadow|100/100
|-damage|p1a: Marshadow|94/100|[from] Stealth Rock
|turn|3
|
|t:|1667078301
|move|p1a: Marshadow|Ice Punch|p2a: Arceus
|-supereffective|p2a: Arceus
|-damage|p2a: Arceus|0 fnt
|faint|p2a: Arceus
|-damage|p1a: Marshadow|84/100|[from] item: Life Orb
|
|upkeep
|
|t:|1667078305
|switch|p2a: Yveltal|Yveltal|100/100
|-ability|p2a: Yveltal|Dark Aura
|turn|4
|
|t:|1667078312
|switch|p1a: Tyranitar|Tyranitar, M|100/100
|-damage|p1a: Tyranitar|88/100|[from] Stealth Rock
|-weather|Sandstorm|[from] ability: Sand Stream|[of] p1a: Tyranitar
|move|p2a: Yveltal|Oblivion Wing|p1a: Tyranitar
|-resisted|p1a: Tyranitar
|-damage|p1a: Tyranitar|76/100
|-damage|p2a: Yveltal|91/100|[from] item: Life Orb
|
|-weather|Sandstorm|[upkeep]
|-damage|p2a: Yveltal|84/100|[from] Sandstorm
|-heal|p1a: Tyranitar|82/100|[from] item: Leftovers
|upkeep
|turn|5
|inactive|thicsucttv has 120 seconds left.
|
|t:|1667078326
|switch|p2a: Marshadow|Marshadow|100/100
|move|p1a: Tyranitar|Thunder Wave|p2a: Marshadow
|-status|p2a: Marshadow|par
|
|-weather|Sandstorm|[upkeep]
|-damage|p2a: Marshadow|94/100 par|[from] Sandstorm
|-heal|p1a: Tyranitar|88/100|[from] item: Leftovers
|upkeep
|turn|6
|inactive|thicsucttv has 120 seconds left.
|
|t:|1667078336
|switch|p1a: Marshadow|Marshadow|84/100
|-damage|p1a: Marshadow|78/100|[from] Stealth Rock
|move|p2a: Marshadow|Close Combat|p1a: Marshadow
|-immune|p1a: Marshadow
|
|-weather|Sandstorm|[upkeep]
|-damage|p1a: Marshadow|72/100|[from] Sandstorm
|-damage|p2a: Marshadow|88/100 par|[from] Sandstorm
|upkeep
|turn|7
|inactive|thicsucttv has 120 seconds left.
|
|t:|1667078347
|move|p1a: Marshadow|Shadow Sneak|p2a: Marshadow
|-supereffective|p2a: Marshadow
|-damage|p2a: Marshadow|0 fnt
|faint|p2a: Marshadow
|-damage|p1a: Marshadow|62/100|[from] item: Life Orb
|
|-weather|Sandstorm|[upkeep]
|-damage|p1a: Marshadow|56/100|[from] Sandstorm
|upkeep
|
|t:|1667078362
|switch|p2a: Arceus|Arceus-Electric|100/100
|turn|8
|inactive|thicsucttv has 120 seconds left.
|
|t:|1667078386
|move|p1a: Marshadow|Close Combat|p2a: Arceus
|-damage|p2a: Arceus|53/100
|-unboost|p1a: Marshadow|def|1
|-unboost|p1a: Marshadow|spd|1
|-damage|p1a: Marshadow|46/100|[from] item: Life Orb
|move|p2a: Arceus|Judgment|p1a: Marshadow
|-damage|p1a: Marshadow|0 fnt
|faint|p1a: Marshadow
|
|-weather|none
|upkeep
|
|t:|1667078406
|switch|p1a: Necrozma|Necrozma-Dusk-Mane|100/100
|-damage|p1a: Necrozma|94/100|[from] Stealth Rock
|turn|9
|
|t:|1667078412
|detailschange|p1a: Necrozma|Necrozma-Ultra
|-burst|p1a: Necrozma|Necrozma|Ultranecrozium Z
|move|p1a: Necrozma|Earth Power|p2a: Arceus
|-supereffective|p2a: Arceus
|-damage|p2a: Arceus|0 fnt
|faint|p2a: Arceus
|
|upkeep
|
|t:|1667078421
|switch|p2a: Necrozma|Necrozma-Dusk-Mane|100/100
|turn|10
|
|t:|1667078434
|detailschange|p2a: Necrozma|Necrozma-Ultra
|-burst|p2a: Necrozma|Necrozma|Ultranecrozium Z
|move|p1a: Necrozma|Earth Power|p2a: Necrozma
|-damage|p2a: Necrozma|64/100
|move|p2a: Necrozma|Dragon Dance|p2a: Necrozma
|-boost|p2a: Necrozma|atk|1
|-boost|p2a: Necrozma|spe|1
|
|upkeep
|turn|11
|
|t:|1667078453
|move|p2a: Necrozma|Stone Edge|p1a: Necrozma
|-damage|p1a: Necrozma|23/100
|move|p1a: Necrozma|Dragon Pulse|p2a: Necrozma
|-supereffective|p2a: Necrozma
|-damage|p2a: Necrozma|0 fnt
|faint|p2a: Necrozma
|
|upkeep
|
|t:|1667078459
|switch|p2a: Ditto|Ditto|100/100
|-transform|p2a: Ditto|p1a: Necrozma|[from] ability: Imposter
|turn|12
|
|t:|1667078467
|move|p2a: Ditto|Dragon Pulse|p1a: Necrozma
|-supereffective|p1a: Necrozma
|-damage|p1a: Necrozma|0 fnt
|faint|p1a: Necrozma
|
|upkeep
|inactive|thicsucttv has 90 seconds left.
|
|t:|1667078500
|switch|p1a: Ditto|Ditto|100/100
|-damage|p1a: Ditto|88/100|[from] Stealth Rock
|turn|13
|inactive|thicsucttv has 90 seconds left.
|
|t:|1667078511
|switch|p1a: Tyranitar|Tyranitar, M|88/100
|-damage|p1a: Tyranitar|76/100|[from] Stealth Rock
|-weather|Sandstorm|[from] ability: Sand Stream|[of] p1a: Tyranitar
|move|p2a: Ditto|Dragon Pulse|p1a: Tyranitar
|-damage|p1a: Tyranitar|54/100
|
|-weather|Sandstorm|[upkeep]
|-damage|p2a: Ditto|94/100|[from] Sandstorm
|-heal|p1a: Tyranitar|60/100|[from] item: Leftovers
|upkeep
|turn|14
|inactive|thicsucttv has 90 seconds left.
|
|t:|1667078528
|move|p2a: Ditto|Dragon Pulse|p1a: Tyranitar
|-damage|p1a: Tyranitar|38/100
|move|p1a: Tyranitar|Pursuit|p2a: Ditto
|-supereffective|p2a: Ditto
|-damage|p2a: Ditto|50/100
|
|-weather|Sandstorm|[upkeep]
|-damage|p2a: Ditto|44/100|[from] Sandstorm
|-heal|p1a: Tyranitar|44/100|[from] item: Leftovers
|upkeep
|turn|15
|
|t:|1667078545
|switch|p1a: Yveltal|Yveltal|100/100
|-damage|p1a: Yveltal|76/100|[from] Stealth Rock
|-ability|p1a: Yveltal|Dark Aura
|move|p2a: Ditto|Dragon Pulse|p1a: Yveltal
|-damage|p1a: Yveltal|30/100
|
|-weather|Sandstorm|[upkeep]
|-damage|p2a: Ditto|38/100|[from] Sandstorm
|-damage|p1a: Yveltal|24/100|[from] Sandstorm
|upkeep
|turn|16
|
|t:|1667078556
|move|p1a: Yveltal|Sucker Punch|p2a: Ditto
|-supereffective|p2a: Ditto
|-damage|p2a: Ditto|0 fnt
|faint|p2a: Ditto
|-damage|p1a: Yveltal|14/100|[from] item: Life Orb
|
|-weather|Sandstorm|[upkeep]
|-damage|p1a: Yveltal|8/100|[from] Sandstorm
|upkeep
|
|t:|1667078560
|switch|p2a: Yveltal|Yveltal|84/100
|-ability|p2a: Yveltal|Dark Aura
|turn|17
|
|t:|1667078568
|-start|p2a: Yveltal|Dynamax|
|-heal|p2a: Yveltal|84/100|[silent]
|move|p1a: Yveltal|Sucker Punch|p2a: Yveltal
|-resisted|p2a: Yveltal
|-damage|p2a: Yveltal|68/100
|-damage|p1a: Yveltal|0 fnt|[from] item: Life Orb
|faint|p1a: Yveltal
|move|p2a: Yveltal|Max Airstream|p1: Yveltal|[notarget]
|-fail|p2a: Yveltal
|
|-weather|none
|upkeep
|
|t:|1667078580
|switch|p1a: Ditto|Ditto|88/100
|-damage|p1a: Ditto|76/100|[from] Stealth Rock
|-transform|p1a: Ditto|p2a: Yveltal|[from] ability: Imposter
|-ability|p1a: Ditto|Dark Aura
|turn|18
|
|t:|1667078594
|move|p1a: Ditto|Oblivion Wing|p2a: Yveltal
|-damage|p2a: Yveltal|45/100
|-heal|p1a: Ditto|100/100|[from] drain|[of] p2a: Yveltal
|move|p2a: Yveltal|Max Airstream|p1a: Ditto
|-damage|p1a: Ditto|0 fnt
|-boost|p2a: Yveltal|spe|1
|faint|p1a: Ditto
|-damage|p2a: Yveltal|40/100|[from] item: Life Orb
|
|upkeep
|
|t:|1667078606
|switch|p1a: Tyranitar|Tyranitar, M|44/100
|-damage|p1a: Tyranitar|32/100|[from] Stealth Rock
|-weather|Sandstorm|[from] ability: Sand Stream|[of] p1a: Tyranitar
|turn|19
|
|t:|1667078624
|-start|p1a: Tyranitar|Dynamax|
|-heal|p1a: Tyranitar|32/100|[silent]
|move|p1a: Tyranitar|Max Guard|p1a: Tyranitar
|-singleturn|p1a: Tyranitar|Max Guard
|move|p2a: Yveltal|Max Darkness|p1a: Tyranitar
|-activate|p1a: Tyranitar|move: Max Guard
|
|-weather|Sandstorm|[upkeep]
|-damage|p2a: Yveltal|37/100|[from] Sandstorm
|-heal|p1a: Tyranitar|35/100|[from] item: Leftovers
|upkeep
|-end|p2a: Yveltal|Dynamax
|-heal|p2a: Yveltal|37/100|[silent]
|turn|20
|
|t:|1667078649
|move|p2a: Yveltal|Dark Pulse|p1a: Tyranitar
|-resisted|p1a: Tyranitar
|-damage|p1a: Tyranitar|26/100
|-damage|p2a: Yveltal|27/100|[from] item: Life Orb
|move|p1a: Tyranitar|Max Rockfall|p2a: Yveltal
|-supereffective|p2a: Yveltal
|-damage|p2a: Yveltal|0 fnt
|faint|p2a: Yveltal
|
|win|thicsucttv
|raw|thicsucttv's rating: 1940 &rarr; <strong>1955</strong><br />(+15 for winning)
|raw|Tahz's rating: 1845 &rarr; <strong>1830</strong><br />(-15 for losing)
|l|‽Tahz
|l|☆thicsucttv
|j|‽Tahz
|player|p2|Tahz|2
