|j|☆iroeweuio
|j|☆F.A.M.E.246 2nd
|t:|1662185391
|gametype|singles
|player|p1|iroeweuio|266|1733
|player|p2|F.A.M.E.246 2nd|brawly|1816
|teamsize|p1|6
|teamsize|p2|6
|gen|8
|tier|[Gen 8] National Dex AG
|rated|
|rule|HP Percentage Mod: HP is shown in percentages
|rule|Endless Battle Clause: Forcing endless battles is banned
|clearpoke
|poke|p1|Chatot, M|
|poke|p1|Weavile, F|
|poke|p1|Giratina-Origin|
|poke|p1|Ditto|
|poke|p1|Breloom, F|
|poke|p1|Wobbuffet, M|
|poke|p2|Scizor, M|
|poke|p2|Groudon|
|poke|p2|Calyrex-Shadow|
|poke|p2|Zacian-*|
|poke|p2|Arceus-*|
|poke|p2|Yveltal|
|teampreview
|inactive|Battle timer is ON: inactive players will automatically lose when time's up. (requested by F.A.M.E.246 2nd)
|
|t:|1662185404
|start
|switch|p1a: Weavile|Weavile, F|100/100
|switch|p2a: Arceus|Arceus-Rock|100/100
|-ability|p1a: Weavile|Pressure
|turn|1
|
|t:|1662185410
|move|p1a: Weavile|Assist|p1a: Weavile
|move|p1a: Weavile|Spore|p2a: Arceus|[from]move: Assist
|-status|p2a: Arceus|slp|[from] move: Spore
|cant|p2a: Arceus|slp
|
|upkeep
|turn|2
|
|t:|1662185413
|move|p1a: Weavile|Substitute|p1a: Weavile
|-start|p1a: Weavile|Substitute
|-damage|p1a: Weavile|76/100
|cant|p2a: Arceus|slp
|
|-heal|p1a: Weavile|82/100|[from] item: Leftovers
|upkeep
|turn|3
|
|t:|1662185420
|switch|p2a: Scizor|Scizor, M|100/100
|move|p1a: Weavile|Swords Dance|p1a: Weavile
|-boost|p1a: Weavile|atk|2
|
|-heal|p1a: Weavile|88/100|[from] item: Leftovers
|upkeep
|turn|4
|
|t:|1662185426
|detailschange|p2a: Scizor|Scizor-Mega, M
|-mega|p2a: Scizor|Scizor|Scizorite
|move|p2a: Scizor|Bullet Punch|p1a: Weavile
|-supereffective|p1a: Weavile
|-end|p1a: Weavile|Substitute
|move|p1a: Weavile|Assist|p1a: Weavile
|move|p1a: Weavile|Spore|p2a: Scizor|[from]move: Assist
|-status|p2a: Scizor|slp|[from] move: Spore
|
|-heal|p1a: Weavile|94/100|[from] item: Leftovers
|upkeep
|turn|5
|
|t:|1662185430
|cant|p2a: Scizor|slp
|move|p1a: Weavile|Triple Axel|p2a: Scizor
|-resisted|p2a: Scizor
|-damage|p2a: Scizor|95/100 slp
|-hitcount|p2a: Scizor|1
|
|-heal|p1a: Weavile|99/100|[from] item: Leftovers
|upkeep
|turn|6
|
|t:|1662185437
|switch|p1a: Giratina|Giratina-Origin|100/100
|-curestatus|p2a: Scizor|slp|[msg]
|move|p2a: Scizor|Bullet Punch|p1a: Giratina
|-damage|p1a: Giratina|79/100
|
|upkeep
|turn|7
|
|t:|1662185441
|switch|p2a: Yveltal|Yveltal|100/100
|-ability|p2a: Yveltal|Dark Aura
|-start|p1a: Giratina|Dynamax|
|-heal|p1a: Giratina|79/100|[silent]
|move|p1a: Giratina|Max Phantasm|p2a: Yveltal
|-resisted|p2a: Yveltal
|-crit|p2a: Yveltal
|-damage|p2a: Yveltal|55/100
|-unboost|p2a: Yveltal|def|1
|
|upkeep
|turn|8
|
|t:|1662185454
|switch|p2a: Zacian|Zacian-Crowned|100/100
|-ability|p2a: Zacian|Intrepid Sword|boost
|-boost|p2a: Zacian|atk|1
|move|p1a: Giratina|Max Airstream|p2a: Zacian
|-resisted|p2a: Zacian
|-damage|p2a: Zacian|82/100
|-boost|p1a: Giratina|spe|1
|
|upkeep
|turn|9
|
|t:|1662185470
|move|p1a: Giratina|Max Phantasm|p2a: Zacian
|-damage|p2a: Zacian|4/100
|-unboost|p2a: Zacian|def|1
|move|p2a: Zacian|Play Rough|p1a: Giratina
|-supereffective|p1a: Giratina
|-damage|p1a: Giratina|10/100
|
|upkeep
|-end|p1a: Giratina|Dynamax
|-heal|p1a: Giratina|10/100|[silent]
|turn|10
|
|t:|1662185482
|move|p1a: Giratina|Shadow Force||[still]
|-prepare|p1a: Giratina|Shadow Force
|move|p2a: Zacian|Behemoth Blade|p1a: Giratina|[miss]
|-miss|p2a: Zacian|p1a: Giratina
|
|upkeep
|turn|11
|
|t:|1662185484
|move|p1a: Giratina|Shadow Force|p2a: Zacian|[from]lockedmove
|-damage|p2a: Zacian|0 fnt
|faint|p2a: Zacian
|
|upkeep
|
|t:|1662185486
|switch|p2a: Scizor|Scizor-Mega, M|95/100
|turn|12
|
|t:|1662185493
|switch|p1a: Breloom|Breloom, F|100/100
|move|p2a: Scizor|Bullet Punch|p1a: Breloom
|-damage|p1a: Breloom|54/100
|
|-status|p1a: Breloom|tox|[from] item: Toxic Orb
|upkeep
|turn|13
|
|t:|1662185504
|move|p2a: Scizor|Bullet Punch|p1a: Breloom
|-damage|p1a: Breloom|3/100 tox
|move|p1a: Breloom|Spore|p2a: Scizor
|-status|p2a: Scizor|slp|[from] move: Spore
|
|-heal|p1a: Breloom|15/100 tox|[from] ability: Poison Heal
|upkeep
|turn|14
|
|t:|1662185507
|switch|p2a: Calyrex|Calyrex-Shadow|100/100
|-ability|p2a: Calyrex|As One
|-ability|p2a: Calyrex|Unnerve
|-singleturn|p1a: Breloom|move: Focus Punch
|move|p1a: Breloom|Focus Punch|p2a: Calyrex
|-immune|p2a: Calyrex
|
|-heal|p1a: Breloom|28/100 tox|[from] ability: Poison Heal
|upkeep
|turn|15
|
|t:|1662185517
|move|p1a: Breloom|Protect|p1a: Breloom
|-singleturn|p1a: Breloom|Protect
|move|p2a: Calyrex|Trick|p1a: Breloom
|-activate|p1a: Breloom|move: Protect
|
|-heal|p1a: Breloom|40/100 tox|[from] ability: Poison Heal
|upkeep
|turn|16
|
|t:|1662185524
|switch|p1a: Giratina|Giratina-Origin|10/100
|move|p2a: Calyrex|Trick||[still]
|-fail|p2a: Calyrex
|
|upkeep
|turn|17
|
|t:|1662185531
|switch|p2a: Groudon|Groudon|100/100
|detailschange|p2a: Groudon|Groudon-Primal
|-primal|p2a: Groudon
|-weather|DesolateLand|[from] ability: Desolate Land|[of] p2a: Groudon
|move|p1a: Giratina|Destiny Bond|p1a: Giratina
|-singlemove|p1a: Giratina|Destiny Bond
|
|-weather|DesolateLand|[upkeep]
|upkeep
|turn|18
|
|t:|1662185541
|move|p2a: Groudon|Stealth Rock|p1a: Giratina
|-sidestart|p1: iroeweuio|move: Stealth Rock
|move|p1a: Giratina|Dragon Tail|p2a: Groudon
|-damage|p2a: Groudon|79/100
|-weather|none
|drag|p2a: Yveltal|Yveltal|55/100
|-ability|p2a: Yveltal|Dark Aura
|
|upkeep
|turn|19
|
|t:|1662185548
|move|p1a: Giratina|Destiny Bond|p1a: Giratina
|-singlemove|p1a: Giratina|Destiny Bond
|move|p2a: Yveltal|Roost|p2a: Yveltal
|-heal|p2a: Yveltal|100/100
|-singleturn|p2a: Yveltal|move: Roost
|
|upkeep
|turn|20
|c|☆F.A.M.E.246 2nd|No
|
|t:|1662185555
|move|p2a: Yveltal|Knock Off|p1a: Giratina
|-supereffective|p1a: Giratina
|-damage|p1a: Giratina|0 fnt
|faint|p1a: Giratina
|-activate|p1a: Giratina|move: Destiny Bond
|faint|p2a: Yveltal
|
|upkeep
|c|☆iroeweuio|yes
|
|t:|1662185563
|switch|p1a: Breloom|Breloom, F|40/100 tox
|switch|p2a: Scizor|Scizor-Mega, M|95/100 slp
|-damage|p1a: Breloom|34/100 tox|[from] Stealth Rock
|turn|21
|
|t:|1662185568
|switch|p2a: Calyrex|Calyrex-Shadow|100/100
|-ability|p2a: Calyrex|As One
|-ability|p2a: Calyrex|Unnerve
|-singleturn|p1a: Breloom|move: Focus Punch
|move|p1a: Breloom|Focus Punch|p2a: Calyrex
|-immune|p2a: Calyrex
|
|-heal|p1a: Breloom|46/100 tox|[from] ability: Poison Heal
|upkeep
|turn|22
|
|t:|1662185573
|move|p1a: Breloom|Protect|p1a: Breloom
|-singleturn|p1a: Breloom|Protect
|move|p2a: Calyrex|Trick|p1a: Breloom
|-activate|p1a: Breloom|move: Protect
|
|-heal|p1a: Breloom|58/100 tox|[from] ability: Poison Heal
|upkeep
|turn|23
|
|t:|1662185577
|switch|p2a: Scizor|Scizor-Mega, M|95/100 slp
|move|p1a: Breloom|Spore|p2a: Scizor
|-fail|p2a: Scizor|slp
|
|-heal|p1a: Breloom|71/100 tox|[from] ability: Poison Heal
|upkeep
|turn|24
|
|t:|1662185588
|-singleturn|p1a: Breloom|move: Focus Punch
|cant|p2a: Scizor|slp
|move|p1a: Breloom|Focus Punch|p2a: Scizor
|-damage|p2a: Scizor|41/100 slp
|
|-heal|p1a: Breloom|83/100 tox|[from] ability: Poison Heal
|upkeep
|turn|25
|
|t:|1662185595
|move|p1a: Breloom|Protect|p1a: Breloom
|-singleturn|p1a: Breloom|Protect
|-curestatus|p2a: Scizor|slp|[msg]
|move|p2a: Scizor|U-turn|p1a: Breloom
|-activate|p1a: Breloom|move: Protect
|
|-heal|p1a: Breloom|95/100 tox|[from] ability: Poison Heal
|upkeep
|turn|26
|
|t:|1662185600
|switch|p2a: Arceus|Arceus-Rock|100/100 slp
|move|p1a: Breloom|Spore|p2a: Arceus
|-fail|p2a: Arceus|slp
|
|-heal|p1a: Breloom|100/100 tox|[from] ability: Poison Heal
|upkeep
|turn|27
|
|t:|1662185603
|-singleturn|p1a: Breloom|move: Focus Punch
|-curestatus|p2a: Arceus|slp|[msg]
|move|p2a: Arceus|Judgment|p1a: Breloom
|-resisted|p1a: Breloom
|-damage|p1a: Breloom|49/100 tox
|cant|p1a: Breloom|Focus Punch|Focus Punch
|
|-heal|p1a: Breloom|61/100 tox|[from] ability: Poison Heal
|upkeep
|turn|28
|
|t:|1662185609
|-start|p2a: Arceus|Dynamax|
|-heal|p2a: Arceus|100/100|[silent]
|move|p2a: Arceus|Max Rockfall|p1a: Breloom
|-resisted|p1a: Breloom
|-damage|p1a: Breloom|0 fnt
|-weather|Sandstorm
|faint|p1a: Breloom
|
|-weather|Sandstorm|[upkeep]
|upkeep
|
|t:|1662185615
|switch|p1a: Wobbuffet|Wobbuffet, M|100/100
|-damage|p1a: Wobbuffet|88/100|[from] Stealth Rock
|turn|29
|c|☆F.A.M.E.246 2nd|No
|
|t:|1662185617
|move|p2a: Arceus|Max Rockfall|p1a: Wobbuffet
|-damage|p1a: Wobbuffet|49/100
|move|p1a: Wobbuffet|Mirror Coat|p2a: Arceus
|-damage|p2a: Arceus|44/100
|
|-weather|Sandstorm|[upkeep]
|-damage|p1a: Wobbuffet|43/100|[from] Sandstorm
|upkeep
|turn|30
|
|t:|1662185622
|move|p2a: Arceus|Max Rockfall|p1a: Wobbuffet
|-damage|p1a: Wobbuffet|0 fnt
|faint|p1a: Wobbuffet
|
|-weather|Sandstorm|[upkeep]
|upkeep
|
|t:|1662185624
|switch|p1a: Weavile|Weavile, F|99/100
|-damage|p1a: Weavile|75/100|[from] Stealth Rock
|-ability|p1a: Weavile|Pressure
|-end|p2a: Arceus|Dynamax
|-heal|p2a: Arceus|44/100|[silent]
|turn|31
|
|t:|1662185650
|move|p1a: Weavile|Assist|p1a: Weavile
|move|p1a: Weavile|Spore|p2a: Arceus|[from]move: Assist
|-status|p2a: Arceus|slp|[from] move: Spore
|cant|p2a: Arceus|slp
|
|-weather|Sandstorm|[upkeep]
|-damage|p1a: Weavile|69/100|[from] Sandstorm
|-heal|p1a: Weavile|75/100|[from] item: Leftovers
|upkeep
|turn|32
|
|t:|1662185656
|move|p1a: Weavile|Substitute|p1a: Weavile
|-start|p1a: Weavile|Substitute
|-damage|p1a: Weavile|50/100
|cant|p2a: Arceus|slp
|
|-weather|none
|-heal|p1a: Weavile|56/100|[from] item: Leftovers
|upkeep
|turn|33
|
|t:|1662185663
|move|p1a: Weavile|Swords Dance|p1a: Weavile
|-boost|p1a: Weavile|atk|2
|cant|p2a: Arceus|slp
|
|-heal|p1a: Weavile|62/100|[from] item: Leftovers
|upkeep
|turn|34
|
|t:|1662185665
|move|p1a: Weavile|Triple Axel|p2a: Arceus
|-damage|p2a: Arceus|31/100 slp
|-damage|p2a: Arceus|4/100 slp
|-damage|p2a: Arceus|0 fnt
|faint|p2a: Arceus
|-hitcount|p2: Arceus|3
|
|-heal|p1a: Weavile|68/100|[from] item: Leftovers
|upkeep
|
|t:|1662185668
|switch|p2a: Scizor|Scizor-Mega, M|41/100
|turn|35
|
|t:|1662185672
|move|p1a: Weavile|Assist|p1a: Weavile
|move|p1a: Weavile|Spore|p2a: Scizor|[from]move: Assist
|-status|p2a: Scizor|slp|[from] move: Spore
|cant|p2a: Scizor|slp
|
|-heal|p1a: Weavile|74/100|[from] item: Leftovers
|upkeep
|turn|36
|
|t:|1662185674
|move|p1a: Weavile|Triple Axel|p2a: Scizor|[miss]
|-miss|p1a: Weavile|p2a: Scizor
|cant|p2a: Scizor|slp
|
|-heal|p1a: Weavile|80/100|[from] item: Leftovers
|upkeep
|turn|37
|
|t:|1662185676
|move|p1a: Weavile|Triple Axel|p2a: Scizor
|-resisted|p2a: Scizor
|-damage|p2a: Scizor|35/100 slp
|-resisted|p2a: Scizor
|-damage|p2a: Scizor|23/100 slp
|-resisted|p2a: Scizor
|-damage|p2a: Scizor|6/100 slp
|-hitcount|p2a: Scizor|3
|-curestatus|p2a: Scizor|slp|[msg]
|move|p2a: Scizor|Roost|p2a: Scizor
|-heal|p2a: Scizor|56/100
|-singleturn|p2a: Scizor|move: Roost
|
|-heal|p1a: Weavile|86/100|[from] item: Leftovers
|upkeep
|turn|38
|j| v87
|
|t:|1662185685
|move|p2a: Scizor|Bullet Punch|p1a: Weavile
|-supereffective|p1a: Weavile
|-end|p1a: Weavile|Substitute
|move|p1a: Weavile|Assist|p1a: Weavile
|move|p1a: Weavile|Spore|p2a: Scizor|[from]move: Assist
|-status|p2a: Scizor|slp|[from] move: Spore
|
|-heal|p1a: Weavile|92/100|[from] item: Leftovers
|upkeep
|turn|39
|
|t:|1662185687
|cant|p2a: Scizor|slp
|move|p1a: Weavile|Substitute|p1a: Weavile
|-start|p1a: Weavile|Substitute
|-damage|p1a: Weavile|67/100
|
|-heal|p1a: Weavile|73/100|[from] item: Leftovers
|upkeep
|turn|40
|
|t:|1662185692
|move|p1a: Weavile|Triple Axel|p2a: Scizor
|-resisted|p2a: Scizor
|-damage|p2a: Scizor|50/100 slp
|-resisted|p2a: Scizor
|-damage|p2a: Scizor|39/100 slp
|-resisted|p2a: Scizor
|-damage|p2a: Scizor|23/100 slp
|-hitcount|p2a: Scizor|3
|cant|p2a: Scizor|slp
|
|-heal|p1a: Weavile|80/100|[from] item: Leftovers
|upkeep
|turn|41
|
|t:|1662185701
|move|p1a: Weavile|Triple Axel|p2a: Scizor
|-resisted|p2a: Scizor
|-damage|p2a: Scizor|17/100 slp
|-resisted|p2a: Scizor
|-damage|p2a: Scizor|6/100 slp
|-resisted|p2a: Scizor
|-damage|p2a: Scizor|0 fnt
|faint|p2a: Scizor
|-hitcount|p2: Scizor|3
|
|-heal|p1a: Weavile|86/100|[from] item: Leftovers
|upkeep
|-message|F.A.M.E.246 2nd forfeited.
|
|win|iroeweuio
|raw|iroeweuio's rating: 1733 &rarr; <strong>1758</strong><br />(+25 for winning)
|raw|F.A.M.E.246 2nd's rating: 1816 &rarr; <strong>1791</strong><br />(-25 for losing)
|l|☆F.A.M.E.246 2nd
