|j|☆Dominator296
|j|☆seidou52
|t:|1658910600
|gametype|singles
|player|p1|Dominator296|alder|1785
|player|p2|seidou52|lucas|1864
|teamsize|p1|6
|teamsize|p2|6
|gen|8
|tier|[Gen 8] National Dex AG
|rated|
|rule|HP Percentage Mod: HP is shown in percentages
|rule|Endless Battle Clause: Forcing endless battles is banned
|clearpoke
|poke|p1|Kyogre|
|poke|p1|Groudon|
|poke|p1|Tyranitar, M|
|poke|p1|Necrozma-Dusk-Mane|
|poke|p1|Arceus-*|
|poke|p1|Arceus-*|
|poke|p2|Ho-Oh|
|poke|p2|Tangrowth, M|
|poke|p2|Xerneas-*|
|poke|p2|Yveltal|
|poke|p2|Necrozma-Dusk-Mane|
|poke|p2|Eternatus|
|teampreview
|
|t:|1658910639
|start
|switch|p1a: Kyogre|Kyogre|100/100
|switch|p2a: Eternatus|Eternatus|100/100
|-weather|RainDance|[from] ability: Drizzle|[of] p1a: Kyogre
|-ability|p2a: Eternatus|Pressure
|turn|1
|
|t:|1658910646
|move|p1a: Kyogre|Water Spout|p2a: Eternatus
|-resisted|p2a: Eternatus
|-damage|p2a: Eternatus|47/100
|move|p2a: Eternatus|Dynamax Cannon|p1a: Kyogre
|-damage|p1a: Kyogre|55/100
|
|-weather|RainDance|[upkeep]
|upkeep
|turn|2
|
|t:|1658910653
|switch|p1a: Necrozma|Necrozma-Dusk-Mane|100/100
|move|p2a: Eternatus|Recover|p2a: Eternatus
|-heal|p2a: Eternatus|97/100
|
|-weather|RainDance|[upkeep]
|upkeep
|turn|3
|
|t:|1658910660
|switch|p2a: Tangrowth|Tangrowth, M, shiny|100/100
|move|p1a: Necrozma|Thunder Wave|p2a: Tangrowth
|-status|p2a: Tangrowth|par
|
|-weather|RainDance|[upkeep]
|upkeep
|turn|4
|
|t:|1658910666
|move|p1a: Necrozma|Stealth Rock|p2a: Tangrowth
|-sidestart|p2: seidou52|move: Stealth Rock
|cant|p2a: Tangrowth|par
|
|-weather|RainDance|[upkeep]
|upkeep
|turn|5
|
|t:|1658910670
|move|p1a: Necrozma|Sunsteel Strike|p2a: Tangrowth
|-damage|p2a: Tangrowth|64/100 par
|move|p2a: Tangrowth|Leech Seed|p1a: Necrozma
|-start|p1a: Necrozma|move: Leech Seed
|
|-weather|none
|-heal|p2a: Tangrowth|70/100 par|[from] item: Leftovers
|-damage|p1a: Necrozma|88/100|[from] Leech Seed|[of] p2a: Tangrowth
|-heal|p2a: Tangrowth|81/100 par|[silent]
|upkeep
|turn|6
|
|t:|1658910679
|switch|p1a: Arceus|Arceus-Flying|100/100
|switch|p2a: Eternatus|Eternatus|97/100
|-damage|p2a: Eternatus|85/100|[from] Stealth Rock
|-ability|p2a: Eternatus|Pressure
|
|upkeep
|turn|7
|
|t:|1658910714
|move|p2a: Eternatus|Toxic|p1a: Arceus
|-status|p1a: Arceus|tox
|move|p1a: Arceus|Calm Mind|p1a: Arceus
|-boost|p1a: Arceus|spa|1
|-boost|p1a: Arceus|spd|1
|
|-damage|p1a: Arceus|94/100 tox|[from] psn
|upkeep
|turn|8
|
|t:|1658910737
|-zpower|p2a: Eternatus
|move|p2a: Eternatus|Devastating Drake|p1a: Arceus|[zeffect]
|-damage|p1a: Arceus|42/100 tox
|move|p1a: Arceus|Calm Mind|p1a: Arceus
|-boost|p1a: Arceus|spa|1
|-boost|p1a: Arceus|spd|1
|
|-damage|p1a: Arceus|30/100 tox|[from] psn
|upkeep
|turn|9
|
|t:|1658910746
|move|p2a: Eternatus|Dynamax Cannon|p1a: Arceus
|-damage|p1a: Arceus|11/100 tox
|move|p1a: Arceus|Recover|p1a: Arceus
|-heal|p1a: Arceus|61/100 tox
|
|-damage|p1a: Arceus|42/100 tox|[from] psn
|upkeep
|turn|10
|
|t:|1658910762
|move|p2a: Eternatus|Dynamax Cannon|p1a: Arceus
|-damage|p1a: Arceus|23/100 tox
|move|p1a: Arceus|Refresh|p1a: Arceus
|-curestatus|p1a: Arceus|tox|[msg]
|
|upkeep
|turn|11
|
|t:|1658910767
|move|p2a: Eternatus|Toxic|p1a: Arceus
|-status|p1a: Arceus|tox
|move|p1a: Arceus|Recover|p1a: Arceus
|-heal|p1a: Arceus|73/100 tox
|
|-damage|p1a: Arceus|67/100 tox|[from] psn
|upkeep
|turn|12
|
|t:|1658910770
|switch|p2a: Ho-Oh|Ho-Oh, shiny|100/100
|move|p1a: Arceus|Refresh|p1a: Arceus
|-curestatus|p1a: Arceus|tox|[msg]
|
|upkeep
|turn|13
|
|t:|1658910774
|-start|p1a: Arceus|Dynamax|
|-heal|p1a: Arceus|67/100|[silent]
|move|p1a: Arceus|Max Airstream|p2a: Ho-Oh
|-damage|p2a: Ho-Oh|43/100
|-boost|p1a: Arceus|spe|1
|move|p2a: Ho-Oh|Whirlwind|p1a: Arceus
|-block|p1a: Arceus|Dynamax
|
|upkeep
|turn|14
|
|t:|1658910784
|switch|p2a: Necrozma|Necrozma-Dusk-Mane, shiny|100/100
|-damage|p2a: Necrozma|94/100|[from] Stealth Rock
|move|p1a: Arceus|Max Airstream|p2a: Necrozma
|-resisted|p2a: Necrozma
|-damage|p2a: Necrozma|45/100
|-boost|p1a: Arceus|spe|1
|
|upkeep
|turn|15
|
|t:|1658910791
|switch|p2a: Tangrowth|Tangrowth, M, shiny|100/100 par
|-damage|p2a: Tangrowth|88/100 par|[from] Stealth Rock
|move|p1a: Arceus|Max Airstream|p2a: Tangrowth
|-supereffective|p2a: Tangrowth
|-damage|p2a: Tangrowth|0 fnt
|-boost|p1a: Arceus|spe|1
|faint|p2a: Tangrowth
|
|upkeep
|
|t:|1658910793
|switch|p2a: Ho-Oh|Ho-Oh, shiny|76/100
|-end|p1a: Arceus|Dynamax
|-heal|p1a: Arceus|67/100|[silent]
|turn|16
|
|t:|1658910796
|move|p1a: Arceus|Judgment|p2a: Ho-Oh
|-damage|p2a: Ho-Oh|32/100
|move|p2a: Ho-Oh|Whirlwind|p1a: Arceus
|drag|p1a: Groudon|Groudon|100/100
|detailschange|p1a: Groudon|Groudon-Primal
|-primal|p1a: Groudon
|-weather|DesolateLand|[from] ability: Desolate Land|[of] p1a: Groudon
|
|-weather|DesolateLand|[upkeep]
|upkeep
|turn|17
|
|t:|1658910805
|switch|p2a: Eternatus|Eternatus|85/100
|-damage|p2a: Eternatus|72/100|[from] Stealth Rock
|-ability|p2a: Eternatus|Pressure
|move|p1a: Groudon|Rock Slide|p2a: Eternatus
|-damage|p2a: Eternatus|46/100
|
|-weather|DesolateLand|[upkeep]
|upkeep
|turn|18
|
|t:|1658910809
|move|p2a: Eternatus|Dynamax Cannon|p1a: Groudon
|-damage|p1a: Groudon|42/100
|move|p1a: Groudon|Precipice Blades|p2a: Eternatus
|-supereffective|p2a: Eternatus
|-damage|p2a: Eternatus|0 fnt
|faint|p2a: Eternatus
|
|-weather|DesolateLand|[upkeep]
|upkeep
|
|t:|1658910812
|switch|p2a: Xerneas|Xerneas, shiny|100/100
|-damage|p2a: Xerneas|88/100|[from] Stealth Rock
|-ability|p2a: Xerneas|Fairy Aura
|turn|19
|
|t:|1658910815
|move|p2a: Xerneas|Geomancy||[still]
|-prepare|p2a: Xerneas|Geomancy
|-enditem|p2a: Xerneas|Power Herb
|-anim|p2a: Xerneas|Geomancy|p2a: Xerneas
|-boost|p2a: Xerneas|spa|2
|-boost|p2a: Xerneas|spd|2
|-boost|p2a: Xerneas|spe|2
|move|p1a: Groudon|Fire Punch|p2a: Xerneas
|-damage|p2a: Xerneas|38/100
|
|-weather|DesolateLand|[upkeep]
|upkeep
|turn|20
|
|t:|1658910817
|move|p2a: Xerneas|Hidden Power|p1a: Groudon
|-supereffective|p1a: Groudon
|-damage|p1a: Groudon|0 fnt
|faint|p1a: Groudon
|-weather|none
|
|upkeep
|
|t:|1658910827
|switch|p1a: Necrozma|Necrozma-Dusk-Mane|88/100
|turn|21
|
|t:|1658910830
|-start|p2a: Xerneas|Dynamax|
|-heal|p2a: Xerneas|38/100|[silent]
|move|p2a: Xerneas|Max Quake|p1a: Necrozma
|-supereffective|p1a: Necrozma
|-damage|p1a: Necrozma|0 fnt
|-boost|p2a: Xerneas|spd|1
|faint|p1a: Necrozma
|
|upkeep
|
|t:|1658910841
|switch|p1a: Tyranitar|Tyranitar, M|100/100
|-weather|Sandstorm|[from] ability: Sand Stream|[of] p1a: Tyranitar
|turn|22
|
|t:|1658910847
|detailschange|p1a: Tyranitar|Tyranitar-Mega, M
|-mega|p1a: Tyranitar|Tyranitar|Tyranitarite
|move|p2a: Xerneas|Max Starfall|p1a: Tyranitar
|-supereffective|p1a: Tyranitar
|-damage|p1a: Tyranitar|0 fnt
|-fieldstart|move: Misty Terrain
|faint|p1a: Tyranitar
|
|-weather|Sandstorm|[upkeep]
|-damage|p2a: Xerneas|35/100|[from] Sandstorm
|upkeep
|
|t:|1658910855
|switch|p1a: Arceus|Arceus-Flying|67/100
|turn|23
|
|t:|1658910857
|move|p2a: Xerneas|Max Guard|p2a: Xerneas
|-singleturn|p2a: Xerneas|Max Guard
|move|p1a: Arceus|Judgment|p2a: Xerneas
|-activate|p2a: Xerneas|move: Max Guard
|
|-weather|Sandstorm|[upkeep]
|-damage|p2a: Xerneas|32/100|[from] Sandstorm
|-damage|p1a: Arceus|61/100|[from] Sandstorm
|upkeep
|-end|p2a: Xerneas|Dynamax
|-heal|p2a: Xerneas|32/100|[silent]
|turn|24
|
|t:|1658910860
|move|p2a: Xerneas|Draining Kiss|p1a: Arceus
|-damage|p1a: Arceus|20/100
|-heal|p2a: Xerneas|62/100|[from] drain|[of] p1a: Arceus
|move|p1a: Arceus|Judgment|p2a: Xerneas
|-damage|p2a: Xerneas|48/100
|
|-weather|Sandstorm|[upkeep]
|-damage|p2a: Xerneas|42/100|[from] Sandstorm
|-damage|p1a: Arceus|14/100|[from] Sandstorm
|upkeep
|turn|25
|
|t:|1658910863
|move|p2a: Xerneas|Draining Kiss|p1a: Arceus
|-damage|p1a: Arceus|0 fnt
|-heal|p2a: Xerneas|51/100|[from] drain|[of] p1a: Arceus
|faint|p1a: Arceus
|
|-weather|Sandstorm|[upkeep]
|-damage|p2a: Xerneas|45/100|[from] Sandstorm
|upkeep
|
|t:|1658910866
|switch|p1a: Arceus|Arceus, shiny|100/100
|turn|26
|
|t:|1658910873
|move|p1a: Arceus|Extreme Speed|p2a: Xerneas
|-damage|p2a: Xerneas|14/100
|move|p2a: Xerneas|Draining Kiss|p1a: Arceus
|-crit|p1a: Arceus
|-damage|p1a: Arceus|34/100
|-heal|p2a: Xerneas|64/100|[from] drain|[of] p1a: Arceus
|
|-weather|none
|-fieldend|Misty Terrain
|upkeep
|turn|27
|
|t:|1658910884
|move|p2a: Xerneas|Draining Kiss|p1a: Arceus
|-damage|p1a: Arceus|0 fnt
|-heal|p2a: Xerneas|89/100|[from] drain|[of] p1a: Arceus
|faint|p1a: Arceus
|
|upkeep
|
|t:|1658910887
|switch|p1a: Kyogre|Kyogre|55/100
|-weather|RainDance|[from] ability: Drizzle|[of] p1a: Kyogre
|turn|28
|
|t:|1658910888
|move|p2a: Xerneas|Draining Kiss|p1a: Kyogre
|-damage|p1a: Kyogre|7/100
|-heal|p2a: Xerneas|100/100|[from] drain|[of] p1a: Kyogre
|move|p1a: Kyogre|Surf|p2a: Xerneas
|-damage|p2a: Xerneas|77/100
|
|-weather|RainDance|[upkeep]
|upkeep
|turn|29
|-message|Dominator296 forfeited.
|
|win|seidou52
|raw|Dominator296's rating: 1785 &rarr; <strong>1769</strong><br />(-16 for losing)
|raw|seidou52's rating: 1864 &rarr; <strong>1880</strong><br />(+16 for winning)
|l|☆Dominator296
