|j|☆PensiveCatGirl
|j|☆Naofumi_Bakugo_Jax
|t:|1668188585
|gametype|singles
|player|p1|PensiveCatGirl|skyla|1714
|player|p2|Naofumi_Bakugo_Jax|266|1826
|teamsize|p1|6
|teamsize|p2|6
|gen|8
|tier|[Gen 8] National Dex AG
|rated|
|rule|HP Percentage Mod: HP is shown in percentages
|rule|Endless Battle Clause: Forcing endless battles is banned
|clearpoke
|poke|p1|Arceus-*|
|poke|p1|Palkia|
|poke|p1|Melmetal|
|poke|p1|Calyrex-Ice|
|poke|p1|Necrozma-Dusk-Mane|
|poke|p1|Arceus-*|
|poke|p2|Kyogre|
|poke|p2|Yveltal|
|poke|p2|Calyrex-Shadow|
|poke|p2|Swampert, M|
|poke|p2|Arceus-*|
|poke|p2|Zacian-*|
|teampreview
|
|t:|1668188609
|start
|switch|p1a: Palkia|Palkia|100/100
|switch|p2a: Calyrex|Calyrex-Shadow|100/100
|-ability|p2a: Calyrex|As One
|-ability|p2a: Calyrex|Unnerve
|-ability|p1a: Palkia|Pressure
|turn|1
|
|t:|1668188614
|switch|p1a: Arceus|Arceus-Dark|100/100
|move|p2a: Calyrex|Nasty Plot|p2a: Calyrex
|-boost|p2a: Calyrex|spa|2
|
|upkeep
|turn|2
|
|t:|1668188618
|move|p2a: Calyrex|Baton Pass|p2a: Calyrex
|
|t:|1668188631
|switch|p2a: Yveltal|Yveltal, shiny|100/100|[from]move: Baton Pass
|-ability|p2a: Yveltal|Dark Aura
|move|p1a: Arceus|Judgment|p2a: Yveltal
|-resisted|p2a: Yveltal
|-crit|p2a: Yveltal
|-damage|p2a: Yveltal|60/100
|
|upkeep
|turn|3
|
|t:|1668188651
|-start|p2a: Yveltal|Dynamax|
|-heal|p2a: Yveltal|60/100|[silent]
|move|p2a: Yveltal|Max Knuckle|p1a: Arceus
|-supereffective|p1a: Arceus
|-damage|p1a: Arceus|26/100
|-boost|p2a: Yveltal|atk|1
|move|p1a: Arceus|Judgment|p2a: Yveltal
|-resisted|p2a: Yveltal
|-damage|p2a: Yveltal|47/100
|
|upkeep
|turn|4
|
|t:|1668188663
|move|p2a: Yveltal|Max Airstream|p1a: Arceus
|-damage|p1a: Arceus|0 fnt
|-boost|p2a: Yveltal|spe|1
|faint|p1a: Arceus
|
|upkeep
|
|t:|1668188670
|switch|p1a: Melmetal|Melmetal|100/100
|turn|5
|
|t:|1668188674
|-start|p1a: Melmetal|Dynamax|
|-heal|p1a: Melmetal|100/100|[silent]
|move|p2a: Yveltal|Max Darkness|p1a: Melmetal
|-damage|p1a: Melmetal|0 fnt
|faint|p1a: Melmetal
|
|upkeep
|
|t:|1668188682
|switch|p1a: Arceus|Arceus-Ground|100/100
|-end|p2a: Yveltal|Dynamax
|-heal|p2a: Yveltal|47/100|[silent]
|turn|6
|
|t:|1668188697
|move|p2a: Yveltal|Oblivion Wing|p1a: Arceus
|-damage|p1a: Arceus|38/100
|-heal|p2a: Yveltal|99/100|[from] drain|[of] p1a: Arceus
|move|p1a: Arceus|Trick Room|p1a: Arceus
|-fieldstart|move: Trick Room|[of] p1a: Arceus
|
|upkeep
|turn|7
|
|t:|1668188706
|move|p1a: Arceus|Stealth Rock|p2a: Yveltal
|-sidestart|p2: Naofumi_Bakugo_Jax|move: Stealth Rock
|move|p2a: Yveltal|Oblivion Wing|p1a: Arceus
|-damage|p1a: Arceus|0 fnt
|-heal|p2a: Yveltal|100/100|[from] drain|[of] p1a: Arceus
|faint|p1a: Arceus
|
|upkeep
|
|t:|1668188709
|switch|p1a: Calyrex|Calyrex-Ice|100/100
|-ability|p1a: Calyrex|As One
|-ability|p1a: Calyrex|Unnerve
|turn|8
|
|t:|1668188724
|switch|p2a: Zacian|Zacian-Crowned|100/100
|-damage|p2a: Zacian|94/100|[from] Stealth Rock
|-ability|p2a: Zacian|Intrepid Sword|boost
|-boost|p2a: Zacian|atk|1
|move|p1a: Calyrex|Glacial Lance|p2a: Zacian
|-resisted|p2a: Zacian
|-damage|p2a: Zacian|50/100
|
|upkeep
|turn|9
|
|t:|1668188734
|move|p1a: Calyrex|High Horsepower|p2a: Zacian|[miss]
|-miss|p1a: Calyrex|p2a: Zacian
|move|p2a: Zacian|Behemoth Blade|p1a: Calyrex
|-supereffective|p1a: Calyrex
|-damage|p1a: Calyrex|0 fnt
|faint|p1a: Calyrex
|
|upkeep
|
|t:|1668188739
|switch|p1a: Necrozma|Necrozma-Dusk-Mane|100/100
|turn|10
|
|t:|1668188745
|move|p1a: Necrozma|Earthquake|p2a: Zacian
|-supereffective|p2a: Zacian
|-crit|p2a: Zacian
|-damage|p2a: Zacian|0 fnt
|faint|p2a: Zacian
|
|-fieldend|move: Trick Room
|upkeep
|
|t:|1668188760
|switch|p2a: Calyrex|Calyrex-Shadow|100/100
|-ability|p2a: Calyrex|As One
|-ability|p2a: Calyrex|Unnerve
|-damage|p2a: Calyrex|88/100|[from] Stealth Rock
|turn|11
|
|t:|1668188767
|move|p2a: Calyrex|Astral Barrage|p1a: Necrozma
|-supereffective|p1a: Necrozma
|-damage|p1a: Necrozma|0 fnt
|faint|p1a: Necrozma
|-ability|p2a: Calyrex|Grim Neigh|boost
|-boost|p2a: Calyrex|spa|1
|
|upkeep
|
|t:|1668188771
|switch|p1a: Palkia|Palkia|100/100
|-ability|p1a: Palkia|Pressure
|turn|12
|
|t:|1668188773
|move|p2a: Calyrex|Astral Barrage|p1a: Palkia
|-damage|p1a: Palkia|2/100
|move|p1a: Palkia|Trick Room|p1a: Palkia
|-fieldstart|move: Trick Room|[of] p1a: Palkia
|
|upkeep
|turn|13
|
|t:|1668188778
|move|p1a: Palkia|Spacial Rend|p2a: Calyrex
|-damage|p2a: Calyrex|17/100
|move|p2a: Calyrex|Astral Barrage|p1a: Palkia
|-crit|p1a: Palkia
|-damage|p1a: Palkia|0 fnt
|faint|p1a: Palkia
|
|win|Naofumi_Bakugo_Jax
|raw|PensiveCatGirl's rating: 1714 &rarr; <strong>1700</strong><br />(-14 for losing)
|raw|Naofumi_Bakugo_Jax's rating: 1826 &rarr; <strong>1840</strong><br />(+14 for winning)
