|j|☆Maxime et Fildrong
|j|☆game controll
|player|p1|Maxime et Fildrong|madame|1298
|player|p2|game controll|2|1265
|teamsize|p1|6
|teamsize|p2|6
|gametype|singles
|gen|8
|tier|[Gen 8] National Dex AG
|rated|
|rule|HP Percentage Mod: HP is shown in percentages
|rule|Endless Battle Clause: Forcing endless battles is banned
|clearpoke
|poke|p1|Rayquaza|
|poke|p1|Zacian-*|
|poke|p1|Eternatus|
|poke|p1|Marshadow|
|poke|p1|Arceus-*|
|poke|p1|Kyogre|
|poke|p2|Zacian-*|
|poke|p2|Rayquaza|
|poke|p2|Groudon|
|poke|p2|Kyogre|
|poke|p2|Necrozma-Dusk-Mane|
|poke|p2|Arceus-*|
|teampreview
|j| LuckyZer0
|
|start
|switch|p1a: Rayquaza|Rayquaza|100/100
|switch|p2a: Groudon|Groudon|100/100
|-ability|p1a: Rayquaza|Air Lock
|detailschange|p2a: Groudon|Groudon-Primal
|-primal|p2a: Groudon
|-weather|DesolateLand|[from] ability: Desolate Land|[of] p2a: Groudon
|turn|1
|
|detailschange|p1a: Rayquaza|Rayquaza-Mega
|-mega|p1a: Rayquaza|Rayquaza|
|-weather|DeltaStream|[from] ability: Delta Stream|[of] p1a: Rayquaza
|move|p1a: Rayquaza|Earthquake|p2a: Groudon
|-supereffective|p2a: Groudon
|-damage|p2a: Groudon|32/100
|move|p2a: Groudon|Stealth Rock|p1a: Rayquaza
|-sidestart|p1: Maxime et Fildrong|move: Stealth Rock
|
|-weather|DeltaStream|[upkeep]
|upkeep
|turn|2
|
|-weather|none
|switch|p1a: Zacian|Zacian-Crowned|100/100
|-damage|p1a: Zacian|94/100|[from] Stealth Rock
|-ability|p1a: Zacian|Intrepid Sword|boost
|-boost|p1a: Zacian|atk|1
|move|p2a: Groudon|Toxic|p1a: Zacian
|-immune|p1a: Zacian
|
|upkeep
|turn|3
|
|move|p1a: Zacian|Play Rough|p2a: Groudon
|-resisted|p2a: Groudon
|-damage|p2a: Groudon|12/100
|move|p2a: Groudon|Precipice Blades|p1a: Zacian|[miss]
|-miss|p2a: Groudon|p1a: Zacian
|
|upkeep
|turn|4
|
|switch|p2a: Necrozma|Necrozma-Dusk-Mane|100/100
|move|p1a: Zacian|Play Rough|p2a: Necrozma|[miss]
|-miss|p1a: Zacian|p2a: Necrozma
|
|upkeep
|turn|5
|
|switch|p1a: Arceus|Arceus-Steel|100/100
|-damage|p1a: Arceus|94/100|[from] Stealth Rock
|move|p2a: Necrozma|Dragon Dance|p2a: Necrozma
|-boost|p2a: Necrozma|atk|1
|-boost|p2a: Necrozma|spe|1
|
|upkeep
|turn|6
|
|move|p2a: Necrozma|Dragon Dance|p2a: Necrozma
|-boost|p2a: Necrozma|atk|1
|-boost|p2a: Necrozma|spe|1
|move|p1a: Arceus|Defog|p2a: Necrozma
|-unboost|p2a: Necrozma|evasion|1
|-sideend|p1: Maxime et Fildrong|Stealth Rock|[from] move: Defog|[of] p1a: Arceus
|
|upkeep
|turn|7
|
|move|p2a: Necrozma|Dragon Dance|p2a: Necrozma
|-boost|p2a: Necrozma|atk|1
|-boost|p2a: Necrozma|spe|1
|move|p1a: Arceus|Stealth Rock|p2a: Necrozma
|-sidestart|p2: game controll|move: Stealth Rock
|
|upkeep
|turn|8
|
|switch|p1a: Kyogre|Kyogre|100/100
|detailschange|p1a: Kyogre|Kyogre-Primal
|-primal|p1a: Kyogre
|-weather|PrimordialSea|[from] ability: Primordial Sea|[of] p1a: Kyogre
|move|p2a: Necrozma|Dragon Dance|p2a: Necrozma
|-boost|p2a: Necrozma|atk|1
|-boost|p2a: Necrozma|spe|1
|
|-weather|PrimordialSea|[upkeep]
|upkeep
|turn|9
|
|move|p2a: Necrozma|Photon Geyser|p1a: Kyogre
|-damage|p1a: Kyogre|0 fnt
|faint|p1a: Kyogre
|-weather|none
|
|upkeep
|
|switch|p1a: Marshadow|Marshadow|100/100
|turn|10
|
|move|p2a: Necrozma|Photon Geyser|p1a: Marshadow
|-supereffective|p1a: Marshadow
|-enditem|p1a: Marshadow|Focus Sash
|-damage|p1a: Marshadow|1/100
|move|p1a: Marshadow|Spectral Thief||[still]
|-clearpositiveboost|p2a: Necrozma|p1a: Marshadow|move: Spectral Thief
|-boost|p1a: Marshadow|atk|4
|-boost|p1a: Marshadow|spe|4
|-anim|p1a: Marshadow|Spectral Thief|p2a: Necrozma
|-supereffective|p2a: Necrozma
|-damage|p2a: Necrozma|0 fnt
|faint|p2a: Necrozma
|
|upkeep
|-message|game controll forfeited.
|
|win|Maxime et Fildrong
|l|☆game controll
|raw|Maxime et Fildrong's rating: 1298 &rarr; <strong>1321</strong><br />(+23 for winning)
|raw|game controll's rating: 1265 &rarr; <strong>1242</strong><br />(-23 for losing)
|c| LuckyZer0|filfrg
