|j|☆IAmJklol
|j|☆llmmllmm
|t:|1662094036
|gametype|singles
|player|p1|IAmJklol|red|
|player|p2|llmmllmm|102|
|teamsize|p1|6
|teamsize|p2|1
|gen|8
|tier|[Gen 8] National Dex AG
|rule|HP Percentage Mod: HP is shown in percentages
|rule|Endless Battle Clause: Forcing endless battles is banned
|clearpoke
|poke|p1|Deoxys-Speed|
|poke|p1|Arceus-*|
|poke|p1|Groudon|
|poke|p1|Floatzel, F|
|poke|p1|Thundurus, M|
|poke|p1|Tapu Fini|
|poke|p2|Ninjask, M|
|teampreview
|inactive|Battle timer is ON: inactive players will automatically lose when time's up. (requested by IAmJklol)
|c|☆IAmJklol|IVE
|c|☆llmmllmm|oh no
|c|☆IAmJklol|GOT
|c|☆llmmllmm|it's
|c|☆llmmllmm|funny
|c|☆IAmJklol|ALL THE TRICKS
|
|t:|1662094042
|start
|switch|p1a: Thundurus|Thundurus, M|100/100
|switch|p2a: Ninjask|Ninjask, M|100/100
|turn|1
|
|t:|1662094051
|move|p1a: Thundurus|Taunt|p2a: Ninjask
|-start|p2a: Ninjask|move: Taunt
|cant|p2a: Ninjask|move: Taunt|Swords Dance
|
|-ability|p2a: Ninjask|Speed Boost|boost
|-boost|p2a: Ninjask|spe|1
|upkeep
|turn|2
|c|☆llmmllmm|rude...
|c|☆llmmllmm|damn i should've used mental herb
|c|☆IAmJklol|true
|inactive|IAmJklol has 270 seconds left.
|
|t:|1662094083
|switch|p1a: Tapu Fini|Tapu Fini|100/100
|-fieldstart|move: Misty Terrain|[from] ability: Misty Surge|[of] p1a: Tapu Fini
|move|p2a: Ninjask|Cut|p1a: Tapu Fini
|-damage|p1a: Tapu Fini|91/100
|-damage|p2a: Ninjask|84/100|[from] item: Rocky Helmet|[of] p1a: Tapu Fini
|
|-ability|p2a: Ninjask|Speed Boost|boost
|-boost|p2a: Ninjask|spe|1
|upkeep
|turn|3
|c|☆IAmJklol|cut.
|c|☆llmmllmm|hwt
|c|☆IAmJklol|get rocky helm
|
|t:|1662094104
|move|p2a: Ninjask|Cut|p1a: Tapu Fini
|-damage|p1a: Tapu Fini|81/100
|-damage|p2a: Ninjask|68/100|[from] item: Rocky Helmet|[of] p1a: Tapu Fini
|move|p1a: Tapu Fini|Soak|p2a: Ninjask
|-start|p2a: Ninjask|typechange|Water
|
|-end|p2a: Ninjask|move: Taunt
|-ability|p2a: Ninjask|Speed Boost|boost
|-boost|p2a: Ninjask|spe|1
|upkeep
|turn|4
|
|t:|1662094111
|move|p2a: Ninjask|Substitute|p2a: Ninjask
|-start|p2a: Ninjask|Substitute
|-damage|p2a: Ninjask|43/100
|move|p1a: Tapu Fini|Haze|p1a: Tapu Fini
|-clearallboost
|
|-ability|p2a: Ninjask|Speed Boost|boost
|-boost|p2a: Ninjask|spe|1
|upkeep
|turn|5
|c|☆llmmllmm|stop doing that
|
|t:|1662094119
|move|p2a: Ninjask|Swords Dance|p2a: Ninjask
|-boost|p2a: Ninjask|atk|2
|move|p1a: Tapu Fini|Haze|p1a: Tapu Fini
|-clearallboost
|
|-ability|p2a: Ninjask|Speed Boost|boost
|-boost|p2a: Ninjask|spe|1
|upkeep
|turn|6
|
|t:|1662094123
|move|p2a: Ninjask|Swords Dance|p2a: Ninjask
|-boost|p2a: Ninjask|atk|2
|move|p1a: Tapu Fini|Haze|p1a: Tapu Fini
|-clearallboost
|
|-fieldend|Misty Terrain
|-ability|p2a: Ninjask|Speed Boost|boost
|-boost|p2a: Ninjask|spe|1
|upkeep
|turn|7
|
|t:|1662094130
|-end|p2a: Ninjask|Substitute
|-start|p2a: Ninjask|Dynamax|
|-heal|p2a: Ninjask|43/100|[silent]
|move|p2a: Ninjask|Max Airstream|p1a: Tapu Fini
|-damage|p1a: Tapu Fini|55/100
|-boost|p2a: Ninjask|spe|1
|move|p1a: Tapu Fini|Haze|p1a: Tapu Fini
|-clearallboost
|
|-ability|p2a: Ninjask|Speed Boost|boost
|-boost|p2a: Ninjask|spe|1
|upkeep
|turn|8
|c|☆llmmllmm|please stop
|
|t:|1662094144
|switch|p1a: Floatzel|Floatzel, F|100/100
|move|p2a: Ninjask|Max Strike|p1a: Floatzel
|-damage|p1a: Floatzel|57/100
|-unboost|p1a: Floatzel|spe|1
|
|-ability|p2a: Ninjask|Speed Boost|boost
|-boost|p2a: Ninjask|spe|1
|upkeep
|turn|9
|c|☆llmmllmm|hacking
|
|t:|1662094151
|switch|p1a: Thundurus|Thundurus, M|100/100
|move|p2a: Ninjask|Max Airstream|p1a: Thundurus
|-resisted|p1a: Thundurus
|-damage|p1a: Thundurus|75/100
|-boost|p2a: Ninjask|spe|1
|
|-heal|p1a: Thundurus|81/100|[from] item: Leftovers
|-ability|p2a: Ninjask|Speed Boost|boost
|-boost|p2a: Ninjask|spe|1
|upkeep
|-end|p2a: Ninjask|Dynamax
|-heal|p2a: Ninjask|43/100|[silent]
|turn|10
|
|t:|1662094155
|move|p1a: Thundurus|Taunt|p2a: Ninjask
|-start|p2a: Ninjask|move: Taunt
|move|p2a: Ninjask|Cut|p1a: Thundurus
|-crit|p1a: Thundurus
|-damage|p1a: Thundurus|52/100
|
|-heal|p1a: Thundurus|58/100|[from] item: Leftovers
|-ability|p2a: Ninjask|Speed Boost|boost
|-boost|p2a: Ninjask|spe|1
|upkeep
|turn|11
|c|☆llmmllmm|stop
|c|☆llmmllmm|hacking
|
|t:|1662094168
|switch|p1a: Arceus|Arceus-Ground|100/100
|move|p2a: Ninjask|Dual Wingbeat|p1a: Arceus
|-damage|p1a: Arceus|90/100
|-damage|p1a: Arceus|81/100
|-hitcount|p1a: Arceus|2
|
|-ability|p2a: Ninjask|Speed Boost|boost
|-boost|p2a: Ninjask|spe|1
|upkeep
|turn|12
|c|☆llmmllmm|pldaes
|c|☆IAmJklol|DIE
|
|t:|1662094173
|move|p2a: Ninjask|Dual Wingbeat|p1a: Arceus
|-damage|p1a: Arceus|72/100
|-damage|p1a: Arceus|63/100
|-hitcount|p1a: Arceus|2
|-zpower|p1a: Arceus
|move|p1a: Arceus|Tectonic Rage|p2a: Ninjask|[zeffect]
|-damage|p2a: Ninjask|0 fnt
|faint|p2a: Ninjask
|
|win|IAmJklol
|c|☆IAmJklol|YES
|c|☆llmmllmm|no
|c|☆IAmJklol|UR
|c|☆IAmJklol|BAD
