|j|☆Profe$$or Oak
|j|☆default0
|t:|1618425635
|gametype|singles
|player|p1|Profe$$or Oak|oak-gen1|
|player|p2|default0|skierf-gen4dp|
|teamsize|p1|6
|teamsize|p2|6
|gen|8
|tier|[Gen 8] National Dex AG
|rated|Tournament battle
|clearpoke
|poke|p1|Rayquaza|
|poke|p1|Arceus-*|
|poke|p1|Necrozma-Dusk-Mane|
|poke|p1|Ho-Oh|
|poke|p1|Arceus-*|
|poke|p1|Ditto|
|poke|p2|Necrozma-Dusk-Mane|
|poke|p2|Ho-Oh|
|poke|p2|Eternatus|
|poke|p2|Yveltal|
|poke|p2|Marshadow|
|poke|p2|Groudon|
|rule|HP Percentage Mod: HP is shown in percentages
|rule|Endless Battle Clause: Forcing endless battles is banned
|teampreview
|inactive|Battle timer is ON: inactive players will automatically lose when time's up. (requested by Profe$$or Oak)
|j| Frito135 ❤
|
|t:|1618425659
|start
|switch|p1a: Arceus|Arceus-Dark|100/100
|switch|p2a: Yveltal|Yveltal|100/100
|-ability|p2a: Yveltal|Dark Aura
|turn|1
|
|t:|1618425667
|move|p2a: Yveltal|Taunt|p1a: Arceus
|-start|p1a: Arceus|move: Taunt
|cant|p1a: Arceus|move: Taunt|Recover
|
|upkeep
|turn|2
|
|t:|1618425684
|-start|p1a: Arceus|Dynamax
|-heal|p1a: Arceus|100/100|[silent]
|move|p2a: Yveltal|Foul Play|p1a: Arceus
|-resisted|p1a: Arceus
|-damage|p1a: Arceus|92/100
|-damage|p2a: Yveltal|91/100|[from] item: Life Orb
|move|p1a: Arceus|Max Darkness|p2a: Yveltal
|-resisted|p2a: Yveltal
|-damage|p2a: Yveltal|58/100
|-unboost|p2a: Yveltal|spd|1
|
|upkeep
|turn|3
|
|t:|1618425689
|move|p2a: Yveltal|Roost|p2a: Yveltal
|-heal|p2a: Yveltal|100/100
|-singleturn|p2a: Yveltal|move: Roost
|move|p1a: Arceus|Max Darkness|p2a: Yveltal
|-resisted|p2a: Yveltal
|-damage|p2a: Yveltal|49/100
|-unboost|p2a: Yveltal|spd|1
|
|-end|p1a: Arceus|move: Taunt
|upkeep
|turn|4
|
|t:|1618425700
|switch|p2a: Ho-Oh|Ho-Oh|100/100
|move|p1a: Arceus|Max Darkness|p2a: Ho-Oh
|-damage|p2a: Ho-Oh|63/100
|-unboost|p2a: Ho-Oh|spd|1
|
|-end|p1a: Arceus|Dynamax
|-heal|p1a: Arceus|92/100|[silent]
|upkeep
|turn|5
|j| skylinkAG
|
|t:|1618425707
|switch|p1a: Necrozma|Necrozma-Dusk-Mane|100/100
|switch|p2a: Yveltal|Yveltal|49/100
|-ability|p2a: Yveltal|Dark Aura
|
|upkeep
|turn|6
|
|t:|1618425722
|switch|p1a: Ho-Oh|Ho-Oh|100/100
|move|p2a: Yveltal|Roost|p2a: Yveltal
|-heal|p2a: Yveltal|99/100
|-singleturn|p2a: Yveltal|move: Roost
|
|upkeep
|turn|7
|
|t:|1618425728
|switch|p2a: Eternatus|Eternatus|100/100
|-ability|p2a: Eternatus|Pressure
|move|p1a: Ho-Oh|Sacred Fire|p2a: Eternatus
|-resisted|p2a: Eternatus
|-damage|p2a: Eternatus|84/100
|-status|p2a: Eternatus|brn
|
|-damage|p2a: Eternatus|78/100 brn|[from] brn
|upkeep
|turn|8
|
|t:|1618425740
|switch|p1a: Necrozma|Necrozma-Dusk-Mane|100/100
|move|p2a: Eternatus|Flamethrower|p1a: Necrozma
|-supereffective|p1a: Necrozma
|-damage|p1a: Necrozma|45/100
|-damage|p2a: Eternatus|68/100 brn|[from] item: Life Orb
|
|-damage|p2a: Eternatus|62/100 brn|[from] brn
|upkeep
|turn|9
|
|t:|1618425746
|switch|p1a: Ho-Oh|Ho-Oh|100/100
|move|p2a: Eternatus|Flamethrower|p1a: Ho-Oh
|-resisted|p1a: Ho-Oh
|-damage|p1a: Ho-Oh|90/100
|-damage|p2a: Eternatus|52/100 brn|[from] item: Life Orb
|
|-damage|p2a: Eternatus|45/100 brn|[from] brn
|upkeep
|turn|10
|
|t:|1618425753
|move|p2a: Eternatus|Recover|p2a: Eternatus
|-heal|p2a: Eternatus|96/100 brn
|move|p1a: Ho-Oh|Whirlwind|p2a: Eternatus
|drag|p2a: Necrozma|Necrozma-Dusk-Mane|100/100
|
|upkeep
|turn|11
|
|t:|1618425756
|switch|p1a: Necrozma|Necrozma-Dusk-Mane|45/100
|switch|p2a: Eternatus|Eternatus|96/100 brn
|-ability|p2a: Eternatus|Pressure
|
|-damage|p2a: Eternatus|89/100 brn|[from] brn
|upkeep
|turn|12
|
|t:|1618425759
|switch|p1a: Ho-Oh|Ho-Oh|100/100
|move|p2a: Eternatus|Flamethrower|p1a: Ho-Oh
|-resisted|p1a: Ho-Oh
|-damage|p1a: Ho-Oh|88/100
|-damage|p2a: Eternatus|79/100 brn|[from] item: Life Orb
|
|-damage|p2a: Eternatus|73/100 brn|[from] brn
|upkeep
|turn|13
|
|t:|1618425764
|move|p2a: Eternatus|Sludge Bomb|p1a: Ho-Oh
|-damage|p1a: Ho-Oh|51/100
|-damage|p2a: Eternatus|63/100 brn|[from] item: Life Orb
|move|p1a: Ho-Oh|Whirlwind|p2a: Eternatus
|drag|p2a: Yveltal|Yveltal|99/100
|-ability|p2a: Yveltal|Dark Aura
|
|upkeep
|turn|14
|
|t:|1618425780
|switch|p1a: Arceus|Arceus-Dark|92/100
|move|p2a: Yveltal|Foul Play|p1a: Arceus
|-resisted|p1a: Arceus
|-damage|p1a: Arceus|75/100
|-damage|p2a: Yveltal|89/100|[from] item: Life Orb
|
|upkeep
|turn|15
|
|t:|1618425789
|switch|p1a: Ho-Oh|Ho-Oh|85/100
|move|p2a: Yveltal|Taunt|p1a: Ho-Oh
|-start|p1a: Ho-Oh|move: Taunt
|
|upkeep
|turn|16
|
|t:|1618425797
|switch|p2a: Ho-Oh|Ho-Oh|97/100
|move|p1a: Ho-Oh|Sacred Fire|p2a: Ho-Oh
|-resisted|p2a: Ho-Oh
|-damage|p2a: Ho-Oh|83/100
|
|upkeep
|turn|17
|
|t:|1618425801
|switch|p1a: Necrozma|Necrozma-Dusk-Mane|45/100
|move|p2a: Ho-Oh|Toxic|p1a: Necrozma
|-immune|p1a: Necrozma
|
|upkeep
|turn|18
|
|t:|1618425809
|move|p2a: Ho-Oh|Sacred Fire|p1a: Necrozma
|-supereffective|p1a: Necrozma
|-damage|p1a: Necrozma|8/100
|move|p1a: Necrozma|Morning Sun|p1a: Necrozma
|-heal|p1a: Necrozma|58/100
|
|upkeep
|turn|19
|
|t:|1618425814
|move|p2a: Ho-Oh|Sacred Fire|p1a: Necrozma
|-supereffective|p1a: Necrozma
|-damage|p1a: Necrozma|27/100
|move|p1a: Necrozma|Stealth Rock|p2a: Ho-Oh
|-sidestart|p2: default0|move: Stealth Rock
|
|upkeep
|turn|20
|
|t:|1618425819
|switch|p1a: Ho-Oh|Ho-Oh|100/100
|move|p2a: Ho-Oh|Defog|p1a: Ho-Oh
|-unboost|p1a: Ho-Oh|evasion|1
|-sideend|p2: default0|Stealth Rock|[from] move: Defog|[of] p2a: Ho-Oh
|
|upkeep
|turn|21
|
|t:|1618425821
|move|p2a: Ho-Oh|Toxic|p1a: Ho-Oh
|-status|p1a: Ho-Oh|tox
|move|p1a: Ho-Oh|Toxic|p2a: Ho-Oh
|-status|p2a: Ho-Oh|tox
|
|-damage|p2a: Ho-Oh|77/100 tox|[from] psn
|-damage|p1a: Ho-Oh|94/100 tox|[from] psn
|upkeep
|turn|22
|
|t:|1618425826
|switch|p2a: Eternatus|Eternatus|63/100 brn
|-ability|p2a: Eternatus|Pressure
|switch|p1a: Rayquaza|Rayquaza|100/100
|-ability|p1a: Rayquaza|Air Lock
|
|-damage|p2a: Eternatus|57/100 brn|[from] brn
|upkeep
|turn|23
|
|t:|1618425832
|switch|p1a: Ho-Oh|Ho-Oh|100/100 tox
|move|p2a: Eternatus|Dynamax Cannon|p1a: Ho-Oh
|-damage|p1a: Ho-Oh|57/100 tox
|-damage|p2a: Eternatus|47/100 brn|[from] item: Life Orb
|
|-damage|p2a: Eternatus|41/100 brn|[from] brn
|-damage|p1a: Ho-Oh|51/100 tox|[from] psn
|upkeep
|turn|24
|
|t:|1618425846
|switch|p1a: Ditto|Ditto|100/100
|-transform|p1a: Ditto|p2a: Eternatus|[from] ability: Imposter
|-ability|p1a: Ditto|Pressure
|move|p2a: Eternatus|Recover|p2a: Eternatus
|-heal|p2a: Eternatus|91/100 brn
|
|-damage|p2a: Eternatus|85/100 brn|[from] brn
|upkeep
|turn|25
|
|t:|1618425852
|switch|p2a: Ho-Oh|Ho-Oh|100/100 tox
|move|p1a: Ditto|Dynamax Cannon|p2a: Ho-Oh
|-crit|p2a: Ho-Oh
|-damage|p2a: Ho-Oh|51/100 tox
|
|-damage|p2a: Ho-Oh|45/100 tox|[from] psn
|upkeep
|turn|26
|j| outk NB
|
|t:|1618425861
|switch|p2a: Necrozma|Necrozma-Dusk-Mane|100/100
|move|p1a: Ditto|Dynamax Cannon|p2a: Necrozma
|-resisted|p2a: Necrozma
|-damage|p2a: Necrozma|79/100
|
|upkeep
|turn|27
|
|t:|1618425866
|move|p1a: Ditto|Dynamax Cannon|p2a: Necrozma
|-resisted|p2a: Necrozma
|-damage|p2a: Necrozma|56/100
|move|p2a: Necrozma|Stealth Rock|p1a: Ditto
|-sidestart|p1: Profe$$or Oak|move: Stealth Rock
|
|upkeep
|turn|28
|
|t:|1618425870
|switch|p1a: Necrozma|Necrozma-Dusk-Mane|27/100
|-damage|p1a: Necrozma|21/100|[from] Stealth Rock
|move|p2a: Necrozma|Morning Sun|p2a: Necrozma
|-heal|p2a: Necrozma|100/100
|
|upkeep
|turn|29
|
|t:|1618425877
|switch|p2a: Groudon|Groudon|100/100
|detailschange|p2a: Groudon|Groudon-Primal
|-primal|p2a: Groudon
|-weather|DesolateLand|[from] ability: Desolate Land|[of] p2a: Groudon
|move|p1a: Necrozma|Morning Sun|p1a: Necrozma
|-heal|p1a: Necrozma|87/100
|
|-weather|DesolateLand|[upkeep]
|upkeep
|turn|30
|
|t:|1618425887
|switch|p1a: Arceus|Arceus-Fairy|100/100
|-damage|p1a: Arceus|88/100|[from] Stealth Rock
|move|p2a: Groudon|Eruption|p1a: Arceus
|-damage|p1a: Arceus|5/100
|
|-weather|DesolateLand|[upkeep]
|upkeep
|turn|31
|
|t:|1618425899
|move|p2a: Groudon|Eruption|p1a: Arceus
|-damage|p1a: Arceus|0 fnt
|faint|p1a: Arceus
|
|-weather|DesolateLand|[upkeep]
|upkeep
|
|t:|1618425902
|switch|p1a: Ditto|Ditto|100/100
|-damage|p1a: Ditto|88/100|[from] Stealth Rock
|-transform|p1a: Ditto|p2a: Groudon|[from] ability: Imposter
|turn|32
|
|t:|1618425908
|switch|p2a: Yveltal|Yveltal|89/100
|-ability|p2a: Yveltal|Dark Aura
|move|p1a: Ditto|Stone Edge|p2a: Yveltal
|-supereffective|p2a: Yveltal
|-damage|p2a: Yveltal|34/100
|
|-weather|DesolateLand|[upkeep]
|upkeep
|turn|33
|
|t:|1618425919
|switch|p2a: Eternatus|Eternatus|85/100 brn
|-ability|p2a: Eternatus|Pressure
|move|p1a: Ditto|Stone Edge|p2a: Eternatus
|-damage|p2a: Eternatus|53/100 brn
|
|-weather|DesolateLand|[upkeep]
|-damage|p2a: Eternatus|47/100 brn|[from] brn
|upkeep
|turn|34
|l| skylinkAG
|
|t:|1618425930
|-weather|none
|switch|p1a: Arceus|Arceus-Dark|75/100
|-damage|p1a: Arceus|62/100|[from] Stealth Rock
|move|p2a: Eternatus|Recover|p2a: Eternatus
|-heal|p2a: Eternatus|97/100 brn
|
|-damage|p2a: Eternatus|91/100 brn|[from] brn
|upkeep
|turn|35
|
|t:|1618425936
|move|p2a: Eternatus|Dynamax Cannon|p1a: Arceus
|-damage|p1a: Arceus|26/100
|-damage|p2a: Eternatus|81/100 brn|[from] item: Life Orb
|move|p1a: Arceus|Calm Mind|p1a: Arceus
|-boost|p1a: Arceus|spa|1
|-boost|p1a: Arceus|spd|1
|
|-damage|p2a: Eternatus|75/100 brn|[from] brn
|upkeep
|turn|36
|
|t:|1618425941
|move|p2a: Eternatus|Dynamax Cannon|p1a: Arceus
|-damage|p1a: Arceus|2/100
|-damage|p2a: Eternatus|65/100 brn|[from] item: Life Orb
|move|p1a: Arceus|Recover|p1a: Arceus
|-heal|p1a: Arceus|52/100
|
|-damage|p2a: Eternatus|59/100 brn|[from] brn
|upkeep
|turn|37
|
|t:|1618425952
|switch|p2a: Ho-Oh|Ho-Oh|79/100 tox
|move|p1a: Arceus|Recover|p1a: Arceus
|-heal|p1a: Arceus|100/100
|
|-damage|p2a: Ho-Oh|73/100 tox|[from] psn
|upkeep
|turn|38
|
|t:|1618425957
|move|p1a: Arceus|Judgment|p2a: Ho-Oh
|-damage|p2a: Ho-Oh|35/100 tox
|move|p2a: Ho-Oh|Whirlwind|p1a: Arceus
|drag|p1a: Necrozma|Necrozma-Dusk-Mane|87/100
|-damage|p1a: Necrozma|81/100|[from] Stealth Rock
|
|-damage|p2a: Ho-Oh|23/100 tox|[from] psn
|upkeep
|turn|39
|
|t:|1618425965
|switch|p2a: Yveltal|Yveltal|34/100
|-ability|p2a: Yveltal|Dark Aura
|move|p1a: Necrozma|Knock Off|p2a: Yveltal
|-resisted|p2a: Yveltal
|-damage|p2a: Yveltal|18/100
|-enditem|p2a: Yveltal|Life Orb|[from] move: Knock Off|[of] p1a: Necrozma
|
|upkeep
|turn|40
|j|%Mbouchon
|
|t:|1618425972
|move|p2a: Yveltal|Roost|p2a: Yveltal
|-heal|p2a: Yveltal|68/100
|-singleturn|p2a: Yveltal|move: Roost
|move|p1a: Necrozma|Stealth Rock|p2a: Yveltal
|-sidestart|p2: default0|move: Stealth Rock
|
|upkeep
|turn|41
|
|t:|1618425978
|switch|p1a: Ho-Oh|Ho-Oh|84/100 tox
|move|p2a: Yveltal|Roost|p2a: Yveltal
|-heal|p2a: Yveltal|100/100
|-singleturn|p2a: Yveltal|move: Roost
|
|-damage|p1a: Ho-Oh|78/100 tox|[from] psn
|upkeep
|turn|42
|
|t:|1618426005
|switch|p2a: Eternatus|Eternatus|59/100 brn
|-damage|p2a: Eternatus|46/100 brn|[from] Stealth Rock
|-ability|p2a: Eternatus|Pressure
|move|p1a: Ho-Oh|Toxic||[still]
|-fail|p1a: Ho-Oh
|
|-damage|p2a: Eternatus|40/100 brn|[from] brn
|-damage|p1a: Ho-Oh|65/100 tox|[from] psn
|upkeep
|turn|43
|
|t:|1618426011
|switch|p1a: Ditto|Ditto|88/100
|-damage|p1a: Ditto|76/100|[from] Stealth Rock
|-transform|p1a: Ditto|p2a: Eternatus|[from] ability: Imposter
|-ability|p1a: Ditto|Pressure
|move|p2a: Eternatus|Recover|p2a: Eternatus
|-heal|p2a: Eternatus|90/100 brn
|
|-damage|p2a: Eternatus|84/100 brn|[from] brn
|upkeep
|turn|44
|
|t:|1618426015
|switch|p2a: Necrozma|Necrozma-Dusk-Mane|100/100
|-damage|p2a: Necrozma|94/100|[from] Stealth Rock
|move|p1a: Ditto|Dynamax Cannon|p2a: Necrozma
|-resisted|p2a: Necrozma
|-damage|p2a: Necrozma|70/100
|
|upkeep
|turn|45
|
|t:|1618426024
|switch|p1a: Necrozma|Necrozma-Dusk-Mane|81/100
|-damage|p1a: Necrozma|75/100|[from] Stealth Rock
|move|p2a: Necrozma|Morning Sun|p2a: Necrozma
|-heal|p2a: Necrozma|100/100
|
|upkeep
|turn|46
|
|t:|1618426033
|switch|p2a: Yveltal|Yveltal|100/100
|-damage|p2a: Yveltal|76/100|[from] Stealth Rock
|-ability|p2a: Yveltal|Dark Aura
|move|p1a: Necrozma|Sunsteel Strike|p2a: Yveltal
|-damage|p2a: Yveltal|39/100
|
|upkeep
|turn|47
|
|t:|1618426058
|move|p2a: Yveltal|Roost|p2a: Yveltal
|-heal|p2a: Yveltal|89/100
|-singleturn|p2a: Yveltal|move: Roost
|move|p1a: Necrozma|Sunsteel Strike|p2a: Yveltal
|-damage|p2a: Yveltal|48/100
|
|upkeep
|turn|48
|
|t:|1618426067
|switch|p1a: Ho-Oh|Ho-Oh|98/100 tox
|move|p2a: Yveltal|Foul Play|p1a: Ho-Oh
|-damage|p1a: Ho-Oh|66/100 tox
|
|-damage|p1a: Ho-Oh|59/100 tox|[from] psn
|upkeep
|turn|49
|
|t:|1618426073
|move|p2a: Yveltal|Taunt|p1a: Ho-Oh
|-start|p1a: Ho-Oh|move: Taunt
|cant|p1a: Ho-Oh|move: Taunt|Toxic
|
|-damage|p1a: Ho-Oh|47/100 tox|[from] psn
|upkeep
|turn|50
|
|t:|1618426076
|move|p2a: Yveltal|Roost|p2a: Yveltal
|-heal|p2a: Yveltal|99/100
|-singleturn|p2a: Yveltal|move: Roost
|move|p1a: Ho-Oh|Sacred Fire|p2a: Yveltal
|-damage|p2a: Yveltal|69/100
|-status|p2a: Yveltal|brn
|
|-damage|p2a: Yveltal|63/100 brn|[from] brn
|-damage|p1a: Ho-Oh|28/100 tox|[from] psn
|upkeep
|turn|51
|
|t:|1618426094
|switch|p1a: Arceus|Arceus-Dark|100/100
|-damage|p1a: Arceus|88/100|[from] Stealth Rock
|move|p2a: Yveltal|Foul Play|p1a: Arceus
|-resisted|p1a: Arceus
|-damage|p1a: Arceus|82/100
|
|-damage|p2a: Yveltal|57/100 brn|[from] brn
|upkeep
|turn|52
|
|t:|1618426097
|switch|p1a: Ho-Oh|Ho-Oh|61/100 tox
|move|p2a: Yveltal|Taunt|p1a: Ho-Oh
|-start|p1a: Ho-Oh|move: Taunt
|
|-damage|p2a: Yveltal|51/100 brn|[from] brn
|-damage|p1a: Ho-Oh|55/100 tox|[from] psn
|upkeep
|turn|53
|
|t:|1618426103
|switch|p1a: Arceus|Arceus-Dark|82/100
|-damage|p1a: Arceus|70/100|[from] Stealth Rock
|move|p2a: Yveltal|Roost|p2a: Yveltal
|-heal|p2a: Yveltal|100/100 brn
|-singleturn|p2a: Yveltal|move: Roost
|
|-damage|p2a: Yveltal|94/100 brn|[from] brn
|upkeep
|turn|54
|
|t:|1618426109
|switch|p1a: Ho-Oh|Ho-Oh|88/100 tox
|move|p2a: Yveltal|Taunt|p1a: Ho-Oh
|-start|p1a: Ho-Oh|move: Taunt
|
|-damage|p2a: Yveltal|88/100 brn|[from] brn
|-damage|p1a: Ho-Oh|82/100 tox|[from] psn
|upkeep
|turn|55
|
|t:|1618426113
|switch|p1a: Ditto|Ditto|76/100
|-damage|p1a: Ditto|63/100|[from] Stealth Rock
|-transform|p1a: Ditto|p2a: Yveltal|[from] ability: Imposter
|-ability|p1a: Ditto|Dark Aura
|move|p2a: Yveltal|Oblivion Wing|p1a: Ditto
|-damage|p1a: Ditto|25/100
|-heal|p2a: Yveltal|100/100 brn|[from] drain|[of] p1a: Ditto
|
|-damage|p2a: Yveltal|94/100 brn|[from] brn
|upkeep
|turn|56
|
|t:|1618426131
|move|p1a: Ditto|Roost|p1a: Ditto
|-heal|p1a: Ditto|75/100
|-singleturn|p1a: Ditto|move: Roost
|move|p2a: Yveltal|Oblivion Wing|p1a: Ditto
|-damage|p1a: Ditto|37/100
|-heal|p2a: Yveltal|100/100 brn|[from] drain|[of] p1a: Ditto
|
|-damage|p2a: Yveltal|94/100 brn|[from] brn
|upkeep
|turn|57
|
|t:|1618426134
|move|p1a: Ditto|Roost|p1a: Ditto
|-heal|p1a: Ditto|87/100
|-singleturn|p1a: Ditto|move: Roost
|move|p2a: Yveltal|Oblivion Wing|p1a: Ditto
|-crit|p1a: Ditto
|-damage|p1a: Ditto|26/100
|-heal|p2a: Yveltal|100/100 brn|[from] drain|[of] p1a: Ditto
|
|-damage|p2a: Yveltal|94/100 brn|[from] brn
|upkeep
|turn|58
|
|t:|1618426136
|move|p1a: Ditto|Roost|p1a: Ditto
|-heal|p1a: Ditto|76/100
|-singleturn|p1a: Ditto|move: Roost
|move|p2a: Yveltal|Oblivion Wing|p1a: Ditto
|-damage|p1a: Ditto|35/100
|-heal|p2a: Yveltal|100/100 brn|[from] drain|[of] p1a: Ditto
|
|-damage|p2a: Yveltal|94/100 brn|[from] brn
|upkeep
|turn|59
|j|%Nevelle†
|
|t:|1618426140
|move|p1a: Ditto|Roost|p1a: Ditto
|-heal|p1a: Ditto|85/100
|-singleturn|p1a: Ditto|move: Roost
|move|p2a: Yveltal|Oblivion Wing|p1a: Ditto
|-damage|p1a: Ditto|43/100
|-heal|p2a: Yveltal|100/100 brn|[from] drain|[of] p1a: Ditto
|
|-damage|p2a: Yveltal|94/100 brn|[from] brn
|upkeep
|turn|60
|
|t:|1618426146
|switch|p1a: Ho-Oh|Ho-Oh|100/100 tox
|move|p2a: Yveltal|Oblivion Wing|p1a: Ho-Oh
|-damage|p1a: Ho-Oh|80/100 tox
|-heal|p2a: Yveltal|100/100 brn|[from] drain|[of] p1a: Ho-Oh
|
|-damage|p2a: Yveltal|94/100 brn|[from] brn
|-damage|p1a: Ho-Oh|74/100 tox|[from] psn
|upkeep
|turn|61
|
|t:|1618426155
|switch|p1a: Rayquaza|Rayquaza|100/100
|-damage|p1a: Rayquaza|76/100|[from] Stealth Rock
|-ability|p1a: Rayquaza|Air Lock
|move|p2a: Yveltal|Taunt|p1a: Rayquaza
|-start|p1a: Rayquaza|move: Taunt
|
|-damage|p2a: Yveltal|88/100 brn|[from] brn
|upkeep
|turn|62
|
|t:|1618426175
|switch|p1a: Ho-Oh|Ho-Oh|100/100 tox
|-start|p2a: Yveltal|Dynamax
|-heal|p2a: Yveltal|88/100 brn|[silent]
|move|p2a: Yveltal|Max Airstream|p1a: Ho-Oh
|-damage|p1a: Ho-Oh|69/100 tox
|-boost|p2a: Yveltal|spe|1
|
|-damage|p2a: Yveltal|85/100 brn|[from] brn
|-damage|p1a: Ho-Oh|63/100 tox|[from] psn
|upkeep
|turn|63
|
|t:|1618426199
|move|p2a: Yveltal|Max Airstream|p1a: Ho-Oh
|-damage|p1a: Ho-Oh|33/100 tox
|-boost|p2a: Yveltal|spe|1
|move|p1a: Ho-Oh|Sacred Fire|p2a: Yveltal
|-damage|p2a: Yveltal|70/100 brn
|
|-damage|p2a: Yveltal|67/100 brn|[from] brn
|-damage|p1a: Ho-Oh|20/100 tox|[from] psn
|upkeep
|turn|64
|
|t:|1618426210
|switch|p1a: Arceus|Arceus-Dark|70/100
|-damage|p1a: Arceus|57/100|[from] Stealth Rock
|move|p2a: Yveltal|Max Darkness|p1a: Arceus
|-resisted|p1a: Arceus
|-damage|p1a: Arceus|48/100
|-unboost|p1a: Arceus|spd|1
|
|-damage|p2a: Yveltal|64/100 brn|[from] brn
|-end|p2a: Yveltal|Dynamax
|-heal|p2a: Yveltal|64/100 brn|[silent]
|upkeep
|turn|65
|l| Frito135 ❤
|
|t:|1618426226
|switch|p1a: Ho-Oh|Ho-Oh|54/100 tox
|move|p2a: Yveltal|Oblivion Wing|p1a: Ho-Oh
|-damage|p1a: Ho-Oh|35/100 tox
|-heal|p2a: Yveltal|78/100 brn|[from] drain|[of] p1a: Ho-Oh
|
|-damage|p2a: Yveltal|72/100 brn|[from] brn
|-damage|p1a: Ho-Oh|28/100 tox|[from] psn
|upkeep
|turn|66
|inactive|Profe$$or Oak has 120 seconds left.
|
|t:|1618426248
|move|p2a: Yveltal|Oblivion Wing|p1a: Ho-Oh
|-damage|p1a: Ho-Oh|10/100 tox
|-heal|p2a: Yveltal|85/100 brn|[from] drain|[of] p1a: Ho-Oh
|move|p1a: Ho-Oh|Sacred Fire|p2a: Yveltal
|-damage|p2a: Yveltal|54/100 brn
|
|-damage|p2a: Yveltal|48/100 brn|[from] brn
|-damage|p1a: Ho-Oh|0 fnt|[from] psn
|faint|p1a: Ho-Oh
|upkeep
|
|t:|1618426257
|switch|p1a: Rayquaza|Rayquaza|76/100
|-damage|p1a: Rayquaza|51/100|[from] Stealth Rock
|-ability|p1a: Rayquaza|Air Lock
|turn|67
|
|t:|1618426262
|detailschange|p1a: Rayquaza|Rayquaza-Mega
|-mega|p1a: Rayquaza|Rayquaza|
|-weather|DeltaStream|[from] ability: Delta Stream|[of] p1a: Rayquaza
|move|p1a: Rayquaza|Extreme Speed|p2a: Yveltal
|-damage|p2a: Yveltal|13/100 brn
|-damage|p1a: Rayquaza|41/100|[from] item: Life Orb
|move|p2a: Yveltal|Oblivion Wing|p1a: Rayquaza
|-damage|p1a: Rayquaza|7/100
|-heal|p2a: Yveltal|34/100 brn|[from] drain|[of] p1a: Rayquaza
|
|-weather|DeltaStream|[upkeep]
|-damage|p2a: Yveltal|28/100 brn|[from] brn
|upkeep
|turn|68
|
|t:|1618426282
|move|p2a: Yveltal|Oblivion Wing|p1a: Rayquaza
|-damage|p1a: Rayquaza|0 fnt
|-heal|p2a: Yveltal|32/100 brn|[from] drain|[of] p1a: Rayquaza
|faint|p1a: Rayquaza
|-weather|none
|
|-damage|p2a: Yveltal|26/100 brn|[from] brn
|upkeep
|
|t:|1618426284
|switch|p1a: Ditto|Ditto|43/100
|-damage|p1a: Ditto|31/100|[from] Stealth Rock
|-transform|p1a: Ditto|p2a: Yveltal|[from] ability: Imposter
|-ability|p1a: Ditto|Dark Aura
|turn|69
|
|t:|1618426288
|move|p1a: Ditto|Oblivion Wing|p2a: Yveltal
|-damage|p2a: Yveltal|0 fnt
|-heal|p1a: Ditto|58/100|[from] drain|[of] p2a: Yveltal
|faint|p2a: Yveltal
|
|upkeep
|
|t:|1618426298
|switch|p2a: Necrozma|Necrozma-Dusk-Mane|100/100
|-damage|p2a: Necrozma|94/100|[from] Stealth Rock
|turn|70
|
|t:|1618426313
|switch|p1a: Necrozma|Necrozma-Dusk-Mane|75/100
|-damage|p1a: Necrozma|69/100|[from] Stealth Rock
|switch|p2a: Ho-Oh|Ho-Oh|56/100 tox
|
|-damage|p2a: Ho-Oh|50/100 tox|[from] psn
|upkeep
|turn|71
|
|t:|1618426326
|switch|p2a: Groudon|Groudon-Primal|100/100
|-damage|p2a: Groudon|88/100|[from] Stealth Rock
|-weather|DesolateLand|[from] ability: Desolate Land|[of] p2a: Groudon
|move|p1a: Necrozma|Knock Off|p2a: Groudon
|-damage|p2a: Groudon|73/100
|
|-weather|DesolateLand|[upkeep]
|upkeep
|turn|72
|n| anythingwon'tgo|outknb
|
|t:|1618426340
|move|p2a: Groudon|Eruption|p1a: Necrozma
|-supereffective|p1a: Necrozma
|-damage|p1a: Necrozma|0 fnt
|faint|p1a: Necrozma
|
|-weather|DesolateLand|[upkeep]
|upkeep
|
|t:|1618426347
|switch|p1a: Ditto|Ditto|58/100
|-damage|p1a: Ditto|45/100|[from] Stealth Rock
|-transform|p1a: Ditto|p2a: Groudon|[from] ability: Imposter
|turn|73
|n| anythingwon'tgo|anythingwontgo
|inactive|default0 has 120 seconds left.
|
|t:|1618426380
|switch|p2a: Ho-Oh|Ho-Oh|83/100 tox
|move|p1a: Ditto|Precipice Blades|p2a: Ho-Oh
|-immune|p2a: Ho-Oh
|
|-weather|DesolateLand|[upkeep]
|-damage|p2a: Ho-Oh|77/100 tox|[from] psn
|upkeep
|turn|74
|j| skylinkAG
|j| crystalizerix
|
|t:|1618426384
|-weather|none
|switch|p1a: Arceus|Arceus-Dark|48/100
|-damage|p1a: Arceus|36/100|[from] Stealth Rock
|move|p2a: Ho-Oh|Toxic|p1a: Arceus
|-status|p1a: Arceus|tox
|
|-damage|p1a: Arceus|30/100 tox|[from] psn
|-damage|p2a: Ho-Oh|65/100 tox|[from] psn
|upkeep
|turn|75
|
|t:|1618426390
|switch|p2a: Marshadow|Marshadow|100/100
|-damage|p2a: Marshadow|94/100|[from] Stealth Rock
|move|p1a: Arceus|Recover|p1a: Arceus
|-heal|p1a: Arceus|80/100 tox
|
|-damage|p1a: Arceus|67/100 tox|[from] psn
|upkeep
|turn|76
|l|%Mbouchon
|
|t:|1618426412
|switch|p1a: Ditto|Ditto|45/100
|-damage|p1a: Ditto|33/100|[from] Stealth Rock
|-transform|p1a: Ditto|p2a: Marshadow|[from] ability: Imposter
|move|p2a: Marshadow|Close Combat|p1a: Ditto
|-immune|p1a: Ditto
|
|upkeep
|turn|77
|
|t:|1618426421
|switch|p1a: Arceus|Arceus-Dark|67/100 tox
|-damage|p1a: Arceus|55/100 tox|[from] Stealth Rock
|switch|p2a: Necrozma|Necrozma-Dusk-Mane|94/100
|-damage|p2a: Necrozma|88/100|[from] Stealth Rock
|
|-damage|p1a: Arceus|49/100 tox|[from] psn
|upkeep
|turn|78
|
|t:|1618426432
|switch|p2a: Marshadow|Marshadow|94/100
|-damage|p2a: Marshadow|88/100|[from] Stealth Rock
|move|p1a: Arceus|Judgment|p2a: Marshadow
|-damage|p2a: Marshadow|37/100
|
|-damage|p1a: Arceus|37/100 tox|[from] psn
|upkeep
|turn|79
|l| crystalizerix
|
|t:|1618426445
|move|p2a: Marshadow|Close Combat|p1a: Arceus
|-supereffective|p1a: Arceus
|-damage|p1a: Arceus|0 fnt
|-unboost|p2a: Marshadow|def|1
|-unboost|p2a: Marshadow|spd|1
|-damage|p2a: Marshadow|27/100|[from] item: Life Orb
|faint|p1a: Arceus
|
|upkeep
|c|☆default0|gg
|c|☆Profe$$or Oak|Gg
|
|t:|1618426450
|switch|p1a: Ditto|Ditto|33/100
|-damage|p1a: Ditto|21/100|[from] Stealth Rock
|-transform|p1a: Ditto|p2a: Marshadow|[from] ability: Imposter
|turn|80
|
|t:|1618426458
|move|p1a: Ditto|Shadow Sneak|p2a: Marshadow
|-supereffective|p2a: Marshadow
|-damage|p2a: Marshadow|0 fnt
|faint|p2a: Marshadow
|
|upkeep
|j|%Mbouchon
|
|t:|1618426477
|switch|p2a: Necrozma|Necrozma-Dusk-Mane|88/100
|-damage|p2a: Necrozma|82/100|[from] Stealth Rock
|turn|81
|
|t:|1618426480
|move|p1a: Ditto|Shadow Sneak|p2a: Necrozma
|-supereffective|p2a: Necrozma
|-damage|p2a: Necrozma|59/100
|-damage|p1a: Ditto|4/100|[from] item: Rocky Helmet|[of] p2a: Necrozma
|move|p2a: Necrozma|Sunsteel Strike|p1a: Ditto
|-damage|p1a: Ditto|0 fnt
|faint|p1a: Ditto
|
|win|default0
|n|☆Profe$$or Oak|profeoroak
|n|☆default0|default0
|n| Nevelle†|nevelle
|n| anythingwon'tgo|anythingwontgo
|n| skylinkAG|skylinkag
|n| Mbouchon|mbouchon
