|j|☆chippytreatz
|j|☆Epitoneim
|t:|1651355056
|gametype|singles
|player|p1|chippytreatz|veteran|1881
|player|p2|Epitoneim|170|1750
|teamsize|p1|6
|teamsize|p2|6
|gen|8
|tier|[Gen 8] National Dex AG
|rated|
|rule|HP Percentage Mod: HP is shown in percentages
|rule|Endless Battle Clause: Forcing endless battles is banned
|clearpoke
|poke|p1|Zacian-*|
|poke|p1|Arceus-*|
|poke|p1|Arceus-*|
|poke|p1|Yveltal|
|poke|p1|Ditto|
|poke|p1|Necrozma-Dusk-Mane|
|poke|p2|Xerneas-*|
|poke|p2|Grimmsnarl, M|
|poke|p2|Arceus-*|
|poke|p2|Klefki, M|
|poke|p2|Eternatus|
|poke|p2|Magearna|
|teampreview
|inactive|Battle timer is ON: inactive players will automatically lose when time's up. (requested by Epitoneim)
|c|☆Epitoneim|glhf
|
|t:|1651355070
|start
|switch|p1a: Arceus|Arceus-Ground|100/100
|switch|p2a: Grimmsnarl|Grimmsnarl, M|100/100
|turn|1
|
|t:|1651355077
|move|p1a: Arceus|Magic Coat|p1a: Arceus
|-singleturn|p1a: Arceus|move: Magic Coat
|move|p2a: Grimmsnarl|Light Screen|p2a: Grimmsnarl
|-sidestart|p2: Epitoneim|move: Light Screen
|
|upkeep
|turn|2
|
|t:|1651355081
|move|p2a: Grimmsnarl|Taunt|p1a: Arceus
|-start|p1a: Arceus|move: Taunt
|move|p1a: Arceus|Earth Power|p2a: Grimmsnarl
|-damage|p2a: Grimmsnarl|75/100
|
|upkeep
|turn|3
|
|t:|1651355085
|move|p2a: Grimmsnarl|Reflect|p2a: Grimmsnarl
|-sidestart|p2: Epitoneim|Reflect
|move|p1a: Arceus|Earth Power|p2a: Grimmsnarl
|-damage|p2a: Grimmsnarl|46/100
|
|upkeep
|turn|4
|
|t:|1651355094
|switch|p2a: Magearna|Magearna|100/100
|move|p1a: Arceus|Earth Power|p2a: Magearna
|-supereffective|p2a: Magearna
|-damage|p2a: Magearna|59/100
|-enditem|p2a: Magearna|Weakness Policy
|-boost|p2a: Magearna|atk|2|[from] item: Weakness Policy
|-boost|p2a: Magearna|spa|2|[from] item: Weakness Policy
|
|-end|p1a: Arceus|move: Taunt
|upkeep
|turn|5
|
|t:|1651355107
|-zpower|p1a: Arceus
|move|p1a: Arceus|Tectonic Rage|p2a: Magearna|[zeffect]
|-supereffective|p2a: Magearna
|-damage|p2a: Magearna|0 fnt
|faint|p2a: Magearna
|
|upkeep
|
|t:|1651355114
|switch|p2a: Arceus|Arceus|100/100
|turn|6
|
|t:|1651355119
|move|p1a: Arceus|Stealth Rock|p2a: Arceus
|-sidestart|p2: Epitoneim|move: Stealth Rock
|move|p2a: Arceus|Swords Dance|p2a: Arceus
|-boost|p2a: Arceus|atk|2
|
|upkeep
|turn|7
|
|t:|1651355127
|move|p1a: Arceus|Earth Power|p2a: Arceus
|-crit|p2a: Arceus
|-damage|p2a: Arceus|49/100
|move|p2a: Arceus|Swords Dance|p2a: Arceus
|-boost|p2a: Arceus|atk|2
|
|upkeep
|turn|8
|
|t:|1651355131
|move|p1a: Arceus|Earth Power|p2a: Arceus
|-damage|p2a: Arceus|33/100
|move|p2a: Arceus|Recover|p2a: Arceus
|-heal|p2a: Arceus|83/100
|
|-sideend|p2: Epitoneim|move: Light Screen
|upkeep
|turn|9
|
|t:|1651355136
|move|p2a: Arceus|Extreme Speed|p1a: Arceus
|-damage|p1a: Arceus|0 fnt
|faint|p1a: Arceus
|-damage|p2a: Arceus|73/100|[from] item: Life Orb
|
|upkeep
|
|t:|1651355140
|switch|p1a: Zacian|Zacian-Crowned|100/100
|-ability|p1a: Zacian|Intrepid Sword|boost
|-boost|p1a: Zacian|atk|1
|turn|10
|
|t:|1651355161
|move|p1a: Zacian|Close Combat|p2a: Arceus
|-supereffective|p2a: Arceus
|-damage|p2a: Arceus|23/100
|-unboost|p1a: Zacian|def|1
|-unboost|p1a: Zacian|spd|1
|move|p2a: Arceus|Earthquake|p1a: Zacian
|-supereffective|p1a: Zacian
|-damage|p1a: Zacian|0 fnt
|faint|p1a: Zacian
|-damage|p2a: Arceus|13/100|[from] item: Life Orb
|
|-sideend|p2: Epitoneim|Reflect
|upkeep
|
|t:|1651355171
|switch|p1a: Ditto|Ditto|100/100
|-transform|p1a: Ditto|p2a: Arceus|[from] ability: Imposter
|turn|11
|
|t:|1651355178
|move|p1a: Ditto|Extreme Speed|p2a: Arceus
|-damage|p2a: Arceus|0 fnt
|faint|p2a: Arceus
|
|upkeep
|
|t:|1651355188
|switch|p2a: Klefki|Klefki, M|100/100
|-damage|p2a: Klefki|95/100|[from] Stealth Rock
|turn|12
|
|t:|1651355191
|-start|p1a: Ditto|Dynamax|
|-heal|p1a: Ditto|100/100|[silent]
|move|p2a: Klefki|Thunder Wave|p1a: Ditto
|-status|p1a: Ditto|par
|move|p1a: Ditto|Max Quake|p2a: Klefki
|-supereffective|p2a: Klefki
|-damage|p2a: Klefki|0 fnt
|-boost|p1a: Ditto|spd|1
|faint|p2a: Klefki
|
|upkeep
|
|t:|1651355211
|switch|p2a: Grimmsnarl|Grimmsnarl, M|46/100
|-damage|p2a: Grimmsnarl|34/100|[from] Stealth Rock
|turn|13
|
|t:|1651355214
|move|p2a: Grimmsnarl|Reflect|p2a: Grimmsnarl
|-sidestart|p2: Epitoneim|Reflect
|move|p1a: Ditto|Max Strike|p2a: Grimmsnarl
|-damage|p2a: Grimmsnarl|0 fnt
|faint|p2a: Grimmsnarl
|
|upkeep
|
|t:|1651355223
|switch|p2a: Eternatus|Eternatus|100/100
|-damage|p2a: Eternatus|88/100|[from] Stealth Rock
|-ability|p2a: Eternatus|Pressure
|turn|14
|
|t:|1651355226
|move|p2a: Eternatus|Dynamax Cannon|p1a: Ditto
|-damage|p1a: Ditto|52/100 par
|-damage|p2a: Eternatus|78/100|[from] item: Life Orb
|cant|p1a: Ditto|par
|
|upkeep
|-end|p1a: Ditto|Dynamax
|-heal|p1a: Ditto|52/100 par|[silent]
|turn|15
|
|t:|1651355238
|move|p1a: Ditto|Extreme Speed|p2a: Eternatus
|-crit|p2a: Eternatus
|-damage|p2a: Eternatus|0 fnt
|faint|p2a: Eternatus
|
|upkeep
|
|t:|1651355241
|switch|p2a: Xerneas|Xerneas|100/100
|-damage|p2a: Xerneas|88/100|[from] Stealth Rock
|-ability|p2a: Xerneas|Fairy Aura
|turn|16
|
|t:|1651355244
|move|p1a: Ditto|Extreme Speed|p2a: Xerneas
|-damage|p2a: Xerneas|32/100
|move|p2a: Xerneas|Geomancy||[still]
|-prepare|p2a: Xerneas|Geomancy
|-enditem|p2a: Xerneas|Power Herb
|-anim|p2a: Xerneas|Geomancy|p2a: Xerneas
|-boost|p2a: Xerneas|spa|2
|-boost|p2a: Xerneas|spd|2
|-boost|p2a: Xerneas|spe|2
|
|upkeep
|turn|17
|
|t:|1651355252
|-start|p2a: Xerneas|Dynamax|
|-heal|p2a: Xerneas|32/100|[silent]
|move|p2a: Xerneas|Max Flare|p1a: Ditto
|-damage|p1a: Ditto|2/100 par
|-weather|SunnyDay
|-activate|p1a: Ditto|move: Struggle
|move|p1a: Ditto|Struggle|p2a: Xerneas
|-crit|p2a: Xerneas
|-damage|p2a: Xerneas|0 fnt
|faint|p2a: Xerneas
|-damage|p1a: Ditto|0 fnt|[from] recoil
|faint|p1a: Ditto
|
|win|chippytreatz
|raw|chippytreatz's rating: 1881 &rarr; <strong>1894</strong><br />(+13 for winning)
|raw|Epitoneim's rating: 1750 &rarr; <strong>1737</strong><br />(-13 for losing)
|c|☆Epitoneim|Critical hit
|c|☆Epitoneim|critical hit struggle
|c|☆Epitoneim|what the fuck game
|c|☆Epitoneim|why do you hate me
|l|☆Epitoneim
||Ladder isn't responding, score probably updated but might not have (Request timeout).
