|j|☆CLEAR GEM清瑜
|j|☆MVP2536
|t:|1664001246
|gametype|singles
|player|p1|CLEAR GEM清瑜|skierf|1822
|player|p2|MVP2536|giovanni|1839
|teamsize|p1|6
|teamsize|p2|6
|gen|8
|tier|[Gen 8] National Dex AG
|rated|
|rule|HP Percentage Mod: HP is shown in percentages
|rule|Endless Battle Clause: Forcing endless battles is banned
|clearpoke
|poke|p1|Rayquaza|
|poke|p1|Groudon|
|poke|p1|Necrozma-Dusk-Mane|
|poke|p1|Arceus-*|
|poke|p1|Zacian-*|
|poke|p1|Yveltal|
|poke|p2|Groudon|
|poke|p2|Aegislash, M|
|poke|p2|Rotom-Wash|
|poke|p2|Scrafty, M|
|poke|p2|Whimsicott, F|
|poke|p2|Ditto|
|teampreview
|inactive|Battle timer is ON: inactive players will automatically lose when time's up. (requested by CLEAR GEM清瑜)
|
|t:|1664001254
|start
|switch|p1a: 不会(?)|Groudon|100/100
|switch|p2a: Ditto|Ditto|100/100
|-transform|p2a: Ditto|p1a: 不会(?)|[from] ability: Imposter
|-weather|SunnyDay|[from] ability: Drought|[of] p2a: Ditto
|detailschange|p1a: 不会(?)|Groudon-Primal
|-primal|p1a: 不会(?)
|-weather|DesolateLand|[from] ability: Desolate Land|[of] p1a: 不会(?)
|turn|1
|
|t:|1664001264
|move|p2a: Ditto|Precipice Blades|p1a: 不会(?)
|-supereffective|p1a: 不会(?)
|-damage|p1a: 不会(?)|13/100
|move|p1a: 不会(?)|Stealth Rock|p2a: Ditto
|-sidestart|p2: MVP2536|move: Stealth Rock
|
|-weather|DesolateLand|[upkeep]
|upkeep
|turn|2
|
|t:|1664001270
|switch|p2a: Rotom|Rotom-Wash|100/100
|-damage|p2a: Rotom|88/100|[from] Stealth Rock
|-weather|none
|switch|p1a: 悬空羊驼|Arceus-Flying|100/100
|
|upkeep
|turn|3
|
|t:|1664001274
|move|p1a: 悬空羊驼|Calm Mind|p1a: 悬空羊驼
|-boost|p1a: 悬空羊驼|spa|1
|-boost|p1a: 悬空羊驼|spd|1
|move|p2a: Rotom|Toxic|p1a: 悬空羊驼
|-status|p1a: 悬空羊驼|tox
|
|-damage|p1a: 悬空羊驼|94/100 tox|[from] psn
|upkeep
|turn|4
|
|t:|1664001281
|-start|p1a: 悬空羊驼|Dynamax|
|-heal|p1a: 悬空羊驼|94/100 tox|[silent]
|move|p1a: 悬空羊驼|Max Airstream|p2a: Rotom
|-resisted|p2a: Rotom
|-damage|p2a: Rotom|20/100
|-boost|p1a: 悬空羊驼|spe|1
|move|p2a: Rotom|Volt Switch|p1a: 悬空羊驼
|-supereffective|p1a: 悬空羊驼
|-damage|p1a: 悬空羊驼|83/100 tox
|
|t:|1664001292
|switch|p2a: Aegislash|Aegislash, M|100/100|[from]move: Volt Switch
|-damage|p2a: Aegislash|94/100|[from] Stealth Rock
|
|-heal|p2a: Aegislash|100/100|[from] item: Leftovers
|-damage|p1a: 悬空羊驼|77/100 tox|[from] psn
|upkeep
|turn|5
|
|t:|1664001299
|move|p2a: Aegislash|King's Shield|p2a: Aegislash
|-singleturn|p2a: Aegislash|Protect
|move|p1a: 悬空羊驼|Max Airstream|p2a: Aegislash
|-resisted|p2a: Aegislash
|-zbroken|p2a: Aegislash
|-damage|p2a: Aegislash|87/100
|-boost|p1a: 悬空羊驼|spe|1
|
|-heal|p2a: Aegislash|93/100|[from] item: Leftovers
|-damage|p1a: 悬空羊驼|68/100 tox|[from] psn
|upkeep
|turn|6
|
|t:|1664001311
|move|p1a: 悬空羊驼|Max Quake|p2a: Aegislash
|-supereffective|p2a: Aegislash
|-damage|p2a: Aegislash|0 fnt
|-boost|p1a: 悬空羊驼|spd|1
|faint|p2a: Aegislash
|
|-damage|p1a: 悬空羊驼|56/100 tox|[from] psn
|upkeep
|
|t:|1664001319
|switch|p2a: Ditto|Ditto|100/100
|-damage|p2a: Ditto|88/100|[from] Stealth Rock
|-transform|p2a: Ditto|p1a: 悬空羊驼|[from] ability: Imposter
|-end|p1a: 悬空羊驼|Dynamax
|-heal|p1a: 悬空羊驼|56/100 tox|[silent]
|turn|7
|
|t:|1664001326
|move|p2a: Ditto|Judgment|p1a: 悬空羊驼
|-damage|p1a: 悬空羊驼|38/100 tox
|move|p1a: 悬空羊驼|Judgment|p2a: Ditto
|-damage|p2a: Ditto|43/100
|
|-damage|p1a: 悬空羊驼|8/100 tox|[from] psn
|upkeep
|turn|8
|
|t:|1664001334
|move|p2a: Ditto|Judgment|p1a: 悬空羊驼
|-damage|p1a: 悬空羊驼|0 fnt
|faint|p1a: 悬空羊驼
|
|upkeep
|
|t:|1664001336
|switch|p1a: 老烈|Rayquaza, shiny|100/100
|-ability|p1a: 老烈|Air Lock
|turn|9
|
|t:|1664001357
|detailschange|p1a: 老烈|Rayquaza-Mega, shiny
|-mega|p1a: 老烈|Rayquaza|
|-weather|DeltaStream|[from] ability: Delta Stream|[of] p1a: 老烈
|-start|p2a: Ditto|Dynamax|
|-heal|p2a: Ditto|43/100|[silent]
|move|p2a: Ditto|Max Strike|p1a: 老烈
|-damage|p1a: 老烈|32/100
|-unboost|p1a: 老烈|spe|1
|move|p1a: 老烈|Dragon Ascent|p2a: Ditto
|-damage|p2a: Ditto|0 fnt
|-unboost|p1a: 老烈|def|1
|-unboost|p1a: 老烈|spd|1
|faint|p2a: Ditto
|
|-weather|DeltaStream|[upkeep]
|upkeep
|
|t:|1664001371
|switch|p2a: Whimsicott|Whimsicott, F|100/100
|turn|10
|
|t:|1664001374
|move|p1a: 老烈|Extreme Speed|p2a: Whimsicott
|-damage|p2a: Whimsicott|43/100
|move|p2a: Whimsicott|Moonblast|p1a: 老烈
|-supereffective|p1a: 老烈
|-damage|p1a: 老烈|0 fnt
|faint|p1a: 老烈
|-weather|none
|
|upkeep
|
|t:|1664001381
|switch|p1a: 嘉然小姐的狗|Zacian-Crowned|100/100
|-ability|p1a: 嘉然小姐的狗|Intrepid Sword|boost
|-boost|p1a: 嘉然小姐的狗|atk|1
|turn|11
|
|t:|1664001395
|switch|p2a: garbage|Groudon|100/100
|-damage|p2a: garbage|94/100|[from] Stealth Rock
|detailschange|p2a: garbage|Groudon-Primal
|-primal|p2a: garbage
|-weather|DesolateLand|[from] ability: Desolate Land|[of] p2a: garbage
|move|p1a: 嘉然小姐的狗|Close Combat|p2a: garbage
|-damage|p2a: garbage|53/100
|-unboost|p1a: 嘉然小姐的狗|def|1
|-unboost|p1a: 嘉然小姐的狗|spd|1
|
|-weather|DesolateLand|[upkeep]
|upkeep
|turn|12
|
|t:|1664001398
|switch|p1a: 不会(?)|Groudon-Primal|13/100
|move|p2a: garbage|Rest|p2a: garbage
|-status|p2a: garbage|slp|[from] move: Rest
|-heal|p2a: garbage|100/100 slp|[silent]
|
|-weather|DesolateLand|[upkeep]
|upkeep
|turn|13
|
|t:|1664001404
|switch|p2a: Rotom|Rotom-Wash|20/100
|-damage|p2a: Rotom|8/100|[from] Stealth Rock
|move|p1a: 不会(?)|Precipice Blades|p2a: Rotom
|-immune|p2a: Rotom|[from] ability: Levitate
|
|-weather|DesolateLand|[upkeep]
|upkeep
|turn|14
|
|t:|1664001411
|move|p1a: 不会(?)|Heat Crash|p2a: Rotom
|-resisted|p2a: Rotom
|-damage|p2a: Rotom|0 fnt
|-damage|p1a: 不会(?)|0 fnt|[from] item: Rocky Helmet|[of] p2a: Rotom
|faint|p2a: Rotom
|faint|p1a: 不会(?)
|-weather|none
|
|upkeep
|
|t:|1664001420
|switch|p1a: 嘉然小姐的狗|Zacian-Crowned|100/100
|switch|p2a: Whimsicott|Whimsicott, F|43/100
|-ability|p1a: 嘉然小姐的狗|Intrepid Sword|boost
|-boost|p1a: 嘉然小姐的狗|atk|1
|turn|15
|
|t:|1664001424
|switch|p2a: garbage|Groudon-Primal|100/100 slp
|-damage|p2a: garbage|88/100 slp|[from] Stealth Rock
|-weather|DesolateLand|[from] ability: Desolate Land|[of] p2a: garbage
|move|p1a: 嘉然小姐的狗|Behemoth Blade|p2a: garbage
|-resisted|p2a: garbage
|-damage|p2a: garbage|62/100 slp
|
|-weather|DesolateLand|[upkeep]
|upkeep
|turn|16
|
|t:|1664001427
|move|p1a: 嘉然小姐的狗|Behemoth Blade|p2a: garbage
|-resisted|p2a: garbage
|-damage|p2a: garbage|38/100 slp
|cant|p2a: garbage|slp
|move|p2a: garbage|Sleep Talk|p2a: garbage
|move|p2a: garbage|Heat Crash|p1a: 嘉然小姐的狗|[from]move: Sleep Talk
|-supereffective|p1a: 嘉然小姐的狗
|-damage|p1a: 嘉然小姐的狗|15/100
|
|-weather|DesolateLand|[upkeep]
|upkeep
|turn|17
|
|t:|1664001434
|move|p1a: 嘉然小姐的狗|Close Combat|p2a: garbage
|-damage|p2a: garbage|0 fnt
|-unboost|p1a: 嘉然小姐的狗|def|1
|-unboost|p1a: 嘉然小姐的狗|spd|1
|faint|p2a: garbage
|-weather|none
|
|upkeep
|
|t:|1664001445
|switch|p2a: Scrafty|Scrafty, M|100/100
|-damage|p2a: Scrafty|95/100|[from] Stealth Rock
|turn|18
|
|t:|1664001449
|move|p1a: 嘉然小姐的狗|Quick Attack|p2a: Scrafty
|-damage|p2a: Scrafty|73/100
|move|p2a: Scrafty|Drain Punch|p1a: 嘉然小姐的狗
|-damage|p1a: 嘉然小姐的狗|0 fnt
|-heal|p2a: Scrafty|81/100|[from] drain|[of] p1a: 嘉然小姐的狗
|faint|p1a: 嘉然小姐的狗
|
|upkeep
|
|t:|1664001452
|switch|p1a: Y鸟|Yveltal|100/100
|-ability|p1a: Y鸟|Dark Aura
|turn|19
|
|t:|1664001462
|move|p1a: Y鸟|Oblivion Wing|p2a: Scrafty
|-supereffective|p2a: Scrafty
|-damage|p2a: Scrafty|20/100
|-damage|p1a: Y鸟|91/100|[from] item: Life Orb
|move|p2a: Scrafty|Ice Punch|p1a: Y鸟
|-supereffective|p1a: Y鸟
|-damage|p1a: Y鸟|54/100
|
|upkeep
|turn|20
|
|t:|1664001466
|move|p1a: Y鸟|Oblivion Wing|p2a: Scrafty
|-supereffective|p2a: Scrafty
|-damage|p2a: Scrafty|0 fnt
|-heal|p1a: Y鸟|66/100|[from] drain|[of] p2a: Scrafty
|faint|p2a: Scrafty
|-damage|p1a: Y鸟|57/100|[from] item: Life Orb
|
|upkeep
|
|t:|1664001468
|switch|p2a: Whimsicott|Whimsicott, F|43/100
|turn|21
|
|t:|1664001472
|move|p2a: Whimsicott|Moonblast|p1a: Y鸟
|-supereffective|p1a: Y鸟
|-damage|p1a: Y鸟|0 fnt
|faint|p1a: Y鸟
|
|upkeep
|
|t:|1664001474
|switch|p1a: 钢铁之躯|Necrozma-Dusk-Mane|100/100
|turn|22
|
|t:|1664001478
|move|p2a: Whimsicott|Stun Spore|p1a: 钢铁之躯|[miss]
|-miss|p2a: Whimsicott|p1a: 钢铁之躯
|move|p1a: 钢铁之躯|Photon Geyser|p2a: Whimsicott
|-damage|p2a: Whimsicott|0 fnt
|faint|p2a: Whimsicott
|
|win|CLEAR GEM清瑜
|raw|CLEAR GEM清瑜's rating: 1822 &rarr; <strong>1843</strong><br />(+21 for winning)
|raw|MVP2536's rating: 1839 &rarr; <strong>1818</strong><br />(-21 for losing)
