|j|☆iopkj09
|j|☆Goku Uchiha 2001
|t:|1664515253
|gametype|singles
|player|p1|iopkj09|nate|1663
|player|p2|Goku Uchiha 2001|dawn|1857
|teamsize|p1|6
|teamsize|p2|6
|gen|8
|tier|[Gen 8] National Dex AG
|rated|
|rule|HP Percentage Mod: HP is shown in percentages
|rule|Endless Battle Clause: Forcing endless battles is banned
|clearpoke
|poke|p1|Yveltal|
|poke|p1|Xerneas-*|
|poke|p1|Rayquaza|
|poke|p1|Ditto|
|poke|p1|Melmetal|
|poke|p1|Cinderace, M|
|poke|p2|Ditto|
|poke|p2|Mawile, F|
|poke|p2|Yveltal|
|poke|p2|Arceus-*|
|poke|p2|Calyrex-Shadow|
|poke|p2|Arceus-*|
|teampreview
|inactive|Battle timer is ON: inactive players will automatically lose when time's up. (requested by iopkj09)
|
|t:|1664515265
|start
|switch|p1a: Rayquaza|Rayquaza|100/100
|switch|p2a: Arceus|Arceus-Fairy|100/100
|-ability|p1a: Rayquaza|Air Lock
|turn|1
|
|t:|1664515273
|switch|p1a: Cinderace|Cinderace, M|100/100
|move|p2a: Arceus|Stealth Rock|p1a: Cinderace
|-sidestart|p1: iopkj09|move: Stealth Rock
|
|upkeep
|turn|2
|
|t:|1664515277
|move|p1a: Cinderace|Pyro Ball|p2a: Arceus
|-damage|p2a: Arceus|60/100
|move|p2a: Arceus|Judgment|p1a: Cinderace
|-resisted|p1a: Cinderace
|-damage|p1a: Cinderace|64/100
|
|upkeep
|turn|3
|
|t:|1664515280
|move|p1a: Cinderace|Pyro Ball|p2a: Arceus
|-damage|p2a: Arceus|25/100
|move|p2a: Arceus|Recover|p2a: Arceus
|-heal|p2a: Arceus|75/100
|
|upkeep
|turn|4
|
|t:|1664515287
|move|p1a: Cinderace|Pyro Ball|p2a: Arceus
|-damage|p2a: Arceus|38/100
|move|p2a: Arceus|Toxic|p1a: Cinderace
|-status|p1a: Cinderace|tox
|
|-damage|p1a: Cinderace|58/100 tox|[from] psn
|upkeep
|turn|5
|
|t:|1664515290
|move|p1a: Cinderace|Pyro Ball|p2a: Arceus
|-damage|p2a: Arceus|0 fnt
|faint|p2a: Arceus
|
|-damage|p1a: Cinderace|47/100 tox|[from] psn
|upkeep
|
|t:|1664515308
|switch|p2a: Calyrex|Calyrex-Shadow|100/100
|-ability|p2a: Calyrex|As One
|-ability|p2a: Calyrex|Unnerve
|turn|6
|
|t:|1664515312
|move|p1a: Cinderace|Sucker Punch||[still]
|-fail|p1a: Cinderace
|move|p2a: Calyrex|Baton Pass|p2a: Calyrex
|
|t:|1664515316
|switch|p2a: Arceus|Arceus|100/100|[from]move: Baton Pass
|
|-damage|p1a: Cinderace|29/100 tox|[from] psn
|upkeep
|turn|7
|
|t:|1664515320
|move|p2a: Arceus|Extreme Speed|p1a: Cinderace
|-damage|p1a: Cinderace|0 fnt
|faint|p1a: Cinderace
|
|upkeep
|
|t:|1664515324
|switch|p1a: Melmetal|Melmetal, shiny|100/100
|-damage|p1a: Melmetal|94/100|[from] Stealth Rock
|turn|8
|j| cheese miestro
|
|t:|1664515354
|switch|p2a: Mawile|Mawile, F|100/100
|-ability|p2a: Mawile|Intimidate|boost
|-unboost|p1a: Melmetal|atk|1
|move|p1a: Melmetal|Double Iron Bash|p2a: Mawile
|-damage|p2a: Mawile|62/100
|-damage|p2a: Mawile|26/100
|-hitcount|p2a: Mawile|2
|
|upkeep
|turn|9
|inactive|Goku Uchiha 2001 has 120 seconds left.
|
|t:|1664515369
|move|p2a: Mawile|Baton Pass|p2a: Mawile
|
|t:|1664515371
|switch|p2a: Ditto|Ditto, shiny|100/100|[from]move: Baton Pass
|-transform|p2a: Ditto|p1a: Melmetal|[from] ability: Imposter
|move|p1a: Melmetal|Earthquake|p2a: Ditto
|-supereffective|p2a: Ditto
|-damage|p2a: Ditto|55/100
|
|upkeep
|turn|10
|
|t:|1664515383
|switch|p2a: Mawile|Mawile, F|26/100
|-ability|p2a: Mawile|Intimidate|boost
|-unboost|p1a: Melmetal|atk|1
|move|p1a: Melmetal|Earthquake|p2a: Mawile
|-supereffective|p2a: Mawile
|-damage|p2a: Mawile|0 fnt
|faint|p2a: Mawile
|
|upkeep
|
|t:|1664515391
|switch|p2a: Yveltal|Yveltal, shiny|100/100
|-ability|p2a: Yveltal|Dark Aura
|turn|11
|
|t:|1664515397
|move|p2a: Yveltal|Knock Off|p1a: Melmetal
|-damage|p1a: Melmetal|56/100
|-enditem|p1a: Melmetal|Assault Vest|[from] move: Knock Off|[of] p2a: Yveltal
|move|p1a: Melmetal|Thunder Punch|p2a: Yveltal
|-supereffective|p2a: Yveltal
|-damage|p2a: Yveltal|66/100
|
|upkeep
|turn|12
|
|t:|1664515405
|switch|p2a: Ditto|Ditto, shiny|55/100
|-transform|p2a: Ditto|p1a: Melmetal|[from] ability: Imposter
|move|p1a: Melmetal|Thunder Punch|p2a: Ditto
|-damage|p2a: Ditto|40/100
|-status|p2a: Ditto|par
|
|upkeep
|turn|13
|
|t:|1664515408
|move|p1a: Melmetal|Earthquake|p2a: Ditto
|-supereffective|p2a: Ditto
|-damage|p2a: Ditto|5/100 par
|move|p2a: Ditto|Earthquake|p1a: Melmetal
|-supereffective|p1a: Melmetal
|-crit|p1a: Melmetal
|-damage|p1a: Melmetal|0 fnt
|faint|p1a: Melmetal
|
|upkeep
|
|t:|1664515414
|switch|p1a: Yveltal|Yveltal, shiny|100/100
|-damage|p1a: Yveltal|76/100|[from] Stealth Rock
|-ability|p1a: Yveltal|Dark Aura
|turn|14
|
|t:|1664515417
|move|p1a: Yveltal|Oblivion Wing|p2a: Ditto
|-resisted|p2a: Ditto
|-crit|p2a: Ditto
|-damage|p2a: Ditto|0 fnt
|-heal|p1a: Yveltal|78/100|[from] drain|[of] p2a: Ditto
|faint|p2a: Ditto
|
|upkeep
|
|t:|1664515426
|switch|p2a: Arceus|Arceus|100/100
|turn|15
|
|t:|1664515436
|-start|p1a: Yveltal|Dynamax|
|-heal|p1a: Yveltal|78/100|[silent]
|-start|p2a: Arceus|Dynamax|
|-heal|p2a: Arceus|100/100|[silent]
|move|p1a: Yveltal|Max Airstream|p2a: Arceus
|-damage|p2a: Arceus|76/100
|-boost|p1a: Yveltal|spe|1
|move|p2a: Arceus|Max Strike|p1a: Yveltal
|-crit|p1a: Yveltal
|-damage|p1a: Yveltal|32/100
|-unboost|p1a: Yveltal|spe|1
|
|upkeep
|turn|16
|
|t:|1664515439
|move|p1a: Yveltal|Max Darkness|p2a: Arceus
|-damage|p2a: Arceus|43/100
|-unboost|p2a: Arceus|spd|1
|move|p2a: Arceus|Max Strike|p1a: Yveltal
|-damage|p1a: Yveltal|0 fnt
|faint|p1a: Yveltal
|
|upkeep
|
|t:|1664515450
|switch|p1a: Rayquaza|Rayquaza|100/100
|-damage|p1a: Rayquaza|75/100|[from] Stealth Rock
|-ability|p1a: Rayquaza|Air Lock
|turn|17
|
|t:|1664515465
|detailschange|p1a: Rayquaza|Rayquaza-Mega
|-mega|p1a: Rayquaza|Rayquaza|
|-weather|DeltaStream|[from] ability: Delta Stream|[of] p1a: Rayquaza
|move|p2a: Arceus|Max Guard|p2a: Arceus
|-singleturn|p2a: Arceus|Max Guard
|move|p1a: Rayquaza|Dragon Ascent|p2a: Arceus
|-activate|p2a: Arceus|move: Max Guard
|
|-weather|DeltaStream|[upkeep]
|upkeep
|-end|p2a: Arceus|Dynamax
|-heal|p2a: Arceus|44/100|[silent]
|turn|18
|
|t:|1664515472
|move|p2a: Arceus|Extreme Speed|p1a: Rayquaza
|-damage|p1a: Rayquaza|31/100
|move|p1a: Rayquaza|Dragon Ascent|p2a: Arceus
|-damage|p2a: Arceus|0 fnt
|-unboost|p1a: Rayquaza|def|1
|-unboost|p1a: Rayquaza|spd|1
|faint|p2a: Arceus
|
|-weather|DeltaStream|[upkeep]
|upkeep
|
|t:|1664515476
|switch|p2a: Calyrex|Calyrex-Shadow|100/100
|-ability|p2a: Calyrex|As One
|-ability|p2a: Calyrex|Unnerve
|turn|19
|
|t:|1664515479
|move|p2a: Calyrex|Astral Barrage|p1a: Rayquaza
|-damage|p1a: Rayquaza|0 fnt
|faint|p1a: Rayquaza
|-weather|none
|-ability|p2a: Calyrex|Grim Neigh|boost
|-boost|p2a: Calyrex|spa|1
|
|upkeep
|
|t:|1664515486
|switch|p1a: Xerneas|Xerneas, shiny|100/100
|-damage|p1a: Xerneas|88/100|[from] Stealth Rock
|-ability|p1a: Xerneas|Fairy Aura
|turn|20
|
|t:|1664515488
|move|p2a: Calyrex|Astral Barrage|p1a: Xerneas
|-damage|p1a: Xerneas|0 fnt
|faint|p1a: Xerneas
|-ability|p2a: Calyrex|Grim Neigh|boost
|-boost|p2a: Calyrex|spa|1
|
|upkeep
|
|t:|1664515491
|switch|p1a: Ditto|Ditto, shiny|100/100
|-damage|p1a: Ditto|88/100|[from] Stealth Rock
|-transform|p1a: Ditto|p2a: Calyrex|[from] ability: Imposter
|turn|21
|
|t:|1664515494
|move|p2a: Calyrex|Astral Barrage|p1a: Ditto
|-supereffective|p1a: Ditto
|-damage|p1a: Ditto|0 fnt
|faint|p1a: Ditto
|
|win|Goku Uchiha 2001
|raw|iopkj09's rating: 1663 &rarr; <strong>1653</strong><br />(-10 for losing)
|raw|Goku Uchiha 2001's rating: 1857 &rarr; <strong>1867</strong><br />(+10 for winning)
|l|☆iopkj09
