|j|☆zubitop
|j|☆showdownplayer#1
|t:|1664579435
|gametype|singles
|player|p1|zubitop|palmer|1492
|player|p2|showdownplayer#1|1|1663
|teamsize|p1|6
|teamsize|p2|6
|gen|8
|tier|[Gen 8] National Dex AG
|rated|
|rule|HP Percentage Mod: HP is shown in percentages
|rule|Endless Battle Clause: Forcing endless battles is banned
|clearpoke
|poke|p1|Liepard, F|
|poke|p1|Wobbuffet, M|
|poke|p1|Giratina|
|poke|p1|Ditto|
|poke|p1|Hawlucha, M|
|poke|p1|Smeargle, M|
|poke|p2|Necrozma-Dusk-Mane|
|poke|p2|Yveltal|
|poke|p2|Arceus-*|
|poke|p2|Groudon|
|poke|p2|Zacian-*|
|poke|p2|Ditto|
|teampreview
|inactive|Battle timer is ON: inactive players will automatically lose when time's up. (requested by showdownplayer#1)
|
|t:|1664579450
|start
|switch|p1a: Godofall|Smeargle, M, shiny|100/100
|switch|p2a: Necrozma|Necrozma-Dusk-Mane|100/100
|turn|1
|
|t:|1664579458
|move|p1a: Godofall|Spore|p2a: Necrozma
|-status|p2a: Necrozma|slp|[from] move: Spore
|cant|p2a: Necrozma|slp
|
|upkeep
|turn|2
|
|t:|1664579471
|switch|p1a: The devil|Giratina, shiny|100/100
|-ability|p1a: The devil|Pressure
|cant|p2a: Necrozma|slp
|
|upkeep
|turn|3
|
|t:|1664579480
|move|p1a: The devil|Shadow Force||[still]
|-prepare|p1a: The devil|Shadow Force
|cant|p2a: Necrozma|slp
|
|upkeep
|turn|4
|
|t:|1664579486
|move|p1a: The devil|Shadow Force|p2a: Necrozma|[from]lockedmove
|-supereffective|p2a: Necrozma
|-damage|p2a: Necrozma|58/100 slp
|-damage|p1a: The devil|84/100|[from] item: Rocky Helmet|[of] p2a: Necrozma
|-curestatus|p2a: Necrozma|slp|[msg]
|move|p2a: Necrozma|Stealth Rock|p1a: The devil
|-sidestart|p1: zubitop|move: Stealth Rock
|
|upkeep
|turn|5
|
|t:|1664579509
|-start|p1a: The devil|Dynamax|
|-heal|p1a: The devil|84/100|[silent]
|move|p1a: The devil|Max Phantasm|p2a: Necrozma
|-supereffective|p2a: Necrozma
|-damage|p2a: Necrozma|4/100
|-unboost|p2a: Necrozma|def|1
|move|p2a: Necrozma|Moonlight|p2a: Necrozma
|-heal|p2a: Necrozma|54/100
|
|upkeep
|turn|6
|
|t:|1664579522
|switch|p2a: Yveltal|Yveltal|100/100
|-ability|p2a: Yveltal|Dark Aura
|move|p1a: The devil|Max Phantasm|p2a: Yveltal
|-resisted|p2a: Yveltal
|-damage|p2a: Yveltal|75/100
|-unboost|p2a: Yveltal|def|1
|
|upkeep
|turn|7
|
|t:|1664579534
|move|p1a: The devil|Max Airstream|p2a: Yveltal
|-damage|p2a: Yveltal|23/100
|-boost|p1a: The devil|spe|1
|move|p2a: Yveltal|Dark Pulse|p1a: The devil
|-supereffective|p1a: The devil
|-damage|p1a: The devil|44/100
|-enditem|p1a: The devil|Weakness Policy
|-boost|p1a: The devil|atk|2|[from] item: Weakness Policy
|-boost|p1a: The devil|spa|2|[from] item: Weakness Policy
|
|upkeep
|-end|p1a: The devil|Dynamax
|-heal|p1a: The devil|44/100|[silent]
|turn|8
|
|t:|1664579547
|move|p2a: Yveltal|Sucker Punch|p1a: The devil
|-supereffective|p1a: The devil
|-damage|p1a: The devil|0 fnt
|faint|p1a: The devil
|
|upkeep
|
|t:|1664579558
|switch|p1a: Hawlucha|Hawlucha, M|100/100
|-damage|p1a: Hawlucha|88/100|[from] Stealth Rock
|turn|9
|
|t:|1664579565
|switch|p2a: Necrozma|Necrozma-Dusk-Mane|54/100
|-singleturn|p1a: Hawlucha|move: Focus Punch
|move|p1a: Hawlucha|Focus Punch|p2a: Necrozma
|-damage|p2a: Necrozma|16/100
|-damage|p1a: Hawlucha|72/100|[from] item: Rocky Helmet|[of] p2a: Necrozma
|
|upkeep
|turn|10
|
|t:|1664579580
|-zpower|p1a: Hawlucha
|move|p1a: Hawlucha|All-Out Pummeling|p2a: Necrozma|[zeffect]
|-damage|p2a: Necrozma|0 fnt
|faint|p2a: Necrozma
|
|upkeep
|
|t:|1664579591
|switch|p2a: Groudon|Groudon|100/100
|detailschange|p2a: Groudon|Groudon-Primal
|-primal|p2a: Groudon
|-weather|DesolateLand|[from] ability: Desolate Land|[of] p2a: Groudon
|turn|11
|
|t:|1664579601
|move|p1a: Hawlucha|Fly||[still]
|-prepare|p1a: Hawlucha|Fly
|move|p2a: Groudon|Stone Edge|p1a: Hawlucha|[miss]
|-miss|p2a: Groudon|p1a: Hawlucha
|
|-weather|DesolateLand|[upkeep]
|upkeep
|turn|12
|
|t:|1664579606
|move|p1a: Hawlucha|Fly|p2a: Groudon|[from]lockedmove
|-damage|p2a: Groudon|72/100
|move|p2a: Groudon|Rock Polish|p2a: Groudon
|-boost|p2a: Groudon|spe|2
|
|-weather|DesolateLand|[upkeep]
|upkeep
|turn|13
|
|t:|1664579613
|-singleturn|p1a: Hawlucha|move: Focus Punch
|move|p2a: Groudon|Stone Edge|p1a: Hawlucha
|-damage|p1a: Hawlucha|11/100
|cant|p1a: Hawlucha|Focus Punch|Focus Punch
|
|-weather|DesolateLand|[upkeep]
|upkeep
|turn|14
|
|t:|1664579624
|move|p2a: Groudon|Hone Claws|p2a: Groudon
|-boost|p2a: Groudon|atk|1
|-boost|p2a: Groudon|accuracy|1
|move|p1a: Hawlucha|Fly||[still]
|-prepare|p1a: Hawlucha|Fly
|
|-weather|DesolateLand|[upkeep]
|upkeep
|turn|15
|
|t:|1664579630
|move|p2a: Groudon|Stone Edge|p1a: Hawlucha|[miss]
|-miss|p2a: Groudon|p1a: Hawlucha
|move|p1a: Hawlucha|Fly|p2a: Groudon|[from]lockedmove
|-damage|p2a: Groudon|46/100
|
|-weather|DesolateLand|[upkeep]
|upkeep
|turn|16
|
|t:|1664579640
|move|p2a: Groudon|Stone Edge|p1a: Hawlucha
|-damage|p1a: Hawlucha|0 fnt
|faint|p1a: Hawlucha
|
|-weather|DesolateLand|[upkeep]
|upkeep
|
|t:|1664579652
|switch|p1a: I can do worse|Wobbuffet, M, shiny|100/100
|-damage|p1a: I can do worse|88/100|[from] Stealth Rock
|turn|17
|
|t:|1664579657
|move|p2a: Groudon|Precipice Blades|p1a: I can do worse
|-damage|p1a: I can do worse|4/100
|move|p1a: I can do worse|Counter|p2a: Groudon
|-damage|p2a: Groudon|0 fnt
|faint|p2a: Groudon
|-weather|none
|
|upkeep
|
|t:|1664579665
|switch|p2a: Yveltal|Yveltal|23/100
|-ability|p2a: Yveltal|Dark Aura
|turn|18
|-enditem|p1a: I can do worse|Custap Berry|[eat]
|-activate|p1a: I can do worse|item: Custap Berry|[consumed]
|
|t:|1664579673
|move|p1a: I can do worse|Destiny Bond|p1a: I can do worse
|-singlemove|p1a: I can do worse|Destiny Bond
|move|p2a: Yveltal|Dark Pulse|p1a: I can do worse
|-supereffective|p1a: I can do worse
|-damage|p1a: I can do worse|0 fnt
|faint|p1a: I can do worse
|-activate|p1a: I can do worse|move: Destiny Bond
|faint|p2a: Yveltal
|
|upkeep
|
|t:|1664579691
|switch|p2a: Arceus|Arceus|100/100
|switch|p1a: Godofall|Smeargle, M, shiny|100/100
|-damage|p1a: Godofall|88/100|[from] Stealth Rock
|turn|19
|
|t:|1664579697
|move|p2a: Arceus|Extreme Speed|p1a: Godofall
|-damage|p1a: Godofall|0 fnt
|faint|p1a: Godofall
|-damage|p2a: Arceus|91/100|[from] item: Life Orb
|
|upkeep
|
|t:|1664579704
|switch|p1a: Blobbo|Ditto, shiny|100/100
|-damage|p1a: Blobbo|88/100|[from] Stealth Rock
|-transform|p1a: Blobbo|p2a: Arceus|[from] ability: Imposter
|turn|20
|
|t:|1664579713
|switch|p2a: Zacian|Zacian-Crowned|100/100
|-ability|p2a: Zacian|Intrepid Sword|boost
|-boost|p2a: Zacian|atk|1
|move|p1a: Blobbo|Extreme Speed|p2a: Zacian
|-resisted|p2a: Zacian
|-damage|p2a: Zacian|79/100
|
|upkeep
|turn|21
|
|t:|1664579722
|switch|p1a: I lost :(|Liepard, F|100/100
|-damage|p1a: I lost :(|88/100|[from] Stealth Rock
|move|p2a: Zacian|Behemoth Blade|p1a: I lost :(
|-damage|p1a: I lost :(|0 fnt
|faint|p1a: I lost :(
|
|upkeep
|
|t:|1664579731
|switch|p1a: Blobbo|Ditto, shiny|88/100
|-damage|p1a: Blobbo|76/100|[from] Stealth Rock
|-transform|p1a: Blobbo|p2a: Zacian|[from] ability: Imposter
|-ability|p1a: Blobbo|Intrepid Sword|boost
|-boost|p1a: Blobbo|atk|1
|turn|22
|
|t:|1664579740
|move|p1a: Blobbo|Behemoth Blade|p2a: Zacian
|-damage|p2a: Zacian|0 fnt
|faint|p2a: Zacian
|
|upkeep
|
|t:|1664579742
|switch|p2a: Arceus|Arceus|91/100
|turn|23
|
|t:|1664579748
|move|p2a: Arceus|Extreme Speed|p1a: Blobbo
|-resisted|p1a: Blobbo
|-damage|p1a: Blobbo|45/100
|-damage|p2a: Arceus|81/100|[from] item: Life Orb
|move|p1a: Blobbo|Behemoth Blade|p2a: Arceus
|-damage|p2a: Arceus|2/100
|
|upkeep
|turn|24
|
|t:|1664579757
|switch|p2a: Ditto|Ditto|100/100
|move|p1a: Blobbo|Behemoth Blade|p2a: Ditto
|-damage|p2a: Ditto|0 fnt
|faint|p2a: Ditto
|
|upkeep
|
|t:|1664579759
|switch|p2a: Arceus|Arceus|2/100
|turn|25
|
|t:|1664579767
|-start|p2a: Arceus|Dynamax|
|-heal|p2a: Arceus|2/100|[silent]
|move|p2a: Arceus|Max Guard|p2a: Arceus
|-singleturn|p2a: Arceus|Max Guard
|move|p1a: Blobbo|Behemoth Blade|p2a: Arceus
|-activate|p2a: Arceus|move: Max Guard
|
|upkeep
|turn|26
|
|t:|1664579775
|move|p2a: Arceus|Max Guard||[still]
|-fail|p2a: Arceus
|move|p1a: Blobbo|Behemoth Blade|p2a: Arceus
|-damage|p2a: Arceus|0 fnt
|faint|p2a: Arceus
|
|win|zubitop
|raw|zubitop's rating: 1492 &rarr; <strong>1521</strong><br />(+29 for winning)
|raw|showdownplayer#1's rating: 1663 &rarr; <strong>1634</strong><br />(-29 for losing)
|l|☆showdownplayer#1
|l|☆zubitop
|j|☆zubitop
|player|p1|zubitop|palmer
||Ladder isn't responding, score probably updated but might not have (Request timeout).
