|j|☆Smartjedi
|j|☆ThenoJSZ
|t:|1666440174
|gametype|singles
|player|p1|Smartjedi|2|1648
|player|p2|ThenoJSZ|ash|1753
|teamsize|p1|6
|teamsize|p2|6
|gen|8
|tier|[Gen 8] National Dex AG
|rated|
|rule|HP Percentage Mod: HP is shown in percentages
|rule|Endless Battle Clause: Forcing endless battles is banned
|clearpoke
|poke|p1|Xerneas-*|
|poke|p1|Smeargle, F|
|poke|p1|Groudon|
|poke|p1|Vivillon-Modern, F|
|poke|p1|Zygarde|
|poke|p1|Chansey, F|
|poke|p2|Yveltal|
|poke|p2|Necrozma-Dusk-Mane|
|poke|p2|Rayquaza|
|poke|p2|Xerneas-*|
|poke|p2|Arceus-*|
|poke|p2|Marshadow|
|teampreview
|inactive|Battle timer is ON: inactive players will automatically lose when time's up. (requested by ThenoJSZ)
|inactive|Smartjedi has 120 seconds left.
|
|t:|1666440211
|start
|switch|p1a: Bob Ross|Smeargle, F|100/100
|switch|p2a: Yveltal|Yveltal|100/100
|-ability|p2a: Yveltal|Dark Aura
|turn|1
|
|t:|1666440219
|move|p1a: Bob Ross|Nuzzle|p2a: Yveltal
|-supereffective|p2a: Yveltal
|-damage|p2a: Yveltal|98/100
|-status|p2a: Yveltal|par
|cant|p2a: Yveltal|par
|
|upkeep
|turn|2
|
|t:|1666440223
|move|p1a: Bob Ross|Taunt|p2a: Yveltal
|-start|p2a: Yveltal|move: Taunt
|cant|p2a: Yveltal|move: Taunt|Taunt
|
|upkeep
|turn|3
|
|t:|1666440228
|move|p1a: Bob Ross|Nuzzle|p2a: Yveltal
|-supereffective|p2a: Yveltal
|-damage|p2a: Yveltal|95/100 par
|cant|p2a: Yveltal|par
|
|upkeep
|turn|4
|
|t:|1666440231
|move|p1a: Bob Ross|Nuzzle|p2a: Yveltal
|-supereffective|p2a: Yveltal
|-damage|p2a: Yveltal|92/100 par
|move|p2a: Yveltal|Knock Off|p1a: Bob Ross
|-enditem|p1a: Bob Ross|Focus Sash
|-damage|p1a: Bob Ross|1/100
|
|-end|p2a: Yveltal|move: Taunt
|upkeep
|turn|5
|
|t:|1666440239
|move|p1a: Bob Ross|Sticky Web|p2a: Yveltal
|-sidestart|p2: ThenoJSZ|move: Sticky Web
|cant|p2a: Yveltal|par
|
|upkeep
|turn|6
|
|t:|1666440243
|move|p1a: Bob Ross|Nuzzle|p2a: Yveltal
|-supereffective|p2a: Yveltal
|-damage|p2a: Yveltal|90/100 par
|cant|p2a: Yveltal|par
|
|upkeep
|turn|7
|
|t:|1666440247
|move|p1a: Bob Ross|Taunt|p2a: Yveltal
|-start|p2a: Yveltal|move: Taunt
|move|p2a: Yveltal|U-turn|p1a: Bob Ross
|-damage|p1a: Bob Ross|0 fnt
|faint|p1a: Bob Ross
|
|t:|1666440264
|switch|p2a: Rayquaza|Rayquaza|100/100|[from]move: U-turn
|-ability|p2a: Rayquaza|Air Lock
|
|upkeep
|inactive|Smartjedi has 120 seconds left.
|
|t:|1666440302
|switch|p1a: Groudon|Groudon|100/100
|detailschange|p1a: Groudon|Groudon-Primal
|-primal|p1a: Groudon
|-weather|DesolateLand|[from] ability: Desolate Land|[of] p1a: Groudon
|turn|8
|
|t:|1666440313
|detailschange|p2a: Rayquaza|Rayquaza-Mega
|-mega|p2a: Rayquaza|Rayquaza|
|-weather|DeltaStream|[from] ability: Delta Stream|[of] p2a: Rayquaza
|move|p2a: Rayquaza|Draco Meteor|p1a: Groudon
|-damage|p1a: Groudon|36/100
|-unboost|p2a: Rayquaza|spa|2
|move|p1a: Groudon|Stealth Rock|p2a: Rayquaza
|-sidestart|p2: ThenoJSZ|move: Stealth Rock
|
|-weather|DeltaStream|[upkeep]
|upkeep
|turn|9
|
|t:|1666440322
|move|p2a: Rayquaza|Dragon Ascent|p1a: Groudon
|-damage|p1a: Groudon|0 fnt
|-unboost|p2a: Rayquaza|def|1
|-unboost|p2a: Rayquaza|spd|1
|faint|p1a: Groudon
|
|-weather|DeltaStream|[upkeep]
|upkeep
|
|t:|1666440326
|switch|p1a: Neature|Zygarde|100/100
|turn|10
|
|t:|1666440341
|-weather|none
|switch|p2a: Yveltal|Yveltal|90/100 par
|-ability|p2a: Yveltal|Dark Aura
|move|p1a: Neature|Glare|p2a: Yveltal
|-fail|p2a: Yveltal|par
|
|upkeep
|turn|11
|
|t:|1666440351
|move|p1a: Neature|Thousand Arrows|p2a: Yveltal
|-damage|p2a: Yveltal|66/100 par
|-start|p2a: Yveltal|Smack Down
|move|p2a: Yveltal|Taunt|p1a: Neature
|-start|p1a: Neature|move: Taunt
|
|upkeep
|turn|12
|
|t:|1666440354
|move|p1a: Neature|Thousand Arrows|p2a: Yveltal
|-damage|p2a: Yveltal|44/100 par
|move|p2a: Yveltal|Roost|p2a: Yveltal
|-heal|p2a: Yveltal|94/100 par
|-singleturn|p2a: Yveltal|move: Roost
|
|upkeep
|turn|13
|
|t:|1666440363
|move|p1a: Neature|Thousand Arrows|p2a: Yveltal
|-damage|p2a: Yveltal|72/100 par
|move|p2a: Yveltal|Knock Off|p1a: Neature
|-damage|p1a: Neature|69/100
|-enditem|p1a: Neature|Leftovers|[from] move: Knock Off|[of] p2a: Yveltal
|
|upkeep
|turn|14
|
|t:|1666440368
|move|p1a: Neature|Thousand Arrows|p2a: Yveltal
|-damage|p2a: Yveltal|50/100 par
|move|p2a: Yveltal|Roost|p2a: Yveltal
|-heal|p2a: Yveltal|99/100 par
|-singleturn|p2a: Yveltal|move: Roost
|
|-end|p1a: Neature|move: Taunt
|upkeep
|turn|15
|
|t:|1666440377
|move|p1a: Neature|Thousand Arrows|p2a: Yveltal
|-damage|p2a: Yveltal|78/100 par
|move|p2a: Yveltal|Knock Off|p1a: Neature
|-damage|p1a: Neature|47/100
|
|-activate|p1a: Neature|ability: Power Construct
|detailschange|p1a: Neature|Zygarde-Complete
|-heal|p1a: Neature|65/100|[silent]
|upkeep
|turn|16
|
|t:|1666440383
|move|p1a: Neature|Thousand Arrows|p2a: Yveltal
|-damage|p2a: Yveltal|56/100 par
|move|p2a: Yveltal|Knock Off|p1a: Neature
|-damage|p1a: Neature|51/100
|
|upkeep
|turn|17
|
|t:|1666440390
|move|p1a: Neature|Thousand Arrows|p2a: Yveltal
|-crit|p2a: Yveltal
|-damage|p2a: Yveltal|25/100 par
|move|p2a: Yveltal|Roost|p2a: Yveltal
|-heal|p2a: Yveltal|75/100 par
|-singleturn|p2a: Yveltal|move: Roost
|
|upkeep
|turn|18
|
|t:|1666440394
|move|p1a: Neature|Coil|p1a: Neature
|-boost|p1a: Neature|atk|1
|-boost|p1a: Neature|def|1
|-boost|p1a: Neature|accuracy|1
|move|p2a: Yveltal|Roost|p2a: Yveltal
|-heal|p2a: Yveltal|100/100 par
|-singleturn|p2a: Yveltal|move: Roost
|
|upkeep
|turn|19
|
|t:|1666440398
|move|p1a: Neature|Coil|p1a: Neature
|-boost|p1a: Neature|atk|1
|-boost|p1a: Neature|def|1
|-boost|p1a: Neature|accuracy|1
|cant|p2a: Yveltal|par
|
|upkeep
|turn|20
|
|t:|1666440401
|move|p1a: Neature|Coil|p1a: Neature
|-boost|p1a: Neature|atk|1
|-boost|p1a: Neature|def|1
|-boost|p1a: Neature|accuracy|1
|move|p2a: Yveltal|Taunt|p1a: Neature
|-start|p1a: Neature|move: Taunt
|
|upkeep
|turn|21
|
|t:|1666440405
|move|p1a: Neature|Thousand Arrows|p2a: Yveltal
|-damage|p2a: Yveltal|41/100 par
|move|p2a: Yveltal|U-turn|p1a: Neature
|-damage|p1a: Neature|48/100
|
|t:|1666440409
|switch|p2a: Marshadow|Marshadow|100/100|[from]move: U-turn
|-activate|p2a: Marshadow|move: Sticky Web
|-unboost|p2a: Marshadow|spe|1
|-damage|p2a: Marshadow|94/100|[from] Stealth Rock
|
|upkeep
|turn|22
|
|t:|1666440413
|move|p2a: Marshadow|Spectral Thief||[still]
|-clearpositiveboost|p1a: Neature|p2a: Marshadow|move: Spectral Thief
|-boost|p2a: Marshadow|atk|3
|-boost|p2a: Marshadow|def|3
|-boost|p2a: Marshadow|accuracy|3
|-anim|p2a: Marshadow|Spectral Thief|p1a: Neature
|-crit|p1a: Neature
|-damage|p1a: Neature|0 fnt
|faint|p1a: Neature
|
|upkeep
|
|t:|1666440429
|switch|p1a: Phat|Chansey, F|100/100
|turn|23
|
|t:|1666440434
|move|p2a: Marshadow|Close Combat|p1a: Phat
|-supereffective|p1a: Phat
|-damage|p1a: Phat|0 fnt
|-unboost|p2a: Marshadow|def|1
|-unboost|p2a: Marshadow|spd|1
|faint|p1a: Phat
|
|upkeep
|
|t:|1666440438
|switch|p1a: Bb|Vivillon-Modern, F|100/100
|turn|24
|
|t:|1666440443
|move|p2a: Marshadow|Shadow Sneak|p1a: Bb
|-damage|p1a: Bb|0 fnt
|faint|p1a: Bb
|
|upkeep
|
|t:|1666440444
|switch|p1a: Fae|Xerneas|100/100
|-ability|p1a: Fae|Fairy Aura
|turn|25
|
|t:|1666440448
|-start|p2a: Marshadow|Dynamax|
|-heal|p2a: Marshadow|94/100|[silent]
|move|p1a: Fae|Geomancy||[still]
|-prepare|p1a: Fae|Geomancy
|-enditem|p1a: Fae|Power Herb
|-anim|p1a: Fae|Geomancy|p1a: Fae
|-boost|p1a: Fae|spa|2
|-boost|p1a: Fae|spd|2
|-boost|p1a: Fae|spe|2
|move|p2a: Marshadow|Max Phantasm|p1a: Fae
|-damage|p1a: Fae|0 fnt
|faint|p1a: Fae
|
|win|ThenoJSZ
|raw|Smartjedi's rating: 1648 &rarr; <strong>1634</strong><br />(-14 for losing)
|raw|ThenoJSZ's rating: 1753 &rarr; <strong>1767</strong><br />(+14 for winning)
|l|☆Smartjedi
||Ladder isn't responding, score probably updated but might not have (Request timeout).
