|j|☆Corsmash
|j|☆NykterStein
|t:|1664409313
|gametype|singles
|player|p1|Corsmash|265|1461
|player|p2|NykterStein|lady|1427
|teamsize|p1|6
|teamsize|p2|6
|gen|8
|tier|[Gen 8] National Dex AG
|rated|
|rule|HP Percentage Mod: HP is shown in percentages
|rule|Endless Battle Clause: Forcing endless battles is banned
|clearpoke
|poke|p1|Zacian-*|
|poke|p1|Calyrex-Shadow|
|poke|p1|Mandibuzz, F|
|poke|p1|Ditto|
|poke|p1|Rayquaza|
|poke|p1|Marshadow|
|poke|p2|Kyogre|
|poke|p2|Groudon|
|poke|p2|Rayquaza|
|poke|p2|Ninetales-Alola, F|
|poke|p2|Tyranitar, F|
|poke|p2|Leafeon, M|
|teampreview
|inactive|Battle timer is ON: inactive players will automatically lose when time's up. (requested by NykterStein)
|
|t:|1664409321
|start
|switch|p1a: Zacian|Zacian-Crowned|100/100
|switch|p2a: Vulpy|Ninetales-Alola, F, shiny|100/100
|-ability|p1a: Zacian|Intrepid Sword|boost
|-boost|p1a: Zacian|atk|1
|-weather|Hail|[from] ability: Snow Warning|[of] p2a: Vulpy
|turn|1
|
|t:|1664409334
|move|p1a: Zacian|Behemoth Blade|p2a: Vulpy
|-supereffective|p2a: Vulpy
|-damage|p2a: Vulpy|0 fnt
|faint|p2a: Vulpy
|
|-weather|Hail|[upkeep]
|-damage|p1a: Zacian|94/100|[from] Hail
|upkeep
|
|t:|1664409342
|switch|p2a: Groudy|Groudon, shiny|100/100
|detailschange|p2a: Groudy|Groudon-Primal, shiny
|-primal|p2a: Groudy
|-weather|DesolateLand|[from] ability: Desolate Land|[of] p2a: Groudy
|turn|2
|
|t:|1664409351
|switch|p1a: Mandibuzz|Mandibuzz, F|100/100
|move|p2a: Groudy|Earthquake|p1a: Mandibuzz
|-immune|p1a: Mandibuzz
|
|-weather|DesolateLand|[upkeep]
|upkeep
|turn|3
|
|t:|1664409358
|-weather|none
|switch|p2a: Kyogry|Kyogre, shiny|100/100
|detailschange|p2a: Kyogry|Kyogre-Primal, shiny
|-primal|p2a: Kyogry
|-weather|PrimordialSea|[from] ability: Primordial Sea|[of] p2a: Kyogry
|move|p1a: Mandibuzz|Toxic|p2a: Kyogry
|-status|p2a: Kyogry|tox
|
|-weather|PrimordialSea|[upkeep]
|-damage|p2a: Kyogry|94/100 tox|[from] psn
|upkeep
|turn|4
|
|t:|1664409373
|move|p2a: Kyogry|Thunderbolt|p1a: Mandibuzz
|-supereffective|p1a: Mandibuzz
|-damage|p1a: Mandibuzz|45/100
|move|p1a: Mandibuzz|Foul Play|p2a: Kyogry
|-damage|p2a: Kyogry|53/100 tox
|
|-weather|PrimordialSea|[upkeep]
|-heal|p1a: Mandibuzz|51/100|[from] item: Leftovers
|-damage|p2a: Kyogry|40/100 tox|[from] psn
|upkeep
|turn|5
|
|t:|1664409394
|move|p2a: Kyogry|Thunderbolt|p1a: Mandibuzz
|-supereffective|p1a: Mandibuzz
|-damage|p1a: Mandibuzz|0 fnt
|faint|p1a: Mandibuzz
|
|-weather|PrimordialSea|[upkeep]
|-damage|p2a: Kyogry|22/100 tox|[from] psn
|upkeep
|
|t:|1664409404
|switch|p1a: Zacian|Zacian-Crowned|94/100
|-ability|p1a: Zacian|Intrepid Sword|boost
|-boost|p1a: Zacian|atk|1
|turn|6
|
|t:|1664409411
|move|p1a: Zacian|Play Rough|p2a: Kyogry
|-damage|p2a: Kyogry|0 fnt
|faint|p2a: Kyogry
|-weather|none
|
|upkeep
|
|t:|1664409423
|switch|p2a: Groudy|Groudon-Primal, shiny|100/100
|-weather|DesolateLand|[from] ability: Desolate Land|[of] p2a: Groudy
|turn|7
|inactive|Corsmash has 120 seconds left.
|
|t:|1664409462
|move|p1a: Zacian|Swords Dance|p1a: Zacian
|-boost|p1a: Zacian|atk|2
|move|p2a: Groudy|Dragon Tail|p1a: Zacian
|-immune|p1a: Zacian
|
|-weather|DesolateLand|[upkeep]
|upkeep
|turn|8
|inactive|Corsmash has 120 seconds left.
|c|☆NykterStein|naaani
|c|☆NykterStein|thought you would switch
|c|☆NykterStein|nvm
|
|t:|1664409488
|move|p1a: Zacian|Crunch|p2a: Groudy
|-damage|p2a: Groudy|46/100
|move|p2a: Groudy|Precipice Blades|p1a: Zacian|[miss]
|-miss|p2a: Groudy|p1a: Zacian
|
|-weather|DesolateLand|[upkeep]
|upkeep
|turn|9
|
|t:|1664409495
|move|p1a: Zacian|Crunch|p2a: Groudy
|-damage|p2a: Groudy|0 fnt
|faint|p2a: Groudy
|-weather|none
|
|upkeep
|
|t:|1664409500
|switch|p2a: Leafy|Leafeon, M, shiny|100/100
|turn|10
|c|☆Corsmash|That’s why I didn’t swotch
|c|☆Corsmash|cause I knew you would think I would switch
|
|t:|1664409524
|move|p1a: Zacian|Behemoth Blade|p2a: Leafy
|-damage|p2a: Leafy|0 fnt
|faint|p2a: Leafy
|
|upkeep
|c|☆NykterStein|i thought the same way
|inactive|NykterStein has 120 seconds left.
|c|☆NykterStein|i was having a decision box in my mind
|l|☆Corsmash
|inactive|Corsmash disconnected and has a minute to reconnect!
|player|p1|
|j|☆Corsmash
|inactive|Corsmash reconnected.
|player|p1|Corsmash|265
|-message|NykterStein forfeited.
|
|win|Corsmash
|raw|Corsmash's rating: 1461 &rarr; <strong>1480</strong><br />(+19 for winning)
|raw|NykterStein's rating: 1450 &rarr; <strong>1431</strong><br />(-19 for losing)
|l|☆NykterStein
