|j|☆Lazy#4341 on cord
|j|☆T4nner
|t:|1661909127
|gametype|singles
|player|p1|Lazy#4341 on cord|brawly|1757
|player|p2|T4nner|red|1863
|teamsize|p1|6
|teamsize|p2|6
|gen|8
|tier|[Gen 8] National Dex AG
|rated|
|rule|HP Percentage Mod: HP is shown in percentages
|rule|Endless Battle Clause: Forcing endless battles is banned
|clearpoke
|poke|p1|Cinderace, M|
|poke|p1|Zygarde|
|poke|p1|Necrozma-Dusk-Mane|
|poke|p1|Rayquaza|
|poke|p1|Arceus-*|
|poke|p1|Ferrothorn, F|
|poke|p2|Kyogre|
|poke|p2|Groudon|
|poke|p2|Rayquaza|
|poke|p2|Zacian-*|
|poke|p2|Regieleki|
|poke|p2|Calyrex-Shadow|
|teampreview
|inactive|Battle timer is ON: inactive players will automatically lose when time's up. (requested by T4nner)
|
|t:|1661909138
|start
|switch|p1a: Rayquaza|Rayquaza|100/100
|switch|p2a: Kyogre|Kyogre|100/100
|-ability|p1a: Rayquaza|Air Lock
|detailschange|p2a: Kyogre|Kyogre-Primal
|-primal|p2a: Kyogre
|-weather|PrimordialSea|[from] ability: Primordial Sea|[of] p2a: Kyogre
|turn|1
|
|t:|1661909147
|-weather|none
|switch|p2a: Zacian|Zacian-Crowned|100/100
|-ability|p2a: Zacian|Intrepid Sword|boost
|-boost|p2a: Zacian|atk|1
|detailschange|p1a: Rayquaza|Rayquaza-Mega
|-mega|p1a: Rayquaza|Rayquaza|
|-weather|DeltaStream|[from] ability: Delta Stream|[of] p1a: Rayquaza
|move|p1a: Rayquaza|Dragon Ascent|p2a: Zacian
|-resisted|p2a: Zacian
|-damage|p2a: Zacian|52/100
|-unboost|p1a: Rayquaza|def|1
|-unboost|p1a: Rayquaza|spd|1
|-damage|p1a: Rayquaza|91/100|[from] item: Life Orb
|
|-weather|DeltaStream|[upkeep]
|upkeep
|turn|2
|
|t:|1661909160
|-weather|none
|switch|p1a: Necrozma|Necrozma-Dusk-Mane, shiny|100/100
|move|p2a: Zacian|Crunch|p1a: Necrozma
|-supereffective|p1a: Necrozma
|-damage|p1a: Necrozma|55/100
|-damage|p2a: Zacian|36/100|[from] item: Rocky Helmet|[of] p1a: Necrozma
|
|upkeep
|turn|3
|
|t:|1661909164
|move|p2a: Zacian|Crunch|p1a: Necrozma
|-supereffective|p1a: Necrozma
|-damage|p1a: Necrozma|12/100
|-damage|p2a: Zacian|19/100|[from] item: Rocky Helmet|[of] p1a: Necrozma
|move|p1a: Necrozma|Morning Sun|p1a: Necrozma
|-heal|p1a: Necrozma|62/100
|
|upkeep
|turn|4
|
|t:|1661909169
|move|p2a: Zacian|Crunch|p1a: Necrozma
|-supereffective|p1a: Necrozma
|-damage|p1a: Necrozma|15/100
|-damage|p2a: Zacian|3/100|[from] item: Rocky Helmet|[of] p1a: Necrozma
|move|p1a: Necrozma|Morning Sun|p1a: Necrozma
|-heal|p1a: Necrozma|65/100
|
|upkeep
|turn|5
|
|t:|1661909173
|switch|p2a: Kyogre|Kyogre-Primal|100/100
|-weather|PrimordialSea|[from] ability: Primordial Sea|[of] p2a: Kyogre
|move|p1a: Necrozma|Morning Sun|p1a: Necrozma
|-heal|p1a: Necrozma|90/100
|
|-weather|PrimordialSea|[upkeep]
|upkeep
|turn|6
|
|t:|1661909176
|switch|p1a: Ferrothorn|Ferrothorn, F|100/100
|move|p2a: Kyogre|Water Spout|p1a: Ferrothorn
|-resisted|p1a: Ferrothorn
|-damage|p1a: Ferrothorn|50/100
|
|-weather|PrimordialSea|[upkeep]
|-heal|p1a: Ferrothorn|56/100|[from] item: Leftovers
|upkeep
|turn|7
|
|t:|1661909184
|-weather|none
|switch|p2a: Groudon|Groudon|100/100
|detailschange|p2a: Groudon|Groudon-Primal
|-primal|p2a: Groudon
|-weather|DesolateLand|[from] ability: Desolate Land|[of] p2a: Groudon
|move|p1a: Ferrothorn|Spikes|p2a: Groudon
|-sidestart|p2: T4nner|Spikes
|
|-weather|DesolateLand|[upkeep]
|-heal|p1a: Ferrothorn|63/100|[from] item: Leftovers
|upkeep
|turn|8
|
|t:|1661909204
|-weather|none
|switch|p2a: Regieleki|Regieleki|100/100
|-damage|p2a: Regieleki|88/100|[from] Spikes
|switch|p1a: Zygarde|Zygarde|100/100
|
|upkeep
|turn|9
|
|t:|1661909212
|move|p2a: Regieleki|Rapid Spin|p1a: Zygarde
|-damage|p1a: Zygarde|95/100
|-boost|p2a: Regieleki|spe|1
|-sideend|p2: T4nner|Spikes|[from] move: Rapid Spin|[of] p2a: Regieleki
|move|p1a: Zygarde|Thousand Arrows|p2a: Regieleki
|-supereffective|p2a: Regieleki
|-damage|p2a: Regieleki|0 fnt
|faint|p2a: Regieleki
|
|-heal|p1a: Zygarde|100/100|[from] item: Leftovers
|upkeep
|inactive|T4nner has 120 seconds left.
|
|t:|1661909232
|switch|p2a: Kyogre|Kyogre-Primal|100/100
|-weather|PrimordialSea|[from] ability: Primordial Sea|[of] p2a: Kyogre
|turn|10
|
|t:|1661909241
|switch|p1a: Ferrothorn|Ferrothorn, F|63/100
|move|p2a: Kyogre|Water Spout|p1a: Ferrothorn
|-resisted|p1a: Ferrothorn
|-crit|p1a: Ferrothorn
|-damage|p1a: Ferrothorn|0 fnt
|faint|p1a: Ferrothorn
|
|-weather|PrimordialSea|[upkeep]
|upkeep
|
|t:|1661909243
|switch|p1a: Rayquaza|Rayquaza-Mega|91/100
|-weather|DeltaStream|[from] ability: Delta Stream|[of] p1a: Rayquaza
|turn|11
|
|t:|1661909259
|switch|p2a: Zacian|Zacian-Crowned|3/100
|-ability|p2a: Zacian|Intrepid Sword|boost
|-boost|p2a: Zacian|atk|1
|move|p1a: Rayquaza|Dragon Ascent|p2a: Zacian
|-resisted|p2a: Zacian
|-damage|p2a: Zacian|0 fnt
|-unboost|p1a: Rayquaza|def|1
|-unboost|p1a: Rayquaza|spd|1
|faint|p2a: Zacian
|-damage|p1a: Rayquaza|81/100|[from] item: Life Orb
|
|-weather|DeltaStream|[upkeep]
|upkeep
|
|t:|1661909265
|switch|p2a: Groudon|Groudon-Primal|100/100
|-weather|DesolateLand|[from] ability: Desolate Land|[of] p2a: Groudon
|turn|12
|
|t:|1661909272
|move|p1a: Rayquaza|Draco Meteor|p2a: Groudon
|-damage|p2a: Groudon|3/100
|-unboost|p1a: Rayquaza|spa|2
|-damage|p1a: Rayquaza|71/100|[from] item: Life Orb
|move|p2a: Groudon|Rock Tomb|p1a: Rayquaza
|-supereffective|p1a: Rayquaza
|-damage|p1a: Rayquaza|0 fnt
|faint|p1a: Rayquaza
|
|-weather|DesolateLand|[upkeep]
|upkeep
|
|t:|1661909280
|switch|p1a: Necrozma|Necrozma-Dusk-Mane, shiny|90/100
|turn|13
|
|t:|1661909300
|move|p2a: Groudon|Earthquake|p1a: Necrozma
|-supereffective|p1a: Necrozma
|-damage|p1a: Necrozma|31/100
|move|p1a: Necrozma|Stealth Rock|p2a: Groudon
|-sidestart|p2: T4nner|move: Stealth Rock
|
|-weather|DesolateLand|[upkeep]
|upkeep
|turn|14
|
|t:|1661909315
|switch|p1a: Zygarde|Zygarde|100/100
|move|p2a: Groudon|Earthquake|p1a: Zygarde
|-damage|p1a: Zygarde|64/100
|
|-weather|DesolateLand|[upkeep]
|-heal|p1a: Zygarde|70/100|[from] item: Leftovers
|upkeep
|turn|15
|
|t:|1661909319
|move|p2a: Groudon|Rock Tomb|p1a: Zygarde
|-resisted|p1a: Zygarde
|-damage|p1a: Zygarde|62/100
|-unboost|p1a: Zygarde|spe|1
|move|p1a: Zygarde|Glare|p2a: Groudon
|-status|p2a: Groudon|par
|
|-weather|DesolateLand|[upkeep]
|-heal|p1a: Zygarde|68/100|[from] item: Leftovers
|upkeep
|turn|16
|
|t:|1661909329
|switch|p1a: Necrozma|Necrozma-Dusk-Mane, shiny|31/100
|-weather|none
|switch|p2a: Rayquaza|Rayquaza|100/100
|-damage|p2a: Rayquaza|75/100|[from] Stealth Rock
|-ability|p2a: Rayquaza|Air Lock
|
|upkeep
|turn|17
|
|t:|1661909342
|detailschange|p2a: Rayquaza|Rayquaza-Mega
|-mega|p2a: Rayquaza|Rayquaza|
|-weather|DeltaStream|[from] ability: Delta Stream|[of] p2a: Rayquaza
|move|p2a: Rayquaza|Waterfall|p1a: Necrozma
|-damage|p1a: Necrozma|2/100
|-damage|p2a: Rayquaza|59/100|[from] item: Rocky Helmet|[of] p1a: Necrozma
|-damage|p2a: Rayquaza|49/100|[from] item: Life Orb
|move|p1a: Necrozma|Sunsteel Strike|p2a: Rayquaza
|-damage|p2a: Rayquaza|3/100
|
|-weather|DeltaStream|[upkeep]
|upkeep
|turn|18
|
|t:|1661909354
|move|p2a: Rayquaza|Dragon Ascent|p1a: Necrozma
|-resisted|p1a: Necrozma
|-damage|p1a: Necrozma|0 fnt
|-unboost|p2a: Rayquaza|def|1
|-unboost|p2a: Rayquaza|spd|1
|-damage|p2a: Rayquaza|0 fnt|[from] item: Rocky Helmet|[of] p1a: Necrozma
|faint|p1a: Necrozma
|faint|p2a: Rayquaza
|-weather|none
|
|upkeep
|
|t:|1661909371
|switch|p2a: Kyogre|Kyogre-Primal|100/100
|switch|p1a: Cinderace|Cinderace, M, shiny|100/100
|-damage|p2a: Kyogre|88/100|[from] Stealth Rock
|-weather|PrimordialSea|[from] ability: Primordial Sea|[of] p2a: Kyogre
|turn|19
|
|t:|1661909382
|-start|p1a: Cinderace|Dynamax|Gmax
|-heal|p1a: Cinderace|100/100|[silent]
|move|p1a: Cinderace|Max Airstream|p2a: Kyogre
|-start|p1a: Cinderace|typechange|Flying|[from] ability: Libero
|-damage|p2a: Kyogre|0 fnt
|-boost|p1a: Cinderace|spe|1
|faint|p2a: Kyogre
|-weather|none
|-damage|p1a: Cinderace|96/100|[from] item: Life Orb
|
|upkeep
|c|☆Lazy#4341 on cord|in cinderace we pray
|c|☆Lazy#4341 on cord|WOAH
|c|☆Lazy#4341 on cord|DAMN
|
|t:|1661909391
|switch|p2a: Calyrex|Calyrex-Shadow|100/100
|-ability|p2a: Calyrex|As One
|-ability|p2a: Calyrex|Unnerve
|-damage|p2a: Calyrex|88/100|[from] Stealth Rock
|turn|20
|
|t:|1661909400
|-start|p2a: Calyrex|Dynamax|
|-heal|p2a: Calyrex|88/100|[silent]
|move|p1a: Cinderace|Max Darkness|p2a: Calyrex
|-start|p1a: Cinderace|typechange|Dark|[from] ability: Libero
|-supereffective|p2a: Calyrex
|-damage|p2a: Calyrex|0 fnt
|faint|p2a: Calyrex
|-damage|p1a: Cinderace|91/100|[from] item: Life Orb
|
|upkeep
|c|☆Lazy#4341 on cord|YO
|c|☆Lazy#4341 on cord|W CINDERACE
|-message|T4nner forfeited.
|
|win|Lazy#4341 on cord
|raw|Lazy#4341 on cord's rating: 1757 &rarr; <strong>1783</strong><br />(+26 for winning)
|raw|T4nner's rating: 1863 &rarr; <strong>1837</strong><br />(-26 for losing)
|l|☆T4nner
||Ladder isn't responding, score probably updated but might not have (Request timeout).
