|j|☆Acornion
|j|☆Strykr7560
|t:|1616697324
|player|p1|Acornion|red|1569
|player|p2|Strykr7560|102|1469
|teamsize|p1|6
|teamsize|p2|6
|gametype|singles
|gen|8
|tier|[Gen 8] National Dex AG
|rated|
|clearpoke
|poke|p1|Arceus-*|
|poke|p1|Calyrex-Shadow|
|poke|p1|Dugtrio, M|
|poke|p1|Zacian-Crowned|
|poke|p1|Ho-Oh|
|poke|p1|Kyogre|
|poke|p2|Mewtwo|
|poke|p2|Giratina|
|poke|p2|Chandelure, M|
|poke|p2|Quagsire, M|
|poke|p2|Scizor, F|
|poke|p2|Sunkern, L88, F|
|rule|HP Percentage Mod: HP is shown in percentages
|rule|Endless Battle Clause: Forcing endless battles is banned
|teampreview
|inactive|Battle timer is ON: inactive players will automatically lose when time's up. (requested by Acornion)
|
|t:|1616697335
|start
|switch|p1a: Zacian|Zacian-Crowned|100/100
|switch|p2a: Sunkern|Sunkern, L88, F|100/100
|-ability|p1a: Zacian|Intrepid Sword|boost
|-boost|p1a: Zacian|atk|1
|turn|1
|
|t:|1616697342
|move|p1a: Zacian|Behemoth Blade|p2a: Sunkern
|-crit|p2a: Sunkern
|-enditem|p2a: Sunkern|Focus Sash
|-damage|p2a: Sunkern|1/100
|move|p2a: Sunkern|Endeavor|p1a: Zacian
|-damage|p1a: Zacian|1/100
|
|upkeep
|turn|2
|
|t:|1616697350
|switch|p1a: Arceus|Arceus|100/100
|move|p2a: Sunkern|Endeavor|p1a: Arceus
|-damage|p1a: Arceus|1/100
|
|upkeep
|turn|3
|
|t:|1616697360
|move|p1a: Arceus|Extreme Speed|p2a: Sunkern
|-damage|p2a: Sunkern|0 fnt
|-damage|p1a: Arceus|0 fnt|[from] item: Life Orb
|faint|p2a: Sunkern
|faint|p1a: Arceus
|
|upkeep
|c|☆Strykr7560|Sunkern is a terror
|
|t:|1616697369
|switch|p1a: Kyogre|Kyogre|100/100
|switch|p2a: Scizor|Scizor, F|100/100
|-weather|RainDance|[from] ability: Drizzle|[of] p1a: Kyogre
|turn|4
|
|t:|1616697386
|switch|p1a: Ho-Oh|Ho-Oh|100/100
|switch|p2a: Chandelure|Chandelure, M|100/100
|
|-weather|RainDance|[upkeep]
|upkeep
|turn|5
|
|t:|1616697397
|move|p1a: Ho-Oh|Earthquake|p2a: Chandelure
|-supereffective|p2a: Chandelure
|-damage|p2a: Chandelure|42/100
|move|p2a: Chandelure|Clear Smog|p1a: Ho-Oh
|-damage|p1a: Ho-Oh|93/100
|-clearboost|p1a: Ho-Oh
|
|-weather|RainDance|[upkeep]
|upkeep
|turn|6
|
|t:|1616697405
|switch|p2a: Quagsire|Quagsire, M|100/100
|move|p1a: Ho-Oh|Earthquake|p2a: Quagsire
|-damage|p2a: Quagsire|79/100
|
|-weather|RainDance|[upkeep]
|-heal|p2a: Quagsire|86/100|[from] item: Leftovers
|upkeep
|turn|7
|
|t:|1616697412
|switch|p1a: Calyrex|Calyrex-Shadow|100/100
|-ability|p1a: Calyrex|As One
|-ability|p1a: Calyrex|Unnerve|p2: Strykr7560
|move|p2a: Quagsire|Toxic|p1a: Calyrex
|-status|p1a: Calyrex|tox
|
|-weather|RainDance|[upkeep]
|-heal|p2a: Quagsire|92/100|[from] item: Leftovers
|-damage|p1a: Calyrex|94/100 tox|[from] psn
|upkeep
|turn|8
|
|t:|1616697422
|move|p1a: Calyrex|Astral Barrage|p2a: Quagsire
|-damage|p2a: Quagsire|5/100
|move|p2a: Quagsire|Recover|p2a: Quagsire
|-heal|p2a: Quagsire|55/100
|
|-weather|none
|-heal|p1a: Calyrex|100/100 tox|[from] item: Leftovers
|-heal|p2a: Quagsire|61/100|[from] item: Leftovers
|-damage|p1a: Calyrex|88/100 tox|[from] psn
|upkeep
|turn|9
|
|t:|1616697439
|move|p1a: Calyrex|Astral Barrage|p2a: Quagsire
|-damage|p2a: Quagsire|0 fnt
|faint|p2a: Quagsire
|-ability|p1a: Calyrex|Grim Neigh|boost
|-boost|p1a: Calyrex|spa|1
|
|-heal|p1a: Calyrex|94/100 tox|[from] item: Leftovers
|-damage|p1a: Calyrex|76/100 tox|[from] psn
|upkeep
|
|t:|1616697449
|switch|p2a: Scizor|Scizor, F|100/100
|turn|10
|
|t:|1616697452
|switch|p1a: Ho-Oh|Ho-Oh|100/100
|move|p2a: Scizor|Bullet Punch|p1a: Ho-Oh
|-resisted|p1a: Ho-Oh
|-damage|p1a: Ho-Oh|79/100
|
|upkeep
|turn|11
|
|t:|1616697459
|switch|p2a: Chandelure|Chandelure, M|42/100
|move|p1a: Ho-Oh|Earthquake|p2a: Chandelure
|-supereffective|p2a: Chandelure
|-damage|p2a: Chandelure|0 fnt
|faint|p2a: Chandelure
|
|upkeep
|
|t:|1616697467
|switch|p2a: Mewtwo|Mewtwo|100/100
|-ability|p2a: Mewtwo|Pressure
|turn|12
|
|t:|1616697473
|switch|p1a: Zacian|Zacian-Crowned|1/100
|-ability|p1a: Zacian|Intrepid Sword|boost
|-boost|p1a: Zacian|atk|1
|detailschange|p2a: Mewtwo|Mewtwo-Mega-Y
|-mega|p2a: Mewtwo|Mewtwo|Mewtwonite Y
|move|p2a: Mewtwo|Psystrike|p1a: Zacian
|-resisted|p1a: Zacian
|-damage|p1a: Zacian|0 fnt
|faint|p1a: Zacian
|
|upkeep
|
|t:|1616697475
|switch|p1a: Calyrex|Calyrex-Shadow|76/100 tox
|-ability|p1a: Calyrex|As One
|-ability|p1a: Calyrex|Unnerve|p2: Strykr7560
|turn|13
|
|t:|1616697491
|move|p1a: Calyrex|Astral Barrage|p2a: Mewtwo
|-supereffective|p2a: Mewtwo
|-damage|p2a: Mewtwo|0 fnt
|faint|p2a: Mewtwo
|-ability|p1a: Calyrex|Grim Neigh|boost
|-boost|p1a: Calyrex|spa|1
|
|-heal|p1a: Calyrex|82/100 tox|[from] item: Leftovers
|-damage|p1a: Calyrex|76/100 tox|[from] psn
|upkeep
|
|t:|1616697502
|switch|p2a: Giratina|Giratina|100/100
|-ability|p2a: Giratina|Pressure
|turn|14
|
|t:|1616697506
|move|p2a: Giratina|Shadow Sneak|p1a: Calyrex
|-supereffective|p1a: Calyrex
|-damage|p1a: Calyrex|0 fnt
|faint|p1a: Calyrex
|
|upkeep
|
|t:|1616697509
|switch|p1a: Kyogre|Kyogre|100/100
|-weather|RainDance|[from] ability: Drizzle|[of] p1a: Kyogre
|turn|15
|
|t:|1616697515
|-start|p1a: Kyogre|Dynamax
|-heal|p1a: Kyogre|100/100|[silent]
|-start|p2a: Giratina|Dynamax
|-heal|p2a: Giratina|100/100|[silent]
|move|p1a: Kyogre|Max Hailstorm|p2a: Giratina
|-supereffective|p2a: Giratina
|-damage|p2a: Giratina|64/100
|-weather|Hail
|-enditem|p2a: Giratina|Weakness Policy
|-boost|p2a: Giratina|atk|2|[from] item: Weakness Policy
|-boost|p2a: Giratina|spa|2|[from] item: Weakness Policy
|move|p2a: Giratina|Max Phantasm|p1a: Kyogre
|-damage|p1a: Kyogre|36/100
|-unboost|p1a: Kyogre|def|1
|
|-weather|Hail|[upkeep]
|-damage|p2a: Giratina|61/100|[from] Hail
|-damage|p1a: Kyogre|33/100|[from] Hail
|upkeep
|turn|16
|
|t:|1616697533
|move|p2a: Giratina|Max Phantasm|p1a: Kyogre
|-damage|p1a: Kyogre|0 fnt
|faint|p1a: Kyogre
|
|-weather|Hail|[upkeep]
|-damage|p2a: Giratina|58/100|[from] Hail
|upkeep
|
|t:|1616697537
|switch|p1a: Dugtrio|Dugtrio, M|100/100
|turn|17
|
|t:|1616697545
|move|p2a: Giratina|Max Guard|p2a: Giratina
|-singleturn|p2a: Giratina|Max Guard
|move|p1a: Dugtrio|Sucker Punch||[still]
|-fail|p1a: Dugtrio
|
|-weather|Hail|[upkeep]
|-damage|p1a: Dugtrio|94/100|[from] Hail
|-damage|p2a: Giratina|55/100|[from] Hail
|-end|p2a: Giratina|Dynamax
|-heal|p2a: Giratina|55/100|[silent]
|upkeep
|turn|18
|
|t:|1616697553
|move|p1a: Dugtrio|Sucker Punch|p2a: Giratina
|-supereffective|p2a: Giratina
|-damage|p2a: Giratina|27/100
|move|p2a: Giratina|Shadow Force||[still]
|-prepare|p2a: Giratina|Shadow Force
|
|-weather|Hail|[upkeep]
|-damage|p1a: Dugtrio|88/100|[from] Hail
|-damage|p2a: Giratina|21/100|[from] Hail
|upkeep
|turn|19
|
|t:|1616697561
|switch|p1a: Ho-Oh|Ho-Oh|100/100
|move|p2a: Giratina|Shadow Force|p1a: Ho-Oh|[from]lockedmove
|-damage|p1a: Ho-Oh|14/100
|
|-weather|none
|upkeep
|turn|20
|
|t:|1616697568
|switch|p1a: Dugtrio|Dugtrio, M|88/100
|move|p2a: Giratina|Shadow Sneak|p1a: Dugtrio
|-damage|p1a: Dugtrio|0 fnt
|faint|p1a: Dugtrio
|
|upkeep
|
|t:|1616697570
|switch|p1a: Ho-Oh|Ho-Oh|48/100
|turn|21
|
|t:|1616697575
|move|p2a: Giratina|Shadow Force||[still]
|-prepare|p2a: Giratina|Shadow Force
|move|p1a: Ho-Oh|Roost|p1a: Ho-Oh
|-heal|p1a: Ho-Oh|98/100
|-singleturn|p1a: Ho-Oh|move: Roost
|
|upkeep
|turn|22
|c|☆Strykr7560|GG
|
|t:|1616697582
|move|p2a: Giratina|Shadow Force|p1a: Ho-Oh|[from]lockedmove
|-damage|p1a: Ho-Oh|9/100
|move|p1a: Ho-Oh|Earthquake|p2a: Giratina
|-damage|p2a: Giratina|3/100
|
|upkeep
|turn|23
|-message|Acornion forfeited.
|
|win|Strykr7560
|raw|Acornion's rating: 1569 &rarr; <strong>1543</strong><br />(-26 for losing)
|raw|Strykr7560's rating: 1469 &rarr; <strong>1495</strong><br />(+26 for winning)
|l|☆Acornion
||Ladder isn't responding, score probably updated but might not have (Request timeout).
