|j|☆Diancie_hhh
|j|☆chopforce8
|t:|1661833557
|gametype|singles
|player|p1|Diancie_hhh|marnie|1783
|player|p2|chopforce8|red|1755
|teamsize|p1|6
|teamsize|p2|6
|gen|8
|tier|[Gen 8] National Dex AG
|rated|
|rule|HP Percentage Mod: HP is shown in percentages
|rule|Endless Battle Clause: Forcing endless battles is banned
|clearpoke
|poke|p1|Necrozma-Dusk-Mane|
|poke|p1|Calyrex-Shadow|
|poke|p1|Diancie|
|poke|p1|Xerneas-*|
|poke|p1|Zygarde|
|poke|p1|Arceus-*|
|poke|p2|Yveltal|
|poke|p2|Diancie|
|poke|p2|Calyrex-Shadow|
|poke|p2|Zacian-*|
|poke|p2|Ditto|
|poke|p2|Arceus-*|
|teampreview
|
|t:|1661833576
|start
|switch|p1a: Diancie|Diancie, shiny|100/100
|switch|p2a: ProfessorQuirrell|Calyrex-Shadow|100/100
|-ability|p2a: ProfessorQuirrell|As One
|-ability|p2a: ProfessorQuirrell|Unnerve
|turn|1
|
|t:|1661833589
|detailschange|p1a: Diancie|Diancie-Mega, shiny
|-mega|p1a: Diancie|Diancie|Diancite
|move|p2a: ProfessorQuirrell|Astral Barrage|p1a: Diancie
|-damage|p1a: Diancie|9/100
|move|p1a: Diancie|Moonblast|p2a: ProfessorQuirrell
|-damage|p2a: ProfessorQuirrell|50/100
|
|upkeep
|turn|2
|
|t:|1661833597
|move|p1a: Diancie|Protect|p1a: Diancie
|-singleturn|p1a: Diancie|Protect
|move|p2a: ProfessorQuirrell|Astral Barrage|p1a: Diancie
|-activate|p1a: Diancie|move: Protect
|
|upkeep
|turn|3
|
|t:|1661833603
|switch|p1a: Arceus|Arceus, shiny|100/100
|move|p2a: ProfessorQuirrell|Astral Barrage|p1a: Arceus
|-immune|p1a: Arceus
|
|upkeep
|turn|4
|
|t:|1661833610
|switch|p2a: Fluffy|Zacian-Crowned|100/100
|-ability|p2a: Fluffy|Intrepid Sword|boost
|-boost|p2a: Fluffy|atk|1
|move|p1a: Arceus|Swords Dance|p1a: Arceus
|-boost|p1a: Arceus|atk|2
|
|upkeep
|turn|5
|c|☆Diancie_hhh|毛茸茸
|
|t:|1661833619
|-start|p1a: Arceus|Dynamax|
|-heal|p1a: Arceus|100/100|[silent]
|move|p2a: Fluffy|Close Combat|p1a: Arceus
|-supereffective|p1a: Arceus
|-damage|p1a: Arceus|51/100
|-unboost|p2a: Fluffy|def|1
|-unboost|p2a: Fluffy|spd|1
|move|p1a: Arceus|Max Strike|p2a: Fluffy
|-resisted|p2a: Fluffy
|-damage|p2a: Fluffy|0 fnt
|faint|p2a: Fluffy
|-damage|p1a: Arceus|46/100|[from] item: Life Orb
|
|upkeep
|j| v87
|
|t:|1661833634
|switch|p2a: Harry Potter|Diancie|100/100
|turn|6
|
|t:|1661833643
|detailschange|p2a: Harry Potter|Diancie-Mega
|-mega|p2a: Harry Potter|Diancie|Diancite
|move|p2a: Harry Potter|Stealth Rock|p1a: Arceus
|-sidestart|p1: Diancie_hhh|move: Stealth Rock
|move|p1a: Arceus|Max Airstream|p2a: Harry Potter
|-resisted|p2a: Harry Potter
|-damage|p2a: Harry Potter|16/100
|-boost|p1a: Arceus|spe|1
|-damage|p1a: Arceus|41/100|[from] item: Life Orb
|
|upkeep
|turn|7
|
|t:|1661833653
|move|p1a: Arceus|Max Airstream|p2a: Harry Potter
|-resisted|p2a: Harry Potter
|-damage|p2a: Harry Potter|0 fnt
|-boost|p1a: Arceus|spe|1
|faint|p2a: Harry Potter
|-damage|p1a: Arceus|36/100|[from] item: Life Orb
|
|upkeep
|
|t:|1661833662
|switch|p2a: MirrorofErised|Ditto|100/100
|-transform|p2a: MirrorofErised|p1a: Arceus|[from] ability: Imposter
|-end|p1a: Arceus|Dynamax
|-heal|p1a: Arceus|36/100|[silent]
|turn|8
|
|t:|1661833675
|move|p2a: MirrorofErised|Extreme Speed|p1a: Arceus
|-damage|p1a: Arceus|0 fnt
|faint|p1a: Arceus
|
|upkeep
|
|t:|1661833682
|switch|p1a: Calyrex|Calyrex-Shadow|100/100
|-ability|p1a: Calyrex|As One
|-ability|p1a: Calyrex|Unnerve
|-damage|p1a: Calyrex|88/100|[from] Stealth Rock
|turn|9
|
|t:|1661833691
|-start|p2a: MirrorofErised|Dynamax|
|-heal|p2a: MirrorofErised|100/100|[silent]
|move|p2a: MirrorofErised|Max Airstream|p1a: Calyrex
|-damage|p1a: Calyrex|0 fnt
|-boost|p2a: MirrorofErised|spe|1
|faint|p1a: Calyrex
|
|upkeep
|
|t:|1661833703
|switch|p1a: Necrozma|Necrozma-Dusk-Mane, shiny|100/100
|-damage|p1a: Necrozma|94/100|[from] Stealth Rock
|turn|10
|
|t:|1661833711
|move|p2a: MirrorofErised|Max Strike|p1a: Necrozma
|-resisted|p1a: Necrozma
|-damage|p1a: Necrozma|59/100
|-unboost|p1a: Necrozma|spe|1
|move|p1a: Necrozma|Morning Sun|p1a: Necrozma
|-heal|p1a: Necrozma|100/100
|
|upkeep
|turn|11
|
|t:|1661833719
|-end|p2a: MirrorofErised|Dynamax
|-heal|p2a: MirrorofErised|100/100|[silent]
|switch|p2a: Voldemort|Yveltal|100/100
|-ability|p2a: Voldemort|Dark Aura
|move|p1a: Necrozma|Sunsteel Strike|p2a: Voldemort
|-damage|p2a: Voldemort|46/100
|
|upkeep
|turn|12
|
|t:|1661833729
|move|p2a: Voldemort|Dark Pulse|p1a: Necrozma
|-supereffective|p1a: Necrozma
|-damage|p1a: Necrozma|9/100
|-damage|p2a: Voldemort|36/100|[from] item: Life Orb
|move|p1a: Necrozma|Sunsteel Strike|p2a: Voldemort
|-damage|p2a: Voldemort|0 fnt
|faint|p2a: Voldemort
|
|upkeep
|j| rahull
|
|t:|1661833738
|switch|p2a: ProfessorQuirrell|Calyrex-Shadow|50/100
|-ability|p2a: ProfessorQuirrell|As One
|-ability|p2a: ProfessorQuirrell|Unnerve
|turn|13
|
|t:|1661833749
|move|p2a: ProfessorQuirrell|Astral Barrage|p1a: Necrozma
|-supereffective|p1a: Necrozma
|-damage|p1a: Necrozma|0 fnt
|faint|p1a: Necrozma
|-ability|p2a: ProfessorQuirrell|Grim Neigh|boost
|-boost|p2a: ProfessorQuirrell|spa|1
|
|upkeep
|
|t:|1661833757
|switch|p1a: Zygarde|Zygarde, shiny|100/100
|-damage|p1a: Zygarde|94/100|[from] Stealth Rock
|turn|14
|
|t:|1661833760
|move|p2a: ProfessorQuirrell|Astral Barrage|p1a: Zygarde
|-damage|p1a: Zygarde|21/100
|move|p1a: Zygarde|Glare|p2a: ProfessorQuirrell
|-status|p2a: ProfessorQuirrell|par
|
|-activate|p1a: Zygarde|ability: Power Construct
|detailschange|p1a: Zygarde|Zygarde-Complete, shiny
|-heal|p1a: Zygarde|48/100|[silent]
|upkeep
|turn|15
|
|t:|1661833771
|cant|p2a: ProfessorQuirrell|par
|move|p1a: Zygarde|Thousand Arrows|p2a: ProfessorQuirrell
|-damage|p2a: ProfessorQuirrell|12/100 par
|
|upkeep
|turn|16
|
|t:|1661833781
|move|p2a: ProfessorQuirrell|Baton Pass|p2a: ProfessorQuirrell
|
|t:|1661833782
|switch|p2a: Chess Wizard|Arceus-Flying|100/100|[from]move: Baton Pass
|move|p1a: Zygarde|Rest|p1a: Zygarde
|-status|p1a: Zygarde|slp|[from] move: Rest
|-heal|p1a: Zygarde|100/100 slp|[silent]
|-enditem|p1a: Zygarde|Chesto Berry|[eat]
|-curestatus|p1a: Zygarde|slp|[msg]
|
|upkeep
|turn|17
|
|t:|1661833790
|move|p2a: Chess Wizard|Calm Mind|p2a: Chess Wizard
|-boost|p2a: Chess Wizard|spa|1
|-boost|p2a: Chess Wizard|spd|1
|move|p1a: Zygarde|Glare|p2a: Chess Wizard
|-status|p2a: Chess Wizard|par
|
|upkeep
|turn|18
|
|t:|1661833795
|move|p1a: Zygarde|Coil|p1a: Zygarde
|-boost|p1a: Zygarde|atk|1
|-boost|p1a: Zygarde|def|1
|-boost|p1a: Zygarde|accuracy|1
|move|p2a: Chess Wizard|Judgment|p1a: Zygarde
|-damage|p1a: Zygarde|59/100
|
|upkeep
|turn|19
|
|t:|1661833803
|move|p1a: Zygarde|Thousand Arrows|p2a: Chess Wizard
|-damage|p2a: Chess Wizard|68/100 par
|-start|p2a: Chess Wizard|Smack Down
|move|p2a: Chess Wizard|Perish Song|p2a: Chess Wizard
|-start|p1a: Zygarde|perish3|[silent]
|-start|p2a: Chess Wizard|perish3|[silent]
|-fieldactivate|move: Perish Song
|
|-start|p1a: Zygarde|perish3
|-start|p2a: Chess Wizard|perish3
|upkeep
|turn|20
|
|t:|1661833815
|switch|p1a: Diancie|Diancie-Mega, shiny|9/100
|-damage|p1a: Diancie|0 fnt|[from] Stealth Rock
|faint|p1a: Diancie
|switch|p2a: ProfessorQuirrell|Calyrex-Shadow|12/100 par
|-ability|p2a: ProfessorQuirrell|As One
|-ability|p2a: ProfessorQuirrell|Unnerve
|
|upkeep
|
|t:|1661833827
|switch|p1a: Xerneas|Xerneas, shiny|100/100
|-damage|p1a: Xerneas|88/100|[from] Stealth Rock
|-ability|p1a: Xerneas|Fairy Aura
|turn|21
|
|t:|1661833832
|move|p1a: Xerneas|Moonblast|p2a: ProfessorQuirrell
|-damage|p2a: ProfessorQuirrell|0 fnt
|faint|p2a: ProfessorQuirrell
|
|upkeep
|
|t:|1661833839
|switch|p2a: Chess Wizard|Arceus-Flying|68/100 par
|turn|22
|
|t:|1661833843
|move|p1a: Xerneas|Thunder|p2a: Chess Wizard
|-supereffective|p2a: Chess Wizard
|-damage|p2a: Chess Wizard|9/100 par
|cant|p2a: Chess Wizard|par
|
|upkeep
|turn|23
|
|t:|1661833850
|move|p1a: Xerneas|Moonblast|p2a: Chess Wizard
|-damage|p2a: Chess Wizard|0 fnt
|faint|p2a: Chess Wizard
|
|upkeep
|
|t:|1661833853
|switch|p2a: MirrorofErised|Ditto|100/100
|-transform|p2a: MirrorofErised|p1a: Xerneas|[from] ability: Imposter
|-ability|p2a: MirrorofErised|Fairy Aura
|turn|24
|
|t:|1661833859
|move|p2a: MirrorofErised|Moonblast|p1a: Xerneas
|-damage|p1a: Xerneas|23/100
|move|p1a: Xerneas|Geomancy||[still]
|-prepare|p1a: Xerneas|Geomancy
|-enditem|p1a: Xerneas|Power Herb
|-anim|p1a: Xerneas|Geomancy|p1a: Xerneas
|-boost|p1a: Xerneas|spa|2
|-boost|p1a: Xerneas|spd|2
|-boost|p1a: Xerneas|spe|2
|
|upkeep
|turn|25
|
|t:|1661833866
|move|p1a: Xerneas|Moonblast|p2a: MirrorofErised
|-damage|p2a: MirrorofErised|0 fnt
|faint|p2a: MirrorofErised
|
|win|Diancie_hhh
|raw|Diancie_hhh's rating: 1783 &rarr; <strong>1801</strong><br />(+18 for winning)
|raw|chopforce8's rating: 1755 &rarr; <strong>1737</strong><br />(-18 for losing)
|c|☆chopforce8|gg
|l|☆chopforce8
|c|☆Diancie_hhh|gg
|l| v87
