|j|☆Hikhanh123
|j|☆876ModernDayNinja
|t:|1665255730
|gametype|singles
|player|p1|Hikhanh123|wallace|1658
|player|p2|876ModernDayNinja|shadowtriad|1717
|teamsize|p1|6
|teamsize|p2|6
|gen|8
|tier|[Gen 8] National Dex AG
|rated|
|rule|HP Percentage Mod: HP is shown in percentages
|rule|Endless Battle Clause: Forcing endless battles is banned
|clearpoke
|poke|p1|Zacian-*|
|poke|p1|Groudon|
|poke|p1|Yveltal|
|poke|p1|Calyrex-Shadow|
|poke|p1|Rayquaza|
|poke|p1|Marshadow|
|poke|p2|Arceus-*|
|poke|p2|Groudon|
|poke|p2|Chansey, F|
|poke|p2|Marshadow|
|poke|p2|Necrozma-Dusk-Mane|
|poke|p2|Ho-Oh|
|teampreview
|inactive|Battle timer is ON: inactive players will automatically lose when time's up. (requested by Hikhanh123)
|inactive|876ModernDayNinja has 120 seconds left.
|
|t:|1665255771
|start
|switch|p1a: Groudon|Groudon|100/100
|switch|p2a: Necrozma|Necrozma-Dusk-Mane|100/100
|detailschange|p1a: Groudon|Groudon-Primal
|-primal|p1a: Groudon
|-weather|DesolateLand|[from] ability: Desolate Land|[of] p1a: Groudon
|turn|1
|
|t:|1665255776
|move|p1a: Groudon|Thunder Wave|p2a: Necrozma
|-status|p2a: Necrozma|par
|move|p2a: Necrozma|Toxic|p1a: Groudon
|-status|p1a: Groudon|tox
|
|-weather|DesolateLand|[upkeep]
|-damage|p1a: Groudon|94/100 tox|[from] psn
|upkeep
|turn|2
|
|t:|1665255783
|switch|p2a: Ho-Oh|Ho-Oh|100/100
|move|p1a: Groudon|Stealth Rock|p2a: Ho-Oh
|-sidestart|p2: 876ModernDayNinja|move: Stealth Rock
|
|-weather|DesolateLand|[upkeep]
|-damage|p1a: Groudon|82/100 tox|[from] psn
|upkeep
|turn|3
|
|t:|1665255789
|switch|p2a: Necrozma|Necrozma-Dusk-Mane|100/100 par
|-damage|p2a: Necrozma|94/100 par|[from] Stealth Rock
|move|p1a: Groudon|Thunder Wave|p2a: Necrozma
|-fail|p2a: Necrozma|par
|
|-weather|DesolateLand|[upkeep]
|-damage|p1a: Groudon|63/100 tox|[from] psn
|upkeep
|turn|4
|
|t:|1665255797
|switch|p2a: Ho-Oh|Ho-Oh|100/100
|move|p1a: Groudon|Fire Punch|p2a: Ho-Oh
|-resisted|p2a: Ho-Oh
|-damage|p2a: Ho-Oh|81/100
|
|-weather|DesolateLand|[upkeep]
|-damage|p1a: Groudon|39/100 tox|[from] psn
|upkeep
|turn|5
|
|t:|1665255804
|move|p2a: Ho-Oh|Defog|p1a: Groudon
|-unboost|p1a: Groudon|evasion|1
|-sideend|p2: 876ModernDayNinja|Stealth Rock|[from] move: Defog|[of] p2a: Ho-Oh
|move|p1a: Groudon|Fire Punch|p2a: Ho-Oh
|-resisted|p2a: Ho-Oh
|-damage|p2a: Ho-Oh|58/100
|
|-weather|DesolateLand|[upkeep]
|-damage|p1a: Groudon|8/100 tox|[from] psn
|upkeep
|turn|6
|
|t:|1665255812
|move|p2a: Ho-Oh|Sacred Fire|p1a: Groudon
|-resisted|p1a: Groudon
|-damage|p1a: Groudon|0 fnt
|faint|p1a: Groudon
|-weather|none
|
|upkeep
|
|t:|1665255824
|switch|p1a: Marshadow|Marshadow|100/100
|turn|7
|
|t:|1665255827
|switch|p2a: Necrozma|Necrozma-Dusk-Mane|94/100 par
|move|p1a: Marshadow|Rock Tomb|p2a: Necrozma
|-resisted|p2a: Necrozma
|-damage|p2a: Necrozma|87/100 par
|-unboost|p2a: Necrozma|spe|1
|
|upkeep
|turn|8
|
|t:|1665255843
|switch|p1a: Zacian|Zacian-Crowned|100/100
|-ability|p1a: Zacian|Intrepid Sword|boost
|-boost|p1a: Zacian|atk|1
|move|p2a: Necrozma|Sunsteel Strike|p1a: Zacian
|-crit|p1a: Zacian
|-damage|p1a: Zacian|33/100
|
|upkeep
|turn|9
|
|t:|1665255853
|move|p1a: Zacian|Substitute|p1a: Zacian
|-start|p1a: Zacian|Substitute
|-damage|p1a: Zacian|8/100
|move|p2a: Necrozma|Sunsteel Strike|p1a: Zacian
|-end|p1a: Zacian|Substitute
|
|upkeep
|turn|10
|
|t:|1665255859
|move|p1a: Zacian|Sacred Sword|p2a: Necrozma
|-crit|p2a: Necrozma
|-damage|p2a: Necrozma|45/100 par
|move|p2a: Necrozma|Sunsteel Strike|p1a: Zacian
|-damage|p1a: Zacian|0 fnt
|faint|p1a: Zacian
|
|upkeep
|
|t:|1665255864
|switch|p1a: Yveltal|Yveltal|100/100
|-ability|p1a: Yveltal|Dark Aura
|turn|11
|
|t:|1665255871
|switch|p2a: Chansey|Chansey, F|100/100
|move|p1a: Yveltal|Dark Pulse|p2a: Chansey
|-damage|p2a: Chansey|77/100
|-damage|p1a: Yveltal|91/100|[from] item: Life Orb
|
|upkeep
|turn|12
|
|t:|1665255880
|switch|p1a: Marshadow|Marshadow|100/100
|switch|p2a: Arceus|Arceus-Electric|100/100
|
|upkeep
|turn|13
|
|t:|1665255899
|move|p1a: Marshadow|Spectral Thief|p2a: Arceus
|-damage|p2a: Arceus|64/100
|move|p2a: Arceus|Recover|p2a: Arceus
|-heal|p2a: Arceus|100/100
|
|upkeep
|turn|14
|
|t:|1665255905
|move|p1a: Marshadow|Rock Tomb|p2a: Arceus
|-damage|p2a: Arceus|77/100
|-unboost|p2a: Arceus|spe|1
|move|p2a: Arceus|Judgment|p1a: Marshadow
|-damage|p1a: Marshadow|36/100
|
|upkeep
|turn|15
|
|t:|1665255915
|move|p1a: Marshadow|Close Combat|p2a: Arceus
|-damage|p2a: Arceus|27/100
|-unboost|p1a: Marshadow|def|1
|-unboost|p1a: Marshadow|spd|1
|move|p2a: Arceus|Ice Beam|p1a: Marshadow
|-damage|p1a: Marshadow|0 fnt
|faint|p1a: Marshadow
|
|upkeep
|
|t:|1665255921
|switch|p1a: Calyrex|Calyrex-Shadow|100/100
|-ability|p1a: Calyrex|As One
|-ability|p1a: Calyrex|Unnerve
|turn|16
|l|☆876ModernDayNinja
|inactive|876ModernDayNinja disconnected and has a minute to reconnect!
|player|p2|
|inactive|876ModernDayNinja has 30 seconds to reconnect!
|j|☆876ModernDayNinja
|inactive|876ModernDayNinja reconnected and has 90 seconds left.
|player|p2|876ModernDayNinja|shadowtriad
|
|t:|1665255987
|-start|p1a: Calyrex|Dynamax|
|-heal|p1a: Calyrex|100/100|[silent]
|move|p1a: Calyrex|Max Mindstorm|p2a: Arceus
|-damage|p2a: Arceus|0 fnt
|-fieldstart|move: Psychic Terrain
|faint|p2a: Arceus
|-ability|p1a: Calyrex|Grim Neigh|boost
|-boost|p1a: Calyrex|spa|1
|
|upkeep
|
|t:|1665255993
|switch|p2a: Chansey|Chansey, F|77/100
|turn|17
|
|t:|1665255996
|move|p1a: Calyrex|Max Mindstorm|p2a: Chansey
|-damage|p2a: Chansey|25/100
|move|p2a: Chansey|Toxic|p1a: Calyrex
|-status|p1a: Calyrex|tox
|
|-damage|p1a: Calyrex|97/100 tox|[from] psn
|upkeep
|turn|18
|
|t:|1665256006
|switch|p2a: Necrozma|Necrozma-Dusk-Mane|45/100 par
|move|p1a: Calyrex|Max Mindstorm|p2a: Necrozma
|-resisted|p2a: Necrozma
|-damage|p2a: Necrozma|12/100 par
|
|-damage|p1a: Calyrex|91/100 tox|[from] psn
|upkeep
|-end|p1a: Calyrex|Dynamax
|-heal|p1a: Calyrex|91/100 tox|[silent]
|turn|19
|inactive|876ModernDayNinja has 90 seconds left.
|
|t:|1665256027
|move|p1a: Calyrex|Expanding Force|p2a: Necrozma
|-resisted|p2a: Necrozma
|-damage|p2a: Necrozma|0 fnt
|faint|p2a: Necrozma
|-ability|p1a: Calyrex|Grim Neigh|boost
|-boost|p1a: Calyrex|spa|1
|
|-damage|p1a: Calyrex|73/100 tox|[from] psn
|upkeep
|inactive|876ModernDayNinja has 90 seconds left.
|
|t:|1665256037
|switch|p2a: Chansey|Chansey, F|25/100
|turn|20
|inactive|876ModernDayNinja has 90 seconds left.
|
|t:|1665256044
|move|p2a: Chansey|Protect|p2a: Chansey
|-singleturn|p2a: Chansey|Protect
|move|p1a: Calyrex|Expanding Force|p2a: Chansey
|-activate|p2a: Chansey|move: Protect
|
|-damage|p1a: Calyrex|48/100 tox|[from] psn
|-fieldend|move: Psychic Terrain
|upkeep
|turn|21
|
|t:|1665256048
|move|p1a: Calyrex|Expanding Force|p2a: Chansey
|-damage|p2a: Chansey|0 fnt
|faint|p2a: Chansey
|-ability|p1a: Calyrex|Grim Neigh|boost
|-boost|p1a: Calyrex|spa|1
|
|-damage|p1a: Calyrex|18/100 tox|[from] psn
|upkeep
|
|t:|1665256055
|switch|p2a: Marshadow|Marshadow|100/100
|turn|22
|
|t:|1665256060
|switch|p1a: Yveltal|Yveltal|91/100
|-ability|p1a: Yveltal|Dark Aura
|move|p2a: Marshadow|Shadow Sneak|p1a: Yveltal
|-resisted|p1a: Yveltal
|-damage|p1a: Yveltal|76/100
|
|upkeep
|turn|23
|
|t:|1665256075
|-start|p2a: Marshadow|Dynamax|
|-heal|p2a: Marshadow|100/100|[silent]
|move|p2a: Marshadow|Max Knuckle|p1a: Yveltal
|-damage|p1a: Yveltal|29/100
|-boost|p2a: Marshadow|atk|1
|move|p1a: Yveltal|Oblivion Wing|p2a: Marshadow
|-supereffective|p2a: Marshadow
|-damage|p2a: Marshadow|39/100
|-heal|p1a: Yveltal|100/100|[from] drain|[of] p2a: Marshadow
|-damage|p1a: Yveltal|91/100|[from] item: Life Orb
|
|upkeep
|turn|24
|
|t:|1665256089
|-end|p2a: Marshadow|Dynamax
|-heal|p2a: Marshadow|39/100|[silent]
|switch|p2a: Ho-Oh|Ho-Oh|92/100
|move|p1a: Yveltal|Oblivion Wing|p2a: Ho-Oh
|-damage|p2a: Ho-Oh|61/100
|-heal|p1a: Yveltal|100/100|[from] drain|[of] p2a: Ho-Oh
|-damage|p1a: Yveltal|91/100|[from] item: Life Orb
|
|upkeep
|turn|25
|
|t:|1665256098
|move|p1a: Yveltal|Dark Pulse|p2a: Ho-Oh
|-damage|p2a: Ho-Oh|17/100
|-damage|p1a: Yveltal|81/100|[from] item: Life Orb
|move|p2a: Ho-Oh|Roost|p2a: Ho-Oh
|-heal|p2a: Ho-Oh|67/100
|-singleturn|p2a: Ho-Oh|move: Roost
|
|upkeep
|turn|26
|inactive|876ModernDayNinja has 120 seconds left.
|
|t:|1665256107
|move|p1a: Yveltal|Oblivion Wing|p2a: Ho-Oh
|-damage|p2a: Ho-Oh|33/100
|-heal|p1a: Yveltal|100/100|[from] drain|[of] p2a: Ho-Oh
|-damage|p1a: Yveltal|91/100|[from] item: Life Orb
|move|p2a: Ho-Oh|Roost|p2a: Ho-Oh
|-heal|p2a: Ho-Oh|83/100
|-singleturn|p2a: Ho-Oh|move: Roost
|
|upkeep
|turn|27
|
|t:|1665256116
|move|p1a: Yveltal|Oblivion Wing|p2a: Ho-Oh
|-damage|p2a: Ho-Oh|51/100
|-heal|p1a: Yveltal|100/100|[from] drain|[of] p2a: Ho-Oh
|-damage|p1a: Yveltal|91/100|[from] item: Life Orb
|move|p2a: Ho-Oh|Toxic|p1a: Yveltal
|-status|p1a: Yveltal|tox
|
|-damage|p1a: Yveltal|84/100 tox|[from] psn
|upkeep
|turn|28
|
|t:|1665256124
|move|p1a: Yveltal|Dark Pulse|p2a: Ho-Oh
|-damage|p2a: Ho-Oh|9/100
|-damage|p1a: Yveltal|75/100 tox|[from] item: Life Orb
|move|p2a: Ho-Oh|Roost|p2a: Ho-Oh
|-heal|p2a: Ho-Oh|59/100
|-singleturn|p2a: Ho-Oh|move: Roost
|
|-damage|p1a: Yveltal|62/100 tox|[from] psn
|upkeep
|turn|29
|
|t:|1665256131
|switch|p1a: Rayquaza|Rayquaza|100/100
|-ability|p1a: Rayquaza|Air Lock
|move|p2a: Ho-Oh|Roost|p2a: Ho-Oh
|-heal|p2a: Ho-Oh|100/100
|-singleturn|p2a: Ho-Oh|move: Roost
|
|upkeep
|turn|30
|
|t:|1665256139
|detailschange|p1a: Rayquaza|Rayquaza-Mega
|-mega|p1a: Rayquaza|Rayquaza|
|-weather|DeltaStream|[from] ability: Delta Stream|[of] p1a: Rayquaza
|move|p1a: Rayquaza|Waterfall|p2a: Ho-Oh
|-supereffective|p2a: Ho-Oh
|-damage|p2a: Ho-Oh|51/100
|move|p2a: Ho-Oh|Toxic|p1a: Rayquaza
|-status|p1a: Rayquaza|tox
|
|-weather|DeltaStream|[upkeep]
|-damage|p1a: Rayquaza|95/100 tox|[from] psn
|upkeep
|turn|31
|
|t:|1665256146
|move|p1a: Rayquaza|Waterfall|p2a: Ho-Oh
|-supereffective|p2a: Ho-Oh
|-damage|p2a: Ho-Oh|4/100
|move|p2a: Ho-Oh|Roost|p2a: Ho-Oh
|-heal|p2a: Ho-Oh|54/100
|-singleturn|p2a: Ho-Oh|move: Roost
|
|-weather|DeltaStream|[upkeep]
|-damage|p1a: Rayquaza|83/100 tox|[from] psn
|upkeep
|turn|32
|
|t:|1665256153
|switch|p2a: Groudon|Groudon|100/100
|detailschange|p2a: Groudon|Groudon-Primal
|-primal|p2a: Groudon
|-weather|DesolateLand|[from] ability: Desolate Land|[of] p2a: Groudon
|move|p1a: Rayquaza|Waterfall||[still]
|-fail|p1a: Rayquaza|Waterfall|[from] Desolate Land
|
|-weather|DesolateLand|[upkeep]
|-damage|p1a: Rayquaza|65/100 tox|[from] psn
|upkeep
|turn|33
|
|t:|1665256161
|switch|p1a: Yveltal|Yveltal|62/100 tox
|-ability|p1a: Yveltal|Dark Aura
|-weather|none
|switch|p2a: Ho-Oh|Ho-Oh|87/100
|
|-damage|p1a: Yveltal|56/100 tox|[from] psn
|upkeep
|turn|34
|
|t:|1665256169
|move|p1a: Yveltal|Dark Pulse|p2a: Ho-Oh
|-damage|p2a: Ho-Oh|43/100
|-damage|p1a: Yveltal|46/100 tox|[from] item: Life Orb
|move|p2a: Ho-Oh|Roost|p2a: Ho-Oh
|-heal|p2a: Ho-Oh|93/100
|-singleturn|p2a: Ho-Oh|move: Roost
|
|-damage|p1a: Yveltal|34/100 tox|[from] psn
|upkeep
|turn|35
|
|t:|1665256179
|move|p1a: Yveltal|Oblivion Wing|p2a: Ho-Oh
|-damage|p2a: Ho-Oh|61/100
|-heal|p1a: Yveltal|59/100 tox|[from] drain|[of] p2a: Ho-Oh
|-damage|p1a: Yveltal|49/100 tox|[from] item: Life Orb
|move|p2a: Ho-Oh|Roost|p2a: Ho-Oh
|-heal|p2a: Ho-Oh|100/100
|-singleturn|p2a: Ho-Oh|move: Roost
|
|-damage|p1a: Yveltal|31/100 tox|[from] psn
|upkeep
|turn|36
|
|t:|1665256189
|move|p1a: Yveltal|Oblivion Wing|p2a: Ho-Oh
|-crit|p2a: Ho-Oh
|-damage|p2a: Ho-Oh|55/100
|-heal|p1a: Yveltal|67/100 tox|[from] drain|[of] p2a: Ho-Oh
|-damage|p1a: Yveltal|57/100 tox|[from] item: Life Orb
|move|p2a: Ho-Oh|Sacred Fire|p1a: Yveltal
|-damage|p1a: Yveltal|20/100 tox
|
|-damage|p1a: Yveltal|0 fnt|[from] psn
|faint|p1a: Yveltal
|upkeep
|
|t:|1665256192
|switch|p1a: Calyrex|Calyrex-Shadow|18/100 tox
|-ability|p1a: Calyrex|As One
|-ability|p1a: Calyrex|Unnerve
|turn|37
|
|t:|1665256205
|switch|p2a: Groudon|Groudon-Primal|100/100
|-weather|DesolateLand|[from] ability: Desolate Land|[of] p2a: Groudon
|move|p1a: Calyrex|Astral Barrage|p2a: Groudon
|-damage|p2a: Groudon|0 fnt
|faint|p2a: Groudon
|-weather|none
|-ability|p1a: Calyrex|Grim Neigh|boost
|-boost|p1a: Calyrex|spa|1
|
|-damage|p1a: Calyrex|11/100 tox|[from] psn
|upkeep
|
|t:|1665256224
|switch|p2a: Marshadow|Marshadow|39/100
|turn|38
|
|t:|1665256228
|move|p2a: Marshadow|Shadow Sneak|p1a: Calyrex
|-supereffective|p1a: Calyrex
|-damage|p1a: Calyrex|0 fnt
|faint|p1a: Calyrex
|
|upkeep
|
|t:|1665256229
|switch|p1a: Rayquaza|Rayquaza-Mega|65/100 tox
|-weather|DeltaStream|[from] ability: Delta Stream|[of] p1a: Rayquaza
|turn|39
|
|t:|1665256238
|move|p2a: Marshadow|Shadow Sneak|p1a: Rayquaza
|-damage|p1a: Rayquaza|32/100 tox
|move|p1a: Rayquaza|Waterfall|p2a: Marshadow
|-damage|p2a: Marshadow|0 fnt
|faint|p2a: Marshadow
|
|-weather|DeltaStream|[upkeep]
|-damage|p1a: Rayquaza|26/100 tox|[from] psn
|upkeep
|
|t:|1665256245
|switch|p2a: Ho-Oh|Ho-Oh|88/100
|turn|40
|
|t:|1665256248
|move|p1a: Rayquaza|Waterfall|p2a: Ho-Oh
|-supereffective|p2a: Ho-Oh
|-damage|p2a: Ho-Oh|39/100
|cant|p2a: Ho-Oh|flinch
|
|-weather|DeltaStream|[upkeep]
|-damage|p1a: Rayquaza|14/100 tox|[from] psn
|upkeep
|turn|41
|
|t:|1665256255
|move|p1a: Rayquaza|Waterfall|p2a: Ho-Oh
|-supereffective|p2a: Ho-Oh
|-damage|p2a: Ho-Oh|0 fnt
|faint|p2a: Ho-Oh
|
|win|Hikhanh123
|raw|Hikhanh123's rating: 1658 &rarr; <strong>1681</strong><br />(+23 for winning)
|raw|876ModernDayNinja's rating: 1717 &rarr; <strong>1694</strong><br />(-23 for losing)
|c|☆876ModernDayNinja|gg
|l|☆876ModernDayNinja
