|j|☆cllout
|j|☆moyv123
|t:|1668745575
|gametype|singles
|player|p1|cllout|red-masters|1652
|player|p2|moyv123|169|1793
|teamsize|p1|6
|teamsize|p2|6
|gen|8
|tier|[Gen 8] National Dex AG
|rated|
|rule|HP Percentage Mod: HP is shown in percentages
|rule|Endless Battle Clause: Forcing endless battles is banned
|clearpoke
|poke|p1|Rayquaza|
|poke|p1|Eternatus|
|poke|p1|Necrozma-Dusk-Mane|
|poke|p1|Yveltal|
|poke|p1|Calyrex-Shadow|
|poke|p1|Marshadow|
|poke|p2|Zacian-*|
|poke|p2|Kyogre|
|poke|p2|Rayquaza|
|poke|p2|Marshadow|
|poke|p2|Ditto|
|poke|p2|Arceus-*|
|teampreview
|inactive|Battle timer is ON: inactive players will automatically lose when time's up. (requested by cllout)
|
|t:|1668745598
|start
|switch|p1a: Caly|Calyrex-Shadow|100/100
|switch|p2a: Arceus|Arceus-Electric|100/100
|-ability|p1a: Caly|As One
|-ability|p1a: Caly|Unnerve
|turn|1
|inactive|cllout has 120 seconds left.
|
|t:|1668745631
|-start|p2a: Arceus|Dynamax|
|-heal|p2a: Arceus|100/100|[silent]
|move|p1a: Caly|Nasty Plot|p1a: Caly
|-boost|p1a: Caly|spa|2
|move|p2a: Arceus|Max Lightning|p1a: Caly
|-damage|p1a: Caly|23/100
|-fieldstart|move: Electric Terrain
|
|upkeep
|turn|2
|
|t:|1668745642
|move|p1a: Caly|Astral Barrage|p2a: Arceus
|-damage|p2a: Arceus|43/100
|move|p2a: Arceus|Max Hailstorm|p1a: Caly
|-damage|p1a: Caly|0 fnt
|-weather|Hail
|faint|p1a: Caly
|
|-weather|Hail|[upkeep]
|-damage|p2a: Arceus|40/100|[from] Hail
|upkeep
|inactive|cllout has 120 seconds left.
|
|t:|1668745679
|switch|p1a: Ray|Rayquaza|100/100
|-ability|p1a: Ray|Air Lock
|turn|3
|
|t:|1668745689
|detailschange|p1a: Ray|Rayquaza-Mega
|-mega|p1a: Ray|Rayquaza|
|-weather|DeltaStream|[from] ability: Delta Stream|[of] p1a: Ray
|move|p2a: Arceus|Max Hailstorm|p1a: Ray
|-activate||deltastream
|-supereffective|p1a: Ray
|-damage|p1a: Ray|22/100
|move|p1a: Ray|V-create|p2a: Arceus
|-damage|p2a: Arceus|0 fnt
|-unboost|p1a: Ray|spe|1
|-unboost|p1a: Ray|def|1
|-unboost|p1a: Ray|spd|1
|faint|p2a: Arceus
|-damage|p1a: Ray|12/100|[from] item: Life Orb
|
|-weather|DeltaStream|[upkeep]
|upkeep
|
|t:|1668745703
|switch|p2a: Marshadow|Marshadow|100/100
|turn|4
|
|t:|1668745720
|-activate|p1a: Ray|move: Pursuit
|move|p2a: Marshadow|Pursuit|p1a: Ray|[from]Pursuit
|-damage|p1a: Ray|0 fnt
|faint|p1a: Ray
|-weather|none
|-damage|p2a: Marshadow|91/100|[from] item: Life Orb
|-hint|A Pokemon can't switch between when it runs out of HP and when it faints
|
|upkeep
|
|t:|1668745724
|switch|p1a: Dusk-Mane|Necrozma-Dusk-Mane|100/100
|turn|5
|
|t:|1668745754
|switch|p2a: Kyogre|Kyogre|100/100
|detailschange|p2a: Kyogre|Kyogre-Primal
|-primal|p2a: Kyogre
|-weather|PrimordialSea|[from] ability: Primordial Sea|[of] p2a: Kyogre
|move|p1a: Dusk-Mane|Thunder Wave|p2a: Kyogre
|-status|p2a: Kyogre|par
|
|-weather|PrimordialSea|[upkeep]
|-fieldend|move: Electric Terrain
|upkeep
|turn|6
|
|t:|1668745772
|move|p1a: Dusk-Mane|Stealth Rock|p2a: Kyogre
|-sidestart|p2: moyv123|move: Stealth Rock
|move|p2a: Kyogre|Water Spout|p1a: Dusk-Mane
|-damage|p1a: Dusk-Mane|0 fnt
|faint|p1a: Dusk-Mane
|
|-weather|PrimordialSea|[upkeep]
|upkeep
|
|t:|1668745778
|switch|p1a: Marsh|Marshadow|100/100
|turn|7
|
|t:|1668745795
|move|p1a: Marsh|Swagger|p2a: Kyogre
|-boost|p2a: Kyogre|atk|2
|-start|p2a: Kyogre|confusion
|-activate|p2a: Kyogre|confusion
|-damage|p2a: Kyogre|80/100 par|[from] confusion
|
|-weather|PrimordialSea|[upkeep]
|upkeep
|turn|8
|
|t:|1668745804
|move|p1a: Marsh|Spectral Thief||[still]
|-clearpositiveboost|p2a: Kyogre|p1a: Marsh|move: Spectral Thief
|-boost|p1a: Marsh|atk|2
|-anim|p1a: Marsh|Spectral Thief|p2a: Kyogre
|-damage|p2a: Kyogre|0 fnt
|faint|p2a: Kyogre
|-weather|none
|
|upkeep
|c|☆cllout|ez
|
|t:|1668745815
|switch|p2a: Ditto|Ditto|100/100
|-damage|p2a: Ditto|88/100|[from] Stealth Rock
|-transform|p2a: Ditto|p1a: Marsh|[from] ability: Imposter
|turn|9
|
|t:|1668745823
|move|p2a: Ditto|Shadow Sneak|p1a: Marsh
|-supereffective|p1a: Marsh
|-enditem|p1a: Marsh|Focus Sash
|-damage|p1a: Marsh|1/100
|move|p1a: Marsh|Spectral Thief||[still]
|-clearpositiveboost|p2a: Ditto|p1a: Marsh|move: Spectral Thief
|-boost|p1a: Marsh|atk|2
|-anim|p1a: Marsh|Spectral Thief|p2a: Ditto
|-supereffective|p2a: Ditto
|-damage|p2a: Ditto|0 fnt
|faint|p2a: Ditto
|
|upkeep
|c|☆cllout|thanks bro
|
|t:|1668745843
|switch|p2a: Marshadow|Marshadow|91/100
|-damage|p2a: Marshadow|84/100|[from] Stealth Rock
|turn|10
|
|t:|1668745855
|move|p2a: Marshadow|Shadow Sneak|p1a: Marsh
|-supereffective|p1a: Marsh
|-damage|p1a: Marsh|0 fnt
|faint|p1a: Marsh
|-damage|p2a: Marshadow|74/100|[from] item: Life Orb
|
|upkeep
|inactive|cllout has 120 seconds left.
|
|t:|1668745879
|switch|p1a: Yvelt|Yveltal, shiny|100/100
|-ability|p1a: Yvelt|Dark Aura
|turn|11
|
|t:|1668745894
|move|p2a: Marshadow|Close Combat|p1a: Yvelt
|-damage|p1a: Yvelt|27/100
|-unboost|p2a: Marshadow|def|1
|-unboost|p2a: Marshadow|spd|1
|-damage|p2a: Marshadow|64/100|[from] item: Life Orb
|move|p1a: Yvelt|Knock Off|p2a: Marshadow
|-damage|p2a: Marshadow|0 fnt
|-enditem|p2a: Marshadow|Life Orb|[from] move: Knock Off|[of] p1a: Yvelt
|faint|p2a: Marshadow
|
|upkeep
|
|t:|1668745907
|switch|p2a: Rayquaza|Rayquaza|100/100
|-damage|p2a: Rayquaza|76/100|[from] Stealth Rock
|-ability|p2a: Rayquaza|Air Lock
|turn|12
|
|t:|1668745919
|detailschange|p2a: Rayquaza|Rayquaza-Mega
|-mega|p2a: Rayquaza|Rayquaza|
|-weather|DeltaStream|[from] ability: Delta Stream|[of] p2a: Rayquaza
|move|p2a: Rayquaza|Extreme Speed|p1a: Yvelt
|-damage|p1a: Yvelt|0 fnt
|faint|p1a: Yvelt
|-damage|p2a: Rayquaza|66/100|[from] item: Life Orb
|
|-weather|DeltaStream|[upkeep]
|upkeep
|
|t:|1668745923
|switch|p1a: Etern|Eternatus|100/100
|-ability|p1a: Etern|Pressure
|turn|13
|inactive|cllout has 120 seconds left.
|
|t:|1668745936
|move|p2a: Rayquaza|Extreme Speed|p1a: Etern
|-damage|p1a: Etern|65/100
|-damage|p2a: Rayquaza|56/100|[from] item: Life Orb
|move|p1a: Etern|Cosmic Power|p1a: Etern
|-boost|p1a: Etern|def|1
|-boost|p1a: Etern|spd|1
|
|-weather|DeltaStream|[upkeep]
|-heal|p1a: Etern|72/100|[from] item: Black Sludge
|upkeep
|turn|14
|inactive|cllout has 120 seconds left.
|
|t:|1668745955
|move|p2a: Rayquaza|Dragon Ascent|p1a: Etern
|-damage|p1a: Etern|19/100
|-unboost|p2a: Rayquaza|def|1
|-unboost|p2a: Rayquaza|spd|1
|-damage|p2a: Rayquaza|46/100|[from] item: Life Orb
|move|p1a: Etern|Recover|p1a: Etern
|-heal|p1a: Etern|69/100
|
|-weather|DeltaStream|[upkeep]
|-heal|p1a: Etern|76/100|[from] item: Black Sludge
|upkeep
|turn|15
|inactive|cllout has 120 seconds left.
|
|t:|1668745966
|move|p2a: Rayquaza|Dragon Ascent|p1a: Etern
|-damage|p1a: Etern|29/100
|-unboost|p2a: Rayquaza|def|1
|-unboost|p2a: Rayquaza|spd|1
|-damage|p2a: Rayquaza|36/100|[from] item: Life Orb
|move|p1a: Etern|Recover|p1a: Etern
|-heal|p1a: Etern|79/100
|
|-weather|DeltaStream|[upkeep]
|-heal|p1a: Etern|85/100|[from] item: Black Sludge
|upkeep
|turn|16
|inactive|cllout has 120 seconds left.
|
|t:|1668745978
|move|p2a: Rayquaza|Dragon Ascent|p1a: Etern
|-damage|p1a: Etern|38/100
|-unboost|p2a: Rayquaza|def|1
|-unboost|p2a: Rayquaza|spd|1
|-damage|p2a: Rayquaza|26/100|[from] item: Life Orb
|move|p1a: Etern|Cosmic Power|p1a: Etern
|-boost|p1a: Etern|def|1
|-boost|p1a: Etern|spd|1
|
|-weather|DeltaStream|[upkeep]
|-heal|p1a: Etern|44/100|[from] item: Black Sludge
|upkeep
|turn|17
|
|t:|1668745990
|move|p2a: Rayquaza|Dragon Ascent|p1a: Etern
|-damage|p1a: Etern|3/100
|-unboost|p2a: Rayquaza|def|1
|-unboost|p2a: Rayquaza|spd|1
|-damage|p2a: Rayquaza|16/100|[from] item: Life Orb
|move|p1a: Etern|Recover|p1a: Etern
|-heal|p1a: Etern|53/100
|
|-weather|DeltaStream|[upkeep]
|-heal|p1a: Etern|59/100|[from] item: Black Sludge
|upkeep
|turn|18
|-message|moyv123 forfeited.
|
|win|cllout
|raw|cllout's rating: 1652 &rarr; <strong>1680</strong><br />(+28 for winning)
|raw|moyv123's rating: 1793 &rarr; <strong>1765</strong><br />(-28 for losing)
|l|☆moyv123
