|j|☆Glaliegoesboom ❤
|j|☆chopforce8
|t:|1641938973
|gametype|singles
|player|p1|Glaliegoesboom ❤|wulfric|1832
|player|p2|chopforce8|red|1815
|teamsize|p1|6
|teamsize|p2|6
|gen|8
|tier|[Gen 8] National Dex AG
|rated|
|rule|HP Percentage Mod: HP is shown in percentages
|rule|Endless Battle Clause: Forcing endless battles is banned
|clearpoke
|poke|p1|Necrozma-Dusk-Mane|
|poke|p1|Yveltal|
|poke|p1|Arceus-*|
|poke|p1|Blissey, F|
|poke|p1|Zygarde|
|poke|p1|Giratina-Origin|
|poke|p2|Arceus-*|
|poke|p2|Gengar, M|
|poke|p2|Arceus-*|
|poke|p2|Smeargle, F|
|poke|p2|Klefki, M|
|poke|p2|Shedinja|
|teampreview
|inactive|Battle timer is ON: inactive players will automatically lose when time's up. (requested by Glaliegoesboom ❤)
|
|t:|1641938981
|start
|switch|p1a: Necrozma|Necrozma-Dusk-Mane|100/100
|switch|p2a: Starter Kit|Smeargle, F|100/100
|turn|1
|
|t:|1641938990
|switch|p1a: Zygarde|Zygarde, shiny|100/100
|move|p2a: Starter Kit|Spore|p1a: Zygarde
|-activate|p1a: Zygarde|item: Safety Goggles|Spore
|
|-ability|p2a: Starter Kit|Moody|boost
|-boost|p2a: Starter Kit|spe|2
|-unboost|p2a: Starter Kit|def|1
|upkeep
|turn|2
|
|t:|1641939003
|move|p2a: Starter Kit|Stealth Rock|p1a: Zygarde
|-sidestart|p1: Glaliegoesboom ❤|move: Stealth Rock
|move|p1a: Zygarde|Thousand Arrows|p2a: Starter Kit
|-enditem|p2a: Starter Kit|Focus Sash
|-damage|p2a: Starter Kit|1/100
|
|-ability|p2a: Starter Kit|Moody|boost
|-boost|p2a: Starter Kit|spe|2
|-unboost|p2a: Starter Kit|spd|1
|upkeep
|turn|3
|
|t:|1641939022
|move|p2a: Starter Kit|Baton Pass|p2a: Starter Kit
|
|t:|1641939024
|switch|p2a: Door Opener|Klefki, M, shiny|100/100|[from]move: Baton Pass
|move|p1a: Zygarde|Thousand Arrows|p2a: Door Opener
|-supereffective|p2a: Door Opener
|-damage|p2a: Door Opener|30/100
|
|-heal|p2a: Door Opener|36/100|[from] item: Leftovers
|upkeep
|turn|4
|
|t:|1641939043
|move|p2a: Door Opener|Substitute|p2a: Door Opener
|-start|p2a: Door Opener|Substitute
|-damage|p2a: Door Opener|11/100
|move|p1a: Zygarde|Thousand Arrows|p2a: Door Opener
|-supereffective|p2a: Door Opener
|-end|p2a: Door Opener|Substitute
|
|-heal|p2a: Door Opener|17/100|[from] item: Leftovers
|upkeep
|turn|5
|
|t:|1641939053
|move|p2a: Door Opener|Toxic|p1a: Zygarde
|-status|p1a: Zygarde|tox
|move|p1a: Zygarde|Thousand Arrows|p2a: Door Opener
|-supereffective|p2a: Door Opener
|-damage|p2a: Door Opener|0 fnt
|faint|p2a: Door Opener
|
|-damage|p1a: Zygarde|94/100 tox|[from] psn
|upkeep
|
|t:|1641939069
|switch|p2a: Evil Fart|Gengar, M|100/100
|turn|6
|
|t:|1641939084
|switch|p1a: Yveltal|Yveltal, shiny|100/100
|-ability|p1a: Yveltal|Dark Aura
|detailschange|p2a: Evil Fart|Gengar-Mega, M
|-mega|p2a: Evil Fart|Gengar|Gengarite
|move|p2a: Evil Fart|Substitute|p2a: Evil Fart
|-start|p2a: Evil Fart|Substitute
|-damage|p2a: Evil Fart|76/100
|
|upkeep
|turn|7
|
|t:|1641939092
|move|p2a: Evil Fart|Perish Song|p2a: Evil Fart
|-start|p1a: Yveltal|perish3|[silent]
|-start|p2a: Evil Fart|perish3|[silent]
|-fieldactivate|move: Perish Song
|move|p1a: Yveltal|Snarl|p2a: Evil Fart
|-supereffective|p2a: Evil Fart
|-damage|p2a: Evil Fart|9/100
|-unboost|p2a: Evil Fart|spa|1
|
|-start|p2a: Evil Fart|perish3
|-start|p1a: Yveltal|perish3
|upkeep
|turn|8
|
|t:|1641939101
|move|p2a: Evil Fart|Protect|p2a: Evil Fart
|-singleturn|p2a: Evil Fart|Protect
|move|p1a: Yveltal|Snarl|p2a: Evil Fart
|-activate|p2a: Evil Fart|move: Protect
|
|-start|p2a: Evil Fart|perish2
|-start|p1a: Yveltal|perish2
|upkeep
|turn|9
|
|t:|1641939111
|switch|p2a: Starter Kit|Smeargle, F|1/100
|move|p1a: Yveltal|Snarl|p2a: Starter Kit
|-damage|p2a: Starter Kit|0 fnt
|faint|p2a: Starter Kit
|
|-start|p1a: Yveltal|perish1
|upkeep
|
|t:|1641939118
|switch|p2a: Evil Fart|Gengar-Mega, M|9/100
|turn|10
|
|t:|1641939121
|-start|p1a: Yveltal|Dynamax
|-heal|p1a: Yveltal|100/100|[silent]
|move|p2a: Evil Fart|Protect|p2a: Evil Fart
|-singleturn|p2a: Evil Fart|Protect
|move|p1a: Yveltal|Max Darkness|p2a: Evil Fart
|-supereffective|p2a: Evil Fart
|-crit|p2a: Evil Fart
|-zbroken|p2a: Evil Fart
|-damage|p2a: Evil Fart|0 fnt
|faint|p2a: Evil Fart
|
|-start|p1a: Yveltal|perish0
|faint|p1a: Yveltal
|upkeep
|
|t:|1641939137
|switch|p2a: Toilet Breath|Arceus-Water|100/100
|switch|p1a: Giratina|Giratina-Origin|100/100
|-damage|p1a: Giratina|88/100|[from] Stealth Rock
|turn|11
|
|t:|1641939144
|move|p2a: Toilet Breath|Thunder Wave|p1a: Giratina
|-status|p1a: Giratina|par
|cant|p1a: Giratina|par
|
|upkeep
|turn|12
|
|t:|1641939150
|move|p2a: Toilet Breath|Whirlpool|p1a: Giratina
|-resisted|p1a: Giratina
|-damage|p1a: Giratina|83/100 par
|-activate|p1a: Giratina|move: Whirlpool|[of] p2a: Toilet Breath
|move|p1a: Giratina|Defog|p2a: Toilet Breath
|-unboost|p2a: Toilet Breath|evasion|1
|-sideend|p1: Glaliegoesboom ❤|Stealth Rock|[from] move: Defog|[of] p1a: Giratina
|
|-damage|p1a: Giratina|70/100 par|[from] move: Whirlpool|[partiallytrapped]
|upkeep
|turn|13
|
|t:|1641939159
|move|p2a: Toilet Breath|Whirlpool|p1a: Giratina
|-resisted|p1a: Giratina
|-damage|p1a: Giratina|64/100 par
|move|p1a: Giratina|Toxic|p2a: Toilet Breath
|-status|p2a: Toilet Breath|tox
|
|-damage|p2a: Toilet Breath|94/100 tox|[from] psn
|-damage|p1a: Giratina|52/100 par|[from] move: Whirlpool|[partiallytrapped]
|upkeep
|turn|14
|
|t:|1641939172
|move|p2a: Toilet Breath|Whirlpool|p1a: Giratina
|-resisted|p1a: Giratina
|-damage|p1a: Giratina|46/100 par
|move|p1a: Giratina|Toxic|p2a: Toilet Breath
|-fail|p2a: Toilet Breath|tox
|
|-damage|p2a: Toilet Breath|82/100 tox|[from] psn
|-damage|p1a: Giratina|33/100 par|[from] move: Whirlpool|[partiallytrapped]
|upkeep
|turn|15
|
|t:|1641939181
|move|p2a: Toilet Breath|Recover|p2a: Toilet Breath
|-heal|p2a: Toilet Breath|100/100 tox
|move|p1a: Giratina|Rest|p1a: Giratina
|-status|p1a: Giratina|slp|[from] move: Rest
|-heal|p1a: Giratina|100/100 slp|[silent]
|
|-damage|p2a: Toilet Breath|82/100 tox|[from] psn
|-damage|p1a: Giratina|88/100 slp|[from] move: Whirlpool|[partiallytrapped]
|upkeep
|turn|16
|
|t:|1641939191
|switch|p2a: Diss Tracks|Arceus-Flying|100/100
|switch|p1a: Arceus|Arceus-Fairy|100/100
|
|upkeep
|turn|17
|
|t:|1641939198
|move|p2a: Diss Tracks|Calm Mind|p2a: Diss Tracks
|-boost|p2a: Diss Tracks|spa|1
|-boost|p2a: Diss Tracks|spd|1
|move|p1a: Arceus|Will-O-Wisp|p2a: Diss Tracks
|-status|p2a: Diss Tracks|brn
|
|-damage|p2a: Diss Tracks|94/100 brn|[from] brn
|upkeep
|turn|18
|
|t:|1641939206
|switch|p1a: Blissey|Blissey, F|100/100
|move|p2a: Diss Tracks|Calm Mind|p2a: Diss Tracks
|-boost|p2a: Diss Tracks|spa|1
|-boost|p2a: Diss Tracks|spd|1
|
|-damage|p2a: Diss Tracks|88/100 brn|[from] brn
|upkeep
|turn|19
|
|t:|1641939213
|-start|p2a: Diss Tracks|Dynamax
|-heal|p2a: Diss Tracks|88/100 brn|[silent]
|move|p2a: Diss Tracks|Max Airstream|p1a: Blissey
|-damage|p1a: Blissey|63/100
|-boost|p2a: Diss Tracks|spe|1
|move|p1a: Blissey|Confide|p2a: Diss Tracks
|-unboost|p2a: Diss Tracks|spa|1
|
|-damage|p2a: Diss Tracks|85/100 brn|[from] brn
|upkeep
|turn|20
|
|t:|1641939224
|move|p2a: Diss Tracks|Max Airstream|p1a: Blissey
|-damage|p1a: Blissey|37/100
|-boost|p2a: Diss Tracks|spe|1
|move|p1a: Blissey|Soft-Boiled|p1a: Blissey
|-heal|p1a: Blissey|87/100
|
|-damage|p2a: Diss Tracks|82/100 brn|[from] brn
|upkeep
|turn|21
|
|t:|1641939235
|move|p2a: Diss Tracks|Max Guard|p2a: Diss Tracks
|-singleturn|p2a: Diss Tracks|Max Guard
|move|p1a: Blissey|Soft-Boiled|p1a: Blissey
|-heal|p1a: Blissey|100/100
|
|-damage|p2a: Diss Tracks|79/100 brn|[from] brn
|-end|p2a: Diss Tracks|Dynamax
|-heal|p2a: Diss Tracks|79/100 brn|[silent]
|upkeep
|turn|22
|
|t:|1641939242
|move|p2a: Diss Tracks|Calm Mind|p2a: Diss Tracks
|-boost|p2a: Diss Tracks|spa|1
|-boost|p2a: Diss Tracks|spd|1
|move|p1a: Blissey|Confide|p2a: Diss Tracks
|-unboost|p2a: Diss Tracks|spa|1
|
|-damage|p2a: Diss Tracks|73/100 brn|[from] brn
|upkeep
|turn|23
|
|t:|1641939250
|move|p2a: Diss Tracks|Calm Mind|p2a: Diss Tracks
|-boost|p2a: Diss Tracks|spa|1
|-boost|p2a: Diss Tracks|spd|1
|move|p1a: Blissey|Confide|p2a: Diss Tracks
|-unboost|p2a: Diss Tracks|spa|1
|
|-damage|p2a: Diss Tracks|67/100 brn|[from] brn
|upkeep
|turn|24
|
|t:|1641939267
|move|p2a: Diss Tracks|Calm Mind|p2a: Diss Tracks
|-boost|p2a: Diss Tracks|spa|1
|-boost|p2a: Diss Tracks|spd|1
|move|p1a: Blissey|Confide|p2a: Diss Tracks
|-unboost|p2a: Diss Tracks|spa|1
|
|-damage|p2a: Diss Tracks|61/100 brn|[from] brn
|upkeep
|turn|25
|
|t:|1641939274
|move|p2a: Diss Tracks|Recover|p2a: Diss Tracks
|-heal|p2a: Diss Tracks|100/100 brn
|move|p1a: Blissey|Confide|p2a: Diss Tracks
|-unboost|p2a: Diss Tracks|spa|1
|
|-damage|p2a: Diss Tracks|94/100 brn|[from] brn
|upkeep
|turn|26
|
|t:|1641939292
|move|p2a: Diss Tracks|Calm Mind|p2a: Diss Tracks
|-boost|p2a: Diss Tracks|spa|1
|-boost|p2a: Diss Tracks|spd|1
|move|p1a: Blissey|Confide|p2a: Diss Tracks
|-unboost|p2a: Diss Tracks|spa|1
|
|-damage|p2a: Diss Tracks|88/100 brn|[from] brn
|upkeep
|turn|27
|
|t:|1641939300
|move|p2a: Diss Tracks|Calm Mind|p2a: Diss Tracks
|-boost|p2a: Diss Tracks|spa|1
|-boost|p2a: Diss Tracks|spd|0
|move|p1a: Blissey|Confide|p2a: Diss Tracks
|-unboost|p2a: Diss Tracks|spa|1
|
|-damage|p2a: Diss Tracks|82/100 brn|[from] brn
|upkeep
|turn|28
|
|t:|1641939312
|move|p2a: Diss Tracks|Calm Mind|p2a: Diss Tracks
|-boost|p2a: Diss Tracks|spa|1
|-boost|p2a: Diss Tracks|spd|0
|move|p1a: Blissey|Confide|p2a: Diss Tracks
|-unboost|p2a: Diss Tracks|spa|1
|
|-damage|p2a: Diss Tracks|76/100 brn|[from] brn
|upkeep
|turn|29
|
|t:|1641939326
|move|p2a: Diss Tracks|Recover|p2a: Diss Tracks
|-heal|p2a: Diss Tracks|100/100 brn
|move|p1a: Blissey|Confide|p2a: Diss Tracks
|-unboost|p2a: Diss Tracks|spa|1
|
|-damage|p2a: Diss Tracks|94/100 brn|[from] brn
|upkeep
|turn|30
|
|t:|1641939338
|switch|p2a: Clingy Fan|Shedinja|100/100
|move|p1a: Blissey|Confide|p2a: Clingy Fan
|-unboost|p2a: Clingy Fan|spa|1
|
|upkeep
|turn|31
|
|t:|1641939345
|switch|p2a: Diss Tracks|Arceus-Flying|94/100 brn
|switch|p1a: Necrozma|Necrozma-Dusk-Mane|100/100
|
|-damage|p2a: Diss Tracks|88/100 brn|[from] brn
|upkeep
|turn|32
|
|t:|1641939354
|move|p2a: Diss Tracks|Calm Mind|p2a: Diss Tracks
|-boost|p2a: Diss Tracks|spa|1
|-boost|p2a: Diss Tracks|spd|1
|move|p1a: Necrozma|Stealth Rock|p2a: Diss Tracks
|-sidestart|p2: chopforce8|move: Stealth Rock
|
|-damage|p2a: Diss Tracks|82/100 brn|[from] brn
|upkeep
|turn|33
|
|t:|1641939362
|switch|p1a: Blissey|Blissey, F|100/100
|move|p2a: Diss Tracks|Calm Mind|p2a: Diss Tracks
|-boost|p2a: Diss Tracks|spa|1
|-boost|p2a: Diss Tracks|spd|1
|
|-damage|p2a: Diss Tracks|76/100 brn|[from] brn
|upkeep
|turn|34
|
|t:|1641939369
|move|p2a: Diss Tracks|Calm Mind|p2a: Diss Tracks
|-boost|p2a: Diss Tracks|spa|1
|-boost|p2a: Diss Tracks|spd|1
|move|p1a: Blissey|Confide|p2a: Diss Tracks
|-unboost|p2a: Diss Tracks|spa|1
|
|-damage|p2a: Diss Tracks|70/100 brn|[from] brn
|upkeep
|turn|35
|
|t:|1641939382
|move|p2a: Diss Tracks|Calm Mind|p2a: Diss Tracks
|-boost|p2a: Diss Tracks|spa|1
|-boost|p2a: Diss Tracks|spd|1
|move|p1a: Blissey|Confide|p2a: Diss Tracks
|-unboost|p2a: Diss Tracks|spa|1
|
|-damage|p2a: Diss Tracks|64/100 brn|[from] brn
|upkeep
|turn|36
|
|t:|1641939401
|move|p2a: Diss Tracks|Judgment|p1a: Blissey
|-damage|p1a: Blissey|73/100
|move|p1a: Blissey|Confide|p2a: Diss Tracks
|-unboost|p2a: Diss Tracks|spa|1
|
|-damage|p2a: Diss Tracks|58/100 brn|[from] brn
|upkeep
|turn|37
|
|t:|1641939412
|move|p2a: Diss Tracks|Recover|p2a: Diss Tracks
|-heal|p2a: Diss Tracks|100/100 brn
|move|p1a: Blissey|Soft-Boiled|p1a: Blissey
|-heal|p1a: Blissey|100/100
|
|-damage|p2a: Diss Tracks|94/100 brn|[from] brn
|upkeep
|turn|38
|
|t:|1641939433
|switch|p2a: Toilet Breath|Arceus-Water|82/100 tox
|-damage|p2a: Toilet Breath|70/100 tox|[from] Stealth Rock
|move|p1a: Blissey|Confide|p2a: Toilet Breath
|-unboost|p2a: Toilet Breath|spa|1
|
|-damage|p2a: Toilet Breath|64/100 tox|[from] psn
|upkeep
|turn|39
|
|t:|1641939460
|switch|p1a: Giratina|Giratina-Origin|88/100 slp
|move|p2a: Toilet Breath|Whirlpool|p1a: Giratina|[miss]
|-miss|p2a: Toilet Breath|p1a: Giratina
|
|-damage|p2a: Toilet Breath|52/100 tox|[from] psn
|upkeep
|turn|40
|
|t:|1641939475
|switch|p2a: Diss Tracks|Arceus-Flying|94/100 brn
|-damage|p2a: Diss Tracks|70/100 brn|[from] Stealth Rock
|cant|p1a: Giratina|slp
|
|-damage|p2a: Diss Tracks|63/100 brn|[from] brn
|upkeep
|turn|41
|
|t:|1641939486
|switch|p1a: Blissey|Blissey, F|100/100
|move|p2a: Diss Tracks|Calm Mind|p2a: Diss Tracks
|-boost|p2a: Diss Tracks|spa|1
|-boost|p2a: Diss Tracks|spd|1
|
|-damage|p2a: Diss Tracks|57/100 brn|[from] brn
|upkeep
|turn|42
|
|t:|1641939493
|move|p2a: Diss Tracks|Recover|p2a: Diss Tracks
|-heal|p2a: Diss Tracks|100/100 brn
|move|p1a: Blissey|Confide|p2a: Diss Tracks
|-unboost|p2a: Diss Tracks|spa|1
|
|-damage|p2a: Diss Tracks|94/100 brn|[from] brn
|upkeep
|turn|43
|
|t:|1641939503
|switch|p2a: Toilet Breath|Arceus-Water|52/100 tox
|-damage|p2a: Toilet Breath|39/100 tox|[from] Stealth Rock
|move|p1a: Blissey|Confide|p2a: Toilet Breath
|-unboost|p2a: Toilet Breath|spa|1
|
|-damage|p2a: Toilet Breath|33/100 tox|[from] psn
|upkeep
|turn|44
|
|t:|1641939511
|switch|p1a: Zygarde|Zygarde, shiny|94/100 tox
|move|p2a: Toilet Breath|Recover|p2a: Toilet Breath
|-heal|p2a: Toilet Breath|83/100 tox
|
|-damage|p2a: Toilet Breath|71/100 tox|[from] psn
|-damage|p1a: Zygarde|88/100 tox|[from] psn
|upkeep
|turn|45
|
|t:|1641939519
|switch|p2a: Clingy Fan|Shedinja|100/100
|move|p1a: Zygarde|Dragon Tail|p2a: Clingy Fan
|-immune|p2a: Clingy Fan|[from] ability: Wonder Guard
|
|-damage|p1a: Zygarde|76/100 tox|[from] psn
|upkeep
|turn|46
|
|t:|1641939528
|move|p1a: Zygarde|Rest|p1a: Zygarde
|-status|p1a: Zygarde|slp|[from] move: Rest
|-heal|p1a: Zygarde|100/100 slp|[silent]
|move|p2a: Clingy Fan|Will-O-Wisp|p1a: Zygarde|[miss]
|-miss|p2a: Clingy Fan|p1a: Zygarde
|
|upkeep
|turn|47
|
|t:|1641939538
|cant|p1a: Zygarde|slp
|move|p2a: Clingy Fan|Double Team|p2a: Clingy Fan
|-boost|p2a: Clingy Fan|evasion|1
|
|upkeep
|turn|48
|
|t:|1641939544
|cant|p1a: Zygarde|slp
|move|p2a: Clingy Fan|Double Team|p2a: Clingy Fan
|-boost|p2a: Clingy Fan|evasion|1
|
|upkeep
|turn|49
|
|t:|1641939549
|-curestatus|p1a: Zygarde|slp|[msg]
|move|p1a: Zygarde|Haze|p1a: Zygarde
|-clearallboost
|move|p2a: Clingy Fan|Double Team|p2a: Clingy Fan
|-boost|p2a: Clingy Fan|evasion|1
|
|upkeep
|turn|50
|
|t:|1641939556
|switch|p1a: Blissey|Blissey, F|100/100
|move|p2a: Clingy Fan|Will-O-Wisp|p1a: Blissey
|-status|p1a: Blissey|brn
|
|-damage|p1a: Blissey|94/100 brn|[from] brn
|upkeep
|turn|51
|
|t:|1641939567
|move|p2a: Clingy Fan|Baton Pass|p2a: Clingy Fan
|
|t:|1641939569
|switch|p2a: Diss Tracks|Arceus-Flying|94/100 brn|[from]move: Baton Pass
|-damage|p2a: Diss Tracks|70/100 brn|[from] Stealth Rock
|move|p1a: Blissey|Confide|p2a: Diss Tracks
|-unboost|p2a: Diss Tracks|spa|1
|
|-damage|p2a: Diss Tracks|63/100 brn|[from] brn
|-damage|p1a: Blissey|88/100 brn|[from] brn
|upkeep
|turn|52
|
|t:|1641939582
|move|p2a: Diss Tracks|Recover|p2a: Diss Tracks
|-heal|p2a: Diss Tracks|100/100 brn
|move|p1a: Blissey|Confide|p2a: Diss Tracks
|-unboost|p2a: Diss Tracks|spa|1
|
|-damage|p2a: Diss Tracks|94/100 brn|[from] brn
|-damage|p1a: Blissey|82/100 brn|[from] brn
|upkeep
|turn|53
|
|t:|1641939591
|switch|p2a: Clingy Fan|Shedinja|100/100
|move|p1a: Blissey|Aromatherapy|p1a: Blissey
|-activate|p1a: Blissey|move: Aromatherapy
|-curestatus|p1a: Blissey|brn|[msg]
|-curestatus|p1: Giratina|slp|[msg]
|
|upkeep
|turn|54
|
|t:|1641939609
|switch|p1a: Arceus|Arceus-Fairy|100/100
|move|p2a: Clingy Fan|Will-O-Wisp|p1a: Arceus
|-status|p1a: Arceus|brn
|
|-damage|p1a: Arceus|94/100 brn|[from] brn
|upkeep
|turn|55
|
|t:|1641939618
|switch|p2a: Diss Tracks|Arceus-Flying|94/100 brn
|-damage|p2a: Diss Tracks|70/100 brn|[from] Stealth Rock
|move|p1a: Arceus|Toxic||[still]
|-fail|p1a: Arceus
|
|-damage|p2a: Diss Tracks|63/100 brn|[from] brn
|-damage|p1a: Arceus|88/100 brn|[from] brn
|upkeep
|turn|56
|
|t:|1641939627
|move|p2a: Diss Tracks|Recover|p2a: Diss Tracks
|-heal|p2a: Diss Tracks|100/100 brn
|move|p1a: Arceus|Judgment|p2a: Diss Tracks
|-damage|p2a: Diss Tracks|67/100 brn
|
|-damage|p2a: Diss Tracks|61/100 brn|[from] brn
|-damage|p1a: Arceus|82/100 brn|[from] brn
|upkeep
|turn|57
|
|t:|1641939635
|switch|p1a: Zygarde|Zygarde, shiny|100/100
|move|p2a: Diss Tracks|Recover|p2a: Diss Tracks
|-heal|p2a: Diss Tracks|100/100 brn
|
|-damage|p2a: Diss Tracks|94/100 brn|[from] brn
|upkeep
|turn|58
|
|t:|1641939643
|switch|p2a: Clingy Fan|Shedinja|100/100
|move|p1a: Zygarde|Dragon Tail|p2a: Clingy Fan
|-immune|p2a: Clingy Fan|[from] ability: Wonder Guard
|
|upkeep
|turn|59
|
|t:|1641939651
|switch|p1a: Arceus|Arceus-Fairy|82/100 brn
|move|p2a: Clingy Fan|Double Team|p2a: Clingy Fan
|-boost|p2a: Clingy Fan|evasion|1
|
|-damage|p1a: Arceus|76/100 brn|[from] brn
|upkeep
|turn|60
|
|t:|1641939659
|switch|p1a: Blissey|Blissey, F|82/100
|switch|p2a: Diss Tracks|Arceus-Flying|94/100 brn
|-damage|p2a: Diss Tracks|70/100 brn|[from] Stealth Rock
|
|-damage|p2a: Diss Tracks|63/100 brn|[from] brn
|upkeep
|turn|61
|
|t:|1641939668
|switch|p1a: Zygarde|Zygarde, shiny|100/100
|move|p2a: Diss Tracks|Calm Mind|p2a: Diss Tracks
|-boost|p2a: Diss Tracks|spa|1
|-boost|p2a: Diss Tracks|spd|1
|
|-damage|p2a: Diss Tracks|57/100 brn|[from] brn
|upkeep
|turn|62
|
|t:|1641939675
|move|p2a: Diss Tracks|Recover|p2a: Diss Tracks
|-heal|p2a: Diss Tracks|100/100 brn
|move|p1a: Zygarde|Dragon Tail|p2a: Diss Tracks
|-damage|p2a: Diss Tracks|87/100 brn
|drag|p2a: Toilet Breath|Arceus-Water|71/100 tox
|-damage|p2a: Toilet Breath|59/100 tox|[from] Stealth Rock
|
|-damage|p2a: Toilet Breath|53/100 tox|[from] psn
|upkeep
|turn|63
|
|t:|1641939684
|move|p2a: Toilet Breath|Recover|p2a: Toilet Breath
|-heal|p2a: Toilet Breath|100/100 tox
|move|p1a: Zygarde|Dragon Tail|p2a: Toilet Breath|[miss]
|-miss|p1a: Zygarde|p2a: Toilet Breath
|
|-damage|p2a: Toilet Breath|88/100 tox|[from] psn
|upkeep
|turn|64
|
|t:|1641939691
|switch|p2a: Clingy Fan|Shedinja|100/100
|move|p1a: Zygarde|Dragon Tail|p2a: Clingy Fan
|-immune|p2a: Clingy Fan|[from] ability: Wonder Guard
|
|upkeep
|turn|65
|
|t:|1641939698
|switch|p1a: Blissey|Blissey, F|82/100
|move|p2a: Clingy Fan|Will-O-Wisp|p1a: Blissey
|-status|p1a: Blissey|brn
|
|-damage|p1a: Blissey|76/100 brn|[from] brn
|upkeep
|turn|66
|
|t:|1641939709
|move|p2a: Clingy Fan|Double Team|p2a: Clingy Fan
|-boost|p2a: Clingy Fan|evasion|1
|move|p1a: Blissey|Aromatherapy|p1a: Blissey
|-activate|p1a: Blissey|move: Aromatherapy
|-curestatus|p1a: Blissey|brn|[msg]
|-curestatus|p1: Arceus|brn|[msg]
|
|upkeep
|turn|67
|
|t:|1641939718
|move|p2a: Clingy Fan|Double Team|p2a: Clingy Fan
|-boost|p2a: Clingy Fan|evasion|1
|move|p1a: Blissey|Soft-Boiled|p1a: Blissey
|-heal|p1a: Blissey|100/100
|
|upkeep
|turn|68
|
|t:|1641939723
|move|p2a: Clingy Fan|Double Team|p2a: Clingy Fan
|-boost|p2a: Clingy Fan|evasion|1
|move|p1a: Blissey|Confide|p2a: Clingy Fan
|-unboost|p2a: Clingy Fan|spa|1
|
|upkeep
|turn|69
|
|t:|1641939728
|move|p2a: Clingy Fan|Will-O-Wisp|p1a: Blissey
|-status|p1a: Blissey|brn
|move|p1a: Blissey|Confide|p2a: Clingy Fan
|-unboost|p2a: Clingy Fan|spa|1
|
|-damage|p1a: Blissey|94/100 brn|[from] brn
|upkeep
|turn|70
|
|t:|1641939735
|move|p2a: Clingy Fan|Double Team|p2a: Clingy Fan
|-boost|p2a: Clingy Fan|evasion|1
|move|p1a: Blissey|Aromatherapy|p1a: Blissey
|-activate|p1a: Blissey|move: Aromatherapy
|-curestatus|p1a: Blissey|brn|[msg]
|
|upkeep
|turn|71
|
|t:|1641939741
|move|p2a: Clingy Fan|Will-O-Wisp|p1a: Blissey
|-status|p1a: Blissey|brn
|move|p1a: Blissey|Confide|p2a: Clingy Fan
|-unboost|p2a: Clingy Fan|spa|1
|
|-damage|p1a: Blissey|88/100 brn|[from] brn
|upkeep
|turn|72
|
|t:|1641939750
|move|p2a: Clingy Fan|Will-O-Wisp|p1a: Blissey
|-fail|p1a: Blissey|brn
|move|p1a: Blissey|Aromatherapy|p1a: Blissey
|-activate|p1a: Blissey|move: Aromatherapy
|-curestatus|p1a: Blissey|brn|[msg]
|
|upkeep
|turn|73
|
|t:|1641939757
|move|p2a: Clingy Fan|Will-O-Wisp|p1a: Blissey
|-status|p1a: Blissey|brn
|move|p1a: Blissey|Aromatherapy|p1a: Blissey
|-activate|p1a: Blissey|move: Aromatherapy
|-curestatus|p1a: Blissey|brn|[msg]
|
|upkeep
|turn|74
|
|t:|1641939768
|move|p2a: Clingy Fan|Double Team|p2a: Clingy Fan
|-boost|p2a: Clingy Fan|evasion|1
|move|p1a: Blissey|Aromatherapy||[still]
|-activate|p1a: Blissey|move: Aromatherapy
|-fail|p1a: Blissey
|
|upkeep
|turn|75
|
|t:|1641939774
|move|p2a: Clingy Fan|Will-O-Wisp|p1a: Blissey
|-status|p1a: Blissey|brn
|move|p1a: Blissey|Confide|p2a: Clingy Fan
|-unboost|p2a: Clingy Fan|spa|1
|
|-damage|p1a: Blissey|82/100 brn|[from] brn
|upkeep
|turn|76
|
|t:|1641939781
|move|p2a: Clingy Fan|Double Team|p2a: Clingy Fan
|-boost|p2a: Clingy Fan|evasion|1
|move|p1a: Blissey|Aromatherapy|p1a: Blissey
|-activate|p1a: Blissey|move: Aromatherapy
|-curestatus|p1a: Blissey|brn|[msg]
|
|upkeep
|turn|77
|
|t:|1641939789
|move|p2a: Clingy Fan|Will-O-Wisp|p1a: Blissey
|-status|p1a: Blissey|brn
|move|p1a: Blissey|Aromatherapy|p1a: Blissey
|-activate|p1a: Blissey|move: Aromatherapy
|-curestatus|p1a: Blissey|brn|[msg]
|-enditem|p1a: Blissey|Leppa Berry|[eat]
|-activate|p1a: Blissey|item: Leppa Berry|Aromatherapy|[consumed]
|
|upkeep
|turn|78
|
|t:|1641939806
|move|p2a: Clingy Fan|Will-O-Wisp|p1a: Blissey
|-status|p1a: Blissey|brn
|move|p1a: Blissey|Recycle|p1a: Blissey
|-item|p1a: Blissey|Leppa Berry|[from] move: Recycle
|
|-damage|p1a: Blissey|76/100 brn|[from] brn
|upkeep
|turn|79
|
|t:|1641939820
|move|p2a: Clingy Fan|Baton Pass|p2a: Clingy Fan
|
|t:|1641939826
|switch|p2a: Diss Tracks|Arceus-Flying|87/100 brn|[from]move: Baton Pass
|-damage|p2a: Diss Tracks|63/100 brn|[from] Stealth Rock
|move|p1a: Blissey|Aromatherapy|p1a: Blissey
|-activate|p1a: Blissey|move: Aromatherapy
|-curestatus|p1a: Blissey|brn|[msg]
|
|-damage|p2a: Diss Tracks|56/100 brn|[from] brn
|upkeep
|turn|80
|
|t:|1641939839
|move|p2a: Diss Tracks|Calm Mind|p2a: Diss Tracks
|-boost|p2a: Diss Tracks|spa|1
|-boost|p2a: Diss Tracks|spd|1
|move|p1a: Blissey|Soft-Boiled|p1a: Blissey
|-heal|p1a: Blissey|100/100
|
|-damage|p2a: Diss Tracks|50/100 brn|[from] brn
|upkeep
|turn|81
|
|t:|1641939847
|move|p2a: Diss Tracks|Calm Mind|p2a: Diss Tracks
|-boost|p2a: Diss Tracks|spa|1
|-boost|p2a: Diss Tracks|spd|1
|move|p1a: Blissey|Confide|p2a: Diss Tracks
|-unboost|p2a: Diss Tracks|spa|1
|
|-damage|p2a: Diss Tracks|44/100 brn|[from] brn
|upkeep
|turn|82
|
|t:|1641939854
|move|p2a: Diss Tracks|Recover|p2a: Diss Tracks
|-heal|p2a: Diss Tracks|94/100 brn
|move|p1a: Blissey|Confide|p2a: Diss Tracks
|-unboost|p2a: Diss Tracks|spa|1
|
|-damage|p2a: Diss Tracks|88/100 brn|[from] brn
|upkeep
|turn|83
|
|t:|1641939862
|move|p2a: Diss Tracks|Calm Mind|p2a: Diss Tracks
|-boost|p2a: Diss Tracks|spa|1
|-boost|p2a: Diss Tracks|spd|1
|move|p1a: Blissey|Confide|p2a: Diss Tracks
|-unboost|p2a: Diss Tracks|spa|1
|
|-damage|p2a: Diss Tracks|82/100 brn|[from] brn
|upkeep
|turn|84
|
|t:|1641939869
|move|p2a: Diss Tracks|Calm Mind|p2a: Diss Tracks
|-boost|p2a: Diss Tracks|spa|1
|-boost|p2a: Diss Tracks|spd|1
|move|p1a: Blissey|Confide|p2a: Diss Tracks
|-unboost|p2a: Diss Tracks|spa|1
|
|-damage|p2a: Diss Tracks|76/100 brn|[from] brn
|upkeep
|turn|85
|
|t:|1641939875
|move|p2a: Diss Tracks|Calm Mind|p2a: Diss Tracks
|-boost|p2a: Diss Tracks|spa|1
|-boost|p2a: Diss Tracks|spd|1
|move|p1a: Blissey|Confide|p2a: Diss Tracks
|-unboost|p2a: Diss Tracks|spa|1
|
|-damage|p2a: Diss Tracks|70/100 brn|[from] brn
|upkeep
|turn|86
|
|t:|1641939900
|move|p2a: Diss Tracks|Calm Mind|p2a: Diss Tracks
|-boost|p2a: Diss Tracks|spa|1
|-boost|p2a: Diss Tracks|spd|1
|move|p1a: Blissey|Confide|p2a: Diss Tracks
|-unboost|p2a: Diss Tracks|spa|1
|
|-damage|p2a: Diss Tracks|64/100 brn|[from] brn
|upkeep
|turn|87
|
|t:|1641939907
|move|p2a: Diss Tracks|Recover|p2a: Diss Tracks
|-heal|p2a: Diss Tracks|100/100 brn
|move|p1a: Blissey|Confide|p2a: Diss Tracks
|-unboost|p2a: Diss Tracks|spa|1
|
|-damage|p2a: Diss Tracks|94/100 brn|[from] brn
|upkeep
|turn|88
|
|t:|1641939914
|move|p2a: Diss Tracks|Calm Mind|p2a: Diss Tracks
|-boost|p2a: Diss Tracks|spa|1
|-boost|p2a: Diss Tracks|spd|0
|move|p1a: Blissey|Confide|p2a: Diss Tracks
|-unboost|p2a: Diss Tracks|spa|1
|
|-damage|p2a: Diss Tracks|88/100 brn|[from] brn
|upkeep
|turn|89
|
|t:|1641939921
|move|p2a: Diss Tracks|Calm Mind|p2a: Diss Tracks
|-boost|p2a: Diss Tracks|spa|1
|-boost|p2a: Diss Tracks|spd|0
|move|p1a: Blissey|Confide|p2a: Diss Tracks
|-unboost|p2a: Diss Tracks|spa|1
|
|-damage|p2a: Diss Tracks|82/100 brn|[from] brn
|upkeep
|turn|90
|
|t:|1641939928
|move|p2a: Diss Tracks|Calm Mind|p2a: Diss Tracks
|-boost|p2a: Diss Tracks|spa|1
|-boost|p2a: Diss Tracks|spd|0
|move|p1a: Blissey|Confide|p2a: Diss Tracks
|-unboost|p2a: Diss Tracks|spa|1
|-enditem|p1a: Blissey|Leppa Berry|[eat]
|-activate|p1a: Blissey|item: Leppa Berry|Confide|[consumed]
|
|-damage|p2a: Diss Tracks|76/100 brn|[from] brn
|upkeep
|turn|91
|
|t:|1641939944
|move|p2a: Diss Tracks|Perish Song|p2a: Diss Tracks
|-start|p1a: Blissey|perish3|[silent]
|-start|p2a: Diss Tracks|perish3|[silent]
|-fieldactivate|move: Perish Song
|move|p1a: Blissey|Recycle|p1a: Blissey
|-item|p1a: Blissey|Leppa Berry|[from] move: Recycle
|
|-damage|p2a: Diss Tracks|70/100 brn|[from] brn
|-start|p2a: Diss Tracks|perish3
|-start|p1a: Blissey|perish3
|upkeep
|turn|92
|
|t:|1641939963
|switch|p2a: Toilet Breath|Arceus-Water|88/100 tox
|-damage|p2a: Toilet Breath|76/100 tox|[from] Stealth Rock
|switch|p1a: Necrozma|Necrozma-Dusk-Mane|100/100
|
|-damage|p2a: Toilet Breath|70/100 tox|[from] psn
|upkeep
|turn|93
|
|t:|1641939971
|switch|p1a: Giratina|Giratina-Origin|88/100
|move|p2a: Toilet Breath|Thunder Wave|p1a: Giratina
|-status|p1a: Giratina|par
|
|-damage|p2a: Toilet Breath|58/100 tox|[from] psn
|upkeep
|turn|94
|
|t:|1641939982
|switch|p2a: Diss Tracks|Arceus-Flying|70/100 brn
|-damage|p2a: Diss Tracks|45/100 brn|[from] Stealth Rock
|switch|p1a: Zygarde|Zygarde, shiny|100/100
|
|-damage|p2a: Diss Tracks|39/100 brn|[from] brn
|upkeep
|turn|95
|
|t:|1641939990
|move|p2a: Diss Tracks|Recover|p2a: Diss Tracks
|-heal|p2a: Diss Tracks|89/100 brn
|move|p1a: Zygarde|Dragon Tail|p2a: Diss Tracks
|-damage|p2a: Diss Tracks|75/100 brn
|drag|p2a: Toilet Breath|Arceus-Water|58/100 tox
|-damage|p2a: Toilet Breath|45/100 tox|[from] Stealth Rock
|
|-damage|p2a: Toilet Breath|39/100 tox|[from] psn
|upkeep
|turn|96
|
|t:|1641940000
|move|p2a: Toilet Breath|Recover|p2a: Toilet Breath
|-heal|p2a: Toilet Breath|89/100 tox
|move|p1a: Zygarde|Dragon Tail|p2a: Toilet Breath
|-damage|p2a: Toilet Breath|74/100 tox
|drag|p2a: Diss Tracks|Arceus-Flying|75/100 brn
|-damage|p2a: Diss Tracks|50/100 brn|[from] Stealth Rock
|
|-damage|p2a: Diss Tracks|44/100 brn|[from] brn
|upkeep
|turn|97
|inactive|Glaliegoesboom ❤ has 120 seconds left.
|
|t:|1641940039
|move|p2a: Diss Tracks|Recover|p2a: Diss Tracks
|-heal|p2a: Diss Tracks|94/100 brn
|move|p1a: Zygarde|Dragon Tail|p2a: Diss Tracks
|-damage|p2a: Diss Tracks|80/100 brn
|drag|p2a: Toilet Breath|Arceus-Water|74/100 tox
|-damage|p2a: Toilet Breath|62/100 tox|[from] Stealth Rock
|
|-damage|p2a: Toilet Breath|56/100 tox|[from] psn
|upkeep
|turn|98
|
|t:|1641940048
|move|p2a: Toilet Breath|Recover|p2a: Toilet Breath
|-heal|p2a: Toilet Breath|100/100 tox
|move|p1a: Zygarde|Dragon Tail|p2a: Toilet Breath
|-damage|p2a: Toilet Breath|86/100 tox
|drag|p2a: Clingy Fan|Shedinja|100/100
|
|upkeep
|turn|99
|inactive|Glaliegoesboom ❤ has 120 seconds left.
|
|t:|1641940080
|switch|p1a: Blissey|Blissey, F|100/100
|move|p2a: Clingy Fan|Will-O-Wisp|p1a: Blissey
|-status|p1a: Blissey|brn
|
|-damage|p1a: Blissey|94/100 brn|[from] brn
|upkeep
|turn|100
|
|t:|1641940094
|move|p2a: Clingy Fan|Baton Pass|p2a: Clingy Fan
|
|t:|1641940096
|switch|p2a: Toilet Breath|Arceus-Water|86/100 tox|[from]move: Baton Pass
|-damage|p2a: Toilet Breath|73/100 tox|[from] Stealth Rock
|move|p1a: Blissey|Confide|p2a: Toilet Breath
|-unboost|p2a: Toilet Breath|spa|1
|
|-damage|p2a: Toilet Breath|67/100 tox|[from] psn
|-damage|p1a: Blissey|88/100 brn|[from] brn
|upkeep
|turn|101
|inactive|Glaliegoesboom ❤ has 90 seconds left.
|
|t:|1641940118
|move|p2a: Toilet Breath|Whirlpool|p1a: Blissey|[miss]
|-miss|p2a: Toilet Breath|p1a: Blissey
|move|p1a: Blissey|Aromatherapy|p1a: Blissey
|-activate|p1a: Blissey|move: Aromatherapy
|-curestatus|p1a: Blissey|brn|[msg]
|-curestatus|p1: Giratina|par|[msg]
|
|-damage|p2a: Toilet Breath|55/100 tox|[from] psn
|upkeep
|turn|102
|
|t:|1641940127
|switch|p1a: Giratina|Giratina-Origin|88/100
|move|p2a: Toilet Breath|Whirlpool|p1a: Giratina
|-resisted|p1a: Giratina
|-damage|p1a: Giratina|84/100
|-activate|p1a: Giratina|move: Whirlpool|[of] p2a: Toilet Breath
|
|-damage|p2a: Toilet Breath|37/100 tox|[from] psn
|-damage|p1a: Giratina|72/100|[from] move: Whirlpool|[partiallytrapped]
|upkeep
|turn|103
|inactive|Glaliegoesboom ❤ has 90 seconds left.
|inactive|Glaliegoesboom ❤ has 60 seconds left.
|
|t:|1641940179
|move|p2a: Toilet Breath|Recover|p2a: Toilet Breath
|-heal|p2a: Toilet Breath|87/100 tox
|move|p1a: Giratina|Will-O-Wisp||[still]
|-fail|p1a: Giratina
|
|-damage|p2a: Toilet Breath|62/100 tox|[from] psn
|-damage|p1a: Giratina|59/100|[from] move: Whirlpool|[partiallytrapped]
|upkeep
|turn|104
|inactive|chopforce8 has 120 seconds left.
|
|t:|1641940194
|switch|p2a: Diss Tracks|Arceus-Flying|80/100 brn
|-damage|p2a: Diss Tracks|56/100 brn|[from] Stealth Rock
|move|p1a: Giratina|Rest|p1a: Giratina
|-status|p1a: Giratina|slp|[from] move: Rest
|-heal|p1a: Giratina|100/100 slp|[silent]
|
|-damage|p2a: Diss Tracks|49/100 brn|[from] brn
|-end|p1a: Giratina|Whirlpool|[partiallytrapped]|[silent]
|upkeep
|turn|105
|inactive|Glaliegoesboom ❤ has 30 seconds left.
|
|t:|1641940224
|switch|p2a: Clingy Fan|Shedinja|100/100
|cant|p1a: Giratina|slp
|
|upkeep
|turn|106
|inactive|Glaliegoesboom ❤ has 30 seconds left.
|
|t:|1641940230
|switch|p1a: Blissey|Blissey, F|88/100
|move|p2a: Clingy Fan|Hex|p1a: Blissey
|-immune|p1a: Blissey
|
|upkeep
|turn|107
|
|t:|1641940238
|switch|p2a: Toilet Breath|Arceus-Water|62/100 tox
|-damage|p2a: Toilet Breath|50/100 tox|[from] Stealth Rock
|move|p1a: Blissey|Confide|p2a: Toilet Breath
|-unboost|p2a: Toilet Breath|spa|1
|
|-damage|p2a: Toilet Breath|44/100 tox|[from] psn
|upkeep
|turn|108
|inactive|Glaliegoesboom ❤ has 30 seconds left.
|
|t:|1641940254
|switch|p1a: Giratina|Giratina-Origin|100/100 slp
|move|p2a: Toilet Breath|Whirlpool|p1a: Giratina
|-resisted|p1a: Giratina
|-damage|p1a: Giratina|96/100 slp
|-activate|p1a: Giratina|move: Whirlpool|[of] p2a: Toilet Breath
|
|-damage|p2a: Toilet Breath|32/100 tox|[from] psn
|-damage|p1a: Giratina|84/100 slp|[from] move: Whirlpool|[partiallytrapped]
|upkeep
|turn|109
|inactive|Glaliegoesboom ❤ has 30 seconds left this turn.
|inactive|Glaliegoesboom ❤ has 20 seconds left.
|inactive|Glaliegoesboom ❤ has 15 seconds left.
|
|t:|1641940271
|move|p2a: Toilet Breath|Recover|p2a: Toilet Breath
|-heal|p2a: Toilet Breath|82/100 tox
|cant|p1a: Giratina|slp
|
|-damage|p2a: Toilet Breath|64/100 tox|[from] psn
|-damage|p1a: Giratina|71/100 slp|[from] move: Whirlpool|[partiallytrapped]
|upkeep
|turn|110
|inactive|Glaliegoesboom ❤ has 20 seconds left this turn.
|
|t:|1641940280
|switch|p2a: Clingy Fan|Shedinja|100/100
|-curestatus|p1a: Giratina|slp|[msg]
|move|p1a: Giratina|Rest|p1a: Giratina
|-status|p1a: Giratina|slp|[from] move: Rest
|-heal|p1a: Giratina|100/100 slp|[silent]
|
|-end|p1a: Giratina|Whirlpool|[partiallytrapped]|[silent]
|upkeep
|turn|111
|inactive|Glaliegoesboom ❤ has 25 seconds left this turn.
|inactive|Glaliegoesboom ❤ has 20 seconds left.
|
|t:|1641940289
|switch|p2a: Toilet Breath|Arceus-Water|64/100 tox
|-damage|p2a: Toilet Breath|51/100 tox|[from] Stealth Rock
|cant|p1a: Giratina|slp
|
|-damage|p2a: Toilet Breath|45/100 tox|[from] psn
|upkeep
|turn|112
|inactive|Glaliegoesboom ❤ has 25 seconds left this turn.
|
|t:|1641940297
|move|p2a: Toilet Breath|Recover|p2a: Toilet Breath
|-heal|p2a: Toilet Breath|95/100 tox
|cant|p1a: Giratina|slp
|
|-damage|p2a: Toilet Breath|83/100 tox|[from] psn
|upkeep
|turn|113
|inactive|Glaliegoesboom ❤ has 30 seconds left this turn.
|
|t:|1641940305
|move|p2a: Toilet Breath|Perish Song|p2a: Toilet Breath
|-start|p1a: Giratina|perish3|[silent]
|-start|p2a: Toilet Breath|perish3|[silent]
|-fieldactivate|move: Perish Song
|-curestatus|p1a: Giratina|slp|[msg]
|move|p1a: Giratina|Will-O-Wisp||[still]
|-fail|p1a: Giratina
|
|-damage|p2a: Toilet Breath|65/100 tox|[from] psn
|-start|p2a: Toilet Breath|perish3
|-start|p1a: Giratina|perish3
|upkeep
|turn|114
|inactive|Glaliegoesboom ❤ has 30 seconds left this turn.
|
|t:|1641940315
|move|p2a: Toilet Breath|Recover|p2a: Toilet Breath
|-heal|p2a: Toilet Breath|100/100 tox
|move|p1a: Giratina|Toxic|p2a: Toilet Breath
|-fail|p2a: Toilet Breath|tox
|
|-damage|p2a: Toilet Breath|76/100 tox|[from] psn
|-start|p2a: Toilet Breath|perish2
|-start|p1a: Giratina|perish2
|upkeep
|turn|115
|inactive|Glaliegoesboom ❤ has 30 seconds left this turn.
|inactive|Glaliegoesboom ❤ has 20 seconds left.
|inactive|Glaliegoesboom ❤ has 15 seconds left.
|
|t:|1641940330
|switch|p2a: Diss Tracks|Arceus-Flying|49/100 brn
|-damage|p2a: Diss Tracks|25/100 brn|[from] Stealth Rock
|switch|p1a: Blissey|Blissey, F|88/100
|
|-damage|p2a: Diss Tracks|19/100 brn|[from] brn
|upkeep
|turn|116
|inactive|Glaliegoesboom ❤ has 20 seconds left this turn.
|inactive|Glaliegoesboom ❤ has 15 seconds left.
|inactive|Glaliegoesboom ❤ has 10 seconds left.
|
|t:|1641940344
|move|p2a: Diss Tracks|Recover|p2a: Diss Tracks
|-heal|p2a: Diss Tracks|69/100 brn
|move|p1a: Blissey|Aromatherapy||[still]
|-activate|p1a: Blissey|move: Aromatherapy
|-fail|p1a: Blissey
|
|-damage|p2a: Diss Tracks|63/100 brn|[from] brn
|upkeep
|turn|117
|inactive|Glaliegoesboom ❤ has 15 seconds left this turn.
|
|t:|1641940352
|switch|p2a: Toilet Breath|Arceus-Water|76/100 tox
|-damage|p2a: Toilet Breath|64/100 tox|[from] Stealth Rock
|move|p1a: Blissey|Soft-Boiled|p1a: Blissey
|-heal|p1a: Blissey|100/100
|
|-damage|p2a: Toilet Breath|58/100 tox|[from] psn
|upkeep
|turn|118
|inactive|Glaliegoesboom ❤ has 20 seconds left this turn.
|
|t:|1641940360
|switch|p1a: Giratina|Giratina-Origin|100/100
|move|p2a: Toilet Breath|Whirlpool|p1a: Giratina
|-resisted|p1a: Giratina
|-damage|p1a: Giratina|95/100
|-activate|p1a: Giratina|move: Whirlpool|[of] p2a: Toilet Breath
|
|-damage|p2a: Toilet Breath|46/100 tox|[from] psn
|-damage|p1a: Giratina|82/100|[from] move: Whirlpool|[partiallytrapped]
|upkeep
|turn|119
|inactive|Glaliegoesboom ❤ has 25 seconds left this turn.
|inactive|Glaliegoesboom ❤ has 20 seconds left.
|
|t:|1641940369
|move|p2a: Toilet Breath|Recover|p2a: Toilet Breath
|-heal|p2a: Toilet Breath|96/100 tox
|move|p1a: Giratina|Will-O-Wisp||[still]
|-fail|p1a: Giratina
|
|-damage|p2a: Toilet Breath|77/100 tox|[from] psn
|-damage|p1a: Giratina|70/100|[from] move: Whirlpool|[partiallytrapped]
|upkeep
|turn|120
|inactive|Glaliegoesboom ❤ has 25 seconds left this turn.
|inactive|Glaliegoesboom ❤ has 20 seconds left.
|inactive|Glaliegoesboom ❤ has 15 seconds left.
|
|t:|1641940381
|move|p2a: Toilet Breath|Thunder Wave|p1a: Giratina
|-status|p1a: Giratina|par
|move|p1a: Giratina|Will-O-Wisp||[still]
|-fail|p1a: Giratina
|
|-damage|p2a: Toilet Breath|53/100 tox|[from] psn
|-damage|p1a: Giratina|57/100 par|[from] move: Whirlpool|[partiallytrapped]
|upkeep
|turn|121
|inactive|Glaliegoesboom ❤ has 20 seconds left this turn.
|
|t:|1641940390
|switch|p2a: Clingy Fan|Shedinja|100/100
|move|p1a: Giratina|Rest|p1a: Giratina
|-status|p1a: Giratina|slp|[from] move: Rest
|-heal|p1a: Giratina|100/100 slp|[silent]
|
|-end|p1a: Giratina|Whirlpool|[partiallytrapped]|[silent]
|upkeep
|turn|122
|inactive|Glaliegoesboom ❤ has 25 seconds left this turn.
|inactive|Glaliegoesboom ❤ has 20 seconds left.
|inactive|Glaliegoesboom ❤ has 15 seconds left.
|
|t:|1641940402
|switch|p2a: Toilet Breath|Arceus-Water|53/100 tox
|-damage|p2a: Toilet Breath|41/100 tox|[from] Stealth Rock
|cant|p1a: Giratina|slp
|
|-damage|p2a: Toilet Breath|35/100 tox|[from] psn
|upkeep
|turn|123
|inactive|Glaliegoesboom ❤ has 20 seconds left this turn.
|
|t:|1641940409
|switch|p1a: Blissey|Blissey, F|100/100
|move|p2a: Toilet Breath|Recover|p2a: Toilet Breath
|-heal|p2a: Toilet Breath|85/100 tox
|
|-damage|p2a: Toilet Breath|72/100 tox|[from] psn
|upkeep
|turn|124
|inactive|Glaliegoesboom ❤ has 25 seconds left this turn.
|inactive|Glaliegoesboom ❤ has 20 seconds left.
|
|t:|1641940417
|switch|p1a: Giratina|Giratina-Origin|100/100 slp
|move|p2a: Toilet Breath|Whirlpool|p1a: Giratina
|-resisted|p1a: Giratina
|-damage|p1a: Giratina|95/100 slp
|-activate|p1a: Giratina|move: Whirlpool|[of] p2a: Toilet Breath
|
|-damage|p2a: Toilet Breath|54/100 tox|[from] psn
|-damage|p1a: Giratina|82/100 slp|[from] move: Whirlpool|[partiallytrapped]
|upkeep
|turn|125
|inactive|Glaliegoesboom ❤ has 25 seconds left this turn.
|
|t:|1641940426
|move|p2a: Toilet Breath|Recover|p2a: Toilet Breath
|-heal|p2a: Toilet Breath|100/100 tox
|cant|p1a: Giratina|slp
|
|-damage|p2a: Toilet Breath|76/100 tox|[from] psn
|-damage|p1a: Giratina|70/100 slp|[from] move: Whirlpool|[partiallytrapped]
|upkeep
|turn|126
|inactive|Glaliegoesboom ❤ has 30 seconds left this turn.
|
|t:|1641940436
|switch|p2a: Clingy Fan|Shedinja|100/100
|switch|p1a: Blissey|Blissey, F|100/100
|
|upkeep
|turn|127
|inactive|Glaliegoesboom ❤ has 30 seconds left this turn.
|inactive|Glaliegoesboom ❤ has 20 seconds left.
|
|t:|1641940450
|switch|p1a: Giratina|Giratina-Origin|70/100 slp
|move|p2a: Clingy Fan|Hex|p1a: Giratina
|-supereffective|p1a: Giratina
|-damage|p1a: Giratina|45/100 slp
|
|upkeep
|turn|128
|inactive|Glaliegoesboom ❤ has 25 seconds left this turn.
|inactive|Glaliegoesboom ❤ has 20 seconds left.
|
|t:|1641940459
|switch|p1a: Necrozma|Necrozma-Dusk-Mane|100/100
|move|p2a: Clingy Fan|Hex|p1a: Necrozma
|-supereffective|p1a: Necrozma
|-damage|p1a: Necrozma|89/100
|
|upkeep
|turn|129
|inactive|Glaliegoesboom ❤ has 25 seconds left this turn.
|
|t:|1641940466
|switch|p2a: Toilet Breath|Arceus-Water|76/100 tox
|-damage|p2a: Toilet Breath|64/100 tox|[from] Stealth Rock
|switch|p1a: Blissey|Blissey, F|100/100
|
|-damage|p2a: Toilet Breath|58/100 tox|[from] psn
|upkeep
|turn|130
|inactive|Glaliegoesboom ❤ has 30 seconds left this turn.
|inactive|Glaliegoesboom ❤ has 20 seconds left.
|
|t:|1641940478
|switch|p1a: Giratina|Giratina-Origin|45/100 slp
|move|p2a: Toilet Breath|Recover|p2a: Toilet Breath
|-heal|p2a: Toilet Breath|100/100 tox
|
|-damage|p2a: Toilet Breath|88/100 tox|[from] psn
|upkeep
|turn|131
|inactive|Glaliegoesboom ❤ has 25 seconds left this turn.
|
|t:|1641940486
|switch|p2a: Clingy Fan|Shedinja|100/100
|-curestatus|p1a: Giratina|slp|[msg]
|move|p1a: Giratina|Rest|p1a: Giratina
|-status|p1a: Giratina|slp|[from] move: Rest
|-heal|p1a: Giratina|100/100 slp|[silent]
|
|upkeep
|turn|132
|inactive|Glaliegoesboom ❤ has 30 seconds left this turn.
|inactive|Glaliegoesboom ❤ has 20 seconds left.
|
|t:|1641940500
|switch|p1a: Necrozma|Necrozma-Dusk-Mane|89/100
|move|p2a: Clingy Fan|Double Team|p2a: Clingy Fan
|-boost|p2a: Clingy Fan|evasion|1
|
|upkeep
|turn|133
|inactive|Glaliegoesboom ❤ has 25 seconds left this turn.
|
|t:|1641940506
|switch|p2a: Toilet Breath|Arceus-Water|88/100 tox
|-damage|p2a: Toilet Breath|76/100 tox|[from] Stealth Rock
|switch|p1a: Blissey|Blissey, F|100/100
|
|-damage|p2a: Toilet Breath|70/100 tox|[from] psn
|upkeep
|turn|134
|inactive|Glaliegoesboom ❤ has 30 seconds left this turn.
|
|t:|1641940514
|switch|p1a: Giratina|Giratina-Origin|100/100 slp
|move|p2a: Toilet Breath|Recover|p2a: Toilet Breath
|-heal|p2a: Toilet Breath|100/100 tox
|
|-damage|p2a: Toilet Breath|88/100 tox|[from] psn
|upkeep
|turn|135
|inactive|Glaliegoesboom ❤ has 30 seconds left this turn.
|inactive|Glaliegoesboom ❤ has 20 seconds left.
|inactive|Glaliegoesboom ❤ has 15 seconds left.
|
|t:|1641940534
|switch|p2a: Clingy Fan|Shedinja|100/100
|switch|p1a: Necrozma|Necrozma-Dusk-Mane|89/100
|
|upkeep
|turn|136
|inactive|Glaliegoesboom ❤ has 20 seconds left this turn.
|
|t:|1641940539
|switch|p1a: Giratina|Giratina-Origin|100/100 slp
|move|p2a: Clingy Fan|Double Team|p2a: Clingy Fan
|-boost|p2a: Clingy Fan|evasion|1
|
|upkeep
|turn|137
|inactive|Glaliegoesboom ❤ has 25 seconds left this turn.
|inactive|Glaliegoesboom ❤ has 20 seconds left.
|
|t:|1641940546
|cant|p1a: Giratina|slp
|move|p2a: Clingy Fan|Double Team|p2a: Clingy Fan
|-boost|p2a: Clingy Fan|evasion|1
|
|upkeep
|turn|138
|inactive|Glaliegoesboom ❤ has 25 seconds left this turn.
|
|t:|1641940554
|switch|p1a: Blissey|Blissey, F|100/100
|move|p2a: Clingy Fan|Hex|p1a: Blissey
|-immune|p1a: Blissey
|
|upkeep
|turn|139
|inactive|Glaliegoesboom ❤ has 30 seconds left this turn.
|
|t:|1641940559
|switch|p1a: Giratina|Giratina-Origin|100/100 slp
|move|p2a: Clingy Fan|Double Team|p2a: Clingy Fan
|-boost|p2a: Clingy Fan|evasion|1
|
|upkeep
|turn|140
|
|t:|1641940566
|switch|p1a: Blissey|Blissey, F|100/100
|move|p2a: Clingy Fan|Will-O-Wisp|p1a: Blissey
|-status|p1a: Blissey|brn
|
|-damage|p1a: Blissey|94/100 brn|[from] brn
|upkeep
|turn|141
|
|t:|1641940573
|move|p2a: Clingy Fan|Hex|p1a: Blissey
|-immune|p1a: Blissey
|move|p1a: Blissey|Aromatherapy|p1a: Blissey
|-activate|p1a: Blissey|move: Aromatherapy
|-curestatus|p1a: Blissey|brn|[msg]
|-curestatus|p1: Giratina|slp|[msg]
|
|upkeep
|turn|142
|
|t:|1641940581
|move|p2a: Clingy Fan|Will-O-Wisp|p1a: Blissey|[miss]
|-miss|p2a: Clingy Fan|p1a: Blissey
|move|p1a: Blissey|Confide|p2a: Clingy Fan
|-unboost|p2a: Clingy Fan|spa|1
|
|upkeep
|turn|143
|
|t:|1641940586
|move|p2a: Clingy Fan|Will-O-Wisp|p1a: Blissey
|-status|p1a: Blissey|brn
|move|p1a: Blissey|Aromatherapy|p1a: Blissey
|-activate|p1a: Blissey|move: Aromatherapy
|-curestatus|p1a: Blissey|brn|[msg]
|
|upkeep
|turn|144
|
|t:|1641940593
|move|p2a: Clingy Fan|Double Team|p2a: Clingy Fan
|-boost|p2a: Clingy Fan|evasion|1
|move|p1a: Blissey|Aromatherapy||[still]
|-activate|p1a: Blissey|move: Aromatherapy
|-fail|p1a: Blissey
|
|upkeep
|turn|145
|
|t:|1641940599
|move|p2a: Clingy Fan|Double Team|p2a: Clingy Fan
|-boost|p2a: Clingy Fan|evasion|1
|move|p1a: Blissey|Aromatherapy||[still]
|-activate|p1a: Blissey|move: Aromatherapy
|-fail|p1a: Blissey
|
|upkeep
|turn|146
|
|t:|1641940607
|move|p2a: Clingy Fan|Double Team|p2a: Clingy Fan
|-boost|p2a: Clingy Fan|evasion|1
|move|p1a: Blissey|Aromatherapy||[still]
|-activate|p1a: Blissey|move: Aromatherapy
|-fail|p1a: Blissey
|-enditem|p1a: Blissey|Leppa Berry|[eat]
|-activate|p1a: Blissey|item: Leppa Berry|Aromatherapy|[consumed]
|
|upkeep
|turn|147
|
|t:|1641940615
|move|p2a: Clingy Fan|Baton Pass|p2a: Clingy Fan
|
|t:|1641940622
|switch|p2a: Diss Tracks|Arceus-Flying|63/100 brn|[from]move: Baton Pass
|-damage|p2a: Diss Tracks|38/100 brn|[from] Stealth Rock
|move|p1a: Blissey|Recycle|p1a: Blissey
|-item|p1a: Blissey|Leppa Berry|[from] move: Recycle
|
|-damage|p2a: Diss Tracks|32/100 brn|[from] brn
|upkeep
|turn|148
|inactive|Glaliegoesboom ❤ has 60 seconds left.
|
|t:|1641940631
|move|p2a: Diss Tracks|Recover|p2a: Diss Tracks
|-heal|p2a: Diss Tracks|82/100 brn
|move|p1a: Blissey|Confide|p2a: Diss Tracks
|-unboost|p2a: Diss Tracks|spa|1
|
|-damage|p2a: Diss Tracks|76/100 brn|[from] brn
|upkeep
|turn|149
|inactive|Glaliegoesboom ❤ has 60 seconds left.
|
|t:|1641940657
|switch|p2a: Clingy Fan|Shedinja|100/100
|move|p1a: Blissey|Confide|p2a: Clingy Fan
|-unboost|p2a: Clingy Fan|spa|1
|
|upkeep
|turn|150
|
|t:|1641940669
|move|p2a: Clingy Fan|Will-O-Wisp|p1a: Blissey
|-status|p1a: Blissey|brn
|move|p1a: Blissey|Confide|p2a: Clingy Fan
|-unboost|p2a: Clingy Fan|spa|1
|
|-damage|p1a: Blissey|88/100 brn|[from] brn
|upkeep
|turn|151
|
|t:|1641940677
|move|p2a: Clingy Fan|Double Team|p2a: Clingy Fan
|-boost|p2a: Clingy Fan|evasion|1
|move|p1a: Blissey|Aromatherapy|p1a: Blissey
|-activate|p1a: Blissey|move: Aromatherapy
|-curestatus|p1a: Blissey|brn|[msg]
|
|upkeep
|turn|152
|
|t:|1641940686
|move|p2a: Clingy Fan|Will-O-Wisp|p1a: Blissey
|-status|p1a: Blissey|brn
|move|p1a: Blissey|Confide|p2a: Clingy Fan
|-unboost|p2a: Clingy Fan|spa|1
|
|-damage|p1a: Blissey|82/100 brn|[from] brn
|upkeep
|turn|153
|
|t:|1641940696
|move|p2a: Clingy Fan|Double Team|p2a: Clingy Fan
|-boost|p2a: Clingy Fan|evasion|1
|move|p1a: Blissey|Aromatherapy|p1a: Blissey
|-activate|p1a: Blissey|move: Aromatherapy
|-curestatus|p1a: Blissey|brn|[msg]
|
|upkeep
|turn|154
|inactive|Glaliegoesboom ❤ has 30 seconds left.
|inactive|Glaliegoesboom ❤ has 20 seconds left.
|inactive|Glaliegoesboom ❤ has 15 seconds left.
|
|t:|1641940727
|move|p2a: Clingy Fan|Will-O-Wisp|p1a: Blissey
|-status|p1a: Blissey|brn
|move|p1a: Blissey|Confide|p2a: Clingy Fan
|-unboost|p2a: Clingy Fan|spa|1
|
|-damage|p1a: Blissey|76/100 brn|[from] brn
|upkeep
|turn|155
|inactive|Glaliegoesboom ❤ has 20 seconds left this turn.
|inactive|Glaliegoesboom ❤ has 15 seconds left.
|
|t:|1641940734
|move|p2a: Clingy Fan|Will-O-Wisp|p1a: Blissey
|-fail|p1a: Blissey|brn
|move|p1a: Blissey|Aromatherapy|p1a: Blissey
|-activate|p1a: Blissey|move: Aromatherapy
|-curestatus|p1a: Blissey|brn|[msg]
|
|upkeep
|turn|156
|inactive|Glaliegoesboom ❤ has 20 seconds left this turn.
|
|t:|1641940742
|move|p2a: Clingy Fan|Hex|p1a: Blissey
|-immune|p1a: Blissey
|move|p1a: Blissey|Soft-Boiled|p1a: Blissey
|-heal|p1a: Blissey|100/100
|
|upkeep
|turn|157
|inactive|Glaliegoesboom ❤ has 25 seconds left this turn.
|inactive|Glaliegoesboom ❤ has 20 seconds left.
|
|t:|1641940749
|move|p2a: Clingy Fan|Double Team|p2a: Clingy Fan
|-boost|p2a: Clingy Fan|evasion|1
|move|p1a: Blissey|Confide|p2a: Clingy Fan
|-unboost|p2a: Clingy Fan|spa|1
|
|upkeep
|turn|158
|inactive|Glaliegoesboom ❤ has 25 seconds left this turn.
|
|t:|1641940755
|move|p2a: Clingy Fan|Hex|p1a: Blissey
|-immune|p1a: Blissey
|move|p1a: Blissey|Confide|p2a: Clingy Fan
|-unboost|p2a: Clingy Fan|spa|1
|-enditem|p1a: Blissey|Leppa Berry|[eat]
|-activate|p1a: Blissey|item: Leppa Berry|Confide|[consumed]
|
|upkeep
|turn|159
|inactive|Glaliegoesboom ❤ has 30 seconds left this turn.
|
|t:|1641940761
|move|p2a: Clingy Fan|Hex|p1a: Blissey
|-immune|p1a: Blissey
|move|p1a: Blissey|Confide|p2a: Clingy Fan
|-unboost|p2a: Clingy Fan|spa|0
|
|upkeep
|turn|160
|inactive|Glaliegoesboom ❤ has 30 seconds left.
|inactive|chopforce8 has 90 seconds left.
|
|t:|1641940772
|switch|p2a: Toilet Breath|Arceus-Water|88/100 tox
|-damage|p2a: Toilet Breath|76/100 tox|[from] Stealth Rock
|move|p1a: Blissey|Confide|p2a: Toilet Breath
|-unboost|p2a: Toilet Breath|spa|1
|
|-damage|p2a: Toilet Breath|70/100 tox|[from] psn
|upkeep
|turn|161
|inactive|Glaliegoesboom ❤ has 30 seconds left.
|inactive|chopforce8 has 90 seconds left.
|
|t:|1641940784
|switch|p1a: Giratina|Giratina-Origin|100/100
|move|p2a: Toilet Breath|Whirlpool|p1a: Giratina
|-resisted|p1a: Giratina
|-damage|p1a: Giratina|97/100
|-activate|p1a: Giratina|move: Whirlpool|[of] p2a: Toilet Breath
|
|-damage|p2a: Toilet Breath|58/100 tox|[from] psn
|-damage|p1a: Giratina|84/100|[from] move: Whirlpool|[partiallytrapped]
|upkeep
|turn|162
|
|t:|1641940797
|move|p2a: Toilet Breath|Recover|p2a: Toilet Breath
|-heal|p2a: Toilet Breath|100/100 tox
|move|p1a: Giratina|Toxic|p2a: Toilet Breath
|-fail|p2a: Toilet Breath|tox
|
|-damage|p2a: Toilet Breath|82/100 tox|[from] psn
|-damage|p1a: Giratina|72/100|[from] move: Whirlpool|[partiallytrapped]
|upkeep
|turn|163
|inactive|Glaliegoesboom ❤ has 30 seconds left.
|
|t:|1641940812
|switch|p1a: Blissey|Blissey, F|100/100
|move|p2a: Toilet Breath|Perish Song|p2a: Toilet Breath
|-start|p1a: Blissey|perish3|[silent]
|-start|p2a: Toilet Breath|perish3|[silent]
|-fieldactivate|move: Perish Song
|
|-damage|p2a: Toilet Breath|58/100 tox|[from] psn
|-start|p2a: Toilet Breath|perish3
|-start|p1a: Blissey|perish3
|upkeep
|turn|164
|inactive|Glaliegoesboom ❤ has 30 seconds left this turn.
|inactive|Glaliegoesboom ❤ has 20 seconds left.
|inactive|Glaliegoesboom ❤ has 15 seconds left.
|inactive|Glaliegoesboom ❤ has 10 seconds left.
|inactive|Glaliegoesboom ❤ has 5 seconds left.
|l|☆Glaliegoesboom ❤
|inactive|Glaliegoesboom ❤ disconnected and has a minute to reconnect!
|player|p1|
|-message|Glaliegoesboom ❤ lost due to inactivity.
|
|win|chopforce8
|raw|Glaliegoesboom ❤'s rating: 1832 &rarr; <strong>1811</strong><br />(-21 for losing)
|raw|chopforce8's rating: 1815 &rarr; <strong>1836</strong><br />(+21 for winning)
|l|☆chopforce8
