|j|☆Ghigghino05
|j|☆Kenesitto
|t:|1655629318
|gametype|singles
|player|p1|Ghigghino05|aaron|1555
|player|p2|Kenesitto|red|1479
|teamsize|p1|6
|teamsize|p2|6
|gen|8
|tier|[Gen 8] National Dex AG
|rated|
|rule|HP Percentage Mod: HP is shown in percentages
|rule|Endless Battle Clause: Forcing endless battles is banned
|clearpoke
|poke|p1|Darmanitan-Galar, F|
|poke|p1|Pheromosa|
|poke|p1|Eternatus|
|poke|p1|Groudon|
|poke|p1|Metagross|
|poke|p1|Yveltal|
|poke|p2|Marshadow|
|poke|p2|Arceus-*|
|poke|p2|Calyrex-Shadow|
|poke|p2|Eternatus|
|poke|p2|Zacian-*|
|poke|p2|Yveltal|
|teampreview
|inactive|Battle timer is ON: inactive players will automatically lose when time's up. (requested by Ghigghino05)
|
|t:|1655629344
|start
|switch|p1a: Pheromosa|Pheromosa|100/100
|switch|p2a: Bidóof|Arceus-Ground|100/100
|turn|1
|
|t:|1655629356
|move|p1a: Pheromosa|Triple Axel|p2a: Bidóof
|-supereffective|p2a: Bidóof
|-damage|p2a: Bidóof|88/100
|-supereffective|p2a: Bidóof
|-damage|p2a: Bidóof|66/100
|-supereffective|p2a: Bidóof
|-damage|p2a: Bidóof|34/100
|-hitcount|p2a: Bidóof|3
|move|p2a: Bidóof|Stealth Rock|p1a: Pheromosa
|-sidestart|p1: Ghigghino05|move: Stealth Rock
|
|upkeep
|turn|2
|
|t:|1655629368
|move|p1a: Pheromosa|Triple Axel|p2a: Bidóof
|-supereffective|p2a: Bidóof
|-damage|p2a: Bidóof|22/100
|-supereffective|p2a: Bidóof
|-damage|p2a: Bidóof|0 fnt
|faint|p2a: Bidóof
|-ability|p1a: Pheromosa|Beast Boost|boost
|-boost|p1a: Pheromosa|atk|1
|-hitcount|p2: Bidóof|2
|
|upkeep
|
|t:|1655629385
|switch|p2a: Shady Guy|Marshadow|100/100
|turn|3
|
|t:|1655629392
|move|p1a: Pheromosa|Triple Axel|p2a: Shady Guy
|-damage|p2a: Shady Guy|84/100
|-crit|p2a: Shady Guy
|-damage|p2a: Shady Guy|32/100
|-damage|p2a: Shady Guy|0 fnt
|faint|p2a: Shady Guy
|-ability|p1a: Pheromosa|Beast Boost|boost
|-boost|p1a: Pheromosa|atk|1
|-hitcount|p2: Shady Guy|3
|
|upkeep
|
|t:|1655629400
|switch|p2a: Doge|Zacian-Crowned|100/100
|-ability|p2a: Doge|Intrepid Sword|boost
|-boost|p2a: Doge|atk|1
|turn|4
|
|t:|1655629405
|move|p2a: Doge|Play Rough|p1a: Pheromosa
|-supereffective|p1a: Pheromosa
|-enditem|p1a: Pheromosa|Focus Sash
|-damage|p1a: Pheromosa|1/100
|move|p1a: Pheromosa|Close Combat|p2a: Doge
|-damage|p2a: Doge|0 fnt
|-unboost|p1a: Pheromosa|def|1
|-unboost|p1a: Pheromosa|spd|1
|faint|p2a: Doge
|-ability|p1a: Pheromosa|Beast Boost|boost
|-boost|p1a: Pheromosa|atk|1
|
|upkeep
|
|t:|1655629409
|switch|p2a: Horse|Calyrex-Shadow|100/100
|-ability|p2a: Horse|As One
|-ability|p2a: Horse|Unnerve
|turn|5
|
|t:|1655629413
|switch|p1a: Yveltal|Yveltal|100/100
|-damage|p1a: Yveltal|76/100|[from] Stealth Rock
|-ability|p1a: Yveltal|Dark Aura
|move|p2a: Horse|Astral Barrage|p1a: Yveltal
|-resisted|p1a: Yveltal
|-damage|p1a: Yveltal|56/100
|
|upkeep
|turn|6
|
|t:|1655629422
|switch|p2a: D Killer|Eternatus|100/100
|-ability|p2a: D Killer|Pressure
|move|p1a: Yveltal|Oblivion Wing|p2a: D Killer
|-damage|p2a: D Killer|64/100
|-heal|p1a: Yveltal|84/100|[from] drain|[of] p2a: D Killer
|
|upkeep
|turn|7
|
|t:|1655629432
|move|p2a: D Killer|Dynamax Cannon|p1a: Yveltal
|-damage|p1a: Yveltal|53/100
|move|p1a: Yveltal|Oblivion Wing|p2a: D Killer
|-damage|p2a: D Killer|30/100
|-heal|p1a: Yveltal|79/100|[from] drain|[of] p2a: D Killer
|
|upkeep
|turn|8
|
|t:|1655629441
|move|p2a: D Killer|Dynamax Cannon|p1a: Yveltal
|-damage|p1a: Yveltal|38/100
|move|p1a: Yveltal|Oblivion Wing|p2a: D Killer
|-damage|p2a: D Killer|0 fnt
|-heal|p1a: Yveltal|59/100|[from] drain|[of] p2a: D Killer
|faint|p2a: D Killer
|
|upkeep
|
|t:|1655629445
|switch|p2a: Birb|Yveltal|100/100
|-ability|p2a: Birb|Dark Aura
|turn|9
|
|t:|1655629449
|move|p2a: Birb|Oblivion Wing|p1a: Yveltal
|-damage|p1a: Yveltal|33/100
|-damage|p2a: Birb|91/100|[from] item: Life Orb
|move|p1a: Yveltal|Oblivion Wing|p2a: Birb
|-damage|p2a: Birb|52/100
|-heal|p1a: Yveltal|58/100|[from] drain|[of] p2a: Birb
|
|upkeep
|turn|10
|
|t:|1655629458
|move|p2a: Birb|Oblivion Wing|p1a: Yveltal
|-damage|p1a: Yveltal|28/100
|-heal|p2a: Birb|78/100|[from] drain|[of] p1a: Yveltal
|-damage|p2a: Birb|68/100|[from] item: Life Orb
|move|p1a: Yveltal|Oblivion Wing|p2a: Birb
|-damage|p2a: Birb|24/100
|-heal|p1a: Yveltal|56/100|[from] drain|[of] p2a: Birb
|
|upkeep
|turn|11
|
|t:|1655629461
|move|p2a: Birb|Oblivion Wing|p1a: Yveltal
|-damage|p1a: Yveltal|30/100
|-heal|p2a: Birb|47/100|[from] drain|[of] p1a: Yveltal
|-damage|p2a: Birb|37/100|[from] item: Life Orb
|move|p1a: Yveltal|Oblivion Wing|p2a: Birb
|-damage|p2a: Birb|0 fnt
|-heal|p1a: Yveltal|54/100|[from] drain|[of] p2a: Birb
|faint|p2a: Birb
|
|upkeep
|
|t:|1655629465
|switch|p2a: Horse|Calyrex-Shadow|100/100
|-ability|p2a: Horse|As One
|-ability|p2a: Horse|Unnerve
|turn|12
|
|t:|1655629471
|move|p2a: Horse|Dark Pulse|p1a: Yveltal
|-resisted|p1a: Yveltal
|-damage|p1a: Yveltal|42/100
|move|p1a: Yveltal|Oblivion Wing|p2a: Horse
|-damage|p2a: Horse|58/100
|-heal|p1a: Yveltal|66/100|[from] drain|[of] p2a: Horse
|
|upkeep
|turn|13
|
|t:|1655629478
|move|p1a: Yveltal|Sucker Punch|p2a: Horse
|-supereffective|p2a: Horse
|-damage|p2a: Horse|0 fnt
|faint|p2a: Horse
|
|win|Ghigghino05
|raw|Ghigghino05's rating: 1555 &rarr; <strong>1571</strong><br />(+16 for winning)
|raw|Kenesitto's rating: 1479 &rarr; <strong>1463</strong><br />(-16 for losing)
|c|☆Ghigghino05|gg
|c|☆Kenesitto|gg
|l|☆Kenesitto
||Ladder isn't responding, score probably updated but might not have (Request timeout).
