|j|☆rowletroost
|j|☆ReactJS3
|t:|1636599629
|gametype|singles
|player|p1|rowletroost|candice|1816
|player|p2|ReactJS3|101|1951
|teamsize|p1|6
|teamsize|p2|6
|gen|8
|tier|[Gen 8] National Dex AG
|rated|
|rule|HP Percentage Mod: HP is shown in percentages
|rule|Endless Battle Clause: Forcing endless battles is banned
|clearpoke
|poke|p1|Arceus-*|
|poke|p1|Xerneas-*|
|poke|p1|Kyogre|
|poke|p1|Marshadow|
|poke|p1|Ribombee, F|
|poke|p1|Vivillon-Savanna, M|
|poke|p2|Rayquaza|
|poke|p2|Zacian-*|
|poke|p2|Yveltal|
|poke|p2|Groudon|
|poke|p2|Ho-Oh|
|poke|p2|Ditto|
|teampreview
|inactive|Battle timer is ON: inactive players will automatically lose when time's up. (requested by rowletroost)
|
|t:|1636599639
|start
|switch|p1a: Arceus|Arceus-Ground|100/100
|switch|p2a: Yveltal|Yveltal|100/100
|-ability|p2a: Yveltal|Dark Aura
|turn|1
|
|t:|1636599646
|-start|p2a: Yveltal|Dynamax
|-heal|p2a: Yveltal|100/100|[silent]
|move|p2a: Yveltal|Max Airstream|p1a: Arceus
|-damage|p1a: Arceus|33/100
|-boost|p2a: Yveltal|spe|1
|-damage|p2a: Yveltal|96/100|[from] item: Life Orb
|move|p1a: Arceus|Ice Beam|p2a: Yveltal
|-supereffective|p2a: Yveltal
|-damage|p2a: Yveltal|73/100
|
|upkeep
|turn|2
|
|t:|1636599650
|switch|p1a: Kyogre|Kyogre, shiny|100/100
|detailschange|p1a: Kyogre|Kyogre-Primal, shiny
|-primal|p1a: Kyogre
|-weather|PrimordialSea|[from] ability: Primordial Sea|[of] p1a: Kyogre
|move|p2a: Yveltal|Max Airstream|p1a: Kyogre
|-damage|p1a: Kyogre|42/100
|-boost|p2a: Yveltal|spe|1
|-damage|p2a: Yveltal|68/100|[from] item: Life Orb
|
|-weather|PrimordialSea|[upkeep]
|upkeep
|turn|3
|
|t:|1636599653
|move|p2a: Yveltal|Max Airstream|p1a: Kyogre
|-damage|p1a: Kyogre|0 fnt
|-boost|p2a: Yveltal|spe|1
|faint|p1a: Kyogre
|-weather|none
|-damage|p2a: Yveltal|63/100|[from] item: Life Orb
|
|-end|p2a: Yveltal|Dynamax
|-heal|p2a: Yveltal|63/100|[silent]
|upkeep
|
|t:|1636599661
|switch|p1a: Ribombee|Ribombee, F, shiny|100/100
|turn|4
|
|t:|1636599664
|move|p2a: Yveltal|Oblivion Wing|p1a: Ribombee
|-supereffective|p1a: Ribombee
|-enditem|p1a: Ribombee|Focus Sash
|-damage|p1a: Ribombee|1/100
|-heal|p2a: Yveltal|100/100|[from] drain|[of] p1a: Ribombee
|-damage|p2a: Yveltal|91/100|[from] item: Life Orb
|move|p1a: Ribombee|Sticky Web|p2a: Yveltal
|-sidestart|p2: ReactJS3|move: Sticky Web
|
|upkeep
|turn|5
|
|t:|1636599667
|move|p2a: Yveltal|Oblivion Wing|p1a: Ribombee
|-supereffective|p1a: Ribombee
|-damage|p1a: Ribombee|0 fnt
|-heal|p2a: Yveltal|91/100|[from] drain|[of] p1a: Ribombee
|faint|p1a: Ribombee
|-damage|p2a: Yveltal|81/100|[from] item: Life Orb
|
|upkeep
|
|t:|1636599673
|switch|p1a: Xerneas|Xerneas, shiny|100/100
|-ability|p1a: Xerneas|Fairy Aura
|turn|6
|
|t:|1636599675
|move|p2a: Yveltal|Oblivion Wing|p1a: Xerneas
|-damage|p1a: Xerneas|49/100
|-heal|p2a: Yveltal|100/100|[from] drain|[of] p1a: Xerneas
|-damage|p2a: Yveltal|91/100|[from] item: Life Orb
|move|p1a: Xerneas|Geomancy||[still]
|-prepare|p1a: Xerneas|Geomancy
|-enditem|p1a: Xerneas|Power Herb
|-anim|p1a: Xerneas|Geomancy|p1a: Xerneas
|-boost|p1a: Xerneas|spa|2
|-boost|p1a: Xerneas|spd|2
|-boost|p1a: Xerneas|spe|2
|
|upkeep
|turn|7
|
|t:|1636599683
|move|p2a: Yveltal|Sucker Punch|p1a: Xerneas
|-resisted|p1a: Xerneas
|-damage|p1a: Xerneas|27/100
|-damage|p2a: Yveltal|81/100|[from] item: Life Orb
|move|p1a: Xerneas|Moonblast|p2a: Yveltal
|-supereffective|p2a: Yveltal
|-damage|p2a: Yveltal|0 fnt
|faint|p2a: Yveltal
|
|upkeep
|
|t:|1636599687
|switch|p2a: Ditto|Ditto|100/100
|-activate|p2a: Ditto|move: Sticky Web
|-unboost|p2a: Ditto|spe|1
|-transform|p2a: Ditto|p1a: Xerneas|[from] ability: Imposter
|-ability|p2a: Ditto|Fairy Aura
|turn|8
|
|t:|1636599699
|-start|p1a: Xerneas|Dynamax
|-heal|p1a: Xerneas|27/100|[silent]
|move|p2a: Ditto|Moonblast|p1a: Xerneas
|-damage|p1a: Xerneas|0 fnt
|faint|p1a: Xerneas
|
|upkeep
|
|t:|1636599701
|switch|p1a: Marshadow|Marshadow|100/100
|turn|9
|
|t:|1636599707
|switch|p2a: Ho-Oh|Ho-Oh|100/100
|move|p1a: Marshadow|Spectral Thief|p2a: Ho-Oh
|-damage|p2a: Ho-Oh|69/100
|
|upkeep
|turn|10
|
|t:|1636599712
|move|p1a: Marshadow|Rock Tomb|p2a: Ho-Oh
|-supereffective|p2a: Ho-Oh
|-damage|p2a: Ho-Oh|0 fnt
|faint|p2a: Ho-Oh
|
|upkeep
|
|t:|1636599717
|switch|p2a: Groudon|Groudon|100/100
|-activate|p2a: Groudon|move: Sticky Web
|-unboost|p2a: Groudon|spe|1
|detailschange|p2a: Groudon|Groudon-Primal
|-primal|p2a: Groudon
|-weather|DesolateLand|[from] ability: Desolate Land|[of] p2a: Groudon
|turn|11
|
|t:|1636599720
|switch|p1a: Vivillon|Vivillon-Savanna, M|100/100
|move|p2a: Groudon|Stealth Rock|p1a: Vivillon
|-sidestart|p1: rowletroost|move: Stealth Rock
|
|-weather|DesolateLand|[upkeep]
|upkeep
|turn|12
|
|t:|1636599743
|move|p1a: Vivillon|Sleep Powder|p2a: Groudon
|-status|p2a: Groudon|slp|[from] move: Sleep Powder
|cant|p2a: Groudon|slp
|
|-weather|DesolateLand|[upkeep]
|upkeep
|turn|13
|
|t:|1636599749
|move|p1a: Vivillon|Substitute|p1a: Vivillon
|-start|p1a: Vivillon|Substitute
|-damage|p1a: Vivillon|76/100
|cant|p2a: Groudon|slp
|
|-weather|DesolateLand|[upkeep]
|-heal|p1a: Vivillon|82/100|[from] item: Leftovers
|upkeep
|turn|14
|
|t:|1636599753
|move|p1a: Vivillon|Quiver Dance|p1a: Vivillon
|-boost|p1a: Vivillon|spa|1
|-boost|p1a: Vivillon|spd|1
|-boost|p1a: Vivillon|spe|1
|cant|p2a: Groudon|slp
|
|-weather|DesolateLand|[upkeep]
|-heal|p1a: Vivillon|88/100|[from] item: Leftovers
|upkeep
|turn|15
|
|t:|1636599759
|move|p1a: Vivillon|Hurricane|p2a: Groudon
|-damage|p2a: Groudon|43/100 slp
|-start|p2a: Groudon|confusion
|-curestatus|p2a: Groudon|slp|[msg]
|-activate|p2a: Groudon|confusion
|move|p2a: Groudon|Overheat|p1a: Vivillon
|-supereffective|p1a: Vivillon
|-end|p1a: Vivillon|Substitute
|-unboost|p2a: Groudon|spa|2
|
|-weather|DesolateLand|[upkeep]
|-heal|p1a: Vivillon|94/100|[from] item: Leftovers
|upkeep
|turn|16
|j| 09-10a
|
|t:|1636599770
|move|p1a: Vivillon|Sleep Powder|p2a: Groudon
|-status|p2a: Groudon|slp|[from] move: Sleep Powder
|cant|p2a: Groudon|slp
|
|-weather|DesolateLand|[upkeep]
|-heal|p1a: Vivillon|99/100|[from] item: Leftovers
|upkeep
|turn|17
|
|t:|1636599772
|-weather|none
|switch|p2a: Ditto|Ditto|100/100
|-activate|p2a: Ditto|move: Sticky Web
|-unboost|p2a: Ditto|spe|1
|-transform|p2a: Ditto|p1a: Vivillon|[from] ability: Imposter
|move|p1a: Vivillon|Substitute|p1a: Vivillon
|-start|p1a: Vivillon|Substitute
|-damage|p1a: Vivillon|75/100
|
|-heal|p1a: Vivillon|81/100|[from] item: Leftovers
|upkeep
|turn|18
|
|t:|1636599780
|move|p2a: Ditto|Hurricane|p1a: Vivillon|[miss]
|-miss|p2a: Ditto|p1a: Vivillon
|move|p1a: Vivillon|Hurricane|p2a: Ditto
|-supereffective|p2a: Ditto
|-damage|p2a: Ditto|0 fnt
|faint|p2a: Ditto
|
|-heal|p1a: Vivillon|87/100|[from] item: Leftovers
|upkeep
|
|t:|1636599785
|switch|p2a: Rayquaza|Rayquaza|100/100
|-ability|p2a: Rayquaza|Air Lock
|turn|19
|
|t:|1636599788
|detailschange|p2a: Rayquaza|Rayquaza-Mega
|-mega|p2a: Rayquaza|Rayquaza|
|-weather|DeltaStream|[from] ability: Delta Stream|[of] p2a: Rayquaza
|move|p2a: Rayquaza|Extreme Speed|p1a: Vivillon
|-end|p1a: Vivillon|Substitute
|move|p1a: Vivillon|Sleep Powder|p2a: Rayquaza
|-status|p2a: Rayquaza|slp|[from] move: Sleep Powder
|
|-weather|DeltaStream|[upkeep]
|-heal|p1a: Vivillon|93/100|[from] item: Leftovers
|upkeep
|turn|20
|
|t:|1636599793
|cant|p2a: Rayquaza|slp
|move|p1a: Vivillon|Substitute|p1a: Vivillon
|-start|p1a: Vivillon|Substitute
|-damage|p1a: Vivillon|68/100
|
|-weather|DeltaStream|[upkeep]
|-heal|p1a: Vivillon|74/100|[from] item: Leftovers
|upkeep
|turn|21
|
|t:|1636599797
|cant|p2a: Rayquaza|slp
|move|p1a: Vivillon|Hurricane|p2a: Rayquaza
|-damage|p2a: Rayquaza|35/100 slp
|
|-weather|DeltaStream|[upkeep]
|-heal|p1a: Vivillon|80/100|[from] item: Leftovers
|upkeep
|turn|22
|
|t:|1636599799
|-curestatus|p2a: Rayquaza|slp|[msg]
|move|p2a: Rayquaza|Extreme Speed|p1a: Vivillon
|-end|p1a: Vivillon|Substitute
|move|p1a: Vivillon|Hurricane|p2a: Rayquaza
|-damage|p2a: Rayquaza|0 fnt
|faint|p2a: Rayquaza
|-weather|none
|
|-heal|p1a: Vivillon|86/100|[from] item: Leftovers
|upkeep
|-message|ReactJS3 forfeited.
|
|win|rowletroost
|raw|rowletroost's rating: 1816 &rarr; <strong>1843</strong><br />(+27 for winning)
|raw|ReactJS3's rating: 1951 &rarr; <strong>1924</strong><br />(-27 for losing)
|l|☆ReactJS3
|l| 09-10a
