|j|☆iHaveAsthma
|j|☆soda49
|t:|1640474362
|gametype|singles
|player|p1|iHaveAsthma|doctor|1914
|player|p2|soda49|101|1633
|teamsize|p1|6
|teamsize|p2|6
|gen|8
|tier|[Gen 8] National Dex AG
|rated|
|rule|HP Percentage Mod: HP is shown in percentages
|rule|Endless Battle Clause: Forcing endless battles is banned
|clearpoke
|poke|p1|Rayquaza|
|poke|p1|Lugia|
|poke|p1|Arceus-*|
|poke|p1|Calyrex-Shadow|
|poke|p1|Groudon|
|poke|p1|Arceus-*|
|poke|p2|Smeargle, M|
|poke|p2|Calyrex-Shadow|
|poke|p2|Dragonite, F|
|poke|p2|Charizard, M|
|poke|p2|Mimikyu, F|
|poke|p2|Whimsicott, F|
|teampreview
|inactive|Battle timer is ON: inactive players will automatically lose when time's up. (requested by soda49)
|inactive|soda49 has 120 seconds left.
|
|t:|1640474400
|start
|switch|p1a: Rayquaza|Rayquaza|100/100
|switch|p2a: Charizard|Charizard, M|100/100
|-ability|p1a: Rayquaza|Air Lock
|turn|1
|
|t:|1640474406
|switch|p1a: Arceus|Arceus-Ground|100/100
|-start|p2a: Charizard|Dynamax
|-formechange|p2a: Charizard|Charizard-Gmax
|-heal|p2a: Charizard|100/100|[silent]
|move|p2a: Charizard|Max Airstream|p1a: Arceus
|-damage|p1a: Arceus|61/100
|-boost|p2a: Charizard|spe|1
|
|upkeep
|turn|2
|
|t:|1640474409
|move|p2a: Charizard|G-Max Wildfire|p1a: Arceus
|-damage|p1a: Arceus|8/100
|-sidestart|p1: iHaveAsthma|G-Max Wildfire
|move|p1a: Arceus|Recover|p1a: Arceus
|-heal|p1a: Arceus|58/100
|
|-damage|p1a: Arceus|41/100|[from] G-Max Wildfire
|upkeep
|turn|3
|
|t:|1640474422
|switch|p1a: Lugia|Lugia|100/100
|move|p2a: Charizard|G-Max Wildfire|p1a: Lugia
|-damage|p1a: Lugia|79/100
|
|-damage|p1a: Lugia|62/100|[from] G-Max Wildfire
|-end|p2a: Charizard|Dynamax
|-formechange|p2a: Charizard|Charizard
|-heal|p2a: Charizard|100/100|[silent]
|upkeep
|turn|4
|
|t:|1640474432
|move|p2a: Charizard|Air Slash|p1a: Lugia|[miss]
|-miss|p2a: Charizard|p1a: Lugia
|move|p1a: Lugia|Thunder Wave|p2a: Charizard
|-status|p2a: Charizard|par
|-enditem|p2a: Charizard|Lum Berry|[eat]
|-curestatus|p2a: Charizard|par|[msg]
|
|-damage|p1a: Lugia|46/100|[from] G-Max Wildfire
|upkeep
|turn|5
|
|t:|1640474440
|move|p2a: Charizard|Air Slash|p1a: Lugia
|-damage|p1a: Lugia|25/100
|move|p1a: Lugia|Roost|p1a: Lugia
|-heal|p1a: Lugia|75/100
|-singleturn|p1a: Lugia|move: Roost
|
|-damage|p1a: Lugia|58/100|[from] G-Max Wildfire
|-sideend|p1: iHaveAsthma|G-Max Wildfire
|upkeep
|turn|6
|
|t:|1640474458
|move|p2a: Charizard|Air Slash|p1a: Lugia
|-damage|p1a: Lugia|36/100
|cant|p1a: Lugia|flinch
|
|upkeep
|turn|7
|
|t:|1640474462
|move|p2a: Charizard|Blast Burn|p1a: Lugia
|-crit|p1a: Lugia
|-damage|p1a: Lugia|0 fnt
|-mustrecharge|p2a: Charizard
|faint|p1a: Lugia
|
|upkeep
|
|t:|1640474465
|switch|p1a: Groudon|Groudon|100/100
|detailschange|p1a: Groudon|Groudon-Primal
|-primal|p1a: Groudon
|-weather|DesolateLand|[from] ability: Desolate Land|[of] p1a: Groudon
|turn|8
|
|t:|1640474467
|cant|p2a: Charizard|recharge
|move|p1a: Groudon|Stealth Rock|p2a: Charizard
|-sidestart|p2: soda49|move: Stealth Rock
|
|-weather|DesolateLand|[upkeep]
|-damage|p2a: Charizard|88/100|[from] ability: Solar Power|[of] p2a: Charizard
|upkeep
|turn|9
|
|t:|1640474470
|move|p2a: Charizard|Scorching Sands|p1a: Groudon
|-supereffective|p1a: Groudon
|-damage|p1a: Groudon|23/100
|move|p1a: Groudon|Toxic|p2a: Charizard
|-status|p2a: Charizard|tox
|
|-weather|DesolateLand|[upkeep]
|-damage|p2a: Charizard|76/100 tox|[from] ability: Solar Power|[of] p2a: Charizard
|-damage|p2a: Charizard|70/100 tox|[from] psn
|upkeep
|turn|10
|
|t:|1640474472
|-weather|none
|switch|p1a: Rayquaza|Rayquaza|100/100
|-ability|p1a: Rayquaza|Air Lock
|move|p2a: Charizard|Scorching Sands|p1a: Rayquaza
|-immune|p1a: Rayquaza
|
|-damage|p2a: Charizard|57/100 tox|[from] psn
|upkeep
|turn|11
|
|t:|1640474475
|switch|p1a: Groudon|Groudon-Primal|23/100
|-weather|DesolateLand|[from] ability: Desolate Land|[of] p1a: Groudon
|move|p2a: Charizard|Air Slash|p1a: Groudon
|-damage|p1a: Groudon|0 fnt
|faint|p1a: Groudon
|-weather|none
|
|-damage|p2a: Charizard|39/100 tox|[from] psn
|upkeep
|
|t:|1640474480
|switch|p1a: Rayquaza|Rayquaza|100/100
|-ability|p1a: Rayquaza|Air Lock
|turn|12
|
|t:|1640474484
|detailschange|p1a: Rayquaza|Rayquaza-Mega
|-mega|p1a: Rayquaza|Rayquaza|
|-weather|DeltaStream|[from] ability: Delta Stream|[of] p1a: Rayquaza
|move|p1a: Rayquaza|Extreme Speed|p2a: Charizard
|-damage|p2a: Charizard|0 fnt
|faint|p2a: Charizard
|
|-weather|DeltaStream|[upkeep]
|upkeep
|
|t:|1640474495
|switch|p2a: Mimikyu|Mimikyu, F|100/100
|-damage|p2a: Mimikyu|88/100|[from] Stealth Rock
|turn|13
|
|t:|1640474498
|-weather|none
|switch|p1a: Arceus|Arceus-Ground|41/100
|move|p2a: Mimikyu|Trick Room|p2a: Mimikyu
|-fieldstart|move: Trick Room|[of] p2a: Mimikyu
|
|upkeep
|turn|14
|
|t:|1640474503
|move|p2a: Mimikyu|Play Rough|p1a: Arceus
|-damage|p1a: Arceus|21/100
|move|p1a: Arceus|Recover|p1a: Arceus
|-heal|p1a: Arceus|71/100
|
|upkeep
|turn|15
|
|t:|1640474508
|move|p2a: Mimikyu|Curse|p1a: Arceus
|-start|p1a: Arceus|Curse|[of] p2a: Mimikyu
|-damage|p2a: Mimikyu|38/100
|move|p1a: Arceus|Recover|p1a: Arceus
|-heal|p1a: Arceus|100/100
|
|-damage|p1a: Arceus|75/100|[from] Curse
|upkeep
|turn|16
|
|t:|1640474512
|move|p2a: Mimikyu|Play Rough|p1a: Arceus
|-damage|p1a: Arceus|55/100
|move|p1a: Arceus|Recover|p1a: Arceus
|-heal|p1a: Arceus|100/100
|
|-damage|p1a: Arceus|75/100|[from] Curse
|upkeep
|turn|17
|
|t:|1640474522
|move|p2a: Mimikyu|Play Rough|p1a: Arceus
|-damage|p1a: Arceus|56/100
|move|p1a: Arceus|Calm Mind|p1a: Arceus
|-boost|p1a: Arceus|spa|1
|-boost|p1a: Arceus|spd|1
|
|-damage|p1a: Arceus|31/100|[from] Curse
|-fieldend|move: Trick Room
|upkeep
|turn|18
|
|t:|1640474527
|move|p1a: Arceus|Recover|p1a: Arceus
|-heal|p1a: Arceus|81/100
|move|p2a: Mimikyu|Play Rough|p1a: Arceus
|-damage|p1a: Arceus|60/100
|
|-damage|p1a: Arceus|35/100|[from] Curse
|upkeep
|turn|19
|
|t:|1640474530
|move|p1a: Arceus|Judgment|p2a: Mimikyu
|-activate|p2a: Mimikyu|ability: Disguise
|-damage|p2a: Mimikyu|38/100
|detailschange|p2a: Mimikyu|Mimikyu-Busted, F
|-damage|p2a: Mimikyu|26/100|[from] pokemon: Mimikyu-Busted
|move|p2a: Mimikyu|Play Rough|p1a: Arceus
|-damage|p1a: Arceus|16/100
|
|-damage|p1a: Arceus|0 fnt|[from] Curse
|faint|p1a: Arceus
|upkeep
|
|t:|1640474538
|switch|p1a: Arceus|Arceus-Flying|100/100
|turn|20
|
|t:|1640474541
|-start|p1a: Arceus|Dynamax
|-heal|p1a: Arceus|100/100|[silent]
|move|p1a: Arceus|Max Airstream|p2a: Mimikyu
|-damage|p2a: Mimikyu|0 fnt
|-boost|p1a: Arceus|spe|1
|faint|p2a: Mimikyu
|
|upkeep
|
|t:|1640474551
|switch|p2a: Dragonite|Dragonite, F|100/100
|turn|21
|
|t:|1640474555
|move|p1a: Arceus|Max Airstream|p2a: Dragonite
|-damage|p2a: Dragonite|57/100
|-boost|p1a: Arceus|spe|1
|move|p2a: Dragonite|Defog|p1a: Arceus
|-unboost|p1a: Arceus|evasion|1
|-sideend|p2: soda49|Stealth Rock|[from] move: Defog|[of] p2a: Dragonite
|
|upkeep
|turn|22
|
|t:|1640474564
|move|p1a: Arceus|Max Airstream|p2a: Dragonite
|-damage|p2a: Dragonite|0 fnt
|-boost|p1a: Arceus|spe|1
|faint|p2a: Dragonite
|
|-end|p1a: Arceus|Dynamax
|-heal|p1a: Arceus|100/100|[silent]
|upkeep
|
|t:|1640474566
|switch|p2a: Whimsicott|Whimsicott, F|100/100
|turn|23
|
|t:|1640474571
|move|p2a: Whimsicott|Cotton Spore|p1a: Arceus
|-unboost|p1a: Arceus|spe|2
|move|p1a: Arceus|Earthquake|p2a: Whimsicott
|-resisted|p2a: Whimsicott
|-damage|p2a: Whimsicott|80/100
|
|upkeep
|turn|24
|
|t:|1640474576
|move|p2a: Whimsicott|Cotton Spore|p1a: Arceus
|-unboost|p1a: Arceus|spe|2
|move|p1a: Arceus|Fly||[still]
|-prepare|p1a: Arceus|Fly
|
|upkeep
|turn|25
|
|t:|1640474588
|move|p2a: Whimsicott|Moonblast|p1a: Arceus|[miss]
|-miss|p2a: Whimsicott|p1a: Arceus
|move|p1a: Arceus|Fly|p2a: Whimsicott|[from]lockedmove
|-supereffective|p2a: Whimsicott
|-damage|p2a: Whimsicott|0 fnt
|faint|p2a: Whimsicott
|
|upkeep
|
|t:|1640474590
|switch|p2a: The wobbler|Smeargle, M|100/100
|turn|26
|
|t:|1640474592
|move|p2a: The wobbler|Spore|p1a: Arceus
|-status|p1a: Arceus|slp|[from] move: Spore
|cant|p1a: Arceus|slp
|
|-ability|p2a: The wobbler|Moody|boost
|-boost|p2a: The wobbler|spe|2
|-unboost|p2a: The wobbler|spd|1
|upkeep
|turn|27
|
|t:|1640474596
|move|p2a: The wobbler|Substitute|p2a: The wobbler
|-start|p2a: The wobbler|Substitute
|-damage|p2a: The wobbler|76/100
|cant|p1a: Arceus|slp
|
|-heal|p2a: The wobbler|82/100|[from] item: Leftovers
|-ability|p2a: The wobbler|Moody|boost
|-boost|p2a: The wobbler|spa|2
|-unboost|p2a: The wobbler|spe|1
|upkeep
|turn|28
|
|t:|1640474598
|move|p2a: The wobbler|Shell Smash|p2a: The wobbler
|-unboost|p2a: The wobbler|def|1
|-unboost|p2a: The wobbler|spd|1
|-boost|p2a: The wobbler|atk|2
|-boost|p2a: The wobbler|spa|2
|-boost|p2a: The wobbler|spe|2
|cant|p1a: Arceus|slp
|
|-heal|p2a: The wobbler|88/100|[from] item: Leftovers
|-ability|p2a: The wobbler|Moody|boost
|-boost|p2a: The wobbler|spa|2
|-unboost|p2a: The wobbler|spe|1
|upkeep
|turn|29
|
|t:|1640474601
|move|p2a: The wobbler|Shell Smash|p2a: The wobbler
|-unboost|p2a: The wobbler|def|1
|-unboost|p2a: The wobbler|spd|1
|-boost|p2a: The wobbler|atk|2
|-boost|p2a: The wobbler|spa|0
|-boost|p2a: The wobbler|spe|2
|-curestatus|p1a: Arceus|slp|[msg]
|move|p1a: Arceus|Earthquake|p2a: The wobbler
|-end|p2a: The wobbler|Substitute
|
|-heal|p2a: The wobbler|94/100|[from] item: Leftovers
|-ability|p2a: The wobbler|Moody|boost
|-boost|p2a: The wobbler|atk|2
|-unboost|p2a: The wobbler|spd|1
|upkeep
|turn|30
|
|t:|1640474605
|move|p2a: The wobbler|Spore|p1a: Arceus
|-status|p1a: Arceus|slp|[from] move: Spore
|cant|p1a: Arceus|slp
|
|-heal|p2a: The wobbler|99/100|[from] item: Leftovers
|-ability|p2a: The wobbler|Moody|boost
|-boost|p2a: The wobbler|spe|2
|-unboost|p2a: The wobbler|spd|1
|upkeep
|turn|31
|
|t:|1640474609
|move|p2a: The wobbler|Substitute|p2a: The wobbler
|-start|p2a: The wobbler|Substitute
|-damage|p2a: The wobbler|75/100
|-curestatus|p1a: Arceus|slp|[msg]
|move|p1a: Arceus|Earthquake|p2a: The wobbler
|-end|p2a: The wobbler|Substitute
|
|-heal|p2a: The wobbler|81/100|[from] item: Leftovers
|-ability|p2a: The wobbler|Moody|boost
|-boost|p2a: The wobbler|spd|2
|-unboost|p2a: The wobbler|spe|1
|upkeep
|turn|32
|
|t:|1640474611
|move|p2a: The wobbler|Spore|p1a: Arceus
|-status|p1a: Arceus|slp|[from] move: Spore
|cant|p1a: Arceus|slp
|
|-heal|p2a: The wobbler|87/100|[from] item: Leftovers
|-ability|p2a: The wobbler|Moody|boost
|-boost|p2a: The wobbler|def|2
|-unboost|p2a: The wobbler|spa|1
|upkeep
|turn|33
|
|t:|1640474613
|move|p2a: The wobbler|Substitute|p2a: The wobbler
|-start|p2a: The wobbler|Substitute
|-damage|p2a: The wobbler|62/100
|-curestatus|p1a: Arceus|slp|[msg]
|move|p1a: Arceus|Earthquake|p2a: The wobbler
|-end|p2a: The wobbler|Substitute
|
|-heal|p2a: The wobbler|68/100|[from] item: Leftovers
|-ability|p2a: The wobbler|Moody|boost
|-boost|p2a: The wobbler|spd|2
|-unboost|p2a: The wobbler|def|1
|upkeep
|turn|34
|
|t:|1640474617
|move|p2a: The wobbler|Spore|p1a: Arceus
|-status|p1a: Arceus|slp|[from] move: Spore
|cant|p1a: Arceus|slp
|
|-heal|p2a: The wobbler|74/100|[from] item: Leftovers
|-ability|p2a: The wobbler|Moody|boost
|-boost|p2a: The wobbler|spe|1
|-unboost|p2a: The wobbler|def|1
|upkeep
|turn|35
|
|t:|1640474622
|switch|p1a: Rayquaza|Rayquaza-Mega|100/100
|-weather|DeltaStream|[from] ability: Delta Stream|[of] p1a: Rayquaza
|move|p2a: The wobbler|Substitute|p2a: The wobbler
|-start|p2a: The wobbler|Substitute
|-damage|p2a: The wobbler|50/100
|
|-weather|DeltaStream|[upkeep]
|-heal|p2a: The wobbler|55/100|[from] item: Leftovers
|-ability|p2a: The wobbler|Moody|boost
|-boost|p2a: The wobbler|spd|2
|-unboost|p2a: The wobbler|spa|1
|upkeep
|turn|36
|
|t:|1640474628
|move|p2a: The wobbler|Spore|p1a: Rayquaza
|-status|p1a: Rayquaza|slp|[from] move: Spore
|cant|p1a: Rayquaza|slp
|
|-weather|DeltaStream|[upkeep]
|-heal|p2a: The wobbler|61/100|[from] item: Leftovers
|-ability|p2a: The wobbler|Moody|boost
|-boost|p2a: The wobbler|spd|2
|-unboost|p2a: The wobbler|spe|1
|upkeep
|turn|37
|
|t:|1640474631
|move|p2a: The wobbler|Power Trip|p1a: Rayquaza
|-enditem|p1a: Rayquaza|Focus Sash
|-damage|p1a: Rayquaza|1/100 slp
|cant|p1a: Rayquaza|slp
|
|-weather|DeltaStream|[upkeep]
|-heal|p2a: The wobbler|67/100|[from] item: Leftovers
|-ability|p2a: The wobbler|Moody|boost
|-boost|p2a: The wobbler|spd|2
|-unboost|p2a: The wobbler|atk|1
|upkeep
|turn|38
|c|☆soda49|I think you need to espeed
|
|t:|1640474651
|-curestatus|p1a: Rayquaza|slp|[msg]
|move|p1a: Rayquaza|Extreme Speed|p2a: The wobbler
|-end|p2a: The wobbler|Substitute
|move|p2a: The wobbler|Power Trip|p1a: Rayquaza
|-damage|p1a: Rayquaza|0 fnt
|faint|p1a: Rayquaza
|-weather|none
|
|-heal|p2a: The wobbler|73/100|[from] item: Leftovers
|-ability|p2a: The wobbler|Moody|boost
|-boost|p2a: The wobbler|spe|1
|-unboost|p2a: The wobbler|def|1
|upkeep
|c|☆iHaveAsthma|yeah have to
|
|t:|1640474655
|switch|p1a: Calyrex|Calyrex-Shadow|100/100
|-ability|p1a: Calyrex|As One
|-ability|p1a: Calyrex|Unnerve
|turn|39
|
|t:|1640474661
|move|p2a: The wobbler|Spore|p1a: Calyrex
|-status|p1a: Calyrex|slp|[from] move: Spore
|cant|p1a: Calyrex|slp
|
|-heal|p2a: The wobbler|79/100|[from] item: Leftovers
|-ability|p2a: The wobbler|Moody|boost
|-boost|p2a: The wobbler|def|2
|-unboost|p2a: The wobbler|spd|1
|upkeep
|turn|40
|c|☆iHaveAsthma|but still an l for me
|
|t:|1640474666
|move|p2a: The wobbler|Substitute|p2a: The wobbler
|-start|p2a: The wobbler|Substitute
|-damage|p2a: The wobbler|55/100
|cant|p1a: Calyrex|slp
|
|-heal|p2a: The wobbler|61/100|[from] item: Leftovers
|-ability|p2a: The wobbler|Moody|boost
|-boost|p2a: The wobbler|atk|1
|-unboost|p2a: The wobbler|def|1
|upkeep
|turn|41
|-message|iHaveAsthma forfeited.
|
|win|soda49
|raw|iHaveAsthma's rating: 1914 &rarr; <strong>1881</strong><br />(-33 for losing)
|raw|soda49's rating: 1633 &rarr; <strong>1666</strong><br />(+33 for winning)
|l|☆iHaveAsthma
|c|☆soda49|Unfortunately
|c|☆soda49|Gg
|l|☆soda49
|j|☆soda49
|player|p2|soda49|101
|inactive|Battle timer is ON: inactive players will automatically lose when time's up. (requested by soda49)
|l|☆soda49
|player|p2|
|j|☆soda49
|player|p2|soda49|101
