|j|☆MRH1106
|j|☆DrMario69
|t:|1664315876
|gametype|singles
|player|p1|MRH1106|red|1955
|player|p2|DrMario69|lucas|1810
|teamsize|p1|6
|teamsize|p2|6
|gen|8
|tier|[Gen 8] National Dex AG
|rated|
|rule|HP Percentage Mod: HP is shown in percentages
|rule|Endless Battle Clause: Forcing endless battles is banned
|clearpoke
|poke|p1|Zacian-*|
|poke|p1|Calyrex-Shadow|
|poke|p1|Rayquaza|
|poke|p1|Ditto|
|poke|p1|Yveltal|
|poke|p1|Arceus-*|
|poke|p2|Groudon|
|poke|p2|Rayquaza|
|poke|p2|Zygarde|
|poke|p2|Calyrex-Shadow|
|poke|p2|Arceus-*|
|poke|p2|Arceus-*|
|teampreview
|inactive|Battle timer is ON: inactive players will automatically lose when time's up. (requested by MRH1106)
|
|t:|1664315899
|start
|switch|p1a: Legit god|Arceus-Ground|100/100
|switch|p2a: the gwoat|Rayquaza|100/100
|-ability|p2a: the gwoat|Air Lock
|turn|1
|
|t:|1664315908
|detailschange|p2a: the gwoat|Rayquaza-Mega
|-mega|p2a: the gwoat|Rayquaza|
|-weather|DeltaStream|[from] ability: Delta Stream|[of] p2a: the gwoat
|move|p1a: Legit god|Ice Beam|p2a: the gwoat
|-activate||deltastream
|-supereffective|p2a: the gwoat
|-damage|p2a: the gwoat|57/100
|move|p2a: the gwoat|Scale Shot|p1a: Legit god
|-damage|p1a: Legit god|84/100
|-damage|p1a: Legit god|68/100
|-damage|p1a: Legit god|51/100
|-hitcount|p1a: Legit god|3
|-unboost|p2a: the gwoat|def|1
|-boost|p2a: the gwoat|spe|1
|-damage|p2a: the gwoat|47/100|[from] item: Life Orb
|
|-weather|DeltaStream|[upkeep]
|upkeep
|turn|2
|
|t:|1664315935
|move|p2a: the gwoat|Dragon Ascent|p1a: Legit god
|-damage|p1a: Legit god|0 fnt
|-unboost|p2a: the gwoat|def|1
|-unboost|p2a: the gwoat|spd|1
|faint|p1a: Legit god
|-damage|p2a: the gwoat|37/100|[from] item: Life Orb
|
|-weather|DeltaStream|[upkeep]
|upkeep
|
|t:|1664315944
|switch|p1a: Fuck you <3|Ditto, shiny|100/100
|-transform|p1a: Fuck you <3|p2a: the gwoat|[from] ability: Imposter
|turn|3
|
|t:|1664315956
|switch|p2a: the goat|Zygarde, shiny|100/100
|move|p1a: Fuck you <3|Extreme Speed|p2a: the goat
|-damage|p2a: the goat|78/100
|
|-weather|DeltaStream|[upkeep]
|-heal|p2a: the goat|85/100|[from] item: Leftovers
|upkeep
|turn|4
|
|t:|1664315973
|-weather|none
|switch|p1a: Rayyyy|Rayquaza|100/100
|-ability|p1a: Rayyyy|Air Lock
|move|p2a: the goat|Glare|p1a: Rayyyy
|-status|p1a: Rayyyy|par
|
|-heal|p2a: the goat|91/100|[from] item: Leftovers
|upkeep
|turn|5
|
|t:|1664315976
|detailschange|p1a: Rayyyy|Rayquaza-Mega
|-mega|p1a: Rayyyy|Rayquaza|
|-weather|DeltaStream|[from] ability: Delta Stream|[of] p1a: Rayyyy
|move|p2a: the goat|Substitute|p2a: the goat
|-start|p2a: the goat|Substitute
|-damage|p2a: the goat|66/100
|move|p1a: Rayyyy|Dragon Ascent|p2a: the goat
|-end|p2a: the goat|Substitute
|-unboost|p1a: Rayyyy|def|1
|-unboost|p1a: Rayyyy|spd|1
|
|-weather|DeltaStream|[upkeep]
|-heal|p2a: the goat|72/100|[from] item: Leftovers
|upkeep
|turn|6
|
|t:|1664315988
|move|p2a: the goat|Substitute|p2a: the goat
|-start|p2a: the goat|Substitute
|-damage|p2a: the goat|47/100
|move|p1a: Rayyyy|Dragon Dance|p1a: Rayyyy
|-boost|p1a: Rayyyy|atk|1
|-boost|p1a: Rayyyy|spe|1
|
|-weather|DeltaStream|[upkeep]
|-heal|p2a: the goat|53/100|[from] item: Leftovers
|upkeep
|turn|7
|
|t:|1664315993
|move|p1a: Rayyyy|Dragon Dance|p1a: Rayyyy
|-boost|p1a: Rayyyy|atk|1
|-boost|p1a: Rayyyy|spe|1
|move|p2a: the goat|Thousand Arrows|p1a: Rayyyy
|-damage|p1a: Rayyyy|55/100 par
|-start|p1a: Rayyyy|Smack Down
|
|-weather|DeltaStream|[upkeep]
|-heal|p2a: the goat|59/100|[from] item: Leftovers
|upkeep
|turn|8
|
|t:|1664315996
|move|p1a: Rayyyy|Extreme Speed|p2a: the goat
|-end|p2a: the goat|Substitute
|move|p2a: the goat|Thousand Arrows|p1a: Rayyyy
|-damage|p1a: Rayyyy|6/100 par
|
|-weather|DeltaStream|[upkeep]
|-heal|p2a: the goat|65/100|[from] item: Leftovers
|upkeep
|turn|9
|
|t:|1664316002
|move|p1a: Rayyyy|Dragon Ascent|p2a: the goat
|-damage|p2a: the goat|0 fnt
|-unboost|p1a: Rayyyy|def|1
|-unboost|p1a: Rayyyy|spd|1
|faint|p2a: the goat
|
|-weather|DeltaStream|[upkeep]
|upkeep
|
|t:|1664316006
|switch|p2a: Calyrex|Calyrex-Shadow|100/100
|-ability|p2a: Calyrex|As One
|-ability|p2a: Calyrex|Unnerve
|turn|10
|
|t:|1664316009
|move|p2a: Calyrex|Substitute|p2a: Calyrex
|-start|p2a: Calyrex|Substitute
|-damage|p2a: Calyrex|76/100
|move|p1a: Rayyyy|Dragon Ascent|p2a: Calyrex
|-end|p2a: Calyrex|Substitute
|-unboost|p1a: Rayyyy|def|1
|-unboost|p1a: Rayyyy|spd|1
|
|-weather|DeltaStream|[upkeep]
|-heal|p2a: Calyrex|82/100|[from] item: Leftovers
|upkeep
|turn|11
|
|t:|1664316014
|move|p2a: Calyrex|Substitute|p2a: Calyrex
|-start|p2a: Calyrex|Substitute
|-damage|p2a: Calyrex|57/100
|move|p1a: Rayyyy|Dragon Ascent|p2a: Calyrex
|-end|p2a: Calyrex|Substitute
|-unboost|p1a: Rayyyy|def|1
|-unboost|p1a: Rayyyy|spd|1
|
|-weather|DeltaStream|[upkeep]
|-heal|p2a: Calyrex|63/100|[from] item: Leftovers
|upkeep
|turn|12
|
|t:|1664316018
|move|p2a: Calyrex|Substitute|p2a: Calyrex
|-start|p2a: Calyrex|Substitute
|-damage|p2a: Calyrex|38/100
|move|p1a: Rayyyy|Dragon Ascent|p2a: Calyrex
|-end|p2a: Calyrex|Substitute
|-unboost|p1a: Rayyyy|def|1
|-unboost|p1a: Rayyyy|spd|1
|
|-weather|DeltaStream|[upkeep]
|-heal|p2a: Calyrex|44/100|[from] item: Leftovers
|upkeep
|turn|13
|
|t:|1664316020
|move|p2a: Calyrex|Substitute|p2a: Calyrex
|-start|p2a: Calyrex|Substitute
|-damage|p2a: Calyrex|20/100
|move|p1a: Rayyyy|Dragon Ascent|p2a: Calyrex
|-end|p2a: Calyrex|Substitute
|-unboost|p1a: Rayyyy|def|1
|-unboost|p1a: Rayyyy|spd|1
|
|-weather|DeltaStream|[upkeep]
|-heal|p2a: Calyrex|26/100|[from] item: Leftovers
|upkeep
|turn|14
|
|t:|1664316023
|move|p2a: Calyrex|Substitute|p2a: Calyrex
|-start|p2a: Calyrex|Substitute
|-damage|p2a: Calyrex|1/100
|move|p1a: Rayyyy|Dragon Ascent|p2a: Calyrex
|-end|p2a: Calyrex|Substitute
|
|-weather|DeltaStream|[upkeep]
|-heal|p2a: Calyrex|7/100|[from] item: Leftovers
|upkeep
|turn|15
|
|t:|1664316026
|move|p2a: Calyrex|Draining Kiss|p1a: Rayyyy
|-supereffective|p1a: Rayyyy
|-crit|p1a: Rayyyy
|-damage|p1a: Rayyyy|0 fnt
|-heal|p2a: Calyrex|11/100|[from] drain|[of] p1a: Rayyyy
|faint|p1a: Rayyyy
|-weather|none
|-ability|p2a: Calyrex|Grim Neigh|boost
|-boost|p2a: Calyrex|spa|1
|
|-heal|p2a: Calyrex|17/100|[from] item: Leftovers
|upkeep
|c|☆DrMario69|no para tho
|c|☆MRH1106|lmao
|c|☆DrMario69|:((
|c|☆MRH1106|i am BETTER
|c|☆DrMario69|LMAO
|
|t:|1664316052
|switch|p1a: Fuck you <3|Ditto, shiny|100/100
|-transform|p1a: Fuck you <3|p2a: Calyrex|[from] ability: Imposter
|turn|16
|
|t:|1664316056
|switch|p2a: Arceus|Arceus|100/100
|move|p1a: Fuck you <3|Draining Kiss|p2a: Arceus
|-damage|p2a: Arceus|80/100
|
|upkeep
|turn|17
|
|t:|1664316063
|switch|p1a: Knifepuppy|Zacian-Crowned|100/100
|-ability|p1a: Knifepuppy|Intrepid Sword|boost
|-boost|p1a: Knifepuppy|atk|1
|switch|p2a: Pyra|Groudon|100/100
|detailschange|p2a: Pyra|Groudon-Primal
|-primal|p2a: Pyra
|-weather|DesolateLand|[from] ability: Desolate Land|[of] p2a: Pyra
|
|-weather|DesolateLand|[upkeep]
|upkeep
|turn|18
|c|☆MRH1106|well played
|c|☆DrMario69|thx lol
|
|t:|1664316082
|switch|p1a: YeeHaw~|Calyrex-Shadow|100/100
|-ability|p1a: YeeHaw~|As One
|-ability|p1a: YeeHaw~|Unnerve
|move|p2a: Pyra|Thunder Wave|p1a: YeeHaw~
|-status|p1a: YeeHaw~|par
|
|-weather|DesolateLand|[upkeep]
|upkeep
|turn|19
|
|t:|1664316088
|move|p2a: Pyra|Stealth Rock|p1a: YeeHaw~
|-sidestart|p1: MRH1106|move: Stealth Rock
|cant|p1a: YeeHaw~|par
|
|-weather|DesolateLand|[upkeep]
|upkeep
|turn|20
|c|☆DrMario69|OK NOOOW i get it
|c|☆DrMario69|maaan
|
|t:|1664316097
|move|p2a: Pyra|Precipice Blades|p1a: YeeHaw~
|-damage|p1a: YeeHaw~|12/100 par
|move|p1a: YeeHaw~|Nasty Plot|p1a: YeeHaw~
|-boost|p1a: YeeHaw~|spa|2
|
|-weather|DesolateLand|[upkeep]
|upkeep
|turn|21
|c|☆MRH1106|dam
|c|☆MRH1106|this game ass LMAO
|
|t:|1664316103
|move|p2a: Pyra|Precipice Blades|p1a: YeeHaw~
|-damage|p1a: YeeHaw~|0 fnt
|faint|p1a: YeeHaw~
|
|-weather|DesolateLand|[upkeep]
|upkeep
|
|t:|1664316109
|switch|p1a: Hells dragon|Yveltal, shiny|100/100
|-damage|p1a: Hells dragon|76/100|[from] Stealth Rock
|-ability|p1a: Hells dragon|Dark Aura
|turn|22
|
|t:|1664316112
|-start|p1a: Hells dragon|Dynamax|
|-heal|p1a: Hells dragon|76/100|[silent]
|move|p1a: Hells dragon|Max Airstream|p2a: Pyra
|-damage|p2a: Pyra|17/100
|-boost|p1a: Hells dragon|spe|1
|-damage|p1a: Hells dragon|71/100|[from] item: Life Orb
|move|p2a: Pyra|Thunder Wave|p1a: Hells dragon
|-status|p1a: Hells dragon|par
|
|-weather|DesolateLand|[upkeep]
|upkeep
|turn|23
|
|t:|1664316116
|move|p1a: Hells dragon|Max Airstream|p2a: Pyra
|-damage|p2a: Pyra|0 fnt
|-boost|p1a: Hells dragon|spe|1
|faint|p2a: Pyra
|-weather|none
|-damage|p1a: Hells dragon|66/100 par|[from] item: Life Orb
|
|upkeep
|
|t:|1664316119
|switch|p2a: Arceus|Arceus-Fairy|100/100
|turn|24
|
|t:|1664316128
|move|p1a: Hells dragon|Max Airstream|p2a: Arceus
|-damage|p2a: Arceus|52/100
|-boost|p1a: Hells dragon|spe|1
|-damage|p1a: Hells dragon|61/100 par|[from] item: Life Orb
|move|p2a: Arceus|Judgment|p1a: Hells dragon
|-supereffective|p1a: Hells dragon
|-damage|p1a: Hells dragon|20/100 par
|
|upkeep
|-end|p1a: Hells dragon|Dynamax
|-heal|p1a: Hells dragon|20/100 par|[silent]
|turn|25
|
|t:|1664316133
|cant|p1a: Hells dragon|par
|move|p2a: Arceus|Recover|p2a: Arceus
|-heal|p2a: Arceus|100/100
|
|upkeep
|turn|26
|
|t:|1664316135
|move|p1a: Hells dragon|Taunt|p2a: Arceus
|-start|p2a: Arceus|move: Taunt
|move|p2a: Arceus|Judgment|p1a: Hells dragon
|-supereffective|p1a: Hells dragon
|-damage|p1a: Hells dragon|0 fnt
|faint|p1a: Hells dragon
|
|upkeep
|
|t:|1664316137
|switch|p1a: Knifepuppy|Zacian-Crowned|100/100
|-damage|p1a: Knifepuppy|94/100|[from] Stealth Rock
|-ability|p1a: Knifepuppy|Intrepid Sword|boost
|-boost|p1a: Knifepuppy|atk|1
|turn|27
|
|t:|1664316145
|move|p1a: Knifepuppy|Behemoth Blade|p2a: Arceus
|-supereffective|p2a: Arceus
|-damage|p2a: Arceus|0 fnt
|faint|p2a: Arceus
|
|upkeep
|c|☆MRH1106|zac sweep incoming!!!
|
|t:|1664316147
|switch|p2a: the gwoat|Rayquaza-Mega|37/100
|-weather|DeltaStream|[from] ability: Delta Stream|[of] p2a: the gwoat
|turn|28
|c|☆DrMario69|nah i think i win
|
|t:|1664316159
|switch|p1a: Fuck you <3|Ditto, shiny|100/100
|-damage|p1a: Fuck you <3|88/100|[from] Stealth Rock
|-transform|p1a: Fuck you <3|p2a: the gwoat|[from] ability: Imposter
|move|p2a: the gwoat|Extreme Speed|p1a: Fuck you <3
|-damage|p1a: Fuck you <3|34/100
|-damage|p2a: the gwoat|27/100|[from] item: Life Orb
|
|-weather|DeltaStream|[upkeep]
|upkeep
|turn|29
|c|☆MRH1106|cap
|c|☆MRH1106|that did so much what
|
|t:|1664316173
|switch|p2a: Calyrex|Calyrex-Shadow|17/100
|-ability|p2a: Calyrex|As One
|-ability|p2a: Calyrex|Unnerve
|move|p1a: Fuck you <3|Extreme Speed|p2a: Calyrex
|-immune|p2a: Calyrex
|
|-weather|DeltaStream|[upkeep]
|-heal|p2a: Calyrex|24/100|[from] item: Leftovers
|upkeep
|turn|30
|
|t:|1664316179
|move|p1a: Fuck you <3|Extreme Speed|p2a: Calyrex
|-immune|p2a: Calyrex
|move|p2a: Calyrex|Astral Barrage|p1a: Fuck you <3
|-damage|p1a: Fuck you <3|0 fnt
|faint|p1a: Fuck you <3
|-weather|none
|-ability|p2a: Calyrex|Grim Neigh|boost
|-boost|p2a: Calyrex|spa|1
|
|-heal|p2a: Calyrex|30/100|[from] item: Leftovers
|upkeep
|
|t:|1664316181
|switch|p1a: Knifepuppy|Zacian-Crowned|94/100
|-damage|p1a: Knifepuppy|88/100|[from] Stealth Rock
|-ability|p1a: Knifepuppy|Intrepid Sword|boost
|-boost|p1a: Knifepuppy|atk|1
|turn|31
|c|☆DrMario69|gg
|c|☆MRH1106|gg
|c|☆DrMario69|ye life orb a hella a drug
|
|t:|1664316191
|-start|p2a: Calyrex|Dynamax|
|-heal|p2a: Calyrex|30/100|[silent]
|move|p2a: Calyrex|Max Phantasm|p1a: Knifepuppy
|-damage|p1a: Knifepuppy|0 fnt
|faint|p1a: Knifepuppy
|
|win|DrMario69
|raw|MRH1106's rating: 1955 &rarr; <strong>1927</strong><br />(-28 for losing)
|raw|DrMario69's rating: 1810 &rarr; <strong>1838</strong><br />(+28 for winning)
|l|☆MRH1106
||Ladder isn't responding, score probably updated but might not have (Request timeout).
