|j|☆Substitute = OP
|j|☆justznic
|t:|1665514581
|gametype|singles
|player|p1|Substitute = OP|red-masters|1447
|player|p2|justznic|101|1528
|teamsize|p1|6
|teamsize|p2|6
|gen|8
|tier|[Gen 8] National Dex AG
|rated|
|rule|HP Percentage Mod: HP is shown in percentages
|rule|Endless Battle Clause: Forcing endless battles is banned
|clearpoke
|poke|p1|Zygarde|
|poke|p1|Butterfree, M|
|poke|p1|Gengar, M|
|poke|p1|Yveltal|
|poke|p1|Marshadow|
|poke|p1|Ditto|
|poke|p2|Mewtwo|
|poke|p2|Yveltal|
|poke|p2|Aron, L1, M|
|poke|p2|Klefki, M|
|poke|p2|Ditto|
|poke|p2|Zacian-*|
|teampreview
|inactive|Battle timer is ON: inactive players will automatically lose when time's up. (requested by justznic)
|inactive|Substitute = OP also wants the timer to be on.
|
|t:|1665514610
|start
|switch|p1a: Yveltal|Yveltal|100/100
|switch|p2a: Aron|Aron, L1, M|100/100
|-ability|p1a: Yveltal|Dark Aura
|turn|1
|
|t:|1665514618
|switch|p1a: Just in case of...|Marshadow|100/100
|move|p2a: Aron|Endeavor|p1a: Just in case of...
|-immune|p1a: Just in case of...
|
|upkeep
|turn|2
|
|t:|1665514628
|switch|p2a: Yveltal|Yveltal|100/100
|-ability|p2a: Yveltal|Dark Aura
|move|p1a: Just in case of...|Shadow Sneak|p2a: Yveltal
|-resisted|p2a: Yveltal
|-damage|p2a: Yveltal|84/100
|
|upkeep
|turn|3
|
|t:|1665514639
|switch|p1a: Yveltal|Yveltal|100/100
|-ability|p1a: Yveltal|Dark Aura
|move|p2a: Yveltal|Dark Pulse|p1a: Yveltal
|-resisted|p1a: Yveltal
|-damage|p1a: Yveltal|71/100
|-damage|p2a: Yveltal|74/100|[from] item: Life Orb
|
|-heal|p1a: Yveltal|77/100|[from] item: Leftovers
|upkeep
|turn|4
|
|t:|1665514652
|-start|p2a: Yveltal|Dynamax|
|-heal|p2a: Yveltal|74/100|[silent]
|move|p2a: Yveltal|Max Airstream|p1a: Yveltal
|-damage|p1a: Yveltal|4/100
|-boost|p2a: Yveltal|spe|1
|-damage|p2a: Yveltal|69/100|[from] item: Life Orb
|move|p1a: Yveltal|Oblivion Wing|p2a: Yveltal
|-damage|p2a: Yveltal|49/100
|-heal|p1a: Yveltal|30/100|[from] drain|[of] p2a: Yveltal
|
|-heal|p1a: Yveltal|36/100|[from] item: Leftovers
|upkeep
|turn|5
|
|t:|1665514668
|-start|p1a: Yveltal|Dynamax|
|-heal|p1a: Yveltal|36/100|[silent]
|move|p1a: Yveltal|Max Guard|p1a: Yveltal
|-singleturn|p1a: Yveltal|Max Guard
|move|p2a: Yveltal|Max Airstream|p1a: Yveltal
|-activate|p1a: Yveltal|move: Max Guard
|
|-heal|p1a: Yveltal|39/100|[from] item: Leftovers
|upkeep
|turn|6
|
|t:|1665514680
|move|p2a: Yveltal|Max Airstream|p1a: Yveltal
|-damage|p1a: Yveltal|0 fnt
|-boost|p2a: Yveltal|spe|1
|faint|p1a: Yveltal
|-damage|p2a: Yveltal|45/100|[from] item: Life Orb
|
|upkeep
|
|t:|1665514692
|switch|p1a: Gengar|Gengar, M, shiny|100/100
|-end|p2a: Yveltal|Dynamax
|-heal|p2a: Yveltal|45/100|[silent]
|turn|7
|
|t:|1665514698
|detailschange|p1a: Gengar|Gengar-Mega, M, shiny
|-mega|p1a: Gengar|Gengar|Gengarite
|move|p2a: Yveltal|Sucker Punch||[still]
|-fail|p2a: Yveltal
|move|p1a: Gengar|Destiny Bond|p1a: Gengar
|-singlemove|p1a: Gengar|Destiny Bond
|
|upkeep
|turn|8
|
|t:|1665514709
|move|p2a: Yveltal|Oblivion Wing|p1a: Gengar
|-crit|p1a: Gengar
|-damage|p1a: Gengar|5/100
|-heal|p2a: Yveltal|100/100|[from] drain|[of] p1a: Gengar
|-damage|p2a: Yveltal|91/100|[from] item: Life Orb
|move|p1a: Gengar|Perish Song|p1a: Gengar
|-start|p1a: Gengar|perish3|[silent]
|-start|p2a: Yveltal|perish3|[silent]
|-fieldactivate|move: Perish Song
|
|-start|p2a: Yveltal|perish3
|-start|p1a: Gengar|perish3
|upkeep
|turn|9
|
|t:|1665514725
|move|p1a: Gengar|Protect|p1a: Gengar
|-singleturn|p1a: Gengar|Protect
|move|p2a: Yveltal|Oblivion Wing|p1a: Gengar
|-activate|p1a: Gengar|move: Protect
|
|-start|p2a: Yveltal|perish2
|-start|p1a: Gengar|perish2
|upkeep
|turn|10
|
|t:|1665514740
|move|p1a: Gengar|Protect||[still]
|-fail|p1a: Gengar
|move|p2a: Yveltal|Oblivion Wing|p1a: Gengar
|-damage|p1a: Gengar|0 fnt
|-heal|p2a: Yveltal|93/100|[from] drain|[of] p1a: Gengar
|faint|p1a: Gengar
|-damage|p2a: Yveltal|83/100|[from] item: Life Orb
|
|-start|p2a: Yveltal|perish1
|upkeep
|
|t:|1665514744
|switch|p1a: sus amogus|Ditto, shiny|100/100
|-transform|p1a: sus amogus|p2a: Yveltal|[from] ability: Imposter
|-ability|p1a: sus amogus|Dark Aura
|turn|11
|
|t:|1665514759
|switch|p2a: Klefki|Klefki, M|100/100
|move|p1a: sus amogus|Oblivion Wing|p2a: Klefki
|-resisted|p2a: Klefki
|-damage|p2a: Klefki|79/100
|
|-heal|p2a: Klefki|85/100|[from] item: Leftovers
|upkeep
|turn|12
|
|t:|1665514777
|switch|p1a: Zygarde|Zygarde|100/100
|move|p2a: Klefki|Play Rough|p1a: Zygarde
|-supereffective|p1a: Zygarde
|-damage|p1a: Zygarde|61/100
|
|-heal|p1a: Zygarde|68/100|[from] item: Leftovers
|-heal|p2a: Klefki|91/100|[from] item: Leftovers
|upkeep
|turn|13
|
|t:|1665514789
|move|p2a: Klefki|Toxic|p1a: Zygarde
|-status|p1a: Zygarde|tox
|move|p1a: Zygarde|Glare|p2a: Klefki
|-status|p2a: Klefki|par
|
|-heal|p1a: Zygarde|74/100 tox|[from] item: Leftovers
|-heal|p2a: Klefki|97/100 par|[from] item: Leftovers
|-damage|p1a: Zygarde|68/100 tox|[from] psn
|upkeep
|turn|14
|
|t:|1665514802
|move|p1a: Zygarde|Coil|p1a: Zygarde
|-boost|p1a: Zygarde|atk|1
|-boost|p1a: Zygarde|def|1
|-boost|p1a: Zygarde|accuracy|1
|move|p2a: Klefki|Play Rough|p1a: Zygarde
|-supereffective|p1a: Zygarde
|-damage|p1a: Zygarde|44/100 tox
|
|-heal|p1a: Zygarde|50/100 tox|[from] item: Leftovers
|-heal|p2a: Klefki|100/100 par|[from] item: Leftovers
|-damage|p1a: Zygarde|38/100 tox|[from] psn
|-activate|p1a: Zygarde|ability: Power Construct
|detailschange|p1a: Zygarde|Zygarde-Complete
|-heal|p1a: Zygarde|59/100 tox|[silent]
|upkeep
|turn|15
|
|t:|1665514819
|move|p2a: Klefki|Substitute|p2a: Klefki
|-start|p2a: Klefki|Substitute
|-damage|p2a: Klefki|76/100 par
|move|p1a: Zygarde|Thousand Arrows|p2a: Klefki
|-supereffective|p2a: Klefki
|-end|p2a: Klefki|Substitute
|
|-heal|p1a: Zygarde|65/100 tox|[from] item: Leftovers
|-heal|p2a: Klefki|82/100 par|[from] item: Leftovers
|-damage|p1a: Zygarde|47/100 tox|[from] psn
|upkeep
|turn|16
|
|t:|1665514830
|cant|p2a: Klefki|par
|move|p1a: Zygarde|Thousand Arrows|p2a: Klefki
|-supereffective|p2a: Klefki
|-damage|p2a: Klefki|0 fnt
|faint|p2a: Klefki
|
|-heal|p1a: Zygarde|53/100 tox|[from] item: Leftovers
|-damage|p1a: Zygarde|29/100 tox|[from] psn
|upkeep
|
|t:|1665514842
|switch|p2a: Mewtwo|Mewtwo|100/100
|-ability|p2a: Mewtwo|Pressure
|turn|17
|
|t:|1665514850
|detailschange|p2a: Mewtwo|Mewtwo-Mega-Y
|-mega|p2a: Mewtwo|Mewtwo|Mewtwonite Y
|move|p2a: Mewtwo|Ice Beam|p1a: Zygarde
|-supereffective|p1a: Zygarde
|-damage|p1a: Zygarde|0 fnt
|faint|p1a: Zygarde
|
|upkeep
|
|t:|1665514861
|switch|p1a: Just in case of...|Marshadow|100/100
|turn|18
|
|t:|1665514870
|move|p2a: Mewtwo|Psystrike|p1a: Just in case of...
|-supereffective|p1a: Just in case of...
|-enditem|p1a: Just in case of...|Focus Sash
|-damage|p1a: Just in case of...|1/100
|move|p1a: Just in case of...|Spectral Thief|p2a: Mewtwo
|-supereffective|p2a: Mewtwo
|-damage|p2a: Mewtwo|0 fnt
|faint|p2a: Mewtwo
|
|upkeep
|
|t:|1665514891
|switch|p2a: Yveltal|Yveltal|83/100
|-ability|p2a: Yveltal|Dark Aura
|turn|19
|
|t:|1665514896
|move|p1a: Just in case of...|Shadow Sneak|p2a: Yveltal
|-resisted|p2a: Yveltal
|-damage|p2a: Yveltal|69/100
|move|p2a: Yveltal|Sucker Punch||[still]
|-fail|p2a: Yveltal
|
|upkeep
|turn|20
|
|t:|1665514905
|move|p1a: Just in case of...|Ice Punch|p2a: Yveltal
|-supereffective|p2a: Yveltal
|-damage|p2a: Yveltal|18/100
|move|p2a: Yveltal|Oblivion Wing|p1a: Just in case of...
|-supereffective|p1a: Just in case of...
|-damage|p1a: Just in case of...|0 fnt
|-heal|p2a: Yveltal|19/100|[from] drain|[of] p1a: Just in case of...
|faint|p1a: Just in case of...
|-damage|p2a: Yveltal|9/100|[from] item: Life Orb
|
|upkeep
|
|t:|1665514912
|switch|p1a: sus amogus|Ditto, shiny|100/100
|-transform|p1a: sus amogus|p2a: Yveltal|[from] ability: Imposter
|-ability|p1a: sus amogus|Dark Aura
|turn|21
|
|t:|1665514922
|move|p1a: sus amogus|Oblivion Wing|p2a: Yveltal
|-damage|p2a: Yveltal|0 fnt
|faint|p2a: Yveltal
|
|upkeep
|
|t:|1665514928
|switch|p2a: Aron|Aron, L1, M|100/100
|turn|22
|
|t:|1665514938
|move|p1a: sus amogus|Oblivion Wing|p2a: Aron
|-resisted|p2a: Aron
|-ability|p2a: Aron|Sturdy
|-damage|p2a: Aron|9/100
|move|p2a: Aron|Endeavor|p1a: sus amogus
|-damage|p1a: sus amogus|1/100
|-heal|p2a: Aron|100/100|[from] item: Shell Bell|[of] p1a: sus amogus
|
|upkeep
|turn|23
|
|t:|1665514949
|move|p1a: sus amogus|Oblivion Wing|p2a: Aron
|-resisted|p2a: Aron
|-ability|p2a: Aron|Sturdy
|-damage|p2a: Aron|9/100
|-heal|p1a: sus amogus|4/100|[from] drain|[of] p2a: Aron
|move|p2a: Aron|Sandstorm|p2a: Aron
|-weather|Sandstorm
|
|-weather|Sandstorm|[upkeep]
|-damage|p1a: sus amogus|0 fnt|[from] Sandstorm
|faint|p1a: sus amogus
|upkeep
|
|t:|1665514959
|switch|p1a: Butterfree|Butterfree, M|100/100
|turn|24
|
|t:|1665514968
|move|p1a: Butterfree|Sleep Powder|p2a: Aron
|-status|p2a: Aron|slp|[from] move: Sleep Powder
|cant|p2a: Aron|slp
|
|-weather|Sandstorm|[upkeep]
|-damage|p1a: Butterfree|94/100|[from] Sandstorm
|-heal|p1a: Butterfree|100/100|[from] item: Leftovers
|upkeep
|turn|25
|
|t:|1665514977
|move|p1a: Butterfree|Substitute|p1a: Butterfree
|-start|p1a: Butterfree|Substitute
|-damage|p1a: Butterfree|76/100
|-curestatus|p2a: Aron|slp|[msg]
|move|p2a: Aron|Endeavor|p1a: Butterfree
|-end|p1a: Butterfree|Substitute
|
|-weather|Sandstorm|[upkeep]
|-damage|p1a: Butterfree|69/100|[from] Sandstorm
|-heal|p1a: Butterfree|76/100|[from] item: Leftovers
|upkeep
|turn|26
|
|t:|1665514989
|move|p1a: Butterfree|Sleep Powder|p2a: Aron
|-status|p2a: Aron|slp|[from] move: Sleep Powder
|cant|p2a: Aron|slp
|
|-weather|Sandstorm|[upkeep]
|-damage|p1a: Butterfree|69/100|[from] Sandstorm
|-heal|p1a: Butterfree|76/100|[from] item: Leftovers
|upkeep
|turn|27
|
|t:|1665514998
|move|p1a: Butterfree|Substitute|p1a: Butterfree
|-start|p1a: Butterfree|Substitute
|-damage|p1a: Butterfree|51/100
|cant|p2a: Aron|slp
|
|-weather|none
|-heal|p1a: Butterfree|57/100|[from] item: Leftovers
|upkeep
|turn|28
|
|t:|1665515006
|move|p1a: Butterfree|Quiver Dance|p1a: Butterfree
|-boost|p1a: Butterfree|spa|1
|-boost|p1a: Butterfree|spd|1
|-boost|p1a: Butterfree|spe|1
|-curestatus|p2a: Aron|slp|[msg]
|move|p2a: Aron|Endeavor|p1a: Butterfree
|-end|p1a: Butterfree|Substitute
|
|-heal|p1a: Butterfree|63/100|[from] item: Leftovers
|upkeep
|turn|29
|
|t:|1665515018
|move|p1a: Butterfree|Sleep Powder|p2a: Aron
|-status|p2a: Aron|slp|[from] move: Sleep Powder
|cant|p2a: Aron|slp
|
|-heal|p1a: Butterfree|69/100|[from] item: Leftovers
|upkeep
|turn|30
|
|t:|1665515026
|move|p1a: Butterfree|Substitute|p1a: Butterfree
|-start|p1a: Butterfree|Substitute
|-damage|p1a: Butterfree|44/100
|cant|p2a: Aron|slp
|
|-heal|p1a: Butterfree|50/100|[from] item: Leftovers
|upkeep
|turn|31
|
|t:|1665515034
|move|p1a: Butterfree|Quiver Dance|p1a: Butterfree
|-boost|p1a: Butterfree|spa|1
|-boost|p1a: Butterfree|spd|1
|-boost|p1a: Butterfree|spe|1
|-curestatus|p2a: Aron|slp|[msg]
|move|p2a: Aron|Endeavor|p1a: Butterfree
|-end|p1a: Butterfree|Substitute
|
|-heal|p1a: Butterfree|56/100|[from] item: Leftovers
|upkeep
|turn|32
|
|t:|1665515045
|move|p1a: Butterfree|Sleep Powder|p2a: Aron
|-status|p2a: Aron|slp|[from] move: Sleep Powder
|cant|p2a: Aron|slp
|
|-heal|p1a: Butterfree|63/100|[from] item: Leftovers
|upkeep
|turn|33
|
|t:|1665515053
|move|p1a: Butterfree|Substitute|p1a: Butterfree
|-start|p1a: Butterfree|Substitute
|-damage|p1a: Butterfree|38/100
|cant|p2a: Aron|slp
|
|-heal|p1a: Butterfree|44/100|[from] item: Leftovers
|upkeep
|turn|34
|
|t:|1665515061
|switch|p2a: Zacian|Zacian-Crowned|100/100
|-ability|p2a: Zacian|Intrepid Sword|boost
|-boost|p2a: Zacian|atk|1
|move|p1a: Butterfree|Quiver Dance|p1a: Butterfree
|-boost|p1a: Butterfree|spa|1
|-boost|p1a: Butterfree|spd|1
|-boost|p1a: Butterfree|spe|1
|
|-heal|p1a: Butterfree|50/100|[from] item: Leftovers
|upkeep
|turn|35
|
|t:|1665515074
|move|p1a: Butterfree|Sleep Powder|p2a: Zacian
|-status|p2a: Zacian|slp|[from] move: Sleep Powder
|cant|p2a: Zacian|slp
|
|-heal|p1a: Butterfree|56/100|[from] item: Leftovers
|upkeep
|turn|36
|
|t:|1665515083
|move|p1a: Butterfree|Hurricane|p2a: Zacian
|-resisted|p2a: Zacian
|-damage|p2a: Zacian|54/100 slp
|-curestatus|p2a: Zacian|slp|[msg]
|move|p2a: Zacian|Behemoth Blade|p1a: Butterfree
|-crit|p1a: Butterfree
|-end|p1a: Butterfree|Substitute
|
|-heal|p1a: Butterfree|62/100|[from] item: Leftovers
|upkeep
|turn|37
|
|t:|1665515101
|move|p1a: Butterfree|Sleep Powder|p2a: Zacian
|-status|p2a: Zacian|slp|[from] move: Sleep Powder
|cant|p2a: Zacian|slp
|
|-heal|p1a: Butterfree|68/100|[from] item: Leftovers
|upkeep
|turn|38
|
|t:|1665515112
|switch|p2a: Ditto|Ditto|100/100
|-transform|p2a: Ditto|p1a: Butterfree|[from] ability: Imposter
|move|p1a: Butterfree|Substitute|p1a: Butterfree
|-start|p1a: Butterfree|Substitute
|-damage|p1a: Butterfree|43/100
|
|-heal|p1a: Butterfree|50/100|[from] item: Leftovers
|upkeep
|turn|39
|inactive|justznic has 120 seconds left.
|
|t:|1665515140
|move|p2a: Ditto|Hurricane|p1a: Butterfree
|-supereffective|p1a: Butterfree
|-end|p1a: Butterfree|Substitute
|move|p1a: Butterfree|Sleep Powder|p2a: Ditto
|-status|p2a: Ditto|slp|[from] move: Sleep Powder
|
|-heal|p1a: Butterfree|56/100|[from] item: Leftovers
|upkeep
|turn|40
|inactive|justznic has 120 seconds left.
|
|t:|1665515151
|cant|p2a: Ditto|slp
|move|p1a: Butterfree|Hurricane|p2a: Ditto
|-supereffective|p2a: Ditto
|-damage|p2a: Ditto|0 fnt
|faint|p2a: Ditto
|
|-heal|p1a: Butterfree|62/100|[from] item: Leftovers
|upkeep
|inactive|justznic has 120 seconds left.
|
|t:|1665515161
|switch|p2a: Zacian|Zacian-Crowned|54/100 slp
|-ability|p2a: Zacian|Intrepid Sword|boost
|-boost|p2a: Zacian|atk|1
|turn|41
|
|t:|1665515167
|move|p1a: Butterfree|Substitute|p1a: Butterfree
|-start|p1a: Butterfree|Substitute
|-damage|p1a: Butterfree|37/100
|-curestatus|p2a: Zacian|slp|[msg]
|move|p2a: Zacian|Behemoth Blade|p1a: Butterfree
|-end|p1a: Butterfree|Substitute
|
|-heal|p1a: Butterfree|43/100|[from] item: Leftovers
|upkeep
|turn|42
|
|t:|1665515179
|switch|p2a: Aron|Aron, L1, M|9/100 slp
|move|p1a: Butterfree|Sleep Powder|p2a: Aron
|-fail|p2a: Aron|slp
|
|-heal|p1a: Butterfree|49/100|[from] item: Leftovers
|upkeep
|turn|43
|
|t:|1665515193
|switch|p2a: Zacian|Zacian-Crowned|54/100
|-ability|p2a: Zacian|Intrepid Sword|boost
|-boost|p2a: Zacian|atk|1
|move|p1a: Butterfree|Substitute|p1a: Butterfree
|-start|p1a: Butterfree|Substitute
|-damage|p1a: Butterfree|24/100
|
|-heal|p1a: Butterfree|30/100|[from] item: Leftovers
|upkeep
|turn|44
|
|t:|1665515206
|switch|p2a: Aron|Aron, L1, M|9/100 slp
|move|p1a: Butterfree|Hurricane|p2a: Aron
|-resisted|p2a: Aron
|-damage|p2a: Aron|0 fnt
|faint|p2a: Aron
|
|-heal|p1a: Butterfree|37/100|[from] item: Leftovers
|upkeep
|
|t:|1665515217
|switch|p2a: Zacian|Zacian-Crowned|54/100
|-ability|p2a: Zacian|Intrepid Sword|boost
|-boost|p2a: Zacian|atk|1
|turn|45
|
|t:|1665515223
|move|p1a: Butterfree|Sleep Powder|p2a: Zacian
|-status|p2a: Zacian|slp|[from] move: Sleep Powder
|cant|p2a: Zacian|slp
|
|-heal|p1a: Butterfree|43/100|[from] item: Leftovers
|upkeep
|turn|46
|
|t:|1665515232
|move|p1a: Butterfree|Quiver Dance|p1a: Butterfree
|-boost|p1a: Butterfree|spa|1
|-boost|p1a: Butterfree|spd|1
|-boost|p1a: Butterfree|spe|1
|-curestatus|p2a: Zacian|slp|[msg]
|move|p2a: Zacian|Behemoth Blade|p1a: Butterfree
|-end|p1a: Butterfree|Substitute
|
|-heal|p1a: Butterfree|49/100|[from] item: Leftovers
|upkeep
|turn|47
|inactive|justznic has 120 seconds left.
|
|t:|1665515265
|move|p1a: Butterfree|Hurricane|p2a: Zacian
|-resisted|p2a: Zacian
|-damage|p2a: Zacian|0 fnt
|faint|p2a: Zacian
|
|win|Substitute = OP
|raw|Substitute = OP's rating: 1447 &rarr; <strong>1472</strong><br />(+25 for winning)
|raw|justznic's rating: 1528 &rarr; <strong>1503</strong><br />(-25 for losing)
|c|☆Substitute = OP|gg
|l|☆justznic
||Ladder isn't responding, score probably updated but might not have (Request timeout).
