|j|☆IamHrrimann
|j|☆123Ayan
|t:|1628174633
|gametype|singles
|player|p1|IamHrrimann|101|
|player|p2|123Ayan|red|
|teamsize|p1|6
|teamsize|p2|6
|gen|8
|tier|[Gen 8] National Dex AG
|rule|HP Percentage Mod: HP is shown in percentages
|rule|Endless Battle Clause: Forcing endless battles is banned
|clearpoke
|poke|p1|Lugia|
|poke|p1|Toxapex, M|
|poke|p1|Aegislash, M|
|poke|p1|Zeraora|
|poke|p1|Keldeo|
|poke|p1|Slowbro-Galar, F|
|poke|p2|Mewtwo|
|poke|p2|Zeraora|
|poke|p2|Kyogre|
|poke|p2|Talonflame, M|
|poke|p2|Lycanroc, M|
|poke|p2|Lugia|
|teampreview
|
|t:|1628174653
|start
|switch|p1a: Slowbro|Slowbro-Galar, F, shiny|100/100
|switch|p2a: Zeraora|Zeraora|100/100
|turn|1
|
|t:|1628174666
|move|p2a: Zeraora|Fake Out|p1a: Slowbro
|-damage|p1a: Slowbro|86/100
|-damage|p2a: Zeraora|91/100|[from] item: Life Orb
|cant|p1a: Slowbro|flinch
|
|-heal|p1a: Slowbro|92/100|[from] item: Black Sludge
|upkeep
|turn|2
|
|t:|1628174677
|move|p2a: Zeraora|Plasma Fists|p1a: Slowbro
|-damage|p1a: Slowbro|36/100
|-damage|p2a: Zeraora|81/100|[from] item: Life Orb
|move|p1a: Slowbro|Future Sight|p2a: Zeraora
|-start|p1a: Slowbro|move: Future Sight
|
|-heal|p1a: Slowbro|42/100|[from] item: Black Sludge
|upkeep
|turn|3
|
|t:|1628174688
|move|p1a: Slowbro|Protect|p1a: Slowbro
|-singleturn|p1a: Slowbro|Protect
|move|p2a: Zeraora|Plasma Fists|p1a: Slowbro
|-activate|p1a: Slowbro|move: Protect
|
|-heal|p1a: Slowbro|48/100|[from] item: Black Sludge
|upkeep
|turn|4
|
|t:|1628174699
|switch|p2a: Lugia|Lugia|100/100
|-ability|p2a: Lugia|Pressure
|switch|p1a: Zeraora|Zeraora|100/100
|
|-end|p2a: Lugia|move: Future Sight
|-resisted|p2a: Lugia
|-damage|p2a: Lugia|86/100
|-heal|p2a: Lugia|92/100|[from] item: Leftovers
|upkeep
|turn|5
|
|t:|1628174715
|switch|p2a: Zeraora|Zeraora|81/100
|move|p1a: Zeraora|Bulk Up|p1a: Zeraora
|-boost|p1a: Zeraora|atk|1
|-boost|p1a: Zeraora|def|1
|
|upkeep
|turn|6
|
|t:|1628174728
|switch|p2a: Lugia|Lugia|92/100
|-ability|p2a: Lugia|Pressure
|move|p1a: Zeraora|Blaze Kick|p2a: Lugia|[miss]
|-miss|p1a: Zeraora|p2a: Lugia
|
|-heal|p2a: Lugia|98/100|[from] item: Leftovers
|upkeep
|turn|7
|
|t:|1628174746
|move|p1a: Zeraora|Plasma Fists|p2a: Lugia
|-supereffective|p2a: Lugia
|-damage|p2a: Lugia|9/100
|-damage|p1a: Zeraora|91/100|[from] item: Life Orb
|move|p2a: Lugia|Defog|p1a: Zeraora
|-unboost|p1a: Zeraora|evasion|1
|
|-heal|p2a: Lugia|15/100|[from] item: Leftovers
|upkeep
|turn|8
|
|t:|1628174761
|switch|p2a: Zeraora|Zeraora|81/100
|move|p1a: Zeraora|Blaze Kick|p2a: Zeraora
|-damage|p2a: Zeraora|12/100
|-damage|p1a: Zeraora|81/100|[from] item: Life Orb
|
|upkeep
|turn|9
|
|t:|1628174775
|switch|p2a: Lugia|Lugia|15/100
|-ability|p2a: Lugia|Pressure
|move|p1a: Zeraora|Blaze Kick|p2a: Lugia
|-damage|p2a: Lugia|0 fnt
|faint|p2a: Lugia
|-damage|p1a: Zeraora|71/100|[from] item: Life Orb
|
|upkeep
|
|t:|1628174781
|switch|p2a: Kyogre|Kyogre|100/100
|detailschange|p2a: Kyogre|Kyogre-Primal
|-primal|p2a: Kyogre
|-weather|PrimordialSea|[from] ability: Primordial Sea|[of] p2a: Kyogre
|turn|10
|
|t:|1628174790
|-weather|none
|switch|p2a: Zeraora|Zeraora|12/100
|move|p1a: Zeraora|Plasma Fists|p2a: Zeraora
|-heal|p2a: Zeraora|37/100|[from] ability: Volt Absorb|[of] p1a: Zeraora
|
|upkeep
|turn|11
|
|t:|1628174806
|switch|p2a: Mewtwo|Mewtwo|100/100
|-ability|p2a: Mewtwo|Pressure
|move|p1a: Zeraora|Close Combat|p2a: Mewtwo
|-resisted|p2a: Mewtwo
|-damage|p2a: Mewtwo|62/100
|-unboost|p1a: Zeraora|def|1
|-unboost|p1a: Zeraora|spd|1
|-damage|p1a: Zeraora|61/100|[from] item: Life Orb
|
|upkeep
|turn|12
|
|t:|1628174818
|detailschange|p2a: Mewtwo|Mewtwo-Mega-X
|-mega|p2a: Mewtwo|Mewtwo|Mewtwonite X
|move|p1a: Zeraora|Blaze Kick|p2a: Mewtwo
|-damage|p2a: Mewtwo|12/100
|-damage|p1a: Zeraora|52/100|[from] item: Life Orb
|move|p2a: Mewtwo|Earthquake|p1a: Zeraora
|-supereffective|p1a: Zeraora
|-damage|p1a: Zeraora|0 fnt
|faint|p1a: Zeraora
|
|upkeep
|
|t:|1628174832
|switch|p1a: Keldeo|Keldeo|100/100
|turn|13
|
|t:|1628174839
|move|p1a: Keldeo|Aqua Jet|p2a: Mewtwo
|-damage|p2a: Mewtwo|0 fnt
|faint|p2a: Mewtwo
|
|upkeep
|
|t:|1628174849
|switch|p2a: Zeraora|Zeraora|37/100
|turn|14
|
|t:|1628174853
|move|p1a: Keldeo|Aqua Jet|p2a: Zeraora
|-damage|p2a: Zeraora|19/100
|move|p2a: Zeraora|Plasma Fists|p1a: Keldeo
|-supereffective|p1a: Keldeo
|-damage|p1a: Keldeo|0 fnt
|faint|p1a: Keldeo
|-damage|p2a: Zeraora|9/100|[from] item: Life Orb
|
|upkeep
|
|t:|1628174873
|switch|p1a: Toxapex|Toxapex, M, shiny|100/100
|turn|15
|
|t:|1628174889
|move|p1a: Toxapex|Baneful Bunker|p1a: Toxapex
|-singleturn|p1a: Toxapex|move: Protect
|move|p2a: Zeraora|Plasma Fists|p1a: Toxapex
|-activate|p1a: Toxapex|move: Protect
|-status|p2a: Zeraora|psn
|
|-damage|p2a: Zeraora|0 fnt|[from] psn
|faint|p2a: Zeraora
|upkeep
|
|t:|1628174894
|switch|p2a: Kyogre|Kyogre-Primal|100/100
|-weather|PrimordialSea|[from] ability: Primordial Sea|[of] p2a: Kyogre
|turn|16
|
|t:|1628174906
|move|p2a: Kyogre|Earthquake|p1a: Toxapex
|-supereffective|p1a: Toxapex
|-damage|p1a: Toxapex|52/100
|move|p1a: Toxapex|Toxic Spikes|p2a: Kyogre
|-sidestart|p2: 123Ayan|move: Toxic Spikes
|
|-weather|PrimordialSea|[upkeep]
|-heal|p1a: Toxapex|59/100|[from] item: Black Sludge
|upkeep
|turn|17
|
|t:|1628174915
|move|p1a: Toxapex|Baneful Bunker|p1a: Toxapex
|-singleturn|p1a: Toxapex|move: Protect
|move|p2a: Kyogre|Avalanche|p1a: Toxapex
|-activate|p1a: Toxapex|move: Protect
|-status|p2a: Kyogre|psn
|
|-weather|PrimordialSea|[upkeep]
|-heal|p1a: Toxapex|65/100|[from] item: Black Sludge
|-damage|p2a: Kyogre|88/100 psn|[from] psn
|upkeep
|turn|18
|
|t:|1628174930
|move|p2a: Kyogre|Earthquake|p1a: Toxapex
|-supereffective|p1a: Toxapex
|-damage|p1a: Toxapex|15/100
|move|p1a: Toxapex|Recover|p1a: Toxapex
|-heal|p1a: Toxapex|65/100
|
|-weather|PrimordialSea|[upkeep]
|-heal|p1a: Toxapex|71/100|[from] item: Black Sludge
|-damage|p2a: Kyogre|76/100 psn|[from] psn
|upkeep
|turn|19
|
|t:|1628174941
|-weather|none
|switch|p2a: Talonflame|Talonflame, M|100/100
|move|p1a: Toxapex|Baneful Bunker||[still]
|-fail|p1a: Toxapex
|
|-heal|p1a: Toxapex|77/100|[from] item: Black Sludge
|upkeep
|turn|20
|
|t:|1628174951
|move|p2a: Talonflame|Tailwind|p2a: Talonflame
|-sidestart|p2: 123Ayan|move: Tailwind
|move|p1a: Toxapex|Scald|p2a: Talonflame
|-supereffective|p2a: Talonflame
|-damage|p2a: Talonflame|51/100
|
|-heal|p1a: Toxapex|84/100|[from] item: Black Sludge
|upkeep
|turn|21
|
|t:|1628174962
|move|p2a: Talonflame|Roost|p2a: Talonflame
|-heal|p2a: Talonflame|100/100
|-singleturn|p2a: Talonflame|move: Roost
|move|p1a: Toxapex|Scald|p2a: Talonflame
|-supereffective|p2a: Talonflame
|-damage|p2a: Talonflame|44/100
|
|-heal|p1a: Toxapex|90/100|[from] item: Black Sludge
|upkeep
|turn|22
|
|t:|1628174974
|move|p2a: Talonflame|Dual Wingbeat|p1a: Toxapex
|-damage|p1a: Toxapex|80/100
|-damage|p1a: Toxapex|70/100
|-hitcount|p1a: Toxapex|2
|move|p1a: Toxapex|Scald|p2a: Talonflame
|-supereffective|p2a: Talonflame
|-damage|p2a: Talonflame|0 fnt
|faint|p2a: Talonflame
|
|-heal|p1a: Toxapex|76/100|[from] item: Black Sludge
|upkeep
|
|t:|1628174981
|switch|p2a: Lycanroc|Lycanroc, M|100/100
|-status|p2a: Lycanroc|psn
|turn|23
|
|t:|1628174992
|move|p1a: Toxapex|Baneful Bunker|p1a: Toxapex
|-singleturn|p1a: Toxapex|move: Protect
|move|p2a: Lycanroc|Accelerock|p1a: Toxapex
|-activate|p1a: Toxapex|move: Protect
|
|-heal|p1a: Toxapex|83/100|[from] item: Black Sludge
|-damage|p2a: Lycanroc|88/100 psn|[from] psn
|-sideend|p2: 123Ayan|move: Tailwind
|upkeep
|turn|24
|-message|123Ayan forfeited.
|
|win|IamHrrimann
|l|☆123Ayan
