|j|☆KRAFT TOX
|j|☆Glaliegoesboom
|t:|1660015001
|gametype|singles
|player|p1|KRAFT TOX|workerice|
|player|p2|Glaliegoesboom|266|
|teamsize|p1|6
|teamsize|p2|6
|gen|8
|tier|[Gen 8] National Dex AG
|rule|HP Percentage Mod: HP is shown in percentages
|rule|Endless Battle Clause: Forcing endless battles is banned
|clearpoke
|poke|p1|Gengar, F|
|poke|p1|Toxapex, M|
|poke|p1|Amoonguss, M|
|poke|p1|Slowking, M|
|poke|p1|Blissey, F|
|poke|p1|Tornadus-Therian, M|
|poke|p2|Garchomp, F|
|poke|p2|Jellicent, F|
|poke|p2|Dracozolt|
|poke|p2|Hippowdon, F|
|poke|p2|Dialga|
|poke|p2|Urshifu-*, M|
|teampreview
|inactive|Battle timer is ON: inactive players will automatically lose when time's up. (requested by Glaliegoesboom)
|c|☆Glaliegoesboom|Glhf
|c|☆KRAFT TOX|I'll probably lose considering how bad my team is but glhf
|inactive|KRAFT TOX has 270 seconds left.
|c|☆KRAFT TOX|I made this shit when I was a noob
|
|t:|1660015047
|start
|switch|p1a: Tornadus|Tornadus-Therian, M|100/100
|switch|p2a: Urshifu|Urshifu, M|100/100
|turn|1
|c|☆Glaliegoesboom|Oh
|c|☆Glaliegoesboom|why didnt u change it
|c|☆KRAFT TOX|Forgor
|inactive|KRAFT TOX has 270 seconds left.
|c|☆KRAFT TOX|When I can I will but since I have to wait about a month I'll have to bear with it
|
|t:|1660015089
|switch|p2a: Dialga|Dialga|100/100
|-ability|p2a: Dialga|Pressure
|move|p1a: Tornadus|Hurricane|p2a: Dialga|[miss]
|-miss|p1a: Tornadus|p2a: Dialga
|
|upkeep
|turn|2
|
|t:|1660015096
|move|p1a: Tornadus|U-turn|p2a: Dialga
|-resisted|p2a: Dialga
|-damage|p2a: Dialga|96/100
|
|t:|1660015112
|switch|p1a: Toxapex|Toxapex, M|100/100|[from]move: U-turn
|move|p2a: Dialga|Thunder|p1a: Toxapex|[miss]
|-miss|p2a: Dialga|p1a: Toxapex
|
|upkeep
|turn|3
|
|t:|1660015121
|switch|p1a: Amoonguss|Amoonguss, M|100/100
|move|p2a: Dialga|Thunder|p1a: Amoonguss|[miss]
|-miss|p2a: Dialga|p1a: Amoonguss
|
|upkeep
|turn|4
|
|t:|1660015135
|switch|p2a: Hippowdon|Hippowdon, F|100/100
|-weather|Sandstorm|[from] ability: Sand Stream|[of] p2a: Hippowdon
|move|p1a: Amoonguss|Spore|p2a: Hippowdon
|-status|p2a: Hippowdon|slp|[from] move: Spore
|-enditem|p2a: Hippowdon|Lum Berry|[eat]
|-curestatus|p2a: Hippowdon|slp|[msg]
|
|-weather|Sandstorm|[upkeep]
|-damage|p1a: Amoonguss|94/100|[from] Sandstorm
|-heal|p1a: Amoonguss|100/100|[from] item: Black Sludge
|upkeep
|turn|5
|inactive|KRAFT TOX has 270 seconds left.
|
|t:|1660015148
|move|p2a: Hippowdon|Earthquake|p1a: Amoonguss
|-damage|p1a: Amoonguss|65/100
|move|p1a: Amoonguss|Spore|p2a: Hippowdon
|-status|p2a: Hippowdon|slp|[from] move: Spore
|
|-weather|Sandstorm|[upkeep]
|-damage|p1a: Amoonguss|59/100|[from] Sandstorm
|-heal|p1a: Amoonguss|65/100|[from] item: Black Sludge
|upkeep
|turn|6
|inactive|KRAFT TOX has 270 seconds left.
|
|t:|1660015158
|switch|p2a: Garchomp|Garchomp, F|100/100
|move|p1a: Amoonguss|Giga Drain|p2a: Garchomp
|-damage|p2a: Garchomp|74/100
|-heal|p1a: Amoonguss|76/100|[from] drain|[of] p2a: Garchomp
|
|-weather|Sandstorm|[upkeep]
|-damage|p1a: Amoonguss|70/100|[from] Sandstorm
|-heal|p1a: Amoonguss|76/100|[from] item: Black Sludge
|upkeep
|turn|7
|inactive|KRAFT TOX has 270 seconds left.
|
|t:|1660015168
|move|p2a: Garchomp|Substitute|p2a: Garchomp
|-start|p2a: Garchomp|Substitute
|-damage|p2a: Garchomp|50/100
|move|p1a: Amoonguss|Spore||[still]
|-fail|p1a: Amoonguss
|
|-weather|Sandstorm|[upkeep]
|-damage|p1a: Amoonguss|70/100|[from] Sandstorm
|-heal|p1a: Amoonguss|76/100|[from] item: Black Sludge
|upkeep
|turn|8
|inactive|KRAFT TOX has 270 seconds left.
|
|t:|1660015185
|detailschange|p2a: Garchomp|Garchomp-Mega, F
|-mega|p2a: Garchomp|Garchomp|Garchompite
|move|p2a: Garchomp|Earthquake|p1a: Amoonguss
|-damage|p1a: Amoonguss|0 fnt
|faint|p1a: Amoonguss
|
|-weather|none
|upkeep
|inactive|KRAFT TOX has 270 seconds left.
|
|t:|1660015195
|switch|p1a: Tornadus|Tornadus-Therian, M|100/100
|turn|9
|
|t:|1660015200
|move|p1a: Tornadus|Hurricane|p2a: Garchomp
|-end|p2a: Garchomp|Substitute
|move|p2a: Garchomp|Stone Edge|p1a: Tornadus
|-supereffective|p1a: Tornadus
|-damage|p1a: Tornadus|0 fnt
|faint|p1a: Tornadus
|
|upkeep
|
|t:|1660015208
|switch|p1a: Gengar|Gengar, F|100/100
|turn|10
|
|t:|1660015220
|switch|p2a: Dialga|Dialga|96/100
|-ability|p2a: Dialga|Pressure
|detailschange|p1a: Gengar|Gengar-Mega, F
|-mega|p1a: Gengar|Gengar|Gengarite
|move|p1a: Gengar|Hypnosis|p2a: Dialga
|-status|p2a: Dialga|slp|[from] move: Hypnosis
|
|upkeep
|turn|11
|
|t:|1660015231
|move|p1a: Gengar|Substitute|p1a: Gengar
|-start|p1a: Gengar|Substitute
|-damage|p1a: Gengar|76/100
|cant|p2a: Dialga|slp
|
|upkeep
|turn|12
|
|t:|1660015237
|move|p1a: Gengar|Nasty Plot|p1a: Gengar
|-boost|p1a: Gengar|spa|2
|-curestatus|p2a: Dialga|slp|[msg]
|move|p2a: Dialga|Flash Cannon|p1a: Gengar
|-end|p1a: Gengar|Substitute
|
|upkeep
|turn|13
|
|t:|1660015245
|move|p1a: Gengar|Shadow Ball|p2a: Dialga
|-damage|p2a: Dialga|0 fnt
|faint|p2a: Dialga
|
|upkeep
|
|t:|1660015249
|switch|p2a: Urshifu|Urshifu, M|100/100
|turn|14
|
|t:|1660015262
|switch|p1a: Toxapex|Toxapex, M|100/100
|move|p2a: Urshifu|Wicked Blow|p1a: Toxapex
|-crit|p1a: Toxapex
|-damage|p1a: Toxapex|57/100
|-damage|p2a: Urshifu|84/100|[from] item: Rocky Helmet|[of] p1a: Toxapex
|
|upkeep
|turn|15
|
|t:|1660015279
|switch|p2a: Hippowdon|Hippowdon, F|100/100 slp
|-weather|Sandstorm|[from] ability: Sand Stream|[of] p2a: Hippowdon
|move|p1a: Toxapex|Knock Off|p2a: Hippowdon
|-damage|p2a: Hippowdon|94/100 slp
|
|-weather|Sandstorm|[upkeep]
|-damage|p1a: Toxapex|50/100|[from] Sandstorm
|upkeep
|turn|16
|
|t:|1660015289
|cant|p2a: Hippowdon|slp
|move|p1a: Toxapex|Recover|p1a: Toxapex
|-heal|p1a: Toxapex|100/100
|
|-weather|Sandstorm|[upkeep]
|-damage|p1a: Toxapex|94/100|[from] Sandstorm
|upkeep
|turn|17
|
|t:|1660015301
|switch|p1a: Slowking|Slowking, M|100/100
|cant|p2a: Hippowdon|slp
|
|-weather|Sandstorm|[upkeep]
|-damage|p1a: Slowking|94/100|[from] Sandstorm
|-heal|p1a: Slowking|100/100|[from] item: Leftovers
|upkeep
|turn|18
|
|t:|1660015312
|-curestatus|p2a: Hippowdon|slp|[msg]
|move|p2a: Hippowdon|Toxic|p1a: Slowking
|-status|p1a: Slowking|tox
|move|p1a: Slowking|Future Sight|p2a: Hippowdon
|-start|p1a: Slowking|move: Future Sight
|
|-weather|Sandstorm|[upkeep]
|-damage|p1a: Slowking|94/100 tox|[from] Sandstorm
|-heal|p1a: Slowking|100/100 tox|[from] item: Leftovers
|-damage|p1a: Slowking|94/100 tox|[from] psn
|upkeep
|turn|19
|
|t:|1660015328
|switch|p1a: Blissey|Blissey, F|100/100
|move|p2a: Hippowdon|Earthquake|p1a: Blissey
|-damage|p1a: Blissey|68/100
|
|-weather|none
|-heal|p1a: Blissey|75/100|[from] item: Leftovers
|upkeep
|turn|20
|
|t:|1660015337
|switch|p2a: Urshifu|Urshifu, M|84/100
|move|p1a: Blissey|Toxic|p2a: Urshifu
|-status|p2a: Urshifu|tox
|
|-end|p2a: Urshifu|move: Future Sight
|-immune|p2a: Urshifu
|-heal|p1a: Blissey|81/100|[from] item: Leftovers
|-damage|p2a: Urshifu|78/100 tox|[from] psn
|upkeep
|turn|21
|
|t:|1660015349
|switch|p1a: Toxapex|Toxapex, M|100/100
|move|p2a: Urshifu|U-turn|p1a: Toxapex
|-resisted|p1a: Toxapex
|-damage|p1a: Toxapex|93/100
|-damage|p2a: Urshifu|61/100 tox|[from] item: Rocky Helmet|[of] p1a: Toxapex
|
|t:|1660015354
|switch|p2a: Garchomp|Garchomp-Mega, F|50/100|[from]move: U-turn
|
|upkeep
|turn|22
|
|t:|1660015361
|switch|p1a: Slowking|Slowking, M|100/100 tox
|move|p2a: Garchomp|Substitute|p2a: Garchomp
|-start|p2a: Garchomp|Substitute
|-damage|p2a: Garchomp|25/100
|
|-damage|p1a: Slowking|94/100 tox|[from] psn
|upkeep
|turn|23
|
|t:|1660015369
|move|p2a: Garchomp|Scale Shot|p1a: Slowking
|-damage|p1a: Slowking|83/100 tox
|-damage|p1a: Slowking|73/100 tox
|-crit|p1a: Slowking
|-damage|p1a: Slowking|54/100 tox
|-damage|p1a: Slowking|42/100 tox
|-hitcount|p1a: Slowking|4
|-unboost|p2a: Garchomp|def|1
|-boost|p2a: Garchomp|spe|1
|move|p1a: Slowking|Future Sight|p2a: Garchomp
|-start|p1a: Slowking|move: Future Sight
|
|-heal|p1a: Slowking|48/100 tox|[from] item: Leftovers
|-damage|p1a: Slowking|36/100 tox|[from] psn
|upkeep
|turn|24
|
|t:|1660015386
|move|p2a: Garchomp|Earthquake|p1a: Slowking
|-damage|p1a: Slowking|0 fnt
|faint|p1a: Slowking
|
|upkeep
|
|t:|1660015392
|switch|p1a: Blissey|Blissey, F|81/100
|turn|25
|
|t:|1660015396
|move|p1a: Blissey|Protect|p1a: Blissey
|-singleturn|p1a: Blissey|Protect
|move|p2a: Garchomp|Earthquake|p1a: Blissey
|-activate|p1a: Blissey|move: Protect
|
|-end|p2a: Garchomp|move: Future Sight
|-end|p2a: Garchomp|Substitute
|-heal|p1a: Blissey|87/100|[from] item: Leftovers
|upkeep
|turn|26
|
|t:|1660015407
|move|p2a: Garchomp|Earthquake|p1a: Blissey
|-damage|p1a: Blissey|31/100
|move|p1a: Blissey|Toxic|p2a: Garchomp
|-status|p2a: Garchomp|tox
|
|-heal|p1a: Blissey|37/100|[from] item: Leftovers
|-damage|p2a: Garchomp|18/100 tox|[from] psn
|upkeep
|turn|27
|
|t:|1660015416
|move|p1a: Blissey|Protect|p1a: Blissey
|-singleturn|p1a: Blissey|Protect
|move|p2a: Garchomp|Earthquake|p1a: Blissey
|-activate|p1a: Blissey|move: Protect
|
|-heal|p1a: Blissey|44/100|[from] item: Leftovers
|-damage|p2a: Garchomp|6/100 tox|[from] psn
|upkeep
|turn|28
|
|t:|1660015427
|move|p1a: Blissey|Protect||[still]
|-fail|p1a: Blissey
|move|p2a: Garchomp|Earthquake|p1a: Blissey
|-damage|p1a: Blissey|0 fnt
|faint|p1a: Blissey
|
|-damage|p2a: Garchomp|0 fnt|[from] psn
|faint|p2a: Garchomp
|upkeep
|
|t:|1660015438
|switch|p2a: Urshifu|Urshifu, M|61/100 tox
|switch|p1a: Toxapex|Toxapex, M|100/100
|turn|29
|
|t:|1660015449
|move|p2a: Urshifu|Wicked Blow|p1a: Toxapex
|-crit|p1a: Toxapex
|-damage|p1a: Toxapex|56/100
|-damage|p2a: Urshifu|45/100 tox|[from] item: Rocky Helmet|[of] p1a: Toxapex
|move|p1a: Toxapex|Knock Off|p2a: Urshifu
|-resisted|p2a: Urshifu
|-damage|p2a: Urshifu|42/100 tox
|-enditem|p2a: Urshifu|Choice Scarf|[from] move: Knock Off|[of] p1a: Toxapex
|
|-damage|p2a: Urshifu|35/100 tox|[from] psn
|upkeep
|turn|30
|
|t:|1660015461
|move|p2a: Urshifu|Wicked Blow|p1a: Toxapex
|-crit|p1a: Toxapex
|-damage|p1a: Toxapex|17/100
|-damage|p2a: Urshifu|19/100 tox|[from] item: Rocky Helmet|[of] p1a: Toxapex
|move|p1a: Toxapex|Recover|p1a: Toxapex
|-heal|p1a: Toxapex|67/100
|
|-damage|p2a: Urshifu|7/100 tox|[from] psn
|upkeep
|turn|31
|
|t:|1660015470
|move|p2a: Urshifu|Wicked Blow|p1a: Toxapex
|-crit|p1a: Toxapex
|-damage|p1a: Toxapex|27/100
|-damage|p2a: Urshifu|0 fnt|[from] item: Rocky Helmet|[of] p1a: Toxapex
|faint|p2a: Urshifu
|move|p1a: Toxapex|Recover|p1a: Toxapex
|-heal|p1a: Toxapex|77/100
|
|upkeep
|
|t:|1660015473
|switch|p2a: Hippowdon|Hippowdon, F|94/100
|-weather|Sandstorm|[from] ability: Sand Stream|[of] p2a: Hippowdon
|turn|32
|
|t:|1660015482
|switch|p2a: Dracozolt|Dracozolt|100/100
|move|p1a: Toxapex|Scald|p2a: Dracozolt
|-resisted|p2a: Dracozolt
|-damage|p2a: Dracozolt|89/100
|-status|p2a: Dracozolt|brn
|
|-weather|Sandstorm|[upkeep]
|-damage|p2a: Dracozolt|83/100 brn|[from] Sandstorm
|-damage|p1a: Toxapex|71/100|[from] Sandstorm
|-damage|p2a: Dracozolt|77/100 brn|[from] brn
|upkeep
|turn|33
|
|t:|1660015497
|move|p2a: Dracozolt|Bolt Beak|p1a: Toxapex
|-supereffective|p1a: Toxapex
|-damage|p1a: Toxapex|0 fnt
|-damage|p2a: Dracozolt|60/100 brn|[from] item: Rocky Helmet|[of] p1a: Toxapex
|faint|p1a: Toxapex
|
|-weather|Sandstorm|[upkeep]
|-damage|p2a: Dracozolt|54/100 brn|[from] Sandstorm
|-damage|p2a: Dracozolt|48/100 brn|[from] brn
|upkeep
|
|t:|1660015507
|switch|p1a: Gengar|Gengar-Mega, F|76/100
|turn|34
|
|t:|1660015514
|move|p1a: Gengar|Shadow Ball|p2a: Dracozolt
|-damage|p2a: Dracozolt|0 fnt
|faint|p2a: Dracozolt
|
|-weather|Sandstorm|[upkeep]
|-damage|p1a: Gengar|69/100|[from] Sandstorm
|upkeep
|
|t:|1660015520
|switch|p2a: Hippowdon|Hippowdon, F|94/100
|turn|35
|c|☆KRAFT TOX|Wait that's faster wtf
|
|t:|1660015527
|move|p1a: Gengar|Hypnosis|p2a: Hippowdon
|-status|p2a: Hippowdon|slp|[from] move: Hypnosis
|cant|p2a: Hippowdon|slp
|
|-weather|Sandstorm|[upkeep]
|-damage|p1a: Gengar|63/100|[from] Sandstorm
|upkeep
|turn|36
|
|t:|1660015536
|-start|p2a: Hippowdon|Dynamax|
|-heal|p2a: Hippowdon|94/100 slp|[silent]
|move|p1a: Gengar|Substitute|p1a: Gengar
|-start|p1a: Gengar|Substitute
|-damage|p1a: Gengar|38/100
|cant|p2a: Hippowdon|slp
|
|-weather|none
|upkeep
|turn|37
|
|t:|1660015546
|move|p1a: Gengar|Nasty Plot|p1a: Gengar
|-boost|p1a: Gengar|spa|2
|-curestatus|p2a: Hippowdon|slp|[msg]
|move|p2a: Hippowdon|Max Quake|p1a: Gengar
|-supereffective|p1a: Gengar
|-end|p1a: Gengar|Substitute
|-boost|p2a: Hippowdon|spd|1
|
|upkeep
|turn|38
|c|☆Glaliegoesboom|Forgot sand rush
|
|t:|1660015556
|move|p1a: Gengar|Hypnosis|p2a: Hippowdon|[miss]
|-miss|p1a: Gengar|p2a: Hippowdon
|move|p2a: Hippowdon|Max Quake|p1a: Gengar
|-supereffective|p1a: Gengar
|-damage|p1a: Gengar|0 fnt
|-boost|p2a: Hippowdon|spd|1
|faint|p1a: Gengar
|
|win|Glaliegoesboom
|c|☆KRAFT TOX|Well gg
|c|☆Glaliegoesboom|Gg
|c|☆KRAFT TOX|Not too surprised I lost but I'm happy I got as far as I did
|l|☆Glaliegoesboom
|j|☆Glaliegoesboom
|player|p2|Glaliegoesboom|266
