|j|☆gucguc3000
|j|☆Booooty Bandit
|t:|1635634424
|gametype|singles
|player|p1|gucguc3000|brycenman|1319
|player|p2|Booooty Bandit|ethan|1377
|teamsize|p1|6
|teamsize|p2|6
|gen|8
|tier|[Gen 8] National Dex AG
|rated|
|rule|HP Percentage Mod: HP is shown in percentages
|rule|Endless Battle Clause: Forcing endless battles is banned
|clearpoke
|poke|p1|Weavile, M|
|poke|p1|Absol, M|
|poke|p1|Garchomp, F|
|poke|p1|Barraskewda, M|
|poke|p1|Bisharp, F|
|poke|p1|Infernape, F|
|poke|p2|Zacian-*|
|poke|p2|Marshadow|
|poke|p2|Forretress, F|
|poke|p2|Serperior, M|
|poke|p2|Bisharp, M|
|poke|p2|Gengar, M|
|teampreview
|inactive|Battle timer is ON: inactive players will automatically lose when time's up. (requested by gucguc3000)
|
|t:|1635634433
|start
|switch|p1a: birb|Absol, M|100/100
|switch|p2a: Forretress|Forretress, F|100/100
|turn|1
|
|t:|1635634438
|detailschange|p1a: birb|Absol-Mega, M
|-mega|p1a: birb|Absol|Absolite
|move|p1a: birb|Swords Dance|p1a: birb
|-boost|p1a: birb|atk|2
|move|p2a: Forretress|Stealth Rock|p1a: birb
|move|p1a: birb|Stealth Rock|p2a: Forretress|[from]ability: Magic Bounce
|-sidestart|p2: Booooty Bandit|move: Stealth Rock
|
|upkeep
|turn|2
|
|t:|1635634449
|move|p1a: birb|Knock Off|p2a: Forretress
|-damage|p2a: Forretress|20/100
|-enditem|p2a: Forretress|Aguav Berry|[from] move: Knock Off|[of] p1a: birb
|move|p2a: Forretress|Rapid Spin|p1a: birb
|-damage|p1a: birb|82/100
|-boost|p2a: Forretress|spe|1
|-sideend|p2: Booooty Bandit|Stealth Rock|[from] move: Rapid Spin|[of] p2a: Forretress
|
|upkeep
|turn|3
|
|t:|1635634458
|move|p1a: birb|Swords Dance|p1a: birb
|-boost|p1a: birb|atk|2
|move|p2a: Forretress|Rapid Spin|p1a: birb
|-damage|p1a: birb|60/100
|-boost|p2a: Forretress|spe|1
|
|upkeep
|turn|4
|
|t:|1635634464
|move|p1a: birb|Knock Off|p2a: Forretress
|-damage|p2a: Forretress|0 fnt
|faint|p2a: Forretress
|
|upkeep
|
|t:|1635634468
|switch|p2a: Marshadow|Marshadow|100/100
|turn|5
|
|t:|1635634472
|move|p1a: birb|Sucker Punch|p2a: Marshadow
|-enditem|p2a: Marshadow|Focus Sash
|-damage|p2a: Marshadow|1/100
|move|p2a: Marshadow|Spectral Thief||[still]
|-clearpositiveboost|p1a: birb|p2a: Marshadow|move: Spectral Thief
|-boost|p2a: Marshadow|atk|4
|-anim|p2a: Marshadow|Spectral Thief|p1a: birb
|-resisted|p1a: birb
|-damage|p1a: birb|0 fnt
|faint|p1a: birb
|
|upkeep
|
|t:|1635634478
|switch|p1a: frog|Barraskewda, M|100/100
|turn|6
|
|t:|1635634487
|move|p1a: frog|Aqua Jet|p2a: Marshadow
|-damage|p2a: Marshadow|0 fnt
|faint|p2a: Marshadow
|
|upkeep
|
|t:|1635634492
|switch|p2a: Gengar|Gengar, M, shiny|100/100
|turn|7
|
|t:|1635634502
|move|p1a: frog|Aqua Jet|p2a: Gengar
|-damage|p2a: Gengar|44/100
|-start|p1a: frog|Disable|Aqua Jet|[from] ability: Cursed Body|[of] p2a: Gengar
|move|p2a: Gengar|Shadow Ball|p1a: frog
|-damage|p1a: frog|13/100
|
|upkeep
|turn|8
|
|t:|1635634511
|switch|p1a: toxic lol|Bisharp, F|100/100
|detailschange|p2a: Gengar|Gengar-Mega, M, shiny
|-mega|p2a: Gengar|Gengar|Gengarite
|move|p2a: Gengar|Shadow Ball|p1a: toxic lol
|-resisted|p1a: toxic lol
|-damage|p1a: toxic lol|63/100
|
|upkeep
|turn|9
|
|t:|1635634518
|move|p1a: toxic lol|Sucker Punch|p2a: Gengar
|-supereffective|p2a: Gengar
|-damage|p2a: Gengar|0 fnt
|faint|p2a: Gengar
|
|upkeep
|
|t:|1635634526
|switch|p2a: Zacian|Zacian-Crowned|100/100
|-ability|p2a: Zacian|Intrepid Sword|boost
|-boost|p2a: Zacian|atk|1
|turn|10
|
|t:|1635634534
|move|p2a: Zacian|Close Combat|p1a: toxic lol
|-supereffective|p1a: toxic lol
|-damage|p1a: toxic lol|0 fnt
|-unboost|p2a: Zacian|def|1
|-unboost|p2a: Zacian|spd|1
|-damage|p2a: Zacian|84/100|[from] item: Rocky Helmet|[of] p1a: toxic lol
|faint|p1a: toxic lol
|
|upkeep
|
|t:|1635634535
|switch|p1a: frog|Barraskewda, M|13/100
|turn|11
|
|t:|1635634543
|switch|p2a: Bisharp|Bisharp, M|100/100
|move|p1a: frog|Aqua Jet|p2a: Bisharp
|-damage|p2a: Bisharp|72/100
|
|upkeep
|turn|12
|
|t:|1635634549
|switch|p1a: MONKE|Infernape, F|100/100
|move|p2a: Bisharp|Swords Dance|p2a: Bisharp
|-boost|p2a: Bisharp|atk|2
|
|upkeep
|turn|13
|
|t:|1635634555
|-start|p1a: MONKE|Dynamax
|-heal|p1a: MONKE|100/100|[silent]
|move|p2a: Bisharp|Sucker Punch|p1a: MONKE
|-resisted|p1a: MONKE
|-damage|p1a: MONKE|72/100
|move|p1a: MONKE|Max Flare|p2a: Bisharp
|-supereffective|p2a: Bisharp
|-damage|p2a: Bisharp|0 fnt
|-weather|SunnyDay
|faint|p2a: Bisharp
|
|-weather|SunnyDay|[upkeep]
|upkeep
|
|t:|1635634566
|switch|p2a: Serperior|Serperior, M|100/100
|turn|14
|
|t:|1635634569
|move|p2a: Serperior|Glare|p1a: MONKE
|-status|p1a: MONKE|par
|move|p1a: MONKE|Max Flare|p2a: Serperior
|-supereffective|p2a: Serperior
|-enditem|p2a: Serperior|Focus Sash
|-damage|p2a: Serperior|1/100
|
|-weather|SunnyDay|[upkeep]
|upkeep
|turn|15
|
|t:|1635634580
|-start|p2a: Serperior|Dynamax
|-heal|p2a: Serperior|1/100|[silent]
|move|p2a: Serperior|Max Wyrmwind|p1a: MONKE
|-damage|p1a: MONKE|46/100 par
|-unboost|p1a: MONKE|atk|1
|move|p1a: MONKE|Max Knuckle|p2a: Serperior
|-damage|p2a: Serperior|0 fnt
|-boost|p1a: MONKE|atk|1
|faint|p2a: Serperior
|
|-weather|SunnyDay|[upkeep]
|-end|p1a: MONKE|Dynamax
|-heal|p1a: MONKE|46/100 par|[silent]
|upkeep
|
|t:|1635634595
|switch|p2a: Zacian|Zacian-Crowned|84/100
|-ability|p2a: Zacian|Intrepid Sword|boost
|-boost|p2a: Zacian|atk|1
|turn|16
|
|t:|1635634598
|move|p2a: Zacian|Play Rough|p1a: MONKE|[miss]
|-miss|p2a: Zacian|p1a: MONKE
|move|p1a: MONKE|Flare Blitz|p2a: Zacian
|-supereffective|p2a: Zacian
|-damage|p2a: Zacian|0 fnt
|faint|p2a: Zacian
|-damage|p1a: MONKE|16/100 par|[from] Recoil
|
|win|gucguc3000
|raw|gucguc3000's rating: 1319 &rarr; <strong>1342</strong><br />(+23 for winning)
|raw|Booooty Bandit's rating: 1377 &rarr; <strong>1354</strong><br />(-23 for losing)
|c|☆gucguc3000|lol
