|j|☆JhonGPO
|j|☆test3721
|t:|1597284116
|player|p1|JhonGPO|hilbert-dueldisk|1422
|player|p2|test3721|1|1534
|teamsize|p1|6
|teamsize|p2|6
|gametype|singles
|gen|8
|tier|[Gen 8] National Dex AG
|rated|
|clearpoke
|poke|p1|Solgaleo|
|poke|p1|Zekrom|
|poke|p1|Kyogre|
|poke|p1|Lugia|
|poke|p1|Marshadow|
|poke|p1|Xerneas|
|poke|p2|Deoxys-Attack|
|poke|p2|Deoxys-Attack|
|poke|p2|Weavile, F|
|poke|p2|Marshadow|
|poke|p2|Landorus-Therian, M|
|poke|p2|Necrozma-Dusk-Mane|
|rule|HP Percentage Mod: HP is shown in percentages
|rule|Endless Battle Clause: Forcing endless battles is banned
|teampreview
|
|t:|1597284139
|start
|switch|p1a: Lugia|Lugia|100/100
|switch|p2a: Weavile|Weavile, F|100/100
|-ability|p2a: Weavile|Pressure
|turn|1
|
|t:|1597284158
|switch|p1a: Kyogre|Kyogre|100/100
|detailschange|p1a: Kyogre|Kyogre-Primal
|-primal|p1a: Kyogre
|-weather|PrimordialSea|[from] ability: Primordial Sea|[of] p1a: Kyogre
|move|p2a: Weavile|Taunt|p1a: Kyogre
|-start|p1a: Kyogre|move: Taunt
|
|-weather|PrimordialSea|[upkeep]
|upkeep
|turn|2
|
|t:|1597284172
|move|p2a: Weavile|Beat Up|p1a: Kyogre
|-damage|p1a: Kyogre|93/100
|-damage|p1a: Kyogre|82/100
|-damage|p1a: Kyogre|72/100
|-damage|p1a: Kyogre|65/100
|-damage|p1a: Kyogre|57/100
|-damage|p1a: Kyogre|49/100
|-hitcount|p1a: Kyogre|6
|move|p1a: Kyogre|Origin Pulse|p2a: Weavile
|-damage|p2a: Weavile|0 fnt
|faint|p2a: Weavile
|
|-weather|PrimordialSea|[upkeep]
|upkeep
|
|t:|1597284176
|switch|p2a: 1|Deoxys-Attack|100/100
|-ability|p2a: 1|Pressure
|turn|3
|
|t:|1597284188
|move|p2a: 1|Thunder Punch|p1a: Kyogre
|-supereffective|p1a: Kyogre
|-damage|p1a: Kyogre|0 fnt
|faint|p1a: Kyogre
|-weather|none
|
|upkeep
|
|t:|1597284205
|switch|p1a: Solgaleo|Solgaleo|100/100
|turn|4
|
|t:|1597284211
|switch|p2a: Marshadow|Marshadow|100/100
|move|p1a: Solgaleo|Knock Off|p2a: Marshadow
|-damage|p2a: Marshadow|54/100
|-enditem|p2a: Marshadow|Focus Sash|[from] move: Knock Off|[of] p1a: Solgaleo
|
|upkeep
|turn|5
|
|t:|1597284228
|move|p2a: Marshadow|Spectral Thief|p1a: Solgaleo
|-supereffective|p1a: Solgaleo
|-damage|p1a: Solgaleo|33/100
|move|p1a: Solgaleo|Psychic Fangs|p2a: Marshadow
|-supereffective|p2a: Marshadow
|-damage|p2a: Marshadow|0 fnt
|faint|p2a: Marshadow
|
|upkeep
|
|t:|1597284243
|switch|p2a: 2|Deoxys-Attack|100/100
|-ability|p2a: 2|Pressure
|turn|6
|
|t:|1597284254
|move|p2a: 2|Fire Punch|p1a: Solgaleo
|-supereffective|p1a: Solgaleo
|-damage|p1a: Solgaleo|0 fnt
|faint|p1a: Solgaleo
|
|upkeep
|
|t:|1597284260
|switch|p1a: Marshadow|Marshadow|100/100
|turn|7
|
|t:|1597284264
|move|p1a: Marshadow|Shadow Sneak|p2a: 2
|-supereffective|p2a: 2
|-enditem|p2a: 2|Focus Sash
|-damage|p2a: 2|1/100
|move|p2a: 2|Psycho Boost|p1a: Marshadow
|-supereffective|p1a: Marshadow
|-damage|p1a: Marshadow|0 fnt
|-unboost|p2a: 2|spa|2
|faint|p1a: Marshadow
|
|upkeep
|
|t:|1597284274
|switch|p1a: Xerneas|Xerneas|100/100
|-ability|p1a: Xerneas|Fairy Aura
|turn|8
|
|t:|1597284280
|move|p2a: 2|Extreme Speed|p1a: Xerneas
|-damage|p1a: Xerneas|71/100
|move|p1a: Xerneas|Geomancy||[still]
|-prepare|p1a: Xerneas|Geomancy
|-enditem|p1a: Xerneas|Power Herb
|-anim|p1a: Xerneas|Geomancy|p1a: Xerneas
|-boost|p1a: Xerneas|spa|2
|-boost|p1a: Xerneas|spd|2
|-boost|p1a: Xerneas|spe|2
|
|upkeep
|turn|9
|
|t:|1597284289
|-start|p1a: Xerneas|Dynamax
|-heal|p1a: Xerneas|71/100|[silent]
|move|p2a: 2|Extreme Speed|p1a: Xerneas
|-damage|p1a: Xerneas|57/100
|move|p1a: Xerneas|Max Starfall|p2a: 2
|-damage|p2a: 2|0 fnt
|-fieldstart|move: Misty Terrain
|faint|p2a: 2
|
|upkeep
|
|t:|1597284304
|switch|p2a: Necrozma|Necrozma-Dusk-Mane|100/100
|turn|10
|
|t:|1597284310
|-start|p2a: Necrozma|Dynamax
|-heal|p2a: Necrozma|100/100|[silent]
|move|p2a: Necrozma|Max Guard|p2a: Necrozma
|-singleturn|p2a: Necrozma|Max Guard
|move|p1a: Xerneas|Max Mindstorm|p2a: Necrozma
|-activate|p2a: Necrozma|move: Max Guard
|
|upkeep
|turn|11
|
|t:|1597284321
|move|p1a: Xerneas|Max Steelspike|p2a: Necrozma
|-resisted|p2a: Necrozma
|-damage|p2a: Necrozma|81/100
|-boost|p1a: Xerneas|def|1
|move|p2a: Necrozma|Max Steelspike|p1a: Xerneas
|-supereffective|p1a: Xerneas
|-damage|p1a: Xerneas|21/100
|-boost|p2a: Necrozma|def|1
|
|-heal|p2a: Necrozma|84/100|[from] item: Leftovers
|-end|p1a: Xerneas|Dynamax
|-heal|p1a: Xerneas|21/100|[silent]
|upkeep
|turn|12
|-message|JhonGPO forfeited.
|
|win|test3721
|l|☆JhonGPO
|raw|JhonGPO's rating: 1406 &rarr; <strong>1393</strong><br />(-13 for losing)
|raw|test3721's rating: 1534 &rarr; <strong>1547</strong><br />(+13 for winning)
|l|☆test3721
