|j|☆defame TV
|j|☆Whitedevil12345678
|t:|1664719575
|gametype|singles
|player|p1|defame TV|hilbert-wonderlauncher|1778
|player|p2|Whitedevil12345678|blue-gen3two|1970
|teamsize|p1|6
|teamsize|p2|6
|gen|8
|tier|[Gen 8] National Dex AG
|rated|
|rule|HP Percentage Mod: HP is shown in percentages
|rule|Endless Battle Clause: Forcing endless battles is banned
|clearpoke
|poke|p1|Excadrill, M|
|poke|p1|Rayquaza|
|poke|p1|Yveltal|
|poke|p1|Arceus-*|
|poke|p1|Marshadow|
|poke|p1|Regieleki|
|poke|p2|Necrozma-Dusk-Mane|
|poke|p2|Zygarde|
|poke|p2|Ditto|
|poke|p2|Arceus-*|
|poke|p2|Arceus-*|
|poke|p2|Arceus-*|
|teampreview
|inactive|Battle timer is ON: inactive players will automatically lose when time's up. (requested by Whitedevil12345678)
|inactive|Whitedevil12345678 has 120 seconds left.
|
|t:|1664719611
|start
|switch|p1a: Excadrill|Excadrill, M, shiny|100/100
|switch|p2a: Zygarde|Zygarde, shiny|100/100
|-ability|p1a: Excadrill|Mold Breaker
|turn|1
|
|t:|1664719620
|move|p1a: Excadrill|Toxic|p2a: Zygarde
|-status|p2a: Zygarde|tox
|move|p2a: Zygarde|Thousand Arrows|p1a: Excadrill
|-supereffective|p1a: Excadrill
|-damage|p1a: Excadrill|20/100
|
|-damage|p2a: Zygarde|94/100 tox|[from] psn
|upkeep
|turn|2
|
|t:|1664719630
|move|p1a: Excadrill|Stealth Rock|p2a: Zygarde
|-sidestart|p2: Whitedevil12345678|move: Stealth Rock
|move|p2a: Zygarde|Glare|p1a: Excadrill
|-status|p1a: Excadrill|par
|
|-damage|p2a: Zygarde|82/100 tox|[from] psn
|upkeep
|turn|3
|
|t:|1664719640
|move|p2a: Zygarde|Thousand Arrows|p1a: Excadrill
|-supereffective|p1a: Excadrill
|-damage|p1a: Excadrill|0 fnt
|faint|p1a: Excadrill
|
|-damage|p2a: Zygarde|63/100 tox|[from] psn
|upkeep
|
|t:|1664719648
|switch|p1a: Rayquaza|Rayquaza|100/100
|-ability|p1a: Rayquaza|Air Lock
|turn|4
|
|t:|1664719656
|switch|p2a: Arceus|Arceus-Fairy|100/100
|-damage|p2a: Arceus|88/100|[from] Stealth Rock
|detailschange|p1a: Rayquaza|Rayquaza-Mega
|-mega|p1a: Rayquaza|Rayquaza|
|-weather|DeltaStream|[from] ability: Delta Stream|[of] p1a: Rayquaza
|move|p1a: Rayquaza|Scale Shot|p2a: Arceus
|-immune|p2a: Arceus
|
|-weather|DeltaStream|[upkeep]
|upkeep
|turn|5
|
|t:|1664719666
|move|p1a: Rayquaza|Dragon Ascent|p2a: Arceus
|-damage|p2a: Arceus|36/100
|-unboost|p1a: Rayquaza|def|1
|-unboost|p1a: Rayquaza|spd|1
|move|p2a: Arceus|Stealth Rock|p1a: Rayquaza
|-sidestart|p1: defame TV|move: Stealth Rock
|
|-weather|DeltaStream|[upkeep]
|upkeep
|turn|6
|
|t:|1664719672
|switch|p2a: Arceus|Arceus-Water|100/100
|-damage|p2a: Arceus|88/100|[from] Stealth Rock
|move|p1a: Rayquaza|Dragon Ascent|p2a: Arceus
|-damage|p2a: Arceus|50/100
|-unboost|p1a: Rayquaza|def|1
|-unboost|p1a: Rayquaza|spd|1
|
|-weather|DeltaStream|[upkeep]
|upkeep
|turn|7
|
|t:|1664719682
|-weather|none
|switch|p1a: Arceus|Arceus-Electric|100/100
|-damage|p1a: Arceus|88/100|[from] Stealth Rock
|move|p2a: Arceus|Recover|p2a: Arceus
|-heal|p2a: Arceus|99/100
|
|upkeep
|turn|8
|
|t:|1664719693
|switch|p2a: Arceus|Arceus-Fairy|36/100
|-damage|p2a: Arceus|23/100|[from] Stealth Rock
|move|p1a: Arceus|Judgment|p2a: Arceus
|-damage|p2a: Arceus|0 fnt
|faint|p2a: Arceus
|
|upkeep
|
|t:|1664719702
|switch|p2a: Necrozma|Necrozma-Dusk-Mane, shiny|100/100
|-damage|p2a: Necrozma|94/100|[from] Stealth Rock
|turn|9
|
|t:|1664719710
|detailschange|p2a: Necrozma|Necrozma-Ultra, shiny
|-burst|p2a: Necrozma|Necrozma|Ultranecrozium Z
|move|p2a: Necrozma|Dragon Dance|p2a: Necrozma
|-boost|p2a: Necrozma|atk|1
|-boost|p2a: Necrozma|spe|1
|move|p1a: Arceus|Judgment|p2a: Necrozma
|-resisted|p2a: Necrozma
|-damage|p2a: Necrozma|65/100
|
|upkeep
|turn|10
|
|t:|1664719723
|switch|p1a: Rayquaza|Rayquaza-Mega|100/100
|-damage|p1a: Rayquaza|76/100|[from] Stealth Rock
|-weather|DeltaStream|[from] ability: Delta Stream|[of] p1a: Rayquaza
|move|p2a: Necrozma|Earthquake|p1a: Rayquaza
|-immune|p1a: Rayquaza
|
|-weather|DeltaStream|[upkeep]
|upkeep
|turn|11
|
|t:|1664719732
|move|p1a: Rayquaza|Extreme Speed|p2a: Necrozma
|-damage|p2a: Necrozma|26/100
|move|p2a: Necrozma|Photon Geyser|p1a: Rayquaza
|-damage|p1a: Rayquaza|0 fnt
|faint|p1a: Rayquaza
|-weather|none
|
|upkeep
|
|t:|1664719741
|switch|p1a: Marshadow|Marshadow|100/100
|-damage|p1a: Marshadow|94/100|[from] Stealth Rock
|turn|12
|
|t:|1664719751
|switch|p2a: Arceus|Arceus-Water|99/100
|-damage|p2a: Arceus|88/100|[from] Stealth Rock
|move|p1a: Marshadow|Shadow Sneak|p2a: Arceus
|-damage|p2a: Arceus|72/100
|
|upkeep
|turn|13
|
|t:|1664719764
|switch|p1a: Arceus|Arceus-Electric|88/100
|-damage|p1a: Arceus|76/100|[from] Stealth Rock
|switch|p2a: Necrozma|Necrozma-Ultra, shiny|26/100
|-damage|p2a: Necrozma|14/100|[from] Stealth Rock
|
|upkeep
|turn|14
|
|t:|1664719782
|move|p2a: Necrozma|Stone Edge|p1a: Arceus
|-crit|p1a: Arceus
|-damage|p1a: Arceus|27/100
|move|p1a: Arceus|Judgment|p2a: Necrozma
|-resisted|p2a: Necrozma
|-damage|p2a: Necrozma|0 fnt
|faint|p2a: Necrozma
|
|upkeep
|
|t:|1664719786
|switch|p2a: Arceus|Arceus|100/100
|-damage|p2a: Arceus|88/100|[from] Stealth Rock
|turn|15
|
|t:|1664719794
|switch|p1a: Marshadow|Marshadow|94/100
|-damage|p1a: Marshadow|88/100|[from] Stealth Rock
|move|p2a: Arceus|Extreme Speed|p1a: Marshadow
|-immune|p1a: Marshadow
|
|upkeep
|turn|16
|
|t:|1664719804
|switch|p2a: Arceus|Arceus-Water|72/100
|-damage|p2a: Arceus|60/100|[from] Stealth Rock
|move|p1a: Marshadow|Close Combat|p2a: Arceus
|-damage|p2a: Arceus|28/100
|-unboost|p1a: Marshadow|def|1
|-unboost|p1a: Marshadow|spd|1
|
|upkeep
|turn|17
|
|t:|1664719822
|move|p1a: Marshadow|Close Combat|p2a: Arceus
|-damage|p2a: Arceus|0 fnt
|-unboost|p1a: Marshadow|def|1
|-unboost|p1a: Marshadow|spd|1
|faint|p2a: Arceus
|
|upkeep
|
|t:|1664719833
|switch|p2a: Zygarde|Zygarde, shiny|63/100 tox
|-damage|p2a: Zygarde|57/100 tox|[from] Stealth Rock
|turn|18
|
|t:|1664719843
|switch|p1a: Arceus|Arceus-Electric|27/100
|-damage|p1a: Arceus|15/100|[from] Stealth Rock
|move|p2a: Zygarde|Thousand Arrows|p1a: Arceus
|-supereffective|p1a: Arceus
|-damage|p1a: Arceus|0 fnt
|faint|p1a: Arceus
|
|-damage|p2a: Zygarde|51/100 tox|[from] psn
|upkeep
|
|t:|1664719852
|switch|p1a: Yveltal|Yveltal, shiny|100/100
|-damage|p1a: Yveltal|76/100|[from] Stealth Rock
|-ability|p1a: Yveltal|Dark Aura
|turn|19
|
|t:|1664719866
|switch|p2a: Arceus|Arceus|88/100
|-damage|p2a: Arceus|76/100|[from] Stealth Rock
|-zpower|p1a: Yveltal
|move|p1a: Yveltal|Black Hole Eclipse|p2a: Arceus|[zeffect]
|-damage|p2a: Arceus|0 fnt
|faint|p2a: Arceus
|
|upkeep
|
|t:|1664719873
|switch|p2a: Ditto|Ditto, shiny|100/100
|-damage|p2a: Ditto|88/100|[from] Stealth Rock
|-transform|p2a: Ditto|p1a: Yveltal|[from] ability: Imposter
|-ability|p2a: Ditto|Dark Aura
|turn|20
|l|☆defame TV
|inactive|defame TV disconnected and has a minute to reconnect!
|player|p1|
|j|☆defame TV
|inactive|defame TV reconnected and has 120 seconds left.
|player|p1|defame TV|hilbert-wonderlauncher
|
|t:|1664719918
|move|p2a: Ditto|Toxic|p1a: Yveltal
|-status|p1a: Yveltal|tox
|move|p1a: Yveltal|Toxic|p2a: Ditto
|-status|p2a: Ditto|tox
|
|-damage|p2a: Ditto|82/100 tox|[from] psn
|-damage|p1a: Yveltal|70/100 tox|[from] psn
|upkeep
|turn|21
|
|t:|1664719925
|switch|p2a: Zygarde|Zygarde, shiny|51/100 tox
|-damage|p2a: Zygarde|45/100 tox|[from] Stealth Rock
|move|p1a: Yveltal|Dark Pulse|p2a: Zygarde
|-damage|p2a: Zygarde|15/100 tox
|
|-damage|p1a: Yveltal|57/100 tox|[from] psn
|-damage|p2a: Zygarde|8/100 tox|[from] psn
|-activate|p2a: Zygarde|ability: Power Construct
|detailschange|p2a: Zygarde|Zygarde-Complete, shiny
|-heal|p2a: Zygarde|40/100 tox|[silent]
|upkeep
|turn|22
|
|t:|1664719937
|move|p1a: Yveltal|Dark Pulse|p2a: Zygarde
|-damage|p2a: Zygarde|21/100 tox
|move|p2a: Zygarde|Rest|p2a: Zygarde
|-status|p2a: Zygarde|slp|[from] move: Rest
|-heal|p2a: Zygarde|100/100 slp|[silent]
|-enditem|p2a: Zygarde|Chesto Berry|[eat]
|-curestatus|p2a: Zygarde|slp|[msg]
|
|-damage|p1a: Yveltal|39/100 tox|[from] psn
|upkeep
|turn|23
|
|t:|1664719951
|switch|p2a: Ditto|Ditto, shiny|82/100 tox
|-damage|p2a: Ditto|70/100 tox|[from] Stealth Rock
|-transform|p2a: Ditto|p1a: Yveltal|[from] ability: Imposter
|-ability|p2a: Ditto|Dark Aura
|move|p1a: Yveltal|Toxic|p2a: Ditto
|-fail|p2a: Ditto|tox
|
|-damage|p2a: Ditto|64/100 tox|[from] psn
|-damage|p1a: Yveltal|14/100 tox|[from] psn
|upkeep
|turn|24
|
|t:|1664719967
|move|p2a: Ditto|Dark Pulse|p1a: Yveltal
|-resisted|p1a: Yveltal
|-damage|p1a: Yveltal|0 fnt
|faint|p1a: Yveltal
|
|-damage|p2a: Ditto|52/100 tox|[from] psn
|upkeep
|
|t:|1664719975
|switch|p1a: Regieleki|Regieleki, shiny|100/100
|-damage|p1a: Regieleki|88/100|[from] Stealth Rock
|turn|25
|
|t:|1664719982
|switch|p2a: Zygarde|Zygarde-Complete, shiny|100/100
|-damage|p2a: Zygarde|94/100|[from] Stealth Rock
|-start|p1a: Regieleki|Dynamax|
|-heal|p1a: Regieleki|88/100|[silent]
|move|p1a: Regieleki|Max Strike|p2a: Zygarde
|-damage|p2a: Zygarde|70/100
|-unboost|p2a: Zygarde|spe|1
|-damage|p1a: Regieleki|83/100|[from] item: Life Orb
|
|upkeep
|turn|26
|
|t:|1664719993
|-start|p2a: Zygarde|Dynamax|
|-heal|p2a: Zygarde|70/100|[silent]
|move|p1a: Regieleki|Max Strike|p2a: Zygarde
|-damage|p2a: Zygarde|58/100
|-unboost|p2a: Zygarde|spe|1
|-damage|p1a: Regieleki|78/100|[from] item: Life Orb
|move|p2a: Zygarde|Max Quake|p1a: Regieleki
|-supereffective|p1a: Regieleki
|-damage|p1a: Regieleki|0 fnt
|-boost|p2a: Zygarde|spd|1
|faint|p1a: Regieleki
|
|upkeep
|-message|defame TV forfeited.
|
|win|Whitedevil12345678
|raw|defame TV's rating: 1778 &rarr; <strong>1768</strong><br />(-10 for losing)
|raw|Whitedevil12345678's rating: 1970 &rarr; <strong>1980</strong><br />(+10 for winning)
|l|☆defame TV
