|j|☆TestPheesh
|j|☆Emorawr79
|t:|1652239413
|gametype|singles
|player|p1|TestPheesh|fisherman-gen4|1565
|player|p2|Emorawr79|ghetsis|1798
|teamsize|p1|6
|teamsize|p2|6
|gen|8
|tier|[Gen 8] National Dex AG
|rated|
|rule|HP Percentage Mod: HP is shown in percentages
|rule|Endless Battle Clause: Forcing endless battles is banned
|clearpoke
|poke|p1|Necrozma-Dusk-Mane|
|poke|p1|Urshifu-*, F|
|poke|p1|Giratina-Origin|
|poke|p1|Groudon|
|poke|p1|Calyrex-Ice|
|poke|p1|Arceus-*|
|poke|p2|Calyrex-Shadow|
|poke|p2|Smeargle, M|
|poke|p2|Ditto|
|poke|p2|Zygarde|
|poke|p2|Yveltal|
|poke|p2|Arceus-*|
|teampreview
|c|☆TestPheesh|gl hf
|
|t:|1652239418
|start
|switch|p1a: Urshifu|Urshifu, F|100/100
|switch|p2a: Smeargle|Smeargle, M|100/100
|turn|1
|
|t:|1652239431
|move|p1a: Urshifu|U-turn|p2a: Smeargle
|-enditem|p2a: Smeargle|Focus Sash
|-damage|p2a: Smeargle|1/100
|inactive|Battle timer is ON: inactive players will automatically lose when time's up. (requested by Emorawr79)
|
|t:|1652239434
|switch|p1a: Calyrex|Calyrex-Ice|100/100|[from]move: U-turn
|-ability|p1a: Calyrex|As One
|-ability|p1a: Calyrex|Unnerve
|move|p2a: Smeargle|Spore|p1a: Calyrex
|-activate|p1a: Calyrex|item: Safety Goggles|Spore
|
|-ability|p2a: Smeargle|Moody|boost
|-boost|p2a: Smeargle|spe|2
|-unboost|p2a: Smeargle|atk|1
|upkeep
|turn|2
|
|t:|1652239437
|move|p2a: Smeargle|Sticky Web|p1a: Calyrex
|-sidestart|p1: TestPheesh|move: Sticky Web
|move|p1a: Calyrex|Trick Room|p1a: Calyrex
|-fieldstart|move: Trick Room|[of] p1a: Calyrex
|
|-ability|p2a: Smeargle|Moody|boost
|-boost|p2a: Smeargle|spe|2
|-unboost|p2a: Smeargle|spd|1
|upkeep
|turn|3
|
|t:|1652239441
|move|p1a: Calyrex|Glacial Lance|p2a: Smeargle
|-damage|p2a: Smeargle|0 fnt
|faint|p2a: Smeargle
|-ability|p1a: Calyrex|Chilling Neigh|boost
|-boost|p1a: Calyrex|atk|1
|
|upkeep
|
|t:|1652239443
|switch|p2a: Ditto|Ditto|100/100
|-transform|p2a: Ditto|p1a: Calyrex|[from] ability: Imposter
|turn|4
|
|t:|1652239448
|-start|p1a: Calyrex|Dynamax|
|-heal|p1a: Calyrex|100/100|[silent]
|move|p1a: Calyrex|Max Knuckle|p2a: Ditto
|-damage|p2a: Ditto|50/100
|-boost|p1a: Calyrex|atk|1
|move|p2a: Ditto|Close Combat|p1a: Calyrex
|-damage|p1a: Calyrex|78/100
|-unboost|p2a: Ditto|def|1
|-unboost|p2a: Ditto|spd|1
|
|upkeep
|turn|5
|
|t:|1652239449
|move|p1a: Calyrex|Max Knuckle|p2a: Ditto
|-damage|p2a: Ditto|0 fnt
|-boost|p1a: Calyrex|atk|1
|faint|p2a: Ditto
|-ability|p1a: Calyrex|Chilling Neigh|boost
|-boost|p1a: Calyrex|atk|1
|
|upkeep
|
|t:|1652239454
|switch|p2a: Calyrex|Calyrex-Shadow|100/100
|-ability|p2a: Calyrex|As One
|-ability|p2a: Calyrex|Unnerve
|turn|6
|
|t:|1652239458
|move|p1a: Calyrex|Max Hailstorm|p2a: Calyrex
|-enditem|p2a: Calyrex|Focus Sash
|-damage|p2a: Calyrex|1/100
|-weather|Hail
|move|p2a: Calyrex|Astral Barrage|p1a: Calyrex
|-supereffective|p1a: Calyrex
|-crit|p1a: Calyrex
|-damage|p1a: Calyrex|4/100
|
|-weather|Hail|[upkeep]
|-damage|p2a: Calyrex|0 fnt|[from] Hail
|faint|p2a: Calyrex
|-fieldend|move: Trick Room
|upkeep
|
|t:|1652239470
|switch|p2a: Yveltal|Yveltal|100/100
|-ability|p2a: Yveltal|Dark Aura
|-end|p1a: Calyrex|Dynamax
|-heal|p1a: Calyrex|4/100|[silent]
|turn|7
|
|t:|1652239475
|-start|p2a: Yveltal|Dynamax|
|-heal|p2a: Yveltal|100/100|[silent]
|move|p2a: Yveltal|Max Flare|p1a: Calyrex
|-supereffective|p1a: Calyrex
|-damage|p1a: Calyrex|0 fnt
|-weather|SunnyDay
|faint|p1a: Calyrex
|-damage|p2a: Yveltal|96/100|[from] item: Life Orb
|
|-weather|SunnyDay|[upkeep]
|upkeep
|
|t:|1652239480
|switch|p1a: Arceus|Arceus-Fairy|100/100
|-activate|p1a: Arceus|move: Sticky Web
|-unboost|p1a: Arceus|spe|1
|turn|8
|
|t:|1652239483
|move|p2a: Yveltal|Max Airstream|p1a: Arceus
|-damage|p1a: Arceus|40/100
|-boost|p2a: Yveltal|spe|1
|-damage|p2a: Yveltal|91/100|[from] item: Life Orb
|move|p1a: Arceus|Recover|p1a: Arceus
|-heal|p1a: Arceus|90/100
|
|-weather|SunnyDay|[upkeep]
|upkeep
|turn|9
|
|t:|1652239485
|move|p2a: Yveltal|Max Airstream|p1a: Arceus
|-damage|p1a: Arceus|36/100
|-boost|p2a: Yveltal|spe|1
|-damage|p2a: Yveltal|86/100|[from] item: Life Orb
|move|p1a: Arceus|Recover|p1a: Arceus
|-heal|p1a: Arceus|86/100
|
|-weather|SunnyDay|[upkeep]
|upkeep
|-end|p2a: Yveltal|Dynamax
|-heal|p2a: Yveltal|86/100|[silent]
|turn|10
|
|t:|1652239486
|move|p2a: Yveltal|Taunt|p1a: Arceus
|-start|p1a: Arceus|move: Taunt
|move|p1a: Arceus|Judgment|p2a: Yveltal
|-supereffective|p2a: Yveltal
|-damage|p2a: Yveltal|0 fnt
|faint|p2a: Yveltal
|
|-weather|SunnyDay|[upkeep]
|upkeep
|
|t:|1652239489
|switch|p2a: Arceus|Arceus-Dark|100/100
|turn|11
|
|t:|1652239492
|move|p2a: Arceus|Calm Mind|p2a: Arceus
|-boost|p2a: Arceus|spa|1
|-boost|p2a: Arceus|spd|1
|move|p1a: Arceus|Judgment|p2a: Arceus
|-supereffective|p2a: Arceus
|-damage|p2a: Arceus|54/100
|
|-weather|none
|upkeep
|turn|12
|
|t:|1652239496
|switch|p1a: Urshifu|Urshifu, F|100/100
|-activate|p1a: Urshifu|move: Sticky Web
|-unboost|p1a: Urshifu|spe|1
|move|p2a: Arceus|Calm Mind|p2a: Arceus
|-boost|p2a: Arceus|spa|1
|-boost|p2a: Arceus|spd|1
|
|upkeep
|turn|13
|
|t:|1652239498
|move|p2a: Arceus|Recover|p2a: Arceus
|-heal|p2a: Arceus|100/100
|move|p1a: Urshifu|Close Combat|p2a: Arceus
|-supereffective|p2a: Arceus
|-damage|p2a: Arceus|5/100
|-unboost|p1a: Urshifu|def|1
|-unboost|p1a: Urshifu|spd|1
|
|upkeep
|turn|14
|
|t:|1652239501
|move|p2a: Arceus|Recover|p2a: Arceus
|-heal|p2a: Arceus|55/100
|move|p1a: Urshifu|Close Combat|p2a: Arceus
|-supereffective|p2a: Arceus
|-damage|p2a: Arceus|0 fnt
|-unboost|p1a: Urshifu|def|1
|-unboost|p1a: Urshifu|spd|1
|faint|p2a: Arceus
|
|upkeep
|
|t:|1652239503
|switch|p2a: Zygarde|Zygarde|100/100
|turn|15
|
|t:|1652239507
|switch|p1a: Arceus|Arceus-Fairy|86/100
|-activate|p1a: Arceus|move: Sticky Web
|-unboost|p1a: Arceus|spe|1
|move|p2a: Zygarde|Substitute|p2a: Zygarde
|-start|p2a: Zygarde|Substitute
|-damage|p2a: Zygarde|75/100
|
|-heal|p2a: Zygarde|82/100|[from] item: Leftovers
|upkeep
|turn|16
|
|t:|1652239509
|move|p1a: Arceus|Judgment|p2a: Zygarde
|-supereffective|p2a: Zygarde
|-end|p2a: Zygarde|Substitute
|move|p2a: Zygarde|Glare|p1a: Arceus
|-status|p1a: Arceus|par
|
|-heal|p2a: Zygarde|88/100|[from] item: Leftovers
|upkeep
|turn|17
|
|t:|1652239511
|move|p2a: Zygarde|Substitute|p2a: Zygarde
|-start|p2a: Zygarde|Substitute
|-damage|p2a: Zygarde|63/100
|move|p1a: Arceus|Toxic||[still]
|-fail|p1a: Arceus
|
|-heal|p2a: Zygarde|69/100|[from] item: Leftovers
|upkeep
|turn|18
|
|t:|1652239513
|move|p2a: Zygarde|Coil|p2a: Zygarde
|-boost|p2a: Zygarde|atk|1
|-boost|p2a: Zygarde|def|1
|-boost|p2a: Zygarde|accuracy|1
|move|p1a: Arceus|Judgment|p2a: Zygarde
|-supereffective|p2a: Zygarde
|-end|p2a: Zygarde|Substitute
|
|-heal|p2a: Zygarde|75/100|[from] item: Leftovers
|upkeep
|turn|19
|
|t:|1652239519
|move|p2a: Zygarde|Substitute|p2a: Zygarde
|-start|p2a: Zygarde|Substitute
|-damage|p2a: Zygarde|50/100
|move|p1a: Arceus|Judgment|p2a: Zygarde
|-supereffective|p2a: Zygarde
|-end|p2a: Zygarde|Substitute
|
|-heal|p2a: Zygarde|56/100|[from] item: Leftovers
|upkeep
|turn|20
|
|t:|1652239525
|move|p2a: Zygarde|Substitute|p2a: Zygarde
|-start|p2a: Zygarde|Substitute
|-damage|p2a: Zygarde|31/100
|move|p1a: Arceus|Judgment|p2a: Zygarde
|-supereffective|p2a: Zygarde
|-end|p2a: Zygarde|Substitute
|
|-heal|p2a: Zygarde|38/100|[from] item: Leftovers
|-activate|p2a: Zygarde|ability: Power Construct
|detailschange|p2a: Zygarde|Zygarde-Complete
|-heal|p2a: Zygarde|59/100|[silent]
|upkeep
|turn|21
|
|t:|1652239528
|move|p2a: Zygarde|Substitute|p2a: Zygarde
|-start|p2a: Zygarde|Substitute
|-damage|p2a: Zygarde|34/100
|move|p1a: Arceus|Judgment|p2a: Zygarde
|-supereffective|p2a: Zygarde
|-crit|p2a: Zygarde
|-end|p2a: Zygarde|Substitute
|
|-heal|p2a: Zygarde|40/100|[from] item: Leftovers
|upkeep
|turn|22
|
|t:|1652239530
|move|p2a: Zygarde|Substitute|p2a: Zygarde
|-start|p2a: Zygarde|Substitute
|-damage|p2a: Zygarde|15/100
|cant|p1a: Arceus|par
|
|-heal|p2a: Zygarde|21/100|[from] item: Leftovers
|upkeep
|turn|23
|
|t:|1652239532
|move|p2a: Zygarde|Coil|p2a: Zygarde
|-boost|p2a: Zygarde|atk|1
|-boost|p2a: Zygarde|def|1
|-boost|p2a: Zygarde|accuracy|1
|move|p1a: Arceus|Judgment|p2a: Zygarde
|-supereffective|p2a: Zygarde
|-end|p2a: Zygarde|Substitute
|
|-heal|p2a: Zygarde|27/100|[from] item: Leftovers
|upkeep
|turn|24
|
|t:|1652239535
|move|p2a: Zygarde|Substitute|p2a: Zygarde
|-start|p2a: Zygarde|Substitute
|-damage|p2a: Zygarde|2/100
|move|p1a: Arceus|Judgment|p2a: Zygarde
|-supereffective|p2a: Zygarde
|-end|p2a: Zygarde|Substitute
|
|-heal|p2a: Zygarde|9/100|[from] item: Leftovers
|upkeep
|turn|25
|
|t:|1652239536
|move|p2a: Zygarde|Coil|p2a: Zygarde
|-boost|p2a: Zygarde|atk|1
|-boost|p2a: Zygarde|def|1
|-boost|p2a: Zygarde|accuracy|1
|cant|p1a: Arceus|par
|
|-heal|p2a: Zygarde|15/100|[from] item: Leftovers
|upkeep
|turn|26
|
|t:|1652239538
|move|p2a: Zygarde|Coil|p2a: Zygarde
|-boost|p2a: Zygarde|atk|1
|-boost|p2a: Zygarde|def|1
|-boost|p2a: Zygarde|accuracy|1
|move|p1a: Arceus|Judgment|p2a: Zygarde
|-supereffective|p2a: Zygarde
|-damage|p2a: Zygarde|0 fnt
|faint|p2a: Zygarde
|
|win|TestPheesh
|raw|TestPheesh's rating: 1565 &rarr; <strong>1597</strong><br />(+32 for winning)
|raw|Emorawr79's rating: 1798 &rarr; <strong>1766</strong><br />(-32 for losing)
|c|☆TestPheesh|...
|c|☆TestPheesh|ic
|c|☆TestPheesh|good game
|c|☆Emorawr79|There was no chance lol
|c|☆Emorawr79|Ggs!
|l|☆Emorawr79
||Ladder isn't responding, score probably updated but might not have (Request timeout).
