|j|☆soviet glonk
|j|☆Poderrerer
|t:|1636384894
|gametype|singles
|player|p1|soviet glonk|ghetsis|1783
|player|p2|Poderrerer|102|1809
|teamsize|p1|6
|teamsize|p2|6
|gen|8
|tier|[Gen 8] National Dex AG
|rated|
|rule|HP Percentage Mod: HP is shown in percentages
|rule|Endless Battle Clause: Forcing endless battles is banned
|clearpoke
|poke|p1|Marshadow|
|poke|p1|Zacian-*|
|poke|p1|Yveltal|
|poke|p1|Necrozma-Dusk-Mane|
|poke|p1|Arceus-*|
|poke|p1|Arceus-*|
|poke|p2|Calyrex-Shadow|
|poke|p2|Tyranitar, F|
|poke|p2|Arceus-*|
|poke|p2|Nihilego|
|poke|p2|Kartana|
|poke|p2|Rayquaza|
|teampreview
|inactive|Battle timer is ON: inactive players will automatically lose when time's up. (requested by soviet glonk)
|j| NoLackluster
|
|t:|1636384905
|start
|switch|p1a: Arceus|Arceus-Ground|100/100
|switch|p2a: Tyranitar|Tyranitar, F|100/100
|-weather|Sandstorm|[from] ability: Sand Stream|[of] p2a: Tyranitar
|turn|1
|
|t:|1636384911
|switch|p2a: Arceus|Arceus-Ground|100/100
|move|p1a: Arceus|Judgment|p2a: Arceus
|-damage|p2a: Arceus|70/100
|
|-weather|Sandstorm|[upkeep]
|upkeep
|turn|2
|
|t:|1636384923
|move|p2a: Arceus|Stealth Rock|p1a: Arceus
|-sidestart|p1: soviet glonk|move: Stealth Rock
|move|p1a: Arceus|Judgment|p2a: Arceus
|-damage|p2a: Arceus|39/100
|
|-weather|Sandstorm|[upkeep]
|upkeep
|turn|3
|
|t:|1636384934
|move|p2a: Arceus|Recover|p2a: Arceus
|-heal|p2a: Arceus|89/100
|move|p1a: Arceus|Defog|p2a: Arceus
|-unboost|p2a: Arceus|evasion|1
|-sideend|p1: soviet glonk|Stealth Rock|[from] move: Defog|[of] p1a: Arceus
|
|-weather|Sandstorm|[upkeep]
|upkeep
|turn|4
|
|t:|1636384947
|switch|p1a: Arceus|Arceus-Dark|100/100
|move|p2a: Arceus|Judgment|p1a: Arceus
|-damage|p1a: Arceus|75/100
|
|-weather|Sandstorm|[upkeep]
|-damage|p1a: Arceus|68/100|[from] Sandstorm
|upkeep
|turn|5
|
|t:|1636384952
|move|p2a: Arceus|Stealth Rock|p1a: Arceus
|-sidestart|p1: soviet glonk|move: Stealth Rock
|move|p1a: Arceus|Recover|p1a: Arceus
|-heal|p1a: Arceus|100/100
|
|-weather|none
|upkeep
|turn|6
|
|t:|1636384956
|switch|p2a: Nihilego|Nihilego|100/100
|move|p1a: Arceus|Calm Mind|p1a: Arceus
|-boost|p1a: Arceus|spa|1
|-boost|p1a: Arceus|spd|1
|
|upkeep
|turn|7
|
|t:|1636384961
|move|p1a: Arceus|Calm Mind|p1a: Arceus
|-boost|p1a: Arceus|spa|1
|-boost|p1a: Arceus|spd|1
|move|p2a: Nihilego|Clear Smog|p1a: Arceus
|-damage|p1a: Arceus|95/100
|-clearboost|p1a: Arceus
|
|upkeep
|turn|8
|
|t:|1636384966
|switch|p1a: Arceus|Arceus-Ground|100/100
|-damage|p1a: Arceus|94/100|[from] Stealth Rock
|move|p2a: Nihilego|Acid Spray|p1a: Arceus
|-resisted|p1a: Arceus
|-damage|p1a: Arceus|88/100
|-unboost|p1a: Arceus|spd|2
|
|upkeep
|turn|9
|
|t:|1636384977
|switch|p2a: Calyrex|Calyrex-Shadow|100/100
|-ability|p2a: Calyrex|As One
|-ability|p2a: Calyrex|Unnerve
|move|p1a: Arceus|Judgment|p2a: Calyrex
|-damage|p2a: Calyrex|48/100
|
|upkeep
|turn|10
|
|t:|1636384981
|switch|p1a: Arceus|Arceus-Dark|95/100
|-damage|p1a: Arceus|82/100|[from] Stealth Rock
|move|p2a: Calyrex|Draining Kiss|p1a: Arceus
|-supereffective|p1a: Arceus
|-damage|p1a: Arceus|46/100
|-heal|p2a: Calyrex|83/100|[from] drain|[of] p1a: Arceus
|
|upkeep
|turn|11
|
|t:|1636385000
|switch|p2a: Nihilego|Nihilego|100/100
|move|p1a: Arceus|Recover|p1a: Arceus
|-heal|p1a: Arceus|96/100
|
|upkeep
|turn|12
|
|t:|1636385006
|move|p1a: Arceus|Judgment|p2a: Nihilego
|-damage|p2a: Nihilego|76/100
|move|p2a: Nihilego|Psywave|p1a: Arceus
|-immune|p1a: Arceus
|
|-heal|p2a: Nihilego|82/100|[from] item: Black Sludge
|upkeep
|turn|13
|
|t:|1636385026
|move|p1a: Arceus|Calm Mind|p1a: Arceus
|-boost|p1a: Arceus|spa|1
|-boost|p1a: Arceus|spd|1
|move|p2a: Nihilego|Acid Spray|p1a: Arceus
|-damage|p1a: Arceus|90/100
|-unboost|p1a: Arceus|spd|2
|
|-heal|p2a: Nihilego|89/100|[from] item: Black Sludge
|upkeep
|turn|14
|
|t:|1636385041
|move|p1a: Arceus|Judgment|p2a: Nihilego
|-damage|p2a: Nihilego|53/100
|move|p2a: Nihilego|Acid Spray|p1a: Arceus
|-damage|p1a: Arceus|75/100
|-unboost|p1a: Arceus|spd|2
|
|-heal|p2a: Nihilego|59/100|[from] item: Black Sludge
|upkeep
|turn|15
|
|t:|1636385051
|switch|p1a: Arceus|Arceus-Ground|88/100
|-damage|p1a: Arceus|82/100|[from] Stealth Rock
|move|p2a: Nihilego|Pain Split|p1a: Arceus
|-sethp|p1a: Arceus|69/100|[from] move: Pain Split|[silent]
|-sethp|p2a: Nihilego|73/100|[from] move: Pain Split
|
|-heal|p2a: Nihilego|79/100|[from] item: Black Sludge
|upkeep
|turn|16
|
|t:|1636385059
|switch|p2a: Arceus|Arceus-Ground|89/100
|move|p1a: Arceus|Recover|p1a: Arceus
|-heal|p1a: Arceus|100/100
|
|upkeep
|turn|17
|
|t:|1636385067
|move|p2a: Arceus|Judgment|p1a: Arceus
|-damage|p1a: Arceus|66/100
|move|p1a: Arceus|Defog|p2a: Arceus
|-unboost|p2a: Arceus|evasion|1
|-sideend|p1: soviet glonk|Stealth Rock|[from] move: Defog|[of] p1a: Arceus
|
|upkeep
|turn|18
|
|t:|1636385072
|move|p2a: Arceus|Stealth Rock|p1a: Arceus
|-sidestart|p1: soviet glonk|move: Stealth Rock
|move|p1a: Arceus|Recover|p1a: Arceus
|-heal|p1a: Arceus|100/100
|
|upkeep
|turn|19
|
|t:|1636385079
|move|p2a: Arceus|Ice Beam|p1a: Arceus
|-supereffective|p1a: Arceus
|-damage|p1a: Arceus|70/100
|move|p1a: Arceus|Ice Beam|p2a: Arceus
|-supereffective|p2a: Arceus
|-damage|p2a: Arceus|60/100
|
|upkeep
|turn|20
|
|t:|1636385098
|switch|p2a: Calyrex|Calyrex-Shadow|83/100
|-ability|p2a: Calyrex|As One
|-ability|p2a: Calyrex|Unnerve
|switch|p1a: Arceus|Arceus-Dark|75/100
|-damage|p1a: Arceus|63/100|[from] Stealth Rock
|
|upkeep
|turn|21
|
|t:|1636385104
|switch|p2a: Rayquaza|Rayquaza|100/100
|-ability|p2a: Rayquaza|Air Lock
|move|p1a: Arceus|Recover|p1a: Arceus
|-heal|p1a: Arceus|100/100
|
|upkeep
|turn|22
|
|t:|1636385110
|detailschange|p2a: Rayquaza|Rayquaza-Mega
|-mega|p2a: Rayquaza|Rayquaza|
|-weather|DeltaStream|[from] ability: Delta Stream|[of] p2a: Rayquaza
|move|p2a: Rayquaza|Dragon Ascent|p1a: Arceus
|-damage|p1a: Arceus|21/100
|-unboost|p2a: Rayquaza|def|1
|-unboost|p2a: Rayquaza|spd|1
|move|p1a: Arceus|Judgment|p2a: Rayquaza
|-damage|p2a: Rayquaza|32/100
|
|-weather|DeltaStream|[upkeep]
|upkeep
|turn|23
|
|t:|1636385130
|switch|p1a: Necrozma|Necrozma-Dusk-Mane|100/100
|-damage|p1a: Necrozma|94/100|[from] Stealth Rock
|move|p2a: Rayquaza|Dragon Ascent|p1a: Necrozma
|-resisted|p1a: Necrozma
|-damage|p1a: Necrozma|58/100
|-unboost|p2a: Rayquaza|def|1
|-unboost|p2a: Rayquaza|spd|1
|-damage|p2a: Rayquaza|16/100|[from] item: Rocky Helmet|[of] p1a: Necrozma
|
|-weather|DeltaStream|[upkeep]
|upkeep
|turn|24
|
|t:|1636385143
|move|p2a: Rayquaza|Dragon Ascent|p1a: Necrozma
|-resisted|p1a: Necrozma
|-damage|p1a: Necrozma|23/100
|-unboost|p2a: Rayquaza|def|1
|-unboost|p2a: Rayquaza|spd|1
|-damage|p2a: Rayquaza|0 fnt|[from] item: Rocky Helmet|[of] p1a: Necrozma
|faint|p2a: Rayquaza
|-weather|none
|move|p1a: Necrozma|Morning Sun|p1a: Necrozma
|-heal|p1a: Necrozma|73/100
|
|upkeep
|
|t:|1636385145
|switch|p2a: Calyrex|Calyrex-Shadow|83/100
|-ability|p2a: Calyrex|As One
|-ability|p2a: Calyrex|Unnerve
|turn|25
|
|t:|1636385173
|switch|p1a: Arceus|Arceus-Dark|21/100
|-damage|p1a: Arceus|8/100|[from] Stealth Rock
|move|p2a: Calyrex|Astral Barrage|p1a: Arceus
|-resisted|p1a: Arceus
|-damage|p1a: Arceus|0 fnt
|faint|p1a: Arceus
|-ability|p2a: Calyrex|Grim Neigh|boost
|-boost|p2a: Calyrex|spa|1
|
|upkeep
|
|t:|1636385177
|switch|p1a: Marshadow|Marshadow|100/100
|-damage|p1a: Marshadow|94/100|[from] Stealth Rock
|turn|26
|
|t:|1636385186
|-activate|p2a: Calyrex|move: Pursuit
|move|p1a: Marshadow|Pursuit|p2a: Calyrex|[from]Pursuit
|-supereffective|p2a: Calyrex
|-damage|p2a: Calyrex|0 fnt
|faint|p2a: Calyrex
|-hint|A Pokemon can't switch between when it runs out of HP and when it faints
|
|upkeep
|
|t:|1636385191
|switch|p2a: Arceus|Arceus-Ground|60/100
|turn|27
|
|t:|1636385195
|switch|p1a: Arceus|Arceus-Ground|70/100
|-damage|p1a: Arceus|64/100|[from] Stealth Rock
|move|p2a: Arceus|Recover|p2a: Arceus
|-heal|p2a: Arceus|100/100
|
|upkeep
|turn|28
|
|t:|1636385197
|switch|p2a: Kartana|Kartana|100/100
|move|p1a: Arceus|Defog|p2a: Kartana
|-unboost|p2a: Kartana|evasion|1
|-sideend|p1: soviet glonk|Stealth Rock|[from] move: Defog|[of] p1a: Arceus
|
|upkeep
|turn|29
|
|t:|1636385204
|switch|p1a: Necrozma|Necrozma-Dusk-Mane|73/100
|move|p2a: Kartana|Leaf Blade|p1a: Necrozma
|-resisted|p1a: Necrozma
|-damage|p1a: Necrozma|58/100
|-damage|p2a: Kartana|84/100|[from] item: Rocky Helmet|[of] p1a: Necrozma
|
|upkeep
|turn|30
|
|t:|1636385215
|switch|p2a: Arceus|Arceus-Ground|100/100
|move|p1a: Necrozma|Morning Sun|p1a: Necrozma
|-heal|p1a: Necrozma|100/100
|
|upkeep
|turn|31
|
|t:|1636385226
|switch|p1a: Yveltal|Yveltal|100/100
|-ability|p1a: Yveltal|Dark Aura
|move|p2a: Arceus|Judgment|p1a: Yveltal
|-immune|p1a: Yveltal
|
|upkeep
|turn|32
|
|t:|1636385231
|move|p2a: Arceus|Stealth Rock|p1a: Yveltal
|-sidestart|p1: soviet glonk|move: Stealth Rock
|move|p1a: Yveltal|Oblivion Wing|p2a: Arceus
|-damage|p2a: Arceus|62/100
|-damage|p1a: Yveltal|91/100|[from] item: Life Orb
|
|upkeep
|turn|33
|
|t:|1636385245
|move|p2a: Arceus|Recover|p2a: Arceus
|-heal|p2a: Arceus|100/100
|move|p1a: Yveltal|Oblivion Wing|p2a: Arceus
|-damage|p2a: Arceus|58/100
|-heal|p1a: Yveltal|100/100|[from] drain|[of] p2a: Arceus
|-damage|p1a: Yveltal|91/100|[from] item: Life Orb
|
|upkeep
|turn|34
|
|t:|1636385252
|switch|p2a: Nihilego|Nihilego|79/100
|move|p1a: Yveltal|Taunt|p2a: Nihilego
|-start|p2a: Nihilego|move: Taunt
|
|-heal|p2a: Nihilego|85/100|[from] item: Black Sludge
|upkeep
|turn|35
|
|t:|1636385280
|move|p1a: Yveltal|Dark Pulse|p2a: Nihilego
|-damage|p2a: Nihilego|48/100
|-damage|p1a: Yveltal|81/100|[from] item: Life Orb
|move|p2a: Nihilego|Acid Spray|p1a: Yveltal
|-damage|p1a: Yveltal|65/100
|-unboost|p1a: Yveltal|spd|2
|
|-heal|p2a: Nihilego|54/100|[from] item: Black Sludge
|upkeep
|turn|36
|
|t:|1636385291
|switch|p1a: Zacian|Zacian-Crowned|100/100
|-damage|p1a: Zacian|94/100|[from] Stealth Rock
|-ability|p1a: Zacian|Intrepid Sword|boost
|-boost|p1a: Zacian|atk|1
|move|p2a: Nihilego|Acid Spray|p1a: Zacian
|-immune|p1a: Zacian
|
|-heal|p2a: Nihilego|60/100|[from] item: Black Sludge
|-end|p2a: Nihilego|move: Taunt
|upkeep
|turn|37
|
|t:|1636385298
|move|p1a: Zacian|Close Combat|p2a: Nihilego
|-damage|p2a: Nihilego|0 fnt
|-unboost|p1a: Zacian|def|1
|-unboost|p1a: Zacian|spd|1
|faint|p2a: Nihilego
|
|upkeep
|
|t:|1636385301
|switch|p2a: Arceus|Arceus-Ground|58/100
|turn|38
|
|t:|1636385310
|switch|p1a: Arceus|Arceus-Ground|64/100
|-damage|p1a: Arceus|58/100|[from] Stealth Rock
|move|p2a: Arceus|Judgment|p1a: Arceus
|-damage|p1a: Arceus|25/100
|
|upkeep
|turn|39
|
|t:|1636385314
|move|p2a: Arceus|Ice Beam|p1a: Arceus
|-supereffective|p1a: Arceus
|-damage|p1a: Arceus|0 fnt
|faint|p1a: Arceus
|
|upkeep
|
|t:|1636385330
|switch|p1a: Marshadow|Marshadow|94/100
|-damage|p1a: Marshadow|88/100|[from] Stealth Rock
|turn|40
|
|t:|1636385333
|move|p1a: Marshadow|Close Combat|p2a: Arceus
|-damage|p2a: Arceus|1/100
|-unboost|p1a: Marshadow|def|1
|-unboost|p1a: Marshadow|spd|1
|move|p2a: Arceus|Recover|p2a: Arceus
|-heal|p2a: Arceus|51/100
|
|upkeep
|turn|41
|
|t:|1636385346
|switch|p2a: Tyranitar|Tyranitar, F|100/100
|-weather|Sandstorm|[from] ability: Sand Stream|[of] p2a: Tyranitar
|move|p1a: Marshadow|Close Combat|p2a: Tyranitar
|-supereffective|p2a: Tyranitar
|-damage|p2a: Tyranitar|0 fnt
|-unboost|p1a: Marshadow|def|1
|-unboost|p1a: Marshadow|spd|1
|faint|p2a: Tyranitar
|
|-weather|Sandstorm|[upkeep]
|-damage|p1a: Marshadow|82/100|[from] Sandstorm
|upkeep
|
|t:|1636385348
|switch|p2a: Kartana|Kartana|84/100
|turn|42
|
|t:|1636385359
|switch|p1a: Necrozma|Necrozma-Dusk-Mane|100/100
|-damage|p1a: Necrozma|94/100|[from] Stealth Rock
|-start|p2a: Kartana|Dynamax
|-heal|p2a: Kartana|84/100|[silent]
|move|p2a: Kartana|Max Knuckle|p1a: Necrozma
|-damage|p1a: Necrozma|74/100
|-boost|p2a: Kartana|atk|1
|
|-weather|Sandstorm|[upkeep]
|upkeep
|turn|43
|
|t:|1636385366
|move|p2a: Kartana|Max Steelspike|p1a: Necrozma
|-resisted|p1a: Necrozma
|-damage|p1a: Necrozma|43/100
|-boost|p2a: Kartana|def|1
|move|p1a: Necrozma|Morning Sun|p1a: Necrozma
|-heal|p1a: Necrozma|68/100
|
|-weather|Sandstorm|[upkeep]
|upkeep
|turn|44
|
|t:|1636385371
|move|p2a: Kartana|Max Knuckle|p1a: Necrozma
|-damage|p1a: Necrozma|37/100
|-boost|p2a: Kartana|atk|1
|move|p1a: Necrozma|Morning Sun|p1a: Necrozma
|-heal|p1a: Necrozma|62/100
|
|-weather|Sandstorm|[upkeep]
|-end|p2a: Kartana|Dynamax
|-heal|p2a: Kartana|84/100|[silent]
|upkeep
|turn|45
|
|t:|1636385384
|move|p2a: Kartana|Smart Strike|p1a: Necrozma
|-resisted|p1a: Necrozma
|-damage|p1a: Necrozma|36/100
|-damage|p2a: Kartana|67/100|[from] item: Rocky Helmet|[of] p1a: Necrozma
|move|p1a: Necrozma|Morning Sun|p1a: Necrozma
|-heal|p1a: Necrozma|61/100
|
|-weather|none
|upkeep
|turn|46
|
|t:|1636385392
|move|p2a: Kartana|Smart Strike|p1a: Necrozma
|-resisted|p1a: Necrozma
|-damage|p1a: Necrozma|34/100
|-damage|p2a: Kartana|51/100|[from] item: Rocky Helmet|[of] p1a: Necrozma
|move|p1a: Necrozma|Morning Sun|p1a: Necrozma
|-heal|p1a: Necrozma|84/100
|
|upkeep
|turn|47
|
|t:|1636385402
|move|p2a: Kartana|Smart Strike|p1a: Necrozma
|-resisted|p1a: Necrozma
|-damage|p1a: Necrozma|59/100
|-damage|p2a: Kartana|34/100|[from] item: Rocky Helmet|[of] p1a: Necrozma
|move|p1a: Necrozma|Sunsteel Strike|p2a: Kartana
|-resisted|p2a: Kartana
|-damage|p2a: Kartana|18/100
|
|upkeep
|turn|48
|-message|Poderrerer forfeited.
|
|win|soviet glonk
|raw|soviet glonk's rating: 1783 &rarr; <strong>1805</strong><br />(+22 for winning)
|raw|Poderrerer's rating: 1822 &rarr; <strong>1800</strong><br />(-22 for losing)
|l|☆Poderrerer
||Ladder isn't responding, score probably updated but might not have (Request timeout).
