|j|☆Deiblack16
|j|☆zamazamaZentest
|t:|1667682767
|gametype|singles
|player|p1|Deiblack16|102|1685
|player|p2|zamazamaZentest|102|1745
|teamsize|p1|6
|teamsize|p2|6
|gen|8
|tier|[Gen 8] National Dex AG
|rated|
|rule|HP Percentage Mod: HP is shown in percentages
|rule|Endless Battle Clause: Forcing endless battles is banned
|clearpoke
|poke|p1|Zacian-*|
|poke|p1|Calyrex-Shadow|
|poke|p1|Groudon|
|poke|p1|Zygarde|
|poke|p1|Klefki, F|
|poke|p1|Yveltal|
|poke|p2|Necrozma-Dusk-Mane|
|poke|p2|Ho-Oh|
|poke|p2|Zygarde|
|poke|p2|Tyranitar, F|
|poke|p2|Zamazenta-*|
|poke|p2|Ferrothorn, M|
|teampreview
|inactive|Battle timer is ON: inactive players will automatically lose when time's up. (requested by Deiblack16)
|
|t:|1667682785
|start
|switch|p1a: Zygarde|Zygarde|100/100
|switch|p2a: Ho-Oh|Ho-Oh|100/100
|turn|1
|
|t:|1667682795
|move|p1a: Zygarde|Glare|p2a: Ho-Oh
|-status|p2a: Ho-Oh|par
|cant|p2a: Ho-Oh|par
|
|upkeep
|turn|2
|
|t:|1667682800
|switch|p1a: Groudon|Groudon, shiny|100/100
|detailschange|p1a: Groudon|Groudon-Primal, shiny
|-primal|p1a: Groudon
|-weather|DesolateLand|[from] ability: Desolate Land|[of] p1a: Groudon
|move|p2a: Ho-Oh|Toxic|p1a: Groudon
|-status|p1a: Groudon|tox
|
|-weather|DesolateLand|[upkeep]
|-damage|p1a: Groudon|94/100 tox|[from] psn
|upkeep
|turn|3
|
|t:|1667682810
|switch|p2a: Zygarde|Zygarde|100/100
|move|p1a: Groudon|Stealth Rock|p2a: Zygarde
|-sidestart|p2: zamazamaZentest|move: Stealth Rock
|
|-weather|DesolateLand|[upkeep]
|-damage|p1a: Groudon|82/100 tox|[from] psn
|upkeep
|turn|4
|
|t:|1667682815
|-weather|none
|switch|p1a: Zacian|Zacian-Crowned, shiny|100/100
|-ability|p1a: Zacian|Intrepid Sword|boost
|-boost|p1a: Zacian|atk|1
|move|p2a: Zygarde|Thousand Arrows|p1a: Zacian
|-supereffective|p1a: Zacian
|-damage|p1a: Zacian|41/100
|
|upkeep
|turn|5
|
|t:|1667682827
|switch|p2a: Ho-Oh|Ho-Oh|100/100 par
|move|p1a: Zacian|Play Rough|p2a: Ho-Oh
|-resisted|p2a: Ho-Oh
|-damage|p2a: Ho-Oh|73/100 par
|
|upkeep
|turn|6
|
|t:|1667682835
|switch|p2a: Necrozma|Necrozma-Dusk-Mane|100/100
|-damage|p2a: Necrozma|94/100|[from] Stealth Rock
|move|p1a: Zacian|Wild Charge|p2a: Necrozma
|-damage|p2a: Necrozma|64/100
|-damage|p1a: Zacian|25/100|[from] item: Rocky Helmet|[of] p2a: Necrozma
|-damage|p1a: Zacian|15/100|[from] Recoil
|
|upkeep
|turn|7
|
|t:|1667682846
|switch|p1a: Zygarde|Zygarde|100/100
|move|p2a: Necrozma|Moonlight|p2a: Necrozma
|-heal|p2a: Necrozma|100/100
|
|upkeep
|turn|8
|
|t:|1667682850
|switch|p2a: Ho-Oh|Ho-Oh|100/100 par
|move|p1a: Zygarde|Dragon Dance|p1a: Zygarde
|-boost|p1a: Zygarde|atk|1
|-boost|p1a: Zygarde|spe|1
|
|upkeep
|turn|9
|
|t:|1667682855
|move|p1a: Zygarde|Dragon Dance|p1a: Zygarde
|-boost|p1a: Zygarde|atk|1
|-boost|p1a: Zygarde|spe|1
|cant|p2a: Ho-Oh|par
|
|upkeep
|turn|10
|
|t:|1667682861
|move|p1a: Zygarde|Thousand Arrows|p2a: Ho-Oh
|-damage|p2a: Ho-Oh|51/100 par
|-start|p2a: Ho-Oh|Smack Down
|move|p2a: Ho-Oh|Whirlwind|p1a: Zygarde
|drag|p1a: Groudon|Groudon-Primal, shiny|82/100 tox
|-weather|DesolateLand|[from] ability: Desolate Land|[of] p1a: Groudon
|
|-weather|DesolateLand|[upkeep]
|-damage|p1a: Groudon|76/100 tox|[from] psn
|upkeep
|turn|11
|
|t:|1667682873
|switch|p2a: Zygarde|Zygarde|100/100
|-damage|p2a: Zygarde|94/100|[from] Stealth Rock
|move|p1a: Groudon|Earthquake|p2a: Zygarde
|-damage|p2a: Zygarde|60/100
|
|-weather|DesolateLand|[upkeep]
|-heal|p2a: Zygarde|66/100|[from] item: Leftovers
|-damage|p1a: Groudon|64/100 tox|[from] psn
|upkeep
|turn|12
|
|t:|1667682880
|-weather|none
|switch|p1a: Zygarde|Zygarde|100/100
|move|p2a: Zygarde|Thousand Arrows|p1a: Zygarde
|-damage|p1a: Zygarde|74/100
|
|-heal|p2a: Zygarde|72/100|[from] item: Leftovers
|upkeep
|turn|13
|
|t:|1667682887
|switch|p2a: Ho-Oh|Ho-Oh|85/100 par
|move|p1a: Zygarde|Glare|p2a: Ho-Oh
|-fail|p2a: Ho-Oh|par
|
|upkeep
|turn|14
|
|t:|1667682892
|move|p1a: Zygarde|Dragon Dance|p1a: Zygarde
|-boost|p1a: Zygarde|atk|1
|-boost|p1a: Zygarde|spe|1
|move|p2a: Ho-Oh|Toxic|p1a: Zygarde
|-status|p1a: Zygarde|tox
|
|-damage|p1a: Zygarde|67/100 tox|[from] psn
|upkeep
|turn|15
|
|t:|1667682904
|move|p1a: Zygarde|Thousand Arrows|p2a: Ho-Oh
|-damage|p2a: Ho-Oh|48/100 par
|-start|p2a: Ho-Oh|Smack Down
|move|p2a: Ho-Oh|Defog|p1a: Zygarde
|-unboost|p1a: Zygarde|evasion|1
|-sideend|p2: zamazamaZentest|Stealth Rock|[from] move: Defog|[of] p2a: Ho-Oh
|
|-damage|p1a: Zygarde|55/100 tox|[from] psn
|upkeep
|turn|16
|
|t:|1667682910
|switch|p2a: Zygarde|Zygarde|72/100
|-start|p1a: Zygarde|Dynamax|
|-heal|p1a: Zygarde|55/100 tox|[silent]
|move|p1a: Zygarde|Max Quake|p2a: Zygarde
|-damage|p2a: Zygarde|26/100
|-boost|p1a: Zygarde|spd|1
|
|-heal|p2a: Zygarde|32/100|[from] item: Leftovers
|-damage|p1a: Zygarde|46/100 tox|[from] psn
|-activate|p1a: Zygarde|ability: Power Construct
|detailschange|p1a: Zygarde|Zygarde-Complete
|-heal|p1a: Zygarde|66/100 tox|[silent]
|-activate|p2a: Zygarde|ability: Power Construct
|detailschange|p2a: Zygarde|Zygarde-Complete
|-heal|p2a: Zygarde|56/100|[silent]
|upkeep
|turn|17
|
|t:|1667682935
|switch|p2a: Ferrothorn|Ferrothorn, M|100/100
|move|p1a: Zygarde|Max Quake|p2a: Ferrothorn
|-damage|p2a: Ferrothorn|40/100
|-boost|p1a: Zygarde|spd|1
|
|-heal|p2a: Ferrothorn|46/100|[from] item: Leftovers
|-damage|p1a: Zygarde|54/100 tox|[from] psn
|upkeep
|turn|18
|
|t:|1667682946
|switch|p2a: Ho-Oh|Ho-Oh|81/100 par
|move|p1a: Zygarde|Max Quake|p2a: Ho-Oh
|-immune|p2a: Ho-Oh
|
|-damage|p1a: Zygarde|39/100 tox|[from] psn
|upkeep
|-end|p1a: Zygarde|Dynamax
|-heal|p1a: Zygarde|39/100 tox|[silent]
|turn|19
|inactive|zamazamaZentest has 120 seconds left.
|
|t:|1667682966
|move|p1a: Zygarde|Rest|p1a: Zygarde
|-status|p1a: Zygarde|slp|[from] move: Rest
|-heal|p1a: Zygarde|100/100 slp|[silent]
|-enditem|p1a: Zygarde|Chesto Berry|[eat]
|-curestatus|p1a: Zygarde|slp|[msg]
|move|p2a: Ho-Oh|Sacred Fire|p1a: Zygarde
|-resisted|p1a: Zygarde
|-damage|p1a: Zygarde|90/100
|
|upkeep
|turn|20
|
|t:|1667682972
|move|p1a: Zygarde|Thousand Arrows|p2a: Ho-Oh
|-damage|p2a: Ho-Oh|39/100 par
|-start|p2a: Ho-Oh|Smack Down
|move|p2a: Ho-Oh|Whirlwind|p1a: Zygarde
|drag|p1a: Yveltal|Yveltal|100/100
|-ability|p1a: Yveltal|Dark Aura
|
|upkeep
|turn|21
|
|t:|1667682982
|switch|p2a: Tyranitar|Tyranitar, F|100/100
|-weather|Sandstorm|[from] ability: Sand Stream|[of] p2a: Tyranitar
|move|p1a: Yveltal|Dark Pulse|p2a: Tyranitar
|-resisted|p2a: Tyranitar
|-damage|p2a: Tyranitar|90/100
|
|-weather|Sandstorm|[upkeep]
|-damage|p1a: Yveltal|94/100|[from] Sandstorm
|upkeep
|turn|22
|
|t:|1667682994
|switch|p1a: Groudon|Groudon-Primal, shiny|64/100 tox
|-weather|DesolateLand|[from] ability: Desolate Land|[of] p1a: Groudon
|switch|p2a: Zygarde|Zygarde-Complete|56/100
|
|-weather|DesolateLand|[upkeep]
|-heal|p2a: Zygarde|62/100|[from] item: Leftovers
|-damage|p1a: Groudon|57/100 tox|[from] psn
|upkeep
|turn|23
|
|t:|1667683002
|move|p1a: Groudon|Stealth Rock|p2a: Zygarde
|-sidestart|p2: zamazamaZentest|move: Stealth Rock
|move|p2a: Zygarde|Thousand Arrows|p1a: Groudon
|-supereffective|p1a: Groudon
|-damage|p1a: Groudon|13/100 tox
|
|-weather|DesolateLand|[upkeep]
|-heal|p2a: Zygarde|68/100|[from] item: Leftovers
|-damage|p1a: Groudon|0 fnt|[from] psn
|faint|p1a: Groudon
|-weather|none
|upkeep
|
|t:|1667683006
|switch|p1a: Zacian|Zacian-Crowned, shiny|15/100
|-ability|p1a: Zacian|Intrepid Sword|boost
|-boost|p1a: Zacian|atk|1
|turn|24
|
|t:|1667683018
|switch|p1a: Zygarde|Zygarde-Complete|90/100
|switch|p2a: Necrozma|Necrozma-Dusk-Mane|100/100
|-damage|p2a: Necrozma|94/100|[from] Stealth Rock
|
|upkeep
|turn|25
|
|t:|1667683026
|switch|p2a: Ho-Oh|Ho-Oh|73/100 par
|move|p1a: Zygarde|Dragon Dance|p1a: Zygarde
|-boost|p1a: Zygarde|atk|1
|-boost|p1a: Zygarde|spe|1
|
|upkeep
|turn|26
|
|t:|1667683031
|move|p1a: Zygarde|Thousand Arrows|p2a: Ho-Oh
|-damage|p2a: Ho-Oh|33/100 par
|-start|p2a: Ho-Oh|Smack Down
|cant|p2a: Ho-Oh|par
|
|upkeep
|turn|27
|
|t:|1667683038
|switch|p2a: Zygarde|Zygarde-Complete|68/100
|-damage|p2a: Zygarde|62/100|[from] Stealth Rock
|move|p1a: Zygarde|Thousand Arrows|p2a: Zygarde
|-damage|p2a: Zygarde|39/100
|
|-heal|p2a: Zygarde|46/100|[from] item: Leftovers
|upkeep
|turn|28
|
|t:|1667683046
|move|p1a: Zygarde|Glare|p2a: Zygarde
|-status|p2a: Zygarde|par
|move|p2a: Zygarde|Glare|p1a: Zygarde
|-status|p1a: Zygarde|par
|
|-heal|p2a: Zygarde|52/100 par|[from] item: Leftovers
|upkeep
|turn|29
|
|t:|1667683052
|move|p1a: Zygarde|Dragon Dance|p1a: Zygarde
|-boost|p1a: Zygarde|atk|1
|-boost|p1a: Zygarde|spe|1
|move|p2a: Zygarde|Haze|p2a: Zygarde
|-clearallboost
|
|-heal|p2a: Zygarde|58/100 par|[from] item: Leftovers
|upkeep
|turn|30
|
|t:|1667683064
|switch|p2a: Ho-Oh|Ho-Oh|66/100 par
|cant|p1a: Zygarde|par
|
|upkeep
|turn|31
|
|t:|1667683069
|move|p1a: Zygarde|Dragon Dance|p1a: Zygarde
|-boost|p1a: Zygarde|atk|1
|-boost|p1a: Zygarde|spe|1
|move|p2a: Ho-Oh|Defog|p1a: Zygarde
|-unboost|p1a: Zygarde|evasion|1
|-sideend|p2: zamazamaZentest|Stealth Rock|[from] move: Defog|[of] p2a: Ho-Oh
|
|upkeep
|turn|32
|
|t:|1667683074
|switch|p2a: Zygarde|Zygarde-Complete|58/100 par
|move|p1a: Zygarde|Dragon Dance|p1a: Zygarde
|-boost|p1a: Zygarde|atk|1
|-boost|p1a: Zygarde|spe|1
|
|-heal|p2a: Zygarde|64/100 par|[from] item: Leftovers
|upkeep
|turn|33
|
|t:|1667683079
|cant|p1a: Zygarde|par
|move|p2a: Zygarde|Haze|p2a: Zygarde
|-clearallboost
|
|-heal|p2a: Zygarde|70/100 par|[from] item: Leftovers
|upkeep
|turn|34
|
|t:|1667683088
|cant|p1a: Zygarde|par
|move|p2a: Zygarde|Thousand Arrows|p1a: Zygarde
|-damage|p1a: Zygarde|73/100 par
|
|-heal|p2a: Zygarde|76/100 par|[from] item: Leftovers
|upkeep
|turn|35
|
|t:|1667683099
|move|p1a: Zygarde|Rest|p1a: Zygarde
|-status|p1a: Zygarde|slp|[from] move: Rest
|-heal|p1a: Zygarde|100/100 slp|[silent]
|move|p2a: Zygarde|Thousand Arrows|p1a: Zygarde
|-damage|p1a: Zygarde|86/100 slp
|
|-heal|p2a: Zygarde|82/100 par|[from] item: Leftovers
|upkeep
|turn|36
|
|t:|1667683107
|switch|p2a: Ferrothorn|Ferrothorn, M|46/100
|cant|p1a: Zygarde|slp
|
|-heal|p2a: Ferrothorn|52/100|[from] item: Leftovers
|upkeep
|turn|37
|
|t:|1667683113
|cant|p1a: Zygarde|slp
|move|p2a: Ferrothorn|Leech Seed|p1a: Zygarde
|-start|p1a: Zygarde|move: Leech Seed
|
|-heal|p2a: Ferrothorn|58/100|[from] item: Leftovers
|-damage|p1a: Zygarde|73/100 slp|[from] Leech Seed|[of] p2a: Ferrothorn
|-heal|p2a: Ferrothorn|79/100|[silent]
|upkeep
|turn|38
|
|t:|1667683120
|switch|p2a: Zygarde|Zygarde-Complete|82/100 par
|-curestatus|p1a: Zygarde|slp|[msg]
|move|p1a: Zygarde|Dragon Dance|p1a: Zygarde
|-boost|p1a: Zygarde|atk|1
|-boost|p1a: Zygarde|spe|1
|
|-heal|p2a: Zygarde|89/100 par|[from] item: Leftovers
|-damage|p1a: Zygarde|61/100|[from] Leech Seed|[of] p2a: Zygarde
|-heal|p2a: Zygarde|99/100 par|[silent]
|upkeep
|turn|39
|
|t:|1667683126
|switch|p1a: Klefki|Klefki, F|100/100
|move|p2a: Zygarde|Haze|p2a: Zygarde
|-clearallboost
|
|-heal|p2a: Zygarde|100/100 par|[from] item: Leftovers
|upkeep
|turn|40
|
|t:|1667683130
|switch|p2a: Ho-Oh|Ho-Oh|99/100 par
|move|p1a: Klefki|Reflect|p1a: Klefki
|-sidestart|p1: Deiblack16|Reflect
|
|upkeep
|turn|41
|
|t:|1667683135
|switch|p1a: Yveltal|Yveltal|94/100
|-ability|p1a: Yveltal|Dark Aura
|move|p2a: Ho-Oh|Sacred Fire|p1a: Yveltal
|-damage|p1a: Yveltal|73/100
|
|upkeep
|turn|42
|
|t:|1667683145
|switch|p2a: Tyranitar|Tyranitar, F|90/100
|-weather|Sandstorm|[from] ability: Sand Stream|[of] p2a: Tyranitar
|move|p1a: Yveltal|Oblivion Wing|p2a: Tyranitar
|-resisted|p2a: Tyranitar
|-damage|p2a: Tyranitar|81/100
|-heal|p1a: Yveltal|80/100|[from] drain|[of] p2a: Tyranitar
|
|-weather|Sandstorm|[upkeep]
|-damage|p1a: Yveltal|74/100|[from] Sandstorm
|upkeep
|turn|43
|
|t:|1667683154
|switch|p1a: Zygarde|Zygarde-Complete|61/100
|detailschange|p2a: Tyranitar|Tyranitar-Mega, F
|-mega|p2a: Tyranitar|Tyranitar|Tyranitarite
|move|p2a: Tyranitar|Rock Tomb|p1a: Zygarde
|-resisted|p1a: Zygarde
|-damage|p1a: Zygarde|57/100
|-unboost|p1a: Zygarde|spe|1
|
|-weather|Sandstorm|[upkeep]
|upkeep
|turn|44
|
|t:|1667683165
|switch|p2a: Ho-Oh|Ho-Oh|100/100 par
|move|p1a: Zygarde|Glare|p2a: Ho-Oh
|-fail|p2a: Ho-Oh|par
|
|-weather|Sandstorm|[upkeep]
|-damage|p2a: Ho-Oh|94/100 par|[from] Sandstorm
|upkeep
|turn|45
|
|t:|1667683170
|move|p1a: Zygarde|Dragon Dance|p1a: Zygarde
|-boost|p1a: Zygarde|atk|1
|-boost|p1a: Zygarde|spe|1
|cant|p2a: Ho-Oh|par
|
|-weather|Sandstorm|[upkeep]
|-damage|p2a: Ho-Oh|88/100 par|[from] Sandstorm
|upkeep
|turn|46
|
|t:|1667683175
|move|p1a: Zygarde|Dragon Dance|p1a: Zygarde
|-boost|p1a: Zygarde|atk|1
|-boost|p1a: Zygarde|spe|1
|move|p2a: Ho-Oh|Whirlwind|p1a: Zygarde
|drag|p1a: Zacian|Zacian-Crowned, shiny|15/100
|-ability|p1a: Zacian|Intrepid Sword|boost
|-boost|p1a: Zacian|atk|1
|
|-weather|none
|upkeep
|turn|47
|
|t:|1667683185
|switch|p2a: Necrozma|Necrozma-Dusk-Mane|94/100
|move|p1a: Zacian|Wild Charge|p2a: Necrozma
|-damage|p2a: Necrozma|65/100
|-damage|p1a: Zacian|0 fnt|[from] item: Rocky Helmet|[of] p2a: Necrozma
|faint|p1a: Zacian
|
|-sideend|p1: Deiblack16|Reflect
|upkeep
|
|t:|1667683187
|switch|p1a: Calyrex|Calyrex-Shadow|100/100
|-ability|p1a: Calyrex|As One
|-ability|p1a: Calyrex|Unnerve
|turn|48
|
|t:|1667683204
|switch|p1a: Zygarde|Zygarde-Complete|57/100
|switch|p2a: Ho-Oh|Ho-Oh|100/100 par
|
|upkeep
|turn|49
|
|t:|1667683211
|move|p1a: Zygarde|Dragon Dance|p1a: Zygarde
|-boost|p1a: Zygarde|atk|1
|-boost|p1a: Zygarde|spe|1
|move|p2a: Ho-Oh|Toxic|p1a: Zygarde
|-status|p1a: Zygarde|tox
|
|-damage|p1a: Zygarde|51/100 tox|[from] psn
|upkeep
|turn|50
|
|t:|1667683218
|switch|p2a: Zygarde|Zygarde-Complete|100/100 par
|move|p1a: Zygarde|Dragon Dance|p1a: Zygarde
|-boost|p1a: Zygarde|atk|1
|-boost|p1a: Zygarde|spe|1
|
|-damage|p1a: Zygarde|39/100 tox|[from] psn
|upkeep
|turn|51
|
|t:|1667683222
|move|p1a: Zygarde|Rest|p1a: Zygarde
|-status|p1a: Zygarde|slp|[from] move: Rest
|-heal|p1a: Zygarde|100/100 slp|[silent]
|move|p2a: Zygarde|Haze|p2a: Zygarde
|-clearallboost
|
|upkeep
|turn|52
|
|t:|1667683229
|switch|p2a: Ferrothorn|Ferrothorn, M|79/100
|cant|p1a: Zygarde|slp
|
|-heal|p2a: Ferrothorn|85/100|[from] item: Leftovers
|upkeep
|turn|53
|
|t:|1667683234
|switch|p1a: Klefki|Klefki, F|100/100
|move|p2a: Ferrothorn|Leech Seed|p1a: Klefki
|-start|p1a: Klefki|move: Leech Seed
|
|-heal|p2a: Ferrothorn|91/100|[from] item: Leftovers
|-damage|p1a: Klefki|88/100|[from] Leech Seed|[of] p2a: Ferrothorn
|-heal|p2a: Ferrothorn|100/100|[silent]
|upkeep
|turn|54
|
|t:|1667683242
|move|p1a: Klefki|Thunder Wave|p2a: Ferrothorn
|-status|p2a: Ferrothorn|par
|move|p2a: Ferrothorn|Spikes|p1a: Klefki
|-sidestart|p1: Deiblack16|Spikes
|
|-damage|p1a: Klefki|76/100|[from] Leech Seed|[of] p2a: Ferrothorn
|upkeep
|turn|55
|
|t:|1667683248
|switch|p1a: Zygarde|Zygarde-Complete|100/100 slp
|-damage|p1a: Zygarde|88/100 slp|[from] Spikes
|move|p2a: Ferrothorn|Spikes|p1a: Zygarde
|-sidestart|p1: Deiblack16|Spikes
|
|upkeep
|turn|56
|
|t:|1667683254
|switch|p1a: Yveltal|Yveltal|74/100
|-ability|p1a: Yveltal|Dark Aura
|move|p2a: Ferrothorn|Leech Seed|p1a: Yveltal
|-start|p1a: Yveltal|move: Leech Seed
|
|-damage|p1a: Yveltal|62/100|[from] Leech Seed|[of] p2a: Ferrothorn
|upkeep
|turn|57
|
|t:|1667683262
|switch|p2a: Tyranitar|Tyranitar-Mega, F|81/100
|-weather|Sandstorm|[from] ability: Sand Stream|[of] p2a: Tyranitar
|move|p1a: Yveltal|Heat Wave|p2a: Tyranitar
|-resisted|p2a: Tyranitar
|-damage|p2a: Tyranitar|75/100
|-status|p2a: Tyranitar|brn
|
|-weather|Sandstorm|[upkeep]
|-damage|p1a: Yveltal|56/100|[from] Sandstorm
|-damage|p1a: Yveltal|43/100|[from] Leech Seed|[of] p2a: Tyranitar
|-heal|p2a: Tyranitar|87/100 brn|[silent]
|-damage|p2a: Tyranitar|80/100 brn|[from] brn
|upkeep
|turn|58
|
|t:|1667683279
|switch|p1a: Zygarde|Zygarde-Complete|88/100 slp
|-damage|p1a: Zygarde|72/100 slp|[from] Spikes
|move|p2a: Tyranitar|Rock Tomb|p1a: Zygarde
|-resisted|p1a: Zygarde
|-damage|p1a: Zygarde|67/100 slp
|-unboost|p1a: Zygarde|spe|1
|
|-weather|Sandstorm|[upkeep]
|-damage|p2a: Tyranitar|74/100 brn|[from] brn
|upkeep
|turn|59
|
|t:|1667683287
|switch|p2a: Ho-Oh|Ho-Oh|100/100 par
|cant|p1a: Zygarde|slp
|
|-weather|Sandstorm|[upkeep]
|-damage|p2a: Ho-Oh|94/100 par|[from] Sandstorm
|upkeep
|turn|60
|
|t:|1667683292
|-curestatus|p1a: Zygarde|slp|[msg]
|move|p1a: Zygarde|Dragon Dance|p1a: Zygarde
|-boost|p1a: Zygarde|atk|1
|-boost|p1a: Zygarde|spe|1
|cant|p2a: Ho-Oh|par
|
|-weather|Sandstorm|[upkeep]
|-damage|p2a: Ho-Oh|88/100 par|[from] Sandstorm
|upkeep
|turn|61
|
|t:|1667683299
|move|p1a: Zygarde|Thousand Arrows|p2a: Ho-Oh
|-damage|p2a: Ho-Oh|50/100 par
|-start|p2a: Ho-Oh|Smack Down
|move|p2a: Ho-Oh|Whirlwind|p1a: Zygarde
|drag|p1a: Klefki|Klefki, F|76/100
|-damage|p1a: Klefki|59/100|[from] Spikes
|
|-weather|none
|upkeep
|turn|62
|
|t:|1667683313
|switch|p2a: Zygarde|Zygarde-Complete|100/100 par
|move|p1a: Klefki|Defog|p2a: Zygarde
|-unboost|p2a: Zygarde|evasion|1
|-sideend|p1: Deiblack16|Spikes|[from] move: Defog|[of] p1a: Klefki
|
|upkeep
|turn|63
|
|t:|1667683321
|switch|p1a: Yveltal|Yveltal|43/100
|-ability|p1a: Yveltal|Dark Aura
|move|p2a: Zygarde|Glare|p1a: Yveltal
|-status|p1a: Yveltal|par
|
|upkeep
|turn|64
|
|t:|1667683329
|switch|p2a: Tyranitar|Tyranitar-Mega, F|74/100 brn
|-weather|Sandstorm|[from] ability: Sand Stream|[of] p2a: Tyranitar
|move|p1a: Yveltal|Dark Pulse|p2a: Tyranitar
|-resisted|p2a: Tyranitar
|-damage|p2a: Tyranitar|63/100 brn
|
|-weather|Sandstorm|[upkeep]
|-damage|p1a: Yveltal|37/100 par|[from] Sandstorm
|-damage|p2a: Tyranitar|57/100 brn|[from] brn
|upkeep
|turn|65
|
|t:|1667683342
|move|p2a: Tyranitar|Rest|p2a: Tyranitar
|-status|p2a: Tyranitar|slp|[from] move: Rest
|-heal|p2a: Tyranitar|100/100 slp|[silent]
|move|p1a: Yveltal|Dark Pulse|p2a: Tyranitar
|-resisted|p2a: Tyranitar
|-damage|p2a: Tyranitar|91/100 slp
|
|-weather|Sandstorm|[upkeep]
|-damage|p1a: Yveltal|31/100 par|[from] Sandstorm
|upkeep
|turn|66
|
|t:|1667683348
|switch|p1a: Zygarde|Zygarde-Complete|67/100
|cant|p2a: Tyranitar|slp
|
|-weather|Sandstorm|[upkeep]
|upkeep
|turn|67
|
|t:|1667683353
|switch|p2a: Zygarde|Zygarde-Complete|100/100 par
|move|p1a: Zygarde|Dragon Dance|p1a: Zygarde
|-boost|p1a: Zygarde|atk|1
|-boost|p1a: Zygarde|spe|1
|
|-weather|Sandstorm|[upkeep]
|upkeep
|turn|68
|
|t:|1667683360
|move|p1a: Zygarde|Dragon Dance|p1a: Zygarde
|-boost|p1a: Zygarde|atk|1
|-boost|p1a: Zygarde|spe|1
|move|p2a: Zygarde|Haze|p2a: Zygarde
|-clearallboost
|
|-weather|none
|upkeep
|turn|69
|
|t:|1667683365
|move|p1a: Zygarde|Dragon Dance|p1a: Zygarde
|-boost|p1a: Zygarde|atk|1
|-boost|p1a: Zygarde|spe|1
|move|p2a: Zygarde|Glare|p1a: Zygarde
|-status|p1a: Zygarde|par
|
|upkeep
|turn|70
|
|t:|1667683370
|move|p1a: Zygarde|Dragon Dance|p1a: Zygarde
|-boost|p1a: Zygarde|atk|1
|-boost|p1a: Zygarde|spe|1
|move|p2a: Zygarde|Haze|p2a: Zygarde
|-clearallboost
|
|upkeep
|turn|71
|
|t:|1667683375
|move|p1a: Zygarde|Dragon Dance|p1a: Zygarde
|-boost|p1a: Zygarde|atk|1
|-boost|p1a: Zygarde|spe|1
|move|p2a: Zygarde|Thousand Arrows|p1a: Zygarde
|-damage|p1a: Zygarde|51/100 par
|
|upkeep
|turn|72
|
|t:|1667683382
|move|p1a: Zygarde|Dragon Dance|p1a: Zygarde
|-boost|p1a: Zygarde|atk|1
|-boost|p1a: Zygarde|spe|1
|cant|p2a: Zygarde|par
|
|upkeep
|turn|73
|
|t:|1667683387
|move|p1a: Zygarde|Thousand Arrows|p2a: Zygarde
|-damage|p2a: Zygarde|73/100 par
|cant|p2a: Zygarde|par
|
|-heal|p2a: Zygarde|80/100 par|[from] item: Leftovers
|upkeep
|turn|74
|
|t:|1667683392
|cant|p1a: Zygarde|par
|cant|p2a: Zygarde|par
|
|-heal|p2a: Zygarde|86/100 par|[from] item: Leftovers
|upkeep
|turn|75
|
|t:|1667683396
|move|p1a: Zygarde|Rest|p1a: Zygarde
|-status|p1a: Zygarde|slp|[from] move: Rest
|-heal|p1a: Zygarde|100/100 slp|[silent]
|move|p2a: Zygarde|Haze|p2a: Zygarde
|-clearallboost
|
|-heal|p2a: Zygarde|92/100 par|[from] item: Leftovers
|upkeep
|turn|76
|
|t:|1667683404
|switch|p2a: Ferrothorn|Ferrothorn, M|100/100 par
|cant|p1a: Zygarde|slp
|
|upkeep
|turn|77
|
|t:|1667683410
|switch|p1a: Yveltal|Yveltal|31/100 par
|-ability|p1a: Yveltal|Dark Aura
|move|p2a: Ferrothorn|Leech Seed|p1a: Yveltal
|-start|p1a: Yveltal|move: Leech Seed
|
|-damage|p1a: Yveltal|19/100 par|[from] Leech Seed|[of] p2a: Ferrothorn
|upkeep
|turn|78
|
|t:|1667683418
|switch|p2a: Tyranitar|Tyranitar-Mega, F|91/100 slp
|-weather|Sandstorm|[from] ability: Sand Stream|[of] p2a: Tyranitar
|move|p1a: Yveltal|Oblivion Wing|p2a: Tyranitar
|-resisted|p2a: Tyranitar
|-damage|p2a: Tyranitar|83/100 slp
|-heal|p1a: Yveltal|25/100 par|[from] drain|[of] p2a: Tyranitar
|
|-weather|Sandstorm|[upkeep]
|-damage|p1a: Yveltal|19/100 par|[from] Sandstorm
|-damage|p1a: Yveltal|6/100 par|[from] Leech Seed|[of] p2a: Tyranitar
|-heal|p2a: Tyranitar|95/100 slp|[silent]
|upkeep
|turn|79
|
|t:|1667683435
|-activate|p1a: Yveltal|move: Pursuit
|cant|p2a: Tyranitar|slp
|switch|p1a: Zygarde|Zygarde-Complete|100/100 slp
|
|-weather|Sandstorm|[upkeep]
|upkeep
|turn|80
|
|t:|1667683446
|switch|p2a: Ho-Oh|Ho-Oh|83/100 par
|cant|p1a: Zygarde|slp
|
|-weather|Sandstorm|[upkeep]
|-damage|p2a: Ho-Oh|77/100 par|[from] Sandstorm
|upkeep
|turn|81
|
|t:|1667683451
|-curestatus|p1a: Zygarde|slp|[msg]
|move|p1a: Zygarde|Dragon Dance|p1a: Zygarde
|-boost|p1a: Zygarde|atk|1
|-boost|p1a: Zygarde|spe|1
|move|p2a: Ho-Oh|Toxic|p1a: Zygarde
|-status|p1a: Zygarde|tox
|
|-weather|Sandstorm|[upkeep]
|-damage|p2a: Ho-Oh|71/100 par|[from] Sandstorm
|-damage|p1a: Zygarde|94/100 tox|[from] psn
|upkeep
|turn|82
|
|t:|1667683459
|move|p1a: Zygarde|Dragon Dance|p1a: Zygarde
|-boost|p1a: Zygarde|atk|1
|-boost|p1a: Zygarde|spe|1
|move|p2a: Ho-Oh|Whirlwind|p1a: Zygarde
|drag|p1a: Calyrex|Calyrex-Shadow|100/100
|-ability|p1a: Calyrex|As One
|-ability|p1a: Calyrex|Unnerve
|
|-weather|none
|upkeep
|turn|83
|
|t:|1667683470
|move|p1a: Calyrex|Astral Barrage|p2a: Ho-Oh
|-damage|p2a: Ho-Oh|31/100 par
|cant|p2a: Ho-Oh|par
|
|upkeep
|turn|84
|
|t:|1667683477
|switch|p2a: Tyranitar|Tyranitar-Mega, F|95/100 slp
|-weather|Sandstorm|[from] ability: Sand Stream|[of] p2a: Tyranitar
|move|p1a: Calyrex|Astral Barrage|p2a: Tyranitar
|-resisted|p2a: Tyranitar
|-crit|p2a: Tyranitar
|-damage|p2a: Tyranitar|73/100 slp
|
|-weather|Sandstorm|[upkeep]
|-damage|p1a: Calyrex|94/100|[from] Sandstorm
|upkeep
|turn|85
|
|t:|1667683483
|-activate|p1a: Calyrex|move: Pursuit
|-curestatus|p2a: Tyranitar|slp|[msg]
|move|p2a: Tyranitar|Pursuit|p1a: Calyrex|[from]Pursuit
|-supereffective|p1a: Calyrex
|-damage|p1a: Calyrex|0 fnt
|faint|p1a: Calyrex
|-hint|A Pokemon can't switch between when it runs out of HP and when it faints
|
|-weather|Sandstorm|[upkeep]
|upkeep
|
|t:|1667683486
|switch|p1a: Zygarde|Zygarde-Complete|94/100 tox
|turn|86
|
|t:|1667683497
|switch|p2a: Zygarde|Zygarde-Complete|92/100 par
|move|p1a: Zygarde|Dragon Dance|p1a: Zygarde
|-boost|p1a: Zygarde|atk|1
|-boost|p1a: Zygarde|spe|1
|
|-weather|Sandstorm|[upkeep]
|-heal|p2a: Zygarde|98/100 par|[from] item: Leftovers
|-damage|p1a: Zygarde|88/100 tox|[from] psn
|upkeep
|turn|87
|
|t:|1667683502
|move|p1a: Zygarde|Dragon Dance|p1a: Zygarde
|-boost|p1a: Zygarde|atk|1
|-boost|p1a: Zygarde|spe|1
|cant|p2a: Zygarde|par
|
|-weather|Sandstorm|[upkeep]
|-heal|p2a: Zygarde|100/100 par|[from] item: Leftovers
|-damage|p1a: Zygarde|76/100 tox|[from] psn
|upkeep
|turn|88
|
|t:|1667683507
|move|p1a: Zygarde|Rest|p1a: Zygarde
|-status|p1a: Zygarde|slp|[from] move: Rest
|-heal|p1a: Zygarde|100/100 slp|[silent]
|cant|p2a: Zygarde|par
|
|-weather|none
|upkeep
|turn|89
|
|t:|1667683512
|cant|p1a: Zygarde|slp
|cant|p2a: Zygarde|par
|
|upkeep
|turn|90
|
|t:|1667683521
|switch|p1a: Yveltal|Yveltal|6/100 par
|-ability|p1a: Yveltal|Dark Aura
|cant|p2a: Zygarde|par
|
|upkeep
|turn|91
|
|t:|1667683530
|switch|p2a: Tyranitar|Tyranitar-Mega, F|73/100
|-weather|Sandstorm|[from] ability: Sand Stream|[of] p2a: Tyranitar
|move|p1a: Yveltal|Dark Pulse|p2a: Tyranitar
|-resisted|p2a: Tyranitar
|-damage|p2a: Tyranitar|63/100
|
|-weather|Sandstorm|[upkeep]
|-damage|p1a: Yveltal|0 fnt|[from] Sandstorm
|faint|p1a: Yveltal
|upkeep
|
|t:|1667683533
|switch|p1a: Zygarde|Zygarde-Complete|100/100 slp
|turn|92
|
|t:|1667683545
|switch|p2a: Ferrothorn|Ferrothorn, M|100/100 par
|cant|p1a: Zygarde|slp
|
|-weather|Sandstorm|[upkeep]
|upkeep
|turn|93
|
|t:|1667683550
|-curestatus|p1a: Zygarde|slp|[msg]
|move|p1a: Zygarde|Dragon Dance|p1a: Zygarde
|-boost|p1a: Zygarde|atk|1
|-boost|p1a: Zygarde|spe|1
|move|p2a: Ferrothorn|Leech Seed|p1a: Zygarde
|-start|p1a: Zygarde|move: Leech Seed
|
|-weather|Sandstorm|[upkeep]
|-damage|p1a: Zygarde|88/100|[from] Leech Seed|[of] p2a: Ferrothorn
|upkeep
|turn|94
|
|t:|1667683559
|switch|p2a: Zygarde|Zygarde-Complete|100/100 par
|move|p1a: Zygarde|Dragon Dance|p1a: Zygarde
|-boost|p1a: Zygarde|atk|1
|-boost|p1a: Zygarde|spe|1
|
|-weather|Sandstorm|[upkeep]
|-damage|p1a: Zygarde|76/100|[from] Leech Seed|[of] p2a: Zygarde
|upkeep
|turn|95
|
|t:|1667683563
|move|p1a: Zygarde|Dragon Dance|p1a: Zygarde
|-boost|p1a: Zygarde|atk|1
|-boost|p1a: Zygarde|spe|1
|move|p2a: Zygarde|Haze|p2a: Zygarde
|-clearallboost
|
|-weather|none
|-damage|p1a: Zygarde|63/100|[from] Leech Seed|[of] p2a: Zygarde
|upkeep
|turn|96
|
|t:|1667683568
|switch|p1a: Klefki|Klefki, F|59/100
|move|p2a: Zygarde|Glare|p1a: Klefki
|-status|p1a: Klefki|par
|
|upkeep
|turn|97
|
|t:|1667683573
|move|p1a: Klefki|Reflect|p1a: Klefki
|-sidestart|p1: Deiblack16|Reflect
|move|p2a: Zygarde|Thousand Arrows|p1a: Klefki
|-supereffective|p1a: Klefki
|-damage|p1a: Klefki|34/100 par
|
|upkeep
|turn|98
|
|t:|1667683579
|switch|p2a: Ferrothorn|Ferrothorn, M|100/100 par
|switch|p1a: Zygarde|Zygarde-Complete|63/100
|
|upkeep
|turn|99
|
|t:|1667683585
|move|p1a: Zygarde|Dragon Dance|p1a: Zygarde
|-boost|p1a: Zygarde|atk|1
|-boost|p1a: Zygarde|spe|1
|move|p2a: Ferrothorn|Leech Seed|p1a: Zygarde|[miss]
|-miss|p2a: Ferrothorn|p1a: Zygarde
|
|upkeep
|turn|100
|
|t:|1667683591
|switch|p2a: Zygarde|Zygarde-Complete|100/100 par
|move|p1a: Zygarde|Dragon Dance|p1a: Zygarde
|-boost|p1a: Zygarde|atk|1
|-boost|p1a: Zygarde|spe|1
|
|upkeep
|turn|101
|
|t:|1667683596
|move|p1a: Zygarde|Dragon Dance|p1a: Zygarde
|-boost|p1a: Zygarde|atk|1
|-boost|p1a: Zygarde|spe|1
|move|p2a: Zygarde|Haze|p2a: Zygarde
|-clearallboost
|
|upkeep
|turn|102
|
|t:|1667683601
|move|p1a: Zygarde|Dragon Dance|p1a: Zygarde
|-boost|p1a: Zygarde|atk|1
|-boost|p1a: Zygarde|spe|1
|cant|p2a: Zygarde|par
|
|upkeep
|turn|103
|
|t:|1667683606
|move|p1a: Zygarde|Rest|p1a: Zygarde
|-status|p1a: Zygarde|slp|[from] move: Rest
|-heal|p1a: Zygarde|100/100 slp|[silent]
|move|p2a: Zygarde|Haze|p2a: Zygarde
|-clearallboost
|
|upkeep
|turn|104
|
|t:|1667683611
|switch|p2a: Ferrothorn|Ferrothorn, M|100/100 par
|cant|p1a: Zygarde|slp
|
|-sideend|p1: Deiblack16|Reflect
|upkeep
|turn|105
|
|t:|1667683616
|switch|p1a: Klefki|Klefki, F|34/100 par
|move|p2a: Ferrothorn|Leech Seed|p1a: Klefki
|-start|p1a: Klefki|move: Leech Seed
|
|-damage|p1a: Klefki|21/100 par|[from] Leech Seed|[of] p2a: Ferrothorn
|upkeep
|turn|106
|
|t:|1667683623
|switch|p1a: Zygarde|Zygarde-Complete|100/100 slp
|cant|p2a: Ferrothorn|par
|
|upkeep
|turn|107
|
|t:|1667683634
|cant|p1a: Zygarde|slp
|move|p2a: Ferrothorn|Spikes|p1a: Zygarde
|-sidestart|p1: Deiblack16|Spikes
|
|upkeep
|turn|108
|
|t:|1667683644
|-curestatus|p1a: Zygarde|slp|[msg]
|move|p1a: Zygarde|Glare|p2a: Ferrothorn
|-fail|p2a: Ferrothorn|par
|move|p2a: Ferrothorn|Leech Seed|p1a: Zygarde
|-start|p1a: Zygarde|move: Leech Seed
|
|-damage|p1a: Zygarde|88/100|[from] Leech Seed|[of] p2a: Ferrothorn
|upkeep
|turn|109
|
|t:|1667683656
|switch|p1a: Klefki|Klefki, F|21/100 par
|-damage|p1a: Klefki|9/100 par|[from] Spikes
|switch|p2a: Zygarde|Zygarde-Complete|100/100 par
|
|upkeep
|turn|110
|
|t:|1667683664
|cant|p1a: Klefki|par
|cant|p2a: Zygarde|par
|
|upkeep
|turn|111
|
|t:|1667683667
|cant|p1a: Klefki|par
|cant|p2a: Zygarde|par
|
|upkeep
|turn|112
|
|t:|1667683671
|move|p1a: Klefki|Reflect|p1a: Klefki
|-sidestart|p1: Deiblack16|Reflect
|move|p2a: Zygarde|Thousand Arrows|p1a: Klefki
|-supereffective|p1a: Klefki
|-damage|p1a: Klefki|0 fnt
|faint|p1a: Klefki
|
|upkeep
|
|t:|1667683673
|switch|p1a: Zygarde|Zygarde-Complete|88/100
|-damage|p1a: Zygarde|76/100|[from] Spikes
|turn|113
|
|t:|1667683681
|move|p1a: Zygarde|Glare|p2a: Zygarde
|-fail|p2a: Zygarde|par
|move|p2a: Zygarde|Glare|p1a: Zygarde
|-status|p1a: Zygarde|par
|
|upkeep
|turn|114
|
|t:|1667683686
|move|p1a: Zygarde|Glare|p2a: Zygarde
|-fail|p2a: Zygarde|par
|cant|p2a: Zygarde|par
|
|upkeep
|turn|115
|
|t:|1667683692
|switch|p2a: Ferrothorn|Ferrothorn, M|100/100 par
|cant|p1a: Zygarde|par
|
|upkeep
|turn|116
|
|t:|1667683696
|move|p1a: Zygarde|Dragon Dance|p1a: Zygarde
|-boost|p1a: Zygarde|atk|1
|-boost|p1a: Zygarde|spe|1
|move|p2a: Ferrothorn|Leech Seed|p1a: Zygarde
|-start|p1a: Zygarde|move: Leech Seed
|
|-damage|p1a: Zygarde|63/100 par|[from] Leech Seed|[of] p2a: Ferrothorn
|upkeep
|turn|117
|
|t:|1667683703
|switch|p2a: Zygarde|Zygarde-Complete|100/100 par
|cant|p1a: Zygarde|par
|
|-damage|p1a: Zygarde|51/100 par|[from] Leech Seed|[of] p2a: Zygarde
|upkeep
|turn|118
|
|t:|1667683707
|cant|p1a: Zygarde|par
|move|p2a: Zygarde|Haze|p2a: Zygarde
|-clearallboost
|
|-damage|p1a: Zygarde|39/100 par|[from] Leech Seed|[of] p2a: Zygarde
|upkeep
|turn|119
|
|t:|1667683715
|switch|p2a: Zamazenta|Zamazenta-Crowned|100/100
|-ability|p2a: Zamazenta|Dauntless Shield|boost
|-boost|p2a: Zamazenta|def|1
|cant|p1a: Zygarde|par
|
|-damage|p1a: Zygarde|26/100 par|[from] Leech Seed|[of] p2a: Zamazenta
|-sideend|p1: Deiblack16|Reflect
|upkeep
|turn|120
|
|t:|1667683724
|move|p2a: Zamazenta|Howl|p2a: Zamazenta
|-boost|p2a: Zamazenta|atk|1
|move|p1a: Zygarde|Rest|p1a: Zygarde
|-status|p1a: Zygarde|slp|[from] move: Rest
|-heal|p1a: Zygarde|100/100 slp|[silent]
|
|-damage|p1a: Zygarde|88/100 slp|[from] Leech Seed|[of] p2a: Zamazenta
|upkeep
|turn|121
|
|t:|1667683729
|move|p2a: Zamazenta|Howl|p2a: Zamazenta
|-boost|p2a: Zamazenta|atk|1
|cant|p1a: Zygarde|slp
|
|-damage|p1a: Zygarde|76/100 slp|[from] Leech Seed|[of] p2a: Zamazenta
|upkeep
|turn|122
|
|t:|1667683733
|move|p2a: Zamazenta|Howl|p2a: Zamazenta
|-boost|p2a: Zamazenta|atk|1
|cant|p1a: Zygarde|slp
|
|-damage|p1a: Zygarde|63/100 slp|[from] Leech Seed|[of] p2a: Zamazenta
|upkeep
|turn|123
|
|t:|1667683738
|move|p2a: Zamazenta|Behemoth Bash|p1a: Zygarde
|-damage|p1a: Zygarde|6/100 slp
|-curestatus|p1a: Zygarde|slp|[msg]
|move|p1a: Zygarde|Glare|p2a: Zamazenta
|-status|p2a: Zamazenta|par
|
|-damage|p1a: Zygarde|0 fnt|[from] Leech Seed|[of] p2a: Zamazenta
|faint|p1a: Zygarde
|
|win|zamazamaZentest
|upkeep
|raw|Deiblack16's rating: 1685 &rarr; <strong>1668</strong><br />(-17 for losing)
|raw|zamazamaZentest's rating: 1745 &rarr; <strong>1762</strong><br />(+17 for winning)
|l|☆Deiblack16
||Ladder isn't responding, score probably updated but might not have (Request timeout).
