|j|☆TimeToPissYouOff
|j|☆llmmllmm
|t:|1662505918
|gametype|singles
|player|p1|TimeToPissYouOff|red|
|player|p2|llmmllmm|2|
|teamsize|p1|6
|teamsize|p2|6
|gen|8
|tier|[Gen 8] National Dex AG
|rule|HP Percentage Mod: HP is shown in percentages
|rule|Endless Battle Clause: Forcing endless battles is banned
|clearpoke
|poke|p1|Tyranitar, M|
|poke|p1|Ditto|
|poke|p1|Latias, F|
|poke|p1|Gothitelle, F|
|poke|p1|Quagsire, M|
|poke|p1|Zacian-*|
|poke|p2|Arceus-*|
|poke|p2|Giratina|
|poke|p2|Chansey, F|
|poke|p2|Lugia|
|poke|p2|Sableye, M|
|poke|p2|Quagsire, F|
|teampreview
|inactive|Battle timer is ON: inactive players will automatically lose when time's up. (requested by TimeToPissYouOff)
|c|☆llmmllmm|i only have this team
|c|☆llmmllmm|wai
|c|☆llmmllmm|t
|c|☆TimeToPissYouOff|L
|c|☆llmmllmm|gothitelle
|c|☆llmmllmm|aaaaaaaaaaaaaaaaaaaaaaaa
|inactive|TimeToPissYouOff has 270 seconds left.
|
|t:|1662505953
|start
|switch|p1a: Zacian|Zacian-Crowned|100/100
|switch|p2a: Sableye|Sableye, M|100/100
|-ability|p1a: Zacian|Intrepid Sword|boost
|-boost|p1a: Zacian|atk|1
|turn|1
|
|t:|1662505960
|switch|p1a: Gothitelle|Gothitelle, F|100/100
|detailschange|p2a: Sableye|Sableye-Mega, M
|-mega|p2a: Sableye|Sableye|Sablenite
|move|p2a: Sableye|Fake Out|p1a: Gothitelle
|-damage|p1a: Gothitelle|94/100
|
|-heal|p1a: Gothitelle|99/100|[from] item: Leftovers
|upkeep
|turn|2
|c|☆TimeToPissYouOff|criss cross
|c|☆llmmllmm|HEHEHEA
|c|☆TimeToPissYouOff|WAIT
|
|t:|1662505973
|move|p1a: Gothitelle|Cosmic Power|p1a: Gothitelle
|-boost|p1a: Gothitelle|def|1
|-boost|p1a: Gothitelle|spd|1
|move|p2a: Sableye|Foul Play|p1a: Gothitelle
|-supereffective|p1a: Gothitelle
|-crit|p1a: Gothitelle
|-damage|p1a: Gothitelle|63/100
|
|-heal|p1a: Gothitelle|69/100|[from] item: Leftovers
|upkeep
|turn|3
|c|☆TimeToPissYouOff|shadow tag doesn't work
|
|t:|1662505979
|switch|p2a: Arceus|Arceus-Dark|100/100
|move|p1a: Gothitelle|Cosmic Power|p1a: Gothitelle
|-boost|p1a: Gothitelle|def|1
|-boost|p1a: Gothitelle|spd|1
|
|-heal|p1a: Gothitelle|75/100|[from] item: Leftovers
|upkeep
|turn|4
|c|☆TimeToPissYouOff|ok now it does
|
|t:|1662505985
|move|p2a: Arceus|Whirlpool|p1a: Gothitelle
|-damage|p1a: Gothitelle|71/100
|-activate|p1a: Gothitelle|move: Whirlpool|[of] p2a: Arceus
|move|p1a: Gothitelle|Taunt|p2a: Arceus
|-start|p2a: Arceus|move: Taunt
|
|-heal|p1a: Gothitelle|77/100|[from] item: Leftovers
|-damage|p1a: Gothitelle|64/100|[from] move: Whirlpool|[partiallytrapped]
|upkeep
|turn|5
|c|☆llmmllmm|bro leave me alone
|
|t:|1662505990
|move|p2a: Arceus|Judgment|p1a: Gothitelle
|-supereffective|p1a: Gothitelle
|-damage|p1a: Gothitelle|19/100
|move|p1a: Gothitelle|Rest|p1a: Gothitelle
|-status|p1a: Gothitelle|slp|[from] move: Rest
|-heal|p1a: Gothitelle|100/100 slp|[silent]
|
|-damage|p1a: Gothitelle|88/100 slp|[from] move: Whirlpool|[partiallytrapped]
|upkeep
|turn|6
|
|t:|1662505997
|move|p2a: Arceus|Judgment|p1a: Gothitelle
|-supereffective|p1a: Gothitelle
|-damage|p1a: Gothitelle|41/100 slp
|cant|p1a: Gothitelle|slp
|
|-heal|p1a: Gothitelle|47/100 slp|[from] item: Leftovers
|-damage|p1a: Gothitelle|35/100 slp|[from] move: Whirlpool|[partiallytrapped]
|upkeep
|turn|7
|c|☆llmmllmm|wait hol up
|c|☆TimeToPissYouOff|wait no
|
|t:|1662506005
|move|p2a: Arceus|Judgment|p1a: Gothitelle
|-supereffective|p1a: Gothitelle
|-crit|p1a: Gothitelle
|-damage|p1a: Gothitelle|0 fnt
|faint|p1a: Gothitelle
|
|-end|p2a: Arceus|move: Taunt
|upkeep
|c|☆llmmllmm|bru
|
|t:|1662506008
|switch|p1a: Zacian|Zacian-Crowned|100/100
|-ability|p1a: Zacian|Intrepid Sword|boost
|-boost|p1a: Zacian|atk|1
|turn|8
|c|☆llmmllmm|kewl
|
|t:|1662506019
|switch|p2a: Quagsire|Quagsire, F|100/100
|move|p1a: Zacian|Play Rough|p2a: Quagsire|[miss]
|-miss|p1a: Zacian|p2a: Quagsire
|
|upkeep
|turn|9
|c|☆llmmllmm|!!!
|
|t:|1662506028
|switch|p1a: Latias|Latias, F|100/100
|move|p2a: Quagsire|Earthquake|p1a: Latias
|-immune|p1a: Latias|[from] ability: Levitate
|
|upkeep
|turn|10
|c|☆TimeToPissYouOff|hate
|
|t:|1662506036
|switch|p2a: Sableye|Sableye-Mega, M|100/100
|detailschange|p1a: Latias|Latias-Mega, F
|-mega|p1a: Latias|Latias|Latiasite
|move|p1a: Latias|Toxic|p2a: Sableye
|move|p2a: Sableye|Toxic|p1a: Latias|[from]ability: Magic Bounce
|-status|p1a: Latias|tox
|
|-damage|p1a: Latias|94/100 tox|[from] psn
|upkeep
|turn|11
|c|☆llmmllmm|i don't rember
|c|☆llmmllmm|ahaha
|
|t:|1662506043
|move|p2a: Sableye|Fake Out|p1a: Latias
|-damage|p1a: Latias|88/100 tox
|cant|p1a: Latias|flinch
|
|-damage|p1a: Latias|76/100 tox|[from] psn
|upkeep
|turn|12
|c|☆TimeToPissYouOff|HATE
|
|t:|1662506051
|switch|p2a: Chansey|Chansey, F|100/100
|move|p1a: Latias|Draco Meteor|p2a: Chansey
|-damage|p2a: Chansey|87/100
|-unboost|p1a: Latias|spa|2
|
|-damage|p1a: Latias|58/100 tox|[from] psn
|upkeep
|turn|13
|c|☆llmmllmm|ez
|c|☆llmmllmm|ez
|
|t:|1662506059
|switch|p1a: Zacian|Zacian-Crowned|100/100
|-ability|p1a: Zacian|Intrepid Sword|boost
|-boost|p1a: Zacian|atk|1
|move|p2a: Chansey|Teleport|p2a: Chansey
|
|t:|1662506065
|switch|p2a: Quagsire|Quagsire, F|100/100|[from]move: Teleport
|
|upkeep
|turn|14
|
|t:|1662506070
|switch|p1a: Latias|Latias-Mega, F|58/100 tox
|move|p2a: Quagsire|Earthquake|p1a: Latias
|-immune|p1a: Latias|[from] ability: Levitate
|
|-damage|p1a: Latias|52/100 tox|[from] psn
|upkeep
|turn|15
|c|☆llmmllmm|ez?
|
|t:|1662506075
|switch|p2a: Sableye|Sableye-Mega, M|100/100
|move|p1a: Latias|Recover|p1a: Latias
|-heal|p1a: Latias|100/100 tox
|
|-damage|p1a: Latias|88/100 tox|[from] psn
|upkeep
|turn|16
|
|t:|1662506081
|switch|p1a: Zacian|Zacian-Crowned|100/100
|-ability|p1a: Zacian|Intrepid Sword|boost
|-boost|p1a: Zacian|atk|1
|move|p2a: Sableye|Fake Out|p1a: Zacian
|-resisted|p1a: Zacian
|-damage|p1a: Zacian|97/100
|
|upkeep
|turn|17
|
|t:|1662506086
|switch|p2a: Quagsire|Quagsire, F|100/100
|move|p1a: Zacian|Play Rough|p2a: Quagsire|[miss]
|-miss|p1a: Zacian|p2a: Quagsire
|
|upkeep
|turn|18
|c|☆TimeToPissYouOff|bruhh
|c|☆llmmllmm|EZ
|
|t:|1662506096
|switch|p1a: Latias|Latias-Mega, F|88/100 tox
|move|p2a: Quagsire|Earthquake|p1a: Latias
|-immune|p1a: Latias|[from] ability: Levitate
|
|-damage|p1a: Latias|82/100 tox|[from] psn
|upkeep
|turn|19
|c|☆TimeToPissYouOff|im quag breaker set
|c|☆TimeToPissYouOff|scammer
|c|☆llmmllmm|hi quag breaker set
|
|t:|1662506115
|switch|p1a: Zacian|Zacian-Crowned|97/100
|-ability|p1a: Zacian|Intrepid Sword|boost
|-boost|p1a: Zacian|atk|1
|switch|p2a: Sableye|Sableye-Mega, M|100/100
|
|upkeep
|turn|20
|
|t:|1662506122
|switch|p2a: Quagsire|Quagsire, F|100/100
|move|p1a: Zacian|Play Rough|p2a: Quagsire
|-damage|p2a: Quagsire|58/100
|-damage|p1a: Zacian|80/100|[from] item: Rocky Helmet|[of] p2a: Quagsire
|
|upkeep
|turn|21
|c|☆llmmllmm|rude child
|
|t:|1662506129
|switch|p1a: Latias|Latias-Mega, F|82/100 tox
|move|p2a: Quagsire|Recover|p2a: Quagsire
|-heal|p2a: Quagsire|100/100
|
|-damage|p1a: Latias|76/100 tox|[from] psn
|upkeep
|turn|22
|
|t:|1662506134
|switch|p2a: Sableye|Sableye-Mega, M|100/100
|move|p1a: Latias|Draco Meteor|p2a: Sableye
|-damage|p2a: Sableye|43/100
|-unboost|p1a: Latias|spa|2
|
|-damage|p1a: Latias|64/100 tox|[from] psn
|upkeep
|turn|23
|c|☆llmmllmm|rude child
|
|t:|1662506141
|switch|p1a: Tyranitar|Tyranitar, M|100/100
|-weather|Sandstorm|[from] ability: Sand Stream|[of] p1a: Tyranitar
|move|p2a: Sableye|Recover|p2a: Sableye
|-heal|p2a: Sableye|93/100
|
|-weather|Sandstorm|[upkeep]
|-damage|p2a: Sableye|87/100|[from] Sandstorm
|upkeep
|turn|24
|
|t:|1662506149
|move|p1a: Tyranitar|Pursuit|p2a: Sableye
|-damage|p2a: Sableye|75/100
|move|p2a: Sableye|Toxic|p1a: Tyranitar
|-status|p1a: Tyranitar|tox
|
|-weather|Sandstorm|[upkeep]
|-damage|p2a: Sableye|69/100|[from] Sandstorm
|-damage|p1a: Tyranitar|94/100 tox|[from] psn
|upkeep
|turn|25
|c|☆llmmllmm|oh
|
|t:|1662506158
|move|p1a: Tyranitar|Rock Blast|p2a: Sableye
|-damage|p2a: Sableye|60/100
|-damage|p2a: Sableye|52/100
|-damage|p2a: Sableye|44/100
|-hitcount|p2a: Sableye|3
|move|p2a: Sableye|Recover|p2a: Sableye
|-heal|p2a: Sableye|94/100
|
|-weather|Sandstorm|[upkeep]
|-damage|p2a: Sableye|88/100|[from] Sandstorm
|-heal|p1a: Tyranitar|100/100 tox|[from] item: Leftovers
|-damage|p1a: Tyranitar|88/100 tox|[from] psn
|upkeep
|turn|26
|
|t:|1662506164
|switch|p1a: Zacian|Zacian-Crowned|80/100
|-ability|p1a: Zacian|Intrepid Sword|boost
|-boost|p1a: Zacian|atk|1
|move|p2a: Sableye|Foul Play|p1a: Zacian
|-resisted|p1a: Zacian
|-damage|p1a: Zacian|32/100
|
|-weather|Sandstorm|[upkeep]
|-damage|p2a: Sableye|81/100|[from] Sandstorm
|upkeep
|turn|27
|c|☆llmmllmm|oh
|c|☆TimeToPissYouOff|weee
|-message|TimeToPissYouOff forfeited.
|
|win|llmmllmm
|c|☆llmmllmm|oh
|l|☆TimeToPissYouOff
