|j|☆thebiggestfatnoob
|j|☆Master kushagra
|inactive|Battle timer is ON: inactive players will automatically lose when time's up.
|t:|1667571688
|gametype|singles
|player|p1|thebiggestfatnoob|steven|
|player|p2|Master kushagra|steven-masters2|
|teamsize|p1|6
|teamsize|p2|6
|gen|8
|tier|[Gen 8] National Dex AG
|rated|Tournament battle
|rule|HP Percentage Mod: HP is shown in percentages
|rule|Endless Battle Clause: Forcing endless battles is banned
|clearpoke
|poke|p1|Calyrex-Shadow|
|poke|p1|Rayquaza|
|poke|p1|Ditto|
|poke|p1|Zacian-*|
|poke|p1|Yveltal|
|poke|p1|Necrozma-Dusk-Mane|
|poke|p2|Arceus-*|
|poke|p2|Zacian-*|
|poke|p2|Rayquaza|
|poke|p2|Yveltal|
|poke|p2|Calyrex-Shadow|
|poke|p2|Necrozma-Dusk-Mane|
|teampreview
|inactive|thebiggestfatnoob also wants the timer to be on.
|j| SteelPhoenix363
|j| excitedly ava
|j| LocalMarshadow
|c| LocalMarshadow|its not stall and i am sad
|j| Hamster schmamster
|j| yomaalt
|c|☆thebiggestfatnoob|Our team is almost the same
|inactive|Master kushagra has 120 seconds left.
|
|t:|1667571721
|start
|switch|p1a: Necrozma|Necrozma-Dusk-Mane|100/100
|switch|p2a: Arceus|Arceus-Ground|100/100
|turn|1
|c| excitedly ava|ditto my beloved
|c|☆Master kushagra|yes
|
|t:|1667571728
|move|p2a: Arceus|Magic Coat|p2a: Arceus
|-singleturn|p2a: Arceus|move: Magic Coat
|move|p1a: Necrozma|Stealth Rock|p2a: Arceus
|move|p2a: Arceus|Stealth Rock|p1a: Necrozma|[from]Magic Coat
|-sidestart|p1: thebiggestfatnoob|move: Stealth Rock
|
|upkeep
|turn|2
|
|t:|1667571734
|-zpower|p2a: Arceus
|move|p2a: Arceus|Tectonic Rage|p1a: Necrozma|[zeffect]
|-supereffective|p1a: Necrozma
|-damage|p1a: Necrozma|0 fnt
|faint|p1a: Necrozma
|
|upkeep
|
|t:|1667571741
|switch|p1a: Rayquaza|Rayquaza|100/100
|-damage|p1a: Rayquaza|76/100|[from] Stealth Rock
|-ability|p1a: Rayquaza|Air Lock
|turn|3
|
|t:|1667571745
|detailschange|p1a: Rayquaza|Rayquaza-Mega
|-mega|p1a: Rayquaza|Rayquaza|
|-weather|DeltaStream|[from] ability: Delta Stream|[of] p1a: Rayquaza
|move|p1a: Rayquaza|Dragon Dance|p1a: Rayquaza
|-boost|p1a: Rayquaza|atk|1
|-boost|p1a: Rayquaza|spe|1
|move|p2a: Arceus|Stone Edge|p1a: Rayquaza
|-activate||deltastream
|-damage|p1a: Rayquaza|41/100
|
|-weather|DeltaStream|[upkeep]
|upkeep
|turn|4
|j| makeWEEDleLegal
|
|t:|1667571757
|move|p1a: Rayquaza|Waterfall|p2a: Arceus
|-supereffective|p2a: Arceus
|-damage|p2a: Arceus|24/100
|move|p2a: Arceus|Stone Edge|p1a: Rayquaza
|-activate||deltastream
|-damage|p1a: Rayquaza|9/100
|
|-weather|DeltaStream|[upkeep]
|upkeep
|turn|5
|
|t:|1667571762
|move|p1a: Rayquaza|Waterfall|p2a: Arceus
|-supereffective|p2a: Arceus
|-damage|p2a: Arceus|0 fnt
|faint|p2a: Arceus
|
|-weather|DeltaStream|[upkeep]
|upkeep
|
|t:|1667571769
|switch|p2a: Rayquaza|Rayquaza|100/100
|-ability|p2a: Rayquaza|Air Lock
|turn|6
|c| yomaalt|rayquaza with recovery when
|
|t:|1667571771
|detailschange|p2a: Rayquaza|Rayquaza-Mega
|-mega|p2a: Rayquaza|Rayquaza|
|move|p1a: Rayquaza|Dragon Ascent|p2a: Rayquaza
|-enditem|p2a: Rayquaza|Focus Sash
|-damage|p2a: Rayquaza|1/100
|-unboost|p1a: Rayquaza|def|1
|-unboost|p1a: Rayquaza|spd|1
|move|p2a: Rayquaza|Dragon Ascent|p1a: Rayquaza
|-damage|p1a: Rayquaza|0 fnt
|-unboost|p2a: Rayquaza|def|1
|-unboost|p2a: Rayquaza|spd|1
|faint|p1a: Rayquaza
|
|-weather|DeltaStream|[upkeep]
|upkeep
|j|+Frozoid@!
|
|t:|1667571779
|switch|p1a: Calyrex|Calyrex-Shadow|100/100
|-ability|p1a: Calyrex|As One
|-ability|p1a: Calyrex|Unnerve
|-damage|p1a: Calyrex|88/100|[from] Stealth Rock
|turn|7
|
|t:|1667571786
|move|p1a: Calyrex|Draining Kiss|p2a: Rayquaza
|-supereffective|p2a: Rayquaza
|-damage|p2a: Rayquaza|0 fnt
|-heal|p1a: Calyrex|88/100|[from] drain|[of] p2a: Rayquaza
|faint|p2a: Rayquaza
|-weather|none
|-ability|p1a: Calyrex|Grim Neigh|boost
|-boost|p1a: Calyrex|spa|1
|
|upkeep
|
|t:|1667571788
|switch|p2a: Yveltal|Yveltal, shiny|100/100
|-ability|p2a: Yveltal|Dark Aura
|turn|8
|
|t:|1667571793
|switch|p1a: Zacian|Zacian-Crowned, shiny|100/100
|-damage|p1a: Zacian|94/100|[from] Stealth Rock
|-ability|p1a: Zacian|Intrepid Sword|boost
|-boost|p1a: Zacian|atk|1
|-start|p2a: Yveltal|Dynamax|
|-heal|p2a: Yveltal|100/100|[silent]
|move|p2a: Yveltal|Max Airstream|p1a: Zacian
|-resisted|p1a: Zacian
|-damage|p1a: Zacian|47/100
|-boost|p2a: Yveltal|spe|1
|-damage|p2a: Yveltal|96/100|[from] item: Life Orb
|
|upkeep
|turn|9
|c| LocalMarshadow|the sanest ray ray users :>
|c| makeWEEDleLegal|marsh i have namelocks stall team next tourney you should use it if u make finals
|
|t:|1667571799
|move|p1a: Zacian|Behemoth Blade|p2a: Yveltal
|-damage|p2a: Yveltal|2/100
|move|p2a: Yveltal|Max Flare|p1a: Zacian
|-supereffective|p1a: Zacian
|-damage|p1a: Zacian|0 fnt
|-weather|SunnyDay
|faint|p1a: Zacian
|-damage|p2a: Yveltal|0 fnt|[from] item: Life Orb
|faint|p2a: Yveltal
|
|-weather|SunnyDay|[upkeep]
|upkeep
|c| LocalMarshadow|:0
|c| LocalMarshadow|oke
|c| yomaalt|the sanest ray users fr
|c|☆thebiggestfatnoob|Thats not max speed
|c| SteelPhoenix363|ppl tear into for running sash mray lmao
|
|t:|1667571822
|switch|p1a: Calyrex|Calyrex-Shadow|88/100
|switch|p2a: Zacian|Zacian-Crowned, shiny|100/100
|-ability|p1a: Calyrex|As One
|-ability|p1a: Calyrex|Unnerve
|-damage|p1a: Calyrex|76/100|[from] Stealth Rock
|-ability|p2a: Zacian|Intrepid Sword|boost
|-boost|p2a: Zacian|atk|1
|turn|10
|c| LocalMarshadow|poor big bird
|c| makeWEEDleLegal|ill send the pokepaste
|c| LocalMarshadow|:(
|
|t:|1667571828
|move|p1a: Calyrex|Astral Barrage|p2a: Zacian
|-damage|p2a: Zacian|34/100
|move|p2a: Zacian|Behemoth Blade|p1a: Calyrex
|-damage|p1a: Calyrex|0 fnt
|faint|p1a: Calyrex
|
|-weather|SunnyDay|[upkeep]
|upkeep
|c| yomaalt|wait
|
|t:|1667571833
|switch|p1a: Ditto|Ditto|100/100
|-damage|p1a: Ditto|88/100|[from] Stealth Rock
|-transform|p1a: Ditto|p2a: Zacian|[from] ability: Imposter
|-ability|p1a: Ditto|Intrepid Sword|boost
|-boost|p1a: Ditto|atk|1
|turn|11
|c| yomaalt|so the caly wasn't sash but the ray was sash
|c| yomaalt|damn
|c| yomaalt|:skull:
|c| LocalMarshadow|ditto
|
|t:|1667571852
|switch|p2a: Necrozma|Necrozma-Dusk-Mane, shiny|100/100
|move|p1a: Ditto|Wild Charge|p2a: Necrozma
|-damage|p2a: Necrozma|51/100
|-damage|p1a: Ditto|71/100|[from] Recoil
|
|-weather|SunnyDay|[upkeep]
|upkeep
|turn|12
|c| LocalMarshadow|ik zacian is a broken mess
|c| LocalMarshadow|but like
|c| LocalMarshadow|can we respect how great its shiny is
|
|t:|1667571861
|move|p1a: Ditto|Wild Charge|p2a: Necrozma
|-damage|p2a: Necrozma|0 fnt
|faint|p2a: Necrozma
|-damage|p1a: Ditto|53/100|[from] Recoil
|
|-weather|SunnyDay|[upkeep]
|upkeep
|
|t:|1667571864
|switch|p2a: Calyrex|Calyrex-Shadow|100/100
|-ability|p2a: Calyrex|As One
|-ability|p2a: Calyrex|Unnerve
|turn|13
|
|t:|1667571870
|switch|p1a: Yveltal|Yveltal|100/100
|-damage|p1a: Yveltal|76/100|[from] Stealth Rock
|-ability|p1a: Yveltal|Dark Aura
|move|p2a: Calyrex|Astral Barrage|p1a: Yveltal
|-resisted|p1a: Yveltal
|-damage|p1a: Yveltal|37/100
|
|-weather|none
|upkeep
|turn|14
|c| yomaalt|zacian looks coo
|c| makeWEEDleLegal|it is a great shiny
|c| yomaalt|cool*
|l| excitedly ava
|c|☆thebiggestfatnoob|ggwp
|c| makeWEEDleLegal|i wish it was more green than blue but it looks phenomanal
|c|☆thebiggestfatnoob|Ig
|c|☆Master kushagra|yep gg
|
|t:|1667571894
|switch|p2a: Zacian|Zacian-Crowned, shiny|34/100
|-ability|p2a: Zacian|Intrepid Sword|boost
|-boost|p2a: Zacian|atk|1
|-start|p1a: Yveltal|Dynamax|
|-heal|p1a: Yveltal|37/100|[silent]
|move|p1a: Yveltal|Max Airstream|p2a: Zacian
|-resisted|p2a: Zacian
|-damage|p2a: Zacian|0 fnt
|-boost|p1a: Yveltal|spe|1
|faint|p2a: Zacian
|-damage|p1a: Yveltal|32/100|[from] item: Life Orb
|
|upkeep
|
|t:|1667571899
|switch|p2a: Calyrex|Calyrex-Shadow|100/100
|-ability|p2a: Calyrex|As One
|-ability|p2a: Calyrex|Unnerve
|turn|15
|
|t:|1667571901
|move|p2a: Calyrex|Astral Barrage|p1a: Yveltal
|-resisted|p1a: Yveltal
|-damage|p1a: Yveltal|13/100
|move|p1a: Yveltal|Max Darkness|p2a: Calyrex
|-supereffective|p2a: Calyrex
|-damage|p2a: Calyrex|0 fnt
|faint|p2a: Calyrex
|-damage|p1a: Yveltal|8/100|[from] item: Life Orb
|
|win|thebiggestfatnoob
|n|☆thebiggestfatnoob|thebiggestfatnoob
|n|☆Master kushagra|masterkushagra
|n| SteelPhoenix363|steelphoenix363
|n| LocalMarshadow|localmarshadow
|n| Hamster schmamster|hamsterschmamster
|n| yomaalt|yomaalt
|n| makeWEEDleLegal|makeweedlelegal
|n| Frozoid@!|frozoid
