|j|☆Celestia74
|j|☆Pr3ssur3
|t:|1663901878
|gametype|singles
|player|p1|Celestia74|skyla|1662
|player|p2|Pr3ssur3|cheren|1929
|teamsize|p1|6
|teamsize|p2|6
|gen|8
|tier|[Gen 8] National Dex AG
|rated|
|rule|HP Percentage Mod: HP is shown in percentages
|rule|Endless Battle Clause: Forcing endless battles is banned
|clearpoke
|poke|p1|Swampert, M|
|poke|p1|Groudon|
|poke|p1|Zacian-*|
|poke|p1|Calyrex-Shadow|
|poke|p1|Yveltal|
|poke|p1|Arceus-*|
|poke|p2|Calyrex-Shadow|
|poke|p2|Necrozma-Dusk-Mane|
|poke|p2|Arceus-*|
|poke|p2|Arceus-*|
|poke|p2|Rayquaza|
|poke|p2|Yveltal|
|teampreview
|inactive|Battle timer is ON: inactive players will automatically lose when time's up. (requested by Celestia74)
|inactive|Pr3ssur3 also wants the timer to be on.
|
|t:|1663901894
|start
|switch|p1a: Sniper|Swampert, M|100/100
|switch|p2a: Rayquaza|Rayquaza|100/100
|-ability|p2a: Rayquaza|Air Lock
|turn|1
|
|t:|1663901898
|detailschange|p2a: Rayquaza|Rayquaza-Mega
|-mega|p2a: Rayquaza|Rayquaza|
|-weather|DeltaStream|[from] ability: Delta Stream|[of] p2a: Rayquaza
|move|p2a: Rayquaza|Dragon Ascent|p1a: Sniper
|-enditem|p1a: Sniper|Focus Sash
|-damage|p1a: Sniper|1/100
|-unboost|p2a: Rayquaza|def|1
|-unboost|p2a: Rayquaza|spd|1
|move|p1a: Sniper|Avalanche|p2a: Rayquaza
|-activate||deltastream
|-supereffective|p2a: Rayquaza
|-damage|p2a: Rayquaza|0 fnt
|faint|p2a: Rayquaza
|-weather|none
|
|upkeep
|
|t:|1663901907
|switch|p2a: Arceus|Arceus-Fairy|100/100
|turn|2
|
|t:|1663901909
|move|p2a: Arceus|Judgment|p1a: Sniper
|-damage|p1a: Sniper|0 fnt
|faint|p1a: Sniper
|
|upkeep
|
|t:|1663901912
|switch|p1a: Zanza the Divine|Zacian-Crowned, shiny|100/100
|-ability|p1a: Zanza the Divine|Intrepid Sword|boost
|-boost|p1a: Zanza the Divine|atk|1
|turn|3
|
|t:|1663901918
|switch|p1a: Yveltal|Yveltal, shiny|100/100
|-ability|p1a: Yveltal|Dark Aura
|switch|p2a: Necrozma|Necrozma-Dusk-Mane|100/100
|
|upkeep
|turn|4
|j| kocklanjiaocibai
|
|t:|1663901937
|switch|p2a: Arceus|Arceus-Dark|100/100
|-start|p1a: Yveltal|Dynamax|
|-heal|p1a: Yveltal|100/100|[silent]
|move|p1a: Yveltal|Max Airstream|p2a: Arceus
|-damage|p2a: Arceus|53/100
|-boost|p1a: Yveltal|spe|1
|
|upkeep
|turn|5
|
|t:|1663901943
|move|p1a: Yveltal|Max Ooze|p2a: Arceus
|-damage|p2a: Arceus|25/100
|-boost|p1a: Yveltal|spa|1
|move|p2a: Arceus|Recover|p2a: Arceus
|-heal|p2a: Arceus|75/100
|
|upkeep
|turn|6
|
|t:|1663901952
|switch|p2a: Necrozma|Necrozma-Dusk-Mane|100/100
|move|p1a: Yveltal|Max Airstream|p2a: Necrozma
|-resisted|p2a: Necrozma
|-damage|p2a: Necrozma|65/100
|-boost|p1a: Yveltal|spe|1
|
|upkeep
|-end|p1a: Yveltal|Dynamax
|-heal|p1a: Yveltal|100/100|[silent]
|turn|7
|
|t:|1663901957
|switch|p2a: Arceus|Arceus-Fairy|100/100
|move|p1a: Yveltal|Dark Pulse|p2a: Arceus
|-resisted|p2a: Arceus
|-damage|p2a: Arceus|74/100
|
|upkeep
|turn|8
|l| kocklanjiaocibai
|
|t:|1663901962
|move|p1a: Yveltal|Oblivion Wing|p2a: Arceus
|-damage|p2a: Arceus|29/100
|move|p2a: Arceus|Recover|p2a: Arceus
|-heal|p2a: Arceus|79/100
|
|upkeep
|turn|9
|
|t:|1663901967
|move|p1a: Yveltal|Oblivion Wing|p2a: Arceus
|-damage|p2a: Arceus|35/100
|move|p2a: Arceus|Judgment|p1a: Yveltal
|-supereffective|p1a: Yveltal
|-damage|p1a: Yveltal|44/100
|
|upkeep
|turn|10
|inactive|Pr3ssur3 has 120 seconds left.
|
|t:|1663902012
|-start|p2a: Arceus|Dynamax|
|-heal|p2a: Arceus|35/100|[silent]
|move|p1a: Yveltal|Oblivion Wing|p2a: Arceus
|-damage|p2a: Arceus|12/100
|-heal|p1a: Yveltal|80/100|[from] drain|[of] p2a: Arceus
|move|p2a: Arceus|Max Starfall|p1a: Yveltal
|-supereffective|p1a: Yveltal
|-damage|p1a: Yveltal|3/100
|-fieldstart|move: Misty Terrain
|
|upkeep
|turn|11
|j| kocklanjiaocibai
|l| kocklanjiaocibai
|
|t:|1663902030
|move|p1a: Yveltal|Oblivion Wing|p2a: Arceus
|-damage|p2a: Arceus|0 fnt
|-heal|p1a: Yveltal|21/100|[from] drain|[of] p2a: Arceus
|faint|p2a: Arceus
|
|upkeep
|
|t:|1663902033
|switch|p2a: Arceus|Arceus-Dark|75/100
|turn|12
|
|t:|1663902035
|move|p1a: Yveltal|Oblivion Wing|p2a: Arceus
|-damage|p2a: Arceus|31/100
|-heal|p1a: Yveltal|53/100|[from] drain|[of] p2a: Arceus
|move|p2a: Arceus|Calm Mind|p2a: Arceus
|-boost|p2a: Arceus|spa|1
|-boost|p2a: Arceus|spd|1
|
|upkeep
|turn|13
|
|t:|1663902042
|move|p1a: Yveltal|Oblivion Wing|p2a: Arceus
|-damage|p2a: Arceus|0 fnt
|-heal|p1a: Yveltal|75/100|[from] drain|[of] p2a: Arceus
|faint|p2a: Arceus
|
|upkeep
|-message|Pr3ssur3 forfeited.
|
|win|Celestia74
|raw|Celestia74's rating: 1662 &rarr; <strong>1694</strong><br />(+32 for winning)
|raw|Pr3ssur3's rating: 1903 &rarr; <strong>1871</strong><br />(-32 for losing)
|l|☆Pr3ssur3
||Ladder isn't responding, score probably updated but might not have (Request timeout).
