|j|☆agdp
|j|☆Dominator296
|t:|1643714752
|gametype|singles
|player|p1|agdp|hilbert|
|player|p2|Dominator296|alder|
|teamsize|p1|6
|teamsize|p2|6
|gen|8
|tier|[Gen 8] National Dex AG
|rule|HP Percentage Mod: HP is shown in percentages
|rule|Endless Battle Clause: Forcing endless battles is banned
|clearpoke
|poke|p1|Giratina-Origin|
|poke|p1|Ditto|
|poke|p1|Yveltal|
|poke|p1|Arceus-*|
|poke|p1|Ninjask, F|
|poke|p1|Groudon|
|poke|p2|Kyogre|
|poke|p2|Groudon|
|poke|p2|Bibarel, M|
|poke|p2|Necrozma-Dusk-Mane|
|poke|p2|Arceus-*|
|poke|p2|Arceus-*|
|teampreview
|
|t:|1643714764
|start
|switch|p1a: Yveltal|Yveltal, shiny|100/100
|switch|p2a: God-Perfect|Bibarel, M|100/100
|-ability|p1a: Yveltal|Dark Aura
|turn|1
|inactive|Battle timer is ON: inactive players will automatically lose when time's up. (requested by agdp)
|
|t:|1643714798
|move|p1a: Yveltal|Taunt|p2a: God-Perfect
|-start|p2a: God-Perfect|move: Taunt
|move|p2a: God-Perfect|Surf|p1a: Yveltal
|-damage|p1a: Yveltal|86/100
|
|-ability|p2a: God-Perfect|Moody|boost
|-boost|p2a: God-Perfect|spe|2
|-unboost|p2a: God-Perfect|atk|1
|upkeep
|turn|2
|inactive|Dominator296 has 270 seconds left.
|l|☆agdp
|inactive|agdp disconnected and has 300 seconds to reconnect!
|player|p1|
|j|☆agdp
|inactive|agdp reconnected.
|player|p1|agdp|hilbert
|
|t:|1643714837
|-start|p2a: God-Perfect|Dynamax
|-heal|p2a: God-Perfect|100/100|[silent]
|move|p2a: God-Perfect|Max Geyser|p1a: Yveltal
|-damage|p1a: Yveltal|63/100
|-weather|RainDance
|move|p1a: Yveltal|Oblivion Wing|p2a: God-Perfect
|-damage|p2a: God-Perfect|63/100
|-heal|p1a: Yveltal|100/100|[from] drain|[of] p2a: God-Perfect
|
|-weather|RainDance|[upkeep]
|-ability|p2a: God-Perfect|Moody|boost
|-boost|p2a: God-Perfect|atk|2
|-unboost|p2a: God-Perfect|def|1
|upkeep
|turn|3
|inactive|Dominator296 has 270 seconds left.
|
|t:|1643714855
|move|p2a: God-Perfect|Max Strike|p1a: Yveltal
|-damage|p1a: Yveltal|24/100
|-unboost|p1a: Yveltal|spe|1
|move|p1a: Yveltal|Oblivion Wing|p2a: God-Perfect
|-damage|p2a: God-Perfect|24/100
|-heal|p1a: Yveltal|68/100|[from] drain|[of] p2a: God-Perfect
|
|-weather|RainDance|[upkeep]
|-end|p2a: God-Perfect|move: Taunt
|-ability|p2a: God-Perfect|Moody|boost
|-boost|p2a: God-Perfect|spd|2
|-unboost|p2a: God-Perfect|spa|1
|upkeep
|turn|4
|
|t:|1643714872
|move|p2a: God-Perfect|Max Strike|p1a: Yveltal
|-damage|p1a: Yveltal|0 fnt
|faint|p1a: Yveltal
|
|-weather|RainDance|[upkeep]
|-ability|p2a: God-Perfect|Moody|boost
|-boost|p2a: God-Perfect|atk|2
|-unboost|p2a: God-Perfect|spa|1
|-end|p2a: God-Perfect|Dynamax
|-heal|p2a: God-Perfect|24/100|[silent]
|upkeep
|
|t:|1643714884
|switch|p1a: Arceus|Arceus|100/100
|turn|5
|inactive|Dominator296 has 240 seconds left.
|
|t:|1643714914
|move|p1a: Arceus|Extreme Speed|p2a: God-Perfect
|-damage|p2a: God-Perfect|0 fnt
|faint|p2a: God-Perfect
|-damage|p1a: Arceus|91/100|[from] item: Life Orb
|
|-weather|RainDance|[upkeep]
|upkeep
|inactive|Dominator296 has 240 seconds left.
|
|t:|1643714922
|switch|p2a: God-imperfect|Arceus, shiny|100/100
|turn|6
|
|t:|1643714926
|move|p1a: Arceus|Swords Dance|p1a: Arceus
|-boost|p1a: Arceus|atk|2
|move|p2a: God-imperfect|Swords Dance|p2a: God-imperfect
|-boost|p2a: God-imperfect|atk|2
|
|-weather|none
|upkeep
|turn|7
|
|t:|1643714934
|-start|p1a: Arceus|Dynamax
|-heal|p1a: Arceus|91/100|[silent]
|move|p2a: God-imperfect|Extreme Speed|p1a: Arceus
|-damage|p1a: Arceus|51/100
|move|p1a: Arceus|Max Strike|p2a: God-imperfect
|-damage|p2a: God-imperfect|0 fnt
|faint|p2a: God-imperfect
|-damage|p1a: Arceus|46/100|[from] item: Life Orb
|
|upkeep
|
|t:|1643714939
|switch|p2a: Kyogre|Kyogre|100/100
|-weather|RainDance|[from] ability: Drizzle|[of] p2a: Kyogre
|turn|8
|
|t:|1643714951
|move|p2a: Kyogre|Water Spout|p1a: Arceus
|-damage|p1a: Arceus|0 fnt
|faint|p1a: Arceus
|
|-weather|RainDance|[upkeep]
|upkeep
|
|t:|1643714959
|switch|p1a: Groudon|Groudon|100/100
|detailschange|p1a: Groudon|Groudon-Primal
|-primal|p1a: Groudon
|-weather|DesolateLand|[from] ability: Desolate Land|[of] p1a: Groudon
|turn|9
|
|t:|1643714967
|switch|p2a: God-Semi-Perfect|Arceus-Flying|100/100
|move|p1a: Groudon|Rock Tomb|p2a: God-Semi-Perfect
|-supereffective|p2a: God-Semi-Perfect
|-damage|p2a: God-Semi-Perfect|71/100
|-unboost|p2a: God-Semi-Perfect|spe|1
|
|-weather|DesolateLand|[upkeep]
|upkeep
|turn|10
|
|t:|1643714975
|move|p1a: Groudon|Fire Punch|p2a: God-Semi-Perfect
|-damage|p2a: God-Semi-Perfect|32/100
|move|p2a: God-Semi-Perfect|Recover|p2a: God-Semi-Perfect
|-heal|p2a: God-Semi-Perfect|82/100
|
|-weather|DesolateLand|[upkeep]
|upkeep
|turn|11
|
|t:|1643714987
|-weather|none
|switch|p1a: Giratina|Giratina-Origin, shiny|100/100
|move|p2a: God-Semi-Perfect|Recover|p2a: God-Semi-Perfect
|-heal|p2a: God-Semi-Perfect|100/100
|
|upkeep
|turn|12
|
|t:|1643714995
|move|p1a: Giratina|Hone Claws|p1a: Giratina
|-boost|p1a: Giratina|atk|1
|-boost|p1a: Giratina|accuracy|1
|move|p2a: God-Semi-Perfect|Calm Mind|p2a: God-Semi-Perfect
|-boost|p2a: God-Semi-Perfect|spa|1
|-boost|p2a: God-Semi-Perfect|spd|1
|
|upkeep
|turn|13
|
|t:|1643715004
|move|p1a: Giratina|Hone Claws|p1a: Giratina
|-boost|p1a: Giratina|atk|1
|-boost|p1a: Giratina|accuracy|1
|move|p2a: God-Semi-Perfect|Judgment|p1a: Giratina
|-damage|p1a: Giratina|45/100
|
|upkeep
|turn|14
|
|t:|1643715011
|move|p1a: Giratina|Shadow Force||[still]
|-prepare|p1a: Giratina|Shadow Force
|move|p2a: God-Semi-Perfect|Judgment|p1a: Giratina|[miss]
|-miss|p2a: God-Semi-Perfect|p1a: Giratina
|
|upkeep
|turn|15
|
|t:|1643715017
|move|p1a: Giratina|Shadow Force|p2a: God-Semi-Perfect|[from]lockedmove
|-damage|p2a: God-Semi-Perfect|21/100
|move|p2a: God-Semi-Perfect|Judgment|p1a: Giratina
|-damage|p1a: Giratina|0 fnt
|faint|p1a: Giratina
|
|upkeep
|
|t:|1643715028
|switch|p1a: Groudon|Groudon-Primal|100/100
|-weather|DesolateLand|[from] ability: Desolate Land|[of] p1a: Groudon
|turn|16
|
|t:|1643715038
|switch|p2a: Groudon|Groudon|100/100
|detailschange|p2a: Groudon|Groudon-Primal
|-primal|p2a: Groudon
|move|p1a: Groudon|Fire Punch|p2a: Groudon
|-resisted|p2a: Groudon
|-damage|p2a: Groudon|76/100
|
|-weather|DesolateLand|[upkeep]
|upkeep
|turn|17
|
|t:|1643715048
|move|p2a: Groudon|Precipice Blades|p1a: Groudon
|-supereffective|p1a: Groudon
|-crit|p1a: Groudon
|-damage|p1a: Groudon|0 fnt
|faint|p1a: Groudon
|
|-weather|DesolateLand|[upkeep]
|upkeep
|
|t:|1643715053
|switch|p1a: Ditto|Ditto, shiny|100/100
|-transform|p1a: Ditto|p2a: Groudon|[from] ability: Imposter
|turn|18
|
|t:|1643715062
|switch|p2a: God-Semi-Perfect|Arceus-Flying|21/100
|move|p1a: Ditto|Fire Punch|p2a: God-Semi-Perfect
|-damage|p2a: God-Semi-Perfect|0 fnt
|faint|p2a: God-Semi-Perfect
|
|-weather|DesolateLand|[upkeep]
|upkeep
|
|t:|1643715071
|switch|p2a: Groudon|Groudon-Primal|76/100
|turn|19
|
|t:|1643715075
|switch|p1a: Ninjask|Ninjask, F|100/100
|move|p2a: Groudon|Fire Punch|p1a: Ninjask
|-supereffective|p1a: Ninjask
|-enditem|p1a: Ninjask|Focus Sash
|-damage|p1a: Ninjask|1/100
|
|-weather|DesolateLand|[upkeep]
|upkeep
|turn|20
|
|t:|1643715085
|move|p1a: Ninjask|Protect|p1a: Ninjask
|-singleturn|p1a: Ninjask|Protect
|move|p2a: Groudon|Fire Punch|p1a: Ninjask
|-activate|p1a: Ninjask|move: Protect
|
|-weather|DesolateLand|[upkeep]
|-ability|p1a: Ninjask|Speed Boost|boost
|-boost|p1a: Ninjask|spe|1
|upkeep
|turn|21
|
|t:|1643715093
|-weather|none
|switch|p2a: Necrozma|Necrozma-Dusk-Mane|100/100
|move|p1a: Ninjask|Baton Pass|p1a: Ninjask
|
|t:|1643715098
|switch|p1a: Ditto|Ditto, shiny|100/100|[from]move: Baton Pass
|-transform|p1a: Ditto|p2a: Necrozma|[from] ability: Imposter
|
|upkeep
|turn|22
|
|t:|1643715107
|move|p1a: Ditto|Thunder Wave|p2a: Necrozma
|-status|p2a: Necrozma|par
|move|p2a: Necrozma|Dragon Dance|p2a: Necrozma
|-boost|p2a: Necrozma|atk|1
|-boost|p2a: Necrozma|spe|1
|
|upkeep
|turn|23
|
|t:|1643715116
|switch|p1a: Ninjask|Ninjask, F|1/100
|cant|p2a: Necrozma|par
|
|upkeep
|turn|24
|
|t:|1643715127
|switch|p1a: Ditto|Ditto, shiny|100/100
|-transform|p1a: Ditto|p2a: Necrozma|[from] ability: Imposter
|move|p2a: Necrozma|Photon Geyser|p1a: Ditto
|-resisted|p1a: Ditto
|-damage|p1a: Ditto|78/100
|
|upkeep
|turn|25
|
|t:|1643715140
|move|p1a: Ditto|Photon Geyser|p2a: Necrozma
|-resisted|p2a: Necrozma
|-damage|p2a: Necrozma|83/100 par
|move|p2a: Necrozma|Stealth Rock|p1a: Ditto
|-sidestart|p1: agdp|move: Stealth Rock
|
|upkeep
|turn|26
|
|t:|1643715148
|move|p1a: Ditto|Photon Geyser|p2a: Necrozma
|-resisted|p2a: Necrozma
|-crit|p2a: Necrozma
|-damage|p2a: Necrozma|57/100 par
|cant|p2a: Necrozma|par
|
|upkeep
|turn|27
|
|t:|1643715158
|detailschange|p2a: Necrozma|Necrozma-Ultra
|-burst|p2a: Necrozma|Necrozma|Ultranecrozium Z
|move|p1a: Ditto|Photon Geyser|p2a: Necrozma
|-resisted|p2a: Necrozma
|-damage|p2a: Necrozma|16/100 par
|move|p2a: Necrozma|Thunder Wave|p1a: Ditto
|-status|p1a: Ditto|par
|
|upkeep
|turn|28
|
|t:|1643715169
|move|p1a: Ditto|Photon Geyser|p2a: Necrozma
|-resisted|p2a: Necrozma
|-damage|p2a: Necrozma|0 fnt
|faint|p2a: Necrozma
|
|upkeep
|
|t:|1643715178
|switch|p2a: Kyogre|Kyogre|100/100
|-weather|RainDance|[from] ability: Drizzle|[of] p2a: Kyogre
|turn|29
|
|t:|1643715184
|move|p2a: Kyogre|Water Spout|p1a: Ditto
|-damage|p1a: Ditto|0 fnt
|faint|p1a: Ditto
|
|-weather|RainDance|[upkeep]
|upkeep
|
|t:|1643715190
|switch|p1a: Ninjask|Ninjask, F|1/100
|-damage|p1a: Ninjask|0 fnt|[from] Stealth Rock
|faint|p1a: Ninjask
|
|win|Dominator296
|l|☆Dominator296
