|j|☆MariaReynoldsBitch
|j|☆Skel69
|t:|1645799702
|gametype|singles
|player|p1|MariaReynoldsBitch|chuck|1558
|player|p2|Skel69|steven|1526
|teamsize|p1|6
|teamsize|p2|6
|gen|8
|tier|[Gen 8] National Dex AG
|rated|
|rule|HP Percentage Mod: HP is shown in percentages
|rule|Endless Battle Clause: Forcing endless battles is banned
|clearpoke
|poke|p1|Zacian-*|
|poke|p1|Rayquaza|
|poke|p1|Ditto|
|poke|p1|Groudon|
|poke|p1|Zygarde|
|poke|p1|Yveltal|
|poke|p2|Groudon|
|poke|p2|Lugia|
|poke|p2|Zacian-*|
|poke|p2|Yveltal|
|poke|p2|Marshadow|
|poke|p2|Calyrex-Shadow|
|teampreview
|inactive|Battle timer is ON: inactive players will automatically lose when time's up. (requested by MariaReynoldsBitch)
|inactive|Skel69 also wants the timer to be on.
|
|t:|1645799705
|start
|switch|p1a: Iguana Lord|Groudon|100/100
|switch|p2a: Groudon deez n-|Groudon|100/100
|detailschange|p2a: Groudon deez n-|Groudon-Primal
|-primal|p2a: Groudon deez n-
|-weather|DesolateLand|[from] ability: Desolate Land|[of] p2a: Groudon deez n-
|detailschange|p1a: Iguana Lord|Groudon-Primal
|-primal|p1a: Iguana Lord
|turn|1
|c|☆Skel69|yo
|c|☆MariaReynoldsBitch|yo
|c|☆Skel69|haven't i vs'd u
|
|t:|1645799722
|move|p2a: Groudon deez n-|Precipice Blades|p1a: Iguana Lord|[miss]
|-miss|p2a: Groudon deez n-|p1a: Iguana Lord
|move|p1a: Iguana Lord|Precipice Blades|p2a: Groudon deez n-
|-supereffective|p2a: Groudon deez n-
|-damage|p2a: Groudon deez n-|0 fnt
|faint|p2a: Groudon deez n-
|
|-weather|DesolateLand|[upkeep]
|upkeep
|c|☆Skel69|a long time ago?
|c|☆MariaReynoldsBitch|kek
|
|t:|1645799732
|switch|p2a: sorry not sorry|Lugia|100/100
|turn|2
|
|t:|1645799738
|move|p2a: sorry not sorry|Toxic|p1a: Iguana Lord|[miss]
|-miss|p2a: sorry not sorry|p1a: Iguana Lord
|move|p1a: Iguana Lord|Stealth Rock|p2a: sorry not sorry
|-sidestart|p2: Skel69|move: Stealth Rock
|
|-weather|DesolateLand|[upkeep]
|upkeep
|turn|3
|c|☆MariaReynoldsBitch|lmao
|
|t:|1645799746
|move|p2a: sorry not sorry|Toxic|p1a: Iguana Lord|[miss]
|-miss|p2a: sorry not sorry|p1a: Iguana Lord
|move|p1a: Iguana Lord|Thunder Wave|p2a: sorry not sorry
|-status|p2a: sorry not sorry|par
|
|-weather|DesolateLand|[upkeep]
|upkeep
|turn|4
|c|☆MariaReynoldsBitch|LMFAO
|
|t:|1645799752
|move|p1a: Iguana Lord|Heat Crash|p2a: sorry not sorry
|-damage|p2a: sorry not sorry|63/100 par
|cant|p2a: sorry not sorry|par
|
|-weather|DesolateLand|[upkeep]
|upkeep
|turn|5
|c|☆Skel69|tf is this aim wat
|
|t:|1645799757
|move|p1a: Iguana Lord|Heat Crash|p2a: sorry not sorry
|-damage|p2a: sorry not sorry|0 fnt
|faint|p2a: sorry not sorry
|
|-weather|DesolateLand|[upkeep]
|upkeep
|c|☆MariaReynoldsBitch|holy shit
|c|☆Skel69|this game just hates me
|-message|Skel69 forfeited.
|
|win|MariaReynoldsBitch
|raw|MariaReynoldsBitch's rating: 1558 &rarr; <strong>1576</strong><br />(+18 for winning)
|raw|Skel69's rating: 1526 &rarr; <strong>1508</strong><br />(-18 for losing)
|l|☆Skel69
||Ladder isn't responding, score probably updated but might not have (Request timeout).
