|j|☆JayDanger
|j|☆dividing by 0
|t:|1658889644
|gametype|singles
|player|p1|JayDanger|skyla|1590
|player|p2|dividing by 0|pokemaniac|1762
|teamsize|p1|6
|teamsize|p2|6
|gen|8
|tier|[Gen 8] National Dex AG
|rated|
|rule|HP Percentage Mod: HP is shown in percentages
|rule|Endless Battle Clause: Forcing endless battles is banned
|clearpoke
|poke|p1|Rayquaza|
|poke|p1|Arceus-*|
|poke|p1|Tornadus, M|
|poke|p1|Dragapult, M|
|poke|p1|Zygarde|
|poke|p1|Calyrex-Shadow|
|poke|p2|Rayquaza|
|poke|p2|Groudon|
|poke|p2|Kyogre|
|poke|p2|Yveltal|
|poke|p2|Necrozma-Dusk-Mane|
|poke|p2|Pheromosa|
|teampreview
|j| MeloMeloMeloetta
|
|t:|1658889676
|start
|switch|p1a: ----------|Arceus|100/100
|switch|p2a: Kyogre|Kyogre|100/100
|-weather|RainDance|[from] ability: Drizzle|[of] p2a: Kyogre
|turn|1
|inactive|Battle timer is ON: inactive players will automatically lose when time's up. (requested by dividing by 0)
|
|t:|1658889684
|move|p1a: ----------|Extreme Speed|p2a: Kyogre
|-damage|p2a: Kyogre|29/100
|move|p2a: Kyogre|Origin Pulse|p1a: ----------|[miss]
|-miss|p2a: Kyogre|p1a: ----------
|
|-weather|RainDance|[upkeep]
|upkeep
|turn|2
|
|t:|1658889693
|switch|p2a: Necrozma|Necrozma-Dusk-Mane|100/100
|move|p1a: ----------|Extreme Speed|p2a: Necrozma
|-resisted|p2a: Necrozma
|-damage|p2a: Necrozma|83/100
|
|-weather|RainDance|[upkeep]
|-heal|p2a: Necrozma|89/100|[from] item: Leftovers
|upkeep
|turn|3
|
|t:|1658889703
|switch|p1a: BALLS Z|Zygarde|100/100
|move|p2a: Necrozma|Thunder Wave|p1a: BALLS Z
|-immune|p1a: BALLS Z
|
|-weather|RainDance|[upkeep]
|-heal|p2a: Necrozma|95/100|[from] item: Leftovers
|upkeep
|turn|4
|
|t:|1658889712
|switch|p2a: Kyogre|Kyogre|29/100
|move|p1a: BALLS Z|Glare|p2a: Kyogre
|-status|p2a: Kyogre|par
|
|-weather|RainDance|[upkeep]
|upkeep
|turn|5
|
|t:|1658889719
|move|p1a: BALLS Z|Thousand Arrows|p2a: Kyogre
|-damage|p2a: Kyogre|0 fnt
|faint|p2a: Kyogre
|
|-weather|none
|upkeep
|
|t:|1658889727
|switch|p2a: Rayquaza|Rayquaza|100/100
|-ability|p2a: Rayquaza|Air Lock
|turn|6
|
|t:|1658889732
|detailschange|p2a: Rayquaza|Rayquaza-Mega
|-mega|p2a: Rayquaza|Rayquaza|
|-weather|DeltaStream|[from] ability: Delta Stream|[of] p2a: Rayquaza
|move|p2a: Rayquaza|Draco Meteor|p1a: BALLS Z
|-supereffective|p1a: BALLS Z
|-enditem|p1a: BALLS Z|Focus Sash
|-damage|p1a: BALLS Z|1/100
|-unboost|p2a: Rayquaza|spa|2
|move|p1a: BALLS Z|Glare|p2a: Rayquaza
|-status|p2a: Rayquaza|par
|
|-weather|DeltaStream|[upkeep]
|-activate|p1a: BALLS Z|ability: Power Construct
|detailschange|p1a: BALLS Z|Zygarde-Complete
|-heal|p1a: BALLS Z|38/100|[silent]
|upkeep
|turn|7
|
|t:|1658889748
|move|p2a: Rayquaza|Draco Meteor|p1a: BALLS Z
|-supereffective|p1a: BALLS Z
|-damage|p1a: BALLS Z|0 fnt
|-unboost|p2a: Rayquaza|spa|2
|faint|p1a: BALLS Z
|
|-weather|DeltaStream|[upkeep]
|upkeep
|
|t:|1658889759
|switch|p1a: Janemba|Dragapult, M|100/100
|turn|8
|
|t:|1658889772
|-weather|none
|switch|p2a: Yveltal|Yveltal|100/100
|-ability|p2a: Yveltal|Dark Aura
|move|p1a: Janemba|Phantom Force||[still]
|-prepare|p1a: Janemba|Phantom Force
|
|upkeep
|turn|9
|
|t:|1658889781
|move|p1a: Janemba|Phantom Force|p2a: Yveltal|[from]lockedmove
|-resisted|p2a: Yveltal
|-damage|p2a: Yveltal|78/100
|move|p2a: Yveltal|Oblivion Wing|p1a: Janemba
|-damage|p1a: Janemba|40/100
|-heal|p2a: Yveltal|100/100|[from] drain|[of] p1a: Janemba
|
|upkeep
|turn|10
|
|t:|1658889790
|move|p2a: Yveltal|Sucker Punch|p1a: Janemba
|-supereffective|p1a: Janemba
|-damage|p1a: Janemba|0 fnt
|faint|p1a: Janemba
|
|upkeep
|
|t:|1658889797
|switch|p1a: Hatred|Tornadus, M|100/100
|turn|11
|
|t:|1658889801
|switch|p2a: Rayquaza|Rayquaza-Mega|100/100 par
|-weather|DeltaStream|[from] ability: Delta Stream|[of] p2a: Rayquaza
|move|p1a: Hatred|Scary Face|p2a: Rayquaza
|-unboost|p2a: Rayquaza|spe|2
|
|-weather|DeltaStream|[upkeep]
|upkeep
|turn|12
|
|t:|1658889817
|switch|p1a: ----------|Arceus|100/100
|move|p2a: Rayquaza|Dragon Ascent|p1a: ----------
|-damage|p1a: ----------|40/100
|-unboost|p2a: Rayquaza|def|1
|-unboost|p2a: Rayquaza|spd|1
|
|-weather|DeltaStream|[upkeep]
|upkeep
|turn|13
|
|t:|1658889826
|move|p1a: ----------|Extreme Speed|p2a: Rayquaza
|-damage|p2a: Rayquaza|13/100 par
|move|p2a: Rayquaza|Dragon Ascent|p1a: ----------
|-crit|p1a: ----------
|-damage|p1a: ----------|0 fnt
|-unboost|p2a: Rayquaza|def|1
|-unboost|p2a: Rayquaza|spd|1
|faint|p1a: ----------
|
|-weather|DeltaStream|[upkeep]
|upkeep
|
|t:|1658889844
|switch|p1a: Tuuuuuuuuuuu|Calyrex-Shadow|100/100
|-ability|p1a: Tuuuuuuuuuuu|As One
|-ability|p1a: Tuuuuuuuuuuu|Unnerve
|turn|14
|
|t:|1658889850
|move|p1a: Tuuuuuuuuuuu|Dark Pulse|p2a: Rayquaza
|-damage|p2a: Rayquaza|0 fnt
|faint|p2a: Rayquaza
|-weather|none
|-ability|p1a: Tuuuuuuuuuuu|Grim Neigh|boost
|-boost|p1a: Tuuuuuuuuuuu|spa|1
|
|upkeep
|
|t:|1658889859
|switch|p2a: Pheromosa|Pheromosa|100/100
|turn|15
|
|t:|1658889862
|move|p1a: Tuuuuuuuuuuu|Dark Pulse|p2a: Pheromosa
|-resisted|p2a: Pheromosa
|-damage|p2a: Pheromosa|35/100
|move|p2a: Pheromosa|Throat Chop|p1a: Tuuuuuuuuuuu
|-supereffective|p1a: Tuuuuuuuuuuu
|-damage|p1a: Tuuuuuuuuuuu|0 fnt
|faint|p1a: Tuuuuuuuuuuu
|-ability|p2a: Pheromosa|Beast Boost|boost
|-boost|p2a: Pheromosa|spe|1
|
|upkeep
|
|t:|1658889873
|switch|p1a: Hatred|Tornadus, M|100/100
|turn|16
|
|t:|1658889876
|move|p1a: Hatred|Tailwind|p1a: Hatred
|-sidestart|p1: JayDanger|move: Tailwind
|move|p2a: Pheromosa|Triple Axel|p1a: Hatred
|-supereffective|p1a: Hatred
|-damage|p1a: Hatred|89/100
|-supereffective|p1a: Hatred
|-damage|p1a: Hatred|66/100
|-hitcount|p1a: Hatred|2
|
|upkeep
|turn|17
|
|t:|1658889885
|move|p1a: Hatred|Toxic|p2a: Pheromosa
|-status|p2a: Pheromosa|tox
|move|p2a: Pheromosa|Triple Axel|p1a: Hatred|[miss]
|-miss|p2a: Pheromosa|p1a: Hatred
|
|-damage|p2a: Pheromosa|29/100 tox|[from] psn
|upkeep
|turn|18
|c| MeloMeloMeloetta|lol
|
|t:|1658889899
|-start|p1a: Hatred|Dynamax|
|-heal|p1a: Hatred|66/100|[silent]
|move|p1a: Hatred|Max Guard|p1a: Hatred
|-singleturn|p1a: Hatred|Max Guard
|move|p2a: Pheromosa|Triple Axel|p1a: Hatred
|-activate|p1a: Hatred|move: Max Guard
|
|-damage|p2a: Pheromosa|17/100 tox|[from] psn
|upkeep
|turn|19
|
|t:|1658889910
|move|p1a: Hatred|Max Guard||[still]
|-fail|p1a: Hatred
|move|p2a: Pheromosa|Triple Axel|p1a: Hatred
|-supereffective|p1a: Hatred
|-damage|p1a: Hatred|59/100
|-supereffective|p1a: Hatred
|-damage|p1a: Hatred|48/100
|-supereffective|p1a: Hatred
|-damage|p1a: Hatred|31/100
|-hitcount|p1a: Hatred|3
|
|-damage|p2a: Pheromosa|0 fnt|[from] psn
|faint|p2a: Pheromosa
|-sideend|p1: JayDanger|move: Tailwind
|upkeep
|
|t:|1658889913
|switch|p2a: Necrozma|Necrozma-Dusk-Mane|95/100
|turn|20
|
|t:|1658889925
|-start|p2a: Necrozma|Dynamax|
|-heal|p2a: Necrozma|95/100|[silent]
|move|p1a: Hatred|Max Guard|p1a: Hatred
|-singleturn|p1a: Hatred|Max Guard
|move|p2a: Necrozma|Max Steelspike|p1a: Hatred
|-activate|p1a: Hatred|move: Max Guard
|
|-heal|p2a: Necrozma|98/100|[from] item: Leftovers
|upkeep
|-end|p1a: Hatred|Dynamax
|-heal|p1a: Hatred|31/100|[silent]
|turn|21
|
|t:|1658889938
|move|p1a: Hatred|Scary Face|p2a: Necrozma
|-unboost|p2a: Necrozma|spe|2
|move|p2a: Necrozma|Max Steelspike|p1a: Hatred
|-damage|p1a: Hatred|0 fnt
|-boost|p2a: Necrozma|def|1
|faint|p1a: Hatred
|
|-heal|p2a: Necrozma|100/100|[from] item: Leftovers
|upkeep
|-message|JayDanger forfeited.
|
|win|dividing by 0
|raw|JayDanger's rating: 1590 &rarr; <strong>1579</strong><br />(-11 for losing)
|raw|dividing by 0's rating: 1762 &rarr; <strong>1773</strong><br />(+11 for winning)
|l|☆JayDanger
|l|☆dividing by 0
