|j|☆Pawnnel
|j|☆ywa1n
|inactive|Battle timer is ON: inactive players will automatically lose when time's up.
|t:|1663783993
|gametype|singles
|player|p1|Pawnnel|psychic-gen4|
|player|p2|ywa1n|acetrainercouple|
|teamsize|p1|6
|teamsize|p2|6
|gen|8
|tier|[Gen 8] National Dex AG
|rated|Tournament battle
|rule|HP Percentage Mod: HP is shown in percentages
|rule|Endless Battle Clause: Forcing endless battles is banned
|clearpoke
|poke|p1|Quagsire, M|
|poke|p1|Tyranitar, M|
|poke|p1|Torkoal, M|
|poke|p1|Venusaur, M|
|poke|p1|Garchomp, M|
|poke|p1|Scizor, M|
|poke|p2|Deoxys-Speed|
|poke|p2|Necrozma-Dusk-Mane|
|poke|p2|Yveltal|
|poke|p2|Arceus-*|
|poke|p2|Calyrex-Shadow|
|poke|p2|Kyogre|
|teampreview
|c|☆ywa1n|Glhf no hax
|inactive|Pawnnel has 120 seconds left.
|inactive|ywa1n has 120 seconds left.
|c|☆ywa1n|Double weather?
|c|☆Pawnnel|u2 vro
|
|t:|1663784053
|start
|switch|p1a: Rex|Garchomp, M|100/100
|switch|p2a: Deoxys|Deoxys-Speed|100/100
|-ability|p2a: Deoxys|Pressure
|turn|1
|
|t:|1663784058
|move|p2a: Deoxys|Taunt|p1a: Rex
|-start|p1a: Rex|move: Taunt
|move|p1a: Rex|Scale Shot|p2a: Deoxys
|-damage|p2a: Deoxys|84/100
|-damage|p2a: Deoxys|67/100
|-hitcount|p2a: Deoxys|2
|-unboost|p1a: Rex|def|1
|-boost|p1a: Rex|spe|1
|
|upkeep
|turn|2
|
|t:|1663784070
|move|p2a: Deoxys|Stealth Rock|p1a: Rex
|-sidestart|p1: Pawnnel|move: Stealth Rock
|move|p1a: Rex|Earthquake|p2a: Deoxys
|-damage|p2a: Deoxys|0 fnt
|faint|p2a: Deoxys
|
|upkeep
|
|t:|1663784094
|switch|p2a: Yveltal|Yveltal|100/100
|-ability|p2a: Yveltal|Dark Aura
|turn|3
|
|t:|1663784099
|move|p1a: Rex|Stone Edge|p2a: Yveltal|[miss]
|-miss|p1a: Rex|p2a: Yveltal
|move|p2a: Yveltal|Oblivion Wing|p1a: Rex
|-damage|p1a: Rex|34/100
|-damage|p2a: Yveltal|91/100|[from] item: Life Orb
|
|-end|p1a: Rex|move: Taunt
|upkeep
|turn|4
|
|t:|1663784108
|move|p2a: Yveltal|Sucker Punch|p1a: Rex
|-damage|p1a: Rex|0 fnt
|-damage|p2a: Yveltal|78/100|[from] ability: Rough Skin|[of] p1a: Rex
|faint|p1a: Rex
|-damage|p2a: Yveltal|68/100|[from] item: Life Orb
|
|upkeep
|
|t:|1663784115
|switch|p1a: Yusuke|Scizor, M|100/100
|-damage|p1a: Yusuke|88/100|[from] Stealth Rock
|turn|5
|
|t:|1663784123
|detailschange|p1a: Yusuke|Scizor-Mega, M
|-mega|p1a: Yusuke|Scizor|Scizorite
|move|p2a: Yveltal|Heat Wave|p1a: Yusuke
|-supereffective|p1a: Yusuke
|-damage|p1a: Yusuke|0 fnt
|faint|p1a: Yusuke
|-damage|p2a: Yveltal|58/100|[from] item: Life Orb
|
|upkeep
|
|t:|1663784131
|switch|p1a: Buddy|Torkoal, M|100/100
|-damage|p1a: Buddy|76/100|[from] Stealth Rock
|-weather|SunnyDay|[from] ability: Drought|[of] p1a: Buddy
|turn|6
|
|t:|1663784140
|switch|p1a: Toguro|Tyranitar, M|100/100
|-damage|p1a: Toguro|88/100|[from] Stealth Rock
|-weather|Sandstorm|[from] ability: Sand Stream|[of] p1a: Toguro
|move|p2a: Yveltal|Oblivion Wing|p1a: Toguro
|-resisted|p1a: Toguro
|-damage|p1a: Toguro|67/100
|-heal|p2a: Yveltal|72/100|[from] drain|[of] p1a: Toguro
|-damage|p2a: Yveltal|62/100|[from] item: Life Orb
|
|-weather|Sandstorm|[upkeep]
|-damage|p2a: Yveltal|56/100|[from] Sandstorm
|-heal|p1a: Toguro|73/100|[from] item: Leftovers
|upkeep
|turn|7
|
|t:|1663784153
|switch|p2a: Arceus|Arceus-Ground|100/100
|move|p1a: Toguro|Dragon Dance|p1a: Toguro
|-boost|p1a: Toguro|atk|1
|-boost|p1a: Toguro|spe|1
|
|-weather|Sandstorm|[upkeep]
|-heal|p1a: Toguro|79/100|[from] item: Leftovers
|upkeep
|turn|8
|
|t:|1663784163
|move|p2a: Arceus|Earthquake|p1a: Toguro
|-supereffective|p1a: Toguro
|-damage|p1a: Toguro|0 fnt
|faint|p1a: Toguro
|
|-weather|Sandstorm|[upkeep]
|upkeep
|
|t:|1663784169
|switch|p1a: Buddy|Torkoal, M|76/100
|-damage|p1a: Buddy|51/100|[from] Stealth Rock
|-weather|SunnyDay|[from] ability: Drought|[of] p1a: Buddy
|turn|9
|
|t:|1663784177
|move|p2a: Arceus|Earthquake|p1a: Buddy
|-supereffective|p1a: Buddy
|-damage|p1a: Buddy|0 fnt
|faint|p1a: Buddy
|
|-weather|SunnyDay|[upkeep]
|upkeep
|
|t:|1663784182
|switch|p1a: Bobsor|Venusaur, M|100/100
|-damage|p1a: Bobsor|88/100|[from] Stealth Rock
|turn|10
|
|t:|1663784197
|switch|p2a: Kyogre|Kyogre|100/100
|-weather|RainDance|[from] ability: Drizzle|[of] p2a: Kyogre
|-start|p1a: Bobsor|Dynamax|Gmax
|-heal|p1a: Bobsor|88/100|[silent]
|move|p1a: Bobsor|Max Ooze|p2a: Kyogre
|-damage|p2a: Kyogre|59/100
|-boost|p1a: Bobsor|spa|1
|-damage|p1a: Bobsor|83/100|[from] item: Life Orb
|
|-weather|RainDance|[upkeep]
|upkeep
|turn|11
|
|t:|1663784213
|switch|p2a: Yveltal|Yveltal|56/100
|-ability|p2a: Yveltal|Dark Aura
|move|p1a: Bobsor|G-Max Vine Lash|p2a: Yveltal
|-resisted|p2a: Yveltal
|-damage|p2a: Yveltal|5/100
|-sidestart|p2: ywa1n|G-Max Vine Lash
|-damage|p1a: Bobsor|78/100|[from] item: Life Orb
|
|-weather|RainDance|[upkeep]
|-damage|p2a: Yveltal|0 fnt|[from] G-Max Vine Lash
|faint|p2a: Yveltal
|upkeep
|
|t:|1663784218
|switch|p2a: Necrozma|Necrozma-Dusk-Mane|100/100
|turn|12
|
|t:|1663784226
|detailschange|p2a: Necrozma|Necrozma-Ultra
|-burst|p2a: Necrozma|Necrozma|Ultranecrozium Z
|move|p2a: Necrozma|Photon Geyser|p1a: Bobsor
|-supereffective|p1a: Bobsor
|-damage|p1a: Bobsor|0 fnt
|faint|p1a: Bobsor
|
|-weather|RainDance|[upkeep]
|-damage|p2a: Necrozma|84/100|[from] G-Max Vine Lash
|upkeep
|
|t:|1663784236
|switch|p1a: Flop|Quagsire, M|100/100
|-damage|p1a: Flop|94/100|[from] Stealth Rock
|turn|13
|
|t:|1663784241
|-zpower|p2a: Necrozma
|move|p2a: Necrozma|Light That Burns the Sky|p1a: Flop|[zeffect]
|-damage|p1a: Flop|4/100
|move|p1a: Flop|Curse|p1a: Flop
|-unboost|p1a: Flop|spe|1
|-boost|p1a: Flop|atk|1
|-boost|p1a: Flop|def|1
|
|-weather|RainDance|[upkeep]
|-damage|p2a: Necrozma|68/100|[from] G-Max Vine Lash
|-heal|p1a: Flop|10/100|[from] item: Leftovers
|upkeep
|turn|14
|c|☆ywa1n|Gg
|
|t:|1663784252
|move|p2a: Necrozma|Earthquake|p1a: Flop
|-damage|p1a: Flop|0 fnt
|faint|p1a: Flop
|
|win|ywa1n
|n|☆Pawnnel|pawnnel
|n|☆ywa1n|ywa1n
