|j|☆aselia the eternal
|j|☆BigDuckie
|t:|1664500097
|gametype|singles
|player|p1|aselia the eternal|101|1798
|player|p2|BigDuckie|workerice|1743
|teamsize|p1|6
|teamsize|p2|6
|gen|8
|tier|[Gen 8] National Dex AG
|rated|
|rule|HP Percentage Mod: HP is shown in percentages
|rule|Endless Battle Clause: Forcing endless battles is banned
|clearpoke
|poke|p1|Arceus-*|
|poke|p1|Deoxys-Speed|
|poke|p1|Arceus-*|
|poke|p1|Arceus-*|
|poke|p1|Arceus-*|
|poke|p1|Arceus-*|
|poke|p2|Ditto|
|poke|p2|Rayquaza|
|poke|p2|Yveltal|
|poke|p2|Tyranitar, F|
|poke|p2|Ho-Oh|
|poke|p2|Groudon|
|teampreview
|inactive|Battle timer is ON: inactive players will automatically lose when time's up. (requested by aselia the eternal)
|
|t:|1664500120
|start
|switch|p1a: Arceus|Arceus-Ice|100/100
|switch|p2a: Armored Dragon|Rayquaza|100/100
|-ability|p2a: Armored Dragon|Air Lock
|turn|1
|j| enchantress
|
|t:|1664500129
|switch|p2a: Groudon|Groudon|100/100
|detailschange|p2a: Groudon|Groudon-Primal
|-primal|p2a: Groudon
|-weather|DesolateLand|[from] ability: Desolate Land|[of] p2a: Groudon
|move|p1a: Arceus|Judgment|p2a: Groudon
|-damage|p2a: Groudon|57/100
|
|-weather|DesolateLand|[upkeep]
|upkeep
|turn|2
|
|t:|1664500133
|move|p1a: Arceus|Stealth Rock|p2a: Groudon
|-sidestart|p2: BigDuckie|move: Stealth Rock
|move|p2a: Groudon|Overheat|p1a: Arceus
|-supereffective|p1a: Arceus
|-damage|p1a: Arceus|0 fnt
|-unboost|p2a: Groudon|spa|2
|faint|p1a: Arceus
|
|-weather|DesolateLand|[upkeep]
|upkeep
|
|t:|1664500145
|switch|p1a: Arceus|Arceus-Ground|100/100
|turn|3
|
|t:|1664500148
|-weather|none
|switch|p2a: Phoenix|Ho-Oh|100/100
|move|p1a: Arceus|Swords Dance|p1a: Arceus
|-boost|p1a: Arceus|atk|2
|
|upkeep
|turn|4
|
|t:|1664500160
|switch|p2a: Groudon|Groudon-Primal|57/100
|-damage|p2a: Groudon|45/100|[from] Stealth Rock
|-weather|DesolateLand|[from] ability: Desolate Land|[of] p2a: Groudon
|move|p1a: Arceus|Stone Edge|p2a: Groudon
|-damage|p2a: Groudon|8/100
|
|-weather|DesolateLand|[upkeep]
|upkeep
|turn|5
|
|t:|1664500165
|move|p1a: Arceus|Earthquake|p2a: Groudon
|-supereffective|p2a: Groudon
|-damage|p2a: Groudon|0 fnt
|faint|p2a: Groudon
|-weather|none
|
|upkeep
|
|t:|1664500179
|switch|p2a: IMU|Ditto|100/100
|-damage|p2a: IMU|88/100|[from] Stealth Rock
|-transform|p2a: IMU|p1a: Arceus|[from] ability: Imposter
|turn|6
|
|t:|1664500187
|-start|p2a: IMU|Dynamax|
|-heal|p2a: IMU|88/100|[silent]
|-start|p1a: Arceus|Dynamax|
|-heal|p1a: Arceus|100/100|[silent]
|move|p1a: Arceus|Max Quake|p2a: IMU
|-damage|p2a: IMU|0 fnt
|-boost|p1a: Arceus|spd|1
|faint|p2a: IMU
|
|upkeep
|-message|BigDuckie forfeited.
|
|win|aselia the eternal
|raw|aselia the eternal's rating: 1798 &rarr; <strong>1815</strong><br />(+17 for winning)
|raw|BigDuckie's rating: 1743 &rarr; <strong>1726</strong><br />(-17 for losing)
|l|☆BigDuckie
