|j|☆rajof
|j|☆151 to go
|t:|1615188776
|player|p1|rajof|youngster-gen4|1903
|player|p2|151 to go|ghetsis-gen5bw|1835
|teamsize|p1|6
|teamsize|p2|6
|gametype|singles
|gen|8
|tier|[Gen 8] National Dex AG
|rated|
|clearpoke
|poke|p1|Arceus-*|
|poke|p1|Ditto|
|poke|p1|Chansey, F|
|poke|p1|Lugia|
|poke|p1|Groudon|
|poke|p1|Arceus-*|
|poke|p2|Zacian-Crowned|
|poke|p2|Eternatus|
|poke|p2|Groudon|
|poke|p2|Ditto|
|poke|p2|Yveltal|
|poke|p2|Calyrex-Shadow|
|rule|HP Percentage Mod: HP is shown in percentages
|rule|Endless Battle Clause: Forcing endless battles is banned
|teampreview
|
|t:|1615188798
|start
|switch|p1a: 그란돈|Groudon|100/100
|switch|p2a: Groudon|Groudon|100/100
|detailschange|p2a: Groudon|Groudon-Primal
|-primal|p2a: Groudon
|-weather|DesolateLand|[from] ability: Desolate Land|[of] p2a: Groudon
|detailschange|p1a: 그란돈|Groudon-Primal
|-primal|p1a: 그란돈
|turn|1
|
|t:|1615188811
|switch|p1a: 루기아|Lugia|100/100
|move|p2a: Groudon|Earthquake|p1a: 루기아
|-immune|p1a: 루기아
|
|-weather|DesolateLand|[upkeep]
|upkeep
|turn|2
|
|t:|1615188816
|move|p1a: 루기아|Toxic|p2a: Groudon
|-status|p2a: Groudon|tox
|move|p2a: Groudon|Thunder Wave|p1a: 루기아
|-status|p1a: 루기아|par
|
|-weather|DesolateLand|[upkeep]
|-damage|p2a: Groudon|94/100 tox|[from] psn
|upkeep
|turn|3
|
|t:|1615188822
|switch|p1a: 그란돈|Groudon-Primal|100/100
|move|p2a: Groudon|Stealth Rock|p1a: 그란돈
|-sidestart|p1: rajof|move: Stealth Rock
|
|-weather|DesolateLand|[upkeep]
|-damage|p2a: Groudon|82/100 tox|[from] psn
|upkeep
|turn|4
|
|t:|1615188828
|move|p2a: Groudon|Earthquake|p1a: 그란돈
|-supereffective|p1a: 그란돈
|-damage|p1a: 그란돈|36/100
|move|p1a: 그란돈|Precipice Blades|p2a: Groudon
|-supereffective|p2a: Groudon
|-damage|p2a: Groudon|1/100 tox
|
|-weather|DesolateLand|[upkeep]
|-damage|p2a: Groudon|0 fnt|[from] psn
|faint|p2a: Groudon
|upkeep
|
|t:|1615188833
|switch|p2a: Yveltal|Yveltal|100/100
|-ability|p2a: Yveltal|Dark Aura
|turn|5
|
|t:|1615188841
|-weather|none
|switch|p1a: 럭키|Chansey, F|100/100
|-damage|p1a: 럭키|88/100|[from] Stealth Rock
|move|p2a: Yveltal|Taunt|p1a: 럭키
|-start|p1a: 럭키|move: Taunt
|
|upkeep
|turn|6
|
|t:|1615188847
|switch|p2a: Zacian|Zacian-Crowned|100/100
|-ability|p2a: Zacian|Intrepid Sword|boost
|-boost|p2a: Zacian|atk|1
|move|p1a: 럭키|Seismic Toss|p2a: Zacian
|-damage|p2a: Zacian|70/100
|
|upkeep
|turn|7
|
|t:|1615188850
|move|p2a: Zacian|Close Combat|p1a: 럭키
|-supereffective|p1a: 럭키
|-damage|p1a: 럭키|0 fnt
|-unboost|p2a: Zacian|def|1
|-unboost|p2a: Zacian|spd|1
|faint|p1a: 럭키
|
|upkeep
|
|t:|1615188853
|switch|p1a: 메타몽|Ditto|100/100
|-damage|p1a: 메타몽|88/100|[from] Stealth Rock
|-transform|p1a: 메타몽|p2a: Zacian|[from] ability: Imposter
|-ability|p1a: 메타몽|Intrepid Sword|boost
|-boost|p1a: 메타몽|atk|1
|turn|8
|
|t:|1615188871
|switch|p2a: Yveltal|Yveltal|100/100
|-ability|p2a: Yveltal|Dark Aura
|move|p1a: 메타몽|Behemoth Blade|p2a: Yveltal
|-damage|p2a: Yveltal|0 fnt
|faint|p2a: Yveltal
|
|upkeep
|
|t:|1615188873
|switch|p2a: Calyrex|Calyrex-Shadow|100/100
|-ability|p2a: Calyrex|As One
|-ability|p2a: Calyrex|Unnerve|p1: rajof
|turn|9
|
|t:|1615188875
|switch|p1a: 악르세우스|Arceus-Dark|100/100
|-damage|p1a: 악르세우스|88/100|[from] Stealth Rock
|move|p2a: Calyrex|Astral Barrage|p1a: 악르세우스
|-resisted|p1a: 악르세우스
|-damage|p1a: 악르세우스|65/100
|
|upkeep
|turn|10
|
|t:|1615188885
|switch|p2a: Zacian|Zacian-Crowned|70/100
|-ability|p2a: Zacian|Intrepid Sword|boost
|-boost|p2a: Zacian|atk|1
|move|p1a: 악르세우스|Recover|p1a: 악르세우스
|-heal|p1a: 악르세우스|100/100
|
|upkeep
|turn|11
|
|t:|1615188889
|switch|p1a: 루기아|Lugia|100/100 par
|-damage|p1a: 루기아|75/100 par|[from] Stealth Rock
|move|p2a: Zacian|Close Combat|p1a: 루기아
|-resisted|p1a: 루기아
|-damage|p1a: 루기아|66/100 par
|-unboost|p2a: Zacian|def|1
|-unboost|p2a: Zacian|spd|1
|-damage|p2a: Zacian|53/100|[from] item: Rocky Helmet|[of] p1a: 루기아
|
|upkeep
|turn|12
|
|t:|1615188910
|switch|p2a: Ditto|Ditto|100/100
|-transform|p2a: Ditto|p1a: 루기아|[from] ability: Imposter
|move|p1a: 루기아|Defog|p2a: Ditto
|-unboost|p2a: Ditto|evasion|1
|-sideend|p1: rajof|Stealth Rock|[from] move: Defog|[of] p1a: 루기아
|
|upkeep
|turn|13
|
|t:|1615188916
|switch|p2a: Eternatus|Eternatus|100/100
|-ability|p2a: Eternatus|Pressure
|move|p1a: 루기아|Roost|p1a: 루기아
|-heal|p1a: 루기아|100/100 par
|-singleturn|p1a: 루기아|move: Roost
|
|upkeep
|turn|14
|
|t:|1615188925
|switch|p1a: 악르세우스|Arceus-Dark|100/100
|move|p2a: Eternatus|Shadow Ball|p1a: 악르세우스
|-resisted|p1a: 악르세우스
|-damage|p1a: 악르세우스|90/100
|
|upkeep
|turn|15
|
|t:|1615188950
|move|p2a: Eternatus|Shadow Ball|p1a: 악르세우스
|-resisted|p1a: 악르세우스
|-damage|p1a: 악르세우스|81/100
|move|p1a: 악르세우스|Calm Mind|p1a: 악르세우스
|-boost|p1a: 악르세우스|spa|1
|-boost|p1a: 악르세우스|spd|1
|
|upkeep
|turn|16
|
|t:|1615188957
|switch|p2a: Zacian|Zacian-Crowned|53/100
|-ability|p2a: Zacian|Intrepid Sword|boost
|-boost|p2a: Zacian|atk|1
|move|p1a: 악르세우스|Judgment|p2a: Zacian
|-resisted|p2a: Zacian
|-damage|p2a: Zacian|21/100
|
|upkeep
|turn|17
|
|t:|1615188964
|switch|p1a: 루기아|Lugia|100/100 par
|move|p2a: Zacian|Behemoth Blade|p1a: 루기아
|-damage|p1a: 루기아|75/100 par
|-damage|p2a: Zacian|4/100|[from] item: Rocky Helmet|[of] p1a: 루기아
|
|upkeep
|turn|18
|
|t:|1615188971
|move|p2a: Zacian|Wild Charge|p1a: 루기아
|-supereffective|p1a: 루기아
|-damage|p1a: 루기아|15/100 par
|-damage|p2a: Zacian|0 fnt|[from] item: Rocky Helmet|[of] p1a: 루기아
|faint|p2a: Zacian
|move|p1a: 루기아|Roost|p1a: 루기아
|-heal|p1a: 루기아|65/100 par
|-singleturn|p1a: 루기아|move: Roost
|
|upkeep
|
|t:|1615188975
|switch|p2a: Calyrex|Calyrex-Shadow|100/100
|-ability|p2a: Calyrex|As One
|-ability|p2a: Calyrex|Unnerve|p1: rajof
|turn|19
|
|t:|1615188979
|switch|p1a: 악르세우스|Arceus-Dark|81/100
|-start|p2a: Calyrex|Dynamax
|-heal|p2a: Calyrex|100/100|[silent]
|move|p2a: Calyrex|Max Starfall|p1a: 악르세우스
|-supereffective|p1a: 악르세우스
|-damage|p1a: 악르세우스|21/100
|-fieldstart|move: Misty Terrain
|
|upkeep
|turn|20
|
|t:|1615188991
|switch|p1a: 루기아|Lugia|65/100 par
|move|p2a: Calyrex|Max Starfall|p1a: 루기아
|-damage|p1a: 루기아|43/100 par
|
|upkeep
|turn|21
|
|t:|1615189004
|move|p2a: Calyrex|Max Phantasm|p1a: 루기아
|-supereffective|p1a: 루기아
|-damage|p1a: 루기아|0 fnt
|faint|p1a: 루기아
|-ability|p2a: Calyrex|Grim Neigh|boost
|-boost|p2a: Calyrex|spa|1
|
|-end|p2a: Calyrex|Dynamax
|-heal|p2a: Calyrex|100/100|[silent]
|upkeep
|
|t:|1615189009
|switch|p1a: 아르세우스|Arceus-Fairy|100/100
|turn|22
|
|t:|1615189040
|-start|p1a: 아르세우스|Dynamax
|-heal|p1a: 아르세우스|100/100|[silent]
|move|p2a: Calyrex|Astral Barrage|p1a: 아르세우스
|-damage|p1a: 아르세우스|63/100
|move|p1a: 아르세우스|Max Starfall|p2a: Calyrex
|-damage|p2a: Calyrex|41/100
|
|upkeep
|turn|23
|
|t:|1615189053
|switch|p2a: Ditto|Ditto|100/100
|-transform|p2a: Ditto|p1a: 아르세우스|[from] ability: Imposter
|move|p1a: 아르세우스|Max Starfall|p2a: Ditto
|-damage|p2a: Ditto|37/100
|
|-fieldend|Misty Terrain
|upkeep
|turn|24
|
|t:|1615189056
|move|p2a: Ditto|Recover|p2a: Ditto
|-heal|p2a: Ditto|87/100
|move|p1a: 아르세우스|Max Starfall|p2a: Ditto
|-damage|p2a: Ditto|23/100
|-fieldstart|move: Misty Terrain
|
|-end|p1a: 아르세우스|Dynamax
|-heal|p1a: 아르세우스|63/100|[silent]
|upkeep
|turn|25
|
|t:|1615189060
|move|p2a: Ditto|Recover|p2a: Ditto
|-heal|p2a: Ditto|73/100
|move|p1a: 아르세우스|Calm Mind|p1a: 아르세우스
|-boost|p1a: 아르세우스|spa|1
|-boost|p1a: 아르세우스|spd|1
|
|upkeep
|turn|26
|
|t:|1615189064
|switch|p2a: Eternatus|Eternatus|100/100
|-ability|p2a: Eternatus|Pressure
|move|p1a: 아르세우스|Recover|p1a: 아르세우스
|-heal|p1a: 아르세우스|100/100
|
|upkeep
|turn|27
|
|t:|1615189067
|move|p2a: Eternatus|Sludge Wave|p1a: 아르세우스
|-supereffective|p1a: 아르세우스
|-damage|p1a: 아르세우스|56/100
|move|p1a: 아르세우스|Earth Power|p2a: Eternatus
|-supereffective|p2a: Eternatus
|-damage|p2a: Eternatus|35/100
|
|upkeep
|turn|28
|
|t:|1615189085
|switch|p1a: 메타몽|Ditto|88/100
|-transform|p1a: 메타몽|p2a: Eternatus|[from] ability: Imposter
|-ability|p1a: 메타몽|Pressure
|move|p2a: Eternatus|Sludge Wave|p1a: 메타몽
|-resisted|p1a: 메타몽
|-damage|p1a: 메타몽|58/100
|
|-fieldend|Misty Terrain
|upkeep
|turn|29
|
|t:|1615189114
|move|p1a: 메타몽|Dynamax Cannon|p2a: Eternatus
|-supereffective|p2a: Eternatus
|-damage|p2a: Eternatus|0 fnt
|faint|p2a: Eternatus
|
|upkeep
|
|t:|1615189118
|switch|p2a: Calyrex|Calyrex-Shadow|41/100
|-ability|p2a: Calyrex|As One
|-ability|p2a: Calyrex|Unnerve|p1: rajof
|turn|30
|
|t:|1615189139
|move|p2a: Calyrex|Astral Barrage|p1a: 메타몽
|-damage|p1a: 메타몽|0 fnt
|faint|p1a: 메타몽
|-ability|p2a: Calyrex|Grim Neigh|boost
|-boost|p2a: Calyrex|spa|1
|
|upkeep
|
|t:|1615189144
|switch|p1a: 아르세우스|Arceus-Fairy|56/100
|turn|31
|
|t:|1615189147
|move|p2a: Calyrex|Astral Barrage|p1a: 아르세우스
|-damage|p1a: 아르세우스|0 fnt
|faint|p1a: 아르세우스
|-ability|p2a: Calyrex|Grim Neigh|boost
|-boost|p2a: Calyrex|spa|1
|
|upkeep
|-message|rajof forfeited.
|
|win|151 to go
|raw|rajof's rating: 1903 &rarr; <strong>1879</strong><br />(-24 for losing)
|raw|151 to go's rating: 1835 &rarr; <strong>1859</strong><br />(+24 for winning)
|l|☆rajof
