|j|☆Sneed2theTop
|j|☆TikiTikiTa!
|t:|1665752163
|gametype|singles
|player|p1|Sneed2theTop|n|1517
|player|p2|TikiTikiTa!|266|1573
|teamsize|p1|6
|teamsize|p2|6
|gen|8
|tier|[Gen 8] National Dex AG
|rated|
|rule|HP Percentage Mod: HP is shown in percentages
|rule|Endless Battle Clause: Forcing endless battles is banned
|clearpoke
|poke|p1|Deoxys-Speed|
|poke|p1|Zacian-*|
|poke|p1|Necrozma-Dusk-Mane|
|poke|p1|Calyrex-Shadow|
|poke|p1|Arceus-*|
|poke|p1|Yveltal|
|poke|p2|Regirock|
|poke|p2|Arceus-*|
|poke|p2|Excadrill, F|
|poke|p2|Pyukumuku, F|
|poke|p2|Toxapex, F|
|poke|p2|Lugia|
|teampreview
|
|t:|1665752168
|start
|switch|p1a: Deoxys|Deoxys-Speed|100/100
|switch|p2a: Excadrill|Excadrill, F|100/100
|-ability|p1a: Deoxys|Pressure
|-ability|p2a: Excadrill|Mold Breaker
|turn|1
|
|t:|1665752178
|move|p1a: Deoxys|Taunt|p2a: Excadrill
|-start|p2a: Excadrill|move: Taunt
|move|p2a: Excadrill|Rapid Spin|p1a: Deoxys
|-damage|p1a: Deoxys|75/100
|-boost|p2a: Excadrill|spe|1
|
|upkeep
|turn|2
|
|t:|1665752189
|move|p1a: Deoxys|Stealth Rock|p2a: Excadrill
|-sidestart|p2: TikiTikiTa!|move: Stealth Rock
|move|p2a: Excadrill|Rapid Spin|p1a: Deoxys
|-damage|p1a: Deoxys|53/100
|-boost|p2a: Excadrill|spe|1
|-sideend|p2: TikiTikiTa!|Stealth Rock|[from] move: Rapid Spin|[of] p2a: Excadrill
|
|upkeep
|turn|3
|
|t:|1665752196
|move|p2a: Excadrill|Earthquake|p1a: Deoxys
|-damage|p1a: Deoxys|0 fnt
|faint|p1a: Deoxys
|
|-end|p2a: Excadrill|move: Taunt
|upkeep
|
|t:|1665752204
|switch|p1a: Calyrex|Calyrex-Shadow|100/100
|-ability|p1a: Calyrex|As One
|-ability|p1a: Calyrex|Unnerve
|turn|4
|
|t:|1665752210
|move|p2a: Excadrill|Earthquake|p1a: Calyrex
|-damage|p1a: Calyrex|24/100
|move|p1a: Calyrex|Astral Barrage|p2a: Excadrill
|-damage|p2a: Excadrill|5/100
|
|upkeep
|turn|5
|
|t:|1665752218
|move|p2a: Excadrill|Earthquake|p1a: Calyrex
|-damage|p1a: Calyrex|0 fnt
|faint|p1a: Calyrex
|
|upkeep
|
|t:|1665752223
|switch|p1a: Yveltal|Yveltal|100/100
|-ability|p1a: Yveltal|Dark Aura
|turn|6
|
|t:|1665752228
|move|p1a: Yveltal|Sucker Punch|p2a: Excadrill
|-crit|p2a: Excadrill
|-damage|p2a: Excadrill|0 fnt
|faint|p2a: Excadrill
|-damage|p1a: Yveltal|91/100|[from] item: Life Orb
|
|upkeep
|
|t:|1665752230
|switch|p2a: Arceus|Arceus-Electric, shiny|100/100
|turn|7
|
|t:|1665752240
|switch|p1a: Arceus|Arceus-Ground|100/100
|-start|p2a: Arceus|Dynamax|
|-heal|p2a: Arceus|100/100|[silent]
|move|p2a: Arceus|Max Lightning|p1a: Arceus
|-immune|p1a: Arceus
|
|upkeep
|turn|8
|c|☆TikiTikiTa!|THE ONE
|c|☆TikiTikiTa!|ARCEUS
|c|☆TikiTikiTa!|COME ON
|
|t:|1665752250
|move|p2a: Arceus|Max Hailstorm|p1a: Arceus
|-supereffective|p1a: Arceus
|-damage|p1a: Arceus|38/100
|-weather|Hail
|move|p1a: Arceus|Swords Dance|p1a: Arceus
|-boost|p1a: Arceus|atk|2
|
|-weather|Hail|[upkeep]
|-damage|p1a: Arceus|31/100|[from] Hail
|-damage|p2a: Arceus|97/100|[from] Hail
|upkeep
|turn|9
|
|t:|1665752260
|move|p1a: Arceus|Earthquake|p2a: Arceus
|-supereffective|p2a: Arceus
|-damage|p2a: Arceus|13/100
|move|p2a: Arceus|Max Hailstorm|p1a: Arceus
|-supereffective|p1a: Arceus
|-damage|p1a: Arceus|0 fnt
|faint|p1a: Arceus
|
|-weather|Hail|[upkeep]
|-damage|p2a: Arceus|10/100|[from] Hail
|upkeep
|
|t:|1665752272
|switch|p1a: Yveltal|Yveltal|91/100
|-ability|p1a: Yveltal|Dark Aura
|-end|p2a: Arceus|Dynamax
|-heal|p2a: Arceus|10/100|[silent]
|turn|10
|
|t:|1665752278
|move|p1a: Yveltal|Sucker Punch||[still]
|-fail|p1a: Yveltal
|move|p2a: Arceus|Recover|p2a: Arceus
|-heal|p2a: Arceus|60/100
|
|-weather|Hail|[upkeep]
|-damage|p2a: Arceus|53/100|[from] Hail
|-damage|p1a: Yveltal|84/100|[from] Hail
|upkeep
|turn|11
|
|t:|1665752286
|move|p2a: Arceus|Recover|p2a: Arceus
|-heal|p2a: Arceus|100/100
|move|p1a: Yveltal|Dark Pulse|p2a: Arceus
|-damage|p2a: Arceus|42/100
|-damage|p1a: Yveltal|75/100|[from] item: Life Orb
|
|-weather|Hail|[upkeep]
|-damage|p2a: Arceus|35/100|[from] Hail
|-damage|p1a: Yveltal|68/100|[from] Hail
|upkeep
|turn|12
|
|t:|1665752297
|move|p1a: Yveltal|Sucker Punch||[still]
|-fail|p1a: Yveltal
|move|p2a: Arceus|Recover|p2a: Arceus
|-heal|p2a: Arceus|85/100
|
|-weather|none
|upkeep
|turn|13
|
|t:|1665752306
|-start|p1a: Yveltal|Dynamax|
|-heal|p1a: Yveltal|68/100|[silent]
|move|p2a: Arceus|Judgment|p1a: Yveltal
|-supereffective|p1a: Yveltal
|-damage|p1a: Yveltal|19/100
|move|p1a: Yveltal|Max Darkness|p2a: Arceus
|-damage|p2a: Arceus|0 fnt
|faint|p2a: Arceus
|-damage|p1a: Yveltal|14/100|[from] item: Life Orb
|
|upkeep
|
|t:|1665752317
|switch|p2a: I will kill you|Regirock|100/100
|turn|14
|
|t:|1665752325
|move|p1a: Yveltal|Max Darkness|p2a: I will kill you
|-ability|p2a: I will kill you|Sturdy
|-damage|p2a: I will kill you|1/100
|-unboost|p2a: I will kill you|spd|1
|-damage|p1a: Yveltal|9/100|[from] item: Life Orb
|move|p2a: I will kill you|Rock Slide|p1a: Yveltal
|-supereffective|p1a: Yveltal
|-damage|p1a: Yveltal|0 fnt
|faint|p1a: Yveltal
|
|upkeep
|
|t:|1665752348
|switch|p1a: Zacian|Zacian-Crowned|100/100
|-ability|p1a: Zacian|Intrepid Sword|boost
|-boost|p1a: Zacian|atk|1
|turn|15
|
|t:|1665752354
|move|p1a: Zacian|Behemoth Blade|p2a: I will kill you
|-supereffective|p2a: I will kill you
|-damage|p2a: I will kill you|0 fnt
|faint|p2a: I will kill you
|
|upkeep
|c|☆TikiTikiTa!|you better crit now
|
|t:|1665752359
|switch|p2a: Hi zacian|Pyukumuku, F|100/100
|turn|16
|
|t:|1665752366
|move|p1a: Zacian|Psycho Cut|p2a: Hi zacian
|-damage|p2a: Hi zacian|79/100
|move|p2a: Hi zacian|Counter|p1a: Zacian
|-damage|p1a: Zacian|59/100
|
|-heal|p2a: Hi zacian|85/100|[from] item: Leftovers
|upkeep
|turn|17
|
|t:|1665752374
|move|p1a: Zacian|Psycho Cut|p2a: Hi zacian
|-crit|p2a: Hi zacian
|-damage|p2a: Hi zacian|50/100
|move|p2a: Hi zacian|Counter|p1a: Zacian
|-damage|p1a: Zacian|0 fnt
|faint|p1a: Zacian
|
|-heal|p2a: Hi zacian|56/100|[from] item: Leftovers
|upkeep
|
|t:|1665752384
|switch|p1a: Necrozma|Necrozma-Dusk-Mane|100/100
|turn|18
|
|t:|1665752388
|detailschange|p1a: Necrozma|Necrozma-Ultra
|-burst|p1a: Necrozma|Necrozma|Ultranecrozium Z
|move|p1a: Necrozma|Dragon Dance|p1a: Necrozma
|-boost|p1a: Necrozma|atk|1
|-boost|p1a: Necrozma|spe|1
|move|p2a: Hi zacian|Recover|p2a: Hi zacian
|-heal|p2a: Hi zacian|100/100
|
|upkeep
|turn|19
|
|t:|1665752397
|move|p1a: Necrozma|Dragon Dance|p1a: Necrozma
|-boost|p1a: Necrozma|atk|1
|-boost|p1a: Necrozma|spe|1
|move|p2a: Hi zacian|Toxic|p1a: Necrozma
|-status|p1a: Necrozma|tox
|
|-damage|p1a: Necrozma|95/100 tox|[from] psn
|upkeep
|turn|20
|
|t:|1665752405
|switch|p2a: Toxapex|Toxapex, F|100/100
|move|p1a: Necrozma|Photon Geyser|p2a: Toxapex
|-supereffective|p2a: Toxapex
|-damage|p2a: Toxapex|0 fnt
|faint|p2a: Toxapex
|
|-damage|p1a: Necrozma|83/100 tox|[from] psn
|upkeep
|
|t:|1665752408
|switch|p2a: Blocker Man|Lugia|100/100
|turn|21
|
|t:|1665752420
|switch|p2a: Hi zacian|Pyukumuku, F|100/100
|move|p1a: Necrozma|Stone Edge|p2a: Hi zacian
|-damage|p2a: Hi zacian|68/100
|
|-heal|p2a: Hi zacian|74/100|[from] item: Leftovers
|-damage|p1a: Necrozma|65/100 tox|[from] psn
|upkeep
|turn|22
|
|t:|1665752431
|-zpower|p1a: Necrozma
|move|p1a: Necrozma|Light That Burns the Sky|p2a: Hi zacian|[zeffect]
|-damage|p2a: Hi zacian|0 fnt
|faint|p2a: Hi zacian
|
|-damage|p1a: Necrozma|41/100 tox|[from] psn
|upkeep
|
|t:|1665752435
|switch|p2a: Blocker Man|Lugia|100/100
|turn|23
|
|t:|1665752443
|move|p1a: Necrozma|Stone Edge|p2a: Blocker Man
|-supereffective|p2a: Blocker Man
|-damage|p2a: Blocker Man|25/100
|move|p2a: Blocker Man|Aeroblast|p1a: Necrozma
|-damage|p1a: Necrozma|9/100 tox
|
|-heal|p2a: Blocker Man|31/100|[from] item: Leftovers
|-damage|p1a: Necrozma|0 fnt|[from] psn
|faint|p1a: Necrozma
|
|win|TikiTikiTa!
|upkeep
|raw|Sneed2theTop's rating: 1517 &rarr; <strong>1500</strong><br />(-17 for losing)
|raw|TikiTikiTa!'s rating: 1573 &rarr; <strong>1590</strong><br />(+17 for winning)
|c|☆Sneed2theTop|excadrill GOAT
|l|☆TikiTikiTa!
|j|☆TikiTikiTa!
|player|p2|TikiTikiTa!|266
|l|☆Sneed2theTop
||Ladder isn't responding, score probably updated but might not have (Request timeout).
