|j|☆MVP2536
|j|☆Lord Rekkuza
|t:|1664471303
|gametype|singles
|player|p1|MVP2536|giovanni|1794
|player|p2|Lord Rekkuza|lance-lgpe|1737
|teamsize|p1|6
|teamsize|p2|6
|gen|8
|tier|[Gen 8] National Dex AG
|rated|
|rule|HP Percentage Mod: HP is shown in percentages
|rule|Endless Battle Clause: Forcing endless battles is banned
|clearpoke
|poke|p1|Groudon|
|poke|p1|Aegislash, M|
|poke|p1|Rotom-Wash|
|poke|p1|Scrafty, M|
|poke|p1|Whimsicott, F|
|poke|p1|Ditto|
|poke|p2|Necrozma-Dusk-Mane|
|poke|p2|Zygarde|
|poke|p2|Eternatus|
|poke|p2|Arceus-*|
|poke|p2|Yveltal|
|poke|p2|Chansey, F|
|teampreview
|inactive|Battle timer is ON: inactive players will automatically lose when time's up. (requested by Lord Rekkuza)
|j| BugCatcherFlatz
|c| BugCatcherFlatz|sick vs mid
|c| BugCatcherFlatz|i wonder who wins?
|
|t:|1664471323
|start
|switch|p1a: Ditto|Ditto|100/100
|switch|p2a: Zygarde|Zygarde, shiny|100/100
|-transform|p1a: Ditto|p2a: Zygarde|[from] ability: Imposter
|turn|1
|c|☆MVP2536|uh k
|
|t:|1664471338
|switch|p1a: Scrafty|Scrafty, M|100/100
|switch|p2a: Chansey|Chansey, F|100/100
|
|upkeep
|turn|2
|
|t:|1664471343
|switch|p2a: Arceus|Arceus-Fairy|100/100
|move|p1a: Scrafty|Knock Off|p2a: Arceus
|-resisted|p2a: Arceus
|-damage|p2a: Arceus|94/100
|
|upkeep
|turn|3
|
|t:|1664471350
|switch|p1a: garbage|Groudon|100/100
|detailschange|p1a: garbage|Groudon-Primal
|-primal|p1a: garbage
|-weather|DesolateLand|[from] ability: Desolate Land|[of] p1a: garbage
|move|p2a: Arceus|Judgment|p1a: garbage
|-resisted|p1a: garbage
|-damage|p1a: garbage|83/100
|
|-weather|DesolateLand|[upkeep]
|upkeep
|turn|4
|
|t:|1664471358
|switch|p2a: Zygarde|Zygarde, shiny|100/100
|move|p1a: garbage|Heat Crash|p2a: Zygarde
|-resisted|p2a: Zygarde
|-damage|p2a: Zygarde|81/100
|
|-weather|DesolateLand|[upkeep]
|upkeep
|turn|5
|
|t:|1664471364
|move|p2a: Zygarde|Glare|p1a: garbage
|-status|p1a: garbage|par
|move|p1a: garbage|Precipice Blades|p2a: Zygarde
|-damage|p2a: Zygarde|42/100
|
|-weather|DesolateLand|[upkeep]
|-activate|p2a: Zygarde|ability: Power Construct
|detailschange|p2a: Zygarde|Zygarde-Complete, shiny
|-heal|p2a: Zygarde|62/100|[silent]
|upkeep
|turn|6
|
|t:|1664471371
|-weather|none
|switch|p1a: Whimsicott|Whimsicott, F|100/100
|move|p2a: Zygarde|Thousand Arrows|p1a: Whimsicott
|-resisted|p1a: Whimsicott
|-damage|p1a: Whimsicott|76/100
|
|upkeep
|turn|7
|
|t:|1664471377
|move|p1a: Whimsicott|Taunt|p2a: Zygarde
|-start|p2a: Zygarde|move: Taunt
|cant|p2a: Zygarde|move: Taunt|Glare
|
|upkeep
|turn|8
|
|t:|1664471382
|switch|p2a: Eternatus|Eternatus|100/100
|-ability|p2a: Eternatus|Pressure
|move|p1a: Whimsicott|Leech Seed|p2a: Eternatus
|-start|p2a: Eternatus|move: Leech Seed
|
|-damage|p2a: Eternatus|88/100|[from] Leech Seed|[of] p1a: Whimsicott
|-heal|p1a: Whimsicott|99/100|[silent]
|upkeep
|turn|9
|
|t:|1664471388
|switch|p1a: Ditto|Ditto|100/100
|-transform|p1a: Ditto|p2a: Eternatus|[from] ability: Imposter
|-ability|p1a: Ditto|Pressure
|move|p2a: Eternatus|Mystical Fire|p1a: Ditto
|-resisted|p1a: Ditto
|-damage|p1a: Ditto|90/100
|-unboost|p1a: Ditto|spa|1
|
|-heal|p2a: Eternatus|94/100|[from] item: Black Sludge
|-damage|p2a: Eternatus|82/100|[from] Leech Seed|[of] p1a: Ditto
|-heal|p1a: Ditto|100/100|[silent]
|upkeep
|turn|10
|
|t:|1664471400
|switch|p2a: Chansey|Chansey, F|100/100
|move|p1a: Ditto|Toxic Spikes|p2a: Chansey
|-sidestart|p2: Lord Rekkuza|move: Toxic Spikes
|
|upkeep
|turn|11
|j| Vacuum1234
|
|t:|1664471408
|switch|p1a: garbage|Groudon-Primal|83/100 par
|-weather|DesolateLand|[from] ability: Desolate Land|[of] p1a: garbage
|switch|p2a: Necrozma|Necrozma-Dusk-Mane|100/100
|
|-weather|DesolateLand|[upkeep]
|upkeep
|turn|12
|
|t:|1664471413
|switch|p2a: Zygarde|Zygarde-Complete, shiny|62/100
|-status|p2a: Zygarde|psn
|cant|p1a: garbage|par
|
|-weather|DesolateLand|[upkeep]
|-damage|p2a: Zygarde|49/100 psn|[from] psn
|upkeep
|turn|13
|
|t:|1664471419
|move|p2a: Zygarde|Glare|p1a: garbage
|-fail|p1a: garbage|par
|cant|p1a: garbage|par
|
|-weather|DesolateLand|[upkeep]
|-damage|p2a: Zygarde|37/100 psn|[from] psn
|upkeep
|turn|14
|
|t:|1664471426
|-weather|none
|switch|p1a: Whimsicott|Whimsicott, F|99/100
|move|p2a: Zygarde|Rest|p2a: Zygarde
|-status|p2a: Zygarde|slp|[from] move: Rest
|-heal|p2a: Zygarde|100/100 slp|[silent]
|
|upkeep
|turn|15
|
|t:|1664471430
|switch|p2a: Eternatus|Eternatus|82/100
|-sideend|p2: Lord Rekkuza|move: Toxic Spikes|[of] p2a: Eternatus
|-ability|p2a: Eternatus|Pressure
|move|p1a: Whimsicott|Moonblast|p2a: Eternatus
|-damage|p2a: Eternatus|64/100
|
|-heal|p2a: Eternatus|70/100|[from] item: Black Sludge
|upkeep
|turn|16
|
|t:|1664471437
|switch|p1a: garbage|Groudon-Primal|83/100 par
|-weather|DesolateLand|[from] ability: Desolate Land|[of] p1a: garbage
|switch|p2a: Chansey|Chansey, F|100/100
|
|-weather|DesolateLand|[upkeep]
|upkeep
|turn|17
|
|t:|1664471444
|switch|p2a: Zygarde|Zygarde-Complete, shiny|100/100 slp
|move|p1a: garbage|Precipice Blades|p2a: Zygarde
|-damage|p2a: Zygarde|74/100 slp
|
|-weather|DesolateLand|[upkeep]
|upkeep
|turn|18
|
|t:|1664471450
|cant|p2a: Zygarde|slp
|move|p1a: garbage|Precipice Blades|p2a: Zygarde
|-damage|p2a: Zygarde|51/100 slp
|
|-weather|DesolateLand|[upkeep]
|upkeep
|turn|19
|
|t:|1664471458
|cant|p2a: Zygarde|slp
|move|p1a: garbage|Precipice Blades|p2a: Zygarde
|-damage|p2a: Zygarde|27/100 slp
|
|-weather|DesolateLand|[upkeep]
|upkeep
|turn|20
|
|t:|1664471464
|-weather|none
|switch|p1a: Whimsicott|Whimsicott, F|99/100
|-curestatus|p2a: Zygarde|slp|[msg]
|move|p2a: Zygarde|Rest|p2a: Zygarde
|-status|p2a: Zygarde|slp|[from] move: Rest
|-heal|p2a: Zygarde|100/100 slp|[silent]
|
|upkeep
|turn|21
|
|t:|1664471475
|switch|p2a: Eternatus|Eternatus|70/100
|-ability|p2a: Eternatus|Pressure
|move|p1a: Whimsicott|Leech Seed|p2a: Eternatus|[miss]
|-miss|p1a: Whimsicott|p2a: Eternatus
|
|-heal|p2a: Eternatus|76/100|[from] item: Black Sludge
|upkeep
|turn|22
|
|t:|1664471480
|switch|p1a: garbage|Groudon-Primal|83/100 par
|-weather|DesolateLand|[from] ability: Desolate Land|[of] p1a: garbage
|move|p2a: Eternatus|Toxic Spikes|p1a: garbage
|-sidestart|p1: MVP2536|move: Toxic Spikes
|
|-weather|DesolateLand|[upkeep]
|-heal|p2a: Eternatus|83/100|[from] item: Black Sludge
|upkeep
|turn|23
|
|t:|1664471484
|switch|p2a: Zygarde|Zygarde-Complete, shiny|100/100 slp
|move|p1a: garbage|Rest|p1a: garbage
|-status|p1a: garbage|slp|[from] move: Rest
|-heal|p1a: garbage|100/100 slp|[silent]
|
|-weather|DesolateLand|[upkeep]
|upkeep
|turn|24
|
|t:|1664471486
|cant|p2a: Zygarde|slp
|cant|p1a: garbage|slp
|move|p1a: garbage|Sleep Talk|p1a: garbage
|move|p1a: garbage|Heat Crash|p2a: Zygarde|[from]move: Sleep Talk
|-resisted|p2a: Zygarde
|-damage|p2a: Zygarde|95/100 slp
|
|-weather|DesolateLand|[upkeep]
|upkeep
|turn|25
|
|t:|1664471491
|-weather|none
|switch|p1a: Whimsicott|Whimsicott, F|99/100
|cant|p2a: Zygarde|slp
|
|upkeep
|turn|26
|
|t:|1664471497
|move|p1a: Whimsicott|Taunt|p2a: Zygarde
|-start|p2a: Zygarde|move: Taunt
|-curestatus|p2a: Zygarde|slp|[msg]
|cant|p2a: Zygarde|move: Taunt|Glare
|
|upkeep
|turn|27
|
|t:|1664471516
|switch|p2a: Eternatus|Eternatus|83/100
|-ability|p2a: Eternatus|Pressure
|move|p1a: Whimsicott|Moonblast|p2a: Eternatus
|-damage|p2a: Eternatus|62/100
|
|-heal|p2a: Eternatus|69/100|[from] item: Black Sludge
|upkeep
|turn|28
|
|t:|1664471526
|switch|p1a: garbage|Groudon-Primal|100/100 slp
|-weather|DesolateLand|[from] ability: Desolate Land|[of] p1a: garbage
|switch|p2a: Zygarde|Zygarde-Complete, shiny|95/100
|
|-weather|DesolateLand|[upkeep]
|upkeep
|turn|29
|
|t:|1664471532
|move|p2a: Zygarde|Thousand Arrows|p1a: garbage
|-supereffective|p1a: garbage
|-damage|p1a: garbage|69/100 slp
|cant|p1a: garbage|slp
|move|p1a: garbage|Sleep Talk|p1a: garbage
|move|p1a: garbage|Rest||[from]move: Sleep Talk|[still]
|-fail|p1a: garbage
|
|-weather|DesolateLand|[upkeep]
|upkeep
|turn|30
|
|t:|1664471535
|move|p2a: Zygarde|Thousand Arrows|p1a: garbage
|-supereffective|p1a: garbage
|-damage|p1a: garbage|36/100 slp
|-curestatus|p1a: garbage|slp|[msg]
|move|p1a: garbage|Precipice Blades|p2a: Zygarde
|-damage|p2a: Zygarde|70/100
|
|-weather|DesolateLand|[upkeep]
|upkeep
|turn|31
|
|t:|1664471540
|move|p2a: Zygarde|Thousand Arrows|p1a: garbage
|-supereffective|p1a: garbage
|-damage|p1a: garbage|1/100
|move|p1a: garbage|Rest|p1a: garbage
|-status|p1a: garbage|slp|[from] move: Rest
|-heal|p1a: garbage|100/100 slp|[silent]
|
|-weather|DesolateLand|[upkeep]
|upkeep
|turn|32
|
|t:|1664471547
|-weather|none
|switch|p1a: Whimsicott|Whimsicott, F|99/100
|move|p2a: Zygarde|Thousand Arrows|p1a: Whimsicott
|-resisted|p1a: Whimsicott
|-damage|p1a: Whimsicott|76/100
|
|upkeep
|turn|33
|
|t:|1664471552
|switch|p2a: Necrozma|Necrozma-Dusk-Mane|100/100
|move|p1a: Whimsicott|Leech Seed|p2a: Necrozma
|-start|p2a: Necrozma|move: Leech Seed
|
|-damage|p2a: Necrozma|88/100|[from] Leech Seed|[of] p1a: Whimsicott
|-heal|p1a: Whimsicott|94/100|[silent]
|upkeep
|turn|34
|
|t:|1664471559
|switch|p1a: Ditto|Ditto|100/100
|-status|p1a: Ditto|psn
|-transform|p1a: Ditto|p2a: Necrozma|[from] ability: Imposter
|move|p2a: Necrozma|Knock Off|p1a: Ditto
|-supereffective|p1a: Ditto
|-damage|p1a: Ditto|67/100 psn
|-enditem|p1a: Ditto|Choice Scarf|[from] move: Knock Off|[of] p2a: Necrozma
|
|-damage|p2a: Necrozma|76/100|[from] Leech Seed|[of] p1a: Ditto
|-heal|p1a: Ditto|84/100 psn|[silent]
|-damage|p1a: Ditto|71/100 psn|[from] psn
|upkeep
|turn|35
|
|t:|1664471573
|switch|p2a: Arceus|Arceus-Fairy|94/100
|move|p1a: Ditto|Knock Off|p2a: Arceus
|-resisted|p2a: Arceus
|-damage|p2a: Arceus|89/100
|
|-damage|p1a: Ditto|59/100 psn|[from] psn
|upkeep
|turn|36
|
|t:|1664471589
|switch|p2a: Zygarde|Zygarde-Complete, shiny|70/100
|move|p1a: Ditto|Stealth Rock|p2a: Zygarde
|-sidestart|p2: Lord Rekkuza|move: Stealth Rock
|
|-damage|p1a: Ditto|47/100 psn|[from] psn
|upkeep
|turn|37
|
|t:|1664471598
|switch|p1a: Scrafty|Scrafty, M|100/100
|-status|p1a: Scrafty|psn
|move|p2a: Zygarde|Thousand Arrows|p1a: Scrafty
|-damage|p1a: Scrafty|71/100 psn
|
|-damage|p1a: Scrafty|58/100 psn|[from] psn
|upkeep
|turn|38
|
|t:|1664471608
|switch|p2a: Arceus|Arceus-Fairy|89/100
|-damage|p2a: Arceus|76/100|[from] Stealth Rock
|switch|p1a: Whimsicott|Whimsicott, F|94/100
|
|upkeep
|turn|39
|
|t:|1664471614
|move|p1a: Whimsicott|Taunt|p2a: Arceus
|-start|p2a: Arceus|move: Taunt
|move|p2a: Arceus|Judgment|p1a: Whimsicott
|-damage|p1a: Whimsicott|20/100
|
|upkeep
|turn|40
|
|t:|1664471622
|switch|p1a: Aegislash|Aegislash, M|100/100
|move|p2a: Arceus|Judgment|p1a: Aegislash
|-resisted|p1a: Aegislash
|-damage|p1a: Aegislash|82/100
|
|-heal|p1a: Aegislash|88/100|[from] item: Leftovers
|upkeep
|turn|41
|
|t:|1664471632
|switch|p2a: Necrozma|Necrozma-Dusk-Mane|76/100
|-damage|p2a: Necrozma|70/100|[from] Stealth Rock
|-formechange|p1a: Aegislash|Aegislash-Blade||[from] ability: Stance Change
|move|p1a: Aegislash|Iron Head|p2a: Necrozma
|-resisted|p2a: Necrozma
|-damage|p2a: Necrozma|56/100
|-damage|p1a: Aegislash|71/100|[from] item: Rocky Helmet|[of] p2a: Necrozma
|
|-heal|p1a: Aegislash|78/100|[from] item: Leftovers
|upkeep
|turn|42
|
|t:|1664471637
|switch|p1a: garbage|Groudon-Primal|100/100 slp
|-weather|DesolateLand|[from] ability: Desolate Land|[of] p1a: garbage
|move|p2a: Necrozma|Moonlight|p2a: Necrozma
|-heal|p2a: Necrozma|100/100
|
|-weather|DesolateLand|[upkeep]
|upkeep
|turn|43
|
|t:|1664471644
|switch|p2a: Arceus|Arceus-Fairy|76/100
|-damage|p2a: Arceus|64/100|[from] Stealth Rock
|cant|p1a: garbage|slp
|move|p1a: garbage|Sleep Talk|p1a: garbage
|move|p1a: garbage|Precipice Blades|p2a: Arceus|[from]move: Sleep Talk
|-damage|p2a: Arceus|29/100
|
|-weather|DesolateLand|[upkeep]
|upkeep
|turn|44
|
|t:|1664471649
|move|p2a: Arceus|Recover|p2a: Arceus
|-heal|p2a: Arceus|79/100
|cant|p1a: garbage|slp
|move|p1a: garbage|Sleep Talk|p1a: garbage
|move|p1a: garbage|Precipice Blades|p2a: Arceus|[from]move: Sleep Talk
|-damage|p2a: Arceus|43/100
|
|-weather|DesolateLand|[upkeep]
|upkeep
|turn|45
|
|t:|1664471653
|move|p2a: Arceus|Defog|p1a: garbage
|-unboost|p1a: garbage|evasion|1
|-sideend|p1: MVP2536|Toxic Spikes|[from] move: Defog|[of] p2a: Arceus
|-sideend|p2: Lord Rekkuza|Stealth Rock|[from] move: Defog|[of] p2a: Arceus
|-curestatus|p1a: garbage|slp|[msg]
|move|p1a: garbage|Heat Crash|p2a: Arceus
|-damage|p2a: Arceus|6/100
|
|-weather|DesolateLand|[upkeep]
|upkeep
|turn|46
|
|t:|1664471657
|move|p2a: Arceus|Recover|p2a: Arceus
|-heal|p2a: Arceus|56/100
|move|p1a: garbage|Heat Crash|p2a: Arceus
|-damage|p2a: Arceus|21/100
|
|-weather|DesolateLand|[upkeep]
|upkeep
|turn|47
|
|t:|1664471660
|move|p2a: Arceus|Recover|p2a: Arceus
|-heal|p2a: Arceus|71/100
|move|p1a: garbage|Heat Crash|p2a: Arceus
|-damage|p2a: Arceus|37/100
|
|-weather|DesolateLand|[upkeep]
|upkeep
|turn|48
|
|t:|1664471663
|move|p2a: Arceus|Recover|p2a: Arceus
|-heal|p2a: Arceus|87/100
|move|p1a: garbage|Precipice Blades|p2a: Arceus|[miss]
|-miss|p1a: garbage|p2a: Arceus
|
|-weather|DesolateLand|[upkeep]
|upkeep
|turn|49
|
|t:|1664471666
|switch|p2a: Zygarde|Zygarde-Complete, shiny|70/100
|move|p1a: garbage|Heat Crash|p2a: Zygarde
|-resisted|p2a: Zygarde
|-damage|p2a: Zygarde|64/100
|
|-weather|DesolateLand|[upkeep]
|upkeep
|turn|50
|
|t:|1664471671
|-weather|none
|switch|p1a: Scrafty|Scrafty, M|58/100 psn
|move|p2a: Zygarde|Glare||[still]
|-fail|p2a: Zygarde
|
|-damage|p1a: Scrafty|46/100 psn|[from] psn
|upkeep
|turn|51
|
|t:|1664471678
|switch|p2a: Arceus|Arceus-Fairy|87/100
|move|p1a: Scrafty|Ice Punch|p2a: Arceus
|-damage|p2a: Arceus|77/100
|-status|p2a: Arceus|frz
|
|-activate|p1a: Scrafty|ability: Shed Skin
|-curestatus|p1a: Scrafty|psn|[msg]
|upkeep
|turn|52
|
|t:|1664471682
|switch|p1a: Aegislash|Aegislash, M|78/100
|cant|p2a: Arceus|frz
|
|-heal|p1a: Aegislash|84/100|[from] item: Leftovers
|upkeep
|turn|53
|
|t:|1664471686
|switch|p2a: Necrozma|Necrozma-Dusk-Mane|100/100
|-formechange|p1a: Aegislash|Aegislash-Blade||[from] ability: Stance Change
|move|p1a: Aegislash|Iron Head|p2a: Necrozma
|-resisted|p2a: Necrozma
|-damage|p2a: Necrozma|88/100
|-damage|p1a: Aegislash|67/100|[from] item: Rocky Helmet|[of] p2a: Necrozma
|
|-heal|p1a: Aegislash|73/100|[from] item: Leftovers
|upkeep
|turn|54
|
|t:|1664471691
|switch|p1a: Ditto|Ditto|47/100 psn
|-transform|p1a: Ditto|p2a: Necrozma|[from] ability: Imposter
|move|p2a: Necrozma|Stealth Rock|p1a: Ditto
|-sidestart|p1: MVP2536|move: Stealth Rock
|
|-damage|p1a: Ditto|34/100 psn|[from] psn
|upkeep
|turn|55
|
|t:|1664471700
|move|p2a: Necrozma|Knock Off|p1a: Ditto
|-supereffective|p1a: Ditto
|-damage|p1a: Ditto|10/100 psn
|move|p1a: Ditto|Moonlight|p1a: Ditto
|-heal|p1a: Ditto|60/100 psn
|
|-damage|p1a: Ditto|48/100 psn|[from] psn
|upkeep
|turn|56
|
|t:|1664471710
|move|p2a: Necrozma|Knock Off|p1a: Ditto
|-supereffective|p1a: Ditto
|-damage|p1a: Ditto|23/100 psn
|move|p1a: Ditto|Stealth Rock|p2a: Necrozma
|-sidestart|p2: Lord Rekkuza|move: Stealth Rock
|
|-damage|p1a: Ditto|10/100 psn|[from] psn
|upkeep
|turn|57
|
|t:|1664471722
|move|p1a: Ditto|Moonlight|p1a: Ditto
|-heal|p1a: Ditto|60/100 psn
|move|p2a: Necrozma|Knock Off|p1a: Ditto
|-supereffective|p1a: Ditto
|-damage|p1a: Ditto|36/100 psn
|
|-damage|p1a: Ditto|24/100 psn|[from] psn
|upkeep
|turn|58
|
|t:|1664471727
|switch|p1a: garbage|Groudon-Primal|100/100
|-damage|p1a: garbage|88/100|[from] Stealth Rock
|-weather|DesolateLand|[from] ability: Desolate Land|[of] p1a: garbage
|move|p2a: Necrozma|Knock Off|p1a: garbage
|-damage|p1a: garbage|76/100
|
|-weather|DesolateLand|[upkeep]
|upkeep
|turn|59
|
|t:|1664471732
|switch|p2a: Zygarde|Zygarde-Complete, shiny|64/100
|-damage|p2a: Zygarde|58/100|[from] Stealth Rock
|move|p1a: garbage|Precipice Blades|p2a: Zygarde
|-damage|p2a: Zygarde|31/100
|
|-weather|DesolateLand|[upkeep]
|upkeep
|turn|60
|
|t:|1664471740
|move|p2a: Zygarde|Glare|p1a: garbage
|-status|p1a: garbage|par
|move|p1a: garbage|Precipice Blades|p2a: Zygarde
|-damage|p2a: Zygarde|6/100
|
|-weather|DesolateLand|[upkeep]
|upkeep
|turn|61
|
|t:|1664471744
|-weather|none
|switch|p1a: Whimsicott|Whimsicott, F|20/100
|move|p2a: Zygarde|Rest|p2a: Zygarde
|-status|p2a: Zygarde|slp|[from] move: Rest
|-heal|p2a: Zygarde|100/100 slp|[silent]
|
|upkeep
|turn|62
|
|t:|1664471752
|switch|p2a: Necrozma|Necrozma-Dusk-Mane|88/100
|-damage|p2a: Necrozma|82/100|[from] Stealth Rock
|move|p1a: Whimsicott|Leech Seed|p2a: Necrozma|[miss]
|-miss|p1a: Whimsicott|p2a: Necrozma
|
|upkeep
|turn|63
|c|☆MVP2536|bruh
|
|t:|1664471764
|switch|p1a: garbage|Groudon-Primal|76/100 par
|-damage|p1a: garbage|64/100 par|[from] Stealth Rock
|-weather|DesolateLand|[from] ability: Desolate Land|[of] p1a: garbage
|move|p2a: Necrozma|Sunsteel Strike|p1a: garbage
|-resisted|p1a: garbage
|-damage|p1a: garbage|50/100 par
|
|-weather|DesolateLand|[upkeep]
|upkeep
|turn|64
|
|t:|1664471770
|switch|p2a: Zygarde|Zygarde-Complete, shiny|100/100 slp
|-damage|p2a: Zygarde|94/100 slp|[from] Stealth Rock
|move|p1a: garbage|Rest|p1a: garbage
|-status|p1a: garbage|slp|[from] move: Rest
|-heal|p1a: garbage|100/100 slp|[silent]
|
|-weather|DesolateLand|[upkeep]
|upkeep
|turn|65
|
|t:|1664471773
|-weather|none
|switch|p1a: Whimsicott|Whimsicott, F|20/100
|cant|p2a: Zygarde|slp
|
|upkeep
|turn|66
|
|t:|1664471778
|switch|p2a: Necrozma|Necrozma-Dusk-Mane|82/100
|-damage|p2a: Necrozma|76/100|[from] Stealth Rock
|move|p1a: Whimsicott|Leech Seed|p2a: Necrozma|[miss]
|-miss|p1a: Whimsicott|p2a: Necrozma
|
|upkeep
|turn|67
|c|☆MVP2536|bruh
|
|t:|1664471787
|switch|p1a: Rotom|Rotom-Wash|100/100
|-damage|p1a: Rotom|88/100|[from] Stealth Rock
|switch|p2a: Arceus|Arceus-Fairy|77/100 frz
|-damage|p2a: Arceus|65/100 frz|[from] Stealth Rock
|
|upkeep
|turn|68
|
|t:|1664471791
|cant|p2a: Arceus|frz
|move|p1a: Rotom|Volt Switch|p2a: Arceus
|-crit|p2a: Arceus
|-damage|p2a: Arceus|38/100 frz
|
|t:|1664471795
|switch|p1a: Aegislash|Aegislash, M|73/100|[from]move: Volt Switch
|-damage|p1a: Aegislash|67/100|[from] Stealth Rock
|
|-heal|p1a: Aegislash|73/100|[from] item: Leftovers
|upkeep
|turn|69
|
|t:|1664471800
|switch|p2a: Necrozma|Necrozma-Dusk-Mane|76/100
|-damage|p2a: Necrozma|70/100|[from] Stealth Rock
|-formechange|p1a: Aegislash|Aegislash-Blade||[from] ability: Stance Change
|move|p1a: Aegislash|Iron Head|p2a: Necrozma
|-resisted|p2a: Necrozma
|-damage|p2a: Necrozma|57/100
|-damage|p1a: Aegislash|57/100|[from] item: Rocky Helmet|[of] p2a: Necrozma
|
|-heal|p1a: Aegislash|63/100|[from] item: Leftovers
|upkeep
|turn|70
|
|t:|1664471809
|switch|p1a: garbage|Groudon-Primal|100/100 slp
|-damage|p1a: garbage|88/100 slp|[from] Stealth Rock
|-weather|DesolateLand|[from] ability: Desolate Land|[of] p1a: garbage
|move|p2a: Necrozma|Moonlight|p2a: Necrozma
|-heal|p2a: Necrozma|100/100
|
|-weather|DesolateLand|[upkeep]
|upkeep
|turn|71
|j| BrillianceBlob
|
|t:|1664471813
|switch|p2a: Zygarde|Zygarde-Complete, shiny|94/100 slp
|-damage|p2a: Zygarde|88/100 slp|[from] Stealth Rock
|cant|p1a: garbage|slp
|move|p1a: garbage|Sleep Talk|p1a: garbage
|move|p1a: garbage|Heat Crash|p2a: Zygarde|[from]move: Sleep Talk
|-resisted|p2a: Zygarde
|-damage|p2a: Zygarde|82/100 slp
|
|-weather|DesolateLand|[upkeep]
|upkeep
|turn|72
|l| BrillianceBlob
|
|t:|1664471817
|cant|p2a: Zygarde|slp
|cant|p1a: garbage|slp
|move|p1a: garbage|Sleep Talk|p1a: garbage
|move|p1a: garbage|Precipice Blades|p2a: Zygarde|[from]move: Sleep Talk
|-damage|p2a: Zygarde|59/100 slp
|
|-weather|DesolateLand|[upkeep]
|upkeep
|turn|73
|
|t:|1664471824
|-curestatus|p2a: Zygarde|slp|[msg]
|move|p2a: Zygarde|Thousand Arrows|p1a: garbage
|-supereffective|p1a: garbage
|-damage|p1a: garbage|52/100 slp
|-curestatus|p1a: garbage|slp|[msg]
|move|p1a: garbage|Precipice Blades|p2a: Zygarde
|-damage|p2a: Zygarde|35/100
|
|-weather|DesolateLand|[upkeep]
|upkeep
|turn|74
|
|t:|1664471830
|move|p2a: Zygarde|Rest|p2a: Zygarde
|-status|p2a: Zygarde|slp|[from] move: Rest
|-heal|p2a: Zygarde|100/100 slp|[silent]
|move|p1a: garbage|Rest|p1a: garbage
|-status|p1a: garbage|slp|[from] move: Rest
|-heal|p1a: garbage|100/100 slp|[silent]
|
|-weather|DesolateLand|[upkeep]
|upkeep
|turn|75
|
|t:|1664471833
|-weather|none
|switch|p1a: Whimsicott|Whimsicott, F|20/100
|cant|p2a: Zygarde|slp
|
|upkeep
|turn|76
|
|t:|1664471838
|switch|p2a: Eternatus|Eternatus|69/100
|-damage|p2a: Eternatus|56/100|[from] Stealth Rock
|-ability|p2a: Eternatus|Pressure
|move|p1a: Whimsicott|Leech Seed|p2a: Eternatus
|-start|p2a: Eternatus|move: Leech Seed
|
|-heal|p2a: Eternatus|62/100|[from] item: Black Sludge
|-damage|p2a: Eternatus|50/100|[from] Leech Seed|[of] p1a: Whimsicott
|-heal|p1a: Whimsicott|43/100|[silent]
|upkeep
|turn|77
|
|t:|1664471848
|move|p1a: Whimsicott|Taunt|p2a: Eternatus
|-start|p2a: Eternatus|move: Taunt
|cant|p2a: Eternatus|move: Taunt|Recover
|
|-heal|p2a: Eternatus|56/100|[from] item: Black Sludge
|-damage|p2a: Eternatus|44/100|[from] Leech Seed|[of] p1a: Whimsicott
|-heal|p1a: Whimsicott|66/100|[silent]
|upkeep
|turn|78
|
|t:|1664471855
|switch|p1a: Aegislash|Aegislash, M|63/100
|-damage|p1a: Aegislash|57/100|[from] Stealth Rock
|move|p2a: Eternatus|Mystical Fire|p1a: Aegislash
|-supereffective|p1a: Aegislash
|-damage|p1a: Aegislash|20/100
|-unboost|p1a: Aegislash|spa|1
|
|-heal|p2a: Eternatus|50/100|[from] item: Black Sludge
|-heal|p1a: Aegislash|26/100|[from] item: Leftovers
|-damage|p2a: Eternatus|38/100|[from] Leech Seed|[of] p1a: Aegislash
|-heal|p1a: Aegislash|44/100|[silent]
|upkeep
|turn|79
|
|t:|1664471861
|switch|p2a: Necrozma|Necrozma-Dusk-Mane|100/100
|-damage|p2a: Necrozma|94/100|[from] Stealth Rock
|switch|p1a: Ditto|Ditto|24/100 psn
|-damage|p1a: Ditto|12/100 psn|[from] Stealth Rock
|-transform|p1a: Ditto|p2a: Necrozma|[from] ability: Imposter
|
|-damage|p1a: Ditto|0 fnt|[from] psn
|faint|p1a: Ditto
|upkeep
|
|t:|1664471876
|switch|p1a: garbage|Groudon-Primal|100/100 slp
|-damage|p1a: garbage|88/100 slp|[from] Stealth Rock
|-weather|DesolateLand|[from] ability: Desolate Land|[of] p1a: garbage
|turn|80
|
|t:|1664471880
|-weather|none
|switch|p1a: Whimsicott|Whimsicott, F|66/100
|switch|p2a: Zygarde|Zygarde-Complete, shiny|100/100 slp
|-damage|p2a: Zygarde|94/100 slp|[from] Stealth Rock
|
|upkeep
|turn|81
|
|t:|1664471889
|switch|p2a: Necrozma|Necrozma-Dusk-Mane|94/100
|-damage|p2a: Necrozma|88/100|[from] Stealth Rock
|move|p1a: Whimsicott|Leech Seed|p2a: Necrozma
|-start|p2a: Necrozma|move: Leech Seed
|
|-damage|p2a: Necrozma|76/100|[from] Leech Seed|[of] p1a: Whimsicott
|-heal|p1a: Whimsicott|85/100|[silent]
|upkeep
|turn|82
|
|t:|1664471896
|-start|p1a: Whimsicott|Dynamax|
|-heal|p1a: Whimsicott|85/100|[silent]
|move|p1a: Whimsicott|Max Flare|p2a: Necrozma
|-supereffective|p2a: Necrozma
|-damage|p2a: Necrozma|41/100
|-weather|SunnyDay
|move|p2a: Necrozma|Sunsteel Strike|p1a: Whimsicott
|-supereffective|p1a: Whimsicott
|-damage|p1a: Whimsicott|8/100
|
|-weather|SunnyDay|[upkeep]
|-damage|p2a: Necrozma|29/100|[from] Leech Seed|[of] p1a: Whimsicott
|-heal|p1a: Whimsicott|18/100|[silent]
|upkeep
|turn|83
|
|t:|1664471911
|switch|p2a: Chansey|Chansey, F|100/100
|-damage|p2a: Chansey|88/100|[from] Stealth Rock
|move|p1a: Whimsicott|Max Flare|p2a: Chansey
|-damage|p2a: Chansey|75/100
|
|-weather|SunnyDay|[upkeep]
|upkeep
|turn|84
|l| BugCatcherFlatz
|
|t:|1664471929
|move|p1a: Whimsicott|Max Starfall|p2a: Chansey
|-damage|p2a: Chansey|59/100
|-fieldstart|move: Misty Terrain
|move|p2a: Chansey|Aromatherapy|p2a: Chansey
|-activate|p2a: Chansey|move: Aromatherapy
|-curestatus|p2: Zygarde|slp|[msg]
|-curestatus|p2: Arceus|frz|[msg]
|
|-weather|SunnyDay|[upkeep]
|upkeep
|-end|p1a: Whimsicott|Dynamax
|-heal|p1a: Whimsicott|18/100|[silent]
|turn|85
|
|t:|1664471940
|move|p1a: Whimsicott|Leech Seed|p2a: Chansey
|-start|p2a: Chansey|move: Leech Seed
|move|p2a: Chansey|Soft-Boiled|p2a: Chansey
|-heal|p2a: Chansey|100/100
|
|-weather|SunnyDay|[upkeep]
|-damage|p2a: Chansey|88/100|[from] Leech Seed|[of] p1a: Whimsicott
|-heal|p1a: Whimsicott|51/100|[silent]
|upkeep
|turn|86
|
|t:|1664471956
|switch|p2a: Arceus|Arceus-Fairy|38/100
|-damage|p2a: Arceus|26/100|[from] Stealth Rock
|move|p1a: Whimsicott|Moonblast|p2a: Arceus
|-damage|p2a: Arceus|5/100
|
|-weather|none
|upkeep
|turn|87
|
|t:|1664471964
|move|p1a: Whimsicott|Moonblast|p2a: Arceus
|-damage|p2a: Arceus|0 fnt
|faint|p2a: Arceus
|
|upkeep
|
|t:|1664471968
|switch|p2a: Necrozma|Necrozma-Dusk-Mane|29/100
|-damage|p2a: Necrozma|23/100|[from] Stealth Rock
|turn|88
|
|t:|1664471973
|move|p1a: Whimsicott|Hidden Power|p2a: Necrozma
|-supereffective|p2a: Necrozma
|-damage|p2a: Necrozma|5/100
|move|p2a: Necrozma|Moonlight|p2a: Necrozma
|-heal|p2a: Necrozma|55/100
|
|-fieldend|Misty Terrain
|upkeep
|turn|89
|
|t:|1664471979
|switch|p1a: garbage|Groudon-Primal|88/100 slp
|-damage|p1a: garbage|76/100 slp|[from] Stealth Rock
|-weather|DesolateLand|[from] ability: Desolate Land|[of] p1a: garbage
|move|p2a: Necrozma|Moonlight|p2a: Necrozma
|-heal|p2a: Necrozma|100/100
|
|-weather|DesolateLand|[upkeep]
|upkeep
|turn|90
|
|t:|1664471987
|-weather|none
|switch|p1a: Rotom|Rotom-Wash|88/100
|-damage|p1a: Rotom|76/100|[from] Stealth Rock
|switch|p2a: Zygarde|Zygarde-Complete, shiny|94/100
|-damage|p2a: Zygarde|88/100|[from] Stealth Rock
|
|upkeep
|turn|91
|
|t:|1664471991
|move|p2a: Zygarde|Glare|p1a: Rotom
|-immune|p1a: Rotom
|move|p1a: Rotom|Pain Split|p2a: Zygarde
|-sethp|p2a: Zygarde|62/100|[from] move: Pain Split|[silent]
|-sethp|p1a: Rotom|100/100|[from] move: Pain Split
|
|upkeep
|turn|92
|c|☆Lord Rekkuza|Oops
|
|t:|1664472000
|move|p2a: Zygarde|Thousand Arrows|p1a: Rotom
|-supereffective|p1a: Rotom
|-crit|p1a: Rotom
|-damage|p1a: Rotom|27/100
|-start|p1a: Rotom|Smack Down
|move|p1a: Rotom|Toxic|p2a: Zygarde|[miss]
|-miss|p1a: Rotom|p2a: Zygarde
|
|upkeep
|turn|93
|c|☆MVP2536|bruh crit and miss
|
|t:|1664472019
|switch|p1a: Aegislash|Aegislash, M|44/100
|-damage|p1a: Aegislash|38/100|[from] Stealth Rock
|move|p2a: Zygarde|Thousand Arrows|p1a: Aegislash
|-supereffective|p1a: Aegislash
|-damage|p1a: Aegislash|0 fnt
|faint|p1a: Aegislash
|
|upkeep
|
|t:|1664472026
|switch|p1a: Whimsicott|Whimsicott, F|51/100
|turn|94
|inactive|Lord Rekkuza has 120 seconds left.
|
|t:|1664472058
|switch|p2a: Necrozma|Necrozma-Dusk-Mane|100/100
|-damage|p2a: Necrozma|94/100|[from] Stealth Rock
|move|p1a: Whimsicott|Moonblast|p2a: Necrozma
|-resisted|p2a: Necrozma
|-damage|p2a: Necrozma|80/100
|-unboost|p2a: Necrozma|spa|1
|
|upkeep
|turn|95
|
|t:|1664472066
|switch|p1a: Rotom|Rotom-Wash|27/100
|-damage|p1a: Rotom|14/100|[from] Stealth Rock
|move|p2a: Necrozma|Sunsteel Strike|p1a: Rotom
|-resisted|p1a: Rotom
|-damage|p1a: Rotom|5/100
|-damage|p2a: Necrozma|64/100|[from] item: Rocky Helmet|[of] p1a: Rotom
|
|upkeep
|turn|96
|
|t:|1664472072
|move|p1a: Rotom|Pain Split|p2a: Necrozma
|-sethp|p2a: Necrozma|34/100|[from] move: Pain Split|[silent]
|-sethp|p1a: Rotom|44/100|[from] move: Pain Split
|move|p2a: Necrozma|Moonlight|p2a: Necrozma
|-heal|p2a: Necrozma|84/100
|
|upkeep
|turn|97
|j| BugCatcherFlatz
|inactive|Lord Rekkuza has 120 seconds left.
|
|t:|1664472083
|switch|p2a: Eternatus|Eternatus|38/100
|-damage|p2a: Eternatus|25/100|[from] Stealth Rock
|-ability|p2a: Eternatus|Pressure
|move|p1a: Rotom|Pain Split|p2a: Eternatus
|-sethp|p2a: Eternatus|27/100|[from] move: Pain Split|[silent]
|-sethp|p1a: Rotom|42/100|[from] move: Pain Split
|
|-heal|p2a: Eternatus|33/100|[from] item: Black Sludge
|upkeep
|turn|98
|inactive|Lord Rekkuza has 120 seconds left.
|
|t:|1664472089
|move|p2a: Eternatus|Recover|p2a: Eternatus
|-heal|p2a: Eternatus|83/100
|move|p1a: Rotom|Volt Switch|p2a: Eternatus
|-resisted|p2a: Eternatus
|-damage|p2a: Eternatus|76/100
|
|t:|1664472091
|switch|p1a: garbage|Groudon-Primal|76/100 slp|[from]move: Volt Switch
|-damage|p1a: garbage|63/100 slp|[from] Stealth Rock
|-weather|DesolateLand|[from] ability: Desolate Land|[of] p1a: garbage
|
|-weather|DesolateLand|[upkeep]
|-heal|p2a: Eternatus|82/100|[from] item: Black Sludge
|upkeep
|turn|99
|
|t:|1664472096
|switch|p2a: Zygarde|Zygarde-Complete, shiny|62/100
|-damage|p2a: Zygarde|56/100|[from] Stealth Rock
|cant|p1a: garbage|slp
|move|p1a: garbage|Sleep Talk|p1a: garbage
|move|p1a: garbage|Rest||[from]move: Sleep Talk|[still]
|-fail|p1a: garbage
|
|-weather|DesolateLand|[upkeep]
|upkeep
|turn|100
|
|t:|1664472101
|-weather|none
|switch|p1a: Whimsicott|Whimsicott, F|51/100
|move|p2a: Zygarde|Thousand Arrows|p1a: Whimsicott
|-resisted|p1a: Whimsicott
|-damage|p1a: Whimsicott|27/100
|
|upkeep
|turn|101
|
|t:|1664472112
|switch|p2a: Necrozma|Necrozma-Dusk-Mane|84/100
|-damage|p2a: Necrozma|78/100|[from] Stealth Rock
|move|p1a: Whimsicott|Leech Seed|p2a: Necrozma
|-start|p2a: Necrozma|move: Leech Seed
|
|-damage|p2a: Necrozma|65/100|[from] Leech Seed|[of] p1a: Whimsicott
|-heal|p1a: Whimsicott|45/100|[silent]
|upkeep
|turn|102
|
|t:|1664472121
|switch|p1a: Rotom|Rotom-Wash|42/100
|-damage|p1a: Rotom|30/100|[from] Stealth Rock
|move|p2a: Necrozma|Knock Off|p1a: Rotom
|-damage|p1a: Rotom|4/100
|-damage|p2a: Necrozma|49/100|[from] item: Rocky Helmet|[of] p1a: Rotom
|-enditem|p1a: Rotom|Rocky Helmet|[from] move: Knock Off|[of] p2a: Necrozma
|
|-damage|p2a: Necrozma|36/100|[from] Leech Seed|[of] p1a: Rotom
|-heal|p1a: Rotom|21/100|[silent]
|upkeep
|turn|103
|
|t:|1664472131
|switch|p2a: Eternatus|Eternatus|82/100
|-damage|p2a: Eternatus|70/100|[from] Stealth Rock
|-ability|p2a: Eternatus|Pressure
|move|p1a: Rotom|Volt Switch|p2a: Eternatus
|-resisted|p2a: Eternatus
|-damage|p2a: Eternatus|62/100
|
|t:|1664472135
|switch|p1a: garbage|Groudon-Primal|63/100 slp|[from]move: Volt Switch
|-damage|p1a: garbage|51/100 slp|[from] Stealth Rock
|-weather|DesolateLand|[from] ability: Desolate Land|[of] p1a: garbage
|
|-weather|DesolateLand|[upkeep]
|-heal|p2a: Eternatus|68/100|[from] item: Black Sludge
|upkeep
|turn|104
|
|t:|1664472137
|switch|p2a: Zygarde|Zygarde-Complete, shiny|56/100
|-damage|p2a: Zygarde|50/100|[from] Stealth Rock
|cant|p1a: garbage|slp
|move|p1a: garbage|Sleep Talk|p1a: garbage
|move|p1a: garbage|Heat Crash|p2a: Zygarde|[from]move: Sleep Talk
|-resisted|p2a: Zygarde
|-damage|p2a: Zygarde|43/100
|
|-weather|DesolateLand|[upkeep]
|upkeep
|turn|105
|
|t:|1664472143
|-weather|none
|switch|p1a: Whimsicott|Whimsicott, F|45/100
|move|p2a: Zygarde|Thousand Arrows|p1a: Whimsicott
|-resisted|p1a: Whimsicott
|-damage|p1a: Whimsicott|20/100
|
|upkeep
|turn|106
|
|t:|1664472153
|switch|p2a: Eternatus|Eternatus|68/100
|-damage|p2a: Eternatus|56/100|[from] Stealth Rock
|-ability|p2a: Eternatus|Pressure
|move|p1a: Whimsicott|Moonblast|p2a: Eternatus
|-damage|p2a: Eternatus|37/100
|
|-heal|p2a: Eternatus|44/100|[from] item: Black Sludge
|upkeep
|turn|107
|
|t:|1664472165
|move|p1a: Whimsicott|Taunt|p2a: Eternatus
|-start|p2a: Eternatus|move: Taunt
|move|p2a: Eternatus|Mystical Fire|p1a: Whimsicott
|-supereffective|p1a: Whimsicott
|-damage|p1a: Whimsicott|0 fnt
|faint|p1a: Whimsicott
|
|-heal|p2a: Eternatus|50/100|[from] item: Black Sludge
|upkeep
|
|t:|1664472171
|switch|p1a: garbage|Groudon-Primal|51/100 slp
|-damage|p1a: garbage|39/100 slp|[from] Stealth Rock
|-weather|DesolateLand|[from] ability: Desolate Land|[of] p1a: garbage
|turn|108
|
|t:|1664472175
|switch|p2a: Zygarde|Zygarde-Complete, shiny|43/100
|-damage|p2a: Zygarde|37/100|[from] Stealth Rock
|-curestatus|p1a: garbage|slp|[msg]
|move|p1a: garbage|Precipice Blades|p2a: Zygarde|[miss]
|-miss|p1a: garbage|p2a: Zygarde
|
|-weather|DesolateLand|[upkeep]
|upkeep
|turn|109
|c|☆MVP2536|BRRRUUH
|c| BugCatcherFlatz|epic fail!
|c|☆Lord Rekkuza|Wouldn’t have really done anything
|
|t:|1664472197
|move|p2a: Zygarde|Glare|p1a: garbage
|-status|p1a: garbage|par
|move|p1a: garbage|Rest|p1a: garbage
|-status|p1a: garbage|slp|[from] move: Rest
|-heal|p1a: garbage|100/100 slp|[silent]
|
|-weather|DesolateLand|[upkeep]
|upkeep
|turn|110
|
|t:|1664472204
|move|p2a: Zygarde|Rest|p2a: Zygarde
|-status|p2a: Zygarde|slp|[from] move: Rest
|-heal|p2a: Zygarde|100/100 slp|[silent]
|cant|p1a: garbage|slp
|
|-weather|DesolateLand|[upkeep]
|upkeep
|turn|111
|
|t:|1664472208
|-weather|none
|switch|p1a: Scrafty|Scrafty, M|46/100
|-damage|p1a: Scrafty|40/100|[from] Stealth Rock
|cant|p2a: Zygarde|slp
|
|upkeep
|turn|112
|l| BugCatcherFlatz
|
|t:|1664472215
|cant|p2a: Zygarde|slp
|move|p1a: Scrafty|Knock Off|p2a: Zygarde
|-damage|p2a: Zygarde|87/100 slp
|-enditem|p2a: Zygarde|Safety Goggles|[from] move: Knock Off|[of] p1a: Scrafty
|
|upkeep
|turn|113
|
|t:|1664472244
|switch|p2a: Necrozma|Necrozma-Dusk-Mane|36/100
|-damage|p2a: Necrozma|30/100|[from] Stealth Rock
|switch|p1a: Rotom|Rotom-Wash|21/100
|-damage|p1a: Rotom|8/100|[from] Stealth Rock
|
|upkeep
|turn|114
|inactive|Lord Rekkuza has 120 seconds left.
|
|t:|1664472255
|move|p1a: Rotom|Pain Split|p2a: Necrozma
|-sethp|p2a: Necrozma|18/100|[from] move: Pain Split|[silent]
|-sethp|p1a: Rotom|24/100|[from] move: Pain Split
|move|p2a: Necrozma|Moonlight|p2a: Necrozma
|-heal|p2a: Necrozma|68/100
|
|upkeep
|turn|115
|
|t:|1664472262
|switch|p2a: Eternatus|Eternatus|50/100
|-damage|p2a: Eternatus|37/100|[from] Stealth Rock
|-ability|p2a: Eternatus|Pressure
|move|p1a: Rotom|Volt Switch|p2a: Eternatus
|-resisted|p2a: Eternatus
|-damage|p2a: Eternatus|31/100
|
|t:|1664472264
|switch|p1a: garbage|Groudon-Primal|100/100 slp|[from]move: Volt Switch
|-damage|p1a: garbage|88/100 slp|[from] Stealth Rock
|-weather|DesolateLand|[from] ability: Desolate Land|[of] p1a: garbage
|
|-weather|DesolateLand|[upkeep]
|-heal|p2a: Eternatus|37/100|[from] item: Black Sludge
|upkeep
|turn|116
|
|t:|1664472274
|move|p2a: Eternatus|Toxic Spikes|p1a: garbage
|-sidestart|p1: MVP2536|move: Toxic Spikes
|cant|p1a: garbage|slp
|move|p1a: garbage|Sleep Talk|p1a: garbage
|move|p1a: garbage|Heat Crash|p2a: Eternatus|[from]move: Sleep Talk
|-resisted|p2a: Eternatus
|-damage|p2a: Eternatus|25/100
|
|-weather|DesolateLand|[upkeep]
|-heal|p2a: Eternatus|31/100|[from] item: Black Sludge
|upkeep
|turn|117
|c|☆MVP2536|give me luck for once
|
|t:|1664472283
|switch|p2a: Zygarde|Zygarde-Complete, shiny|87/100 slp
|-damage|p2a: Zygarde|81/100 slp|[from] Stealth Rock
|-curestatus|p1a: garbage|slp|[msg]
|move|p1a: garbage|Sleep Talk||[still]
|-fail|p1a: garbage
|
|-weather|DesolateLand|[upkeep]
|upkeep
|turn|118
|
|t:|1664472291
|-curestatus|p2a: Zygarde|slp|[msg]
|move|p2a: Zygarde|Thousand Arrows|p1a: garbage
|-supereffective|p1a: garbage
|-damage|p1a: garbage|54/100
|move|p1a: garbage|Precipice Blades|p2a: Zygarde
|-damage|p2a: Zygarde|55/100
|
|-weather|DesolateLand|[upkeep]
|upkeep
|turn|119
|
|t:|1664472299
|move|p2a: Zygarde|Rest|p2a: Zygarde
|-status|p2a: Zygarde|slp|[from] move: Rest
|-heal|p2a: Zygarde|100/100 slp|[silent]
|move|p1a: garbage|Rest|p1a: garbage
|-status|p1a: garbage|slp|[from] move: Rest
|-heal|p1a: garbage|100/100 slp|[silent]
|
|-weather|DesolateLand|[upkeep]
|upkeep
|turn|120
|
|t:|1664472303
|-weather|none
|switch|p1a: Scrafty|Scrafty, M|40/100
|-damage|p1a: Scrafty|34/100|[from] Stealth Rock
|-status|p1a: Scrafty|psn
|cant|p2a: Zygarde|slp
|
|-damage|p1a: Scrafty|22/100 psn|[from] psn
|upkeep
|turn|121
|
|t:|1664472308
|switch|p2a: Necrozma|Necrozma-Dusk-Mane|68/100
|-damage|p2a: Necrozma|62/100|[from] Stealth Rock
|move|p1a: Scrafty|Ice Punch|p2a: Necrozma
|-resisted|p2a: Necrozma
|-damage|p2a: Necrozma|57/100
|-damage|p1a: Scrafty|5/100 psn|[from] item: Rocky Helmet|[of] p2a: Necrozma
|
|-activate|p1a: Scrafty|ability: Shed Skin
|-curestatus|p1a: Scrafty|psn|[msg]
|upkeep
|turn|122
|
|t:|1664472315
|move|p2a: Necrozma|Sunsteel Strike|p1a: Scrafty
|-damage|p1a: Scrafty|0 fnt
|faint|p1a: Scrafty
|
|upkeep
|
|t:|1664472319
|switch|p1a: garbage|Groudon-Primal|100/100 slp
|-damage|p1a: garbage|88/100 slp|[from] Stealth Rock
|-weather|DesolateLand|[from] ability: Desolate Land|[of] p1a: garbage
|turn|123
|
|t:|1664472324
|-weather|none
|switch|p1a: Rotom|Rotom-Wash|24/100
|-damage|p1a: Rotom|12/100|[from] Stealth Rock
|switch|p2a: Zygarde|Zygarde-Complete, shiny|100/100 slp
|-damage|p2a: Zygarde|94/100 slp|[from] Stealth Rock
|
|upkeep
|turn|124
|
|t:|1664472331
|switch|p2a: Eternatus|Eternatus|31/100
|-damage|p2a: Eternatus|19/100|[from] Stealth Rock
|-ability|p2a: Eternatus|Pressure
|move|p1a: Rotom|Volt Switch|p2a: Eternatus
|-resisted|p2a: Eternatus
|-damage|p2a: Eternatus|12/100
|
|t:|1664472333
|switch|p1a: garbage|Groudon-Primal|88/100 slp|[from]move: Volt Switch
|-damage|p1a: garbage|76/100 slp|[from] Stealth Rock
|-weather|DesolateLand|[from] ability: Desolate Land|[of] p1a: garbage
|
|-weather|DesolateLand|[upkeep]
|-heal|p2a: Eternatus|18/100|[from] item: Black Sludge
|upkeep
|turn|125
|
|t:|1664472340
|switch|p2a: Zygarde|Zygarde-Complete, shiny|94/100 slp
|-damage|p2a: Zygarde|88/100 slp|[from] Stealth Rock
|cant|p1a: garbage|slp
|move|p1a: garbage|Sleep Talk|p1a: garbage
|move|p1a: garbage|Heat Crash|p2a: Zygarde|[from]move: Sleep Talk
|-resisted|p2a: Zygarde
|-damage|p2a: Zygarde|82/100 slp
|
|-weather|DesolateLand|[upkeep]
|upkeep
|turn|126
|
|t:|1664472343
|cant|p2a: Zygarde|slp
|cant|p1a: garbage|slp
|move|p1a: garbage|Sleep Talk|p1a: garbage
|move|p1a: garbage|Heat Crash|p2a: Zygarde|[from]move: Sleep Talk
|-resisted|p2a: Zygarde
|-damage|p2a: Zygarde|76/100 slp
|
|-weather|DesolateLand|[upkeep]
|upkeep
|turn|127
|
|t:|1664472349
|-curestatus|p2a: Zygarde|slp|[msg]
|move|p2a: Zygarde|Thousand Arrows|p1a: garbage
|-supereffective|p1a: garbage
|-damage|p1a: garbage|44/100 slp
|-curestatus|p1a: garbage|slp|[msg]
|move|p1a: garbage|Heat Crash|p2a: Zygarde
|-resisted|p2a: Zygarde
|-damage|p2a: Zygarde|70/100
|
|-weather|DesolateLand|[upkeep]
|upkeep
|turn|128
|
|t:|1664472355
|move|p2a: Zygarde|Thousand Arrows|p1a: garbage
|-supereffective|p1a: garbage
|-damage|p1a: garbage|8/100
|move|p1a: garbage|Rest|p1a: garbage
|-status|p1a: garbage|slp|[from] move: Rest
|-heal|p1a: garbage|100/100 slp|[silent]
|
|-weather|DesolateLand|[upkeep]
|upkeep
|turn|129
|
|t:|1664472371
|switch|p2a: Chansey|Chansey, F|88/100
|-damage|p2a: Chansey|76/100|[from] Stealth Rock
|cant|p1a: garbage|slp
|move|p1a: garbage|Sleep Talk|p1a: garbage
|move|p1a: garbage|Precipice Blades|p2a: Chansey|[from]move: Sleep Talk|[miss]
|-miss|p1a: garbage|p2a: Chansey
|
|-weather|DesolateLand|[upkeep]
|upkeep
|turn|130
|c|☆MVP2536|..
|c|☆MVP2536|well gg i cant be bothered with this
|-message|MVP2536 forfeited.
|
|win|Lord Rekkuza
|raw|MVP2536's rating: 1794 &rarr; <strong>1771</strong><br />(-23 for losing)
|raw|Lord Rekkuza's rating: 1737 &rarr; <strong>1760</strong><br />(+23 for winning)
