|j|☆Emorawr79
|j|☆lyricinesii
|t:|1651461416
|gametype|singles
|player|p1|Emorawr79|ghetsis|1868
|player|p2|lyricinesii|101|1744
|teamsize|p1|6
|teamsize|p2|6
|gen|8
|tier|[Gen 8] National Dex AG
|rated|
|rule|HP Percentage Mod: HP is shown in percentages
|rule|Endless Battle Clause: Forcing endless battles is banned
|clearpoke
|poke|p1|Calyrex-Shadow|
|poke|p1|Smeargle, F|
|poke|p1|Ditto|
|poke|p1|Zygarde|
|poke|p1|Yveltal|
|poke|p1|Arceus-*|
|poke|p2|Arceus-*|
|poke|p2|Necrozma-Dusk-Mane|
|poke|p2|Zygarde|
|poke|p2|Yveltal|
|poke|p2|Diancie|
|poke|p2|Kyogre|
|teampreview
|inactive|Battle timer is ON: inactive players will automatically lose when time's up. (requested by lyricinesii)
|
|t:|1651461427
|start
|switch|p1a: Smeargle|Smeargle, F|100/100
|switch|p2a: Diancie|Diancie|100/100
|turn|1
|inactive|Emorawr79 has 120 seconds left.
|
|t:|1651461461
|switch|p1a: Arceus|Arceus-Ground|100/100
|detailschange|p2a: Diancie|Diancie-Mega
|-mega|p2a: Diancie|Diancie|Diancite
|move|p2a: Diancie|Stealth Rock|p1a: Arceus
|-sidestart|p1: Emorawr79|move: Stealth Rock
|
|upkeep
|turn|2
|
|t:|1651461475
|switch|p2a: Kyogre|Kyogre|100/100
|-weather|RainDance|[from] ability: Drizzle|[of] p2a: Kyogre
|move|p1a: Arceus|Whirlpool|p2a: Kyogre
|-resisted|p2a: Kyogre
|-damage|p2a: Kyogre|96/100
|-activate|p2a: Kyogre|move: Whirlpool|[of] p1a: Arceus
|
|-weather|RainDance|[upkeep]
|-damage|p2a: Kyogre|83/100|[from] move: Whirlpool|[partiallytrapped]
|upkeep
|turn|3
|
|t:|1651461480
|move|p2a: Kyogre|Water Spout|p1a: Arceus
|-supereffective|p1a: Arceus
|-damage|p1a: Arceus|0 fnt
|faint|p1a: Arceus
|
|-weather|RainDance|[upkeep]
|-end|p2a: Kyogre|Whirlpool|[partiallytrapped]|[silent]
|upkeep
|
|t:|1651461483
|switch|p1a: Ditto|Ditto|100/100
|-damage|p1a: Ditto|88/100|[from] Stealth Rock
|-transform|p1a: Ditto|p2a: Kyogre|[from] ability: Imposter
|turn|4
|
|t:|1651461510
|-start|p2a: Kyogre|Dynamax|
|-heal|p2a: Kyogre|83/100|[silent]
|move|p1a: Ditto|Thunder|p2a: Kyogre
|-supereffective|p2a: Kyogre
|-damage|p2a: Kyogre|49/100
|move|p2a: Kyogre|Max Lightning|p1a: Ditto
|-supereffective|p1a: Ditto
|-damage|p1a: Ditto|0 fnt
|-fieldstart|move: Electric Terrain
|faint|p1a: Ditto
|
|-weather|RainDance|[upkeep]
|upkeep
|
|t:|1651461525
|switch|p1a: Zygarde|Zygarde|100/100
|-damage|p1a: Zygarde|94/100|[from] Stealth Rock
|turn|5
|
|t:|1651461528
|move|p2a: Kyogre|Max Hailstorm|p1a: Zygarde
|-supereffective|p1a: Zygarde
|-damage|p1a: Zygarde|0 fnt
|-weather|Hail
|faint|p1a: Zygarde
|
|-weather|Hail|[upkeep]
|-damage|p2a: Kyogre|46/100|[from] Hail
|upkeep
|
|t:|1651461533
|switch|p1a: Yveltal|Yveltal|100/100
|-damage|p1a: Yveltal|76/100|[from] Stealth Rock
|-ability|p1a: Yveltal|Dark Aura
|turn|6
|
|t:|1651461539
|-start|p1a: Yveltal|Dynamax|
|-heal|p1a: Yveltal|76/100|[silent]
|move|p1a: Yveltal|Max Guard|p1a: Yveltal
|-singleturn|p1a: Yveltal|Max Guard
|move|p2a: Kyogre|Max Lightning|p1a: Yveltal
|-activate|p1a: Yveltal|move: Max Guard
|
|-weather|Hail|[upkeep]
|-damage|p1a: Yveltal|73/100|[from] Hail
|-damage|p2a: Kyogre|43/100|[from] Hail
|upkeep
|-end|p2a: Kyogre|Dynamax
|-heal|p2a: Kyogre|43/100|[silent]
|turn|7
|
|t:|1651461554
|switch|p2a: Diancie|Diancie-Mega|100/100
|move|p1a: Yveltal|Max Airstream|p2a: Diancie
|-resisted|p2a: Diancie
|-damage|p2a: Diancie|69/100
|-boost|p1a: Yveltal|spe|1
|-damage|p1a: Yveltal|68/100|[from] item: Life Orb
|
|-weather|Hail|[upkeep]
|-damage|p1a: Yveltal|65/100|[from] Hail
|-damage|p2a: Diancie|64/100|[from] Hail
|upkeep
|turn|8
|
|t:|1651461557
|move|p1a: Yveltal|Max Darkness|p2a: Diancie
|-resisted|p2a: Diancie
|-damage|p2a: Diancie|16/100
|-unboost|p2a: Diancie|spd|1
|-damage|p1a: Yveltal|60/100|[from] item: Life Orb
|move|p2a: Diancie|Diamond Storm|p1a: Yveltal
|-supereffective|p1a: Yveltal
|-damage|p1a: Yveltal|13/100
|
|-weather|Hail|[upkeep]
|-damage|p1a: Yveltal|10/100|[from] Hail
|-damage|p2a: Diancie|10/100|[from] Hail
|-fieldend|move: Electric Terrain
|upkeep
|-end|p1a: Yveltal|Dynamax
|-heal|p1a: Yveltal|10/100|[silent]
|turn|9
|
|t:|1651461568
|switch|p2a: Arceus|Arceus-Poison|100/100
|move|p1a: Yveltal|Oblivion Wing|p2a: Arceus
|-damage|p2a: Arceus|70/100
|-heal|p1a: Yveltal|36/100|[from] drain|[of] p2a: Arceus
|-damage|p1a: Yveltal|26/100|[from] item: Life Orb
|
|-weather|none
|upkeep
|turn|10
|
|t:|1651461572
|move|p1a: Yveltal|Taunt|p2a: Arceus
|-start|p2a: Arceus|move: Taunt
|move|p2a: Arceus|Ice Beam|p1a: Yveltal
|-supereffective|p1a: Yveltal
|-damage|p1a: Yveltal|0 fnt
|faint|p1a: Yveltal
|
|upkeep
|
|t:|1651461575
|switch|p1a: Calyrex|Calyrex-Shadow|100/100
|-ability|p1a: Calyrex|As One
|-ability|p1a: Calyrex|Unnerve
|-damage|p1a: Calyrex|88/100|[from] Stealth Rock
|turn|11
|-message|Emorawr79 forfeited.
|
|win|lyricinesii
|raw|Emorawr79's rating: 1868 &rarr; <strong>1841</strong><br />(-27 for losing)
|raw|lyricinesii's rating: 1744 &rarr; <strong>1771</strong><br />(+27 for winning)
|l|☆Emorawr79
||Ladder isn't responding, score probably updated but might not have (Request timeout).
