|j|☆4thSister
|j|☆niun
|t:|1598174418
|player|p1|4thSister|misty|1453
|player|p2|niun|170|1511
|teamsize|p1|6
|teamsize|p2|6
|gametype|singles
|gen|8
|tier|[Gen 8] National Dex AG
|rated|
|clearpoke
|poke|p1|Masquerain, F|
|poke|p1|Gyarados, M|
|poke|p1|Palkia|
|poke|p1|Rapidash-Galar, M|
|poke|p1|Registeel|
|poke|p1|Pheromosa|
|poke|p2|Arceus-*|
|poke|p2|Necrozma-Dusk-Mane|
|poke|p2|Chansey, F|
|poke|p2|Heatran, F|
|poke|p2|Gliscor, M|
|poke|p2|Yveltal|
|rule|HP Percentage Mod: HP is shown in percentages
|rule|Endless Battle Clause: Forcing endless battles is banned
|teampreview
|inactive|Battle timer is ON: inactive players will automatically lose when time's up. (requested by 4thSister)
|
|t:|1598174432
|start
|switch|p1a: Pheromosa|Pheromosa, shiny|100/100
|switch|p2a: Arceus|Arceus-Water|100/100
|turn|1
|
|t:|1598174439
|move|p1a: Pheromosa|U-turn|p2a: Arceus
|-damage|p2a: Arceus|79/100
|
|t:|1598174449
|switch|p1a: Registeel|Registeel|100/100|[from]move: U-turn
|move|p2a: Arceus|Judgment|p1a: Registeel
|-damage|p1a: Registeel|72/100
|
|-heal|p1a: Registeel|78/100|[from] item: Leftovers
|upkeep
|turn|2
|
|t:|1598174458
|switch|p2a: Heatran|Heatran, F|100/100
|move|p1a: Registeel|Stealth Rock|p2a: Heatran
|-sidestart|p2: niun|move: Stealth Rock
|
|-heal|p1a: Registeel|84/100|[from] item: Leftovers
|upkeep
|turn|3
|
|t:|1598174466
|switch|p1a: Gyarados|Gyarados, M|100/100
|-ability|p1a: Gyarados|Intimidate|boost
|-unboost|p2a: Heatran|atk|1
|move|p2a: Heatran|Stealth Rock|p1a: Gyarados
|-sidestart|p1: 4thSister|move: Stealth Rock
|
|upkeep
|turn|4
|
|t:|1598174476
|switch|p2a: Necrozma|Necrozma-Dusk-Mane|100/100
|-damage|p2a: Necrozma|94/100|[from] Stealth Rock
|move|p1a: Gyarados|Dragon Dance|p1a: Gyarados
|-boost|p1a: Gyarados|atk|1
|-boost|p1a: Gyarados|spe|1
|
|upkeep
|turn|5
|
|t:|1598174487
|detailschange|p1a: Gyarados|Gyarados-Mega, M
|-mega|p1a: Gyarados|Gyarados|Gyaradosite
|-ability|p1a: Gyarados|Mold Breaker
|move|p1a: Gyarados|Crunch|p2a: Necrozma
|-supereffective|p2a: Necrozma
|-damage|p2a: Necrozma|36/100
|-damage|p1a: Gyarados|84/100|[from] item: Rocky Helmet|[of] p2a: Necrozma
|move|p2a: Necrozma|Morning Sun|p2a: Necrozma
|-heal|p2a: Necrozma|86/100
|
|upkeep
|turn|6
|
|t:|1598174501
|move|p1a: Gyarados|Dragon Dance|p1a: Gyarados
|-boost|p1a: Gyarados|atk|1
|-boost|p1a: Gyarados|spe|1
|move|p2a: Necrozma|Earthquake|p1a: Gyarados
|-damage|p1a: Gyarados|50/100
|
|upkeep
|turn|7
|
|t:|1598174509
|move|p1a: Gyarados|Crunch|p2a: Necrozma
|-supereffective|p2a: Necrozma
|-damage|p2a: Necrozma|9/100
|-damage|p1a: Gyarados|33/100|[from] item: Rocky Helmet|[of] p2a: Necrozma
|move|p2a: Necrozma|Morning Sun|p2a: Necrozma
|-heal|p2a: Necrozma|59/100
|
|upkeep
|turn|8
|
|t:|1598174523
|move|p1a: Gyarados|Crunch|p2a: Necrozma
|-supereffective|p2a: Necrozma
|-damage|p2a: Necrozma|0 fnt
|-damage|p1a: Gyarados|17/100|[from] item: Rocky Helmet|[of] p2a: Necrozma
|faint|p2a: Necrozma
|
|upkeep
|
|t:|1598174529
|switch|p2a: Yveltal|Yveltal|100/100
|-damage|p2a: Yveltal|75/100|[from] Stealth Rock
|-ability|p2a: Yveltal|Dark Aura
|turn|9
|
|t:|1598174534
|move|p2a: Yveltal|Sucker Punch|p1a: Gyarados
|-resisted|p1a: Gyarados
|-damage|p1a: Gyarados|0 fnt
|faint|p1a: Gyarados
|
|upkeep
|
|t:|1598174538
|switch|p1a: Registeel|Registeel|84/100
|-damage|p1a: Registeel|78/100|[from] Stealth Rock
|turn|10
|
|t:|1598174543
|-start|p2a: Yveltal|Dynamax
|-heal|p2a: Yveltal|75/100|[silent]
|move|p2a: Yveltal|Max Darkness|p1a: Registeel
|-damage|p1a: Registeel|25/100
|-fail|p1a: Registeel|unboost|[from] ability: Clear Body|[of] p1a: Registeel
|move|p1a: Registeel|Toxic|p2a: Yveltal
|-status|p2a: Yveltal|tox
|
|-heal|p1a: Registeel|31/100|[from] item: Leftovers
|-damage|p2a: Yveltal|72/100 tox|[from] psn
|upkeep
|turn|11
|
|t:|1598174556
|move|p1a: Registeel|Protect|p1a: Registeel
|-singleturn|p1a: Registeel|Protect
|move|p2a: Yveltal|Max Darkness|p1a: Registeel
|-zbroken|p1a: Registeel
|-damage|p1a: Registeel|19/100
|-fail|p1a: Registeel|unboost|[from] ability: Clear Body|[of] p1a: Registeel
|
|-heal|p1a: Registeel|25/100|[from] item: Leftovers
|-damage|p2a: Yveltal|66/100 tox|[from] psn
|upkeep
|turn|12
|
|t:|1598174569
|move|p1a: Registeel|Protect||[still]
|-fail|p1a: Registeel
|move|p2a: Yveltal|Max Darkness|p1a: Registeel
|-damage|p1a: Registeel|0 fnt
|faint|p1a: Registeel
|
|-damage|p2a: Yveltal|57/100 tox|[from] psn
|-end|p2a: Yveltal|Dynamax
|-heal|p2a: Yveltal|57/100 tox|[silent]
|upkeep
|
|t:|1598174578
|switch|p1a: Pheromosa|Pheromosa, shiny|100/100
|-damage|p1a: Pheromosa|88/100|[from] Stealth Rock
|turn|13
|
|t:|1598174581
|move|p2a: Yveltal|Sucker Punch|p1a: Pheromosa
|-resisted|p1a: Pheromosa
|-damage|p1a: Pheromosa|41/100
|move|p1a: Pheromosa|Rapid Spin|p2a: Yveltal
|-damage|p2a: Yveltal|40/100 tox
|-boost|p1a: Pheromosa|spe|1
|-sideend|p1: 4thSister|Stealth Rock|[from] move: Rapid Spin|[of] p1a: Pheromosa
|
|-damage|p2a: Yveltal|15/100 tox|[from] psn
|upkeep
|turn|14
|
|t:|1598174596
|switch|p1a: Masquerain|Masquerain, F|100/100
|-ability|p1a: Masquerain|Intimidate|boost
|-unboost|p2a: Yveltal|atk|1
|move|p2a: Yveltal|Sucker Punch||[still]
|-fail|p2a: Yveltal
|
|-damage|p2a: Yveltal|0 fnt|[from] psn
|faint|p2a: Yveltal
|upkeep
|
|t:|1598174604
|switch|p2a: Chansey|Chansey, F|100/100
|-damage|p2a: Chansey|88/100|[from] Stealth Rock
|turn|15
|
|t:|1598174619
|move|p1a: Masquerain|Sticky Web|p2a: Chansey
|-sidestart|p2: niun|move: Sticky Web
|move|p2a: Chansey|Toxic|p1a: Masquerain
|-status|p1a: Masquerain|tox
|
|-damage|p1a: Masquerain|94/100 tox|[from] psn
|upkeep
|turn|16
|
|t:|1598174630
|move|p1a: Masquerain|Stun Spore|p2a: Chansey
|-status|p2a: Chansey|par
|move|p2a: Chansey|Seismic Toss|p1a: Masquerain
|-damage|p1a: Masquerain|65/100 tox
|
|-damage|p1a: Masquerain|53/100 tox|[from] psn
|upkeep
|turn|17
|
|t:|1598174638
|switch|p2a: Gliscor|Gliscor, M|100/100
|-damage|p2a: Gliscor|88/100|[from] Stealth Rock
|move|p1a: Masquerain|U-turn|p2a: Gliscor
|-resisted|p2a: Gliscor
|-damage|p2a: Gliscor|82/100
|
|t:|1598174645
|switch|p1a: Palkia|Palkia|100/100|[from]move: U-turn
|-ability|p1a: Palkia|Pressure
|
|-status|p2a: Gliscor|tox|[from] item: Toxic Orb
|upkeep
|turn|18
|
|t:|1598174655
|switch|p2a: Chansey|Chansey, F|88/100
|-damage|p2a: Chansey|75/100|[from] Stealth Rock
|-activate|p2a: Chansey|move: Sticky Web
|-unboost|p2a: Chansey|spe|1
|-start|p1a: Palkia|Dynamax
|-heal|p1a: Palkia|100/100|[silent]
|move|p1a: Palkia|Max Hailstorm|p2a: Chansey
|-damage|p2a: Chansey|63/100
|-weather|Hail
|
|-weather|Hail|[upkeep]
|-damage|p1a: Palkia|97/100|[from] Hail
|-damage|p2a: Chansey|56/100|[from] Hail
|upkeep
|turn|19
|
|t:|1598174667
|move|p1a: Palkia|Max Geyser|p2a: Chansey
|-crit|p2a: Chansey
|-damage|p2a: Chansey|28/100
|-weather|RainDance
|move|p2a: Chansey|Wish|p2a: Chansey
|
|-weather|RainDance|[upkeep]
|upkeep
|turn|20
|
|t:|1598174674
|move|p2a: Chansey|Protect|p2a: Chansey
|-singleturn|p2a: Chansey|Protect
|move|p1a: Palkia|Max Geyser|p2a: Chansey
|-zbroken|p2a: Chansey
|-damage|p2a: Chansey|21/100
|
|-weather|RainDance|[upkeep]
|-heal|p2a: Chansey|71/100|[from] move: Wish|[wisher] Chansey
|-end|p1a: Palkia|Dynamax
|-heal|p1a: Palkia|98/100|[silent]
|upkeep
|turn|21
|
|t:|1598174684
|move|p1a: Palkia|Thunder|p2a: Chansey
|-damage|p2a: Chansey|61/100
|-status|p2a: Chansey|par
|cant|p2a: Chansey|par
|
|-weather|RainDance|[upkeep]
|upkeep
|turn|22
|
|t:|1598174696
|switch|p1a: Pheromosa|Pheromosa, shiny|41/100
|cant|p2a: Chansey|par
|
|-weather|RainDance|[upkeep]
|upkeep
|turn|23
|
|t:|1598174704
|-curestatus|p2a: Chansey|par|[from] ability: Natural Cure
|switch|p2a: Arceus|Arceus-Water|79/100
|-damage|p2a: Arceus|67/100|[from] Stealth Rock
|-activate|p2a: Arceus|move: Sticky Web
|-unboost|p2a: Arceus|spe|1
|move|p1a: Pheromosa|Rapid Spin|p2a: Arceus
|-damage|p2a: Arceus|56/100
|-boost|p1a: Pheromosa|spe|1
|
|-weather|none
|upkeep
|turn|24
|
|t:|1598174715
|move|p1a: Pheromosa|High Jump Kick|p2a: Arceus
|-damage|p2a: Arceus|18/100
|move|p2a: Arceus|Recover|p2a: Arceus
|-heal|p2a: Arceus|68/100
|
|upkeep
|turn|25
|
|t:|1598174723
|move|p1a: Pheromosa|High Jump Kick|p2a: Arceus
|-damage|p2a: Arceus|24/100
|move|p2a: Arceus|Toxic|p1a: Pheromosa
|-status|p1a: Pheromosa|tox
|
|-damage|p1a: Pheromosa|35/100 tox|[from] psn
|upkeep
|turn|26
|
|t:|1598174732
|switch|p2a: Gliscor|Gliscor, M|82/100 tox
|-damage|p2a: Gliscor|70/100 tox|[from] Stealth Rock
|move|p1a: Pheromosa|High Jump Kick|p2a: Gliscor
|-resisted|p2a: Gliscor
|-damage|p2a: Gliscor|36/100 tox
|
|-damage|p1a: Pheromosa|23/100 tox|[from] psn
|-heal|p2a: Gliscor|49/100 tox|[from] ability: Poison Heal
|upkeep
|turn|27
|
|t:|1598174746
|switch|p1a: Rapidash|Rapidash-Galar, M, shiny|100/100
|move|p2a: Gliscor|Protect||[still]
|-fail|p2a: Gliscor
|
|-heal|p2a: Gliscor|61/100 tox|[from] ability: Poison Heal
|upkeep
|turn|28
|
|t:|1598174755
|move|p2a: Gliscor|Protect|p2a: Gliscor
|-singleturn|p2a: Gliscor|Protect
|move|p1a: Rapidash|Swords Dance|p1a: Rapidash
|-boost|p1a: Rapidash|atk|2
|
|-heal|p2a: Gliscor|74/100 tox|[from] ability: Poison Heal
|upkeep
|turn|29
|
|t:|1598174763
|move|p1a: Rapidash|Zen Headbutt|p2a: Gliscor
|-damage|p2a: Gliscor|0 fnt
|-damage|p1a: Rapidash|91/100|[from] item: Life Orb
|faint|p2a: Gliscor
|
|upkeep
|
|t:|1598174768
|switch|p2a: Heatran|Heatran, F|100/100
|-activate|p2a: Heatran|move: Sticky Web
|-unboost|p2a: Heatran|spe|1
|-damage|p2a: Heatran|88/100|[from] Stealth Rock
|turn|30
|
|t:|1598174773
|move|p1a: Rapidash|Low Kick|p2a: Heatran
|-supereffective|p2a: Heatran
|-damage|p2a: Heatran|0 fnt
|-damage|p1a: Rapidash|81/100|[from] item: Life Orb
|faint|p2a: Heatran
|
|upkeep
|-message|niun forfeited.
|
|win|4thSister
|l|☆niun
|raw|4thSister's rating: 1453 &rarr; <strong>1476</strong><br />(+23 for winning)
|raw|niun's rating: 1511 &rarr; <strong>1488</strong><br />(-23 for losing)
