|j|☆MyOwnDemise
|j|☆testingstupidteams
|t:|1653765820
|gametype|singles
|player|p1|MyOwnDemise|steven|
|player|p2|testingstupidteams|tuberf|
|teamsize|p1|6
|teamsize|p2|6
|gen|8
|tier|[Gen 8] National Dex AG
|rule|HP Percentage Mod: HP is shown in percentages
|rule|Endless Battle Clause: Forcing endless battles is banned
|clearpoke
|poke|p1|Pyukumuku, F|
|poke|p1|Drifloon, M|
|poke|p1|Xerneas-*|
|poke|p1|Salamence, F|
|poke|p1|Deoxys-Speed|
|poke|p1|Arceus-*|
|poke|p2|Zekrom|
|poke|p2|Smeargle, F|
|poke|p2|Ditto|
|poke|p2|Arceus-*|
|poke|p2|Deoxys-Speed|
|poke|p2|Rayquaza|
|teampreview
|inactive|Battle timer is ON: inactive players will automatically lose when time's up. (requested by MyOwnDemise)
|inactive|testingstupidteams also wants the timer to be on.
|
|t:|1653765829
|start
|switch|p1a: Deoxys|Deoxys-Speed|100/100
|switch|p2a: Tilt|Smeargle, F|100/100
|-ability|p1a: Deoxys|Pressure
|turn|1
|
|t:|1653765832
|move|p2a: Tilt|Magic Coat|p2a: Tilt
|-singleturn|p2a: Tilt|move: Magic Coat
|move|p1a: Deoxys|Taunt|p2a: Tilt
|move|p2a: Tilt|Taunt|p1a: Deoxys|[from]Magic Coat
|-start|p1a: Deoxys|move: Taunt
|
|upkeep
|turn|2
|c|☆testingstupidteams|i forgor
|
|t:|1653765838
|move|p1a: Deoxys|Psycho Boost|p2a: Tilt
|-damage|p2a: Tilt|8/100
|-unboost|p1a: Deoxys|spa|2
|move|p2a: Tilt|Sticky Web|p1a: Deoxys
|-sidestart|p1: MyOwnDemise|move: Sticky Web
|
|upkeep
|turn|3
|c|☆MyOwnDemise|wait this is my team-
|c|☆testingstupidteams|true
|
|t:|1653765850
|move|p1a: Deoxys|Psycho Boost|p2a: Tilt
|-damage|p2a: Tilt|0 fnt
|-unboost|p1a: Deoxys|spa|2
|faint|p2a: Tilt
|
|upkeep
|c|☆MyOwnDemise|Thief!
|
|t:|1653765852
|switch|p2a: Why|Zekrom|100/100
|-ability|p2a: Why|Teravolt
|turn|4
|c|☆testingstupidteams|i forgor
|
|t:|1653765861
|switch|p1a: Salamence|Salamence, F|100/100
|-ability|p1a: Salamence|Intimidate|boost
|-unboost|p2a: Why|atk|1
|move|p2a: Why|Substitute|p2a: Why
|-start|p2a: Why|Substitute
|-damage|p2a: Why|76/100
|
|-heal|p2a: Why|82/100|[from] item: Leftovers
|upkeep
|turn|5
|
|t:|1653765874
|detailschange|p1a: Salamence|Salamence-Mega, F
|-mega|p1a: Salamence|Salamence|Salamencite
|move|p1a: Salamence|Earthquake|p2a: Why
|-supereffective|p2a: Why
|-end|p2a: Why|Substitute
|move|p2a: Why|Dragon Dance|p2a: Why
|-boost|p2a: Why|atk|1
|-boost|p2a: Why|spe|1
|
|-heal|p2a: Why|88/100|[from] item: Leftovers
|upkeep
|turn|6
|
|t:|1653765882
|move|p2a: Why|Substitute|p2a: Why
|-start|p2a: Why|Substitute
|-damage|p2a: Why|63/100
|move|p1a: Salamence|Dragon Dance|p1a: Salamence
|-boost|p1a: Salamence|atk|1
|-boost|p1a: Salamence|spe|1
|
|-heal|p2a: Why|69/100|[from] item: Leftovers
|upkeep
|turn|7
|
|t:|1653765885
|move|p1a: Salamence|Earthquake|p2a: Why
|-supereffective|p2a: Why
|-crit|p2a: Why
|-end|p2a: Why|Substitute
|move|p2a: Why|Dragon Dance|p2a: Why
|-boost|p2a: Why|atk|1
|-boost|p2a: Why|spe|1
|
|-heal|p2a: Why|75/100|[from] item: Leftovers
|upkeep
|turn|8
|c|☆testingstupidteams|exactly
|c|☆MyOwnDemise|wait no stop
|
|t:|1653765891
|move|p2a: Why|Dragon Claw|p1a: Salamence
|-supereffective|p1a: Salamence
|-damage|p1a: Salamence|0 fnt
|faint|p1a: Salamence
|
|-heal|p2a: Why|81/100|[from] item: Leftovers
|upkeep
|c|☆testingstupidteams|exactly
|
|t:|1653765896
|switch|p1a: Drifloon|Drifloon, M|100/100
|turn|9
|c|☆testingstupidteams|you suck
|c|☆MyOwnDemise|wait holdfup
|
|t:|1653765914
|switch|p1a: Arceus|Arceus|100/100
|-activate|p1a: Arceus|move: Sticky Web
|-unboost|p1a: Arceus|spe|1
|move|p2a: Why|Dragon Claw|p1a: Arceus
|-damage|p1a: Arceus|48/100
|
|-heal|p2a: Why|88/100|[from] item: Leftovers
|upkeep
|turn|10
|c|☆testingstupidteams|golklurk
|c|☆MyOwnDemise|why didn't u sub
|
|t:|1653765922
|move|p1a: Arceus|Extreme Speed|p2a: Why
|-damage|p2a: Why|44/100
|move|p2a: Why|Dragon Claw|p1a: Arceus
|-damage|p1a: Arceus|1/100
|
|-heal|p2a: Why|50/100|[from] item: Leftovers
|upkeep
|turn|11
|c|☆MyOwnDemise|.-.
|
|t:|1653765927
|move|p1a: Arceus|Extreme Speed|p2a: Why
|-damage|p2a: Why|8/100
|move|p2a: Why|Bolt Strike|p1a: Arceus
|-crit|p1a: Arceus
|-damage|p1a: Arceus|0 fnt
|faint|p1a: Arceus
|
|-heal|p2a: Why|14/100|[from] item: Leftovers
|upkeep
|
|t:|1653765933
|switch|p1a: Deoxys|Deoxys-Speed|100/100
|-activate|p1a: Deoxys|move: Sticky Web
|-unboost|p1a: Deoxys|spe|1
|-ability|p1a: Deoxys|Pressure
|turn|12
|c|☆testingstupidteams|huhu
|
|t:|1653765940
|move|p2a: Why|Dragon Claw|p1a: Deoxys
|-crit|p1a: Deoxys
|-enditem|p1a: Deoxys|Focus Sash
|-damage|p1a: Deoxys|1/100
|move|p1a: Deoxys|Psycho Boost|p2a: Why|[miss]
|-miss|p1a: Deoxys|p2a: Why
|
|-heal|p2a: Why|20/100|[from] item: Leftovers
|upkeep
|turn|13
|c|☆MyOwnDemise|WIUDHQW
|c|☆testingstupidteams|huhUH
|
|t:|1653765951
|move|p2a: Why|Bolt Strike|p1a: Deoxys
|-damage|p1a: Deoxys|0 fnt
|faint|p1a: Deoxys
|
|-heal|p2a: Why|27/100|[from] item: Leftovers
|upkeep
|
|t:|1653765955
|switch|p1a: Drifloon|Drifloon, M|100/100
|turn|14
|c|☆MyOwnDemise|Fear my wrath
|c|☆testingstupidteams|better bird
|
|t:|1653765970
|-start|p1a: Drifloon|Dynamax|
|-heal|p1a: Drifloon|100/100|[silent]
|move|p2a: Why|Substitute|p2a: Why
|-start|p2a: Why|Substitute
|-damage|p2a: Why|2/100
|move|p1a: Drifloon|Max Ooze|p2a: Why
|-activate|p2a: Why|move: Substitute|[damage]
|-boost|p1a: Drifloon|spa|1
|
|-heal|p2a: Why|8/100|[from] item: Leftovers
|upkeep
|turn|15
|
|t:|1653765974
|move|p2a: Why|Bolt Strike|p1a: Drifloon|[miss]
|-miss|p2a: Why|p1a: Drifloon
|move|p1a: Drifloon|Max Ooze|p2a: Why
|-end|p2a: Why|Substitute
|-boost|p1a: Drifloon|spa|1
|
|-heal|p2a: Why|14/100|[from] item: Leftovers
|upkeep
|turn|16
|c|☆MyOwnDemise|FEAR ME
|c|☆testingstupidteams|goddammit
|
|t:|1653765983
|move|p2a: Why|Bolt Strike|p1a: Drifloon
|-supereffective|p1a: Drifloon
|-enditem|p1a: Drifloon|Focus Sash
|-damage|p1a: Drifloon|1/100
|-status|p1a: Drifloon|par
|cant|p1a: Drifloon|par
|
|-heal|p2a: Why|20/100|[from] item: Leftovers
|upkeep
|-end|p1a: Drifloon|Dynamax
|-heal|p1a: Drifloon|1/100 par|[silent]
|turn|17
|c|☆testingstupidteams|go
|c|☆testingstupidteams|good
|c|☆MyOwnDemise|YOU PIECE OF
|
|t:|1653765991
|move|p2a: Why|Dragon Claw|p1a: Drifloon
|-damage|p1a: Drifloon|0 fnt
|faint|p1a: Drifloon
|
|-heal|p2a: Why|26/100|[from] item: Leftovers
|upkeep
|
|t:|1653765994
|switch|p1a: Xerneas|Xerneas|100/100
|-activate|p1a: Xerneas|move: Sticky Web
|-unboost|p1a: Xerneas|spe|1
|-ability|p1a: Xerneas|Fairy Aura
|turn|18
|c|☆testingstupidteams|good.
|
|t:|1653765999
|move|p2a: Why|Substitute|p2a: Why
|-start|p2a: Why|Substitute
|-damage|p2a: Why|1/100
|-zpower|p1a: Xerneas
|move|p1a: Xerneas|Z-Geomancy||[anim]Geomancy|[still]
|-boost|p1a: Xerneas|atk|1|[zeffect]
|-boost|p1a: Xerneas|def|1|[zeffect]
|-boost|p1a: Xerneas|spa|1|[zeffect]
|-boost|p1a: Xerneas|spd|1|[zeffect]
|-boost|p1a: Xerneas|spe|1|[zeffect]
|-prepare|p1a: Xerneas|Geomancy
|
|-heal|p2a: Why|8/100|[from] item: Leftovers
|upkeep
|turn|19
|
|t:|1653766002
|move|p2a: Why|Bolt Strike|p1a: Xerneas
|-crit|p1a: Xerneas
|-damage|p1a: Xerneas|0 fnt
|faint|p1a: Xerneas
|
|-heal|p2a: Why|14/100|[from] item: Leftovers
|upkeep
|
|t:|1653766004
|switch|p1a: Pyukumuku|Pyukumuku, F|100/100
|-activate|p1a: Pyukumuku|move: Sticky Web
|-unboost|p1a: Pyukumuku|spe|1
|turn|20
|c|☆testingstupidteams|WAIT NO STOP
|c|☆testingstupidteams|oh ok
|c|☆MyOwnDemise|.-.
|c|☆testingstupidteams|it's fine
|-message|MyOwnDemise forfeited.
|
|win|testingstupidteams
|l|☆MyOwnDemise
|c|☆testingstupidteams|HAH
