|j|☆BasakBooster2
|j|☆Blackstar152001
|t:|1665382677
|gametype|singles
|player|p1|BasakBooster2|lucas|1894
|player|p2|Blackstar152001|blue-gen3two|1959
|teamsize|p1|6
|teamsize|p2|6
|gen|8
|tier|[Gen 8] National Dex AG
|rated|
|rule|HP Percentage Mod: HP is shown in percentages
|rule|Endless Battle Clause: Forcing endless battles is banned
|clearpoke
|poke|p1|Arceus-*|
|poke|p1|Groudon|
|poke|p1|Zacian-*|
|poke|p1|Rayquaza|
|poke|p1|Calyrex-Shadow|
|poke|p1|Yveltal|
|poke|p2|Groudon|
|poke|p2|Salamence, M|
|poke|p2|Arceus-*|
|poke|p2|Ditto|
|poke|p2|Arceus-*|
|poke|p2|Necrozma-Dusk-Mane|
|teampreview
|inactive|Battle timer is ON: inactive players will automatically lose when time's up. (requested by Blackstar152001)
|j| Snakethey
|
|t:|1665382688
|start
|switch|p1a: Calyrex|Calyrex-Shadow|100/100
|switch|p2a: Necrozma|Necrozma-Dusk-Mane|100/100
|-ability|p1a: Calyrex|As One
|-ability|p1a: Calyrex|Unnerve
|turn|1
|
|t:|1665382692
|move|p1a: Calyrex|Substitute|p1a: Calyrex
|-start|p1a: Calyrex|Substitute
|-damage|p1a: Calyrex|76/100
|move|p2a: Necrozma|Stealth Rock|p1a: Calyrex
|-sidestart|p1: BasakBooster2|move: Stealth Rock
|
|-heal|p1a: Calyrex|82/100|[from] item: Leftovers
|upkeep
|turn|2
|
|t:|1665382696
|switch|p2a: Arceus|Arceus|100/100
|move|p1a: Calyrex|Astral Barrage|p2a: Arceus
|-immune|p2a: Arceus
|
|-heal|p1a: Calyrex|88/100|[from] item: Leftovers
|upkeep
|turn|3
|
|t:|1665382700
|move|p1a: Calyrex|Leech Seed|p2a: Arceus
|-start|p2a: Arceus|move: Leech Seed
|move|p2a: Arceus|Shadow Claw|p1a: Calyrex
|-supereffective|p1a: Calyrex
|-end|p1a: Calyrex|Substitute
|
|-heal|p1a: Calyrex|94/100|[from] item: Leftovers
|-damage|p2a: Arceus|88/100|[from] Leech Seed|[of] p1a: Calyrex
|-heal|p1a: Calyrex|100/100|[silent]
|upkeep
|turn|4
|
|t:|1665382709
|move|p1a: Calyrex|Substitute|p1a: Calyrex
|-start|p1a: Calyrex|Substitute
|-damage|p1a: Calyrex|76/100
|move|p2a: Arceus|Swords Dance|p2a: Arceus
|-boost|p2a: Arceus|atk|2
|
|-heal|p1a: Calyrex|82/100|[from] item: Leftovers
|-damage|p2a: Arceus|76/100|[from] Leech Seed|[of] p1a: Calyrex
|-heal|p1a: Calyrex|98/100|[silent]
|upkeep
|turn|5
|
|t:|1665382717
|switch|p1a: Arceus|Arceus|100/100
|-damage|p1a: Arceus|88/100|[from] Stealth Rock
|move|p2a: Arceus|Recover|p2a: Arceus
|-heal|p2a: Arceus|100/100
|
|-damage|p2a: Arceus|88/100|[from] Leech Seed|[of] p1a: Arceus
|-heal|p1a: Arceus|100/100|[silent]
|upkeep
|turn|6
|
|t:|1665382725
|switch|p1a: Calyrex|Calyrex-Shadow|98/100
|-ability|p1a: Calyrex|As One
|-ability|p1a: Calyrex|Unnerve
|-damage|p1a: Calyrex|86/100|[from] Stealth Rock
|switch|p2a: Necrozma|Necrozma-Dusk-Mane|100/100
|
|-heal|p1a: Calyrex|92/100|[from] item: Leftovers
|upkeep
|turn|7
|
|t:|1665382735
|switch|p2a: Arceus|Arceus|88/100
|move|p1a: Calyrex|Substitute|p1a: Calyrex
|-start|p1a: Calyrex|Substitute
|-damage|p1a: Calyrex|67/100
|
|-heal|p1a: Calyrex|73/100|[from] item: Leftovers
|upkeep
|turn|8
|
|t:|1665382738
|move|p1a: Calyrex|Leech Seed|p2a: Arceus
|-start|p2a: Arceus|move: Leech Seed
|move|p2a: Arceus|Swords Dance|p2a: Arceus
|-boost|p2a: Arceus|atk|2
|
|-heal|p1a: Calyrex|79/100|[from] item: Leftovers
|-damage|p2a: Arceus|76/100|[from] Leech Seed|[of] p1a: Calyrex
|-heal|p1a: Calyrex|95/100|[silent]
|upkeep
|turn|9
|
|t:|1665382743
|move|p1a: Calyrex|Draining Kiss|p2a: Arceus
|-crit|p2a: Arceus
|-damage|p2a: Arceus|54/100
|-heal|p1a: Calyrex|100/100|[from] drain|[of] p2a: Arceus
|move|p2a: Arceus|Recover|p2a: Arceus
|-heal|p2a: Arceus|100/100
|
|-damage|p2a: Arceus|88/100|[from] Leech Seed|[of] p1a: Calyrex
|upkeep
|turn|10
|
|t:|1665382746
|switch|p1a: Arceus|Arceus|100/100
|-damage|p1a: Arceus|88/100|[from] Stealth Rock
|move|p2a: Arceus|Shadow Claw|p1a: Arceus
|-immune|p1a: Arceus
|
|-damage|p2a: Arceus|76/100|[from] Leech Seed|[of] p1a: Arceus
|-heal|p1a: Arceus|100/100|[silent]
|upkeep
|turn|11
|
|t:|1665382752
|move|p2a: Arceus|Extreme Speed|p1a: Arceus
|-damage|p1a: Arceus|43/100
|move|p1a: Arceus|Swords Dance|p1a: Arceus
|-boost|p1a: Arceus|atk|2
|
|-damage|p2a: Arceus|63/100|[from] Leech Seed|[of] p1a: Arceus
|-heal|p1a: Arceus|56/100|[silent]
|upkeep
|turn|12
|
|t:|1665382758
|switch|p2a: Necrozma|Necrozma-Dusk-Mane|100/100
|move|p1a: Arceus|Extreme Speed|p2a: Necrozma
|-resisted|p2a: Necrozma
|-damage|p2a: Necrozma|78/100
|-damage|p1a: Arceus|40/100|[from] item: Rocky Helmet|[of] p2a: Necrozma
|
|upkeep
|turn|13
|
|t:|1665382764
|move|p1a: Arceus|Defog|p2a: Necrozma
|-unboost|p2a: Necrozma|evasion|1
|-sideend|p1: BasakBooster2|Stealth Rock|[from] move: Defog|[of] p1a: Arceus
|move|p2a: Necrozma|Thunder Wave|p1a: Arceus
|-status|p1a: Arceus|par
|-enditem|p1a: Arceus|Lum Berry|[eat]
|-curestatus|p1a: Arceus|par|[msg]
|
|upkeep
|turn|14
|
|t:|1665382770
|move|p1a: Arceus|Shadow Claw|p2a: Necrozma
|-supereffective|p2a: Necrozma
|-damage|p2a: Necrozma|41/100
|-damage|p1a: Arceus|23/100|[from] item: Rocky Helmet|[of] p2a: Necrozma
|move|p2a: Necrozma|Stealth Rock|p1a: Arceus
|-sidestart|p1: BasakBooster2|move: Stealth Rock
|
|upkeep
|turn|15
|
|t:|1665382774
|move|p1a: Arceus|Defog|p2a: Necrozma
|-unboost|p2a: Necrozma|evasion|1
|-sideend|p1: BasakBooster2|Stealth Rock|[from] move: Defog|[of] p1a: Arceus
|move|p2a: Necrozma|Morning Sun|p2a: Necrozma
|-heal|p2a: Necrozma|91/100
|
|upkeep
|turn|16
|
|t:|1665382779
|move|p1a: Arceus|Swords Dance|p1a: Arceus
|-boost|p1a: Arceus|atk|2
|move|p2a: Necrozma|Stealth Rock|p1a: Arceus
|-sidestart|p1: BasakBooster2|move: Stealth Rock
|
|upkeep
|turn|17
|j| Enjoy enjoy
|
|t:|1665382782
|move|p1a: Arceus|Defog|p2a: Necrozma
|-unboost|p2a: Necrozma|evasion|1
|-sideend|p1: BasakBooster2|Stealth Rock|[from] move: Defog|[of] p1a: Arceus
|move|p2a: Necrozma|Thunder Wave|p1a: Arceus
|-status|p1a: Arceus|par
|
|upkeep
|turn|18
|
|t:|1665382785
|move|p2a: Necrozma|Stealth Rock|p1a: Arceus
|-sidestart|p1: BasakBooster2|move: Stealth Rock
|cant|p1a: Arceus|par
|
|upkeep
|turn|19
|
|t:|1665382788
|move|p2a: Necrozma|Sunsteel Strike|p1a: Arceus
|-damage|p1a: Arceus|0 fnt
|faint|p1a: Arceus
|
|upkeep
|
|t:|1665382791
|switch|p1a: Groudon|Groudon|100/100
|-damage|p1a: Groudon|94/100|[from] Stealth Rock
|detailschange|p1a: Groudon|Groudon-Primal
|-primal|p1a: Groudon
|-weather|DesolateLand|[from] ability: Desolate Land|[of] p1a: Groudon
|turn|20
|
|t:|1665382812
|switch|p2a: Groudon|Groudon|100/100
|detailschange|p2a: Groudon|Groudon-Primal
|-primal|p2a: Groudon
|move|p1a: Groudon|Thunder Wave|p2a: Groudon
|-immune|p2a: Groudon
|
|-weather|DesolateLand|[upkeep]
|upkeep
|turn|21
|
|t:|1665382820
|move|p2a: Groudon|Substitute|p2a: Groudon
|-start|p2a: Groudon|Substitute
|-damage|p2a: Groudon|76/100
|move|p1a: Groudon|Precipice Blades|p2a: Groudon|[miss]
|-miss|p1a: Groudon|p2a: Groudon
|
|-weather|DesolateLand|[upkeep]
|upkeep
|turn|22
|
|t:|1665382825
|move|p2a: Groudon|Earthquake|p1a: Groudon
|-supereffective|p1a: Groudon
|-damage|p1a: Groudon|30/100
|move|p1a: Groudon|Precipice Blades|p2a: Groudon
|-supereffective|p2a: Groudon
|-end|p2a: Groudon|Substitute
|
|-weather|DesolateLand|[upkeep]
|upkeep
|turn|23
|
|t:|1665382834
|move|p2a: Groudon|Earthquake|p1a: Groudon
|-supereffective|p1a: Groudon
|-damage|p1a: Groudon|0 fnt
|faint|p1a: Groudon
|
|-weather|DesolateLand|[upkeep]
|upkeep
|
|t:|1665382836
|switch|p1a: Rayquaza|Rayquaza|100/100
|-damage|p1a: Rayquaza|76/100|[from] Stealth Rock
|-ability|p1a: Rayquaza|Air Lock
|turn|24
|
|t:|1665382840
|detailschange|p1a: Rayquaza|Rayquaza-Mega
|-mega|p1a: Rayquaza|Rayquaza|
|-weather|DeltaStream|[from] ability: Delta Stream|[of] p1a: Rayquaza
|move|p1a: Rayquaza|Dragon Dance|p1a: Rayquaza
|-boost|p1a: Rayquaza|atk|1
|-boost|p1a: Rayquaza|spe|1
|move|p2a: Groudon|Rock Tomb|p1a: Rayquaza
|-activate||deltastream
|-damage|p1a: Rayquaza|48/100
|-unboost|p1a: Rayquaza|spe|1
|
|-weather|DeltaStream|[upkeep]
|upkeep
|turn|25
|
|t:|1665382847
|move|p1a: Rayquaza|Earthquake|p2a: Groudon
|-supereffective|p2a: Groudon
|-damage|p2a: Groudon|0 fnt
|faint|p2a: Groudon
|
|-weather|DeltaStream|[upkeep]
|upkeep
|
|t:|1665382850
|switch|p2a: Ditto|Ditto, shiny|100/100
|-transform|p2a: Ditto|p1a: Rayquaza|[from] ability: Imposter
|turn|26
|
|t:|1665382855
|move|p1a: Rayquaza|Extreme Speed|p2a: Ditto
|-damage|p2a: Ditto|35/100
|move|p2a: Ditto|Dragon Ascent|p1a: Rayquaza
|-damage|p1a: Rayquaza|0 fnt
|-unboost|p2a: Ditto|def|1
|-unboost|p2a: Ditto|spd|1
|faint|p1a: Rayquaza
|
|-weather|DeltaStream|[upkeep]
|upkeep
|
|t:|1665382861
|switch|p1a: Zacian|Zacian-Crowned|100/100
|-damage|p1a: Zacian|94/100|[from] Stealth Rock
|-ability|p1a: Zacian|Intrepid Sword|boost
|-boost|p1a: Zacian|atk|1
|turn|27
|
|t:|1665382865
|-weather|none
|switch|p2a: Necrozma|Necrozma-Dusk-Mane|91/100
|move|p1a: Zacian|Close Combat|p2a: Necrozma
|-damage|p2a: Necrozma|51/100
|-unboost|p1a: Zacian|def|1
|-unboost|p1a: Zacian|spd|1
|-damage|p1a: Zacian|78/100|[from] item: Rocky Helmet|[of] p2a: Necrozma
|
|upkeep
|turn|28
|
|t:|1665382871
|switch|p1a: Yveltal|Yveltal|100/100
|-damage|p1a: Yveltal|76/100|[from] Stealth Rock
|-ability|p1a: Yveltal|Dark Aura
|move|p2a: Necrozma|Thunder Wave|p1a: Yveltal
|-status|p1a: Yveltal|par
|
|upkeep
|turn|29
|
|t:|1665382874
|switch|p2a: Arceus|Arceus-Fairy|100/100
|cant|p1a: Yveltal|par
|
|upkeep
|turn|30
|
|t:|1665382878
|switch|p1a: Zacian|Zacian-Crowned|78/100
|-damage|p1a: Zacian|72/100|[from] Stealth Rock
|-ability|p1a: Zacian|Intrepid Sword|boost
|-boost|p1a: Zacian|atk|1
|move|p2a: Arceus|Judgment|p1a: Zacian
|-resisted|p1a: Zacian
|-damage|p1a: Zacian|48/100
|
|upkeep
|turn|31
|
|t:|1665382883
|move|p1a: Zacian|Behemoth Blade|p2a: Arceus
|-supereffective|p2a: Arceus
|-damage|p2a: Arceus|0 fnt
|faint|p2a: Arceus
|
|upkeep
|
|t:|1665382886
|switch|p2a: Ditto|Ditto, shiny|35/100
|-transform|p2a: Ditto|p1a: Zacian|[from] ability: Imposter
|-ability|p2a: Ditto|Intrepid Sword|boost
|-boost|p2a: Ditto|atk|1
|turn|32
|
|t:|1665382889
|move|p2a: Ditto|Behemoth Blade|p1a: Zacian
|-damage|p1a: Zacian|0 fnt
|faint|p1a: Zacian
|
|upkeep
|
|t:|1665382891
|switch|p1a: Yveltal|Yveltal|76/100 par
|-damage|p1a: Yveltal|51/100 par|[from] Stealth Rock
|-ability|p1a: Yveltal|Dark Aura
|turn|33
|
|t:|1665382894
|move|p1a: Yveltal|Sucker Punch|p2a: Ditto
|-resisted|p2a: Ditto
|-damage|p2a: Ditto|9/100
|-damage|p1a: Yveltal|41/100 par|[from] item: Life Orb
|move|p2a: Ditto|Behemoth Blade|p1a: Yveltal
|-damage|p1a: Yveltal|0 fnt
|faint|p1a: Yveltal
|
|upkeep
|
|t:|1665382900
|switch|p1a: Calyrex|Calyrex-Shadow|100/100
|-ability|p1a: Calyrex|As One
|-ability|p1a: Calyrex|Unnerve
|-damage|p1a: Calyrex|88/100|[from] Stealth Rock
|turn|34
|
|t:|1665382903
|move|p2a: Ditto|Behemoth Blade|p1a: Calyrex
|-damage|p1a: Calyrex|0 fnt
|faint|p1a: Calyrex
|
|win|Blackstar152001
|raw|BasakBooster2's rating: 1894 &rarr; <strong>1878</strong><br />(-16 for losing)
|raw|Blackstar152001's rating: 1959 &rarr; <strong>1975</strong><br />(+16 for winning)
|l| Enjoy enjoy
|l|☆BasakBooster2
