|j|☆LBW55k
|j|☆Snakethey
|t:|1663393605
|gametype|singles
|player|p1|LBW55k|giovanni|1572
|player|p2|Snakethey|steven|1742
|teamsize|p1|6
|teamsize|p2|6
|gen|8
|tier|[Gen 8] National Dex AG
|rated|
|rule|HP Percentage Mod: HP is shown in percentages
|rule|Endless Battle Clause: Forcing endless battles is banned
|clearpoke
|poke|p1|Rayquaza|
|poke|p1|Yveltal|
|poke|p1|Ditto|
|poke|p1|Minior-Violet|
|poke|p1|Smeargle, M|
|poke|p1|Marshadow|
|poke|p2|Arceus-*|
|poke|p2|Arceus-*|
|poke|p2|Rayquaza|
|poke|p2|Calyrex-Shadow|
|poke|p2|Yveltal|
|poke|p2|Urshifu-*, F|
|teampreview
|
|t:|1663393613
|start
|switch|p1a: Minior|Minior-Violet|100/100
|switch|p2a: Arceus|Arceus-Dark|100/100
|-formechange|p1a: Minior|Minior-Meteor||[from] ability: Shields Down
|turn|1
|
|t:|1663393618
|move|p2a: Arceus|Stealth Rock|p1a: Minior
|-sidestart|p1: LBW55k|move: Stealth Rock
|move|p1a: Minior|Stealth Rock|p2a: Arceus
|-sidestart|p2: Snakethey|move: Stealth Rock
|
|upkeep
|turn|2
|
|t:|1663393622
|move|p2a: Arceus|Defog|p1a: Minior
|-unboost|p1a: Minior|evasion|1
|-sideend|p1: LBW55k|Stealth Rock|[from] move: Defog|[of] p2a: Arceus
|-sideend|p2: Snakethey|Stealth Rock|[from] move: Defog|[of] p2a: Arceus
|move|p1a: Minior|Rock Tomb|p2a: Arceus
|-damage|p2a: Arceus|89/100
|-unboost|p2a: Arceus|spe|1
|
|upkeep
|turn|3
|
|t:|1663393625
|move|p1a: Minior|Stealth Rock|p2a: Arceus
|-sidestart|p2: Snakethey|move: Stealth Rock
|move|p2a: Arceus|Judgment|p1a: Minior
|-damage|p1a: Minior|29/100
|
|-formechange|p1a: Minior|Minior-Violet||[from] ability: Shields Down
|upkeep
|turn|4
|
|t:|1663393630
|move|p1a: Minior|Endeavor|p2a: Arceus
|-damage|p2a: Arceus|17/100
|move|p2a: Arceus|Stealth Rock|p1a: Minior
|-sidestart|p1: LBW55k|move: Stealth Rock
|
|upkeep
|turn|5
|
|t:|1663393635
|move|p1a: Minior|U-turn|p2a: Arceus
|-supereffective|p2a: Arceus
|-damage|p2a: Arceus|0 fnt
|faint|p2a: Arceus
|
|t:|1663393641
|switch|p1a: Yveltal|Yveltal|100/100|[from]move: U-turn
|-damage|p1a: Yveltal|76/100|[from] Stealth Rock
|-ability|p1a: Yveltal|Dark Aura
|
|upkeep
|
|t:|1663393652
|switch|p2a: Yveltal|Yveltal|100/100
|-damage|p2a: Yveltal|76/100|[from] Stealth Rock
|-ability|p2a: Yveltal|Dark Aura
|turn|6
|
|t:|1663393657
|-start|p2a: Yveltal|Dynamax|
|-heal|p2a: Yveltal|76/100|[silent]
|-start|p1a: Yveltal|Dynamax|
|-heal|p1a: Yveltal|76/100|[silent]
|move|p2a: Yveltal|Max Airstream|p1a: Yveltal
|-damage|p1a: Yveltal|39/100
|-boost|p2a: Yveltal|spe|1
|-damage|p2a: Yveltal|71/100|[from] item: Life Orb
|move|p1a: Yveltal|Max Airstream|p2a: Yveltal
|-damage|p2a: Yveltal|22/100
|-boost|p1a: Yveltal|spe|1
|-damage|p1a: Yveltal|34/100|[from] item: Life Orb
|
|upkeep
|turn|7
|
|t:|1663393674
|move|p2a: Yveltal|Max Airstream|p1a: Yveltal
|-damage|p1a: Yveltal|0 fnt
|-boost|p2a: Yveltal|spe|1
|faint|p1a: Yveltal
|-damage|p2a: Yveltal|17/100|[from] item: Life Orb
|
|upkeep
|
|t:|1663393679
|switch|p1a: Marshadow|Marshadow|100/100
|-damage|p1a: Marshadow|94/100|[from] Stealth Rock
|turn|8
|
|t:|1663393684
|switch|p1a: Minior|Minior-Violet|29/100
|-damage|p1a: Minior|4/100|[from] Stealth Rock
|move|p2a: Yveltal|Max Airstream|p1a: Minior
|-resisted|p1a: Minior
|-damage|p1a: Minior|0 fnt
|-boost|p2a: Yveltal|spe|1
|faint|p1a: Minior
|-damage|p2a: Yveltal|12/100|[from] item: Life Orb
|
|upkeep
|
|t:|1663393687
|switch|p1a: Marshadow|Marshadow|94/100
|-damage|p1a: Marshadow|88/100|[from] Stealth Rock
|-end|p2a: Yveltal|Dynamax
|-heal|p2a: Yveltal|12/100|[silent]
|turn|9
|
|t:|1663393690
|move|p1a: Marshadow|Shadow Sneak|p2a: Yveltal
|-resisted|p2a: Yveltal
|-damage|p2a: Yveltal|0 fnt
|faint|p2a: Yveltal
|
|upkeep
|
|t:|1663393693
|switch|p2a: Urshifu|Urshifu, F|100/100
|-damage|p2a: Urshifu|94/100|[from] Stealth Rock
|turn|10
|
|t:|1663393701
|move|p2a: Urshifu|Wicked Blow|p1a: Marshadow
|-crit|p1a: Marshadow
|-damage|p1a: Marshadow|14/100
|move|p1a: Marshadow|Close Combat|p2a: Urshifu
|-supereffective|p2a: Urshifu
|-damage|p2a: Urshifu|0 fnt
|-unboost|p1a: Marshadow|def|1
|-unboost|p1a: Marshadow|spd|1
|faint|p2a: Urshifu
|
|upkeep
|
|t:|1663393710
|switch|p2a: Sub to snakey|Arceus|100/100
|-damage|p2a: Sub to snakey|88/100|[from] Stealth Rock
|turn|11
|
|t:|1663393713
|switch|p1a: Smeargle|Smeargle, M|100/100
|-damage|p1a: Smeargle|88/100|[from] Stealth Rock
|move|p2a: Sub to snakey|Shadow Claw|p1a: Smeargle
|-immune|p1a: Smeargle
|
|-heal|p1a: Smeargle|94/100|[from] item: Leftovers
|-ability|p1a: Smeargle|Moody|boost
|-boost|p1a: Smeargle|atk|2
|-unboost|p1a: Smeargle|spe|1
|upkeep
|turn|12
|
|t:|1663393719
|move|p2a: Sub to snakey|Extreme Speed|p1a: Smeargle
|-damage|p1a: Smeargle|0 fnt
|faint|p1a: Smeargle
|
|upkeep
|
|t:|1663393724
|switch|p1a: Rayquaza|Rayquaza|100/100
|-damage|p1a: Rayquaza|76/100|[from] Stealth Rock
|-ability|p1a: Rayquaza|Air Lock
|turn|13
|
|t:|1663393728
|detailschange|p1a: Rayquaza|Rayquaza-Mega
|-mega|p1a: Rayquaza|Rayquaza|
|-weather|DeltaStream|[from] ability: Delta Stream|[of] p1a: Rayquaza
|move|p1a: Rayquaza|Scale Shot|p2a: Sub to snakey
|-damage|p2a: Sub to snakey|73/100
|-damage|p2a: Sub to snakey|56/100
|-hitcount|p2a: Sub to snakey|2
|-unboost|p1a: Rayquaza|def|1
|-boost|p1a: Rayquaza|spe|1
|move|p2a: Sub to snakey|Swords Dance|p2a: Sub to snakey
|-boost|p2a: Sub to snakey|atk|2
|
|-weather|DeltaStream|[upkeep]
|upkeep
|turn|14
|
|t:|1663393735
|move|p2a: Sub to snakey|Extreme Speed|p1a: Rayquaza
|-damage|p1a: Rayquaza|0 fnt
|faint|p1a: Rayquaza
|-weather|none
|
|upkeep
|
|t:|1663393738
|switch|p1a: Ditto|Ditto|100/100
|-damage|p1a: Ditto|88/100|[from] Stealth Rock
|-transform|p1a: Ditto|p2a: Sub to snakey|[from] ability: Imposter
|turn|15
|
|t:|1663393743
|move|p1a: Ditto|Extreme Speed|p2a: Sub to snakey
|-damage|p2a: Sub to snakey|0 fnt
|faint|p2a: Sub to snakey
|
|upkeep
|
|t:|1663393746
|switch|p2a: Calyrex|Calyrex-Shadow|100/100
|-ability|p2a: Calyrex|As One
|-ability|p2a: Calyrex|Unnerve
|-damage|p2a: Calyrex|88/100|[from] Stealth Rock
|turn|16
|
|t:|1663393751
|switch|p1a: Marshadow|Marshadow|14/100
|-damage|p1a: Marshadow|8/100|[from] Stealth Rock
|move|p2a: Calyrex|Psyshock|p1a: Marshadow
|-supereffective|p1a: Marshadow
|-damage|p1a: Marshadow|0 fnt
|faint|p1a: Marshadow
|-ability|p2a: Calyrex|Grim Neigh|boost
|-boost|p2a: Calyrex|spa|1
|
|upkeep
|
|t:|1663393753
|switch|p1a: Ditto|Ditto|88/100
|-damage|p1a: Ditto|76/100|[from] Stealth Rock
|-transform|p1a: Ditto|p2a: Calyrex|[from] ability: Imposter
|turn|17
|
|t:|1663393759
|move|p1a: Ditto|Astral Barrage|p2a: Calyrex
|-supereffective|p2a: Calyrex
|-damage|p2a: Calyrex|0 fnt
|faint|p2a: Calyrex
|-ability|p1a: Ditto|Grim Neigh|boost
|-boost|p1a: Ditto|spa|1
|
|upkeep
|
|t:|1663393761
|switch|p2a: Rayquaza|Rayquaza|100/100
|-damage|p2a: Rayquaza|76/100|[from] Stealth Rock
|-ability|p2a: Rayquaza|Air Lock
|turn|18
|
|t:|1663393764
|detailschange|p2a: Rayquaza|Rayquaza-Mega
|-mega|p2a: Rayquaza|Rayquaza|
|-weather|DeltaStream|[from] ability: Delta Stream|[of] p2a: Rayquaza
|move|p1a: Ditto|Astral Barrage|p2a: Rayquaza
|-damage|p2a: Rayquaza|0 fnt
|faint|p2a: Rayquaza
|-weather|none
|
|win|LBW55k
|raw|LBW55k's rating: 1572 &rarr; <strong>1601</strong><br />(+29 for winning)
|raw|Snakethey's rating: 1742 &rarr; <strong>1713</strong><br />(-29 for losing)
|l|☆Snakethey
