|j|☆Buko2k
|j|☆1WeedBeard
|inactive|Battle timer is ON: inactive players will automatically lose when time's up.
|t:|1651097552
|gametype|singles
|player|p1|Buko2k|nessa|
|player|p2|1WeedBeard|hiker-gen4|
|teamsize|p1|6
|teamsize|p2|6
|gen|8
|tier|[Gen 8] National Dex AG
|rated|Tournament battle
|rule|HP Percentage Mod: HP is shown in percentages
|rule|Endless Battle Clause: Forcing endless battles is banned
|clearpoke
|poke|p1|Xerneas-*|
|poke|p1|Tyranitar, F|
|poke|p1|Necrozma-Dusk-Mane|
|poke|p1|Ditto|
|poke|p1|Groudon|
|poke|p1|Arceus-*|
|poke|p2|Smeargle, M|
|poke|p2|Smeargle, F|
|poke|p2|Groudon|
|poke|p2|Calyrex-Shadow|
|poke|p2|Groudon|
|poke|p2|Ditto|
|teampreview
|inactive|1WeedBeard also wants the timer to be on.
|j|@mendigo da esquina
|j| saindzaku
|l|@mendigo da esquina
|
|t:|1651097568
|start
|switch|p1a: Tyranitar|Tyranitar, F|100/100
|switch|p2a: Smeargle|Smeargle, M|100/100
|-weather|Sandstorm|[from] ability: Sand Stream|[of] p1a: Tyranitar
|turn|1
|
|t:|1651097574
|detailschange|p1a: Tyranitar|Tyranitar-Mega, F
|-mega|p1a: Tyranitar|Tyranitar|Tyranitarite
|move|p2a: Smeargle|Nuzzle|p1a: Tyranitar
|-damage|p1a: Tyranitar|99/100
|-status|p1a: Tyranitar|par
|move|p1a: Tyranitar|Earthquake|p2a: Smeargle
|-damage|p2a: Smeargle|32/100
|
|-weather|Sandstorm|[upkeep]
|-damage|p2a: Smeargle|26/100|[from] Sandstorm
|-ability|p2a: Smeargle|Moody|boost
|-boost|p2a: Smeargle|spe|2
|-unboost|p2a: Smeargle|spd|1
|upkeep
|turn|2
|
|t:|1651097582
|move|p2a: Smeargle|Minimize|p2a: Smeargle
|-boost|p2a: Smeargle|evasion|2
|move|p1a: Tyranitar|Pursuit|p2a: Smeargle
|-crit|p2a: Smeargle
|-damage|p2a: Smeargle|0 fnt
|faint|p2a: Smeargle
|
|-weather|Sandstorm|[upkeep]
|upkeep
|
|t:|1651097586
|switch|p2a: Smeargle|Smeargle, F|100/100
|turn|3
|j| Miraysenpai
|
|t:|1651097594
|switch|p1a: Arceus|Arceus-Ground|100/100
|move|p2a: Smeargle|Toxic Spikes|p1a: Arceus
|-sidestart|p1: Buko2k|move: Toxic Spikes
|
|-weather|Sandstorm|[upkeep]
|-damage|p2a: Smeargle|95/100|[from] Sandstorm
|-ability|p2a: Smeargle|Moody|boost
|-boost|p2a: Smeargle|def|2
|-unboost|p2a: Smeargle|spd|1
|upkeep
|turn|4
|l| Miraysenpai
|
|t:|1651097600
|move|p1a: Arceus|Judgment|p2a: Smeargle
|-damage|p2a: Smeargle|0 fnt
|faint|p2a: Smeargle
|
|-weather|Sandstorm|[upkeep]
|upkeep
|
|t:|1651097606
|switch|p2a: Groudon|Groudon|100/100
|detailschange|p2a: Groudon|Groudon-Primal
|-primal|p2a: Groudon
|-weather|DesolateLand|[from] ability: Desolate Land|[of] p2a: Groudon
|turn|5
|
|t:|1651097610
|move|p1a: Arceus|Judgment|p2a: Groudon
|-supereffective|p2a: Groudon
|-damage|p2a: Groudon|4/100
|move|p2a: Groudon|Rock Polish|p2a: Groudon
|-boost|p2a: Groudon|spe|2
|
|-weather|DesolateLand|[upkeep]
|upkeep
|turn|6
|
|t:|1651097619
|move|p2a: Groudon|Eruption|p1a: Arceus
|-damage|p1a: Arceus|97/100
|move|p1a: Arceus|Judgment|p2a: Groudon
|-supereffective|p2a: Groudon
|-crit|p2a: Groudon
|-damage|p2a: Groudon|0 fnt
|faint|p2a: Groudon
|-weather|none
|
|upkeep
|
|t:|1651097624
|switch|p2a: Groudon|Groudon, shiny|100/100
|detailschange|p2a: Groudon|Groudon-Primal, shiny
|-primal|p2a: Groudon
|-weather|DesolateLand|[from] ability: Desolate Land|[of] p2a: Groudon
|turn|7
|
|t:|1651097636
|move|p1a: Arceus|Judgment|p2a: Groudon
|-supereffective|p2a: Groudon
|-damage|p2a: Groudon|0 fnt
|faint|p2a: Groudon
|-weather|none
|
|upkeep
|-message|1WeedBeard forfeited.
|
|win|Buko2k
|n|☆Buko2k|buko2k
|n|☆1WeedBeard|1weedbeard
|n| saindzaku|saindzaku
