|j|‽Tahz
|j|☆pipi0.0
|t:|1667074419
|gametype|singles
|player|p1|Tahz|2|1761
|player|p2|pipi0.0|lady|1829
|teamsize|p1|6
|teamsize|p2|6
|gen|8
|tier|[Gen 8] National Dex AG
|rated|
|rule|HP Percentage Mod: HP is shown in percentages
|rule|Endless Battle Clause: Forcing endless battles is banned
|clearpoke
|poke|p1|Marshadow|
|poke|p1|Necrozma-Dusk-Mane|
|poke|p1|Arceus-*|
|poke|p1|Ditto|
|poke|p1|Yveltal|
|poke|p1|Arceus-*|
|poke|p2|Rayquaza|
|poke|p2|Kyogre|
|poke|p2|Necrozma-Dusk-Mane|
|poke|p2|Zacian-*|
|poke|p2|Zygarde|
|poke|p2|Yveltal|
|teampreview
|inactive|Battle timer is ON: inactive players will automatically lose when time's up. (requested by pipi0.0)
|
|t:|1667074433
|start
|switch|p1a: Arceus|Arceus-Ground|100/100
|switch|p2a: Kyogre|Kyogre|100/100
|detailschange|p2a: Kyogre|Kyogre-Primal
|-primal|p2a: Kyogre
|-weather|PrimordialSea|[from] ability: Primordial Sea|[of] p2a: Kyogre
|turn|1
|
|t:|1667074444
|move|p1a: Arceus|Stealth Rock|p2a: Kyogre
|-sidestart|p2: pipi0.0|move: Stealth Rock
|move|p2a: Kyogre|Origin Pulse|p1a: Arceus
|-supereffective|p1a: Arceus
|-damage|p1a: Arceus|0 fnt
|faint|p1a: Arceus
|
|-weather|PrimordialSea|[upkeep]
|upkeep
|j| daddy max
|
|t:|1667074450
|switch|p1a: Ditto|Ditto|100/100
|-transform|p1a: Ditto|p2a: Kyogre|[from] ability: Imposter
|turn|2
|
|t:|1667074458
|move|p1a: Ditto|Ice Beam|p2a: Kyogre
|-resisted|p2a: Kyogre
|-damage|p2a: Kyogre|88/100
|-status|p2a: Kyogre|frz
|cant|p2a: Kyogre|frz
|
|-weather|PrimordialSea|[upkeep]
|upkeep
|turn|3
|
|t:|1667074463
|switch|p1a: Arceus|Arceus-Electric|100/100
|cant|p2a: Kyogre|frz
|
|-weather|PrimordialSea|[upkeep]
|upkeep
|turn|4
|
|t:|1667074469
|-weather|none
|switch|p2a: Necrozma|Necrozma-Dusk-Mane|100/100
|-damage|p2a: Necrozma|94/100|[from] Stealth Rock
|move|p1a: Arceus|Calm Mind|p1a: Arceus
|-boost|p1a: Arceus|spa|1
|-boost|p1a: Arceus|spd|1
|
|upkeep
|turn|5
|j| TwTv Bepersch
|
|t:|1667074487
|move|p1a: Arceus|Judgment|p2a: Necrozma
|-damage|p2a: Necrozma|39/100
|move|p2a: Necrozma|Stealth Rock|p1a: Arceus
|-sidestart|p1: Tahz|move: Stealth Rock
|
|upkeep
|turn|6
|
|t:|1667074490
|move|p1a: Arceus|Judgment|p2a: Necrozma
|-damage|p2a: Necrozma|0 fnt
|faint|p2a: Necrozma
|
|upkeep
|
|t:|1667074502
|switch|p2a: Rayquaza|Rayquaza|100/100
|-damage|p2a: Rayquaza|76/100|[from] Stealth Rock
|-ability|p2a: Rayquaza|Air Lock
|turn|7
|
|t:|1667074511
|detailschange|p2a: Rayquaza|Rayquaza-Mega
|-mega|p2a: Rayquaza|Rayquaza|
|-weather|DeltaStream|[from] ability: Delta Stream|[of] p2a: Rayquaza
|move|p2a: Rayquaza|Extreme Speed|p1a: Arceus
|-damage|p1a: Arceus|65/100
|move|p1a: Arceus|Ice Beam|p2a: Rayquaza
|-activate||deltastream
|-supereffective|p2a: Rayquaza
|-damage|p2a: Rayquaza|4/100
|-status|p2a: Rayquaza|frz
|
|-weather|DeltaStream|[upkeep]
|upkeep
|turn|8
|l| TwTv Bepersch
|c|☆pipi0.0|？
|
|t:|1667074523
|cant|p2a: Rayquaza|frz
|move|p1a: Arceus|Ice Beam|p2a: Rayquaza
|-activate||deltastream
|-supereffective|p2a: Rayquaza
|-damage|p2a: Rayquaza|0 fnt
|faint|p2a: Rayquaza
|-weather|none
|
|upkeep
|j| luisYR_a
|
|t:|1667074537
|switch|p2a: Zacian|Zacian-Crowned|100/100
|-damage|p2a: Zacian|94/100|[from] Stealth Rock
|-ability|p2a: Zacian|Intrepid Sword|boost
|-boost|p2a: Zacian|atk|1
|turn|9
|
|t:|1667074541
|move|p2a: Zacian|Close Combat|p1a: Arceus
|-damage|p1a: Arceus|9/100
|-unboost|p2a: Zacian|def|1
|-unboost|p2a: Zacian|spd|1
|move|p1a: Arceus|Recover|p1a: Arceus
|-heal|p1a: Arceus|59/100
|
|upkeep
|turn|10
|
|t:|1667074546
|move|p2a: Zacian|Close Combat|p1a: Arceus
|-damage|p1a: Arceus|5/100
|-unboost|p2a: Zacian|def|1
|-unboost|p2a: Zacian|spd|1
|move|p1a: Arceus|Judgment|p2a: Zacian
|-damage|p2a: Zacian|0 fnt
|faint|p2a: Zacian
|
|upkeep
|l| luisYR_a
|
|t:|1667074555
|switch|p2a: Yveltal|Yveltal|100/100
|-ability|p2a: Yveltal|Dark Aura
|turn|11
|
|t:|1667074562
|move|p1a: Arceus|Recover|p1a: Arceus
|-heal|p1a: Arceus|55/100
|move|p2a: Yveltal|Snarl|p1a: Arceus
|-damage|p1a: Arceus|40/100
|-unboost|p1a: Arceus|spa|1
|
|upkeep
|turn|12
|
|t:|1667074566
|move|p1a: Arceus|Judgment|p2a: Yveltal
|-supereffective|p2a: Yveltal
|-damage|p2a: Yveltal|51/100
|move|p2a: Yveltal|Snarl|p1a: Arceus
|-damage|p1a: Arceus|25/100
|-unboost|p1a: Arceus|spa|1
|
|upkeep
|turn|13
|
|t:|1667074574
|move|p1a: Arceus|Calm Mind|p1a: Arceus
|-boost|p1a: Arceus|spa|1
|-boost|p1a: Arceus|spd|1
|move|p2a: Yveltal|Roost|p2a: Yveltal
|-heal|p2a: Yveltal|100/100
|-singleturn|p2a: Yveltal|move: Roost
|
|upkeep
|turn|14
|
|t:|1667074580
|move|p1a: Arceus|Judgment|p2a: Yveltal
|-supereffective|p2a: Yveltal
|-damage|p2a: Yveltal|50/100
|move|p2a: Yveltal|Snarl|p1a: Arceus
|-damage|p1a: Arceus|14/100
|-unboost|p1a: Arceus|spa|1
|
|upkeep
|turn|15
|
|t:|1667074584
|move|p1a: Arceus|Judgment|p2a: Yveltal
|-supereffective|p2a: Yveltal
|-damage|p2a: Yveltal|13/100
|move|p2a: Yveltal|Snarl|p1a: Arceus
|-damage|p1a: Arceus|4/100
|-unboost|p1a: Arceus|spa|1
|
|upkeep
|turn|16
|
|t:|1667074588
|move|p1a: Arceus|Judgment|p2a: Yveltal
|-supereffective|p2a: Yveltal
|-damage|p2a: Yveltal|0 fnt
|faint|p2a: Yveltal
|
|upkeep
|
|t:|1667074592
|switch|p2a: Kyogre|Kyogre-Primal|88/100 frz
|-damage|p2a: Kyogre|76/100 frz|[from] Stealth Rock
|-weather|PrimordialSea|[from] ability: Primordial Sea|[of] p2a: Kyogre
|turn|17
|
|t:|1667074595
|move|p1a: Arceus|Recover|p1a: Arceus
|-heal|p1a: Arceus|54/100
|cant|p2a: Kyogre|frz
|
|-weather|PrimordialSea|[upkeep]
|upkeep
|turn|18
|
|t:|1667074598
|move|p1a: Arceus|Calm Mind|p1a: Arceus
|-boost|p1a: Arceus|spa|1
|-boost|p1a: Arceus|spd|1
|-curestatus|p2a: Kyogre|frz|[msg]
|move|p2a: Kyogre|Water Spout|p1a: Arceus
|-damage|p1a: Arceus|26/100
|
|-weather|PrimordialSea|[upkeep]
|upkeep
|turn|19
|
|t:|1667074601
|move|p1a: Arceus|Calm Mind|p1a: Arceus
|-boost|p1a: Arceus|spa|1
|-boost|p1a: Arceus|spd|1
|move|p2a: Kyogre|Water Spout|p1a: Arceus
|-damage|p1a: Arceus|2/100
|
|-weather|PrimordialSea|[upkeep]
|upkeep
|turn|20
|
|t:|1667074603
|move|p1a: Arceus|Recover|p1a: Arceus
|-heal|p1a: Arceus|52/100
|move|p2a: Kyogre|Origin Pulse|p1a: Arceus|[miss]
|-miss|p2a: Kyogre|p1a: Arceus
|
|-weather|PrimordialSea|[upkeep]
|upkeep
|turn|21
|
|t:|1667074606
|move|p1a: Arceus|Recover|p1a: Arceus
|-heal|p1a: Arceus|100/100
|move|p2a: Kyogre|Water Spout|p1a: Arceus
|-damage|p1a: Arceus|75/100
|
|-weather|PrimordialSea|[upkeep]
|upkeep
|turn|22
|-message|pipi0.0 forfeited.
|
|win|Tahz
|raw|Tahz's rating: 1761 &rarr; <strong>1785</strong><br />(+24 for winning)
|raw|pipi0.0's rating: 1829 &rarr; <strong>1805</strong><br />(-24 for losing)
|l|☆pipi0.0
||Ladder isn't responding, score probably updated but might not have (Request timeout).
