|j|☆Crackerkid
|j|☆iroeweuio
|t:|1662229319
|gametype|singles
|player|p1|Crackerkid|2|1688
|player|p2|iroeweuio|2|1719
|teamsize|p1|6
|teamsize|p2|6
|gen|8
|tier|[Gen 8] National Dex AG
|rated|
|rule|HP Percentage Mod: HP is shown in percentages
|rule|Endless Battle Clause: Forcing endless battles is banned
|clearpoke
|poke|p1|Rayquaza|
|poke|p1|Groudon|
|poke|p1|Calyrex-Shadow|
|poke|p1|Tyranitar, F|
|poke|p1|Necrozma-Dusk-Mane|
|poke|p1|Deoxys-Attack|
|poke|p2|Chatot, M|
|poke|p2|Weavile, M|
|poke|p2|Giratina-Origin|
|poke|p2|Ditto|
|poke|p2|Breloom, M|
|poke|p2|Wobbuffet, M|
|teampreview
|inactive|Battle timer is ON: inactive players will automatically lose when time's up. (requested by Crackerkid)
|
|t:|1662229327
|start
|switch|p1a: Deoxys|Deoxys-Attack|100/100
|switch|p2a: Weavile|Weavile, M|100/100
|-ability|p1a: Deoxys|Pressure
|-ability|p2a: Weavile|Pressure
|turn|1
|
|t:|1662229339
|switch|p2a: Giratina|Giratina-Origin|100/100
|move|p1a: Deoxys|Spikes|p2a: Giratina
|-sidestart|p2: iroeweuio|Spikes
|
|upkeep
|turn|2
|
|t:|1662229353
|switch|p1a: Tyranitar|Tyranitar, F|100/100
|-weather|Sandstorm|[from] ability: Sand Stream|[of] p1a: Tyranitar
|-start|p2a: Giratina|Dynamax|
|-heal|p2a: Giratina|100/100|[silent]
|move|p2a: Giratina|Max Airstream|p1a: Tyranitar
|-resisted|p1a: Tyranitar
|-damage|p1a: Tyranitar|83/100
|-boost|p2a: Giratina|spe|1
|
|-weather|Sandstorm|[upkeep]
|-damage|p2a: Giratina|97/100|[from] Sandstorm
|-heal|p1a: Tyranitar|90/100|[from] item: Leftovers
|upkeep
|turn|3
|
|t:|1662229366
|move|p2a: Giratina|Max Phantasm|p1a: Tyranitar
|-resisted|p1a: Tyranitar
|-damage|p1a: Tyranitar|59/100
|-unboost|p1a: Tyranitar|def|1
|move|p1a: Tyranitar|Toxic|p2a: Giratina
|-status|p2a: Giratina|tox
|
|-weather|Sandstorm|[upkeep]
|-damage|p2a: Giratina|94/100 tox|[from] Sandstorm
|-heal|p1a: Tyranitar|65/100|[from] item: Leftovers
|-damage|p2a: Giratina|91/100 tox|[from] psn
|upkeep
|turn|4
|
|t:|1662229373
|move|p2a: Giratina|Max Wyrmwind|p1a: Tyranitar
|-damage|p1a: Tyranitar|0 fnt
|faint|p1a: Tyranitar
|
|-weather|Sandstorm|[upkeep]
|-damage|p2a: Giratina|88/100 tox|[from] Sandstorm
|-damage|p2a: Giratina|82/100 tox|[from] psn
|upkeep
|
|t:|1662229380
|switch|p1a: Calyrex|Calyrex-Shadow|100/100
|-ability|p1a: Calyrex|As One
|-ability|p1a: Calyrex|Unnerve
|-end|p2a: Giratina|Dynamax
|-heal|p2a: Giratina|82/100 tox|[silent]
|turn|5
|
|t:|1662229384
|move|p1a: Calyrex|Astral Barrage|p2a: Giratina
|-supereffective|p2a: Giratina
|-damage|p2a: Giratina|0 fnt
|faint|p2a: Giratina
|-ability|p1a: Calyrex|Grim Neigh|boost
|-boost|p1a: Calyrex|spa|1
|
|-weather|Sandstorm|[upkeep]
|-damage|p1a: Calyrex|94/100|[from] Sandstorm
|upkeep
|
|t:|1662229390
|switch|p2a: Ditto|Ditto|100/100
|-damage|p2a: Ditto|88/100|[from] Spikes
|-transform|p2a: Ditto|p1a: Calyrex|[from] ability: Imposter
|turn|6
|
|t:|1662229397
|move|p2a: Ditto|Astral Barrage|p1a: Calyrex
|-supereffective|p1a: Calyrex
|-damage|p1a: Calyrex|0 fnt
|faint|p1a: Calyrex
|-ability|p2a: Ditto|Grim Neigh|boost
|-boost|p2a: Ditto|spa|1
|
|-weather|none
|upkeep
|
|t:|1662229400
|switch|p1a: Deoxys|Deoxys-Attack|100/100
|-ability|p1a: Deoxys|Pressure
|turn|7
|
|t:|1662229403
|move|p2a: Ditto|Astral Barrage|p1a: Deoxys
|-supereffective|p1a: Deoxys
|-enditem|p1a: Deoxys|Focus Sash
|-damage|p1a: Deoxys|1/100
|move|p1a: Deoxys|Knock Off|p2a: Ditto
|-supereffective|p2a: Ditto
|-damage|p2a: Ditto|0 fnt
|-enditem|p2a: Ditto|Choice Scarf|[from] move: Knock Off|[of] p1a: Deoxys
|faint|p2a: Ditto
|
|upkeep
|
|t:|1662229410
|switch|p2a: Breloom|Breloom, M|100/100
|-damage|p2a: Breloom|88/100|[from] Spikes
|turn|8
|
|t:|1662229420
|switch|p1a: Groudon|Groudon|100/100
|detailschange|p1a: Groudon|Groudon-Primal
|-primal|p1a: Groudon
|-weather|DesolateLand|[from] ability: Desolate Land|[of] p1a: Groudon
|move|p2a: Breloom|Feint|p1a: Groudon
|-damage|p1a: Groudon|96/100
|
|-weather|DesolateLand|[upkeep]
|-status|p2a: Breloom|tox|[from] item: Toxic Orb
|upkeep
|turn|9
|
|t:|1662229424
|-weather|none
|switch|p1a: Deoxys|Deoxys-Attack|1/100
|-ability|p1a: Deoxys|Pressure
|move|p2a: Breloom|Spore|p1a: Deoxys
|-status|p1a: Deoxys|slp|[from] move: Spore
|
|-heal|p2a: Breloom|100/100 tox|[from] ability: Poison Heal
|upkeep
|turn|10
|
|t:|1662229427
|switch|p1a: Groudon|Groudon-Primal|96/100
|-weather|DesolateLand|[from] ability: Desolate Land|[of] p1a: Groudon
|move|p2a: Breloom|Feint|p1a: Groudon
|-damage|p1a: Groudon|91/100
|
|-weather|DesolateLand|[upkeep]
|upkeep
|turn|11
|
|t:|1662229434
|move|p2a: Breloom|Spore|p1a: Groudon
|-status|p1a: Groudon|slp|[from] move: Spore
|cant|p1a: Groudon|slp
|
|-weather|DesolateLand|[upkeep]
|upkeep
|turn|12
|
|t:|1662229441
|-singleturn|p2a: Breloom|move: Focus Punch
|move|p2a: Breloom|Focus Punch|p1a: Groudon
|-damage|p1a: Groudon|53/100 slp
|cant|p1a: Groudon|slp
|
|-weather|DesolateLand|[upkeep]
|upkeep
|turn|13
|
|t:|1662229445
|switch|p2a: Chatot|Chatot, M|100/100
|cant|p1a: Groudon|slp
|
|-weather|DesolateLand|[upkeep]
|upkeep
|turn|14
|
|t:|1662229451
|move|p2a: Chatot|Chatter|p1a: Groudon
|-damage|p1a: Groudon|25/100 slp
|-start|p1a: Groudon|confusion
|-curestatus|p1a: Groudon|slp|[msg]
|-activate|p1a: Groudon|confusion
|move|p1a: Groudon|Thunder Wave|p2a: Chatot
|-status|p2a: Chatot|par
|
|-weather|DesolateLand|[upkeep]
|upkeep
|turn|15
|
|t:|1662229457
|-weather|none
|switch|p1a: Deoxys|Deoxys-Attack|1/100 slp
|-ability|p1a: Deoxys|Pressure
|move|p2a: Chatot|Chatter|p1a: Deoxys
|-damage|p1a: Deoxys|0 fnt
|faint|p1a: Deoxys
|
|upkeep
|
|t:|1662229460
|switch|p1a: Necrozma|Necrozma-Dusk-Mane|100/100
|turn|16
|
|t:|1662229463
|move|p1a: Necrozma|Dragon Dance|p1a: Necrozma
|-boost|p1a: Necrozma|atk|1
|-boost|p1a: Necrozma|spe|1
|move|p2a: Chatot|Chatter|p1a: Necrozma
|-resisted|p1a: Necrozma
|-damage|p1a: Necrozma|86/100
|-start|p1a: Necrozma|confusion
|
|upkeep
|turn|17
|
|t:|1662229467
|switch|p2a: Weavile|Weavile, M|100/100
|-damage|p2a: Weavile|88/100|[from] Spikes
|-ability|p2a: Weavile|Pressure
|-activate|p1a: Necrozma|confusion
|move|p1a: Necrozma|Dragon Dance|p1a: Necrozma
|-boost|p1a: Necrozma|atk|1
|-boost|p1a: Necrozma|spe|1
|
|-heal|p2a: Weavile|94/100|[from] item: Leftovers
|upkeep
|turn|18
|
|t:|1662229471
|-start|p1a: Necrozma|Dynamax|
|-heal|p1a: Necrozma|86/100|[silent]
|-activate|p1a: Necrozma|confusion
|-damage|p1a: Necrozma|72/100|[from] confusion
|move|p2a: Weavile|Assist|p2a: Weavile
|move|p2a: Weavile|Spore|p1a: Necrozma|[from]move: Assist
|-status|p1a: Necrozma|slp|[from] move: Spore
|
|-heal|p2a: Weavile|99/100|[from] item: Leftovers
|upkeep
|turn|19
|
|t:|1662229478
|cant|p1a: Necrozma|slp
|move|p2a: Weavile|Substitute|p2a: Weavile
|-start|p2a: Weavile|Substitute
|-damage|p2a: Weavile|75/100
|
|-heal|p2a: Weavile|81/100|[from] item: Leftovers
|upkeep
|turn|20
|
|t:|1662229481
|cant|p1a: Necrozma|slp
|move|p2a: Weavile|Substitute|p2a: Weavile
|-fail|p2a: Weavile|move: Substitute
|
|-heal|p2a: Weavile|87/100|[from] item: Leftovers
|upkeep
|-end|p1a: Necrozma|Dynamax
|-heal|p1a: Necrozma|72/100 slp|[silent]
|turn|21
|
|t:|1662229487
|cant|p1a: Necrozma|slp
|move|p2a: Weavile|Substitute|p2a: Weavile
|-fail|p2a: Weavile|move: Substitute
|
|-heal|p2a: Weavile|93/100|[from] item: Leftovers
|upkeep
|turn|22
|
|t:|1662229495
|-curestatus|p1a: Necrozma|slp|[msg]
|-activate|p1a: Necrozma|confusion
|move|p1a: Necrozma|Sunsteel Strike|p2a: Weavile
|-supereffective|p2a: Weavile
|-end|p2a: Weavile|Substitute
|move|p2a: Weavile|Substitute|p2a: Weavile
|-start|p2a: Weavile|Substitute
|-damage|p2a: Weavile|68/100
|
|-heal|p2a: Weavile|75/100|[from] item: Leftovers
|upkeep
|turn|23
|
|t:|1662229502
|-activate|p1a: Necrozma|confusion
|move|p1a: Necrozma|Sunsteel Strike|p2a: Weavile
|-supereffective|p2a: Weavile
|-end|p2a: Weavile|Substitute
|move|p2a: Weavile|Substitute|p2a: Weavile
|-start|p2a: Weavile|Substitute
|-damage|p2a: Weavile|50/100
|
|-heal|p2a: Weavile|56/100|[from] item: Leftovers
|upkeep
|turn|24
|
|t:|1662229507
|-end|p1a: Necrozma|confusion
|move|p1a: Necrozma|Earthquake|p2a: Weavile
|-end|p2a: Weavile|Substitute
|move|p2a: Weavile|Substitute|p2a: Weavile
|-start|p2a: Weavile|Substitute
|-damage|p2a: Weavile|31/100
|
|-heal|p2a: Weavile|37/100|[from] item: Leftovers
|upkeep
|turn|25
|
|t:|1662229510
|move|p1a: Necrozma|Earthquake|p2a: Weavile
|-end|p2a: Weavile|Substitute
|move|p2a: Weavile|Assist|p2a: Weavile
|move|p2a: Weavile|Spore|p1a: Necrozma|[from]move: Assist
|-status|p1a: Necrozma|slp|[from] move: Spore
|
|-heal|p2a: Weavile|43/100|[from] item: Leftovers
|upkeep
|turn|26
|
|t:|1662229518
|switch|p2a: Chatot|Chatot, M|100/100 par
|cant|p1a: Necrozma|slp
|
|upkeep
|turn|27
|
|t:|1662229522
|cant|p1a: Necrozma|slp
|move|p2a: Chatot|Chatter|p1a: Necrozma
|-resisted|p1a: Necrozma
|-damage|p1a: Necrozma|56/100 slp
|-start|p1a: Necrozma|confusion
|
|upkeep
|turn|28
|
|t:|1662229529
|-curestatus|p1a: Necrozma|slp|[msg]
|-activate|p1a: Necrozma|confusion
|-damage|p1a: Necrozma|31/100|[from] confusion
|move|p2a: Chatot|Chatter|p1a: Necrozma
|-resisted|p1a: Necrozma
|-crit|p1a: Necrozma
|-damage|p1a: Necrozma|6/100
|
|upkeep
|turn|29
|
|t:|1662229533
|-activate|p1a: Necrozma|confusion
|-damage|p1a: Necrozma|0 fnt|[from] confusion
|faint|p1a: Necrozma
|move|p2a: Chatot|Chatter|p1: Necrozma|[notarget]
|-fail|p2a: Chatot
|
|upkeep
|
|t:|1662229536
|switch|p1a: Rayquaza|Rayquaza|100/100
|-ability|p1a: Rayquaza|Air Lock
|turn|30
|
|t:|1662229540
|detailschange|p1a: Rayquaza|Rayquaza-Mega
|-mega|p1a: Rayquaza|Rayquaza|
|-weather|DeltaStream|[from] ability: Delta Stream|[of] p1a: Rayquaza
|move|p1a: Rayquaza|Dragon Ascent|p2a: Chatot
|-damage|p2a: Chatot|0 fnt
|-unboost|p1a: Rayquaza|def|1
|-unboost|p1a: Rayquaza|spd|1
|faint|p2a: Chatot
|
|-weather|DeltaStream|[upkeep]
|upkeep
|
|t:|1662229542
|switch|p2a: Wobbuffet|Wobbuffet, M|100/100
|-damage|p2a: Wobbuffet|88/100|[from] Spikes
|turn|31
|
|t:|1662229547
|move|p1a: Rayquaza|Dragon Ascent|p2a: Wobbuffet
|-damage|p2a: Wobbuffet|0 fnt
|-unboost|p1a: Rayquaza|def|1
|-unboost|p1a: Rayquaza|spd|1
|faint|p2a: Wobbuffet
|
|-weather|DeltaStream|[upkeep]
|upkeep
|
|t:|1662229550
|switch|p2a: Weavile|Weavile, M|43/100
|-damage|p2a: Weavile|30/100|[from] Spikes
|-ability|p2a: Weavile|Pressure
|turn|32
|
|t:|1662229554
|-weather|none
|switch|p1a: Groudon|Groudon-Primal|25/100
|-weather|DesolateLand|[from] ability: Desolate Land|[of] p1a: Groudon
|move|p2a: Weavile|Assist|p2a: Weavile
|move|p2a: Weavile|Spore|p1a: Groudon|[from]move: Assist
|-status|p1a: Groudon|slp|[from] move: Spore
|
|-weather|DesolateLand|[upkeep]
|-heal|p2a: Weavile|36/100|[from] item: Leftovers
|upkeep
|turn|33
|
|t:|1662229565
|move|p2a: Weavile|Substitute|p2a: Weavile
|-start|p2a: Weavile|Substitute
|-damage|p2a: Weavile|12/100
|cant|p1a: Groudon|slp
|
|-weather|DesolateLand|[upkeep]
|-heal|p2a: Weavile|18/100|[from] item: Leftovers
|upkeep
|turn|34
|
|t:|1662229568
|move|p2a: Weavile|Triple Axel|p1a: Groudon|[miss]
|-miss|p2a: Weavile|p1a: Groudon
|cant|p1a: Groudon|slp
|
|-weather|DesolateLand|[upkeep]
|-heal|p2a: Weavile|24/100|[from] item: Leftovers
|upkeep
|turn|35
|
|t:|1662229570
|move|p2a: Weavile|Triple Axel|p1a: Groudon
|-damage|p1a: Groudon|21/100 slp
|-crit|p1a: Groudon
|-damage|p1a: Groudon|6/100 slp
|-damage|p1a: Groudon|0 fnt
|faint|p1a: Groudon
|-weather|none
|-hitcount|p1: Groudon|3
|
|-heal|p2a: Weavile|30/100|[from] item: Leftovers
|upkeep
|
|t:|1662229572
|switch|p1a: Rayquaza|Rayquaza-Mega|100/100
|-weather|DeltaStream|[from] ability: Delta Stream|[of] p1a: Rayquaza
|turn|36
|
|t:|1662229574
|move|p1a: Rayquaza|Extreme Speed|p2a: Weavile
|-end|p2a: Weavile|Substitute
|move|p2a: Weavile|Assist|p2a: Weavile
|move|p2a: Weavile|Spore|p1a: Rayquaza|[from]move: Assist
|-status|p1a: Rayquaza|slp|[from] move: Spore
|
|-weather|DeltaStream|[upkeep]
|-heal|p2a: Weavile|36/100|[from] item: Leftovers
|upkeep
|turn|37
|
|t:|1662229576
|cant|p1a: Rayquaza|slp
|move|p2a: Weavile|Triple Axel|p1a: Rayquaza
|-activate||deltastream
|-supereffective|p1a: Rayquaza
|-damage|p1a: Rayquaza|79/100 slp
|-hitcount|p1a: Rayquaza|1
|
|-weather|DeltaStream|[upkeep]
|-heal|p2a: Weavile|42/100|[from] item: Leftovers
|upkeep
|turn|38
|
|t:|1662229578
|-curestatus|p1a: Rayquaza|slp|[msg]
|move|p1a: Rayquaza|Extreme Speed|p2a: Weavile
|-damage|p2a: Weavile|0 fnt
|faint|p2a: Weavile
|
|-weather|DeltaStream|[upkeep]
|upkeep
|
|t:|1662229580
|switch|p2a: Breloom|Breloom, M|100/100 tox
|-damage|p2a: Breloom|88/100 tox|[from] Spikes
|turn|39
|
|t:|1662229582
|move|p1a: Rayquaza|Extreme Speed|p2a: Breloom
|-damage|p2a: Breloom|4/100 tox
|move|p2a: Breloom|Spore|p1a: Rayquaza
|-status|p1a: Rayquaza|slp|[from] move: Spore
|
|-weather|DeltaStream|[upkeep]
|-heal|p2a: Breloom|16/100 tox|[from] ability: Poison Heal
|upkeep
|turn|40
|
|t:|1662229585
|-singleturn|p2a: Breloom|move: Focus Punch
|cant|p1a: Rayquaza|slp
|move|p2a: Breloom|Focus Punch|p1a: Rayquaza
|-resisted|p1a: Rayquaza
|-damage|p1a: Rayquaza|38/100 slp
|
|-weather|DeltaStream|[upkeep]
|-heal|p2a: Breloom|28/100 tox|[from] ability: Poison Heal
|upkeep
|turn|41
|
|t:|1662229588
|-singleturn|p2a: Breloom|move: Focus Punch
|cant|p1a: Rayquaza|slp
|move|p2a: Breloom|Focus Punch|p1a: Rayquaza
|-resisted|p1a: Rayquaza
|-damage|p1a: Rayquaza|0 fnt
|faint|p1a: Rayquaza
|-weather|none
|
|win|iroeweuio
|raw|Crackerkid's rating: 1688 &rarr; <strong>1670</strong><br />(-18 for losing)
|raw|iroeweuio's rating: 1719 &rarr; <strong>1737</strong><br />(+18 for winning)
|l|☆Crackerkid
||Ladder isn't responding, score probably updated but might not have (Request timeout).
