|j|☆Wyss
|j|‽85792195wwww
|t:|1626175222
|gametype|singles
|player|p1|Wyss|pokemaniac|1531
|player|p2|85792195wwww|170|1760
|teamsize|p1|6
|teamsize|p2|6
|gen|8
|tier|[Gen 8] National Dex AG
|rated|
|rule|HP Percentage Mod: HP is shown in percentages
|rule|Endless Battle Clause: Forcing endless battles is banned
|clearpoke
|poke|p1|Groudon|
|poke|p1|Zygarde|
|poke|p1|Necrozma-Dusk-Mane|
|poke|p1|Arceus-*|
|poke|p1|Chansey, F|
|poke|p1|Eternatus|
|poke|p2|Zacian-*|
|poke|p2|Kyogre|
|poke|p2|Marshadow|
|poke|p2|Rayquaza|
|poke|p2|Arceus-*|
|poke|p2|Ditto|
|teampreview
|inactive|Battle timer is ON: inactive players will automatically lose when time's up. (requested by Wyss)
|
|t:|1626175243
|start
|switch|p1a: Eternatus|Eternatus|100/100
|switch|p2a: Arceus|Arceus-Water|100/100
|-ability|p1a: Eternatus|Pressure
|turn|1
|
|t:|1626175251
|switch|p1a: Groudon|Groudon|100/100
|detailschange|p1a: Groudon|Groudon-Primal
|-primal|p1a: Groudon
|-weather|DesolateLand|[from] ability: Desolate Land|[of] p1a: Groudon
|move|p2a: Arceus|Stealth Rock|p1a: Groudon
|-sidestart|p1: Wyss|move: Stealth Rock
|
|-weather|DesolateLand|[upkeep]
|upkeep
|turn|2
|
|t:|1626175260
|move|p2a: Arceus|Earth Power|p1a: Groudon
|-supereffective|p1a: Groudon
|-damage|p1a: Groudon|62/100
|-unboost|p1a: Groudon|spd|1
|move|p1a: Groudon|Stealth Rock|p2a: Arceus
|-sidestart|p2: 85792195wwww|move: Stealth Rock
|
|-weather|DesolateLand|[upkeep]
|upkeep
|turn|3
|
|t:|1626175273
|switch|p2a: Rayquaza|Rayquaza|100/100
|-damage|p2a: Rayquaza|76/100|[from] Stealth Rock
|-ability|p2a: Rayquaza|Air Lock
|-weather|none
|switch|p1a: Chansey|Chansey, F|100/100
|-damage|p1a: Chansey|88/100|[from] Stealth Rock
|
|upkeep
|turn|4
|
|t:|1626175295
|switch|p1a: Zygarde|Zygarde|100/100
|-damage|p1a: Zygarde|94/100|[from] Stealth Rock
|detailschange|p2a: Rayquaza|Rayquaza-Mega
|-mega|p2a: Rayquaza|Rayquaza|
|-weather|DeltaStream|[from] ability: Delta Stream|[of] p2a: Rayquaza
|move|p2a: Rayquaza|Dragon Ascent|p1a: Zygarde
|-damage|p1a: Zygarde|31/100
|-unboost|p2a: Rayquaza|def|1
|-unboost|p2a: Rayquaza|spd|1
|
|-weather|DeltaStream|[upkeep]
|-heal|p1a: Zygarde|37/100|[from] item: Leftovers
|-activate|p1a: Zygarde|ability: Power Construct
|detailschange|p1a: Zygarde|Zygarde-Complete
|-heal|p1a: Zygarde|59/100|[silent]
|upkeep
|turn|5
|inactive|85792195wwww has 120 seconds left.
|
|t:|1626175319
|-weather|none
|switch|p2a: Arceus|Arceus-Water|100/100
|-damage|p2a: Arceus|88/100|[from] Stealth Rock
|move|p1a: Zygarde|Dragon Tail|p2a: Arceus|[miss]
|-miss|p1a: Zygarde|p2a: Arceus
|
|-heal|p1a: Zygarde|65/100|[from] item: Leftovers
|upkeep
|turn|6
|inactive|85792195wwww has 120 seconds left.
|
|t:|1626175335
|move|p2a: Arceus|Ice Beam|p1a: Zygarde
|-supereffective|p1a: Zygarde
|-damage|p1a: Zygarde|0 fnt
|faint|p1a: Zygarde
|
|upkeep
|
|t:|1626175347
|switch|p1a: Chansey|Chansey, F|88/100
|-damage|p1a: Chansey|76/100|[from] Stealth Rock
|turn|7
|l|‽85792195wwww
|inactive|85792195wwww disconnected and has a minute to reconnect!
|player|p2|
|inactive|85792195wwww has 30 seconds to reconnect!
|j|‽85792195wwww
|inactive|85792195wwww reconnected and has 95 seconds left.
|player|p2|85792195wwww|170
|inactive|85792195wwww has 90 seconds left.
|
|t:|1626175391
|switch|p2a: Zacian|Zacian-Crowned|100/100
|-damage|p2a: Zacian|94/100|[from] Stealth Rock
|-ability|p2a: Zacian|Intrepid Sword|boost
|-boost|p2a: Zacian|atk|1
|move|p1a: Chansey|Toxic|p2a: Zacian
|-immune|p2a: Zacian
|
|upkeep
|turn|8
|-message|Wyss forfeited.
|
|win|85792195wwww
|raw|Wyss's rating: 1531 &rarr; <strong>1523</strong><br />(-8 for losing)
|raw|85792195wwww's rating: 1760 &rarr; <strong>1768</strong><br />(+8 for winning)
|l|☆Wyss
