|j|☆Freeity
|j|☆Randomstrat
|t:|1654197846
|gametype|singles
|player|p1|Freeity|hugh|1722
|player|p2|Randomstrat|falkner|1812
|teamsize|p1|6
|teamsize|p2|6
|gen|8
|tier|[Gen 8] National Dex AG
|rated|
|rule|HP Percentage Mod: HP is shown in percentages
|rule|Endless Battle Clause: Forcing endless battles is banned
|clearpoke
|poke|p1|Arceus-*|
|poke|p1|Rayquaza|
|poke|p1|Arceus-*|
|poke|p1|Necrozma-Dusk-Mane|
|poke|p1|Kyogre|
|poke|p1|Arceus-*|
|poke|p2|Ditto|
|poke|p2|Xerneas-*|
|poke|p2|Marshadow|
|poke|p2|Ho-Oh|
|poke|p2|Ho-Oh|
|poke|p2|Chansey, F|
|teampreview
|j| Scrafty is Broken
|c|☆Freeity|ew
|
|t:|1654197876
|start
|switch|p1a: Lazy|Rayquaza|100/100
|switch|p2a: Xerneas|Xerneas|100/100
|-ability|p2a: Xerneas|Fairy Aura
|-ability|p1a: Lazy|Air Lock
|turn|1
|
|t:|1654197879
|detailschange|p1a: Lazy|Rayquaza-Mega
|-mega|p1a: Lazy|Rayquaza|
|-weather|DeltaStream|[from] ability: Delta Stream|[of] p1a: Lazy
|move|p2a: Xerneas|Moonblast|p1a: Lazy
|-supereffective|p1a: Lazy
|-damage|p1a: Lazy|0 fnt
|faint|p1a: Lazy
|-weather|none
|
|upkeep
|c|☆Freeity|ooh that's sexy
|
|t:|1654197894
|switch|p1a: Necrozma|Necrozma-Dusk-Mane|100/100
|turn|2
|c|☆Randomstrat|Yes like you
|
|t:|1654197917
|switch|p2a: Ho-Oh|Ho-Oh|100/100
|switch|p1a: Kyogre|Kyogre|100/100
|detailschange|p1a: Kyogre|Kyogre-Primal
|-primal|p1a: Kyogre
|-weather|PrimordialSea|[from] ability: Primordial Sea|[of] p1a: Kyogre
|
|-weather|PrimordialSea|[upkeep]
|upkeep
|turn|3
|c|☆Freeity|😳
|
|t:|1654197938
|switch|p2a: Chansey|Chansey, F|100/100
|move|p1a: Kyogre|Calm Mind|p1a: Kyogre
|-boost|p1a: Kyogre|spa|1
|-boost|p1a: Kyogre|spd|1
|
|-weather|PrimordialSea|[upkeep]
|upkeep
|turn|4
|c|☆Randomstrat|;)
|
|t:|1654197943
|move|p1a: Kyogre|Calm Mind|p1a: Kyogre
|-boost|p1a: Kyogre|spa|1
|-boost|p1a: Kyogre|spd|1
|move|p2a: Chansey|Thunder Wave|p1a: Kyogre
|-status|p1a: Kyogre|par
|
|-weather|PrimordialSea|[upkeep]
|upkeep
|turn|5
|
|t:|1654197947
|move|p2a: Chansey|Seismic Toss|p1a: Kyogre
|-damage|p1a: Kyogre|76/100 par
|move|p1a: Kyogre|Calm Mind|p1a: Kyogre
|-boost|p1a: Kyogre|spa|1
|-boost|p1a: Kyogre|spd|1
|
|-weather|PrimordialSea|[upkeep]
|upkeep
|turn|6
|
|t:|1654197956
|move|p2a: Chansey|Seismic Toss|p1a: Kyogre
|-damage|p1a: Kyogre|51/100 par
|move|p1a: Kyogre|Rest|p1a: Kyogre
|-status|p1a: Kyogre|slp|[from] move: Rest
|-heal|p1a: Kyogre|100/100 slp|[silent]
|
|-weather|PrimordialSea|[upkeep]
|upkeep
|turn|7
|
|t:|1654197962
|switch|p2a: Marshadow|Marshadow|100/100
|cant|p1a: Kyogre|slp
|move|p1a: Kyogre|Sleep Talk|p1a: Kyogre
|move|p1a: Kyogre|Scald|p2a: Marshadow|[from]move: Sleep Talk
|-damage|p2a: Marshadow|0 fnt
|faint|p2a: Marshadow
|
|-weather|PrimordialSea|[upkeep]
|upkeep
|c|☆Randomstrat|Bruh
|c|☆Freeity|damn
|
|t:|1654197971
|switch|p2a: Ditto|Ditto|100/100
|-transform|p2a: Ditto|p1a: Kyogre|[from] ability: Imposter
|turn|8
|
|t:|1654197974
|move|p2a: Ditto|Scald|p1a: Kyogre
|-resisted|p1a: Kyogre
|-damage|p1a: Kyogre|80/100 slp
|cant|p1a: Kyogre|slp
|move|p1a: Kyogre|Sleep Talk|p1a: Kyogre
|move|p1a: Kyogre|Rest||[from]move: Sleep Talk|[still]
|-fail|p1a: Kyogre
|
|-weather|PrimordialSea|[upkeep]
|upkeep
|turn|9
|
|t:|1654197979
|move|p2a: Ditto|Scald|p1a: Kyogre
|-resisted|p1a: Kyogre
|-damage|p1a: Kyogre|59/100 slp
|-curestatus|p1a: Kyogre|slp|[msg]
|move|p1a: Kyogre|Calm Mind|p1a: Kyogre
|-boost|p1a: Kyogre|spa|1
|-boost|p1a: Kyogre|spd|1
|
|-weather|PrimordialSea|[upkeep]
|upkeep
|turn|10
|
|t:|1654197985
|move|p2a: Ditto|Scald|p1a: Kyogre
|-resisted|p1a: Kyogre
|-damage|p1a: Kyogre|44/100
|-status|p1a: Kyogre|brn
|move|p1a: Kyogre|Rest|p1a: Kyogre
|-status|p1a: Kyogre|slp|[from] move: Rest
|-heal|p1a: Kyogre|100/100 slp|[silent]
|
|-weather|PrimordialSea|[upkeep]
|upkeep
|turn|11
|
|t:|1654197987
|switch|p2a: Chansey|Chansey, F|100/100
|cant|p1a: Kyogre|slp
|move|p1a: Kyogre|Sleep Talk|p1a: Kyogre
|move|p1a: Kyogre|Scald|p2a: Chansey|[from]move: Sleep Talk
|-damage|p2a: Chansey|55/100
|
|-weather|PrimordialSea|[upkeep]
|upkeep
|turn|12
|
|t:|1654197992
|cant|p1a: Kyogre|slp
|move|p1a: Kyogre|Sleep Talk|p1a: Kyogre
|move|p1a: Kyogre|Calm Mind|p1a: Kyogre|[from]move: Sleep Talk
|-boost|p1a: Kyogre|spa|1
|-boost|p1a: Kyogre|spd|1
|move|p2a: Chansey|Soft-Boiled|p2a: Chansey
|-heal|p2a: Chansey|100/100
|
|-weather|PrimordialSea|[upkeep]
|upkeep
|turn|13
|
|t:|1654197995
|-curestatus|p1a: Kyogre|slp|[msg]
|move|p1a: Kyogre|Scald|p2a: Chansey
|-damage|p2a: Chansey|42/100
|move|p2a: Chansey|Seismic Toss|p1a: Kyogre
|-damage|p1a: Kyogre|76/100
|
|-weather|PrimordialSea|[upkeep]
|upkeep
|turn|14
|
|t:|1654198002
|move|p1a: Kyogre|Scald|p2a: Chansey
|-damage|p2a: Chansey|0 fnt
|faint|p2a: Chansey
|
|-weather|PrimordialSea|[upkeep]
|upkeep
|
|t:|1654198009
|switch|p2a: Ho-Oh|Ho-Oh|100/100
|turn|15
|
|t:|1654198012
|-start|p2a: Ho-Oh|Dynamax|
|-heal|p2a: Ho-Oh|100/100|[silent]
|move|p2a: Ho-Oh|Max Airstream|p1a: Kyogre
|-damage|p1a: Kyogre|35/100
|-boost|p2a: Ho-Oh|spe|1
|move|p1a: Kyogre|Scald|p2a: Ho-Oh
|-supereffective|p2a: Ho-Oh
|-damage|p2a: Ho-Oh|0 fnt
|faint|p2a: Ho-Oh
|
|-weather|PrimordialSea|[upkeep]
|upkeep
|
|t:|1654198017
|switch|p2a: Ho-Oh|Ho-Oh|100/100
|turn|16
|
|t:|1654198023
|move|p2a: Ho-Oh|Brave Bird|p1a: Kyogre
|-damage|p1a: Kyogre|0 fnt
|faint|p1a: Kyogre
|-weather|none
|-damage|p2a: Ho-Oh|89/100|[from] Recoil
|
|upkeep
|
|t:|1654198034
|switch|p1a: Arceus|Arceus-Dark|100/100
|turn|17
|
|t:|1654198036
|switch|p2a: Xerneas|Xerneas|100/100
|-ability|p2a: Xerneas|Fairy Aura
|move|p1a: Arceus|Calm Mind|p1a: Arceus
|-boost|p1a: Arceus|spa|1
|-boost|p1a: Arceus|spd|1
|
|upkeep
|turn|18
|
|t:|1654198042
|move|p2a: Xerneas|Moonblast|p1a: Arceus
|-supereffective|p1a: Arceus
|-damage|p1a: Arceus|55/100
|move|p1a: Arceus|Recover|p1a: Arceus
|-heal|p1a: Arceus|100/100
|
|upkeep
|turn|19
|c|☆Randomstrat|Another one
|
|t:|1654198045
|move|p2a: Xerneas|Moonblast|p1a: Arceus
|-supereffective|p1a: Arceus
|-damage|p1a: Arceus|60/100
|move|p1a: Arceus|Calm Mind|p1a: Arceus
|-boost|p1a: Arceus|spa|1
|-boost|p1a: Arceus|spd|1
|
|upkeep
|turn|20
|
|t:|1654198047
|move|p2a: Xerneas|Moonblast|p1a: Arceus
|-supereffective|p1a: Arceus
|-damage|p1a: Arceus|28/100
|-unboost|p1a: Arceus|spa|1
|move|p1a: Arceus|Recover|p1a: Arceus
|-heal|p1a: Arceus|78/100
|
|upkeep
|turn|21
|
|t:|1654198050
|move|p2a: Xerneas|Moonblast|p1a: Arceus
|-supereffective|p1a: Arceus
|-crit|p1a: Arceus
|-damage|p1a: Arceus|0 fnt
|faint|p1a: Arceus
|
|upkeep
|c|☆Freeity|bruh
|c|☆Randomstrat|Letsgo
|
|t:|1654198059
|switch|p1a: Necrozma|Necrozma-Dusk-Mane|100/100
|turn|22
|c|☆Randomstrat|Needed that
|
|t:|1654198065
|switch|p2a: Ditto|Ditto|100/100
|-transform|p2a: Ditto|p1a: Necrozma|[from] ability: Imposter
|move|p1a: Necrozma|Stealth Rock|p2a: Ditto
|-sidestart|p2: Randomstrat|move: Stealth Rock
|
|upkeep
|turn|23
|
|t:|1654198070
|switch|p1a: Arceus|Arceus-Ground|100/100
|move|p2a: Ditto|Knock Off|p1a: Arceus
|-damage|p1a: Arceus|89/100
|
|upkeep
|turn|24
|
|t:|1654198078
|switch|p2a: Xerneas|Xerneas|100/100
|-damage|p2a: Xerneas|88/100|[from] Stealth Rock
|-ability|p2a: Xerneas|Fairy Aura
|move|p1a: Arceus|Ice Beam|p2a: Xerneas
|-damage|p2a: Xerneas|68/100
|
|upkeep
|turn|25
|
|t:|1654198081
|-start|p1a: Arceus|Dynamax|
|-heal|p1a: Arceus|89/100|[silent]
|move|p2a: Xerneas|Moonblast|p1a: Arceus
|-damage|p1a: Arceus|68/100
|move|p1a: Arceus|Max Quake|p2a: Xerneas
|-damage|p2a: Xerneas|10/100
|-boost|p1a: Arceus|spd|1
|
|upkeep
|turn|26
|
|t:|1654198084
|move|p2a: Xerneas|Moonblast|p1a: Arceus
|-damage|p1a: Arceus|53/100
|-unboost|p1a: Arceus|spa|1
|move|p1a: Arceus|Max Quake|p2a: Xerneas
|-damage|p2a: Xerneas|0 fnt
|-boost|p1a: Arceus|spd|1
|faint|p2a: Xerneas
|
|upkeep
|
|t:|1654198087
|switch|p2a: Ditto|Ditto|100/100
|-damage|p2a: Ditto|88/100|[from] Stealth Rock
|-transform|p2a: Ditto|p1a: Arceus|[from] ability: Imposter
|turn|27
|l| Scrafty is Broken
|
|t:|1654198093
|move|p2a: Ditto|Defog|p1a: Arceus
|-unboost|p1a: Arceus|evasion|1
|-sideend|p2: Randomstrat|Stealth Rock|[from] move: Defog|[of] p2a: Ditto
|move|p1a: Arceus|Max Hailstorm|p2a: Ditto
|-supereffective|p2a: Ditto
|-damage|p2a: Ditto|63/100
|-weather|Hail
|
|-weather|Hail|[upkeep]
|-damage|p2a: Ditto|57/100|[from] Hail
|-damage|p1a: Arceus|49/100|[from] Hail
|upkeep
|-end|p1a: Arceus|Dynamax
|-heal|p1a: Arceus|50/100|[silent]
|turn|28
|
|t:|1654198096
|switch|p2a: Ho-Oh|Ho-Oh|100/100
|move|p1a: Arceus|Recover|p1a: Arceus
|-heal|p1a: Arceus|99/100
|
|-weather|Hail|[upkeep]
|-damage|p1a: Arceus|94/100|[from] Hail
|-damage|p2a: Ho-Oh|94/100|[from] Hail
|upkeep
|turn|29
|
|t:|1654198102
|move|p1a: Arceus|Ice Beam|p2a: Ho-Oh
|-damage|p2a: Ho-Oh|85/100
|move|p2a: Ho-Oh|Sacred Fire|p1a: Arceus
|-damage|p1a: Arceus|69/100
|-status|p1a: Arceus|brn
|
|-weather|Hail|[upkeep]
|-damage|p1a: Arceus|63/100 brn|[from] Hail
|-damage|p2a: Ho-Oh|78/100|[from] Hail
|-damage|p1a: Arceus|57/100 brn|[from] brn
|upkeep
|turn|30
|
|t:|1654198106
|move|p1a: Arceus|Recover|p1a: Arceus
|-heal|p1a: Arceus|100/100 brn
|move|p2a: Ho-Oh|Brave Bird|p1a: Arceus
|-damage|p1a: Arceus|73/100 brn
|-damage|p2a: Ho-Oh|69/100|[from] Recoil
|
|-weather|Hail|[upkeep]
|-damage|p1a: Arceus|67/100 brn|[from] Hail
|-damage|p2a: Ho-Oh|62/100|[from] Hail
|-damage|p1a: Arceus|61/100 brn|[from] brn
|upkeep
|turn|31
|
|t:|1654198111
|move|p1a: Arceus|Recover|p1a: Arceus
|-heal|p1a: Arceus|100/100 brn
|move|p2a: Ho-Oh|Brave Bird|p1a: Arceus
|-damage|p1a: Arceus|70/100 brn
|-damage|p2a: Ho-Oh|51/100|[from] Recoil
|
|-weather|none
|-damage|p1a: Arceus|64/100 brn|[from] brn
|upkeep
|turn|32
|
|t:|1654198114
|move|p1a: Arceus|Recover|p1a: Arceus
|-heal|p1a: Arceus|100/100 brn
|move|p2a: Ho-Oh|Roost|p2a: Ho-Oh
|-heal|p2a: Ho-Oh|100/100
|-singleturn|p2a: Ho-Oh|move: Roost
|
|-damage|p1a: Arceus|94/100 brn|[from] brn
|upkeep
|turn|33
|
|t:|1654198118
|switch|p2a: Ditto|Ditto|57/100
|-transform|p2a: Ditto|p1a: Arceus|[from] ability: Imposter
|move|p1a: Arceus|Ice Beam|p2a: Ditto
|-supereffective|p2a: Ditto
|-damage|p2a: Ditto|40/100
|
|-damage|p1a: Arceus|88/100 brn|[from] brn
|upkeep
|turn|34
|
|t:|1654198122
|move|p2a: Ditto|Recover|p2a: Ditto
|-heal|p2a: Ditto|90/100
|move|p1a: Arceus|Ice Beam|p2a: Ditto
|-supereffective|p2a: Ditto
|-damage|p2a: Ditto|74/100
|
|-damage|p1a: Arceus|82/100 brn|[from] brn
|upkeep
|turn|35
|
|t:|1654198126
|switch|p2a: Ho-Oh|Ho-Oh|100/100
|switch|p1a: Arceus|Arceus-Fairy|100/100
|
|upkeep
|turn|36
|
|t:|1654198131
|switch|p1a: Arceus|Arceus-Ground|82/100 brn
|move|p2a: Ho-Oh|Brave Bird|p1a: Arceus
|-damage|p1a: Arceus|54/100 brn
|-damage|p2a: Ho-Oh|91/100|[from] Recoil
|
|-damage|p1a: Arceus|48/100 brn|[from] brn
|upkeep
|turn|37
|
|t:|1654198173
|move|p1a: Arceus|Recover|p1a: Arceus
|-heal|p1a: Arceus|98/100 brn
|move|p2a: Ho-Oh|Brave Bird|p1a: Arceus
|-damage|p1a: Arceus|68/100 brn
|-damage|p2a: Ho-Oh|80/100|[from] Recoil
|
|-damage|p1a: Arceus|62/100 brn|[from] brn
|upkeep
|turn|38
|
|t:|1654198181
|switch|p2a: Ditto|Ditto|74/100
|-transform|p2a: Ditto|p1a: Arceus|[from] ability: Imposter
|move|p1a: Arceus|Recover|p1a: Arceus
|-heal|p1a: Arceus|100/100 brn
|
|-damage|p1a: Arceus|94/100 brn|[from] brn
|upkeep
|turn|39
|
|t:|1654198184
|move|p2a: Ditto|Ice Beam|p1a: Arceus
|-supereffective|p1a: Arceus
|-damage|p1a: Arceus|60/100 brn
|move|p1a: Arceus|Ice Beam|p2a: Ditto
|-supereffective|p2a: Ditto
|-crit|p2a: Ditto
|-damage|p2a: Ditto|5/100
|
|-damage|p1a: Arceus|54/100 brn|[from] brn
|upkeep
|turn|40
|
|t:|1654198189
|switch|p2a: Ho-Oh|Ho-Oh|100/100
|move|p1a: Arceus|Ice Beam|p2a: Ho-Oh
|-damage|p2a: Ho-Oh|86/100
|
|-damage|p1a: Arceus|48/100 brn|[from] brn
|upkeep
|turn|41
|c|☆Randomstrat|Bruh
|c|☆Freeity|u deserve that
|
|t:|1654198194
|move|p1a: Arceus|Recover|p1a: Arceus
|-heal|p1a: Arceus|98/100 brn
|move|p2a: Ho-Oh|Brave Bird|p1a: Arceus
|-damage|p1a: Arceus|66/100 brn
|-damage|p2a: Ho-Oh|75/100|[from] Recoil
|
|-damage|p1a: Arceus|60/100 brn|[from] brn
|upkeep
|turn|42
|c|☆Freeity|for critting my arceus
|c|☆Freeity|now we're even
|c|☆Randomstrat|I don’t know what are u talking about
|
|t:|1654198218
|switch|p2a: Ditto|Ditto|5/100
|-transform|p2a: Ditto|p1a: Arceus|[from] ability: Imposter
|move|p1a: Arceus|Recover|p1a: Arceus
|-heal|p1a: Arceus|100/100 brn
|
|-damage|p1a: Arceus|94/100 brn|[from] brn
|upkeep
|turn|43
|
|t:|1654198222
|move|p2a: Ditto|Recover|p2a: Ditto
|-heal|p2a: Ditto|56/100
|move|p1a: Arceus|Ice Beam|p2a: Ditto
|-supereffective|p2a: Ditto
|-damage|p2a: Ditto|6/100
|
|-damage|p1a: Arceus|88/100 brn|[from] brn
|upkeep
|turn|44
|
|t:|1654198227
|move|p2a: Ditto|Recover|p2a: Ditto
|-heal|p2a: Ditto|56/100
|move|p1a: Arceus|Ice Beam|p2a: Ditto
|-supereffective|p2a: Ditto
|-damage|p2a: Ditto|5/100
|
|-damage|p1a: Arceus|82/100 brn|[from] brn
|upkeep
|turn|45
|
|t:|1654198229
|switch|p2a: Ho-Oh|Ho-Oh|100/100
|move|p1a: Arceus|Ice Beam|p2a: Ho-Oh
|-damage|p2a: Ho-Oh|86/100
|
|-damage|p1a: Arceus|76/100 brn|[from] brn
|upkeep
|turn|46
|
|t:|1654198245
|move|p1a: Arceus|Recover|p1a: Arceus
|-heal|p1a: Arceus|100/100 brn
|move|p2a: Ho-Oh|Brave Bird|p1a: Arceus
|-damage|p1a: Arceus|69/100 brn
|-damage|p2a: Ho-Oh|75/100|[from] Recoil
|
|-damage|p1a: Arceus|62/100 brn|[from] brn
|upkeep
|turn|47
|c|☆Randomstrat|Bruh this game so long
|c|☆Freeity|forfeit
|
|t:|1654198256
|move|p1a: Arceus|Recover|p1a: Arceus
|-heal|p1a: Arceus|100/100 brn
|move|p2a: Ho-Oh|Brave Bird|p1a: Arceus
|-damage|p1a: Arceus|73/100 brn
|-damage|p2a: Ho-Oh|65/100|[from] Recoil
|
|-damage|p1a: Arceus|67/100 brn|[from] brn
|upkeep
|turn|48
|
|t:|1654198259
|switch|p2a: Ditto|Ditto|5/100
|-transform|p2a: Ditto|p1a: Arceus|[from] ability: Imposter
|move|p1a: Arceus|Recover|p1a: Arceus
|-heal|p1a: Arceus|100/100 brn
|
|-damage|p1a: Arceus|94/100 brn|[from] brn
|upkeep
|turn|49
|
|t:|1654198263
|move|p2a: Ditto|Recover|p2a: Ditto
|-heal|p2a: Ditto|56/100
|move|p1a: Arceus|Ice Beam|p2a: Ditto
|-supereffective|p2a: Ditto
|-damage|p2a: Ditto|9/100
|
|-damage|p1a: Arceus|88/100 brn|[from] brn
|upkeep
|turn|50
|c|☆Randomstrat|Never give up
|
|t:|1654198269
|switch|p2a: Ho-Oh|Ho-Oh|98/100
|move|p1a: Arceus|Ice Beam|p2a: Ho-Oh
|-damage|p2a: Ho-Oh|83/100
|
|-damage|p1a: Arceus|82/100 brn|[from] brn
|upkeep
|turn|51
|c|☆Freeity|why
|c|☆Freeity|waste of time
|
|t:|1654198278
|move|p1a: Arceus|Recover|p1a: Arceus
|-heal|p1a: Arceus|100/100 brn
|move|p2a: Ho-Oh|Brave Bird|p1a: Arceus
|-damage|p1a: Arceus|69/100 brn
|-damage|p2a: Ho-Oh|72/100|[from] Recoil
|
|-damage|p1a: Arceus|62/100 brn|[from] brn
|upkeep
|turn|52
|c|☆Randomstrat|Cause I can win
|j| Scrafty is Broken
|
|t:|1654198284
|move|p1a: Arceus|Recover|p1a: Arceus
|-heal|p1a: Arceus|100/100 brn
|move|p2a: Ho-Oh|Brave Bird|p1a: Arceus
|-damage|p1a: Arceus|71/100 brn
|-damage|p2a: Ho-Oh|62/100|[from] Recoil
|
|-damage|p1a: Arceus|64/100 brn|[from] brn
|upkeep
|turn|53
|c|☆Freeity|no u really can't
|
|t:|1654198299
|move|p1a: Arceus|Recover|p1a: Arceus
|-heal|p1a: Arceus|100/100 brn
|move|p2a: Ho-Oh|Brave Bird|p1a: Arceus
|-damage|p1a: Arceus|73/100 brn
|-damage|p2a: Ho-Oh|52/100|[from] Recoil
|
|-damage|p1a: Arceus|67/100 brn|[from] brn
|upkeep
|turn|54
|c|☆Randomstrat|I can
|
|t:|1654198308
|move|p1a: Arceus|Ice Beam|p2a: Ho-Oh
|-damage|p2a: Ho-Oh|39/100
|move|p2a: Ho-Oh|Roost|p2a: Ho-Oh
|-heal|p2a: Ho-Oh|89/100
|-singleturn|p2a: Ho-Oh|move: Roost
|
|-damage|p1a: Arceus|61/100 brn|[from] brn
|upkeep
|turn|55
|
|t:|1654198319
|move|p1a: Arceus|Ice Beam|p2a: Ho-Oh
|-damage|p2a: Ho-Oh|74/100
|move|p2a: Ho-Oh|Brave Bird|p1a: Arceus
|-damage|p1a: Arceus|33/100 brn
|-damage|p2a: Ho-Oh|64/100|[from] Recoil
|
|-damage|p1a: Arceus|27/100 brn|[from] brn
|upkeep
|turn|56
|
|t:|1654198331
|move|p1a: Arceus|Recover|p1a: Arceus
|-heal|p1a: Arceus|77/100 brn
|move|p2a: Ho-Oh|Sacred Fire|p1a: Arceus
|-damage|p1a: Arceus|51/100 brn
|
|-damage|p1a: Arceus|45/100 brn|[from] brn
|upkeep
|turn|57
|
|t:|1654198338
|move|p1a: Arceus|Ice Beam|p2a: Ho-Oh
|-damage|p2a: Ho-Oh|51/100
|move|p2a: Ho-Oh|Brave Bird|p1a: Arceus
|-damage|p1a: Arceus|14/100 brn
|-damage|p2a: Ho-Oh|40/100|[from] Recoil
|
|-damage|p1a: Arceus|8/100 brn|[from] brn
|upkeep
|turn|58
|
|t:|1654198345
|move|p1a: Arceus|Recover|p1a: Arceus
|-heal|p1a: Arceus|58/100 brn
|move|p2a: Ho-Oh|Brave Bird|p1a: Arceus
|-damage|p1a: Arceus|30/100 brn
|-damage|p2a: Ho-Oh|30/100|[from] Recoil
|
|-damage|p1a: Arceus|24/100 brn|[from] brn
|upkeep
|turn|59
|
|t:|1654198350
|move|p1a: Arceus|Ice Beam|p2a: Ho-Oh
|-damage|p2a: Ho-Oh|15/100
|move|p2a: Ho-Oh|Roost|p2a: Ho-Oh
|-heal|p2a: Ho-Oh|65/100
|-singleturn|p2a: Ho-Oh|move: Roost
|
|-damage|p1a: Arceus|18/100 brn|[from] brn
|upkeep
|turn|60
|
|t:|1654198354
|switch|p2a: Ditto|Ditto|9/100
|-transform|p2a: Ditto|p1a: Arceus|[from] ability: Imposter
|move|p1a: Arceus|Defog|p2a: Ditto
|-unboost|p2a: Ditto|evasion|1
|
|-damage|p1a: Arceus|12/100 brn|[from] brn
|upkeep
|turn|61
|
|t:|1654198357
|move|p2a: Ditto|Ice Beam|p1a: Arceus
|-supereffective|p1a: Arceus
|-damage|p1a: Arceus|0 fnt
|faint|p1a: Arceus
|
|upkeep
|
|t:|1654198365
|switch|p1a: Arceus|Arceus-Fairy|100/100
|turn|62
|
|t:|1654198369
|switch|p2a: Ho-Oh|Ho-Oh|99/100
|move|p1a: Arceus|Judgment|p2a: Ho-Oh
|-resisted|p2a: Ho-Oh
|-damage|p2a: Ho-Oh|85/100
|
|upkeep
|turn|63
|c|☆Freeity|now
|
|t:|1654198381
|move|p1a: Arceus|Judgment|p2a: Ho-Oh
|-resisted|p2a: Ho-Oh
|-crit|p2a: Ho-Oh
|-damage|p2a: Ho-Oh|65/100
|move|p2a: Ho-Oh|Brave Bird|p1a: Arceus
|-damage|p1a: Arceus|65/100
|-damage|p2a: Ho-Oh|53/100|[from] Recoil
|
|upkeep
|turn|64
|
|t:|1654198388
|move|p1a: Arceus|Recover|p1a: Arceus
|-heal|p1a: Arceus|100/100
|move|p2a: Ho-Oh|Roost|p2a: Ho-Oh
|-heal|p2a: Ho-Oh|100/100
|-singleturn|p2a: Ho-Oh|move: Roost
|
|upkeep
|turn|65
|
|t:|1654198394
|move|p1a: Arceus|Will-O-Wisp|p2a: Ho-Oh|[miss]
|-miss|p1a: Arceus|p2a: Ho-Oh
|move|p2a: Ho-Oh|Sacred Fire|p1a: Arceus
|-damage|p1a: Arceus|73/100
|-status|p1a: Arceus|brn
|
|-damage|p1a: Arceus|67/100 brn|[from] brn
|upkeep
|turn|66
|
|t:|1654198397
|move|p1a: Arceus|Refresh|p1a: Arceus
|-curestatus|p1a: Arceus|brn|[msg]
|move|p2a: Ho-Oh|Brave Bird|p1a: Arceus
|-damage|p1a: Arceus|35/100
|-damage|p2a: Ho-Oh|90/100|[from] Recoil
|
|upkeep
|turn|67
|
|t:|1654198402
|switch|p2a: Ditto|Ditto|9/100
|-transform|p2a: Ditto|p1a: Arceus|[from] ability: Imposter
|move|p1a: Arceus|Recover|p1a: Arceus
|-heal|p1a: Arceus|85/100
|
|upkeep
|turn|68
|
|t:|1654198412
|move|p2a: Ditto|Recover|p2a: Ditto
|-heal|p2a: Ditto|59/100
|move|p1a: Arceus|Will-O-Wisp|p2a: Ditto
|-status|p2a: Ditto|brn
|
|-damage|p2a: Ditto|53/100 brn|[from] brn
|upkeep
|turn|69
|c|☆Randomstrat|Ditto will clutch this game
|
|t:|1654198422
|move|p2a: Ditto|Recover|p2a: Ditto
|-heal|p2a: Ditto|100/100 brn
|move|p1a: Arceus|Judgment|p2a: Ditto
|-damage|p2a: Ditto|57/100 brn
|
|-damage|p2a: Ditto|51/100 brn|[from] brn
|upkeep
|turn|70
|
|t:|1654198428
|switch|p2a: Ho-Oh|Ho-Oh|100/100
|move|p1a: Arceus|Judgment|p2a: Ho-Oh
|-resisted|p2a: Ho-Oh
|-damage|p2a: Ho-Oh|87/100
|
|upkeep
|turn|71
|
|t:|1654198435
|move|p1a: Arceus|Will-O-Wisp|p2a: Ho-Oh
|-immune|p2a: Ho-Oh
|move|p2a: Ho-Oh|Sacred Fire|p1a: Arceus
|-damage|p1a: Arceus|60/100
|
|upkeep
|turn|72
|
|t:|1654198440
|move|p1a: Arceus|Will-O-Wisp|p2a: Ho-Oh
|-immune|p2a: Ho-Oh
|move|p2a: Ho-Oh|Brave Bird|p1a: Arceus
|-crit|p1a: Arceus
|-damage|p1a: Arceus|7/100
|-damage|p2a: Ho-Oh|69/100|[from] Recoil
|
|upkeep
|turn|73
|
|t:|1654198444
|move|p1a: Arceus|Recover|p1a: Arceus
|-heal|p1a: Arceus|57/100
|move|p2a: Ho-Oh|Brave Bird|p1a: Arceus
|-damage|p1a: Arceus|24/100
|-damage|p2a: Ho-Oh|57/100|[from] Recoil
|
|upkeep
|turn|74
|c|☆Freeity|.....
|
|t:|1654198454
|move|p1a: Arceus|Recover|p1a: Arceus
|-heal|p1a: Arceus|74/100
|move|p2a: Ho-Oh|Brave Bird|p1a: Arceus
|-damage|p1a: Arceus|40/100
|-damage|p2a: Ho-Oh|46/100|[from] Recoil
|
|upkeep
|turn|75
|
|t:|1654198457
|move|p1a: Arceus|Recover|p1a: Arceus
|-heal|p1a: Arceus|90/100
|move|p2a: Ho-Oh|Roost|p2a: Ho-Oh
|-heal|p2a: Ho-Oh|96/100
|-singleturn|p2a: Ho-Oh|move: Roost
|
|upkeep
|turn|76
|
|t:|1654198465
|switch|p2a: Ditto|Ditto|51/100 brn
|-transform|p2a: Ditto|p1a: Arceus|[from] ability: Imposter
|move|p1a: Arceus|Will-O-Wisp|p2a: Ditto
|-fail|p2a: Ditto|brn
|
|-damage|p2a: Ditto|45/100 brn|[from] brn
|upkeep
|turn|77
|inactive|Battle timer is ON: inactive players will automatically lose when time's up. (requested by Randomstrat)
|
|t:|1654198473
|move|p2a: Ditto|Recover|p2a: Ditto
|-heal|p2a: Ditto|95/100 brn
|move|p1a: Arceus|Judgment|p2a: Ditto
|-damage|p2a: Ditto|47/100 brn
|
|-damage|p2a: Ditto|41/100 brn|[from] brn
|upkeep
|turn|78
|
|t:|1654198485
|move|p2a: Ditto|Recover|p2a: Ditto
|-heal|p2a: Ditto|91/100 brn
|move|p1a: Arceus|Judgment|p2a: Ditto
|-damage|p2a: Ditto|42/100 brn
|
|-damage|p2a: Ditto|36/100 brn|[from] brn
|upkeep
|turn|79
|
|t:|1654198491
|switch|p2a: Ho-Oh|Ho-Oh|100/100
|move|p1a: Arceus|Refresh||[still]
|-fail|p1a: Arceus
|
|upkeep
|turn|80
|
|t:|1654198497
|move|p1a: Arceus|Refresh||[still]
|-fail|p1a: Arceus
|move|p2a: Ho-Oh|Brave Bird|p1a: Arceus
|-damage|p1a: Arceus|57/100
|-damage|p2a: Ho-Oh|89/100|[from] Recoil
|
|upkeep
|turn|81
|
|t:|1654198501
|switch|p2a: Ditto|Ditto|36/100 brn
|-transform|p2a: Ditto|p1a: Arceus|[from] ability: Imposter
|move|p1a: Arceus|Recover|p1a: Arceus
|-heal|p1a: Arceus|100/100
|
|-damage|p2a: Ditto|30/100 brn|[from] brn
|upkeep
|turn|82
|
|t:|1654198507
|move|p2a: Ditto|Recover|p2a: Ditto
|-heal|p2a: Ditto|80/100 brn
|move|p1a: Arceus|Judgment|p2a: Ditto
|-damage|p2a: Ditto|36/100 brn
|
|-damage|p2a: Ditto|30/100 brn|[from] brn
|upkeep
|turn|83
|
|t:|1654198514
|move|p2a: Ditto|Recover|p2a: Ditto
|-heal|p2a: Ditto|80/100 brn
|move|p1a: Arceus|Judgment|p2a: Ditto
|-damage|p2a: Ditto|33/100 brn
|
|-damage|p2a: Ditto|27/100 brn|[from] brn
|upkeep
|turn|84
|
|t:|1654198519
|move|p2a: Ditto|Recover|p2a: Ditto
|-heal|p2a: Ditto|77/100 brn
|move|p1a: Arceus|Will-O-Wisp|p2a: Ditto
|-fail|p2a: Ditto|brn
|
|-damage|p2a: Ditto|71/100 brn|[from] brn
|upkeep
|turn|85
|
|t:|1654198526
|switch|p2a: Ho-Oh|Ho-Oh|100/100
|move|p1a: Arceus|Refresh||[still]
|-fail|p1a: Arceus
|
|upkeep
|turn|86
|
|t:|1654198536
|move|p1a: Arceus|Refresh||[still]
|-fail|p1a: Arceus
|move|p2a: Ho-Oh|Defog|p1a: Arceus
|-unboost|p1a: Arceus|evasion|1
|
|upkeep
|turn|87
|
|t:|1654198541
|move|p1a: Arceus|Refresh||[still]
|-fail|p1a: Arceus
|move|p2a: Ho-Oh|Defog|p1a: Arceus
|-unboost|p1a: Arceus|evasion|1
|
|upkeep
|turn|88
|
|t:|1654198546
|switch|p2a: Ditto|Ditto|71/100 brn
|-transform|p2a: Ditto|p1a: Arceus|[from] ability: Imposter
|move|p1a: Arceus|Refresh||[still]
|-fail|p1a: Arceus
|
|-damage|p2a: Ditto|65/100 brn|[from] brn
|upkeep
|turn|89
|
|t:|1654198550
|move|p2a: Ditto|Recover|p2a: Ditto
|-heal|p2a: Ditto|100/100 brn
|move|p1a: Arceus|Refresh||[still]
|-fail|p1a: Arceus
|
|-damage|p2a: Ditto|94/100 brn|[from] brn
|upkeep
|turn|90
|
|t:|1654198553
|move|p2a: Ditto|Recover|p2a: Ditto
|-heal|p2a: Ditto|100/100 brn
|move|p1a: Arceus|Refresh||[still]
|-fail|p1a: Arceus
|
|-damage|p2a: Ditto|94/100 brn|[from] brn
|upkeep
|turn|91
|
|t:|1654198557
|move|p2a: Ditto|Recover|p2a: Ditto
|-heal|p2a: Ditto|100/100 brn
|move|p1a: Arceus|Refresh||[still]
|-fail|p1a: Arceus
|
|-damage|p2a: Ditto|94/100 brn|[from] brn
|upkeep
|turn|92
|
|t:|1654198566
|move|p2a: Ditto|Recover|p2a: Ditto
|-heal|p2a: Ditto|100/100 brn
|move|p1a: Arceus|Refresh||[still]
|-fail|p1a: Arceus
|
|-damage|p2a: Ditto|94/100 brn|[from] brn
|upkeep
|turn|93
|
|t:|1654198572
|switch|p2a: Ho-Oh|Ho-Oh|100/100
|move|p1a: Arceus|Judgment|p2a: Ho-Oh
|-resisted|p2a: Ho-Oh
|-damage|p2a: Ho-Oh|86/100
|
|upkeep
|turn|94
|
|t:|1654198579
|move|p1a: Arceus|Refresh||[still]
|-fail|p1a: Arceus
|move|p2a: Ho-Oh|Defog|p1a: Arceus
|-unboost|p1a: Arceus|evasion|1
|
|upkeep
|turn|95
|
|t:|1654198584
|switch|p2a: Ditto|Ditto|94/100 brn
|-transform|p2a: Ditto|p1a: Arceus|[from] ability: Imposter
|move|p1a: Arceus|Refresh||[still]
|-fail|p1a: Arceus
|
|-damage|p2a: Ditto|88/100 brn|[from] brn
|upkeep
|turn|96
|
|t:|1654198592
|switch|p1a: Necrozma|Necrozma-Dusk-Mane|100/100
|move|p2a: Ditto|Judgment|p1a: Necrozma
|-resisted|p1a: Necrozma
|-damage|p1a: Necrozma|90/100
|
|-damage|p2a: Ditto|82/100 brn|[from] brn
|upkeep
|turn|97
|
|t:|1654198598
|switch|p2a: Ho-Oh|Ho-Oh|100/100
|move|p1a: Necrozma|Knock Off|p2a: Ho-Oh
|-damage|p2a: Ho-Oh|69/100
|-enditem|p2a: Ho-Oh|Heavy-Duty Boots|[from] move: Knock Off|[of] p1a: Necrozma
|
|upkeep
|turn|98
|
|t:|1654198601
|switch|p1a: Arceus|Arceus-Fairy|100/100
|move|p2a: Ho-Oh|Sacred Fire|p1a: Arceus
|-damage|p1a: Arceus|71/100
|
|upkeep
|turn|99
|
|t:|1654198611
|switch|p2a: Ditto|Ditto|82/100 brn
|-transform|p2a: Ditto|p1a: Arceus|[from] ability: Imposter
|move|p1a: Arceus|Recover|p1a: Arceus
|-heal|p1a: Arceus|100/100
|
|-damage|p2a: Ditto|76/100 brn|[from] brn
|upkeep
|turn|100
|
|t:|1654198614
|switch|p1a: Necrozma|Necrozma-Dusk-Mane|90/100
|move|p2a: Ditto|Will-O-Wisp|p1a: Necrozma
|-status|p1a: Necrozma|brn
|
|-damage|p2a: Ditto|70/100 brn|[from] brn
|-damage|p1a: Necrozma|84/100 brn|[from] brn
|upkeep
|turn|101
|
|t:|1654198621
|switch|p2a: Ho-Oh|Ho-Oh|100/100
|move|p1a: Necrozma|Stealth Rock|p2a: Ho-Oh
|-sidestart|p2: Randomstrat|move: Stealth Rock
|
|-damage|p1a: Necrozma|78/100 brn|[from] brn
|upkeep
|turn|102
|
|t:|1654198626
|switch|p1a: Arceus|Arceus-Fairy|100/100
|move|p2a: Ho-Oh|Defog|p1a: Arceus
|-unboost|p1a: Arceus|evasion|1
|-sideend|p2: Randomstrat|Stealth Rock|[from] move: Defog|[of] p2a: Ho-Oh
|
|upkeep
|turn|103
|
|t:|1654198631
|switch|p1a: Necrozma|Necrozma-Dusk-Mane|78/100 brn
|move|p2a: Ho-Oh|Defog|p1a: Necrozma
|-unboost|p1a: Necrozma|evasion|1
|
|-damage|p1a: Necrozma|72/100 brn|[from] brn
|upkeep
|turn|104
|
|t:|1654198635
|switch|p1a: Arceus|Arceus-Fairy|100/100
|move|p2a: Ho-Oh|Defog|p1a: Arceus
|-unboost|p1a: Arceus|evasion|1
|
|upkeep
|turn|105
|
|t:|1654198640
|move|p1a: Arceus|Recover||[still]
|-fail|p1a: Arceus|heal
|move|p2a: Ho-Oh|Defog|p1a: Arceus
|-unboost|p1a: Arceus|evasion|1
|
|upkeep
|turn|106
|
|t:|1654198644
|switch|p2a: Ditto|Ditto|70/100 brn
|-transform|p2a: Ditto|p1a: Arceus|[from] ability: Imposter
|move|p1a: Arceus|Refresh||[still]
|-fail|p1a: Arceus
|
|-damage|p2a: Ditto|64/100 brn|[from] brn
|upkeep
|turn|107
|
|t:|1654198649
|switch|p1a: Necrozma|Necrozma-Dusk-Mane|72/100 brn
|move|p2a: Ditto|Recover|p2a: Ditto
|-heal|p2a: Ditto|100/100 brn
|
|-damage|p2a: Ditto|94/100 brn|[from] brn
|-damage|p1a: Necrozma|66/100 brn|[from] brn
|upkeep
|turn|108
|
|t:|1654198652
|switch|p2a: Ho-Oh|Ho-Oh|100/100
|move|p1a: Necrozma|Moonlight|p1a: Necrozma
|-heal|p1a: Necrozma|100/100 brn
|
|-damage|p1a: Necrozma|94/100 brn|[from] brn
|upkeep
|turn|109
|
|t:|1654198660
|switch|p1a: Arceus|Arceus-Fairy|100/100
|move|p2a: Ho-Oh|Defog|p1a: Arceus
|-unboost|p1a: Arceus|evasion|1
|
|upkeep
|turn|110
|
|t:|1654198663
|move|p1a: Arceus|Refresh||[still]
|-fail|p1a: Arceus
|move|p2a: Ho-Oh|Defog|p1a: Arceus
|-unboost|p1a: Arceus|evasion|1
|
|upkeep
|turn|111
|
|t:|1654198669
|switch|p2a: Ditto|Ditto|94/100 brn
|-transform|p2a: Ditto|p1a: Arceus|[from] ability: Imposter
|move|p1a: Arceus|Refresh||[still]
|-fail|p1a: Arceus
|
|-damage|p2a: Ditto|88/100 brn|[from] brn
|upkeep
|turn|112
|
|t:|1654198676
|switch|p1a: Necrozma|Necrozma-Dusk-Mane|94/100 brn
|move|p2a: Ditto|Judgment|p1a: Necrozma
|-resisted|p1a: Necrozma
|-damage|p1a: Necrozma|84/100 brn
|
|-damage|p2a: Ditto|82/100 brn|[from] brn
|-damage|p1a: Necrozma|78/100 brn|[from] brn
|upkeep
|turn|113
|
|t:|1654198680
|switch|p2a: Ho-Oh|Ho-Oh|100/100
|move|p1a: Necrozma|Stealth Rock|p2a: Ho-Oh
|-sidestart|p2: Randomstrat|move: Stealth Rock
|
|-damage|p1a: Necrozma|72/100 brn|[from] brn
|upkeep
|turn|114
|
|t:|1654198687
|switch|p1a: Arceus|Arceus-Fairy|100/100
|move|p2a: Ho-Oh|Defog|p1a: Arceus
|-unboost|p1a: Arceus|evasion|1
|-sideend|p2: Randomstrat|Stealth Rock|[from] move: Defog|[of] p2a: Ho-Oh
|
|upkeep
|turn|115
|
|t:|1654198694
|move|p1a: Arceus|Refresh||[still]
|-fail|p1a: Arceus
|move|p2a: Ho-Oh|Defog|p1a: Arceus
|-unboost|p1a: Arceus|evasion|1
|
|upkeep
|turn|116
|
|t:|1654198696
|switch|p2a: Ditto|Ditto|82/100 brn
|-transform|p2a: Ditto|p1a: Arceus|[from] ability: Imposter
|move|p1a: Arceus|Refresh||[still]
|-fail|p1a: Arceus
|
|-damage|p2a: Ditto|76/100 brn|[from] brn
|upkeep
|turn|117
|
|t:|1654198700
|switch|p1a: Necrozma|Necrozma-Dusk-Mane|72/100 brn
|move|p2a: Ditto|Recover|p2a: Ditto
|-heal|p2a: Ditto|100/100 brn
|
|-damage|p2a: Ditto|94/100 brn|[from] brn
|-damage|p1a: Necrozma|66/100 brn|[from] brn
|upkeep
|turn|118
|
|t:|1654198703
|switch|p2a: Ho-Oh|Ho-Oh|100/100
|move|p1a: Necrozma|Moonlight|p1a: Necrozma
|-heal|p1a: Necrozma|100/100 brn
|
|-damage|p1a: Necrozma|94/100 brn|[from] brn
|upkeep
|turn|119
|
|t:|1654198709
|switch|p1a: Arceus|Arceus-Fairy|100/100
|move|p2a: Ho-Oh|Roost||[still]
|-fail|p2a: Ho-Oh|heal
|
|upkeep
|turn|120
|
|t:|1654198719
|switch|p2a: Ditto|Ditto|94/100 brn
|-transform|p2a: Ditto|p1a: Arceus|[from] ability: Imposter
|move|p1a: Arceus|Refresh||[still]
|-fail|p1a: Arceus
|
|-damage|p2a: Ditto|88/100 brn|[from] brn
|upkeep
|turn|121
|
|t:|1654198722
|switch|p1a: Necrozma|Necrozma-Dusk-Mane|94/100 brn
|move|p2a: Ditto|Refresh|p2a: Ditto
|-curestatus|p2a: Ditto|brn|[msg]
|
|-damage|p1a: Necrozma|88/100 brn|[from] brn
|upkeep
|turn|122
|
|t:|1654198725
|switch|p2a: Ho-Oh|Ho-Oh|100/100
|move|p1a: Necrozma|Stealth Rock|p2a: Ho-Oh
|-sidestart|p2: Randomstrat|move: Stealth Rock
|
|-damage|p1a: Necrozma|82/100 brn|[from] brn
|upkeep
|turn|123
|
|t:|1654198727
|switch|p1a: Arceus|Arceus-Fairy|100/100
|move|p2a: Ho-Oh|Defog|p1a: Arceus
|-unboost|p1a: Arceus|evasion|1
|-sideend|p2: Randomstrat|Stealth Rock|[from] move: Defog|[of] p2a: Ho-Oh
|
|upkeep
|turn|124
|l| Scrafty is Broken
|
|t:|1654198733
|switch|p2a: Ditto|Ditto|88/100
|-transform|p2a: Ditto|p1a: Arceus|[from] ability: Imposter
|move|p1a: Arceus|Refresh||[still]
|-fail|p1a: Arceus
|
|upkeep
|turn|125
|
|t:|1654198740
|switch|p1a: Necrozma|Necrozma-Dusk-Mane|82/100 brn
|move|p2a: Ditto|Judgment|p1a: Necrozma
|-resisted|p1a: Necrozma
|-damage|p1a: Necrozma|72/100 brn
|
|-damage|p1a: Necrozma|66/100 brn|[from] brn
|upkeep
|turn|126
|
|t:|1654198742
|switch|p2a: Ho-Oh|Ho-Oh|100/100
|move|p1a: Necrozma|Moonlight|p1a: Necrozma
|-heal|p1a: Necrozma|100/100 brn
|
|-damage|p1a: Necrozma|94/100 brn|[from] brn
|upkeep
|turn|127
|
|t:|1654198750
|switch|p2a: Ditto|Ditto|88/100
|-transform|p2a: Ditto|p1a: Necrozma|[from] ability: Imposter
|switch|p1a: Arceus|Arceus-Fairy|100/100
|
|upkeep
|turn|128
|
|t:|1654198760
|move|p1a: Arceus|Will-O-Wisp|p2a: Ditto
|-status|p2a: Ditto|brn
|move|p2a: Ditto|Knock Off|p1a: Arceus
|-resisted|p1a: Arceus
|-damage|p1a: Arceus|97/100
|
|-damage|p2a: Ditto|82/100 brn|[from] brn
|upkeep
|turn|129
|
|t:|1654198766
|switch|p2a: Ho-Oh|Ho-Oh|100/100
|move|p1a: Arceus|Refresh||[still]
|-fail|p1a: Arceus
|
|upkeep
|turn|130
|
|t:|1654198772
|switch|p2a: Ditto|Ditto|82/100 brn
|-transform|p2a: Ditto|p1a: Arceus|[from] ability: Imposter
|move|p1a: Arceus|Refresh||[still]
|-fail|p1a: Arceus
|
|-damage|p2a: Ditto|76/100 brn|[from] brn
|upkeep
|turn|131
|
|t:|1654198777
|switch|p1a: Necrozma|Necrozma-Dusk-Mane|94/100 brn
|move|p2a: Ditto|Recover|p2a: Ditto
|-heal|p2a: Ditto|100/100 brn
|
|-damage|p2a: Ditto|94/100 brn|[from] brn
|-damage|p1a: Necrozma|88/100 brn|[from] brn
|upkeep
|turn|132
|
|t:|1654198780
|switch|p2a: Ho-Oh|Ho-Oh|100/100
|move|p1a: Necrozma|Stealth Rock|p2a: Ho-Oh
|-sidestart|p2: Randomstrat|move: Stealth Rock
|
|-damage|p1a: Necrozma|82/100 brn|[from] brn
|upkeep
|turn|133
|
|t:|1654198784
|switch|p1a: Arceus|Arceus-Fairy|97/100
|move|p2a: Ho-Oh|Defog|p1a: Arceus
|-unboost|p1a: Arceus|evasion|1
|-sideend|p2: Randomstrat|Stealth Rock|[from] move: Defog|[of] p2a: Ho-Oh
|
|upkeep
|turn|134
|
|t:|1654198788
|switch|p2a: Ditto|Ditto|94/100 brn
|-transform|p2a: Ditto|p1a: Arceus|[from] ability: Imposter
|move|p1a: Arceus|Refresh||[still]
|-fail|p1a: Arceus
|
|-damage|p2a: Ditto|88/100 brn|[from] brn
|upkeep
|turn|135
|
|t:|1654198791
|move|p2a: Ditto|Refresh|p2a: Ditto
|-curestatus|p2a: Ditto|brn|[msg]
|move|p1a: Arceus|Refresh||[still]
|-fail|p1a: Arceus
|
|upkeep
|turn|136
|
|t:|1654198795
|switch|p2a: Ho-Oh|Ho-Oh|100/100
|move|p1a: Arceus|Will-O-Wisp|p2a: Ho-Oh|[miss]
|-miss|p1a: Arceus|p2a: Ho-Oh
|
|upkeep
|turn|137
|
|t:|1654198798
|switch|p2a: Ditto|Ditto|88/100
|-transform|p2a: Ditto|p1a: Arceus|[from] ability: Imposter
|move|p1a: Arceus|Will-O-Wisp|p2a: Ditto
|-status|p2a: Ditto|brn
|
|-damage|p2a: Ditto|82/100 brn|[from] brn
|upkeep
|turn|138
|
|t:|1654198801
|switch|p1a: Necrozma|Necrozma-Dusk-Mane|82/100 brn
|move|p2a: Ditto|Refresh|p2a: Ditto
|-curestatus|p2a: Ditto|brn|[msg]
|
|-damage|p1a: Necrozma|76/100 brn|[from] brn
|upkeep
|turn|139
|
|t:|1654198805
|switch|p2a: Ho-Oh|Ho-Oh|100/100
|move|p1a: Necrozma|Moonlight|p1a: Necrozma
|-heal|p1a: Necrozma|100/100 brn
|
|-damage|p1a: Necrozma|94/100 brn|[from] brn
|upkeep
|turn|140
|
|t:|1654198811
|switch|p2a: Ditto|Ditto|82/100
|-transform|p2a: Ditto|p1a: Necrozma|[from] ability: Imposter
|switch|p1a: Arceus|Arceus-Fairy|97/100
|
|upkeep
|turn|141
|
|t:|1654198814
|move|p1a: Arceus|Will-O-Wisp|p2a: Ditto
|-status|p2a: Ditto|brn
|move|p2a: Ditto|Sunsteel Strike|p1a: Arceus
|-supereffective|p1a: Arceus
|-damage|p1a: Arceus|64/100
|
|-damage|p2a: Ditto|76/100 brn|[from] brn
|upkeep
|turn|142
|
|t:|1654198819
|move|p1a: Arceus|Recover|p1a: Arceus
|-heal|p1a: Arceus|100/100
|move|p2a: Ditto|Sunsteel Strike|p1a: Arceus
|-supereffective|p1a: Arceus
|-damage|p1a: Arceus|70/100
|
|-damage|p2a: Ditto|70/100 brn|[from] brn
|upkeep
|turn|143
|
|t:|1654198821
|switch|p1a: Necrozma|Necrozma-Dusk-Mane|94/100 brn
|move|p2a: Ditto|Sunsteel Strike|p1a: Necrozma
|-resisted|p1a: Necrozma
|-damage|p1a: Necrozma|88/100 brn
|-damage|p2a: Ditto|54/100 brn|[from] item: Rocky Helmet|[of] p1a: Necrozma
|
|-damage|p2a: Ditto|48/100 brn|[from] brn
|-damage|p1a: Necrozma|82/100 brn|[from] brn
|upkeep
|turn|144
|
|t:|1654198824
|switch|p2a: Ho-Oh|Ho-Oh|100/100
|move|p1a: Necrozma|Knock Off|p2a: Ho-Oh
|-damage|p2a: Ho-Oh|91/100
|
|-damage|p1a: Necrozma|76/100 brn|[from] brn
|upkeep
|turn|145
|
|t:|1654198833
|switch|p1a: Arceus|Arceus-Fairy|70/100
|move|p2a: Ho-Oh|Defog|p1a: Arceus
|-unboost|p1a: Arceus|evasion|1
|
|upkeep
|turn|146
|j| Scrafty is Broken
|
|t:|1654198857
|move|p1a: Arceus|Refresh||[still]
|-fail|p1a: Arceus
|move|p2a: Ho-Oh|Brave Bird|p1a: Arceus
|-damage|p1a: Arceus|37/100
|-damage|p2a: Ho-Oh|79/100|[from] Recoil
|
|upkeep
|turn|147
|
|t:|1654198860
|switch|p2a: Ditto|Ditto|48/100 brn
|-transform|p2a: Ditto|p1a: Arceus|[from] ability: Imposter
|move|p1a: Arceus|Recover|p1a: Arceus
|-heal|p1a: Arceus|87/100
|
|-damage|p2a: Ditto|42/100 brn|[from] brn
|upkeep
|turn|148
|
|t:|1654198864
|move|p2a: Ditto|Recover|p2a: Ditto
|-heal|p2a: Ditto|92/100 brn
|move|p1a: Arceus|Judgment|p2a: Ditto
|-damage|p2a: Ditto|44/100 brn
|
|-damage|p2a: Ditto|38/100 brn|[from] brn
|upkeep
|turn|149
|
|t:|1654198869
|move|p2a: Ditto|Recover|p2a: Ditto
|-heal|p2a: Ditto|88/100 brn
|move|p1a: Arceus|Judgment|p2a: Ditto
|-damage|p2a: Ditto|41/100 brn
|
|-damage|p2a: Ditto|35/100 brn|[from] brn
|upkeep
|turn|150
|c|☆Freeity|crit crit crit
|
|t:|1654198875
|move|p2a: Ditto|Recover|p2a: Ditto
|-heal|p2a: Ditto|85/100 brn
|move|p1a: Arceus|Judgment|p2a: Ditto
|-damage|p2a: Ditto|41/100 brn
|
|-damage|p2a: Ditto|35/100 brn|[from] brn
|upkeep
|turn|151
|
|t:|1654198879
|switch|p2a: Ho-Oh|Ho-Oh|100/100
|move|p1a: Arceus|Judgment|p2a: Ho-Oh
|-resisted|p2a: Ho-Oh
|-damage|p2a: Ho-Oh|88/100
|
|upkeep
|turn|152
|
|t:|1654198885
|move|p1a: Arceus|Refresh||[still]
|-fail|p1a: Arceus
|move|p2a: Ho-Oh|Roost|p2a: Ho-Oh
|-heal|p2a: Ho-Oh|100/100
|-singleturn|p2a: Ho-Oh|move: Roost
|
|upkeep
|turn|153
|
|t:|1654198889
|switch|p2a: Ditto|Ditto|35/100 brn
|-transform|p2a: Ditto|p1a: Arceus|[from] ability: Imposter
|move|p1a: Arceus|Refresh||[still]
|-fail|p1a: Arceus
|
|-damage|p2a: Ditto|29/100 brn|[from] brn
|upkeep
|turn|154
|
|t:|1654198895
|move|p2a: Ditto|Recover|p2a: Ditto
|-heal|p2a: Ditto|79/100 brn
|move|p1a: Arceus|Judgment|p2a: Ditto
|-damage|p2a: Ditto|33/100 brn
|
|-damage|p2a: Ditto|27/100 brn|[from] brn
|upkeep
|turn|155
|
|t:|1654198897
|move|p2a: Ditto|Recover|p2a: Ditto
|-heal|p2a: Ditto|77/100 brn
|move|p1a: Arceus|Judgment|p2a: Ditto
|-damage|p2a: Ditto|31/100 brn
|
|-damage|p2a: Ditto|25/100 brn|[from] brn
|upkeep
|turn|156
|
|t:|1654198900
|switch|p2a: Ho-Oh|Ho-Oh|100/100
|move|p1a: Arceus|Refresh||[still]
|-fail|p1a: Arceus
|
|upkeep
|turn|157
|
|t:|1654198906
|move|p1a: Arceus|Refresh||[still]
|-fail|p1a: Arceus
|move|p2a: Ho-Oh|Defog|p1a: Arceus
|-unboost|p1a: Arceus|evasion|1
|
|upkeep
|turn|158
|
|t:|1654198913
|move|p1a: Arceus|Refresh||[still]
|-fail|p1a: Arceus
|move|p2a: Ho-Oh|Roost||[still]
|-fail|p2a: Ho-Oh|heal
|
|upkeep
|turn|159
|
|t:|1654198932
|move|p1a: Arceus|Refresh||[still]
|-fail|p1a: Arceus
|move|p2a: Ho-Oh|Roost||[still]
|-fail|p2a: Ho-Oh|heal
|
|upkeep
|turn|160
|
|t:|1654198936
|switch|p2a: Ditto|Ditto|25/100 brn
|-transform|p2a: Ditto|p1a: Arceus|[from] ability: Imposter
|move|p1a: Arceus|Refresh||[still]
|-fail|p1a: Arceus
|
|-damage|p2a: Ditto|19/100 brn|[from] brn
|upkeep
|turn|161
|
|t:|1654198941
|move|p2a: Ditto|Recover|p2a: Ditto
|-heal|p2a: Ditto|69/100 brn
|move|p1a: Arceus|Will-O-Wisp|p2a: Ditto
|-fail|p2a: Ditto|brn
|
|-damage|p2a: Ditto|63/100 brn|[from] brn
|upkeep
|turn|162
|
|t:|1654198946
|switch|p2a: Ho-Oh|Ho-Oh|100/100
|move|p1a: Arceus|Will-O-Wisp|p2a: Ho-Oh
|-immune|p2a: Ho-Oh
|
|upkeep
|turn|163
|
|t:|1654198952
|switch|p2a: Ditto|Ditto|63/100 brn
|-transform|p2a: Ditto|p1a: Arceus|[from] ability: Imposter
|move|p1a: Arceus|Will-O-Wisp|p2a: Ditto
|-fail|p2a: Ditto|brn
|
|-damage|p2a: Ditto|57/100 brn|[from] brn
|upkeep
|turn|164
|
|t:|1654198955
|move|p2a: Ditto|Recover|p2a: Ditto
|-heal|p2a: Ditto|100/100 brn
|move|p1a: Arceus|Will-O-Wisp|p2a: Ditto
|-fail|p2a: Ditto|brn
|
|-damage|p2a: Ditto|94/100 brn|[from] brn
|upkeep
|turn|165
|
|t:|1654198958
|move|p2a: Ditto|Recover|p2a: Ditto
|-heal|p2a: Ditto|100/100 brn
|move|p1a: Arceus|Will-O-Wisp|p2a: Ditto
|-fail|p2a: Ditto|brn
|
|-damage|p2a: Ditto|94/100 brn|[from] brn
|upkeep
|turn|166
|
|t:|1654198960
|move|p2a: Ditto|Recover|p2a: Ditto
|-heal|p2a: Ditto|100/100 brn
|move|p1a: Arceus|Will-O-Wisp|p2a: Ditto
|-fail|p2a: Ditto|brn
|
|-damage|p2a: Ditto|94/100 brn|[from] brn
|upkeep
|turn|167
|
|t:|1654198964
|move|p2a: Ditto|Recover|p2a: Ditto
|-heal|p2a: Ditto|100/100 brn
|move|p1a: Arceus|Will-O-Wisp|p2a: Ditto
|-fail|p2a: Ditto|brn
|
|-damage|p2a: Ditto|94/100 brn|[from] brn
|upkeep
|turn|168
|
|t:|1654198967
|move|p2a: Ditto|Recover|p2a: Ditto
|-heal|p2a: Ditto|100/100 brn
|move|p1a: Arceus|Will-O-Wisp|p2a: Ditto
|-fail|p2a: Ditto|brn
|
|-damage|p2a: Ditto|94/100 brn|[from] brn
|upkeep
|turn|169
|
|t:|1654198969
|switch|p2a: Ho-Oh|Ho-Oh|100/100
|move|p1a: Arceus|Will-O-Wisp|p2a: Ho-Oh|[miss]
|-miss|p1a: Arceus|p2a: Ho-Oh
|
|upkeep
|turn|170
|c|☆Freeity|bruhh why did u have to crit my darceus
|c|☆Randomstrat|Sry
|
|t:|1654198987
|switch|p2a: Ditto|Ditto|94/100 brn
|-transform|p2a: Ditto|p1a: Arceus|[from] ability: Imposter
|move|p1a: Arceus|Will-O-Wisp|p2a: Ditto
|-fail|p2a: Ditto|brn
|
|-damage|p2a: Ditto|88/100 brn|[from] brn
|upkeep
|turn|171
|c|☆Randomstrat|ive been haxx before in the day it’s my revenge but on a another person
|
|t:|1654199007
|switch|p1a: Necrozma|Necrozma-Dusk-Mane|76/100 brn
|move|p2a: Ditto|Judgment|p1a: Necrozma
|-resisted|p1a: Necrozma
|-damage|p1a: Necrozma|65/100 brn
|
|-damage|p2a: Ditto|82/100 brn|[from] brn
|-damage|p1a: Necrozma|59/100 brn|[from] brn
|upkeep
|turn|172
|
|t:|1654199011
|switch|p2a: Ho-Oh|Ho-Oh|100/100
|move|p1a: Necrozma|Sunsteel Strike|p2a: Ho-Oh
|-resisted|p2a: Ho-Oh
|-damage|p2a: Ho-Oh|90/100
|
|-damage|p1a: Necrozma|53/100 brn|[from] brn
|upkeep
|turn|173
|
|t:|1654199032
|switch|p2a: Ditto|Ditto|82/100 brn
|-transform|p2a: Ditto|p1a: Necrozma|[from] ability: Imposter
|switch|p1a: Arceus|Arceus-Fairy|87/100
|
|-damage|p2a: Ditto|76/100 brn|[from] brn
|upkeep
|turn|174
|inactive|Freeity has 120 seconds left.
|
|t:|1654199069
|move|p1a: Arceus|Will-O-Wisp|p2a: Ditto
|-fail|p2a: Ditto|brn
|move|p2a: Ditto|Stealth Rock|p1a: Arceus
|-sidestart|p1: Freeity|move: Stealth Rock
|
|-damage|p2a: Ditto|70/100 brn|[from] brn
|upkeep
|turn|175
|
|t:|1654199073
|switch|p2a: Ho-Oh|Ho-Oh|100/100
|move|p1a: Arceus|Will-O-Wisp|p2a: Ho-Oh
|-immune|p2a: Ho-Oh
|
|upkeep
|turn|176
|
|t:|1654199079
|switch|p2a: Ditto|Ditto|70/100 brn
|-transform|p2a: Ditto|p1a: Arceus|[from] ability: Imposter
|move|p1a: Arceus|Will-O-Wisp|p2a: Ditto|[miss]
|-miss|p1a: Arceus|p2a: Ditto
|
|-damage|p2a: Ditto|64/100 brn|[from] brn
|upkeep
|turn|177
|
|t:|1654199085
|switch|p1a: Necrozma|Necrozma-Dusk-Mane|53/100 brn
|-damage|p1a: Necrozma|47/100 brn|[from] Stealth Rock
|move|p2a: Ditto|Recover|p2a: Ditto
|-heal|p2a: Ditto|100/100 brn
|
|-damage|p2a: Ditto|94/100 brn|[from] brn
|-damage|p1a: Necrozma|41/100 brn|[from] brn
|upkeep
|turn|178
|
|t:|1654199089
|switch|p2a: Ho-Oh|Ho-Oh|100/100
|move|p1a: Necrozma|Moonlight|p1a: Necrozma
|-heal|p1a: Necrozma|91/100 brn
|
|-damage|p1a: Necrozma|85/100 brn|[from] brn
|upkeep
|turn|179
|inactive|Freeity has 120 seconds left.
|
|t:|1654199100
|switch|p2a: Ditto|Ditto|94/100 brn
|-transform|p2a: Ditto|p1a: Necrozma|[from] ability: Imposter
|switch|p1a: Arceus|Arceus-Fairy|87/100
|-damage|p1a: Arceus|75/100|[from] Stealth Rock
|
|-damage|p2a: Ditto|88/100 brn|[from] brn
|upkeep
|turn|180
|
|t:|1654199105
|move|p1a: Arceus|Will-O-Wisp|p2a: Ditto
|-fail|p2a: Ditto|brn
|move|p2a: Ditto|Sunsteel Strike|p1a: Arceus
|-supereffective|p1a: Arceus
|-damage|p1a: Arceus|42/100
|
|-damage|p2a: Ditto|82/100 brn|[from] brn
|upkeep
|turn|181
|
|t:|1654199126
|move|p1a: Arceus|Recover|p1a: Arceus
|-heal|p1a: Arceus|92/100
|move|p2a: Ditto|Sunsteel Strike|p1a: Arceus
|-supereffective|p1a: Arceus
|-damage|p1a: Arceus|62/100
|
|-damage|p2a: Ditto|76/100 brn|[from] brn
|upkeep
|turn|182
|
|t:|1654199132
|switch|p1a: Necrozma|Necrozma-Dusk-Mane|85/100 brn
|-damage|p1a: Necrozma|79/100 brn|[from] Stealth Rock
|move|p2a: Ditto|Sunsteel Strike|p1a: Necrozma
|-resisted|p1a: Necrozma
|-damage|p1a: Necrozma|72/100 brn
|-damage|p2a: Ditto|60/100 brn|[from] item: Rocky Helmet|[of] p1a: Necrozma
|
|-damage|p2a: Ditto|54/100 brn|[from] brn
|-damage|p1a: Necrozma|66/100 brn|[from] brn
|upkeep
|turn|183
|
|t:|1654199138
|switch|p2a: Ho-Oh|Ho-Oh|100/100
|move|p1a: Necrozma|Stealth Rock|p2a: Ho-Oh
|-sidestart|p2: Randomstrat|move: Stealth Rock
|
|-damage|p1a: Necrozma|60/100 brn|[from] brn
|upkeep
|turn|184
|
|t:|1654199146
|switch|p1a: Arceus|Arceus-Fairy|62/100
|-damage|p1a: Arceus|50/100|[from] Stealth Rock
|move|p2a: Ho-Oh|Defog|p1a: Arceus
|-unboost|p1a: Arceus|evasion|1
|-sideend|p1: Freeity|Stealth Rock|[from] move: Defog|[of] p2a: Ho-Oh
|-sideend|p2: Randomstrat|Stealth Rock|[from] move: Defog|[of] p2a: Ho-Oh
|
|upkeep
|turn|185
|
|t:|1654199155
|move|p1a: Arceus|Recover|p1a: Arceus
|-heal|p1a: Arceus|99/100
|move|p2a: Ho-Oh|Roost||[still]
|-fail|p2a: Ho-Oh|heal
|
|upkeep
|turn|186
|
|t:|1654199163
|switch|p1a: Necrozma|Necrozma-Dusk-Mane|60/100 brn
|move|p2a: Ho-Oh|Defog|p1a: Necrozma
|-unboost|p1a: Necrozma|evasion|1
|
|-damage|p1a: Necrozma|54/100 brn|[from] brn
|upkeep
|turn|187
|
|t:|1654199167
|move|p2a: Ho-Oh|Sacred Fire|p1a: Necrozma
|-supereffective|p1a: Necrozma
|-damage|p1a: Necrozma|20/100 brn
|move|p1a: Necrozma|Moonlight|p1a: Necrozma
|-heal|p1a: Necrozma|70/100 brn
|
|-damage|p1a: Necrozma|64/100 brn|[from] brn
|upkeep
|turn|188
|
|t:|1654199192
|switch|p2a: Ditto|Ditto|54/100 brn
|-transform|p2a: Ditto|p1a: Necrozma|[from] ability: Imposter
|switch|p1a: Arceus|Arceus-Fairy|99/100
|
|-damage|p2a: Ditto|48/100 brn|[from] brn
|upkeep
|turn|189
|
|t:|1654199198
|switch|p1a: Necrozma|Necrozma-Dusk-Mane|64/100 brn
|move|p2a: Ditto|Moonlight|p2a: Ditto
|-heal|p2a: Ditto|98/100 brn
|
|-damage|p2a: Ditto|92/100 brn|[from] brn
|-damage|p1a: Necrozma|58/100 brn|[from] brn
|upkeep
|turn|190
|
|t:|1654199202
|switch|p2a: Ho-Oh|Ho-Oh|100/100
|move|p1a: Necrozma|Knock Off|p2a: Ho-Oh
|-damage|p2a: Ho-Oh|91/100
|
|-damage|p1a: Necrozma|52/100 brn|[from] brn
|upkeep
|turn|191
|
|t:|1654199210
|move|p2a: Ho-Oh|Defog|p1a: Necrozma
|-unboost|p1a: Necrozma|evasion|1
|move|p1a: Necrozma|Knock Off|p2a: Ho-Oh
|-damage|p2a: Ho-Oh|81/100
|
|-damage|p1a: Necrozma|46/100 brn|[from] brn
|upkeep
|turn|192
|
|t:|1654199215
|switch|p2a: Ditto|Ditto|92/100 brn
|-transform|p2a: Ditto|p1a: Necrozma|[from] ability: Imposter
|switch|p1a: Arceus|Arceus-Fairy|99/100
|
|-damage|p2a: Ditto|86/100 brn|[from] brn
|upkeep
|turn|193
|
|t:|1654199224
|switch|p1a: Necrozma|Necrozma-Dusk-Mane|46/100 brn
|move|p2a: Ditto|Sunsteel Strike|p1a: Necrozma
|-resisted|p1a: Necrozma
|-damage|p1a: Necrozma|39/100 brn
|-damage|p2a: Ditto|69/100 brn|[from] item: Rocky Helmet|[of] p1a: Necrozma
|
|-damage|p2a: Ditto|63/100 brn|[from] brn
|-damage|p1a: Necrozma|33/100 brn|[from] brn
|upkeep
|turn|194
|
|t:|1654199230
|switch|p2a: Ho-Oh|Ho-Oh|100/100
|move|p1a: Necrozma|Knock Off|p2a: Ho-Oh
|-damage|p2a: Ho-Oh|91/100
|
|-damage|p1a: Necrozma|27/100 brn|[from] brn
|upkeep
|turn|195
|
|t:|1654199236
|switch|p1a: Arceus|Arceus-Fairy|99/100
|move|p2a: Ho-Oh|Brave Bird|p1a: Arceus
|-damage|p1a: Arceus|68/100
|-damage|p2a: Ho-Oh|80/100|[from] Recoil
|
|upkeep
|turn|196
|
|t:|1654199245
|switch|p2a: Ditto|Ditto|63/100 brn
|-transform|p2a: Ditto|p1a: Arceus|[from] ability: Imposter
|move|p1a: Arceus|Recover|p1a: Arceus
|-heal|p1a: Arceus|100/100
|
|-damage|p2a: Ditto|57/100 brn|[from] brn
|upkeep
|turn|197
|
|t:|1654199255
|switch|p1a: Necrozma|Necrozma-Dusk-Mane|27/100 brn
|move|p2a: Ditto|Recover|p2a: Ditto
|-heal|p2a: Ditto|100/100 brn
|
|-damage|p2a: Ditto|94/100 brn|[from] brn
|-damage|p1a: Necrozma|21/100 brn|[from] brn
|upkeep
|turn|198
|
|t:|1654199260
|switch|p2a: Ho-Oh|Ho-Oh|100/100
|move|p1a: Necrozma|Moonlight|p1a: Necrozma
|-heal|p1a: Necrozma|71/100 brn
|
|-damage|p1a: Necrozma|65/100 brn|[from] brn
|upkeep
|turn|199
|
|t:|1654199263
|switch|p2a: Ditto|Ditto|94/100 brn
|-transform|p2a: Ditto|p1a: Necrozma|[from] ability: Imposter
|switch|p1a: Arceus|Arceus-Fairy|100/100
|
|-damage|p2a: Ditto|88/100 brn|[from] brn
|upkeep
|turn|200
|
|t:|1654199267
|switch|p1a: Necrozma|Necrozma-Dusk-Mane|65/100 brn
|move|p2a: Ditto|Sunsteel Strike|p1a: Necrozma
|-resisted|p1a: Necrozma
|-damage|p1a: Necrozma|59/100 brn
|-damage|p2a: Ditto|72/100 brn|[from] item: Rocky Helmet|[of] p1a: Necrozma
|
|-damage|p2a: Ditto|66/100 brn|[from] brn
|-damage|p1a: Necrozma|53/100 brn|[from] brn
|upkeep
|turn|201
|
|t:|1654199273
|switch|p2a: Ho-Oh|Ho-Oh|100/100
|move|p1a: Necrozma|Knock Off|p2a: Ho-Oh
|-damage|p2a: Ho-Oh|91/100
|
|-damage|p1a: Necrozma|47/100 brn|[from] brn
|upkeep
|turn|202
|
|t:|1654199276
|switch|p2a: Ditto|Ditto|66/100 brn
|-transform|p2a: Ditto|p1a: Necrozma|[from] ability: Imposter
|switch|p1a: Arceus|Arceus-Fairy|100/100
|
|-damage|p2a: Ditto|60/100 brn|[from] brn
|upkeep
|turn|203
|
|t:|1654199284
|switch|p1a: Necrozma|Necrozma-Dusk-Mane|47/100 brn
|move|p2a: Ditto|Moonlight|p2a: Ditto
|-heal|p2a: Ditto|100/100 brn
|
|-damage|p2a: Ditto|94/100 brn|[from] brn
|-damage|p1a: Necrozma|41/100 brn|[from] brn
|upkeep
|turn|204
|
|t:|1654199296
|move|p2a: Ditto|Moonlight|p2a: Ditto
|-heal|p2a: Ditto|100/100 brn
|move|p1a: Necrozma|Knock Off|p2a: Ditto
|-supereffective|p2a: Ditto
|-damage|p2a: Ditto|82/100 brn
|-enditem|p2a: Ditto|Choice Scarf|[from] move: Knock Off|[of] p1a: Necrozma
|
|-damage|p2a: Ditto|76/100 brn|[from] brn
|-damage|p1a: Necrozma|35/100 brn|[from] brn
|upkeep
|turn|205
|
|t:|1654199300
|move|p2a: Ditto|Knock Off|p1a: Necrozma
|-supereffective|p1a: Necrozma
|-damage|p1a: Necrozma|22/100 brn
|-damage|p2a: Ditto|59/100 brn|[from] item: Rocky Helmet|[of] p1a: Necrozma
|-enditem|p1a: Necrozma|Rocky Helmet|[from] move: Knock Off|[of] p2a: Ditto
|move|p1a: Necrozma|Stealth Rock|p2a: Ditto
|-sidestart|p2: Randomstrat|move: Stealth Rock
|
|-damage|p1a: Necrozma|16/100 brn|[from] brn
|-damage|p2a: Ditto|53/100 brn|[from] brn
|upkeep
|turn|206
|
|t:|1654199310
|switch|p1a: Arceus|Arceus-Fairy|100/100
|move|p2a: Ditto|Knock Off|p1a: Arceus
|-resisted|p1a: Arceus
|-damage|p1a: Arceus|97/100
|
|-damage|p2a: Ditto|47/100 brn|[from] brn
|upkeep
|turn|207
|
|t:|1654199330
|move|p1a: Arceus|Judgment|p2a: Ditto
|-resisted|p2a: Ditto
|-damage|p2a: Ditto|23/100 brn
|move|p2a: Ditto|Moonlight|p2a: Ditto
|-heal|p2a: Ditto|73/100 brn
|
|-damage|p2a: Ditto|67/100 brn|[from] brn
|upkeep
|turn|208
|c|☆Randomstrat|Ff I have the win with ditto
|inactive|Freeity has 120 seconds left.
|
|t:|1654199337
|move|p1a: Arceus|Recover|p1a: Arceus
|-heal|p1a: Arceus|100/100
|move|p2a: Ditto|Moonlight|p2a: Ditto
|-heal|p2a: Ditto|100/100 brn
|
|-damage|p2a: Ditto|94/100 brn|[from] brn
|upkeep
|turn|209
|inactive|Freeity has 120 seconds left.
|
|t:|1654199343
|switch|p1a: Necrozma|Necrozma-Dusk-Mane|16/100 brn
|move|p2a: Ditto|Sunsteel Strike|p1a: Necrozma
|-resisted|p1a: Necrozma
|-damage|p1a: Necrozma|9/100 brn
|
|-damage|p2a: Ditto|88/100 brn|[from] brn
|-damage|p1a: Necrozma|3/100 brn|[from] brn
|upkeep
|turn|210
|
|t:|1654199351
|switch|p1a: Arceus|Arceus-Fairy|100/100
|move|p2a: Ditto|Knock Off|p1a: Arceus
|-resisted|p1a: Arceus
|-damage|p1a: Arceus|97/100
|
|-damage|p2a: Ditto|82/100 brn|[from] brn
|upkeep
|turn|211
|
|t:|1654199358
|move|p1a: Arceus|Recover|p1a: Arceus
|-heal|p1a: Arceus|100/100
|move|p2a: Ditto|Sunsteel Strike|p1a: Arceus
|-supereffective|p1a: Arceus
|-damage|p1a: Arceus|69/100
|
|-damage|p2a: Ditto|76/100 brn|[from] brn
|upkeep
|turn|212
|
|t:|1654199371
|move|p1a: Arceus|Recover|p1a: Arceus
|-heal|p1a: Arceus|100/100
|move|p2a: Ditto|Sunsteel Strike|p1a: Arceus
|-supereffective|p1a: Arceus
|-damage|p1a: Arceus|71/100
|
|-damage|p2a: Ditto|70/100 brn|[from] brn
|upkeep
|turn|213
|
|t:|1654199374
|-activate|p1a: Arceus|move: Struggle
|move|p1a: Arceus|Struggle|p2a: Ditto
|-damage|p2a: Ditto|62/100 brn
|-damage|p1a: Arceus|46/100|[from] recoil
|move|p2a: Ditto|Sunsteel Strike|p1a: Arceus
|-supereffective|p1a: Arceus
|-damage|p1a: Arceus|14/100
|
|-damage|p2a: Ditto|57/100 brn|[from] brn
|upkeep
|turn|214
|
|t:|1654199377
|-activate|p1a: Arceus|move: Struggle
|move|p1a: Arceus|Struggle|p2a: Ditto
|-damage|p2a: Ditto|49/100 brn
|-damage|p1a: Arceus|0 fnt|[from] recoil
|faint|p1a: Arceus
|move|p2a: Ditto|Moonlight|p2a: Ditto
|-heal|p2a: Ditto|99/100 brn
|
|-damage|p2a: Ditto|93/100 brn|[from] brn
|upkeep
|inactive|Freeity has 120 seconds left.
|c|☆Randomstrat|Gg
|
|t:|1654199384
|switch|p1a: Necrozma|Necrozma-Dusk-Mane|3/100 brn
|turn|215
|c|☆Freeity|bruhhhhhhhhhhhhhhhhhhhhhhhhhh
|c|☆Freeity|all because of that crit
|c|☆Randomstrat|Sry
|c| Scrafty is Broken|gg
|c|☆Freeity|gg
|
|t:|1654199400
|move|p2a: Ditto|Knock Off|p1a: Necrozma
|-supereffective|p1a: Necrozma
|-damage|p1a: Necrozma|0 fnt
|faint|p1a: Necrozma
|
|win|Randomstrat
|raw|Freeity's rating: 1722 &rarr; <strong>1707</strong><br />(-15 for losing)
|raw|Randomstrat's rating: 1812 &rarr; <strong>1827</strong><br />(+15 for winning)
