|j|☆keixchm
|j|☆Pawnnel
|t:|1656572822
|gametype|singles
|player|p1|keixchm|n|1401
|player|p2|Pawnnel|psychic-gen4|1549
|teamsize|p1|6
|teamsize|p2|6
|gen|8
|tier|[Gen 8] National Dex AG
|rated|
|rule|HP Percentage Mod: HP is shown in percentages
|rule|Endless Battle Clause: Forcing endless battles is banned
|clearpoke
|poke|p1|Calyrex-Ice|
|poke|p1|Magearna-Original|
|poke|p1|Groudon|
|poke|p1|Marshadow|
|poke|p1|Dracovish|
|poke|p1|Cresselia, F|
|poke|p2|Venusaur, M|
|poke|p2|Torkoal, M|
|poke|p2|Alakazam, M|
|poke|p2|Quagsire, M|
|poke|p2|Metagross|
|poke|p2|Garchomp, M|
|teampreview
|inactive|Battle timer is ON: inactive players will automatically lose when time's up. (requested by Pawnnel)
|
|t:|1656572843
|start
|switch|p1a: Marshadow|Marshadow|100/100
|switch|p2a: Bobsor|Venusaur, M|100/100
|turn|1
|
|t:|1656572851
|switch|p1a: Cresselia|Cresselia, F|100/100
|move|p2a: Bobsor|Giga Drain|p1a: Cresselia
|-damage|p1a: Cresselia|79/100
|-damage|p2a: Bobsor|91/100|[from] item: Life Orb
|
|upkeep
|turn|2
|
|t:|1656572862
|switch|p2a: Metallix|Metagross|100/100
|move|p1a: Cresselia|Trick Room|p1a: Cresselia
|-fieldstart|move: Trick Room|[of] p1a: Cresselia
|
|upkeep
|turn|3
|
|t:|1656572868
|move|p1a: Cresselia|Lunar Dance|p1a: Cresselia
|faint|p1a: Cresselia
|move|p2a: Metallix|Meteor Mash|p1: Cresselia|[notarget]
|-fail|p2a: Metallix
|
|upkeep
|
|t:|1656572878
|switch|p1a: Groudon|Groudon|100/100
|detailschange|p1a: Groudon|Groudon-Primal
|-primal|p1a: Groudon
|-weather|DesolateLand|[from] ability: Desolate Land|[of] p1a: Groudon
|turn|4
|
|t:|1656572883
|move|p1a: Groudon|Precipice Blades|p2a: Metallix
|-supereffective|p2a: Metallix
|-crit|p2a: Metallix
|-damage|p2a: Metallix|0 fnt
|faint|p2a: Metallix
|
|-weather|DesolateLand|[upkeep]
|upkeep
|
|t:|1656572890
|switch|p2a: Flop|Quagsire, M|100/100
|turn|5
|
|t:|1656572894
|move|p2a: Flop|Curse|p2a: Flop
|-unboost|p2a: Flop|spe|1
|-boost|p2a: Flop|atk|1
|-boost|p2a: Flop|def|1
|move|p1a: Groudon|Precipice Blades|p2a: Flop
|-damage|p2a: Flop|55/100
|
|-weather|DesolateLand|[upkeep]
|-heal|p2a: Flop|61/100|[from] item: Leftovers
|upkeep
|turn|6
|
|t:|1656572908
|-weather|none
|switch|p1a: Dracovish|Dracovish|100/100
|move|p2a: Flop|Recover|p2a: Flop
|-heal|p2a: Flop|100/100
|
|-fieldend|move: Trick Room
|upkeep
|turn|7
|
|t:|1656572921
|switch|p2a: Turt|Torkoal, M|100/100
|-weather|SunnyDay|[from] ability: Drought|[of] p2a: Turt
|move|p1a: Dracovish|Fishious Rend|p2a: Turt
|-supereffective|p2a: Turt
|-damage|p2a: Turt|0 fnt
|faint|p2a: Turt
|
|-weather|SunnyDay|[upkeep]
|upkeep
|
|t:|1656572932
|switch|p2a: Bobsor|Venusaur, M|91/100
|turn|8
|
|t:|1656572939
|switch|p1a: Magearna|Magearna-Original|100/100
|-start|p2a: Bobsor|Dynamax|Gmax
|-heal|p2a: Bobsor|91/100|[silent]
|move|p2a: Bobsor|Max Ooze|p1a: Magearna
|-immune|p1a: Magearna
|
|-weather|SunnyDay|[upkeep]
|upkeep
|turn|9
|
|t:|1656572950
|move|p2a: Bobsor|Max Flare|p1a: Magearna
|-supereffective|p1a: Magearna
|-damage|p1a: Magearna|0 fnt
|faint|p1a: Magearna
|-damage|p2a: Bobsor|86/100|[from] item: Life Orb
|
|-weather|SunnyDay|[upkeep]
|upkeep
|
|t:|1656572966
|switch|p1a: Groudon|Groudon-Primal|100/100
|-heal|p1a: Groudon|100/100|[from] move: Lunar Dance
|-weather|DesolateLand|[from] ability: Desolate Land|[of] p1a: Groudon
|turn|10
|
|t:|1656572975
|move|p2a: Bobsor|Max Quake|p1a: Groudon
|-supereffective|p1a: Groudon
|-damage|p1a: Groudon|0 fnt
|-boost|p2a: Bobsor|spd|1
|faint|p1a: Groudon
|-weather|none
|-damage|p2a: Bobsor|81/100|[from] item: Life Orb
|
|upkeep
|
|t:|1656572985
|switch|p1a: Calyrex|Calyrex-Ice|100/100
|-ability|p1a: Calyrex|As One
|-ability|p1a: Calyrex|Unnerve
|-end|p2a: Bobsor|Dynamax
|-heal|p2a: Bobsor|81/100|[silent]
|turn|11
|
|t:|1656572993
|move|p2a: Bobsor|Sludge Bomb|p1a: Calyrex
|-damage|p1a: Calyrex|65/100
|-damage|p2a: Bobsor|71/100|[from] item: Life Orb
|move|p1a: Calyrex|Trick Room|p1a: Calyrex
|-fieldstart|move: Trick Room|[of] p1a: Calyrex
|
|upkeep
|turn|12
|
|t:|1656573000
|move|p1a: Calyrex|Glacial Lance|p2a: Bobsor
|-supereffective|p2a: Bobsor
|-damage|p2a: Bobsor|0 fnt
|faint|p2a: Bobsor
|-ability|p1a: Calyrex|Chilling Neigh|boost
|-boost|p1a: Calyrex|atk|1
|
|upkeep
|
|t:|1656573009
|switch|p2a: Rex|Garchomp, M|100/100
|turn|13
|
|t:|1656573015
|move|p1a: Calyrex|Glacial Lance|p2a: Rex
|-supereffective|p2a: Rex
|-damage|p2a: Rex|0 fnt
|faint|p2a: Rex
|-ability|p1a: Calyrex|Chilling Neigh|boost
|-boost|p1a: Calyrex|atk|1
|
|upkeep
|
|t:|1656573027
|switch|p2a: Faust|Alakazam, M|100/100
|turn|14
|
|t:|1656573031
|move|p1a: Calyrex|Glacial Lance|p2a: Faust
|-enditem|p2a: Faust|Focus Sash
|-damage|p2a: Faust|1/100
|move|p2a: Faust|Shadow Ball|p1a: Calyrex
|-supereffective|p1a: Calyrex
|-damage|p1a: Calyrex|25/100
|
|upkeep
|turn|15
|
|t:|1656573041
|move|p1a: Calyrex|Glacial Lance|p2a: Faust
|-damage|p2a: Faust|0 fnt
|faint|p2a: Faust
|-ability|p1a: Calyrex|Chilling Neigh|boost
|-boost|p1a: Calyrex|atk|1
|
|-fieldend|move: Trick Room
|upkeep
|
|t:|1656573048
|switch|p2a: Flop|Quagsire, M|100/100
|turn|16
|
|t:|1656573057
|move|p2a: Flop|Recover||[still]
|-fail|p2a: Flop|heal
|move|p1a: Calyrex|Glacial Lance|p2a: Flop
|-damage|p2a: Flop|24/100
|
|-heal|p2a: Flop|30/100|[from] item: Leftovers
|upkeep
|turn|17
|
|t:|1656573065
|move|p2a: Flop|Recover|p2a: Flop
|-heal|p2a: Flop|80/100
|move|p1a: Calyrex|Glacial Lance|p2a: Flop
|-damage|p2a: Flop|6/100
|
|-heal|p2a: Flop|12/100|[from] item: Leftovers
|upkeep
|turn|18
|
|t:|1656573074
|-start|p1a: Calyrex|Dynamax|
|-heal|p1a: Calyrex|25/100|[silent]
|move|p2a: Flop|Recover|p2a: Flop
|-heal|p2a: Flop|62/100
|move|p1a: Calyrex|Max Hailstorm|p2a: Flop
|-damage|p2a: Flop|0 fnt
|-weather|Hail
|faint|p2a: Flop
|
|win|keixchm
|raw|keixchm's rating: 1401 &rarr; <strong>1429</strong><br />(+28 for winning)
|raw|Pawnnel's rating: 1549 &rarr; <strong>1521</strong><br />(-28 for losing)
|l|☆Pawnnel
