|j|☆Glaliegoesboom
|j|☆Snake of the Moon
|t:|1661526041
|gametype|singles
|player|p1|Glaliegoesboom|cynthia-masters|
|player|p2|Snake of the Moon|lance-masters|
|teamsize|p1|6
|teamsize|p2|6
|gen|8
|tier|[Gen 8] National Dex AG
|rule|HP Percentage Mod: HP is shown in percentages
|rule|Endless Battle Clause: Forcing endless battles is banned
|clearpoke
|poke|p1|Ferrothorn, M|
|poke|p1|Giratina|
|poke|p1|Gyarados, M|
|poke|p1|Hippowdon, F|
|poke|p1|Clefable, M|
|poke|p1|Dialga|
|poke|p2|Ho-Oh|
|poke|p2|Weavile, F|
|poke|p2|Dialga|
|poke|p2|Garchomp, M|
|poke|p2|Ferrothorn, F|
|poke|p2|Rotom-Wash|
|teampreview
|inactive|Battle timer is ON: inactive players will automatically lose when time's up. (requested by Snake of the Moon)
|inactive|Glaliegoesboom also wants the timer to be on.
|
|t:|1661526055
|start
|switch|p1a: Giratina|Giratina|100/100
|switch|p2a: Ho-Oh|Ho-Oh|100/100
|-ability|p1a: Giratina|Pressure
|turn|1
|
|t:|1661526062
|move|p2a: Ho-Oh|Substitute|p2a: Ho-Oh
|-start|p2a: Ho-Oh|Substitute
|-damage|p2a: Ho-Oh|76/100
|move|p1a: Giratina|Will-O-Wisp||[still]
|-fail|p1a: Giratina
|
|upkeep
|turn|2
|
|t:|1661526068
|move|p2a: Ho-Oh|Brave Bird|p1a: Giratina
|-damage|p1a: Giratina|66/100
|-damage|p2a: Ho-Oh|59/100|[from] Recoil
|-damage|p2a: Ho-Oh|50/100|[from] item: Life Orb
|move|p1a: Giratina|Hex|p2a: Ho-Oh
|-activate|p2a: Ho-Oh|move: Substitute|[damage]
|
|upkeep
|turn|3
|
|t:|1661526091
|switch|p1a: Hippowdon|Hippowdon, F|100/100
|-weather|Sandstorm|[from] ability: Sand Stream|[of] p1a: Hippowdon
|move|p2a: Ho-Oh|Brave Bird|p1a: Hippowdon
|-damage|p1a: Hippowdon|49/100
|-damage|p2a: Ho-Oh|29/100|[from] Recoil
|-damage|p2a: Ho-Oh|19/100|[from] item: Life Orb
|
|-weather|Sandstorm|[upkeep]
|-damage|p2a: Ho-Oh|13/100|[from] Sandstorm
|-heal|p1a: Hippowdon|55/100|[from] item: Leftovers
|upkeep
|turn|4
|
|t:|1661526099
|switch|p2a: Ferrothorn|Ferrothorn, F|100/100
|move|p1a: Hippowdon|Slack Off|p1a: Hippowdon
|-heal|p1a: Hippowdon|100/100
|
|-weather|Sandstorm|[upkeep]
|upkeep
|turn|5
|
|t:|1661526104
|switch|p1a: Giratina|Giratina|66/100
|-ability|p1a: Giratina|Pressure
|switch|p2a: Rotom|Rotom-Wash|100/100
|
|-weather|Sandstorm|[upkeep]
|-damage|p2a: Rotom|94/100|[from] Sandstorm
|-damage|p1a: Giratina|60/100|[from] Sandstorm
|upkeep
|turn|6
|
|t:|1661526107
|move|p2a: Rotom|Trick||[still]
|-fail|p2a: Rotom
|move|p1a: Giratina|Toxic|p2a: Rotom
|-status|p2a: Rotom|tox
|
|-weather|Sandstorm|[upkeep]
|-damage|p2a: Rotom|88/100 tox|[from] Sandstorm
|-damage|p1a: Giratina|54/100|[from] Sandstorm
|-damage|p2a: Rotom|82/100 tox|[from] psn
|upkeep
|turn|7
|
|t:|1661526120
|switch|p2a: Ho-Oh|Ho-Oh|46/100
|move|p1a: Giratina|Toxic|p2a: Ho-Oh
|-status|p2a: Ho-Oh|tox
|
|-weather|none
|-damage|p2a: Ho-Oh|40/100 tox|[from] psn
|upkeep
|turn|8
|
|t:|1661526130
|switch|p2a: Rotom|Rotom-Wash|82/100 tox
|switch|p1a: Hippowdon|Hippowdon, F|100/100
|-weather|Sandstorm|[from] ability: Sand Stream|[of] p1a: Hippowdon
|
|-weather|Sandstorm|[upkeep]
|-damage|p2a: Rotom|75/100 tox|[from] Sandstorm
|-damage|p2a: Rotom|69/100 tox|[from] psn
|upkeep
|turn|9
|
|t:|1661526141
|switch|p2a: Weavile|Weavile, F|100/100
|-ability|p2a: Weavile|Pressure
|switch|p1a: Ferrothorn|Ferrothorn, M|100/100
|
|-weather|Sandstorm|[upkeep]
|-damage|p2a: Weavile|94/100|[from] Sandstorm
|upkeep
|turn|10
|
|t:|1661526145
|switch|p2a: Ferrothorn|Ferrothorn, F|100/100
|move|p1a: Ferrothorn|Stealth Rock|p2a: Ferrothorn
|-sidestart|p2: Snake of the Moon|move: Stealth Rock
|
|-weather|Sandstorm|[upkeep]
|upkeep
|turn|11
|
|t:|1661526148
|move|p2a: Ferrothorn|Stealth Rock|p1a: Ferrothorn
|-sidestart|p1: Glaliegoesboom|move: Stealth Rock
|move|p1a: Ferrothorn|Body Press|p2a: Ferrothorn
|-supereffective|p2a: Ferrothorn
|-damage|p2a: Ferrothorn|64/100
|-damage|p1a: Ferrothorn|88/100|[from] ability: Iron Barbs|[of] p2a: Ferrothorn
|
|-weather|Sandstorm|[upkeep]
|upkeep
|turn|12
|
|t:|1661526169
|move|p2a: Ferrothorn|Curse|p2a: Ferrothorn
|-unboost|p2a: Ferrothorn|spe|1
|-boost|p2a: Ferrothorn|atk|1
|-boost|p2a: Ferrothorn|def|1
|move|p1a: Ferrothorn|Body Press|p2a: Ferrothorn
|-supereffective|p2a: Ferrothorn
|-damage|p2a: Ferrothorn|40/100
|-damage|p1a: Ferrothorn|75/100|[from] ability: Iron Barbs|[of] p2a: Ferrothorn
|
|-weather|none
|upkeep
|turn|13
|
|t:|1661526174
|switch|p1a: Giratina|Giratina|54/100
|-damage|p1a: Giratina|42/100|[from] Stealth Rock
|-ability|p1a: Giratina|Pressure
|move|p2a: Ferrothorn|Bullet Seed|p1a: Giratina
|-resisted|p1a: Giratina
|-damage|p1a: Giratina|39/100
|-resisted|p1a: Giratina
|-damage|p1a: Giratina|36/100
|-resisted|p1a: Giratina
|-damage|p1a: Giratina|33/100
|-hitcount|p1a: Giratina|3
|
|upkeep
|turn|14
|
|t:|1661526177
|move|p1a: Giratina|Will-O-Wisp|p2a: Ferrothorn
|-status|p2a: Ferrothorn|brn
|move|p2a: Ferrothorn|Leech Seed|p1a: Giratina
|-start|p1a: Giratina|move: Leech Seed
|
|-damage|p1a: Giratina|21/100|[from] Leech Seed|[of] p2a: Ferrothorn
|-heal|p2a: Ferrothorn|57/100 brn|[silent]
|-damage|p2a: Ferrothorn|51/100 brn|[from] brn
|upkeep
|turn|15
|
|t:|1661526181
|move|p1a: Giratina|Hex|p2a: Ferrothorn
|-damage|p2a: Ferrothorn|14/100 brn
|move|p2a: Ferrothorn|Curse|p2a: Ferrothorn
|-unboost|p2a: Ferrothorn|spe|1
|-boost|p2a: Ferrothorn|atk|1
|-boost|p2a: Ferrothorn|def|1
|
|-damage|p1a: Giratina|8/100|[from] Leech Seed|[of] p2a: Ferrothorn
|-heal|p2a: Ferrothorn|32/100 brn|[silent]
|-damage|p2a: Ferrothorn|26/100 brn|[from] brn
|upkeep
|turn|16
|
|t:|1661526187
|move|p1a: Giratina|Toxic||[still]
|-fail|p1a: Giratina
|move|p2a: Ferrothorn|Bullet Seed|p1a: Giratina
|-resisted|p1a: Giratina
|-damage|p1a: Giratina|6/100
|-resisted|p1a: Giratina
|-damage|p1a: Giratina|4/100
|-resisted|p1a: Giratina
|-damage|p1a: Giratina|3/100
|-resisted|p1a: Giratina
|-damage|p1a: Giratina|1/100
|-hitcount|p1a: Giratina|4
|
|-damage|p1a: Giratina|0 fnt|[from] Leech Seed|[of] p2a: Ferrothorn
|-heal|p2a: Ferrothorn|27/100 brn|[silent]
|faint|p1a: Giratina
|-damage|p2a: Ferrothorn|21/100 brn|[from] brn
|upkeep
|c|☆Glaliegoesboom|Misclick
|
|t:|1661526210
|switch|p1a: Clefable|Clefable, M|100/100
|-damage|p1a: Clefable|88/100|[from] Stealth Rock
|turn|17
|
|t:|1661526213
|move|p1a: Clefable|Flamethrower|p2a: Ferrothorn
|-supereffective|p2a: Ferrothorn
|-damage|p2a: Ferrothorn|0 fnt
|faint|p2a: Ferrothorn
|
|upkeep
|
|t:|1661526224
|switch|p2a: Rotom|Rotom-Wash|69/100 tox
|-damage|p2a: Rotom|57/100 tox|[from] Stealth Rock
|turn|18
|
|t:|1661526233
|move|p2a: Rotom|Volt Switch|p1a: Clefable
|-damage|p1a: Clefable|65/100
|
|t:|1661526236
|switch|p2a: Dialga|Dialga|100/100|[from]move: Volt Switch
|-damage|p2a: Dialga|94/100|[from] Stealth Rock
|-ability|p2a: Dialga|Pressure
|move|p1a: Clefable|Moonblast|p2a: Dialga
|-damage|p2a: Dialga|76/100
|-unboost|p2a: Dialga|spa|1
|
|upkeep
|turn|19
|
|t:|1661526243
|move|p2a: Dialga|Flash Cannon|p1a: Clefable
|-supereffective|p1a: Clefable
|-enditem|p1a: Clefable|Babiri Berry|[eat]
|-enditem|p1a: Clefable|Babiri Berry|[weaken]
|-damage|p1a: Clefable|19/100
|move|p1a: Clefable|Soft-Boiled|p1a: Clefable
|-heal|p1a: Clefable|69/100
|
|upkeep
|turn|20
|
|t:|1661526253
|switch|p1a: Ferrothorn|Ferrothorn, M|75/100
|-damage|p1a: Ferrothorn|69/100|[from] Stealth Rock
|move|p2a: Dialga|Flash Cannon|p1a: Ferrothorn
|-resisted|p1a: Ferrothorn
|-damage|p1a: Ferrothorn|54/100
|
|upkeep
|turn|21
|c|☆Snake of the Moon|I wonder if hooh should die rn
|inactive|Snake of the Moon has 270 seconds left.
|c|☆Snake of the Moon|Idk he’s my ace after all
|c|☆Snake of the Moon|Nah by rotom
|
|t:|1661526312
|switch|p2a: Rotom|Rotom-Wash|57/100 tox
|-damage|p2a: Rotom|44/100 tox|[from] Stealth Rock
|move|p1a: Ferrothorn|Leech Seed|p2a: Rotom
|-start|p2a: Rotom|move: Leech Seed
|
|-damage|p2a: Rotom|32/100 tox|[from] Leech Seed|[of] p1a: Ferrothorn
|-heal|p1a: Ferrothorn|65/100|[silent]
|-damage|p2a: Rotom|25/100 tox|[from] psn
|upkeep
|turn|22
|
|t:|1661526325
|switch|p1a: Clefable|Clefable, M|69/100
|-damage|p1a: Clefable|57/100|[from] Stealth Rock
|move|p2a: Rotom|Trick|p1a: Clefable
|-activate|p2a: Rotom|move: Trick|[of] p1a: Clefable
|-item|p1a: Clefable|Choice Scarf|[from] move: Trick
|-enditem|p2a: Rotom|Choice Scarf|[silent]|[from] move: Trick
|
|-damage|p2a: Rotom|13/100 tox|[from] Leech Seed|[of] p1a: Clefable
|-heal|p1a: Clefable|66/100|[silent]
|-damage|p2a: Rotom|0 fnt|[from] psn
|faint|p2a: Rotom
|upkeep
|inactive|Snake of the Moon has 240 seconds left.
|
|t:|1661526340
|switch|p2a: Dialga|Dialga|76/100
|-damage|p2a: Dialga|70/100|[from] Stealth Rock
|-ability|p2a: Dialga|Pressure
|turn|23
|
|t:|1661526346
|switch|p2a: Ho-Oh|Ho-Oh|73/100 tox
|-damage|p2a: Ho-Oh|23/100 tox|[from] Stealth Rock
|move|p1a: Clefable|Moonblast|p2a: Ho-Oh
|-resisted|p2a: Ho-Oh
|-damage|p2a: Ho-Oh|12/100 tox
|-unboost|p2a: Ho-Oh|spa|1
|
|-damage|p2a: Ho-Oh|6/100 tox|[from] psn
|upkeep
|turn|24
|
|t:|1661526353
|move|p2a: Ho-Oh|Sacred Fire|p1a: Clefable
|-crit|p1a: Clefable
|-damage|p1a: Clefable|0 fnt
|faint|p1a: Clefable
|-damage|p2a: Ho-Oh|0 fnt|[from] item: Life Orb
|faint|p2a: Ho-Oh
|
|upkeep
|
|t:|1661526365
|switch|p2a: Garchomp|Garchomp, M|100/100
|switch|p1a: Hippowdon|Hippowdon, F|100/100
|-damage|p2a: Garchomp|94/100|[from] Stealth Rock
|-damage|p1a: Hippowdon|94/100|[from] Stealth Rock
|-weather|Sandstorm|[from] ability: Sand Stream|[of] p1a: Hippowdon
|turn|25
|
|t:|1661526371
|detailschange|p2a: Garchomp|Garchomp-Mega, M
|-mega|p2a: Garchomp|Garchomp|Garchompite
|move|p2a: Garchomp|Swords Dance|p2a: Garchomp
|-boost|p2a: Garchomp|atk|2
|move|p1a: Hippowdon|Toxic|p2a: Garchomp
|-status|p2a: Garchomp|tox
|
|-weather|Sandstorm|[upkeep]
|-heal|p1a: Hippowdon|100/100|[from] item: Leftovers
|-damage|p2a: Garchomp|88/100 tox|[from] psn
|upkeep
|turn|26
|
|t:|1661526375
|move|p2a: Garchomp|Earthquake|p1a: Hippowdon
|-damage|p1a: Hippowdon|0 fnt
|faint|p1a: Hippowdon
|
|-weather|Sandstorm|[upkeep]
|-damage|p2a: Garchomp|76/100 tox|[from] psn
|upkeep
|c|☆Snake of the Moon|OML
|
|t:|1661526381
|switch|p1a: Gyarados|Gyarados, M|100/100
|-damage|p1a: Gyarados|76/100|[from] Stealth Rock
|-ability|p1a: Gyarados|Intimidate|boost
|-unboost|p2a: Garchomp|atk|1
|turn|27
|
|t:|1661526387
|move|p2a: Garchomp|Scale Shot|p1a: Gyarados
|-damage|p1a: Gyarados|46/100
|-damage|p1a: Gyarados|17/100
|-hitcount|p1a: Gyarados|2
|-unboost|p2a: Garchomp|def|1
|-boost|p2a: Garchomp|spe|1
|move|p1a: Gyarados|Scale Shot|p2a: Garchomp
|-supereffective|p2a: Garchomp
|-damage|p2a: Garchomp|51/100 tox
|-supereffective|p2a: Garchomp
|-damage|p2a: Garchomp|27/100 tox
|-supereffective|p2a: Garchomp
|-damage|p2a: Garchomp|1/100 tox
|-hitcount|p2a: Garchomp|3
|-unboost|p1a: Gyarados|def|1
|-boost|p1a: Gyarados|spe|1
|
|-weather|Sandstorm|[upkeep]
|-damage|p1a: Gyarados|10/100|[from] Sandstorm
|-damage|p2a: Garchomp|0 fnt|[from] psn
|faint|p2a: Garchomp
|upkeep
|c|☆Glaliegoesboom|I didnt mean to have sandstream on hippo
|
|t:|1661526406
|switch|p2a: Dialga|Dialga|70/100
|-damage|p2a: Dialga|64/100|[from] Stealth Rock
|-ability|p2a: Dialga|Pressure
|turn|28
|j| TaxFraud094
|
|t:|1661526412
|detailschange|p1a: Gyarados|Gyarados-Mega, M
|-mega|p1a: Gyarados|Gyarados|Gyaradosite
|-ability|p1a: Gyarados|Mold Breaker
|-start|p2a: Dialga|Dynamax|
|-heal|p2a: Dialga|64/100|[silent]
|move|p1a: Gyarados|Earthquake|p2a: Dialga
|-supereffective|p2a: Dialga
|-crit|p2a: Dialga
|-damage|p2a: Dialga|15/100
|move|p2a: Dialga|Max Steelspike|p1a: Gyarados
|-resisted|p1a: Gyarados
|-damage|p1a: Gyarados|0 fnt
|-boost|p2a: Dialga|def|1
|faint|p1a: Gyarados
|
|-weather|Sandstorm|[upkeep]
|upkeep
|c|☆Snake of the Moon|Fuck crit
|
|t:|1661526427
|switch|p1a: Dialga|Dialga|100/100
|-damage|p1a: Dialga|94/100|[from] Stealth Rock
|-ability|p1a: Dialga|Pressure
|turn|29
|
|t:|1661526430
|-start|p1a: Dialga|Dynamax|
|-heal|p1a: Dialga|94/100|[silent]
|move|p1a: Dialga|Max Knuckle|p2a: Dialga
|-supereffective|p2a: Dialga
|-damage|p2a: Dialga|0 fnt
|-boost|p1a: Dialga|atk|1
|faint|p2a: Dialga
|
|-weather|none
|upkeep
|
|t:|1661526433
|switch|p2a: Weavile|Weavile, F|94/100
|-damage|p2a: Weavile|70/100|[from] Stealth Rock
|-ability|p2a: Weavile|Pressure
|turn|30
|c|☆Glaliegoesboom|Didnt matter
|c|☆Snake of the Moon|Yh true
|c|☆Glaliegoesboom|!showset 6
|c| Glaliegoesboom|/raw <div class="infobox">Dialga @ Weakness Policy  <br />Ability: Pressure  <br />EVs: 180 HP &#x2f; 252 Atk &#x2f; 76 Spe  <br />Adamant Nature  <br />- Bulk Up  <br />- Brick Break  <br />- Stone Edge  <br />- Scale Shot  <br /><br /></div>
|
|t:|1661526458
|move|p2a: Weavile|Substitute|p2a: Weavile
|-start|p2a: Weavile|Substitute
|-damage|p2a: Weavile|45/100
|move|p1a: Dialga|Max Knuckle|p2a: Weavile
|-supereffective|p2a: Weavile
|-end|p2a: Weavile|Substitute
|-boost|p1a: Dialga|atk|1
|
|upkeep
|turn|31
|
|t:|1661526467
|move|p2a: Weavile|Substitute|p2a: Weavile
|-start|p2a: Weavile|Substitute
|-damage|p2a: Weavile|20/100
|move|p1a: Dialga|Max Rockfall|p2a: Weavile
|-supereffective|p2a: Weavile
|-end|p2a: Weavile|Substitute
|-weather|Sandstorm
|
|-weather|Sandstorm|[upkeep]
|-damage|p2a: Weavile|14/100|[from] Sandstorm
|upkeep
|-end|p1a: Dialga|Dynamax
|-heal|p1a: Dialga|94/100|[silent]
|turn|32
|c|☆Snake of the Moon|If low kick kills then maybe i win
|c| TaxFraud094|Crit?
|c|☆Snake of the Moon|im ada so lets hope
|
|t:|1661526496
|move|p2a: Weavile|Low Kick|p1a: Dialga
|-supereffective|p1a: Dialga
|-damage|p1a: Dialga|25/100
|-enditem|p1a: Dialga|Weakness Policy
|-boost|p1a: Dialga|atk|2|[from] item: Weakness Policy
|-boost|p1a: Dialga|spa|2|[from] item: Weakness Policy
|move|p1a: Dialga|Brick Break|p2a: Weavile
|-supereffective|p2a: Weavile
|-damage|p2a: Weavile|0 fnt
|faint|p2a: Weavile
|
|win|Glaliegoesboom
|c|☆Glaliegoesboom|Chople berry ferro
|c| TaxFraud094|rip
|c|☆Snake of the Moon|Fr
|c|☆Snake of the Moon|ggwp
|c|☆Glaliegoesboom|Gg
