|j|☆AdamHaziq
|j|☆CLEAR GEM清瑜
|t:|1662039422
|gametype|singles
|player|p1|AdamHaziq|unknown|1628
|player|p2|CLEAR GEM清瑜|skierf|1685
|teamsize|p1|6
|teamsize|p2|6
|gen|8
|tier|[Gen 8] National Dex AG
|rated|
|rule|HP Percentage Mod: HP is shown in percentages
|rule|Endless Battle Clause: Forcing endless battles is banned
|clearpoke
|poke|p1|Rayquaza|
|poke|p1|Ditto|
|poke|p1|Breloom, M|
|poke|p1|Necrozma-Dusk-Mane|
|poke|p1|Calyrex-Shadow|
|poke|p1|Zacian-*|
|poke|p2|Rayquaza|
|poke|p2|Groudon|
|poke|p2|Necrozma-Dusk-Mane|
|poke|p2|Arceus-*|
|poke|p2|Arceus-*|
|poke|p2|Arceus-*|
|teampreview
|inactive|Battle timer is ON: inactive players will automatically lose when time's up. (requested by AdamHaziq)
|
|t:|1662039433
|start
|switch|p1a: Merlion|Necrozma-Dusk-Mane|100/100
|switch|p2a: 究极辅助|Arceus-Dark|100/100
|turn|1
|
|t:|1662039437
|move|p2a: 究极辅助|Judgment|p1a: Merlion
|-supereffective|p1a: Merlion
|-damage|p1a: Merlion|13/100
|move|p1a: Merlion|Dragon Dance|p1a: Merlion
|-boost|p1a: Merlion|atk|1
|-boost|p1a: Merlion|spe|1
|
|upkeep
|turn|2
|
|t:|1662039441
|detailschange|p1a: Merlion|Necrozma-Ultra
|-burst|p1a: Merlion|Necrozma|Ultranecrozium Z
|move|p1a: Merlion|Sunsteel Strike|p2a: 究极辅助
|-damage|p2a: 究极辅助|59/100
|move|p2a: 究极辅助|Judgment|p1a: Merlion
|-supereffective|p1a: Merlion
|-damage|p1a: Merlion|0 fnt
|faint|p1a: Merlion
|
|upkeep
|
|t:|1662039449
|switch|p1a: Rayquaza|Rayquaza, shiny|100/100
|-ability|p1a: Rayquaza|Air Lock
|turn|3
|
|t:|1662039453
|detailschange|p1a: Rayquaza|Rayquaza-Mega, shiny
|-mega|p1a: Rayquaza|Rayquaza|
|-weather|DeltaStream|[from] ability: Delta Stream|[of] p1a: Rayquaza
|move|p1a: Rayquaza|Dragon Dance|p1a: Rayquaza
|-boost|p1a: Rayquaza|atk|1
|-boost|p1a: Rayquaza|spe|1
|move|p2a: 究极辅助|Judgment|p1a: Rayquaza
|-crit|p1a: Rayquaza
|-damage|p1a: Rayquaza|24/100
|
|-weather|DeltaStream|[upkeep]
|upkeep
|turn|4
|
|t:|1662039458
|move|p1a: Rayquaza|Dragon Ascent|p2a: 究极辅助
|-damage|p2a: 究极辅助|0 fnt
|-unboost|p1a: Rayquaza|def|1
|-unboost|p1a: Rayquaza|spd|1
|faint|p2a: 究极辅助
|-damage|p1a: Rayquaza|14/100|[from] item: Life Orb
|
|-weather|DeltaStream|[upkeep]
|upkeep
|
|t:|1662039461
|switch|p2a: 烈龙无敌|Rayquaza, shiny|100/100
|-ability|p2a: 烈龙无敌|Air Lock
|turn|5
|
|t:|1662039463
|detailschange|p2a: 烈龙无敌|Rayquaza-Mega, shiny
|-mega|p2a: 烈龙无敌|Rayquaza|
|move|p1a: Rayquaza|Extreme Speed|p2a: 烈龙无敌
|-damage|p2a: 烈龙无敌|26/100
|-damage|p1a: Rayquaza|4/100|[from] item: Life Orb
|move|p2a: 烈龙无敌|Extreme Speed|p1a: Rayquaza
|-damage|p1a: Rayquaza|0 fnt
|faint|p1a: Rayquaza
|
|-weather|DeltaStream|[upkeep]
|upkeep
|
|t:|1662039470
|switch|p1a: Calyrex|Calyrex-Shadow|100/100
|-ability|p1a: Calyrex|As One
|-ability|p1a: Calyrex|Unnerve
|turn|6
|
|t:|1662039475
|move|p1a: Calyrex|Draining Kiss|p2a: 烈龙无敌
|-supereffective|p2a: 烈龙无敌
|-damage|p2a: 烈龙无敌|0 fnt
|faint|p2a: 烈龙无敌
|-weather|none
|-ability|p1a: Calyrex|Grim Neigh|boost
|-boost|p1a: Calyrex|spa|1
|
|upkeep
|
|t:|1662039478
|switch|p2a: 悬空羊驼|Arceus-Flying|100/100
|turn|7
|
|t:|1662039485
|-start|p1a: Calyrex|Dynamax|
|-heal|p1a: Calyrex|100/100|[silent]
|-start|p2a: 悬空羊驼|Dynamax|
|-heal|p2a: 悬空羊驼|100/100|[silent]
|move|p1a: Calyrex|Max Mindstorm|p2a: 悬空羊驼
|-damage|p2a: 悬空羊驼|61/100
|-fieldstart|move: Psychic Terrain
|move|p2a: 悬空羊驼|Max Airstream|p1a: Calyrex
|-damage|p1a: Calyrex|57/100
|-boost|p2a: 悬空羊驼|spe|1
|
|upkeep
|turn|8
|
|t:|1662039496
|move|p2a: 悬空羊驼|Max Quake|p1a: Calyrex
|-damage|p1a: Calyrex|35/100
|-boost|p2a: 悬空羊驼|spd|1
|move|p1a: Calyrex|Max Mindstorm|p2a: 悬空羊驼
|-damage|p2a: 悬空羊驼|22/100
|
|upkeep
|turn|9
|
|t:|1662039500
|move|p2a: 悬空羊驼|Max Airstream|p1a: Calyrex
|-damage|p1a: Calyrex|0 fnt
|-boost|p2a: 悬空羊驼|spe|1
|faint|p1a: Calyrex
|
|upkeep
|
|t:|1662039504
|switch|p1a: Ditto|Ditto|100/100
|-transform|p1a: Ditto|p2a: 悬空羊驼|[from] ability: Imposter
|-end|p2a: 悬空羊驼|Dynamax
|-heal|p2a: 悬空羊驼|22/100|[silent]
|turn|10
|
|t:|1662039511
|switch|p1a: Zoro|Zacian-Crowned|100/100
|-ability|p1a: Zoro|Intrepid Sword|boost
|-boost|p1a: Zoro|atk|1
|move|p2a: 悬空羊驼|Recover|p2a: 悬空羊驼
|-heal|p2a: 悬空羊驼|72/100
|
|upkeep
|turn|11
|
|t:|1662039528
|move|p2a: 悬空羊驼|Earth Power|p1a: Zoro
|-supereffective|p1a: Zoro
|-damage|p1a: Zoro|39/100
|move|p1a: Zoro|Behemoth Blade|p2a: 悬空羊驼
|-damage|p2a: 悬空羊驼|0 fnt
|faint|p2a: 悬空羊驼
|
|-fieldend|move: Psychic Terrain
|upkeep
|
|t:|1662039546
|switch|p2a: 不会(?)|Groudon|100/100
|detailschange|p2a: 不会(?)|Groudon-Primal
|-primal|p2a: 不会(?)
|-weather|DesolateLand|[from] ability: Desolate Land|[of] p2a: 不会(?)
|turn|12
|
|t:|1662039550
|switch|p1a: Breloom|Breloom, M|100/100
|move|p2a: 不会(?)|Stealth Rock|p1a: Breloom
|-sidestart|p1: AdamHaziq|move: Stealth Rock
|
|-weather|DesolateLand|[upkeep]
|-status|p1a: Breloom|tox|[from] item: Toxic Orb
|upkeep
|turn|13
|
|t:|1662039566
|move|p1a: Breloom|Spore|p2a: 不会(?)
|-status|p2a: 不会(?)|slp|[from] move: Spore
|cant|p2a: 不会(?)|slp
|
|-weather|DesolateLand|[upkeep]
|upkeep
|turn|14
|
|t:|1662039573
|move|p1a: Breloom|Substitute|p1a: Breloom
|-start|p1a: Breloom|Substitute
|-damage|p1a: Breloom|76/100 tox
|-curestatus|p2a: 不会(?)|slp|[msg]
|move|p2a: 不会(?)|Roar|p1a: Breloom
|drag|p1a: Ditto|Ditto|100/100
|-damage|p1a: Ditto|88/100|[from] Stealth Rock
|-transform|p1a: Ditto|p2a: 不会(?)|[from] ability: Imposter
|
|-weather|DesolateLand|[upkeep]
|upkeep
|turn|15
|
|t:|1662039578
|move|p1a: Ditto|Precipice Blades|p2a: 不会(?)|[miss]
|-miss|p1a: Ditto|p2a: 不会(?)
|move|p2a: 不会(?)|Precipice Blades|p1a: Ditto
|-supereffective|p1a: Ditto
|-damage|p1a: Ditto|0 fnt
|faint|p1a: Ditto
|
|-weather|DesolateLand|[upkeep]
|upkeep
|
|t:|1662039582
|switch|p1a: Breloom|Breloom, M|76/100 tox
|-damage|p1a: Breloom|70/100 tox|[from] Stealth Rock
|turn|16
|
|t:|1662039585
|move|p2a: 不会(?)|Heat Crash|p1a: Breloom
|-supereffective|p1a: Breloom
|-damage|p1a: Breloom|0 fnt
|faint|p1a: Breloom
|
|-weather|DesolateLand|[upkeep]
|upkeep
|
|t:|1662039588
|switch|p1a: Zoro|Zacian-Crowned|39/100
|-damage|p1a: Zoro|33/100|[from] Stealth Rock
|-ability|p1a: Zoro|Intrepid Sword|boost
|-boost|p1a: Zoro|atk|1
|turn|17
|
|t:|1662039590
|move|p1a: Zoro|Close Combat|p2a: 不会(?)
|-damage|p2a: 不会(?)|58/100
|-unboost|p1a: Zoro|def|1
|-unboost|p1a: Zoro|spd|1
|move|p2a: 不会(?)|Heat Crash|p1a: Zoro
|-supereffective|p1a: Zoro
|-damage|p1a: Zoro|0 fnt
|faint|p1a: Zoro
|
|win|CLEAR GEM清瑜
|raw|AdamHaziq's rating: 1628 &rarr; <strong>1611</strong><br />(-17 for losing)
|raw|CLEAR GEM清瑜's rating: 1685 &rarr; <strong>1702</strong><br />(+17 for winning)
|l|☆AdamHaziq
||Ladder isn't responding, score probably updated but might not have (Request timeout).
