|j|☆Determewnation
|j|☆justznic
|t:|1666045658
|gametype|singles
|player|p1|Determewnation|266|1562
|player|p2|justznic|2|1502
|teamsize|p1|6
|teamsize|p2|6
|gen|8
|tier|[Gen 8] National Dex AG
|rated|
|rule|HP Percentage Mod: HP is shown in percentages
|rule|Endless Battle Clause: Forcing endless battles is banned
|clearpoke
|poke|p1|Gourgeist-*, F|
|poke|p1|Diancie|
|poke|p1|Manaphy|
|poke|p1|Groudon|
|poke|p1|Yveltal|
|poke|p1|Mew|
|poke|p2|Mewtwo|
|poke|p2|Yveltal|
|poke|p2|Klefki, F|
|poke|p2|Ditto|
|poke|p2|Zacian-*|
|poke|p2|Aegislash, F|
|teampreview
|inactive|Battle timer is ON: inactive players will automatically lose when time's up. (requested by justznic)
|
|t:|1666045667
|start
|switch|p1a: Diancie|Diancie|100/100
|switch|p2a: Klefki|Klefki, F|100/100
|turn|1
|
|t:|1666045674
|detailschange|p1a: Diancie|Diancie-Mega
|-mega|p1a: Diancie|Diancie|Diancite
|move|p2a: Klefki|Spikes|p1a: Diancie
|move|p1a: Diancie|Spikes|p2a: Klefki|[from]ability: Magic Bounce
|-sidestart|p2: justznic|Spikes
|move|p1a: Diancie|Earth Power|p2a: Klefki
|-supereffective|p2a: Klefki
|-damage|p2a: Klefki|33/100
|
|-heal|p2a: Klefki|39/100|[from] item: Leftovers
|upkeep
|turn|2
|
|t:|1666045702
|switch|p2a: Mewtwo|Mewtwo|100/100
|-ability|p2a: Mewtwo|Unnerve
|-damage|p2a: Mewtwo|88/100|[from] Spikes
|move|p1a: Diancie|Earth Power|p2a: Mewtwo
|-damage|p2a: Mewtwo|52/100
|
|upkeep
|turn|3
|
|t:|1666045713
|move|p2a: Mewtwo|Calm Mind|p2a: Mewtwo
|-boost|p2a: Mewtwo|spa|1
|-boost|p2a: Mewtwo|spd|1
|move|p1a: Diancie|Moonblast|p2a: Mewtwo
|-damage|p2a: Mewtwo|11/100
|
|upkeep
|turn|4
|
|t:|1666045722
|switch|p1a: Yveltal|Yveltal|100/100
|-ability|p1a: Yveltal|Dark Aura
|detailschange|p2a: Mewtwo|Mewtwo-Mega-Y
|-mega|p2a: Mewtwo|Mewtwo|Mewtwonite Y
|move|p2a: Mewtwo|Psystrike|p1a: Yveltal
|-immune|p1a: Yveltal
|
|upkeep
|turn|5
|
|t:|1666045725
|move|p1a: Yveltal|U-turn|p2a: Mewtwo
|-supereffective|p2a: Mewtwo
|-damage|p2a: Mewtwo|0 fnt
|faint|p2a: Mewtwo
|
|t:|1666045735
|switch|p1a: Diancie|Diancie-Mega|100/100|[from]move: U-turn
|
|upkeep
|
|t:|1666045748
|switch|p2a: Zacian|Zacian-Crowned|100/100
|-damage|p2a: Zacian|88/100|[from] Spikes
|-ability|p2a: Zacian|Intrepid Sword|boost
|-boost|p2a: Zacian|atk|1
|turn|6
|
|t:|1666045757
|switch|p1a: Groudon|Groudon|100/100
|detailschange|p1a: Groudon|Groudon-Primal
|-primal|p1a: Groudon
|-weather|DesolateLand|[from] ability: Desolate Land|[of] p1a: Groudon
|move|p2a: Zacian|Behemoth Blade|p1a: Groudon
|-resisted|p1a: Groudon
|-damage|p1a: Groudon|68/100
|
|-weather|DesolateLand|[upkeep]
|upkeep
|turn|7
|
|t:|1666045762
|switch|p2a: Yveltal|Yveltal|100/100
|-ability|p2a: Yveltal|Dark Aura
|move|p1a: Groudon|Heat Crash|p2a: Yveltal
|-damage|p2a: Yveltal|8/100
|
|-weather|DesolateLand|[upkeep]
|upkeep
|turn|8
|
|t:|1666045772
|move|p2a: Yveltal|Sucker Punch|p1a: Groudon
|-damage|p1a: Groudon|30/100
|-damage|p2a: Yveltal|0 fnt|[from] item: Life Orb
|faint|p2a: Yveltal
|move|p1a: Groudon|Stone Edge|p2: Yveltal|[notarget]
|-fail|p1a: Groudon
|
|-weather|DesolateLand|[upkeep]
|upkeep
|
|t:|1666045781
|switch|p2a: Zacian|Zacian-Crowned|88/100
|-damage|p2a: Zacian|76/100|[from] Spikes
|-ability|p2a: Zacian|Intrepid Sword|boost
|-boost|p2a: Zacian|atk|1
|turn|9
|
|t:|1666045785
|move|p2a: Zacian|Sacred Sword|p1a: Groudon
|-damage|p1a: Groudon|0 fnt
|faint|p1a: Groudon
|-weather|none
|
|upkeep
|
|t:|1666045788
|switch|p1a: Gourgeist|Gourgeist-Super, F, shiny|100/100
|-item|p2a: Zacian|Rusted Sword|[from] ability: Frisk|[of] p1a: Gourgeist|[identify]
|turn|10
|
|t:|1666045798
|move|p2a: Zacian|Swords Dance|p2a: Zacian
|-boost|p2a: Zacian|atk|2
|move|p1a: Gourgeist|Will-O-Wisp|p2a: Zacian
|-status|p2a: Zacian|brn
|
|-damage|p2a: Zacian|70/100 brn|[from] brn
|upkeep
|turn|11
|
|t:|1666045805
|move|p2a: Zacian|Behemoth Blade|p1a: Gourgeist
|-damage|p1a: Gourgeist|59/100
|move|p1a: Gourgeist|Poltergeist|p2a: Zacian
|-activate|p2a: Zacian|move: Poltergeist|Rusted Sword
|-damage|p2a: Zacian|37/100 brn
|
|-heal|p1a: Gourgeist|65/100|[from] item: Leftovers
|-damage|p2a: Zacian|31/100 brn|[from] brn
|upkeep
|turn|12
|inactive|justznic has 120 seconds left.
|
|t:|1666045840
|move|p2a: Zacian|Behemoth Blade|p1a: Gourgeist
|-damage|p1a: Gourgeist|21/100
|move|p1a: Gourgeist|Synthesis|p1a: Gourgeist
|-heal|p1a: Gourgeist|71/100
|
|-heal|p1a: Gourgeist|77/100|[from] item: Leftovers
|-damage|p2a: Zacian|25/100 brn|[from] brn
|upkeep
|turn|13
|inactive|justznic has 120 seconds left.
|
|t:|1666045847
|move|p2a: Zacian|Swords Dance|p2a: Zacian
|-boost|p2a: Zacian|atk|2
|move|p1a: Gourgeist|Poltergeist|p2a: Zacian
|-activate|p2a: Zacian|move: Poltergeist|Rusted Sword
|-damage|p2a: Zacian|0 fnt
|faint|p2a: Zacian
|
|-heal|p1a: Gourgeist|83/100|[from] item: Leftovers
|upkeep
|inactive|justznic has 120 seconds left.
|
|t:|1666045855
|switch|p2a: Aegislash|Aegislash, F|100/100
|-damage|p2a: Aegislash|88/100|[from] Spikes
|turn|14
|
|t:|1666045862
|move|p1a: Gourgeist|Will-O-Wisp|p2a: Aegislash
|-status|p2a: Aegislash|brn
|-formechange|p2a: Aegislash|Aegislash-Blade||[from] ability: Stance Change
|move|p2a: Aegislash|Shadow Ball|p1a: Gourgeist
|-supereffective|p1a: Gourgeist
|-damage|p1a: Gourgeist|0 fnt
|faint|p1a: Gourgeist
|
|-damage|p2a: Aegislash|82/100 brn|[from] brn
|upkeep
|
|t:|1666045866
|switch|p1a: Yveltal|Yveltal|100/100
|-ability|p1a: Yveltal|Dark Aura
|turn|15
|
|t:|1666045878
|switch|p1a: Manaphy|Manaphy|100/100
|-formechange|p2a: Aegislash|Aegislash||[from] ability: Stance Change
|move|p2a: Aegislash|King's Shield||[still]
|-fail|p2a: Aegislash
|
|-damage|p2a: Aegislash|76/100 brn|[from] brn
|upkeep
|turn|16
|
|t:|1666045886
|move|p1a: Manaphy|Tail Glow|p1a: Manaphy
|-boost|p1a: Manaphy|spa|3
|move|p2a: Aegislash|Toxic|p1a: Manaphy
|-status|p1a: Manaphy|tox
|
|-damage|p1a: Manaphy|94/100 tox|[from] psn
|-damage|p2a: Aegislash|70/100 brn|[from] brn
|upkeep
|turn|17
|
|t:|1666045897
|move|p2a: Aegislash|King's Shield|p2a: Aegislash
|-singleturn|p2a: Aegislash|Protect
|move|p1a: Manaphy|Tail Glow|p1a: Manaphy
|-boost|p1a: Manaphy|spa|3
|
|-damage|p1a: Manaphy|82/100 tox|[from] psn
|-damage|p2a: Aegislash|63/100 brn|[from] brn
|upkeep
|turn|18
|
|t:|1666045907
|move|p2a: Aegislash|King's Shield||[still]
|-fail|p2a: Aegislash
|move|p1a: Manaphy|Surf|p2a: Aegislash
|-damage|p2a: Aegislash|0 fnt
|faint|p2a: Aegislash
|
|-damage|p1a: Manaphy|64/100 tox|[from] psn
|upkeep
|
|t:|1666045912
|switch|p2a: Ditto|Ditto|100/100
|-damage|p2a: Ditto|88/100|[from] Spikes
|-transform|p2a: Ditto|p1a: Manaphy|[from] ability: Imposter
|turn|19
|
|t:|1666045936
|-start|p2a: Ditto|Dynamax|
|-heal|p2a: Ditto|88/100|[silent]
|move|p2a: Ditto|Max Geyser|p1a: Manaphy
|-resisted|p1a: Manaphy
|-crit|p1a: Manaphy
|-damage|p1a: Manaphy|0 fnt
|-weather|RainDance
|faint|p1a: Manaphy
|
|-weather|RainDance|[upkeep]
|upkeep
|inactive|Determewnation has 120 seconds left.
|
|t:|1666045977
|switch|p1a: Diancie|Diancie-Mega|100/100
|turn|20
|
|t:|1666045982
|move|p1a: Diancie|Moonblast|p2a: Ditto
|-damage|p2a: Ditto|54/100
|-unboost|p2a: Ditto|spa|1
|move|p2a: Ditto|Max Geyser|p1a: Diancie
|-supereffective|p1a: Diancie
|-damage|p1a: Diancie|0 fnt
|faint|p1a: Diancie
|
|-weather|RainDance|[upkeep]
|upkeep
|
|t:|1666045985
|switch|p1a: Yveltal|Yveltal|100/100
|-ability|p1a: Yveltal|Dark Aura
|turn|21
|
|t:|1666045994
|switch|p1a: Mew|Mew, shiny|100/100
|move|p2a: Ditto|Max Hailstorm|p1a: Mew
|-crit|p1a: Mew
|-damage|p1a: Mew|0 fnt
|-weather|Hail
|faint|p1a: Mew
|
|-weather|Hail|[upkeep]
|-damage|p2a: Ditto|51/100|[from] Hail
|upkeep
|
|t:|1666045997
|switch|p1a: Yveltal|Yveltal|100/100
|-ability|p1a: Yveltal|Dark Aura
|-end|p2a: Ditto|Dynamax
|-heal|p2a: Ditto|51/100|[silent]
|turn|22
|
|t:|1666046007
|move|p1a: Yveltal|Sucker Punch|p2a: Ditto
|-damage|p2a: Ditto|0 fnt
|faint|p2a: Ditto
|
|-weather|Hail|[upkeep]
|-damage|p1a: Yveltal|94/100|[from] Hail
|upkeep
|
|t:|1666046009
|switch|p2a: Klefki|Klefki, F|39/100
|-damage|p2a: Klefki|27/100|[from] Spikes
|turn|23
|
|t:|1666046014
|-start|p1a: Yveltal|Dynamax|
|-heal|p1a: Yveltal|94/100|[silent]
|move|p1a: Yveltal|Max Darkness|p2a: Klefki
|-resisted|p2a: Klefki
|-damage|p2a: Klefki|0 fnt
|faint|p2a: Klefki
|
|win|Determewnation
|raw|Determewnation's rating: 1562 &rarr; <strong>1579</strong><br />(+17 for winning)
|raw|justznic's rating: 1502 &rarr; <strong>1485</strong><br />(-17 for losing)
|l|☆justznic
