|j|☆kaksoispiste ddddd
|j|☆BrixStillNotLuvin
|t:|1667960275
|gametype|singles
|player|p1|kaksoispiste ddddd|dawn-gen4pt|1541
|player|p2|BrixStillNotLuvin|linebacker|1596
|teamsize|p1|6
|teamsize|p2|6
|gen|8
|tier|[Gen 8] National Dex AG
|rated|
|rule|HP Percentage Mod: HP is shown in percentages
|rule|Endless Battle Clause: Forcing endless battles is banned
|clearpoke
|poke|p1|Gengar, M|
|poke|p1|Lugia|
|poke|p1|Blaziken, M|
|poke|p1|Bastiodon, M|
|poke|p1|Galvantula, F|
|poke|p1|Diggersby, M|
|poke|p2|Zapdos|
|poke|p2|Kyogre|
|poke|p2|Arceus-*|
|poke|p2|Arceus-*|
|poke|p2|Ditto|
|poke|p2|Darkrai|
|teampreview
|
|t:|1667960298
|start
|switch|p1a: Galvantula|Galvantula, F, shiny|100/100
|switch|p2a: Darkrai|Darkrai, shiny|100/100
|turn|1
|
|t:|1667960303
|move|p2a: Darkrai|Hypnosis|p1a: Galvantula
|-status|p1a: Galvantula|slp|[from] move: Hypnosis
|cant|p1a: Galvantula|slp
|
|-damage|p1a: Galvantula|88/100 slp|[from] ability: Bad Dreams|[of] p2a: Darkrai
|upkeep
|turn|2
|
|t:|1667960309
|switch|p1a: Diggersby|Diggersby, M, shiny|100/100
|move|p2a: Darkrai|Substitute|p2a: Darkrai
|-start|p2a: Darkrai|Substitute
|-damage|p2a: Darkrai|76/100
|
|-heal|p2a: Darkrai|82/100|[from] item: Leftovers
|upkeep
|turn|3
|
|t:|1667960319
|move|p1a: Diggersby|U-turn|p2a: Darkrai
|-supereffective|p2a: Darkrai
|-end|p2a: Darkrai|Substitute
|
|t:|1667960321
|switch|p1a: Galvantula|Galvantula, F, shiny|88/100 slp|[from]move: U-turn
|move|p2a: Darkrai|Hypnosis|p1a: Galvantula
|-fail|p1a: Galvantula|slp
|
|-heal|p2a: Darkrai|88/100|[from] item: Leftovers
|-damage|p1a: Galvantula|76/100 slp|[from] ability: Bad Dreams|[of] p2a: Darkrai
|upkeep
|turn|4
|
|t:|1667960329
|move|p2a: Darkrai|Dark Pulse|p1a: Galvantula
|-damage|p1a: Galvantula|0 fnt
|faint|p1a: Galvantula
|
|-heal|p2a: Darkrai|94/100|[from] item: Leftovers
|upkeep
|
|t:|1667960334
|switch|p1a: Diggersby|Diggersby, M, shiny|100/100
|turn|5
|
|t:|1667960337
|switch|p2a: Zapdos|Zapdos, shiny|100/100
|move|p1a: Diggersby|U-turn|p2a: Zapdos
|-resisted|p2a: Zapdos
|-damage|p2a: Zapdos|89/100
|-damage|p1a: Diggersby|84/100|[from] item: Rocky Helmet|[of] p2a: Zapdos
|
|t:|1667960343
|switch|p1a: Bastiodon|Bastiodon, M|100/100|[from]move: U-turn
|-item|p1a: Bastiodon|Air Balloon
|
|upkeep
|turn|6
|
|t:|1667960349
|move|p2a: Zapdos|Volt Switch|p1a: Bastiodon
|-damage|p1a: Bastiodon|75/100
|-enditem|p1a: Bastiodon|Air Balloon
|
|t:|1667960360
|switch|p2a: Kyogre|Kyogre, shiny|100/100|[from]move: Volt Switch
|detailschange|p2a: Kyogre|Kyogre-Primal, shiny
|-primal|p2a: Kyogre
|-weather|PrimordialSea|[from] ability: Primordial Sea|[of] p2a: Kyogre
|move|p1a: Bastiodon|Toxic|p2a: Kyogre
|-status|p2a: Kyogre|tox
|
|-weather|PrimordialSea|[upkeep]
|-damage|p2a: Kyogre|94/100 tox|[from] psn
|upkeep
|turn|7
|
|t:|1667960369
|move|p1a: Bastiodon|Protect|p1a: Bastiodon
|-singleturn|p1a: Bastiodon|Protect
|move|p2a: Kyogre|Water Spout|p1a: Bastiodon
|-activate|p1a: Bastiodon|move: Protect
|
|-weather|PrimordialSea|[upkeep]
|-damage|p2a: Kyogre|82/100 tox|[from] psn
|upkeep
|turn|8
|
|t:|1667960376
|switch|p1a: Lugia|Lugia|100/100
|move|p2a: Kyogre|Water Spout|p1a: Lugia
|-damage|p1a: Lugia|74/100
|
|-weather|PrimordialSea|[upkeep]
|-heal|p1a: Lugia|80/100|[from] item: Leftovers
|-damage|p2a: Kyogre|63/100 tox|[from] psn
|upkeep
|turn|9
|
|t:|1667960385
|switch|p1a: Diggersby|Diggersby, M, shiny|84/100
|move|p2a: Kyogre|Ice Beam|p1a: Diggersby
|-supereffective|p1a: Diggersby
|-damage|p1a: Diggersby|0 fnt
|faint|p1a: Diggersby
|
|-weather|PrimordialSea|[upkeep]
|-damage|p2a: Kyogre|39/100 tox|[from] psn
|upkeep
|
|t:|1667960393
|switch|p1a: Lugia|Lugia|80/100
|turn|10
|
|t:|1667960396
|move|p1a: Lugia|Roost|p1a: Lugia
|-heal|p1a: Lugia|100/100
|-singleturn|p1a: Lugia|move: Roost
|move|p2a: Kyogre|Ice Beam|p1a: Lugia
|-damage|p1a: Lugia|90/100
|
|-weather|PrimordialSea|[upkeep]
|-heal|p1a: Lugia|97/100|[from] item: Leftovers
|-damage|p2a: Kyogre|8/100 tox|[from] psn
|upkeep
|turn|11
|
|t:|1667960405
|move|p1a: Lugia|Aeroblast|p2a: Kyogre
|-damage|p2a: Kyogre|0 fnt
|faint|p2a: Kyogre
|-weather|none
|
|-heal|p1a: Lugia|100/100|[from] item: Leftovers
|upkeep
|
|t:|1667960409
|switch|p2a: Arceus|Arceus-Fairy|100/100
|turn|12
|
|t:|1667960413
|switch|p1a: Bastiodon|Bastiodon, M|75/100
|move|p2a: Arceus|Toxic|p1a: Bastiodon
|-immune|p1a: Bastiodon
|
|upkeep
|turn|13
|
|t:|1667960417
|switch|p2a: Zapdos|Zapdos, shiny|89/100
|move|p1a: Bastiodon|Stealth Rock|p2a: Zapdos
|-sidestart|p2: BrixStillNotLuvin|move: Stealth Rock
|
|upkeep
|turn|14
|
|t:|1667960424
|move|p2a: Zapdos|Heat Wave|p1a: Bastiodon
|-damage|p1a: Bastiodon|55/100
|move|p1a: Bastiodon|Toxic|p2a: Zapdos
|-status|p2a: Zapdos|tox
|
|-damage|p2a: Zapdos|83/100 tox|[from] psn
|upkeep
|turn|15
|
|t:|1667960430
|move|p1a: Bastiodon|Protect|p1a: Bastiodon
|-singleturn|p1a: Bastiodon|Protect
|move|p2a: Zapdos|Volt Switch|p1a: Bastiodon
|-activate|p1a: Bastiodon|move: Protect
|
|-damage|p2a: Zapdos|70/100 tox|[from] psn
|upkeep
|turn|16
|
|t:|1667960438
|move|p2a: Zapdos|Heat Wave|p1a: Bastiodon
|-damage|p1a: Bastiodon|34/100
|move|p1a: Bastiodon|Roar|p2a: Zapdos
|drag|p2a: Arceus|Arceus|100/100
|-damage|p2a: Arceus|88/100|[from] Stealth Rock
|
|-heal|p2a: Arceus|94/100|[from] item: Leftovers
|upkeep
|turn|17
|
|t:|1667960445
|move|p2a: Arceus|Earthquake|p1a: Bastiodon
|-supereffective|p1a: Bastiodon
|-damage|p1a: Bastiodon|0 fnt
|faint|p1a: Bastiodon
|
|-heal|p2a: Arceus|99/100|[from] item: Leftovers
|upkeep
|
|t:|1667960451
|switch|p1a: Blaziken|Blaziken, M|100/100
|turn|18
|
|t:|1667960454
|switch|p2a: Arceus|Arceus-Fairy|100/100
|-damage|p2a: Arceus|88/100|[from] Stealth Rock
|detailschange|p1a: Blaziken|Blaziken-Mega, M
|-mega|p1a: Blaziken|Blaziken|Blazikenite
|move|p1a: Blaziken|High Jump Kick|p2a: Arceus
|-resisted|p2a: Arceus
|-damage|p2a: Arceus|60/100
|
|-ability|p1a: Blaziken|Speed Boost|boost
|-boost|p1a: Blaziken|spe|1
|upkeep
|turn|19
|
|t:|1667960463
|move|p1a: Blaziken|Flare Blitz|p2a: Arceus
|-damage|p2a: Arceus|5/100
|-damage|p1a: Blaziken|74/100|[from] Recoil
|move|p2a: Arceus|Recover|p2a: Arceus
|-heal|p2a: Arceus|55/100
|
|-ability|p1a: Blaziken|Speed Boost|boost
|-boost|p1a: Blaziken|spe|1
|upkeep
|turn|20
|
|t:|1667960475
|move|p1a: Blaziken|Earthquake|p2a: Arceus
|-crit|p2a: Arceus
|-damage|p2a: Arceus|9/100
|move|p2a: Arceus|Recover|p2a: Arceus
|-heal|p2a: Arceus|59/100
|
|-ability|p1a: Blaziken|Speed Boost|boost
|-boost|p1a: Blaziken|spe|1
|upkeep
|turn|21
|
|t:|1667960482
|move|p1a: Blaziken|Flare Blitz|p2a: Arceus
|-damage|p2a: Arceus|3/100
|-damage|p1a: Blaziken|47/100|[from] Recoil
|move|p2a: Arceus|Recover|p2a: Arceus
|-heal|p2a: Arceus|53/100
|
|-ability|p1a: Blaziken|Speed Boost|boost
|-boost|p1a: Blaziken|spe|1
|upkeep
|turn|22
|
|t:|1667960490
|move|p1a: Blaziken|Flare Blitz|p2a: Arceus
|-damage|p2a: Arceus|0 fnt
|faint|p2a: Arceus
|-damage|p1a: Blaziken|21/100|[from] Recoil
|
|-ability|p1a: Blaziken|Speed Boost|boost
|-boost|p1a: Blaziken|spe|1
|upkeep
|
|t:|1667960494
|switch|p2a: Arceus|Arceus|99/100
|-damage|p2a: Arceus|88/100|[from] Stealth Rock
|turn|23
|
|t:|1667960499
|switch|p1a: Lugia|Lugia|100/100
|move|p2a: Arceus|Extreme Speed|p1a: Lugia
|-damage|p1a: Lugia|90/100
|
|-heal|p2a: Arceus|94/100|[from] item: Leftovers
|-heal|p1a: Lugia|97/100|[from] item: Leftovers
|upkeep
|turn|24
|
|t:|1667960507
|switch|p2a: Zapdos|Zapdos, shiny|70/100 tox
|-damage|p2a: Zapdos|45/100 tox|[from] Stealth Rock
|move|p1a: Lugia|Thunder Wave||[still]
|-fail|p1a: Lugia
|
|-heal|p1a: Lugia|100/100|[from] item: Leftovers
|-damage|p2a: Zapdos|39/100 tox|[from] psn
|upkeep
|turn|25
|
|t:|1667960515
|move|p1a: Lugia|Roost||[still]
|-fail|p1a: Lugia|heal
|move|p2a: Zapdos|Roost|p2a: Zapdos
|-heal|p2a: Zapdos|89/100 tox
|-singleturn|p2a: Zapdos|move: Roost
|
|-damage|p2a: Zapdos|76/100 tox|[from] psn
|upkeep
|turn|26
|
|t:|1667960523
|-start|p1a: Lugia|Dynamax|
|-heal|p1a: Lugia|100/100|[silent]
|move|p1a: Lugia|Max Airstream|p2a: Zapdos
|-resisted|p2a: Zapdos
|-damage|p2a: Zapdos|56/100 tox
|-boost|p1a: Lugia|spe|1
|move|p2a: Zapdos|Toxic|p1a: Lugia
|-status|p1a: Lugia|tox
|
|-damage|p1a: Lugia|97/100 tox|[from] psn
|-damage|p2a: Zapdos|37/100 tox|[from] psn
|upkeep
|turn|27
|c|☆kaksoispiste ddddd|Why are you so stupid lol
|l|☆kaksoispiste ddddd
|player|p1|
|inactive|Battle timer is ON: inactive players will automatically lose when time's up. (requested by BrixStillNotLuvin)
|c|☆BrixStillNotLuvin|Obviously not stupid if i just made you rage lmao
|inactive|kaksoispiste ddddd has 30 seconds to reconnect!
|c|☆BrixStillNotLuvin|Just countered your only way of beating me
|inactive|kaksoispiste ddddd has 20 seconds to reconnect!
|inactive|kaksoispiste ddddd has 15 seconds to reconnect!
|inactive|kaksoispiste ddddd has 10 seconds to reconnect!
|inactive|kaksoispiste ddddd has 5 seconds to reconnect!
|c|☆BrixStillNotLuvin|Im saving this clip so everyone who checks replays sees this
|-message|kaksoispiste ddddd lost due to inactivity.
|
|win|BrixStillNotLuvin
|raw|kaksoispiste ddddd's rating: 1541 &rarr; <strong>1524</strong><br />(-17 for losing)
|raw|BrixStillNotLuvin's rating: 1596 &rarr; <strong>1613</strong><br />(+17 for winning)
|c|☆BrixStillNotLuvin|Lmao
