|j|☆Buck is stallish
|j|☆Qishan
|t:|1660980409
|gametype|singles
|player|p1|Buck is stallish|ethan-masters|1859
|player|p2|Qishan|bruno|1876
|teamsize|p1|6
|teamsize|p2|6
|gen|8
|tier|[Gen 8] National Dex AG
|rated|
|rule|HP Percentage Mod: HP is shown in percentages
|rule|Endless Battle Clause: Forcing endless battles is banned
|clearpoke
|poke|p1|Kyogre|
|poke|p1|Chansey, F|
|poke|p1|Sableye, F|
|poke|p1|Lugia|
|poke|p1|Yveltal|
|poke|p1|Arceus-*|
|poke|p2|Arceus-*|
|poke|p2|Groudon|
|poke|p2|Arceus-*|
|poke|p2|Arceus-*|
|poke|p2|Arceus-*|
|poke|p2|Ditto|
|teampreview
|inactive|Battle timer is ON: inactive players will automatically lose when time's up. (requested by Buck is stallish)
|
|t:|1660980440
|start
|switch|p1a: Pretty gem|Sableye, F|100/100
|switch|p2a: Arceus|Arceus-Grass|100/100
|turn|1
|
|t:|1660980452
|switch|p2a: Arceus|Arceus-Dark|100/100
|detailschange|p1a: Pretty gem|Sableye-Mega, F
|-mega|p1a: Pretty gem|Sableye|Sablenite
|move|p1a: Pretty gem|Protect||[still]
|-fail|p1a: Pretty gem
|
|upkeep
|turn|2
|
|t:|1660980468
|switch|p1a: Raven of death|Yveltal, shiny|100/100
|-ability|p1a: Raven of death|Dark Aura
|move|p2a: Arceus|Judgment|p1a: Raven of death
|-resisted|p1a: Raven of death
|-damage|p1a: Raven of death|79/100
|
|upkeep
|turn|3
|j| QuiVitam
|j| SweeperGatr
|
|t:|1660980475
|move|p1a: Raven of death|U-turn|p2a: Arceus
|-supereffective|p2a: Arceus
|-damage|p2a: Arceus|71/100
|
|t:|1660980494
|switch|p1a: Eternal storm|Kyogre|100/100|[from]move: U-turn
|-weather|RainDance|[from] ability: Drizzle|[of] p1a: Eternal storm
|move|p2a: Arceus|Thunder Wave|p1a: Eternal storm
|-status|p1a: Eternal storm|par
|
|-weather|RainDance|[upkeep]
|upkeep
|turn|4
|
|t:|1660980505
|move|p2a: Arceus|Judgment|p1a: Eternal storm
|-damage|p1a: Eternal storm|69/100 par
|move|p1a: Eternal storm|Calm Mind|p1a: Eternal storm
|-boost|p1a: Eternal storm|spa|1
|-boost|p1a: Eternal storm|spd|1
|
|-weather|RainDance|[upkeep]
|-heal|p1a: Eternal storm|75/100 par|[from] item: Leftovers
|upkeep
|turn|5
|
|t:|1660980514
|switch|p2a: Groudon|Groudon|100/100
|detailschange|p2a: Groudon|Groudon-Primal
|-primal|p2a: Groudon
|-weather|DesolateLand|[from] ability: Desolate Land|[of] p2a: Groudon
|move|p1a: Eternal storm|Scald||[still]
|-fail|p1a: Eternal storm|Scald|[from] Desolate Land
|
|-weather|DesolateLand|[upkeep]
|-heal|p1a: Eternal storm|82/100 par|[from] item: Leftovers
|upkeep
|turn|6
|
|t:|1660980527
|move|p2a: Groudon|Fire Punch|p1a: Eternal storm
|-resisted|p1a: Eternal storm
|-damage|p1a: Eternal storm|61/100 par
|move|p1a: Eternal storm|Ice Beam|p2a: Groudon
|-damage|p2a: Groudon|59/100
|
|-weather|DesolateLand|[upkeep]
|-heal|p1a: Eternal storm|67/100 par|[from] item: Leftovers
|upkeep
|turn|7
|
|t:|1660980537
|-weather|none
|switch|p2a: Ditto|Ditto|100/100
|-transform|p2a: Ditto|p1a: Eternal storm|[from] ability: Imposter
|-weather|RainDance|[from] ability: Drizzle|[of] p2a: Ditto
|switch|p1a: Fearless priest|Arceus-Ground|100/100
|
|-weather|RainDance|[upkeep]
|upkeep
|turn|8
|
|t:|1660980550
|switch|p1a: Tough pink lady|Chansey, F|100/100
|move|p2a: Ditto|Scald|p1a: Tough pink lady
|-damage|p1a: Tough pink lady|79/100
|-status|p1a: Tough pink lady|brn
|
|-weather|RainDance|[upkeep]
|-damage|p1a: Tough pink lady|73/100 brn|[from] brn
|upkeep
|turn|9
|
|t:|1660980559
|switch|p2a: Groudon|Groudon-Primal|59/100
|-weather|DesolateLand|[from] ability: Desolate Land|[of] p2a: Groudon
|move|p1a: Tough pink lady|Aromatherapy|p1a: Tough pink lady
|-activate|p1a: Tough pink lady|move: Aromatherapy
|-curestatus|p1a: Tough pink lady|brn|[msg]
|-curestatus|p1: Eternal storm|par|[msg]
|
|-weather|DesolateLand|[upkeep]
|upkeep
|turn|10
|
|t:|1660980576
|switch|p1a: Fearless priest|Arceus-Ground|100/100
|move|p2a: Groudon|Toxic|p1a: Fearless priest
|-status|p1a: Fearless priest|tox
|
|-weather|DesolateLand|[upkeep]
|-damage|p1a: Fearless priest|94/100 tox|[from] psn
|upkeep
|turn|11
|
|t:|1660980585
|-weather|none
|switch|p2a: Arceus|Arceus-Grass|100/100
|move|p1a: Fearless priest|Stealth Rock|p2a: Arceus
|-sidestart|p2: Qishan|move: Stealth Rock
|
|-damage|p1a: Fearless priest|82/100 tox|[from] psn
|upkeep
|turn|12
|
|t:|1660980591
|switch|p1a: Tough pink lady|Chansey, F|73/100
|move|p2a: Arceus|Stealth Rock|p1a: Tough pink lady
|-sidestart|p1: Buck is stallish|move: Stealth Rock
|
|upkeep
|turn|13
|
|t:|1660980601
|switch|p2a: Groudon|Groudon-Primal|59/100
|-damage|p2a: Groudon|46/100|[from] Stealth Rock
|-weather|DesolateLand|[from] ability: Desolate Land|[of] p2a: Groudon
|move|p1a: Tough pink lady|Aromatherapy|p1a: Tough pink lady
|-activate|p1a: Tough pink lady|move: Aromatherapy
|-curestatus|p1: Fearless priest|tox|[msg]
|
|-weather|DesolateLand|[upkeep]
|upkeep
|turn|14
|
|t:|1660980609
|switch|p1a: Pretty gem|Sableye-Mega, F|100/100
|-damage|p1a: Pretty gem|88/100|[from] Stealth Rock
|move|p2a: Groudon|Toxic|p1a: Pretty gem
|move|p1a: Pretty gem|Toxic|p2a: Groudon|[from]ability: Magic Bounce
|-status|p2a: Groudon|tox
|
|-weather|DesolateLand|[upkeep]
|-damage|p2a: Groudon|40/100 tox|[from] psn
|upkeep
|turn|15
|
|t:|1660980618
|move|p2a: Groudon|Rest|p2a: Groudon
|-status|p2a: Groudon|slp|[from] move: Rest
|-heal|p2a: Groudon|100/100 slp|[silent]
|move|p1a: Pretty gem|Recover|p1a: Pretty gem
|-heal|p1a: Pretty gem|100/100
|
|-weather|DesolateLand|[upkeep]
|upkeep
|turn|16
|
|t:|1660980628
|cant|p2a: Groudon|slp
|move|p2a: Groudon|Sleep Talk|p2a: Groudon
|move|p2a: Groudon|Rest||[from]move: Sleep Talk|[still]
|-fail|p2a: Groudon
|move|p1a: Pretty gem|Foul Play|p2a: Groudon
|-damage|p2a: Groudon|78/100 slp
|
|-weather|DesolateLand|[upkeep]
|upkeep
|turn|17
|
|t:|1660980637
|switch|p1a: Eternal storm|Kyogre|67/100
|-damage|p1a: Eternal storm|55/100|[from] Stealth Rock
|-ability|p1a: Eternal storm|Drizzle|[from] desolateland|[fail]
|cant|p2a: Groudon|slp
|move|p2a: Groudon|Sleep Talk|p2a: Groudon
|move|p2a: Groudon|Fire Punch|p1a: Eternal storm|[from]move: Sleep Talk
|-resisted|p1a: Eternal storm
|-damage|p1a: Eternal storm|35/100
|
|-weather|DesolateLand|[upkeep]
|-heal|p1a: Eternal storm|41/100|[from] item: Leftovers
|upkeep
|turn|18
|
|t:|1660980650
|-curestatus|p2a: Groudon|slp|[msg]
|move|p2a: Groudon|Fire Punch|p1a: Eternal storm
|-resisted|p1a: Eternal storm
|-damage|p1a: Eternal storm|21/100
|move|p1a: Eternal storm|Rest|p1a: Eternal storm
|-status|p1a: Eternal storm|slp|[from] move: Rest
|-heal|p1a: Eternal storm|100/100 slp|[silent]
|
|-weather|DesolateLand|[upkeep]
|upkeep
|turn|19
|
|t:|1660980670
|-weather|none
|switch|p2a: Arceus|Arceus-Fairy|100/100
|-damage|p2a: Arceus|88/100|[from] Stealth Rock
|cant|p1a: Eternal storm|slp
|
|upkeep
|turn|20
|
|t:|1660980676
|switch|p1a: Tough pink lady|Chansey, F|73/100
|-damage|p1a: Tough pink lady|60/100|[from] Stealth Rock
|move|p2a: Arceus|Calm Mind|p2a: Arceus
|-boost|p2a: Arceus|spa|1
|-boost|p2a: Arceus|spd|1
|
|upkeep
|turn|21
|
|t:|1660980687
|switch|p2a: Ditto|Ditto|100/100
|-damage|p2a: Ditto|88/100|[from] Stealth Rock
|-transform|p2a: Ditto|p1a: Tough pink lady|[from] ability: Imposter
|move|p1a: Tough pink lady|Soft-Boiled|p1a: Tough pink lady
|-heal|p1a: Tough pink lady|100/100
|
|upkeep
|turn|22
|inactive|Qishan has 120 seconds left.
|
|t:|1660980713
|switch|p2a: Arceus|Arceus-Fairy|88/100
|-damage|p2a: Arceus|76/100|[from] Stealth Rock
|move|p1a: Tough pink lady|Aromatherapy|p1a: Tough pink lady
|-activate|p1a: Tough pink lady|move: Aromatherapy
|-curestatus|p1: Eternal storm|slp|[msg]
|
|upkeep
|turn|23
|
|t:|1660980723
|move|p2a: Arceus|Will-O-Wisp|p1a: Tough pink lady
|-status|p1a: Tough pink lady|brn
|move|p1a: Tough pink lady|Seismic Toss|p2a: Arceus
|-damage|p2a: Arceus|53/100
|
|-damage|p1a: Tough pink lady|94/100 brn|[from] brn
|upkeep
|turn|24
|
|t:|1660980734
|-curestatus|p1a: Tough pink lady|brn|[from] ability: Natural Cure
|switch|p1a: White phoenix|Lugia|100/100
|-damage|p1a: White phoenix|75/100|[from] Stealth Rock
|move|p2a: Arceus|Recover|p2a: Arceus
|-heal|p2a: Arceus|100/100
|
|-heal|p1a: White phoenix|82/100|[from] item: Leftovers
|upkeep
|turn|25
|
|t:|1660980745
|switch|p2a: Ditto|Ditto|88/100
|-damage|p2a: Ditto|76/100|[from] Stealth Rock
|-transform|p2a: Ditto|p1a: White phoenix|[from] ability: Imposter
|move|p1a: White phoenix|Toxic|p2a: Ditto
|-status|p2a: Ditto|tox
|
|-heal|p1a: White phoenix|88/100|[from] item: Leftovers
|-damage|p2a: Ditto|70/100 tox|[from] psn
|upkeep
|turn|26
|
|t:|1660980764
|switch|p2a: Groudon|Groudon-Primal|78/100
|-damage|p2a: Groudon|66/100|[from] Stealth Rock
|-weather|DesolateLand|[from] ability: Desolate Land|[of] p2a: Groudon
|switch|p1a: Pretty gem|Sableye-Mega, F|100/100
|-damage|p1a: Pretty gem|88/100|[from] Stealth Rock
|
|-weather|DesolateLand|[upkeep]
|upkeep
|turn|27
|
|t:|1660980773
|move|p2a: Groudon|Fire Punch|p1a: Pretty gem
|-damage|p1a: Pretty gem|39/100
|move|p1a: Pretty gem|Recover|p1a: Pretty gem
|-heal|p1a: Pretty gem|89/100
|
|-weather|DesolateLand|[upkeep]
|upkeep
|turn|28
|
|t:|1660980780
|move|p1a: Pretty gem|Protect|p1a: Pretty gem
|-singleturn|p1a: Pretty gem|Protect
|move|p2a: Groudon|Fire Punch|p1a: Pretty gem
|-activate|p1a: Pretty gem|move: Protect
|
|-weather|DesolateLand|[upkeep]
|upkeep
|turn|29
|
|t:|1660980786
|move|p2a: Groudon|Fire Punch|p1a: Pretty gem
|-crit|p1a: Pretty gem
|-damage|p1a: Pretty gem|23/100
|move|p1a: Pretty gem|Recover|p1a: Pretty gem
|-heal|p1a: Pretty gem|73/100
|
|-weather|DesolateLand|[upkeep]
|upkeep
|turn|30
|
|t:|1660980791
|move|p2a: Groudon|Rest|p2a: Groudon
|-status|p2a: Groudon|slp|[from] move: Rest
|-heal|p2a: Groudon|100/100 slp|[silent]
|move|p1a: Pretty gem|Recover|p1a: Pretty gem
|-heal|p1a: Pretty gem|100/100
|
|-weather|DesolateLand|[upkeep]
|upkeep
|turn|31
|
|t:|1660980797
|switch|p1a: Eternal storm|Kyogre|100/100
|-damage|p1a: Eternal storm|88/100|[from] Stealth Rock
|-ability|p1a: Eternal storm|Drizzle|[from] desolateland|[fail]
|cant|p2a: Groudon|slp
|move|p2a: Groudon|Sleep Talk|p2a: Groudon
|move|p2a: Groudon|Toxic|p1a: Eternal storm|[from]move: Sleep Talk|[miss]
|-miss|p2a: Groudon|p1a: Eternal storm
|
|-weather|DesolateLand|[upkeep]
|-heal|p1a: Eternal storm|94/100|[from] item: Leftovers
|upkeep
|turn|32
|
|t:|1660980810
|cant|p2a: Groudon|slp
|move|p2a: Groudon|Sleep Talk|p2a: Groudon
|move|p2a: Groudon|Rest||[from]move: Sleep Talk|[still]
|-fail|p2a: Groudon
|move|p1a: Eternal storm|Calm Mind|p1a: Eternal storm
|-boost|p1a: Eternal storm|spa|1
|-boost|p1a: Eternal storm|spd|1
|
|-weather|DesolateLand|[upkeep]
|-heal|p1a: Eternal storm|100/100|[from] item: Leftovers
|upkeep
|turn|33
|j| Cosmic Power1
|
|t:|1660980819
|-curestatus|p2a: Groudon|slp|[msg]
|move|p2a: Groudon|Toxic|p1a: Eternal storm
|-status|p1a: Eternal storm|tox
|move|p1a: Eternal storm|Calm Mind|p1a: Eternal storm
|-boost|p1a: Eternal storm|spa|1
|-boost|p1a: Eternal storm|spd|1
|
|-weather|DesolateLand|[upkeep]
|-damage|p1a: Eternal storm|94/100 tox|[from] psn
|upkeep
|turn|34
|
|t:|1660980829
|-weather|none
|switch|p2a: Ditto|Ditto|70/100 tox
|-damage|p2a: Ditto|57/100 tox|[from] Stealth Rock
|-transform|p2a: Ditto|p1a: Eternal storm|[from] ability: Imposter
|-weather|RainDance|[from] ability: Drizzle|[of] p2a: Ditto
|move|p1a: Eternal storm|Ice Beam|p2a: Ditto
|-resisted|p2a: Ditto
|-damage|p2a: Ditto|45/100 tox
|
|-weather|RainDance|[upkeep]
|-heal|p1a: Eternal storm|100/100 tox|[from] item: Leftovers
|-damage|p2a: Ditto|39/100 tox|[from] psn
|-damage|p1a: Eternal storm|88/100 tox|[from] psn
|upkeep
|turn|35
|
|t:|1660980845
|move|p2a: Ditto|Rest|p2a: Ditto
|-status|p2a: Ditto|slp|[from] move: Rest
|-heal|p2a: Ditto|100/100 slp|[silent]
|move|p1a: Eternal storm|Rest|p1a: Eternal storm
|-status|p1a: Eternal storm|slp|[from] move: Rest
|-heal|p1a: Eternal storm|100/100 slp|[silent]
|
|-weather|RainDance|[upkeep]
|upkeep
|turn|36
|
|t:|1660980858
|switch|p2a: Arceus|Arceus-Fairy|100/100
|-damage|p2a: Arceus|88/100|[from] Stealth Rock
|cant|p1a: Eternal storm|slp
|
|-weather|RainDance|[upkeep]
|upkeep
|turn|37
|inactive|Buck is stallish has 120 seconds left.
|
|t:|1660980897
|move|p2a: Arceus|Calm Mind|p2a: Arceus
|-boost|p2a: Arceus|spa|1
|-boost|p2a: Arceus|spd|1
|cant|p1a: Eternal storm|slp
|
|-weather|RainDance|[upkeep]
|upkeep
|turn|38
|c| SweeperGatr|How do you play stall and not lose your mind
|
|t:|1660980903
|move|p2a: Arceus|Calm Mind|p2a: Arceus
|-boost|p2a: Arceus|spa|1
|-boost|p2a: Arceus|spd|1
|-curestatus|p1a: Eternal storm|slp|[msg]
|move|p1a: Eternal storm|Calm Mind|p1a: Eternal storm
|-boost|p1a: Eternal storm|spa|1
|-boost|p1a: Eternal storm|spd|1
|
|-weather|none
|upkeep
|turn|39
|
|t:|1660980910
|move|p2a: Arceus|Calm Mind|p2a: Arceus
|-boost|p2a: Arceus|spa|1
|-boost|p2a: Arceus|spd|1
|move|p1a: Eternal storm|Calm Mind|p1a: Eternal storm
|-boost|p1a: Eternal storm|spa|1
|-boost|p1a: Eternal storm|spd|1
|
|upkeep
|turn|40
|
|t:|1660980916
|move|p2a: Arceus|Calm Mind|p2a: Arceus
|-boost|p2a: Arceus|spa|1
|-boost|p2a: Arceus|spd|1
|move|p1a: Eternal storm|Calm Mind|p1a: Eternal storm
|-boost|p1a: Eternal storm|spa|1
|-boost|p1a: Eternal storm|spd|1
|
|upkeep
|turn|41
|
|t:|1660980922
|move|p2a: Arceus|Calm Mind|p2a: Arceus
|-boost|p2a: Arceus|spa|1
|-boost|p2a: Arceus|spd|1
|move|p1a: Eternal storm|Calm Mind|p1a: Eternal storm
|-boost|p1a: Eternal storm|spa|1
|-boost|p1a: Eternal storm|spd|1
|
|upkeep
|turn|42
|
|t:|1660980938
|move|p2a: Arceus|Calm Mind|p2a: Arceus
|-boost|p2a: Arceus|spa|1
|-boost|p2a: Arceus|spd|1
|move|p1a: Eternal storm|Scald|p2a: Arceus
|-damage|p2a: Arceus|68/100
|
|upkeep
|turn|43
|
|t:|1660980946
|-start|p2a: Arceus|Dynamax|
|-heal|p2a: Arceus|68/100|[silent]
|move|p2a: Arceus|Max Starfall|p1a: Eternal storm
|-damage|p1a: Eternal storm|63/100
|-fieldstart|move: Misty Terrain
|move|p1a: Eternal storm|Ice Beam|p2a: Arceus
|-damage|p2a: Arceus|60/100
|
|-heal|p1a: Eternal storm|70/100|[from] item: Leftovers
|upkeep
|turn|44
|
|t:|1660980955
|-start|p1a: Eternal storm|Dynamax|
|-heal|p1a: Eternal storm|70/100|[silent]
|move|p1a: Eternal storm|Max Guard|p1a: Eternal storm
|-singleturn|p1a: Eternal storm|Max Guard
|move|p2a: Arceus|Max Starfall|p1a: Eternal storm
|-activate|p1a: Eternal storm|move: Max Guard
|
|-heal|p1a: Eternal storm|73/100|[from] item: Leftovers
|upkeep
|turn|45
|
|t:|1660980964
|move|p2a: Arceus|Max Starfall|p1a: Eternal storm
|-damage|p1a: Eternal storm|53/100
|move|p1a: Eternal storm|Max Geyser|p2a: Arceus
|-damage|p2a: Arceus|45/100
|-weather|RainDance
|
|-weather|RainDance|[upkeep]
|-heal|p1a: Eternal storm|56/100|[from] item: Leftovers
|upkeep
|-end|p2a: Arceus|Dynamax
|-heal|p2a: Arceus|45/100|[silent]
|turn|46
|
|t:|1660980976
|move|p2a: Arceus|Recover|p2a: Arceus
|-heal|p2a: Arceus|95/100
|move|p1a: Eternal storm|Max Geyser|p2a: Arceus
|-damage|p2a: Arceus|44/100
|
|-weather|RainDance|[upkeep]
|-heal|p1a: Eternal storm|59/100|[from] item: Leftovers
|upkeep
|-end|p1a: Eternal storm|Dynamax
|-heal|p1a: Eternal storm|59/100|[silent]
|turn|47
|
|t:|1660980985
|move|p2a: Arceus|Recover|p2a: Arceus
|-heal|p2a: Arceus|94/100
|move|p1a: Eternal storm|Scald|p2a: Arceus
|-crit|p2a: Arceus
|-damage|p2a: Arceus|0 fnt
|faint|p2a: Arceus
|
|-weather|RainDance|[upkeep]
|-heal|p1a: Eternal storm|66/100|[from] item: Leftovers
|-fieldend|Misty Terrain
|upkeep
|c|☆Buck is stallish|Appreciated
|
|t:|1660981002
|switch|p2a: Ditto|Ditto|100/100 slp
|-damage|p2a: Ditto|88/100 slp|[from] Stealth Rock
|-transform|p2a: Ditto|p1a: Eternal storm|[from] ability: Imposter
|turn|48
|
|t:|1660981008
|cant|p2a: Ditto|slp
|move|p1a: Eternal storm|Scald|p2a: Ditto
|-resisted|p2a: Ditto
|-damage|p2a: Ditto|65/100 slp
|
|-weather|RainDance|[upkeep]
|-heal|p1a: Eternal storm|72/100|[from] item: Leftovers
|upkeep
|turn|49
|
|t:|1660981018
|cant|p2a: Ditto|slp
|move|p1a: Eternal storm|Calm Mind|p1a: Eternal storm
|-boost|p1a: Eternal storm|spa|0
|-boost|p1a: Eternal storm|spd|0
|
|-weather|none
|-heal|p1a: Eternal storm|78/100|[from] item: Leftovers
|upkeep
|turn|50
|c|☆Qishan|haha
|
|t:|1660981026
|-curestatus|p2a: Ditto|slp|[msg]
|move|p2a: Ditto|Scald|p1a: Eternal storm
|-resisted|p1a: Eternal storm
|-damage|p1a: Eternal storm|65/100
|-status|p1a: Eternal storm|brn
|move|p1a: Eternal storm|Calm Mind|p1a: Eternal storm
|-boost|p1a: Eternal storm|spa|0
|-boost|p1a: Eternal storm|spd|0
|
|-heal|p1a: Eternal storm|71/100 brn|[from] item: Leftovers
|-damage|p1a: Eternal storm|65/100 brn|[from] brn
|upkeep
|turn|51
|
|t:|1660981037
|move|p2a: Ditto|Scald|p1a: Eternal storm
|-resisted|p1a: Eternal storm
|-damage|p1a: Eternal storm|53/100 brn
|move|p1a: Eternal storm|Rest|p1a: Eternal storm
|-status|p1a: Eternal storm|slp|[from] move: Rest
|-heal|p1a: Eternal storm|100/100 slp|[silent]
|
|upkeep
|turn|52
|-message|Qishan forfeited.
|
|win|Buck is stallish
|raw|Buck is stallish's rating: 1875 &rarr; <strong>1895</strong><br />(+20 for winning)
|raw|Qishan's rating: 1876 &rarr; <strong>1856</strong><br />(-20 for losing)
|l|☆Qishan
