|j|☆haleyc10
|j|☆JAY100064
|t:|1647735692
|gametype|singles
|player|p1|haleyc10|101|
|player|p2|JAY100064|2|
|teamsize|p1|6
|teamsize|p2|1
|gen|8
|tier|[Gen 8] National Dex AG
|rule|HP Percentage Mod: HP is shown in percentages
|rule|Endless Battle Clause: Forcing endless battles is banned
|clearpoke
|poke|p1|Rayquaza|
|poke|p1|Rayquaza|
|poke|p1|Rayquaza|
|poke|p1|Rayquaza|
|poke|p1|Rayquaza|
|poke|p1|Rayquaza|
|poke|p2|Calyrex-Ice|
|teampreview
|inactive|Battle timer is ON: inactive players will automatically lose when time's up. (requested by haleyc10)
|c|☆JAY100064|ok use DD twice
|c|☆JAY100064|on first one
|c|☆JAY100064|Dragon dance
|c|☆haleyc10|oh shoot
|
|t:|1647735718
|start
|switch|p1a: Rayquaza|Rayquaza|100/100
|switch|p2a: Calyrex|Calyrex-Ice|100/100
|-ability|p2a: Calyrex|As One
|-ability|p2a: Calyrex|Unnerve
|-ability|p1a: Rayquaza|Air Lock
|turn|1
|c|☆haleyc10|i dont got dd
|c|☆JAY100064|ok
|
|t:|1647735738
|detailschange|p1a: Rayquaza|Rayquaza-Mega
|-mega|p1a: Rayquaza|Rayquaza|
|-weather|DeltaStream|[from] ability: Delta Stream|[of] p1a: Rayquaza
|move|p1a: Rayquaza|Shadow Claw|p2a: Calyrex
|-supereffective|p2a: Calyrex
|-damage|p2a: Calyrex|48/100
|-damage|p1a: Rayquaza|91/100|[from] item: Life Orb
|move|p2a: Calyrex|Speed Swap|p1a: Rayquaza
|-activate|p2a: Calyrex|move: Speed Swap|[of] p1a: Rayquaza
|
|-weather|DeltaStream|[upkeep]
|upkeep
|turn|2
|
|t:|1647735752
|move|p2a: Calyrex|Glacial Lance|p1a: Rayquaza
|-activate||deltastream
|-supereffective|p1a: Rayquaza
|-damage|p1a: Rayquaza|0 fnt
|faint|p1a: Rayquaza
|-weather|none
|-ability|p2a: Calyrex|Chilling Neigh|boost
|-boost|p2a: Calyrex|atk|1
|
|upkeep
|c|☆haleyc10|ooh
|c|☆haleyc10|thats nice
|
|t:|1647735761
|switch|p1a: Rayquaza|Rayquaza|100/100
|-ability|p1a: Rayquaza|Air Lock
|turn|3
|
|t:|1647735766
|-start|p1a: Rayquaza|Dynamax
|-heal|p1a: Rayquaza|100/100|[silent]
|move|p2a: Calyrex|Glacial Lance|p1a: Rayquaza
|-supereffective|p1a: Rayquaza
|-damage|p1a: Rayquaza|0 fnt
|faint|p1a: Rayquaza
|-ability|p2a: Calyrex|Chilling Neigh|boost
|-boost|p2a: Calyrex|atk|1
|
|upkeep
|c|☆haleyc10|ooh
|
|t:|1647735774
|switch|p1a: Rayquaza|Rayquaza|100/100
|-ability|p1a: Rayquaza|Air Lock
|turn|4
|
|t:|1647735780
|move|p2a: Calyrex|Glacial Lance|p1a: Rayquaza
|-supereffective|p1a: Rayquaza
|-damage|p1a: Rayquaza|0 fnt
|faint|p1a: Rayquaza
|-ability|p2a: Calyrex|Chilling Neigh|boost
|-boost|p2a: Calyrex|atk|1
|
|upkeep
|
|t:|1647735783
|switch|p1a: Rayquaza|Rayquaza|100/100
|-ability|p1a: Rayquaza|Air Lock
|turn|5
|
|t:|1647735789
|move|p2a: Calyrex|Glacial Lance|p1a: Rayquaza
|-supereffective|p1a: Rayquaza
|-damage|p1a: Rayquaza|0 fnt
|faint|p1a: Rayquaza
|-ability|p2a: Calyrex|Chilling Neigh|boost
|-boost|p2a: Calyrex|atk|1
|
|upkeep
|
|t:|1647735793
|switch|p1a: Rayquaza|Rayquaza|100/100
|-ability|p1a: Rayquaza|Air Lock
|turn|6
|
|t:|1647735800
|move|p2a: Calyrex|Glacial Lance|p1a: Rayquaza
|-supereffective|p1a: Rayquaza
|-damage|p1a: Rayquaza|0 fnt
|faint|p1a: Rayquaza
|-ability|p2a: Calyrex|Chilling Neigh|boost
|-boost|p2a: Calyrex|atk|1
|
|upkeep
|
|t:|1647735806
|switch|p1a: Rayquaza|Rayquaza|100/100
|-ability|p1a: Rayquaza|Air Lock
|turn|7
|
|t:|1647735817
|move|p2a: Calyrex|Glacial Lance|p1a: Rayquaza
|-supereffective|p1a: Rayquaza
|-damage|p1a: Rayquaza|0 fnt
|faint|p1a: Rayquaza
|
|win|JAY100064
|c|☆JAY100064|ok it works XD
