|j|☆Takemitchy-kun
|j|☆Glaliegoesboom
|t:|1661271233
|gametype|singles
|player|p1|Takemitchy-kun|lance-masters|
|player|p2|Glaliegoesboom|cynthia-masters|
|teamsize|p1|6
|teamsize|p2|6
|gen|8
|tier|[Gen 8] National Dex AG
|rule|HP Percentage Mod: HP is shown in percentages
|rule|Endless Battle Clause: Forcing endless battles is banned
|clearpoke
|poke|p1|Garchomp, F|
|poke|p1|Xerneas-*|
|poke|p1|Yveltal|
|poke|p1|Arceus-*|
|poke|p1|Calyrex-Shadow|
|poke|p1|Rayquaza|
|poke|p2|Groudon|
|poke|p2|Necrozma-Dusk-Mane|
|poke|p2|Zygarde|
|poke|p2|Arceus-*|
|poke|p2|Chansey, F|
|poke|p2|Arceus-*|
|teampreview
|inactive|Battle timer is ON: inactive players will automatically lose when time's up. (requested by Takemitchy-kun)
|inactive|Glaliegoesboom also wants the timer to be on.
|l|☆Glaliegoesboom
|inactive|Glaliegoesboom disconnected and has 300 seconds to reconnect!
|player|p2|
|j|☆Glaliegoesboom
|inactive|Glaliegoesboom reconnected and has 290 seconds left.
|player|p2|Glaliegoesboom|cynthia-masters
|
|t:|1661271255
|start
|switch|p1a: Garchomp|Garchomp, F|100/100
|switch|p2a: Arceus|Arceus-Fairy|100/100
|turn|1
|
|t:|1661271262
|move|p1a: Garchomp|Stealth Rock|p2a: Arceus
|-sidestart|p2: Glaliegoesboom|move: Stealth Rock
|move|p2a: Arceus|Will-O-Wisp|p1a: Garchomp|[miss]
|-miss|p2a: Arceus|p1a: Garchomp
|
|upkeep
|turn|2
|
|t:|1661271266
|move|p2a: Arceus|Will-O-Wisp|p1a: Garchomp
|-status|p1a: Garchomp|brn
|move|p1a: Garchomp|Roar|p2a: Arceus
|drag|p2a: Arceus|Arceus-Dark|100/100
|-damage|p2a: Arceus|88/100|[from] Stealth Rock
|
|-damage|p1a: Garchomp|94/100 brn|[from] brn
|upkeep
|turn|3
|
|t:|1661271273
|switch|p1a: Xerneas|Xerneas|100/100
|-ability|p1a: Xerneas|Fairy Aura
|move|p2a: Arceus|Defog|p1a: Xerneas
|-unboost|p1a: Xerneas|evasion|1
|-sideend|p2: Glaliegoesboom|Stealth Rock|[from] move: Defog|[of] p2a: Arceus
|
|upkeep
|turn|4
|
|t:|1661271279
|switch|p2a: Chansey|Chansey, F|100/100
|switch|p1a: Calyrex|Calyrex-Shadow|100/100
|-ability|p1a: Calyrex|As One
|-ability|p1a: Calyrex|Unnerve
|
|upkeep
|turn|5
|j| Tu na gang gang
|
|t:|1661271286
|switch|p2a: Arceus|Arceus-Dark|88/100
|move|p1a: Calyrex|Substitute|p1a: Calyrex
|-start|p1a: Calyrex|Substitute
|-damage|p1a: Calyrex|76/100
|
|upkeep
|turn|6
|
|t:|1661271288
|move|p1a: Calyrex|Nasty Plot|p1a: Calyrex
|-boost|p1a: Calyrex|spa|2
|move|p2a: Arceus|Snarl|p1a: Calyrex
|-supereffective|p1a: Calyrex
|-damage|p1a: Calyrex|0 fnt
|faint|p1a: Calyrex
|
|upkeep
|
|t:|1661271306
|switch|p1a: Rayquaza|Rayquaza|100/100
|-ability|p1a: Rayquaza|Air Lock
|turn|7
|
|t:|1661271312
|switch|p2a: Necrozma|Necrozma-Dusk-Mane|100/100
|detailschange|p1a: Rayquaza|Rayquaza-Mega
|-mega|p1a: Rayquaza|Rayquaza|
|-weather|DeltaStream|[from] ability: Delta Stream|[of] p1a: Rayquaza
|move|p1a: Rayquaza|Dragon Dance|p1a: Rayquaza
|-boost|p1a: Rayquaza|atk|1
|-boost|p1a: Rayquaza|spe|1
|
|-weather|DeltaStream|[upkeep]
|upkeep
|turn|8
|c|☆Takemitchy-kun|Yh thatsgg
|
|t:|1661271322
|-start|p2a: Necrozma|Dynamax|
|-heal|p2a: Necrozma|100/100|[silent]
|move|p1a: Rayquaza|Dragon Dance|p1a: Rayquaza
|-boost|p1a: Rayquaza|atk|1
|-boost|p1a: Rayquaza|spe|1
|move|p2a: Necrozma|Max Steelspike|p1a: Rayquaza
|-damage|p1a: Rayquaza|37/100
|-boost|p2a: Necrozma|def|1
|
|-weather|DeltaStream|[upkeep]
|upkeep
|turn|9
|
|t:|1661271326
|move|p1a: Rayquaza|Earthquake|p2a: Necrozma
|-supereffective|p2a: Necrozma
|-damage|p2a: Necrozma|79/100
|move|p2a: Necrozma|Max Steelspike|p1a: Rayquaza
|-damage|p1a: Rayquaza|0 fnt
|-boost|p2a: Necrozma|def|1
|faint|p1a: Rayquaza
|-weather|none
|
|upkeep
|
|t:|1661271331
|switch|p1a: Garchomp|Garchomp, F|94/100 brn
|turn|10
|
|t:|1661271333
|move|p1a: Garchomp|Stealth Rock|p2a: Necrozma
|-sidestart|p2: Glaliegoesboom|move: Stealth Rock
|move|p2a: Necrozma|Max Steelspike|p1a: Garchomp
|-damage|p1a: Garchomp|27/100 brn
|-boost|p2a: Necrozma|def|1
|
|-damage|p1a: Garchomp|21/100 brn|[from] brn
|upkeep
|-end|p2a: Necrozma|Dynamax
|-heal|p2a: Necrozma|79/100|[silent]
|turn|11
|
|t:|1661271336
|move|p2a: Necrozma|Stealth Rock|p1a: Garchomp
|-sidestart|p1: Takemitchy-kun|move: Stealth Rock
|move|p1a: Garchomp|Roar|p2a: Necrozma
|drag|p2a: Chansey|Chansey, F|100/100
|-damage|p2a: Chansey|88/100|[from] Stealth Rock
|
|-damage|p1a: Garchomp|15/100 brn|[from] brn
|upkeep
|turn|12
|
|t:|1661271345
|switch|p2a: Arceus|Arceus-Fairy|100/100
|-damage|p2a: Arceus|88/100|[from] Stealth Rock
|move|p1a: Garchomp|Earthquake|p2a: Arceus
|-damage|p2a: Arceus|74/100
|
|-damage|p1a: Garchomp|9/100 brn|[from] brn
|upkeep
|turn|13
|
|t:|1661271358
|move|p1a: Garchomp|Rock Tomb|p2a: Arceus
|-damage|p2a: Arceus|67/100
|-unboost|p2a: Arceus|spe|1
|move|p2a: Arceus|Judgment|p1a: Garchomp
|-supereffective|p1a: Garchomp
|-damage|p1a: Garchomp|0 fnt
|faint|p1a: Garchomp
|
|upkeep
|
|t:|1661271365
|switch|p1a: Xerneas|Xerneas|100/100
|-damage|p1a: Xerneas|88/100|[from] Stealth Rock
|-ability|p1a: Xerneas|Fairy Aura
|turn|14
|
|t:|1661271367
|move|p1a: Xerneas|Substitute|p1a: Xerneas
|-start|p1a: Xerneas|Substitute
|-damage|p1a: Xerneas|63/100
|move|p2a: Arceus|Toxic||[still]
|-fail|p2a: Arceus
|
|upkeep
|turn|15
|
|t:|1661271384
|move|p1a: Xerneas|Thunder|p2a: Arceus
|-damage|p2a: Arceus|40/100
|move|p2a: Arceus|Judgment|p1a: Xerneas
|-end|p1a: Xerneas|Substitute
|
|upkeep
|turn|16
|
|t:|1661271390
|move|p1a: Xerneas|Moonblast|p2a: Arceus
|-damage|p2a: Arceus|0 fnt
|faint|p2a: Arceus
|
|upkeep
|
|t:|1661271393
|switch|p2a: Necrozma|Necrozma-Dusk-Mane|79/100
|-damage|p2a: Necrozma|73/100|[from] Stealth Rock
|turn|17
|j| Champlego
|
|t:|1661271405
|move|p1a: Xerneas|Thunder|p2a: Necrozma|[miss]
|-miss|p1a: Xerneas|p2a: Necrozma
|move|p2a: Necrozma|Sunsteel Strike|p1a: Xerneas
|-supereffective|p1a: Xerneas
|-damage|p1a: Xerneas|0 fnt
|faint|p1a: Xerneas
|
|upkeep
|
|t:|1661271410
|switch|p1a: Arceus|Arceus|100/100
|-damage|p1a: Arceus|88/100|[from] Stealth Rock
|turn|18
|
|t:|1661271413
|switch|p2a: Zygarde|Zygarde, shiny|100/100
|-damage|p2a: Zygarde|94/100|[from] Stealth Rock
|move|p1a: Arceus|Swords Dance|p1a: Arceus
|-boost|p1a: Arceus|atk|2
|
|upkeep
|turn|19
|n| Champlego|champlego
|
|t:|1661271418
|move|p1a: Arceus|Swords Dance|p1a: Arceus
|-boost|p1a: Arceus|atk|2
|move|p2a: Zygarde|Glare|p1a: Arceus
|-status|p1a: Arceus|par
|
|upkeep
|turn|20
|
|t:|1661271420
|move|p1a: Arceus|Extreme Speed|p2a: Zygarde
|-damage|p2a: Zygarde|36/100
|move|p2a: Zygarde|Haze|p2a: Zygarde
|-clearallboost
|
|-activate|p2a: Zygarde|ability: Power Construct
|detailschange|p2a: Zygarde|Zygarde-Complete, shiny
|-heal|p2a: Zygarde|59/100|[silent]
|upkeep
|turn|21
|c| Champlego|Glalie battle me next
|c|☆Glaliegoesboom|Alr
|
|t:|1661271429
|move|p2a: Zygarde|Thousand Arrows|p1a: Arceus
|-damage|p1a: Arceus|63/100 par
|cant|p1a: Arceus|par
|
|upkeep
|turn|22
|c| Champlego|ım sending u
|
|t:|1661271438
|move|p2a: Zygarde|Thousand Arrows|p1a: Arceus
|-damage|p1a: Arceus|41/100 par
|move|p1a: Arceus|Swords Dance|p1a: Arceus
|-boost|p1a: Arceus|atk|2
|
|upkeep
|turn|23
|
|t:|1661271442
|cant|p1a: Arceus|par
|move|p2a: Zygarde|Haze|p2a: Zygarde
|-clearallboost
|
|upkeep
|turn|24
|
|t:|1661271448
|move|p2a: Zygarde|Thousand Arrows|p1a: Arceus
|-damage|p1a: Arceus|15/100 par
|cant|p1a: Arceus|par
|
|upkeep
|turn|25
|c|☆Takemitchy-kun|I want a rematch
|c| Champlego|he wil lfirst battl eme
|c|☆Glaliegoesboom|After him
|l| Champlego
|c|☆Takemitchy-kun|K
|
|t:|1661271476
|move|p1a: Arceus|Extreme Speed|p2a: Zygarde
|-damage|p2a: Zygarde|45/100
|move|p2a: Zygarde|Thousand Arrows|p1a: Arceus
|-damage|p1a: Arceus|0 fnt
|faint|p1a: Arceus
|
|upkeep
|
|t:|1661271480
|switch|p1a: Yveltal|Yveltal|100/100
|-damage|p1a: Yveltal|76/100|[from] Stealth Rock
|-ability|p1a: Yveltal|Dark Aura
|turn|26
|
|t:|1661271482
|-start|p1a: Yveltal|Dynamax|
|-heal|p1a: Yveltal|76/100|[silent]
|move|p1a: Yveltal|Max Darkness|p2a: Zygarde
|-damage|p2a: Zygarde|0 fnt
|faint|p2a: Zygarde
|-damage|p1a: Yveltal|71/100|[from] item: Life Orb
|
|upkeep
|
|t:|1661271484
|switch|p2a: Chansey|Chansey, F|88/100
|-damage|p2a: Chansey|76/100|[from] Stealth Rock
|turn|27
|
|t:|1661271487
|move|p1a: Yveltal|Max Darkness|p2a: Chansey
|-damage|p2a: Chansey|43/100
|-unboost|p2a: Chansey|spd|1
|-damage|p1a: Yveltal|66/100|[from] item: Life Orb
|move|p2a: Chansey|Soft-Boiled|p2a: Chansey
|-heal|p2a: Chansey|93/100
|
|upkeep
|turn|28
|
|t:|1661271489
|move|p1a: Yveltal|Max Darkness|p2a: Chansey
|-damage|p2a: Chansey|43/100
|-unboost|p2a: Chansey|spd|1
|-damage|p1a: Yveltal|61/100|[from] item: Life Orb
|move|p2a: Chansey|Confide|p1a: Yveltal
|-unboost|p1a: Yveltal|spa|1
|
|upkeep
|-end|p1a: Yveltal|Dynamax
|-heal|p1a: Yveltal|61/100|[silent]
|turn|29
|
|t:|1661271493
|move|p1a: Yveltal|Focus Blast|p2a: Chansey|[miss]
|-miss|p1a: Yveltal|p2a: Chansey
|move|p2a: Chansey|Soft-Boiled|p2a: Chansey
|-heal|p2a: Chansey|93/100
|
|upkeep
|turn|30
|
|t:|1661271502
|move|p1a: Yveltal|Focus Blast|p2a: Chansey
|-supereffective|p2a: Chansey
|-damage|p2a: Chansey|55/100
|-unboost|p2a: Chansey|spd|1
|-damage|p1a: Yveltal|51/100|[from] item: Life Orb
|move|p2a: Chansey|Confide|p1a: Yveltal
|-unboost|p1a: Yveltal|spa|1
|
|upkeep
|turn|31
|
|t:|1661271514
|move|p1a: Yveltal|Dark Pulse|p2a: Chansey
|-damage|p2a: Chansey|30/100
|-damage|p1a: Yveltal|41/100|[from] item: Life Orb
|move|p2a: Chansey|Soft-Boiled|p2a: Chansey
|-heal|p2a: Chansey|80/100
|
|upkeep
|turn|32
|inactive|Takemitchy-kun has 270 seconds left.
|c|☆Takemitchy-kun|If yvetal doesn’t obtain aurasphere in gen9 then im boycotting the game
|
|t:|1661271556
|move|p1a: Yveltal|Focus Blast|p2a: Chansey
|-supereffective|p2a: Chansey
|-damage|p2a: Chansey|43/100
|-damage|p1a: Yveltal|31/100|[from] item: Life Orb
|move|p2a: Chansey|Confide|p1a: Yveltal
|-unboost|p1a: Yveltal|spa|1
|
|upkeep
|turn|33
|
|t:|1661271568
|move|p1a: Yveltal|Focus Blast|p2a: Chansey
|-supereffective|p2a: Chansey
|-damage|p2a: Chansey|13/100
|-damage|p1a: Yveltal|21/100|[from] item: Life Orb
|move|p2a: Chansey|Confide|p1a: Yveltal
|-unboost|p1a: Yveltal|spa|1
|
|upkeep
|turn|34
|
|t:|1661271573
|move|p1a: Yveltal|Focus Blast|p2a: Chansey
|-supereffective|p2a: Chansey
|-damage|p2a: Chansey|0 fnt
|faint|p2a: Chansey
|-damage|p1a: Yveltal|11/100|[from] item: Life Orb
|
|upkeep
|
|t:|1661271587
|switch|p2a: Arceus|Arceus-Dark|88/100
|-damage|p2a: Arceus|76/100|[from] Stealth Rock
|turn|35
|c|☆Takemitchy-kun|Time for flinch and crit :^)
|
|t:|1661271604
|move|p1a: Yveltal|Focus Blast|p2a: Arceus
|-supereffective|p2a: Arceus
|-damage|p2a: Arceus|55/100
|-unboost|p2a: Arceus|spd|1
|-damage|p1a: Yveltal|1/100|[from] item: Life Orb
|move|p2a: Arceus|Snarl|p1a: Yveltal
|-resisted|p1a: Yveltal
|-damage|p1a: Yveltal|0 fnt
|faint|p1a: Yveltal
|
|win|Glaliegoesboom
|c|☆Takemitchy-kun|Gg
|c|☆Takemitchy-kun|invite me
|c|☆Takemitchy-kun|to ur battle
