|j|☆EndlessEmptiness
|j|☆CLEAR GEM清瑜
|t:|1665834106
|gametype|singles
|player|p1|EndlessEmptiness|maid|1685
|player|p2|CLEAR GEM清瑜|skierf|1887
|teamsize|p1|6
|teamsize|p2|6
|gen|8
|tier|[Gen 8] National Dex AG
|rated|
|rule|HP Percentage Mod: HP is shown in percentages
|rule|Endless Battle Clause: Forcing endless battles is banned
|clearpoke
|poke|p1|Deoxys-Attack|
|poke|p1|Groudon|
|poke|p1|Yveltal|
|poke|p1|Xerneas-*|
|poke|p1|Marshadow|
|poke|p1|Zekrom|
|poke|p2|Rayquaza|
|poke|p2|Groudon|
|poke|p2|Necrozma-Dusk-Mane|
|poke|p2|Arceus-*|
|poke|p2|Zacian-*|
|poke|p2|Yveltal|
|teampreview
|inactive|Battle timer is ON: inactive players will automatically lose when time's up. (requested by EndlessEmptiness)
|
|t:|1665834117
|start
|switch|p1a: Deoxys|Deoxys-Attack|100/100
|switch|p2a: 老烈|Rayquaza, shiny|100/100
|-ability|p1a: Deoxys|Pressure
|-ability|p2a: 老烈|Air Lock
|turn|1
|
|t:|1665834122
|detailschange|p2a: 老烈|Rayquaza-Mega, shiny
|-mega|p2a: 老烈|Rayquaza|
|-weather|DeltaStream|[from] ability: Delta Stream|[of] p2a: 老烈
|move|p1a: Deoxys|Psycho Boost|p2a: 老烈
|-damage|p2a: 老烈|8/100
|-unboost|p1a: Deoxys|spa|2
|move|p2a: 老烈|Scale Shot|p1a: Deoxys
|-enditem|p1a: Deoxys|Focus Sash
|-damage|p1a: Deoxys|1/100
|-damage|p1a: Deoxys|0 fnt
|faint|p1a: Deoxys
|-hitcount|p1: Deoxys|2
|-unboost|p2a: 老烈|def|1
|-boost|p2a: 老烈|spe|1
|-damage|p2a: 老烈|0 fnt|[from] item: Life Orb
|faint|p2a: 老烈
|-weather|none
|
|upkeep
|l|☆CLEAR GEM清瑜
|inactive|CLEAR GEM清瑜 disconnected and has a minute to reconnect!
|player|p2|
|j|☆CLEAR GEM清瑜
|inactive|CLEAR GEM清瑜 reconnected and has 130 seconds left.
|player|p2|CLEAR GEM清瑜|skierf
|inactive|CLEAR GEM清瑜 has 120 seconds left.
|
|t:|1665834159
|switch|p1a: Yveltal|Yveltal|100/100
|switch|p2a: 不会(?)|Groudon|100/100
|-ability|p1a: Yveltal|Dark Aura
|detailschange|p2a: 不会(?)|Groudon-Primal
|-primal|p2a: 不会(?)
|-weather|DesolateLand|[from] ability: Desolate Land|[of] p2a: 不会(?)
|turn|2
|
|t:|1665834162
|-start|p1a: Yveltal|Dynamax|
|-heal|p1a: Yveltal|100/100|[silent]
|move|p1a: Yveltal|Max Airstream|p2a: 不会(?)
|-damage|p2a: 不会(?)|11/100
|-boost|p1a: Yveltal|spe|1
|-damage|p1a: Yveltal|96/100|[from] item: Life Orb
|move|p2a: 不会(?)|Thunder Wave|p1a: Yveltal
|-status|p1a: Yveltal|par
|
|-weather|DesolateLand|[upkeep]
|upkeep
|turn|3
|
|t:|1665834173
|move|p1a: Yveltal|Max Airstream|p2a: 不会(?)
|-damage|p2a: 不会(?)|0 fnt
|-boost|p1a: Yveltal|spe|1
|faint|p2a: 不会(?)
|-weather|none
|-damage|p1a: Yveltal|91/100 par|[from] item: Life Orb
|
|upkeep
|
|t:|1665834175
|switch|p2a: 嘉然小姐的狗|Zacian-Crowned|100/100
|-ability|p2a: 嘉然小姐的狗|Intrepid Sword|boost
|-boost|p2a: 嘉然小姐的狗|atk|1
|turn|4
|
|t:|1665834178
|-end|p1a: Yveltal|Dynamax
|-heal|p1a: Yveltal|91/100 par|[silent]
|switch|p1a: Groudon|Groudon|100/100
|detailschange|p1a: Groudon|Groudon-Primal
|-primal|p1a: Groudon
|-weather|DesolateLand|[from] ability: Desolate Land|[of] p1a: Groudon
|move|p2a: 嘉然小姐的狗|Behemoth Blade|p1a: Groudon
|-resisted|p1a: Groudon
|-damage|p1a: Groudon|75/100
|
|-weather|DesolateLand|[upkeep]
|upkeep
|turn|5
|
|t:|1665834187
|switch|p2a: 悬空羊驼|Arceus-Flying|100/100
|move|p1a: Groudon|Rock Polish|p1a: Groudon
|-boost|p1a: Groudon|spe|2
|
|-weather|DesolateLand|[upkeep]
|upkeep
|turn|6
|
|t:|1665834195
|-start|p2a: 悬空羊驼|Dynamax|
|-heal|p2a: 悬空羊驼|100/100|[silent]
|move|p1a: Groudon|Rock Tomb|p2a: 悬空羊驼
|-supereffective|p2a: 悬空羊驼
|-damage|p2a: 悬空羊驼|80/100
|-unboost|p2a: 悬空羊驼|spe|1
|move|p2a: 悬空羊驼|Max Airstream|p1a: Groudon
|-damage|p1a: Groudon|23/100
|-boost|p2a: 悬空羊驼|spe|1
|
|-weather|DesolateLand|[upkeep]
|upkeep
|turn|7
|
|t:|1665834200
|move|p1a: Groudon|Heat Crash||[still]
|-fail|p1a: Groudon|Dynamax
|move|p2a: 悬空羊驼|Max Quake|p1a: Groudon
|-supereffective|p1a: Groudon
|-damage|p1a: Groudon|0 fnt
|-boost|p2a: 悬空羊驼|spd|1
|faint|p1a: Groudon
|-weather|none
|
|upkeep
|
|t:|1665834205
|switch|p1a: Xerneas|Xerneas|100/100
|-ability|p1a: Xerneas|Fairy Aura
|turn|8
|
|t:|1665834207
|move|p2a: 悬空羊驼|Max Airstream|p1a: Xerneas
|-damage|p1a: Xerneas|28/100
|-boost|p2a: 悬空羊驼|spe|1
|move|p1a: Xerneas|Geomancy||[still]
|-prepare|p1a: Xerneas|Geomancy
|-enditem|p1a: Xerneas|Power Herb
|-anim|p1a: Xerneas|Geomancy|p1a: Xerneas
|-boost|p1a: Xerneas|spa|2
|-boost|p1a: Xerneas|spd|2
|-boost|p1a: Xerneas|spe|2
|
|upkeep
|-end|p2a: 悬空羊驼|Dynamax
|-heal|p2a: 悬空羊驼|80/100|[silent]
|turn|9
|
|t:|1665834212
|move|p1a: Xerneas|Thunderbolt|p2a: 悬空羊驼
|-supereffective|p2a: 悬空羊驼
|-damage|p2a: 悬空羊驼|14/100
|move|p2a: 悬空羊驼|Fly||[still]
|-prepare|p2a: 悬空羊驼|Fly
|
|upkeep
|turn|10
|
|t:|1665834215
|move|p1a: Xerneas|Thunderbolt|p2a: 悬空羊驼|[miss]
|-miss|p1a: Xerneas|p2a: 悬空羊驼
|move|p2a: 悬空羊驼|Fly|p1a: Xerneas|[from]lockedmove
|-damage|p1a: Xerneas|0 fnt
|faint|p1a: Xerneas
|
|upkeep
|
|t:|1665834218
|switch|p1a: Marshadow|Marshadow|100/100
|turn|11
|
|t:|1665834220
|move|p2a: 悬空羊驼|Fly||[still]
|-prepare|p2a: 悬空羊驼|Fly
|move|p1a: Marshadow|Spectral Thief|p2a: 悬空羊驼|[miss]
|-miss|p1a: Marshadow|p2a: 悬空羊驼
|
|upkeep
|turn|12
|
|t:|1665834225
|move|p2a: 悬空羊驼|Fly|p1a: Marshadow|[from]lockedmove
|-supereffective|p1a: Marshadow
|-enditem|p1a: Marshadow|Focus Sash
|-damage|p1a: Marshadow|1/100
|move|p1a: Marshadow|Spectral Thief||[still]
|-clearpositiveboost|p2a: 悬空羊驼|p1a: Marshadow|move: Spectral Thief
|-boost|p1a: Marshadow|spd|1
|-boost|p1a: Marshadow|spe|1
|-anim|p1a: Marshadow|Spectral Thief|p2a: 悬空羊驼
|-damage|p2a: 悬空羊驼|0 fnt
|faint|p2a: 悬空羊驼
|
|upkeep
|
|t:|1665834229
|switch|p2a: Y鸟|Yveltal|100/100
|-ability|p2a: Y鸟|Dark Aura
|turn|13
|
|t:|1665834234
|move|p1a: Marshadow|Endeavor|p2a: Y鸟
|-damage|p2a: Y鸟|1/100
|move|p2a: Y鸟|Dark Pulse|p1a: Marshadow
|-damage|p1a: Marshadow|0 fnt
|faint|p1a: Marshadow
|-damage|p2a: Y鸟|0 fnt|[from] item: Life Orb
|faint|p2a: Y鸟
|
|upkeep
|
|t:|1665834240
|switch|p1a: Zekrom|Zekrom|100/100
|switch|p2a: 嘉然小姐的狗|Zacian-Crowned|100/100
|-ability|p2a: 嘉然小姐的狗|Intrepid Sword|boost
|-boost|p2a: 嘉然小姐的狗|atk|1
|-ability|p1a: Zekrom|Teravolt
|turn|14
|
|t:|1665834244
|move|p2a: 嘉然小姐的狗|Behemoth Blade|p1a: Zekrom
|-resisted|p1a: Zekrom
|-damage|p1a: Zekrom|69/100
|move|p1a: Zekrom|Bolt Strike|p2a: 嘉然小姐的狗
|-damage|p2a: 嘉然小姐的狗|53/100
|
|-heal|p1a: Zekrom|75/100|[from] item: Leftovers
|upkeep
|turn|15
|
|t:|1665834256
|move|p2a: 嘉然小姐的狗|Close Combat|p1a: Zekrom
|-damage|p1a: Zekrom|19/100
|-unboost|p2a: 嘉然小姐的狗|def|1
|-unboost|p2a: 嘉然小姐的狗|spd|1
|move|p1a: Zekrom|Bolt Strike|p2a: 嘉然小姐的狗
|-damage|p2a: 嘉然小姐的狗|0 fnt
|faint|p2a: 嘉然小姐的狗
|
|-heal|p1a: Zekrom|25/100|[from] item: Leftovers
|upkeep
|
|t:|1665834259
|switch|p2a: 钢铁之躯|Necrozma-Dusk-Mane|100/100
|turn|16
|
|t:|1665834264
|detailschange|p2a: 钢铁之躯|Necrozma-Ultra
|-burst|p2a: 钢铁之躯|Necrozma|Ultranecrozium Z
|move|p2a: 钢铁之躯|Dragon Dance|p2a: 钢铁之躯
|-boost|p2a: 钢铁之躯|atk|1
|-boost|p2a: 钢铁之躯|spe|1
|move|p1a: Zekrom|Dragon Dance|p1a: Zekrom
|-boost|p1a: Zekrom|atk|1
|-boost|p1a: Zekrom|spe|1
|
|-heal|p1a: Zekrom|31/100|[from] item: Leftovers
|upkeep
|turn|17
|
|t:|1665834266
|move|p2a: 钢铁之躯|Earthquake|p1a: Zekrom
|-supereffective|p1a: Zekrom
|-damage|p1a: Zekrom|0 fnt
|faint|p1a: Zekrom
|
|upkeep
|
|t:|1665834268
|switch|p1a: Yveltal|Yveltal|91/100 par
|-ability|p1a: Yveltal|Dark Aura
|turn|18
|
|t:|1665834280
|move|p2a: 钢铁之躯|Stone Edge|p1a: Yveltal
|-supereffective|p1a: Yveltal
|-crit|p1a: Yveltal
|-damage|p1a: Yveltal|0 fnt
|faint|p1a: Yveltal
|
|win|CLEAR GEM清瑜
|raw|EndlessEmptiness's rating: 1685 &rarr; <strong>1675</strong><br />(-10 for losing)
|raw|CLEAR GEM清瑜's rating: 1887 &rarr; <strong>1897</strong><br />(+10 for winning)
|l|☆EndlessEmptiness
