|j|☆Matsui_Miyako
|j|☆Vrell
|t:|1644431810
|gametype|singles
|player|p1|Matsui_Miyako|palmer|1409
|player|p2|Vrell|tate|1411
|teamsize|p1|6
|teamsize|p2|6
|gen|8
|tier|[Gen 8] National Dex AG
|rated|
|rule|HP Percentage Mod: HP is shown in percentages
|rule|Endless Battle Clause: Forcing endless battles is banned
|clearpoke
|poke|p1|Deoxys-Speed|
|poke|p1|Deoxys-Speed|
|poke|p1|Eternatus|
|poke|p1|Xerneas-*|
|poke|p1|Necrozma-Dusk-Mane|
|poke|p1|Rayquaza|
|poke|p2|Hatterene, F|
|poke|p2|Regieleki|
|poke|p2|Cloyster, M|
|poke|p2|Salamence, M|
|poke|p2|Dugtrio, F|
|poke|p2|Ditto|
|teampreview
|
|t:|1644431814
|start
|switch|p1a: Rayquaza|Rayquaza|100/100
|switch|p2a: Among Us|Ditto|100/100
|-ability|p1a: Rayquaza|Air Lock
|-transform|p2a: Among Us|p1a: Rayquaza|[from] ability: Imposter
|turn|1
|
|t:|1644431832
|detailschange|p1a: Rayquaza|Rayquaza-Mega
|-mega|p1a: Rayquaza|Rayquaza|
|-weather|DeltaStream|[from] ability: Delta Stream|[of] p1a: Rayquaza
|move|p2a: Among Us|Dragon Ascent|p1a: Rayquaza
|-damage|p1a: Rayquaza|24/100
|-unboost|p2a: Among Us|def|1
|-unboost|p2a: Among Us|spd|1
|move|p1a: Rayquaza|Dragon Dance|p1a: Rayquaza
|-boost|p1a: Rayquaza|atk|1
|-boost|p1a: Rayquaza|spe|1
|
|-weather|DeltaStream|[upkeep]
|upkeep
|turn|2
|
|t:|1644431843
|switch|p2a: Dugtrio|Dugtrio, F|100/100
|move|p1a: Rayquaza|Dragon Ascent|p2a: Dugtrio
|-damage|p2a: Dugtrio|0 fnt
|-unboost|p1a: Rayquaza|def|1
|-unboost|p1a: Rayquaza|spd|1
|faint|p2a: Dugtrio
|
|-weather|DeltaStream|[upkeep]
|upkeep
|
|t:|1644431856
|switch|p2a: Mike Pence|Regieleki, shiny|100/100
|turn|3
|inactive|Battle timer is ON: inactive players will automatically lose when time's up. (requested by Matsui_Miyako)
|
|t:|1644431862
|move|p2a: Mike Pence|Thunderbolt|p1a: Rayquaza
|-activate||deltastream
|-resisted|p1a: Rayquaza
|-damage|p1a: Rayquaza|0 fnt
|faint|p1a: Rayquaza
|-weather|none
|
|upkeep
|
|t:|1644431869
|switch|p1a: Xerneas|Xerneas|100/100
|-ability|p1a: Xerneas|Fairy Aura
|turn|4
|
|t:|1644431873
|move|p2a: Mike Pence|Thunder Cage|p1a: Xerneas
|-damage|p1a: Xerneas|44/100
|-activate|p1a: Xerneas|move: Thunder Cage|[of] p2a: Mike Pence
|move|p1a: Xerneas|Geomancy||[still]
|-prepare|p1a: Xerneas|Geomancy
|-enditem|p1a: Xerneas|Power Herb
|-anim|p1a: Xerneas|Geomancy|p1a: Xerneas
|-boost|p1a: Xerneas|spa|2
|-boost|p1a: Xerneas|spd|2
|-boost|p1a: Xerneas|spe|2
|
|-damage|p1a: Xerneas|31/100|[from] move: Thunder Cage|[partiallytrapped]
|upkeep
|turn|5
|
|t:|1644431888
|-start|p1a: Xerneas|Dynamax
|-heal|p1a: Xerneas|31/100|[silent]
|move|p2a: Mike Pence|Protect|p2a: Mike Pence
|-singleturn|p2a: Mike Pence|Protect
|move|p1a: Xerneas|Max Starfall|p2a: Mike Pence
|-zbroken|p2a: Mike Pence
|-damage|p2a: Mike Pence|11/100
|-fieldstart|move: Misty Terrain
|
|-damage|p1a: Xerneas|25/100|[from] move: Thunder Cage|[partiallytrapped]
|upkeep
|turn|6
|
|t:|1644431898
|move|p1a: Xerneas|Max Starfall|p2a: Mike Pence
|-damage|p2a: Mike Pence|0 fnt
|faint|p2a: Mike Pence
|
|-end|p1a: Xerneas|Thunder Cage|[partiallytrapped]|[silent]
|upkeep
|
|t:|1644431904
|switch|p2a: Among Us|Ditto|100/100
|-transform|p2a: Among Us|p1a: Xerneas|[from] ability: Imposter
|-ability|p2a: Among Us|Fairy Aura
|turn|7
|
|t:|1644431911
|move|p2a: Among Us|Moonblast|p1a: Xerneas
|-damage|p1a: Xerneas|0 fnt
|faint|p1a: Xerneas
|
|upkeep
|
|t:|1644431917
|switch|p1a: Deoxys|Deoxys-Speed|100/100
|-ability|p1a: Deoxys|Pressure
|turn|8
|
|t:|1644431922
|switch|p2a: Hatterene|Hatterene, F|100/100
|move|p1a: Deoxys|Spikes|p2a: Hatterene
|move|p2a: Hatterene|Spikes|p1a: Deoxys|[from]ability: Magic Bounce
|-sidestart|p1: Matsui_Miyako|Spikes
|
|upkeep
|turn|9
|
|t:|1644431932
|move|p1a: Deoxys|Taunt|p2a: Hatterene
|move|p2a: Hatterene|Taunt|p1a: Deoxys|[from]ability: Magic Bounce
|-start|p1a: Deoxys|move: Taunt
|move|p2a: Hatterene|Trick Room|p2a: Hatterene
|-fieldstart|move: Trick Room|[of] p2a: Hatterene
|
|-fieldend|Misty Terrain
|upkeep
|turn|10
|
|t:|1644431940
|move|p2a: Hatterene|Psychic|p1a: Deoxys
|-resisted|p1a: Deoxys
|-damage|p1a: Deoxys|68/100
|-unboost|p1a: Deoxys|spd|1
|-activate|p1a: Deoxys|move: Struggle
|move|p1a: Deoxys|Struggle|p2a: Hatterene
|-damage|p2a: Hatterene|90/100
|-damage|p1a: Deoxys|43/100|[from] recoil
|
|-heal|p2a: Hatterene|96/100|[from] item: Leftovers
|upkeep
|turn|11
|
|t:|1644431950
|move|p2a: Hatterene|Dazzling Gleam|p1a: Deoxys
|-damage|p1a: Deoxys|0 fnt
|faint|p1a: Deoxys
|
|-heal|p2a: Hatterene|100/100|[from] item: Leftovers
|upkeep
|
|t:|1644431965
|switch|p1a: Deoxys|Deoxys-Speed|100/100
|-damage|p1a: Deoxys|88/100|[from] Spikes
|-ability|p1a: Deoxys|Pressure
|turn|12
|
|t:|1644431974
|move|p1a: Deoxys|Magic Coat|p1a: Deoxys
|-singleturn|p1a: Deoxys|move: Magic Coat
|move|p2a: Hatterene|Dazzling Gleam|p1a: Deoxys
|-damage|p1a: Deoxys|9/100
|
|upkeep
|turn|13
|
|t:|1644431981
|move|p2a: Hatterene|Dazzling Gleam|p1a: Deoxys
|-damage|p1a: Deoxys|0 fnt
|faint|p1a: Deoxys
|
|-fieldend|move: Trick Room
|upkeep
|
|t:|1644431986
|switch|p1a: Eternatus|Eternatus|100/100
|-damage|p1a: Eternatus|88/100|[from] Spikes
|-ability|p1a: Eternatus|Pressure
|turn|14
|
|t:|1644431992
|move|p1a: Eternatus|Sludge Wave|p2a: Hatterene
|-supereffective|p2a: Hatterene
|-damage|p2a: Hatterene|0 fnt
|faint|p2a: Hatterene
|
|upkeep
|
|t:|1644432008
|switch|p2a: Brave Mujahideen|Cloyster, M, shiny|100/100
|turn|15
|
|t:|1644432017
|move|p1a: Eternatus|Flamethrower|p2a: Brave Mujahideen
|-damage|p2a: Brave Mujahideen|10/100
|move|p2a: Brave Mujahideen|Shell Smash|p2a: Brave Mujahideen
|-unboost|p2a: Brave Mujahideen|def|1
|-unboost|p2a: Brave Mujahideen|spd|1
|-boost|p2a: Brave Mujahideen|atk|2
|-boost|p2a: Brave Mujahideen|spa|2
|-boost|p2a: Brave Mujahideen|spe|2
|
|upkeep
|turn|16
|
|t:|1644432031
|move|p2a: Brave Mujahideen|Icicle Spear|p1a: Eternatus
|-supereffective|p1a: Eternatus
|-damage|p1a: Eternatus|53/100
|-enditem|p1a: Eternatus|Weakness Policy
|-boost|p1a: Eternatus|atk|2|[from] item: Weakness Policy
|-boost|p1a: Eternatus|spa|2|[from] item: Weakness Policy
|-supereffective|p1a: Eternatus
|-damage|p1a: Eternatus|16/100
|-supereffective|p1a: Eternatus
|-damage|p1a: Eternatus|0 fnt
|faint|p1a: Eternatus
|-hitcount|p1: Eternatus|3
|
|upkeep
|
|t:|1644432040
|switch|p1a: Necrozma|Necrozma-Dusk-Mane|100/100
|-damage|p1a: Necrozma|88/100|[from] Spikes
|turn|17
|
|t:|1644432061
|move|p2a: Brave Mujahideen|Explosion|p1a: Necrozma
|-resisted|p1a: Necrozma
|-damage|p1a: Necrozma|21/100
|faint|p2a: Brave Mujahideen
|move|p1a: Necrozma|Photon Geyser|p2: Brave Mujahideen|[notarget]
|-fail|p1a: Necrozma
|
|upkeep
|
|t:|1644432068
|switch|p2a: Among Us|Ditto|100/100
|-transform|p2a: Among Us|p1a: Necrozma|[from] ability: Imposter
|turn|18
|c|☆Vrell|gg
|
|t:|1644432079
|detailschange|p1a: Necrozma|Necrozma-Ultra
|-burst|p1a: Necrozma|Necrozma|Ultranecrozium Z
|move|p2a: Among Us|Earthquake|p1a: Necrozma
|-damage|p1a: Necrozma|0 fnt
|faint|p1a: Necrozma
|
|win|Vrell
|raw|Matsui_Miyako's rating: 1409 &rarr; <strong>1389</strong><br />(-20 for losing)
|raw|Vrell's rating: 1411 &rarr; <strong>1431</strong><br />(+20 for winning)
