|j|☆MRH1106
|j|☆Nobodi_Nowan
|t:|1665089590
|gametype|singles
|player|p1|MRH1106|red|1806
|player|p2|Nobodi_Nowan|akari|1962
|teamsize|p1|6
|teamsize|p2|6
|gen|8
|tier|[Gen 8] National Dex AG
|rated|
|rule|HP Percentage Mod: HP is shown in percentages
|rule|Endless Battle Clause: Forcing endless battles is banned
|clearpoke
|poke|p1|Zacian-*|
|poke|p1|Calyrex-Shadow|
|poke|p1|Rayquaza|
|poke|p1|Ditto|
|poke|p1|Yveltal|
|poke|p1|Arceus-*|
|poke|p2|Forretress, F|
|poke|p2|Arceus-*|
|poke|p2|Kyogre|
|poke|p2|Calyrex-Shadow|
|poke|p2|Zacian-*|
|poke|p2|Rayquaza|
|teampreview
|inactive|Battle timer is ON: inactive players will automatically lose when time's up. (requested by MRH1106)
|c|☆Nobodi_Nowan|glhf
|inactive|MRH1106 has 120 seconds left.
|c|☆MRH1106|gg
|
|t:|1665089636
|start
|switch|p1a: Legit god|Arceus-Ground|100/100
|switch|p2a: Kyogre|Kyogre|100/100
|detailschange|p2a: Kyogre|Kyogre-Primal
|-primal|p2a: Kyogre
|-weather|PrimordialSea|[from] ability: Primordial Sea|[of] p2a: Kyogre
|turn|1
|c|☆MRH1106|gl-
|inactive|MRH1106 has 120 seconds left.
|
|t:|1665089669
|switch|p1a: Knifepuppy|Zacian-Crowned|100/100
|-ability|p1a: Knifepuppy|Intrepid Sword|boost
|-boost|p1a: Knifepuppy|atk|1
|move|p2a: Kyogre|Water Spout|p1a: Knifepuppy
|-damage|p1a: Knifepuppy|0 fnt
|faint|p1a: Knifepuppy
|
|-weather|PrimordialSea|[upkeep]
|upkeep
|
|t:|1665089671
|switch|p1a: Rayyyy|Rayquaza|100/100
|-ability|p1a: Rayyyy|Air Lock
|turn|2
|
|t:|1665089680
|detailschange|p1a: Rayyyy|Rayquaza-Mega
|-mega|p1a: Rayyyy|Rayquaza|
|-weather|DeltaStream|[from] ability: Delta Stream|[of] p1a: Rayyyy
|move|p1a: Rayyyy|Dragon Ascent|p2a: Kyogre
|-damage|p2a: Kyogre|0 fnt
|-unboost|p1a: Rayyyy|def|1
|-unboost|p1a: Rayyyy|spd|1
|faint|p2a: Kyogre
|-damage|p1a: Rayyyy|91/100|[from] item: Life Orb
|
|-weather|DeltaStream|[upkeep]
|upkeep
|
|t:|1665089690
|switch|p2a: Zacian|Zacian-Crowned, shiny|100/100
|-ability|p2a: Zacian|Intrepid Sword|boost
|-boost|p2a: Zacian|atk|1
|turn|3
|
|t:|1665089710
|-weather|none
|switch|p1a: YeeHaw~|Calyrex-Shadow|100/100
|-ability|p1a: YeeHaw~|As One
|-ability|p1a: YeeHaw~|Unnerve
|move|p2a: Zacian|Behemoth Blade|p1a: YeeHaw~
|-enditem|p1a: YeeHaw~|Focus Sash
|-damage|p1a: YeeHaw~|1/100
|
|upkeep
|turn|4
|
|t:|1665089727
|switch|p2a: Arceus|Arceus|100/100
|move|p1a: YeeHaw~|Nasty Plot|p1a: YeeHaw~
|-boost|p1a: YeeHaw~|spa|2
|
|upkeep
|turn|5
|
|t:|1665089733
|move|p1a: YeeHaw~|Baton Pass|p1a: YeeHaw~
|
|t:|1665089734
|switch|p1a: Hells dragon|Yveltal, shiny|100/100|[from]move: Baton Pass
|-ability|p1a: Hells dragon|Dark Aura
|move|p2a: Arceus|Swords Dance|p2a: Arceus
|-boost|p2a: Arceus|atk|2
|
|upkeep
|turn|6
|
|t:|1665089741
|-start|p1a: Hells dragon|Dynamax|
|-heal|p1a: Hells dragon|100/100|[silent]
|-start|p2a: Arceus|Dynamax|
|-heal|p2a: Arceus|100/100|[silent]
|move|p2a: Arceus|Max Guard|p2a: Arceus
|-singleturn|p2a: Arceus|Max Guard
|move|p1a: Hells dragon|Max Airstream|p2a: Arceus
|-activate|p2a: Arceus|move: Max Guard
|
|upkeep
|turn|7
|
|t:|1665089750
|move|p1a: Hells dragon|Max Guard|p1a: Hells dragon
|-singleturn|p1a: Hells dragon|Max Guard
|move|p2a: Arceus|Max Strike|p1a: Hells dragon
|-activate|p1a: Hells dragon|move: Max Guard
|
|upkeep
|turn|8
|
|t:|1665089755
|move|p1a: Hells dragon|Max Airstream|p2a: Arceus
|-damage|p2a: Arceus|45/100
|-boost|p1a: Hells dragon|spe|1
|-damage|p1a: Hells dragon|96/100|[from] item: Life Orb
|move|p2a: Arceus|Max Strike|p1a: Hells dragon
|-damage|p1a: Hells dragon|25/100
|-unboost|p1a: Hells dragon|spe|1
|
|upkeep
|-end|p1a: Hells dragon|Dynamax
|-heal|p1a: Hells dragon|25/100|[silent]
|-end|p2a: Arceus|Dynamax
|-heal|p2a: Arceus|45/100|[silent]
|turn|9
|
|t:|1665089772
|move|p2a: Arceus|Extreme Speed|p1a: Hells dragon
|-damage|p1a: Hells dragon|0 fnt
|faint|p1a: Hells dragon
|
|upkeep
|
|t:|1665089783
|switch|p1a: Rayyyy|Rayquaza-Mega|91/100
|-weather|DeltaStream|[from] ability: Delta Stream|[of] p1a: Rayyyy
|turn|10
|
|t:|1665089792
|move|p1a: Rayyyy|Extreme Speed|p2a: Arceus
|-damage|p2a: Arceus|12/100
|-damage|p1a: Rayyyy|81/100|[from] item: Life Orb
|move|p2a: Arceus|Extreme Speed|p1a: Rayyyy
|-damage|p1a: Rayyyy|0 fnt
|faint|p1a: Rayyyy
|-weather|none
|
|upkeep
|
|t:|1665089797
|switch|p1a: YeeHaw~|Calyrex-Shadow|1/100
|-ability|p1a: YeeHaw~|As One
|-ability|p1a: YeeHaw~|Unnerve
|turn|11
|
|t:|1665089804
|switch|p2a: Calyrex|Calyrex-Shadow|100/100
|-ability|p2a: Calyrex|As One
|-ability|p2a: Calyrex|Unnerve
|move|p1a: YeeHaw~|Draining Kiss|p2a: Calyrex
|-damage|p2a: Calyrex|78/100
|-heal|p1a: YeeHaw~|18/100|[from] drain|[of] p2a: Calyrex
|
|upkeep
|turn|12
|
|t:|1665089815
|move|p2a: Calyrex|Psyshock|p1a: YeeHaw~
|-resisted|p1a: YeeHaw~
|-damage|p1a: YeeHaw~|0 fnt
|faint|p1a: YeeHaw~
|-ability|p2a: Calyrex|Grim Neigh|boost
|-boost|p2a: Calyrex|spa|1
|
|upkeep
|
|t:|1665089818
|switch|p1a: Fuck you <3|Ditto, shiny|100/100
|-transform|p1a: Fuck you <3|p2a: Calyrex|[from] ability: Imposter
|turn|13
|
|t:|1665089842
|switch|p2a: Rayquaza|Rayquaza|100/100
|-ability|p2a: Rayquaza|Air Lock
|move|p1a: Fuck you <3|Psyshock|p2a: Rayquaza
|-damage|p2a: Rayquaza|23/100
|
|upkeep
|turn|14
|-enditem|p2a: Rayquaza|Custap Berry|[eat]
|-activate|p2a: Rayquaza|item: Custap Berry|[consumed]
|
|t:|1665089849
|detailschange|p2a: Rayquaza|Rayquaza-Mega
|-mega|p2a: Rayquaza|Rayquaza|
|-weather|DeltaStream|[from] ability: Delta Stream|[of] p2a: Rayquaza
|move|p2a: Rayquaza|Dragon Ascent|p1a: Fuck you <3
|-damage|p1a: Fuck you <3|0 fnt
|-unboost|p2a: Rayquaza|def|1
|-unboost|p2a: Rayquaza|spd|1
|faint|p1a: Fuck you <3
|
|-weather|DeltaStream|[upkeep]
|upkeep
|
|t:|1665089852
|switch|p1a: Legit god|Arceus-Ground|100/100
|turn|15
|c|☆MRH1106|bro what is that
|c|☆MRH1106|custap quaza is crazy LAMo
|c|☆MRH1106|LMAO-
|c|☆Nobodi_Nowan|yeah
|c|☆Nobodi_Nowan|reaaly underrated
|
|t:|1665089877
|move|p2a: Rayquaza|Endure|p2a: Rayquaza
|-singleturn|p2a: Rayquaza|move: Endure
|move|p1a: Legit god|Ice Beam|p2a: Rayquaza
|-activate||deltastream
|-supereffective|p2a: Rayquaza
|-activate|p2a: Rayquaza|move: Endure
|-damage|p2a: Rayquaza|1/100
|
|-weather|DeltaStream|[upkeep]
|upkeep
|turn|16
|
|t:|1665089885
|move|p1a: Legit god|Ice Beam|p2a: Rayquaza
|-activate||deltastream
|-supereffective|p2a: Rayquaza
|-damage|p2a: Rayquaza|0 fnt
|faint|p2a: Rayquaza
|-weather|none
|
|upkeep
|
|t:|1665089892
|switch|p2a: Arceus|Arceus|12/100
|turn|17
|c|☆MRH1106|nobody expects the fast groundceus
|
|t:|1665089897
|move|p1a: Legit god|Judgment|p2a: Arceus
|-damage|p2a: Arceus|0 fnt
|faint|p2a: Arceus
|
|upkeep
|
|t:|1665089904
|switch|p2a: Zacian|Zacian-Crowned, shiny|100/100
|-ability|p2a: Zacian|Intrepid Sword|boost
|-boost|p2a: Zacian|atk|1
|turn|18
|c|☆Nobodi_Nowan|the problem is that u sacrifise bulk
|
|t:|1665089934
|move|p2a: Zacian|Behemoth Blade|p1a: Legit god
|-damage|p1a: Legit god|42/100
|move|p1a: Legit god|Judgment|p2a: Zacian
|-supereffective|p2a: Zacian
|-damage|p2a: Zacian|10/100
|
|upkeep
|turn|19
|c|☆MRH1106|ggs
|
|t:|1665089940
|move|p2a: Zacian|Behemoth Blade|p1a: Legit god
|-damage|p1a: Legit god|0 fnt
|faint|p1a: Legit god
|
|win|Nobodi_Nowan
|raw|MRH1106's rating: 1775 &rarr; <strong>1765</strong><br />(-10 for losing)
|raw|Nobodi_Nowan's rating: 1962 &rarr; <strong>1972</strong><br />(+10 for winning)
|c|☆Nobodi_Nowan|ggs
|l|☆Nobodi_Nowan
|l|☆MRH1106
||Ladder isn't responding, score probably updated but might not have (Request timeout).
