|j|☆Sotheus
|j|☆MVP2536
|t:|1663347051
|gametype|singles
|player|p1|Sotheus|siebold|1534
|player|p2|MVP2536|giovanni|1786
|teamsize|p1|6
|teamsize|p2|6
|gen|8
|tier|[Gen 8] National Dex AG
|rated|
|rule|HP Percentage Mod: HP is shown in percentages
|rule|Endless Battle Clause: Forcing endless battles is banned
|clearpoke
|poke|p1|Zygarde|
|poke|p1|Ferrothorn, F|
|poke|p1|Necrozma-Dusk-Mane|
|poke|p1|Arceus-*|
|poke|p1|Ho-Oh|
|poke|p1|Yveltal|
|poke|p2|Groudon|
|poke|p2|Aegislash, M|
|poke|p2|Rotom-Wash|
|poke|p2|Scrafty, M|
|poke|p2|Whimsicott, F|
|poke|p2|Ditto|
|teampreview
|c|☆Sotheus|glhf
|
|t:|1663347057
|start
|switch|p1a: Integral|Ferrothorn, F|100/100
|switch|p2a: Ditto|Ditto|100/100
|-transform|p2a: Ditto|p1a: Integral|[from] ability: Imposter
|turn|1
|c|☆MVP2536|hf
|
|t:|1663347072
|switch|p2a: garbage|Groudon|100/100
|detailschange|p2a: garbage|Groudon-Primal
|-primal|p2a: garbage
|-weather|DesolateLand|[from] ability: Desolate Land|[of] p2a: garbage
|move|p1a: Integral|Spikes|p2a: garbage
|-sidestart|p2: MVP2536|Spikes
|
|-weather|DesolateLand|[upkeep]
|upkeep
|turn|2
|
|t:|1663347089
|switch|p1a: Point of Origin|Arceus-Water|100/100
|move|p2a: garbage|Heat Crash|p1a: Point of Origin
|-resisted|p1a: Point of Origin
|-damage|p1a: Point of Origin|82/100
|
|-weather|DesolateLand|[upkeep]
|upkeep
|turn|3
|
|t:|1663347093
|move|p1a: Point of Origin|Toxic|p2a: garbage
|-status|p2a: garbage|tox
|move|p2a: garbage|Precipice Blades|p1a: Point of Origin|[miss]
|-miss|p2a: garbage|p1a: Point of Origin
|
|-weather|DesolateLand|[upkeep]
|-damage|p2a: garbage|94/100 tox|[from] psn
|upkeep
|turn|4
|
|t:|1663347101
|move|p1a: Point of Origin|Judgment||[still]
|-fail|p1a: Point of Origin|Judgment|[from] Desolate Land
|move|p2a: garbage|Heat Crash|p1a: Point of Origin
|-resisted|p1a: Point of Origin
|-damage|p1a: Point of Origin|65/100
|
|-weather|DesolateLand|[upkeep]
|-damage|p2a: garbage|82/100 tox|[from] psn
|upkeep
|turn|5
|
|t:|1663347104
|move|p1a: Point of Origin|Recover|p1a: Point of Origin
|-heal|p1a: Point of Origin|100/100
|move|p2a: garbage|Rest|p2a: garbage
|-status|p2a: garbage|slp|[from] move: Rest
|-heal|p2a: garbage|100/100 slp|[silent]
|
|-weather|DesolateLand|[upkeep]
|upkeep
|turn|6
|
|t:|1663347120
|switch|p1a: Fractal|Zygarde|100/100
|cant|p2a: garbage|slp
|move|p2a: garbage|Sleep Talk|p2a: garbage
|move|p2a: garbage|Heat Crash|p1a: Fractal|[from]move: Sleep Talk
|-resisted|p1a: Fractal
|-damage|p1a: Fractal|75/100
|
|-weather|DesolateLand|[upkeep]
|-heal|p1a: Fractal|81/100|[from] item: Leftovers
|upkeep
|turn|7
|
|t:|1663347126
|-weather|none
|switch|p2a: Whimsicott|Whimsicott, F|100/100
|move|p1a: Fractal|Dragon Tail|p2a: Whimsicott
|-immune|p2a: Whimsicott
|
|-heal|p1a: Fractal|87/100|[from] item: Leftovers
|upkeep
|turn|8
|
|t:|1663347138
|switch|p1a: Integral|Ferrothorn, F|100/100
|move|p2a: Whimsicott|Taunt|p1a: Integral
|-start|p1a: Integral|move: Taunt
|
|upkeep
|turn|9
|
|t:|1663347152
|switch|p2a: garbage|Groudon-Primal|100/100 slp
|-damage|p2a: garbage|88/100 slp|[from] Spikes
|-weather|DesolateLand|[from] ability: Desolate Land|[of] p2a: garbage
|move|p1a: Integral|Knock Off|p2a: garbage
|-damage|p2a: garbage|80/100 slp
|
|-weather|DesolateLand|[upkeep]
|upkeep
|turn|10
|
|t:|1663347165
|switch|p1a: Constant|Ho-Oh, shiny|100/100
|cant|p2a: garbage|slp
|move|p2a: garbage|Sleep Talk|p2a: garbage
|move|p2a: garbage|Heat Crash|p1a: Constant|[from]move: Sleep Talk
|-resisted|p1a: Constant
|-damage|p1a: Constant|62/100
|
|-weather|DesolateLand|[upkeep]
|upkeep
|turn|11
|
|t:|1663347178
|-curestatus|p2a: garbage|slp|[msg]
|move|p2a: garbage|Precipice Blades|p1a: Constant
|-immune|p1a: Constant
|move|p1a: Constant|Sacred Fire|p2a: garbage
|-resisted|p2a: garbage
|-damage|p2a: garbage|62/100
|
|-weather|DesolateLand|[upkeep]
|upkeep
|turn|12
|
|t:|1663347186
|move|p2a: garbage|Heat Crash|p1a: Constant
|-resisted|p1a: Constant
|-damage|p1a: Constant|26/100
|move|p1a: Constant|Sacred Fire|p2a: garbage
|-resisted|p2a: garbage
|-damage|p2a: garbage|45/100
|
|-weather|DesolateLand|[upkeep]
|upkeep
|turn|13
|
|t:|1663347197
|switch|p1a: Point of Origin|Arceus-Water|100/100
|move|p2a: garbage|Heat Crash|p1a: Point of Origin
|-resisted|p1a: Point of Origin
|-damage|p1a: Point of Origin|82/100
|
|-weather|DesolateLand|[upkeep]
|upkeep
|turn|14
|
|t:|1663347201
|move|p1a: Point of Origin|Toxic|p2a: garbage|[miss]
|-miss|p1a: Point of Origin|p2a: garbage
|move|p2a: garbage|Rest|p2a: garbage
|-status|p2a: garbage|slp|[from] move: Rest
|-heal|p2a: garbage|100/100 slp|[silent]
|
|-weather|DesolateLand|[upkeep]
|upkeep
|turn|15
|
|t:|1663347207
|switch|p1a: Constant|Ho-Oh, shiny|59/100
|cant|p2a: garbage|slp
|move|p2a: garbage|Sleep Talk|p2a: garbage
|move|p2a: garbage|Heat Crash|p1a: Constant|[from]move: Sleep Talk
|-resisted|p1a: Constant
|-damage|p1a: Constant|22/100
|
|-weather|DesolateLand|[upkeep]
|upkeep
|turn|16
|
|t:|1663347213
|cant|p2a: garbage|slp
|move|p2a: garbage|Sleep Talk|p2a: garbage
|move|p2a: garbage|Precipice Blades|p1a: Constant|[from]move: Sleep Talk
|-immune|p1a: Constant
|move|p1a: Constant|Whirlwind|p2a: garbage
|-weather|none
|drag|p2a: Ditto|Ditto|100/100
|-damage|p2a: Ditto|88/100|[from] Spikes
|-transform|p2a: Ditto|p1a: Constant|[from] ability: Imposter
|
|upkeep
|turn|17
|
|t:|1663347223
|switch|p1a: Vertex|Necrozma-Dusk-Mane|100/100
|move|p2a: Ditto|Sacred Fire|p1a: Vertex
|-supereffective|p1a: Vertex
|-damage|p1a: Vertex|67/100
|
|upkeep
|turn|18
|j| Apprenti Buck
|
|t:|1663347234
|switch|p1a: Point of Origin|Arceus-Water|82/100
|move|p2a: Ditto|Sacred Fire|p1a: Point of Origin
|-resisted|p1a: Point of Origin
|-damage|p1a: Point of Origin|72/100
|
|upkeep
|turn|19
|
|t:|1663347244
|switch|p2a: garbage|Groudon-Primal|100/100 slp
|-damage|p2a: garbage|88/100 slp|[from] Spikes
|-weather|DesolateLand|[from] ability: Desolate Land|[of] p2a: garbage
|move|p1a: Point of Origin|Judgment||[still]
|-fail|p1a: Point of Origin|Judgment|[from] Desolate Land
|
|-weather|DesolateLand|[upkeep]
|upkeep
|turn|20
|
|t:|1663347255
|switch|p1a: Constant|Ho-Oh, shiny|55/100
|-curestatus|p2a: garbage|slp|[msg]
|move|p2a: garbage|Heat Crash|p1a: Constant
|-resisted|p1a: Constant
|-damage|p1a: Constant|19/100
|
|-weather|DesolateLand|[upkeep]
|upkeep
|turn|21
|
|t:|1663347263
|-weather|none
|switch|p2a: Ditto|Ditto|100/100
|-damage|p2a: Ditto|88/100|[from] Spikes
|-transform|p2a: Ditto|p1a: Constant|[from] ability: Imposter
|switch|p1a: Fractal|Zygarde|87/100
|
|-heal|p1a: Fractal|93/100|[from] item: Leftovers
|upkeep
|turn|22
|
|t:|1663347274
|switch|p1a: Point of Origin|Arceus-Water|72/100
|move|p2a: Ditto|Sacred Fire|p1a: Point of Origin
|-resisted|p1a: Point of Origin
|-damage|p1a: Point of Origin|61/100
|
|upkeep
|turn|23
|
|t:|1663347280
|switch|p2a: garbage|Groudon-Primal|88/100
|-damage|p2a: garbage|76/100|[from] Spikes
|-weather|DesolateLand|[from] ability: Desolate Land|[of] p2a: garbage
|move|p1a: Point of Origin|Toxic|p2a: garbage
|-status|p2a: garbage|tox
|
|-weather|DesolateLand|[upkeep]
|-damage|p2a: garbage|70/100 tox|[from] psn
|upkeep
|turn|24
|c|☆MVP2536|doesnt it say fifty percent?
|c|☆MVP2536|bloody hell
|c|☆Sotheus|wdym
|
|t:|1663347296
|move|p1a: Point of Origin|Recover|p1a: Point of Origin
|-heal|p1a: Point of Origin|100/100
|move|p2a: garbage|Precipice Blades|p1a: Point of Origin
|-damage|p1a: Point of Origin|64/100
|
|-weather|DesolateLand|[upkeep]
|-damage|p2a: garbage|57/100 tox|[from] psn
|upkeep
|turn|25
|c|☆MVP2536|chance to burn
|
|t:|1663347307
|move|p1a: Point of Origin|Recover|p1a: Point of Origin
|-heal|p1a: Point of Origin|100/100
|move|p2a: garbage|Rest|p2a: garbage
|-status|p2a: garbage|slp|[from] move: Rest
|-heal|p2a: garbage|100/100 slp|[silent]
|
|-weather|DesolateLand|[upkeep]
|upkeep
|turn|26
|c|☆Sotheus|yep
|c|☆MVP2536|i hit it three times already
|c|☆Sotheus|Arceus doesn't mind a burn anyway
|
|t:|1663347334
|switch|p1a: Constant|Ho-Oh, shiny|53/100
|-weather|none
|switch|p2a: Whimsicott|Whimsicott, F|100/100
|
|upkeep
|turn|27
|
|t:|1663347349
|switch|p2a: Ditto|Ditto|100/100
|-damage|p2a: Ditto|88/100|[from] Spikes
|-transform|p2a: Ditto|p1a: Constant|[from] ability: Imposter
|move|p1a: Constant|Sacred Fire|p2a: Ditto
|-resisted|p2a: Ditto
|-damage|p2a: Ditto|69/100
|
|upkeep
|turn|28
|
|t:|1663347358
|switch|p1a: Point of Origin|Arceus-Water|100/100
|move|p2a: Ditto|Toxic|p1a: Point of Origin
|-status|p1a: Point of Origin|tox
|
|-damage|p1a: Point of Origin|94/100 tox|[from] psn
|upkeep
|turn|29
|
|t:|1663347366
|switch|p2a: garbage|Groudon-Primal|100/100 slp
|-damage|p2a: garbage|88/100 slp|[from] Spikes
|-weather|DesolateLand|[from] ability: Desolate Land|[of] p2a: garbage
|move|p1a: Point of Origin|Toxic||[still]
|-fail|p1a: Point of Origin
|
|-weather|DesolateLand|[upkeep]
|-damage|p1a: Point of Origin|82/100 tox|[from] psn
|upkeep
|turn|30
|
|t:|1663347373
|move|p1a: Point of Origin|Refresh|p1a: Point of Origin
|-curestatus|p1a: Point of Origin|tox|[msg]
|cant|p2a: garbage|slp
|move|p2a: garbage|Sleep Talk|p2a: garbage
|move|p2a: garbage|Heat Crash|p1a: Point of Origin|[from]move: Sleep Talk
|-resisted|p1a: Point of Origin
|-damage|p1a: Point of Origin|64/100
|
|-weather|DesolateLand|[upkeep]
|upkeep
|turn|31
|
|t:|1663347382
|switch|p1a: Constant|Ho-Oh, shiny|86/100
|-weather|none
|switch|p2a: Whimsicott|Whimsicott, F|100/100
|
|upkeep
|turn|32
|
|t:|1663347392
|switch|p2a: garbage|Groudon-Primal|88/100 slp
|-damage|p2a: garbage|76/100 slp|[from] Spikes
|-weather|DesolateLand|[from] ability: Desolate Land|[of] p2a: garbage
|move|p1a: Constant|Toxic||[still]
|-fail|p1a: Constant
|
|-weather|DesolateLand|[upkeep]
|upkeep
|turn|33
|
|t:|1663347400
|cant|p2a: garbage|slp
|move|p2a: garbage|Sleep Talk|p2a: garbage
|move|p2a: garbage|Rest||[from]move: Sleep Talk|[still]
|-fail|p2a: garbage
|move|p1a: Constant|Sacred Fire|p2a: garbage
|-resisted|p2a: garbage
|-damage|p2a: garbage|58/100 slp
|
|-weather|DesolateLand|[upkeep]
|upkeep
|turn|34
|
|t:|1663347410
|-curestatus|p2a: garbage|slp|[msg]
|move|p2a: garbage|Rest|p2a: garbage
|-status|p2a: garbage|slp|[from] move: Rest
|-heal|p2a: garbage|100/100 slp|[silent]
|move|p1a: Constant|Whirlwind|p2a: garbage
|-weather|none
|drag|p2a: Rotom|Rotom-Wash|100/100
|
|upkeep
|turn|35
|
|t:|1663347422
|switch|p1a: Integral|Ferrothorn, F|100/100
|move|p2a: Rotom|Toxic|p1a: Integral
|-immune|p1a: Integral
|
|upkeep
|turn|36
|
|t:|1663347431
|move|p2a: Rotom|Volt Switch|p1a: Integral
|-resisted|p1a: Integral
|-damage|p1a: Integral|93/100
|
|t:|1663347436
|switch|p2a: garbage|Groudon-Primal|100/100 slp|[from]move: Volt Switch
|-damage|p2a: garbage|88/100 slp|[from] Spikes
|-weather|DesolateLand|[from] ability: Desolate Land|[of] p2a: garbage
|move|p1a: Integral|Spikes|p2a: garbage
|-sidestart|p2: MVP2536|Spikes
|
|-weather|DesolateLand|[upkeep]
|-heal|p1a: Integral|99/100|[from] item: Leftovers
|upkeep
|turn|37
|
|t:|1663347445
|switch|p1a: Constant|Ho-Oh, shiny|100/100
|cant|p2a: garbage|slp
|move|p2a: garbage|Sleep Talk|p2a: garbage
|move|p2a: garbage|Precipice Blades|p1a: Constant|[from]move: Sleep Talk
|-immune|p1a: Constant
|
|-weather|DesolateLand|[upkeep]
|upkeep
|turn|38
|
|t:|1663347450
|-weather|none
|switch|p2a: Ditto|Ditto|100/100
|-damage|p2a: Ditto|84/100|[from] Spikes
|-transform|p2a: Ditto|p1a: Constant|[from] ability: Imposter
|move|p1a: Constant|Whirlwind|p2a: Ditto
|drag|p2a: Scrafty|Scrafty, M|100/100
|-damage|p2a: Scrafty|84/100|[from] Spikes
|
|upkeep
|turn|39
|
|t:|1663347468
|move|p1a: Constant|Toxic|p2a: Scrafty|[miss]
|-miss|p1a: Constant|p2a: Scrafty
|move|p2a: Scrafty|Knock Off|p1a: Constant
|-damage|p1a: Constant|77/100
|-enditem|p1a: Constant|Heavy-Duty Boots|[from] move: Knock Off|[of] p2a: Scrafty
|
|upkeep
|turn|40
|
|t:|1663347475
|switch|p2a: Ditto|Ditto|100/100
|-damage|p2a: Ditto|84/100|[from] Spikes
|-transform|p2a: Ditto|p1a: Constant|[from] ability: Imposter
|move|p1a: Constant|Toxic|p2a: Ditto
|-status|p2a: Ditto|tox
|
|-damage|p2a: Ditto|78/100 tox|[from] psn
|upkeep
|turn|41
|
|t:|1663347480
|switch|p1a: Point of Origin|Arceus-Water|64/100
|move|p2a: Ditto|Defog|p1a: Point of Origin
|-unboost|p1a: Point of Origin|evasion|1
|-sideend|p2: MVP2536|Spikes|[from] move: Defog|[of] p2a: Ditto
|
|-damage|p2a: Ditto|66/100 tox|[from] psn
|upkeep
|turn|42
|c|☆MVP2536|meh thats fine
|
|t:|1663347492
|switch|p2a: Whimsicott|Whimsicott, F|100/100
|move|p1a: Point of Origin|Recover|p1a: Point of Origin
|-heal|p1a: Point of Origin|100/100
|
|upkeep
|turn|43
|
|t:|1663347504
|switch|p1a: Undefined|Yveltal|100/100
|-ability|p1a: Undefined|Dark Aura
|move|p2a: Whimsicott|Taunt|p1a: Undefined
|-start|p1a: Undefined|move: Taunt
|
|upkeep
|turn|44
|
|t:|1663347514
|switch|p2a: Rotom|Rotom-Wash|100/100
|move|p1a: Undefined|Oblivion Wing|p2a: Rotom
|-resisted|p2a: Rotom
|-crit|p2a: Rotom
|-damage|p2a: Rotom|49/100
|-damage|p1a: Undefined|91/100|[from] item: Life Orb
|
|upkeep
|turn|45
|
|t:|1663347523
|switch|p2a: Whimsicott|Whimsicott, F|100/100
|move|p1a: Undefined|Dark Pulse|p2a: Whimsicott
|-resisted|p2a: Whimsicott
|-damage|p2a: Whimsicott|33/100
|-damage|p1a: Undefined|81/100|[from] item: Life Orb
|
|-end|p1a: Undefined|move: Taunt
|upkeep
|turn|46
|inactive|Battle timer is ON: inactive players will automatically lose when time's up. (requested by MVP2536)
|
|t:|1663347562
|move|p2a: Whimsicott|Moonblast|p1a: Undefined
|-supereffective|p1a: Undefined
|-damage|p1a: Undefined|24/100
|move|p1a: Undefined|Oblivion Wing|p2a: Whimsicott
|-supereffective|p2a: Whimsicott
|-damage|p2a: Whimsicott|0 fnt
|-heal|p1a: Undefined|41/100|[from] drain|[of] p2a: Whimsicott
|faint|p2a: Whimsicott
|-damage|p1a: Undefined|31/100|[from] item: Life Orb
|
|upkeep
|
|t:|1663347577
|switch|p2a: Ditto|Ditto|99/100 tox
|-transform|p2a: Ditto|p1a: Undefined|[from] ability: Imposter
|-ability|p2a: Ditto|Dark Aura
|turn|47
|inactive|Sotheus has 120 seconds left.
|
|t:|1663347618
|switch|p1a: Point of Origin|Arceus-Water|100/100
|move|p2a: Ditto|Oblivion Wing|p1a: Point of Origin
|-damage|p1a: Point of Origin|71/100
|-heal|p2a: Ditto|100/100 tox|[from] drain|[of] p1a: Point of Origin
|
|-damage|p2a: Ditto|94/100 tox|[from] psn
|upkeep
|turn|48
|
|t:|1663347632
|switch|p2a: garbage|Groudon-Primal|88/100 slp
|-weather|DesolateLand|[from] ability: Desolate Land|[of] p2a: garbage
|move|p1a: Point of Origin|Judgment||[still]
|-fail|p1a: Point of Origin|Judgment|[from] Desolate Land
|
|-weather|DesolateLand|[upkeep]
|upkeep
|turn|49
|
|t:|1663347648
|switch|p1a: Constant|Ho-Oh, shiny|100/100
|cant|p2a: garbage|slp
|move|p2a: garbage|Sleep Talk|p2a: garbage
|move|p2a: garbage|Precipice Blades|p1a: Constant|[from]move: Sleep Talk
|-immune|p1a: Constant
|
|-weather|DesolateLand|[upkeep]
|upkeep
|turn|50
|
|t:|1663347660
|-curestatus|p2a: garbage|slp|[msg]
|move|p2a: garbage|Heat Crash|p1a: Constant
|-resisted|p1a: Constant
|-damage|p1a: Constant|64/100
|move|p1a: Constant|Whirlwind|p2a: garbage
|-weather|none
|drag|p2a: Ditto|Ditto|94/100 tox
|-transform|p2a: Ditto|p1a: Constant|[from] ability: Imposter
|
|-damage|p2a: Ditto|88/100 tox|[from] psn
|upkeep
|turn|51
|
|t:|1663347672
|switch|p1a: Point of Origin|Arceus-Water|71/100
|move|p2a: Ditto|Sacred Fire|p1a: Point of Origin
|-resisted|p1a: Point of Origin
|-damage|p1a: Point of Origin|60/100
|
|-damage|p2a: Ditto|76/100 tox|[from] psn
|upkeep
|turn|52
|
|t:|1663347696
|switch|p2a: Rotom|Rotom-Wash|49/100
|switch|p1a: Fractal|Zygarde|93/100
|
|-heal|p1a: Fractal|99/100|[from] item: Leftovers
|upkeep
|turn|53
|
|t:|1663347706
|switch|p1a: Integral|Ferrothorn, F|99/100
|move|p2a: Rotom|Pain Split|p1a: Integral
|-sethp|p1a: Integral|70/100|[from] move: Pain Split|[silent]
|-sethp|p2a: Rotom|82/100|[from] move: Pain Split
|
|-heal|p1a: Integral|77/100|[from] item: Leftovers
|upkeep
|turn|54
|
|t:|1663347710
|move|p2a: Rotom|Volt Switch|p1a: Integral
|-resisted|p1a: Integral
|-damage|p1a: Integral|68/100
|
|t:|1663347714
|switch|p2a: Ditto|Ditto|100/100 tox|[from]move: Volt Switch
|-transform|p2a: Ditto|p1a: Integral|[from] ability: Imposter
|move|p1a: Integral|Spikes|p2a: Ditto
|-sidestart|p2: MVP2536|Spikes
|
|-heal|p1a: Integral|74/100|[from] item: Leftovers
|-damage|p2a: Ditto|94/100 tox|[from] psn
|upkeep
|turn|55
|inactive|Sotheus has 120 seconds left.
|
|t:|1663347729
|move|p2a: Ditto|Knock Off|p1a: Integral
|-damage|p1a: Integral|58/100
|-damage|p2a: Ditto|82/100 tox|[from] ability: Iron Barbs|[of] p1a: Integral
|-enditem|p1a: Integral|Leftovers|[from] move: Knock Off|[of] p2a: Ditto
|move|p1a: Integral|Spikes|p2a: Ditto
|-sidestart|p2: MVP2536|Spikes
|
|-damage|p2a: Ditto|70/100 tox|[from] psn
|upkeep
|turn|56
|inactive|Sotheus has 120 seconds left.
|
|t:|1663347737
|switch|p2a: garbage|Groudon-Primal|88/100
|-damage|p2a: garbage|72/100|[from] Spikes
|-weather|DesolateLand|[from] ability: Desolate Land|[of] p2a: garbage
|move|p1a: Integral|Spikes|p2a: garbage
|-sidestart|p2: MVP2536|Spikes
|
|-weather|DesolateLand|[upkeep]
|upkeep
|turn|57
|
|t:|1663347748
|switch|p1a: Constant|Ho-Oh, shiny|98/100
|move|p2a: garbage|Heat Crash|p1a: Constant
|-resisted|p1a: Constant
|-damage|p1a: Constant|62/100
|
|-weather|DesolateLand|[upkeep]
|upkeep
|turn|58
|
|t:|1663347756
|move|p2a: garbage|Heat Crash|p1a: Constant
|-resisted|p1a: Constant
|-crit|p1a: Constant
|-damage|p1a: Constant|13/100
|move|p1a: Constant|Whirlwind|p2a: garbage
|-weather|none
|drag|p2a: Scrafty|Scrafty, M|84/100
|-damage|p2a: Scrafty|59/100|[from] Spikes
|
|upkeep
|turn|59
|
|t:|1663347766
|switch|p1a: Undefined|Yveltal|31/100
|-ability|p1a: Undefined|Dark Aura
|move|p2a: Scrafty|Knock Off|p1a: Undefined
|-resisted|p1a: Undefined
|-damage|p1a: Undefined|7/100
|-enditem|p1a: Undefined|Life Orb|[from] move: Knock Off|[of] p2a: Scrafty
|
|upkeep
|turn|60
|
|t:|1663347773
|switch|p2a: Aegislash|Aegislash, M|100/100
|-damage|p2a: Aegislash|75/100|[from] Spikes
|move|p1a: Undefined|Roost|p1a: Undefined
|-heal|p1a: Undefined|57/100
|-singleturn|p1a: Undefined|move: Roost
|
|-heal|p2a: Aegislash|82/100|[from] item: Leftovers
|upkeep
|turn|61
|
|t:|1663347796
|switch|p2a: Scrafty|Scrafty, M|59/100
|-damage|p2a: Scrafty|34/100|[from] Spikes
|move|p1a: Undefined|Dark Pulse|p2a: Scrafty
|-resisted|p2a: Scrafty
|-damage|p2a: Scrafty|26/100
|
|upkeep
|turn|62
|l| Apprenti Buck
|
|t:|1663347806
|move|p1a: Undefined|Oblivion Wing|p2a: Scrafty
|-supereffective|p2a: Scrafty
|-damage|p2a: Scrafty|0 fnt
|-heal|p1a: Undefined|73/100|[from] drain|[of] p2a: Scrafty
|faint|p2a: Scrafty
|
|upkeep
|
|t:|1663347812
|switch|p2a: Rotom|Rotom-Wash|82/100
|turn|63
|
|t:|1663347819
|move|p1a: Undefined|Dark Pulse|p2a: Rotom
|-damage|p2a: Rotom|14/100
|move|p2a: Rotom|Toxic|p1a: Undefined|[miss]
|-miss|p2a: Rotom|p1a: Undefined
|
|upkeep
|turn|64
|c|☆MVP2536|bruh again
|c|☆MVP2536|well gg
|c|☆MVP2536|cant be bothered with this game
|c|☆Sotheus|ggwp
|-message|MVP2536 forfeited.
|
|win|Sotheus
|raw|Sotheus's rating: 1534 &rarr; <strong>1566</strong><br />(+32 for winning)
|raw|MVP2536's rating: 1786 &rarr; <strong>1754</strong><br />(-32 for losing)
