|j|☆BigDuckie
|j|☆lolszb
|player|p1|BigDuckie|workerice|1459
|player|p2|lolszb|1|1376
|teamsize|p1|6
|teamsize|p2|6
|gametype|singles
|gen|8
|tier|[Gen 8] National Dex AG
|rated|
|clearpoke
|poke|p1|Zacian-Crowned|
|poke|p1|Dracovish|
|poke|p1|Groudon|
|poke|p1|Toxapex, F|
|poke|p1|Yveltal|
|poke|p1|Xerneas|
|poke|p2|Ditto|
|poke|p2|Salamence, M|
|poke|p2|Galvantula, F|
|poke|p2|Aegislash, F|
|poke|p2|Excadrill, M|
|poke|p2|Infernape, F|
|rule|HP Percentage Mod: HP is shown in percentages
|rule|Endless Battle Clause: Forcing endless battles is banned
|teampreview
|inactive|Battle timer is ON: inactive players will automatically lose when time's up. (requested by lolszb)
|
|start
|switch|p1a: Yveltal|Yveltal|100/100
|switch|p2a: Galvantula|Galvantula, F, shiny|100/100
|-ability|p1a: Yveltal|Dark Aura
|turn|1
|
|-start|p1a: Yveltal|Dynamax
|-heal|p1a: Yveltal|100/100|[silent]
|move|p2a: Galvantula|Thunder|p1a: Yveltal
|-supereffective|p1a: Yveltal
|-damage|p1a: Yveltal|58/100
|move|p1a: Yveltal|Max Airstream|p2a: Galvantula
|-enditem|p2a: Galvantula|Focus Sash
|-damage|p2a: Galvantula|1/100
|-boost|p1a: Yveltal|spe|1
|
|upkeep
|turn|2
|
|move|p1a: Yveltal|Max Airstream|p2a: Galvantula
|-damage|p2a: Galvantula|0 fnt
|-boost|p1a: Yveltal|spe|1
|faint|p2a: Galvantula
|
|upkeep
|
|switch|p2a: Excadrill|Excadrill, M|100/100
|-ability|p2a: Excadrill|Mold Breaker
|turn|3
|
|move|p1a: Yveltal|Max Flare|p2a: Excadrill
|-supereffective|p2a: Excadrill
|-crit|p2a: Excadrill
|-damage|p2a: Excadrill|0 fnt
|-weather|SunnyDay
|faint|p2a: Excadrill
|
|-weather|SunnyDay|[upkeep]
|-end|p1a: Yveltal|Dynamax
|-heal|p1a: Yveltal|58/100|[silent]
|upkeep
|
|switch|p2a: Ditto|Ditto, shiny|100/100
|-transform|p2a: Ditto|p1a: Yveltal|[from] ability: Imposter
|-ability|p2a: Ditto|Dark Aura
|turn|4
|
|move|p1a: Yveltal|Oblivion Wing|p2a: Ditto
|-damage|p2a: Ditto|49/100
|-heal|p1a: Yveltal|87/100|[from] drain|[of] p2a: Ditto
|move|p2a: Ditto|Oblivion Wing|p1a: Yveltal
|-damage|p1a: Yveltal|51/100
|-heal|p2a: Ditto|85/100|[from] drain|[of] p1a: Yveltal
|
|-weather|SunnyDay|[upkeep]
|upkeep
|turn|5
|
|move|p2a: Ditto|Oblivion Wing|p1a: Yveltal
|-damage|p1a: Yveltal|13/100
|-heal|p2a: Ditto|100/100|[from] drain|[of] p1a: Yveltal
|move|p1a: Yveltal|Oblivion Wing|p2a: Ditto
|-damage|p2a: Ditto|54/100
|-heal|p1a: Yveltal|40/100|[from] drain|[of] p2a: Ditto
|
|-weather|SunnyDay|[upkeep]
|upkeep
|turn|6
|
|move|p1a: Yveltal|Oblivion Wing|p2a: Ditto
|-damage|p2a: Ditto|6/100
|-heal|p1a: Yveltal|67/100|[from] drain|[of] p2a: Ditto
|move|p2a: Ditto|Oblivion Wing|p1a: Yveltal
|-damage|p1a: Yveltal|29/100
|-heal|p2a: Ditto|44/100|[from] drain|[of] p1a: Yveltal
|
|-weather|SunnyDay|[upkeep]
|upkeep
|turn|7
|
|switch|p1a: Groudon|Groudon|100/100
|detailschange|p1a: Groudon|Groudon-Primal
|-primal|p1a: Groudon
|-weather|DesolateLand|[from] ability: Desolate Land|[of] p1a: Groudon
|move|p2a: Ditto|Oblivion Wing|p1a: Groudon
|-damage|p1a: Groudon|50/100
|-heal|p2a: Ditto|86/100|[from] drain|[of] p1a: Groudon
|
|-weather|DesolateLand|[upkeep]
|upkeep
|turn|8
|
|move|p2a: Ditto|Oblivion Wing|p1a: Groudon
|-damage|p1a: Groudon|0 fnt
|-heal|p2a: Ditto|100/100|[from] drain|[of] p1a: Groudon
|faint|p1a: Groudon
|-weather|none
|
|upkeep
|
|switch|p1a: Xerneas|Xerneas|100/100
|-ability|p1a: Xerneas|Fairy Aura
|turn|9
|
|switch|p2a: Don't Touch|Aegislash, F, shiny|100/100
|move|p1a: Xerneas|Geomancy||[still]
|-prepare|p1a: Xerneas|Geomancy|p1a: Xerneas
|-enditem|p1a: Xerneas|Power Herb
|-anim|p1a: Xerneas|Geomancy|p1a: Xerneas
|-boost|p1a: Xerneas|spa|2
|-boost|p1a: Xerneas|spd|2
|-boost|p1a: Xerneas|spe|2
|
|upkeep
|turn|10
|
|move|p1a: Xerneas|Psychic|p2a: Don't Touch
|-resisted|p2a: Don't Touch
|-damage|p2a: Don't Touch|69/100
|-formechange|p2a: Don't Touch|Aegislash-Blade||[from] ability: Stance Change
|move|p2a: Don't Touch|Shadow Ball|p1a: Xerneas
|-damage|p1a: Xerneas|81/100
|
|upkeep
|turn|11
|inactive|lolszb has 120 seconds left.
|
|-formechange|p2a: Don't Touch|Aegislash||[from] ability: Stance Change
|move|p2a: Don't Touch|King's Shield|p2a: Don't Touch
|-singleturn|p2a: Don't Touch|Protect
|move|p1a: Xerneas|Moonblast|p2a: Don't Touch
|-activate|p2a: Don't Touch|move: Protect
|
|upkeep
|turn|12
|
|move|p1a: Xerneas|Moonblast|p2a: Don't Touch
|-resisted|p2a: Don't Touch
|-damage|p2a: Don't Touch|9/100
|-unboost|p2a: Don't Touch|spa|1
|-formechange|p2a: Don't Touch|Aegislash-Blade||[from] ability: Stance Change
|move|p2a: Don't Touch|Shadow Ball|p1a: Xerneas
|-damage|p1a: Xerneas|68/100
|
|upkeep
|turn|13
|
|-formechange|p2a: Don't Touch|Aegislash||[from] ability: Stance Change
|move|p2a: Don't Touch|King's Shield|p2a: Don't Touch
|-singleturn|p2a: Don't Touch|Protect
|move|p1a: Xerneas|Moonblast|p2a: Don't Touch
|-activate|p2a: Don't Touch|move: Protect
|
|upkeep
|turn|14
|
|-formechange|p2a: Don't Touch|Aegislash-Blade||[from] ability: Stance Change
|move|p2a: Don't Touch|Shadow Sneak|p1a: Xerneas
|-damage|p1a: Xerneas|54/100
|move|p1a: Xerneas|Moonblast|p2a: Don't Touch
|-resisted|p2a: Don't Touch
|-damage|p2a: Don't Touch|0 fnt
|faint|p2a: Don't Touch
|
|upkeep
|
|switch|p2a: Ditto|Ditto, shiny|100/100
|-transform|p2a: Ditto|p1a: Xerneas|[from] ability: Imposter
|-ability|p2a: Ditto|Fairy Aura
|turn|15
|
|move|p2a: Ditto|Moonblast|p1a: Xerneas
|-damage|p1a: Xerneas|0 fnt
|faint|p1a: Xerneas
|
|upkeep
|
|switch|p1a: Toxapex|Toxapex, F|100/100
|turn|16
|
|-start|p2a: Ditto|Dynamax
|-heal|p2a: Ditto|100/100|[silent]
|move|p2a: Ditto|Max Mindstorm|p1a: Toxapex
|-supereffective|p1a: Toxapex
|-damage|p1a: Toxapex|0 fnt
|-fieldstart|move: Psychic Terrain
|faint|p1a: Toxapex
|
|upkeep
|
|switch|p1a: Yveltal|Yveltal|29/100
|-ability|p1a: Yveltal|Dark Aura
|turn|17
|
|move|p1a: Yveltal|Sucker Punch|p2a: Ditto
|-activate|p2a: Ditto|move: Psychic Terrain
|move|p2a: Ditto|Max Starfall|p1a: Yveltal
|-supereffective|p1a: Yveltal
|-damage|p1a: Yveltal|0 fnt
|-fieldstart|move: Misty Terrain
|faint|p1a: Yveltal
|
|upkeep
|
|switch|p1a: Dracovish|Dracovish|100/100
|turn|18
|
|move|p2a: Ditto|Max Starfall|p1a: Dracovish
|-supereffective|p1a: Dracovish
|-damage|p1a: Dracovish|0 fnt
|faint|p1a: Dracovish
|
|-end|p2a: Ditto|Dynamax
|-heal|p2a: Ditto|100/100|[silent]
|upkeep
|
|switch|p1a: Zacian|Zacian-Crowned|100/100
|-ability|p1a: Zacian|Intrepid Sword|boost
|-boost|p1a: Zacian|atk|1
|turn|19
|
|switch|p2a: Infernape|Infernape, F|100/100
|move|p1a: Zacian|Behemoth Blade|p2a: Infernape
|-resisted|p2a: Infernape
|-damage|p2a: Infernape|25/100
|
|upkeep
|turn|20
|
|move|p1a: Zacian|Behemoth Blade|p2a: Infernape
|-resisted|p2a: Infernape
|-damage|p2a: Infernape|0 fnt
|faint|p2a: Infernape
|
|upkeep
|
|switch|p2a: Ditto|Ditto, shiny|100/100
|-transform|p2a: Ditto|p1a: Zacian|[from] ability: Imposter
|-ability|p2a: Ditto|Intrepid Sword|boost
|-boost|p2a: Ditto|atk|1
|turn|21
|
|move|p2a: Ditto|Behemoth Blade|p1a: Zacian
|-damage|p1a: Zacian|0 fnt
|faint|p1a: Zacian
|
|win|lolszb
|l|☆BigDuckie
