|j|☆chad enjoyer
|j|☆soda49
|t:|1640742146
|gametype|singles
|player|p1|chad enjoyer|teamrocket|1529
|player|p2|soda49|169|1661
|teamsize|p1|6
|teamsize|p2|6
|gen|8
|tier|[Gen 8] National Dex AG
|rated|
|rule|HP Percentage Mod: HP is shown in percentages
|rule|Endless Battle Clause: Forcing endless battles is banned
|clearpoke
|poke|p1|Necrozma-Dusk-Mane|
|poke|p1|Xerneas-*|
|poke|p1|Yveltal|
|poke|p1|Rayquaza|
|poke|p1|Zacian-*|
|poke|p1|Groudon|
|poke|p2|Smeargle, M|
|poke|p2|Charizard, F|
|poke|p2|Mimikyu, F|
|poke|p2|Calyrex-Shadow|
|poke|p2|Rayquaza|
|poke|p2|Thundurus, M|
|teampreview
|inactive|Battle timer is ON: inactive players will automatically lose when time's up. (requested by soda49)
|
|t:|1640742161
|start
|switch|p1a: Rayquaza|Rayquaza|100/100
|switch|p2a: Charizard|Charizard, F|100/100
|-ability|p1a: Rayquaza|Air Lock
|turn|1
|c|☆soda49|Love your name
|
|t:|1640742171
|detailschange|p1a: Rayquaza|Rayquaza-Mega
|-mega|p1a: Rayquaza|Rayquaza|
|-weather|DeltaStream|[from] ability: Delta Stream|[of] p1a: Rayquaza
|-start|p2a: Charizard|Dynamax
|-formechange|p2a: Charizard|Charizard-Gmax
|-heal|p2a: Charizard|100/100|[silent]
|move|p1a: Rayquaza|Dragon Dance|p1a: Rayquaza
|-boost|p1a: Rayquaza|atk|1
|-boost|p1a: Rayquaza|spe|1
|move|p2a: Charizard|Max Airstream|p1a: Rayquaza
|-damage|p1a: Rayquaza|33/100
|-boost|p2a: Charizard|spe|1
|
|-weather|DeltaStream|[upkeep]
|-heal|p1a: Rayquaza|39/100|[from] item: Leftovers
|upkeep
|turn|2
|
|t:|1640742187
|move|p1a: Rayquaza|Dragon Ascent|p2a: Charizard
|-damage|p2a: Charizard|15/100
|-unboost|p1a: Rayquaza|def|1
|-unboost|p1a: Rayquaza|spd|1
|move|p2a: Charizard|G-Max Wildfire|p1a: Rayquaza
|-resisted|p1a: Rayquaza
|-damage|p1a: Rayquaza|0 fnt
|-sidestart|p1: chad enjoyer|G-Max Wildfire
|faint|p1a: Rayquaza
|-weather|none
|
|upkeep
|
|t:|1640742201
|switch|p1a: Yveltal|Yveltal|100/100
|-ability|p1a: Yveltal|Dark Aura
|turn|3
|
|t:|1640742210
|move|p2a: Charizard|Max Guard|p2a: Charizard
|-singleturn|p2a: Charizard|Max Guard
|move|p1a: Yveltal|Sucker Punch||[still]
|-fail|p1a: Yveltal
|
|-damage|p1a: Yveltal|84/100|[from] G-Max Wildfire
|-end|p2a: Charizard|Dynamax
|-formechange|p2a: Charizard|Charizard
|-heal|p2a: Charizard|16/100|[silent]
|upkeep
|turn|4
|
|t:|1640742220
|-start|p1a: Yveltal|Dynamax
|-heal|p1a: Yveltal|84/100|[silent]
|move|p2a: Charizard|Tailwind|p2a: Charizard
|-sidestart|p2: soda49|move: Tailwind
|move|p1a: Yveltal|Max Airstream|p2a: Charizard
|-damage|p2a: Charizard|0 fnt
|-boost|p1a: Yveltal|spe|1
|faint|p2a: Charizard
|
|-damage|p1a: Yveltal|76/100|[from] G-Max Wildfire
|upkeep
|inactive|soda49 has 120 seconds left.
|
|t:|1640742257
|switch|p2a: The wobbler|Smeargle, M|100/100
|turn|5
|
|t:|1640742263
|move|p2a: The wobbler|Spore|p1a: Yveltal
|-status|p1a: Yveltal|slp|[from] move: Spore
|cant|p1a: Yveltal|slp
|
|-damage|p1a: Yveltal|67/100 slp|[from] G-Max Wildfire
|-sideend|p1: chad enjoyer|G-Max Wildfire
|-ability|p2a: The wobbler|Moody|boost
|-boost|p2a: The wobbler|spd|2
|-unboost|p2a: The wobbler|def|1
|upkeep
|turn|6
|
|t:|1640742272
|move|p2a: The wobbler|Substitute|p2a: The wobbler
|-start|p2a: The wobbler|Substitute
|-damage|p2a: The wobbler|76/100
|cant|p1a: Yveltal|slp
|
|-heal|p2a: The wobbler|82/100|[from] item: Leftovers
|-ability|p2a: The wobbler|Moody|boost
|-boost|p2a: The wobbler|def|2
|-unboost|p2a: The wobbler|spe|1
|-end|p1a: Yveltal|Dynamax
|-heal|p1a: Yveltal|67/100 slp|[silent]
|upkeep
|turn|7
|
|t:|1640742287
|cant|p1a: Yveltal|slp
|move|p2a: The wobbler|Shell Smash|p2a: The wobbler
|-unboost|p2a: The wobbler|def|1
|-unboost|p2a: The wobbler|spd|1
|-boost|p2a: The wobbler|atk|2
|-boost|p2a: The wobbler|spa|2
|-boost|p2a: The wobbler|spe|2
|
|-heal|p2a: The wobbler|88/100|[from] item: Leftovers
|-sideend|p2: soda49|move: Tailwind
|-ability|p2a: The wobbler|Moody|boost
|-boost|p2a: The wobbler|spd|2
|-unboost|p2a: The wobbler|spe|1
|upkeep
|turn|8
|inactive|soda49 has 120 seconds left.
|
|t:|1640742322
|-curestatus|p1a: Yveltal|slp|[msg]
|move|p1a: Yveltal|Oblivion Wing|p2a: The wobbler
|-end|p2a: The wobbler|Substitute
|-heal|p1a: Yveltal|79/100|[from] drain|[of] p2a: The wobbler
|move|p2a: The wobbler|Shell Smash|p2a: The wobbler
|-unboost|p2a: The wobbler|def|1
|-unboost|p2a: The wobbler|spd|1
|-boost|p2a: The wobbler|atk|2
|-boost|p2a: The wobbler|spa|2
|-boost|p2a: The wobbler|spe|2
|
|-heal|p2a: The wobbler|94/100|[from] item: Leftovers
|-ability|p2a: The wobbler|Moody|boost
|-boost|p2a: The wobbler|spd|2
|-unboost|p2a: The wobbler|atk|1
|upkeep
|turn|9
|
|t:|1640742342
|move|p2a: The wobbler|Spore|p1a: Yveltal
|-status|p1a: Yveltal|slp|[from] move: Spore
|cant|p1a: Yveltal|slp
|
|-heal|p2a: The wobbler|99/100|[from] item: Leftovers
|-ability|p2a: The wobbler|Moody|boost
|-boost|p2a: The wobbler|spe|2
|-unboost|p2a: The wobbler|spa|1
|upkeep
|turn|10
|
|t:|1640742350
|move|p2a: The wobbler|Substitute|p2a: The wobbler
|-start|p2a: The wobbler|Substitute
|-damage|p2a: The wobbler|75/100
|cant|p1a: Yveltal|slp
|
|-heal|p2a: The wobbler|81/100|[from] item: Leftovers
|-ability|p2a: The wobbler|Moody|boost
|-boost|p2a: The wobbler|spa|2
|-unboost|p2a: The wobbler|spe|1
|upkeep
|turn|11
|
|t:|1640742360
|move|p2a: The wobbler|Power Trip|p1a: Yveltal
|-resisted|p1a: Yveltal
|-damage|p1a: Yveltal|19/100 slp
|-curestatus|p1a: Yveltal|slp|[msg]
|move|p1a: Yveltal|Oblivion Wing|p2a: The wobbler
|-end|p2a: The wobbler|Substitute
|-heal|p1a: Yveltal|31/100|[from] drain|[of] p2a: The wobbler
|
|-heal|p2a: The wobbler|87/100|[from] item: Leftovers
|-ability|p2a: The wobbler|Moody|boost
|-boost|p2a: The wobbler|def|2
|-unboost|p2a: The wobbler|spd|1
|upkeep
|turn|12
|
|t:|1640742380
|move|p1a: Yveltal|Sucker Punch||[still]
|-fail|p1a: Yveltal
|move|p2a: The wobbler|Spore|p1a: Yveltal
|-status|p1a: Yveltal|slp|[from] move: Spore
|
|-heal|p2a: The wobbler|93/100|[from] item: Leftovers
|-ability|p2a: The wobbler|Moody|boost
|-boost|p2a: The wobbler|spd|2
|-unboost|p2a: The wobbler|def|1
|upkeep
|turn|13
|
|t:|1640742390
|move|p2a: The wobbler|Substitute|p2a: The wobbler
|-start|p2a: The wobbler|Substitute
|-damage|p2a: The wobbler|68/100
|cant|p1a: Yveltal|slp
|
|-heal|p2a: The wobbler|74/100|[from] item: Leftovers
|-ability|p2a: The wobbler|Moody|boost
|-boost|p2a: The wobbler|spa|1
|-unboost|p2a: The wobbler|atk|1
|upkeep
|turn|14
|
|t:|1640742400
|move|p2a: The wobbler|Power Trip|p1a: Yveltal
|-resisted|p1a: Yveltal
|-damage|p1a: Yveltal|0 fnt
|faint|p1a: Yveltal
|
|-heal|p2a: The wobbler|80/100|[from] item: Leftovers
|-ability|p2a: The wobbler|Moody|boost
|-boost|p2a: The wobbler|spd|1
|-unboost|p2a: The wobbler|atk|1
|upkeep
|
|t:|1640742410
|switch|p1a: Zacian|Zacian-Crowned|100/100
|-ability|p1a: Zacian|Intrepid Sword|boost
|-boost|p1a: Zacian|atk|1
|turn|15
|
|t:|1640742420
|move|p2a: The wobbler|Spore|p1a: Zacian
|-status|p1a: Zacian|slp|[from] move: Spore
|cant|p1a: Zacian|slp
|
|-heal|p2a: The wobbler|86/100|[from] item: Leftovers
|-ability|p2a: The wobbler|Moody|boost
|-boost|p2a: The wobbler|atk|2
|-unboost|p2a: The wobbler|def|1
|upkeep
|turn|16
|
|t:|1640742431
|move|p2a: The wobbler|Shell Smash|p2a: The wobbler
|-unboost|p2a: The wobbler|def|1
|-unboost|p2a: The wobbler|spd|1
|-boost|p2a: The wobbler|atk|2
|-boost|p2a: The wobbler|spa|0
|-boost|p2a: The wobbler|spe|2
|cant|p1a: Zacian|slp
|
|-heal|p2a: The wobbler|92/100|[from] item: Leftovers
|-ability|p2a: The wobbler|Moody|boost
|-boost|p2a: The wobbler|spe|1
|-unboost|p2a: The wobbler|spa|1
|upkeep
|turn|17
|
|t:|1640742443
|move|p2a: The wobbler|Power Trip|p1a: Zacian
|-resisted|p1a: Zacian
|-damage|p1a: Zacian|22/100 slp
|-curestatus|p1a: Zacian|slp|[msg]
|move|p1a: Zacian|Crunch|p2a: The wobbler
|-end|p2a: The wobbler|Substitute
|
|-heal|p2a: The wobbler|98/100|[from] item: Leftovers
|-ability|p2a: The wobbler|Moody|boost
|-boost|p2a: The wobbler|spa|1
|-unboost|p2a: The wobbler|spd|1
|upkeep
|turn|18
|
|t:|1640742455
|move|p2a: The wobbler|Spore|p1a: Zacian
|-status|p1a: Zacian|slp|[from] move: Spore
|cant|p1a: Zacian|slp
|
|-heal|p2a: The wobbler|100/100|[from] item: Leftovers
|-ability|p2a: The wobbler|Moody|boost
|-boost|p2a: The wobbler|spd|2
|-unboost|p2a: The wobbler|spe|1
|upkeep
|turn|19
|
|t:|1640742464
|move|p2a: The wobbler|Substitute|p2a: The wobbler
|-start|p2a: The wobbler|Substitute
|-damage|p2a: The wobbler|76/100
|cant|p1a: Zacian|slp
|
|-heal|p2a: The wobbler|82/100|[from] item: Leftovers
|-ability|p2a: The wobbler|Moody|boost
|-boost|p2a: The wobbler|def|2
|-unboost|p2a: The wobbler|spd|1
|upkeep
|turn|20
|
|t:|1640742473
|move|p2a: The wobbler|Power Trip|p1a: Zacian
|-resisted|p1a: Zacian
|-damage|p1a: Zacian|0 fnt
|faint|p1a: Zacian
|
|-heal|p2a: The wobbler|88/100|[from] item: Leftovers
|-ability|p2a: The wobbler|Moody|boost
|-boost|p2a: The wobbler|def|2
|-unboost|p2a: The wobbler|atk|1
|upkeep
|
|t:|1640742482
|switch|p1a: Xerneas|Xerneas|100/100
|-ability|p1a: Xerneas|Fairy Aura
|turn|21
|
|t:|1640742490
|move|p2a: The wobbler|Spore|p1a: Xerneas
|-status|p1a: Xerneas|slp|[from] move: Spore
|cant|p1a: Xerneas|slp
|
|-heal|p2a: The wobbler|94/100|[from] item: Leftovers
|-ability|p2a: The wobbler|Moody|boost
|-boost|p2a: The wobbler|atk|2
|-unboost|p2a: The wobbler|spd|1
|upkeep
|turn|22
|c|☆chad enjoyer|i never wanted to die so badly
|-message|chad enjoyer forfeited.
|
|win|soda49
|raw|chad enjoyer's rating: 1529 &rarr; <strong>1516</strong><br />(-13 for losing)
|raw|soda49's rating: 1661 &rarr; <strong>1674</strong><br />(+13 for winning)
|l|☆chad enjoyer
|l|☆soda49
|j|☆soda49
|player|p2|soda49|169
|inactive|Battle timer is ON: inactive players will automatically lose when time's up. (requested by soda49)
|l|☆soda49
|player|p2|
|j|☆soda49
|player|p2|soda49|169
