|j|☆iroeweuio
|j|☆lemoncell0
|t:|1662780901
|gametype|singles
|player|p1|iroeweuio|2|1672
|player|p2|lemoncell0|allister|1856
|teamsize|p1|6
|teamsize|p2|6
|gen|8
|tier|[Gen 8] National Dex AG
|rated|
|rule|HP Percentage Mod: HP is shown in percentages
|rule|Endless Battle Clause: Forcing endless battles is banned
|clearpoke
|poke|p1|Chatot, M|
|poke|p1|Weavile, F|
|poke|p1|Giratina-Origin|
|poke|p1|Ditto|
|poke|p1|Breloom, F|
|poke|p1|Wobbuffet, M|
|poke|p2|Quagsire, F|
|poke|p2|Zacian-*|
|poke|p2|Gothitelle, F|
|poke|p2|Ditto|
|poke|p2|Venusaur, F|
|poke|p2|Tyranitar, M|
|teampreview
|inactive|Battle timer is ON: inactive players will automatically lose when time's up. (requested by lemoncell0)
|j| IAmJklol
|
|t:|1662780922
|start
|switch|p1a: Weavile|Weavile, F|100/100
|switch|p2a: Zacian|Zacian-Crowned|100/100
|-ability|p2a: Zacian|Intrepid Sword|boost
|-boost|p2a: Zacian|atk|1
|-ability|p1a: Weavile|Pressure
|turn|1
|c| IAmJklol|ooh new team
|
|t:|1662780926
|switch|p1a: Wobbuffet|Wobbuffet, M|100/100
|move|p2a: Zacian|Behemoth Blade|p1a: Wobbuffet
|-damage|p1a: Wobbuffet|3/100
|
|upkeep
|turn|2
|-enditem|p1a: Wobbuffet|Custap Berry|[eat]
|-activate|p1a: Wobbuffet|item: Custap Berry|[consumed]
|
|t:|1662780928
|move|p1a: Wobbuffet|Destiny Bond|p1a: Wobbuffet
|-singlemove|p1a: Wobbuffet|Destiny Bond
|move|p2a: Zacian|Behemoth Blade|p1a: Wobbuffet
|-damage|p1a: Wobbuffet|0 fnt
|faint|p1a: Wobbuffet
|-activate|p1a: Wobbuffet|move: Destiny Bond
|faint|p2a: Zacian
|
|upkeep
|c| IAmJklol|kinda
|c|☆iroeweuio|a bit
|
|t:|1662780941
|switch|p2a: Tyranitar|Tyranitar, M|100/100
|switch|p1a: Weavile|Weavile, F|100/100
|-ability|p1a: Weavile|Pressure
|-weather|Sandstorm|[from] ability: Sand Stream|[of] p2a: Tyranitar
|turn|3
|
|t:|1662780947
|move|p1a: Weavile|Assist|p1a: Weavile
|move|p1a: Weavile|Spore|p2a: Tyranitar|[from]move: Assist
|-status|p2a: Tyranitar|slp|[from] move: Spore
|cant|p2a: Tyranitar|slp
|
|-weather|Sandstorm|[upkeep]
|-damage|p1a: Weavile|94/100|[from] Sandstorm
|-heal|p1a: Weavile|100/100|[from] item: Leftovers
|upkeep
|turn|4
|
|t:|1662780956
|switch|p1a: Breloom|Breloom, F|100/100
|cant|p2a: Tyranitar|slp
|
|-weather|Sandstorm|[upkeep]
|-damage|p1a: Breloom|94/100|[from] Sandstorm
|-status|p1a: Breloom|tox|[from] item: Toxic Orb
|upkeep
|turn|5
|c| IAmJklol|oh its that type..
|
|t:|1662780960
|switch|p2a: Gothitelle|Gothitelle, F|100/100
|-singleturn|p1a: Breloom|move: Focus Punch
|move|p1a: Breloom|Focus Punch|p2a: Gothitelle
|-resisted|p2a: Gothitelle
|-damage|p2a: Gothitelle|68/100
|
|-weather|Sandstorm|[upkeep]
|-damage|p1a: Breloom|88/100 tox|[from] Sandstorm
|-damage|p2a: Gothitelle|62/100|[from] Sandstorm
|-heal|p2a: Gothitelle|68/100|[from] item: Leftovers
|-heal|p1a: Breloom|100/100 tox|[from] ability: Poison Heal
|upkeep
|turn|6
|
|t:|1662780963
|move|p1a: Breloom|Spore|p2a: Gothitelle
|-status|p2a: Gothitelle|slp|[from] move: Spore
|cant|p2a: Gothitelle|slp
|
|-weather|Sandstorm|[upkeep]
|-damage|p1a: Breloom|94/100 tox|[from] Sandstorm
|-damage|p2a: Gothitelle|62/100 slp|[from] Sandstorm
|-heal|p2a: Gothitelle|68/100 slp|[from] item: Leftovers
|-heal|p1a: Breloom|100/100 tox|[from] ability: Poison Heal
|upkeep
|turn|7
|
|t:|1662780965
|-singleturn|p1a: Breloom|move: Focus Punch
|cant|p2a: Gothitelle|slp
|move|p1a: Breloom|Focus Punch|p2a: Gothitelle
|-resisted|p2a: Gothitelle
|-damage|p2a: Gothitelle|36/100 slp
|
|-weather|none
|-heal|p2a: Gothitelle|42/100 slp|[from] item: Leftovers
|upkeep
|turn|8
|
|t:|1662780967
|-singleturn|p1a: Breloom|move: Focus Punch
|-curestatus|p2a: Gothitelle|slp|[msg]
|move|p2a: Gothitelle|Charm|p1a: Breloom
|-unboost|p1a: Breloom|atk|2
|move|p1a: Breloom|Focus Punch|p2a: Gothitelle
|-resisted|p2a: Gothitelle
|-damage|p2a: Gothitelle|25/100
|
|-heal|p2a: Gothitelle|31/100|[from] item: Leftovers
|upkeep
|turn|9
|
|t:|1662780970
|move|p1a: Breloom|Spore|p2a: Gothitelle
|-status|p2a: Gothitelle|slp|[from] move: Spore
|cant|p2a: Gothitelle|slp
|
|-heal|p2a: Gothitelle|37/100 slp|[from] item: Leftovers
|upkeep
|turn|10
|
|t:|1662780971
|-singleturn|p1a: Breloom|move: Focus Punch
|-curestatus|p2a: Gothitelle|slp|[msg]
|move|p2a: Gothitelle|Rest|p2a: Gothitelle
|-status|p2a: Gothitelle|slp|[from] move: Rest
|-heal|p2a: Gothitelle|100/100 slp|[silent]
|move|p1a: Breloom|Focus Punch|p2a: Gothitelle
|-resisted|p2a: Gothitelle
|-damage|p2a: Gothitelle|83/100 slp
|
|-heal|p2a: Gothitelle|89/100 slp|[from] item: Leftovers
|upkeep
|turn|11
|
|t:|1662780975
|-singleturn|p1a: Breloom|move: Focus Punch
|cant|p2a: Gothitelle|slp
|move|p1a: Breloom|Focus Punch|p2a: Gothitelle
|-resisted|p2a: Gothitelle
|-damage|p2a: Gothitelle|72/100 slp
|
|-heal|p2a: Gothitelle|78/100 slp|[from] item: Leftovers
|upkeep
|turn|12
|
|t:|1662780977
|-singleturn|p1a: Breloom|move: Focus Punch
|cant|p2a: Gothitelle|slp
|move|p1a: Breloom|Focus Punch|p2a: Gothitelle
|-resisted|p2a: Gothitelle
|-damage|p2a: Gothitelle|62/100 slp
|
|-heal|p2a: Gothitelle|68/100 slp|[from] item: Leftovers
|upkeep
|turn|13
|
|t:|1662780978
|-singleturn|p1a: Breloom|move: Focus Punch
|-curestatus|p2a: Gothitelle|slp|[msg]
|move|p2a: Gothitelle|Taunt|p1a: Breloom
|-start|p1a: Breloom|move: Taunt
|move|p1a: Breloom|Focus Punch|p2a: Gothitelle
|-resisted|p2a: Gothitelle
|-damage|p2a: Gothitelle|51/100
|
|-heal|p2a: Gothitelle|57/100|[from] item: Leftovers
|upkeep
|turn|14
|
|t:|1662780979
|-singleturn|p1a: Breloom|move: Focus Punch
|move|p2a: Gothitelle|Charm|p1a: Breloom
|-unboost|p1a: Breloom|atk|2
|move|p1a: Breloom|Focus Punch|p2a: Gothitelle
|-resisted|p2a: Gothitelle
|-damage|p2a: Gothitelle|45/100
|
|-heal|p2a: Gothitelle|51/100|[from] item: Leftovers
|upkeep
|turn|15
|
|t:|1662780982
|-singleturn|p1a: Breloom|move: Focus Punch
|move|p2a: Gothitelle|Rest|p2a: Gothitelle
|-status|p2a: Gothitelle|slp|[from] move: Rest
|-heal|p2a: Gothitelle|100/100 slp|[silent]
|move|p1a: Breloom|Focus Punch|p2a: Gothitelle
|-resisted|p2a: Gothitelle
|-damage|p2a: Gothitelle|88/100 slp
|
|-heal|p2a: Gothitelle|94/100 slp|[from] item: Leftovers
|-end|p1a: Breloom|move: Taunt
|upkeep
|turn|16
|
|t:|1662780985
|-singleturn|p1a: Breloom|move: Focus Punch
|cant|p2a: Gothitelle|slp
|move|p1a: Breloom|Focus Punch|p2a: Gothitelle
|-resisted|p2a: Gothitelle
|-damage|p2a: Gothitelle|83/100 slp
|
|-heal|p2a: Gothitelle|89/100 slp|[from] item: Leftovers
|upkeep
|turn|17
|
|t:|1662780986
|-singleturn|p1a: Breloom|move: Focus Punch
|cant|p2a: Gothitelle|slp
|move|p1a: Breloom|Focus Punch|p2a: Gothitelle
|-resisted|p2a: Gothitelle
|-damage|p2a: Gothitelle|77/100 slp
|
|-heal|p2a: Gothitelle|83/100 slp|[from] item: Leftovers
|upkeep
|turn|18
|
|t:|1662780987
|-singleturn|p1a: Breloom|move: Focus Punch
|-curestatus|p2a: Gothitelle|slp|[msg]
|move|p2a: Gothitelle|Taunt|p1a: Breloom
|-start|p1a: Breloom|move: Taunt
|move|p1a: Breloom|Focus Punch|p2a: Gothitelle
|-resisted|p2a: Gothitelle
|-damage|p2a: Gothitelle|73/100
|
|-heal|p2a: Gothitelle|79/100|[from] item: Leftovers
|upkeep
|turn|19
|
|t:|1662780989
|-singleturn|p1a: Breloom|move: Focus Punch
|move|p2a: Gothitelle|Cosmic Power|p2a: Gothitelle
|-boost|p2a: Gothitelle|def|1
|-boost|p2a: Gothitelle|spd|1
|move|p1a: Breloom|Focus Punch|p2a: Gothitelle
|-resisted|p2a: Gothitelle
|-damage|p2a: Gothitelle|71/100
|
|-heal|p2a: Gothitelle|77/100|[from] item: Leftovers
|upkeep
|turn|20
|
|t:|1662780990
|-singleturn|p1a: Breloom|move: Focus Punch
|move|p2a: Gothitelle|Cosmic Power|p2a: Gothitelle
|-boost|p2a: Gothitelle|def|1
|-boost|p2a: Gothitelle|spd|1
|move|p1a: Breloom|Focus Punch|p2a: Gothitelle
|-resisted|p2a: Gothitelle
|-damage|p2a: Gothitelle|71/100
|
|-heal|p2a: Gothitelle|77/100|[from] item: Leftovers
|-end|p1a: Breloom|move: Taunt
|upkeep
|turn|21
|
|t:|1662780991
|-singleturn|p1a: Breloom|move: Focus Punch
|move|p2a: Gothitelle|Taunt|p1a: Breloom
|-start|p1a: Breloom|move: Taunt
|move|p1a: Breloom|Focus Punch|p2a: Gothitelle
|-resisted|p2a: Gothitelle
|-damage|p2a: Gothitelle|71/100
|
|-heal|p2a: Gothitelle|78/100|[from] item: Leftovers
|upkeep
|turn|22
|
|t:|1662780993
|-singleturn|p1a: Breloom|move: Focus Punch
|move|p2a: Gothitelle|Cosmic Power|p2a: Gothitelle
|-boost|p2a: Gothitelle|def|1
|-boost|p2a: Gothitelle|spd|1
|move|p1a: Breloom|Focus Punch|p2a: Gothitelle
|-resisted|p2a: Gothitelle
|-damage|p2a: Gothitelle|73/100
|
|-heal|p2a: Gothitelle|79/100|[from] item: Leftovers
|upkeep
|turn|23
|
|t:|1662780994
|-singleturn|p1a: Breloom|move: Focus Punch
|move|p2a: Gothitelle|Cosmic Power|p2a: Gothitelle
|-boost|p2a: Gothitelle|def|1
|-boost|p2a: Gothitelle|spd|1
|move|p1a: Breloom|Focus Punch|p2a: Gothitelle
|-resisted|p2a: Gothitelle
|-damage|p2a: Gothitelle|75/100
|
|-heal|p2a: Gothitelle|81/100|[from] item: Leftovers
|-end|p1a: Breloom|move: Taunt
|upkeep
|turn|24
|
|t:|1662780996
|-singleturn|p1a: Breloom|move: Focus Punch
|move|p2a: Gothitelle|Taunt|p1a: Breloom
|-start|p1a: Breloom|move: Taunt
|move|p1a: Breloom|Focus Punch|p2a: Gothitelle
|-resisted|p2a: Gothitelle
|-damage|p2a: Gothitelle|77/100
|
|-heal|p2a: Gothitelle|83/100|[from] item: Leftovers
|upkeep
|turn|25
|
|t:|1662780997
|-singleturn|p1a: Breloom|move: Focus Punch
|move|p2a: Gothitelle|Cosmic Power|p2a: Gothitelle
|-boost|p2a: Gothitelle|def|1
|-boost|p2a: Gothitelle|spd|1
|move|p1a: Breloom|Focus Punch|p2a: Gothitelle
|-resisted|p2a: Gothitelle
|-damage|p2a: Gothitelle|80/100
|
|-heal|p2a: Gothitelle|86/100|[from] item: Leftovers
|upkeep
|turn|26
|
|t:|1662780999
|-singleturn|p1a: Breloom|move: Focus Punch
|move|p2a: Gothitelle|Cosmic Power|p2a: Gothitelle
|-boost|p2a: Gothitelle|def|1
|-boost|p2a: Gothitelle|spd|1
|move|p1a: Breloom|Focus Punch|p2a: Gothitelle
|-resisted|p2a: Gothitelle
|-damage|p2a: Gothitelle|83/100
|
|-heal|p2a: Gothitelle|89/100|[from] item: Leftovers
|-end|p1a: Breloom|move: Taunt
|upkeep
|turn|27
|
|t:|1662781000
|-singleturn|p1a: Breloom|move: Focus Punch
|move|p2a: Gothitelle|Taunt|p1a: Breloom
|-start|p1a: Breloom|move: Taunt
|move|p1a: Breloom|Focus Punch|p2a: Gothitelle
|-resisted|p2a: Gothitelle
|-damage|p2a: Gothitelle|87/100
|
|-heal|p2a: Gothitelle|93/100|[from] item: Leftovers
|upkeep
|turn|28
|
|t:|1662781001
|-singleturn|p1a: Breloom|move: Focus Punch
|move|p2a: Gothitelle|Charm|p1a: Breloom
|-unboost|p1a: Breloom|atk|2
|move|p1a: Breloom|Focus Punch|p2a: Gothitelle
|-resisted|p2a: Gothitelle
|-damage|p2a: Gothitelle|90/100
|
|-heal|p2a: Gothitelle|96/100|[from] item: Leftovers
|upkeep
|turn|29
|
|t:|1662781003
|-singleturn|p1a: Breloom|move: Focus Punch
|move|p2a: Gothitelle|Cosmic Power|p2a: Gothitelle
|-boost|p2a: Gothitelle|def|0
|-boost|p2a: Gothitelle|spd|0
|move|p1a: Breloom|Focus Punch|p2a: Gothitelle
|-resisted|p2a: Gothitelle
|-crit|p2a: Gothitelle
|-damage|p2a: Gothitelle|44/100
|
|-heal|p2a: Gothitelle|50/100|[from] item: Leftovers
|-end|p1a: Breloom|move: Taunt
|upkeep
|turn|30
|
|t:|1662781005
|move|p1a: Breloom|Spore|p2a: Gothitelle
|-status|p2a: Gothitelle|slp|[from] move: Spore
|cant|p2a: Gothitelle|slp
|
|-heal|p2a: Gothitelle|57/100 slp|[from] item: Leftovers
|upkeep
|turn|31
|
|t:|1662781007
|-singleturn|p1a: Breloom|move: Focus Punch
|cant|p2a: Gothitelle|slp
|move|p1a: Breloom|Focus Punch|p2a: Gothitelle
|-resisted|p2a: Gothitelle
|-damage|p2a: Gothitelle|54/100 slp
|
|-heal|p2a: Gothitelle|60/100 slp|[from] item: Leftovers
|upkeep
|turn|32
|
|t:|1662781008
|-singleturn|p1a: Breloom|move: Focus Punch
|cant|p2a: Gothitelle|slp
|move|p1a: Breloom|Focus Punch|p2a: Gothitelle
|-resisted|p2a: Gothitelle
|-damage|p2a: Gothitelle|58/100 slp
|
|-heal|p2a: Gothitelle|64/100 slp|[from] item: Leftovers
|upkeep
|turn|33
|
|t:|1662781009
|-singleturn|p1a: Breloom|move: Focus Punch
|-curestatus|p2a: Gothitelle|slp|[msg]
|move|p2a: Gothitelle|Rest|p2a: Gothitelle
|-status|p2a: Gothitelle|slp|[from] move: Rest
|-heal|p2a: Gothitelle|100/100 slp|[silent]
|move|p1a: Breloom|Focus Punch|p2a: Gothitelle
|-resisted|p2a: Gothitelle
|-damage|p2a: Gothitelle|98/100 slp
|
|-heal|p2a: Gothitelle|100/100 slp|[from] item: Leftovers
|upkeep
|turn|34
|
|t:|1662781010
|-singleturn|p1a: Breloom|move: Focus Punch
|cant|p2a: Gothitelle|slp
|move|p1a: Breloom|Focus Punch|p2a: Gothitelle
|-resisted|p2a: Gothitelle
|-damage|p2a: Gothitelle|98/100 slp
|
|-heal|p2a: Gothitelle|100/100 slp|[from] item: Leftovers
|upkeep
|turn|35
|
|t:|1662781011
|-singleturn|p1a: Breloom|move: Focus Punch
|cant|p2a: Gothitelle|slp
|move|p1a: Breloom|Focus Punch|p2a: Gothitelle
|-resisted|p2a: Gothitelle
|-damage|p2a: Gothitelle|98/100 slp
|
|-heal|p2a: Gothitelle|100/100 slp|[from] item: Leftovers
|upkeep
|turn|36
|
|t:|1662781012
|-singleturn|p1a: Breloom|move: Focus Punch
|-curestatus|p2a: Gothitelle|slp|[msg]
|move|p2a: Gothitelle|Taunt|p1a: Breloom
|-start|p1a: Breloom|move: Taunt
|move|p1a: Breloom|Focus Punch|p2a: Gothitelle
|-resisted|p2a: Gothitelle
|-crit|p2a: Gothitelle
|-damage|p2a: Gothitelle|53/100
|
|-heal|p2a: Gothitelle|59/100|[from] item: Leftovers
|upkeep
|turn|37
|
|t:|1662781015
|-singleturn|p1a: Breloom|move: Focus Punch
|move|p2a: Gothitelle|Taunt||[still]
|-fail|p2a: Gothitelle
|move|p1a: Breloom|Focus Punch|p2a: Gothitelle
|-resisted|p2a: Gothitelle
|-damage|p2a: Gothitelle|57/100
|
|-heal|p2a: Gothitelle|63/100|[from] item: Leftovers
|upkeep
|turn|38
|
|t:|1662781016
|-singleturn|p1a: Breloom|move: Focus Punch
|move|p2a: Gothitelle|Rest|p2a: Gothitelle
|-status|p2a: Gothitelle|slp|[from] move: Rest
|-heal|p2a: Gothitelle|100/100 slp|[silent]
|move|p1a: Breloom|Focus Punch|p2a: Gothitelle
|-resisted|p2a: Gothitelle
|-damage|p2a: Gothitelle|98/100 slp
|
|-heal|p2a: Gothitelle|100/100 slp|[from] item: Leftovers
|-end|p1a: Breloom|move: Taunt
|upkeep
|turn|39
|
|t:|1662781019
|-singleturn|p1a: Breloom|move: Focus Punch
|cant|p2a: Gothitelle|slp
|move|p1a: Breloom|Focus Punch|p2a: Gothitelle
|-resisted|p2a: Gothitelle
|-damage|p2a: Gothitelle|98/100 slp
|
|-heal|p2a: Gothitelle|100/100 slp|[from] item: Leftovers
|upkeep
|turn|40
|
|t:|1662781020
|move|p1a: Breloom|Feint|p2a: Gothitelle
|-damage|p2a: Gothitelle|99/100 slp
|cant|p2a: Gothitelle|slp
|
|-heal|p2a: Gothitelle|100/100 slp|[from] item: Leftovers
|upkeep
|turn|41
|
|t:|1662781022
|move|p1a: Breloom|Feint|p2a: Gothitelle
|-damage|p2a: Gothitelle|99/100 slp
|-curestatus|p2a: Gothitelle|slp|[msg]
|move|p2a: Gothitelle|Taunt|p1a: Breloom
|-start|p1a: Breloom|move: Taunt
|
|-heal|p2a: Gothitelle|100/100|[from] item: Leftovers
|upkeep
|turn|42
|
|t:|1662781023
|move|p1a: Breloom|Feint|p2a: Gothitelle
|-damage|p2a: Gothitelle|99/100
|move|p2a: Gothitelle|Taunt||[still]
|-fail|p2a: Gothitelle
|
|-heal|p2a: Gothitelle|100/100|[from] item: Leftovers
|upkeep
|turn|43
|
|t:|1662781027
|move|p1a: Breloom|Feint|p2a: Gothitelle
|-damage|p2a: Gothitelle|99/100
|move|p2a: Gothitelle|Rest|p2a: Gothitelle
|-status|p2a: Gothitelle|slp|[from] move: Rest
|-heal|p2a: Gothitelle|100/100 slp|[silent]
|
|upkeep
|turn|44
|
|t:|1662781028
|move|p1a: Breloom|Feint|p2a: Gothitelle
|-damage|p2a: Gothitelle|99/100 slp
|cant|p2a: Gothitelle|slp
|
|-heal|p2a: Gothitelle|100/100 slp|[from] item: Leftovers
|-end|p1a: Breloom|move: Taunt
|upkeep
|turn|45
|
|t:|1662781030
|move|p1a: Breloom|Feint|p2a: Gothitelle
|-damage|p2a: Gothitelle|99/100 slp
|cant|p2a: Gothitelle|slp
|
|-heal|p2a: Gothitelle|100/100 slp|[from] item: Leftovers
|upkeep
|turn|46
|
|t:|1662781031
|move|p1a: Breloom|Feint|p2a: Gothitelle
|-damage|p2a: Gothitelle|99/100 slp
|-curestatus|p2a: Gothitelle|slp|[msg]
|move|p2a: Gothitelle|Taunt|p1a: Breloom
|-start|p1a: Breloom|move: Taunt
|
|-heal|p2a: Gothitelle|100/100|[from] item: Leftovers
|upkeep
|turn|47
|
|t:|1662781033
|move|p1a: Breloom|Feint|p2a: Gothitelle
|-damage|p2a: Gothitelle|99/100
|move|p2a: Gothitelle|Taunt||[still]
|-fail|p2a: Gothitelle
|
|-heal|p2a: Gothitelle|100/100|[from] item: Leftovers
|upkeep
|turn|48
|
|t:|1662781034
|move|p1a: Breloom|Feint|p2a: Gothitelle
|-damage|p2a: Gothitelle|99/100
|move|p2a: Gothitelle|Rest|p2a: Gothitelle
|-status|p2a: Gothitelle|slp|[from] move: Rest
|-heal|p2a: Gothitelle|100/100 slp|[silent]
|
|upkeep
|turn|49
|
|t:|1662781036
|move|p1a: Breloom|Feint|p2a: Gothitelle
|-damage|p2a: Gothitelle|99/100 slp
|cant|p2a: Gothitelle|slp
|
|-heal|p2a: Gothitelle|100/100 slp|[from] item: Leftovers
|-end|p1a: Breloom|move: Taunt
|upkeep
|turn|50
|
|t:|1662781038
|move|p1a: Breloom|Feint|p2a: Gothitelle
|-damage|p2a: Gothitelle|99/100 slp
|cant|p2a: Gothitelle|slp
|
|-heal|p2a: Gothitelle|100/100 slp|[from] item: Leftovers
|upkeep
|turn|51
|
|t:|1662781039
|move|p1a: Breloom|Feint|p2a: Gothitelle
|-damage|p2a: Gothitelle|99/100 slp
|-curestatus|p2a: Gothitelle|slp|[msg]
|move|p2a: Gothitelle|Taunt|p1a: Breloom
|-start|p1a: Breloom|move: Taunt
|
|-heal|p2a: Gothitelle|100/100|[from] item: Leftovers
|upkeep
|turn|52
|
|t:|1662781040
|move|p1a: Breloom|Feint|p2a: Gothitelle
|-damage|p2a: Gothitelle|99/100
|move|p2a: Gothitelle|Charm|p1a: Breloom
|-unboost|p1a: Breloom|atk|0
|
|-heal|p2a: Gothitelle|100/100|[from] item: Leftovers
|upkeep
|turn|53
|
|t:|1662781042
|move|p1a: Breloom|Feint|p2a: Gothitelle
|-damage|p2a: Gothitelle|99/100
|move|p2a: Gothitelle|Charm|p1a: Breloom
|-unboost|p1a: Breloom|atk|0
|
|-heal|p2a: Gothitelle|100/100|[from] item: Leftovers
|upkeep
|turn|54
|
|t:|1662781043
|move|p1a: Breloom|Feint|p2a: Gothitelle
|-damage|p2a: Gothitelle|99/100
|move|p2a: Gothitelle|Charm|p1a: Breloom
|-unboost|p1a: Breloom|atk|0
|
|-heal|p2a: Gothitelle|100/100|[from] item: Leftovers
|-end|p1a: Breloom|move: Taunt
|upkeep
|turn|55
|
|t:|1662781045
|move|p1a: Breloom|Feint|p2a: Gothitelle
|-damage|p2a: Gothitelle|99/100
|move|p2a: Gothitelle|Taunt|p1a: Breloom
|-start|p1a: Breloom|move: Taunt
|
|-heal|p2a: Gothitelle|100/100|[from] item: Leftovers
|upkeep
|turn|56
|
|t:|1662781047
|-activate|p1a: Breloom|move: Struggle
|move|p1a: Breloom|Struggle|p2a: Gothitelle
|-damage|p2a: Gothitelle|99/100
|-damage|p1a: Breloom|76/100 tox|[from] recoil
|move|p2a: Gothitelle|Charm|p1a: Breloom
|-unboost|p1a: Breloom|atk|0
|
|-heal|p2a: Gothitelle|100/100|[from] item: Leftovers
|-heal|p1a: Breloom|88/100 tox|[from] ability: Poison Heal
|upkeep
|turn|57
|
|t:|1662781048
|-activate|p1a: Breloom|move: Struggle
|move|p1a: Breloom|Struggle|p2a: Gothitelle
|-damage|p2a: Gothitelle|99/100
|-damage|p1a: Breloom|63/100 tox|[from] recoil
|move|p2a: Gothitelle|Cosmic Power|p2a: Gothitelle
|-boost|p2a: Gothitelle|def|0
|-boost|p2a: Gothitelle|spd|0
|
|-heal|p2a: Gothitelle|100/100|[from] item: Leftovers
|-heal|p1a: Breloom|75/100 tox|[from] ability: Poison Heal
|upkeep
|turn|58
|
|t:|1662781050
|-activate|p1a: Breloom|move: Struggle
|move|p1a: Breloom|Struggle|p2a: Gothitelle
|-damage|p2a: Gothitelle|99/100
|-damage|p1a: Breloom|50/100 tox|[from] recoil
|move|p2a: Gothitelle|Charm|p1a: Breloom
|-unboost|p1a: Breloom|atk|0
|
|-heal|p2a: Gothitelle|100/100|[from] item: Leftovers
|-heal|p1a: Breloom|63/100 tox|[from] ability: Poison Heal
|-end|p1a: Breloom|move: Taunt
|upkeep
|turn|59
|
|t:|1662781052
|move|p1a: Breloom|Protect|p1a: Breloom
|-singleturn|p1a: Breloom|Protect
|move|p2a: Gothitelle|Taunt|p1a: Breloom
|-activate|p1a: Breloom|move: Protect
|
|-heal|p1a: Breloom|75/100 tox|[from] ability: Poison Heal
|upkeep
|turn|60
|
|t:|1662781058
|switch|p2a: Ditto|Ditto|100/100
|-transform|p2a: Ditto|p1a: Breloom|[from] ability: Imposter
|move|p1a: Breloom|Spore|p2a: Ditto
|-immune|p2a: Ditto
|
|-heal|p1a: Breloom|87/100 tox|[from] ability: Poison Heal
|upkeep
|turn|61
|
|t:|1662781062
|move|p1a: Breloom|Protect|p1a: Breloom
|-singleturn|p1a: Breloom|Protect
|move|p2a: Ditto|Spore|p1a: Breloom
|-activate|p1a: Breloom|move: Protect
|
|-heal|p1a: Breloom|99/100 tox|[from] ability: Poison Heal
|upkeep
|turn|62
|
|t:|1662781065
|move|p2a: Ditto|Spore|p1a: Breloom
|-immune|p1a: Breloom
|move|p1a: Breloom|Spore|p2a: Ditto
|-immune|p2a: Ditto
|
|-heal|p1a: Breloom|100/100 tox|[from] ability: Poison Heal
|upkeep
|turn|63
|
|t:|1662781067
|move|p2a: Ditto|Spore|p1a: Breloom
|-immune|p1a: Breloom
|move|p1a: Breloom|Spore|p2a: Ditto
|-immune|p2a: Ditto
|
|upkeep
|turn|64
|
|t:|1662781069
|switch|p2a: Venusaur|Venusaur, F|100/100
|move|p1a: Breloom|Spore|p2a: Venusaur
|-immune|p2a: Venusaur
|
|upkeep
|turn|65
|
|t:|1662781072
|detailschange|p2a: Venusaur|Venusaur-Mega, F
|-mega|p2a: Venusaur|Venusaur|Venusaurite
|move|p1a: Breloom|Protect|p1a: Breloom
|-singleturn|p1a: Breloom|Protect
|move|p2a: Venusaur|Grass Knot|p1a: Breloom
|-activate|p1a: Breloom|move: Protect
|
|upkeep
|turn|66
|
|t:|1662781076
|move|p1a: Breloom|Spore|p2a: Venusaur
|-immune|p2a: Venusaur
|move|p2a: Venusaur|Leech Seed|p1a: Breloom
|-immune|p1a: Breloom
|
|upkeep
|turn|67
|
|t:|1662781080
|move|p1a: Breloom|Protect|p1a: Breloom
|-singleturn|p1a: Breloom|Protect
|move|p2a: Venusaur|Grass Knot|p1a: Breloom
|-activate|p1a: Breloom|move: Protect
|
|upkeep
|turn|68
|
|t:|1662781089
|switch|p1a: Chatot|Chatot, M|100/100
|switch|p2a: Ditto|Ditto|100/100
|-transform|p2a: Ditto|p1a: Chatot|[from] ability: Imposter
|
|upkeep
|turn|69
|
|t:|1662781096
|move|p1a: Chatot|Protect|p1a: Chatot
|-singleturn|p1a: Chatot|Protect
|move|p2a: Ditto|Chatter|p1a: Chatot
|-activate|p1a: Chatot|move: Protect
|
|upkeep
|turn|70
|
|t:|1662781101
|move|p2a: Ditto|Chatter|p1a: Chatot
|-damage|p1a: Chatot|38/100
|-start|p1a: Chatot|confusion
|-activate|p1a: Chatot|confusion
|move|p1a: Chatot|Chatter|p2a: Ditto
|-damage|p2a: Ditto|24/100
|-start|p2a: Ditto|confusion
|
|upkeep
|turn|71
|
|t:|1662781110
|switch|p2a: Tyranitar|Tyranitar, M|100/100 slp
|-weather|Sandstorm|[from] ability: Sand Stream|[of] p2a: Tyranitar
|-activate|p1a: Chatot|confusion
|-damage|p1a: Chatot|27/100|[from] confusion
|
|-weather|Sandstorm|[upkeep]
|-damage|p1a: Chatot|21/100|[from] Sandstorm
|upkeep
|turn|72
|
|t:|1662781113
|switch|p1a: Breloom|Breloom, F|100/100 tox
|cant|p2a: Tyranitar|slp
|
|-weather|Sandstorm|[upkeep]
|-damage|p1a: Breloom|94/100 tox|[from] Sandstorm
|-heal|p1a: Breloom|100/100 tox|[from] ability: Poison Heal
|upkeep
|turn|73
|
|t:|1662781118
|switch|p1a: Ditto|Ditto|100/100
|-transform|p1a: Ditto|p2a: Tyranitar|[from] ability: Imposter
|-curestatus|p2a: Tyranitar|slp|[msg]
|move|p2a: Tyranitar|Stealth Rock|p1a: Ditto
|-sidestart|p1: iroeweuio|move: Stealth Rock
|
|-weather|Sandstorm|[upkeep]
|upkeep
|turn|74
|
|t:|1662781121
|switch|p2a: Venusaur|Venusaur-Mega, F|100/100
|move|p1a: Ditto|Stealth Rock|p2a: Venusaur
|-sidestart|p2: lemoncell0|move: Stealth Rock
|
|-weather|Sandstorm|[upkeep]
|-damage|p2a: Venusaur|94/100|[from] Sandstorm
|upkeep
|turn|75
|
|t:|1662781125
|switch|p1a: Chatot|Chatot, M|21/100
|-damage|p1a: Chatot|0 fnt|[from] Stealth Rock
|faint|p1a: Chatot
|move|p2a: Venusaur|Leech Seed|p1: Chatot|[notarget]
|-fail|p2a: Venusaur
|
|-weather|none
|upkeep
|
|t:|1662781130
|switch|p1a: Weavile|Weavile, F|100/100
|-damage|p1a: Weavile|76/100|[from] Stealth Rock
|-ability|p1a: Weavile|Pressure
|turn|76
|
|t:|1662781137
|switch|p2a: Tyranitar|Tyranitar, M|100/100
|-damage|p2a: Tyranitar|88/100|[from] Stealth Rock
|-weather|Sandstorm|[from] ability: Sand Stream|[of] p2a: Tyranitar
|move|p1a: Weavile|Substitute|p1a: Weavile
|-start|p1a: Weavile|Substitute
|-damage|p1a: Weavile|51/100
|
|-weather|Sandstorm|[upkeep]
|-damage|p1a: Weavile|45/100|[from] Sandstorm
|-heal|p1a: Weavile|51/100|[from] item: Leftovers
|-heal|p2a: Tyranitar|94/100|[from] item: Leftovers
|upkeep
|turn|77
|
|t:|1662781140
|move|p1a: Weavile|Assist|p1a: Weavile
|move|p1a: Weavile|Spore|p2a: Tyranitar|[from]move: Assist
|-status|p2a: Tyranitar|slp|[from] move: Spore
|cant|p2a: Tyranitar|slp
|
|-weather|Sandstorm|[upkeep]
|-damage|p1a: Weavile|45/100|[from] Sandstorm
|-heal|p1a: Weavile|51/100|[from] item: Leftovers
|-heal|p2a: Tyranitar|100/100 slp|[from] item: Leftovers
|upkeep
|turn|78
|
|t:|1662781143
|move|p1a: Weavile|Swords Dance|p1a: Weavile
|-boost|p1a: Weavile|atk|2
|-curestatus|p2a: Tyranitar|slp|[msg]
|move|p2a: Tyranitar|Roar|p1a: Weavile
|drag|p1a: Giratina|Giratina-Origin|100/100
|-damage|p1a: Giratina|88/100|[from] Stealth Rock
|
|-weather|Sandstorm|[upkeep]
|-damage|p1a: Giratina|82/100|[from] Sandstorm
|upkeep
|turn|79
|
|t:|1662781147
|switch|p2a: Venusaur|Venusaur-Mega, F|94/100
|-damage|p2a: Venusaur|82/100|[from] Stealth Rock
|move|p1a: Giratina|Dragon Tail|p2a: Venusaur
|-damage|p2a: Venusaur|58/100
|drag|p2a: Gothitelle|Gothitelle, F|100/100
|-damage|p2a: Gothitelle|88/100|[from] Stealth Rock
|
|-weather|Sandstorm|[upkeep]
|-damage|p1a: Giratina|76/100|[from] Sandstorm
|-damage|p2a: Gothitelle|82/100|[from] Sandstorm
|-heal|p2a: Gothitelle|88/100|[from] item: Leftovers
|upkeep
|turn|80
|
|t:|1662781154
|move|p1a: Giratina|Shadow Force||[still]
|-prepare|p1a: Giratina|Shadow Force
|move|p2a: Gothitelle|Charm|p1a: Giratina|[miss]
|-miss|p2a: Gothitelle|p1a: Giratina
|
|-weather|none
|-heal|p2a: Gothitelle|94/100|[from] item: Leftovers
|upkeep
|turn|81
|
|t:|1662781157
|switch|p2a: Quagsire|Quagsire, F|100/100
|-damage|p2a: Quagsire|94/100|[from] Stealth Rock
|move|p1a: Giratina|Shadow Force|p2a: Quagsire|[from]lockedmove
|-damage|p2a: Quagsire|42/100
|-damage|p1a: Giratina|59/100|[from] item: Rocky Helmet|[of] p2a: Quagsire
|
|upkeep
|turn|82
|
|t:|1662781160
|-start|p1a: Giratina|Dynamax|
|-heal|p1a: Giratina|59/100|[silent]
|move|p1a: Giratina|Max Phantasm|p2a: Quagsire
|-damage|p2a: Quagsire|0 fnt
|faint|p2a: Quagsire
|
|upkeep
|
|t:|1662781165
|switch|p2a: Ditto|Ditto|24/100
|-damage|p2a: Ditto|12/100|[from] Stealth Rock
|-transform|p2a: Ditto|p1a: Giratina|[from] ability: Imposter
|turn|83
|
|t:|1662781170
|move|p1a: Giratina|Max Guard|p1a: Giratina
|-singleturn|p1a: Giratina|Max Guard
|move|p2a: Ditto|Destiny Bond|p2a: Ditto
|-singlemove|p2a: Ditto|Destiny Bond
|
|upkeep
|turn|84
|
|t:|1662781178
|-start|p2a: Ditto|Dynamax|
|-heal|p2a: Ditto|12/100|[silent]
|move|p1a: Giratina|Max Phantasm|p2a: Ditto
|-supereffective|p2a: Ditto
|-damage|p2a: Ditto|0 fnt
|faint|p2a: Ditto
|-hint|Dynamaxed Pokémon are immune to Destiny Bond.
|
|upkeep
|
|t:|1662781184
|switch|p2a: Tyranitar|Tyranitar, M|100/100
|-damage|p2a: Tyranitar|88/100|[from] Stealth Rock
|-weather|Sandstorm|[from] ability: Sand Stream|[of] p2a: Tyranitar
|-end|p1a: Giratina|Dynamax
|-heal|p1a: Giratina|59/100|[silent]
|turn|85
|
|t:|1662781187
|move|p1a: Giratina|Destiny Bond|p1a: Giratina
|-singlemove|p1a: Giratina|Destiny Bond
|move|p2a: Tyranitar|Pursuit|p1a: Giratina
|-supereffective|p1a: Giratina
|-damage|p1a: Giratina|32/100
|
|-weather|Sandstorm|[upkeep]
|-damage|p1a: Giratina|26/100|[from] Sandstorm
|-heal|p2a: Tyranitar|94/100|[from] item: Leftovers
|upkeep
|turn|86
|
|t:|1662781189
|move|p2a: Tyranitar|Rock Blast|p1a: Giratina
|-damage|p1a: Giratina|18/100
|-damage|p1a: Giratina|8/100
|-hitcount|p1a: Giratina|2
|move|p1a: Giratina|Dragon Tail|p2a: Tyranitar
|-damage|p2a: Tyranitar|64/100
|drag|p2a: Venusaur|Venusaur-Mega, F|58/100
|-damage|p2a: Venusaur|46/100|[from] Stealth Rock
|
|-weather|Sandstorm|[upkeep]
|-damage|p1a: Giratina|2/100|[from] Sandstorm
|-damage|p2a: Venusaur|40/100|[from] Sandstorm
|upkeep
|turn|87
|
|t:|1662781197
|move|p1a: Giratina|Destiny Bond|p1a: Giratina
|-singlemove|p1a: Giratina|Destiny Bond
|move|p2a: Venusaur|Grass Knot|p1a: Giratina
|-resisted|p1a: Giratina
|-damage|p1a: Giratina|0 fnt
|faint|p1a: Giratina
|-activate|p1a: Giratina|move: Destiny Bond
|faint|p2a: Venusaur
|
|-weather|Sandstorm|[upkeep]
|upkeep
|
|t:|1662781203
|switch|p1a: Weavile|Weavile, F|51/100
|switch|p2a: Tyranitar|Tyranitar, M|64/100
|-damage|p1a: Weavile|26/100|[from] Stealth Rock
|-ability|p1a: Weavile|Pressure
|-damage|p2a: Tyranitar|52/100|[from] Stealth Rock
|turn|88
|
|t:|1662781205
|move|p1a: Weavile|Assist|p1a: Weavile
|move|p1a: Weavile|Spore|p2a: Tyranitar|[from]move: Assist
|-status|p2a: Tyranitar|slp|[from] move: Spore
|cant|p2a: Tyranitar|slp
|
|-weather|Sandstorm|[upkeep]
|-damage|p1a: Weavile|20/100|[from] Sandstorm
|-heal|p1a: Weavile|26/100|[from] item: Leftovers
|-heal|p2a: Tyranitar|58/100 slp|[from] item: Leftovers
|upkeep
|turn|89
|
|t:|1662781207
|move|p1a: Weavile|Triple Axel|p2a: Tyranitar
|-damage|p2a: Tyranitar|50/100 slp
|-damage|p2a: Tyranitar|35/100 slp
|-damage|p2a: Tyranitar|10/100 slp
|-hitcount|p2a: Tyranitar|3
|-curestatus|p2a: Tyranitar|slp|[msg]
|move|p2a: Tyranitar|Rock Blast|p1a: Weavile
|-supereffective|p1a: Weavile
|-damage|p1a: Weavile|0 fnt
|faint|p1a: Weavile
|-hitcount|p1: Weavile|1
|
|-weather|none
|-heal|p2a: Tyranitar|16/100|[from] item: Leftovers
|upkeep
|
|t:|1662781211
|switch|p1a: Ditto|Ditto|100/100
|-damage|p1a: Ditto|88/100|[from] Stealth Rock
|-transform|p1a: Ditto|p2a: Tyranitar|[from] ability: Imposter
|-weather|Sandstorm|[from] ability: Sand Stream|[of] p1a: Ditto
|turn|90
|
|t:|1662781220
|move|p2a: Tyranitar|Rock Blast|p1a: Ditto
|-damage|p1a: Ditto|77/100
|-damage|p1a: Ditto|65/100
|-damage|p1a: Ditto|53/100
|-damage|p1a: Ditto|40/100
|-hitcount|p1a: Ditto|4
|move|p1a: Ditto|Roar|p2a: Tyranitar
|drag|p2a: Gothitelle|Gothitelle, F|94/100
|-damage|p2a: Gothitelle|82/100|[from] Stealth Rock
|
|-weather|Sandstorm|[upkeep]
|-damage|p2a: Gothitelle|75/100|[from] Sandstorm
|-heal|p2a: Gothitelle|82/100|[from] item: Leftovers
|upkeep
|turn|91
|
|t:|1662781225
|move|p2a: Gothitelle|Taunt|p1a: Ditto
|-start|p1a: Ditto|move: Taunt
|cant|p1a: Ditto|move: Taunt|Roar
|
|-weather|Sandstorm|[upkeep]
|-damage|p2a: Gothitelle|75/100|[from] Sandstorm
|-heal|p2a: Gothitelle|82/100|[from] item: Leftovers
|upkeep
|turn|92
|
|t:|1662781227
|-activate|p1a: Ditto|move: Struggle
|move|p1a: Ditto|Struggle|p2a: Gothitelle
|-damage|p2a: Gothitelle|71/100
|-damage|p1a: Ditto|15/100|[from] recoil
|move|p2a: Gothitelle|Cosmic Power|p2a: Gothitelle
|-boost|p2a: Gothitelle|def|1
|-boost|p2a: Gothitelle|spd|1
|
|-weather|Sandstorm|[upkeep]
|-damage|p2a: Gothitelle|64/100|[from] Sandstorm
|-heal|p2a: Gothitelle|71/100|[from] item: Leftovers
|upkeep
|turn|93
|
|t:|1662781229
|-activate|p1a: Ditto|move: Struggle
|move|p1a: Ditto|Struggle|p2a: Gothitelle
|-damage|p2a: Gothitelle|63/100
|-damage|p1a: Ditto|0 fnt|[from] recoil
|faint|p1a: Ditto
|move|p2a: Gothitelle|Cosmic Power|p2a: Gothitelle
|-boost|p2a: Gothitelle|def|1
|-boost|p2a: Gothitelle|spd|1
|
|-weather|Sandstorm|[upkeep]
|-damage|p2a: Gothitelle|57/100|[from] Sandstorm
|-heal|p2a: Gothitelle|63/100|[from] item: Leftovers
|upkeep
|
|t:|1662781230
|switch|p1a: Breloom|Breloom, F|100/100 tox
|-damage|p1a: Breloom|94/100 tox|[from] Stealth Rock
|turn|94
|
|t:|1662781232
|move|p1a: Breloom|Spore|p2a: Gothitelle
|-status|p2a: Gothitelle|slp|[from] move: Spore
|cant|p2a: Gothitelle|slp
|
|-weather|none
|-heal|p2a: Gothitelle|69/100 slp|[from] item: Leftovers
|-heal|p1a: Breloom|100/100 tox|[from] ability: Poison Heal
|upkeep
|turn|95
|
|t:|1662781234
|move|p1a: Breloom|Protect|p1a: Breloom
|-singleturn|p1a: Breloom|Protect
|cant|p2a: Gothitelle|slp
|
|-heal|p2a: Gothitelle|75/100 slp|[from] item: Leftovers
|upkeep
|turn|96
|c|☆iroeweuio|i made the wrong play lol
|
|t:|1662781240
|move|p1a: Breloom|Spore|p2a: Gothitelle
|-fail|p2a: Gothitelle|slp
|cant|p2a: Gothitelle|slp
|
|-heal|p2a: Gothitelle|81/100 slp|[from] item: Leftovers
|upkeep
|turn|97
|
|t:|1662781242
|move|p1a: Breloom|Spore|p2a: Gothitelle
|-fail|p2a: Gothitelle|slp
|-curestatus|p2a: Gothitelle|slp|[msg]
|move|p2a: Gothitelle|Taunt|p1a: Breloom
|-start|p1a: Breloom|move: Taunt
|
|-heal|p2a: Gothitelle|87/100|[from] item: Leftovers
|upkeep
|turn|98
|
|t:|1662781246
|-activate|p1a: Breloom|move: Struggle
|move|p1a: Breloom|Struggle|p2a: Gothitelle
|-damage|p2a: Gothitelle|80/100
|-damage|p1a: Breloom|76/100 tox|[from] recoil
|move|p2a: Gothitelle|Charm|p1a: Breloom
|-unboost|p1a: Breloom|atk|2
|
|-heal|p2a: Gothitelle|86/100|[from] item: Leftovers
|-heal|p1a: Breloom|88/100 tox|[from] ability: Poison Heal
|upkeep
|turn|99
|
|t:|1662781249
|-activate|p1a: Breloom|move: Struggle
|move|p1a: Breloom|Struggle|p2a: Gothitelle
|-damage|p2a: Gothitelle|82/100
|-damage|p1a: Breloom|63/100 tox|[from] recoil
|move|p2a: Gothitelle|Cosmic Power|p2a: Gothitelle
|-boost|p2a: Gothitelle|def|1
|-boost|p2a: Gothitelle|spd|1
|
|-heal|p2a: Gothitelle|88/100|[from] item: Leftovers
|-heal|p1a: Breloom|75/100 tox|[from] ability: Poison Heal
|upkeep
|turn|100
|
|t:|1662781251
|-activate|p1a: Breloom|move: Struggle
|move|p1a: Breloom|Struggle|p2a: Gothitelle
|-crit|p2a: Gothitelle
|-damage|p2a: Gothitelle|66/100
|-damage|p1a: Breloom|50/100 tox|[from] recoil
|move|p2a: Gothitelle|Cosmic Power|p2a: Gothitelle
|-boost|p2a: Gothitelle|def|1
|-boost|p2a: Gothitelle|spd|1
|
|-heal|p2a: Gothitelle|72/100|[from] item: Leftovers
|-heal|p1a: Breloom|63/100 tox|[from] ability: Poison Heal
|-end|p1a: Breloom|move: Taunt
|upkeep
|turn|101
|
|t:|1662781254
|move|p1a: Breloom|Spore|p2a: Gothitelle
|-status|p2a: Gothitelle|slp|[from] move: Spore
|cant|p2a: Gothitelle|slp
|
|-heal|p2a: Gothitelle|78/100 slp|[from] item: Leftovers
|-heal|p1a: Breloom|75/100 tox|[from] ability: Poison Heal
|upkeep
|turn|102
|
|t:|1662781257
|move|p1a: Breloom|Spore|p2a: Gothitelle
|-fail|p2a: Gothitelle|slp
|-curestatus|p2a: Gothitelle|slp|[msg]
|move|p2a: Gothitelle|Cosmic Power|p2a: Gothitelle
|-boost|p2a: Gothitelle|def|1
|-boost|p2a: Gothitelle|spd|1
|
|-heal|p2a: Gothitelle|85/100|[from] item: Leftovers
|-heal|p1a: Breloom|87/100 tox|[from] ability: Poison Heal
|upkeep
|turn|103
|
|t:|1662781260
|move|p1a: Breloom|Protect|p1a: Breloom
|-singleturn|p1a: Breloom|Protect
|move|p2a: Gothitelle|Charm|p1a: Breloom
|-activate|p1a: Breloom|move: Protect
|
|-heal|p2a: Gothitelle|91/100|[from] item: Leftovers
|-heal|p1a: Breloom|99/100 tox|[from] ability: Poison Heal
|upkeep
|turn|104
|
|t:|1662781265
|move|p1a: Breloom|Protect||[still]
|-fail|p1a: Breloom
|move|p2a: Gothitelle|Cosmic Power|p2a: Gothitelle
|-boost|p2a: Gothitelle|def|1
|-boost|p2a: Gothitelle|spd|1
|
|-heal|p2a: Gothitelle|97/100|[from] item: Leftovers
|-heal|p1a: Breloom|100/100 tox|[from] ability: Poison Heal
|upkeep
|turn|105
|
|t:|1662781268
|move|p1a: Breloom|Protect|p1a: Breloom
|-singleturn|p1a: Breloom|Protect
|move|p2a: Gothitelle|Cosmic Power|p2a: Gothitelle
|-boost|p2a: Gothitelle|def|0
|-boost|p2a: Gothitelle|spd|0
|
|-heal|p2a: Gothitelle|100/100|[from] item: Leftovers
|upkeep
|turn|106
|
|t:|1662781271
|move|p1a: Breloom|Spore|p2a: Gothitelle
|-status|p2a: Gothitelle|slp|[from] move: Spore
|cant|p2a: Gothitelle|slp
|
|upkeep
|turn|107
|
|t:|1662781274
|move|p1a: Breloom|Spore|p2a: Gothitelle
|-fail|p2a: Gothitelle|slp
|cant|p2a: Gothitelle|slp
|
|upkeep
|turn|108
|
|t:|1662781275
|move|p1a: Breloom|Spore|p2a: Gothitelle
|-fail|p2a: Gothitelle|slp
|-curestatus|p2a: Gothitelle|slp|[msg]
|move|p2a: Gothitelle|Cosmic Power|p2a: Gothitelle
|-boost|p2a: Gothitelle|def|0
|-boost|p2a: Gothitelle|spd|0
|
|upkeep
|turn|109
|
|t:|1662781277
|move|p1a: Breloom|Spore|p2a: Gothitelle
|-status|p2a: Gothitelle|slp|[from] move: Spore
|cant|p2a: Gothitelle|slp
|
|upkeep
|turn|110
|
|t:|1662781278
|move|p1a: Breloom|Spore|p2a: Gothitelle
|-fail|p2a: Gothitelle|slp
|-curestatus|p2a: Gothitelle|slp|[msg]
|move|p2a: Gothitelle|Cosmic Power|p2a: Gothitelle
|-boost|p2a: Gothitelle|def|0
|-boost|p2a: Gothitelle|spd|0
|
|upkeep
|turn|111
|
|t:|1662781280
|move|p1a: Breloom|Protect|p1a: Breloom
|-singleturn|p1a: Breloom|Protect
|move|p2a: Gothitelle|Charm|p1a: Breloom
|-activate|p1a: Breloom|move: Protect
|
|upkeep
|turn|112
|
|t:|1662781282
|move|p1a: Breloom|Protect||[still]
|-fail|p1a: Breloom
|move|p2a: Gothitelle|Rest|p2a: Gothitelle
|-fail|p2a: Gothitelle|heal
|
|upkeep
|turn|113
|
|t:|1662781286
|move|p1a: Breloom|Spore|p2a: Gothitelle
|-status|p2a: Gothitelle|slp|[from] move: Spore
|cant|p2a: Gothitelle|slp
|
|upkeep
|turn|114
|
|t:|1662781287
|move|p1a: Breloom|Protect|p1a: Breloom
|-singleturn|p1a: Breloom|Protect
|-curestatus|p2a: Gothitelle|slp|[msg]
|move|p2a: Gothitelle|Cosmic Power|p2a: Gothitelle
|-boost|p2a: Gothitelle|def|0
|-boost|p2a: Gothitelle|spd|0
|
|upkeep
|turn|115
|
|t:|1662781290
|move|p1a: Breloom|Spore|p2a: Gothitelle
|-status|p2a: Gothitelle|slp|[from] move: Spore
|cant|p2a: Gothitelle|slp
|
|upkeep
|turn|116
|
|t:|1662781292
|move|p1a: Breloom|Spore|p2a: Gothitelle
|-fail|p2a: Gothitelle|slp
|-curestatus|p2a: Gothitelle|slp|[msg]
|move|p2a: Gothitelle|Cosmic Power|p2a: Gothitelle
|-boost|p2a: Gothitelle|def|0
|-boost|p2a: Gothitelle|spd|0
|
|upkeep
|turn|117
|
|t:|1662781294
|move|p1a: Breloom|Protect|p1a: Breloom
|-singleturn|p1a: Breloom|Protect
|move|p2a: Gothitelle|Charm|p1a: Breloom
|-activate|p1a: Breloom|move: Protect
|
|upkeep
|turn|118
|
|t:|1662781296
|move|p1a: Breloom|Spore|p2a: Gothitelle
|-status|p2a: Gothitelle|slp|[from] move: Spore
|cant|p2a: Gothitelle|slp
|
|upkeep
|turn|119
|
|t:|1662781298
|move|p1a: Breloom|Spore|p2a: Gothitelle
|-fail|p2a: Gothitelle|slp
|-curestatus|p2a: Gothitelle|slp|[msg]
|move|p2a: Gothitelle|Charm|p1a: Breloom
|-unboost|p1a: Breloom|atk|2
|
|upkeep
|turn|120
|
|t:|1662781300
|move|p1a: Breloom|Protect|p1a: Breloom
|-singleturn|p1a: Breloom|Protect
|move|p2a: Gothitelle|Cosmic Power|p2a: Gothitelle
|-boost|p2a: Gothitelle|def|0
|-boost|p2a: Gothitelle|spd|0
|
|upkeep
|turn|121
|
|t:|1662781301
|move|p1a: Breloom|Spore|p2a: Gothitelle
|-status|p2a: Gothitelle|slp|[from] move: Spore
|cant|p2a: Gothitelle|slp
|
|upkeep
|turn|122
|
|t:|1662781303
|move|p1a: Breloom|Protect|p1a: Breloom
|-singleturn|p1a: Breloom|Protect
|cant|p2a: Gothitelle|slp
|
|upkeep
|turn|123
|
|t:|1662781305
|move|p1a: Breloom|Protect||[still]
|-fail|p1a: Breloom
|cant|p2a: Gothitelle|slp
|
|upkeep
|turn|124
|
|t:|1662781307
|move|p1a: Breloom|Protect|p1a: Breloom
|-singleturn|p1a: Breloom|Protect
|-curestatus|p2a: Gothitelle|slp|[msg]
|move|p2a: Gothitelle|Cosmic Power|p2a: Gothitelle
|-boost|p2a: Gothitelle|def|0
|-boost|p2a: Gothitelle|spd|0
|
|upkeep
|turn|125
|
|t:|1662781309
|-activate|p1a: Breloom|move: Struggle
|move|p1a: Breloom|Struggle|p2a: Gothitelle
|-damage|p2a: Gothitelle|99/100
|-damage|p1a: Breloom|76/100 tox|[from] recoil
|move|p2a: Gothitelle|Cosmic Power|p2a: Gothitelle
|-boost|p2a: Gothitelle|def|0
|-boost|p2a: Gothitelle|spd|0
|
|-heal|p2a: Gothitelle|100/100|[from] item: Leftovers
|-heal|p1a: Breloom|88/100 tox|[from] ability: Poison Heal
|upkeep
|turn|126
|
|t:|1662781310
|-activate|p1a: Breloom|move: Struggle
|move|p1a: Breloom|Struggle|p2a: Gothitelle
|-damage|p2a: Gothitelle|99/100
|-damage|p1a: Breloom|63/100 tox|[from] recoil
|move|p2a: Gothitelle|Charm|p1a: Breloom
|-unboost|p1a: Breloom|atk|2
|
|-heal|p2a: Gothitelle|100/100|[from] item: Leftovers
|-heal|p1a: Breloom|75/100 tox|[from] ability: Poison Heal
|upkeep
|turn|127
|
|t:|1662781312
|-activate|p1a: Breloom|move: Struggle
|move|p1a: Breloom|Struggle|p2a: Gothitelle
|-damage|p2a: Gothitelle|99/100
|-damage|p1a: Breloom|50/100 tox|[from] recoil
|move|p2a: Gothitelle|Cosmic Power|p2a: Gothitelle
|-boost|p2a: Gothitelle|def|0
|-boost|p2a: Gothitelle|spd|0
|
|-heal|p2a: Gothitelle|100/100|[from] item: Leftovers
|-heal|p1a: Breloom|63/100 tox|[from] ability: Poison Heal
|upkeep
|turn|128
|
|t:|1662781313
|-activate|p1a: Breloom|move: Struggle
|move|p1a: Breloom|Struggle|p2a: Gothitelle
|-damage|p2a: Gothitelle|99/100
|-damage|p1a: Breloom|38/100 tox|[from] recoil
|move|p2a: Gothitelle|Charm|p1a: Breloom
|-unboost|p1a: Breloom|atk|0
|
|-heal|p2a: Gothitelle|100/100|[from] item: Leftovers
|-heal|p1a: Breloom|50/100 tox|[from] ability: Poison Heal
|upkeep
|turn|129
|
|t:|1662781315
|-activate|p1a: Breloom|move: Struggle
|move|p1a: Breloom|Struggle|p2a: Gothitelle
|-damage|p2a: Gothitelle|99/100
|-damage|p1a: Breloom|25/100 tox|[from] recoil
|move|p2a: Gothitelle|Cosmic Power|p2a: Gothitelle
|-boost|p2a: Gothitelle|def|0
|-boost|p2a: Gothitelle|spd|0
|
|-heal|p2a: Gothitelle|100/100|[from] item: Leftovers
|-heal|p1a: Breloom|37/100 tox|[from] ability: Poison Heal
|upkeep
|turn|130
|
|t:|1662781317
|-activate|p1a: Breloom|move: Struggle
|move|p1a: Breloom|Struggle|p2a: Gothitelle
|-damage|p2a: Gothitelle|99/100
|-damage|p1a: Breloom|12/100 tox|[from] recoil
|move|p2a: Gothitelle|Charm|p1a: Breloom
|-unboost|p1a: Breloom|atk|0
|
|-heal|p2a: Gothitelle|100/100|[from] item: Leftovers
|-heal|p1a: Breloom|25/100 tox|[from] ability: Poison Heal
|upkeep
|turn|131
|
|t:|1662781319
|-activate|p1a: Breloom|move: Struggle
|move|p1a: Breloom|Struggle|p2a: Gothitelle
|-damage|p2a: Gothitelle|99/100
|-damage|p1a: Breloom|0 fnt|[from] recoil
|faint|p1a: Breloom
|
|win|lemoncell0
|raw|iroeweuio's rating: 1672 &rarr; <strong>1662</strong><br />(-10 for losing)
|raw|lemoncell0's rating: 1856 &rarr; <strong>1866</strong><br />(+10 for winning)
|c|☆iroeweuio|gg wp
|l|☆lemoncell0
