|j|☆orange overhaul
|j|☆AMOGMACRAK
|t:|1640177546
|gametype|singles
|player|p1|orange overhaul|wallace|1492
|player|p2|AMOGMACRAK|170|1408
|teamsize|p1|6
|teamsize|p2|6
|gen|8
|tier|[Gen 8] National Dex AG
|rated|
|rule|HP Percentage Mod: HP is shown in percentages
|rule|Endless Battle Clause: Forcing endless battles is banned
|clearpoke
|poke|p1|Groudon|
|poke|p1|Kartana|
|poke|p1|Dragapult, M|
|poke|p1|Heatran, F|
|poke|p1|Melmetal|
|poke|p1|Tapu Lele|
|poke|p2|Groudon|
|poke|p2|Darmanitan-Galar, M|
|poke|p2|Yveltal|
|poke|p2|Murkrow, F|
|poke|p2|Kangaskhan, F|
|poke|p2|Ditto|
|teampreview
|inactive|Battle timer is ON: inactive players will automatically lose when time's up. (requested by orange overhaul)
|
|t:|1640177564
|start
|switch|p1a: Tapu Lele|Tapu Lele|100/100
|switch|p2a: Kangaskhan|Kangaskhan, F|100/100
|-fieldstart|move: Psychic Terrain|[from] ability: Psychic Surge|[of] p1a: Tapu Lele
|turn|1
|
|t:|1640177570
|detailschange|p2a: Kangaskhan|Kangaskhan-Mega, F
|-mega|p2a: Kangaskhan|Kangaskhan|Kangaskhanite
|move|p2a: Kangaskhan|Ice Punch|p1a: Tapu Lele
|-damage|p1a: Tapu Lele|63/100
|-damage|p1a: Tapu Lele|53/100
|-hitcount|p1a: Tapu Lele|2
|move|p1a: Tapu Lele|Focus Blast|p2a: Kangaskhan
|-supereffective|p2a: Kangaskhan
|-damage|p2a: Kangaskhan|0 fnt
|faint|p2a: Kangaskhan
|
|upkeep
|
|t:|1640177596
|switch|p2a: Groudon|Groudon|100/100
|detailschange|p2a: Groudon|Groudon-Primal
|-primal|p2a: Groudon
|-weather|DesolateLand|[from] ability: Desolate Land|[of] p2a: Groudon
|turn|2
|
|t:|1640177601
|switch|p1a: Heatran|Heatran, F|100/100
|-item|p1a: Heatran|Air Balloon
|move|p2a: Groudon|Heat Crash|p1a: Heatran
|-start|p1a: Heatran|ability: Flash Fire
|
|-weather|DesolateLand|[upkeep]
|upkeep
|turn|3
|
|t:|1640177612
|move|p2a: Groudon|Stealth Rock|p1a: Heatran
|-sidestart|p1: orange overhaul|move: Stealth Rock
|move|p1a: Heatran|Earth Power|p2a: Groudon
|-supereffective|p2a: Groudon
|-damage|p2a: Groudon|32/100
|
|-weather|DesolateLand|[upkeep]
|upkeep
|turn|4
|
|t:|1640177619
|-weather|none
|switch|p2a: Yveltal|Yveltal|100/100
|-ability|p2a: Yveltal|Dark Aura
|move|p1a: Heatran|Earth Power|p2a: Yveltal
|-immune|p2a: Yveltal
|
|upkeep
|turn|5
|
|t:|1640177626
|-start|p2a: Yveltal|Dynamax
|-heal|p2a: Yveltal|100/100|[silent]
|move|p1a: Heatran|Lava Plume|p2a: Yveltal
|-damage|p2a: Yveltal|85/100
|move|p2a: Yveltal|Max Darkness|p1a: Heatran
|-damage|p1a: Heatran|11/100
|-unboost|p1a: Heatran|spd|1
|-enditem|p1a: Heatran|Air Balloon
|
|-fieldend|move: Psychic Terrain
|upkeep
|turn|6
|
|t:|1640177635
|move|p1a: Heatran|Lava Plume|p2a: Yveltal
|-damage|p2a: Yveltal|70/100
|move|p2a: Yveltal|Max Airstream|p1a: Heatran
|-resisted|p1a: Heatran
|-damage|p1a: Heatran|0 fnt
|-boost|p2a: Yveltal|spe|1
|faint|p1a: Heatran
|
|upkeep
|
|t:|1640177657
|switch|p1a: Melmetal|Melmetal|100/100
|-damage|p1a: Melmetal|94/100|[from] Stealth Rock
|turn|7
|
|t:|1640177662
|move|p2a: Yveltal|Max Flare|p1a: Melmetal
|-supereffective|p1a: Melmetal
|-damage|p1a: Melmetal|0 fnt
|-weather|SunnyDay
|faint|p1a: Melmetal
|
|-weather|SunnyDay|[upkeep]
|-end|p2a: Yveltal|Dynamax
|-heal|p2a: Yveltal|70/100|[silent]
|upkeep
|
|t:|1640177680
|switch|p1a: Dragapult|Dragapult, M, shiny|100/100
|-damage|p1a: Dragapult|88/100|[from] Stealth Rock
|turn|8
|
|t:|1640177690
|move|p1a: Dragapult|Thunderbolt|p2a: Yveltal
|-supereffective|p2a: Yveltal
|-damage|p2a: Yveltal|29/100
|move|p2a: Yveltal|Dark Pulse|p1a: Dragapult
|-supereffective|p1a: Dragapult
|-damage|p1a: Dragapult|0 fnt
|faint|p1a: Dragapult
|
|-weather|SunnyDay|[upkeep]
|upkeep
|
|t:|1640177696
|switch|p1a: Kartana|Kartana|100/100
|-damage|p1a: Kartana|94/100|[from] Stealth Rock
|turn|9
|
|t:|1640177705
|-start|p1a: Kartana|Dynamax
|-heal|p1a: Kartana|94/100|[silent]
|move|p2a: Yveltal|Heat Wave|p1a: Kartana
|-supereffective|p1a: Kartana
|-damage|p1a: Kartana|0 fnt
|faint|p1a: Kartana
|
|-weather|SunnyDay|[upkeep]
|upkeep
|
|t:|1640177713
|switch|p1a: Tapu Lele|Tapu Lele|53/100
|-damage|p1a: Tapu Lele|40/100|[from] Stealth Rock
|-fieldstart|move: Psychic Terrain|[from] ability: Psychic Surge|[of] p1a: Tapu Lele
|turn|10
|
|t:|1640177716
|move|p2a: Yveltal|Dark Pulse|p1a: Tapu Lele
|-damage|p1a: Tapu Lele|0 fnt
|faint|p1a: Tapu Lele
|
|-weather|SunnyDay|[upkeep]
|upkeep
|
|t:|1640177720
|switch|p1a: Groudon|Groudon|100/100
|-damage|p1a: Groudon|94/100|[from] Stealth Rock
|detailschange|p1a: Groudon|Groudon-Primal
|-primal|p1a: Groudon
|-weather|DesolateLand|[from] ability: Desolate Land|[of] p1a: Groudon
|turn|11
|
|t:|1640177724
|move|p2a: Yveltal|Dark Pulse|p1a: Groudon
|-damage|p1a: Groudon|42/100
|move|p1a: Groudon|Lava Plume|p2a: Yveltal
|-damage|p2a: Yveltal|2/100
|
|-weather|DesolateLand|[upkeep]
|upkeep
|turn|12
|
|t:|1640177727
|move|p2a: Yveltal|Dark Pulse|p1a: Groudon
|-damage|p1a: Groudon|0 fnt
|faint|p1a: Groudon
|-weather|none
|
|win|AMOGMACRAK
|raw|orange overhaul's rating: 1492 &rarr; <strong>1467</strong><br />(-25 for losing)
|raw|AMOGMACRAK's rating: 1408 &rarr; <strong>1433</strong><br />(+25 for winning)
|c|☆orange overhaul|gg
