|j|☆Phannydantom
|j|☆97thPhantom
|t:|1659308523
|gametype|singles
|player|p1|Phannydantom|266|1681
|player|p2|97thPhantom|saturn|1667
|teamsize|p1|6
|teamsize|p2|6
|gen|8
|tier|[Gen 8] National Dex AG
|rated|
|rule|HP Percentage Mod: HP is shown in percentages
|rule|Endless Battle Clause: Forcing endless battles is banned
|clearpoke
|poke|p1|Zacian-*|
|poke|p1|Calyrex-Shadow|
|poke|p1|Darmanitan-Galar, M|
|poke|p1|Cinderace, F|
|poke|p1|Kartana|
|poke|p1|Rayquaza|
|poke|p2|Zygarde|
|poke|p2|Calyrex-Shadow|
|poke|p2|Marshadow|
|poke|p2|Ditto|
|poke|p2|Forretress, M|
|poke|p2|Zacian-*|
|teampreview
|inactive|Battle timer is ON: inactive players will automatically lose when time's up. (requested by 97thPhantom)
|
|t:|1659308529
|start
|switch|p1a: Zacian|Zacian-Crowned|100/100
|switch|p2a: Bastille|Forretress, M|100/100
|-ability|p1a: Zacian|Intrepid Sword|boost
|-boost|p1a: Zacian|atk|1
|turn|1
|
|t:|1659308535
|move|p1a: Zacian|Substitute|p1a: Zacian
|-start|p1a: Zacian|Substitute
|-damage|p1a: Zacian|76/100
|move|p2a: Bastille|Stealth Rock|p1a: Zacian
|-sidestart|p1: Phannydantom|move: Stealth Rock
|
|upkeep
|turn|2
|
|t:|1659308542
|move|p1a: Zacian|Swords Dance|p1a: Zacian
|-boost|p1a: Zacian|atk|2
|move|p2a: Bastille|Toxic Spikes|p1a: Zacian
|-sidestart|p1: Phannydantom|move: Toxic Spikes
|
|upkeep
|turn|3
|
|t:|1659308547
|move|p1a: Zacian|Sacred Sword|p2a: Bastille
|-damage|p2a: Bastille|50/100
|move|p2a: Bastille|Toxic Spikes|p1a: Zacian
|-sidestart|p1: Phannydantom|move: Toxic Spikes
|
|-heal|p2a: Bastille|56/100|[from] item: Leftovers
|upkeep
|turn|4
|
|t:|1659308559
|move|p1a: Zacian|Sacred Sword|p2a: Bastille
|-damage|p2a: Bastille|5/100
|move|p2a: Bastille|Toxic Spikes||[still]
|-fail|p2a: Bastille
|
|-heal|p2a: Bastille|11/100|[from] item: Leftovers
|upkeep
|turn|5
|
|t:|1659308567
|move|p1a: Zacian|Swords Dance|p1a: Zacian
|-boost|p1a: Zacian|atk|2
|move|p2a: Bastille|Counter||[still]
|-fail|p2a: Bastille
|
|-heal|p2a: Bastille|17/100|[from] item: Leftovers
|upkeep
|turn|6
|
|t:|1659308571
|move|p1a: Zacian|Swords Dance|p1a: Zacian
|-boost|p1a: Zacian|atk|1
|move|p2a: Bastille|Toxic Spikes||[still]
|-fail|p2a: Bastille
|
|-heal|p2a: Bastille|24/100|[from] item: Leftovers
|upkeep
|turn|7
|
|t:|1659308581
|move|p1a: Zacian|Sacred Sword|p2a: Bastille
|-damage|p2a: Bastille|0 fnt
|faint|p2a: Bastille
|
|upkeep
|
|t:|1659308587
|switch|p2a: Mega Gengar|Marshadow|100/100
|turn|8
|
|t:|1659308591
|move|p1a: Zacian|Behemoth Blade|p2a: Mega Gengar
|-enditem|p2a: Mega Gengar|Focus Sash
|-damage|p2a: Mega Gengar|1/100
|move|p2a: Mega Gengar|Spectral Thief||[still]
|-clearpositiveboost|p1a: Zacian|p2a: Mega Gengar|move: Spectral Thief
|-boost|p2a: Mega Gengar|atk|6
|-anim|p2a: Mega Gengar|Spectral Thief|p1a: Zacian
|-damage|p1a: Zacian|0 fnt
|faint|p1a: Zacian
|
|upkeep
|
|t:|1659308595
|switch|p1a: Rayquaza|Rayquaza|100/100
|-damage|p1a: Rayquaza|76/100|[from] Stealth Rock
|-ability|p1a: Rayquaza|Air Lock
|turn|9
|c|☆97thPhantom|Behold your doom
|
|t:|1659308615
|move|p2a: Mega Gengar|Shadow Sneak|p1a: Rayquaza
|-damage|p1a: Rayquaza|0 fnt
|faint|p1a: Rayquaza
|
|upkeep
|
|t:|1659308620
|switch|p1a: Cinderace|Cinderace, F|100/100
|turn|10
|
|t:|1659308624
|move|p2a: Mega Gengar|Shadow Sneak|p1a: Cinderace
|-damage|p1a: Cinderace|0 fnt
|faint|p1a: Cinderace
|
|upkeep
|
|t:|1659308627
|switch|p1a: Calyrex|Calyrex-Shadow|100/100
|-ability|p1a: Calyrex|As One
|-ability|p1a: Calyrex|Unnerve
|-damage|p1a: Calyrex|88/100|[from] Stealth Rock
|-status|p1a: Calyrex|tox
|turn|11
|-message|Phannydantom forfeited.
|
|win|97thPhantom
|raw|Phannydantom's rating: 1681 &rarr; <strong>1660</strong><br />(-21 for losing)
|raw|97thPhantom's rating: 1667 &rarr; <strong>1688</strong><br />(+21 for winning)
|l|☆Phannydantom
