|j|☆CLEAR GEM清瑜
|j|☆Diancie_hhh
|t:|1662282600
|gametype|singles
|player|p1|CLEAR GEM清瑜|skierf|1784
|player|p2|Diancie_hhh|marnie|1725
|teamsize|p1|6
|teamsize|p2|6
|gen|8
|tier|[Gen 8] National Dex AG
|rated|
|rule|HP Percentage Mod: HP is shown in percentages
|rule|Endless Battle Clause: Forcing endless battles is banned
|clearpoke
|poke|p1|Rayquaza|
|poke|p1|Groudon|
|poke|p1|Arceus-*|
|poke|p1|Yveltal|
|poke|p1|Zacian-*|
|poke|p1|Necrozma-Dusk-Mane|
|poke|p2|Necrozma-Dusk-Mane|
|poke|p2|Calyrex-Shadow|
|poke|p2|Diancie|
|poke|p2|Xerneas-*|
|poke|p2|Zygarde|
|poke|p2|Arceus-*|
|teampreview
|inactive|Battle timer is ON: inactive players will automatically lose when time's up. (requested by CLEAR GEM清瑜)
|c|☆CLEAR GEM清瑜|……
|
|t:|1662282624
|start
|switch|p1a: 不会(?)|Groudon|100/100
|switch|p2a: Diancie|Diancie, shiny|100/100
|detailschange|p1a: 不会(?)|Groudon-Primal
|-primal|p1a: 不会(?)
|-weather|DesolateLand|[from] ability: Desolate Land|[of] p1a: 不会(?)
|turn|1
|
|t:|1662282631
|detailschange|p2a: Diancie|Diancie-Mega, shiny
|-mega|p2a: Diancie|Diancie|Diancite
|move|p2a: Diancie|Earth Power|p1a: 不会(?)
|-supereffective|p1a: 不会(?)
|-damage|p1a: 不会(?)|40/100
|move|p1a: 不会(?)|Precipice Blades|p2a: Diancie
|-supereffective|p2a: Diancie
|-damage|p2a: Diancie|0 fnt
|faint|p2a: Diancie
|
|-weather|DesolateLand|[upkeep]
|upkeep
|c|☆CLEAR GEM清瑜|这模式真的没人了吗()
|
|t:|1662282641
|switch|p2a: Calyrex|Calyrex-Shadow|100/100
|-ability|p2a: Calyrex|As One
|-ability|p2a: Calyrex|Unnerve
|turn|2
|
|t:|1662282652
|move|p2a: Calyrex|Astral Barrage|p1a: 不会(?)
|-damage|p1a: 不会(?)|0 fnt
|faint|p1a: 不会(?)
|-weather|none
|-ability|p2a: Calyrex|Grim Neigh|boost
|-boost|p2a: Calyrex|spa|1
|
|upkeep
|
|t:|1662282656
|switch|p1a: Y鸟|Yveltal|100/100
|-ability|p1a: Y鸟|Dark Aura
|turn|3
|
|t:|1662282661
|-start|p1a: Y鸟|Dynamax|
|-heal|p1a: Y鸟|100/100|[silent]
|move|p2a: Calyrex|Substitute|p2a: Calyrex
|-start|p2a: Calyrex|Substitute
|-damage|p2a: Calyrex|76/100
|move|p1a: Y鸟|Max Airstream|p2a: Calyrex
|-end|p2a: Calyrex|Substitute
|-boost|p1a: Y鸟|spe|1
|
|-heal|p2a: Calyrex|82/100|[from] item: Leftovers
|upkeep
|turn|4
|
|t:|1662282675
|switch|p2a: Zygarde|Zygarde, shiny|100/100
|move|p1a: Y鸟|Max Darkness|p2a: Zygarde
|-damage|p2a: Zygarde|35/100
|-unboost|p2a: Zygarde|spd|1
|
|-activate|p2a: Zygarde|ability: Power Construct
|detailschange|p2a: Zygarde|Zygarde-Complete, shiny
|-heal|p2a: Zygarde|58/100|[silent]
|upkeep
|turn|5
|c|☆CLEAR GEM清瑜|饿啊，恶霸恶霸
|
|t:|1662282700
|switch|p2a: Arceus|Arceus, shiny|100/100
|move|p1a: Y鸟|Max Darkness|p2a: Arceus
|-damage|p2a: Arceus|25/100
|-unboost|p2a: Arceus|spd|1
|
|upkeep
|-end|p1a: Y鸟|Dynamax
|-heal|p1a: Y鸟|100/100|[silent]
|turn|6
|
|t:|1662282707
|move|p2a: Arceus|Extreme Speed|p1a: Y鸟
|-damage|p1a: Y鸟|46/100
|-damage|p2a: Arceus|15/100|[from] item: Life Orb
|move|p1a: Y鸟|Oblivion Wing|p2a: Arceus
|-damage|p2a: Arceus|0 fnt
|-heal|p1a: Y鸟|57/100|[from] drain|[of] p2a: Arceus
|faint|p2a: Arceus
|
|upkeep
|
|t:|1662282715
|switch|p2a: Xerneas|Xerneas, shiny|100/100
|-ability|p2a: Xerneas|Fairy Aura
|turn|7
|c|☆CLEAR GEM清瑜|*+6神速的回忆涌上心头
|
|t:|1662282722
|move|p1a: Y鸟|Taunt|p2a: Xerneas
|-start|p2a: Xerneas|move: Taunt
|cant|p2a: Xerneas|move: Taunt|Geomancy
|
|upkeep
|turn|8
|c|☆Diancie_hhh|你太卑鄙辣
|
|t:|1662282747
|move|p1a: Y鸟|Oblivion Wing|p2a: Xerneas
|-damage|p2a: Xerneas|63/100
|-heal|p1a: Y鸟|86/100|[from] drain|[of] p2a: Xerneas
|move|p2a: Xerneas|Moonblast|p1a: Y鸟
|-supereffective|p1a: Y鸟
|-damage|p1a: Y鸟|0 fnt
|faint|p1a: Y鸟
|
|upkeep
|c|☆CLEAR GEM清瑜|y鸟你不愧是卡洛斯跑男奥(?)
|
|t:|1662282754
|switch|p1a: 钢铁之躯|Necrozma-Dusk-Mane|100/100
|turn|9
|
|t:|1662282762
|switch|p2a: Zygarde|Zygarde-Complete, shiny|58/100
|move|p1a: 钢铁之躯|Dragon Dance|p1a: 钢铁之躯
|-boost|p1a: 钢铁之躯|atk|1
|-boost|p1a: 钢铁之躯|spe|1
|
|upkeep
|turn|10
|c|☆Diancie_hhh|不会有z吧
|
|t:|1662282782
|detailschange|p1a: 钢铁之躯|Necrozma-Ultra
|-burst|p1a: 钢铁之躯|Necrozma|Ultranecrozium Z
|move|p1a: 钢铁之躯|Photon Geyser|p2a: Zygarde
|-damage|p2a: Zygarde|9/100
|move|p2a: Zygarde|Glare|p1a: 钢铁之躯
|-status|p1a: 钢铁之躯|par
|
|upkeep
|turn|11
|c|☆CLEAR GEM清瑜|你太baby啦(恼)
|inactive|Diancie_hhh has 120 seconds left.
|
|t:|1662282799
|switch|p2a: Necrozma|Necrozma-Dusk-Mane, shiny|100/100
|-zpower|p1a: 钢铁之躯
|move|p1a: 钢铁之躯|Light That Burns the Sky|p2a: Necrozma|[zeffect]
|-resisted|p2a: Necrozma
|-damage|p2a: Necrozma|73/100
|
|upkeep
|turn|12
|
|t:|1662282807
|cant|p1a: 钢铁之躯|par
|move|p2a: Necrozma|Stealth Rock|p1a: 钢铁之躯
|-sidestart|p1: CLEAR GEM清瑜|move: Stealth Rock
|
|upkeep
|turn|13
|
|t:|1662282810
|move|p1a: 钢铁之躯|Earthquake|p2a: Necrozma
|-supereffective|p2a: Necrozma
|-damage|p2a: Necrozma|0 fnt
|faint|p2a: Necrozma
|
|upkeep
|c|☆CLEAR GEM清瑜|完了
|
|t:|1662282819
|switch|p2a: Calyrex|Calyrex-Shadow|82/100
|-ability|p2a: Calyrex|As One
|-ability|p2a: Calyrex|Unnerve
|turn|14
|c|☆CLEAR GEM清瑜|我要点了
|
|t:|1662282824
|move|p2a: Calyrex|Substitute|p2a: Calyrex
|-start|p2a: Calyrex|Substitute
|-damage|p2a: Calyrex|57/100
|move|p1a: 钢铁之躯|Photon Geyser|p2a: Calyrex
|-resisted|p2a: Calyrex
|-end|p2a: Calyrex|Substitute
|
|-heal|p2a: Calyrex|63/100|[from] item: Leftovers
|upkeep
|turn|15
|
|t:|1662282833
|move|p2a: Calyrex|Substitute|p2a: Calyrex
|-start|p2a: Calyrex|Substitute
|-damage|p2a: Calyrex|38/100
|move|p1a: 钢铁之躯|Earthquake|p2a: Calyrex
|-end|p2a: Calyrex|Substitute
|
|-heal|p2a: Calyrex|44/100|[from] item: Leftovers
|upkeep
|turn|16
|c|☆CLEAR GEM清瑜|我超，别，别点替身
|c|☆Diancie_hhh|麻痹麻痹!
|
|t:|1662282849
|move|p2a: Calyrex|Substitute|p2a: Calyrex
|-start|p2a: Calyrex|Substitute
|-damage|p2a: Calyrex|19/100
|move|p1a: 钢铁之躯|Earthquake|p2a: Calyrex
|-end|p2a: Calyrex|Substitute
|
|-heal|p2a: Calyrex|25/100|[from] item: Leftovers
|upkeep
|turn|17
|c|☆CLEAR GEM清瑜|我超我超别
|
|t:|1662282860
|move|p2a: Calyrex|Astral Barrage|p1a: 钢铁之躯
|-supereffective|p1a: 钢铁之躯
|-damage|p1a: 钢铁之躯|0 fnt
|faint|p1a: 钢铁之躯
|-ability|p2a: Calyrex|Grim Neigh|boost
|-boost|p2a: Calyrex|spa|1
|
|-heal|p2a: Calyrex|32/100|[from] item: Leftovers
|upkeep
|
|t:|1662282862
|switch|p1a: 嘉然小姐的狗|Zacian-Crowned|100/100
|-damage|p1a: 嘉然小姐的狗|94/100|[from] Stealth Rock
|-ability|p1a: 嘉然小姐的狗|Intrepid Sword|boost
|-boost|p1a: 嘉然小姐的狗|atk|1
|turn|18
|
|t:|1662282867
|move|p2a: Calyrex|Astral Barrage|p1a: 嘉然小姐的狗
|-damage|p1a: 嘉然小姐的狗|22/100
|move|p1a: 嘉然小姐的狗|Behemoth Blade|p2a: Calyrex
|-crit|p2a: Calyrex
|-damage|p2a: Calyrex|0 fnt
|faint|p2a: Calyrex
|
|upkeep
|c|☆CLEAR GEM清瑜|🙏🏻奈门
|c|☆Diancie_hhh|你拉特防了?!
|c|☆CLEAR GEM清瑜|对
|
|t:|1662282888
|switch|p2a: Xerneas|Xerneas, shiny|63/100
|-ability|p2a: Xerneas|Fairy Aura
|turn|19
|c|☆CLEAR GEM清瑜|这苍响连百变怪巨兽斩都顶得住()
|c|☆Diancie_hhh|寄了
|
|t:|1662282904
|move|p1a: 嘉然小姐的狗|Behemoth Blade|p2a: Xerneas
|-supereffective|p2a: Xerneas
|-damage|p2a: Xerneas|0 fnt
|faint|p2a: Xerneas
|
|upkeep
|
|t:|1662282908
|switch|p2a: Zygarde|Zygarde-Complete, shiny|9/100
|turn|20
|
|t:|1662282911
|-start|p2a: Zygarde|Dynamax|
|-heal|p2a: Zygarde|9/100|[silent]
|move|p1a: 嘉然小姐的狗|Behemoth Blade|p2a: Zygarde
|-damage|p2a: Zygarde|0 fnt
|faint|p2a: Zygarde
|
|win|CLEAR GEM清瑜
|raw|CLEAR GEM清瑜's rating: 1784 &rarr; <strong>1801</strong><br />(+17 for winning)
|raw|Diancie_hhh's rating: 1725 &rarr; <strong>1708</strong><br />(-17 for losing)
|c|☆CLEAR GEM清瑜|对了
|c|☆CLEAR GEM清瑜|你QQ叫什么来着()
|c|☆Diancie_hhh|还没极巨
|c|☆CLEAR GEM清瑜|我给个备注()
|c|☆Diancie_hhh|好像就叫Diancie
|c|☆CLEAR GEM清瑜|好()
||Ladder isn't responding, score probably updated but might not have (Request timeout).
