|j|☆seidou45
|j|☆yoooyooyo
|t:|1662954432
|gametype|singles
|player|p1|seidou45|lucas|1912
|player|p2|yoooyooyo|169|1902
|teamsize|p1|6
|teamsize|p2|6
|gen|8
|tier|[Gen 8] National Dex AG
|rated|
|rule|HP Percentage Mod: HP is shown in percentages
|rule|Endless Battle Clause: Forcing endless battles is banned
|clearpoke
|poke|p1|Quagsire, M|
|poke|p1|Tyranitar, M|
|poke|p1|Yveltal|
|poke|p1|Zacian-*|
|poke|p1|Eternatus|
|poke|p1|Calyrex-Shadow|
|poke|p2|Arceus-*|
|poke|p2|Deoxys-Speed|
|poke|p2|Arceus-*|
|poke|p2|Arceus-*|
|poke|p2|Arceus-*|
|poke|p2|Arceus-*|
|teampreview
|
|t:|1662954449
|start
|switch|p1a: Eternatus|Eternatus|100/100
|switch|p2a: Arceus|Arceus-Fairy|100/100
|-ability|p1a: Eternatus|Pressure
|turn|1
|
|t:|1662954457
|move|p2a: Arceus|Magic Coat|p2a: Arceus
|-singleturn|p2a: Arceus|move: Magic Coat
|move|p1a: Eternatus|Sludge Bomb|p2a: Arceus
|-supereffective|p2a: Arceus
|-damage|p2a: Arceus|0 fnt
|faint|p2a: Arceus
|
|upkeep
|
|t:|1662954473
|switch|p2a: Arceus|Arceus-Ground|100/100
|turn|2
|
|t:|1662954498
|switch|p1a: Yveltal|Yveltal, shiny|100/100
|-ability|p1a: Yveltal|Dark Aura
|move|p2a: Arceus|Stone Edge|p1a: Yveltal
|-supereffective|p1a: Yveltal
|-damage|p1a: Yveltal|31/100
|
|upkeep
|turn|3
|
|t:|1662954509
|switch|p1a: Quagsire|Quagsire, M, shiny|100/100
|move|p2a: Arceus|Earthquake|p1a: Quagsire
|-damage|p1a: Quagsire|53/100
|
|upkeep
|turn|4
|
|t:|1662954541
|switch|p2a: Arceus|Arceus-Grass|100/100
|move|p1a: Quagsire|Toxic|p2a: Arceus|[miss]
|-miss|p1a: Quagsire|p2a: Arceus
|
|upkeep
|turn|5
|
|t:|1662954574
|move|p2a: Arceus|Stone Edge|p1a: Quagsire
|-resisted|p1a: Quagsire
|-damage|p1a: Quagsire|41/100
|move|p1a: Quagsire|Toxic|p2a: Arceus
|-status|p2a: Arceus|tox
|
|-damage|p2a: Arceus|94/100 tox|[from] psn
|upkeep
|turn|6
|
|t:|1662954583
|switch|p1a: Eternatus|Eternatus|100/100
|-ability|p1a: Eternatus|Pressure
|move|p2a: Arceus|Bullet Seed|p1a: Eternatus
|-resisted|p1a: Eternatus
|-crit|p1a: Eternatus
|-damage|p1a: Eternatus|96/100
|-resisted|p1a: Eternatus
|-damage|p1a: Eternatus|93/100
|-resisted|p1a: Eternatus
|-damage|p1a: Eternatus|90/100
|-resisted|p1a: Eternatus
|-damage|p1a: Eternatus|87/100
|-hitcount|p1a: Eternatus|4
|
|-damage|p2a: Arceus|82/100 tox|[from] psn
|upkeep
|turn|7
|
|t:|1662954586
|move|p2a: Arceus|Earthquake|p1a: Eternatus
|-supereffective|p1a: Eternatus
|-damage|p1a: Eternatus|34/100
|move|p1a: Eternatus|Dynamax Cannon|p2a: Arceus
|-damage|p2a: Arceus|16/100 tox
|
|-damage|p2a: Arceus|0 fnt|[from] psn
|faint|p2a: Arceus
|upkeep
|
|t:|1662954591
|switch|p2a: Deoxys|Deoxys-Speed|100/100
|-ability|p2a: Deoxys|Pressure
|turn|8
|
|t:|1662954595
|move|p2a: Deoxys|Light Screen|p2a: Deoxys
|-sidestart|p2: yoooyooyo|move: Light Screen
|move|p1a: Eternatus|Dynamax Cannon|p2a: Deoxys
|-damage|p2a: Deoxys|43/100
|
|upkeep
|turn|9
|
|t:|1662954604
|switch|p1a: Calyrex|Calyrex-Shadow|100/100
|-ability|p1a: Calyrex|As One
|-ability|p1a: Calyrex|Unnerve
|move|p2a: Deoxys|Spikes|p1a: Calyrex
|-sidestart|p1: seidou45|Spikes
|
|upkeep
|turn|10
|
|t:|1662954609
|switch|p2a: Arceus|Arceus|100/100
|move|p1a: Calyrex|Astral Barrage|p2a: Arceus
|-immune|p2a: Arceus
|
|upkeep
|turn|11
|
|t:|1662954630
|switch|p1a: Zacian|Zacian-Crowned, shiny|100/100
|-damage|p1a: Zacian|88/100|[from] Spikes
|-ability|p1a: Zacian|Intrepid Sword|boost
|-boost|p1a: Zacian|atk|1
|move|p2a: Arceus|Shadow Claw|p1a: Zacian
|-damage|p1a: Zacian|67/100
|
|upkeep
|turn|12
|
|t:|1662954636
|move|p1a: Zacian|Behemoth Blade|p2a: Arceus
|-damage|p2a: Arceus|33/100
|move|p2a: Arceus|Earthquake|p1a: Zacian
|-supereffective|p1a: Zacian
|-damage|p1a: Zacian|13/100
|
|upkeep
|turn|13
|
|t:|1662954651
|switch|p1a: Quagsire|Quagsire, M, shiny|41/100
|-damage|p1a: Quagsire|28/100|[from] Spikes
|move|p2a: Arceus|Extreme Speed|p1a: Quagsire
|-damage|p1a: Quagsire|0 fnt
|-damage|p2a: Arceus|17/100|[from] item: Rocky Helmet|[of] p1a: Quagsire
|faint|p1a: Quagsire
|
|upkeep
|
|t:|1662954653
|switch|p1a: Calyrex|Calyrex-Shadow|100/100
|-ability|p1a: Calyrex|As One
|-ability|p1a: Calyrex|Unnerve
|-damage|p1a: Calyrex|88/100|[from] Spikes
|turn|14
|
|t:|1662954670
|move|p1a: Calyrex|Psyshock|p2a: Arceus
|-damage|p2a: Arceus|0 fnt
|faint|p2a: Arceus
|-ability|p1a: Calyrex|Grim Neigh|boost
|-boost|p1a: Calyrex|spa|1
|
|upkeep
|
|t:|1662954679
|switch|p2a: Arceus|Arceus-Ground|100/100
|turn|15
|
|t:|1662954684
|-start|p1a: Calyrex|Dynamax|
|-heal|p1a: Calyrex|88/100|[silent]
|-start|p2a: Arceus|Dynamax|
|-heal|p2a: Arceus|100/100|[silent]
|move|p2a: Arceus|Max Quake|p1a: Calyrex
|-damage|p1a: Calyrex|42/100
|-boost|p2a: Arceus|spd|1
|move|p1a: Calyrex|Max Mindstorm|p2a: Arceus
|-damage|p2a: Arceus|84/100
|-fieldstart|move: Psychic Terrain
|
|-sideend|p2: yoooyooyo|move: Light Screen
|upkeep
|turn|16
|
|t:|1662954689
|move|p1a: Calyrex|Max Guard|p1a: Calyrex
|-singleturn|p1a: Calyrex|Max Guard
|move|p2a: Arceus|Max Quake|p1a: Calyrex
|-activate|p1a: Calyrex|move: Max Guard
|
|upkeep
|turn|17
|
|t:|1662954712
|-end|p1a: Calyrex|Dynamax
|-heal|p1a: Calyrex|42/100|[silent]
|switch|p1a: Zacian|Zacian-Crowned, shiny|13/100
|-damage|p1a: Zacian|0 fnt|[from] Spikes
|faint|p1a: Zacian
|move|p2a: Arceus|Max Quake|p1: Zacian|[notarget]
|-fail|p2a: Arceus
|
|upkeep
|
|t:|1662954720
|switch|p1a: Calyrex|Calyrex-Shadow|42/100
|-ability|p1a: Calyrex|As One
|-ability|p1a: Calyrex|Unnerve
|-damage|p1a: Calyrex|30/100|[from] Spikes
|-end|p2a: Arceus|Dynamax
|-heal|p2a: Arceus|84/100|[silent]
|turn|18
|
|t:|1662954724
|move|p1a: Calyrex|Psyshock|p2a: Arceus
|-damage|p2a: Arceus|28/100
|move|p2a: Arceus|Earthquake|p1a: Calyrex
|-damage|p1a: Calyrex|0 fnt
|faint|p1a: Calyrex
|
|upkeep
|
|t:|1662954727
|switch|p1a: Eternatus|Eternatus|34/100
|-damage|p1a: Eternatus|22/100|[from] Spikes
|-ability|p1a: Eternatus|Pressure
|turn|19
|
|t:|1662954732
|move|p2a: Arceus|Extreme Speed|p1a: Eternatus
|-activate|p1a: Eternatus|move: Psychic Terrain
|move|p1a: Eternatus|Dynamax Cannon|p2a: Arceus
|-damage|p2a: Arceus|0 fnt
|faint|p2a: Arceus
|
|-fieldend|move: Psychic Terrain
|upkeep
|
|t:|1662954735
|switch|p2a: Deoxys|Deoxys-Speed|43/100
|-ability|p2a: Deoxys|Pressure
|turn|20
|
|t:|1662954740
|move|p2a: Deoxys|Light Screen|p2a: Deoxys
|-sidestart|p2: yoooyooyo|move: Light Screen
|move|p1a: Eternatus|Dynamax Cannon|p2a: Deoxys
|-damage|p2a: Deoxys|0 fnt
|faint|p2a: Deoxys
|
|upkeep
|
|t:|1662954742
|switch|p2a: Arceus|Arceus-Ground|100/100
|turn|21
|
|t:|1662954747
|move|p1a: Eternatus|Dynamax Cannon|p2a: Arceus
|-damage|p2a: Arceus|65/100
|move|p2a: Arceus|Swords Dance|p2a: Arceus
|-boost|p2a: Arceus|atk|2
|
|upkeep
|turn|22
|
|t:|1662954751
|move|p2a: Arceus|Extreme Speed|p1a: Eternatus
|-damage|p1a: Eternatus|0 fnt
|faint|p1a: Eternatus
|
|upkeep
|
|t:|1662954755
|switch|p1a: Yveltal|Yveltal, shiny|31/100
|-ability|p1a: Yveltal|Dark Aura
|turn|23
|
|t:|1662954759
|move|p2a: Arceus|Extreme Speed|p1a: Yveltal
|-damage|p1a: Yveltal|0 fnt
|faint|p1a: Yveltal
|
|upkeep
|l|☆seidou45
|player|p1|
|inactive|Battle timer is ON: inactive players will automatically lose when time's up. (requested by yoooyooyo)
|inactive|seidou45 has 30 seconds to reconnect!
|inactive|seidou45 has 20 seconds to reconnect!
|inactive|seidou45 has 15 seconds to reconnect!
|inactive|seidou45 has 10 seconds to reconnect!
|inactive|seidou45 has 5 seconds to reconnect!
|-message|seidou45 lost due to inactivity.
|
|win|yoooyooyo
|raw|seidou45's rating: 1912 &rarr; <strong>1891</strong><br />(-21 for losing)
|raw|yoooyooyo's rating: 1902 &rarr; <strong>1923</strong><br />(+21 for winning)
||Ladder isn't responding, score probably updated but might not have (Request timeout).
