|j|☆eririchskonapvip
|j|☆moyv123
|t:|1666013986
|gametype|singles
|player|p1|eririchskonapvip|n|
|player|p2|moyv123|2|
|teamsize|p1|6
|teamsize|p2|6
|gen|8
|tier|[Gen 8] National Dex AG
|rule|HP Percentage Mod: HP is shown in percentages
|rule|Endless Battle Clause: Forcing endless battles is banned
|clearpoke
|poke|p1|Whimsicott, M|
|poke|p1|Smeargle, F|
|poke|p1|Ditto|
|poke|p1|Calyrex-Shadow|
|poke|p1|Zacian-*|
|poke|p1|Deoxys-Speed|
|poke|p2|Arceus-*|
|poke|p2|Arceus-*|
|poke|p2|Rayquaza|
|poke|p2|Lugia|
|poke|p2|Zacian-*|
|poke|p2|Necrozma-Dusk-Mane|
|teampreview
|
|t:|1666014037
|start
|switch|p1a: Deoxys|Deoxys-Speed|100/100
|switch|p2a: Zacian|Zacian-Crowned, shiny|100/100
|-ability|p1a: Deoxys|Pressure
|-ability|p2a: Zacian|Intrepid Sword|boost
|-boost|p2a: Zacian|atk|1
|turn|1
|
|t:|1666014049
|switch|p2a: Arceus|Arceus|100/100
|move|p1a: Deoxys|Stealth Rock|p2a: Arceus
|-sidestart|p2: moyv123|move: Stealth Rock
|
|upkeep
|turn|2
|
|t:|1666014055
|move|p2a: Arceus|Extreme Speed|p1a: Deoxys
|-damage|p1a: Deoxys|30/100
|move|p1a: Deoxys|Psycho Boost|p2a: Arceus
|-crit|p2a: Arceus
|-damage|p2a: Arceus|38/100
|-unboost|p1a: Deoxys|spa|2
|
|upkeep
|turn|3
|
|t:|1666014065
|move|p1a: Deoxys|Psycho Boost|p2a: Arceus
|-damage|p2a: Arceus|17/100
|-unboost|p1a: Deoxys|spa|2
|move|p2a: Arceus|Defog|p1a: Deoxys
|-unboost|p1a: Deoxys|evasion|1
|-sideend|p2: moyv123|Stealth Rock|[from] move: Defog|[of] p2a: Arceus
|
|upkeep
|turn|4
|
|t:|1666014074
|move|p2a: Arceus|Extreme Speed|p1a: Deoxys
|-damage|p1a: Deoxys|0 fnt
|faint|p1a: Deoxys
|
|upkeep
|
|t:|1666014077
|switch|p1a: Whimsicott|Whimsicott, M, shiny|100/100
|turn|5
|
|t:|1666014082
|move|p2a: Arceus|Extreme Speed|p1a: Whimsicott
|-damage|p1a: Whimsicott|45/100
|move|p1a: Whimsicott|Memento|p2a: Arceus
|-unboost|p2a: Arceus|atk|2
|-unboost|p2a: Arceus|spa|2
|faint|p1a: Whimsicott
|
|upkeep
|
|t:|1666014087
|switch|p1a: Smeargle|Smeargle, F, shiny|100/100
|turn|6
|
|t:|1666014094
|move|p2a: Arceus|Extreme Speed|p1a: Smeargle
|-damage|p1a: Smeargle|53/100
|move|p1a: Smeargle|Spore|p2a: Arceus
|-status|p2a: Arceus|slp|[from] move: Spore
|-enditem|p2a: Arceus|Lum Berry|[eat]
|-curestatus|p2a: Arceus|slp|[msg]
|
|upkeep
|turn|7
|
|t:|1666014103
|-start|p2a: Arceus|Dynamax|
|-heal|p2a: Arceus|17/100|[silent]
|move|p2a: Arceus|Max Strike|p1a: Smeargle
|-damage|p1a: Smeargle|0 fnt
|faint|p1a: Smeargle
|
|upkeep
|c|☆eririchskonapvip|gg
|
|t:|1666014114
|switch|p1a: Zacian|Zacian-Crowned|100/100
|-ability|p1a: Zacian|Intrepid Sword|boost
|-boost|p1a: Zacian|atk|1
|turn|8
|
|t:|1666014119
|move|p1a: Zacian|Behemoth Blade|p2a: Arceus
|-damage|p2a: Arceus|0 fnt
|faint|p2a: Arceus
|
|upkeep
|
|t:|1666014125
|switch|p2a: Lugia|Lugia|100/100
|turn|9
|c|☆eririchskonapvip|good team
|
|t:|1666014134
|move|p1a: Zacian|Crunch|p2a: Lugia
|-supereffective|p2a: Lugia
|-damage|p2a: Lugia|77/100
|move|p2a: Lugia|Thunder Wave|p1a: Zacian
|-status|p1a: Zacian|par
|
|upkeep
|turn|10
|
|t:|1666014143
|move|p2a: Lugia|Roost|p2a: Lugia
|-heal|p2a: Lugia|100/100
|-singleturn|p2a: Lugia|move: Roost
|cant|p1a: Zacian|par
|
|upkeep
|turn|11
|
|t:|1666014163
|switch|p2a: Rayquaza|Rayquaza, shiny|100/100
|-ability|p2a: Rayquaza|Air Lock
|switch|p1a: Ditto|Ditto, shiny|100/100
|-transform|p1a: Ditto|p2a: Rayquaza|[from] ability: Imposter
|
|upkeep
|turn|12
|
|t:|1666014186
|switch|p2a: Zacian|Zacian-Crowned, shiny|100/100
|-ability|p2a: Zacian|Intrepid Sword|boost
|-boost|p2a: Zacian|atk|1
|move|p1a: Ditto|Earthquake|p2a: Zacian
|-supereffective|p2a: Zacian
|-damage|p2a: Zacian|23/100
|
|upkeep
|turn|13
|
|t:|1666014197
|switch|p2a: Rayquaza|Rayquaza, shiny|100/100
|-ability|p2a: Rayquaza|Air Lock
|switch|p1a: Zacian|Zacian-Crowned|100/100 par
|-ability|p1a: Zacian|Intrepid Sword|boost
|-boost|p1a: Zacian|atk|1
|
|upkeep
|turn|14
|
|t:|1666014208
|detailschange|p2a: Rayquaza|Rayquaza-Mega, shiny
|-mega|p2a: Rayquaza|Rayquaza|
|-weather|DeltaStream|[from] ability: Delta Stream|[of] p2a: Rayquaza
|move|p2a: Rayquaza|Earthquake|p1a: Zacian
|-supereffective|p1a: Zacian
|-damage|p1a: Zacian|0 fnt
|faint|p1a: Zacian
|-damage|p2a: Rayquaza|91/100|[from] item: Life Orb
|
|-weather|DeltaStream|[upkeep]
|upkeep
|
|t:|1666014214
|switch|p1a: Ditto|Ditto, shiny|100/100
|-transform|p1a: Ditto|p2a: Rayquaza|[from] ability: Imposter
|turn|15
|
|t:|1666014229
|switch|p2a: Zacian|Zacian-Crowned, shiny|23/100
|-ability|p2a: Zacian|Intrepid Sword|boost
|-boost|p2a: Zacian|atk|1
|move|p1a: Ditto|Dragon Ascent|p2a: Zacian
|-resisted|p2a: Zacian
|-damage|p2a: Zacian|0 fnt
|-unboost|p1a: Ditto|def|1
|-unboost|p1a: Ditto|spd|1
|faint|p2a: Zacian
|
|-weather|DeltaStream|[upkeep]
|upkeep
|
|t:|1666014240
|switch|p2a: Necrozma|Necrozma-Dusk-Mane|100/100
|turn|16
|
|t:|1666014257
|move|p1a: Ditto|Dragon Ascent|p2a: Necrozma
|-resisted|p2a: Necrozma
|-damage|p2a: Necrozma|69/100
|-unboost|p1a: Ditto|def|1
|-unboost|p1a: Ditto|spd|1
|move|p2a: Necrozma|Photon Geyser|p1a: Ditto
|-damage|p1a: Ditto|0 fnt
|faint|p1a: Ditto
|-weather|none
|
|upkeep
|
|t:|1666014268
|switch|p1a: Calyrex|Calyrex-Shadow|100/100
|-ability|p1a: Calyrex|As One
|-ability|p1a: Calyrex|Unnerve
|turn|17
|
|t:|1666014293
|-start|p1a: Calyrex|Dynamax|
|-heal|p1a: Calyrex|100/100|[silent]
|move|p1a: Calyrex|Max Phantasm|p2a: Necrozma
|-supereffective|p2a: Necrozma
|-damage|p2a: Necrozma|0 fnt
|faint|p2a: Necrozma
|-ability|p1a: Calyrex|Grim Neigh|boost
|-boost|p1a: Calyrex|spa|1
|
|upkeep
|
|t:|1666014318
|switch|p2a: Lugia|Lugia|100/100
|turn|18
|
|t:|1666014335
|move|p1a: Calyrex|Max Phantasm|p2a: Lugia
|-supereffective|p2a: Lugia
|-damage|p2a: Lugia|30/100
|-unboost|p2a: Lugia|def|1
|move|p2a: Lugia|Thunder Wave|p1a: Calyrex
|-status|p1a: Calyrex|par
|
|upkeep
|turn|19
|
|t:|1666014345
|switch|p2a: Arceus|Arceus-Dark|100/100
|move|p1a: Calyrex|Max Phantasm|p2a: Arceus
|-resisted|p2a: Arceus
|-damage|p2a: Arceus|68/100
|-unboost|p2a: Arceus|def|1
|
|upkeep
|-end|p1a: Calyrex|Dynamax
|-heal|p1a: Calyrex|100/100 par|[silent]
|turn|20
|
|t:|1666014358
|move|p2a: Arceus|Judgment|p1a: Calyrex
|-supereffective|p1a: Calyrex
|-enditem|p1a: Calyrex|Focus Sash
|-damage|p1a: Calyrex|1/100 par
|move|p1a: Calyrex|Pollen Puff|p2a: Arceus
|-supereffective|p2a: Arceus
|-damage|p2a: Arceus|14/100
|
|upkeep
|turn|21
|c|☆moyv123|。
|c|☆eririchskonapvip|gg
|
|t:|1666014420
|move|p2a: Arceus|Judgment|p1a: Calyrex
|-supereffective|p1a: Calyrex
|-damage|p1a: Calyrex|0 fnt
|faint|p1a: Calyrex
|
|win|moyv123
