|j|☆BotGaming
|j|☆xLeonisx
|t:|1668403252
|gametype|singles
|player|p1|BotGaming|akari|1626
|player|p2|xLeonisx|2|1675
|teamsize|p1|6
|teamsize|p2|6
|gen|8
|tier|[Gen 8] National Dex AG
|rated|
|rule|HP Percentage Mod: HP is shown in percentages
|rule|Endless Battle Clause: Forcing endless battles is banned
|clearpoke
|poke|p1|Lucario, F|
|poke|p1|Regieleki|
|poke|p1|Yveltal|
|poke|p1|Groudon|
|poke|p1|Dracovish|
|poke|p1|Lapras, F|
|poke|p2|Deoxys-Speed|
|poke|p2|Ditto|
|poke|p2|Kyogre|
|poke|p2|Calyrex-Shadow|
|poke|p2|Lugia|
|poke|p2|Zacian-*|
|teampreview
|j| Milimeter_Defeater
|inactive|Battle timer is ON: inactive players will automatically lose when time's up. (requested by xLeonisx)
|c| Milimeter_Defeater|leon, you better win this
|
|t:|1668403267
|start
|switch|p1a: Bacon|Yveltal, shiny|100/100
|switch|p2a: Calyrex|Calyrex-Shadow|100/100
|-ability|p2a: Calyrex|As One
|-ability|p2a: Calyrex|Unnerve
|-ability|p1a: Bacon|Dark Aura
|turn|1
|c|☆BotGaming|yo what the
|
|t:|1668403279
|switch|p2a: Zacian|Zacian-Crowned|100/100
|-ability|p2a: Zacian|Intrepid Sword|boost
|-boost|p2a: Zacian|atk|1
|move|p1a: Bacon|Sucker Punch||[still]
|-fail|p1a: Bacon
|
|upkeep
|turn|2
|
|t:|1668403285
|switch|p1a: Lucario|Lucario, F|100/100
|move|p2a: Zacian|Behemoth Blade|p1a: Lucario
|-resisted|p1a: Lucario
|-damage|p1a: Lucario|27/100
|
|upkeep
|turn|3
|j| BigDuckie
|c| Milimeter_Defeater|there's nothing worse than losing to a team like his when you got a full legend team
|
|t:|1668403293
|detailschange|p1a: Lucario|Lucario-Mega, F
|-mega|p1a: Lucario|Lucario|Lucarionite
|move|p1a: Lucario|Bullet Punch|p2a: Zacian
|-damage|p2a: Zacian|71/100
|move|p2a: Zacian|Behemoth Blade|p1a: Lucario
|-resisted|p1a: Lucario
|-damage|p1a: Lucario|0 fnt
|faint|p1a: Lucario
|
|upkeep
|c|☆BotGaming|thats tru
|c| BigDuckie|ayo someones cheering for the other guy?
|
|t:|1668403308
|switch|p1a: Speeed|Regieleki|100/100
|turn|4
|c| BigDuckie|bot lets go man
|c| Milimeter_Defeater|not really
|
|t:|1668403327
|switch|p2a: Lugia|Lugia|100/100
|move|p1a: Speeed|Thunderbolt|p2a: Lugia
|-supereffective|p2a: Lugia
|-damage|p2a: Lugia|65/100
|
|upkeep
|turn|5
|c| BigDuckie|ay if he wins he wins
|
|t:|1668403334
|move|p1a: Speeed|Thunderbolt|p2a: Lugia
|-supereffective|p2a: Lugia
|-damage|p2a: Lugia|3/100
|move|p2a: Lugia|Roost|p2a: Lugia
|-heal|p2a: Lugia|53/100
|-singleturn|p2a: Lugia|move: Roost
|
|upkeep
|turn|6
|c| Milimeter_Defeater|just telling leon if he loses, he'll be disgraced by the entire world
|c|☆xLeonisx|bot i like ur team good luck
|
|t:|1668403346
|move|p1a: Speeed|Thunderbolt|p2a: Lugia
|-supereffective|p2a: Lugia
|-damage|p2a: Lugia|0 fnt
|faint|p2a: Lugia
|
|upkeep
|
|t:|1668403348
|switch|p2a: Calyrex|Calyrex-Shadow|100/100
|-ability|p2a: Calyrex|As One
|-ability|p2a: Calyrex|Unnerve
|turn|7
|c|☆BotGaming|agree
|c| BigDuckie|bots team is hype tho
|
|t:|1668403353
|move|p2a: Calyrex|Astral Barrage|p1a: Speeed
|-crit|p1a: Speeed
|-enditem|p1a: Speeed|Focus Sash
|-damage|p1a: Speeed|1/100
|move|p1a: Speeed|Thunderbolt|p2a: Calyrex
|-damage|p2a: Calyrex|46/100
|
|upkeep
|turn|8
|
|t:|1668403372
|move|p2a: Calyrex|Astral Barrage|p1a: Speeed
|-damage|p1a: Speeed|0 fnt
|faint|p1a: Speeed
|-ability|p2a: Calyrex|Grim Neigh|boost
|-boost|p2a: Calyrex|spa|1
|
|upkeep
|c| Milimeter_Defeater|bot's team has a lucario and lapras
|
|t:|1668403382
|switch|p1a: Bacon|Yveltal, shiny|100/100
|-ability|p1a: Bacon|Dark Aura
|turn|9
|c| BigDuckie|yeah
|c| BigDuckie|it's interesting
|c|☆xLeonisx|gmax lapras
|c| Milimeter_Defeater|mega lucario is op, just not against legends of a high degree
|
|t:|1668403391
|switch|p2a: Zacian|Zacian-Crowned|71/100
|-ability|p2a: Zacian|Intrepid Sword|boost
|-boost|p2a: Zacian|atk|1
|move|p1a: Bacon|Sucker Punch||[still]
|-fail|p1a: Bacon
|
|upkeep
|turn|10
|c| Milimeter_Defeater|gmax lapras is the best of all the mons that got gmax though
|c| BigDuckie|fr
|c| BigDuckie|ability to set up veil is massive
|inactive|BotGaming has 120 seconds left.
|
|t:|1668403425
|switch|p1a: fish|Dracovish|100/100
|move|p2a: Zacian|Close Combat|p1a: fish
|-damage|p1a: fish|15/100
|-unboost|p2a: Zacian|def|1
|-unboost|p2a: Zacian|spd|1
|
|upkeep
|turn|11
|c| BigDuckie|dunno about butterfree tho
|c| Milimeter_Defeater|and natural bulk on lapras... just not a lot for ag
|
|t:|1668403439
|switch|p2a: Deoxys|Deoxys-Speed|100/100
|-ability|p2a: Deoxys|Pressure
|move|p1a: fish|Fishious Rend|p2a: Deoxys
|-crit|p2a: Deoxys
|-enditem|p2a: Deoxys|Focus Sash
|-damage|p2a: Deoxys|1/100
|
|upkeep
|turn|12
|
|t:|1668403445
|move|p2a: Deoxys|Stealth Rock|p1a: fish
|-sidestart|p1: BotGaming|move: Stealth Rock
|move|p1a: fish|Fishious Rend|p2a: Deoxys
|-damage|p2a: Deoxys|0 fnt
|faint|p2a: Deoxys
|
|upkeep
|c| BigDuckie|bro bot
|
|t:|1668403450
|switch|p2a: Ditto|Ditto|100/100
|-transform|p2a: Ditto|p1a: fish|[from] ability: Imposter
|turn|13
|c| BigDuckie|you should slap a ditto on ur team
|
|t:|1668403458
|switch|p1a: thicc|Lapras, F|100/100
|-damage|p1a: thicc|76/100|[from] Stealth Rock
|move|p2a: Ditto|Fishious Rend|p1a: thicc
|-heal|p1a: thicc|100/100|[from] ability: Water Absorb|[of] p2a: Ditto
|
|upkeep
|turn|14
|c| BigDuckie|oh dang
|
|t:|1668403467
|switch|p2a: Kyogre|Kyogre|100/100
|detailschange|p2a: Kyogre|Kyogre-Primal
|-primal|p2a: Kyogre
|-weather|PrimordialSea|[from] ability: Primordial Sea|[of] p2a: Kyogre
|-start|p1a: thicc|Dynamax|Gmax
|-heal|p1a: thicc|100/100|[silent]
|move|p1a: thicc|G-Max Resonance|p2a: Kyogre
|-resisted|p2a: Kyogre
|-damage|p2a: Kyogre|85/100
|-sidestart|p1: BotGaming|move: Aurora Veil
|
|-weather|PrimordialSea|[upkeep]
|upkeep
|turn|15
|c| Milimeter_Defeater|get rid of lucario for a ditto
|
|t:|1668403477
|move|p2a: Kyogre|Thunder|p1a: thicc
|-supereffective|p1a: thicc
|-damage|p1a: thicc|79/100
|-status|p1a: thicc|par
|cant|p1a: thicc|par
|
|-weather|PrimordialSea|[upkeep]
|-heal|p1a: thicc|82/100 par|[from] item: Leftovers
|upkeep
|turn|16
|c| BigDuckie|NO
|c| BigDuckie|THE PARA
|
|t:|1668403484
|move|p2a: Kyogre|Ice Beam|p1a: thicc
|-resisted|p1a: thicc
|-damage|p1a: thicc|80/100 par
|move|p1a: thicc|G-Max Resonance|p2a: Kyogre
|-resisted|p2a: Kyogre
|-damage|p2a: Kyogre|66/100
|
|-weather|PrimordialSea|[upkeep]
|-heal|p1a: thicc|83/100 par|[from] item: Leftovers
|upkeep
|-end|p1a: thicc|Dynamax
|-heal|p1a: thicc|83/100 par|[silent]
|turn|17
|
|t:|1668403489
|move|p2a: Kyogre|Thunder|p1a: thicc
|-supereffective|p1a: thicc
|-damage|p1a: thicc|43/100 par
|cant|p1a: thicc|par
|
|-weather|PrimordialSea|[upkeep]
|-heal|p1a: thicc|49/100 par|[from] item: Leftovers
|upkeep
|turn|18
|
|t:|1668403493
|move|p2a: Kyogre|Thunder|p1a: thicc
|-supereffective|p1a: thicc
|-damage|p1a: thicc|5/100 par
|move|p1a: thicc|Freeze-Dry|p2a: Kyogre
|-supereffective|p2a: Kyogre
|-damage|p2a: Kyogre|27/100
|
|-weather|PrimordialSea|[upkeep]
|-heal|p1a: thicc|11/100 par|[from] item: Leftovers
|-sideend|p1: BotGaming|move: Aurora Veil
|upkeep
|turn|19
|c|☆BotGaming|bro para
|c| Milimeter_Defeater|leon, this is the second game your parahaxing XD
|c| BigDuckie|bro paras are so annoying
|
|t:|1668403502
|move|p2a: Kyogre|Thunder|p1a: thicc
|-supereffective|p1a: thicc
|-damage|p1a: thicc|0 fnt
|faint|p1a: thicc
|
|-weather|PrimordialSea|[upkeep]
|upkeep
|
|t:|1668403508
|switch|p1a: fish|Dracovish|15/100
|-damage|p1a: fish|3/100|[from] Stealth Rock
|turn|20
|c|☆xLeonisx|agree para wak
|
|t:|1668403516
|-weather|none
|switch|p2a: Ditto|Ditto|100/100
|-transform|p2a: Ditto|p1a: fish|[from] ability: Imposter
|move|p1a: fish|Fishious Rend|p2a: Ditto
|-resisted|p2a: Ditto
|-damage|p2a: Ditto|71/100
|
|upkeep
|turn|21
|c| BigDuckie|i got para like
|
|t:|1668403523
|switch|p1a: Charcoal|Groudon, shiny|100/100
|-damage|p1a: Charcoal|94/100|[from] Stealth Rock
|detailschange|p1a: Charcoal|Groudon-Primal, shiny
|-primal|p1a: Charcoal
|-weather|DesolateLand|[from] ability: Desolate Land|[of] p1a: Charcoal
|move|p2a: Ditto|Fishious Rend||[still]
|-fail|p2a: Ditto|Fishious Rend|[from] Desolate Land
|
|-weather|DesolateLand|[upkeep]
|upkeep
|turn|22
|c| BigDuckie|4 times in a row once
|
|t:|1668403532
|switch|p2a: Kyogre|Kyogre-Primal|27/100
|-weather|PrimordialSea|[from] ability: Primordial Sea|[of] p2a: Kyogre
|move|p1a: Charcoal|Precipice Blades|p2a: Kyogre
|-damage|p2a: Kyogre|0 fnt
|faint|p2a: Kyogre
|-weather|none
|
|upkeep
|
|t:|1668403535
|switch|p2a: Ditto|Ditto|71/100
|-transform|p2a: Ditto|p1a: Charcoal|[from] ability: Imposter
|-weather|DesolateLand|[from] ability: Desolate Land|[of] p2a: Ditto
|turn|23
|c| BigDuckie|AY IT DIDN'T MISS
|c| BigDuckie|sac draco
|
|t:|1668403549
|switch|p1a: fish|Dracovish|3/100
|-damage|p1a: fish|0 fnt|[from] Stealth Rock
|faint|p1a: fish
|move|p2a: Ditto|Rock Slide|p1: fish|[notarget]
|-fail|p2a: Ditto
|
|-weather|DesolateLand|[upkeep]
|upkeep
|
|t:|1668403556
|switch|p1a: Charcoal|Groudon-Primal, shiny|94/100
|-damage|p1a: Charcoal|82/100|[from] Stealth Rock
|turn|24
|c|☆BotGaming|nice
|c|☆BotGaming|its locked on
|c|☆BotGaming|now
|c|☆BotGaming|smth gonna die
|
|t:|1668403568
|move|p2a: Ditto|Rock Slide|p1a: Charcoal|[miss]
|-miss|p2a: Ditto|p1a: Charcoal
|move|p1a: Charcoal|Precipice Blades|p2a: Ditto
|-supereffective|p2a: Ditto
|-damage|p2a: Ditto|0 fnt
|faint|p2a: Ditto
|
|-weather|DesolateLand|[upkeep]
|upkeep
|
|t:|1668403571
|switch|p2a: Calyrex|Calyrex-Shadow|46/100
|-ability|p2a: Calyrex|As One
|-ability|p2a: Calyrex|Unnerve
|turn|25
|c| BigDuckie|EVEN THE MISS
|
|t:|1668403576
|-start|p2a: Calyrex|Dynamax|
|-heal|p2a: Calyrex|46/100|[silent]
|move|p2a: Calyrex|Max Phantasm|p1a: Charcoal
|-damage|p1a: Charcoal|0 fnt
|faint|p1a: Charcoal
|-weather|none
|-ability|p2a: Calyrex|Grim Neigh|boost
|-boost|p2a: Calyrex|spa|1
|
|upkeep
|c| Milimeter_Defeater|can bot really win this?
|c| BigDuckie|i think so
|
|t:|1668403581
|switch|p1a: Bacon|Yveltal, shiny|100/100
|-damage|p1a: Bacon|76/100|[from] Stealth Rock
|-ability|p1a: Bacon|Dark Aura
|turn|26
|c| BigDuckie|no
|
|t:|1668403584
|move|p1a: Bacon|Sucker Punch|p2a: Calyrex
|-supereffective|p2a: Calyrex
|-damage|p2a: Calyrex|0 fnt
|faint|p2a: Calyrex
|-damage|p1a: Bacon|66/100|[from] item: Life Orb
|
|upkeep
|
|t:|1668403586
|switch|p2a: Zacian|Zacian-Crowned|71/100
|-ability|p2a: Zacian|Intrepid Sword|boost
|-boost|p2a: Zacian|atk|1
|turn|27
|c| BigDuckie|WHY DID YOU SAC GROUDON
|c| Milimeter_Defeater|why didn't you switch bot?
|c|☆BotGaming|dang nope
|c| Milimeter_Defeater|you lost now
|c|☆xLeonisx|gg
|c| BigDuckie|rip
|c| BigDuckie|gg
|c| Milimeter_Defeater|because you choked
|c|☆BotGaming|but if it miss
|c|☆BotGaming|tho
|
|t:|1668403609
|move|p1a: Bacon|Sucker Punch|p2a: Zacian
|-resisted|p2a: Zacian
|-damage|p2a: Zacian|47/100
|-damage|p1a: Bacon|56/100|[from] item: Life Orb
|move|p2a: Zacian|Behemoth Blade|p1a: Bacon
|-damage|p1a: Bacon|0 fnt
|faint|p1a: Bacon
|
|win|xLeonisx
|raw|BotGaming's rating: 1626 &rarr; <strong>1609</strong><br />(-17 for losing)
|raw|xLeonisx's rating: 1675 &rarr; <strong>1692</strong><br />(+17 for winning)
|c| BigDuckie|wdym
|c|☆BotGaming|aight no miss
|c|☆BotGaming|nvm
|c|☆BotGaming|gg tho
|c|☆BotGaming|close
|l| Milimeter_Defeater
|c| BigDuckie|really close
|c|☆xLeonisx|gg all u guyts
|c| BigDuckie|gg both of yall
|c|☆xLeonisx|nice fun
|c| BigDuckie|good shit to see
|c|☆BotGaming|lol
|l| BigDuckie
||Ladder isn't responding, score probably updated but might not have (Request timeout).
