|j|☆rock thunder bird
|j|☆YLong执迷不悟
|t:|1670243243
|gametype|singles
|player|p1|rock thunder bird|giovanni|
|player|p2|YLong执迷不悟|darach-caitlin|
|teamsize|p1|6
|teamsize|p2|6
|gen|8
|tier|[Gen 8] National Dex AG
|rule|HP Percentage Mod: HP is shown in percentages
|rule|Endless Battle Clause: Forcing endless battles is banned
|clearpoke
|poke|p1|Garchomp, M|
|poke|p1|Latios, M|
|poke|p1|Salamence, M|
|poke|p1|Kyurem|
|poke|p1|Tyranitar, M|
|poke|p1|Aegislash, M|
|poke|p2|Grimmsnarl, M|
|poke|p2|Ribombee, F|
|poke|p2|Donphan, F|
|poke|p2|Charizard, M|
|poke|p2|Altaria, F|
|poke|p2|Naganadel|
|teampreview
|j| pokemanwomanman
|
|t:|1670243258
|start
|switch|p1a: 旷野の山岩|Tyranitar, M, shiny|100/100
|switch|p2a: Donphan|Donphan, F|100/100
|-weather|Sandstorm|[from] ability: Sand Stream|[of] p1a: 旷野の山岩
|turn|1
|l| pokemanwomanman
|
|t:|1670243267
|move|p1a: 旷野の山岩|Taunt|p2a: Donphan
|-start|p2a: Donphan|move: Taunt
|cant|p2a: Donphan|move: Taunt|Stealth Rock
|
|-weather|Sandstorm|[upkeep]
|upkeep
|turn|2
|
|t:|1670243271
|move|p1a: 旷野の山岩|Stealth Rock|p2a: Donphan
|-sidestart|p2: YLong执迷不悟|move: Stealth Rock
|move|p2a: Donphan|Knock Off|p1a: 旷野の山岩
|-resisted|p1a: 旷野の山岩
|-damage|p1a: 旷野の山岩|91/100
|-enditem|p1a: 旷野の山岩|Leftovers|[from] move: Knock Off|[of] p2a: Donphan
|
|-weather|Sandstorm|[upkeep]
|upkeep
|turn|3
|
|t:|1670243281
|switch|p1a: 咆哮の寒冰|Kyurem|100/100
|-ability|p1a: 咆哮の寒冰|Pressure
|move|p2a: Donphan|Rapid Spin|p1a: 咆哮の寒冰
|-damage|p1a: 咆哮の寒冰|89/100
|-boost|p2a: Donphan|spe|1
|-sideend|p2: YLong执迷不悟|Stealth Rock|[from] move: Rapid Spin|[of] p2a: Donphan
|
|-weather|Sandstorm|[upkeep]
|-damage|p1a: 咆哮の寒冰|82/100|[from] Sandstorm
|-heal|p1a: 咆哮の寒冰|89/100|[from] item: Leftovers
|-end|p2a: Donphan|move: Taunt
|upkeep
|turn|4
|
|t:|1670243287
|move|p1a: 咆哮の寒冰|Freeze-Dry|p2a: Donphan
|-supereffective|p2a: Donphan
|-ability|p2a: Donphan|Sturdy
|-damage|p2a: Donphan|1/100
|move|p2a: Donphan|Stealth Rock|p1a: 咆哮の寒冰
|-sidestart|p1: rock thunder bird|move: Stealth Rock
|
|-weather|Sandstorm|[upkeep]
|-damage|p1a: 咆哮の寒冰|82/100|[from] Sandstorm
|-heal|p1a: 咆哮の寒冰|89/100|[from] item: Leftovers
|-heal|p2a: Donphan|7/100|[from] item: Leftovers
|upkeep
|turn|5
|
|t:|1670243292
|move|p1a: 咆哮の寒冰|Freeze-Dry|p2a: Donphan
|-supereffective|p2a: Donphan
|-crit|p2a: Donphan
|-damage|p2a: Donphan|0 fnt
|faint|p2a: Donphan
|
|-weather|none
|-heal|p1a: 咆哮の寒冰|95/100|[from] item: Leftovers
|upkeep
|
|t:|1670243297
|switch|p2a: Ribombee|Ribombee, F|100/100
|turn|6
|
|t:|1670243306
|switch|p1a: 坚毅の圣盾|Aegislash, M|100/100
|-damage|p1a: 坚毅の圣盾|94/100|[from] Stealth Rock
|move|p2a: Ribombee|Sticky Web|p1a: 坚毅の圣盾
|-sidestart|p1: rock thunder bird|move: Sticky Web
|
|-heal|p1a: 坚毅の圣盾|100/100|[from] item: Leftovers
|upkeep
|turn|7
|
|t:|1670243322
|move|p2a: Ribombee|Moonblast|p1a: 坚毅の圣盾
|-resisted|p1a: 坚毅の圣盾
|-damage|p1a: 坚毅の圣盾|86/100
|-unboost|p1a: 坚毅の圣盾|spa|1
|-formechange|p1a: 坚毅の圣盾|Aegislash-Blade||[from] ability: Stance Change
|move|p1a: 坚毅の圣盾|Iron Head|p2a: Ribombee
|-supereffective|p2a: Ribombee
|-enditem|p2a: Ribombee|Focus Sash
|-damage|p2a: Ribombee|1/100
|
|-heal|p1a: 坚毅の圣盾|92/100|[from] item: Leftovers
|upkeep
|turn|8
|
|t:|1670243328
|move|p1a: 坚毅の圣盾|Shadow Sneak|p2a: Ribombee
|-damage|p2a: Ribombee|0 fnt
|faint|p2a: Ribombee
|
|-heal|p1a: 坚毅の圣盾|98/100|[from] item: Leftovers
|upkeep
|
|t:|1670243334
|switch|p2a: Charizard|Charizard, M|100/100
|turn|9
|
|t:|1670243338
|-formechange|p1a: 坚毅の圣盾|Aegislash||[from] ability: Stance Change
|move|p1a: 坚毅の圣盾|King's Shield|p1a: 坚毅の圣盾
|-singleturn|p1a: 坚毅の圣盾|Protect
|move|p2a: Charizard|Dragon Dance|p2a: Charizard
|-boost|p2a: Charizard|atk|1
|-boost|p2a: Charizard|spe|1
|
|-heal|p1a: 坚毅の圣盾|100/100|[from] item: Leftovers
|upkeep
|turn|10
|
|t:|1670243344
|detailschange|p2a: Charizard|Charizard-Mega-X, M
|-mega|p2a: Charizard|Charizard|Charizardite X
|move|p2a: Charizard|Earthquake|p1a: 坚毅の圣盾
|-supereffective|p1a: 坚毅の圣盾
|-damage|p1a: 坚毅の圣盾|11/100
|-formechange|p1a: 坚毅の圣盾|Aegislash-Blade||[from] ability: Stance Change
|move|p1a: 坚毅の圣盾|Close Combat|p2a: Charizard
|-crit|p2a: Charizard
|-damage|p2a: Charizard|30/100
|-unboost|p1a: 坚毅の圣盾|def|1
|-unboost|p1a: 坚毅の圣盾|spd|1
|
|-heal|p1a: 坚毅の圣盾|17/100|[from] item: Leftovers
|upkeep
|turn|11
|
|t:|1670243351
|move|p1a: 坚毅の圣盾|Shadow Sneak|p2a: Charizard
|-damage|p2a: Charizard|5/100
|move|p2a: Charizard|Earthquake|p1a: 坚毅の圣盾
|-supereffective|p1a: 坚毅の圣盾
|-damage|p1a: 坚毅の圣盾|0 fnt
|faint|p1a: 坚毅の圣盾
|
|upkeep
|
|t:|1670243359
|switch|p1a: 无限の守护神|Latios, M|100/100
|-damage|p1a: 无限の守护神|88/100|[from] Stealth Rock
|turn|12
|
|t:|1670243365
|move|p1a: 无限の守护神|Ice Beam|p2a: Charizard
|-damage|p2a: Charizard|0 fnt
|faint|p2a: Charizard
|
|upkeep
|
|t:|1670243371
|switch|p2a: Grimmsnarl|Grimmsnarl, M|100/100
|turn|13
|
|t:|1670243376
|switch|p1a: 旷野の山岩|Tyranitar, M, shiny|91/100
|-damage|p1a: 旷野の山岩|78/100|[from] Stealth Rock
|-activate|p1a: 旷野の山岩|move: Sticky Web
|-unboost|p1a: 旷野の山岩|spe|1
|-weather|Sandstorm|[from] ability: Sand Stream|[of] p1a: 旷野の山岩
|move|p2a: Grimmsnarl|Light Screen|p2a: Grimmsnarl
|-sidestart|p2: YLong执迷不悟|move: Light Screen
|
|-weather|Sandstorm|[upkeep]
|-damage|p2a: Grimmsnarl|94/100|[from] Sandstorm
|upkeep
|turn|14
|
|t:|1670243380
|move|p2a: Grimmsnarl|Reflect|p2a: Grimmsnarl
|-sidestart|p2: YLong执迷不悟|Reflect
|move|p1a: 旷野の山岩|Taunt|p2a: Grimmsnarl
|-start|p2a: Grimmsnarl|move: Taunt
|
|-weather|Sandstorm|[upkeep]
|-damage|p2a: Grimmsnarl|88/100|[from] Sandstorm
|upkeep
|turn|15
|
|t:|1670243383
|switch|p1a: 无限の守护神|Latios, M|88/100
|-damage|p1a: 无限の守护神|76/100|[from] Stealth Rock
|move|p2a: Grimmsnarl|Spirit Break|p1a: 无限の守护神
|-supereffective|p1a: 无限の守护神
|-damage|p1a: 无限の守护神|0 fnt
|faint|p1a: 无限の守护神
|
|-weather|Sandstorm|[upkeep]
|-damage|p2a: Grimmsnarl|82/100|[from] Sandstorm
|upkeep
|
|t:|1670243390
|switch|p1a: 咆哮の寒冰|Kyurem|95/100
|-damage|p1a: 咆哮の寒冰|70/100|[from] Stealth Rock
|-activate|p1a: 咆哮の寒冰|move: Sticky Web
|-unboost|p1a: 咆哮の寒冰|spe|1
|-ability|p1a: 咆哮の寒冰|Pressure
|turn|16
|
|t:|1670243393
|move|p2a: Grimmsnarl|Spirit Break|p1a: 咆哮の寒冰
|-supereffective|p1a: 咆哮の寒冰
|-damage|p1a: 咆哮の寒冰|19/100
|-unboost|p1a: 咆哮の寒冰|spa|1
|move|p1a: 咆哮の寒冰|Substitute|p1a: 咆哮の寒冰
|-fail|p1a: 咆哮の寒冰|move: Substitute|[weak]
|
|-weather|Sandstorm|[upkeep]
|-damage|p2a: Grimmsnarl|76/100|[from] Sandstorm
|-damage|p1a: 咆哮の寒冰|13/100|[from] Sandstorm
|-heal|p1a: 咆哮の寒冰|19/100|[from] item: Leftovers
|upkeep
|turn|17
|
|t:|1670243398
|move|p2a: Grimmsnarl|Spirit Break|p1a: 咆哮の寒冰
|-supereffective|p1a: 咆哮の寒冰
|-damage|p1a: 咆哮の寒冰|0 fnt
|faint|p1a: 咆哮の寒冰
|
|-weather|none
|-end|p2a: Grimmsnarl|move: Taunt
|upkeep
|
|t:|1670243403
|switch|p1a: 天翔の梦|Salamence, M|100/100
|-damage|p1a: 天翔の梦|76/100|[from] Stealth Rock
|-ability|p1a: 天翔の梦|Intimidate|boost
|-unboost|p2a: Grimmsnarl|atk|1
|turn|18
|j| 123SQZ
|
|t:|1670243409
|detailschange|p1a: 天翔の梦|Salamence-Mega, M
|-mega|p1a: 天翔の梦|Salamence|Salamencite
|move|p2a: Grimmsnarl|Taunt|p1a: 天翔の梦
|-start|p1a: 天翔の梦|move: Taunt
|move|p1a: 天翔の梦|Frustration|p2a: Grimmsnarl
|-crit|p2a: Grimmsnarl
|-damage|p2a: Grimmsnarl|0 fnt
|faint|p2a: Grimmsnarl
|
|upkeep
|
|t:|1670243419
|switch|p2a: Naganadel|Naganadel|100/100
|turn|19
|
|t:|1670243435
|switch|p1a: 旷野の山岩|Tyranitar, M, shiny|78/100
|-damage|p1a: 旷野の山岩|66/100|[from] Stealth Rock
|-activate|p1a: 旷野の山岩|move: Sticky Web
|-unboost|p1a: 旷野の山岩|spe|1
|-weather|Sandstorm|[from] ability: Sand Stream|[of] p1a: 旷野の山岩
|move|p2a: Naganadel|Dragon Pulse|p1a: 旷野の山岩
|-damage|p1a: 旷野の山岩|47/100
|
|-weather|Sandstorm|[upkeep]
|-damage|p2a: Naganadel|94/100|[from] Sandstorm
|upkeep
|turn|20
|
|t:|1670243446
|-start|p2a: Naganadel|Dynamax|
|-heal|p2a: Naganadel|94/100|[silent]
|move|p2a: Naganadel|Max Airstream|p1a: 旷野の山岩
|-resisted|p1a: 旷野の山岩
|-damage|p1a: 旷野の山岩|38/100
|-boost|p2a: Naganadel|spe|1
|move|p1a: 旷野の山岩|Rock Tomb|p2a: Naganadel
|-damage|p2a: Naganadel|85/100
|-unboost|p2a: Naganadel|spe|1
|
|-weather|Sandstorm|[upkeep]
|-damage|p2a: Naganadel|82/100|[from] Sandstorm
|-sideend|p2: YLong执迷不悟|move: Light Screen
|upkeep
|turn|21
|
|t:|1670243452
|move|p2a: Naganadel|Max Airstream|p1a: 旷野の山岩
|-resisted|p1a: 旷野の山岩
|-damage|p1a: 旷野の山岩|29/100
|-boost|p2a: Naganadel|spe|1
|move|p1a: 旷野の山岩|Rock Tomb|p2a: Naganadel
|-damage|p2a: Naganadel|73/100
|-unboost|p2a: Naganadel|spe|1
|
|-weather|Sandstorm|[upkeep]
|-damage|p2a: Naganadel|70/100|[from] Sandstorm
|-sideend|p2: YLong执迷不悟|Reflect
|upkeep
|turn|22
|
|t:|1670243473
|-start|p1a: 旷野の山岩|Dynamax|
|-heal|p1a: 旷野の山岩|29/100|[silent]
|move|p1a: 旷野の山岩|Max Guard|p1a: 旷野の山岩
|-singleturn|p1a: 旷野の山岩|Max Guard
|move|p2a: Naganadel|Max Airstream|p1a: 旷野の山岩
|-activate|p1a: 旷野の山岩|move: Max Guard
|
|-weather|Sandstorm|[upkeep]
|-damage|p2a: Naganadel|67/100|[from] Sandstorm
|upkeep
|-end|p2a: Naganadel|Dynamax
|-heal|p2a: Naganadel|67/100|[silent]
|turn|23
|
|t:|1670243478
|move|p2a: Naganadel|Dragon Pulse|p1a: 旷野の山岩
|-damage|p1a: 旷野の山岩|20/100
|move|p1a: 旷野の山岩|Max Darkness|p2a: Naganadel
|-damage|p2a: Naganadel|0 fnt
|faint|p2a: Naganadel
|
|-weather|none
|upkeep
|
|t:|1670243481
|switch|p2a: Altaria|Altaria, F, shiny|100/100
|turn|24
|c|☆rock thunder bird|gg
|c|☆rock thunder bird|下次见
|
|t:|1670243496
|move|p2a: Altaria|Moonblast|p1a: 旷野の山岩
|-supereffective|p1a: 旷野の山岩
|-damage|p1a: 旷野の山岩|8/100
|move|p1a: 旷野の山岩|Max Rockfall|p2a: Altaria
|-supereffective|p2a: Altaria
|-damage|p2a: Altaria|0 fnt
|-weather|Sandstorm
|faint|p2a: Altaria
|
|win|rock thunder bird
|c| 123SQZ|6
|l|☆YLong执迷不悟
|l|☆rock thunder bird
|j|☆rock thunder bird
|player|p1|rock thunder bird|giovanni
