|j|☆TheWorld-445
|j|☆oskulisko
|t:|1654442181
|gametype|singles
|player|p1|TheWorld-445|2|1647
|player|p2|oskulisko|swimmerf-gen4dp|1670
|teamsize|p1|6
|teamsize|p2|6
|gen|8
|tier|[Gen 8] National Dex AG
|rated|
|rule|HP Percentage Mod: HP is shown in percentages
|rule|Endless Battle Clause: Forcing endless battles is banned
|clearpoke
|poke|p1|Arceus-*|
|poke|p1|Necrozma-Dusk-Mane|
|poke|p1|Rayquaza|
|poke|p1|Zygarde|
|poke|p1|Arceus-*|
|poke|p1|Yveltal|
|poke|p2|Groudon|
|poke|p2|Rayquaza|
|poke|p2|Ditto|
|poke|p2|Zacian-*|
|poke|p2|Calyrex-Shadow|
|poke|p2|Xerneas-*|
|teampreview
|inactive|Battle timer is ON: inactive players will automatically lose when time's up. (requested by oskulisko)
|
|t:|1654442191
|start
|switch|p1a: Necrozma|Necrozma-Dusk-Mane|100/100
|switch|p2a: Groudon|Groudon|100/100
|detailschange|p2a: Groudon|Groudon-Primal
|-primal|p2a: Groudon
|-weather|DesolateLand|[from] ability: Desolate Land|[of] p2a: Groudon
|turn|1
|
|t:|1654442195
|move|p2a: Groudon|Stealth Rock|p1a: Necrozma
|-sidestart|p1: TheWorld-445|move: Stealth Rock
|move|p1a: Necrozma|Stealth Rock|p2a: Groudon
|-sidestart|p2: oskulisko|move: Stealth Rock
|
|-weather|DesolateLand|[upkeep]
|upkeep
|turn|2
|
|t:|1654442200
|switch|p1a: Zygarde|Zygarde|100/100
|-damage|p1a: Zygarde|94/100|[from] Stealth Rock
|move|p2a: Groudon|Precipice Blades|p1a: Zygarde
|-damage|p1a: Zygarde|35/100
|
|-weather|DesolateLand|[upkeep]
|-heal|p1a: Zygarde|41/100|[from] item: Leftovers
|-activate|p1a: Zygarde|ability: Power Construct
|detailschange|p1a: Zygarde|Zygarde-Complete
|-heal|p1a: Zygarde|64/100|[silent]
|upkeep
|turn|3
|
|t:|1654442205
|move|p2a: Groudon|Precipice Blades|p1a: Zygarde
|-damage|p1a: Zygarde|27/100
|move|p1a: Zygarde|Substitute|p1a: Zygarde
|-start|p1a: Zygarde|Substitute
|-damage|p1a: Zygarde|2/100
|
|-weather|DesolateLand|[upkeep]
|-heal|p1a: Zygarde|8/100|[from] item: Leftovers
|upkeep
|turn|4
|
|t:|1654442213
|move|p1a: Zygarde|Thousand Arrows|p2a: Groudon
|-supereffective|p2a: Groudon
|-damage|p2a: Groudon|46/100
|move|p2a: Groudon|Roar|p1a: Zygarde
|drag|p1a: Arceus|Arceus-Water|100/100
|-damage|p1a: Arceus|88/100|[from] Stealth Rock
|
|-weather|DesolateLand|[upkeep]
|upkeep
|turn|5
|
|t:|1654442226
|switch|p1a: Yveltal|Yveltal|100/100
|-damage|p1a: Yveltal|76/100|[from] Stealth Rock
|-ability|p1a: Yveltal|Dark Aura
|move|p2a: Groudon|Precipice Blades|p1a: Yveltal
|-immune|p1a: Yveltal
|
|-weather|DesolateLand|[upkeep]
|upkeep
|turn|6
|
|t:|1654442229
|move|p1a: Yveltal|Oblivion Wing|p2a: Groudon
|-damage|p2a: Groudon|0 fnt
|-heal|p1a: Yveltal|100/100|[from] drain|[of] p2a: Groudon
|faint|p2a: Groudon
|-weather|none
|-damage|p1a: Yveltal|91/100|[from] item: Life Orb
|
|upkeep
|
|t:|1654442234
|switch|p2a: Xerneas|Xerneas|100/100
|-damage|p2a: Xerneas|88/100|[from] Stealth Rock
|-ability|p2a: Xerneas|Fairy Aura
|turn|7
|
|t:|1654442238
|move|p1a: Yveltal|Knock Off|p2a: Xerneas
|-resisted|p2a: Xerneas
|-damage|p2a: Xerneas|55/100
|-enditem|p2a: Xerneas|Power Herb|[from] move: Knock Off|[of] p1a: Yveltal
|-damage|p1a: Yveltal|81/100|[from] item: Life Orb
|move|p2a: Xerneas|Geomancy||[still]
|-prepare|p2a: Xerneas|Geomancy
|
|upkeep
|turn|8
|
|t:|1654442243
|move|p1a: Yveltal|Oblivion Wing|p2a: Xerneas
|-damage|p2a: Xerneas|23/100
|-heal|p1a: Yveltal|100/100|[from] drain|[of] p2a: Xerneas
|-damage|p1a: Yveltal|91/100|[from] item: Life Orb
|move|p2a: Xerneas|Geomancy|p2a: Xerneas|[from]lockedmove
|-boost|p2a: Xerneas|spa|2
|-boost|p2a: Xerneas|spd|2
|-boost|p2a: Xerneas|spe|2
|
|upkeep
|turn|9
|
|t:|1654442247
|move|p1a: Yveltal|Sucker Punch|p2a: Xerneas
|-resisted|p2a: Xerneas
|-damage|p2a: Xerneas|0 fnt
|faint|p2a: Xerneas
|-damage|p1a: Yveltal|81/100|[from] item: Life Orb
|
|upkeep
|
|t:|1654442251
|switch|p2a: Zacian|Zacian-Crowned|100/100
|-damage|p2a: Zacian|94/100|[from] Stealth Rock
|-ability|p2a: Zacian|Intrepid Sword|boost
|-boost|p2a: Zacian|atk|1
|turn|10
|c|☆TheWorld-445|Ever seen that?
|c|☆TheWorld-445|A yveltal trolling a xerneas?
|
|t:|1654442263
|switch|p1a: Necrozma|Necrozma-Dusk-Mane|100/100
|-damage|p1a: Necrozma|94/100|[from] Stealth Rock
|move|p2a: Zacian|Swords Dance|p2a: Zacian
|-boost|p2a: Zacian|atk|2
|
|upkeep
|turn|11
|
|t:|1654442283
|-start|p1a: Necrozma|Dynamax|
|-heal|p1a: Necrozma|94/100|[silent]
|move|p2a: Zacian|Sacred Sword|p1a: Necrozma
|-damage|p1a: Necrozma|69/100
|-damage|p2a: Zacian|78/100|[from] item: Rocky Helmet|[of] p1a: Necrozma
|move|p1a: Necrozma|Max Steelspike|p2a: Zacian
|-crit|p2a: Zacian
|-damage|p2a: Zacian|0 fnt
|-boost|p1a: Necrozma|def|1
|faint|p2a: Zacian
|
|upkeep
|
|t:|1654442288
|switch|p2a: Rayquaza|Rayquaza|100/100
|-damage|p2a: Rayquaza|76/100|[from] Stealth Rock
|-ability|p2a: Rayquaza|Air Lock
|turn|12
|
|t:|1654442291
|detailschange|p2a: Rayquaza|Rayquaza-Mega
|-mega|p2a: Rayquaza|Rayquaza|
|-weather|DeltaStream|[from] ability: Delta Stream|[of] p2a: Rayquaza
|move|p2a: Rayquaza|V-create|p1a: Necrozma
|-supereffective|p1a: Necrozma
|-damage|p1a: Necrozma|45/100
|-unboost|p2a: Rayquaza|spe|1
|-unboost|p2a: Rayquaza|def|1
|-unboost|p2a: Rayquaza|spd|1
|-damage|p2a: Rayquaza|59/100|[from] item: Rocky Helmet|[of] p1a: Necrozma
|move|p1a: Necrozma|Max Steelspike|p2a: Rayquaza
|-damage|p2a: Rayquaza|0 fnt
|-boost|p1a: Necrozma|def|1
|faint|p2a: Rayquaza
|-weather|none
|
|upkeep
|
|t:|1654442296
|switch|p2a: Calyrex|Calyrex-Shadow|100/100
|-ability|p2a: Calyrex|As One
|-ability|p2a: Calyrex|Unnerve
|-damage|p2a: Calyrex|88/100|[from] Stealth Rock
|turn|13
|
|t:|1654442302
|-start|p2a: Calyrex|Dynamax|
|-heal|p2a: Calyrex|88/100|[silent]
|move|p2a: Calyrex|Max Phantasm|p1a: Necrozma
|-supereffective|p1a: Necrozma
|-damage|p1a: Necrozma|0 fnt
|faint|p1a: Necrozma
|-ability|p2a: Calyrex|Grim Neigh|boost
|-boost|p2a: Calyrex|spa|1
|
|upkeep
|
|t:|1654442306
|switch|p1a: Yveltal|Yveltal|81/100
|-damage|p1a: Yveltal|56/100|[from] Stealth Rock
|-ability|p1a: Yveltal|Dark Aura
|turn|14
|
|t:|1654442308
|move|p1a: Yveltal|Sucker Punch|p2a: Calyrex
|-supereffective|p2a: Calyrex
|-damage|p2a: Calyrex|0 fnt
|faint|p2a: Calyrex
|-damage|p1a: Yveltal|46/100|[from] item: Life Orb
|
|upkeep
|
|t:|1654442311
|switch|p2a: Ditto|Ditto|100/100
|-damage|p2a: Ditto|88/100|[from] Stealth Rock
|-transform|p2a: Ditto|p1a: Yveltal|[from] ability: Imposter
|-ability|p2a: Ditto|Dark Aura
|turn|15
|
|t:|1654442317
|switch|p1a: Zygarde|Zygarde-Complete|8/100
|-damage|p1a: Zygarde|2/100|[from] Stealth Rock
|move|p2a: Ditto|Oblivion Wing|p1a: Zygarde
|-damage|p1a: Zygarde|0 fnt
|-heal|p2a: Ditto|91/100|[from] drain|[of] p1a: Zygarde
|faint|p1a: Zygarde
|
|upkeep
|
|t:|1654442324
|switch|p1a: Arceus|Arceus-Electric|100/100
|-damage|p1a: Arceus|88/100|[from] Stealth Rock
|turn|16
|
|t:|1654442326
|move|p2a: Ditto|Oblivion Wing|p1a: Arceus
|-resisted|p1a: Arceus
|-damage|p1a: Arceus|77/100
|-heal|p2a: Ditto|100/100|[from] drain|[of] p1a: Arceus
|move|p1a: Arceus|Judgment|p2a: Ditto
|-supereffective|p2a: Ditto
|-damage|p2a: Ditto|0 fnt
|faint|p2a: Ditto
|
|win|TheWorld-445
|raw|TheWorld-445's rating: 1647 &rarr; <strong>1668</strong><br />(+21 for winning)
|raw|oskulisko's rating: 1670 &rarr; <strong>1649</strong><br />(-21 for losing)
|l|☆oskulisko
||Ladder isn't responding, score probably updated but might not have (Request timeout).
