|j|☆BuizelBro06
|j|☆Chompychipper
|t:|1644350102
|gametype|singles
|player|p1|BuizelBro06|red|1394
|player|p2|Chompychipper|101|1379
|teamsize|p1|6
|teamsize|p2|6
|gen|8
|tier|[Gen 8] National Dex AG
|rated|
|rule|HP Percentage Mod: HP is shown in percentages
|rule|Endless Battle Clause: Forcing endless battles is banned
|clearpoke
|poke|p1|Floatzel, M|
|poke|p1|Cinderace, F|
|poke|p1|Rillaboom, F|
|poke|p1|Corviknight, F|
|poke|p1|Yveltal|
|poke|p1|Groudon|
|poke|p2|Zacian-*|
|poke|p2|Zacian-*|
|poke|p2|Zacian-*|
|poke|p2|Zacian-*|
|poke|p2|Zacian-*|
|poke|p2|Shuckle, M|
|teampreview
|inactive|Battle timer is ON: inactive players will automatically lose when time's up. (requested by BuizelBro06)
|
|t:|1644350107
|start
|switch|p1a: Skelter|Cinderace, F|100/100
|switch|p2a: Shuckle|Shuckle, M|100/100
|turn|1
|
|t:|1644350114
|move|p1a: Skelter|Taunt|p2a: Shuckle
|-start|p1a: Skelter|typechange|Dark|[from] ability: Libero
|-start|p2a: Shuckle|move: Taunt
|-enditem|p2a: Shuckle|Mental Herb
|-end|p2a: Shuckle|move: Taunt
|move|p2a: Shuckle|Stealth Rock|p1a: Skelter
|-sidestart|p1: BuizelBro06|move: Stealth Rock
|
|upkeep
|turn|2
|
|t:|1644350122
|move|p1a: Skelter|Taunt|p2a: Shuckle
|-start|p2a: Shuckle|move: Taunt
|move|p2a: Shuckle|Final Gambit|p1a: Skelter
|-damage|p1a: Skelter|34/100
|faint|p2a: Shuckle
|
|upkeep
|
|t:|1644350136
|switch|p2a: Zacian|Zacian-Crowned|100/100
|-ability|p2a: Zacian|Intrepid Sword|boost
|-boost|p2a: Zacian|atk|1
|turn|3
|
|t:|1644350141
|move|p2a: Zacian|Behemoth Blade|p1a: Skelter
|-damage|p1a: Skelter|0 fnt
|faint|p1a: Skelter
|
|upkeep
|
|t:|1644350149
|switch|p1a: Aztec|Groudon|100/100
|-damage|p1a: Aztec|94/100|[from] Stealth Rock
|detailschange|p1a: Aztec|Groudon-Primal
|-primal|p1a: Aztec
|-weather|DesolateLand|[from] ability: Desolate Land|[of] p1a: Aztec
|turn|4
|
|t:|1644350159
|move|p2a: Zacian|Close Combat|p1a: Aztec
|-damage|p1a: Aztec|51/100
|-unboost|p2a: Zacian|def|1
|-unboost|p2a: Zacian|spd|1
|move|p1a: Aztec|Earthquake|p2a: Zacian
|-supereffective|p2a: Zacian
|-damage|p2a: Zacian|0 fnt
|faint|p2a: Zacian
|
|-weather|DesolateLand|[upkeep]
|upkeep
|
|t:|1644350178
|switch|p2a: Zacian|Zacian-Crowned|100/100
|-ability|p2a: Zacian|Intrepid Sword|boost
|-boost|p2a: Zacian|atk|1
|turn|5
|
|t:|1644350183
|move|p2a: Zacian|Close Combat|p1a: Aztec
|-damage|p1a: Aztec|4/100
|-unboost|p2a: Zacian|def|1
|-unboost|p2a: Zacian|spd|1
|move|p1a: Aztec|Earthquake|p2a: Zacian
|-supereffective|p2a: Zacian
|-damage|p2a: Zacian|0 fnt
|faint|p2a: Zacian
|
|-weather|DesolateLand|[upkeep]
|upkeep
|
|t:|1644350187
|switch|p2a: Zacian|Zacian|100/100
|-ability|p2a: Zacian|Intrepid Sword|boost
|-boost|p2a: Zacian|atk|1
|turn|6
|
|t:|1644350199
|move|p2a: Zacian|Play Rough|p1a: Aztec
|-resisted|p1a: Aztec
|-crit|p1a: Aztec
|-damage|p1a: Aztec|0 fnt
|faint|p1a: Aztec
|-weather|none
|
|upkeep
|
|t:|1644350204
|switch|p1a: Knotai|Corviknight, F|100/100
|-damage|p1a: Knotai|88/100|[from] Stealth Rock
|turn|7
|
|t:|1644350208
|switch|p2a: Zacian|Zacian-Crowned|100/100
|-ability|p2a: Zacian|Intrepid Sword|boost
|-boost|p2a: Zacian|atk|1
|move|p1a: Knotai|Iron Defense|p1a: Knotai
|-boost|p1a: Knotai|def|2
|
|-heal|p1a: Knotai|94/100|[from] item: Leftovers
|upkeep
|turn|8
|
|t:|1644350216
|move|p2a: Zacian|Wild Charge|p1a: Knotai
|-supereffective|p1a: Knotai
|-damage|p1a: Knotai|58/100
|-damage|p2a: Zacian|89/100|[from] Recoil
|move|p1a: Knotai|Iron Defense|p1a: Knotai
|-boost|p1a: Knotai|def|2
|
|-heal|p1a: Knotai|64/100|[from] item: Leftovers
|upkeep
|turn|9
|
|t:|1644350224
|move|p2a: Zacian|Wild Charge|p1a: Knotai
|-supereffective|p1a: Knotai
|-damage|p1a: Knotai|40/100
|-damage|p2a: Zacian|82/100|[from] Recoil
|move|p1a: Knotai|Roost|p1a: Knotai
|-heal|p1a: Knotai|90/100
|-singleturn|p1a: Knotai|move: Roost
|
|-heal|p1a: Knotai|96/100|[from] item: Leftovers
|upkeep
|turn|10
|
|t:|1644350233
|move|p2a: Zacian|Wild Charge|p1a: Knotai
|-supereffective|p1a: Knotai
|-damage|p1a: Knotai|73/100
|-damage|p2a: Zacian|75/100|[from] Recoil
|move|p1a: Knotai|Iron Defense|p1a: Knotai
|-boost|p1a: Knotai|def|2
|
|-heal|p1a: Knotai|79/100|[from] item: Leftovers
|upkeep
|turn|11
|
|t:|1644350241
|move|p2a: Zacian|Wild Charge|p1a: Knotai
|-supereffective|p1a: Knotai
|-damage|p1a: Knotai|63/100
|-damage|p2a: Zacian|70/100|[from] Recoil
|move|p1a: Knotai|Roost|p1a: Knotai
|-heal|p1a: Knotai|100/100
|-singleturn|p1a: Knotai|move: Roost
|
|upkeep
|turn|12
|
|t:|1644350261
|move|p2a: Zacian|Wild Charge|p1a: Knotai
|-supereffective|p1a: Knotai
|-damage|p1a: Knotai|82/100
|-damage|p2a: Zacian|64/100|[from] Recoil
|move|p1a: Knotai|Body Press|p2a: Zacian
|-damage|p2a: Zacian|0 fnt
|faint|p2a: Zacian
|
|-heal|p1a: Knotai|89/100|[from] item: Leftovers
|upkeep
|
|t:|1644350268
|switch|p2a: Zacian|Zacian|100/100
|-ability|p2a: Zacian|Intrepid Sword|boost
|-boost|p2a: Zacian|atk|1
|turn|13
|
|t:|1644350273
|move|p2a: Zacian|Wild Charge|p1a: Knotai
|-supereffective|p1a: Knotai
|-damage|p1a: Knotai|75/100
|-damage|p2a: Zacian|96/100|[from] Recoil
|move|p1a: Knotai|Body Press|p2a: Zacian
|-resisted|p2a: Zacian
|-damage|p2a: Zacian|47/100
|
|-heal|p1a: Knotai|81/100|[from] item: Leftovers
|upkeep
|turn|14
|
|t:|1644350285
|move|p2a: Zacian|Wild Charge|p1a: Knotai
|-supereffective|p1a: Knotai
|-damage|p1a: Knotai|67/100
|-damage|p2a: Zacian|43/100|[from] Recoil
|move|p1a: Knotai|Body Press|p2a: Zacian
|-resisted|p2a: Zacian
|-damage|p2a: Zacian|0 fnt
|faint|p2a: Zacian
|
|-heal|p1a: Knotai|74/100|[from] item: Leftovers
|upkeep
|
|t:|1644350288
|switch|p2a: Zacian|Zacian|100/100
|-ability|p2a: Zacian|Intrepid Sword|boost
|-boost|p2a: Zacian|atk|1
|turn|15
|-message|Chompychipper forfeited.
|
|win|BuizelBro06
|raw|BuizelBro06's rating: 1394 &rarr; <strong>1413</strong><br />(+19 for winning)
|raw|Chompychipper's rating: 1379 &rarr; <strong>1360</strong><br />(-19 for losing)
|l|☆Chompychipper
|c|☆BuizelBro06|lololol all those Zacian and you still suck
||Ladder isn't responding, score probably updated but might not have (Request timeout).
