|j|☆iroeweuio
|j|☆IAmJklol
|t:|1662431848
|gametype|singles
|player|p1|iroeweuio|2|1740
|player|p2|IAmJklol|red|1881
|teamsize|p1|6
|teamsize|p2|6
|gen|8
|tier|[Gen 8] National Dex AG
|rated|
|rule|HP Percentage Mod: HP is shown in percentages
|rule|Endless Battle Clause: Forcing endless battles is banned
|clearpoke
|poke|p1|Chatot, M|
|poke|p1|Weavile, M|
|poke|p1|Giratina-Origin|
|poke|p1|Ditto|
|poke|p1|Breloom, M|
|poke|p1|Wobbuffet, F|
|poke|p2|Ho-Oh|
|poke|p2|Necrozma-Dusk-Mane|
|poke|p2|Zygarde|
|poke|p2|Rayquaza|
|poke|p2|Calyrex-Shadow|
|poke|p2|Arceus-*|
|teampreview
|inactive|Battle timer is ON: inactive players will automatically lose when time's up. (requested by IAmJklol)
|
|t:|1662431861
|start
|switch|p1a: Weavile|Weavile, M|100/100
|switch|p2a: Rayquaza|Rayquaza|100/100
|-ability|p1a: Weavile|Pressure
|-ability|p2a: Rayquaza|Air Lock
|turn|1
|
|t:|1662431872
|detailschange|p2a: Rayquaza|Rayquaza-Mega
|-mega|p2a: Rayquaza|Rayquaza|
|-weather|DeltaStream|[from] ability: Delta Stream|[of] p2a: Rayquaza
|move|p2a: Rayquaza|Extreme Speed|p1a: Weavile
|-damage|p1a: Weavile|9/100
|move|p1a: Weavile|Triple Axel|p2a: Rayquaza
|-activate||deltastream
|-supereffective|p2a: Rayquaza
|-damage|p2a: Rayquaza|82/100
|-activate||deltastream
|-supereffective|p2a: Rayquaza
|-damage|p2a: Rayquaza|40/100
|-activate||deltastream
|-supereffective|p2a: Rayquaza
|-damage|p2a: Rayquaza|0 fnt
|faint|p2a: Rayquaza
|-weather|none
|-hitcount|p2: Rayquaza|3
|
|-heal|p1a: Weavile|15/100|[from] item: Leftovers
|upkeep
|
|t:|1662431878
|switch|p2a: Zygarde|Zygarde|100/100
|turn|2
|
|t:|1662431880
|switch|p1a: Giratina|Giratina-Origin|100/100
|switch|p2a: Necrozma|Necrozma-Dusk-Mane|100/100
|
|upkeep
|turn|3
|
|t:|1662431885
|-start|p1a: Giratina|Dynamax|
|-heal|p1a: Giratina|100/100|[silent]
|move|p1a: Giratina|Max Phantasm|p2a: Necrozma
|-supereffective|p2a: Necrozma
|-damage|p2a: Necrozma|32/100
|-unboost|p2a: Necrozma|def|1
|move|p2a: Necrozma|Knock Off|p1a: Giratina
|-supereffective|p1a: Giratina
|-damage|p1a: Giratina|83/100
|
|upkeep
|turn|4
|
|t:|1662431892
|switch|p2a: Zygarde|Zygarde|100/100
|move|p1a: Giratina|Max Airstream|p2a: Zygarde
|-damage|p2a: Zygarde|71/100
|-boost|p1a: Giratina|spe|1
|
|-heal|p2a: Zygarde|77/100|[from] item: Leftovers
|upkeep
|turn|5
|
|t:|1662431896
|move|p1a: Giratina|Max Wyrmwind|p2a: Zygarde
|-supereffective|p2a: Zygarde
|-damage|p2a: Zygarde|0 fnt
|faint|p2a: Zygarde
|
|upkeep
|
|t:|1662431905
|switch|p2a: Ho-Oh|Ho-Oh|100/100
|-end|p1a: Giratina|Dynamax
|-heal|p1a: Giratina|83/100|[silent]
|turn|6
|
|t:|1662431908
|move|p1a: Giratina|Shadow Force||[still]
|-prepare|p1a: Giratina|Shadow Force
|move|p2a: Ho-Oh|Thunder Wave|p1a: Giratina|[miss]
|-miss|p2a: Ho-Oh|p1a: Giratina
|
|upkeep
|turn|7
|
|t:|1662431912
|move|p1a: Giratina|Shadow Force|p2a: Ho-Oh|[from]lockedmove
|-damage|p2a: Ho-Oh|40/100
|move|p2a: Ho-Oh|Thunder Wave|p1a: Giratina
|-status|p1a: Giratina|par
|
|upkeep
|turn|8
|
|t:|1662431917
|switch|p2a: Necrozma|Necrozma-Dusk-Mane|32/100
|move|p1a: Giratina|Destiny Bond|p1a: Giratina
|-singlemove|p1a: Giratina|Destiny Bond
|
|upkeep
|turn|9
|
|t:|1662431920
|move|p1a: Giratina|Shadow Force||[still]
|-prepare|p1a: Giratina|Shadow Force
|move|p2a: Necrozma|Morning Sun|p2a: Necrozma
|-heal|p2a: Necrozma|82/100
|
|upkeep
|turn|10
|
|t:|1662431925
|move|p1a: Giratina|Shadow Force|p2a: Necrozma|[from]lockedmove
|-supereffective|p2a: Necrozma
|-damage|p2a: Necrozma|24/100
|-damage|p1a: Giratina|66/100 par|[from] item: Rocky Helmet|[of] p2a: Necrozma
|move|p2a: Necrozma|Stealth Rock|p1a: Giratina
|-sidestart|p1: iroeweuio|move: Stealth Rock
|
|upkeep
|turn|11
|
|t:|1662431930
|move|p1a: Giratina|Destiny Bond|p1a: Giratina
|-singlemove|p1a: Giratina|Destiny Bond
|move|p2a: Necrozma|Morning Sun|p2a: Necrozma
|-heal|p2a: Necrozma|74/100
|
|upkeep
|turn|12
|
|t:|1662431934
|move|p2a: Necrozma|Sunsteel Strike|p1a: Giratina
|-damage|p1a: Giratina|30/100 par
|move|p1a: Giratina|Dragon Tail|p2a: Necrozma
|-resisted|p2a: Necrozma
|-damage|p2a: Necrozma|65/100
|-damage|p1a: Giratina|14/100 par|[from] item: Rocky Helmet|[of] p2a: Necrozma
|drag|p2a: Arceus|Arceus-Water|100/100
|
|upkeep
|turn|13
|
|t:|1662431943
|move|p2a: Arceus|Substitute|p2a: Arceus
|-start|p2a: Arceus|Substitute
|-damage|p2a: Arceus|75/100
|move|p1a: Giratina|Destiny Bond|p1a: Giratina
|-singlemove|p1a: Giratina|Destiny Bond
|
|upkeep
|turn|14
|
|t:|1662431946
|move|p2a: Arceus|Calm Mind|p2a: Arceus
|-boost|p2a: Arceus|spa|1
|-boost|p2a: Arceus|spd|1
|move|p1a: Giratina|Shadow Force||[still]
|-prepare|p1a: Giratina|Shadow Force
|
|upkeep
|turn|15
|
|t:|1662431950
|move|p2a: Arceus|Calm Mind|p2a: Arceus
|-boost|p2a: Arceus|spa|1
|-boost|p2a: Arceus|spd|1
|cant|p1a: Giratina|par
|
|upkeep
|turn|16
|
|t:|1662431955
|move|p2a: Arceus|Calm Mind|p2a: Arceus
|-boost|p2a: Arceus|spa|1
|-boost|p2a: Arceus|spd|1
|cant|p1a: Giratina|par
|
|upkeep
|turn|17
|
|t:|1662431958
|move|p2a: Arceus|Judgment|p1a: Giratina
|-resisted|p1a: Giratina
|-damage|p1a: Giratina|0 fnt
|faint|p1a: Giratina
|
|upkeep
|
|t:|1662431961
|switch|p1a: Wobbuffet|Wobbuffet, F|100/100
|-damage|p1a: Wobbuffet|88/100|[from] Stealth Rock
|turn|18
|
|t:|1662431965
|switch|p1a: Chatot|Chatot, M|100/100
|-damage|p1a: Chatot|76/100|[from] Stealth Rock
|move|p2a: Arceus|Judgment|p1a: Chatot
|-damage|p1a: Chatot|0 fnt
|faint|p1a: Chatot
|
|upkeep
|
|t:|1662431967
|switch|p1a: Wobbuffet|Wobbuffet, F|88/100
|-damage|p1a: Wobbuffet|75/100|[from] Stealth Rock
|turn|19
|
|t:|1662431969
|move|p2a: Arceus|Judgment|p1a: Wobbuffet
|-damage|p1a: Wobbuffet|4/100
|move|p1a: Wobbuffet|Mirror Coat|p2a: Arceus
|-end|p2a: Arceus|Substitute
|
|upkeep
|turn|20
|-enditem|p1a: Wobbuffet|Custap Berry|[eat]
|-activate|p1a: Wobbuffet|item: Custap Berry|[consumed]
|
|t:|1662431972
|move|p1a: Wobbuffet|Destiny Bond|p1a: Wobbuffet
|-singlemove|p1a: Wobbuffet|Destiny Bond
|move|p2a: Arceus|Judgment|p1a: Wobbuffet
|-damage|p1a: Wobbuffet|0 fnt
|faint|p1a: Wobbuffet
|-activate|p1a: Wobbuffet|move: Destiny Bond
|faint|p2a: Arceus
|
|upkeep
|
|t:|1662431989
|switch|p2a: Calyrex|Calyrex-Shadow|100/100
|switch|p1a: Ditto|Ditto|100/100
|-ability|p2a: Calyrex|As One
|-ability|p2a: Calyrex|Unnerve
|-damage|p1a: Ditto|88/100|[from] Stealth Rock
|-transform|p1a: Ditto|p2a: Calyrex|[from] ability: Imposter
|turn|21
|
|t:|1662431994
|switch|p2a: Ho-Oh|Ho-Oh|73/100
|move|p1a: Ditto|Astral Barrage|p2a: Ho-Oh
|-damage|p2a: Ho-Oh|36/100
|
|upkeep
|turn|22
|
|t:|1662432001
|-start|p2a: Ho-Oh|Dynamax|
|-heal|p2a: Ho-Oh|36/100|[silent]
|move|p1a: Ditto|Astral Barrage|p2a: Ho-Oh
|-damage|p2a: Ho-Oh|18/100
|move|p2a: Ho-Oh|Max Flare|p1a: Ditto
|-damage|p1a: Ditto|4/100
|-weather|SunnyDay
|
|-weather|SunnyDay|[upkeep]
|upkeep
|turn|23
|
|t:|1662432005
|move|p2a: Ho-Oh|Max Guard|p2a: Ho-Oh
|-singleturn|p2a: Ho-Oh|Max Guard
|move|p1a: Ditto|Astral Barrage|p2a: Ho-Oh
|-activate|p2a: Ho-Oh|move: Max Guard
|
|-weather|SunnyDay|[upkeep]
|upkeep
|turn|24
|
|t:|1662432008
|move|p1a: Ditto|Astral Barrage|p2a: Ho-Oh
|-damage|p2a: Ho-Oh|1/100
|move|p2a: Ho-Oh|Max Flare|p1a: Ditto
|-damage|p1a: Ditto|0 fnt
|faint|p1a: Ditto
|
|-weather|SunnyDay|[upkeep]
|upkeep
|
|t:|1662432013
|switch|p1a: Breloom|Breloom, M|100/100
|-damage|p1a: Breloom|94/100|[from] Stealth Rock
|-end|p2a: Ho-Oh|Dynamax
|-heal|p2a: Ho-Oh|1/100|[silent]
|turn|25
|-message|iroeweuio forfeited.
|
|win|IAmJklol
|raw|iroeweuio's rating: 1740 &rarr; <strong>1728</strong><br />(-12 for losing)
|raw|IAmJklol's rating: 1881 &rarr; <strong>1893</strong><br />(+12 for winning)
