|j|☆Lord Rekkuza
|j|☆85792195wwww
|t:|1661793510
|gametype|singles
|player|p1|Lord Rekkuza|lance-masters|1780
|player|p2|85792195wwww|lady|1819
|teamsize|p1|6
|teamsize|p2|6
|gen|8
|tier|[Gen 8] National Dex AG
|rated|
|rule|HP Percentage Mod: HP is shown in percentages
|rule|Endless Battle Clause: Forcing endless battles is banned
|clearpoke
|poke|p1|Rayquaza|
|poke|p1|Necrozma-Dusk-Mane|
|poke|p1|Arceus-*|
|poke|p1|Arceus-*|
|poke|p1|Yveltal|
|poke|p1|Arceus-*|
|poke|p2|Rayquaza|
|poke|p2|Zacian-*|
|poke|p2|Kyogre|
|poke|p2|Arceus-*|
|poke|p2|Marshadow|
|poke|p2|Ditto|
|teampreview
|inactive|Battle timer is ON: inactive players will automatically lose when time's up. (requested by Lord Rekkuza)
|
|t:|1661793525
|start
|switch|p1a: Arceus|Arceus-Ground|100/100
|switch|p2a: Marshadow|Marshadow|100/100
|turn|1
|
|t:|1661793531
|switch|p1a: Arceus|Arceus-Water|100/100
|move|p2a: Marshadow|Force Palm|p1a: Arceus
|-crit|p1a: Arceus
|-damage|p1a: Arceus|55/100
|-damage|p2a: Marshadow|91/100|[from] item: Life Orb
|
|upkeep
|turn|2
|
|t:|1661793539
|move|p2a: Marshadow|Poltergeist|p1a: Arceus
|-activate|p1a: Arceus|move: Poltergeist|Splash Plate
|-damage|p1a: Arceus|19/100
|-damage|p2a: Marshadow|81/100|[from] item: Life Orb
|move|p1a: Arceus|Recover|p1a: Arceus
|-heal|p1a: Arceus|69/100
|
|upkeep
|turn|3
|
|t:|1661793549
|switch|p2a: Arceus|Arceus-Electric|100/100
|move|p1a: Arceus|Recover|p1a: Arceus
|-heal|p1a: Arceus|100/100
|
|upkeep
|turn|4
|
|t:|1661793556
|switch|p1a: Arceus|Arceus-Ground|100/100
|move|p2a: Arceus|Stealth Rock|p1a: Arceus
|-sidestart|p1: Lord Rekkuza|move: Stealth Rock
|
|upkeep
|turn|5
|
|t:|1661793563
|switch|p2a: Marshadow|Marshadow|81/100
|move|p1a: Arceus|Ice Beam|p2a: Marshadow
|-damage|p2a: Marshadow|44/100
|
|upkeep
|turn|6
|
|t:|1661793569
|switch|p1a: Arceus|Arceus-Water|100/100
|-damage|p1a: Arceus|88/100|[from] Stealth Rock
|move|p2a: Marshadow|Force Palm|p1a: Arceus
|-damage|p1a: Arceus|61/100
|-damage|p2a: Marshadow|34/100|[from] item: Life Orb
|
|upkeep
|turn|7
|
|t:|1661793578
|move|p2a: Marshadow|Force Palm|p1a: Arceus
|-damage|p1a: Arceus|32/100
|-damage|p2a: Marshadow|24/100|[from] item: Life Orb
|move|p1a: Arceus|Recover|p1a: Arceus
|-heal|p1a: Arceus|82/100
|
|upkeep
|turn|8
|
|t:|1661793587
|move|p2a: Marshadow|Force Palm|p1a: Arceus
|-damage|p1a: Arceus|54/100
|-status|p1a: Arceus|par
|-damage|p2a: Marshadow|14/100|[from] item: Life Orb
|move|p1a: Arceus|Recover|p1a: Arceus
|-heal|p1a: Arceus|100/100 par
|
|upkeep
|turn|9
|
|t:|1661793605
|switch|p2a: Arceus|Arceus-Electric|100/100
|move|p1a: Arceus|Defog|p2a: Arceus
|-unboost|p2a: Arceus|evasion|1
|-sideend|p1: Lord Rekkuza|Stealth Rock|[from] move: Defog|[of] p1a: Arceus
|
|upkeep
|turn|10
|
|t:|1661793612
|switch|p1a: Arceus|Arceus-Ground|100/100
|move|p2a: Arceus|Stealth Rock|p1a: Arceus
|-sidestart|p1: Lord Rekkuza|move: Stealth Rock
|
|upkeep
|turn|11
|
|t:|1661793620
|switch|p2a: Marshadow|Marshadow|14/100
|move|p1a: Arceus|Judgment|p2a: Marshadow
|-damage|p2a: Marshadow|0 fnt
|faint|p2a: Marshadow
|
|upkeep
|
|t:|1661793628
|switch|p2a: Kyogre|Kyogre|100/100
|detailschange|p2a: Kyogre|Kyogre-Primal
|-primal|p2a: Kyogre
|-weather|PrimordialSea|[from] ability: Primordial Sea|[of] p2a: Kyogre
|turn|12
|
|t:|1661793634
|switch|p1a: Rayquaza|Rayquaza|100/100
|-damage|p1a: Rayquaza|76/100|[from] Stealth Rock
|-ability|p1a: Rayquaza|Air Lock
|move|p2a: Kyogre|Calm Mind|p2a: Kyogre
|-boost|p2a: Kyogre|spa|1
|-boost|p2a: Kyogre|spd|1
|
|-weather|PrimordialSea|[upkeep]
|upkeep
|turn|13
|
|t:|1661793643
|-weather|none
|switch|p2a: Zacian|Zacian-Crowned|100/100
|-ability|p2a: Zacian|Intrepid Sword|boost
|-boost|p2a: Zacian|atk|1
|detailschange|p1a: Rayquaza|Rayquaza-Mega
|-mega|p1a: Rayquaza|Rayquaza|
|-weather|DeltaStream|[from] ability: Delta Stream|[of] p1a: Rayquaza
|move|p1a: Rayquaza|Dragon Ascent|p2a: Zacian
|-resisted|p2a: Zacian
|-damage|p2a: Zacian|55/100
|-unboost|p1a: Rayquaza|def|1
|-unboost|p1a: Rayquaza|spd|1
|-damage|p1a: Rayquaza|66/100|[from] item: Life Orb
|
|-weather|DeltaStream|[upkeep]
|upkeep
|turn|14
|
|t:|1661793659
|-weather|none
|switch|p1a: Necrozma|Necrozma-Dusk-Mane|100/100
|-damage|p1a: Necrozma|94/100|[from] Stealth Rock
|move|p2a: Zacian|Close Combat|p1a: Necrozma
|-damage|p1a: Necrozma|53/100
|-unboost|p2a: Zacian|def|1
|-unboost|p2a: Zacian|spd|1
|-damage|p2a: Zacian|38/100|[from] item: Rocky Helmet|[of] p1a: Necrozma
|
|upkeep
|turn|15
|
|t:|1661793671
|switch|p2a: Kyogre|Kyogre-Primal|100/100
|-weather|PrimordialSea|[from] ability: Primordial Sea|[of] p2a: Kyogre
|move|p1a: Necrozma|Morning Sun|p1a: Necrozma
|-heal|p1a: Necrozma|78/100
|
|-weather|PrimordialSea|[upkeep]
|upkeep
|turn|16
|
|t:|1661793679
|switch|p1a: Arceus|Arceus-Water|100/100 par
|-damage|p1a: Arceus|88/100 par|[from] Stealth Rock
|move|p2a: Kyogre|Water Spout|p1a: Arceus
|-resisted|p1a: Arceus
|-damage|p1a: Arceus|31/100 par
|
|-weather|PrimordialSea|[upkeep]
|upkeep
|turn|17
|
|t:|1661793687
|move|p2a: Kyogre|Water Spout|p1a: Arceus
|-resisted|p1a: Arceus
|-damage|p1a: Arceus|0 fnt
|faint|p1a: Arceus
|
|-weather|PrimordialSea|[upkeep]
|upkeep
|
|t:|1661793691
|switch|p1a: Rayquaza|Rayquaza-Mega|66/100
|-damage|p1a: Rayquaza|41/100|[from] Stealth Rock
|-weather|DeltaStream|[from] ability: Delta Stream|[of] p1a: Rayquaza
|turn|18
|
|t:|1661793711
|switch|p2a: Rayquaza|Rayquaza|100/100
|-ability|p2a: Rayquaza|Air Lock
|move|p1a: Rayquaza|Dragon Ascent|p2a: Rayquaza
|-damage|p2a: Rayquaza|0 fnt
|-unboost|p1a: Rayquaza|def|1
|-unboost|p1a: Rayquaza|spd|1
|faint|p2a: Rayquaza
|-damage|p1a: Rayquaza|31/100|[from] item: Life Orb
|
|-weather|DeltaStream|[upkeep]
|upkeep
|
|t:|1661793723
|switch|p2a: Zacian|Zacian-Crowned|38/100
|-ability|p2a: Zacian|Intrepid Sword|boost
|-boost|p2a: Zacian|atk|1
|turn|19
|
|t:|1661793749
|-weather|none
|switch|p1a: Necrozma|Necrozma-Dusk-Mane|78/100
|-damage|p1a: Necrozma|72/100|[from] Stealth Rock
|move|p2a: Zacian|Close Combat|p1a: Necrozma
|-damage|p1a: Necrozma|25/100
|-unboost|p2a: Zacian|def|1
|-unboost|p2a: Zacian|spd|1
|-damage|p2a: Zacian|22/100|[from] item: Rocky Helmet|[of] p1a: Necrozma
|
|upkeep
|turn|20
|
|t:|1661793764
|switch|p2a: Kyogre|Kyogre-Primal|100/100
|-weather|PrimordialSea|[from] ability: Primordial Sea|[of] p2a: Kyogre
|move|p1a: Necrozma|Stealth Rock|p2a: Kyogre
|-sidestart|p2: 85792195wwww|move: Stealth Rock
|
|-weather|PrimordialSea|[upkeep]
|upkeep
|turn|21
|
|t:|1661793773
|move|p2a: Kyogre|Water Spout|p1a: Necrozma
|-damage|p1a: Necrozma|0 fnt
|faint|p1a: Necrozma
|
|-weather|PrimordialSea|[upkeep]
|upkeep
|
|t:|1661793775
|switch|p1a: Rayquaza|Rayquaza-Mega|31/100
|-damage|p1a: Rayquaza|6/100|[from] Stealth Rock
|-weather|DeltaStream|[from] ability: Delta Stream|[of] p1a: Rayquaza
|turn|22
|
|t:|1661793788
|switch|p2a: Ditto|Ditto|100/100
|-damage|p2a: Ditto|88/100|[from] Stealth Rock
|-transform|p2a: Ditto|p1a: Rayquaza|[from] ability: Imposter
|move|p1a: Rayquaza|Dragon Ascent|p2a: Ditto
|-damage|p2a: Ditto|0 fnt
|-unboost|p1a: Rayquaza|def|1
|-unboost|p1a: Rayquaza|spd|1
|faint|p2a: Ditto
|-damage|p1a: Rayquaza|0 fnt|[from] item: Life Orb
|faint|p1a: Rayquaza
|-weather|none
|
|upkeep
|j| BlackFeather666
|inactive|Lord Rekkuza has 120 seconds left.
|inactive|Lord Rekkuza has 90 seconds left.
|
|t:|1661793876
|switch|p1a: Arceus|Arceus-Dark|100/100
|switch|p2a: Kyogre|Kyogre-Primal|100/100
|-damage|p1a: Arceus|88/100|[from] Stealth Rock
|-damage|p2a: Kyogre|88/100|[from] Stealth Rock
|-weather|PrimordialSea|[from] ability: Primordial Sea|[of] p2a: Kyogre
|turn|23
|
|t:|1661793885
|move|p1a: Arceus|Snarl|p2a: Kyogre
|-damage|p2a: Kyogre|71/100
|-unboost|p2a: Kyogre|spa|1
|move|p2a: Kyogre|Calm Mind|p2a: Kyogre
|-boost|p2a: Kyogre|spa|1
|-boost|p2a: Kyogre|spd|1
|
|-weather|PrimordialSea|[upkeep]
|upkeep
|turn|24
|
|t:|1661793894
|move|p1a: Arceus|Perish Song|p1a: Arceus
|-start|p1a: Arceus|perish3|[silent]
|-start|p2a: Kyogre|perish3|[silent]
|-fieldactivate|move: Perish Song
|move|p2a: Kyogre|Scald|p1a: Arceus
|-damage|p1a: Arceus|42/100
|-status|p1a: Arceus|brn
|
|-weather|PrimordialSea|[upkeep]
|-damage|p1a: Arceus|36/100 brn|[from] brn
|-start|p1a: Arceus|perish3
|-start|p2a: Kyogre|perish3
|upkeep
|turn|25
|
|t:|1661793907
|-weather|none
|switch|p2a: Zacian|Zacian-Crowned|22/100
|-damage|p2a: Zacian|16/100|[from] Stealth Rock
|-ability|p2a: Zacian|Intrepid Sword|boost
|-boost|p2a: Zacian|atk|1
|move|p1a: Arceus|Recover|p1a: Arceus
|-heal|p1a: Arceus|86/100 brn
|
|-damage|p1a: Arceus|80/100 brn|[from] brn
|-start|p1a: Arceus|perish2
|upkeep
|turn|26
|inactive|Lord Rekkuza has 90 seconds left.
|
|t:|1661793921
|move|p2a: Zacian|Close Combat|p1a: Arceus
|-supereffective|p1a: Arceus
|-damage|p1a: Arceus|0 fnt
|-unboost|p2a: Zacian|def|1
|-unboost|p2a: Zacian|spd|1
|faint|p1a: Arceus
|
|upkeep
|
|t:|1661793945
|switch|p1a: Yveltal|Yveltal|100/100
|-damage|p1a: Yveltal|76/100|[from] Stealth Rock
|-ability|p1a: Yveltal|Dark Aura
|turn|27
|
|t:|1661793966
|move|p1a: Yveltal|Sucker Punch|p2a: Zacian
|-resisted|p2a: Zacian
|-damage|p2a: Zacian|0 fnt
|faint|p2a: Zacian
|-damage|p1a: Yveltal|66/100|[from] item: Life Orb
|
|upkeep
|
|t:|1661793976
|switch|p2a: Arceus|Arceus-Electric|100/100
|-damage|p2a: Arceus|88/100|[from] Stealth Rock
|turn|28
|
|t:|1661793984
|switch|p1a: Arceus|Arceus-Ground|100/100
|-damage|p1a: Arceus|94/100|[from] Stealth Rock
|move|p2a: Arceus|Judgment|p1a: Arceus
|-immune|p1a: Arceus
|
|upkeep
|turn|29
|
|t:|1661793999
|-start|p2a: Arceus|Dynamax|
|-heal|p2a: Arceus|88/100|[silent]
|move|p1a: Arceus|Calm Mind|p1a: Arceus
|-boost|p1a: Arceus|spa|1
|-boost|p1a: Arceus|spd|1
|move|p2a: Arceus|Max Hailstorm|p1a: Arceus
|-supereffective|p1a: Arceus
|-crit|p1a: Arceus
|-damage|p1a: Arceus|0 fnt
|-weather|Hail
|faint|p1a: Arceus
|
|-weather|Hail|[upkeep]
|-damage|p2a: Arceus|85/100|[from] Hail
|upkeep
|c|☆Lord Rekkuza|Brhe
|inactive|Lord Rekkuza has 90 seconds left.
|c|☆Lord Rekkuza|lucky crit
|
|t:|1661794017
|switch|p1a: Yveltal|Yveltal|66/100
|-damage|p1a: Yveltal|41/100|[from] Stealth Rock
|-ability|p1a: Yveltal|Dark Aura
|turn|30
|
|t:|1661794026
|-start|p1a: Yveltal|Dynamax|
|-heal|p1a: Yveltal|41/100|[silent]
|move|p1a: Yveltal|Max Guard|p1a: Yveltal
|-singleturn|p1a: Yveltal|Max Guard
|move|p2a: Arceus|Max Lightning|p1a: Yveltal
|-activate|p1a: Yveltal|move: Max Guard
|
|-weather|Hail|[upkeep]
|-damage|p2a: Arceus|82/100|[from] Hail
|-damage|p1a: Yveltal|38/100|[from] Hail
|upkeep
|turn|31
|
|t:|1661794036
|move|p2a: Arceus|Max Lightning|p1a: Yveltal
|-supereffective|p1a: Yveltal
|-damage|p1a: Yveltal|0 fnt
|-fieldstart|move: Electric Terrain
|faint|p1a: Yveltal
|
|win|85792195wwww
|raw|Lord Rekkuza's rating: 1780 &rarr; <strong>1762</strong><br />(-18 for losing)
|raw|85792195wwww's rating: 1819 &rarr; <strong>1837</strong><br />(+18 for winning)
