|j|☆risin_glory
|j|☆NOAH MK2
|t:|1640948246
|gametype|singles
|player|p1|risin_glory|blue-gen3champion|1527
|player|p2|NOAH MK2|2|1736
|teamsize|p1|6
|teamsize|p2|6
|gen|8
|tier|[Gen 8] National Dex AG
|rated|
|rule|HP Percentage Mod: HP is shown in percentages
|rule|Endless Battle Clause: Forcing endless battles is banned
|clearpoke
|poke|p1|Groudon|
|poke|p1|Rayquaza|
|poke|p1|Stakataka|
|poke|p1|Kyogre|
|poke|p1|Stakataka|
|poke|p1|Toxtricity, F|
|poke|p2|Klefki, F|
|poke|p2|Rayquaza|
|poke|p2|Arceus-*|
|poke|p2|Xerneas-*|
|poke|p2|Zacian-*|
|poke|p2|Yveltal|
|teampreview
|c|☆risin_glory|glhf
|
|t:|1640948264
|start
|switch|p1a: real sun devour|Groudon, shiny|100/100
|switch|p2a: Yveltal|Yveltal|100/100
|-ability|p2a: Yveltal|Dark Aura
|detailschange|p1a: real sun devour|Groudon-Primal, shiny
|-primal|p1a: real sun devour
|-weather|DesolateLand|[from] ability: Desolate Land|[of] p1a: real sun devour
|turn|1
|
|t:|1640948274
|-start|p2a: Yveltal|Dynamax
|-heal|p2a: Yveltal|100/100|[silent]
|move|p2a: Yveltal|Max Darkness|p1a: real sun devour
|-damage|p1a: real sun devour|1/100
|-unboost|p1a: real sun devour|spd|1
|-damage|p2a: Yveltal|96/100|[from] item: Life Orb
|move|p1a: real sun devour|Rock Polish|p1a: real sun devour
|-boost|p1a: real sun devour|spe|2
|
|-weather|DesolateLand|[upkeep]
|upkeep
|turn|2
|
|t:|1640948286
|move|p1a: real sun devour|Fire Punch|p2a: Yveltal
|-damage|p2a: Yveltal|63/100
|move|p2a: Yveltal|Max Airstream|p1a: real sun devour
|-damage|p1a: real sun devour|0 fnt
|-boost|p2a: Yveltal|spe|1
|faint|p1a: real sun devour
|-weather|none
|-damage|p2a: Yveltal|58/100|[from] item: Life Orb
|
|upkeep
|
|t:|1640948291
|switch|p1a: a pile of gold|Stakataka, shiny|100/100
|-item|p1a: a pile of gold|Air Balloon
|turn|3
|
|t:|1640948295
|move|p2a: Yveltal|Max Darkness|p1a: a pile of gold
|-damage|p1a: a pile of gold|0 fnt
|-enditem|p1a: a pile of gold|Air Balloon
|faint|p1a: a pile of gold
|-damage|p2a: Yveltal|53/100|[from] item: Life Orb
|
|-end|p2a: Yveltal|Dynamax
|-heal|p2a: Yveltal|53/100|[silent]
|upkeep
|
|t:|1640948310
|switch|p1a: noodles|Rayquaza|100/100
|-ability|p1a: noodles|Air Lock
|turn|4
|
|t:|1640948313
|detailschange|p1a: noodles|Rayquaza-Mega
|-mega|p1a: noodles|Rayquaza|
|-weather|DeltaStream|[from] ability: Delta Stream|[of] p1a: noodles
|move|p1a: noodles|Dragon Ascent|p2a: Yveltal
|-damage|p2a: Yveltal|0 fnt
|-unboost|p1a: noodles|def|1
|-unboost|p1a: noodles|spd|1
|faint|p2a: Yveltal
|
|-weather|DeltaStream|[upkeep]
|upkeep
|
|t:|1640948323
|switch|p2a: Zacian|Zacian-Crowned|100/100
|-ability|p2a: Zacian|Intrepid Sword|boost
|-boost|p2a: Zacian|atk|1
|turn|5
|
|t:|1640948333
|-weather|none
|switch|p1a: violet|Toxtricity, F|100/100
|move|p2a: Zacian|Behemoth Blade|p1a: violet
|-resisted|p1a: violet
|-damage|p1a: violet|21/100
|
|upkeep
|turn|6
|
|t:|1640948339
|move|p2a: Zacian|Behemoth Blade|p1a: violet
|-resisted|p1a: violet
|-damage|p1a: violet|0 fnt
|faint|p1a: violet
|
|upkeep
|
|t:|1640948342
|switch|p1a: noodles|Rayquaza-Mega|100/100
|-weather|DeltaStream|[from] ability: Delta Stream|[of] p1a: noodles
|turn|7
|
|t:|1640948347
|switch|p2a: Rayquaza|Rayquaza|100/100
|-ability|p2a: Rayquaza|Air Lock
|move|p1a: noodles|V-create|p2a: Rayquaza
|-resisted|p2a: Rayquaza
|-damage|p2a: Rayquaza|50/100
|-unboost|p1a: noodles|spe|1
|-unboost|p1a: noodles|def|1
|-unboost|p1a: noodles|spd|1
|
|-weather|DeltaStream|[upkeep]
|upkeep
|turn|8
|
|t:|1640948356
|-weather|none
|switch|p1a: Kyogre|Kyogre|100/100
|detailschange|p1a: Kyogre|Kyogre-Primal
|-primal|p1a: Kyogre
|-weather|PrimordialSea|[from] ability: Primordial Sea|[of] p1a: Kyogre
|detailschange|p2a: Rayquaza|Rayquaza-Mega
|-mega|p2a: Rayquaza|Rayquaza|
|-weather|DeltaStream|[from] ability: Delta Stream|[of] p2a: Rayquaza
|move|p2a: Rayquaza|Dragon Dance|p2a: Rayquaza
|-boost|p2a: Rayquaza|atk|1
|-boost|p2a: Rayquaza|spe|1
|
|-weather|DeltaStream|[upkeep]
|upkeep
|turn|9
|
|t:|1640948361
|move|p2a: Rayquaza|Dragon Ascent|p1a: Kyogre
|-damage|p1a: Kyogre|0 fnt
|-unboost|p2a: Rayquaza|def|1
|-unboost|p2a: Rayquaza|spd|1
|faint|p1a: Kyogre
|
|-weather|DeltaStream|[upkeep]
|upkeep
|
|t:|1640948367
|switch|p1a: a pile of rocks|Stakataka|100/100
|-item|p1a: a pile of rocks|Air Balloon
|turn|10
|
|t:|1640948374
|-weather|none
|switch|p2a: Arceus|Arceus|100/100
|move|p1a: a pile of rocks|Trick Room|p1a: a pile of rocks
|-fieldstart|move: Trick Room|[of] p1a: a pile of rocks
|
|upkeep
|turn|11
|
|t:|1640948379
|-start|p1a: a pile of rocks|Dynamax
|-heal|p1a: a pile of rocks|100/100|[silent]
|move|p1a: a pile of rocks|Max Knuckle|p2a: Arceus
|-supereffective|p2a: Arceus
|-damage|p2a: Arceus|70/100
|-boost|p1a: a pile of rocks|atk|1
|move|p2a: Arceus|Stealth Rock|p1a: a pile of rocks
|-sidestart|p1: risin_glory|move: Stealth Rock
|
|-heal|p2a: Arceus|76/100|[from] item: Leftovers
|upkeep
|turn|12
|
|t:|1640948384
|move|p2a: Arceus|Extreme Speed|p1a: a pile of rocks
|-resisted|p1a: a pile of rocks
|-damage|p1a: a pile of rocks|98/100
|-enditem|p1a: a pile of rocks|Air Balloon
|move|p1a: a pile of rocks|Max Knuckle|p2a: Arceus
|-supereffective|p2a: Arceus
|-damage|p2a: Arceus|25/100
|-boost|p1a: a pile of rocks|atk|1
|
|-heal|p2a: Arceus|31/100|[from] item: Leftovers
|upkeep
|turn|13
|
|t:|1640948389
|move|p1a: a pile of rocks|Max Knuckle|p2a: Arceus
|-supereffective|p2a: Arceus
|-damage|p2a: Arceus|0 fnt
|-boost|p1a: a pile of rocks|atk|1
|faint|p2a: Arceus
|-ability|p1a: a pile of rocks|Beast Boost|boost
|-boost|p1a: a pile of rocks|def|1
|
|-end|p1a: a pile of rocks|Dynamax
|-heal|p1a: a pile of rocks|98/100|[silent]
|upkeep
|
|t:|1640948395
|switch|p2a: Rayquaza|Rayquaza-Mega|50/100
|-weather|DeltaStream|[from] ability: Delta Stream|[of] p2a: Rayquaza
|turn|14
|
|t:|1640948398
|move|p2a: Rayquaza|Extreme Speed|p1a: a pile of rocks
|-resisted|p1a: a pile of rocks
|-damage|p1a: a pile of rocks|95/100
|move|p1a: a pile of rocks|Gyro Ball|p2a: Rayquaza
|-damage|p2a: Rayquaza|0 fnt
|faint|p2a: Rayquaza
|-weather|none
|-ability|p1a: a pile of rocks|Beast Boost|boost
|-boost|p1a: a pile of rocks|def|1
|
|-fieldend|move: Trick Room
|upkeep
|
|t:|1640948404
|switch|p2a: Klefki|Klefki, F|100/100
|turn|15
|
|t:|1640948407
|move|p2a: Klefki|Reflect|p2a: Klefki
|-sidestart|p2: NOAH MK2|Reflect
|move|p1a: a pile of rocks|Gyro Ball|p2a: Klefki
|-crit|p2a: Klefki
|-damage|p2a: Klefki|0 fnt
|faint|p2a: Klefki
|-ability|p1a: a pile of rocks|Beast Boost|boost
|-boost|p1a: a pile of rocks|def|1
|
|upkeep
|c|☆risin_glory|damn
|
|t:|1640948416
|switch|p2a: Zacian|Zacian-Crowned|100/100
|-ability|p2a: Zacian|Intrepid Sword|boost
|-boost|p2a: Zacian|atk|1
|turn|16
|
|t:|1640948422
|move|p2a: Zacian|Behemoth Blade|p1a: a pile of rocks
|-damage|p1a: a pile of rocks|74/100
|move|p1a: a pile of rocks|Gyro Ball|p2a: Zacian
|-damage|p2a: Zacian|6/100
|
|upkeep
|turn|17
|
|t:|1640948426
|move|p2a: Zacian|Close Combat|p1a: a pile of rocks
|-supereffective|p1a: a pile of rocks
|-damage|p1a: a pile of rocks|5/100
|-unboost|p2a: Zacian|def|1
|-unboost|p2a: Zacian|spd|1
|move|p1a: a pile of rocks|Gyro Ball|p2a: Zacian
|-damage|p2a: Zacian|0 fnt
|faint|p2a: Zacian
|-ability|p1a: a pile of rocks|Beast Boost|boost
|-boost|p1a: a pile of rocks|def|1
|
|upkeep
|
|t:|1640948430
|switch|p2a: Xerneas|Xerneas|100/100
|-ability|p2a: Xerneas|Fairy Aura
|turn|18
|c|☆risin_glory|ggwp
|
|t:|1640948434
|move|p2a: Xerneas|Moonblast|p1a: a pile of rocks
|-resisted|p1a: a pile of rocks
|-damage|p1a: a pile of rocks|0 fnt
|faint|p1a: a pile of rocks
|
|upkeep
|
|t:|1640948436
|switch|p1a: noodles|Rayquaza-Mega|100/100
|-damage|p1a: noodles|75/100|[from] Stealth Rock
|-weather|DeltaStream|[from] ability: Delta Stream|[of] p1a: noodles
|turn|19
|
|t:|1640948441
|move|p1a: noodles|Iron Head|p2a: Xerneas
|-supereffective|p2a: Xerneas
|-crit|p2a: Xerneas
|-damage|p2a: Xerneas|0 fnt
|faint|p2a: Xerneas
|
|win|risin_glory
|raw|risin_glory's rating: 1527 &rarr; <strong>1558</strong><br />(+31 for winning)
|raw|NOAH MK2's rating: 1736 &rarr; <strong>1705</strong><br />(-31 for losing)
|l|☆NOAH MK2
|c|☆risin_glory|ggwp
