|j|☆gerninja1
|j|☆alt1445645
|t:|1661840956
|gametype|singles
|player|p1|gerninja1|265|1773
|player|p2|alt1445645|266|1885
|teamsize|p1|6
|teamsize|p2|6
|gen|8
|tier|[Gen 8] National Dex AG
|rated|
|rule|HP Percentage Mod: HP is shown in percentages
|rule|Endless Battle Clause: Forcing endless battles is banned
|clearpoke
|poke|p1|Zygarde|
|poke|p1|Necrozma-Dusk-Mane|
|poke|p1|Arceus-*|
|poke|p1|Groudon|
|poke|p1|Ho-Oh|
|poke|p1|Calyrex-Shadow|
|poke|p2|Arceus-*|
|poke|p2|Groudon|
|poke|p2|Zacian-*|
|poke|p2|Rayquaza|
|poke|p2|Calyrex-Shadow|
|poke|p2|Yveltal|
|teampreview
|
|t:|1661840969
|start
|switch|p1a: Zygarde|Zygarde|100/100
|switch|p2a: Calyrex|Calyrex-Shadow|100/100
|-ability|p2a: Calyrex|As One
|-ability|p2a: Calyrex|Unnerve
|turn|1
|
|t:|1661840973
|move|p2a: Calyrex|Substitute|p2a: Calyrex
|-start|p2a: Calyrex|Substitute
|-damage|p2a: Calyrex|76/100
|move|p1a: Zygarde|Glare||[still]
|-fail|p1a: Zygarde
|
|-heal|p2a: Calyrex|82/100|[from] item: Leftovers
|upkeep
|turn|2
|inactive|Battle timer is ON: inactive players will automatically lose when time's up. (requested by gerninja1)
|
|t:|1661841004
|switch|p1a: Ho-Oh|Ho-Oh|100/100
|move|p2a: Calyrex|Astral Barrage|p1a: Ho-Oh
|-damage|p1a: Ho-Oh|66/100
|
|-heal|p2a: Calyrex|88/100|[from] item: Leftovers
|upkeep
|turn|3
|
|t:|1661841008
|move|p2a: Calyrex|Astral Barrage|p1a: Ho-Oh
|-damage|p1a: Ho-Oh|33/100
|move|p1a: Ho-Oh|Whirlwind|p2a: Calyrex
|drag|p2a: Yveltal|Yveltal|100/100
|-ability|p2a: Yveltal|Dark Aura
|
|upkeep
|turn|4
|
|t:|1661841015
|switch|p1a: Arceus|Arceus-Dark|100/100
|move|p2a: Yveltal|Dark Pulse|p1a: Arceus
|-resisted|p1a: Arceus
|-damage|p1a: Arceus|81/100
|-damage|p2a: Yveltal|91/100|[from] item: Life Orb
|
|upkeep
|turn|5
|
|t:|1661841019
|switch|p2a: Zacian|Zacian-Crowned|100/100
|-ability|p2a: Zacian|Intrepid Sword|boost
|-boost|p2a: Zacian|atk|1
|move|p1a: Arceus|Calm Mind|p1a: Arceus
|-boost|p1a: Arceus|spa|1
|-boost|p1a: Arceus|spd|1
|
|upkeep
|turn|6
|
|t:|1661841028
|switch|p1a: Necrozma|Necrozma-Dusk-Mane|100/100
|move|p2a: Zacian|Close Combat|p1a: Necrozma
|-damage|p1a: Necrozma|63/100
|-unboost|p2a: Zacian|def|1
|-unboost|p2a: Zacian|spd|1
|-damage|p2a: Zacian|84/100|[from] item: Rocky Helmet|[of] p1a: Necrozma
|
|upkeep
|turn|7
|
|t:|1661841031
|switch|p2a: Groudon|Groudon|100/100
|detailschange|p2a: Groudon|Groudon-Primal
|-primal|p2a: Groudon
|-weather|DesolateLand|[from] ability: Desolate Land|[of] p2a: Groudon
|move|p1a: Necrozma|Morning Sun|p1a: Necrozma
|-heal|p1a: Necrozma|100/100
|
|-weather|DesolateLand|[upkeep]
|upkeep
|turn|8
|
|t:|1661841040
|-weather|none
|switch|p2a: Calyrex|Calyrex-Shadow|88/100
|-ability|p2a: Calyrex|As One
|-ability|p2a: Calyrex|Unnerve
|switch|p1a: Zygarde|Zygarde|100/100
|
|-heal|p2a: Calyrex|94/100|[from] item: Leftovers
|upkeep
|turn|9
|
|t:|1661841044
|switch|p1a: Ho-Oh|Ho-Oh|66/100
|move|p2a: Calyrex|Substitute|p2a: Calyrex
|-start|p2a: Calyrex|Substitute
|-damage|p2a: Calyrex|69/100
|
|-heal|p2a: Calyrex|75/100|[from] item: Leftovers
|upkeep
|turn|10
|
|t:|1661841046
|move|p2a: Calyrex|Astral Barrage|p1a: Ho-Oh
|-damage|p1a: Ho-Oh|32/100
|move|p1a: Ho-Oh|Whirlwind|p2a: Calyrex
|drag|p2a: Yveltal|Yveltal|91/100
|-ability|p2a: Yveltal|Dark Aura
|
|upkeep
|turn|11
|
|t:|1661841054
|switch|p2a: Zacian|Zacian-Crowned|84/100
|-ability|p2a: Zacian|Intrepid Sword|boost
|-boost|p2a: Zacian|atk|1
|switch|p1a: Arceus|Arceus-Dark|81/100
|
|upkeep
|turn|12
|
|t:|1661841063
|switch|p1a: Necrozma|Necrozma-Dusk-Mane|100/100
|move|p2a: Zacian|Close Combat|p1a: Necrozma
|-damage|p1a: Necrozma|62/100
|-unboost|p2a: Zacian|def|1
|-unboost|p2a: Zacian|spd|1
|-damage|p2a: Zacian|67/100|[from] item: Rocky Helmet|[of] p1a: Necrozma
|
|upkeep
|turn|13
|
|t:|1661841068
|switch|p2a: Calyrex|Calyrex-Shadow|75/100
|-ability|p2a: Calyrex|As One
|-ability|p2a: Calyrex|Unnerve
|move|p1a: Necrozma|Morning Sun|p1a: Necrozma
|-heal|p1a: Necrozma|100/100
|
|-heal|p2a: Calyrex|81/100|[from] item: Leftovers
|upkeep
|turn|14
|
|t:|1661841073
|switch|p1a: Arceus|Arceus-Dark|81/100
|move|p2a: Calyrex|Astral Barrage|p1a: Arceus
|-resisted|p1a: Arceus
|-damage|p1a: Arceus|59/100
|
|-heal|p2a: Calyrex|88/100|[from] item: Leftovers
|upkeep
|turn|15
|
|t:|1661841076
|switch|p2a: Zacian|Zacian-Crowned|67/100
|-ability|p2a: Zacian|Intrepid Sword|boost
|-boost|p2a: Zacian|atk|1
|move|p1a: Arceus|Recover|p1a: Arceus
|-heal|p1a: Arceus|100/100
|
|upkeep
|turn|16
|
|t:|1661841082
|switch|p2a: Calyrex|Calyrex-Shadow|88/100
|-ability|p2a: Calyrex|As One
|-ability|p2a: Calyrex|Unnerve
|switch|p1a: Necrozma|Necrozma-Dusk-Mane|100/100
|
|-heal|p2a: Calyrex|94/100|[from] item: Leftovers
|upkeep
|turn|17
|
|t:|1661841084
|switch|p1a: Arceus|Arceus-Dark|100/100
|move|p2a: Calyrex|Substitute|p2a: Calyrex
|-start|p2a: Calyrex|Substitute
|-damage|p2a: Calyrex|69/100
|
|-heal|p2a: Calyrex|75/100|[from] item: Leftovers
|upkeep
|turn|18
|
|t:|1661841086
|move|p2a: Calyrex|Leech Seed|p1a: Arceus
|-start|p1a: Arceus|move: Leech Seed
|move|p1a: Arceus|Judgment|p2a: Calyrex
|-supereffective|p2a: Calyrex
|-end|p2a: Calyrex|Substitute
|
|-heal|p2a: Calyrex|81/100|[from] item: Leftovers
|-damage|p1a: Arceus|88/100|[from] Leech Seed|[of] p2a: Calyrex
|-heal|p2a: Calyrex|97/100|[silent]
|upkeep
|turn|19
|
|t:|1661841089
|switch|p1a: Ho-Oh|Ho-Oh|66/100
|move|p2a: Calyrex|Substitute|p2a: Calyrex
|-start|p2a: Calyrex|Substitute
|-damage|p2a: Calyrex|72/100
|
|-heal|p2a: Calyrex|79/100|[from] item: Leftovers
|upkeep
|turn|20
|
|t:|1661841090
|move|p2a: Calyrex|Astral Barrage|p1a: Ho-Oh
|-damage|p1a: Ho-Oh|32/100
|move|p1a: Ho-Oh|Whirlwind|p2a: Calyrex
|drag|p2a: Zacian|Zacian-Crowned|67/100
|-ability|p2a: Zacian|Intrepid Sword|boost
|-boost|p2a: Zacian|atk|1
|
|upkeep
|turn|21
|
|t:|1661841101
|switch|p2a: Yveltal|Yveltal|91/100
|-ability|p2a: Yveltal|Dark Aura
|switch|p1a: Necrozma|Necrozma-Dusk-Mane|100/100
|
|upkeep
|turn|22
|c|☆gerninja1|not a fan of pp stalling subrex
|c|☆gerninja1|but happens
|c|☆alt1445645|its decent
|c|☆alt1445645|ur team kinda stally so
|c|☆gerninja1|yeah
|
|t:|1661841129
|switch|p2a: Zacian|Zacian-Crowned|67/100
|-ability|p2a: Zacian|Intrepid Sword|boost
|-boost|p2a: Zacian|atk|1
|switch|p1a: Arceus|Arceus-Dark|88/100
|
|upkeep
|turn|23
|c|☆gerninja1|but i hate sub caly
|c|☆gerninja1|mon is so annoying to play against
|c|☆alt1445645|ye i dont like playing it too much sorry man
|inactive|alt1445645 has 120 seconds left.
|c|☆gerninja1|is fine lol
|c|☆alt1445645|it just lets me play against stall
|
|t:|1661841155
|switch|p1a: Necrozma|Necrozma-Dusk-Mane|100/100
|move|p2a: Zacian|Close Combat|p1a: Necrozma
|-damage|p1a: Necrozma|59/100
|-unboost|p2a: Zacian|def|1
|-unboost|p2a: Zacian|spd|1
|-damage|p2a: Zacian|51/100|[from] item: Rocky Helmet|[of] p1a: Necrozma
|
|upkeep
|turn|24
|
|t:|1661841161
|switch|p2a: Calyrex|Calyrex-Shadow|79/100
|-ability|p2a: Calyrex|As One
|-ability|p2a: Calyrex|Unnerve
|move|p1a: Necrozma|Morning Sun|p1a: Necrozma
|-heal|p1a: Necrozma|100/100
|
|-heal|p2a: Calyrex|85/100|[from] item: Leftovers
|upkeep
|turn|25
|
|t:|1661841164
|switch|p1a: Ho-Oh|Ho-Oh|66/100
|move|p2a: Calyrex|Astral Barrage|p1a: Ho-Oh
|-damage|p1a: Ho-Oh|28/100
|
|-heal|p2a: Calyrex|91/100|[from] item: Leftovers
|upkeep
|turn|26
|
|t:|1661841168
|switch|p1a: Arceus|Arceus-Dark|88/100
|move|p2a: Calyrex|Substitute|p2a: Calyrex
|-start|p2a: Calyrex|Substitute
|-damage|p2a: Calyrex|66/100
|
|-heal|p2a: Calyrex|72/100|[from] item: Leftovers
|upkeep
|turn|27
|
|t:|1661841174
|move|p2a: Calyrex|Astral Barrage|p1a: Arceus
|-resisted|p1a: Arceus
|-damage|p1a: Arceus|69/100
|move|p1a: Arceus|Judgment|p2a: Calyrex
|-supereffective|p2a: Calyrex
|-end|p2a: Calyrex|Substitute
|
|-heal|p2a: Calyrex|78/100|[from] item: Leftovers
|upkeep
|turn|28
|
|t:|1661841181
|switch|p2a: Arceus|Arceus|100/100
|move|p1a: Arceus|Recover|p1a: Arceus
|-heal|p1a: Arceus|100/100
|
|upkeep
|turn|29
|
|t:|1661841189
|switch|p1a: Zygarde|Zygarde|100/100
|move|p2a: Arceus|Swords Dance|p2a: Arceus
|-boost|p2a: Arceus|atk|2
|
|upkeep
|turn|30
|
|t:|1661841192
|move|p2a: Arceus|Swords Dance|p2a: Arceus
|-boost|p2a: Arceus|atk|2
|move|p1a: Zygarde|Glare|p2a: Arceus
|-status|p2a: Arceus|par
|-enditem|p2a: Arceus|Lum Berry|[eat]
|-curestatus|p2a: Arceus|par|[msg]
|
|upkeep
|turn|31
|
|t:|1661841195
|-start|p2a: Arceus|Dynamax|
|-heal|p2a: Arceus|100/100|[silent]
|move|p2a: Arceus|Max Strike|p1a: Zygarde
|-damage|p1a: Zygarde|0 fnt
|faint|p1a: Zygarde
|
|upkeep
|
|t:|1661841204
|switch|p1a: Arceus|Arceus-Dark|100/100
|turn|32
|
|t:|1661841206
|switch|p1a: Calyrex|Calyrex-Shadow|100/100
|-ability|p1a: Calyrex|As One
|-ability|p1a: Calyrex|Unnerve
|move|p2a: Arceus|Max Strike|p1a: Calyrex
|-immune|p1a: Calyrex
|
|upkeep
|turn|33
|c|☆alt1445645|nice
|
|t:|1661841217
|move|p1a: Calyrex|Haze|p1a: Calyrex
|-clearallboost
|move|p2a: Arceus|Max Phantasm|p1a: Calyrex
|-supereffective|p1a: Calyrex
|-damage|p1a: Calyrex|0 fnt
|faint|p1a: Calyrex
|
|upkeep
|c|☆alt1445645|scarf haze?
|c|☆gerninja1|yep
|c|☆gerninja1|beats xerneas
|c|☆alt1445645|interesting
|c|☆gerninja1|and if a setup mon gets out of hand i can sac it
|inactive|gerninja1 has 120 seconds left.
|c|☆alt1445645|wouldnt sash just do that too
|
|t:|1661841255
|switch|p1a: Arceus|Arceus-Dark|100/100
|-end|p2a: Arceus|Dynamax
|-heal|p2a: Arceus|100/100|[silent]
|turn|34
|c|☆alt1445645|or is this safer
|
|t:|1661841259
|move|p1a: Arceus|Calm Mind|p1a: Arceus
|-boost|p1a: Arceus|spa|1
|-boost|p1a: Arceus|spd|1
|move|p2a: Arceus|Swords Dance|p2a: Arceus
|-boost|p2a: Arceus|atk|2
|
|upkeep
|turn|35
|
|t:|1661841262
|-start|p1a: Arceus|Dynamax|
|-heal|p1a: Arceus|100/100|[silent]
|move|p2a: Arceus|Extreme Speed|p1a: Arceus
|-damage|p1a: Arceus|70/100
|move|p1a: Arceus|Max Darkness|p2a: Arceus
|-crit|p2a: Arceus
|-damage|p2a: Arceus|0 fnt
|faint|p2a: Arceus
|
|upkeep
|
|t:|1661841265
|switch|p2a: Zacian|Zacian-Crowned|51/100
|-ability|p2a: Zacian|Intrepid Sword|boost
|-boost|p2a: Zacian|atk|1
|turn|36
|c|☆gerninja1|ah crit
|
|t:|1661841270
|move|p2a: Zacian|Behemoth Blade|p1a: Arceus
|-damage|p1a: Arceus|11/100
|move|p1a: Arceus|Max Darkness|p2a: Zacian
|-resisted|p2a: Zacian
|-damage|p2a: Zacian|10/100
|-unboost|p2a: Zacian|spd|1
|
|upkeep
|turn|37
|
|t:|1661841273
|-end|p1a: Arceus|Dynamax
|-heal|p1a: Arceus|11/100|[silent]
|switch|p1a: Necrozma|Necrozma-Dusk-Mane|100/100
|move|p2a: Zacian|Close Combat|p1a: Necrozma
|-damage|p1a: Necrozma|62/100
|-unboost|p2a: Zacian|def|1
|-unboost|p2a: Zacian|spd|1
|-damage|p2a: Zacian|0 fnt|[from] item: Rocky Helmet|[of] p1a: Necrozma
|faint|p2a: Zacian
|
|upkeep
|c|☆gerninja1|but not the best team
|c|☆gerninja1|i usually dont run pdon but steelceus instead
|inactive|alt1445645 has 120 seconds left.
|c|☆alt1445645|steelceus is actually super scary wont cap
|
|t:|1661841310
|switch|p2a: Calyrex|Calyrex-Shadow|78/100
|-ability|p2a: Calyrex|As One
|-ability|p2a: Calyrex|Unnerve
|turn|38
|inactive|alt1445645 has 120 seconds left.
|c|☆alt1445645|is it like cosmic power
|c|☆alt1445645|or something
|c|☆gerninja1|nah just cm
|
|t:|1661841322
|switch|p1a: Ho-Oh|Ho-Oh|61/100
|move|p2a: Calyrex|Astral Barrage|p1a: Ho-Oh
|-damage|p1a: Ho-Oh|23/100
|
|-heal|p2a: Calyrex|84/100|[from] item: Leftovers
|upkeep
|turn|39
|c|☆gerninja1|double cm
|inactive|alt1445645 has 120 seconds left.
|
|t:|1661841330
|switch|p1a: Necrozma|Necrozma-Dusk-Mane|62/100
|move|p2a: Calyrex|Leech Seed|p1a: Necrozma
|-start|p1a: Necrozma|move: Leech Seed
|
|-heal|p2a: Calyrex|91/100|[from] item: Leftovers
|-damage|p1a: Necrozma|50/100|[from] Leech Seed|[of] p2a: Calyrex
|-heal|p2a: Calyrex|100/100|[silent]
|upkeep
|turn|40
|
|t:|1661841333
|move|p2a: Calyrex|Substitute|p2a: Calyrex
|-start|p2a: Calyrex|Substitute
|-damage|p2a: Calyrex|76/100
|move|p1a: Necrozma|Morning Sun|p1a: Necrozma
|-heal|p1a: Necrozma|99/100
|
|-heal|p2a: Calyrex|82/100|[from] item: Leftovers
|-damage|p1a: Necrozma|87/100|[from] Leech Seed|[of] p2a: Calyrex
|-heal|p2a: Calyrex|96/100|[silent]
|upkeep
|turn|41
|
|t:|1661841351
|switch|p2a: Yveltal|Yveltal|91/100
|-ability|p2a: Yveltal|Dark Aura
|move|p1a: Necrozma|Stealth Rock|p2a: Yveltal
|-sidestart|p2: alt1445645|move: Stealth Rock
|
|-damage|p1a: Necrozma|75/100|[from] Leech Seed|[of] p2a: Yveltal
|-heal|p2a: Yveltal|100/100|[silent]
|upkeep
|turn|42
|
|t:|1661841356
|switch|p1a: Ho-Oh|Ho-Oh|57/100
|move|p2a: Yveltal|Dark Pulse|p1a: Ho-Oh
|-damage|p1a: Ho-Oh|21/100
|-damage|p2a: Yveltal|91/100|[from] item: Life Orb
|
|upkeep
|turn|43
|
|t:|1661841359
|switch|p1a: Arceus|Arceus-Dark|11/100
|move|p2a: Yveltal|Dark Pulse|p1a: Arceus
|-resisted|p1a: Arceus
|-damage|p1a: Arceus|0 fnt
|faint|p1a: Arceus
|-damage|p2a: Yveltal|81/100|[from] item: Life Orb
|
|upkeep
|
|t:|1661841361
|switch|p1a: Ho-Oh|Ho-Oh|55/100
|turn|44
|
|t:|1661841364
|move|p2a: Yveltal|Dark Pulse|p1a: Ho-Oh
|-damage|p1a: Ho-Oh|13/100
|-damage|p2a: Yveltal|71/100|[from] item: Life Orb
|move|p1a: Ho-Oh|Toxic|p2a: Yveltal
|-status|p2a: Yveltal|tox
|
|-damage|p2a: Yveltal|65/100 tox|[from] psn
|upkeep
|turn|45
|
|t:|1661841369
|switch|p1a: Groudon|Groudon|100/100
|detailschange|p1a: Groudon|Groudon-Primal
|-primal|p1a: Groudon
|-weather|DesolateLand|[from] ability: Desolate Land|[of] p1a: Groudon
|move|p2a: Yveltal|Dark Pulse|p1a: Groudon
|-damage|p1a: Groudon|46/100
|-damage|p2a: Yveltal|55/100 tox|[from] item: Life Orb
|
|-weather|DesolateLand|[upkeep]
|-damage|p2a: Yveltal|42/100 tox|[from] psn
|upkeep
|turn|46
|
|t:|1661841378
|-weather|none
|switch|p1a: Ho-Oh|Ho-Oh|46/100
|move|p2a: Yveltal|Dark Pulse|p1a: Ho-Oh
|-damage|p1a: Ho-Oh|7/100
|-damage|p2a: Yveltal|33/100 tox|[from] item: Life Orb
|
|-damage|p2a: Yveltal|14/100 tox|[from] psn
|upkeep
|turn|47
|
|t:|1661841401
|switch|p1a: Groudon|Groudon-Primal|46/100
|-weather|DesolateLand|[from] ability: Desolate Land|[of] p1a: Groudon
|move|p2a: Yveltal|Dark Pulse|p1a: Groudon
|-damage|p1a: Groudon|0 fnt
|faint|p1a: Groudon
|-weather|none
|-damage|p2a: Yveltal|4/100 tox|[from] item: Life Orb
|
|-damage|p2a: Yveltal|0 fnt|[from] psn
|faint|p2a: Yveltal
|upkeep
|
|t:|1661841415
|switch|p2a: Rayquaza|Rayquaza|100/100
|switch|p1a: Ho-Oh|Ho-Oh|40/100
|-damage|p2a: Rayquaza|76/100|[from] Stealth Rock
|-ability|p2a: Rayquaza|Air Lock
|turn|48
|c|☆gerninja1|normalceus is really scary for this team tho
|c|☆alt1445645|i just got lucky ngl
|c|☆alt1445645|i usually run
|c|☆alt1445645|chople instead of lum
|c|☆alt1445645|i forgot to swap it back
|
|t:|1661841439
|switch|p1a: Necrozma|Necrozma-Dusk-Mane|75/100
|detailschange|p2a: Rayquaza|Rayquaza-Mega
|-mega|p2a: Rayquaza|Rayquaza|
|-weather|DeltaStream|[from] ability: Delta Stream|[of] p2a: Rayquaza
|move|p2a: Rayquaza|Dragon Ascent|p1a: Necrozma
|-resisted|p1a: Necrozma
|-damage|p1a: Necrozma|50/100
|-unboost|p2a: Rayquaza|def|1
|-unboost|p2a: Rayquaza|spd|1
|-damage|p2a: Rayquaza|59/100|[from] item: Rocky Helmet|[of] p1a: Necrozma
|
|-weather|DeltaStream|[upkeep]
|upkeep
|turn|49
|c|☆gerninja1|yeah thats what i was expecting
|
|t:|1661841444
|switch|p1a: Ho-Oh|Ho-Oh|73/100
|move|p2a: Rayquaza|V-create|p1a: Ho-Oh
|-resisted|p1a: Ho-Oh
|-damage|p1a: Ho-Oh|42/100
|-unboost|p2a: Rayquaza|spe|1
|-unboost|p2a: Rayquaza|def|1
|-unboost|p2a: Rayquaza|spd|1
|
|-weather|DeltaStream|[upkeep]
|upkeep
|turn|50
|
|t:|1661841450
|-weather|none
|switch|p2a: Calyrex|Calyrex-Shadow|96/100
|-ability|p2a: Calyrex|As One
|-ability|p2a: Calyrex|Unnerve
|-damage|p2a: Calyrex|84/100|[from] Stealth Rock
|move|p1a: Ho-Oh|Sacred Fire|p2a: Calyrex
|-damage|p2a: Calyrex|35/100
|-status|p2a: Calyrex|brn
|
|-heal|p2a: Calyrex|42/100 brn|[from] item: Leftovers
|-damage|p2a: Calyrex|35/100 brn|[from] brn
|upkeep
|turn|51
|
|t:|1661841454
|switch|p2a: Groudon|Groudon-Primal|100/100
|-damage|p2a: Groudon|88/100|[from] Stealth Rock
|-weather|DesolateLand|[from] ability: Desolate Land|[of] p2a: Groudon
|switch|p1a: Necrozma|Necrozma-Dusk-Mane|50/100
|
|-weather|DesolateLand|[upkeep]
|upkeep
|turn|52
|
|t:|1661841460
|switch|p1a: Ho-Oh|Ho-Oh|75/100
|move|p2a: Groudon|Stone Edge|p1a: Ho-Oh
|-supereffective|p1a: Ho-Oh
|-damage|p1a: Ho-Oh|0 fnt
|faint|p1a: Ho-Oh
|
|-weather|DesolateLand|[upkeep]
|upkeep
|
|t:|1661841465
|switch|p1a: Necrozma|Necrozma-Dusk-Mane|50/100
|turn|53
|
|t:|1661841468
|move|p2a: Groudon|Precipice Blades|p1a: Necrozma
|-supereffective|p1a: Necrozma
|-damage|p1a: Necrozma|0 fnt
|faint|p1a: Necrozma
|
|win|alt1445645
|raw|gerninja1's rating: 1773 &rarr; <strong>1759</strong><br />(-14 for losing)
|raw|alt1445645's rating: 1885 &rarr; <strong>1899</strong><br />(+14 for winning)
|c|☆gerninja1|gg
|c|☆alt1445645|gg man
|c|☆alt1445645|that was a close one
|c|☆gerninja1|should have seen lum coming
|c|☆alt1445645|i like ur team
|c|☆gerninja1|ty
|c|☆alt1445645|nah i just got lucky i forgot to swap it out
|c|☆alt1445645|honestly if i had u would of won
|c|☆gerninja1|maybe
|c|☆alt1445645|my team is so bad into marshadow
|c|☆gerninja1|yea
|c|☆alt1445645|so i usually need chople
|c|☆gerninja1|CB or LO marsh kills hard
|c|☆alt1445645|but ill swap to lum if there a bunch of like smeargle teams on
|c|☆gerninja1|fair
|c|☆gerninja1|same for steelceus vs pdon
|c|☆gerninja1|vs ogres
|c|☆alt1445645|honestly
|c|☆gerninja1|anyways
|c|☆alt1445645|if this format didnt have smeargle would be better
|c|☆gerninja1|probably
|c|☆gerninja1|but its fine
|c|☆gerninja1|whirlwind mons can deal with it
|c|☆alt1445645|or atleast had sleep clause but i suppose thats part of the charm
|c|☆gerninja1|and haze caly ;:^)
