|j|☆JAY100064
|j|☆Kirb245
|t:|1622525547
|gametype|singles
|player|p1|JAY100064|preschooler|1406
|player|p2|Kirb245|swimmerf|1435
|teamsize|p1|6
|teamsize|p2|6
|gen|8
|tier|[Gen 8] National Dex AG
|rated|
|rule|HP Percentage Mod: HP is shown in percentages
|rule|Endless Battle Clause: Forcing endless battles is banned
|clearpoke
|poke|p1|Eternatus|
|poke|p1|Cinderace, M|
|poke|p1|Darmanitan-Galar, M|
|poke|p1|Marshadow|
|poke|p1|Dracovish|
|poke|p1|Zacian-*|
|poke|p2|Dracovish|
|poke|p2|Ho-Oh|
|poke|p2|Zygarde|
|poke|p2|Dragapult, F|
|poke|p2|Deoxys-Speed|
|poke|p2|Mewtwo|
|teampreview
|
|t:|1622525554
|start
|switch|p1a: Darmanitan|Darmanitan-Galar, M, shiny|100/100
|switch|p2a: Deoxys|Deoxys-Speed|100/100
|-ability|p2a: Deoxys|Pressure
|turn|1
|inactive|Battle timer is ON: inactive players will automatically lose when time's up. (requested by Kirb245)
|inactive|JAY100064 also wants the timer to be on.
|
|t:|1622525561
|move|p2a: Deoxys|Stealth Rock|p1a: Darmanitan
|-sidestart|p1: JAY100064|move: Stealth Rock
|move|p1a: Darmanitan|U-turn|p2a: Deoxys
|-supereffective|p2a: Deoxys
|-damage|p2a: Deoxys|6/100
|
|t:|1622525569
|switch|p1a: Cinderace|Cinderace, M|100/100|[from]move: U-turn
|
|upkeep
|turn|2
|
|t:|1622525575
|move|p2a: Deoxys|Taunt|p1a: Cinderace
|-start|p1a: Cinderace|move: Taunt
|move|p1a: Cinderace|U-turn|p2a: Deoxys
|-start|p1a: Cinderace|typechange|Bug|[from] ability: Libero
|-supereffective|p2a: Deoxys
|-damage|p2a: Deoxys|0 fnt
|faint|p2a: Deoxys
|
|t:|1622525585
|switch|p1a: Darmanitan|Darmanitan-Galar, M, shiny|100/100|[from]move: U-turn
|-damage|p1a: Darmanitan|76/100|[from] Stealth Rock
|
|upkeep
|
|t:|1622525600
|switch|p2a: Dracovish|Dracovish|100/100
|turn|3
|
|t:|1622525611
|-start|p1a: Darmanitan|Dynamax
|-heal|p1a: Darmanitan|76/100|[silent]
|move|p2a: Dracovish|Fishious Rend|p1a: Darmanitan
|-damage|p1a: Darmanitan|0 fnt
|faint|p1a: Darmanitan
|
|upkeep
|
|t:|1622525618
|switch|p1a: Dracovish|Dracovish|100/100
|-damage|p1a: Dracovish|88/100|[from] Stealth Rock
|turn|4
|
|t:|1622525626
|-start|p2a: Dracovish|Dynamax
|-heal|p2a: Dracovish|100/100|[silent]
|move|p1a: Dracovish|Outrage|p2a: Dracovish
|-supereffective|p2a: Dracovish
|-damage|p2a: Dracovish|51/100
|move|p2a: Dracovish|Max Wyrmwind|p1a: Dracovish
|-supereffective|p1a: Dracovish
|-damage|p1a: Dracovish|0 fnt
|faint|p1a: Dracovish
|
|upkeep
|
|t:|1622525639
|switch|p1a: Zacian|Zacian-Crowned|100/100
|-damage|p1a: Zacian|94/100|[from] Stealth Rock
|-ability|p1a: Zacian|Intrepid Sword|boost
|-boost|p1a: Zacian|atk|1
|turn|5
|
|t:|1622525644
|move|p1a: Zacian|Play Rough|p2a: Dracovish
|-supereffective|p2a: Dracovish
|-damage|p2a: Dracovish|0 fnt
|faint|p2a: Dracovish
|
|upkeep
|
|t:|1622525651
|switch|p2a: Ho-Oh|Ho-Oh|100/100
|turn|6
|
|t:|1622525658
|switch|p1a: Eternatus|Eternatus|100/100
|-damage|p1a: Eternatus|88/100|[from] Stealth Rock
|-ability|p1a: Eternatus|Pressure
|move|p2a: Ho-Oh|Sacred Fire|p1a: Eternatus
|-resisted|p1a: Eternatus
|-damage|p1a: Eternatus|71/100
|-status|p1a: Eternatus|brn
|
|-heal|p1a: Eternatus|78/100 brn|[from] item: Black Sludge
|-damage|p1a: Eternatus|71/100 brn|[from] brn
|upkeep
|turn|7
|
|t:|1622525672
|move|p1a: Eternatus|Dynamax Cannon|p2a: Ho-Oh
|-damage|p2a: Ho-Oh|74/100
|move|p2a: Ho-Oh|Earthquake|p1a: Eternatus
|-supereffective|p1a: Eternatus
|-damage|p1a: Eternatus|28/100 brn
|
|-heal|p1a: Eternatus|35/100 brn|[from] item: Black Sludge
|-damage|p1a: Eternatus|28/100 brn|[from] brn
|upkeep
|turn|8
|
|t:|1622525686
|move|p1a: Eternatus|Toxic|p2a: Ho-Oh
|-status|p2a: Ho-Oh|tox
|move|p2a: Ho-Oh|Earthquake|p1a: Eternatus
|-supereffective|p1a: Eternatus
|-damage|p1a: Eternatus|0 fnt
|faint|p1a: Eternatus
|
|-damage|p2a: Ho-Oh|67/100 tox|[from] psn
|upkeep
|
|t:|1622525705
|switch|p1a: Cinderace|Cinderace, M|100/100
|turn|9
|
|t:|1622525724
|switch|p2a: Mewtwo|Mewtwo|100/100
|-ability|p2a: Mewtwo|Pressure
|move|p1a: Cinderace|Gunk Shot|p2a: Mewtwo
|-start|p1a: Cinderace|typechange|Poison|[from] ability: Libero
|-damage|p2a: Mewtwo|36/100
|
|upkeep
|turn|10
|inactive|JAY100064 has 120 seconds left.
|
|t:|1622525740
|detailschange|p2a: Mewtwo|Mewtwo-Mega-Y
|-mega|p2a: Mewtwo|Mewtwo|Mewtwonite Y
|move|p2a: Mewtwo|Psystrike|p1a: Cinderace
|-supereffective|p1a: Cinderace
|-damage|p1a: Cinderace|0 fnt
|faint|p1a: Cinderace
|
|upkeep
|inactive|JAY100064 has 120 seconds left.
|
|t:|1622525751
|switch|p1a: Zacian|Zacian-Crowned|94/100
|-damage|p1a: Zacian|88/100|[from] Stealth Rock
|-ability|p1a: Zacian|Intrepid Sword|boost
|-boost|p1a: Zacian|atk|1
|turn|11
|inactive|JAY100064 has 120 seconds left.
|
|t:|1622525764
|move|p2a: Mewtwo|Thunderbolt|p1a: Zacian
|-damage|p1a: Zacian|47/100
|move|p1a: Zacian|Swords Dance|p1a: Zacian
|-boost|p1a: Zacian|atk|2
|
|upkeep
|turn|12
|inactive|JAY100064 has 120 seconds left.
|
|t:|1622525774
|move|p2a: Mewtwo|Thunderbolt|p1a: Zacian
|-damage|p1a: Zacian|4/100
|-status|p1a: Zacian|par
|move|p1a: Zacian|Play Rough|p2a: Mewtwo
|-damage|p2a: Mewtwo|0 fnt
|faint|p2a: Mewtwo
|
|upkeep
|
|t:|1622525780
|switch|p2a: Zygarde|Zygarde|100/100
|turn|13
|
|t:|1622525785
|move|p2a: Zygarde|Extreme Speed|p1a: Zacian
|-resisted|p1a: Zacian
|-damage|p1a: Zacian|0 fnt
|faint|p1a: Zacian
|-damage|p2a: Zygarde|91/100|[from] item: Life Orb
|
|upkeep
|-message|JAY100064 forfeited.
|
|win|Kirb245
|raw|JAY100064's rating: 1406 &rarr; <strong>1388</strong><br />(-18 for losing)
|raw|Kirb245's rating: 1435 &rarr; <strong>1453</strong><br />(+18 for winning)
|l|☆JAY100064
