|j|☆JaunyongXD
|j|☆JedTheHumanoid
|t:|1651730870
|gametype|singles
|player|p1|JaunyongXD|wally|1522
|player|p2|JedTheHumanoid|tuber-gen3|1795
|teamsize|p1|6
|teamsize|p2|6
|gen|8
|tier|[Gen 8] National Dex AG
|rated|
|rule|HP Percentage Mod: HP is shown in percentages
|rule|Endless Battle Clause: Forcing endless battles is banned
|clearpoke
|poke|p1|Donphan, F|
|poke|p1|Whimsicott, M|
|poke|p1|Krookodile, M|
|poke|p1|Breloom, F|
|poke|p1|Ditto|
|poke|p1|Quagsire, F|
|poke|p2|Calyrex-Shadow|
|poke|p2|Groudon|
|poke|p2|Rayquaza|
|poke|p2|Yveltal|
|poke|p2|Arceus-*|
|poke|p2|Eternatus|
|teampreview
|c|☆JaunyongXD|Glhf
|c|☆JedTheHumanoid|u2
|j| rahull
|
|t:|1651730896
|start
|switch|p1a: Donphan|Donphan, F|100/100
|switch|p2a: Rayquaza|Rayquaza|100/100
|-ability|p2a: Rayquaza|Air Lock
|turn|1
|
|t:|1651730903
|detailschange|p2a: Rayquaza|Rayquaza-Mega
|-mega|p2a: Rayquaza|Rayquaza|
|-weather|DeltaStream|[from] ability: Delta Stream|[of] p2a: Rayquaza
|move|p2a: Rayquaza|Draco Meteor|p1a: Donphan|[miss]
|-miss|p2a: Rayquaza|p1a: Donphan
|move|p1a: Donphan|Stealth Rock|p2a: Rayquaza
|-sidestart|p2: JedTheHumanoid|move: Stealth Rock
|
|-weather|DeltaStream|[upkeep]
|upkeep
|turn|2
|
|t:|1651730912
|move|p2a: Rayquaza|Surf|p1a: Donphan
|-supereffective|p1a: Donphan
|-ability|p1a: Donphan|Sturdy
|-damage|p1a: Donphan|1/100
|-damage|p2a: Rayquaza|91/100|[from] item: Life Orb
|move|p1a: Donphan|Endeavor|p2a: Rayquaza
|-damage|p2a: Rayquaza|1/100
|
|-weather|DeltaStream|[upkeep]
|upkeep
|turn|3
|-enditem|p1a: Donphan|Custap Berry|[eat]
|-activate|p1a: Donphan|item: Custap Berry|[consumed]
|
|t:|1651730919
|move|p2a: Rayquaza|Extreme Speed|p1a: Donphan
|-damage|p1a: Donphan|0 fnt
|faint|p1a: Donphan
|-damage|p2a: Rayquaza|0 fnt|[from] item: Life Orb
|faint|p2a: Rayquaza
|-weather|none
|
|upkeep
|
|t:|1651730941
|switch|p2a: Arceus|Arceus-Dark|100/100
|switch|p1a: Whimsicott|Whimsicott, M|100/100
|-damage|p2a: Arceus|88/100|[from] Stealth Rock
|turn|4
|
|t:|1651730947
|move|p1a: Whimsicott|Substitute|p1a: Whimsicott
|-start|p1a: Whimsicott|Substitute
|-damage|p1a: Whimsicott|76/100
|move|p2a: Arceus|Ice Beam|p1a: Whimsicott
|-supereffective|p1a: Whimsicott
|-end|p1a: Whimsicott|Substitute
|
|-heal|p1a: Whimsicott|82/100|[from] item: Leftovers
|upkeep
|turn|5
|
|t:|1651730954
|move|p2a: Arceus|Ice Beam|p1a: Whimsicott
|-supereffective|p1a: Whimsicott
|-damage|p1a: Whimsicott|35/100
|move|p1a: Whimsicott|Moonblast|p2a: Arceus
|-supereffective|p2a: Arceus
|-damage|p2a: Arceus|64/100
|
|-heal|p1a: Whimsicott|41/100|[from] item: Leftovers
|upkeep
|turn|6
|
|t:|1651730961
|move|p2a: Arceus|Ice Beam|p1a: Whimsicott
|-supereffective|p1a: Whimsicott
|-damage|p1a: Whimsicott|0 fnt
|faint|p1a: Whimsicott
|
|upkeep
|
|t:|1651730962
|switch|p1a: Breloom|Breloom, F|100/100
|turn|7
|
|t:|1651730969
|move|p2a: Arceus|Toxic|p1a: Breloom|[miss]
|-miss|p2a: Arceus|p1a: Breloom
|move|p1a: Breloom|Spore|p2a: Arceus
|-status|p2a: Arceus|slp|[from] move: Spore
|
|upkeep
|turn|8
|
|t:|1651730984
|cant|p2a: Arceus|slp
|move|p1a: Breloom|Rock Tomb|p2a: Arceus
|-damage|p2a: Arceus|43/100 slp
|-unboost|p2a: Arceus|spe|1
|
|upkeep
|turn|9
|
|t:|1651730989
|move|p1a: Breloom|Mach Punch|p2a: Arceus
|-supereffective|p2a: Arceus
|-damage|p2a: Arceus|1/100 slp
|cant|p2a: Arceus|slp
|
|upkeep
|turn|10
|
|t:|1651730995
|move|p1a: Breloom|Mach Punch|p2a: Arceus
|-supereffective|p2a: Arceus
|-damage|p2a: Arceus|0 fnt
|faint|p2a: Arceus
|
|upkeep
|
|t:|1651731007
|switch|p2a: Yveltal|Yveltal|100/100
|-ability|p2a: Yveltal|Dark Aura
|turn|11
|
|t:|1651731011
|move|p2a: Yveltal|Oblivion Wing|p1a: Breloom
|-supereffective|p1a: Breloom
|-enditem|p1a: Breloom|Focus Sash
|-damage|p1a: Breloom|1/100
|move|p1a: Breloom|Spore|p2a: Yveltal
|-status|p2a: Yveltal|slp|[from] move: Spore
|
|upkeep
|turn|12
|
|t:|1651731017
|cant|p2a: Yveltal|slp
|move|p1a: Breloom|Rock Tomb|p2a: Yveltal
|-supereffective|p2a: Yveltal
|-damage|p2a: Yveltal|44/100 slp
|-unboost|p2a: Yveltal|spe|1
|
|upkeep
|turn|13
|
|t:|1651731020
|move|p1a: Breloom|Rock Tomb|p2a: Yveltal|[miss]
|-miss|p1a: Breloom|p2a: Yveltal
|cant|p2a: Yveltal|slp
|
|upkeep
|turn|14
|
|t:|1651731022
|cant|p2a: Yveltal|slp
|move|p1a: Breloom|Rock Tomb|p2a: Yveltal
|-supereffective|p2a: Yveltal
|-damage|p2a: Yveltal|0 fnt
|faint|p2a: Yveltal
|
|upkeep
|c|☆JedTheHumanoid|jfc
|
|t:|1651731047
|switch|p2a: Eternatus|Eternatus|100/100
|-damage|p2a: Eternatus|88/100|[from] Stealth Rock
|-ability|p2a: Eternatus|Pressure
|turn|15
|
|t:|1651731054
|move|p2a: Eternatus|Flamethrower|p1a: Breloom
|-supereffective|p1a: Breloom
|-damage|p1a: Breloom|0 fnt
|faint|p1a: Breloom
|
|-heal|p2a: Eternatus|94/100|[from] item: Black Sludge
|upkeep
|c|☆JaunyongXD|Yea
|
|t:|1651731060
|switch|p1a: Krookodile|Krookodile, M|100/100
|turn|16
|
|t:|1651731068
|move|p2a: Eternatus|Cosmic Power|p2a: Eternatus
|-boost|p2a: Eternatus|def|1
|-boost|p2a: Eternatus|spd|1
|move|p1a: Krookodile|Scale Shot|p2a: Eternatus
|-supereffective|p2a: Eternatus
|-damage|p2a: Eternatus|85/100
|-supereffective|p2a: Eternatus
|-damage|p2a: Eternatus|74/100
|-supereffective|p2a: Eternatus
|-damage|p2a: Eternatus|64/100
|-hitcount|p2a: Eternatus|3
|-unboost|p1a: Krookodile|def|1
|-boost|p1a: Krookodile|spe|1
|
|-heal|p2a: Eternatus|70/100|[from] item: Black Sludge
|upkeep
|turn|17
|
|t:|1651731077
|move|p1a: Krookodile|Earthquake|p2a: Eternatus
|-supereffective|p2a: Eternatus
|-damage|p2a: Eternatus|12/100
|move|p2a: Eternatus|Recover|p2a: Eternatus
|-heal|p2a: Eternatus|62/100
|
|-heal|p2a: Eternatus|68/100|[from] item: Black Sludge
|upkeep
|turn|18
|
|t:|1651731089
|move|p1a: Krookodile|Earthquake|p2a: Eternatus
|-supereffective|p2a: Eternatus
|-damage|p2a: Eternatus|11/100
|move|p2a: Eternatus|Flamethrower|p1a: Krookodile
|-damage|p1a: Krookodile|61/100
|
|-heal|p2a: Eternatus|17/100|[from] item: Black Sludge
|upkeep
|turn|19
|
|t:|1651731093
|move|p1a: Krookodile|Earthquake|p2a: Eternatus
|-supereffective|p2a: Eternatus
|-damage|p2a: Eternatus|0 fnt
|faint|p2a: Eternatus
|-ability|p1a: Krookodile|Moxie|boost
|-boost|p1a: Krookodile|atk|1
|
|upkeep
|
|t:|1651731095
|switch|p2a: Groudon|Groudon|100/100
|-damage|p2a: Groudon|94/100|[from] Stealth Rock
|detailschange|p2a: Groudon|Groudon-Primal
|-primal|p2a: Groudon
|-weather|DesolateLand|[from] ability: Desolate Land|[of] p2a: Groudon
|turn|20
|
|t:|1651731098
|move|p1a: Krookodile|Earthquake|p2a: Groudon
|-supereffective|p2a: Groudon
|-damage|p2a: Groudon|12/100
|move|p2a: Groudon|Precipice Blades|p1a: Krookodile|[miss]
|-miss|p2a: Groudon|p1a: Krookodile
|
|-weather|DesolateLand|[upkeep]
|upkeep
|turn|21
|c|☆JedTheHumanoid|lmfao
|c|☆JaunyongXD|Man
|c|☆JaunyongXD|I feel sry
|c|☆JedTheHumanoid|this game is awesome
|-message|JedTheHumanoid forfeited.
|
|win|JaunyongXD
|raw|JaunyongXD's rating: 1522 &rarr; <strong>1555</strong><br />(+33 for winning)
|raw|JedTheHumanoid's rating: 1795 &rarr; <strong>1762</strong><br />(-33 for losing)
|c|☆JaunyongXD|Gg
|l|☆JedTheHumanoid
