|j|☆Lance's Time
|j|☆LKJKUHJYHGFDSASDFG
|inactive|Battle timer is ON: inactive players will automatically lose when time's up.
|t:|1661493291
|gametype|singles
|player|p1|Lance's Time|lass-gen6|
|player|p2|LKJKUHJYHGFDSASDFG|lucas|
|teamsize|p1|6
|teamsize|p2|6
|gen|8
|tier|[Gen 8] National Dex AG
|rated|Tournament battle
|rule|HP Percentage Mod: HP is shown in percentages
|rule|Endless Battle Clause: Forcing endless battles is banned
|clearpoke
|poke|p1|Rayquaza|
|poke|p1|Necrozma-Dusk-Mane|
|poke|p1|Ho-Oh|
|poke|p1|Zygarde|
|poke|p1|Chansey, F|
|poke|p1|Tyranitar, F|
|poke|p2|Necrozma-Dusk-Mane|
|poke|p2|Zacian-*|
|poke|p2|Grimmsnarl, M|
|poke|p2|Ho-Oh|
|poke|p2|Chansey, F|
|poke|p2|Yveltal|
|teampreview
|inactive|LKJKUHJYHGFDSASDFG also wants the timer to be on.
|j| Daeva Ashura
|c| Daeva Ashura|yo grimm :O
|c|☆LKJKUHJYHGFDSASDFG|oh no i used an experimental team
|c|☆LKJKUHJYHGFDSASDFG|:skull:
|c|☆LKJKUHJYHGFDSASDFG|ok
|c|☆LKJKUHJYHGFDSASDFG|first test for this team i guess
|inactive|LKJKUHJYHGFDSASDFG has 120 seconds left.
|
|t:|1661493327
|start
|switch|p1a: Necrozma|Necrozma-Dusk-Mane|100/100
|switch|p2a: Grimmsnarl|Grimmsnarl, M|100/100
|turn|1
|
|t:|1661493330
|move|p2a: Grimmsnarl|Taunt|p1a: Necrozma
|-start|p1a: Necrozma|move: Taunt
|move|p1a: Necrozma|Sunsteel Strike|p2a: Grimmsnarl
|-supereffective|p2a: Grimmsnarl
|-damage|p2a: Grimmsnarl|0 fnt
|faint|p2a: Grimmsnarl
|
|upkeep
|j| DomacVuk
|c|☆Lance's Time|...
|
|t:|1661493335
|switch|p2a: Yveltal|Yveltal|100/100
|-ability|p2a: Yveltal|Dark Aura
|turn|2
|
|t:|1661493340
|switch|p1a: Ho-Oh|Ho-Oh|100/100
|move|p2a: Yveltal|Knock Off|p1a: Ho-Oh
|-damage|p1a: Ho-Oh|54/100
|-enditem|p1a: Ho-Oh|Heavy-Duty Boots|[from] move: Knock Off|[of] p2a: Yveltal
|-damage|p2a: Yveltal|91/100|[from] item: Life Orb
|
|upkeep
|turn|3
|
|t:|1661493344
|switch|p2a: Necrozma|Necrozma-Dusk-Mane|100/100
|move|p1a: Ho-Oh|Sacred Fire|p2a: Necrozma
|-supereffective|p2a: Necrozma
|-damage|p2a: Necrozma|64/100
|-status|p2a: Necrozma|brn
|
|-damage|p2a: Necrozma|58/100 brn|[from] brn
|upkeep
|turn|4
|
|t:|1661493349
|move|p1a: Ho-Oh|Sacred Fire|p2a: Necrozma|[miss]
|-miss|p1a: Ho-Oh|p2a: Necrozma
|move|p2a: Necrozma|Thunder Wave|p1a: Ho-Oh
|-status|p1a: Ho-Oh|par
|
|-damage|p2a: Necrozma|52/100 brn|[from] brn
|upkeep
|turn|5
|
|t:|1661493351
|move|p2a: Necrozma|Stealth Rock|p1a: Ho-Oh
|-sidestart|p1: Lance's Time|move: Stealth Rock
|move|p1a: Ho-Oh|Sacred Fire|p2a: Necrozma
|-supereffective|p2a: Necrozma
|-damage|p2a: Necrozma|21/100 brn
|
|-damage|p2a: Necrozma|15/100 brn|[from] brn
|upkeep
|turn|6
|
|t:|1661493355
|move|p2a: Necrozma|Morning Sun|p2a: Necrozma
|-heal|p2a: Necrozma|65/100 brn
|move|p1a: Ho-Oh|Defog|p2a: Necrozma
|-unboost|p2a: Necrozma|evasion|1
|-sideend|p1: Lance's Time|Stealth Rock|[from] move: Defog|[of] p1a: Ho-Oh
|
|-damage|p2a: Necrozma|59/100 brn|[from] brn
|upkeep
|turn|7
|
|t:|1661493365
|move|p2a: Necrozma|Morning Sun|p2a: Necrozma
|-heal|p2a: Necrozma|100/100 brn
|move|p1a: Ho-Oh|Sacred Fire|p2a: Necrozma
|-supereffective|p2a: Necrozma
|-damage|p2a: Necrozma|64/100 brn
|
|-damage|p2a: Necrozma|58/100 brn|[from] brn
|upkeep
|turn|8
|
|t:|1661493370
|move|p2a: Necrozma|Stealth Rock|p1a: Ho-Oh
|-sidestart|p1: Lance's Time|move: Stealth Rock
|cant|p1a: Ho-Oh|par
|
|-damage|p2a: Necrozma|52/100 brn|[from] brn
|upkeep
|turn|9
|
|t:|1661493377
|switch|p2a: Ho-Oh|Ho-Oh|100/100
|move|p1a: Ho-Oh|Defog|p2a: Ho-Oh
|-unboost|p2a: Ho-Oh|evasion|1
|-sideend|p1: Lance's Time|Stealth Rock|[from] move: Defog|[of] p1a: Ho-Oh
|
|upkeep
|turn|10
|
|t:|1661493384
|switch|p2a: Chansey|Chansey, F|100/100
|move|p1a: Ho-Oh|Toxic|p2a: Chansey
|-status|p2a: Chansey|tox
|
|-damage|p2a: Chansey|94/100 tox|[from] psn
|upkeep
|turn|11
|
|t:|1661493392
|-curestatus|p2a: Chansey|tox|[from] ability: Natural Cure
|switch|p2a: Ho-Oh|Ho-Oh|100/100
|move|p1a: Ho-Oh|Sacred Fire|p2a: Ho-Oh
|-resisted|p2a: Ho-Oh
|-damage|p2a: Ho-Oh|85/100
|
|upkeep
|turn|12
|
|t:|1661493399
|move|p1a: Ho-Oh|Toxic|p2a: Ho-Oh
|-status|p2a: Ho-Oh|tox
|move|p2a: Ho-Oh|Whirlwind|p1a: Ho-Oh
|drag|p1a: Necrozma|Necrozma-Dusk-Mane|100/100
|
|-damage|p2a: Ho-Oh|79/100 tox|[from] psn
|upkeep
|turn|13
|
|t:|1661493402
|switch|p1a: Ho-Oh|Ho-Oh|87/100 par
|move|p2a: Ho-Oh|Sacred Fire|p1a: Ho-Oh
|-resisted|p1a: Ho-Oh
|-damage|p1a: Ho-Oh|73/100 par
|
|-damage|p2a: Ho-Oh|67/100 tox|[from] psn
|upkeep
|turn|14
|
|t:|1661493408
|switch|p2a: Chansey|Chansey, F|94/100
|cant|p1a: Ho-Oh|par
|
|upkeep
|turn|15
|
|t:|1661493411
|switch|p1a: Rayquaza|Rayquaza|100/100
|-ability|p1a: Rayquaza|Air Lock
|move|p2a: Chansey|Heal Bell|p2a: Chansey
|-activate|p2a: Chansey|move: Heal Bell
|-curestatus|p2: Necrozma|brn|[msg]
|-curestatus|p2: Ho-Oh|tox|[msg]
|
|upkeep
|turn|16
|
|t:|1661493416
|switch|p2a: Necrozma|Necrozma-Dusk-Mane|52/100
|detailschange|p1a: Rayquaza|Rayquaza-Mega
|-mega|p1a: Rayquaza|Rayquaza|
|-weather|DeltaStream|[from] ability: Delta Stream|[of] p1a: Rayquaza
|move|p1a: Rayquaza|V-create|p2a: Necrozma
|-supereffective|p2a: Necrozma
|-damage|p2a: Necrozma|0 fnt
|-unboost|p1a: Rayquaza|spe|1
|-unboost|p1a: Rayquaza|def|1
|-unboost|p1a: Rayquaza|spd|1
|-damage|p1a: Rayquaza|84/100|[from] item: Rocky Helmet|[of] p2a: Necrozma
|faint|p2a: Necrozma
|
|-weather|DeltaStream|[upkeep]
|upkeep
|
|t:|1661493419
|switch|p2a: Zacian|Zacian-Crowned|100/100
|-ability|p2a: Zacian|Intrepid Sword|boost
|-boost|p2a: Zacian|atk|1
|turn|17
|
|t:|1661493421
|-weather|none
|switch|p1a: Necrozma|Necrozma-Dusk-Mane|100/100
|move|p2a: Zacian|Close Combat|p1a: Necrozma
|-damage|p1a: Necrozma|60/100
|-unboost|p2a: Zacian|def|1
|-unboost|p2a: Zacian|spd|1
|-damage|p2a: Zacian|84/100|[from] item: Rocky Helmet|[of] p1a: Necrozma
|
|upkeep
|turn|18
|
|t:|1661493424
|switch|p2a: Yveltal|Yveltal|91/100
|-ability|p2a: Yveltal|Dark Aura
|move|p1a: Necrozma|Morning Sun|p1a: Necrozma
|-heal|p1a: Necrozma|100/100
|
|upkeep
|turn|19
|
|t:|1661493442
|switch|p1a: Ho-Oh|Ho-Oh|100/100 par
|-start|p2a: Yveltal|Dynamax|
|-heal|p2a: Yveltal|91/100|[silent]
|move|p2a: Yveltal|Max Airstream|p1a: Ho-Oh
|-damage|p1a: Ho-Oh|51/100 par
|-boost|p2a: Yveltal|spe|1
|-damage|p2a: Yveltal|86/100|[from] item: Life Orb
|
|upkeep
|turn|20
|
|t:|1661493462
|move|p2a: Yveltal|Max Darkness|p1a: Ho-Oh
|-damage|p1a: Ho-Oh|0 fnt
|faint|p1a: Ho-Oh
|-damage|p2a: Yveltal|81/100|[from] item: Life Orb
|
|upkeep
|
|t:|1661493465
|switch|p1a: Tyranitar|Tyranitar, F|100/100
|-weather|Sandstorm|[from] ability: Sand Stream|[of] p1a: Tyranitar
|turn|21
|
|t:|1661493470
|-start|p1a: Tyranitar|Dynamax|
|-heal|p1a: Tyranitar|100/100|[silent]
|move|p2a: Yveltal|Max Darkness|p1a: Tyranitar
|-resisted|p1a: Tyranitar
|-damage|p1a: Tyranitar|88/100
|-unboost|p1a: Tyranitar|spd|1
|-damage|p2a: Yveltal|76/100|[from] item: Life Orb
|move|p1a: Tyranitar|Max Rockfall|p2a: Yveltal
|-supereffective|p2a: Yveltal
|-damage|p2a: Yveltal|17/100
|
|-weather|Sandstorm|[upkeep]
|-damage|p2a: Yveltal|14/100|[from] Sandstorm
|-heal|p1a: Tyranitar|91/100|[from] item: Leftovers
|upkeep
|-end|p2a: Yveltal|Dynamax
|-heal|p2a: Yveltal|14/100|[silent]
|turn|22
|
|t:|1661493476
|switch|p2a: Chansey|Chansey, F|94/100
|move|p1a: Tyranitar|Max Darkness|p2a: Chansey
|-damage|p2a: Chansey|63/100
|-unboost|p2a: Chansey|spd|1
|
|-weather|Sandstorm|[upkeep]
|-damage|p2a: Chansey|57/100|[from] Sandstorm
|-heal|p1a: Tyranitar|94/100|[from] item: Leftovers
|upkeep
|turn|23
|
|t:|1661493479
|move|p1a: Tyranitar|Max Rockfall|p2a: Chansey
|-damage|p2a: Chansey|13/100
|move|p2a: Chansey|Toxic|p1a: Tyranitar
|-status|p1a: Tyranitar|tox
|
|-weather|Sandstorm|[upkeep]
|-damage|p2a: Chansey|7/100|[from] Sandstorm
|-heal|p1a: Tyranitar|97/100 tox|[from] item: Leftovers
|-damage|p1a: Tyranitar|94/100 tox|[from] psn
|upkeep
|-end|p1a: Tyranitar|Dynamax
|-heal|p1a: Tyranitar|94/100 tox|[silent]
|turn|24
|
|t:|1661493483
|move|p1a: Tyranitar|Pursuit|p2a: Chansey
|-damage|p2a: Chansey|0 fnt
|faint|p2a: Chansey
|
|-weather|Sandstorm|[upkeep]
|-heal|p1a: Tyranitar|100/100 tox|[from] item: Leftovers
|-damage|p1a: Tyranitar|88/100 tox|[from] psn
|upkeep
|
|t:|1661493485
|switch|p2a: Zacian|Zacian-Crowned|84/100
|-ability|p2a: Zacian|Intrepid Sword|boost
|-boost|p2a: Zacian|atk|1
|turn|25
|
|t:|1661493491
|switch|p1a: Zygarde|Zygarde|100/100
|move|p2a: Zacian|Close Combat|p1a: Zygarde
|-damage|p1a: Zygarde|58/100
|-unboost|p2a: Zacian|def|1
|-unboost|p2a: Zacian|spd|1
|
|-weather|none
|-heal|p1a: Zygarde|64/100|[from] item: Leftovers
|upkeep
|turn|26
|
|t:|1661493495
|switch|p2a: Yveltal|Yveltal|14/100
|-ability|p2a: Yveltal|Dark Aura
|move|p1a: Zygarde|Thousand Arrows|p2a: Yveltal
|-damage|p2a: Yveltal|0 fnt
|faint|p2a: Yveltal
|
|-heal|p1a: Zygarde|70/100|[from] item: Leftovers
|upkeep
|
|t:|1661493498
|switch|p2a: Ho-Oh|Ho-Oh|100/100
|turn|27
|
|t:|1661493502
|move|p1a: Zygarde|Glare|p2a: Ho-Oh
|-status|p2a: Ho-Oh|par
|cant|p2a: Ho-Oh|par
|
|-heal|p1a: Zygarde|77/100|[from] item: Leftovers
|upkeep
|turn|28
|
|t:|1661493504
|switch|p1a: Tyranitar|Tyranitar, F|88/100 tox
|-weather|Sandstorm|[from] ability: Sand Stream|[of] p1a: Tyranitar
|cant|p2a: Ho-Oh|par
|
|-weather|Sandstorm|[upkeep]
|-damage|p2a: Ho-Oh|94/100 par|[from] Sandstorm
|-heal|p1a: Tyranitar|94/100 tox|[from] item: Leftovers
|-damage|p1a: Tyranitar|88/100 tox|[from] psn
|upkeep
|turn|29
|
|t:|1661493509
|switch|p1a: Necrozma|Necrozma-Dusk-Mane|100/100
|switch|p2a: Zacian|Zacian-Crowned|84/100
|-ability|p2a: Zacian|Intrepid Sword|boost
|-boost|p2a: Zacian|atk|1
|
|-weather|Sandstorm|[upkeep]
|upkeep
|turn|30
|
|t:|1661493516
|switch|p2a: Ho-Oh|Ho-Oh|100/100 par
|move|p1a: Necrozma|Sunsteel Strike|p2a: Ho-Oh
|-resisted|p2a: Ho-Oh
|-damage|p2a: Ho-Oh|84/100 par
|
|-weather|Sandstorm|[upkeep]
|-damage|p2a: Ho-Oh|78/100 par|[from] Sandstorm
|upkeep
|turn|31
|
|t:|1661493520
|move|p1a: Necrozma|Knock Off|p2a: Ho-Oh
|-damage|p2a: Ho-Oh|56/100 par
|-enditem|p2a: Ho-Oh|Heavy-Duty Boots|[from] move: Knock Off|[of] p1a: Necrozma
|move|p2a: Ho-Oh|Sacred Fire|p1a: Necrozma
|-supereffective|p1a: Necrozma
|-damage|p1a: Necrozma|67/100
|-status|p1a: Necrozma|brn
|
|-weather|Sandstorm|[upkeep]
|-damage|p2a: Ho-Oh|50/100 par|[from] Sandstorm
|-damage|p1a: Necrozma|61/100 brn|[from] brn
|upkeep
|turn|32
|
|t:|1661493526
|move|p1a: Necrozma|Morning Sun|p1a: Necrozma
|-heal|p1a: Necrozma|85/100 brn
|cant|p2a: Ho-Oh|par
|
|-weather|none
|-damage|p1a: Necrozma|79/100 brn|[from] brn
|upkeep
|turn|33
|
|t:|1661493530
|switch|p1a: Chansey|Chansey, F|100/100
|switch|p2a: Zacian|Zacian-Crowned|84/100
|-ability|p2a: Zacian|Intrepid Sword|boost
|-boost|p2a: Zacian|atk|1
|
|upkeep
|turn|34
|
|t:|1661493534
|switch|p1a: Zygarde|Zygarde|77/100
|move|p2a: Zacian|Close Combat|p1a: Zygarde
|-damage|p1a: Zygarde|37/100
|-unboost|p2a: Zacian|def|1
|-unboost|p2a: Zacian|spd|1
|
|-heal|p1a: Zygarde|44/100|[from] item: Leftovers
|-activate|p1a: Zygarde|ability: Power Construct
|detailschange|p1a: Zygarde|Zygarde-Complete
|-heal|p1a: Zygarde|63/100|[silent]
|upkeep
|turn|35
|
|t:|1661493537
|switch|p2a: Ho-Oh|Ho-Oh|84/100 par
|move|p1a: Zygarde|Coil|p1a: Zygarde
|-boost|p1a: Zygarde|atk|1
|-boost|p1a: Zygarde|def|1
|-boost|p1a: Zygarde|accuracy|1
|
|-heal|p1a: Zygarde|69/100|[from] item: Leftovers
|upkeep
|turn|36
|
|t:|1661493539
|move|p1a: Zygarde|Thousand Arrows|p2a: Ho-Oh
|-damage|p2a: Ho-Oh|51/100 par
|-start|p2a: Ho-Oh|Smack Down
|cant|p2a: Ho-Oh|par
|
|-heal|p1a: Zygarde|75/100|[from] item: Leftovers
|upkeep
|turn|37
|
|t:|1661493542
|move|p1a: Zygarde|Thousand Arrows|p2a: Ho-Oh
|-supereffective|p2a: Ho-Oh
|-damage|p2a: Ho-Oh|0 fnt
|faint|p2a: Ho-Oh
|
|-heal|p1a: Zygarde|81/100|[from] item: Leftovers
|upkeep
|
|t:|1661493544
|switch|p2a: Zacian|Zacian-Crowned|84/100
|-ability|p2a: Zacian|Intrepid Sword|boost
|-boost|p2a: Zacian|atk|1
|turn|38
|
|t:|1661493545
|move|p2a: Zacian|Close Combat|p1a: Zygarde
|-damage|p1a: Zygarde|63/100
|-unboost|p2a: Zacian|def|1
|-unboost|p2a: Zacian|spd|1
|move|p1a: Zygarde|Thousand Arrows|p2a: Zacian
|-supereffective|p2a: Zacian
|-damage|p2a: Zacian|0 fnt
|faint|p2a: Zacian
|
|win|Lance's Time
|n|☆Lance's Time|lancestime
|n|☆LKJKUHJYHGFDSASDFG|lkjkuhjyhgfdsasdfg
|n| Daeva Ashura|daevaashura
|n| DomacVuk|domacvuk
