|j|☆NykterStein
|j|☆DECLANO196
|t:|1665198875
|gametype|singles
|player|p1|NykterStein|lady|1591
|player|p2|DECLANO196|169|1694
|teamsize|p1|6
|teamsize|p2|6
|gen|8
|tier|[Gen 8] National Dex AG
|rated|
|rule|HP Percentage Mod: HP is shown in percentages
|rule|Endless Battle Clause: Forcing endless battles is banned
|clearpoke
|poke|p1|Rayquaza|
|poke|p1|Ho-Oh|
|poke|p1|Necrozma-Dusk-Mane|
|poke|p1|Arceus-*|
|poke|p1|Groudon|
|poke|p1|Lunala|
|poke|p2|Marshadow|
|poke|p2|Ho-Oh|
|poke|p2|Lugia|
|poke|p2|Yveltal|
|poke|p2|Chansey, F|
|poke|p2|Ditto|
|teampreview
|inactive|Battle timer is ON: inactive players will automatically lose when time's up. (requested by NykterStein)
|
|t:|1665198885
|start
|switch|p1a: Groudon|Groudon|100/100
|switch|p2a: Lugia|Lugia|100/100
|detailschange|p1a: Groudon|Groudon-Primal
|-primal|p1a: Groudon
|-weather|DesolateLand|[from] ability: Desolate Land|[of] p1a: Groudon
|turn|1
|
|t:|1665198895
|move|p2a: Lugia|Reflect|p2a: Lugia
|-sidestart|p2: DECLANO196|Reflect
|move|p1a: Groudon|Toxic|p2a: Lugia|[miss]
|-miss|p1a: Groudon|p2a: Lugia
|
|-weather|DesolateLand|[upkeep]
|upkeep
|turn|2
|
|t:|1665198900
|move|p2a: Lugia|Toxic|p1a: Groudon
|-status|p1a: Groudon|tox
|move|p1a: Groudon|Toxic|p2a: Lugia
|-status|p2a: Lugia|tox
|
|-weather|DesolateLand|[upkeep]
|-damage|p2a: Lugia|94/100 tox|[from] psn
|-damage|p1a: Groudon|94/100 tox|[from] psn
|upkeep
|turn|3
|
|t:|1665198907
|move|p2a: Lugia|Roost|p2a: Lugia
|-heal|p2a: Lugia|100/100 tox
|-singleturn|p2a: Lugia|move: Roost
|move|p1a: Groudon|Stealth Rock|p2a: Lugia
|-sidestart|p2: DECLANO196|move: Stealth Rock
|
|-weather|DesolateLand|[upkeep]
|-damage|p2a: Lugia|88/100 tox|[from] psn
|-damage|p1a: Groudon|82/100 tox|[from] psn
|upkeep
|turn|4
|
|t:|1665198915
|move|p2a: Lugia|Roost|p2a: Lugia
|-heal|p2a: Lugia|100/100 tox
|-singleturn|p2a: Lugia|move: Roost
|move|p1a: Groudon|Dragon Tail|p2a: Lugia
|-damage|p2a: Lugia|98/100 tox
|drag|p2a: Marshadow|Marshadow|100/100
|-damage|p2a: Marshadow|94/100|[from] Stealth Rock
|
|-weather|DesolateLand|[upkeep]
|-damage|p1a: Groudon|63/100 tox|[from] psn
|upkeep
|turn|5
|
|t:|1665198925
|switch|p2a: Lugia|Lugia|98/100 tox
|move|p1a: Groudon|Toxic|p2a: Lugia|[miss]
|-miss|p1a: Groudon|p2a: Lugia
|
|-weather|DesolateLand|[upkeep]
|-damage|p2a: Lugia|91/100 tox|[from] psn
|-damage|p1a: Groudon|38/100 tox|[from] psn
|-sideend|p2: DECLANO196|Reflect
|upkeep
|turn|6
|
|t:|1665198932
|move|p2a: Lugia|Defog|p1a: Groudon
|-unboost|p1a: Groudon|evasion|1
|-sideend|p2: DECLANO196|Stealth Rock|[from] move: Defog|[of] p2a: Lugia
|move|p1a: Groudon|Dragon Tail|p2a: Lugia
|-damage|p2a: Lugia|79/100 tox
|drag|p2a: Marshadow|Marshadow|94/100
|
|-weather|DesolateLand|[upkeep]
|-damage|p1a: Groudon|7/100 tox|[from] psn
|upkeep
|turn|7
|
|t:|1665198941
|move|p2a: Marshadow|Shadow Sneak|p1a: Groudon
|-damage|p1a: Groudon|0 fnt
|faint|p1a: Groudon
|-weather|none
|
|upkeep
|
|t:|1665198946
|switch|p1a: Arceus|Arceus-Fairy|100/100
|turn|8
|
|t:|1665198949
|switch|p2a: Chansey|Chansey, F|100/100
|move|p1a: Arceus|Judgment|p2a: Chansey
|-damage|p2a: Chansey|89/100
|
|upkeep
|turn|9
|
|t:|1665198956
|switch|p1a: Necrozma|Necrozma-Dusk-Mane|100/100
|move|p2a: Chansey|Heal Bell|p2a: Chansey
|-activate|p2a: Chansey|move: Heal Bell
|-curestatus|p2: Lugia|tox|[msg]
|
|upkeep
|turn|10
|
|t:|1665198963
|switch|p2a: Ho-Oh|Ho-Oh|100/100
|move|p1a: Necrozma|Swords Dance|p1a: Necrozma
|-boost|p1a: Necrozma|atk|2
|
|upkeep
|turn|11
|
|t:|1665198971
|move|p2a: Ho-Oh|Sacred Fire|p1a: Necrozma
|-supereffective|p1a: Necrozma
|-damage|p1a: Necrozma|56/100
|-status|p1a: Necrozma|brn
|move|p1a: Necrozma|Stone Edge|p2a: Ho-Oh
|-supereffective|p2a: Ho-Oh
|-damage|p2a: Ho-Oh|2/100
|
|-damage|p1a: Necrozma|50/100 brn|[from] brn
|upkeep
|turn|12
|
|t:|1665198982
|switch|p2a: Lugia|Lugia|79/100
|move|p1a: Necrozma|Sunsteel Strike|p2a: Lugia
|-damage|p2a: Lugia|52/100
|
|-damage|p1a: Necrozma|44/100 brn|[from] brn
|upkeep
|turn|13
|
|t:|1665198991
|move|p2a: Lugia|Roost|p2a: Lugia
|-heal|p2a: Lugia|100/100
|-singleturn|p2a: Lugia|move: Roost
|-zpower|p1a: Necrozma
|move|p1a: Necrozma|Searing Sunraze Smash|p2a: Lugia|[zeffect]
|-damage|p2a: Lugia|47/100
|
|-damage|p1a: Necrozma|38/100 brn|[from] brn
|upkeep
|turn|14
|
|t:|1665199007
|move|p2a: Lugia|Reflect|p2a: Lugia
|-sidestart|p2: DECLANO196|Reflect
|move|p1a: Necrozma|Stone Edge|p2a: Lugia
|-supereffective|p2a: Lugia
|-damage|p2a: Lugia|28/100
|
|-damage|p1a: Necrozma|32/100 brn|[from] brn
|upkeep
|turn|15
|
|t:|1665199014
|move|p2a: Lugia|Roost|p2a: Lugia
|-heal|p2a: Lugia|78/100
|-singleturn|p2a: Lugia|move: Roost
|move|p1a: Necrozma|Stone Edge|p2a: Lugia|[miss]
|-miss|p1a: Necrozma|p2a: Lugia
|
|-damage|p1a: Necrozma|26/100 brn|[from] brn
|upkeep
|turn|16
|
|t:|1665199022
|move|p2a: Lugia|Roost|p2a: Lugia
|-heal|p2a: Lugia|100/100
|-singleturn|p2a: Lugia|move: Roost
|move|p1a: Necrozma|Stone Edge|p2a: Lugia
|-damage|p2a: Lugia|96/100
|
|-damage|p1a: Necrozma|20/100 brn|[from] brn
|upkeep
|turn|17
|
|t:|1665199030
|move|p2a: Lugia|Toxic||[still]
|-fail|p2a: Lugia
|move|p1a: Necrozma|Morning Sun|p1a: Necrozma
|-heal|p1a: Necrozma|70/100 brn
|
|-damage|p1a: Necrozma|64/100 brn|[from] brn
|upkeep
|turn|18
|
|t:|1665199037
|move|p2a: Lugia|Roost|p2a: Lugia
|-heal|p2a: Lugia|100/100
|-singleturn|p2a: Lugia|move: Roost
|move|p1a: Necrozma|Morning Sun|p1a: Necrozma
|-heal|p1a: Necrozma|100/100 brn
|
|-damage|p1a: Necrozma|94/100 brn|[from] brn
|-sideend|p2: DECLANO196|Reflect
|upkeep
|turn|19
|
|t:|1665199045
|move|p2a: Lugia|Reflect|p2a: Lugia
|-sidestart|p2: DECLANO196|Reflect
|move|p1a: Necrozma|Swords Dance|p1a: Necrozma
|-boost|p1a: Necrozma|atk|2
|
|-damage|p1a: Necrozma|88/100 brn|[from] brn
|upkeep
|turn|20
|
|t:|1665199052
|switch|p2a: Marshadow|Marshadow|94/100
|move|p1a: Necrozma|Swords Dance|p1a: Necrozma
|-boost|p1a: Necrozma|atk|2
|
|-damage|p1a: Necrozma|82/100 brn|[from] brn
|upkeep
|turn|21
|
|t:|1665199059
|switch|p1a: Ho-Oh|Ho-Oh, shiny|100/100
|move|p2a: Marshadow|Spectral Thief|p1a: Ho-Oh
|-damage|p1a: Ho-Oh|71/100
|
|upkeep
|turn|22
|
|t:|1665199069
|switch|p2a: Ho-Oh|Ho-Oh|35/100
|switch|p1a: Arceus|Arceus-Fairy|100/100
|
|upkeep
|turn|23
|
|t:|1665199076
|switch|p1a: Necrozma|Necrozma-Dusk-Mane|82/100 brn
|move|p2a: Ho-Oh|Roost|p2a: Ho-Oh
|-heal|p2a: Ho-Oh|85/100
|-singleturn|p2a: Ho-Oh|move: Roost
|
|-damage|p1a: Necrozma|76/100 brn|[from] brn
|-sideend|p2: DECLANO196|Reflect
|upkeep
|turn|24
|
|t:|1665199086
|move|p2a: Ho-Oh|Earthquake|p1a: Necrozma
|-supereffective|p1a: Necrozma
|-damage|p1a: Necrozma|44/100 brn
|move|p1a: Necrozma|Stone Edge|p2a: Ho-Oh
|-supereffective|p2a: Ho-Oh
|-damage|p2a: Ho-Oh|29/100
|
|-damage|p1a: Necrozma|38/100 brn|[from] brn
|upkeep
|turn|25
|
|t:|1665199095
|move|p2a: Ho-Oh|Sacred Fire|p1a: Necrozma
|-supereffective|p1a: Necrozma
|-damage|p1a: Necrozma|0 fnt
|faint|p1a: Necrozma
|
|upkeep
|
|t:|1665199104
|switch|p1a: Rayquaza|Rayquaza|100/100
|-ability|p1a: Rayquaza|Air Lock
|turn|26
|
|t:|1665199112
|switch|p2a: Ditto|Ditto|100/100
|-transform|p2a: Ditto|p1a: Rayquaza|[from] ability: Imposter
|detailschange|p1a: Rayquaza|Rayquaza-Mega
|-mega|p1a: Rayquaza|Rayquaza|
|-weather|DeltaStream|[from] ability: Delta Stream|[of] p1a: Rayquaza
|move|p1a: Rayquaza|Surf|p2a: Ditto
|-resisted|p2a: Ditto
|-crit|p2a: Ditto
|-damage|p2a: Ditto|55/100
|
|-weather|DeltaStream|[upkeep]
|upkeep
|turn|27
|
|t:|1665199125
|-weather|none
|switch|p1a: Arceus|Arceus-Fairy|100/100
|move|p2a: Ditto|Draco Meteor|p1a: Arceus
|-immune|p1a: Arceus
|
|upkeep
|turn|28
|
|t:|1665199133
|switch|p2a: Ho-Oh|Ho-Oh|63/100
|move|p1a: Arceus|Toxic|p2a: Ho-Oh
|-status|p2a: Ho-Oh|tox
|
|-damage|p2a: Ho-Oh|56/100 tox|[from] psn
|upkeep
|turn|29
|
|t:|1665199144
|switch|p1a: Rayquaza|Rayquaza-Mega|100/100
|-weather|DeltaStream|[from] ability: Delta Stream|[of] p1a: Rayquaza
|switch|p2a: Chansey|Chansey, F|89/100
|
|-weather|DeltaStream|[upkeep]
|upkeep
|turn|30
|
|t:|1665199158
|switch|p2a: Ditto|Ditto|55/100
|-transform|p2a: Ditto|p1a: Rayquaza|[from] ability: Imposter
|move|p1a: Rayquaza|Dragon Ascent|p2a: Ditto
|-damage|p2a: Ditto|0 fnt
|-unboost|p1a: Rayquaza|def|1
|-unboost|p1a: Rayquaza|spd|1
|faint|p2a: Ditto
|
|-weather|DeltaStream|[upkeep]
|upkeep
|
|t:|1665199167
|switch|p2a: Yveltal|Yveltal|100/100
|-ability|p2a: Yveltal|Dark Aura
|turn|31
|
|t:|1665199174
|-weather|none
|switch|p1a: Arceus|Arceus-Fairy|100/100
|-start|p2a: Yveltal|Dynamax|
|-heal|p2a: Yveltal|100/100|[silent]
|move|p2a: Yveltal|Max Airstream|p1a: Arceus
|-damage|p1a: Arceus|50/100
|-boost|p2a: Yveltal|spe|1
|
|upkeep
|turn|32
|
|t:|1665199184
|-start|p1a: Arceus|Dynamax|
|-heal|p1a: Arceus|50/100|[silent]
|move|p2a: Yveltal|Max Ooze|p1a: Arceus
|-supereffective|p1a: Arceus
|-damage|p1a: Arceus|25/100
|-boost|p2a: Yveltal|spa|1
|move|p1a: Arceus|Max Starfall|p2a: Yveltal
|-supereffective|p2a: Yveltal
|-damage|p2a: Yveltal|63/100
|-fieldstart|move: Misty Terrain
|
|upkeep
|turn|33
|
|t:|1665199196
|move|p2a: Yveltal|Max Ooze|p1a: Arceus
|-supereffective|p1a: Arceus
|-damage|p1a: Arceus|0 fnt
|-boost|p2a: Yveltal|spa|1
|faint|p1a: Arceus
|
|upkeep
|
|t:|1665199205
|switch|p1a: Lunala|Lunala|100/100
|-end|p2a: Yveltal|Dynamax
|-heal|p2a: Yveltal|63/100|[silent]
|turn|34
|
|t:|1665199209
|move|p2a: Yveltal|Dark Pulse|p1a: Lunala
|-supereffective|p1a: Lunala
|-damage|p1a: Lunala|0 fnt
|faint|p1a: Lunala
|
|upkeep
|-message|NykterStein forfeited.
|
|win|DECLANO196
|raw|NykterStein's rating: 1591 &rarr; <strong>1577</strong><br />(-14 for losing)
|raw|DECLANO196's rating: 1694 &rarr; <strong>1708</strong><br />(+14 for winning)
|l|☆NykterStein
