|j|☆Blake-Mamba
|j|☆Better Alone
|t:|1655252566
|gametype|singles
|player|p1|Blake-Mamba|guitarist|1592
|player|p2|Better Alone|swimmerf-gen4|1586
|teamsize|p1|6
|teamsize|p2|6
|gen|8
|tier|[Gen 8] National Dex AG
|rated|
|rule|HP Percentage Mod: HP is shown in percentages
|rule|Endless Battle Clause: Forcing endless battles is banned
|clearpoke
|poke|p1|Dugtrio, F|
|poke|p1|Eevee, F|
|poke|p1|Mew|
|poke|p1|Krookodile, M|
|poke|p1|Ribombee, F|
|poke|p1|Calyrex-Shadow|
|poke|p2|Calyrex-Shadow|
|poke|p2|Zacian-*|
|poke|p2|Groudon|
|poke|p2|Ho-Oh|
|poke|p2|Diancie|
|poke|p2|Murkrow, F|
|teampreview
|
|t:|1655252569
|start
|switch|p1a: Martyr|Dugtrio, F|100/100
|switch|p2a: Diancie|Diancie|100/100
|turn|1
|
|t:|1655252577
|detailschange|p2a: Diancie|Diancie-Mega
|-mega|p2a: Diancie|Diancie|Diancite
|move|p1a: Martyr|Earthquake|p2a: Diancie
|-supereffective|p2a: Diancie
|-crit|p2a: Diancie
|-damage|p2a: Diancie|0 fnt
|faint|p2a: Diancie
|
|upkeep
|
|t:|1655252583
|switch|p2a: Calyrex|Calyrex-Shadow|100/100
|-ability|p2a: Calyrex|As One
|-ability|p2a: Calyrex|Unnerve
|turn|2
|
|t:|1655252589
|move|p2a: Calyrex|Energy Ball|p1a: Martyr
|-supereffective|p1a: Martyr
|-enditem|p1a: Martyr|Focus Sash
|-damage|p1a: Martyr|1/100
|move|p1a: Martyr|Stealth Rock|p2a: Calyrex
|-sidestart|p2: Better Alone|move: Stealth Rock
|
|upkeep
|turn|3
|
|t:|1655252596
|move|p1a: Martyr|Sucker Punch|p2a: Calyrex
|-supereffective|p2a: Calyrex
|-enditem|p2a: Calyrex|Focus Sash
|-damage|p2a: Calyrex|1/100
|move|p2a: Calyrex|Energy Ball|p1a: Martyr
|-supereffective|p1a: Martyr
|-damage|p1a: Martyr|0 fnt
|faint|p1a: Martyr
|-ability|p2a: Calyrex|Grim Neigh|boost
|-boost|p2a: Calyrex|spa|1
|
|upkeep
|
|t:|1655252607
|switch|p1a: Sweet pea|Ribombee, F, shiny|100/100
|turn|4
|
|t:|1655252616
|move|p2a: Calyrex|Tri Attack|p1a: Sweet pea
|-damage|p1a: Sweet pea|31/100
|move|p1a: Sweet pea|Tailwind|p1a: Sweet pea
|-sidestart|p1: Blake-Mamba|move: Tailwind
|
|upkeep
|turn|5
|
|t:|1655252622
|move|p1a: Sweet pea|Sticky Web|p2a: Calyrex
|-sidestart|p2: Better Alone|move: Sticky Web
|move|p2a: Calyrex|Tri Attack|p1a: Sweet pea
|-damage|p1a: Sweet pea|0 fnt
|faint|p1a: Sweet pea
|-ability|p2a: Calyrex|Grim Neigh|boost
|-boost|p2a: Calyrex|spa|1
|
|upkeep
|
|t:|1655252641
|switch|p1a: Calyrex|Calyrex-Shadow|100/100
|-ability|p1a: Calyrex|As One
|-ability|p1a: Calyrex|Unnerve
|turn|6
|
|t:|1655252648
|move|p1a: Calyrex|Astral Barrage|p2a: Calyrex
|-supereffective|p2a: Calyrex
|-damage|p2a: Calyrex|0 fnt
|faint|p2a: Calyrex
|-ability|p1a: Calyrex|Grim Neigh|boost
|-boost|p1a: Calyrex|spa|1
|-damage|p1a: Calyrex|91/100|[from] item: Life Orb
|
|upkeep
|
|t:|1655252652
|switch|p2a: Murkrow|Murkrow, F|100/100
|-damage|p2a: Murkrow|75/100|[from] Stealth Rock
|turn|7
|
|t:|1655252659
|move|p2a: Murkrow|Defog|p1a: Calyrex
|-unboost|p1a: Calyrex|evasion|1
|-sideend|p2: Better Alone|Stealth Rock|[from] move: Defog|[of] p2a: Murkrow
|-sideend|p2: Better Alone|Sticky Web|[from] move: Defog|[of] p2a: Murkrow
|move|p1a: Calyrex|Draining Kiss|p2a: Murkrow
|-supereffective|p2a: Murkrow
|-damage|p2a: Murkrow|0 fnt
|-heal|p1a: Calyrex|100/100|[from] drain|[of] p2a: Murkrow
|faint|p2a: Murkrow
|-ability|p1a: Calyrex|Grim Neigh|boost
|-boost|p1a: Calyrex|spa|1
|-damage|p1a: Calyrex|91/100|[from] item: Life Orb
|
|-sideend|p1: Blake-Mamba|move: Tailwind
|upkeep
|
|t:|1655252667
|switch|p2a: Ho-Oh|Ho-Oh|100/100
|turn|8
|
|t:|1655252677
|-start|p2a: Ho-Oh|Dynamax|
|-heal|p2a: Ho-Oh|100/100|[silent]
|move|p1a: Calyrex|Astral Barrage|p2a: Ho-Oh
|-crit|p2a: Ho-Oh
|-damage|p2a: Ho-Oh|53/100
|-damage|p1a: Calyrex|81/100|[from] item: Life Orb
|move|p2a: Ho-Oh|Max Airstream|p1a: Calyrex
|-damage|p1a: Calyrex|2/100
|-boost|p2a: Ho-Oh|spe|1
|
|upkeep
|turn|9
|
|t:|1655252691
|move|p1a: Calyrex|Astral Barrage|p2a: Ho-Oh
|-damage|p2a: Ho-Oh|20/100
|-damage|p1a: Calyrex|0 fnt|[from] item: Life Orb
|faint|p1a: Calyrex
|move|p2a: Ho-Oh|Max Airstream|p1: Calyrex|[notarget]
|-fail|p2a: Ho-Oh
|
|upkeep
|inactive|Battle timer is ON: inactive players will automatically lose when time's up. (requested by Better Alone)
|
|t:|1655252701
|switch|p1a: Steve|Krookodile, M|100/100
|turn|10
|
|t:|1655252704
|-start|p1a: Steve|Dynamax|
|-heal|p1a: Steve|100/100|[silent]
|move|p2a: Ho-Oh|Max Flare|p1a: Steve
|-damage|p1a: Steve|65/100
|-weather|SunnyDay
|move|p1a: Steve|Max Airstream|p2a: Ho-Oh
|-damage|p2a: Ho-Oh|2/100
|-boost|p1a: Steve|spe|1
|
|-weather|SunnyDay|[upkeep]
|upkeep
|-end|p2a: Ho-Oh|Dynamax
|-heal|p2a: Ho-Oh|2/100|[silent]
|turn|11
|
|t:|1655252720
|move|p1a: Steve|Max Airstream|p2a: Ho-Oh
|-damage|p2a: Ho-Oh|0 fnt
|-boost|p1a: Steve|spe|1
|faint|p2a: Ho-Oh
|-ability|p1a: Steve|Moxie|boost
|-boost|p1a: Steve|atk|1
|
|-weather|SunnyDay|[upkeep]
|upkeep
|
|t:|1655252722
|switch|p2a: Groudon|Groudon|100/100
|detailschange|p2a: Groudon|Groudon-Primal
|-primal|p2a: Groudon
|-weather|DesolateLand|[from] ability: Desolate Land|[of] p2a: Groudon
|turn|12
|
|t:|1655252733
|move|p1a: Steve|Max Quake|p2a: Groudon
|-supereffective|p2a: Groudon
|-damage|p2a: Groudon|0 fnt
|-boost|p1a: Steve|spd|1
|faint|p2a: Groudon
|-weather|none
|-ability|p1a: Steve|Moxie|boost
|-boost|p1a: Steve|atk|1
|
|upkeep
|
|t:|1655252737
|switch|p2a: Zacian|Zacian-Crowned|100/100
|-ability|p2a: Zacian|Intrepid Sword|boost
|-boost|p2a: Zacian|atk|1
|-end|p1a: Steve|Dynamax
|-heal|p1a: Steve|65/100|[silent]
|turn|13
|
|t:|1655252746
|move|p1a: Steve|Earthquake|p2a: Zacian
|-supereffective|p2a: Zacian
|-damage|p2a: Zacian|0 fnt
|faint|p2a: Zacian
|
|win|Blake-Mamba
|raw|Blake-Mamba's rating: 1592 &rarr; <strong>1612</strong><br />(+20 for winning)
|raw|Better Alone's rating: 1586 &rarr; <strong>1566</strong><br />(-20 for losing)
|c|☆Blake-Mamba|Gg
|l|☆Better Alone
