|j|☆Mori Jin Kato
|j|☆ExciveMaster
|t:|1659035950
|gametype|singles
|player|p1|Mori Jin Kato|red|1488
|player|p2|ExciveMaster|misty|1588
|teamsize|p1|6
|teamsize|p2|6
|gen|8
|tier|[Gen 8] National Dex AG
|rated|
|rule|HP Percentage Mod: HP is shown in percentages
|rule|Endless Battle Clause: Forcing endless battles is banned
|clearpoke
|poke|p1|Zacian-*|
|poke|p1|Calyrex-Shadow|
|poke|p1|Dragonite, F|
|poke|p1|Regieleki|
|poke|p1|Ditto|
|poke|p1|Mewtwo|
|poke|p2|Yveltal|
|poke|p2|Ferrothorn, F|
|poke|p2|Diancie|
|poke|p2|Regieleki|
|poke|p2|Arceus-*|
|poke|p2|Smeargle, M|
|teampreview
|
|t:|1659035990
|start
|switch|p1a: Yeoui|Dragonite, F|100/100
|switch|p2a: Arceus|Arceus|100/100
|turn|1
|c|☆Mori Jin Kato|switch to smeargle
|c|☆Mori Jin Kato|spore me
|c|☆Mori Jin Kato|whata re you doing
|c|☆Mori Jin Kato|lol
|
|t:|1659036019
|move|p2a: Arceus|Extreme Speed|p1a: Yeoui
|-damage|p1a: Yeoui|80/100
|move|p1a: Yeoui|Dragon Dance|p1a: Yeoui
|-boost|p1a: Yeoui|atk|1
|-boost|p1a: Yeoui|spe|1
|
|upkeep
|turn|2
|
|t:|1659036043
|move|p2a: Arceus|Extreme Speed|p1a: Yeoui
|-damage|p1a: Yeoui|44/100
|move|p1a: Yeoui|Roost|p1a: Yeoui
|-heal|p1a: Yeoui|94/100
|-singleturn|p1a: Yeoui|move: Roost
|
|upkeep
|turn|3
|c|☆ExciveMaster|Smergle?
|inactive|Battle timer is ON: inactive players will automatically lose when time's up. (requested by Mori Jin Kato)
|
|t:|1659036061
|switch|p2a: Ferrothorn|Ferrothorn, F|100/100
|move|p1a: Yeoui|Roost|p1a: Yeoui
|-heal|p1a: Yeoui|100/100
|-singleturn|p1a: Yeoui|move: Roost
|
|upkeep
|turn|4
|c|☆ExciveMaster|Okey
|c|☆Mori Jin Kato|here il let u switch
|
|t:|1659036073
|move|p1a: Yeoui|Dragon Dance|p1a: Yeoui
|-boost|p1a: Yeoui|atk|1
|-boost|p1a: Yeoui|spe|1
|move|p2a: Ferrothorn|Gyro Ball|p1a: Yeoui
|-damage|p1a: Yeoui|67/100
|
|upkeep
|turn|5
|c|☆Mori Jin Kato|thats not smeargle
|c|☆Mori Jin Kato|lol im trying to help u
|c|☆Mori Jin Kato|play better lmao
|c|☆Mori Jin Kato|no worries carry on
|
|t:|1659036099
|switch|p2a: Smeargle|Smeargle, M|100/100
|move|p1a: Yeoui|Roost|p1a: Yeoui
|-heal|p1a: Yeoui|100/100
|-singleturn|p1a: Yeoui|move: Roost
|
|-ability|p2a: Smeargle|Moody|boost
|-boost|p2a: Smeargle|spa|2
|-unboost|p2a: Smeargle|spd|1
|upkeep
|turn|6
|c|☆Mori Jin Kato|there ya go
|c|☆Mori Jin Kato|now spore me
|
|t:|1659036108
|switch|p2a: Ferrothorn|Ferrothorn, F|100/100
|move|p1a: Yeoui|Dual Wingbeat|p2a: Ferrothorn
|-damage|p2a: Ferrothorn|69/100
|-damage|p1a: Yeoui|88/100|[from] ability: Iron Barbs|[of] p2a: Ferrothorn
|-damage|p1a: Yeoui|71/100|[from] item: Rocky Helmet|[of] p2a: Ferrothorn
|-damage|p2a: Ferrothorn|40/100
|-damage|p1a: Yeoui|59/100|[from] ability: Iron Barbs|[of] p2a: Ferrothorn
|-damage|p1a: Yeoui|42/100|[from] item: Rocky Helmet|[of] p2a: Ferrothorn
|-hitcount|p2a: Ferrothorn|2
|
|upkeep
|turn|7
|c|☆Mori Jin Kato|almost had ya
|c|☆ExciveMaster|Xd
|c|☆Mori Jin Kato|hehe ;)
|
|t:|1659036122
|-start|p1a: Yeoui|Dynamax|
|-heal|p1a: Yeoui|42/100|[silent]
|move|p1a: Yeoui|Max Quake|p2a: Ferrothorn
|-damage|p2a: Ferrothorn|0 fnt
|-boost|p1a: Yeoui|spd|1
|faint|p2a: Ferrothorn
|
|upkeep
|c|☆ExciveMaster|now yes xd
|
|t:|1659036134
|switch|p2a: Smeargle|Smeargle, M|100/100
|turn|8
|c|☆Mori Jin Kato|darn u... now i cant break ur sash
|c|☆Mori Jin Kato|hehe we both knew
|c|☆Mori Jin Kato|what we were after here
|inactive|Mori Jin Kato has 120 seconds left.
|c|☆Mori Jin Kato|lmaoo i love it xD
|
|t:|1659036163
|move|p1a: Yeoui|Max Airstream|p2a: Smeargle
|-enditem|p2a: Smeargle|Focus Sash
|-damage|p2a: Smeargle|1/100
|-boost|p1a: Yeoui|spe|1
|move|p2a: Smeargle|Spore|p1a: Yeoui
|-status|p1a: Yeoui|slp|[from] move: Spore
|
|-ability|p2a: Smeargle|Moody|boost
|-boost|p2a: Smeargle|spe|2
|-unboost|p2a: Smeargle|def|1
|upkeep
|turn|9
|c|☆Mori Jin Kato|curses
|inactive|Mori Jin Kato has 120 seconds left.
|
|t:|1659036179
|cant|p1a: Yeoui|slp
|move|p2a: Smeargle|Haze|p2a: Smeargle
|-clearallboost
|
|-ability|p2a: Smeargle|Moody|boost
|-boost|p2a: Smeargle|spe|2
|-unboost|p2a: Smeargle|atk|1
|upkeep
|-end|p1a: Yeoui|Dynamax
|-heal|p1a: Yeoui|42/100 slp|[silent]
|turn|10
|inactive|Mori Jin Kato has 120 seconds left.
|
|t:|1659036188
|move|p2a: Smeargle|Sticky Web|p1a: Yeoui
|-sidestart|p1: Mori Jin Kato|move: Sticky Web
|cant|p1a: Yeoui|slp
|
|-ability|p2a: Smeargle|Moody|boost
|-boost|p2a: Smeargle|spa|2
|-unboost|p2a: Smeargle|atk|1
|upkeep
|turn|11
|
|t:|1659036196
|move|p2a: Smeargle|Memento|p1a: Yeoui
|-unboost|p1a: Yeoui|atk|2
|-unboost|p1a: Yeoui|spa|2
|faint|p2a: Smeargle
|-curestatus|p1a: Yeoui|slp|[msg]
|move|p1a: Yeoui|Earthquake|p2: Smeargle|[notarget]
|-fail|p1a: Yeoui
|
|upkeep
|
|t:|1659036198
|switch|p2a: Diancie|Diancie|100/100
|turn|12
|
|t:|1659036210
|detailschange|p2a: Diancie|Diancie-Mega
|-mega|p2a: Diancie|Diancie|Diancite
|move|p2a: Diancie|Moonblast|p1a: Yeoui
|-supereffective|p1a: Yeoui
|-damage|p1a: Yeoui|0 fnt
|faint|p1a: Yeoui
|
|upkeep
|inactive|Mori Jin Kato has 120 seconds left.
|c|☆Mori Jin Kato|oh nooo the sticky web
|c|☆Mori Jin Kato|will wreck me
|
|t:|1659036233
|switch|p1a: Zacian|Zacian-Crowned|100/100
|-activate|p1a: Zacian|move: Sticky Web
|-unboost|p1a: Zacian|spe|1
|-ability|p1a: Zacian|Intrepid Sword|boost
|-boost|p1a: Zacian|atk|1
|turn|13
|c|☆Mori Jin Kato|yolo
|
|t:|1659036241
|move|p2a: Diancie|Earth Power|p1a: Zacian
|-supereffective|p1a: Zacian
|-damage|p1a: Zacian|27/100
|-unboost|p1a: Zacian|spd|1
|move|p1a: Zacian|Behemoth Blade|p2a: Diancie
|-supereffective|p2a: Diancie
|-damage|p2a: Diancie|0 fnt
|faint|p2a: Diancie
|
|upkeep
|
|t:|1659036244
|switch|p2a: Regieleki|Regieleki|100/100
|turn|14
|c|☆Mori Jin Kato|YESSS
|c|☆Mori Jin Kato|strong dog
|
|t:|1659036251
|move|p2a: Regieleki|Rising Voltage|p1a: Zacian
|-damage|p1a: Zacian|0 fnt
|faint|p1a: Zacian
|
|upkeep
|c|☆Mori Jin Kato|omg i keep forgetting to add a move on someone lol
|inactive|Mori Jin Kato has 120 seconds left.
|
|t:|1659036278
|switch|p1a: Mewtwo|Mewtwo|100/100
|-ability|p1a: Mewtwo|Unnerve
|-activate|p1a: Mewtwo|move: Sticky Web
|-unboost|p1a: Mewtwo|spe|1
|turn|15
|inactive|Mori Jin Kato has 120 seconds left.
|
|t:|1659036286
|move|p2a: Regieleki|Volt Switch|p1a: Mewtwo
|-damage|p1a: Mewtwo|40/100
|
|t:|1659036288
|switch|p2a: Arceus|Arceus|100/100|[from]move: Volt Switch
|move|p1a: Mewtwo|Psychic|p2a: Arceus
|-damage|p2a: Arceus|66/100
|
|upkeep
|turn|16
|
|t:|1659036294
|move|p2a: Arceus|Extreme Speed|p1a: Mewtwo
|-damage|p1a: Mewtwo|0 fnt
|faint|p1a: Mewtwo
|
|upkeep
|inactive|Mori Jin Kato has 120 seconds left.
|
|t:|1659036320
|switch|p1a: Seventh Owner|Ditto|100/100
|-activate|p1a: Seventh Owner|move: Sticky Web
|-unboost|p1a: Seventh Owner|spe|1
|-transform|p1a: Seventh Owner|p2a: Arceus|[from] ability: Imposter
|turn|17
|
|t:|1659036333
|move|p1a: Seventh Owner|Extreme Speed|p2a: Arceus
|-damage|p2a: Arceus|36/100
|move|p2a: Arceus|Extreme Speed|p1a: Seventh Owner
|-damage|p1a: Seventh Owner|51/100
|
|upkeep
|turn|18
|
|t:|1659036339
|move|p1a: Seventh Owner|Extreme Speed|p2a: Arceus
|-damage|p2a: Arceus|5/100
|move|p2a: Arceus|Extreme Speed|p1a: Seventh Owner
|-damage|p1a: Seventh Owner|5/100
|
|upkeep
|turn|19
|inactive|Mori Jin Kato has 120 seconds left.
|
|t:|1659036345
|move|p1a: Seventh Owner|Extreme Speed|p2a: Arceus
|-damage|p2a: Arceus|0 fnt
|faint|p2a: Arceus
|
|upkeep
|
|t:|1659036351
|switch|p2a: Regieleki|Regieleki|100/100
|turn|20
|
|t:|1659036359
|move|p1a: Seventh Owner|Extreme Speed|p2a: Regieleki
|-damage|p2a: Regieleki|15/100
|move|p2a: Regieleki|Volt Switch|p1a: Seventh Owner
|-damage|p1a: Seventh Owner|0 fnt
|faint|p1a: Seventh Owner
|
|t:|1659036362
|switch|p2a: Yveltal|Yveltal|100/100|[from]move: Volt Switch
|-ability|p2a: Yveltal|Dark Aura
|
|upkeep
|
|t:|1659036369
|switch|p1a: Gwendouwin|Regieleki|100/100
|-activate|p1a: Gwendouwin|move: Sticky Web
|-unboost|p1a: Gwendouwin|spe|1
|turn|21
|
|t:|1659036373
|-start|p2a: Yveltal|Dynamax|
|-heal|p2a: Yveltal|100/100|[silent]
|move|p1a: Gwendouwin|Wild Charge|p2a: Yveltal
|-supereffective|p2a: Yveltal
|-damage|p2a: Yveltal|40/100
|-enditem|p2a: Yveltal|Weakness Policy
|-boost|p2a: Yveltal|atk|2|[from] item: Weakness Policy
|-boost|p2a: Yveltal|spa|2|[from] item: Weakness Policy
|-damage|p1a: Gwendouwin|61/100|[from] Recoil
|move|p2a: Yveltal|Max Airstream|p1a: Gwendouwin
|-resisted|p1a: Gwendouwin
|-damage|p1a: Gwendouwin|0 fnt
|-boost|p2a: Yveltal|spe|1
|faint|p1a: Gwendouwin
|
|upkeep
|c|☆Mori Jin Kato|gg u won haha
|c|☆ExciveMaster|Gg xd
|c|☆Mori Jin Kato|IF I HAD DRAINING KISS
|c|☆Mori Jin Kato|lmao on my other team
|c|☆Mori Jin Kato|maybe not
|c|☆Mori Jin Kato|lmaoooo
|c|☆Mori Jin Kato|deffff not
|c|☆Mori Jin Kato|lol next time
|inactive|Mori Jin Kato has 120 seconds left.
|-message|Mori Jin Kato forfeited.
|
|win|ExciveMaster
|raw|Mori Jin Kato's rating: 1488 &rarr; <strong>1474</strong><br />(-14 for losing)
|raw|ExciveMaster's rating: 1588 &rarr; <strong>1602</strong><br />(+14 for winning)
|l|☆Mori Jin Kato
||Ladder isn't responding, score probably updated but might not have (Request timeout).
