|j|☆Alfeza03
|j|☆Lord Rekkuza
|t:|1666988606
|gametype|singles
|player|p1|Alfeza03|266|1605
|player|p2|Lord Rekkuza|lance-lgpe|1770
|teamsize|p1|6
|teamsize|p2|6
|gen|8
|tier|[Gen 8] National Dex AG
|rated|
|rule|HP Percentage Mod: HP is shown in percentages
|rule|Endless Battle Clause: Forcing endless battles is banned
|clearpoke
|poke|p1|Urshifu-*, F|
|poke|p1|Garchomp, F|
|poke|p1|Slowking-Galar, M|
|poke|p1|Yveltal|
|poke|p1|Weezing-Galar, M|
|poke|p1|Toxapex, F|
|poke|p2|Necrozma-Dusk-Mane|
|poke|p2|Zygarde|
|poke|p2|Eternatus|
|poke|p2|Arceus-*|
|poke|p2|Yveltal|
|poke|p2|Chansey, F|
|teampreview
|inactive|Battle timer is ON: inactive players will automatically lose when time's up. (requested by Lord Rekkuza)
|
|t:|1666988620
|start
|switch|p1a: Yveltal|Yveltal|100/100
|switch|p2a: Eternatus|Eternatus|100/100
|-ability|p1a: Yveltal|Dark Aura
|-ability|p2a: Eternatus|Pressure
|turn|1
|
|t:|1666988629
|move|p1a: Yveltal|Knock Off|p2a: Eternatus
|-damage|p2a: Eternatus|52/100
|-enditem|p2a: Eternatus|Black Sludge|[from] move: Knock Off|[of] p1a: Yveltal
|move|p2a: Eternatus|Toxic|p1a: Yveltal
|-status|p1a: Yveltal|tox
|
|-damage|p1a: Yveltal|94/100 tox|[from] psn
|upkeep
|turn|2
|j| BuckfromGothamCity
|
|t:|1666988638
|move|p1a: Yveltal|U-turn|p2a: Eternatus
|-resisted|p2a: Eternatus
|-damage|p2a: Eternatus|43/100
|
|t:|1666988642
|switch|p1a: Slowking|Slowking-Galar, M|100/100|[from]move: U-turn
|move|p2a: Eternatus|Recover|p2a: Eternatus
|-heal|p2a: Eternatus|93/100
|
|upkeep
|turn|3
|
|t:|1666988650
|move|p2a: Eternatus|Mystical Fire|p1a: Slowking
|-damage|p1a: Slowking|88/100
|-unboost|p1a: Slowking|spa|1
|move|p1a: Slowking|Future Sight|p2a: Eternatus
|-start|p1a: Slowking|move: Future Sight
|
|upkeep
|turn|4
|
|t:|1666988659
|switch|p1a: Urshifu|Urshifu, F|100/100
|move|p2a: Eternatus|Toxic Spikes|p1a: Urshifu
|-sidestart|p1: Alfeza03|move: Toxic Spikes
|
|upkeep
|turn|5
|
|t:|1666988671
|switch|p2a: Yveltal|Yveltal, shiny|100/100
|-ability|p2a: Yveltal|Dark Aura
|move|p1a: Urshifu|Wicked Blow|p2a: Yveltal
|-resisted|p2a: Yveltal
|-crit|p2a: Yveltal
|-damage|p2a: Yveltal|54/100
|
|-end|p2a: Yveltal|move: Future Sight
|-immune|p2a: Yveltal
|upkeep
|turn|6
|
|t:|1666988682
|switch|p1a: Toxapex|Toxapex, F|100/100
|-sideend|p1: Alfeza03|move: Toxic Spikes|[of] p1a: Toxapex
|move|p2a: Yveltal|Roost|p2a: Yveltal
|-heal|p2a: Yveltal|100/100
|-singleturn|p2a: Yveltal|move: Roost
|
|upkeep
|turn|7
|
|t:|1666988693
|switch|p1a: Weezing|Weezing-Galar, M|100/100
|move|p2a: Yveltal|Knock Off|p1a: Weezing
|-resisted|p1a: Weezing
|-crit|p1a: Weezing
|-damage|p1a: Weezing|69/100
|-enditem|p1a: Weezing|Black Sludge|[from] move: Knock Off|[of] p2a: Yveltal
|
|upkeep
|turn|8
|
|t:|1666988707
|switch|p2a: Zygarde|Zygarde, shiny|100/100
|move|p1a: Weezing|Pain Split|p2a: Zygarde
|-sethp|p2a: Zygarde|78/100|[from] move: Pain Split|[silent]
|-sethp|p1a: Weezing|98/100|[from] move: Pain Split
|
|upkeep
|turn|9
|
|t:|1666988715
|move|p2a: Zygarde|Thousand Arrows|p1a: Weezing
|-supereffective|p1a: Weezing
|-damage|p1a: Weezing|55/100
|-start|p1a: Weezing|Smack Down
|move|p1a: Weezing|Will-O-Wisp|p2a: Zygarde
|-status|p2a: Zygarde|brn
|
|-damage|p2a: Zygarde|71/100 brn|[from] brn
|upkeep
|turn|10
|
|t:|1666988725
|move|p2a: Zygarde|Thousand Arrows|p1a: Weezing
|-supereffective|p1a: Weezing
|-damage|p1a: Weezing|32/100
|move|p1a: Weezing|Aromatherapy|p1a: Weezing
|-activate|p1a: Weezing|move: Aromatherapy
|-curestatus|p1: Yveltal|tox|[msg]
|
|-damage|p2a: Zygarde|65/100 brn|[from] brn
|upkeep
|turn|11
|
|t:|1666988736
|move|p2a: Zygarde|Thousand Arrows|p1a: Weezing
|-supereffective|p1a: Weezing
|-damage|p1a: Weezing|8/100
|move|p1a: Weezing|Pain Split|p2a: Zygarde
|-sethp|p2a: Zygarde|36/100 brn|[from] move: Pain Split|[silent]
|-sethp|p1a: Weezing|45/100|[from] move: Pain Split
|
|-damage|p2a: Zygarde|30/100 brn|[from] brn
|-activate|p2a: Zygarde|ability: Power Construct
|detailschange|p2a: Zygarde|Zygarde-Complete, shiny
|-heal|p2a: Zygarde|54/100 brn|[silent]
|upkeep
|turn|12
|
|t:|1666988753
|switch|p1a: Urshifu|Urshifu, F|100/100
|move|p2a: Zygarde|Rest|p2a: Zygarde
|-status|p2a: Zygarde|slp|[from] move: Rest
|-heal|p2a: Zygarde|100/100 slp|[silent]
|
|upkeep
|turn|13
|
|t:|1666988761
|switch|p2a: Arceus|Arceus-Fairy|100/100
|move|p1a: Urshifu|Wicked Blow|p2a: Arceus
|-resisted|p2a: Arceus
|-crit|p2a: Arceus
|-damage|p2a: Arceus|76/100
|
|upkeep
|turn|14
|
|t:|1666988769
|switch|p1a: Slowking|Slowking-Galar, M|100/100
|move|p2a: Arceus|Judgment|p1a: Slowking
|-resisted|p1a: Slowking
|-damage|p1a: Slowking|88/100
|
|upkeep
|turn|15
|
|t:|1666988779
|switch|p2a: Yveltal|Yveltal, shiny|100/100
|-ability|p2a: Yveltal|Dark Aura
|move|p1a: Slowking|Sludge Wave|p2a: Yveltal
|-damage|p2a: Yveltal|75/100
|
|upkeep
|turn|16
|
|t:|1666988790
|switch|p1a: Toxapex|Toxapex, F|100/100
|move|p2a: Yveltal|Knock Off|p1a: Toxapex
|-damage|p1a: Toxapex|56/100
|-enditem|p1a: Toxapex|Leftovers|[from] move: Knock Off|[of] p2a: Yveltal
|
|upkeep
|turn|17
|
|t:|1666988800
|switch|p2a: Necrozma|Necrozma-Dusk-Mane|100/100
|move|p1a: Toxapex|Scald|p2a: Necrozma
|-damage|p2a: Necrozma|87/100
|-status|p2a: Necrozma|brn
|
|-damage|p2a: Necrozma|81/100 brn|[from] brn
|upkeep
|turn|18
|
|t:|1666988811
|switch|p1a: Urshifu|Urshifu, F|100/100
|move|p2a: Necrozma|Stealth Rock|p1a: Urshifu
|-sidestart|p1: Alfeza03|move: Stealth Rock
|
|-damage|p2a: Necrozma|75/100 brn|[from] brn
|upkeep
|turn|19
|
|t:|1666988822
|switch|p2a: Arceus|Arceus-Fairy|76/100
|move|p1a: Urshifu|Wicked Blow|p2a: Arceus
|-resisted|p2a: Arceus
|-crit|p2a: Arceus
|-damage|p2a: Arceus|55/100
|
|upkeep
|turn|20
|
|t:|1666988830
|switch|p1a: Slowking|Slowking-Galar, M|100/100
|-damage|p1a: Slowking|88/100|[from] Stealth Rock
|move|p2a: Arceus|Recover|p2a: Arceus
|-heal|p2a: Arceus|100/100
|
|upkeep
|turn|21
|
|t:|1666988838
|switch|p2a: Chansey|Chansey, F|100/100
|move|p1a: Slowking|Ice Beam|p2a: Chansey
|-damage|p2a: Chansey|92/100
|
|upkeep
|turn|22
|
|t:|1666988845
|switch|p1a: Garchomp|Garchomp, F|100/100
|-damage|p1a: Garchomp|94/100|[from] Stealth Rock
|move|p2a: Chansey|Aromatherapy|p2a: Chansey
|-activate|p2a: Chansey|move: Aromatherapy
|-curestatus|p2: Necrozma|brn|[msg]
|-curestatus|p2: Zygarde|slp|[msg]
|
|upkeep
|turn|23
|
|t:|1666988855
|switch|p2a: Arceus|Arceus-Fairy|100/100
|move|p1a: Garchomp|Stealth Rock|p2a: Arceus
|-sidestart|p2: Lord Rekkuza|move: Stealth Rock
|
|upkeep
|turn|24
|
|t:|1666988862
|switch|p1a: Slowking|Slowking-Galar, M|100/100
|-damage|p1a: Slowking|88/100|[from] Stealth Rock
|move|p2a: Arceus|Will-O-Wisp|p1a: Slowking|[miss]
|-miss|p2a: Arceus|p1a: Slowking
|
|upkeep
|turn|25
|
|t:|1666988869
|move|p2a: Arceus|Will-O-Wisp|p1a: Slowking
|-status|p1a: Slowking|brn
|move|p1a: Slowking|Future Sight|p2a: Arceus
|-start|p1a: Slowking|move: Future Sight
|
|-damage|p1a: Slowking|82/100 brn|[from] brn
|upkeep
|turn|26
|
|t:|1666988880
|switch|p2a: Necrozma|Necrozma-Dusk-Mane|75/100
|-damage|p2a: Necrozma|69/100|[from] Stealth Rock
|switch|p1a: Toxapex|Toxapex, F|89/100
|-damage|p1a: Toxapex|77/100|[from] Stealth Rock
|
|upkeep
|turn|27
|
|t:|1666988889
|move|p2a: Necrozma|Moonlight|p2a: Necrozma
|-heal|p2a: Necrozma|100/100
|move|p1a: Toxapex|Scald|p2a: Necrozma
|-damage|p2a: Necrozma|87/100
|-status|p2a: Necrozma|brn
|
|-end|p2a: Necrozma|move: Future Sight
|-resisted|p2a: Necrozma
|-damage|p2a: Necrozma|74/100 brn
|-damage|p2a: Necrozma|68/100 brn|[from] brn
|upkeep
|turn|28
|
|t:|1666988905
|switch|p2a: Eternatus|Eternatus|93/100
|-damage|p2a: Eternatus|80/100|[from] Stealth Rock
|-ability|p2a: Eternatus|Pressure
|switch|p1a: Garchomp|Garchomp, F|94/100
|-damage|p1a: Garchomp|88/100|[from] Stealth Rock
|
|upkeep
|turn|29
|
|t:|1666988915
|switch|p2a: Arceus|Arceus-Fairy|100/100
|-damage|p2a: Arceus|88/100|[from] Stealth Rock
|move|p1a: Garchomp|Stone Edge|p2a: Arceus
|-damage|p2a: Arceus|70/100
|
|upkeep
|turn|30
|
|t:|1666988925
|switch|p1a: Slowking|Slowking-Galar, M|100/100 brn
|-damage|p1a: Slowking|88/100 brn|[from] Stealth Rock
|move|p2a: Arceus|Recover|p2a: Arceus
|-heal|p2a: Arceus|100/100
|
|-damage|p1a: Slowking|82/100 brn|[from] brn
|upkeep
|turn|31
|j| luisYR_a
|
|t:|1666988937
|move|p2a: Arceus|Defog|p1a: Slowking
|-unboost|p1a: Slowking|evasion|1
|-sideend|p1: Alfeza03|Stealth Rock|[from] move: Defog|[of] p2a: Arceus
|-sideend|p2: Lord Rekkuza|Stealth Rock|[from] move: Defog|[of] p2a: Arceus
|move|p1a: Slowking|Future Sight|p2a: Arceus
|-start|p1a: Slowking|move: Future Sight
|
|-damage|p1a: Slowking|76/100 brn|[from] brn
|upkeep
|turn|32
|
|t:|1666988956
|switch|p2a: Necrozma|Necrozma-Dusk-Mane|68/100 brn
|switch|p1a: Toxapex|Toxapex, F|100/100
|
|-damage|p2a: Necrozma|62/100 brn|[from] brn
|upkeep
|turn|33
|l| luisYR_a
|
|t:|1666988965
|switch|p1a: Yveltal|Yveltal|94/100
|-ability|p1a: Yveltal|Dark Aura
|move|p2a: Necrozma|Stealth Rock|p1a: Yveltal
|-sidestart|p1: Alfeza03|move: Stealth Rock
|
|-end|p2a: Necrozma|move: Future Sight
|-resisted|p2a: Necrozma
|-damage|p2a: Necrozma|50/100 brn
|-damage|p2a: Necrozma|44/100 brn|[from] brn
|upkeep
|turn|34
|j| luisYR_a
|l| luisYR_a
|
|t:|1666988979
|switch|p2a: Arceus|Arceus-Fairy|100/100
|move|p1a: Yveltal|U-turn|p2a: Arceus
|-resisted|p2a: Arceus
|-damage|p2a: Arceus|95/100
|
|t:|1666988986
|switch|p1a: Slowking|Slowking-Galar, M|100/100 brn|[from]move: U-turn
|-damage|p1a: Slowking|88/100 brn|[from] Stealth Rock
|
|-damage|p1a: Slowking|82/100 brn|[from] brn
|upkeep
|turn|35
|
|t:|1666988998
|switch|p2a: Eternatus|Eternatus|80/100
|-ability|p2a: Eternatus|Pressure
|move|p1a: Slowking|Future Sight|p2a: Eternatus
|-start|p1a: Slowking|move: Future Sight
|
|-damage|p1a: Slowking|76/100 brn|[from] brn
|upkeep
|turn|36
|
|t:|1666989007
|move|p2a: Eternatus|Toxic||[still]
|-fail|p2a: Eternatus
|move|p1a: Slowking|Ice Beam|p2a: Eternatus
|-supereffective|p2a: Eternatus
|-damage|p2a: Eternatus|49/100
|
|-damage|p1a: Slowking|70/100 brn|[from] brn
|upkeep
|turn|37
|
|t:|1666989017
|move|p2a: Eternatus|Recover|p2a: Eternatus
|-heal|p2a: Eternatus|99/100
|move|p1a: Slowking|Ice Beam|p2a: Eternatus
|-supereffective|p2a: Eternatus
|-damage|p2a: Eternatus|64/100
|
|-end|p2a: Eternatus|move: Future Sight
|-supereffective|p2a: Eternatus
|-damage|p2a: Eternatus|0 fnt
|faint|p2a: Eternatus
|-damage|p1a: Slowking|64/100 brn|[from] brn
|upkeep
|
|t:|1666989029
|switch|p2a: Zygarde|Zygarde-Complete, shiny|100/100
|turn|38
|
|t:|1666989038
|switch|p1a: Garchomp|Garchomp, F|88/100
|-damage|p1a: Garchomp|82/100|[from] Stealth Rock
|move|p2a: Zygarde|Thousand Arrows|p1a: Garchomp
|-damage|p1a: Garchomp|53/100
|
|upkeep
|turn|39
|
|t:|1666989047
|switch|p2a: Arceus|Arceus-Fairy|95/100
|move|p1a: Garchomp|Earthquake|p2a: Arceus
|-damage|p2a: Arceus|70/100
|
|upkeep
|turn|40
|
|t:|1666989061
|switch|p1a: Slowking|Slowking-Galar, M|97/100 brn
|-damage|p1a: Slowking|84/100 brn|[from] Stealth Rock
|move|p2a: Arceus|Judgment|p1a: Slowking
|-resisted|p1a: Slowking
|-crit|p1a: Slowking
|-damage|p1a: Slowking|66/100 brn
|
|-damage|p1a: Slowking|60/100 brn|[from] brn
|upkeep
|turn|41
|
|t:|1666989072
|switch|p2a: Yveltal|Yveltal, shiny|75/100
|-ability|p2a: Yveltal|Dark Aura
|move|p1a: Slowking|Future Sight|p2a: Yveltal
|-start|p1a: Slowking|move: Future Sight
|
|-damage|p1a: Slowking|54/100 brn|[from] brn
|upkeep
|turn|42
|
|t:|1666989081
|switch|p1a: Toxapex|Toxapex, F|100/100
|-damage|p1a: Toxapex|88/100|[from] Stealth Rock
|move|p2a: Yveltal|Knock Off|p1a: Toxapex
|-damage|p1a: Toxapex|60/100
|
|upkeep
|turn|43
|
|t:|1666989090
|move|p2a: Yveltal|Knock Off|p1a: Toxapex
|-damage|p1a: Toxapex|33/100
|move|p1a: Toxapex|Scald|p2a: Yveltal
|-damage|p2a: Yveltal|66/100
|
|-end|p2a: Yveltal|move: Future Sight
|-immune|p2a: Yveltal
|upkeep
|turn|44
|
|t:|1666989099
|move|p2a: Yveltal|Knock Off|p1a: Toxapex
|-damage|p1a: Toxapex|3/100
|move|p1a: Toxapex|Recover|p1a: Toxapex
|-heal|p1a: Toxapex|53/100
|
|upkeep
|turn|45
|
|t:|1666989109
|move|p2a: Yveltal|Roost|p2a: Yveltal
|-heal|p2a: Yveltal|100/100
|-singleturn|p2a: Yveltal|move: Roost
|move|p1a: Toxapex|Toxic|p2a: Yveltal
|-status|p2a: Yveltal|tox
|
|-damage|p2a: Yveltal|94/100 tox|[from] psn
|upkeep
|turn|46
|
|t:|1666989119
|switch|p2a: Zygarde|Zygarde-Complete, shiny|100/100
|switch|p1a: Urshifu|Urshifu, F|100/100
|-damage|p1a: Urshifu|94/100|[from] Stealth Rock
|
|upkeep
|turn|47
|
|t:|1666989126
|switch|p2a: Arceus|Arceus-Fairy|70/100
|move|p1a: Urshifu|Wicked Blow|p2a: Arceus
|-resisted|p2a: Arceus
|-crit|p2a: Arceus
|-damage|p2a: Arceus|46/100
|
|upkeep
|turn|48
|
|t:|1666989137
|switch|p1a: Weezing|Weezing-Galar, M|45/100
|-damage|p1a: Weezing|33/100|[from] Stealth Rock
|move|p2a: Arceus|Recover|p2a: Arceus
|-heal|p2a: Arceus|96/100
|
|upkeep
|turn|49
|
|t:|1666989147
|switch|p2a: Zygarde|Zygarde-Complete, shiny|100/100
|move|p1a: Weezing|Pain Split|p2a: Zygarde
|-sethp|p2a: Zygarde|59/100|[from] move: Pain Split|[silent]
|-sethp|p1a: Weezing|100/100|[from] move: Pain Split
|
|upkeep
|turn|50
|
|t:|1666989155
|move|p2a: Zygarde|Glare|p1a: Weezing
|-status|p1a: Weezing|par
|cant|p1a: Weezing|par
|
|upkeep
|turn|51
|
|t:|1666989161
|move|p2a: Zygarde|Thousand Arrows|p1a: Weezing
|-supereffective|p1a: Weezing
|-damage|p1a: Weezing|57/100 par
|-start|p1a: Weezing|Smack Down
|move|p1a: Weezing|Will-O-Wisp|p2a: Zygarde|[miss]
|-miss|p1a: Weezing|p2a: Zygarde
|
|upkeep
|turn|52
|
|t:|1666989170
|move|p2a: Zygarde|Thousand Arrows|p1a: Weezing
|-supereffective|p1a: Weezing
|-damage|p1a: Weezing|15/100 par
|move|p1a: Weezing|Will-O-Wisp|p2a: Zygarde
|-status|p2a: Zygarde|brn
|
|-damage|p2a: Zygarde|53/100 brn|[from] brn
|upkeep
|turn|53
|
|t:|1666989182
|switch|p1a: Urshifu|Urshifu, F|94/100
|-damage|p1a: Urshifu|88/100|[from] Stealth Rock
|move|p2a: Zygarde|Thousand Arrows|p1a: Urshifu
|-damage|p1a: Urshifu|73/100
|
|-damage|p2a: Zygarde|47/100 brn|[from] brn
|upkeep
|turn|54
|
|t:|1666989194
|switch|p2a: Arceus|Arceus-Fairy|96/100
|move|p1a: Urshifu|Poison Jab|p2a: Arceus
|-supereffective|p2a: Arceus
|-damage|p2a: Arceus|53/100
|
|upkeep
|turn|55
|
|t:|1666989204
|switch|p1a: Weezing|Weezing-Galar, M|15/100 par
|-damage|p1a: Weezing|2/100 par|[from] Stealth Rock
|move|p2a: Arceus|Judgment|p1a: Weezing
|-resisted|p1a: Weezing
|-damage|p1a: Weezing|0 fnt
|faint|p1a: Weezing
|
|upkeep
|inactive|Alfeza03 has 120 seconds left.
|
|t:|1666989229
|switch|p1a: Slowking|Slowking-Galar, M|88/100 brn
|-damage|p1a: Slowking|75/100 brn|[from] Stealth Rock
|turn|56
|
|t:|1666989234
|switch|p1a: Urshifu|Urshifu, F|73/100
|-damage|p1a: Urshifu|66/100|[from] Stealth Rock
|move|p2a: Arceus|Recover|p2a: Arceus
|-heal|p2a: Arceus|100/100
|
|upkeep
|turn|57
|
|t:|1666989244
|switch|p1a: Toxapex|Toxapex, F|86/100
|-damage|p1a: Toxapex|74/100|[from] Stealth Rock
|move|p2a: Arceus|Judgment|p1a: Toxapex
|-resisted|p1a: Toxapex
|-damage|p1a: Toxapex|58/100
|
|upkeep
|turn|58
|
|t:|1666989252
|switch|p2a: Chansey|Chansey, F|92/100
|move|p1a: Toxapex|Toxic|p2a: Chansey
|-status|p2a: Chansey|tox
|
|-damage|p2a: Chansey|86/100 tox|[from] psn
|upkeep
|turn|59
|
|t:|1666989263
|switch|p1a: Urshifu|Urshifu, F|66/100
|-damage|p1a: Urshifu|60/100|[from] Stealth Rock
|move|p2a: Chansey|Aromatherapy|p2a: Chansey
|-activate|p2a: Chansey|move: Aromatherapy
|-curestatus|p2a: Chansey|tox|[msg]
|-curestatus|p2: Yveltal|tox|[msg]
|-curestatus|p2: Zygarde|brn|[msg]
|-curestatus|p2: Necrozma|brn|[msg]
|
|upkeep
|turn|60
|l|☆Alfeza03
|inactive|Alfeza03 disconnected and has a minute to reconnect!
|player|p1|
|j|☆Alfeza03
|inactive|Alfeza03 reconnected and has 140 seconds left.
|player|p1|Alfeza03|266
|c|☆Alfeza03|You really need to stall with ubers?
|inactive|Alfeza03 has 120 seconds left.
|
|t:|1666989307
|switch|p2a: Arceus|Arceus-Fairy|100/100
|move|p1a: Urshifu|Wicked Blow|p2a: Arceus
|-resisted|p2a: Arceus
|-crit|p2a: Arceus
|-damage|p2a: Arceus|79/100
|
|upkeep
|turn|61
|
|t:|1666989316
|switch|p1a: Toxapex|Toxapex, F|92/100
|-damage|p1a: Toxapex|79/100|[from] Stealth Rock
|move|p2a: Arceus|Judgment|p1a: Toxapex
|-resisted|p1a: Toxapex
|-damage|p1a: Toxapex|65/100
|
|upkeep
|turn|62
|inactive|Alfeza03 has 120 seconds left.
|
|t:|1666989325
|switch|p2a: Zygarde|Zygarde-Complete, shiny|47/100
|switch|p1a: Slowking|Slowking-Galar, M|100/100 brn
|-damage|p1a: Slowking|88/100 brn|[from] Stealth Rock
|
|-damage|p1a: Slowking|82/100 brn|[from] brn
|upkeep
|turn|63
|inactive|Alfeza03 has 120 seconds left.
|
|t:|1666989336
|switch|p2a: Necrozma|Necrozma-Dusk-Mane|44/100
|switch|p1a: Garchomp|Garchomp, F|53/100
|-damage|p1a: Garchomp|47/100|[from] Stealth Rock
|
|upkeep
|turn|64
|
|t:|1666989347
|move|p1a: Garchomp|Earthquake|p2a: Necrozma
|-supereffective|p2a: Necrozma
|-damage|p2a: Necrozma|2/100
|move|p2a: Necrozma|Sunsteel Strike|p1a: Garchomp
|-damage|p1a: Garchomp|0 fnt
|-damage|p2a: Necrozma|0 fnt|[from] ability: Rough Skin|[of] p1a: Garchomp
|faint|p1a: Garchomp
|faint|p2a: Necrozma
|
|upkeep
|
|t:|1666989360
|switch|p1a: Yveltal|Yveltal|94/100
|switch|p2a: Zygarde|Zygarde-Complete, shiny|47/100
|-ability|p1a: Yveltal|Dark Aura
|turn|65
|
|t:|1666989369
|move|p1a: Yveltal|Knock Off|p2a: Zygarde
|-damage|p2a: Zygarde|21/100
|-enditem|p2a: Zygarde|Safety Goggles|[from] move: Knock Off|[of] p1a: Yveltal
|move|p2a: Zygarde|Thousand Arrows|p1a: Yveltal
|-damage|p1a: Yveltal|64/100
|-start|p1a: Yveltal|Smack Down
|
|upkeep
|turn|66
|j| AngelitoD
|
|t:|1666989378
|move|p1a: Yveltal|Knock Off|p2a: Zygarde
|-damage|p2a: Zygarde|6/100
|move|p2a: Zygarde|Rest|p2a: Zygarde
|-status|p2a: Zygarde|slp|[from] move: Rest
|-heal|p2a: Zygarde|100/100 slp|[silent]
|
|upkeep
|turn|67
|
|t:|1666989391
|switch|p1a: Slowking|Slowking-Galar, M|100/100 brn
|-damage|p1a: Slowking|88/100 brn|[from] Stealth Rock
|cant|p2a: Zygarde|slp
|
|-damage|p1a: Slowking|82/100 brn|[from] brn
|upkeep
|turn|68
|
|t:|1666989400
|switch|p2a: Chansey|Chansey, F|86/100
|move|p1a: Slowking|Ice Beam|p2a: Chansey
|-damage|p2a: Chansey|75/100
|-status|p2a: Chansey|frz
|
|-damage|p1a: Slowking|76/100 brn|[from] brn
|upkeep
|turn|69
|
|t:|1666989422
|switch|p1a: Yveltal|Yveltal|64/100
|-ability|p1a: Yveltal|Dark Aura
|cant|p2a: Chansey|frz
|
|upkeep
|turn|70
|j| luisYR_a
|
|t:|1666989429
|-curestatus|p2a: Chansey|frz|[from] ability: Natural Cure
|switch|p2a: Yveltal|Yveltal, shiny|94/100
|-ability|p2a: Yveltal|Dark Aura
|move|p1a: Yveltal|Defog|p2a: Yveltal
|-unboost|p2a: Yveltal|evasion|1
|-sideend|p1: Alfeza03|Stealth Rock|[from] move: Defog|[of] p1a: Yveltal
|
|upkeep
|turn|71
|l| luisYR_a
|
|t:|1666989442
|move|p1a: Yveltal|Knock Off|p2a: Yveltal
|-resisted|p2a: Yveltal
|-damage|p2a: Yveltal|69/100
|-enditem|p2a: Yveltal|Heavy-Duty Boots|[from] move: Knock Off|[of] p1a: Yveltal
|move|p2a: Yveltal|Knock Off|p1a: Yveltal
|-resisted|p1a: Yveltal
|-damage|p1a: Yveltal|37/100
|-enditem|p1a: Yveltal|Heavy-Duty Boots|[from] move: Knock Off|[of] p2a: Yveltal
|
|upkeep
|turn|72
|
|t:|1666989452
|move|p1a: Yveltal|Roost|p1a: Yveltal
|-heal|p1a: Yveltal|87/100
|-singleturn|p1a: Yveltal|move: Roost
|move|p2a: Yveltal|Knock Off|p1a: Yveltal
|-resisted|p1a: Yveltal
|-damage|p1a: Yveltal|70/100
|
|upkeep
|turn|73
|
|t:|1666989461
|move|p1a: Yveltal|U-turn|p2a: Yveltal
|-damage|p2a: Yveltal|51/100
|
|t:|1666989466
|switch|p1a: Toxapex|Toxapex, F|98/100|[from]move: U-turn
|move|p2a: Yveltal|Roost|p2a: Yveltal
|-heal|p2a: Yveltal|100/100
|-singleturn|p2a: Yveltal|move: Roost
|
|upkeep
|turn|74
|
|t:|1666989477
|switch|p2a: Zygarde|Zygarde-Complete, shiny|100/100 slp
|switch|p1a: Slowking|Slowking-Galar, M|100/100 brn
|
|-damage|p1a: Slowking|94/100 brn|[from] brn
|upkeep
|turn|75
|
|t:|1666989497
|switch|p2a: Chansey|Chansey, F|75/100
|move|p1a: Slowking|Ice Beam|p2a: Chansey
|-crit|p2a: Chansey
|-damage|p2a: Chansey|62/100
|
|-damage|p1a: Slowking|88/100 brn|[from] brn
|upkeep
|turn|76
|
|t:|1666989508
|switch|p1a: Urshifu|Urshifu, F|60/100
|move|p2a: Chansey|Toxic|p1a: Urshifu
|-status|p1a: Urshifu|tox
|
|-damage|p1a: Urshifu|54/100 tox|[from] psn
|upkeep
|turn|77
|
|t:|1666989518
|switch|p1a: Slowking|Slowking-Galar, M|100/100 brn
|switch|p2a: Zygarde|Zygarde-Complete, shiny|100/100 slp
|
|-damage|p1a: Slowking|94/100 brn|[from] brn
|upkeep
|turn|78
|
|t:|1666989531
|switch|p2a: Arceus|Arceus-Fairy|79/100
|move|p1a: Slowking|Ice Beam|p2a: Arceus
|-damage|p2a: Arceus|58/100
|
|-damage|p1a: Slowking|88/100 brn|[from] brn
|upkeep
|turn|79
|
|t:|1666989540
|move|p2a: Arceus|Recover|p2a: Arceus
|-heal|p2a: Arceus|100/100
|move|p1a: Slowking|Sludge Wave|p2a: Arceus
|-supereffective|p2a: Arceus
|-damage|p2a: Arceus|38/100
|
|-damage|p1a: Slowking|82/100 brn|[from] brn
|upkeep
|turn|80
|
|t:|1666989549
|switch|p2a: Chansey|Chansey, F|62/100
|move|p1a: Slowking|Sludge Wave|p2a: Chansey
|-damage|p2a: Chansey|47/100
|
|-damage|p1a: Slowking|76/100 brn|[from] brn
|upkeep
|turn|81
|
|t:|1666989557
|switch|p1a: Urshifu|Urshifu, F|54/100 tox
|move|p2a: Chansey|Soft-Boiled|p2a: Chansey
|-heal|p2a: Chansey|97/100
|
|-damage|p1a: Urshifu|48/100 tox|[from] psn
|upkeep
|turn|82
|
|t:|1666989566
|switch|p2a: Zygarde|Zygarde-Complete, shiny|100/100 slp
|move|p1a: Urshifu|Close Combat|p2a: Zygarde
|-damage|p2a: Zygarde|70/100 slp
|-unboost|p1a: Urshifu|def|1
|-unboost|p1a: Urshifu|spd|1
|
|-damage|p1a: Urshifu|36/100 tox|[from] psn
|upkeep
|turn|83
|
|t:|1666989578
|switch|p1a: Toxapex|Toxapex, F|100/100
|cant|p2a: Zygarde|slp
|
|upkeep
|turn|84
|
|t:|1666989584
|-curestatus|p2a: Zygarde|slp|[msg]
|move|p2a: Zygarde|Thousand Arrows|p1a: Toxapex
|-supereffective|p1a: Toxapex
|-damage|p1a: Toxapex|55/100
|move|p1a: Toxapex|Toxic|p2a: Zygarde
|-status|p2a: Zygarde|tox
|
|-damage|p2a: Zygarde|64/100 tox|[from] psn
|upkeep
|turn|85
|
|t:|1666989595
|move|p2a: Zygarde|Thousand Arrows|p1a: Toxapex
|-supereffective|p1a: Toxapex
|-damage|p1a: Toxapex|9/100
|move|p1a: Toxapex|Recover|p1a: Toxapex
|-heal|p1a: Toxapex|59/100
|
|-damage|p2a: Zygarde|52/100 tox|[from] psn
|upkeep
|turn|86
|
|t:|1666989604
|switch|p1a: Yveltal|Yveltal|70/100
|-ability|p1a: Yveltal|Dark Aura
|move|p2a: Zygarde|Glare|p1a: Yveltal
|-status|p1a: Yveltal|par
|
|-damage|p2a: Zygarde|34/100 tox|[from] psn
|upkeep
|turn|87
|
|t:|1666989615
|move|p2a: Zygarde|Rest|p2a: Zygarde
|-status|p2a: Zygarde|slp|[from] move: Rest
|-heal|p2a: Zygarde|100/100 slp|[silent]
|move|p1a: Yveltal|U-turn|p2a: Zygarde
|-damage|p2a: Zygarde|91/100 slp
|
|t:|1666989622
|switch|p1a: Slowking|Slowking-Galar, M|100/100 brn|[from]move: U-turn
|
|-damage|p1a: Slowking|94/100 brn|[from] brn
|upkeep
|turn|88
|
|t:|1666989635
|switch|p2a: Chansey|Chansey, F|97/100
|switch|p1a: Urshifu|Urshifu, F|36/100 tox
|
|-damage|p1a: Urshifu|30/100 tox|[from] psn
|upkeep
|turn|89
|
|t:|1666989647
|switch|p2a: Zygarde|Zygarde-Complete, shiny|91/100 slp
|move|p1a: Urshifu|Wicked Blow|p2a: Zygarde
|-crit|p2a: Zygarde
|-damage|p2a: Zygarde|60/100 slp
|
|-damage|p1a: Urshifu|17/100 tox|[from] psn
|upkeep
|turn|90
|c|☆Alfeza03|Your strat is kinda boring bro
|
|t:|1666989668
|switch|p1a: Slowking|Slowking-Galar, M|100/100 brn
|cant|p2a: Zygarde|slp
|
|-damage|p1a: Slowking|94/100 brn|[from] brn
|upkeep
|turn|91
|
|t:|1666989682
|switch|p2a: Chansey|Chansey, F|97/100
|switch|p1a: Urshifu|Urshifu, F|17/100 tox
|
|-damage|p1a: Urshifu|11/100 tox|[from] psn
|upkeep
|turn|92
|
|t:|1666989699
|switch|p2a: Zygarde|Zygarde-Complete, shiny|60/100 slp
|-start|p1a: Urshifu|Dynamax|
|-heal|p1a: Urshifu|11/100 tox|[silent]
|move|p1a: Urshifu|Max Knuckle|p2a: Zygarde
|-damage|p2a: Zygarde|44/100 slp
|-boost|p1a: Urshifu|atk|1
|
|-damage|p1a: Urshifu|5/100 tox|[from] psn
|upkeep
|turn|93
|inactive|Alfeza03 has 120 seconds left.
|
|t:|1666989727
|switch|p2a: Arceus|Arceus-Fairy|38/100
|move|p1a: Urshifu|Max Darkness|p2a: Arceus
|-resisted|p2a: Arceus
|-damage|p2a: Arceus|15/100
|-unboost|p2a: Arceus|spd|1
|
|-damage|p1a: Urshifu|0 fnt|[from] psn
|faint|p1a: Urshifu
|upkeep
|inactive|Alfeza03 has 120 seconds left.
|
|t:|1666989739
|switch|p1a: Slowking|Slowking-Galar, M|100/100 brn
|turn|94
|
|t:|1666989744
|switch|p2a: Chansey|Chansey, F|97/100
|move|p1a: Slowking|Sludge Wave|p2a: Chansey
|-damage|p2a: Chansey|81/100
|
|-damage|p1a: Slowking|94/100 brn|[from] brn
|upkeep
|turn|95
|
|t:|1666989753
|switch|p1a: Yveltal|Yveltal|70/100 par
|-ability|p1a: Yveltal|Dark Aura
|move|p2a: Chansey|Aromatherapy|p2a: Chansey
|-activate|p2a: Chansey|move: Aromatherapy
|-curestatus|p2: Zygarde|slp|[msg]
|
|upkeep
|turn|96
|
|t:|1666989761
|switch|p2a: Zygarde|Zygarde-Complete, shiny|44/100
|move|p1a: Yveltal|U-turn|p2a: Zygarde
|-damage|p2a: Zygarde|35/100
|
|t:|1666989767
|switch|p1a: Slowking|Slowking-Galar, M|100/100 brn|[from]move: U-turn
|
|-damage|p1a: Slowking|94/100 brn|[from] brn
|upkeep
|turn|97
|
|t:|1666989773
|switch|p2a: Chansey|Chansey, F|81/100
|move|p1a: Slowking|Ice Beam|p2a: Chansey
|-damage|p2a: Chansey|72/100
|
|-damage|p1a: Slowking|88/100 brn|[from] brn
|upkeep
|turn|98
|
|t:|1666989783
|move|p2a: Chansey|Confide|p1a: Slowking
|-unboost|p1a: Slowking|spa|1
|move|p1a: Slowking|Future Sight|p2a: Chansey
|-start|p1a: Slowking|move: Future Sight
|
|-damage|p1a: Slowking|82/100 brn|[from] brn
|upkeep
|turn|99
|
|t:|1666989794
|move|p2a: Chansey|Confide|p1a: Slowking
|-unboost|p1a: Slowking|spa|1
|move|p1a: Slowking|Sludge Wave|p2a: Chansey
|-damage|p2a: Chansey|64/100
|
|-damage|p1a: Slowking|76/100 brn|[from] brn
|upkeep
|turn|100
|
|t:|1666989803
|switch|p1a: Yveltal|Yveltal|70/100 par
|-ability|p1a: Yveltal|Dark Aura
|move|p2a: Chansey|Soft-Boiled|p2a: Chansey
|-heal|p2a: Chansey|100/100
|
|-end|p2a: Chansey|move: Future Sight
|-damage|p2a: Chansey|81/100
|upkeep
|turn|101
|
|t:|1666989813
|switch|p2a: Yveltal|Yveltal, shiny|100/100
|-ability|p2a: Yveltal|Dark Aura
|move|p1a: Yveltal|U-turn|p2a: Yveltal
|-damage|p2a: Yveltal|81/100
|
|t:|1666989820
|switch|p1a: Toxapex|Toxapex, F|92/100|[from]move: U-turn
|
|upkeep
|turn|102
|
|t:|1666989825
|switch|p2a: Zygarde|Zygarde-Complete, shiny|35/100
|move|p1a: Toxapex|Toxic|p2a: Zygarde
|-status|p2a: Zygarde|tox
|
|-damage|p2a: Zygarde|29/100 tox|[from] psn
|upkeep
|turn|103
|l| AngelitoD
|
|t:|1666989834
|switch|p1a: Slowking|Slowking-Galar, M|100/100 brn
|move|p2a: Zygarde|Rest|p2a: Zygarde
|-status|p2a: Zygarde|slp|[from] move: Rest
|-heal|p2a: Zygarde|100/100 slp|[silent]
|
|-damage|p1a: Slowking|94/100 brn|[from] brn
|upkeep
|turn|104
|
|t:|1666989846
|switch|p2a: Chansey|Chansey, F|81/100
|move|p1a: Slowking|Future Sight|p2a: Chansey
|-start|p1a: Slowking|move: Future Sight
|
|-damage|p1a: Slowking|88/100 brn|[from] brn
|upkeep
|turn|105
|
|t:|1666989854
|switch|p1a: Yveltal|Yveltal|70/100 par
|-ability|p1a: Yveltal|Dark Aura
|move|p2a: Chansey|Confide|p1a: Yveltal
|-unboost|p1a: Yveltal|spa|1
|
|upkeep
|turn|106
|
|t:|1666989862
|switch|p2a: Yveltal|Yveltal, shiny|81/100
|-ability|p2a: Yveltal|Dark Aura
|move|p1a: Yveltal|Knock Off|p2a: Yveltal
|-resisted|p2a: Yveltal
|-damage|p2a: Yveltal|62/100
|
|-end|p2a: Yveltal|move: Future Sight
|-immune|p2a: Yveltal
|upkeep
|turn|107
|
|t:|1666989873
|move|p2a: Yveltal|Roost|p2a: Yveltal
|-heal|p2a: Yveltal|100/100
|-singleturn|p2a: Yveltal|move: Roost
|move|p1a: Yveltal|U-turn|p2a: Yveltal
|-supereffective|p2a: Yveltal
|-damage|p2a: Yveltal|65/100
|
|t:|1666989879
|switch|p1a: Toxapex|Toxapex, F|100/100|[from]move: U-turn
|
|upkeep
|turn|108
|
|t:|1666989884
|switch|p2a: Zygarde|Zygarde-Complete, shiny|100/100 slp
|move|p1a: Toxapex|Toxic||[still]
|-fail|p1a: Toxapex
|
|upkeep
|turn|109
|
|t:|1666989891
|switch|p1a: Slowking|Slowking-Galar, M|100/100 brn
|cant|p2a: Zygarde|slp
|
|-damage|p1a: Slowking|94/100 brn|[from] brn
|upkeep
|turn|110
|inactive|Alfeza03 has 90 seconds left.
|l| BuckfromGothamCity
|c|☆Alfeza03|Is it really worth for you stay here +110 turns just to get +10 elo?
|inactive|Alfeza03 has 60 seconds left.
|
|t:|1666989932
|switch|p2a: Chansey|Chansey, F|81/100
|move|p1a: Slowking|Ice Beam|p2a: Chansey
|-damage|p2a: Chansey|71/100
|
|-damage|p1a: Slowking|88/100 brn|[from] brn
|upkeep
|turn|111
|inactive|Alfeza03 has 60 seconds left.
|
|t:|1666989943
|move|p2a: Chansey|Confide|p1a: Slowking
|-unboost|p1a: Slowking|spa|1
|move|p1a: Slowking|Future Sight|p2a: Chansey
|-start|p1a: Slowking|move: Future Sight
|
|-damage|p1a: Slowking|82/100 brn|[from] brn
|upkeep
|turn|112
|inactive|Alfeza03 has 60 seconds left.
|
|t:|1666989953
|move|p2a: Chansey|Confide|p1a: Slowking
|-unboost|p1a: Slowking|spa|1
|move|p1a: Slowking|Sludge Wave|p2a: Chansey
|-damage|p2a: Chansey|64/100
|
|-damage|p1a: Slowking|76/100 brn|[from] brn
|upkeep
|turn|113
|
|t:|1666989975
|switch|p1a: Yveltal|Yveltal|70/100 par
|-ability|p1a: Yveltal|Dark Aura
|move|p2a: Chansey|Soft-Boiled|p2a: Chansey
|-heal|p2a: Chansey|100/100
|
|-end|p2a: Chansey|move: Future Sight
|-damage|p2a: Chansey|81/100
|upkeep
|turn|114
|inactive|Lord Rekkuza has 120 seconds left.
|
|t:|1666989986
|switch|p2a: Yveltal|Yveltal, shiny|65/100
|-ability|p2a: Yveltal|Dark Aura
|move|p1a: Yveltal|U-turn|p2a: Yveltal
|-damage|p2a: Yveltal|47/100
|
|t:|1666989993
|switch|p1a: Toxapex|Toxapex, F|100/100|[from]move: U-turn
|
|upkeep
|turn|115
|
|t:|1666989998
|move|p2a: Yveltal|Roost|p2a: Yveltal
|-heal|p2a: Yveltal|97/100
|-singleturn|p2a: Yveltal|move: Roost
|move|p1a: Toxapex|Toxic|p2a: Yveltal
|-status|p2a: Yveltal|tox
|
|-damage|p2a: Yveltal|91/100 tox|[from] psn
|upkeep
|turn|116
|
|t:|1666990010
|switch|p2a: Chansey|Chansey, F|81/100
|switch|p1a: Yveltal|Yveltal|70/100 par
|-ability|p1a: Yveltal|Dark Aura
|
|upkeep
|turn|117
|
|t:|1666990018
|switch|p2a: Arceus|Arceus-Fairy|15/100
|move|p1a: Yveltal|Knock Off|p2a: Arceus
|-resisted|p2a: Arceus
|-damage|p2a: Arceus|5/100
|
|upkeep
|turn|118
|
|t:|1666990025
|move|p2a: Arceus|Recover|p2a: Arceus
|-heal|p2a: Arceus|55/100
|move|p1a: Yveltal|U-turn|p2a: Arceus
|-resisted|p2a: Arceus
|-damage|p2a: Arceus|48/100
|
|t:|1666990030
|switch|p1a: Slowking|Slowking-Galar, M|100/100 brn|[from]move: U-turn
|
|-damage|p1a: Slowking|94/100 brn|[from] brn
|upkeep
|turn|119
|j| ThisIsntHilarious
|
|t:|1666990044
|switch|p2a: Chansey|Chansey, F|81/100
|move|p1a: Slowking|Sludge Wave|p2a: Chansey
|-damage|p2a: Chansey|67/100
|
|-damage|p1a: Slowking|88/100 brn|[from] brn
|upkeep
|turn|120
|
|t:|1666990053
|move|p2a: Chansey|Confide|p1a: Slowking
|-unboost|p1a: Slowking|spa|1
|move|p1a: Slowking|Future Sight|p2a: Chansey
|-start|p1a: Slowking|move: Future Sight
|
|-damage|p1a: Slowking|82/100 brn|[from] brn
|upkeep
|turn|121
|
|t:|1666990061
|switch|p1a: Yveltal|Yveltal|70/100 par
|-ability|p1a: Yveltal|Dark Aura
|move|p2a: Chansey|Confide|p1a: Yveltal
|-unboost|p1a: Yveltal|spa|1
|
|upkeep
|turn|122
|
|t:|1666990069
|switch|p2a: Yveltal|Yveltal, shiny|91/100 tox
|-ability|p2a: Yveltal|Dark Aura
|move|p1a: Yveltal|U-turn|p2a: Yveltal
|-damage|p2a: Yveltal|72/100 tox
|
|t:|1666990077
|switch|p1a: Toxapex|Toxapex, F|100/100|[from]move: U-turn
|
|-end|p2a: Yveltal|move: Future Sight
|-immune|p2a: Yveltal
|-damage|p2a: Yveltal|66/100 tox|[from] psn
|upkeep
|turn|123
|
|t:|1666990088
|switch|p2a: Zygarde|Zygarde-Complete, shiny|100/100 slp
|switch|p1a: Yveltal|Yveltal|70/100 par
|-ability|p1a: Yveltal|Dark Aura
|
|upkeep
|turn|124
|
|t:|1666990096
|switch|p2a: Arceus|Arceus-Fairy|48/100
|move|p1a: Yveltal|Roost|p1a: Yveltal
|-heal|p1a: Yveltal|100/100 par
|-singleturn|p1a: Yveltal|move: Roost
|
|upkeep
|turn|125
|
|t:|1666990105
|switch|p2a: Zygarde|Zygarde-Complete, shiny|100/100 slp
|switch|p1a: Slowking|Slowking-Galar, M|100/100 brn
|
|-damage|p1a: Slowking|94/100 brn|[from] brn
|upkeep
|turn|126
|
|t:|1666990114
|switch|p2a: Chansey|Chansey, F|67/100
|move|p1a: Slowking|Ice Beam|p2a: Chansey
|-damage|p2a: Chansey|56/100
|
|-damage|p1a: Slowking|88/100 brn|[from] brn
|upkeep
|turn|127
|j| Defensive0
|
|t:|1666990123
|move|p2a: Chansey|Soft-Boiled|p2a: Chansey
|-heal|p2a: Chansey|100/100
|move|p1a: Slowking|Future Sight|p2a: Chansey
|-start|p1a: Slowking|move: Future Sight
|
|-damage|p1a: Slowking|82/100 brn|[from] brn
|upkeep
|turn|128
|
|t:|1666990132
|switch|p1a: Toxapex|Toxapex, F|100/100
|move|p2a: Chansey|Confide|p1a: Toxapex
|-unboost|p1a: Toxapex|spa|1
|
|upkeep
|turn|129
|
|t:|1666990144
|switch|p2a: Zygarde|Zygarde-Complete, shiny|100/100 slp
|switch|p1a: Yveltal|Yveltal|100/100 par
|-ability|p1a: Yveltal|Dark Aura
|
|-end|p2a: Zygarde|move: Future Sight
|-damage|p2a: Zygarde|68/100 slp
|upkeep
|turn|130
|
|t:|1666990155
|switch|p1a: Slowking|Slowking-Galar, M|100/100 brn
|cant|p2a: Zygarde|slp
|
|-damage|p1a: Slowking|94/100 brn|[from] brn
|upkeep
|turn|131
|
|t:|1666990163
|switch|p2a: Chansey|Chansey, F|100/100
|move|p1a: Slowking|Ice Beam|p2a: Chansey
|-damage|p2a: Chansey|91/100
|
|-damage|p1a: Slowking|88/100 brn|[from] brn
|upkeep
|turn|132
|
|t:|1666990172
|move|p2a: Chansey|Confide|p1a: Slowking
|-unboost|p1a: Slowking|spa|1
|move|p1a: Slowking|Future Sight|p2a: Chansey
|-start|p1a: Slowking|move: Future Sight
|
|-damage|p1a: Slowking|82/100 brn|[from] brn
|upkeep
|turn|133
|inactive|Alfeza03 has 30 seconds left.
|inactive|Alfeza03 has 20 seconds left.
|c|☆Alfeza03|Is the guy with 3 fvcking ubers really trying to pp stall?
|inactive|Alfeza03 has 15 seconds left.
|c|☆Alfeza03|You are so gae man
|
|t:|1666990202
|switch|p1a: Yveltal|Yveltal|100/100 par
|-ability|p1a: Yveltal|Dark Aura
|move|p2a: Chansey|Aromatherapy|p2a: Chansey
|-activate|p2a: Chansey|move: Aromatherapy
|-curestatus|p2: Yveltal|tox|[msg]
|-curestatus|p2: Zygarde|slp|[msg]
|
|upkeep
|turn|134
|inactive|Alfeza03 has 20 seconds left this turn.
|
|t:|1666990205
|switch|p2a: Yveltal|Yveltal, shiny|66/100
|-ability|p2a: Yveltal|Dark Aura
|cant|p1a: Yveltal|par
|
|-end|p2a: Yveltal|move: Future Sight
|-immune|p2a: Yveltal
|upkeep
|turn|135
|inactive|Alfeza03 has 25 seconds left this turn.
|
|t:|1666990209
|switch|p1a: Toxapex|Toxapex, F|100/100
|move|p2a: Yveltal|Roost|p2a: Yveltal
|-heal|p2a: Yveltal|100/100
|-singleturn|p2a: Yveltal|move: Roost
|
|upkeep
|turn|136
|inactive|Alfeza03 has 30 seconds left this turn.
|
|t:|1666990213
|switch|p2a: Chansey|Chansey, F|91/100
|move|p1a: Toxapex|Scald|p2a: Chansey
|-damage|p2a: Chansey|86/100
|-status|p2a: Chansey|brn
|
|-damage|p2a: Chansey|80/100 brn|[from] brn
|upkeep
|turn|137
|inactive|Alfeza03 has 30 seconds left.
|
|t:|1666990220
|-curestatus|p2a: Chansey|brn|[from] ability: Natural Cure
|switch|p2a: Arceus|Arceus-Fairy|48/100
|switch|p1a: Yveltal|Yveltal|100/100 par
|-ability|p1a: Yveltal|Dark Aura
|
|upkeep
|turn|138
|
|t:|1666990225
|switch|p1a: Slowking|Slowking-Galar, M|100/100 brn
|move|p2a: Arceus|Recover|p2a: Arceus
|-heal|p2a: Arceus|98/100
|
|-damage|p1a: Slowking|94/100 brn|[from] brn
|upkeep
|turn|139
|
|t:|1666990228
|switch|p2a: Chansey|Chansey, F|80/100
|switch|p1a: Toxapex|Toxapex, F|100/100
|
|upkeep
|turn|140
|
|t:|1666990233
|switch|p2a: Zygarde|Zygarde-Complete, shiny|68/100
|switch|p1a: Slowking|Slowking-Galar, M|100/100 brn
|
|-damage|p1a: Slowking|94/100 brn|[from] brn
|upkeep
|turn|141
|
|t:|1666990237
|switch|p2a: Chansey|Chansey, F|80/100
|switch|p1a: Toxapex|Toxapex, F|100/100
|
|upkeep
|turn|142
|
|t:|1666990240
|switch|p2a: Zygarde|Zygarde-Complete, shiny|68/100
|move|p1a: Toxapex|Toxic|p2a: Zygarde
|-status|p2a: Zygarde|tox
|
|-damage|p2a: Zygarde|62/100 tox|[from] psn
|upkeep
|turn|143
|
|t:|1666990247
|move|p2a: Zygarde|Thousand Arrows|p1a: Toxapex
|-supereffective|p1a: Toxapex
|-damage|p1a: Toxapex|47/100
|move|p1a: Toxapex|Scald|p2a: Zygarde
|-crit|p2a: Zygarde
|-damage|p2a: Zygarde|47/100 tox
|
|-damage|p2a: Zygarde|35/100 tox|[from] psn
|upkeep
|turn|144
|
|t:|1666990256
|switch|p1a: Slowking|Slowking-Galar, M|100/100 brn
|move|p2a: Zygarde|Thousand Arrows|p1a: Slowking
|-supereffective|p1a: Slowking
|-damage|p1a: Slowking|36/100 brn
|
|-damage|p2a: Zygarde|16/100 tox|[from] psn
|-damage|p1a: Slowking|30/100 brn|[from] brn
|upkeep
|turn|145
|
|t:|1666990263
|switch|p1a: Toxapex|Toxapex, F|80/100
|move|p2a: Zygarde|Rest|p2a: Zygarde
|-status|p2a: Zygarde|slp|[from] move: Rest
|-heal|p2a: Zygarde|100/100 slp|[silent]
|
|upkeep
|turn|146
|
|t:|1666990270
|switch|p2a: Yveltal|Yveltal, shiny|100/100
|-ability|p2a: Yveltal|Dark Aura
|switch|p1a: Slowking|Slowking-Galar, M|63/100 brn
|
|-damage|p1a: Slowking|57/100 brn|[from] brn
|upkeep
|turn|147
|
|t:|1666990276
|switch|p1a: Yveltal|Yveltal|100/100 par
|-ability|p1a: Yveltal|Dark Aura
|move|p2a: Yveltal|Knock Off|p1a: Yveltal
|-resisted|p1a: Yveltal
|-damage|p1a: Yveltal|83/100 par
|
|upkeep
|turn|148
|
|t:|1666990279
|switch|p2a: Arceus|Arceus-Fairy|98/100
|cant|p1a: Yveltal|par
|
|upkeep
|turn|149
|
|t:|1666990287
|switch|p1a: Slowking|Slowking-Galar, M|90/100 brn
|move|p2a: Arceus|Judgment|p1a: Slowking
|-resisted|p1a: Slowking
|-damage|p1a: Slowking|77/100 brn
|
|-damage|p1a: Slowking|71/100 brn|[from] brn
|upkeep
|turn|150
|l| ThisIsntHilarious
|
|t:|1666990294
|switch|p2a: Zygarde|Zygarde-Complete, shiny|100/100 slp
|switch|p1a: Toxapex|Toxapex, F|100/100
|
|upkeep
|turn|151
|j| ThisIsntHilarious
|
|t:|1666990299
|switch|p1a: Slowking|Slowking-Galar, M|100/100 brn
|cant|p2a: Zygarde|slp
|
|-damage|p1a: Slowking|94/100 brn|[from] brn
|upkeep
|turn|152
|
|t:|1666990303
|switch|p2a: Chansey|Chansey, F|80/100
|switch|p1a: Toxapex|Toxapex, F|100/100
|
|upkeep
|turn|153
|
|t:|1666990309
|switch|p2a: Zygarde|Zygarde-Complete, shiny|100/100 slp
|move|p1a: Toxapex|Toxic||[still]
|-fail|p1a: Toxapex
|
|upkeep
|turn|154
|inactive|Alfeza03 has 90 seconds left.
|
|t:|1666990315
|switch|p1a: Yveltal|Yveltal|83/100 par
|-ability|p1a: Yveltal|Dark Aura
|cant|p2a: Zygarde|slp
|
|upkeep
|turn|155
|
|t:|1666990320
|switch|p2a: Yveltal|Yveltal, shiny|100/100
|-ability|p2a: Yveltal|Dark Aura
|cant|p1a: Yveltal|par
|
|upkeep
|turn|156
|
|t:|1666990324
|switch|p2a: Arceus|Arceus-Fairy|98/100
|switch|p1a: Slowking|Slowking-Galar, M|100/100 brn
|
|-damage|p1a: Slowking|94/100 brn|[from] brn
|upkeep
|turn|157
|
|t:|1666990328
|switch|p2a: Chansey|Chansey, F|80/100
|move|p1a: Slowking|Sludge Wave|p2a: Chansey
|-damage|p2a: Chansey|63/100
|
|-damage|p1a: Slowking|88/100 brn|[from] brn
|upkeep
|turn|158
|
|t:|1666990332
|switch|p1a: Yveltal|Yveltal|83/100 par
|-ability|p1a: Yveltal|Dark Aura
|move|p2a: Chansey|Confide|p1a: Yveltal
|-unboost|p1a: Yveltal|spa|1
|
|upkeep
|turn|159
|
|t:|1666990345
|switch|p1a: Slowking|Slowking-Galar, M|100/100 brn
|switch|p2a: Yveltal|Yveltal, shiny|100/100
|-ability|p2a: Yveltal|Dark Aura
|
|-damage|p1a: Slowking|94/100 brn|[from] brn
|upkeep
|turn|160
|
|t:|1666990348
|switch|p1a: Toxapex|Toxapex, F|100/100
|move|p2a: Yveltal|Knock Off|p1a: Toxapex
|-damage|p1a: Toxapex|72/100
|
|upkeep
|turn|161
|
|t:|1666990353
|switch|p2a: Zygarde|Zygarde-Complete, shiny|100/100 slp
|move|p1a: Toxapex|Toxic||[still]
|-fail|p1a: Toxapex
|
|upkeep
|turn|162
|
|t:|1666990358
|switch|p2a: Chansey|Chansey, F|63/100
|switch|p1a: Slowking|Slowking-Galar, M|100/100 brn
|
|-damage|p1a: Slowking|94/100 brn|[from] brn
|upkeep
|turn|163
|inactive|Alfeza03 has 120 seconds left.
|
|t:|1666990364
|switch|p1a: Yveltal|Yveltal|83/100 par
|-ability|p1a: Yveltal|Dark Aura
|move|p2a: Chansey|Soft-Boiled|p2a: Chansey
|-heal|p2a: Chansey|100/100
|
|upkeep
|turn|164
|
|t:|1666990368
|switch|p2a: Arceus|Arceus-Fairy|98/100
|move|p1a: Yveltal|Knock Off|p2a: Arceus
|-resisted|p2a: Arceus
|-damage|p2a: Arceus|87/100
|
|upkeep
|turn|165
|
|t:|1666990374
|switch|p2a: Zygarde|Zygarde-Complete, shiny|100/100 slp
|switch|p1a: Toxapex|Toxapex, F|100/100
|
|upkeep
|turn|166
|
|t:|1666990380
|switch|p2a: Yveltal|Yveltal, shiny|100/100
|-ability|p2a: Yveltal|Dark Aura
|switch|p1a: Slowking|Slowking-Galar, M|100/100 brn
|
|-damage|p1a: Slowking|94/100 brn|[from] brn
|upkeep
|turn|167
|
|t:|1666990388
|switch|p2a: Zygarde|Zygarde-Complete, shiny|100/100 slp
|switch|p1a: Yveltal|Yveltal|83/100 par
|-ability|p1a: Yveltal|Dark Aura
|
|upkeep
|turn|168
|
|t:|1666990397
|switch|p2a: Arceus|Arceus-Fairy|87/100
|switch|p1a: Toxapex|Toxapex, F|100/100
|
|upkeep
|turn|169
|
|t:|1666990403
|switch|p2a: Zygarde|Zygarde-Complete, shiny|100/100 slp
|switch|p1a: Yveltal|Yveltal|83/100 par
|-ability|p1a: Yveltal|Dark Aura
|
|upkeep
|turn|170
|
|t:|1666990406
|switch|p2a: Arceus|Arceus-Fairy|87/100
|switch|p1a: Slowking|Slowking-Galar, M|100/100 brn
|
|-damage|p1a: Slowking|94/100 brn|[from] brn
|upkeep
|turn|171
|
|t:|1666990410
|switch|p2a: Chansey|Chansey, F|100/100
|switch|p1a: Toxapex|Toxapex, F|100/100
|
|upkeep
|turn|172
|
|t:|1666990414
|switch|p2a: Zygarde|Zygarde-Complete, shiny|100/100 slp
|switch|p1a: Yveltal|Yveltal|83/100 par
|-ability|p1a: Yveltal|Dark Aura
|
|upkeep
|turn|173
|
|t:|1666990416
|switch|p2a: Yveltal|Yveltal, shiny|100/100
|-ability|p2a: Yveltal|Dark Aura
|switch|p1a: Slowking|Slowking-Galar, M|100/100 brn
|
|-damage|p1a: Slowking|94/100 brn|[from] brn
|upkeep
|turn|174
|
|t:|1666990418
|switch|p2a: Chansey|Chansey, F|100/100
|switch|p1a: Toxapex|Toxapex, F|100/100
|
|upkeep
|turn|175
|
|t:|1666990421
|switch|p2a: Zygarde|Zygarde-Complete, shiny|100/100 slp
|switch|p1a: Yveltal|Yveltal|83/100 par
|-ability|p1a: Yveltal|Dark Aura
|
|upkeep
|turn|176
|
|t:|1666990424
|switch|p2a: Yveltal|Yveltal, shiny|100/100
|-ability|p2a: Yveltal|Dark Aura
|switch|p1a: Slowking|Slowking-Galar, M|100/100 brn
|
|-damage|p1a: Slowking|94/100 brn|[from] brn
|upkeep
|turn|177
|
|t:|1666990427
|switch|p1a: Toxapex|Toxapex, F|100/100
|move|p2a: Yveltal|Knock Off|p1a: Toxapex
|-crit|p1a: Toxapex
|-damage|p1a: Toxapex|60/100
|
|upkeep
|turn|178
|
|t:|1666990434
|move|p2a: Yveltal|Knock Off|p1a: Toxapex
|-damage|p1a: Toxapex|32/100
|move|p1a: Toxapex|Recover|p1a: Toxapex
|-heal|p1a: Toxapex|82/100
|
|upkeep
|turn|179
|
|t:|1666990451
|switch|p2a: Zygarde|Zygarde-Complete, shiny|100/100 slp
|move|p1a: Toxapex|Toxic||[still]
|-fail|p1a: Toxapex
|
|upkeep
|turn|180
|
|t:|1666990458
|switch|p2a: Arceus|Arceus-Fairy|87/100
|move|p1a: Toxapex|Haze|p1a: Toxapex
|-clearallboost
|
|upkeep
|turn|181
|
|t:|1666990463
|switch|p2a: Zygarde|Zygarde-Complete, shiny|100/100 slp
|move|p1a: Toxapex|Toxic||[still]
|-fail|p1a: Toxapex
|
|upkeep
|turn|182
|
|t:|1666990466
|switch|p2a: Chansey|Chansey, F|100/100
|switch|p1a: Slowking|Slowking-Galar, M|100/100 brn
|
|-damage|p1a: Slowking|94/100 brn|[from] brn
|upkeep
|turn|183
|
|t:|1666990470
|switch|p2a: Zygarde|Zygarde-Complete, shiny|100/100 slp
|switch|p1a: Yveltal|Yveltal|83/100 par
|-ability|p1a: Yveltal|Dark Aura
|
|upkeep
|turn|184
|
|t:|1666990475
|switch|p2a: Arceus|Arceus-Fairy|87/100
|switch|p1a: Toxapex|Toxapex, F|100/100
|
|upkeep
|turn|185
|
|t:|1666990480
|switch|p2a: Zygarde|Zygarde-Complete, shiny|100/100 slp
|switch|p1a: Slowking|Slowking-Galar, M|100/100 brn
|
|-damage|p1a: Slowking|94/100 brn|[from] brn
|upkeep
|turn|186
|
|t:|1666990485
|switch|p2a: Chansey|Chansey, F|100/100
|switch|p1a: Toxapex|Toxapex, F|100/100
|
|upkeep
|turn|187
|
|t:|1666990491
|switch|p2a: Zygarde|Zygarde-Complete, shiny|100/100 slp
|move|p1a: Toxapex|Scald|p2a: Zygarde
|-damage|p2a: Zygarde|90/100 slp
|
|upkeep
|turn|188
|
|t:|1666990494
|-curestatus|p2a: Zygarde|slp|[msg]
|move|p2a: Zygarde|Glare|p1a: Toxapex
|-status|p1a: Toxapex|par
|cant|p1a: Toxapex|par
|
|upkeep
|turn|189
|
|t:|1666990503
|switch|p2a: Chansey|Chansey, F|100/100
|move|p1a: Toxapex|Scald|p2a: Chansey
|-damage|p2a: Chansey|95/100
|
|upkeep
|turn|190
|c|☆Alfeza03|You are so boring man
|c|☆Alfeza03|Take your elo
|inactive|Alfeza03 has 120 seconds left.
|inactive|Lord Rekkuza has 120 seconds left.
|c|☆Alfeza03|Ig youll enjoy it after 200 fvcking stall turns
|c|☆Alfeza03|Oh true,
|c|☆Alfeza03|You have to wait for the timer to get it
|c|☆Alfeza03|Sad
|inactive|Alfeza03 has 90 seconds left.
|l|defensive0
|inactive|Alfeza03 has 60 seconds left.
|inactive|Alfeza03 has 30 seconds left.
|inactive|Alfeza03 has 20 seconds left.
|inactive|Alfeza03 has 15 seconds left.
|inactive|Alfeza03 has 10 seconds left.
|inactive|Alfeza03 has 5 seconds left.
|
|t:|1666990645
|switch|p1a: Slowking|Slowking-Galar, M|100/100 brn
|move|p2a: Chansey|Confide|p1a: Slowking
|-unboost|p1a: Slowking|spa|1
|
|-damage|p1a: Slowking|94/100 brn|[from] brn
|upkeep
|turn|191
|inactive|Alfeza03 has 10 seconds left this turn.
|
|t:|1666990653
|switch|p1a: Toxapex|Toxapex, F|100/100 par
|move|p2a: Chansey|Confide|p1a: Toxapex
|-unboost|p1a: Toxapex|spa|1
|
|upkeep
|turn|192
|inactive|Alfeza03 has 10 seconds left this turn.
|
|t:|1666990664
|switch|p2a: Zygarde|Zygarde-Complete, shiny|90/100
|switch|p1a: Slowking|Slowking-Galar, M|100/100 brn
|
|-damage|p1a: Slowking|94/100 brn|[from] brn
|upkeep
|turn|193
|inactive|Alfeza03 has 15 seconds left this turn.
|inactive|Lord Rekkuza has 90 seconds left.
|inactive|Lord Rekkuza has 60 seconds left.
|
|t:|1666990723
|switch|p2a: Chansey|Chansey, F|95/100
|move|p1a: Slowking|Ice Beam|p2a: Chansey
|-damage|p2a: Chansey|86/100
|
|-damage|p1a: Slowking|88/100 brn|[from] brn
|upkeep
|turn|194
|inactive|Alfeza03 has 15 seconds left this turn.
|
|t:|1666990730
|switch|p2a: Yveltal|Yveltal, shiny|100/100
|-ability|p2a: Yveltal|Dark Aura
|switch|p1a: Toxapex|Toxapex, F|100/100 par
|
|upkeep
|turn|195
|inactive|Alfeza03 has 20 seconds left this turn.
|
|t:|1666990735
|switch|p2a: Chansey|Chansey, F|86/100
|switch|p1a: Yveltal|Yveltal|83/100 par
|-ability|p1a: Yveltal|Dark Aura
|
|upkeep
|turn|196
|inactive|Alfeza03 has 20 seconds left this turn.
|
|t:|1666990740
|switch|p2a: Arceus|Arceus-Fairy|87/100
|move|p1a: Yveltal|Knock Off|p2a: Arceus
|-resisted|p2a: Arceus
|-damage|p2a: Arceus|75/100
|
|upkeep
|turn|197
|inactive|Alfeza03 has 25 seconds left this turn.
|
|t:|1666990746
|switch|p1a: Toxapex|Toxapex, F|100/100 par
|move|p2a: Arceus|Judgment|p1a: Toxapex
|-resisted|p1a: Toxapex
|-damage|p1a: Toxapex|85/100 par
|
|upkeep
|turn|198
|inactive|Alfeza03 has 25 seconds left this turn.
|
|t:|1666990752
|switch|p2a: Chansey|Chansey, F|86/100
|move|p1a: Toxapex|Toxic|p2a: Chansey
|-status|p2a: Chansey|tox
|
|-damage|p2a: Chansey|80/100 tox|[from] psn
|upkeep
|turn|199
|inactive|Alfeza03 has 30 seconds left this turn.
|
|t:|1666990756
|-curestatus|p2a: Chansey|tox|[from] ability: Natural Cure
|switch|p2a: Zygarde|Zygarde-Complete, shiny|90/100
|move|p1a: Toxapex|Toxic|p2a: Zygarde
|-status|p2a: Zygarde|tox
|
|-damage|p2a: Zygarde|84/100 tox|[from] psn
|upkeep
|turn|200
|inactive|Alfeza03 has 30 seconds left this turn.
|
|t:|1666990760
|switch|p2a: Chansey|Chansey, F|80/100
|switch|p1a: Slowking|Slowking-Galar, M|100/100 brn
|
|-damage|p1a: Slowking|94/100 brn|[from] brn
|upkeep
|turn|201
|
|t:|1666990769
|switch|p2a: Arceus|Arceus-Fairy|75/100
|switch|p1a: Toxapex|Toxapex, F|100/100 par
|
|upkeep
|turn|202
|
|t:|1666990773
|switch|p2a: Chansey|Chansey, F|80/100
|move|p1a: Toxapex|Toxic|p2a: Chansey
|-status|p2a: Chansey|tox
|
|-damage|p2a: Chansey|74/100 tox|[from] psn
|upkeep
|turn|203
|
|t:|1666990777
|-curestatus|p2a: Chansey|tox|[from] ability: Natural Cure
|switch|p2a: Zygarde|Zygarde-Complete, shiny|84/100 tox
|move|p1a: Toxapex|Toxic|p2a: Zygarde
|-fail|p2a: Zygarde|tox
|
|-damage|p2a: Zygarde|78/100 tox|[from] psn
|upkeep
|turn|204
|
|t:|1666990782
|switch|p2a: Chansey|Chansey, F|74/100
|switch|p1a: Slowking|Slowking-Galar, M|100/100 brn
|
|-damage|p1a: Slowking|94/100 brn|[from] brn
|upkeep
|turn|205
|
|t:|1666990790
|switch|p2a: Yveltal|Yveltal, shiny|100/100
|-ability|p2a: Yveltal|Dark Aura
|move|p1a: Slowking|Sludge Wave|p2a: Yveltal
|-damage|p2a: Yveltal|73/100
|
|-damage|p1a: Slowking|88/100 brn|[from] brn
|upkeep
|turn|206
|
|t:|1666990794
|switch|p2a: Chansey|Chansey, F|74/100
|switch|p1a: Yveltal|Yveltal|83/100 par
|-ability|p1a: Yveltal|Dark Aura
|
|upkeep
|turn|207
|
|t:|1666990797
|switch|p2a: Arceus|Arceus-Fairy|75/100
|cant|p1a: Yveltal|par
|
|upkeep
|turn|208
|
|t:|1666990808
|switch|p2a: Zygarde|Zygarde-Complete, shiny|78/100 tox
|switch|p1a: Slowking|Slowking-Galar, M|100/100 brn
|
|-damage|p2a: Zygarde|72/100 tox|[from] psn
|-damage|p1a: Slowking|94/100 brn|[from] brn
|upkeep
|turn|209
|
|t:|1666990821
|switch|p2a: Chansey|Chansey, F|74/100
|switch|p1a: Yveltal|Yveltal|83/100 par
|-ability|p1a: Yveltal|Dark Aura
|
|upkeep
|turn|210
|
|t:|1666990825
|switch|p2a: Arceus|Arceus-Fairy|75/100
|move|p1a: Yveltal|Knock Off|p2a: Arceus
|-resisted|p2a: Arceus
|-damage|p2a: Arceus|63/100
|
|upkeep
|turn|211
|
|t:|1666990830
|switch|p1a: Slowking|Slowking-Galar, M|100/100 brn
|move|p2a: Arceus|Recover|p2a: Arceus
|-heal|p2a: Arceus|100/100
|
|-damage|p1a: Slowking|94/100 brn|[from] brn
|upkeep
|turn|212
|
|t:|1666990832
|switch|p2a: Chansey|Chansey, F|74/100
|switch|p1a: Yveltal|Yveltal|83/100 par
|-ability|p1a: Yveltal|Dark Aura
|
|upkeep
|turn|213
|
|t:|1666990835
|switch|p2a: Arceus|Arceus-Fairy|100/100
|move|p1a: Yveltal|U-turn|p2a: Arceus
|-resisted|p2a: Arceus
|-damage|p2a: Arceus|94/100
|
|t:|1666990838
|switch|p1a: Toxapex|Toxapex, F|100/100 par|[from]move: U-turn
|
|upkeep
|turn|214
|
|t:|1666990843
|switch|p2a: Chansey|Chansey, F|74/100
|cant|p1a: Toxapex|par
|
|upkeep
|turn|215
|
|t:|1666990847
|switch|p2a: Zygarde|Zygarde-Complete, shiny|72/100 tox
|switch|p1a: Yveltal|Yveltal|83/100 par
|-ability|p1a: Yveltal|Dark Aura
|
|-damage|p2a: Zygarde|66/100 tox|[from] psn
|upkeep
|turn|216
|inactive|Lord Rekkuza has 60 seconds left.
|
|t:|1666990856
|move|p2a: Zygarde|Rest|p2a: Zygarde
|-status|p2a: Zygarde|slp|[from] move: Rest
|-heal|p2a: Zygarde|100/100 slp|[silent]
|cant|p1a: Yveltal|par
|
|upkeep
|turn|217
|
|t:|1666990860
|switch|p1a: Slowking|Slowking-Galar, M|100/100 brn
|cant|p2a: Zygarde|slp
|
|-damage|p1a: Slowking|94/100 brn|[from] brn
|upkeep
|turn|218
|
|t:|1666990866
|switch|p2a: Chansey|Chansey, F|74/100
|move|p1a: Slowking|Sludge Wave|p2a: Chansey
|-damage|p2a: Chansey|58/100
|
|-damage|p1a: Slowking|88/100 brn|[from] brn
|upkeep
|turn|219
|
|t:|1666990870
|move|p2a: Chansey|Soft-Boiled|p2a: Chansey
|-heal|p2a: Chansey|100/100
|move|p1a: Slowking|Fire Blast|p2a: Chansey|[miss]
|-miss|p1a: Slowking|p2a: Chansey
|
|-damage|p1a: Slowking|82/100 brn|[from] brn
|upkeep
|turn|220
|
|t:|1666990878
|switch|p2a: Yveltal|Yveltal, shiny|73/100
|-ability|p2a: Yveltal|Dark Aura
|move|p1a: Slowking|Fire Blast|p2a: Yveltal|[miss]
|-miss|p1a: Slowking|p2a: Yveltal
|
|-damage|p1a: Slowking|76/100 brn|[from] brn
|upkeep
|turn|221
|
|t:|1666990881
|switch|p2a: Chansey|Chansey, F|100/100
|switch|p1a: Toxapex|Toxapex, F|100/100 par
|
|upkeep
|turn|222
|
|t:|1666990884
|switch|p2a: Zygarde|Zygarde-Complete, shiny|100/100 slp
|cant|p1a: Toxapex|par
|
|upkeep
|turn|223
|
|t:|1666990889
|switch|p2a: Chansey|Chansey, F|100/100
|switch|p1a: Slowking|Slowking-Galar, M|100/100 brn
|
|-damage|p1a: Slowking|94/100 brn|[from] brn
|upkeep
|turn|224
|
|t:|1666990893
|switch|p1a: Toxapex|Toxapex, F|100/100 par
|move|p2a: Chansey|Confide|p1a: Toxapex
|-unboost|p1a: Toxapex|spa|1
|
|upkeep
|turn|225
|
|t:|1666990897
|switch|p2a: Zygarde|Zygarde-Complete, shiny|100/100 slp
|switch|p1a: Yveltal|Yveltal|83/100 par
|-ability|p1a: Yveltal|Dark Aura
|
|upkeep
|turn|226
|
|t:|1666990901
|cant|p2a: Zygarde|slp
|move|p1a: Yveltal|U-turn|p2a: Zygarde
|-damage|p2a: Zygarde|92/100 slp
|
|t:|1666990908
|switch|p1a: Slowking|Slowking-Galar, M|100/100 brn|[from]move: U-turn
|
|-damage|p1a: Slowking|94/100 brn|[from] brn
|upkeep
|turn|227
|
|t:|1666990919
|-curestatus|p2a: Zygarde|slp|[msg]
|move|p2a: Zygarde|Thousand Arrows|p1a: Slowking
|-supereffective|p1a: Slowking
|-damage|p1a: Slowking|33/100 brn
|move|p1a: Slowking|Ice Beam|p2a: Zygarde
|-supereffective|p2a: Zygarde
|-damage|p2a: Zygarde|28/100
|
|-damage|p1a: Slowking|27/100 brn|[from] brn
|upkeep
|turn|228
|inactive|Lord Rekkuza has 60 seconds left.
|
|t:|1666990938
|switch|p1a: Toxapex|Toxapex, F|100/100 par
|move|p2a: Zygarde|Rest|p2a: Zygarde
|-status|p2a: Zygarde|slp|[from] move: Rest
|-heal|p2a: Zygarde|100/100 slp|[silent]
|
|upkeep
|turn|229
|inactive|Lord Rekkuza has 60 seconds left.
|
|t:|1666990944
|cant|p2a: Zygarde|slp
|move|p1a: Toxapex|Scald|p2a: Zygarde
|-damage|p2a: Zygarde|91/100 slp
|
|upkeep
|turn|230
|
|t:|1666990946
|cant|p2a: Zygarde|slp
|cant|p1a: Toxapex|par
|
|upkeep
|turn|231
|
|t:|1666990950
|switch|p2a: Chansey|Chansey, F|100/100
|move|p1a: Toxapex|Scald|p2a: Chansey
|-damage|p2a: Chansey|96/100
|
|upkeep
|turn|232
|inactive|Alfeza03 has 90 seconds left.
|inactive|Lord Rekkuza has 60 seconds left.
|
|t:|1666990955
|switch|p2a: Arceus|Arceus-Fairy|94/100
|move|p1a: Toxapex|Toxic|p2a: Arceus
|-status|p2a: Arceus|tox
|
|-damage|p2a: Arceus|88/100 tox|[from] psn
|upkeep
|turn|233
|inactive|Alfeza03 has 90 seconds left.
|
|t:|1666990962
|switch|p2a: Zygarde|Zygarde-Complete, shiny|91/100 slp
|switch|p1a: Yveltal|Yveltal|83/100 par
|-ability|p1a: Yveltal|Dark Aura
|
|upkeep
|turn|234
|inactive|Lord Rekkuza has 60 seconds left.
|
|t:|1666990970
|-curestatus|p2a: Zygarde|slp|[msg]
|move|p2a: Zygarde|Thousand Arrows|p1a: Yveltal
|-damage|p1a: Yveltal|54/100 par
|-start|p1a: Yveltal|Smack Down
|move|p1a: Yveltal|U-turn|p2a: Zygarde
|-damage|p2a: Zygarde|82/100
|
|t:|1666990973
|switch|p1a: Slowking|Slowking-Galar, M|60/100 brn|[from]move: U-turn
|
|-damage|p1a: Slowking|54/100 brn|[from] brn
|upkeep
|turn|235
|inactive|Lord Rekkuza has 60 seconds left.
|
|t:|1666990981
|switch|p1a: Toxapex|Toxapex, F|100/100 par
|-start|p2a: Zygarde|Dynamax|
|-heal|p2a: Zygarde|82/100|[silent]
|move|p2a: Zygarde|Max Quake|p1a: Toxapex
|-supereffective|p1a: Toxapex
|-damage|p1a: Toxapex|25/100 par
|-boost|p2a: Zygarde|spd|1
|
|upkeep
|turn|236
|inactive|Lord Rekkuza has 60 seconds left.
|
|t:|1666990993
|-end|p2a: Zygarde|Dynamax
|-heal|p2a: Zygarde|82/100|[silent]
|switch|p2a: Arceus|Arceus-Fairy|88/100 tox
|switch|p1a: Yveltal|Yveltal|54/100 par
|-ability|p1a: Yveltal|Dark Aura
|
|-damage|p2a: Arceus|82/100 tox|[from] psn
|upkeep
|turn|237
|inactive|Alfeza03 has 90 seconds left.
|
|t:|1666990998
|switch|p2a: Zygarde|Zygarde-Complete, shiny|82/100
|switch|p1a: Slowking|Slowking-Galar, M|87/100 brn
|
|-damage|p1a: Slowking|81/100 brn|[from] brn
|upkeep
|turn|238
|
|t:|1666991005
|switch|p2a: Chansey|Chansey, F|96/100
|move|p1a: Slowking|Ice Beam|p2a: Chansey
|-damage|p2a: Chansey|86/100
|-status|p2a: Chansey|frz
|
|-damage|p1a: Slowking|75/100 brn|[from] brn
|upkeep
|turn|239
|
|t:|1666991010
|switch|p1a: Toxapex|Toxapex, F|58/100 par
|-curestatus|p2a: Chansey|frz|[msg]
|move|p2a: Chansey|Confide|p1a: Toxapex
|-unboost|p1a: Toxapex|spa|1
|
|upkeep
|turn|240
|
|t:|1666991013
|switch|p2a: Yveltal|Yveltal, shiny|73/100
|-ability|p2a: Yveltal|Dark Aura
|move|p1a: Toxapex|Scald|p2a: Yveltal
|-damage|p2a: Yveltal|67/100
|-status|p2a: Yveltal|brn
|
|-damage|p2a: Yveltal|61/100 brn|[from] brn
|upkeep
|turn|241
|
|t:|1666991020
|switch|p1a: Yveltal|Yveltal|54/100 par
|-ability|p1a: Yveltal|Dark Aura
|move|p2a: Yveltal|Roost|p2a: Yveltal
|-heal|p2a: Yveltal|100/100 brn
|-singleturn|p2a: Yveltal|move: Roost
|
|-damage|p2a: Yveltal|94/100 brn|[from] brn
|upkeep
|turn|242
|
|t:|1666991025
|switch|p2a: Chansey|Chansey, F|86/100
|move|p1a: Yveltal|Roost|p1a: Yveltal
|-heal|p1a: Yveltal|100/100 par
|-singleturn|p1a: Yveltal|move: Roost
|
|upkeep
|turn|243
|
|t:|1666991029
|switch|p2a: Zygarde|Zygarde-Complete, shiny|82/100
|move|p1a: Yveltal|Knock Off|p2a: Zygarde
|-damage|p2a: Zygarde|67/100
|
|upkeep
|turn|244
|
|t:|1666991038
|switch|p2a: Yveltal|Yveltal, shiny|94/100 brn
|-ability|p2a: Yveltal|Dark Aura
|move|p1a: Yveltal|U-turn|p2a: Yveltal
|-damage|p2a: Yveltal|75/100 brn
|
|t:|1666991041
|switch|p1a: Toxapex|Toxapex, F|91/100 par|[from]move: U-turn
|
|-damage|p2a: Yveltal|69/100 brn|[from] brn
|upkeep
|turn|245
|
|t:|1666991050
|switch|p2a: Chansey|Chansey, F|86/100
|switch|p1a: Slowking|Slowking-Galar, M|100/100 brn
|
|-damage|p1a: Slowking|94/100 brn|[from] brn
|upkeep
|turn|246
|
|t:|1666991057
|switch|p2a: Zygarde|Zygarde-Complete, shiny|67/100
|move|p1a: Slowking|Sludge Wave|p2a: Zygarde
|-resisted|p2a: Zygarde
|-damage|p2a: Zygarde|54/100
|
|-damage|p1a: Slowking|88/100 brn|[from] brn
|upkeep
|turn|247
|
|t:|1666991060
|switch|p2a: Chansey|Chansey, F|86/100
|move|p1a: Slowking|Ice Beam|p2a: Chansey
|-damage|p2a: Chansey|77/100
|
|-damage|p1a: Slowking|82/100 brn|[from] brn
|upkeep
|turn|248
|inactive|Lord Rekkuza has 60 seconds left.
|
|t:|1666991071
|move|p2a: Chansey|Aromatherapy|p2a: Chansey
|-activate|p2a: Chansey|move: Aromatherapy
|-curestatus|p2: Yveltal|brn|[msg]
|-curestatus|p2: Arceus|tox|[msg]
|move|p1a: Slowking|Future Sight|p2a: Chansey
|-start|p1a: Slowking|move: Future Sight
|
|-damage|p1a: Slowking|76/100 brn|[from] brn
|upkeep
|turn|249
|
|t:|1666991076
|move|p2a: Chansey|Confide|p1a: Slowking
|-unboost|p1a: Slowking|spa|1
|move|p1a: Slowking|Sludge Wave|p2a: Chansey
|-damage|p2a: Chansey|66/100
|
|-damage|p1a: Slowking|70/100 brn|[from] brn
|upkeep
|turn|250
|inactive|Lord Rekkuza has 60 seconds left.
|
|t:|1666991081
|switch|p1a: Yveltal|Yveltal|100/100 par
|-ability|p1a: Yveltal|Dark Aura
|move|p2a: Chansey|Toxic||[still]
|-fail|p2a: Chansey
|
|-end|p2a: Chansey|move: Future Sight
|-damage|p2a: Chansey|45/100
|upkeep
|turn|251
|
|t:|1666991085
|switch|p2a: Arceus|Arceus-Fairy|82/100
|move|p1a: Yveltal|U-turn|p2a: Arceus
|-resisted|p2a: Arceus
|-damage|p2a: Arceus|76/100
|
|t:|1666991088
|switch|p1a: Slowking|Slowking-Galar, M|100/100 brn|[from]move: U-turn
|
|-damage|p1a: Slowking|94/100 brn|[from] brn
|upkeep
|turn|252
|
|t:|1666991091
|switch|p2a: Chansey|Chansey, F|45/100
|move|p1a: Slowking|Sludge Wave|p2a: Chansey
|-damage|p2a: Chansey|31/100
|
|-damage|p1a: Slowking|88/100 brn|[from] brn
|upkeep
|turn|253
|
|t:|1666991096
|switch|p1a: Yveltal|Yveltal|100/100 par
|-ability|p1a: Yveltal|Dark Aura
|move|p2a: Chansey|Soft-Boiled|p2a: Chansey
|-heal|p2a: Chansey|81/100
|
|upkeep
|turn|254
|
|t:|1666991099
|switch|p2a: Arceus|Arceus-Fairy|76/100
|cant|p1a: Yveltal|par
|
|upkeep
|turn|255
|
|t:|1666991103
|switch|p1a: Toxapex|Toxapex, F|100/100 par
|move|p2a: Arceus|Judgment|p1a: Toxapex
|-resisted|p1a: Toxapex
|-damage|p1a: Toxapex|85/100 par
|
|upkeep
|turn|256
|
|t:|1666991106
|switch|p2a: Zygarde|Zygarde-Complete, shiny|54/100
|move|p1a: Toxapex|Scald|p2a: Zygarde
|-damage|p2a: Zygarde|44/100
|
|upkeep
|turn|257
|
|t:|1666991111
|move|p2a: Zygarde|Rest|p2a: Zygarde
|-status|p2a: Zygarde|slp|[from] move: Rest
|-heal|p2a: Zygarde|100/100 slp|[silent]
|move|p1a: Toxapex|Scald|p2a: Zygarde
|-damage|p2a: Zygarde|91/100 slp
|
|upkeep
|turn|258
|inactive|Alfeza03 has 120 seconds left.
|j| Apprenti Buck
|l| Apprenti Buck
|inactive|Alfeza03 has 90 seconds left.
|l|☆Lord Rekkuza
|inactive|Lord Rekkuza disconnected and has a minute to reconnect!
|player|p2|
|j|☆Lord Rekkuza
|inactive|Lord Rekkuza reconnected.
|player|p2|Lord Rekkuza|lance-lgpe
|inactive|Alfeza03 has 60 seconds left.
|inactive|Alfeza03 has 30 seconds left.
|inactive|Alfeza03 has 20 seconds left.
|inactive|Alfeza03 has 15 seconds left.
|inactive|Alfeza03 has 10 seconds left.
|inactive|Alfeza03 has 5 seconds left.
|-message|Alfeza03 lost due to inactivity.
|
|win|Lord Rekkuza
|raw|Alfeza03's rating: 1605 &rarr; <strong>1594</strong><br />(-11 for losing)
|raw|Lord Rekkuza's rating: 1770 &rarr; <strong>1781</strong><br />(+11 for winning)
||Ladder isn't responding, score probably updated but might not have (Request timeout).
