|j|☆Defensive0
|j|☆Buckfromgothamcity
|t:|1667455415
|gametype|singles
|player|p1|Defensive0|riley|1942
|player|p2|Buckfromgothamcity|2|2133
|teamsize|p1|6
|teamsize|p2|6
|gen|8
|tier|[Gen 8] National Dex AG
|rated|
|rule|HP Percentage Mod: HP is shown in percentages
|rule|Endless Battle Clause: Forcing endless battles is banned
|clearpoke
|poke|p1|Groudon|
|poke|p1|Ditto|
|poke|p1|Arceus-*|
|poke|p1|Mewtwo|
|poke|p1|Arceus-*|
|poke|p1|Yveltal|
|poke|p2|Ho-Oh|
|poke|p2|Zygarde|
|poke|p2|Necrozma-Dusk-Mane|
|poke|p2|Yveltal|
|poke|p2|Chansey, F|
|poke|p2|Arceus-*|
|teampreview
|inactive|Battle timer is ON: inactive players will automatically lose when time's up. (requested by Defensive0)
|
|t:|1667455427
|start
|switch|p1a: Mewtwo|Mewtwo|100/100
|switch|p2a: Zygarde|Zygarde|100/100
|-ability|p1a: Mewtwo|Pressure
|turn|1
|
|t:|1667455430
|switch|p2a: Ho-Oh|Ho-Oh|100/100
|move|p1a: Mewtwo|Taunt|p2a: Ho-Oh
|-start|p2a: Ho-Oh|move: Taunt
|
|upkeep
|turn|2
|
|t:|1667455436
|detailschange|p1a: Mewtwo|Mewtwo-Mega-X
|-mega|p1a: Mewtwo|Mewtwo|Mewtwonite X
|move|p1a: Mewtwo|Stone Edge|p2a: Ho-Oh
|-supereffective|p2a: Ho-Oh
|-damage|p2a: Ho-Oh|0 fnt
|faint|p2a: Ho-Oh
|
|upkeep
|
|t:|1667455444
|switch|p2a: Arceus|Arceus-Fairy|100/100
|turn|3
|
|t:|1667455448
|switch|p1a: Groudon|Groudon|100/100
|detailschange|p1a: Groudon|Groudon-Primal
|-primal|p1a: Groudon
|-weather|DesolateLand|[from] ability: Desolate Land|[of] p1a: Groudon
|move|p2a: Arceus|Judgment|p1a: Groudon
|-resisted|p1a: Groudon
|-damage|p1a: Groudon|73/100
|
|-weather|DesolateLand|[upkeep]
|upkeep
|turn|4
|
|t:|1667455458
|move|p1a: Groudon|Hone Claws|p1a: Groudon
|-boost|p1a: Groudon|atk|1
|-boost|p1a: Groudon|accuracy|1
|move|p2a: Arceus|Judgment|p1a: Groudon
|-resisted|p1a: Groudon
|-damage|p1a: Groudon|48/100
|
|-weather|DesolateLand|[upkeep]
|upkeep
|turn|5
|
|t:|1667455467
|switch|p2a: Zygarde|Zygarde|100/100
|move|p1a: Groudon|Heat Crash|p2a: Zygarde
|-resisted|p2a: Zygarde
|-damage|p2a: Zygarde|68/100
|
|-weather|DesolateLand|[upkeep]
|upkeep
|turn|6
|
|t:|1667455472
|move|p1a: Groudon|Precipice Blades|p2a: Zygarde
|-damage|p2a: Zygarde|2/100
|move|p2a: Zygarde|Glare|p1a: Groudon
|-status|p1a: Groudon|par
|
|-weather|DesolateLand|[upkeep]
|-activate|p2a: Zygarde|ability: Power Construct
|detailschange|p2a: Zygarde|Zygarde-Complete
|-heal|p2a: Zygarde|36/100|[silent]
|upkeep
|turn|7
|
|t:|1667455483
|switch|p2a: Yveltal|Yveltal|100/100
|-ability|p2a: Yveltal|Dark Aura
|move|p1a: Groudon|Precipice Blades|p2a: Yveltal
|-immune|p2a: Yveltal
|
|-weather|DesolateLand|[upkeep]
|upkeep
|turn|8
|
|t:|1667455488
|-weather|none
|switch|p1a: Arceus|Arceus-Fairy|100/100
|move|p2a: Yveltal|Foul Play|p1a: Arceus
|-resisted|p1a: Arceus
|-damage|p1a: Arceus|87/100
|
|upkeep
|turn|9
|
|t:|1667455500
|move|p1a: Arceus|Stealth Rock|p2a: Yveltal
|-sidestart|p2: Buckfromgothamcity|move: Stealth Rock
|move|p2a: Yveltal|Toxic|p1a: Arceus|[miss]
|-miss|p2a: Yveltal|p1a: Arceus
|
|upkeep
|turn|10
|
|t:|1667455505
|switch|p2a: Necrozma|Necrozma-Dusk-Mane|100/100
|-damage|p2a: Necrozma|94/100|[from] Stealth Rock
|move|p1a: Arceus|Judgment|p2a: Necrozma
|-resisted|p2a: Necrozma
|-damage|p2a: Necrozma|75/100
|
|upkeep
|turn|11
|
|t:|1667455510
|switch|p1a: Groudon|Groudon-Primal|48/100 par
|-weather|DesolateLand|[from] ability: Desolate Land|[of] p1a: Groudon
|move|p2a: Necrozma|Stealth Rock|p1a: Groudon
|-sidestart|p1: Defensive0|move: Stealth Rock
|
|-weather|DesolateLand|[upkeep]
|upkeep
|turn|12
|
|t:|1667455519
|switch|p2a: Zygarde|Zygarde-Complete|36/100
|-damage|p2a: Zygarde|29/100|[from] Stealth Rock
|move|p1a: Groudon|Heat Crash|p2a: Zygarde
|-resisted|p2a: Zygarde
|-damage|p2a: Zygarde|23/100
|
|-weather|DesolateLand|[upkeep]
|upkeep
|turn|13
|
|t:|1667455523
|move|p2a: Zygarde|Rest|p2a: Zygarde
|-status|p2a: Zygarde|slp|[from] move: Rest
|-heal|p2a: Zygarde|100/100 slp|[silent]
|move|p1a: Groudon|Hone Claws|p1a: Groudon
|-boost|p1a: Groudon|atk|1
|-boost|p1a: Groudon|accuracy|1
|
|-weather|DesolateLand|[upkeep]
|upkeep
|turn|14
|
|t:|1667455527
|cant|p2a: Zygarde|slp
|cant|p1a: Groudon|par
|
|-weather|DesolateLand|[upkeep]
|upkeep
|turn|15
|
|t:|1667455536
|switch|p2a: Yveltal|Yveltal|100/100
|-ability|p2a: Yveltal|Dark Aura
|cant|p1a: Groudon|par
|
|-weather|DesolateLand|[upkeep]
|upkeep
|turn|16
|
|t:|1667455548
|-weather|none
|switch|p1a: Arceus|Arceus-Fairy|87/100
|-damage|p1a: Arceus|74/100|[from] Stealth Rock
|move|p2a: Yveltal|Foul Play|p1a: Arceus
|-resisted|p1a: Arceus
|-damage|p1a: Arceus|60/100
|
|upkeep
|turn|17
|
|t:|1667455553
|move|p1a: Arceus|Recover|p1a: Arceus
|-heal|p1a: Arceus|100/100
|move|p2a: Yveltal|Toxic|p1a: Arceus
|-status|p1a: Arceus|tox
|
|-damage|p1a: Arceus|94/100 tox|[from] psn
|upkeep
|turn|18
|
|t:|1667455561
|switch|p1a: Yveltal|Yveltal, shiny|100/100
|-ability|p1a: Yveltal|Dark Aura
|switch|p2a: Necrozma|Necrozma-Dusk-Mane|75/100
|-damage|p2a: Necrozma|69/100|[from] Stealth Rock
|
|upkeep
|turn|19
|
|t:|1667455564
|move|p1a: Yveltal|Taunt|p2a: Necrozma
|-start|p2a: Necrozma|move: Taunt
|cant|p2a: Necrozma|move: Taunt|Morning Sun
|
|upkeep
|turn|20
|
|t:|1667455567
|switch|p2a: Arceus|Arceus-Fairy|100/100
|-damage|p2a: Arceus|88/100|[from] Stealth Rock
|move|p1a: Yveltal|Foul Play|p2a: Arceus
|-resisted|p2a: Arceus
|-damage|p2a: Arceus|79/100
|
|upkeep
|turn|21
|
|t:|1667455575
|switch|p1a: Groudon|Groudon-Primal|48/100 par
|-damage|p1a: Groudon|36/100 par|[from] Stealth Rock
|-weather|DesolateLand|[from] ability: Desolate Land|[of] p1a: Groudon
|move|p2a: Arceus|Judgment|p1a: Groudon
|-resisted|p1a: Groudon
|-damage|p1a: Groudon|8/100 par
|
|-weather|DesolateLand|[upkeep]
|upkeep
|turn|22
|
|t:|1667455577
|move|p2a: Arceus|Judgment|p1a: Groudon
|-resisted|p1a: Groudon
|-damage|p1a: Groudon|0 fnt
|faint|p1a: Groudon
|-weather|none
|
|upkeep
|
|t:|1667455591
|switch|p1a: Mewtwo|Mewtwo-Mega-X|100/100
|-damage|p1a: Mewtwo|94/100|[from] Stealth Rock
|turn|23
|
|t:|1667455593
|move|p1a: Mewtwo|Taunt|p2a: Arceus
|-start|p2a: Arceus|move: Taunt
|cant|p2a: Arceus|move: Taunt|Recover
|
|upkeep
|turn|24
|
|t:|1667455604
|move|p1a: Mewtwo|Low Kick|p2a: Arceus
|-resisted|p2a: Arceus
|-damage|p2a: Arceus|59/100
|move|p2a: Arceus|Judgment|p1a: Mewtwo
|-supereffective|p1a: Mewtwo
|-damage|p1a: Mewtwo|0 fnt
|faint|p1a: Mewtwo
|
|upkeep
|
|t:|1667455607
|switch|p1a: Arceus|Arceus|100/100
|-damage|p1a: Arceus|88/100|[from] Stealth Rock
|turn|25
|
|t:|1667455614
|switch|p2a: Yveltal|Yveltal|100/100
|-ability|p2a: Yveltal|Dark Aura
|move|p1a: Arceus|Swords Dance|p1a: Arceus
|-boost|p1a: Arceus|atk|2
|
|upkeep
|turn|26
|
|t:|1667455619
|switch|p2a: Arceus|Arceus-Fairy|59/100
|-damage|p2a: Arceus|47/100|[from] Stealth Rock
|-start|p1a: Arceus|Dynamax|
|-heal|p1a: Arceus|88/100|[silent]
|move|p1a: Arceus|Max Strike|p2a: Arceus
|-damage|p2a: Arceus|0 fnt
|faint|p2a: Arceus
|
|upkeep
|
|t:|1667455628
|switch|p2a: Zygarde|Zygarde-Complete|100/100 slp
|-damage|p2a: Zygarde|94/100 slp|[from] Stealth Rock
|turn|27
|
|t:|1667455638
|move|p1a: Arceus|Max Phantasm|p2a: Zygarde
|-damage|p2a: Zygarde|67/100 slp
|-unboost|p2a: Zygarde|def|1
|cant|p2a: Zygarde|slp
|
|upkeep
|turn|28
|
|t:|1667455653
|-start|p2a: Zygarde|Dynamax|
|-heal|p2a: Zygarde|67/100 slp|[silent]
|-curestatus|p2a: Zygarde|slp|[msg]
|move|p2a: Zygarde|Max Guard|p2a: Zygarde
|-singleturn|p2a: Zygarde|Max Guard
|move|p1a: Arceus|Max Strike|p2a: Zygarde
|-activate|p2a: Zygarde|move: Max Guard
|
|upkeep
|-end|p1a: Arceus|Dynamax
|-heal|p1a: Arceus|88/100|[silent]
|turn|29
|
|t:|1667455663
|move|p1a: Arceus|Swords Dance|p1a: Arceus
|-boost|p1a: Arceus|atk|2
|move|p2a: Zygarde|Max Quake|p1a: Arceus
|-damage|p1a: Arceus|59/100
|-boost|p2a: Zygarde|spd|1
|
|upkeep
|turn|30
|
|t:|1667455669
|move|p1a: Arceus|Swords Dance|p1a: Arceus
|-boost|p1a: Arceus|atk|2
|move|p2a: Zygarde|Max Quake|p1a: Arceus
|-damage|p1a: Arceus|27/100
|-boost|p2a: Zygarde|spd|1
|
|upkeep
|-end|p2a: Zygarde|Dynamax
|-heal|p2a: Zygarde|67/100|[silent]
|turn|31
|
|t:|1667455676
|switch|p2a: Necrozma|Necrozma-Dusk-Mane|69/100
|-damage|p2a: Necrozma|63/100|[from] Stealth Rock
|move|p1a: Arceus|Extreme Speed|p2a: Necrozma
|-resisted|p2a: Necrozma
|-damage|p2a: Necrozma|21/100
|-damage|p1a: Arceus|10/100|[from] item: Rocky Helmet|[of] p2a: Necrozma
|
|upkeep
|turn|32
|
|t:|1667455683
|switch|p2a: Zygarde|Zygarde-Complete|67/100
|-damage|p2a: Zygarde|61/100|[from] Stealth Rock
|move|p1a: Arceus|Recover|p1a: Arceus
|-heal|p1a: Arceus|60/100
|
|upkeep
|turn|33
|
|t:|1667455686
|move|p1a: Arceus|Extreme Speed|p2a: Zygarde
|-damage|p2a: Zygarde|1/100
|move|p2a: Zygarde|Haze|p2a: Zygarde
|-clearallboost
|
|upkeep
|turn|34
|
|t:|1667455694
|switch|p2a: Yveltal|Yveltal|100/100
|-ability|p2a: Yveltal|Dark Aura
|move|p1a: Arceus|Extreme Speed|p2a: Yveltal
|-damage|p2a: Yveltal|69/100
|
|upkeep
|turn|35
|
|t:|1667455704
|switch|p1a: Yveltal|Yveltal, shiny|100/100
|-ability|p1a: Yveltal|Dark Aura
|move|p2a: Yveltal|Roost|p2a: Yveltal
|-heal|p2a: Yveltal|100/100
|-singleturn|p2a: Yveltal|move: Roost
|
|upkeep
|turn|36
|
|t:|1667455710
|move|p1a: Yveltal|Taunt|p2a: Yveltal
|-start|p2a: Yveltal|move: Taunt
|cant|p2a: Yveltal|move: Taunt|Toxic
|
|upkeep
|turn|37
|
|t:|1667455714
|switch|p2a: Chansey|Chansey, F|100/100
|-damage|p2a: Chansey|88/100|[from] Stealth Rock
|move|p1a: Yveltal|Foul Play|p2a: Chansey
|-damage|p2a: Chansey|86/100
|
|upkeep
|turn|38
|
|t:|1667455718
|move|p1a: Yveltal|Taunt|p2a: Chansey
|-start|p2a: Chansey|move: Taunt
|move|p2a: Chansey|Seismic Toss|p1a: Yveltal
|-damage|p1a: Yveltal|79/100
|
|upkeep
|turn|39
|
|t:|1667455721
|move|p1a: Yveltal|Foul Play|p2a: Chansey
|-damage|p2a: Chansey|84/100
|move|p2a: Chansey|Seismic Toss|p1a: Yveltal
|-damage|p1a: Yveltal|57/100
|
|upkeep
|turn|40
|
|t:|1667455724
|move|p1a: Yveltal|Roost|p1a: Yveltal
|-heal|p1a: Yveltal|100/100
|-singleturn|p1a: Yveltal|move: Roost
|move|p2a: Chansey|Seismic Toss|p1a: Yveltal
|-damage|p1a: Yveltal|79/100
|
|-end|p2a: Chansey|move: Taunt
|upkeep
|turn|41
|
|t:|1667455727
|move|p1a: Yveltal|Taunt|p2a: Chansey
|-start|p2a: Chansey|move: Taunt
|move|p2a: Chansey|Seismic Toss|p1a: Yveltal
|-damage|p1a: Yveltal|57/100
|
|upkeep
|turn|42
|
|t:|1667455729
|move|p1a: Yveltal|Roost|p1a: Yveltal
|-heal|p1a: Yveltal|100/100
|-singleturn|p1a: Yveltal|move: Roost
|move|p2a: Chansey|Seismic Toss|p1a: Yveltal
|-damage|p1a: Yveltal|79/100
|
|upkeep
|turn|43
|
|t:|1667455744
|switch|p1a: Ditto|Ditto, shiny|100/100
|-damage|p1a: Ditto|88/100|[from] Stealth Rock
|-transform|p1a: Ditto|p2a: Chansey|[from] ability: Imposter
|move|p2a: Chansey|Seismic Toss|p1a: Ditto
|-damage|p1a: Ditto|55/100
|
|-end|p2a: Chansey|move: Taunt
|upkeep
|turn|44
|
|t:|1667455750
|move|p1a: Ditto|Heal Bell|p1a: Ditto
|-activate|p1a: Ditto|move: Heal Bell
|-curestatus|p1: Arceus|tox|[msg]
|move|p2a: Chansey|Seismic Toss|p1a: Ditto
|-damage|p1a: Ditto|21/100
|
|upkeep
|turn|45
|
|t:|1667455756
|switch|p1a: Arceus|Arceus|60/100
|-damage|p1a: Arceus|48/100|[from] Stealth Rock
|move|p2a: Chansey|Seismic Toss|p1a: Arceus
|-damage|p1a: Arceus|25/100
|
|upkeep
|turn|46
|
|t:|1667455759
|switch|p2a: Yveltal|Yveltal|100/100
|-ability|p2a: Yveltal|Dark Aura
|move|p1a: Arceus|Recover|p1a: Arceus
|-heal|p1a: Arceus|75/100
|
|upkeep
|turn|47
|
|t:|1667455773
|switch|p1a: Ditto|Ditto, shiny|21/100
|-damage|p1a: Ditto|9/100|[from] Stealth Rock
|-transform|p1a: Ditto|p2a: Yveltal|[from] ability: Imposter
|-ability|p1a: Ditto|Dark Aura
|move|p2a: Yveltal|Toxic|p1a: Ditto
|-status|p1a: Ditto|tox
|
|-damage|p1a: Ditto|3/100 tox|[from] psn
|upkeep
|turn|48
|
|t:|1667455788
|move|p2a: Yveltal|Sucker Punch||[still]
|-fail|p2a: Yveltal
|move|p1a: Ditto|Roost|p1a: Ditto
|-heal|p1a: Ditto|53/100 tox
|-singleturn|p1a: Ditto|move: Roost
|
|-damage|p1a: Ditto|41/100 tox|[from] psn
|upkeep
|turn|49
|
|t:|1667455797
|switch|p1a: Arceus|Arceus-Fairy|94/100
|-damage|p1a: Arceus|82/100|[from] Stealth Rock
|move|p2a: Yveltal|Foul Play|p1a: Arceus
|-resisted|p1a: Arceus
|-damage|p1a: Arceus|68/100
|
|upkeep
|turn|50
|
|t:|1667455801
|switch|p2a: Chansey|Chansey, F|84/100
|-damage|p2a: Chansey|72/100|[from] Stealth Rock
|move|p1a: Arceus|Judgment|p2a: Chansey
|-damage|p2a: Chansey|60/100
|
|upkeep
|turn|51
|
|t:|1667455805
|move|p1a: Arceus|Toxic|p2a: Chansey|[miss]
|-miss|p1a: Arceus|p2a: Chansey
|move|p2a: Chansey|Soft-Boiled|p2a: Chansey
|-heal|p2a: Chansey|100/100
|
|upkeep
|turn|52
|
|t:|1667455811
|move|p1a: Arceus|Toxic|p2a: Chansey
|-status|p2a: Chansey|tox
|move|p2a: Chansey|Confide|p1a: Arceus
|-unboost|p1a: Arceus|spa|1
|
|-damage|p2a: Chansey|94/100 tox|[from] psn
|upkeep
|turn|53
|
|t:|1667455815
|switch|p1a: Ditto|Ditto, shiny|41/100 tox
|-damage|p1a: Ditto|29/100 tox|[from] Stealth Rock
|-transform|p1a: Ditto|p2a: Chansey|[from] ability: Imposter
|-curestatus|p2a: Chansey|tox|[from] ability: Natural Cure
|switch|p2a: Yveltal|Yveltal|100/100
|-ability|p2a: Yveltal|Dark Aura
|
|-damage|p1a: Ditto|23/100 tox|[from] psn
|upkeep
|turn|54
|
|t:|1667455823
|move|p2a: Yveltal|Toxic|p1a: Ditto
|-fail|p1a: Ditto|tox
|move|p1a: Ditto|Soft-Boiled|p1a: Ditto
|-heal|p1a: Ditto|73/100 tox
|
|-damage|p1a: Ditto|61/100 tox|[from] psn
|upkeep
|turn|55
|
|t:|1667455827
|move|p2a: Yveltal|Toxic|p1a: Ditto
|-fail|p1a: Ditto|tox
|move|p1a: Ditto|Soft-Boiled|p1a: Ditto
|-heal|p1a: Ditto|100/100 tox
|
|-damage|p1a: Ditto|82/100 tox|[from] psn
|upkeep
|turn|56
|
|t:|1667455834
|-curestatus|p1a: Ditto|tox|[from] ability: Natural Cure
|switch|p1a: Arceus|Arceus-Fairy|68/100
|-damage|p1a: Arceus|55/100|[from] Stealth Rock
|move|p2a: Yveltal|Foul Play|p1a: Arceus
|-resisted|p1a: Arceus
|-damage|p1a: Arceus|41/100
|
|upkeep
|turn|57
|
|t:|1667455840
|move|p1a: Arceus|Recover|p1a: Arceus
|-heal|p1a: Arceus|91/100
|move|p2a: Yveltal|Toxic|p1a: Arceus
|-status|p1a: Arceus|tox
|
|-damage|p1a: Arceus|85/100 tox|[from] psn
|upkeep
|turn|58
|
|t:|1667455847
|move|p1a: Arceus|Judgment|p2a: Yveltal
|-supereffective|p2a: Yveltal
|-damage|p2a: Yveltal|45/100
|move|p2a: Yveltal|Roost|p2a: Yveltal
|-heal|p2a: Yveltal|95/100
|-singleturn|p2a: Yveltal|move: Roost
|
|-damage|p1a: Arceus|73/100 tox|[from] psn
|upkeep
|turn|59
|
|t:|1667455851
|move|p1a: Arceus|Toxic|p2a: Yveltal
|-status|p2a: Yveltal|tox
|move|p2a: Yveltal|Roost|p2a: Yveltal
|-heal|p2a: Yveltal|100/100 tox
|-singleturn|p2a: Yveltal|move: Roost
|
|-damage|p1a: Arceus|55/100 tox|[from] psn
|-damage|p2a: Yveltal|94/100 tox|[from] psn
|upkeep
|turn|60
|
|t:|1667455855
|move|p1a: Arceus|Recover|p1a: Arceus
|-heal|p1a: Arceus|100/100 tox
|move|p2a: Yveltal|Roost|p2a: Yveltal
|-heal|p2a: Yveltal|100/100 tox
|-singleturn|p2a: Yveltal|move: Roost
|
|-damage|p1a: Arceus|76/100 tox|[from] psn
|-damage|p2a: Yveltal|88/100 tox|[from] psn
|upkeep
|turn|61
|
|t:|1667455859
|switch|p1a: Yveltal|Yveltal, shiny|79/100
|-ability|p1a: Yveltal|Dark Aura
|switch|p2a: Chansey|Chansey, F|94/100
|-damage|p2a: Chansey|82/100|[from] Stealth Rock
|
|upkeep
|turn|62
|
|t:|1667455865
|move|p1a: Yveltal|Taunt|p2a: Chansey
|-start|p2a: Chansey|move: Taunt
|move|p2a: Chansey|Seismic Toss|p1a: Yveltal
|-damage|p1a: Yveltal|57/100
|
|upkeep
|turn|63
|
|t:|1667455871
|move|p1a: Yveltal|Roost|p1a: Yveltal
|-heal|p1a: Yveltal|100/100
|-singleturn|p1a: Yveltal|move: Roost
|move|p2a: Chansey|Seismic Toss|p1a: Yveltal
|-damage|p1a: Yveltal|79/100
|
|upkeep
|turn|64
|
|t:|1667455880
|switch|p1a: Arceus|Arceus|75/100
|-damage|p1a: Arceus|63/100|[from] Stealth Rock
|move|p2a: Chansey|Seismic Toss|p1a: Arceus
|-damage|p1a: Arceus|41/100
|
|-end|p2a: Chansey|move: Taunt
|upkeep
|turn|65
|
|t:|1667455887
|move|p1a: Arceus|Swords Dance|p1a: Arceus
|-boost|p1a: Arceus|atk|2
|move|p2a: Chansey|Heal Bell|p2a: Chansey
|-activate|p2a: Chansey|move: Heal Bell
|-curestatus|p2: Yveltal|tox|[msg]
|
|upkeep
|turn|66
|
|t:|1667455895
|switch|p2a: Zygarde|Zygarde-Complete|1/100
|-damage|p2a: Zygarde|0 fnt|[from] Stealth Rock
|faint|p2a: Zygarde
|move|p1a: Arceus|Recover|p1a: Arceus
|-heal|p1a: Arceus|91/100
|
|upkeep
|
|t:|1667455897
|switch|p2a: Yveltal|Yveltal|88/100
|-ability|p2a: Yveltal|Dark Aura
|turn|67
|
|t:|1667455900
|switch|p1a: Yveltal|Yveltal, shiny|79/100
|-ability|p1a: Yveltal|Dark Aura
|move|p2a: Yveltal|Foul Play|p1a: Yveltal
|-resisted|p1a: Yveltal
|-damage|p1a: Yveltal|64/100
|
|upkeep
|turn|68
|
|t:|1667455908
|move|p1a: Yveltal|Taunt|p2a: Yveltal
|-start|p2a: Yveltal|move: Taunt
|move|p2a: Yveltal|Foul Play|p1a: Yveltal
|-resisted|p1a: Yveltal
|-damage|p1a: Yveltal|49/100
|
|upkeep
|turn|69
|
|t:|1667455911
|switch|p2a: Chansey|Chansey, F|82/100
|-damage|p2a: Chansey|69/100|[from] Stealth Rock
|move|p1a: Yveltal|Roost|p1a: Yveltal
|-heal|p1a: Yveltal|99/100
|-singleturn|p1a: Yveltal|move: Roost
|
|upkeep
|turn|70
|
|t:|1667455918
|switch|p1a: Ditto|Ditto, shiny|82/100
|-damage|p1a: Ditto|70/100|[from] Stealth Rock
|-transform|p1a: Ditto|p2a: Chansey|[from] ability: Imposter
|move|p2a: Chansey|Seismic Toss|p1a: Ditto
|-damage|p1a: Ditto|37/100
|
|upkeep
|turn|71
|
|t:|1667455922
|switch|p2a: Necrozma|Necrozma-Dusk-Mane|21/100
|-damage|p2a: Necrozma|15/100|[from] Stealth Rock
|move|p1a: Ditto|Heal Bell|p1a: Ditto
|-activate|p1a: Ditto|move: Heal Bell
|-curestatus|p1: Arceus|tox|[msg]
|
|upkeep
|turn|72
|
|t:|1667455928
|switch|p1a: Arceus|Arceus|91/100
|-damage|p1a: Arceus|78/100|[from] Stealth Rock
|move|p2a: Necrozma|Morning Sun|p2a: Necrozma
|-heal|p2a: Necrozma|65/100
|
|upkeep
|turn|73
|
|t:|1667455932
|switch|p2a: Yveltal|Yveltal|88/100
|-ability|p2a: Yveltal|Dark Aura
|move|p1a: Arceus|Swords Dance|p1a: Arceus
|-boost|p1a: Arceus|atk|2
|
|upkeep
|turn|74
|
|t:|1667455936
|move|p1a: Arceus|Extreme Speed|p2a: Yveltal
|-damage|p2a: Yveltal|21/100
|move|p2a: Yveltal|Foul Play|p1a: Arceus
|-damage|p1a: Arceus|0 fnt
|faint|p1a: Arceus
|
|upkeep
|
|t:|1667455941
|switch|p1a: Arceus|Arceus-Fairy|76/100
|-damage|p1a: Arceus|64/100|[from] Stealth Rock
|turn|75
|
|t:|1667455946
|switch|p2a: Chansey|Chansey, F|69/100
|-damage|p2a: Chansey|57/100|[from] Stealth Rock
|move|p1a: Arceus|Judgment|p2a: Chansey
|-damage|p2a: Chansey|44/100
|
|upkeep
|turn|76
|
|t:|1667455950
|switch|p1a: Yveltal|Yveltal, shiny|99/100
|-ability|p1a: Yveltal|Dark Aura
|move|p2a: Chansey|Soft-Boiled|p2a: Chansey
|-heal|p2a: Chansey|94/100
|
|upkeep
|turn|77
|
|t:|1667455953
|move|p1a: Yveltal|Taunt|p2a: Chansey
|-start|p2a: Chansey|move: Taunt
|move|p2a: Chansey|Seismic Toss|p1a: Yveltal
|-damage|p1a: Yveltal|77/100
|
|upkeep
|turn|78
|
|t:|1667455965
|move|p1a: Yveltal|Sucker Punch|p2a: Chansey
|-damage|p2a: Chansey|60/100
|move|p2a: Chansey|Seismic Toss|p1a: Yveltal
|-damage|p1a: Yveltal|55/100
|
|upkeep
|turn|79
|c|☆Buckfromgothamcity|Gg
|
|t:|1667455975
|switch|p2a: Yveltal|Yveltal|21/100
|-ability|p2a: Yveltal|Dark Aura
|move|p1a: Yveltal|Roost|p1a: Yveltal
|-heal|p1a: Yveltal|100/100
|-singleturn|p1a: Yveltal|move: Roost
|
|upkeep
|turn|80
|
|t:|1667455985
|move|p1a: Yveltal|Taunt|p2a: Yveltal
|-start|p2a: Yveltal|move: Taunt
|cant|p2a: Yveltal|move: Taunt|Roost
|
|upkeep
|turn|81
|
|t:|1667455989
|move|p2a: Yveltal|Foul Play|p1a: Yveltal
|-resisted|p1a: Yveltal
|-damage|p1a: Yveltal|87/100
|move|p1a: Yveltal|Foul Play|p2a: Yveltal
|-resisted|p2a: Yveltal
|-damage|p2a: Yveltal|0 fnt
|faint|p2a: Yveltal
|
|upkeep
|c|☆Defensive0|Gg
|
|t:|1667455996
|switch|p2a: Necrozma|Necrozma-Dusk-Mane|65/100
|-damage|p2a: Necrozma|59/100|[from] Stealth Rock
|turn|82
|
|t:|1667456001
|move|p1a: Yveltal|Taunt|p2a: Necrozma
|-start|p2a: Necrozma|move: Taunt
|cant|p2a: Necrozma|move: Taunt|Morning Sun
|
|upkeep
|turn|83
|
|t:|1667456006
|move|p1a: Yveltal|Foul Play|p2a: Necrozma
|-supereffective|p2a: Necrozma
|-damage|p2a: Necrozma|8/100
|-damage|p1a: Yveltal|70/100|[from] item: Rocky Helmet|[of] p2a: Necrozma
|move|p2a: Necrozma|Sunsteel Strike|p1a: Yveltal
|-damage|p1a: Yveltal|40/100
|
|upkeep
|turn|84
|
|t:|1667456012
|move|p1a: Yveltal|Foul Play|p2a: Necrozma
|-supereffective|p2a: Necrozma
|-damage|p2a: Necrozma|0 fnt
|-damage|p1a: Yveltal|23/100|[from] item: Rocky Helmet|[of] p2a: Necrozma
|faint|p2a: Necrozma
|
|upkeep
|
|t:|1667456014
|switch|p2a: Chansey|Chansey, F|60/100
|-damage|p2a: Chansey|48/100|[from] Stealth Rock
|turn|85
|
|t:|1667456018
|move|p1a: Yveltal|Roost|p1a: Yveltal
|-heal|p1a: Yveltal|73/100
|-singleturn|p1a: Yveltal|move: Roost
|move|p2a: Chansey|Soft-Boiled|p2a: Chansey
|-heal|p2a: Chansey|98/100
|
|upkeep
|turn|86
|
|t:|1667456021
|move|p1a: Yveltal|Taunt|p2a: Chansey
|-start|p2a: Chansey|move: Taunt
|move|p2a: Chansey|Seismic Toss|p1a: Yveltal
|-damage|p1a: Yveltal|51/100
|
|upkeep
|turn|87
|
|t:|1667456025
|move|p1a: Yveltal|Sucker Punch|p2a: Chansey
|-damage|p2a: Chansey|69/100
|move|p2a: Chansey|Seismic Toss|p1a: Yveltal
|-damage|p1a: Yveltal|29/100
|
|upkeep
|turn|88
|
|t:|1667456028
|move|p1a: Yveltal|Roost|p1a: Yveltal
|-heal|p1a: Yveltal|79/100
|-singleturn|p1a: Yveltal|move: Roost
|move|p2a: Chansey|Seismic Toss|p1a: Yveltal
|-damage|p1a: Yveltal|57/100
|
|-end|p2a: Chansey|move: Taunt
|upkeep
|turn|89
|
|t:|1667456032
|move|p1a: Yveltal|Taunt|p2a: Chansey
|-start|p2a: Chansey|move: Taunt
|move|p2a: Chansey|Seismic Toss|p1a: Yveltal
|-damage|p1a: Yveltal|35/100
|
|upkeep
|turn|90
|
|t:|1667456036
|move|p1a: Yveltal|Sucker Punch|p2a: Chansey
|-damage|p2a: Chansey|37/100
|move|p2a: Chansey|Seismic Toss|p1a: Yveltal
|-damage|p1a: Yveltal|13/100
|
|upkeep
|turn|91
|
|t:|1667456039
|move|p1a: Yveltal|Roost|p1a: Yveltal
|-heal|p1a: Yveltal|63/100
|-singleturn|p1a: Yveltal|move: Roost
|move|p2a: Chansey|Seismic Toss|p1a: Yveltal
|-damage|p1a: Yveltal|41/100
|
|-end|p2a: Chansey|move: Taunt
|upkeep
|turn|92
|
|t:|1667456043
|move|p1a: Yveltal|Taunt|p2a: Chansey
|-start|p2a: Chansey|move: Taunt
|cant|p2a: Chansey|move: Taunt|Soft-Boiled
|
|upkeep
|turn|93
|
|t:|1667456046
|move|p1a: Yveltal|Sucker Punch|p2a: Chansey
|-damage|p2a: Chansey|7/100
|move|p2a: Chansey|Seismic Toss|p1a: Yveltal
|-damage|p1a: Yveltal|19/100
|
|upkeep
|turn|94
|
|t:|1667456051
|move|p1a: Yveltal|Sucker Punch|p2a: Chansey
|-damage|p2a: Chansey|0 fnt
|faint|p2a: Chansey
|
|win|Defensive0
|raw|Defensive0's rating: 1942 &rarr; <strong>1972</strong><br />(+30 for winning)
|raw|Buckfromgothamcity's rating: 2133 &rarr; <strong>2103</strong><br />(-30 for losing)
|l|☆Buckfromgothamcity
