|j|☆MiguelRRM
|j|☆AG Champion Red
|t:|1659891448
|gametype|singles
|player|p1|MiguelRRM|101|1869
|player|p2|AG Champion Red|red-masters|1699
|teamsize|p1|6
|teamsize|p2|6
|gen|8
|tier|[Gen 8] National Dex AG
|rated|
|rule|HP Percentage Mod: HP is shown in percentages
|rule|Endless Battle Clause: Forcing endless battles is banned
|clearpoke
|poke|p1|Yveltal|
|poke|p1|Groudon|
|poke|p1|Rayquaza|
|poke|p1|Arceus-*|
|poke|p1|Calyrex-Shadow|
|poke|p1|Smeargle, F|
|poke|p2|Ditto|
|poke|p2|Rayquaza|
|poke|p2|Zacian-*|
|poke|p2|Yveltal|
|poke|p2|Groudon|
|poke|p2|Necrozma-Dusk-Mane|
|teampreview
|inactive|Battle timer is ON: inactive players will automatically lose when time's up. (requested by AG Champion Red)
|inactive|AG Champion Red has 120 seconds left.
|
|t:|1659891480
|start
|switch|p1a: Smeargle|Smeargle, F|100/100
|switch|p2a: Yveltal|Yveltal|100/100
|-ability|p2a: Yveltal|Dark Aura
|turn|1
|
|t:|1659891484
|move|p1a: Smeargle|Magic Coat|p1a: Smeargle
|-singleturn|p1a: Smeargle|move: Magic Coat
|move|p2a: Yveltal|Taunt|p1a: Smeargle
|move|p1a: Smeargle|Taunt|p2a: Yveltal|[from]Magic Coat
|-start|p2a: Yveltal|move: Taunt
|
|-ability|p1a: Smeargle|Moody|boost
|-boost|p1a: Smeargle|atk|2
|-unboost|p1a: Smeargle|spd|1
|upkeep
|turn|2
|
|t:|1659891497
|switch|p1a: Arceus|Arceus-Ground|100/100
|move|p2a: Yveltal|Foul Play|p1a: Arceus
|-damage|p1a: Arceus|74/100
|
|upkeep
|turn|3
|
|t:|1659891499
|switch|p2a: Zacian|Zacian, shiny|100/100
|-ability|p2a: Zacian|Intrepid Sword|boost
|-boost|p2a: Zacian|atk|1
|move|p1a: Arceus|Rock Tomb|p2a: Zacian
|-damage|p2a: Zacian|87/100
|-unboost|p2a: Zacian|spe|1
|
|upkeep
|turn|4
|
|t:|1659891503
|move|p1a: Arceus|Judgment|p2a: Zacian
|-damage|p2a: Zacian|42/100
|move|p2a: Zacian|Play Rough|p1a: Arceus
|-damage|p1a: Arceus|3/100
|
|upkeep
|turn|5
|
|t:|1659891510
|switch|p1a: Groudon|Groudon|100/100
|detailschange|p1a: Groudon|Groudon-Primal
|-primal|p1a: Groudon
|-weather|DesolateLand|[from] ability: Desolate Land|[of] p1a: Groudon
|switch|p2a: Yveltal|Yveltal|100/100
|-ability|p2a: Yveltal|Dark Aura
|
|-weather|DesolateLand|[upkeep]
|upkeep
|turn|6
|
|t:|1659891525
|switch|p2a: Zacian|Zacian, shiny|42/100
|-ability|p2a: Zacian|Intrepid Sword|boost
|-boost|p2a: Zacian|atk|1
|move|p1a: Groudon|Rock Tomb|p2a: Zacian
|-damage|p2a: Zacian|19/100
|-unboost|p2a: Zacian|spe|1
|
|-weather|DesolateLand|[upkeep]
|upkeep
|turn|7
|
|t:|1659891531
|-weather|none
|switch|p1a: Calyrex|Calyrex-Shadow|100/100
|-ability|p1a: Calyrex|As One
|-ability|p1a: Calyrex|Unnerve
|move|p2a: Zacian|Crunch|p1a: Calyrex
|-supereffective|p1a: Calyrex
|-damage|p1a: Calyrex|0 fnt
|faint|p1a: Calyrex
|
|upkeep
|
|t:|1659891537
|switch|p1a: Yveltal|Yveltal|100/100
|-ability|p1a: Yveltal|Dark Aura
|turn|8
|
|t:|1659891540
|switch|p2a: Yveltal|Yveltal|100/100
|-ability|p2a: Yveltal|Dark Aura
|move|p1a: Yveltal|Knock Off|p2a: Yveltal
|-resisted|p2a: Yveltal
|-damage|p2a: Yveltal|78/100
|-enditem|p2a: Yveltal|Heavy-Duty Boots|[from] move: Knock Off|[of] p1a: Yveltal
|
|upkeep
|turn|9
|
|t:|1659891548
|switch|p2a: Zacian|Zacian, shiny|19/100
|-ability|p2a: Zacian|Intrepid Sword|boost
|-boost|p2a: Zacian|atk|1
|move|p1a: Yveltal|Toxic|p2a: Zacian
|-status|p2a: Zacian|tox
|
|-damage|p2a: Zacian|12/100 tox|[from] psn
|upkeep
|turn|10
|
|t:|1659891552
|switch|p1a: Groudon|Groudon-Primal|100/100
|-weather|DesolateLand|[from] ability: Desolate Land|[of] p1a: Groudon
|move|p2a: Zacian|Play Rough|p1a: Groudon
|-resisted|p1a: Groudon
|-damage|p1a: Groudon|76/100
|
|-weather|DesolateLand|[upkeep]
|-damage|p2a: Zacian|0 fnt|[from] psn
|faint|p2a: Zacian
|upkeep
|
|t:|1659891556
|switch|p2a: Rayquaza|Rayquaza, shiny|100/100
|-ability|p2a: Rayquaza|Air Lock
|turn|11
|
|t:|1659891559
|-weather|none
|switch|p1a: Yveltal|Yveltal|100/100
|-ability|p1a: Yveltal|Dark Aura
|detailschange|p2a: Rayquaza|Rayquaza-Mega, shiny
|-mega|p2a: Rayquaza|Rayquaza|
|-weather|DeltaStream|[from] ability: Delta Stream|[of] p2a: Rayquaza
|move|p2a: Rayquaza|Draco Meteor|p1a: Yveltal
|-crit|p1a: Yveltal
|-damage|p1a: Yveltal|0 fnt
|-unboost|p2a: Rayquaza|spa|2
|faint|p1a: Yveltal
|
|-weather|DeltaStream|[upkeep]
|upkeep
|
|t:|1659891567
|switch|p1a: Groudon|Groudon-Primal|76/100
|-weather|DesolateLand|[from] ability: Desolate Land|[of] p1a: Groudon
|turn|12
|
|t:|1659891572
|move|p2a: Rayquaza|Draco Meteor|p1a: Groudon
|-damage|p1a: Groudon|2/100
|-unboost|p2a: Rayquaza|spa|2
|move|p1a: Groudon|Rock Tomb|p2a: Rayquaza
|-supereffective|p2a: Rayquaza
|-damage|p2a: Rayquaza|57/100
|-unboost|p2a: Rayquaza|spe|1
|
|-weather|DesolateLand|[upkeep]
|upkeep
|turn|13
|
|t:|1659891581
|move|p1a: Groudon|Stealth Rock|p2a: Rayquaza
|-sidestart|p2: AG Champion Red|move: Stealth Rock
|move|p2a: Rayquaza|Draco Meteor|p1a: Groudon
|-damage|p1a: Groudon|0 fnt
|-unboost|p2a: Rayquaza|spa|2
|faint|p1a: Groudon
|-weather|none
|
|upkeep
|
|t:|1659891585
|switch|p1a: Smeargle|Smeargle, F|100/100
|turn|14
|
|t:|1659891587
|switch|p2a: Yveltal|Yveltal|78/100
|-damage|p2a: Yveltal|53/100|[from] Stealth Rock
|-ability|p2a: Yveltal|Dark Aura
|move|p1a: Smeargle|Spore|p2a: Yveltal
|-status|p2a: Yveltal|slp|[from] move: Spore
|
|-ability|p1a: Smeargle|Moody|boost
|-boost|p1a: Smeargle|spd|2
|-unboost|p1a: Smeargle|spa|1
|upkeep
|turn|15
|
|t:|1659891593
|move|p1a: Smeargle|Baton Pass|p1a: Smeargle
|
|t:|1659891595
|switch|p1a: Rayquaza|Rayquaza|100/100|[from]move: Baton Pass
|-ability|p1a: Rayquaza|Air Lock
|cant|p2a: Yveltal|slp
|
|upkeep
|turn|16
|
|t:|1659891604
|move|p1a: Rayquaza|Swords Dance|p1a: Rayquaza
|-boost|p1a: Rayquaza|atk|2
|cant|p2a: Yveltal|slp
|
|upkeep
|turn|17
|
|t:|1659891608
|move|p1a: Rayquaza|Dragon Ascent|p2a: Yveltal
|-damage|p2a: Yveltal|0 fnt
|-unboost|p1a: Rayquaza|def|1
|-unboost|p1a: Rayquaza|spd|1
|faint|p2a: Yveltal
|
|upkeep
|
|t:|1659891611
|switch|p2a: Ditto|Ditto, shiny|100/100
|-damage|p2a: Ditto|88/100|[from] Stealth Rock
|-transform|p2a: Ditto|p1a: Rayquaza|[from] ability: Imposter
|turn|18
|
|t:|1659891617
|detailschange|p1a: Rayquaza|Rayquaza-Mega
|-mega|p1a: Rayquaza|Rayquaza|
|-weather|DeltaStream|[from] ability: Delta Stream|[of] p1a: Rayquaza
|move|p2a: Ditto|Scale Shot|p1a: Rayquaza
|-supereffective|p1a: Rayquaza
|-damage|p1a: Rayquaza|20/100
|-supereffective|p1a: Rayquaza
|-damage|p1a: Rayquaza|0 fnt
|faint|p1a: Rayquaza
|-weather|none
|-hitcount|p1: Rayquaza|2
|-unboost|p2a: Ditto|def|1
|-boost|p2a: Ditto|spe|1
|
|upkeep
|
|t:|1659891621
|switch|p1a: Smeargle|Smeargle, F|100/100
|turn|19
|
|t:|1659891625
|move|p2a: Ditto|Scale Shot|p1a: Smeargle
|-damage|p1a: Smeargle|42/100
|-damage|p1a: Smeargle|0 fnt
|faint|p1a: Smeargle
|-hitcount|p1: Smeargle|2
|-unboost|p2a: Ditto|def|1
|-boost|p2a: Ditto|spe|1
|
|upkeep
|
|t:|1659891628
|switch|p1a: Arceus|Arceus-Ground|3/100
|turn|20
|
|t:|1659891630
|move|p2a: Ditto|Scale Shot|p1a: Arceus
|-damage|p1a: Arceus|0 fnt
|faint|p1a: Arceus
|-hitcount|p1: Arceus|1
|
|win|AG Champion Red
|raw|MiguelRRM's rating: 1869 &rarr; <strong>1840</strong><br />(-29 for losing)
|raw|AG Champion Red's rating: 1699 &rarr; <strong>1728</strong><br />(+29 for winning)
|c|☆AG Champion Red|Gy
|c|☆AG Champion Red|Gg
||Ladder isn't responding, score probably updated but might not have (Request timeout).
