|j|☆Opnoob 598
|j|☆C0ld as Ic3
|inactive|Battle timer is ON: inactive players will automatically lose when time's up.
|t:|1651559645
|gametype|singles
|player|p1|Opnoob 598|leon|
|player|p2|C0ld as Ic3|schoolkid-gen4dp|
|teamsize|p1|6
|teamsize|p2|6
|gen|8
|tier|[Gen 8] National Dex AG
|rated|Tournament battle
|rule|HP Percentage Mod: HP is shown in percentages
|rule|Endless Battle Clause: Forcing endless battles is banned
|clearpoke
|poke|p1|Rayquaza|
|poke|p1|Calyrex-Shadow|
|poke|p1|Necrozma-Dusk-Mane|
|poke|p1|Yveltal|
|poke|p1|Groudon|
|poke|p1|Kyogre|
|poke|p2|Necrozma-Dusk-Mane|
|poke|p2|Arceus-*|
|poke|p2|Tyranitar, F|
|poke|p2|Arceus-*|
|poke|p2|Ho-Oh|
|poke|p2|Quagsire, M|
|teampreview
|inactive|C0ld as Ic3 also wants the timer to be on.
|j| Darthepkefan
|j| hhhhhhhhhhh3
|j| gyufyfuyy
|j|%AGCL6 Swas ❤
|inactive|C0ld as Ic3 has 120 seconds left.
|j| JetDidThat❤️
|j| immarickrollyou
|c|☆Opnoob 598|Hf
|inactive|C0ld as Ic3 has 90 seconds left.
|c|☆C0ld as Ic3|=
|c| immarickrollyou|cold alt when
|
|t:|1651559726
|start
|switch|p1a: Calyrex|Calyrex-Shadow|100/100
|switch|p2a: Arceus|Arceus-Ground|100/100
|-ability|p1a: Calyrex|As One
|-ability|p1a: Calyrex|Unnerve
|turn|1
|c| Darthepkefan|opnoob are you having focus blast veltal
|c| immarickrollyou|u can
|
|t:|1651559734
|switch|p2a: Tyranitar|Tyranitar, F, shiny|100/100
|-weather|Sandstorm|[from] ability: Sand Stream|[of] p2a: Tyranitar
|move|p1a: Calyrex|Nasty Plot|p1a: Calyrex
|-boost|p1a: Calyrex|spa|2
|
|-weather|Sandstorm|[upkeep]
|-damage|p1a: Calyrex|94/100|[from] Sandstorm
|upkeep
|turn|2
|c| Darthepkefan|or was that only for ur ho team
|c|☆Opnoob 598|Kind of
|c|☆Opnoob 598|Kind of not
|
|t:|1651559749
|move|p1a: Calyrex|Baton Pass|p1a: Calyrex
|
|t:|1651559751
|switch|p1a: Kyogre|Kyogre|100/100|[from]move: Baton Pass
|detailschange|p1a: Kyogre|Kyogre-Primal
|-primal|p1a: Kyogre
|-weather|PrimordialSea|[from] ability: Primordial Sea|[of] p1a: Kyogre
|move|p2a: Tyranitar|Roar|p1a: Kyogre
|-weather|none
|drag|p1a: Necrozma|Necrozma-Dusk-Mane|100/100
|
|upkeep
|turn|3
|c| immarickrollyou|is that mega assault vest or lefty
|j| The God of 1v1 ☬
|
|t:|1651559766
|switch|p1a: Groudon|Groudon|100/100
|detailschange|p1a: Groudon|Groudon-Primal
|-primal|p1a: Groudon
|-weather|DesolateLand|[from] ability: Desolate Land|[of] p1a: Groudon
|move|p2a: Tyranitar|Stealth Rock|p1a: Groudon
|-sidestart|p1: Opnoob 598|move: Stealth Rock
|
|-weather|DesolateLand|[upkeep]
|upkeep
|turn|4
|c| The God of 1v1 ☬|O
|
|t:|1651559771
|switch|p2a: Arceus|Arceus-Ground|100/100
|move|p1a: Groudon|Stealth Rock|p2a: Arceus
|-sidestart|p2: C0ld as Ic3|move: Stealth Rock
|
|-weather|DesolateLand|[upkeep]
|upkeep
|turn|5
|c| Darthepkefan|ttar doesnt run mega
|c| Darthepkefan|in ag
|
|t:|1651559782
|move|p2a: Arceus|Swords Dance|p2a: Arceus
|-boost|p2a: Arceus|atk|2
|move|p1a: Groudon|Precipice Blades|p2a: Arceus
|-damage|p2a: Arceus|55/100
|
|-weather|DesolateLand|[upkeep]
|upkeep
|turn|6
|
|t:|1651559789
|move|p2a: Arceus|Recover|p2a: Arceus
|-heal|p2a: Arceus|100/100
|move|p1a: Groudon|Precipice Blades|p2a: Arceus
|-damage|p2a: Arceus|53/100
|
|-weather|DesolateLand|[upkeep]
|upkeep
|turn|7
|
|t:|1651559794
|-weather|none
|switch|p1a: Rayquaza|Rayquaza|100/100
|-damage|p1a: Rayquaza|76/100|[from] Stealth Rock
|-ability|p1a: Rayquaza|Air Lock
|move|p2a: Arceus|Recover|p2a: Arceus
|-heal|p2a: Arceus|100/100
|
|upkeep
|turn|8
|c| immarickrollyou|avalanche arkoos?
|
|t:|1651559803
|detailschange|p1a: Rayquaza|Rayquaza-Mega
|-mega|p1a: Rayquaza|Rayquaza|
|-weather|DeltaStream|[from] ability: Delta Stream|[of] p1a: Rayquaza
|-start|p2a: Arceus|Dynamax|
|-heal|p2a: Arceus|100/100|[silent]
|move|p1a: Rayquaza|Dragon Ascent|p2a: Arceus
|-damage|p2a: Arceus|65/100
|-unboost|p1a: Rayquaza|def|1
|-unboost|p1a: Rayquaza|spd|1
|move|p2a: Arceus|Max Rockfall|p1a: Rayquaza
|-activate||deltastream
|-damage|p1a: Rayquaza|0 fnt
|-weather|Sandstorm
|faint|p1a: Rayquaza
|
|-weather|Sandstorm|[upkeep]
|upkeep
|
|t:|1651559824
|switch|p1a: Necrozma|Necrozma-Dusk-Mane|100/100
|-damage|p1a: Necrozma|95/100|[from] Stealth Rock
|turn|9
|
|t:|1651559836
|detailschange|p1a: Necrozma|Necrozma-Ultra
|-burst|p1a: Necrozma|Necrozma|Ultranecrozium Z
|move|p1a: Necrozma|Photon Geyser|p2a: Arceus
|-damage|p2a: Arceus|47/100
|move|p2a: Arceus|Max Quake|p1a: Necrozma
|-damage|p1a: Necrozma|0 fnt
|-boost|p2a: Arceus|spd|1
|faint|p1a: Necrozma
|
|-weather|Sandstorm|[upkeep]
|upkeep
|
|t:|1651559846
|switch|p1a: Calyrex|Calyrex-Shadow|94/100
|-ability|p1a: Calyrex|As One
|-ability|p1a: Calyrex|Unnerve
|-damage|p1a: Calyrex|82/100|[from] Stealth Rock
|turn|10
|
|t:|1651559863
|switch|p1a: Groudon|Groudon-Primal|100/100
|-damage|p1a: Groudon|88/100|[from] Stealth Rock
|-weather|DesolateLand|[from] ability: Desolate Land|[of] p1a: Groudon
|move|p2a: Arceus|Max Quake|p1a: Groudon
|-supereffective|p1a: Groudon
|-damage|p1a: Groudon|0 fnt
|-boost|p2a: Arceus|spd|1
|faint|p1a: Groudon
|-weather|none
|
|upkeep
|
|t:|1651559866
|switch|p1a: Yveltal|Yveltal|100/100
|-damage|p1a: Yveltal|76/100|[from] Stealth Rock
|-ability|p1a: Yveltal|Dark Aura
|-end|p2a: Arceus|Dynamax
|-heal|p2a: Arceus|47/100|[silent]
|turn|11
|
|t:|1651559870
|-start|p1a: Yveltal|Dynamax|
|-heal|p1a: Yveltal|76/100|[silent]
|move|p2a: Arceus|Stone Edge|p1a: Yveltal
|-supereffective|p1a: Yveltal
|-damage|p1a: Yveltal|35/100
|move|p1a: Yveltal|Max Airstream|p2a: Arceus
|-damage|p2a: Arceus|9/100
|-boost|p1a: Yveltal|spe|1
|-damage|p1a: Yveltal|30/100|[from] item: Life Orb
|
|upkeep
|turn|12
|c| immarickrollyou|predicted ttar
|
|t:|1651559874
|move|p1a: Yveltal|Max Knuckle|p2a: Arceus
|-damage|p2a: Arceus|0 fnt
|-boost|p1a: Yveltal|atk|1
|faint|p2a: Arceus
|-damage|p1a: Yveltal|25/100|[from] item: Life Orb
|
|upkeep
|c| immarickrollyou|sad
|
|t:|1651559887
|switch|p2a: Quagsire|Quagsire, M, shiny|100/100
|-damage|p2a: Quagsire|94/100|[from] Stealth Rock
|turn|13
|
|t:|1651559889
|move|p1a: Yveltal|Max Darkness|p2a: Quagsire
|-damage|p2a: Quagsire|0 fnt
|faint|p2a: Quagsire
|-damage|p1a: Yveltal|20/100|[from] item: Life Orb
|
|upkeep
|
|t:|1651559891
|switch|p2a: Ho-Oh|Ho-Oh, shiny|100/100
|-end|p1a: Yveltal|Dynamax
|-heal|p1a: Yveltal|20/100|[silent]
|turn|14
|
|t:|1651559898
|move|p1a: Yveltal|Dark Pulse|p2a: Ho-Oh
|-damage|p2a: Ho-Oh|63/100
|-damage|p1a: Yveltal|10/100|[from] item: Life Orb
|move|p2a: Ho-Oh|Sacred Fire|p1a: Yveltal
|-damage|p1a: Yveltal|0 fnt
|faint|p1a: Yveltal
|
|upkeep
|
|t:|1651559902
|switch|p1a: Kyogre|Kyogre-Primal|100/100
|-damage|p1a: Kyogre|88/100|[from] Stealth Rock
|-weather|PrimordialSea|[from] ability: Primordial Sea|[of] p1a: Kyogre
|turn|15
|
|t:|1651559905
|move|p1a: Kyogre|Origin Pulse|p2a: Ho-Oh
|-supereffective|p2a: Ho-Oh
|-damage|p2a: Ho-Oh|0 fnt
|faint|p2a: Ho-Oh
|
|-weather|PrimordialSea|[upkeep]
|upkeep
|
|t:|1651559908
|switch|p2a: Arceus|Arceus-Grass|100/100
|-damage|p2a: Arceus|88/100|[from] Stealth Rock
|turn|16
|
|t:|1651559910
|move|p2a: Arceus|Grass Knot|p1a: Kyogre
|-supereffective|p1a: Kyogre
|-damage|p1a: Kyogre|25/100
|move|p1a: Kyogre|Ice Beam|p2a: Arceus
|-supereffective|p2a: Arceus
|-damage|p2a: Arceus|38/100
|
|-weather|PrimordialSea|[upkeep]
|upkeep
|turn|17
|
|t:|1651559915
|-weather|none
|switch|p1a: Calyrex|Calyrex-Shadow|82/100
|-ability|p1a: Calyrex|As One
|-ability|p1a: Calyrex|Unnerve
|-damage|p1a: Calyrex|70/100|[from] Stealth Rock
|move|p2a: Arceus|Grass Knot|p1a: Calyrex
|-damage|p1a: Calyrex|34/100
|
|upkeep
|turn|18
|
|t:|1651559919
|switch|p2a: Tyranitar|Tyranitar, F, shiny|100/100
|-damage|p2a: Tyranitar|88/100|[from] Stealth Rock
|-weather|Sandstorm|[from] ability: Sand Stream|[of] p2a: Tyranitar
|move|p1a: Calyrex|Astral Barrage|p2a: Tyranitar
|-resisted|p2a: Tyranitar
|-damage|p2a: Tyranitar|72/100
|
|-weather|Sandstorm|[upkeep]
|-damage|p1a: Calyrex|28/100|[from] Sandstorm
|upkeep
|turn|19
|
|t:|1651559922
|move|p1a: Calyrex|Astral Barrage|p2a: Tyranitar
|-resisted|p2a: Tyranitar
|-damage|p2a: Tyranitar|55/100
|move|p2a: Tyranitar|Foul Play|p1a: Calyrex
|-supereffective|p1a: Calyrex
|-damage|p1a: Calyrex|0 fnt
|faint|p1a: Calyrex
|
|-weather|Sandstorm|[upkeep]
|upkeep
|
|t:|1651559925
|switch|p1a: Kyogre|Kyogre-Primal|25/100
|-damage|p1a: Kyogre|13/100|[from] Stealth Rock
|-weather|PrimordialSea|[from] ability: Primordial Sea|[of] p1a: Kyogre
|turn|20
|
|t:|1651559927
|move|p1a: Kyogre|Origin Pulse|p2a: Tyranitar
|-supereffective|p2a: Tyranitar
|-damage|p2a: Tyranitar|0 fnt
|faint|p2a: Tyranitar
|
|-weather|PrimordialSea|[upkeep]
|upkeep
|
|t:|1651559930
|switch|p2a: Arceus|Arceus-Grass|38/100
|-damage|p2a: Arceus|25/100|[from] Stealth Rock
|turn|21
|c|☆Opnoob 598|Gg
|
|t:|1651559934
|move|p2a: Arceus|Grass Knot|p1a: Kyogre
|-supereffective|p1a: Kyogre
|-damage|p1a: Kyogre|0 fnt
|faint|p1a: Kyogre
|-weather|none
|
|win|C0ld as Ic3
|n|☆Opnoob 598|opnoob598
|n|☆C0ld as Ic3|c0ldasic3
|n| Darthepkefan|darthepkefan
|n| hhhhhhhhhhh3|hhhhhhhhhhh3
|n| gyufyfuyy|gyufyfuyy
|n| AGCL6 Swas ❤|agcl6swas
|n| JetDidThat❤️|jetdidthat
|n| immarickrollyou|immarickrollyou
|n| The God of 1v1 ☬|thegodof1v1
