|j|☆zeshka POSOSI
|j|☆AnimeZZZZ5
|t:|1651763891
|gametype|singles
|player|p1|zeshka POSOSI|lucas|
|player|p2|AnimeZZZZ5|2|
|teamsize|p1|6
|teamsize|p2|6
|gen|8
|tier|[Gen 8] National Dex AG
|rule|HP Percentage Mod: HP is shown in percentages
|rule|Endless Battle Clause: Forcing endless battles is banned
|clearpoke
|poke|p1|Rayquaza|
|poke|p1|Necrozma-Dusk-Mane|
|poke|p1|Yveltal|
|poke|p1|Ferrothorn, F|
|poke|p1|Arceus-*|
|poke|p1|Marshadow|
|poke|p2|Groudon|
|poke|p2|Gengar, F|
|poke|p2|Arceus-*|
|poke|p2|Arceus-*|
|poke|p2|Yveltal|
|poke|p2|Vivillon, M|
|teampreview
|
|t:|1651763906
|start
|switch|p1a: Rayquaza|Rayquaza|100/100
|switch|p2a: Gengar|Gengar, F|100/100
|-ability|p1a: Rayquaza|Air Lock
|turn|1
|
|t:|1651763911
|switch|p2a: Arceus|Arceus-Electric|100/100
|detailschange|p1a: Rayquaza|Rayquaza-Mega
|-mega|p1a: Rayquaza|Rayquaza|
|-weather|DeltaStream|[from] ability: Delta Stream|[of] p1a: Rayquaza
|move|p1a: Rayquaza|Scale Shot|p2a: Arceus
|-damage|p2a: Arceus|81/100
|-damage|p2a: Arceus|62/100
|-damage|p2a: Arceus|43/100
|-damage|p2a: Arceus|25/100
|-hitcount|p2a: Arceus|4
|-unboost|p1a: Rayquaza|def|1
|-boost|p1a: Rayquaza|spe|1
|
|-weather|DeltaStream|[upkeep]
|upkeep
|turn|2
|
|t:|1651763934
|move|p1a: Rayquaza|Scale Shot|p2a: Arceus|[miss]
|-miss|p1a: Rayquaza|p2a: Arceus
|move|p2a: Arceus|Thunder Wave|p1a: Rayquaza
|-status|p1a: Rayquaza|par
|
|-weather|DeltaStream|[upkeep]
|upkeep
|turn|3
|
|t:|1651763938
|move|p2a: Arceus|Recover|p2a: Arceus
|-heal|p2a: Arceus|75/100
|move|p1a: Rayquaza|Scale Shot|p2a: Arceus|[miss]
|-miss|p1a: Rayquaza|p2a: Arceus
|
|-weather|DeltaStream|[upkeep]
|upkeep
|turn|4
|
|t:|1651763946
|move|p2a: Arceus|Ice Beam|p1a: Rayquaza
|-activate||deltastream
|-supereffective|p1a: Rayquaza
|-damage|p1a: Rayquaza|56/100 par
|move|p1a: Rayquaza|Scale Shot|p2a: Arceus
|-damage|p2a: Arceus|56/100
|-damage|p2a: Arceus|37/100
|-damage|p2a: Arceus|19/100
|-hitcount|p2a: Arceus|3
|-unboost|p1a: Rayquaza|def|1
|-boost|p1a: Rayquaza|spe|1
|
|-weather|DeltaStream|[upkeep]
|upkeep
|turn|5
|
|t:|1651763960
|move|p2a: Arceus|Recover|p2a: Arceus
|-heal|p2a: Arceus|69/100
|move|p1a: Rayquaza|Scale Shot|p2a: Arceus|[miss]
|-miss|p1a: Rayquaza|p2a: Arceus
|
|-weather|DeltaStream|[upkeep]
|upkeep
|turn|6
|c|☆zeshka POSOSI|ахах
|c|☆zeshka POSOSI|точно не лаки
|
|t:|1651763974
|-weather|none
|switch|p1a: Arceus|Arceus-Ground|100/100
|move|p2a: Arceus|Ice Beam|p1a: Arceus
|-supereffective|p1a: Arceus
|-damage|p1a: Arceus|64/100
|
|upkeep
|turn|7
|
|t:|1651763987
|switch|p2a: Yveltal|Yveltal|100/100
|-ability|p2a: Yveltal|Dark Aura
|move|p1a: Arceus|Calm Mind|p1a: Arceus
|-boost|p1a: Arceus|spa|1
|-boost|p1a: Arceus|spd|1
|
|upkeep
|turn|8
|
|t:|1651763998
|switch|p2a: Gengar|Gengar, F|100/100
|move|p1a: Arceus|Calm Mind|p1a: Arceus
|-boost|p1a: Arceus|spa|1
|-boost|p1a: Arceus|spd|1
|
|upkeep
|turn|9
|
|t:|1651764004
|detailschange|p2a: Gengar|Gengar-Mega, F
|-mega|p2a: Gengar|Gengar|Gengarite
|move|p2a: Gengar|Substitute|p2a: Gengar
|-start|p2a: Gengar|Substitute
|-damage|p2a: Gengar|76/100
|move|p1a: Arceus|Recover|p1a: Arceus
|-heal|p1a: Arceus|100/100
|
|upkeep
|turn|10
|
|t:|1651764007
|move|p2a: Gengar|Encore|p1a: Arceus
|-start|p1a: Arceus|Encore
|move|p1a: Arceus|Recover||[still]
|-fail|p1a: Arceus|heal
|
|upkeep
|turn|11
|
|t:|1651764015
|move|p2a: Gengar|Shadow Ball|p1a: Arceus
|-damage|p1a: Arceus|82/100
|move|p1a: Arceus|Recover|p1a: Arceus
|-heal|p1a: Arceus|100/100
|
|upkeep
|turn|12
|
|t:|1651764024
|-start|p1a: Arceus|Dynamax|
|-heal|p1a: Arceus|100/100|[silent]
|move|p2a: Gengar|Shadow Ball|p1a: Arceus
|-damage|p1a: Arceus|91/100
|move|p1a: Arceus|Max Hailstorm|p2a: Gengar
|-end|p2a: Gengar|Substitute
|-weather|Hail
|
|-weather|Hail|[upkeep]
|-damage|p2a: Gengar|69/100|[from] Hail
|-damage|p1a: Arceus|88/100|[from] Hail
|-end|p1a: Arceus|Encore
|upkeep
|turn|13
|
|t:|1651764033
|move|p2a: Gengar|Substitute|p2a: Gengar
|-start|p2a: Gengar|Substitute
|-damage|p2a: Gengar|45/100
|move|p1a: Arceus|Max Quake|p2a: Gengar
|-supereffective|p2a: Gengar
|-end|p2a: Gengar|Substitute
|-boost|p1a: Arceus|spd|1
|
|-weather|Hail|[upkeep]
|-damage|p2a: Gengar|38/100|[from] Hail
|-damage|p1a: Arceus|85/100|[from] Hail
|upkeep
|turn|14
|
|t:|1651764035
|switch|p2a: Vivillon|Vivillon, M|100/100
|move|p1a: Arceus|Max Quake|p2a: Vivillon
|-immune|p2a: Vivillon
|
|-weather|Hail|[upkeep]
|-damage|p1a: Arceus|82/100|[from] Hail
|-damage|p2a: Vivillon|95/100|[from] Hail
|-heal|p2a: Vivillon|100/100|[from] item: Leftovers
|upkeep
|-end|p1a: Arceus|Dynamax
|-heal|p1a: Arceus|82/100|[silent]
|turn|15
|c|☆zeshka POSOSI|невероятно крут
|
|t:|1651764053
|move|p1a: Arceus|Ice Beam|p2a: Vivillon
|-supereffective|p2a: Vivillon
|-damage|p2a: Vivillon|0 fnt
|faint|p2a: Vivillon
|
|-weather|Hail|[upkeep]
|-damage|p1a: Arceus|76/100|[from] Hail
|upkeep
|c|☆zeshka POSOSI|ща генгаром прожмет енкор
|
|t:|1651764065
|switch|p2a: Gengar|Gengar-Mega, F|38/100
|turn|16
|c|☆zeshka POSOSI|и пойдет на грошу какого нибудь
|c|☆zeshka POSOSI|ахах
|
|t:|1651764071
|move|p2a: Gengar|Encore|p1a: Arceus
|-start|p1a: Arceus|Encore
|move|p1a: Arceus|Ice Beam|p2a: Gengar
|-damage|p2a: Gengar|0 fnt
|faint|p2a: Gengar
|
|-weather|none
|upkeep
|
|t:|1651764078
|switch|p2a: Groudon|Groudon|100/100
|detailschange|p2a: Groudon|Groudon-Primal
|-primal|p2a: Groudon
|-weather|DesolateLand|[from] ability: Desolate Land|[of] p2a: Groudon
|turn|17
|
|t:|1651764086
|move|p1a: Arceus|Ice Beam|p2a: Groudon
|-damage|p2a: Groudon|37/100
|move|p2a: Groudon|Heat Crash|p1a: Arceus
|-damage|p1a: Arceus|17/100
|
|-weather|DesolateLand|[upkeep]
|upkeep
|turn|18
|
|t:|1651764092
|-weather|none
|switch|p2a: Arceus|Arceus-Electric|69/100
|move|p1a: Arceus|Ice Beam|p2a: Arceus
|-damage|p2a: Arceus|32/100
|
|-end|p1a: Arceus|Encore
|upkeep
|turn|19
|
|t:|1651764095
|move|p1a: Arceus|Recover|p1a: Arceus
|-heal|p1a: Arceus|67/100
|move|p2a: Arceus|Ice Beam|p1a: Arceus
|-supereffective|p1a: Arceus
|-damage|p1a: Arceus|51/100
|
|upkeep
|turn|20
|
|t:|1651764100
|move|p1a: Arceus|Recover|p1a: Arceus
|-heal|p1a: Arceus|100/100
|move|p2a: Arceus|Ice Beam|p1a: Arceus
|-supereffective|p1a: Arceus
|-damage|p1a: Arceus|86/100
|
|upkeep
|turn|21
|-message|AnimeZZZZ5 forfeited.
|
|win|zeshka POSOSI
|l|☆AnimeZZZZ5
|l|☆zeshka POSOSI
|j|☆zeshka POSOSI
|player|p1|zeshka POSOSI|lucas
