|j|☆xqiht
|j|☆Obito 2001
|t:|1666452203
|gametype|singles
|player|p1|xqiht|elesa-masters|1773
|player|p2|Obito 2001|teamrocket|1931
|teamsize|p1|6
|teamsize|p2|6
|gen|8
|tier|[Gen 8] National Dex AG
|rated|
|rule|HP Percentage Mod: HP is shown in percentages
|rule|Endless Battle Clause: Forcing endless battles is banned
|clearpoke
|poke|p1|Rayquaza|
|poke|p1|Kyogre|
|poke|p1|Necrozma-Dusk-Mane|
|poke|p1|Zacian-*|
|poke|p1|Zygarde|
|poke|p1|Yveltal|
|poke|p2|Eternatus|
|poke|p2|Arceus-*|
|poke|p2|Ditto|
|poke|p2|Calyrex-Shadow|
|poke|p2|Arceus-*|
|poke|p2|Arceus-*|
|teampreview
|inactive|Battle timer is ON: inactive players will automatically lose when time's up. (requested by Obito 2001)
|
|t:|1666452229
|start
|switch|p1a: Necrozma|Necrozma-Dusk-Mane|100/100
|switch|p2a: Calyrex|Calyrex-Shadow|100/100
|-ability|p2a: Calyrex|As One
|-ability|p2a: Calyrex|Unnerve
|turn|1
|j| ddddddabai
|
|t:|1666452234
|switch|p1a: Yveltal|Yveltal|100/100
|-ability|p1a: Yveltal|Dark Aura
|move|p2a: Calyrex|Substitute|p2a: Calyrex
|-start|p2a: Calyrex|Substitute
|-damage|p2a: Calyrex|76/100
|
|-heal|p2a: Calyrex|82/100|[from] item: Leftovers
|upkeep
|turn|2
|
|t:|1666452236
|move|p2a: Calyrex|Leech Seed|p1a: Yveltal
|-start|p1a: Yveltal|move: Leech Seed
|move|p1a: Yveltal|Snarl|p2a: Calyrex
|-supereffective|p2a: Calyrex
|-damage|p2a: Calyrex|0 fnt
|faint|p2a: Calyrex
|
|upkeep
|
|t:|1666452243
|switch|p2a: Arceus|Arceus-Fairy|100/100
|turn|3
|inactive|xqiht has 120 seconds left.
|
|t:|1666452291
|switch|p1a: Necrozma|Necrozma-Dusk-Mane|100/100
|move|p2a: Arceus|Stealth Rock|p1a: Necrozma
|-sidestart|p1: xqiht|move: Stealth Rock
|
|upkeep
|turn|4
|
|t:|1666452298
|switch|p2a: Arceus|Arceus-Electric|100/100
|move|p1a: Necrozma|Stealth Rock|p2a: Arceus
|-sidestart|p2: Obito 2001|move: Stealth Rock
|
|upkeep
|turn|5
|inactive|xqiht has 120 seconds left.
|inactive|xqiht has 90 seconds left.
|inactive|xqiht has 60 seconds left.
|
|t:|1666452370
|switch|p1a: Rayquaza|Rayquaza|100/100
|-damage|p1a: Rayquaza|76/100|[from] Stealth Rock
|-ability|p1a: Rayquaza|Air Lock
|move|p2a: Arceus|Judgment|p1a: Rayquaza
|-damage|p1a: Rayquaza|13/100
|
|upkeep
|turn|6
|inactive|xqiht has 60 seconds left.
|
|t:|1666452377
|detailschange|p1a: Rayquaza|Rayquaza-Mega
|-mega|p1a: Rayquaza|Rayquaza|
|-weather|DeltaStream|[from] ability: Delta Stream|[of] p1a: Rayquaza
|move|p1a: Rayquaza|Extreme Speed|p2a: Arceus
|-damage|p2a: Arceus|58/100
|move|p2a: Arceus|Judgment|p1a: Rayquaza
|-activate||deltastream
|-resisted|p1a: Rayquaza
|-damage|p1a: Rayquaza|0 fnt
|faint|p1a: Rayquaza
|-weather|none
|
|upkeep
|inactive|xqiht has 60 seconds left.
|
|t:|1666452382
|switch|p1a: Zacian|Zacian-Crowned|100/100
|-damage|p1a: Zacian|94/100|[from] Stealth Rock
|-ability|p1a: Zacian|Intrepid Sword|boost
|-boost|p1a: Zacian|atk|1
|turn|7
|
|t:|1666452401
|move|p1a: Zacian|Close Combat|p2a: Arceus
|-damage|p2a: Arceus|0 fnt
|-unboost|p1a: Zacian|def|1
|-unboost|p1a: Zacian|spd|1
|faint|p2a: Arceus
|
|upkeep
|
|t:|1666452405
|switch|p2a: Ditto|Ditto, shiny|100/100
|-damage|p2a: Ditto|88/100|[from] Stealth Rock
|-transform|p2a: Ditto|p1a: Zacian|[from] ability: Imposter
|-ability|p2a: Ditto|Intrepid Sword|boost
|-boost|p2a: Ditto|atk|1
|turn|8
|l| ddddddabai
|inactive|xqiht has 60 seconds left.
|
|t:|1666452435
|switch|p1a: Necrozma|Necrozma-Dusk-Mane|100/100
|-damage|p1a: Necrozma|94/100|[from] Stealth Rock
|move|p2a: Ditto|Close Combat|p1a: Necrozma
|-damage|p1a: Necrozma|34/100
|-unboost|p2a: Ditto|def|1
|-unboost|p2a: Ditto|spd|1
|-damage|p2a: Ditto|72/100|[from] item: Rocky Helmet|[of] p1a: Necrozma
|
|upkeep
|turn|9
|
|t:|1666452441
|move|p2a: Ditto|Close Combat|p1a: Necrozma
|-damage|p1a: Necrozma|0 fnt
|-unboost|p2a: Ditto|def|1
|-unboost|p2a: Ditto|spd|1
|-damage|p2a: Ditto|55/100|[from] item: Rocky Helmet|[of] p1a: Necrozma
|faint|p1a: Necrozma
|
|upkeep
|
|t:|1666452445
|switch|p1a: Zygarde|Zygarde|100/100
|-damage|p1a: Zygarde|94/100|[from] Stealth Rock
|turn|10
|
|t:|1666452461
|switch|p2a: Arceus|Arceus-Fairy|100/100
|-damage|p2a: Arceus|88/100|[from] Stealth Rock
|move|p1a: Zygarde|Glare|p2a: Arceus
|-status|p2a: Arceus|par
|
|-heal|p1a: Zygarde|100/100|[from] item: Leftovers
|upkeep
|turn|11
|
|t:|1666452467
|switch|p1a: Zacian|Zacian-Crowned|94/100
|-damage|p1a: Zacian|88/100|[from] Stealth Rock
|-ability|p1a: Zacian|Intrepid Sword|boost
|-boost|p1a: Zacian|atk|1
|move|p2a: Arceus|Judgment|p1a: Zacian
|-resisted|p1a: Zacian
|-damage|p1a: Zacian|64/100
|
|upkeep
|turn|12
|j| ddddddabai
|
|t:|1666452475
|switch|p2a: Eternatus|Eternatus|100/100
|-damage|p2a: Eternatus|88/100|[from] Stealth Rock
|-ability|p2a: Eternatus|Pressure
|move|p1a: Zacian|Behemoth Blade|p2a: Eternatus
|-damage|p2a: Eternatus|9/100
|
|-heal|p2a: Eternatus|15/100|[from] item: Black Sludge
|upkeep
|turn|13
|inactive|xqiht has 90 seconds left.
|
|t:|1666452493
|move|p1a: Zacian|Assurance|p2a: Eternatus
|-damage|p2a: Eternatus|0 fnt
|faint|p2a: Eternatus
|
|upkeep
|
|t:|1666452496
|switch|p2a: Ditto|Ditto, shiny|55/100
|-damage|p2a: Ditto|43/100|[from] Stealth Rock
|-transform|p2a: Ditto|p1a: Zacian|[from] ability: Imposter
|-ability|p2a: Ditto|Intrepid Sword|boost
|-boost|p2a: Ditto|atk|1
|turn|14
|inactive|xqiht has 90 seconds left.
|
|t:|1666452511
|switch|p1a: Zygarde|Zygarde|100/100
|-damage|p1a: Zygarde|94/100|[from] Stealth Rock
|move|p2a: Ditto|Behemoth Blade|p1a: Zygarde
|-damage|p1a: Zygarde|18/100
|
|-heal|p1a: Zygarde|24/100|[from] item: Leftovers
|-activate|p1a: Zygarde|ability: Power Construct
|detailschange|p1a: Zygarde|Zygarde-Complete
|-heal|p1a: Zygarde|50/100|[silent]
|upkeep
|turn|15
|
|t:|1666452517
|switch|p2a: Arceus|Arceus-Fairy|88/100 par
|-damage|p2a: Arceus|76/100 par|[from] Stealth Rock
|-start|p1a: Zygarde|Dynamax|
|-heal|p1a: Zygarde|50/100|[silent]
|move|p1a: Zygarde|Max Quake|p2a: Arceus
|-damage|p2a: Arceus|47/100 par
|-boost|p1a: Zygarde|spd|1
|
|-heal|p1a: Zygarde|53/100|[from] item: Leftovers
|upkeep
|turn|16
|
|t:|1666452526
|move|p1a: Zygarde|Max Quake|p2a: Arceus
|-damage|p2a: Arceus|18/100 par
|-boost|p1a: Zygarde|spd|1
|cant|p2a: Arceus|par
|
|-heal|p1a: Zygarde|56/100|[from] item: Leftovers
|upkeep
|turn|17
|
|t:|1666452539
|move|p1a: Zygarde|Max Quake|p2a: Arceus
|-damage|p2a: Arceus|0 fnt
|-boost|p1a: Zygarde|spd|1
|faint|p2a: Arceus
|
|-heal|p1a: Zygarde|60/100|[from] item: Leftovers
|upkeep
|
|t:|1666452541
|switch|p2a: Arceus|Arceus|100/100
|-damage|p2a: Arceus|88/100|[from] Stealth Rock
|-end|p1a: Zygarde|Dynamax
|-heal|p1a: Zygarde|60/100|[silent]
|turn|18
|
|t:|1666452555
|move|p2a: Arceus|Swords Dance|p2a: Arceus
|-boost|p2a: Arceus|atk|2
|move|p1a: Zygarde|Glare|p2a: Arceus
|-status|p2a: Arceus|par
|-enditem|p2a: Arceus|Lum Berry|[eat]
|-curestatus|p2a: Arceus|par|[msg]
|
|-heal|p1a: Zygarde|66/100|[from] item: Leftovers
|upkeep
|turn|19
|
|t:|1666452560
|-start|p2a: Arceus|Dynamax|
|-heal|p2a: Arceus|88/100|[silent]
|move|p2a: Arceus|Max Strike|p1a: Zygarde
|-damage|p1a: Zygarde|17/100
|-unboost|p1a: Zygarde|spe|1
|move|p1a: Zygarde|Haze|p1a: Zygarde
|-clearallboost
|
|-heal|p1a: Zygarde|24/100|[from] item: Leftovers
|upkeep
|turn|20
|
|t:|1666452564
|move|p2a: Arceus|Max Strike|p1a: Zygarde
|-damage|p1a: Zygarde|1/100
|-unboost|p1a: Zygarde|spe|1
|move|p1a: Zygarde|Glare|p2a: Arceus
|-status|p2a: Arceus|par
|
|-heal|p1a: Zygarde|7/100|[from] item: Leftovers
|upkeep
|turn|21
|
|t:|1666452569
|move|p2a: Arceus|Max Strike|p1a: Zygarde
|-damage|p1a: Zygarde|0 fnt
|faint|p1a: Zygarde
|
|upkeep
|
|t:|1666452579
|switch|p1a: Kyogre|Kyogre|100/100
|-damage|p1a: Kyogre|88/100|[from] Stealth Rock
|detailschange|p1a: Kyogre|Kyogre-Primal
|-primal|p1a: Kyogre
|-weather|PrimordialSea|[from] ability: Primordial Sea|[of] p1a: Kyogre
|-end|p2a: Arceus|Dynamax
|-heal|p2a: Arceus|88/100 par|[silent]
|turn|22
|
|t:|1666452582
|move|p2a: Arceus|Extreme Speed|p1a: Kyogre
|-damage|p1a: Kyogre|43/100
|move|p1a: Kyogre|Water Spout|p2a: Arceus
|-damage|p2a: Arceus|46/100 par
|
|-weather|PrimordialSea|[upkeep]
|upkeep
|turn|23
|
|t:|1666452588
|cant|p2a: Arceus|par
|move|p1a: Kyogre|Origin Pulse|p2a: Arceus
|-damage|p2a: Arceus|0 fnt
|faint|p2a: Arceus
|
|-weather|PrimordialSea|[upkeep]
|upkeep
|
|t:|1666452593
|switch|p2a: Ditto|Ditto, shiny|43/100
|-damage|p2a: Ditto|31/100|[from] Stealth Rock
|-transform|p2a: Ditto|p1a: Kyogre|[from] ability: Imposter
|turn|24
|
|t:|1666452602
|move|p2a: Ditto|Thunder|p1a: Kyogre
|-supereffective|p1a: Kyogre
|-damage|p1a: Kyogre|0 fnt
|faint|p1a: Kyogre
|
|-weather|PrimordialSea|[upkeep]
|upkeep
|
|t:|1666452606
|switch|p1a: Zacian|Zacian-Crowned|64/100
|-damage|p1a: Zacian|58/100|[from] Stealth Rock
|-ability|p1a: Zacian|Intrepid Sword|boost
|-boost|p1a: Zacian|atk|1
|turn|25
|
|t:|1666452608
|move|p2a: Ditto|Thunder|p1a: Zacian
|-damage|p1a: Zacian|11/100
|move|p1a: Zacian|Wild Charge|p2a: Ditto
|-supereffective|p2a: Ditto
|-damage|p2a: Ditto|0 fnt
|faint|p2a: Ditto
|-weather|none
|-damage|p1a: Zacian|4/100|[from] Recoil
|
|win|xqiht
|raw|xqiht's rating: 1745 &rarr; <strong>1775</strong><br />(+30 for winning)
|raw|Obito 2001's rating: 1931 &rarr; <strong>1901</strong><br />(-30 for losing)
|l|☆Obito 2001
||Ladder isn't responding, score probably updated but might not have (Request timeout).
