|j|☆Dajerkk
|j|☆Lasombralegendaria
|t:|1645655040
|gametype|singles
|player|p1|Dajerkk|170|1620
|player|p2|Lasombralegendaria|dawn-gen4pt|1765
|teamsize|p1|6
|teamsize|p2|6
|gen|8
|tier|[Gen 8] National Dex AG
|rated|
|rule|HP Percentage Mod: HP is shown in percentages
|rule|Endless Battle Clause: Forcing endless battles is banned
|clearpoke
|poke|p1|Smeargle, M|
|poke|p1|Deoxys-Attack|
|poke|p1|Garchomp, M|
|poke|p1|Murkrow, M|
|poke|p1|Snorlax, M|
|poke|p1|Arceus-*|
|poke|p2|Smeargle, M|
|poke|p2|Rayquaza|
|poke|p2|Yveltal|
|poke|p2|Arceus-*|
|poke|p2|Kyogre|
|poke|p2|Zacian-*|
|teampreview
|inactive|Battle timer is ON: inactive players will automatically lose when time's up. (requested by Lasombralegendaria)
|
|t:|1645655051
|start
|switch|p1a: Smeargle|Smeargle, M|100/100
|switch|p2a: Smeargle|Smeargle, M|100/100
|turn|1
|
|t:|1645655056
|move|p1a: Smeargle|Fake Out|p2a: Smeargle
|-damage|p2a: Smeargle|79/100
|cant|p2a: Smeargle|flinch
|
|-ability|p1a: Smeargle|Moody|boost
|-boost|p1a: Smeargle|spd|2
|-unboost|p1a: Smeargle|def|1
|upkeep
|turn|2
|
|t:|1645655059
|move|p2a: Smeargle|Nuzzle|p1a: Smeargle
|-damage|p1a: Smeargle|92/100
|-status|p1a: Smeargle|par
|move|p1a: Smeargle|Nuzzle|p2a: Smeargle
|-damage|p2a: Smeargle|72/100
|-status|p2a: Smeargle|par
|
|-ability|p1a: Smeargle|Moody|boost
|-boost|p1a: Smeargle|atk|2
|-unboost|p1a: Smeargle|def|1
|upkeep
|turn|3
|
|t:|1645655067
|cant|p1a: Smeargle|par
|move|p2a: Smeargle|Stealth Rock|p1a: Smeargle
|-sidestart|p1: Dajerkk|move: Stealth Rock
|
|-ability|p1a: Smeargle|Moody|boost
|-boost|p1a: Smeargle|spd|2
|-unboost|p1a: Smeargle|spe|1
|upkeep
|turn|4
|c|☆Lasombralegendaria|weird
|
|t:|1645655070
|cant|p2a: Smeargle|par
|move|p1a: Smeargle|Toxic Spikes|p2a: Smeargle
|-sidestart|p2: Lasombralegendaria|move: Toxic Spikes
|
|-ability|p1a: Smeargle|Moody|boost
|-boost|p1a: Smeargle|spe|2
|-unboost|p1a: Smeargle|atk|1
|upkeep
|turn|5
|
|t:|1645655078
|move|p1a: Smeargle|Baton Pass|p1a: Smeargle
|c|☆Lasombralegendaria|thats ultra gay xd
|
|t:|1645655082
|switch|p1a: Deoxys|Deoxys-Attack|100/100|[from]move: Baton Pass
|-damage|p1a: Deoxys|88/100|[from] Stealth Rock
|-ability|p1a: Deoxys|Pressure
|move|p2a: Smeargle|Sticky Web|p1a: Deoxys
|-sidestart|p1: Dajerkk|move: Sticky Web
|
|upkeep
|turn|6
|c|☆Dajerkk|lol
|c|☆Dajerkk|rng
|c|☆Dajerkk|i got lucked last time we plaed
|c|☆Dajerkk|i couldny defog
|c|☆Lasombralegendaria|sus
|c|☆Dajerkk|got paraliyzed
|c|☆Lasombralegendaria|is gay your toxic
|c|☆Lasombralegendaria|spikes
|
|t:|1645655107
|move|p1a: Deoxys|Ice Beam|p2a: Smeargle
|-damage|p2a: Smeargle|0 fnt
|faint|p2a: Smeargle
|
|upkeep
|c|☆Lasombralegendaria|xd
|c|☆Dajerkk|cant get em off now
|
|t:|1645655114
|switch|p2a: Zacian|Zacian-Crowned|100/100
|-ability|p2a: Zacian|Intrepid Sword|boost
|-boost|p2a: Zacian|atk|1
|turn|7
|
|t:|1645655119
|move|p1a: Deoxys|Superpower|p2a: Zacian
|-damage|p2a: Zacian|37/100
|-unboost|p1a: Deoxys|atk|1
|-unboost|p1a: Deoxys|def|1
|move|p2a: Zacian|Behemoth Blade|p1a: Deoxys
|-damage|p1a: Deoxys|0 fnt
|faint|p1a: Deoxys
|
|upkeep
|c|☆Lasombralegendaria|i dont kare much about tha
|
|t:|1645655126
|switch|p1a: Murkrow|Murkrow, M|100/100
|-damage|p1a: Murkrow|76/100|[from] Stealth Rock
|turn|8
|c|☆Lasombralegendaria|defog:)
|c|☆Lasombralegendaria|do it
|
|t:|1645655135
|move|p1a: Murkrow|Defog|p2a: Zacian
|-unboost|p2a: Zacian|evasion|1
|-sideend|p2: Lasombralegendaria|Toxic Spikes|[from] move: Defog|[of] p1a: Murkrow
|-sideend|p1: Dajerkk|Stealth Rock|[from] move: Defog|[of] p1a: Murkrow
|-sideend|p1: Dajerkk|Sticky Web|[from] move: Defog|[of] p1a: Murkrow
|move|p2a: Zacian|Behemoth Blade|p1a: Murkrow
|-damage|p1a: Murkrow|0 fnt
|faint|p1a: Murkrow
|
|upkeep
|c|☆Dajerkk|wait
|c|☆Lasombralegendaria|:)
|c|☆Dajerkk|u sho ulda went ybelta
|c|☆Dajerkk|it wouldnt have worked
|c|☆Dajerkk|i made a mistkae
|c|☆Lasombralegendaria|i want you to defog
|c|☆Dajerkk|oh im dumbbro
|c|☆Dajerkk|lmao
|c|☆Lasombralegendaria|xd
|
|t:|1645655163
|switch|p1a: Arceus|Arceus|100/100
|turn|9
|
|t:|1645655168
|-start|p1a: Arceus|Dynamax
|-heal|p1a: Arceus|100/100|[silent]
|move|p2a: Zacian|Close Combat|p1a: Arceus
|-supereffective|p1a: Arceus
|-damage|p1a: Arceus|47/100
|-unboost|p2a: Zacian|def|1
|-unboost|p2a: Zacian|spd|1
|move|p1a: Arceus|Max Knuckle|p2a: Zacian
|-damage|p2a: Zacian|0 fnt
|-boost|p1a: Arceus|atk|1
|faint|p2a: Zacian
|
|upkeep
|
|t:|1645655178
|switch|p2a: Yveltal|Yveltal|100/100
|-ability|p2a: Yveltal|Dark Aura
|turn|10
|
|t:|1645655183
|-start|p2a: Yveltal|Dynamax
|-heal|p2a: Yveltal|100/100|[silent]
|move|p2a: Yveltal|Max Darkness|p1a: Arceus
|-damage|p1a: Arceus|5/100
|-unboost|p1a: Arceus|spd|1
|-damage|p2a: Yveltal|96/100|[from] item: Life Orb
|move|p1a: Arceus|Max Strike|p2a: Yveltal
|-damage|p2a: Yveltal|40/100
|-unboost|p2a: Yveltal|spe|1
|
|upkeep
|turn|11
|
|t:|1645655193
|move|p1a: Arceus|Max Guard|p1a: Arceus
|-singleturn|p1a: Arceus|Max Guard
|move|p2a: Yveltal|Max Guard||[still]
|-fail|p2a: Yveltal
|
|-end|p1a: Arceus|Dynamax
|-heal|p1a: Arceus|5/100|[silent]
|upkeep
|turn|12
|
|t:|1645655196
|move|p1a: Arceus|Extreme Speed|p2a: Yveltal
|-damage|p2a: Yveltal|4/100
|move|p2a: Yveltal|Max Airstream|p1a: Arceus
|-damage|p1a: Arceus|0 fnt
|-boost|p2a: Yveltal|spe|1
|faint|p1a: Arceus
|-damage|p2a: Yveltal|0 fnt|[from] item: Life Orb
|faint|p2a: Yveltal
|
|upkeep
|
|t:|1645655203
|switch|p2a: Rayquaza|Rayquaza|100/100
|switch|p1a: Snorlax|Snorlax, M|100/100
|-ability|p2a: Rayquaza|Air Lock
|turn|13
|c|☆Lasombralegendaria|fat snorlax
|
|t:|1645655211
|detailschange|p2a: Rayquaza|Rayquaza-Mega
|-mega|p2a: Rayquaza|Rayquaza|
|-weather|DeltaStream|[from] ability: Delta Stream|[of] p2a: Rayquaza
|move|p2a: Rayquaza|Dragon Ascent|p1a: Snorlax
|-damage|p1a: Snorlax|0 fnt
|-unboost|p2a: Rayquaza|def|1
|-unboost|p2a: Rayquaza|spd|1
|faint|p1a: Snorlax
|-damage|p2a: Rayquaza|91/100|[from] item: Life Orb
|
|-weather|DeltaStream|[upkeep]
|upkeep
|
|t:|1645655216
|switch|p1a: Garchomp|Garchomp, M|100/100
|turn|14
|
|t:|1645655219
|move|p1a: Garchomp|Outrage|p2a: Rayquaza
|-supereffective|p2a: Rayquaza
|-damage|p2a: Rayquaza|0 fnt
|faint|p2a: Rayquaza
|-weather|none
|
|upkeep
|
|t:|1645655222
|switch|p2a: Kyogre|Kyogre|100/100
|detailschange|p2a: Kyogre|Kyogre-Primal
|-primal|p2a: Kyogre
|-weather|PrimordialSea|[from] ability: Primordial Sea|[of] p2a: Kyogre
|turn|15
|
|t:|1645655226
|move|p1a: Garchomp|Outrage|p2a: Kyogre|[from]lockedmove
|-damage|p2a: Kyogre|28/100
|-start|p1a: Garchomp|confusion|[fatigue]
|move|p2a: Kyogre|Ice Beam|p1a: Garchomp
|-supereffective|p1a: Garchomp
|-damage|p1a: Garchomp|0 fnt
|faint|p1a: Garchomp
|
|-weather|PrimordialSea|[upkeep]
|upkeep
|l|☆Dajerkk
|inactive|Dajerkk disconnected and has a minute to reconnect!
|player|p1|
|inactive|Dajerkk has 30 seconds to reconnect!
|inactive|Dajerkk has 20 seconds to reconnect!
|inactive|Dajerkk has 15 seconds to reconnect!
|inactive|Dajerkk has 10 seconds to reconnect!
|inactive|Dajerkk has 5 seconds to reconnect!
|-message|Dajerkk lost due to inactivity.
|
|win|Lasombralegendaria
|raw|Dajerkk's rating: 1620 &rarr; <strong>1608</strong><br />(-12 for losing)
|raw|Lasombralegendaria's rating: 1765 &rarr; <strong>1777</strong><br />(+12 for winning)
||Ladder isn't responding, score probably updated but might not have (Request timeout).
