|j|☆Nobodi_Nowan
|j|☆MrPassTheSalt
|t:|1665079453
|gametype|singles
|player|p1|Nobodi_Nowan|akari|1972
|player|p2|MrPassTheSalt|170|1735
|teamsize|p1|6
|teamsize|p2|6
|gen|8
|tier|[Gen 8] National Dex AG
|rated|
|rule|HP Percentage Mod: HP is shown in percentages
|rule|Endless Battle Clause: Forcing endless battles is banned
|clearpoke
|poke|p1|Forretress, M|
|poke|p1|Arceus-*|
|poke|p1|Kyogre|
|poke|p1|Calyrex-Shadow|
|poke|p1|Zacian-*|
|poke|p1|Rayquaza|
|poke|p2|Arceus-*|
|poke|p2|Calyrex-Shadow|
|poke|p2|Yveltal|
|poke|p2|Rayquaza|
|poke|p2|Ditto|
|poke|p2|Ho-Oh|
|teampreview
|c|☆Nobodi_Nowan|hi there
|c|☆MrPassTheSalt|oh
|c|☆MrPassTheSalt|fuckkk
|c|☆MrPassTheSalt|mannn
|c|☆MrPassTheSalt|my elo
|
|t:|1665079493
|start
|switch|p1a: Zacian|Zacian-Crowned, shiny|100/100
|switch|p2a: rexy|Calyrex-Shadow|100/100
|-ability|p2a: rexy|As One
|-ability|p2a: rexy|Unnerve
|-ability|p1a: Zacian|Intrepid Sword|boost
|-boost|p1a: Zacian|atk|1
|turn|1
|c|☆MrPassTheSalt|i hit 1700 tho
|
|t:|1665079506
|switch|p1a: Arceus|Arceus|100/100
|move|p2a: rexy|Nasty Plot|p2a: rexy
|-boost|p2a: rexy|spa|2
|
|upkeep
|turn|2
|
|t:|1665079512
|move|p2a: rexy|Psyshock|p1a: Arceus
|-damage|p1a: Arceus|37/100
|move|p1a: Arceus|Swords Dance|p1a: Arceus
|-boost|p1a: Arceus|atk|2
|
|upkeep
|turn|3
|inactive|Battle timer is ON: inactive players will automatically lose when time's up. (requested by MrPassTheSalt)
|c|☆Nobodi_Nowan|hell nah not again this
|
|t:|1665079530
|-start|p1a: Arceus|Dynamax|
|-heal|p1a: Arceus|37/100|[silent]
|move|p2a: rexy|Psyshock|p1a: Arceus
|-damage|p1a: Arceus|7/100
|move|p1a: Arceus|Max Phantasm|p2a: rexy
|-supereffective|p2a: rexy
|-enditem|p2a: rexy|Focus Sash
|-damage|p2a: rexy|1/100
|-unboost|p2a: rexy|def|1
|
|upkeep
|turn|4
|c|☆MrPassTheSalt|lmao
|c|☆MrPassTheSalt|w sash
|
|t:|1665079543
|move|p2a: rexy|Psyshock|p1a: Arceus
|-damage|p1a: Arceus|0 fnt
|faint|p1a: Arceus
|-ability|p2a: rexy|Grim Neigh|boost
|-boost|p2a: rexy|spa|1
|
|upkeep
|
|t:|1665079548
|switch|p1a: Calyrex|Calyrex-Shadow|100/100
|-ability|p1a: Calyrex|As One
|-ability|p1a: Calyrex|Unnerve
|turn|5
|
|t:|1665079572
|switch|p2a: kevin|Yveltal|100/100
|-ability|p2a: kevin|Dark Aura
|move|p1a: Calyrex|Draining Kiss|p2a: kevin
|-supereffective|p2a: kevin
|-damage|p2a: kevin|64/100
|
|upkeep
|turn|6
|
|t:|1665079584
|switch|p1a: Zacian|Zacian-Crowned, shiny|100/100
|-ability|p1a: Zacian|Intrepid Sword|boost
|-boost|p1a: Zacian|atk|1
|-start|p2a: kevin|Dynamax|
|-heal|p2a: kevin|64/100|[silent]
|move|p2a: kevin|Max Airstream|p1a: Zacian
|-resisted|p1a: Zacian
|-damage|p1a: Zacian|67/100
|-boost|p2a: kevin|spe|1
|
|upkeep
|turn|7
|
|t:|1665079600
|switch|p1a: Kyogre|Kyogre|100/100
|detailschange|p1a: Kyogre|Kyogre-Primal
|-primal|p1a: Kyogre
|-weather|PrimordialSea|[from] ability: Primordial Sea|[of] p1a: Kyogre
|move|p2a: kevin|Max Flare||[still]
|-fail|p2a: kevin|Max Flare|[from] Primordial Sea
|
|-weather|PrimordialSea|[upkeep]
|upkeep
|turn|8
|c|☆MrPassTheSalt|i knew u wasnt that stupid
|c|☆MrPassTheSalt|but i was jus making sure
|
|t:|1665079618
|move|p2a: kevin|Max Airstream|p1a: Kyogre
|-damage|p1a: Kyogre|58/100
|-boost|p2a: kevin|spe|1
|move|p1a: Kyogre|Thunder|p2a: kevin
|-supereffective|p2a: kevin
|-damage|p2a: kevin|20/100
|
|-weather|PrimordialSea|[upkeep]
|upkeep
|-end|p2a: kevin|Dynamax
|-heal|p2a: kevin|20/100|[silent]
|turn|9
|
|t:|1665079635
|move|p2a: kevin|Dark Pulse|p1a: Kyogre
|-damage|p1a: Kyogre|24/100
|move|p1a: Kyogre|Ice Beam|p2a: kevin
|-supereffective|p2a: kevin
|-damage|p2a: kevin|0 fnt
|faint|p2a: kevin
|
|-weather|PrimordialSea|[upkeep]
|upkeep
|
|t:|1665079639
|switch|p2a: steve|Ditto|100/100
|-transform|p2a: steve|p1a: Kyogre|[from] ability: Imposter
|turn|10
|c|☆MrPassTheSalt|YUHHHHHHH
|c|☆Nobodi_Nowan|possibly the biggest reason of y pogre
|c|☆MrPassTheSalt|LET IT RAINNN
|
|t:|1665079652
|move|p2a: steve|Water Spout|p1a: Kyogre
|-resisted|p1a: Kyogre
|-damage|p1a: Kyogre|0 fnt
|faint|p1a: Kyogre
|
|-weather|PrimordialSea|[upkeep]
|upkeep
|c|☆MrPassTheSalt|yea
|c|☆MrPassTheSalt|a kyogre with full hp is one of the most threatening things in this game
|inactive|Nobodi_Nowan has 120 seconds left.
|
|t:|1665079681
|switch|p1a: Rayquaza|Rayquaza|100/100
|-ability|p1a: Rayquaza|Air Lock
|turn|11
|inactive|Nobodi_Nowan has 120 seconds left.
|
|t:|1665079694
|-weather|none
|switch|p2a: karen|Ho-Oh|100/100
|detailschange|p1a: Rayquaza|Rayquaza-Mega
|-mega|p1a: Rayquaza|Rayquaza|
|-weather|DeltaStream|[from] ability: Delta Stream|[of] p1a: Rayquaza
|move|p1a: Rayquaza|Dragon Ascent|p2a: karen
|-damage|p2a: karen|46/100
|-unboost|p1a: Rayquaza|def|1
|-unboost|p1a: Rayquaza|spd|1
|
|-weather|DeltaStream|[upkeep]
|upkeep
|turn|12
|inactive|Nobodi_Nowan has 120 seconds left.
|
|t:|1665079715
|switch|p2a: angela|Arceus-Fairy|100/100
|move|p1a: Rayquaza|Dragon Ascent|p2a: angela
|-damage|p2a: angela|34/100
|-unboost|p1a: Rayquaza|def|1
|-unboost|p1a: Rayquaza|spd|1
|
|-weather|DeltaStream|[upkeep]
|upkeep
|turn|13
|inactive|Nobodi_Nowan has 120 seconds left.
|
|t:|1665079727
|-weather|none
|switch|p1a: Zacian|Zacian-Crowned, shiny|67/100
|-ability|p1a: Zacian|Intrepid Sword|boost
|-boost|p1a: Zacian|atk|1
|move|p2a: angela|Recover|p2a: angela
|-heal|p2a: angela|84/100
|
|upkeep
|turn|14
|inactive|Nobodi_Nowan has 120 seconds left.
|
|t:|1665079737
|move|p1a: Zacian|Substitute|p1a: Zacian
|-start|p1a: Zacian|Substitute
|-damage|p1a: Zacian|42/100
|move|p2a: angela|Earth Power|p1a: Zacian
|-supereffective|p1a: Zacian
|-end|p1a: Zacian|Substitute
|
|upkeep
|turn|15
|c|☆MrPassTheSalt|fuck ur sub
|inactive|Nobodi_Nowan has 120 seconds left.
|c|☆Nobodi_Nowan|f
|
|t:|1665079758
|move|p1a: Zacian|Behemoth Blade|p2a: angela
|-supereffective|p2a: angela
|-damage|p2a: angela|0 fnt
|faint|p2a: angela
|
|upkeep
|
|t:|1665079760
|switch|p2a: steve|Ditto|100/100
|-transform|p2a: steve|p1a: Zacian|[from] ability: Imposter
|-ability|p2a: steve|Intrepid Sword|boost
|-boost|p2a: steve|atk|1
|turn|16
|
|t:|1665079772
|switch|p1a: Forretress|Forretress, M|100/100
|move|p2a: steve|Behemoth Blade|p1a: Forretress
|-resisted|p1a: Forretress
|-damage|p1a: Forretress|68/100
|
|-heal|p1a: Forretress|75/100|[from] item: Leftovers
|upkeep
|turn|17
|j| AyusoEsMiCrush
|
|t:|1665079785
|switch|p2a: karen|Ho-Oh|79/100
|move|p1a: Forretress|Stealth Rock|p2a: karen
|-sidestart|p2: MrPassTheSalt|move: Stealth Rock
|
|-heal|p1a: Forretress|81/100|[from] item: Leftovers
|upkeep
|turn|18
|
|t:|1665079795
|move|p2a: karen|Sacred Fire|p1a: Forretress
|-supereffective|p1a: Forretress
|-damage|p1a: Forretress|0 fnt
|faint|p1a: Forretress
|
|upkeep
|l|☆Nobodi_Nowan
|inactive|Nobodi_Nowan disconnected and has a minute to reconnect!
|player|p1|
|j|☆Nobodi_Nowan
|inactive|Nobodi_Nowan reconnected and has 95 seconds left.
|player|p1|Nobodi_Nowan|akari
|inactive|Nobodi_Nowan has 90 seconds left.
|c|☆MrPassTheSalt|bro this is so intense
|
|t:|1665079830
|switch|p1a: Zacian|Zacian-Crowned, shiny|42/100
|-ability|p1a: Zacian|Intrepid Sword|boost
|-boost|p1a: Zacian|atk|1
|turn|19
|c|☆MrPassTheSalt|there are actually moments in this match where i just dunno what the best thing to do is
|
|t:|1665079842
|move|p1a: Zacian|Substitute|p1a: Zacian
|-start|p1a: Zacian|Substitute
|-damage|p1a: Zacian|17/100
|move|p2a: karen|Sacred Fire|p1a: Zacian
|-supereffective|p1a: Zacian
|-end|p1a: Zacian|Substitute
|
|upkeep
|turn|20
|
|t:|1665079848
|move|p1a: Zacian|Wild Charge|p2a: karen
|-supereffective|p2a: karen
|-damage|p2a: karen|2/100
|-damage|p1a: Zacian|0 fnt|[from] Recoil
|faint|p1a: Zacian
|move|p2a: karen|Defog|p1: Zacian|[notarget]
|-fail|p2a: karen
|
|upkeep
|c|☆MrPassTheSalt|W
|
|t:|1665079855
|switch|p1a: Calyrex|Calyrex-Shadow|100/100
|-ability|p1a: Calyrex|As One
|-ability|p1a: Calyrex|Unnerve
|turn|21
|c|☆MrPassTheSalt|wait
|c|☆MrPassTheSalt|fuck
|
|t:|1665079869
|move|p1a: Calyrex|Astral Barrage|p2a: karen
|-damage|p2a: karen|0 fnt
|faint|p2a: karen
|-ability|p1a: Calyrex|Grim Neigh|boost
|-boost|p1a: Calyrex|spa|1
|
|upkeep
|
|t:|1665079871
|switch|p2a: steve|Ditto|100/100
|-damage|p2a: steve|88/100|[from] Stealth Rock
|-transform|p2a: steve|p1a: Calyrex|[from] ability: Imposter
|turn|22
|c|☆Nobodi_Nowan|r we gona risk everything to a speed tie?
|c|☆MrPassTheSalt|i have no choice
|
|t:|1665079882
|move|p2a: steve|Astral Barrage|p1a: Calyrex
|-supereffective|p1a: Calyrex
|-damage|p1a: Calyrex|0 fnt
|faint|p1a: Calyrex
|-ability|p2a: steve|Grim Neigh|boost
|-boost|p2a: steve|spa|1
|
|upkeep
|c|☆MrPassTheSalt|OMG
|c|☆MrPassTheSalt|damn
|c|☆Nobodi_Nowan|f
|
|t:|1665079893
|switch|p1a: Rayquaza|Rayquaza-Mega|100/100
|-weather|DeltaStream|[from] ability: Delta Stream|[of] p1a: Rayquaza
|turn|23
|
|t:|1665079900
|move|p1a: Rayquaza|Endure|p1a: Rayquaza
|-singleturn|p1a: Rayquaza|move: Endure
|move|p2a: steve|Astral Barrage|p1a: Rayquaza
|-activate|p1a: Rayquaza|move: Endure
|-damage|p1a: Rayquaza|1/100
|
|-weather|DeltaStream|[upkeep]
|upkeep
|turn|24
|inactive|Nobodi_Nowan has 120 seconds left.
|-enditem|p1a: Rayquaza|Custap Berry|[eat]
|-activate|p1a: Rayquaza|item: Custap Berry|[consumed]
|
|t:|1665079907
|move|p1a: Rayquaza|Dragon Ascent|p2a: steve
|-damage|p2a: steve|0 fnt
|-unboost|p1a: Rayquaza|def|1
|-unboost|p1a: Rayquaza|spd|1
|faint|p2a: steve
|
|-weather|DeltaStream|[upkeep]
|upkeep
|c|☆MrPassTheSalt|i fw it
|c|☆MrPassTheSalt|i fw that set
|c|☆MrPassTheSalt|thats actually so high iq
|
|t:|1665079928
|switch|p2a: bruno|Rayquaza|100/100
|-damage|p2a: bruno|76/100|[from] Stealth Rock
|-ability|p2a: bruno|Air Lock
|turn|25
|c|☆Nobodi_Nowan|caly ditto has a bug
|c|☆MrPassTheSalt|what
|inactive|Nobodi_Nowan has 120 seconds left.
|c|☆Nobodi_Nowan|only grim neighactsonit
|c|☆Nobodi_Nowan|thats y my berry works
|
|t:|1665079960
|detailschange|p2a: bruno|Rayquaza-Mega
|-mega|p2a: bruno|Rayquaza|
|move|p2a: bruno|Extreme Speed|p1a: Rayquaza
|-damage|p1a: Rayquaza|0 fnt
|faint|p1a: Rayquaza
|
|win|MrPassTheSalt
|raw|Nobodi_Nowan's rating: 1972 &rarr; <strong>1940</strong><br />(-32 for losing)
|raw|MrPassTheSalt's rating: 1735 &rarr; <strong>1767</strong><br />(+32 for winning)
|c|☆MrPassTheSalt|wait
|c|☆MrPassTheSalt|OHHH
|c|☆Nobodi_Nowan|gg
|c|☆MrPassTheSalt|omg
|c|☆MrPassTheSalt|grim niegh doesnt cancel ur berry
|c|☆MrPassTheSalt|thats crazy
|l|☆Nobodi_Nowan
||Ladder isn't responding, score probably updated but might not have (Request timeout).
