|j|☆TotallyUnknownMan
|j|☆97thPhantom
|t:|1656205659
|gametype|singles
|player|p1|TotallyUnknownMan|unknown|1371
|player|p2|97thPhantom|saturn|1622
|teamsize|p1|6
|teamsize|p2|6
|gen|8
|tier|[Gen 8] National Dex AG
|rated|
|rule|HP Percentage Mod: HP is shown in percentages
|rule|Endless Battle Clause: Forcing endless battles is banned
|clearpoke
|poke|p1|Ribombee, F|
|poke|p1|Darmanitan-Galar, M|
|poke|p1|Arceus-*|
|poke|p1|Shaymin-Sky|
|poke|p1|Cobalion|
|poke|p1|Groudon|
|poke|p2|Zygarde|
|poke|p2|Calyrex-Shadow|
|poke|p2|Marshadow|
|poke|p2|Arceus-*|
|poke|p2|Ditto|
|poke|p2|Forretress, F|
|teampreview
|inactive|Battle timer is ON: inactive players will automatically lose when time's up. (requested by 97thPhantom)
|inactive|TotallyUnknownMan also wants the timer to be on.
|
|t:|1656205673
|start
|switch|p1a: Ribombee|Ribombee, F|100/100
|switch|p2a: Bastille|Forretress, F|100/100
|turn|1
|
|t:|1656205686
|move|p1a: Ribombee|Sticky Web|p2a: Bastille
|-sidestart|p2: 97thPhantom|move: Sticky Web
|move|p2a: Bastille|Stealth Rock|p1a: Ribombee
|-sidestart|p1: TotallyUnknownMan|move: Stealth Rock
|
|upkeep
|turn|2
|
|t:|1656205710
|switch|p1a: Darmanitan|Darmanitan-Galar, M|100/100
|-damage|p1a: Darmanitan|75/100|[from] Stealth Rock
|move|p2a: Bastille|Toxic Spikes|p1a: Darmanitan
|-sidestart|p1: TotallyUnknownMan|move: Toxic Spikes
|
|upkeep
|turn|3
|
|t:|1656205723
|move|p1a: Darmanitan|Flare Blitz|p2a: Bastille
|-supereffective|p2a: Bastille
|-ability|p2a: Bastille|Sturdy
|-damage|p2a: Bastille|1/100
|-enditem|p2a: Bastille|Aguav Berry|[eat]
|-heal|p2a: Bastille|34/100|[from] item: Aguav Berry
|-damage|p1a: Darmanitan|43/100|[from] Recoil
|move|p2a: Bastille|Rapid Spin|p1a: Darmanitan
|-damage|p1a: Darmanitan|29/100
|-boost|p2a: Bastille|spe|1
|-sideend|p2: 97thPhantom|Sticky Web|[from] move: Rapid Spin|[of] p2a: Bastille
|
|upkeep
|turn|4
|
|t:|1656205752
|switch|p2a: Immortal Snake|Zygarde, shiny|100/100
|move|p1a: Darmanitan|Flare Blitz|p2a: Immortal Snake
|-resisted|p2a: Immortal Snake
|-damage|p2a: Immortal Snake|78/100
|-status|p2a: Immortal Snake|brn
|-damage|p1a: Darmanitan|20/100|[from] Recoil
|
|-heal|p2a: Immortal Snake|84/100 brn|[from] item: Leftovers
|-damage|p2a: Immortal Snake|78/100 brn|[from] brn
|upkeep
|turn|5
|
|t:|1656205767
|move|p1a: Darmanitan|Flare Blitz|p2a: Immortal Snake
|-resisted|p2a: Immortal Snake
|-damage|p2a: Immortal Snake|55/100 brn
|-damage|p1a: Darmanitan|10/100|[from] Recoil
|move|p2a: Immortal Snake|Coil|p2a: Immortal Snake
|-boost|p2a: Immortal Snake|atk|1
|-boost|p2a: Immortal Snake|def|1
|-boost|p2a: Immortal Snake|accuracy|1
|
|-heal|p2a: Immortal Snake|61/100 brn|[from] item: Leftovers
|-damage|p2a: Immortal Snake|55/100 brn|[from] brn
|upkeep
|turn|6
|inactive|97thPhantom has 120 seconds left.
|
|t:|1656205789
|move|p1a: Darmanitan|Flare Blitz|p2a: Immortal Snake
|-resisted|p2a: Immortal Snake
|-damage|p2a: Immortal Snake|40/100 brn
|-damage|p1a: Darmanitan|5/100|[from] Recoil
|move|p2a: Immortal Snake|Coil|p2a: Immortal Snake
|-boost|p2a: Immortal Snake|atk|1
|-boost|p2a: Immortal Snake|def|1
|-boost|p2a: Immortal Snake|accuracy|1
|
|-heal|p2a: Immortal Snake|47/100 brn|[from] item: Leftovers
|-damage|p2a: Immortal Snake|40/100 brn|[from] brn
|-activate|p2a: Immortal Snake|ability: Power Construct
|detailschange|p2a: Immortal Snake|Zygarde-Complete, shiny
|-heal|p2a: Immortal Snake|61/100 brn|[silent]
|upkeep
|turn|7
|inactive|97thPhantom has 120 seconds left.
|inactive|TotallyUnknownMan has 120 seconds left.
|
|t:|1656205829
|move|p1a: Darmanitan|Flare Blitz|p2a: Immortal Snake
|-resisted|p2a: Immortal Snake
|-damage|p2a: Immortal Snake|54/100 brn
|-damage|p1a: Darmanitan|1/100|[from] Recoil
|move|p2a: Immortal Snake|Rest|p2a: Immortal Snake
|-status|p2a: Immortal Snake|slp|[from] move: Rest
|-heal|p2a: Immortal Snake|100/100 slp|[silent]
|
|upkeep
|turn|8
|
|t:|1656205842
|switch|p1a: Ribombee|Ribombee, F|100/100
|-damage|p1a: Ribombee|75/100|[from] Stealth Rock
|-status|p1a: Ribombee|psn
|cant|p2a: Immortal Snake|slp
|move|p2a: Immortal Snake|Sleep Talk|p2a: Immortal Snake
|move|p2a: Immortal Snake|Rest||[from]move: Sleep Talk|[still]
|-fail|p2a: Immortal Snake
|
|-damage|p1a: Ribombee|63/100 psn|[from] psn
|upkeep
|turn|9
|inactive|97thPhantom has 120 seconds left.
|
|t:|1656205858
|move|p1a: Ribombee|Sticky Web|p2a: Immortal Snake
|-sidestart|p2: 97thPhantom|move: Sticky Web
|cant|p2a: Immortal Snake|slp
|move|p2a: Immortal Snake|Sleep Talk|p2a: Immortal Snake
|move|p2a: Immortal Snake|Coil|p2a: Immortal Snake|[from]move: Sleep Talk
|-boost|p2a: Immortal Snake|atk|1
|-boost|p2a: Immortal Snake|def|1
|-boost|p2a: Immortal Snake|accuracy|1
|
|-damage|p1a: Ribombee|51/100 psn|[from] psn
|upkeep
|turn|10
|inactive|97thPhantom has 120 seconds left.
|
|t:|1656205874
|switch|p1a: Arceus|Arceus|100/100
|-damage|p1a: Arceus|88/100|[from] Stealth Rock
|-status|p1a: Arceus|psn
|-curestatus|p2a: Immortal Snake|slp|[msg]
|move|p2a: Immortal Snake|Coil|p2a: Immortal Snake
|-boost|p2a: Immortal Snake|atk|1
|-boost|p2a: Immortal Snake|def|1
|-boost|p2a: Immortal Snake|accuracy|1
|
|-damage|p1a: Arceus|76/100 psn|[from] psn
|upkeep
|turn|11
|
|t:|1656205888
|-start|p2a: Immortal Snake|Dynamax|
|-heal|p2a: Immortal Snake|100/100|[silent]
|move|p1a: Arceus|Perish Song|p1a: Arceus
|-start|p1a: Arceus|perish3|[silent]
|-start|p2a: Immortal Snake|perish3|[silent]
|-fieldactivate|move: Perish Song
|move|p2a: Immortal Snake|Max Quake|p1a: Arceus
|-damage|p1a: Arceus|0 fnt
|-boost|p2a: Immortal Snake|spd|1
|faint|p1a: Arceus
|
|-start|p2a: Immortal Snake|perish3
|upkeep
|
|t:|1656205902
|switch|p1a: Ribombee|Ribombee, F|51/100 psn
|-damage|p1a: Ribombee|26/100 psn|[from] Stealth Rock
|turn|12
|inactive|97thPhantom has 120 seconds left.
|
|t:|1656205919
|move|p1a: Ribombee|Toxic|p2a: Immortal Snake
|-status|p2a: Immortal Snake|tox
|move|p2a: Immortal Snake|Max Quake|p1a: Ribombee
|-resisted|p1a: Ribombee
|-damage|p1a: Ribombee|0 fnt
|-boost|p2a: Immortal Snake|spd|1
|faint|p1a: Ribombee
|
|-damage|p2a: Immortal Snake|97/100 tox|[from] psn
|-start|p2a: Immortal Snake|perish2
|upkeep
|
|t:|1656205936
|switch|p1a: Darmanitan|Darmanitan-Galar, M|1/100
|-damage|p1a: Darmanitan|0 fnt|[from] Stealth Rock
|faint|p1a: Darmanitan
|
|t:|1656205942
|switch|p1a: Shaymin|Shaymin-Sky|100/100
|-damage|p1a: Shaymin|76/100|[from] Stealth Rock
|turn|13
|c|☆97thPhantom|ITS THE FINAL COUNTDOWN
|inactive|97thPhantom has 120 seconds left.
|inactive|TotallyUnknownMan has 90 seconds left.
|
|t:|1656205964
|-end|p2a: Immortal Snake|Dynamax
|-heal|p2a: Immortal Snake|98/100 tox|[silent]
|switch|p2a: Bastille|Forretress, F|34/100
|-activate|p2a: Bastille|move: Sticky Web
|-unboost|p2a: Bastille|spe|1
|-start|p1a: Shaymin|Dynamax|
|-heal|p1a: Shaymin|76/100|[silent]
|move|p1a: Shaymin|Max Starfall|p2a: Bastille
|-resisted|p2a: Bastille
|-damage|p2a: Bastille|2/100
|-fieldstart|move: Misty Terrain
|
|upkeep
|turn|14
|inactive|TotallyUnknownMan has 90 seconds left.
|
|t:|1656205981
|move|p1a: Shaymin|Max Airstream|p2a: Bastille
|-damage|p2a: Bastille|0 fnt
|-boost|p1a: Shaymin|spe|1
|faint|p2a: Bastille
|
|upkeep
|
|t:|1656205995
|switch|p2a: Immortal Snake|Zygarde-Complete, shiny|98/100 tox
|-activate|p2a: Immortal Snake|move: Sticky Web
|-unboost|p2a: Immortal Snake|spe|1
|turn|15
|
|t:|1656206007
|move|p1a: Shaymin|Max Starfall|p2a: Immortal Snake
|-supereffective|p2a: Immortal Snake
|-damage|p2a: Immortal Snake|64/100 tox
|move|p2a: Immortal Snake|Coil|p2a: Immortal Snake
|-boost|p2a: Immortal Snake|atk|1
|-boost|p2a: Immortal Snake|def|1
|-boost|p2a: Immortal Snake|accuracy|1
|
|-heal|p2a: Immortal Snake|70/100 tox|[from] item: Leftovers
|-damage|p2a: Immortal Snake|64/100 tox|[from] psn
|upkeep
|-end|p1a: Shaymin|Dynamax
|-heal|p1a: Shaymin|76/100|[silent]
|turn|16
|inactive|TotallyUnknownMan has 90 seconds left.
|
|t:|1656206023
|move|p1a: Shaymin|Dazzling Gleam|p2a: Immortal Snake
|-supereffective|p2a: Immortal Snake
|-damage|p2a: Immortal Snake|33/100 tox
|move|p2a: Immortal Snake|Rest||[still]
|-fail|p2a: Immortal Snake
|
|-heal|p2a: Immortal Snake|39/100 tox|[from] item: Leftovers
|-damage|p2a: Immortal Snake|27/100 tox|[from] psn
|upkeep
|turn|17
|inactive|TotallyUnknownMan has 90 seconds left.
|
|t:|1656206037
|switch|p2a: I'm sorry|Arceus, shiny|100/100
|-activate|p2a: I'm sorry|move: Sticky Web
|-unboost|p2a: I'm sorry|spe|1
|move|p1a: Shaymin|Dazzling Gleam|p2a: I'm sorry
|-damage|p2a: I'm sorry|75/100
|
|-fieldend|Misty Terrain
|upkeep
|turn|18
|c|☆TotallyUnknownMan|Mist
|inactive|TotallyUnknownMan has 90 seconds left.
|
|t:|1656206050
|switch|p1a: Cobalion|Cobalion|100/100
|-damage|p1a: Cobalion|97/100|[from] Stealth Rock
|move|p2a: I'm sorry|Swords Dance|p2a: I'm sorry
|-boost|p2a: I'm sorry|atk|2
|
|upkeep
|turn|19
|c|☆97thPhantom|ye i forgot
|inactive|TotallyUnknownMan has 90 seconds left.
|
|t:|1656206064
|move|p1a: Cobalion|Close Combat|p2a: I'm sorry
|-supereffective|p2a: I'm sorry
|-damage|p2a: I'm sorry|0 fnt
|-unboost|p1a: Cobalion|def|1
|-unboost|p1a: Cobalion|spd|1
|faint|p2a: I'm sorry
|
|upkeep
|
|t:|1656206071
|switch|p2a: Immortal Snake|Zygarde-Complete, shiny|27/100 tox
|-activate|p2a: Immortal Snake|move: Sticky Web
|-unboost|p2a: Immortal Snake|spe|1
|turn|20
|
|t:|1656206076
|move|p1a: Cobalion|Close Combat|p2a: Immortal Snake
|-damage|p2a: Immortal Snake|0 fnt
|-unboost|p1a: Cobalion|def|1
|-unboost|p1a: Cobalion|spd|1
|faint|p2a: Immortal Snake
|
|upkeep
|
|t:|1656206088
|switch|p2a: Mega Gengar|Marshadow|100/100
|-activate|p2a: Mega Gengar|move: Sticky Web
|-unboost|p2a: Mega Gengar|spe|1
|turn|21
|
|t:|1656206096
|switch|p1a: Groudon|Groudon|100/100
|-damage|p1a: Groudon|94/100|[from] Stealth Rock
|-status|p1a: Groudon|psn
|-weather|SunnyDay|[from] ability: Drought|[of] p1a: Groudon
|move|p2a: Mega Gengar|Close Combat|p1a: Groudon
|-damage|p1a: Groudon|48/100 psn
|-unboost|p2a: Mega Gengar|def|1
|-unboost|p2a: Mega Gengar|spd|1
|
|-weather|SunnyDay|[upkeep]
|-damage|p1a: Groudon|36/100 psn|[from] psn
|upkeep
|turn|22
|inactive|97thPhantom has 120 seconds left.
|
|t:|1656206118
|move|p1a: Groudon|Heat Crash|p2a: Mega Gengar
|-enditem|p2a: Mega Gengar|Focus Sash
|-damage|p2a: Mega Gengar|1/100
|move|p2a: Mega Gengar|Close Combat|p1a: Groudon
|-crit|p1a: Groudon
|-damage|p1a: Groudon|0 fnt
|-unboost|p2a: Mega Gengar|def|1
|-unboost|p2a: Mega Gengar|spd|1
|faint|p1a: Groudon
|
|-weather|SunnyDay|[upkeep]
|upkeep
|
|t:|1656206136
|switch|p1a: Cobalion|Cobalion|97/100
|-damage|p1a: Cobalion|94/100|[from] Stealth Rock
|turn|23
|inactive|97thPhantom has 120 seconds left.
|
|t:|1656206145
|move|p2a: Mega Gengar|Shadow Sneak|p1a: Cobalion
|-damage|p1a: Cobalion|68/100
|move|p1a: Cobalion|Bounce||[still]
|-prepare|p1a: Cobalion|Bounce
|
|-weather|SunnyDay|[upkeep]
|upkeep
|turn|24
|inactive|97thPhantom has 120 seconds left.
|
|t:|1656206171
|move|p1a: Cobalion|Bounce|p2a: Mega Gengar|[from]lockedmove
|-supereffective|p2a: Mega Gengar
|-damage|p2a: Mega Gengar|0 fnt
|faint|p2a: Mega Gengar
|
|-weather|SunnyDay|[upkeep]
|upkeep
|
|t:|1656206182
|switch|p2a: Happy Blob|Ditto|100/100
|-activate|p2a: Happy Blob|move: Sticky Web
|-unboost|p2a: Happy Blob|spe|1
|-transform|p2a: Happy Blob|p1a: Cobalion|[from] ability: Imposter
|turn|25
|
|t:|1656206190
|move|p2a: Happy Blob|Close Combat|p1a: Cobalion
|-supereffective|p1a: Cobalion
|-damage|p1a: Cobalion|0 fnt
|-unboost|p2a: Happy Blob|def|1
|-unboost|p2a: Happy Blob|spd|1
|faint|p1a: Cobalion
|
|-weather|none
|upkeep
|
|t:|1656206213
|switch|p1a: Shaymin|Shaymin-Sky|76/100
|-damage|p1a: Shaymin|51/100|[from] Stealth Rock
|turn|26
|inactive|TotallyUnknownMan has 90 seconds left.
|c|☆TotallyUnknownMan|Gg
|c|☆TotallyUnknownMan|Wp
|c|☆97thPhantom|gg
|
|t:|1656206246
|move|p2a: Happy Blob|Close Combat|p1a: Shaymin
|-resisted|p1a: Shaymin
|-damage|p1a: Shaymin|21/100
|-unboost|p2a: Happy Blob|def|1
|-unboost|p2a: Happy Blob|spd|1
|move|p1a: Shaymin|Air Slash|p2a: Happy Blob
|-damage|p2a: Happy Blob|0 fnt
|faint|p2a: Happy Blob
|
|upkeep
|c|☆97thPhantom|this was real close
|
|t:|1656206258
|switch|p2a: 2 for 1 Deal|Calyrex-Shadow|100/100
|-ability|p2a: 2 for 1 Deal|As One
|-ability|p2a: 2 for 1 Deal|Unnerve
|-activate|p2a: 2 for 1 Deal|move: Sticky Web
|-unboost|p2a: 2 for 1 Deal|spe|1
|turn|27
|inactive|TotallyUnknownMan has 90 seconds left.
|c|☆TotallyUnknownMan|Wait there's still a chance
|
|t:|1656206289
|move|p1a: Shaymin|Air Slash|p2a: 2 for 1 Deal
|-damage|p2a: 2 for 1 Deal|45/100
|cant|p2a: 2 for 1 Deal|flinch
|
|upkeep
|turn|28
|inactive|97thPhantom has 120 seconds left.
|c|☆97thPhantom|well
|c|☆97thPhantom|wp
|
|t:|1656206306
|move|p1a: Shaymin|Air Slash|p2a: 2 for 1 Deal|[miss]
|-miss|p1a: Shaymin|p2a: 2 for 1 Deal
|move|p2a: 2 for 1 Deal|Astral Barrage|p1a: Shaymin
|-damage|p1a: Shaymin|0 fnt
|faint|p1a: Shaymin
|
|win|97thPhantom
|raw|TotallyUnknownMan's rating: 1371 &rarr; <strong>1363</strong><br />(-8 for losing)
|raw|97thPhantom's rating: 1622 &rarr; <strong>1630</strong><br />(+8 for winning)
|c|☆97thPhantom|huh
|c|☆TotallyUnknownMan|Wp
|c|☆97thPhantom|gg man
|c|☆TotallyUnknownMan|Gg
|l|☆TotallyUnknownMan
