|j|☆I'll meme
|j|☆TaketheL TTT
|t:|1646471981
|gametype|singles
|player|p1|I'll meme|1|1456
|player|p2|TaketheL TTT|klara|1548
|teamsize|p1|6
|teamsize|p2|6
|gen|8
|tier|[Gen 8] National Dex AG
|rated|
|rule|HP Percentage Mod: HP is shown in percentages
|rule|Endless Battle Clause: Forcing endless battles is banned
|clearpoke
|poke|p1|Calyrex-Shadow|
|poke|p1|Clefable, F|
|poke|p1|Galvantula, M|
|poke|p1|Blaziken, M|
|poke|p1|Jirachi|
|poke|p1|Ho-Oh|
|poke|p2|Zacian-*|
|poke|p2|Xerneas-*|
|poke|p2|Arceus-*|
|poke|p2|Necrozma-Dusk-Mane|
|poke|p2|Arceus-*|
|poke|p2|Calyrex-Shadow|
|teampreview
|inactive|Battle timer is ON: inactive players will automatically lose when time's up. (requested by I'll meme)
|
|t:|1646471991
|start
|switch|p1a: Galvantula|Galvantula, M|100/100
|switch|p2a: Calyrex|Calyrex-Shadow|100/100
|-ability|p2a: Calyrex|As One
|-ability|p2a: Calyrex|Unnerve
|turn|1
|
|t:|1646471994
|move|p2a: Calyrex|Astral Barrage|p1a: Galvantula
|-enditem|p1a: Galvantula|Focus Sash
|-damage|p1a: Galvantula|1/100
|move|p1a: Galvantula|Thunder Wave|p2a: Calyrex
|-status|p2a: Calyrex|par
|
|upkeep
|turn|2
|
|t:|1646472004
|move|p1a: Galvantula|Sticky Web|p2a: Calyrex
|-sidestart|p2: TaketheL TTT|move: Sticky Web
|move|p2a: Calyrex|Astral Barrage|p1a: Galvantula
|-damage|p1a: Galvantula|0 fnt
|faint|p1a: Galvantula
|-ability|p2a: Calyrex|Grim Neigh|boost
|-boost|p2a: Calyrex|spa|1
|
|upkeep
|
|t:|1646472011
|switch|p1a: Clefable|Clefable, F|100/100
|turn|3
|
|t:|1646472017
|move|p2a: Calyrex|Astral Barrage|p1a: Clefable
|-damage|p1a: Clefable|49/100
|move|p1a: Clefable|Stealth Rock|p2a: Calyrex
|-sidestart|p2: TaketheL TTT|move: Stealth Rock
|
|-heal|p1a: Clefable|55/100|[from] item: Leftovers
|upkeep
|turn|4
|
|t:|1646472021
|move|p2a: Calyrex|Astral Barrage|p1a: Clefable
|-damage|p1a: Clefable|0 fnt
|faint|p1a: Clefable
|-ability|p2a: Calyrex|Grim Neigh|boost
|-boost|p2a: Calyrex|spa|1
|
|upkeep
|
|t:|1646472029
|switch|p1a: Jirachi|Jirachi|100/100
|turn|5
|
|t:|1646472036
|move|p1a: Jirachi|Protect|p1a: Jirachi
|-singleturn|p1a: Jirachi|Protect
|move|p2a: Calyrex|Astral Barrage|p1a: Jirachi
|-activate|p1a: Jirachi|move: Protect
|
|upkeep
|turn|6
|
|t:|1646472041
|move|p2a: Calyrex|Astral Barrage|p1a: Jirachi
|-supereffective|p1a: Jirachi
|-damage|p1a: Jirachi|0 fnt
|faint|p1a: Jirachi
|-ability|p2a: Calyrex|Grim Neigh|boost
|-boost|p2a: Calyrex|spa|1
|
|upkeep
|
|t:|1646472050
|switch|p1a: Blaziken|Blaziken, M|100/100
|turn|7
|
|t:|1646472054
|detailschange|p1a: Blaziken|Blaziken-Mega, M
|-mega|p1a: Blaziken|Blaziken|Blazikenite
|move|p1a: Blaziken|Protect|p1a: Blaziken
|-singleturn|p1a: Blaziken|Protect
|move|p2a: Calyrex|Astral Barrage|p1a: Blaziken
|-activate|p1a: Blaziken|move: Protect
|
|-ability|p1a: Blaziken|Speed Boost|boost
|-boost|p1a: Blaziken|spe|1
|upkeep
|turn|8
|
|t:|1646472065
|move|p1a: Blaziken|Blaze Kick|p2a: Calyrex
|-crit|p2a: Calyrex
|-damage|p2a: Calyrex|0 fnt
|faint|p2a: Calyrex
|
|-ability|p1a: Blaziken|Speed Boost|boost
|-boost|p1a: Blaziken|spe|1
|upkeep
|
|t:|1646472086
|switch|p2a: Arceus|Arceus-Fairy|100/100
|-activate|p2a: Arceus|move: Sticky Web
|-unboost|p2a: Arceus|spe|1
|-damage|p2a: Arceus|88/100|[from] Stealth Rock
|turn|9
|
|t:|1646472089
|move|p1a: Blaziken|Hone Claws|p1a: Blaziken
|-boost|p1a: Blaziken|atk|1
|-boost|p1a: Blaziken|accuracy|1
|move|p2a: Arceus|Defog|p1a: Blaziken
|-unboost|p1a: Blaziken|evasion|1
|-sideend|p2: TaketheL TTT|Stealth Rock|[from] move: Defog|[of] p2a: Arceus
|-sideend|p2: TaketheL TTT|Sticky Web|[from] move: Defog|[of] p2a: Arceus
|
|-ability|p1a: Blaziken|Speed Boost|boost
|-boost|p1a: Blaziken|spe|1
|upkeep
|turn|10
|inactive|TaketheL TTT has 120 seconds left.
|
|t:|1646472120
|move|p1a: Blaziken|Hone Claws|p1a: Blaziken
|-boost|p1a: Blaziken|atk|1
|-boost|p1a: Blaziken|accuracy|1
|move|p2a: Arceus|Judgment|p1a: Blaziken
|-damage|p1a: Blaziken|39/100
|
|-ability|p1a: Blaziken|Speed Boost|boost
|-boost|p1a: Blaziken|spe|1
|upkeep
|turn|11
|inactive|TaketheL TTT has 120 seconds left.
|
|t:|1646472134
|-start|p2a: Arceus|Dynamax
|-heal|p2a: Arceus|88/100|[silent]
|move|p1a: Blaziken|Blaze Kick|p2a: Arceus
|-damage|p2a: Arceus|57/100
|move|p2a: Arceus|Max Starfall|p1a: Blaziken
|-damage|p1a: Blaziken|0 fnt
|-fieldstart|move: Misty Terrain
|faint|p1a: Blaziken
|
|upkeep
|
|t:|1646472140
|switch|p1a: Ho-Oh|Ho-Oh|100/100
|-ability|p1a: Ho-Oh|Pressure
|turn|12
|inactive|TaketheL TTT has 120 seconds left.
|inactive|TaketheL TTT has 90 seconds left.
|inactive|TaketheL TTT has 60 seconds left.
|
|t:|1646472220
|-end|p2a: Arceus|Dynamax
|-heal|p2a: Arceus|57/100|[silent]
|switch|p2a: Arceus|Arceus-Dark|100/100
|move|p1a: Ho-Oh|Sacred Fire|p2a: Arceus
|-damage|p2a: Arceus|73/100
|
|upkeep
|turn|13
|
|t:|1646472232
|move|p2a: Arceus|Calm Mind|p2a: Arceus
|-boost|p2a: Arceus|spa|1
|-boost|p2a: Arceus|spd|1
|move|p1a: Ho-Oh|Sacred Fire|p2a: Arceus
|-damage|p2a: Arceus|46/100
|
|upkeep
|turn|14
|
|t:|1646472241
|move|p2a: Arceus|Recover|p2a: Arceus
|-heal|p2a: Arceus|96/100
|move|p1a: Ho-Oh|Sacred Fire|p2a: Arceus
|-damage|p2a: Arceus|68/100
|
|upkeep
|turn|15
|
|t:|1646472244
|move|p2a: Arceus|Judgment|p1a: Ho-Oh
|-damage|p1a: Ho-Oh|71/100
|move|p1a: Ho-Oh|Sacred Fire|p2a: Arceus
|-damage|p2a: Arceus|41/100
|
|-fieldend|Misty Terrain
|upkeep
|turn|16
|
|t:|1646472247
|move|p2a: Arceus|Recover|p2a: Arceus
|-heal|p2a: Arceus|91/100
|move|p1a: Ho-Oh|Toxic|p2a: Arceus
|-status|p2a: Arceus|tox
|
|-damage|p2a: Arceus|85/100 tox|[from] psn
|upkeep
|turn|17
|
|t:|1646472251
|move|p2a: Arceus|Calm Mind|p2a: Arceus
|-boost|p2a: Arceus|spa|1
|-boost|p2a: Arceus|spd|1
|move|p1a: Ho-Oh|Roost|p1a: Ho-Oh
|-heal|p1a: Ho-Oh|100/100
|-singleturn|p1a: Ho-Oh|move: Roost
|
|-damage|p2a: Arceus|73/100 tox|[from] psn
|upkeep
|turn|18
|
|t:|1646472253
|move|p2a: Arceus|Refresh|p2a: Arceus
|-curestatus|p2a: Arceus|tox|[msg]
|move|p1a: Ho-Oh|Sacred Fire|p2a: Arceus
|-damage|p2a: Arceus|45/100
|
|upkeep
|turn|19
|
|t:|1646472257
|move|p2a: Arceus|Recover|p2a: Arceus
|-heal|p2a: Arceus|95/100
|move|p1a: Ho-Oh|Toxic|p2a: Arceus
|-status|p2a: Arceus|tox
|
|-damage|p2a: Arceus|89/100 tox|[from] psn
|upkeep
|turn|20
|
|t:|1646472259
|move|p2a: Arceus|Refresh|p2a: Arceus
|-curestatus|p2a: Arceus|tox|[msg]
|move|p1a: Ho-Oh|Sacred Fire|p2a: Arceus
|-damage|p2a: Arceus|63/100
|
|upkeep
|turn|21
|
|t:|1646472262
|move|p2a: Arceus|Calm Mind|p2a: Arceus
|-boost|p2a: Arceus|spa|1
|-boost|p2a: Arceus|spd|1
|move|p1a: Ho-Oh|Toxic|p2a: Arceus|[miss]
|-miss|p1a: Ho-Oh|p2a: Arceus
|
|upkeep
|turn|22
|
|t:|1646472264
|move|p2a: Arceus|Recover|p2a: Arceus
|-heal|p2a: Arceus|100/100
|move|p1a: Ho-Oh|Toxic|p2a: Arceus
|-status|p2a: Arceus|tox
|
|-damage|p2a: Arceus|94/100 tox|[from] psn
|upkeep
|turn|23
|
|t:|1646472267
|move|p2a: Arceus|Refresh|p2a: Arceus
|-curestatus|p2a: Arceus|tox|[msg]
|move|p1a: Ho-Oh|Toxic|p2a: Arceus
|-status|p2a: Arceus|tox
|
|-damage|p2a: Arceus|88/100 tox|[from] psn
|upkeep
|turn|24
|
|t:|1646472271
|move|p2a: Arceus|Calm Mind|p2a: Arceus
|-boost|p2a: Arceus|spa|1
|-boost|p2a: Arceus|spd|1
|move|p1a: Ho-Oh|Toxic|p2a: Arceus
|-fail|p2a: Arceus|tox
|
|-damage|p2a: Arceus|76/100 tox|[from] psn
|upkeep
|turn|25
|
|t:|1646472273
|move|p2a: Arceus|Judgment|p1a: Ho-Oh
|-damage|p1a: Ho-Oh|35/100
|move|p1a: Ho-Oh|Toxic|p2a: Arceus
|-fail|p2a: Arceus|tox
|
|-damage|p2a: Arceus|58/100 tox|[from] psn
|upkeep
|turn|26
|
|t:|1646472277
|move|p2a: Arceus|Refresh|p2a: Arceus
|-curestatus|p2a: Arceus|tox|[msg]
|move|p1a: Ho-Oh|Sacred Fire|p2a: Arceus
|-damage|p2a: Arceus|28/100
|
|upkeep
|turn|27
|
|t:|1646472279
|move|p2a: Arceus|Recover|p2a: Arceus
|-heal|p2a: Arceus|78/100
|move|p1a: Ho-Oh|Sacred Fire|p2a: Arceus
|-damage|p2a: Arceus|50/100
|-status|p2a: Arceus|brn
|
|-damage|p2a: Arceus|44/100 brn|[from] brn
|upkeep
|turn|28
|
|t:|1646472285
|move|p2a: Arceus|Recover|p2a: Arceus
|-heal|p2a: Arceus|94/100 brn
|move|p1a: Ho-Oh|Toxic||[still]
|-fail|p1a: Ho-Oh
|
|-damage|p2a: Arceus|88/100 brn|[from] brn
|upkeep
|turn|29
|inactive|TaketheL TTT has 120 seconds left.
|
|t:|1646472332
|move|p2a: Arceus|Judgment|p1a: Ho-Oh
|-damage|p1a: Ho-Oh|0 fnt
|faint|p1a: Ho-Oh
|
|-damage|p2a: Arceus|82/100 brn|[from] brn
|upkeep
|inactive|I'll meme has 120 seconds left.
|
|t:|1646472370
|switch|p1a: Calyrex|Calyrex-Shadow|100/100
|-ability|p1a: Calyrex|As One
|-ability|p1a: Calyrex|Unnerve
|turn|30
|
|t:|1646472375
|-start|p1a: Calyrex|Dynamax
|-heal|p1a: Calyrex|100/100|[silent]
|move|p1a: Calyrex|Max Starfall|p2a: Arceus
|-supereffective|p2a: Arceus
|-crit|p2a: Arceus
|-damage|p2a: Arceus|17/100 brn
|-fieldstart|move: Misty Terrain
|move|p2a: Arceus|Judgment|p1a: Calyrex
|-supereffective|p1a: Calyrex
|-enditem|p1a: Calyrex|Focus Sash
|-damage|p1a: Calyrex|1/100
|
|-damage|p2a: Arceus|11/100 brn|[from] brn
|upkeep
|turn|31
|
|t:|1646472381
|move|p1a: Calyrex|Max Starfall|p2a: Arceus
|-supereffective|p2a: Arceus
|-damage|p2a: Arceus|0 fnt
|faint|p2a: Arceus
|-ability|p1a: Calyrex|Grim Neigh|boost
|-boost|p1a: Calyrex|spa|1
|
|upkeep
|
|t:|1646472389
|switch|p2a: Xerneas|Xerneas|100/100
|-ability|p2a: Xerneas|Fairy Aura
|turn|32
|
|t:|1646472392
|move|p1a: Calyrex|Max Phantasm|p2a: Xerneas
|-crit|p2a: Xerneas
|-damage|p2a: Xerneas|0 fnt
|faint|p2a: Xerneas
|-ability|p1a: Calyrex|Grim Neigh|boost
|-boost|p1a: Calyrex|spa|1
|
|-end|p1a: Calyrex|Dynamax
|-heal|p1a: Calyrex|1/100|[silent]
|upkeep
|
|t:|1646472399
|switch|p2a: Zacian|Zacian-Crowned|100/100
|-ability|p2a: Zacian|Intrepid Sword|boost
|-boost|p2a: Zacian|atk|1
|turn|33
|
|t:|1646472401
|move|p1a: Calyrex|Astral Barrage|p2a: Zacian
|-damage|p2a: Zacian|0 fnt
|faint|p2a: Zacian
|-ability|p1a: Calyrex|Grim Neigh|boost
|-boost|p1a: Calyrex|spa|1
|
|upkeep
|
|t:|1646472404
|switch|p2a: Necrozma|Necrozma-Dusk-Mane|100/100
|turn|34
|
|t:|1646472407
|move|p1a: Calyrex|Astral Barrage|p2a: Necrozma
|-supereffective|p2a: Necrozma
|-damage|p2a: Necrozma|0 fnt
|faint|p2a: Necrozma
|-ability|p1a: Calyrex|Grim Neigh|boost
|-boost|p1a: Calyrex|spa|1
|
|-fieldend|Misty Terrain
|upkeep
|
|t:|1646472425
|switch|p2a: Arceus|Arceus-Fairy|57/100
|turn|35
|
|t:|1646472437
|move|p1a: Calyrex|Astral Barrage|p2a: Arceus
|-damage|p2a: Arceus|0 fnt
|faint|p2a: Arceus
|
|win|I'll meme
|raw|I&apos;ll meme's rating: 1456 &rarr; <strong>1482</strong><br />(+26 for winning)
|raw|TaketheL TTT's rating: 1570 &rarr; <strong>1544</strong><br />(-26 for losing)
