|j|☆wavaltides
|j|☆digging your grave
|t:|1651122393
|gametype|singles
|player|p1|wavaltides|ash-kalos|1182
|player|p2|digging your grave|byron|1273
|teamsize|p1|6
|teamsize|p2|6
|gen|8
|tier|[Gen 8] National Dex AG
|rated|
|rule|HP Percentage Mod: HP is shown in percentages
|rule|Endless Battle Clause: Forcing endless battles is banned
|clearpoke
|poke|p1|Sceptile, M|
|poke|p1|Salamence, M|
|poke|p1|Clawitzer, M|
|poke|p1|Slurpuff, M|
|poke|p1|Slaking, M|
|poke|p1|Aegislash, M|
|poke|p2|Weavile, M|
|poke|p2|Dragonite, F|
|poke|p2|Blaziken, F|
|poke|p2|Arceus-*|
|poke|p2|Kyurem-Black|
|poke|p2|Regieleki|
|teampreview
|inactive|Battle timer is ON: inactive players will automatically lose when time's up. (requested by digging your grave)
|
|t:|1651122396
|start
|switch|p1a: Slurpuff|Slurpuff, M|100/100
|switch|p2a: Weavile|Weavile, M|100/100
|turn|1
|
|t:|1651122399
|move|p2a: Weavile|Fake Out|p1a: Slurpuff
|-damage|p1a: Slurpuff|83/100
|cant|p1a: Slurpuff|flinch
|
|upkeep
|turn|2
|
|t:|1651122405
|move|p2a: Weavile|Icicle Spear|p1a: Slurpuff
|-damage|p1a: Slurpuff|68/100
|-damage|p1a: Slurpuff|52/100
|-damage|p1a: Slurpuff|36/100
|-enditem|p1a: Slurpuff|Sitrus Berry|[eat]
|-heal|p1a: Slurpuff|61/100|[from] item: Sitrus Berry
|-hitcount|p1a: Slurpuff|3
|move|p1a: Slurpuff|Belly Drum|p1a: Slurpuff
|-damage|p1a: Slurpuff|11/100
|-setboost|p1a: Slurpuff|atk|6|[from] move: Belly Drum
|
|upkeep
|turn|3
|
|t:|1651122427
|move|p1a: Slurpuff|Drain Punch|p2a: Weavile
|-supereffective|p2a: Weavile
|-damage|p2a: Weavile|0 fnt
|-heal|p1a: Slurpuff|57/100|[from] drain|[of] p2a: Weavile
|faint|p2a: Weavile
|
|upkeep
|
|t:|1651122430
|switch|p2a: Blaziken|Blaziken, F|100/100
|turn|4
|
|t:|1651122441
|detailschange|p2a: Blaziken|Blaziken-Mega, F
|-mega|p2a: Blaziken|Blaziken|Blazikenite
|move|p2a: Blaziken|Protect|p2a: Blaziken
|-singleturn|p2a: Blaziken|Protect
|move|p1a: Slurpuff|Play Rough|p2a: Blaziken
|-activate|p2a: Blaziken|move: Protect
|
|-ability|p2a: Blaziken|Speed Boost|boost
|-boost|p2a: Blaziken|spe|1
|upkeep
|turn|5
|
|t:|1651122452
|-start|p1a: Slurpuff|Dynamax|
|-heal|p1a: Slurpuff|57/100|[silent]
|move|p2a: Blaziken|Protect||[still]
|-fail|p2a: Blaziken
|move|p1a: Slurpuff|Max Starfall|p2a: Blaziken
|-damage|p2a: Blaziken|0 fnt
|-fieldstart|move: Misty Terrain
|faint|p2a: Blaziken
|
|upkeep
|
|t:|1651122458
|switch|p2a: Regieleki|Regieleki|100/100
|turn|6
|inactive|wavaltides has 120 seconds left.
|
|t:|1651122489
|move|p2a: Regieleki|Zap Cannon|p1a: Slurpuff|[miss]
|-miss|p2a: Regieleki|p1a: Slurpuff
|move|p1a: Slurpuff|Max Strike|p2a: Regieleki
|-damage|p2a: Regieleki|0 fnt
|faint|p2a: Regieleki
|
|upkeep
|-message|digging your grave forfeited.
|
|win|wavaltides
|raw|wavaltides's rating: 1182 &rarr; <strong>1213</strong><br />(+31 for winning)
|raw|digging your grave's rating: 1273 &rarr; <strong>1242</strong><br />(-31 for losing)
|l|☆digging your grave
