|j|☆alt1445645
|j|☆lemoncell0
|t:|1662606558
|gametype|singles
|player|p1|alt1445645|170|1861
|player|p2|lemoncell0|allister|2035
|teamsize|p1|6
|teamsize|p2|6
|gen|8
|tier|[Gen 8] National Dex AG
|rated|
|rule|HP Percentage Mod: HP is shown in percentages
|rule|Endless Battle Clause: Forcing endless battles is banned
|clearpoke
|poke|p1|Arceus-*|
|poke|p1|Groudon|
|poke|p1|Zacian-*|
|poke|p1|Rayquaza|
|poke|p1|Calyrex-Shadow|
|poke|p1|Yveltal|
|poke|p2|Tyranitar, M|
|poke|p2|Ditto|
|poke|p2|Latias, F|
|poke|p2|Gothitelle, M|
|poke|p2|Quagsire, M|
|poke|p2|Zacian-*|
|teampreview
|c|☆alt1445645|o hey
|c|☆lemoncell0|oh heyo heyo
|c|☆alt1445645|u not in first?
|c|☆lemoncell0|I thought I am
|c|☆alt1445645|o u r
|c|☆alt1445645|aint it risky to play then?
|c|☆lemoncell0|sure as hell is
|c|☆lemoncell0|but decay is gonna get me if I dont anyways
|c|☆alt1445645|zamn u da goat
|
|t:|1662606602
|start
|switch|p1a: Zacian|Zacian-Crowned|100/100
|switch|p2a: Zacian|Zacian-Crowned|100/100
|-ability|p1a: Zacian|Intrepid Sword|boost
|-boost|p1a: Zacian|atk|1
|-ability|p2a: Zacian|Intrepid Sword|boost
|-boost|p2a: Zacian|atk|1
|turn|1
|
|t:|1662606615
|switch|p2a: Quagsire|Quagsire, M|100/100
|move|p1a: Zacian|Behemoth Blade|p2a: Quagsire
|-resisted|p2a: Quagsire
|-damage|p2a: Quagsire|80/100
|-damage|p1a: Zacian|84/100|[from] item: Rocky Helmet|[of] p2a: Quagsire
|
|upkeep
|turn|2
|
|t:|1662606619
|move|p1a: Zacian|Play Rough|p2a: Quagsire
|-damage|p2a: Quagsire|39/100
|-damage|p1a: Zacian|67/100|[from] item: Rocky Helmet|[of] p2a: Quagsire
|move|p2a: Quagsire|Recover|p2a: Quagsire
|-heal|p2a: Quagsire|89/100
|
|upkeep
|turn|3
|
|t:|1662606628
|switch|p1a: Rayquaza|Rayquaza|100/100
|-ability|p1a: Rayquaza|Air Lock
|move|p2a: Quagsire|Recover|p2a: Quagsire
|-heal|p2a: Quagsire|100/100
|
|upkeep
|turn|4
|c|☆lemoncell0|I hate ray so much
|c|☆alt1445645|lol ye
|c|☆lemoncell0|I'm about to get dracod here
|c|☆lemoncell0|or v created
|c|☆lemoncell0|or whatever
|c|☆alt1445645|mayb ive done that before lol
|c|☆lemoncell0|I cant predict this thing at all
|c|☆alt1445645|the ray you dont know what it is till it does it
|c|☆alt1445645|nah that happens to me too
|c|☆alt1445645|i lost a game just now
|c|☆alt1445645|cause scarf ray
|
|t:|1662606682
|switch|p1a: Calyrex|Calyrex-Shadow|100/100
|-ability|p1a: Calyrex|As One
|-ability|p1a: Calyrex|Unnerve
|switch|p2a: Gothitelle|Gothitelle, M|100/100
|
|upkeep
|turn|5
|
|t:|1662606693
|switch|p1a: Groudon|Groudon|100/100
|detailschange|p1a: Groudon|Groudon-Primal
|-primal|p1a: Groudon
|-weather|DesolateLand|[from] ability: Desolate Land|[of] p1a: Groudon
|switch|p2a: Tyranitar|Tyranitar, M|100/100
|-ability|p2a: Tyranitar|Sand Stream|[from] desolateland|[fail]
|
|-weather|DesolateLand|[upkeep]
|upkeep
|turn|6
|
|t:|1662606696
|switch|p2a: Latias|Latias, F|100/100
|move|p1a: Groudon|Thunder Wave|p2a: Latias
|-status|p2a: Latias|par
|
|-weather|DesolateLand|[upkeep]
|upkeep
|turn|7
|
|t:|1662606699
|-weather|none
|switch|p1a: Zacian|Zacian-Crowned|67/100
|-ability|p1a: Zacian|Intrepid Sword|boost
|-boost|p1a: Zacian|atk|1
|detailschange|p2a: Latias|Latias-Mega, F
|-mega|p2a: Latias|Latias|Latiasite
|cant|p2a: Latias|par
|
|upkeep
|turn|8
|
|t:|1662606714
|switch|p1a: Calyrex|Calyrex-Shadow|100/100
|-ability|p1a: Calyrex|As One
|-ability|p1a: Calyrex|Unnerve
|switch|p2a: Quagsire|Quagsire, M|100/100
|
|upkeep
|turn|9
|
|t:|1662606720
|switch|p1a: Groudon|Groudon-Primal|100/100
|-weather|DesolateLand|[from] ability: Desolate Land|[of] p1a: Groudon
|switch|p2a: Tyranitar|Tyranitar, M|100/100
|-ability|p2a: Tyranitar|Sand Stream|[from] desolateland|[fail]
|
|-weather|DesolateLand|[upkeep]
|upkeep
|turn|10
|
|t:|1662606724
|switch|p2a: Latias|Latias-Mega, F|100/100 par
|move|p1a: Groudon|Stealth Rock|p2a: Latias
|-sidestart|p2: lemoncell0|move: Stealth Rock
|
|-weather|DesolateLand|[upkeep]
|upkeep
|turn|11
|
|t:|1662606727
|move|p1a: Groudon|Stone Edge|p2a: Latias
|-crit|p2a: Latias
|-damage|p2a: Latias|55/100 par
|cant|p2a: Latias|par
|
|-weather|DesolateLand|[upkeep]
|upkeep
|turn|12
|
|t:|1662606731
|move|p1a: Groudon|Stone Edge|p2a: Latias
|-damage|p2a: Latias|25/100 par
|move|p2a: Latias|Recover|p2a: Latias
|-heal|p2a: Latias|75/100 par
|
|-weather|DesolateLand|[upkeep]
|upkeep
|turn|13
|
|t:|1662606736
|move|p1a: Groudon|Stone Edge|p2a: Latias
|-damage|p2a: Latias|45/100 par
|move|p2a: Latias|Defog|p1a: Groudon
|-unboost|p1a: Groudon|evasion|1
|-sideend|p2: lemoncell0|Stealth Rock|[from] move: Defog|[of] p2a: Latias
|
|-weather|DesolateLand|[upkeep]
|upkeep
|turn|14
|
|t:|1662606740
|move|p1a: Groudon|Stealth Rock|p2a: Latias
|-sidestart|p2: lemoncell0|move: Stealth Rock
|cant|p2a: Latias|par
|
|-weather|DesolateLand|[upkeep]
|upkeep
|turn|15
|
|t:|1662606744
|-weather|none
|switch|p1a: Rayquaza|Rayquaza|100/100
|-ability|p1a: Rayquaza|Air Lock
|move|p2a: Latias|Recover|p2a: Latias
|-heal|p2a: Latias|95/100 par
|
|upkeep
|turn|16
|
|t:|1662606753
|detailschange|p1a: Rayquaza|Rayquaza-Mega
|-mega|p1a: Rayquaza|Rayquaza|
|-weather|DeltaStream|[from] ability: Delta Stream|[of] p1a: Rayquaza
|move|p1a: Rayquaza|Scale Shot|p2a: Latias
|-supereffective|p2a: Latias
|-damage|p2a: Latias|64/100 par
|-supereffective|p2a: Latias
|-damage|p2a: Latias|36/100 par
|-supereffective|p2a: Latias
|-damage|p2a: Latias|7/100 par
|-supereffective|p2a: Latias
|-damage|p2a: Latias|0 fnt
|faint|p2a: Latias
|-hitcount|p2: Latias|4
|-unboost|p1a: Rayquaza|def|1
|-boost|p1a: Rayquaza|spe|1
|
|-weather|DeltaStream|[upkeep]
|upkeep
|c|☆alt1445645|its this set!!!
|c|☆lemoncell0|damn scale shot
|
|t:|1662606767
|switch|p2a: Quagsire|Quagsire, M|100/100
|-damage|p2a: Quagsire|94/100|[from] Stealth Rock
|turn|17
|c|☆alt1445645|ye i copied arceus he whooped my ass like a day ago
|c|☆alt1445645|althou he runs life orb
|
|t:|1662606783
|move|p1a: Rayquaza|Dragon Ascent|p2a: Quagsire
|-crit|p2a: Quagsire
|-damage|p2a: Quagsire|5/100
|-unboost|p1a: Rayquaza|def|1
|-unboost|p1a: Rayquaza|spd|1
|-damage|p1a: Rayquaza|84/100|[from] item: Rocky Helmet|[of] p2a: Quagsire
|move|p2a: Quagsire|Counter|p1a: Rayquaza
|-damage|p1a: Rayquaza|0 fnt
|faint|p1a: Rayquaza
|-weather|none
|
|upkeep
|c|☆lemoncell0|ow
|c|☆alt1445645|on god i think thats
|c|☆alt1445645|the first crit ive ever gotten on u
|
|t:|1662606806
|switch|p1a: Zacian|Zacian-Crowned|67/100
|-ability|p1a: Zacian|Intrepid Sword|boost
|-boost|p1a: Zacian|atk|1
|turn|18
|
|t:|1662606808
|move|p1a: Zacian|Behemoth Blade|p2a: Quagsire
|-resisted|p2a: Quagsire
|-damage|p2a: Quagsire|0 fnt
|-damage|p1a: Zacian|51/100|[from] item: Rocky Helmet|[of] p2a: Quagsire
|faint|p2a: Quagsire
|
|upkeep
|
|t:|1662606810
|switch|p2a: Ditto|Ditto|100/100
|-damage|p2a: Ditto|88/100|[from] Stealth Rock
|-transform|p2a: Ditto|p1a: Zacian|[from] ability: Imposter
|-ability|p2a: Ditto|Intrepid Sword|boost
|-boost|p2a: Ditto|atk|1
|turn|19
|
|t:|1662606816
|move|p2a: Ditto|Close Combat|p1a: Zacian
|-damage|p1a: Zacian|0 fnt
|-unboost|p2a: Ditto|def|1
|-unboost|p2a: Ditto|spd|1
|faint|p1a: Zacian
|
|upkeep
|
|t:|1662606818
|switch|p1a: Calyrex|Calyrex-Shadow|100/100
|-ability|p1a: Calyrex|As One
|-ability|p1a: Calyrex|Unnerve
|turn|20
|
|t:|1662606826
|switch|p1a: Groudon|Groudon-Primal|100/100
|-weather|DesolateLand|[from] ability: Desolate Land|[of] p1a: Groudon
|move|p2a: Ditto|Close Combat|p1a: Groudon
|-damage|p1a: Groudon|58/100
|-unboost|p2a: Ditto|def|1
|-unboost|p2a: Ditto|spd|1
|
|-weather|DesolateLand|[upkeep]
|upkeep
|turn|21
|
|t:|1662606834
|switch|p2a: Gothitelle|Gothitelle, M|100/100
|-damage|p2a: Gothitelle|88/100|[from] Stealth Rock
|move|p1a: Groudon|Thunder Wave|p2a: Gothitelle
|-status|p2a: Gothitelle|par
|
|-weather|DesolateLand|[upkeep]
|-heal|p2a: Gothitelle|94/100 par|[from] item: Leftovers
|upkeep
|turn|22
|
|t:|1662606837
|move|p1a: Groudon|Precipice Blades|p2a: Gothitelle
|-damage|p2a: Gothitelle|36/100 par
|move|p2a: Gothitelle|Charm|p1a: Groudon
|-unboost|p1a: Groudon|atk|2
|
|-weather|DesolateLand|[upkeep]
|-heal|p2a: Gothitelle|42/100 par|[from] item: Leftovers
|upkeep
|turn|23
|
|t:|1662606840
|move|p1a: Groudon|Precipice Blades|p2a: Gothitelle
|-damage|p2a: Gothitelle|13/100 par
|move|p2a: Gothitelle|Rest|p2a: Gothitelle
|-status|p2a: Gothitelle|slp|[from] move: Rest
|-heal|p2a: Gothitelle|100/100 slp|[silent]
|
|-weather|DesolateLand|[upkeep]
|upkeep
|turn|24
|
|t:|1662606844
|move|p1a: Groudon|Precipice Blades|p2a: Gothitelle|[miss]
|-miss|p1a: Groudon|p2a: Gothitelle
|cant|p2a: Gothitelle|slp
|
|-weather|DesolateLand|[upkeep]
|upkeep
|turn|25
|
|t:|1662606845
|move|p1a: Groudon|Precipice Blades|p2a: Gothitelle|[miss]
|-miss|p1a: Groudon|p2a: Gothitelle
|cant|p2a: Gothitelle|slp
|
|-weather|DesolateLand|[upkeep]
|upkeep
|turn|26
|c|☆alt1445645|uh oh
|
|t:|1662606851
|move|p1a: Groudon|Precipice Blades|p2a: Gothitelle
|-damage|p2a: Gothitelle|74/100 slp
|-curestatus|p2a: Gothitelle|slp|[msg]
|move|p2a: Gothitelle|Charm|p1a: Groudon
|-unboost|p1a: Groudon|atk|2
|
|-weather|DesolateLand|[upkeep]
|-heal|p2a: Gothitelle|80/100|[from] item: Leftovers
|upkeep
|turn|27
|c|☆lemoncell0|I shouldve just done this from the beginning
|
|t:|1662606858
|move|p1a: Groudon|Thunder Wave|p2a: Gothitelle
|-status|p2a: Gothitelle|par
|cant|p2a: Gothitelle|par
|
|-weather|DesolateLand|[upkeep]
|-heal|p2a: Gothitelle|86/100 par|[from] item: Leftovers
|upkeep
|turn|28
|c|☆alt1445645|ye i shoulda double swapped
|
|t:|1662606865
|move|p1a: Groudon|Precipice Blades|p2a: Gothitelle
|-damage|p2a: Gothitelle|69/100 par
|move|p2a: Gothitelle|Taunt|p1a: Groudon
|-start|p1a: Groudon|move: Taunt
|
|-weather|DesolateLand|[upkeep]
|-heal|p2a: Gothitelle|75/100 par|[from] item: Leftovers
|upkeep
|turn|29
|
|t:|1662606869
|move|p1a: Groudon|Precipice Blades|p2a: Gothitelle
|-damage|p2a: Gothitelle|55/100 par
|move|p2a: Gothitelle|Rest|p2a: Gothitelle
|-status|p2a: Gothitelle|slp|[from] move: Rest
|-heal|p2a: Gothitelle|100/100 slp|[silent]
|
|-weather|DesolateLand|[upkeep]
|upkeep
|turn|30
|
|t:|1662606872
|move|p1a: Groudon|Stone Edge|p2a: Gothitelle
|-damage|p2a: Gothitelle|90/100 slp
|cant|p2a: Gothitelle|slp
|
|-weather|DesolateLand|[upkeep]
|-heal|p2a: Gothitelle|96/100 slp|[from] item: Leftovers
|upkeep
|turn|31
|
|t:|1662606875
|move|p1a: Groudon|Stone Edge|p2a: Gothitelle
|-damage|p2a: Gothitelle|85/100 slp
|cant|p2a: Gothitelle|slp
|
|-weather|DesolateLand|[upkeep]
|-heal|p2a: Gothitelle|91/100 slp|[from] item: Leftovers
|-end|p1a: Groudon|move: Taunt
|upkeep
|turn|32
|c|☆lemoncell0|high crit ratio time
|
|t:|1662606884
|move|p1a: Groudon|Stone Edge|p2a: Gothitelle
|-crit|p2a: Gothitelle
|-damage|p2a: Gothitelle|43/100 slp
|-curestatus|p2a: Gothitelle|slp|[msg]
|move|p2a: Gothitelle|Cosmic Power|p2a: Gothitelle
|-boost|p2a: Gothitelle|def|1
|-boost|p2a: Gothitelle|spd|1
|
|-weather|DesolateLand|[upkeep]
|-heal|p2a: Gothitelle|49/100|[from] item: Leftovers
|upkeep
|turn|33
|c|☆alt1445645|ima just try n struggle
|
|t:|1662606890
|move|p1a: Groudon|Thunder Wave|p2a: Gothitelle
|-status|p2a: Gothitelle|par
|move|p2a: Gothitelle|Rest|p2a: Gothitelle
|-status|p2a: Gothitelle|slp|[from] move: Rest
|-heal|p2a: Gothitelle|100/100 slp|[silent]
|
|-weather|DesolateLand|[upkeep]
|upkeep
|turn|34
|
|t:|1662606892
|move|p1a: Groudon|Stone Edge|p2a: Gothitelle
|-damage|p2a: Gothitelle|93/100 slp
|cant|p2a: Gothitelle|slp
|
|-weather|DesolateLand|[upkeep]
|-heal|p2a: Gothitelle|99/100 slp|[from] item: Leftovers
|upkeep
|turn|35
|
|t:|1662606894
|move|p1a: Groudon|Stone Edge|p2a: Gothitelle
|-crit|p2a: Gothitelle
|-damage|p2a: Gothitelle|51/100 slp
|cant|p2a: Gothitelle|slp
|
|-weather|DesolateLand|[upkeep]
|-heal|p2a: Gothitelle|57/100 slp|[from] item: Leftovers
|upkeep
|turn|36
|
|t:|1662606897
|move|p1a: Groudon|Precipice Blades|p2a: Gothitelle
|-damage|p2a: Gothitelle|44/100 slp
|-curestatus|p2a: Gothitelle|slp|[msg]
|move|p2a: Gothitelle|Rest|p2a: Gothitelle
|-status|p2a: Gothitelle|slp|[from] move: Rest
|-heal|p2a: Gothitelle|100/100 slp|[silent]
|
|-weather|DesolateLand|[upkeep]
|upkeep
|turn|37
|
|t:|1662606899
|move|p1a: Groudon|Precipice Blades|p2a: Gothitelle
|-damage|p2a: Gothitelle|88/100 slp
|cant|p2a: Gothitelle|slp
|
|-weather|DesolateLand|[upkeep]
|-heal|p2a: Gothitelle|94/100 slp|[from] item: Leftovers
|upkeep
|turn|38
|
|t:|1662606901
|move|p1a: Groudon|Precipice Blades|p2a: Gothitelle
|-damage|p2a: Gothitelle|82/100 slp
|cant|p2a: Gothitelle|slp
|
|-weather|DesolateLand|[upkeep]
|-heal|p2a: Gothitelle|88/100 slp|[from] item: Leftovers
|upkeep
|turn|39
|
|t:|1662606903
|move|p1a: Groudon|Precipice Blades|p2a: Gothitelle|[miss]
|-miss|p1a: Groudon|p2a: Gothitelle
|-curestatus|p2a: Gothitelle|slp|[msg]
|move|p2a: Gothitelle|Taunt|p1a: Groudon
|-start|p1a: Groudon|move: Taunt
|
|-weather|DesolateLand|[upkeep]
|-heal|p2a: Gothitelle|94/100|[from] item: Leftovers
|upkeep
|turn|40
|
|t:|1662606905
|move|p1a: Groudon|Precipice Blades|p2a: Gothitelle
|-damage|p2a: Gothitelle|82/100
|move|p2a: Gothitelle|Cosmic Power|p2a: Gothitelle
|-boost|p2a: Gothitelle|def|1
|-boost|p2a: Gothitelle|spd|1
|
|-weather|DesolateLand|[upkeep]
|-heal|p2a: Gothitelle|88/100|[from] item: Leftovers
|upkeep
|turn|41
|
|t:|1662606907
|move|p1a: Groudon|Precipice Blades|p2a: Gothitelle
|-damage|p2a: Gothitelle|79/100
|move|p2a: Gothitelle|Cosmic Power|p2a: Gothitelle
|-boost|p2a: Gothitelle|def|1
|-boost|p2a: Gothitelle|spd|1
|
|-weather|DesolateLand|[upkeep]
|-heal|p2a: Gothitelle|85/100|[from] item: Leftovers
|upkeep
|turn|42
|
|t:|1662606910
|move|p1a: Groudon|Precipice Blades|p2a: Gothitelle
|-damage|p2a: Gothitelle|77/100
|move|p2a: Gothitelle|Charm|p1a: Groudon
|-unboost|p1a: Groudon|atk|2
|
|-weather|DesolateLand|[upkeep]
|-heal|p2a: Gothitelle|83/100|[from] item: Leftovers
|-end|p1a: Groudon|move: Taunt
|upkeep
|turn|43
|
|t:|1662606912
|move|p1a: Groudon|Thunder Wave|p2a: Gothitelle
|-status|p2a: Gothitelle|par
|move|p2a: Gothitelle|Taunt|p1a: Groudon
|-start|p1a: Groudon|move: Taunt
|
|-weather|DesolateLand|[upkeep]
|-heal|p2a: Gothitelle|89/100 par|[from] item: Leftovers
|upkeep
|turn|44
|
|t:|1662606915
|move|p1a: Groudon|Precipice Blades|p2a: Gothitelle
|-damage|p2a: Gothitelle|84/100 par
|move|p2a: Gothitelle|Rest|p2a: Gothitelle
|-status|p2a: Gothitelle|slp|[from] move: Rest
|-heal|p2a: Gothitelle|100/100 slp|[silent]
|
|-weather|DesolateLand|[upkeep]
|upkeep
|turn|45
|
|t:|1662606916
|move|p1a: Groudon|Precipice Blades|p2a: Gothitelle
|-damage|p2a: Gothitelle|94/100 slp
|cant|p2a: Gothitelle|slp
|
|-weather|DesolateLand|[upkeep]
|-heal|p2a: Gothitelle|100/100 slp|[from] item: Leftovers
|upkeep
|turn|46
|
|t:|1662606918
|-activate|p1a: Groudon|move: Struggle
|move|p1a: Groudon|Struggle|p2a: Gothitelle
|-damage|p2a: Gothitelle|99/100 slp
|-damage|p1a: Groudon|33/100|[from] recoil
|cant|p2a: Gothitelle|slp
|
|-weather|DesolateLand|[upkeep]
|-heal|p2a: Gothitelle|100/100 slp|[from] item: Leftovers
|-end|p1a: Groudon|move: Taunt
|upkeep
|turn|47
|
|t:|1662606921
|move|p1a: Groudon|Stealth Rock||[still]
|-fail|p1a: Groudon
|-curestatus|p2a: Gothitelle|slp|[msg]
|move|p2a: Gothitelle|Taunt|p1a: Groudon
|-start|p1a: Groudon|move: Taunt
|
|-weather|DesolateLand|[upkeep]
|upkeep
|turn|48
|
|t:|1662606925
|-activate|p1a: Groudon|move: Struggle
|move|p1a: Groudon|Struggle|p2a: Gothitelle
|-damage|p2a: Gothitelle|99/100
|-damage|p1a: Groudon|8/100|[from] recoil
|move|p2a: Gothitelle|Cosmic Power|p2a: Gothitelle
|-boost|p2a: Gothitelle|def|1
|-boost|p2a: Gothitelle|spd|1
|
|-weather|DesolateLand|[upkeep]
|-heal|p2a: Gothitelle|100/100|[from] item: Leftovers
|upkeep
|turn|49
|
|t:|1662606930
|switch|p2a: Zacian|Zacian-Crowned|100/100
|-damage|p2a: Zacian|94/100|[from] Stealth Rock
|-ability|p2a: Zacian|Intrepid Sword|boost
|-boost|p2a: Zacian|atk|1
|-activate|p1a: Groudon|move: Struggle
|move|p1a: Groudon|Struggle|p2a: Zacian
|-damage|p2a: Zacian|90/100
|-damage|p1a: Groudon|0 fnt|[from] recoil
|faint|p1a: Groudon
|-weather|none
|
|upkeep
|
|t:|1662606944
|switch|p1a: Arceus|Arceus|100/100
|turn|50
|c|☆lemoncell0|quag would be real good right about now
|
|t:|1662606959
|switch|p2a: Gothitelle|Gothitelle, M|100/100
|-damage|p2a: Gothitelle|88/100|[from] Stealth Rock
|move|p1a: Arceus|Swords Dance|p1a: Arceus
|-boost|p1a: Arceus|atk|2
|
|-heal|p2a: Gothitelle|94/100|[from] item: Leftovers
|upkeep
|turn|51
|c|☆alt1445645|i wish i kept my old arceus set
|c|☆lemoncell0|shadow claw me
|c|☆lemoncell0|I dare you
|
|t:|1662606982
|-start|p1a: Arceus|Dynamax|
|-heal|p1a: Arceus|100/100|[silent]
|move|p1a: Arceus|Max Phantasm|p2a: Gothitelle
|-supereffective|p2a: Gothitelle
|-damage|p2a: Gothitelle|0 fnt
|faint|p2a: Gothitelle
|
|upkeep
|c|☆alt1445645|i gotta do this lol
|c|☆lemoncell0|or that
|
|t:|1662607002
|switch|p2a: Zacian|Zacian-Crowned|90/100
|-damage|p2a: Zacian|84/100|[from] Stealth Rock
|-ability|p2a: Zacian|Intrepid Sword|boost
|-boost|p2a: Zacian|atk|1
|turn|52
|c|☆alt1445645|does goth get stored power?
|
|t:|1662607004
|move|p2a: Zacian|Behemoth Blade|p1a: Arceus
|-damage|p1a: Arceus|27/100
|move|p1a: Arceus|Max Phantasm|p2a: Zacian
|-damage|p2a: Zacian|6/100
|-unboost|p2a: Zacian|def|1
|
|upkeep
|turn|53
|c|☆lemoncell0|yeah
|
|t:|1662607019
|move|p1a: Arceus|Max Guard|p1a: Arceus
|-singleturn|p1a: Arceus|Max Guard
|move|p2a: Zacian|Play Rough|p1a: Arceus
|-activate|p1a: Arceus|move: Max Guard
|
|upkeep
|-end|p1a: Arceus|Dynamax
|-heal|p1a: Arceus|27/100|[silent]
|turn|54
|c|☆alt1445645|u ever consider that set?
|c|☆lemoncell0|kinda
|c|☆lemoncell0|trick choice scarf
|c|☆alt1445645|also damn i wish i kept eq on this thing id be in such a good spot
|c|☆lemoncell0|with cosmic power and stored power
|
|t:|1662607049
|move|p1a: Arceus|Extreme Speed|p2a: Zacian
|-resisted|p2a: Zacian
|-damage|p2a: Zacian|0 fnt
|faint|p2a: Zacian
|
|upkeep
|
|t:|1662607051
|switch|p2a: Ditto|Ditto|88/100
|-damage|p2a: Ditto|76/100|[from] Stealth Rock
|-transform|p2a: Ditto|p1a: Arceus|[from] ability: Imposter
|turn|55
|
|t:|1662607061
|switch|p1a: Calyrex|Calyrex-Shadow|100/100
|-ability|p1a: Calyrex|As One
|-ability|p1a: Calyrex|Unnerve
|move|p2a: Ditto|Extreme Speed|p1a: Calyrex
|-immune|p1a: Calyrex
|
|upkeep
|turn|56
|
|t:|1662607065
|move|p2a: Ditto|Extreme Speed|p1a: Calyrex
|-immune|p1a: Calyrex
|move|p1a: Calyrex|Substitute|p1a: Calyrex
|-start|p1a: Calyrex|Substitute
|-damage|p1a: Calyrex|76/100
|
|-heal|p1a: Calyrex|82/100|[from] item: Leftovers
|upkeep
|turn|57
|c|☆lemoncell0|damn lmao
|
|t:|1662607071
|switch|p2a: Tyranitar|Tyranitar, M|100/100
|-damage|p2a: Tyranitar|88/100|[from] Stealth Rock
|-weather|Sandstorm|[from] ability: Sand Stream|[of] p2a: Tyranitar
|move|p1a: Calyrex|Leech Seed|p2a: Tyranitar
|-start|p2a: Tyranitar|move: Leech Seed
|
|-weather|Sandstorm|[upkeep]
|-damage|p1a: Calyrex|76/100|[from] Sandstorm
|-heal|p1a: Calyrex|82/100|[from] item: Leftovers
|-heal|p2a: Tyranitar|94/100|[from] item: Leftovers
|-damage|p2a: Tyranitar|82/100|[from] Leech Seed|[of] p1a: Calyrex
|-heal|p1a: Calyrex|96/100|[silent]
|upkeep
|turn|58
|
|t:|1662607076
|move|p1a: Calyrex|Draining Kiss|p2a: Tyranitar
|-supereffective|p2a: Tyranitar
|-damage|p2a: Tyranitar|64/100
|-heal|p1a: Calyrex|100/100|[from] drain|[of] p2a: Tyranitar
|move|p2a: Tyranitar|Rock Blast|p1a: Calyrex
|-activate|p1a: Calyrex|move: Substitute|[damage]
|-end|p1a: Calyrex|Substitute
|-damage|p1a: Calyrex|86/100
|-damage|p1a: Calyrex|72/100
|-damage|p1a: Calyrex|58/100
|-hitcount|p1a: Calyrex|5
|
|-weather|Sandstorm|[upkeep]
|-damage|p1a: Calyrex|52/100|[from] Sandstorm
|-heal|p1a: Calyrex|58/100|[from] item: Leftovers
|-heal|p2a: Tyranitar|70/100|[from] item: Leftovers
|-damage|p2a: Tyranitar|58/100|[from] Leech Seed|[of] p1a: Calyrex
|-heal|p1a: Calyrex|73/100|[silent]
|upkeep
|turn|59
|
|t:|1662607084
|move|p1a: Calyrex|Substitute|p1a: Calyrex
|-start|p1a: Calyrex|Substitute
|-damage|p1a: Calyrex|48/100
|move|p2a: Tyranitar|Pursuit|p1a: Calyrex
|-supereffective|p1a: Calyrex
|-end|p1a: Calyrex|Substitute
|
|-weather|Sandstorm|[upkeep]
|-damage|p1a: Calyrex|42/100|[from] Sandstorm
|-heal|p1a: Calyrex|48/100|[from] item: Leftovers
|-heal|p2a: Tyranitar|64/100|[from] item: Leftovers
|-damage|p2a: Tyranitar|52/100|[from] Leech Seed|[of] p1a: Calyrex
|-heal|p1a: Calyrex|62/100|[silent]
|upkeep
|turn|60
|
|t:|1662607087
|move|p1a: Calyrex|Substitute|p1a: Calyrex
|-start|p1a: Calyrex|Substitute
|-damage|p1a: Calyrex|37/100
|move|p2a: Tyranitar|Rock Blast|p1a: Calyrex
|-activate|p1a: Calyrex|move: Substitute|[damage]
|-end|p1a: Calyrex|Substitute
|-hitcount|p1a: Calyrex|2
|
|-weather|Sandstorm|[upkeep]
|-damage|p1a: Calyrex|31/100|[from] Sandstorm
|-heal|p1a: Calyrex|37/100|[from] item: Leftovers
|-heal|p2a: Tyranitar|58/100|[from] item: Leftovers
|-damage|p2a: Tyranitar|46/100|[from] Leech Seed|[of] p1a: Calyrex
|-heal|p1a: Calyrex|52/100|[silent]
|upkeep
|turn|61
|
|t:|1662607089
|move|p1a: Calyrex|Draining Kiss|p2a: Tyranitar
|-supereffective|p2a: Tyranitar
|-damage|p2a: Tyranitar|30/100
|-heal|p1a: Calyrex|66/100|[from] drain|[of] p2a: Tyranitar
|move|p2a: Tyranitar|Rock Blast|p1a: Calyrex
|-damage|p1a: Calyrex|52/100
|-damage|p1a: Calyrex|40/100
|-damage|p1a: Calyrex|27/100
|-hitcount|p1a: Calyrex|3
|
|-weather|none
|-heal|p1a: Calyrex|33/100|[from] item: Leftovers
|-heal|p2a: Tyranitar|36/100|[from] item: Leftovers
|-damage|p2a: Tyranitar|24/100|[from] Leech Seed|[of] p1a: Calyrex
|-heal|p1a: Calyrex|48/100|[silent]
|upkeep
|turn|62
|
|t:|1662607098
|move|p1a: Calyrex|Draining Kiss|p2a: Tyranitar
|-supereffective|p2a: Tyranitar
|-damage|p2a: Tyranitar|0 fnt
|-heal|p1a: Calyrex|68/100|[from] drain|[of] p2a: Tyranitar
|faint|p2a: Tyranitar
|-ability|p1a: Calyrex|Grim Neigh|boost
|-boost|p1a: Calyrex|spa|1
|
|-heal|p1a: Calyrex|74/100|[from] item: Leftovers
|upkeep
|
|t:|1662607100
|switch|p2a: Ditto|Ditto|76/100
|-damage|p2a: Ditto|63/100|[from] Stealth Rock
|-transform|p2a: Ditto|p1a: Calyrex|[from] ability: Imposter
|turn|63
|c|☆alt1445645|want the elo?
|c|☆alt1445645|2 keep first
|c|☆lemoncell0|nah its fine
|
|t:|1662607111
|-start|p2a: Ditto|Dynamax|
|-heal|p2a: Ditto|63/100|[silent]
|move|p1a: Calyrex|Astral Barrage|p2a: Ditto
|-supereffective|p2a: Ditto
|-damage|p2a: Ditto|0 fnt
|faint|p2a: Ditto
|
|win|alt1445645
|raw|alt1445645's rating: 1861 &rarr; <strong>1890</strong><br />(+29 for winning)
|raw|lemoncell0's rating: 2035 &rarr; <strong>2006</strong><br />(-29 for losing)
|c|☆lemoncell0|rip lol
|c|☆lemoncell0|gg
|c|☆alt1445645|gg man
|c|☆alt1445645|was super close
|c|☆alt1445645|like always lol
|c|☆alt1445645|ngl usually rng does our match one way or another
|c|☆alt1445645|decides*
||Ladder isn't responding, score probably updated but might not have (Request timeout).
|c|☆lemoncell0|well I played pretty badly here lol
|c|☆alt1445645|u played good till u extreme speeded at the end there
|c|☆lemoncell0|I think I need to hard predict more
|c|☆alt1445645|yeah if u hard predicted
|c|☆alt1445645|youd be unstoppable lol
|c|☆lemoncell0|I was considering max shadowing there
|c|☆alt1445645|was the espeed at the end a predict there?
|c|☆lemoncell0|but I thought you would predict that
|c|☆alt1445645|ye i figured you were gonna do that
|c|☆alt1445645|so i was gonna sub and swap
|c|☆lemoncell0|mm
|c|☆lemoncell0|anyways I'll cya cya
|c|☆alt1445645|cya gl champ
|l|☆lemoncell0
