|j|☆MizukiAkiyamasBow
|j|☆shisky
|t:|1661383480
|gametype|singles
|player|p1|MizukiAkiyamasBow|pokekid|
|player|p2|shisky|169|
|teamsize|p1|6
|teamsize|p2|6
|gen|8
|tier|[Gen 8] National Dex AG
|rule|HP Percentage Mod: HP is shown in percentages
|rule|Endless Battle Clause: Forcing endless battles is banned
|clearpoke
|poke|p1|Zacian-*|
|poke|p1|Calyrex-Shadow|
|poke|p1|Rayquaza|
|poke|p1|Marshadow|
|poke|p1|Necrozma-Dusk-Mane|
|poke|p1|Murkrow, M|
|poke|p2|Arceus-*|
|poke|p2|Arceus-*|
|poke|p2|Arceus-*|
|poke|p2|Arceus-*|
|poke|p2|Arceus-*|
|poke|p2|Arceus-*|
|teampreview
|inactive|Battle timer is ON: inactive players will automatically lose when time's up. (requested by MizukiAkiyamasBow)
|
|t:|1661383496
|start
|switch|p1a: Necrozma|Necrozma-Dusk-Mane|100/100
|switch|p2a: Arceus|Arceus-Electric|100/100
|turn|1
|
|t:|1661383504
|-start|p2a: Arceus|Dynamax|
|-heal|p2a: Arceus|100/100|[silent]
|move|p2a: Arceus|Max Lightning|p1a: Necrozma
|-damage|p1a: Necrozma|29/100
|-fieldstart|move: Electric Terrain
|move|p1a: Necrozma|Autotomize|p1a: Necrozma
|-boost|p1a: Necrozma|spe|2
|-start|p1a: Necrozma|Autotomize
|
|upkeep
|turn|2
|
|t:|1661383516
|-start|p1a: Necrozma|Dynamax|
|-heal|p1a: Necrozma|29/100|[silent]
|move|p1a: Necrozma|Max Quake|p2a: Arceus
|-supereffective|p2a: Arceus
|-damage|p2a: Arceus|57/100
|-boost|p1a: Necrozma|spd|1
|move|p2a: Arceus|Max Lightning|p1a: Necrozma
|-damage|p1a: Necrozma|0 fnt
|faint|p1a: Necrozma
|
|upkeep
|
|t:|1661383533
|switch|p1a: Rayquaza|Rayquaza|100/100
|-ability|p1a: Rayquaza|Air Lock
|turn|3
|
|t:|1661383538
|detailschange|p1a: Rayquaza|Rayquaza-Mega
|-mega|p1a: Rayquaza|Rayquaza|
|-weather|DeltaStream|[from] ability: Delta Stream|[of] p1a: Rayquaza
|move|p1a: Rayquaza|Earthquake|p2a: Arceus
|-supereffective|p2a: Arceus
|-damage|p2a: Arceus|24/100
|move|p2a: Arceus|Max Lightning|p1a: Rayquaza
|-activate||deltastream
|-resisted|p1a: Rayquaza
|-damage|p1a: Rayquaza|52/100
|
|-weather|DeltaStream|[upkeep]
|upkeep
|-end|p2a: Arceus|Dynamax
|-heal|p2a: Arceus|24/100|[silent]
|turn|4
|
|t:|1661383553
|switch|p2a: Arceus|Arceus-Fairy|100/100
|move|p1a: Rayquaza|Earthquake|p2a: Arceus
|-damage|p2a: Arceus|73/100
|
|-weather|DeltaStream|[upkeep]
|upkeep
|turn|5
|
|t:|1661383562
|switch|p2a: Arceus|Arceus-Electric|24/100
|move|p1a: Rayquaza|Dragon Ascent|p2a: Arceus
|-resisted|p2a: Arceus
|-damage|p2a: Arceus|0 fnt
|-unboost|p1a: Rayquaza|def|1
|-unboost|p1a: Rayquaza|spd|1
|-enditem|p1a: Rayquaza|White Herb
|-clearnegativeboost|p1a: Rayquaza|[silent]
|faint|p2a: Arceus
|
|-weather|DeltaStream|[upkeep]
|-fieldend|move: Electric Terrain
|upkeep
|
|t:|1661383580
|switch|p2a: Arceus|Arceus-Ground|100/100
|turn|6
|
|t:|1661383596
|move|p1a: Rayquaza|Dragon Ascent|p2a: Arceus
|-damage|p2a: Arceus|47/100
|-unboost|p1a: Rayquaza|def|1
|-unboost|p1a: Rayquaza|spd|1
|move|p2a: Arceus|Ice Beam|p1a: Rayquaza
|-activate||deltastream
|-supereffective|p1a: Rayquaza
|-damage|p1a: Rayquaza|0 fnt
|faint|p1a: Rayquaza
|-weather|none
|
|upkeep
|
|t:|1661383607
|switch|p1a: Calyrex|Calyrex-Shadow|100/100
|-ability|p1a: Calyrex|As One
|-ability|p1a: Calyrex|Unnerve
|turn|7
|
|t:|1661383613
|switch|p2a: Arceus|Arceus-Dark|100/100
|move|p1a: Calyrex|Energy Ball|p2a: Arceus
|-damage|p2a: Arceus|75/100
|
|upkeep
|turn|8
|
|t:|1661383621
|move|p1a: Calyrex|Astral Barrage|p2a: Arceus
|-resisted|p2a: Arceus
|-damage|p2a: Arceus|49/100
|move|p2a: Arceus|Judgment|p1a: Calyrex
|-supereffective|p1a: Calyrex
|-damage|p1a: Calyrex|0 fnt
|faint|p1a: Calyrex
|
|upkeep
|c|☆MizukiAkiyamasBow|!dt judgement
No Pokémon, item, move, ability or nature named 'judgement' was found. Showing the data of 'Judgment' instead.
|raw|<ul class="utilichart"><li class="result"><span class="col movenamecol"><a href="https://dex.pokemonshowdown.com/moves/judgment">Judgment</a></span> <span class="col typecol"><img src="//play.pokemonshowdown.com/sprites/types/Normal.png" alt="Normal" width="32" height="14"><img src="//play.pokemonshowdown.com/sprites/categories/Special.png" alt="Special" width="32" height="14"></span> <span class="col labelcol"><em>Power</em><br>100</span> <span class="col widelabelcol"><em>Accuracy</em><br>100%</span> <span class="col pplabelcol"><em>PP</em><br>16</span> <span class="col movedesccol">Type varies based on the held Plate.</span> </li><li style="clear:both"></li></ul>
|raw|<font size="1"><font color="#686868">Priority:</font> 0&nbsp;|&ThickSpace;<font color="#686868">Gen:</font> 4&nbsp;|&ThickSpace;&#10007; Past Gens Only&nbsp;|&ThickSpace;<font color="#686868">Z-Power:</font> 180&nbsp;|&ThickSpace;<font color="#686868">Dynamax Power:</font> 130&nbsp;|&ThickSpace;<font color="#686868">Target:</font> One Adjacent Pokémon</font>

|inactive|MizukiAkiyamasBow has 270 seconds left.
|c|☆MizukiAkiyamasBow|Thats bs all the plates are illegal besides the pixie plate
|
|t:|1661383659
|switch|p1a: Zacian|Zacian-Crowned|100/100
|-ability|p1a: Zacian|Intrepid Sword|boost
|-boost|p1a: Zacian|atk|1
|turn|9
|
|t:|1661383668
|switch|p2a: Arceus|Arceus-Steel|100/100
|move|p1a: Zacian|Play Rough|p2a: Arceus
|-resisted|p2a: Arceus
|-damage|p2a: Arceus|75/100
|
|upkeep
|turn|10
|
|t:|1661383675
|move|p1a: Zacian|Sacred Sword|p2a: Arceus
|-supereffective|p2a: Arceus
|-crit|p2a: Arceus
|-damage|p2a: Arceus|0 fnt
|faint|p2a: Arceus
|
|upkeep
|
|t:|1661383689
|switch|p2a: Arceus|Arceus-Ground|47/100
|turn|11
|
|t:|1661383700
|move|p1a: Zacian|Play Rough|p2a: Arceus|[miss]
|-miss|p1a: Zacian|p2a: Arceus
|move|p2a: Arceus|Recover|p2a: Arceus
|-heal|p2a: Arceus|97/100
|
|upkeep
|turn|12
|
|t:|1661383708
|move|p1a: Zacian|Play Rough|p2a: Arceus
|-crit|p2a: Arceus
|-damage|p2a: Arceus|12/100
|move|p2a: Arceus|Judgment|p1a: Zacian
|-supereffective|p1a: Zacian
|-damage|p1a: Zacian|0 fnt
|faint|p1a: Zacian
|
|upkeep
|
|t:|1661383715
|switch|p1a: Marshadow|Marshadow|100/100
|turn|13
|
|t:|1661383726
|switch|p2a: Arceus|Arceus|100/100
|move|p1a: Marshadow|Shadow Sneak|p2a: Arceus
|-immune|p2a: Arceus
|
|upkeep
|turn|14
|
|t:|1661383733
|move|p1a: Marshadow|Drain Punch|p2a: Arceus
|-supereffective|p2a: Arceus
|-damage|p2a: Arceus|52/100
|move|p2a: Arceus|Shadow Claw|p1a: Marshadow
|-supereffective|p1a: Marshadow
|-damage|p1a: Marshadow|38/100
|
|upkeep
|turn|15
|
|t:|1661383743
|switch|p2a: Arceus|Arceus-Fairy|73/100
|move|p1a: Marshadow|Drain Punch|p2a: Arceus
|-resisted|p2a: Arceus
|-damage|p2a: Arceus|59/100
|-heal|p1a: Marshadow|48/100|[from] drain|[of] p2a: Arceus
|
|upkeep
|turn|16
|
|t:|1661383752
|move|p1a: Marshadow|Spectral Thief|p2a: Arceus
|-damage|p2a: Arceus|28/100
|move|p2a: Arceus|Recover|p2a: Arceus
|-heal|p2a: Arceus|78/100
|
|upkeep
|turn|17
|
|t:|1661383779
|move|p1a: Marshadow|Spectral Thief|p2a: Arceus
|-damage|p2a: Arceus|47/100
|move|p2a: Arceus|Judgment|p1a: Marshadow
|-supereffective|p1a: Marshadow
|-damage|p1a: Marshadow|0 fnt
|faint|p1a: Marshadow
|
|upkeep
|
|t:|1661383782
|switch|p1a: Murkrow|Murkrow, M|100/100
|turn|18
|-message|MizukiAkiyamasBow forfeited.
|
|win|shisky
