|j|☆2448a
|j|☆SaintLaplace
|t:|1662895231
|gametype|singles
|player|p1|2448a|emmet-masters|
|player|p2|SaintLaplace|hilda-wonderlauncher|
|teamsize|p1|6
|teamsize|p2|6
|gen|8
|tier|[Gen 8] National Dex AG
|rule|HP Percentage Mod: HP is shown in percentages
|rule|Endless Battle Clause: Forcing endless battles is banned
|clearpoke
|poke|p1|Arceus-*|
|poke|p1|Arceus-*|
|poke|p1|Calyrex-Ice|
|poke|p1|Necrozma-Dusk-Mane|
|poke|p1|Rayquaza|
|poke|p1|Yveltal|
|poke|p2|Necrozma-Dusk-Mane|
|poke|p2|Marshadow|
|poke|p2|Zygarde|
|poke|p2|Rayquaza|
|poke|p2|Groudon|
|poke|p2|Eternatus|
|teampreview
|inactive|Battle timer is ON: inactive players will automatically lose when time's up. (requested by SaintLaplace)
|c|☆2448a|interesting
|
|t:|1662895246
|start
|switch|p1a: horse impostor|Calyrex-Ice|100/100
|switch|p2a: Groudon|Groudon|100/100
|-ability|p1a: horse impostor|As One
|-ability|p1a: horse impostor|Unnerve
|-weather|SunnyDay|[from] ability: Drought|[of] p2a: Groudon
|turn|1
|
|t:|1662895252
|move|p2a: Groudon|Thunder Wave|p1a: horse impostor
|-status|p1a: horse impostor|par
|cant|p1a: horse impostor|par
|
|-weather|SunnyDay|[upkeep]
|upkeep
|turn|2
|
|t:|1662895258
|move|p2a: Groudon|Stealth Rock|p1a: horse impostor
|-sidestart|p1: 2448a|move: Stealth Rock
|move|p1a: horse impostor|Trick Room|p1a: horse impostor
|-fieldstart|move: Trick Room|[of] p1a: horse impostor
|
|-weather|SunnyDay|[upkeep]
|upkeep
|turn|3
|
|t:|1662895267
|-start|p1a: horse impostor|Dynamax|
|-heal|p1a: horse impostor|100/100 par|[silent]
|move|p1a: horse impostor|Max Hailstorm|p2a: Groudon
|-supereffective|p2a: Groudon
|-damage|p2a: Groudon|4/100
|-weather|Hail
|-enditem|p2a: Groudon|Red Card|[of] p1a: horse impostor
|-block|p1a: horse impostor|Dynamax
|move|p2a: Groudon|Roar|p1a: horse impostor
|-block|p1a: horse impostor|Dynamax
|
|-weather|Hail|[upkeep]
|-damage|p2a: Groudon|0 fnt|[from] Hail
|faint|p2a: Groudon
|upkeep
|c|☆2448a|sheesh
|
|t:|1662895286
|switch|p2a: Necrozma|Necrozma-Dusk-Mane|100/100
|turn|4
|
|t:|1662895293
|move|p1a: horse impostor|Max Quake|p2a: Necrozma
|-supereffective|p2a: Necrozma
|-damage|p2a: Necrozma|30/100
|-boost|p1a: horse impostor|spd|1
|-enditem|p2a: Necrozma|Weakness Policy
|-boost|p2a: Necrozma|atk|2|[from] item: Weakness Policy
|-boost|p2a: Necrozma|spa|2|[from] item: Weakness Policy
|move|p2a: Necrozma|Autotomize|p2a: Necrozma
|-boost|p2a: Necrozma|spe|2
|-start|p2a: Necrozma|Autotomize
|
|-weather|Hail|[upkeep]
|-damage|p2a: Necrozma|24/100|[from] Hail
|upkeep
|turn|5
|
|t:|1662895308
|-start|p2a: Necrozma|Dynamax|
|-heal|p2a: Necrozma|24/100|[silent]
|move|p2a: Necrozma|Max Guard|p2a: Necrozma
|-singleturn|p2a: Necrozma|Max Guard
|move|p1a: horse impostor|Max Hailstorm|p2a: Necrozma
|-activate|p2a: Necrozma|move: Max Guard
|
|-weather|Hail|[upkeep]
|-damage|p2a: Necrozma|21/100|[from] Hail
|upkeep
|-end|p1a: horse impostor|Dynamax
|-heal|p1a: horse impostor|100/100 par|[silent]
|turn|6
|
|t:|1662895323
|move|p2a: Necrozma|Max Guard||[still]
|-fail|p2a: Necrozma
|move|p1a: horse impostor|High Horsepower|p2a: Necrozma
|-supereffective|p2a: Necrozma
|-damage|p2a: Necrozma|0 fnt
|faint|p2a: Necrozma
|-ability|p1a: horse impostor|Chilling Neigh|boost
|-boost|p1a: horse impostor|atk|1
|
|-weather|Hail|[upkeep]
|-fieldend|move: Trick Room
|upkeep
|c|☆2448a|pain
|
|t:|1662895335
|switch|p2a: Eternatus|Eternatus|100/100
|-ability|p2a: Eternatus|Pressure
|turn|7
|
|t:|1662895340
|move|p2a: Eternatus|Meteor Beam||[still]
|-prepare|p2a: Eternatus|Meteor Beam
|-boost|p2a: Eternatus|spa|1
|-enditem|p2a: Eternatus|Power Herb
|-anim|p2a: Eternatus|Meteor Beam|p1a: horse impostor
|-supereffective|p1a: horse impostor
|-damage|p1a: horse impostor|39/100 par
|-enditem|p1a: horse impostor|Weakness Policy
|-boost|p1a: horse impostor|atk|2|[from] item: Weakness Policy
|-boost|p1a: horse impostor|spa|2|[from] item: Weakness Policy
|move|p1a: horse impostor|Trick Room|p1a: horse impostor
|-fieldstart|move: Trick Room|[of] p1a: horse impostor
|
|-weather|none
|upkeep
|turn|8
|
|t:|1662895354
|move|p1a: horse impostor|Glacial Lance|p2a: Eternatus
|-supereffective|p2a: Eternatus
|-damage|p2a: Eternatus|0 fnt
|faint|p2a: Eternatus
|-ability|p1a: horse impostor|Chilling Neigh|boost
|-boost|p1a: horse impostor|atk|1
|
|upkeep
|
|t:|1662895357
|switch|p2a: Marshadow|Marshadow|100/100
|turn|9
|
|t:|1662895364
|move|p1a: horse impostor|Icicle Spear|p2a: Marshadow
|-damage|p2a: Marshadow|34/100
|-damage|p2a: Marshadow|0 fnt
|faint|p2a: Marshadow
|-ability|p1a: horse impostor|Chilling Neigh|boost
|-boost|p1a: horse impostor|atk|1
|-hitcount|p2: Marshadow|2
|
|upkeep
|
|t:|1662895369
|switch|p2a: Rayquaza|Rayquaza|100/100
|-ability|p2a: Rayquaza|Air Lock
|turn|10
|c|☆SaintLaplace|Interesting build
|c|☆2448a|better hope rng doesnt mess me up rn
|
|t:|1662895387
|detailschange|p2a: Rayquaza|Rayquaza-Mega
|-mega|p2a: Rayquaza|Rayquaza|
|-weather|DeltaStream|[from] ability: Delta Stream|[of] p2a: Rayquaza
|move|p2a: Rayquaza|Extreme Speed|p1a: horse impostor
|-damage|p1a: horse impostor|14/100 par
|move|p1a: horse impostor|Icicle Spear|p2a: Rayquaza
|-activate||deltastream
|-supereffective|p2a: Rayquaza
|-enditem|p2a: Rayquaza|Focus Sash
|-damage|p2a: Rayquaza|1/100
|-activate||deltastream
|-supereffective|p2a: Rayquaza
|-damage|p2a: Rayquaza|0 fnt
|faint|p2a: Rayquaza
|-weather|none
|-ability|p1a: horse impostor|Chilling Neigh|boost
|-boost|p1a: horse impostor|atk|1
|-hitcount|p2: Rayquaza|2
|
|upkeep
|
|t:|1662895394
|switch|p2a: Zygarde|Zygarde|100/100
|turn|11
|
|t:|1662895406
|move|p1a: horse impostor|Icicle Spear|p2a: Zygarde
|-supereffective|p2a: Zygarde
|-damage|p2a: Zygarde|0 fnt
|faint|p2a: Zygarde
|-hitcount|p2: Zygarde|1
|
|win|2448a
|c|☆2448a|ggs
|c|☆SaintLaplace|GG
|c|☆SaintLaplace|Lemme take off ray
|c|☆SaintLaplace|And we do reg AG
|c|☆2448a|aight
|l|☆SaintLaplace
