|j|☆85792195wwww
|j|☆Jayki11
|player|p1|85792195wwww|lady|1777
|player|p2|Jayki11|red|1629
|teamsize|p1|6
|teamsize|p2|6
|gametype|singles
|gen|8
|tier|[Gen 8] National Dex AG
|rated|
|clearpoke
|poke|p1|Rayquaza|
|poke|p1|Zacian-Crowned|
|poke|p1|Ditto|
|poke|p1|Kyogre|
|poke|p1|Excadrill, M|
|poke|p1|Arceus-*|
|poke|p2|Yveltal|
|poke|p2|Groudon|
|poke|p2|Ho-Oh|
|poke|p2|Rayquaza|
|poke|p2|Zacian-Crowned|
|poke|p2|Necrozma-Dusk-Mane|
|rule|HP Percentage Mod: HP is shown in percentages
|rule|Endless Battle Clause: Forcing endless battles is banned
|teampreview
|inactive|Battle timer is ON: inactive players will automatically lose when time's up. (requested by Jayki11)
|
|start
|switch|p1a: Zacian|Zacian-Crowned|100/100
|switch|p2a: Groudon|Groudon|100/100
|-ability|p1a: Zacian|Intrepid Sword|boost
|-boost|p1a: Zacian|atk|1
|detailschange|p2a: Groudon|Groudon-Primal
|-primal|p2a: Groudon
|-weather|DesolateLand|[from] ability: Desolate Land|[of] p2a: Groudon
|turn|1
|
|switch|p1a: Excadrill|Excadrill, M|100/100
|-ability|p1a: Excadrill|Mold Breaker
|move|p2a: Groudon|Stealth Rock|p1a: Excadrill
|-sidestart|p1: 85792195wwww|move: Stealth Rock
|
|-weather|DesolateLand|[upkeep]
|upkeep
|turn|2
|
|move|p1a: Excadrill|Rapid Spin|p2a: Groudon
|-damage|p2a: Groudon|91/100
|-boost|p1a: Excadrill|spe|1
|-sideend|p1: 85792195wwww|Stealth Rock|[from] move: Rapid Spin|[of] p1a: Excadrill
|move|p2a: Groudon|Rock Tomb|p1a: Excadrill
|-resisted|p1a: Excadrill
|-damage|p1a: Excadrill|93/100
|-unboost|p1a: Excadrill|spe|1
|
|-weather|DesolateLand|[upkeep]
|upkeep
|turn|3
|j| Neutralist
|
|move|p1a: Excadrill|Stealth Rock|p2a: Groudon
|-sidestart|p2: Jayki11|move: Stealth Rock
|move|p2a: Groudon|Stealth Rock|p1a: Excadrill
|-sidestart|p1: 85792195wwww|move: Stealth Rock
|
|-weather|DesolateLand|[upkeep]
|upkeep
|turn|4
|
|move|p1a: Excadrill|Rapid Spin|p2a: Groudon
|-damage|p2a: Groudon|82/100
|-boost|p1a: Excadrill|spe|1
|-sideend|p1: 85792195wwww|Stealth Rock|[from] move: Rapid Spin|[of] p1a: Excadrill
|move|p2a: Groudon|Precipice Blades|p1a: Excadrill
|-supereffective|p1a: Excadrill
|-damage|p1a: Excadrill|0 fnt
|faint|p1a: Excadrill
|
|-weather|DesolateLand|[upkeep]
|upkeep
|
|switch|p1a: Rayquaza|Rayquaza|100/100
|-ability|p1a: Rayquaza|Air Lock
|turn|5
|c| Neutralist|surf?
|
|detailschange|p1a: Rayquaza|Rayquaza-Mega
|-mega|p1a: Rayquaza|Rayquaza|
|-weather|DeltaStream|[from] ability: Delta Stream|[of] p1a: Rayquaza
|move|p1a: Rayquaza|Dragon Dance|p1a: Rayquaza
|-boost|p1a: Rayquaza|atk|1
|-boost|p1a: Rayquaza|spe|1
|move|p2a: Groudon|Toxic|p1a: Rayquaza
|-status|p1a: Rayquaza|tox
|
|-weather|DeltaStream|[upkeep]
|-damage|p1a: Rayquaza|95/100 tox|[from] psn
|upkeep
|turn|6
|
|switch|p2a: Ho-Oh|Ho-Oh|100/100
|move|p1a: Rayquaza|Earthquake|p2a: Ho-Oh
|-immune|p2a: Ho-Oh
|
|-weather|DeltaStream|[upkeep]
|-damage|p1a: Rayquaza|83/100 tox|[from] psn
|upkeep
|turn|7
|
|move|p1a: Rayquaza|Dragon Ascent|p2a: Ho-Oh
|-damage|p2a: Ho-Oh|0 fnt
|-unboost|p1a: Rayquaza|def|1
|-unboost|p1a: Rayquaza|spd|1
|-damage|p1a: Rayquaza|73/100 tox|[from] item: Life Orb
|faint|p2a: Ho-Oh
|
|-weather|DeltaStream|[upkeep]
|-damage|p1a: Rayquaza|55/100 tox|[from] psn
|upkeep
|
|switch|p2a: Groudon|Groudon-Primal|82/100
|-damage|p2a: Groudon|69/100|[from] Stealth Rock
|-weather|DesolateLand|[from] ability: Desolate Land|[of] p2a: Groudon
|turn|8
|
|-weather|none
|switch|p2a: Yveltal|Yveltal|100/100
|-damage|p2a: Yveltal|76/100|[from] Stealth Rock
|-ability|p2a: Yveltal|Dark Aura
|move|p1a: Rayquaza|Dragon Ascent|p2a: Yveltal
|-crit|p2a: Yveltal
|-damage|p2a: Yveltal|0 fnt
|-unboost|p1a: Rayquaza|def|1
|-unboost|p1a: Rayquaza|spd|1
|-damage|p1a: Rayquaza|45/100 tox|[from] item: Life Orb
|faint|p2a: Yveltal
|
|-damage|p1a: Rayquaza|21/100 tox|[from] psn
|upkeep
|l| Neutralist
|
|switch|p2a: Necrozma|Necrozma-Dusk-Mane|100/100
|-damage|p2a: Necrozma|95/100|[from] Stealth Rock
|turn|9
|
|-start|p2a: Necrozma|Dynamax
|-heal|p2a: Necrozma|95/100|[silent]
|move|p1a: Rayquaza|Earthquake|p2a: Necrozma
|-supereffective|p2a: Necrozma
|-damage|p2a: Necrozma|36/100
|-enditem|p2a: Necrozma|Weakness Policy
|-boost|p2a: Necrozma|atk|2|[from] item: Weakness Policy
|-boost|p2a: Necrozma|spa|2|[from] item: Weakness Policy
|-damage|p1a: Rayquaza|11/100 tox|[from] item: Life Orb
|move|p2a: Necrozma|Max Rockfall|p1a: Rayquaza
|-supereffective|p1a: Rayquaza
|-damage|p1a: Rayquaza|0 fnt
|-weather|Sandstorm
|faint|p1a: Rayquaza
|
|-weather|Sandstorm|[upkeep]
|upkeep
|
|switch|p1a: Kyogre|Kyogre|100/100
|detailschange|p1a: Kyogre|Kyogre-Primal
|-primal|p1a: Kyogre
|-weather|PrimordialSea|[from] ability: Primordial Sea|[of] p1a: Kyogre
|turn|10
|
|move|p2a: Necrozma|Max Steelspike|p1a: Kyogre
|-resisted|p1a: Kyogre
|-damage|p1a: Kyogre|29/100
|-boost|p2a: Necrozma|def|1
|move|p1a: Kyogre|Calm Mind|p1a: Kyogre
|-boost|p1a: Kyogre|spa|1
|-boost|p1a: Kyogre|spd|1
|
|-weather|PrimordialSea|[upkeep]
|upkeep
|turn|11
|
|move|p2a: Necrozma|Max Steelspike|p1a: Kyogre
|-resisted|p1a: Kyogre
|-damage|p1a: Kyogre|0 fnt
|-boost|p2a: Necrozma|def|1
|faint|p1a: Kyogre
|-weather|none
|
|-end|p2a: Necrozma|Dynamax
|-heal|p2a: Necrozma|36/100|[silent]
|upkeep
|
|switch|p1a: Ditto|Ditto|100/100
|-transform|p1a: Ditto|p2a: Necrozma|[from] ability: Imposter
|turn|12
|
|-start|p1a: Ditto|Dynamax
|-heal|p1a: Ditto|100/100|[silent]
|move|p2a: Necrozma|Earthquake|p1a: Ditto
|-supereffective|p1a: Ditto
|-damage|p1a: Ditto|74/100
|move|p1a: Ditto|Max Quake|p2a: Necrozma
|-supereffective|p2a: Necrozma
|-damage|p2a: Necrozma|0 fnt
|-boost|p1a: Ditto|spd|1
|faint|p2a: Necrozma
|
|upkeep
|
|switch|p2a: Zacian|Zacian-Crowned|100/100
|-damage|p2a: Zacian|94/100|[from] Stealth Rock
|-ability|p2a: Zacian|Intrepid Sword|boost
|-boost|p2a: Zacian|atk|1
|turn|13
|
|move|p2a: Zacian|Behemoth Blade|p1a: Ditto
|-resisted|p1a: Ditto
|-damage|p1a: Ditto|50/100
|move|p1a: Ditto|Max Steelspike|p2a: Zacian
|-damage|p2a: Zacian|0 fnt
|-boost|p1a: Ditto|def|1
|faint|p2a: Zacian
|
|upkeep
|
|switch|p2a: Rayquaza|Rayquaza|100/100
|-damage|p2a: Rayquaza|76/100|[from] Stealth Rock
|-ability|p2a: Rayquaza|Air Lock
|turn|14
|
|detailschange|p2a: Rayquaza|Rayquaza-Mega
|-mega|p2a: Rayquaza|Rayquaza|
|-weather|DeltaStream|[from] ability: Delta Stream|[of] p2a: Rayquaza
|move|p2a: Rayquaza|V-create|p1a: Ditto
|-supereffective|p1a: Ditto
|-damage|p1a: Ditto|27/100
|-unboost|p2a: Rayquaza|spe|1
|-unboost|p2a: Rayquaza|def|1
|-unboost|p2a: Rayquaza|spd|1
|move|p1a: Ditto|Max Steelspike|p2a: Rayquaza
|-damage|p2a: Rayquaza|0 fnt
|-boost|p1a: Ditto|def|1
|faint|p2a: Rayquaza
|-weather|none
|
|-end|p1a: Ditto|Dynamax
|-heal|p1a: Ditto|27/100|[silent]
|upkeep
|
|switch|p2a: Groudon|Groudon-Primal|69/100
|-damage|p2a: Groudon|57/100|[from] Stealth Rock
|-weather|DesolateLand|[from] ability: Desolate Land|[of] p2a: Groudon
|turn|15
|c|☆Jayki11|gg
|
|move|p1a: Ditto|Earthquake|p2a: Groudon
|-supereffective|p2a: Groudon
|-damage|p2a: Groudon|0 fnt
|faint|p2a: Groudon
|-weather|none
|
|win|85792195wwww
|l|☆Jayki11
|raw|85792195wwww's rating: 1777 &rarr; <strong>1789</strong><br />(+12 for winning)
|raw|Jayki11's rating: 1629 &rarr; <strong>1617</strong><br />(-12 for losing)
