|j|☆agdp
|j|☆IWSK
|t:|1635949467
|gametype|singles
|player|p1|agdp|2|1516
|player|p2|IWSK|cyclist-gen4|1805
|teamsize|p1|6
|teamsize|p2|6
|gen|8
|tier|[Gen 8] National Dex AG
|rated|
|rule|HP Percentage Mod: HP is shown in percentages
|rule|Endless Battle Clause: Forcing endless battles is banned
|clearpoke
|poke|p1|Giratina-Origin|
|poke|p1|Ditto|
|poke|p1|Groudon|
|poke|p1|Yveltal|
|poke|p1|Kyogre|
|poke|p1|Eternatus|
|poke|p2|Arceus-*|
|poke|p2|Necrozma-Dusk-Mane|
|poke|p2|Calyrex-Shadow|
|poke|p2|Ho-Oh|
|poke|p2|Gliscor, M|
|poke|p2|Yveltal|
|teampreview
|inactive|Battle timer is ON: inactive players will automatically lose when time's up. (requested by IWSK)
|
|t:|1635949479
|start
|switch|p1a: Eternatus|Eternatus|100/100
|switch|p2a: Calyrex|Calyrex-Shadow|100/100
|-ability|p2a: Calyrex|As One
|-ability|p2a: Calyrex|Unnerve
|-ability|p1a: Eternatus|Pressure
|turn|1
|
|t:|1635949490
|move|p2a: Calyrex|Astral Barrage|p1a: Eternatus
|-damage|p1a: Eternatus|0 fnt
|faint|p1a: Eternatus
|-ability|p2a: Calyrex|Grim Neigh|boost
|-boost|p2a: Calyrex|spa|1
|
|upkeep
|
|t:|1635949497
|switch|p1a: Ditto|Ditto|100/100
|-transform|p1a: Ditto|p2a: Calyrex|[from] ability: Imposter
|turn|2
|
|t:|1635949509
|switch|p2a: Yveltal|Yveltal|100/100
|-ability|p2a: Yveltal|Dark Aura
|-start|p1a: Ditto|Dynamax
|-heal|p1a: Ditto|100/100|[silent]
|move|p1a: Ditto|Max Starfall|p2a: Yveltal
|-supereffective|p2a: Yveltal
|-damage|p2a: Yveltal|40/100
|-fieldstart|move: Misty Terrain
|
|upkeep
|turn|3
|
|t:|1635949520
|-start|p2a: Yveltal|Dynamax
|-heal|p2a: Yveltal|40/100|[silent]
|move|p1a: Ditto|Max Starfall|p2a: Yveltal
|-supereffective|p2a: Yveltal
|-damage|p2a: Yveltal|7/100
|move|p2a: Yveltal|Max Darkness|p1a: Ditto
|-supereffective|p1a: Ditto
|-damage|p1a: Ditto|0 fnt
|faint|p1a: Ditto
|
|upkeep
|
|t:|1635949544
|switch|p1a: Kyogre|Kyogre|100/100
|-weather|RainDance|[from] ability: Drizzle|[of] p1a: Kyogre
|turn|4
|
|t:|1635949561
|move|p1a: Kyogre|Water Spout|p2a: Yveltal
|-damage|p2a: Yveltal|0 fnt
|faint|p2a: Yveltal
|
|-weather|RainDance|[upkeep]
|upkeep
|
|t:|1635949566
|switch|p2a: Arceus|Arceus-Water|100/100
|turn|5
|
|t:|1635949571
|switch|p1a: Groudon|Groudon|100/100
|detailschange|p1a: Groudon|Groudon-Primal
|-primal|p1a: Groudon
|-weather|DesolateLand|[from] ability: Desolate Land|[of] p1a: Groudon
|move|p2a: Arceus|Toxic|p1a: Groudon
|-activate|p1a: Groudon|move: Misty Terrain
|
|-weather|DesolateLand|[upkeep]
|upkeep
|turn|6
|
|t:|1635949587
|move|p2a: Arceus|Ice Beam|p1a: Groudon
|-damage|p1a: Groudon|78/100
|move|p1a: Groudon|Rock Tomb|p2a: Arceus
|-damage|p2a: Arceus|85/100
|-unboost|p2a: Arceus|spe|1
|
|-weather|DesolateLand|[upkeep]
|-fieldend|Misty Terrain
|upkeep
|turn|7
|
|t:|1635949597
|move|p1a: Groudon|Precipice Blades|p2a: Arceus
|-damage|p2a: Arceus|37/100
|move|p2a: Arceus|Toxic|p1a: Groudon
|-status|p1a: Groudon|tox
|
|-weather|DesolateLand|[upkeep]
|-damage|p1a: Groudon|72/100 tox|[from] psn
|upkeep
|turn|8
|
|t:|1635949605
|switch|p2a: Gliscor|Gliscor, M|100/100
|move|p1a: Groudon|Precipice Blades|p2a: Gliscor
|-immune|p2a: Gliscor
|
|-weather|DesolateLand|[upkeep]
|-damage|p1a: Groudon|59/100 tox|[from] psn
|-status|p2a: Gliscor|tox|[from] item: Toxic Orb
|upkeep
|turn|9
|
|t:|1635949621
|-weather|none
|switch|p1a: Yveltal|Yveltal|100/100
|-ability|p1a: Yveltal|Dark Aura
|move|p2a: Gliscor|Substitute|p2a: Gliscor
|-start|p2a: Gliscor|Substitute
|-damage|p2a: Gliscor|76/100 tox
|
|-heal|p2a: Gliscor|88/100 tox|[from] ability: Poison Heal
|upkeep
|turn|10
|
|t:|1635949634
|move|p1a: Yveltal|Foul Play|p2a: Gliscor
|-end|p2a: Gliscor|Substitute
|move|p2a: Gliscor|Toxic|p1a: Yveltal
|-status|p1a: Yveltal|tox
|
|-damage|p1a: Yveltal|94/100 tox|[from] psn
|-heal|p2a: Gliscor|100/100 tox|[from] ability: Poison Heal
|upkeep
|turn|11
|
|t:|1635949644
|move|p2a: Gliscor|Protect|p2a: Gliscor
|-singleturn|p2a: Gliscor|Protect
|move|p1a: Yveltal|Taunt|p2a: Gliscor
|-activate|p2a: Gliscor|move: Protect
|
|-damage|p1a: Yveltal|82/100 tox|[from] psn
|upkeep
|turn|12
|
|t:|1635949653
|switch|p2a: Ho-Oh|Ho-Oh|100/100
|move|p1a: Yveltal|Taunt|p2a: Ho-Oh
|-start|p2a: Ho-Oh|move: Taunt
|
|-damage|p1a: Yveltal|64/100 tox|[from] psn
|upkeep
|turn|13
|
|t:|1635949661
|switch|p2a: Gliscor|Gliscor, M|100/100 tox
|move|p1a: Yveltal|Foul Play|p2a: Gliscor
|-damage|p2a: Gliscor|66/100 tox
|
|-damage|p1a: Yveltal|40/100 tox|[from] psn
|-heal|p2a: Gliscor|79/100 tox|[from] ability: Poison Heal
|upkeep
|turn|14
|
|t:|1635949670
|move|p1a: Yveltal|Oblivion Wing|p2a: Gliscor
|-damage|p2a: Gliscor|28/100 tox
|-heal|p1a: Yveltal|74/100 tox|[from] drain|[of] p2a: Gliscor
|move|p2a: Gliscor|Substitute|p2a: Gliscor
|-start|p2a: Gliscor|Substitute
|-damage|p2a: Gliscor|3/100 tox
|
|-damage|p1a: Yveltal|43/100 tox|[from] psn
|-heal|p2a: Gliscor|15/100 tox|[from] ability: Poison Heal
|upkeep
|turn|15
|
|t:|1635949683
|move|p2a: Gliscor|Protect|p2a: Gliscor
|-singleturn|p2a: Gliscor|Protect
|move|p1a: Yveltal|Foul Play|p2a: Gliscor
|-activate|p2a: Gliscor|move: Protect
|
|-damage|p1a: Yveltal|7/100 tox|[from] psn
|-heal|p2a: Gliscor|28/100 tox|[from] ability: Poison Heal
|upkeep
|turn|16
|
|t:|1635949692
|move|p1a: Yveltal|Oblivion Wing|p2a: Gliscor
|-end|p2a: Gliscor|Substitute
|-heal|p1a: Yveltal|24/100 tox|[from] drain|[of] p2a: Gliscor
|move|p2a: Gliscor|Substitute|p2a: Gliscor
|-start|p2a: Gliscor|Substitute
|-damage|p2a: Gliscor|3/100 tox
|
|-damage|p1a: Yveltal|0 fnt|[from] psn
|faint|p1a: Yveltal
|-heal|p2a: Gliscor|15/100 tox|[from] ability: Poison Heal
|upkeep
|
|t:|1635949706
|switch|p1a: Groudon|Groudon-Primal|59/100 tox
|-weather|DesolateLand|[from] ability: Desolate Land|[of] p1a: Groudon
|turn|17
|
|t:|1635949711
|move|p2a: Gliscor|Protect|p2a: Gliscor
|-singleturn|p2a: Gliscor|Protect
|move|p1a: Groudon|Heat Crash|p2a: Gliscor
|-activate|p2a: Gliscor|move: Protect
|
|-weather|DesolateLand|[upkeep]
|-heal|p2a: Gliscor|28/100 tox|[from] ability: Poison Heal
|-damage|p1a: Groudon|53/100 tox|[from] psn
|upkeep
|turn|18
|
|t:|1635949720
|move|p2a: Gliscor|Bulldoze|p1a: Groudon
|-supereffective|p1a: Groudon
|-damage|p1a: Groudon|32/100 tox
|-unboost|p1a: Groudon|spe|1
|move|p1a: Groudon|Heat Crash|p2a: Gliscor
|-end|p2a: Gliscor|Substitute
|
|-weather|DesolateLand|[upkeep]
|-heal|p2a: Gliscor|40/100 tox|[from] ability: Poison Heal
|-damage|p1a: Groudon|19/100 tox|[from] psn
|upkeep
|turn|19
|
|t:|1635949732
|move|p2a: Gliscor|Protect|p2a: Gliscor
|-singleturn|p2a: Gliscor|Protect
|move|p1a: Groudon|Heat Crash|p2a: Gliscor
|-activate|p2a: Gliscor|move: Protect
|
|-weather|DesolateLand|[upkeep]
|-heal|p2a: Gliscor|53/100 tox|[from] ability: Poison Heal
|-damage|p1a: Groudon|1/100 tox|[from] psn
|upkeep
|turn|20
|inactive|IWSK has 120 seconds left.
|
|t:|1635949763
|switch|p2a: Ho-Oh|Ho-Oh|100/100
|move|p1a: Groudon|Heat Crash|p2a: Ho-Oh
|-resisted|p2a: Ho-Oh
|-damage|p2a: Ho-Oh|43/100
|
|-weather|DesolateLand|[upkeep]
|-damage|p1a: Groudon|0 fnt|[from] psn
|faint|p1a: Groudon
|-weather|none
|upkeep
|
|t:|1635949774
|switch|p1a: Kyogre|Kyogre|100/100
|-weather|RainDance|[from] ability: Drizzle|[of] p1a: Kyogre
|turn|21
|
|t:|1635949778
|move|p1a: Kyogre|Water Spout|p2a: Ho-Oh
|-supereffective|p2a: Ho-Oh
|-damage|p2a: Ho-Oh|0 fnt
|faint|p2a: Ho-Oh
|
|-weather|RainDance|[upkeep]
|upkeep
|
|t:|1635949783
|switch|p2a: Calyrex|Calyrex-Shadow|100/100
|-ability|p2a: Calyrex|As One
|-ability|p2a: Calyrex|Unnerve
|turn|22
|
|t:|1635949790
|move|p1a: Kyogre|Water Spout|p2a: Calyrex
|-damage|p2a: Calyrex|0 fnt
|faint|p2a: Calyrex
|
|-weather|RainDance|[upkeep]
|upkeep
|
|t:|1635949796
|switch|p2a: Necrozma|Necrozma-Dusk-Mane|100/100
|turn|23
|-message|IWSK forfeited.
|
|win|agdp
|raw|agdp's rating: 1516 &rarr; <strong>1550</strong><br />(+34 for winning)
|raw|IWSK's rating: 1805 &rarr; <strong>1771</strong><br />(-34 for losing)
|l|☆IWSK
