|j|☆thicsucttv
|j|☆MurderousMantyke
|t:|1663368890
|gametype|singles
|player|p1|thicsucttv|102|1716
|player|p2|MurderousMantyke|#helpstaffxmas|1775
|teamsize|p1|6
|teamsize|p2|6
|gen|8
|tier|[Gen 8] National Dex AG
|rated|
|rule|HP Percentage Mod: HP is shown in percentages
|rule|Endless Battle Clause: Forcing endless battles is banned
|clearpoke
|poke|p1|Tyranitar, M|
|poke|p1|Marshadow|
|poke|p1|Yveltal|
|poke|p1|Necrozma-Dusk-Mane|
|poke|p1|Ditto|
|poke|p1|Lucario, M|
|poke|p2|Groudon|
|poke|p2|Rayquaza|
|poke|p2|Calyrex-Shadow|
|poke|p2|Arceus-*|
|poke|p2|Yveltal|
|poke|p2|Marshadow|
|teampreview
|inactive|Battle timer is ON: inactive players will automatically lose when time's up. (requested by MurderousMantyke)
|inactive|MurderousMantyke has 120 seconds left.
|c|☆MurderousMantyke|hf
|
|t:|1663368927
|start
|switch|p1a: Lucario|Lucario, M|100/100
|switch|p2a: Groudon|Groudon|100/100
|detailschange|p2a: Groudon|Groudon-Primal
|-primal|p2a: Groudon
|-weather|DesolateLand|[from] ability: Desolate Land|[of] p2a: Groudon
|turn|1
|
|t:|1663368936
|detailschange|p1a: Lucario|Lucario-Mega, M
|-mega|p1a: Lucario|Lucario|Lucarionite
|move|p1a: Lucario|Close Combat|p2a: Groudon
|-damage|p2a: Groudon|41/100
|-unboost|p1a: Lucario|def|1
|-unboost|p1a: Lucario|spd|1
|move|p2a: Groudon|Stealth Rock|p1a: Lucario
|-sidestart|p1: thicsucttv|move: Stealth Rock
|
|-weather|DesolateLand|[upkeep]
|upkeep
|turn|2
|
|t:|1663368945
|move|p1a: Lucario|Close Combat|p2a: Groudon
|-crit|p2a: Groudon
|-damage|p2a: Groudon|0 fnt
|-unboost|p1a: Lucario|def|1
|-unboost|p1a: Lucario|spd|1
|faint|p2a: Groudon
|-weather|none
|
|upkeep
|
|t:|1663368950
|switch|p2a: Marshadow|Marshadow|100/100
|turn|3
|
|t:|1663368969
|move|p1a: Lucario|Bullet Punch|p2a: Marshadow
|-damage|p2a: Marshadow|64/100
|move|p2a: Marshadow|Spectral Thief|p1a: Lucario
|-damage|p1a: Lucario|0 fnt
|faint|p1a: Lucario
|-damage|p2a: Marshadow|54/100|[from] item: Life Orb
|
|upkeep
|inactive|thicsucttv has 120 seconds left.
|
|t:|1663368992
|switch|p1a: Yveltal|Yveltal|100/100
|-damage|p1a: Yveltal|76/100|[from] Stealth Rock
|-ability|p1a: Yveltal|Dark Aura
|turn|4
|
|t:|1663369009
|move|p2a: Marshadow|Rock Tomb|p1a: Yveltal
|-supereffective|p1a: Yveltal
|-crit|p1a: Yveltal
|-damage|p1a: Yveltal|0 fnt
|faint|p1a: Yveltal
|-damage|p2a: Marshadow|44/100|[from] item: Life Orb
|
|upkeep
|inactive|thicsucttv has 120 seconds left.
|c|☆thicsucttv|Is this a joke?
|
|t:|1663369028
|switch|p1a: Ditto|Ditto|100/100
|-damage|p1a: Ditto|88/100|[from] Stealth Rock
|-transform|p1a: Ditto|p2a: Marshadow|[from] ability: Imposter
|turn|5
|inactive|thicsucttv has 120 seconds left.
|
|t:|1663369038
|move|p1a: Ditto|Shadow Sneak|p2a: Marshadow
|-supereffective|p2a: Marshadow
|-damage|p2a: Marshadow|0 fnt
|faint|p2a: Marshadow
|
|upkeep
|
|t:|1663369044
|switch|p2a: Yveltal|Yveltal|100/100
|-ability|p2a: Yveltal|Dark Aura
|turn|6
|
|t:|1663369049
|switch|p1a: Tyranitar|Tyranitar, M|100/100
|-damage|p1a: Tyranitar|88/100|[from] Stealth Rock
|-weather|Sandstorm|[from] ability: Sand Stream|[of] p1a: Tyranitar
|switch|p2a: Arceus|Arceus|100/100
|
|-weather|Sandstorm|[upkeep]
|-damage|p2a: Arceus|94/100|[from] Sandstorm
|-heal|p1a: Tyranitar|94/100|[from] item: Leftovers
|upkeep
|turn|7
|
|t:|1663369064
|switch|p1a: Marshadow|Marshadow|100/100
|-damage|p1a: Marshadow|94/100|[from] Stealth Rock
|move|p2a: Arceus|Swords Dance|p2a: Arceus
|-boost|p2a: Arceus|atk|2
|
|-weather|Sandstorm|[upkeep]
|-damage|p2a: Arceus|88/100|[from] Sandstorm
|-damage|p1a: Marshadow|88/100|[from] Sandstorm
|upkeep
|turn|8
|j| TaxFraud094
|
|t:|1663369075
|move|p2a: Arceus|Earthquake|p1a: Marshadow
|-damage|p1a: Marshadow|0 fnt
|faint|p1a: Marshadow
|-damage|p2a: Arceus|78/100|[from] item: Life Orb
|
|-weather|Sandstorm|[upkeep]
|-damage|p2a: Arceus|72/100|[from] Sandstorm
|upkeep
|c| TaxFraud094|kick his ass
|
|t:|1663369088
|switch|p1a: Necrozma|Necrozma-Dusk-Mane|100/100
|-damage|p1a: Necrozma|94/100|[from] Stealth Rock
|turn|9
|
|t:|1663369100
|detailschange|p1a: Necrozma|Necrozma-Ultra
|-burst|p1a: Necrozma|Necrozma|Ultranecrozium Z
|move|p1a: Necrozma|Photon Geyser|p2a: Arceus
|-damage|p2a: Arceus|21/100
|move|p2a: Arceus|Earthquake|p1a: Necrozma
|-damage|p1a: Necrozma|11/100
|-damage|p2a: Arceus|11/100|[from] item: Life Orb
|
|-weather|Sandstorm|[upkeep]
|-damage|p1a: Necrozma|5/100|[from] Sandstorm
|-damage|p2a: Arceus|5/100|[from] Sandstorm
|upkeep
|turn|10
|inactive|thicsucttv has 120 seconds left.
|
|t:|1663369115
|move|p2a: Arceus|Extreme Speed|p1a: Necrozma
|-damage|p1a: Necrozma|0 fnt
|faint|p1a: Necrozma
|-damage|p2a: Arceus|0 fnt|[from] item: Life Orb
|faint|p2a: Arceus
|
|-weather|none
|upkeep
|inactive|thicsucttv has 120 seconds left.
|
|t:|1663369133
|switch|p1a: Ditto|Ditto|88/100
|switch|p2a: Rayquaza|Rayquaza|100/100
|-damage|p1a: Ditto|76/100|[from] Stealth Rock
|-transform|p1a: Ditto|p2a: Rayquaza|[from] ability: Imposter
|-ability|p2a: Rayquaza|Air Lock
|turn|11
|inactive|thicsucttv has 120 seconds left.
|
|t:|1663369164
|switch|p2a: Calyrex|Calyrex-Shadow|100/100
|-ability|p2a: Calyrex|As One
|-ability|p2a: Calyrex|Unnerve
|-start|p1a: Ditto|Dynamax|
|-heal|p1a: Ditto|76/100|[silent]
|move|p1a: Ditto|Max Airstream|p2a: Calyrex
|-damage|p2a: Calyrex|0 fnt
|-boost|p1a: Ditto|spe|1
|faint|p2a: Calyrex
|
|upkeep
|inactive|MurderousMantyke has 120 seconds left.
|j| LocalMetagross
|
|t:|1663369189
|switch|p2a: Yveltal|Yveltal|100/100
|-ability|p2a: Yveltal|Dark Aura
|turn|12
|l| LocalMetagross
|
|t:|1663369198
|-start|p2a: Yveltal|Dynamax|
|-heal|p2a: Yveltal|100/100|[silent]
|move|p1a: Ditto|Max Airstream|p2a: Yveltal
|-damage|p2a: Yveltal|63/100
|-boost|p1a: Ditto|spe|1
|move|p2a: Yveltal|Max Darkness|p1a: Ditto
|-damage|p1a: Ditto|0 fnt
|faint|p1a: Ditto
|-damage|p2a: Yveltal|58/100|[from] item: Life Orb
|
|upkeep
|
|t:|1663369213
|switch|p1a: Tyranitar|Tyranitar, M|94/100
|-damage|p1a: Tyranitar|82/100|[from] Stealth Rock
|-weather|Sandstorm|[from] ability: Sand Stream|[of] p1a: Tyranitar
|turn|13
|
|t:|1663369224
|move|p2a: Yveltal|Max Darkness|p1a: Tyranitar
|-resisted|p1a: Tyranitar
|-damage|p1a: Tyranitar|54/100
|-unboost|p1a: Tyranitar|spd|1
|-damage|p2a: Yveltal|53/100|[from] item: Life Orb
|move|p1a: Tyranitar|Stone Edge|p2a: Yveltal
|-supereffective|p2a: Yveltal
|-damage|p2a: Yveltal|9/100
|
|-weather|Sandstorm|[upkeep]
|-damage|p2a: Yveltal|6/100|[from] Sandstorm
|-heal|p1a: Tyranitar|60/100|[from] item: Leftovers
|upkeep
|turn|14
|
|t:|1663369245
|move|p2a: Yveltal|Max Darkness|p1a: Tyranitar
|-resisted|p1a: Tyranitar
|-damage|p1a: Tyranitar|23/100
|-unboost|p1a: Tyranitar|spd|1
|-damage|p2a: Yveltal|1/100|[from] item: Life Orb
|move|p1a: Tyranitar|Pursuit|p2a: Yveltal
|-resisted|p2a: Yveltal
|-damage|p2a: Yveltal|0 fnt
|faint|p2a: Yveltal
|
|-weather|Sandstorm|[upkeep]
|-heal|p1a: Tyranitar|29/100|[from] item: Leftovers
|upkeep
|
|t:|1663369258
|switch|p2a: Rayquaza|Rayquaza|100/100
|-ability|p2a: Rayquaza|Air Lock
|turn|15
|
|t:|1663369262
|move|p2a: Rayquaza|Earthquake|p1a: Tyranitar
|-supereffective|p1a: Tyranitar
|-damage|p1a: Tyranitar|0 fnt
|faint|p1a: Tyranitar
|-damage|p2a: Rayquaza|91/100|[from] item: Life Orb
|
|win|MurderousMantyke
|raw|thicsucttv's rating: 1716 &rarr; <strong>1699</strong><br />(-17 for losing)
|raw|MurderousMantyke's rating: 1775 &rarr; <strong>1792</strong><br />(+17 for winning)
|c|☆MurderousMantyke|gg
|l|☆thicsucttv
||Ladder isn't responding, score probably updated but might not have (Request timeout).
