|j|☆AdamHaziq
|j|☆WindyClout36
|t:|1653849766
|gametype|singles
|player|p1|AdamHaziq|unknown|1437
|player|p2|WindyClout36|birdkeeper|1462
|teamsize|p1|6
|teamsize|p2|6
|gen|8
|tier|[Gen 8] National Dex AG
|rated|
|rule|HP Percentage Mod: HP is shown in percentages
|rule|Endless Battle Clause: Forcing endless battles is banned
|clearpoke
|poke|p1|Smeargle, M|
|poke|p1|Jirachi|
|poke|p1|Togekiss, M|
|poke|p1|Shaymin-Sky|
|poke|p1|Calyrex-Shadow|
|poke|p1|Smeargle, M|
|poke|p2|Deoxys-Speed|
|poke|p2|Thundurus, M|
|poke|p2|Arceus-*|
|poke|p2|Zacian-*|
|poke|p2|Marshadow|
|poke|p2|Calyrex-Shadow|
|teampreview
|inactive|Battle timer is ON: inactive players will automatically lose when time's up. (requested by AdamHaziq)
|
|t:|1653849785
|start
|switch|p1a: Shaymin|Shaymin-Sky|100/100
|switch|p2a: Deoxys|Deoxys-Speed, shiny|100/100
|-ability|p2a: Deoxys|Pressure
|turn|1
|
|t:|1653849790
|move|p1a: Shaymin|Air Slash|p2a: Deoxys
|-damage|p2a: Deoxys|53/100
|cant|p2a: Deoxys|flinch
|
|upkeep
|turn|2
|
|t:|1653849807
|move|p1a: Shaymin|Air Slash|p2a: Deoxys
|-damage|p2a: Deoxys|0 fnt
|faint|p2a: Deoxys
|
|upkeep
|
|t:|1653849811
|switch|p2a: Thundurus|Thundurus, M, shiny|100/100
|turn|3
|
|t:|1653849836
|move|p2a: Thundurus|Thunder Wave|p1a: Shaymin
|-status|p1a: Shaymin|par
|move|p1a: Shaymin|Air Slash|p2a: Thundurus
|-resisted|p2a: Thundurus
|-damage|p2a: Thundurus|77/100
|
|upkeep
|turn|4
|
|t:|1653849846
|move|p1a: Shaymin|Air Slash|p2a: Thundurus
|-resisted|p2a: Thundurus
|-damage|p2a: Thundurus|54/100
|move|p2a: Thundurus|Discharge|p1a: Shaymin
|-damage|p1a: Shaymin|60/100 par
|
|upkeep
|turn|5
|
|t:|1653849851
|cant|p1a: Shaymin|par
|move|p2a: Thundurus|Discharge|p1a: Shaymin
|-damage|p1a: Shaymin|19/100 par
|
|upkeep
|turn|6
|
|t:|1653849856
|move|p1a: Shaymin|Air Slash|p2a: Thundurus
|-resisted|p2a: Thundurus
|-damage|p2a: Thundurus|33/100
|move|p2a: Thundurus|Discharge|p1a: Shaymin
|-damage|p1a: Shaymin|0 fnt
|faint|p1a: Shaymin
|
|upkeep
|
|t:|1653849865
|switch|p1a: Smeargle|Smeargle, M|100/100
|turn|7
|
|t:|1653849870
|move|p2a: Thundurus|Thunder Wave|p1a: Smeargle
|-status|p1a: Smeargle|par
|move|p1a: Smeargle|Spore|p2a: Thundurus
|-status|p2a: Thundurus|slp|[from] move: Spore
|
|-ability|p1a: Smeargle|Moody|boost
|-boost|p1a: Smeargle|atk|2
|-unboost|p1a: Smeargle|def|1
|upkeep
|turn|8
|
|t:|1653849876
|cant|p2a: Thundurus|slp
|move|p1a: Smeargle|Sticky Web|p2a: Thundurus
|-sidestart|p2: WindyClout36|move: Sticky Web
|
|-ability|p1a: Smeargle|Moody|boost
|-boost|p1a: Smeargle|atk|2
|-unboost|p1a: Smeargle|spa|1
|upkeep
|turn|9
|
|t:|1653849880
|cant|p2a: Thundurus|slp
|move|p1a: Smeargle|Shell Smash|p1a: Smeargle
|-unboost|p1a: Smeargle|def|1
|-unboost|p1a: Smeargle|spd|1
|-boost|p1a: Smeargle|atk|2
|-boost|p1a: Smeargle|spa|2
|-boost|p1a: Smeargle|spe|2
|
|-ability|p1a: Smeargle|Moody|boost
|-boost|p1a: Smeargle|spd|2
|-unboost|p1a: Smeargle|def|1
|upkeep
|turn|10
|
|t:|1653849886
|cant|p2a: Thundurus|slp
|cant|p1a: Smeargle|par
|
|-ability|p1a: Smeargle|Moody|boost
|-boost|p1a: Smeargle|spe|2
|-unboost|p1a: Smeargle|spd|1
|upkeep
|turn|11
|
|t:|1653849896
|cant|p1a: Smeargle|par
|-curestatus|p2a: Thundurus|slp|[msg]
|move|p2a: Thundurus|Foul Play|p1a: Smeargle
|-damage|p1a: Smeargle|7/100 par
|
|-ability|p1a: Smeargle|Moody|boost
|-boost|p1a: Smeargle|spe|2
|-unboost|p1a: Smeargle|def|1
|upkeep
|turn|12
|
|t:|1653849912
|move|p2a: Thundurus|Defog|p1a: Smeargle
|-unboost|p1a: Smeargle|evasion|1
|-sideend|p2: WindyClout36|Sticky Web|[from] move: Defog|[of] p2a: Thundurus
|move|p1a: Smeargle|Spore|p2a: Thundurus
|-status|p2a: Thundurus|slp|[from] move: Spore
|
|-ability|p1a: Smeargle|Moody|boost
|-boost|p1a: Smeargle|spa|2
|-unboost|p1a: Smeargle|def|1
|upkeep
|turn|13
|
|t:|1653849922
|cant|p1a: Smeargle|par
|cant|p2a: Thundurus|slp
|
|-ability|p1a: Smeargle|Moody|boost
|-boost|p1a: Smeargle|spa|2
|-unboost|p1a: Smeargle|atk|1
|upkeep
|turn|14
|
|t:|1653849926
|move|p1a: Smeargle|Sticky Web|p2a: Thundurus
|-sidestart|p2: WindyClout36|move: Sticky Web
|-curestatus|p2a: Thundurus|slp|[msg]
|move|p2a: Thundurus|Foul Play|p1a: Smeargle
|-damage|p1a: Smeargle|0 fnt
|faint|p1a: Smeargle
|
|upkeep
|
|t:|1653849931
|switch|p1a: Smeargle|Smeargle, M|100/100
|turn|15
|
|t:|1653849937
|move|p2a: Thundurus|Thunder Wave|p1a: Smeargle|[miss]
|-miss|p2a: Thundurus|p1a: Smeargle
|move|p1a: Smeargle|Spore|p2a: Thundurus
|-status|p2a: Thundurus|slp|[from] move: Spore
|
|-ability|p1a: Smeargle|Moody|boost
|-boost|p1a: Smeargle|atk|2
|-unboost|p1a: Smeargle|def|1
|upkeep
|turn|16
|
|t:|1653849942
|move|p1a: Smeargle|Substitute|p1a: Smeargle
|-start|p1a: Smeargle|Substitute
|-damage|p1a: Smeargle|76/100
|cant|p2a: Thundurus|slp
|
|-heal|p1a: Smeargle|82/100|[from] item: Leftovers
|-ability|p1a: Smeargle|Moody|boost
|-boost|p1a: Smeargle|spd|2
|-unboost|p1a: Smeargle|atk|1
|upkeep
|turn|17
|
|t:|1653849947
|move|p1a: Smeargle|Shell Smash|p1a: Smeargle
|-unboost|p1a: Smeargle|def|1
|-unboost|p1a: Smeargle|spd|1
|-boost|p1a: Smeargle|atk|2
|-boost|p1a: Smeargle|spa|2
|-boost|p1a: Smeargle|spe|2
|cant|p2a: Thundurus|slp
|
|-heal|p1a: Smeargle|88/100|[from] item: Leftovers
|-ability|p1a: Smeargle|Moody|boost
|-boost|p1a: Smeargle|spa|2
|-unboost|p1a: Smeargle|atk|1
|upkeep
|turn|18
|
|t:|1653849950
|move|p1a: Smeargle|Power Trip|p2a: Thundurus
|-damage|p2a: Thundurus|6/100 slp
|cant|p2a: Thundurus|slp
|
|-heal|p1a: Smeargle|94/100|[from] item: Leftovers
|-ability|p1a: Smeargle|Moody|boost
|-boost|p1a: Smeargle|spa|2
|-unboost|p1a: Smeargle|spe|1
|upkeep
|turn|19
|
|t:|1653849958
|-curestatus|p2a: Thundurus|slp|[msg]
|move|p2a: Thundurus|Defog|p1a: Smeargle
|-sideend|p2: WindyClout36|Sticky Web|[from] move: Defog|[of] p2a: Thundurus
|move|p1a: Smeargle|Power Trip|p2a: Thundurus
|-damage|p2a: Thundurus|0 fnt
|faint|p2a: Thundurus
|
|-heal|p1a: Smeargle|99/100|[from] item: Leftovers
|-ability|p1a: Smeargle|Moody|boost
|-boost|p1a: Smeargle|def|2
|-unboost|p1a: Smeargle|atk|1
|upkeep
|
|t:|1653849963
|switch|p2a: Calyrex|Calyrex-Shadow|100/100
|-ability|p2a: Calyrex|As One
|-ability|p2a: Calyrex|Unnerve
|turn|20
|
|t:|1653849968
|-start|p2a: Calyrex|Dynamax|
|-heal|p2a: Calyrex|100/100|[silent]
|move|p2a: Calyrex|Max Starfall|p1a: Smeargle
|-end|p1a: Smeargle|Substitute
|-fieldstart|move: Misty Terrain
|move|p1a: Smeargle|Spore|p2a: Calyrex
|-activate|p2a: Calyrex|move: Misty Terrain
|
|-heal|p1a: Smeargle|100/100|[from] item: Leftovers
|-ability|p1a: Smeargle|Moody|boost
|-boost|p1a: Smeargle|atk|2
|-unboost|p1a: Smeargle|spe|1
|upkeep
|turn|21
|
|t:|1653849972
|move|p2a: Calyrex|Max Starfall|p1a: Smeargle
|-damage|p1a: Smeargle|41/100
|move|p1a: Smeargle|Power Trip|p2a: Calyrex
|-supereffective|p2a: Calyrex
|-damage|p2a: Calyrex|1/100
|
|-heal|p1a: Smeargle|47/100|[from] item: Leftovers
|-ability|p1a: Smeargle|Moody|boost
|-boost|p1a: Smeargle|def|2
|-unboost|p1a: Smeargle|spe|1
|upkeep
|turn|22
|
|t:|1653849983
|move|p2a: Calyrex|Max Starfall|p1a: Smeargle
|-damage|p1a: Smeargle|0 fnt
|faint|p1a: Smeargle
|-ability|p2a: Calyrex|Grim Neigh|boost
|-boost|p2a: Calyrex|spa|1
|
|upkeep
|
|t:|1653849986
|switch|p1a: Togekiss|Togekiss, M|100/100
|-end|p2a: Calyrex|Dynamax
|-heal|p2a: Calyrex|1/100|[silent]
|turn|23
|
|t:|1653849993
|move|p2a: Calyrex|Astral Barrage|p1a: Togekiss
|-enditem|p1a: Togekiss|Focus Sash
|-damage|p1a: Togekiss|1/100
|move|p1a: Togekiss|Ancient Power|p2a: Calyrex
|-damage|p2a: Calyrex|0 fnt
|faint|p2a: Calyrex
|
|upkeep
|
|t:|1653849999
|switch|p2a: Zacian|Zacian-Crowned|100/100
|-ability|p2a: Zacian|Intrepid Sword|boost
|-boost|p2a: Zacian|atk|1
|turn|24
|
|t:|1653850003
|move|p2a: Zacian|Behemoth Blade|p1a: Togekiss
|-supereffective|p1a: Togekiss
|-damage|p1a: Togekiss|0 fnt
|faint|p1a: Togekiss
|
|-fieldend|Misty Terrain
|upkeep
|
|t:|1653850014
|switch|p1a: Calyrex|Calyrex-Shadow|100/100
|-ability|p1a: Calyrex|As One
|-ability|p1a: Calyrex|Unnerve
|turn|25
|
|t:|1653850021
|move|p1a: Calyrex|Astral Barrage|p2a: Zacian
|-damage|p2a: Zacian|34/100
|move|p2a: Zacian|Behemoth Blade|p1a: Calyrex
|-damage|p1a: Calyrex|0 fnt
|faint|p1a: Calyrex
|
|upkeep
|
|t:|1653850024
|switch|p1a: Jirachi|Jirachi|100/100
|turn|26
|
|t:|1653850029
|move|p2a: Zacian|Close Combat|p1a: Jirachi
|-crit|p1a: Jirachi
|-damage|p1a: Jirachi|0 fnt
|-unboost|p2a: Zacian|def|1
|-unboost|p2a: Zacian|spd|1
|faint|p1a: Jirachi
|
|win|WindyClout36
|raw|AdamHaziq's rating: 1437 &rarr; <strong>1418</strong><br />(-19 for losing)
|raw|WindyClout36's rating: 1462 &rarr; <strong>1481</strong><br />(+19 for winning)
|l|☆AdamHaziq
