|j|☆BigDuckie
|j|☆Pkmn3443
|t:|1617828366
|gametype|singles
|player|p1|BigDuckie|clair|1582
|player|p2|Pkmn3443|265|1893
|teamsize|p1|6
|teamsize|p2|6
|gen|8
|tier|[Gen 8] National Dex AG
|rated|
|clearpoke
|poke|p1|Zacian-Crowned|
|poke|p1|Rayquaza|
|poke|p1|Calyrex-Shadow|
|poke|p1|Necrozma-Dusk-Mane|
|poke|p1|Yveltal|
|poke|p1|Ditto|
|poke|p2|Zacian-Crowned|
|poke|p2|Necrozma-Dusk-Mane|
|poke|p2|Ditto|
|poke|p2|Ho-Oh|
|poke|p2|Rayquaza|
|poke|p2|Yveltal|
|rule|HP Percentage Mod: HP is shown in percentages
|rule|Endless Battle Clause: Forcing endless battles is banned
|teampreview
|inactive|Battle timer is ON: inactive players will automatically lose when time's up. (requested by BigDuckie)
|
|t:|1617828386
|start
|switch|p1a: Calyrex|Calyrex-Shadow|100/100
|switch|p2a: Ho-Oh|Ho-Oh|100/100
|-ability|p1a: Calyrex|As One
|-ability|p1a: Calyrex|Unnerve
|turn|1
|
|t:|1617828391
|move|p1a: Calyrex|Trick|p2a: Ho-Oh
|-activate|p1a: Calyrex|move: Trick|[of] p2a: Ho-Oh
|-item|p2a: Ho-Oh|Choice Specs|[from] move: Trick
|-item|p1a: Calyrex|Heavy-Duty Boots|[from] move: Trick
|move|p2a: Ho-Oh|Sacred Fire|p1a: Calyrex
|-damage|p1a: Calyrex|49/100
|-status|p1a: Calyrex|brn
|
|-damage|p1a: Calyrex|43/100 brn|[from] brn
|upkeep
|turn|2
|j| XG0LD
|
|t:|1617828405
|switch|p1a: Necrozma|Necrozma-Dusk-Mane|100/100
|move|p2a: Ho-Oh|Sacred Fire|p1a: Necrozma
|-supereffective|p1a: Necrozma
|-damage|p1a: Necrozma|66/100
|-status|p1a: Necrozma|brn
|
|-damage|p1a: Necrozma|60/100 brn|[from] brn
|upkeep
|turn|3
|
|t:|1617828416
|switch|p2a: Necrozma|Necrozma-Dusk-Mane|100/100
|move|p1a: Necrozma|Toxic|p2a: Necrozma|[miss]
|-miss|p1a: Necrozma|p2a: Necrozma
|
|-damage|p1a: Necrozma|54/100 brn|[from] brn
|upkeep
|turn|4
|c| XG0LD|who's winning?
|
|t:|1617828423
|move|p1a: Necrozma|Moonlight|p1a: Necrozma
|-heal|p1a: Necrozma|100/100 brn
|move|p2a: Necrozma|Stealth Rock|p1a: Necrozma
|-sidestart|p1: BigDuckie|move: Stealth Rock
|
|-damage|p1a: Necrozma|94/100 brn|[from] brn
|upkeep
|turn|5
|c|☆Pkmn3443|idk
|
|t:|1617828432
|move|p1a: Necrozma|Stealth Rock|p2a: Necrozma
|-sidestart|p2: Pkmn3443|move: Stealth Rock
|move|p2a: Necrozma|Knock Off|p1a: Necrozma
|-supereffective|p1a: Necrozma
|-damage|p1a: Necrozma|68/100 brn
|-damage|p2a: Necrozma|84/100|[from] item: Rocky Helmet|[of] p1a: Necrozma
|-enditem|p1a: Necrozma|Rocky Helmet|[from] move: Knock Off|[of] p2a: Necrozma
|
|-damage|p1a: Necrozma|62/100 brn|[from] brn
|upkeep
|turn|6
|c| XG0LD|looks like you are, Pkmn
|c|☆BigDuckie|the other guy is winning
|c|☆BigDuckie|yea not me
|c|☆Pkmn3443|maybe
|
|t:|1617828454
|move|p2a: Necrozma|Knock Off|p1a: Necrozma
|-supereffective|p1a: Necrozma
|-damage|p1a: Necrozma|42/100 brn
|move|p1a: Necrozma|Moonlight|p1a: Necrozma
|-heal|p1a: Necrozma|92/100 brn
|
|-damage|p1a: Necrozma|86/100 brn|[from] brn
|upkeep
|turn|7
|c| XG0LD|you guys wanna see something cool?
|c|☆BigDuckie|?
|c|☆Pkmn3443|oh
|inactiveoff|Battle timer is now OFF.
|c| XG0LD|type /afd
|c|☆BigDuckie|oh that
|c|☆BigDuckie|i do that all the time
|c|☆Pkmn3443|?
|c|☆BigDuckie|./afd on if you will
|c| XG0LD|It's cool, you should try it
|
|t:|1617828504
|switch|p1a: Yveltal|Yveltal|100/100
|-damage|p1a: Yveltal|76/100|[from] Stealth Rock
|-ability|p1a: Yveltal|Dark Aura
|move|p2a: Necrozma|Knock Off|p1a: Yveltal
|-resisted|p1a: Yveltal
|-damage|p1a: Yveltal|55/100
|-enditem|p1a: Yveltal|Life Orb|[from] move: Knock Off|[of] p2a: Necrozma
|
|upkeep
|turn|8
|j| Makaai(pokechamp)
|
|t:|1617828521
|switch|p2a: Zacian|Zacian-Crowned|100/100
|-damage|p2a: Zacian|94/100|[from] Stealth Rock
|-ability|p2a: Zacian|Intrepid Sword|boost
|-boost|p2a: Zacian|atk|1
|-start|p1a: Yveltal|Dynamax
|-heal|p1a: Yveltal|55/100|[silent]
|move|p1a: Yveltal|Max Airstream|p2a: Zacian
|-resisted|p2a: Zacian
|-damage|p2a: Zacian|62/100
|-boost|p1a: Yveltal|spe|1
|
|upkeep
|turn|9
|
|t:|1617828529
|switch|p2a: Ho-Oh|Ho-Oh|100/100
|-damage|p2a: Ho-Oh|51/100|[from] Stealth Rock
|move|p1a: Yveltal|Max Flare|p2a: Ho-Oh
|-resisted|p2a: Ho-Oh
|-damage|p2a: Ho-Oh|39/100
|-weather|SunnyDay
|
|-weather|SunnyDay|[upkeep]
|upkeep
|turn|10
|c|☆BigDuckie|eh it gets a bit annoying after a while
|c| XG0LD|That's true
|
|t:|1617828544
|switch|p2a: Zacian|Zacian-Crowned|62/100
|-damage|p2a: Zacian|56/100|[from] Stealth Rock
|-ability|p2a: Zacian|Intrepid Sword|boost
|-boost|p2a: Zacian|atk|1
|move|p1a: Yveltal|Max Airstream|p2a: Zacian
|-resisted|p2a: Zacian
|-damage|p2a: Zacian|24/100
|-boost|p1a: Yveltal|spe|1
|
|-weather|SunnyDay|[upkeep]
|-end|p1a: Yveltal|Dynamax
|-heal|p1a: Yveltal|55/100|[silent]
|upkeep
|turn|11
|
|t:|1617828564
|move|p1a: Yveltal|Heat Wave|p2a: Zacian
|-supereffective|p2a: Zacian
|-crit|p2a: Zacian
|-damage|p2a: Zacian|0 fnt
|faint|p2a: Zacian
|
|-weather|SunnyDay|[upkeep]
|upkeep
|c| XG0LD|beginning of a comeback?
|
|t:|1617828574
|switch|p2a: Yveltal|Yveltal|100/100
|-damage|p2a: Yveltal|76/100|[from] Stealth Rock
|-ability|p2a: Yveltal|Dark Aura
|turn|12
|c|☆BigDuckie|also there's a easter egg for yveltal
|c|☆Pkmn3443|yeah
|c|☆BigDuckie|it's cute
|
|t:|1617828596
|-start|p2a: Yveltal|Dynamax
|-heal|p2a: Yveltal|76/100|[silent]
|move|p1a: Yveltal|Oblivion Wing|p2a: Yveltal
|-damage|p2a: Yveltal|56/100
|-heal|p1a: Yveltal|85/100|[from] drain|[of] p2a: Yveltal
|move|p2a: Yveltal|Max Airstream|p1a: Yveltal
|-damage|p1a: Yveltal|13/100
|-boost|p2a: Yveltal|spe|1
|-damage|p2a: Yveltal|51/100|[from] item: Life Orb
|
|-weather|SunnyDay|[upkeep]
|upkeep
|turn|13
|
|t:|1617828600
|move|p1a: Yveltal|Oblivion Wing|p2a: Yveltal
|-damage|p2a: Yveltal|33/100
|-heal|p1a: Yveltal|39/100|[from] drain|[of] p2a: Yveltal
|move|p2a: Yveltal|Max Airstream|p1a: Yveltal
|-damage|p1a: Yveltal|0 fnt
|-boost|p2a: Yveltal|spe|1
|-damage|p2a: Yveltal|28/100|[from] item: Life Orb
|faint|p1a: Yveltal
|
|-weather|none
|upkeep
|
|t:|1617828614
|switch|p1a: Necrozma|Necrozma-Dusk-Mane|86/100 brn
|-damage|p1a: Necrozma|80/100 brn|[from] Stealth Rock
|turn|14
|
|t:|1617828623
|move|p2a: Yveltal|Max Flare|p1a: Necrozma
|-supereffective|p1a: Necrozma
|-damage|p1a: Necrozma|11/100 brn
|-weather|SunnyDay
|-damage|p2a: Yveltal|24/100|[from] item: Life Orb
|move|p1a: Necrozma|Sunsteel Strike|p2a: Yveltal
|-damage|p2a: Yveltal|11/100
|
|-weather|SunnyDay|[upkeep]
|-damage|p1a: Necrozma|5/100 brn|[from] brn
|-end|p2a: Yveltal|Dynamax
|-heal|p2a: Yveltal|11/100|[silent]
|upkeep
|turn|15
|c| XG0LD|Dynamaxed Yveltal is a menace
|
|t:|1617828629
|move|p2a: Yveltal|Oblivion Wing|p1a: Necrozma
|-resisted|p1a: Necrozma
|-crit|p1a: Necrozma
|-damage|p1a: Necrozma|0 fnt
|-heal|p2a: Yveltal|14/100|[from] drain|[of] p1a: Necrozma
|-damage|p2a: Yveltal|4/100|[from] item: Life Orb
|faint|p1a: Necrozma
|
|-weather|SunnyDay|[upkeep]
|upkeep
|c|☆BigDuckie|yeah
|
|t:|1617828637
|switch|p1a: Ditto|Ditto|100/100
|-damage|p1a: Ditto|88/100|[from] Stealth Rock
|-transform|p1a: Ditto|p2a: Yveltal|[from] ability: Imposter
|-ability|p1a: Ditto|Dark Aura
|turn|16
|c| Makaai(pokechamp)|It hits super hard with stab dark
|c| XG0LD|You can't even destiny bond it
|c|☆BigDuckie|dude another one
|
|t:|1617828661
|move|p1a: Ditto|Knock Off|p2a: Yveltal
|-resisted|p2a: Yveltal
|-damage|p2a: Yveltal|0 fnt
|-enditem|p2a: Yveltal|Life Orb|[from] move: Knock Off|[of] p1a: Ditto
|faint|p2a: Yveltal
|
|-weather|SunnyDay|[upkeep]
|upkeep
|c| Makaai(pokechamp)|Yelp
|
|t:|1617828666
|switch|p2a: Necrozma|Necrozma-Dusk-Mane|84/100
|-damage|p2a: Necrozma|78/100|[from] Stealth Rock
|turn|17
|c|☆BigDuckie|y
|c| XG0LD|Because
|c|☆BigDuckie|y
|
|t:|1617828679
|move|p1a: Ditto|Knock Off|p2a: Necrozma
|-supereffective|p2a: Necrozma
|-crit|p2a: Necrozma
|-damage|p2a: Necrozma|7/100
|-damage|p1a: Ditto|72/100|[from] item: Rocky Helmet|[of] p2a: Necrozma
|-enditem|p2a: Necrozma|Rocky Helmet|[from] move: Knock Off|[of] p1a: Ditto
|move|p2a: Necrozma|Morning Sun|p2a: Necrozma
|-heal|p2a: Necrozma|73/100
|
|-weather|SunnyDay|[upkeep]
|upkeep
|turn|18
|c| Makaai(pokechamp)|For entertainment purposes
|
|t:|1617828691
|switch|p1a: Mega Snek|Rayquaza|100/100
|-damage|p1a: Mega Snek|76/100|[from] Stealth Rock
|-ability|p1a: Mega Snek|Air Lock
|move|p2a: Necrozma|Morning Sun|p2a: Necrozma
|-heal|p2a: Necrozma|100/100
|
|-weather|none
|upkeep
|turn|19
|c| XG0LD|How would you like it if you made your pokemon big and then have it fall into a cheap trap?
|j| DanielRiodani
|
|t:|1617828716
|detailschange|p1a: Mega Snek|Rayquaza-Mega
|-mega|p1a: Mega Snek|Rayquaza|
|-weather|DeltaStream|[from] ability: Delta Stream|[of] p1a: Mega Snek
|move|p1a: Mega Snek|Dragon Dance|p1a: Mega Snek
|-boost|p1a: Mega Snek|atk|1
|-boost|p1a: Mega Snek|spe|1
|move|p2a: Necrozma|Sunsteel Strike|p1a: Mega Snek
|-damage|p1a: Mega Snek|25/100
|
|-weather|DeltaStream|[upkeep]
|upkeep
|turn|20
|c|☆BigDuckie|oh goddamn it
|c| Makaai(pokechamp)|Salt will fall down like a waterfall then
|
|t:|1617828730
|switch|p2a: Ho-Oh|Ho-Oh|72/100
|-damage|p2a: Ho-Oh|23/100|[from] Stealth Rock
|move|p1a: Mega Snek|V-create|p2a: Ho-Oh
|-resisted|p2a: Ho-Oh
|-damage|p2a: Ho-Oh|0 fnt
|-unboost|p1a: Mega Snek|spe|1
|-unboost|p1a: Mega Snek|def|1
|-unboost|p1a: Mega Snek|spd|1
|faint|p2a: Ho-Oh
|
|-weather|DeltaStream|[upkeep]
|upkeep
|
|t:|1617828738
|switch|p2a: Ditto|Ditto|100/100
|-damage|p2a: Ditto|88/100|[from] Stealth Rock
|-transform|p2a: Ditto|p1a: Mega Snek|[from] ability: Imposter
|turn|21
|j| dhfss
|
|t:|1617828745
|switch|p1a: Calyrex|Calyrex-Shadow|43/100 brn
|-ability|p1a: Calyrex|As One
|-ability|p1a: Calyrex|Unnerve
|move|p2a: Ditto|Extreme Speed|p1a: Calyrex
|-immune|p1a: Calyrex
|
|-weather|DeltaStream|[upkeep]
|-damage|p1a: Calyrex|37/100 brn|[from] brn
|upkeep
|turn|22
|
|t:|1617828761
|-weather|none
|switch|p2a: Rayquaza|Rayquaza|100/100
|-damage|p2a: Rayquaza|76/100|[from] Stealth Rock
|-ability|p2a: Rayquaza|Air Lock
|move|p1a: Calyrex|Astral Barrage|p2a: Rayquaza
|-damage|p2a: Rayquaza|0 fnt
|faint|p2a: Rayquaza
|-ability|p1a: Calyrex|Grim Neigh|boost
|-boost|p1a: Calyrex|spa|1
|
|-damage|p1a: Calyrex|31/100 brn|[from] brn
|upkeep
|
|t:|1617828764
|switch|p2a: Ditto|Ditto|88/100
|-damage|p2a: Ditto|76/100|[from] Stealth Rock
|-transform|p2a: Ditto|p1a: Calyrex|[from] ability: Imposter
|turn|23
|l| dhfss
|
|t:|1617828778
|switch|p1a: Ditto|Ditto|72/100
|-damage|p1a: Ditto|59/100|[from] Stealth Rock
|move|p2a: Ditto|Psyshock|p1a: Ditto
|-damage|p1a: Ditto|0 fnt
|faint|p1a: Ditto
|-ability|p2a: Ditto|Grim Neigh|boost
|-boost|p2a: Ditto|spa|1
|
|upkeep
|
|t:|1617828781
|switch|p1a: Sword Doggo|Zacian-Crowned|100/100
|-damage|p1a: Sword Doggo|94/100|[from] Stealth Rock
|-ability|p1a: Sword Doggo|Intrepid Sword|boost
|-boost|p1a: Sword Doggo|atk|1
|turn|24
|
|t:|1617828793
|switch|p2a: Necrozma|Necrozma-Dusk-Mane|100/100
|-damage|p2a: Necrozma|94/100|[from] Stealth Rock
|move|p1a: Sword Doggo|Behemoth Blade|p2a: Necrozma
|-resisted|p2a: Necrozma
|-damage|p2a: Necrozma|67/100
|
|upkeep
|turn|25
|
|t:|1617828798
|move|p1a: Sword Doggo|Close Combat|p2a: Necrozma
|-damage|p2a: Necrozma|21/100
|-unboost|p1a: Sword Doggo|def|1
|-unboost|p1a: Sword Doggo|spd|1
|move|p2a: Necrozma|Morning Sun|p2a: Necrozma
|-heal|p2a: Necrozma|71/100
|
|upkeep
|turn|26
|
|t:|1617828811
|switch|p1a: Mega Snek|Rayquaza-Mega|25/100
|-damage|p1a: Mega Snek|0 fnt|[from] Stealth Rock
|faint|p1a: Mega Snek
|move|p2a: Necrozma|Sunsteel Strike|p1: Mega Snek|[notarget]
|-fail|p2a: Necrozma
|
|upkeep
|
|t:|1617828813
|switch|p1a: Calyrex|Calyrex-Shadow|31/100 brn
|-ability|p1a: Calyrex|As One
|-ability|p1a: Calyrex|Unnerve
|turn|27
|c| XG0LD|this is pretty close
|c|☆BigDuckie|yeah
|c|☆BigDuckie|i lose anyway
|c| XG0LD|but I think ditto will win pkmn the match
|
|t:|1617828827
|move|p1a: Calyrex|Astral Barrage|p2a: Necrozma
|-supereffective|p2a: Necrozma
|-damage|p2a: Necrozma|0 fnt
|faint|p2a: Necrozma
|-ability|p1a: Calyrex|Grim Neigh|boost
|-boost|p1a: Calyrex|spa|1
|
|-damage|p1a: Calyrex|25/100 brn|[from] brn
|upkeep
|
|t:|1617828836
|switch|p2a: Ditto|Ditto|76/100
|-damage|p2a: Ditto|63/100|[from] Stealth Rock
|-transform|p2a: Ditto|p1a: Calyrex|[from] ability: Imposter
|turn|28
|
|t:|1617828842
|move|p2a: Ditto|Astral Barrage|p1a: Calyrex
|-supereffective|p1a: Calyrex
|-damage|p1a: Calyrex|0 fnt
|faint|p1a: Calyrex
|-ability|p2a: Ditto|Grim Neigh|boost
|-boost|p2a: Ditto|spa|1
|
|upkeep
|
|t:|1617828844
|switch|p1a: Sword Doggo|Zacian-Crowned|94/100
|-damage|p1a: Sword Doggo|88/100|[from] Stealth Rock
|-ability|p1a: Sword Doggo|Intrepid Sword|boost
|-boost|p1a: Sword Doggo|atk|1
|turn|29
|c|☆BigDuckie|gg
|j| Beatboxing_Phantom
|
|t:|1617828853
|move|p2a: Ditto|Astral Barrage|p1a: Sword Doggo
|-damage|p1a: Sword Doggo|0 fnt
|faint|p1a: Sword Doggo
|
|win|Pkmn3443
|raw|BigDuckie's rating: 1582 &rarr; <strong>1576</strong><br />(-6 for losing)
|raw|Pkmn3443's rating: 1894 &rarr; <strong>1900</strong><br />(+6 for winning)
|c| Beatboxing_Phantom|sup
|c|☆Pkmn3443|gg
|c|☆Pkmn3443|hi
|c| XG0LD|wow!
