|j|☆hpl1950
|j|☆dividing by 0
|t:|1655004979
|gametype|singles
|player|p1|hpl1950|hilda-wonderlauncher|1547
|player|p2|dividing by 0|pokemaniac|1610
|teamsize|p1|6
|teamsize|p2|6
|gen|8
|tier|[Gen 8] National Dex AG
|rated|
|rule|HP Percentage Mod: HP is shown in percentages
|rule|Endless Battle Clause: Forcing endless battles is banned
|clearpoke
|poke|p1|Breloom, M|
|poke|p1|Krookodile, M|
|poke|p1|Whimsicott, F|
|poke|p1|Groudon|
|poke|p1|Zacian-*|
|poke|p1|Ditto|
|poke|p2|Kyurem-White|
|poke|p2|Ditto|
|poke|p2|Kyurem|
|poke|p2|Kyurem|
|poke|p2|Kyurem|
|poke|p2|Kyurem|
|teampreview
|j| Flashybee
|
|t:|1655005015
|start
|switch|p1a: Whimsicott|Whimsicott, F|100/100
|switch|p2a: Kyurem|Kyurem-White|100/100
|-ability|p2a: Kyurem|Turboblaze
|turn|1
|
|t:|1655005022
|move|p1a: Whimsicott|Substitute|p1a: Whimsicott
|-start|p1a: Whimsicott|Substitute
|-damage|p1a: Whimsicott|76/100
|move|p2a: Kyurem|Ice Beam|p1a: Whimsicott
|-supereffective|p1a: Whimsicott
|-end|p1a: Whimsicott|Substitute
|
|-heal|p1a: Whimsicott|82/100|[from] item: Leftovers
|upkeep
|turn|2
|
|t:|1655005025
|move|p1a: Whimsicott|Encore|p2a: Kyurem
|-start|p2a: Kyurem|Encore
|move|p2a: Kyurem|Ice Beam|p1a: Whimsicott
|-supereffective|p1a: Whimsicott
|-damage|p1a: Whimsicott|0 fnt
|faint|p1a: Whimsicott
|
|upkeep
|
|t:|1655005032
|switch|p1a: Zacian|Zacian-Crowned|100/100
|-ability|p1a: Zacian|Intrepid Sword|boost
|-boost|p1a: Zacian|atk|1
|turn|3
|
|t:|1655005044
|switch|p2a: Kyurem|Kyurem|100/100
|-ability|p2a: Kyurem|Pressure
|move|p1a: Zacian|Behemoth Blade|p2a: Kyurem
|-supereffective|p2a: Kyurem
|-damage|p2a: Kyurem|0 fnt
|faint|p2a: Kyurem
|
|upkeep
|
|t:|1655005054
|switch|p2a: Ditto|Ditto|100/100
|-transform|p2a: Ditto|p1a: Zacian|[from] ability: Imposter
|-ability|p2a: Ditto|Intrepid Sword|boost
|-boost|p2a: Ditto|atk|1
|turn|4
|
|t:|1655005058
|move|p1a: Zacian|Behemoth Blade|p2a: Ditto
|-damage|p2a: Ditto|0 fnt
|faint|p2a: Ditto
|
|upkeep
|
|t:|1655005071
|switch|p2a: Kyurem|Kyurem|100/100
|-ability|p2a: Kyurem|Pressure
|turn|5
|
|t:|1655005074
|move|p2a: Kyurem|Sheer Cold|p1a: Zacian|[miss]
|-miss|p2a: Kyurem|p1a: Zacian
|move|p1a: Zacian|Behemoth Blade|p2a: Kyurem
|-supereffective|p2a: Kyurem
|-damage|p2a: Kyurem|0 fnt
|faint|p2a: Kyurem
|
|upkeep
|
|t:|1655005078
|switch|p2a: Kyurem|Kyurem|100/100
|-ability|p2a: Kyurem|Pressure
|turn|6
|
|t:|1655005083
|move|p2a: Kyurem|Sheer Cold|p1a: Zacian|[miss]
|-miss|p2a: Kyurem|p1a: Zacian
|move|p1a: Zacian|Behemoth Blade|p2a: Kyurem
|-supereffective|p2a: Kyurem
|-damage|p2a: Kyurem|0 fnt
|faint|p2a: Kyurem
|
|upkeep
|
|t:|1655005089
|switch|p2a: Kyurem|Kyurem|100/100
|-ability|p2a: Kyurem|Pressure
|turn|7
|
|t:|1655005095
|move|p1a: Zacian|Behemoth Blade|p2a: Kyurem
|-supereffective|p2a: Kyurem
|-crit|p2a: Kyurem
|-damage|p2a: Kyurem|0 fnt
|faint|p2a: Kyurem
|
|upkeep
|
|t:|1655005098
|switch|p2a: Kyurem|Kyurem-White|100/100
|-ability|p2a: Kyurem|Turboblaze
|turn|8
|
|t:|1655005100
|move|p1a: Zacian|Close Combat|p2a: Kyurem
|-supereffective|p2a: Kyurem
|-damage|p2a: Kyurem|0 fnt
|-unboost|p1a: Zacian|def|1
|-unboost|p1a: Zacian|spd|1
|faint|p2a: Kyurem
|
|win|hpl1950
|raw|hpl1950's rating: 1547 &rarr; <strong>1571</strong><br />(+24 for winning)
|raw|dividing by 0's rating: 1610 &rarr; <strong>1586</strong><br />(-24 for losing)
|j| Apprenti Buck
|l| Flashybee
|l|☆dividing by 0
||Ladder isn't responding, score probably updated but might not have (Request timeout).
|l| Apprenti Buck
