|j|☆LocalMetagross
|j|‽Mario60866iPod13
|t:|1666407438
|gametype|singles
|player|p1|LocalMetagross|akari|1670
|player|p2|Mario60866iPod13|may|1534
|teamsize|p1|6
|teamsize|p2|6
|gen|8
|tier|[Gen 8] National Dex AG
|rated|
|rule|HP Percentage Mod: HP is shown in percentages
|rule|Endless Battle Clause: Forcing endless battles is banned
|clearpoke
|poke|p1|Deoxys-Speed|
|poke|p1|Xerneas-*|
|poke|p1|Marshadow|
|poke|p1|Calyrex-Shadow|
|poke|p1|Yveltal|
|poke|p1|Celesteela|
|poke|p2|Kyurem-Black|
|poke|p2|Zygarde|
|poke|p2|Giratina-Origin|
|poke|p2|Eternatus|
|poke|p2|Necrozma-Dawn-Wings|
|poke|p2|Rayquaza|
|teampreview
|inactive|Battle timer is ON: inactive players will automatically lose when time's up. (requested by LocalMetagross)
|j| LocalMarshadow
|
|t:|1666407460
|start
|switch|p1a: Panama|Deoxys-Speed|100/100
|switch|p2a: Zygarde|Zygarde|100/100
|-ability|p1a: Panama|Pressure
|turn|1
|
|t:|1666407464
|move|p1a: Panama|Stealth Rock|p2a: Zygarde
|-sidestart|p2: Mario60866iPod13|move: Stealth Rock
|move|p2a: Zygarde|Coil|p2a: Zygarde
|-boost|p2a: Zygarde|atk|1
|-boost|p2a: Zygarde|def|1
|-boost|p2a: Zygarde|accuracy|1
|
|upkeep
|turn|2
|
|t:|1666407471
|-start|p2a: Zygarde|Dynamax|
|-heal|p2a: Zygarde|100/100|[silent]
|move|p1a: Panama|Taunt|p2a: Zygarde
|-start|p2a: Zygarde|move: Taunt
|move|p2a: Zygarde|Max Quake|p1a: Panama
|-enditem|p1a: Panama|Focus Sash
|-damage|p1a: Panama|1/100
|-boost|p2a: Zygarde|spd|1
|
|upkeep
|turn|3
|
|t:|1666407481
|move|p1a: Panama|Spikes|p2a: Zygarde
|-sidestart|p2: Mario60866iPod13|Spikes
|move|p2a: Zygarde|Max Quake|p1a: Panama
|-damage|p1a: Panama|0 fnt
|-boost|p2a: Zygarde|spd|1
|faint|p1a: Panama
|
|upkeep
|
|t:|1666407485
|switch|p1a: Holier Than Thou|Xerneas|100/100
|-ability|p1a: Holier Than Thou|Fairy Aura
|turn|4
|
|t:|1666407489
|switch|p1a: Back in Black|Yveltal|100/100
|-ability|p1a: Back in Black|Dark Aura
|move|p2a: Zygarde|Max Quake|p1a: Back in Black
|-immune|p1a: Back in Black
|
|-end|p2a: Zygarde|move: Taunt
|upkeep
|-end|p2a: Zygarde|Dynamax
|-heal|p2a: Zygarde|100/100|[silent]
|turn|5
|
|t:|1666407492
|move|p1a: Back in Black|Taunt|p2a: Zygarde
|-start|p2a: Zygarde|move: Taunt
|move|p2a: Zygarde|Dragon Tail|p1a: Back in Black
|-damage|p1a: Back in Black|62/100
|drag|p1a: Holier Than Thou|Xerneas|100/100
|-ability|p1a: Holier Than Thou|Fairy Aura
|
|upkeep
|turn|6
|
|t:|1666407498
|move|p1a: Holier Than Thou|Geomancy||[still]
|-prepare|p1a: Holier Than Thou|Geomancy
|-enditem|p1a: Holier Than Thou|Power Herb
|-anim|p1a: Holier Than Thou|Geomancy|p1a: Holier Than Thou
|-boost|p1a: Holier Than Thou|spa|2
|-boost|p1a: Holier Than Thou|spd|2
|-boost|p1a: Holier Than Thou|spe|2
|move|p2a: Zygarde|Thousand Arrows|p1a: Holier Than Thou
|-damage|p1a: Holier Than Thou|41/100
|
|upkeep
|turn|7
|
|t:|1666407500
|move|p2a: Zygarde|Extreme Speed|p1a: Holier Than Thou
|-crit|p1a: Holier Than Thou
|-damage|p1a: Holier Than Thou|0 fnt
|faint|p1a: Holier Than Thou
|
|-end|p2a: Zygarde|move: Taunt
|upkeep
|
|t:|1666407512
|switch|p1a: Highway to Hell|Calyrex-Shadow|100/100
|-ability|p1a: Highway to Hell|As One
|-ability|p1a: Highway to Hell|Unnerve
|turn|8
|
|t:|1666407516
|move|p1a: Highway to Hell|Nasty Plot|p1a: Highway to Hell
|-boost|p1a: Highway to Hell|spa|2
|move|p2a: Zygarde|Dragon Tail|p1a: Highway to Hell
|-damage|p1a: Highway to Hell|45/100
|drag|p1a: Metal Health|Celesteela|100/100
|
|upkeep
|turn|9
|-message|LocalMetagross forfeited.
|
|win|Mario60866iPod13
|raw|LocalMetagross's rating: 1670 &rarr; <strong>1643</strong><br />(-27 for losing)
|raw|Mario60866iPod13's rating: 1534 &rarr; <strong>1561</strong><br />(+27 for winning)
|l|☆LocalMetagross
