|j|☆Blackstar152001
|j|☆Matsui_Miyako
|t:|1665170885
|gametype|singles
|player|p1|Blackstar152001|blue-gen3two|1858
|player|p2|Matsui_Miyako|allister|1858
|teamsize|p1|6
|teamsize|p2|6
|gen|8
|tier|[Gen 8] National Dex AG
|rated|
|rule|HP Percentage Mod: HP is shown in percentages
|rule|Endless Battle Clause: Forcing endless battles is banned
|clearpoke
|poke|p1|Arceus-*|
|poke|p1|Mewtwo|
|poke|p1|Ditto|
|poke|p1|Zacian-*|
|poke|p1|Arceus-*|
|poke|p1|Arceus-*|
|poke|p2|Yveltal|
|poke|p2|Deoxys-Attack|
|poke|p2|Marshadow|
|poke|p2|Arceus-*|
|poke|p2|Calyrex-Shadow|
|poke|p2|Arceus-*|
|teampreview
|inactive|Battle timer is ON: inactive players will automatically lose when time's up. (requested by Blackstar152001)
|
|t:|1665170899
|start
|switch|p1a: Arceus|Arceus|100/100
|switch|p2a: Deoxys|Deoxys-Attack|100/100
|-ability|p2a: Deoxys|Pressure
|turn|1
|
|t:|1665170913
|move|p2a: Deoxys|Stealth Rock|p1a: Arceus
|-sidestart|p1: Blackstar152001|move: Stealth Rock
|move|p1a: Arceus|Shadow Claw|p2a: Deoxys
|-supereffective|p2a: Deoxys
|-enditem|p2a: Deoxys|Focus Sash
|-damage|p2a: Deoxys|1/100
|
|upkeep
|turn|2
|
|t:|1665170919
|move|p2a: Deoxys|Extreme Speed|p1a: Arceus
|-damage|p1a: Arceus|77/100
|move|p1a: Arceus|Extreme Speed|p2a: Deoxys
|-damage|p2a: Deoxys|0 fnt
|faint|p2a: Deoxys
|
|upkeep
|
|t:|1665170930
|switch|p2a: Titã|Arceus-Ground|100/100
|turn|3
|
|t:|1665170938
|switch|p1a: Arceus|Arceus-Fairy|100/100
|-damage|p1a: Arceus|88/100|[from] Stealth Rock
|move|p2a: Titã|Earth Power|p1a: Arceus
|-damage|p1a: Arceus|65/100
|
|upkeep
|turn|4
|
|t:|1665170950
|move|p2a: Titã|Ancient Power|p1a: Arceus
|-damage|p1a: Arceus|55/100
|move|p1a: Arceus|Recover|p1a: Arceus
|-heal|p1a: Arceus|100/100
|
|upkeep
|turn|5
|
|t:|1665170954
|move|p2a: Titã|Ancient Power|p1a: Arceus
|-damage|p1a: Arceus|90/100
|move|p1a: Arceus|Stealth Rock|p2a: Titã
|-sidestart|p2: Matsui_Miyako|move: Stealth Rock
|
|upkeep
|turn|6
|
|t:|1665170959
|move|p2a: Titã|Ancient Power|p1a: Arceus
|-damage|p1a: Arceus|80/100
|move|p1a: Arceus|Toxic|p2a: Titã
|-status|p2a: Titã|tox
|
|-damage|p2a: Titã|94/100 tox|[from] psn
|upkeep
|turn|7
|
|t:|1665170964
|move|p2a: Titã|Ancient Power|p1a: Arceus
|-damage|p1a: Arceus|69/100
|move|p1a: Arceus|Recover|p1a: Arceus
|-heal|p1a: Arceus|100/100
|
|-damage|p2a: Titã|82/100 tox|[from] psn
|upkeep
|turn|8
|
|t:|1665170971
|move|p2a: Titã|Ancient Power|p1a: Arceus
|-damage|p1a: Arceus|89/100
|-boost|p2a: Titã|atk|1
|-boost|p2a: Titã|def|1
|-boost|p2a: Titã|spa|1
|-boost|p2a: Titã|spd|1
|-boost|p2a: Titã|spe|1
|move|p1a: Arceus|Judgment|p2a: Titã
|-damage|p2a: Titã|55/100 tox
|
|-damage|p2a: Titã|37/100 tox|[from] psn
|upkeep
|turn|9
|
|t:|1665170975
|-zpower|p2a: Titã
|move|p2a: Titã|Tectonic Rage|p1a: Arceus|[zeffect]
|-damage|p1a: Arceus|14/100
|move|p1a: Arceus|Recover|p1a: Arceus
|-heal|p1a: Arceus|64/100
|
|-damage|p2a: Titã|13/100 tox|[from] psn
|upkeep
|turn|10
|
|t:|1665170983
|move|p2a: Titã|Earth Power|p1a: Arceus
|-damage|p1a: Arceus|31/100
|move|p1a: Arceus|Recover|p1a: Arceus
|-heal|p1a: Arceus|81/100
|
|-damage|p2a: Titã|0 fnt|[from] psn
|faint|p2a: Titã
|upkeep
|
|t:|1665170993
|switch|p2a: Deus|Arceus|100/100
|-damage|p2a: Deus|88/100|[from] Stealth Rock
|turn|11
|
|t:|1665171000
|switch|p1a: Zacian|Zacian-Crowned|100/100
|-damage|p1a: Zacian|94/100|[from] Stealth Rock
|-ability|p1a: Zacian|Intrepid Sword|boost
|-boost|p1a: Zacian|atk|1
|move|p2a: Deus|Swords Dance|p2a: Deus
|-boost|p2a: Deus|atk|2
|
|-heal|p2a: Deus|94/100|[from] item: Leftovers
|upkeep
|turn|12
|
|t:|1665171009
|-start|p2a: Deus|Dynamax|
|-heal|p2a: Deus|94/100|[silent]
|move|p1a: Zacian|Close Combat|p2a: Deus
|-supereffective|p2a: Deus
|-damage|p2a: Deus|32/100
|-unboost|p1a: Zacian|def|1
|-unboost|p1a: Zacian|spd|1
|move|p2a: Deus|Max Strike|p1a: Zacian
|-resisted|p1a: Zacian
|-damage|p1a: Zacian|0 fnt
|faint|p1a: Zacian
|
|-heal|p2a: Deus|35/100|[from] item: Leftovers
|upkeep
|
|t:|1665171014
|switch|p1a: All time fav💞|Mewtwo|100/100
|-damage|p1a: All time fav💞|88/100|[from] Stealth Rock
|-ability|p1a: All time fav💞|Pressure
|turn|13
|
|t:|1665171018
|move|p1a: All time fav💞|Will-O-Wisp|p2a: Deus
|-status|p2a: Deus|brn
|move|p2a: Deus|Max Strike|p1a: All time fav💞
|-damage|p1a: All time fav💞|25/100
|-unboost|p1a: All time fav💞|spe|1
|
|-heal|p2a: Deus|38/100 brn|[from] item: Leftovers
|-heal|p1a: All time fav💞|31/100|[from] item: Leftovers
|-damage|p2a: Deus|35/100 brn|[from] brn
|upkeep
|turn|14
|
|t:|1665171033
|move|p2a: Deus|Max Strike|p1a: All time fav💞
|-damage|p1a: All time fav💞|0 fnt
|faint|p1a: All time fav💞
|
|-heal|p2a: Deus|38/100 brn|[from] item: Leftovers
|-damage|p2a: Deus|35/100 brn|[from] brn
|upkeep
|
|t:|1665171036
|switch|p1a: Ditto|Ditto, shiny|100/100
|-damage|p1a: Ditto|88/100|[from] Stealth Rock
|-transform|p1a: Ditto|p2a: Deus|[from] ability: Imposter
|-end|p2a: Deus|Dynamax
|-heal|p2a: Deus|35/100 brn|[silent]
|turn|15
|
|t:|1665171044
|move|p1a: Ditto|Extreme Speed|p2a: Deus
|-damage|p2a: Deus|0 fnt
|faint|p2a: Deus
|
|upkeep
|
|t:|1665171065
|switch|p2a: Sombra|Marshadow|100/100
|-damage|p2a: Sombra|94/100|[from] Stealth Rock
|turn|16
|
|t:|1665171073
|switch|p1a: Arceus|Arceus-Electric|100/100
|-damage|p1a: Arceus|88/100|[from] Stealth Rock
|move|p2a: Sombra|Low Kick|p1a: Arceus
|-damage|p1a: Arceus|60/100
|
|upkeep
|turn|17
|
|t:|1665171082
|move|p2a: Sombra|Rock Tomb|p1a: Arceus
|-damage|p1a: Arceus|44/100
|-unboost|p1a: Arceus|spe|1
|move|p1a: Arceus|Recover|p1a: Arceus
|-heal|p1a: Arceus|94/100
|
|upkeep
|turn|18
|
|t:|1665171089
|move|p2a: Sombra|Low Kick|p1a: Arceus
|-damage|p1a: Arceus|66/100
|move|p1a: Arceus|Judgment|p2a: Sombra
|-damage|p2a: Sombra|35/100
|
|upkeep
|turn|19
|
|t:|1665171097
|move|p2a: Sombra|Low Kick|p1a: Arceus
|-damage|p1a: Arceus|36/100
|move|p1a: Arceus|Recover|p1a: Arceus
|-heal|p1a: Arceus|86/100
|
|upkeep
|turn|20
|
|t:|1665171102
|move|p2a: Sombra|Low Kick|p1a: Arceus
|-damage|p1a: Arceus|55/100
|move|p1a: Arceus|Recover|p1a: Arceus
|-heal|p1a: Arceus|100/100
|
|upkeep
|turn|21
|
|t:|1665171105
|move|p2a: Sombra|Low Kick|p1a: Arceus
|-damage|p1a: Arceus|73/100
|move|p1a: Arceus|Judgment|p2a: Sombra
|-damage|p2a: Sombra|0 fnt
|faint|p2a: Sombra
|
|upkeep
|
|t:|1665171110
|switch|p2a: Cavaleiro Fantasma|Calyrex-Shadow|100/100
|-ability|p2a: Cavaleiro Fantasma|As One
|-ability|p2a: Cavaleiro Fantasma|Unnerve
|-damage|p2a: Cavaleiro Fantasma|88/100|[from] Stealth Rock
|turn|22
|
|t:|1665171114
|switch|p1a: Arceus|Arceus|77/100
|-damage|p1a: Arceus|65/100|[from] Stealth Rock
|move|p2a: Cavaleiro Fantasma|Astral Barrage|p1a: Arceus
|-immune|p1a: Arceus
|
|upkeep
|turn|23
|
|t:|1665171120
|switch|p2a: Pássaro das Trevas|Yveltal|100/100
|-damage|p2a: Pássaro das Trevas|76/100|[from] Stealth Rock
|-ability|p2a: Pássaro das Trevas|Dark Aura
|move|p1a: Arceus|Swords Dance|p1a: Arceus
|-boost|p1a: Arceus|atk|2
|
|upkeep
|turn|24
|
|t:|1665171129
|move|p1a: Arceus|Extreme Speed|p2a: Pássaro das Trevas
|-damage|p2a: Pássaro das Trevas|2/100
|move|p2a: Pássaro das Trevas|Dark Pulse|p1a: Arceus
|-damage|p1a: Arceus|22/100
|
|upkeep
|turn|25
|
|t:|1665171141
|move|p1a: Arceus|Extreme Speed|p2a: Pássaro das Trevas
|-damage|p2a: Pássaro das Trevas|0 fnt
|faint|p2a: Pássaro das Trevas
|
|upkeep
|c|☆Blackstar152001|Gg
|
|t:|1665171143
|switch|p2a: Cavaleiro Fantasma|Calyrex-Shadow|88/100
|-ability|p2a: Cavaleiro Fantasma|As One
|-ability|p2a: Cavaleiro Fantasma|Unnerve
|-damage|p2a: Cavaleiro Fantasma|76/100|[from] Stealth Rock
|turn|26
|
|t:|1665171146
|-start|p1a: Arceus|Dynamax|
|-heal|p1a: Arceus|22/100|[silent]
|move|p2a: Cavaleiro Fantasma|Psyshock|p1a: Arceus
|-damage|p1a: Arceus|5/100
|move|p1a: Arceus|Max Phantasm|p2a: Cavaleiro Fantasma
|-supereffective|p2a: Cavaleiro Fantasma
|-damage|p2a: Cavaleiro Fantasma|0 fnt
|faint|p2a: Cavaleiro Fantasma
|
|win|Blackstar152001
|raw|Blackstar152001's rating: 1858 &rarr; <strong>1878</strong><br />(+20 for winning)
|raw|Matsui_Miyako's rating: 1858 &rarr; <strong>1838</strong><br />(-20 for losing)
