|j|☆CLEAR GEM清瑜
|j|☆Master kushagra
|t:|1664704515
|gametype|singles
|player|p1|CLEAR GEM清瑜|skierf|1890
|player|p2|Master kushagra|leon-masters|1783
|teamsize|p1|6
|teamsize|p2|6
|gen|8
|tier|[Gen 8] National Dex AG
|rated|
|rule|HP Percentage Mod: HP is shown in percentages
|rule|Endless Battle Clause: Forcing endless battles is banned
|clearpoke
|poke|p1|Rayquaza|
|poke|p1|Groudon|
|poke|p1|Necrozma-Dusk-Mane|
|poke|p1|Arceus-*|
|poke|p1|Zacian-*|
|poke|p1|Yveltal|
|poke|p2|Arceus-*|
|poke|p2|Zacian-*|
|poke|p2|Rayquaza|
|poke|p2|Yveltal|
|poke|p2|Calyrex-Shadow|
|poke|p2|Arceus-*|
|teampreview
|inactive|Battle timer is ON: inactive players will automatically lose when time's up. (requested by CLEAR GEM清瑜)
|
|t:|1664704530
|start
|switch|p1a: 悬空羊驼|Arceus-Flying|100/100
|switch|p2a: Arceus|Arceus|100/100
|turn|1
|
|t:|1664704536
|move|p2a: Arceus|Swords Dance|p2a: Arceus
|-boost|p2a: Arceus|atk|2
|move|p1a: 悬空羊驼|Judgment|p2a: Arceus
|-damage|p2a: Arceus|49/100
|
|upkeep
|turn|2
|
|t:|1664704542
|-start|p1a: 悬空羊驼|Dynamax|
|-heal|p1a: 悬空羊驼|100/100|[silent]
|move|p2a: Arceus|Extreme Speed|p1a: 悬空羊驼
|-damage|p1a: 悬空羊驼|69/100
|move|p1a: 悬空羊驼|Max Airstream|p2a: Arceus
|-damage|p2a: Arceus|0 fnt
|-boost|p1a: 悬空羊驼|spe|1
|faint|p2a: Arceus
|
|upkeep
|
|t:|1664704547
|switch|p2a: Zacian|Zacian-Crowned, shiny|100/100
|-ability|p2a: Zacian|Intrepid Sword|boost
|-boost|p2a: Zacian|atk|1
|turn|3
|
|t:|1664704549
|move|p1a: 悬空羊驼|Max Airstream|p2a: Zacian
|-resisted|p2a: Zacian
|-damage|p2a: Zacian|61/100
|-boost|p1a: 悬空羊驼|spe|1
|move|p2a: Zacian|Wild Charge|p1a: 悬空羊驼
|-supereffective|p1a: 悬空羊驼
|-damage|p1a: 悬空羊驼|27/100
|-damage|p2a: Zacian|34/100|[from] Recoil
|
|upkeep
|turn|4
|
|t:|1664704557
|switch|p2a: Future 🔮|Arceus-Ground|100/100
|move|p1a: 悬空羊驼|Max Airstream|p2a: Future 🔮
|-damage|p2a: Future 🔮|38/100
|-boost|p1a: 悬空羊驼|spe|1
|
|upkeep
|-end|p1a: 悬空羊驼|Dynamax
|-heal|p1a: 悬空羊驼|27/100|[silent]
|turn|5
|
|t:|1664704560
|move|p1a: 悬空羊驼|Judgment|p2a: Future 🔮
|-damage|p2a: Future 🔮|0 fnt
|faint|p2a: Future 🔮
|
|upkeep
|
|t:|1664704565
|switch|p2a: Yveltal|Yveltal, shiny|100/100
|-ability|p2a: Yveltal|Dark Aura
|turn|6
|
|t:|1664704567
|move|p2a: Yveltal|Sucker Punch|p1a: 悬空羊驼
|-damage|p1a: 悬空羊驼|0 fnt
|faint|p1a: 悬空羊驼
|-damage|p2a: Yveltal|91/100|[from] item: Life Orb
|
|upkeep
|
|t:|1664704572
|switch|p1a: 老烈|Rayquaza, shiny|100/100
|-ability|p1a: 老烈|Air Lock
|turn|7
|
|t:|1664704575
|detailschange|p1a: 老烈|Rayquaza-Mega, shiny
|-mega|p1a: 老烈|Rayquaza|
|-weather|DeltaStream|[from] ability: Delta Stream|[of] p1a: 老烈
|-start|p2a: Yveltal|Dynamax|
|-heal|p2a: Yveltal|91/100|[silent]
|move|p1a: 老烈|Dragon Dance|p1a: 老烈
|-boost|p1a: 老烈|atk|1
|-boost|p1a: 老烈|spe|1
|move|p2a: Yveltal|Max Airstream|p1a: 老烈
|-damage|p1a: 老烈|24/100
|-boost|p2a: Yveltal|spe|1
|-damage|p2a: Yveltal|86/100|[from] item: Life Orb
|
|-weather|DeltaStream|[upkeep]
|upkeep
|turn|8
|
|t:|1664704577
|move|p1a: 老烈|Dragon Ascent|p2a: Yveltal
|-damage|p2a: Yveltal|25/100
|-unboost|p1a: 老烈|def|1
|-unboost|p1a: 老烈|spd|1
|move|p2a: Yveltal|Max Airstream|p1a: 老烈
|-crit|p1a: 老烈
|-damage|p1a: 老烈|0 fnt
|-boost|p2a: Yveltal|spe|1
|faint|p1a: 老烈
|-weather|none
|-damage|p2a: Yveltal|20/100|[from] item: Life Orb
|
|upkeep
|
|t:|1664704586
|switch|p1a: Y鸟|Yveltal|100/100
|-ability|p1a: Y鸟|Dark Aura
|turn|9
|
|t:|1664704589
|switch|p1a: 钢铁之躯|Necrozma-Dusk-Mane|100/100
|move|p2a: Yveltal|Max Airstream|p1a: 钢铁之躯
|-resisted|p1a: 钢铁之躯
|-damage|p1a: 钢铁之躯|62/100
|-boost|p2a: Yveltal|spe|1
|-damage|p2a: Yveltal|15/100|[from] item: Life Orb
|
|upkeep
|-end|p2a: Yveltal|Dynamax
|-heal|p2a: Yveltal|15/100|[silent]
|turn|10
|
|t:|1664704593
|switch|p1a: Y鸟|Yveltal|100/100
|-ability|p1a: Y鸟|Dark Aura
|move|p2a: Yveltal|Dark Pulse|p1a: Y鸟
|-resisted|p1a: Y鸟
|-damage|p1a: Y鸟|70/100
|-damage|p2a: Yveltal|5/100|[from] item: Life Orb
|
|upkeep
|turn|11
|
|t:|1664704596
|move|p2a: Yveltal|Oblivion Wing|p1a: Y鸟
|-damage|p1a: Y鸟|20/100
|-heal|p2a: Yveltal|42/100|[from] drain|[of] p1a: Y鸟
|-damage|p2a: Yveltal|32/100|[from] item: Life Orb
|move|p1a: Y鸟|Oblivion Wing|p2a: Yveltal
|-damage|p2a: Yveltal|0 fnt
|-heal|p1a: Y鸟|44/100|[from] drain|[of] p2a: Yveltal
|faint|p2a: Yveltal
|-damage|p1a: Y鸟|34/100|[from] item: Life Orb
|
|upkeep
|
|t:|1664704609
|switch|p2a: Zacian|Zacian-Crowned, shiny|34/100
|-ability|p2a: Zacian|Intrepid Sword|boost
|-boost|p2a: Zacian|atk|1
|turn|12
|
|t:|1664704611
|switch|p1a: 不会(?)|Groudon|100/100
|detailschange|p1a: 不会(?)|Groudon-Primal
|-primal|p1a: 不会(?)
|-weather|DesolateLand|[from] ability: Desolate Land|[of] p1a: 不会(?)
|move|p2a: Zacian|Behemoth Blade|p1a: 不会(?)
|-resisted|p1a: 不会(?)
|-damage|p1a: 不会(?)|71/100
|
|-weather|DesolateLand|[upkeep]
|upkeep
|turn|13
|
|t:|1664704616
|switch|p2a: Rayquaza|Rayquaza|100/100
|-ability|p2a: Rayquaza|Air Lock
|move|p1a: 不会(?)|Stealth Rock|p2a: Rayquaza
|-sidestart|p2: Master kushagra|move: Stealth Rock
|
|-weather|DesolateLand|[upkeep]
|upkeep
|turn|14
|
|t:|1664704619
|detailschange|p2a: Rayquaza|Rayquaza-Mega
|-mega|p2a: Rayquaza|Rayquaza|
|-weather|DeltaStream|[from] ability: Delta Stream|[of] p2a: Rayquaza
|move|p2a: Rayquaza|Dragon Dance|p2a: Rayquaza
|-boost|p2a: Rayquaza|atk|1
|-boost|p2a: Rayquaza|spe|1
|move|p1a: 不会(?)|Roar|p2a: Rayquaza
|-weather|none
|drag|p2a: Calyrex|Calyrex-Shadow|100/100
|-ability|p2a: Calyrex|As One
|-ability|p2a: Calyrex|Unnerve
|-damage|p2a: Calyrex|88/100|[from] Stealth Rock
|
|upkeep
|turn|15
|
|t:|1664704626
|move|p2a: Calyrex|Astral Barrage|p1a: 不会(?)
|-damage|p1a: 不会(?)|4/100
|move|p1a: 不会(?)|Heat Crash|p2a: Calyrex
|-damage|p2a: Calyrex|0 fnt
|faint|p2a: Calyrex
|
|upkeep
|
|t:|1664704633
|switch|p2a: Zacian|Zacian-Crowned, shiny|34/100
|-damage|p2a: Zacian|28/100|[from] Stealth Rock
|-ability|p2a: Zacian|Intrepid Sword|boost
|-boost|p2a: Zacian|atk|1
|turn|16
|
|t:|1664704634
|move|p2a: Zacian|Behemoth Blade|p1a: 不会(?)
|-resisted|p1a: 不会(?)
|-damage|p1a: 不会(?)|0 fnt
|faint|p1a: 不会(?)
|
|upkeep
|
|t:|1664704636
|switch|p1a: 钢铁之躯|Necrozma-Dusk-Mane|62/100
|turn|17
|
|t:|1664704643
|move|p2a: Zacian|Behemoth Blade|p1a: 钢铁之躯
|-resisted|p1a: 钢铁之躯
|-damage|p1a: 钢铁之躯|25/100
|move|p1a: 钢铁之躯|Dragon Dance|p1a: 钢铁之躯
|-boost|p1a: 钢铁之躯|atk|1
|-boost|p1a: 钢铁之躯|spe|1
|
|upkeep
|turn|18
|
|t:|1664704645
|detailschange|p1a: 钢铁之躯|Necrozma-Ultra
|-burst|p1a: 钢铁之躯|Necrozma|Ultranecrozium Z
|move|p1a: 钢铁之躯|Earthquake|p2a: Zacian
|-supereffective|p2a: Zacian
|-damage|p2a: Zacian|0 fnt
|faint|p2a: Zacian
|
|upkeep
|
|t:|1664704647
|switch|p2a: Rayquaza|Rayquaza-Mega|100/100
|-damage|p2a: Rayquaza|76/100|[from] Stealth Rock
|-weather|DeltaStream|[from] ability: Delta Stream|[of] p2a: Rayquaza
|turn|19
|
|t:|1664704649
|move|p1a: 钢铁之躯|Photon Geyser|p2a: Rayquaza
|-damage|p2a: Rayquaza|0 fnt
|faint|p2a: Rayquaza
|-weather|none
|
|win|CLEAR GEM清瑜
|raw|CLEAR GEM清瑜's rating: 1890 &rarr; <strong>1904</strong><br />(+14 for winning)
|raw|Master kushagra's rating: 1783 &rarr; <strong>1769</strong><br />(-14 for losing)
|l|☆Master kushagra
