|j|‽OthelloColdstone6
|j|☆Better Alone
|t:|1654211410
|gametype|singles
|player|p1|OthelloColdstone6|biker-gen4|1417
|player|p2|Better Alone|swimmerf-gen4|1476
|teamsize|p1|6
|teamsize|p2|6
|gen|8
|tier|[Gen 8] National Dex AG
|rated|
|rule|HP Percentage Mod: HP is shown in percentages
|rule|Endless Battle Clause: Forcing endless battles is banned
|clearpoke
|poke|p1|Rayquaza|
|poke|p1|Groudon|
|poke|p1|Necrozma-Dusk-Mane|
|poke|p1|Zacian-*|
|poke|p1|Arceus-*|
|poke|p1|Calyrex-Shadow|
|poke|p2|Calyrex-Shadow|
|poke|p2|Zacian-*|
|poke|p2|Kyogre|
|poke|p2|Ho-Oh|
|poke|p2|Kangaskhan, F|
|poke|p2|Murkrow, F|
|teampreview
|inactive|Battle timer is ON: inactive players will automatically lose when time's up. (requested by OthelloColdstone6)
|inactive|Better Alone has 120 seconds left.
|inactive|Better Alone has 90 seconds left.
|
|t:|1654211479
|start
|switch|p1a: Arceus|Arceus|100/100
|switch|p2a: Kangaskhan|Kangaskhan, F|100/100
|turn|1
|
|t:|1654211482
|detailschange|p2a: Kangaskhan|Kangaskhan-Mega, F
|-mega|p2a: Kangaskhan|Kangaskhan|Kangaskhanite
|move|p2a: Kangaskhan|Fake Out|p1a: Arceus
|-damage|p1a: Arceus|87/100
|-damage|p1a: Arceus|83/100
|-hitcount|p1a: Arceus|2
|cant|p1a: Arceus|flinch
|
|upkeep
|turn|2
|
|t:|1654211485
|move|p1a: Arceus|Stealth Rock|p2a: Kangaskhan
|-sidestart|p2: Better Alone|move: Stealth Rock
|move|p2a: Kangaskhan|Drain Punch|p1a: Arceus
|-supereffective|p1a: Arceus
|-crit|p1a: Arceus
|-damage|p1a: Arceus|26/100
|-supereffective|p1a: Arceus
|-damage|p1a: Arceus|17/100
|-hitcount|p1a: Arceus|2
|
|upkeep
|turn|3
|
|t:|1654211497
|move|p1a: Arceus|Extreme Speed|p2a: Kangaskhan
|-damage|p2a: Kangaskhan|63/100
|move|p2a: Kangaskhan|Drain Punch|p1a: Arceus
|-supereffective|p1a: Arceus
|-damage|p1a: Arceus|0 fnt
|-heal|p2a: Kangaskhan|72/100|[from] drain|[of] p1a: Arceus
|faint|p1a: Arceus
|-hitcount|p1: Arceus|1
|
|upkeep
|
|t:|1654211516
|switch|p1a: Rayquaza|Rayquaza|100/100
|-ability|p1a: Rayquaza|Air Lock
|turn|4
|
|t:|1654211523
|detailschange|p1a: Rayquaza|Rayquaza-Mega
|-mega|p1a: Rayquaza|Rayquaza|
|-weather|DeltaStream|[from] ability: Delta Stream|[of] p1a: Rayquaza
|move|p1a: Rayquaza|Dragon Ascent|p2a: Kangaskhan
|-damage|p2a: Kangaskhan|0 fnt
|-unboost|p1a: Rayquaza|def|1
|-unboost|p1a: Rayquaza|spd|1
|faint|p2a: Kangaskhan
|
|-weather|DeltaStream|[upkeep]
|upkeep
|
|t:|1654211542
|switch|p2a: Calyrex|Calyrex-Shadow|100/100
|-ability|p2a: Calyrex|As One
|-ability|p2a: Calyrex|Unnerve
|-damage|p2a: Calyrex|88/100|[from] Stealth Rock
|turn|5
|
|t:|1654211549
|-weather|none
|switch|p1a: Zacian|Zacian-Crowned|100/100
|-ability|p1a: Zacian|Intrepid Sword|boost
|-boost|p1a: Zacian|atk|1
|move|p2a: Calyrex|Astral Barrage|p1a: Zacian
|-damage|p1a: Zacian|13/100
|-damage|p2a: Calyrex|78/100|[from] item: Life Orb
|
|upkeep
|turn|6
|inactive|Better Alone has 120 seconds left.
|
|t:|1654211581
|move|p2a: Calyrex|Astral Barrage|p1a: Zacian
|-damage|p1a: Zacian|0 fnt
|faint|p1a: Zacian
|-ability|p2a: Calyrex|Grim Neigh|boost
|-boost|p2a: Calyrex|spa|1
|-damage|p2a: Calyrex|68/100|[from] item: Life Orb
|
|upkeep
|
|t:|1654211583
|switch|p1a: Calyrex|Calyrex-Shadow|100/100
|-ability|p1a: Calyrex|As One
|-ability|p1a: Calyrex|Unnerve
|turn|7
|
|t:|1654211586
|move|p1a: Calyrex|Astral Barrage|p2a: Calyrex
|-supereffective|p2a: Calyrex
|-damage|p2a: Calyrex|0 fnt
|faint|p2a: Calyrex
|-ability|p1a: Calyrex|Grim Neigh|boost
|-boost|p1a: Calyrex|spa|1
|
|upkeep
|
|t:|1654211591
|switch|p2a: Murkrow|Murkrow, F|100/100
|-damage|p2a: Murkrow|75/100|[from] Stealth Rock
|turn|8
|
|t:|1654211597
|switch|p1a: Groudon|Groudon|100/100
|detailschange|p1a: Groudon|Groudon-Primal
|-primal|p1a: Groudon
|-weather|DesolateLand|[from] ability: Desolate Land|[of] p1a: Groudon
|move|p2a: Murkrow|Defog|p1a: Groudon
|-unboost|p1a: Groudon|evasion|1
|-sideend|p2: Better Alone|Stealth Rock|[from] move: Defog|[of] p2a: Murkrow
|
|-weather|DesolateLand|[upkeep]
|upkeep
|turn|9
|
|t:|1654211603
|move|p2a: Murkrow|Tailwind|p2a: Murkrow
|-sidestart|p2: Better Alone|move: Tailwind
|move|p1a: Groudon|Fire Punch|p2a: Murkrow
|-damage|p2a: Murkrow|0 fnt
|faint|p2a: Murkrow
|
|-weather|DesolateLand|[upkeep]
|upkeep
|
|t:|1654211605
|switch|p2a: Kyogre|Kyogre|100/100
|detailschange|p2a: Kyogre|Kyogre-Primal
|-primal|p2a: Kyogre
|-weather|PrimordialSea|[from] ability: Primordial Sea|[of] p2a: Kyogre
|turn|10
|
|t:|1654211609
|switch|p1a: Necrozma|Necrozma-Dusk-Mane|100/100
|move|p2a: Kyogre|Water Spout|p1a: Necrozma
|-damage|p1a: Necrozma|0 fnt
|faint|p1a: Necrozma
|
|-weather|PrimordialSea|[upkeep]
|upkeep
|
|t:|1654211612
|switch|p1a: Groudon|Groudon-Primal|100/100
|-weather|DesolateLand|[from] ability: Desolate Land|[of] p1a: Groudon
|turn|11
|
|t:|1654211618
|switch|p2a: Ho-Oh|Ho-Oh|100/100
|move|p1a: Groudon|Rock Polish|p1a: Groudon
|-boost|p1a: Groudon|spe|2
|
|-weather|DesolateLand|[upkeep]
|upkeep
|turn|12
|
|t:|1654211621
|switch|p2a: Kyogre|Kyogre-Primal|100/100
|-weather|PrimordialSea|[from] ability: Primordial Sea|[of] p2a: Kyogre
|move|p1a: Groudon|Swords Dance|p1a: Groudon
|-boost|p1a: Groudon|atk|2
|
|-weather|PrimordialSea|[upkeep]
|-sideend|p2: Better Alone|move: Tailwind
|upkeep
|turn|13
|
|t:|1654211623
|move|p1a: Groudon|Precipice Blades|p2a: Kyogre
|-damage|p2a: Kyogre|0 fnt
|faint|p2a: Kyogre
|-weather|none
|
|upkeep
|
|t:|1654211630
|switch|p2a: Zacian|Zacian-Crowned|100/100
|-ability|p2a: Zacian|Intrepid Sword|boost
|-boost|p2a: Zacian|atk|1
|turn|14
|
|t:|1654211633
|move|p1a: Groudon|Fire Punch|p2a: Zacian
|-supereffective|p2a: Zacian
|-damage|p2a: Zacian|0 fnt
|faint|p2a: Zacian
|
|upkeep
|-message|Better Alone forfeited.
|
|win|OthelloColdstone6
|raw|OthelloColdstone6's rating: 1417 &rarr; <strong>1440</strong><br />(+23 for winning)
|raw|Better Alone's rating: 1476 &rarr; <strong>1453</strong><br />(-23 for losing)
|l|☆Better Alone
