|j|☆xLeonisx
|j|☆S!lc00n
|t:|1644446712
|gametype|singles
|player|p1|xLeonisx|1|1710
|player|p2|S!lc00n|clown|1606
|teamsize|p1|6
|teamsize|p2|6
|gen|8
|tier|[Gen 8] National Dex AG
|rated|
|rule|HP Percentage Mod: HP is shown in percentages
|rule|Endless Battle Clause: Forcing endless battles is banned
|clearpoke
|poke|p1|Arceus-*|
|poke|p1|Calyrex-Shadow|
|poke|p1|Yveltal|
|poke|p1|Zacian-*|
|poke|p1|Ditto|
|poke|p1|Deoxys-Speed|
|poke|p2|Shuckle, M|
|poke|p2|Deoxys-Attack|
|poke|p2|Torterra, M|
|poke|p2|Wobbuffet, M|
|poke|p2|Ditto|
|poke|p2|Yveltal|
|teampreview
|inactive|Battle timer is ON: inactive players will automatically lose when time's up. (requested by xLeonisx)
|
|t:|1644446732
|start
|switch|p1a: Deoxys|Deoxys-Speed|100/100
|switch|p2a: Akupāra|Torterra, M|100/100
|-ability|p1a: Deoxys|Pressure
|turn|1
|
|t:|1644446739
|move|p1a: Deoxys|Stealth Rock|p2a: Akupāra
|-sidestart|p2: S!lc00n|move: Stealth Rock
|move|p2a: Akupāra|Earthquake|p1a: Deoxys
|-damage|p1a: Deoxys|22/100
|
|upkeep
|turn|2
|
|t:|1644446745
|move|p1a: Deoxys|Ice Punch|p2a: Akupāra
|-supereffective|p2a: Akupāra
|-damage|p2a: Akupāra|10/100
|move|p2a: Akupāra|Stealth Rock|p1a: Deoxys
|-sidestart|p1: xLeonisx|move: Stealth Rock
|
|upkeep
|turn|3
|
|t:|1644446748
|move|p1a: Deoxys|Ice Punch|p2a: Akupāra
|-supereffective|p2a: Akupāra
|-damage|p2a: Akupāra|0 fnt
|faint|p2a: Akupāra
|
|upkeep
|
|t:|1644446754
|switch|p2a: The OG UB|Deoxys-Attack|100/100
|-damage|p2a: The OG UB|88/100|[from] Stealth Rock
|-ability|p2a: The OG UB|Pressure
|turn|4
|
|t:|1644446759
|move|p2a: The OG UB|Extreme Speed|p1a: Deoxys
|-damage|p1a: Deoxys|0 fnt
|faint|p1a: Deoxys
|-damage|p2a: The OG UB|78/100|[from] item: Life Orb
|
|upkeep
|
|t:|1644446764
|switch|p1a: Yveltal|Yveltal|100/100
|-damage|p1a: Yveltal|76/100|[from] Stealth Rock
|-ability|p1a: Yveltal|Dark Aura
|turn|5
|
|t:|1644446769
|move|p2a: The OG UB|Ice Beam|p1a: Yveltal
|-supereffective|p1a: Yveltal
|-damage|p1a: Yveltal|0 fnt
|faint|p1a: Yveltal
|-damage|p2a: The OG UB|68/100|[from] item: Life Orb
|
|upkeep
|
|t:|1644446777
|switch|p1a: Arceus|Arceus|100/100
|-damage|p1a: Arceus|88/100|[from] Stealth Rock
|turn|6
|
|t:|1644446781
|move|p1a: Arceus|Extreme Speed|p2a: The OG UB
|-damage|p2a: The OG UB|0 fnt
|faint|p2a: The OG UB
|-damage|p1a: Arceus|78/100|[from] item: Life Orb
|
|upkeep
|
|t:|1644446795
|switch|p2a: Saitama|Wobbuffet, M|100/100
|-damage|p2a: Saitama|88/100|[from] Stealth Rock
|turn|7
|
|t:|1644446799
|move|p1a: Arceus|Thunder Wave|p2a: Saitama|[miss]
|-miss|p1a: Arceus|p2a: Saitama
|move|p2a: Saitama|Encore|p1a: Arceus
|-start|p1a: Arceus|Encore
|
|-heal|p2a: Saitama|94/100|[from] item: Leftovers
|upkeep
|turn|8
|
|t:|1644446804
|switch|p2a: Š.H.Ï.Ê.L.Đ.|Shuckle, M, shiny|100/100
|-damage|p2a: Š.H.Ï.Ê.L.Đ.|75/100|[from] Stealth Rock
|move|p1a: Arceus|Thunder Wave|p2a: Š.H.Ï.Ê.L.Đ.
|-status|p2a: Š.H.Ï.Ê.L.Đ.|par
|
|-heal|p2a: Š.H.Ï.Ê.L.Đ.|82/100 par|[from] item: Leftovers
|upkeep
|turn|9
|
|t:|1644446810
|switch|p1a: I COPY but faster|Ditto|100/100
|-damage|p1a: I COPY but faster|88/100|[from] Stealth Rock
|-transform|p1a: I COPY but faster|p2a: Š.H.Ï.Ê.L.Đ.|[from] ability: Imposter
|move|p2a: Š.H.Ï.Ê.L.Đ.|Infestation|p1a: I COPY but faster
|-damage|p1a: I COPY but faster|87/100
|-activate|p1a: I COPY but faster|move: Infestation|[of] p2a: Š.H.Ï.Ê.L.Đ.
|
|-heal|p2a: Š.H.Ï.Ê.L.Đ.|88/100 par|[from] item: Leftovers
|-damage|p1a: I COPY but faster|74/100|[from] move: Infestation|[partiallytrapped]
|upkeep
|turn|10
|
|t:|1644446822
|move|p1a: I COPY but faster|Infestation|p2a: Š.H.Ï.Ê.L.Đ.
|-damage|p2a: Š.H.Ï.Ê.L.Đ.|87/100 par
|-activate|p2a: Š.H.Ï.Ê.L.Đ.|move: Infestation|[of] p1a: I COPY but faster
|move|p2a: Š.H.Ï.Ê.L.Đ.|Toxic|p1a: I COPY but faster|[miss]
|-miss|p2a: Š.H.Ï.Ê.L.Đ.|p1a: I COPY but faster
|
|-heal|p2a: Š.H.Ï.Ê.L.Đ.|93/100 par|[from] item: Leftovers
|-damage|p1a: I COPY but faster|62/100|[from] move: Infestation|[partiallytrapped]
|-damage|p2a: Š.H.Ï.Ê.L.Đ.|80/100 par|[from] move: Infestation|[partiallytrapped]
|upkeep
|turn|11
|
|t:|1644446839
|move|p1a: I COPY but faster|Infestation|p2a: Š.H.Ï.Ê.L.Đ.
|-damage|p2a: Š.H.Ï.Ê.L.Đ.|79/100 par
|cant|p2a: Š.H.Ï.Ê.L.Đ.|par
|
|-heal|p2a: Š.H.Ï.Ê.L.Đ.|85/100 par|[from] item: Leftovers
|-damage|p1a: I COPY but faster|50/100|[from] move: Infestation|[partiallytrapped]
|-damage|p2a: Š.H.Ï.Ê.L.Đ.|73/100 par|[from] move: Infestation|[partiallytrapped]
|upkeep
|turn|12
|
|t:|1644446843
|move|p1a: I COPY but faster|Infestation|p2a: Š.H.Ï.Ê.L.Đ.
|-damage|p2a: Š.H.Ï.Ê.L.Đ.|72/100 par
|move|p2a: Š.H.Ï.Ê.L.Đ.|Toxic|p1a: I COPY but faster
|-status|p1a: I COPY but faster|tox
|
|-heal|p2a: Š.H.Ï.Ê.L.Đ.|78/100 par|[from] item: Leftovers
|-damage|p1a: I COPY but faster|44/100 tox|[from] psn
|-damage|p1a: I COPY but faster|31/100 tox|[from] move: Infestation|[partiallytrapped]
|-damage|p2a: Š.H.Ï.Ê.L.Đ.|66/100 par|[from] move: Infestation|[partiallytrapped]
|upkeep
|turn|13
|
|t:|1644446845
|move|p1a: I COPY but faster|Infestation|p2a: Š.H.Ï.Ê.L.Đ.
|-damage|p2a: Š.H.Ï.Ê.L.Đ.|64/100 par
|cant|p2a: Š.H.Ï.Ê.L.Đ.|par
|
|-heal|p2a: Š.H.Ï.Ê.L.Đ.|71/100 par|[from] item: Leftovers
|-damage|p1a: I COPY but faster|19/100 tox|[from] psn
|-damage|p1a: I COPY but faster|7/100 tox|[from] move: Infestation|[partiallytrapped]
|-damage|p2a: Š.H.Ï.Ê.L.Đ.|58/100 par|[from] move: Infestation|[partiallytrapped]
|upkeep
|turn|14
|
|t:|1644446848
|move|p1a: I COPY but faster|Infestation|p2a: Š.H.Ï.Ê.L.Đ.
|-damage|p2a: Š.H.Ï.Ê.L.Đ.|57/100 par
|cant|p2a: Š.H.Ï.Ê.L.Đ.|par
|
|-heal|p2a: Š.H.Ï.Ê.L.Đ.|63/100 par|[from] item: Leftovers
|-damage|p1a: I COPY but faster|0 fnt|[from] psn
|faint|p1a: I COPY but faster
|-end|p2a: Š.H.Ï.Ê.L.Đ.|Infestation|[partiallytrapped]|[silent]
|upkeep
|
|t:|1644446868
|switch|p1a: Arceus|Arceus|78/100
|-damage|p1a: Arceus|66/100|[from] Stealth Rock
|turn|15
|
|t:|1644446873
|move|p1a: Arceus|Extreme Speed|p2a: Š.H.Ï.Ê.L.Đ.
|-resisted|p2a: Š.H.Ï.Ê.L.Đ.
|-damage|p2a: Š.H.Ï.Ê.L.Đ.|46/100 par
|-damage|p1a: Arceus|56/100|[from] item: Life Orb
|move|p2a: Š.H.Ï.Ê.L.Đ.|Toxic|p1a: Arceus
|-status|p1a: Arceus|tox
|
|-heal|p2a: Š.H.Ï.Ê.L.Đ.|52/100 par|[from] item: Leftovers
|-damage|p1a: Arceus|50/100 tox|[from] psn
|upkeep
|turn|16
|
|t:|1644446878
|move|p1a: Arceus|Shadow Claw|p2a: Š.H.Ï.Ê.L.Đ.
|-crit|p2a: Š.H.Ï.Ê.L.Đ.
|-damage|p2a: Š.H.Ï.Ê.L.Đ.|21/100 par
|-damage|p1a: Arceus|40/100 tox|[from] item: Life Orb
|move|p2a: Š.H.Ï.Ê.L.Đ.|Rest|p2a: Š.H.Ï.Ê.L.Đ.
|-status|p2a: Š.H.Ï.Ê.L.Đ.|slp|[from] move: Rest
|-heal|p2a: Š.H.Ï.Ê.L.Đ.|100/100 slp|[silent]
|
|-damage|p1a: Arceus|28/100 tox|[from] psn
|upkeep
|turn|17
|
|t:|1644446884
|move|p1a: Arceus|Recover|p1a: Arceus
|-heal|p1a: Arceus|78/100 tox
|cant|p2a: Š.H.Ï.Ê.L.Đ.|slp
|
|-damage|p1a: Arceus|60/100 tox|[from] psn
|upkeep
|turn|18
|
|t:|1644446890
|switch|p1a: Calyrex|Calyrex-Shadow|100/100
|-ability|p1a: Calyrex|As One
|-ability|p1a: Calyrex|Unnerve
|-damage|p1a: Calyrex|88/100|[from] Stealth Rock
|cant|p2a: Š.H.Ï.Ê.L.Đ.|slp
|
|upkeep
|turn|19
|
|t:|1644446893
|move|p1a: Calyrex|Draining Kiss|p2a: Š.H.Ï.Ê.L.Đ.
|-damage|p2a: Š.H.Ï.Ê.L.Đ.|89/100 slp
|-heal|p1a: Calyrex|95/100|[from] drain|[of] p2a: Š.H.Ï.Ê.L.Đ.
|-curestatus|p2a: Š.H.Ï.Ê.L.Đ.|slp|[msg]
|move|p2a: Š.H.Ï.Ê.L.Đ.|Toxic|p1a: Calyrex
|-status|p1a: Calyrex|tox
|
|-heal|p2a: Š.H.Ï.Ê.L.Đ.|95/100|[from] item: Leftovers
|-damage|p1a: Calyrex|88/100 tox|[from] psn
|upkeep
|turn|20
|
|t:|1644446897
|move|p1a: Calyrex|Taunt|p2a: Š.H.Ï.Ê.L.Đ.
|-start|p2a: Š.H.Ï.Ê.L.Đ.|move: Taunt
|move|p2a: Š.H.Ï.Ê.L.Đ.|Infestation|p1a: Calyrex
|-damage|p1a: Calyrex|87/100 tox
|-activate|p1a: Calyrex|move: Infestation|[of] p2a: Š.H.Ï.Ê.L.Đ.
|
|-heal|p2a: Š.H.Ï.Ê.L.Đ.|100/100|[from] item: Leftovers
|-damage|p1a: Calyrex|74/100 tox|[from] psn
|-damage|p1a: Calyrex|62/100 tox|[from] move: Infestation|[partiallytrapped]
|upkeep
|turn|21
|
|t:|1644446904
|-start|p1a: Calyrex|Dynamax
|-heal|p1a: Calyrex|62/100 tox|[silent]
|move|p1a: Calyrex|Max Phantasm|p2a: Š.H.Ï.Ê.L.Đ.
|-damage|p2a: Š.H.Ï.Ê.L.Đ.|53/100
|-boost|p2a: Š.H.Ï.Ê.L.Đ.|def|1
|move|p2a: Š.H.Ï.Ê.L.Đ.|Infestation|p1a: Calyrex
|-damage|p1a: Calyrex|61/100 tox
|
|-heal|p2a: Š.H.Ï.Ê.L.Đ.|59/100|[from] item: Leftovers
|-damage|p1a: Calyrex|52/100 tox|[from] psn
|-damage|p1a: Calyrex|46/100 tox|[from] move: Infestation|[partiallytrapped]
|upkeep
|turn|22
|
|t:|1644446909
|move|p1a: Calyrex|Max Phantasm|p2a: Š.H.Ï.Ê.L.Đ.
|-damage|p2a: Š.H.Ï.Ê.L.Đ.|13/100
|-boost|p2a: Š.H.Ï.Ê.L.Đ.|def|1
|move|p2a: Š.H.Ï.Ê.L.Đ.|Infestation|p1a: Calyrex
|-damage|p1a: Calyrex|45/100 tox
|
|-heal|p2a: Š.H.Ï.Ê.L.Đ.|19/100|[from] item: Leftovers
|-damage|p1a: Calyrex|33/100 tox|[from] psn
|-damage|p1a: Calyrex|26/100 tox|[from] move: Infestation|[partiallytrapped]
|-end|p2a: Š.H.Ï.Ê.L.Đ.|move: Taunt
|upkeep
|turn|23
|
|t:|1644446912
|move|p1a: Calyrex|Max Phantasm|p2a: Š.H.Ï.Ê.L.Đ.
|-damage|p2a: Š.H.Ï.Ê.L.Đ.|0 fnt
|faint|p2a: Š.H.Ï.Ê.L.Đ.
|-ability|p1a: Calyrex|Grim Neigh|boost
|-boost|p1a: Calyrex|spa|1
|
|-damage|p1a: Calyrex|11/100 tox|[from] psn
|-end|p1a: Calyrex|Infestation|[partiallytrapped]|[silent]
|-end|p1a: Calyrex|Dynamax
|-heal|p1a: Calyrex|11/100 tox|[silent]
|upkeep
|
|t:|1644446921
|switch|p2a: Comodín|Ditto|100/100
|-damage|p2a: Comodín|88/100|[from] Stealth Rock
|-transform|p2a: Comodín|p1a: Calyrex|[from] ability: Imposter
|turn|24
|
|t:|1644446931
|move|p2a: Comodín|Astral Barrage|p1a: Calyrex
|-supereffective|p1a: Calyrex
|-damage|p1a: Calyrex|0 fnt
|faint|p1a: Calyrex
|-ability|p2a: Comodín|Grim Neigh|boost
|-boost|p2a: Comodín|spa|1
|
|upkeep
|
|t:|1644446934
|switch|p1a: Zacian|Zacian-Crowned|100/100
|-damage|p1a: Zacian|94/100|[from] Stealth Rock
|-ability|p1a: Zacian|Intrepid Sword|boost
|-boost|p1a: Zacian|atk|1
|turn|25
|
|t:|1644446936
|switch|p1a: Arceus|Arceus|60/100 tox
|-damage|p1a: Arceus|47/100 tox|[from] Stealth Rock
|move|p2a: Comodín|Astral Barrage|p1a: Arceus
|-immune|p1a: Arceus
|
|-damage|p1a: Arceus|41/100 tox|[from] psn
|upkeep
|turn|26
|
|t:|1644446941
|-start|p2a: Comodín|Dynamax
|-heal|p2a: Comodín|88/100|[silent]
|move|p2a: Comodín|Max Mindstorm|p1a: Arceus
|-damage|p1a: Arceus|0 fnt
|-fieldstart|move: Psychic Terrain
|faint|p1a: Arceus
|-ability|p2a: Comodín|Grim Neigh|boost
|-boost|p2a: Comodín|spa|1
|
|upkeep
|
|t:|1644446945
|switch|p1a: Zacian|Zacian-Crowned|94/100
|-damage|p1a: Zacian|88/100|[from] Stealth Rock
|-ability|p1a: Zacian|Intrepid Sword|boost
|-boost|p1a: Zacian|atk|1
|turn|27
|c|☆S!lc00n|Gg
|-message|xLeonisx forfeited.
|
|win|S!lc00n
|raw|xLeonisx's rating: 1710 &rarr; <strong>1684</strong><br />(-26 for losing)
|raw|S!lc00n's rating: 1606 &rarr; <strong>1632</strong><br />(+26 for winning)
|l|☆xLeonisx
