|j|☆Mr_kraft_
|j|☆Obito 2001
|t:|1667073465
|gametype|singles
|player|p1|Mr_kraft_|101|1684
|player|p2|Obito 2001|teamrocket|1983
|teamsize|p1|6
|teamsize|p2|6
|gen|8
|tier|[Gen 8] National Dex AG
|rated|
|rule|HP Percentage Mod: HP is shown in percentages
|rule|Endless Battle Clause: Forcing endless battles is banned
|clearpoke
|poke|p1|Groudon|
|poke|p1|Marshadow|
|poke|p1|Zacian-*|
|poke|p1|Ditto|
|poke|p1|Kyurem-Black|
|poke|p1|Yveltal|
|poke|p2|Mewtwo|
|poke|p2|Yveltal|
|poke|p2|Arceus-*|
|poke|p2|Necrozma-Dusk-Mane|
|poke|p2|Arceus-*|
|poke|p2|Ditto|
|teampreview
|inactive|Battle timer is ON: inactive players will automatically lose when time's up. (requested by Obito 2001)
|j| Susjsbsbs
|
|t:|1667073480
|start
|switch|p1a: Groudon|Groudon|100/100
|switch|p2a: Arceus|Arceus-Fairy|100/100
|detailschange|p1a: Groudon|Groudon-Primal
|-primal|p1a: Groudon
|-weather|DesolateLand|[from] ability: Desolate Land|[of] p1a: Groudon
|turn|1
|
|t:|1667073483
|move|p2a: Arceus|Toxic|p1a: Groudon
|-status|p1a: Groudon|tox
|move|p1a: Groudon|Heat Crash|p2a: Arceus
|-damage|p2a: Arceus|46/100
|
|-weather|DesolateLand|[upkeep]
|-damage|p1a: Groudon|94/100 tox|[from] psn
|upkeep
|turn|2
|
|t:|1667073489
|move|p2a: Arceus|Stealth Rock|p1a: Groudon
|-sidestart|p1: Mr_kraft_|move: Stealth Rock
|move|p1a: Groudon|Heat Crash|p2a: Arceus
|-damage|p2a: Arceus|0 fnt
|faint|p2a: Arceus
|
|-weather|DesolateLand|[upkeep]
|-damage|p1a: Groudon|82/100 tox|[from] psn
|upkeep
|
|t:|1667073495
|switch|p2a: Ditto|Ditto, shiny|100/100
|-transform|p2a: Ditto|p1a: Groudon|[from] ability: Imposter
|turn|3
|
|t:|1667073505
|move|p2a: Ditto|Precipice Blades|p1a: Groudon
|-supereffective|p1a: Groudon
|-damage|p1a: Groudon|0 fnt
|faint|p1a: Groudon
|
|-weather|DesolateLand|[upkeep]
|upkeep
|
|t:|1667073510
|switch|p1a: Yveltal|Yveltal|100/100
|-damage|p1a: Yveltal|76/100|[from] Stealth Rock
|-ability|p1a: Yveltal|Dark Aura
|turn|4
|
|t:|1667073515
|-weather|none
|switch|p2a: Yveltal|Yveltal, shiny|100/100
|-ability|p2a: Yveltal|Dark Aura
|move|p1a: Yveltal|Defog|p2a: Yveltal
|-unboost|p2a: Yveltal|evasion|1
|-sideend|p1: Mr_kraft_|Stealth Rock|[from] move: Defog|[of] p1a: Yveltal
|
|upkeep
|turn|5
|
|t:|1667073530
|-start|p1a: Yveltal|Dynamax|
|-heal|p1a: Yveltal|76/100|[silent]
|move|p1a: Yveltal|Max Airstream|p2a: Yveltal
|-damage|p2a: Yveltal|33/100
|-boost|p1a: Yveltal|spe|1
|-damage|p1a: Yveltal|71/100|[from] item: Life Orb
|move|p2a: Yveltal|Knock Off|p1a: Yveltal
|-resisted|p1a: Yveltal
|-damage|p1a: Yveltal|57/100
|-enditem|p1a: Yveltal|Life Orb|[from] move: Knock Off|[of] p2a: Yveltal
|
|upkeep
|turn|6
|
|t:|1667073537
|move|p2a: Yveltal|Sucker Punch|p1a: Yveltal
|-resisted|p1a: Yveltal
|-damage|p1a: Yveltal|48/100
|move|p1a: Yveltal|Max Darkness|p2a: Yveltal
|-resisted|p2a: Yveltal
|-damage|p2a: Yveltal|0 fnt
|faint|p2a: Yveltal
|
|upkeep
|
|t:|1667073548
|switch|p2a: Arceus|Arceus|100/100
|turn|7
|l|☆Mr_kraft_
|inactive|Mr_kraft_ disconnected and has a minute to reconnect!
|player|p1|
|j|☆Mr_kraft_
|inactive|Mr_kraft_ reconnected and has 130 seconds left.
|player|p1|Mr_kraft_|101
|
|t:|1667073574
|-start|p2a: Arceus|Dynamax|
|-heal|p2a: Arceus|100/100|[silent]
|move|p2a: Arceus|Max Guard|p2a: Arceus
|-singleturn|p2a: Arceus|Max Guard
|move|p1a: Yveltal|Max Airstream|p2a: Arceus
|-activate|p2a: Arceus|move: Max Guard
|
|upkeep
|-end|p1a: Yveltal|Dynamax
|-heal|p1a: Yveltal|48/100|[silent]
|turn|8
|
|t:|1667073579
|move|p1a: Yveltal|Oblivion Wing|p2a: Arceus
|-damage|p2a: Arceus|88/100
|-heal|p1a: Yveltal|70/100|[from] drain|[of] p2a: Arceus
|move|p2a: Arceus|Max Strike|p1a: Yveltal
|-damage|p1a: Yveltal|8/100
|-unboost|p1a: Yveltal|spe|1
|
|upkeep
|turn|9
|
|t:|1667073583
|move|p1a: Yveltal|Oblivion Wing|p2a: Arceus
|-damage|p2a: Arceus|75/100
|-heal|p1a: Yveltal|30/100|[from] drain|[of] p2a: Arceus
|move|p2a: Arceus|Max Phantasm|p1a: Yveltal
|-resisted|p1a: Yveltal
|-damage|p1a: Yveltal|10/100
|-unboost|p1a: Yveltal|def|1
|
|upkeep
|-end|p2a: Arceus|Dynamax
|-heal|p2a: Arceus|75/100|[silent]
|turn|10
|
|t:|1667073587
|move|p2a: Arceus|Extreme Speed|p1a: Yveltal
|-damage|p1a: Yveltal|0 fnt
|faint|p1a: Yveltal
|
|upkeep
|
|t:|1667073592
|switch|p1a: Marshadow|Marshadow|100/100
|turn|11
|
|t:|1667073595
|switch|p2a: Necrozma|Necrozma-Dusk-Mane|100/100
|move|p1a: Marshadow|Close Combat|p2a: Necrozma
|-damage|p2a: Necrozma|71/100
|-unboost|p1a: Marshadow|def|1
|-unboost|p1a: Marshadow|spd|1
|-damage|p1a: Marshadow|84/100|[from] item: Rocky Helmet|[of] p2a: Necrozma
|
|upkeep
|turn|12
|
|t:|1667073600
|move|p1a: Marshadow|Spectral Thief|p2a: Necrozma
|-supereffective|p2a: Necrozma
|-damage|p2a: Necrozma|37/100
|-damage|p1a: Marshadow|67/100|[from] item: Rocky Helmet|[of] p2a: Necrozma
|move|p2a: Necrozma|Morning Sun|p2a: Necrozma
|-heal|p2a: Necrozma|87/100
|
|upkeep
|turn|13
|
|t:|1667073607
|move|p1a: Marshadow|Spectral Thief|p2a: Necrozma
|-supereffective|p2a: Necrozma
|-damage|p2a: Necrozma|48/100
|-damage|p1a: Marshadow|51/100|[from] item: Rocky Helmet|[of] p2a: Necrozma
|move|p2a: Necrozma|Thunder Wave|p1a: Marshadow
|-status|p1a: Marshadow|par
|
|upkeep
|turn|14
|
|t:|1667073610
|move|p1a: Marshadow|Spectral Thief|p2a: Necrozma
|-supereffective|p2a: Necrozma
|-damage|p2a: Necrozma|11/100
|-damage|p1a: Marshadow|34/100 par|[from] item: Rocky Helmet|[of] p2a: Necrozma
|move|p2a: Necrozma|Morning Sun|p2a: Necrozma
|-heal|p2a: Necrozma|61/100
|
|upkeep
|turn|15
|
|t:|1667073614
|move|p1a: Marshadow|Spectral Thief|p2a: Necrozma
|-supereffective|p2a: Necrozma
|-damage|p2a: Necrozma|27/100
|-damage|p1a: Marshadow|18/100 par|[from] item: Rocky Helmet|[of] p2a: Necrozma
|move|p2a: Necrozma|Morning Sun|p2a: Necrozma
|-heal|p2a: Necrozma|77/100
|
|upkeep
|turn|16
|
|t:|1667073618
|switch|p2a: Arceus|Arceus|75/100
|move|p1a: Marshadow|Spectral Thief|p2a: Arceus
|-immune|p2a: Arceus
|
|upkeep
|turn|17
|
|t:|1667073622
|move|p2a: Arceus|Shadow Claw|p1a: Marshadow
|-supereffective|p1a: Marshadow
|-damage|p1a: Marshadow|0 fnt
|faint|p1a: Marshadow
|
|upkeep
|
|t:|1667073631
|switch|p1a: Kyurem|Kyurem-Black, shiny|100/100
|-ability|p1a: Kyurem|Teravolt
|turn|18
|
|t:|1667073634
|move|p1a: Kyurem|Icicle Spear|p2a: Arceus
|-damage|p2a: Arceus|64/100
|-damage|p2a: Arceus|53/100
|-hitcount|p2a: Arceus|2
|move|p2a: Arceus|Swords Dance|p2a: Arceus
|-boost|p2a: Arceus|atk|2
|
|upkeep
|turn|19
|
|t:|1667073640
|move|p2a: Arceus|Extreme Speed|p1a: Kyurem
|-damage|p1a: Kyurem|23/100
|move|p1a: Kyurem|Icicle Spear|p2a: Arceus
|-crit|p2a: Arceus
|-damage|p2a: Arceus|37/100
|-damage|p2a: Arceus|27/100
|-hitcount|p2a: Arceus|2
|
|upkeep
|turn|20
|
|t:|1667073644
|move|p1a: Kyurem|Icicle Spear|p2a: Arceus
|-damage|p2a: Arceus|16/100
|-damage|p2a: Arceus|5/100
|-hitcount|p2a: Arceus|2
|move|p2a: Arceus|Recover|p2a: Arceus
|-heal|p2a: Arceus|55/100
|
|upkeep
|turn|21
|
|t:|1667073646
|move|p1a: Kyurem|Icicle Spear|p2a: Arceus
|-damage|p2a: Arceus|44/100
|-damage|p2a: Arceus|32/100
|-crit|p2a: Arceus
|-damage|p2a: Arceus|16/100
|-hitcount|p2a: Arceus|3
|move|p2a: Arceus|Recover|p2a: Arceus
|-heal|p2a: Arceus|66/100
|
|upkeep
|turn|22
|
|t:|1667073649
|move|p1a: Kyurem|Icicle Spear|p2a: Arceus
|-damage|p2a: Arceus|55/100
|-damage|p2a: Arceus|44/100
|-damage|p2a: Arceus|33/100
|-damage|p2a: Arceus|22/100
|-damage|p2a: Arceus|11/100
|-hitcount|p2a: Arceus|5
|move|p2a: Arceus|Recover|p2a: Arceus
|-heal|p2a: Arceus|61/100
|
|upkeep
|turn|23
|
|t:|1667073657
|move|p1a: Kyurem|Icicle Spear|p2a: Arceus
|-damage|p2a: Arceus|50/100
|-damage|p2a: Arceus|39/100
|-damage|p2a: Arceus|28/100
|-hitcount|p2a: Arceus|3
|move|p2a: Arceus|Recover|p2a: Arceus
|-heal|p2a: Arceus|78/100
|
|upkeep
|turn|24
|
|t:|1667073662
|move|p2a: Arceus|Extreme Speed|p1a: Kyurem
|-damage|p1a: Kyurem|0 fnt
|faint|p1a: Kyurem
|
|upkeep
|
|t:|1667073670
|switch|p1a: Ditto|Ditto|100/100
|-transform|p1a: Ditto|p2a: Arceus|[from] ability: Imposter
|turn|25
|
|t:|1667073672
|move|p1a: Ditto|Extreme Speed|p2a: Arceus
|-damage|p2a: Arceus|21/100
|move|p2a: Arceus|Extreme Speed|p1a: Ditto
|-damage|p1a: Ditto|16/100
|
|upkeep
|turn|26
|
|t:|1667073678
|move|p1a: Ditto|Extreme Speed|p2a: Arceus
|-crit|p2a: Arceus
|-damage|p2a: Arceus|0 fnt
|faint|p2a: Arceus
|
|upkeep
|
|t:|1667073681
|switch|p2a: Necrozma|Necrozma-Dusk-Mane|77/100
|turn|27
|
|t:|1667073683
|move|p1a: Ditto|Extreme Speed|p2a: Necrozma
|-resisted|p2a: Necrozma
|-damage|p2a: Necrozma|57/100
|-damage|p1a: Ditto|0 fnt|[from] item: Rocky Helmet|[of] p2a: Necrozma
|faint|p1a: Ditto
|move|p2a: Necrozma|Morning Sun|p2a: Necrozma
|-heal|p2a: Necrozma|100/100
|
|upkeep
|
|t:|1667073686
|switch|p1a: Zacian|Zacian-Crowned|100/100
|-ability|p1a: Zacian|Intrepid Sword|boost
|-boost|p1a: Zacian|atk|1
|turn|28
|
|t:|1667073689
|move|p1a: Zacian|Close Combat|p2a: Necrozma
|-damage|p2a: Necrozma|61/100
|-unboost|p1a: Zacian|def|1
|-unboost|p1a: Zacian|spd|1
|-damage|p1a: Zacian|84/100|[from] item: Rocky Helmet|[of] p2a: Necrozma
|move|p2a: Necrozma|Thunder Wave|p1a: Zacian
|-status|p1a: Zacian|par
|
|upkeep
|turn|29
|
|t:|1667073692
|switch|p2a: Mewtwo G.O.A.T|Mewtwo|100/100
|-ability|p2a: Mewtwo G.O.A.T|Pressure
|move|p1a: Zacian|Close Combat|p2a: Mewtwo G.O.A.T
|-resisted|p2a: Mewtwo G.O.A.T
|-damage|p2a: Mewtwo G.O.A.T|63/100
|-unboost|p1a: Zacian|def|1
|-unboost|p1a: Zacian|spd|1
|
|upkeep
|turn|30
|
|t:|1667073695
|detailschange|p2a: Mewtwo G.O.A.T|Mewtwo-Mega-X
|-mega|p2a: Mewtwo G.O.A.T|Mewtwo|Mewtwonite X
|move|p2a: Mewtwo G.O.A.T|Low Kick|p1a: Zacian
|-damage|p1a: Zacian|0 fnt
|faint|p1a: Zacian
|
|win|Obito 2001
|raw|Mr_kraft_'s rating: 1684 &rarr; <strong>1678</strong><br />(-6 for losing)
|raw|Obito 2001's rating: 1983 &rarr; <strong>1989</strong><br />(+6 for winning)
|l|☆Mr_kraft_
