|j|☆soda49
|j|☆Nintendo Corp
|t:|1640386916
|gametype|singles
|player|p1|soda49|1|1624
|player|p2|Nintendo Corp|lusamine-nihilego|1629
|teamsize|p1|6
|teamsize|p2|6
|gen|8
|tier|[Gen 8] National Dex AG
|rated|
|rule|HP Percentage Mod: HP is shown in percentages
|rule|Endless Battle Clause: Forcing endless battles is banned
|clearpoke
|poke|p1|Whimsicott, M|
|poke|p1|Smeargle, F|
|poke|p1|Calyrex-Shadow|
|poke|p1|Dragonite, M|
|poke|p1|Charizard, F|
|poke|p1|Lugia|
|poke|p2|Arceus-*|
|poke|p2|Necrozma-Dusk-Mane|
|poke|p2|Giratina|
|poke|p2|Chansey, F|
|poke|p2|Ditto|
|poke|p2|Groudon|
|teampreview
|inactive|Battle timer is ON: inactive players will automatically lose when time's up. (requested by soda49)
|
|t:|1640386934
|start
|switch|p1a: Calyrex|Calyrex-Shadow|100/100
|switch|p2a: Ditto|Ditto|100/100
|-ability|p1a: Calyrex|As One
|-ability|p1a: Calyrex|Unnerve
|-transform|p2a: Ditto|p1a: Calyrex|[from] ability: Imposter
|turn|1
|
|t:|1640386947
|switch|p1a: The wobbler|Smeargle, F|100/100
|move|p2a: Ditto|Draining Kiss|p1a: The wobbler
|-damage|p1a: The wobbler|52/100
|
|-heal|p1a: The wobbler|58/100|[from] item: Leftovers
|-ability|p1a: The wobbler|Moody|boost
|-boost|p1a: The wobbler|spe|2
|-unboost|p1a: The wobbler|spa|1
|upkeep
|turn|2
|
|t:|1640386958
|switch|p2a: Chansey|Chansey, F|100/100
|move|p1a: The wobbler|Spore|p2a: Chansey
|-status|p2a: Chansey|slp|[from] move: Spore
|
|-heal|p1a: The wobbler|64/100|[from] item: Leftovers
|-ability|p1a: The wobbler|Moody|boost
|-boost|p1a: The wobbler|atk|2
|-unboost|p1a: The wobbler|spe|1
|upkeep
|turn|3
|
|t:|1640386969
|-curestatus|p2a: Chansey|slp|[from] ability: Natural Cure
|switch|p2a: Ditto|Ditto|100/100
|-transform|p2a: Ditto|p1a: The wobbler|[from] ability: Imposter
|move|p1a: The wobbler|Substitute|p1a: The wobbler
|-start|p1a: The wobbler|Substitute
|-damage|p1a: The wobbler|40/100
|
|-heal|p1a: The wobbler|46/100|[from] item: Leftovers
|-ability|p2a: Ditto|Moody|boost
|-boost|p2a: Ditto|spe|2
|-unboost|p2a: Ditto|spd|1
|-ability|p1a: The wobbler|Moody|boost
|-boost|p1a: The wobbler|def|2
|-unboost|p1a: The wobbler|spa|1
|upkeep
|turn|4
|
|t:|1640386979
|move|p2a: Ditto|Power Trip|p1a: The wobbler
|-end|p1a: The wobbler|Substitute
|move|p1a: The wobbler|Spore|p2a: Ditto
|-status|p2a: Ditto|slp|[from] move: Spore
|
|-heal|p1a: The wobbler|51/100|[from] item: Leftovers
|-ability|p2a: Ditto|Moody|boost
|-boost|p2a: Ditto|def|2
|-unboost|p2a: Ditto|atk|1
|-ability|p1a: The wobbler|Moody|boost
|-boost|p1a: The wobbler|atk|2
|-unboost|p1a: The wobbler|spe|1
|upkeep
|turn|5
|
|t:|1640386987
|cant|p2a: Ditto|slp
|move|p1a: The wobbler|Substitute|p1a: The wobbler
|-start|p1a: The wobbler|Substitute
|-damage|p1a: The wobbler|27/100
|
|-heal|p1a: The wobbler|33/100|[from] item: Leftovers
|-ability|p2a: Ditto|Moody|boost
|-boost|p2a: Ditto|def|2
|-unboost|p2a: Ditto|spa|1
|-ability|p1a: The wobbler|Moody|boost
|-boost|p1a: The wobbler|spd|2
|-unboost|p1a: The wobbler|def|1
|upkeep
|turn|6
|
|t:|1640386997
|-curestatus|p2a: Ditto|slp|[msg]
|move|p2a: Ditto|Power Trip|p1a: The wobbler
|-end|p1a: The wobbler|Substitute
|move|p1a: The wobbler|Shell Smash|p1a: The wobbler
|-unboost|p1a: The wobbler|def|1
|-unboost|p1a: The wobbler|spd|1
|-boost|p1a: The wobbler|atk|2
|-boost|p1a: The wobbler|spa|2
|-boost|p1a: The wobbler|spe|2
|
|-heal|p1a: The wobbler|39/100|[from] item: Leftovers
|-ability|p2a: Ditto|Moody|boost
|-boost|p2a: Ditto|spe|2
|-unboost|p2a: Ditto|spa|1
|-ability|p1a: The wobbler|Moody|boost
|-boost|p1a: The wobbler|spd|2
|-unboost|p1a: The wobbler|spa|1
|upkeep
|turn|7
|
|t:|1640387005
|move|p2a: Ditto|Power Trip|p1a: The wobbler
|-damage|p1a: The wobbler|0 fnt
|faint|p1a: The wobbler
|
|-ability|p2a: Ditto|Moody|boost
|-boost|p2a: Ditto|spd|2
|-unboost|p2a: Ditto|spa|1
|upkeep
|
|t:|1640387012
|switch|p1a: Dragonite|Dragonite, M|100/100
|turn|8
|
|t:|1640387017
|move|p2a: Ditto|Power Trip|p1a: Dragonite
|-damage|p1a: Dragonite|77/100
|move|p1a: Dragonite|Dual Wingbeat|p2a: Ditto
|-damage|p2a: Ditto|80/100
|-damage|p2a: Ditto|60/100
|-hitcount|p2a: Ditto|2
|
|-ability|p2a: Ditto|Moody|boost
|-boost|p2a: Ditto|atk|2
|-unboost|p2a: Ditto|spe|1
|upkeep
|turn|9
|
|t:|1640387033
|switch|p2a: Giratina|Giratina|100/100
|-ability|p2a: Giratina|Pressure
|move|p1a: Dragonite|Tailwind|p1a: Dragonite
|-sidestart|p1: soda49|move: Tailwind
|
|upkeep
|turn|10
|inactive|Nintendo Corp has 120 seconds left.
|
|t:|1640387071
|move|p1a: Dragonite|Dual Wingbeat|p2a: Giratina
|-damage|p2a: Giratina|90/100
|-damage|p2a: Giratina|80/100
|-hitcount|p2a: Giratina|2
|move|p2a: Giratina|Toxic|p1a: Dragonite
|-status|p1a: Dragonite|tox
|
|-heal|p2a: Giratina|86/100|[from] item: Leftovers
|-damage|p1a: Dragonite|71/100 tox|[from] psn
|upkeep
|turn|11
|
|t:|1640387089
|switch|p1a: Charizard|Charizard, F|100/100
|move|p2a: Giratina|Toxic|p1a: Charizard
|-status|p1a: Charizard|tox
|
|-heal|p2a: Giratina|93/100|[from] item: Leftovers
|-damage|p1a: Charizard|94/100 tox|[from] psn
|upkeep
|turn|12
|
|t:|1640387105
|switch|p2a: Arceus|Arceus-Water|100/100
|-start|p1a: Charizard|Dynamax
|-formechange|p1a: Charizard|Charizard-Gmax
|-heal|p1a: Charizard|94/100 tox|[silent]
|move|p1a: Charizard|G-Max Wildfire|p2a: Arceus
|-resisted|p2a: Arceus
|-damage|p2a: Arceus|69/100
|-sidestart|p2: Nintendo Corp|G-Max Wildfire
|-damage|p1a: Charizard|90/100 tox|[from] item: Life Orb
|
|-damage|p2a: Arceus|52/100|[from] G-Max Wildfire
|-damage|p1a: Charizard|83/100 tox|[from] psn
|-sideend|p1: soda49|move: Tailwind
|upkeep
|turn|13
|
|t:|1640387122
|move|p1a: Charizard|Max Airstream|p2a: Arceus
|-damage|p2a: Arceus|0 fnt
|-boost|p1a: Charizard|spe|1
|faint|p2a: Arceus
|-damage|p1a: Charizard|79/100 tox|[from] item: Life Orb
|
|-damage|p1a: Charizard|70/100 tox|[from] psn
|upkeep
|inactive|Nintendo Corp has 90 seconds left.
|
|t:|1640387175
|switch|p2a: Chansey|Chansey, F|100/100
|turn|14
|
|t:|1640387186
|move|p1a: Charizard|G-Max Wildfire|p2a: Chansey
|-damage|p2a: Chansey|80/100
|-damage|p1a: Charizard|65/100 tox|[from] item: Life Orb
|move|p2a: Chansey|Soft-Boiled|p2a: Chansey
|-heal|p2a: Chansey|100/100
|
|-damage|p2a: Chansey|84/100|[from] G-Max Wildfire
|-damage|p1a: Charizard|53/100 tox|[from] psn
|-end|p1a: Charizard|Dynamax
|-formechange|p1a: Charizard|Charizard
|-heal|p1a: Charizard|53/100 tox|[silent]
|upkeep
|turn|15
|
|t:|1640387200
|move|p1a: Charizard|Air Slash|p2a: Chansey
|-damage|p2a: Chansey|72/100
|-damage|p1a: Charizard|43/100 tox|[from] item: Life Orb
|cant|p2a: Chansey|flinch
|
|-damage|p2a: Chansey|56/100|[from] G-Max Wildfire
|-damage|p1a: Charizard|13/100 tox|[from] psn
|-sideend|p2: Nintendo Corp|G-Max Wildfire
|upkeep
|turn|16
|
|t:|1640387211
|switch|p1a: Calyrex|Calyrex-Shadow|100/100
|-ability|p1a: Calyrex|As One
|-ability|p1a: Calyrex|Unnerve
|move|p2a: Chansey|Soft-Boiled|p2a: Chansey
|-heal|p2a: Chansey|100/100
|
|upkeep
|turn|17
|inactive|Nintendo Corp has 90 seconds left.
|
|t:|1640387221
|switch|p2a: Groudon|Groudon|100/100
|detailschange|p2a: Groudon|Groudon-Primal
|-primal|p2a: Groudon
|-weather|DesolateLand|[from] ability: Desolate Land|[of] p2a: Groudon
|move|p1a: Calyrex|Nasty Plot|p1a: Calyrex
|-boost|p1a: Calyrex|spa|2
|
|-weather|DesolateLand|[upkeep]
|upkeep
|turn|18
|
|t:|1640387238
|move|p1a: Calyrex|Astral Barrage|p2a: Groudon
|-damage|p2a: Groudon|4/100
|move|p2a: Groudon|Precipice Blades|p1a: Calyrex
|-crit|p1a: Calyrex
|-enditem|p1a: Calyrex|Focus Sash
|-damage|p1a: Calyrex|1/100
|
|-weather|DesolateLand|[upkeep]
|upkeep
|turn|19
|
|t:|1640387249
|move|p1a: Calyrex|Astral Barrage|p2a: Groudon
|-damage|p2a: Groudon|0 fnt
|faint|p2a: Groudon
|-weather|none
|-ability|p1a: Calyrex|Grim Neigh|boost
|-boost|p1a: Calyrex|spa|1
|
|upkeep
|
|t:|1640387252
|switch|p2a: Ditto|Ditto|60/100
|-transform|p2a: Ditto|p1a: Calyrex|[from] ability: Imposter
|turn|20
|
|t:|1640387279
|switch|p1a: Charizard|Charizard, F|13/100 tox
|move|p2a: Ditto|Astral Barrage|p1a: Charizard
|-damage|p1a: Charizard|0 fnt
|faint|p1a: Charizard
|-ability|p2a: Ditto|Grim Neigh|boost
|-boost|p2a: Ditto|spa|1
|
|upkeep
|
|t:|1640387282
|switch|p1a: Whimsicott|Whimsicott, M|100/100
|turn|21
|
|t:|1640387285
|move|p1a: Whimsicott|Cotton Spore|p2a: Ditto
|-unboost|p2a: Ditto|spe|2
|move|p2a: Ditto|Astral Barrage|p1a: Whimsicott
|-enditem|p1a: Whimsicott|Focus Sash
|-damage|p1a: Whimsicott|1/100
|
|upkeep
|turn|22
|
|t:|1640387294
|move|p1a: Whimsicott|Moonblast|p2a: Ditto
|-damage|p2a: Ditto|28/100
|move|p2a: Ditto|Astral Barrage|p1a: Whimsicott
|-damage|p1a: Whimsicott|0 fnt
|faint|p1a: Whimsicott
|-ability|p2a: Ditto|Grim Neigh|boost
|-boost|p2a: Ditto|spa|1
|
|upkeep
|
|t:|1640387297
|switch|p1a: Lugia|Lugia|100/100
|turn|23
|
|t:|1640387306
|switch|p2a: Necrozma|Necrozma-Dusk-Mane|100/100
|move|p1a: Lugia|Aeroblast|p2a: Necrozma
|-resisted|p2a: Necrozma
|-damage|p2a: Necrozma|86/100
|
|upkeep
|turn|24
|
|t:|1640387311
|move|p2a: Necrozma|Dragon Dance|p2a: Necrozma
|-boost|p2a: Necrozma|atk|1
|-boost|p2a: Necrozma|spe|1
|move|p1a: Lugia|Calm Mind|p1a: Lugia
|-boost|p1a: Lugia|spa|1
|-boost|p1a: Lugia|spd|1
|
|upkeep
|turn|25
|
|t:|1640387317
|-start|p2a: Necrozma|Dynamax
|-heal|p2a: Necrozma|86/100|[silent]
|move|p2a: Necrozma|Max Steelspike|p1a: Lugia
|-crit|p1a: Lugia
|-damage|p1a: Lugia|55/100
|-boost|p2a: Necrozma|def|1
|move|p1a: Lugia|Aeroblast|p2a: Necrozma
|-resisted|p2a: Necrozma
|-damage|p2a: Necrozma|76/100
|
|-heal|p1a: Lugia|61/100|[from] item: Leftovers
|upkeep
|turn|26
|
|t:|1640387322
|move|p2a: Necrozma|Max Steelspike|p1a: Lugia
|-damage|p1a: Lugia|0 fnt
|-boost|p2a: Necrozma|def|1
|faint|p1a: Lugia
|
|upkeep
|
|t:|1640387325
|switch|p1a: Calyrex|Calyrex-Shadow|1/100
|-ability|p1a: Calyrex|As One
|-ability|p1a: Calyrex|Unnerve
|turn|27
|
|t:|1640387330
|move|p1a: Calyrex|Astral Barrage|p2a: Necrozma
|-supereffective|p2a: Necrozma
|-damage|p2a: Necrozma|19/100
|-enditem|p2a: Necrozma|Weakness Policy
|-boost|p2a: Necrozma|atk|2|[from] item: Weakness Policy
|-boost|p2a: Necrozma|spa|2|[from] item: Weakness Policy
|move|p2a: Necrozma|Max Quake|p1a: Calyrex
|-damage|p1a: Calyrex|0 fnt
|-boost|p2a: Necrozma|spd|1
|faint|p1a: Calyrex
|
|-end|p2a: Necrozma|Dynamax
|-heal|p2a: Necrozma|19/100|[silent]
|upkeep
|
|t:|1640387332
|switch|p1a: Dragonite|Dragonite, M|71/100 tox
|turn|28
|
|t:|1640387335
|move|p2a: Necrozma|Sunsteel Strike|p1a: Dragonite
|-damage|p1a: Dragonite|0 fnt
|faint|p1a: Dragonite
|
|win|Nintendo Corp
|raw|soda49's rating: 1624 &rarr; <strong>1604</strong><br />(-20 for losing)
|raw|Nintendo Corp's rating: 1629 &rarr; <strong>1649</strong><br />(+20 for winning)
|j| CritsMakeMeForfeit
|l|☆soda49
|l|☆Nintendo Corp
