|j|☆theChikunEater
|j|☆TaxFraud094
|t:|1666974105
|gametype|singles
|player|p1|theChikunEater|flannery|1566
|player|p2|TaxFraud094|skyla-masters2|1843
|teamsize|p1|6
|teamsize|p2|6
|gen|8
|tier|[Gen 8] National Dex AG
|rated|
|rule|HP Percentage Mod: HP is shown in percentages
|rule|Endless Battle Clause: Forcing endless battles is banned
|clearpoke
|poke|p1|Smeargle, M|
|poke|p1|Smeargle, M|
|poke|p1|Lopunny, F|
|poke|p1|Ditto|
|poke|p1|Bibarel, F|
|poke|p1|Arceus-*|
|poke|p2|Zacian-*|
|poke|p2|Necrozma-Dusk-Mane|
|poke|p2|Groudon|
|poke|p2|Arceus-*|
|poke|p2|Ho-Oh|
|poke|p2|Yveltal|
|teampreview
|inactive|Battle timer is ON: inactive players will automatically lose when time's up. (requested by TaxFraud094)
|inactive|theChikunEater also wants the timer to be on.
|c|☆theChikunEater|glhf
|
|t:|1666974115
|start
|switch|p1a: Smeargle|Smeargle, M|100/100
|switch|p2a: Yveltal|Yveltal|100/100
|-ability|p2a: Yveltal|Dark Aura
|turn|1
|
|t:|1666974121
|switch|p1a: Bibarel|Bibarel, F|100/100
|move|p2a: Yveltal|Taunt|p1a: Bibarel
|-start|p1a: Bibarel|move: Taunt
|
|upkeep
|turn|2
|c|☆theChikunEater|imma guess you commit tax fraud
|
|t:|1666974132
|move|p2a: Yveltal|Dark Pulse|p1a: Bibarel
|-damage|p1a: Bibarel|0 fnt
|faint|p1a: Bibarel
|-damage|p2a: Yveltal|91/100|[from] item: Life Orb
|
|upkeep
|
|t:|1666974135
|switch|p1a: Lopunny|Lopunny, F|100/100
|turn|3
|
|t:|1666974154
|switch|p2a: Groudon|Groudon|100/100
|detailschange|p2a: Groudon|Groudon-Primal
|-primal|p2a: Groudon
|-weather|DesolateLand|[from] ability: Desolate Land|[of] p2a: Groudon
|detailschange|p1a: Lopunny|Lopunny-Mega, F
|-mega|p1a: Lopunny|Lopunny|Lopunnite
|move|p1a: Lopunny|Fake Out|p2a: Groudon
|-damage|p2a: Groudon|89/100
|
|-weather|DesolateLand|[upkeep]
|upkeep
|turn|4
|
|t:|1666974164
|switch|p1a: Smeargle|Smeargle, M|100/100
|move|p2a: Groudon|Stealth Rock|p1a: Smeargle
|-sidestart|p1: theChikunEater|move: Stealth Rock
|
|-weather|DesolateLand|[upkeep]
|-ability|p1a: Smeargle|Moody|boost
|-boost|p1a: Smeargle|def|2
|-unboost|p1a: Smeargle|spd|1
|upkeep
|turn|5
|
|t:|1666974168
|-weather|none
|switch|p2a: Ho-Oh|Ho-Oh|100/100
|move|p1a: Smeargle|Spore|p2a: Ho-Oh
|-status|p2a: Ho-Oh|slp|[from] move: Spore
|
|-ability|p1a: Smeargle|Moody|boost
|-boost|p1a: Smeargle|spe|2
|-unboost|p1a: Smeargle|atk|1
|upkeep
|turn|6
|
|t:|1666974172
|move|p1a: Smeargle|Shell Smash|p1a: Smeargle
|-unboost|p1a: Smeargle|def|1
|-unboost|p1a: Smeargle|spd|1
|-boost|p1a: Smeargle|atk|2
|-boost|p1a: Smeargle|spa|2
|-boost|p1a: Smeargle|spe|2
|cant|p2a: Ho-Oh|slp
|
|-ability|p1a: Smeargle|Moody|boost
|-boost|p1a: Smeargle|spa|2
|-unboost|p1a: Smeargle|spd|1
|upkeep
|turn|7
|
|t:|1666974176
|move|p1a: Smeargle|Baton Pass|p1a: Smeargle
|
|t:|1666974177
|switch|p1a: Arceus|Arceus|100/100|[from]move: Baton Pass
|-damage|p1a: Arceus|88/100|[from] Stealth Rock
|cant|p2a: Ho-Oh|slp
|
|upkeep
|turn|8
|
|t:|1666974184
|move|p1a: Arceus|Judgment|p2a: Ho-Oh
|-damage|p2a: Ho-Oh|0 fnt
|faint|p2a: Ho-Oh
|
|upkeep
|c|☆theChikunEater|ggs
|
|t:|1666974200
|switch|p2a: Arceus|Arceus-Water|100/100
|turn|9
|c|☆TaxFraud094|sure pal
|c|☆TaxFraud094|sure
|
|t:|1666974218
|-start|p1a: Arceus|Dynamax|
|-heal|p1a: Arceus|88/100|[silent]
|-start|p2a: Arceus|Dynamax|
|-heal|p2a: Arceus|100/100|[silent]
|move|p1a: Arceus|Max Overgrowth|p2a: Arceus
|-supereffective|p2a: Arceus
|-damage|p2a: Arceus|14/100
|-fieldstart|move: Grassy Terrain
|move|p2a: Arceus|Max Hailstorm|p1a: Arceus
|-damage|p1a: Arceus|52/100
|-weather|Hail
|
|-weather|Hail|[upkeep]
|-damage|p1a: Arceus|49/100|[from] Hail
|-damage|p2a: Arceus|11/100|[from] Hail
|-heal|p1a: Arceus|52/100|[from] Grassy Terrain
|-heal|p2a: Arceus|14/100|[from] Grassy Terrain
|upkeep
|turn|10
|c|☆theChikunEater|ok
|
|t:|1666974228
|move|p2a: Arceus|Max Guard|p2a: Arceus
|-singleturn|p2a: Arceus|Max Guard
|move|p1a: Arceus|Max Mindstorm|p2a: Arceus
|-activate|p2a: Arceus|move: Max Guard
|
|-weather|Hail|[upkeep]
|-damage|p1a: Arceus|49/100|[from] Hail
|-damage|p2a: Arceus|11/100|[from] Hail
|-heal|p1a: Arceus|52/100|[from] Grassy Terrain
|-heal|p2a: Arceus|14/100|[from] Grassy Terrain
|upkeep
|turn|11
|c|☆theChikunEater|thanks
|j| f1r35t0rm_96
|
|t:|1666974247
|move|p1a: Arceus|Max Steelspike|p2a: Arceus
|-resisted|p2a: Arceus
|-crit|p2a: Arceus
|-damage|p2a: Arceus|0 fnt
|-boost|p1a: Arceus|def|1
|faint|p2a: Arceus
|
|-weather|Hail|[upkeep]
|-damage|p1a: Arceus|49/100|[from] Hail
|-heal|p1a: Arceus|52/100|[from] Grassy Terrain
|upkeep
|
|t:|1666974251
|switch|p2a: Necrozma|Necrozma-Dusk-Mane|100/100
|-end|p1a: Arceus|Dynamax
|-heal|p1a: Arceus|52/100|[silent]
|turn|12
|
|t:|1666974254
|move|p1a: Arceus|Judgment|p2a: Necrozma
|-resisted|p2a: Necrozma
|-damage|p2a: Necrozma|17/100
|move|p2a: Necrozma|Dragon Dance|p2a: Necrozma
|-boost|p2a: Necrozma|atk|1
|-boost|p2a: Necrozma|spe|1
|
|-weather|Hail|[upkeep]
|-damage|p1a: Arceus|46/100|[from] Hail
|-damage|p2a: Necrozma|10/100|[from] Hail
|-heal|p1a: Arceus|52/100|[from] Grassy Terrain
|-heal|p2a: Necrozma|17/100|[from] Grassy Terrain
|-heal|p2a: Necrozma|23/100|[from] item: Leftovers
|upkeep
|turn|13
|
|t:|1666974261
|move|p1a: Arceus|Judgment|p2a: Necrozma
|-resisted|p2a: Necrozma
|-damage|p2a: Necrozma|0 fnt
|faint|p2a: Necrozma
|
|-weather|none
|-heal|p1a: Arceus|59/100|[from] Grassy Terrain
|-fieldend|move: Grassy Terrain
|upkeep
|
|t:|1666974262
|switch|p2a: Zacian|Zacian-Crowned|100/100
|-ability|p2a: Zacian|Intrepid Sword|boost
|-boost|p2a: Zacian|atk|1
|turn|14
|
|t:|1666974265
|move|p1a: Arceus|Judgment|p2a: Zacian
|-resisted|p2a: Zacian
|-damage|p2a: Zacian|0 fnt
|faint|p2a: Zacian
|
|upkeep
|
|t:|1666974268
|switch|p2a: Yveltal|Yveltal|91/100
|-ability|p2a: Yveltal|Dark Aura
|turn|15
|
|t:|1666974272
|move|p2a: Yveltal|Sucker Punch|p1a: Arceus
|-damage|p1a: Arceus|37/100
|-damage|p2a: Yveltal|81/100|[from] item: Life Orb
|move|p1a: Arceus|Judgment|p2a: Yveltal
|-damage|p2a: Yveltal|0 fnt
|faint|p2a: Yveltal
|
|upkeep
|
|t:|1666974274
|switch|p2a: Groudon|Groudon-Primal|89/100
|-weather|DesolateLand|[from] ability: Desolate Land|[of] p2a: Groudon
|turn|16
|
|t:|1666974277
|move|p1a: Arceus|Judgment|p2a: Groudon
|-damage|p2a: Groudon|0 fnt
|faint|p2a: Groudon
|-weather|none
|
|win|theChikunEater
|raw|theChikunEater's rating: 1566 &rarr; <strong>1599</strong><br />(+33 for winning)
|raw|TaxFraud094's rating: 1843 &rarr; <strong>1810</strong><br />(-33 for losing)
|j| Obito 2001
|l|☆theChikunEater
|c|☆TaxFraud094|imagine saying gg
|c|☆TaxFraud094|when it wasn’t good
|l|☆TaxFraud094
|l| Obito 2001
||Ladder isn't responding, score probably updated but might not have (Request timeout).
