|j|☆aseeasase
|j|☆DragonRayqua
|t:|1659418607
|gametype|singles
|player|p1|aseeasase|1|1834
|player|p2|DragonRayqua|steven|1725
|teamsize|p1|6
|teamsize|p2|6
|gen|8
|tier|[Gen 8] National Dex AG
|rated|
|rule|HP Percentage Mod: HP is shown in percentages
|rule|Endless Battle Clause: Forcing endless battles is banned
|clearpoke
|poke|p1|Arceus-*|
|poke|p1|Tyranitar, M|
|poke|p1|Calyrex-Shadow|
|poke|p1|Ditto|
|poke|p1|Reshiram|
|poke|p1|Giratina-Origin|
|poke|p2|Rayquaza|
|poke|p2|Zacian-*|
|poke|p2|Groudon|
|poke|p2|Yveltal|
|poke|p2|Ditto|
|poke|p2|Slurpuff, L97, M|
|teampreview
|inactive|Battle timer is ON: inactive players will automatically lose when time's up. (requested by DragonRayqua)
|
|t:|1659418616
|start
|switch|p1a: Ditto|Ditto|100/100
|switch|p2a: Slurpuff|Slurpuff, L97, M|100/100
|-transform|p1a: Ditto|p2a: Slurpuff|[from] ability: Imposter
|turn|1
|
|t:|1659418640
|switch|p1a: Calyrex|Calyrex-Shadow|100/100
|-ability|p1a: Calyrex|As One
|-ability|p1a: Calyrex|Unnerve
|move|p2a: Slurpuff|Magic Coat|p2a: Slurpuff
|-singleturn|p2a: Slurpuff|move: Magic Coat
|
|upkeep
|turn|2
|
|t:|1659418646
|move|p1a: Calyrex|Encore|p2a: Slurpuff
|-start|p2a: Slurpuff|Encore
|move|p2a: Slurpuff|Magic Coat|p2a: Slurpuff
|-singleturn|p2a: Slurpuff|move: Magic Coat
|
|upkeep
|turn|3
|
|t:|1659418658
|switch|p2a: Yveltal|Yveltal|100/100
|-ability|p2a: Yveltal|Dark Aura
|move|p1a: Calyrex|Substitute|p1a: Calyrex
|-start|p1a: Calyrex|Substitute
|-damage|p1a: Calyrex|76/100
|
|-heal|p1a: Calyrex|82/100|[from] item: Leftovers
|upkeep
|turn|4
|inactive|DragonRayqua has 120 seconds left.
|l|☆aseeasase
|inactive|aseeasase disconnected and has a minute to reconnect!
|player|p1|
|
|t:|1659418694
|move|p1a: Calyrex|Leech Seed|p2a: Yveltal
|-start|p2a: Yveltal|move: Leech Seed
|move|p2a: Yveltal|Oblivion Wing|p1a: Calyrex
|-end|p1a: Calyrex|Substitute
|-damage|p2a: Yveltal|91/100|[from] item: Life Orb
|
|-heal|p1a: Calyrex|88/100|[from] item: Leftovers
|-damage|p2a: Yveltal|78/100|[from] Leech Seed|[of] p1a: Calyrex
|-heal|p1a: Calyrex|100/100|[silent]
|upkeep
|turn|5
|j|☆aseeasase
|inactive|aseeasase reconnected and has 150 seconds left.
|player|p1|aseeasase|1
|inactive|DragonRayqua has 120 seconds left.
|
|t:|1659418706
|move|p1a: Calyrex|Substitute|p1a: Calyrex
|-start|p1a: Calyrex|Substitute
|-damage|p1a: Calyrex|76/100
|move|p2a: Yveltal|Oblivion Wing|p1a: Calyrex
|-end|p1a: Calyrex|Substitute
|-heal|p2a: Yveltal|94/100|[from] drain|[of] p1a: Calyrex
|-damage|p2a: Yveltal|85/100|[from] item: Life Orb
|
|-heal|p1a: Calyrex|82/100|[from] item: Leftovers
|-damage|p2a: Yveltal|72/100|[from] Leech Seed|[of] p1a: Calyrex
|-heal|p1a: Calyrex|96/100|[silent]
|upkeep
|turn|6
|inactive|DragonRayqua has 120 seconds left.
|
|t:|1659418712
|move|p1a: Calyrex|Substitute|p1a: Calyrex
|-start|p1a: Calyrex|Substitute
|-damage|p1a: Calyrex|71/100
|move|p2a: Yveltal|Oblivion Wing|p1a: Calyrex
|-end|p1a: Calyrex|Substitute
|-heal|p2a: Yveltal|88/100|[from] drain|[of] p1a: Calyrex
|-damage|p2a: Yveltal|78/100|[from] item: Life Orb
|
|-heal|p1a: Calyrex|77/100|[from] item: Leftovers
|-damage|p2a: Yveltal|66/100|[from] Leech Seed|[of] p1a: Calyrex
|-heal|p1a: Calyrex|92/100|[silent]
|upkeep
|turn|7
|inactive|DragonRayqua has 120 seconds left.
|inactive|DragonRayqua has 90 seconds left.
|
|t:|1659418764
|switch|p2a: Slurpuff|Slurpuff, L97, M|100/100
|move|p1a: Calyrex|Substitute|p1a: Calyrex
|-start|p1a: Calyrex|Substitute
|-damage|p1a: Calyrex|67/100
|
|-heal|p1a: Calyrex|73/100|[from] item: Leftovers
|upkeep
|turn|8
|
|t:|1659418776
|move|p2a: Slurpuff|Magic Coat|p2a: Slurpuff
|-singleturn|p2a: Slurpuff|move: Magic Coat
|move|p1a: Calyrex|Astral Barrage|p2a: Slurpuff
|-enditem|p2a: Slurpuff|Focus Sash
|-damage|p2a: Slurpuff|1/100
|
|-heal|p1a: Calyrex|79/100|[from] item: Leftovers
|upkeep
|turn|9
|inactive|DragonRayqua has 90 seconds left.
|
|t:|1659418798
|move|p2a: Slurpuff|Misty Explosion|p1a: Calyrex
|-end|p1a: Calyrex|Substitute
|faint|p2a: Slurpuff
|move|p1a: Calyrex|Astral Barrage|p2: Slurpuff|[notarget]
|-fail|p1a: Calyrex
|
|-heal|p1a: Calyrex|85/100|[from] item: Leftovers
|upkeep
|
|t:|1659418801
|switch|p2a: Yveltal|Yveltal|66/100
|-ability|p2a: Yveltal|Dark Aura
|turn|10
|
|t:|1659418808
|switch|p1a: Tyranitar|Tyranitar, M|100/100
|-weather|Sandstorm|[from] ability: Sand Stream|[of] p1a: Tyranitar
|move|p2a: Yveltal|Dark Pulse|p1a: Tyranitar
|-resisted|p1a: Tyranitar
|-damage|p1a: Tyranitar|83/100
|-damage|p2a: Yveltal|56/100|[from] item: Life Orb
|
|-weather|Sandstorm|[upkeep]
|-damage|p2a: Yveltal|50/100|[from] Sandstorm
|upkeep
|turn|11
|inactive|DragonRayqua has 90 seconds left.
|
|t:|1659418828
|switch|p2a: Zacian|Zacian-Crowned|100/100
|-ability|p2a: Zacian|Intrepid Sword|boost
|-boost|p2a: Zacian|atk|1
|detailschange|p1a: Tyranitar|Tyranitar-Mega, M
|-mega|p1a: Tyranitar|Tyranitar|Tyranitarite
|move|p1a: Tyranitar|Stealth Rock|p2a: Zacian
|-sidestart|p2: DragonRayqua|move: Stealth Rock
|
|-weather|Sandstorm|[upkeep]
|upkeep
|turn|12
|
|t:|1659418855
|move|p2a: Zacian|Close Combat|p1a: Tyranitar
|-supereffective|p1a: Tyranitar
|-damage|p1a: Tyranitar|0 fnt
|-unboost|p2a: Zacian|def|1
|-unboost|p2a: Zacian|spd|1
|faint|p1a: Tyranitar
|
|-weather|Sandstorm|[upkeep]
|upkeep
|inactive|aseeasase has 120 seconds left.
|
|t:|1659418878
|switch|p1a: Ditto|Ditto|100/100
|-transform|p1a: Ditto|p2a: Zacian|[from] ability: Imposter
|-ability|p1a: Ditto|Intrepid Sword|boost
|-boost|p1a: Ditto|atk|1
|turn|13
|inactive|DragonRayqua has 90 seconds left.
|
|t:|1659418890
|move|p1a: Ditto|Close Combat|p2a: Zacian
|-damage|p2a: Zacian|0 fnt
|-unboost|p1a: Ditto|def|1
|-unboost|p1a: Ditto|spd|1
|faint|p2a: Zacian
|
|-weather|Sandstorm|[upkeep]
|upkeep
|inactive|DragonRayqua has 90 seconds left.
|
|t:|1659418902
|switch|p2a: Rayquaza|Rayquaza|100/100
|-damage|p2a: Rayquaza|75/100|[from] Stealth Rock
|-ability|p2a: Rayquaza|Air Lock
|turn|14
|inactive|DragonRayqua has 90 seconds left.
|inactive|aseeasase has 120 seconds left.
|
|t:|1659418914
|switch|p1a: Giratina|Giratina-Origin|100/100
|detailschange|p2a: Rayquaza|Rayquaza-Mega
|-mega|p2a: Rayquaza|Rayquaza|
|-weather|DeltaStream|[from] ability: Delta Stream|[of] p2a: Rayquaza
|move|p2a: Rayquaza|Earthquake|p1a: Giratina
|-immune|p1a: Giratina|[from] ability: Levitate
|
|-weather|DeltaStream|[upkeep]
|upkeep
|turn|15
|inactive|aseeasase has 120 seconds left.
|inactive|DragonRayqua has 90 seconds left.
|
|t:|1659418936
|-weather|none
|switch|p2a: Yveltal|Yveltal|50/100
|-damage|p2a: Yveltal|25/100|[from] Stealth Rock
|-ability|p2a: Yveltal|Dark Aura
|move|p1a: Giratina|Thunder Wave|p2a: Yveltal
|-status|p2a: Yveltal|par
|
|upkeep
|turn|16
|
|t:|1659418944
|move|p1a: Giratina|Hex|p2a: Yveltal
|-resisted|p2a: Yveltal
|-damage|p2a: Yveltal|0 fnt
|faint|p2a: Yveltal
|
|upkeep
|
|t:|1659418949
|switch|p2a: Groudon|Groudon|100/100
|-damage|p2a: Groudon|94/100|[from] Stealth Rock
|detailschange|p2a: Groudon|Groudon-Primal
|-primal|p2a: Groudon
|-weather|DesolateLand|[from] ability: Desolate Land|[of] p2a: Groudon
|turn|17
|
|t:|1659418956
|move|p2a: Groudon|Stone Edge|p1a: Giratina
|-damage|p1a: Giratina|69/100
|move|p1a: Giratina|Toxic|p2a: Groudon
|-status|p2a: Groudon|tox
|
|-weather|DesolateLand|[upkeep]
|-damage|p2a: Groudon|88/100 tox|[from] psn
|upkeep
|turn|18
|
|t:|1659418961
|-weather|none
|switch|p2a: Ditto|Ditto, shiny|100/100
|-damage|p2a: Ditto|88/100|[from] Stealth Rock
|-transform|p2a: Ditto|p1a: Giratina|[from] ability: Imposter
|move|p1a: Giratina|Hex|p2a: Ditto
|-supereffective|p2a: Ditto
|-damage|p2a: Ditto|0 fnt
|faint|p2a: Ditto
|
|upkeep
|
|t:|1659418968
|switch|p2a: Rayquaza|Rayquaza-Mega|75/100
|-damage|p2a: Rayquaza|50/100|[from] Stealth Rock
|-weather|DeltaStream|[from] ability: Delta Stream|[of] p2a: Rayquaza
|turn|19
|
|t:|1659418980
|move|p2a: Rayquaza|Dragon Ascent|p1a: Giratina
|-damage|p1a: Giratina|14/100
|-unboost|p2a: Rayquaza|def|1
|-unboost|p2a: Rayquaza|spd|1
|move|p1a: Giratina|Hex|p2a: Rayquaza
|-damage|p2a: Rayquaza|0 fnt
|faint|p2a: Rayquaza
|-weather|none
|
|upkeep
|
|t:|1659418984
|switch|p2a: Groudon|Groudon-Primal|88/100 tox
|-damage|p2a: Groudon|76/100 tox|[from] Stealth Rock
|-weather|DesolateLand|[from] ability: Desolate Land|[of] p2a: Groudon
|turn|20
|
|t:|1659418993
|move|p2a: Groudon|Stone Edge|p1a: Giratina
|-damage|p1a: Giratina|0 fnt
|faint|p1a: Giratina
|
|-weather|DesolateLand|[upkeep]
|-damage|p2a: Groudon|70/100 tox|[from] psn
|upkeep
|
|t:|1659418996
|switch|p1a: Reshiram|Reshiram|100/100
|-ability|p1a: Reshiram|Turboblaze
|turn|21
|
|t:|1659418999
|move|p1a: Reshiram|Flare Blitz|p2a: Groudon
|-resisted|p2a: Groudon
|-damage|p2a: Groudon|36/100 tox
|-damage|p1a: Reshiram|88/100|[from] Recoil
|-damage|p1a: Reshiram|78/100|[from] item: Life Orb
|move|p2a: Groudon|Precipice Blades|p1a: Reshiram
|-supereffective|p1a: Reshiram
|-damage|p1a: Reshiram|0 fnt
|faint|p1a: Reshiram
|
|-weather|DesolateLand|[upkeep]
|-damage|p2a: Groudon|24/100 tox|[from] psn
|upkeep
|
|t:|1659419004
|switch|p1a: Arceus|Arceus-Grass|100/100
|turn|22
|
|t:|1659419007
|move|p1a: Arceus|Bullet Seed|p2a: Groudon
|-damage|p2a: Groudon|14/100 tox
|-damage|p2a: Groudon|4/100 tox
|-hitcount|p2a: Groudon|2
|move|p2a: Groudon|Heat Crash|p1a: Arceus
|-supereffective|p1a: Arceus
|-damage|p1a: Arceus|0 fnt
|faint|p1a: Arceus
|
|-weather|DesolateLand|[upkeep]
|-damage|p2a: Groudon|0 fnt|[from] psn
|faint|p2a: Groudon
|-weather|none
|
|win|aseeasase
|upkeep
|raw|aseeasase's rating: 1834 &rarr; <strong>1848</strong><br />(+14 for winning)
|raw|DragonRayqua's rating: 1725 &rarr; <strong>1711</strong><br />(-14 for losing)
|l|☆DragonRayqua
