|j|☆ExciveMaster
|j|☆Schweppess
|t:|1653335864
|gametype|singles
|player|p1|ExciveMaster|misty|1496
|player|p2|Schweppess|gambler|1622
|teamsize|p1|6
|teamsize|p2|6
|gen|8
|tier|[Gen 8] National Dex AG
|rated|
|rule|HP Percentage Mod: HP is shown in percentages
|rule|Endless Battle Clause: Forcing endless battles is banned
|clearpoke
|poke|p1|Celesteela|
|poke|p1|Smeargle, F|
|poke|p1|Calyrex-Shadow|
|poke|p1|Diancie|
|poke|p1|Arceus-*|
|poke|p1|Quagsire, M|
|poke|p2|Kyogre|
|poke|p2|Groudon|
|poke|p2|Rayquaza|
|poke|p2|Yveltal|
|poke|p2|Zacian-*|
|poke|p2|Ditto|
|teampreview
|inactive|Battle timer is ON: inactive players will automatically lose when time's up. (requested by Schweppess)
|
|t:|1653335878
|start
|switch|p1a: Diancie|Diancie|100/100
|switch|p2a: Groudon|Groudon|100/100
|detailschange|p2a: Groudon|Groudon-Primal
|-primal|p2a: Groudon
|-weather|DesolateLand|[from] ability: Desolate Land|[of] p2a: Groudon
|turn|1
|
|t:|1653335883
|detailschange|p1a: Diancie|Diancie-Mega
|-mega|p1a: Diancie|Diancie|Diancite
|move|p1a: Diancie|Magnet Rise|p1a: Diancie
|-start|p1a: Diancie|Magnet Rise
|move|p2a: Groudon|Rock Tomb|p1a: Diancie
|-damage|p1a: Diancie|67/100
|-unboost|p1a: Diancie|spe|1
|
|-weather|DesolateLand|[upkeep]
|upkeep
|turn|2
|
|t:|1653335894
|move|p2a: Groudon|Swords Dance|p2a: Groudon
|-boost|p2a: Groudon|atk|2
|move|p1a: Diancie|Earth Power|p2a: Groudon
|-supereffective|p2a: Groudon
|-damage|p2a: Groudon|33/100
|
|-weather|DesolateLand|[upkeep]
|upkeep
|turn|3
|
|t:|1653335903
|move|p2a: Groudon|Rock Tomb|p1a: Diancie
|-damage|p1a: Diancie|3/100
|-unboost|p1a: Diancie|spe|1
|move|p1a: Diancie|Earth Power|p2a: Groudon
|-supereffective|p2a: Groudon
|-crit|p2a: Groudon
|-damage|p2a: Groudon|0 fnt
|faint|p2a: Groudon
|-weather|none
|
|upkeep
|
|t:|1653335920
|switch|p2a: Yveltal|Yveltal|100/100
|-ability|p2a: Yveltal|Dark Aura
|turn|4
|
|t:|1653335933
|switch|p1a: Arceus|Arceus|100/100
|move|p2a: Yveltal|Oblivion Wing|p1a: Arceus
|-damage|p1a: Arceus|63/100
|-damage|p2a: Yveltal|91/100|[from] item: Life Orb
|
|upkeep
|turn|5
|
|t:|1653335947
|-start|p2a: Yveltal|Dynamax|
|-heal|p2a: Yveltal|91/100|[silent]
|move|p2a: Yveltal|Max Airstream|p1a: Arceus
|-damage|p1a: Arceus|3/100
|-boost|p2a: Yveltal|spe|1
|-damage|p2a: Yveltal|86/100|[from] item: Life Orb
|move|p1a: Arceus|Sludge Bomb|p2a: Yveltal
|-damage|p2a: Yveltal|70/100
|
|upkeep
|turn|6
|
|t:|1653335969
|move|p2a: Yveltal|Max Airstream|p1a: Arceus
|-damage|p1a: Arceus|0 fnt
|-boost|p2a: Yveltal|spe|1
|faint|p1a: Arceus
|-damage|p2a: Yveltal|65/100|[from] item: Life Orb
|
|upkeep
|
|t:|1653335974
|switch|p1a: Diancie|Diancie-Mega|3/100
|turn|7
|
|t:|1653335977
|move|p2a: Yveltal|Max Flare|p1a: Diancie
|-resisted|p1a: Diancie
|-damage|p1a: Diancie|0 fnt
|-weather|SunnyDay
|faint|p1a: Diancie
|-damage|p2a: Yveltal|60/100|[from] item: Life Orb
|
|-weather|SunnyDay|[upkeep]
|upkeep
|
|t:|1653335980
|switch|p1a: Quagsire|Quagsire, M|100/100
|-end|p2a: Yveltal|Dynamax
|-heal|p2a: Yveltal|60/100|[silent]
|turn|8
|
|t:|1653335984
|move|p2a: Yveltal|Dark Pulse|p1a: Quagsire
|-damage|p1a: Quagsire|38/100
|-damage|p2a: Yveltal|50/100|[from] item: Life Orb
|move|p1a: Quagsire|Haze|p1a: Quagsire
|-clearallboost
|
|-weather|SunnyDay|[upkeep]
|upkeep
|turn|9
|
|t:|1653335992
|move|p2a: Yveltal|Dark Pulse|p1a: Quagsire
|-damage|p1a: Quagsire|0 fnt
|faint|p1a: Quagsire
|-damage|p2a: Yveltal|40/100|[from] item: Life Orb
|
|-weather|SunnyDay|[upkeep]
|upkeep
|
|t:|1653335997
|switch|p1a: Calyrex|Calyrex-Shadow|100/100
|-ability|p1a: Calyrex|As One
|-ability|p1a: Calyrex|Unnerve
|turn|10
|
|t:|1653336007
|move|p1a: Calyrex|Substitute|p1a: Calyrex
|-start|p1a: Calyrex|Substitute
|-damage|p1a: Calyrex|76/100
|move|p2a: Yveltal|Dark Pulse|p1a: Calyrex
|-supereffective|p1a: Calyrex
|-end|p1a: Calyrex|Substitute
|-damage|p2a: Yveltal|30/100|[from] item: Life Orb
|
|-weather|SunnyDay|[upkeep]
|upkeep
|turn|11
|
|t:|1653336012
|move|p1a: Calyrex|Draining Kiss|p2a: Yveltal
|-supereffective|p2a: Yveltal
|-damage|p2a: Yveltal|0 fnt
|-heal|p1a: Calyrex|100/100|[from] drain|[of] p2a: Yveltal
|faint|p2a: Yveltal
|-ability|p1a: Calyrex|Grim Neigh|boost
|-boost|p1a: Calyrex|spa|1
|
|-weather|none
|upkeep
|
|t:|1653336016
|switch|p2a: Kyogre|Kyogre|100/100
|-weather|RainDance|[from] ability: Drizzle|[of] p2a: Kyogre
|turn|12
|
|t:|1653336031
|move|p2a: Kyogre|Thunder|p1a: Calyrex
|-damage|p1a: Calyrex|61/100
|move|p1a: Calyrex|Astral Barrage|p2a: Kyogre
|-damage|p2a: Kyogre|10/100
|
|-weather|RainDance|[upkeep]
|upkeep
|turn|13
|
|t:|1653336038
|move|p2a: Kyogre|Thunder|p1a: Calyrex
|-damage|p1a: Calyrex|18/100
|move|p1a: Calyrex|Draining Kiss|p2a: Kyogre
|-damage|p2a: Kyogre|0 fnt
|-heal|p1a: Calyrex|25/100|[from] drain|[of] p2a: Kyogre
|faint|p2a: Kyogre
|-ability|p1a: Calyrex|Grim Neigh|boost
|-boost|p1a: Calyrex|spa|1
|
|-weather|RainDance|[upkeep]
|upkeep
|
|t:|1653336044
|switch|p2a: Zacian|Zacian-Crowned|100/100
|-ability|p2a: Zacian|Intrepid Sword|boost
|-boost|p2a: Zacian|atk|1
|turn|14
|
|t:|1653336060
|move|p1a: Calyrex|Astral Barrage|p2a: Zacian
|-crit|p2a: Zacian
|-damage|p2a: Zacian|0 fnt
|faint|p2a: Zacian
|-ability|p1a: Calyrex|Grim Neigh|boost
|-boost|p1a: Calyrex|spa|1
|
|-weather|RainDance|[upkeep]
|upkeep
|
|t:|1653336062
|switch|p2a: Ditto|Ditto|100/100
|-transform|p2a: Ditto|p1a: Calyrex|[from] ability: Imposter
|turn|15
|inactive|Schweppess has 120 seconds left.
|
|t:|1653336098
|move|p2a: Ditto|Draining Kiss|p1a: Calyrex
|-damage|p1a: Calyrex|0 fnt
|faint|p1a: Calyrex
|-ability|p2a: Ditto|Grim Neigh|boost
|-boost|p2a: Ditto|spa|1
|
|-weather|RainDance|[upkeep]
|upkeep
|
|t:|1653336122
|switch|p1a: Smeargle|Smeargle, F|100/100
|turn|16
|inactive|Schweppess has 120 seconds left.
|
|t:|1653336148
|move|p2a: Ditto|Draining Kiss|p1a: Smeargle
|-enditem|p1a: Smeargle|Focus Sash
|-damage|p1a: Smeargle|1/100
|move|p1a: Smeargle|Spore|p2a: Ditto
|-status|p2a: Ditto|slp|[from] move: Spore
|
|-weather|none
|upkeep
|turn|17
|
|t:|1653336154
|cant|p2a: Ditto|slp
|move|p1a: Smeargle|No Retreat|p1a: Smeargle
|-boost|p1a: Smeargle|atk|1
|-boost|p1a: Smeargle|def|1
|-boost|p1a: Smeargle|spa|1
|-boost|p1a: Smeargle|spd|1
|-boost|p1a: Smeargle|spe|1
|-start|p1a: Smeargle|move: No Retreat
|
|upkeep
|turn|18
|
|t:|1653336167
|cant|p2a: Ditto|slp
|move|p1a: Smeargle|Baton Pass|p1a: Smeargle
|
|t:|1653336168
|switch|p1a: Celesteela|Celesteela|100/100|[from]move: Baton Pass
|
|upkeep
|turn|19
|inactive|Schweppess has 120 seconds left.
|inactive|Schweppess has 90 seconds left.
|
|t:|1653336213
|-start|p1a: Celesteela|Dynamax|
|-heal|p1a: Celesteela|100/100|[silent]
|cant|p2a: Ditto|slp
|move|p1a: Celesteela|Max Airstream|p2a: Ditto
|-damage|p2a: Ditto|2/100 slp
|-boost|p1a: Celesteela|spe|1
|
|upkeep
|turn|20
|
|t:|1653336220
|switch|p2a: Rayquaza|Rayquaza, shiny|100/100
|-ability|p2a: Rayquaza|Air Lock
|move|p1a: Celesteela|Max Airstream|p2a: Rayquaza
|-crit|p2a: Rayquaza
|-enditem|p2a: Rayquaza|Focus Sash
|-damage|p2a: Rayquaza|1/100
|-boost|p1a: Celesteela|spe|1
|
|upkeep
|turn|21
|
|t:|1653336228
|detailschange|p2a: Rayquaza|Rayquaza-Mega, shiny
|-mega|p2a: Rayquaza|Rayquaza|
|-weather|DeltaStream|[from] ability: Delta Stream|[of] p2a: Rayquaza
|move|p2a: Rayquaza|Extreme Speed|p1a: Celesteela
|-resisted|p1a: Celesteela
|-damage|p1a: Celesteela|94/100
|move|p1a: Celesteela|Max Airstream|p2a: Rayquaza
|-damage|p2a: Rayquaza|0 fnt
|-boost|p1a: Celesteela|spe|1
|faint|p2a: Rayquaza
|-weather|none
|-ability|p1a: Celesteela|Beast Boost|boost
|-boost|p1a: Celesteela|spa|1
|
|upkeep
|
|t:|1653336230
|switch|p2a: Ditto|Ditto|2/100 slp
|-transform|p2a: Ditto|p1a: Celesteela|[from] ability: Imposter
|-end|p1a: Celesteela|Dynamax
|-heal|p1a: Celesteela|94/100|[silent]
|turn|22
|
|t:|1653336234
|-curestatus|p2a: Ditto|slp|[msg]
|move|p2a: Ditto|Fire Blast|p1a: Celesteela
|-supereffective|p1a: Celesteela
|-damage|p1a: Celesteela|10/100
|-enditem|p1a: Celesteela|Weakness Policy
|-boost|p1a: Celesteela|atk|2|[from] item: Weakness Policy
|-boost|p1a: Celesteela|spa|2|[from] item: Weakness Policy
|move|p1a: Celesteela|Flash Cannon|p2a: Ditto
|-resisted|p2a: Ditto
|-damage|p2a: Ditto|0 fnt
|faint|p2a: Ditto
|
|win|ExciveMaster
|raw|ExciveMaster's rating: 1496 &rarr; <strong>1523</strong><br />(+27 for winning)
|raw|Schweppess's rating: 1622 &rarr; <strong>1595</strong><br />(-27 for losing)
|c|☆ExciveMaster|Fuf
|l|☆Schweppess
|c|☆ExciveMaster|Gg
