|j|☆defame TV
|j|☆Cocky but goated
|t:|1660538702
|gametype|singles
|player|p1|defame TV|hilbert-wonderlauncher|1694
|player|p2|Cocky but goated|ethan-masters|1786
|teamsize|p1|6
|teamsize|p2|6
|gen|8
|tier|[Gen 8] National Dex AG
|rated|
|rule|HP Percentage Mod: HP is shown in percentages
|rule|Endless Battle Clause: Forcing endless battles is banned
|clearpoke
|poke|p1|Excadrill, M|
|poke|p1|Rayquaza|
|poke|p1|Eternatus|
|poke|p1|Yveltal|
|poke|p1|Marshadow|
|poke|p1|Regieleki|
|poke|p2|Deoxys-Speed|
|poke|p2|Necrozma-Dusk-Mane|
|poke|p2|Arceus-*|
|poke|p2|Calyrex-Shadow|
|poke|p2|Zygarde|
|poke|p2|Ditto|
|teampreview
|inactive|Battle timer is ON: inactive players will automatically lose when time's up. (requested by Cocky but goated)
|
|t:|1660538710
|start
|switch|p1a: Excadrill|Excadrill, M|100/100
|switch|p2a: Deoxys|Deoxys-Speed|100/100
|-ability|p2a: Deoxys|Pressure
|-ability|p1a: Excadrill|Mold Breaker
|turn|1
|
|t:|1660538719
|move|p2a: Deoxys|Taunt|p1a: Excadrill
|-start|p1a: Excadrill|move: Taunt
|move|p1a: Excadrill|Rapid Spin|p2a: Deoxys
|-damage|p2a: Deoxys|77/100
|-boost|p1a: Excadrill|spe|1
|
|upkeep
|turn|2
|
|t:|1660538729
|switch|p2a: Calyrex|Calyrex-Shadow|100/100
|-ability|p2a: Calyrex|As One
|-ability|p2a: Calyrex|Unnerve
|move|p1a: Excadrill|Rapid Spin|p2a: Calyrex
|-immune|p2a: Calyrex
|
|upkeep
|turn|3
|
|t:|1660538745
|move|p2a: Calyrex|Astral Barrage|p1a: Excadrill
|-damage|p1a: Excadrill|2/100
|move|p1a: Excadrill|Earthquake|p2a: Calyrex
|-damage|p2a: Calyrex|30/100
|
|-end|p1a: Excadrill|move: Taunt
|upkeep
|turn|4
|
|t:|1660538774
|move|p2a: Calyrex|Astral Barrage|p1a: Excadrill
|-damage|p1a: Excadrill|0 fnt
|faint|p1a: Excadrill
|-ability|p2a: Calyrex|Grim Neigh|boost
|-boost|p2a: Calyrex|spa|1
|
|upkeep
|inactive|defame TV has 120 seconds left.
|
|t:|1660538786
|switch|p1a: Marshadow|Marshadow|100/100
|turn|5
|inactive|defame TV has 120 seconds left.
|
|t:|1660538800
|switch|p2a: Arceus|Arceus|100/100
|switch|p1a: Eternatus|Eternatus|100/100
|-ability|p1a: Eternatus|Pressure
|
|upkeep
|turn|6
|
|t:|1660538808
|switch|p2a: Deoxys|Deoxys-Speed|77/100
|-ability|p2a: Deoxys|Pressure
|move|p1a: Eternatus|Meteor Beam||[still]
|-prepare|p1a: Eternatus|Meteor Beam
|-boost|p1a: Eternatus|spa|1
|-enditem|p1a: Eternatus|Power Herb
|-anim|p1a: Eternatus|Meteor Beam|p2a: Deoxys
|-damage|p2a: Deoxys|0 fnt
|faint|p2a: Deoxys
|
|upkeep
|
|t:|1660538824
|switch|p2a: Necrozma|Necrozma-Dusk-Mane|100/100
|turn|7
|
|t:|1660538830
|detailschange|p2a: Necrozma|Necrozma-Ultra
|-burst|p2a: Necrozma|Necrozma|Ultranecrozium Z
|move|p1a: Eternatus|Flamethrower|p2a: Necrozma
|-resisted|p2a: Necrozma
|-damage|p2a: Necrozma|75/100
|move|p2a: Necrozma|Photon Geyser|p1a: Eternatus
|-supereffective|p1a: Eternatus
|-damage|p1a: Eternatus|0 fnt
|faint|p1a: Eternatus
|
|upkeep
|inactive|defame TV has 120 seconds left.
|
|t:|1660538850
|switch|p1a: Marshadow|Marshadow|100/100
|turn|8
|
|t:|1660538855
|move|p1a: Marshadow|Spectral Thief|p2a: Necrozma
|-supereffective|p2a: Necrozma
|-damage|p2a: Necrozma|0 fnt
|faint|p2a: Necrozma
|
|upkeep
|
|t:|1660538858
|switch|p2a: Zygarde|Zygarde|100/100
|turn|9
|
|t:|1660538873
|switch|p1a: Yveltal|Yveltal|100/100
|-ability|p1a: Yveltal|Dark Aura
|move|p2a: Zygarde|Glare|p1a: Yveltal
|-status|p1a: Yveltal|par
|
|upkeep
|turn|10
|
|t:|1660538881
|move|p2a: Zygarde|Substitute|p2a: Zygarde
|-start|p2a: Zygarde|Substitute
|-damage|p2a: Zygarde|76/100
|cant|p1a: Yveltal|par
|
|-heal|p2a: Zygarde|82/100|[from] item: Leftovers
|upkeep
|turn|11
|
|t:|1660538897
|move|p2a: Zygarde|Dragon Dance|p2a: Zygarde
|-boost|p2a: Zygarde|atk|1
|-boost|p2a: Zygarde|spe|1
|move|p1a: Yveltal|Taunt|p2a: Zygarde
|-start|p2a: Zygarde|move: Taunt
|
|-heal|p2a: Zygarde|88/100|[from] item: Leftovers
|upkeep
|turn|12
|
|t:|1660538905
|move|p2a: Zygarde|Thousand Arrows|p1a: Yveltal
|-damage|p1a: Yveltal|53/100 par
|-start|p1a: Yveltal|Smack Down
|move|p1a: Yveltal|Dark Pulse|p2a: Zygarde
|-end|p2a: Zygarde|Substitute
|
|-heal|p2a: Zygarde|94/100|[from] item: Leftovers
|upkeep
|turn|13
|
|t:|1660538919
|switch|p1a: Marshadow|Marshadow|100/100
|move|p2a: Zygarde|Thousand Arrows|p1a: Marshadow
|-damage|p1a: Marshadow|27/100
|
|-heal|p2a: Zygarde|99/100|[from] item: Leftovers
|upkeep
|turn|14
|
|t:|1660538926
|move|p2a: Zygarde|Thousand Arrows|p1a: Marshadow
|-damage|p1a: Marshadow|0 fnt
|faint|p1a: Marshadow
|
|-heal|p2a: Zygarde|100/100|[from] item: Leftovers
|-end|p2a: Zygarde|move: Taunt
|upkeep
|
|t:|1660538932
|switch|p1a: Rayquaza|Rayquaza|100/100
|-ability|p1a: Rayquaza|Air Lock
|turn|15
|
|t:|1660538942
|detailschange|p1a: Rayquaza|Rayquaza-Mega
|-mega|p1a: Rayquaza|Rayquaza|
|-weather|DeltaStream|[from] ability: Delta Stream|[of] p1a: Rayquaza
|move|p2a: Zygarde|Glare|p1a: Rayquaza
|-status|p1a: Rayquaza|par
|move|p1a: Rayquaza|Draco Meteor|p2a: Zygarde
|-supereffective|p2a: Zygarde
|-damage|p2a: Zygarde|0 fnt
|-unboost|p1a: Rayquaza|spa|2
|faint|p2a: Zygarde
|-damage|p1a: Rayquaza|91/100 par|[from] item: Life Orb
|
|-weather|DeltaStream|[upkeep]
|upkeep
|
|t:|1660538952
|switch|p2a: Ditto|Ditto|100/100
|-transform|p2a: Ditto|p1a: Rayquaza|[from] ability: Imposter
|turn|16
|
|t:|1660538957
|move|p2a: Ditto|Dragon Ascent|p1a: Rayquaza
|-damage|p1a: Rayquaza|20/100 par
|-unboost|p2a: Ditto|def|1
|-unboost|p2a: Ditto|spd|1
|cant|p1a: Rayquaza|par
|
|-weather|DeltaStream|[upkeep]
|upkeep
|turn|17
|
|t:|1660538968
|switch|p2a: Calyrex|Calyrex-Shadow|30/100
|-ability|p2a: Calyrex|As One
|-ability|p2a: Calyrex|Unnerve
|move|p1a: Rayquaza|Extreme Speed|p2a: Calyrex
|-immune|p2a: Calyrex
|
|-weather|DeltaStream|[upkeep]
|upkeep
|turn|18
|
|t:|1660538976
|move|p2a: Calyrex|Astral Barrage|p1a: Rayquaza
|-damage|p1a: Rayquaza|0 fnt
|faint|p1a: Rayquaza
|-weather|none
|-ability|p2a: Calyrex|Grim Neigh|boost
|-boost|p2a: Calyrex|spa|1
|
|upkeep
|
|t:|1660538983
|switch|p1a: Yveltal|Yveltal|53/100 par
|-ability|p1a: Yveltal|Dark Aura
|turn|19
|
|t:|1660538987
|move|p2a: Calyrex|Astral Barrage|p1a: Yveltal
|-resisted|p1a: Yveltal
|-damage|p1a: Yveltal|2/100 par
|-zpower|p1a: Yveltal
|move|p1a: Yveltal|Black Hole Eclipse|p2a: Calyrex|[zeffect]
|-supereffective|p2a: Calyrex
|-crit|p2a: Calyrex
|-damage|p2a: Calyrex|0 fnt
|faint|p2a: Calyrex
|
|upkeep
|
|t:|1660538991
|switch|p2a: Arceus|Arceus|100/100
|turn|20
|
|t:|1660539003
|move|p2a: Arceus|Extreme Speed|p1a: Yveltal
|-damage|p1a: Yveltal|0 fnt
|faint|p1a: Yveltal
|-damage|p2a: Arceus|91/100|[from] item: Life Orb
|
|upkeep
|
|t:|1660539009
|switch|p1a: Regieleki|Regieleki|100/100
|turn|21
|
|t:|1660539012
|-start|p1a: Regieleki|Dynamax|
|-heal|p1a: Regieleki|100/100|[silent]
|move|p2a: Arceus|Extreme Speed|p1a: Regieleki
|-damage|p1a: Regieleki|44/100
|-damage|p2a: Arceus|81/100|[from] item: Life Orb
|move|p1a: Regieleki|Max Lightning|p2a: Arceus
|-damage|p2a: Arceus|0 fnt
|-fieldstart|move: Electric Terrain
|faint|p2a: Arceus
|-damage|p1a: Regieleki|39/100|[from] item: Life Orb
|
|upkeep
|
|t:|1660539014
|switch|p2a: Ditto|Ditto|100/100
|-transform|p2a: Ditto|p1a: Regieleki|[from] ability: Imposter
|turn|22
|
|t:|1660539026
|move|p2a: Ditto|Thunderbolt|p1a: Regieleki
|-resisted|p1a: Regieleki
|-damage|p1a: Regieleki|0 fnt
|faint|p1a: Regieleki
|
|win|Cocky but goated
|raw|defame TV's rating: 1694 &rarr; <strong>1678</strong><br />(-16 for losing)
|raw|Cocky but goated's rating: 1761 &rarr; <strong>1777</strong><br />(+16 for winning)
