|j|☆MiguelRRM
|j|☆CLEAR GEM清瑜
|t:|1662442827
|gametype|singles
|player|p1|MiguelRRM|2|1880
|player|p2|CLEAR GEM清瑜|skierf|1827
|teamsize|p1|6
|teamsize|p2|6
|gen|8
|tier|[Gen 8] National Dex AG
|rated|
|rule|HP Percentage Mod: HP is shown in percentages
|rule|Endless Battle Clause: Forcing endless battles is banned
|clearpoke
|poke|p1|Marshadow|
|poke|p1|Arceus-*|
|poke|p1|Calyrex-Shadow|
|poke|p1|Groudon|
|poke|p1|Smeargle, M|
|poke|p1|Smeargle, F|
|poke|p2|Rayquaza|
|poke|p2|Groudon|
|poke|p2|Necrozma-Dusk-Mane|
|poke|p2|Arceus-*|
|poke|p2|Arceus-*|
|poke|p2|Arceus-*|
|teampreview
|inactive|Battle timer is ON: inactive players will automatically lose when time's up. (requested by CLEAR GEM清瑜)
|
|t:|1662442837
|start
|switch|p1a: Groudon|Groudon|100/100
|switch|p2a: 究极辅助|Arceus-Dark|100/100
|detailschange|p1a: Groudon|Groudon-Primal
|-primal|p1a: Groudon
|-weather|DesolateLand|[from] ability: Desolate Land|[of] p1a: Groudon
|turn|1
|
|t:|1662442842
|move|p2a: 究极辅助|Magic Coat|p2a: 究极辅助
|-singleturn|p2a: 究极辅助|move: Magic Coat
|move|p1a: Groudon|Rock Tomb|p2a: 究极辅助
|-damage|p2a: 究极辅助|87/100
|-unboost|p2a: 究极辅助|spe|1
|
|-weather|DesolateLand|[upkeep]
|upkeep
|turn|2
|
|t:|1662442848
|switch|p2a: 不会(?)|Groudon|100/100
|detailschange|p2a: 不会(?)|Groudon-Primal
|-primal|p2a: 不会(?)
|move|p1a: Groudon|Eruption|p2a: 不会(?)
|-resisted|p2a: 不会(?)
|-damage|p2a: 不会(?)|48/100
|
|-weather|DesolateLand|[upkeep]
|upkeep
|turn|3
|
|t:|1662442853
|move|p1a: Groudon|Rock Tomb|p2a: 不会(?)
|-damage|p2a: 不会(?)|36/100
|-unboost|p2a: 不会(?)|spe|1
|move|p2a: 不会(?)|Stealth Rock|p1a: Groudon
|-sidestart|p1: MiguelRRM|move: Stealth Rock
|
|-weather|DesolateLand|[upkeep]
|upkeep
|turn|4
|
|t:|1662442857
|switch|p1a: Smeargle|Smeargle, M|100/100
|-damage|p1a: Smeargle|88/100|[from] Stealth Rock
|move|p2a: 不会(?)|Roar|p1a: Smeargle
|drag|p1a: Arceus|Arceus-Fairy|100/100
|-damage|p1a: Arceus|88/100|[from] Stealth Rock
|
|-weather|DesolateLand|[upkeep]
|upkeep
|turn|5
|
|t:|1662442859
|move|p1a: Arceus|Judgment|p2a: 不会(?)
|-resisted|p2a: 不会(?)
|-damage|p2a: 不会(?)|13/100
|move|p2a: 不会(?)|Roar|p1a: Arceus
|drag|p1a: Smeargle|Smeargle, M|88/100
|-damage|p1a: Smeargle|76/100|[from] Stealth Rock
|
|-weather|DesolateLand|[upkeep]
|-heal|p1a: Smeargle|82/100|[from] item: Leftovers
|-ability|p1a: Smeargle|Moody|boost
|-boost|p1a: Smeargle|spe|2
|-unboost|p1a: Smeargle|spd|1
|upkeep
|turn|6
|
|t:|1662442862
|move|p1a: Smeargle|Court Change|p1a: Smeargle
|-swapsideconditions
|-activate|p1a: Smeargle|move: Court Change
|move|p2a: 不会(?)|Roar|p1a: Smeargle
|drag|p1a: Arceus|Arceus-Fairy|88/100
|
|-weather|DesolateLand|[upkeep]
|upkeep
|turn|7
|
|t:|1662442865
|move|p1a: Arceus|Judgment|p2a: 不会(?)
|-resisted|p2a: 不会(?)
|-damage|p2a: 不会(?)|0 fnt
|faint|p2a: 不会(?)
|-weather|none
|
|upkeep
|
|t:|1662442866
|switch|p2a: 乱杀P固|Arceus-Ground|100/100
|-damage|p2a: 乱杀P固|94/100|[from] Stealth Rock
|turn|8
|
|t:|1662442868
|move|p1a: Arceus|Calm Mind|p1a: Arceus
|-boost|p1a: Arceus|spa|1
|-boost|p1a: Arceus|spd|1
|move|p2a: 乱杀P固|Stealth Rock|p1a: Arceus
|-sidestart|p1: MiguelRRM|move: Stealth Rock
|
|upkeep
|turn|9
|
|t:|1662442873
|switch|p2a: 钢铁之躯|Necrozma-Dusk-Mane|100/100
|-damage|p2a: 钢铁之躯|94/100|[from] Stealth Rock
|move|p1a: Arceus|Calm Mind|p1a: Arceus
|-boost|p1a: Arceus|spa|1
|-boost|p1a: Arceus|spd|1
|
|upkeep
|turn|10
|
|t:|1662442877
|move|p1a: Arceus|Judgment|p2a: 钢铁之躯
|-resisted|p2a: 钢铁之躯
|-damage|p2a: 钢铁之躯|55/100
|move|p2a: 钢铁之躯|Dragon Dance|p2a: 钢铁之躯
|-boost|p2a: 钢铁之躯|atk|1
|-boost|p2a: 钢铁之躯|spe|1
|
|upkeep
|turn|11
|
|t:|1662442881
|-start|p1a: Arceus|Dynamax|
|-heal|p1a: Arceus|88/100|[silent]
|move|p1a: Arceus|Max Starfall|p2a: 钢铁之躯
|-resisted|p2a: 钢铁之躯
|-damage|p2a: 钢铁之躯|7/100
|-fieldstart|move: Misty Terrain
|move|p2a: 钢铁之躯|Photon Geyser|p1a: Arceus
|-damage|p1a: Arceus|53/100
|
|upkeep
|turn|12
|
|t:|1662442886
|detailschange|p2a: 钢铁之躯|Necrozma-Ultra
|-burst|p2a: 钢铁之躯|Necrozma|Ultranecrozium Z
|move|p2a: 钢铁之躯|Photon Geyser|p1a: Arceus
|-damage|p1a: Arceus|20/100
|move|p1a: Arceus|Max Starfall|p2a: 钢铁之躯
|-supereffective|p2a: 钢铁之躯
|-damage|p2a: 钢铁之躯|0 fnt
|faint|p2a: 钢铁之躯
|
|upkeep
|
|t:|1662442895
|switch|p2a: 悬空羊驼|Arceus-Flying|100/100
|-damage|p2a: 悬空羊驼|76/100|[from] Stealth Rock
|turn|13
|
|t:|1662442898
|-start|p2a: 悬空羊驼|Dynamax|
|-heal|p2a: 悬空羊驼|76/100|[silent]
|move|p1a: Arceus|Max Guard|p1a: Arceus
|-singleturn|p1a: Arceus|Max Guard
|move|p2a: 悬空羊驼|Max Guard||[still]
|-fail|p2a: 悬空羊驼
|
|upkeep
|-end|p1a: Arceus|Dynamax
|-heal|p1a: Arceus|21/100|[silent]
|turn|14
|
|t:|1662442902
|move|p1a: Arceus|Recover|p1a: Arceus
|-heal|p1a: Arceus|71/100
|move|p2a: 悬空羊驼|Max Airstream|p1a: Arceus
|-damage|p1a: Arceus|41/100
|-boost|p2a: 悬空羊驼|spe|1
|
|upkeep
|turn|15
|
|t:|1662442905
|move|p2a: 悬空羊驼|Max Quake|p1a: Arceus
|-damage|p1a: Arceus|27/100
|-boost|p2a: 悬空羊驼|spd|1
|move|p1a: Arceus|Recover|p1a: Arceus
|-heal|p1a: Arceus|77/100
|
|-fieldend|Misty Terrain
|upkeep
|-end|p2a: 悬空羊驼|Dynamax
|-heal|p2a: 悬空羊驼|76/100|[silent]
|turn|16
|
|t:|1662442907
|move|p2a: 悬空羊驼|Calm Mind|p2a: 悬空羊驼
|-boost|p2a: 悬空羊驼|spa|1
|-boost|p2a: 悬空羊驼|spd|1
|move|p1a: Arceus|Judgment|p2a: 悬空羊驼
|-damage|p2a: 悬空羊驼|43/100
|
|upkeep
|turn|17
|
|t:|1662442910
|move|p2a: 悬空羊驼|Calm Mind|p2a: 悬空羊驼
|-boost|p2a: 悬空羊驼|spa|1
|-boost|p2a: 悬空羊驼|spd|1
|move|p1a: Arceus|Calm Mind|p1a: Arceus
|-boost|p1a: Arceus|spa|1
|-boost|p1a: Arceus|spd|1
|
|upkeep
|turn|18
|
|t:|1662442912
|move|p2a: 悬空羊驼|Calm Mind|p2a: 悬空羊驼
|-boost|p2a: 悬空羊驼|spa|1
|-boost|p2a: 悬空羊驼|spd|1
|move|p1a: Arceus|Calm Mind|p1a: Arceus
|-boost|p1a: Arceus|spa|1
|-boost|p1a: Arceus|spd|1
|
|upkeep
|turn|19
|
|t:|1662442914
|move|p2a: 悬空羊驼|Calm Mind|p2a: 悬空羊驼
|-boost|p2a: 悬空羊驼|spa|1
|-boost|p2a: 悬空羊驼|spd|1
|move|p1a: Arceus|Calm Mind|p1a: Arceus
|-boost|p1a: Arceus|spa|1
|-boost|p1a: Arceus|spd|1
|
|upkeep
|turn|20
|
|t:|1662442915
|move|p2a: 悬空羊驼|Calm Mind|p2a: 悬空羊驼
|-boost|p2a: 悬空羊驼|spa|1
|-boost|p2a: 悬空羊驼|spd|1
|move|p1a: Arceus|Calm Mind|p1a: Arceus
|-boost|p1a: Arceus|spa|1
|-boost|p1a: Arceus|spd|1
|
|upkeep
|turn|21
|
|t:|1662442917
|move|p2a: 悬空羊驼|Recover|p2a: 悬空羊驼
|-heal|p2a: 悬空羊驼|93/100
|move|p1a: Arceus|Judgment|p2a: 悬空羊驼
|-damage|p2a: 悬空羊驼|57/100
|
|upkeep
|turn|22
|
|t:|1662442920
|move|p2a: 悬空羊驼|Calm Mind|p2a: 悬空羊驼
|-boost|p2a: 悬空羊驼|spa|1
|-boost|p2a: 悬空羊驼|spd|0
|move|p1a: Arceus|Recover|p1a: Arceus
|-heal|p1a: Arceus|100/100
|
|upkeep
|turn|23
|
|t:|1662442922
|move|p2a: 悬空羊驼|Recover|p2a: 悬空羊驼
|-heal|p2a: 悬空羊驼|100/100
|move|p1a: Arceus|Judgment|p2a: 悬空羊驼
|-damage|p2a: 悬空羊驼|69/100
|
|upkeep
|turn|24
|
|t:|1662442929
|move|p2a: 悬空羊驼|Judgment|p1a: Arceus
|-damage|p1a: Arceus|56/100
|move|p1a: Arceus|Calm Mind|p1a: Arceus
|-boost|p1a: Arceus|spa|0
|-boost|p1a: Arceus|spd|0
|
|upkeep
|turn|25
|
|t:|1662442933
|move|p2a: 悬空羊驼|Judgment|p1a: Arceus
|-damage|p1a: Arceus|13/100
|move|p1a: Arceus|Recover|p1a: Arceus
|-heal|p1a: Arceus|63/100
|
|upkeep
|turn|26
|
|t:|1662442935
|move|p2a: 悬空羊驼|Recover|p2a: 悬空羊驼
|-heal|p2a: 悬空羊驼|100/100
|move|p1a: Arceus|Recover|p1a: Arceus
|-heal|p1a: Arceus|100/100
|
|upkeep
|turn|27
|
|t:|1662442937
|move|p2a: 悬空羊驼|Earth Power|p1a: Arceus
|-damage|p1a: Arceus|80/100
|-unboost|p1a: Arceus|spd|1
|move|p1a: Arceus|Judgment|p2a: 悬空羊驼
|-damage|p2a: 悬空羊驼|65/100
|
|upkeep
|turn|28
|
|t:|1662442941
|move|p2a: 悬空羊驼|Judgment|p1a: Arceus
|-damage|p1a: Arceus|34/100
|move|p1a: Arceus|Calm Mind|p1a: Arceus
|-boost|p1a: Arceus|spa|0
|-boost|p1a: Arceus|spd|1
|
|upkeep
|turn|29
|
|t:|1662442945
|move|p2a: 悬空羊驼|Judgment|p1a: Arceus
|-damage|p1a: Arceus|0 fnt
|faint|p1a: Arceus
|
|upkeep
|
|t:|1662442950
|switch|p1a: Smeargle|Smeargle, F|100/100
|-damage|p1a: Smeargle|88/100|[from] Stealth Rock
|turn|30
|
|t:|1662442951
|move|p1a: Smeargle|Spiky Shield|p1a: Smeargle
|-singleturn|p1a: Smeargle|move: Protect
|move|p2a: 悬空羊驼|Judgment|p1a: Smeargle
|-activate|p1a: Smeargle|move: Protect
|
|-ability|p1a: Smeargle|Moody|boost
|-boost|p1a: Smeargle|spd|2
|-unboost|p1a: Smeargle|def|1
|upkeep
|turn|31
|
|t:|1662442954
|move|p1a: Smeargle|Spiky Shield||[still]
|-fail|p1a: Smeargle
|move|p2a: 悬空羊驼|Judgment|p1a: Smeargle
|-damage|p1a: Smeargle|0 fnt
|faint|p1a: Smeargle
|
|upkeep
|
|t:|1662442960
|switch|p1a: Groudon|Groudon-Primal|100/100
|-damage|p1a: Groudon|88/100|[from] Stealth Rock
|-weather|DesolateLand|[from] ability: Desolate Land|[of] p1a: Groudon
|turn|32
|
|t:|1662442963
|move|p2a: 悬空羊驼|Judgment|p1a: Groudon
|-damage|p1a: Groudon|0 fnt
|faint|p1a: Groudon
|-weather|none
|
|upkeep
|-message|MiguelRRM forfeited.
|
|win|CLEAR GEM清瑜
|raw|MiguelRRM's rating: 1880 &rarr; <strong>1857</strong><br />(-23 for losing)
|raw|CLEAR GEM清瑜's rating: 1827 &rarr; <strong>1850</strong><br />(+23 for winning)
|l|☆MiguelRRM
