|j|☆Pr3ssur3
|j|☆RosaFlora❤
|inactive|Battle timer is ON: inactive players will automatically lose when time's up.
|t:|1652420166
|gametype|singles
|player|p1|Pr3ssur3|schoolkid-gen4dp|
|player|p2|RosaFlora❤|irida|
|teamsize|p1|6
|teamsize|p2|6
|gen|8
|tier|[Gen 8] National Dex AG
|rated|Tournament battle
|rule|HP Percentage Mod: HP is shown in percentages
|rule|Endless Battle Clause: Forcing endless battles is banned
|clearpoke
|poke|p1|Necrozma-Dusk-Mane|
|poke|p1|Arceus-*|
|poke|p1|Tyranitar, F|
|poke|p1|Arceus-*|
|poke|p1|Ho-Oh|
|poke|p1|Quagsire, M|
|poke|p2|Kartana|
|poke|p2|Smeargle, F|
|poke|p2|Landorus-Therian, M|
|poke|p2|Xerneas-*|
|poke|p2|Calyrex-Shadow|
|poke|p2|Arceus-*|
|teampreview
|inactive|Pr3ssur3 also wants the timer to be on.
|j| Little Luvie❤
|c|☆RosaFlora❤|Hf
|
|t:|1652420180
|start
|switch|p1a: Arceus|Arceus-Ground|100/100
|switch|p2a: Smeargle|Smeargle, F|100/100
|turn|1
|
|t:|1652420184
|move|p1a: Arceus|Earthquake|p2a: Smeargle
|-damage|p2a: Smeargle|24/100
|move|p2a: Smeargle|Whirlwind|p1a: Arceus
|drag|p1a: Ho-Oh|Ho-Oh, shiny|100/100
|
|-ability|p2a: Smeargle|Moody|boost
|-boost|p2a: Smeargle|def|2
|-unboost|p2a: Smeargle|spd|1
|upkeep
|turn|2
|
|t:|1652420193
|switch|p2a: Landorus|Landorus-Therian, M|100/100
|-ability|p2a: Landorus|Intimidate|boost
|-unboost|p1a: Ho-Oh|atk|1
|move|p1a: Ho-Oh|Sacred Fire|p2a: Landorus
|-damage|p2a: Landorus|65/100
|
|upkeep
|turn|3
|
|t:|1652420203
|switch|p1a: Arceus|Arceus-Grass|100/100
|move|p2a: Landorus|Stealth Rock|p1a: Arceus
|-sidestart|p1: Pr3ssur3|move: Stealth Rock
|
|upkeep
|turn|4
|
|t:|1652420208
|move|p1a: Arceus|Ice Beam|p2a: Landorus
|-supereffective|p2a: Landorus
|-damage|p2a: Landorus|0 fnt
|faint|p2a: Landorus
|
|upkeep
|
|t:|1652420214
|switch|p2a: Calyrex|Calyrex-Shadow|100/100
|-ability|p2a: Calyrex|As One
|-ability|p2a: Calyrex|Unnerve
|turn|5
|
|t:|1652420221
|switch|p1a: Tyranitar|Tyranitar, F, shiny|100/100
|-damage|p1a: Tyranitar|88/100|[from] Stealth Rock
|-weather|Sandstorm|[from] ability: Sand Stream|[of] p1a: Tyranitar
|move|p2a: Calyrex|Nasty Plot|p2a: Calyrex
|-boost|p2a: Calyrex|spa|2
|
|-weather|Sandstorm|[upkeep]
|-damage|p2a: Calyrex|94/100|[from] Sandstorm
|upkeep
|turn|6
|
|t:|1652420224
|move|p2a: Calyrex|Baton Pass|p2a: Calyrex
|
|t:|1652420226
|switch|p2a: Xerneas|Xerneas|100/100|[from]move: Baton Pass
|-ability|p2a: Xerneas|Fairy Aura
|move|p1a: Tyranitar|Roar|p2a: Xerneas
|drag|p2a: Calyrex|Calyrex-Shadow|94/100
|-ability|p2a: Calyrex|As One
|-ability|p2a: Calyrex|Unnerve
|
|-weather|Sandstorm|[upkeep]
|-damage|p2a: Calyrex|88/100|[from] Sandstorm
|upkeep
|turn|7
|
|t:|1652420235
|move|p2a: Calyrex|Baton Pass|p2a: Calyrex
|
|t:|1652420239
|switch|p2a: Smeargle|Smeargle, F|24/100|[from]move: Baton Pass
|move|p1a: Tyranitar|Stealth Rock|p2a: Smeargle
|-sidestart|p2: RosaFlora❤|move: Stealth Rock
|
|-weather|Sandstorm|[upkeep]
|-damage|p2a: Smeargle|18/100|[from] Sandstorm
|-ability|p2a: Smeargle|Moody|boost
|-boost|p2a: Smeargle|spa|2
|-unboost|p2a: Smeargle|atk|1
|upkeep
|turn|8
|
|t:|1652420248
|move|p2a: Smeargle|Rapid Spin|p1a: Tyranitar
|-resisted|p1a: Tyranitar
|-damage|p1a: Tyranitar|87/100
|-boost|p2a: Smeargle|spe|1
|-sideend|p2: RosaFlora❤|Stealth Rock|[from] move: Rapid Spin|[of] p2a: Smeargle
|move|p1a: Tyranitar|Foul Play|p2a: Smeargle
|-damage|p2a: Smeargle|5/100
|
|-weather|Sandstorm|[upkeep]
|-damage|p2a: Smeargle|0 fnt|[from] Sandstorm
|faint|p2a: Smeargle
|upkeep
|
|t:|1652420252
|switch|p2a: Kartana|Kartana|100/100
|turn|9
|
|t:|1652420258
|switch|p1a: Ho-Oh|Ho-Oh, shiny|100/100
|move|p2a: Kartana|Swords Dance|p2a: Kartana
|-boost|p2a: Kartana|atk|2
|
|-weather|none
|upkeep
|turn|10
|
|t:|1652420263
|-start|p2a: Kartana|Dynamax|
|-heal|p2a: Kartana|100/100|[silent]
|-start|p1a: Ho-Oh|Dynamax|
|-heal|p1a: Ho-Oh|100/100|[silent]
|move|p2a: Kartana|Max Airstream|p1a: Ho-Oh
|-damage|p1a: Ho-Oh|40/100
|-boost|p2a: Kartana|spe|1
|-damage|p2a: Kartana|96/100|[from] item: Life Orb
|move|p1a: Ho-Oh|Max Flare|p2a: Kartana
|-supereffective|p2a: Kartana
|-damage|p2a: Kartana|0 fnt
|-weather|SunnyDay
|faint|p2a: Kartana
|
|-weather|SunnyDay|[upkeep]
|upkeep
|
|t:|1652420268
|switch|p2a: Arceus|Arceus|100/100
|turn|11
|
|t:|1652420274
|-end|p1a: Ho-Oh|Dynamax
|-heal|p1a: Ho-Oh|40/100|[silent]
|switch|p1a: Quagsire|Quagsire, M, shiny|100/100
|-damage|p1a: Quagsire|94/100|[from] Stealth Rock
|-zpower|p2a: Arceus
|move|p2a: Arceus|Breakneck Blitz|p1a: Quagsire|[zeffect]
|-damage|p1a: Quagsire|36/100
|
|-weather|SunnyDay|[upkeep]
|upkeep
|turn|12
|
|t:|1652420280
|move|p2a: Arceus|Extreme Speed|p1a: Quagsire
|-damage|p1a: Quagsire|6/100
|-damage|p2a: Arceus|84/100|[from] item: Rocky Helmet|[of] p1a: Quagsire
|move|p1a: Quagsire|Recover|p1a: Quagsire
|-heal|p1a: Quagsire|56/100
|
|-weather|SunnyDay|[upkeep]
|upkeep
|turn|13
|
|t:|1652420283
|switch|p2a: Xerneas|Xerneas|100/100
|-ability|p2a: Xerneas|Fairy Aura
|move|p1a: Quagsire|Recover|p1a: Quagsire
|-heal|p1a: Quagsire|100/100
|
|-weather|SunnyDay|[upkeep]
|upkeep
|turn|14
|
|t:|1652420290
|switch|p2a: Calyrex|Calyrex-Shadow|88/100
|-ability|p2a: Calyrex|As One
|-ability|p2a: Calyrex|Unnerve
|move|p1a: Quagsire|Toxic|p2a: Calyrex|[miss]
|-miss|p1a: Quagsire|p2a: Calyrex
|
|-weather|none
|upkeep
|turn|15
|
|t:|1652420303
|switch|p1a: Tyranitar|Tyranitar, F, shiny|87/100
|-damage|p1a: Tyranitar|74/100|[from] Stealth Rock
|-weather|Sandstorm|[from] ability: Sand Stream|[of] p1a: Tyranitar
|move|p2a: Calyrex|Baton Pass|p2a: Calyrex
|
|t:|1652420306
|switch|p2a: Xerneas|Xerneas|100/100|[from]move: Baton Pass
|-ability|p2a: Xerneas|Fairy Aura
|
|-weather|Sandstorm|[upkeep]
|-damage|p2a: Xerneas|94/100|[from] Sandstorm
|upkeep
|turn|16
|
|t:|1652420313
|switch|p1a: Necrozma|Necrozma-Dusk-Mane|100/100
|-damage|p1a: Necrozma|94/100|[from] Stealth Rock
|move|p2a: Xerneas|Thunder|p1a: Necrozma
|-damage|p1a: Necrozma|71/100
|
|-weather|Sandstorm|[upkeep]
|-damage|p2a: Xerneas|88/100|[from] Sandstorm
|upkeep
|turn|17
|
|t:|1652420326
|switch|p2a: Arceus|Arceus|84/100
|move|p1a: Necrozma|Morning Sun|p1a: Necrozma
|-heal|p1a: Necrozma|95/100
|
|-weather|Sandstorm|[upkeep]
|-damage|p2a: Arceus|78/100|[from] Sandstorm
|upkeep
|turn|18
|
|t:|1652420330
|switch|p2a: Calyrex|Calyrex-Shadow|88/100
|-ability|p2a: Calyrex|As One
|-ability|p2a: Calyrex|Unnerve
|switch|p1a: Quagsire|Quagsire, M, shiny|100/100
|-damage|p1a: Quagsire|94/100|[from] Stealth Rock
|
|-weather|Sandstorm|[upkeep]
|-damage|p2a: Calyrex|82/100|[from] Sandstorm
|upkeep
|turn|19
|
|t:|1652420342
|move|p2a: Calyrex|Substitute|p2a: Calyrex
|-start|p2a: Calyrex|Substitute
|-damage|p2a: Calyrex|57/100
|move|p1a: Quagsire|Toxic||[still]
|-fail|p1a: Quagsire
|
|-weather|none
|upkeep
|turn|20
|
|t:|1652420350
|switch|p1a: Tyranitar|Tyranitar, F, shiny|74/100
|-damage|p1a: Tyranitar|62/100|[from] Stealth Rock
|-weather|Sandstorm|[from] ability: Sand Stream|[of] p1a: Tyranitar
|move|p2a: Calyrex|Baton Pass|p2a: Calyrex
|
|t:|1652420353
|switch|p2a: Xerneas|Xerneas|88/100|[from]move: Baton Pass
|-ability|p2a: Xerneas|Fairy Aura
|
|-weather|Sandstorm|[upkeep]
|-damage|p2a: Xerneas|82/100|[from] Sandstorm
|upkeep
|turn|21
|
|t:|1652420371
|switch|p1a: Arceus|Arceus-Ground|100/100
|-damage|p1a: Arceus|94/100|[from] Stealth Rock
|move|p2a: Xerneas|Moonblast|p1a: Arceus
|-damage|p1a: Arceus|47/100
|
|-weather|Sandstorm|[upkeep]
|-damage|p2a: Xerneas|76/100|[from] Sandstorm
|upkeep
|turn|22
|
|t:|1652420375
|move|p1a: Arceus|Earthquake|p2a: Xerneas
|-end|p2a: Xerneas|Substitute
|move|p2a: Xerneas|Geomancy||[still]
|-prepare|p2a: Xerneas|Geomancy
|-enditem|p2a: Xerneas|Power Herb
|-anim|p2a: Xerneas|Geomancy|p2a: Xerneas
|-boost|p2a: Xerneas|spa|2
|-boost|p2a: Xerneas|spd|2
|-boost|p2a: Xerneas|spe|2
|
|-weather|Sandstorm|[upkeep]
|-damage|p2a: Xerneas|70/100|[from] Sandstorm
|upkeep
|turn|23
|
|t:|1652420379
|move|p2a: Xerneas|Moonblast|p1a: Arceus
|-damage|p1a: Arceus|0 fnt
|faint|p1a: Arceus
|
|-weather|Sandstorm|[upkeep]
|-damage|p2a: Xerneas|64/100|[from] Sandstorm
|upkeep
|
|t:|1652420380
|switch|p1a: Necrozma|Necrozma-Dusk-Mane|95/100
|-damage|p1a: Necrozma|89/100|[from] Stealth Rock
|turn|24
|
|t:|1652420385
|switch|p2a: Arceus|Arceus|78/100
|-zpower|p1a: Necrozma
|move|p1a: Necrozma|Searing Sunraze Smash|p2a: Arceus|[zeffect]
|-damage|p2a: Arceus|0 fnt
|faint|p2a: Arceus
|
|-weather|none
|upkeep
|
|t:|1652420388
|switch|p2a: Calyrex|Calyrex-Shadow|57/100
|-ability|p2a: Calyrex|As One
|-ability|p2a: Calyrex|Unnerve
|turn|25
|
|t:|1652420397
|move|p2a: Calyrex|Astral Barrage|p1a: Necrozma
|-supereffective|p1a: Necrozma
|-crit|p1a: Necrozma
|-damage|p1a: Necrozma|0 fnt
|faint|p1a: Necrozma
|-ability|p2a: Calyrex|Grim Neigh|boost
|-boost|p2a: Calyrex|spa|1
|
|upkeep
|
|t:|1652420401
|switch|p1a: Tyranitar|Tyranitar, F, shiny|62/100
|-damage|p1a: Tyranitar|49/100|[from] Stealth Rock
|-weather|Sandstorm|[from] ability: Sand Stream|[of] p1a: Tyranitar
|turn|26
|
|t:|1652420406
|move|p2a: Calyrex|Nasty Plot|p2a: Calyrex
|-boost|p2a: Calyrex|spa|2
|move|p1a: Tyranitar|Roar|p2a: Calyrex
|drag|p2a: Xerneas|Xerneas|64/100
|-ability|p2a: Xerneas|Fairy Aura
|
|-weather|Sandstorm|[upkeep]
|-damage|p2a: Xerneas|58/100|[from] Sandstorm
|upkeep
|turn|27
|
|t:|1652420415
|switch|p1a: Ho-Oh|Ho-Oh, shiny|74/100
|move|p2a: Xerneas|Thunder|p1a: Ho-Oh
|-supereffective|p1a: Ho-Oh
|-damage|p1a: Ho-Oh|35/100
|
|-weather|Sandstorm|[upkeep]
|-damage|p2a: Xerneas|52/100|[from] Sandstorm
|-damage|p1a: Ho-Oh|29/100|[from] Sandstorm
|upkeep
|turn|28
|
|t:|1652420423
|switch|p1a: Quagsire|Quagsire, M, shiny|94/100
|-damage|p1a: Quagsire|88/100|[from] Stealth Rock
|move|p2a: Xerneas|Geomancy||[still]
|-prepare|p2a: Xerneas|Geomancy
|
|-weather|Sandstorm|[upkeep]
|-damage|p2a: Xerneas|46/100|[from] Sandstorm
|upkeep
|turn|29
|
|t:|1652420426
|move|p2a: Xerneas|Geomancy|p2a: Xerneas|[from]lockedmove
|-boost|p2a: Xerneas|spa|2
|-boost|p2a: Xerneas|spd|2
|-boost|p2a: Xerneas|spe|2
|move|p1a: Quagsire|Haze|p1a: Quagsire
|-clearallboost
|
|-weather|Sandstorm|[upkeep]
|-damage|p2a: Xerneas|39/100|[from] Sandstorm
|upkeep
|turn|30
|
|t:|1652420431
|move|p2a: Xerneas|Substitute|p2a: Xerneas
|-start|p2a: Xerneas|Substitute
|-damage|p2a: Xerneas|14/100
|move|p1a: Quagsire|Toxic||[still]
|-fail|p1a: Quagsire
|
|-weather|none
|upkeep
|turn|31
|l| Little Luvie❤
|
|t:|1652420440
|move|p2a: Xerneas|Thunder|p1a: Quagsire
|-immune|p1a: Quagsire
|move|p1a: Quagsire|Haze|p1a: Quagsire
|-clearallboost
|
|upkeep
|turn|32
|
|t:|1652420446
|switch|p1a: Arceus|Arceus-Grass|100/100
|-damage|p1a: Arceus|88/100|[from] Stealth Rock
|move|p2a: Xerneas|Geomancy||[still]
|-prepare|p2a: Xerneas|Geomancy
|
|upkeep
|turn|33
|
|t:|1652420450
|move|p1a: Arceus|Grass Knot|p2a: Xerneas
|-end|p2a: Xerneas|Substitute
|move|p2a: Xerneas|Geomancy|p2a: Xerneas|[from]lockedmove
|-boost|p2a: Xerneas|spa|2
|-boost|p2a: Xerneas|spd|2
|-boost|p2a: Xerneas|spe|2
|
|upkeep
|turn|34
|
|t:|1652420457
|move|p2a: Xerneas|Moonblast|p1a: Arceus
|-damage|p1a: Arceus|0 fnt
|faint|p1a: Arceus
|
|upkeep
|
|t:|1652420460
|switch|p1a: Tyranitar|Tyranitar, F, shiny|49/100
|-damage|p1a: Tyranitar|37/100|[from] Stealth Rock
|-weather|Sandstorm|[from] ability: Sand Stream|[of] p1a: Tyranitar
|turn|35
|j| Electro Ballers
|
|t:|1652420473
|switch|p1a: Quagsire|Quagsire, M, shiny|88/100
|-damage|p1a: Quagsire|82/100|[from] Stealth Rock
|move|p2a: Xerneas|Thunder|p1a: Quagsire
|-immune|p1a: Quagsire
|
|-weather|Sandstorm|[upkeep]
|-damage|p2a: Xerneas|8/100|[from] Sandstorm
|upkeep
|turn|36
|j| testaltv4 ❤
|
|t:|1652420484
|switch|p1a: Ho-Oh|Ho-Oh, shiny|62/100
|move|p2a: Xerneas|Moonblast|p1a: Ho-Oh
|-resisted|p1a: Ho-Oh
|-damage|p1a: Ho-Oh|31/100
|-unboost|p1a: Ho-Oh|spa|1
|
|-weather|Sandstorm|[upkeep]
|-damage|p2a: Xerneas|2/100|[from] Sandstorm
|-damage|p1a: Ho-Oh|25/100|[from] Sandstorm
|upkeep
|turn|37
|
|t:|1652420489
|switch|p1a: Quagsire|Quagsire, M, shiny|82/100
|-damage|p1a: Quagsire|76/100|[from] Stealth Rock
|move|p2a: Xerneas|Moonblast|p1a: Quagsire
|-damage|p1a: Quagsire|0 fnt
|faint|p1a: Quagsire
|
|-weather|Sandstorm|[upkeep]
|-damage|p2a: Xerneas|0 fnt|[from] Sandstorm
|faint|p2a: Xerneas
|upkeep
|j| Prottay1❤
|
|t:|1652420493
|switch|p2a: Calyrex|Calyrex-Shadow|57/100
|switch|p1a: Tyranitar|Tyranitar, F, shiny|37/100
|-ability|p2a: Calyrex|As One
|-ability|p2a: Calyrex|Unnerve
|-damage|p1a: Tyranitar|25/100|[from] Stealth Rock
|turn|38
|
|t:|1652420496
|move|p2a: Calyrex|Substitute|p2a: Calyrex
|-start|p2a: Calyrex|Substitute
|-damage|p2a: Calyrex|32/100
|move|p1a: Tyranitar|Foul Play|p2a: Calyrex
|-supereffective|p2a: Calyrex
|-end|p2a: Calyrex|Substitute
|
|-weather|Sandstorm|[upkeep]
|-damage|p2a: Calyrex|26/100|[from] Sandstorm
|upkeep
|turn|39
|
|t:|1652420499
|move|p2a: Calyrex|Substitute|p2a: Calyrex
|-start|p2a: Calyrex|Substitute
|-damage|p2a: Calyrex|1/100
|move|p1a: Tyranitar|Foul Play|p2a: Calyrex
|-supereffective|p2a: Calyrex
|-end|p2a: Calyrex|Substitute
|
|-weather|none
|upkeep
|turn|40
|c|☆RosaFlora❤|does crit save me actually?
|
|t:|1652420519
|switch|p1a: Ho-Oh|Ho-Oh, shiny|58/100
|move|p2a: Calyrex|Astral Barrage|p1a: Ho-Oh
|-damage|p1a: Ho-Oh|27/100
|
|upkeep
|turn|41
|j| LaprasPlayer
|c|☆RosaFlora❤|nvm ggs
|
|t:|1652420534
|switch|p1a: Tyranitar|Tyranitar, F, shiny|25/100
|-damage|p1a: Tyranitar|12/100|[from] Stealth Rock
|-weather|Sandstorm|[from] ability: Sand Stream|[of] p1a: Tyranitar
|move|p2a: Calyrex|Astral Barrage|p1a: Tyranitar
|-resisted|p1a: Tyranitar
|-damage|p1a: Tyranitar|0 fnt
|faint|p1a: Tyranitar
|-ability|p2a: Calyrex|Grim Neigh|boost
|-boost|p2a: Calyrex|spa|1
|
|-weather|Sandstorm|[upkeep]
|-damage|p2a: Calyrex|0 fnt|[from] Sandstorm
|faint|p2a: Calyrex
|
|win|Pr3ssur3
|upkeep
|n|☆Pr3ssur3|pr3ssur3
|n|☆RosaFlora❤|rosaflora
|n| Electro Ballers|electroballers
|n| testaltv4 ❤|testaltv4
|n| Prottay1❤|prottay1
|n| LaprasPlayer|laprasplayer
