|j|☆kerrozxl-
|j|☆CLEAR GEM清瑜
|t:|1661322106
|gametype|singles
|player|p1|kerrozxl-|unknownf|1549
|player|p2|CLEAR GEM清瑜|skierf|1860
|teamsize|p1|6
|teamsize|p2|6
|gen|8
|tier|[Gen 8] National Dex AG
|rated|
|rule|HP Percentage Mod: HP is shown in percentages
|rule|Endless Battle Clause: Forcing endless battles is banned
|clearpoke
|poke|p1|Rayquaza|
|poke|p1|Groudon|
|poke|p1|Necrozma-Dusk-Mane|
|poke|p1|Marshadow|
|poke|p1|Yveltal|
|poke|p1|Xerneas-*|
|poke|p2|Rayquaza|
|poke|p2|Groudon|
|poke|p2|Necrozma-Dusk-Mane|
|poke|p2|Arceus-*|
|poke|p2|Arceus-*|
|poke|p2|Arceus-*|
|teampreview
|inactive|Battle timer is ON: inactive players will automatically lose when time's up. (requested by CLEAR GEM清瑜)
|
|t:|1661322113
|start
|switch|p1a: Rayquaza|Rayquaza, shiny|100/100
|switch|p2a: 乱杀P古|Arceus-Ground|100/100
|-ability|p1a: Rayquaza|Air Lock
|turn|1
|
|t:|1661322116
|detailschange|p1a: Rayquaza|Rayquaza-Mega, shiny
|-mega|p1a: Rayquaza|Rayquaza|
|-weather|DeltaStream|[from] ability: Delta Stream|[of] p1a: Rayquaza
|move|p1a: Rayquaza|Dragon Ascent|p2a: 乱杀P古
|-damage|p2a: 乱杀P古|7/100
|-unboost|p1a: Rayquaza|def|1
|-unboost|p1a: Rayquaza|spd|1
|move|p2a: 乱杀P古|Ice Beam|p1a: Rayquaza
|-activate||deltastream
|-supereffective|p1a: Rayquaza
|-damage|p1a: Rayquaza|1/100
|-status|p1a: Rayquaza|frz
|
|-weather|DeltaStream|[upkeep]
|upkeep
|turn|2
|
|t:|1661322123
|cant|p1a: Rayquaza|frz
|move|p2a: 乱杀P古|Stealth Rock|p1a: Rayquaza
|-sidestart|p1: kerrozxl-|move: Stealth Rock
|
|-weather|DeltaStream|[upkeep]
|upkeep
|turn|3
|
|t:|1661322127
|cant|p1a: Rayquaza|frz
|move|p2a: 乱杀P古|Ice Beam|p1a: Rayquaza
|-activate||deltastream
|-supereffective|p1a: Rayquaza
|-damage|p1a: Rayquaza|0 fnt
|faint|p1a: Rayquaza
|-weather|none
|
|upkeep
|
|t:|1661322130
|switch|p1a: Yveltal|Yveltal, shiny|100/100
|-ability|p1a: Yveltal|Dark Aura
|turn|4
|
|t:|1661322135
|move|p1a: Yveltal|Knock Off|p2a: 乱杀P古
|-damage|p2a: 乱杀P古|0 fnt
|faint|p2a: 乱杀P古
|
|upkeep
|
|t:|1661322139
|switch|p2a: 不会(?)|Groudon|100/100
|detailschange|p2a: 不会(?)|Groudon-Primal
|-primal|p2a: 不会(?)
|-weather|DesolateLand|[from] ability: Desolate Land|[of] p2a: 不会(?)
|turn|5
|inactive|kerrozxl- has 120 seconds left.
|inactive|kerrozxl- has 90 seconds left.
|
|t:|1661322203
|move|p1a: Yveltal|Defog|p2a: 不会(?)
|-unboost|p2a: 不会(?)|evasion|1
|-sideend|p1: kerrozxl-|Stealth Rock|[from] move: Defog|[of] p1a: Yveltal
|move|p2a: 不会(?)|Heat Crash|p1a: Yveltal
|-damage|p1a: Yveltal|9/100
|
|-weather|DesolateLand|[upkeep]
|upkeep
|turn|6
|
|t:|1661322213
|move|p1a: Yveltal|Oblivion Wing|p2a: 不会(?)
|-damage|p2a: 不会(?)|73/100
|-heal|p1a: Yveltal|30/100|[from] drain|[of] p2a: 不会(?)
|move|p2a: 不会(?)|Stealth Rock|p1a: Yveltal
|-sidestart|p1: kerrozxl-|move: Stealth Rock
|
|-weather|DesolateLand|[upkeep]
|upkeep
|turn|7
|
|t:|1661322216
|move|p1a: Yveltal|Defog|p2a: 不会(?)
|-unboost|p2a: 不会(?)|evasion|1
|-sideend|p1: kerrozxl-|Stealth Rock|[from] move: Defog|[of] p1a: Yveltal
|move|p2a: 不会(?)|Heat Crash|p1a: Yveltal
|-damage|p1a: Yveltal|0 fnt
|faint|p1a: Yveltal
|
|-weather|DesolateLand|[upkeep]
|upkeep
|
|t:|1661322222
|switch|p1a: Necrozma|Necrozma-Dusk-Mane|100/100
|turn|8
|
|t:|1661322224
|detailschange|p1a: Necrozma|Necrozma-Ultra
|-burst|p1a: Necrozma|Necrozma|Ultranecrozium Z
|move|p1a: Necrozma|Dragon Dance|p1a: Necrozma
|-boost|p1a: Necrozma|atk|1
|-boost|p1a: Necrozma|spe|1
|move|p2a: 不会(?)|Stealth Rock|p1a: Necrozma
|-sidestart|p1: kerrozxl-|move: Stealth Rock
|
|-weather|DesolateLand|[upkeep]
|upkeep
|turn|9
|inactive|kerrozxl- has 120 seconds left.
|
|t:|1661322230
|-zpower|p1a: Necrozma
|move|p1a: Necrozma|Light That Burns the Sky|p2a: 不会(?)|[zeffect]
|-damage|p2a: 不会(?)|0 fnt
|faint|p2a: 不会(?)
|-weather|none
|
|upkeep
|
|t:|1661322232
|switch|p2a: 究极辅助|Arceus-Dark|100/100
|turn|10
|inactive|kerrozxl- has 120 seconds left.
|inactive|kerrozxl- has 90 seconds left.
|
|t:|1661322281
|switch|p1a: Groudon|Groudon, shiny|100/100
|-damage|p1a: Groudon|94/100|[from] Stealth Rock
|detailschange|p1a: Groudon|Groudon-Primal, shiny
|-primal|p1a: Groudon
|-weather|DesolateLand|[from] ability: Desolate Land|[of] p1a: Groudon
|move|p2a: 究极辅助|Judgment|p1a: Groudon
|-damage|p1a: Groudon|57/100
|
|-weather|DesolateLand|[upkeep]
|upkeep
|turn|11
|
|t:|1661322291
|move|p2a: 究极辅助|Magic Coat|p2a: 究极辅助
|-singleturn|p2a: 究极辅助|move: Magic Coat
|move|p1a: Groudon|Stealth Rock|p2a: 究极辅助
|move|p2a: 究极辅助|Stealth Rock||[from]Magic Coat|[still]
|-fail|p2a: 究极辅助
|
|-weather|DesolateLand|[upkeep]
|upkeep
|turn|12
|inactive|kerrozxl- has 90 seconds left.
|
|t:|1661322332
|move|p2a: 究极辅助|Judgment|p1a: Groudon
|-damage|p1a: Groudon|19/100
|move|p1a: Groudon|Precipice Blades|p2a: 究极辅助
|-damage|p2a: 究极辅助|56/100
|
|-weather|DesolateLand|[upkeep]
|upkeep
|turn|13
|
|t:|1661322338
|move|p2a: 究极辅助|Judgment|p1a: Groudon
|-damage|p1a: Groudon|0 fnt
|faint|p1a: Groudon
|-weather|none
|
|upkeep
|
|t:|1661322341
|switch|p1a: Xerneas|Xerneas, shiny|100/100
|-damage|p1a: Xerneas|88/100|[from] Stealth Rock
|-ability|p1a: Xerneas|Fairy Aura
|turn|14
|
|t:|1661322343
|move|p1a: Xerneas|Geomancy||[still]
|-prepare|p1a: Xerneas|Geomancy
|-enditem|p1a: Xerneas|Power Herb
|-anim|p1a: Xerneas|Geomancy|p1a: Xerneas
|-boost|p1a: Xerneas|spa|2
|-boost|p1a: Xerneas|spd|2
|-boost|p1a: Xerneas|spe|2
|move|p2a: 究极辅助|Roar|p1a: Xerneas
|drag|p1a: Necrozma|Necrozma-Ultra|100/100
|-damage|p1a: Necrozma|88/100|[from] Stealth Rock
|
|upkeep
|turn|15
|inactive|kerrozxl- has 90 seconds left.
|
|t:|1661322380
|move|p1a: Necrozma|Earthquake|p2a: 究极辅助
|-damage|p2a: 究极辅助|24/100
|move|p2a: 究极辅助|Judgment|p1a: Necrozma
|-supereffective|p1a: Necrozma
|-damage|p1a: Necrozma|0 fnt
|faint|p1a: Necrozma
|
|upkeep
|-message|kerrozxl- forfeited.
|
|win|CLEAR GEM清瑜
|raw|kerrozxl-'s rating: 1549 &rarr; <strong>1543</strong><br />(-6 for losing)
|raw|CLEAR GEM清瑜's rating: 1860 &rarr; <strong>1866</strong><br />(+6 for winning)
|l|☆kerrozxl-
