|j|☆Pikaslayer2001
|j|‽Tahz
|t:|1666714727
|gametype|singles
|player|p1|Pikaslayer2001|brendan-contest|1881
|player|p2|Tahz|veteran|1819
|teamsize|p1|6
|teamsize|p2|6
|gen|8
|tier|[Gen 8] National Dex AG
|rated|
|rule|HP Percentage Mod: HP is shown in percentages
|rule|Endless Battle Clause: Forcing endless battles is banned
|clearpoke
|poke|p1|Deoxys-Speed|
|poke|p1|Rayquaza|
|poke|p1|Groudon|
|poke|p1|Yveltal|
|poke|p1|Ditto|
|poke|p1|Calyrex-Shadow|
|poke|p2|Marshadow|
|poke|p2|Necrozma-Dusk-Mane|
|poke|p2|Arceus-*|
|poke|p2|Ditto|
|poke|p2|Yveltal|
|poke|p2|Arceus-*|
|teampreview
|inactive|Battle timer is ON: inactive players will automatically lose when time's up. (requested by Tahz)
|
|t:|1666714745
|start
|switch|p1a: Deoxys|Deoxys-Speed|100/100
|switch|p2a: Arceus|Arceus-Ground|100/100
|-ability|p1a: Deoxys|Pressure
|turn|1
|
|t:|1666714757
|move|p2a: Arceus|Magic Coat|p2a: Arceus
|-singleturn|p2a: Arceus|move: Magic Coat
|move|p1a: Deoxys|Stealth Rock|p2a: Arceus
|move|p2a: Arceus|Stealth Rock|p1a: Deoxys|[from]Magic Coat
|-sidestart|p1: Pikaslayer2001|move: Stealth Rock
|
|upkeep
|turn|2
|
|t:|1666714761
|move|p2a: Arceus|Magic Coat|p2a: Arceus
|-singleturn|p2a: Arceus|move: Magic Coat
|move|p1a: Deoxys|Stealth Rock|p2a: Arceus
|move|p2a: Arceus|Stealth Rock||[from]Magic Coat|[still]
|-fail|p2a: Arceus
|
|upkeep
|turn|3
|
|t:|1666714765
|move|p1a: Deoxys|Stealth Rock|p2a: Arceus
|-sidestart|p2: Tahz|move: Stealth Rock
|move|p2a: Arceus|Earthquake|p1a: Deoxys
|-damage|p1a: Deoxys|40/100
|
|upkeep
|turn|4
|
|t:|1666714769
|move|p1a: Deoxys|Spikes|p2a: Arceus
|-sidestart|p2: Tahz|Spikes
|move|p2a: Arceus|Earthquake|p1a: Deoxys
|-damage|p1a: Deoxys|0 fnt
|faint|p1a: Deoxys
|
|upkeep
|
|t:|1666714773
|switch|p1a: Rayquaza|Rayquaza|100/100
|-damage|p1a: Rayquaza|76/100|[from] Stealth Rock
|-ability|p1a: Rayquaza|Air Lock
|turn|5
|
|t:|1666714776
|detailschange|p1a: Rayquaza|Rayquaza-Mega
|-mega|p1a: Rayquaza|Rayquaza|
|-weather|DeltaStream|[from] ability: Delta Stream|[of] p1a: Rayquaza
|move|p1a: Rayquaza|Dragon Dance|p1a: Rayquaza
|-boost|p1a: Rayquaza|atk|1
|-boost|p1a: Rayquaza|spe|1
|move|p2a: Arceus|Stone Edge|p1a: Rayquaza
|-activate||deltastream
|-damage|p1a: Rayquaza|49/100
|
|-weather|DeltaStream|[upkeep]
|upkeep
|turn|6
|
|t:|1666714781
|move|p1a: Rayquaza|Dragon Ascent|p2a: Arceus
|-damage|p2a: Arceus|16/100
|-unboost|p1a: Rayquaza|def|1
|-unboost|p1a: Rayquaza|spd|1
|-damage|p1a: Rayquaza|39/100|[from] item: Life Orb
|move|p2a: Arceus|Stone Edge|p1a: Rayquaza
|-activate||deltastream
|-damage|p1a: Rayquaza|0 fnt
|faint|p1a: Rayquaza
|-weather|none
|
|upkeep
|
|t:|1666714785
|switch|p1a: Calyrex|Calyrex-Shadow|100/100
|-ability|p1a: Calyrex|As One
|-ability|p1a: Calyrex|Unnerve
|-damage|p1a: Calyrex|88/100|[from] Stealth Rock
|turn|7
|
|t:|1666714789
|move|p1a: Calyrex|Draining Kiss|p2a: Arceus
|-damage|p2a: Arceus|3/100
|-heal|p1a: Calyrex|100/100|[from] drain|[of] p2a: Arceus
|move|p2a: Arceus|Earthquake|p1a: Calyrex
|-damage|p1a: Calyrex|43/100
|
|upkeep
|turn|8
|
|t:|1666714792
|move|p1a: Calyrex|Draining Kiss|p2a: Arceus
|-damage|p2a: Arceus|0 fnt
|-heal|p1a: Calyrex|46/100|[from] drain|[of] p2a: Arceus
|faint|p2a: Arceus
|-ability|p1a: Calyrex|Grim Neigh|boost
|-boost|p1a: Calyrex|spa|1
|
|upkeep
|
|t:|1666714797
|switch|p2a: Yveltal|Yveltal|100/100
|-damage|p2a: Yveltal|76/100|[from] Stealth Rock
|-ability|p2a: Yveltal|Dark Aura
|turn|9
|
|t:|1666714801
|move|p2a: Yveltal|Sucker Punch|p1a: Calyrex
|-supereffective|p1a: Calyrex
|-damage|p1a: Calyrex|0 fnt
|faint|p1a: Calyrex
|-damage|p2a: Yveltal|66/100|[from] item: Life Orb
|
|upkeep
|
|t:|1666714803
|switch|p1a: Groudon|Groudon, shiny|100/100
|-damage|p1a: Groudon|94/100|[from] Stealth Rock
|detailschange|p1a: Groudon|Groudon-Primal, shiny
|-primal|p1a: Groudon
|-weather|DesolateLand|[from] ability: Desolate Land|[of] p1a: Groudon
|turn|10
|
|t:|1666714808
|-start|p2a: Yveltal|Dynamax|
|-heal|p2a: Yveltal|66/100|[silent]
|move|p1a: Groudon|Eruption|p2a: Yveltal
|-damage|p2a: Yveltal|2/100
|move|p2a: Yveltal|Max Darkness|p1a: Groudon
|-damage|p1a: Groudon|0 fnt
|faint|p1a: Groudon
|-weather|none
|-damage|p2a: Yveltal|0 fnt|[from] item: Life Orb
|faint|p2a: Yveltal
|
|upkeep
|
|t:|1666714818
|switch|p1a: Yveltal|Yveltal|100/100
|switch|p2a: Marshadow|Marshadow|100/100
|-damage|p2a: Marshadow|94/100|[from] Stealth Rock
|-damage|p2a: Marshadow|82/100|[from] Spikes
|-damage|p1a: Yveltal|76/100|[from] Stealth Rock
|-ability|p1a: Yveltal|Dark Aura
|turn|11
|
|t:|1666714821
|-start|p1a: Yveltal|Dynamax|
|-heal|p1a: Yveltal|76/100|[silent]
|move|p2a: Marshadow|Rock Tomb|p1a: Yveltal
|-supereffective|p1a: Yveltal
|-damage|p1a: Yveltal|36/100
|-unboost|p1a: Yveltal|spe|1
|-damage|p2a: Marshadow|72/100|[from] item: Life Orb
|move|p1a: Yveltal|Max Airstream|p2a: Marshadow
|-supereffective|p2a: Marshadow
|-damage|p2a: Marshadow|0 fnt
|-boost|p1a: Yveltal|spe|1
|faint|p2a: Marshadow
|-damage|p1a: Yveltal|31/100|[from] item: Life Orb
|
|upkeep
|
|t:|1666714827
|switch|p2a: Arceus|Arceus-Electric|100/100
|-damage|p2a: Arceus|88/100|[from] Stealth Rock
|-damage|p2a: Arceus|76/100|[from] Spikes
|turn|12
|
|t:|1666714830
|-end|p1a: Yveltal|Dynamax
|-heal|p1a: Yveltal|31/100|[silent]
|switch|p1a: Ditto|Ditto|100/100
|-damage|p1a: Ditto|88/100|[from] Stealth Rock
|-transform|p1a: Ditto|p2a: Arceus|[from] ability: Imposter
|move|p2a: Arceus|Judgment|p1a: Ditto
|-resisted|p1a: Ditto
|-damage|p1a: Ditto|66/100
|
|upkeep
|turn|13
|
|t:|1666714836
|move|p1a: Ditto|Ice Beam|p2a: Arceus
|-damage|p2a: Arceus|58/100
|move|p2a: Arceus|Calm Mind|p2a: Arceus
|-boost|p2a: Arceus|spa|1
|-boost|p2a: Arceus|spd|1
|
|upkeep
|turn|14
|-message|Pikaslayer2001 forfeited.
|
|win|Tahz
|raw|Pikaslayer2001's rating: 1881 &rarr; <strong>1857</strong><br />(-24 for losing)
|raw|Tahz's rating: 1819 &rarr; <strong>1843</strong><br />(+24 for winning)
|l|☆Pikaslayer2001
||Ladder isn't responding, score probably updated but might not have (Request timeout).
