|j|☆CLEAR GEM清瑜
|j|☆froy 18
|t:|1661673020
|gametype|singles
|player|p1|CLEAR GEM清瑜|skierf|1695
|player|p2|froy 18|ethan|1619
|teamsize|p1|6
|teamsize|p2|6
|gen|8
|tier|[Gen 8] National Dex AG
|rated|
|rule|HP Percentage Mod: HP is shown in percentages
|rule|Endless Battle Clause: Forcing endless battles is banned
|clearpoke
|poke|p1|Rayquaza|
|poke|p1|Groudon|
|poke|p1|Necrozma-Dusk-Mane|
|poke|p1|Arceus-*|
|poke|p1|Arceus-*|
|poke|p1|Arceus-*|
|poke|p2|Ditto|
|poke|p2|Necrozma-Dusk-Mane|
|poke|p2|Rayquaza|
|poke|p2|Darmanitan-Galar, F|
|poke|p2|Yveltal|
|poke|p2|Zacian-*|
|teampreview
|inactive|Battle timer is ON: inactive players will automatically lose when time's up. (requested by CLEAR GEM清瑜)
|
|t:|1661673027
|start
|switch|p1a: 乱杀P古|Arceus-Ground|100/100
|switch|p2a: Darmanitan|Darmanitan-Galar, F|100/100
|turn|1
|
|t:|1661673041
|move|p2a: Darmanitan|Icicle Crash|p1a: 乱杀P古
|-supereffective|p1a: 乱杀P古
|-damage|p1a: 乱杀P古|0 fnt
|faint|p1a: 乱杀P古
|
|upkeep
|
|t:|1661673046
|switch|p1a: 不会(?)|Groudon|100/100
|detailschange|p1a: 不会(?)|Groudon-Primal
|-primal|p1a: 不会(?)
|-weather|DesolateLand|[from] ability: Desolate Land|[of] p1a: 不会(?)
|turn|2
|
|t:|1661673049
|move|p2a: Darmanitan|Icicle Crash|p1a: 不会(?)
|-damage|p1a: 不会(?)|60/100
|move|p1a: 不会(?)|Stealth Rock|p2a: Darmanitan
|-sidestart|p2: froy 18|move: Stealth Rock
|
|-weather|DesolateLand|[upkeep]
|upkeep
|turn|3
|
|t:|1661673053
|move|p2a: Darmanitan|Icicle Crash|p1a: 不会(?)
|-damage|p1a: 不会(?)|21/100
|move|p1a: 不会(?)|Heat Crash|p2a: Darmanitan
|-supereffective|p2a: Darmanitan
|-damage|p2a: Darmanitan|0 fnt
|faint|p2a: Darmanitan
|
|-weather|DesolateLand|[upkeep]
|upkeep
|
|t:|1661673057
|switch|p2a: Rayquaza|Rayquaza|100/100
|-damage|p2a: Rayquaza|76/100|[from] Stealth Rock
|-ability|p2a: Rayquaza|Air Lock
|turn|4
|l|☆CLEAR GEM清瑜
|inactive|CLEAR GEM清瑜 disconnected and has a minute to reconnect!
|player|p1|
|j|☆CLEAR GEM清瑜
|inactive|CLEAR GEM清瑜 reconnected and has 130 seconds left.
|player|p1|CLEAR GEM清瑜|skierf
|
|t:|1661673080
|move|p2a: Rayquaza|Waterfall|p1a: 不会(?)
|-supereffective|p1a: 不会(?)
|-damage|p1a: 不会(?)|0 fnt
|faint|p1a: 不会(?)
|-weather|none
|-damage|p2a: Rayquaza|66/100|[from] item: Life Orb
|
|upkeep
|
|t:|1661673088
|switch|p1a: 烈龙无敌|Rayquaza, shiny|100/100
|-ability|p1a: 烈龙无敌|Air Lock
|turn|5
|
|t:|1661673094
|detailschange|p2a: Rayquaza|Rayquaza-Mega
|-mega|p2a: Rayquaza|Rayquaza|
|-weather|DeltaStream|[from] ability: Delta Stream|[of] p2a: Rayquaza
|detailschange|p1a: 烈龙无敌|Rayquaza-Mega, shiny
|-mega|p1a: 烈龙无敌|Rayquaza|
|move|p2a: Rayquaza|Dragon Ascent|p1a: 烈龙无敌
|-enditem|p1a: 烈龙无敌|Focus Sash
|-damage|p1a: 烈龙无敌|1/100
|-unboost|p2a: Rayquaza|def|1
|-unboost|p2a: Rayquaza|spd|1
|-damage|p2a: Rayquaza|56/100|[from] item: Life Orb
|move|p1a: 烈龙无敌|Dragon Ascent|p2a: Rayquaza
|-damage|p2a: Rayquaza|0 fnt
|-unboost|p1a: 烈龙无敌|def|1
|-unboost|p1a: 烈龙无敌|spd|1
|faint|p2a: Rayquaza
|
|-weather|DeltaStream|[upkeep]
|upkeep
|
|t:|1661673110
|switch|p2a: Zacian|Zacian-Crowned|100/100
|-damage|p2a: Zacian|94/100|[from] Stealth Rock
|-ability|p2a: Zacian|Intrepid Sword|boost
|-boost|p2a: Zacian|atk|1
|turn|6
|
|t:|1661673114
|move|p2a: Zacian|Behemoth Blade|p1a: 烈龙无敌
|-damage|p1a: 烈龙无敌|0 fnt
|faint|p1a: 烈龙无敌
|-weather|none
|
|upkeep
|
|t:|1661673117
|switch|p1a: 钢铁之躯|Necrozma-Dusk-Mane|100/100
|turn|7
|
|t:|1661673121
|move|p2a: Zacian|Substitute|p2a: Zacian
|-start|p2a: Zacian|Substitute
|-damage|p2a: Zacian|69/100
|move|p1a: 钢铁之躯|Dragon Dance|p1a: 钢铁之躯
|-boost|p1a: 钢铁之躯|atk|1
|-boost|p1a: 钢铁之躯|spe|1
|
|upkeep
|turn|8
|
|t:|1661673129
|move|p2a: Zacian|Behemoth Blade|p1a: 钢铁之躯
|-resisted|p1a: 钢铁之躯
|-damage|p1a: 钢铁之躯|70/100
|move|p1a: 钢铁之躯|Earthquake|p2a: Zacian
|-supereffective|p2a: Zacian
|-end|p2a: Zacian|Substitute
|
|upkeep
|turn|9
|
|t:|1661673134
|switch|p2a: Necrozma|Necrozma-Dusk-Mane|100/100
|-damage|p2a: Necrozma|94/100|[from] Stealth Rock
|detailschange|p1a: 钢铁之躯|Necrozma-Ultra
|-burst|p1a: 钢铁之躯|Necrozma|Ultranecrozium Z
|move|p1a: 钢铁之躯|Earthquake|p2a: Necrozma
|-supereffective|p2a: Necrozma
|-damage|p2a: Necrozma|30/100
|
|upkeep
|turn|10
|
|t:|1661673138
|move|p1a: 钢铁之躯|Earthquake|p2a: Necrozma
|-supereffective|p2a: Necrozma
|-damage|p2a: Necrozma|0 fnt
|faint|p2a: Necrozma
|
|upkeep
|
|t:|1661673143
|switch|p2a: Ditto|Ditto|100/100
|-damage|p2a: Ditto|88/100|[from] Stealth Rock
|-transform|p2a: Ditto|p1a: 钢铁之躯|[from] ability: Imposter
|turn|11
|
|t:|1661673150
|move|p2a: Ditto|Earthquake|p1a: 钢铁之躯
|-damage|p1a: 钢铁之躯|15/100
|-zpower|p1a: 钢铁之躯
|move|p1a: 钢铁之躯|Light That Burns the Sky|p2a: Ditto|[zeffect]
|-resisted|p2a: Ditto
|-damage|p2a: Ditto|0 fnt
|faint|p2a: Ditto
|
|upkeep
|
|t:|1661673154
|switch|p2a: Yveltal|Yveltal|100/100
|-damage|p2a: Yveltal|76/100|[from] Stealth Rock
|-ability|p2a: Yveltal|Dark Aura
|turn|12
|
|t:|1661673158
|-start|p2a: Yveltal|Dynamax|
|-heal|p2a: Yveltal|76/100|[silent]
|move|p1a: 钢铁之躯|Stone Edge|p2a: Yveltal
|-supereffective|p2a: Yveltal
|-damage|p2a: Yveltal|0 fnt
|faint|p2a: Yveltal
|
|upkeep
|-message|froy 18 forfeited.
|
|win|CLEAR GEM清瑜
|raw|CLEAR GEM清瑜's rating: 1695 &rarr; <strong>1711</strong><br />(+16 for winning)
|raw|froy 18's rating: 1619 &rarr; <strong>1603</strong><br />(-16 for losing)
|l|☆froy 18
