|j|☆Kenesitto
|j|☆magejoker
|t:|1636396760
|gametype|singles
|player|p1|Kenesitto|red|1652
|player|p2|magejoker|red|1555
|teamsize|p1|6
|teamsize|p2|6
|gen|8
|tier|[Gen 8] National Dex AG
|rated|
|rule|HP Percentage Mod: HP is shown in percentages
|rule|Endless Battle Clause: Forcing endless battles is banned
|clearpoke
|poke|p1|Marshadow|
|poke|p1|Arceus-*|
|poke|p1|Calyrex-Shadow|
|poke|p1|Eternatus|
|poke|p1|Zacian-*|
|poke|p1|Yveltal|
|poke|p2|Hippowdon, F|
|poke|p2|Ditto|
|poke|p2|Gyarados, M|
|poke|p2|Smeargle, M|
|poke|p2|Scizor, M|
|poke|p2|Espeon, M|
|teampreview
|inactive|Battle timer is ON: inactive players will automatically lose when time's up. (requested by magejoker)
|
|t:|1636396765
|start
|switch|p1a: Bidóof|Arceus-Ground|100/100
|switch|p2a: Hippowdon|Hippowdon, F|100/100
|-weather|Sandstorm|[from] ability: Sand Stream|[of] p2a: Hippowdon
|turn|1
|
|t:|1636396769
|move|p1a: Bidóof|Ice Beam|p2a: Hippowdon
|-supereffective|p2a: Hippowdon
|-damage|p2a: Hippowdon|50/100
|-status|p2a: Hippowdon|frz
|cant|p2a: Hippowdon|frz
|
|-weather|Sandstorm|[upkeep]
|-heal|p2a: Hippowdon|56/100 frz|[from] item: Leftovers
|upkeep
|turn|2
|
|t:|1636396779
|move|p1a: Bidóof|Ice Beam|p2a: Hippowdon
|-supereffective|p2a: Hippowdon
|-damage|p2a: Hippowdon|8/100 frz
|cant|p2a: Hippowdon|frz
|
|-weather|Sandstorm|[upkeep]
|-heal|p2a: Hippowdon|14/100 frz|[from] item: Leftovers
|upkeep
|turn|3
|
|t:|1636396781
|move|p1a: Bidóof|Ice Beam|p2a: Hippowdon
|-supereffective|p2a: Hippowdon
|-damage|p2a: Hippowdon|0 fnt
|faint|p2a: Hippowdon
|
|-weather|Sandstorm|[upkeep]
|upkeep
|
|t:|1636396786
|switch|p2a: Espeon|Espeon, M|100/100
|turn|4
|
|t:|1636396789
|move|p1a: Bidóof|Stealth Rock|p2a: Espeon
|move|p2a: Espeon|Stealth Rock|p1a: Bidóof|[from]ability: Magic Bounce
|-sidestart|p1: Kenesitto|move: Stealth Rock
|move|p2a: Espeon|Yawn|p1a: Bidóof
|-start|p1a: Bidóof|move: Yawn|[of] p2a: Espeon
|
|-weather|Sandstorm|[upkeep]
|-damage|p2a: Espeon|94/100|[from] Sandstorm
|upkeep
|turn|5
|
|t:|1636396797
|move|p1a: Bidóof|Defog|p2a: Espeon
|move|p2a: Espeon|Defog|p1a: Bidóof|[from]ability: Magic Bounce
|-unboost|p1a: Bidóof|evasion|1
|-sideend|p1: Kenesitto|Stealth Rock|[from] move: Defog|[of] p2a: Espeon
|move|p2a: Espeon|Yawn||[still]
|-fail|p2a: Espeon
|
|-weather|none
|-end|p1a: Bidóof|move: Yawn|[silent]
|-status|p1a: Bidóof|slp
|upkeep
|turn|6
|
|t:|1636396802
|switch|p2a: Smeargle|Smeargle, M|100/100
|cant|p1a: Bidóof|slp
|
|-ability|p2a: Smeargle|Moody|boost
|-boost|p2a: Smeargle|spd|2
|-unboost|p2a: Smeargle|def|1
|upkeep
|turn|7
|
|t:|1636396806
|-curestatus|p1a: Bidóof|slp|[msg]
|move|p1a: Bidóof|Judgment|p2a: Smeargle
|-damage|p2a: Smeargle|37/100
|move|p2a: Smeargle|Substitute|p2a: Smeargle
|-start|p2a: Smeargle|Substitute
|-damage|p2a: Smeargle|12/100
|
|-heal|p2a: Smeargle|18/100|[from] item: Leftovers
|-ability|p2a: Smeargle|Moody|boost
|-boost|p2a: Smeargle|def|2
|-unboost|p2a: Smeargle|atk|1
|upkeep
|turn|8
|
|t:|1636396812
|move|p1a: Bidóof|Judgment|p2a: Smeargle
|-end|p2a: Smeargle|Substitute
|move|p2a: Smeargle|Spore|p1a: Bidóof
|-status|p1a: Bidóof|slp|[from] move: Spore
|
|-heal|p2a: Smeargle|24/100|[from] item: Leftovers
|-ability|p2a: Smeargle|Moody|boost
|-boost|p2a: Smeargle|atk|2
|-unboost|p2a: Smeargle|spa|1
|upkeep
|turn|9
|
|t:|1636396816
|cant|p1a: Bidóof|slp
|move|p2a: Smeargle|Shell Smash|p2a: Smeargle
|-unboost|p2a: Smeargle|def|1
|-unboost|p2a: Smeargle|spd|1
|-boost|p2a: Smeargle|atk|2
|-boost|p2a: Smeargle|spa|2
|-boost|p2a: Smeargle|spe|2
|
|-heal|p2a: Smeargle|30/100|[from] item: Leftovers
|-ability|p2a: Smeargle|Moody|boost
|-boost|p2a: Smeargle|spe|2
|-unboost|p2a: Smeargle|atk|1
|upkeep
|turn|10
|
|t:|1636396822
|move|p2a: Smeargle|Substitute|p2a: Smeargle
|-start|p2a: Smeargle|Substitute
|-damage|p2a: Smeargle|6/100
|cant|p1a: Bidóof|slp
|
|-heal|p2a: Smeargle|12/100|[from] item: Leftovers
|-ability|p2a: Smeargle|Moody|boost
|-boost|p2a: Smeargle|def|2
|-unboost|p2a: Smeargle|atk|1
|upkeep
|turn|11
|
|t:|1636396826
|move|p2a: Smeargle|Shell Smash|p2a: Smeargle
|-unboost|p2a: Smeargle|def|1
|-unboost|p2a: Smeargle|spd|1
|-boost|p2a: Smeargle|atk|2
|-boost|p2a: Smeargle|spa|2
|-boost|p2a: Smeargle|spe|2
|cant|p1a: Bidóof|slp
|
|-heal|p2a: Smeargle|18/100|[from] item: Leftovers
|-ability|p2a: Smeargle|Moody|boost
|-boost|p2a: Smeargle|def|2
|-unboost|p2a: Smeargle|spd|1
|upkeep
|turn|12
|
|t:|1636396832
|move|p2a: Smeargle|Shell Smash|p2a: Smeargle
|-unboost|p2a: Smeargle|def|1
|-unboost|p2a: Smeargle|spd|1
|-boost|p2a: Smeargle|atk|2
|-boost|p2a: Smeargle|spa|2
|-boost|p2a: Smeargle|spe|0
|-curestatus|p1a: Bidóof|slp|[msg]
|move|p1a: Bidóof|Judgment|p2a: Smeargle
|-end|p2a: Smeargle|Substitute
|
|-heal|p2a: Smeargle|24/100|[from] item: Leftovers
|-ability|p2a: Smeargle|Moody|boost
|-boost|p2a: Smeargle|atk|1
|-unboost|p2a: Smeargle|spe|1
|upkeep
|turn|13
|
|t:|1636396841
|move|p2a: Smeargle|Spore|p1a: Bidóof
|-status|p1a: Bidóof|slp|[from] move: Spore
|cant|p1a: Bidóof|slp
|
|-heal|p2a: Smeargle|30/100|[from] item: Leftovers
|-ability|p2a: Smeargle|Moody|boost
|-boost|p2a: Smeargle|def|2
|-unboost|p2a: Smeargle|atk|1
|upkeep
|turn|14
|
|t:|1636396847
|move|p2a: Smeargle|Substitute|p2a: Smeargle
|-start|p2a: Smeargle|Substitute
|-damage|p2a: Smeargle|5/100
|cant|p1a: Bidóof|slp
|
|-heal|p2a: Smeargle|11/100|[from] item: Leftovers
|-ability|p2a: Smeargle|Moody|boost
|-boost|p2a: Smeargle|atk|1
|-unboost|p2a: Smeargle|def|1
|upkeep
|turn|15
|
|t:|1636396853
|move|p2a: Smeargle|Power Trip|p1a: Bidóof
|-damage|p1a: Bidóof|17/100 slp
|cant|p1a: Bidóof|slp
|
|-heal|p2a: Smeargle|17/100|[from] item: Leftovers
|-ability|p2a: Smeargle|Moody|boost
|-boost|p2a: Smeargle|spe|1
|-unboost|p2a: Smeargle|spa|1
|upkeep
|turn|16
|
|t:|1636396859
|move|p2a: Smeargle|Power Trip|p1a: Bidóof
|-damage|p1a: Bidóof|0 fnt
|faint|p1a: Bidóof
|
|-heal|p2a: Smeargle|23/100|[from] item: Leftovers
|-ability|p2a: Smeargle|Moody|boost
|-boost|p2a: Smeargle|spd|2
|-unboost|p2a: Smeargle|def|1
|upkeep
|
|t:|1636396866
|switch|p1a: Yveltal|Yveltal|100/100
|-ability|p1a: Yveltal|Dark Aura
|turn|17
|
|t:|1636396871
|move|p1a: Yveltal|Sucker Punch||[still]
|-fail|p1a: Yveltal
|move|p2a: Smeargle|Spore|p1a: Yveltal
|-status|p1a: Yveltal|slp|[from] move: Spore
|
|-heal|p2a: Smeargle|29/100|[from] item: Leftovers
|-ability|p2a: Smeargle|Moody|boost
|-boost|p2a: Smeargle|spa|2
|-unboost|p2a: Smeargle|spe|1
|upkeep
|turn|18
|
|t:|1636396874
|move|p2a: Smeargle|Power Trip|p1a: Yveltal
|-resisted|p1a: Yveltal
|-damage|p1a: Yveltal|23/100 slp
|cant|p1a: Yveltal|slp
|
|-heal|p2a: Smeargle|35/100|[from] item: Leftovers
|-ability|p2a: Smeargle|Moody|boost
|-boost|p2a: Smeargle|def|2
|-unboost|p2a: Smeargle|spe|1
|upkeep
|turn|19
|
|t:|1636396880
|cant|p1a: Yveltal|slp
|move|p2a: Smeargle|Power Trip|p1a: Yveltal
|-resisted|p1a: Yveltal
|-damage|p1a: Yveltal|0 fnt
|faint|p1a: Yveltal
|
|-heal|p2a: Smeargle|41/100|[from] item: Leftovers
|-ability|p2a: Smeargle|Moody|boost
|-boost|p2a: Smeargle|spd|2
|-unboost|p2a: Smeargle|spa|1
|upkeep
|
|t:|1636396882
|switch|p1a: Doge|Zacian-Crowned|100/100
|-ability|p1a: Doge|Intrepid Sword|boost
|-boost|p1a: Doge|atk|1
|turn|20
|
|t:|1636396884
|move|p2a: Smeargle|Spore|p1a: Doge
|-status|p1a: Doge|slp|[from] move: Spore
|cant|p1a: Doge|slp
|
|-heal|p2a: Smeargle|47/100|[from] item: Leftovers
|-ability|p2a: Smeargle|Moody|boost
|-boost|p2a: Smeargle|spa|1
|-unboost|p2a: Smeargle|spd|1
|upkeep
|turn|21
|
|t:|1636396893
|move|p2a: Smeargle|Power Trip|p1a: Doge
|-resisted|p1a: Doge
|-damage|p1a: Doge|39/100 slp
|-curestatus|p1a: Doge|slp|[msg]
|move|p1a: Doge|Sacred Sword|p2a: Smeargle
|-supereffective|p2a: Smeargle
|-end|p2a: Smeargle|Substitute
|
|-heal|p2a: Smeargle|53/100|[from] item: Leftovers
|-ability|p2a: Smeargle|Moody|boost
|-boost|p2a: Smeargle|spe|2
|-unboost|p2a: Smeargle|spa|1
|upkeep
|turn|22
|
|t:|1636396898
|move|p2a: Smeargle|Power Trip|p1a: Doge
|-resisted|p1a: Doge
|-damage|p1a: Doge|0 fnt
|faint|p1a: Doge
|
|-heal|p2a: Smeargle|59/100|[from] item: Leftovers
|-ability|p2a: Smeargle|Moody|boost
|-boost|p2a: Smeargle|spa|1
|-unboost|p2a: Smeargle|spd|1
|upkeep
|
|t:|1636396901
|switch|p1a: Horse|Calyrex-Shadow|100/100
|-ability|p1a: Horse|As One
|-ability|p1a: Horse|Unnerve
|turn|23
|
|t:|1636396905
|move|p2a: Smeargle|Substitute|p2a: Smeargle
|-start|p2a: Smeargle|Substitute
|-damage|p2a: Smeargle|35/100
|move|p1a: Horse|Dark Pulse|p2a: Smeargle
|-end|p2a: Smeargle|Substitute
|
|-heal|p2a: Smeargle|41/100|[from] item: Leftovers
|-ability|p2a: Smeargle|Moody|boost
|-boost|p2a: Smeargle|spd|2
|-unboost|p2a: Smeargle|spe|1
|upkeep
|turn|24
|
|t:|1636396909
|move|p2a: Smeargle|Spore|p1a: Horse
|-status|p1a: Horse|slp|[from] move: Spore
|cant|p1a: Horse|slp
|
|-heal|p2a: Smeargle|47/100|[from] item: Leftovers
|-ability|p2a: Smeargle|Moody|boost
|-boost|p2a: Smeargle|def|2
|-unboost|p2a: Smeargle|atk|1
|upkeep
|turn|25
|-message|Kenesitto forfeited.
|
|win|magejoker
|raw|Kenesitto's rating: 1652 &rarr; <strong>1627</strong><br />(-25 for losing)
|raw|magejoker's rating: 1555 &rarr; <strong>1580</strong><br />(+25 for winning)
|l|☆Kenesitto
