|j|☆wheelien
|j|☆slime420
|player|p1|wheelien|214|1389
|player|p2|slime420|blaine|1590
|teamsize|p1|6
|teamsize|p2|6
|gametype|singles
|gen|8
|tier|[Gen 8] National Dex AG
|rated|
|clearpoke
|poke|p1|Arceus-*|
|poke|p1|Arceus-*|
|poke|p1|Arceus-*|
|poke|p1|Arceus-*|
|poke|p1|Arceus-*|
|poke|p1|Arceus-*|
|poke|p2|Kyogre|
|poke|p2|Necrozma-Dusk-Mane|
|poke|p2|Yveltal|
|poke|p2|Marshadow|
|poke|p2|Cloyster, F|
|poke|p2|Lycanroc, M|
|rule|HP Percentage Mod: HP is shown in percentages
|rule|Endless Battle Clause: Forcing endless battles is banned
|teampreview
|inactive|Battle timer is ON: inactive players will automatically lose when time's up. (requested by slime420)
|c|☆slime420|gl hf
|
|start
|switch|p1a: Love|Arceus|100/100
|switch|p2a: Lycanroc|Lycanroc, M|100/100
|turn|1
|c|☆wheelien|u2
|
|move|p2a: Lycanroc|Taunt|p1a: Love
|-start|p1a: Love|move: Taunt
|cant|p1a: Love|move: Taunt|Stealth Rock
|
|upkeep
|turn|2
|
|switch|p1a: Persecution|Arceus|100/100
|move|p2a: Lycanroc|Stealth Rock|p1a: Persecution
|-sidestart|p1: wheelien|move: Stealth Rock
|
|upkeep
|turn|3
|
|move|p1a: Persecution|Earthquake|p2a: Lycanroc
|-supereffective|p2a: Lycanroc
|-enditem|p2a: Lycanroc|Focus Sash
|-damage|p2a: Lycanroc|1/100
|-damage|p1a: Persecution|91/100|[from] item: Life Orb
|move|p2a: Lycanroc|Rock Tomb|p1a: Persecution
|-damage|p1a: Persecution|69/100
|-unboost|p1a: Persecution|spe|1
|
|upkeep
|turn|4
|
|move|p1a: Persecution|Extreme Speed|p2a: Lycanroc
|-resisted|p2a: Lycanroc
|-damage|p2a: Lycanroc|0 fnt
|-damage|p1a: Persecution|59/100|[from] item: Life Orb
|faint|p2a: Lycanroc
|
|upkeep
|
|switch|p2a: Necrozma|Necrozma-Dusk-Mane|100/100
|turn|5
|
|-start|p2a: Necrozma|Dynamax
|-heal|p2a: Necrozma|100/100|[silent]
|move|p2a: Necrozma|Max Steelspike|p1a: Persecution
|-damage|p1a: Persecution|4/100
|-boost|p2a: Necrozma|def|1
|move|p1a: Persecution|Earthquake|p2a: Necrozma
|-supereffective|p2a: Necrozma
|-damage|p2a: Necrozma|83/100
|-enditem|p2a: Necrozma|Weakness Policy
|-boost|p2a: Necrozma|atk|2|[from] item: Weakness Policy
|-boost|p2a: Necrozma|spa|2|[from] item: Weakness Policy
|-damage|p1a: Persecution|0 fnt|[from] item: Life Orb
|faint|p1a: Persecution
|
|upkeep
|
|switch|p1a: Love|Arceus|100/100
|-damage|p1a: Love|88/100|[from] Stealth Rock
|turn|6
|
|move|p1a: Love|Perish Song|p1a: Love
|-start|p1a: Love|perish3|[silent]
|-start|p2a: Necrozma|perish3|[silent]
|-fieldactivate|move: Perish Song
|move|p2a: Necrozma|Max Steelspike|p1a: Love
|-damage|p1a: Love|4/100
|-boost|p2a: Necrozma|def|1
|
|-start|p1a: Love|perish3
|-start|p2a: Necrozma|perish3
|upkeep
|turn|7
|
|move|p1a: Love|Stealth Rock|p2a: Necrozma
|-sidestart|p2: slime420|move: Stealth Rock
|move|p2a: Necrozma|Max Rockfall|p1a: Love
|-damage|p1a: Love|0 fnt
|-weather|Sandstorm
|faint|p1a: Love
|
|-weather|Sandstorm|[upkeep]
|-start|p2a: Necrozma|perish2
|-end|p2a: Necrozma|Dynamax
|-heal|p2a: Necrozma|83/100|[silent]
|upkeep
|
|switch|p1a: Sacrifice|Arceus|100/100
|-damage|p1a: Sacrifice|88/100|[from] Stealth Rock
|turn|8
|
|move|p1a: Sacrifice|Substitute|p1a: Sacrifice
|-start|p1a: Sacrifice|Substitute
|-damage|p1a: Sacrifice|63/100
|move|p2a: Necrozma|Sunsteel Strike|p1a: Sacrifice
|-end|p1a: Sacrifice|Substitute
|
|-weather|Sandstorm|[upkeep]
|-damage|p1a: Sacrifice|57/100|[from] Sandstorm
|-start|p2a: Necrozma|perish1
|upkeep
|turn|9
|
|switch|p2a: Yveltal|Yveltal|100/100
|-damage|p2a: Yveltal|76/100|[from] Stealth Rock
|-ability|p2a: Yveltal|Dark Aura
|move|p1a: Sacrifice|Substitute|p1a: Sacrifice
|-start|p1a: Sacrifice|Substitute
|-damage|p1a: Sacrifice|32/100
|
|-weather|Sandstorm|[upkeep]
|-damage|p2a: Yveltal|69/100|[from] Sandstorm
|-damage|p1a: Sacrifice|26/100|[from] Sandstorm
|upkeep
|turn|10
|
|move|p2a: Yveltal|Knock Off|p1a: Sacrifice
|-end|p1a: Sacrifice|Substitute
|-damage|p2a: Yveltal|60/100|[from] item: Life Orb
|move|p1a: Sacrifice|Swords Dance|p1a: Sacrifice
|-boost|p1a: Sacrifice|atk|2
|
|-weather|Sandstorm|[upkeep]
|-damage|p2a: Yveltal|53/100|[from] Sandstorm
|-damage|p1a: Sacrifice|20/100|[from] Sandstorm
|upkeep
|turn|11
|
|move|p1a: Sacrifice|Extreme Speed|p2a: Yveltal
|-damage|p2a: Yveltal|0 fnt
|faint|p2a: Yveltal
|
|-weather|none
|upkeep
|
|switch|p2a: Marshadow|Marshadow|100/100
|-damage|p2a: Marshadow|94/100|[from] Stealth Rock
|turn|12
|
|switch|p1a: Judgment|Arceus|100/100
|-damage|p1a: Judgment|88/100|[from] Stealth Rock
|move|p2a: Marshadow|Close Combat|p1a: Judgment
|-supereffective|p1a: Judgment
|-damage|p1a: Judgment|0 fnt
|-unboost|p2a: Marshadow|def|1
|-unboost|p2a: Marshadow|spd|1
|faint|p1a: Judgment
|
|upkeep
|
|switch|p1a: Patience|Arceus|100/100
|-damage|p1a: Patience|88/100|[from] Stealth Rock
|turn|13
|
|-start|p1a: Patience|Dynamax
|-heal|p1a: Patience|88/100|[silent]
|move|p2a: Marshadow|Close Combat|p1a: Patience
|-supereffective|p1a: Patience
|-enditem|p1a: Patience|Chople Berry|[eat]
|-enditem|p1a: Patience|Chople Berry|[weaken]
|-damage|p1a: Patience|66/100
|-unboost|p2a: Marshadow|def|1
|-unboost|p2a: Marshadow|spd|1
|move|p1a: Patience|Max Phantasm|p2a: Marshadow
|-supereffective|p2a: Marshadow
|-damage|p2a: Marshadow|0 fnt
|faint|p2a: Marshadow
|
|upkeep
|
|switch|p2a: Kyogre|Kyogre|100/100
|-damage|p2a: Kyogre|88/100|[from] Stealth Rock
|-weather|RainDance|[from] ability: Drizzle|[of] p2a: Kyogre
|turn|14
|
|move|p2a: Kyogre|Water Spout|p1a: Patience
|-damage|p1a: Patience|27/100
|move|p1a: Patience|Max Strike|p2a: Kyogre
|-damage|p2a: Kyogre|38/100
|-unboost|p2a: Kyogre|spe|1
|
|-weather|RainDance|[upkeep]
|upkeep
|turn|15
|
|move|p2a: Kyogre|Water Spout|p1a: Patience
|-damage|p1a: Patience|11/100
|move|p1a: Patience|Max Strike|p2a: Kyogre
|-damage|p2a: Kyogre|0 fnt
|faint|p2a: Kyogre
|
|-weather|RainDance|[upkeep]
|-end|p1a: Patience|Dynamax
|-heal|p1a: Patience|11/100|[silent]
|upkeep
|
|switch|p2a: Necrozma|Necrozma-Dusk-Mane|83/100
|-damage|p2a: Necrozma|77/100|[from] Stealth Rock
|turn|16
|
|move|p1a: Patience|Shadow Ball|p2a: Necrozma
|-supereffective|p2a: Necrozma
|-damage|p2a: Necrozma|38/100
|move|p2a: Necrozma|Dragon Dance|p2a: Necrozma
|-boost|p2a: Necrozma|atk|1
|-boost|p2a: Necrozma|spe|1
|
|-weather|RainDance|[upkeep]
|upkeep
|turn|17
|
|move|p2a: Necrozma|Sunsteel Strike|p1a: Patience
|-damage|p1a: Patience|0 fnt
|faint|p1a: Patience
|
|-weather|RainDance|[upkeep]
|upkeep
|
|switch|p1a: Miracle|Arceus|100/100
|-damage|p1a: Miracle|88/100|[from] Stealth Rock
|turn|18
|
|move|p2a: Necrozma|Sunsteel Strike|p1a: Miracle
|-damage|p1a: Miracle|18/100
|move|p1a: Miracle|Shadow Force||[still]
|-prepare|p1a: Miracle|Shadow Force|p2a: Necrozma
|
|-weather|none
|upkeep
|turn|19
|
|switch|p2a: Cloyster|Cloyster, F|100/100
|-damage|p2a: Cloyster|76/100|[from] Stealth Rock
|move|p1a: Miracle|Shadow Force|p2a: Cloyster|[from]lockedmove
|-damage|p2a: Cloyster|40/100
|
|upkeep
|turn|20
|
|-zpower|p1a: Miracle
|move|p1a: Miracle|Breakneck Blitz|p2a: Cloyster|[zeffect]
|-damage|p2a: Cloyster|0 fnt
|faint|p2a: Cloyster
|
|upkeep
|
|switch|p2a: Necrozma|Necrozma-Dusk-Mane|38/100
|-damage|p2a: Necrozma|32/100|[from] Stealth Rock
|turn|21
|
|move|p1a: Miracle|Shadow Force||[still]
|-prepare|p1a: Miracle|Shadow Force|p2a: Necrozma
|move|p2a: Necrozma|Earthquake|p1a: Miracle|[miss]
|-miss|p2a: Necrozma|p1a: Miracle
|
|upkeep
|turn|22
|
|move|p1a: Miracle|Shadow Force|p2a: Necrozma|[from]lockedmove
|-supereffective|p2a: Necrozma
|-damage|p2a: Necrozma|0 fnt
|faint|p2a: Necrozma
|
|win|wheelien
|c|☆wheelien|gg
|c|☆slime420|gg
|l|☆slime420
|raw|wheelien's rating: 1389 &rarr; <strong>1420</strong><br />(+31 for winning)
|raw|slime420's rating: 1590 &rarr; <strong>1559</strong><br />(-31 for losing)
