|j|☆Onoufrios
|j|☆Drake blackman
|player|p1|Onoufrios|lucas|1422
|player|p2|Drake blackman|99|1324
|teamsize|p1|6
|teamsize|p2|6
|gametype|singles
|gen|8
|tier|[Gen 8] National Dex AG
|rated|
|rule|HP Percentage Mod: HP is shown in percentages
|rule|Endless Battle Clause: Forcing endless battles is banned
|clearpoke
|poke|p1|Xerneas|
|poke|p1|Groudon|
|poke|p1|Zacian-Crowned|
|poke|p1|Lugia|
|poke|p1|Kyogre|
|poke|p1|Arceus-*|
|poke|p2|Yveltal|
|poke|p2|Ho-Oh|
|poke|p2|Zacian-Crowned|
|poke|p2|Mewtwo|
|poke|p2|Necrozma-Dusk-Mane|
|poke|p2|Rayquaza|
|teampreview
|inactive|Battle timer is ON: inactive players will automatically lose when time's up. (requested by Drake blackman)
|
|start
|switch|p1a: Xerneas|Xerneas|100/100
|switch|p2a: Yveltal|Yveltal|100/100
|-ability|p2a: Yveltal|Dark Aura
|-ability|p1a: Xerneas|Fairy Aura
|turn|1
|inactive|Onoufrios has 120 seconds left.
|
|move|p2a: Yveltal|U-turn|p1a: Xerneas
|-resisted|p1a: Xerneas
|-damage|p1a: Xerneas|93/100
|
|switch|p2a: Necrozma|Necrozma-Dusk-Mane|100/100|[from]move: U-turn
|move|p1a: Xerneas|Moonblast|p2a: Necrozma
|-resisted|p2a: Necrozma
|-damage|p2a: Necrozma|77/100
|-unboost|p2a: Necrozma|spa|1
|
|-heal|p2a: Necrozma|83/100|[from] item: Leftovers
|upkeep
|turn|2
|
|switch|p1a: Lugia|Lugia|100/100
|move|p2a: Necrozma|Thunder Wave|p1a: Lugia
|-status|p1a: Lugia|par
|
|-heal|p2a: Necrozma|89/100|[from] item: Leftovers
|upkeep
|turn|3
|
|move|p2a: Necrozma|Sunsteel Strike|p1a: Lugia
|-damage|p1a: Lugia|76/100 par
|move|p1a: Lugia|Reflect|p1a: Lugia
|-sidestart|p1: Onoufrios|Reflect
|
|-heal|p2a: Necrozma|95/100|[from] item: Leftovers
|upkeep
|turn|4
|
|switch|p2a: Mewtwo|Mewtwo|100/100
|-ability|p2a: Mewtwo|Pressure
|move|p1a: Lugia|Thunder Wave|p2a: Mewtwo
|-status|p2a: Mewtwo|par
|
|upkeep
|turn|5
|
|switch|p1a: Xerneas|Xerneas|93/100
|-ability|p1a: Xerneas|Fairy Aura
|move|p2a: Mewtwo|Nasty Plot|p2a: Mewtwo
|-boost|p2a: Mewtwo|spa|2
|
|upkeep
|turn|6
|
|move|p1a: Xerneas|Geomancy||[still]
|-prepare|p1a: Xerneas|Geomancy|p1a: Xerneas
|-enditem|p1a: Xerneas|Power Herb
|-anim|p1a: Xerneas|Geomancy|p1a: Xerneas
|-boost|p1a: Xerneas|spa|2
|-boost|p1a: Xerneas|spd|2
|-boost|p1a: Xerneas|spe|2
|move|p2a: Mewtwo|Psystrike|p1a: Xerneas
|-damage|p1a: Xerneas|0 fnt
|-damage|p2a: Mewtwo|91/100 par|[from] item: Life Orb
|faint|p1a: Xerneas
|
|upkeep
|inactive|Onoufrios has 120 seconds left.
|
|switch|p1a: Zacian|Zacian-Crowned|100/100
|-ability|p1a: Zacian|Intrepid Sword|boost
|-boost|p1a: Zacian|atk|1
|turn|7
|inactive|Onoufrios has 120 seconds left.
|
|move|p1a: Zacian|Behemoth Blade|p2a: Mewtwo
|-damage|p2a: Mewtwo|0 fnt
|faint|p2a: Mewtwo
|
|upkeep
|
|switch|p2a: Necrozma|Necrozma-Dusk-Mane|95/100
|turn|8
|inactive|Onoufrios has 120 seconds left.
|j| PikachuYolo
|
|move|p1a: Zacian|Swords Dance|p1a: Zacian
|-boost|p1a: Zacian|atk|2
|move|p2a: Necrozma|Thunder Wave|p1a: Zacian
|-status|p1a: Zacian|par
|
|-heal|p2a: Necrozma|100/100|[from] item: Leftovers
|upkeep
|turn|9
|
|switch|p2a: Ho-Oh|Ho-Oh|100/100
|cant|p1a: Zacian|par
|
|upkeep
|turn|10
|
|move|p1a: Zacian|Wild Charge|p2a: Ho-Oh
|-supereffective|p2a: Ho-Oh
|-damage|p2a: Ho-Oh|0 fnt
|-damage|p1a: Zacian|69/100 par|[from] Recoil
|faint|p2a: Ho-Oh
|
|-sideend|p1: Onoufrios|Reflect
|upkeep
|
|switch|p2a: Rayquaza|Rayquaza|100/100
|-ability|p2a: Rayquaza|Air Lock
|turn|11
|inactive|Onoufrios has 120 seconds left.
|
|switch|p1a: Lugia|Lugia|76/100 par
|move|p2a: Rayquaza|V-create|p1a: Lugia
|-damage|p1a: Lugia|31/100 par
|-unboost|p2a: Rayquaza|spe|1
|-unboost|p2a: Rayquaza|def|1
|-unboost|p2a: Rayquaza|spd|1
|-damage|p2a: Rayquaza|91/100|[from] item: Life Orb
|
|upkeep
|turn|12
|
|detailschange|p2a: Rayquaza|Rayquaza-Mega
|-mega|p2a: Rayquaza|Rayquaza|
|-weather|DeltaStream|[from] ability: Delta Stream|[of] p2a: Rayquaza
|move|p2a: Rayquaza|Dragon Ascent|p1a: Lugia
|-damage|p1a: Lugia|0 fnt
|-unboost|p2a: Rayquaza|def|1
|-unboost|p2a: Rayquaza|spd|1
|-damage|p2a: Rayquaza|81/100|[from] item: Life Orb
|faint|p1a: Lugia
|
|-weather|DeltaStream|[upkeep]
|upkeep
|inactive|Onoufrios has 90 seconds left.
|
|switch|p1a: Kyogre|Kyogre|100/100
|-ability|p1a: Kyogre|Drizzle|[from] deltastream|[fail]
|turn|13
|
|-weather|none
|switch|p2a: Necrozma|Necrozma-Dusk-Mane|100/100
|-start|p1a: Kyogre|Dynamax
|-heal|p1a: Kyogre|100/100|[silent]
|move|p1a: Kyogre|Max Hailstorm|p2a: Necrozma
|-resisted|p2a: Necrozma
|-damage|p2a: Necrozma|86/100
|-weather|Hail
|
|-weather|Hail|[upkeep]
|-damage|p1a: Kyogre|97/100|[from] Hail
|-damage|p2a: Necrozma|80/100|[from] Hail
|-heal|p2a: Necrozma|86/100|[from] item: Leftovers
|upkeep
|turn|14
|inactive|Onoufrios has 60 seconds left.
|
|move|p1a: Kyogre|Max Geyser|p2a: Necrozma
|-damage|p2a: Necrozma|30/100
|-weather|RainDance
|move|p2a: Necrozma|Thunder Wave|p1a: Kyogre
|-status|p1a: Kyogre|par
|
|-weather|RainDance|[upkeep]
|-heal|p2a: Necrozma|36/100|[from] item: Leftovers
|upkeep
|turn|15
|inactive|Onoufrios has 60 seconds left.
|
|switch|p2a: Rayquaza|Rayquaza-Mega|81/100
|-weather|DeltaStream|[from] ability: Delta Stream|[of] p2a: Rayquaza
|move|p1a: Kyogre|Max Geyser|p2a: Rayquaza
|-resisted|p2a: Rayquaza
|-damage|p2a: Rayquaza|35/100
|
|-weather|DeltaStream|[upkeep]
|-end|p1a: Kyogre|Dynamax
|-heal|p1a: Kyogre|97/100 par|[silent]
|upkeep
|turn|16
|inactive|Onoufrios has 60 seconds left.
|
|move|p2a: Rayquaza|Dragon Ascent|p1a: Kyogre
|-crit|p1a: Kyogre
|-damage|p1a: Kyogre|0 fnt
|-unboost|p2a: Rayquaza|def|1
|-unboost|p2a: Rayquaza|spd|1
|-damage|p2a: Rayquaza|25/100|[from] item: Life Orb
|faint|p1a: Kyogre
|
|-weather|DeltaStream|[upkeep]
|upkeep
|inactive|Onoufrios has 60 seconds left.
|
|switch|p1a: Groudon|Groudon|100/100
|detailschange|p1a: Groudon|Groudon-Primal
|-primal|p1a: Groudon
|-weather|DesolateLand|[from] ability: Desolate Land|[of] p1a: Groudon
|turn|17
|
|move|p2a: Rayquaza|Draco Meteor|p1a: Groudon
|-damage|p1a: Groudon|5/100
|-unboost|p2a: Rayquaza|spa|2
|-damage|p2a: Rayquaza|15/100|[from] item: Life Orb
|move|p1a: Groudon|Rock Polish|p1a: Groudon
|-boost|p1a: Groudon|spe|2
|
|-weather|DesolateLand|[upkeep]
|upkeep
|turn|18
|
|move|p2a: Rayquaza|Extreme Speed|p1a: Groudon
|-damage|p1a: Groudon|0 fnt
|-damage|p2a: Rayquaza|5/100|[from] item: Life Orb
|faint|p1a: Groudon
|-weather|none
|
|upkeep
|inactive|Onoufrios has 30 seconds left.
|
|switch|p1a: Zacian|Zacian-Crowned|69/100 par
|-ability|p1a: Zacian|Intrepid Sword|boost
|-boost|p1a: Zacian|atk|1
|turn|19
|
|move|p2a: Rayquaza|V-create|p1a: Zacian
|-supereffective|p1a: Zacian
|-damage|p1a: Zacian|0 fnt
|-unboost|p2a: Rayquaza|spe|1
|-unboost|p2a: Rayquaza|def|1
|-unboost|p2a: Rayquaza|spd|1
|-damage|p2a: Rayquaza|0 fnt|[from] item: Life Orb
|faint|p1a: Zacian
|faint|p2a: Rayquaza
|
|upkeep
|
|switch|p1a: Arceus|Arceus|100/100
|switch|p2a: Zacian|Zacian-Crowned|100/100
|-ability|p2a: Zacian|Intrepid Sword|boost
|-boost|p2a: Zacian|atk|1
|turn|20
|
|move|p2a: Zacian|Close Combat|p1a: Arceus
|-supereffective|p1a: Arceus
|-damage|p1a: Arceus|0 fnt
|-unboost|p2a: Zacian|def|1
|-unboost|p2a: Zacian|spd|1
|faint|p1a: Arceus
|
|win|Drake blackman
|raw|Onoufrios's rating: 1422 &rarr; <strong>1397</strong><br />(-25 for losing)
|raw|Drake blackman's rating: 1324 &rarr; <strong>1350</strong><br />(+26 for winning)
|l|☆Drake blackman
|l|☆Onoufrios
|j|☆Onoufrios
|player|p1|Onoufrios|lucas
|l|☆Onoufrios
|player|p1|
