|j|☆Apprenti Buck
|j|☆Nobodi_Nowan
|t:|1662928675
|gametype|singles
|player|p1|Apprenti Buck|ethan|2083
|player|p2|Nobodi_Nowan|akari|2078
|teamsize|p1|6
|teamsize|p2|6
|gen|8
|tier|[Gen 8] National Dex AG
|rated|
|rule|HP Percentage Mod: HP is shown in percentages
|rule|Endless Battle Clause: Forcing endless battles is banned
|clearpoke
|poke|p1|Groudon|
|poke|p1|Rayquaza|
|poke|p1|Calyrex-Shadow|
|poke|p1|Arceus-*|
|poke|p1|Yveltal|
|poke|p1|Marshadow|
|poke|p2|Forretress, M|
|poke|p2|Arceus-*|
|poke|p2|Kyogre|
|poke|p2|Calyrex-Shadow|
|poke|p2|Zacian-*|
|poke|p2|Rayquaza|
|teampreview
|inactive|Battle timer is ON: inactive players will automatically lose when time's up. (requested by Apprenti Buck)
|c|☆Nobodi_Nowan|hell nah
|j| Superduperpro
|c|☆Apprenti Buck|Im the one supposed to say that
|inactive|Nobodi_Nowan has 120 seconds left.
|c|☆Nobodi_Nowan|i was hopping to win and beat u
|c| Superduperpro|Interesting xd
|c|☆Apprenti Buck|U have mu advanu
|c|☆Apprenti Buck|advantage
|c|☆Apprenti Buck|also
|inactive|Nobodi_Nowan has 90 seconds left.
|c|☆Nobodi_Nowan|what does mu stand 4?
|raw|<div class="broadcast-red"><strong>Moderated chat was set to +!</strong><br />Only users of rank + and higher can talk.</div>
|c|☆Apprenti Buck|match up
|c|☆Nobodi_Nowan|ª
|inactive|Nobodi_Nowan has 60 seconds left.
|c|☆Apprenti Buck|Hurry do it’s 9pm
|
|t:|1662928779
|start
|switch|p1a: Dawn|Calyrex-Shadow|100/100
|switch|p2a: Zacian|Zacian-Crowned, shiny|100/100
|-ability|p1a: Dawn|As One
|-ability|p1a: Dawn|Unnerve
|-ability|p2a: Zacian|Intrepid Sword|boost
|-boost|p2a: Zacian|atk|1
|turn|1
|c|☆Apprenti Buck|*tho
|
|t:|1662928787
|move|p1a: Dawn|Substitute|p1a: Dawn
|-start|p1a: Dawn|Substitute
|-damage|p1a: Dawn|76/100
|move|p2a: Zacian|Behemoth Blade|p1a: Dawn
|-end|p1a: Dawn|Substitute
|
|upkeep
|turn|2
|inactive|Nobodi_Nowan has 120 seconds left.
|
|t:|1662928800
|switch|p1a: Behemoth|Groudon, shiny|100/100
|detailschange|p1a: Behemoth|Groudon-Primal, shiny
|-primal|p1a: Behemoth
|-weather|DesolateLand|[from] ability: Desolate Land|[of] p1a: Behemoth
|move|p2a: Zacian|Behemoth Blade|p1a: Behemoth
|-resisted|p1a: Behemoth
|-damage|p1a: Behemoth|68/100
|
|-weather|DesolateLand|[upkeep]
|upkeep
|turn|3
|
|t:|1662928810
|switch|p2a: Rayquaza|Rayquaza|100/100
|-ability|p2a: Rayquaza|Air Lock
|move|p1a: Behemoth|Rock Tomb|p2a: Rayquaza
|-supereffective|p2a: Rayquaza
|-damage|p2a: Rayquaza|38/100
|-unboost|p2a: Rayquaza|spe|1
|
|-weather|DesolateLand|[upkeep]
|upkeep
|turn|4
|c|☆Apprenti Buck|Good
|
|t:|1662928819
|detailschange|p2a: Rayquaza|Rayquaza-Mega
|-mega|p2a: Rayquaza|Rayquaza|
|-weather|DeltaStream|[from] ability: Delta Stream|[of] p2a: Rayquaza
|move|p1a: Behemoth|Stealth Rock|p2a: Rayquaza
|-sidestart|p2: Nobodi_Nowan|move: Stealth Rock
|move|p2a: Rayquaza|Surf|p1a: Behemoth
|-supereffective|p1a: Behemoth
|-damage|p1a: Behemoth|0 fnt
|faint|p1a: Behemoth
|
|-weather|DeltaStream|[upkeep]
|upkeep
|
|t:|1662928833
|switch|p1a: Transcendent Deity|Arceus|100/100
|turn|5
|
|t:|1662928836
|-weather|none
|switch|p2a: Forretress|Forretress, M|100/100
|-damage|p2a: Forretress|88/100|[from] Stealth Rock
|move|p1a: Transcendent Deity|Swords Dance|p1a: Transcendent Deity
|-boost|p1a: Transcendent Deity|atk|2
|
|-heal|p2a: Forretress|94/100|[from] item: Leftovers
|upkeep
|turn|6
|
|t:|1662928846
|switch|p1a: Dawn|Calyrex-Shadow|76/100
|-ability|p1a: Dawn|As One
|-ability|p1a: Dawn|Unnerve
|move|p2a: Forretress|Toxic|p1a: Dawn
|-status|p1a: Dawn|tox
|
|-heal|p2a: Forretress|100/100|[from] item: Leftovers
|-damage|p1a: Dawn|70/100 tox|[from] psn
|upkeep
|turn|7
|
|t:|1662928857
|move|p1a: Dawn|Nasty Plot|p1a: Dawn
|-boost|p1a: Dawn|spa|2
|move|p2a: Forretress|Stealth Rock|p1a: Dawn
|-sidestart|p1: Apprenti Buck|move: Stealth Rock
|
|-damage|p1a: Dawn|57/100 tox|[from] psn
|upkeep
|turn|8
|
|t:|1662928864
|move|p1a: Dawn|Astral Barrage|p2a: Forretress
|-ability|p2a: Forretress|Sturdy
|-damage|p2a: Forretress|1/100
|move|p2a: Forretress|Volt Switch|p1a: Dawn
|-damage|p1a: Dawn|46/100 tox
|
|t:|1662928871
|switch|p2a: Calyrex|Calyrex-Shadow|100/100|[from]move: Volt Switch
|-ability|p2a: Calyrex|As One
|-ability|p2a: Calyrex|Unnerve
|-damage|p2a: Calyrex|88/100|[from] Stealth Rock
|
|-damage|p1a: Dawn|27/100 tox|[from] psn
|upkeep
|turn|9
|
|t:|1662928879
|move|p2a: Calyrex|Astral Barrage|p1a: Dawn
|-supereffective|p1a: Dawn
|-damage|p1a: Dawn|0 fnt
|faint|p1a: Dawn
|-ability|p2a: Calyrex|Grim Neigh|boost
|-boost|p2a: Calyrex|spa|1
|
|upkeep
|
|t:|1662928890
|switch|p1a: Buck’s alter ego|Marshadow|100/100
|-damage|p1a: Buck’s alter ego|94/100|[from] Stealth Rock
|turn|10
|
|t:|1662928904
|switch|p2a: Forretress|Forretress, M|1/100
|-damage|p2a: Forretress|0 fnt|[from] Stealth Rock
|faint|p2a: Forretress
|move|p1a: Buck’s alter ego|Shadow Sneak|p2: Forretress|[notarget]
|-fail|p1a: Buck’s alter ego
|
|upkeep
|
|t:|1662928910
|switch|p2a: Zacian|Zacian-Crowned, shiny|100/100
|-damage|p2a: Zacian|94/100|[from] Stealth Rock
|-ability|p2a: Zacian|Intrepid Sword|boost
|-boost|p2a: Zacian|atk|1
|turn|11
|c|☆Apprenti Buck|I fucked again
|
|t:|1662928914
|move|p1a: Buck’s alter ego|Shadow Sneak|p2a: Zacian
|-damage|p2a: Zacian|57/100
|-damage|p1a: Buck’s alter ego|84/100|[from] item: Life Orb
|move|p2a: Zacian|Behemoth Blade|p1a: Buck’s alter ego
|-damage|p1a: Buck’s alter ego|0 fnt
|faint|p1a: Buck’s alter ego
|
|upkeep
|
|t:|1662928923
|switch|p1a: Transcendent Deity|Arceus|100/100
|-damage|p1a: Transcendent Deity|88/100|[from] Stealth Rock
|turn|12
|
|t:|1662928926
|-start|p1a: Transcendent Deity|Dynamax|
|-heal|p1a: Transcendent Deity|88/100|[silent]
|move|p2a: Zacian|Behemoth Blade|p1a: Transcendent Deity
|-damage|p1a: Transcendent Deity|13/100
|move|p1a: Transcendent Deity|Max Quake|p2a: Zacian
|-supereffective|p2a: Zacian
|-damage|p2a: Zacian|0 fnt
|-boost|p1a: Transcendent Deity|spd|1
|faint|p2a: Zacian
|-damage|p1a: Transcendent Deity|8/100|[from] item: Life Orb
|
|upkeep
|
|t:|1662928937
|switch|p2a: Arceus|Arceus|100/100
|-damage|p2a: Arceus|88/100|[from] Stealth Rock
|turn|13
|
|t:|1662928941
|move|p2a: Arceus|Extreme Speed|p1a: Transcendent Deity
|-damage|p1a: Transcendent Deity|0 fnt
|faint|p1a: Transcendent Deity
|
|upkeep
|
|t:|1662928943
|switch|p1a: Ziz|Rayquaza, shiny|100/100
|-damage|p1a: Ziz|76/100|[from] Stealth Rock
|-ability|p1a: Ziz|Air Lock
|turn|14
|
|t:|1662928951
|detailschange|p1a: Ziz|Rayquaza-Mega, shiny
|-mega|p1a: Ziz|Rayquaza|
|-weather|DeltaStream|[from] ability: Delta Stream|[of] p1a: Ziz
|-start|p2a: Arceus|Dynamax|
|-heal|p2a: Arceus|88/100|[silent]
|move|p1a: Ziz|Dragon Ascent|p2a: Arceus
|-damage|p2a: Arceus|51/100
|-unboost|p1a: Ziz|def|1
|-unboost|p1a: Ziz|spd|1
|-damage|p1a: Ziz|66/100|[from] item: Life Orb
|move|p2a: Arceus|Max Strike|p1a: Ziz
|-damage|p1a: Ziz|0 fnt
|faint|p1a: Ziz
|-weather|none
|
|upkeep
|
|t:|1662928953
|switch|p1a: Twilight|Yveltal|100/100
|-damage|p1a: Twilight|76/100|[from] Stealth Rock
|-ability|p1a: Twilight|Dark Aura
|turn|15
|-message|Apprenti Buck forfeited.
|
|win|Nobodi_Nowan
|raw|Apprenti Buck's rating: 2083 &rarr; <strong>2063</strong><br />(-20 for losing)
|raw|Nobodi_Nowan's rating: 2078 &rarr; <strong>2098</strong><br />(+20 for winning)
|c|☆Nobodi_Nowan|gg
|c|☆Apprenti Buck|Gg
|l|☆Apprenti Buck
|c|☆Nobodi_Nowan|wow
|c|☆Nobodi_Nowan|1 more and 2.1k
||Ladder isn't responding, score probably updated but might not have (Request timeout).
