|j|☆Naofumi_Bakugo_Jax
|j|☆Goku Uchiha 2001
|t:|1664356320
|gametype|singles
|player|p1|Naofumi_Bakugo_Jax|blue|1728
|player|p2|Goku Uchiha 2001|2|1824
|teamsize|p1|6
|teamsize|p2|6
|gen|8
|tier|[Gen 8] National Dex AG
|rated|
|rule|HP Percentage Mod: HP is shown in percentages
|rule|Endless Battle Clause: Forcing endless battles is banned
|clearpoke
|poke|p1|Zacian-*|
|poke|p1|Calyrex-Shadow|
|poke|p1|Yveltal|
|poke|p1|Arceus-*|
|poke|p1|Swampert, F|
|poke|p1|Kyogre|
|poke|p2|Ditto|
|poke|p2|Mawile, F|
|poke|p2|Yveltal|
|poke|p2|Arceus-*|
|poke|p2|Calyrex-Shadow|
|poke|p2|Arceus-*|
|teampreview
|inactive|Battle timer is ON: inactive players will automatically lose when time's up. (requested by Goku Uchiha 2001)
|
|t:|1664356348
|start
|switch|p1a: Calyrex|Calyrex-Shadow|100/100
|switch|p2a: Arceus|Arceus-Fairy|100/100
|-ability|p1a: Calyrex|As One
|-ability|p1a: Calyrex|Unnerve
|turn|1
|
|t:|1664356361
|move|p1a: Calyrex|Nasty Plot|p1a: Calyrex
|-boost|p1a: Calyrex|spa|2
|move|p2a: Arceus|Stealth Rock|p1a: Calyrex
|-sidestart|p1: Naofumi_Bakugo_Jax|move: Stealth Rock
|
|upkeep
|turn|2
|
|t:|1664356382
|move|p1a: Calyrex|Astral Barrage|p2a: Arceus
|-damage|p2a: Arceus|26/100
|move|p2a: Arceus|Judgment|p1a: Calyrex
|-damage|p1a: Calyrex|55/100
|
|upkeep
|turn|3
|inactive|Naofumi_Bakugo_Jax has 120 seconds left.
|
|t:|1664356411
|move|p1a: Calyrex|Baton Pass|p1a: Calyrex
|
|t:|1664356416
|switch|p1a: Kyogre|Kyogre|100/100|[from]move: Baton Pass
|-damage|p1a: Kyogre|88/100|[from] Stealth Rock
|-weather|RainDance|[from] ability: Drizzle|[of] p1a: Kyogre
|move|p2a: Arceus|Judgment|p1a: Kyogre
|-damage|p1a: Kyogre|51/100
|
|-weather|RainDance|[upkeep]
|upkeep
|turn|4
|j| Snakethey
|inactive|Naofumi_Bakugo_Jax has 120 seconds left.
|
|t:|1664356434
|move|p1a: Kyogre|Origin Pulse|p2a: Arceus
|-damage|p2a: Arceus|0 fnt
|faint|p2a: Arceus
|
|-weather|RainDance|[upkeep]
|upkeep
|
|t:|1664356438
|switch|p2a: Ditto|Ditto, shiny|100/100
|-transform|p2a: Ditto|p1a: Kyogre|[from] ability: Imposter
|turn|5
|
|t:|1664356447
|-start|p1a: Kyogre|Dynamax|
|-heal|p1a: Kyogre|51/100|[silent]
|move|p2a: Ditto|Origin Pulse|p1a: Kyogre
|-resisted|p1a: Kyogre
|-damage|p1a: Kyogre|12/100
|move|p1a: Kyogre|Max Overgrowth|p2a: Ditto
|-supereffective|p2a: Ditto
|-damage|p2a: Ditto|0 fnt
|-fieldstart|move: Grassy Terrain
|faint|p2a: Ditto
|
|-weather|RainDance|[upkeep]
|-heal|p1a: Kyogre|15/100|[from] Grassy Terrain
|upkeep
|
|t:|1664356459
|switch|p2a: Calyrex|Calyrex-Shadow|100/100
|-ability|p2a: Calyrex|As One
|-ability|p2a: Calyrex|Unnerve
|turn|6
|
|t:|1664356465
|move|p1a: Kyogre|Max Guard|p1a: Kyogre
|-singleturn|p1a: Kyogre|Max Guard
|move|p2a: Calyrex|Astral Barrage|p1a: Kyogre
|-activate|p1a: Kyogre|move: Max Guard
|
|-weather|RainDance|[upkeep]
|-heal|p1a: Kyogre|19/100|[from] Grassy Terrain
|upkeep
|turn|7
|
|t:|1664356474
|switch|p2a: Mawile|Mawile, F|100/100
|-ability|p2a: Mawile|Intimidate|boost
|-unboost|p1a: Kyogre|atk|1
|move|p1a: Kyogre|Max Guard||[still]
|-fail|p1a: Kyogre
|
|-weather|none
|-heal|p1a: Kyogre|22/100|[from] Grassy Terrain
|upkeep
|-end|p1a: Kyogre|Dynamax
|-heal|p1a: Kyogre|22/100|[silent]
|turn|8
|
|t:|1664356482
|switch|p1a: Arceus|Arceus, shiny|100/100
|-damage|p1a: Arceus|88/100|[from] Stealth Rock
|detailschange|p2a: Mawile|Mawile-Mega, F
|-mega|p2a: Mawile|Mawile|Mawilite
|move|p2a: Mawile|Sucker Punch||[still]
|-fail|p2a: Mawile
|
|-heal|p1a: Arceus|94/100|[from] Grassy Terrain
|upkeep
|turn|9
|
|t:|1664356493
|move|p1a: Arceus|Tailwind|p1a: Arceus
|-sidestart|p1: Naofumi_Bakugo_Jax|move: Tailwind
|move|p2a: Mawile|Swords Dance|p2a: Mawile
|-boost|p2a: Mawile|atk|2
|
|-heal|p1a: Arceus|99/100|[from] Grassy Terrain
|-fieldend|move: Grassy Terrain
|upkeep
|turn|10
|
|t:|1664356498
|move|p1a: Arceus|Reflect|p1a: Arceus
|-sidestart|p1: Naofumi_Bakugo_Jax|Reflect
|move|p2a: Mawile|Iron Head|p1a: Arceus
|-damage|p1a: Arceus|53/100
|
|upkeep
|turn|11
|
|t:|1664356522
|switch|p1a: Swampert|Swampert, F|100/100
|-damage|p1a: Swampert|94/100|[from] Stealth Rock
|move|p2a: Mawile|Swords Dance|p2a: Mawile
|-boost|p2a: Mawile|atk|2
|
|upkeep
|turn|12
|
|t:|1664356531
|detailschange|p1a: Swampert|Swampert-Mega, F
|-mega|p1a: Swampert|Swampert|Swampertite
|move|p1a: Swampert|Earthquake|p2a: Mawile
|-supereffective|p2a: Mawile
|-damage|p2a: Mawile|1/100
|move|p2a: Mawile|Baton Pass|p2a: Mawile
|
|t:|1664356537
|switch|p2a: Yveltal|Yveltal, shiny|100/100|[from]move: Baton Pass
|-ability|p2a: Yveltal|Dark Aura
|
|-sideend|p1: Naofumi_Bakugo_Jax|move: Tailwind
|upkeep
|turn|13
|
|t:|1664356548
|-start|p2a: Yveltal|Dynamax|
|-heal|p2a: Yveltal|100/100|[silent]
|move|p2a: Yveltal|Max Airstream|p1a: Swampert
|-damage|p1a: Swampert|0 fnt
|-boost|p2a: Yveltal|spe|1
|faint|p1a: Swampert
|
|upkeep
|inactive|Naofumi_Bakugo_Jax has 120 seconds left.
|
|t:|1664356580
|switch|p1a: Yveltal|Yveltal, shiny|100/100
|-damage|p1a: Yveltal|76/100|[from] Stealth Rock
|-ability|p1a: Yveltal|Dark Aura
|turn|14
|
|t:|1664356585
|move|p2a: Yveltal|Max Airstream|p1a: Yveltal
|-damage|p1a: Yveltal|0 fnt
|-boost|p2a: Yveltal|spe|1
|faint|p1a: Yveltal
|
|upkeep
|
|t:|1664356594
|switch|p1a: Arceus|Arceus, shiny|53/100
|-damage|p1a: Arceus|40/100|[from] Stealth Rock
|turn|15
|
|t:|1664356603
|move|p1a: Arceus|Extreme Speed|p2a: Yveltal
|-damage|p2a: Yveltal|81/100
|move|p2a: Yveltal|Max Airstream|p1a: Arceus
|-damage|p1a: Arceus|0 fnt
|-boost|p2a: Yveltal|spe|1
|faint|p1a: Arceus
|
|upkeep
|
|t:|1664356606
|switch|p1a: Zacian|Zacian-Crowned|100/100
|-damage|p1a: Zacian|94/100|[from] Stealth Rock
|-ability|p1a: Zacian|Intrepid Sword|boost
|-boost|p1a: Zacian|atk|1
|-end|p2a: Yveltal|Dynamax
|-heal|p2a: Yveltal|81/100|[silent]
|turn|16
|
|t:|1664356615
|move|p2a: Yveltal|Sucker Punch|p1a: Zacian
|-resisted|p1a: Zacian
|-damage|p1a: Zacian|62/100
|move|p1a: Zacian|Behemoth Blade|p2a: Yveltal
|-damage|p2a: Yveltal|0 fnt
|faint|p2a: Yveltal
|
|upkeep
|
|t:|1664356622
|switch|p2a: Calyrex|Calyrex-Shadow|100/100
|-ability|p2a: Calyrex|As One
|-ability|p2a: Calyrex|Unnerve
|turn|17
|
|t:|1664356630
|move|p2a: Calyrex|Astral Barrage|p1a: Zacian
|-damage|p1a: Zacian|10/100
|move|p1a: Zacian|Behemoth Blade|p2a: Calyrex
|-damage|p2a: Calyrex|0 fnt
|faint|p2a: Calyrex
|
|-sideend|p1: Naofumi_Bakugo_Jax|Reflect
|upkeep
|
|t:|1664356639
|switch|p2a: Mawile|Mawile-Mega, F|1/100
|turn|18
|
|t:|1664356645
|move|p1a: Zacian|Quick Attack|p2a: Mawile
|-resisted|p2a: Mawile
|-damage|p2a: Mawile|0 fnt
|faint|p2a: Mawile
|
|upkeep
|
|t:|1664356650
|switch|p2a: Arceus|Arceus|100/100
|turn|19
|
|t:|1664356668
|move|p2a: Arceus|Extreme Speed|p1a: Zacian
|-resisted|p1a: Zacian
|-damage|p1a: Zacian|0 fnt
|faint|p1a: Zacian
|
|upkeep
|
|t:|1664356673
|switch|p1a: Calyrex|Calyrex-Shadow|55/100
|-ability|p1a: Calyrex|As One
|-ability|p1a: Calyrex|Unnerve
|-damage|p1a: Calyrex|43/100|[from] Stealth Rock
|turn|20
|
|t:|1664356675
|move|p1a: Calyrex|Nasty Plot|p1a: Calyrex
|-boost|p1a: Calyrex|spa|2
|move|p2a: Arceus|Shadow Claw|p1a: Calyrex
|-supereffective|p1a: Calyrex
|-damage|p1a: Calyrex|0 fnt
|faint|p1a: Calyrex
|
|upkeep
|
|t:|1664356678
|switch|p1a: Kyogre|Kyogre|22/100
|-damage|p1a: Kyogre|9/100|[from] Stealth Rock
|-weather|RainDance|[from] ability: Drizzle|[of] p1a: Kyogre
|turn|21
|
|t:|1664356680
|move|p2a: Arceus|Extreme Speed|p1a: Kyogre
|-damage|p1a: Kyogre|0 fnt
|faint|p1a: Kyogre
|
|win|Goku Uchiha 2001
|raw|Naofumi_Bakugo_Jax's rating: 1728 &rarr; <strong>1713</strong><br />(-15 for losing)
|raw|Goku Uchiha 2001's rating: 1824 &rarr; <strong>1839</strong><br />(+15 for winning)
