|j|☆iHaveAsthma
|j|☆Dittlax
|t:|1662029998
|gametype|singles
|player|p1|iHaveAsthma|doctor|1715
|player|p2|Dittlax|hop|1594
|teamsize|p1|6
|teamsize|p2|6
|gen|8
|tier|[Gen 8] National Dex AG
|rated|
|rule|HP Percentage Mod: HP is shown in percentages
|rule|Endless Battle Clause: Forcing endless battles is banned
|clearpoke
|poke|p1|Rayquaza|
|poke|p1|Groudon|
|poke|p1|Arceus-*|
|poke|p1|Lugia|
|poke|p1|Arceus-*|
|poke|p1|Tyranitar, M|
|poke|p2|Aerodactyl, M|
|poke|p2|Calyrex-Shadow|
|poke|p2|Yveltal|
|poke|p2|Ditto|
|poke|p2|Zygarde|
|poke|p2|Necrozma-Dusk-Mane|
|teampreview
|inactive|Battle timer is ON: inactive players will automatically lose when time's up. (requested by iHaveAsthma)
|
|t:|1662030030
|start
|switch|p1a: Tyranitar|Tyranitar, M|100/100
|switch|p2a: Necrozma|Necrozma-Dusk-Mane|100/100
|-weather|Sandstorm|[from] ability: Sand Stream|[of] p1a: Tyranitar
|turn|1
|
|t:|1662030037
|move|p2a: Necrozma|Knock Off|p1a: Tyranitar
|-resisted|p1a: Tyranitar
|-damage|p1a: Tyranitar|89/100
|-enditem|p1a: Tyranitar|Leftovers|[from] move: Knock Off|[of] p2a: Necrozma
|move|p1a: Tyranitar|Power-Up Punch|p2a: Necrozma
|-damage|p2a: Necrozma|91/100
|-boost|p1a: Tyranitar|atk|1
|
|-weather|Sandstorm|[upkeep]
|-heal|p2a: Necrozma|97/100|[from] item: Leftovers
|upkeep
|turn|2
|
|t:|1662030044
|move|p2a: Necrozma|Iron Head|p1a: Tyranitar
|-supereffective|p1a: Tyranitar
|-damage|p1a: Tyranitar|27/100
|move|p1a: Tyranitar|Rock Tomb|p2a: Necrozma
|-resisted|p2a: Necrozma
|-damage|p2a: Necrozma|82/100
|-unboost|p2a: Necrozma|spe|1
|
|-weather|Sandstorm|[upkeep]
|-heal|p2a: Necrozma|88/100|[from] item: Leftovers
|upkeep
|turn|3
|
|t:|1662030049
|move|p1a: Tyranitar|Earthquake|p2a: Necrozma
|-supereffective|p2a: Necrozma
|-damage|p2a: Necrozma|39/100
|move|p2a: Necrozma|Iron Head|p1a: Tyranitar
|-supereffective|p1a: Tyranitar
|-damage|p1a: Tyranitar|0 fnt
|faint|p1a: Tyranitar
|
|-weather|Sandstorm|[upkeep]
|-heal|p2a: Necrozma|45/100|[from] item: Leftovers
|upkeep
|
|t:|1662030052
|switch|p1a: Groudon|Groudon|100/100
|detailschange|p1a: Groudon|Groudon-Primal
|-primal|p1a: Groudon
|-weather|DesolateLand|[from] ability: Desolate Land|[of] p1a: Groudon
|turn|4
|
|t:|1662030055
|switch|p2a: Yveltal|Yveltal|100/100
|-ability|p2a: Yveltal|Dark Aura
|move|p1a: Groudon|Eruption|p2a: Yveltal
|-crit|p2a: Yveltal
|-damage|p2a: Yveltal|0 fnt
|faint|p2a: Yveltal
|
|-weather|DesolateLand|[upkeep]
|upkeep
|
|t:|1662030067
|switch|p2a: Ditto|Ditto|100/100
|-transform|p2a: Ditto|p1a: Groudon|[from] ability: Imposter
|turn|5
|
|t:|1662030076
|move|p2a: Ditto|Earth Power|p1a: Groudon
|-supereffective|p1a: Groudon
|-damage|p1a: Groudon|0 fnt
|faint|p1a: Groudon
|
|-weather|DesolateLand|[upkeep]
|upkeep
|
|t:|1662030080
|switch|p1a: Rayquaza|Rayquaza|100/100
|-ability|p1a: Rayquaza|Air Lock
|turn|6
|
|t:|1662030095
|-weather|none
|switch|p2a: Zygarde|Zygarde|100/100
|detailschange|p1a: Rayquaza|Rayquaza-Mega
|-mega|p1a: Rayquaza|Rayquaza|
|-weather|DeltaStream|[from] ability: Delta Stream|[of] p1a: Rayquaza
|move|p1a: Rayquaza|Earthquake|p2a: Zygarde
|-damage|p2a: Zygarde|69/100
|
|-weather|DeltaStream|[upkeep]
|-heal|p2a: Zygarde|75/100|[from] item: Leftovers
|upkeep
|turn|7
|inactive|iHaveAsthma has 120 seconds left.
|
|t:|1662030140
|move|p1a: Rayquaza|Scale Shot|p2a: Zygarde|[miss]
|-miss|p1a: Rayquaza|p2a: Zygarde
|move|p2a: Zygarde|Coil|p2a: Zygarde
|-boost|p2a: Zygarde|atk|1
|-boost|p2a: Zygarde|def|1
|-boost|p2a: Zygarde|accuracy|1
|
|-weather|DeltaStream|[upkeep]
|-heal|p2a: Zygarde|81/100|[from] item: Leftovers
|upkeep
|turn|8
|
|t:|1662030149
|move|p1a: Rayquaza|Scale Shot|p2a: Zygarde
|-supereffective|p2a: Zygarde
|-damage|p2a: Zygarde|64/100
|-supereffective|p2a: Zygarde
|-damage|p2a: Zygarde|46/100
|-supereffective|p2a: Zygarde
|-damage|p2a: Zygarde|28/100
|-supereffective|p2a: Zygarde
|-damage|p2a: Zygarde|11/100
|-supereffective|p2a: Zygarde
|-damage|p2a: Zygarde|0 fnt
|faint|p2a: Zygarde
|-hitcount|p2: Zygarde|5
|-unboost|p1a: Rayquaza|def|1
|-boost|p1a: Rayquaza|spe|1
|
|-weather|DeltaStream|[upkeep]
|upkeep
|
|t:|1662030173
|switch|p2a: Necrozma|Necrozma-Dusk-Mane|45/100
|turn|9
|
|t:|1662030180
|move|p1a: Rayquaza|Earthquake|p2a: Necrozma
|-supereffective|p2a: Necrozma
|-damage|p2a: Necrozma|0 fnt
|faint|p2a: Necrozma
|
|-weather|DeltaStream|[upkeep]
|upkeep
|
|t:|1662030183
|switch|p2a: Calyrex|Calyrex-Shadow|100/100
|-ability|p2a: Calyrex|As One
|-ability|p2a: Calyrex|Unnerve
|turn|10
|
|t:|1662030191
|-start|p2a: Calyrex|Dynamax|
|-heal|p2a: Calyrex|100/100|[silent]
|move|p1a: Rayquaza|Dragon Ascent|p2a: Calyrex
|-damage|p2a: Calyrex|52/100
|-unboost|p1a: Rayquaza|def|1
|-unboost|p1a: Rayquaza|spd|1
|move|p2a: Calyrex|Max Starfall|p1a: Rayquaza
|-supereffective|p1a: Rayquaza
|-enditem|p1a: Rayquaza|Focus Sash
|-damage|p1a: Rayquaza|1/100
|-fieldstart|move: Misty Terrain
|
|-weather|DeltaStream|[upkeep]
|upkeep
|turn|11
|inactive|iHaveAsthma has 120 seconds left.
|
|t:|1662030228
|move|p1a: Rayquaza|Dragon Ascent|p2a: Calyrex
|-damage|p2a: Calyrex|0 fnt
|-unboost|p1a: Rayquaza|def|1
|-unboost|p1a: Rayquaza|spd|1
|faint|p2a: Calyrex
|
|-weather|DeltaStream|[upkeep]
|upkeep
|
|t:|1662030237
|switch|p2a: Ditto|Ditto|100/100
|-transform|p2a: Ditto|p1a: Rayquaza|[from] ability: Imposter
|turn|12
|
|t:|1662030241
|move|p2a: Ditto|Extreme Speed|p1a: Rayquaza
|-damage|p1a: Rayquaza|0 fnt
|faint|p1a: Rayquaza
|
|-weather|DeltaStream|[upkeep]
|upkeep
|
|t:|1662030249
|switch|p1a: Arceus|Arceus-Ground|100/100
|turn|13
|
|t:|1662030252
|move|p2a: Ditto|Extreme Speed|p1a: Arceus
|-damage|p1a: Arceus|82/100
|move|p1a: Arceus|Calm Mind|p1a: Arceus
|-boost|p1a: Arceus|spa|1
|-boost|p1a: Arceus|spd|1
|
|-weather|DeltaStream|[upkeep]
|upkeep
|turn|14
|
|t:|1662030257
|move|p2a: Ditto|Extreme Speed|p1a: Arceus
|-damage|p1a: Arceus|62/100
|move|p1a: Arceus|Calm Mind|p1a: Arceus
|-boost|p1a: Arceus|spa|1
|-boost|p1a: Arceus|spd|1
|
|-weather|DeltaStream|[upkeep]
|-fieldend|Misty Terrain
|upkeep
|turn|15
|
|t:|1662030259
|move|p2a: Ditto|Extreme Speed|p1a: Arceus
|-damage|p1a: Arceus|41/100
|move|p1a: Arceus|Recover|p1a: Arceus
|-heal|p1a: Arceus|91/100
|
|-weather|DeltaStream|[upkeep]
|upkeep
|turn|16
|
|t:|1662030266
|move|p2a: Ditto|Extreme Speed|p1a: Arceus
|-damage|p1a: Arceus|71/100
|move|p1a: Arceus|Recover|p1a: Arceus
|-heal|p1a: Arceus|100/100
|
|-weather|DeltaStream|[upkeep]
|upkeep
|turn|17
|
|t:|1662030268
|-activate|p2a: Ditto|move: Struggle
|move|p2a: Ditto|Struggle|p1a: Arceus
|-damage|p1a: Arceus|89/100
|-damage|p2a: Ditto|75/100|[from] recoil
|move|p1a: Arceus|Ice Beam|p2a: Ditto
|-activate||deltastream
|-supereffective|p2a: Ditto
|-damage|p2a: Ditto|0 fnt
|faint|p2a: Ditto
|-weather|none
|
|upkeep
|
|t:|1662030273
|switch|p2a: Aerodactyl|Aerodactyl, M|100/100
|-ability|p2a: Aerodactyl|Unnerve
|turn|18
|c|☆iHaveAsthma|gg wp
|
|t:|1662030279
|detailschange|p2a: Aerodactyl|Aerodactyl-Mega, M
|-mega|p2a: Aerodactyl|Aerodactyl|Aerodactylite
|-start|p1a: Arceus|Dynamax|
|-heal|p1a: Arceus|89/100|[silent]
|move|p2a: Aerodactyl|Ice Fang|p1a: Arceus
|-supereffective|p1a: Arceus
|-damage|p1a: Arceus|73/100
|move|p1a: Arceus|Max Hailstorm|p2a: Aerodactyl
|-supereffective|p2a: Aerodactyl
|-damage|p2a: Aerodactyl|0 fnt
|-weather|Hail
|faint|p2a: Aerodactyl
|
|win|iHaveAsthma
|raw|iHaveAsthma's rating: 1715 &rarr; <strong>1728</strong><br />(+13 for winning)
|raw|Dittlax's rating: 1594 &rarr; <strong>1581</strong><br />(-13 for losing)
|c|☆Dittlax|gg
|l|☆iHaveAsthma
