|j|☆DrMario69
|j|☆omnifinity
|t:|1663564677
|gametype|singles
|player|p1|DrMario69|hiker-gen4|1821
|player|p2|omnifinity|fantina|1691
|teamsize|p1|6
|teamsize|p2|6
|gen|8
|tier|[Gen 8] National Dex AG
|rated|
|rule|HP Percentage Mod: HP is shown in percentages
|rule|Endless Battle Clause: Forcing endless battles is banned
|clearpoke
|poke|p1|Groudon|
|poke|p1|Rayquaza|
|poke|p1|Zygarde|
|poke|p1|Arceus-*|
|poke|p1|Calyrex-Shadow|
|poke|p1|Xerneas-*|
|poke|p2|Zacian-*|
|poke|p2|Groudon|
|poke|p2|Calyrex-Shadow|
|poke|p2|Scolipede, F|
|poke|p2|Yveltal|
|poke|p2|Espeon, M|
|teampreview
|inactive|Battle timer is ON: inactive players will automatically lose when time's up. (requested by DrMario69)
|
|t:|1663564715
|start
|switch|p1a: the gwoat|Rayquaza|100/100
|switch|p2a: Chicharon|Scolipede, F|100/100
|-ability|p1a: the gwoat|Air Lock
|turn|1
|
|t:|1663564725
|detailschange|p1a: the gwoat|Rayquaza-Mega
|-mega|p1a: the gwoat|Rayquaza|
|-weather|DeltaStream|[from] ability: Delta Stream|[of] p1a: the gwoat
|move|p2a: Chicharon|Protect|p2a: Chicharon
|-singleturn|p2a: Chicharon|Protect
|move|p1a: the gwoat|Scale Shot|p2a: Chicharon
|-activate|p2a: Chicharon|move: Protect
|
|-weather|DeltaStream|[upkeep]
|-ability|p2a: Chicharon|Speed Boost|boost
|-boost|p2a: Chicharon|spe|1
|upkeep
|turn|2
|
|t:|1663564733
|move|p2a: Chicharon|Substitute|p2a: Chicharon
|-start|p2a: Chicharon|Substitute
|-damage|p2a: Chicharon|75/100
|move|p1a: the gwoat|Scale Shot|p2a: Chicharon
|-activate|p2a: Chicharon|move: Substitute|[damage]
|-end|p2a: Chicharon|Substitute
|-damage|p2a: Chicharon|52/100
|-hitcount|p2a: Chicharon|3
|-unboost|p1a: the gwoat|def|1
|-boost|p1a: the gwoat|spe|1
|
|-weather|DeltaStream|[upkeep]
|-ability|p2a: Chicharon|Speed Boost|boost
|-boost|p2a: Chicharon|spe|1
|upkeep
|turn|3
|inactive|omnifinity has 120 seconds left.
|inactive|omnifinity has 90 seconds left.
|
|t:|1663564804
|move|p2a: Chicharon|Baton Pass|p2a: Chicharon
|
|t:|1663564806
|switch|p2a: Halaya|Espeon, M|100/100|[from]move: Baton Pass
|move|p1a: the gwoat|Scale Shot|p2a: Halaya
|-damage|p2a: Halaya|63/100
|-damage|p2a: Halaya|30/100
|-damage|p2a: Halaya|0 fnt
|faint|p2a: Halaya
|-hitcount|p2: Halaya|3
|-unboost|p1a: the gwoat|def|1
|-boost|p1a: the gwoat|spe|1
|
|-weather|DeltaStream|[upkeep]
|upkeep
|
|t:|1663564811
|switch|p2a: Chicharon|Scolipede, F|52/100
|turn|4
|
|t:|1663564820
|move|p2a: Chicharon|Protect|p2a: Chicharon
|-singleturn|p2a: Chicharon|Protect
|move|p1a: the gwoat|Dragon Ascent|p2a: Chicharon
|-activate|p2a: Chicharon|move: Protect
|
|-weather|DeltaStream|[upkeep]
|-ability|p2a: Chicharon|Speed Boost|boost
|-boost|p2a: Chicharon|spe|1
|upkeep
|turn|5
|
|t:|1663564828
|move|p1a: the gwoat|Dragon Ascent|p2a: Chicharon
|-supereffective|p2a: Chicharon
|-damage|p2a: Chicharon|0 fnt
|-unboost|p1a: the gwoat|def|1
|-unboost|p1a: the gwoat|spd|1
|faint|p2a: Chicharon
|
|-weather|DeltaStream|[upkeep]
|upkeep
|
|t:|1663564837
|switch|p2a: La-ing|Calyrex-Shadow|100/100
|-ability|p2a: La-ing|As One
|-ability|p2a: La-ing|Unnerve
|turn|6
|
|t:|1663564843
|switch|p2a: Dinuguan|Yveltal|100/100
|-ability|p2a: Dinuguan|Dark Aura
|move|p1a: the gwoat|Scale Shot|p2a: Dinuguan
|-damage|p2a: Dinuguan|82/100
|-damage|p2a: Dinuguan|67/100
|-damage|p2a: Dinuguan|50/100
|-hitcount|p2a: Dinuguan|3
|-unboost|p1a: the gwoat|def|1
|-boost|p1a: the gwoat|spe|1
|
|-weather|DeltaStream|[upkeep]
|upkeep
|turn|7
|
|t:|1663564847
|-start|p2a: Dinuguan|Dynamax|
|-heal|p2a: Dinuguan|50/100|[silent]
|move|p1a: the gwoat|Dragon Ascent|p2a: Dinuguan
|-damage|p2a: Dinuguan|12/100
|-unboost|p1a: the gwoat|def|1
|-unboost|p1a: the gwoat|spd|1
|move|p2a: Dinuguan|Max Airstream|p1a: the gwoat
|-enditem|p1a: the gwoat|Focus Sash
|-damage|p1a: the gwoat|1/100
|-boost|p2a: Dinuguan|spe|1
|-damage|p2a: Dinuguan|7/100|[from] item: Life Orb
|
|-weather|DeltaStream|[upkeep]
|upkeep
|turn|8
|
|t:|1663564857
|move|p1a: the gwoat|Dragon Ascent|p2a: Dinuguan
|-damage|p2a: Dinuguan|0 fnt
|-unboost|p1a: the gwoat|def|1
|-unboost|p1a: the gwoat|spd|1
|faint|p2a: Dinuguan
|
|-weather|DeltaStream|[upkeep]
|upkeep
|-message|omnifinity forfeited.
|
|win|DrMario69
|raw|DrMario69's rating: 1821 &rarr; <strong>1834</strong><br />(+13 for winning)
|raw|omnifinity's rating: 1691 &rarr; <strong>1678</strong><br />(-13 for losing)
|l|☆omnifinity
