|j|☆CLEAR GEM清瑜
|j|☆harsh634
|t:|1667040687
|gametype|singles
|player|p1|CLEAR GEM清瑜|skierf|1805
|player|p2|harsh634|red|1745
|teamsize|p1|6
|teamsize|p2|6
|gen|8
|tier|[Gen 8] National Dex AG
|rated|
|rule|HP Percentage Mod: HP is shown in percentages
|rule|Endless Battle Clause: Forcing endless battles is banned
|clearpoke
|poke|p1|Rayquaza|
|poke|p1|Groudon|
|poke|p1|Necrozma-Dusk-Mane|
|poke|p1|Arceus-*|
|poke|p1|Zacian-*|
|poke|p1|Yveltal|
|poke|p2|Mewtwo|
|poke|p2|Tyranitar, F|
|poke|p2|Ferrothorn, M|
|poke|p2|Ho-Oh|
|poke|p2|Arceus-*|
|poke|p2|Ditto|
|teampreview
|inactive|Battle timer is ON: inactive players will automatically lose when time's up. (requested by harsh634)
|
|t:|1667040713
|start
|switch|p1a: 老烈|Rayquaza, shiny|100/100
|switch|p2a: Arceus|Arceus-Ground|100/100
|-ability|p1a: 老烈|Air Lock
|turn|1
|
|t:|1667040720
|detailschange|p1a: 老烈|Rayquaza-Mega, shiny
|-mega|p1a: 老烈|Rayquaza|
|-weather|DeltaStream|[from] ability: Delta Stream|[of] p1a: 老烈
|move|p1a: 老烈|Scale Shot|p2a: Arceus
|-damage|p2a: Arceus|88/100
|-damage|p2a: Arceus|75/100
|-hitcount|p2a: Arceus|2
|-unboost|p1a: 老烈|def|1
|-boost|p1a: 老烈|spe|1
|-damage|p1a: 老烈|91/100|[from] item: Life Orb
|move|p2a: Arceus|Ice Beam|p1a: 老烈
|-activate||deltastream
|-supereffective|p1a: 老烈
|-damage|p1a: 老烈|48/100
|
|-weather|DeltaStream|[upkeep]
|upkeep
|turn|2
|
|t:|1667040735
|move|p1a: 老烈|Dragon Ascent|p2a: Arceus
|-damage|p2a: Arceus|23/100
|-unboost|p1a: 老烈|def|1
|-unboost|p1a: 老烈|spd|1
|-damage|p1a: 老烈|38/100|[from] item: Life Orb
|move|p2a: Arceus|Ice Beam|p1a: 老烈
|-activate||deltastream
|-supereffective|p1a: 老烈
|-damage|p1a: 老烈|0 fnt
|faint|p1a: 老烈
|-weather|none
|
|upkeep
|
|t:|1667040740
|switch|p1a: 嘉然小姐的狗|Zacian-Crowned|100/100
|-ability|p1a: 嘉然小姐的狗|Intrepid Sword|boost
|-boost|p1a: 嘉然小姐的狗|atk|1
|turn|3
|
|t:|1667040745
|switch|p2a: Ho-Oh|Ho-Oh|100/100
|move|p1a: 嘉然小姐的狗|Behemoth Blade|p2a: Ho-Oh
|-resisted|p2a: Ho-Oh
|-damage|p2a: Ho-Oh|70/100
|
|upkeep
|turn|4
|
|t:|1667040749
|move|p1a: 嘉然小姐的狗|Wild Charge|p2a: Ho-Oh
|-supereffective|p2a: Ho-Oh
|-damage|p2a: Ho-Oh|0 fnt
|faint|p2a: Ho-Oh
|-damage|p1a: 嘉然小姐的狗|82/100|[from] Recoil
|
|upkeep
|
|t:|1667040752
|switch|p2a: Ditto|Ditto|100/100
|-transform|p2a: Ditto|p1a: 嘉然小姐的狗|[from] ability: Imposter
|-ability|p2a: Ditto|Intrepid Sword|boost
|-boost|p2a: Ditto|atk|1
|turn|5
|
|t:|1667040756
|switch|p1a: 不会(?)|Groudon|100/100
|detailschange|p1a: 不会(?)|Groudon-Primal
|-primal|p1a: 不会(?)
|-weather|DesolateLand|[from] ability: Desolate Land|[of] p1a: 不会(?)
|move|p2a: Ditto|Close Combat|p1a: 不会(?)
|-damage|p1a: 不会(?)|55/100
|-unboost|p2a: Ditto|def|1
|-unboost|p2a: Ditto|spd|1
|
|-weather|DesolateLand|[upkeep]
|upkeep
|turn|6
|
|t:|1667040782
|switch|p2a: Ferrothorn|Ferrothorn, M|100/100
|move|p1a: 不会(?)|Fire Punch|p2a: Ferrothorn
|-supereffective|p2a: Ferrothorn
|-damage|p2a: Ferrothorn|0 fnt
|-damage|p1a: 不会(?)|42/100|[from] ability: Iron Barbs|[of] p2a: Ferrothorn
|faint|p2a: Ferrothorn
|
|-weather|DesolateLand|[upkeep]
|upkeep
|
|t:|1667040789
|switch|p2a: Arceus|Arceus-Ground|23/100
|turn|7
|
|t:|1667040791
|move|p2a: Arceus|Recover|p2a: Arceus
|-heal|p2a: Arceus|73/100
|move|p1a: 不会(?)|Fire Punch|p2a: Arceus
|-damage|p2a: Arceus|41/100
|
|-weather|DesolateLand|[upkeep]
|upkeep
|turn|8
|
|t:|1667040796
|move|p2a: Arceus|Recover|p2a: Arceus
|-heal|p2a: Arceus|91/100
|move|p1a: 不会(?)|Roar|p2a: Arceus
|drag|p2a: Mewtwo|Mewtwo|100/100
|-ability|p2a: Mewtwo|Unnerve
|
|-weather|DesolateLand|[upkeep]
|upkeep
|turn|9
|
|t:|1667040806
|-weather|none
|switch|p1a: 嘉然小姐的狗|Zacian-Crowned|82/100
|-ability|p1a: 嘉然小姐的狗|Intrepid Sword|boost
|-boost|p1a: 嘉然小姐的狗|atk|1
|move|p2a: Mewtwo|Psystrike|p1a: 嘉然小姐的狗
|-resisted|p1a: 嘉然小姐的狗
|-damage|p1a: 嘉然小姐的狗|52/100
|-damage|p2a: Mewtwo|91/100|[from] item: Life Orb
|
|upkeep
|turn|10
|
|t:|1667040815
|switch|p2a: Arceus|Arceus-Ground|91/100
|move|p1a: 嘉然小姐的狗|Behemoth Blade|p2a: Arceus
|-damage|p2a: Arceus|45/100
|
|upkeep
|turn|11
|
|t:|1667040818
|move|p1a: 嘉然小姐的狗|Behemoth Blade|p2a: Arceus
|-damage|p2a: Arceus|0 fnt
|faint|p2a: Arceus
|
|upkeep
|
|t:|1667040824
|switch|p2a: Ditto|Ditto|100/100
|-transform|p2a: Ditto|p1a: 嘉然小姐的狗|[from] ability: Imposter
|-ability|p2a: Ditto|Intrepid Sword|boost
|-boost|p2a: Ditto|atk|1
|turn|12
|
|t:|1667040831
|move|p2a: Ditto|Close Combat|p1a: 嘉然小姐的狗
|-damage|p1a: 嘉然小姐的狗|0 fnt
|-unboost|p2a: Ditto|def|1
|-unboost|p2a: Ditto|spd|1
|faint|p1a: 嘉然小姐的狗
|
|upkeep
|
|t:|1667040838
|switch|p1a: Y鸟|Yveltal|100/100
|-ability|p1a: Y鸟|Dark Aura
|turn|13
|
|t:|1667040842
|-start|p1a: Y鸟|Dynamax|
|-heal|p1a: Y鸟|100/100|[silent]
|move|p2a: Ditto|Close Combat|p1a: Y鸟
|-damage|p1a: Y鸟|57/100
|-unboost|p2a: Ditto|def|1
|-unboost|p2a: Ditto|spd|1
|move|p1a: Y鸟|Max Airstream|p2a: Ditto
|-resisted|p2a: Ditto
|-damage|p2a: Ditto|0 fnt
|-boost|p1a: Y鸟|spe|1
|faint|p2a: Ditto
|-damage|p1a: Y鸟|52/100|[from] item: Life Orb
|
|upkeep
|
|t:|1667040849
|switch|p2a: Tyranitar|Tyranitar, F|100/100
|-weather|Sandstorm|[from] ability: Sand Stream|[of] p2a: Tyranitar
|turn|14
|
|t:|1667040853
|detailschange|p2a: Tyranitar|Tyranitar-Mega, F
|-mega|p2a: Tyranitar|Tyranitar|Tyranitarite
|move|p1a: Y鸟|Max Knuckle|p2a: Tyranitar
|-supereffective|p2a: Tyranitar
|-damage|p2a: Tyranitar|34/100
|-boost|p1a: Y鸟|atk|1
|-damage|p1a: Y鸟|47/100|[from] item: Life Orb
|move|p2a: Tyranitar|Stealth Rock|p1a: Y鸟
|-sidestart|p1: CLEAR GEM清瑜|move: Stealth Rock
|
|-weather|Sandstorm|[upkeep]
|-damage|p1a: Y鸟|44/100|[from] Sandstorm
|upkeep
|turn|15
|
|t:|1667040861
|move|p1a: Y鸟|Max Knuckle|p2a: Tyranitar
|-supereffective|p2a: Tyranitar
|-damage|p2a: Tyranitar|0 fnt
|-boost|p1a: Y鸟|atk|1
|faint|p2a: Tyranitar
|-damage|p1a: Y鸟|39/100|[from] item: Life Orb
|
|-weather|Sandstorm|[upkeep]
|-damage|p1a: Y鸟|36/100|[from] Sandstorm
|upkeep
|
|t:|1667040864
|switch|p2a: Mewtwo|Mewtwo|91/100
|-ability|p2a: Mewtwo|Unnerve
|-end|p1a: Y鸟|Dynamax
|-heal|p1a: Y鸟|37/100|[silent]
|turn|16
|
|t:|1667040867
|-start|p2a: Mewtwo|Dynamax|
|-heal|p2a: Mewtwo|91/100|[silent]
|move|p1a: Y鸟|Dark Pulse|p2a: Mewtwo
|-supereffective|p2a: Mewtwo
|-damage|p2a: Mewtwo|12/100
|-damage|p1a: Y鸟|27/100|[from] item: Life Orb
|move|p2a: Mewtwo|Max Airstream|p1a: Y鸟
|-damage|p1a: Y鸟|0 fnt
|-boost|p2a: Mewtwo|spe|1
|faint|p1a: Y鸟
|-damage|p2a: Mewtwo|7/100|[from] item: Life Orb
|
|-weather|Sandstorm|[upkeep]
|-damage|p2a: Mewtwo|4/100|[from] Sandstorm
|upkeep
|
|t:|1667040870
|switch|p1a: 钢铁之躯|Necrozma-Dusk-Mane|100/100
|-damage|p1a: 钢铁之躯|94/100|[from] Stealth Rock
|turn|17
|
|t:|1667040874
|move|p2a: Mewtwo|Max Flare|p1a: 钢铁之躯
|-supereffective|p1a: 钢铁之躯
|-damage|p1a: 钢铁之躯|0 fnt
|-weather|SunnyDay
|faint|p1a: 钢铁之躯
|-damage|p2a: Mewtwo|0 fnt|[from] item: Life Orb
|faint|p2a: Mewtwo
|
|win|CLEAR GEM清瑜
|raw|CLEAR GEM清瑜's rating: 1805 &rarr; <strong>1822</strong><br />(+17 for winning)
|raw|harsh634's rating: 1745 &rarr; <strong>1728</strong><br />(-17 for losing)
|l|☆harsh634
