|j|‽Blastbr0
|j|☆Rinkablu
|t:|1636260139
|gametype|singles
|player|p1|Blastbr0|palmer|1454
|player|p2|Rinkablu|cynthia|1417
|teamsize|p1|6
|teamsize|p2|6
|gen|8
|tier|[Gen 8] National Dex AG
|rated|
|rule|HP Percentage Mod: HP is shown in percentages
|rule|Endless Battle Clause: Forcing endless battles is banned
|clearpoke
|poke|p1|Deoxys-Speed|
|poke|p1|Marshadow|
|poke|p1|Zacian-*|
|poke|p1|Rayquaza|
|poke|p1|Yveltal|
|poke|p1|Necrozma-Dusk-Mane|
|poke|p2|Whimsicott, F|
|poke|p2|Espeon, M|
|poke|p2|Manaphy|
|poke|p2|Galvantula, M|
|poke|p2|Marshadow|
|poke|p2|Ditto|
|teampreview
|
|t:|1636260145
|start
|switch|p1a: Deoxys|Deoxys-Speed|100/100
|switch|p2a: Galvantula|Galvantula, M|100/100
|-ability|p1a: Deoxys|Pressure
|turn|1
|
|t:|1636260151
|switch|p2a: Espeon|Espeon, M|100/100
|move|p1a: Deoxys|Magic Coat|p1a: Deoxys
|-singleturn|p1a: Deoxys|move: Magic Coat
|
|upkeep
|turn|2
|
|t:|1636260160
|switch|p1a: Zacian|Zacian-Crowned, shiny|100/100
|-ability|p1a: Zacian|Intrepid Sword|boost
|-boost|p1a: Zacian|atk|1
|move|p2a: Espeon|Dazzling Gleam|p1a: Zacian
|-resisted|p1a: Zacian
|-damage|p1a: Zacian|88/100
|
|upkeep
|turn|3
|
|t:|1636260167
|move|p1a: Zacian|Behemoth Blade|p2a: Espeon
|-damage|p2a: Espeon|0 fnt
|faint|p2a: Espeon
|
|upkeep
|
|t:|1636260170
|switch|p2a: Galvantula|Galvantula, M|100/100
|turn|4
|
|t:|1636260176
|move|p1a: Zacian|Behemoth Blade|p2a: Galvantula
|-resisted|p2a: Galvantula
|-damage|p2a: Galvantula|28/100
|move|p2a: Galvantula|Thunder Wave|p1a: Zacian
|-status|p1a: Zacian|par
|
|upkeep
|turn|5
|
|t:|1636260183
|move|p2a: Galvantula|Sticky Web|p1a: Zacian
|-sidestart|p1: Blastbr0|move: Sticky Web
|move|p1a: Zacian|Fire Fang|p2a: Galvantula
|-supereffective|p2a: Galvantula
|-damage|p2a: Galvantula|0 fnt
|faint|p2a: Galvantula
|
|upkeep
|
|t:|1636260187
|switch|p2a: Ditto|Ditto|100/100
|-transform|p2a: Ditto|p1a: Zacian|[from] ability: Imposter
|-ability|p2a: Ditto|Intrepid Sword|boost
|-boost|p2a: Ditto|atk|1
|turn|6
|
|t:|1636260196
|switch|p1a: Deoxys|Deoxys-Speed|100/100
|-activate|p1a: Deoxys|move: Sticky Web
|-unboost|p1a: Deoxys|spe|1
|-ability|p1a: Deoxys|Pressure
|move|p2a: Ditto|Behemoth Blade|p1a: Deoxys
|-enditem|p1a: Deoxys|Focus Sash
|-damage|p1a: Deoxys|1/100
|
|upkeep
|turn|7
|
|t:|1636260206
|move|p2a: Ditto|Behemoth Blade|p1a: Deoxys
|-damage|p1a: Deoxys|0 fnt
|faint|p1a: Deoxys
|
|upkeep
|
|t:|1636260217
|switch|p1a: Marshadow|Marshadow|100/100
|-activate|p1a: Marshadow|move: Sticky Web
|-unboost|p1a: Marshadow|spe|1
|turn|8
|
|t:|1636260221
|switch|p2a: Whimsicott|Whimsicott, F|100/100
|move|p1a: Marshadow|Spectral Thief|p2a: Whimsicott
|-damage|p2a: Whimsicott|67/100
|
|-heal|p2a: Whimsicott|73/100|[from] item: Leftovers
|upkeep
|turn|9
|
|t:|1636260231
|move|p2a: Whimsicott|Leech Seed|p1a: Marshadow
|-start|p1a: Marshadow|move: Leech Seed
|move|p1a: Marshadow|Spectral Thief|p2a: Whimsicott
|-damage|p2a: Whimsicott|42/100
|
|-heal|p2a: Whimsicott|48/100|[from] item: Leftovers
|-damage|p1a: Marshadow|88/100|[from] Leech Seed|[of] p2a: Whimsicott
|-heal|p2a: Whimsicott|61/100|[silent]
|upkeep
|turn|10
|
|t:|1636260240
|switch|p1a: Rayquaza|Rayquaza|100/100
|-ability|p1a: Rayquaza|Air Lock
|move|p2a: Whimsicott|Substitute|p2a: Whimsicott
|-start|p2a: Whimsicott|Substitute
|-damage|p2a: Whimsicott|36/100
|
|-heal|p2a: Whimsicott|42/100|[from] item: Leftovers
|upkeep
|turn|11
|
|t:|1636260250
|detailschange|p1a: Rayquaza|Rayquaza-Mega
|-mega|p1a: Rayquaza|Rayquaza|
|-weather|DeltaStream|[from] ability: Delta Stream|[of] p1a: Rayquaza
|move|p2a: Whimsicott|Leech Seed|p1a: Rayquaza
|-start|p1a: Rayquaza|move: Leech Seed
|move|p1a: Rayquaza|Dragon Ascent|p2a: Whimsicott
|-supereffective|p2a: Whimsicott
|-end|p2a: Whimsicott|Substitute
|-unboost|p1a: Rayquaza|def|1
|-unboost|p1a: Rayquaza|spd|1
|
|-weather|DeltaStream|[upkeep]
|-heal|p2a: Whimsicott|48/100|[from] item: Leftovers
|-damage|p1a: Rayquaza|88/100|[from] Leech Seed|[of] p2a: Whimsicott
|-heal|p2a: Whimsicott|62/100|[silent]
|upkeep
|turn|12
|
|t:|1636260263
|move|p2a: Whimsicott|Substitute|p2a: Whimsicott
|-start|p2a: Whimsicott|Substitute
|-damage|p2a: Whimsicott|37/100
|move|p1a: Rayquaza|Dragon Ascent|p2a: Whimsicott
|-supereffective|p2a: Whimsicott
|-end|p2a: Whimsicott|Substitute
|-unboost|p1a: Rayquaza|def|1
|-unboost|p1a: Rayquaza|spd|1
|
|-weather|DeltaStream|[upkeep]
|-heal|p1a: Rayquaza|94/100|[from] item: Leftovers
|-heal|p2a: Whimsicott|43/100|[from] item: Leftovers
|-damage|p1a: Rayquaza|82/100|[from] Leech Seed|[of] p2a: Whimsicott
|-heal|p2a: Whimsicott|57/100|[silent]
|upkeep
|turn|13
|
|t:|1636260275
|move|p2a: Whimsicott|Substitute|p2a: Whimsicott
|-start|p2a: Whimsicott|Substitute
|-damage|p2a: Whimsicott|32/100
|move|p1a: Rayquaza|Dragon Ascent|p2a: Whimsicott
|-supereffective|p2a: Whimsicott
|-end|p2a: Whimsicott|Substitute
|-unboost|p1a: Rayquaza|def|1
|-unboost|p1a: Rayquaza|spd|1
|
|-weather|DeltaStream|[upkeep]
|-heal|p1a: Rayquaza|88/100|[from] item: Leftovers
|-heal|p2a: Whimsicott|38/100|[from] item: Leftovers
|-damage|p1a: Rayquaza|76/100|[from] Leech Seed|[of] p2a: Whimsicott
|-heal|p2a: Whimsicott|51/100|[silent]
|upkeep
|turn|14
|
|t:|1636260286
|move|p2a: Whimsicott|Substitute|p2a: Whimsicott
|-start|p2a: Whimsicott|Substitute
|-damage|p2a: Whimsicott|27/100
|move|p1a: Rayquaza|Dragon Ascent|p2a: Whimsicott
|-supereffective|p2a: Whimsicott
|-end|p2a: Whimsicott|Substitute
|-unboost|p1a: Rayquaza|def|1
|-unboost|p1a: Rayquaza|spd|1
|
|-weather|DeltaStream|[upkeep]
|-heal|p1a: Rayquaza|82/100|[from] item: Leftovers
|-heal|p2a: Whimsicott|33/100|[from] item: Leftovers
|-damage|p1a: Rayquaza|69/100|[from] Leech Seed|[of] p2a: Whimsicott
|-heal|p2a: Whimsicott|46/100|[silent]
|upkeep
|turn|15
|
|t:|1636260298
|move|p2a: Whimsicott|Substitute|p2a: Whimsicott
|-start|p2a: Whimsicott|Substitute
|-damage|p2a: Whimsicott|21/100
|move|p1a: Rayquaza|Dragon Ascent|p2a: Whimsicott
|-supereffective|p2a: Whimsicott
|-end|p2a: Whimsicott|Substitute
|-unboost|p1a: Rayquaza|def|1
|-unboost|p1a: Rayquaza|spd|1
|
|-weather|DeltaStream|[upkeep]
|-heal|p1a: Rayquaza|75/100|[from] item: Leftovers
|-heal|p2a: Whimsicott|27/100|[from] item: Leftovers
|-damage|p1a: Rayquaza|63/100|[from] Leech Seed|[of] p2a: Whimsicott
|-heal|p2a: Whimsicott|41/100|[silent]
|upkeep
|turn|16
|
|t:|1636260309
|move|p2a: Whimsicott|Substitute|p2a: Whimsicott
|-start|p2a: Whimsicott|Substitute
|-damage|p2a: Whimsicott|16/100
|move|p1a: Rayquaza|Dragon Ascent|p2a: Whimsicott
|-supereffective|p2a: Whimsicott
|-end|p2a: Whimsicott|Substitute
|-unboost|p1a: Rayquaza|def|1
|-unboost|p1a: Rayquaza|spd|1
|
|-weather|DeltaStream|[upkeep]
|-heal|p1a: Rayquaza|69/100|[from] item: Leftovers
|-heal|p2a: Whimsicott|22/100|[from] item: Leftovers
|-damage|p1a: Rayquaza|57/100|[from] Leech Seed|[of] p2a: Whimsicott
|-heal|p2a: Whimsicott|35/100|[silent]
|upkeep
|turn|17
|
|t:|1636260321
|move|p2a: Whimsicott|Substitute|p2a: Whimsicott
|-start|p2a: Whimsicott|Substitute
|-damage|p2a: Whimsicott|11/100
|move|p1a: Rayquaza|Dragon Ascent|p2a: Whimsicott
|-supereffective|p2a: Whimsicott
|-end|p2a: Whimsicott|Substitute
|
|-weather|DeltaStream|[upkeep]
|-heal|p1a: Rayquaza|63/100|[from] item: Leftovers
|-heal|p2a: Whimsicott|17/100|[from] item: Leftovers
|-damage|p1a: Rayquaza|51/100|[from] Leech Seed|[of] p2a: Whimsicott
|-heal|p2a: Whimsicott|30/100|[silent]
|upkeep
|turn|18
|
|t:|1636260332
|move|p2a: Whimsicott|Substitute|p2a: Whimsicott
|-start|p2a: Whimsicott|Substitute
|-damage|p2a: Whimsicott|5/100
|move|p1a: Rayquaza|Dragon Ascent|p2a: Whimsicott
|-supereffective|p2a: Whimsicott
|-end|p2a: Whimsicott|Substitute
|
|-weather|DeltaStream|[upkeep]
|-heal|p1a: Rayquaza|57/100|[from] item: Leftovers
|-heal|p2a: Whimsicott|12/100|[from] item: Leftovers
|-damage|p1a: Rayquaza|44/100|[from] Leech Seed|[of] p2a: Whimsicott
|-heal|p2a: Whimsicott|25/100|[silent]
|upkeep
|turn|19
|
|t:|1636260342
|move|p1a: Rayquaza|V-create|p2a: Whimsicott
|-supereffective|p2a: Whimsicott
|-damage|p2a: Whimsicott|0 fnt
|-unboost|p1a: Rayquaza|spe|1
|faint|p2a: Whimsicott
|
|-weather|DeltaStream|[upkeep]
|-heal|p1a: Rayquaza|50/100|[from] item: Leftovers
|upkeep
|
|t:|1636260350
|switch|p2a: Marshadow|Marshadow|100/100
|turn|20
|
|t:|1636260353
|-weather|none
|switch|p1a: Yveltal|Yveltal|100/100
|-ability|p1a: Yveltal|Dark Aura
|move|p2a: Marshadow|Ice Punch|p1a: Yveltal
|-supereffective|p1a: Yveltal
|-damage|p1a: Yveltal|63/100
|
|-heal|p1a: Yveltal|69/100|[from] item: Leftovers
|upkeep
|turn|21
|
|t:|1636260363
|move|p2a: Marshadow|Ice Punch|p1a: Yveltal
|-supereffective|p1a: Yveltal
|-damage|p1a: Yveltal|34/100
|move|p1a: Yveltal|Oblivion Wing|p2a: Marshadow
|-supereffective|p2a: Marshadow
|-crit|p2a: Marshadow
|-enditem|p2a: Marshadow|Focus Sash
|-damage|p2a: Marshadow|1/100
|-heal|p1a: Yveltal|95/100|[from] drain|[of] p2a: Marshadow
|
|-heal|p1a: Yveltal|100/100|[from] item: Leftovers
|upkeep
|turn|22
|
|t:|1636260374
|move|p1a: Yveltal|Sucker Punch|p2a: Marshadow
|-damage|p2a: Marshadow|0 fnt
|faint|p2a: Marshadow
|
|upkeep
|
|t:|1636260377
|switch|p2a: Manaphy|Manaphy|100/100
|turn|23
|
|t:|1636260380
|move|p2a: Manaphy|Tail Glow|p2a: Manaphy
|-boost|p2a: Manaphy|spa|3
|move|p1a: Yveltal|Foul Play|p2a: Manaphy
|-damage|p2a: Manaphy|65/100
|
|upkeep
|turn|24
|
|t:|1636260387
|move|p2a: Manaphy|Tail Glow|p2a: Manaphy
|-boost|p2a: Manaphy|spa|3
|move|p1a: Yveltal|Foul Play|p2a: Manaphy
|-damage|p2a: Manaphy|34/100
|
|upkeep
|turn|25
|
|t:|1636260397
|-start|p2a: Manaphy|Dynamax
|-heal|p2a: Manaphy|34/100|[silent]
|-start|p1a: Yveltal|Dynamax
|-heal|p1a: Yveltal|100/100|[silent]
|move|p2a: Manaphy|Max Geyser|p1a: Yveltal
|-damage|p1a: Yveltal|0 fnt
|-weather|RainDance
|faint|p1a: Yveltal
|
|-weather|RainDance|[upkeep]
|upkeep
|
|t:|1636260408
|switch|p1a: Marshadow|Marshadow|88/100
|-activate|p1a: Marshadow|move: Sticky Web
|-unboost|p1a: Marshadow|spe|1
|turn|26
|
|t:|1636260416
|move|p1a: Marshadow|Shadow Sneak|p2a: Manaphy
|-damage|p2a: Manaphy|21/100
|move|p2a: Manaphy|Max Geyser|p1a: Marshadow
|-damage|p1a: Marshadow|0 fnt
|faint|p1a: Marshadow
|
|-weather|RainDance|[upkeep]
|upkeep
|
|t:|1636260423
|switch|p1a: Necrozma|Necrozma-Dusk-Mane|100/100
|-activate|p1a: Necrozma|move: Sticky Web
|-unboost|p1a: Necrozma|spe|1
|turn|27
|
|t:|1636260429
|detailschange|p1a: Necrozma|Necrozma-Ultra
|-burst|p1a: Necrozma|Necrozma|Ultranecrozium Z
|move|p2a: Manaphy|Max Geyser|p1a: Necrozma
|-resisted|p1a: Necrozma
|-damage|p1a: Necrozma|0 fnt
|faint|p1a: Necrozma
|
|-weather|RainDance|[upkeep]
|-end|p2a: Manaphy|Dynamax
|-heal|p2a: Manaphy|21/100|[silent]
|upkeep
|
|t:|1636260437
|switch|p1a: Rayquaza|Rayquaza-Mega|50/100
|-weather|DeltaStream|[from] ability: Delta Stream|[of] p1a: Rayquaza
|turn|28
|
|t:|1636260442
|move|p1a: Rayquaza|V-create|p2a: Manaphy
|-resisted|p2a: Manaphy
|-damage|p2a: Manaphy|0 fnt
|-unboost|p1a: Rayquaza|spe|1
|-unboost|p1a: Rayquaza|def|1
|-unboost|p1a: Rayquaza|spd|1
|faint|p2a: Manaphy
|
|-weather|DeltaStream|[upkeep]
|-heal|p1a: Rayquaza|56/100|[from] item: Leftovers
|upkeep
|
|t:|1636260445
|switch|p2a: Ditto|Ditto|100/100
|-transform|p2a: Ditto|p1a: Rayquaza|[from] ability: Imposter
|turn|29
|
|t:|1636260456
|move|p2a: Ditto|V-create|p1a: Rayquaza
|-resisted|p1a: Rayquaza
|-damage|p1a: Rayquaza|19/100
|-unboost|p2a: Ditto|spe|1
|-unboost|p2a: Ditto|def|1
|-unboost|p2a: Ditto|spd|1
|move|p1a: Rayquaza|V-create|p2a: Ditto
|-resisted|p2a: Ditto
|-damage|p2a: Ditto|38/100
|-unboost|p1a: Rayquaza|spe|1
|-unboost|p1a: Rayquaza|def|1
|-unboost|p1a: Rayquaza|spd|1
|
|-weather|DeltaStream|[upkeep]
|-heal|p1a: Rayquaza|25/100|[from] item: Leftovers
|upkeep
|turn|30
|
|t:|1636260471
|move|p2a: Ditto|V-create|p1a: Rayquaza
|-resisted|p1a: Rayquaza
|-crit|p1a: Rayquaza
|-damage|p1a: Rayquaza|0 fnt
|-unboost|p2a: Ditto|spe|1
|-unboost|p2a: Ditto|def|1
|-unboost|p2a: Ditto|spd|1
|faint|p1a: Rayquaza
|
|-weather|DeltaStream|[upkeep]
|upkeep
|
|t:|1636260477
|switch|p1a: Zacian|Zacian-Crowned, shiny|88/100 par
|-activate|p1a: Zacian|move: Sticky Web
|-unboost|p1a: Zacian|spe|1
|-ability|p1a: Zacian|Intrepid Sword|boost
|-boost|p1a: Zacian|atk|1
|turn|31
|
|t:|1636260484
|move|p2a: Ditto|V-create|p1a: Zacian
|-supereffective|p1a: Zacian
|-damage|p1a: Zacian|0 fnt
|-unboost|p2a: Ditto|spe|1
|-unboost|p2a: Ditto|def|1
|-unboost|p2a: Ditto|spd|1
|faint|p1a: Zacian
|
|win|Rinkablu
|raw|Blastbr0's rating: 1454 &rarr; <strong>1432</strong><br />(-22 for losing)
|raw|Rinkablu's rating: 1417 &rarr; <strong>1439</strong><br />(+22 for winning)
|c|☆Rinkablu|gg
|l|‽Blastbr0
