|j|☆paradoxthetimelord
|j|☆TheGirl0nFire
|t:|1647821137
|gametype|singles
|player|p1|paradoxthetimelord|266|1692
|player|p2|TheGirl0nFire|flannery|1816
|teamsize|p1|6
|teamsize|p2|6
|gen|8
|tier|[Gen 8] National Dex AG
|rated|
|rule|HP Percentage Mod: HP is shown in percentages
|rule|Endless Battle Clause: Forcing endless battles is banned
|clearpoke
|poke|p1|Rayquaza|
|poke|p1|Marshadow|
|poke|p1|Zacian-*|
|poke|p1|Arceus-*|
|poke|p1|Ditto|
|poke|p1|Lugia|
|poke|p2|Arceus-*|
|poke|p2|Klefki, F|
|poke|p2|Kyogre|
|poke|p2|Zygarde|
|poke|p2|Ho-Oh|
|poke|p2|Regieleki|
|teampreview
|c|☆paradoxthetimelord|Yoooo
|c|☆paradoxthetimelord|We battled yesterday lmao
|c|☆TheGirl0nFire|Hello!
|
|t:|1647821165
|start
|switch|p1a: HELLOMYNAMEISYOU|Ditto|100/100
|switch|p2a: Klefki|Klefki, F|100/100
|-transform|p1a: HELLOMYNAMEISYOU|p2a: Klefki|[from] ability: Imposter
|turn|1
|
|t:|1647821173
|switch|p1a: The GOAT..er..deer|Arceus|100/100
|move|p2a: Klefki|Light Screen|p2a: Klefki
|-sidestart|p2: TheGirl0nFire|move: Light Screen
|
|upkeep
|turn|2
|
|t:|1647821175
|move|p2a: Klefki|Reflect|p2a: Klefki
|-sidestart|p2: TheGirl0nFire|Reflect
|move|p1a: The GOAT..er..deer|Substitute|p1a: The GOAT..er..deer
|-start|p1a: The GOAT..er..deer|Substitute
|-damage|p1a: The GOAT..er..deer|76/100
|
|-heal|p1a: The GOAT..er..deer|82/100|[from] item: Leftovers
|upkeep
|turn|3
|
|t:|1647821178
|switch|p2a: Arceus|Arceus|100/100
|move|p1a: The GOAT..er..deer|Swords Dance|p1a: The GOAT..er..deer
|-boost|p1a: The GOAT..er..deer|atk|2
|
|-heal|p1a: The GOAT..er..deer|88/100|[from] item: Leftovers
|upkeep
|turn|4
|
|t:|1647821181
|move|p1a: The GOAT..er..deer|Swords Dance|p1a: The GOAT..er..deer
|-boost|p1a: The GOAT..er..deer|atk|2
|move|p2a: Arceus|Perish Song|p2a: Arceus
|-start|p1a: The GOAT..er..deer|perish3|[silent]
|-start|p2a: Arceus|perish3|[silent]
|-fieldactivate|move: Perish Song
|
|-heal|p1a: The GOAT..er..deer|94/100|[from] item: Leftovers
|-start|p1a: The GOAT..er..deer|perish3
|-start|p2a: Arceus|perish3
|upkeep
|turn|5
|
|t:|1647821185
|switch|p2a: Zygarde|Zygarde|100/100
|move|p1a: The GOAT..er..deer|Extreme Speed|p2a: Zygarde
|-damage|p2a: Zygarde|69/100
|
|-heal|p1a: The GOAT..er..deer|99/100|[from] item: Leftovers
|-heal|p2a: Zygarde|75/100|[from] item: Leftovers
|-start|p1a: The GOAT..er..deer|perish2
|upkeep
|turn|6
|
|t:|1647821193
|move|p1a: The GOAT..er..deer|Extreme Speed|p2a: Zygarde
|-damage|p2a: Zygarde|40/100
|move|p2a: Zygarde|Substitute|p2a: Zygarde
|-start|p2a: Zygarde|Substitute
|-damage|p2a: Zygarde|15/100
|
|-heal|p1a: The GOAT..er..deer|100/100|[from] item: Leftovers
|-heal|p2a: Zygarde|21/100|[from] item: Leftovers
|-start|p1a: The GOAT..er..deer|perish1
|-activate|p2a: Zygarde|ability: Power Construct
|detailschange|p2a: Zygarde|Zygarde-Complete
|-heal|p2a: Zygarde|48/100|[silent]
|upkeep
|turn|7
|
|t:|1647821202
|switch|p1a: green snek|Rayquaza|100/100
|-ability|p1a: green snek|Air Lock
|move|p2a: Zygarde|Dragon Dance|p2a: Zygarde
|-boost|p2a: Zygarde|atk|1
|-boost|p2a: Zygarde|spe|1
|
|-heal|p2a: Zygarde|54/100|[from] item: Leftovers
|upkeep
|turn|8
|
|t:|1647821206
|detailschange|p1a: green snek|Rayquaza-Mega
|-mega|p1a: green snek|Rayquaza|
|-weather|DeltaStream|[from] ability: Delta Stream|[of] p1a: green snek
|move|p1a: green snek|Scale Shot|p2a: Zygarde
|-supereffective|p2a: Zygarde
|-activate|p2a: Zygarde|move: Substitute|[damage]
|-supereffective|p2a: Zygarde
|-activate|p2a: Zygarde|move: Substitute|[damage]
|-hitcount|p2a: Zygarde|2
|-unboost|p1a: green snek|def|1
|-boost|p1a: green snek|spe|1
|-damage|p1a: green snek|91/100|[from] item: Life Orb
|move|p2a: Zygarde|Glare|p1a: green snek
|-status|p1a: green snek|par
|
|-weather|DeltaStream|[upkeep]
|-heal|p2a: Zygarde|60/100|[from] item: Leftovers
|-sideend|p2: TheGirl0nFire|move: Light Screen
|upkeep
|turn|9
|
|t:|1647821215
|move|p2a: Zygarde|Thousand Arrows|p1a: green snek
|-damage|p1a: green snek|17/100 par
|-start|p1a: green snek|Smack Down
|move|p1a: green snek|Scale Shot|p2a: Zygarde
|-supereffective|p2a: Zygarde
|-end|p2a: Zygarde|Substitute
|-supereffective|p2a: Zygarde
|-damage|p2a: Zygarde|53/100
|-supereffective|p2a: Zygarde
|-damage|p2a: Zygarde|46/100
|-hitcount|p2a: Zygarde|3
|-unboost|p1a: green snek|def|1
|-boost|p1a: green snek|spe|1
|-damage|p1a: green snek|7/100 par|[from] item: Life Orb
|
|-weather|DeltaStream|[upkeep]
|-heal|p2a: Zygarde|52/100|[from] item: Leftovers
|-sideend|p2: TheGirl0nFire|Reflect
|upkeep
|turn|10
|
|t:|1647821228
|move|p1a: green snek|Dragon Ascent|p2a: Zygarde
|-damage|p2a: Zygarde|15/100
|-unboost|p1a: green snek|def|1
|-unboost|p1a: green snek|spd|1
|-damage|p1a: green snek|0 fnt|[from] item: Life Orb
|faint|p1a: green snek
|-weather|none
|move|p2a: Zygarde|Thousand Arrows|p1: green snek|[notarget]
|-fail|p2a: Zygarde
|
|-heal|p2a: Zygarde|21/100|[from] item: Leftovers
|upkeep
|
|t:|1647821235
|switch|p1a: HELLOMYNAMEISYOU|Ditto|100/100
|-transform|p1a: HELLOMYNAMEISYOU|p2a: Zygarde|[from] ability: Imposter
|turn|11
|
|t:|1647821240
|move|p1a: HELLOMYNAMEISYOU|Substitute|p1a: HELLOMYNAMEISYOU
|-start|p1a: HELLOMYNAMEISYOU|Substitute
|-damage|p1a: HELLOMYNAMEISYOU|75/100
|move|p2a: Zygarde|Thousand Arrows|p1a: HELLOMYNAMEISYOU
|-end|p1a: HELLOMYNAMEISYOU|Substitute
|
|-heal|p2a: Zygarde|27/100|[from] item: Leftovers
|upkeep
|turn|12
|
|t:|1647821246
|move|p1a: HELLOMYNAMEISYOU|Thousand Arrows|p2a: Zygarde
|-damage|p2a: Zygarde|11/100
|move|p2a: Zygarde|Thousand Arrows|p1a: HELLOMYNAMEISYOU
|-damage|p1a: HELLOMYNAMEISYOU|42/100
|
|-heal|p2a: Zygarde|17/100|[from] item: Leftovers
|upkeep
|turn|13
|
|t:|1647821251
|move|p2a: Zygarde|Thousand Arrows|p1a: HELLOMYNAMEISYOU
|-damage|p1a: HELLOMYNAMEISYOU|10/100
|move|p1a: HELLOMYNAMEISYOU|Thousand Arrows|p2a: Zygarde
|-damage|p2a: Zygarde|0 fnt
|faint|p2a: Zygarde
|
|upkeep
|
|t:|1647821255
|switch|p2a: Arceus|Arceus|100/100
|turn|14
|
|t:|1647821258
|move|p2a: Arceus|Extreme Speed|p1a: HELLOMYNAMEISYOU
|-damage|p1a: HELLOMYNAMEISYOU|0 fnt
|faint|p1a: HELLOMYNAMEISYOU
|
|upkeep
|j| lkljhjklkjh
|
|t:|1647821262
|switch|p1a: SWORDINMOUTH|Zacian-Crowned|100/100
|-ability|p1a: SWORDINMOUTH|Intrepid Sword|boost
|-boost|p1a: SWORDINMOUTH|atk|1
|turn|15
|
|t:|1647821265
|switch|p2a: Klefki|Klefki, F|100/100
|move|p1a: SWORDINMOUTH|Close Combat|p2a: Klefki
|-damage|p2a: Klefki|33/100
|-unboost|p1a: SWORDINMOUTH|def|1
|-unboost|p1a: SWORDINMOUTH|spd|1
|
|upkeep
|turn|16
|
|t:|1647821270
|move|p2a: Klefki|Reflect|p2a: Klefki
|-sidestart|p2: TheGirl0nFire|Reflect
|move|p1a: SWORDINMOUTH|Close Combat|p2a: Klefki
|-damage|p2a: Klefki|4/100
|-unboost|p1a: SWORDINMOUTH|def|1
|-unboost|p1a: SWORDINMOUTH|spd|1
|
|upkeep
|turn|17
|
|t:|1647821274
|move|p2a: Klefki|Light Screen|p2a: Klefki
|-sidestart|p2: TheGirl0nFire|move: Light Screen
|move|p1a: SWORDINMOUTH|Behemoth Blade|p2a: Klefki
|-damage|p2a: Klefki|0 fnt
|faint|p2a: Klefki
|
|upkeep
|
|t:|1647821275
|switch|p2a: Regieleki|Regieleki|100/100
|turn|18
|
|t:|1647821280
|switch|p1a: Loo-Gee-Uh|Lugia|100/100
|move|p2a: Regieleki|Substitute|p2a: Regieleki
|-start|p2a: Regieleki|Substitute
|-damage|p2a: Regieleki|76/100
|
|upkeep
|turn|19
|
|t:|1647821283
|move|p2a: Regieleki|Thunderbolt|p1a: Loo-Gee-Uh
|-supereffective|p1a: Loo-Gee-Uh
|-damage|p1a: Loo-Gee-Uh|54/100
|move|p1a: Loo-Gee-Uh|Defog||[still]
|-sideend|p2: TheGirl0nFire|Reflect
|-sideend|p2: TheGirl0nFire|move: Light Screen
|-fail|p1a: Loo-Gee-Uh
|
|-heal|p1a: Loo-Gee-Uh|61/100|[from] item: Leftovers
|upkeep
|turn|20
|
|t:|1647821289
|move|p2a: Regieleki|Thunderbolt|p1a: Loo-Gee-Uh
|-supereffective|p1a: Loo-Gee-Uh
|-damage|p1a: Loo-Gee-Uh|0 fnt
|faint|p1a: Loo-Gee-Uh
|
|upkeep
|
|t:|1647821294
|switch|p1a: sleep paralysis|Marshadow|100/100
|turn|21
|
|t:|1647821300
|move|p2a: Regieleki|Volt Switch|p1a: sleep paralysis
|-damage|p1a: sleep paralysis|26/100
|
|t:|1647821307
|switch|p2a: Arceus|Arceus|100/100|[from]move: Volt Switch
|move|p1a: sleep paralysis|Spectral Thief|p2a: Arceus
|-immune|p2a: Arceus
|
|upkeep
|turn|22
|
|t:|1647821340
|move|p1a: sleep paralysis|Close Combat|p2a: Arceus
|-supereffective|p2a: Arceus
|-damage|p2a: Arceus|19/100
|-unboost|p1a: sleep paralysis|def|1
|-unboost|p1a: sleep paralysis|spd|1
|move|p2a: Arceus|Earthquake|p1a: sleep paralysis
|-damage|p1a: sleep paralysis|0 fnt
|faint|p1a: sleep paralysis
|
|upkeep
|
|t:|1647821346
|switch|p1a: The GOAT..er..deer|Arceus|100/100
|turn|23
|
|t:|1647821348
|move|p1a: The GOAT..er..deer|Extreme Speed|p2a: Arceus
|-damage|p2a: Arceus|0 fnt
|faint|p2a: Arceus
|
|upkeep
|
|t:|1647821356
|switch|p2a: Ho-Oh|Ho-Oh|100/100
|turn|24
|
|t:|1647821362
|-start|p2a: Ho-Oh|Dynamax
|-heal|p2a: Ho-Oh|100/100|[silent]
|move|p1a: The GOAT..er..deer|Substitute|p1a: The GOAT..er..deer
|-start|p1a: The GOAT..er..deer|Substitute
|-damage|p1a: The GOAT..er..deer|76/100
|move|p2a: Ho-Oh|Max Airstream|p1a: The GOAT..er..deer
|-end|p1a: The GOAT..er..deer|Substitute
|-boost|p2a: Ho-Oh|spe|1
|
|-heal|p1a: The GOAT..er..deer|82/100|[from] item: Leftovers
|upkeep
|turn|25
|
|t:|1647821371
|move|p2a: Ho-Oh|Max Flare|p1a: The GOAT..er..deer
|-damage|p1a: The GOAT..er..deer|34/100
|-weather|SunnyDay
|move|p1a: The GOAT..er..deer|Swords Dance|p1a: The GOAT..er..deer
|-boost|p1a: The GOAT..er..deer|atk|2
|
|-weather|SunnyDay|[upkeep]
|-heal|p1a: The GOAT..er..deer|40/100|[from] item: Leftovers
|upkeep
|turn|26
|
|t:|1647821376
|-start|p1a: The GOAT..er..deer|Dynamax
|-heal|p1a: The GOAT..er..deer|40/100|[silent]
|move|p1a: The GOAT..er..deer|Max Guard|p1a: The GOAT..er..deer
|-singleturn|p1a: The GOAT..er..deer|Max Guard
|move|p2a: Ho-Oh|Max Flare|p1a: The GOAT..er..deer
|-activate|p1a: The GOAT..er..deer|move: Max Guard
|
|-weather|SunnyDay|[upkeep]
|-heal|p1a: The GOAT..er..deer|43/100|[from] item: Leftovers
|-end|p2a: Ho-Oh|Dynamax
|-heal|p2a: Ho-Oh|100/100|[silent]
|upkeep
|turn|27
|
|t:|1647821382
|move|p2a: Ho-Oh|Fire Blast|p1a: The GOAT..er..deer
|-damage|p1a: The GOAT..er..deer|16/100
|move|p1a: The GOAT..er..deer|Max Strike|p2a: Ho-Oh
|-damage|p2a: Ho-Oh|0 fnt
|faint|p2a: Ho-Oh
|
|-weather|SunnyDay|[upkeep]
|-heal|p1a: The GOAT..er..deer|20/100|[from] item: Leftovers
|upkeep
|
|t:|1647821385
|switch|p2a: Regieleki|Regieleki|76/100
|turn|28
|
|t:|1647821390
|move|p1a: The GOAT..er..deer|Max Guard|p1a: The GOAT..er..deer
|-singleturn|p1a: The GOAT..er..deer|Max Guard
|move|p2a: Regieleki|Thunderbolt|p1a: The GOAT..er..deer
|-activate|p1a: The GOAT..er..deer|move: Max Guard
|
|-weather|SunnyDay|[upkeep]
|-heal|p1a: The GOAT..er..deer|23/100|[from] item: Leftovers
|-end|p1a: The GOAT..er..deer|Dynamax
|-heal|p1a: The GOAT..er..deer|23/100|[silent]
|upkeep
|turn|29
|
|t:|1647821398
|switch|p2a: Kyogre|Kyogre|100/100
|detailschange|p2a: Kyogre|Kyogre-Primal
|-primal|p2a: Kyogre
|-weather|PrimordialSea|[from] ability: Primordial Sea|[of] p2a: Kyogre
|move|p1a: The GOAT..er..deer|Extreme Speed|p2a: Kyogre
|-damage|p2a: Kyogre|14/100
|
|-weather|PrimordialSea|[upkeep]
|-heal|p1a: The GOAT..er..deer|29/100|[from] item: Leftovers
|upkeep
|turn|30
|c|☆TheGirl0nFire|gg
|-message|TheGirl0nFire forfeited.
|
|win|paradoxthetimelord
|raw|paradoxthetimelord's rating: 1692 &rarr; <strong>1719</strong><br />(+27 for winning)
|raw|TheGirl0nFire's rating: 1816 &rarr; <strong>1789</strong><br />(-27 for losing)
|l|☆TheGirl0nFire
|c|☆paradoxthetimelord|gg
|c|☆paradoxthetimelord|You're a really strong player
