|j|☆Naofumi_Bakugo_Jax
|j|☆Clausura
|t:|1662764444
|gametype|singles
|player|p1|Naofumi_Bakugo_Jax|blue|1640
|player|p2|Clausura|cynthia-gen4|1777
|teamsize|p1|6
|teamsize|p2|6
|gen|8
|tier|[Gen 8] National Dex AG
|rated|
|rule|HP Percentage Mod: HP is shown in percentages
|rule|Endless Battle Clause: Forcing endless battles is banned
|clearpoke
|poke|p1|Zacian-*|
|poke|p1|Calyrex-Shadow|
|poke|p1|Yveltal|
|poke|p1|Arceus-*|
|poke|p1|Swampert, F|
|poke|p1|Kyogre|
|poke|p2|Arceus-*|
|poke|p2|Calyrex-Shadow|
|poke|p2|Marshadow|
|poke|p2|Kyogre|
|poke|p2|Yveltal|
|poke|p2|Rayquaza|
|teampreview
|inactive|Battle timer is ON: inactive players will automatically lose when time's up. (requested by Clausura)
|
|t:|1662764469
|start
|switch|p1a: Swampert|Swampert, F|100/100
|switch|p2a: Kyogre|Kyogre|100/100
|-weather|RainDance|[from] ability: Drizzle|[of] p2a: Kyogre
|turn|1
|
|t:|1662764484
|detailschange|p1a: Swampert|Swampert-Mega, F
|-mega|p1a: Swampert|Swampert|Swampertite
|move|p1a: Swampert|Earthquake|p2a: Kyogre
|-damage|p2a: Kyogre|27/100
|move|p2a: Kyogre|Water Spout|p1a: Swampert
|-damage|p1a: Swampert|68/100
|
|-weather|RainDance|[upkeep]
|upkeep
|turn|2
|j| smoolic alt
|
|t:|1662764497
|move|p1a: Swampert|Stealth Rock|p2a: Kyogre
|-sidestart|p2: Clausura|move: Stealth Rock
|move|p2a: Kyogre|Water Spout|p1a: Swampert
|-damage|p1a: Swampert|33/100
|
|-weather|RainDance|[upkeep]
|upkeep
|turn|3
|
|t:|1662764504
|move|p1a: Swampert|Earthquake|p2a: Kyogre
|-damage|p2a: Kyogre|0 fnt
|faint|p2a: Kyogre
|
|-weather|RainDance|[upkeep]
|upkeep
|
|t:|1662764505
|switch|p2a: Yveltal|Yveltal|100/100
|-ability|p2a: Yveltal|Dark Aura
|turn|4
|inactive|Naofumi_Bakugo_Jax has 120 seconds left.
|
|t:|1662764545
|move|p1a: Swampert|Liquidation|p2a: Yveltal
|-damage|p2a: Yveltal|36/100
|move|p2a: Yveltal|Defog|p1a: Swampert
|-unboost|p1a: Swampert|evasion|1
|-sideend|p2: Clausura|Stealth Rock|[from] move: Defog|[of] p2a: Yveltal
|
|-weather|RainDance|[upkeep]
|upkeep
|turn|5
|inactive|Naofumi_Bakugo_Jax has 120 seconds left.
|
|t:|1662764559
|move|p1a: Swampert|Liquidation|p2a: Yveltal
|-damage|p2a: Yveltal|0 fnt
|faint|p2a: Yveltal
|
|-weather|none
|upkeep
|
|t:|1662764560
|switch|p2a: Rayquaza|Rayquaza|100/100
|-ability|p2a: Rayquaza|Air Lock
|turn|6
|inactive|Naofumi_Bakugo_Jax has 120 seconds left.
|
|t:|1662764570
|detailschange|p2a: Rayquaza|Rayquaza-Mega
|-mega|p2a: Rayquaza|Rayquaza|
|-weather|DeltaStream|[from] ability: Delta Stream|[of] p2a: Rayquaza
|move|p2a: Rayquaza|Dragon Ascent|p1a: Swampert
|-damage|p1a: Swampert|0 fnt
|-unboost|p2a: Rayquaza|def|1
|-unboost|p2a: Rayquaza|spd|1
|faint|p1a: Swampert
|
|-weather|DeltaStream|[upkeep]
|upkeep
|inactive|Naofumi_Bakugo_Jax has 120 seconds left.
|
|t:|1662764588
|switch|p1a: Arceus|Arceus|100/100
|turn|7
|j| LGH.STAR
|
|t:|1662764596
|-weather|none
|switch|p2a: Marshadow|Marshadow|100/100
|move|p1a: Arceus|Tailwind|p1a: Arceus
|-sidestart|p1: Naofumi_Bakugo_Jax|move: Tailwind
|
|upkeep
|turn|8
|inactive|Naofumi_Bakugo_Jax has 120 seconds left.
|
|t:|1662764621
|move|p1a: Arceus|Reflect|p1a: Arceus
|-sidestart|p1: Naofumi_Bakugo_Jax|Reflect
|move|p2a: Marshadow|Close Combat|p1a: Arceus
|-supereffective|p1a: Arceus
|-damage|p1a: Arceus|62/100
|-unboost|p2a: Marshadow|def|1
|-unboost|p2a: Marshadow|spd|1
|
|upkeep
|turn|9
|l| smoolic alt
|j| alpnjjnle
|inactive|Naofumi_Bakugo_Jax has 120 seconds left.
|inactive|Clausura has 120 seconds left.
|inactive|Naofumi_Bakugo_Jax has 90 seconds left.
|
|t:|1662764662
|switch|p1a: Yveltal|Yveltal, shiny|100/100
|-ability|p1a: Yveltal|Dark Aura
|switch|p2a: Calyrex|Calyrex-Shadow|100/100
|-ability|p2a: Calyrex|As One
|-ability|p2a: Calyrex|Unnerve
|
|upkeep
|turn|10
|inactive|Naofumi_Bakugo_Jax has 90 seconds left.
|inactive|Naofumi_Bakugo_Jax has 60 seconds left.
|
|t:|1662764706
|switch|p2a: Arceus|Arceus|100/100
|move|p1a: Yveltal|Dark Pulse|p2a: Arceus
|-damage|p2a: Arceus|60/100
|
|-sideend|p1: Naofumi_Bakugo_Jax|move: Tailwind
|upkeep
|turn|11
|
|t:|1662764717
|-start|p2a: Arceus|Dynamax|
|-heal|p2a: Arceus|60/100|[silent]
|move|p1a: Yveltal|Dark Pulse|p2a: Arceus
|-damage|p2a: Arceus|38/100
|move|p2a: Arceus|Max Strike|p1a: Yveltal
|-crit|p1a: Yveltal
|-damage|p1a: Yveltal|0 fnt
|faint|p1a: Yveltal
|
|upkeep
|inactive|Naofumi_Bakugo_Jax has 60 seconds left.
|
|t:|1662764749
|switch|p1a: Zacian|Zacian-Crowned|100/100
|-ability|p1a: Zacian|Intrepid Sword|boost
|-boost|p1a: Zacian|atk|1
|turn|12
|
|t:|1662764751
|move|p1a: Zacian|Behemoth Blade|p2a: Arceus
|-damage|p2a: Arceus|0 fnt
|faint|p2a: Arceus
|
|upkeep
|
|t:|1662764754
|switch|p2a: Marshadow|Marshadow|100/100
|turn|13
|inactive|Naofumi_Bakugo_Jax has 60 seconds left.
|
|t:|1662764770
|switch|p1a: Arceus|Arceus|62/100
|move|p2a: Marshadow|Spectral Thief|p1a: Arceus
|-immune|p1a: Arceus
|
|upkeep
|turn|14
|
|t:|1662764776
|move|p2a: Marshadow|Close Combat|p1a: Arceus
|-supereffective|p1a: Arceus
|-damage|p1a: Arceus|20/100
|-unboost|p2a: Marshadow|def|1
|-unboost|p2a: Marshadow|spd|1
|move|p1a: Arceus|Tailwind|p1a: Arceus
|-sidestart|p1: Naofumi_Bakugo_Jax|move: Tailwind
|
|upkeep
|turn|15
|inactive|Naofumi_Bakugo_Jax has 60 seconds left.
|
|t:|1662764813
|switch|p1a: Kyogre|Kyogre|100/100
|-weather|RainDance|[from] ability: Drizzle|[of] p1a: Kyogre
|move|p2a: Marshadow|Rock Tomb|p1a: Kyogre
|-damage|p1a: Kyogre|85/100
|-unboost|p1a: Kyogre|spe|1
|
|-weather|RainDance|[upkeep]
|-sideend|p1: Naofumi_Bakugo_Jax|Reflect
|upkeep
|turn|16
|inactive|Naofumi_Bakugo_Jax has 30 seconds left.
|
|t:|1662764838
|switch|p2a: Rayquaza|Rayquaza-Mega|100/100
|-weather|DeltaStream|[from] ability: Delta Stream|[of] p2a: Rayquaza
|move|p1a: Kyogre|Brine|p2a: Rayquaza
|-resisted|p2a: Rayquaza
|-damage|p2a: Rayquaza|83/100
|
|-weather|DeltaStream|[upkeep]
|upkeep
|turn|17
|inactive|Naofumi_Bakugo_Jax has 30 seconds left.
|
|t:|1662764852
|-start|p1a: Kyogre|Dynamax|
|-heal|p1a: Kyogre|85/100|[silent]
|move|p2a: Rayquaza|Earthquake|p1a: Kyogre
|-damage|p1a: Kyogre|59/100
|move|p1a: Kyogre|Max Hailstorm|p2a: Rayquaza
|-activate||deltastream
|-supereffective|p2a: Rayquaza
|-damage|p2a: Rayquaza|0 fnt
|-weather|Hail
|faint|p2a: Rayquaza
|
|-weather|Hail|[upkeep]
|-damage|p1a: Kyogre|55/100|[from] Hail
|-sideend|p1: Naofumi_Bakugo_Jax|move: Tailwind
|upkeep
|
|t:|1662764856
|switch|p2a: Calyrex|Calyrex-Shadow|100/100
|-ability|p2a: Calyrex|As One
|-ability|p2a: Calyrex|Unnerve
|turn|18
|
|t:|1662764864
|switch|p2a: Marshadow|Marshadow|100/100
|move|p1a: Kyogre|Max Geyser|p2a: Marshadow
|-damage|p2a: Marshadow|15/100
|-weather|RainDance
|
|-weather|RainDance|[upkeep]
|upkeep
|turn|19
|
|t:|1662764883
|move|p2a: Marshadow|Close Combat|p1a: Kyogre
|-damage|p1a: Kyogre|23/100
|-unboost|p2a: Marshadow|def|1
|-unboost|p2a: Marshadow|spd|1
|move|p1a: Kyogre|Max Geyser|p2a: Marshadow
|-damage|p2a: Marshadow|0 fnt
|faint|p2a: Marshadow
|
|-weather|RainDance|[upkeep]
|upkeep
|
|t:|1662764897
|switch|p2a: Calyrex|Calyrex-Shadow|100/100
|-ability|p2a: Calyrex|As One
|-ability|p2a: Calyrex|Unnerve
|-end|p1a: Kyogre|Dynamax
|-heal|p1a: Kyogre|23/100|[silent]
|turn|20
|
|t:|1662764916
|switch|p1a: Arceus|Arceus|20/100
|move|p2a: Calyrex|Astral Barrage|p1a: Arceus
|-immune|p1a: Arceus
|
|-weather|RainDance|[upkeep]
|upkeep
|turn|21
|
|t:|1662764921
|move|p2a: Calyrex|Psyshock|p1a: Arceus
|-damage|p1a: Arceus|0 fnt
|faint|p1a: Arceus
|-ability|p2a: Calyrex|Grim Neigh|boost
|-boost|p2a: Calyrex|spa|1
|
|-weather|RainDance|[upkeep]
|upkeep
|
|t:|1662764933
|switch|p1a: Kyogre|Kyogre|23/100
|turn|22
|
|t:|1662764939
|move|p1a: Kyogre|Brine|p2a: Calyrex
|-damage|p2a: Calyrex|48/100
|move|p2a: Calyrex|Draining Kiss|p1a: Kyogre
|-damage|p1a: Kyogre|0 fnt
|-heal|p2a: Calyrex|65/100|[from] drain|[of] p1a: Kyogre
|faint|p1a: Kyogre
|-ability|p2a: Calyrex|Grim Neigh|boost
|-boost|p2a: Calyrex|spa|1
|
|-weather|none
|upkeep
|
|t:|1662764948
|switch|p1a: Calyrex|Calyrex-Shadow|100/100
|-ability|p1a: Calyrex|As One
|-ability|p1a: Calyrex|Unnerve
|turn|23
|
|t:|1662764954
|move|p2a: Calyrex|Astral Barrage|p1a: Calyrex
|-supereffective|p1a: Calyrex
|-enditem|p1a: Calyrex|Focus Sash
|-damage|p1a: Calyrex|1/100
|move|p1a: Calyrex|Astral Barrage|p2a: Calyrex
|-supereffective|p2a: Calyrex
|-damage|p2a: Calyrex|0 fnt
|faint|p2a: Calyrex
|
|win|Naofumi_Bakugo_Jax
|raw|Naofumi_Bakugo_Jax's rating: 1640 &rarr; <strong>1666</strong><br />(+26 for winning)
|raw|Clausura's rating: 1753 &rarr; <strong>1727</strong><br />(-26 for losing)
|l|☆Clausura
|l| LGH.STAR
||Ladder isn't responding, score probably updated but might not have (Request timeout).
|l| alpnjjnle
