|j|☆iroeweuio
|j|☆Ahuehuehue
|t:|1662433835
|gametype|singles
|player|p1|iroeweuio|2|1618
|player|p2|Ahuehuehue|265|1724
|teamsize|p1|6
|teamsize|p2|6
|gen|8
|tier|[Gen 8] National Dex AG
|rated|
|rule|HP Percentage Mod: HP is shown in percentages
|rule|Endless Battle Clause: Forcing endless battles is banned
|clearpoke
|poke|p1|Chatot, F|
|poke|p1|Weavile, F|
|poke|p1|Giratina-Origin|
|poke|p1|Ditto|
|poke|p1|Breloom, F|
|poke|p1|Wobbuffet, M|
|poke|p2|Ho-Oh|
|poke|p2|Groudon|
|poke|p2|Arceus-*|
|poke|p2|Rayquaza|
|poke|p2|Calyrex-Shadow|
|poke|p2|Arceus-*|
|teampreview
|inactive|Battle timer is ON: inactive players will automatically lose when time's up. (requested by iroeweuio)
|j| JustAnotherTRNR
|
|t:|1662433876
|start
|switch|p1a: Weavile|Weavile, F|100/100
|switch|p2a: Arceus|Arceus|100/100
|-ability|p1a: Weavile|Pressure
|turn|1
|l| JustAnotherTRNR
|
|t:|1662433889
|switch|p1a: Giratina|Giratina-Origin|100/100
|move|p2a: Arceus|Swords Dance|p2a: Arceus
|-boost|p2a: Arceus|atk|2
|
|upkeep
|turn|2
|
|t:|1662433900
|switch|p2a: IMMORTAL PHOENIX|Ho-Oh, shiny|100/100
|-start|p1a: Giratina|Dynamax|
|-heal|p1a: Giratina|100/100|[silent]
|move|p1a: Giratina|Max Airstream|p2a: IMMORTAL PHOENIX
|-damage|p2a: IMMORTAL PHOENIX|59/100
|-boost|p1a: Giratina|spe|1
|
|upkeep
|turn|3
|
|t:|1662433908
|switch|p2a: Arceus|Arceus|100/100
|move|p1a: Giratina|Max Phantasm|p2a: Arceus
|-immune|p2a: Arceus
|
|upkeep
|turn|4
|
|t:|1662433912
|switch|p2a: IMMORTAL PHOENIX|Ho-Oh, shiny|92/100
|move|p1a: Giratina|Max Wyrmwind|p2a: IMMORTAL PHOENIX
|-damage|p2a: IMMORTAL PHOENIX|37/100
|-unboost|p2a: IMMORTAL PHOENIX|atk|1
|
|upkeep
|-end|p1a: Giratina|Dynamax
|-heal|p1a: Giratina|100/100|[silent]
|turn|5
|
|t:|1662433918
|switch|p2a: GOD OR DOG|Arceus-Ground|100/100
|move|p1a: Giratina|Dragon Tail|p2a: GOD OR DOG
|-damage|p2a: GOD OR DOG|82/100
|drag|p2a: Arceus|Arceus|100/100
|
|upkeep
|turn|6
|
|t:|1662433929
|move|p2a: Arceus|Swords Dance|p2a: Arceus
|-boost|p2a: Arceus|atk|2
|move|p1a: Giratina|Dragon Tail|p2a: Arceus
|-damage|p2a: Arceus|78/100
|drag|p2a: COVID|Rayquaza|100/100
|-ability|p2a: COVID|Air Lock
|
|upkeep
|turn|7
|
|t:|1662433935
|switch|p2a: IMMORTAL PHOENIX|Ho-Oh, shiny|70/100
|move|p1a: Giratina|Shadow Force||[still]
|-prepare|p1a: Giratina|Shadow Force
|
|upkeep
|turn|8
|
|t:|1662433945
|move|p1a: Giratina|Shadow Force|p2a: IMMORTAL PHOENIX|[from]lockedmove
|-damage|p2a: IMMORTAL PHOENIX|1/100
|move|p2a: IMMORTAL PHOENIX|Toxic|p1a: Giratina
|-status|p1a: Giratina|tox
|
|-damage|p1a: Giratina|94/100 tox|[from] psn
|upkeep
|turn|9
|
|t:|1662433951
|switch|p2a: Arceus|Arceus|78/100
|move|p1a: Giratina|Dragon Tail|p2a: Arceus
|-damage|p2a: Arceus|56/100
|drag|p2a: SANIC|Groudon|100/100
|detailschange|p2a: SANIC|Groudon-Primal
|-primal|p2a: SANIC
|-weather|DesolateLand|[from] ability: Desolate Land|[of] p2a: SANIC
|
|-weather|DesolateLand|[upkeep]
|-damage|p1a: Giratina|82/100 tox|[from] psn
|upkeep
|turn|10
|
|t:|1662433959
|-weather|none
|switch|p2a: IMMORTAL PHOENIX|Ho-Oh, shiny|34/100
|move|p1a: Giratina|Dragon Tail|p2a: IMMORTAL PHOENIX|[miss]
|-miss|p1a: Giratina|p2a: IMMORTAL PHOENIX
|
|-damage|p1a: Giratina|64/100 tox|[from] psn
|upkeep
|turn|11
|
|t:|1662433965
|move|p2a: IMMORTAL PHOENIX|Roost|p2a: IMMORTAL PHOENIX
|-heal|p2a: IMMORTAL PHOENIX|85/100
|-singleturn|p2a: IMMORTAL PHOENIX|move: Roost
|move|p1a: Giratina|Dragon Tail|p2a: IMMORTAL PHOENIX
|-damage|p2a: IMMORTAL PHOENIX|55/100
|drag|p2a: GOD OR DOG|Arceus-Ground|82/100
|
|-damage|p1a: Giratina|39/100 tox|[from] psn
|upkeep
|turn|12
|
|t:|1662433970
|switch|p2a: IMMORTAL PHOENIX|Ho-Oh, shiny|89/100
|move|p1a: Giratina|Destiny Bond|p1a: Giratina
|-singlemove|p1a: Giratina|Destiny Bond
|
|-damage|p1a: Giratina|9/100 tox|[from] psn
|upkeep
|turn|13
|
|t:|1662433978
|move|p2a: IMMORTAL PHOENIX|Roost|p2a: IMMORTAL PHOENIX
|-heal|p2a: IMMORTAL PHOENIX|100/100
|-singleturn|p2a: IMMORTAL PHOENIX|move: Roost
|move|p1a: Giratina|Dragon Tail|p2a: IMMORTAL PHOENIX|[miss]
|-miss|p1a: Giratina|p2a: IMMORTAL PHOENIX
|
|-damage|p1a: Giratina|0 fnt|[from] psn
|faint|p1a: Giratina
|upkeep
|
|t:|1662433981
|switch|p1a: Weavile|Weavile, F|100/100
|-ability|p1a: Weavile|Pressure
|turn|14
|
|t:|1662433988
|move|p1a: Weavile|Assist|p1a: Weavile
|move|p1a: Weavile|Spore|p2a: IMMORTAL PHOENIX|[from]move: Assist
|-status|p2a: IMMORTAL PHOENIX|slp|[from] move: Spore
|cant|p2a: IMMORTAL PHOENIX|slp
|
|upkeep
|turn|15
|
|t:|1662433991
|move|p1a: Weavile|Substitute|p1a: Weavile
|-start|p1a: Weavile|Substitute
|-damage|p1a: Weavile|76/100
|cant|p2a: IMMORTAL PHOENIX|slp
|
|-heal|p1a: Weavile|82/100|[from] item: Leftovers
|upkeep
|turn|16
|
|t:|1662433995
|move|p1a: Weavile|Swords Dance|p1a: Weavile
|-boost|p1a: Weavile|atk|2
|cant|p2a: IMMORTAL PHOENIX|slp
|
|-heal|p1a: Weavile|88/100|[from] item: Leftovers
|upkeep
|turn|17
|
|t:|1662433997
|move|p1a: Weavile|Triple Axel|p2a: IMMORTAL PHOENIX
|-damage|p2a: IMMORTAL PHOENIX|82/100 slp
|-damage|p2a: IMMORTAL PHOENIX|45/100 slp
|-damage|p2a: IMMORTAL PHOENIX|0 fnt
|faint|p2a: IMMORTAL PHOENIX
|-hitcount|p2: IMMORTAL PHOENIX|3
|
|-heal|p1a: Weavile|94/100|[from] item: Leftovers
|upkeep
|
|t:|1662434011
|switch|p2a: Arceus|Arceus|56/100
|turn|18
|
|t:|1662434013
|move|p2a: Arceus|Extreme Speed|p1a: Weavile
|-end|p1a: Weavile|Substitute
|move|p1a: Weavile|Assist|p1a: Weavile
|move|p1a: Weavile|Spore|p2a: Arceus|[from]move: Assist
|-status|p2a: Arceus|slp|[from] move: Spore
|
|-heal|p1a: Weavile|99/100|[from] item: Leftovers
|-heal|p2a: Arceus|62/100 slp|[from] item: Leftovers
|upkeep
|turn|19
|
|t:|1662434016
|cant|p2a: Arceus|slp
|move|p1a: Weavile|Substitute|p1a: Weavile
|-start|p1a: Weavile|Substitute
|-damage|p1a: Weavile|75/100
|
|-heal|p1a: Weavile|81/100|[from] item: Leftovers
|-heal|p2a: Arceus|68/100 slp|[from] item: Leftovers
|upkeep
|turn|20
|
|t:|1662434018
|cant|p2a: Arceus|slp
|move|p1a: Weavile|Triple Axel|p2a: Arceus
|-damage|p2a: Arceus|53/100 slp
|-damage|p2a: Arceus|29/100 slp
|-hitcount|p2a: Arceus|2
|
|-heal|p1a: Weavile|87/100|[from] item: Leftovers
|-heal|p2a: Arceus|35/100 slp|[from] item: Leftovers
|upkeep
|turn|21
|
|t:|1662434021
|-curestatus|p2a: Arceus|slp|[msg]
|move|p2a: Arceus|Extreme Speed|p1a: Weavile
|-end|p1a: Weavile|Substitute
|move|p1a: Weavile|Assist|p1a: Weavile
|move|p1a: Weavile|Spore|p2a: Arceus|[from]move: Assist
|-status|p2a: Arceus|slp|[from] move: Spore
|
|-heal|p1a: Weavile|93/100|[from] item: Leftovers
|-heal|p2a: Arceus|41/100 slp|[from] item: Leftovers
|upkeep
|turn|22
|
|t:|1662434023
|cant|p2a: Arceus|slp
|move|p1a: Weavile|Substitute|p1a: Weavile
|-start|p1a: Weavile|Substitute
|-damage|p1a: Weavile|68/100
|
|-heal|p1a: Weavile|74/100|[from] item: Leftovers
|-heal|p2a: Arceus|47/100 slp|[from] item: Leftovers
|upkeep
|turn|23
|
|t:|1662434027
|cant|p2a: Arceus|slp
|move|p1a: Weavile|Triple Axel|p2a: Arceus
|-damage|p2a: Arceus|35/100 slp
|-damage|p2a: Arceus|10/100 slp
|-damage|p2a: Arceus|0 fnt
|faint|p2a: Arceus
|-hitcount|p2: Arceus|3
|
|-heal|p1a: Weavile|80/100|[from] item: Leftovers
|upkeep
|
|t:|1662434035
|switch|p2a: COVID|Rayquaza|100/100
|-ability|p2a: COVID|Air Lock
|turn|24
|
|t:|1662434037
|detailschange|p2a: COVID|Rayquaza-Mega
|-mega|p2a: COVID|Rayquaza|
|-weather|DeltaStream|[from] ability: Delta Stream|[of] p2a: COVID
|move|p2a: COVID|Extreme Speed|p1a: Weavile
|-end|p1a: Weavile|Substitute
|-damage|p2a: COVID|91/100|[from] item: Life Orb
|move|p1a: Weavile|Assist|p1a: Weavile
|move|p1a: Weavile|Spore|p2a: COVID|[from]move: Assist
|-status|p2a: COVID|slp|[from] move: Spore
|
|-weather|DeltaStream|[upkeep]
|-heal|p1a: Weavile|86/100|[from] item: Leftovers
|upkeep
|turn|25
|
|t:|1662434041
|cant|p2a: COVID|slp
|move|p1a: Weavile|Triple Axel|p2a: COVID|[miss]
|-miss|p1a: Weavile|p2a: COVID
|
|-weather|DeltaStream|[upkeep]
|-heal|p1a: Weavile|92/100|[from] item: Leftovers
|upkeep
|turn|26
|
|t:|1662434045
|cant|p2a: COVID|slp
|move|p1a: Weavile|Triple Axel|p2a: COVID
|-activate||deltastream
|-supereffective|p2a: COVID
|-damage|p2a: COVID|53/100 slp
|-activate||deltastream
|-supereffective|p2a: COVID
|-damage|p2a: COVID|0 fnt
|faint|p2a: COVID
|-weather|none
|-hitcount|p2: COVID|2
|
|-heal|p1a: Weavile|98/100|[from] item: Leftovers
|upkeep
|
|t:|1662434054
|switch|p2a: GOD OR DOG|Arceus-Ground|82/100
|turn|27
|
|t:|1662434056
|move|p1a: Weavile|Substitute|p1a: Weavile
|-start|p1a: Weavile|Substitute
|-damage|p1a: Weavile|73/100
|move|p2a: GOD OR DOG|Judgment|p1a: Weavile
|-end|p1a: Weavile|Substitute
|
|-heal|p1a: Weavile|80/100|[from] item: Leftovers
|upkeep
|turn|28
|
|t:|1662434058
|move|p1a: Weavile|Assist|p1a: Weavile
|move|p1a: Weavile|Spore|p2a: GOD OR DOG|[from]move: Assist
|-status|p2a: GOD OR DOG|slp|[from] move: Spore
|cant|p2a: GOD OR DOG|slp
|
|-heal|p1a: Weavile|86/100|[from] item: Leftovers
|upkeep
|turn|29
|
|t:|1662434060
|move|p1a: Weavile|Substitute|p1a: Weavile
|-start|p1a: Weavile|Substitute
|-damage|p1a: Weavile|61/100
|cant|p2a: GOD OR DOG|slp
|
|-heal|p1a: Weavile|67/100|[from] item: Leftovers
|upkeep
|turn|30
|
|t:|1662434061
|move|p1a: Weavile|Triple Axel|p2a: GOD OR DOG|[miss]
|-miss|p1a: Weavile|p2a: GOD OR DOG
|-curestatus|p2a: GOD OR DOG|slp|[msg]
|move|p2a: GOD OR DOG|Judgment|p1a: Weavile
|-end|p1a: Weavile|Substitute
|
|-heal|p1a: Weavile|73/100|[from] item: Leftovers
|upkeep
|turn|31
|
|t:|1662434064
|move|p1a: Weavile|Assist|p1a: Weavile
|move|p1a: Weavile|Spore|p2a: GOD OR DOG|[from]move: Assist
|-status|p2a: GOD OR DOG|slp|[from] move: Spore
|cant|p2a: GOD OR DOG|slp
|
|-heal|p1a: Weavile|79/100|[from] item: Leftovers
|upkeep
|turn|32
|
|t:|1662434065
|move|p1a: Weavile|Substitute|p1a: Weavile
|-start|p1a: Weavile|Substitute
|-damage|p1a: Weavile|54/100
|cant|p2a: GOD OR DOG|slp
|
|-heal|p1a: Weavile|60/100|[from] item: Leftovers
|upkeep
|turn|33
|
|t:|1662434067
|move|p1a: Weavile|Triple Axel|p2a: GOD OR DOG|[miss]
|-miss|p1a: Weavile|p2a: GOD OR DOG
|cant|p2a: GOD OR DOG|slp
|
|-heal|p1a: Weavile|66/100|[from] item: Leftovers
|upkeep
|turn|34
|
|t:|1662434069
|move|p1a: Weavile|Triple Axel|p2a: GOD OR DOG
|-supereffective|p2a: GOD OR DOG
|-damage|p2a: GOD OR DOG|63/100 slp
|-supereffective|p2a: GOD OR DOG
|-damage|p2a: GOD OR DOG|20/100 slp
|-supereffective|p2a: GOD OR DOG
|-damage|p2a: GOD OR DOG|0 fnt
|faint|p2a: GOD OR DOG
|-hitcount|p2: GOD OR DOG|3
|
|-heal|p1a: Weavile|72/100|[from] item: Leftovers
|upkeep
|
|t:|1662434072
|switch|p2a: SANIC|Groudon-Primal|100/100
|-weather|DesolateLand|[from] ability: Desolate Land|[of] p2a: SANIC
|turn|35
|
|t:|1662434074
|move|p1a: Weavile|Assist|p1a: Weavile
|move|p1a: Weavile|Spore|p2a: SANIC|[from]move: Assist
|-status|p2a: SANIC|slp|[from] move: Spore
|cant|p2a: SANIC|slp
|
|-weather|DesolateLand|[upkeep]
|-heal|p1a: Weavile|78/100|[from] item: Leftovers
|upkeep
|turn|36
|
|t:|1662434076
|move|p1a: Weavile|Swords Dance|p1a: Weavile
|-boost|p1a: Weavile|atk|2
|cant|p2a: SANIC|slp
|
|-weather|DesolateLand|[upkeep]
|-heal|p1a: Weavile|84/100|[from] item: Leftovers
|upkeep
|turn|37
|
|t:|1662434078
|move|p1a: Weavile|Swords Dance|p1a: Weavile
|-boost|p1a: Weavile|atk|2
|cant|p2a: SANIC|slp
|
|-weather|DesolateLand|[upkeep]
|-heal|p1a: Weavile|90/100|[from] item: Leftovers
|upkeep
|turn|38
|
|t:|1662434079
|move|p1a: Weavile|Triple Axel|p2a: SANIC
|-crit|p2a: SANIC
|-damage|p2a: SANIC|68/100 slp
|-damage|p2a: SANIC|24/100 slp
|-damage|p2a: SANIC|0 fnt
|faint|p2a: SANIC
|-weather|none
|-hitcount|p2: SANIC|3
|
|-heal|p1a: Weavile|96/100|[from] item: Leftovers
|upkeep
|-message|Ahuehuehue forfeited.
|
|win|iroeweuio
|raw|iroeweuio's rating: 1618 &rarr; <strong>1644</strong><br />(+26 for winning)
|raw|Ahuehuehue's rating: 1724 &rarr; <strong>1698</strong><br />(-26 for losing)
|l|☆Ahuehuehue
||Ladder isn't responding, score probably updated but might not have (Request timeout).
