|j|☆RUiNtheExtinct
|j|☆Count Karnstein
|t:|1637167619
|gametype|singles
|player|p1|RUiNtheExtinct|red-gen7|1744
|player|p2|Count Karnstein|ingo|1617
|teamsize|p1|6
|teamsize|p2|6
|gen|8
|tier|[Gen 8] National Dex AG
|rated|
|rule|HP Percentage Mod: HP is shown in percentages
|rule|Endless Battle Clause: Forcing endless battles is banned
|clearpoke
|poke|p1|Deoxys-Speed|
|poke|p1|Rayquaza|
|poke|p1|Calyrex-Shadow|
|poke|p1|Ditto|
|poke|p1|Arceus-*|
|poke|p1|Yveltal|
|poke|p2|Shedinja|
|poke|p2|Zacian-*|
|poke|p2|Arceus-*|
|poke|p2|Zacian-*|
|poke|p2|Necrozma-Dusk-Mane|
|poke|p2|Smeargle, M|
|teampreview
|inactive|Battle timer is ON: inactive players will automatically lose when time's up. (requested by RUiNtheExtinct)
|
|t:|1637167664
|start
|switch|p1a: Deoxys|Deoxys-Speed|100/100
|switch|p2a: Necrozma|Necrozma-Dusk-Mane|100/100
|-ability|p1a: Deoxys|Pressure
|turn|1
|
|t:|1637167674
|move|p1a: Deoxys|Stealth Rock|p2a: Necrozma
|-sidestart|p2: Count Karnstein|move: Stealth Rock
|move|p2a: Necrozma|Knock Off|p1a: Deoxys
|-supereffective|p1a: Deoxys
|-damage|p1a: Deoxys|21/100
|-enditem|p1a: Deoxys|Focus Sash|[from] move: Knock Off|[of] p2a: Necrozma
|
|upkeep
|turn|2
|
|t:|1637167681
|move|p1a: Deoxys|Knock Off|p2a: Necrozma
|-supereffective|p2a: Necrozma
|-damage|p2a: Necrozma|79/100
|-enditem|p2a: Necrozma|Safety Goggles|[from] move: Knock Off|[of] p1a: Deoxys
|move|p2a: Necrozma|Stealth Rock|p1a: Deoxys
|-sidestart|p1: RUiNtheExtinct|move: Stealth Rock
|
|upkeep
|turn|3
|
|t:|1637167690
|move|p1a: Deoxys|Knock Off|p2a: Necrozma
|-supereffective|p2a: Necrozma
|-damage|p2a: Necrozma|66/100
|move|p2a: Necrozma|Knock Off|p1a: Deoxys
|-supereffective|p1a: Deoxys
|-damage|p1a: Deoxys|0 fnt
|faint|p1a: Deoxys
|
|upkeep
|
|t:|1637167698
|switch|p1a: Yveltal|Yveltal|100/100
|-damage|p1a: Yveltal|76/100|[from] Stealth Rock
|-ability|p1a: Yveltal|Dark Aura
|turn|4
|
|t:|1637167704
|move|p1a: Yveltal|Dark Pulse|p2a: Necrozma
|-supereffective|p2a: Necrozma
|-damage|p2a: Necrozma|0 fnt
|faint|p2a: Necrozma
|-damage|p1a: Yveltal|66/100|[from] item: Life Orb
|
|upkeep
|
|t:|1637167713
|switch|p2a: Zacian|Zacian-Crowned|100/100
|-damage|p2a: Zacian|94/100|[from] Stealth Rock
|-ability|p2a: Zacian|Intrepid Sword|boost
|-boost|p2a: Zacian|atk|1
|turn|5
|
|t:|1637167723
|move|p2a: Zacian|Behemoth Blade|p1a: Yveltal
|-damage|p1a: Yveltal|0 fnt
|faint|p1a: Yveltal
|
|upkeep
|
|t:|1637167731
|switch|p1a: Ditto|Ditto|100/100
|-damage|p1a: Ditto|88/100|[from] Stealth Rock
|-transform|p1a: Ditto|p2a: Zacian|[from] ability: Imposter
|-ability|p1a: Ditto|Intrepid Sword|boost
|-boost|p1a: Ditto|atk|1
|turn|6
|
|t:|1637167739
|switch|p2a: Shedinja|Shedinja|100/100
|move|p1a: Ditto|Behemoth Blade|p2a: Shedinja
|-immune|p2a: Shedinja|[from] ability: Wonder Guard
|
|upkeep
|turn|7
|
|t:|1637167754
|switch|p1a: Rayquaza|Rayquaza|100/100
|-damage|p1a: Rayquaza|76/100|[from] Stealth Rock
|-ability|p1a: Rayquaza|Air Lock
|move|p2a: Shedinja|Toxic|p1a: Rayquaza
|-status|p1a: Rayquaza|tox
|
|-damage|p1a: Rayquaza|70/100 tox|[from] psn
|upkeep
|turn|8
|
|t:|1637167764
|detailschange|p1a: Rayquaza|Rayquaza-Mega
|-mega|p1a: Rayquaza|Rayquaza|
|-weather|DeltaStream|[from] ability: Delta Stream|[of] p1a: Rayquaza
|move|p2a: Shedinja|Endure|p2a: Shedinja
|-singleturn|p2a: Shedinja|move: Endure
|move|p1a: Rayquaza|Dragon Dance|p1a: Rayquaza
|-boost|p1a: Rayquaza|atk|1
|-boost|p1a: Rayquaza|spe|1
|
|-weather|DeltaStream|[upkeep]
|-damage|p1a: Rayquaza|58/100 tox|[from] psn
|upkeep
|turn|9
|
|t:|1637167775
|switch|p2a: Smeargle|Smeargle, M|100/100
|-damage|p2a: Smeargle|88/100|[from] Stealth Rock
|move|p1a: Rayquaza|Dragon Ascent|p2a: Smeargle
|-damage|p2a: Smeargle|0 fnt
|-unboost|p1a: Rayquaza|def|1
|-unboost|p1a: Rayquaza|spd|1
|faint|p2a: Smeargle
|-damage|p1a: Rayquaza|48/100 tox|[from] item: Life Orb
|
|-weather|DeltaStream|[upkeep]
|-damage|p1a: Rayquaza|30/100 tox|[from] psn
|upkeep
|
|t:|1637167787
|switch|p2a: Shedinja|Shedinja|100/100
|turn|10
|
|t:|1637167794
|move|p2a: Shedinja|Endure|p2a: Shedinja
|-singleturn|p2a: Shedinja|move: Endure
|move|p1a: Rayquaza|Dragon Ascent|p2a: Shedinja
|-supereffective|p2a: Shedinja
|-activate|p2a: Shedinja|move: Endure
|-damage|p2a: Shedinja|100/100
|-unboost|p1a: Rayquaza|def|1
|-unboost|p1a: Rayquaza|spd|1
|-damage|p1a: Rayquaza|20/100 tox|[from] item: Life Orb
|
|-weather|DeltaStream|[upkeep]
|-damage|p1a: Rayquaza|0 fnt|[from] psn
|faint|p1a: Rayquaza
|-weather|none
|upkeep
|
|t:|1637167806
|switch|p1a: Ditto|Ditto|88/100
|-damage|p1a: Ditto|76/100|[from] Stealth Rock
|-transform|p1a: Ditto|p2a: Shedinja|[from] ability: Imposter
|turn|11
|
|t:|1637167823
|switch|p2a: Zacian|Zacian-Crowned|94/100
|-damage|p2a: Zacian|88/100|[from] Stealth Rock
|-ability|p2a: Zacian|Intrepid Sword|boost
|-boost|p2a: Zacian|atk|1
|move|p1a: Ditto|Shadow Sneak|p2a: Zacian
|-damage|p2a: Zacian|73/100
|
|upkeep
|turn|12
|
|t:|1637167834
|move|p1a: Ditto|Shadow Sneak|p2a: Zacian
|-crit|p2a: Zacian
|-damage|p2a: Zacian|46/100
|move|p2a: Zacian|Behemoth Blade|p1a: Ditto
|-immune|p1a: Ditto|[from] ability: Wonder Guard
|
|upkeep
|turn|13
|
|t:|1637167845
|switch|p2a: Arceus|Arceus-Ground|100/100
|-damage|p2a: Arceus|94/100|[from] Stealth Rock
|move|p1a: Ditto|Shadow Sneak|p2a: Arceus
|-damage|p2a: Arceus|81/100
|
|upkeep
|turn|14
|
|t:|1637167856
|switch|p1a: Arceus|Arceus-Steel|100/100
|-damage|p1a: Arceus|94/100|[from] Stealth Rock
|move|p2a: Arceus|Earth Power|p1a: Arceus
|-supereffective|p1a: Arceus
|-damage|p1a: Arceus|26/100
|
|upkeep
|turn|15
|
|t:|1637167867
|move|p2a: Arceus|Earth Power|p1a: Arceus
|-supereffective|p1a: Arceus
|-damage|p1a: Arceus|0 fnt
|faint|p1a: Arceus
|
|upkeep
|
|t:|1637167872
|switch|p1a: Calyrex|Calyrex-Shadow|100/100
|-ability|p1a: Calyrex|As One
|-ability|p1a: Calyrex|Unnerve
|-damage|p1a: Calyrex|88/100|[from] Stealth Rock
|turn|16
|
|t:|1637167881
|-start|p1a: Calyrex|Dynamax
|-heal|p1a: Calyrex|88/100|[silent]
|-start|p2a: Arceus|Dynamax
|-heal|p2a: Arceus|81/100|[silent]
|move|p1a: Calyrex|Max Phantasm|p2a: Arceus
|-damage|p2a: Arceus|49/100
|-unboost|p2a: Arceus|def|1
|move|p2a: Arceus|Max Quake|p1a: Calyrex
|-damage|p1a: Calyrex|50/100
|-boost|p2a: Arceus|spd|1
|
|upkeep
|turn|17
|
|t:|1637167907
|move|p2a: Arceus|Max Guard|p2a: Arceus
|-singleturn|p2a: Arceus|Max Guard
|move|p1a: Calyrex|Max Mindstorm|p2a: Arceus
|-activate|p2a: Arceus|move: Max Guard
|
|upkeep
|turn|18
|
|t:|1637167915
|-end|p2a: Arceus|Dynamax
|-heal|p2a: Arceus|49/100|[silent]
|switch|p2a: Shedinja|Shedinja|100/100
|move|p1a: Calyrex|Max Mindstorm|p2a: Shedinja
|-immune|p2a: Shedinja|[from] ability: Wonder Guard
|
|-end|p1a: Calyrex|Dynamax
|-heal|p1a: Calyrex|50/100|[silent]
|upkeep
|turn|19
|
|t:|1637167927
|move|p2a: Shedinja|Shadow Sneak|p1a: Calyrex
|-supereffective|p1a: Calyrex
|-damage|p1a: Calyrex|0 fnt
|faint|p1a: Calyrex
|
|upkeep
|
|t:|1637167932
|switch|p1a: Ditto|Ditto|76/100
|-damage|p1a: Ditto|63/100|[from] Stealth Rock
|-transform|p1a: Ditto|p2a: Shedinja|[from] ability: Imposter
|turn|20
|c|☆RUiNtheExtinct|gg
|
|t:|1637167939
|move|p2a: Shedinja|Endure|p2a: Shedinja
|-singleturn|p2a: Shedinja|move: Endure
|move|p1a: Ditto|Shadow Sneak|p2a: Shedinja
|-supereffective|p2a: Shedinja
|-activate|p2a: Shedinja|move: Endure
|-damage|p2a: Shedinja|100/100
|
|upkeep
|turn|21
|
|t:|1637167946
|switch|p2a: Arceus|Arceus-Ground|49/100
|-damage|p2a: Arceus|43/100|[from] Stealth Rock
|move|p1a: Ditto|Shadow Sneak|p2a: Arceus
|-damage|p2a: Arceus|28/100
|
|upkeep
|turn|22
|
|t:|1637167954
|move|p1a: Ditto|Shadow Sneak|p2a: Arceus
|-damage|p2a: Arceus|15/100
|move|p2a: Arceus|Recover|p2a: Arceus
|-heal|p2a: Arceus|65/100
|
|upkeep
|turn|23
|-message|RUiNtheExtinct forfeited.
|
|win|Count Karnstein
|raw|RUiNtheExtinct's rating: 1744 &rarr; <strong>1717</strong><br />(-27 for losing)
|raw|Count Karnstein's rating: 1617 &rarr; <strong>1644</strong><br />(+27 for winning)
|l|☆RUiNtheExtinct
||Ladder isn't responding, score probably updated but might not have (Request timeout).
