|j|☆MiguelRRM
|j|☆CLEAR GEM清瑜
|t:|1662443546
|gametype|singles
|player|p1|MiguelRRM|2|1850
|player|p2|CLEAR GEM清瑜|skierf|1797
|teamsize|p1|6
|teamsize|p2|6
|gen|8
|tier|[Gen 8] National Dex AG
|rated|
|rule|HP Percentage Mod: HP is shown in percentages
|rule|Endless Battle Clause: Forcing endless battles is banned
|clearpoke
|poke|p1|Marshadow|
|poke|p1|Arceus-*|
|poke|p1|Calyrex-Shadow|
|poke|p1|Groudon|
|poke|p1|Smeargle, M|
|poke|p1|Smeargle, M|
|poke|p2|Rayquaza|
|poke|p2|Groudon|
|poke|p2|Necrozma-Dusk-Mane|
|poke|p2|Arceus-*|
|poke|p2|Arceus-*|
|poke|p2|Arceus-*|
|teampreview
|inactive|Battle timer is ON: inactive players will automatically lose when time's up. (requested by CLEAR GEM清瑜)
|
|t:|1662443554
|start
|switch|p1a: Smeargle|Smeargle, M|100/100
|switch|p2a: 究极辅助|Arceus-Dark|100/100
|turn|1
|
|t:|1662443556
|move|p2a: 究极辅助|Magic Coat|p2a: 究极辅助
|-singleturn|p2a: 究极辅助|move: Magic Coat
|move|p1a: Smeargle|Spiky Shield||[still]
|-fail|p1a: Smeargle
|
|-ability|p1a: Smeargle|Moody|boost
|-boost|p1a: Smeargle|atk|2
|-unboost|p1a: Smeargle|spe|1
|upkeep
|turn|2
|
|t:|1662443563
|move|p2a: 究极辅助|Judgment|p1a: Smeargle
|-enditem|p1a: Smeargle|Focus Sash
|-damage|p1a: Smeargle|1/100
|move|p1a: Smeargle|Minimize|p1a: Smeargle
|-boost|p1a: Smeargle|evasion|2
|
|-ability|p1a: Smeargle|Moody|boost
|-boost|p1a: Smeargle|spd|2
|-unboost|p1a: Smeargle|spa|1
|upkeep
|turn|3
|
|t:|1662443568
|move|p1a: Smeargle|Spiky Shield|p1a: Smeargle
|-singleturn|p1a: Smeargle|move: Protect
|move|p2a: 究极辅助|Roar|p1a: Smeargle
|drag|p1a: Arceus|Arceus-Fairy|100/100
|
|upkeep
|turn|4
|
|t:|1662443572
|switch|p1a: Smeargle|Smeargle, M|1/100
|switch|p2a: 不会(?)|Groudon|100/100
|detailschange|p2a: 不会(?)|Groudon-Primal
|-primal|p2a: 不会(?)
|-weather|DesolateLand|[from] ability: Desolate Land|[of] p2a: 不会(?)
|
|-weather|DesolateLand|[upkeep]
|-ability|p1a: Smeargle|Moody|boost
|-boost|p1a: Smeargle|spa|2
|-unboost|p1a: Smeargle|def|1
|upkeep
|turn|5
|
|t:|1662443575
|move|p1a: Smeargle|Spore|p2a: 不会(?)
|-status|p2a: 不会(?)|slp|[from] move: Spore
|cant|p2a: 不会(?)|slp
|
|-weather|DesolateLand|[upkeep]
|-ability|p1a: Smeargle|Moody|boost
|-boost|p1a: Smeargle|spd|2
|-unboost|p1a: Smeargle|def|1
|upkeep
|turn|6
|
|t:|1662443578
|move|p1a: Smeargle|Minimize|p1a: Smeargle
|-boost|p1a: Smeargle|evasion|2
|-curestatus|p2a: 不会(?)|slp|[msg]
|move|p2a: 不会(?)|Roar|p1a: Smeargle
|drag|p1a: Groudon|Groudon|100/100
|detailschange|p1a: Groudon|Groudon-Primal
|-primal|p1a: Groudon
|
|-weather|DesolateLand|[upkeep]
|upkeep
|turn|7
|
|t:|1662443581
|move|p1a: Groudon|Rock Tomb|p2a: 不会(?)
|-damage|p2a: 不会(?)|90/100
|-unboost|p2a: 不会(?)|spe|1
|move|p2a: 不会(?)|Stealth Rock|p1a: Groudon
|-sidestart|p1: MiguelRRM|move: Stealth Rock
|
|-weather|DesolateLand|[upkeep]
|upkeep
|turn|8
|
|t:|1662443587
|move|p1a: Groudon|Eruption|p2a: 不会(?)
|-resisted|p2a: 不会(?)
|-damage|p2a: 不会(?)|41/100
|move|p2a: 不会(?)|Precipice Blades|p1a: Groudon
|-supereffective|p1a: Groudon
|-damage|p1a: Groudon|5/100
|
|-weather|DesolateLand|[upkeep]
|upkeep
|turn|9
|
|t:|1662443590
|move|p1a: Groudon|Rock Tomb|p2a: 不会(?)
|-damage|p2a: 不会(?)|30/100
|-unboost|p2a: 不会(?)|spe|1
|move|p2a: 不会(?)|Precipice Blades|p1a: Groudon
|-supereffective|p1a: Groudon
|-damage|p1a: Groudon|0 fnt
|faint|p1a: Groudon
|
|-weather|DesolateLand|[upkeep]
|upkeep
|
|t:|1662443592
|switch|p1a: Smeargle|Smeargle, M|100/100
|-damage|p1a: Smeargle|88/100|[from] Stealth Rock
|turn|10
|l|☆CLEAR GEM清瑜
|inactive|CLEAR GEM清瑜 disconnected and has a minute to reconnect!
|player|p2|
|inactive|CLEAR GEM清瑜 has 30 seconds to reconnect!
|j|☆CLEAR GEM清瑜
|inactive|CLEAR GEM清瑜 reconnected and has 120 seconds left.
|player|p2|CLEAR GEM清瑜|skierf
|
|t:|1662443629
|move|p1a: Smeargle|Court Change|p1a: Smeargle
|-swapsideconditions
|-activate|p1a: Smeargle|move: Court Change
|move|p2a: 不会(?)|Roar|p1a: Smeargle
|drag|p1a: Calyrex|Calyrex-Shadow|100/100
|-ability|p1a: Calyrex|As One
|-ability|p1a: Calyrex|Unnerve
|
|-weather|DesolateLand|[upkeep]
|upkeep
|turn|11
|inactive|CLEAR GEM清瑜 has 120 seconds left.
|
|t:|1662443635
|-weather|none
|switch|p2a: 究极辅助|Arceus-Dark|100/100
|-damage|p2a: 究极辅助|88/100|[from] Stealth Rock
|move|p1a: Calyrex|Substitute|p1a: Calyrex
|-start|p1a: Calyrex|Substitute
|-damage|p1a: Calyrex|75/100
|
|-heal|p1a: Calyrex|82/100|[from] item: Leftovers
|upkeep
|turn|12
|
|t:|1662443639
|move|p1a: Calyrex|Astral Barrage|p2a: 究极辅助
|-resisted|p2a: 究极辅助
|-damage|p2a: 究极辅助|67/100
|move|p2a: 究极辅助|Judgment|p1a: Calyrex
|-supereffective|p1a: Calyrex
|-end|p1a: Calyrex|Substitute
|
|-heal|p1a: Calyrex|88/100|[from] item: Leftovers
|upkeep
|turn|13
|
|t:|1662443642
|switch|p1a: Arceus|Arceus-Fairy|100/100
|move|p2a: 究极辅助|Judgment|p1a: Arceus
|-resisted|p1a: Arceus
|-damage|p1a: Arceus|81/100
|
|upkeep
|turn|14
|
|t:|1662443646
|switch|p1a: Smeargle|Smeargle, M|1/100
|switch|p2a: 不会(?)|Groudon-Primal|30/100
|-damage|p2a: 不会(?)|17/100|[from] Stealth Rock
|-weather|DesolateLand|[from] ability: Desolate Land|[of] p2a: 不会(?)
|
|-weather|DesolateLand|[upkeep]
|-ability|p1a: Smeargle|Moody|boost
|-boost|p1a: Smeargle|atk|2
|-unboost|p1a: Smeargle|def|1
|upkeep
|turn|15
|
|t:|1662443650
|move|p1a: Smeargle|Spore|p2a: 不会(?)
|-status|p2a: 不会(?)|slp|[from] move: Spore
|cant|p2a: 不会(?)|slp
|
|-weather|DesolateLand|[upkeep]
|-ability|p1a: Smeargle|Moody|boost
|-boost|p1a: Smeargle|atk|2
|-unboost|p1a: Smeargle|spd|1
|upkeep
|turn|16
|
|t:|1662443653
|move|p1a: Smeargle|Minimize|p1a: Smeargle
|-boost|p1a: Smeargle|evasion|2
|cant|p2a: 不会(?)|slp
|
|-weather|DesolateLand|[upkeep]
|-ability|p1a: Smeargle|Moody|boost
|-boost|p1a: Smeargle|spa|2
|-unboost|p1a: Smeargle|def|1
|upkeep
|turn|17
|
|t:|1662443655
|move|p1a: Smeargle|Baton Pass|p1a: Smeargle
|
|t:|1662443657
|switch|p1a: Smeargle|Smeargle, M|88/100|[from]move: Baton Pass
|-curestatus|p2a: 不会(?)|slp|[msg]
|move|p2a: 不会(?)|Roar|p1a: Smeargle
|drag|p1a: Smeargle|Smeargle, M|1/100
|
|-weather|DesolateLand|[upkeep]
|-ability|p1a: Smeargle|Moody|boost
|-boost|p1a: Smeargle|def|2
|-unboost|p1a: Smeargle|spd|1
|upkeep
|turn|18
|
|t:|1662443659
|move|p1a: Smeargle|Spore|p2a: 不会(?)
|-status|p2a: 不会(?)|slp|[from] move: Spore
|cant|p2a: 不会(?)|slp
|
|-weather|DesolateLand|[upkeep]
|-ability|p1a: Smeargle|Moody|boost
|-boost|p1a: Smeargle|spd|2
|-unboost|p1a: Smeargle|def|1
|upkeep
|turn|19
|
|t:|1662443662
|move|p1a: Smeargle|Baton Pass|p1a: Smeargle
|
|t:|1662443663
|switch|p1a: Smeargle|Smeargle, M|88/100|[from]move: Baton Pass
|-curestatus|p2a: 不会(?)|slp|[msg]
|move|p2a: 不会(?)|Heat Crash|p1a: Smeargle
|-damage|p1a: Smeargle|0 fnt
|faint|p1a: Smeargle
|
|-weather|DesolateLand|[upkeep]
|upkeep
|
|t:|1662443673
|switch|p1a: Calyrex|Calyrex-Shadow|88/100
|-ability|p1a: Calyrex|As One
|-ability|p1a: Calyrex|Unnerve
|turn|20
|
|t:|1662443676
|move|p1a: Calyrex|Substitute|p1a: Calyrex
|-start|p1a: Calyrex|Substitute
|-damage|p1a: Calyrex|63/100
|move|p2a: 不会(?)|Heat Crash|p1a: Calyrex
|-end|p1a: Calyrex|Substitute
|
|-weather|DesolateLand|[upkeep]
|-heal|p1a: Calyrex|69/100|[from] item: Leftovers
|upkeep
|turn|21
|
|t:|1662443682
|move|p1a: Calyrex|Astral Barrage|p2a: 不会(?)
|-damage|p2a: 不会(?)|0 fnt
|faint|p2a: 不会(?)
|-weather|none
|-ability|p1a: Calyrex|Grim Neigh|boost
|-boost|p1a: Calyrex|spa|1
|
|-heal|p1a: Calyrex|75/100|[from] item: Leftovers
|upkeep
|
|t:|1662443685
|switch|p2a: 究极辅助|Arceus-Dark|67/100
|-damage|p2a: 究极辅助|55/100|[from] Stealth Rock
|turn|22
|
|t:|1662443688
|move|p1a: Calyrex|Substitute|p1a: Calyrex
|-start|p1a: Calyrex|Substitute
|-damage|p1a: Calyrex|50/100
|move|p2a: 究极辅助|Roar|p1a: Calyrex
|drag|p1a: Marshadow|Marshadow|100/100
|
|upkeep
|turn|23
|
|t:|1662443692
|-start|p1a: Marshadow|Dynamax|
|-heal|p1a: Marshadow|100/100|[silent]
|move|p1a: Marshadow|Max Knuckle|p2a: 究极辅助
|-supereffective|p2a: 究极辅助
|-damage|p2a: 究极辅助|0 fnt
|-boost|p1a: Marshadow|atk|1
|faint|p2a: 究极辅助
|
|upkeep
|
|t:|1662443696
|switch|p2a: 悬空羊驼|Arceus-Flying|100/100
|-damage|p2a: 悬空羊驼|76/100|[from] Stealth Rock
|turn|24
|
|t:|1662443702
|-start|p2a: 悬空羊驼|Dynamax|
|-heal|p2a: 悬空羊驼|76/100|[silent]
|move|p1a: Marshadow|Max Phantasm|p2a: 悬空羊驼
|-damage|p2a: 悬空羊驼|43/100
|-unboost|p2a: 悬空羊驼|def|1
|move|p2a: 悬空羊驼|Max Airstream|p1a: Marshadow
|-supereffective|p1a: Marshadow
|-damage|p1a: Marshadow|2/100
|-boost|p2a: 悬空羊驼|spe|1
|
|upkeep
|turn|25
|
|t:|1662443711
|-end|p1a: Marshadow|Dynamax
|-heal|p1a: Marshadow|2/100|[silent]
|switch|p1a: Smeargle|Smeargle, M|1/100
|move|p2a: 悬空羊驼|Max Airstream|p1a: Smeargle
|-damage|p1a: Smeargle|0 fnt
|-boost|p2a: 悬空羊驼|spe|1
|faint|p1a: Smeargle
|
|upkeep
|
|t:|1662443718
|switch|p1a: Arceus|Arceus-Fairy|81/100
|turn|26
|
|t:|1662443722
|move|p2a: 悬空羊驼|Max Airstream|p1a: Arceus
|-damage|p1a: Arceus|27/100
|-boost|p2a: 悬空羊驼|spe|1
|move|p1a: Arceus|Judgment|p2a: 悬空羊驼
|-damage|p2a: 悬空羊驼|25/100
|
|upkeep
|-end|p2a: 悬空羊驼|Dynamax
|-heal|p2a: 悬空羊驼|25/100|[silent]
|turn|27
|
|t:|1662443724
|move|p2a: 悬空羊驼|Recover|p2a: 悬空羊驼
|-heal|p2a: 悬空羊驼|75/100
|move|p1a: Arceus|Judgment|p2a: 悬空羊驼
|-damage|p2a: 悬空羊驼|40/100
|
|upkeep
|turn|28
|
|t:|1662443733
|move|p2a: 悬空羊驼|Recover|p2a: 悬空羊驼
|-heal|p2a: 悬空羊驼|90/100
|move|p1a: Arceus|Calm Mind|p1a: Arceus
|-boost|p1a: Arceus|spa|1
|-boost|p1a: Arceus|spd|1
|
|upkeep
|turn|29
|
|t:|1662443737
|move|p2a: 悬空羊驼|Judgment|p1a: Arceus
|-damage|p1a: Arceus|0 fnt
|faint|p1a: Arceus
|
|upkeep
|-message|MiguelRRM forfeited.
|
|win|CLEAR GEM清瑜
|raw|MiguelRRM's rating: 1850 &rarr; <strong>1827</strong><br />(-23 for losing)
|raw|CLEAR GEM清瑜's rating: 1797 &rarr; <strong>1820</strong><br />(+23 for winning)
|l|☆MiguelRRM
