|j|☆wolfie_olson
|j|‽PlatinumEA
|t:|1648731089
|gametype|singles
|player|p1|wolfie_olson|170|
|player|p2|PlatinumEA|266|
|teamsize|p1|6
|teamsize|p2|6
|gen|8
|tier|[Gen 8] National Dex AG
|rule|HP Percentage Mod: HP is shown in percentages
|rule|Endless Battle Clause: Forcing endless battles is banned
|clearpoke
|poke|p1|Cloyster, M|
|poke|p1|Marshadow|
|poke|p1|Cinderace, F|
|poke|p1|Xerneas-*|
|poke|p1|Mew|
|poke|p1|Calyrex-Shadow|
|poke|p2|Groudon|
|poke|p2|Hatterene, F|
|poke|p2|Rayquaza|
|poke|p2|Melmetal|
|poke|p2|Tyranitar, M|
|poke|p2|Calyrex-Ice|
|teampreview
|inactive|Battle timer is ON: inactive players will automatically lose when time's up. (requested by wolfie_olson)
|
|t:|1648731104
|start
|switch|p1a: sweeper #2|Cloyster, M|100/100
|switch|p2a: Hatterene|Hatterene, F|100/100
|turn|1
|
|t:|1648731117
|move|p1a: sweeper #2|Shell Smash|p1a: sweeper #2
|-unboost|p1a: sweeper #2|def|1
|-unboost|p1a: sweeper #2|spd|1
|-boost|p1a: sweeper #2|atk|2
|-boost|p1a: sweeper #2|spa|2
|-boost|p1a: sweeper #2|spe|2
|move|p2a: Hatterene|Trick Room|p2a: Hatterene
|-fieldstart|move: Trick Room|[of] p2a: Hatterene
|
|upkeep
|turn|2
|
|t:|1648731131
|move|p2a: Hatterene|Healing Wish|p2a: Hatterene
|faint|p2a: Hatterene
|move|p1a: sweeper #2|Icicle Spear|p2: Hatterene|[notarget]
|-fail|p1a: sweeper #2
|
|upkeep
|
|t:|1648731133
|switch|p2a: Melmetal|Melmetal|100/100
|turn|3
|
|t:|1648731141
|move|p1a: sweeper #2|Protect|p1a: sweeper #2
|-singleturn|p1a: sweeper #2|Protect
|move|p2a: Melmetal|Double Iron Bash|p1a: sweeper #2
|-activate|p1a: sweeper #2|move: Protect
|
|upkeep
|turn|4
|
|t:|1648731150
|-start|p1a: sweeper #2|Dynamax|
|-heal|p1a: sweeper #2|100/100|[silent]
|move|p1a: sweeper #2|Max Guard|p1a: sweeper #2
|-singleturn|p1a: sweeper #2|Max Guard
|move|p2a: Melmetal|Double Iron Bash|p1a: sweeper #2
|-activate|p1a: sweeper #2|move: Max Guard
|
|upkeep
|turn|5
|
|t:|1648731167
|-end|p1a: sweeper #2|Dynamax
|-heal|p1a: sweeper #2|100/100|[silent]
|switch|p1a: Mew|Mew|100/100
|move|p2a: Melmetal|Double Iron Bash|p1a: Mew
|-damage|p1a: Mew|54/100
|-damage|p1a: Mew|5/100
|-hitcount|p1a: Mew|2
|-damage|p2a: Melmetal|91/100|[from] item: Life Orb
|
|-heal|p1a: Mew|11/100|[from] item: Leftovers
|-fieldend|move: Trick Room
|upkeep
|turn|6
|
|t:|1648731183
|move|p1a: Mew|Imprison|p1a: Mew
|-start|p1a: Mew|move: Imprison
|move|p2a: Melmetal|Double Iron Bash|p1a: Mew
|-damage|p1a: Mew|0 fnt
|faint|p1a: Mew
|-hitcount|p1: Mew|1
|-damage|p2a: Melmetal|81/100|[from] item: Life Orb
|
|upkeep
|
|t:|1648731200
|switch|p1a: Marshadow|Marshadow|100/100
|turn|7
|
|t:|1648731206
|move|p1a: Marshadow|Close Combat|p2a: Melmetal
|-supereffective|p2a: Melmetal
|-damage|p2a: Melmetal|11/100
|-unboost|p1a: Marshadow|def|1
|-unboost|p1a: Marshadow|spd|1
|move|p2a: Melmetal|Double Iron Bash|p1a: Marshadow
|-enditem|p1a: Marshadow|Focus Sash
|-damage|p1a: Marshadow|1/100
|-damage|p1a: Marshadow|0 fnt
|faint|p1a: Marshadow
|-hitcount|p1: Marshadow|2
|-damage|p2a: Melmetal|1/100|[from] item: Life Orb
|
|upkeep
|
|t:|1648731214
|switch|p1a: Calyrex|Calyrex-Shadow|100/100
|-ability|p1a: Calyrex|As One
|-ability|p1a: Calyrex|Unnerve
|turn|8
|
|t:|1648731219
|switch|p2a: Tyranitar|Tyranitar, M|100/100
|-weather|Sandstorm|[from] ability: Sand Stream|[of] p2a: Tyranitar
|move|p1a: Calyrex|Astral Barrage|p2a: Tyranitar
|-resisted|p2a: Tyranitar
|-damage|p2a: Tyranitar|86/100
|
|-weather|Sandstorm|[upkeep]
|-damage|p1a: Calyrex|94/100|[from] Sandstorm
|-heal|p2a: Tyranitar|93/100|[from] item: Leftovers
|upkeep
|turn|9
|
|t:|1648731227
|move|p1a: Calyrex|Protect|p1a: Calyrex
|-singleturn|p1a: Calyrex|Protect
|move|p2a: Tyranitar|Pursuit|p1a: Calyrex
|-activate|p1a: Calyrex|move: Protect
|
|-weather|Sandstorm|[upkeep]
|-damage|p1a: Calyrex|88/100|[from] Sandstorm
|-heal|p2a: Tyranitar|99/100|[from] item: Leftovers
|upkeep
|turn|10
|
|t:|1648731235
|move|p1a: Calyrex|Encore|p2a: Tyranitar
|-start|p2a: Tyranitar|Encore
|move|p2a: Tyranitar|Pursuit|p1a: Calyrex
|-supereffective|p1a: Calyrex
|-damage|p1a: Calyrex|13/100
|
|-weather|Sandstorm|[upkeep]
|-damage|p1a: Calyrex|7/100|[from] Sandstorm
|-heal|p2a: Tyranitar|100/100|[from] item: Leftovers
|upkeep
|turn|11
|
|t:|1648731242
|move|p1a: Calyrex|Astral Barrage|p2a: Tyranitar
|-resisted|p2a: Tyranitar
|-damage|p2a: Tyranitar|87/100
|move|p2a: Tyranitar|Pursuit|p1a: Calyrex
|-supereffective|p1a: Calyrex
|-damage|p1a: Calyrex|0 fnt
|faint|p1a: Calyrex
|
|-weather|Sandstorm|[upkeep]
|-heal|p2a: Tyranitar|93/100|[from] item: Leftovers
|upkeep
|
|t:|1648731249
|switch|p1a: Xerneas|Xerneas|100/100
|-ability|p1a: Xerneas|Fairy Aura
|turn|12
|
|t:|1648731252
|switch|p2a: Melmetal|Melmetal|1/100
|-heal|p2a: Melmetal|100/100|[from] move: Healing Wish
|move|p1a: Xerneas|Geomancy||[still]
|-prepare|p1a: Xerneas|Geomancy
|-enditem|p1a: Xerneas|Power Herb
|-anim|p1a: Xerneas|Geomancy|p1a: Xerneas
|-boost|p1a: Xerneas|spa|2
|-boost|p1a: Xerneas|spd|2
|-boost|p1a: Xerneas|spe|2
|
|-weather|none
|upkeep
|turn|13
|
|t:|1648731256
|-start|p2a: Melmetal|Dynamax|
|-heal|p2a: Melmetal|100/100|[silent]
|move|p1a: Xerneas|Moonblast|p2a: Melmetal
|-resisted|p2a: Melmetal
|-damage|p2a: Melmetal|70/100
|move|p2a: Melmetal|Max Steelspike|p1a: Xerneas
|-supereffective|p1a: Xerneas
|-damage|p1a: Xerneas|0 fnt
|-boost|p2a: Melmetal|def|1
|faint|p1a: Xerneas
|-damage|p2a: Melmetal|65/100|[from] item: Life Orb
|
|upkeep
|
|t:|1648731272
|switch|p1a: Cinderace|Cinderace, F|100/100
|turn|14
|
|t:|1648731279
|move|p1a: Cinderace|Pyro Ball|p2a: Melmetal
|-supereffective|p2a: Melmetal
|-damage|p2a: Melmetal|45/100
|move|p2a: Melmetal|Max Quake|p1a: Cinderace
|-supereffective|p1a: Cinderace
|-damage|p1a: Cinderace|0 fnt
|-boost|p2a: Melmetal|spd|1
|faint|p1a: Cinderace
|-damage|p2a: Melmetal|40/100|[from] item: Life Orb
|
|upkeep
|
|t:|1648731284
|switch|p1a: sweeper #2|Cloyster, M|100/100
|turn|15
|
|t:|1648731287
|move|p1a: sweeper #2|Shell Smash|p1a: sweeper #2
|-unboost|p1a: sweeper #2|def|1
|-unboost|p1a: sweeper #2|spd|1
|-boost|p1a: sweeper #2|atk|2
|-boost|p1a: sweeper #2|spa|2
|-boost|p1a: sweeper #2|spe|2
|move|p2a: Melmetal|Max Lightning|p1a: sweeper #2
|-supereffective|p1a: sweeper #2
|-enditem|p1a: sweeper #2|Focus Sash
|-damage|p1a: sweeper #2|1/100
|-fieldstart|move: Electric Terrain
|-damage|p2a: Melmetal|35/100|[from] item: Life Orb
|
|-end|p2a: Melmetal|Dynamax
|-heal|p2a: Melmetal|35/100|[silent]
|upkeep
|turn|16
|
|t:|1648731302
|move|p1a: sweeper #2|Rock Blast|p2a: Melmetal
|-resisted|p2a: Melmetal
|-damage|p2a: Melmetal|32/100
|-resisted|p2a: Melmetal
|-damage|p2a: Melmetal|30/100
|-resisted|p2a: Melmetal
|-damage|p2a: Melmetal|27/100
|-resisted|p2a: Melmetal
|-damage|p2a: Melmetal|24/100
|-resisted|p2a: Melmetal
|-damage|p2a: Melmetal|21/100
|-hitcount|p2a: Melmetal|5
|move|p2a: Melmetal|Double Iron Bash|p1a: sweeper #2
|-damage|p1a: sweeper #2|0 fnt
|faint|p1a: sweeper #2
|-hitcount|p1: sweeper #2|1
|-damage|p2a: Melmetal|11/100|[from] item: Life Orb
|
|win|PlatinumEA
