|j|☆coolthingdude
|j|☆Tahz
|t:|1665758030
|gametype|singles
|player|p1|coolthingdude|byron|1754
|player|p2|Tahz|veteran|1760
|teamsize|p1|6
|teamsize|p2|6
|gen|8
|tier|[Gen 8] National Dex AG
|rated|
|rule|HP Percentage Mod: HP is shown in percentages
|rule|Endless Battle Clause: Forcing endless battles is banned
|clearpoke
|poke|p1|Xerneas-*|
|poke|p1|Zekrom|
|poke|p1|Dialga|
|poke|p1|Zacian-*|
|poke|p1|Groudon|
|poke|p1|Ditto|
|poke|p2|Zygarde|
|poke|p2|Chansey, F|
|poke|p2|Necrozma-Dusk-Mane|
|poke|p2|Yveltal|
|poke|p2|Arceus-*|
|poke|p2|Ferrothorn, M|
|teampreview
|inactive|Battle timer is ON: inactive players will automatically lose when time's up. (requested by Tahz)
|j| JadeDove
|inactive|Tahz has 120 seconds left.
|inactive|Tahz has 90 seconds left.
|
|t:|1665758119
|start
|switch|p1a: Bork|Dialga|100/100
|switch|p2a: Flare HQ|Yveltal, shiny|100/100
|-ability|p1a: Bork|Pressure
|-ability|p2a: Flare HQ|Dark Aura
|turn|1
|inactive|coolthingdude has 120 seconds left.
|
|t:|1665758179
|move|p1a: Bork|Ice Beam|p2a: Flare HQ
|-supereffective|p2a: Flare HQ
|-damage|p2a: Flare HQ|68/100
|move|p2a: Flare HQ|U-turn|p1a: Bork
|-resisted|p1a: Bork
|-crit|p1a: Bork
|-damage|p1a: Bork|89/100
|
|t:|1665758183
|switch|p2a: Honeycalm Island|Chansey, F, shiny|100/100|[from]move: U-turn
|
|-heal|p1a: Bork|95/100|[from] item: Leftovers
|upkeep
|turn|2
|
|t:|1665758189
|move|p1a: Bork|Stealth Rock|p2a: Honeycalm Island
|-sidestart|p2: Tahz|move: Stealth Rock
|move|p2a: Honeycalm Island|Confide|p1a: Bork
|-unboost|p1a: Bork|spa|1
|
|-heal|p1a: Bork|100/100|[from] item: Leftovers
|upkeep
|turn|3
|
|t:|1665758216
|switch|p2a: Terminus Cave|Zygarde, shiny|100/100
|-damage|p2a: Terminus Cave|94/100|[from] Stealth Rock
|move|p1a: Bork|Roar|p2a: Terminus Cave
|drag|p2a: Altar Of The Sunne|Necrozma-Dusk-Mane|100/100
|-damage|p2a: Altar Of The Sunne|94/100|[from] Stealth Rock
|
|upkeep
|turn|4
|inactive|coolthingdude has 120 seconds left.
|inactive|coolthingdude has 90 seconds left.
|
|t:|1665758253
|move|p1a: Bork|Earth Power|p2a: Altar Of The Sunne
|-supereffective|p2a: Altar Of The Sunne
|-damage|p2a: Altar Of The Sunne|70/100
|move|p2a: Altar Of The Sunne|Knock Off|p1a: Bork
|-damage|p1a: Bork|76/100
|-enditem|p1a: Bork|Leftovers|[from] move: Knock Off|[of] p2a: Altar Of The Sunne
|
|upkeep
|turn|5
|
|t:|1665758264
|switch|p2a: Honeycalm Island|Chansey, F, shiny|100/100
|-damage|p2a: Honeycalm Island|88/100|[from] Stealth Rock
|move|p1a: Bork|Earth Power|p2a: Honeycalm Island
|-damage|p2a: Honeycalm Island|83/100
|
|upkeep
|turn|6
|
|t:|1665758269
|move|p2a: Honeycalm Island|Wish|p2a: Honeycalm Island
|move|p1a: Bork|Roar|p2a: Honeycalm Island
|drag|p2a: Terminus Cave|Zygarde, shiny|94/100
|-damage|p2a: Terminus Cave|88/100|[from] Stealth Rock
|
|upkeep
|turn|7
|
|t:|1665758275
|move|p2a: Terminus Cave|Thousand Arrows|p1a: Bork
|-supereffective|p1a: Bork
|-damage|p1a: Bork|30/100
|move|p1a: Bork|Ice Beam|p2a: Terminus Cave
|-supereffective|p2a: Terminus Cave
|-damage|p2a: Terminus Cave|21/100
|
|-heal|p2a: Terminus Cave|98/100|[from] move: Wish|[wisher] Honeycalm Island
|upkeep
|turn|8
|
|t:|1665758285
|move|p2a: Terminus Cave|Thousand Arrows|p1a: Bork
|-supereffective|p1a: Bork
|-damage|p1a: Bork|0 fnt
|faint|p1a: Bork
|
|upkeep
|
|t:|1665758293
|switch|p1a: FAT|Xerneas|100/100
|-ability|p1a: FAT|Fairy Aura
|turn|9
|
|t:|1665758301
|move|p1a: FAT|Geomancy||[still]
|-prepare|p1a: FAT|Geomancy
|-enditem|p1a: FAT|Power Herb
|-anim|p1a: FAT|Geomancy|p1a: FAT
|-boost|p1a: FAT|spa|2
|-boost|p1a: FAT|spd|2
|-boost|p1a: FAT|spe|2
|move|p2a: Terminus Cave|Glare|p1a: FAT
|-status|p1a: FAT|par
|
|upkeep
|turn|10
|
|t:|1665758306
|-start|p1a: FAT|Dynamax|
|-heal|p1a: FAT|100/100 par|[silent]
|cant|p1a: FAT|par
|move|p2a: Terminus Cave|Haze|p2a: Terminus Cave
|-clearallboost
|
|upkeep
|turn|11
|
|t:|1665758314
|switch|p2a: Honeycalm Island|Chansey, F, shiny|83/100
|-damage|p2a: Honeycalm Island|70/100|[from] Stealth Rock
|move|p1a: FAT|Max Starfall|p2a: Honeycalm Island
|-damage|p2a: Honeycalm Island|45/100
|-fieldstart|move: Misty Terrain
|
|upkeep
|turn|12
|
|t:|1665758320
|-end|p1a: FAT|Dynamax
|-heal|p1a: FAT|100/100 par|[silent]
|switch|p1a: Doggo|Zacian-Crowned|100/100
|-ability|p1a: Doggo|Intrepid Sword|boost
|-boost|p1a: Doggo|atk|1
|move|p2a: Honeycalm Island|Soft-Boiled|p2a: Honeycalm Island
|-heal|p2a: Honeycalm Island|95/100
|
|upkeep
|turn|13
|
|t:|1665758325
|switch|p2a: Altar Of The Sunne|Necrozma-Dusk-Mane|70/100
|-damage|p2a: Altar Of The Sunne|64/100|[from] Stealth Rock
|move|p1a: Doggo|Behemoth Blade|p2a: Altar Of The Sunne
|-resisted|p2a: Altar Of The Sunne
|-damage|p2a: Altar Of The Sunne|41/100
|-damage|p1a: Doggo|84/100|[from] item: Rocky Helmet|[of] p2a: Altar Of The Sunne
|
|upkeep
|turn|14
|
|t:|1665758352
|move|p1a: Doggo|Close Combat|p2a: Altar Of The Sunne
|-damage|p2a: Altar Of The Sunne|2/100
|-unboost|p1a: Doggo|def|1
|-unboost|p1a: Doggo|spd|1
|-damage|p1a: Doggo|67/100|[from] item: Rocky Helmet|[of] p2a: Altar Of The Sunne
|move|p2a: Altar Of The Sunne|Morning Sun|p2a: Altar Of The Sunne
|-heal|p2a: Altar Of The Sunne|52/100
|
|upkeep
|turn|15
|
|t:|1665758363
|switch|p1a: Primal being|Groudon|100/100
|detailschange|p1a: Primal being|Groudon-Primal
|-primal|p1a: Primal being
|-weather|DesolateLand|[from] ability: Desolate Land|[of] p1a: Primal being
|move|p2a: Altar Of The Sunne|Morning Sun|p2a: Altar Of The Sunne
|-heal|p2a: Altar Of The Sunne|100/100
|
|-weather|DesolateLand|[upkeep]
|-fieldend|Misty Terrain
|upkeep
|turn|16
|
|t:|1665758368
|switch|p2a: Flare HQ|Yveltal, shiny|68/100
|-ability|p2a: Flare HQ|Dark Aura
|move|p1a: Primal being|Lava Plume|p2a: Flare HQ
|-damage|p2a: Flare HQ|27/100
|
|-weather|DesolateLand|[upkeep]
|upkeep
|turn|17
|
|t:|1665758372
|move|p1a: Primal being|Lava Plume|p2a: Flare HQ
|-damage|p2a: Flare HQ|0 fnt
|faint|p2a: Flare HQ
|
|-weather|DesolateLand|[upkeep]
|upkeep
|
|t:|1665758386
|switch|p2a: Terminus Cave|Zygarde, shiny|98/100
|-damage|p2a: Terminus Cave|92/100|[from] Stealth Rock
|turn|18
|inactive|coolthingdude has 120 seconds left.
|inactive|coolthingdude has 90 seconds left.
|
|t:|1665758459
|move|p2a: Terminus Cave|Thousand Arrows|p1a: Primal being
|-supereffective|p1a: Primal being
|-damage|p1a: Primal being|68/100
|move|p1a: Primal being|Earth Power|p2a: Terminus Cave
|-damage|p2a: Terminus Cave|39/100
|
|-weather|DesolateLand|[upkeep]
|-activate|p2a: Terminus Cave|ability: Power Construct
|detailschange|p2a: Terminus Cave|Zygarde-Complete, shiny
|-heal|p2a: Terminus Cave|60/100|[silent]
|upkeep
|turn|19
|
|t:|1665758481
|move|p1a: Primal being|Earth Power|p2a: Terminus Cave
|-damage|p2a: Terminus Cave|30/100
|move|p2a: Terminus Cave|Glare|p1a: Primal being
|-status|p1a: Primal being|par
|
|-weather|DesolateLand|[upkeep]
|upkeep
|turn|20
|inactive|coolthingdude has 60 seconds left.
|inactive|coolthingdude has 30 seconds left.
|
|t:|1665758550
|move|p2a: Terminus Cave|Rest|p2a: Terminus Cave
|-status|p2a: Terminus Cave|slp|[from] move: Rest
|-heal|p2a: Terminus Cave|100/100 slp|[silent]
|cant|p1a: Primal being|par
|
|-weather|DesolateLand|[upkeep]
|upkeep
|turn|21
|
|t:|1665758554
|cant|p2a: Terminus Cave|slp
|cant|p1a: Primal being|par
|
|-weather|DesolateLand|[upkeep]
|upkeep
|turn|22
|
|t:|1665758558
|cant|p2a: Terminus Cave|slp
|cant|p1a: Primal being|par
|
|-weather|DesolateLand|[upkeep]
|upkeep
|turn|23
|
|t:|1665758561
|-curestatus|p2a: Terminus Cave|slp|[msg]
|move|p2a: Terminus Cave|Thousand Arrows|p1a: Primal being
|-supereffective|p1a: Primal being
|-damage|p1a: Primal being|31/100 par
|move|p1a: Primal being|Earth Power|p2a: Terminus Cave
|-damage|p2a: Terminus Cave|69/100
|
|-weather|DesolateLand|[upkeep]
|upkeep
|turn|24
|inactive|coolthingdude has 60 seconds left.
|
|t:|1665758569
|move|p2a: Terminus Cave|Thousand Arrows|p1a: Primal being
|-supereffective|p1a: Primal being
|-damage|p1a: Primal being|0 fnt
|faint|p1a: Primal being
|-weather|none
|
|upkeep
|
|t:|1665758572
|switch|p1a: Doggo|Zacian-Crowned|67/100
|-ability|p1a: Doggo|Intrepid Sword|boost
|-boost|p1a: Doggo|atk|1
|turn|25
|
|t:|1665758576
|move|p1a: Doggo|Play Rough|p2a: Terminus Cave
|-supereffective|p2a: Terminus Cave
|-damage|p2a: Terminus Cave|11/100
|move|p2a: Terminus Cave|Glare|p1a: Doggo
|-status|p1a: Doggo|par
|
|upkeep
|turn|26
|
|t:|1665758582
|move|p1a: Doggo|Behemoth Blade|p2a: Terminus Cave
|-damage|p2a: Terminus Cave|0 fnt
|faint|p2a: Terminus Cave
|
|upkeep
|
|t:|1665758592
|switch|p2a: Altar Of The Sunne|Necrozma-Dusk-Mane|100/100
|-damage|p2a: Altar Of The Sunne|94/100|[from] Stealth Rock
|turn|27
|inactive|coolthingdude has 90 seconds left.
|inactive|coolthingdude has 60 seconds left.
|
|t:|1665758629
|cant|p1a: Doggo|par
|move|p2a: Altar Of The Sunne|Sunsteel Strike|p1a: Doggo
|-damage|p1a: Doggo|18/100 par
|
|upkeep
|turn|28
|
|t:|1665758636
|move|p1a: Doggo|Close Combat|p2a: Altar Of The Sunne
|-damage|p2a: Altar Of The Sunne|58/100
|-unboost|p1a: Doggo|def|1
|-unboost|p1a: Doggo|spd|1
|-damage|p1a: Doggo|1/100 par|[from] item: Rocky Helmet|[of] p2a: Altar Of The Sunne
|move|p2a: Altar Of The Sunne|Sunsteel Strike|p1a: Doggo
|-damage|p1a: Doggo|0 fnt
|faint|p1a: Doggo
|
|upkeep
|inactive|coolthingdude has 60 seconds left.
|
|t:|1665758653
|switch|p1a: FAT|Xerneas|100/100 par
|-ability|p1a: FAT|Fairy Aura
|turn|29
|
|t:|1665758657
|move|p2a: Altar Of The Sunne|Sunsteel Strike|p1a: FAT
|-supereffective|p1a: FAT
|-damage|p1a: FAT|17/100 par
|cant|p1a: FAT|par
|
|upkeep
|turn|30
|
|t:|1665758663
|move|p2a: Altar Of The Sunne|Sunsteel Strike|p1a: FAT
|-supereffective|p1a: FAT
|-damage|p1a: FAT|0 fnt
|faint|p1a: FAT
|
|upkeep
|
|t:|1665758666
|switch|p1a: Zekrom|Zekrom|100/100
|-ability|p1a: Zekrom|Teravolt
|turn|31
|
|t:|1665758669
|move|p1a: Zekrom|Fusion Bolt|p2a: Altar Of The Sunne
|-damage|p2a: Altar Of The Sunne|28/100
|move|p2a: Altar Of The Sunne|Knock Off|p1a: Zekrom
|-damage|p1a: Zekrom|73/100
|-enditem|p1a: Zekrom|Focus Sash|[from] move: Knock Off|[of] p2a: Altar Of The Sunne
|
|upkeep
|turn|32
|
|t:|1665758677
|move|p1a: Zekrom|Fusion Bolt|p2a: Altar Of The Sunne
|-damage|p2a: Altar Of The Sunne|0 fnt
|faint|p2a: Altar Of The Sunne
|
|upkeep
|
|t:|1665758681
|switch|p2a: Dusty Bowl|Ferrothorn, M|100/100
|-damage|p2a: Dusty Bowl|94/100|[from] Stealth Rock
|turn|33
|
|t:|1665758685
|move|p1a: Zekrom|Fusion Bolt|p2a: Dusty Bowl
|-resisted|p2a: Dusty Bowl
|-damage|p2a: Dusty Bowl|74/100
|move|p2a: Dusty Bowl|Leech Seed|p1a: Zekrom
|-start|p1a: Zekrom|move: Leech Seed
|
|-heal|p2a: Dusty Bowl|80/100|[from] item: Leftovers
|-damage|p1a: Zekrom|60/100|[from] Leech Seed|[of] p2a: Dusty Bowl
|-heal|p2a: Dusty Bowl|92/100|[silent]
|upkeep
|turn|34
|
|t:|1665758689
|move|p1a: Zekrom|Fusion Bolt|p2a: Dusty Bowl
|-resisted|p2a: Dusty Bowl
|-damage|p2a: Dusty Bowl|70/100
|move|p2a: Dusty Bowl|Spikes|p1a: Zekrom
|-sidestart|p1: coolthingdude|Spikes
|
|-heal|p2a: Dusty Bowl|76/100|[from] item: Leftovers
|-damage|p1a: Zekrom|48/100|[from] Leech Seed|[of] p2a: Dusty Bowl
|-heal|p2a: Dusty Bowl|88/100|[silent]
|upkeep
|turn|35
|
|t:|1665758692
|move|p1a: Zekrom|Fusion Bolt|p2a: Dusty Bowl
|-resisted|p2a: Dusty Bowl
|-crit|p2a: Dusty Bowl
|-damage|p2a: Dusty Bowl|56/100
|move|p2a: Dusty Bowl|Spikes|p1a: Zekrom
|-sidestart|p1: coolthingdude|Spikes
|
|-heal|p2a: Dusty Bowl|62/100|[from] item: Leftovers
|-damage|p1a: Zekrom|36/100|[from] Leech Seed|[of] p2a: Dusty Bowl
|-heal|p2a: Dusty Bowl|74/100|[silent]
|upkeep
|turn|36
|
|t:|1665758695
|move|p1a: Zekrom|Fusion Bolt|p2a: Dusty Bowl
|-resisted|p2a: Dusty Bowl
|-damage|p2a: Dusty Bowl|52/100
|move|p2a: Dusty Bowl|Spikes|p1a: Zekrom
|-sidestart|p1: coolthingdude|Spikes
|
|-heal|p2a: Dusty Bowl|58/100|[from] item: Leftovers
|-damage|p1a: Zekrom|23/100|[from] Leech Seed|[of] p2a: Dusty Bowl
|-heal|p2a: Dusty Bowl|70/100|[silent]
|upkeep
|turn|37
|
|t:|1665758702
|move|p1a: Zekrom|Fusion Bolt|p2a: Dusty Bowl
|-resisted|p2a: Dusty Bowl
|-damage|p2a: Dusty Bowl|48/100
|move|p2a: Dusty Bowl|Gyro Ball|p1a: Zekrom
|-resisted|p1a: Zekrom
|-damage|p1a: Zekrom|3/100
|
|-heal|p2a: Dusty Bowl|54/100|[from] item: Leftovers
|-damage|p1a: Zekrom|0 fnt|[from] Leech Seed|[of] p2a: Dusty Bowl
|-heal|p2a: Dusty Bowl|57/100|[silent]
|faint|p1a: Zekrom
|upkeep
|
|t:|1665758705
|switch|p1a: imposter|Ditto|100/100
|-damage|p1a: imposter|76/100|[from] Spikes
|-transform|p1a: imposter|p2a: Dusty Bowl|[from] ability: Imposter
|turn|38
|
|t:|1665758710
|move|p1a: imposter|Gyro Ball|p2a: Dusty Bowl
|-resisted|p2a: Dusty Bowl
|-damage|p2a: Dusty Bowl|55/100
|-damage|p1a: imposter|63/100|[from] ability: Iron Barbs|[of] p2a: Dusty Bowl
|move|p2a: Dusty Bowl|Gyro Ball|p1a: imposter
|-resisted|p1a: imposter
|-damage|p1a: imposter|57/100
|-damage|p2a: Dusty Bowl|42/100|[from] ability: Iron Barbs|[of] p1a: imposter
|
|-heal|p2a: Dusty Bowl|49/100|[from] item: Leftovers
|upkeep
|turn|39
|
|t:|1665758714
|move|p1a: imposter|Gyro Ball|p2a: Dusty Bowl
|-resisted|p2a: Dusty Bowl
|-damage|p2a: Dusty Bowl|46/100
|-damage|p1a: imposter|45/100|[from] ability: Iron Barbs|[of] p2a: Dusty Bowl
|move|p2a: Dusty Bowl|Leech Seed|p1a: imposter
|-immune|p1a: imposter
|
|-heal|p2a: Dusty Bowl|52/100|[from] item: Leftovers
|upkeep
|turn|40
|
|t:|1665758719
|move|p1a: imposter|Gyro Ball|p2a: Dusty Bowl
|-resisted|p2a: Dusty Bowl
|-damage|p2a: Dusty Bowl|50/100
|-damage|p1a: imposter|33/100|[from] ability: Iron Barbs|[of] p2a: Dusty Bowl
|move|p2a: Dusty Bowl|Leech Seed|p1a: imposter
|-immune|p1a: imposter
|
|-heal|p2a: Dusty Bowl|56/100|[from] item: Leftovers
|upkeep
|turn|41
|c|☆Tahz|gg
|
|t:|1665758725
|move|p1a: imposter|Gyro Ball|p2a: Dusty Bowl
|-resisted|p2a: Dusty Bowl
|-damage|p2a: Dusty Bowl|54/100
|-damage|p1a: imposter|20/100|[from] ability: Iron Barbs|[of] p2a: Dusty Bowl
|move|p2a: Dusty Bowl|Leech Seed|p1a: imposter
|-immune|p1a: imposter
|
|-heal|p2a: Dusty Bowl|60/100|[from] item: Leftovers
|upkeep
|turn|42
|c|☆coolthingdude|have a good day all I have to say
|
|t:|1665758736
|move|p1a: imposter|Gyro Ball|p2a: Dusty Bowl
|-resisted|p2a: Dusty Bowl
|-damage|p2a: Dusty Bowl|58/100
|-damage|p1a: imposter|8/100|[from] ability: Iron Barbs|[of] p2a: Dusty Bowl
|move|p2a: Dusty Bowl|Leech Seed|p1a: imposter
|-immune|p1a: imposter
|
|-heal|p2a: Dusty Bowl|64/100|[from] item: Leftovers
|upkeep
|turn|43
|c|☆Tahz|ty you 2
|
|t:|1665758747
|-activate|p1a: imposter|move: Struggle
|move|p1a: imposter|Struggle|p2a: Dusty Bowl
|-damage|p2a: Dusty Bowl|55/100
|-damage|p1a: imposter|0 fnt|[from] ability: Iron Barbs|[of] p2a: Dusty Bowl
|faint|p1a: imposter
|
|win|Tahz
|raw|coolthingdude's rating: 1754 &rarr; <strong>1734</strong><br />(-20 for losing)
|raw|Tahz's rating: 1760 &rarr; <strong>1780</strong><br />(+20 for winning)
|l|☆coolthingdude
||Ladder isn't responding, score probably updated but might not have (Request timeout).
|l|☆Tahz
|j|☆Tahz
|player|p2|Tahz|veteran
