|j|☆Matsui_Miyako
|j|☆Assassin789
|t:|1660575483
|gametype|singles
|player|p1|Matsui_Miyako|silver|1527
|player|p2|Assassin789|lance|1428
|teamsize|p1|6
|teamsize|p2|6
|gen|8
|tier|[Gen 8] National Dex AG
|rated|
|rule|HP Percentage Mod: HP is shown in percentages
|rule|Endless Battle Clause: Forcing endless battles is banned
|clearpoke
|poke|p1|Pineco, L1, F|
|poke|p1|Xerneas-*|
|poke|p1|Victini|
|poke|p1|Pineco, L1, M|
|poke|p1|Ditto|
|poke|p1|Marshadow|
|poke|p2|Togekiss, M|
|poke|p2|Ferrothorn, F|
|poke|p2|Salamence, F|
|poke|p2|Excadrill, M|
|poke|p2|Quagsire, F|
|poke|p2|Nihilego|
|teampreview
|
|t:|1660575492
|start
|switch|p1a: Victini|Victini|100/100
|switch|p2a: Salamence|Salamence, F|100/100
|turn|1
|
|t:|1660575498
|detailschange|p2a: Salamence|Salamence-Mega, F
|-mega|p2a: Salamence|Salamence|Salamencite
|move|p1a: Victini|Final Gambit|p2a: Salamence
|-damage|p2a: Salamence|0 fnt
|faint|p1a: Victini
|faint|p2a: Salamence
|
|upkeep
|
|t:|1660575514
|switch|p2a: Excadrill|Excadrill, M|100/100
|switch|p1a: Xerneas|Xerneas|100/100
|-ability|p1a: Xerneas|Fairy Aura
|-ability|p2a: Excadrill|Mold Breaker
|turn|2
|inactive|Battle timer is ON: inactive players will automatically lose when time's up. (requested by Matsui_Miyako)
|
|t:|1660575522
|move|p1a: Xerneas|Geomancy||[still]
|-prepare|p1a: Xerneas|Geomancy
|-enditem|p1a: Xerneas|Power Herb
|-anim|p1a: Xerneas|Geomancy|p1a: Xerneas
|-boost|p1a: Xerneas|spa|2
|-boost|p1a: Xerneas|spd|2
|-boost|p1a: Xerneas|spe|2
|move|p2a: Excadrill|Iron Head|p1a: Xerneas
|-supereffective|p1a: Xerneas
|-damage|p1a: Xerneas|33/100
|
|upkeep
|turn|3
|
|t:|1660575530
|-start|p1a: Xerneas|Dynamax|
|-heal|p1a: Xerneas|33/100|[silent]
|move|p1a: Xerneas|Max Flare|p2a: Excadrill
|-supereffective|p2a: Excadrill
|-damage|p2a: Excadrill|0 fnt
|-weather|SunnyDay
|faint|p2a: Excadrill
|
|-weather|SunnyDay|[upkeep]
|upkeep
|
|t:|1660575543
|switch|p2a: Quagsire|Quagsire, F|100/100
|turn|4
|
|t:|1660575547
|move|p1a: Xerneas|Max Starfall|p2a: Quagsire
|-damage|p2a: Quagsire|0 fnt
|-fieldstart|move: Misty Terrain
|faint|p2a: Quagsire
|
|-weather|SunnyDay|[upkeep]
|upkeep
|
|t:|1660575561
|switch|p2a: Togekiss|Togekiss, M|100/100
|turn|5
|
|t:|1660575566
|-start|p2a: Togekiss|Dynamax|
|-heal|p2a: Togekiss|100/100|[silent]
|move|p1a: Xerneas|Max Lightning|p2a: Togekiss
|-supereffective|p2a: Togekiss
|-damage|p2a: Togekiss|2/100
|-fieldstart|move: Electric Terrain
|move|p2a: Togekiss|Max Airstream|p1a: Xerneas
|-crit|p1a: Xerneas
|-damage|p1a: Xerneas|0 fnt
|-boost|p2a: Togekiss|spe|1
|faint|p1a: Xerneas
|
|-weather|SunnyDay|[upkeep]
|upkeep
|
|t:|1660575581
|switch|p1a: Marshadow|Marshadow|100/100
|turn|6
|
|t:|1660575584
|move|p1a: Marshadow|Shadow Sneak|p2a: Togekiss
|-damage|p2a: Togekiss|0 fnt
|faint|p2a: Togekiss
|
|-weather|SunnyDay|[upkeep]
|upkeep
|
|t:|1660575593
|switch|p2a: Ferrothorn|Ferrothorn, F|100/100
|turn|7
|
|t:|1660575597
|move|p1a: Marshadow|Close Combat|p2a: Ferrothorn
|-supereffective|p2a: Ferrothorn
|-damage|p2a: Ferrothorn|34/100
|-unboost|p1a: Marshadow|def|1
|-unboost|p1a: Marshadow|spd|1
|-damage|p1a: Marshadow|88/100|[from] ability: Iron Barbs|[of] p2a: Ferrothorn
|-damage|p1a: Marshadow|72/100|[from] item: Rocky Helmet|[of] p2a: Ferrothorn
|move|p2a: Ferrothorn|Leech Seed|p1a: Marshadow|[miss]
|-miss|p2a: Ferrothorn|p1a: Marshadow
|
|-weather|none
|upkeep
|turn|8
|
|t:|1660575607
|move|p1a: Marshadow|Close Combat|p2a: Ferrothorn
|-supereffective|p2a: Ferrothorn
|-crit|p2a: Ferrothorn
|-damage|p2a: Ferrothorn|0 fnt
|-unboost|p1a: Marshadow|def|1
|-unboost|p1a: Marshadow|spd|1
|-damage|p1a: Marshadow|59/100|[from] ability: Iron Barbs|[of] p2a: Ferrothorn
|-damage|p1a: Marshadow|43/100|[from] item: Rocky Helmet|[of] p2a: Ferrothorn
|faint|p2a: Ferrothorn
|
|upkeep
|
|t:|1660575615
|switch|p2a: Nihilego|Nihilego|100/100
|turn|9
|
|t:|1660575620
|move|p1a: Marshadow|Close Combat|p2a: Nihilego
|-crit|p2a: Nihilego
|-damage|p2a: Nihilego|0 fnt
|-unboost|p1a: Marshadow|def|1
|-unboost|p1a: Marshadow|spd|1
|faint|p2a: Nihilego
|
|win|Matsui_Miyako
|raw|Matsui_Miyako's rating: 1527 &rarr; <strong>1541</strong><br />(+14 for winning)
|raw|Assassin789's rating: 1428 &rarr; <strong>1414</strong><br />(-14 for losing)
|l|☆Assassin789
||Ladder isn't responding, score probably updated but might not have (Request timeout).
