|j|☆chopforce8
|j|☆coloer
|t:|1657632255
|gametype|singles
|player|p1|chopforce8|red|1776
|player|p2|coloer|red|1624
|teamsize|p1|6
|teamsize|p2|6
|gen|8
|tier|[Gen 8] National Dex AG
|rated|
|rule|HP Percentage Mod: HP is shown in percentages
|rule|Endless Battle Clause: Forcing endless battles is banned
|clearpoke
|poke|p1|Wobbuffet, M|
|poke|p1|Gengar, M|
|poke|p1|Gothitelle, M|
|poke|p1|Arceus-*|
|poke|p1|Arceus-*|
|poke|p1|Arceus-*|
|poke|p2|Eternatus|
|poke|p2|Zacian-*|
|poke|p2|Kyogre|
|poke|p2|Rayquaza|
|poke|p2|Slurpuff, M|
|poke|p2|Ditto|
|teampreview
|
|t:|1657632263
|start
|switch|p1a: Wobbuffet|Wobbuffet, M|100/100
|switch|p2a: Slurpuff|Slurpuff, M|100/100
|turn|1
|
|t:|1657632272
|move|p2a: Slurpuff|Sticky Web|p1a: Wobbuffet
|-sidestart|p1: chopforce8|move: Sticky Web
|move|p1a: Wobbuffet|Encore|p2a: Slurpuff
|-start|p2a: Slurpuff|Encore
|
|upkeep
|turn|2
|
|t:|1657632278
|switch|p1a: Gothitelle|Gothitelle, M|100/100
|-activate|p1a: Gothitelle|move: Sticky Web
|-unboost|p1a: Gothitelle|spe|1
|move|p2a: Slurpuff|Sticky Web||[still]
|-fail|p2a: Slurpuff
|
|upkeep
|turn|3
|j| ThisIsntHilarious
|
|t:|1657632284
|move|p2a: Slurpuff|Sticky Web||[still]
|-fail|p2a: Slurpuff
|move|p1a: Gothitelle|Trick|p2a: Slurpuff
|-activate|p1a: Gothitelle|move: Trick|[of] p2a: Slurpuff
|-item|p2a: Slurpuff|Choice Scarf|[from] move: Trick
|-item|p1a: Gothitelle|Focus Sash|[from] move: Trick
|
|upkeep
|turn|4
|
|t:|1657632292
|move|p2a: Slurpuff|Sticky Web||[still]
|-fail|p2a: Slurpuff
|move|p1a: Gothitelle|Calm Mind|p1a: Gothitelle
|-boost|p1a: Gothitelle|spa|1
|-boost|p1a: Gothitelle|spd|1
|
|-end|p2a: Slurpuff|Encore
|upkeep
|turn|5
|
|t:|1657632310
|move|p2a: Slurpuff|Sticky Web||[still]
|-fail|p2a: Slurpuff
|move|p1a: Gothitelle|Calm Mind|p1a: Gothitelle
|-boost|p1a: Gothitelle|spa|1
|-boost|p1a: Gothitelle|spd|1
|
|upkeep
|turn|6
|
|t:|1657632323
|move|p2a: Slurpuff|Sticky Web||[still]
|-fail|p2a: Slurpuff
|move|p1a: Gothitelle|Calm Mind|p1a: Gothitelle
|-boost|p1a: Gothitelle|spa|1
|-boost|p1a: Gothitelle|spd|1
|
|upkeep
|turn|7
|
|t:|1657632332
|move|p2a: Slurpuff|Sticky Web||[still]
|-fail|p2a: Slurpuff
|move|p1a: Gothitelle|Calm Mind|p1a: Gothitelle
|-boost|p1a: Gothitelle|spa|1
|-boost|p1a: Gothitelle|spd|1
|
|upkeep
|turn|8
|
|t:|1657632345
|move|p2a: Slurpuff|Sticky Web||[still]
|-fail|p2a: Slurpuff
|move|p1a: Gothitelle|Calm Mind|p1a: Gothitelle
|-boost|p1a: Gothitelle|spa|1
|-boost|p1a: Gothitelle|spd|1
|
|upkeep
|turn|9
|
|t:|1657632354
|move|p2a: Slurpuff|Sticky Web||[still]
|-fail|p2a: Slurpuff
|move|p1a: Gothitelle|Calm Mind|p1a: Gothitelle
|-boost|p1a: Gothitelle|spa|1
|-boost|p1a: Gothitelle|spd|1
|
|upkeep
|turn|10
|
|t:|1657632363
|move|p2a: Slurpuff|Sticky Web||[still]
|-fail|p2a: Slurpuff
|move|p1a: Gothitelle|Dark Pulse|p2a: Slurpuff
|-resisted|p2a: Slurpuff
|-damage|p2a: Slurpuff|35/100
|
|upkeep
|turn|11
|
|t:|1657632368
|move|p2a: Slurpuff|Sticky Web||[still]
|-fail|p2a: Slurpuff
|move|p1a: Gothitelle|Dark Pulse|p2a: Slurpuff
|-resisted|p2a: Slurpuff
|-damage|p2a: Slurpuff|0 fnt
|faint|p2a: Slurpuff
|
|upkeep
|
|t:|1657632372
|switch|p2a: Zacian|Zacian-Crowned|100/100
|-ability|p2a: Zacian|Intrepid Sword|boost
|-boost|p2a: Zacian|atk|1
|turn|12
|
|t:|1657632379
|move|p2a: Zacian|Behemoth Blade|p1a: Gothitelle
|-enditem|p1a: Gothitelle|Focus Sash
|-damage|p1a: Gothitelle|1/100
|move|p1a: Gothitelle|Dark Pulse|p2a: Zacian
|-resisted|p2a: Zacian
|-damage|p2a: Zacian|60/100
|
|upkeep
|turn|13
|
|t:|1657632387
|move|p2a: Zacian|Behemoth Blade|p1a: Gothitelle
|-damage|p1a: Gothitelle|0 fnt
|faint|p1a: Gothitelle
|
|upkeep
|
|t:|1657632393
|switch|p1a: Wobbuffet|Wobbuffet, M|100/100
|-activate|p1a: Wobbuffet|move: Sticky Web
|-unboost|p1a: Wobbuffet|spe|1
|turn|14
|
|t:|1657632400
|move|p2a: Zacian|Behemoth Blade|p1a: Wobbuffet
|-damage|p1a: Wobbuffet|12/100
|move|p1a: Wobbuffet|Counter|p2a: Zacian
|-damage|p2a: Zacian|0 fnt
|faint|p2a: Zacian
|
|upkeep
|
|t:|1657632408
|switch|p2a: Rayquaza|Rayquaza, shiny|100/100
|-ability|p2a: Rayquaza|Air Lock
|turn|15
|
|t:|1657632416
|-start|p2a: Rayquaza|Dynamax|
|-heal|p2a: Rayquaza|100/100|[silent]
|move|p2a: Rayquaza|Max Airstream|p1a: Wobbuffet
|-damage|p1a: Wobbuffet|0 fnt
|-boost|p2a: Rayquaza|spe|1
|faint|p1a: Wobbuffet
|-damage|p2a: Rayquaza|96/100|[from] item: Life Orb
|
|upkeep
|
|t:|1657632433
|switch|p1a: Arceus|Arceus-Water|100/100
|-activate|p1a: Arceus|move: Sticky Web
|-unboost|p1a: Arceus|spe|1
|turn|16
|
|t:|1657632440
|move|p2a: Rayquaza|Max Lightning|p1a: Arceus
|-supereffective|p1a: Arceus
|-damage|p1a: Arceus|13/100
|-fieldstart|move: Electric Terrain
|-damage|p2a: Rayquaza|91/100|[from] item: Life Orb
|move|p1a: Arceus|Toxic|p2a: Rayquaza
|-status|p2a: Rayquaza|tox
|
|-damage|p2a: Rayquaza|88/100 tox|[from] psn
|upkeep
|turn|17
|
|t:|1657632450
|move|p2a: Rayquaza|Max Lightning|p1a: Arceus
|-supereffective|p1a: Arceus
|-damage|p1a: Arceus|0 fnt
|faint|p1a: Arceus
|-damage|p2a: Rayquaza|83/100 tox|[from] item: Life Orb
|
|-damage|p2a: Rayquaza|77/100 tox|[from] psn
|upkeep
|
|t:|1657632462
|switch|p1a: Gengar|Gengar, M|100/100
|-activate|p1a: Gengar|move: Sticky Web
|-unboost|p1a: Gengar|spe|1
|-end|p2a: Rayquaza|Dynamax
|-heal|p2a: Rayquaza|77/100 tox|[silent]
|turn|18
|
|t:|1657632468
|detailschange|p1a: Gengar|Gengar-Mega, M
|-mega|p1a: Gengar|Gengar|Gengarite
|move|p1a: Gengar|Protect|p1a: Gengar
|-singleturn|p1a: Gengar|Protect
|move|p2a: Rayquaza|Hurricane|p1a: Gengar
|-activate|p1a: Gengar|move: Protect
|
|-damage|p2a: Rayquaza|59/100 tox|[from] psn
|upkeep
|turn|19
|
|t:|1657632482
|move|p1a: Gengar|Endure||[still]
|-fail|p1a: Gengar
|move|p2a: Rayquaza|Hurricane|p1a: Gengar
|-damage|p1a: Gengar|8/100
|-damage|p2a: Rayquaza|49/100 tox|[from] item: Life Orb
|
|-damage|p2a: Rayquaza|25/100 tox|[from] psn
|upkeep
|turn|20
|
|t:|1657632492
|move|p1a: Gengar|Protect|p1a: Gengar
|-singleturn|p1a: Gengar|Protect
|move|p2a: Rayquaza|Hurricane|p1a: Gengar
|-activate|p1a: Gengar|move: Protect
|
|-damage|p2a: Rayquaza|0 fnt|[from] psn
|faint|p2a: Rayquaza
|-fieldend|move: Electric Terrain
|upkeep
|
|t:|1657632502
|switch|p2a: Kyogre|Kyogre, shiny|100/100
|detailschange|p2a: Kyogre|Kyogre-Primal, shiny
|-primal|p2a: Kyogre
|-weather|PrimordialSea|[from] ability: Primordial Sea|[of] p2a: Kyogre
|turn|21
|
|t:|1657632534
|move|p2a: Kyogre|Water Spout|p1a: Gengar
|-damage|p1a: Gengar|0 fnt
|faint|p1a: Gengar
|
|-weather|PrimordialSea|[upkeep]
|upkeep
|
|t:|1657632540
|switch|p1a: Arceus|Arceus-Flying|100/100
|turn|22
|
|t:|1657632543
|-start|p1a: Arceus|Dynamax|
|-heal|p1a: Arceus|100/100|[silent]
|move|p1a: Arceus|Max Airstream|p2a: Kyogre
|-damage|p2a: Kyogre|60/100
|-boost|p1a: Arceus|spe|1
|move|p2a: Kyogre|Thunder|p1a: Arceus
|-supereffective|p1a: Arceus
|-damage|p1a: Arceus|67/100
|-status|p1a: Arceus|par
|
|-weather|PrimordialSea|[upkeep]
|upkeep
|turn|23
|
|t:|1657632555
|move|p2a: Kyogre|Thunder|p1a: Arceus
|-supereffective|p1a: Arceus
|-damage|p1a: Arceus|33/100 par
|move|p1a: Arceus|Max Airstream|p2a: Kyogre
|-damage|p2a: Kyogre|17/100
|-boost|p1a: Arceus|spe|1
|
|-weather|PrimordialSea|[upkeep]
|upkeep
|turn|24
|
|t:|1657632569
|move|p1a: Arceus|Max Airstream|p2a: Kyogre
|-damage|p2a: Kyogre|0 fnt
|-boost|p1a: Arceus|spe|1
|faint|p2a: Kyogre
|-weather|none
|
|upkeep
|
|t:|1657632574
|switch|p2a: Eternatus|Eternatus|100/100
|-ability|p2a: Eternatus|Pressure
|-end|p1a: Arceus|Dynamax
|-heal|p1a: Arceus|33/100 par|[silent]
|turn|25
|
|t:|1657632580
|move|p1a: Arceus|Recover|p1a: Arceus
|-heal|p1a: Arceus|83/100 par
|move|p2a: Eternatus|Cosmic Power|p2a: Eternatus
|-boost|p2a: Eternatus|def|1
|-boost|p2a: Eternatus|spd|1
|
|upkeep
|turn|26
|
|t:|1657632586
|move|p1a: Arceus|Perish Song|p1a: Arceus
|-start|p1a: Arceus|perish3|[silent]
|-start|p2a: Eternatus|perish3|[silent]
|-fieldactivate|move: Perish Song
|move|p2a: Eternatus|Cosmic Power|p2a: Eternatus
|-boost|p2a: Eternatus|def|1
|-boost|p2a: Eternatus|spd|1
|
|-start|p1a: Arceus|perish3
|-start|p2a: Eternatus|perish3
|upkeep
|turn|27
|
|t:|1657632593
|switch|p1a: Arceus|Arceus-Dark|100/100
|-activate|p1a: Arceus|move: Sticky Web
|-unboost|p1a: Arceus|spe|1
|switch|p2a: Ditto|Ditto|100/100
|-transform|p2a: Ditto|p1a: Arceus|[from] ability: Imposter
|
|upkeep
|turn|28
|
|t:|1657632610
|move|p2a: Ditto|Judgment|p1a: Arceus
|-damage|p1a: Arceus|82/100
|move|p1a: Arceus|Calm Mind|p1a: Arceus
|-boost|p1a: Arceus|spa|1
|-boost|p1a: Arceus|spd|1
|
|upkeep
|turn|29
|
|t:|1657632629
|switch|p2a: Eternatus|Eternatus|100/100
|-ability|p2a: Eternatus|Pressure
|move|p1a: Arceus|Judgment|p2a: Eternatus
|-damage|p2a: Eternatus|51/100
|
|-heal|p2a: Eternatus|57/100|[from] item: Black Sludge
|upkeep
|turn|30
|
|t:|1657632637
|move|p2a: Eternatus|Recover|p2a: Eternatus
|-heal|p2a: Eternatus|100/100
|move|p1a: Arceus|Judgment|p2a: Eternatus
|-damage|p2a: Eternatus|45/100
|
|-heal|p2a: Eternatus|51/100|[from] item: Black Sludge
|upkeep
|turn|31
|
|t:|1657632644
|move|p2a: Eternatus|Recover|p2a: Eternatus
|-heal|p2a: Eternatus|100/100
|move|p1a: Arceus|Calm Mind|p1a: Arceus
|-boost|p1a: Arceus|spa|1
|-boost|p1a: Arceus|spd|1
|
|upkeep
|turn|32
|
|t:|1657632650
|move|p2a: Eternatus|Cosmic Power|p2a: Eternatus
|-boost|p2a: Eternatus|def|1
|-boost|p2a: Eternatus|spd|1
|move|p1a: Arceus|Judgment|p2a: Eternatus
|-damage|p2a: Eternatus|50/100
|
|-heal|p2a: Eternatus|56/100|[from] item: Black Sludge
|upkeep
|turn|33
|
|t:|1657632657
|move|p2a: Eternatus|Recover|p2a: Eternatus
|-heal|p2a: Eternatus|100/100
|move|p1a: Arceus|Calm Mind|p1a: Arceus
|-boost|p1a: Arceus|spa|1
|-boost|p1a: Arceus|spd|1
|
|upkeep
|turn|34
|
|t:|1657632662
|move|p2a: Eternatus|Cosmic Power|p2a: Eternatus
|-boost|p2a: Eternatus|def|1
|-boost|p2a: Eternatus|spd|1
|move|p1a: Arceus|Judgment|p2a: Eternatus
|-damage|p2a: Eternatus|59/100
|
|-heal|p2a: Eternatus|65/100|[from] item: Black Sludge
|upkeep
|turn|35
|
|t:|1657632670
|move|p2a: Eternatus|Cosmic Power|p2a: Eternatus
|-boost|p2a: Eternatus|def|1
|-boost|p2a: Eternatus|spd|1
|move|p1a: Arceus|Perish Song|p1a: Arceus
|-start|p1a: Arceus|perish3|[silent]
|-start|p2a: Eternatus|perish3|[silent]
|-fieldactivate|move: Perish Song
|
|-heal|p2a: Eternatus|72/100|[from] item: Black Sludge
|-start|p2a: Eternatus|perish3
|-start|p1a: Arceus|perish3
|upkeep
|turn|36
|
|t:|1657632679
|move|p2a: Eternatus|Dynamax Cannon|p1a: Arceus
|-damage|p1a: Arceus|68/100
|move|p1a: Arceus|Judgment|p2a: Eternatus
|-damage|p2a: Eternatus|35/100
|
|-heal|p2a: Eternatus|41/100|[from] item: Black Sludge
|-start|p2a: Eternatus|perish2
|-start|p1a: Arceus|perish2
|upkeep
|turn|37
|
|t:|1657632688
|move|p2a: Eternatus|Recover|p2a: Eternatus
|-heal|p2a: Eternatus|91/100
|move|p1a: Arceus|Recover|p1a: Arceus
|-heal|p1a: Arceus|100/100
|
|-heal|p2a: Eternatus|97/100|[from] item: Black Sludge
|-start|p2a: Eternatus|perish1
|-start|p1a: Arceus|perish1
|upkeep
|turn|38
|
|t:|1657632697
|switch|p2a: Ditto|Ditto|100/100
|-transform|p2a: Ditto|p1a: Arceus|[from] ability: Imposter
|switch|p1a: Arceus|Arceus-Flying|83/100 par
|
|upkeep
|turn|39
|
|t:|1657632705
|move|p2a: Ditto|Calm Mind|p2a: Ditto
|-boost|p2a: Ditto|spa|1
|-boost|p2a: Ditto|spd|1
|move|p1a: Arceus|Recover|p1a: Arceus
|-heal|p1a: Arceus|100/100 par
|
|upkeep
|turn|40
|
|t:|1657632710
|move|p2a: Ditto|Judgment|p1a: Arceus
|-damage|p1a: Arceus|47/100 par
|move|p1a: Arceus|Perish Song|p1a: Arceus
|-start|p1a: Arceus|perish3|[silent]
|-start|p2a: Ditto|perish3|[silent]
|-fieldactivate|move: Perish Song
|
|-start|p2a: Ditto|perish3
|-start|p1a: Arceus|perish3
|upkeep
|turn|41
|
|t:|1657632718
|switch|p1a: Arceus|Arceus-Dark|100/100
|-activate|p1a: Arceus|move: Sticky Web
|-unboost|p1a: Arceus|spe|1
|move|p2a: Ditto|Judgment|p1a: Arceus
|-damage|p1a: Arceus|44/100
|
|-start|p2a: Ditto|perish2
|upkeep
|turn|42
|
|t:|1657632731
|move|p2a: Ditto|Judgment|p1a: Arceus
|-damage|p1a: Arceus|0 fnt
|faint|p1a: Arceus
|
|-start|p2a: Ditto|perish1
|upkeep
|
|t:|1657632739
|switch|p1a: Arceus|Arceus-Flying|47/100 par
|turn|43
|
|t:|1657632742
|switch|p2a: Eternatus|Eternatus|97/100
|-ability|p2a: Eternatus|Pressure
|move|p1a: Arceus|Recover|p1a: Arceus
|-heal|p1a: Arceus|97/100 par
|
|-heal|p2a: Eternatus|100/100|[from] item: Black Sludge
|upkeep
|turn|44
|
|t:|1657632750
|switch|p2a: Ditto|Ditto|100/100
|-transform|p2a: Ditto|p1a: Arceus|[from] ability: Imposter
|move|p1a: Arceus|Calm Mind|p1a: Arceus
|-boost|p1a: Arceus|spa|1
|-boost|p1a: Arceus|spd|1
|
|upkeep
|turn|45
|
|t:|1657632757
|move|p2a: Ditto|Perish Song|p2a: Ditto
|-start|p1a: Arceus|perish3|[silent]
|-start|p2a: Ditto|perish3|[silent]
|-fieldactivate|move: Perish Song
|move|p1a: Arceus|Calm Mind|p1a: Arceus
|-boost|p1a: Arceus|spa|1
|-boost|p1a: Arceus|spd|1
|
|-start|p2a: Ditto|perish3
|-start|p1a: Arceus|perish3
|upkeep
|turn|46
|
|t:|1657632766
|move|p2a: Ditto|Recover||[still]
|-fail|p2a: Ditto|heal
|move|p1a: Arceus|Judgment|p2a: Ditto
|-enditem|p2a: Ditto|Focus Sash
|-damage|p2a: Ditto|1/100
|
|-start|p2a: Ditto|perish2
|-start|p1a: Arceus|perish2
|upkeep
|turn|47
|
|t:|1657632775
|move|p2a: Ditto|Recover|p2a: Ditto
|-heal|p2a: Ditto|51/100
|move|p1a: Arceus|Judgment|p2a: Ditto
|-damage|p2a: Ditto|0 fnt
|faint|p2a: Ditto
|
|-start|p1a: Arceus|perish1
|upkeep
|
|t:|1657632778
|switch|p2a: Eternatus|Eternatus|100/100
|-ability|p2a: Eternatus|Pressure
|turn|48
|
|t:|1657632785
|move|p2a: Eternatus|Recover||[still]
|-fail|p2a: Eternatus|heal
|move|p1a: Arceus|Judgment|p2a: Eternatus
|-crit|p2a: Eternatus
|-damage|p2a: Eternatus|0 fnt
|faint|p2a: Eternatus
|
|win|chopforce8
|raw|chopforce8's rating: 1776 &rarr; <strong>1788</strong><br />(+12 for winning)
|raw|coloer's rating: 1624 &rarr; <strong>1612</strong><br />(-12 for losing)
|l|☆chopforce8
|l|☆coloer
|l| ThisIsntHilarious
||Ladder isn't responding, score probably updated but might not have (Request timeout).
