|j|☆soda49
|j|☆Log4j
|t:|1640663371
|gametype|singles
|player|p1|soda49|101|1777
|player|p2|Log4j|265|1868
|teamsize|p1|6
|teamsize|p2|6
|gen|8
|tier|[Gen 8] National Dex AG
|rated|
|rule|HP Percentage Mod: HP is shown in percentages
|rule|Endless Battle Clause: Forcing endless battles is banned
|clearpoke
|poke|p1|Smeargle, M|
|poke|p1|Charizard, F|
|poke|p1|Mimikyu, F|
|poke|p1|Calyrex-Shadow|
|poke|p1|Rayquaza|
|poke|p1|Thundurus, M|
|poke|p2|Calyrex-Shadow|
|poke|p2|Groudon|
|poke|p2|Yveltal|
|poke|p2|Ho-Oh|
|poke|p2|Rayquaza|
|poke|p2|Arceus-*|
|teampreview
|inactive|Battle timer is ON: inactive players will automatically lose when time's up. (requested by soda49)
|j| Hawgharian
|
|t:|1640663382
|start
|switch|p1a: Charizard|Charizard, F|100/100
|switch|p2a: Arceus|Arceus-Fairy|100/100
|turn|1
|
|t:|1640663391
|-start|p1a: Charizard|Dynamax
|-formechange|p1a: Charizard|Charizard-Gmax
|-heal|p1a: Charizard|100/100|[silent]
|move|p1a: Charizard|Max Airstream|p2a: Arceus
|-damage|p2a: Arceus|69/100
|-boost|p1a: Charizard|spe|1
|move|p2a: Arceus|Toxic|p1a: Charizard
|-status|p1a: Charizard|tox
|-enditem|p1a: Charizard|Lum Berry|[eat]
|-curestatus|p1a: Charizard|tox|[msg]
|
|upkeep
|turn|2
|
|t:|1640663405
|move|p1a: Charizard|G-Max Wildfire|p2a: Arceus
|-damage|p2a: Arceus|31/100
|-sidestart|p2: Log4j|G-Max Wildfire
|move|p2a: Arceus|Recover|p2a: Arceus
|-heal|p2a: Arceus|81/100
|
|-damage|p2a: Arceus|64/100|[from] G-Max Wildfire
|upkeep
|turn|3
|l| Hawgharian
|
|t:|1640663422
|move|p1a: Charizard|Max Quake|p2a: Arceus
|-damage|p2a: Arceus|43/100
|-boost|p1a: Charizard|spd|1
|move|p2a: Arceus|Recover|p2a: Arceus
|-heal|p2a: Arceus|93/100
|
|-damage|p2a: Arceus|76/100|[from] G-Max Wildfire
|-end|p1a: Charizard|Dynamax
|-formechange|p1a: Charizard|Charizard
|-heal|p1a: Charizard|100/100|[silent]
|upkeep
|turn|4
|
|t:|1640663430
|move|p1a: Charizard|Air Slash|p2a: Arceus
|-damage|p2a: Arceus|58/100
|move|p2a: Arceus|Recover|p2a: Arceus
|-heal|p2a: Arceus|100/100
|
|-damage|p2a: Arceus|84/100|[from] G-Max Wildfire
|upkeep
|turn|5
|
|t:|1640663437
|move|p1a: Charizard|Air Slash|p2a: Arceus
|-damage|p2a: Arceus|64/100
|move|p2a: Arceus|Toxic|p1a: Charizard
|-status|p1a: Charizard|tox
|
|-damage|p2a: Arceus|47/100|[from] G-Max Wildfire
|-damage|p1a: Charizard|94/100 tox|[from] psn
|-sideend|p2: Log4j|G-Max Wildfire
|upkeep
|turn|6
|
|t:|1640663444
|move|p1a: Charizard|Air Slash|p2a: Arceus
|-damage|p2a: Arceus|29/100
|cant|p2a: Arceus|flinch
|
|-damage|p1a: Charizard|82/100 tox|[from] psn
|upkeep
|turn|7
|
|t:|1640663449
|move|p1a: Charizard|Blast Burn|p2a: Arceus
|-damage|p2a: Arceus|0 fnt
|-mustrecharge|p1a: Charizard
|faint|p2a: Arceus
|
|-damage|p1a: Charizard|64/100 tox|[from] psn
|upkeep
|
|t:|1640663459
|switch|p2a: Calyrex|Calyrex-Shadow|100/100
|-ability|p2a: Calyrex|As One
|-ability|p2a: Calyrex|Unnerve
|turn|8
|
|t:|1640663462
|cant|p1a: Charizard|recharge
|move|p2a: Calyrex|Astral Barrage|p1a: Charizard
|-damage|p1a: Charizard|0 fnt
|faint|p1a: Charizard
|-ability|p2a: Calyrex|Grim Neigh|boost
|-boost|p2a: Calyrex|spa|1
|
|upkeep
|
|t:|1640663483
|switch|p1a: Thundurus|Thundurus, M|100/100
|turn|9
|
|t:|1640663488
|move|p1a: Thundurus|Taunt|p2a: Calyrex
|-start|p2a: Calyrex|move: Taunt
|move|p2a: Calyrex|Astral Barrage|p1a: Thundurus
|-damage|p1a: Thundurus|10/100
|
|upkeep
|turn|10
|
|t:|1640663495
|move|p1a: Thundurus|Scary Face|p2a: Calyrex
|-unboost|p2a: Calyrex|spe|2
|move|p2a: Calyrex|Astral Barrage|p1a: Thundurus
|-damage|p1a: Thundurus|0 fnt
|faint|p1a: Thundurus
|-ability|p2a: Calyrex|Grim Neigh|boost
|-boost|p2a: Calyrex|spa|1
|
|upkeep
|
|t:|1640663500
|switch|p1a: The wobbler|Smeargle, M|100/100
|turn|11
|
|t:|1640663503
|switch|p2a: Ho-Oh|Ho-Oh|100/100
|move|p1a: The wobbler|Spore|p2a: Ho-Oh
|-status|p2a: Ho-Oh|slp|[from] move: Spore
|
|-ability|p1a: The wobbler|Moody|boost
|-boost|p1a: The wobbler|spd|2
|-unboost|p1a: The wobbler|atk|1
|upkeep
|turn|12
|
|t:|1640663507
|move|p1a: The wobbler|Substitute|p1a: The wobbler
|-start|p1a: The wobbler|Substitute
|-damage|p1a: The wobbler|76/100
|cant|p2a: Ho-Oh|slp
|
|-heal|p1a: The wobbler|82/100|[from] item: Leftovers
|-ability|p1a: The wobbler|Moody|boost
|-boost|p1a: The wobbler|def|2
|-unboost|p1a: The wobbler|spd|1
|upkeep
|turn|13
|
|t:|1640663512
|move|p1a: The wobbler|Shell Smash|p1a: The wobbler
|-unboost|p1a: The wobbler|def|1
|-unboost|p1a: The wobbler|spd|1
|-boost|p1a: The wobbler|atk|2
|-boost|p1a: The wobbler|spa|2
|-boost|p1a: The wobbler|spe|2
|cant|p2a: Ho-Oh|slp
|
|-heal|p1a: The wobbler|88/100|[from] item: Leftovers
|-ability|p1a: The wobbler|Moody|boost
|-boost|p1a: The wobbler|spd|2
|-unboost|p1a: The wobbler|spe|1
|upkeep
|turn|14
|
|t:|1640663519
|move|p1a: The wobbler|Power Trip|p2a: Ho-Oh
|-crit|p2a: Ho-Oh
|-damage|p2a: Ho-Oh|67/100 slp
|cant|p2a: Ho-Oh|slp
|
|-heal|p1a: The wobbler|94/100|[from] item: Leftovers
|-ability|p1a: The wobbler|Moody|boost
|-boost|p1a: The wobbler|atk|2
|-unboost|p1a: The wobbler|spe|1
|upkeep
|turn|15
|
|t:|1640663528
|move|p1a: The wobbler|Power Trip|p2a: Ho-Oh
|-damage|p2a: Ho-Oh|24/100 slp
|-curestatus|p2a: Ho-Oh|slp|[msg]
|move|p2a: Ho-Oh|Whirlwind|p1a: The wobbler
|drag|p1a: Calyrex|Calyrex-Shadow|100/100
|-ability|p1a: Calyrex|As One
|-ability|p1a: Calyrex|Unnerve
|
|upkeep
|turn|16
|
|t:|1640663548
|switch|p1a: Mimikyu|Mimikyu, F|100/100
|switch|p2a: Yveltal|Yveltal|100/100
|-ability|p2a: Yveltal|Dark Aura
|
|upkeep
|turn|17
|
|t:|1640663553
|-start|p2a: Yveltal|Dynamax
|-heal|p2a: Yveltal|100/100|[silent]
|move|p2a: Yveltal|Max Airstream|p1a: Mimikyu
|-activate|p1a: Mimikyu|ability: Disguise
|-damage|p1a: Mimikyu|100/100
|-boost|p2a: Yveltal|spe|1
|detailschange|p1a: Mimikyu|Mimikyu-Busted, F
|-damage|p1a: Mimikyu|88/100|[from] pokemon: Mimikyu-Busted
|-damage|p2a: Yveltal|96/100|[from] item: Life Orb
|move|p1a: Mimikyu|Trick Room|p1a: Mimikyu
|-fieldstart|move: Trick Room|[of] p1a: Mimikyu
|
|upkeep
|turn|18
|
|t:|1640663563
|move|p1a: Mimikyu|Curse|p2a: Yveltal
|-start|p2a: Yveltal|Curse|[of] p1a: Mimikyu
|-damage|p1a: Mimikyu|38/100
|move|p2a: Yveltal|Max Darkness|p1a: Mimikyu
|-damage|p1a: Mimikyu|0 fnt
|faint|p1a: Mimikyu
|-damage|p2a: Yveltal|91/100|[from] item: Life Orb
|
|-damage|p2a: Yveltal|78/100|[from] Curse
|upkeep
|
|t:|1640663568
|switch|p1a: The wobbler|Smeargle, M|94/100
|turn|19
|
|t:|1640663577
|-end|p2a: Yveltal|Dynamax
|-heal|p2a: Yveltal|78/100|[silent]
|switch|p2a: Ho-Oh|Ho-Oh|57/100
|move|p1a: The wobbler|Spore|p2a: Ho-Oh
|-status|p2a: Ho-Oh|slp|[from] move: Spore
|
|-heal|p1a: The wobbler|99/100|[from] item: Leftovers
|-ability|p1a: The wobbler|Moody|boost
|-boost|p1a: The wobbler|spa|2
|-unboost|p1a: The wobbler|spd|1
|upkeep
|turn|20
|
|t:|1640663595
|cant|p2a: Ho-Oh|slp
|move|p1a: The wobbler|Substitute|p1a: The wobbler
|-start|p1a: The wobbler|Substitute
|-damage|p1a: The wobbler|75/100
|
|-heal|p1a: The wobbler|81/100|[from] item: Leftovers
|-ability|p1a: The wobbler|Moody|boost
|-boost|p1a: The wobbler|spa|2
|-unboost|p1a: The wobbler|def|1
|upkeep
|turn|21
|
|t:|1640663603
|move|p1a: The wobbler|Shell Smash|p1a: The wobbler
|-unboost|p1a: The wobbler|def|1
|-unboost|p1a: The wobbler|spd|1
|-boost|p1a: The wobbler|atk|2
|-boost|p1a: The wobbler|spa|2
|-boost|p1a: The wobbler|spe|2
|cant|p2a: Ho-Oh|slp
|
|-heal|p1a: The wobbler|87/100|[from] item: Leftovers
|-fieldend|move: Trick Room
|-ability|p1a: The wobbler|Moody|boost
|-boost|p1a: The wobbler|spd|2
|-unboost|p1a: The wobbler|spa|1
|upkeep
|turn|22
|
|t:|1640663615
|move|p1a: The wobbler|Power Trip|p2a: Ho-Oh
|-damage|p2a: Ho-Oh|20/100 slp
|cant|p2a: Ho-Oh|slp
|
|-heal|p1a: The wobbler|93/100|[from] item: Leftovers
|-ability|p1a: The wobbler|Moody|boost
|-boost|p1a: The wobbler|spa|1
|-unboost|p1a: The wobbler|spd|1
|upkeep
|turn|23
|
|t:|1640663624
|switch|p2a: Yveltal|Yveltal|78/100
|-ability|p2a: Yveltal|Dark Aura
|move|p1a: The wobbler|Power Trip|p2a: Yveltal
|-resisted|p2a: Yveltal
|-damage|p2a: Yveltal|36/100
|
|-heal|p1a: The wobbler|99/100|[from] item: Leftovers
|-ability|p1a: The wobbler|Moody|boost
|-boost|p1a: The wobbler|atk|2
|-unboost|p1a: The wobbler|spe|1
|upkeep
|turn|24
|
|t:|1640663632
|move|p1a: The wobbler|Spore|p2a: Yveltal
|-status|p2a: Yveltal|slp|[from] move: Spore
|cant|p2a: Yveltal|slp
|
|-heal|p1a: The wobbler|100/100|[from] item: Leftovers
|-ability|p1a: The wobbler|Moody|boost
|-boost|p1a: The wobbler|def|2
|-unboost|p1a: The wobbler|spe|1
|upkeep
|turn|25
|
|t:|1640663637
|cant|p2a: Yveltal|slp
|move|p1a: The wobbler|Shell Smash|p1a: The wobbler
|-unboost|p1a: The wobbler|def|1
|-unboost|p1a: The wobbler|spd|1
|-boost|p1a: The wobbler|atk|2
|-boost|p1a: The wobbler|spa|0
|-boost|p1a: The wobbler|spe|2
|
|-ability|p1a: The wobbler|Moody|boost
|-boost|p1a: The wobbler|def|2
|-unboost|p1a: The wobbler|spe|1
|upkeep
|turn|26
|
|t:|1640663649
|move|p1a: The wobbler|Shell Smash|p1a: The wobbler
|-unboost|p1a: The wobbler|def|1
|-unboost|p1a: The wobbler|spd|1
|-boost|p1a: The wobbler|atk|0
|-boost|p1a: The wobbler|spa|0
|-boost|p1a: The wobbler|spe|2
|cant|p2a: Yveltal|slp
|
|-ability|p1a: The wobbler|Moody|boost
|-boost|p1a: The wobbler|def|2
|-unboost|p1a: The wobbler|spe|1
|upkeep
|turn|27
|
|t:|1640663658
|move|p1a: The wobbler|Power Trip|p2a: Yveltal
|-resisted|p2a: Yveltal
|-damage|p2a: Yveltal|0 fnt
|faint|p2a: Yveltal
|
|-ability|p1a: The wobbler|Moody|boost
|-boost|p1a: The wobbler|spd|2
|-unboost|p1a: The wobbler|spa|1
|upkeep
|
|t:|1640663666
|switch|p2a: Groudon|Groudon|100/100
|detailschange|p2a: Groudon|Groudon-Primal
|-primal|p2a: Groudon
|-weather|DesolateLand|[from] ability: Desolate Land|[of] p2a: Groudon
|turn|28
|
|t:|1640663673
|-weather|none
|switch|p2a: Ho-Oh|Ho-Oh|54/100 slp
|move|p1a: The wobbler|Spore|p2a: Ho-Oh
|-fail|p2a: Ho-Oh|slp
|
|-ability|p1a: The wobbler|Moody|boost
|-boost|p1a: The wobbler|spe|2
|-unboost|p1a: The wobbler|spd|1
|upkeep
|turn|29
|
|t:|1640663679
|switch|p2a: Groudon|Groudon-Primal|100/100
|-weather|DesolateLand|[from] ability: Desolate Land|[of] p2a: Groudon
|move|p1a: The wobbler|Power Trip|p2a: Groudon
|-damage|p2a: Groudon|24/100
|
|-weather|DesolateLand|[upkeep]
|-ability|p1a: The wobbler|Moody|boost
|-boost|p1a: The wobbler|spa|1
|-unboost|p1a: The wobbler|atk|1
|upkeep
|turn|30
|
|t:|1640663688
|move|p1a: The wobbler|Power Trip|p2a: Groudon
|-damage|p2a: Groudon|0 fnt
|faint|p2a: Groudon
|-weather|none
|
|-ability|p1a: The wobbler|Moody|boost
|-boost|p1a: The wobbler|spd|2
|-unboost|p1a: The wobbler|def|1
|upkeep
|
|t:|1640663690
|switch|p2a: Ho-Oh|Ho-Oh|87/100 slp
|turn|31
|
|t:|1640663706
|move|p1a: The wobbler|Power Trip|p2a: Ho-Oh
|-damage|p2a: Ho-Oh|0 fnt
|faint|p2a: Ho-Oh
|
|-ability|p1a: The wobbler|Moody|boost
|-boost|p1a: The wobbler|spd|2
|-unboost|p1a: The wobbler|spa|1
|upkeep
|-message|Log4j forfeited.
|
|win|soda49
|raw|soda49's rating: 1777 &rarr; <strong>1802</strong><br />(+25 for winning)
|raw|Log4j's rating: 1868 &rarr; <strong>1843</strong><br />(-25 for losing)
|l|☆Log4j
