|j|☆Vegan Diet
|j|☆Tocause
|t:|1658518618
|gametype|singles
|player|p1|Vegan Diet|clown|1475
|player|p2|Tocause|ingo|1496
|teamsize|p1|6
|teamsize|p2|6
|gen|8
|tier|[Gen 8] National Dex AG
|rated|
|rule|HP Percentage Mod: HP is shown in percentages
|rule|Endless Battle Clause: Forcing endless battles is banned
|clearpoke
|poke|p1|Arceus-*|
|poke|p1|Arceus-*|
|poke|p1|Arceus-*|
|poke|p1|Arceus-*|
|poke|p1|Arceus-*|
|poke|p1|Arceus-*|
|poke|p2|Groudon|
|poke|p2|Calyrex-Shadow|
|poke|p2|Xerneas-*|
|poke|p2|Arceus-*|
|poke|p2|Yveltal|
|poke|p2|Zacian-*|
|teampreview
|inactive|Battle timer is ON: inactive players will automatically lose when time's up. (requested by Tocause)
|
|t:|1658518627
|start
|switch|p1a: Arceus|Arceus, shiny|100/100
|switch|p2a: Groudon|Groudon, shiny|100/100
|detailschange|p2a: Groudon|Groudon-Primal, shiny
|-primal|p2a: Groudon
|-weather|DesolateLand|[from] ability: Desolate Land|[of] p2a: Groudon
|turn|1
|
|t:|1658518634
|move|p1a: Arceus|Swords Dance|p1a: Arceus
|-boost|p1a: Arceus|atk|2
|move|p2a: Groudon|Toxic|p1a: Arceus|[miss]
|-miss|p2a: Groudon|p1a: Arceus
|
|-weather|DesolateLand|[upkeep]
|upkeep
|turn|2
|
|t:|1658518642
|move|p1a: Arceus|Swords Dance|p1a: Arceus
|-boost|p1a: Arceus|atk|2
|move|p2a: Groudon|Toxic|p1a: Arceus
|-status|p1a: Arceus|tox
|
|-weather|DesolateLand|[upkeep]
|-damage|p1a: Arceus|94/100 tox|[from] psn
|upkeep
|turn|3
|
|t:|1658518656
|-weather|none
|switch|p2a: Yveltal|Yveltal, shiny|100/100
|-ability|p2a: Yveltal|Dark Aura
|move|p1a: Arceus|Swords Dance|p1a: Arceus
|-boost|p1a: Arceus|atk|2
|
|-damage|p1a: Arceus|82/100 tox|[from] psn
|upkeep
|turn|4
|
|t:|1658518666
|switch|p2a: Calyrex|Calyrex-Shadow|100/100
|-ability|p2a: Calyrex|As One
|-ability|p2a: Calyrex|Unnerve
|move|p1a: Arceus|Extreme Speed|p2a: Calyrex
|-immune|p2a: Calyrex
|
|-damage|p1a: Arceus|64/100 tox|[from] psn
|upkeep
|turn|5
|
|t:|1658518679
|move|p2a: Calyrex|Psyshock|p1a: Arceus
|-damage|p1a: Arceus|33/100 tox
|move|p1a: Arceus|Shadow Claw|p2a: Calyrex
|-supereffective|p2a: Calyrex
|-enditem|p2a: Calyrex|Focus Sash
|-damage|p2a: Calyrex|1/100
|
|-damage|p1a: Arceus|9/100 tox|[from] psn
|upkeep
|turn|6
|
|t:|1658518690
|switch|p2a: Yveltal|Yveltal, shiny|100/100
|-ability|p2a: Yveltal|Dark Aura
|move|p1a: Arceus|Shadow Claw|p2a: Yveltal
|-resisted|p2a: Yveltal
|-damage|p2a: Yveltal|62/100
|
|-damage|p1a: Arceus|0 fnt|[from] psn
|faint|p1a: Arceus
|upkeep
|
|t:|1658518705
|switch|p1a: Arceus|Arceus-Fairy|100/100
|turn|7
|
|t:|1658518710
|switch|p2a: Zacian|Zacian-Crowned, shiny|100/100
|-ability|p2a: Zacian|Intrepid Sword|boost
|-boost|p2a: Zacian|atk|1
|move|p1a: Arceus|Judgment|p2a: Zacian
|-resisted|p2a: Zacian
|-damage|p2a: Zacian|81/100
|
|upkeep
|turn|8
|
|t:|1658518719
|switch|p1a: Arceus|Arceus-Fire|100/100
|move|p2a: Zacian|Behemoth Blade|p1a: Arceus
|-resisted|p1a: Arceus
|-damage|p1a: Arceus|70/100
|
|upkeep
|turn|9
|
|t:|1658518730
|switch|p2a: Groudon|Groudon-Primal, shiny|100/100
|-weather|DesolateLand|[from] ability: Desolate Land|[of] p2a: Groudon
|move|p1a: Arceus|Overheat|p2a: Groudon|[miss]
|-miss|p1a: Arceus|p2a: Groudon
|
|-weather|DesolateLand|[upkeep]
|upkeep
|turn|10
|
|t:|1658518754
|switch|p1a: Arceus|Arceus-Fighting|100/100
|move|p2a: Groudon|Stealth Rock|p1a: Arceus
|-sidestart|p1: Vegan Diet|move: Stealth Rock
|
|-weather|DesolateLand|[upkeep]
|upkeep
|turn|11
|
|t:|1658518766
|-weather|none
|switch|p2a: Calyrex|Calyrex-Shadow|1/100
|-ability|p2a: Calyrex|As One
|-ability|p2a: Calyrex|Unnerve
|move|p1a: Arceus|Calm Mind|p1a: Arceus
|-boost|p1a: Arceus|spa|1
|-boost|p1a: Arceus|spd|1
|
|upkeep
|turn|12
|
|t:|1658518778
|move|p2a: Calyrex|Astral Barrage|p1a: Arceus
|-damage|p1a: Arceus|59/100
|move|p1a: Arceus|Shadow Ball|p2a: Calyrex
|-supereffective|p2a: Calyrex
|-damage|p2a: Calyrex|0 fnt
|faint|p2a: Calyrex
|
|upkeep
|
|t:|1658518783
|switch|p2a: Xerneas|Xerneas, shiny|100/100
|-ability|p2a: Xerneas|Fairy Aura
|turn|13
|
|t:|1658518791
|move|p1a: Arceus|Shadow Ball|p2a: Xerneas
|-damage|p2a: Xerneas|63/100
|move|p2a: Xerneas|Geomancy||[still]
|-prepare|p2a: Xerneas|Geomancy
|-enditem|p2a: Xerneas|Power Herb
|-anim|p2a: Xerneas|Geomancy|p2a: Xerneas
|-boost|p2a: Xerneas|spa|2
|-boost|p2a: Xerneas|spd|2
|-boost|p2a: Xerneas|spe|2
|
|upkeep
|turn|14
|
|t:|1658518799
|move|p2a: Xerneas|Moonblast|p1a: Arceus
|-supereffective|p1a: Arceus
|-damage|p1a: Arceus|0 fnt
|faint|p1a: Arceus
|
|upkeep
|
|t:|1658518805
|switch|p1a: Arceus|Arceus-Water|100/100
|-damage|p1a: Arceus|88/100|[from] Stealth Rock
|turn|15
|
|t:|1658518814
|-start|p2a: Xerneas|Dynamax|
|-heal|p2a: Xerneas|63/100|[silent]
|-start|p1a: Arceus|Dynamax|
|-heal|p1a: Arceus|88/100|[silent]
|move|p2a: Xerneas|Max Lightning|p1a: Arceus
|-supereffective|p1a: Arceus
|-damage|p1a: Arceus|37/100
|-fieldstart|move: Electric Terrain
|move|p1a: Arceus|Max Geyser|p2a: Xerneas
|-damage|p2a: Xerneas|50/100
|-weather|RainDance
|
|-weather|RainDance|[upkeep]
|upkeep
|turn|16
|
|t:|1658518829
|move|p1a: Arceus|Max Guard|p1a: Arceus
|-singleturn|p1a: Arceus|Max Guard
|move|p2a: Xerneas|Max Lightning|p1a: Arceus
|-activate|p1a: Arceus|move: Max Guard
|
|-weather|RainDance|[upkeep]
|upkeep
|turn|17
|
|t:|1658518834
|move|p2a: Xerneas|Max Lightning|p1a: Arceus
|-supereffective|p1a: Arceus
|-damage|p1a: Arceus|0 fnt
|faint|p1a: Arceus
|
|-weather|RainDance|[upkeep]
|upkeep
|
|t:|1658518845
|switch|p1a: Arceus|Arceus-Grass|100/100
|-damage|p1a: Arceus|88/100|[from] Stealth Rock
|-end|p2a: Xerneas|Dynamax
|-heal|p2a: Xerneas|50/100|[silent]
|turn|18
|
|t:|1658518856
|move|p2a: Xerneas|Moonblast|p1a: Arceus
|-damage|p1a: Arceus|0 fnt
|faint|p1a: Arceus
|
|-weather|RainDance|[upkeep]
|upkeep
|
|t:|1658518861
|switch|p1a: Arceus|Arceus-Fairy|100/100
|-damage|p1a: Arceus|88/100|[from] Stealth Rock
|turn|19
|
|t:|1658518867
|move|p2a: Xerneas|Moonblast|p1a: Arceus
|-damage|p1a: Arceus|0 fnt
|faint|p1a: Arceus
|
|-weather|none
|-fieldend|move: Electric Terrain
|upkeep
|
|t:|1658518872
|switch|p1a: Arceus|Arceus-Fire|70/100
|-damage|p1a: Arceus|45/100|[from] Stealth Rock
|turn|20
|
|t:|1658518876
|move|p2a: Xerneas|Hidden Power|p1a: Arceus
|-supereffective|p1a: Arceus
|-damage|p1a: Arceus|0 fnt
|faint|p1a: Arceus
|
|win|Tocause
|raw|Vegan Diet's rating: 1475 &rarr; <strong>1456</strong><br />(-19 for losing)
|raw|Tocause's rating: 1496 &rarr; <strong>1515</strong><br />(+19 for winning)
|l|☆Vegan Diet
