|j|☆C0ld as Ice
|j|☆Shadedoll
|inactive|Battle timer is ON: inactive players will automatically lose when time's up.
|t:|1647506789
|gametype|singles
|player|p1|C0ld as Ice|schoolkid-gen4dp|
|player|p2|Shadedoll|giovanni|
|teamsize|p1|6
|teamsize|p2|6
|gen|8
|tier|[Gen 8] National Dex AG
|rated|Tournament battle
|rule|HP Percentage Mod: HP is shown in percentages
|rule|Endless Battle Clause: Forcing endless battles is banned
|clearpoke
|poke|p1|Calyrex-Shadow|
|poke|p1|Arceus-*|
|poke|p1|Lugia|
|poke|p1|Marshadow|
|poke|p1|Donphan, M|
|poke|p1|Smeargle, F|
|poke|p2|Sableye, M|
|poke|p2|Banette, F|
|poke|p2|Giratina-Origin|
|poke|p2|Dragapult, M|
|poke|p2|Drifblim, F|
|poke|p2|Marshadow|
|teampreview
|inactive|C0ld as Ice also wants the timer to be on.
|j| PlayRisky4NoReason
|c|☆Shadedoll|final battle lets go
|c| PlayRisky4NoReason|wait how did the baton pass lose?
|c|☆Shadedoll|im surely going to die
|inactive|Shadedoll has 120 seconds left.
|j| JobraCannon
|c|☆Shadedoll|stat thieving
|l| JobraCannon
|c| PlayRisky4NoReason|ahh
|c| PlayRisky4NoReason|they gotta run dubwool >:C
|
|t:|1647506843
|start
|switch|p1a: Smeargle|Smeargle, F|100/100
|switch|p2a: Sableye|Sableye, M|100/100
|turn|1
|
|t:|1647506858
|move|p2a: Sableye|Magic Coat|p2a: Sableye
|-singleturn|p2a: Sableye|move: Magic Coat
|move|p1a: Smeargle|Nuzzle|p2a: Sableye
|-damage|p2a: Sableye|98/100
|-status|p2a: Sableye|par
|
|upkeep
|turn|2
|
|t:|1647506863
|move|p2a: Sableye|Encore|p1a: Smeargle
|-start|p1a: Smeargle|Encore
|move|p1a: Smeargle|Nuzzle|p2a: Sableye
|-damage|p2a: Sableye|95/100 par
|
|upkeep
|turn|3
|
|t:|1647506877
|switch|p1a: Calyrex|Calyrex-Shadow|100/100
|-ability|p1a: Calyrex|As One
|-ability|p1a: Calyrex|Unnerve
|cant|p2a: Sableye|par
|
|upkeep
|turn|4
|
|t:|1647506882
|move|p2a: Sableye|Shadow Sneak|p1a: Calyrex
|-supereffective|p1a: Calyrex
|-damage|p1a: Calyrex|23/100
|move|p1a: Calyrex|Astral Barrage|p2a: Sableye
|-damage|p2a: Sableye|0 fnt
|faint|p2a: Sableye
|-ability|p1a: Calyrex|Grim Neigh|boost
|-boost|p1a: Calyrex|spa|1
|
|upkeep
|
|t:|1647506888
|switch|p2a: Banette|Banette, F|100/100
|turn|5
|
|t:|1647506899
|switch|p1a: Smeargle|Smeargle, F|100/100
|move|p2a: Banette|Shadow Sneak|p1a: Smeargle
|-immune|p1a: Smeargle
|
|upkeep
|turn|6
|
|t:|1647506912
|switch|p2a: Bomb! Bomb!|Drifblim, F|100/100
|move|p1a: Smeargle|Nuzzle|p2a: Bomb! Bomb!
|-supereffective|p2a: Bomb! Bomb!
|-damage|p2a: Bomb! Bomb!|96/100
|-status|p2a: Bomb! Bomb!|par
|
|upkeep
|turn|7
|
|t:|1647506921
|move|p1a: Smeargle|Taunt|p2a: Bomb! Bomb!
|-start|p2a: Bomb! Bomb!|move: Taunt
|cant|p2a: Bomb! Bomb!|move: Taunt|Substitute
|
|upkeep
|turn|8
|
|t:|1647506928
|move|p1a: Smeargle|Sticky Web|p2a: Bomb! Bomb!
|-sidestart|p2: Shadedoll|move: Sticky Web
|move|p2a: Bomb! Bomb!|Ominous Wind|p1a: Smeargle
|-immune|p1a: Smeargle
|
|upkeep
|turn|9
|
|t:|1647506934
|switch|p2a: Dragapult|Dragapult, M|100/100
|-activate|p2a: Dragapult|move: Sticky Web
|-fail|p2a: Dragapult|unboost|[from] ability: Clear Body|[of] p2a: Dragapult
|move|p1a: Smeargle|Taunt|p2a: Dragapult
|-start|p2a: Dragapult|move: Taunt
|
|upkeep
|turn|10
|
|t:|1647506940
|move|p2a: Dragapult|Outrage|p1a: Smeargle
|-enditem|p1a: Smeargle|Focus Sash
|-damage|p1a: Smeargle|1/100
|-damage|p2a: Dragapult|91/100|[from] item: Life Orb
|move|p1a: Smeargle|Nuzzle|p2a: Dragapult
|-resisted|p2a: Dragapult
|-damage|p2a: Dragapult|90/100
|-status|p2a: Dragapult|par
|
|upkeep
|turn|11
|
|t:|1647506945
|move|p1a: Smeargle|Nuzzle|p2a: Dragapult
|-resisted|p2a: Dragapult
|-damage|p2a: Dragapult|89/100 par
|move|p2a: Dragapult|Outrage|p1a: Smeargle|[from]lockedmove
|-damage|p1a: Smeargle|0 fnt
|faint|p1a: Smeargle
|-damage|p2a: Dragapult|79/100 par|[from] item: Life Orb
|
|-end|p2a: Dragapult|move: Taunt
|upkeep
|
|t:|1647506952
|switch|p1a: Marshadow|Marshadow|100/100
|turn|12
|
|t:|1647506953
|move|p1a: Marshadow|Shadow Sneak|p2a: Dragapult
|-supereffective|p2a: Dragapult
|-damage|p2a: Dragapult|0 fnt
|faint|p2a: Dragapult
|
|upkeep
|
|t:|1647506956
|switch|p2a: Banette|Banette, F|100/100
|-activate|p2a: Banette|move: Sticky Web
|-unboost|p2a: Banette|spe|1
|turn|13
|
|t:|1647506959
|switch|p1a: Arceus|Arceus|100/100
|detailschange|p2a: Banette|Banette-Mega, F
|-mega|p2a: Banette|Banette|Banettite
|move|p2a: Banette|Shadow Claw|p1a: Arceus
|-immune|p1a: Arceus
|
|upkeep
|turn|14
|
|t:|1647506970
|switch|p1a: Lugia|Lugia|100/100
|move|p2a: Banette|Taunt|p1a: Lugia
|-start|p1a: Lugia|move: Taunt
|
|upkeep
|turn|15
|
|t:|1647506973
|-start|p1a: Lugia|Dynamax
|-heal|p1a: Lugia|100/100|[silent]
|move|p1a: Lugia|Max Airstream|p2a: Banette
|-damage|p2a: Banette|34/100
|-boost|p1a: Lugia|spe|1
|move|p2a: Banette|Shadow Claw|p1a: Lugia
|-supereffective|p1a: Lugia
|-damage|p1a: Lugia|80/100
|-enditem|p1a: Lugia|Weakness Policy
|-boost|p1a: Lugia|atk|2|[from] item: Weakness Policy
|-boost|p1a: Lugia|spa|2|[from] item: Weakness Policy
|
|upkeep
|turn|16
|
|t:|1647506978
|move|p1a: Lugia|Max Airstream|p2a: Banette
|-damage|p2a: Banette|0 fnt
|-boost|p1a: Lugia|spe|1
|faint|p2a: Banette
|
|-end|p1a: Lugia|move: Taunt
|upkeep
|
|t:|1647506980
|switch|p2a: MrStealUrStats|Marshadow|100/100
|-activate|p2a: MrStealUrStats|move: Sticky Web
|-unboost|p2a: MrStealUrStats|spe|1
|turn|17
|
|t:|1647506985
|move|p1a: Lugia|Max Airstream|p2a: MrStealUrStats
|-supereffective|p2a: MrStealUrStats
|-enditem|p2a: MrStealUrStats|Focus Sash
|-damage|p2a: MrStealUrStats|1/100
|-boost|p1a: Lugia|spe|1
|move|p2a: MrStealUrStats|Spectral Thief||[still]
|-clearpositiveboost|p1a: Lugia|p2a: MrStealUrStats|move: Spectral Thief
|-boost|p2a: MrStealUrStats|atk|2
|-boost|p2a: MrStealUrStats|spa|2
|-boost|p2a: MrStealUrStats|spe|3
|-anim|p2a: MrStealUrStats|Spectral Thief|p1a: Lugia
|-supereffective|p1a: Lugia
|-damage|p1a: Lugia|15/100
|
|-end|p1a: Lugia|Dynamax
|-heal|p1a: Lugia|15/100|[silent]
|upkeep
|turn|18
|
|t:|1647506997
|move|p2a: MrStealUrStats|Drain Punch|p1a: Lugia
|-resisted|p1a: Lugia
|-damage|p1a: Lugia|0 fnt
|-heal|p2a: MrStealUrStats|9/100|[from] drain|[of] p1a: Lugia
|faint|p1a: Lugia
|
|upkeep
|
|t:|1647507001
|switch|p1a: Marshadow|Marshadow|100/100
|turn|19
|c|☆Shadedoll|you know what?
|c|☆Shadedoll|the hell with the stats!
|
|t:|1647507018
|switch|p2a: Bomb! Bomb!|Drifblim, F|96/100 par
|move|p1a: Marshadow|Spectral Thief|p2a: Bomb! Bomb!
|-supereffective|p2a: Bomb! Bomb!
|-damage|p2a: Bomb! Bomb!|0 fnt
|faint|p2a: Bomb! Bomb!
|
|upkeep
|
|t:|1647507026
|switch|p2a: Giratina|Giratina-Origin, shiny|100/100
|turn|20
|
|t:|1647507030
|-start|p2a: Giratina|Dynamax
|-heal|p2a: Giratina|100/100|[silent]
|move|p1a: Marshadow|Spectral Thief|p2a: Giratina
|-supereffective|p2a: Giratina
|-damage|p2a: Giratina|65/100
|move|p2a: Giratina|Max Phantasm|p1a: Marshadow
|-supereffective|p1a: Marshadow
|-enditem|p1a: Marshadow|Focus Sash
|-damage|p1a: Marshadow|1/100
|-unboost|p1a: Marshadow|def|1
|
|upkeep
|turn|21
|
|t:|1647507037
|move|p1a: Marshadow|Spectral Thief|p2a: Giratina
|-supereffective|p2a: Giratina
|-damage|p2a: Giratina|27/100
|move|p2a: Giratina|Max Phantasm|p1a: Marshadow
|-supereffective|p1a: Marshadow
|-damage|p1a: Marshadow|0 fnt
|faint|p1a: Marshadow
|
|upkeep
|
|t:|1647507042
|switch|p1a: Calyrex|Calyrex-Shadow|23/100
|-ability|p1a: Calyrex|As One
|-ability|p1a: Calyrex|Unnerve
|turn|22
|
|t:|1647507044
|move|p1a: Calyrex|Astral Barrage|p2a: Giratina
|-supereffective|p2a: Giratina
|-damage|p2a: Giratina|0 fnt
|faint|p2a: Giratina
|-ability|p1a: Calyrex|Grim Neigh|boost
|-boost|p1a: Calyrex|spa|1
|
|upkeep
|
|t:|1647507046
|switch|p2a: MrStealUrStats|Marshadow|9/100
|-activate|p2a: MrStealUrStats|move: Sticky Web
|-unboost|p2a: MrStealUrStats|spe|1
|turn|23
|
|t:|1647507049
|move|p2a: MrStealUrStats|Shadow Sneak|p1a: Calyrex
|-supereffective|p1a: Calyrex
|-damage|p1a: Calyrex|0 fnt
|faint|p1a: Calyrex
|
|upkeep
|
|t:|1647507052
|switch|p1a: Donphan|Donphan, M|100/100
|turn|24
|
|t:|1647507055
|move|p2a: MrStealUrStats|Drain Punch|p1a: Donphan
|-damage|p1a: Donphan|74/100
|-heal|p2a: MrStealUrStats|24/100|[from] drain|[of] p1a: Donphan
|move|p1a: Donphan|Earthquake|p2a: MrStealUrStats
|-damage|p2a: MrStealUrStats|0 fnt
|faint|p2a: MrStealUrStats
|
|win|C0ld as Ice
|n|☆C0ld as Ice|c0ldasice
|n|☆Shadedoll|shadedoll
|n| PlayRisky4NoReason|playrisky4noreason
