|j|☆inoion
|j|☆starkorea74
|t:|1597931483
|player|p1|inoion|lusamine-nihilego|1794
|player|p2|starkorea74|cynthia|1944
|teamsize|p1|6
|teamsize|p2|6
|gametype|singles
|gen|8
|tier|[Gen 8] National Dex AG
|rated|
|clearpoke
|poke|p1|Breloom, M|
|poke|p1|Mewtwo|
|poke|p1|Marshadow|
|poke|p1|Ditto|
|poke|p1|Yveltal|
|poke|p1|Arceus-*|
|poke|p2|Necrozma-Dusk-Mane|
|poke|p2|Ho-Oh|
|poke|p2|Ditto|
|poke|p2|Arceus-*|
|poke|p2|Rayquaza|
|poke|p2|Yveltal|
|rule|HP Percentage Mod: HP is shown in percentages
|rule|Endless Battle Clause: Forcing endless battles is banned
|teampreview
|
|t:|1597931506
|start
|switch|p1a: Breloom|Breloom, M|100/100
|switch|p2a: Rayquaza|Rayquaza|100/100
|-ability|p2a: Rayquaza|Air Lock
|turn|1
|j| Lux Flash
|
|t:|1597931515
|detailschange|p2a: Rayquaza|Rayquaza-Mega
|-mega|p2a: Rayquaza|Rayquaza|
|-weather|DeltaStream|[from] ability: Delta Stream|[of] p2a: Rayquaza
|move|p2a: Rayquaza|Draco Meteor|p1a: Breloom
|-enditem|p1a: Breloom|Focus Sash
|-damage|p1a: Breloom|1/100
|-unboost|p2a: Rayquaza|spa|2
|-damage|p2a: Rayquaza|91/100|[from] item: Life Orb
|move|p1a: Breloom|Spore|p2a: Rayquaza
|-status|p2a: Rayquaza|slp|[from] move: Spore
|
|-weather|DeltaStream|[upkeep]
|upkeep
|turn|2
|
|t:|1597931536
|cant|p2a: Rayquaza|slp
|move|p1a: Breloom|Rock Tomb|p2a: Rayquaza
|-activate||deltastream
|-damage|p2a: Rayquaza|58/100 slp
|-unboost|p2a: Rayquaza|spe|1
|
|-weather|DeltaStream|[upkeep]
|upkeep
|turn|3
|
|t:|1597931544
|-curestatus|p2a: Rayquaza|slp|[msg]
|move|p2a: Rayquaza|Extreme Speed|p1a: Breloom
|-damage|p1a: Breloom|0 fnt
|-damage|p2a: Rayquaza|48/100|[from] item: Life Orb
|faint|p1a: Breloom
|
|-weather|DeltaStream|[upkeep]
|upkeep
|
|t:|1597931565
|switch|p1a: Marshadow|Marshadow|100/100
|turn|4
|
|t:|1597931568
|-weather|none
|switch|p2a: Ho-Oh|Ho-Oh|100/100
|move|p1a: Marshadow|Spectral Thief|p2a: Ho-Oh
|-damage|p2a: Ho-Oh|70/100
|
|upkeep
|turn|5
|
|t:|1597931575
|move|p1a: Marshadow|Rock Tomb|p2a: Ho-Oh
|-supereffective|p2a: Ho-Oh
|-damage|p2a: Ho-Oh|0 fnt
|faint|p2a: Ho-Oh
|
|upkeep
|
|t:|1597931582
|switch|p2a: Yveltal|Yveltal, shiny|100/100
|-ability|p2a: Yveltal|Dark Aura
|turn|6
|
|t:|1597931599
|move|p1a: Marshadow|Rock Tomb|p2a: Yveltal
|-supereffective|p2a: Yveltal
|-damage|p2a: Yveltal|43/100
|-unboost|p2a: Yveltal|spe|1
|move|p2a: Yveltal|Oblivion Wing|p1a: Marshadow
|-supereffective|p1a: Marshadow
|-enditem|p1a: Marshadow|Focus Sash
|-damage|p1a: Marshadow|1/100
|-heal|p2a: Yveltal|100/100|[from] drain|[of] p1a: Marshadow
|-damage|p2a: Yveltal|91/100|[from] item: Life Orb
|
|upkeep
|turn|7
|
|t:|1597931610
|move|p1a: Marshadow|Rock Tomb|p2a: Yveltal
|-supereffective|p2a: Yveltal
|-damage|p2a: Yveltal|32/100
|-unboost|p2a: Yveltal|spe|1
|move|p2a: Yveltal|Oblivion Wing|p1a: Marshadow
|-supereffective|p1a: Marshadow
|-damage|p1a: Marshadow|0 fnt
|-heal|p2a: Yveltal|32/100|[from] drain|[of] p1a: Marshadow
|-damage|p2a: Yveltal|22/100|[from] item: Life Orb
|faint|p1a: Marshadow
|
|upkeep
|
|t:|1597931618
|switch|p1a: Mewtwo|Mewtwo|100/100
|-ability|p1a: Mewtwo|Pressure
|turn|8
|
|t:|1597931631
|switch|p2a: Necrozma|Necrozma-Dusk-Mane|100/100
|detailschange|p1a: Mewtwo|Mewtwo-Mega-Y
|-mega|p1a: Mewtwo|Mewtwo|Mewtwonite Y
|move|p1a: Mewtwo|Ice Beam|p2a: Necrozma
|-resisted|p2a: Necrozma
|-damage|p2a: Necrozma|84/100
|-status|p2a: Necrozma|frz
|
|-heal|p2a: Necrozma|90/100 frz|[from] item: Leftovers
|upkeep
|turn|9
|c|☆inoion|sry
|
|t:|1597931640
|move|p1a: Mewtwo|Fire Blast|p2a: Necrozma
|-supereffective|p2a: Necrozma
|-damage|p2a: Necrozma|27/100 frz
|-curestatus|p2a: Necrozma|frz|[msg]
|move|p2a: Necrozma|Sunsteel Strike|p1a: Mewtwo
|-damage|p1a: Mewtwo|43/100
|
|-heal|p2a: Necrozma|33/100|[from] item: Leftovers
|upkeep
|turn|10
|
|t:|1597931651
|switch|p2a: Arceus|Arceus-Dark|100/100
|move|p1a: Mewtwo|Fire Blast|p2a: Arceus
|-damage|p2a: Arceus|75/100
|
|upkeep
|turn|11
|j| Boi 240
|
|t:|1597931671
|switch|p1a: Arceus|Arceus-Ground|100/100
|move|p2a: Arceus|Calm Mind|p2a: Arceus
|-boost|p2a: Arceus|spa|1
|-boost|p2a: Arceus|spd|1
|
|upkeep
|turn|12
|
|t:|1597931677
|move|p1a: Arceus|Judgment|p2a: Arceus
|-damage|p2a: Arceus|59/100
|move|p2a: Arceus|Judgment|p1a: Arceus
|-damage|p1a: Arceus|57/100
|
|upkeep
|turn|13
|
|t:|1597931683
|switch|p1a: Ditto|Ditto|100/100
|-transform|p1a: Ditto|p2a: Arceus|[from] ability: Imposter
|move|p2a: Arceus|Calm Mind|p2a: Arceus
|-boost|p2a: Arceus|spa|1
|-boost|p2a: Arceus|spd|1
|
|upkeep
|turn|14
|
|t:|1597931699
|move|p1a: Ditto|Calm Mind|p1a: Ditto
|-boost|p1a: Ditto|spa|1
|-boost|p1a: Ditto|spd|1
|move|p2a: Arceus|Calm Mind|p2a: Arceus
|-boost|p2a: Arceus|spa|1
|-boost|p2a: Arceus|spd|1
|
|upkeep
|turn|15
|
|t:|1597931705
|move|p1a: Ditto|Calm Mind|p1a: Ditto
|-boost|p1a: Ditto|spa|1
|-boost|p1a: Ditto|spd|1
|move|p2a: Arceus|Recover|p2a: Arceus
|-heal|p2a: Arceus|100/100
|
|upkeep
|turn|16
|
|t:|1597931710
|move|p1a: Ditto|Calm Mind|p1a: Ditto
|-boost|p1a: Ditto|spa|1
|-boost|p1a: Ditto|spd|1
|move|p2a: Arceus|Calm Mind|p2a: Arceus
|-boost|p2a: Arceus|spa|1
|-boost|p2a: Arceus|spd|1
|
|upkeep
|turn|17
|
|t:|1597931715
|move|p1a: Ditto|Calm Mind|p1a: Ditto
|-boost|p1a: Ditto|spa|1
|-boost|p1a: Ditto|spd|1
|move|p2a: Arceus|Calm Mind|p2a: Arceus
|-boost|p2a: Arceus|spa|1
|-boost|p2a: Arceus|spd|1
|
|upkeep
|turn|18
|
|t:|1597931721
|move|p1a: Ditto|Calm Mind|p1a: Ditto
|-boost|p1a: Ditto|spa|1
|-boost|p1a: Ditto|spd|1
|move|p2a: Arceus|Judgment|p1a: Ditto
|-resisted|p1a: Ditto
|-damage|p1a: Ditto|85/100
|
|upkeep
|turn|19
|c|☆inoion|why cant i dmax
|
|t:|1597931738
|switch|p1a: Arceus|Arceus-Ground|57/100
|move|p2a: Arceus|Judgment|p1a: Arceus
|-damage|p1a: Arceus|0 fnt
|faint|p1a: Arceus
|
|upkeep
|
|t:|1597931741
|switch|p1a: Ditto|Ditto|85/100
|-transform|p1a: Ditto|p2a: Arceus|[from] ability: Imposter
|turn|20
|
|t:|1597931747
|move|p1a: Ditto|Calm Mind|p1a: Ditto
|-boost|p1a: Ditto|spa|1
|-boost|p1a: Ditto|spd|1
|move|p2a: Arceus|Calm Mind|p2a: Arceus
|-boost|p2a: Arceus|spa|1
|-boost|p2a: Arceus|spd|1
|
|upkeep
|turn|21
|
|t:|1597931756
|-start|p1a: Ditto|Dynamax
|-heal|p1a: Ditto|85/100|[silent]
|move|p1a: Ditto|Max Strike|p2a: Arceus
|-damage|p2a: Arceus|82/100
|-unboost|p2a: Arceus|spe|1
|move|p2a: Arceus|Judgment|p1a: Ditto
|-resisted|p1a: Ditto
|-damage|p1a: Ditto|76/100
|
|upkeep
|turn|22
|c|☆inoion|gg
|
|t:|1597931765
|move|p1a: Ditto|Max Strike|p2a: Arceus
|-crit|p2a: Arceus
|-damage|p2a: Arceus|0 fnt
|faint|p2a: Arceus
|
|upkeep
|c|☆inoion|oh nvm
|c|☆starkorea74|:'(
|c|☆inoion|sry
|
|t:|1597931805
|switch|p2a: Necrozma|Necrozma-Dusk-Mane|33/100
|turn|23
|
|t:|1597931809
|move|p1a: Ditto|Max Strike|p2a: Necrozma
|-resisted|p2a: Necrozma
|-damage|p2a: Necrozma|0 fnt
|faint|p2a: Necrozma
|
|-end|p1a: Ditto|Dynamax
|-heal|p1a: Ditto|76/100|[silent]
|upkeep
|
|t:|1597931829
|switch|p2a: Rayquaza|Rayquaza-Mega|48/100
|-weather|DeltaStream|[from] ability: Delta Stream|[of] p2a: Rayquaza
|turn|24
|
|t:|1597931849
|switch|p1a: Mewtwo|Mewtwo-Mega-Y|43/100
|move|p2a: Rayquaza|Dragon Ascent|p1a: Mewtwo
|-damage|p1a: Mewtwo|0 fnt
|-unboost|p2a: Rayquaza|def|1
|-unboost|p2a: Rayquaza|spd|1
|-damage|p2a: Rayquaza|38/100|[from] item: Life Orb
|faint|p1a: Mewtwo
|
|-weather|DeltaStream|[upkeep]
|upkeep
|
|t:|1597931852
|switch|p1a: Yveltal|Yveltal|100/100
|-ability|p1a: Yveltal|Dark Aura
|turn|25
|
|t:|1597931860
|move|p1a: Yveltal|Sucker Punch|p2a: Rayquaza
|-damage|p2a: Rayquaza|0 fnt
|-damage|p1a: Yveltal|91/100|[from] item: Life Orb
|faint|p2a: Rayquaza
|-weather|none
|
|upkeep
|
|t:|1597931866
|switch|p2a: Ditto|Ditto|100/100
|-transform|p2a: Ditto|p1a: Yveltal|[from] ability: Imposter
|-ability|p2a: Ditto|Dark Aura
|turn|26
|
|t:|1597931875
|-start|p2a: Ditto|Dynamax
|-heal|p2a: Ditto|100/100|[silent]
|move|p2a: Ditto|Max Airstream|p1a: Yveltal
|-damage|p1a: Yveltal|23/100
|-boost|p2a: Ditto|spe|1
|move|p1a: Yveltal|Oblivion Wing|p2a: Ditto
|-damage|p2a: Ditto|66/100
|-heal|p1a: Yveltal|62/100|[from] drain|[of] p2a: Ditto
|-damage|p1a: Yveltal|52/100|[from] item: Life Orb
|
|upkeep
|turn|27
|
|t:|1597931894
|switch|p1a: Ditto|Ditto|76/100
|move|p2a: Ditto|Max Airstream|p1a: Ditto
|-damage|p1a: Ditto|0 fnt
|-boost|p2a: Ditto|spe|1
|faint|p1a: Ditto
|
|upkeep
|
|t:|1597931897
|switch|p1a: Yveltal|Yveltal|52/100
|-ability|p1a: Yveltal|Dark Aura
|turn|28
|
|t:|1597931904
|move|p2a: Ditto|Max Airstream|p1a: Yveltal
|-damage|p1a: Yveltal|0 fnt
|-boost|p2a: Ditto|spe|1
|faint|p1a: Yveltal
|
|win|starkorea74
|l|☆inoion
|l|☆starkorea74
|raw|inoion's rating: 1794 &rarr; <strong>1783</strong><br />(-11 for losing)
|raw|starkorea74's rating: 1954 &rarr; <strong>1966</strong><br />(+12 for winning)
|l| Boi 240
