|j|☆Onoufrios
|j|☆lotiasite
|player|p1|Onoufrios|psychic-gen4|1793
|player|p2|lotiasite|184|1621
|teamsize|p1|6
|teamsize|p2|6
|gametype|singles
|gen|8
|tier|[Gen 8] National Dex AG
|rated|
|clearpoke
|poke|p1|Necrozma-Dusk-Mane|
|poke|p1|Arceus-*|
|poke|p1|Xerneas|
|poke|p1|Zacian-Crowned|
|poke|p1|Lugia|
|poke|p1|Yveltal|
|poke|p2|Ho-Oh|
|poke|p2|Chansey, F|
|poke|p2|Ditto|
|poke|p2|Necrozma-Dusk-Mane|
|poke|p2|Arceus-*|
|poke|p2|Gliscor, M|
|rule|HP Percentage Mod: HP is shown in percentages
|rule|Endless Battle Clause: Forcing endless battles is banned
|teampreview
|inactive|Battle timer is ON: inactive players will automatically lose when time's up. (requested by lotiasite)
|
|start
|switch|p1a: Necrozma|Necrozma-Dusk-Mane|100/100
|switch|p2a: Ho-Oh|Ho-Oh|100/100
|turn|1
|
|switch|p2a: Gliscor|Gliscor, M|100/100
|detailschange|p1a: Necrozma|Necrozma-Ultra
|-burst|p1a: Necrozma|Necrozma|Ultranecrozium Z
|move|p1a: Necrozma|Stone Edge|p2a: Gliscor
|-damage|p2a: Gliscor|64/100
|
|-status|p2a: Gliscor|tox|[from] item: Toxic Orb
|upkeep
|turn|2
|inactive|Onoufrios has 120 seconds left.
|
|switch|p2a: Necrozma|Necrozma-Dusk-Mane|100/100
|-zpower|p1a: Necrozma
|move|p1a: Necrozma|Light That Burns the Sky|p2a: Necrozma|[zeffect]
|-resisted|p2a: Necrozma
|-damage|p2a: Necrozma|81/100
|
|upkeep
|turn|3
|inactive|Onoufrios has 120 seconds left.
|
|move|p1a: Necrozma|Earthquake|p2a: Necrozma
|-supereffective|p2a: Necrozma
|-damage|p2a: Necrozma|38/100
|move|p2a: Necrozma|Sunsteel Strike|p1a: Necrozma
|-damage|p1a: Necrozma|57/100
|
|upkeep
|turn|4
|
|switch|p2a: Arceus|Arceus-Ground|100/100
|move|p1a: Necrozma|Earthquake|p2a: Arceus
|-damage|p2a: Arceus|78/100
|
|upkeep
|turn|5
|
|move|p1a: Necrozma|Photon Geyser|p2a: Arceus
|-damage|p2a: Arceus|41/100
|move|p2a: Arceus|Ice Beam|p1a: Necrozma
|-supereffective|p1a: Necrozma
|-damage|p1a: Necrozma|17/100
|
|upkeep
|turn|6
|
|move|p1a: Necrozma|Photon Geyser|p2a: Arceus
|-damage|p2a: Arceus|8/100
|move|p2a: Arceus|Recover|p2a: Arceus
|-heal|p2a: Arceus|58/100
|
|upkeep
|turn|7
|
|move|p1a: Necrozma|Photon Geyser|p2a: Arceus
|-damage|p2a: Arceus|25/100
|move|p2a: Arceus|Recover|p2a: Arceus
|-heal|p2a: Arceus|75/100
|
|upkeep
|turn|8
|
|switch|p1a: Xerneas|Xerneas|100/100
|-ability|p1a: Xerneas|Fairy Aura
|move|p2a: Arceus|Recover|p2a: Arceus
|-heal|p2a: Arceus|100/100
|
|upkeep
|turn|9
|
|switch|p2a: Chansey|Chansey, F|100/100
|move|p1a: Xerneas|Geomancy||[still]
|-prepare|p1a: Xerneas|Geomancy|p1a: Xerneas
|-enditem|p1a: Xerneas|Power Herb
|-anim|p1a: Xerneas|Geomancy|p1a: Xerneas
|-boost|p1a: Xerneas|spa|2
|-boost|p1a: Xerneas|spd|2
|-boost|p1a: Xerneas|spe|2
|
|upkeep
|turn|10
|
|move|p1a: Xerneas|Psyshock|p2a: Chansey
|-damage|p2a: Chansey|0 fnt
|faint|p2a: Chansey
|
|upkeep
|
|switch|p2a: Ho-Oh|Ho-Oh|100/100
|turn|11
|j| HabibiMeansFriend
|
|-start|p1a: Xerneas|Dynamax
|-heal|p1a: Xerneas|100/100|[silent]
|move|p1a: Xerneas|Max Starfall|p2a: Ho-Oh
|-resisted|p2a: Ho-Oh
|-damage|p2a: Ho-Oh|45/100
|-fieldstart|move: Misty Terrain
|move|p2a: Ho-Oh|Toxic|p1a: Xerneas
|-activate|p1a: Xerneas|move: Misty Terrain
|
|upkeep
|turn|12
|
|move|p2a: Ho-Oh|Protect|p2a: Ho-Oh
|-singleturn|p2a: Ho-Oh|Protect
|move|p1a: Xerneas|Max Starfall|p2a: Ho-Oh
|-resisted|p2a: Ho-Oh
|-zbroken|p2a: Ho-Oh
|-damage|p2a: Ho-Oh|32/100
|
|upkeep
|turn|13
|
|switch|p2a: Gliscor|Gliscor, M|64/100 tox
|move|p1a: Xerneas|Max Flare|p2a: Gliscor|[from]Hidden Power
|-damage|p2a: Gliscor|0 fnt
|-weather|SunnyDay
|faint|p2a: Gliscor
|
|-weather|SunnyDay|[upkeep]
|-end|p1a: Xerneas|Dynamax
|-heal|p1a: Xerneas|100/100|[silent]
|upkeep
|
|switch|p2a: Ditto|Ditto|100/100
|-transform|p2a: Ditto|p1a: Xerneas|[from] ability: Imposter
|-ability|p2a: Ditto|Fairy Aura
|turn|14
|
|-start|p2a: Ditto|Dynamax
|-heal|p2a: Ditto|100/100|[silent]
|move|p2a: Ditto|Max Starfall|p1a: Xerneas
|-damage|p1a: Xerneas|30/100
|move|p1a: Xerneas|Moonblast|p2a: Ditto
|-damage|p2a: Ditto|57/100
|-unboost|p2a: Ditto|spa|1
|
|-weather|SunnyDay|[upkeep]
|upkeep
|turn|15
|
|move|p2a: Ditto|Max Starfall|p1a: Xerneas
|-damage|p1a: Xerneas|0 fnt
|faint|p1a: Xerneas
|
|-weather|SunnyDay|[upkeep]
|-fieldend|Misty Terrain
|upkeep
|inactive|Onoufrios has 120 seconds left.
|l| HabibiMeansFriend
|
|switch|p1a: Lugia|Lugia|100/100
|turn|16
|
|move|p2a: Ditto|Max Starfall|p1a: Lugia
|-damage|p1a: Lugia|60/100
|-fieldstart|move: Misty Terrain
|move|p1a: Lugia|Roost|p1a: Lugia
|-heal|p1a: Lugia|100/100
|-singleturn|p1a: Lugia|move: Roost
|
|-weather|SunnyDay|[upkeep]
|-end|p2a: Ditto|Dynamax
|-heal|p2a: Ditto|57/100|[silent]
|upkeep
|turn|17
|inactive|Onoufrios has 120 seconds left.
|
|switch|p2a: Necrozma|Necrozma-Dusk-Mane|38/100
|move|p1a: Lugia|Roost||[still]
|-fail|p1a: Lugia|heal
|
|-weather|none
|upkeep
|turn|18
|
|switch|p1a: Zacian|Zacian-Crowned|100/100
|-ability|p1a: Zacian|Intrepid Sword|boost
|-boost|p1a: Zacian|atk|1
|move|p2a: Necrozma|Morning Sun|p2a: Necrozma
|-heal|p2a: Necrozma|88/100
|
|upkeep
|turn|19
|
|move|p1a: Zacian|Crunch|p2a: Necrozma
|-supereffective|p2a: Necrozma
|-damage|p2a: Necrozma|44/100
|-damage|p1a: Zacian|84/100|[from] item: Rocky Helmet|[of] p2a: Necrozma
|move|p2a: Necrozma|Sunsteel Strike|p1a: Zacian
|-damage|p1a: Zacian|39/100
|
|upkeep
|turn|20
|
|switch|p2a: Arceus|Arceus-Ground|100/100
|move|p1a: Zacian|Crunch|p2a: Arceus
|-crit|p2a: Arceus
|-damage|p2a: Arceus|62/100
|-unboost|p2a: Arceus|def|1
|
|-fieldend|Misty Terrain
|upkeep
|turn|21
|inactive|Onoufrios has 120 seconds left.
|
|move|p1a: Zacian|Behemoth Blade|p2a: Arceus
|-damage|p2a: Arceus|0 fnt
|faint|p2a: Arceus
|
|upkeep
|
|switch|p2a: Ditto|Ditto|57/100
|-transform|p2a: Ditto|p1a: Zacian|[from] ability: Imposter
|-ability|p2a: Ditto|Intrepid Sword|boost
|-boost|p2a: Ditto|atk|1
|turn|22
|
|move|p2a: Ditto|Behemoth Blade|p1a: Zacian
|-damage|p1a: Zacian|0 fnt
|faint|p1a: Zacian
|
|upkeep
|inactive|Onoufrios has 120 seconds left.
|inactive|Onoufrios has 90 seconds left.
|
|switch|p1a: Lugia|Lugia|100/100
|turn|23
|
|move|p2a: Ditto|Behemoth Blade|p1a: Lugia
|-damage|p1a: Lugia|67/100
|move|p1a: Lugia|Whirlwind|p2a: Ditto
|drag|p2a: Ho-Oh|Ho-Oh|65/100
|
|upkeep
|turn|24
|
|switch|p2a: Necrozma|Necrozma-Dusk-Mane|44/100
|move|p1a: Lugia|Thunder Wave|p2a: Necrozma
|-status|p2a: Necrozma|par
|
|upkeep
|turn|25
|
|switch|p1a: Yveltal|Yveltal|100/100
|-ability|p1a: Yveltal|Dark Aura
|cant|p2a: Necrozma|par
|
|upkeep
|turn|26
|
|switch|p2a: Ho-Oh|Ho-Oh|98/100
|move|p1a: Yveltal|Dark Pulse|p2a: Ho-Oh
|-damage|p2a: Ho-Oh|57/100
|-damage|p1a: Yveltal|91/100|[from] item: Life Orb
|
|upkeep
|turn|27
|
|move|p1a: Yveltal|Dark Pulse|p2a: Ho-Oh
|-damage|p2a: Ho-Oh|13/100
|-damage|p1a: Yveltal|81/100|[from] item: Life Orb
|move|p2a: Ho-Oh|Toxic|p1a: Yveltal
|-status|p1a: Yveltal|tox
|
|-damage|p1a: Yveltal|75/100 tox|[from] psn
|upkeep
|turn|28
|
|move|p2a: Ho-Oh|Protect|p2a: Ho-Oh
|-singleturn|p2a: Ho-Oh|Protect
|move|p1a: Yveltal|Dark Pulse|p2a: Ho-Oh
|-activate|p2a: Ho-Oh|move: Protect
|
|-damage|p1a: Yveltal|62/100 tox|[from] psn
|upkeep
|turn|29
|
|switch|p2a: Necrozma|Necrozma-Dusk-Mane|44/100 par
|move|p1a: Yveltal|Oblivion Wing|p2a: Necrozma
|-resisted|p2a: Necrozma
|-damage|p2a: Necrozma|20/100 par
|-heal|p1a: Yveltal|80/100 tox|[from] drain|[of] p2a: Necrozma
|-damage|p1a: Yveltal|71/100 tox|[from] item: Life Orb
|
|-damage|p1a: Yveltal|52/100 tox|[from] psn
|upkeep
|turn|30
|inactive|Onoufrios has 120 seconds left.
|
|move|p1a: Yveltal|Dark Pulse|p2a: Necrozma
|-supereffective|p2a: Necrozma
|-damage|p2a: Necrozma|0 fnt
|-damage|p1a: Yveltal|42/100 tox|[from] item: Life Orb
|faint|p2a: Necrozma
|
|-damage|p1a: Yveltal|18/100 tox|[from] psn
|upkeep
|
|switch|p2a: Ditto|Ditto|57/100
|-transform|p2a: Ditto|p1a: Yveltal|[from] ability: Imposter
|-ability|p2a: Ditto|Dark Aura
|turn|31
|inactive|Onoufrios has 120 seconds left.
|
|move|p2a: Ditto|Oblivion Wing|p1a: Yveltal
|-damage|p1a: Yveltal|0 fnt
|-heal|p2a: Ditto|75/100|[from] drain|[of] p1a: Yveltal
|faint|p1a: Yveltal
|
|upkeep
|inactive|Onoufrios has 120 seconds left.
|
|switch|p1a: Lugia|Lugia|67/100
|turn|32
|inactive|Onoufrios has 120 seconds left.
|
|switch|p2a: Ho-Oh|Ho-Oh|46/100
|move|p1a: Lugia|Thunder Wave|p2a: Ho-Oh
|-status|p2a: Ho-Oh|par
|
|upkeep
|turn|33
|
|switch|p1a: Necrozma|Necrozma-Ultra|17/100
|move|p2a: Ho-Oh|Toxic|p1a: Necrozma
|-status|p1a: Necrozma|tox
|
|-damage|p1a: Necrozma|11/100 tox|[from] psn
|upkeep
|turn|34
|inactive|Onoufrios has 120 seconds left.
|
|move|p2a: Ho-Oh|Protect|p2a: Ho-Oh
|-singleturn|p2a: Ho-Oh|Protect
|move|p1a: Necrozma|Photon Geyser|p2a: Ho-Oh
|-activate|p2a: Ho-Oh|move: Protect
|
|-damage|p1a: Necrozma|0 fnt|[from] psn
|faint|p1a: Necrozma
|upkeep
|
|switch|p1a: Arceus|Arceus|100/100
|turn|35
|
|move|p1a: Arceus|Substitute|p1a: Arceus
|-start|p1a: Arceus|Substitute
|-damage|p1a: Arceus|75/100
|move|p2a: Ho-Oh|Sacred Fire|p1a: Arceus
|-end|p1a: Arceus|Substitute
|
|upkeep
|turn|36
|
|move|p1a: Arceus|Substitute|p1a: Arceus
|-start|p1a: Arceus|Substitute
|-damage|p1a: Arceus|50/100
|move|p2a: Ho-Oh|Sacred Fire|p1a: Arceus
|-end|p1a: Arceus|Substitute
|
|upkeep
|turn|37
|
|move|p1a: Arceus|Extreme Speed|p2a: Ho-Oh
|-damage|p2a: Ho-Oh|11/100 par
|move|p2a: Ho-Oh|Sacred Fire|p1a: Arceus
|-damage|p1a: Arceus|24/100
|-status|p1a: Arceus|brn
|
|-damage|p1a: Arceus|18/100 brn|[from] brn
|upkeep
|turn|38
|
|switch|p2a: Ditto|Ditto|75/100
|-transform|p2a: Ditto|p1a: Arceus|[from] ability: Imposter
|move|p1a: Arceus|Extreme Speed|p2a: Ditto
|-damage|p2a: Ditto|51/100
|
|-damage|p1a: Arceus|12/100 brn|[from] brn
|upkeep
|turn|39
|
|move|p2a: Ditto|Extreme Speed|p1a: Arceus
|-damage|p1a: Arceus|0 fnt
|faint|p1a: Arceus
|
|upkeep
|
|switch|p1a: Lugia|Lugia|67/100
|turn|40
|
|switch|p2a: Ho-Oh|Ho-Oh|44/100 par
|move|p1a: Lugia|Toxic||[still]
|-fail|p1a: Lugia
|
|upkeep
|turn|41
|
|move|p1a: Lugia|Toxic|p2a: Ho-Oh|[miss]
|-miss|p1a: Lugia|p2a: Ho-Oh
|move|p2a: Ho-Oh|Toxic|p1a: Lugia
|-status|p1a: Lugia|tox
|
|-damage|p1a: Lugia|61/100 tox|[from] psn
|upkeep
|turn|42
|-message|Onoufrios forfeited.
|
|win|lotiasite
|l|☆Onoufrios
|raw|Onoufrios's rating: 1793 &rarr; <strong>1763</strong><br />(-30 for losing)
|raw|lotiasite's rating: 1622 &rarr; <strong>1651</strong><br />(+29 for winning)
|j|☆Onoufrios
|player|p1|Onoufrios|psychic-gen4
|l|☆Onoufrios
|player|p1|
