|j|☆Corsor
|j|☆Glaliegoesboom ❤
|t:|1659594977
|gametype|singles
|player|p1|Corsor|clown|
|player|p2|Glaliegoesboom ❤|265|
|teamsize|p1|6
|teamsize|p2|6
|gen|8
|tier|[Gen 8] National Dex AG
|rule|HP Percentage Mod: HP is shown in percentages
|rule|Endless Battle Clause: Forcing endless battles is banned
|clearpoke
|poke|p1|Dialga|
|poke|p1|Palkia|
|poke|p1|Greninja, M|
|poke|p1|Blastoise, M|
|poke|p1|Aerodactyl, M|
|poke|p1|Dragonite, M|
|poke|p2|Zekrom|
|poke|p2|Dragapult, M|
|poke|p2|Magearna|
|poke|p2|Glalie, M|
|poke|p2|Excadrill, M|
|poke|p2|Cloyster, M|
|teampreview
|inactive|Battle timer is ON: inactive players will automatically lose when time's up. (requested by Corsor)
|inactive|Glaliegoesboom ❤ also wants the timer to be on.
|c|☆Corsor|Isnt this ur gym team
|c|☆Glaliegoesboom ❤|No
|
|t:|1659594996
|start
|switch|p1a: Dialga|Dialga|100/100
|switch|p2a: Excadrill|Excadrill, M|100/100
|-ability|p1a: Dialga|Pressure
|turn|1
|c|☆Corsor|Bruh
|c|☆Corsor|i prepperd wrong team
|
|t:|1659595003
|move|p1a: Dialga|Aura Sphere|p2a: Excadrill
|-supereffective|p2a: Excadrill
|-enditem|p2a: Excadrill|Focus Sash
|-damage|p2a: Excadrill|1/100
|-damage|p1a: Dialga|91/100|[from] item: Life Orb
|move|p2a: Excadrill|Stealth Rock|p1a: Dialga
|-sidestart|p1: Corsor|move: Stealth Rock
|
|upkeep
|turn|2
|c|☆Glaliegoesboom ❤|We can redo if u want
|c|☆Corsor|Dw
|
|t:|1659595024
|move|p1a: Dialga|Dragon Pulse|p2a: Excadrill
|-resisted|p2a: Excadrill
|-damage|p2a: Excadrill|0 fnt
|faint|p2a: Excadrill
|-damage|p1a: Dialga|81/100|[from] item: Life Orb
|
|upkeep
|inactive|Glaliegoesboom ❤ has 270 seconds left.
|
|t:|1659595042
|switch|p2a: Glalie|Glalie, M|100/100
|turn|3
|
|t:|1659595050
|detailschange|p2a: Glalie|Glalie-Mega, M
|-mega|p2a: Glalie|Glalie|Glalitite
|move|p2a: Glalie|Explosion|p1a: Dialga
|-damage|p1a: Dialga|0 fnt
|faint|p2a: Glalie
|faint|p1a: Dialga
|
|upkeep
|inactive|Glaliegoesboom ❤ has 270 seconds left.
|
|t:|1659595066
|switch|p2a: Magearna|Magearna|100/100
|switch|p1a: Aerodactyl|Aerodactyl, M|100/100
|-damage|p1a: Aerodactyl|76/100|[from] Stealth Rock
|turn|4
|
|t:|1659595072
|move|p1a: Aerodactyl|Earthquake|p2a: Magearna
|-supereffective|p2a: Magearna
|-damage|p2a: Magearna|36/100
|-enditem|p2a: Magearna|Weakness Policy
|-boost|p2a: Magearna|atk|2|[from] item: Weakness Policy
|-boost|p2a: Magearna|spa|2|[from] item: Weakness Policy
|move|p2a: Magearna|Shift Gear|p2a: Magearna
|-boost|p2a: Magearna|spe|2
|-boost|p2a: Magearna|atk|1
|
|upkeep
|turn|5
|
|t:|1659595085
|move|p1a: Aerodactyl|Earthquake|p2a: Magearna
|-supereffective|p2a: Magearna
|-damage|p2a: Magearna|0 fnt
|faint|p2a: Magearna
|
|upkeep
|
|t:|1659595090
|switch|p2a: Cloyster|Cloyster, M|100/100
|turn|6
|
|t:|1659595097
|-start|p1a: Aerodactyl|Dynamax|
|-heal|p1a: Aerodactyl|76/100|[silent]
|move|p1a: Aerodactyl|Max Airstream|p2a: Cloyster
|-damage|p2a: Cloyster|47/100
|-boost|p1a: Aerodactyl|spe|1
|move|p2a: Cloyster|Shell Smash|p2a: Cloyster
|-unboost|p2a: Cloyster|def|1
|-unboost|p2a: Cloyster|spd|1
|-boost|p2a: Cloyster|atk|2
|-boost|p2a: Cloyster|spa|2
|-boost|p2a: Cloyster|spe|2
|-enditem|p2a: Cloyster|White Herb
|-clearnegativeboost|p2a: Cloyster|[silent]
|
|upkeep
|turn|7
|
|t:|1659595103
|move|p1a: Aerodactyl|Max Airstream|p2a: Cloyster
|-damage|p2a: Cloyster|0 fnt
|-boost|p1a: Aerodactyl|spe|1
|faint|p2a: Cloyster
|
|upkeep
|
|t:|1659595126
|switch|p2a: Zekrom|Zekrom|100/100
|-ability|p2a: Zekrom|Teravolt
|turn|8
|inactive|Glaliegoesboom ❤ has 270 seconds left.
|
|t:|1659595155
|switch|p2a: Dragapult|Dragapult, M|100/100
|move|p1a: Aerodactyl|Max Wyrmwind|p2a: Dragapult
|-supereffective|p2a: Dragapult
|-damage|p2a: Dragapult|0 fnt
|faint|p2a: Dragapult
|
|upkeep
|
|t:|1659595156
|switch|p2a: Zekrom|Zekrom|100/100
|-ability|p2a: Zekrom|Teravolt
|-end|p1a: Aerodactyl|Dynamax
|-heal|p1a: Aerodactyl|76/100|[silent]
|turn|9
|
|t:|1659595159
|-start|p2a: Zekrom|Dynamax|
|-heal|p2a: Zekrom|100/100|[silent]
|move|p1a: Aerodactyl|Earthquake|p2a: Zekrom
|-supereffective|p2a: Zekrom
|-damage|p2a: Zekrom|71/100
|move|p2a: Zekrom|Max Lightning|p1a: Aerodactyl
|-supereffective|p1a: Aerodactyl
|-damage|p1a: Aerodactyl|0 fnt
|-fieldstart|move: Electric Terrain
|faint|p1a: Aerodactyl
|-damage|p2a: Zekrom|66/100|[from] item: Life Orb
|
|upkeep
|
|t:|1659595170
|switch|p1a: Greninja|Greninja, M|100/100
|-damage|p1a: Greninja|88/100|[from] Stealth Rock
|turn|10
|
|t:|1659595180
|move|p1a: Greninja|Ice Beam|p2a: Zekrom
|-start|p1a: Greninja|typechange|Ice|[from] ability: Protean
|-supereffective|p2a: Zekrom
|-damage|p2a: Zekrom|25/100
|move|p2a: Zekrom|Max Lightning|p1a: Greninja
|-damage|p1a: Greninja|0 fnt
|faint|p1a: Greninja
|-damage|p2a: Zekrom|20/100|[from] item: Life Orb
|
|upkeep
|c|☆Glaliegoesboom ❤|Gg
|
|t:|1659595188
|switch|p1a: Palkia|Palkia|100/100
|-damage|p1a: Palkia|88/100|[from] Stealth Rock
|-ability|p1a: Palkia|Pressure
|turn|11
|
|t:|1659595191
|move|p1a: Palkia|Ice Beam|p2a: Zekrom
|-supereffective|p2a: Zekrom
|-damage|p2a: Zekrom|0 fnt
|faint|p2a: Zekrom
|-damage|p1a: Palkia|78/100|[from] item: Life Orb
|
|win|Corsor
|c|☆Corsor|Not so fast
|c|☆Corsor|now gg
