|j|☆GolemWentBoom
|j|☆kerrozxl-
|t:|1660248928
|gametype|singles
|player|p1|GolemWentBoom|170|1688
|player|p2|kerrozxl-|unknownf|1855
|teamsize|p1|6
|teamsize|p2|6
|gen|8
|tier|[Gen 8] National Dex AG
|rated|
|rule|HP Percentage Mod: HP is shown in percentages
|rule|Endless Battle Clause: Forcing endless battles is banned
|clearpoke
|poke|p1|Golem, M|
|poke|p1|Xerneas-*|
|poke|p1|Kyogre|
|poke|p1|Kyurem-White|
|poke|p1|Arceus-*|
|poke|p1|Necrozma-Dusk-Mane|
|poke|p2|Rayquaza|
|poke|p2|Groudon|
|poke|p2|Necrozma-Dusk-Mane|
|poke|p2|Marshadow|
|poke|p2|Yveltal|
|poke|p2|Xerneas-*|
|teampreview
|inactive|Battle timer is ON: inactive players will automatically lose when time's up. (requested by GolemWentBoom)
|
|t:|1660248933
|start
|switch|p1a: Golem|Golem, M|100/100
|switch|p2a: Rayquaza|Rayquaza, shiny|100/100
|-ability|p2a: Rayquaza|Air Lock
|turn|1
|
|t:|1660248949
|detailschange|p2a: Rayquaza|Rayquaza-Mega, shiny
|-mega|p2a: Rayquaza|Rayquaza|
|-weather|DeltaStream|[from] ability: Delta Stream|[of] p2a: Rayquaza
|move|p2a: Rayquaza|Waterfall|p1a: Golem
|-supereffective|p1a: Golem
|-ability|p1a: Golem|Sturdy
|-damage|p1a: Golem|1/100
|move|p1a: Golem|Stealth Rock|p2a: Rayquaza
|-sidestart|p2: kerrozxl-|move: Stealth Rock
|
|-weather|DeltaStream|[upkeep]
|upkeep
|turn|2
|-enditem|p1a: Golem|Custap Berry|[eat]
|-activate|p1a: Golem|item: Custap Berry|[consumed]
|
|t:|1660248977
|move|p1a: Golem|Explosion|p2a: Rayquaza
|-damage|p2a: Rayquaza|14/100
|faint|p1a: Golem
|move|p2a: Rayquaza|Waterfall|p1: Golem|[notarget]
|-fail|p2a: Rayquaza
|
|-weather|DeltaStream|[upkeep]
|upkeep
|
|t:|1660248990
|switch|p1a: Kyurem|Kyurem-White|100/100
|-ability|p1a: Kyurem|Turboblaze
|turn|3
|
|t:|1660248999
|-weather|none
|switch|p2a: Groudon|Groudon, shiny|100/100
|-damage|p2a: Groudon|94/100|[from] Stealth Rock
|detailschange|p2a: Groudon|Groudon-Primal, shiny
|-primal|p2a: Groudon
|-weather|DesolateLand|[from] ability: Desolate Land|[of] p2a: Groudon
|-start|p1a: Kyurem|Dynamax|
|-heal|p1a: Kyurem|100/100|[silent]
|move|p1a: Kyurem|Max Airstream|p2a: Groudon
|-damage|p2a: Groudon|52/100
|-boost|p1a: Kyurem|spe|1
|-damage|p1a: Kyurem|96/100|[from] item: Life Orb
|
|-weather|DesolateLand|[upkeep]
|upkeep
|turn|4
|
|t:|1660249014
|move|p1a: Kyurem|Max Hailstorm|p2a: Groudon
|-damage|p2a: Groudon|0 fnt
|-weather|Hail
|faint|p2a: Groudon
|-damage|p1a: Kyurem|91/100|[from] item: Life Orb
|
|-weather|Hail|[upkeep]
|upkeep
|inactive|kerrozxl- has 120 seconds left.
|
|t:|1660249049
|switch|p2a: Rayquaza|Rayquaza-Mega, shiny|14/100
|-damage|p2a: Rayquaza|0 fnt|[from] Stealth Rock
|faint|p2a: Rayquaza
|
|t:|1660249051
|switch|p2a: Xerneas|Xerneas, shiny|100/100
|-damage|p2a: Xerneas|88/100|[from] Stealth Rock
|-ability|p2a: Xerneas|Fairy Aura
|turn|5
|
|t:|1660249055
|-start|p2a: Xerneas|Dynamax|
|-heal|p2a: Xerneas|88/100|[silent]
|move|p1a: Kyurem|Max Hailstorm|p2a: Xerneas
|-crit|p2a: Xerneas
|-damage|p2a: Xerneas|31/100
|-damage|p1a: Kyurem|86/100|[from] item: Life Orb
|move|p2a: Xerneas|Max Starfall|p1a: Kyurem
|-supereffective|p1a: Kyurem
|-damage|p1a: Kyurem|3/100
|-fieldstart|move: Misty Terrain
|
|-weather|Hail|[upkeep]
|-damage|p2a: Xerneas|28/100|[from] Hail
|upkeep
|-end|p1a: Kyurem|Dynamax
|-heal|p1a: Kyurem|4/100|[silent]
|turn|6
|
|t:|1660249064
|move|p1a: Kyurem|Freeze-Dry|p2a: Xerneas
|-crit|p2a: Xerneas
|-damage|p2a: Xerneas|0 fnt
|faint|p2a: Xerneas
|-damage|p1a: Kyurem|0 fnt|[from] item: Life Orb
|faint|p1a: Kyurem
|
|-weather|Hail|[upkeep]
|upkeep
|
|t:|1660249070
|switch|p1a: Kyogre|Kyogre|100/100
|switch|p2a: Necrozma|Necrozma-Dusk-Mane|100/100
|-weather|RainDance|[from] ability: Drizzle|[of] p1a: Kyogre
|-damage|p2a: Necrozma|95/100|[from] Stealth Rock
|turn|7
|
|t:|1660249084
|detailschange|p2a: Necrozma|Necrozma-Ultra
|-burst|p2a: Necrozma|Necrozma|Ultranecrozium Z
|move|p1a: Kyogre|Water Spout|p2a: Necrozma
|-resisted|p2a: Necrozma
|-damage|p2a: Necrozma|22/100
|move|p2a: Necrozma|Dragon Dance|p2a: Necrozma
|-boost|p2a: Necrozma|atk|1
|-boost|p2a: Necrozma|spe|1
|
|-weather|RainDance|[upkeep]
|upkeep
|turn|8
|
|t:|1660249093
|-zpower|p2a: Necrozma
|move|p2a: Necrozma|Light That Burns the Sky|p1a: Kyogre|[zeffect]
|-damage|p1a: Kyogre|0 fnt
|faint|p1a: Kyogre
|
|-weather|RainDance|[upkeep]
|upkeep
|
|t:|1660249095
|switch|p1a: Arceus|Arceus|100/100
|turn|9
|
|t:|1660249101
|move|p1a: Arceus|Extreme Speed|p2a: Necrozma
|-damage|p2a: Necrozma|0 fnt
|faint|p2a: Necrozma
|
|-weather|RainDance|[upkeep]
|-fieldend|Misty Terrain
|upkeep
|
|t:|1660249103
|switch|p2a: Marshadow|Marshadow|100/100
|-damage|p2a: Marshadow|94/100|[from] Stealth Rock
|turn|10
|
|t:|1660249112
|move|p2a: Marshadow|Close Combat|p1a: Arceus
|-supereffective|p1a: Arceus
|-enditem|p1a: Arceus|Chople Berry|[eat]
|-enditem|p1a: Arceus|Chople Berry|[weaken]
|-damage|p1a: Arceus|61/100
|-unboost|p2a: Marshadow|def|1
|-unboost|p2a: Marshadow|spd|1
|move|p1a: Arceus|Earthquake|p2a: Marshadow
|-crit|p2a: Marshadow
|-damage|p2a: Marshadow|0 fnt
|faint|p2a: Marshadow
|
|-weather|RainDance|[upkeep]
|upkeep
|
|t:|1660249115
|switch|p2a: Yveltal|Yveltal, shiny|100/100
|-ability|p2a: Yveltal|Dark Aura
|turn|11
|
|t:|1660249118
|move|p2a: Yveltal|Knock Off|p1a: Arceus
|-damage|p1a: Arceus|33/100
|move|p1a: Arceus|Swords Dance|p1a: Arceus
|-boost|p1a: Arceus|atk|2
|
|-weather|none
|upkeep
|turn|12
|-message|kerrozxl- forfeited.
|
|win|GolemWentBoom
|raw|GolemWentBoom's rating: 1688 &rarr; <strong>1717</strong><br />(+29 for winning)
|raw|kerrozxl-'s rating: 1855 &rarr; <strong>1826</strong><br />(-29 for losing)
|l|☆kerrozxl-
