|j|☆shisky
|j|☆The Nyz
|t:|1661597225
|gametype|singles
|player|p1|shisky|1|1509
|player|p2|The Nyz|n-masters|1455
|teamsize|p1|6
|teamsize|p2|6
|gen|8
|tier|[Gen 8] National Dex AG
|rated|
|rule|HP Percentage Mod: HP is shown in percentages
|rule|Endless Battle Clause: Forcing endless battles is banned
|clearpoke
|poke|p1|Arceus-*|
|poke|p1|Arceus-*|
|poke|p1|Arceus-*|
|poke|p1|Arceus-*|
|poke|p1|Arceus-*|
|poke|p1|Arceus-*|
|poke|p2|Lugia|
|poke|p2|Urshifu-*, F|
|poke|p2|Gengar, F|
|poke|p2|Kyurem-White|
|poke|p2|Quagsire, F|
|poke|p2|Scizor, M|
|teampreview
|c|☆The Nyz|._.
|inactive|Battle timer is ON: inactive players will automatically lose when time's up. (requested by shisky)
|
|t:|1661597257
|start
|switch|p1a: Arceus|Arceus-Electric|100/100
|switch|p2a: Pink boi|Lugia, shiny|100/100
|turn|1
|
|t:|1661597266
|-start|p1a: Arceus|Dynamax|
|-heal|p1a: Arceus|100/100|[silent]
|-start|p2a: Pink boi|Dynamax|
|-heal|p2a: Pink boi|100/100|[silent]
|move|p1a: Arceus|Max Lightning|p2a: Pink boi
|-supereffective|p2a: Pink boi
|-damage|p2a: Pink boi|76/100
|-fieldstart|move: Electric Terrain
|-enditem|p2a: Pink boi|Weakness Policy
|-boost|p2a: Pink boi|atk|2|[from] item: Weakness Policy
|-boost|p2a: Pink boi|spa|2|[from] item: Weakness Policy
|move|p2a: Pink boi|Max Airstream|p1a: Arceus
|-resisted|p1a: Arceus
|-damage|p1a: Arceus|82/100
|-boost|p2a: Pink boi|spe|1
|
|upkeep
|turn|2
|
|t:|1661597283
|move|p2a: Pink boi|Max Quake|p1a: Arceus
|-supereffective|p1a: Arceus
|-damage|p1a: Arceus|30/100
|-boost|p2a: Pink boi|spd|1
|move|p1a: Arceus|Max Lightning|p2a: Pink boi
|-supereffective|p2a: Pink boi
|-crit|p2a: Pink boi
|-damage|p2a: Pink boi|0 fnt
|faint|p2a: Pink boi
|
|upkeep
|
|t:|1661597304
|switch|p2a: Quagsire|Quagsire, F|100/100
|turn|3
|
|t:|1661597309
|-end|p1a: Arceus|Dynamax
|-heal|p1a: Arceus|30/100|[silent]
|switch|p1a: Arceus|Arceus|100/100
|move|p2a: Quagsire|Earth Power|p1a: Arceus
|-damage|p1a: Arceus|85/100
|
|upkeep
|turn|4
|
|t:|1661597321
|switch|p1a: Arceus|Arceus-Grass|100/100
|move|p2a: Quagsire|Toxic|p1a: Arceus
|-status|p1a: Arceus|tox
|
|-damage|p1a: Arceus|94/100 tox|[from] psn
|upkeep
|turn|5
|
|t:|1661597330
|switch|p2a: Scizor|Scizor, M|100/100
|move|p1a: Arceus|Swords Dance|p1a: Arceus
|-boost|p1a: Arceus|atk|2
|
|-damage|p1a: Arceus|82/100 tox|[from] psn
|-fieldend|move: Electric Terrain
|upkeep
|turn|6
|
|t:|1661597342
|move|p1a: Arceus|Earthquake|p2a: Scizor
|-damage|p2a: Scizor|33/100
|move|p2a: Scizor|Dual Wingbeat|p1a: Arceus
|-supereffective|p1a: Arceus
|-damage|p1a: Arceus|47/100 tox
|-supereffective|p1a: Arceus
|-damage|p1a: Arceus|14/100 tox
|-hitcount|p1a: Arceus|2
|
|-damage|p1a: Arceus|0 fnt|[from] psn
|faint|p1a: Arceus
|upkeep
|
|t:|1661597358
|switch|p1a: Arceus|Arceus|85/100
|turn|7
|
|t:|1661597366
|move|p2a: Scizor|Bullet Punch|p1a: Arceus
|-damage|p1a: Arceus|59/100
|move|p1a: Arceus|Swords Dance|p1a: Arceus
|-boost|p1a: Arceus|atk|2
|
|upkeep
|turn|8
|
|t:|1661597373
|move|p2a: Scizor|Bullet Punch|p1a: Arceus
|-damage|p1a: Arceus|33/100
|move|p1a: Arceus|Recover|p1a: Arceus
|-heal|p1a: Arceus|83/100
|
|upkeep
|turn|9
|
|t:|1661597379
|move|p1a: Arceus|Extreme Speed|p2a: Scizor
|-resisted|p2a: Scizor
|-damage|p2a: Scizor|0 fnt
|faint|p2a: Scizor
|-damage|p1a: Arceus|73/100|[from] item: Life Orb
|
|upkeep
|
|t:|1661597383
|switch|p2a: Quagsire|Quagsire, F|100/100
|turn|10
|
|t:|1661597389
|move|p1a: Arceus|Extreme Speed|p2a: Quagsire
|-damage|p2a: Quagsire|67/100
|-damage|p1a: Arceus|63/100|[from] item: Life Orb
|move|p2a: Quagsire|Toxic|p1a: Arceus
|-status|p1a: Arceus|tox
|
|-heal|p2a: Quagsire|73/100|[from] item: Leftovers
|-damage|p1a: Arceus|57/100 tox|[from] psn
|upkeep
|turn|11
|
|t:|1661597400
|switch|p1a: Arceus|Arceus-Flying|100/100
|move|p2a: Quagsire|Recover|p2a: Quagsire
|-heal|p2a: Quagsire|100/100
|
|upkeep
|turn|12
|
|t:|1661597408
|move|p1a: Arceus|Calm Mind|p1a: Arceus
|-boost|p1a: Arceus|spa|1
|-boost|p1a: Arceus|spd|1
|move|p2a: Quagsire|Toxic|p1a: Arceus
|-status|p1a: Arceus|tox
|
|-damage|p1a: Arceus|94/100 tox|[from] psn
|upkeep
|turn|13
|
|t:|1661597417
|move|p1a: Arceus|Refresh|p1a: Arceus
|-curestatus|p1a: Arceus|tox|[msg]
|move|p2a: Quagsire|Earth Power|p1a: Arceus
|-immune|p1a: Arceus
|
|upkeep
|turn|14
|
|t:|1661597424
|move|p1a: Arceus|Calm Mind|p1a: Arceus
|-boost|p1a: Arceus|spa|1
|-boost|p1a: Arceus|spd|1
|move|p2a: Quagsire|Toxic|p1a: Arceus
|-status|p1a: Arceus|tox
|
|-damage|p1a: Arceus|88/100 tox|[from] psn
|upkeep
|turn|15
|
|t:|1661597433
|move|p1a: Arceus|Refresh|p1a: Arceus
|-curestatus|p1a: Arceus|tox|[msg]
|move|p2a: Quagsire|Scald|p1a: Arceus
|-damage|p1a: Arceus|75/100
|
|upkeep
|turn|16
|
|t:|1661597440
|move|p1a: Arceus|Judgment|p2a: Quagsire
|-damage|p2a: Quagsire|39/100
|move|p2a: Quagsire|Toxic|p1a: Arceus|[miss]
|-miss|p2a: Quagsire|p1a: Arceus
|
|-heal|p2a: Quagsire|45/100|[from] item: Leftovers
|upkeep
|turn|17
|
|t:|1661597452
|move|p1a: Arceus|Judgment|p2a: Quagsire
|-damage|p2a: Quagsire|0 fnt
|faint|p2a: Quagsire
|
|upkeep
|
|t:|1661597459
|switch|p2a: Urshifu|Urshifu, F|100/100
|turn|18
|
|t:|1661597462
|move|p1a: Arceus|Judgment|p2a: Urshifu
|-supereffective|p2a: Urshifu
|-damage|p2a: Urshifu|0 fnt
|faint|p2a: Urshifu
|
|upkeep
|
|t:|1661597465
|switch|p2a: Kyurem|Kyurem-White|100/100
|-ability|p2a: Kyurem|Turboblaze
|turn|19
|
|t:|1661597471
|move|p1a: Arceus|Judgment|p2a: Kyurem
|-damage|p2a: Kyurem|18/100
|move|p2a: Kyurem|Ice Beam|p1a: Arceus
|-supereffective|p1a: Arceus
|-damage|p1a: Arceus|26/100
|-damage|p2a: Kyurem|8/100|[from] item: Life Orb
|
|upkeep
|turn|20
|
|t:|1661597479
|move|p1a: Arceus|Judgment|p2a: Kyurem
|-damage|p2a: Kyurem|0 fnt
|faint|p2a: Kyurem
|
|upkeep
|
|t:|1661597482
|switch|p2a: Gengar|Gengar, F|100/100
|turn|21
|
|t:|1661597487
|detailschange|p2a: Gengar|Gengar-Mega, F
|-mega|p2a: Gengar|Gengar|Gengarite
|move|p2a: Gengar|Substitute|p2a: Gengar
|-start|p2a: Gengar|Substitute
|-damage|p2a: Gengar|76/100
|move|p1a: Arceus|Judgment|p2a: Gengar
|-end|p2a: Gengar|Substitute
|
|upkeep
|turn|22
|
|t:|1661597495
|move|p2a: Gengar|Sludge Wave|p1a: Arceus
|-damage|p1a: Arceus|7/100
|move|p1a: Arceus|Judgment|p2a: Gengar
|-damage|p2a: Gengar|0 fnt
|faint|p2a: Gengar
|
|win|shisky
|raw|shisky's rating: 1509 &rarr; <strong>1526</strong><br />(+17 for winning)
|raw|The Nyz's rating: 1455 &rarr; <strong>1438</strong><br />(-17 for losing)
|c|☆The Nyz|Cring
|l|☆The Nyz
