|j|☆Bdyfg
|j|‽Flynn Watson ^~^
|t:|1646899641
|gametype|singles
|player|p1|Bdyfg|265|
|player|p2|Flynn Watson ^~^|darach|
|teamsize|p1|6
|teamsize|p2|6
|gen|8
|tier|[Gen 8] National Dex AG
|rule|HP Percentage Mod: HP is shown in percentages
|rule|Endless Battle Clause: Forcing endless battles is banned
|clearpoke
|poke|p1|Calyrex-Shadow|
|poke|p1|Shedinja|
|poke|p1|Charizard, F|
|poke|p1|Kyogre|
|poke|p1|Mewtwo|
|poke|p1|Marshadow|
|poke|p2|Excadrill, M|
|poke|p2|Necrozma-Dusk-Mane|
|poke|p2|Xerneas-*|
|poke|p2|Calyrex-Shadow|
|poke|p2|Yveltal|
|poke|p2|Marshadow|
|teampreview
|inactive|Battle timer is ON: inactive players will automatically lose when time's up. (requested by Flynn Watson ^~^)
|
|t:|1646899645
|start
|switch|p1a: Shedinja|Shedinja|100/100
|switch|p2a: Excadrill|Excadrill, M|100/100
|-ability|p2a: Excadrill|Mold Breaker
|turn|1
|
|t:|1646899654
|-start|p1a: Shedinja|Dynamax
|move|p2a: Excadrill|Stealth Rock|p1a: Shedinja
|-sidestart|p1: Bdyfg|move: Stealth Rock
|move|p1a: Shedinja|Max Phantasm|p2a: Excadrill
|-damage|p2a: Excadrill|34/100
|-unboost|p2a: Excadrill|def|1
|
|upkeep
|turn|2
|
|t:|1646899669
|move|p2a: Excadrill|Rock Tomb|p1a: Shedinja
|-supereffective|p1a: Shedinja
|-enditem|p1a: Shedinja|Focus Sash
|-damage|p1a: Shedinja|100/100
|-unboost|p1a: Shedinja|spe|1
|move|p1a: Shedinja|Max Phantasm|p2a: Excadrill
|-damage|p2a: Excadrill|0 fnt
|faint|p2a: Excadrill
|
|upkeep
|
|t:|1646899680
|switch|p2a: Calyrex|Calyrex-Shadow|100/100
|-ability|p2a: Calyrex|As One
|-ability|p2a: Calyrex|Unnerve
|turn|3
|
|t:|1646899686
|move|p2a: Calyrex|Astral Barrage|p1a: Shedinja
|-supereffective|p1a: Shedinja
|-damage|p1a: Shedinja|0 fnt
|faint|p1a: Shedinja
|-ability|p2a: Calyrex|Grim Neigh|boost
|-boost|p2a: Calyrex|spa|1
|
|upkeep
|
|t:|1646899698
|switch|p1a: Marshadow|Marshadow|100/100
|-damage|p1a: Marshadow|94/100|[from] Stealth Rock
|turn|4
|
|t:|1646899716
|move|p2a: Calyrex|Astral Barrage|p1a: Marshadow
|-supereffective|p1a: Marshadow
|-damage|p1a: Marshadow|0 fnt
|faint|p1a: Marshadow
|-ability|p2a: Calyrex|Grim Neigh|boost
|-boost|p2a: Calyrex|spa|1
|
|upkeep
|
|t:|1646899734
|switch|p1a: Calyrex|Calyrex-Shadow|100/100
|-ability|p1a: Calyrex|As One
|-ability|p1a: Calyrex|Unnerve
|-damage|p1a: Calyrex|88/100|[from] Stealth Rock
|turn|5
|
|t:|1646899744
|move|p2a: Calyrex|Astral Barrage|p1a: Calyrex
|-supereffective|p1a: Calyrex
|-damage|p1a: Calyrex|0 fnt
|faint|p1a: Calyrex
|-ability|p2a: Calyrex|Grim Neigh|boost
|-boost|p2a: Calyrex|spa|1
|
|upkeep
|
|t:|1646899752
|switch|p1a: Charizard|Charizard, F|100/100
|-damage|p1a: Charizard|51/100|[from] Stealth Rock
|turn|6
|
|t:|1646899758
|move|p2a: Calyrex|Astral Barrage|p1a: Charizard
|-damage|p1a: Charizard|0 fnt
|faint|p1a: Charizard
|-ability|p2a: Calyrex|Grim Neigh|boost
|-boost|p2a: Calyrex|spa|1
|
|upkeep
|
|t:|1646899767
|switch|p1a: Kyogre|Kyogre|100/100
|-damage|p1a: Kyogre|88/100|[from] Stealth Rock
|detailschange|p1a: Kyogre|Kyogre-Primal
|-primal|p1a: Kyogre
|-weather|PrimordialSea|[from] ability: Primordial Sea|[of] p1a: Kyogre
|turn|7
|
|t:|1646899786
|move|p2a: Calyrex|Baton Pass|p2a: Calyrex
|
|t:|1646899787
|switch|p2a: Yveltal|Yveltal|100/100|[from]move: Baton Pass
|-ability|p2a: Yveltal|Dark Aura
|move|p1a: Kyogre|Thunder|p2a: Yveltal
|-supereffective|p2a: Yveltal
|-damage|p2a: Yveltal|20/100
|
|-weather|PrimordialSea|[upkeep]
|upkeep
|turn|8
|
|t:|1646899798
|move|p2a: Yveltal|Oblivion Wing|p1a: Kyogre
|-damage|p1a: Kyogre|0 fnt
|-heal|p2a: Yveltal|81/100|[from] drain|[of] p1a: Kyogre
|faint|p1a: Kyogre
|-weather|none
|-damage|p2a: Yveltal|71/100|[from] item: Life Orb
|
|upkeep
|
|t:|1646899807
|switch|p1a: Mewtwo|Mewtwo|100/100
|-damage|p1a: Mewtwo|88/100|[from] Stealth Rock
|-ability|p1a: Mewtwo|Pressure
|turn|9
|
|t:|1646899818
|detailschange|p1a: Mewtwo|Mewtwo-Mega-Y
|-mega|p1a: Mewtwo|Mewtwo|Mewtwonite Y
|-start|p2a: Yveltal|Dynamax
|-heal|p2a: Yveltal|71/100|[silent]
|move|p1a: Mewtwo|Psystrike|p2a: Yveltal
|-immune|p2a: Yveltal
|move|p2a: Yveltal|Max Airstream|p1a: Mewtwo
|-crit|p1a: Mewtwo
|-damage|p1a: Mewtwo|0 fnt
|-boost|p2a: Yveltal|spe|1
|faint|p1a: Mewtwo
|-damage|p2a: Yveltal|66/100|[from] item: Life Orb
|
|win|Flynn Watson ^~^
|l|☆Bdyfg
