|j|☆Mr S.A.C
|j|☆RUiNtheExtinct
|t:|1636379823
|gametype|singles
|player|p1|Mr S.A.C|pokemonranger-gen4|1379
|player|p2|RUiNtheExtinct|red-gen7|1646
|teamsize|p1|6
|teamsize|p2|6
|gen|8
|tier|[Gen 8] National Dex AG
|rated|
|rule|HP Percentage Mod: HP is shown in percentages
|rule|Endless Battle Clause: Forcing endless battles is banned
|clearpoke
|poke|p1|Quagsire, M|
|poke|p1|Gogoat, F|
|poke|p1|Tapu Koko|
|poke|p1|Tornadus, M|
|poke|p1|Silvally-*|
|poke|p1|Darmanitan-Galar, M|
|poke|p2|Deoxys-Speed|
|poke|p2|Rayquaza|
|poke|p2|Yveltal|
|poke|p2|Calyrex-Shadow|
|poke|p2|Ditto|
|poke|p2|Arceus-*|
|teampreview
|
|t:|1636379835
|start
|switch|p1a: Silvally|Silvally|100/100
|switch|p2a: Deoxys|Deoxys-Speed|100/100
|-ability|p2a: Deoxys|Pressure
|turn|1
|inactive|Battle timer is ON: inactive players will automatically lose when time's up. (requested by RUiNtheExtinct)
|
|t:|1636379841
|move|p2a: Deoxys|Knock Off|p1a: Silvally
|-damage|p1a: Silvally|69/100
|-enditem|p1a: Silvally|Expert Belt|[from] move: Knock Off|[of] p2a: Deoxys
|move|p1a: Silvally|Crunch|p2a: Deoxys
|-supereffective|p2a: Deoxys
|-damage|p2a: Deoxys|28/100
|
|upkeep
|turn|2
|
|t:|1636379852
|move|p2a: Deoxys|Stealth Rock|p1a: Silvally
|-sidestart|p1: Mr S.A.C|move: Stealth Rock
|move|p1a: Silvally|Crunch|p2a: Deoxys
|-supereffective|p2a: Deoxys
|-damage|p2a: Deoxys|0 fnt
|faint|p2a: Deoxys
|
|upkeep
|
|t:|1636379861
|switch|p2a: Rayquaza|Rayquaza|100/100
|-ability|p2a: Rayquaza|Air Lock
|turn|3
|
|t:|1636379867
|detailschange|p2a: Rayquaza|Rayquaza-Mega
|-mega|p2a: Rayquaza|Rayquaza|
|-weather|DeltaStream|[from] ability: Delta Stream|[of] p2a: Rayquaza
|move|p2a: Rayquaza|Dragon Dance|p2a: Rayquaza
|-boost|p2a: Rayquaza|atk|1
|-boost|p2a: Rayquaza|spe|1
|move|p1a: Silvally|Parting Shot|p2a: Rayquaza
|-unboost|p2a: Rayquaza|atk|1
|-unboost|p2a: Rayquaza|spa|1
|
|t:|1636379880
|switch|p1a: Tapu Koko|Tapu Koko|100/100|[from]move: Parting Shot
|-damage|p1a: Tapu Koko|88/100|[from] Stealth Rock
|-fieldstart|move: Electric Terrain|[from] ability: Electric Surge|[of] p1a: Tapu Koko
|
|-weather|DeltaStream|[upkeep]
|upkeep
|turn|4
|
|t:|1636379886
|move|p2a: Rayquaza|Earthquake|p1a: Tapu Koko
|-supereffective|p1a: Tapu Koko
|-damage|p1a: Tapu Koko|0 fnt
|faint|p1a: Tapu Koko
|-damage|p2a: Rayquaza|91/100|[from] item: Life Orb
|
|-weather|DeltaStream|[upkeep]
|upkeep
|
|t:|1636379890
|switch|p1a: Darmanitan|Darmanitan-Galar, M|100/100
|-damage|p1a: Darmanitan|76/100|[from] Stealth Rock
|turn|5
|
|t:|1636379897
|move|p2a: Rayquaza|Dragon Ascent|p1a: Darmanitan
|-damage|p1a: Darmanitan|0 fnt
|-unboost|p2a: Rayquaza|def|1
|-unboost|p2a: Rayquaza|spd|1
|faint|p1a: Darmanitan
|-damage|p2a: Rayquaza|81/100|[from] item: Life Orb
|
|-weather|DeltaStream|[upkeep]
|upkeep
|
|t:|1636379906
|switch|p1a: Tornadus|Tornadus, M|100/100
|-damage|p1a: Tornadus|76/100|[from] Stealth Rock
|turn|6
|
|t:|1636379910
|move|p1a: Tornadus|Tailwind|p1a: Tornadus
|-sidestart|p1: Mr S.A.C|move: Tailwind
|move|p2a: Rayquaza|Dragon Ascent|p1a: Tornadus
|-damage|p1a: Tornadus|0 fnt
|-unboost|p2a: Rayquaza|def|1
|-unboost|p2a: Rayquaza|spd|1
|faint|p1a: Tornadus
|-damage|p2a: Rayquaza|71/100|[from] item: Life Orb
|
|-weather|DeltaStream|[upkeep]
|upkeep
|
|t:|1636379916
|switch|p1a: Silvally|Silvally|69/100
|-damage|p1a: Silvally|57/100|[from] Stealth Rock
|turn|7
|
|t:|1636379922
|move|p2a: Rayquaza|Extreme Speed|p1a: Silvally
|-damage|p1a: Silvally|0 fnt
|faint|p1a: Silvally
|-damage|p2a: Rayquaza|61/100|[from] item: Life Orb
|
|-weather|DeltaStream|[upkeep]
|-fieldend|move: Electric Terrain
|upkeep
|
|t:|1636379936
|switch|p1a: Gogoat|Gogoat, F|100/100
|-damage|p1a: Gogoat|88/100|[from] Stealth Rock
|turn|8
|
|t:|1636379940
|-start|p1a: Gogoat|Dynamax
|-heal|p1a: Gogoat|88/100|[silent]
|move|p2a: Rayquaza|Dragon Ascent|p1a: Gogoat
|-supereffective|p1a: Gogoat
|-damage|p1a: Gogoat|0 fnt
|-unboost|p2a: Rayquaza|def|1
|-unboost|p2a: Rayquaza|spd|1
|faint|p1a: Gogoat
|-damage|p2a: Rayquaza|51/100|[from] item: Life Orb
|
|-weather|DeltaStream|[upkeep]
|upkeep
|
|t:|1636379947
|switch|p1a: Quagsire|Quagsire, M|100/100
|-damage|p1a: Quagsire|94/100|[from] Stealth Rock
|turn|9
|c|☆RUiNtheExtinct|gg
|
|t:|1636379955
|move|p2a: Rayquaza|Dragon Ascent|p1a: Quagsire
|-damage|p1a: Quagsire|12/100
|-unboost|p2a: Rayquaza|def|1
|-unboost|p2a: Rayquaza|spd|1
|-damage|p2a: Rayquaza|41/100|[from] item: Life Orb
|move|p1a: Quagsire|Scald|p2a: Rayquaza
|-resisted|p2a: Rayquaza
|-damage|p2a: Rayquaza|32/100
|
|-weather|DeltaStream|[upkeep]
|-heal|p1a: Quagsire|18/100|[from] item: Leftovers
|-sideend|p1: Mr S.A.C|move: Tailwind
|upkeep
|turn|10
|
|t:|1636379967
|move|p2a: Rayquaza|Dragon Ascent|p1a: Quagsire
|-damage|p1a: Quagsire|0 fnt
|-unboost|p2a: Rayquaza|def|1
|-unboost|p2a: Rayquaza|spd|1
|faint|p1a: Quagsire
|-damage|p2a: Rayquaza|22/100|[from] item: Life Orb
|
|win|RUiNtheExtinct
|raw|Mr S.A.C's rating: 1379 &rarr; <strong>1372</strong><br />(-7 for losing)
|raw|RUiNtheExtinct's rating: 1646 &rarr; <strong>1653</strong><br />(+7 for winning)
|l|☆Mr S.A.C
