|j|☆CLEAR GEM清瑜
|j|‽Apprenti Buck
|t:|1664641366
|gametype|singles
|player|p1|CLEAR GEM清瑜|skierf|1897
|player|p2|Apprenti Buck|lance-masters|1935
|teamsize|p1|6
|teamsize|p2|6
|gen|8
|tier|[Gen 8] National Dex AG
|rated|
|rule|HP Percentage Mod: HP is shown in percentages
|rule|Endless Battle Clause: Forcing endless battles is banned
|clearpoke
|poke|p1|Zacian-*|
|poke|p1|Yveltal|
|poke|p1|Necrozma-Dusk-Mane|
|poke|p1|Arceus-*|
|poke|p1|Tyranitar, M|
|poke|p1|Arceus-*|
|poke|p2|Groudon|
|poke|p2|Rayquaza|
|poke|p2|Calyrex-Shadow|
|poke|p2|Arceus-*|
|poke|p2|Yveltal|
|poke|p2|Marshadow|
|teampreview
|inactive|Battle timer is ON: inactive players will automatically lose when time's up. (requested by Apprenti Buck)
|j| AGLT5GC Mirror
|inactive|Apprenti Buck has 120 seconds left.
|
|t:|1664641409
|start
|switch|p1a: Arceus|Arceus-Ground|100/100
|switch|p2a: Rayquaza|Rayquaza, shiny|100/100
|-ability|p2a: Rayquaza|Air Lock
|turn|1
|
|t:|1664641412
|detailschange|p2a: Rayquaza|Rayquaza-Mega, shiny
|-mega|p2a: Rayquaza|Rayquaza|
|-weather|DeltaStream|[from] ability: Delta Stream|[of] p2a: Rayquaza
|move|p1a: Arceus|Stone Edge|p2a: Rayquaza
|-activate||deltastream
|-damage|p2a: Rayquaza|66/100
|move|p2a: Rayquaza|Dragon Dance|p2a: Rayquaza
|-boost|p2a: Rayquaza|atk|1
|-boost|p2a: Rayquaza|spe|1
|
|-weather|DeltaStream|[upkeep]
|upkeep
|turn|2
|n| 0.9mirror|aglt5gcmirror
|j| 123456789thai
|l|☆CLEAR GEM清瑜
|inactive|CLEAR GEM清瑜 disconnected and has a minute to reconnect!
|player|p1|
|j|☆CLEAR GEM清瑜
|inactive|CLEAR GEM清瑜 reconnected and has 120 seconds left.
|player|p1|CLEAR GEM清瑜|skierf
|
|t:|1664641446
|move|p2a: Rayquaza|Dragon Dance|p2a: Rayquaza
|-boost|p2a: Rayquaza|atk|1
|-boost|p2a: Rayquaza|spe|1
|move|p1a: Arceus|Stone Edge|p2a: Rayquaza
|-activate||deltastream
|-crit|p2a: Rayquaza
|-damage|p2a: Rayquaza|20/100
|
|-weather|DeltaStream|[upkeep]
|upkeep
|turn|3
|
|t:|1664641465
|move|p2a: Rayquaza|Dragon Ascent|p1a: Arceus
|-damage|p1a: Arceus|0 fnt
|-unboost|p2a: Rayquaza|def|1
|-unboost|p2a: Rayquaza|spd|1
|faint|p1a: Arceus
|-damage|p2a: Rayquaza|10/100|[from] item: Life Orb
|
|-weather|DeltaStream|[upkeep]
|upkeep
|
|t:|1664641470
|switch|p1a: 嘉然小姐的狗|Zacian-Crowned|100/100
|-ability|p1a: 嘉然小姐的狗|Intrepid Sword|boost
|-boost|p1a: 嘉然小姐的狗|atk|1
|turn|4
|
|t:|1664641481
|move|p1a: 嘉然小姐的狗|Quick Attack|p2a: Rayquaza
|-damage|p2a: Rayquaza|0 fnt
|faint|p2a: Rayquaza
|-weather|none
|
|upkeep
|
|t:|1664641485
|switch|p2a: Groudon|Groudon, shiny|100/100
|detailschange|p2a: Groudon|Groudon-Primal, shiny
|-primal|p2a: Groudon
|-weather|DesolateLand|[from] ability: Desolate Land|[of] p2a: Groudon
|turn|5
|
|t:|1664641495
|switch|p1a: Arceus|Arceus-Water|100/100
|move|p2a: Groudon|Stealth Rock|p1a: Arceus
|-sidestart|p1: CLEAR GEM清瑜|move: Stealth Rock
|
|-weather|DesolateLand|[upkeep]
|upkeep
|turn|6
|
|t:|1664641515
|move|p1a: Arceus|Defog|p2a: Groudon
|-unboost|p2a: Groudon|evasion|1
|-sideend|p1: CLEAR GEM清瑜|Stealth Rock|[from] move: Defog|[of] p1a: Arceus
|move|p2a: Groudon|Swords Dance|p2a: Groudon
|-boost|p2a: Groudon|atk|2
|
|-weather|DesolateLand|[upkeep]
|upkeep
|turn|7
|
|t:|1664641521
|switch|p1a: Y鸟|Yveltal|100/100
|-ability|p1a: Y鸟|Dark Aura
|move|p2a: Groudon|Rock Tomb|p1a: Y鸟
|-supereffective|p1a: Y鸟
|-damage|p1a: Y鸟|10/100
|-unboost|p1a: Y鸟|spe|1
|
|-weather|DesolateLand|[upkeep]
|upkeep
|turn|8
|
|t:|1664641537
|move|p2a: Groudon|Stealth Rock|p1a: Y鸟
|-sidestart|p1: CLEAR GEM清瑜|move: Stealth Rock
|move|p1a: Y鸟|Dark Pulse|p2a: Groudon
|-damage|p2a: Groudon|20/100
|-damage|p1a: Y鸟|0 fnt|[from] item: Life Orb
|faint|p1a: Y鸟
|
|-weather|DesolateLand|[upkeep]
|upkeep
|
|t:|1664641545
|switch|p1a: Necrozma|Necrozma-Dusk-Mane|100/100
|-damage|p1a: Necrozma|94/100|[from] Stealth Rock
|turn|9
|
|t:|1664641548
|move|p2a: Groudon|Precipice Blades|p1a: Necrozma
|-supereffective|p1a: Necrozma
|-damage|p1a: Necrozma|0 fnt
|faint|p1a: Necrozma
|
|-weather|DesolateLand|[upkeep]
|upkeep
|
|t:|1664641553
|switch|p1a: 嘉然小姐的狗|Zacian-Crowned|100/100
|-damage|p1a: 嘉然小姐的狗|94/100|[from] Stealth Rock
|-ability|p1a: 嘉然小姐的狗|Intrepid Sword|boost
|-boost|p1a: 嘉然小姐的狗|atk|1
|turn|10
|
|t:|1664641555
|move|p1a: 嘉然小姐的狗|Behemoth Blade|p2a: Groudon
|-resisted|p2a: Groudon
|-damage|p2a: Groudon|0 fnt
|faint|p2a: Groudon
|-weather|none
|
|upkeep
|
|t:|1664641561
|switch|p2a: Calyrex|Calyrex-Shadow|100/100
|-ability|p2a: Calyrex|As One
|-ability|p2a: Calyrex|Unnerve
|turn|11
|
|t:|1664641565
|switch|p1a: Tyranitar|Tyranitar, M|100/100
|-damage|p1a: Tyranitar|88/100|[from] Stealth Rock
|-weather|Sandstorm|[from] ability: Sand Stream|[of] p1a: Tyranitar
|move|p2a: Calyrex|Substitute|p2a: Calyrex
|-start|p2a: Calyrex|Substitute
|-damage|p2a: Calyrex|76/100
|
|-weather|Sandstorm|[upkeep]
|-damage|p2a: Calyrex|70/100|[from] Sandstorm
|upkeep
|turn|12
|
|t:|1664641568
|detailschange|p1a: Tyranitar|Tyranitar-Mega, M
|-mega|p1a: Tyranitar|Tyranitar|Tyranitarite
|move|p2a: Calyrex|Baton Pass|p2a: Calyrex
|
|t:|1664641596
|switch|p2a: Arceus|Arceus|100/100|[from]move: Baton Pass
|move|p1a: Tyranitar|Stealth Rock|p2a: Arceus
|-sidestart|p2: Apprenti Buck|move: Stealth Rock
|
|-weather|Sandstorm|[upkeep]
|-damage|p2a: Arceus|94/100|[from] Sandstorm
|upkeep
|turn|13
|
|t:|1664641606
|move|p2a: Arceus|Earthquake|p1a: Tyranitar
|-supereffective|p1a: Tyranitar
|-damage|p1a: Tyranitar|39/100
|-damage|p2a: Arceus|84/100|[from] item: Life Orb
|move|p1a: Tyranitar|Rock Blast|p2a: Arceus|[miss]
|-miss|p1a: Tyranitar|p2a: Arceus
|
|-weather|Sandstorm|[upkeep]
|-damage|p2a: Arceus|78/100|[from] Sandstorm
|upkeep
|turn|14
|
|t:|1664641615
|move|p2a: Arceus|Earthquake|p1a: Tyranitar
|-supereffective|p1a: Tyranitar
|-damage|p1a: Tyranitar|0 fnt
|faint|p1a: Tyranitar
|-damage|p2a: Arceus|68/100|[from] item: Life Orb
|
|-weather|Sandstorm|[upkeep]
|-damage|p2a: Arceus|62/100|[from] Sandstorm
|upkeep
|
|t:|1664641622
|switch|p1a: Arceus|Arceus-Water|100/100
|-damage|p1a: Arceus|88/100|[from] Stealth Rock
|turn|15
|
|t:|1664641627
|-start|p1a: Arceus|Dynamax|
|-heal|p1a: Arceus|88/100|[silent]
|move|p2a: Arceus|Swords Dance|p2a: Arceus
|-boost|p2a: Arceus|atk|2
|move|p1a: Arceus|Max Geyser|p2a: Arceus
|-end|p2a: Arceus|Substitute
|-weather|RainDance
|
|-weather|RainDance|[upkeep]
|upkeep
|turn|16
|
|t:|1664641632
|-start|p2a: Arceus|Dynamax|
|-heal|p2a: Arceus|62/100|[silent]
|move|p2a: Arceus|Max Strike|p1a: Arceus
|-damage|p1a: Arceus|44/100
|-unboost|p1a: Arceus|spe|1
|-damage|p2a: Arceus|57/100|[from] item: Life Orb
|move|p1a: Arceus|Max Geyser|p2a: Arceus
|-damage|p2a: Arceus|19/100
|
|-weather|RainDance|[upkeep]
|upkeep
|turn|17
|
|t:|1664641639
|move|p2a: Arceus|Max Strike|p1a: Arceus
|-damage|p1a: Arceus|0 fnt
|faint|p1a: Arceus
|-damage|p2a: Arceus|14/100|[from] item: Life Orb
|
|-weather|RainDance|[upkeep]
|upkeep
|
|t:|1664641641
|switch|p1a: 嘉然小姐的狗|Zacian-Crowned|94/100
|-damage|p1a: 嘉然小姐的狗|88/100|[from] Stealth Rock
|-ability|p1a: 嘉然小姐的狗|Intrepid Sword|boost
|-boost|p1a: 嘉然小姐的狗|atk|1
|turn|18
|
|t:|1664641644
|move|p2a: Arceus|Max Guard|p2a: Arceus
|-singleturn|p2a: Arceus|Max Guard
|move|p1a: 嘉然小姐的狗|Quick Attack|p2a: Arceus
|-activate|p2a: Arceus|move: Max Guard
|
|-weather|RainDance|[upkeep]
|upkeep
|-end|p2a: Arceus|Dynamax
|-heal|p2a: Arceus|14/100|[silent]
|turn|19
|
|t:|1664641647
|move|p2a: Arceus|Extreme Speed|p1a: 嘉然小姐的狗
|-resisted|p1a: 嘉然小姐的狗
|-damage|p1a: 嘉然小姐的狗|42/100
|-damage|p2a: Arceus|4/100|[from] item: Life Orb
|move|p1a: 嘉然小姐的狗|Behemoth Blade|p2a: Arceus
|-damage|p2a: Arceus|0 fnt
|faint|p2a: Arceus
|
|-weather|none
|upkeep
|
|t:|1664641654
|switch|p2a: Marshadow|Marshadow|100/100
|-damage|p2a: Marshadow|94/100|[from] Stealth Rock
|turn|20
|
|t:|1664641657
|move|p2a: Marshadow|Shadow Sneak|p1a: 嘉然小姐的狗
|-damage|p1a: 嘉然小姐的狗|10/100
|-damage|p2a: Marshadow|84/100|[from] item: Life Orb
|move|p1a: 嘉然小姐的狗|Behemoth Blade|p2a: Marshadow
|-damage|p2a: Marshadow|0 fnt
|faint|p2a: Marshadow
|
|upkeep
|
|t:|1664641659
|switch|p2a: Calyrex|Calyrex-Shadow|70/100
|-ability|p2a: Calyrex|As One
|-ability|p2a: Calyrex|Unnerve
|-damage|p2a: Calyrex|57/100|[from] Stealth Rock
|turn|21
|
|t:|1664641661
|-zpower|p2a: Calyrex
|move|p2a: Calyrex|Never-Ending Nightmare|p1a: 嘉然小姐的狗|[zeffect]
|-damage|p1a: 嘉然小姐的狗|0 fnt
|faint|p1a: 嘉然小姐的狗
|
|win|Apprenti Buck
|raw|CLEAR GEM清瑜's rating: 1897 &rarr; <strong>1877</strong><br />(-20 for losing)
|raw|Apprenti Buck's rating: 1905 &rarr; <strong>1925</strong><br />(+20 for winning)
