|j|☆Count Karnstein
|j|☆coolthingdude
|t:|1651069324
|gametype|singles
|player|p1|Count Karnstein|ingo|1526
|player|p2|coolthingdude|byron|1552
|teamsize|p1|6
|teamsize|p2|6
|gen|8
|tier|[Gen 8] National Dex AG
|rated|
|rule|HP Percentage Mod: HP is shown in percentages
|rule|Endless Battle Clause: Forcing endless battles is banned
|clearpoke
|poke|p1|Yveltal|
|poke|p1|Unown|
|poke|p1|Mamoswine, M|
|poke|p1|Shedinja|
|poke|p1|Kyogre|
|poke|p1|Zacian-*|
|poke|p2|Ferrothorn, M|
|poke|p2|Xerneas-*|
|poke|p2|Yveltal|
|poke|p2|Ditto|
|poke|p2|Zacian-*|
|poke|p2|Arceus-*|
|teampreview
|
|t:|1651069341
|start
|switch|p1a: Zacian|Zacian-Crowned|100/100
|switch|p2a: Ferrothorn|Ferrothorn, M|100/100
|-ability|p1a: Zacian|Intrepid Sword|boost
|-boost|p1a: Zacian|atk|1
|turn|1
|
|t:|1651069350
|move|p1a: Zacian|Close Combat|p2a: Ferrothorn
|-supereffective|p2a: Ferrothorn
|-enditem|p2a: Ferrothorn|Focus Sash
|-damage|p2a: Ferrothorn|1/100
|-unboost|p1a: Zacian|def|1
|-unboost|p1a: Zacian|spd|1
|-damage|p1a: Zacian|88/100|[from] ability: Iron Barbs|[of] p2a: Ferrothorn
|move|p2a: Ferrothorn|Spikes|p1a: Zacian
|-sidestart|p1: Count Karnstein|Spikes
|
|upkeep
|turn|2
|
|t:|1651069361
|move|p2a: Ferrothorn|Protect|p2a: Ferrothorn
|-singleturn|p2a: Ferrothorn|Protect
|move|p1a: Zacian|Behemoth Blade|p2a: Ferrothorn
|-activate|p2a: Ferrothorn|move: Protect
|
|upkeep
|turn|3
|
|t:|1651069367
|move|p1a: Zacian|Behemoth Blade|p2a: Ferrothorn
|-resisted|p2a: Ferrothorn
|-damage|p2a: Ferrothorn|0 fnt
|-damage|p1a: Zacian|76/100|[from] ability: Iron Barbs|[of] p2a: Ferrothorn
|faint|p2a: Ferrothorn
|
|upkeep
|
|t:|1651069373
|switch|p2a: Arceus|Arceus-Water|100/100
|turn|4
|
|t:|1651069388
|switch|p1a: Unown|Unown|100/100
|move|p2a: Arceus|Stealth Rock|p1a: Unown
|-sidestart|p1: Count Karnstein|move: Stealth Rock
|
|upkeep
|turn|5
|
|t:|1651069396
|-zpower|p2a: Arceus
|move|p2a: Arceus|Hydro Vortex|p1a: Unown|[zeffect]
|-damage|p1a: Unown|0 fnt
|faint|p1a: Unown
|
|upkeep
|
|t:|1651069405
|switch|p1a: Shedinja|Shedinja|100/100
|turn|6
|
|t:|1651069414
|switch|p2a: Ditto|Ditto|100/100
|-transform|p2a: Ditto|p1a: Shedinja|[from] ability: Imposter
|move|p1a: Shedinja|Baton Pass|p1a: Shedinja
|
|t:|1651069435
|switch|p1a: Mamoswine|Mamoswine, M|100/100|[from]move: Baton Pass
|-damage|p1a: Mamoswine|88/100|[from] Spikes
|-damage|p1a: Mamoswine|76/100|[from] Stealth Rock
|
|upkeep
|turn|7
|
|t:|1651069456
|move|p2a: Ditto|Will-O-Wisp|p1a: Mamoswine
|-status|p1a: Mamoswine|brn
|move|p1a: Mamoswine|Stealth Rock|p2a: Ditto
|-sidestart|p2: coolthingdude|move: Stealth Rock
|
|-damage|p1a: Mamoswine|70/100 brn|[from] brn
|upkeep
|turn|8
|
|t:|1651069464
|switch|p2a: Arceus|Arceus-Water|100/100
|-damage|p2a: Arceus|88/100|[from] Stealth Rock
|move|p1a: Mamoswine|Earthquake|p2a: Arceus
|-damage|p2a: Arceus|69/100
|
|-damage|p1a: Mamoswine|63/100 brn|[from] brn
|upkeep
|turn|9
|
|t:|1651069472
|switch|p1a: Shedinja|Shedinja|100/100
|move|p2a: Arceus|Recover|p2a: Arceus
|-heal|p2a: Arceus|100/100
|
|upkeep
|turn|10
|
|t:|1651069479
|switch|p2a: Ditto|Ditto|100/100
|-damage|p2a: Ditto|88/100|[from] Stealth Rock
|-transform|p2a: Ditto|p1a: Shedinja|[from] ability: Imposter
|move|p1a: Shedinja|Baton Pass|p1a: Shedinja
|
|t:|1651069486
|switch|p1a: Yveltal|Yveltal|100/100|[from]move: Baton Pass
|-ability|p1a: Yveltal|Dark Aura
|
|upkeep
|turn|11
|
|t:|1651069496
|switch|p2a: Arceus|Arceus-Water|100/100
|-damage|p2a: Arceus|88/100|[from] Stealth Rock
|move|p1a: Yveltal|Oblivion Wing|p2a: Arceus
|-damage|p2a: Arceus|62/100
|
|upkeep
|turn|12
|
|t:|1651069504
|move|p2a: Arceus|Recover|p2a: Arceus
|-heal|p2a: Arceus|100/100
|move|p1a: Yveltal|Taunt|p2a: Arceus
|-start|p2a: Arceus|move: Taunt
|
|upkeep
|turn|13
|
|t:|1651069510
|switch|p1a: Shedinja|Shedinja|100/100
|move|p2a: Arceus|Surf|p1a: Shedinja
|-immune|p1a: Shedinja|[from] ability: Wonder Guard
|
|upkeep
|turn|14
|
|t:|1651069525
|move|p2a: Arceus|Surf|p1a: Shedinja
|-immune|p1a: Shedinja|[from] ability: Wonder Guard
|move|p1a: Shedinja|Baton Pass|p1a: Shedinja
|
|t:|1651069531
|switch|p1a: Yveltal|Yveltal|100/100|[from]move: Baton Pass
|-ability|p1a: Yveltal|Dark Aura
|
|upkeep
|turn|15
|
|t:|1651069537
|switch|p1a: Shedinja|Shedinja|100/100
|move|p2a: Arceus|Surf|p1a: Shedinja
|-immune|p1a: Shedinja|[from] ability: Wonder Guard
|
|-end|p2a: Arceus|move: Taunt
|upkeep
|turn|16
|
|t:|1651069545
|move|p2a: Arceus|Surf|p1a: Shedinja
|-immune|p1a: Shedinja|[from] ability: Wonder Guard
|move|p1a: Shedinja|Baton Pass|p1a: Shedinja
|
|t:|1651069559
|switch|p1a: Yveltal|Yveltal|100/100|[from]move: Baton Pass
|-ability|p1a: Yveltal|Dark Aura
|
|upkeep
|turn|17
|
|t:|1651069564
|switch|p2a: Yveltal|Yveltal|100/100
|-damage|p2a: Yveltal|76/100|[from] Stealth Rock
|-ability|p2a: Yveltal|Dark Aura
|move|p1a: Yveltal|Oblivion Wing|p2a: Yveltal
|-damage|p2a: Yveltal|46/100
|
|-heal|p2a: Yveltal|52/100|[from] item: Leftovers
|upkeep
|turn|18
|
|t:|1651069575
|move|p1a: Yveltal|Taunt|p2a: Yveltal
|-start|p2a: Yveltal|move: Taunt
|move|p2a: Yveltal|Knock Off|p1a: Yveltal
|-resisted|p1a: Yveltal
|-damage|p1a: Yveltal|68/100
|-enditem|p1a: Yveltal|Heavy-Duty Boots|[from] move: Knock Off|[of] p2a: Yveltal
|
|-heal|p2a: Yveltal|59/100|[from] item: Leftovers
|upkeep
|turn|19
|
|t:|1651069583
|move|p1a: Yveltal|Oblivion Wing|p2a: Yveltal
|-damage|p2a: Yveltal|29/100
|-heal|p1a: Yveltal|92/100|[from] drain|[of] p2a: Yveltal
|move|p2a: Yveltal|Oblivion Wing|p1a: Yveltal
|-damage|p1a: Yveltal|61/100
|-heal|p2a: Yveltal|50/100|[from] drain|[of] p1a: Yveltal
|
|-heal|p2a: Yveltal|56/100|[from] item: Leftovers
|upkeep
|turn|20
|
|t:|1651069597
|-start|p1a: Yveltal|Dynamax|
|-heal|p1a: Yveltal|61/100|[silent]
|-start|p2a: Yveltal|Dynamax|
|-heal|p2a: Yveltal|56/100|[silent]
|move|p1a: Yveltal|Max Airstream|p2a: Yveltal
|-damage|p2a: Yveltal|30/100
|-boost|p1a: Yveltal|spe|1
|move|p2a: Yveltal|Max Airstream|p1a: Yveltal
|-damage|p1a: Yveltal|36/100
|-boost|p2a: Yveltal|spe|1
|
|-heal|p2a: Yveltal|33/100|[from] item: Leftovers
|-end|p2a: Yveltal|move: Taunt
|upkeep
|turn|21
|
|t:|1651069614
|move|p2a: Yveltal|Max Guard|p2a: Yveltal
|-singleturn|p2a: Yveltal|Max Guard
|move|p1a: Yveltal|Max Airstream|p2a: Yveltal
|-activate|p2a: Yveltal|move: Max Guard
|
|-heal|p2a: Yveltal|36/100|[from] item: Leftovers
|upkeep
|turn|22
|
|t:|1651069620
|move|p1a: Yveltal|Max Airstream|p2a: Yveltal
|-damage|p2a: Yveltal|11/100
|-boost|p1a: Yveltal|spe|1
|move|p2a: Yveltal|Max Airstream|p1a: Yveltal
|-damage|p1a: Yveltal|12/100
|-boost|p2a: Yveltal|spe|1
|
|-heal|p2a: Yveltal|14/100|[from] item: Leftovers
|-end|p1a: Yveltal|Dynamax
|-heal|p1a: Yveltal|12/100|[silent]
|-end|p2a: Yveltal|Dynamax
|-heal|p2a: Yveltal|14/100|[silent]
|upkeep
|turn|23
|
|t:|1651069634
|move|p1a: Yveltal|Knock Off|p2a: Yveltal
|-resisted|p2a: Yveltal
|-damage|p2a: Yveltal|0 fnt
|-enditem|p2a: Yveltal|Leftovers|[from] move: Knock Off|[of] p1a: Yveltal
|faint|p2a: Yveltal
|
|upkeep
|
|t:|1651069643
|switch|p2a: Zacian|Zacian-Crowned|100/100
|-damage|p2a: Zacian|94/100|[from] Stealth Rock
|-ability|p2a: Zacian|Intrepid Sword|boost
|-boost|p2a: Zacian|atk|1
|turn|24
|
|t:|1651069652
|move|p1a: Yveltal|Heat Wave|p2a: Zacian
|-supereffective|p2a: Zacian
|-damage|p2a: Zacian|42/100
|move|p2a: Zacian|Assurance|p1a: Yveltal
|-resisted|p1a: Yveltal
|-damage|p1a: Yveltal|0 fnt
|faint|p1a: Yveltal
|
|upkeep
|
|t:|1651069660
|switch|p1a: Kyogre|Kyogre|100/100
|-damage|p1a: Kyogre|88/100|[from] Spikes
|-damage|p1a: Kyogre|76/100|[from] Stealth Rock
|-weather|RainDance|[from] ability: Drizzle|[of] p1a: Kyogre
|turn|25
|
|t:|1651069666
|move|p2a: Zacian|Assurance|p1a: Kyogre
|-damage|p1a: Kyogre|39/100
|move|p1a: Kyogre|Surf|p2a: Zacian
|-damage|p2a: Zacian|0 fnt
|faint|p2a: Zacian
|
|-weather|RainDance|[upkeep]
|upkeep
|
|t:|1651069672
|switch|p2a: Arceus|Arceus-Water|100/100
|-damage|p2a: Arceus|88/100|[from] Stealth Rock
|turn|26
|
|t:|1651069676
|switch|p1a: Shedinja|Shedinja|100/100
|move|p2a: Arceus|Surf|p1a: Shedinja
|-immune|p1a: Shedinja|[from] ability: Wonder Guard
|
|-weather|RainDance|[upkeep]
|upkeep
|turn|27
|
|t:|1651069684
|move|p2a: Arceus|Recover|p2a: Arceus
|-heal|p2a: Arceus|100/100
|move|p1a: Shedinja|Baton Pass|p1a: Shedinja
|
|t:|1651069696
|switch|p1a: Mamoswine|Mamoswine, M|63/100 brn|[from]move: Baton Pass
|-damage|p1a: Mamoswine|51/100 brn|[from] Spikes
|-damage|p1a: Mamoswine|39/100 brn|[from] Stealth Rock
|
|-weather|RainDance|[upkeep]
|-damage|p1a: Mamoswine|33/100 brn|[from] brn
|upkeep
|turn|28
|
|t:|1651069704
|move|p2a: Arceus|Surf|p1a: Mamoswine
|-supereffective|p1a: Mamoswine
|-damage|p1a: Mamoswine|0 fnt
|faint|p1a: Mamoswine
|
|-weather|RainDance|[upkeep]
|upkeep
|
|t:|1651069711
|switch|p1a: Kyogre|Kyogre|39/100
|-damage|p1a: Kyogre|26/100|[from] Spikes
|-damage|p1a: Kyogre|14/100|[from] Stealth Rock
|turn|29
|
|t:|1651069716
|switch|p1a: Shedinja|Shedinja|100/100
|move|p2a: Arceus|Surf|p1a: Shedinja
|-immune|p1a: Shedinja|[from] ability: Wonder Guard
|
|-weather|none
|upkeep
|turn|30
|
|t:|1651069723
|move|p2a: Arceus|Stealth Rock||[still]
|-fail|p2a: Arceus
|move|p1a: Shedinja|Will-O-Wisp|p2a: Arceus|[miss]
|-miss|p1a: Shedinja|p2a: Arceus
|
|upkeep
|turn|31
|
|t:|1651069731
|switch|p2a: Ditto|Ditto|88/100
|-damage|p2a: Ditto|76/100|[from] Stealth Rock
|-transform|p2a: Ditto|p1a: Shedinja|[from] ability: Imposter
|move|p1a: Shedinja|Will-O-Wisp|p2a: Ditto
|-status|p2a: Ditto|brn
|
|-damage|p2a: Ditto|70/100 brn|[from] brn
|upkeep
|turn|32
|n| Apprenti Buck|apprentibuck
|
|t:|1651069742
|switch|p1a: Kyogre|Kyogre|14/100
|-damage|p1a: Kyogre|2/100|[from] Spikes
|-damage|p1a: Kyogre|0 fnt|[from] Stealth Rock
|faint|p1a: Kyogre
|move|p2a: Ditto|Will-O-Wisp|p1: Kyogre|[notarget]
|-fail|p2a: Ditto
|
|-damage|p2a: Ditto|64/100 brn|[from] brn
|upkeep
|
|t:|1651069751
|switch|p1a: Shedinja|Shedinja|100/100
|turn|33
|
|t:|1651069755
|move|p1a: Shedinja|Shadow Sneak|p2a: Ditto
|-supereffective|p2a: Ditto
|-damage|p2a: Ditto|0 fnt
|faint|p2a: Ditto
|
|upkeep
|
|t:|1651069763
|switch|p2a: Xerneas|Xerneas|100/100
|-damage|p2a: Xerneas|88/100|[from] Stealth Rock
|-ability|p2a: Xerneas|Fairy Aura
|turn|34
|
|t:|1651069770
|move|p2a: Xerneas|Geomancy||[still]
|-prepare|p2a: Xerneas|Geomancy
|-enditem|p2a: Xerneas|Power Herb
|-anim|p2a: Xerneas|Geomancy|p2a: Xerneas
|-boost|p2a: Xerneas|spa|2
|-boost|p2a: Xerneas|spd|2
|-boost|p2a: Xerneas|spe|2
|move|p1a: Shedinja|Will-O-Wisp|p2a: Xerneas
|-status|p2a: Xerneas|brn
|
|-damage|p2a: Xerneas|82/100 brn|[from] brn
|upkeep
|turn|35
|l| Apprenti Buck
|
|t:|1651069778
|move|p2a: Xerneas|Geomancy||[still]
|-prepare|p2a: Xerneas|Geomancy
|move|p1a: Shedinja|Will-O-Wisp|p2a: Xerneas|[miss]
|-miss|p1a: Shedinja|p2a: Xerneas
|
|-damage|p2a: Xerneas|76/100 brn|[from] brn
|upkeep
|turn|36
|
|t:|1651069786
|move|p2a: Xerneas|Geomancy|p2a: Xerneas|[from]lockedmove
|-boost|p2a: Xerneas|spa|2
|-boost|p2a: Xerneas|spd|2
|-boost|p2a: Xerneas|spe|2
|move|p1a: Shedinja|Will-O-Wisp|p2a: Xerneas
|-fail|p2a: Xerneas|brn
|
|-damage|p2a: Xerneas|70/100 brn|[from] brn
|upkeep
|turn|37
|
|t:|1651069797
|move|p2a: Xerneas|Moonblast|p1a: Shedinja
|-immune|p1a: Shedinja|[from] ability: Wonder Guard
|move|p1a: Shedinja|Baton Pass|p1a: Shedinja
|
|t:|1651069802
|switch|p1a: Zacian|Zacian-Crowned|76/100|[from]move: Baton Pass
|-damage|p1a: Zacian|70/100|[from] Stealth Rock
|-damage|p1a: Zacian|58/100|[from] Spikes
|-ability|p1a: Zacian|Intrepid Sword|boost
|-boost|p1a: Zacian|atk|1
|
|-damage|p2a: Xerneas|64/100 brn|[from] brn
|upkeep
|turn|38
|
|t:|1651069811
|switch|p1a: Shedinja|Shedinja|100/100
|move|p2a: Xerneas|Hidden Power|p1a: Shedinja
|-immune|p1a: Shedinja|[from] ability: Wonder Guard
|
|-damage|p2a: Xerneas|57/100 brn|[from] brn
|upkeep
|turn|39
|
|t:|1651069818
|move|p1a: Shedinja|Shadow Sneak|p2a: Xerneas
|-damage|p2a: Xerneas|44/100 brn
|move|p2a: Xerneas|Moonblast|p1a: Shedinja
|-immune|p1a: Shedinja|[from] ability: Wonder Guard
|
|-damage|p2a: Xerneas|38/100 brn|[from] brn
|upkeep
|turn|40
|
|t:|1651069827
|move|p1a: Shedinja|Shadow Sneak|p2a: Xerneas
|-damage|p2a: Xerneas|25/100 brn
|move|p2a: Xerneas|Hidden Power|p1a: Shedinja
|-immune|p1a: Shedinja|[from] ability: Wonder Guard
|
|-damage|p2a: Xerneas|18/100 brn|[from] brn
|upkeep
|turn|41
|c|☆Count Karnstein|hp ground?
|
|t:|1651069849
|move|p1a: Shedinja|Shadow Sneak|p2a: Xerneas
|-damage|p2a: Xerneas|3/100 brn
|move|p2a: Xerneas|Moonblast|p1a: Shedinja
|-immune|p1a: Shedinja|[from] ability: Wonder Guard
|
|-damage|p2a: Xerneas|0 fnt|[from] brn
|faint|p2a: Xerneas
|upkeep
|c|☆coolthingdude|yeah
|c|☆coolthingdude|for nerzoma
|c|☆coolthingdude|dusk mane
|
|t:|1651069860
|switch|p2a: Arceus|Arceus-Water|100/100
|-damage|p2a: Arceus|88/100|[from] Stealth Rock
|turn|42
|c|☆coolthingdude|and groundon
|c|☆coolthingdude|also turns to max quake
|c|☆Count Karnstein|oh ok
|c|☆Count Karnstein|well gg
|c|☆coolthingdude|gg wp
|c|☆Count Karnstein|Unown is OP
|
|t:|1651069901
|move|p2a: Arceus|Stealth Rock||[still]
|-fail|p2a: Arceus
|move|p1a: Shedinja|Will-O-Wisp|p2a: Arceus
|-status|p2a: Arceus|brn
|
|-damage|p2a: Arceus|82/100 brn|[from] brn
|upkeep
|turn|43
|
|t:|1651069911
|move|p1a: Shedinja|Shadow Sneak|p2a: Arceus
|-damage|p2a: Arceus|69/100 brn
|move|p2a: Arceus|Stealth Rock||[still]
|-fail|p2a: Arceus
|
|-damage|p2a: Arceus|63/100 brn|[from] brn
|upkeep
|turn|44
|
|t:|1651069917
|move|p1a: Shedinja|Shadow Sneak|p2a: Arceus
|-damage|p2a: Arceus|51/100 brn
|move|p2a: Arceus|Stealth Rock||[still]
|-fail|p2a: Arceus
|
|-damage|p2a: Arceus|45/100 brn|[from] brn
|upkeep
|turn|45
|
|t:|1651069928
|move|p1a: Shedinja|Shadow Sneak|p2a: Arceus
|-damage|p2a: Arceus|34/100 brn
|move|p2a: Arceus|Stealth Rock||[still]
|-fail|p2a: Arceus
|
|-damage|p2a: Arceus|28/100 brn|[from] brn
|upkeep
|turn|46
|
|t:|1651069934
|move|p1a: Shedinja|Shadow Sneak|p2a: Arceus
|-damage|p2a: Arceus|16/100 brn
|move|p2a: Arceus|Recover|p2a: Arceus
|-heal|p2a: Arceus|66/100 brn
|
|-damage|p2a: Arceus|60/100 brn|[from] brn
|upkeep
|turn|47
|
|t:|1651069944
|move|p1a: Shedinja|Shadow Sneak|p2a: Arceus
|-damage|p2a: Arceus|48/100 brn
|move|p2a: Arceus|Stealth Rock||[still]
|-fail|p2a: Arceus
|
|-damage|p2a: Arceus|41/100 brn|[from] brn
|upkeep
|turn|48
|
|t:|1651069950
|move|p1a: Shedinja|Shadow Sneak|p2a: Arceus
|-damage|p2a: Arceus|30/100 brn
|move|p2a: Arceus|Stealth Rock||[still]
|-fail|p2a: Arceus
|
|-damage|p2a: Arceus|24/100 brn|[from] brn
|upkeep
|turn|49
|
|t:|1651069956
|move|p1a: Shedinja|Shadow Sneak|p2a: Arceus
|-damage|p2a: Arceus|13/100 brn
|move|p2a: Arceus|Recover|p2a: Arceus
|-heal|p2a: Arceus|63/100 brn
|
|-damage|p2a: Arceus|57/100 brn|[from] brn
|upkeep
|turn|50
|
|t:|1651069962
|move|p1a: Shedinja|Shadow Sneak|p2a: Arceus
|-damage|p2a: Arceus|44/100 brn
|move|p2a: Arceus|Stealth Rock||[still]
|-fail|p2a: Arceus
|
|-damage|p2a: Arceus|38/100 brn|[from] brn
|upkeep
|turn|51
|
|t:|1651069968
|move|p1a: Shedinja|Shadow Sneak|p2a: Arceus
|-damage|p2a: Arceus|27/100 brn
|move|p2a: Arceus|Recover|p2a: Arceus
|-heal|p2a: Arceus|77/100 brn
|
|-damage|p2a: Arceus|71/100 brn|[from] brn
|upkeep
|turn|52
|
|t:|1651069974
|move|p1a: Shedinja|Shadow Sneak|p2a: Arceus
|-damage|p2a: Arceus|59/100 brn
|move|p2a: Arceus|Stealth Rock||[still]
|-fail|p2a: Arceus
|
|-damage|p2a: Arceus|53/100 brn|[from] brn
|upkeep
|turn|53
|
|t:|1651069980
|move|p1a: Shedinja|Shadow Sneak|p2a: Arceus
|-damage|p2a: Arceus|40/100 brn
|move|p2a: Arceus|Stealth Rock||[still]
|-fail|p2a: Arceus
|
|-damage|p2a: Arceus|34/100 brn|[from] brn
|upkeep
|turn|54
|
|t:|1651069986
|move|p1a: Shedinja|Shadow Sneak|p2a: Arceus
|-damage|p2a: Arceus|22/100 brn
|move|p2a: Arceus|Recover|p2a: Arceus
|-heal|p2a: Arceus|72/100 brn
|
|-damage|p2a: Arceus|66/100 brn|[from] brn
|upkeep
|turn|55
|
|t:|1651069996
|move|p1a: Shedinja|Shadow Sneak|p2a: Arceus
|-damage|p2a: Arceus|53/100 brn
|move|p2a: Arceus|Stealth Rock||[still]
|-fail|p2a: Arceus
|
|-damage|p2a: Arceus|47/100 brn|[from] brn
|upkeep
|turn|56
|
|t:|1651070002
|move|p1a: Shedinja|Shadow Sneak|p2a: Arceus
|-damage|p2a: Arceus|36/100 brn
|move|p2a: Arceus|Recover|p2a: Arceus
|-heal|p2a: Arceus|86/100 brn
|
|-damage|p2a: Arceus|80/100 brn|[from] brn
|upkeep
|turn|57
|
|t:|1651070010
|move|p1a: Shedinja|Shadow Sneak|p2a: Arceus
|-damage|p2a: Arceus|68/100 brn
|move|p2a: Arceus|Stealth Rock||[still]
|-fail|p2a: Arceus
|
|-damage|p2a: Arceus|62/100 brn|[from] brn
|upkeep
|turn|58
|
|t:|1651070020
|move|p1a: Shedinja|Shadow Sneak|p2a: Arceus
|-damage|p2a: Arceus|51/100 brn
|move|p2a: Arceus|Stealth Rock||[still]
|-fail|p2a: Arceus
|
|-damage|p2a: Arceus|45/100 brn|[from] brn
|upkeep
|turn|59
|
|t:|1651070027
|move|p1a: Shedinja|Shadow Sneak|p2a: Arceus
|-damage|p2a: Arceus|33/100 brn
|move|p2a: Arceus|Stealth Rock||[still]
|-fail|p2a: Arceus
|
|-damage|p2a: Arceus|27/100 brn|[from] brn
|upkeep
|turn|60
|
|t:|1651070033
|move|p1a: Shedinja|Shadow Sneak|p2a: Arceus
|-damage|p2a: Arceus|14/100 brn
|move|p2a: Arceus|Recover|p2a: Arceus
|-heal|p2a: Arceus|64/100 brn
|
|-damage|p2a: Arceus|57/100 brn|[from] brn
|upkeep
|turn|61
|
|t:|1651070040
|move|p1a: Shedinja|Shadow Sneak|p2a: Arceus
|-damage|p2a: Arceus|46/100 brn
|move|p2a: Arceus|Stealth Rock||[still]
|-fail|p2a: Arceus
|
|-damage|p2a: Arceus|40/100 brn|[from] brn
|upkeep
|turn|62
|
|t:|1651070047
|move|p1a: Shedinja|Shadow Sneak|p2a: Arceus
|-damage|p2a: Arceus|29/100 brn
|move|p2a: Arceus|Stealth Rock||[still]
|-fail|p2a: Arceus
|
|-damage|p2a: Arceus|23/100 brn|[from] brn
|upkeep
|turn|63
|
|t:|1651070053
|move|p1a: Shedinja|Shadow Sneak|p2a: Arceus
|-damage|p2a: Arceus|10/100 brn
|move|p2a: Arceus|Recover|p2a: Arceus
|-heal|p2a: Arceus|60/100 brn
|
|-damage|p2a: Arceus|54/100 brn|[from] brn
|upkeep
|turn|64
|
|t:|1651070059
|move|p1a: Shedinja|Shadow Sneak|p2a: Arceus
|-damage|p2a: Arceus|43/100 brn
|move|p2a: Arceus|Stealth Rock||[still]
|-fail|p2a: Arceus
|
|-damage|p2a: Arceus|37/100 brn|[from] brn
|upkeep
|turn|65
|j| Apprenti Buck
|
|t:|1651070072
|move|p1a: Shedinja|Shadow Sneak|p2a: Arceus
|-damage|p2a: Arceus|24/100 brn
|move|p2a: Arceus|Stealth Rock||[still]
|-fail|p2a: Arceus
|
|-damage|p2a: Arceus|18/100 brn|[from] brn
|upkeep
|turn|66
|
|t:|1651070081
|move|p1a: Shedinja|Shadow Sneak|p2a: Arceus
|-damage|p2a: Arceus|5/100 brn
|move|p2a: Arceus|Recover|p2a: Arceus
|-heal|p2a: Arceus|55/100 brn
|
|-damage|p2a: Arceus|49/100 brn|[from] brn
|upkeep
|turn|67
|c|☆coolthingdude|hi
|c|☆coolthingdude|welcome to the stalling
|
|t:|1651070095
|move|p1a: Shedinja|Shadow Sneak|p2a: Arceus
|-damage|p2a: Arceus|38/100 brn
|move|p2a: Arceus|Stealth Rock||[still]
|-fail|p2a: Arceus
|
|-damage|p2a: Arceus|32/100 brn|[from] brn
|upkeep
|turn|68
|c|☆Count Karnstein|lol what do you want me to do?
|
|t:|1651070122
|move|p2a: Arceus|Recover|p2a: Arceus
|-heal|p2a: Arceus|82/100 brn
|move|p1a: Shedinja|Will-O-Wisp|p2a: Arceus
|-fail|p2a: Arceus|brn
|
|-damage|p2a: Arceus|76/100 brn|[from] brn
|upkeep
|turn|69
|c|☆coolthingdude|it fine just welcoming the watcher
|
|t:|1651070143
|move|p2a: Arceus|Stealth Rock||[still]
|-fail|p2a: Arceus
|move|p1a: Shedinja|Will-O-Wisp|p2a: Arceus
|-fail|p2a: Arceus|brn
|
|-damage|p2a: Arceus|70/100 brn|[from] brn
|upkeep
|turn|70
|
|t:|1651070151
|move|p2a: Arceus|Stealth Rock||[still]
|-fail|p2a: Arceus
|move|p1a: Shedinja|Will-O-Wisp|p2a: Arceus
|-fail|p2a: Arceus|brn
|
|-damage|p2a: Arceus|64/100 brn|[from] brn
|upkeep
|turn|71
|
|t:|1651070159
|move|p2a: Arceus|Stealth Rock||[still]
|-fail|p2a: Arceus
|move|p1a: Shedinja|Will-O-Wisp|p2a: Arceus
|-fail|p2a: Arceus|brn
|
|-damage|p2a: Arceus|58/100 brn|[from] brn
|upkeep
|turn|72
|
|t:|1651070168
|move|p1a: Shedinja|Shadow Sneak|p2a: Arceus
|-damage|p2a: Arceus|46/100 brn
|move|p2a: Arceus|Stealth Rock||[still]
|-fail|p2a: Arceus
|
|-damage|p2a: Arceus|40/100 brn|[from] brn
|upkeep
|turn|73
|
|t:|1651070176
|move|p1a: Shedinja|Shadow Sneak|p2a: Arceus
|-damage|p2a: Arceus|28/100 brn
|move|p2a: Arceus|Stealth Rock||[still]
|-fail|p2a: Arceus
|
|-damage|p2a: Arceus|22/100 brn|[from] brn
|upkeep
|turn|74
|
|t:|1651070183
|move|p1a: Shedinja|Shadow Sneak|p2a: Arceus
|-damage|p2a: Arceus|9/100 brn
|move|p2a: Arceus|Recover|p2a: Arceus
|-heal|p2a: Arceus|59/100 brn
|
|-damage|p2a: Arceus|53/100 brn|[from] brn
|upkeep
|turn|75
|
|t:|1651070191
|move|p2a: Arceus|Stealth Rock||[still]
|-fail|p2a: Arceus
|move|p1a: Shedinja|Will-O-Wisp|p2a: Arceus
|-fail|p2a: Arceus|brn
|
|-damage|p2a: Arceus|47/100 brn|[from] brn
|upkeep
|turn|76
|
|t:|1651070199
|move|p2a: Arceus|Stealth Rock||[still]
|-fail|p2a: Arceus
|move|p1a: Shedinja|Will-O-Wisp|p2a: Arceus
|-fail|p2a: Arceus|brn
|
|-damage|p2a: Arceus|41/100 brn|[from] brn
|upkeep
|turn|77
|
|t:|1651070206
|move|p2a: Arceus|Recover|p2a: Arceus
|-heal|p2a: Arceus|91/100 brn
|move|p1a: Shedinja|Will-O-Wisp|p2a: Arceus
|-fail|p2a: Arceus|brn
|
|-damage|p2a: Arceus|85/100 brn|[from] brn
|upkeep
|turn|78
|
|t:|1651070214
|move|p2a: Arceus|Stealth Rock||[still]
|-fail|p2a: Arceus
|move|p1a: Shedinja|Will-O-Wisp|p2a: Arceus
|-fail|p2a: Arceus|brn
|
|-damage|p2a: Arceus|79/100 brn|[from] brn
|upkeep
|turn|79
|
|t:|1651070223
|move|p2a: Arceus|Stealth Rock||[still]
|-fail|p2a: Arceus
|move|p1a: Shedinja|Will-O-Wisp|p2a: Arceus|[miss]
|-miss|p1a: Shedinja|p2a: Arceus
|
|-damage|p2a: Arceus|73/100 brn|[from] brn
|upkeep
|turn|80
|
|t:|1651070230
|move|p2a: Arceus|Stealth Rock||[still]
|-fail|p2a: Arceus
|move|p1a: Shedinja|Will-O-Wisp|p2a: Arceus
|-fail|p2a: Arceus|brn
|
|-damage|p2a: Arceus|67/100 brn|[from] brn
|upkeep
|turn|81
|
|t:|1651070239
|move|p2a: Arceus|Stealth Rock||[still]
|-fail|p2a: Arceus
|move|p1a: Shedinja|Will-O-Wisp|p2a: Arceus
|-fail|p2a: Arceus|brn
|
|-damage|p2a: Arceus|61/100 brn|[from] brn
|upkeep
|turn|82
|
|t:|1651070245
|move|p1a: Shedinja|Shadow Sneak|p2a: Arceus
|-damage|p2a: Arceus|50/100 brn
|move|p2a: Arceus|Stealth Rock||[still]
|-fail|p2a: Arceus
|
|-damage|p2a: Arceus|44/100 brn|[from] brn
|upkeep
|turn|83
|
|t:|1651070254
|move|p1a: Shedinja|Shadow Sneak|p2a: Arceus
|-damage|p2a: Arceus|32/100 brn
|move|p2a: Arceus|Surf|p1a: Shedinja
|-immune|p1a: Shedinja|[from] ability: Wonder Guard
|
|-damage|p2a: Arceus|26/100 brn|[from] brn
|upkeep
|turn|84
|
|t:|1651070260
|move|p1a: Shedinja|Shadow Sneak|p2a: Arceus
|-damage|p2a: Arceus|13/100 brn
|move|p2a: Arceus|Recover|p2a: Arceus
|-heal|p2a: Arceus|63/100 brn
|
|-damage|p2a: Arceus|57/100 brn|[from] brn
|upkeep
|turn|85
|
|t:|1651070272
|move|p1a: Shedinja|Shadow Sneak|p2a: Arceus
|-damage|p2a: Arceus|46/100 brn
|move|p2a: Arceus|Defog|p1a: Shedinja
|-unboost|p1a: Shedinja|evasion|1
|-sideend|p1: Count Karnstein|Spikes|[from] move: Defog|[of] p2a: Arceus
|-sideend|p1: Count Karnstein|Stealth Rock|[from] move: Defog|[of] p2a: Arceus
|-sideend|p2: coolthingdude|Stealth Rock|[from] move: Defog|[of] p2a: Arceus
|
|-damage|p2a: Arceus|40/100 brn|[from] brn
|upkeep
|turn|86
|
|t:|1651070279
|move|p1a: Shedinja|Shadow Sneak|p2a: Arceus
|-damage|p2a: Arceus|27/100 brn
|move|p2a: Arceus|Defog|p1a: Shedinja
|-unboost|p1a: Shedinja|evasion|1
|
|-damage|p2a: Arceus|21/100 brn|[from] brn
|upkeep
|turn|87
|
|t:|1651070285
|move|p1a: Shedinja|Shadow Sneak|p2a: Arceus
|-damage|p2a: Arceus|10/100 brn
|move|p2a: Arceus|Recover|p2a: Arceus
|-heal|p2a: Arceus|60/100 brn
|
|-damage|p2a: Arceus|54/100 brn|[from] brn
|upkeep
|turn|88
|
|t:|1651070293
|move|p2a: Arceus|Defog|p1a: Shedinja
|-unboost|p1a: Shedinja|evasion|1
|move|p1a: Shedinja|Will-O-Wisp|p2a: Arceus
|-fail|p2a: Arceus|brn
|
|-damage|p2a: Arceus|48/100 brn|[from] brn
|upkeep
|turn|89
|
|t:|1651070300
|move|p2a: Arceus|Defog|p1a: Shedinja
|-unboost|p1a: Shedinja|evasion|1
|move|p1a: Shedinja|Will-O-Wisp|p2a: Arceus|[miss]
|-miss|p1a: Shedinja|p2a: Arceus
|
|-damage|p2a: Arceus|41/100 brn|[from] brn
|upkeep
|turn|90
|
|t:|1651070307
|move|p2a: Arceus|Defog|p1a: Shedinja
|-unboost|p1a: Shedinja|evasion|1
|move|p1a: Shedinja|Will-O-Wisp|p2a: Arceus
|-fail|p2a: Arceus|brn
|
|-damage|p2a: Arceus|35/100 brn|[from] brn
|upkeep
|turn|91
|
|t:|1651070315
|move|p2a: Arceus|Defog|p1a: Shedinja
|-unboost|p1a: Shedinja|evasion|1
|move|p1a: Shedinja|Will-O-Wisp|p2a: Arceus
|-fail|p2a: Arceus|brn
|
|-damage|p2a: Arceus|29/100 brn|[from] brn
|upkeep
|turn|92
|
|t:|1651070322
|move|p2a: Arceus|Defog||[still]
|-unboost|p1a: Shedinja|evasion|0
|-fail|p2a: Arceus
|move|p1a: Shedinja|Will-O-Wisp|p2a: Arceus
|-fail|p2a: Arceus|brn
|
|-damage|p2a: Arceus|23/100 brn|[from] brn
|upkeep
|turn|93
|
|t:|1651070329
|move|p2a: Arceus|Surf|p1a: Shedinja
|-immune|p1a: Shedinja|[from] ability: Wonder Guard
|move|p1a: Shedinja|Will-O-Wisp|p2a: Arceus
|-fail|p2a: Arceus|brn
|
|-damage|p2a: Arceus|17/100 brn|[from] brn
|upkeep
|turn|94
|
|t:|1651070336
|move|p2a: Arceus|Surf|p1a: Shedinja
|-immune|p1a: Shedinja|[from] ability: Wonder Guard
|move|p1a: Shedinja|Will-O-Wisp|p2a: Arceus|[miss]
|-miss|p1a: Shedinja|p2a: Arceus
|
|-damage|p2a: Arceus|11/100 brn|[from] brn
|upkeep
|turn|95
|
|t:|1651070343
|move|p1a: Shedinja|Endure|p1a: Shedinja
|-singleturn|p1a: Shedinja|move: Endure
|move|p2a: Arceus|Surf|p1a: Shedinja
|-immune|p1a: Shedinja|[from] ability: Wonder Guard
|
|-damage|p2a: Arceus|5/100 brn|[from] brn
|upkeep
|turn|96
|
|t:|1651070351
|move|p1a: Shedinja|Endure||[still]
|-fail|p1a: Shedinja
|move|p2a: Arceus|Surf|p1a: Shedinja
|-immune|p1a: Shedinja|[from] ability: Wonder Guard
|
|-damage|p2a: Arceus|0 fnt|[from] brn
|faint|p2a: Arceus
|
|win|Count Karnstein
|upkeep
|raw|Count Karnstein's rating: 1526 &rarr; <strong>1547</strong><br />(+21 for winning)
|raw|coolthingdude's rating: 1552 &rarr; <strong>1531</strong><br />(-21 for losing)
|l|☆coolthingdude
|c|☆Count Karnstein|gg
||Ladder isn't responding, score probably updated but might not have (Request timeout).
