|j|☆F.A.M.E.246 2nd
|j|☆Its0ver9TH0USANDDD
|t:|1653491397
|gametype|singles
|player|p1|F.A.M.E.246 2nd|lucas|1701
|player|p2|Its0ver9TH0USANDDD|clown|1830
|teamsize|p1|6
|teamsize|p2|6
|gen|8
|tier|[Gen 8] National Dex AG
|rated|
|rule|HP Percentage Mod: HP is shown in percentages
|rule|Endless Battle Clause: Forcing endless battles is banned
|clearpoke
|poke|p1|Tapu Fini|
|poke|p1|Tyranitar, M|
|poke|p1|Necrozma-Dusk-Mane|
|poke|p1|Kyurem-White|
|poke|p1|Salamence, M|
|poke|p1|Magearna|
|poke|p2|Lugia|
|poke|p2|Arceus-*|
|poke|p2|Ho-Oh|
|poke|p2|Sableye, M|
|poke|p2|Giratina|
|poke|p2|Chansey, F|
|teampreview
|inactive|Battle timer is ON: inactive players will automatically lose when time's up. (requested by Its0ver9TH0USANDDD)
|c|☆F.A.M.E.246 2nd|Y u do dis?
|c|☆Its0ver9TH0USANDDD|??
|
|t:|1653491417
|start
|switch|p1a: Magearna|Magearna|100/100
|switch|p2a: Sableye|Sableye, M|100/100
|turn|1
|c|☆F.A.M.E.246 2nd|Y u stall?
|
|t:|1653491424
|detailschange|p2a: Sableye|Sableye-Mega, M
|-mega|p2a: Sableye|Sableye|Sablenite
|move|p2a: Sableye|Protect|p2a: Sableye
|-singleturn|p2a: Sableye|Protect
|move|p1a: Magearna|Flash Cannon|p2a: Sableye
|-activate|p2a: Sableye|move: Protect
|
|upkeep
|turn|2
|c|☆Its0ver9TH0USANDDD|It’s fun
|c|☆F.A.M.E.246 2nd|Hell no
|
|t:|1653491436
|switch|p1a: Tyranitar|Tyranitar, M|100/100
|-weather|Sandstorm|[from] ability: Sand Stream|[of] p1a: Tyranitar
|switch|p2a: Ho-Oh|Ho-Oh|100/100
|
|-weather|Sandstorm|[upkeep]
|-damage|p2a: Ho-Oh|94/100|[from] Sandstorm
|-heal|p2a: Ho-Oh|100/100|[from] item: Leftovers
|upkeep
|turn|3
|
|t:|1653491443
|switch|p2a: Sableye|Sableye-Mega, M|100/100
|switch|p1a: Salamence|Salamence, M|100/100
|-ability|p1a: Salamence|Intimidate|boost
|-unboost|p2a: Sableye|atk|1
|
|-weather|Sandstorm|[upkeep]
|-damage|p1a: Salamence|94/100|[from] Sandstorm
|-damage|p2a: Sableye|94/100|[from] Sandstorm
|upkeep
|turn|4
|
|t:|1653491462
|detailschange|p1a: Salamence|Salamence-Mega, M
|-mega|p1a: Salamence|Salamence|Salamencite
|move|p1a: Salamence|Dragon Dance|p1a: Salamence
|-boost|p1a: Salamence|atk|1
|-boost|p1a: Salamence|spe|1
|move|p2a: Sableye|Will-O-Wisp|p1a: Salamence
|-status|p1a: Salamence|brn
|
|-weather|Sandstorm|[upkeep]
|-damage|p1a: Salamence|88/100 brn|[from] Sandstorm
|-damage|p2a: Sableye|88/100|[from] Sandstorm
|-damage|p1a: Salamence|82/100 brn|[from] brn
|upkeep
|turn|5
|
|t:|1653491467
|move|p1a: Salamence|Facade|p2a: Sableye
|-damage|p2a: Sableye|0 fnt
|faint|p2a: Sableye
|
|-weather|Sandstorm|[upkeep]
|-damage|p1a: Salamence|76/100 brn|[from] Sandstorm
|-damage|p1a: Salamence|70/100 brn|[from] brn
|upkeep
|c|☆F.A.M.E.246 2nd|1
|
|t:|1653491477
|switch|p2a: Lugia|Lugia|100/100
|turn|6
|
|t:|1653491482
|switch|p1a: Necrozma|Necrozma-Dusk-Mane|100/100
|move|p2a: Lugia|Whirlwind|p1a: Necrozma
|drag|p1a: Tapu Fini|Tapu Fini|100/100
|-fieldstart|move: Misty Terrain|[from] ability: Misty Surge|[of] p1a: Tapu Fini
|
|-weather|none
|upkeep
|turn|7
|
|t:|1653491489
|switch|p2a: Ho-Oh|Ho-Oh|100/100
|move|p1a: Tapu Fini|Nature's Madness|p2a: Ho-Oh
|-damage|p2a: Ho-Oh|50/100
|
|-heal|p2a: Ho-Oh|57/100|[from] item: Leftovers
|upkeep
|turn|8
|c|☆F.A.M.E.246 2nd|I hate stall
|c|☆F.A.M.E.246 2nd|Stall is such nonsense
|inactive|Its0ver9TH0USANDDD has 120 seconds left.
|c|☆F.A.M.E.246 2nd|Not fun for the other guy at all
|
|t:|1653491539
|switch|p1a: Tyranitar|Tyranitar, M|100/100
|-weather|Sandstorm|[from] ability: Sand Stream|[of] p1a: Tyranitar
|move|p2a: Ho-Oh|Whirlwind|p1a: Tyranitar
|drag|p1a: Tapu Fini|Tapu Fini|100/100
|
|-weather|Sandstorm|[upkeep]
|-damage|p1a: Tapu Fini|94/100|[from] Sandstorm
|-damage|p2a: Ho-Oh|50/100|[from] Sandstorm
|-heal|p1a: Tapu Fini|100/100|[from] item: Leftovers
|-heal|p2a: Ho-Oh|57/100|[from] item: Leftovers
|upkeep
|turn|9
|
|t:|1653491549
|move|p1a: Tapu Fini|Whirlpool|p2a: Ho-Oh
|-supereffective|p2a: Ho-Oh
|-damage|p2a: Ho-Oh|43/100
|-activate|p2a: Ho-Oh|move: Whirlpool|[of] p1a: Tapu Fini
|move|p2a: Ho-Oh|Sacred Fire|p1a: Tapu Fini
|-resisted|p1a: Tapu Fini
|-damage|p1a: Tapu Fini|84/100
|
|-weather|Sandstorm|[upkeep]
|-damage|p1a: Tapu Fini|78/100|[from] Sandstorm
|-damage|p2a: Ho-Oh|37/100|[from] Sandstorm
|-heal|p1a: Tapu Fini|84/100|[from] item: Leftovers
|-heal|p2a: Ho-Oh|43/100|[from] item: Leftovers
|-damage|p2a: Ho-Oh|31/100|[from] move: Whirlpool|[partiallytrapped]
|upkeep
|turn|10
|
|t:|1653491564
|move|p1a: Tapu Fini|Taunt|p2a: Ho-Oh
|-start|p2a: Ho-Oh|move: Taunt
|cant|p2a: Ho-Oh|move: Taunt|Whirlwind
|
|-weather|Sandstorm|[upkeep]
|-damage|p1a: Tapu Fini|78/100|[from] Sandstorm
|-damage|p2a: Ho-Oh|25/100|[from] Sandstorm
|-heal|p1a: Tapu Fini|84/100|[from] item: Leftovers
|-heal|p2a: Ho-Oh|31/100|[from] item: Leftovers
|-damage|p2a: Ho-Oh|18/100|[from] move: Whirlpool|[partiallytrapped]
|-fieldend|Misty Terrain
|upkeep
|turn|11
|
|t:|1653491571
|switch|p1a: Salamence|Salamence-Mega, M|70/100 brn
|move|p2a: Ho-Oh|Sacred Fire|p1a: Salamence
|-resisted|p1a: Salamence
|-damage|p1a: Salamence|53/100 brn
|
|-weather|Sandstorm|[upkeep]
|-damage|p1a: Salamence|47/100 brn|[from] Sandstorm
|-damage|p2a: Ho-Oh|12/100|[from] Sandstorm
|-heal|p2a: Ho-Oh|18/100|[from] item: Leftovers
|-damage|p1a: Salamence|41/100 brn|[from] brn
|-end|p2a: Ho-Oh|Whirlpool|[partiallytrapped]|[silent]
|upkeep
|turn|12
|
|t:|1653491582
|switch|p2a: Lugia|Lugia|100/100
|move|p1a: Salamence|Roost|p1a: Salamence
|-heal|p1a: Salamence|91/100 brn
|-singleturn|p1a: Salamence|move: Roost
|
|-weather|none
|-damage|p1a: Salamence|85/100 brn|[from] brn
|upkeep
|turn|13
|
|t:|1653491588
|switch|p1a: Necrozma|Necrozma-Dusk-Mane|100/100
|move|p2a: Lugia|Ice Beam|p1a: Necrozma
|-resisted|p1a: Necrozma
|-damage|p1a: Necrozma|94/100
|
|-heal|p1a: Necrozma|99/100|[from] item: Leftovers
|upkeep
|turn|14
|
|t:|1653491593
|switch|p2a: Ho-Oh|Ho-Oh|51/100
|move|p1a: Necrozma|Knock Off|p2a: Ho-Oh
|-damage|p2a: Ho-Oh|29/100
|-enditem|p2a: Ho-Oh|Leftovers|[from] move: Knock Off|[of] p1a: Necrozma
|
|-heal|p1a: Necrozma|100/100|[from] item: Leftovers
|upkeep
|turn|15
|
|t:|1653491598
|switch|p1a: Tapu Fini|Tapu Fini|84/100
|-fieldstart|move: Misty Terrain|[from] ability: Misty Surge|[of] p1a: Tapu Fini
|move|p2a: Ho-Oh|Sacred Fire|p1a: Tapu Fini
|-resisted|p1a: Tapu Fini
|-damage|p1a: Tapu Fini|67/100
|
|-heal|p1a: Tapu Fini|73/100|[from] item: Leftovers
|upkeep
|turn|16
|
|t:|1653491602
|switch|p1a: Tyranitar|Tyranitar, M|100/100
|-weather|Sandstorm|[from] ability: Sand Stream|[of] p1a: Tyranitar
|switch|p2a: Chansey|Chansey, F|100/100
|
|-weather|Sandstorm|[upkeep]
|-damage|p2a: Chansey|94/100|[from] Sandstorm
|upkeep
|turn|17
|
|t:|1653491606
|switch|p2a: Arceus|Arceus-Dark|100/100
|move|p1a: Tyranitar|Stealth Rock|p2a: Arceus
|-sidestart|p2: Its0ver9TH0USANDDD|move: Stealth Rock
|
|-weather|Sandstorm|[upkeep]
|-damage|p2a: Arceus|94/100|[from] Sandstorm
|upkeep
|turn|18
|-message|Its0ver9TH0USANDDD forfeited.
|
|win|F.A.M.E.246 2nd
|raw|F.A.M.E.246 2nd's rating: 1701 &rarr; <strong>1728</strong><br />(+27 for winning)
|raw|Its0ver9TH0USANDDD's rating: 1830 &rarr; <strong>1803</strong><br />(-27 for losing)
|l|☆Its0ver9TH0USANDDD
||Ladder isn't responding, score probably updated but might not have (Request timeout).
