|j|☆Apprenti Buck
|j|☆TaxFraud094
|t:|1663795740
|gametype|singles
|player|p1|Apprenti Buck|ethan|1795
|player|p2|TaxFraud094|skyla-masters2|1844
|teamsize|p1|6
|teamsize|p2|6
|gen|8
|tier|[Gen 8] National Dex AG
|rated|
|rule|HP Percentage Mod: HP is shown in percentages
|rule|Endless Battle Clause: Forcing endless battles is banned
|clearpoke
|poke|p1|Groudon|
|poke|p1|Rayquaza|
|poke|p1|Calyrex-Shadow|
|poke|p1|Arceus-*|
|poke|p1|Yveltal|
|poke|p1|Marshadow|
|poke|p2|Calyrex-Shadow|
|poke|p2|Yveltal|
|poke|p2|Ho-Oh|
|poke|p2|Groudon|
|poke|p2|Necrozma-Dusk-Mane|
|poke|p2|Zygarde|
|teampreview
|inactive|Battle timer is ON: inactive players will automatically lose when time's up. (requested by TaxFraud094)
|inactive|Apprenti Buck also wants the timer to be on.
|c|☆Apprenti Buck|Hf
|c|☆TaxFraud094|glhf
|inactive|TaxFraud094 has 120 seconds left.
|
|t:|1663795778
|start
|switch|p1a: Behemoth|Groudon, shiny|100/100
|switch|p2a: Zygarde|Zygarde|100/100
|detailschange|p1a: Behemoth|Groudon-Primal, shiny
|-primal|p1a: Behemoth
|-weather|DesolateLand|[from] ability: Desolate Land|[of] p1a: Behemoth
|turn|1
|
|t:|1663795783
|move|p1a: Behemoth|Stealth Rock|p2a: Zygarde
|-sidestart|p2: TaxFraud094|move: Stealth Rock
|move|p2a: Zygarde|Glare|p1a: Behemoth
|-status|p1a: Behemoth|par
|
|-weather|DesolateLand|[upkeep]
|upkeep
|turn|2
|
|t:|1663795791
|-weather|none
|switch|p1a: Dawn|Calyrex-Shadow|100/100
|-ability|p1a: Dawn|As One
|-ability|p1a: Dawn|Unnerve
|move|p2a: Zygarde|Thousand Arrows|p1a: Dawn
|-damage|p1a: Dawn|65/100
|
|upkeep
|turn|3
|
|t:|1663795795
|-zpower|p1a: Dawn
|move|p1a: Dawn|Never-Ending Nightmare|p2a: Zygarde|[zeffect]
|-damage|p2a: Zygarde|0 fnt
|faint|p2a: Zygarde
|-ability|p1a: Dawn|Grim Neigh|boost
|-boost|p1a: Dawn|spa|1
|
|upkeep
|
|t:|1663795799
|switch|p2a: Yveltal|Yveltal|100/100
|-damage|p2a: Yveltal|76/100|[from] Stealth Rock
|-ability|p2a: Yveltal|Dark Aura
|turn|4
|
|t:|1663795806
|move|p1a: Dawn|Astral Barrage|p2a: Yveltal
|-resisted|p2a: Yveltal
|-damage|p2a: Yveltal|28/100
|move|p2a: Yveltal|Oblivion Wing|p1a: Dawn
|-damage|p1a: Dawn|14/100
|-heal|p2a: Yveltal|61/100|[from] drain|[of] p1a: Dawn
|-damage|p2a: Yveltal|51/100|[from] item: Life Orb
|
|upkeep
|turn|5
|
|t:|1663795815
|move|p2a: Yveltal|Sucker Punch|p1a: Dawn
|-supereffective|p1a: Dawn
|-damage|p1a: Dawn|0 fnt
|faint|p1a: Dawn
|-damage|p2a: Yveltal|41/100|[from] item: Life Orb
|
|upkeep
|
|t:|1663795824
|switch|p1a: Transcendent Deity|Arceus|100/100
|turn|6
|
|t:|1663795830
|move|p1a: Transcendent Deity|Extreme Speed|p2a: Yveltal
|-damage|p2a: Yveltal|0 fnt
|faint|p2a: Yveltal
|-damage|p1a: Transcendent Deity|91/100|[from] item: Life Orb
|
|upkeep
|j| luisYR_b
|
|t:|1663795835
|switch|p2a: Groudon|Groudon|100/100
|-damage|p2a: Groudon|94/100|[from] Stealth Rock
|detailschange|p2a: Groudon|Groudon-Primal
|-primal|p2a: Groudon
|-weather|DesolateLand|[from] ability: Desolate Land|[of] p2a: Groudon
|turn|7
|
|t:|1663795843
|move|p1a: Transcendent Deity|Earthquake|p2a: Groudon
|-supereffective|p2a: Groudon
|-crit|p2a: Groudon
|-damage|p2a: Groudon|19/100
|-damage|p1a: Transcendent Deity|81/100|[from] item: Life Orb
|move|p2a: Groudon|Rock Tomb|p1a: Transcendent Deity
|-damage|p1a: Transcendent Deity|61/100
|-unboost|p1a: Transcendent Deity|spe|1
|
|-weather|DesolateLand|[upkeep]
|upkeep
|turn|8
|
|t:|1663795851
|move|p1a: Transcendent Deity|Extreme Speed|p2a: Groudon
|-damage|p2a: Groudon|0 fnt
|faint|p2a: Groudon
|-weather|none
|-damage|p1a: Transcendent Deity|51/100|[from] item: Life Orb
|
|upkeep
|
|t:|1663795858
|switch|p2a: Necrozma|Necrozma-Dusk-Mane|100/100
|-damage|p2a: Necrozma|94/100|[from] Stealth Rock
|turn|9
|
|t:|1663795863
|move|p1a: Transcendent Deity|Earthquake|p2a: Necrozma
|-supereffective|p2a: Necrozma
|-damage|p2a: Necrozma|59/100
|-damage|p1a: Transcendent Deity|41/100|[from] item: Life Orb
|move|p2a: Necrozma|Dragon Dance|p2a: Necrozma
|-boost|p2a: Necrozma|atk|1
|-boost|p2a: Necrozma|spe|1
|
|-heal|p2a: Necrozma|65/100|[from] item: Leftovers
|upkeep
|turn|10
|
|t:|1663795870
|switch|p1a: Twilight|Yveltal|100/100
|-ability|p1a: Twilight|Dark Aura
|move|p2a: Necrozma|Moonlight|p2a: Necrozma
|-heal|p2a: Necrozma|100/100
|
|upkeep
|turn|11
|
|t:|1663795894
|switch|p1a: Behemoth|Groudon-Primal, shiny|100/100 par
|-weather|DesolateLand|[from] ability: Desolate Land|[of] p1a: Behemoth
|-start|p2a: Necrozma|Dynamax|
|-heal|p2a: Necrozma|100/100|[silent]
|move|p2a: Necrozma|Max Steelspike|p1a: Behemoth
|-resisted|p1a: Behemoth
|-crit|p1a: Behemoth
|-damage|p1a: Behemoth|48/100 par
|-boost|p2a: Necrozma|def|1
|
|-weather|DesolateLand|[upkeep]
|upkeep
|turn|12
|j| High ladder bros
|c|☆Apprenti Buck|Can’t believe i baited it that ezily
|
|t:|1663795915
|-weather|none
|switch|p1a: Ziz|Rayquaza, shiny|100/100
|-ability|p1a: Ziz|Air Lock
|move|p2a: Necrozma|Max Steelspike|p1a: Ziz
|-damage|p1a: Ziz|0 fnt
|-boost|p2a: Necrozma|def|1
|faint|p1a: Ziz
|
|upkeep
|
|t:|1663795923
|switch|p1a: Twilight|Yveltal|100/100
|-ability|p1a: Twilight|Dark Aura
|turn|13
|
|t:|1663795927
|-start|p1a: Twilight|Dynamax|
|-heal|p1a: Twilight|100/100|[silent]
|move|p1a: Twilight|Max Guard|p1a: Twilight
|-singleturn|p1a: Twilight|Max Guard
|move|p2a: Necrozma|Max Steelspike|p1a: Twilight
|-activate|p1a: Twilight|move: Max Guard
|
|upkeep
|-end|p2a: Necrozma|Dynamax
|-heal|p2a: Necrozma|100/100|[silent]
|turn|14
|c| High ladder bros|Buck, fraud
|
|t:|1663795935
|move|p2a: Necrozma|Dragon Dance|p2a: Necrozma
|-boost|p2a: Necrozma|atk|1
|-boost|p2a: Necrozma|spe|1
|move|p1a: Twilight|Max Darkness|p2a: Necrozma
|-supereffective|p2a: Necrozma
|-damage|p2a: Necrozma|0 fnt
|faint|p2a: Necrozma
|-damage|p1a: Twilight|96/100|[from] item: Life Orb
|
|upkeep
|
|t:|1663795938
|switch|p2a: Ho-Oh|Ho-Oh|100/100
|turn|15
|c| High ladder bros|👀
|
|t:|1663795941
|move|p1a: Twilight|Max Airstream|p2a: Ho-Oh
|-damage|p2a: Ho-Oh|49/100
|-boost|p1a: Twilight|spe|1
|-damage|p1a: Twilight|91/100|[from] item: Life Orb
|move|p2a: Ho-Oh|Toxic|p1a: Twilight
|-status|p1a: Twilight|tox
|
|-damage|p1a: Twilight|88/100 tox|[from] psn
|upkeep
|-end|p1a: Twilight|Dynamax
|-heal|p1a: Twilight|88/100 tox|[silent]
|turn|16
|
|t:|1663795947
|move|p1a: Twilight|Dark Pulse|p2a: Ho-Oh
|-crit|p2a: Ho-Oh
|-damage|p2a: Ho-Oh|0 fnt
|faint|p2a: Ho-Oh
|-damage|p1a: Twilight|78/100 tox|[from] item: Life Orb
|
|-damage|p1a: Twilight|65/100 tox|[from] psn
|upkeep
|c|☆TaxFraud094|BRUH
|l| luisYR_b
|c|☆Apprenti Buck|Didn’t matter
|l|☆Apprenti Buck
|inactive|Apprenti Buck disconnected and has a minute to reconnect!
|player|p1|
|j|☆Apprenti Buck
|inactive|Apprenti Buck reconnected.
|player|p1|Apprenti Buck|ethan
|c|☆TaxFraud094|is the marsh tomb?
|c|☆Apprenti Buck|Yes
|inactive|TaxFraud094 has 120 seconds left.
|c|☆Apprenti Buck|!showset 6
|c| Apprenti Buck|/raw <div class="infobox">Buck’s alter ego (Marshadow) @ Life Orb  <br />Ability: Technician  <br />EVs: 252 Atk &#x2f; 4 SpD &#x2f; 252 Spe  <br />Jolly Nature  <br />- Rock Tomb  <br />- Close Combat  <br />- Shadow Sneak  <br />- Poltergeist  <br /><br /></div>
|c|☆Apprenti Buck|So yh ggwp
|c|☆TaxFraud094|still allowed to be mad about the crit on don
|c|☆TaxFraud094|stfu
|c|☆Apprenti Buck|tru
|inactive|TaxFraud094 has 90 seconds left.
|-message|TaxFraud094 forfeited.
|
|win|Apprenti Buck
|raw|Apprenti Buck's rating: 1795 &rarr; <strong>1818</strong><br />(+23 for winning)
|raw|TaxFraud094's rating: 1844 &rarr; <strong>1821</strong><br />(-23 for losing)
|l|☆TaxFraud094
|c|☆Apprenti Buck|that dynamax bait tho
|l| High ladder bros
|c|☆Apprenti Buck|was gold
