|j|☆Sneed2theTop
|j|☆TomoTaco69
|t:|1665809806
|gametype|singles
|player|p1|Sneed2theTop|n|1621
|player|p2|TomoTaco69|102|1799
|teamsize|p1|6
|teamsize|p2|6
|gen|8
|tier|[Gen 8] National Dex AG
|rated|
|rule|HP Percentage Mod: HP is shown in percentages
|rule|Endless Battle Clause: Forcing endless battles is banned
|clearpoke
|poke|p1|Deoxys-Speed|
|poke|p1|Zacian-*|
|poke|p1|Necrozma-Dusk-Mane|
|poke|p1|Calyrex-Shadow|
|poke|p1|Arceus-*|
|poke|p1|Yveltal|
|poke|p2|Arceus-*|
|poke|p2|Arceus-*|
|poke|p2|Yveltal|
|poke|p2|Necrozma-Dusk-Mane|
|poke|p2|Ditto|
|poke|p2|Marshadow|
|teampreview
|
|t:|1665809813
|start
|switch|p1a: Deoxussy|Deoxys-Speed|100/100
|switch|p2a: Arceus|Arceus-Ground|100/100
|-ability|p1a: Deoxussy|Pressure
|turn|1
|inactive|Battle timer is ON: inactive players will automatically lose when time's up. (requested by TomoTaco69)
|
|t:|1665809825
|move|p1a: Deoxussy|Stealth Rock|p2a: Arceus
|-sidestart|p2: TomoTaco69|move: Stealth Rock
|move|p2a: Arceus|Rock Tomb|p1a: Deoxussy
|-damage|p1a: Deoxussy|75/100
|-unboost|p1a: Deoxussy|spe|1
|
|upkeep
|turn|2
|
|t:|1665809831
|move|p2a: Arceus|Defog|p1a: Deoxussy
|-unboost|p1a: Deoxussy|evasion|1
|-sideend|p2: TomoTaco69|Stealth Rock|[from] move: Defog|[of] p2a: Arceus
|move|p1a: Deoxussy|Taunt|p2a: Arceus
|-start|p2a: Arceus|move: Taunt
|
|upkeep
|turn|3
|
|t:|1665809837
|-zpower|p2a: Arceus
|move|p2a: Arceus|Tectonic Rage|p1a: Deoxussy|[zeffect]
|-damage|p1a: Deoxussy|0 fnt
|faint|p1a: Deoxussy
|
|upkeep
|
|t:|1665809859
|switch|p1a: Yveltussy|Yveltal, shiny|100/100
|-ability|p1a: Yveltussy|Dark Aura
|turn|4
|
|t:|1665809864
|-start|p1a: Yveltussy|Dynamax|
|-heal|p1a: Yveltussy|100/100|[silent]
|move|p2a: Arceus|Rock Tomb|p1a: Yveltussy|[miss]
|-miss|p2a: Arceus|p1a: Yveltussy
|move|p1a: Yveltussy|Max Airstream|p2a: Arceus
|-damage|p2a: Arceus|28/100
|-boost|p1a: Yveltussy|spe|1
|-damage|p1a: Yveltussy|96/100|[from] item: Life Orb
|
|upkeep
|turn|5
|
|t:|1665809876
|move|p1a: Yveltussy|Max Airstream|p2a: Arceus
|-damage|p2a: Arceus|0 fnt
|-boost|p1a: Yveltussy|spe|1
|faint|p2a: Arceus
|-damage|p1a: Yveltussy|91/100|[from] item: Life Orb
|
|upkeep
|
|t:|1665809880
|switch|p2a: Marshadow|Marshadow|100/100
|turn|6
|
|t:|1665809885
|move|p1a: Yveltussy|Max Darkness|p2a: Marshadow
|-enditem|p2a: Marshadow|Focus Sash
|-damage|p2a: Marshadow|1/100
|-unboost|p2a: Marshadow|spd|1
|-damage|p1a: Yveltussy|86/100|[from] item: Life Orb
|move|p2a: Marshadow|Spectral Thief||[still]
|-clearpositiveboost|p1a: Yveltussy|p2a: Marshadow|move: Spectral Thief
|-boost|p2a: Marshadow|spe|2
|-anim|p2a: Marshadow|Spectral Thief|p1a: Yveltussy
|-resisted|p1a: Yveltussy
|-damage|p1a: Yveltussy|74/100
|
|upkeep
|-end|p1a: Yveltussy|Dynamax
|-heal|p1a: Yveltussy|75/100|[silent]
|turn|7
|
|t:|1665809902
|move|p1a: Yveltussy|Sucker Punch|p2a: Marshadow
|-damage|p2a: Marshadow|0 fnt
|faint|p2a: Marshadow
|-damage|p1a: Yveltussy|65/100|[from] item: Life Orb
|
|upkeep
|
|t:|1665809906
|switch|p2a: Arceus|Arceus-Flying|100/100
|turn|8
|
|t:|1665809915
|move|p2a: Arceus|Will-O-Wisp|p1a: Yveltussy
|-status|p1a: Yveltussy|brn
|move|p1a: Yveltussy|Oblivion Wing|p2a: Arceus
|-damage|p2a: Arceus|56/100
|-heal|p1a: Yveltussy|100/100 brn|[from] drain|[of] p2a: Arceus
|-damage|p1a: Yveltussy|91/100 brn|[from] item: Life Orb
|
|-damage|p1a: Yveltussy|84/100 brn|[from] brn
|upkeep
|turn|9
|
|t:|1665809926
|move|p2a: Arceus|Ice Beam|p1a: Yveltussy
|-supereffective|p1a: Yveltussy
|-damage|p1a: Yveltussy|39/100 brn
|move|p1a: Yveltussy|Dark Pulse|p2a: Arceus
|-damage|p2a: Arceus|4/100
|-damage|p1a: Yveltussy|29/100 brn|[from] item: Life Orb
|
|-damage|p1a: Yveltussy|23/100 brn|[from] brn
|upkeep
|turn|10
|
|t:|1665809934
|move|p1a: Yveltussy|Sucker Punch||[still]
|-fail|p1a: Yveltussy
|move|p2a: Arceus|Recover|p2a: Arceus
|-heal|p2a: Arceus|54/100
|
|-damage|p1a: Yveltussy|17/100 brn|[from] brn
|upkeep
|turn|11
|
|t:|1665809940
|move|p1a: Yveltussy|Sucker Punch|p2a: Arceus
|-damage|p2a: Arceus|34/100
|-damage|p1a: Yveltussy|7/100 brn|[from] item: Life Orb
|move|p2a: Arceus|Ice Beam|p1a: Yveltussy
|-supereffective|p1a: Yveltussy
|-damage|p1a: Yveltussy|0 fnt
|faint|p1a: Yveltussy
|
|upkeep
|
|t:|1665809956
|switch|p1a: Zaciussy|Zacian-Crowned|100/100
|-ability|p1a: Zaciussy|Intrepid Sword|boost
|-boost|p1a: Zaciussy|atk|1
|turn|12
|
|t:|1665809959
|move|p1a: Zaciussy|Behemoth Blade|p2a: Arceus
|-damage|p2a: Arceus|0 fnt
|faint|p2a: Arceus
|
|upkeep
|
|t:|1665809963
|switch|p2a: Necrozma|Necrozma-Dusk-Mane|100/100
|turn|13
|
|t:|1665809967
|switch|p1a: Arceussy|Arceus-Ground|100/100
|move|p2a: Necrozma|Stealth Rock|p1a: Arceussy
|-sidestart|p1: Sneed2theTop|move: Stealth Rock
|
|upkeep
|turn|14
|
|t:|1665809974
|switch|p2a: Yveltal|Yveltal|100/100
|-ability|p2a: Yveltal|Dark Aura
|move|p1a: Arceussy|Swords Dance|p1a: Arceussy
|-boost|p1a: Arceussy|atk|2
|
|upkeep
|turn|15
|
|t:|1665809983
|-start|p2a: Yveltal|Dynamax|
|-heal|p2a: Yveltal|100/100|[silent]
|move|p1a: Arceussy|Stone Edge|p2a: Yveltal
|-supereffective|p2a: Yveltal
|-damage|p2a: Yveltal|41/100
|move|p2a: Yveltal|Max Airstream|p1a: Arceussy
|-damage|p1a: Arceussy|36/100
|-boost|p2a: Yveltal|spe|1
|-damage|p2a: Yveltal|36/100|[from] item: Life Orb
|
|upkeep
|turn|16
|
|t:|1665809994
|move|p2a: Yveltal|Max Airstream|p1a: Arceussy
|-damage|p1a: Arceussy|0 fnt
|-boost|p2a: Yveltal|spe|1
|faint|p1a: Arceussy
|-damage|p2a: Yveltal|31/100|[from] item: Life Orb
|
|upkeep
|
|t:|1665810009
|switch|p1a: Zaciussy|Zacian-Crowned|100/100
|-damage|p1a: Zaciussy|94/100|[from] Stealth Rock
|-ability|p1a: Zaciussy|Intrepid Sword|boost
|-boost|p1a: Zaciussy|atk|1
|turn|17
|
|t:|1665810017
|move|p2a: Yveltal|Max Flare|p1a: Zaciussy
|-supereffective|p1a: Zaciussy
|-damage|p1a: Zaciussy|0 fnt
|-weather|SunnyDay
|faint|p1a: Zaciussy
|-damage|p2a: Yveltal|26/100|[from] item: Life Orb
|
|-weather|SunnyDay|[upkeep]
|upkeep
|
|t:|1665810026
|switch|p1a: Necrozmussy|Necrozma-Dusk-Mane|100/100
|-damage|p1a: Necrozmussy|95/100|[from] Stealth Rock
|-end|p2a: Yveltal|Dynamax
|-heal|p2a: Yveltal|26/100|[silent]
|turn|18
|
|t:|1665810038
|detailschange|p1a: Necrozmussy|Necrozma-Ultra
|-burst|p1a: Necrozmussy|Necrozma|Ultranecrozium Z
|move|p2a: Yveltal|Dark Pulse|p1a: Necrozmussy
|-supereffective|p1a: Necrozmussy
|-damage|p1a: Necrozmussy|0 fnt
|faint|p1a: Necrozmussy
|-damage|p2a: Yveltal|16/100|[from] item: Life Orb
|
|-weather|SunnyDay|[upkeep]
|upkeep
|-message|Sneed2theTop forfeited.
|
|win|TomoTaco69
|raw|Sneed2theTop's rating: 1621 &rarr; <strong>1610</strong><br />(-11 for losing)
|raw|TomoTaco69's rating: 1799 &rarr; <strong>1810</strong><br />(+11 for winning)
|l|☆Sneed2theTop
