|j|☆ttv/mistermath314
|j|☆dasort
|player|p1|ttv/mistermath314|emmet|
|player|p2|dasort|marlon|
|teamsize|p1|6
|teamsize|p2|6
|gametype|singles
|gen|8
|tier|[Gen 8] National Dex AG
|rated|Tournament battle
|clearpoke
|poke|p1|Gothitelle, M|
|poke|p1|Slurpuff, F|
|poke|p1|Rayquaza|
|poke|p1|Arceus-*|
|poke|p1|Arceus-*|
|poke|p1|Xerneas|
|poke|p2|Urshifu-*, M|
|poke|p2|Zygarde|
|poke|p2|Arceus-*|
|poke|p2|Ferrothorn, M|
|poke|p2|Necrozma-Dusk-Mane|
|poke|p2|Xerneas|
|rule|HP Percentage Mod: HP is shown in percentages
|rule|Endless Battle Clause: Forcing endless battles is banned
|teampreview
|c|☆ttv/mistermath314|glhf
|j|+GRNxBLN
|j|@baconeatinassassin
|
|start
|switch|p1a: Slurpuff|Slurpuff, F|100/100
|switch|p2a: Urshifu|Urshifu-Rapid-Strike, M|100/100
|turn|1
|c|☆dasort|u2
|
|switch|p1a: Gothitelle|Gothitelle, M|100/100
|move|p2a: Urshifu|Surging Strikes|p1a: Gothitelle
|-crit|p1a: Gothitelle
|-damage|p1a: Gothitelle|86/100
|-crit|p1a: Gothitelle
|-damage|p1a: Gothitelle|71/100
|-crit|p1a: Gothitelle
|-damage|p1a: Gothitelle|57/100
|-hitcount|p1a: Gothitelle|3
|
|-heal|p1a: Gothitelle|63/100|[from] item: Leftovers
|upkeep
|turn|2
|
|move|p2a: Urshifu|Substitute|p2a: Urshifu
|-start|p2a: Urshifu|Substitute
|-damage|p2a: Urshifu|76/100
|move|p1a: Gothitelle|Charm||[still]
|-fail|p1a: Gothitelle
|
|-heal|p2a: Urshifu|82/100|[from] item: Leftovers
|-heal|p1a: Gothitelle|69/100|[from] item: Leftovers
|upkeep
|turn|3
|
|switch|p1a: Arceus|Arceus|100/100
|move|p2a: Urshifu|Bulk Up|p2a: Urshifu
|-boost|p2a: Urshifu|atk|1
|-boost|p2a: Urshifu|def|1
|
|-heal|p2a: Urshifu|88/100|[from] item: Leftovers
|upkeep
|turn|4
|
|move|p1a: Arceus|Extreme Speed|p2a: Urshifu
|-end|p2a: Urshifu|Substitute
|move|p2a: Urshifu|Surging Strikes|p1a: Arceus
|-crit|p1a: Arceus
|-damage|p1a: Arceus|80/100
|-crit|p1a: Arceus
|-damage|p1a: Arceus|61/100
|-crit|p1a: Arceus
|-damage|p1a: Arceus|42/100
|-hitcount|p1a: Arceus|3
|
|-heal|p2a: Urshifu|94/100|[from] item: Leftovers
|-heal|p1a: Arceus|48/100|[from] item: Leftovers
|upkeep
|turn|5
|
|move|p1a: Arceus|Extreme Speed|p2a: Urshifu
|-damage|p2a: Urshifu|65/100
|move|p2a: Urshifu|Surging Strikes|p1a: Arceus
|-crit|p1a: Arceus
|-damage|p1a: Arceus|29/100
|-crit|p1a: Arceus
|-damage|p1a: Arceus|10/100
|-crit|p1a: Arceus
|-damage|p1a: Arceus|0 fnt
|-hitcount|p1a: Arceus|3
|faint|p1a: Arceus
|
|-heal|p2a: Urshifu|71/100|[from] item: Leftovers
|upkeep
|
|switch|p1a: Rayquaza|Rayquaza|100/100
|-ability|p1a: Rayquaza|Air Lock
|turn|6
|j| DiggletDiggers
|j| Adityahs
|
|switch|p2a: Ferrothorn|Ferrothorn, M|100/100
|detailschange|p1a: Rayquaza|Rayquaza-Mega
|-mega|p1a: Rayquaza|Rayquaza|
|-weather|DeltaStream|[from] ability: Delta Stream|[of] p1a: Rayquaza
|move|p1a: Rayquaza|Swords Dance|p1a: Rayquaza
|-boost|p1a: Rayquaza|atk|2
|
|-weather|DeltaStream|[upkeep]
|upkeep
|turn|7
|
|move|p1a: Rayquaza|Dragon Ascent|p2a: Ferrothorn
|-damage|p2a: Ferrothorn|0 fnt
|-unboost|p1a: Rayquaza|def|1
|-unboost|p1a: Rayquaza|spd|1
|-damage|p1a: Rayquaza|88/100|[from] ability: Iron Barbs|[of] p2a: Ferrothorn
|faint|p2a: Ferrothorn
|
|-weather|DeltaStream|[upkeep]
|upkeep
|
|switch|p2a: Arceus|Arceus-Ground|100/100
|turn|8
|
|move|p1a: Rayquaza|Dragon Ascent|p2a: Arceus
|-damage|p2a: Arceus|17/100
|-unboost|p1a: Rayquaza|def|1
|-unboost|p1a: Rayquaza|spd|1
|move|p2a: Arceus|Ice Beam|p1a: Rayquaza
|-activate||deltastream
|-supereffective|p1a: Rayquaza
|-damage|p1a: Rayquaza|0 fnt
|faint|p1a: Rayquaza
|-weather|none
|
|upkeep
|inactive|Battle timer is ON: inactive players will automatically lose when time's up. (requested by dasort)
|
|switch|p1a: Slurpuff|Slurpuff, F|100/100
|turn|9
|j| Mbouchon
|
|move|p2a: Arceus|Judgment|p1a: Slurpuff
|-enditem|p1a: Slurpuff|Focus Sash
|-damage|p1a: Slurpuff|1/100
|move|p1a: Slurpuff|Sticky Web|p2a: Arceus
|-sidestart|p2: dasort|move: Sticky Web
|
|upkeep
|turn|10
|
|move|p1a: Slurpuff|Dazzling Gleam|p2a: Arceus
|-damage|p2a: Arceus|0 fnt
|faint|p2a: Arceus
|
|upkeep
|
|switch|p2a: Necrozma|Necrozma-Dusk-Mane|100/100
|-activate|p2a: Necrozma|move: Sticky Web
|-unboost|p2a: Necrozma|spe|1
|turn|11
|
|move|p1a: Slurpuff|Endeavor|p2a: Necrozma
|-damage|p2a: Necrozma|1/100
|move|p2a: Necrozma|Stealth Rock|p1a: Slurpuff
|-sidestart|p1: ttv/mistermath314|move: Stealth Rock
|
|-heal|p2a: Necrozma|7/100|[from] item: Leftovers
|upkeep
|turn|12
|c| DiggletDiggers|OOO that spicy
|
|move|p1a: Slurpuff|Dazzling Gleam|p2a: Necrozma
|-resisted|p2a: Necrozma
|-damage|p2a: Necrozma|0 fnt
|faint|p2a: Necrozma
|
|upkeep
|
|switch|p2a: Xerneas|Xerneas|100/100
|-activate|p2a: Xerneas|move: Sticky Web
|-unboost|p2a: Xerneas|spe|1
|-ability|p2a: Xerneas|Fairy Aura
|turn|13
|
|move|p1a: Slurpuff|Endeavor|p2a: Xerneas
|-damage|p2a: Xerneas|1/100
|move|p2a: Xerneas|Moonblast|p1a: Slurpuff
|-damage|p1a: Slurpuff|0 fnt
|faint|p1a: Slurpuff
|
|-heal|p2a: Xerneas|7/100|[from] item: Leftovers
|upkeep
|
|switch|p1a: Arceus|Arceus-Ghost|100/100
|-damage|p1a: Arceus|88/100|[from] Stealth Rock
|turn|14
|
|move|p1a: Arceus|Swords Dance|p1a: Arceus
|-boost|p1a: Arceus|atk|2
|move|p2a: Xerneas|Thunder Wave|p1a: Arceus
|-status|p1a: Arceus|par
|
|-heal|p2a: Xerneas|13/100|[from] item: Leftovers
|upkeep
|turn|15
|
|cant|p1a: Arceus|par
|move|p2a: Xerneas|Moonblast|p1a: Arceus
|-damage|p1a: Arceus|45/100 par
|-unboost|p1a: Arceus|spa|1
|
|-heal|p2a: Xerneas|19/100|[from] item: Leftovers
|upkeep
|turn|16
|c| DiggletDiggers|fairy vs fairy
|j| Dumplings Ray
|
|move|p1a: Arceus|Extreme Speed|p2a: Xerneas
|-damage|p2a: Xerneas|0 fnt
|faint|p2a: Xerneas
|
|upkeep
|
|switch|p2a: Zygarde|Zygarde|100/100
|-activate|p2a: Zygarde|move: Sticky Web
|-unboost|p2a: Zygarde|spe|1
|turn|17
|
|-zpower|p1a: Arceus
|move|p1a: Arceus|Never-Ending Nightmare|p2a: Zygarde|[zeffect]
|-damage|p2a: Zygarde|0 fnt
|faint|p2a: Zygarde
|
|upkeep
|
|switch|p2a: Urshifu|Urshifu-Rapid-Strike, M|71/100
|-activate|p2a: Urshifu|move: Sticky Web
|-unboost|p2a: Urshifu|spe|1
|turn|18
|c| DiggletDiggers|Xerneas own slurpluff
|l| Dumplings Ray
|
|-start|p2a: Urshifu|Dynamax
|-heal|p2a: Urshifu|71/100|[silent]
|cant|p1a: Arceus|par
|move|p2a: Urshifu|Max Geyser|p1a: Arceus
|-damage|p1a: Arceus|0 fnt
|-weather|RainDance
|faint|p1a: Arceus
|
|-weather|RainDance|[upkeep]
|-heal|p2a: Urshifu|74/100|[from] item: Leftovers
|upkeep
|
|switch|p1a: Gothitelle|Gothitelle, M|69/100
|-damage|p1a: Gothitelle|56/100|[from] Stealth Rock
|turn|19
|
|move|p2a: Urshifu|Max Geyser|p1a: Gothitelle
|-damage|p1a: Gothitelle|0 fnt
|faint|p1a: Gothitelle
|
|-weather|RainDance|[upkeep]
|-heal|p2a: Urshifu|77/100|[from] item: Leftovers
|upkeep
|
|switch|p1a: Xerneas|Xerneas|100/100
|-damage|p1a: Xerneas|88/100|[from] Stealth Rock
|-ability|p1a: Xerneas|Fairy Aura
|turn|20
|j| iamspeeeeed
|
|-start|p1a: Xerneas|Dynamax
|-heal|p1a: Xerneas|88/100|[silent]
|move|p1a: Xerneas|Max Guard|p1a: Xerneas
|-singleturn|p1a: Xerneas|Max Guard
|move|p2a: Urshifu|Max Geyser|p1a: Xerneas
|-activate|p1a: Xerneas|move: Max Guard
|
|-weather|RainDance|[upkeep]
|-heal|p2a: Urshifu|80/100|[from] item: Leftovers
|-end|p2a: Urshifu|Dynamax
|-heal|p2a: Urshifu|81/100|[silent]
|upkeep
|turn|21
|
|move|p1a: Xerneas|Max Starfall|p2a: Urshifu
|-supereffective|p2a: Urshifu
|-damage|p2a: Urshifu|0 fnt
|-fieldstart|move: Misty Terrain
|faint|p2a: Urshifu
|
|win|ttv/mistermath314
