|j|☆Apprenti Buck
|j|☆Testing teams 596
|inactive|Battle timer is ON: inactive players will automatically lose when time's up.
|t:|1654854006
|gametype|singles
|player|p1|Apprenti Buck|flint|
|player|p2|Testing teams 596|schoolkid-gen4dp|
|teamsize|p1|6
|teamsize|p2|6
|gen|8
|tier|[Gen 8] National Dex AG
|rated|Tournament battle
|rule|HP Percentage Mod: HP is shown in percentages
|rule|Endless Battle Clause: Forcing endless battles is banned
|clearpoke
|poke|p1|Calyrex-Shadow|
|poke|p1|Zacian-*|
|poke|p1|Zacian-*|
|poke|p1|Quagsire, F|
|poke|p1|Ho-Oh|
|poke|p1|Tyranitar, F|
|poke|p2|Rayquaza|
|poke|p2|Calyrex-Shadow|
|poke|p2|Zacian-*|
|poke|p2|Necrozma-Dusk-Mane|
|poke|p2|Yveltal|
|poke|p2|Groudon|
|teampreview
|inactive|Apprenti Buck also wants the timer to be on.
|inactive|Testing teams 596 also wants the timer to be on.
|j| LaprasPlayer
|
|t:|1654854025
|start
|switch|p1a: Zacian|Zacian|100/100
|switch|p2a: Calyrex|Calyrex-Shadow|100/100
|-ability|p2a: Calyrex|As One
|-ability|p2a: Calyrex|Unnerve
|-ability|p1a: Zacian|Intrepid Sword|boost
|-boost|p1a: Zacian|atk|1
|turn|1
|j| Demonic Asura
|
|t:|1654854031
|switch|p1a: Tyranitar|Tyranitar, F|100/100
|-weather|Sandstorm|[from] ability: Sand Stream|[of] p1a: Tyranitar
|move|p2a: Calyrex|Substitute|p2a: Calyrex
|-start|p2a: Calyrex|Substitute
|-damage|p2a: Calyrex|76/100
|
|-weather|Sandstorm|[upkeep]
|-damage|p2a: Calyrex|69/100|[from] Sandstorm
|upkeep
|turn|2
|c| Demonic Asura|gl buck
|
|t:|1654854037
|detailschange|p1a: Tyranitar|Tyranitar-Mega, F
|-mega|p1a: Tyranitar|Tyranitar|Tyranitarite
|move|p2a: Calyrex|Nasty Plot|p2a: Calyrex
|-boost|p2a: Calyrex|spa|2
|move|p1a: Tyranitar|Crunch|p2a: Calyrex
|-supereffective|p2a: Calyrex
|-end|p2a: Calyrex|Substitute
|
|-weather|Sandstorm|[upkeep]
|-damage|p2a: Calyrex|63/100|[from] Sandstorm
|upkeep
|turn|3
|
|t:|1654854040
|-zpower|p2a: Calyrex
|move|p2a: Calyrex|Savage Spin-Out|p1a: Tyranitar|[zeffect]
|-supereffective|p1a: Tyranitar
|-damage|p1a: Tyranitar|3/100
|move|p1a: Tyranitar|Thunder Wave|p2a: Calyrex
|-status|p2a: Calyrex|par
|
|-weather|Sandstorm|[upkeep]
|-damage|p2a: Calyrex|57/100 par|[from] Sandstorm
|upkeep
|turn|4
|j| Fel stinger
|
|t:|1654854057
|move|p2a: Calyrex|Astral Barrage|p1a: Tyranitar
|-resisted|p1a: Tyranitar
|-damage|p1a: Tyranitar|0 fnt
|faint|p1a: Tyranitar
|-ability|p2a: Calyrex|Grim Neigh|boost
|-boost|p2a: Calyrex|spa|1
|
|-weather|Sandstorm|[upkeep]
|-damage|p2a: Calyrex|51/100 par|[from] Sandstorm
|upkeep
|c|☆Testing teams 596|Damn
|
|t:|1654854072
|switch|p1a: Zacian|Zacian|100/100
|-ability|p1a: Zacian|Intrepid Sword|boost
|-boost|p1a: Zacian|atk|1
|turn|5
|
|t:|1654854074
|move|p1a: Zacian|Play Rough|p2a: Calyrex
|-damage|p2a: Calyrex|0 fnt
|faint|p2a: Calyrex
|
|-weather|none
|upkeep
|
|t:|1654854078
|switch|p2a: Rayquaza|Rayquaza|100/100
|-ability|p2a: Rayquaza|Air Lock
|turn|6
|
|t:|1654854086
|detailschange|p2a: Rayquaza|Rayquaza-Mega
|-mega|p2a: Rayquaza|Rayquaza|
|-weather|DeltaStream|[from] ability: Delta Stream|[of] p2a: Rayquaza
|move|p2a: Rayquaza|Dragon Ascent|p1a: Zacian
|-damage|p1a: Zacian|21/100
|-unboost|p2a: Rayquaza|def|1
|-unboost|p2a: Rayquaza|spd|1
|move|p1a: Zacian|Play Rough|p2a: Rayquaza
|-supereffective|p2a: Rayquaza
|-damage|p2a: Rayquaza|0 fnt
|faint|p2a: Rayquaza
|-weather|none
|
|upkeep
|
|t:|1654854097
|switch|p2a: Necrozma|Necrozma-Dusk-Mane|100/100
|turn|7
|
|t:|1654854101
|-zpower|p1a: Zacian
|move|p1a: Zacian|Tectonic Rage|p2a: Necrozma|[zeffect]
|-supereffective|p2a: Necrozma
|-damage|p2a: Necrozma|40/100
|move|p2a: Necrozma|Thunder Wave|p1a: Zacian
|-status|p1a: Zacian|par
|
|upkeep
|turn|8
|
|t:|1654854109
|switch|p1a: Calyrex|Calyrex-Shadow|100/100
|-ability|p1a: Calyrex|As One
|-ability|p1a: Calyrex|Unnerve
|move|p2a: Necrozma|Morning Sun|p2a: Necrozma
|-heal|p2a: Necrozma|90/100
|
|upkeep
|turn|9
|
|t:|1654854111
|switch|p1a: Zacian|Zacian-Crowned|100/100
|-ability|p1a: Zacian|Intrepid Sword|boost
|-boost|p1a: Zacian|atk|1
|switch|p2a: Yveltal|Yveltal|100/100
|-ability|p2a: Yveltal|Dark Aura
|
|upkeep
|turn|10
|
|t:|1654854114
|switch|p2a: Necrozma|Necrozma-Dusk-Mane|90/100
|move|p1a: Zacian|Swords Dance|p1a: Zacian
|-boost|p1a: Zacian|atk|2
|
|upkeep
|turn|11
|
|t:|1654854120
|switch|p1a: Quagsire|Quagsire, F|100/100
|-start|p2a: Necrozma|Dynamax|
|-heal|p2a: Necrozma|90/100|[silent]
|move|p2a: Necrozma|Max Steelspike|p1a: Quagsire
|-resisted|p1a: Quagsire
|-damage|p1a: Quagsire|78/100
|-boost|p2a: Necrozma|def|1
|
|upkeep
|turn|12
|
|t:|1654854125
|move|p2a: Necrozma|Max Darkness|p1a: Quagsire
|-damage|p1a: Quagsire|50/100
|-unboost|p1a: Quagsire|spd|1
|move|p1a: Quagsire|Recover|p1a: Quagsire
|-heal|p1a: Quagsire|100/100
|
|upkeep
|turn|13
|
|t:|1654854132
|switch|p1a: Ho-Oh|Ho-Oh|100/100
|move|p2a: Necrozma|Max Darkness|p1a: Ho-Oh
|-damage|p1a: Ho-Oh|73/100
|-unboost|p1a: Ho-Oh|spd|1
|
|upkeep
|-end|p2a: Necrozma|Dynamax
|-heal|p2a: Necrozma|90/100|[silent]
|turn|14
|
|t:|1654854135
|move|p1a: Ho-Oh|Sacred Fire|p2a: Necrozma
|-supereffective|p2a: Necrozma
|-damage|p2a: Necrozma|67/100
|-status|p2a: Necrozma|brn
|move|p2a: Necrozma|Knock Off|p1a: Ho-Oh
|-damage|p1a: Ho-Oh|62/100
|-enditem|p1a: Ho-Oh|Heavy-Duty Boots|[from] move: Knock Off|[of] p2a: Necrozma
|
|-damage|p2a: Necrozma|61/100 brn|[from] brn
|upkeep
|turn|15
|
|t:|1654854140
|move|p1a: Ho-Oh|Recover|p1a: Ho-Oh
|-heal|p1a: Ho-Oh|100/100
|move|p2a: Necrozma|Thunder Wave|p1a: Ho-Oh|[miss]
|-miss|p2a: Necrozma|p1a: Ho-Oh
|
|-damage|p2a: Necrozma|55/100 brn|[from] brn
|upkeep
|turn|16
|
|t:|1654854145
|switch|p1a: Quagsire|Quagsire, F|100/100
|switch|p2a: Groudon|Groudon|100/100
|detailschange|p2a: Groudon|Groudon-Primal
|-primal|p2a: Groudon
|-weather|DesolateLand|[from] ability: Desolate Land|[of] p2a: Groudon
|
|-weather|DesolateLand|[upkeep]
|upkeep
|turn|17
|
|t:|1654854154
|-start|p1a: Quagsire|Dynamax|
|-heal|p1a: Quagsire|100/100|[silent]
|move|p2a: Groudon|Stealth Rock|p1a: Quagsire
|-sidestart|p1: Apprenti Buck|move: Stealth Rock
|move|p1a: Quagsire|Max Quake|p2a: Groudon
|-supereffective|p2a: Groudon
|-damage|p2a: Groudon|58/100
|-boost|p1a: Quagsire|spd|1
|
|-weather|DesolateLand|[upkeep]
|upkeep
|turn|18
|
|t:|1654854159
|move|p1a: Quagsire|Max Quake|p2a: Groudon
|-supereffective|p2a: Groudon
|-damage|p2a: Groudon|12/100
|-boost|p1a: Quagsire|spd|1
|move|p2a: Groudon|Counter|p1a: Quagsire
|-damage|p1a: Quagsire|53/100
|-damage|p2a: Groudon|0 fnt|[from] item: Rocky Helmet|[of] p1a: Quagsire
|faint|p2a: Groudon
|-weather|none
|
|upkeep
|
|t:|1654854167
|switch|p2a: Yveltal|Yveltal|100/100
|-ability|p2a: Yveltal|Dark Aura
|turn|19
|
|t:|1654854175
|-end|p1a: Quagsire|Dynamax
|-heal|p1a: Quagsire|53/100|[silent]
|switch|p1a: Zacian|Zacian|21/100 par
|-damage|p1a: Zacian|9/100 par|[from] Stealth Rock
|-ability|p1a: Zacian|Intrepid Sword|boost
|-boost|p1a: Zacian|atk|1
|move|p2a: Yveltal|Toxic||[still]
|-fail|p2a: Yveltal
|
|upkeep
|turn|20
|
|t:|1654854180
|move|p2a: Yveltal|Dark Pulse|p1a: Zacian
|-resisted|p1a: Zacian
|-damage|p1a: Zacian|0 fnt
|faint|p1a: Zacian
|
|upkeep
|
|t:|1654854184
|switch|p1a: Zacian|Zacian-Crowned|100/100
|-damage|p1a: Zacian|94/100|[from] Stealth Rock
|-ability|p1a: Zacian|Intrepid Sword|boost
|-boost|p1a: Zacian|atk|1
|turn|21
|
|t:|1654854190
|switch|p2a: Zacian|Zacian-Crowned|100/100
|-ability|p2a: Zacian|Intrepid Sword|boost
|-boost|p2a: Zacian|atk|1
|move|p1a: Zacian|Behemoth Blade|p2a: Zacian
|-damage|p2a: Zacian|6/100
|
|upkeep
|turn|22
|
|t:|1654854195
|switch|p1a: Quagsire|Quagsire, F|53/100
|-damage|p1a: Quagsire|47/100|[from] Stealth Rock
|move|p2a: Zacian|Close Combat|p1a: Quagsire
|-damage|p1a: Quagsire|8/100
|-unboost|p2a: Zacian|def|1
|-unboost|p2a: Zacian|spd|1
|-damage|p2a: Zacian|0 fnt|[from] item: Rocky Helmet|[of] p1a: Quagsire
|faint|p2a: Zacian
|
|upkeep
|
|t:|1654854197
|switch|p2a: Yveltal|Yveltal|100/100
|-ability|p2a: Yveltal|Dark Aura
|turn|23
|c|☆Apprenti Buck|Ggwp
|
|t:|1654854202
|move|p2a: Yveltal|Dark Pulse|p1a: Quagsire
|-damage|p1a: Quagsire|0 fnt
|faint|p1a: Quagsire
|
|upkeep
|
|t:|1654854204
|switch|p1a: Zacian|Zacian-Crowned|94/100
|-damage|p1a: Zacian|88/100|[from] Stealth Rock
|-ability|p1a: Zacian|Intrepid Sword|boost
|-boost|p1a: Zacian|atk|1
|turn|24
|
|t:|1654854206
|switch|p2a: Necrozma|Necrozma-Dusk-Mane|55/100 brn
|move|p1a: Zacian|Behemoth Blade|p2a: Necrozma
|-resisted|p2a: Necrozma
|-damage|p2a: Necrozma|28/100 brn
|-damage|p1a: Zacian|72/100|[from] item: Rocky Helmet|[of] p2a: Necrozma
|
|-damage|p2a: Necrozma|22/100 brn|[from] brn
|upkeep
|turn|25
|
|t:|1654854211
|move|p1a: Zacian|Close Combat|p2a: Necrozma
|-damage|p2a: Necrozma|0 fnt
|-unboost|p1a: Zacian|def|1
|-unboost|p1a: Zacian|spd|1
|-damage|p1a: Zacian|55/100|[from] item: Rocky Helmet|[of] p2a: Necrozma
|faint|p2a: Necrozma
|
|upkeep
|c|☆Testing teams 596|That
|c|☆Testing teams 596|Low rool
|c|☆Testing teams 596|Saved
|c|☆Testing teams 596|U
|
|t:|1654854226
|switch|p2a: Yveltal|Yveltal|100/100
|-ability|p2a: Yveltal|Dark Aura
|turn|26
|
|t:|1654854230
|move|p1a: Zacian|Wild Charge|p2a: Yveltal
|-supereffective|p2a: Yveltal
|-damage|p2a: Yveltal|0 fnt
|faint|p2a: Yveltal
|-damage|p1a: Zacian|20/100|[from] Recoil
|
|win|Apprenti Buck
|n|☆Apprenti Buck|apprentibuck
|n|☆Testing teams 596|testingteams596
|n| LaprasPlayer|laprasplayer
|n| Demonic Asura|demonicasura
|n| Fel stinger|felstinger
