|j|☆Heheheh372
|j|☆iHaveAsthma
|t:|1661711705
|gametype|singles
|player|p1|Heheheh372|lady|1649
|player|p2|iHaveAsthma|doctor|1805
|teamsize|p1|6
|teamsize|p2|6
|gen|8
|tier|[Gen 8] National Dex AG
|rated|
|rule|HP Percentage Mod: HP is shown in percentages
|rule|Endless Battle Clause: Forcing endless battles is banned
|clearpoke
|poke|p1|Excadrill, F|
|poke|p1|Smeargle, M|
|poke|p1|Smeargle, M|
|poke|p1|Arceus-*|
|poke|p1|Kartana|
|poke|p1|Dialga|
|poke|p2|Rayquaza|
|poke|p2|Groudon|
|poke|p2|Arceus-*|
|poke|p2|Lugia|
|poke|p2|Arceus-*|
|poke|p2|Tyranitar, M|
|teampreview
|inactive|Battle timer is ON: inactive players will automatically lose when time's up. (requested by Heheheh372)
|
|t:|1661711746
|start
|switch|p1a: Excadrill|Excadrill, F|100/100
|switch|p2a: Rayquaza|Rayquaza|100/100
|-ability|p1a: Excadrill|Mold Breaker
|-ability|p2a: Rayquaza|Air Lock
|turn|1
|
|t:|1661711751
|detailschange|p2a: Rayquaza|Rayquaza-Mega
|-mega|p2a: Rayquaza|Rayquaza|
|-weather|DeltaStream|[from] ability: Delta Stream|[of] p2a: Rayquaza
|move|p2a: Rayquaza|Scale Shot|p1a: Excadrill
|-resisted|p1a: Excadrill
|-damage|p1a: Excadrill|87/100
|-resisted|p1a: Excadrill
|-damage|p1a: Excadrill|74/100
|-hitcount|p1a: Excadrill|2
|-unboost|p2a: Rayquaza|def|1
|-boost|p2a: Rayquaza|spe|1
|move|p1a: Excadrill|Stealth Rock|p2a: Rayquaza
|-sidestart|p2: iHaveAsthma|move: Stealth Rock
|
|-weather|DeltaStream|[upkeep]
|upkeep
|turn|2
|
|t:|1661711764
|move|p2a: Rayquaza|Earthquake|p1a: Excadrill
|-supereffective|p1a: Excadrill
|-damage|p1a: Excadrill|0 fnt
|faint|p1a: Excadrill
|
|-weather|DeltaStream|[upkeep]
|upkeep
|
|t:|1661711766
|switch|p1a: Arceus|Arceus|100/100
|turn|3
|
|t:|1661711769
|-weather|none
|switch|p2a: Lugia|Lugia|100/100
|move|p1a: Arceus|Extreme Speed|p2a: Lugia
|-damage|p2a: Lugia|90/100
|
|upkeep
|turn|4
|
|t:|1661711778
|switch|p1a: Smeargle|Smeargle, M|100/100
|move|p2a: Lugia|Thunder Wave|p1a: Smeargle
|-status|p1a: Smeargle|par
|
|-ability|p1a: Smeargle|Moody|boost
|-boost|p1a: Smeargle|spe|2
|-unboost|p1a: Smeargle|def|1
|upkeep
|turn|5
|
|t:|1661711783
|move|p1a: Smeargle|Spore|p2a: Lugia
|-status|p2a: Lugia|slp|[from] move: Spore
|cant|p2a: Lugia|slp
|
|-ability|p1a: Smeargle|Moody|boost
|-boost|p1a: Smeargle|def|2
|-unboost|p1a: Smeargle|spe|1
|upkeep
|turn|6
|
|t:|1661711786
|cant|p2a: Lugia|slp
|move|p1a: Smeargle|Shell Smash|p1a: Smeargle
|-unboost|p1a: Smeargle|def|1
|-unboost|p1a: Smeargle|spd|1
|-boost|p1a: Smeargle|atk|2
|-boost|p1a: Smeargle|spa|2
|-boost|p1a: Smeargle|spe|2
|
|-ability|p1a: Smeargle|Moody|boost
|-boost|p1a: Smeargle|atk|2
|-unboost|p1a: Smeargle|spd|1
|upkeep
|turn|7
|
|t:|1661711792
|move|p1a: Smeargle|Taunt|p2a: Lugia
|-start|p2a: Lugia|move: Taunt
|cant|p2a: Lugia|slp
|
|-ability|p1a: Smeargle|Moody|boost
|-boost|p1a: Smeargle|atk|2
|-unboost|p1a: Smeargle|spe|1
|upkeep
|turn|8
|
|t:|1661711802
|switch|p2a: Tyranitar|Tyranitar, M|100/100
|-damage|p2a: Tyranitar|88/100|[from] Stealth Rock
|-weather|Sandstorm|[from] ability: Sand Stream|[of] p2a: Tyranitar
|move|p1a: Smeargle|Baton Pass|p1a: Smeargle
|
|t:|1661711806
|switch|p1a: Kartana|Kartana|100/100|[from]move: Baton Pass
|-enditem|p1a: Kartana|White Herb
|-clearnegativeboost|p1a: Kartana|[silent]
|
|-weather|Sandstorm|[upkeep]
|upkeep
|turn|9
|
|t:|1661711811
|move|p1a: Kartana|Sacred Sword|p2a: Tyranitar
|-supereffective|p2a: Tyranitar
|-damage|p2a: Tyranitar|0 fnt
|faint|p2a: Tyranitar
|
|-weather|Sandstorm|[upkeep]
|upkeep
|
|t:|1661711817
|switch|p2a: Arceus|Arceus-Flying|100/100
|-damage|p2a: Arceus|76/100|[from] Stealth Rock
|turn|10
|
|t:|1661711823
|-start|p1a: Kartana|Dynamax|
|-heal|p1a: Kartana|100/100|[silent]
|-start|p2a: Arceus|Dynamax|
|-heal|p2a: Arceus|76/100|[silent]
|move|p1a: Kartana|Max Steelspike|p2a: Arceus
|-damage|p2a: Arceus|0 fnt
|-boost|p1a: Kartana|def|1
|faint|p2a: Arceus
|
|-weather|Sandstorm|[upkeep]
|upkeep
|-message|iHaveAsthma forfeited.
|
|win|Heheheh372
|raw|Heheheh372's rating: 1649 &rarr; <strong>1677</strong><br />(+28 for winning)
|raw|iHaveAsthma's rating: 1805 &rarr; <strong>1777</strong><br />(-28 for losing)
|l|☆iHaveAsthma
