|j|☆Goku Uchiha 2001
|j|☆NOAH MK2
|t:|1664777818
|gametype|singles
|player|p1|Goku Uchiha 2001|dawn|1731
|player|p2|NOAH MK2|2|1704
|teamsize|p1|6
|teamsize|p2|6
|gen|8
|tier|[Gen 8] National Dex AG
|rated|
|rule|HP Percentage Mod: HP is shown in percentages
|rule|Endless Battle Clause: Forcing endless battles is banned
|clearpoke
|poke|p1|Machamp, F|
|poke|p1|Arceus-*|
|poke|p1|Ditto|
|poke|p1|Arceus-*|
|poke|p1|Zygarde|
|poke|p1|Yveltal|
|poke|p2|Whimsicott, F|
|poke|p2|Groudon|
|poke|p2|Klefki, F|
|poke|p2|Zygarde|
|poke|p2|Xerneas-*|
|poke|p2|Rayquaza|
|teampreview
|inactive|Battle timer is ON: inactive players will automatically lose when time's up. (requested by Goku Uchiha 2001)
|
|t:|1664777831
|start
|switch|p1a: Arceus|Arceus-Fairy|100/100
|switch|p2a: Xerneas|Xerneas|100/100
|-ability|p2a: Xerneas|Fairy Aura
|turn|1
|
|t:|1664777839
|switch|p2a: Klefki|Klefki, F|100/100
|move|p1a: Arceus|Toxic|p2a: Klefki
|-immune|p2a: Klefki
|
|upkeep
|turn|2
|
|t:|1664777845
|move|p2a: Klefki|Light Screen|p2a: Klefki
|-sidestart|p2: NOAH MK2|move: Light Screen
|move|p1a: Arceus|Stealth Rock|p2a: Klefki
|-sidestart|p2: NOAH MK2|move: Stealth Rock
|
|upkeep
|turn|3
|
|t:|1664777848
|switch|p1a: Zygarde|Zygarde, shiny|100/100
|move|p2a: Klefki|Defog|p1a: Zygarde
|-unboost|p1a: Zygarde|evasion|1
|-sideend|p2: NOAH MK2|Stealth Rock|[from] move: Defog|[of] p2a: Klefki
|
|upkeep
|turn|4
|
|t:|1664777857
|move|p2a: Klefki|Reflect|p2a: Klefki
|-sidestart|p2: NOAH MK2|Reflect
|move|p1a: Zygarde|Glare|p2a: Klefki
|-status|p2a: Klefki|par
|
|upkeep
|turn|5
|
|t:|1664777860
|switch|p1a: Ditto|Ditto, shiny|100/100
|-transform|p1a: Ditto|p2a: Klefki|[from] ability: Imposter
|switch|p2a: Whimsicott|Whimsicott, F|100/100
|
|upkeep
|turn|6
|
|t:|1664777868
|move|p2a: Whimsicott|Leech Seed|p1a: Ditto
|-start|p1a: Ditto|move: Leech Seed
|move|p1a: Ditto|Defog|p2a: Whimsicott
|-unboost|p2a: Whimsicott|evasion|1
|-sideend|p2: NOAH MK2|Reflect
|-sideend|p2: NOAH MK2|move: Light Screen
|
|-damage|p1a: Ditto|88/100|[from] Leech Seed|[of] p2a: Whimsicott
|upkeep
|turn|7
|
|t:|1664777873
|switch|p1a: Arceus|Arceus|100/100
|move|p2a: Whimsicott|Moonblast|p1a: Arceus
|-damage|p1a: Arceus|76/100
|
|upkeep
|turn|8
|
|t:|1664777880
|move|p2a: Whimsicott|Leech Seed|p1a: Arceus
|-start|p1a: Arceus|move: Leech Seed
|move|p1a: Arceus|Swords Dance|p1a: Arceus
|-boost|p1a: Arceus|atk|2
|
|-damage|p1a: Arceus|64/100|[from] Leech Seed|[of] p2a: Whimsicott
|upkeep
|turn|9
|
|t:|1664777888
|switch|p2a: Klefki|Klefki, F|100/100 par
|move|p1a: Arceus|Extreme Speed|p2a: Klefki
|-resisted|p2a: Klefki
|-damage|p2a: Klefki|66/100 par
|
|-damage|p1a: Arceus|51/100|[from] Leech Seed|[of] p2a: Klefki
|-heal|p2a: Klefki|83/100 par|[silent]
|upkeep
|turn|10
|
|t:|1664777896
|move|p2a: Klefki|Reflect|p2a: Klefki
|-sidestart|p2: NOAH MK2|Reflect
|move|p1a: Arceus|Recover|p1a: Arceus
|-heal|p1a: Arceus|100/100
|
|-damage|p1a: Arceus|88/100|[from] Leech Seed|[of] p2a: Klefki
|-heal|p2a: Klefki|99/100 par|[silent]
|upkeep
|turn|11
|
|t:|1664777903
|switch|p1a: Arceus|Arceus-Fairy|100/100
|move|p2a: Klefki|Foul Play|p1a: Arceus
|-resisted|p1a: Arceus
|-damage|p1a: Arceus|93/100
|
|upkeep
|turn|12
|
|t:|1664777917
|switch|p2a: Whimsicott|Whimsicott, F|100/100
|move|p1a: Arceus|Stealth Rock|p2a: Whimsicott
|-sidestart|p2: NOAH MK2|move: Stealth Rock
|
|upkeep
|turn|13
|
|t:|1664777926
|move|p2a: Whimsicott|Encore|p1a: Arceus
|-start|p1a: Arceus|Encore
|move|p1a: Arceus|Stealth Rock||[still]
|-fail|p1a: Arceus
|
|upkeep
|turn|14
|
|t:|1664777940
|switch|p1a: Ditto|Ditto, shiny|88/100
|-transform|p1a: Ditto|p2a: Whimsicott|[from] ability: Imposter
|move|p2a: Whimsicott|Leech Seed|p1a: Ditto
|-immune|p1a: Ditto
|
|upkeep
|turn|15
|
|t:|1664777950
|switch|p2a: Klefki|Klefki, F|99/100 par
|-damage|p2a: Klefki|94/100 par|[from] Stealth Rock
|move|p1a: Ditto|Encore||[still]
|-fail|p1a: Ditto
|
|upkeep
|turn|16
|
|t:|1664777962
|switch|p1a: Machamp|Machamp, F|100/100
|cant|p2a: Klefki|par
|
|upkeep
|turn|17
|
|t:|1664777968
|move|p2a: Klefki|Defog|p1a: Machamp
|-unboost|p1a: Machamp|evasion|1
|-sideend|p2: NOAH MK2|Stealth Rock|[from] move: Defog|[of] p2a: Klefki
|move|p1a: Machamp|Dynamic Punch|p2a: Klefki
|-damage|p2a: Klefki|72/100 par
|-start|p2a: Klefki|confusion
|
|-sideend|p2: NOAH MK2|Reflect
|upkeep
|turn|18
|
|t:|1664777973
|-activate|p2a: Klefki|confusion
|move|p2a: Klefki|Reflect|p2a: Klefki
|-sidestart|p2: NOAH MK2|Reflect
|move|p1a: Machamp|Dynamic Punch|p2a: Klefki
|-damage|p2a: Klefki|51/100 par
|
|upkeep
|turn|19
|
|t:|1664778003
|switch|p2a: Xerneas|Xerneas|100/100
|-ability|p2a: Xerneas|Fairy Aura
|move|p1a: Machamp|Dynamic Punch|p2a: Xerneas
|-resisted|p2a: Xerneas
|-damage|p2a: Xerneas|88/100
|-start|p2a: Xerneas|confusion
|
|upkeep
|turn|20
|
|t:|1664778015
|switch|p1a: Arceus|Arceus-Fairy|93/100
|-activate|p2a: Xerneas|confusion
|move|p2a: Xerneas|Moonblast|p1a: Arceus
|-damage|p1a: Arceus|52/100
|-unboost|p1a: Arceus|spa|1
|
|upkeep
|turn|21
|
|t:|1664778028
|switch|p2a: Klefki|Klefki, F|51/100 par
|move|p1a: Arceus|Stealth Rock|p2a: Klefki
|-sidestart|p2: NOAH MK2|move: Stealth Rock
|
|upkeep
|turn|22
|
|t:|1664778032
|cant|p2a: Klefki|par
|move|p1a: Arceus|Recover|p1a: Arceus
|-heal|p1a: Arceus|100/100
|
|upkeep
|turn|23
|
|t:|1664778042
|switch|p1a: Machamp|Machamp, F|100/100
|move|p2a: Klefki|Light Screen|p2a: Klefki
|-sidestart|p2: NOAH MK2|move: Light Screen
|
|upkeep
|turn|24
|
|t:|1664778047
|move|p2a: Klefki|Defog|p1a: Machamp
|-unboost|p1a: Machamp|evasion|1
|-sideend|p2: NOAH MK2|Stealth Rock|[from] move: Defog|[of] p2a: Klefki
|move|p1a: Machamp|Dynamic Punch|p2a: Klefki
|-damage|p2a: Klefki|28/100 par
|-start|p2a: Klefki|confusion
|
|upkeep
|turn|25
|
|t:|1664778056
|switch|p2a: Xerneas|Xerneas|88/100
|-ability|p2a: Xerneas|Fairy Aura
|move|p1a: Machamp|Dynamic Punch|p2a: Xerneas
|-resisted|p2a: Xerneas
|-damage|p2a: Xerneas|77/100
|-start|p2a: Xerneas|confusion
|
|-sideend|p2: NOAH MK2|Reflect
|upkeep
|turn|26
|
|t:|1664778062
|switch|p1a: Arceus|Arceus-Fairy|100/100
|-activate|p2a: Xerneas|confusion
|move|p2a: Xerneas|Geomancy||[still]
|-prepare|p2a: Xerneas|Geomancy
|-enditem|p2a: Xerneas|Power Herb
|-anim|p2a: Xerneas|Geomancy|p2a: Xerneas
|-boost|p2a: Xerneas|spa|2
|-boost|p2a: Xerneas|spd|2
|-boost|p2a: Xerneas|spe|2
|
|upkeep
|turn|27
|
|t:|1664778071
|-start|p2a: Xerneas|Dynamax|
|-heal|p2a: Xerneas|77/100|[silent]
|-activate|p2a: Xerneas|confusion
|-damage|p2a: Xerneas|72/100|[from] confusion
|move|p1a: Arceus|Stealth Rock|p2a: Xerneas
|-sidestart|p2: NOAH MK2|move: Stealth Rock
|
|upkeep
|turn|28
|
|t:|1664778076
|-end|p2a: Xerneas|confusion
|move|p2a: Xerneas|Max Starfall|p1a: Arceus
|-damage|p1a: Arceus|0 fnt
|-fieldstart|move: Misty Terrain
|faint|p1a: Arceus
|
|upkeep
|
|t:|1664778093
|switch|p1a: Arceus|Arceus|88/100
|turn|29
|
|t:|1664778100
|switch|p1a: Zygarde|Zygarde, shiny|100/100
|move|p2a: Xerneas|Max Starfall|p1a: Zygarde
|-supereffective|p1a: Zygarde
|-damage|p1a: Zygarde|0 fnt
|faint|p1a: Zygarde
|
|upkeep
|
|t:|1664778104
|switch|p1a: Ditto|Ditto, shiny|88/100
|-transform|p1a: Ditto|p2a: Xerneas|[from] ability: Imposter
|-ability|p1a: Ditto|Fairy Aura
|-end|p2a: Xerneas|Dynamax
|-heal|p2a: Xerneas|72/100|[silent]
|turn|30
|
|t:|1664778113
|move|p1a: Ditto|Moonblast|p2a: Xerneas
|-damage|p2a: Xerneas|38/100
|-unboost|p2a: Xerneas|spa|1
|move|p2a: Xerneas|Moonblast|p1a: Ditto
|-damage|p1a: Ditto|22/100
|-unboost|p1a: Ditto|spa|1
|
|-sideend|p2: NOAH MK2|move: Light Screen
|upkeep
|turn|31
|
|t:|1664778132
|move|p1a: Ditto|Moonblast|p2a: Xerneas
|-damage|p2a: Xerneas|0 fnt
|faint|p2a: Xerneas
|
|upkeep
|
|t:|1664778142
|switch|p2a: Klefki|Klefki, F|28/100 par
|-damage|p2a: Klefki|22/100 par|[from] Stealth Rock
|turn|32
|
|t:|1664778147
|cant|p2a: Klefki|par
|move|p1a: Ditto|Moonblast|p2a: Klefki
|-resisted|p2a: Klefki
|-damage|p2a: Klefki|0 fnt
|faint|p2a: Klefki
|
|-fieldend|Misty Terrain
|upkeep
|
|t:|1664778152
|switch|p2a: Rayquaza|Rayquaza|100/100
|-damage|p2a: Rayquaza|76/100|[from] Stealth Rock
|-ability|p2a: Rayquaza|Air Lock
|turn|33
|
|t:|1664778158
|switch|p1a: Machamp|Machamp, F|100/100
|detailschange|p2a: Rayquaza|Rayquaza-Mega
|-mega|p2a: Rayquaza|Rayquaza|
|-weather|DeltaStream|[from] ability: Delta Stream|[of] p2a: Rayquaza
|move|p2a: Rayquaza|Extreme Speed|p1a: Machamp
|-damage|p1a: Machamp|38/100
|-damage|p2a: Rayquaza|66/100|[from] item: Life Orb
|
|-weather|DeltaStream|[upkeep]
|upkeep
|turn|34
|
|t:|1664778166
|move|p2a: Rayquaza|Extreme Speed|p1a: Machamp
|-damage|p1a: Machamp|0 fnt
|faint|p1a: Machamp
|-damage|p2a: Rayquaza|56/100|[from] item: Life Orb
|
|-weather|DeltaStream|[upkeep]
|upkeep
|
|t:|1664778183
|switch|p1a: Arceus|Arceus|88/100
|turn|35
|
|t:|1664778187
|move|p2a: Rayquaza|Dragon Ascent|p1a: Arceus
|-damage|p1a: Arceus|16/100
|-unboost|p2a: Rayquaza|def|1
|-unboost|p2a: Rayquaza|spd|1
|-damage|p2a: Rayquaza|46/100|[from] item: Life Orb
|move|p1a: Arceus|Recover|p1a: Arceus
|-heal|p1a: Arceus|66/100
|
|-weather|DeltaStream|[upkeep]
|upkeep
|turn|36
|
|t:|1664778198
|-weather|none
|switch|p2a: Zygarde|Zygarde|100/100
|-damage|p2a: Zygarde|94/100|[from] Stealth Rock
|move|p1a: Arceus|Extreme Speed|p2a: Zygarde
|-damage|p2a: Zygarde|70/100
|
|upkeep
|turn|37
|
|t:|1664778205
|move|p1a: Arceus|Swords Dance|p1a: Arceus
|-boost|p1a: Arceus|atk|2
|move|p2a: Zygarde|Coil|p2a: Zygarde
|-boost|p2a: Zygarde|atk|1
|-boost|p2a: Zygarde|def|1
|-boost|p2a: Zygarde|accuracy|1
|
|upkeep
|turn|38
|
|t:|1664778208
|move|p1a: Arceus|Swords Dance|p1a: Arceus
|-boost|p1a: Arceus|atk|2
|move|p2a: Zygarde|Haze|p2a: Zygarde
|-clearallboost
|
|upkeep
|turn|39
|
|t:|1664778213
|switch|p1a: Yveltal|Yveltal, shiny|100/100
|-ability|p1a: Yveltal|Dark Aura
|move|p2a: Zygarde|Glare|p1a: Yveltal
|-status|p1a: Yveltal|par
|
|upkeep
|turn|40
|
|t:|1664778229
|-start|p1a: Yveltal|Dynamax|
|-heal|p1a: Yveltal|100/100 par|[silent]
|move|p2a: Zygarde|Thousand Arrows|p1a: Yveltal
|-damage|p1a: Yveltal|87/100 par
|-start|p1a: Yveltal|Smack Down
|move|p1a: Yveltal|Max Darkness|p2a: Zygarde
|-damage|p2a: Zygarde|0 fnt
|faint|p2a: Zygarde
|-damage|p1a: Yveltal|82/100 par|[from] item: Life Orb
|
|upkeep
|
|t:|1664778245
|switch|p2a: Whimsicott|Whimsicott, F|100/100
|-damage|p2a: Whimsicott|88/100|[from] Stealth Rock
|turn|41
|
|t:|1664778248
|move|p2a: Whimsicott|Moonblast|p1a: Yveltal
|-supereffective|p1a: Yveltal
|-damage|p1a: Yveltal|47/100 par
|move|p1a: Yveltal|Max Airstream|p2a: Whimsicott
|-supereffective|p2a: Whimsicott
|-damage|p2a: Whimsicott|0 fnt
|-boost|p1a: Yveltal|spe|1
|faint|p2a: Whimsicott
|-damage|p1a: Yveltal|42/100 par|[from] item: Life Orb
|
|upkeep
|
|t:|1664778255
|switch|p2a: Rayquaza|Rayquaza-Mega|46/100
|-damage|p2a: Rayquaza|21/100|[from] Stealth Rock
|-weather|DeltaStream|[from] ability: Delta Stream|[of] p2a: Rayquaza
|turn|42
|
|t:|1664778259
|move|p2a: Rayquaza|Dragon Ascent|p1a: Yveltal
|-damage|p1a: Yveltal|0 fnt
|-unboost|p2a: Rayquaza|def|1
|-unboost|p2a: Rayquaza|spd|1
|faint|p1a: Yveltal
|-damage|p2a: Rayquaza|11/100|[from] item: Life Orb
|
|-weather|DeltaStream|[upkeep]
|upkeep
|
|t:|1664778264
|switch|p1a: Arceus|Arceus|66/100
|turn|43
|
|t:|1664778269
|move|p2a: Rayquaza|Extreme Speed|p1a: Arceus
|-damage|p1a: Arceus|33/100
|-damage|p2a: Rayquaza|1/100|[from] item: Life Orb
|move|p1a: Arceus|Extreme Speed|p2a: Rayquaza
|-damage|p2a: Rayquaza|0 fnt
|faint|p2a: Rayquaza
|-weather|none
|
|upkeep
|
|t:|1664778272
|switch|p2a: Groudon|Groudon|100/100
|-damage|p2a: Groudon|94/100|[from] Stealth Rock
|detailschange|p2a: Groudon|Groudon-Primal
|-primal|p2a: Groudon
|-weather|DesolateLand|[from] ability: Desolate Land|[of] p2a: Groudon
|turn|44
|
|t:|1664778276
|move|p1a: Arceus|Extreme Speed|p2a: Groudon
|-crit|p2a: Groudon
|-damage|p2a: Groudon|49/100
|move|p2a: Groudon|Precipice Blades|p1a: Arceus
|-damage|p1a: Arceus|0 fnt
|faint|p1a: Arceus
|
|-weather|DesolateLand|[upkeep]
|upkeep
|
|t:|1664778280
|switch|p1a: Ditto|Ditto, shiny|22/100
|-transform|p1a: Ditto|p2a: Groudon|[from] ability: Imposter
|turn|45
|
|t:|1664778283
|move|p1a: Ditto|Precipice Blades|p2a: Groudon
|-supereffective|p2a: Groudon
|-damage|p2a: Groudon|0 fnt
|faint|p2a: Groudon
|
|win|Goku Uchiha 2001
|raw|Goku Uchiha 2001's rating: 1731 &rarr; <strong>1749</strong><br />(+18 for winning)
|raw|NOAH MK2's rating: 1704 &rarr; <strong>1686</strong><br />(-18 for losing)
|l|☆NOAH MK2
