|j|☆CLEAR GEM清瑜
|j|☆LonelyGuy69
|t:|1667642806
|gametype|singles
|player|p1|CLEAR GEM清瑜|skierf|1923
|player|p2|LonelyGuy69|unknown|1678
|teamsize|p1|6
|teamsize|p2|6
|gen|8
|tier|[Gen 8] National Dex AG
|rated|
|rule|HP Percentage Mod: HP is shown in percentages
|rule|Endless Battle Clause: Forcing endless battles is banned
|clearpoke
|poke|p1|Rayquaza|
|poke|p1|Groudon|
|poke|p1|Necrozma-Dusk-Mane|
|poke|p1|Arceus-*|
|poke|p1|Zacian-*|
|poke|p1|Yveltal|
|poke|p2|Marshadow|
|poke|p2|Lopunny, M|
|poke|p2|Yveltal|
|poke|p2|Excadrill, F|
|poke|p2|Ditto|
|poke|p2|Calyrex-Shadow|
|teampreview
|inactive|Battle timer is ON: inactive players will automatically lose when time's up. (requested by LonelyGuy69)
|inactive|CLEAR GEM清瑜 also wants the timer to be on.
|
|t:|1667642818
|start
|switch|p1a: 老烈|Rayquaza, shiny|100/100
|switch|p2a: Excadrill|Excadrill, F|100/100
|-ability|p2a: Excadrill|Mold Breaker
|-ability|p1a: 老烈|Air Lock
|turn|1
|l|☆LonelyGuy69
|inactive|LonelyGuy69 disconnected and has a minute to reconnect!
|player|p2|
|j|☆LonelyGuy69
|inactive|LonelyGuy69 reconnected and has 120 seconds left.
|player|p2|LonelyGuy69|unknown
|
|t:|1667642860
|detailschange|p1a: 老烈|Rayquaza-Mega, shiny
|-mega|p1a: 老烈|Rayquaza|
|-weather|DeltaStream|[from] ability: Delta Stream|[of] p1a: 老烈
|move|p1a: 老烈|Scale Shot|p2a: Excadrill
|-resisted|p2a: Excadrill
|-damage|p2a: Excadrill|82/100
|-resisted|p2a: Excadrill
|-damage|p2a: Excadrill|64/100
|-resisted|p2a: Excadrill
|-damage|p2a: Excadrill|46/100
|-hitcount|p2a: Excadrill|3
|-unboost|p1a: 老烈|def|1
|-boost|p1a: 老烈|spe|1
|-damage|p1a: 老烈|91/100|[from] item: Life Orb
|move|p2a: Excadrill|Rapid Spin|p1a: 老烈
|-damage|p1a: 老烈|68/100
|-boost|p2a: Excadrill|spe|1
|
|-weather|DeltaStream|[upkeep]
|upkeep
|turn|2
|
|t:|1667642879
|move|p1a: 老烈|Earthquake|p2a: Excadrill
|-supereffective|p2a: Excadrill
|-damage|p2a: Excadrill|0 fnt
|faint|p2a: Excadrill
|-damage|p1a: 老烈|58/100|[from] item: Life Orb
|
|-weather|DeltaStream|[upkeep]
|upkeep
|
|t:|1667642890
|switch|p2a: Lopunny|Lopunny, M|100/100
|turn|3
|
|t:|1667642897
|detailschange|p2a: Lopunny|Lopunny-Mega, M
|-mega|p2a: Lopunny|Lopunny|Lopunnite
|move|p2a: Lopunny|Fake Out|p1a: 老烈
|-damage|p1a: 老烈|28/100
|cant|p1a: 老烈|flinch
|
|-weather|DeltaStream|[upkeep]
|upkeep
|turn|4
|
|t:|1667642905
|move|p1a: 老烈|Extreme Speed|p2a: Lopunny
|-damage|p2a: Lopunny|29/100
|-damage|p1a: 老烈|18/100|[from] item: Life Orb
|move|p2a: Lopunny|Quick Attack|p1a: 老烈
|-damage|p1a: 老烈|0 fnt
|faint|p1a: 老烈
|-weather|none
|
|upkeep
|
|t:|1667642911
|switch|p1a: 不会(?)|Groudon|100/100
|detailschange|p1a: 不会(?)|Groudon-Primal
|-primal|p1a: 不会(?)
|-weather|DesolateLand|[from] ability: Desolate Land|[of] p1a: 不会(?)
|turn|5
|inactive|LonelyGuy69 has 120 seconds left.
|
|t:|1667642921
|move|p2a: Lopunny|Close Combat|p1a: 不会(?)
|-damage|p1a: 不会(?)|70/100
|-unboost|p2a: Lopunny|def|1
|-unboost|p2a: Lopunny|spd|1
|move|p1a: 不会(?)|Thunder Wave|p2a: Lopunny
|-status|p2a: Lopunny|par
|
|-weather|DesolateLand|[upkeep]
|upkeep
|turn|6
|inactive|LonelyGuy69 has 120 seconds left.
|
|t:|1667642931
|switch|p2a: Calyrex|Calyrex-Shadow|100/100
|-ability|p2a: Calyrex|As One
|-ability|p2a: Calyrex|Unnerve
|move|p1a: 不会(?)|Stealth Rock|p2a: Calyrex
|-sidestart|p2: LonelyGuy69|move: Stealth Rock
|
|-weather|DesolateLand|[upkeep]
|upkeep
|turn|7
|
|t:|1667642941
|move|p2a: Calyrex|Astral Barrage|p1a: 不会(?)
|-damage|p1a: 不会(?)|0 fnt
|faint|p1a: 不会(?)
|-weather|none
|-ability|p2a: Calyrex|Grim Neigh|boost
|-boost|p2a: Calyrex|spa|1
|
|upkeep
|
|t:|1667642944
|switch|p1a: Y鸟|Yveltal|100/100
|-ability|p1a: Y鸟|Dark Aura
|turn|8
|
|t:|1667642962
|move|p2a: Calyrex|Nasty Plot|p2a: Calyrex
|-boost|p2a: Calyrex|spa|2
|move|p1a: Y鸟|Dark Pulse|p2a: Calyrex
|-supereffective|p2a: Calyrex
|-enditem|p2a: Calyrex|Focus Sash
|-damage|p2a: Calyrex|1/100
|-damage|p1a: Y鸟|91/100|[from] item: Life Orb
|
|upkeep
|turn|9
|
|t:|1667642972
|-start|p1a: Y鸟|Dynamax|
|-heal|p1a: Y鸟|91/100|[silent]
|move|p2a: Calyrex|Draining Kiss|p1a: Y鸟
|-supereffective|p1a: Y鸟
|-damage|p1a: Y鸟|43/100
|-heal|p2a: Calyrex|84/100|[from] drain|[of] p1a: Y鸟
|move|p1a: Y鸟|Max Airstream|p2a: Calyrex
|-damage|p2a: Calyrex|0 fnt
|-boost|p1a: Y鸟|spe|1
|faint|p2a: Calyrex
|-damage|p1a: Y鸟|38/100|[from] item: Life Orb
|
|upkeep
|inactive|LonelyGuy69 has 120 seconds left.
|
|t:|1667642989
|switch|p2a: Ditto|Ditto|100/100
|-damage|p2a: Ditto|88/100|[from] Stealth Rock
|-transform|p2a: Ditto|p1a: Y鸟|[from] ability: Imposter
|-ability|p2a: Ditto|Dark Aura
|turn|10
|inactive|LonelyGuy69 has 120 seconds left.
|
|t:|1667643008
|move|p2a: Ditto|Hurricane|p1a: Y鸟|[miss]
|-miss|p2a: Ditto|p1a: Y鸟
|move|p1a: Y鸟|Max Airstream|p2a: Ditto
|-damage|p2a: Ditto|0 fnt
|-boost|p1a: Y鸟|spe|1
|faint|p2a: Ditto
|-damage|p1a: Y鸟|33/100|[from] item: Life Orb
|
|upkeep
|
|t:|1667643024
|switch|p2a: Lopunny|Lopunny-Mega, M|29/100 par
|-damage|p2a: Lopunny|23/100 par|[from] Stealth Rock
|turn|11
|
|t:|1667643034
|move|p2a: Lopunny|Fake Out|p1a: Y鸟
|-damage|p1a: Y鸟|22/100
|move|p1a: Y鸟|Max Airstream|p2a: Lopunny
|-supereffective|p2a: Lopunny
|-damage|p2a: Lopunny|0 fnt
|-boost|p1a: Y鸟|spe|1
|faint|p2a: Lopunny
|-damage|p1a: Y鸟|17/100|[from] item: Life Orb
|
|upkeep
|
|t:|1667643047
|switch|p2a: Yveltal|Yveltal|100/100
|-damage|p2a: Yveltal|76/100|[from] Stealth Rock
|-ability|p2a: Yveltal|Dark Aura
|-end|p1a: Y鸟|Dynamax
|-heal|p1a: Y鸟|17/100|[silent]
|turn|12
|
|t:|1667643056
|-start|p2a: Yveltal|Dynamax|
|-heal|p2a: Yveltal|76/100|[silent]
|move|p1a: Y鸟|Hurricane|p2a: Yveltal
|-damage|p2a: Yveltal|35/100
|-damage|p1a: Y鸟|8/100|[from] item: Life Orb
|move|p2a: Yveltal|Max Airstream|p1a: Y鸟
|-damage|p1a: Y鸟|0 fnt
|-boost|p2a: Yveltal|spe|1
|faint|p1a: Y鸟
|
|upkeep
|
|t:|1667643059
|switch|p1a: 嘉然小姐的狗|Zacian-Crowned|100/100
|-ability|p1a: 嘉然小姐的狗|Intrepid Sword|boost
|-boost|p1a: 嘉然小姐的狗|atk|1
|turn|13
|
|t:|1667643075
|move|p2a: Yveltal|Max Flare|p1a: 嘉然小姐的狗
|-supereffective|p1a: 嘉然小姐的狗
|-damage|p1a: 嘉然小姐的狗|26/100
|-weather|SunnyDay
|move|p1a: 嘉然小姐的狗|Behemoth Blade|p2a: Yveltal
|-damage|p2a: Yveltal|0 fnt
|faint|p2a: Yveltal
|
|-weather|SunnyDay|[upkeep]
|upkeep
|-message|LonelyGuy69 forfeited.
|
|win|CLEAR GEM清瑜
|raw|CLEAR GEM清瑜's rating: 1923 &rarr; <strong>1931</strong><br />(+8 for winning)
|raw|LonelyGuy69's rating: 1678 &rarr; <strong>1670</strong><br />(-8 for losing)
|l|☆LonelyGuy69
|j|☆LonelyGuy69
|player|p2|LonelyGuy69|unknown
