|j|☆defame TV
|j|☆CLEAR GEM清瑜
|t:|1662442234
|gametype|singles
|player|p1|defame TV|hilbert-wonderlauncher|1759
|player|p2|CLEAR GEM清瑜|skierf|1783
|teamsize|p1|6
|teamsize|p2|6
|gen|8
|tier|[Gen 8] National Dex AG
|rated|
|rule|HP Percentage Mod: HP is shown in percentages
|rule|Endless Battle Clause: Forcing endless battles is banned
|clearpoke
|poke|p1|Excadrill, M|
|poke|p1|Rayquaza|
|poke|p1|Yveltal|
|poke|p1|Arceus-*|
|poke|p1|Marshadow|
|poke|p1|Regieleki|
|poke|p2|Rayquaza|
|poke|p2|Groudon|
|poke|p2|Arceus-*|
|poke|p2|Yveltal|
|poke|p2|Zacian-*|
|poke|p2|Necrozma-Dusk-Mane|
|teampreview
|inactive|Battle timer is ON: inactive players will automatically lose when time's up. (requested by CLEAR GEM清瑜)
|
|t:|1662442245
|start
|switch|p1a: Excadrill|Excadrill, M, shiny|100/100
|switch|p2a: Y鸟|Yveltal|100/100
|-ability|p1a: Excadrill|Mold Breaker
|-ability|p2a: Y鸟|Dark Aura
|turn|1
|
|t:|1662442252
|switch|p1a: Yveltal|Yveltal, shiny|100/100
|-ability|p1a: Yveltal|Dark Aura
|move|p2a: Y鸟|Taunt|p1a: Yveltal
|-start|p1a: Yveltal|move: Taunt
|
|upkeep
|turn|2
|
|t:|1662442261
|switch|p1a: Excadrill|Excadrill, M, shiny|100/100
|-ability|p1a: Excadrill|Mold Breaker
|move|p2a: Y鸟|Oblivion Wing|p1a: Excadrill
|-resisted|p1a: Excadrill
|-damage|p1a: Excadrill|68/100
|
|upkeep
|turn|3
|
|t:|1662442269
|move|p1a: Excadrill|Stealth Rock|p2a: Y鸟
|-sidestart|p2: CLEAR GEM清瑜|move: Stealth Rock
|move|p2a: Y鸟|Dark Pulse|p1a: Excadrill
|-damage|p1a: Excadrill|0 fnt
|faint|p1a: Excadrill
|
|upkeep
|
|t:|1662442277
|switch|p1a: Arceus|Arceus-Electric|100/100
|turn|4
|
|t:|1662442286
|switch|p2a: 不会(?)|Groudon|100/100
|-damage|p2a: 不会(?)|94/100|[from] Stealth Rock
|detailschange|p2a: 不会(?)|Groudon-Primal
|-primal|p2a: 不会(?)
|-weather|DesolateLand|[from] ability: Desolate Land|[of] p2a: 不会(?)
|-start|p1a: Arceus|Dynamax|
|-heal|p1a: Arceus|100/100|[silent]
|move|p1a: Arceus|Max Lightning|p2a: 不会(?)
|-immune|p2a: 不会(?)
|
|-weather|DesolateLand|[upkeep]
|upkeep
|turn|5
|
|t:|1662442297
|move|p1a: Arceus|Max Quake|p2a: 不会(?)
|-supereffective|p2a: 不会(?)
|-damage|p2a: 不会(?)|16/100
|-boost|p1a: Arceus|spd|1
|move|p2a: 不会(?)|Stealth Rock|p1a: Arceus
|-sidestart|p1: defame TV|move: Stealth Rock
|
|-weather|DesolateLand|[upkeep]
|upkeep
|turn|6
|
|t:|1662442304
|move|p1a: Arceus|Max Hailstorm|p2a: 不会(?)
|-damage|p2a: 不会(?)|0 fnt
|-weather|Hail
|faint|p2a: 不会(?)
|
|-weather|Hail|[upkeep]
|-damage|p1a: Arceus|97/100|[from] Hail
|upkeep
|
|t:|1662442308
|switch|p2a: 钢铁之躯|Necrozma-Dusk-Mane|100/100
|-damage|p2a: 钢铁之躯|94/100|[from] Stealth Rock
|-end|p1a: Arceus|Dynamax
|-heal|p1a: Arceus|98/100|[silent]
|turn|7
|
|t:|1662442314
|detailschange|p2a: 钢铁之躯|Necrozma-Ultra
|-burst|p2a: 钢铁之躯|Necrozma|Ultranecrozium Z
|move|p1a: Arceus|Judgment|p2a: 钢铁之躯
|-resisted|p2a: 钢铁之躯
|-damage|p2a: 钢铁之躯|69/100
|move|p2a: 钢铁之躯|Dragon Dance|p2a: 钢铁之躯
|-boost|p2a: 钢铁之躯|atk|1
|-boost|p2a: 钢铁之躯|spe|1
|
|-weather|Hail|[upkeep]
|-damage|p2a: 钢铁之躯|63/100|[from] Hail
|-damage|p1a: Arceus|92/100|[from] Hail
|upkeep
|turn|8
|
|t:|1662442324
|move|p2a: 钢铁之躯|Earthquake|p1a: Arceus
|-supereffective|p1a: Arceus
|-damage|p1a: Arceus|0 fnt
|faint|p1a: Arceus
|
|-weather|Hail|[upkeep]
|-damage|p2a: 钢铁之躯|57/100|[from] Hail
|upkeep
|
|t:|1662442330
|switch|p1a: Marshadow|Marshadow|100/100
|-damage|p1a: Marshadow|94/100|[from] Stealth Rock
|turn|9
|
|t:|1662442334
|move|p1a: Marshadow|Shadow Sneak|p2a: 钢铁之躯
|-supereffective|p2a: 钢铁之躯
|-damage|p2a: 钢铁之躯|0 fnt
|faint|p2a: 钢铁之躯
|
|-weather|Hail|[upkeep]
|-damage|p1a: Marshadow|88/100|[from] Hail
|upkeep
|
|t:|1662442340
|switch|p2a: 悬空羊驼|Arceus-Flying|100/100
|-damage|p2a: 悬空羊驼|76/100|[from] Stealth Rock
|turn|10
|
|t:|1662442345
|-start|p2a: 悬空羊驼|Dynamax|
|-heal|p2a: 悬空羊驼|76/100|[silent]
|move|p1a: Marshadow|Rock Tomb|p2a: 悬空羊驼
|-supereffective|p2a: 悬空羊驼
|-damage|p2a: 悬空羊驼|53/100
|-unboost|p2a: 悬空羊驼|spe|1
|move|p2a: 悬空羊驼|Max Airstream|p1a: Marshadow
|-supereffective|p1a: Marshadow
|-damage|p1a: Marshadow|0 fnt
|-boost|p2a: 悬空羊驼|spe|1
|faint|p1a: Marshadow
|
|-weather|none
|upkeep
|
|t:|1662442358
|switch|p1a: Regieleki|Regieleki, shiny|100/100
|-damage|p1a: Regieleki|88/100|[from] Stealth Rock
|turn|11
|
|t:|1662442363
|move|p1a: Regieleki|Thunderbolt|p2a: 悬空羊驼
|-supereffective|p2a: 悬空羊驼
|-damage|p2a: 悬空羊驼|0 fnt
|faint|p2a: 悬空羊驼
|-damage|p1a: Regieleki|78/100|[from] item: Life Orb
|
|upkeep
|
|t:|1662442368
|switch|p2a: 嘉然小姐的狗|Zacian-Crowned|100/100
|-damage|p2a: 嘉然小姐的狗|94/100|[from] Stealth Rock
|-ability|p2a: 嘉然小姐的狗|Intrepid Sword|boost
|-boost|p2a: 嘉然小姐的狗|atk|1
|turn|12
|
|t:|1662442380
|move|p1a: Regieleki|Volt Switch|p2a: 嘉然小姐的狗
|-damage|p2a: 嘉然小姐的狗|50/100
|-damage|p1a: Regieleki|68/100|[from] item: Life Orb
|
|t:|1662442384
|switch|p1a: Yveltal|Yveltal, shiny|100/100|[from]move: Volt Switch
|-damage|p1a: Yveltal|76/100|[from] Stealth Rock
|-ability|p1a: Yveltal|Dark Aura
|move|p2a: 嘉然小姐的狗|Behemoth Blade|p1a: Yveltal
|-damage|p1a: Yveltal|0 fnt
|faint|p1a: Yveltal
|
|upkeep
|
|t:|1662442393
|switch|p1a: Regieleki|Regieleki, shiny|68/100
|-damage|p1a: Regieleki|56/100|[from] Stealth Rock
|turn|13
|
|t:|1662442397
|switch|p2a: Y鸟|Yveltal|100/100
|-damage|p2a: Y鸟|76/100|[from] Stealth Rock
|-ability|p2a: Y鸟|Dark Aura
|move|p1a: Regieleki|Thunderbolt|p2a: Y鸟
|-supereffective|p2a: Y鸟
|-damage|p2a: Y鸟|0 fnt
|faint|p2a: Y鸟
|-damage|p1a: Regieleki|46/100|[from] item: Life Orb
|
|upkeep
|
|t:|1662442400
|switch|p2a: 嘉然小姐的狗|Zacian-Crowned|50/100
|-damage|p2a: 嘉然小姐的狗|44/100|[from] Stealth Rock
|-ability|p2a: 嘉然小姐的狗|Intrepid Sword|boost
|-boost|p2a: 嘉然小姐的狗|atk|1
|turn|14
|
|t:|1662442417
|move|p2a: 嘉然小姐的狗|Quick Attack|p1a: Regieleki
|-damage|p1a: Regieleki|0 fnt
|faint|p1a: Regieleki
|
|upkeep
|
|t:|1662442420
|switch|p1a: Rayquaza|Rayquaza|100/100
|-damage|p1a: Rayquaza|76/100|[from] Stealth Rock
|-ability|p1a: Rayquaza|Air Lock
|turn|15
|-message|defame TV forfeited.
|
|win|CLEAR GEM清瑜
|raw|defame TV's rating: 1759 &rarr; <strong>1740</strong><br />(-19 for losing)
|raw|CLEAR GEM清瑜's rating: 1783 &rarr; <strong>1802</strong><br />(+19 for winning)
|l|☆defame TV
