|j|‽meepacman
|j|☆Remy Savage
|t:|1648176450
|gametype|singles
|player|p1|meepacman|170|1524
|player|p2|Remy Savage|buck|1431
|teamsize|p1|6
|teamsize|p2|6
|gen|8
|tier|[Gen 8] National Dex AG
|rated|
|rule|HP Percentage Mod: HP is shown in percentages
|rule|Endless Battle Clause: Forcing endless battles is banned
|clearpoke
|poke|p1|Yveltal|
|poke|p1|Arceus-*|
|poke|p1|Groudon|
|poke|p1|Xerneas-*|
|poke|p1|Rayquaza|
|poke|p1|Quagsire, M|
|poke|p2|Arceus-*|
|poke|p2|Yveltal|
|poke|p2|Kyogre|
|poke|p2|Giratina-Origin|
|poke|p2|Mewtwo|
|poke|p2|Victini|
|teampreview
|inactive|Battle timer is ON: inactive players will automatically lose when time's up. (requested by Remy Savage)
|
|t:|1648176461
|start
|switch|p1a: Xerneas|Xerneas|100/100
|switch|p2a: Goddess tina|Giratina-Origin|100/100
|-ability|p1a: Xerneas|Fairy Aura
|turn|1
|
|t:|1648176469
|move|p1a: Xerneas|Play Rough|p2a: Goddess tina|[miss]
|-miss|p1a: Xerneas|p2a: Goddess tina
|move|p2a: Goddess tina|Toxic|p1a: Xerneas|[miss]
|-miss|p2a: Goddess tina|p1a: Xerneas
|
|upkeep
|turn|2
|
|t:|1648176476
|switch|p2a: Victini|Victini|100/100
|move|p1a: Xerneas|Play Rough|p2a: Victini
|-resisted|p2a: Victini
|-damage|p2a: Victini|55/100
|
|upkeep
|turn|3
|
|t:|1648176485
|switch|p1a: Quagsire|Quagsire, M|100/100
|move|p2a: Victini|Flame Charge|p1a: Quagsire
|-resisted|p1a: Quagsire
|-crit|p1a: Quagsire
|-damage|p1a: Quagsire|88/100
|-boost|p2a: Victini|spe|1
|
|-heal|p1a: Quagsire|94/100|[from] item: Leftovers
|upkeep
|turn|4
|
|t:|1648176505
|switch|p2a: Jeagerist|Yveltal|100/100
|-ability|p2a: Jeagerist|Dark Aura
|move|p1a: Quagsire|Yawn|p2a: Jeagerist
|-start|p2a: Jeagerist|move: Yawn|[of] p1a: Quagsire
|
|-heal|p1a: Quagsire|99/100|[from] item: Leftovers
|upkeep
|turn|5
|
|t:|1648176515
|switch|p2a: Mewtwo|Mewtwo|100/100
|-ability|p2a: Mewtwo|Pressure
|move|p1a: Quagsire|Yawn|p2a: Mewtwo
|-start|p2a: Mewtwo|move: Yawn|[of] p1a: Quagsire
|
|-heal|p1a: Quagsire|100/100|[from] item: Leftovers
|upkeep
|turn|6
|
|t:|1648176525
|detailschange|p2a: Mewtwo|Mewtwo-Mega-Y
|-mega|p2a: Mewtwo|Mewtwo|Mewtwonite Y
|move|p2a: Mewtwo|Substitute|p2a: Mewtwo
|-start|p2a: Mewtwo|Substitute
|-damage|p2a: Mewtwo|76/100
|move|p1a: Quagsire|Earthquake|p2a: Mewtwo
|-end|p2a: Mewtwo|Substitute
|
|-end|p2a: Mewtwo|move: Yawn|[silent]
|upkeep
|turn|7
|
|t:|1648176540
|switch|p2a: Goddess tina|Giratina-Origin|100/100
|move|p1a: Quagsire|Earthquake|p2a: Goddess tina
|-immune|p2a: Goddess tina|[from] ability: Levitate
|
|upkeep
|turn|8
|
|t:|1648176547
|switch|p1a: Yveltal|Yveltal|100/100
|-ability|p1a: Yveltal|Dark Aura
|move|p2a: Goddess tina|Toxic|p1a: Yveltal
|-status|p1a: Yveltal|tox
|
|-damage|p1a: Yveltal|94/100 tox|[from] psn
|upkeep
|turn|9
|
|t:|1648176559
|switch|p2a: Kyoto sushi|Kyogre|100/100
|-weather|RainDance|[from] ability: Drizzle|[of] p2a: Kyoto sushi
|move|p1a: Yveltal|Foul Play|p2a: Kyoto sushi
|-damage|p2a: Kyoto sushi|58/100
|
|-weather|RainDance|[upkeep]
|-damage|p1a: Yveltal|82/100 tox|[from] psn
|upkeep
|turn|10
|
|t:|1648176570
|switch|p1a: Arceus|Arceus-Water|100/100
|move|p2a: Kyoto sushi|Ice Beam|p1a: Arceus
|-resisted|p1a: Arceus
|-damage|p1a: Arceus|89/100
|-status|p1a: Arceus|frz
|
|-weather|RainDance|[upkeep]
|upkeep
|turn|11
|
|t:|1648176580
|switch|p2a: Mewtwo|Mewtwo-Mega-Y|76/100
|cant|p1a: Arceus|frz
|
|-weather|RainDance|[upkeep]
|upkeep
|turn|12
|
|t:|1648176588
|move|p2a: Mewtwo|Substitute|p2a: Mewtwo
|-start|p2a: Mewtwo|Substitute
|-damage|p2a: Mewtwo|51/100
|cant|p1a: Arceus|frz
|
|-weather|RainDance|[upkeep]
|upkeep
|turn|13
|
|t:|1648176595
|move|p2a: Mewtwo|Nasty Plot|p2a: Mewtwo
|-boost|p2a: Mewtwo|spa|2
|cant|p1a: Arceus|frz
|
|-weather|none
|upkeep
|turn|14
|
|t:|1648176602
|move|p2a: Mewtwo|Nasty Plot|p2a: Mewtwo
|-boost|p2a: Mewtwo|spa|2
|cant|p1a: Arceus|frz
|
|upkeep
|turn|15
|
|t:|1648176609
|move|p2a: Mewtwo|Psystrike|p1a: Arceus
|-damage|p1a: Arceus|0 fnt
|faint|p1a: Arceus
|
|upkeep
|
|t:|1648176621
|switch|p1a: Quagsire|Quagsire, M|100/100
|turn|16
|
|t:|1648176626
|move|p2a: Mewtwo|Psystrike|p1a: Quagsire
|-damage|p1a: Quagsire|55/100
|move|p1a: Quagsire|Earthquake|p2a: Mewtwo
|-end|p2a: Mewtwo|Substitute
|
|-heal|p1a: Quagsire|61/100|[from] item: Leftovers
|upkeep
|turn|17
|
|t:|1648176637
|move|p2a: Mewtwo|Ice Beam|p1a: Quagsire
|-damage|p1a: Quagsire|11/100
|move|p1a: Quagsire|Earthquake|p2a: Mewtwo
|-damage|p2a: Mewtwo|9/100
|
|-heal|p1a: Quagsire|17/100|[from] item: Leftovers
|upkeep
|turn|18
|
|t:|1648176645
|move|p2a: Mewtwo|Ice Beam|p1a: Quagsire
|-crit|p1a: Quagsire
|-damage|p1a: Quagsire|0 fnt
|faint|p1a: Quagsire
|
|upkeep
|
|t:|1648176648
|switch|p1a: Rayquaza|Rayquaza|100/100
|-ability|p1a: Rayquaza|Air Lock
|turn|19
|
|t:|1648176654
|move|p1a: Rayquaza|Extreme Speed|p2a: Mewtwo
|-damage|p2a: Mewtwo|0 fnt
|faint|p2a: Mewtwo
|
|upkeep
|
|t:|1648176660
|switch|p2a: Kyoto sushi|Kyogre|58/100
|-weather|RainDance|[from] ability: Drizzle|[of] p2a: Kyoto sushi
|turn|20
|
|t:|1648176671
|switch|p1a: Xerneas|Xerneas|100/100
|-ability|p1a: Xerneas|Fairy Aura
|move|p2a: Kyoto sushi|Ice Beam|p1a: Xerneas
|-damage|p1a: Xerneas|70/100
|
|-weather|RainDance|[upkeep]
|upkeep
|turn|21
|
|t:|1648176680
|move|p2a: Kyoto sushi|Ice Beam|p1a: Xerneas
|-damage|p1a: Xerneas|38/100
|move|p1a: Xerneas|Horn Leech|p2a: Kyoto sushi
|-supereffective|p2a: Kyoto sushi
|-damage|p2a: Kyoto sushi|0 fnt
|-heal|p1a: Xerneas|64/100|[from] drain|[of] p2a: Kyoto sushi
|faint|p2a: Kyoto sushi
|
|-weather|RainDance|[upkeep]
|upkeep
|
|t:|1648176694
|switch|p2a: Light Yagami|Arceus|100/100
|turn|22
|
|t:|1648176703
|switch|p1a: Groudon|Groudon|100/100
|detailschange|p1a: Groudon|Groudon-Primal
|-primal|p1a: Groudon
|-weather|DesolateLand|[from] ability: Desolate Land|[of] p1a: Groudon
|move|p2a: Light Yagami|Swords Dance|p2a: Light Yagami
|-boost|p2a: Light Yagami|atk|2
|
|-weather|DesolateLand|[upkeep]
|upkeep
|turn|23
|
|t:|1648176712
|move|p2a: Light Yagami|Earthquake|p1a: Groudon
|-supereffective|p1a: Groudon
|-crit|p1a: Groudon
|-damage|p1a: Groudon|0 fnt
|faint|p1a: Groudon
|-weather|none
|
|upkeep
|
|t:|1648176722
|switch|p1a: Xerneas|Xerneas|64/100
|-ability|p1a: Xerneas|Fairy Aura
|turn|24
|
|t:|1648176727
|move|p2a: Light Yagami|Extreme Speed|p1a: Xerneas
|-damage|p1a: Xerneas|0 fnt
|faint|p1a: Xerneas
|
|upkeep
|
|t:|1648176731
|switch|p1a: Rayquaza|Rayquaza|100/100
|-ability|p1a: Rayquaza|Air Lock
|turn|25
|
|t:|1648176736
|detailschange|p1a: Rayquaza|Rayquaza-Mega
|-mega|p1a: Rayquaza|Rayquaza|
|-weather|DeltaStream|[from] ability: Delta Stream|[of] p1a: Rayquaza
|move|p1a: Rayquaza|Dragon Ascent|p2a: Light Yagami
|-damage|p2a: Light Yagami|38/100
|-unboost|p1a: Rayquaza|def|1
|-unboost|p1a: Rayquaza|spd|1
|move|p2a: Light Yagami|Swords Dance|p2a: Light Yagami
|-boost|p2a: Light Yagami|atk|2
|
|-weather|DeltaStream|[upkeep]
|upkeep
|turn|26
|
|t:|1648176747
|move|p2a: Light Yagami|Extreme Speed|p1a: Rayquaza
|-damage|p1a: Rayquaza|0 fnt
|faint|p1a: Rayquaza
|-weather|none
|
|upkeep
|-message|meepacman forfeited.
|
|win|Remy Savage
|raw|meepacman's rating: 1524 &rarr; <strong>1499</strong><br />(-25 for losing)
|raw|Remy Savage's rating: 1431 &rarr; <strong>1456</strong><br />(+25 for winning)
|l|‽meepacman
||Ladder isn't responding, score probably updated but might not have (Request timeout).
