|j|☆YLong
|j|☆rock thunder bird
|t:|1669337750
|gametype|singles
|player|p1|YLong|byron|
|player|p2|rock thunder bird|giovanni-masters|
|teamsize|p1|6
|teamsize|p2|6
|gen|8
|tier|[Gen 8] National Dex AG
|rule|HP Percentage Mod: HP is shown in percentages
|rule|Endless Battle Clause: Forcing endless battles is banned
|clearpoke
|poke|p1|Naganadel|
|poke|p1|Altaria, F|
|poke|p1|Latios, M|
|poke|p1|Latias, F|
|poke|p1|Polteageist|
|poke|p1|Ribombee, M|
|poke|p2|Garchomp, F|
|poke|p2|Latios, M|
|poke|p2|Salamence, M|
|poke|p2|Kyurem|
|poke|p2|Magnezone|
|poke|p2|Jirachi|
|teampreview
|
|t:|1669337789
|start
|switch|p1a: Polteageist|Polteageist|100/100
|switch|p2a: Jirachi|Jirachi|100/100
|turn|1
|
|t:|1669337837
|move|p1a: Polteageist|Shell Smash|p1a: Polteageist
|-unboost|p1a: Polteageist|def|1
|-unboost|p1a: Polteageist|spd|1
|-boost|p1a: Polteageist|atk|2
|-boost|p1a: Polteageist|spa|2
|-boost|p1a: Polteageist|spe|2
|move|p2a: Jirachi|Thunder Wave|p1a: Polteageist
|-status|p1a: Polteageist|par
|
|upkeep
|turn|2
|
|t:|1669337851
|move|p1a: Polteageist|Stored Power|p2a: Jirachi
|-resisted|p2a: Jirachi
|-damage|p2a: Jirachi|84/100
|move|p2a: Jirachi|Stealth Rock|p1a: Polteageist
|-sidestart|p1: YLong|move: Stealth Rock
|
|-heal|p2a: Jirachi|90/100|[from] item: Leftovers
|upkeep
|turn|3
|
|t:|1669337875
|move|p1a: Polteageist|Shell Smash|p1a: Polteageist
|-unboost|p1a: Polteageist|def|1
|-unboost|p1a: Polteageist|spd|1
|-boost|p1a: Polteageist|atk|2
|-boost|p1a: Polteageist|spa|2
|-boost|p1a: Polteageist|spe|2
|move|p2a: Jirachi|U-turn|p1a: Polteageist
|-resisted|p1a: Polteageist
|-damage|p1a: Polteageist|71/100 par
|-ability|p1a: Polteageist|Weak Armor|boost
|-unboost|p1a: Polteageist|def|1
|-boost|p1a: Polteageist|spe|2
|
|t:|1669337882
|switch|p2a: Magnezone|Magnezone|100/100|[from] U-turn
|
|upkeep
|turn|4
|
|t:|1669337888
|move|p1a: Polteageist|Strength Sap|p2a: Magnezone
|-unboost|p2a: Magnezone|atk|1
|-heal|p1a: Polteageist|100/100 par
|move|p2a: Magnezone|Thunderbolt|p1a: Polteageist
|-crit|p1a: Polteageist
|-enditem|p1a: Polteageist|Focus Sash
|-damage|p1a: Polteageist|1/100 par
|
|upkeep
|turn|5
|
|t:|1669337899
|move|p1a: Polteageist|Stored Power|p2a: Magnezone
|-resisted|p2a: Magnezone
|-damage|p2a: Magnezone|0 fnt
|faint|p2a: Magnezone
|
|upkeep
|
|t:|1669337904
|switch|p2a: Jirachi|Jirachi|90/100
|turn|6
|
|t:|1669337910
|move|p1a: Polteageist|Stored Power|p2a: Jirachi
|-resisted|p2a: Jirachi
|-damage|p2a: Jirachi|45/100
|move|p2a: Jirachi|U-turn|p1a: Polteageist
|-resisted|p1a: Polteageist
|-damage|p1a: Polteageist|0 fnt
|faint|p1a: Polteageist
|
|t:|1669337924
|switch|p2a: Latios|Latios, M|100/100|[from] U-turn
|
|upkeep
|
|t:|1669337936
|switch|p1a: Altaria|Altaria, F|100/100
|-damage|p1a: Altaria|75/100|[from] Stealth Rock
|-ability|p1a: Altaria|Cloud Nine
|turn|7
|
|t:|1669337942
|switch|p2a: Jirachi|Jirachi|45/100
|detailschange|p1a: Altaria|Altaria-Mega, F
|-mega|p1a: Altaria|Altaria|Altarianite
|move|p1a: Altaria|Dragon Dance|p1a: Altaria
|-boost|p1a: Altaria|atk|1
|-boost|p1a: Altaria|spe|1
|
|-heal|p2a: Jirachi|51/100|[from] item: Leftovers
|upkeep
|turn|8
|
|t:|1669337947
|move|p1a: Altaria|Earthquake|p2a: Jirachi
|-supereffective|p2a: Jirachi
|-damage|p2a: Jirachi|0 fnt
|faint|p2a: Jirachi
|
|upkeep
|
|t:|1669337956
|switch|p2a: Kyurem|Kyurem|100/100
|-ability|p2a: Kyurem|Pressure
|turn|9
|
|t:|1669337968
|-start|p2a: Kyurem|Dynamax|
|-heal|p2a: Kyurem|100/100|[silent]
|move|p1a: Altaria|Return|p2a: Kyurem
|-supereffective|p2a: Kyurem
|-damage|p2a: Kyurem|25/100
|move|p2a: Kyurem|Max Hailstorm|p1a: Altaria
|-supereffective|p1a: Altaria
|-damage|p1a: Altaria|0 fnt
|-weather|Hail
|faint|p1a: Altaria
|
|-weather|Hail|[upkeep]
|-heal|p2a: Kyurem|28/100|[from] item: Leftovers
|upkeep
|j| 123SQZ
|
|t:|1669338009
|switch|p1a: Latios|Latios, M|100/100
|-damage|p1a: Latios|88/100|[from] Stealth Rock
|turn|10
|
|t:|1669338029
|move|p1a: Latios|Draco Meteor|p2a: Kyurem
|-supereffective|p2a: Kyurem
|-damage|p2a: Kyurem|0 fnt
|-unboost|p1a: Latios|spa|2
|faint|p2a: Kyurem
|
|-weather|Hail|[upkeep]
|-damage|p1a: Latios|82/100|[from] Hail
|-heal|p1a: Latios|88/100|[from] item: Leftovers
|upkeep
|
|t:|1669338039
|switch|p2a: Salamence|Salamence, M|100/100
|-ability|p2a: Salamence|Intimidate|boost
|-unboost|p1a: Latios|atk|1
|turn|11
|
|t:|1669338045
|detailschange|p2a: Salamence|Salamence-Mega, M
|-mega|p2a: Salamence|Salamence|Salamencite
|move|p2a: Salamence|Dragon Dance|p2a: Salamence
|-boost|p2a: Salamence|atk|1
|-boost|p2a: Salamence|spe|1
|move|p1a: Latios|Ice Beam|p2a: Salamence
|-supereffective|p2a: Salamence
|-damage|p2a: Salamence|41/100
|
|-weather|Hail|[upkeep]
|-damage|p2a: Salamence|35/100|[from] Hail
|-damage|p1a: Latios|82/100|[from] Hail
|-heal|p1a: Latios|88/100|[from] item: Leftovers
|upkeep
|turn|12
|c| 123SQZ|伤害好高...
|
|t:|1669338058
|move|p2a: Salamence|Roost|p2a: Salamence
|-heal|p2a: Salamence|85/100
|-singleturn|p2a: Salamence|move: Roost
|move|p1a: Latios|Ice Beam|p2a: Salamence
|-supereffective|p2a: Salamence
|-damage|p2a: Salamence|54/100
|
|-weather|Hail|[upkeep]
|-damage|p2a: Salamence|48/100|[from] Hail
|-damage|p1a: Latios|82/100|[from] Hail
|-heal|p1a: Latios|88/100|[from] item: Leftovers
|upkeep
|turn|13
|
|t:|1669338078
|move|p2a: Salamence|Roost|p2a: Salamence
|-heal|p2a: Salamence|98/100
|-singleturn|p2a: Salamence|move: Roost
|move|p1a: Latios|Ice Beam|p2a: Salamence
|-supereffective|p2a: Salamence
|-damage|p2a: Salamence|68/100
|
|-weather|none
|-heal|p1a: Latios|94/100|[from] item: Leftovers
|upkeep
|turn|14
|
|t:|1669338101
|move|p2a: Salamence|Dragon Dance|p2a: Salamence
|-boost|p2a: Salamence|atk|1
|-boost|p2a: Salamence|spe|1
|move|p1a: Latios|Draco Meteor|p2a: Salamence
|-supereffective|p2a: Salamence
|-damage|p2a: Salamence|0 fnt
|-unboost|p1a: Latios|spa|2
|faint|p2a: Salamence
|
|-heal|p1a: Latios|99/100|[from] item: Leftovers
|upkeep
|
|t:|1669338109
|switch|p2a: Garchomp|Garchomp, F|100/100
|turn|15
|
|t:|1669338115
|move|p2a: Garchomp|Swords Dance|p2a: Garchomp
|-boost|p2a: Garchomp|atk|2
|move|p1a: Latios|Ice Beam|p2a: Garchomp
|-supereffective|p2a: Garchomp
|-damage|p2a: Garchomp|47/100
|
|-heal|p1a: Latios|100/100|[from] item: Leftovers
|upkeep
|turn|16
|
|t:|1669338119
|move|p2a: Garchomp|Scale Shot|p1a: Latios
|-supereffective|p1a: Latios
|-damage|p1a: Latios|26/100
|-supereffective|p1a: Latios
|-damage|p1a: Latios|0 fnt
|faint|p1a: Latios
|-hitcount|p1: Latios|2
|-unboost|p2a: Garchomp|def|1
|-boost|p2a: Garchomp|spe|1
|
|upkeep
|
|t:|1669338131
|switch|p1a: Ribombee|Ribombee, M|100/100
|-damage|p1a: Ribombee|76/100|[from] Stealth Rock
|turn|17
|
|t:|1669338141
|-start|p1a: Ribombee|Dynamax|
|-heal|p1a: Ribombee|76/100|[silent]
|move|p2a: Garchomp|Stone Edge|p1a: Ribombee
|-supereffective|p1a: Ribombee
|-damage|p1a: Ribombee|0 fnt
|faint|p1a: Ribombee
|
|upkeep
|
|t:|1669338150
|switch|p1a: Naganadel|Naganadel, shiny|100/100
|-damage|p1a: Naganadel|88/100|[from] Stealth Rock
|turn|18
|
|t:|1669338160
|-zpower|p2a: Garchomp
|move|p2a: Garchomp|Tectonic Rage|p1a: Naganadel|[zeffect]
|-supereffective|p1a: Naganadel
|-damage|p1a: Naganadel|0 fnt
|faint|p1a: Naganadel
|
|upkeep
|
|t:|1669338163
|switch|p1a: Latias|Latias, F|100/100
|-damage|p1a: Latias|88/100|[from] Stealth Rock
|turn|19
|
|t:|1669338167
|move|p2a: Garchomp|Scale Shot|p1a: Latias
|-supereffective|p1a: Latias
|-damage|p1a: Latias|20/100
|-supereffective|p1a: Latias
|-damage|p1a: Latias|0 fnt
|faint|p1a: Latias
|-hitcount|p1: Latias|2
|
|win|rock thunder bird
|c| 123SQZ|..
