|j|☆Splenphyr
|j|☆Aarsh2601
|t:|1618382905
|gametype|singles
|player|p1|Splenphyr|volkner|1245
|player|p2|Aarsh2601|red|1229
|teamsize|p1|6
|teamsize|p2|6
|gen|8
|tier|[Gen 8] National Dex AG
|rated|
|clearpoke
|poke|p1|Hitmonlee, M|
|poke|p1|Vaporeon, F|
|poke|p1|Honchkrow, F|
|poke|p1|Scizor, M|
|poke|p1|Sceptile, M|
|poke|p1|Infernape, F|
|poke|p2|Dracovish|
|poke|p2|Zacian-Crowned|
|poke|p2|Mewtwo|
|poke|p2|Inteleon, F|
|poke|p2|Lycanroc-Midnight, F|
|poke|p2|Pheromosa|
|rule|HP Percentage Mod: HP is shown in percentages
|rule|Endless Battle Clause: Forcing endless battles is banned
|teampreview
|
|t:|1618382923
|start
|switch|p1a: Scizor|Scizor, M|100/100
|switch|p2a: Samosa|Pheromosa, shiny|100/100
|turn|1
|
|t:|1618382932
|detailschange|p1a: Scizor|Scizor-Mega, M
|-mega|p1a: Scizor|Scizor|Scizorite
|-zpower|p2a: Samosa
|move|p2a: Samosa|Tectonic Rage|p1a: Scizor|[zeffect]
|-damage|p1a: Scizor|63/100
|move|p1a: Scizor|Curse|p1a: Scizor
|-unboost|p1a: Scizor|spe|1
|-boost|p1a: Scizor|atk|1
|-boost|p1a: Scizor|def|1
|
|upkeep
|turn|2
|
|t:|1618382945
|move|p2a: Samosa|High Jump Kick|p1a: Scizor|[miss]
|-miss|p2a: Samosa|p1a: Scizor
|-damage|p2a: Samosa|51/100|[from] highjumpkick
|move|p1a: Scizor|Curse|p1a: Scizor
|-unboost|p1a: Scizor|spe|1
|-boost|p1a: Scizor|atk|1
|-boost|p1a: Scizor|def|1
|
|upkeep
|turn|3
|
|t:|1618382954
|move|p1a: Scizor|Bullet Punch|p2a: Samosa
|-damage|p2a: Samosa|0 fnt
|faint|p2a: Samosa
|
|upkeep
|
|t:|1618382959
|switch|p2a: Sniper|Inteleon, F|100/100
|turn|4
|
|t:|1618382970
|-start|p2a: Sniper|Dynamax
|-formechange|p2a: Sniper|Inteleon-Gmax
|-heal|p2a: Sniper|100/100|[silent]
|move|p2a: Sniper|G-Max Hydrosnipe|p1a: Scizor
|-damage|p1a: Scizor|0 fnt
|faint|p1a: Scizor
|
|upkeep
|
|t:|1618382981
|switch|p1a: Hitmonlee|Hitmonlee, M|100/100
|turn|5
|
|t:|1618382985
|move|p1a: Hitmonlee|Endure|p1a: Hitmonlee
|-singleturn|p1a: Hitmonlee|move: Endure
|move|p2a: Sniper|Max Airstream|p1a: Hitmonlee
|-supereffective|p1a: Hitmonlee
|-activate|p1a: Hitmonlee|move: Endure
|-damage|p1a: Hitmonlee|1/100
|-boost|p2a: Sniper|spe|1
|-enditem|p1a: Hitmonlee|Liechi Berry|[eat]
|-boost|p1a: Hitmonlee|atk|1|[from] item: Liechi Berry
|
|upkeep
|turn|6
|
|t:|1618382998
|move|p2a: Sniper|Max Airstream|p1a: Hitmonlee
|-supereffective|p1a: Hitmonlee
|-damage|p1a: Hitmonlee|0 fnt
|-boost|p2a: Sniper|spe|1
|faint|p1a: Hitmonlee
|
|-end|p2a: Sniper|Dynamax
|-formechange|p2a: Sniper|Inteleon
|-heal|p2a: Sniper|100/100|[silent]
|upkeep
|
|t:|1618383008
|switch|p1a: Sceptile|Sceptile, M|100/100
|turn|7
|
|t:|1618383015
|-start|p1a: Sceptile|Dynamax
|-heal|p1a: Sceptile|100/100|[silent]
|move|p2a: Sniper|Ice Beam|p1a: Sceptile
|-supereffective|p1a: Sceptile
|-damage|p1a: Sceptile|60/100
|move|p1a: Sceptile|Max Overgrowth|p2a: Sniper
|-supereffective|p2a: Sniper
|-damage|p2a: Sniper|0 fnt
|-fieldstart|move: Grassy Terrain
|faint|p2a: Sniper
|
|-heal|p1a: Sceptile|63/100|[from] Grassy Terrain
|upkeep
|
|t:|1618383030
|switch|p2a: Team sweeper|Zacian-Crowned|100/100
|-ability|p2a: Team sweeper|Intrepid Sword|boost
|-boost|p2a: Team sweeper|atk|1
|turn|8
|
|t:|1618383045
|move|p2a: Team sweeper|Behemoth Blade|p1a: Sceptile
|-damage|p1a: Sceptile|0 fnt
|faint|p1a: Sceptile
|
|upkeep
|
|t:|1618383058
|switch|p1a: Infernape|Infernape, F|100/100
|turn|9
|
|t:|1618383065
|move|p2a: Team sweeper|Sacred Sword|p1a: Infernape
|-damage|p1a: Infernape|5/100
|move|p1a: Infernape|Fire Punch|p2a: Team sweeper
|-supereffective|p2a: Team sweeper
|-crit|p2a: Team sweeper
|-damage|p2a: Team sweeper|0 fnt
|faint|p2a: Team sweeper
|
|-heal|p1a: Infernape|11/100|[from] Grassy Terrain
|upkeep
|
|t:|1618383078
|switch|p2a: Speed the best|Dracovish|100/100
|turn|10
|
|t:|1618383083
|move|p2a: Speed the best|Psychic Fangs|p1a: Infernape
|-supereffective|p1a: Infernape
|-damage|p1a: Infernape|0 fnt
|faint|p1a: Infernape
|
|upkeep
|
|t:|1618383099
|switch|p1a: Honchkrow|Honchkrow, F|100/100
|turn|11
|
|t:|1618383109
|switch|p2a: My doggoh|Lycanroc-Midnight, F|100/100
|move|p1a: Honchkrow|Sucker Punch||[still]
|-fail|p1a: Honchkrow
|
|-fieldend|move: Grassy Terrain
|upkeep
|turn|12
|
|t:|1618383121
|move|p2a: My doggoh|Swords Dance|p2a: My doggoh
|-boost|p2a: My doggoh|atk|2
|-zpower|p1a: Honchkrow
|move|p1a: Honchkrow|Black Hole Eclipse|p2a: My doggoh|[zeffect]
|-damage|p2a: My doggoh|0 fnt
|faint|p2a: My doggoh
|-ability|p1a: Honchkrow|Moxie|boost
|-boost|p1a: Honchkrow|atk|1
|
|upkeep
|
|t:|1618383137
|switch|p2a: Speed the best|Dracovish|100/100
|turn|13
|
|t:|1618383149
|move|p1a: Honchkrow|Sucker Punch|p2a: Speed the best
|-damage|p2a: Speed the best|48/100
|move|p2a: Speed the best|Fishious Rend|p1a: Honchkrow
|-damage|p1a: Honchkrow|32/100
|
|upkeep
|turn|14
|
|t:|1618383156
|move|p1a: Honchkrow|Sucker Punch|p2a: Speed the best
|-damage|p2a: Speed the best|0 fnt
|faint|p2a: Speed the best
|-ability|p1a: Honchkrow|Moxie|boost
|-boost|p1a: Honchkrow|atk|1
|
|upkeep
|
|t:|1618383163
|switch|p2a: Two is my favorite|Mewtwo|100/100
|-ability|p2a: Two is my favorite|Pressure
|turn|15
|
|t:|1618383169
|detailschange|p2a: Two is my favorite|Mewtwo-Mega-Y
|-mega|p2a: Two is my favorite|Mewtwo|Mewtwonite Y
|move|p1a: Honchkrow|Sucker Punch||[still]
|-fail|p1a: Honchkrow
|move|p2a: Two is my favorite|Calm Mind|p2a: Two is my favorite
|-boost|p2a: Two is my favorite|spa|1
|-boost|p2a: Two is my favorite|spd|1
|
|upkeep
|turn|16
|
|t:|1618383180
|move|p1a: Honchkrow|Sucker Punch|p2a: Two is my favorite
|-supereffective|p2a: Two is my favorite
|-damage|p2a: Two is my favorite|0 fnt
|faint|p2a: Two is my favorite
|
|win|Splenphyr
|raw|Splenphyr's rating: 1245 &rarr; <strong>1269</strong><br />(+24 for winning)
|raw|Aarsh2601's rating: 1229 &rarr; <strong>1205</strong><br />(-24 for losing)
|c|☆Splenphyr|ggs
