|j|☆Fence 2
|j|☆chippytreatz
|t:|1650330681
|gametype|singles
|player|p1|Fence 2|bruno|1564
|player|p2|chippytreatz|veteran|1803
|teamsize|p1|6
|teamsize|p2|6
|gen|8
|tier|[Gen 8] National Dex AG
|rated|
|rule|HP Percentage Mod: HP is shown in percentages
|rule|Endless Battle Clause: Forcing endless battles is banned
|clearpoke
|poke|p1|Forretress, F|
|poke|p1|Zacian-*|
|poke|p1|Kyurem-Black|
|poke|p1|Lugia|
|poke|p1|Ditto|
|poke|p1|Palkia|
|poke|p2|Zacian-*|
|poke|p2|Arceus-*|
|poke|p2|Arceus-*|
|poke|p2|Yveltal|
|poke|p2|Ditto|
|poke|p2|Necrozma-Dusk-Mane|
|teampreview
|c|☆Fence 2|glhf
|inactive|Battle timer is ON: inactive players will automatically lose when time's up. (requested by Fence 2)
|inactive|chippytreatz has 120 seconds left.
|
|t:|1650330754
|start
|switch|p1a: Palkia|Palkia|100/100
|switch|p2a: Arceus|Arceus-Ground|100/100
|-ability|p1a: Palkia|Pressure
|turn|1
|c|☆Fence 2|Wait you have a really high rating
|
|t:|1650330764
|move|p1a: Palkia|Hydro Pump|p2a: Arceus
|-supereffective|p2a: Arceus
|-damage|p2a: Arceus|0 fnt
|faint|p2a: Arceus
|
|upkeep
|j| Sethcool05
|
|t:|1650330768
|switch|p2a: Necrozma|Necrozma-Dusk-Mane|100/100
|turn|2
|
|t:|1650330771
|detailschange|p2a: Necrozma|Necrozma-Ultra
|-burst|p2a: Necrozma|Necrozma|Ultranecrozium Z
|move|p2a: Necrozma|Dragon Dance|p2a: Necrozma
|-boost|p2a: Necrozma|atk|1
|-boost|p2a: Necrozma|spe|1
|move|p1a: Palkia|Fire Blast|p2a: Necrozma
|-resisted|p2a: Necrozma
|-damage|p2a: Necrozma|80/100
|
|upkeep
|turn|3
|
|t:|1650330777
|-start|p1a: Palkia|Dynamax|
|-heal|p1a: Palkia|100/100|[silent]
|move|p2a: Necrozma|Photon Geyser|p1a: Palkia
|-damage|p1a: Palkia|47/100
|move|p1a: Palkia|Max Wyrmwind|p2a: Necrozma
|-supereffective|p2a: Necrozma
|-crit|p2a: Necrozma
|-damage|p2a: Necrozma|0 fnt
|faint|p2a: Necrozma
|
|upkeep
|
|t:|1650330783
|switch|p2a: Zacian|Zacian-Crowned|100/100
|-ability|p2a: Zacian|Intrepid Sword|boost
|-boost|p2a: Zacian|atk|1
|turn|4
|
|t:|1650330786
|move|p2a: Zacian|Play Rough|p1a: Palkia
|-supereffective|p1a: Palkia
|-damage|p1a: Palkia|0 fnt
|faint|p1a: Palkia
|
|upkeep
|
|t:|1650330790
|switch|p1a: Forretress|Forretress, F|100/100
|turn|5
|
|t:|1650330793
|move|p2a: Zacian|Behemoth Blade|p1a: Forretress
|-resisted|p1a: Forretress
|-damage|p1a: Forretress|75/100
|move|p1a: Forretress|Counter|p2a: Zacian
|-damage|p2a: Zacian|45/100
|
|-heal|p1a: Forretress|81/100|[from] item: Leftovers
|upkeep
|turn|6
|
|t:|1650330799
|move|p2a: Zacian|Close Combat|p1a: Forretress
|-damage|p1a: Forretress|40/100
|-unboost|p2a: Zacian|def|1
|-unboost|p2a: Zacian|spd|1
|move|p1a: Forretress|Stealth Rock|p2a: Zacian
|-sidestart|p2: chippytreatz|move: Stealth Rock
|
|-heal|p1a: Forretress|46/100|[from] item: Leftovers
|upkeep
|turn|7
|
|t:|1650330808
|switch|p2a: Ditto|Ditto|100/100
|-damage|p2a: Ditto|88/100|[from] Stealth Rock
|-transform|p2a: Ditto|p1a: Forretress|[from] ability: Imposter
|move|p1a: Forretress|Counter||[still]
|-fail|p1a: Forretress
|
|-heal|p1a: Forretress|52/100|[from] item: Leftovers
|upkeep
|turn|8
|l| Sethcool05
|
|t:|1650330814
|move|p2a: Ditto|Stealth Rock|p1a: Forretress
|-sidestart|p1: Fence 2|move: Stealth Rock
|move|p1a: Forretress|Explosion|p2a: Ditto
|-resisted|p2a: Ditto
|-damage|p2a: Ditto|71/100
|faint|p1a: Forretress
|
|upkeep
|
|t:|1650330822
|switch|p1a: Nut Bucket|Lugia|100/100
|-damage|p1a: Nut Bucket|76/100|[from] Stealth Rock
|turn|9
|
|t:|1650330827
|switch|p2a: Zacian|Zacian-Crowned|45/100
|-damage|p2a: Zacian|39/100|[from] Stealth Rock
|-ability|p2a: Zacian|Intrepid Sword|boost
|-boost|p2a: Zacian|atk|1
|move|p1a: Nut Bucket|Calm Mind|p1a: Nut Bucket
|-boost|p1a: Nut Bucket|spa|1
|-boost|p1a: Nut Bucket|spd|1
|
|upkeep
|turn|10
|
|t:|1650330831
|move|p2a: Zacian|Wild Charge|p1a: Nut Bucket
|-supereffective|p1a: Nut Bucket
|-damage|p1a: Nut Bucket|23/100
|-enditem|p1a: Nut Bucket|Aguav Berry|[eat]
|-heal|p1a: Nut Bucket|55/100|[from] item: Aguav Berry
|-damage|p2a: Zacian|22/100|[from] Recoil
|move|p1a: Nut Bucket|Aeroblast|p2a: Zacian
|-resisted|p2a: Zacian
|-crit|p2a: Zacian
|-damage|p2a: Zacian|0 fnt
|faint|p2a: Zacian
|
|upkeep
|
|t:|1650330839
|switch|p2a: Arceus|Arceus|100/100
|-damage|p2a: Arceus|88/100|[from] Stealth Rock
|turn|11
|
|t:|1650330843
|move|p2a: Arceus|Substitute|p2a: Arceus
|-start|p2a: Arceus|Substitute
|-damage|p2a: Arceus|63/100
|move|p1a: Nut Bucket|Recover|p1a: Nut Bucket
|-heal|p1a: Nut Bucket|100/100
|
|upkeep
|turn|12
|
|t:|1650330848
|-end|p2a: Arceus|Substitute
|-start|p2a: Arceus|Dynamax|
|-heal|p2a: Arceus|63/100|[silent]
|move|p2a: Arceus|Max Phantasm|p1a: Nut Bucket
|-supereffective|p1a: Nut Bucket
|-damage|p1a: Nut Bucket|80/100
|-unboost|p1a: Nut Bucket|def|1
|move|p1a: Nut Bucket|Aeroblast|p2a: Arceus|[miss]
|-miss|p1a: Nut Bucket|p2a: Arceus
|
|upkeep
|turn|13
|
|t:|1650330860
|move|p2a: Arceus|Max Phantasm|p1a: Nut Bucket
|-supereffective|p1a: Nut Bucket
|-damage|p1a: Nut Bucket|16/100
|-unboost|p1a: Nut Bucket|def|1
|move|p1a: Nut Bucket|Aeroblast|p2a: Arceus
|-damage|p2a: Arceus|44/100
|
|upkeep
|turn|14
|
|t:|1650330872
|move|p2a: Arceus|Max Strike|p1a: Nut Bucket
|-damage|p1a: Nut Bucket|0 fnt
|faint|p1a: Nut Bucket
|
|-end|p2a: Arceus|Dynamax
|-heal|p2a: Arceus|44/100|[silent]
|upkeep
|
|t:|1650330876
|switch|p1a: Ditto|Ditto|100/100
|-damage|p1a: Ditto|88/100|[from] Stealth Rock
|-transform|p1a: Ditto|p2a: Arceus|[from] ability: Imposter
|turn|15
|
|t:|1650330881
|move|p1a: Ditto|Extreme Speed|p2a: Arceus
|-damage|p2a: Arceus|11/100
|move|p2a: Arceus|Extreme Speed|p1a: Ditto
|-damage|p1a: Ditto|46/100
|
|upkeep
|turn|16
|
|t:|1650330886
|move|p1a: Ditto|Extreme Speed|p2a: Arceus
|-damage|p2a: Arceus|0 fnt
|faint|p2a: Arceus
|
|upkeep
|
|t:|1650330888
|switch|p2a: Yveltal|Yveltal|100/100
|-damage|p2a: Yveltal|76/100|[from] Stealth Rock
|-ability|p2a: Yveltal|Dark Aura
|turn|17
|
|t:|1650330891
|switch|p1a: Sheer Cold?|Kyurem-Black|100/100
|-damage|p1a: Sheer Cold?|76/100|[from] Stealth Rock
|-ability|p1a: Sheer Cold?|Teravolt
|move|p2a: Yveltal|Foul Play|p1a: Sheer Cold?
|-damage|p1a: Sheer Cold?|28/100
|
|upkeep
|turn|18
|
|t:|1650330896
|move|p2a: Yveltal|Foul Play|p1a: Sheer Cold?
|-damage|p1a: Sheer Cold?|0 fnt
|faint|p1a: Sheer Cold?
|
|upkeep
|
|t:|1650330903
|switch|p1a: Ditto|Ditto|46/100
|-damage|p1a: Ditto|33/100|[from] Stealth Rock
|-transform|p1a: Ditto|p2a: Yveltal|[from] ability: Imposter
|-ability|p1a: Ditto|Dark Aura
|turn|19
|
|t:|1650330915
|move|p1a: Ditto|Oblivion Wing|p2a: Yveltal
|-damage|p2a: Yveltal|36/100
|-heal|p1a: Ditto|72/100|[from] drain|[of] p2a: Yveltal
|move|p2a: Yveltal|Foul Play|p1a: Ditto
|-resisted|p1a: Ditto
|-damage|p1a: Ditto|34/100
|
|upkeep
|turn|20
|
|t:|1650330921
|move|p1a: Ditto|Oblivion Wing|p2a: Yveltal
|-damage|p2a: Yveltal|0 fnt
|-heal|p1a: Ditto|69/100|[from] drain|[of] p2a: Yveltal
|faint|p2a: Yveltal
|
|upkeep
|-message|chippytreatz forfeited.
|
|win|Fence 2
|raw|Fence 2's rating: 1564 &rarr; <strong>1596</strong><br />(+32 for winning)
|raw|chippytreatz's rating: 1803 &rarr; <strong>1771</strong><br />(-32 for losing)
|l|☆chippytreatz
||Ladder isn't responding, score probably updated but might not have (Request timeout).
