|j|‽NykterStein
|j|☆delete later420
|t:|1664012026
|gametype|singles
|player|p1|NykterStein|lady|1338
|player|p2|delete later420|1|1381
|teamsize|p1|6
|teamsize|p2|6
|gen|8
|tier|[Gen 8] National Dex AG
|rated|
|rule|HP Percentage Mod: HP is shown in percentages
|rule|Endless Battle Clause: Forcing endless battles is banned
|clearpoke
|poke|p1|Melmetal|
|poke|p1|Blacephalon|
|poke|p1|Ferrothorn, M|
|poke|p1|Gengar, M|
|poke|p1|Registeel|
|poke|p1|Magneton|
|poke|p2|Zacian-*|
|poke|p2|Blaziken, M|
|poke|p2|Cinderace, M|
|poke|p2|Kyogre|
|poke|p2|Meloetta|
|poke|p2|Ditto|
|teampreview
|inactive|Battle timer is ON: inactive players will automatically lose when time's up. (requested by NykterStein)
|
|t:|1664012035
|start
|switch|p1a: Ferrothorn|Ferrothorn, M|100/100
|switch|p2a: Cinderace|Cinderace, M|100/100
|turn|1
|
|t:|1664012041
|move|p2a: Cinderace|Fire Punch|p1a: Ferrothorn
|-supereffective|p1a: Ferrothorn
|-damage|p1a: Ferrothorn|0 fnt
|-damage|p2a: Cinderace|88/100|[from] ability: Iron Barbs|[of] p1a: Ferrothorn
|faint|p1a: Ferrothorn
|
|-heal|p2a: Cinderace|94/100|[from] item: Leftovers
|upkeep
|
|t:|1664012050
|switch|p1a: Blacephalon|Blacephalon|100/100
|turn|2
|
|t:|1664012055
|move|p2a: Cinderace|Sucker Punch|p1a: Blacephalon
|-start|p2a: Cinderace|typechange|Dark|[from] ability: Libero
|-supereffective|p1a: Blacephalon
|-damage|p1a: Blacephalon|0 fnt
|faint|p1a: Blacephalon
|
|-heal|p2a: Cinderace|99/100|[from] item: Leftovers
|upkeep
|
|t:|1664012063
|switch|p1a: Magneton|Magneton|100/100
|turn|3
|
|t:|1664012065
|move|p2a: Cinderace|Fire Punch|p1a: Magneton
|-start|p2a: Cinderace|typechange|Fire|[from] ability: Libero
|-supereffective|p1a: Magneton
|-ability|p1a: Magneton|Sturdy
|-damage|p1a: Magneton|1/100
|move|p1a: Magneton|Explosion|p2a: Cinderace
|-damage|p2a: Cinderace|1/100
|faint|p1a: Magneton
|
|-heal|p2a: Cinderace|7/100|[from] item: Leftovers
|upkeep
|
|t:|1664012076
|switch|p1a: Gengar|Gengar, M|100/100
|turn|4
|
|t:|1664012081
|detailschange|p1a: Gengar|Gengar-Mega, M
|-mega|p1a: Gengar|Gengar|Gengarite
|move|p2a: Cinderace|Sucker Punch|p1a: Gengar
|-start|p2a: Cinderace|typechange|Dark|[from] ability: Libero
|-supereffective|p1a: Gengar
|-damage|p1a: Gengar|0 fnt
|faint|p1a: Gengar
|
|-heal|p2a: Cinderace|13/100|[from] item: Leftovers
|upkeep
|
|t:|1664012089
|switch|p1a: Registeel|Registeel|100/100
|turn|5
|
|t:|1664012094
|move|p2a: Cinderace|Low Kick|p1a: Registeel
|-start|p2a: Cinderace|typechange|Fighting|[from] ability: Libero
|-supereffective|p1a: Registeel
|-damage|p1a: Registeel|23/100
|-damage|p2a: Cinderace|0 fnt|[from] item: Rocky Helmet|[of] p1a: Registeel
|faint|p2a: Cinderace
|move|p1a: Registeel|Explosion|p2: Cinderace|[notarget]
|-fail|p1a: Registeel
|faint|p1a: Registeel
|
|upkeep
|
|t:|1664012110
|switch|p2a: Zacian|Zacian-Crowned|100/100
|switch|p1a: Melmetal|Melmetal|100/100
|-ability|p2a: Zacian|Intrepid Sword|boost
|-boost|p2a: Zacian|atk|1
|turn|6
|
|t:|1664012116
|move|p2a: Zacian|Sacred Sword|p1a: Melmetal
|-supereffective|p1a: Melmetal
|-damage|p1a: Melmetal|37/100
|move|p1a: Melmetal|Self-Destruct|p2a: Zacian
|-resisted|p2a: Zacian
|-damage|p2a: Zacian|63/100
|faint|p1a: Melmetal
|
|win|delete later420
|raw|NykterStein's rating: 1338 &rarr; <strong>1320</strong><br />(-18 for losing)
|raw|delete later420's rating: 1381 &rarr; <strong>1399</strong><br />(+18 for winning)
|c|☆delete later420|gg
|l|‽NykterStein
||Ladder isn't responding, score probably updated but might not have (Request timeout).
