|j|☆Chloe
|j|☆Hogwashimperial
|player|p1|Chloe|#chloe|1746
|player|p2|Hogwashimperial|swimmer-gen4dp|1521
|teamsize|p1|6
|teamsize|p2|6
|gametype|singles
|gen|8
|tier|[Gen 8] National Dex AG
|rated|
|clearpoke
|poke|p1|Gengar, M|
|poke|p1|Necrozma-Dusk-Mane|
|poke|p1|Ho-Oh|
|poke|p1|Groudon|
|poke|p1|Zygarde|
|poke|p1|Ribombee, M|
|poke|p2|Rayquaza|
|poke|p2|Zacian-Crowned|
|poke|p2|Groudon|
|poke|p2|Smeargle, F|
|poke|p2|Necrozma-Dusk-Mane|
|poke|p2|Yveltal|
|rule|HP Percentage Mod: HP is shown in percentages
|rule|Endless Battle Clause: Forcing endless battles is banned
|teampreview
|inactive|Battle timer is ON: inactive players will automatically lose when time's up. (requested by Hogwashimperial)
|inactive|Chloe has 120 seconds left.
|
|start
|switch|p1a: Gengar|Gengar, M|100/100
|switch|p2a: Groudon|Groudon|100/100
|detailschange|p2a: Groudon|Groudon-Primal
|-primal|p2a: Groudon
|-weather|DesolateLand|[from] ability: Desolate Land|[of] p2a: Groudon
|turn|1
|
|detailschange|p1a: Gengar|Gengar-Mega, M
|-mega|p1a: Gengar|Gengar|Gengarite
|move|p1a: Gengar|Substitute|p1a: Gengar
|-start|p1a: Gengar|Substitute
|-damage|p1a: Gengar|76/100
|move|p2a: Groudon|Earth Power|p1a: Gengar
|-supereffective|p1a: Gengar
|-end|p1a: Gengar|Substitute
|
|-weather|DesolateLand|[upkeep]
|upkeep
|turn|2
|
|switch|p1a: Ribombee|Ribombee, M|100/100
|move|p2a: Groudon|Stealth Rock|p1a: Ribombee
|-sidestart|p1: Chloe|move: Stealth Rock
|
|-weather|DesolateLand|[upkeep]
|upkeep
|turn|3
|
|move|p1a: Ribombee|Sticky Web|p2a: Groudon
|-sidestart|p2: Hogwashimperial|move: Sticky Web
|move|p2a: Groudon|Eruption|p1a: Ribombee
|-supereffective|p1a: Ribombee
|-enditem|p1a: Ribombee|Focus Sash
|-damage|p1a: Ribombee|1/100
|
|-weather|DesolateLand|[upkeep]
|upkeep
|turn|4
|
|move|p1a: Ribombee|Sweet Scent|p2a: Groudon
|-unboost|p2a: Groudon|evasion|2
|move|p2a: Groudon|Eruption|p1a: Ribombee
|-supereffective|p1a: Ribombee
|-damage|p1a: Ribombee|0 fnt
|faint|p1a: Ribombee
|
|-weather|DesolateLand|[upkeep]
|upkeep
|
|switch|p1a: Gengar|Gengar-Mega, M|76/100
|-damage|p1a: Gengar|63/100|[from] Stealth Rock
|turn|5
|
|move|p1a: Gengar|Hypnosis|p2a: Groudon
|-status|p2a: Groudon|slp|[from] move: Hypnosis
|cant|p2a: Groudon|slp
|
|-weather|DesolateLand|[upkeep]
|upkeep
|turn|6
|
|move|p1a: Gengar|Substitute|p1a: Gengar
|-start|p1a: Gengar|Substitute
|-damage|p1a: Gengar|38/100
|cant|p2a: Groudon|slp
|
|-weather|DesolateLand|[upkeep]
|upkeep
|turn|7
|
|move|p1a: Gengar|Nasty Plot|p1a: Gengar
|-boost|p1a: Gengar|spa|2
|cant|p2a: Groudon|slp
|
|-weather|DesolateLand|[upkeep]
|upkeep
|turn|8
|
|move|p1a: Gengar|Nasty Plot|p1a: Gengar
|-boost|p1a: Gengar|spa|2
|-curestatus|p2a: Groudon|slp|[msg]
|move|p2a: Groudon|Earth Power|p1a: Gengar
|-supereffective|p1a: Gengar
|-end|p1a: Gengar|Substitute
|
|-weather|DesolateLand|[upkeep]
|upkeep
|turn|9
|
|move|p1a: Gengar|Hypnosis|p2a: Groudon
|-status|p2a: Groudon|slp|[from] move: Hypnosis
|cant|p2a: Groudon|slp
|
|-weather|DesolateLand|[upkeep]
|upkeep
|turn|10
|
|move|p1a: Gengar|Substitute|p1a: Gengar
|-start|p1a: Gengar|Substitute
|-damage|p1a: Gengar|14/100
|cant|p2a: Groudon|slp
|
|-weather|DesolateLand|[upkeep]
|upkeep
|turn|11
|
|move|p1a: Gengar|Shadow Ball|p2a: Groudon
|-damage|p2a: Groudon|0 fnt
|faint|p2a: Groudon
|-weather|none
|
|upkeep
|-message|Hogwashimperial forfeited.
|
|win|Chloe
|l|☆Hogwashimperial
|raw|Chloe's rating: 1746 &rarr; <strong>1754</strong><br />(+8 for winning)
|raw|Hogwashimperial's rating: 1522 &rarr; <strong>1513</strong><br />(-9 for losing)
|l|☆Chloe
|j| Mixing Dat Beat
|j| Zayele
