|j|☆SpookyMareep
|j|☆Zapdeoxys
|t:|1659663963
|gametype|singles
|player|p1|SpookyMareep|rocketgruntf|1570
|player|p2|Zapdeoxys|n|1637
|teamsize|p1|6
|teamsize|p2|6
|gen|8
|tier|[Gen 8] National Dex AG
|rated|
|rule|HP Percentage Mod: HP is shown in percentages
|rule|Endless Battle Clause: Forcing endless battles is banned
|clearpoke
|poke|p1|Ditto|
|poke|p1|Marshadow|
|poke|p1|Toxapex, M|
|poke|p1|Shedinja|
|poke|p1|Quagsire, F|
|poke|p1|Landorus-Therian, M|
|poke|p2|Zacian-*|
|poke|p2|Rayquaza|
|poke|p2|Yveltal|
|poke|p2|Deoxys-Speed|
|poke|p2|Arceus-*|
|poke|p2|Ditto|
|teampreview
|inactive|Battle timer is ON: inactive players will automatically lose when time's up. (requested by Zapdeoxys)
|inactive|SpookyMareep has 120 seconds left.
|
|t:|1659664012
|start
|switch|p1a: >1440 ELO TEAM|Landorus-Therian, M|100/100
|switch|p2a: Deoxys|Deoxys-Speed|100/100
|-ability|p2a: Deoxys|Pressure
|-ability|p1a: >1440 ELO TEAM|Intimidate|boost
|-unboost|p2a: Deoxys|atk|1
|turn|1
|
|t:|1659664016
|switch|p1a: Yakuza|Toxapex, M|100/100
|move|p2a: Deoxys|Taunt|p1a: Yakuza
|-start|p1a: Yakuza|move: Taunt
|
|upkeep
|turn|2
|
|t:|1659664019
|move|p2a: Deoxys|Stealth Rock|p1a: Yakuza
|-sidestart|p1: SpookyMareep|move: Stealth Rock
|move|p1a: Yakuza|Scald|p2a: Deoxys
|-damage|p2a: Deoxys|79/100
|
|upkeep
|turn|3
|
|t:|1659664023
|switch|p1a: Zacian is bad|Ditto|100/100
|-damage|p1a: Zacian is bad|88/100|[from] Stealth Rock
|-transform|p1a: Zacian is bad|p2a: Deoxys|[from] ability: Imposter
|-ability|p1a: Zacian is bad|Pressure
|move|p2a: Deoxys|Spikes|p1a: Zacian is bad
|-sidestart|p1: SpookyMareep|Spikes
|
|upkeep
|turn|4
|
|t:|1659664030
|move|p2a: Deoxys|Magic Coat|p2a: Deoxys
|-singleturn|p2a: Deoxys|move: Magic Coat
|move|p1a: Zacian is bad|Stealth Rock|p2a: Deoxys
|move|p2a: Deoxys|Stealth Rock||[from]Magic Coat|[still]
|-fail|p2a: Deoxys
|
|upkeep
|turn|5
|
|t:|1659664035
|move|p2a: Deoxys|Magic Coat|p2a: Deoxys
|-singleturn|p2a: Deoxys|move: Magic Coat
|move|p1a: Zacian is bad|Stealth Rock|p2a: Deoxys
|move|p2a: Deoxys|Stealth Rock||[from]Magic Coat|[still]
|-fail|p2a: Deoxys
|
|upkeep
|turn|6
|
|t:|1659664041
|switch|p1a: >1440 ELO TEAM|Landorus-Therian, M|100/100
|-ability|p1a: >1440 ELO TEAM|Intimidate|boost
|-unboost|p2a: Deoxys|atk|1
|move|p2a: Deoxys|Magic Coat|p2a: Deoxys
|-singleturn|p2a: Deoxys|move: Magic Coat
|
|upkeep
|turn|7
|
|t:|1659664045
|switch|p1a: Yakuza|Toxapex, M|100/100
|-damage|p1a: Yakuza|88/100|[from] Stealth Rock
|-damage|p1a: Yakuza|76/100|[from] Spikes
|move|p2a: Deoxys|Taunt|p1a: Yakuza
|-start|p1a: Yakuza|move: Taunt
|
|upkeep
|turn|8
|
|t:|1659664048
|move|p2a: Deoxys|Stealth Rock||[still]
|-fail|p2a: Deoxys
|move|p1a: Yakuza|Scald|p2a: Deoxys
|-damage|p2a: Deoxys|58/100
|
|upkeep
|turn|9
|
|t:|1659664052
|switch|p1a: >1440 ELO TEAM|Landorus-Therian, M|100/100
|-ability|p1a: >1440 ELO TEAM|Intimidate|boost
|-unboost|p2a: Deoxys|atk|1
|move|p2a: Deoxys|Spikes|p1a: >1440 ELO TEAM
|-sidestart|p1: SpookyMareep|Spikes
|
|upkeep
|turn|10
|
|t:|1659664055
|move|p2a: Deoxys|Taunt|p1a: >1440 ELO TEAM
|-start|p1a: >1440 ELO TEAM|move: Taunt
|cant|p1a: >1440 ELO TEAM|move: Taunt|Defog
|
|upkeep
|turn|11
|
|t:|1659664061
|switch|p1a: Yakuza|Toxapex, M|100/100
|-damage|p1a: Yakuza|88/100|[from] Stealth Rock
|-damage|p1a: Yakuza|72/100|[from] Spikes
|move|p2a: Deoxys|Spikes|p1a: Yakuza
|-sidestart|p1: SpookyMareep|Spikes
|
|upkeep
|turn|12
|
|t:|1659664069
|move|p2a: Deoxys|Taunt|p1a: Yakuza
|-start|p1a: Yakuza|move: Taunt
|move|p1a: Yakuza|Scald|p2a: Deoxys
|-damage|p2a: Deoxys|37/100
|
|upkeep
|turn|13
|
|t:|1659664087
|switch|p2a: Yveltal|Yveltal|100/100
|-ability|p2a: Yveltal|Dark Aura
|move|p1a: Yakuza|Scald|p2a: Yveltal
|-damage|p2a: Yveltal|87/100
|
|upkeep
|turn|14
|
|t:|1659664097
|-start|p2a: Yveltal|Dynamax|
|-heal|p2a: Yveltal|87/100|[silent]
|move|p2a: Yveltal|Max Airstream|p1a: Yakuza
|-damage|p1a: Yakuza|0 fnt
|-boost|p2a: Yveltal|spe|1
|faint|p1a: Yakuza
|-damage|p2a: Yveltal|82/100|[from] item: Life Orb
|
|upkeep
|
|t:|1659664103
|switch|p1a: >1440 ELO TEAM|Landorus-Therian, M|100/100
|-ability|p1a: >1440 ELO TEAM|Intimidate|boost
|-unboost|p2a: Yveltal|atk|1
|turn|15
|
|t:|1659664113
|-start|p1a: >1440 ELO TEAM|Dynamax|
|-heal|p1a: >1440 ELO TEAM|100/100|[silent]
|move|p2a: Yveltal|Max Darkness|p1a: >1440 ELO TEAM
|-damage|p1a: >1440 ELO TEAM|28/100
|-unboost|p1a: >1440 ELO TEAM|spd|1
|-damage|p2a: Yveltal|77/100|[from] item: Life Orb
|move|p1a: >1440 ELO TEAM|Max Rockfall|p2a: Yveltal
|-supereffective|p2a: Yveltal
|-damage|p2a: Yveltal|29/100
|-weather|Sandstorm
|
|-weather|Sandstorm|[upkeep]
|-damage|p2a: Yveltal|26/100|[from] Sandstorm
|upkeep
|turn|16
|
|t:|1659664120
|move|p1a: >1440 ELO TEAM|Max Guard|p1a: >1440 ELO TEAM
|-singleturn|p1a: >1440 ELO TEAM|Max Guard
|move|p2a: Yveltal|Max Airstream|p1a: >1440 ELO TEAM
|-activate|p1a: >1440 ELO TEAM|move: Max Guard
|
|-weather|Sandstorm|[upkeep]
|-damage|p2a: Yveltal|23/100|[from] Sandstorm
|upkeep
|-end|p2a: Yveltal|Dynamax
|-heal|p2a: Yveltal|23/100|[silent]
|turn|17
|
|t:|1659664125
|-end|p1a: >1440 ELO TEAM|Dynamax
|-heal|p1a: >1440 ELO TEAM|28/100|[silent]
|switch|p1a: Yakuza.|Shedinja|100/100
|-damage|p1a: Yakuza.|0 fnt|[from] Stealth Rock
|faint|p1a: Yakuza.
|move|p2a: Yveltal|Oblivion Wing|p1: Yakuza.|[notarget]
|-fail|p2a: Yveltal
|
|-weather|Sandstorm|[upkeep]
|-damage|p2a: Yveltal|17/100|[from] Sandstorm
|upkeep
|
|t:|1659664127
|switch|p1a: Zacian is bad|Ditto|88/100
|-damage|p1a: Zacian is bad|76/100|[from] Stealth Rock
|-damage|p1a: Zacian is bad|51/100|[from] Spikes
|-transform|p1a: Zacian is bad|p2a: Yveltal|[from] ability: Imposter
|-ability|p1a: Zacian is bad|Dark Aura
|turn|18
|
|t:|1659664134
|move|p1a: Zacian is bad|Oblivion Wing|p2a: Yveltal
|-damage|p2a: Yveltal|0 fnt
|-heal|p1a: Zacian is bad|72/100|[from] drain|[of] p2a: Yveltal
|faint|p2a: Yveltal
|
|-weather|Sandstorm|[upkeep]
|-damage|p1a: Zacian is bad|66/100|[from] Sandstorm
|upkeep
|
|t:|1659664139
|switch|p2a: Zacian|Zacian-Crowned|100/100
|-ability|p2a: Zacian|Intrepid Sword|boost
|-boost|p2a: Zacian|atk|1
|turn|19
|
|t:|1659664155
|switch|p1a: :)|Quagsire, F|100/100
|-damage|p1a: :)|94/100|[from] Stealth Rock
|-damage|p1a: :)|70/100|[from] Spikes
|move|p2a: Zacian|Substitute|p2a: Zacian
|-start|p2a: Zacian|Substitute
|-damage|p2a: Zacian|76/100
|
|-weather|none
|upkeep
|turn|20
|
|t:|1659664158
|move|p2a: Zacian|Close Combat|p1a: :)
|-damage|p1a: :)|37/100
|-unboost|p2a: Zacian|def|1
|-unboost|p2a: Zacian|spd|1
|-damage|p2a: Zacian|59/100|[from] item: Rocky Helmet|[of] p1a: :)
|move|p1a: :)|Earthquake|p2a: Zacian
|-supereffective|p2a: Zacian
|-end|p2a: Zacian|Substitute
|
|upkeep
|turn|21
|
|t:|1659664164
|switch|p2a: Rayquaza|Rayquaza|100/100
|-ability|p2a: Rayquaza|Air Lock
|move|p1a: :)|Recover|p1a: :)
|-heal|p1a: :)|87/100
|
|upkeep
|turn|22
|
|t:|1659664167
|detailschange|p2a: Rayquaza|Rayquaza-Mega
|-mega|p2a: Rayquaza|Rayquaza|
|-weather|DeltaStream|[from] ability: Delta Stream|[of] p2a: Rayquaza
|move|p2a: Rayquaza|Dragon Dance|p2a: Rayquaza
|-boost|p2a: Rayquaza|atk|1
|-boost|p2a: Rayquaza|spe|1
|move|p1a: :)|Scald|p2a: Rayquaza
|-resisted|p2a: Rayquaza
|-damage|p2a: Rayquaza|91/100
|-status|p2a: Rayquaza|brn
|
|-weather|DeltaStream|[upkeep]
|-damage|p2a: Rayquaza|85/100 brn|[from] brn
|upkeep
|turn|23
|
|t:|1659664171
|move|p2a: Rayquaza|Dragon Dance|p2a: Rayquaza
|-boost|p2a: Rayquaza|atk|1
|-boost|p2a: Rayquaza|spe|1
|move|p1a: :)|Recover|p1a: :)
|-heal|p1a: :)|100/100
|
|-weather|DeltaStream|[upkeep]
|-damage|p2a: Rayquaza|79/100 brn|[from] brn
|upkeep
|turn|24
|
|t:|1659664175
|move|p2a: Rayquaza|Dragon Ascent|p1a: :)
|-damage|p1a: :)|72/100
|-unboost|p2a: Rayquaza|def|1
|-unboost|p2a: Rayquaza|spd|1
|-damage|p2a: Rayquaza|62/100 brn|[from] item: Rocky Helmet|[of] p1a: :)
|move|p1a: :)|Scald|p2a: Rayquaza
|-resisted|p2a: Rayquaza
|-damage|p2a: Rayquaza|53/100 brn
|
|-weather|DeltaStream|[upkeep]
|-damage|p2a: Rayquaza|47/100 brn|[from] brn
|upkeep
|turn|25
|
|t:|1659664185
|-weather|none
|switch|p2a: Deoxys|Deoxys-Speed|37/100
|-ability|p2a: Deoxys|Pressure
|move|p1a: :)|Recover|p1a: :)
|-heal|p1a: :)|100/100
|
|upkeep
|turn|26
|
|t:|1659664200
|move|p2a: Deoxys|Taunt|p1a: :)
|-start|p1a: :)|move: Taunt
|move|p1a: :)|Earthquake|p2a: Deoxys
|-damage|p2a: Deoxys|2/100
|
|upkeep
|turn|27
|
|t:|1659664209
|switch|p1a: >1440 ELO TEAM|Landorus-Therian, M|28/100
|-ability|p1a: >1440 ELO TEAM|Intimidate|boost
|-unboost|p2a: Deoxys|atk|1
|move|p2a: Deoxys|Taunt|p1a: >1440 ELO TEAM
|-start|p1a: >1440 ELO TEAM|move: Taunt
|
|upkeep
|turn|28
|
|t:|1659664217
|move|p2a: Deoxys|Taunt||[still]
|-fail|p2a: Deoxys
|move|p1a: >1440 ELO TEAM|Stone Edge|p2a: Deoxys
|-damage|p2a: Deoxys|0 fnt
|faint|p2a: Deoxys
|
|upkeep
|
|t:|1659664227
|switch|p2a: Zacian|Zacian-Crowned|59/100
|-ability|p2a: Zacian|Intrepid Sword|boost
|-boost|p2a: Zacian|atk|1
|turn|29
|
|t:|1659664231
|switch|p1a: :)|Quagsire, F|100/100
|-damage|p1a: :)|94/100|[from] Stealth Rock
|-damage|p1a: :)|70/100|[from] Spikes
|move|p2a: Zacian|Behemoth Blade|p1a: :)
|-resisted|p1a: :)
|-damage|p1a: :)|47/100
|-damage|p2a: Zacian|42/100|[from] item: Rocky Helmet|[of] p1a: :)
|
|upkeep
|turn|30
|
|t:|1659664239
|move|p2a: Zacian|Close Combat|p1a: :)
|-damage|p1a: :)|8/100
|-unboost|p2a: Zacian|def|1
|-unboost|p2a: Zacian|spd|1
|-damage|p2a: Zacian|26/100|[from] item: Rocky Helmet|[of] p1a: :)
|move|p1a: :)|Recover|p1a: :)
|-heal|p1a: :)|58/100
|
|upkeep
|turn|31
|
|t:|1659664243
|move|p2a: Zacian|Close Combat|p1a: :)
|-damage|p1a: :)|21/100
|-unboost|p2a: Zacian|def|1
|-unboost|p2a: Zacian|spd|1
|-damage|p2a: Zacian|9/100|[from] item: Rocky Helmet|[of] p1a: :)
|move|p1a: :)|Recover|p1a: :)
|-heal|p1a: :)|71/100
|
|upkeep
|turn|32
|
|t:|1659664245
|move|p2a: Zacian|Close Combat|p1a: :)
|-damage|p1a: :)|38/100
|-unboost|p2a: Zacian|def|1
|-unboost|p2a: Zacian|spd|1
|-damage|p2a: Zacian|0 fnt|[from] item: Rocky Helmet|[of] p1a: :)
|faint|p2a: Zacian
|move|p1a: :)|Recover|p1a: :)
|-heal|p1a: :)|88/100
|
|upkeep
|
|t:|1659664250
|switch|p2a: Arceus|Arceus|100/100
|turn|33
|
|t:|1659664253
|-zpower|p2a: Arceus
|move|p2a: Arceus|Breakneck Blitz|p1a: :)|[zeffect]
|-damage|p1a: :)|30/100
|move|p1a: :)|Toxic|p2a: Arceus
|-status|p2a: Arceus|tox
|
|-damage|p2a: Arceus|94/100 tox|[from] psn
|upkeep
|turn|34
|
|t:|1659664256
|move|p2a: Arceus|Extreme Speed|p1a: :)
|-damage|p1a: :)|0 fnt
|-damage|p2a: Arceus|78/100 tox|[from] item: Rocky Helmet|[of] p1a: :)
|faint|p1a: :)
|
|-damage|p2a: Arceus|66/100 tox|[from] psn
|upkeep
|
|t:|1659664263
|switch|p1a: Zacian is bad|Ditto|66/100
|-damage|p1a: Zacian is bad|54/100|[from] Stealth Rock
|-damage|p1a: Zacian is bad|29/100|[from] Spikes
|-transform|p1a: Zacian is bad|p2a: Arceus|[from] ability: Imposter
|turn|35
|
|t:|1659664271
|move|p1a: Zacian is bad|Extreme Speed|p2a: Arceus
|-damage|p2a: Arceus|31/100 tox
|move|p2a: Arceus|Extreme Speed|p1a: Zacian is bad
|-crit|p1a: Zacian is bad
|-damage|p1a: Zacian is bad|0 fnt
|faint|p1a: Zacian is bad
|
|-damage|p2a: Arceus|13/100 tox|[from] psn
|upkeep
|
|t:|1659664281
|switch|p1a: xXWingsRippedXx|Marshadow|100/100
|-damage|p1a: xXWingsRippedXx|94/100|[from] Stealth Rock
|-damage|p1a: xXWingsRippedXx|69/100|[from] Spikes
|turn|36
|
|t:|1659664286
|move|p1a: xXWingsRippedXx|Ice Punch|p2a: Arceus
|-damage|p2a: Arceus|0 fnt
|faint|p2a: Arceus
|-damage|p1a: xXWingsRippedXx|59/100|[from] item: Life Orb
|
|upkeep
|
|t:|1659664289
|switch|p2a: Ditto|Ditto|100/100
|-transform|p2a: Ditto|p1a: xXWingsRippedXx|[from] ability: Imposter
|turn|37
|
|t:|1659664303
|switch|p1a: >1440 ELO TEAM|Landorus-Therian, M|28/100
|-ability|p1a: >1440 ELO TEAM|Intimidate|boost
|-unboost|p2a: Ditto|atk|1
|move|p2a: Ditto|Shadow Sneak|p1a: >1440 ELO TEAM
|-damage|p1a: >1440 ELO TEAM|4/100
|
|upkeep
|turn|38
|
|t:|1659664312
|move|p2a: Ditto|Shadow Sneak|p1a: >1440 ELO TEAM
|-damage|p1a: >1440 ELO TEAM|0 fnt
|faint|p1a: >1440 ELO TEAM
|
|upkeep
|
|t:|1659664314
|switch|p1a: xXWingsRippedXx|Marshadow|59/100
|-damage|p1a: xXWingsRippedXx|53/100|[from] Stealth Rock
|-damage|p1a: xXWingsRippedXx|28/100|[from] Spikes
|turn|39
|
|t:|1659664317
|move|p2a: Ditto|Shadow Sneak|p1a: xXWingsRippedXx
|-supereffective|p1a: xXWingsRippedXx
|-damage|p1a: xXWingsRippedXx|0 fnt
|faint|p1a: xXWingsRippedXx
|
|win|Zapdeoxys
|raw|SpookyMareep's rating: 1570 &rarr; <strong>1554</strong><br />(-16 for losing)
|raw|Zapdeoxys's rating: 1637 &rarr; <strong>1653</strong><br />(+16 for winning)
