|j|☆dividing by 0
|j|‽shisanzhong
|t:|1661396054
|gametype|singles
|player|p1|dividing by 0|pokemaniac|1550
|player|p2|shisanzhong|dawn|1616
|teamsize|p1|6
|teamsize|p2|6
|gen|8
|tier|[Gen 8] National Dex AG
|rated|
|rule|HP Percentage Mod: HP is shown in percentages
|rule|Endless Battle Clause: Forcing endless battles is banned
|clearpoke
|poke|p1|Eevee, F|
|poke|p1|Vaporeon, M|
|poke|p1|Espeon, F|
|poke|p1|Umbreon, F|
|poke|p1|Jolteon, M|
|poke|p1|Sylveon, M|
|poke|p2|Zacian-*|
|poke|p2|Eternatus|
|poke|p2|Ditto|
|poke|p2|Rayquaza|
|poke|p2|Arceus-*|
|poke|p2|Marshadow|
|teampreview
|
|t:|1661396059
|start
|switch|p1a: Jolteon|Jolteon, M|100/100
|switch|p2a: Zacian|Zacian-Crowned|100/100
|-ability|p2a: Zacian|Intrepid Sword|boost
|-boost|p2a: Zacian|atk|1
|turn|1
|inactive|Battle timer is ON: inactive players will automatically lose when time's up. (requested by shisanzhong)
|j| Flashybee
|
|t:|1661396084
|move|p2a: Zacian|Play Rough|p1a: Jolteon
|-enditem|p1a: Jolteon|Focus Sash
|-damage|p1a: Jolteon|1/100
|move|p1a: Jolteon|Agility|p1a: Jolteon
|-boost|p1a: Jolteon|spe|2
|
|upkeep
|turn|2
|
|t:|1661396110
|move|p2a: Zacian|Quick Attack|p1a: Jolteon
|-damage|p1a: Jolteon|0 fnt
|faint|p1a: Jolteon
|
|upkeep
|inactive|dividing by 0 has 120 seconds left.
|
|t:|1661396120
|switch|p1a: Vaporeon|Vaporeon, M|100/100
|turn|3
|
|t:|1661396123
|move|p2a: Zacian|Play Rough|p1a: Vaporeon|[miss]
|-miss|p2a: Zacian|p1a: Vaporeon
|move|p1a: Vaporeon|Acid Armor|p1a: Vaporeon
|-boost|p1a: Vaporeon|def|2
|
|upkeep
|turn|4
|
|t:|1661396128
|switch|p2a: Rayquaza|Rayquaza|100/100
|-ability|p2a: Rayquaza|Air Lock
|move|p1a: Vaporeon|Acid Armor|p1a: Vaporeon
|-boost|p1a: Vaporeon|def|2
|
|upkeep
|turn|5
|
|t:|1661396137
|switch|p2a: Arceus|Arceus-Electric|100/100
|move|p1a: Vaporeon|Substitute|p1a: Vaporeon
|-start|p1a: Vaporeon|Substitute
|-damage|p1a: Vaporeon|76/100
|
|-heal|p1a: Vaporeon|82/100|[from] item: Leftovers
|upkeep
|turn|6
|
|t:|1661396160
|move|p2a: Arceus|Judgment|p1a: Vaporeon
|-supereffective|p1a: Vaporeon
|-end|p1a: Vaporeon|Substitute
|move|p1a: Vaporeon|Baton Pass|p1a: Vaporeon
|
|t:|1661396164
|switch|p1a: Sylveon|Sylveon, M|100/100|[from]move: Baton Pass
|
|upkeep
|turn|7
|
|t:|1661396184
|-start|p2a: Arceus|Dynamax|
|-heal|p2a: Arceus|100/100|[silent]
|move|p2a: Arceus|Max Lightning|p1a: Sylveon
|-damage|p1a: Sylveon|53/100
|-fieldstart|move: Electric Terrain
|move|p1a: Sylveon|Calm Mind|p1a: Sylveon
|-boost|p1a: Sylveon|spa|1
|-boost|p1a: Sylveon|spd|1
|
|-heal|p1a: Sylveon|59/100|[from] item: Leftovers
|upkeep
|turn|8
|inactive|dividing by 0 has 120 seconds left.
|
|t:|1661396221
|move|p2a: Arceus|Max Lightning|p1a: Sylveon
|-damage|p1a: Sylveon|18/100
|move|p1a: Sylveon|Baton Pass|p1a: Sylveon
|
|t:|1661396226
|switch|p1a: Umbreon|Umbreon, F|100/100|[from]move: Baton Pass
|
|upkeep
|turn|9
|inactive|dividing by 0 has 90 seconds left.
|
|t:|1661396251
|move|p2a: Arceus|Max Lightning|p1a: Umbreon
|-damage|p1a: Umbreon|47/100
|move|p1a: Umbreon|Double Team|p1a: Umbreon
|-boost|p1a: Umbreon|evasion|1
|
|upkeep
|-end|p2a: Arceus|Dynamax
|-heal|p2a: Arceus|100/100|[silent]
|turn|10
|inactive|dividing by 0 has 90 seconds left.
|
|t:|1661396263
|switch|p2a: Marshadow|Marshadow|100/100
|move|p1a: Umbreon|Moonlight|p1a: Umbreon
|-heal|p1a: Umbreon|97/100
|
|upkeep
|turn|11
|
|t:|1661396272
|move|p2a: Marshadow|Spectral Thief||[still]
|-clearpositiveboost|p1a: Umbreon|p2a: Marshadow|move: Spectral Thief
|-boost|p2a: Marshadow|def|4
|-boost|p2a: Marshadow|spa|1
|-boost|p2a: Marshadow|spd|1
|-boost|p2a: Marshadow|evasion|1
|-anim|p2a: Marshadow|Spectral Thief|p1a: Umbreon
|-resisted|p1a: Umbreon
|-damage|p1a: Umbreon|84/100
|move|p1a: Umbreon|Baton Pass|p1a: Umbreon
|-message|dividing by 0 forfeited.
|
|win|shisanzhong
|raw|dividing by 0's rating: 1550 &rarr; <strong>1534</strong><br />(-16 for losing)
|raw|shisanzhong's rating: 1616 &rarr; <strong>1632</strong><br />(+16 for winning)
|l|☆dividing by 0
|l| Flashybee
|l|‽shisanzhong
||Ladder isn't responding, score probably updated but might not have (Request timeout).
|j|‽shisanzhong
|player|p2|shisanzhong|dawn
