|j|☆kingbura
|j|‽Buck x
|t:|1668715679
|gametype|singles
|player|p1|kingbura|roxanne|
|player|p2|Buck x|101|
|teamsize|p1|6
|teamsize|p2|6
|gen|8
|tier|[Gen 8] National Dex AG
|rule|HP Percentage Mod: HP is shown in percentages
|rule|Endless Battle Clause: Forcing endless battles is banned
|clearpoke
|poke|p1|Darmanitan-Galar, M|
|poke|p1|Dracovish|
|poke|p1|Metagross|
|poke|p1|Gliscor, M|
|poke|p1|Blissey, F|
|poke|p1|Primarina, M|
|poke|p2|Pelipper, M|
|poke|p2|Swampert, M|
|poke|p2|Greninja, M|
|poke|p2|Ferrothorn, M|
|poke|p2|Rotom-Wash|
|poke|p2|Dracovish|
|teampreview
|inactive|Battle timer is ON: inactive players will automatically lose when time's up. (requested by Buck x)
|c|☆kingbura|hi
|c|☆kingbura|hf
|l|☆kingbura
|inactive|kingbura disconnected and has 300 seconds to reconnect!
|player|p1|
|j|☆kingbura
|inactive|kingbura reconnected and has 280 seconds left.
|player|p1|kingbura|roxanne
|
|t:|1668715711
|start
|switch|p1a: Darmanitan|Darmanitan-Galar, M, shiny|100/100
|switch|p2a: Pelipper|Pelipper, M|100/100
|-weather|RainDance|[from] ability: Drizzle|[of] p2a: Pelipper
|turn|1
|
|t:|1668715738
|move|p1a: Darmanitan|U-turn|p2a: Pelipper
|-resisted|p2a: Pelipper
|-damage|p2a: Pelipper|87/100
|
|t:|1668715741
|switch|p1a: Primarina|Primarina, M|100/100|[from]move: U-turn
|move|p2a: Pelipper|U-turn|p1a: Primarina
|-resisted|p1a: Primarina
|-damage|p1a: Primarina|96/100
|
|t:|1668715755
|switch|p2a: Rotom|Rotom-Wash|100/100|[from]move: U-turn
|
|-weather|RainDance|[upkeep]
|upkeep
|turn|2
|inactive|kingbura has 270 seconds left.
|
|t:|1668715792
|switch|p1a: Blissey|Blissey, F|100/100
|move|p2a: Rotom|Trick|p1a: Blissey
|-activate|p2a: Rotom|move: Trick|[of] p1a: Blissey
|-item|p1a: Blissey|Choice Specs|[from] move: Trick
|-item|p2a: Rotom|Leftovers|[from] move: Trick
|
|-weather|RainDance|[upkeep]
|upkeep
|turn|3
|
|t:|1668715808
|move|p2a: Rotom|Volt Switch|p1a: Blissey
|-damage|p1a: Blissey|89/100
|
|t:|1668715810
|switch|p2a: Ferrothorn|Ferrothorn, M|100/100|[from]move: Volt Switch
|move|p1a: Blissey|Seismic Toss|p2a: Ferrothorn
|-damage|p2a: Ferrothorn|72/100
|-damage|p1a: Blissey|76/100|[from] ability: Iron Barbs|[of] p2a: Ferrothorn
|
|-weather|RainDance|[upkeep]
|-heal|p2a: Ferrothorn|78/100|[from] item: Leftovers
|upkeep
|turn|4
|inactive|kingbura has 270 seconds left.
|
|t:|1668715821
|switch|p1a: Gliscor|Gliscor, M|100/100
|move|p2a: Ferrothorn|Leech Seed|p1a: Gliscor
|-start|p1a: Gliscor|move: Leech Seed
|
|-weather|RainDance|[upkeep]
|-heal|p2a: Ferrothorn|85/100|[from] item: Leftovers
|-damage|p1a: Gliscor|88/100|[from] Leech Seed|[of] p2a: Ferrothorn
|-heal|p2a: Ferrothorn|97/100|[silent]
|-status|p1a: Gliscor|tox|[from] item: Toxic Orb
|upkeep
|turn|5
|inactive|kingbura has 270 seconds left.
|
|t:|1668715835
|move|p1a: Gliscor|Stealth Rock|p2a: Ferrothorn
|-sidestart|p2: Buck x|move: Stealth Rock
|move|p2a: Ferrothorn|Spikes|p1a: Gliscor
|-sidestart|p1: kingbura|Spikes
|
|-weather|none
|-heal|p2a: Ferrothorn|100/100|[from] item: Leftovers
|-damage|p1a: Gliscor|76/100 tox|[from] Leech Seed|[of] p2a: Ferrothorn
|-heal|p1a: Gliscor|88/100 tox|[from] ability: Poison Heal
|upkeep
|turn|6
|
|t:|1668715841
|switch|p1a: Darmanitan|Darmanitan-Galar, M, shiny|100/100
|-damage|p1a: Darmanitan|88/100|[from] Spikes
|move|p2a: Ferrothorn|Spikes|p1a: Darmanitan
|-sidestart|p1: kingbura|Spikes
|
|upkeep
|turn|7
|
|t:|1668715850
|switch|p2a: Pelipper|Pelipper, M|87/100
|-weather|RainDance|[from] ability: Drizzle|[of] p2a: Pelipper
|move|p1a: Darmanitan|Icicle Crash|p2a: Pelipper
|-damage|p2a: Pelipper|32/100
|
|-weather|RainDance|[upkeep]
|upkeep
|turn|8
|
|t:|1668715856
|-start|p2a: Pelipper|Dynamax|
|-heal|p2a: Pelipper|32/100|[silent]
|move|p1a: Darmanitan|Icicle Crash|p2a: Pelipper
|-damage|p2a: Pelipper|4/100
|move|p2a: Pelipper|Max Geyser|p1a: Darmanitan
|-damage|p1a: Darmanitan|0 fnt
|faint|p1a: Darmanitan
|
|-weather|RainDance|[upkeep]
|upkeep
|
|t:|1668715869
|switch|p1a: Dracovish|Dracovish, shiny|100/100
|-damage|p1a: Dracovish|84/100|[from] Spikes
|turn|9
|
|t:|1668715872
|move|p2a: Pelipper|Max Guard|p2a: Pelipper
|-singleturn|p2a: Pelipper|Max Guard
|move|p1a: Dracovish|Fishious Rend|p2a: Pelipper
|-activate|p2a: Pelipper|move: Max Guard
|
|-weather|RainDance|[upkeep]
|upkeep
|turn|10
|
|t:|1668715885
|-end|p2a: Pelipper|Dynamax
|-heal|p2a: Pelipper|4/100|[silent]
|switch|p2a: Ferrothorn|Ferrothorn, M|100/100
|-damage|p2a: Ferrothorn|94/100|[from] Stealth Rock
|move|p1a: Dracovish|Fishious Rend|p2a: Ferrothorn
|-resisted|p2a: Ferrothorn
|-damage|p2a: Ferrothorn|37/100
|-damage|p1a: Dracovish|72/100|[from] ability: Iron Barbs|[of] p2a: Ferrothorn
|
|-weather|RainDance|[upkeep]
|-heal|p2a: Ferrothorn|44/100|[from] item: Leftovers
|upkeep
|turn|11
|
|t:|1668715896
|move|p1a: Dracovish|Fishious Rend|p2a: Ferrothorn
|-resisted|p2a: Ferrothorn
|-damage|p2a: Ferrothorn|0 fnt
|-damage|p1a: Dracovish|59/100|[from] ability: Iron Barbs|[of] p2a: Ferrothorn
|faint|p2a: Ferrothorn
|
|-weather|none
|upkeep
|
|t:|1668715905
|switch|p2a: Rotom|Rotom-Wash|100/100
|-damage|p2a: Rotom|88/100|[from] Stealth Rock
|turn|12
|
|t:|1668715932
|switch|p1a: Gliscor|Gliscor, M|88/100 tox
|move|p2a: Rotom|Volt Switch|p1a: Gliscor
|-immune|p1a: Gliscor
|
|-heal|p2a: Rotom|94/100|[from] item: Leftovers
|-heal|p1a: Gliscor|100/100 tox|[from] ability: Poison Heal
|upkeep
|turn|13
|inactive|kingbura has 270 seconds left.
|
|t:|1668715962
|switch|p1a: Blissey|Blissey, F|76/100
|-damage|p1a: Blissey|59/100|[from] Spikes
|move|p2a: Rotom|Hydro Pump|p1a: Blissey|[miss]
|-miss|p2a: Rotom|p1a: Blissey
|
|-heal|p2a: Rotom|100/100|[from] item: Leftovers
|upkeep
|turn|14
|
|t:|1668715973
|move|p2a: Rotom|Volt Switch|p1a: Blissey
|-damage|p1a: Blissey|48/100
|
|t:|1668715976
|switch|p2a: Swampert|Swampert, M|100/100|[from]move: Volt Switch
|-damage|p2a: Swampert|94/100|[from] Stealth Rock
|move|p1a: Blissey|Seismic Toss|p2a: Swampert
|-damage|p2a: Swampert|67/100
|
|upkeep
|turn|15
|inactive|kingbura has 270 seconds left.
|
|t:|1668715991
|detailschange|p2a: Swampert|Swampert-Mega, M
|-mega|p2a: Swampert|Swampert|Swampertite
|move|p2a: Swampert|Earthquake|p1a: Blissey
|-damage|p1a: Blissey|0 fnt
|faint|p1a: Blissey
|
|upkeep
|
|t:|1668716003
|switch|p1a: Dracovish|Dracovish, shiny|59/100
|-damage|p1a: Dracovish|43/100|[from] Spikes
|turn|16
|
|t:|1668716006
|switch|p2a: Pelipper|Pelipper, M|4/100
|-weather|RainDance|[from] ability: Drizzle|[of] p2a: Pelipper
|move|p1a: Dracovish|Fishious Rend|p2a: Pelipper
|-resisted|p2a: Pelipper
|-damage|p2a: Pelipper|0 fnt
|faint|p2a: Pelipper
|
|-weather|RainDance|[upkeep]
|upkeep
|
|t:|1668716008
|switch|p2a: Swampert|Swampert-Mega, M|67/100
|-damage|p2a: Swampert|61/100|[from] Stealth Rock
|turn|17
|inactive|kingbura has 270 seconds left.
|inactive|kingbura has 240 seconds left.
|
|t:|1668716048
|switch|p1a: Gliscor|Gliscor, M|100/100 tox
|move|p2a: Swampert|Flip Turn|p1a: Gliscor
|-supereffective|p1a: Gliscor
|-damage|p1a: Gliscor|36/100 tox
|
|t:|1668716052
|switch|p2a: Greninja|Greninja, M|100/100|[from]move: Flip Turn
|-damage|p2a: Greninja|88/100|[from] Stealth Rock
|
|-weather|RainDance|[upkeep]
|-heal|p1a: Gliscor|49/100 tox|[from] ability: Poison Heal
|upkeep
|turn|18
|
|t:|1668716062
|move|p2a: Greninja|Hydro Pump|p1a: Gliscor
|-supereffective|p1a: Gliscor
|-damage|p1a: Gliscor|0 fnt
|faint|p1a: Gliscor
|-activate|p2a: Greninja|ability: Battle Bond
|detailschange|p2a: Greninja|Greninja-Ash, M
|
|-weather|RainDance|[upkeep]
|upkeep
|inactive|kingbura has 240 seconds left.
|
|t:|1668716094
|switch|p1a: Dracovish|Dracovish, shiny|43/100
|-damage|p1a: Dracovish|26/100|[from] Spikes
|turn|19
|
|t:|1668716099
|switch|p2a: Dracovish|Dracovish|100/100
|-damage|p2a: Dracovish|88/100|[from] Stealth Rock
|move|p1a: Dracovish|Leech Life|p2a: Dracovish
|-damage|p2a: Dracovish|65/100
|-heal|p1a: Dracovish|38/100|[from] drain|[of] p2a: Dracovish
|
|-weather|RainDance|[upkeep]
|upkeep
|turn|20
|inactive|kingbura has 240 seconds left.
|
|t:|1668716110
|move|p1a: Dracovish|Leech Life|p2a: Dracovish
|-damage|p2a: Dracovish|42/100
|-heal|p1a: Dracovish|49/100|[from] drain|[of] p2a: Dracovish
|move|p2a: Dracovish|Fishious Rend|p1a: Dracovish
|-resisted|p1a: Dracovish
|-damage|p1a: Dracovish|29/100
|
|-weather|none
|upkeep
|turn|21
|inactive|kingbura has 240 seconds left.
|
|t:|1668716134
|switch|p2a: Rotom|Rotom-Wash|100/100
|-damage|p2a: Rotom|88/100|[from] Stealth Rock
|move|p1a: Dracovish|Leech Life|p2a: Rotom
|-damage|p2a: Rotom|58/100
|-heal|p1a: Dracovish|40/100|[from] drain|[of] p2a: Rotom
|
|-heal|p2a: Rotom|64/100|[from] item: Leftovers
|upkeep
|turn|22
|inactive|kingbura has 240 seconds left.
|
|t:|1668716151
|switch|p1a: Metagross|Metagross, shiny|100/100
|-damage|p1a: Metagross|84/100|[from] Spikes
|move|p2a: Rotom|Thunder|p1a: Metagross|[miss]
|-miss|p2a: Rotom|p1a: Metagross
|
|-heal|p2a: Rotom|70/100|[from] item: Leftovers
|upkeep
|turn|23
|inactive|kingbura has 240 seconds left.
|inactive|Buck x has 270 seconds left.
|
|t:|1668716181
|detailschange|p1a: Metagross|Metagross-Mega, shiny
|-mega|p1a: Metagross|Metagross|Metagrossite
|move|p2a: Rotom|Hydro Pump|p1a: Metagross|[miss]
|-miss|p2a: Rotom|p1a: Metagross
|move|p1a: Metagross|Meteor Mash|p2a: Rotom
|-resisted|p2a: Rotom
|-damage|p2a: Rotom|49/100
|-boost|p1a: Metagross|atk|1
|
|-heal|p2a: Rotom|55/100|[from] item: Leftovers
|upkeep
|turn|24
|
|t:|1668716196
|move|p2a: Rotom|Hydro Pump|p1a: Metagross
|-damage|p1a: Metagross|45/100
|move|p1a: Metagross|Meteor Mash|p2a: Rotom
|-resisted|p2a: Rotom
|-damage|p2a: Rotom|19/100
|-boost|p1a: Metagross|atk|1
|
|-heal|p2a: Rotom|25/100|[from] item: Leftovers
|upkeep
|turn|25
|
|t:|1668716212
|move|p2a: Rotom|Hydro Pump|p1a: Metagross
|-damage|p1a: Metagross|7/100
|move|p1a: Metagross|Meteor Mash|p2a: Rotom
|-resisted|p2a: Rotom
|-damage|p2a: Rotom|0 fnt
|faint|p2a: Rotom
|
|upkeep
|
|t:|1668716216
|switch|p2a: Greninja|Greninja-Ash, M|88/100
|-damage|p2a: Greninja|76/100|[from] Stealth Rock
|turn|26
|
|t:|1668716224
|move|p1a: Metagross|Bullet Punch|p2a: Greninja
|-resisted|p2a: Greninja
|-damage|p2a: Greninja|23/100
|move|p2a: Greninja|Dark Pulse|p1a: Metagross
|-supereffective|p1a: Metagross
|-damage|p1a: Metagross|0 fnt
|faint|p1a: Metagross
|
|upkeep
|
|t:|1668716230
|switch|p1a: Primarina|Primarina, M|96/100
|-damage|p1a: Primarina|79/100|[from] Spikes
|turn|27
|
|t:|1668716247
|-start|p1a: Primarina|Dynamax|
|-heal|p1a: Primarina|79/100|[silent]
|-zpower|p2a: Greninja
|move|p2a: Greninja|Hydro Vortex|p1a: Primarina|[zeffect]
|-resisted|p1a: Primarina
|-damage|p1a: Primarina|55/100
|move|p1a: Primarina|Max Overgrowth|p2a: Greninja
|-supereffective|p2a: Greninja
|-damage|p2a: Greninja|0 fnt
|-fieldstart|move: Grassy Terrain
|faint|p2a: Greninja
|
|-heal|p1a: Primarina|58/100|[from] Grassy Terrain
|upkeep
|
|t:|1668716261
|switch|p2a: Swampert|Swampert-Mega, M|61/100
|-damage|p2a: Swampert|55/100|[from] Stealth Rock
|turn|28
|
|t:|1668716268
|move|p2a: Swampert|Toxic|p1a: Primarina|[miss]
|-miss|p2a: Swampert|p1a: Primarina
|move|p1a: Primarina|Max Overgrowth|p2a: Swampert
|-supereffective|p2a: Swampert
|-damage|p2a: Swampert|0 fnt
|faint|p2a: Swampert
|
|-heal|p1a: Primarina|61/100|[from] Grassy Terrain
|upkeep
|
|t:|1668716270
|switch|p2a: Dracovish|Dracovish|42/100
|-damage|p2a: Dracovish|29/100|[from] Stealth Rock
|turn|29
|
|t:|1668716274
|move|p2a: Dracovish|Fishious Rend|p1a: Primarina
|-resisted|p1a: Primarina
|-damage|p1a: Primarina|24/100
|move|p1a: Primarina|Max Overgrowth|p2a: Dracovish
|-damage|p2a: Dracovish|0 fnt
|faint|p2a: Dracovish
|
|win|kingbura
|c|☆kingbura|gg
|l|‽Buck x
