|j|☆Aidaen161
|j|☆NameSome2Better
|t:|1659661156
|gametype|singles
|player|p1|Aidaen161|169|1741
|player|p2|NameSome2Better|hugh|1720
|teamsize|p1|6
|teamsize|p2|6
|gen|8
|tier|[Gen 8] National Dex AG
|rated|
|rule|HP Percentage Mod: HP is shown in percentages
|rule|Endless Battle Clause: Forcing endless battles is banned
|clearpoke
|poke|p1|Yveltal|
|poke|p1|Deoxys-Speed|
|poke|p1|Marshadow|
|poke|p1|Calyrex-Shadow|
|poke|p1|Arceus-*|
|poke|p1|Vivillon-Icy Snow, M|
|poke|p2|Zacian-*|
|poke|p2|Groudon|
|poke|p2|Necrozma-Dusk-Mane|
|poke|p2|Zygarde|
|poke|p2|Chansey, F|
|poke|p2|Yveltal|
|teampreview
|inactive|Battle timer is ON: inactive players will automatically lose when time's up. (requested by Aidaen161)
|
|t:|1659661174
|start
|switch|p1a: Rápido|Deoxys-Speed, shiny|100/100
|switch|p2a: Meliodas|Necrozma-Dusk-Mane|100/100
|-ability|p1a: Rápido|Pressure
|turn|1
|
|t:|1659661180
|move|p1a: Rápido|Stealth Rock|p2a: Meliodas
|-sidestart|p2: NameSome2Better|move: Stealth Rock
|move|p2a: Meliodas|Stealth Rock|p1a: Rápido
|-sidestart|p1: Aidaen161|move: Stealth Rock
|
|upkeep
|turn|2
|
|t:|1659661185
|switch|p2a: Dabura|Groudon|100/100
|-damage|p2a: Dabura|94/100|[from] Stealth Rock
|detailschange|p2a: Dabura|Groudon-Primal
|-primal|p2a: Dabura
|-weather|DesolateLand|[from] ability: Desolate Land|[of] p2a: Dabura
|move|p1a: Rápido|Knock Off|p2a: Dabura
|-damage|p2a: Dabura|83/100
|
|-weather|DesolateLand|[upkeep]
|upkeep
|turn|3
|
|t:|1659661191
|move|p1a: Rápido|Taunt|p2a: Dabura
|-start|p2a: Dabura|move: Taunt
|move|p2a: Dabura|Eruption|p1a: Rápido
|-enditem|p1a: Rápido|Focus Sash
|-damage|p1a: Rápido|1/100
|
|-weather|DesolateLand|[upkeep]
|upkeep
|turn|4
|
|t:|1659661197
|move|p1a: Rápido|Extreme Speed|p2a: Dabura
|-damage|p2a: Dabura|70/100
|move|p2a: Dabura|Eruption|p1a: Rápido
|-damage|p1a: Rápido|0 fnt
|faint|p1a: Rápido
|
|-weather|DesolateLand|[upkeep]
|upkeep
|
|t:|1659661206
|switch|p1a: Pássaro das Trevas|Yveltal, shiny|100/100
|-damage|p1a: Pássaro das Trevas|76/100|[from] Stealth Rock
|-ability|p1a: Pássaro das Trevas|Dark Aura
|turn|5
|
|t:|1659661223
|-weather|none
|switch|p2a: Muzan|Chansey, F|100/100
|-damage|p2a: Muzan|88/100|[from] Stealth Rock
|-start|p1a: Pássaro das Trevas|Dynamax|
|-heal|p1a: Pássaro das Trevas|76/100|[silent]
|move|p1a: Pássaro das Trevas|Max Airstream|p2a: Muzan
|-damage|p2a: Muzan|58/100
|-boost|p1a: Pássaro das Trevas|spe|1
|-damage|p1a: Pássaro das Trevas|71/100|[from] item: Life Orb
|
|upkeep
|turn|6
|
|t:|1659661236
|move|p1a: Pássaro das Trevas|Max Darkness|p2a: Muzan
|-damage|p2a: Muzan|21/100
|-unboost|p2a: Muzan|spd|1
|-damage|p1a: Pássaro das Trevas|66/100|[from] item: Life Orb
|move|p2a: Muzan|Toxic|p1a: Pássaro das Trevas
|-status|p1a: Pássaro das Trevas|tox
|
|-damage|p1a: Pássaro das Trevas|63/100 tox|[from] psn
|upkeep
|turn|7
|
|t:|1659661247
|move|p1a: Pássaro das Trevas|Max Darkness|p2a: Muzan
|-damage|p2a: Muzan|0 fnt
|faint|p2a: Muzan
|-damage|p1a: Pássaro das Trevas|58/100 tox|[from] item: Life Orb
|
|-damage|p1a: Pássaro das Trevas|52/100 tox|[from] psn
|upkeep
|
|t:|1659661251
|switch|p2a: Zabuza|Zacian-Crowned|100/100
|-damage|p2a: Zabuza|94/100|[from] Stealth Rock
|-ability|p2a: Zabuza|Intrepid Sword|boost
|-boost|p2a: Zabuza|atk|1
|-end|p1a: Pássaro das Trevas|Dynamax
|-heal|p1a: Pássaro das Trevas|52/100 tox|[silent]
|turn|8
|
|t:|1659661258
|move|p1a: Pássaro das Trevas|Heat Wave|p2a: Zabuza
|-supereffective|p2a: Zabuza
|-damage|p2a: Zabuza|16/100
|-damage|p1a: Pássaro das Trevas|42/100 tox|[from] item: Life Orb
|move|p2a: Zabuza|Behemoth Blade|p1a: Pássaro das Trevas
|-crit|p1a: Pássaro das Trevas
|-damage|p1a: Pássaro das Trevas|0 fnt
|faint|p1a: Pássaro das Trevas
|
|upkeep
|
|t:|1659661269
|switch|p1a: Sombra|Marshadow|100/100
|-damage|p1a: Sombra|94/100|[from] Stealth Rock
|turn|9
|
|t:|1659661273
|switch|p2a: Sukuna|Zygarde|100/100
|-damage|p2a: Sukuna|94/100|[from] Stealth Rock
|move|p1a: Sombra|Shadow Sneak|p2a: Sukuna
|-damage|p2a: Sukuna|78/100
|
|-heal|p2a: Sukuna|84/100|[from] item: Leftovers
|upkeep
|turn|10
|
|t:|1659661284
|switch|p1a: Vivillon|Vivillon-Icy Snow, M, shiny|100/100
|-damage|p1a: Vivillon|51/100|[from] Stealth Rock
|move|p2a: Sukuna|Glare|p1a: Vivillon
|-status|p1a: Vivillon|par
|
|-heal|p2a: Sukuna|90/100|[from] item: Leftovers
|-heal|p1a: Vivillon|57/100 par|[from] item: Leftovers
|upkeep
|turn|11
|
|t:|1659661290
|move|p2a: Sukuna|Substitute|p2a: Sukuna
|-start|p2a: Sukuna|Substitute
|-damage|p2a: Sukuna|65/100
|move|p1a: Vivillon|Sleep Powder||[still]
|-fail|p1a: Vivillon
|
|-heal|p2a: Sukuna|71/100|[from] item: Leftovers
|-heal|p1a: Vivillon|63/100 par|[from] item: Leftovers
|upkeep
|turn|12
|
|t:|1659661294
|move|p2a: Sukuna|Thousand Arrows|p1a: Vivillon
|-damage|p1a: Vivillon|6/100 par
|-start|p1a: Vivillon|Smack Down
|move|p1a: Vivillon|Quiver Dance|p1a: Vivillon
|-boost|p1a: Vivillon|spa|1
|-boost|p1a: Vivillon|spd|1
|-boost|p1a: Vivillon|spe|1
|
|-heal|p2a: Sukuna|78/100|[from] item: Leftovers
|-heal|p1a: Vivillon|12/100 par|[from] item: Leftovers
|upkeep
|turn|13
|
|t:|1659661302
|move|p2a: Sukuna|Thousand Arrows|p1a: Vivillon
|-resisted|p1a: Vivillon
|-damage|p1a: Vivillon|0 fnt
|faint|p1a: Vivillon
|
|-heal|p2a: Sukuna|84/100|[from] item: Leftovers
|upkeep
|
|t:|1659661317
|switch|p1a: Cavaleiro Fantasma|Calyrex-Shadow|100/100
|-ability|p1a: Cavaleiro Fantasma|As One
|-ability|p1a: Cavaleiro Fantasma|Unnerve
|-damage|p1a: Cavaleiro Fantasma|88/100|[from] Stealth Rock
|turn|14
|
|t:|1659661323
|move|p1a: Cavaleiro Fantasma|Draining Kiss|p2a: Sukuna
|-supereffective|p2a: Sukuna
|-end|p2a: Sukuna|Substitute
|-heal|p1a: Cavaleiro Fantasma|100/100|[from] drain|[of] p2a: Sukuna
|move|p2a: Sukuna|Glare|p1a: Cavaleiro Fantasma
|-status|p1a: Cavaleiro Fantasma|par
|
|-heal|p2a: Sukuna|90/100|[from] item: Leftovers
|upkeep
|turn|15
|
|t:|1659661329
|switch|p2a: Asta|Yveltal|100/100
|-ability|p2a: Asta|Dark Aura
|move|p1a: Cavaleiro Fantasma|Draining Kiss|p2a: Asta
|-supereffective|p2a: Asta
|-damage|p2a: Asta|74/100
|
|upkeep
|turn|16
|
|t:|1659661337
|switch|p1a: Deus|Arceus, shiny|100/100
|-damage|p1a: Deus|88/100|[from] Stealth Rock
|move|p2a: Asta|Foul Play|p1a: Deus
|-damage|p1a: Deus|35/100
|
|upkeep
|turn|17
|
|t:|1659661344
|move|p1a: Deus|Extreme Speed|p2a: Asta
|-damage|p2a: Asta|31/100
|-damage|p1a: Deus|25/100|[from] item: Life Orb
|move|p2a: Asta|Foul Play|p1a: Deus
|-damage|p1a: Deus|0 fnt
|faint|p1a: Deus
|
|upkeep
|
|t:|1659661348
|switch|p1a: Sombra|Marshadow|94/100
|-damage|p1a: Sombra|88/100|[from] Stealth Rock
|turn|18
|
|t:|1659661353
|switch|p2a: Sukuna|Zygarde|90/100
|-damage|p2a: Sukuna|84/100|[from] Stealth Rock
|move|p1a: Sombra|Shadow Sneak|p2a: Sukuna
|-damage|p2a: Sukuna|67/100
|
|-heal|p2a: Sukuna|73/100|[from] item: Leftovers
|upkeep
|turn|19
|
|t:|1659661362
|move|p1a: Sombra|Spectral Thief|p2a: Sukuna
|-damage|p2a: Sukuna|48/100
|move|p2a: Sukuna|Thousand Arrows|p1a: Sombra
|-damage|p1a: Sombra|46/100
|
|-heal|p2a: Sukuna|54/100|[from] item: Leftovers
|upkeep
|turn|20
|
|t:|1659661371
|move|p1a: Sombra|Rock Tomb|p2a: Sukuna
|-resisted|p2a: Sukuna
|-damage|p2a: Sukuna|45/100
|-unboost|p2a: Sukuna|spe|1
|move|p2a: Sukuna|Thousand Arrows|p1a: Sombra
|-damage|p1a: Sombra|5/100
|
|-heal|p2a: Sukuna|51/100|[from] item: Leftovers
|upkeep
|turn|21
|
|t:|1659661382
|switch|p2a: Zabuza|Zacian-Crowned|16/100
|-damage|p2a: Zabuza|10/100|[from] Stealth Rock
|-ability|p2a: Zabuza|Intrepid Sword|boost
|-boost|p2a: Zabuza|atk|1
|move|p1a: Sombra|Spectral Thief||[still]
|-clearpositiveboost|p2a: Zabuza|p1a: Sombra|move: Spectral Thief
|-boost|p1a: Sombra|atk|1
|-anim|p1a: Sombra|Spectral Thief|p2a: Zabuza
|-damage|p2a: Zabuza|0 fnt
|faint|p2a: Zabuza
|
|upkeep
|
|t:|1659661388
|switch|p2a: Sukuna|Zygarde|51/100
|-damage|p2a: Sukuna|45/100|[from] Stealth Rock
|turn|22
|
|t:|1659661394
|move|p1a: Sombra|Spectral Thief|p2a: Sukuna
|-damage|p2a: Sukuna|6/100
|move|p2a: Sukuna|Thousand Arrows|p1a: Sombra
|-damage|p1a: Sombra|0 fnt
|faint|p1a: Sombra
|
|-heal|p2a: Sukuna|12/100|[from] item: Leftovers
|-activate|p2a: Sukuna|ability: Power Construct
|detailschange|p2a: Sukuna|Zygarde-Complete
|-heal|p2a: Sukuna|42/100|[silent]
|upkeep
|
|t:|1659661402
|switch|p1a: Cavaleiro Fantasma|Calyrex-Shadow|100/100 par
|-ability|p1a: Cavaleiro Fantasma|As One
|-ability|p1a: Cavaleiro Fantasma|Unnerve
|-damage|p1a: Cavaleiro Fantasma|88/100 par|[from] Stealth Rock
|turn|23
|
|t:|1659661406
|switch|p2a: Meliodas|Necrozma-Dusk-Mane|100/100
|-damage|p2a: Meliodas|94/100|[from] Stealth Rock
|cant|p1a: Cavaleiro Fantasma|par
|
|upkeep
|turn|24
|
|t:|1659661412
|switch|p2a: Asta|Yveltal|31/100
|-ability|p2a: Asta|Dark Aura
|move|p1a: Cavaleiro Fantasma|Astral Barrage|p2a: Asta
|-resisted|p2a: Asta
|-damage|p2a: Asta|10/100
|
|upkeep
|turn|25
|
|t:|1659661430
|move|p2a: Asta|Sucker Punch|p1a: Cavaleiro Fantasma
|-supereffective|p1a: Cavaleiro Fantasma
|-crit|p1a: Cavaleiro Fantasma
|-damage|p1a: Cavaleiro Fantasma|0 fnt
|faint|p1a: Cavaleiro Fantasma
|
|win|NameSome2Better
|raw|Aidaen161's rating: 1741 &rarr; <strong>1720</strong><br />(-21 for losing)
|raw|NameSome2Better's rating: 1720 &rarr; <strong>1741</strong><br />(+21 for winning)
|l|☆Aidaen161
||Ladder isn't responding, score probably updated but might not have (Request timeout).
