|j|☆Goffofx
|j|☆Dominator296
|t:|1616371813
|player|p1|Goffofx|unknown|1901
|player|p2|Dominator296|257|1693
|teamsize|p1|6
|teamsize|p2|6
|gametype|singles
|gen|8
|tier|[Gen 8] National Dex AG
|rated|
|clearpoke
|poke|p1|Rayquaza|
|poke|p1|Arceus-*|
|poke|p1|Necrozma-Dusk-Mane|
|poke|p1|Ho-Oh|
|poke|p1|Arceus-*|
|poke|p1|Ditto|
|poke|p2|Kyogre|
|poke|p2|Groudon|
|poke|p2|Deoxys-Attack|
|poke|p2|Necrozma-Dusk-Mane|
|poke|p2|Kyurem-White|
|poke|p2|Arceus-*|
|rule|HP Percentage Mod: HP is shown in percentages
|rule|Endless Battle Clause: Forcing endless battles is banned
|teampreview
|inactive|Battle timer is ON: inactive players will automatically lose when time's up. (requested by Goffofx)
|
|t:|1616371821
|start
|switch|p1a: Arceus|Arceus-Dark|100/100
|switch|p2a: Kyurem|Kyurem-White|100/100
|-ability|p2a: Kyurem|Turboblaze
|turn|1
|j| Beatboxing_Phantom
|c| Beatboxing_Phantom|hai
|
|t:|1616371833
|-start|p2a: Kyurem|Dynamax
|-heal|p2a: Kyurem|100/100|[silent]
|move|p2a: Kyurem|Max Hailstorm|p1a: Arceus
|-damage|p1a: Arceus|59/100
|-weather|Hail
|move|p1a: Arceus|Judgment|p2a: Kyurem
|-damage|p2a: Kyurem|81/100
|
|-weather|Hail|[upkeep]
|-damage|p1a: Arceus|53/100|[from] Hail
|upkeep
|turn|2
|
|t:|1616371844
|move|p2a: Kyurem|Max Quake|p1a: Arceus
|-damage|p1a: Arceus|25/100
|-boost|p2a: Kyurem|spd|1
|move|p1a: Arceus|Recover|p1a: Arceus
|-heal|p1a: Arceus|75/100
|
|-weather|Hail|[upkeep]
|-damage|p1a: Arceus|69/100|[from] Hail
|upkeep
|turn|3
|
|t:|1616371848
|move|p2a: Kyurem|Max Quake|p1a: Arceus
|-damage|p1a: Arceus|40/100
|-boost|p2a: Kyurem|spd|1
|move|p1a: Arceus|Recover|p1a: Arceus
|-heal|p1a: Arceus|90/100
|
|-weather|Hail|[upkeep]
|-damage|p1a: Arceus|84/100|[from] Hail
|-end|p2a: Kyurem|Dynamax
|-heal|p2a: Kyurem|81/100|[silent]
|upkeep
|turn|4
|
|t:|1616371859
|move|p2a: Kyurem|Blizzard|p1a: Arceus
|-damage|p1a: Arceus|49/100
|move|p1a: Arceus|Calm Mind|p1a: Arceus
|-boost|p1a: Arceus|spa|1
|-boost|p1a: Arceus|spd|1
|
|-weather|Hail|[upkeep]
|-damage|p1a: Arceus|43/100|[from] Hail
|upkeep
|turn|5
|
|t:|1616371866
|move|p2a: Kyurem|Blizzard|p1a: Arceus
|-damage|p1a: Arceus|19/100
|move|p1a: Arceus|Recover|p1a: Arceus
|-heal|p1a: Arceus|69/100
|
|-weather|none
|upkeep
|turn|6
|
|t:|1616371890
|switch|p2a: Deoxys|Deoxys-Attack|100/100
|-ability|p2a: Deoxys|Pressure
|move|p1a: Arceus|Recover|p1a: Arceus
|-heal|p1a: Arceus|100/100
|
|upkeep
|turn|7
|
|t:|1616371892
|move|p2a: Deoxys|Taunt|p1a: Arceus
|-start|p1a: Arceus|move: Taunt
|move|p1a: Arceus|Judgment|p2a: Deoxys
|-supereffective|p2a: Deoxys
|-enditem|p2a: Deoxys|Focus Sash
|-damage|p2a: Deoxys|1/100
|
|upkeep
|turn|8
|
|t:|1616371898
|move|p2a: Deoxys|Extreme Speed|p1a: Arceus
|-damage|p1a: Arceus|76/100
|move|p1a: Arceus|Judgment|p2a: Deoxys
|-supereffective|p2a: Deoxys
|-damage|p2a: Deoxys|0 fnt
|faint|p2a: Deoxys
|
|upkeep
|
|t:|1616371902
|switch|p2a: Arceus|Arceus-Flying|100/100
|turn|9
|c| Beatboxing_Phantom|hehe
|c| Beatboxing_Phantom|monke
|
|t:|1616371915
|move|p2a: Arceus|Calm Mind|p2a: Arceus
|-boost|p2a: Arceus|spa|1
|-boost|p2a: Arceus|spd|1
|move|p1a: Arceus|Judgment|p2a: Arceus
|-damage|p2a: Arceus|67/100
|
|-end|p1a: Arceus|move: Taunt
|upkeep
|turn|10
|
|t:|1616371924
|-start|p1a: Arceus|Dynamax
|-heal|p1a: Arceus|76/100|[silent]
|move|p2a: Arceus|Calm Mind|p2a: Arceus
|-boost|p2a: Arceus|spa|1
|-boost|p2a: Arceus|spd|1
|move|p1a: Arceus|Max Darkness|p2a: Arceus
|-crit|p2a: Arceus
|-damage|p2a: Arceus|0 fnt
|faint|p2a: Arceus
|
|upkeep
|c|☆Goffofx|Sorry
|c| Beatboxing_Phantom|:OOO
|inactive|Dominator296 has 120 seconds left.
|
|t:|1616371958
|switch|p2a: Kyurem|Kyurem-White|81/100
|-ability|p2a: Kyurem|Turboblaze
|turn|11
|
|t:|1616371966
|move|p2a: Kyurem|Dragon Pulse|p1a: Arceus
|-damage|p1a: Arceus|68/100
|move|p1a: Arceus|Max Darkness|p2a: Kyurem
|-damage|p2a: Kyurem|6/100
|-unboost|p2a: Kyurem|spd|1
|
|upkeep
|turn|12
|
|t:|1616371971
|move|p1a: Arceus|Max Guard|p1a: Arceus
|-singleturn|p1a: Arceus|Max Guard
|move|p2a: Kyurem|Dragon Pulse|p1a: Arceus
|-activate|p1a: Arceus|move: Max Guard
|
|-end|p1a: Arceus|Dynamax
|-heal|p1a: Arceus|68/100|[silent]
|upkeep
|turn|13
|
|t:|1616371975
|move|p2a: Kyurem|Dragon Pulse|p1a: Arceus
|-damage|p1a: Arceus|51/100
|move|p1a: Arceus|Recover|p1a: Arceus
|-heal|p1a: Arceus|100/100
|
|upkeep
|turn|14
|
|t:|1616371986
|switch|p2a: Groudon|Groudon|100/100
|detailschange|p2a: Groudon|Groudon-Primal
|-primal|p2a: Groudon
|-weather|DesolateLand|[from] ability: Desolate Land|[of] p2a: Groudon
|move|p1a: Arceus|Calm Mind|p1a: Arceus
|-boost|p1a: Arceus|spa|1
|-boost|p1a: Arceus|spd|1
|
|-weather|DesolateLand|[upkeep]
|upkeep
|turn|15
|
|t:|1616371989
|move|p1a: Arceus|Judgment|p2a: Groudon
|-damage|p2a: Groudon|5/100
|move|p2a: Groudon|Fire Punch|p1a: Arceus
|-damage|p1a: Arceus|46/100
|
|-weather|DesolateLand|[upkeep]
|upkeep
|turn|16
|
|t:|1616371993
|move|p1a: Arceus|Judgment|p2a: Groudon
|-damage|p2a: Groudon|0 fnt
|faint|p2a: Groudon
|-weather|none
|
|upkeep
|
|t:|1616371999
|switch|p2a: Necrozma|Necrozma-Dusk-Mane|100/100
|turn|17
|
|t:|1616372009
|move|p1a: Arceus|Judgment|p2a: Necrozma
|-supereffective|p2a: Necrozma
|-damage|p2a: Necrozma|0 fnt
|faint|p2a: Necrozma
|
|upkeep
|
|t:|1616372013
|switch|p2a: Kyogre|Kyogre|100/100
|-weather|RainDance|[from] ability: Drizzle|[of] p2a: Kyogre
|turn|18
|
|t:|1616372018
|move|p2a: Kyogre|Water Spout|p1a: Arceus
|-damage|p1a: Arceus|11/100
|move|p1a: Arceus|Recover|p1a: Arceus
|-heal|p1a: Arceus|61/100
|
|-weather|RainDance|[upkeep]
|upkeep
|turn|19
|c| Beatboxing_Phantom|oeuf
|
|t:|1616372025
|move|p2a: Kyogre|Water Spout|p1a: Arceus
|-damage|p1a: Arceus|30/100
|move|p1a: Arceus|Recover|p1a: Arceus
|-heal|p1a: Arceus|80/100
|
|-weather|RainDance|[upkeep]
|upkeep
|turn|20
|-message|Dominator296 forfeited.
|
|win|Goffofx
|raw|Goffofx's rating: 1901 &rarr; <strong>1910</strong><br />(+9 for winning)
|raw|Dominator296's rating: 1693 &rarr; <strong>1684</strong><br />(-9 for losing)
|l|☆Dominator296
|c|☆Goffofx|Lol
|c|☆Goffofx|i didn’t switch out once
|c|☆Goffofx|never swept w darkceus like that
|c| Beatboxing_Phantom|neat
