|j|☆ImAbroom
|j|☆Makora4
|inactive|Battle timer is ON: inactive players will automatically lose when time's up.
|t:|1658342053
|gametype|singles
|player|p1|ImAbroom|red|
|player|p2|Makora4|ash-kalos|
|teamsize|p1|6
|teamsize|p2|6
|gen|8
|tier|[Gen 8] National Dex AG
|rated|Tournament battle
|rule|HP Percentage Mod: HP is shown in percentages
|rule|Endless Battle Clause: Forcing endless battles is banned
|clearpoke
|poke|p1|Rayquaza|
|poke|p1|Xerneas-*|
|poke|p1|Zacian-*|
|poke|p1|Zygarde|
|poke|p1|Groudon|
|poke|p1|Ho-Oh|
|poke|p2|Groudon|
|poke|p2|Yveltal|
|poke|p2|Smeargle, M|
|poke|p2|Aerodactyl, F|
|poke|p2|Arceus-*|
|poke|p2|Rayquaza|
|teampreview
|inactive|Makora4 also wants the timer to be on.
|
|t:|1658342063
|start
|switch|p1a: Upper Moon 3|Zacian-Crowned|100/100
|switch|p2a: Groudon|Groudon|100/100
|-ability|p1a: Upper Moon 3|Intrepid Sword|boost
|-boost|p1a: Upper Moon 3|atk|1
|detailschange|p2a: Groudon|Groudon-Primal
|-primal|p2a: Groudon
|-weather|DesolateLand|[from] ability: Desolate Land|[of] p2a: Groudon
|turn|1
|inactive|ImAbroom has 120 seconds left.
|
|t:|1658342093
|switch|p1a: Upper Moon 4|Zygarde|100/100
|-weather|none
|switch|p2a: Aerodactyl|Aerodactyl, F|100/100
|-ability|p2a: Aerodactyl|Pressure
|
|upkeep
|turn|2
|
|t:|1658342102
|move|p2a: Aerodactyl|Taunt|p1a: Upper Moon 4
|-start|p1a: Upper Moon 4|move: Taunt
|move|p1a: Upper Moon 4|Thousand Arrows|p2a: Aerodactyl
|-damage|p2a: Aerodactyl|57/100
|-start|p2a: Aerodactyl|Smack Down
|
|upkeep
|turn|3
|
|t:|1658342105
|switch|p1a: Upper Moon 3|Zacian-Crowned|100/100
|-ability|p1a: Upper Moon 3|Intrepid Sword|boost
|-boost|p1a: Upper Moon 3|atk|1
|move|p2a: Aerodactyl|Stealth Rock|p1a: Upper Moon 3
|-sidestart|p1: ImAbroom|move: Stealth Rock
|
|upkeep
|turn|4
|
|t:|1658342108
|switch|p2a: Groudon|Groudon-Primal|100/100
|-weather|DesolateLand|[from] ability: Desolate Land|[of] p2a: Groudon
|move|p1a: Upper Moon 3|Behemoth Blade|p2a: Groudon
|-resisted|p2a: Groudon
|-damage|p2a: Groudon|74/100
|
|-weather|DesolateLand|[upkeep]
|upkeep
|turn|5
|
|t:|1658342113
|switch|p1a: Upper Moon 4|Zygarde|100/100
|-damage|p1a: Upper Moon 4|94/100|[from] Stealth Rock
|move|p2a: Groudon|Fire Blast|p1a: Upper Moon 4|[miss]
|-miss|p2a: Groudon|p1a: Upper Moon 4
|
|-weather|DesolateLand|[upkeep]
|-heal|p1a: Upper Moon 4|100/100|[from] item: Leftovers
|upkeep
|turn|6
|
|t:|1658342119
|move|p2a: Groudon|Precipice Blades|p1a: Upper Moon 4
|-damage|p1a: Upper Moon 4|54/100
|move|p1a: Upper Moon 4|Glare|p2a: Groudon
|-status|p2a: Groudon|par
|
|-weather|DesolateLand|[upkeep]
|-heal|p1a: Upper Moon 4|61/100|[from] item: Leftovers
|upkeep
|turn|7
|
|t:|1658342122
|-weather|none
|switch|p2a: Aerodactyl|Aerodactyl, F|57/100
|-ability|p2a: Aerodactyl|Pressure
|move|p1a: Upper Moon 4|Dragon Dance|p1a: Upper Moon 4
|-boost|p1a: Upper Moon 4|atk|1
|-boost|p1a: Upper Moon 4|spe|1
|
|-heal|p1a: Upper Moon 4|67/100|[from] item: Leftovers
|upkeep
|turn|8
|
|t:|1658342126
|switch|p2a: Groudon|Groudon-Primal|74/100 par
|-weather|DesolateLand|[from] ability: Desolate Land|[of] p2a: Groudon
|move|p1a: Upper Moon 4|Thousand Arrows|p2a: Groudon
|-supereffective|p2a: Groudon
|-damage|p2a: Groudon|15/100 par
|
|-weather|DesolateLand|[upkeep]
|-heal|p1a: Upper Moon 4|73/100|[from] item: Leftovers
|upkeep
|turn|9
|
|t:|1658342128
|move|p1a: Upper Moon 4|Substitute|p1a: Upper Moon 4
|-start|p1a: Upper Moon 4|Substitute
|-damage|p1a: Upper Moon 4|48/100
|move|p2a: Groudon|Precipice Blades|p1a: Upper Moon 4
|-end|p1a: Upper Moon 4|Substitute
|
|-weather|DesolateLand|[upkeep]
|-heal|p1a: Upper Moon 4|54/100|[from] item: Leftovers
|upkeep
|turn|10
|
|t:|1658342131
|move|p1a: Upper Moon 4|Substitute|p1a: Upper Moon 4
|-start|p1a: Upper Moon 4|Substitute
|-damage|p1a: Upper Moon 4|30/100
|move|p2a: Groudon|Precipice Blades|p1a: Upper Moon 4
|-end|p1a: Upper Moon 4|Substitute
|
|-weather|DesolateLand|[upkeep]
|-heal|p1a: Upper Moon 4|36/100|[from] item: Leftovers
|-activate|p1a: Upper Moon 4|ability: Power Construct
|detailschange|p1a: Upper Moon 4|Zygarde-Complete
|-heal|p1a: Upper Moon 4|58/100|[silent]
|upkeep
|turn|11
|
|t:|1658342135
|move|p1a: Upper Moon 4|Dragon Dance|p1a: Upper Moon 4
|-boost|p1a: Upper Moon 4|atk|1
|-boost|p1a: Upper Moon 4|spe|1
|move|p2a: Groudon|Precipice Blades|p1a: Upper Moon 4
|-damage|p1a: Upper Moon 4|30/100
|
|-weather|DesolateLand|[upkeep]
|-heal|p1a: Upper Moon 4|37/100|[from] item: Leftovers
|upkeep
|turn|12
|
|t:|1658342137
|move|p1a: Upper Moon 4|Thousand Arrows|p2a: Groudon
|-supereffective|p2a: Groudon
|-damage|p2a: Groudon|0 fnt
|faint|p2a: Groudon
|-weather|none
|
|-heal|p1a: Upper Moon 4|43/100|[from] item: Leftovers
|upkeep
|
|t:|1658342140
|switch|p2a: Rayquaza|Rayquaza|100/100
|-ability|p2a: Rayquaza|Air Lock
|turn|13
|
|t:|1658342144
|detailschange|p2a: Rayquaza|Rayquaza-Mega
|-mega|p2a: Rayquaza|Rayquaza|
|-weather|DeltaStream|[from] ability: Delta Stream|[of] p2a: Rayquaza
|move|p1a: Upper Moon 4|Glare|p2a: Rayquaza
|-status|p2a: Rayquaza|par
|cant|p2a: Rayquaza|par
|
|-weather|DeltaStream|[upkeep]
|-heal|p1a: Upper Moon 4|49/100|[from] item: Leftovers
|upkeep
|turn|14
|
|t:|1658342150
|move|p1a: Upper Moon 4|Thousand Arrows|p2a: Rayquaza
|-damage|p2a: Rayquaza|43/100 par
|-start|p2a: Rayquaza|Smack Down
|cant|p2a: Rayquaza|par
|
|-weather|DeltaStream|[upkeep]
|-heal|p1a: Upper Moon 4|55/100|[from] item: Leftovers
|upkeep
|turn|15
|
|t:|1658342154
|move|p1a: Upper Moon 4|Thousand Arrows|p2a: Rayquaza
|-damage|p2a: Rayquaza|0 fnt
|faint|p2a: Rayquaza
|-weather|none
|
|-heal|p1a: Upper Moon 4|61/100|[from] item: Leftovers
|upkeep
|
|t:|1658342158
|switch|p2a: Smeargle|Smeargle, M|100/100
|turn|16
|c|☆Makora4|Your soo fucking lucky lmao
|-message|Makora4 forfeited.
|
|win|ImAbroom
|n|☆ImAbroom|imabroom
|n|☆Makora4|makora4
