|j|☆PepsiPHD
|j|☆CLEAR GEM清瑜
|t:|1664074029
|gametype|singles
|player|p1|PepsiPHD|li|1616
|player|p2|CLEAR GEM清瑜|skierf|1837
|teamsize|p1|6
|teamsize|p2|6
|gen|8
|tier|[Gen 8] National Dex AG
|rated|
|rule|HP Percentage Mod: HP is shown in percentages
|rule|Endless Battle Clause: Forcing endless battles is banned
|clearpoke
|poke|p1|Flygon, M|
|poke|p1|Banette, F|
|poke|p1|Scizor, M|
|poke|p1|Moltres-Galar|
|poke|p1|Lugia|
|poke|p1|Regieleki|
|poke|p2|Rayquaza|
|poke|p2|Groudon|
|poke|p2|Necrozma-Dusk-Mane|
|poke|p2|Arceus-*|
|poke|p2|Zacian-*|
|poke|p2|Yveltal|
|teampreview
|inactive|Battle timer is ON: inactive players will automatically lose when time's up. (requested by CLEAR GEM清瑜)
|
|t:|1664074039
|start
|switch|p1a: Lugia|Lugia|100/100
|switch|p2a: 不会(?)|Groudon|100/100
|-ability|p1a: Lugia|Pressure
|detailschange|p2a: 不会(?)|Groudon-Primal
|-primal|p2a: 不会(?)
|-weather|DesolateLand|[from] ability: Desolate Land|[of] p2a: 不会(?)
|turn|1
|
|t:|1664074052
|move|p1a: Lugia|Aeroblast|p2a: 不会(?)
|-damage|p2a: 不会(?)|47/100
|move|p2a: 不会(?)|Stealth Rock|p1a: Lugia
|-sidestart|p1: PepsiPHD|move: Stealth Rock
|
|-weather|DesolateLand|[upkeep]
|upkeep
|turn|2
|
|t:|1664074056
|move|p1a: Lugia|Aeroblast|p2a: 不会(?)
|-damage|p2a: 不会(?)|0 fnt
|faint|p2a: 不会(?)
|-weather|none
|
|upkeep
|
|t:|1664074059
|switch|p2a: 老烈|Rayquaza, shiny|100/100
|-ability|p2a: 老烈|Air Lock
|turn|3
|
|t:|1664074075
|detailschange|p2a: 老烈|Rayquaza-Mega, shiny
|-mega|p2a: 老烈|Rayquaza|
|-weather|DeltaStream|[from] ability: Delta Stream|[of] p2a: 老烈
|move|p1a: Lugia|Aeroblast|p2a: 老烈
|-damage|p2a: 老烈|47/100
|move|p2a: 老烈|Dragon Ascent|p1a: Lugia
|-damage|p1a: Lugia|38/100
|-unboost|p2a: 老烈|def|1
|-unboost|p2a: 老烈|spd|1
|
|-weather|DeltaStream|[upkeep]
|upkeep
|turn|4
|
|t:|1664074084
|move|p2a: 老烈|Extreme Speed|p1a: Lugia
|-damage|p1a: Lugia|6/100
|move|p1a: Lugia|Aeroblast|p2a: 老烈
|-crit|p2a: 老烈
|-damage|p2a: 老烈|0 fnt
|faint|p2a: 老烈
|-weather|none
|
|upkeep
|
|t:|1664074089
|switch|p2a: 嘉然小姐的狗|Zacian-Crowned|100/100
|-ability|p2a: 嘉然小姐的狗|Intrepid Sword|boost
|-boost|p2a: 嘉然小姐的狗|atk|1
|turn|5
|
|t:|1664074091
|move|p2a: 嘉然小姐的狗|Quick Attack|p1a: Lugia
|-damage|p1a: Lugia|0 fnt
|faint|p1a: Lugia
|
|upkeep
|
|t:|1664074095
|switch|p1a: Regieleki|Regieleki|100/100
|-damage|p1a: Regieleki|88/100|[from] Stealth Rock
|turn|6
|
|t:|1664074098
|move|p1a: Regieleki|Volt Switch|p2a: 嘉然小姐的狗
|-damage|p2a: 嘉然小姐的狗|61/100
|
|t:|1664074100
|switch|p1a: Scizor|Scizor, M|100/100|[from]move: Volt Switch
|-damage|p1a: Scizor|88/100|[from] Stealth Rock
|move|p2a: 嘉然小姐的狗|Close Combat|p1a: Scizor
|-damage|p1a: Scizor|12/100
|-unboost|p2a: 嘉然小姐的狗|def|1
|-unboost|p2a: 嘉然小姐的狗|spd|1
|
|upkeep
|turn|7
|
|t:|1664074104
|move|p2a: 嘉然小姐的狗|Quick Attack|p1a: Scizor
|-resisted|p1a: Scizor
|-damage|p1a: Scizor|0 fnt
|faint|p1a: Scizor
|
|upkeep
|
|t:|1664074111
|switch|p1a: Regieleki|Regieleki|88/100
|-damage|p1a: Regieleki|76/100|[from] Stealth Rock
|turn|8
|
|t:|1664074113
|-start|p1a: Regieleki|Dynamax|
|-heal|p1a: Regieleki|76/100|[silent]
|move|p2a: 嘉然小姐的狗|Quick Attack|p1a: Regieleki
|-damage|p1a: Regieleki|46/100
|move|p1a: Regieleki|Max Lightning|p2a: 嘉然小姐的狗
|-damage|p2a: 嘉然小姐的狗|0 fnt
|-fieldstart|move: Electric Terrain
|faint|p2a: 嘉然小姐的狗
|
|upkeep
|
|t:|1664074123
|switch|p2a: 钢铁之躯|Necrozma-Dusk-Mane|100/100
|turn|9
|
|t:|1664074125
|detailschange|p2a: 钢铁之躯|Necrozma-Ultra
|-burst|p2a: 钢铁之躯|Necrozma|Ultranecrozium Z
|move|p1a: Regieleki|Max Lightning|p2a: 钢铁之躯
|-resisted|p2a: 钢铁之躯
|-damage|p2a: 钢铁之躯|33/100
|move|p2a: 钢铁之躯|Earthquake|p1a: Regieleki
|-supereffective|p1a: Regieleki
|-damage|p1a: Regieleki|0 fnt
|faint|p1a: Regieleki
|
|upkeep
|
|t:|1664074130
|switch|p1a: Flygon|Flygon, M|100/100
|-damage|p1a: Flygon|95/100|[from] Stealth Rock
|turn|10
|
|t:|1664074135
|move|p1a: Flygon|Outrage|p2a: 钢铁之躯
|-supereffective|p2a: 钢铁之躯
|-damage|p2a: 钢铁之躯|0 fnt
|faint|p2a: 钢铁之躯
|
|upkeep
|
|t:|1664074138
|switch|p2a: Y鸟|Yveltal|100/100
|-ability|p2a: Y鸟|Dark Aura
|turn|11
|
|t:|1664074140
|-start|p2a: Y鸟|Dynamax|
|-heal|p2a: Y鸟|100/100|[silent]
|move|p1a: Flygon|Outrage|p2a: Y鸟|[from]lockedmove
|-damage|p2a: Y鸟|76/100
|move|p2a: Y鸟|Max Airstream|p1a: Flygon
|-damage|p1a: Flygon|0 fnt
|-boost|p2a: Y鸟|spe|1
|faint|p1a: Flygon
|-damage|p2a: Y鸟|71/100|[from] item: Life Orb
|
|upkeep
|
|t:|1664074142
|switch|p1a: Banette|Banette, F|100/100
|-damage|p1a: Banette|88/100|[from] Stealth Rock
|turn|12
|
|t:|1664074145
|detailschange|p1a: Banette|Banette-Mega, F
|-mega|p1a: Banette|Banette|Banettite
|move|p1a: Banette|Substitute|p1a: Banette
|-start|p1a: Banette|Substitute
|-damage|p1a: Banette|63/100
|move|p2a: Y鸟|Max Darkness|p1a: Banette
|-supereffective|p1a: Banette
|-end|p1a: Banette|Substitute
|-unboost|p1a: Banette|spd|1
|-damage|p2a: Y鸟|66/100|[from] item: Life Orb
|
|-fieldend|move: Electric Terrain
|upkeep
|turn|13
|
|t:|1664074153
|move|p1a: Banette|Substitute|p1a: Banette
|-start|p1a: Banette|Substitute
|-damage|p1a: Banette|38/100
|move|p2a: Y鸟|Max Darkness|p1a: Banette
|-supereffective|p1a: Banette
|-end|p1a: Banette|Substitute
|-unboost|p1a: Banette|spd|1
|-damage|p2a: Y鸟|62/100|[from] item: Life Orb
|
|upkeep
|-end|p2a: Y鸟|Dynamax
|-heal|p2a: Y鸟|62/100|[silent]
|turn|14
|
|t:|1664074156
|switch|p1a: Moltres|Moltres-Galar|100/100
|-damage|p1a: Moltres|76/100|[from] Stealth Rock
|move|p2a: Y鸟|Taunt|p1a: Moltres
|-start|p1a: Moltres|move: Taunt
|
|-heal|p1a: Moltres|82/100|[from] item: Leftovers
|upkeep
|turn|15
|
|t:|1664074160
|move|p2a: Y鸟|Oblivion Wing|p1a: Moltres
|-damage|p1a: Moltres|25/100
|-heal|p2a: Y鸟|96/100|[from] drain|[of] p1a: Moltres
|-ability|p1a: Moltres|Berserk|boost
|-boost|p1a: Moltres|spa|1
|-damage|p2a: Y鸟|86/100|[from] item: Life Orb
|move|p1a: Moltres|Air Slash|p2a: Y鸟
|-damage|p2a: Y鸟|42/100
|
|-heal|p1a: Moltres|31/100|[from] item: Leftovers
|upkeep
|turn|16
|
|t:|1664074164
|move|p2a: Y鸟|Oblivion Wing|p1a: Moltres
|-damage|p1a: Moltres|0 fnt
|-heal|p2a: Y鸟|60/100|[from] drain|[of] p1a: Moltres
|faint|p1a: Moltres
|-damage|p2a: Y鸟|50/100|[from] item: Life Orb
|
|upkeep
|
|t:|1664074168
|switch|p1a: Banette|Banette-Mega, F|38/100
|-damage|p1a: Banette|26/100|[from] Stealth Rock
|turn|17
|
|t:|1664074171
|move|p1a: Banette|Destiny Bond|p1a: Banette
|-singlemove|p1a: Banette|Destiny Bond
|move|p2a: Y鸟|Oblivion Wing|p1a: Banette
|-damage|p1a: Banette|0 fnt
|-heal|p2a: Y鸟|63/100|[from] drain|[of] p1a: Banette
|faint|p1a: Banette
|-activate|p1a: Banette|move: Destiny Bond
|faint|p2a: Y鸟
|
|win|CLEAR GEM清瑜
|raw|PepsiPHD's rating: 1616 &rarr; <strong>1607</strong><br />(-9 for losing)
|raw|CLEAR GEM清瑜's rating: 1837 &rarr; <strong>1846</strong><br />(+9 for winning)
|l|☆PepsiPHD
||Ladder isn't responding, score probably updated but might not have (Request timeout).
