|j|☆HelloWenston
|j|☆TwTv Bepersch
|t:|1654266572
|gametype|singles
|player|p1|HelloWenston|lenora|
|player|p2|TwTv Bepersch|marnie|
|teamsize|p1|6
|teamsize|p2|6
|gen|8
|tier|[Gen 8] National Dex AG
|rule|HP Percentage Mod: HP is shown in percentages
|rule|Endless Battle Clause: Forcing endless battles is banned
|clearpoke
|poke|p1|Arceus-*|
|poke|p1|Arceus-*|
|poke|p1|Arceus-*|
|poke|p1|Arceus-*|
|poke|p1|Arceus-*|
|poke|p1|Arceus-*|
|poke|p2|Arceus-*|
|poke|p2|Arceus-*|
|poke|p2|Arceus-*|
|poke|p2|Arceus-*|
|poke|p2|Arceus-*|
|poke|p2|Arceus-*|
|teampreview
|inactive|Battle timer is ON: inactive players will automatically lose when time's up. (requested by HelloWenston)
|
|t:|1654266586
|start
|switch|p1a: BloomigRequiem|Arceus-Fairy|100/100
|switch|p2a: BloomingRequiem|Arceus-Fairy|100/100
|turn|1
|
|t:|1654266594
|move|p2a: BloomingRequiem|Stealth Rock|p1a: BloomigRequiem
|-sidestart|p1: HelloWenston|move: Stealth Rock
|move|p1a: BloomigRequiem|Thunder Wave|p2a: BloomingRequiem
|-status|p2a: BloomingRequiem|par
|
|upkeep
|turn|2
|
|t:|1654266598
|switch|p2a: Ursun|Arceus-Ground|100/100
|move|p1a: BloomigRequiem|Stealth Rock|p2a: Ursun
|-sidestart|p2: TwTv Bepersch|move: Stealth Rock
|
|upkeep
|turn|3
|
|t:|1654266608
|move|p2a: Ursun|Swords Dance|p2a: Ursun
|-boost|p2a: Ursun|atk|2
|move|p1a: BloomigRequiem|Thunder Wave|p2a: Ursun
|-immune|p2a: Ursun
|
|upkeep
|turn|4
|c|☆HelloWenston|а
|c|☆HelloWenston|электрическая
|c|☆HelloWenston|так электрическая сандер
|c|☆HelloWenston|вейв
|inactive|HelloWenston has 270 seconds left.
|
|t:|1654266642
|move|p2a: Ursun|Swords Dance|p2a: Ursun
|-boost|p2a: Ursun|atk|2
|move|p1a: BloomigRequiem|Stealth Rock||[still]
|-fail|p1a: BloomigRequiem
|
|upkeep
|turn|5
|
|t:|1654266649
|move|p2a: Ursun|Earthquake|p1a: BloomigRequiem
|-damage|p1a: BloomigRequiem|14/100
|move|p1a: BloomigRequiem|Judgment|p2a: Ursun
|-damage|p2a: Ursun|61/100
|
|upkeep
|turn|6
|
|t:|1654266655
|move|p2a: Ursun|Earthquake|p1a: BloomigRequiem
|-damage|p1a: BloomigRequiem|0 fnt
|faint|p1a: BloomigRequiem
|
|upkeep
|inactive|HelloWenston has 270 seconds left.
|
|t:|1654266685
|switch|p1a: Bepersch|Arceus-Ghost|100/100
|-damage|p1a: Bepersch|88/100|[from] Stealth Rock
|turn|7
|inactive|HelloWenston has 240 seconds left.
|
|t:|1654266720
|-start|p1a: Bepersch|Dynamax|
|-heal|p1a: Bepersch|88/100|[silent]
|move|p2a: Ursun|Earthquake|p1a: Bepersch
|-damage|p1a: Bepersch|21/100
|move|p1a: Bepersch|Max Phantasm|p2a: Ursun
|-damage|p2a: Ursun|0 fnt
|faint|p2a: Ursun
|
|upkeep
|
|t:|1654266739
|switch|p2a: Jonny|Arceus-Flying|100/100
|-damage|p2a: Jonny|76/100|[from] Stealth Rock
|turn|8
|inactive|HelloWenston has 240 seconds left.
|
|t:|1654266753
|move|p2a: Jonny|Judgment|p1a: Bepersch
|-damage|p1a: Bepersch|0 fnt
|faint|p1a: Bepersch
|
|upkeep
|inactive|HelloWenston has 240 seconds left.
|
|t:|1654266764
|switch|p1a: Ursun|Arceus-Ground|100/100
|-damage|p1a: Ursun|94/100|[from] Stealth Rock
|turn|9
|inactive|HelloWenston has 240 seconds left.
|
|t:|1654266771
|move|p1a: Ursun|Swords Dance|p1a: Ursun
|-boost|p1a: Ursun|atk|2
|move|p2a: Jonny|Calm Mind|p2a: Jonny
|-boost|p2a: Jonny|spa|1
|-boost|p2a: Jonny|spd|1
|
|upkeep
|turn|10
|
|t:|1654266775
|-start|p2a: Jonny|Dynamax|
|-heal|p2a: Jonny|76/100|[silent]
|move|p1a: Ursun|Swords Dance|p1a: Ursun
|-boost|p1a: Ursun|atk|2
|move|p2a: Jonny|Max Airstream|p1a: Ursun
|-damage|p1a: Ursun|12/100
|-boost|p2a: Jonny|spe|1
|
|upkeep
|turn|11
|
|t:|1654266780
|move|p2a: Jonny|Max Ooze|p1a: Ursun
|-resisted|p1a: Ursun
|-damage|p1a: Ursun|0 fnt
|-boost|p2a: Jonny|spa|1
|faint|p1a: Ursun
|
|upkeep
|
|t:|1654266798
|switch|p1a: zLex_|Arceus-Fire|100/100
|-damage|p1a: zLex_|75/100|[from] Stealth Rock
|turn|12
|
|t:|1654266806
|move|p2a: Jonny|Max Quake|p1a: zLex_
|-supereffective|p1a: zLex_
|-damage|p1a: zLex_|0 fnt
|-boost|p2a: Jonny|spd|1
|faint|p1a: zLex_
|
|upkeep
|
|t:|1654266810
|switch|p1a: PromotExLL|Arceus-Dark|100/100
|-damage|p1a: PromotExLL|88/100|[from] Stealth Rock
|-end|p2a: Jonny|Dynamax
|-heal|p2a: Jonny|76/100|[silent]
|turn|13
|
|t:|1654266813
|move|p2a: Jonny|Judgment|p1a: PromotExLL
|-damage|p1a: PromotExLL|32/100
|move|p1a: PromotExLL|Toxic|p2a: Jonny
|-status|p2a: Jonny|tox
|
|-damage|p2a: Jonny|70/100 tox|[from] psn
|upkeep
|turn|14
|
|t:|1654266819
|move|p2a: Jonny|Judgment|p1a: PromotExLL
|-damage|p1a: PromotExLL|0 fnt
|faint|p1a: PromotExLL
|
|-damage|p2a: Jonny|57/100 tox|[from] psn
|upkeep
|
|t:|1654266821
|switch|p1a: Jonny|Arceus-Flying|100/100
|-damage|p1a: Jonny|76/100|[from] Stealth Rock
|turn|15
|
|t:|1654266832
|move|p2a: Jonny|Judgment|p1a: Jonny
|-damage|p1a: Jonny|0 fnt
|faint|p1a: Jonny
|
|win|TwTv Bepersch
|l|☆HelloWenston
