|j|☆Naofumi_Bakugo_Jax
|j|☆yarik667
|t:|1661839397
|gametype|singles
|player|p1|Naofumi_Bakugo_Jax|266|1586
|player|p2|yarik667|marnie-masters|1757
|teamsize|p1|6
|teamsize|p2|6
|gen|8
|tier|[Gen 8] National Dex AG
|rated|
|rule|HP Percentage Mod: HP is shown in percentages
|rule|Endless Battle Clause: Forcing endless battles is banned
|clearpoke
|poke|p1|Kyogre|
|poke|p1|Swampert, M|
|poke|p1|Zacian-*|
|poke|p1|Calyrex-Shadow|
|poke|p1|Yveltal|
|poke|p1|Arceus-*|
|poke|p2|Sableye, M|
|poke|p2|Arceus-*|
|poke|p2|Chansey, F|
|poke|p2|Giratina|
|poke|p2|Lugia|
|poke|p2|Necrozma-Dusk-Mane|
|teampreview
|inactive|Battle timer is ON: inactive players will automatically lose when time's up. (requested by yarik667)
|inactive|Naofumi_Bakugo_Jax has 120 seconds left.
|
|t:|1661839438
|start
|switch|p1a: Calyrex|Calyrex-Shadow|100/100
|switch|p2a: Sableye|Sableye, M|100/100
|-ability|p1a: Calyrex|As One
|-ability|p1a: Calyrex|Unnerve
|turn|1
|
|t:|1661839445
|detailschange|p2a: Sableye|Sableye-Mega, M
|-mega|p2a: Sableye|Sableye|Sablenite
|move|p2a: Sableye|Protect|p2a: Sableye
|-singleturn|p2a: Sableye|Protect
|move|p1a: Calyrex|Nasty Plot|p1a: Calyrex
|-boost|p1a: Calyrex|spa|2
|
|upkeep
|turn|2
|
|t:|1661839461
|move|p1a: Calyrex|Nasty Plot|p1a: Calyrex
|-boost|p1a: Calyrex|spa|2
|move|p2a: Sableye|Foul Play|p1a: Calyrex
|-supereffective|p1a: Calyrex
|-enditem|p1a: Calyrex|Focus Sash
|-damage|p1a: Calyrex|1/100
|
|upkeep
|turn|3
|
|t:|1661839476
|move|p1a: Calyrex|Baton Pass|p1a: Calyrex
|
|t:|1661839485
|switch|p1a: Yveltal|Yveltal, shiny|100/100|[from]move: Baton Pass
|-ability|p1a: Yveltal|Dark Aura
|move|p2a: Sableye|Foul Play|p1a: Yveltal
|-resisted|p1a: Yveltal
|-damage|p1a: Yveltal|82/100
|
|upkeep
|turn|4
|
|t:|1661839504
|-start|p1a: Yveltal|Dynamax|
|-heal|p1a: Yveltal|82/100|[silent]
|move|p2a: Sableye|Protect|p2a: Sableye
|-singleturn|p2a: Sableye|Protect
|move|p1a: Yveltal|Max Darkness|p2a: Sableye
|-zbroken|p2a: Sableye
|-damage|p2a: Sableye|26/100
|-unboost|p2a: Sableye|spd|1
|
|upkeep
|turn|5
|
|t:|1661839533
|move|p2a: Sableye|Protect||[still]
|-fail|p2a: Sableye
|move|p1a: Yveltal|Max Airstream|p2a: Sableye
|-damage|p2a: Sableye|0 fnt
|-boost|p1a: Yveltal|spe|1
|faint|p2a: Sableye
|
|upkeep
|
|t:|1661839538
|switch|p2a: Arceus|Arceus-Fairy|100/100
|turn|6
|
|t:|1661839544
|-start|p2a: Arceus|Dynamax|
|-heal|p2a: Arceus|100/100|[silent]
|move|p1a: Yveltal|Max Airstream|p2a: Arceus
|-damage|p2a: Arceus|42/100
|-boost|p1a: Yveltal|spe|1
|move|p2a: Arceus|Max Starfall|p1a: Yveltal
|-supereffective|p1a: Yveltal
|-damage|p1a: Yveltal|30/100
|-fieldstart|move: Misty Terrain
|
|upkeep
|-end|p1a: Yveltal|Dynamax
|-heal|p1a: Yveltal|30/100|[silent]
|turn|7
|
|t:|1661839554
|move|p1a: Yveltal|Oblivion Wing|p2a: Arceus
|-damage|p2a: Arceus|10/100
|-heal|p1a: Yveltal|84/100|[from] drain|[of] p2a: Arceus
|move|p2a: Arceus|Max Starfall|p1a: Yveltal
|-supereffective|p1a: Yveltal
|-damage|p1a: Yveltal|0 fnt
|faint|p1a: Yveltal
|
|upkeep
|inactive|Naofumi_Bakugo_Jax has 120 seconds left.
|
|t:|1661839596
|switch|p1a: Kyogre|Kyogre|100/100
|-weather|RainDance|[from] ability: Drizzle|[of] p1a: Kyogre
|turn|8
|inactive|yarik667 has 120 seconds left.
|
|t:|1661839632
|move|p1a: Kyogre|Water Spout|p2a: Arceus
|-damage|p2a: Arceus|0 fnt
|faint|p2a: Arceus
|
|-weather|RainDance|[upkeep]
|upkeep
|
|t:|1661839634
|switch|p2a: Chansey|Chansey, F|100/100
|turn|9
|
|t:|1661839645
|switch|p1a: Arceus|Arceus|100/100
|move|p2a: Chansey|Confide|p1a: Arceus
|-unboost|p1a: Arceus|spa|1
|
|-weather|RainDance|[upkeep]
|upkeep
|turn|10
|inactive|Naofumi_Bakugo_Jax has 120 seconds left.
|
|t:|1661839665
|switch|p2a: Giratina|Giratina, shiny|100/100
|-ability|p2a: Giratina|Pressure
|move|p1a: Arceus|Magic Coat|p1a: Arceus
|-singleturn|p1a: Arceus|move: Magic Coat
|
|-weather|RainDance|[upkeep]
|-fieldend|Misty Terrain
|upkeep
|turn|11
|inactive|Naofumi_Bakugo_Jax has 120 seconds left.
|inactive|yarik667 has 120 seconds left.
|
|t:|1661839696
|move|p1a: Arceus|Magic Coat|p1a: Arceus
|-singleturn|p1a: Arceus|move: Magic Coat
|move|p2a: Giratina|Toxic|p1a: Arceus
|move|p1a: Arceus|Toxic|p2a: Giratina|[from]Magic Coat
|-status|p2a: Giratina|tox
|
|-weather|RainDance|[upkeep]
|-damage|p2a: Giratina|94/100 tox|[from] psn
|upkeep
|turn|12
|
|t:|1661839708
|move|p1a: Arceus|Tailwind|p1a: Arceus
|-sidestart|p1: Naofumi_Bakugo_Jax|move: Tailwind
|move|p2a: Giratina|Rest|p2a: Giratina
|-status|p2a: Giratina|slp|[from] move: Rest
|-heal|p2a: Giratina|100/100 slp|[silent]
|
|-weather|none
|upkeep
|turn|13
|
|t:|1661839719
|switch|p1a: Zacian|Zacian-Crowned|100/100
|-ability|p1a: Zacian|Intrepid Sword|boost
|-boost|p1a: Zacian|atk|1
|cant|p2a: Giratina|slp
|
|upkeep
|turn|14
|
|t:|1661839737
|switch|p2a: Necrozma|Necrozma-Dusk-Mane|100/100
|move|p1a: Zacian|Behemoth Blade|p2a: Necrozma
|-resisted|p2a: Necrozma
|-damage|p2a: Necrozma|72/100
|-damage|p1a: Zacian|84/100|[from] item: Rocky Helmet|[of] p2a: Necrozma
|
|upkeep
|turn|15
|
|t:|1661839748
|switch|p1a: Calyrex|Calyrex-Shadow|1/100
|-ability|p1a: Calyrex|As One
|-ability|p1a: Calyrex|Unnerve
|move|p2a: Necrozma|Stealth Rock|p1a: Calyrex
|-sidestart|p1: Naofumi_Bakugo_Jax|move: Stealth Rock
|
|-sideend|p1: Naofumi_Bakugo_Jax|move: Tailwind
|upkeep
|turn|16
|inactive|Naofumi_Bakugo_Jax has 120 seconds left.
|
|t:|1661839757
|switch|p2a: Chansey|Chansey, F|100/100
|move|p1a: Calyrex|Taunt|p2a: Chansey
|-start|p2a: Chansey|move: Taunt
|
|upkeep
|turn|17
|inactive|Naofumi_Bakugo_Jax has 120 seconds left.
|
|t:|1661839770
|move|p1a: Calyrex|Astral Barrage|p2a: Chansey
|-immune|p2a: Chansey
|-activate|p2a: Chansey|move: Struggle
|move|p2a: Chansey|Struggle|p1a: Calyrex
|-damage|p1a: Calyrex|0 fnt
|faint|p1a: Calyrex
|-damage|p2a: Chansey|75/100|[from] recoil
|
|upkeep
|inactive|Naofumi_Bakugo_Jax has 120 seconds left.
|
|t:|1661839791
|switch|p1a: Swampert|Swampert, M|100/100
|-damage|p1a: Swampert|94/100|[from] Stealth Rock
|turn|18
|
|t:|1661839813
|switch|p2a: Lugia|Lugia, shiny|100/100
|detailschange|p1a: Swampert|Swampert-Mega, M
|-mega|p1a: Swampert|Swampert|Swampertite
|move|p1a: Swampert|Flip Turn|p2a: Lugia
|-damage|p2a: Lugia|91/100
|inactive|Naofumi_Bakugo_Jax has 90 seconds left.
|
|t:|1661839830
|switch|p1a: Zacian|Zacian-Crowned|84/100|[from]move: Flip Turn
|-damage|p1a: Zacian|78/100|[from] Stealth Rock
|-ability|p1a: Zacian|Intrepid Sword|boost
|-boost|p1a: Zacian|atk|1
|
|upkeep
|turn|19
|
|t:|1661839842
|move|p1a: Zacian|Wild Charge|p2a: Lugia
|-supereffective|p2a: Lugia
|-damage|p2a: Lugia|33/100
|-damage|p1a: Zacian|59/100|[from] Recoil
|move|p2a: Lugia|Roost|p2a: Lugia
|-heal|p2a: Lugia|83/100
|-singleturn|p2a: Lugia|move: Roost
|
|upkeep
|turn|20
|
|t:|1661839855
|switch|p1a: Swampert|Swampert-Mega, M|94/100
|-damage|p1a: Swampert|88/100|[from] Stealth Rock
|move|p2a: Lugia|Roost|p2a: Lugia
|-heal|p2a: Lugia|100/100
|-singleturn|p2a: Lugia|move: Roost
|
|upkeep
|turn|21
|
|t:|1661839859
|move|p2a: Lugia|Toxic|p1a: Swampert
|-status|p1a: Swampert|tox
|move|p1a: Swampert|Yawn|p2a: Lugia
|-start|p2a: Lugia|move: Yawn|[of] p1a: Swampert
|
|-damage|p1a: Swampert|82/100 tox|[from] psn
|upkeep
|turn|22
|
|t:|1661839866
|switch|p2a: Giratina|Giratina, shiny|100/100 slp
|-ability|p2a: Giratina|Pressure
|move|p1a: Swampert|Stealth Rock|p2a: Giratina
|-sidestart|p2: yarik667|move: Stealth Rock
|
|-damage|p1a: Swampert|70/100 tox|[from] psn
|upkeep
|turn|23
|inactive|Naofumi_Bakugo_Jax has 120 seconds left.
|
|t:|1661839876
|move|p1a: Swampert|Earthquake|p2a: Giratina
|-damage|p2a: Giratina|70/100 slp
|cant|p2a: Giratina|slp
|
|-heal|p2a: Giratina|76/100 slp|[from] item: Leftovers
|-damage|p1a: Swampert|51/100 tox|[from] psn
|upkeep
|turn|24
|
|t:|1661839884
|switch|p1a: Kyogre|Kyogre|100/100
|-damage|p1a: Kyogre|88/100|[from] Stealth Rock
|-weather|RainDance|[from] ability: Drizzle|[of] p1a: Kyogre
|-curestatus|p2a: Giratina|slp|[msg]
|move|p2a: Giratina|Defog|p1a: Kyogre
|-unboost|p1a: Kyogre|evasion|1
|-sideend|p1: Naofumi_Bakugo_Jax|Stealth Rock|[from] move: Defog|[of] p2a: Giratina
|-sideend|p2: yarik667|Stealth Rock|[from] move: Defog|[of] p2a: Giratina
|
|-weather|RainDance|[upkeep]
|-heal|p2a: Giratina|82/100|[from] item: Leftovers
|upkeep
|turn|25
|
|t:|1661839895
|move|p1a: Kyogre|Water Spout|p2a: Giratina
|-resisted|p2a: Giratina
|-damage|p2a: Giratina|48/100
|move|p2a: Giratina|Toxic|p1a: Kyogre
|-status|p1a: Kyogre|tox
|
|-weather|RainDance|[upkeep]
|-heal|p2a: Giratina|54/100|[from] item: Leftovers
|-damage|p1a: Kyogre|82/100 tox|[from] psn
|upkeep
|turn|26
|
|t:|1661839903
|move|p1a: Kyogre|Water Spout|p2a: Giratina
|-resisted|p2a: Giratina
|-damage|p2a: Giratina|27/100
|move|p2a: Giratina|Rest|p2a: Giratina
|-status|p2a: Giratina|slp|[from] move: Rest
|-heal|p2a: Giratina|100/100 slp|[silent]
|
|-weather|RainDance|[upkeep]
|-damage|p1a: Kyogre|70/100 tox|[from] psn
|upkeep
|turn|27
|
|t:|1661839908
|switch|p1a: Swampert|Swampert-Mega, M|51/100 tox
|cant|p2a: Giratina|slp
|
|-weather|RainDance|[upkeep]
|-damage|p1a: Swampert|45/100 tox|[from] psn
|upkeep
|turn|28
|
|t:|1661839914
|move|p1a: Swampert|Earthquake|p2a: Giratina
|-damage|p2a: Giratina|72/100 slp
|cant|p2a: Giratina|slp
|
|-weather|none
|-heal|p2a: Giratina|78/100 slp|[from] item: Leftovers
|-damage|p1a: Swampert|33/100 tox|[from] psn
|upkeep
|turn|29
|
|t:|1661839922
|switch|p1a: Kyogre|Kyogre|70/100 tox
|-weather|RainDance|[from] ability: Drizzle|[of] p1a: Kyogre
|-curestatus|p2a: Giratina|slp|[msg]
|move|p2a: Giratina|Defog|p1a: Kyogre
|-unboost|p1a: Kyogre|evasion|1
|
|-weather|RainDance|[upkeep]
|-heal|p2a: Giratina|84/100|[from] item: Leftovers
|-damage|p1a: Kyogre|64/100 tox|[from] psn
|upkeep
|turn|30
|
|t:|1661839928
|switch|p2a: Chansey|Chansey, F|75/100
|move|p1a: Kyogre|Ice Beam|p2a: Chansey
|-damage|p2a: Chansey|67/100
|
|-weather|RainDance|[upkeep]
|-damage|p1a: Kyogre|51/100 tox|[from] psn
|upkeep
|turn|31
|
|t:|1661839937
|switch|p1a: Swampert|Swampert-Mega, M|33/100 tox
|move|p2a: Chansey|Soft-Boiled|p2a: Chansey
|-heal|p2a: Chansey|100/100
|
|-weather|RainDance|[upkeep]
|-damage|p1a: Swampert|27/100 tox|[from] psn
|upkeep
|turn|32
|
|t:|1661839941
|switch|p2a: Giratina|Giratina, shiny|84/100
|-ability|p2a: Giratina|Pressure
|move|p1a: Swampert|Flip Turn|p2a: Giratina
|-resisted|p2a: Giratina
|-damage|p2a: Giratina|71/100
|
|t:|1661839944
|switch|p1a: Zacian|Zacian-Crowned|59/100|[from]move: Flip Turn
|-ability|p1a: Zacian|Intrepid Sword|boost
|-boost|p1a: Zacian|atk|1
|
|-weather|RainDance|[upkeep]
|-heal|p2a: Giratina|77/100|[from] item: Leftovers
|upkeep
|turn|33
|
|t:|1661839949
|switch|p2a: Lugia|Lugia, shiny|100/100
|move|p1a: Zacian|Behemoth Blade|p2a: Lugia
|-damage|p2a: Lugia|77/100
|
|-weather|none
|upkeep
|turn|34
|
|t:|1661839955
|move|p1a: Zacian|Wild Charge|p2a: Lugia
|-supereffective|p2a: Lugia
|-damage|p2a: Lugia|17/100
|-damage|p1a: Zacian|40/100|[from] Recoil
|move|p2a: Lugia|Roost|p2a: Lugia
|-heal|p2a: Lugia|67/100
|-singleturn|p2a: Lugia|move: Roost
|
|upkeep
|turn|35
|
|t:|1661839957
|move|p1a: Zacian|Wild Charge|p2a: Lugia
|-supereffective|p2a: Lugia
|-damage|p2a: Lugia|8/100
|-damage|p1a: Zacian|21/100|[from] Recoil
|move|p2a: Lugia|Roost|p2a: Lugia
|-heal|p2a: Lugia|58/100
|-singleturn|p2a: Lugia|move: Roost
|
|upkeep
|turn|36
|
|t:|1661839969
|move|p1a: Zacian|Wild Charge|p2a: Lugia
|-supereffective|p2a: Lugia
|-damage|p2a: Lugia|0 fnt
|faint|p2a: Lugia
|-damage|p1a: Zacian|3/100|[from] Recoil
|
|upkeep
|
|t:|1661839971
|switch|p2a: Necrozma|Necrozma-Dusk-Mane|72/100
|turn|37
|
|t:|1661839976
|move|p1a: Zacian|Close Combat|p2a: Necrozma
|-damage|p2a: Necrozma|26/100
|-unboost|p1a: Zacian|def|1
|-unboost|p1a: Zacian|spd|1
|-damage|p1a: Zacian|0 fnt|[from] item: Rocky Helmet|[of] p2a: Necrozma
|faint|p1a: Zacian
|move|p2a: Necrozma|Morning Sun|p2a: Necrozma
|-heal|p2a: Necrozma|76/100
|
|upkeep
|
|t:|1661839989
|switch|p1a: Arceus|Arceus|100/100
|turn|38
|
|t:|1661839992
|move|p1a: Arceus|Will-O-Wisp|p2a: Necrozma|[miss]
|-miss|p1a: Arceus|p2a: Necrozma
|move|p2a: Necrozma|Toxic|p1a: Arceus
|-status|p1a: Arceus|tox
|-enditem|p1a: Arceus|Lum Berry|[eat]
|-curestatus|p1a: Arceus|tox|[msg]
|
|upkeep
|turn|39
|
|t:|1661839997
|move|p1a: Arceus|Will-O-Wisp|p2a: Necrozma|[miss]
|-miss|p1a: Arceus|p2a: Necrozma
|move|p2a: Necrozma|Toxic|p1a: Arceus
|-status|p1a: Arceus|tox
|
|-damage|p1a: Arceus|94/100 tox|[from] psn
|upkeep
|turn|40
|
|t:|1661840002
|switch|p2a: Giratina|Giratina, shiny|77/100
|-ability|p2a: Giratina|Pressure
|move|p1a: Arceus|Will-O-Wisp|p2a: Giratina
|-status|p2a: Giratina|brn
|
|-heal|p2a: Giratina|83/100 brn|[from] item: Leftovers
|-damage|p1a: Arceus|82/100 tox|[from] psn
|-damage|p2a: Giratina|77/100 brn|[from] brn
|upkeep
|turn|41
|
|t:|1661840019
|switch|p1a: Kyogre|Kyogre|51/100 tox
|-weather|RainDance|[from] ability: Drizzle|[of] p1a: Kyogre
|move|p2a: Giratina|Rest|p2a: Giratina
|-status|p2a: Giratina|slp|[from] move: Rest
|-heal|p2a: Giratina|100/100 slp|[silent]
|
|-weather|RainDance|[upkeep]
|-damage|p1a: Kyogre|45/100 tox|[from] psn
|upkeep
|turn|42
|
|t:|1661840026
|switch|p2a: Chansey|Chansey, F|100/100
|move|p1a: Kyogre|Brine|p2a: Chansey
|-damage|p2a: Chansey|87/100
|
|-weather|RainDance|[upkeep]
|-damage|p1a: Kyogre|33/100 tox|[from] psn
|upkeep
|turn|43
|
|t:|1661840032
|switch|p1a: Swampert|Swampert-Mega, M|27/100 tox
|move|p2a: Chansey|Heal Bell|p2a: Chansey
|-activate|p2a: Chansey|move: Heal Bell
|-curestatus|p2: Giratina|slp|[msg]
|
|-weather|RainDance|[upkeep]
|-damage|p1a: Swampert|20/100 tox|[from] psn
|upkeep
|turn|44
|
|t:|1661840037
|switch|p2a: Giratina|Giratina, shiny|100/100
|-ability|p2a: Giratina|Pressure
|move|p1a: Swampert|Earthquake|p2a: Giratina
|-damage|p2a: Giratina|72/100
|
|-weather|RainDance|[upkeep]
|-heal|p2a: Giratina|78/100|[from] item: Leftovers
|-damage|p1a: Swampert|8/100 tox|[from] psn
|upkeep
|turn|45
|
|t:|1661840048
|move|p1a: Swampert|Earthquake|p2a: Giratina
|-damage|p2a: Giratina|48/100
|move|p2a: Giratina|Rest|p2a: Giratina
|-status|p2a: Giratina|slp|[from] move: Rest
|-heal|p2a: Giratina|100/100 slp|[silent]
|
|-weather|none
|-damage|p1a: Swampert|0 fnt|[from] psn
|faint|p1a: Swampert
|upkeep
|-message|Naofumi_Bakugo_Jax forfeited.
|
|win|yarik667
|raw|Naofumi_Bakugo_Jax's rating: 1586 &rarr; <strong>1575</strong><br />(-11 for losing)
|raw|yarik667's rating: 1757 &rarr; <strong>1768</strong><br />(+11 for winning)
|l|☆Naofumi_Bakugo_Jax
|l|☆yarik667
