|j|☆sivpix ツイ
|j|☆Hhhhhhhhhhhhx
|t:|1663329251
|gametype|singles
|player|p1|sivpix ツイ|fisher-gen8|1438
|player|p2|Hhhhhhhhhhhhx|hilbert-wonderlauncher|1546
|teamsize|p1|6
|teamsize|p2|6
|gen|8
|tier|[Gen 8] National Dex AG
|rated|
|rule|HP Percentage Mod: HP is shown in percentages
|rule|Endless Battle Clause: Forcing endless battles is banned
|clearpoke
|poke|p1|Shuckle, L1, F|
|poke|p1|Calyrex-Shadow|
|poke|p1|Marshadow|
|poke|p1|Krookodile, M|
|poke|p1|Darmanitan-Galar, F|
|poke|p1|Venusaur, M|
|poke|p2|Groudon|
|poke|p2|Cinderace, M|
|poke|p2|Zacian-*|
|poke|p2|Lugia|
|poke|p2|Yveltal|
|poke|p2|Zekrom|
|teampreview
|j| SShadow605
|
|t:|1663329257
|start
|switch|p1a: gerald|Shuckle, L1, F|100/100
|switch|p2a: Groudon|Groudon|100/100
|-weather|SunnyDay|[from] ability: Drought|[of] p2a: Groudon
|turn|1
|
|t:|1663329265
|move|p2a: Groudon|Earthquake|p1a: gerald
|-ability|p1a: gerald|Sturdy
|-damage|p1a: gerald|10/100
|-enditem|p1a: gerald|Berry Juice
|-heal|p1a: gerald|100/100|[from] item: Berry Juice
|move|p1a: gerald|Sticky Web|p2a: Groudon
|-sidestart|p2: Hhhhhhhhhhhhx|move: Sticky Web
|
|-weather|SunnyDay|[upkeep]
|upkeep
|turn|2
|
|t:|1663329275
|move|p2a: Groudon|Earthquake|p1a: gerald
|-ability|p1a: gerald|Sturdy
|-damage|p1a: gerald|10/100
|move|p1a: gerald|Stealth Rock|p2a: Groudon
|-sidestart|p2: Hhhhhhhhhhhhx|move: Stealth Rock
|
|-weather|SunnyDay|[upkeep]
|upkeep
|turn|3
|
|t:|1663329279
|move|p2a: Groudon|Earthquake|p1a: gerald
|-damage|p1a: gerald|0 fnt
|faint|p1a: gerald
|
|-weather|SunnyDay|[upkeep]
|upkeep
|
|t:|1663329283
|switch|p1a: fauna|Venusaur, M, shiny|100/100
|turn|4
|
|t:|1663329288
|detailschange|p1a: fauna|Venusaur-Mega, M, shiny
|-mega|p1a: fauna|Venusaur|Venusaurite
|move|p1a: fauna|Sleep Powder|p2a: Groudon
|-status|p2a: Groudon|slp|[from] move: Sleep Powder
|cant|p2a: Groudon|slp
|
|-weather|SunnyDay|[upkeep]
|upkeep
|turn|5
|
|t:|1663329297
|switch|p2a: Lugia|Lugia|100/100
|-damage|p2a: Lugia|76/100|[from] Stealth Rock
|move|p1a: fauna|Giga Drain|p2a: Lugia
|-resisted|p2a: Lugia
|-damage|p2a: Lugia|65/100
|
|-weather|none
|upkeep
|turn|6
|
|t:|1663329301
|move|p1a: fauna|Sleep Powder|p2a: Lugia
|-status|p2a: Lugia|slp|[from] move: Sleep Powder
|cant|p2a: Lugia|slp
|
|upkeep
|turn|7
|
|t:|1663329310
|switch|p1a: Darmanitan|Darmanitan-Galar, F|100/100
|cant|p2a: Lugia|slp
|
|upkeep
|turn|8
|
|t:|1663329320
|move|p1a: Darmanitan|Icicle Crash|p2a: Lugia
|-supereffective|p2a: Lugia
|-damage|p2a: Lugia|1/100 slp
|-curestatus|p2a: Lugia|slp|[msg]
|move|p2a: Lugia|Defog|p1a: Darmanitan
|-unboost|p1a: Darmanitan|evasion|1
|-sideend|p2: Hhhhhhhhhhhhx|Stealth Rock|[from] move: Defog|[of] p2a: Lugia
|-sideend|p2: Hhhhhhhhhhhhx|Sticky Web|[from] move: Defog|[of] p2a: Lugia
|
|upkeep
|turn|9
|c|☆sivpix ツイ|ARE YOU SHITTING ME
|
|t:|1663329331
|move|p1a: Darmanitan|Icicle Crash|p2a: Lugia
|-supereffective|p2a: Lugia
|-damage|p2a: Lugia|0 fnt
|faint|p2a: Lugia
|
|upkeep
|c| SShadow605|nice wake up luck
|
|t:|1663329337
|switch|p2a: Groudon|Groudon|100/100 slp
|-weather|SunnyDay|[from] ability: Drought|[of] p2a: Groudon
|turn|10
|
|t:|1663329340
|move|p1a: Darmanitan|Icicle Crash|p2a: Groudon
|-supereffective|p2a: Groudon
|-damage|p2a: Groudon|20/100 slp
|cant|p2a: Groudon|slp
|
|-weather|SunnyDay|[upkeep]
|upkeep
|turn|11
|
|t:|1663329349
|move|p1a: Darmanitan|Icicle Crash|p2a: Groudon
|-supereffective|p2a: Groudon
|-damage|p2a: Groudon|0 fnt
|faint|p2a: Groudon
|
|-weather|SunnyDay|[upkeep]
|upkeep
|
|t:|1663329368
|switch|p2a: Yveltal|Yveltal|100/100
|-ability|p2a: Yveltal|Dark Aura
|turn|12
|
|t:|1663329374
|move|p2a: Yveltal|Sucker Punch|p1a: Darmanitan
|-damage|p1a: Darmanitan|35/100
|move|p1a: Darmanitan|Icicle Crash|p2a: Yveltal
|-supereffective|p2a: Yveltal
|-damage|p2a: Yveltal|0 fnt
|faint|p2a: Yveltal
|
|-weather|SunnyDay|[upkeep]
|upkeep
|c| SShadow605|..eh?
|
|t:|1663329383
|switch|p2a: Zacian|Zacian-Crowned|100/100
|-ability|p2a: Zacian|Intrepid Sword|boost
|-boost|p2a: Zacian|atk|1
|turn|13
|
|t:|1663329387
|switch|p1a: fauna|Venusaur-Mega, M, shiny|100/100
|move|p2a: Zacian|Behemoth Blade|p1a: fauna
|-crit|p1a: fauna
|-damage|p1a: fauna|0 fnt
|faint|p1a: fauna
|
|-weather|SunnyDay|[upkeep]
|upkeep
|
|t:|1663329389
|switch|p1a: Darmanitan|Darmanitan-Galar, F|35/100
|turn|14
|
|t:|1663329392
|move|p1a: Darmanitan|Earthquake|p2a: Zacian
|-supereffective|p2a: Zacian
|-damage|p2a: Zacian|0 fnt
|faint|p2a: Zacian
|
|-weather|none
|upkeep
|
|t:|1663329397
|switch|p2a: Cinderace|Cinderace, M|100/100
|turn|15
|c|☆sivpix ツイ|what a silly little monkey!
|
|t:|1663329401
|-start|p2a: Cinderace|Dynamax|Gmax
|-heal|p2a: Cinderace|100/100|[silent]
|move|p1a: Darmanitan|Earthquake|p2a: Cinderace
|-supereffective|p2a: Cinderace
|-damage|p2a: Cinderace|23/100
|move|p2a: Cinderace|Max Airstream|p1a: Darmanitan
|-start|p2a: Cinderace|typechange|Flying|[from] ability: Libero
|-damage|p1a: Darmanitan|0 fnt
|-boost|p2a: Cinderace|spe|1
|faint|p1a: Darmanitan
|-damage|p2a: Cinderace|18/100|[from] item: Life Orb
|
|upkeep
|c|☆sivpix ツイ|cri
|
|t:|1663329407
|switch|p1a: whitesnake|Marshadow|100/100
|turn|16
|
|t:|1663329411
|move|p2a: Cinderace|Max Airstream|p1a: whitesnake
|-supereffective|p1a: whitesnake
|-enditem|p1a: whitesnake|Focus Sash
|-damage|p1a: whitesnake|1/100
|-boost|p2a: Cinderace|spe|1
|-damage|p2a: Cinderace|13/100|[from] item: Life Orb
|move|p1a: whitesnake|Spectral Thief||[still]
|-clearpositiveboost|p2a: Cinderace|p1a: whitesnake|move: Spectral Thief
|-boost|p1a: whitesnake|spe|2
|-anim|p1a: whitesnake|Spectral Thief|p2a: Cinderace
|-damage|p2a: Cinderace|0 fnt
|faint|p2a: Cinderace
|
|upkeep
|-message|Hhhhhhhhhhhhx forfeited.
|
|win|sivpix ツイ
|raw|sivpix ツイ's rating: 1438 &rarr; <strong>1464</strong><br />(+26 for winning)
|raw|Hhhhhhhhhhhhx's rating: 1546 &rarr; <strong>1520</strong><br />(-26 for losing)
|l|☆Hhhhhhhhhhhhx
|c|☆sivpix ツイ|lol
|c| SShadow605|hhhhhhhhhhhhhhhhhhhhhhhhhhhx
||Ladder isn't responding, score probably updated but might not have (Request timeout).
