|j|☆cheziqua
|j|☆Clyde H.T L
|t:|1596364430
|player|p1|cheziqua|hilbert-dueldisk|1232
|player|p2|Clyde H.T L|riley|1365
|teamsize|p1|6
|teamsize|p2|6
|gametype|singles
|gen|8
|tier|[Gen 8] National Dex AG
|rated|
|clearpoke
|poke|p1|Rayquaza|
|poke|p1|Kyogre|
|poke|p1|Zacian-Crowned|
|poke|p1|Kartana|
|poke|p1|Eternatus|
|poke|p1|Zygarde|
|poke|p2|Dragapult, F|
|poke|p2|Cinderace, F|
|poke|p2|Greninja, M|
|poke|p2|Mawile, M|
|poke|p2|Kartana|
|poke|p2|Garchomp, F|
|rule|HP Percentage Mod: HP is shown in percentages
|rule|Endless Battle Clause: Forcing endless battles is banned
|teampreview
|inactive|Battle timer is ON: inactive players will automatically lose when time's up. (requested by Clyde H.T L)
|
|t:|1596364456
|start
|switch|p1a: Zygarde|Zygarde, shiny|100/100
|switch|p2a: Mawile|Mawile, M|100/100
|turn|1
|
|t:|1596364468
|detailschange|p2a: Mawile|Mawile-Mega, M
|-mega|p2a: Mawile|Mawile|Mawilite
|move|p1a: Zygarde|Thousand Arrows|p2a: Mawile
|-supereffective|p2a: Mawile
|-damage|p2a: Mawile|33/100
|move|p2a: Mawile|Swords Dance|p2a: Mawile
|-boost|p2a: Mawile|atk|2
|
|upkeep
|turn|2
|
|t:|1596364477
|move|p2a: Mawile|Sucker Punch|p1a: Zygarde
|-damage|p1a: Zygarde|22/100
|move|p1a: Zygarde|Thousand Arrows|p2a: Mawile
|-supereffective|p2a: Mawile
|-damage|p2a: Mawile|0 fnt
|faint|p2a: Mawile
|
|-activate|p1a: Zygarde|ability: Power Construct
|detailschange|p1a: Zygarde|Zygarde-Complete, shiny
|-heal|p1a: Zygarde|51/100|[silent]
|upkeep
|
|t:|1596364487
|switch|p2a: Greninja|Greninja, M, shiny|100/100
|turn|3
|
|t:|1596364497
|-start|p2a: Greninja|Dynamax
|-heal|p2a: Greninja|100/100|[silent]
|move|p2a: Greninja|Max Hailstorm|p1a: Zygarde
|-supereffective|p1a: Zygarde
|-crit|p1a: Zygarde
|-damage|p1a: Zygarde|0 fnt
|-weather|Hail
|-damage|p2a: Greninja|96/100|[from] item: Life Orb
|faint|p1a: Zygarde
|-activate|p2a: Greninja|ability: Battle Bond
|detailschange|p2a: Greninja|Greninja-Ash, M, shiny
|
|-weather|Hail|[upkeep]
|-damage|p2a: Greninja|93/100|[from] Hail
|upkeep
|
|t:|1596364512
|switch|p1a: Kyogre|Kyogre, shiny|100/100
|detailschange|p1a: Kyogre|Kyogre-Primal, shiny
|-primal|p1a: Kyogre
|-weather|PrimordialSea|[from] ability: Primordial Sea|[of] p1a: Kyogre
|turn|4
|
|t:|1596364518
|move|p2a: Greninja|Max Geyser|p1a: Kyogre
|-resisted|p1a: Kyogre
|-crit|p1a: Kyogre
|-damage|p1a: Kyogre|32/100
|-damage|p2a: Greninja|88/100|[from] item: Life Orb
|move|p1a: Kyogre|Origin Pulse|p2a: Greninja
|-resisted|p2a: Greninja
|-damage|p2a: Greninja|47/100
|
|-weather|PrimordialSea|[upkeep]
|upkeep
|turn|5
|
|t:|1596364527
|move|p2a: Greninja|Max Geyser|p1a: Kyogre
|-resisted|p1a: Kyogre
|-damage|p1a: Kyogre|0 fnt
|-damage|p2a: Greninja|42/100|[from] item: Life Orb
|faint|p1a: Kyogre
|-weather|none
|
|-end|p2a: Greninja|Dynamax
|-heal|p2a: Greninja|43/100|[silent]
|upkeep
|
|t:|1596364533
|switch|p1a: Eternatus|Eternatus|100/100
|-ability|p1a: Eternatus|Pressure
|turn|6
|
|t:|1596364538
|move|p2a: Greninja|Ice Beam|p1a: Eternatus
|-supereffective|p1a: Eternatus
|-crit|p1a: Eternatus
|-enditem|p1a: Eternatus|Focus Sash
|-damage|p1a: Eternatus|1/100
|-damage|p2a: Greninja|33/100|[from] item: Life Orb
|move|p1a: Eternatus|Dynamax Cannon|p2a: Greninja
|-damage|p2a: Greninja|0 fnt
|faint|p2a: Greninja
|
|upkeep
|
|t:|1596364553
|switch|p2a: Cinderace|Cinderace, F, shiny|100/100
|turn|7
|
|t:|1596364567
|move|p2a: Cinderace|Sucker Punch|p1a: Eternatus
|-start|p2a: Cinderace|typechange|Dark|[from] ability: Libero
|-damage|p1a: Eternatus|0 fnt
|faint|p1a: Eternatus
|
|upkeep
|
|t:|1596364573
|switch|p1a: Rayquaza|Rayquaza|100/100
|-ability|p1a: Rayquaza|Air Lock
|turn|8
|
|t:|1596364577
|detailschange|p1a: Rayquaza|Rayquaza-Mega
|-mega|p1a: Rayquaza|Rayquaza|
|-weather|DeltaStream|[from] ability: Delta Stream|[of] p1a: Rayquaza
|move|p2a: Cinderace|U-turn|p1a: Rayquaza
|-start|p2a: Cinderace|typechange|Bug|[from] ability: Libero
|-resisted|p1a: Rayquaza
|-damage|p1a: Rayquaza|83/100
|
|t:|1596364593
|switch|p2a: Garchomp|Garchomp, F|100/100|[from]move: U-turn
|move|p1a: Rayquaza|Dragon Dance|p1a: Rayquaza
|-boost|p1a: Rayquaza|atk|1
|-boost|p1a: Rayquaza|spe|1
|
|-weather|DeltaStream|[upkeep]
|-heal|p1a: Rayquaza|89/100|[from] item: Leftovers
|upkeep
|turn|9
|
|t:|1596364606
|move|p1a: Rayquaza|Dragon Ascent|p2a: Garchomp
|-damage|p2a: Garchomp|0 fnt
|-unboost|p1a: Rayquaza|def|1
|-unboost|p1a: Rayquaza|spd|1
|-damage|p1a: Rayquaza|77/100|[from] ability: Rough Skin|[of] p2a: Garchomp
|faint|p2a: Garchomp
|
|-weather|DeltaStream|[upkeep]
|-heal|p1a: Rayquaza|83/100|[from] item: Leftovers
|upkeep
|
|t:|1596364614
|switch|p2a: Dragapult|Dragapult, F, shiny|100/100
|turn|10
|
|t:|1596364619
|move|p1a: Rayquaza|Outrage|p2a: Dragapult
|-supereffective|p2a: Dragapult
|-enditem|p2a: Dragapult|Focus Sash
|-damage|p2a: Dragapult|1/100
|move|p2a: Dragapult|Dragon Dance|p2a: Dragapult
|-boost|p2a: Dragapult|atk|1
|-boost|p2a: Dragapult|spe|1
|
|-weather|DeltaStream|[upkeep]
|-heal|p1a: Rayquaza|89/100|[from] item: Leftovers
|upkeep
|turn|11
|
|t:|1596364629
|move|p2a: Dragapult|Dragon Darts|p1a: Rayquaza
|-supereffective|p1a: Rayquaza
|-damage|p1a: Rayquaza|0 fnt
|faint|p1a: Rayquaza
|-weather|none
|
|upkeep
|
|t:|1596364632
|switch|p1a: Zacian|Zacian-Crowned|100/100
|-ability|p1a: Zacian|Intrepid Sword|boost
|-boost|p1a: Zacian|atk|1
|turn|12
|
|t:|1596364637
|move|p2a: Dragapult|Phantom Force||[still]
|-prepare|p2a: Dragapult|Phantom Force
|move|p1a: Zacian|Behemoth Blade|p2a: Dragapult|[miss]
|-miss|p1a: Zacian|p2a: Dragapult
|
|upkeep
|turn|13
|
|t:|1596364645
|move|p2a: Dragapult|Phantom Force|p1a: Zacian|[from]lockedmove
|-damage|p1a: Zacian|31/100
|move|p1a: Zacian|Behemoth Blade|p2a: Dragapult
|-crit|p2a: Dragapult
|-damage|p2a: Dragapult|0 fnt
|faint|p2a: Dragapult
|
|upkeep
|
|t:|1596364656
|switch|p2a: Cinderace|Cinderace, F, shiny|100/100
|turn|14
|
|t:|1596364666
|move|p1a: Zacian|Behemoth Blade|p2a: Cinderace
|-resisted|p2a: Cinderace
|-damage|p2a: Cinderace|28/100
|move|p2a: Cinderace|Pyro Ball|p1a: Zacian
|-supereffective|p1a: Zacian
|-damage|p1a: Zacian|0 fnt
|faint|p1a: Zacian
|
|upkeep
|
|t:|1596364669
|switch|p1a: Kartana|Kartana, shiny|100/100
|turn|15
|
|t:|1596364682
|-start|p1a: Kartana|Dynamax
|-heal|p1a: Kartana|100/100|[silent]
|move|p2a: Cinderace|Pyro Ball|p1a: Kartana
|-supereffective|p1a: Kartana
|-damage|p1a: Kartana|0 fnt
|faint|p1a: Kartana
|
|win|Clyde H.T L
|raw|cheziqua's rating: 1232 &rarr; <strong>1217</strong><br />(-15 for losing)
|raw|Clyde H.T L's rating: 1365 &rarr; <strong>1378</strong><br />(+13 for winning)
|l|☆cheziqua
