|j|☆digging your grave
|j|☆Jonny (Trick Room)
|t:|1657929060
|gametype|singles
|player|p1|digging your grave|byron|1629
|player|p2|Jonny (Trick Room)|schoolkidf|1676
|teamsize|p1|6
|teamsize|p2|6
|gen|8
|tier|[Gen 8] National Dex AG
|rated|
|rule|HP Percentage Mod: HP is shown in percentages
|rule|Endless Battle Clause: Forcing endless battles is banned
|clearpoke
|poke|p1|Yveltal|
|poke|p1|Rayquaza|
|poke|p1|Arceus-*|
|poke|p1|Zygarde|
|poke|p1|Deoxys-Attack|
|poke|p1|Kyurem-Black|
|poke|p2|Hatterene, F|
|poke|p2|Melmetal|
|poke|p2|Calyrex-Ice|
|poke|p2|Stakataka|
|poke|p2|Melmetal|
|poke|p2|Hatterene, F|
|teampreview
|inactive|Battle timer is ON: inactive players will automatically lose when time's up. (requested by Jonny (Trick Room))
|
|t:|1657929068
|start
|switch|p1a: Arceus|Arceus|100/100
|switch|p2a: Hatterene|Hatterene, F|100/100
|turn|1
|
|t:|1657929072
|move|p1a: Arceus|Swords Dance|p1a: Arceus
|-boost|p1a: Arceus|atk|2
|move|p2a: Hatterene|Trick Room|p2a: Hatterene
|-fieldstart|move: Trick Room|[of] p2a: Hatterene
|
|upkeep
|turn|2
|
|t:|1657929082
|move|p2a: Hatterene|Misty Explosion|p1a: Arceus
|-damage|p1a: Arceus|62/100
|faint|p2a: Hatterene
|move|p1a: Arceus|Recover|p1a: Arceus
|-heal|p1a: Arceus|100/100
|
|upkeep
|
|t:|1657929085
|switch|p2a: Melmetal|Melmetal|100/100
|turn|3
|
|t:|1657929093
|-start|p1a: Arceus|Dynamax|
|-heal|p1a: Arceus|100/100|[silent]
|move|p2a: Melmetal|Double Iron Bash|p1a: Arceus
|-damage|p1a: Arceus|79/100
|-damage|p1a: Arceus|58/100
|-hitcount|p1a: Arceus|2
|move|p1a: Arceus|Max Quake|p2a: Melmetal
|-supereffective|p2a: Melmetal
|-crit|p2a: Melmetal
|-damage|p2a: Melmetal|0 fnt
|-boost|p1a: Arceus|spd|1
|faint|p2a: Melmetal
|-damage|p1a: Arceus|53/100|[from] item: Life Orb
|
|upkeep
|
|t:|1657929109
|switch|p2a: Melmetal|Melmetal|100/100
|turn|4
|
|t:|1657929113
|-start|p2a: Melmetal|Dynamax|
|-heal|p2a: Melmetal|100/100|[silent]
|move|p2a: Melmetal|Max Knuckle|p1a: Arceus
|-supereffective|p1a: Arceus
|-damage|p1a: Arceus|24/100
|-boost|p2a: Melmetal|atk|1
|move|p1a: Arceus|Max Quake|p2a: Melmetal
|-supereffective|p2a: Melmetal
|-damage|p2a: Melmetal|32/100
|-boost|p1a: Arceus|spd|1
|-damage|p1a: Arceus|19/100|[from] item: Life Orb
|
|upkeep
|turn|5
|
|t:|1657929128
|move|p1a: Arceus|Max Guard|p1a: Arceus
|-singleturn|p1a: Arceus|Max Guard
|move|p2a: Melmetal|Max Steelspike|p1a: Arceus
|-activate|p1a: Arceus|move: Max Guard
|
|-fieldend|move: Trick Room
|upkeep
|-end|p1a: Arceus|Dynamax
|-heal|p1a: Arceus|19/100|[silent]
|turn|6
|
|t:|1657929137
|move|p1a: Arceus|Earthquake|p2a: Melmetal
|-supereffective|p2a: Melmetal
|-damage|p2a: Melmetal|0 fnt
|faint|p2a: Melmetal
|-damage|p1a: Arceus|9/100|[from] item: Life Orb
|
|upkeep
|
|t:|1657929140
|switch|p2a: Hatterene|Hatterene, F|100/100
|turn|7
|
|t:|1657929143
|move|p1a: Arceus|Recover|p1a: Arceus
|-heal|p1a: Arceus|59/100
|move|p2a: Hatterene|Trick Room|p2a: Hatterene
|-fieldstart|move: Trick Room|[of] p2a: Hatterene
|
|upkeep
|turn|8
|
|t:|1657929153
|move|p2a: Hatterene|Psychic|p1a: Arceus
|-damage|p1a: Arceus|42/100
|move|p1a: Arceus|Swords Dance|p1a: Arceus
|-boost|p1a: Arceus|atk|2
|
|upkeep
|turn|9
|
|t:|1657929160
|move|p2a: Hatterene|Misty Explosion|p1a: Arceus
|-damage|p1a: Arceus|24/100
|faint|p2a: Hatterene
|move|p1a: Arceus|Recover|p1a: Arceus
|-heal|p1a: Arceus|74/100
|
|upkeep
|
|t:|1657929171
|switch|p2a: Stakataka|Stakataka|100/100
|turn|10
|
|t:|1657929175
|move|p2a: Stakataka|Body Press|p1a: Arceus
|-supereffective|p1a: Arceus
|-damage|p1a: Arceus|18/100
|move|p1a: Arceus|Earthquake|p2a: Stakataka
|-supereffective|p2a: Stakataka
|-enditem|p2a: Stakataka|Focus Sash
|-damage|p2a: Stakataka|1/100
|-damage|p1a: Arceus|8/100|[from] item: Life Orb
|
|upkeep
|turn|11
|
|t:|1657929181
|move|p1a: Arceus|Extreme Speed|p2a: Stakataka
|-resisted|p2a: Stakataka
|-damage|p2a: Stakataka|0 fnt
|faint|p2a: Stakataka
|-damage|p1a: Arceus|0 fnt|[from] item: Life Orb
|faint|p1a: Arceus
|
|-fieldend|move: Trick Room
|upkeep
|
|t:|1657929186
|switch|p1a: Rayquaza|Rayquaza|100/100
|switch|p2a: Calyrex|Calyrex-Ice|100/100
|-ability|p2a: Calyrex|As One
|-ability|p2a: Calyrex|Unnerve
|-ability|p1a: Rayquaza|Air Lock
|turn|12
|
|t:|1657929187
|detailschange|p1a: Rayquaza|Rayquaza-Mega
|-mega|p1a: Rayquaza|Rayquaza|
|-weather|DeltaStream|[from] ability: Delta Stream|[of] p1a: Rayquaza
|move|p1a: Rayquaza|V-create|p2a: Calyrex
|-supereffective|p2a: Calyrex
|-damage|p2a: Calyrex|0 fnt
|-unboost|p1a: Rayquaza|spe|1
|-unboost|p1a: Rayquaza|def|1
|-unboost|p1a: Rayquaza|spd|1
|faint|p2a: Calyrex
|
|win|digging your grave
|raw|digging your grave's rating: 1629 &rarr; <strong>1652</strong><br />(+23 for winning)
|raw|Jonny (Trick Room)'s rating: 1676 &rarr; <strong>1653</strong><br />(-23 for losing)
|l|☆Jonny (Trick Room)
|c|☆digging your grave|'
||Ladder isn't responding, score probably updated but might not have (Request timeout).
