|j|☆diemond35472
|j|☆CLEAR GEM清瑜
|t:|1665034712
|gametype|singles
|player|p1|diemond35472|1|1728
|player|p2|CLEAR GEM清瑜|skierf|1973
|teamsize|p1|6
|teamsize|p2|6
|gen|8
|tier|[Gen 8] National Dex AG
|rated|
|rule|HP Percentage Mod: HP is shown in percentages
|rule|Endless Battle Clause: Forcing endless battles is banned
|clearpoke
|poke|p1|Calyrex-Shadow|
|poke|p1|Yveltal|
|poke|p1|Smeargle, F|
|poke|p1|Rayquaza|
|poke|p1|Groudon|
|poke|p1|Arceus-*|
|poke|p2|Rayquaza|
|poke|p2|Groudon|
|poke|p2|Necrozma-Dusk-Mane|
|poke|p2|Arceus-*|
|poke|p2|Zacian-*|
|poke|p2|Yveltal|
|teampreview
|inactive|Battle timer is ON: inactive players will automatically lose when time's up. (requested by CLEAR GEM清瑜)
|
|t:|1665034738
|start
|switch|p1a: Smeargle|Smeargle, F|100/100
|switch|p2a: 老烈|Rayquaza, shiny|100/100
|-ability|p2a: 老烈|Air Lock
|turn|1
|
|t:|1665034743
|detailschange|p2a: 老烈|Rayquaza-Mega, shiny
|-mega|p2a: 老烈|Rayquaza|
|-weather|DeltaStream|[from] ability: Delta Stream|[of] p2a: 老烈
|move|p2a: 老烈|Scale Shot|p1a: Smeargle
|-damage|p1a: Smeargle|59/100
|-damage|p1a: Smeargle|15/100
|-hitcount|p1a: Smeargle|2
|-unboost|p2a: 老烈|def|1
|-boost|p2a: 老烈|spe|1
|-damage|p2a: 老烈|91/100|[from] item: Life Orb
|move|p1a: Smeargle|Nuzzle|p2a: 老烈
|-activate||deltastream
|-resisted|p2a: 老烈
|-damage|p2a: 老烈|90/100
|-status|p2a: 老烈|par
|
|-weather|DeltaStream|[upkeep]
|upkeep
|turn|2
|
|t:|1665034760
|cant|p2a: 老烈|par
|move|p1a: Smeargle|Sticky Web|p2a: 老烈
|-sidestart|p2: CLEAR GEM清瑜|move: Sticky Web
|
|-weather|DeltaStream|[upkeep]
|upkeep
|turn|3
|
|t:|1665034767
|cant|p2a: 老烈|par
|move|p1a: Smeargle|Whirlwind|p2a: 老烈
|-weather|none
|drag|p2a: 嘉然小姐的狗|Zacian-Crowned|100/100
|-activate|p2a: 嘉然小姐的狗|move: Sticky Web
|-unboost|p2a: 嘉然小姐的狗|spe|1
|-ability|p2a: 嘉然小姐的狗|Intrepid Sword|boost
|-boost|p2a: 嘉然小姐的狗|atk|1
|
|upkeep
|turn|4
|
|t:|1665034771
|move|p2a: 嘉然小姐的狗|Quick Attack|p1a: Smeargle
|-damage|p1a: Smeargle|0 fnt
|faint|p1a: Smeargle
|
|upkeep
|
|t:|1665034775
|switch|p1a: Groudon|Groudon|100/100
|detailschange|p1a: Groudon|Groudon-Primal
|-primal|p1a: Groudon
|-weather|DesolateLand|[from] ability: Desolate Land|[of] p1a: Groudon
|turn|5
|
|t:|1665034781
|switch|p2a: 老烈|Rayquaza-Mega, shiny|90/100 par
|-weather|DeltaStream|[from] ability: Delta Stream|[of] p2a: 老烈
|move|p1a: Groudon|Eruption|p2a: 老烈
|-resisted|p2a: 老烈
|-damage|p2a: 老烈|54/100 par
|
|-weather|DeltaStream|[upkeep]
|upkeep
|turn|6
|
|t:|1665034792
|move|p1a: Groudon|Stone Edge|p2a: 老烈|[miss]
|-miss|p1a: Groudon|p2a: 老烈
|move|p2a: 老烈|Earthquake|p1a: Groudon
|-supereffective|p1a: Groudon
|-damage|p1a: Groudon|0 fnt
|faint|p1a: Groudon
|-damage|p2a: 老烈|44/100 par|[from] item: Life Orb
|
|-weather|DeltaStream|[upkeep]
|upkeep
|
|t:|1665034800
|switch|p1a: Calyrex|Calyrex-Shadow|100/100
|-ability|p1a: Calyrex|As One
|-ability|p1a: Calyrex|Unnerve
|turn|7
|
|t:|1665034806
|move|p1a: Calyrex|Nasty Plot|p1a: Calyrex
|-boost|p1a: Calyrex|spa|2
|move|p2a: 老烈|Scale Shot|p1a: Calyrex
|-damage|p1a: Calyrex|69/100
|-damage|p1a: Calyrex|38/100
|-hitcount|p1a: Calyrex|2
|-unboost|p2a: 老烈|def|1
|-boost|p2a: 老烈|spe|1
|-damage|p2a: 老烈|34/100 par|[from] item: Life Orb
|
|-weather|DeltaStream|[upkeep]
|upkeep
|turn|8
|
|t:|1665034815
|move|p1a: Calyrex|Astral Barrage|p2a: 老烈
|-damage|p2a: 老烈|0 fnt
|faint|p2a: 老烈
|-weather|none
|-ability|p1a: Calyrex|Grim Neigh|boost
|-boost|p1a: Calyrex|spa|1
|
|upkeep
|
|t:|1665034818
|switch|p2a: Y鸟|Yveltal|100/100
|-ability|p2a: Y鸟|Dark Aura
|turn|9
|
|t:|1665034820
|-start|p2a: Y鸟|Dynamax|
|-heal|p2a: Y鸟|100/100|[silent]
|move|p1a: Calyrex|Baton Pass|p1a: Calyrex
|
|t:|1665034824
|switch|p1a: Yveltal|Yveltal|100/100|[from]move: Baton Pass
|-ability|p1a: Yveltal|Dark Aura
|move|p2a: Y鸟|Max Airstream|p1a: Yveltal
|-damage|p1a: Yveltal|0 fnt
|-boost|p2a: Y鸟|spe|1
|faint|p1a: Yveltal
|-damage|p2a: Y鸟|96/100|[from] item: Life Orb
|
|upkeep
|
|t:|1665034831
|switch|p1a: Arceus|Arceus|100/100
|turn|10
|
|t:|1665034834
|-start|p1a: Arceus|Dynamax|
|-heal|p1a: Arceus|100/100|[silent]
|move|p1a: Arceus|Max Guard|p1a: Arceus
|-singleturn|p1a: Arceus|Max Guard
|move|p2a: Y鸟|Max Darkness|p1a: Arceus
|-activate|p1a: Arceus|move: Max Guard
|
|upkeep
|turn|11
|
|t:|1665034839
|move|p2a: Y鸟|Max Darkness|p1a: Arceus
|-damage|p1a: Arceus|55/100
|-unboost|p1a: Arceus|spd|1
|-damage|p2a: Y鸟|91/100|[from] item: Life Orb
|move|p1a: Arceus|Max Strike|p2a: Y鸟
|-damage|p2a: Y鸟|48/100
|-unboost|p2a: Y鸟|spe|1
|-damage|p1a: Arceus|50/100|[from] item: Life Orb
|
|upkeep
|-end|p2a: Y鸟|Dynamax
|-heal|p2a: Y鸟|48/100|[silent]
|turn|12
|
|t:|1665034843
|move|p1a: Arceus|Max Strike|p2a: Y鸟
|-damage|p2a: Y鸟|0 fnt
|faint|p2a: Y鸟
|-damage|p1a: Arceus|45/100|[from] item: Life Orb
|
|upkeep
|
|t:|1665034848
|switch|p2a: 不会(?)|Groudon|100/100
|-activate|p2a: 不会(?)|move: Sticky Web
|-unboost|p2a: 不会(?)|spe|1
|detailschange|p2a: 不会(?)|Groudon-Primal
|-primal|p2a: 不会(?)
|-weather|DesolateLand|[from] ability: Desolate Land|[of] p2a: 不会(?)
|-end|p1a: Arceus|Dynamax
|-heal|p1a: Arceus|45/100|[silent]
|turn|13
|
|t:|1665034851
|move|p1a: Arceus|Earthquake|p2a: 不会(?)
|-supereffective|p2a: 不会(?)
|-damage|p2a: 不会(?)|59/100
|-damage|p1a: Arceus|35/100|[from] item: Life Orb
|move|p2a: 不会(?)|Thunder Wave|p1a: Arceus
|-status|p1a: Arceus|par
|
|-weather|DesolateLand|[upkeep]
|upkeep
|turn|14
|
|t:|1665034861
|move|p1a: Arceus|Extreme Speed|p2a: 不会(?)
|-damage|p2a: 不会(?)|33/100
|-damage|p1a: Arceus|25/100 par|[from] item: Life Orb
|move|p2a: 不会(?)|Stealth Rock|p1a: Arceus
|-sidestart|p1: diemond35472|move: Stealth Rock
|
|-weather|DesolateLand|[upkeep]
|upkeep
|turn|15
|
|t:|1665034870
|cant|p1a: Arceus|par
|move|p2a: 不会(?)|Thunder Wave|p1a: Arceus
|-fail|p1a: Arceus|par
|
|-weather|DesolateLand|[upkeep]
|upkeep
|turn|16
|
|t:|1665034874
|cant|p1a: Arceus|par
|move|p2a: 不会(?)|Thunder Wave|p1a: Arceus
|-fail|p1a: Arceus|par
|
|-weather|DesolateLand|[upkeep]
|upkeep
|turn|17
|
|t:|1665034876
|move|p1a: Arceus|Swords Dance|p1a: Arceus
|-boost|p1a: Arceus|atk|2
|move|p2a: 不会(?)|Thunder Wave|p1a: Arceus|[miss]
|-miss|p2a: 不会(?)|p1a: Arceus
|
|-weather|DesolateLand|[upkeep]
|upkeep
|turn|18
|
|t:|1665034879
|move|p1a: Arceus|Extreme Speed|p2a: 不会(?)
|-damage|p2a: 不会(?)|0 fnt
|faint|p2a: 不会(?)
|-weather|none
|-damage|p1a: Arceus|15/100 par|[from] item: Life Orb
|
|upkeep
|
|t:|1665034883
|switch|p2a: 钢铁之躯|Necrozma-Dusk-Mane|100/100
|-activate|p2a: 钢铁之躯|move: Sticky Web
|-unboost|p2a: 钢铁之躯|spe|1
|turn|19
|
|t:|1665034890
|move|p1a: Arceus|Extreme Speed|p2a: 钢铁之躯
|-resisted|p2a: 钢铁之躯
|-damage|p2a: 钢铁之躯|63/100
|-damage|p1a: Arceus|5/100 par|[from] item: Life Orb
|move|p2a: 钢铁之躯|Dragon Dance|p2a: 钢铁之躯
|-boost|p2a: 钢铁之躯|atk|1
|-boost|p2a: 钢铁之躯|spe|1
|
|upkeep
|turn|20
|
|t:|1665034893
|move|p1a: Arceus|Extreme Speed|p2a: 钢铁之躯
|-resisted|p2a: 钢铁之躯
|-damage|p2a: 钢铁之躯|26/100
|-damage|p1a: Arceus|0 fnt|[from] item: Life Orb
|faint|p1a: Arceus
|move|p2a: 钢铁之躯|Dragon Dance|p2a: 钢铁之躯
|-boost|p2a: 钢铁之躯|atk|1
|-boost|p2a: 钢铁之躯|spe|1
|
|upkeep
|
|t:|1665034900
|switch|p1a: Calyrex|Calyrex-Shadow|38/100
|-ability|p1a: Calyrex|As One
|-ability|p1a: Calyrex|Unnerve
|-damage|p1a: Calyrex|26/100|[from] Stealth Rock
|turn|21
|
|t:|1665034903
|detailschange|p2a: 钢铁之躯|Necrozma-Ultra
|-burst|p2a: 钢铁之躯|Necrozma|Ultranecrozium Z
|move|p2a: 钢铁之躯|Earthquake|p1a: Calyrex
|-damage|p1a: Calyrex|0 fnt
|faint|p1a: Calyrex
|
|upkeep
|
|t:|1665034907
|switch|p1a: Rayquaza|Rayquaza|100/100
|-damage|p1a: Rayquaza|76/100|[from] Stealth Rock
|-ability|p1a: Rayquaza|Air Lock
|turn|22
|
|t:|1665034909
|detailschange|p1a: Rayquaza|Rayquaza-Mega
|-mega|p1a: Rayquaza|Rayquaza|
|-weather|DeltaStream|[from] ability: Delta Stream|[of] p1a: Rayquaza
|move|p2a: 钢铁之躯|Photon Geyser|p1a: Rayquaza
|-damage|p1a: Rayquaza|0 fnt
|faint|p1a: Rayquaza
|-weather|none
|
|win|CLEAR GEM清瑜
|raw|diemond35472's rating: 1728 &rarr; <strong>1720</strong><br />(-8 for losing)
|raw|CLEAR GEM清瑜's rating: 1973 &rarr; <strong>1981</strong><br />(+8 for winning)
|c|☆diemond35472|gg
