|j|☆BasakBooster2
|j|☆Obito152001
|t:|1665381015
|gametype|singles
|player|p1|BasakBooster2|lucas|1895
|player|p2|Obito152001|blue-gen3two|2001
|teamsize|p1|6
|teamsize|p2|6
|gen|8
|tier|[Gen 8] National Dex AG
|rated|
|rule|HP Percentage Mod: HP is shown in percentages
|rule|Endless Battle Clause: Forcing endless battles is banned
|clearpoke
|poke|p1|Rayquaza|
|poke|p1|Arceus-*|
|poke|p1|Arceus-*|
|poke|p1|Groudon|
|poke|p1|Zacian-*|
|poke|p1|Calyrex-Shadow|
|poke|p2|Mewtwo|
|poke|p2|Arceus-*|
|poke|p2|Ditto|
|poke|p2|Arceus-*|
|poke|p2|Rayquaza|
|poke|p2|Arceus-*|
|teampreview
|inactive|Battle timer is ON: inactive players will automatically lose when time's up. (requested by Obito152001)
|
|t:|1665381027
|start
|switch|p1a: Zacian|Zacian-Crowned|100/100
|switch|p2a: All time fav💞|Mewtwo|100/100
|-ability|p1a: Zacian|Intrepid Sword|boost
|-boost|p1a: Zacian|atk|1
|-ability|p2a: All time fav💞|Pressure
|turn|1
|
|t:|1665381031
|move|p1a: Zacian|Behemoth Blade|p2a: All time fav💞
|-damage|p2a: All time fav💞|3/100
|move|p2a: All time fav💞|Will-O-Wisp|p1a: Zacian|[miss]
|-miss|p2a: All time fav💞|p1a: Zacian
|
|-heal|p2a: All time fav💞|9/100|[from] item: Leftovers
|upkeep
|turn|2
|
|t:|1665381046
|switch|p2a: Arceus|Arceus-Electric|100/100
|move|p1a: Zacian|Substitute|p1a: Zacian
|-start|p1a: Zacian|Substitute
|-damage|p1a: Zacian|76/100
|
|upkeep
|turn|3
|
|t:|1665381049
|move|p1a: Zacian|Play Rough|p2a: Arceus
|-damage|p2a: Arceus|56/100
|move|p2a: Arceus|Judgment|p1a: Zacian
|-end|p1a: Zacian|Substitute
|
|upkeep
|turn|4
|
|t:|1665381056
|move|p1a: Zacian|Play Rough|p2a: Arceus
|-damage|p2a: Arceus|11/100
|move|p2a: Arceus|Recover|p2a: Arceus
|-heal|p2a: Arceus|61/100
|
|upkeep
|turn|5
|
|t:|1665381060
|move|p1a: Zacian|Substitute|p1a: Zacian
|-start|p1a: Zacian|Substitute
|-damage|p1a: Zacian|51/100
|move|p2a: Arceus|Recover|p2a: Arceus
|-heal|p2a: Arceus|100/100
|
|upkeep
|turn|6
|
|t:|1665381063
|move|p1a: Zacian|Play Rough|p2a: Arceus
|-damage|p2a: Arceus|58/100
|move|p2a: Arceus|Judgment|p1a: Zacian
|-end|p1a: Zacian|Substitute
|
|upkeep
|turn|7
|
|t:|1665381069
|switch|p1a: Groudon|Groudon|100/100
|detailschange|p1a: Groudon|Groudon-Primal
|-primal|p1a: Groudon
|-weather|DesolateLand|[from] ability: Desolate Land|[of] p1a: Groudon
|move|p2a: Arceus|Recover|p2a: Arceus
|-heal|p2a: Arceus|100/100
|
|-weather|DesolateLand|[upkeep]
|upkeep
|turn|8
|
|t:|1665381076
|switch|p2a: All time fav💞|Mewtwo|9/100
|-ability|p2a: All time fav💞|Pressure
|move|p1a: Groudon|Precipice Blades|p2a: All time fav💞
|-damage|p2a: All time fav💞|0 fnt
|faint|p2a: All time fav💞
|
|-weather|DesolateLand|[upkeep]
|upkeep
|
|t:|1665381081
|switch|p2a: Rayquaza|Rayquaza, shiny|100/100
|-ability|p2a: Rayquaza|Air Lock
|turn|9
|
|t:|1665381084
|detailschange|p2a: Rayquaza|Rayquaza-Mega, shiny
|-mega|p2a: Rayquaza|Rayquaza|
|-weather|DeltaStream|[from] ability: Delta Stream|[of] p2a: Rayquaza
|move|p2a: Rayquaza|Draco Meteor|p1a: Groudon
|-damage|p1a: Groudon|6/100
|-unboost|p2a: Rayquaza|spa|2
|-damage|p2a: Rayquaza|91/100|[from] item: Life Orb
|move|p1a: Groudon|Thunder Wave|p2a: Rayquaza
|-status|p2a: Rayquaza|par
|
|-weather|DeltaStream|[upkeep]
|upkeep
|turn|10
|
|t:|1665381090
|move|p2a: Rayquaza|Extreme Speed|p1a: Groudon
|-damage|p1a: Groudon|0 fnt
|faint|p1a: Groudon
|-damage|p2a: Rayquaza|81/100 par|[from] item: Life Orb
|
|-weather|DeltaStream|[upkeep]
|upkeep
|
|t:|1665381097
|switch|p1a: Zacian|Zacian-Crowned|51/100
|-ability|p1a: Zacian|Intrepid Sword|boost
|-boost|p1a: Zacian|atk|1
|turn|11
|
|t:|1665381101
|-weather|none
|switch|p2a: Arceus|Arceus-Electric|100/100
|move|p1a: Zacian|Play Rough|p2a: Arceus
|-damage|p2a: Arceus|52/100
|
|upkeep
|turn|12
|
|t:|1665381106
|switch|p1a: the gwoat|Rayquaza|100/100
|-ability|p1a: the gwoat|Air Lock
|move|p2a: Arceus|Recover|p2a: Arceus
|-heal|p2a: Arceus|100/100
|
|upkeep
|turn|13
|
|t:|1665381118
|detailschange|p1a: the gwoat|Rayquaza-Mega
|-mega|p1a: the gwoat|Rayquaza|
|-weather|DeltaStream|[from] ability: Delta Stream|[of] p1a: the gwoat
|move|p1a: the gwoat|Earthquake|p2a: Arceus
|-supereffective|p2a: Arceus
|-damage|p2a: Arceus|37/100
|-damage|p1a: the gwoat|91/100|[from] item: Life Orb
|move|p2a: Arceus|Toxic|p1a: the gwoat
|-status|p1a: the gwoat|tox
|
|-weather|DeltaStream|[upkeep]
|-damage|p1a: the gwoat|85/100 tox|[from] psn
|upkeep
|turn|14
|
|t:|1665381124
|switch|p2a: Rayquaza|Rayquaza-Mega, shiny|81/100 par
|move|p1a: the gwoat|Earthquake|p2a: Rayquaza
|-immune|p2a: Rayquaza
|
|-weather|DeltaStream|[upkeep]
|-damage|p1a: the gwoat|73/100 tox|[from] psn
|upkeep
|turn|15
|
|t:|1665381131
|move|p2a: Rayquaza|Extreme Speed|p1a: the gwoat
|-damage|p1a: the gwoat|25/100 tox
|-damage|p2a: Rayquaza|71/100 par|[from] item: Life Orb
|move|p1a: the gwoat|Scale Shot|p2a: Rayquaza
|-supereffective|p2a: Rayquaza
|-damage|p2a: Rayquaza|26/100 par
|-supereffective|p2a: Rayquaza
|-damage|p2a: Rayquaza|0 fnt
|faint|p2a: Rayquaza
|-hitcount|p2: Rayquaza|2
|-unboost|p1a: the gwoat|def|1
|-boost|p1a: the gwoat|spe|1
|-damage|p1a: the gwoat|15/100 tox|[from] item: Life Orb
|
|-weather|DeltaStream|[upkeep]
|-damage|p1a: the gwoat|0 fnt|[from] psn
|faint|p1a: the gwoat
|-weather|none
|upkeep
|
|t:|1665381140
|switch|p2a: Ditto|Ditto, shiny|100/100
|switch|p1a: Calyrex|Calyrex-Shadow|100/100
|-ability|p1a: Calyrex|As One
|-ability|p1a: Calyrex|Unnerve
|-transform|p2a: Ditto|p1a: Calyrex|[from] ability: Imposter
|turn|16
|
|t:|1665381144
|switch|p1a: Arceus|Arceus-Dark|100/100
|move|p2a: Ditto|Astral Barrage|p1a: Arceus
|-resisted|p1a: Arceus
|-damage|p1a: Arceus|83/100
|
|upkeep
|turn|17
|
|t:|1665381147
|switch|p2a: Arceus|Arceus-Electric|37/100
|move|p1a: Arceus|Calm Mind|p1a: Arceus
|-boost|p1a: Arceus|spa|1
|-boost|p1a: Arceus|spd|1
|
|upkeep
|turn|18
|
|t:|1665381150
|move|p2a: Arceus|Recover|p2a: Arceus
|-heal|p2a: Arceus|87/100
|move|p1a: Arceus|Calm Mind|p1a: Arceus
|-boost|p1a: Arceus|spa|1
|-boost|p1a: Arceus|spd|1
|
|upkeep
|turn|19
|
|t:|1665381154
|switch|p2a: Arceus|Arceus-Fairy|100/100
|-start|p1a: Arceus|Dynamax|
|-heal|p1a: Arceus|83/100|[silent]
|move|p1a: Arceus|Max Darkness|p2a: Arceus
|-resisted|p2a: Arceus
|-damage|p2a: Arceus|70/100
|-unboost|p2a: Arceus|spd|1
|
|upkeep
|turn|20
|
|t:|1665381166
|move|p2a: Arceus|Toxic|p1a: Arceus
|-status|p1a: Arceus|tox
|move|p1a: Arceus|Max Darkness|p2a: Arceus
|-resisted|p2a: Arceus
|-damage|p2a: Arceus|27/100
|-unboost|p2a: Arceus|spd|1
|
|-damage|p1a: Arceus|80/100 tox|[from] psn
|upkeep
|turn|21
|
|t:|1665381172
|move|p2a: Arceus|Recover|p2a: Arceus
|-heal|p2a: Arceus|77/100
|move|p1a: Arceus|Max Darkness|p2a: Arceus
|-resisted|p2a: Arceus
|-damage|p2a: Arceus|16/100
|-unboost|p2a: Arceus|spd|1
|
|-damage|p1a: Arceus|74/100 tox|[from] psn
|upkeep
|-end|p1a: Arceus|Dynamax
|-heal|p1a: Arceus|74/100 tox|[silent]
|turn|22
|
|t:|1665381176
|move|p2a: Arceus|Judgment|p1a: Arceus
|-supereffective|p1a: Arceus
|-damage|p1a: Arceus|50/100 tox
|move|p1a: Arceus|Refresh|p1a: Arceus
|-curestatus|p1a: Arceus|tox|[msg]
|
|upkeep
|turn|23
|
|t:|1665381181
|move|p2a: Arceus|Toxic|p1a: Arceus
|-status|p1a: Arceus|tox
|move|p1a: Arceus|Recover|p1a: Arceus
|-heal|p1a: Arceus|99/100 tox
|
|-damage|p1a: Arceus|94/100 tox|[from] psn
|upkeep
|turn|24
|
|t:|1665381184
|move|p2a: Arceus|Recover|p2a: Arceus
|-heal|p2a: Arceus|66/100
|move|p1a: Arceus|Refresh|p1a: Arceus
|-curestatus|p1a: Arceus|tox|[msg]
|
|upkeep
|turn|25
|
|t:|1665381188
|move|p2a: Arceus|Toxic|p1a: Arceus
|-status|p1a: Arceus|tox
|move|p1a: Arceus|Calm Mind|p1a: Arceus
|-boost|p1a: Arceus|spa|1
|-boost|p1a: Arceus|spd|1
|
|-damage|p1a: Arceus|88/100 tox|[from] psn
|upkeep
|turn|26
|
|t:|1665381191
|move|p2a: Arceus|Recover|p2a: Arceus
|-heal|p2a: Arceus|100/100
|move|p1a: Arceus|Calm Mind|p1a: Arceus
|-boost|p1a: Arceus|spa|1
|-boost|p1a: Arceus|spd|1
|
|-damage|p1a: Arceus|76/100 tox|[from] psn
|upkeep
|turn|27
|
|t:|1665381194
|move|p2a: Arceus|Judgment|p1a: Arceus
|-supereffective|p1a: Arceus
|-damage|p1a: Arceus|59/100 tox
|move|p1a: Arceus|Refresh|p1a: Arceus
|-curestatus|p1a: Arceus|tox|[msg]
|
|upkeep
|turn|28
|
|t:|1665381199
|move|p2a: Arceus|Toxic|p1a: Arceus|[miss]
|-miss|p2a: Arceus|p1a: Arceus
|move|p1a: Arceus|Recover|p1a: Arceus
|-heal|p1a: Arceus|100/100
|
|upkeep
|turn|29
|
|t:|1665381201
|move|p2a: Arceus|Toxic|p1a: Arceus
|-status|p1a: Arceus|tox
|move|p1a: Arceus|Judgment|p2a: Arceus
|-resisted|p2a: Arceus
|-damage|p2a: Arceus|15/100
|
|-damage|p1a: Arceus|94/100 tox|[from] psn
|upkeep
|turn|30
|
|t:|1665381205
|move|p2a: Arceus|Recover|p2a: Arceus
|-heal|p2a: Arceus|65/100
|move|p1a: Arceus|Refresh|p1a: Arceus
|-curestatus|p1a: Arceus|tox|[msg]
|
|upkeep
|turn|31
|
|t:|1665381208
|move|p2a: Arceus|Toxic|p1a: Arceus
|-status|p1a: Arceus|tox
|move|p1a: Arceus|Judgment|p2a: Arceus
|-resisted|p2a: Arceus
|-crit|p2a: Arceus
|-damage|p2a: Arceus|0 fnt
|faint|p2a: Arceus
|
|-damage|p1a: Arceus|88/100 tox|[from] psn
|upkeep
|
|t:|1665381211
|switch|p2a: Arceus|Arceus|100/100
|turn|32
|
|t:|1665381216
|-start|p2a: Arceus|Dynamax|
|-heal|p2a: Arceus|100/100|[silent]
|move|p2a: Arceus|Max Phantasm|p1a: Arceus
|-resisted|p1a: Arceus
|-damage|p1a: Arceus|74/100 tox
|-unboost|p1a: Arceus|def|1
|move|p1a: Arceus|Judgment|p2a: Arceus
|-damage|p2a: Arceus|56/100
|
|-damage|p1a: Arceus|62/100 tox|[from] psn
|upkeep
|turn|33
|
|t:|1665381226
|move|p2a: Arceus|Max Strike|p1a: Arceus
|-damage|p1a: Arceus|0 fnt
|faint|p1a: Arceus
|
|upkeep
|
|t:|1665381238
|switch|p1a: Zacian|Zacian-Crowned|51/100
|-ability|p1a: Zacian|Intrepid Sword|boost
|-boost|p1a: Zacian|atk|1
|turn|34
|
|t:|1665381245
|-end|p2a: Arceus|Dynamax
|-heal|p2a: Arceus|56/100|[silent]
|switch|p2a: Arceus|Arceus-Electric|87/100
|move|p1a: Zacian|Substitute|p1a: Zacian
|-start|p1a: Zacian|Substitute
|-damage|p1a: Zacian|26/100
|
|upkeep
|turn|35
|
|t:|1665381248
|move|p1a: Zacian|Play Rough|p2a: Arceus
|-damage|p2a: Arceus|40/100
|move|p2a: Arceus|Judgment|p1a: Zacian
|-end|p1a: Zacian|Substitute
|
|upkeep
|turn|36
|
|t:|1665381260
|move|p1a: Zacian|Substitute|p1a: Zacian
|-start|p1a: Zacian|Substitute
|-damage|p1a: Zacian|1/100
|move|p2a: Arceus|Recover|p2a: Arceus
|-heal|p2a: Arceus|90/100
|
|upkeep
|turn|37
|
|t:|1665381263
|move|p1a: Zacian|Play Rough|p2a: Arceus|[miss]
|-miss|p1a: Zacian|p2a: Arceus
|move|p2a: Arceus|Judgment|p1a: Zacian
|-end|p1a: Zacian|Substitute
|
|upkeep
|turn|38
|
|t:|1665381268
|move|p1a: Zacian|Play Rough|p2a: Arceus
|-damage|p2a: Arceus|45/100
|move|p2a: Arceus|Judgment|p1a: Zacian
|-damage|p1a: Zacian|0 fnt
|faint|p1a: Zacian
|
|upkeep
|
|t:|1665381271
|switch|p1a: Calyrex|Calyrex-Shadow|100/100
|-ability|p1a: Calyrex|As One
|-ability|p1a: Calyrex|Unnerve
|turn|39
|
|t:|1665381277
|switch|p2a: Arceus|Arceus|56/100
|move|p1a: Calyrex|Astral Barrage|p2a: Arceus
|-immune|p2a: Arceus
|
|upkeep
|turn|40
|
|t:|1665381282
|move|p1a: Calyrex|Leech Seed|p2a: Arceus
|-start|p2a: Arceus|move: Leech Seed
|move|p2a: Arceus|Recover|p2a: Arceus
|-heal|p2a: Arceus|100/100
|
|-damage|p2a: Arceus|88/100|[from] Leech Seed|[of] p1a: Calyrex
|upkeep
|turn|41
|
|t:|1665381288
|switch|p1a: Arceus|Arceus-Fairy|100/100
|switch|p2a: Arceus|Arceus-Electric|45/100
|
|upkeep
|turn|42
|
|t:|1665381294
|move|p1a: Arceus|Judgment|p2a: Arceus
|-damage|p2a: Arceus|15/100
|move|p2a: Arceus|Toxic|p1a: Arceus
|-status|p1a: Arceus|tox
|
|-damage|p1a: Arceus|94/100 tox|[from] psn
|upkeep
|turn|43
|
|t:|1665381296
|move|p1a: Arceus|Judgment|p2a: Arceus
|-damage|p2a: Arceus|0 fnt
|faint|p2a: Arceus
|
|-damage|p1a: Arceus|82/100 tox|[from] psn
|upkeep
|
|t:|1665381299
|switch|p2a: Arceus|Arceus|88/100
|turn|44
|
|t:|1665381303
|move|p1a: Arceus|Perish Song|p1a: Arceus
|-start|p1a: Arceus|perish3|[silent]
|-start|p2a: Arceus|perish3|[silent]
|-fieldactivate|move: Perish Song
|move|p2a: Arceus|Swords Dance|p2a: Arceus
|-boost|p2a: Arceus|atk|2
|
|-damage|p1a: Arceus|64/100 tox|[from] psn
|-start|p1a: Arceus|perish3
|-start|p2a: Arceus|perish3
|upkeep
|turn|45
|
|t:|1665381308
|switch|p1a: Calyrex|Calyrex-Shadow|100/100
|-ability|p1a: Calyrex|As One
|-ability|p1a: Calyrex|Unnerve
|move|p2a: Arceus|Shadow Claw|p1a: Calyrex
|-supereffective|p1a: Calyrex
|-damage|p1a: Calyrex|0 fnt
|faint|p1a: Calyrex
|
|-start|p2a: Arceus|perish2
|upkeep
|
|t:|1665381314
|switch|p1a: Arceus|Arceus-Fairy|64/100 tox
|turn|46
|
|t:|1665381317
|move|p2a: Arceus|Extreme Speed|p1a: Arceus
|-damage|p1a: Arceus|5/100 tox
|move|p1a: Arceus|Recover|p1a: Arceus
|-heal|p1a: Arceus|55/100 tox
|
|-damage|p1a: Arceus|49/100 tox|[from] psn
|-start|p2a: Arceus|perish1
|upkeep
|turn|47
|
|t:|1665381327
|switch|p2a: Ditto|Ditto, shiny|100/100
|-transform|p2a: Ditto|p1a: Arceus|[from] ability: Imposter
|move|p1a: Arceus|Thunder Wave|p2a: Ditto
|-status|p2a: Ditto|par
|
|-damage|p1a: Arceus|37/100 tox|[from] psn
|upkeep
|turn|48
|
|t:|1665381329
|move|p1a: Arceus|Recover|p1a: Arceus
|-heal|p1a: Arceus|87/100 tox
|move|p2a: Ditto|Perish Song|p2a: Ditto
|-start|p1a: Arceus|perish3|[silent]
|-start|p2a: Ditto|perish3|[silent]
|-fieldactivate|move: Perish Song
|
|-damage|p1a: Arceus|69/100 tox|[from] psn
|-start|p1a: Arceus|perish3
|-start|p2a: Ditto|perish3
|upkeep
|turn|49
|-message|BasakBooster2 forfeited.
|
|win|Obito152001
|raw|BasakBooster2's rating: 1895 &rarr; <strong>1881</strong><br />(-14 for losing)
|raw|Obito152001's rating: 2001 &rarr; <strong>2015</strong><br />(+14 for winning)
|l|☆BasakBooster2
