|j|☆Aura Lucario 200
|j|☆1WeedBeard
|inactive|Battle timer is ON: inactive players will automatically lose when time's up.
|t:|1603237353
|player|p1|Aura Lucario 200|riley|
|player|p2|1WeedBeard|zinzolin|
|teamsize|p1|6
|teamsize|p2|6
|gametype|singles
|gen|8
|tier|[Gen 8] National Dex AG
|rated|Tournament battle
|clearpoke
|poke|p1|Groudon|
|poke|p1|Zacian-Crowned|
|poke|p1|Yveltal|
|poke|p1|Ho-Oh|
|poke|p1|Arceus-*|
|poke|p1|Smeargle, F|
|poke|p2|Zacian-Crowned|
|poke|p2|Tyranitar, F|
|poke|p2|Arceus-*|
|poke|p2|Smeargle, M|
|poke|p2|Groudon|
|poke|p2|Ditto|
|rule|HP Percentage Mod: HP is shown in percentages
|rule|Endless Battle Clause: Forcing endless battles is banned
|teampreview
|j| B1350
|c|☆Aura Lucario 200|boa sore
|c|☆Aura Lucario 200|>;)
|c|☆1WeedBeard|pra vc tbm
|j| EdgySW
|c| B1350|zacian hmmmm
|
|t:|1603237371
|start
|switch|p1a: Smeargle|Smeargle, F|100/100
|switch|p2a: Tyranitar|Tyranitar, F|100/100
|-weather|Sandstorm|[from] ability: Sand Stream|[of] p2a: Tyranitar
|turn|1
|c| EdgySW|Tyranitar
|c| EdgySW|Aaaa
|
|t:|1603237380
|detailschange|p2a: Tyranitar|Tyranitar-Mega, F
|-mega|p2a: Tyranitar|Tyranitar|Tyranitarite
|move|p1a: Smeargle|Spore|p2a: Tyranitar
|-status|p2a: Tyranitar|slp|[from] move: Spore
|cant|p2a: Tyranitar|slp
|
|-weather|Sandstorm|[upkeep]
|-damage|p1a: Smeargle|95/100|[from] Sandstorm
|-ability|p1a: Smeargle|Moody|boost
|-boost|p1a: Smeargle|def|2
|-unboost|p1a: Smeargle|spe|1
|upkeep
|turn|2
|c|☆Aura Lucario 200|gerra de titans
|
|t:|1603237390
|move|p1a: Smeargle|Shell Smash|p1a: Smeargle
|-unboost|p1a: Smeargle|def|1
|-unboost|p1a: Smeargle|spd|1
|-boost|p1a: Smeargle|atk|2
|-boost|p1a: Smeargle|spa|2
|-boost|p1a: Smeargle|spe|2
|-curestatus|p2a: Tyranitar|slp|[msg]
|move|p2a: Tyranitar|Foul Play|p1a: Smeargle
|-damage|p1a: Smeargle|67/100
|
|-weather|Sandstorm|[upkeep]
|-damage|p1a: Smeargle|61/100|[from] Sandstorm
|-ability|p1a: Smeargle|Moody|boost
|-boost|p1a: Smeargle|spd|2
|-unboost|p1a: Smeargle|def|1
|upkeep
|turn|3
|c| EdgySW|Quebra o sash dele no rock blast
|c|☆Aura Lucario 200|nossa
|c| EdgySW|Confia
|c|☆Aura Lucario 200|q rapido
|
|t:|1603237403
|move|p1a: Smeargle|Spore|p2a: Tyranitar
|-status|p2a: Tyranitar|slp|[from] move: Spore
|cant|p2a: Tyranitar|slp
|
|-weather|Sandstorm|[upkeep]
|-damage|p1a: Smeargle|55/100|[from] Sandstorm
|-ability|p1a: Smeargle|Moody|boost
|-boost|p1a: Smeargle|spa|2
|-unboost|p1a: Smeargle|def|1
|upkeep
|turn|4
|
|t:|1603237414
|move|p1a: Smeargle|Shell Smash|p1a: Smeargle
|-unboost|p1a: Smeargle|def|1
|-unboost|p1a: Smeargle|spd|1
|-boost|p1a: Smeargle|atk|2
|-boost|p1a: Smeargle|spa|2
|-boost|p1a: Smeargle|spe|2
|cant|p2a: Tyranitar|slp
|
|-weather|Sandstorm|[upkeep]
|-damage|p1a: Smeargle|49/100|[from] Sandstorm
|-ability|p1a: Smeargle|Moody|boost
|-boost|p1a: Smeargle|spe|2
|-unboost|p1a: Smeargle|atk|1
|upkeep
|turn|5
|
|t:|1603237425
|move|p1a: Smeargle|Baton Pass|p1a: Smeargle
|
|t:|1603237439
|switch|p1a: Arceus|Arceus-Ground|100/100|[from]move: Baton Pass
|-curestatus|p2a: Tyranitar|slp|[msg]
|move|p2a: Tyranitar|Thunder Wave|p1a: Arceus
|-immune|p1a: Arceus
|
|-weather|none
|upkeep
|turn|6
|c|☆Aura Lucario 200|sabia
|
|t:|1603237449
|move|p1a: Arceus|Judgment|p2a: Tyranitar
|-supereffective|p2a: Tyranitar
|-damage|p2a: Tyranitar|0 fnt
|faint|p2a: Tyranitar
|
|upkeep
|j| Bunda Gorda
|
|t:|1603237458
|switch|p2a: Smeargle|Smeargle, M|100/100
|turn|7
|c| B1350|voltei
|
|t:|1603237469
|move|p1a: Arceus|Ice Beam|p2a: Smeargle
|-enditem|p2a: Smeargle|Focus Sash
|-damage|p2a: Smeargle|1/100
|move|p2a: Smeargle|Spore|p1a: Arceus
|-status|p1a: Arceus|slp|[from] move: Spore
|
|-ability|p2a: Smeargle|Moody|boost
|-boost|p2a: Smeargle|spd|2
|-unboost|p2a: Smeargle|spa|1
|upkeep
|turn|8
|c|☆Aura Lucario 200|droga
|c|☆Aura Lucario 200|n congelo
|c|☆Aura Lucario 200|se pa
|c| B1350|tava arrumando pra colocar esse smeargle
|c|☆Aura Lucario 200|se ele tiver spectral thief
|inactive|Aura Lucario 200 has 120 seconds left.
|c| B1350|lascou
|c|☆Aura Lucario 200|ja cei
|
|t:|1603237507
|switch|p1a: Zacian|Zacian-Crowned|100/100
|-ability|p1a: Zacian|Intrepid Sword|boost
|-boost|p1a: Zacian|atk|1
|switch|p2a: Ditto|Ditto|100/100
|-transform|p2a: Ditto|p1a: Zacian|[from] ability: Imposter
|-ability|p2a: Ditto|Intrepid Sword|boost
|-boost|p2a: Ditto|atk|1
|
|upkeep
|turn|9
|inactive|Aura Lucario 200 has 120 seconds left.
|c|☆Aura Lucario 200|eae ditto
|c|☆Aura Lucario 200|na boa
|
|t:|1603237520
|switch|p1a: Groudon|Groudon|100/100
|detailschange|p1a: Groudon|Groudon-Primal
|-primal|p1a: Groudon
|-weather|DesolateLand|[from] ability: Desolate Land|[of] p1a: Groudon
|move|p2a: Ditto|Behemoth Blade|p1a: Groudon
|-resisted|p1a: Groudon
|-damage|p1a: Groudon|56/100
|
|-weather|DesolateLand|[upkeep]
|upkeep
|turn|10
|inactive|Aura Lucario 200 has 120 seconds left.
|
|t:|1603237531
|switch|p2a: Smeargle|Smeargle, M|1/100
|move|p1a: Groudon|Precipice Blades|p2a: Smeargle
|-damage|p2a: Smeargle|0 fnt
|faint|p2a: Smeargle
|
|-weather|DesolateLand|[upkeep]
|upkeep
|c|☆Aura Lucario 200|boa
|c|☆Aura Lucario 200|smeargle ta fora
|
|t:|1603237541
|switch|p2a: Arceus-Normal|Arceus-Ghost|100/100
|turn|11
|
|t:|1603237546
|-start|p2a: Arceus-Normal|Dynamax
|-heal|p2a: Arceus-Normal|100/100|[silent]
|move|p2a: Arceus-Normal|Max Knuckle|p1a: Groudon
|-damage|p1a: Groudon|38/100
|-boost|p2a: Arceus-Normal|atk|1
|move|p1a: Groudon|Dragon Tail|p2a: Arceus-Normal
|-damage|p2a: Arceus-Normal|91/100
|-block|p2a: Arceus-Normal|Dynamax
|
|-weather|DesolateLand|[upkeep]
|upkeep
|turn|12
|
|t:|1603237559
|move|p2a: Arceus-Normal|Max Knuckle|p1a: Groudon
|-damage|p1a: Groudon|8/100
|-boost|p2a: Arceus-Normal|atk|1
|move|p1a: Groudon|Precipice Blades|p2a: Arceus-Normal
|-damage|p2a: Arceus-Normal|60/100
|
|-weather|DesolateLand|[upkeep]
|upkeep
|turn|13
|
|t:|1603237569
|move|p2a: Arceus-Normal|Max Knuckle|p1a: Groudon
|-damage|p1a: Groudon|0 fnt
|-boost|p2a: Arceus-Normal|atk|1
|faint|p1a: Groudon
|-weather|none
|
|-end|p2a: Arceus-Normal|Dynamax
|-heal|p2a: Arceus-Normal|60/100|[silent]
|upkeep
|c| B1350|cuidado aí man
|c|☆Aura Lucario 200|ti prepara arceus
|inactive|Aura Lucario 200 has 120 seconds left.
|c|☆Aura Lucario 200|pq o demonio ta vindo
|c| B1350|tem um move aí
|c|☆1WeedBeard|eu perdi ja sei
|
|t:|1603237595
|switch|p1a: Yveltal|Yveltal|100/100
|-ability|p1a: Yveltal|Dark Aura
|turn|14
|c|☆Aura Lucario 200|vamo na sorte
|c|☆Aura Lucario 200|e na fe
|
|t:|1603237607
|-start|p1a: Yveltal|Dynamax
|-heal|p1a: Yveltal|100/100|[silent]
|move|p2a: Arceus-Normal|Shadow Force||[still]
|-prepare|p2a: Arceus-Normal|Shadow Force
|move|p1a: Yveltal|Max Darkness|p2a: Arceus-Normal|[miss]
|-miss|p1a: Yveltal|p2a: Arceus-Normal
|
|upkeep
|turn|15
|c| EdgySW|Mds
|c|☆Aura Lucario 200|pode vir
|c| EdgySW|Era só dar sucker punch
|c|☆Aura Lucario 200|n tenho medo
|
|t:|1603237629
|move|p2a: Arceus-Normal|Shadow Force|p1a: Yveltal|[from]lockedmove
|-resisted|p1a: Yveltal
|-damage|p1a: Yveltal|62/100
|move|p1a: Yveltal|Max Darkness|p2a: Arceus-Normal
|-supereffective|p2a: Arceus-Normal
|-damage|p2a: Arceus-Normal|0 fnt
|-damage|p1a: Yveltal|57/100|[from] item: Life Orb
|faint|p2a: Arceus-Normal
|
|upkeep
|c| EdgySW|;-;
|
|t:|1603237640
|switch|p2a: Groudon|Groudon|100/100
|detailschange|p2a: Groudon|Groudon-Primal
|-primal|p2a: Groudon
|-weather|DesolateLand|[from] ability: Desolate Land|[of] p2a: Groudon
|turn|16
|
|t:|1603237646
|move|p1a: Yveltal|Max Darkness|p2a: Groudon
|-damage|p2a: Groudon|7/100
|-unboost|p2a: Groudon|spd|1
|-damage|p1a: Yveltal|52/100|[from] item: Life Orb
|move|p2a: Groudon|Thunder Punch|p1a: Yveltal
|-supereffective|p1a: Yveltal
|-crit|p1a: Yveltal
|-damage|p1a: Yveltal|9/100
|
|-weather|DesolateLand|[upkeep]
|-end|p1a: Yveltal|Dynamax
|-heal|p1a: Yveltal|9/100|[silent]
|upkeep
|turn|17
|
|t:|1603237662
|move|p1a: Yveltal|Dark Pulse|p2a: Groudon
|-damage|p2a: Groudon|0 fnt
|-damage|p1a: Yveltal|0 fnt|[from] item: Life Orb
|faint|p2a: Groudon
|-weather|none
|faint|p1a: Yveltal
|
|upkeep
|
|t:|1603237673
|switch|p1a: Ho-Oh|Ho-Oh|100/100
|switch|p2a: Zacian|Zacian-Crowned|100/100
|-ability|p2a: Zacian|Intrepid Sword|boost
|-boost|p2a: Zacian|atk|1
|turn|18
|
|t:|1603237680
|move|p2a: Zacian|Wild Charge|p1a: Ho-Oh
|-supereffective|p1a: Ho-Oh
|-damage|p1a: Ho-Oh|0 fnt
|-damage|p2a: Zacian|68/100|[from] Recoil
|faint|p1a: Ho-Oh
|
|upkeep
|c|☆Aura Lucario 200|nossa
|c|☆Aura Lucario 200|ele tem isso
|
|t:|1603237687
|switch|p1a: Zacian|Zacian-Crowned|100/100
|-ability|p1a: Zacian|Intrepid Sword|boost
|-boost|p1a: Zacian|atk|1
|turn|19
|
|t:|1603237692
|move|p1a: Zacian|Behemoth Blade|p2a: Zacian
|-damage|p2a: Zacian|0 fnt
|faint|p2a: Zacian
|
|upkeep
|
|t:|1603237695
|switch|p2a: Ditto|Ditto|100/100
|-transform|p2a: Ditto|p1a: Zacian|[from] ability: Imposter
|-ability|p2a: Ditto|Intrepid Sword|boost
|-boost|p2a: Ditto|atk|1
|turn|20
|
|t:|1603237702
|switch|p1a: Arceus|Arceus-Ground|100/100 slp
|move|p2a: Ditto|Behemoth Blade|p1a: Arceus
|-damage|p1a: Arceus|42/100 slp
|
|upkeep
|turn|21
|
|t:|1603237710
|move|p2a: Ditto|Behemoth Blade|p1a: Arceus
|-crit|p1a: Arceus
|-damage|p1a: Arceus|0 fnt
|faint|p1a: Arceus
|
|upkeep
|
|t:|1603237717
|switch|p1a: Smeargle|Smeargle, F|49/100
|turn|22
|
|t:|1603237722
|move|p2a: Ditto|Behemoth Blade|p1a: Smeargle
|-damage|p1a: Smeargle|0 fnt
|faint|p1a: Smeargle
|
|upkeep
|
|t:|1603237727
|switch|p1a: Zacian|Zacian-Crowned|100/100
|-ability|p1a: Zacian|Intrepid Sword|boost
|-boost|p1a: Zacian|atk|1
|turn|23
|c| EdgySW|Ditto win con forever
|c|☆Aura Lucario 200|pergunta de quimica basica
|c|☆Aura Lucario 200|ele e choise scarf
|inactive|Aura Lucario 200 has 120 seconds left.
|c|☆Aura Lucario 200|se for
|c|☆Aura Lucario 200|gg pra ti
|c|☆Aura Lucario 200|se n for
|c| EdgySW|Que pergunta bests
|c|☆Aura Lucario 200|gg do memo geito
|c|☆1WeedBeard|vish...
|c| B1350|vaii
|c| EdgySW|Claro que é scarf
|inactive|Aura Lucario 200 has 90 seconds left.
|c| EdgySW|REVELA BAND CONFIO
|c| EdgySW|kkkk
|
|t:|1603237805
|move|p1a: Zacian|Close Combat|p2a: Ditto
|-enditem|p2a: Ditto|Focus Sash
|-damage|p2a: Ditto|1/100
|-unboost|p1a: Zacian|def|1
|-unboost|p1a: Zacian|spd|1
|move|p2a: Ditto|Behemoth Blade|p1a: Zacian
|-damage|p1a: Zacian|0 fnt
|faint|p1a: Zacian
|
|win|1WeedBeard
|c|☆Aura Lucario 200|desgraca
|c|☆1WeedBeard|ganhei na cagada...
|c| B1350|nossa
|c|☆Aura Lucario 200|e sash
|c| B1350|quase
|c|☆Aura Lucario 200|nossa
|c| B1350|foi bem
|c|☆Aura Lucario 200|n se ache tmb ne
|c|☆Aura Lucario 200|man
|c|☆Aura Lucario 200|boa luta
|c|☆1WeedBeard|gg
|l|☆1WeedBeard
|c| B1350|gg
|c| EdgySW|Ganhava msm se fosse scarf
|c|☆Aura Lucario 200|mano
|l| B1350
|c|☆Aura Lucario 200|q groco o cara
|l| EdgySW
|c|☆Aura Lucario 200|nem da obrigado
|c|☆Aura Lucario 200|q desgraca
|l|☆Aura Lucario 200
|l| Bunda Gorda
|j| minelol12
