|j|☆Hhhhhhhhhhhhx
|j|☆moyv123
|t:|1667287403
|gametype|singles
|player|p1|Hhhhhhhhhhhhx|nate|1581
|player|p2|moyv123|265|1772
|teamsize|p1|6
|teamsize|p2|6
|gen|8
|tier|[Gen 8] National Dex AG
|rated|
|rule|HP Percentage Mod: HP is shown in percentages
|rule|Endless Battle Clause: Forcing endless battles is banned
|clearpoke
|poke|p1|Zacian-*|
|poke|p1|Zapdos|
|poke|p1|Ditto|
|poke|p1|Marshadow|
|poke|p1|Swampert, M|
|poke|p1|Tyranitar, M|
|poke|p2|Zacian-*|
|poke|p2|Kyogre|
|poke|p2|Rayquaza|
|poke|p2|Marshadow|
|poke|p2|Ditto|
|poke|p2|Arceus-*|
|teampreview
|inactive|Battle timer is ON: inactive players will automatically lose when time's up. (requested by Hhhhhhhhhhhhx)
|
|t:|1667287427
|start
|switch|p1a: Swampert|Swampert, M|100/100
|switch|p2a: Kyogre|Kyogre|100/100
|detailschange|p2a: Kyogre|Kyogre-Primal
|-primal|p2a: Kyogre
|-weather|PrimordialSea|[from] ability: Primordial Sea|[of] p2a: Kyogre
|turn|1
|
|t:|1667287438
|move|p2a: Kyogre|Water Spout|p1a: Swampert
|-damage|p1a: Swampert|0 fnt
|faint|p1a: Swampert
|
|-weather|PrimordialSea|[upkeep]
|upkeep
|
|t:|1667287446
|switch|p1a: Zacian|Zacian-Crowned|100/100
|-ability|p1a: Zacian|Intrepid Sword|boost
|-boost|p1a: Zacian|atk|1
|turn|2
|inactive|moyv123 has 120 seconds left.
|
|t:|1667287477
|-weather|none
|switch|p2a: Arceus|Arceus-Electric|100/100
|move|p1a: Zacian|Play Rough|p2a: Arceus
|-crit|p2a: Arceus
|-damage|p2a: Arceus|0 fnt
|faint|p2a: Arceus
|
|upkeep
|inactive|moyv123 has 120 seconds left.
|
|t:|1667287486
|switch|p2a: Ditto|Ditto|100/100
|-transform|p2a: Ditto|p1a: Zacian|[from] ability: Imposter
|-ability|p2a: Ditto|Intrepid Sword|boost
|-boost|p2a: Ditto|atk|1
|turn|3
|
|t:|1667287498
|move|p2a: Ditto|Behemoth Blade|p1a: Zacian
|-damage|p1a: Zacian|0 fnt
|faint|p1a: Zacian
|
|upkeep
|
|t:|1667287502
|switch|p1a: Marshadow|Marshadow|100/100
|turn|4
|
|t:|1667287516
|switch|p2a: Rayquaza|Rayquaza|100/100
|-ability|p2a: Rayquaza|Air Lock
|move|p1a: Marshadow|Spectral Thief|p2a: Rayquaza
|-damage|p2a: Rayquaza|53/100
|
|upkeep
|turn|5
|
|t:|1667287532
|detailschange|p2a: Rayquaza|Rayquaza-Mega
|-mega|p2a: Rayquaza|Rayquaza|
|-weather|DeltaStream|[from] ability: Delta Stream|[of] p2a: Rayquaza
|move|p1a: Marshadow|Spectral Thief|p2a: Rayquaza
|-damage|p2a: Rayquaza|11/100
|move|p2a: Rayquaza|Scale Shot|p1a: Marshadow
|-crit|p1a: Marshadow
|-damage|p1a: Marshadow|50/100
|-crit|p1a: Marshadow
|-damage|p1a: Marshadow|0 fnt
|faint|p1a: Marshadow
|-hitcount|p1: Marshadow|2
|-unboost|p2a: Rayquaza|def|1
|-boost|p2a: Rayquaza|spe|1
|
|-weather|DeltaStream|[upkeep]
|upkeep
|
|t:|1667287546
|switch|p1a: Ditto|Ditto|100/100
|-transform|p1a: Ditto|p2a: Rayquaza|[from] ability: Imposter
|turn|6
|
|t:|1667287553
|move|p1a: Ditto|Dragon Ascent|p2a: Rayquaza
|-damage|p2a: Rayquaza|0 fnt
|-unboost|p1a: Ditto|def|1
|-unboost|p1a: Ditto|spd|1
|faint|p2a: Rayquaza
|
|-weather|DeltaStream|[upkeep]
|upkeep
|
|t:|1667287560
|switch|p2a: Zacian|Zacian-Crowned|100/100
|-ability|p2a: Zacian|Intrepid Sword|boost
|-boost|p2a: Zacian|atk|1
|turn|7
|
|t:|1667287566
|-weather|none
|switch|p1a: Tyranitar|Tyranitar, M|100/100
|-weather|Sandstorm|[from] ability: Sand Stream|[of] p1a: Tyranitar
|move|p2a: Zacian|Substitute|p2a: Zacian
|-start|p2a: Zacian|Substitute
|-damage|p2a: Zacian|76/100
|
|-weather|Sandstorm|[upkeep]
|upkeep
|turn|8
|
|t:|1667287578
|move|p2a: Zacian|Behemoth Blade|p1a: Tyranitar
|-supereffective|p1a: Tyranitar
|-damage|p1a: Tyranitar|0 fnt
|faint|p1a: Tyranitar
|
|-weather|Sandstorm|[upkeep]
|upkeep
|
|t:|1667287584
|switch|p1a: Zapdos|Zapdos, shiny|100/100
|-ability|p1a: Zapdos|Pressure
|turn|9
|
|t:|1667287593
|-start|p1a: Zapdos|Dynamax|
|-heal|p1a: Zapdos|100/100|[silent]
|move|p2a: Zacian|Wild Charge|p1a: Zapdos
|-damage|p1a: Zapdos|65/100
|-damage|p2a: Zacian|58/100|[from] Recoil
|move|p1a: Zapdos|Max Airstream|p2a: Zacian
|-resisted|p2a: Zacian
|-end|p2a: Zacian|Substitute
|-boost|p1a: Zapdos|spe|1
|-damage|p1a: Zapdos|60/100|[from] item: Life Orb
|
|-weather|Sandstorm|[upkeep]
|-damage|p1a: Zapdos|57/100|[from] Sandstorm
|upkeep
|turn|10
|
|t:|1667287612
|move|p1a: Zapdos|Max Lightning|p2a: Zacian
|-damage|p2a: Zacian|0 fnt
|-fieldstart|move: Electric Terrain
|faint|p2a: Zacian
|-damage|p1a: Zapdos|52/100|[from] item: Life Orb
|
|-weather|Sandstorm|[upkeep]
|-damage|p1a: Zapdos|48/100|[from] Sandstorm
|upkeep
|
|t:|1667287623
|switch|p2a: Ditto|Ditto|100/100
|-transform|p2a: Ditto|p1a: Zapdos|[from] ability: Imposter
|-ability|p2a: Ditto|Pressure
|turn|11
|inactive|moyv123 has 120 seconds left.
|
|t:|1667287652
|-start|p2a: Ditto|Dynamax|
|-heal|p2a: Ditto|100/100|[silent]
|move|p2a: Ditto|Max Guard|p2a: Ditto
|-singleturn|p2a: Ditto|Max Guard
|move|p1a: Zapdos|Max Lightning|p2a: Ditto
|-activate|p2a: Ditto|move: Max Guard
|
|-weather|none
|upkeep
|-end|p1a: Zapdos|Dynamax
|-heal|p1a: Zapdos|48/100|[silent]
|turn|12
|inactive|moyv123 has 120 seconds left.
|
|t:|1667287666
|move|p1a: Zapdos|Thunderbolt|p2a: Ditto
|-damage|p2a: Ditto|63/100
|-damage|p1a: Zapdos|39/100|[from] item: Life Orb
|move|p2a: Ditto|Max Lightning|p1a: Zapdos
|-damage|p1a: Zapdos|0 fnt
|faint|p1a: Zapdos
|
|upkeep
|-message|Hhhhhhhhhhhhx forfeited.
|
|win|moyv123
|raw|Hhhhhhhhhhhhx's rating: 1581 &rarr; <strong>1571</strong><br />(-10 for losing)
|raw|moyv123's rating: 1772 &rarr; <strong>1782</strong><br />(+10 for winning)
