|j|☆Pkmn3443
|j|☆Alkir
|t:|1615410053
|player|p1|Pkmn3443|2|1867
|player|p2|Alkir|grimsley|1621
|teamsize|p1|6
|teamsize|p2|6
|gametype|singles
|gen|8
|tier|[Gen 8] National Dex AG
|rated|
|clearpoke
|poke|p1|Zacian-Crowned|
|poke|p1|Necrozma-Dusk-Mane|
|poke|p1|Ditto|
|poke|p1|Ho-Oh|
|poke|p1|Rayquaza|
|poke|p1|Yveltal|
|poke|p2|Zacian-Crowned|
|poke|p2|Xerneas|
|poke|p2|Rayquaza|
|poke|p2|Lugia|
|poke|p2|Marshadow|
|poke|p2|Groudon|
|rule|HP Percentage Mod: HP is shown in percentages
|rule|Endless Battle Clause: Forcing endless battles is banned
|teampreview
|inactive|Battle timer is ON: inactive players will automatically lose when time's up. (requested by Alkir)
|
|t:|1615410069
|start
|switch|p1a: Rayquaza|Rayquaza|100/100
|switch|p2a: Groudon|Groudon|100/100
|-ability|p1a: Rayquaza|Air Lock
|detailschange|p2a: Groudon|Groudon-Primal
|-primal|p2a: Groudon
|-weather|DesolateLand|[from] ability: Desolate Land|[of] p2a: Groudon
|turn|1
|
|t:|1615410079
|detailschange|p1a: Rayquaza|Rayquaza-Mega
|-mega|p1a: Rayquaza|Rayquaza|
|-weather|DeltaStream|[from] ability: Delta Stream|[of] p1a: Rayquaza
|move|p1a: Rayquaza|Draco Meteor|p2a: Groudon
|-damage|p2a: Groudon|34/100
|-unboost|p1a: Rayquaza|spa|2
|-damage|p1a: Rayquaza|91/100|[from] item: Life Orb
|move|p2a: Groudon|Stealth Rock|p1a: Rayquaza
|-sidestart|p1: Pkmn3443|move: Stealth Rock
|
|-weather|DeltaStream|[upkeep]
|upkeep
|turn|2
|
|t:|1615410089
|switch|p2a: Lugia|Lugia|100/100
|move|p1a: Rayquaza|Dragon Ascent|p2a: Lugia
|-damage|p2a: Lugia|72/100
|-unboost|p1a: Rayquaza|def|1
|-unboost|p1a: Rayquaza|spd|1
|-damage|p1a: Rayquaza|81/100|[from] item: Life Orb
|
|-weather|DeltaStream|[upkeep]
|upkeep
|turn|3
|
|t:|1615410099
|-weather|none
|switch|p1a: Ho-Oh|Ho-Oh|100/100
|move|p2a: Lugia|Roost|p2a: Lugia
|-heal|p2a: Lugia|100/100
|-singleturn|p2a: Lugia|move: Roost
|
|upkeep
|turn|4
|
|t:|1615410107
|move|p2a: Lugia|Toxic|p1a: Ho-Oh
|-status|p1a: Ho-Oh|tox
|move|p1a: Ho-Oh|Defog|p2a: Lugia
|-unboost|p2a: Lugia|evasion|1
|-sideend|p1: Pkmn3443|Stealth Rock|[from] move: Defog|[of] p1a: Ho-Oh
|
|-damage|p1a: Ho-Oh|94/100 tox|[from] psn
|upkeep
|turn|5
|
|t:|1615410115
|switch|p2a: Groudon|Groudon-Primal|34/100
|-weather|DesolateLand|[from] ability: Desolate Land|[of] p2a: Groudon
|move|p1a: Ho-Oh|Toxic|p2a: Groudon
|-status|p2a: Groudon|tox
|
|-weather|DesolateLand|[upkeep]
|-damage|p1a: Ho-Oh|82/100 tox|[from] psn
|-damage|p2a: Groudon|28/100 tox|[from] psn
|upkeep
|turn|6
|
|t:|1615410124
|move|p1a: Ho-Oh|Sacred Fire|p2a: Groudon
|-resisted|p2a: Groudon
|-damage|p2a: Groudon|9/100 tox
|move|p2a: Groudon|Stealth Rock|p1a: Ho-Oh
|-sidestart|p1: Pkmn3443|move: Stealth Rock
|
|-weather|DesolateLand|[upkeep]
|-damage|p1a: Ho-Oh|63/100 tox|[from] psn
|-damage|p2a: Groudon|0 fnt|[from] psn
|faint|p2a: Groudon
|-weather|none
|upkeep
|
|t:|1615410145
|switch|p2a: Xerneas|Xerneas|100/100
|-ability|p2a: Xerneas|Fairy Aura
|turn|7
|
|t:|1615410155
|move|p2a: Xerneas|Geomancy||[still]
|-prepare|p2a: Xerneas|Geomancy
|-enditem|p2a: Xerneas|Power Herb
|-anim|p2a: Xerneas|Geomancy|p2a: Xerneas
|-boost|p2a: Xerneas|spa|2
|-boost|p2a: Xerneas|spd|2
|-boost|p2a: Xerneas|spe|2
|move|p1a: Ho-Oh|Whirlwind|p2a: Xerneas
|drag|p2a: Zacian|Zacian-Crowned|100/100
|-ability|p2a: Zacian|Intrepid Sword|boost
|-boost|p2a: Zacian|atk|1
|
|-damage|p1a: Ho-Oh|38/100 tox|[from] psn
|upkeep
|turn|8
|
|t:|1615410166
|switch|p1a: Necrozma|Necrozma-Dusk-Mane|100/100
|-damage|p1a: Necrozma|94/100|[from] Stealth Rock
|move|p2a: Zacian|Behemoth Blade|p1a: Necrozma
|-resisted|p1a: Necrozma
|-damage|p1a: Necrozma|66/100
|-damage|p2a: Zacian|84/100|[from] item: Rocky Helmet|[of] p1a: Necrozma
|
|upkeep
|turn|9
|
|t:|1615410178
|switch|p2a: Lugia|Lugia|100/100
|move|p1a: Necrozma|Morning Sun|p1a: Necrozma
|-heal|p1a: Necrozma|100/100
|
|upkeep
|turn|10
|
|t:|1615410185
|switch|p1a: Ho-Oh|Ho-Oh|72/100 tox
|move|p2a: Lugia|Thunder Wave||[still]
|-fail|p2a: Lugia
|
|-damage|p1a: Ho-Oh|66/100 tox|[from] psn
|upkeep
|turn|11
|
|t:|1615410201
|switch|p2a: Rayquaza|Rayquaza|100/100
|-ability|p2a: Rayquaza|Air Lock
|move|p1a: Ho-Oh|Defog|p2a: Rayquaza
|-unboost|p2a: Rayquaza|evasion|1
|-sideend|p1: Pkmn3443|Stealth Rock|[from] move: Defog|[of] p1a: Ho-Oh
|
|-damage|p1a: Ho-Oh|53/100 tox|[from] psn
|upkeep
|turn|12
|
|t:|1615410210
|switch|p1a: Necrozma|Necrozma-Dusk-Mane|100/100
|detailschange|p2a: Rayquaza|Rayquaza-Mega
|-mega|p2a: Rayquaza|Rayquaza|
|-weather|DeltaStream|[from] ability: Delta Stream|[of] p2a: Rayquaza
|move|p2a: Rayquaza|Draco Meteor|p1a: Necrozma
|-resisted|p1a: Necrozma
|-damage|p1a: Necrozma|73/100
|-unboost|p2a: Rayquaza|spa|2
|
|-weather|DeltaStream|[upkeep]
|upkeep
|turn|13
|
|t:|1615410222
|-weather|none
|switch|p2a: Lugia|Lugia|100/100
|switch|p1a: Ho-Oh|Ho-Oh|86/100 tox
|
|-damage|p1a: Ho-Oh|80/100 tox|[from] psn
|upkeep
|turn|14
|
|t:|1615410242
|switch|p2a: Xerneas|Xerneas|100/100
|-ability|p2a: Xerneas|Fairy Aura
|move|p1a: Ho-Oh|Sacred Fire|p2a: Xerneas
|-damage|p2a: Xerneas|60/100
|-status|p2a: Xerneas|brn
|
|-damage|p2a: Xerneas|54/100 brn|[from] brn
|-damage|p1a: Ho-Oh|68/100 tox|[from] psn
|upkeep
|turn|15
|
|t:|1615410254
|switch|p1a: Necrozma|Necrozma-Dusk-Mane|73/100
|move|p2a: Xerneas|Thunder|p1a: Necrozma
|-damage|p1a: Necrozma|40/100
|
|-damage|p2a: Xerneas|48/100 brn|[from] brn
|upkeep
|turn|16
|
|t:|1615410262
|move|p2a: Xerneas|Thunder|p1a: Necrozma|[miss]
|-miss|p2a: Xerneas|p1a: Necrozma
|move|p1a: Necrozma|Morning Sun|p1a: Necrozma
|-heal|p1a: Necrozma|90/100
|
|-damage|p2a: Xerneas|42/100 brn|[from] brn
|upkeep
|turn|17
|
|t:|1615410269
|move|p2a: Xerneas|Thunder|p1a: Necrozma|[miss]
|-miss|p2a: Xerneas|p1a: Necrozma
|move|p1a: Necrozma|Stealth Rock|p2a: Xerneas
|-sidestart|p2: Alkir|move: Stealth Rock
|
|-damage|p2a: Xerneas|36/100 brn|[from] brn
|upkeep
|turn|18
|
|t:|1615410277
|move|p2a: Xerneas|Thunder|p1a: Necrozma
|-damage|p1a: Necrozma|59/100
|move|p1a: Necrozma|Sunsteel Strike|p2a: Xerneas
|-supereffective|p2a: Xerneas
|-damage|p2a: Xerneas|0 fnt
|faint|p2a: Xerneas
|
|upkeep
|
|t:|1615410284
|switch|p2a: Lugia|Lugia|100/100
|turn|19
|
|t:|1615410288
|switch|p1a: Ho-Oh|Ho-Oh|100/100 tox
|move|p2a: Lugia|Thunder Wave||[still]
|-fail|p2a: Lugia
|
|-damage|p1a: Ho-Oh|94/100 tox|[from] psn
|upkeep
|turn|20
|j| Beatboxing_Phantom
|c| Beatboxing_Phantom|e
|
|t:|1615410294
|move|p2a: Lugia|Defog|p1a: Ho-Oh
|-unboost|p1a: Ho-Oh|evasion|1
|-sideend|p2: Alkir|Stealth Rock|[from] move: Defog|[of] p2a: Lugia
|move|p1a: Ho-Oh|Sacred Fire|p2a: Lugia
|-damage|p2a: Lugia|89/100
|-status|p2a: Lugia|brn
|
|-damage|p2a: Lugia|83/100 brn|[from] brn
|-damage|p1a: Ho-Oh|82/100 tox|[from] psn
|upkeep
|turn|21
|
|t:|1615410304
|switch|p1a: Necrozma|Necrozma-Dusk-Mane|59/100
|move|p2a: Lugia|Roost|p2a: Lugia
|-heal|p2a: Lugia|100/100 brn
|-singleturn|p2a: Lugia|move: Roost
|
|-damage|p2a: Lugia|94/100 brn|[from] brn
|upkeep
|turn|22
|
|t:|1615410314
|switch|p1a: Ho-Oh|Ho-Oh|100/100 tox
|move|p2a: Lugia|Thunder Wave||[still]
|-fail|p2a: Lugia
|
|-damage|p2a: Lugia|88/100 brn|[from] brn
|-damage|p1a: Ho-Oh|94/100 tox|[from] psn
|upkeep
|turn|23
|
|t:|1615410323
|switch|p2a: Zacian|Zacian-Crowned|84/100
|-ability|p2a: Zacian|Intrepid Sword|boost
|-boost|p2a: Zacian|atk|1
|switch|p1a: Necrozma|Necrozma-Dusk-Mane|59/100
|
|upkeep
|turn|24
|
|t:|1615410331
|move|p2a: Zacian|Swords Dance|p2a: Zacian
|-boost|p2a: Zacian|atk|2
|move|p1a: Necrozma|Morning Sun|p1a: Necrozma
|-heal|p1a: Necrozma|100/100
|
|upkeep
|turn|25
|
|t:|1615410340
|move|p2a: Zacian|Behemoth Blade|p1a: Necrozma
|-resisted|p1a: Necrozma
|-damage|p1a: Necrozma|54/100
|-damage|p2a: Zacian|67/100|[from] item: Rocky Helmet|[of] p1a: Necrozma
|move|p1a: Necrozma|Stealth Rock|p2a: Zacian
|-sidestart|p2: Alkir|move: Stealth Rock
|
|upkeep
|turn|26
|
|t:|1615410348
|move|p2a: Zacian|Behemoth Blade|p1a: Necrozma
|-resisted|p1a: Necrozma
|-damage|p1a: Necrozma|6/100
|-damage|p2a: Zacian|51/100|[from] item: Rocky Helmet|[of] p1a: Necrozma
|move|p1a: Necrozma|Morning Sun|p1a: Necrozma
|-heal|p1a: Necrozma|56/100
|
|upkeep
|turn|27
|
|t:|1615410357
|move|p2a: Zacian|Behemoth Blade|p1a: Necrozma
|-resisted|p1a: Necrozma
|-damage|p1a: Necrozma|8/100
|-damage|p2a: Zacian|34/100|[from] item: Rocky Helmet|[of] p1a: Necrozma
|move|p1a: Necrozma|Morning Sun|p1a: Necrozma
|-heal|p1a: Necrozma|58/100
|
|upkeep
|turn|28
|
|t:|1615410364
|move|p2a: Zacian|Swords Dance|p2a: Zacian
|-boost|p2a: Zacian|atk|2
|move|p1a: Necrozma|Morning Sun|p1a: Necrozma
|-heal|p1a: Necrozma|100/100
|
|upkeep
|turn|29
|
|t:|1615410375
|move|p2a: Zacian|Behemoth Blade|p1a: Necrozma
|-resisted|p1a: Necrozma
|-damage|p1a: Necrozma|37/100
|-damage|p2a: Zacian|18/100|[from] item: Rocky Helmet|[of] p1a: Necrozma
|move|p1a: Necrozma|Morning Sun|p1a: Necrozma
|-heal|p1a: Necrozma|87/100
|
|upkeep
|turn|30
|
|t:|1615410384
|move|p2a: Zacian|Behemoth Blade|p1a: Necrozma
|-resisted|p1a: Necrozma
|-damage|p1a: Necrozma|22/100
|-damage|p2a: Zacian|1/100|[from] item: Rocky Helmet|[of] p1a: Necrozma
|move|p1a: Necrozma|Morning Sun|p1a: Necrozma
|-heal|p1a: Necrozma|72/100
|
|upkeep
|turn|31
|
|t:|1615410392
|move|p2a: Zacian|Behemoth Blade|p1a: Necrozma
|-resisted|p1a: Necrozma
|-crit|p1a: Necrozma
|-damage|p1a: Necrozma|0 fnt
|-damage|p2a: Zacian|0 fnt|[from] item: Rocky Helmet|[of] p1a: Necrozma
|faint|p1a: Necrozma
|faint|p2a: Zacian
|
|upkeep
|
|t:|1615410402
|switch|p2a: Rayquaza|Rayquaza-Mega|100/100
|switch|p1a: Zacian|Zacian-Crowned|100/100
|-damage|p2a: Rayquaza|76/100|[from] Stealth Rock
|-weather|DeltaStream|[from] ability: Delta Stream|[of] p2a: Rayquaza
|-ability|p1a: Zacian|Intrepid Sword|boost
|-boost|p1a: Zacian|atk|1
|turn|32
|
|t:|1615410410
|move|p2a: Rayquaza|V-create|p1a: Zacian
|-supereffective|p1a: Zacian
|-damage|p1a: Zacian|0 fnt
|-unboost|p2a: Rayquaza|spe|1
|-unboost|p2a: Rayquaza|def|1
|-unboost|p2a: Rayquaza|spd|1
|faint|p1a: Zacian
|
|-weather|DeltaStream|[upkeep]
|upkeep
|
|t:|1615410419
|switch|p1a: Yveltal|Yveltal|100/100
|-ability|p1a: Yveltal|Dark Aura
|turn|33
|
|t:|1615410425
|-weather|none
|switch|p2a: Lugia|Lugia|88/100 brn
|-start|p1a: Yveltal|Dynamax
|-heal|p1a: Yveltal|100/100|[silent]
|move|p1a: Yveltal|Max Airstream|p2a: Lugia
|-damage|p2a: Lugia|38/100 brn
|-boost|p1a: Yveltal|spe|1
|-damage|p1a: Yveltal|96/100|[from] item: Life Orb
|
|-damage|p2a: Lugia|32/100 brn|[from] brn
|upkeep
|turn|34
|
|t:|1615410438
|move|p1a: Yveltal|Max Darkness|p2a: Lugia
|-supereffective|p2a: Lugia
|-damage|p2a: Lugia|0 fnt
|-damage|p1a: Yveltal|91/100|[from] item: Life Orb
|faint|p2a: Lugia
|
|upkeep
|
|t:|1615410445
|switch|p2a: Rayquaza|Rayquaza-Mega|76/100
|-damage|p2a: Rayquaza|51/100|[from] Stealth Rock
|-weather|DeltaStream|[from] ability: Delta Stream|[of] p2a: Rayquaza
|turn|35
|
|t:|1615410455
|move|p2a: Rayquaza|Extreme Speed|p1a: Yveltal
|-damage|p1a: Yveltal|74/100
|move|p1a: Yveltal|Max Airstream|p2a: Rayquaza
|-damage|p2a: Rayquaza|0 fnt
|-boost|p1a: Yveltal|spe|1
|-damage|p1a: Yveltal|69/100|[from] item: Life Orb
|faint|p2a: Rayquaza
|-weather|none
|
|-end|p1a: Yveltal|Dynamax
|-heal|p1a: Yveltal|69/100|[silent]
|upkeep
|
|t:|1615410459
|switch|p2a: Marshadow|Marshadow|100/100
|-damage|p2a: Marshadow|94/100|[from] Stealth Rock
|turn|36
|-message|Alkir forfeited.
|
|win|Pkmn3443
|l|☆Alkir
|raw|Pkmn3443's rating: 1870 &rarr; <strong>1876</strong><br />(+6 for winning)
|raw|Alkir's rating: 1621 &rarr; <strong>1615</strong><br />(-6 for losing)
