|j|☆ihateDread
|j|☆SnipinNDAG
|t:|1665722274
|gametype|singles
|player|p1|ihateDread|n|
|player|p2|SnipinNDAG|red|
|teamsize|p1|6
|teamsize|p2|6
|gen|8
|tier|[Gen 8] National Dex AG
|rule|HP Percentage Mod: HP is shown in percentages
|rule|Endless Battle Clause: Forcing endless battles is banned
|clearpoke
|poke|p1|Zacian-*|
|poke|p1|Rayquaza|
|poke|p1|Zekrom|
|poke|p1|Necrozma-Dusk-Mane|
|poke|p1|Calyrex-Shadow|
|poke|p1|Grimmsnarl, M|
|poke|p2|Zacian-*|
|poke|p2|Zacian-*|
|poke|p2|Zacian-*|
|poke|p2|Zacian-*|
|poke|p2|Zoroark, M|
|poke|p2|Arceus-*|
|teampreview
|inactive|Battle timer is ON: inactive players will automatically lose when time's up. (requested by ihateDread)
|inactive|SnipinNDAG also wants the timer to be on.
|
|t:|1665722281
|start
|switch|p1a: Wall Builder|Grimmsnarl, M|100/100
|switch|p2a: Zacian|Zacian|100/100
|turn|1
|
|t:|1665722287
|move|p1a: Wall Builder|Reflect|p1a: Wall Builder
|-sidestart|p1: ihateDread|Reflect
|move|p2a: Zacian|Trick|p1a: Wall Builder
|-activate|p2a: Zacian|move: Trick|[of] p1a: Wall Builder
|-item|p1a: Wall Builder|Choice Scarf|[from] move: Trick
|-item|p2a: Zacian|Light Clay|[from] move: Trick
|
|upkeep
|turn|2
|c|☆SnipinNDAG|sus?
|c|☆ihateDread|SUS
|
|t:|1665722299
|move|p1a: Wall Builder|Thunder Wave|p2a: Zacian
|-immune|p2a: Zacian
|move|p2a: Zacian|Dark Pulse|p1a: Wall Builder
|-resisted|p1a: Wall Builder
|-damage|p1a: Wall Builder|89/100
|
|upkeep
|turn|3
|c|☆SnipinNDAG|bro
|c|☆SnipinNDAG|im a dark type
|c|☆ihateDread|WTF OP!!!
|c|☆ihateDread|ITS MAGIC
|
|t:|1665722329
|switch|p1a: Sword|Zacian-Crowned|100/100
|-ability|p1a: Sword|Intrepid Sword|boost
|-boost|p1a: Sword|atk|1
|move|p2a: Zacian|Burning Jealousy|p1a: Sword
|-supereffective|p1a: Sword
|-damage|p1a: Sword|55/100
|-status|p1a: Sword|brn
|
|-damage|p1a: Sword|49/100 brn|[from] brn
|upkeep
|turn|4
|c|☆ihateDread|the fu-
|c|☆SnipinNDAG|pranked.
|c|☆ihateDread|that's a move?
|inactive|ihateDread has 270 seconds left.
|c|☆ihateDread|bruh
|
|t:|1665722351
|move|p1a: Sword|Behemoth Blade|p2a: Zacian
|-damage|p2a: Zacian|0 fnt
|replace|p2a: sus!!|Zoroark, M
|-end|p2a: sus!!|Illusion
|faint|p2a: sus!!
|
|-damage|p1a: Sword|43/100 brn|[from] brn
|upkeep
|c|☆SnipinNDAG|;(
|c|☆ihateDread|gtfo
|inactive|SnipinNDAG has 270 seconds left.
|
|t:|1665722366
|switch|p2a: Zacian|Zacian-Crowned|100/100
|-ability|p2a: Zacian|Intrepid Sword|boost
|-boost|p2a: Zacian|atk|1
|turn|5
|
|t:|1665722369
|switch|p1a: Light God|Necrozma-Dusk-Mane, shiny|100/100
|move|p2a: Zacian|Imprison|p2a: Zacian
|-start|p2a: Zacian|move: Imprison
|
|upkeep
|turn|6
|c|☆SnipinNDAG|;(
|c|☆ihateDread|what the
|
|t:|1665722383
|switch|p2a: Arceus-Elec|Arceus|100/100
|move|p1a: Light God|Dragon Dance|p1a: Light God
|-boost|p1a: Light God|atk|1
|-boost|p1a: Light God|spe|1
|
|upkeep
|turn|7
|
|t:|1665722389
|detailschange|p1a: Light God|Necrozma-Ultra, shiny
|-burst|p1a: Light God|Necrozma|Ultranecrozium Z
|move|p1a: Light God|Photon Geyser|p2a: Arceus-Elec
|-damage|p2a: Arceus-Elec|40/100
|move|p2a: Arceus-Elec|Perish Song|p2a: Arceus-Elec
|-start|p1a: Light God|perish3|[silent]
|-start|p2a: Arceus-Elec|perish3|[silent]
|-fieldactivate|move: Perish Song
|
|-start|p1a: Light God|perish3
|-start|p2a: Arceus-Elec|perish3
|upkeep
|turn|8
|
|t:|1665722398
|switch|p2a: Zacian|Zacian-Crowned|100/100
|-ability|p2a: Zacian|Intrepid Sword|boost
|-boost|p2a: Zacian|atk|1
|move|p1a: Light God|Photon Geyser|p2a: Zacian
|-resisted|p2a: Zacian
|-damage|p2a: Zacian|61/100
|
|-start|p1a: Light God|perish2
|-sideend|p1: ihateDread|Reflect
|upkeep
|turn|9
|
|t:|1665722404
|move|p1a: Light God|Earthquake|p2a: Zacian
|-supereffective|p2a: Zacian
|-damage|p2a: Zacian|0 fnt
|faint|p2a: Zacian
|
|-start|p1a: Light God|perish1
|upkeep
|
|t:|1665722409
|switch|p2a: Zacian|Zacian|100/100
|-ability|p2a: Zacian|Intrepid Sword|boost
|-boost|p2a: Zacian|atk|1
|turn|10
|
|t:|1665722418
|switch|p1a: Sword|Zacian-Crowned|43/100 brn
|-ability|p1a: Sword|Intrepid Sword|boost
|-boost|p1a: Sword|atk|1
|move|p2a: Zacian|Play Rough|p1a: Sword
|-resisted|p1a: Sword
|-damage|p1a: Sword|8/100 brn
|
|-damage|p1a: Sword|2/100 brn|[from] brn
|upkeep
|turn|11
|c|☆ihateDread|comedee
|
|t:|1665722427
|move|p2a: Zacian|Play Rough|p1a: Sword
|-resisted|p1a: Sword
|-damage|p1a: Sword|0 fnt
|faint|p1a: Sword
|
|upkeep
|c|☆ihateDread|wtf
|c|☆ihateDread|fuckwos
|
|t:|1665722438
|switch|p1a: Wall Builder|Grimmsnarl, M|89/100
|turn|12
|c|☆SnipinNDAG|huh?
|
|t:|1665722442
|switch|p2a: Arceus-Elec|Arceus|40/100
|move|p1a: Wall Builder|Light Screen|p1a: Wall Builder
|-sidestart|p1: ihateDread|move: Light Screen
|
|upkeep
|turn|13
|
|t:|1665722453
|switch|p1a: Speed|Rayquaza|100/100
|-ability|p1a: Speed|Air Lock
|move|p2a: Arceus-Elec|Swords Dance|p2a: Arceus-Elec
|-boost|p2a: Arceus-Elec|atk|2
|
|upkeep
|turn|14
|
|t:|1665722460
|detailschange|p1a: Speed|Rayquaza-Mega
|-mega|p1a: Speed|Rayquaza|
|-weather|DeltaStream|[from] ability: Delta Stream|[of] p1a: Speed
|move|p1a: Speed|Extreme Speed|p2a: Arceus-Elec
|-damage|p2a: Arceus-Elec|6/100
|move|p2a: Arceus-Elec|Extreme Speed|p1a: Speed
|-damage|p1a: Speed|27/100
|
|-weather|DeltaStream|[upkeep]
|upkeep
|turn|15
|c|☆ihateDread|WHAHH
|
|t:|1665722472
|-start|p2a: Arceus-Elec|Dynamax|
|-heal|p2a: Arceus-Elec|6/100|[silent]
|move|p2a: Arceus-Elec|Max Guard|p2a: Arceus-Elec
|-singleturn|p2a: Arceus-Elec|Max Guard
|move|p1a: Speed|Extreme Speed|p2a: Arceus-Elec
|-activate|p2a: Arceus-Elec|move: Max Guard
|
|-weather|DeltaStream|[upkeep]
|upkeep
|turn|16
|
|t:|1665722477
|move|p2a: Arceus-Elec|Max Guard|p2a: Arceus-Elec
|-singleturn|p2a: Arceus-Elec|Max Guard
|move|p1a: Speed|Extreme Speed|p2a: Arceus-Elec
|-activate|p2a: Arceus-Elec|move: Max Guard
|
|-weather|DeltaStream|[upkeep]
|-sideend|p1: ihateDread|move: Light Screen
|upkeep
|turn|17
|c|☆SnipinNDAG|HHHAHAH
|
|t:|1665722484
|move|p2a: Arceus-Elec|Max Guard||[still]
|-fail|p2a: Arceus-Elec
|move|p1a: Speed|Extreme Speed|p2a: Arceus-Elec
|-damage|p2a: Arceus-Elec|0 fnt
|faint|p2a: Arceus-Elec
|
|-weather|DeltaStream|[upkeep]
|upkeep
|c|☆ihateDread|help he's eating my pp
|
|t:|1665722489
|switch|p2a: Zacian|Zacian|100/100
|-ability|p2a: Zacian|Intrepid Sword|boost
|-boost|p2a: Zacian|atk|1
|turn|18
|
|t:|1665722497
|-weather|none
|switch|p1a: Wall Builder|Grimmsnarl, M|89/100
|move|p2a: Zacian|Play Rough|p1a: Wall Builder
|-supereffective|p1a: Wall Builder
|-damage|p1a: Wall Builder|0 fnt
|faint|p1a: Wall Builder
|
|upkeep
|
|t:|1665722499
|switch|p1a: Horsey|Calyrex-Shadow|100/100
|-ability|p1a: Horsey|As One
|-ability|p1a: Horsey|Unnerve
|turn|19
|
|t:|1665722510
|move|p1a: Horsey|Nasty Plot|p1a: Horsey
|-boost|p1a: Horsey|spa|2
|move|p2a: Zacian|Play Rough|p1a: Horsey
|-damage|p1a: Horsey|21/100
|
|upkeep
|turn|20
|c|☆SnipinNDAG|gonna lose but shut
|
|t:|1665722516
|move|p1a: Horsey|Astral Barrage|p2a: Zacian
|-damage|p2a: Zacian|0 fnt
|faint|p2a: Zacian
|-ability|p1a: Horsey|Grim Neigh|boost
|-boost|p1a: Horsey|spa|1
|
|upkeep
|
|t:|1665722518
|switch|p2a: Zacian|Zacian|100/100
|-ability|p2a: Zacian|Intrepid Sword|boost
|-boost|p2a: Zacian|atk|1
|turn|21
|
|t:|1665722523
|move|p2a: Zacian|Play Rough|p1a: Horsey
|-damage|p1a: Horsey|0 fnt
|faint|p1a: Horsey
|
|upkeep
|c|☆SnipinNDAG|OK
|c|☆SnipinNDAG|WAIT
|c|☆ihateDread|what
|c|☆SnipinNDAG|I AHVE A CHANCE
|
|t:|1665722534
|switch|p1a: Static|Zekrom, shiny|100/100
|-ability|p1a: Static|Teravolt
|turn|22
|
|t:|1665722540
|-start|p1a: Static|Dynamax|
|-heal|p1a: Static|100/100|[silent]
|move|p2a: Zacian|Play Rough|p1a: Static
|-supereffective|p1a: Static
|-damage|p1a: Static|43/100
|move|p1a: Static|Max Lightning|p2a: Zacian
|-damage|p2a: Zacian|28/100
|-fieldstart|move: Electric Terrain
|
|-heal|p1a: Static|46/100|[from] item: Leftovers
|upkeep
|turn|23
|c|☆ihateDread|nOOO
|
|t:|1665722555
|move|p1a: Static|Max Guard|p1a: Static
|-singleturn|p1a: Static|Max Guard
|move|p2a: Zacian|Play Rough|p1a: Static
|-activate|p1a: Static|move: Max Guard
|
|-heal|p1a: Static|49/100|[from] item: Leftovers
|upkeep
|turn|24
|c|☆SnipinNDAG|CURSE PLS WEAR OFF
|
|t:|1665722562
|move|p1a: Static|Max Guard|p1a: Static
|-singleturn|p1a: Static|Max Guard
|move|p2a: Zacian|Play Rough|p1a: Static
|-activate|p1a: Static|move: Max Guard
|
|-heal|p1a: Static|52/100|[from] item: Leftovers
|upkeep
|-end|p1a: Static|Dynamax
|-heal|p1a: Static|52/100|[silent]
|turn|25
|
|t:|1665722565
|move|p2a: Zacian|Play Rough|p1a: Static
|-supereffective|p1a: Static
|-damage|p1a: Static|0 fnt
|faint|p1a: Static
|
|upkeep
|
|t:|1665722569
|switch|p1a: Speed|Rayquaza-Mega|27/100
|-weather|DeltaStream|[from] ability: Delta Stream|[of] p1a: Speed
|turn|26
|
|t:|1665722572
|switch|p2a: Zacian|Zacian-Crowned|100/100
|-ability|p2a: Zacian|Intrepid Sword|boost
|-boost|p2a: Zacian|atk|1
|move|p1a: Speed|Extreme Speed|p2a: Zacian
|-resisted|p2a: Zacian
|-damage|p2a: Zacian|77/100
|
|-weather|DeltaStream|[upkeep]
|-fieldend|move: Electric Terrain
|upkeep
|turn|27
|
|t:|1665722578
|-weather|none
|switch|p1a: Light God|Necrozma-Ultra, shiny|100/100
|move|p2a: Zacian|Behemoth Blade|p1a: Light God
|-damage|p1a: Light God|5/100
|
|upkeep
|turn|28
|
|t:|1665722586
|move|p2a: Zacian|Wild Charge|p1a: Light God
|-resisted|p1a: Light God
|-damage|p1a: Light God|0 fnt
|faint|p1a: Light God
|-damage|p2a: Zacian|75/100|[from] Recoil
|
|upkeep
|
|t:|1665722588
|switch|p1a: Speed|Rayquaza-Mega|27/100
|-weather|DeltaStream|[from] ability: Delta Stream|[of] p1a: Speed
|turn|29
|
|t:|1665722594
|move|p2a: Zacian|Behemoth Blade|p1a: Speed
|-damage|p1a: Speed|0 fnt
|faint|p1a: Speed
|-weather|none
|
|win|SnipinNDAG
|c|☆ihateDread|SEG
|c|☆ihateDread|a
|c|☆ihateDread|bruh
|c|☆ihateDread|I'm funny
