|j|☆Czefkuu
|j|☆Ball Of Floof
|t:|1650656770
|gametype|singles
|player|p1|Czefkuu|266|1770
|player|p2|Ball Of Floof|lady-gen4|1620
|teamsize|p1|6
|teamsize|p2|6
|gen|8
|tier|[Gen 8] National Dex AG
|rated|
|rule|HP Percentage Mod: HP is shown in percentages
|rule|Endless Battle Clause: Forcing endless battles is banned
|clearpoke
|poke|p1|Groudon|
|poke|p1|Ho-Oh|
|poke|p1|Xerneas-*|
|poke|p1|Marshadow|
|poke|p1|Rayquaza|
|poke|p1|Arceus-*|
|poke|p2|Yveltal|
|poke|p2|Arceus-*|
|poke|p2|Zacian-*|
|poke|p2|Ditto|
|poke|p2|Banette, F|
|poke|p2|Cottonee, L1, F|
|teampreview
|inactive|Battle timer is ON: inactive players will automatically lose when time's up. (requested by Czefkuu)
|
|t:|1650656785
|start
|switch|p1a: Rayquaza|Rayquaza|100/100
|switch|p2a: Sock Puppet|Banette, F, shiny|100/100
|-ability|p1a: Rayquaza|Air Lock
|-item|p1a: Rayquaza|Life Orb|[from] ability: Frisk|[of] p2a: Sock Puppet|[identify]
|turn|1
|
|t:|1650656795
|detailschange|p1a: Rayquaza|Rayquaza-Mega
|-mega|p1a: Rayquaza|Rayquaza|
|-weather|DeltaStream|[from] ability: Delta Stream|[of] p1a: Rayquaza
|detailschange|p2a: Sock Puppet|Banette-Mega, F, shiny
|-mega|p2a: Sock Puppet|Banette|Banettite
|move|p2a: Sock Puppet|Destiny Bond|p2a: Sock Puppet
|-singlemove|p2a: Sock Puppet|Destiny Bond
|move|p1a: Rayquaza|Scale Shot|p2a: Sock Puppet
|-damage|p2a: Sock Puppet|72/100
|-damage|p2a: Sock Puppet|41/100
|-hitcount|p2a: Sock Puppet|2
|-unboost|p1a: Rayquaza|def|1
|-boost|p1a: Rayquaza|spe|1
|-damage|p1a: Rayquaza|91/100|[from] item: Life Orb
|
|-weather|DeltaStream|[upkeep]
|upkeep
|turn|2
|
|t:|1650656812
|-weather|none
|switch|p1a: Arceus|Arceus|100/100
|move|p2a: Sock Puppet|Foul Play|p1a: Arceus
|-damage|p1a: Arceus|80/100
|
|-heal|p1a: Arceus|86/100|[from] item: Leftovers
|upkeep
|turn|3
|
|t:|1650656820
|move|p2a: Sock Puppet|Destiny Bond|p2a: Sock Puppet
|-singlemove|p2a: Sock Puppet|Destiny Bond
|move|p1a: Arceus|Earthquake|p2a: Sock Puppet
|-damage|p2a: Sock Puppet|0 fnt
|faint|p2a: Sock Puppet
|-activate|p2a: Sock Puppet|move: Destiny Bond
|faint|p1a: Arceus
|
|upkeep
|
|t:|1650656829
|switch|p1a: Rayquaza|Rayquaza-Mega|91/100
|switch|p2a: Steak|Yveltal, shiny|100/100
|-weather|DeltaStream|[from] ability: Delta Stream|[of] p1a: Rayquaza
|-ability|p2a: Steak|Dark Aura
|turn|4
|
|t:|1650656836
|-weather|none
|switch|p1a: Ho-Oh|Ho-Oh|100/100
|move|p2a: Steak|Dark Pulse|p1a: Ho-Oh
|-damage|p1a: Ho-Oh|71/100
|
|upkeep
|turn|5
|
|t:|1650656842
|move|p2a: Steak|Dark Pulse|p1a: Ho-Oh
|-damage|p1a: Ho-Oh|42/100
|move|p1a: Ho-Oh|Toxic|p2a: Steak
|-status|p2a: Steak|tox
|
|-damage|p2a: Steak|94/100 tox|[from] psn
|upkeep
|turn|6
|
|t:|1650656849
|switch|p1a: Xerneas|Xerneas|100/100
|-ability|p1a: Xerneas|Fairy Aura
|move|p2a: Steak|Dark Pulse|p1a: Xerneas
|-resisted|p1a: Xerneas
|-damage|p1a: Xerneas|75/100
|
|-damage|p2a: Steak|82/100 tox|[from] psn
|upkeep
|turn|7
|
|t:|1650656857
|move|p1a: Xerneas|Moonblast|p2a: Steak
|-supereffective|p2a: Steak
|-damage|p2a: Steak|0 fnt
|faint|p2a: Steak
|
|upkeep
|
|t:|1650656861
|switch|p2a: Koromaru|Zacian-Crowned|100/100
|-ability|p2a: Koromaru|Intrepid Sword|boost
|-boost|p2a: Koromaru|atk|1
|turn|8
|
|t:|1650656865
|switch|p1a: Groudon|Groudon|100/100
|detailschange|p1a: Groudon|Groudon-Primal
|-primal|p1a: Groudon
|-weather|DesolateLand|[from] ability: Desolate Land|[of] p1a: Groudon
|move|p2a: Koromaru|Substitute|p2a: Koromaru
|-start|p2a: Koromaru|Substitute
|-damage|p2a: Koromaru|76/100
|
|-weather|DesolateLand|[upkeep]
|upkeep
|turn|9
|
|t:|1650656872
|move|p2a: Koromaru|Sacred Sword|p1a: Groudon
|-damage|p1a: Groudon|74/100
|move|p1a: Groudon|Earthquake|p2a: Koromaru
|-supereffective|p2a: Koromaru
|-end|p2a: Koromaru|Substitute
|
|-weather|DesolateLand|[upkeep]
|upkeep
|turn|10
|j| Apprenti Buck
|
|t:|1650656879
|move|p2a: Koromaru|Sacred Sword|p1a: Groudon
|-damage|p1a: Groudon|51/100
|move|p1a: Groudon|Earthquake|p2a: Koromaru
|-supereffective|p2a: Koromaru
|-damage|p2a: Koromaru|0 fnt
|faint|p2a: Koromaru
|
|-weather|DesolateLand|[upkeep]
|upkeep
|
|t:|1650656886
|switch|p2a: God or Something|Arceus|100/100
|turn|11
|
|t:|1650656892
|-weather|none
|switch|p1a: Marshadow|Marshadow|100/100
|move|p2a: God or Something|Swords Dance|p2a: God or Something
|-boost|p2a: God or Something|atk|2
|
|upkeep
|turn|12
|
|t:|1650656898
|move|p1a: Marshadow|Close Combat|p2a: God or Something
|-supereffective|p2a: God or Something
|-enditem|p2a: God or Something|Chople Berry|[eat]
|-enditem|p2a: God or Something|Chople Berry|[weaken]
|-damage|p2a: God or Something|62/100
|-unboost|p1a: Marshadow|def|1
|-unboost|p1a: Marshadow|spd|1
|move|p2a: God or Something|Earthquake|p1a: Marshadow
|-enditem|p1a: Marshadow|Focus Sash
|-damage|p1a: Marshadow|1/100
|
|upkeep
|turn|13
|
|t:|1650656910
|switch|p2a: Is for me?|Ditto, shiny|100/100
|-transform|p2a: Is for me?|p1a: Marshadow|[from] ability: Imposter
|move|p1a: Marshadow|Close Combat|p2a: Is for me?
|-immune|p2a: Is for me?
|
|upkeep
|turn|14
|
|t:|1650656921
|switch|p1a: Groudon|Groudon-Primal|51/100
|-weather|DesolateLand|[from] ability: Desolate Land|[of] p1a: Groudon
|move|p2a: Is for me?|Shadow Sneak|p1a: Groudon
|-damage|p1a: Groudon|38/100
|
|-weather|DesolateLand|[upkeep]
|upkeep
|turn|15
|
|t:|1650656930
|move|p2a: Is for me?|Close Combat|p1a: Groudon
|-damage|p1a: Groudon|10/100
|-unboost|p2a: Is for me?|def|1
|-unboost|p2a: Is for me?|spd|1
|move|p1a: Groudon|Overheat|p2a: Is for me?|[miss]
|-miss|p1a: Groudon|p2a: Is for me?
|
|-weather|DesolateLand|[upkeep]
|upkeep
|turn|16
|
|t:|1650656939
|-weather|none
|switch|p1a: Ho-Oh|Ho-Oh|75/100
|move|p2a: Is for me?|Spectral Thief|p1a: Ho-Oh
|-damage|p1a: Ho-Oh|38/100
|
|upkeep
|turn|17
|
|t:|1650656948
|switch|p1a: Groudon|Groudon-Primal|10/100
|-weather|DesolateLand|[from] ability: Desolate Land|[of] p1a: Groudon
|move|p2a: Is for me?|Rock Slide|p1a: Groudon
|-damage|p1a: Groudon|0 fnt
|faint|p1a: Groudon
|-weather|none
|
|upkeep
|inactive|Czefkuu has 120 seconds left.
|
|t:|1650656981
|switch|p1a: Marshadow|Marshadow|1/100
|turn|18
|
|t:|1650656984
|move|p2a: Is for me?|Shadow Sneak|p1a: Marshadow
|-supereffective|p1a: Marshadow
|-damage|p1a: Marshadow|0 fnt
|faint|p1a: Marshadow
|
|upkeep
|
|t:|1650656993
|switch|p1a: Rayquaza|Rayquaza-Mega|91/100
|-weather|DeltaStream|[from] ability: Delta Stream|[of] p1a: Rayquaza
|turn|19
|
|t:|1650656998
|move|p2a: Is for me?|Spectral Thief|p1a: Rayquaza
|-damage|p1a: Rayquaza|45/100
|move|p1a: Rayquaza|Scale Shot|p2a: Is for me?
|-damage|p2a: Is for me?|36/100
|-damage|p2a: Is for me?|0 fnt
|faint|p2a: Is for me?
|-hitcount|p2: Is for me?|2
|-unboost|p1a: Rayquaza|def|1
|-boost|p1a: Rayquaza|spe|1
|-damage|p1a: Rayquaza|35/100|[from] item: Life Orb
|
|-weather|DeltaStream|[upkeep]
|upkeep
|
|t:|1650657011
|switch|p2a: God or Something|Arceus|62/100
|turn|20
|
|t:|1650657030
|-weather|none
|switch|p1a: Ho-Oh|Ho-Oh|71/100
|move|p2a: God or Something|Swords Dance|p2a: God or Something
|-boost|p2a: God or Something|atk|2
|
|upkeep
|turn|21
|
|t:|1650657038
|move|p2a: God or Something|Swords Dance|p2a: God or Something
|-boost|p2a: God or Something|atk|2
|move|p1a: Ho-Oh|Toxic|p2a: God or Something|[miss]
|-miss|p1a: Ho-Oh|p2a: God or Something
|
|upkeep
|turn|22
|
|t:|1650657043
|move|p2a: God or Something|Extreme Speed|p1a: Ho-Oh
|-damage|p1a: Ho-Oh|0 fnt
|faint|p1a: Ho-Oh
|
|upkeep
|
|t:|1650657046
|switch|p1a: Xerneas|Xerneas|75/100
|-ability|p1a: Xerneas|Fairy Aura
|turn|23
|
|t:|1650657051
|-start|p1a: Xerneas|Dynamax|
|-heal|p1a: Xerneas|75/100|[silent]
|move|p1a: Xerneas|Max Starfall|p2a: God or Something
|-damage|p2a: God or Something|0 fnt
|-fieldstart|move: Misty Terrain
|faint|p2a: God or Something
|
|upkeep
|
|t:|1650657057
|switch|p2a: Cotton Bud|Cottonee, L1, F, shiny|100/100
|turn|24
|
|t:|1650657072
|move|p2a: Cotton Bud|Leech Seed|p1a: Xerneas
|-start|p1a: Xerneas|move: Leech Seed
|move|p1a: Xerneas|Max Flare|p2a: Cotton Bud
|-supereffective|p2a: Cotton Bud
|-enditem|p2a: Cotton Bud|Focus Sash
|-damage|p2a: Cotton Bud|10/100
|-weather|SunnyDay
|
|-weather|SunnyDay|[upkeep]
|-damage|p1a: Xerneas|68/100|[from] Leech Seed|[of] p2a: Cotton Bud
|-heal|p2a: Cotton Bud|100/100|[silent]
|upkeep
|turn|25
|
|t:|1650657081
|-end|p1a: Xerneas|Dynamax
|-heal|p1a: Xerneas|69/100|[silent]
|switch|p1a: Rayquaza|Rayquaza-Mega|35/100
|-weather|DeltaStream|[from] ability: Delta Stream|[of] p1a: Rayquaza
|move|p2a: Cotton Bud|Substitute|p2a: Cotton Bud
|-start|p2a: Cotton Bud|Substitute
|-damage|p2a: Cotton Bud|82/100
|
|-weather|DeltaStream|[upkeep]
|upkeep
|turn|26
|
|t:|1650657089
|move|p2a: Cotton Bud|Leech Seed|p1a: Rayquaza
|-start|p1a: Rayquaza|move: Leech Seed
|move|p1a: Rayquaza|Scale Shot|p2a: Cotton Bud
|-immune|p2a: Cotton Bud
|
|-weather|DeltaStream|[upkeep]
|-damage|p1a: Rayquaza|22/100|[from] Leech Seed|[of] p2a: Cotton Bud
|-heal|p2a: Cotton Bud|100/100|[silent]
|upkeep
|turn|27
|
|t:|1650657098
|move|p1a: Rayquaza|Dragon Ascent|p2a: Cotton Bud
|-supereffective|p2a: Cotton Bud
|-end|p2a: Cotton Bud|Substitute
|-unboost|p1a: Rayquaza|def|1
|-unboost|p1a: Rayquaza|spd|1
|-damage|p1a: Rayquaza|12/100|[from] item: Life Orb
|move|p2a: Cotton Bud|Endeavor|p1a: Rayquaza
|-damage|p1a: Rayquaza|4/100
|
|-weather|DeltaStream|[upkeep]
|-damage|p1a: Rayquaza|0 fnt|[from] Leech Seed|[of] p2a: Cotton Bud
|faint|p1a: Rayquaza
|-weather|none
|-fieldend|Misty Terrain
|upkeep
|
|t:|1650657100
|switch|p1a: Xerneas|Xerneas|69/100
|-ability|p1a: Xerneas|Fairy Aura
|turn|28
|
|t:|1650657113
|move|p2a: Cotton Bud|Substitute|p2a: Cotton Bud
|-start|p2a: Cotton Bud|Substitute
|-damage|p2a: Cotton Bud|82/100
|move|p1a: Xerneas|Moonblast|p2a: Cotton Bud
|-end|p2a: Cotton Bud|Substitute
|
|upkeep
|turn|29
|
|t:|1650657119
|move|p2a: Cotton Bud|Protect|p2a: Cotton Bud
|-singleturn|p2a: Cotton Bud|Protect
|move|p1a: Xerneas|Moonblast|p2a: Cotton Bud
|-activate|p2a: Cotton Bud|move: Protect
|
|upkeep
|turn|30
|
|t:|1650657130
|move|p2a: Cotton Bud|Leech Seed|p1a: Xerneas
|-start|p1a: Xerneas|move: Leech Seed
|move|p1a: Xerneas|Moonblast|p2a: Cotton Bud
|-crit|p2a: Cotton Bud
|-damage|p2a: Cotton Bud|0 fnt
|faint|p2a: Cotton Bud
|
|win|Czefkuu
|raw|Czefkuu's rating: 1770 &rarr; <strong>1782</strong><br />(+12 for winning)
|raw|Ball Of Floof's rating: 1620 &rarr; <strong>1608</strong><br />(-12 for losing)
|l|☆Ball Of Floof
|l|☆Czefkuu
||Ladder isn't responding, score probably updated but might not have (Request timeout).
