|j|☆99 SN95 Mustang
|j|☆JAY100064
|t:|1622411556
|gametype|singles
|player|p1|99 SN95 Mustang|leaf-gen3|1108
|player|p2|JAY100064|preschooler|1110
|teamsize|p1|6
|teamsize|p2|6
|gen|8
|tier|[Gen 8] National Dex AG
|rated|
|rule|HP Percentage Mod: HP is shown in percentages
|rule|Endless Battle Clause: Forcing endless battles is banned
|clearpoke
|poke|p1|Magmortar, M|
|poke|p1|Skarmory, M|
|poke|p1|Venusaur, F|
|poke|p1|Clefable, F|
|poke|p1|Murkrow, M|
|poke|p1|Grimmsnarl, M|
|poke|p2|Smeargle, M|
|poke|p2|Durant, M|
|poke|p2|Dragonite, M|
|poke|p2|Eevee, F|
|poke|p2|Snorlax, M|
|poke|p2|Marshadow|
|teampreview
|
|t:|1622411563
|start
|switch|p1a: Bogeyman|Grimmsnarl, M|100/100
|switch|p2a: Durant|Durant, M, shiny|100/100
|turn|1
|inactive|Battle timer is ON: inactive players will automatically lose when time's up. (requested by JAY100064)
|
|t:|1622411568
|move|p1a: Bogeyman|Substitute|p1a: Bogeyman
|-start|p1a: Bogeyman|Substitute
|-damage|p1a: Bogeyman|76/100
|move|p2a: Durant|Entrainment||[still]
|-fail|p2a: Durant
|
|-heal|p1a: Bogeyman|82/100|[from] item: Leftovers
|upkeep
|turn|2
|
|t:|1622411577
|switch|p2a: Smeargle|Smeargle, M, shiny|100/100
|move|p1a: Bogeyman|Darkest Lariat|p2a: Smeargle
|-damage|p2a: Smeargle|8/100
|
|-heal|p1a: Bogeyman|88/100|[from] item: Leftovers
|-ability|p2a: Smeargle|Moody|boost
|-boost|p2a: Smeargle|spe|2
|-unboost|p2a: Smeargle|spa|1
|upkeep
|turn|3
|
|t:|1622411588
|move|p2a: Smeargle|Protect|p2a: Smeargle
|-singleturn|p2a: Smeargle|Protect
|move|p1a: Bogeyman|Darkest Lariat|p2a: Smeargle
|-activate|p2a: Smeargle|move: Protect
|
|-heal|p1a: Bogeyman|94/100|[from] item: Leftovers
|-ability|p2a: Smeargle|Moody|boost
|-boost|p2a: Smeargle|spa|2
|-unboost|p2a: Smeargle|atk|1
|upkeep
|turn|4
|inactive|JAY100064 has 120 seconds left.
|
|t:|1622411619
|move|p2a: Smeargle|Protect|p2a: Smeargle
|-singleturn|p2a: Smeargle|Protect
|move|p1a: Bogeyman|Darkest Lariat|p2a: Smeargle
|-activate|p2a: Smeargle|move: Protect
|
|-heal|p1a: Bogeyman|99/100|[from] item: Leftovers
|-ability|p2a: Smeargle|Moody|boost
|-boost|p2a: Smeargle|spd|2
|-unboost|p2a: Smeargle|atk|1
|upkeep
|turn|5
|inactive|JAY100064 has 120 seconds left.
|
|t:|1622411635
|move|p2a: Smeargle|Baton Pass|p2a: Smeargle
|
|t:|1622411646
|switch|p2a: Snorlax|Snorlax, M, shiny|100/100|[from]move: Baton Pass
|move|p1a: Bogeyman|Darkest Lariat|p2a: Snorlax
|-damage|p2a: Snorlax|77/100
|
|-heal|p1a: Bogeyman|100/100|[from] item: Leftovers
|upkeep
|turn|6
|
|t:|1622411656
|switch|p1a: Aerosmith|Skarmory, M|100/100
|move|p2a: Snorlax|Curse|p2a: Snorlax
|-unboost|p2a: Snorlax|spe|1
|-boost|p2a: Snorlax|atk|1
|-boost|p2a: Snorlax|def|1
|
|upkeep
|turn|7
|inactive|JAY100064 has 120 seconds left.
|
|t:|1622411672
|move|p2a: Snorlax|Curse|p2a: Snorlax
|-unboost|p2a: Snorlax|spe|1
|-boost|p2a: Snorlax|atk|1
|-boost|p2a: Snorlax|def|1
|move|p1a: Aerosmith|Whirlwind|p2a: Snorlax
|drag|p2a: Eevee|Eevee, F, shiny|100/100
|-ability|p2a: Eevee|Anticipation
|
|upkeep
|turn|8
|
|t:|1622411682
|-zpower|p2a: Eevee
|move|p2a: Eevee|Extreme Evoboost|p2a: Eevee
|-boost|p2a: Eevee|atk|2
|-boost|p2a: Eevee|def|2
|-boost|p2a: Eevee|spa|2
|-boost|p2a: Eevee|spd|2
|-boost|p2a: Eevee|spe|2
|move|p1a: Aerosmith|Body Press|p2a: Eevee
|-supereffective|p2a: Eevee
|-damage|p2a: Eevee|25/100
|
|upkeep
|turn|9
|inactive|JAY100064 has 120 seconds left.
|inactive|JAY100064 has 90 seconds left.
|
|t:|1622411717
|move|p2a: Eevee|Baton Pass|p2a: Eevee
|
|t:|1622411720
|switch|p2a: Snorlax|Snorlax, M, shiny|77/100|[from]move: Baton Pass
|move|p1a: Aerosmith|Whirlwind|p2a: Snorlax
|drag|p2a: Eevee|Eevee, F, shiny|25/100
|-ability|p2a: Eevee|Anticipation
|
|upkeep
|turn|10
|inactive|JAY100064 has 90 seconds left.
|
|t:|1622411737
|switch|p2a: Smeargle|Smeargle, M, shiny|8/100
|move|p1a: Aerosmith|Body Press|p2a: Smeargle
|-supereffective|p2a: Smeargle
|-damage|p2a: Smeargle|0 fnt
|faint|p2a: Smeargle
|
|upkeep
|inactive|JAY100064 has 90 seconds left.
|
|t:|1622411755
|switch|p2a: Marshadow|Marshadow|100/100
|turn|11
|
|t:|1622411761
|switch|p1a: Vena|Venusaur, F|100/100
|move|p2a: Marshadow|Close Combat|p1a: Vena
|-resisted|p1a: Vena
|-damage|p1a: Vena|76/100
|-unboost|p2a: Marshadow|def|1
|-unboost|p2a: Marshadow|spd|1
|
|upkeep
|turn|12
|inactive|JAY100064 has 90 seconds left.
|
|t:|1622411781
|switch|p2a: Dragonite|Dragonite, M, shiny|100/100
|detailschange|p1a: Vena|Venusaur-Mega, F
|-mega|p1a: Vena|Venusaur|Venusaurite
|move|p1a: Vena|Leech Seed|p2a: Dragonite
|-start|p2a: Dragonite|move: Leech Seed
|
|-damage|p2a: Dragonite|88/100|[from] Leech Seed|[of] p1a: Vena
|-heal|p1a: Vena|87/100|[silent]
|upkeep
|turn|13
|
|t:|1622411794
|-start|p2a: Dragonite|Dynamax
|-heal|p2a: Dragonite|88/100|[silent]
|move|p2a: Dragonite|Max Airstream|p1a: Vena
|-supereffective|p1a: Vena
|-damage|p1a: Vena|0 fnt
|-boost|p2a: Dragonite|spe|1
|faint|p1a: Vena
|
|upkeep
|
|t:|1622411803
|switch|p1a: See if i care|Clefable, F|100/100
|turn|14
|
|t:|1622411807
|switch|p1a: Aerosmith|Skarmory, M|100/100
|move|p2a: Dragonite|Max Steelspike|p1a: Aerosmith
|-resisted|p1a: Aerosmith
|-damage|p1a: Aerosmith|87/100
|-boost|p2a: Dragonite|def|1
|
|-heal|p1a: Aerosmith|93/100|[from] item: Leftovers
|-damage|p2a: Dragonite|82/100|[from] Leech Seed|[of] p1a: Aerosmith
|-heal|p1a: Aerosmith|100/100|[silent]
|upkeep
|turn|15
|
|t:|1622411820
|move|p2a: Dragonite|Max Wyrmwind|p1a: Aerosmith
|-resisted|p1a: Aerosmith
|-damage|p1a: Aerosmith|78/100
|-unboost|p1a: Aerosmith|atk|1
|move|p1a: Aerosmith|Roost|p1a: Aerosmith
|-heal|p1a: Aerosmith|100/100
|-singleturn|p1a: Aerosmith|move: Roost
|
|-damage|p2a: Dragonite|76/100|[from] Leech Seed|[of] p1a: Aerosmith
|-end|p2a: Dragonite|Dynamax
|-heal|p2a: Dragonite|76/100|[silent]
|upkeep
|turn|16
|
|t:|1622411835
|move|p2a: Dragonite|Dual Wingbeat|p1a: Aerosmith
|-resisted|p1a: Aerosmith
|-damage|p1a: Aerosmith|95/100
|-resisted|p1a: Aerosmith
|-damage|p1a: Aerosmith|88/100
|-hitcount|p1a: Aerosmith|2
|move|p1a: Aerosmith|Whirlwind|p2a: Dragonite
|drag|p2a: Snorlax|Snorlax, M, shiny|77/100
|
|-heal|p1a: Aerosmith|94/100|[from] item: Leftovers
|upkeep
|turn|17
|
|t:|1622411845
|move|p1a: Aerosmith|Body Press|p2a: Snorlax
|-supereffective|p2a: Snorlax
|-damage|p2a: Snorlax|37/100
|move|p2a: Snorlax|Fire Punch|p1a: Aerosmith
|-supereffective|p1a: Aerosmith
|-damage|p1a: Aerosmith|71/100
|-status|p1a: Aerosmith|brn
|
|-heal|p1a: Aerosmith|77/100 brn|[from] item: Leftovers
|-damage|p1a: Aerosmith|71/100 brn|[from] brn
|upkeep
|turn|18
|inactive|JAY100064 has 90 seconds left.
|
|t:|1622411866
|move|p2a: Snorlax|Curse|p2a: Snorlax
|-unboost|p2a: Snorlax|spe|1
|-boost|p2a: Snorlax|atk|1
|-boost|p2a: Snorlax|def|1
|move|p1a: Aerosmith|Whirlwind|p2a: Snorlax
|drag|p2a: Eevee|Eevee, F, shiny|25/100
|-ability|p2a: Eevee|Anticipation
|
|-heal|p1a: Aerosmith|77/100 brn|[from] item: Leftovers
|-damage|p1a: Aerosmith|71/100 brn|[from] brn
|upkeep
|turn|19
|inactive|JAY100064 has 90 seconds left.
|
|t:|1622411890
|switch|p1a: See if i care|Clefable, F|100/100
|move|p2a: Eevee|Substitute|p2a: Eevee
|-fail|p2a: Eevee|move: Substitute|[weak]
|
|upkeep
|turn|20
|
|t:|1622411900
|move|p2a: Eevee|Stored Power|p1a: See if i care
|-damage|p1a: See if i care|97/100
|move|p1a: See if i care|Heal Bell|p1a: See if i care
|-activate|p1a: See if i care|move: Heal Bell
|-curestatus|p1: Aerosmith|brn|[msg]
|
|-heal|p1a: See if i care|100/100|[from] item: Leftovers
|upkeep
|turn|21
|
|t:|1622411909
|move|p2a: Eevee|Last Resort||[still]
|-fail|p2a: Eevee
|move|p1a: See if i care|Moonblast|p2a: Eevee
|-damage|p2a: Eevee|0 fnt
|faint|p2a: Eevee
|
|upkeep
|
|t:|1622411924
|switch|p2a: Dragonite|Dragonite, M, shiny|76/100
|turn|22
|
|t:|1622411939
|switch|p2a: Durant|Durant, M, shiny|100/100
|move|p1a: See if i care|Moonblast|p2a: Durant
|-resisted|p2a: Durant
|-damage|p2a: Durant|69/100
|-unboost|p2a: Durant|spa|1
|
|upkeep
|turn|23
|
|t:|1622411948
|switch|p1a: Aerosmith|Skarmory, M|71/100
|move|p2a: Durant|Entrainment|p1a: Aerosmith
|-endability|p1a: Aerosmith|Sturdy|[from] move: Entrainment
|-ability|p1a: Aerosmith|Truant|[from] move: Entrainment
|
|-heal|p1a: Aerosmith|77/100|[from] item: Leftovers
|upkeep
|turn|24
|inactive|JAY100064 has 90 seconds left.
|
|t:|1622411965
|switch|p2a: Snorlax|Snorlax, M, shiny|37/100
|switch|p1a: Mancubus|Magmortar, M, shiny|100/100
|
|upkeep
|turn|25
|-message|JAY100064 forfeited.
|
|win|99 SN95 Mustang
|raw|99 SN95 Mustang's rating: 1108 &rarr; <strong>1133</strong><br />(+25 for winning)
|raw|JAY100064's rating: 1110 &rarr; <strong>1085</strong><br />(-25 for losing)
|l|☆JAY100064
