|j|☆NOAH MK2
|j|☆DiegoDM©
|t:|1654428852
|gametype|singles
|player|p1|NOAH MK2|1|1673
|player|p2|DiegoDM©|wikstrom|1763
|teamsize|p1|6
|teamsize|p2|6
|gen|8
|tier|[Gen 8] National Dex AG
|rated|
|rule|HP Percentage Mod: HP is shown in percentages
|rule|Endless Battle Clause: Forcing endless battles is banned
|clearpoke
|poke|p1|Necrozma-Dusk-Mane|
|poke|p1|Ho-Oh|
|poke|p1|Rayquaza|
|poke|p1|Kyogre|
|poke|p1|Groudon|
|poke|p1|Xerneas-*|
|poke|p2|Deoxys-Attack|
|poke|p2|Calyrex-Shadow|
|poke|p2|Lugia|
|poke|p2|Xerneas-*|
|poke|p2|Rayquaza|
|poke|p2|Yveltal|
|teampreview
|inactive|Battle timer is ON: inactive players will automatically lose when time's up. (requested by DiegoDM©)
|
|t:|1654428865
|start
|switch|p1a: Necrozma|Necrozma-Dusk-Mane|100/100
|switch|p2a: Deoxys|Deoxys-Attack|100/100
|-ability|p2a: Deoxys|Pressure
|turn|1
|
|t:|1654428875
|move|p2a: Deoxys|Taunt|p1a: Necrozma
|-start|p1a: Necrozma|move: Taunt
|cant|p1a: Necrozma|move: Taunt|Thunder Wave
|
|upkeep
|turn|2
|
|t:|1654428877
|move|p2a: Deoxys|Stealth Rock|p1a: Necrozma
|-sidestart|p1: NOAH MK2|move: Stealth Rock
|move|p1a: Necrozma|Sunsteel Strike|p2a: Deoxys
|-enditem|p2a: Deoxys|Focus Sash
|-damage|p2a: Deoxys|1/100
|
|upkeep
|turn|3
|
|t:|1654428881
|move|p2a: Deoxys|Thunderbolt|p1a: Necrozma
|-damage|p1a: Necrozma|67/100
|move|p1a: Necrozma|Sunsteel Strike|p2a: Deoxys
|-damage|p2a: Deoxys|0 fnt
|faint|p2a: Deoxys
|
|-end|p1a: Necrozma|move: Taunt
|upkeep
|
|t:|1654428885
|switch|p2a: Calyrex|Calyrex-Shadow|100/100
|-ability|p2a: Calyrex|As One
|-ability|p2a: Calyrex|Unnerve
|turn|4
|
|t:|1654428890
|switch|p1a: Ho-Oh|Ho-Oh|100/100
|move|p2a: Calyrex|Astral Barrage|p1a: Ho-Oh
|-damage|p1a: Ho-Oh|69/100
|
|upkeep
|turn|5
|
|t:|1654428899
|move|p2a: Calyrex|Psyshock|p1a: Ho-Oh
|-damage|p1a: Ho-Oh|22/100
|move|p1a: Ho-Oh|Defog|p2a: Calyrex
|-unboost|p2a: Calyrex|evasion|1
|-sideend|p1: NOAH MK2|Stealth Rock|[from] move: Defog|[of] p1a: Ho-Oh
|
|upkeep
|turn|6
|inactive|NOAH MK2 has 120 seconds left.
|
|t:|1654428931
|switch|p1a: Kyogre|Kyogre|100/100
|detailschange|p1a: Kyogre|Kyogre-Primal
|-primal|p1a: Kyogre
|-weather|PrimordialSea|[from] ability: Primordial Sea|[of] p1a: Kyogre
|move|p2a: Calyrex|Astral Barrage|p1a: Kyogre
|-damage|p1a: Kyogre|49/100
|
|-weather|PrimordialSea|[upkeep]
|upkeep
|turn|7
|
|t:|1654428939
|move|p2a: Calyrex|Astral Barrage|p1a: Kyogre
|-damage|p1a: Kyogre|3/100
|move|p1a: Kyogre|Thunder|p2a: Calyrex
|-damage|p2a: Calyrex|51/100
|
|-weather|PrimordialSea|[upkeep]
|upkeep
|turn|8
|
|t:|1654428944
|move|p2a: Calyrex|Astral Barrage|p1a: Kyogre
|-damage|p1a: Kyogre|0 fnt
|faint|p1a: Kyogre
|-weather|none
|-ability|p2a: Calyrex|Grim Neigh|boost
|-boost|p2a: Calyrex|spa|1
|
|upkeep
|
|t:|1654428950
|switch|p1a: Ho-Oh|Ho-Oh|56/100
|turn|9
|
|t:|1654428957
|-start|p1a: Ho-Oh|Dynamax|
|-heal|p1a: Ho-Oh|56/100|[silent]
|move|p2a: Calyrex|Psyshock|p1a: Ho-Oh
|-damage|p1a: Ho-Oh|21/100
|move|p1a: Ho-Oh|Max Flare|p2a: Calyrex
|-damage|p2a: Calyrex|0 fnt
|-weather|SunnyDay
|faint|p2a: Calyrex
|
|-weather|SunnyDay|[upkeep]
|upkeep
|
|t:|1654428967
|switch|p2a: Yveltal|Yveltal|100/100
|-ability|p2a: Yveltal|Dark Aura
|turn|10
|
|t:|1654428984
|-end|p1a: Ho-Oh|Dynamax
|-heal|p1a: Ho-Oh|21/100|[silent]
|switch|p1a: Groudon|Groudon|100/100
|detailschange|p1a: Groudon|Groudon-Primal
|-primal|p1a: Groudon
|-weather|DesolateLand|[from] ability: Desolate Land|[of] p1a: Groudon
|move|p2a: Yveltal|Rock Slide|p1a: Groudon
|-damage|p1a: Groudon|84/100
|-damage|p2a: Yveltal|91/100|[from] item: Life Orb
|
|-weather|DesolateLand|[upkeep]
|upkeep
|turn|11
|
|t:|1654428999
|-start|p2a: Yveltal|Dynamax|
|-heal|p2a: Yveltal|91/100|[silent]
|move|p1a: Groudon|Stone Edge|p2a: Yveltal
|-supereffective|p2a: Yveltal
|-damage|p2a: Yveltal|54/100
|move|p2a: Yveltal|Max Airstream|p1a: Groudon
|-damage|p1a: Groudon|0 fnt
|-boost|p2a: Yveltal|spe|1
|faint|p1a: Groudon
|-weather|none
|-damage|p2a: Yveltal|49/100|[from] item: Life Orb
|
|upkeep
|inactive|NOAH MK2 has 120 seconds left.
|
|t:|1654429040
|switch|p1a: Necrozma|Necrozma-Dusk-Mane|67/100
|turn|12
|
|t:|1654429060
|move|p2a: Yveltal|Max Darkness|p1a: Necrozma
|-supereffective|p1a: Necrozma
|-damage|p1a: Necrozma|0 fnt
|faint|p1a: Necrozma
|-damage|p2a: Yveltal|44/100|[from] item: Life Orb
|
|upkeep
|
|t:|1654429067
|switch|p1a: Ho-Oh|Ho-Oh|54/100
|turn|13
|
|t:|1654429070
|move|p2a: Yveltal|Max Rockfall|p1a: Ho-Oh
|-supereffective|p1a: Ho-Oh
|-damage|p1a: Ho-Oh|0 fnt
|-weather|Sandstorm
|faint|p1a: Ho-Oh
|-damage|p2a: Yveltal|39/100|[from] item: Life Orb
|
|-weather|Sandstorm|[upkeep]
|-damage|p2a: Yveltal|36/100|[from] Sandstorm
|upkeep
|c|☆DiegoDM©|gg
|
|t:|1654429076
|switch|p1a: Xerneas|Xerneas|100/100
|-ability|p1a: Xerneas|Fairy Aura
|-end|p2a: Yveltal|Dynamax
|-heal|p2a: Yveltal|36/100|[silent]
|turn|14
|
|t:|1654429078
|move|p2a: Yveltal|Oblivion Wing|p1a: Xerneas
|-crit|p1a: Xerneas
|-damage|p1a: Xerneas|17/100
|-heal|p2a: Yveltal|98/100|[from] drain|[of] p1a: Xerneas
|-damage|p2a: Yveltal|88/100|[from] item: Life Orb
|move|p1a: Xerneas|Geomancy||[still]
|-prepare|p1a: Xerneas|Geomancy
|-enditem|p1a: Xerneas|Power Herb
|-anim|p1a: Xerneas|Geomancy|p1a: Xerneas
|-boost|p1a: Xerneas|spa|2
|-boost|p1a: Xerneas|spd|2
|-boost|p1a: Xerneas|spe|2
|
|-weather|Sandstorm|[upkeep]
|-damage|p1a: Xerneas|11/100|[from] Sandstorm
|-damage|p2a: Yveltal|82/100|[from] Sandstorm
|upkeep
|turn|15
|
|t:|1654429083
|move|p1a: Xerneas|Thunderbolt|p2a: Yveltal
|-supereffective|p2a: Yveltal
|-damage|p2a: Yveltal|0 fnt
|faint|p2a: Yveltal
|
|-weather|Sandstorm|[upkeep]
|-damage|p1a: Xerneas|5/100|[from] Sandstorm
|upkeep
|
|t:|1654429086
|switch|p2a: Rayquaza|Rayquaza|100/100
|-ability|p2a: Rayquaza|Air Lock
|turn|16
|-message|NOAH MK2 forfeited.
|
|win|DiegoDM©
|raw|NOAH MK2's rating: 1673 &rarr; <strong>1658</strong><br />(-15 for losing)
|raw|DiegoDM©'s rating: 1763 &rarr; <strong>1778</strong><br />(+15 for winning)
|l|☆NOAH MK2
|l|☆DiegoDM©
|j|☆DiegoDM©
|player|p2|DiegoDM©|wikstrom
