|j|‽Apprenti Buck
|j|☆C0ld as Ic3
|t:|1653983695
|gametype|singles
|player|p1|Apprenti Buck|mustard-master|1881
|player|p2|C0ld as Ic3|schoolkid-gen4dp|1795
|teamsize|p1|6
|teamsize|p2|6
|gen|8
|tier|[Gen 8] National Dex AG
|rated|
|rule|HP Percentage Mod: HP is shown in percentages
|rule|Endless Battle Clause: Forcing endless battles is banned
|clearpoke
|poke|p1|Xerneas-*|
|poke|p1|Necrozma-Dusk-Mane|
|poke|p1|Ditto|
|poke|p1|Yveltal|
|poke|p1|Arceus-*|
|poke|p1|Zacian-*|
|poke|p2|Necrozma-Dusk-Mane|
|poke|p2|Zygarde|
|poke|p2|Calyrex-Shadow|
|poke|p2|Marshadow|
|poke|p2|Xerneas-*|
|poke|p2|Skarmory, M|
|teampreview
|inactive|Battle timer is ON: inactive players will automatically lose when time's up. (requested by Apprenti Buck)
|inactive|C0ld as Ic3 also wants the timer to be on.
|
|t:|1653983710
|start
|switch|p1a: Arceus|Arceus-Water|100/100
|switch|p2a: Skarmory|Skarmory, M|100/100
|turn|1
|
|t:|1653983718
|move|p1a: Arceus|Magic Coat|p1a: Arceus
|-singleturn|p1a: Arceus|move: Magic Coat
|move|p2a: Skarmory|Rock Tomb|p1a: Arceus
|-damage|p1a: Arceus|93/100
|-unboost|p1a: Arceus|spe|1
|
|upkeep
|turn|2
|
|t:|1653983725
|move|p1a: Arceus|Magic Coat|p1a: Arceus
|-singleturn|p1a: Arceus|move: Magic Coat
|move|p2a: Skarmory|Rock Tomb|p1a: Arceus
|-damage|p1a: Arceus|85/100
|-unboost|p1a: Arceus|spe|1
|
|upkeep
|turn|3
|
|t:|1653983733
|move|p1a: Arceus|Magic Coat|p1a: Arceus
|-singleturn|p1a: Arceus|move: Magic Coat
|move|p2a: Skarmory|Spikes|p1a: Arceus
|move|p1a: Arceus|Spikes|p2a: Skarmory|[from]Magic Coat
|-sidestart|p2: C0ld as Ic3|Spikes
|
|upkeep
|turn|4
|
|t:|1653983736
|move|p2a: Skarmory|Rock Tomb|p1a: Arceus
|-damage|p1a: Arceus|77/100
|-unboost|p1a: Arceus|spe|1
|move|p1a: Arceus|Stealth Rock|p2a: Skarmory
|-sidestart|p2: C0ld as Ic3|move: Stealth Rock
|
|upkeep
|turn|5
|
|t:|1653983739
|move|p2a: Skarmory|Rock Tomb|p1a: Arceus
|-damage|p1a: Arceus|69/100
|-unboost|p1a: Arceus|spe|1
|move|p1a: Arceus|Will-O-Wisp|p2a: Skarmory
|-status|p2a: Skarmory|brn
|
|-damage|p2a: Skarmory|94/100 brn|[from] brn
|upkeep
|turn|6
|
|t:|1653983743
|move|p2a: Skarmory|Rock Tomb|p1a: Arceus
|-damage|p1a: Arceus|65/100
|-unboost|p1a: Arceus|spe|1
|move|p1a: Arceus|Ice Beam|p2a: Skarmory
|-damage|p2a: Skarmory|52/100 brn
|
|-damage|p2a: Skarmory|46/100 brn|[from] brn
|upkeep
|turn|7
|
|t:|1653983747
|move|p1a: Arceus|Magic Coat|p1a: Arceus
|-singleturn|p1a: Arceus|move: Magic Coat
|move|p2a: Skarmory|Spikes|p1a: Arceus
|move|p1a: Arceus|Spikes|p2a: Skarmory|[from]Magic Coat
|-sidestart|p2: C0ld as Ic3|Spikes
|
|-damage|p2a: Skarmory|39/100 brn|[from] brn
|upkeep
|turn|8
|
|t:|1653983750
|move|p1a: Arceus|Magic Coat|p1a: Arceus
|-singleturn|p1a: Arceus|move: Magic Coat
|move|p2a: Skarmory|Rock Tomb|p1a: Arceus
|-damage|p1a: Arceus|62/100
|-unboost|p1a: Arceus|spe|1
|
|-damage|p2a: Skarmory|33/100 brn|[from] brn
|upkeep
|turn|9
|
|t:|1653983763
|move|p1a: Arceus|Magic Coat|p1a: Arceus
|-singleturn|p1a: Arceus|move: Magic Coat
|move|p2a: Skarmory|Rock Tomb|p1a: Arceus
|-damage|p1a: Arceus|57/100
|
|-damage|p2a: Skarmory|27/100 brn|[from] brn
|upkeep
|turn|10
|
|t:|1653983767
|move|p2a: Skarmory|Rock Tomb|p1a: Arceus
|-damage|p1a: Arceus|54/100
|move|p1a: Arceus|Ice Beam|p2a: Skarmory
|-damage|p2a: Skarmory|0 fnt
|faint|p2a: Skarmory
|
|upkeep
|
|t:|1653983774
|switch|p2a: Calyrex|Calyrex-Shadow|100/100
|-ability|p2a: Calyrex|As One
|-ability|p2a: Calyrex|Unnerve
|-damage|p2a: Calyrex|84/100|[from] Spikes
|-damage|p2a: Calyrex|72/100|[from] Stealth Rock
|turn|11
|
|t:|1653983778
|switch|p1a: Yveltal|Yveltal|100/100
|-ability|p1a: Yveltal|Dark Aura
|move|p2a: Calyrex|Astral Barrage|p1a: Yveltal
|-resisted|p1a: Yveltal
|-damage|p1a: Yveltal|81/100
|
|upkeep
|turn|12
|-message|C0ld as Ic3 forfeited.
|
|win|Apprenti Buck
|raw|Apprenti Buck's rating: 1881 &rarr; <strong>1897</strong><br />(+16 for winning)
|raw|C0ld as Ic3's rating: 1805 &rarr; <strong>1789</strong><br />(-16 for losing)
|l|☆C0ld as Ic3
