|j|☆YT Brando DeLite
|j|☆digging your grave
|t:|1656149357
|gametype|singles
|player|p1|YT Brando DeLite|grimsley-gen7|1504
|player|p2|digging your grave|byron|1652
|teamsize|p1|6
|teamsize|p2|6
|gen|8
|tier|[Gen 8] National Dex AG
|rated|
|rule|HP Percentage Mod: HP is shown in percentages
|rule|Endless Battle Clause: Forcing endless battles is banned
|clearpoke
|poke|p1|Murkrow, F|
|poke|p1|Calyrex-Shadow|
|poke|p1|Ditto|
|poke|p1|Arceus-*|
|poke|p1|Diancie|
|poke|p1|Ho-Oh|
|poke|p2|Rayquaza|
|poke|p2|Yveltal|
|poke|p2|Kyogre|
|poke|p2|Kyurem-Black|
|poke|p2|Eternatus|
|poke|p2|Deoxys-Attack|
|teampreview
|c|☆YT Brando DeLite|Ok now
|c|☆YT Brando DeLite|Scary team
|c|☆digging your grave|I bet you use thunder wave
|
|t:|1656149390
|start
|switch|p1a: Dancing Volo|Arceus|100/100
|switch|p2a: Rayquaza|Rayquaza|100/100
|-ability|p2a: Rayquaza|Air Lock
|turn|1
|c|☆YT Brando DeLite|Nope
|c|☆digging your grave|fr?
|c|☆YT Brando DeLite|I'm lazy
|
|t:|1656149412
|detailschange|p2a: Rayquaza|Rayquaza-Mega
|-mega|p2a: Rayquaza|Rayquaza|
|-weather|DeltaStream|[from] ability: Delta Stream|[of] p2a: Rayquaza
|move|p2a: Rayquaza|Dragon Ascent|p1a: Dancing Volo
|-damage|p1a: Dancing Volo|36/100
|-unboost|p2a: Rayquaza|def|1
|-unboost|p2a: Rayquaza|spd|1
|move|p1a: Dancing Volo|Swords Dance|p1a: Dancing Volo
|-boost|p1a: Dancing Volo|atk|2
|
|-weather|DeltaStream|[upkeep]
|-heal|p1a: Dancing Volo|42/100|[from] item: Leftovers
|upkeep
|turn|2
|
|t:|1656149437
|move|p1a: Dancing Volo|Extreme Speed|p2a: Rayquaza
|-enditem|p2a: Rayquaza|Focus Sash
|-damage|p2a: Rayquaza|1/100
|move|p2a: Rayquaza|Dragon Ascent|p1a: Dancing Volo
|-damage|p1a: Dancing Volo|0 fnt
|-unboost|p2a: Rayquaza|def|1
|-unboost|p2a: Rayquaza|spd|1
|faint|p1a: Dancing Volo
|
|-weather|DeltaStream|[upkeep]
|upkeep
|
|t:|1656149459
|switch|p1a: Scarfed Imposter|Ditto, shiny|100/100
|-transform|p1a: Scarfed Imposter|p2a: Rayquaza|[from] ability: Imposter
|turn|3
|
|t:|1656149468
|move|p1a: Scarfed Imposter|Extreme Speed|p2a: Rayquaza
|-damage|p2a: Rayquaza|0 fnt
|faint|p2a: Rayquaza
|
|-weather|DeltaStream|[upkeep]
|upkeep
|
|t:|1656149483
|switch|p2a: Deoxys|Deoxys-Attack|100/100
|-ability|p2a: Deoxys|Pressure
|turn|4
|
|t:|1656149490
|-weather|none
|switch|p1a: Tuko|Murkrow, F|100/100
|move|p2a: Deoxys|Psycho Boost|p1a: Tuko
|-immune|p1a: Tuko
|
|upkeep
|turn|5
|
|t:|1656149501
|move|p2a: Deoxys|Magic Coat|p2a: Deoxys
|-singleturn|p2a: Deoxys|move: Magic Coat
|move|p1a: Tuko|Taunt|p2a: Deoxys
|move|p2a: Deoxys|Taunt|p1a: Tuko|[from]Magic Coat
|-start|p1a: Tuko|move: Taunt
|
|upkeep
|turn|6
|c|☆YT Brando DeLite|Geez
|c|☆YT Brando DeLite|Thats fast
|
|t:|1656149536
|switch|p1a: Vested Rock|Diancie|100/100
|move|p2a: Deoxys|Psycho Boost|p1a: Vested Rock
|-damage|p1a: Vested Rock|27/100
|-unboost|p2a: Deoxys|spa|2
|
|upkeep
|turn|7
|
|t:|1656149550
|detailschange|p1a: Vested Rock|Diancie-Mega
|-mega|p1a: Vested Rock|Diancie|Diancite
|move|p2a: Deoxys|Psycho Boost|p1a: Vested Rock
|-crit|p1a: Vested Rock
|-damage|p1a: Vested Rock|0 fnt
|-unboost|p2a: Deoxys|spa|2
|faint|p1a: Vested Rock
|
|upkeep
|
|t:|1656149564
|switch|p1a: Left Over|Ho-Oh|100/100
|turn|8
|j| josephgomes619
|
|t:|1656149576
|move|p2a: Deoxys|Stealth Rock|p1a: Left Over
|-sidestart|p1: YT Brando DeLite|move: Stealth Rock
|move|p1a: Left Over|Ancient Power|p2a: Deoxys
|-damage|p2a: Deoxys|36/100
|
|upkeep
|turn|9
|
|t:|1656149586
|switch|p2a: thick stampede|Kyurem-Black|100/100
|-ability|p2a: thick stampede|Teravolt
|move|p1a: Left Over|Ancient Power|p2a: thick stampede
|-supereffective|p2a: thick stampede
|-damage|p2a: thick stampede|72/100
|-boost|p1a: Left Over|atk|1
|-boost|p1a: Left Over|def|1
|-boost|p1a: Left Over|spa|1
|-boost|p1a: Left Over|spd|1
|-boost|p1a: Left Over|spe|1
|
|-heal|p2a: thick stampede|78/100|[from] item: Leftovers
|upkeep
|turn|10
|c|☆YT Brando DeLite|Wow
|c|☆digging your grave|ancient hacks
|c|☆digging your grave|lol
|c|☆YT Brando DeLite|That happened decades ago ngl
|
|t:|1656149618
|move|p1a: Left Over|Flame Charge|p2a: thick stampede
|-damage|p2a: thick stampede|52/100
|-boost|p1a: Left Over|spe|1
|move|p2a: thick stampede|Fusion Bolt|p1a: Left Over
|-supereffective|p1a: Left Over
|-damage|p1a: Left Over|59/100
|
|-heal|p2a: thick stampede|58/100|[from] item: Leftovers
|upkeep
|turn|11
|
|t:|1656149629
|move|p1a: Left Over|Ancient Power|p2a: thick stampede
|-supereffective|p2a: thick stampede
|-damage|p2a: thick stampede|16/100
|move|p2a: thick stampede|Fusion Bolt|p1a: Left Over
|-supereffective|p1a: Left Over
|-damage|p1a: Left Over|13/100
|
|-heal|p2a: thick stampede|22/100|[from] item: Leftovers
|upkeep
|turn|12
|
|t:|1656149642
|move|p1a: Left Over|Ancient Power|p2a: thick stampede
|-supereffective|p2a: thick stampede
|-damage|p2a: thick stampede|0 fnt
|faint|p2a: thick stampede
|
|upkeep
|
|t:|1656149644
|switch|p2a: Eternatus|Eternatus|100/100
|-ability|p2a: Eternatus|Pressure
|turn|13
|
|t:|1656149656
|move|p1a: Left Over|Earth Power|p2a: Eternatus
|-supereffective|p2a: Eternatus
|-damage|p2a: Eternatus|67/100
|-unboost|p2a: Eternatus|spd|1
|move|p2a: Eternatus|Sludge Bomb|p1a: Left Over
|-damage|p1a: Left Over|0 fnt
|faint|p1a: Left Over
|
|upkeep
|c|☆YT Brando DeLite|Thats a thick dragon
|
|t:|1656149682
|switch|p1a: Scarfed Spectre|Calyrex-Shadow|100/100
|-ability|p1a: Scarfed Spectre|As One
|-ability|p1a: Scarfed Spectre|Unnerve
|-damage|p1a: Scarfed Spectre|88/100|[from] Stealth Rock
|turn|14
|
|t:|1656149703
|-start|p1a: Scarfed Spectre|Dynamax|
|-heal|p1a: Scarfed Spectre|88/100|[silent]
|move|p1a: Scarfed Spectre|Max Starfall|p2a: Eternatus
|-damage|p2a: Eternatus|34/100
|-fieldstart|move: Misty Terrain
|move|p2a: Eternatus|Dynamax Cannon|p1a: Scarfed Spectre
|-damage|p1a: Scarfed Spectre|57/100
|
|upkeep
|turn|15
|
|t:|1656149717
|move|p1a: Scarfed Spectre|Max Mindstorm|p2a: Eternatus
|-supereffective|p2a: Eternatus
|-damage|p2a: Eternatus|0 fnt
|-fieldstart|move: Psychic Terrain
|faint|p2a: Eternatus
|-ability|p1a: Scarfed Spectre|Grim Neigh|boost
|-boost|p1a: Scarfed Spectre|spa|1
|
|upkeep
|
|t:|1656149720
|switch|p2a: Yveltal|Yveltal|100/100
|-ability|p2a: Yveltal|Dark Aura
|turn|16
|
|t:|1656149729
|-start|p2a: Yveltal|Dynamax|
|-heal|p2a: Yveltal|100/100|[silent]
|move|p1a: Scarfed Spectre|Max Starfall|p2a: Yveltal
|-supereffective|p2a: Yveltal
|-damage|p2a: Yveltal|49/100
|-fieldstart|move: Misty Terrain
|move|p2a: Yveltal|Max Darkness|p1a: Scarfed Spectre
|-supereffective|p1a: Scarfed Spectre
|-damage|p1a: Scarfed Spectre|0 fnt
|faint|p1a: Scarfed Spectre
|-damage|p2a: Yveltal|45/100|[from] item: Life Orb
|
|upkeep
|c|☆YT Brando DeLite|:(
|
|t:|1656149754
|switch|p1a: Tuko|Murkrow, F|100/100
|-damage|p1a: Tuko|76/100|[from] Stealth Rock
|turn|17
|
|t:|1656149764
|move|p1a: Tuko|Defog|p2a: Yveltal
|-hint|Since gen 7, Dark is immune to Prankster moves.
|-immune|p2a: Yveltal
|move|p2a: Yveltal|Max Airstream|p1a: Tuko
|-damage|p1a: Tuko|0 fnt
|-boost|p2a: Yveltal|spe|1
|faint|p1a: Tuko
|-damage|p2a: Yveltal|40/100|[from] item: Life Orb
|
|upkeep
|c|☆digging your grave|oof
|c|☆YT Brando DeLite|Ok
|c|☆YT Brando DeLite|I forgot that existed
|
|t:|1656149788
|switch|p1a: Scarfed Imposter|Ditto, shiny|100/100
|-damage|p1a: Scarfed Imposter|88/100|[from] Stealth Rock
|-transform|p1a: Scarfed Imposter|p2a: Yveltal|[from] ability: Imposter
|-ability|p1a: Scarfed Imposter|Dark Aura
|turn|18
|
|t:|1656149799
|move|p1a: Scarfed Imposter|Oblivion Wing|p2a: Yveltal
|-damage|p2a: Yveltal|21/100
|-heal|p1a: Scarfed Imposter|100/100|[from] drain|[of] p2a: Yveltal
|move|p2a: Yveltal|Max Airstream|p1a: Scarfed Imposter
|-damage|p1a: Scarfed Imposter|0 fnt
|-boost|p2a: Yveltal|spe|1
|faint|p1a: Scarfed Imposter
|-damage|p2a: Yveltal|16/100|[from] item: Life Orb
|
|win|digging your grave
|raw|YT Brando DeLite's rating: 1504 &rarr; <strong>1492</strong><br />(-12 for losing)
|raw|digging your grave's rating: 1652 &rarr; <strong>1664</strong><br />(+12 for winning)
|c|☆digging your grave|gg
|c|☆YT Brando DeLite|Ggs
