|j|☆swordsdance1231321
|j|☆spicyntegral
|t:|1641557448
|gametype|singles
|player|p1|swordsdance1231321|lusamine-nihilego|1726
|player|p2|spicyntegral|n|1705
|teamsize|p1|6
|teamsize|p2|6
|gen|8
|tier|[Gen 8] National Dex AG
|rated|
|rule|HP Percentage Mod: HP is shown in percentages
|rule|Endless Battle Clause: Forcing endless battles is banned
|clearpoke
|poke|p1|Calyrex-Shadow|
|poke|p1|Rayquaza|
|poke|p1|Arceus-*|
|poke|p1|Ho-Oh|
|poke|p1|Necrozma-Dusk-Mane|
|poke|p1|Yveltal|
|poke|p2|Groudon|
|poke|p2|Ho-Oh|
|poke|p2|Rayquaza|
|poke|p2|Arceus-*|
|poke|p2|Xerneas-*|
|poke|p2|Necrozma-Dusk-Mane|
|teampreview
|inactive|Battle timer is ON: inactive players will automatically lose when time's up. (requested by swordsdance1231321)
|
|t:|1641557478
|start
|switch|p1a: Rayquaza|Rayquaza|100/100
|switch|p2a: Necrozma|Necrozma-Dusk-Mane|100/100
|-ability|p1a: Rayquaza|Air Lock
|turn|1
|
|t:|1641557491
|switch|p2a: Arceus|Arceus-Ground|100/100
|detailschange|p1a: Rayquaza|Rayquaza-Mega
|-mega|p1a: Rayquaza|Rayquaza|
|-weather|DeltaStream|[from] ability: Delta Stream|[of] p1a: Rayquaza
|move|p1a: Rayquaza|V-create|p2a: Arceus
|-damage|p2a: Arceus|40/100
|-unboost|p1a: Rayquaza|spe|1
|-unboost|p1a: Rayquaza|def|1
|-unboost|p1a: Rayquaza|spd|1
|
|-weather|DeltaStream|[upkeep]
|upkeep
|turn|2
|
|t:|1641557503
|-weather|none
|switch|p1a: Ho-Oh|Ho-Oh|100/100
|move|p2a: Arceus|Recover|p2a: Arceus
|-heal|p2a: Arceus|90/100
|
|upkeep
|turn|3
|
|t:|1641557514
|switch|p2a: Necrozma|Necrozma-Dusk-Mane|100/100
|move|p1a: Ho-Oh|Toxic|p2a: Necrozma
|-immune|p2a: Necrozma
|
|upkeep
|turn|4
|inactive|swordsdance1231321 has 120 seconds left.
|
|t:|1641557544
|move|p1a: Ho-Oh|Sacred Fire|p2a: Necrozma
|-supereffective|p2a: Necrozma
|-damage|p2a: Necrozma|66/100
|move|p2a: Necrozma|Knock Off|p1a: Ho-Oh
|-damage|p1a: Ho-Oh|80/100
|-enditem|p1a: Ho-Oh|Heavy-Duty Boots|[from] move: Knock Off|[of] p2a: Necrozma
|
|upkeep
|turn|5
|j| mhjgcjhdjytd
|
|t:|1641557553
|move|p1a: Ho-Oh|Toxic|p2a: Necrozma
|-immune|p2a: Necrozma
|move|p2a: Necrozma|Stealth Rock|p1a: Ho-Oh
|-sidestart|p1: swordsdance1231321|move: Stealth Rock
|
|upkeep
|turn|6
|
|t:|1641557558
|move|p1a: Ho-Oh|Sacred Fire|p2a: Necrozma
|-supereffective|p2a: Necrozma
|-damage|p2a: Necrozma|33/100
|-status|p2a: Necrozma|brn
|move|p2a: Necrozma|Morning Sun|p2a: Necrozma
|-heal|p2a: Necrozma|83/100 brn
|
|-damage|p2a: Necrozma|77/100 brn|[from] brn
|upkeep
|turn|7
|
|t:|1641557577
|switch|p2a: Rayquaza|Rayquaza, shiny|100/100
|-ability|p2a: Rayquaza|Air Lock
|move|p1a: Ho-Oh|Defog|p2a: Rayquaza
|-unboost|p2a: Rayquaza|evasion|1
|-sideend|p1: swordsdance1231321|Stealth Rock|[from] move: Defog|[of] p1a: Ho-Oh
|
|upkeep
|turn|8
|
|t:|1641557592
|switch|p1a: Necrozma|Necrozma-Dusk-Mane|100/100
|detailschange|p2a: Rayquaza|Rayquaza-Mega, shiny
|-mega|p2a: Rayquaza|Rayquaza|
|-weather|DeltaStream|[from] ability: Delta Stream|[of] p2a: Rayquaza
|move|p2a: Rayquaza|Dragon Ascent|p1a: Necrozma
|-resisted|p1a: Necrozma
|-damage|p1a: Necrozma|70/100
|-unboost|p2a: Rayquaza|def|1
|-unboost|p2a: Rayquaza|spd|1
|-damage|p2a: Rayquaza|91/100|[from] item: Life Orb
|
|-weather|DeltaStream|[upkeep]
|-heal|p1a: Necrozma|76/100|[from] item: Leftovers
|upkeep
|turn|9
|
|t:|1641557609
|switch|p1a: Rayquaza|Rayquaza-Mega|100/100
|move|p2a: Rayquaza|Overheat|p1a: Rayquaza
|-resisted|p1a: Rayquaza
|-damage|p1a: Rayquaza|66/100
|-unboost|p2a: Rayquaza|spa|2
|-damage|p2a: Rayquaza|81/100|[from] item: Life Orb
|
|-weather|DeltaStream|[upkeep]
|upkeep
|turn|10
|c| mhjgcjhdjytd|mix mega ray
|
|t:|1641557628
|switch|p2a: Arceus|Arceus-Ground|90/100
|move|p1a: Rayquaza|Scale Shot|p2a: Arceus
|-damage|p2a: Arceus|77/100
|-damage|p2a: Arceus|62/100
|-damage|p2a: Arceus|49/100
|-damage|p2a: Arceus|35/100
|-hitcount|p2a: Arceus|4
|-unboost|p1a: Rayquaza|def|1
|-boost|p1a: Rayquaza|spe|1
|
|-weather|DeltaStream|[upkeep]
|upkeep
|turn|11
|c| mhjgcjhdjytd|havnt seen that ina while
|
|t:|1641557645
|switch|p2a: Necrozma|Necrozma-Dusk-Mane|77/100 brn
|move|p1a: Rayquaza|Scale Shot|p2a: Necrozma
|-resisted|p2a: Necrozma
|-damage|p2a: Necrozma|70/100 brn
|-resisted|p2a: Necrozma
|-damage|p2a: Necrozma|62/100 brn
|-resisted|p2a: Necrozma
|-damage|p2a: Necrozma|55/100 brn
|-hitcount|p2a: Necrozma|3
|-unboost|p1a: Rayquaza|def|1
|-boost|p1a: Rayquaza|spe|1
|
|-weather|DeltaStream|[upkeep]
|-damage|p2a: Necrozma|49/100 brn|[from] brn
|upkeep
|turn|12
|inactive|swordsdance1231321 has 120 seconds left.
|
|t:|1641557675
|-weather|none
|switch|p1a: Ho-Oh|Ho-Oh|100/100
|switch|p2a: Arceus|Arceus-Ground|35/100
|
|upkeep
|turn|13
|inactive|swordsdance1231321 has 120 seconds left.
|
|t:|1641557683
|move|p2a: Arceus|Recover|p2a: Arceus
|-heal|p2a: Arceus|85/100
|move|p1a: Ho-Oh|Toxic|p2a: Arceus
|-status|p2a: Arceus|tox
|
|-damage|p2a: Arceus|79/100 tox|[from] psn
|upkeep
|turn|14
|
|t:|1641557692
|move|p2a: Arceus|Refresh|p2a: Arceus
|-curestatus|p2a: Arceus|tox|[msg]
|move|p1a: Ho-Oh|Sacred Fire|p2a: Arceus
|-damage|p2a: Arceus|59/100
|-status|p2a: Arceus|brn
|
|-damage|p2a: Arceus|53/100 brn|[from] brn
|upkeep
|turn|15
|
|t:|1641557702
|move|p2a: Arceus|Recover|p2a: Arceus
|-heal|p2a: Arceus|100/100 brn
|move|p1a: Ho-Oh|Toxic||[still]
|-fail|p1a: Ho-Oh
|
|-damage|p2a: Arceus|94/100 brn|[from] brn
|upkeep
|turn|16
|
|t:|1641557714
|switch|p1a: Arceus|Arceus-Dark|100/100
|move|p2a: Arceus|Ice Beam|p1a: Arceus
|-damage|p1a: Arceus|88/100
|
|-damage|p2a: Arceus|88/100 brn|[from] brn
|upkeep
|turn|17
|
|t:|1641557730
|switch|p2a: Xerneas|Xerneas|100/100
|-ability|p2a: Xerneas|Fairy Aura
|move|p1a: Arceus|Calm Mind|p1a: Arceus
|-boost|p1a: Arceus|spa|1
|-boost|p1a: Arceus|spd|1
|
|upkeep
|turn|18
|
|t:|1641557750
|switch|p1a: Necrozma|Necrozma-Dusk-Mane|76/100
|move|p2a: Xerneas|Moonblast|p1a: Necrozma
|-resisted|p1a: Necrozma
|-crit|p1a: Necrozma
|-damage|p1a: Necrozma|30/100
|
|-heal|p1a: Necrozma|36/100|[from] item: Leftovers
|upkeep
|turn|19
|inactive|spicyntegral has 120 seconds left.
|
|t:|1641557772
|switch|p2a: Groudon|Groudon|100/100
|detailschange|p2a: Groudon|Groudon-Primal
|-primal|p2a: Groudon
|-weather|DesolateLand|[from] ability: Desolate Land|[of] p2a: Groudon
|move|p1a: Necrozma|Morning Sun|p1a: Necrozma
|-heal|p1a: Necrozma|100/100
|
|-weather|DesolateLand|[upkeep]
|upkeep
|turn|20
|
|t:|1641557784
|move|p2a: Groudon|Eruption|p1a: Necrozma
|-supereffective|p1a: Necrozma
|-damage|p1a: Necrozma|0 fnt
|faint|p1a: Necrozma
|
|-weather|DesolateLand|[upkeep]
|upkeep
|
|t:|1641557792
|switch|p1a: Calyrex|Calyrex-Shadow|100/100
|-ability|p1a: Calyrex|As One
|-ability|p1a: Calyrex|Unnerve
|turn|21
|
|t:|1641557802
|-weather|none
|switch|p2a: Ho-Oh|Ho-Oh|100/100
|move|p1a: Calyrex|Astral Barrage|p2a: Ho-Oh
|-damage|p2a: Ho-Oh|67/100
|
|upkeep
|turn|22
|
|t:|1641557811
|move|p1a: Calyrex|Nasty Plot|p1a: Calyrex
|-boost|p1a: Calyrex|spa|2
|move|p2a: Ho-Oh|Sacred Fire|p1a: Calyrex
|-damage|p1a: Calyrex|52/100
|-status|p1a: Calyrex|brn
|
|-damage|p1a: Calyrex|46/100 brn|[from] brn
|upkeep
|turn|23
|
|t:|1641557826
|move|p1a: Calyrex|Baton Pass|p1a: Calyrex
|
|t:|1641557828
|switch|p1a: Yveltal|Yveltal|100/100|[from]move: Baton Pass
|-ability|p1a: Yveltal|Dark Aura
|move|p2a: Ho-Oh|Sacred Fire|p1a: Yveltal
|-damage|p1a: Yveltal|64/100
|
|upkeep
|turn|24
|
|t:|1641557842
|-start|p1a: Yveltal|Dynamax
|-heal|p1a: Yveltal|64/100|[silent]
|move|p2a: Ho-Oh|Protect|p2a: Ho-Oh
|-singleturn|p2a: Ho-Oh|Protect
|move|p1a: Yveltal|Max Airstream|p2a: Ho-Oh
|-zbroken|p2a: Ho-Oh
|-damage|p2a: Ho-Oh|47/100
|-boost|p1a: Yveltal|spe|1
|-damage|p1a: Yveltal|59/100|[from] item: Life Orb
|
|upkeep
|turn|25
|
|t:|1641557858
|switch|p2a: Necrozma|Necrozma-Dusk-Mane|49/100 brn
|move|p1a: Yveltal|Max Darkness|p2a: Necrozma
|-supereffective|p2a: Necrozma
|-damage|p2a: Necrozma|0 fnt
|faint|p2a: Necrozma
|-damage|p1a: Yveltal|54/100|[from] item: Life Orb
|
|upkeep
|inactive|spicyntegral has 120 seconds left.
|inactive|spicyntegral has 90 seconds left.
|
|t:|1641557912
|switch|p2a: Xerneas|Xerneas|100/100
|-ability|p2a: Xerneas|Fairy Aura
|turn|26
|
|t:|1641557919
|-start|p2a: Xerneas|Dynamax
|-heal|p2a: Xerneas|100/100|[silent]
|move|p1a: Yveltal|Max Airstream|p2a: Xerneas
|-damage|p2a: Xerneas|13/100
|-boost|p1a: Yveltal|spe|1
|-damage|p1a: Yveltal|49/100|[from] item: Life Orb
|move|p2a: Xerneas|Max Starfall|p1a: Yveltal
|-supereffective|p1a: Yveltal
|-damage|p1a: Yveltal|0 fnt
|-fieldstart|move: Misty Terrain
|faint|p1a: Yveltal
|
|upkeep
|
|t:|1641557931
|switch|p1a: Calyrex|Calyrex-Shadow|46/100 brn
|-ability|p1a: Calyrex|As One
|-ability|p1a: Calyrex|Unnerve
|turn|27
|
|t:|1641557945
|move|p2a: Xerneas|Max Guard|p2a: Xerneas
|-singleturn|p2a: Xerneas|Max Guard
|move|p1a: Calyrex|Astral Barrage|p2a: Xerneas
|-activate|p2a: Xerneas|move: Max Guard
|
|-damage|p1a: Calyrex|40/100 brn|[from] brn
|upkeep
|turn|28
|
|t:|1641557955
|-end|p2a: Xerneas|Dynamax
|-heal|p2a: Xerneas|13/100|[silent]
|switch|p2a: Ho-Oh|Ho-Oh|80/100
|move|p1a: Calyrex|Nasty Plot|p1a: Calyrex
|-boost|p1a: Calyrex|spa|2
|
|-damage|p1a: Calyrex|33/100 brn|[from] brn
|upkeep
|turn|29
|
|t:|1641557969
|move|p1a: Calyrex|Astral Barrage|p2a: Ho-Oh
|-damage|p2a: Ho-Oh|12/100
|move|p2a: Ho-Oh|Sacred Fire|p1a: Calyrex
|-damage|p1a: Calyrex|0 fnt
|faint|p1a: Calyrex
|
|upkeep
|
|t:|1641557977
|switch|p1a: Rayquaza|Rayquaza-Mega|66/100
|-weather|DeltaStream|[from] ability: Delta Stream|[of] p1a: Rayquaza
|turn|30
|
|t:|1641557986
|move|p1a: Rayquaza|Dragon Ascent|p2a: Ho-Oh
|-damage|p2a: Ho-Oh|0 fnt
|-unboost|p1a: Rayquaza|def|1
|-unboost|p1a: Rayquaza|spd|1
|faint|p2a: Ho-Oh
|
|-weather|DeltaStream|[upkeep]
|-fieldend|Misty Terrain
|upkeep
|j| rahull
|
|t:|1641558003
|switch|p2a: Arceus|Arceus-Ground|88/100 brn
|turn|31
|
|t:|1641558007
|move|p1a: Rayquaza|Dragon Ascent|p2a: Arceus
|-crit|p2a: Arceus
|-damage|p2a: Arceus|0 fnt
|-unboost|p1a: Rayquaza|def|1
|-unboost|p1a: Rayquaza|spd|1
|faint|p2a: Arceus
|
|-weather|DeltaStream|[upkeep]
|upkeep
|
|t:|1641558016
|switch|p2a: Rayquaza|Rayquaza-Mega, shiny|81/100
|turn|32
|j| Bagely
|
|t:|1641558021
|switch|p1a: Ho-Oh|Ho-Oh|100/100
|move|p2a: Rayquaza|Extreme Speed|p1a: Ho-Oh
|-damage|p1a: Ho-Oh|65/100
|-damage|p2a: Rayquaza|71/100|[from] item: Life Orb
|
|-weather|DeltaStream|[upkeep]
|upkeep
|turn|33
|
|t:|1641558029
|move|p2a: Rayquaza|Dragon Ascent|p1a: Ho-Oh
|-damage|p1a: Ho-Oh|0 fnt
|-unboost|p2a: Rayquaza|def|1
|-unboost|p2a: Rayquaza|spd|1
|faint|p1a: Ho-Oh
|-damage|p2a: Rayquaza|61/100|[from] item: Life Orb
|
|-weather|DeltaStream|[upkeep]
|upkeep
|
|t:|1641558037
|switch|p1a: Rayquaza|Rayquaza-Mega|66/100
|turn|34
|
|t:|1641558042
|switch|p2a: Xerneas|Xerneas|13/100
|-ability|p2a: Xerneas|Fairy Aura
|move|p1a: Rayquaza|Dragon Ascent|p2a: Xerneas
|-damage|p2a: Xerneas|0 fnt
|-unboost|p1a: Rayquaza|def|1
|-unboost|p1a: Rayquaza|spd|1
|faint|p2a: Xerneas
|
|-weather|DeltaStream|[upkeep]
|upkeep
|
|t:|1641558056
|switch|p2a: Groudon|Groudon-Primal|100/100
|-weather|DesolateLand|[from] ability: Desolate Land|[of] p2a: Groudon
|turn|35
|
|t:|1641558060
|move|p1a: Rayquaza|Dragon Ascent|p2a: Groudon
|-damage|p2a: Groudon|0 fnt
|-unboost|p1a: Rayquaza|def|1
|-unboost|p1a: Rayquaza|spd|1
|faint|p2a: Groudon
|-weather|none
|
|upkeep
|
|t:|1641558067
|switch|p2a: Rayquaza|Rayquaza-Mega, shiny|61/100
|-weather|DeltaStream|[from] ability: Delta Stream|[of] p2a: Rayquaza
|turn|36
|
|t:|1641558076
|move|p2a: Rayquaza|Draco Meteor|p1a: Rayquaza
|-supereffective|p1a: Rayquaza
|-damage|p1a: Rayquaza|0 fnt
|-unboost|p2a: Rayquaza|spa|2
|faint|p1a: Rayquaza
|-damage|p2a: Rayquaza|51/100|[from] item: Life Orb
|
|-weather|DeltaStream|[upkeep]
|upkeep
|
|t:|1641558083
|switch|p1a: Arceus|Arceus-Dark|88/100
|turn|37
|
|t:|1641558087
|move|p2a: Rayquaza|Dragon Ascent|p1a: Arceus
|-damage|p1a: Arceus|12/100
|-unboost|p2a: Rayquaza|def|1
|-unboost|p2a: Rayquaza|spd|1
|-damage|p2a: Rayquaza|41/100|[from] item: Life Orb
|move|p1a: Arceus|Judgment|p2a: Rayquaza
|-damage|p2a: Rayquaza|0 fnt
|faint|p2a: Rayquaza
|-weather|none
|
|win|swordsdance1231321
|raw|swordsdance1231321's rating: 1726 &rarr; <strong>1745</strong><br />(+19 for winning)
|raw|spicyntegral's rating: 1705 &rarr; <strong>1686</strong><br />(-19 for losing)
|c|☆swordsdance1231321|gg ez no re
