|j|☆kasak
|j|☆YiurBiba
|t:|1609605752
|player|p1|kasak|youngster-gen4|1322
|player|p2|YiurBiba|swimmerf-gen4|1250
|teamsize|p1|6
|teamsize|p2|6
|gametype|singles
|gen|8
|tier|[Gen 8] National Dex AG
|rated|
|clearpoke
|poke|p1|Celesteela|
|poke|p1|Lanturn, M|
|poke|p1|Arceus-*|
|poke|p1|Corsola-Galar, M|
|poke|p1|Cresselia, F|
|poke|p1|Blissey, F|
|poke|p2|Darkrai|
|poke|p2|Ho-Oh|
|poke|p2|Groudon|
|poke|p2|Manaphy|
|poke|p2|Xerneas|
|poke|p2|Zacian-Crowned|
|rule|HP Percentage Mod: HP is shown in percentages
|rule|Endless Battle Clause: Forcing endless battles is banned
|teampreview
|
|t:|1609605758
|start
|switch|p1a: 코산호|Corsola-Galar, M|100/100
|switch|p2a: Manaphy|Manaphy|100/100
|turn|1
|
|t:|1609605763
|move|p2a: Manaphy|Rain Dance|p2a: Manaphy
|-weather|RainDance
|move|p1a: 코산호|Stealth Rock|p2a: Manaphy
|-sidestart|p2: YiurBiba|move: Stealth Rock
|
|-weather|RainDance|[upkeep]
|upkeep
|turn|2
|
|t:|1609605766
|switch|p1a: 랜턴|Lanturn, M|100/100
|move|p2a: Manaphy|Tail Glow|p2a: Manaphy
|-boost|p2a: Manaphy|spa|3
|
|-weather|RainDance|[upkeep]
|upkeep
|turn|3
|
|t:|1609605770
|move|p2a: Manaphy|Scald|p1a: 랜턴
|-resisted|p1a: 랜턴
|-damage|p1a: 랜턴|59/100
|-status|p1a: 랜턴|brn
|move|p1a: 랜턴|Discharge|p2a: Manaphy
|-supereffective|p2a: Manaphy
|-damage|p2a: Manaphy|54/100
|
|-weather|RainDance|[upkeep]
|-heal|p1a: 랜턴|65/100 brn|[from] item: Leftovers
|-damage|p1a: 랜턴|59/100 brn|[from] brn
|upkeep
|turn|4
|
|t:|1609605781
|-start|p2a: Manaphy|Dynamax
|-heal|p2a: Manaphy|54/100|[silent]
|move|p2a: Manaphy|Max Geyser|p1a: 랜턴
|-resisted|p1a: 랜턴
|-damage|p1a: 랜턴|0 fnt
|faint|p1a: 랜턴
|
|-weather|RainDance|[upkeep]
|upkeep
|
|t:|1609605787
|switch|p1a: 해피너스|Blissey, F|100/100
|turn|5
|inactive|Battle timer is ON: inactive players will automatically lose when time's up. (requested by YiurBiba)
|
|t:|1609605797
|move|p2a: Manaphy|Max Geyser|p1a: 해피너스
|-damage|p1a: 해피너스|12/100
|move|p1a: 해피너스|Soft-Boiled|p1a: 해피너스
|-heal|p1a: 해피너스|62/100
|
|-weather|none
|-heal|p1a: 해피너스|68/100|[from] item: Leftovers
|upkeep
|turn|6
|
|t:|1609605806
|-start|p1a: 해피너스|Dynamax
|-heal|p1a: 해피너스|68/100|[silent]
|move|p1a: 해피너스|Max Guard|p1a: 해피너스
|-singleturn|p1a: 해피너스|Max Guard
|move|p2a: Manaphy|Max Geyser|p1a: 해피너스
|-activate|p1a: 해피너스|move: Max Guard
|
|-heal|p1a: 해피너스|71/100|[from] item: Leftovers
|-end|p2a: Manaphy|Dynamax
|-heal|p2a: Manaphy|54/100|[silent]
|upkeep
|turn|7
|c|☆YiurBiba|wat
|
|t:|1609605812
|switch|p2a: ХуеСоСиНа|Darkrai, shiny|100/100
|-damage|p2a: ХуеСоСиНа|88/100|[from] Stealth Rock
|move|p1a: 해피너스|Max Strike|p2a: ХуеСоСиНа
|-damage|p2a: ХуеСоСиНа|25/100
|-unboost|p2a: ХуеСоСиНа|spe|1
|
|-heal|p2a: ХуеСоСиНа|31/100|[from] item: Leftovers
|-heal|p1a: 해피너스|74/100|[from] item: Leftovers
|upkeep
|turn|8
|
|t:|1609605815
|move|p2a: ХуеСоСиНа|Hypnosis|p1a: 해피너스
|-status|p1a: 해피너스|slp|[from] move: Hypnosis
|cant|p1a: 해피너스|slp
|
|-heal|p2a: ХуеСоСиНа|37/100|[from] item: Leftovers
|-heal|p1a: 해피너스|77/100 slp|[from] item: Leftovers
|-damage|p1a: 해피너스|71/100 slp|[from] ability: Bad Dreams|[of] p2a: ХуеСоСиНа
|-end|p1a: 해피너스|Dynamax
|-heal|p1a: 해피너스|71/100 slp|[silent]
|upkeep
|turn|9
|
|t:|1609605820
|move|p2a: ХуеСоСиНа|Nasty Plot|p2a: ХуеСоСиНа
|-boost|p2a: ХуеСоСиНа|spa|2
|cant|p1a: 해피너스|slp
|
|-heal|p2a: ХуеСоСиНа|43/100|[from] item: Leftovers
|-heal|p1a: 해피너스|77/100 slp|[from] item: Leftovers
|-damage|p1a: 해피너스|65/100 slp|[from] ability: Bad Dreams|[of] p2a: ХуеСоСиНа
|upkeep
|turn|10
|
|t:|1609605830
|move|p2a: ХуеСоСиНа|Sludge Bomb|p1a: 해피너스
|-crit|p1a: 해피너스
|-damage|p1a: 해피너스|29/100 slp
|cant|p1a: 해피너스|slp
|
|-heal|p2a: ХуеСоСиНа|49/100|[from] item: Leftovers
|-heal|p1a: 해피너스|36/100 slp|[from] item: Leftovers
|-damage|p1a: 해피너스|23/100 slp|[from] ability: Bad Dreams|[of] p2a: ХуеСоСиНа
|upkeep
|turn|11
|
|t:|1609605834
|move|p2a: ХуеСоСиНа|Dark Pulse|p1a: 해피너스
|-damage|p1a: 해피너스|0 fnt
|faint|p1a: 해피너스
|
|-heal|p2a: ХуеСоСиНа|55/100|[from] item: Leftovers
|upkeep
|
|t:|1609605838
|switch|p1a: 아르세우스|Arceus-Fairy|100/100
|turn|12
|
|t:|1609605840
|move|p1a: 아르세우스|Judgment|p2a: ХуеСоСиНа
|-supereffective|p2a: ХуеСоСиНа
|-damage|p2a: ХуеСоСиНа|0 fnt
|faint|p2a: ХуеСоСиНа
|
|upkeep
|
|t:|1609605843
|switch|p2a: Manaphy|Manaphy|54/100
|-damage|p2a: Manaphy|42/100|[from] Stealth Rock
|turn|13
|
|t:|1609605850
|move|p2a: Manaphy|Scald|p1a: 아르세우스
|-damage|p1a: 아르세우스|79/100
|-status|p1a: 아르세우스|brn
|move|p1a: 아르세우스|Judgment|p2a: Manaphy
|-damage|p2a: Manaphy|0 fnt
|faint|p2a: Manaphy
|
|-damage|p1a: 아르세우스|73/100 brn|[from] brn
|upkeep
|
|t:|1609605854
|switch|p2a: Zacian|Zacian-Crowned|100/100
|-damage|p2a: Zacian|94/100|[from] Stealth Rock
|-ability|p2a: Zacian|Intrepid Sword|boost
|-boost|p2a: Zacian|atk|1
|turn|14
|
|t:|1609605856
|switch|p1a: 철화구야|Celesteela|100/100
|move|p2a: Zacian|Behemoth Blade|p1a: 철화구야
|-resisted|p1a: 철화구야
|-damage|p1a: 철화구야|71/100
|-damage|p2a: Zacian|78/100|[from] item: Rocky Helmet|[of] p1a: 철화구야
|
|upkeep
|turn|15
|
|t:|1609605865
|move|p2a: Zacian|Close Combat|p1a: 철화구야
|-damage|p1a: 철화구야|26/100
|-unboost|p2a: Zacian|def|1
|-unboost|p2a: Zacian|spd|1
|-damage|p2a: Zacian|61/100|[from] item: Rocky Helmet|[of] p1a: 철화구야
|move|p1a: 철화구야|Leech Seed|p2a: Zacian
|-start|p2a: Zacian|move: Leech Seed
|
|-damage|p2a: Zacian|49/100|[from] Leech Seed|[of] p1a: 철화구야
|-heal|p1a: 철화구야|36/100|[silent]
|upkeep
|turn|16
|
|t:|1609605874
|move|p1a: 철화구야|Protect|p1a: 철화구야
|-singleturn|p1a: 철화구야|Protect
|move|p2a: Zacian|Close Combat|p1a: 철화구야
|-activate|p1a: 철화구야|move: Protect
|
|-damage|p2a: Zacian|36/100|[from] Leech Seed|[of] p1a: 철화구야
|-heal|p1a: 철화구야|46/100|[silent]
|upkeep
|turn|17
|
|t:|1609605880
|switch|p1a: 크레세리아|Cresselia, F|100/100
|move|p2a: Zacian|Close Combat|p1a: 크레세리아
|-resisted|p1a: 크레세리아
|-damage|p1a: 크레세리아|82/100
|-unboost|p2a: Zacian|def|1
|-unboost|p2a: Zacian|spd|1
|-damage|p2a: Zacian|20/100|[from] item: Rocky Helmet|[of] p1a: 크레세리아
|
|-damage|p2a: Zacian|8/100|[from] Leech Seed|[of] p1a: 크레세리아
|-heal|p1a: 크레세리아|91/100|[silent]
|upkeep
|turn|18
|
|t:|1609605890
|switch|p2a: БРЕЙНДЭД|Xerneas|100/100
|-damage|p2a: БРЕЙНДЭД|88/100|[from] Stealth Rock
|-ability|p2a: БРЕЙНДЭД|Fairy Aura
|move|p1a: 크레세리아|Psychic|p2a: БРЕЙНДЭД
|-damage|p2a: БРЕЙНДЭД|70/100
|
|upkeep
|turn|19
|
|t:|1609605897
|move|p2a: БРЕЙНДЭД|Defog|p1a: 크레세리아
|-unboost|p1a: 크레세리아|evasion|1
|-sideend|p2: YiurBiba|Stealth Rock|[from] move: Defog|[of] p2a: БРЕЙНДЭД
|move|p1a: 크레세리아|Toxic|p2a: БРЕЙНДЭД
|-status|p2a: БРЕЙНДЭД|tox
|
|-damage|p2a: БРЕЙНДЭД|63/100 tox|[from] psn
|upkeep
|turn|20
|
|t:|1609605906
|move|p2a: БРЕЙНДЭД|Aromatherapy|p2a: БРЕЙНДЭД
|-activate|p2a: БРЕЙНДЭД|move: Aromatherapy
|-curestatus|p2a: БРЕЙНДЭД|tox|[msg]
|move|p1a: 크레세리아|Psychic|p2a: БРЕЙНДЭД
|-damage|p2a: БРЕЙНДЭД|45/100
|
|upkeep
|turn|21
|
|t:|1609605913
|move|p2a: БРЕЙНДЭД|Calm Mind|p2a: БРЕЙНДЭД
|-boost|p2a: БРЕЙНДЭД|spa|1
|-boost|p2a: БРЕЙНДЭД|spd|1
|move|p1a: 크레세리아|Toxic|p2a: БРЕЙНДЭД
|-status|p2a: БРЕЙНДЭД|tox
|
|-damage|p2a: БРЕЙНДЭД|39/100 tox|[from] psn
|upkeep
|turn|22
|
|t:|1609605918
|move|p2a: БРЕЙНДЭД|Moonblast|p1a: 크레세리아
|-damage|p1a: 크레세리아|22/100
|move|p1a: 크레세리아|Psychic|p2a: БРЕЙНДЭД
|-damage|p2a: БРЕЙНДЭД|25/100 tox
|
|-damage|p2a: БРЕЙНДЭД|13/100 tox|[from] psn
|upkeep
|turn|23
|-enditem|p2a: БРЕЙНДЭД|Custap Berry|[eat]
|-activate|p2a: БРЕЙНДЭД|item: Custap Berry|[consumed]
|
|t:|1609605925
|move|p2a: БРЕЙНДЭД|Moonblast|p1a: 크레세리아
|-damage|p1a: 크레세리아|0 fnt
|faint|p1a: 크레세리아
|
|-damage|p2a: БРЕЙНДЭД|0 fnt|[from] psn
|faint|p2a: БРЕЙНДЭД
|upkeep
|
|t:|1609605935
|switch|p2a: Zacian|Zacian-Crowned|8/100
|switch|p1a: 코산호|Corsola-Galar, M|100/100
|-ability|p2a: Zacian|Intrepid Sword|boost
|-boost|p2a: Zacian|atk|1
|turn|24
|
|t:|1609605943
|switch|p1a: 철화구야|Celesteela|46/100
|move|p2a: Zacian|Play Rough|p1a: 철화구야
|-resisted|p1a: 철화구야
|-damage|p1a: 철화구야|22/100
|-damage|p2a: Zacian|0 fnt|[from] item: Rocky Helmet|[of] p1a: 철화구야
|faint|p2a: Zacian
|
|upkeep
|
|t:|1609605946
|switch|p2a: ПИДЕРАСТ|Ho-Oh|100/100
|turn|25
|
|t:|1609605949
|move|p2a: ПИДЕРАСТ|Protect|p2a: ПИДЕРАСТ
|-singleturn|p2a: ПИДЕРАСТ|Protect
|move|p1a: 철화구야|Leech Seed|p2a: ПИДЕРАСТ
|-activate|p2a: ПИДЕРАСТ|move: Protect
|
|upkeep
|turn|26
|
|t:|1609605953
|move|p2a: ПИДЕРАСТ|Brave Bird|p1a: 철화구야
|-resisted|p1a: 철화구야
|-damage|p1a: 철화구야|5/100
|-damage|p2a: ПИДЕРАСТ|84/100|[from] item: Rocky Helmet|[of] p1a: 철화구야
|-damage|p2a: ПИДЕРАСТ|78/100|[from] Recoil
|move|p1a: 철화구야|Leech Seed|p2a: ПИДЕРАСТ
|-start|p2a: ПИДЕРАСТ|move: Leech Seed
|
|-damage|p2a: ПИДЕРАСТ|66/100|[from] Leech Seed|[of] p1a: 철화구야
|-heal|p1a: 철화구야|18/100|[silent]
|upkeep
|turn|27
|
|t:|1609605960
|switch|p2a: Groudon|Groudon|100/100
|detailschange|p2a: Groudon|Groudon-Primal
|-primal|p2a: Groudon
|-weather|DesolateLand|[from] ability: Desolate Land|[of] p2a: Groudon
|move|p1a: 철화구야|Protect||[still]
|-fail|p1a: 철화구야
|
|-weather|DesolateLand|[upkeep]
|upkeep
|turn|28
|
|t:|1609605963
|move|p2a: Groudon|Hammer Arm|p1a: 철화구야
|-damage|p1a: 철화구야|0 fnt
|-unboost|p2a: Groudon|spe|1
|-damage|p2a: Groudon|84/100|[from] item: Rocky Helmet|[of] p1a: 철화구야
|faint|p1a: 철화구야
|
|-weather|DesolateLand|[upkeep]
|upkeep
|
|t:|1609605967
|switch|p1a: 코산호|Corsola-Galar, M|100/100
|turn|29
|
|t:|1609605969
|move|p2a: Groudon|Shadow Claw|p1a: 코산호
|-supereffective|p1a: 코산호
|-damage|p1a: 코산호|49/100
|move|p1a: 코산호|Strength Sap|p2a: Groudon
|-unboost|p2a: Groudon|atk|1
|-heal|p1a: 코산호|100/100
|
|-weather|DesolateLand|[upkeep]
|upkeep
|turn|30
|
|t:|1609605973
|move|p2a: Groudon|Shadow Claw|p1a: 코산호
|-supereffective|p1a: 코산호
|-crit|p1a: 코산호
|-damage|p1a: 코산호|25/100
|move|p1a: 코산호|Stealth Rock|p2a: Groudon
|-sidestart|p2: YiurBiba|move: Stealth Rock
|
|-weather|DesolateLand|[upkeep]
|upkeep
|turn|31
|
|t:|1609605978
|move|p2a: Groudon|Shadow Claw|p1a: 코산호
|-supereffective|p1a: 코산호
|-damage|p1a: 코산호|0 fnt
|faint|p1a: 코산호
|
|-weather|DesolateLand|[upkeep]
|upkeep
|
|t:|1609605980
|switch|p1a: 아르세우스|Arceus-Fairy|73/100 brn
|turn|32
|
|t:|1609605985
|move|p1a: 아르세우스|Judgment|p2a: Groudon
|-resisted|p2a: Groudon
|-damage|p2a: Groudon|60/100
|move|p2a: Groudon|Bulk Up|p2a: Groudon
|-boost|p2a: Groudon|atk|1
|-boost|p2a: Groudon|def|1
|
|-weather|DesolateLand|[upkeep]
|-damage|p1a: 아르세우스|67/100 brn|[from] brn
|upkeep
|turn|33
|c|☆YiurBiba|good boy.
|
|t:|1609605996
|move|p1a: 아르세우스|Judgment|p2a: Groudon
|-resisted|p2a: Groudon
|-damage|p2a: Groudon|38/100
|move|p2a: Groudon|Precipice Blades|p1a: 아르세우스
|-damage|p1a: 아르세우스|20/100 brn
|
|-weather|DesolateLand|[upkeep]
|-damage|p1a: 아르세우스|14/100 brn|[from] brn
|upkeep
|turn|34
|
|t:|1609606002
|move|p1a: 아르세우스|Recover|p1a: 아르세우스
|-heal|p1a: 아르세우스|64/100 brn
|move|p2a: Groudon|Precipice Blades|p1a: 아르세우스
|-damage|p1a: 아르세우스|21/100 brn
|
|-weather|DesolateLand|[upkeep]
|-damage|p1a: 아르세우스|15/100 brn|[from] brn
|upkeep
|turn|35
|
|t:|1609606010
|move|p1a: 아르세우스|Recover|p1a: 아르세우스
|-heal|p1a: 아르세우스|65/100 brn
|move|p2a: Groudon|Precipice Blades|p1a: 아르세우스
|-damage|p1a: 아르세우스|24/100 brn
|
|-weather|DesolateLand|[upkeep]
|-damage|p1a: 아르세우스|18/100 brn|[from] brn
|upkeep
|turn|36
|
|t:|1609606015
|move|p1a: 아르세우스|Recover|p1a: 아르세우스
|-heal|p1a: 아르세우스|68/100 brn
|move|p2a: Groudon|Precipice Blades|p1a: 아르세우스
|-damage|p1a: 아르세우스|26/100 brn
|
|-weather|DesolateLand|[upkeep]
|-damage|p1a: 아르세우스|20/100 brn|[from] brn
|upkeep
|turn|37
|
|t:|1609606023
|move|p1a: 아르세우스|Recover|p1a: 아르세우스
|-heal|p1a: 아르세우스|70/100 brn
|move|p2a: Groudon|Precipice Blades|p1a: 아르세우스
|-damage|p1a: 아르세우스|26/100 brn
|
|-weather|DesolateLand|[upkeep]
|-damage|p1a: 아르세우스|20/100 brn|[from] brn
|upkeep
|turn|38
|
|t:|1609606028
|move|p1a: 아르세우스|Recover|p1a: 아르세우스
|-heal|p1a: 아르세우스|70/100 brn
|move|p2a: Groudon|Precipice Blades|p1a: 아르세우스
|-damage|p1a: 아르세우스|25/100 brn
|
|-weather|DesolateLand|[upkeep]
|-damage|p1a: 아르세우스|19/100 brn|[from] brn
|upkeep
|turn|39
|
|t:|1609606035
|move|p1a: 아르세우스|Recover|p1a: 아르세우스
|-heal|p1a: 아르세우스|69/100 brn
|move|p2a: Groudon|Precipice Blades|p1a: 아르세우스
|-damage|p1a: 아르세우스|25/100 brn
|
|-weather|DesolateLand|[upkeep]
|-damage|p1a: 아르세우스|19/100 brn|[from] brn
|upkeep
|turn|40
|
|t:|1609606040
|move|p1a: 아르세우스|Recover|p1a: 아르세우스
|-heal|p1a: 아르세우스|69/100 brn
|move|p2a: Groudon|Precipice Blades|p1a: 아르세우스
|-damage|p1a: 아르세우스|25/100 brn
|
|-weather|DesolateLand|[upkeep]
|-damage|p1a: 아르세우스|19/100 brn|[from] brn
|upkeep
|turn|41
|
|t:|1609606045
|move|p1a: 아르세우스|Recover|p1a: 아르세우스
|-heal|p1a: 아르세우스|69/100 brn
|move|p2a: Groudon|Precipice Blades|p1a: 아르세우스
|-damage|p1a: 아르세우스|29/100 brn
|
|-weather|DesolateLand|[upkeep]
|-damage|p1a: 아르세우스|23/100 brn|[from] brn
|upkeep
|turn|42
|
|t:|1609606050
|move|p1a: 아르세우스|Recover|p1a: 아르세우스
|-heal|p1a: 아르세우스|73/100 brn
|move|p2a: Groudon|Precipice Blades|p1a: 아르세우스
|-damage|p1a: 아르세우스|27/100 brn
|
|-weather|DesolateLand|[upkeep]
|-damage|p1a: 아르세우스|21/100 brn|[from] brn
|upkeep
|turn|43
|
|t:|1609606055
|move|p1a: 아르세우스|Recover|p1a: 아르세우스
|-heal|p1a: 아르세우스|71/100 brn
|move|p2a: Groudon|Precipice Blades|p1a: 아르세우스
|-damage|p1a: 아르세우스|25/100 brn
|
|-weather|DesolateLand|[upkeep]
|-damage|p1a: 아르세우스|19/100 brn|[from] brn
|upkeep
|turn|44
|
|t:|1609606061
|move|p1a: 아르세우스|Recover|p1a: 아르세우스
|-heal|p1a: 아르세우스|69/100 brn
|move|p2a: Groudon|Bulk Up|p2a: Groudon
|-boost|p2a: Groudon|atk|1
|-boost|p2a: Groudon|def|1
|
|-weather|DesolateLand|[upkeep]
|-damage|p1a: 아르세우스|63/100 brn|[from] brn
|upkeep
|turn|45
|
|t:|1609606071
|move|p1a: 아르세우스|Recover|p1a: 아르세우스
|-heal|p1a: 아르세우스|100/100 brn
|move|p2a: Groudon|Bulk Up|p2a: Groudon
|-boost|p2a: Groudon|atk|1
|-boost|p2a: Groudon|def|1
|
|-weather|DesolateLand|[upkeep]
|-damage|p1a: 아르세우스|94/100 brn|[from] brn
|upkeep
|turn|46
|
|t:|1609606075
|move|p1a: 아르세우스|Judgment|p2a: Groudon
|-resisted|p2a: Groudon
|-damage|p2a: Groudon|16/100
|move|p2a: Groudon|Precipice Blades|p1a: 아르세우스
|-damage|p1a: 아르세우스|12/100 brn
|
|-weather|DesolateLand|[upkeep]
|-damage|p1a: 아르세우스|6/100 brn|[from] brn
|upkeep
|turn|47
|
|t:|1609606081
|move|p1a: 아르세우스|Judgment|p2a: Groudon
|-resisted|p2a: Groudon
|-damage|p2a: Groudon|0 fnt
|faint|p2a: Groudon
|-weather|none
|
|-damage|p1a: 아르세우스|0 fnt|[from] brn
|faint|p1a: 아르세우스
|
|win|YiurBiba
|upkeep
|l|☆kasak
|raw|kasak's rating: 1322 &rarr; <strong>1298</strong><br />(-24 for losing)
|raw|YiurBiba's rating: 1250 &rarr; <strong>1280</strong><br />(+30 for winning)
