|j|☆ImAbroom
|j|☆LegendOfTsih
|t:|1610063478
|player|p1|ImAbroom|red|
|player|p2|LegendOfTsih|silver|
|teamsize|p1|6
|teamsize|p2|6
|gametype|singles
|gen|8
|tier|[Gen 8] National Dex AG
|rated|Tournament battle
|clearpoke
|poke|p1|Necrozma-Dusk-Mane|
|poke|p1|Mewtwo|
|poke|p1|Xerneas|
|poke|p1|Groudon|
|poke|p1|Marshadow|
|poke|p1|Smeargle, F|
|poke|p2|Rayquaza|
|poke|p2|Zacian-Crowned|
|poke|p2|Calyrex-Shadow|
|poke|p2|Deoxys-Speed|
|poke|p2|Groudon|
|poke|p2|Yveltal|
|rule|HP Percentage Mod: HP is shown in percentages
|rule|Endless Battle Clause: Forcing endless battles is banned
|teampreview
|j| imsuckatndexag
|c|☆LegendOfTsih|Gl man
|inactive|Battle timer is ON: inactive players will automatically lose when time's up. (requested by LegendOfTsih)
|j| Jefff 369421
|j| Yandre
|j| GolemGoesBoom
|c| Yandre|Here it comes
|c| Yandre|Get your snacks ready
|
|t:|1610063510
|start
|switch|p1a: The Negotiator|Smeargle, F|100/100
|switch|p2a: Deoxys|Deoxys-Speed|100/100
|-ability|p2a: Deoxys|Pressure
|turn|1
|c|☆LegendOfTsih|At least it won't be as long as an HB game
|j| Marsii
|j| Surdish
|j| malama2
|inactive|LegendOfTsih has 120 seconds left.
|c| malama2|meh
|
|t:|1610063553
|move|p1a: The Negotiator|Magic Coat|p1a: The Negotiator
|-singleturn|p1a: The Negotiator|move: Magic Coat
|move|p2a: Deoxys|Knock Off|p1a: The Negotiator
|-damage|p1a: The Negotiator|47/100
|-enditem|p1a: The Negotiator|Focus Sash|[from] move: Knock Off|[of] p2a: Deoxys
|
|-ability|p1a: The Negotiator|Moody|boost
|-boost|p1a: The Negotiator|spe|2
|-unboost|p1a: The Negotiator|spa|1
|upkeep
|turn|2
|
|t:|1610063564
|move|p1a: The Negotiator|Spore|p2a: Deoxys
|-status|p2a: Deoxys|slp|[from] move: Spore
|cant|p2a: Deoxys|slp
|
|-ability|p1a: The Negotiator|Moody|boost
|-boost|p1a: The Negotiator|spa|2
|-unboost|p1a: The Negotiator|atk|1
|upkeep
|turn|3
|
|t:|1610063568
|switch|p2a: Rayquaza|Rayquaza|100/100
|-ability|p2a: Rayquaza|Air Lock
|move|p1a: The Negotiator|Baton Pass|p1a: The Negotiator
|c| Yandre|Dumb luck
|c| Yandre|Dumb dumb dumb luck
|
|t:|1610063575
|switch|p1a: The Executor|Mewtwo|100/100|[from]move: Baton Pass
|-ability|p1a: The Executor|Pressure
|
|upkeep
|turn|4
|inactive|LegendOfTsih has 120 seconds left.
|c| GolemGoesBoom|its always dumb luck
|c| malama2|rnjesus is by your side today boi
|c| Yandre|It's the finals what do you expect
|c| Yandre|Dumb luck will be presented every play
|
|t:|1610063616
|switch|p2a: Zacian|Zacian-Crowned|100/100
|-ability|p2a: Zacian|Intrepid Sword|boost
|-boost|p2a: Zacian|atk|1
|move|p1a: The Executor|Ice Beam|p2a: Zacian
|-resisted|p2a: Zacian
|-damage|p2a: Zacian|78/100
|
|upkeep
|turn|5
|
|t:|1610063619
|move|p1a: The Executor|Fire Blast|p2a: Zacian
|-supereffective|p2a: Zacian
|-damage|p2a: Zacian|0 fnt
|faint|p2a: Zacian
|
|upkeep
|
|t:|1610063623
|switch|p2a: Yveltal|Yveltal|100/100
|-ability|p2a: Yveltal|Dark Aura
|turn|6
|
|t:|1610063628
|-start|p2a: Yveltal|Dynamax
|-heal|p2a: Yveltal|100/100|[silent]
|move|p1a: The Executor|Ice Beam|p2a: Yveltal
|-supereffective|p2a: Yveltal
|-damage|p2a: Yveltal|54/100
|move|p2a: Yveltal|Max Airstream|p1a: The Executor
|-damage|p1a: The Executor|0 fnt
|-boost|p2a: Yveltal|spe|1
|-damage|p2a: Yveltal|49/100|[from] item: Life Orb
|faint|p1a: The Executor
|
|upkeep
|
|t:|1610063644
|switch|p1a: The Resolute|Necrozma-Dusk-Mane|100/100
|turn|7
|
|t:|1610063647
|switch|p1a: The Negotiator|Smeargle, F|47/100
|move|p2a: Yveltal|Max Darkness|p1a: The Negotiator
|-damage|p1a: The Negotiator|0 fnt
|-damage|p2a: Yveltal|44/100|[from] item: Life Orb
|faint|p1a: The Negotiator
|
|upkeep
|c| Jefff 369421|What luck u talking about
|c| malama2|im surprised that he didnt dynamax for the ice beam
|
|t:|1610063653
|switch|p1a: The Devastator|Marshadow|100/100
|turn|8
|
|t:|1610063659
|move|p2a: Yveltal|Max Airstream|p1a: The Devastator
|-supereffective|p1a: The Devastator
|-crit|p1a: The Devastator
|-enditem|p1a: The Devastator|Focus Sash
|-damage|p1a: The Devastator|1/100
|-boost|p2a: Yveltal|spe|1
|-damage|p2a: Yveltal|39/100|[from] item: Life Orb
|move|p1a: The Devastator|Spectral Thief||[still]
|-clearpositiveboost|p2a: Yveltal|p1a: The Devastator|move: Spectral Thief
|-boost|p1a: The Devastator|spe|2
|-anim|p1a: The Devastator|Spectral Thief|p2a: Yveltal
|-resisted|p2a: Yveltal
|-damage|p2a: Yveltal|28/100
|
|-end|p2a: Yveltal|Dynamax
|-heal|p2a: Yveltal|28/100|[silent]
|upkeep
|turn|9
|c| Yandre|Moody gave spa and speed
|c| GolemGoesBoom|+speed on smeargle
|
|t:|1610063678
|switch|p2a: Deoxys|Deoxys-Speed|100/100 slp
|-ability|p2a: Deoxys|Pressure
|move|p1a: The Devastator|Close Combat|p2a: Deoxys
|-resisted|p2a: Deoxys
|-damage|p2a: Deoxys|64/100 slp
|-unboost|p1a: The Devastator|def|1
|-unboost|p1a: The Devastator|spd|1
|
|upkeep
|turn|10
|
|t:|1610063684
|move|p1a: The Devastator|Spectral Thief|p2a: Deoxys
|-supereffective|p2a: Deoxys
|-damage|p2a: Deoxys|0 fnt
|faint|p2a: Deoxys
|
|upkeep
|c| Jefff 369421|oh
|n| GlalieGoesBoom|golemgoesboom
|
|t:|1610063706
|switch|p2a: Rayquaza|Rayquaza|100/100
|-ability|p2a: Rayquaza|Air Lock
|turn|11
|c|☆LegendOfTsih|Here's the game plan
|
|t:|1610063724
|detailschange|p2a: Rayquaza|Rayquaza-Mega
|-mega|p2a: Rayquaza|Rayquaza|
|-weather|DeltaStream|[from] ability: Delta Stream|[of] p2a: Rayquaza
|move|p1a: The Devastator|Endeavor|p2a: Rayquaza
|-damage|p2a: Rayquaza|1/100
|move|p2a: Rayquaza|Dragon Ascent|p1a: The Devastator
|-supereffective|p1a: The Devastator
|-damage|p1a: The Devastator|0 fnt
|-unboost|p2a: Rayquaza|def|1
|-unboost|p2a: Rayquaza|spd|1
|-damage|p2a: Rayquaza|0 fnt|[from] item: Life Orb
|faint|p1a: The Devastator
|faint|p2a: Rayquaza
|-weather|none
|
|upkeep
|
|t:|1610063743
|switch|p1a: The Endurance|Xerneas|100/100
|switch|p2a: Yveltal|Yveltal|28/100
|-ability|p2a: Yveltal|Dark Aura
|-ability|p1a: The Endurance|Fairy Aura
|turn|12
|
|t:|1610063745
|move|p2a: Yveltal|Taunt|p1a: The Endurance
|-start|p1a: The Endurance|move: Taunt
|cant|p1a: The Endurance|move: Taunt|Geomancy
|
|upkeep
|turn|13
|
|t:|1610063752
|-start|p1a: The Endurance|Dynamax
|-heal|p1a: The Endurance|100/100|[silent]
|move|p2a: Yveltal|Oblivion Wing|p1a: The Endurance
|-damage|p1a: The Endurance|74/100
|-heal|p2a: Yveltal|71/100|[from] drain|[of] p1a: The Endurance
|-damage|p2a: Yveltal|61/100|[from] item: Life Orb
|move|p1a: The Endurance|Max Starfall|p2a: Yveltal
|-supereffective|p2a: Yveltal
|-damage|p2a: Yveltal|0 fnt
|-fieldstart|move: Misty Terrain
|faint|p2a: Yveltal
|
|upkeep
|c| malama2|again
|
|t:|1610063762
|switch|p2a: Groudon|Groudon|100/100
|detailschange|p2a: Groudon|Groudon-Primal
|-primal|p2a: Groudon
|-weather|DesolateLand|[from] ability: Desolate Land|[of] p2a: Groudon
|turn|14
|c| malama2|i dont understand
|
|t:|1610063769
|move|p1a: The Endurance|Max Starfall|p2a: Groudon
|-resisted|p2a: Groudon
|-damage|p2a: Groudon|46/100
|move|p2a: Groudon|Rock Polish|p2a: Groudon
|-boost|p2a: Groudon|spe|2
|
|-weather|DesolateLand|[upkeep]
|-end|p1a: The Endurance|move: Taunt
|upkeep
|turn|15
|
|t:|1610063775
|move|p1a: The Endurance|Max Guard|p1a: The Endurance
|-singleturn|p1a: The Endurance|Max Guard
|move|p2a: Groudon|Precipice Blades|p1a: The Endurance
|-activate|p1a: The Endurance|move: Max Guard
|
|-weather|DesolateLand|[upkeep]
|-end|p1a: The Endurance|Dynamax
|-heal|p1a: The Endurance|74/100|[silent]
|upkeep
|turn|16
|c| malama2|why not dynamax on mewtwo
|c| Yandre|What do you not understand
|
|t:|1610063780
|move|p2a: Groudon|Precipice Blades|p1a: The Endurance
|-damage|p1a: The Endurance|0 fnt
|faint|p1a: The Endurance
|
|-weather|DesolateLand|[upkeep]
|upkeep
|c| GlalieGoesBoom|mewtwo is mega
|c|☆ImAbroom|What the fuck was that
|c| Yandre|Mewtwo is mega and Tsih has 4 checks
|inactive|ImAbroom has 120 seconds left.
|c| GlalieGoesBoom|....
|c|☆ImAbroom|How did it do 70%
|c|☆LegendOfTsih|Dont be dd ultra necrozma
|c|☆LegendOfTsih|Because this pdon is a beast
|c| Yandre|That was a 74
|c| GlalieGoesBoom|max atk
|
|t:|1610063827
|switch|p1a: The Defender|Groudon, shiny|100/100
|detailschange|p1a: The Defender|Groudon-Primal, shiny
|-primal|p1a: The Defender
|turn|17
|j| ThePowerfulEntity
|
|t:|1610063830
|move|p2a: Groudon|Precipice Blades|p1a: The Defender
|-supereffective|p1a: The Defender
|-damage|p1a: The Defender|0 fnt
|faint|p1a: The Defender
|
|-weather|DesolateLand|[upkeep]
|-fieldend|Misty Terrain
|upkeep
|
|t:|1610063836
|switch|p1a: The Resolute|Necrozma-Dusk-Mane|100/100
|turn|18
|c| GlalieGoesBoom|why did u max guard
|c| Yandre|pdon has 180 attack bro
|inactive|ImAbroom has 120 seconds left.
|c|☆LegendOfTsih|504 base attack
|c| ThePowerfulEntity|oof
|c| ThePowerfulEntity|then that's a butt-ton of attack
|c| malama2|yeha i have no idea bout that either
|c| malama2|it's a gg probs
|c|☆LegendOfTsih|nah
|c|☆ImAbroom|So
|c| ThePowerfulEntity|imagine if groudon also used swords dance
|c|☆LegendOfTsih|Broom can pull it back
|c| Yandre|Tsih is that guy who dominated the best of the bests with this dumb Pdon
|inactive|ImAbroom has 90 seconds left.
|c|☆ImAbroom|It still can do less
|j| Horsey is cute
|
|t:|1610063882
|move|p2a: Groudon|Precipice Blades|p1a: The Resolute
|-supereffective|p1a: The Resolute
|-damage|p1a: The Resolute|0 fnt
|faint|p1a: The Resolute
|
|win|LegendOfTsih
|n|☆ImAbroom|imabroom
|n|☆LegendOfTsih|legendoftsih
|n| imsuckatndexag|imsuckatndexag
|n| Jefff 369421|jefff369421
|n| Yandre|yandre
|n| Marsii|marsii
|n| Surdish|surdish
|n| malama2|malama2
|n| GlalieGoesBoom|glaliegoesboom
|n| ThePowerfulEntity|thepowerfulentity
|n| Horsey is cute|horseyiscute
|c| Yandre|He has pulled off millions of comebacks with this Pdon
|c| GlalieGoesBoom|oof
|c| Yandre|Ggs
|c|☆LegendOfTsih|gg man
|c| ThePowerfulEntity|oof
|c|☆ImAbroom|Hit everytime
|c|☆ImAbroom|Great
|c| ThePowerfulEntity|that pdon OP
|c| ThePowerfulEntity|precipice always hits
|l|☆ImAbroom
|c| Yandre|Op
|l| malama2
|c| ThePowerfulEntity|wdym
|c| Yandre|Broom played insanely well
|c| GlalieGoesBoom|its 85 percent accurate
|c| Yandre|Just not enough
|c|☆LegendOfTsih|he did get the speed tie
|l| Surdish
|c|☆LegendOfTsih|in the beginning
|c|☆LegendOfTsih|Not speed tie, speed boost
|c|☆LegendOfTsih|when I predicted the magic coat
|c| Yandre|Welp
|c| GlalieGoesBoom|welp
|j| rainbowarcenciel
|c| GlalieGoesBoom|now i have to try that groudon
|c| Yandre|Lmfao
|l| GlalieGoesBoom
|c| Yandre|Rock Polish, Precipe, Overheat
|c| Yandre|And something
|c| Yandre|P sure
|c|☆LegendOfTsih|I can give you the spread
|c| Yandre|Or fire punch
|j| AV Cosmoem
|c|☆LegendOfTsih|SD instead of overheat
|c| Yandre|SD?
|c| Yandre|Jesus christ
|c| Yandre|But it's 4x to surf
|c| Horsey is cute|Double dance stone edge p blades is a goated set
|c|☆LegendOfTsih|he would have lost still if I missed the last p blades
|c|☆LegendOfTsih|If he killed this I'd go calyrex and kill him
|l| AV Cosmoem
|c|☆LegendOfTsih|If he autonomized I outsped if adamant and had another chance to hit
|l| imsuckatndexag
|c| Horsey is cute|Does eq over blades fuck any calcs over?
|c| Yandre|Ogre
|c| Yandre|It can't ohko ogres
|c| Yandre|Ogres would come out predicitng overheat or that one 150 base move
|l| rainbowarcenciel
|l| Yandre
