|j|☆Enjoy enjoy
|j|☆Retailisnotfunbro
|player|p1|Enjoy enjoy|cilan|1280
|player|p2|Retailisnotfunbro|nate|1248
|teamsize|p1|6
|teamsize|p2|6
|gametype|singles
|gen|8
|tier|[Gen 8] National Dex AG
|rated|
|clearpoke
|poke|p1|Deoxys-Speed|
|poke|p1|Rayquaza|
|poke|p1|Rayquaza|
|poke|p1|Necrozma-Dusk-Mane|
|poke|p1|Darkrai|
|poke|p1|Marshadow|
|poke|p2|Raikou|
|poke|p2|Venusaur, F|
|poke|p2|Entei|
|poke|p2|Mew|
|poke|p2|Dragonite, M|
|poke|p2|Suicune|
|rule|HP Percentage Mod: HP is shown in percentages
|rule|Endless Battle Clause: Forcing endless battles is banned
|teampreview
|inactive|Battle timer is ON: inactive players will automatically lose when time's up. (requested by Enjoy enjoy)
|
|start
|switch|p1a: Deoxys|Deoxys-Speed|100/100
|switch|p2a: Venusaur|Venusaur, F|100/100
|-ability|p1a: Deoxys|Pressure
|turn|1
|
|detailschange|p2a: Venusaur|Venusaur-Mega, F
|-mega|p2a: Venusaur|Venusaur|Venusaurite
|move|p1a: Deoxys|Stealth Rock|p2a: Venusaur
|-sidestart|p2: Retailisnotfunbro|move: Stealth Rock
|move|p2a: Venusaur|Toxic|p1a: Deoxys
|-status|p1a: Deoxys|tox
|
|-damage|p1a: Deoxys|94/100 tox|[from] psn
|upkeep
|turn|2
|
|move|p1a: Deoxys|Psycho Boost|p2a: Venusaur
|-supereffective|p2a: Venusaur
|-damage|p2a: Venusaur|13/100
|-unboost|p1a: Deoxys|spa|2
|move|p2a: Venusaur|Leech Seed|p1a: Deoxys
|-start|p1a: Deoxys|move: Leech Seed
|
|-damage|p1a: Deoxys|82/100 tox|[from] Leech Seed|[of] p2a: Venusaur
|-heal|p2a: Venusaur|21/100|[silent]
|-damage|p1a: Deoxys|70/100 tox|[from] psn
|upkeep
|turn|3
|
|move|p2a: Venusaur|Protect|p2a: Venusaur
|-singleturn|p2a: Venusaur|Protect
|move|p1a: Deoxys|Psycho Boost|p2a: Venusaur
|-activate|p2a: Venusaur|move: Protect
|
|-damage|p1a: Deoxys|57/100 tox|[from] Leech Seed|[of] p2a: Venusaur
|-heal|p2a: Venusaur|30/100|[silent]
|-damage|p1a: Deoxys|39/100 tox|[from] psn
|upkeep
|turn|4
|
|move|p1a: Deoxys|Psycho Boost|p2a: Venusaur
|-supereffective|p2a: Venusaur
|-damage|p2a: Venusaur|0 fnt
|-unboost|p1a: Deoxys|spa|2
|faint|p2a: Venusaur
|
|-damage|p1a: Deoxys|14/100 tox|[from] psn
|upkeep
|
|switch|p2a: Dragonite|Dragonite, M|100/100
|-damage|p2a: Dragonite|76/100|[from] Stealth Rock
|turn|5
|
|move|p2a: Dragonite|Extreme Speed|p1a: Deoxys
|-damage|p1a: Deoxys|0 fnt
|faint|p1a: Deoxys
|
|-heal|p2a: Dragonite|82/100|[from] item: Leftovers
|upkeep
|
|switch|p1a: Rayquaza|Rayquaza|100/100
|-ability|p1a: Rayquaza|Air Lock
|turn|6
|
|detailschange|p1a: Rayquaza|Rayquaza-Mega
|-mega|p1a: Rayquaza|Rayquaza|
|-weather|DeltaStream|[from] ability: Delta Stream|[of] p1a: Rayquaza
|-start|p2a: Dragonite|Dynamax
|-heal|p2a: Dragonite|82/100|[silent]
|move|p1a: Rayquaza|Dragon Ascent|p2a: Dragonite
|-damage|p2a: Dragonite|21/100
|-unboost|p1a: Rayquaza|def|1
|-unboost|p1a: Rayquaza|spd|1
|move|p2a: Dragonite|Max Wyrmwind|p1a: Rayquaza
|-supereffective|p1a: Rayquaza
|-damage|p1a: Rayquaza|0 fnt
|faint|p1a: Rayquaza
|-weather|none
|
|-heal|p2a: Dragonite|24/100|[from] item: Leftovers
|upkeep
|
|switch|p1a: Darkrai|Darkrai|100/100
|turn|7
|
|move|p1a: Darkrai|Ice Beam|p2a: Dragonite
|-supereffective|p2a: Dragonite
|-damage|p2a: Dragonite|0 fnt
|faint|p2a: Dragonite
|
|upkeep
|
|switch|p2a: Raikou|Raikou, shiny|100/100
|-damage|p2a: Raikou|88/100|[from] Stealth Rock
|-ability|p2a: Raikou|Pressure
|turn|8
|
|move|p1a: Darkrai|Nasty Plot|p1a: Darkrai
|-boost|p1a: Darkrai|spa|2
|move|p2a: Raikou|Shadow Ball|p1a: Darkrai
|-resisted|p1a: Darkrai
|-damage|p1a: Darkrai|84/100
|
|upkeep
|turn|9
|
|move|p1a: Darkrai|Dark Pulse|p2a: Raikou
|-damage|p2a: Raikou|0 fnt
|faint|p2a: Raikou
|
|upkeep
|
|switch|p2a: Entei|Entei, shiny|100/100
|-damage|p2a: Entei|76/100|[from] Stealth Rock
|-ability|p2a: Entei|Pressure
|turn|10
|
|-start|p1a: Darkrai|Dynamax
|-heal|p1a: Darkrai|84/100|[silent]
|move|p1a: Darkrai|Max Darkness|p2a: Entei
|-damage|p2a: Entei|0 fnt
|faint|p2a: Entei
|
|upkeep
|-message|Retailisnotfunbro forfeited.
|
|win|Enjoy enjoy
|l|☆Retailisnotfunbro
|l|☆Enjoy enjoy
|raw|Enjoy enjoy's rating: 1315 &rarr; <strong>1331</strong><br />(+16 for winning)
|raw|Retailisnotfunbro's rating: 1248 &rarr; <strong>1228</strong><br />(-20 for losing)
|j|☆Retailisnotfunbro
|player|p2|Retailisnotfunbro|nate
|l|☆Retailisnotfunbro
|player|p2|
|j|☆Retailisnotfunbro
|player|p2|Retailisnotfunbro|nate
|l|☆Retailisnotfunbro
|player|p2|
|j|☆Retailisnotfunbro
|player|p2|Retailisnotfunbro|nate
