|j|☆Jasper3671
|j|☆Adnan13
|t:|1639804516
|gametype|singles
|player|p1|Jasper3671|youngster-gen4dp|1671
|player|p2|Adnan13|266|1994
|teamsize|p1|6
|teamsize|p2|6
|gen|8
|tier|[Gen 8] National Dex AG
|rated|
|rule|HP Percentage Mod: HP is shown in percentages
|rule|Endless Battle Clause: Forcing endless battles is banned
|clearpoke
|poke|p1|Deoxys-Speed|
|poke|p1|Scolipede, F|
|poke|p1|Smeargle, M|
|poke|p1|Clefable, M|
|poke|p1|Eevee, F|
|poke|p1|Urshifu-*, M|
|poke|p2|Calyrex-Shadow|
|poke|p2|Groudon|
|poke|p2|Yveltal|
|poke|p2|Ho-Oh|
|poke|p2|Rayquaza|
|poke|p2|Arceus-*|
|teampreview
|
|t:|1639804525
|start
|switch|p1a: Deoxys|Deoxys-Speed|100/100
|switch|p2a: Rayquaza|Rayquaza|100/100
|-ability|p1a: Deoxys|Pressure
|-ability|p2a: Rayquaza|Air Lock
|turn|1
|inactive|Battle timer is ON: inactive players will automatically lose when time's up. (requested by Jasper3671)
|
|t:|1639804532
|detailschange|p2a: Rayquaza|Rayquaza-Mega
|-mega|p2a: Rayquaza|Rayquaza|
|-weather|DeltaStream|[from] ability: Delta Stream|[of] p2a: Rayquaza
|move|p1a: Deoxys|Thunder Wave|p2a: Rayquaza
|-status|p2a: Rayquaza|par
|move|p2a: Rayquaza|Dragon Ascent|p1a: Deoxys
|-enditem|p1a: Deoxys|Focus Sash
|-damage|p1a: Deoxys|1/100
|-unboost|p2a: Rayquaza|def|1
|-unboost|p2a: Rayquaza|spd|1
|
|-weather|DeltaStream|[upkeep]
|upkeep
|turn|2
|
|t:|1639804540
|move|p2a: Rayquaza|Extreme Speed|p1a: Deoxys
|-damage|p1a: Deoxys|0 fnt
|faint|p1a: Deoxys
|
|-weather|DeltaStream|[upkeep]
|upkeep
|
|t:|1639804545
|switch|p1a: Scolipede|Scolipede, F|100/100
|turn|3
|
|t:|1639804551
|move|p1a: Scolipede|Protect|p1a: Scolipede
|-singleturn|p1a: Scolipede|Protect
|move|p2a: Rayquaza|Dragon Dance|p2a: Rayquaza
|-boost|p2a: Rayquaza|atk|1
|-boost|p2a: Rayquaza|spe|1
|
|-weather|DeltaStream|[upkeep]
|-ability|p1a: Scolipede|Speed Boost|boost
|-boost|p1a: Scolipede|spe|1
|upkeep
|turn|4
|
|t:|1639804559
|move|p1a: Scolipede|Substitute|p1a: Scolipede
|-start|p1a: Scolipede|Substitute
|-damage|p1a: Scolipede|76/100
|move|p2a: Rayquaza|Dragon Ascent|p1a: Scolipede
|-supereffective|p1a: Scolipede
|-end|p1a: Scolipede|Substitute
|-unboost|p2a: Rayquaza|def|1
|-unboost|p2a: Rayquaza|spd|1
|
|-weather|DeltaStream|[upkeep]
|-heal|p1a: Scolipede|82/100|[from] item: Black Sludge
|-ability|p1a: Scolipede|Speed Boost|boost
|-boost|p1a: Scolipede|spe|1
|upkeep
|turn|5
|
|t:|1639804570
|move|p1a: Scolipede|Substitute|p1a: Scolipede
|-start|p1a: Scolipede|Substitute
|-damage|p1a: Scolipede|57/100
|cant|p2a: Rayquaza|par
|
|-weather|DeltaStream|[upkeep]
|-heal|p1a: Scolipede|63/100|[from] item: Black Sludge
|-ability|p1a: Scolipede|Speed Boost|boost
|-boost|p1a: Scolipede|spe|1
|upkeep
|turn|6
|
|t:|1639804575
|move|p1a: Scolipede|Iron Defense|p1a: Scolipede
|-boost|p1a: Scolipede|def|2
|move|p2a: Rayquaza|Dragon Ascent|p1a: Scolipede
|-supereffective|p1a: Scolipede
|-end|p1a: Scolipede|Substitute
|-unboost|p2a: Rayquaza|def|1
|-unboost|p2a: Rayquaza|spd|1
|
|-weather|DeltaStream|[upkeep]
|-heal|p1a: Scolipede|70/100|[from] item: Black Sludge
|-ability|p1a: Scolipede|Speed Boost|boost
|-boost|p1a: Scolipede|spe|1
|upkeep
|turn|7
|
|t:|1639804585
|move|p2a: Rayquaza|Extreme Speed|p1a: Scolipede
|-damage|p1a: Scolipede|37/100
|move|p1a: Scolipede|Substitute|p1a: Scolipede
|-start|p1a: Scolipede|Substitute
|-damage|p1a: Scolipede|12/100
|
|-weather|DeltaStream|[upkeep]
|-heal|p1a: Scolipede|18/100|[from] item: Black Sludge
|-ability|p1a: Scolipede|Speed Boost|boost
|-boost|p1a: Scolipede|spe|1
|upkeep
|turn|8
|
|t:|1639804593
|move|p1a: Scolipede|Iron Defense|p1a: Scolipede
|-boost|p1a: Scolipede|def|2
|move|p2a: Rayquaza|Dragon Ascent|p1a: Scolipede
|-supereffective|p1a: Scolipede
|-crit|p1a: Scolipede
|-end|p1a: Scolipede|Substitute
|-unboost|p2a: Rayquaza|def|1
|-unboost|p2a: Rayquaza|spd|1
|
|-weather|DeltaStream|[upkeep]
|-heal|p1a: Scolipede|24/100|[from] item: Black Sludge
|-ability|p1a: Scolipede|Speed Boost|boost
|-boost|p1a: Scolipede|spe|1
|upkeep
|turn|9
|
|t:|1639804604
|move|p1a: Scolipede|Protect|p1a: Scolipede
|-singleturn|p1a: Scolipede|Protect
|move|p2a: Rayquaza|Extreme Speed|p1a: Scolipede
|-activate|p1a: Scolipede|move: Protect
|
|-weather|DeltaStream|[upkeep]
|-heal|p1a: Scolipede|31/100|[from] item: Black Sludge
|upkeep
|turn|10
|
|t:|1639804613
|move|p1a: Scolipede|Baton Pass|p1a: Scolipede
|
|t:|1639804618
|switch|p1a: Clefable|Clefable, M|100/100|[from]move: Baton Pass
|move|p2a: Rayquaza|Dragon Dance|p2a: Rayquaza
|-boost|p2a: Rayquaza|atk|1
|-boost|p2a: Rayquaza|spe|1
|
|-weather|DeltaStream|[upkeep]
|upkeep
|turn|11
|
|t:|1639804625
|move|p1a: Clefable|Minimize|p1a: Clefable
|-boost|p1a: Clefable|evasion|2
|move|p2a: Rayquaza|Dragon Ascent|p1a: Clefable|[miss]
|-miss|p2a: Rayquaza|p1a: Clefable
|
|-weather|DeltaStream|[upkeep]
|upkeep
|turn|12
|
|t:|1639804633
|-weather|none
|switch|p2a: Ho-Oh|Ho-Oh|100/100
|move|p1a: Clefable|Baton Pass|p1a: Clefable
|
|t:|1639804637
|switch|p1a: Smeargle|Smeargle, M|100/100|[from]move: Baton Pass
|
|-ability|p1a: Smeargle|Moody|boost
|-boost|p1a: Smeargle|def|2
|-unboost|p1a: Smeargle|spd|1
|upkeep
|turn|13
|
|t:|1639804644
|switch|p2a: Rayquaza|Rayquaza-Mega|100/100 par
|-weather|DeltaStream|[from] ability: Delta Stream|[of] p2a: Rayquaza
|move|p1a: Smeargle|Ingrain|p1a: Smeargle
|-start|p1a: Smeargle|move: Ingrain
|
|-weather|DeltaStream|[upkeep]
|-ability|p1a: Smeargle|Moody|boost
|-boost|p1a: Smeargle|spa|2
|-unboost|p1a: Smeargle|spd|1
|upkeep
|turn|14
|
|t:|1639804653
|move|p1a: Smeargle|Baton Pass|p1a: Smeargle
|
|t:|1639804654
|switch|p1a: Clefable|Clefable, M|100/100|[from]move: Baton Pass
|move|p2a: Rayquaza|Dragon Ascent|p1a: Clefable|[miss]
|-miss|p2a: Rayquaza|p1a: Clefable
|
|-weather|DeltaStream|[upkeep]
|upkeep
|turn|15
|
|t:|1639804669
|move|p1a: Clefable|Substitute|p1a: Clefable
|-start|p1a: Clefable|Substitute
|-damage|p1a: Clefable|76/100
|move|p2a: Rayquaza|Dragon Ascent|p1a: Clefable
|-activate|p1a: Clefable|move: Substitute|[damage]
|-unboost|p2a: Rayquaza|def|1
|-unboost|p2a: Rayquaza|spd|1
|
|-weather|DeltaStream|[upkeep]
|-heal|p1a: Clefable|82/100|[from] item: Leftovers
|-heal|p1a: Clefable|88/100|[from] Ingrain
|upkeep
|turn|16
|
|t:|1639804679
|cant|p2a: Rayquaza|par
|move|p1a: Clefable|Minimize|p1a: Clefable
|-boost|p1a: Clefable|evasion|2
|
|-weather|DeltaStream|[upkeep]
|-heal|p1a: Clefable|94/100|[from] item: Leftovers
|-heal|p1a: Clefable|99/100|[from] Ingrain
|upkeep
|turn|17
|
|t:|1639804687
|move|p2a: Rayquaza|Extreme Speed|p1a: Clefable
|-end|p1a: Clefable|Substitute
|move|p1a: Clefable|Minimize|p1a: Clefable
|-boost|p1a: Clefable|evasion|2
|
|-weather|DeltaStream|[upkeep]
|-heal|p1a: Clefable|100/100|[from] item: Leftovers
|upkeep
|turn|18
|inactive|Adnan13 has 120 seconds left.
|
|t:|1639804727
|-weather|none
|switch|p2a: Calyrex|Calyrex-Shadow|100/100
|-ability|p2a: Calyrex|As One
|-ability|p2a: Calyrex|Unnerve
|move|p1a: Clefable|Substitute|p1a: Clefable
|-start|p1a: Clefable|Substitute
|-damage|p1a: Clefable|76/100
|
|-heal|p1a: Clefable|82/100|[from] item: Leftovers
|-heal|p1a: Clefable|88/100|[from] Ingrain
|upkeep
|turn|19
|inactive|Adnan13 has 120 seconds left.
|
|t:|1639804738
|move|p1a: Clefable|Amnesia|p1a: Clefable
|-boost|p1a: Clefable|spd|2
|move|p2a: Calyrex|Nasty Plot|p2a: Calyrex
|-boost|p2a: Calyrex|spa|2
|
|-heal|p1a: Clefable|94/100|[from] item: Leftovers
|-heal|p1a: Clefable|99/100|[from] Ingrain
|upkeep
|turn|20
|
|t:|1639804743
|move|p1a: Clefable|Amnesia|p1a: Clefable
|-boost|p1a: Clefable|spd|2
|move|p2a: Calyrex|Nasty Plot|p2a: Calyrex
|-boost|p2a: Calyrex|spa|2
|
|-heal|p1a: Clefable|100/100|[from] item: Leftovers
|upkeep
|turn|21
|
|t:|1639804750
|move|p1a: Clefable|Amnesia|p1a: Clefable
|-boost|p1a: Clefable|spd|2
|move|p2a: Calyrex|Nasty Plot|p2a: Calyrex
|-boost|p2a: Calyrex|spa|2
|
|upkeep
|turn|22
|
|t:|1639804756
|move|p1a: Clefable|Amnesia|p1a: Clefable
|-boost|p1a: Clefable|spd|2
|move|p2a: Calyrex|Baton Pass|p2a: Calyrex
|
|t:|1639804786
|switch|p2a: Yveltal|Yveltal|100/100|[from]move: Baton Pass
|-ability|p2a: Yveltal|Dark Aura
|
|upkeep
|turn|23
|
|t:|1639804791
|move|p1a: Clefable|Baton Pass|p1a: Clefable
|
|t:|1639804793
|switch|p1a: Smeargle|Smeargle, M|100/100|[from]move: Baton Pass
|move|p2a: Yveltal|Oblivion Wing|p1a: Smeargle|[miss]
|-miss|p2a: Yveltal|p1a: Smeargle
|
|-ability|p1a: Smeargle|Moody|boost
|-boost|p1a: Smeargle|atk|2
|-unboost|p1a: Smeargle|def|1
|upkeep
|turn|24
|
|t:|1639804800
|move|p1a: Smeargle|Spectral Thief||[still]
|-clearpositiveboost|p2a: Yveltal|p1a: Smeargle|move: Spectral Thief
|-boost|p1a: Smeargle|spa|4
|-anim|p1a: Smeargle|Spectral Thief|p2a: Yveltal
|-resisted|p2a: Yveltal
|-damage|p2a: Yveltal|95/100
|move|p2a: Yveltal|Oblivion Wing|p1a: Smeargle|[miss]
|-miss|p2a: Yveltal|p1a: Smeargle
|
|-ability|p1a: Smeargle|Moody|boost
|-boost|p1a: Smeargle|atk|2
|-unboost|p1a: Smeargle|def|1
|upkeep
|turn|25
|-message|Adnan13 forfeited.
|
|win|Jasper3671
|raw|Jasper3671's rating: 1671 &rarr; <strong>1706</strong><br />(+35 for winning)
|raw|Adnan13's rating: 1994 &rarr; <strong>1959</strong><br />(-35 for losing)
|c|☆Jasper3671|aint no way
|c|☆Jasper3671|you were nearly 2000
|c|☆Adnan13|ugh losing to garbage like you
|c|☆Jasper3671|and I won
|l|☆Adnan13
|c|☆Jasper3671|hahahha
