|j|☆Starfat
|j|☆shisky
|t:|1661414212
|gametype|singles
|player|p1|Starfat|kimonogirl|1522
|player|p2|shisky|169|1460
|teamsize|p1|6
|teamsize|p2|6
|gen|8
|tier|[Gen 8] National Dex AG
|rated|
|rule|HP Percentage Mod: HP is shown in percentages
|rule|Endless Battle Clause: Forcing endless battles is banned
|clearpoke
|poke|p1|Calyrex-Shadow|
|poke|p1|Zacian-*|
|poke|p1|Ditto|
|poke|p1|Smeargle, F|
|poke|p1|Yveltal|
|poke|p1|Chansey, F|
|poke|p2|Arceus-*|
|poke|p2|Arceus-*|
|poke|p2|Arceus-*|
|poke|p2|Rayquaza|
|poke|p2|Ditto|
|poke|p2|Arceus-*|
|teampreview
|inactive|Battle timer is ON: inactive players will automatically lose when time's up. (requested by shisky)
|
|t:|1661414221
|start
|switch|p1a: Smeargle|Smeargle, F|100/100
|switch|p2a: Arceus|Arceus-Electric|100/100
|turn|1
|
|t:|1661414229
|switch|p2a: Arceus|Arceus-Grass|100/100
|move|p1a: Smeargle|Spore|p2a: Arceus
|-immune|p2a: Arceus
|
|-ability|p1a: Smeargle|Moody|boost
|-boost|p1a: Smeargle|spa|2
|-unboost|p1a: Smeargle|def|1
|upkeep
|turn|2
|
|t:|1661414241
|move|p1a: Smeargle|Protect|p1a: Smeargle
|-singleturn|p1a: Smeargle|Protect
|move|p2a: Arceus|Swords Dance|p2a: Arceus
|-boost|p2a: Arceus|atk|2
|
|-ability|p1a: Smeargle|Moody|boost
|-boost|p1a: Smeargle|atk|2
|-unboost|p1a: Smeargle|spe|1
|upkeep
|turn|3
|
|t:|1661414250
|move|p2a: Arceus|Bullet Seed|p1a: Smeargle
|-enditem|p1a: Smeargle|Focus Sash
|-damage|p1a: Smeargle|1/100
|-damage|p1a: Smeargle|0 fnt
|faint|p1a: Smeargle
|-hitcount|p1: Smeargle|2
|
|upkeep
|
|t:|1661414253
|switch|p1a: Ditto|Ditto|100/100
|-transform|p1a: Ditto|p2a: Arceus|[from] ability: Imposter
|turn|4
|
|t:|1661414268
|-start|p2a: Arceus|Dynamax|
|-heal|p2a: Arceus|100/100|[silent]
|move|p1a: Ditto|Bullet Seed|p2a: Arceus
|-resisted|p2a: Arceus
|-damage|p2a: Arceus|96/100
|-resisted|p2a: Arceus
|-damage|p2a: Arceus|91/100
|-resisted|p2a: Arceus
|-damage|p2a: Arceus|86/100
|-resisted|p2a: Arceus
|-damage|p2a: Arceus|81/100
|-hitcount|p2a: Arceus|4
|move|p2a: Arceus|Max Rockfall|p1a: Ditto
|-damage|p1a: Ditto|17/100
|-weather|Sandstorm
|
|-weather|Sandstorm|[upkeep]
|-damage|p1a: Ditto|11/100|[from] Sandstorm
|-damage|p2a: Arceus|78/100|[from] Sandstorm
|upkeep
|turn|5
|
|t:|1661414287
|switch|p1a: Yveltal|Yveltal|100/100
|-ability|p1a: Yveltal|Dark Aura
|move|p2a: Arceus|Max Overgrowth|p1a: Yveltal
|-resisted|p1a: Yveltal
|-damage|p1a: Yveltal|23/100
|-fieldstart|move: Grassy Terrain
|
|-weather|Sandstorm|[upkeep]
|-damage|p2a: Arceus|75/100|[from] Sandstorm
|-damage|p1a: Yveltal|17/100|[from] Sandstorm
|-heal|p2a: Arceus|78/100|[from] Grassy Terrain
|upkeep
|turn|6
|
|t:|1661414301
|switch|p1a: Chansey|Chansey, F|100/100
|move|p2a: Arceus|Max Rockfall|p1a: Chansey
|-damage|p1a: Chansey|29/100
|
|-weather|Sandstorm|[upkeep]
|-damage|p2a: Arceus|75/100|[from] Sandstorm
|-damage|p1a: Chansey|23/100|[from] Sandstorm
|-heal|p2a: Arceus|78/100|[from] Grassy Terrain
|-heal|p1a: Chansey|29/100|[from] Grassy Terrain
|upkeep
|-end|p2a: Arceus|Dynamax
|-heal|p2a: Arceus|78/100|[silent]
|turn|7
|
|t:|1661414316
|move|p2a: Arceus|Bullet Seed|p1a: Chansey
|-damage|p1a: Chansey|0 fnt
|faint|p1a: Chansey
|-hitcount|p1: Chansey|1
|
|-weather|Sandstorm|[upkeep]
|-damage|p2a: Arceus|72/100|[from] Sandstorm
|-heal|p2a: Arceus|78/100|[from] Grassy Terrain
|upkeep
|
|t:|1661414318
|switch|p1a: Ditto|Ditto|11/100
|-transform|p1a: Ditto|p2a: Arceus|[from] ability: Imposter
|turn|8
|
|t:|1661414328
|move|p1a: Ditto|Bullet Seed|p2a: Arceus
|-resisted|p2a: Arceus
|-damage|p2a: Arceus|65/100
|-resisted|p2a: Arceus
|-damage|p2a: Arceus|53/100
|-hitcount|p2a: Arceus|2
|move|p2a: Arceus|Bullet Seed|p1a: Ditto
|-resisted|p1a: Ditto
|-damage|p1a: Ditto|0 fnt
|faint|p1a: Ditto
|-hitcount|p1: Ditto|1
|
|-weather|none
|-heal|p2a: Arceus|59/100|[from] Grassy Terrain
|upkeep
|
|t:|1661414336
|switch|p1a: Calyrex|Calyrex-Shadow|100/100
|-ability|p1a: Calyrex|As One
|-ability|p1a: Calyrex|Unnerve
|turn|9
|
|t:|1661414346
|move|p1a: Calyrex|Astral Barrage|p2a: Arceus
|-damage|p2a: Arceus|5/100
|move|p2a: Arceus|Bullet Seed|p1a: Calyrex
|-damage|p1a: Calyrex|50/100
|-damage|p1a: Calyrex|0 fnt
|faint|p1a: Calyrex
|-hitcount|p1: Calyrex|2
|
|-heal|p2a: Arceus|11/100|[from] Grassy Terrain
|-fieldend|move: Grassy Terrain
|upkeep
|-message|Starfat forfeited.
|
|win|shisky
|raw|Starfat's rating: 1522 &rarr; <strong>1498</strong><br />(-24 for losing)
|raw|shisky's rating: 1460 &rarr; <strong>1484</strong><br />(+24 for winning)
|l|☆Starfat
