|j|☆Lord Rekkuza
|j|☆Ash Red Legend
|t:|1662900187
|gametype|singles
|player|p1|Lord Rekkuza|lance-masters|1762
|player|p2|Ash Red Legend|102|1656
|teamsize|p1|6
|teamsize|p2|6
|gen|8
|tier|[Gen 8] National Dex AG
|rated|
|rule|HP Percentage Mod: HP is shown in percentages
|rule|Endless Battle Clause: Forcing endless battles is banned
|clearpoke
|poke|p1|Chansey, F|
|poke|p1|Arceus-*|
|poke|p1|Necrozma-Dusk-Mane|
|poke|p1|Arceus-*|
|poke|p1|Yveltal|
|poke|p1|Arceus-*|
|poke|p2|Zacian-*|
|poke|p2|Ho-Oh|
|poke|p2|Yveltal|
|poke|p2|Necrozma-Dusk-Mane|
|poke|p2|Groudon|
|poke|p2|Arceus-*|
|teampreview
|inactive|Battle timer is ON: inactive players will automatically lose when time's up. (requested by Ash Red Legend)
|
|t:|1662900201
|start
|switch|p1a: Arceus|Arceus-Dark|100/100
|switch|p2a: Yveltal|Yveltal|100/100
|-ability|p2a: Yveltal|Dark Aura
|turn|1
|
|t:|1662900220
|switch|p1a: Arceus|Arceus-Fairy|100/100
|move|p2a: Yveltal|Taunt|p1a: Arceus
|-start|p1a: Arceus|move: Taunt
|
|upkeep
|turn|2
|
|t:|1662900228
|switch|p2a: Zacian|Zacian-Crowned|100/100
|-ability|p2a: Zacian|Intrepid Sword|boost
|-boost|p2a: Zacian|atk|1
|move|p1a: Arceus|Judgment|p2a: Zacian
|-resisted|p2a: Zacian
|-damage|p2a: Zacian|78/100
|
|upkeep
|turn|3
|
|t:|1662900237
|switch|p1a: Necrozma|Necrozma-Dusk-Mane|100/100
|move|p2a: Zacian|Behemoth Blade|p1a: Necrozma
|-resisted|p1a: Necrozma
|-damage|p1a: Necrozma|77/100
|-damage|p2a: Zacian|62/100|[from] item: Rocky Helmet|[of] p1a: Necrozma
|
|upkeep
|turn|4
|inactive|Ash Red Legend has 120 seconds left.
|
|t:|1662900269
|switch|p2a: Necrozma|Necrozma-Dusk-Mane|100/100
|move|p1a: Necrozma|Morning Sun|p1a: Necrozma
|-heal|p1a: Necrozma|100/100
|
|upkeep
|turn|5
|
|t:|1662900277
|switch|p1a: Arceus|Arceus-Dark|100/100
|move|p2a: Necrozma|Thunder Wave|p1a: Arceus
|-status|p1a: Arceus|par
|
|upkeep
|turn|6
|
|t:|1662900287
|move|p2a: Necrozma|Stealth Rock|p1a: Arceus
|-sidestart|p1: Lord Rekkuza|move: Stealth Rock
|move|p1a: Arceus|Judgment|p2a: Necrozma
|-supereffective|p2a: Necrozma
|-damage|p2a: Necrozma|46/100
|
|upkeep
|turn|7
|
|t:|1662900292
|move|p2a: Necrozma|Morning Sun|p2a: Necrozma
|-heal|p2a: Necrozma|96/100
|move|p1a: Arceus|Defog|p2a: Necrozma
|-unboost|p2a: Necrozma|evasion|1
|-sideend|p1: Lord Rekkuza|Stealth Rock|[from] move: Defog|[of] p1a: Arceus
|
|upkeep
|turn|8
|
|t:|1662900313
|switch|p2a: Zacian|Zacian-Crowned|62/100
|-ability|p2a: Zacian|Intrepid Sword|boost
|-boost|p2a: Zacian|atk|1
|move|p1a: Arceus|Refresh|p1a: Arceus
|-curestatus|p1a: Arceus|par|[msg]
|
|upkeep
|turn|9
|
|t:|1662900320
|switch|p1a: Necrozma|Necrozma-Dusk-Mane|100/100
|move|p2a: Zacian|Close Combat|p1a: Necrozma
|-damage|p1a: Necrozma|58/100
|-unboost|p2a: Zacian|def|1
|-unboost|p2a: Zacian|spd|1
|-damage|p2a: Zacian|45/100|[from] item: Rocky Helmet|[of] p1a: Necrozma
|
|upkeep
|turn|10
|
|t:|1662900338
|switch|p2a: Groudon|Groudon|100/100
|detailschange|p2a: Groudon|Groudon-Primal
|-primal|p2a: Groudon
|-weather|DesolateLand|[from] ability: Desolate Land|[of] p2a: Groudon
|move|p1a: Necrozma|Morning Sun|p1a: Necrozma
|-heal|p1a: Necrozma|100/100
|
|-weather|DesolateLand|[upkeep]
|upkeep
|turn|11
|
|t:|1662900350
|switch|p1a: Arceus|Arceus-Water|100/100
|move|p2a: Groudon|Rock Polish|p2a: Groudon
|-boost|p2a: Groudon|spe|2
|
|-weather|DesolateLand|[upkeep]
|upkeep
|turn|12
|
|t:|1662900354
|move|p2a: Groudon|Precipice Blades|p1a: Arceus
|-damage|p1a: Arceus|69/100
|move|p1a: Arceus|Toxic|p2a: Groudon
|-status|p2a: Groudon|tox
|
|-weather|DesolateLand|[upkeep]
|-damage|p2a: Groudon|94/100 tox|[from] psn
|upkeep
|turn|13
|
|t:|1662900360
|move|p2a: Groudon|Precipice Blades|p1a: Arceus
|-damage|p1a: Arceus|34/100
|move|p1a: Arceus|Recover|p1a: Arceus
|-heal|p1a: Arceus|84/100
|
|-weather|DesolateLand|[upkeep]
|-damage|p2a: Groudon|82/100 tox|[from] psn
|upkeep
|turn|14
|
|t:|1662900368
|-weather|none
|switch|p2a: Zacian|Zacian-Crowned|45/100
|-ability|p2a: Zacian|Intrepid Sword|boost
|-boost|p2a: Zacian|atk|1
|move|p1a: Arceus|Recover|p1a: Arceus
|-heal|p1a: Arceus|100/100
|
|upkeep
|turn|15
|
|t:|1662900376
|switch|p1a: Necrozma|Necrozma-Dusk-Mane|100/100
|move|p2a: Zacian|Wild Charge|p1a: Necrozma
|-damage|p1a: Necrozma|70/100
|-damage|p2a: Zacian|29/100|[from] item: Rocky Helmet|[of] p1a: Necrozma
|-damage|p2a: Zacian|19/100|[from] Recoil
|
|upkeep
|turn|16
|
|t:|1662900382
|move|p2a: Zacian|Close Combat|p1a: Necrozma
|-damage|p1a: Necrozma|33/100
|-unboost|p2a: Zacian|def|1
|-unboost|p2a: Zacian|spd|1
|-damage|p2a: Zacian|3/100|[from] item: Rocky Helmet|[of] p1a: Necrozma
|move|p1a: Necrozma|Morning Sun|p1a: Necrozma
|-heal|p1a: Necrozma|83/100
|
|upkeep
|turn|17
|
|t:|1662900391
|move|p2a: Zacian|Close Combat|p1a: Necrozma
|-damage|p1a: Necrozma|46/100
|-unboost|p2a: Zacian|def|1
|-unboost|p2a: Zacian|spd|1
|-damage|p2a: Zacian|0 fnt|[from] item: Rocky Helmet|[of] p1a: Necrozma
|faint|p2a: Zacian
|move|p1a: Necrozma|Morning Sun|p1a: Necrozma
|-heal|p1a: Necrozma|96/100
|
|upkeep
|j| dedaobudaode
|
|t:|1662900398
|switch|p2a: Yveltal|Yveltal|100/100
|-ability|p2a: Yveltal|Dark Aura
|turn|18
|
|t:|1662900405
|switch|p1a: Yveltal|Yveltal, shiny|100/100
|-ability|p1a: Yveltal|Dark Aura
|-start|p2a: Yveltal|Dynamax|
|-heal|p2a: Yveltal|100/100|[silent]
|move|p2a: Yveltal|Max Airstream|p1a: Yveltal
|-damage|p1a: Yveltal|46/100
|-boost|p2a: Yveltal|spe|1
|-damage|p2a: Yveltal|96/100|[from] item: Life Orb
|
|upkeep
|turn|19
|
|t:|1662900418
|-start|p1a: Yveltal|Dynamax|
|-heal|p1a: Yveltal|46/100|[silent]
|move|p1a: Yveltal|Max Guard|p1a: Yveltal
|-singleturn|p1a: Yveltal|Max Guard
|move|p2a: Yveltal|Max Airstream|p1a: Yveltal
|-activate|p1a: Yveltal|move: Max Guard
|
|upkeep
|turn|20
|
|t:|1662900425
|move|p2a: Yveltal|Max Airstream|p1a: Yveltal
|-crit|p1a: Yveltal
|-damage|p1a: Yveltal|6/100
|-boost|p2a: Yveltal|spe|1
|-damage|p2a: Yveltal|91/100|[from] item: Life Orb
|move|p1a: Yveltal|Max Flutterby|p2a: Yveltal
|-damage|p2a: Yveltal|76/100
|-unboost|p2a: Yveltal|spa|1
|
|upkeep
|-end|p2a: Yveltal|Dynamax
|-heal|p2a: Yveltal|76/100|[silent]
|turn|21
|
|t:|1662900436
|move|p1a: Yveltal|Max Guard|p1a: Yveltal
|-singleturn|p1a: Yveltal|Max Guard
|move|p2a: Yveltal|Sucker Punch||[still]
|-fail|p2a: Yveltal
|
|upkeep
|-end|p1a: Yveltal|Dynamax
|-heal|p1a: Yveltal|6/100|[silent]
|turn|22
|j| Apprenti Buck
|
|t:|1662900446
|switch|p1a: Arceus|Arceus-Fairy|100/100
|move|p2a: Yveltal|Oblivion Wing|p1a: Arceus
|-damage|p1a: Arceus|79/100
|-heal|p2a: Yveltal|95/100|[from] drain|[of] p1a: Arceus
|-damage|p2a: Yveltal|85/100|[from] item: Life Orb
|
|upkeep
|turn|23
|inactive|Ash Red Legend has 120 seconds left.
|
|t:|1662900498
|switch|p2a: Necrozma|Necrozma-Dusk-Mane|96/100
|move|p1a: Arceus|Judgment|p2a: Necrozma
|-resisted|p2a: Necrozma
|-damage|p2a: Necrozma|75/100
|
|upkeep
|turn|24
|
|t:|1662900509
|switch|p1a: Arceus|Arceus-Dark|100/100
|move|p2a: Necrozma|Thunder Wave|p1a: Arceus
|-status|p1a: Arceus|par
|
|upkeep
|turn|25
|
|t:|1662900515
|move|p2a: Necrozma|Sunsteel Strike|p1a: Arceus
|-damage|p1a: Arceus|73/100 par
|move|p1a: Arceus|Judgment|p2a: Necrozma
|-supereffective|p2a: Necrozma
|-damage|p2a: Necrozma|19/100
|
|upkeep
|turn|26
|
|t:|1662900524
|move|p2a: Necrozma|Morning Sun|p2a: Necrozma
|-heal|p2a: Necrozma|69/100
|move|p1a: Arceus|Refresh|p1a: Arceus
|-curestatus|p1a: Arceus|par|[msg]
|
|upkeep
|turn|27
|inactive|Ash Red Legend has 120 seconds left.
|
|t:|1662900529
|move|p1a: Arceus|Judgment|p2a: Necrozma
|-supereffective|p2a: Necrozma
|-damage|p2a: Necrozma|10/100
|move|p2a: Necrozma|Thunder Wave|p1a: Arceus
|-status|p1a: Arceus|par
|
|upkeep
|turn|28
|
|t:|1662900536
|move|p2a: Necrozma|Sunsteel Strike|p1a: Arceus
|-damage|p1a: Arceus|45/100 par
|move|p1a: Arceus|Judgment|p2a: Necrozma
|-supereffective|p2a: Necrozma
|-crit|p2a: Necrozma
|-damage|p2a: Necrozma|0 fnt
|faint|p2a: Necrozma
|
|upkeep
|l| Apprenti Buck
|inactive|Ash Red Legend has 120 seconds left.
|
|t:|1662900546
|switch|p2a: Groudon|Groudon-Primal|82/100 tox
|-weather|DesolateLand|[from] ability: Desolate Land|[of] p2a: Groudon
|turn|29
|
|t:|1662900552
|switch|p1a: Arceus|Arceus-Water|100/100
|move|p2a: Groudon|Precipice Blades|p1a: Arceus
|-damage|p1a: Arceus|69/100
|
|-weather|DesolateLand|[upkeep]
|-damage|p2a: Groudon|76/100 tox|[from] psn
|upkeep
|turn|30
|inactive|Ash Red Legend has 120 seconds left.
|
|t:|1662900567
|-weather|none
|switch|p2a: Yveltal|Yveltal|85/100
|-ability|p2a: Yveltal|Dark Aura
|move|p1a: Arceus|Recover|p1a: Arceus
|-heal|p1a: Arceus|100/100
|
|upkeep
|turn|31
|inactive|Ash Red Legend has 120 seconds left.
|
|t:|1662900579
|switch|p1a: Arceus|Arceus-Fairy|79/100
|move|p2a: Yveltal|Oblivion Wing|p1a: Arceus
|-damage|p1a: Arceus|46/100
|-heal|p2a: Yveltal|100/100|[from] drain|[of] p1a: Arceus
|-damage|p2a: Yveltal|91/100|[from] item: Life Orb
|
|upkeep
|turn|32
|inactive|Ash Red Legend has 120 seconds left.
|
|t:|1662900592
|move|p2a: Yveltal|Taunt|p1a: Arceus
|-start|p1a: Arceus|move: Taunt
|cant|p1a: Arceus|move: Taunt|Recover
|
|upkeep
|turn|33
|inactive|Ash Red Legend has 120 seconds left.
|j| 10185201116d
|
|t:|1662900616
|switch|p2a: Groudon|Groudon-Primal|76/100 tox
|-weather|DesolateLand|[from] ability: Desolate Land|[of] p2a: Groudon
|move|p1a: Arceus|Judgment|p2a: Groudon
|-resisted|p2a: Groudon
|-damage|p2a: Groudon|59/100 tox
|
|-weather|DesolateLand|[upkeep]
|-damage|p2a: Groudon|53/100 tox|[from] psn
|upkeep
|turn|34
|l| 10185201116d
|
|t:|1662900624
|switch|p1a: Arceus|Arceus-Water|100/100
|move|p2a: Groudon|Precipice Blades|p1a: Arceus
|-damage|p1a: Arceus|69/100
|
|-weather|DesolateLand|[upkeep]
|-damage|p2a: Groudon|40/100 tox|[from] psn
|upkeep
|turn|35
|
|t:|1662900631
|move|p1a: Arceus|Recover|p1a: Arceus
|-heal|p1a: Arceus|100/100
|move|p2a: Groudon|Rest|p2a: Groudon
|-status|p2a: Groudon|slp|[from] move: Rest
|-heal|p2a: Groudon|100/100 slp|[silent]
|
|-weather|DesolateLand|[upkeep]
|upkeep
|turn|36
|
|t:|1662900638
|-weather|none
|switch|p2a: Yveltal|Yveltal|91/100
|-ability|p2a: Yveltal|Dark Aura
|move|p1a: Arceus|Ice Beam|p2a: Yveltal
|-supereffective|p2a: Yveltal
|-damage|p2a: Yveltal|50/100
|
|upkeep
|turn|37
|
|t:|1662900647
|move|p2a: Yveltal|Oblivion Wing|p1a: Arceus
|-damage|p1a: Arceus|65/100
|-heal|p2a: Yveltal|80/100|[from] drain|[of] p1a: Arceus
|-damage|p2a: Yveltal|70/100|[from] item: Life Orb
|move|p1a: Arceus|Toxic|p2a: Yveltal
|-status|p2a: Yveltal|tox
|
|-damage|p2a: Yveltal|64/100 tox|[from] psn
|upkeep
|turn|38
|
|t:|1662900654
|move|p2a: Yveltal|Oblivion Wing|p1a: Arceus
|-damage|p1a: Arceus|29/100
|-heal|p2a: Yveltal|94/100 tox|[from] drain|[of] p1a: Arceus
|-damage|p2a: Yveltal|85/100 tox|[from] item: Life Orb
|move|p1a: Arceus|Recover|p1a: Arceus
|-heal|p1a: Arceus|79/100
|
|-damage|p2a: Yveltal|72/100 tox|[from] psn
|upkeep
|turn|39
|
|t:|1662900662
|move|p2a: Yveltal|Taunt|p1a: Arceus
|-start|p1a: Arceus|move: Taunt
|cant|p1a: Arceus|move: Taunt|Recover
|
|-damage|p2a: Yveltal|54/100 tox|[from] psn
|upkeep
|turn|40
|
|t:|1662900684
|switch|p2a: Arceus|Arceus-Water|100/100
|switch|p1a: Yveltal|Yveltal, shiny|6/100
|-ability|p1a: Yveltal|Dark Aura
|
|upkeep
|turn|41
|
|t:|1662900701
|switch|p1a: Chansey|Chansey, F|100/100
|move|p2a: Arceus|Judgment|p1a: Chansey
|-damage|p1a: Chansey|86/100
|
|upkeep
|turn|42
|
|t:|1662900711
|move|p2a: Arceus|Toxic|p1a: Chansey
|-status|p1a: Chansey|tox
|move|p1a: Chansey|Toxic|p2a: Arceus|[miss]
|-miss|p1a: Chansey|p2a: Arceus
|
|-damage|p1a: Chansey|80/100 tox|[from] psn
|upkeep
|turn|43
|
|t:|1662900719
|switch|p2a: Groudon|Groudon-Primal|100/100 slp
|-weather|DesolateLand|[from] ability: Desolate Land|[of] p2a: Groudon
|move|p1a: Chansey|Toxic||[still]
|-fail|p1a: Chansey
|
|-weather|DesolateLand|[upkeep]
|-damage|p1a: Chansey|68/100 tox|[from] psn
|upkeep
|turn|44
|
|t:|1662900726
|-curestatus|p1a: Chansey|tox|[from] ability: Natural Cure
|switch|p1a: Arceus|Arceus-Water|79/100
|cant|p2a: Groudon|slp
|
|-weather|DesolateLand|[upkeep]
|upkeep
|turn|45
|
|t:|1662900734
|move|p1a: Arceus|Ice Beam|p2a: Groudon
|-damage|p2a: Groudon|85/100 slp
|cant|p2a: Groudon|slp
|
|-weather|DesolateLand|[upkeep]
|upkeep
|turn|46
|
|t:|1662900740
|move|p1a: Arceus|Ice Beam|p2a: Groudon
|-damage|p2a: Groudon|68/100 slp
|-curestatus|p2a: Groudon|slp|[msg]
|move|p2a: Groudon|Precipice Blades|p1a: Arceus
|-damage|p1a: Arceus|46/100
|
|-weather|DesolateLand|[upkeep]
|upkeep
|turn|47
|
|t:|1662900749
|-weather|none
|switch|p2a: Yveltal|Yveltal|54/100 tox
|-ability|p2a: Yveltal|Dark Aura
|move|p1a: Arceus|Recover|p1a: Arceus
|-heal|p1a: Arceus|96/100
|
|-damage|p2a: Yveltal|48/100 tox|[from] psn
|upkeep
|turn|48
|
|t:|1662900756
|move|p2a: Yveltal|Taunt|p1a: Arceus
|-start|p1a: Arceus|move: Taunt
|move|p1a: Arceus|Ice Beam|p2a: Yveltal
|-supereffective|p2a: Yveltal
|-damage|p2a: Yveltal|4/100 tox
|
|-damage|p2a: Yveltal|0 fnt|[from] psn
|faint|p2a: Yveltal
|upkeep
|
|t:|1662900765
|switch|p2a: Arceus|Arceus-Water|100/100
|turn|49
|
|t:|1662900768
|switch|p1a: Chansey|Chansey, F|68/100
|move|p2a: Arceus|Toxic|p1a: Chansey
|-status|p1a: Chansey|tox
|
|-damage|p1a: Chansey|62/100 tox|[from] psn
|upkeep
|turn|50
|
|t:|1662900776
|switch|p2a: Groudon|Groudon-Primal|68/100
|-weather|DesolateLand|[from] ability: Desolate Land|[of] p2a: Groudon
|move|p1a: Chansey|Toxic|p2a: Groudon|[miss]
|-miss|p1a: Chansey|p2a: Groudon
|
|-weather|DesolateLand|[upkeep]
|-damage|p1a: Chansey|49/100 tox|[from] psn
|upkeep
|turn|51
|
|t:|1662900789
|-curestatus|p1a: Chansey|tox|[from] ability: Natural Cure
|switch|p1a: Arceus|Arceus-Water|96/100
|move|p2a: Groudon|Precipice Blades|p1a: Arceus
|-damage|p1a: Arceus|64/100
|
|-weather|DesolateLand|[upkeep]
|upkeep
|turn|52
|
|t:|1662900795
|-weather|none
|switch|p2a: Arceus|Arceus-Water|100/100
|move|p1a: Arceus|Recover|p1a: Arceus
|-heal|p1a: Arceus|100/100
|
|upkeep
|turn|53
|
|t:|1662900803
|switch|p1a: Chansey|Chansey, F|49/100
|move|p2a: Arceus|Toxic|p1a: Chansey
|-status|p1a: Chansey|tox
|
|-damage|p1a: Chansey|43/100 tox|[from] psn
|upkeep
|turn|54
|
|t:|1662900809
|switch|p2a: Groudon|Groudon-Primal|68/100
|-weather|DesolateLand|[from] ability: Desolate Land|[of] p2a: Groudon
|move|p1a: Chansey|Soft-Boiled|p1a: Chansey
|-heal|p1a: Chansey|93/100 tox
|
|-weather|DesolateLand|[upkeep]
|-damage|p1a: Chansey|80/100 tox|[from] psn
|upkeep
|turn|55
|
|t:|1662900816
|-weather|none
|switch|p2a: Arceus|Arceus-Water|100/100
|-curestatus|p1a: Chansey|tox|[from] ability: Natural Cure
|switch|p1a: Arceus|Arceus-Water|100/100
|
|upkeep
|turn|56
|
|t:|1662900826
|switch|p1a: Chansey|Chansey, F|80/100
|move|p2a: Arceus|Toxic|p1a: Chansey
|-status|p1a: Chansey|tox
|
|-damage|p1a: Chansey|74/100 tox|[from] psn
|upkeep
|turn|57
|
|t:|1662900832
|switch|p2a: Groudon|Groudon-Primal|68/100
|-weather|DesolateLand|[from] ability: Desolate Land|[of] p2a: Groudon
|move|p1a: Chansey|Toxic|p2a: Groudon|[miss]
|-miss|p1a: Chansey|p2a: Groudon
|
|-weather|DesolateLand|[upkeep]
|-damage|p1a: Chansey|62/100 tox|[from] psn
|upkeep
|turn|58
|
|t:|1662900838
|-curestatus|p1a: Chansey|tox|[from] ability: Natural Cure
|switch|p1a: Arceus|Arceus-Water|100/100
|move|p2a: Groudon|Precipice Blades|p1a: Arceus
|-damage|p1a: Arceus|67/100
|
|-weather|DesolateLand|[upkeep]
|upkeep
|turn|59
|
|t:|1662900851
|move|p1a: Arceus|Recover|p1a: Arceus
|-heal|p1a: Arceus|100/100
|move|p2a: Groudon|Precipice Blades|p1a: Arceus
|-damage|p1a: Arceus|69/100
|
|-weather|DesolateLand|[upkeep]
|upkeep
|turn|60
|
|t:|1662900854
|move|p1a: Arceus|Toxic|p2a: Groudon|[miss]
|-miss|p1a: Arceus|p2a: Groudon
|move|p2a: Groudon|Rock Polish|p2a: Groudon
|-boost|p2a: Groudon|spe|2
|
|-weather|DesolateLand|[upkeep]
|upkeep
|turn|61
|
|t:|1662900858
|move|p2a: Groudon|Rock Polish|p2a: Groudon
|-boost|p2a: Groudon|spe|2
|move|p1a: Arceus|Recover|p1a: Arceus
|-heal|p1a: Arceus|100/100
|
|-weather|DesolateLand|[upkeep]
|upkeep
|turn|62
|
|t:|1662900865
|move|p2a: Groudon|Precipice Blades|p1a: Arceus
|-damage|p1a: Arceus|67/100
|move|p1a: Arceus|Toxic|p2a: Groudon
|-status|p2a: Groudon|tox
|
|-weather|DesolateLand|[upkeep]
|-damage|p2a: Groudon|61/100 tox|[from] psn
|upkeep
|turn|63
|
|t:|1662900871
|move|p2a: Groudon|Rock Polish|p2a: Groudon
|-boost|p2a: Groudon|spe|2
|move|p1a: Arceus|Recover|p1a: Arceus
|-heal|p1a: Arceus|100/100
|
|-weather|DesolateLand|[upkeep]
|-damage|p2a: Groudon|49/100 tox|[from] psn
|upkeep
|turn|64
|
|t:|1662900876
|move|p2a: Groudon|Precipice Blades|p1a: Arceus
|-damage|p1a: Arceus|65/100
|move|p1a: Arceus|Ice Beam|p2a: Groudon
|-damage|p2a: Groudon|32/100 tox
|
|-weather|DesolateLand|[upkeep]
|-damage|p2a: Groudon|13/100 tox|[from] psn
|upkeep
|turn|65
|
|t:|1662900883
|move|p2a: Groudon|Rest|p2a: Groudon
|-status|p2a: Groudon|slp|[from] move: Rest
|-heal|p2a: Groudon|100/100 slp|[silent]
|move|p1a: Arceus|Recover|p1a: Arceus
|-heal|p1a: Arceus|100/100
|
|-weather|DesolateLand|[upkeep]
|upkeep
|turn|66
|
|t:|1662900894
|switch|p1a: Necrozma|Necrozma-Dusk-Mane|96/100
|cant|p2a: Groudon|slp
|
|-weather|DesolateLand|[upkeep]
|upkeep
|turn|67
|
|t:|1662900899
|cant|p2a: Groudon|slp
|move|p1a: Necrozma|Stealth Rock|p2a: Groudon
|-sidestart|p2: Ash Red Legend|move: Stealth Rock
|
|-weather|DesolateLand|[upkeep]
|upkeep
|turn|68
|
|t:|1662900905
|switch|p1a: Yveltal|Yveltal, shiny|6/100
|-ability|p1a: Yveltal|Dark Aura
|-curestatus|p2a: Groudon|slp|[msg]
|move|p2a: Groudon|Precipice Blades|p1a: Yveltal
|-immune|p1a: Yveltal
|
|-weather|DesolateLand|[upkeep]
|upkeep
|turn|69
|
|t:|1662900913
|switch|p1a: Arceus|Arceus-Water|100/100
|move|p2a: Groudon|Stone Edge|p1a: Arceus
|-crit|p1a: Arceus
|-damage|p1a: Arceus|73/100
|
|-weather|DesolateLand|[upkeep]
|upkeep
|turn|70
|
|t:|1662900921
|move|p2a: Groudon|Precipice Blades|p1a: Arceus|[miss]
|-miss|p2a: Groudon|p1a: Arceus
|move|p1a: Arceus|Toxic|p2a: Groudon
|-status|p2a: Groudon|tox
|
|-weather|DesolateLand|[upkeep]
|-damage|p2a: Groudon|94/100 tox|[from] psn
|upkeep
|turn|71
|
|t:|1662900929
|move|p2a: Groudon|Precipice Blades|p1a: Arceus
|-damage|p1a: Arceus|36/100
|move|p1a: Arceus|Ice Beam|p2a: Groudon
|-damage|p2a: Groudon|79/100 tox
|
|-weather|DesolateLand|[upkeep]
|-damage|p2a: Groudon|66/100 tox|[from] psn
|upkeep
|turn|72
|
|t:|1662900935
|switch|p1a: Yveltal|Yveltal, shiny|6/100
|-ability|p1a: Yveltal|Dark Aura
|move|p2a: Groudon|Precipice Blades|p1a: Yveltal
|-immune|p1a: Yveltal
|
|-weather|DesolateLand|[upkeep]
|-damage|p2a: Groudon|48/100 tox|[from] psn
|upkeep
|turn|73
|
|t:|1662900944
|move|p2a: Groudon|Stone Edge|p1a: Yveltal
|-supereffective|p1a: Yveltal
|-damage|p1a: Yveltal|0 fnt
|faint|p1a: Yveltal
|
|-weather|DesolateLand|[upkeep]
|-damage|p2a: Groudon|23/100 tox|[from] psn
|upkeep
|
|t:|1662900950
|switch|p1a: Arceus|Arceus-Water|36/100
|turn|74
|
|t:|1662900954
|move|p2a: Groudon|Precipice Blades|p1a: Arceus
|-damage|p1a: Arceus|5/100
|move|p1a: Arceus|Recover|p1a: Arceus
|-heal|p1a: Arceus|55/100
|
|-weather|DesolateLand|[upkeep]
|-damage|p2a: Groudon|0 fnt|[from] psn
|faint|p2a: Groudon
|-weather|none
|upkeep
|
|t:|1662900961
|switch|p2a: Arceus|Arceus-Water|100/100
|-damage|p2a: Arceus|88/100|[from] Stealth Rock
|turn|75
|
|t:|1662900965
|move|p2a: Arceus|Toxic|p1a: Arceus
|-status|p1a: Arceus|tox
|move|p1a: Arceus|Toxic|p2a: Arceus
|-status|p2a: Arceus|tox
|
|-damage|p2a: Arceus|82/100 tox|[from] psn
|-damage|p1a: Arceus|49/100 tox|[from] psn
|upkeep
|turn|76
|
|t:|1662900983
|move|p2a: Arceus|Judgment|p1a: Arceus
|-resisted|p1a: Arceus
|-damage|p1a: Arceus|34/100 tox
|move|p1a: Arceus|Recover|p1a: Arceus
|-heal|p1a: Arceus|84/100 tox
|
|-damage|p2a: Arceus|70/100 tox|[from] psn
|-damage|p1a: Arceus|72/100 tox|[from] psn
|upkeep
|turn|77
|
|t:|1662900990
|switch|p1a: Chansey|Chansey, F|62/100
|move|p2a: Arceus|Recover|p2a: Arceus
|-heal|p2a: Arceus|100/100 tox
|
|-damage|p2a: Arceus|82/100 tox|[from] psn
|upkeep
|turn|78
|
|t:|1662900995
|switch|p2a: Ho-Oh|Ho-Oh|100/100
|move|p1a: Chansey|Aromatherapy|p1a: Chansey
|-activate|p1a: Chansey|move: Aromatherapy
|-curestatus|p1: Arceus|par|[msg]
|-curestatus|p1: Arceus|tox|[msg]
|
|upkeep
|turn|79
|
|t:|1662901006
|move|p2a: Ho-Oh|Defog|p1a: Chansey
|-unboost|p1a: Chansey|evasion|1
|-sideend|p2: Ash Red Legend|Stealth Rock|[from] move: Defog|[of] p2a: Ho-Oh
|move|p1a: Chansey|Toxic|p2a: Ho-Oh
|-status|p2a: Ho-Oh|tox
|
|-damage|p2a: Ho-Oh|94/100 tox|[from] psn
|upkeep
|turn|80
|
|t:|1662901031
|move|p2a: Ho-Oh|Toxic|p1a: Chansey
|-status|p1a: Chansey|tox
|move|p1a: Chansey|Soft-Boiled|p1a: Chansey
|-heal|p1a: Chansey|100/100 tox
|
|-damage|p2a: Ho-Oh|82/100 tox|[from] psn
|-damage|p1a: Chansey|94/100 tox|[from] psn
|upkeep
|turn|81
|
|t:|1662901044
|switch|p2a: Arceus|Arceus-Water|82/100 tox
|-curestatus|p1a: Chansey|tox|[from] ability: Natural Cure
|switch|p1a: Arceus|Arceus-Fairy|46/100
|
|-damage|p2a: Arceus|76/100 tox|[from] psn
|upkeep
|turn|82
|
|t:|1662901053
|move|p2a: Arceus|Toxic|p1a: Arceus
|-status|p1a: Arceus|tox
|move|p1a: Arceus|Recover|p1a: Arceus
|-heal|p1a: Arceus|96/100 tox
|
|-damage|p2a: Arceus|64/100 tox|[from] psn
|-damage|p1a: Arceus|90/100 tox|[from] psn
|upkeep
|turn|83
|
|t:|1662901058
|switch|p1a: Arceus|Arceus-Water|72/100
|move|p2a: Arceus|Recover|p2a: Arceus
|-heal|p2a: Arceus|100/100 tox
|
|-damage|p2a: Arceus|82/100 tox|[from] psn
|upkeep
|turn|84
|
|t:|1662901068
|switch|p2a: Ho-Oh|Ho-Oh|100/100 tox
|move|p1a: Arceus|Recover|p1a: Arceus
|-heal|p1a: Arceus|100/100
|
|-damage|p2a: Ho-Oh|94/100 tox|[from] psn
|upkeep
|turn|85
|
|t:|1662901074
|switch|p1a: Arceus|Arceus-Dark|45/100
|move|p2a: Ho-Oh|Toxic|p1a: Arceus
|-status|p1a: Arceus|tox
|
|-damage|p1a: Arceus|39/100 tox|[from] psn
|-damage|p2a: Ho-Oh|82/100 tox|[from] psn
|upkeep
|turn|86
|
|t:|1662901082
|move|p1a: Arceus|Recover|p1a: Arceus
|-heal|p1a: Arceus|89/100 tox
|move|p2a: Ho-Oh|Sacred Fire|p1a: Arceus
|-damage|p1a: Arceus|67/100 tox
|
|-damage|p1a: Arceus|55/100 tox|[from] psn
|-damage|p2a: Ho-Oh|63/100 tox|[from] psn
|upkeep
|turn|87
|
|t:|1662901085
|switch|p2a: Arceus|Arceus-Water|82/100 tox
|move|p1a: Arceus|Recover|p1a: Arceus
|-heal|p1a: Arceus|100/100 tox
|
|-damage|p1a: Arceus|82/100 tox|[from] psn
|-damage|p2a: Arceus|76/100 tox|[from] psn
|upkeep
|turn|88
|
|t:|1662901098
|switch|p1a: Chansey|Chansey, F|94/100
|move|p2a: Arceus|Judgment|p1a: Chansey
|-damage|p1a: Chansey|81/100
|
|-damage|p2a: Arceus|64/100 tox|[from] psn
|upkeep
|turn|89
|
|t:|1662901101
|move|p2a: Arceus|Recover|p2a: Arceus
|-heal|p2a: Arceus|100/100 tox
|move|p1a: Chansey|Aromatherapy|p1a: Chansey
|-activate|p1a: Chansey|move: Aromatherapy
|-curestatus|p1: Arceus|tox|[msg]
|-curestatus|p1: Arceus|tox|[msg]
|
|-damage|p2a: Arceus|82/100 tox|[from] psn
|upkeep
|turn|90
|
|t:|1662901114
|switch|p1a: Necrozma|Necrozma-Dusk-Mane|96/100
|move|p2a: Arceus|Judgment|p1a: Necrozma
|-damage|p1a: Necrozma|60/100
|
|-damage|p2a: Arceus|58/100 tox|[from] psn
|upkeep
|turn|91
|
|t:|1662901121
|switch|p2a: Ho-Oh|Ho-Oh|96/100 tox
|move|p1a: Necrozma|Stealth Rock|p2a: Ho-Oh
|-sidestart|p2: Ash Red Legend|move: Stealth Rock
|
|-damage|p2a: Ho-Oh|90/100 tox|[from] psn
|upkeep
|turn|92
|
|t:|1662901128
|switch|p1a: Arceus|Arceus-Dark|82/100
|move|p2a: Ho-Oh|Sacred Fire|p1a: Arceus
|-damage|p1a: Arceus|60/100
|-status|p1a: Arceus|brn
|
|-damage|p2a: Ho-Oh|77/100 tox|[from] psn
|-damage|p1a: Arceus|54/100 brn|[from] brn
|upkeep
|turn|93
|
|t:|1662901137
|move|p1a: Arceus|Recover|p1a: Arceus
|-heal|p1a: Arceus|100/100 brn
|move|p2a: Ho-Oh|Defog|p1a: Arceus
|-unboost|p1a: Arceus|evasion|1
|-sideend|p2: Ash Red Legend|Stealth Rock|[from] move: Defog|[of] p2a: Ho-Oh
|
|-damage|p2a: Ho-Oh|59/100 tox|[from] psn
|-damage|p1a: Arceus|94/100 brn|[from] brn
|upkeep
|turn|94
|
|t:|1662901161
|switch|p2a: Arceus|Arceus-Water|58/100 tox
|move|p1a: Arceus|Judgment|p2a: Arceus
|-damage|p2a: Arceus|23/100 tox
|
|-damage|p2a: Arceus|17/100 tox|[from] psn
|-damage|p1a: Arceus|88/100 brn|[from] brn
|upkeep
|turn|95
|
|t:|1662901167
|move|p1a: Arceus|Judgment|p2a: Arceus
|-damage|p2a: Arceus|0 fnt
|faint|p2a: Arceus
|
|-damage|p1a: Arceus|82/100 brn|[from] brn
|upkeep
|
|t:|1662901170
|switch|p2a: Ho-Oh|Ho-Oh|92/100 tox
|turn|96
|
|t:|1662901172
|move|p1a: Arceus|Judgment|p2a: Ho-Oh
|-damage|p2a: Ho-Oh|72/100 tox
|move|p2a: Ho-Oh|Sacred Fire|p1a: Arceus
|-damage|p1a: Arceus|60/100 brn
|
|-damage|p2a: Ho-Oh|66/100 tox|[from] psn
|-damage|p1a: Arceus|54/100 brn|[from] brn
|upkeep
|turn|97
|
|t:|1662901176
|move|p1a: Arceus|Judgment|p2a: Ho-Oh
|-damage|p2a: Ho-Oh|46/100 tox
|move|p2a: Ho-Oh|Sacred Fire|p1a: Arceus
|-damage|p1a: Arceus|29/100 brn
|
|-damage|p2a: Ho-Oh|34/100 tox|[from] psn
|-damage|p1a: Arceus|23/100 brn|[from] brn
|upkeep
|turn|98
|
|t:|1662901179
|move|p1a: Arceus|Recover|p1a: Arceus
|-heal|p1a: Arceus|73/100 brn
|move|p2a: Ho-Oh|Sacred Fire|p1a: Arceus
|-damage|p1a: Arceus|48/100 brn
|
|-damage|p2a: Ho-Oh|15/100 tox|[from] psn
|-damage|p1a: Arceus|42/100 brn|[from] brn
|upkeep
|turn|99
|
|t:|1662901183
|move|p1a: Arceus|Recover|p1a: Arceus
|-heal|p1a: Arceus|92/100 brn
|move|p2a: Ho-Oh|Sacred Fire|p1a: Arceus
|-damage|p1a: Arceus|70/100 brn
|
|-damage|p2a: Ho-Oh|0 fnt|[from] psn
|faint|p2a: Ho-Oh
|
|win|Lord Rekkuza
|upkeep
|raw|Lord Rekkuza's rating: 1762 &rarr; <strong>1776</strong><br />(+14 for winning)
|raw|Ash Red Legend's rating: 1656 &rarr; <strong>1642</strong><br />(-14 for losing)
|l|☆Lord Rekkuza
|l|☆Ash Red Legend
||Ladder isn't responding, score probably updated but might not have (Request timeout).
