|j|☆OnMaWa
|j|☆NevilleLovegood
|player|p1|OnMaWa|psychic-gen4|1727
|player|p2|NevilleLovegood|169|1534
|teamsize|p1|6
|teamsize|p2|6
|gametype|singles
|gen|8
|tier|[Gen 8] National Dex AG
|rated|
|clearpoke
|poke|p1|Necrozma-Dusk-Mane|
|poke|p1|Arceus-*|
|poke|p1|Xerneas|
|poke|p1|Zacian-Crowned|
|poke|p1|Rayquaza|
|poke|p1|Lugia|
|poke|p2|Zacian-Crowned|
|poke|p2|Yveltal|
|poke|p2|Groudon|
|poke|p2|Ho-Oh|
|poke|p2|Necrozma-Dusk-Mane|
|poke|p2|Ditto|
|rule|HP Percentage Mod: HP is shown in percentages
|rule|Endless Battle Clause: Forcing endless battles is banned
|teampreview
|
|start
|switch|p1a: Necrozma|Necrozma-Dusk-Mane|100/100
|switch|p2a: Groudon|Groudon, shiny|100/100
|detailschange|p2a: Groudon|Groudon-Primal, shiny
|-primal|p2a: Groudon
|-weather|DesolateLand|[from] ability: Desolate Land|[of] p2a: Groudon
|turn|1
|
|detailschange|p1a: Necrozma|Necrozma-Ultra
|-burst|p1a: Necrozma|Necrozma|Ultranecrozium Z
|move|p1a: Necrozma|Dragon Dance|p1a: Necrozma
|-boost|p1a: Necrozma|atk|1
|-boost|p1a: Necrozma|spe|1
|move|p2a: Groudon|Stealth Rock|p1a: Necrozma
|-sidestart|p1: OnMaWa|move: Stealth Rock
|
|-weather|DesolateLand|[upkeep]
|upkeep
|turn|2
|
|move|p1a: Necrozma|Earthquake|p2a: Groudon
|-supereffective|p2a: Groudon
|-damage|p2a: Groudon|0 fnt
|faint|p2a: Groudon
|-weather|none
|
|upkeep
|
|switch|p2a: Ditto|Ditto|100/100
|-transform|p2a: Ditto|p1a: Necrozma|[from] ability: Imposter
|turn|3
|
|move|p2a: Ditto|Earthquake|p1a: Necrozma
|-damage|p1a: Necrozma|35/100
|-zpower|p1a: Necrozma
|move|p1a: Necrozma|Light That Burns the Sky|p2a: Ditto|[zeffect]
|-resisted|p2a: Ditto
|-damage|p2a: Ditto|0 fnt
|faint|p2a: Ditto
|
|upkeep
|
|switch|p2a: Yveltal|Yveltal, shiny|100/100
|-ability|p2a: Yveltal|Dark Aura
|turn|4
|
|-start|p2a: Yveltal|Dynamax
|-heal|p2a: Yveltal|100/100|[silent]
|move|p1a: Necrozma|Stone Edge|p2a: Yveltal|[miss]
|-miss|p1a: Necrozma|p2a: Yveltal
|move|p2a: Yveltal|Max Airstream|p1a: Necrozma
|-damage|p1a: Necrozma|0 fnt
|-boost|p2a: Yveltal|spe|1
|faint|p1a: Necrozma
|
|upkeep
|
|switch|p1a: Xerneas|Xerneas|100/100
|-damage|p1a: Xerneas|88/100|[from] Stealth Rock
|-ability|p1a: Xerneas|Fairy Aura
|turn|5
|
|-start|p1a: Xerneas|Dynamax
|-heal|p1a: Xerneas|88/100|[silent]
|move|p2a: Yveltal|Max Airstream|p1a: Xerneas
|-damage|p1a: Xerneas|61/100
|-boost|p2a: Yveltal|spe|1
|move|p1a: Xerneas|Max Starfall|p2a: Yveltal
|-supereffective|p2a: Yveltal
|-damage|p2a: Yveltal|18/100
|-fieldstart|move: Misty Terrain
|
|upkeep
|turn|6
|
|move|p2a: Yveltal|Max Ooze|p1a: Xerneas|[from]Hidden Power
|-supereffective|p1a: Xerneas
|-crit|p1a: Xerneas
|-damage|p1a: Xerneas|11/100
|-boost|p2a: Yveltal|spa|1
|move|p1a: Xerneas|Max Flare|p2a: Yveltal|[from]Hidden Power
|-damage|p2a: Yveltal|0 fnt
|-weather|SunnyDay
|faint|p2a: Yveltal
|
|-weather|SunnyDay|[upkeep]
|upkeep
|
|switch|p2a: Zacian|Zacian-Crowned|100/100
|-ability|p2a: Zacian|Intrepid Sword|boost
|-boost|p2a: Zacian|atk|1
|turn|7
|
|move|p2a: Zacian|Behemoth Blade|p1a: Xerneas
|-supereffective|p1a: Xerneas
|-damage|p1a: Xerneas|0 fnt
|faint|p1a: Xerneas
|
|-weather|SunnyDay|[upkeep]
|upkeep
|
|switch|p1a: Lugia|Lugia|100/100
|turn|8
|
|switch|p2a: Necrozma|Necrozma-Dusk-Mane, shiny|100/100
|move|p1a: Lugia|Whirlwind|p2a: Necrozma
|drag|p2a: Ho-Oh|Ho-Oh, shiny|100/100
|
|-weather|SunnyDay|[upkeep]
|upkeep
|turn|9
|
|switch|p2a: Necrozma|Necrozma-Dusk-Mane, shiny|100/100
|move|p1a: Lugia|Roost||[still]
|-fail|p1a: Lugia|heal
|
|-weather|SunnyDay|[upkeep]
|-fieldend|Misty Terrain
|upkeep
|turn|10
|
|move|p1a: Lugia|Thunder Wave|p2a: Necrozma|[miss]
|-miss|p1a: Lugia|p2a: Necrozma
|move|p2a: Necrozma|Toxic|p1a: Lugia
|-status|p1a: Lugia|tox
|
|-weather|none
|-damage|p1a: Lugia|94/100 tox|[from] psn
|upkeep
|turn|11
|
|move|p1a: Lugia|Thunder Wave|p2a: Necrozma
|-status|p2a: Necrozma|par
|move|p2a: Necrozma|Knock Off|p1a: Lugia
|-supereffective|p1a: Lugia
|-damage|p1a: Lugia|60/100 tox
|-enditem|p1a: Lugia|Heavy-Duty Boots|[from] move: Knock Off|[of] p2a: Necrozma
|
|-damage|p1a: Lugia|48/100 tox|[from] psn
|upkeep
|turn|12
|
|move|p2a: Necrozma|Knock Off|p1a: Lugia
|-supereffective|p1a: Lugia
|-damage|p1a: Lugia|25/100 tox
|move|p1a: Lugia|Whirlwind|p2a: Necrozma
|drag|p2a: Zacian|Zacian-Crowned|100/100
|-ability|p2a: Zacian|Intrepid Sword|boost
|-boost|p2a: Zacian|atk|1
|
|-damage|p1a: Lugia|6/100 tox|[from] psn
|upkeep
|turn|13
|
|move|p2a: Zacian|Crunch|p1a: Lugia
|-supereffective|p1a: Lugia
|-damage|p1a: Lugia|0 fnt
|faint|p1a: Lugia
|
|upkeep
|
|switch|p1a: Zacian|Zacian-Crowned|100/100
|-damage|p1a: Zacian|94/100|[from] Stealth Rock
|-ability|p1a: Zacian|Intrepid Sword|boost
|-boost|p1a: Zacian|atk|1
|turn|14
|
|switch|p2a: Necrozma|Necrozma-Dusk-Mane, shiny|100/100 par
|move|p1a: Zacian|Behemoth Blade|p2a: Necrozma
|-resisted|p2a: Necrozma
|-damage|p2a: Necrozma|69/100 par
|
|-heal|p2a: Necrozma|75/100 par|[from] item: Leftovers
|upkeep
|turn|15
|
|move|p1a: Zacian|Crunch|p2a: Necrozma
|-supereffective|p2a: Necrozma
|-damage|p2a: Necrozma|25/100 par
|move|p2a: Necrozma|Moonlight|p2a: Necrozma
|-heal|p2a: Necrozma|75/100 par
|
|-heal|p2a: Necrozma|81/100 par|[from] item: Leftovers
|upkeep
|turn|16
|
|move|p1a: Zacian|Crunch|p2a: Necrozma
|-supereffective|p2a: Necrozma
|-damage|p2a: Necrozma|31/100 par
|move|p2a: Necrozma|Sunsteel Strike|p1a: Zacian
|-damage|p1a: Zacian|49/100
|
|-heal|p2a: Necrozma|37/100 par|[from] item: Leftovers
|upkeep
|turn|17
|
|switch|p2a: Ho-Oh|Ho-Oh, shiny|100/100
|move|p1a: Zacian|Crunch|p2a: Ho-Oh
|-damage|p2a: Ho-Oh|60/100
|-unboost|p2a: Ho-Oh|def|1
|
|upkeep
|turn|18
|
|switch|p2a: Necrozma|Necrozma-Dusk-Mane, shiny|37/100 par
|move|p1a: Zacian|Crunch|p2a: Necrozma
|-supereffective|p2a: Necrozma
|-damage|p2a: Necrozma|0 fnt
|faint|p2a: Necrozma
|
|upkeep
|
|switch|p2a: Zacian|Zacian-Crowned|100/100
|-ability|p2a: Zacian|Intrepid Sword|boost
|-boost|p2a: Zacian|atk|1
|turn|19
|
|move|p2a: Zacian|Behemoth Blade|p1a: Zacian
|-damage|p1a: Zacian|0 fnt
|faint|p1a: Zacian
|
|upkeep
|
|switch|p1a: Arceus|Arceus|100/100
|-damage|p1a: Arceus|88/100|[from] Stealth Rock
|turn|20
|
|move|p2a: Zacian|Behemoth Blade|p1a: Arceus
|-damage|p1a: Arceus|30/100
|move|p1a: Arceus|Earthquake|p2a: Zacian
|-supereffective|p2a: Zacian
|-damage|p2a: Zacian|31/100
|
|upkeep
|turn|21
|
|switch|p2a: Ho-Oh|Ho-Oh, shiny|93/100
|move|p1a: Arceus|Extreme Speed|p2a: Ho-Oh
|-damage|p2a: Ho-Oh|59/100
|
|upkeep
|turn|22
|
|move|p1a: Arceus|Extreme Speed|p2a: Ho-Oh
|-damage|p2a: Ho-Oh|23/100
|move|p2a: Ho-Oh|Sacred Fire|p1a: Arceus
|-damage|p1a: Arceus|7/100
|-status|p1a: Arceus|brn
|
|-damage|p1a: Arceus|1/100 brn|[from] brn
|upkeep
|turn|23
|
|move|p1a: Arceus|Extreme Speed|p2a: Ho-Oh
|-damage|p2a: Ho-Oh|5/100
|move|p2a: Ho-Oh|Recover|p2a: Ho-Oh
|-heal|p2a: Ho-Oh|55/100
|
|-damage|p1a: Arceus|0 fnt|[from] brn
|faint|p1a: Arceus
|upkeep
|
|switch|p1a: Rayquaza|Rayquaza|100/100
|-damage|p1a: Rayquaza|76/100|[from] Stealth Rock
|-ability|p1a: Rayquaza|Air Lock
|turn|24
|
|detailschange|p1a: Rayquaza|Rayquaza-Mega
|-mega|p1a: Rayquaza|Rayquaza|
|-weather|DeltaStream|[from] ability: Delta Stream|[of] p1a: Rayquaza
|move|p1a: Rayquaza|Dragon Dance|p1a: Rayquaza
|-boost|p1a: Rayquaza|atk|1
|-boost|p1a: Rayquaza|spe|1
|move|p2a: Ho-Oh|Sacred Fire|p1a: Rayquaza
|-resisted|p1a: Rayquaza
|-damage|p1a: Rayquaza|60/100
|-status|p1a: Rayquaza|brn
|
|-weather|DeltaStream|[upkeep]
|-damage|p1a: Rayquaza|54/100 brn|[from] brn
|upkeep
|turn|25
|
|move|p1a: Rayquaza|Dragon Ascent|p2a: Ho-Oh
|-damage|p2a: Ho-Oh|15/100
|-unboost|p1a: Rayquaza|def|1
|-unboost|p1a: Rayquaza|spd|1
|move|p2a: Ho-Oh|Recover|p2a: Ho-Oh
|-heal|p2a: Ho-Oh|65/100
|
|-weather|DeltaStream|[upkeep]
|-damage|p1a: Rayquaza|48/100 brn|[from] brn
|upkeep
|turn|26
|
|move|p1a: Rayquaza|Dragon Ascent|p2a: Ho-Oh
|-damage|p2a: Ho-Oh|19/100
|-unboost|p1a: Rayquaza|def|1
|-unboost|p1a: Rayquaza|spd|1
|move|p2a: Ho-Oh|Recover|p2a: Ho-Oh
|-heal|p2a: Ho-Oh|69/100
|
|-weather|DeltaStream|[upkeep]
|-damage|p1a: Rayquaza|42/100 brn|[from] brn
|upkeep
|turn|27
|
|move|p1a: Rayquaza|Dragon Ascent|p2a: Ho-Oh
|-damage|p2a: Ho-Oh|29/100
|-unboost|p1a: Rayquaza|def|1
|-unboost|p1a: Rayquaza|spd|1
|move|p2a: Ho-Oh|Recover|p2a: Ho-Oh
|-heal|p2a: Ho-Oh|79/100
|
|-weather|DeltaStream|[upkeep]
|-damage|p1a: Rayquaza|36/100 brn|[from] brn
|upkeep
|turn|28
|
|move|p1a: Rayquaza|Dragon Ascent|p2a: Ho-Oh
|-damage|p2a: Ho-Oh|35/100
|-unboost|p1a: Rayquaza|def|1
|-unboost|p1a: Rayquaza|spd|1
|move|p2a: Ho-Oh|Recover|p2a: Ho-Oh
|-heal|p2a: Ho-Oh|85/100
|
|-weather|DeltaStream|[upkeep]
|-damage|p1a: Rayquaza|30/100 brn|[from] brn
|upkeep
|turn|29
|
|move|p1a: Rayquaza|Dragon Dance|p1a: Rayquaza
|-boost|p1a: Rayquaza|atk|1
|-boost|p1a: Rayquaza|spe|1
|move|p2a: Ho-Oh|Recover|p2a: Ho-Oh
|-heal|p2a: Ho-Oh|100/100
|
|-weather|DeltaStream|[upkeep]
|-damage|p1a: Rayquaza|24/100 brn|[from] brn
|upkeep
|-enditem|p1a: Rayquaza|Liechi Berry|[eat]
|-boost|p1a: Rayquaza|atk|1|[from] item: Liechi Berry
|turn|30
|
|move|p1a: Rayquaza|Dragon Ascent|p2a: Ho-Oh
|-damage|p2a: Ho-Oh|27/100
|-unboost|p1a: Rayquaza|def|1
|-unboost|p1a: Rayquaza|spd|1
|move|p2a: Ho-Oh|Sacred Fire|p1a: Rayquaza
|-resisted|p1a: Rayquaza
|-damage|p1a: Rayquaza|0 fnt
|faint|p1a: Rayquaza
|-weather|none
|
|win|NevilleLovegood
|raw|OnMaWa's rating: 1727 &rarr; <strong>1697</strong><br />(-30 for losing)
|raw|NevilleLovegood's rating: 1534 &rarr; <strong>1564</strong><br />(+30 for winning)
