|j|☆cllout
|j|☆jtgotbored
|t:|1667868042
|gametype|singles
|player|p1|cllout|misty-lgpe|1541
|player|p2|jtgotbored|red|1578
|teamsize|p1|6
|teamsize|p2|6
|gen|8
|tier|[Gen 8] National Dex AG
|rated|
|rule|HP Percentage Mod: HP is shown in percentages
|rule|Endless Battle Clause: Forcing endless battles is banned
|clearpoke
|poke|p1|Deoxys-Speed|
|poke|p1|Marshadow|
|poke|p1|Shaymin-Sky|
|poke|p1|Yveltal|
|poke|p1|Calyrex-Shadow|
|poke|p1|Groudon|
|poke|p2|Smeargle, M|
|poke|p2|Smeargle, F|
|poke|p2|Calyrex-Shadow|
|poke|p2|Magearna|
|poke|p2|Diancie|
|poke|p2|Lugia|
|teampreview
|inactive|Battle timer is ON: inactive players will automatically lose when time's up. (requested by cllout)
|
|t:|1667868049
|start
|switch|p1a: Deoxys|Deoxys-Speed|100/100
|switch|p2a: Smeargle|Smeargle, M, shiny|100/100
|-ability|p1a: Deoxys|Pressure
|turn|1
|
|t:|1667868054
|move|p1a: Deoxys|Nasty Plot|p1a: Deoxys
|-boost|p1a: Deoxys|spa|2
|move|p2a: Smeargle|Spore|p1a: Deoxys
|-status|p1a: Deoxys|slp|[from] move: Spore
|
|-ability|p2a: Smeargle|Moody|boost
|-boost|p2a: Smeargle|spe|2
|-unboost|p2a: Smeargle|spd|1
|upkeep
|turn|2
|
|t:|1667868063
|move|p2a: Smeargle|Sticky Web|p1a: Deoxys
|-sidestart|p1: cllout|move: Sticky Web
|cant|p1a: Deoxys|slp
|
|-ability|p2a: Smeargle|Moody|boost
|-boost|p2a: Smeargle|def|2
|-unboost|p2a: Smeargle|atk|1
|upkeep
|turn|3
|
|t:|1667868069
|move|p2a: Smeargle|No Retreat|p2a: Smeargle
|-boost|p2a: Smeargle|atk|1
|-boost|p2a: Smeargle|def|1
|-boost|p2a: Smeargle|spa|1
|-boost|p2a: Smeargle|spd|1
|-boost|p2a: Smeargle|spe|1
|-start|p2a: Smeargle|move: No Retreat
|cant|p1a: Deoxys|slp
|
|-ability|p2a: Smeargle|Moody|boost
|-boost|p2a: Smeargle|spe|2
|-unboost|p2a: Smeargle|spa|1
|upkeep
|turn|4
|
|t:|1667868081
|move|p2a: Smeargle|Baton Pass|p2a: Smeargle
|
|t:|1667868090
|switch|p2a: Smeargle|Smeargle, F|100/100|[from]move: Baton Pass
|-curestatus|p1a: Deoxys|slp|[msg]
|move|p1a: Deoxys|Thunderbolt|p2a: Smeargle
|-enditem|p2a: Smeargle|Focus Sash
|-damage|p2a: Smeargle|1/100
|
|-ability|p2a: Smeargle|Moody|boost
|-boost|p2a: Smeargle|spd|2
|-unboost|p2a: Smeargle|spe|1
|upkeep
|turn|5
|
|t:|1667868109
|switch|p1a: Shaymin|Shaymin-Sky|100/100
|move|p2a: Smeargle|Spore|p1a: Shaymin
|-immune|p1a: Shaymin
|
|-ability|p2a: Smeargle|Moody|boost
|-boost|p2a: Smeargle|atk|2
|-unboost|p2a: Smeargle|spa|1
|upkeep
|turn|6
|inactive|cllout has 120 seconds left.
|
|t:|1667868134
|move|p2a: Smeargle|Baton Pass|p2a: Smeargle
|
|t:|1667868153
|switch|p2a: Diancie|Diancie|100/100|[from]move: Baton Pass
|move|p1a: Shaymin|Air Slash|p2a: Diancie
|-resisted|p2a: Diancie
|-damage|p2a: Diancie|88/100
|-damage|p1a: Shaymin|91/100|[from] item: Life Orb
|
|upkeep
|turn|7
|inactive|cllout has 120 seconds left.
|
|t:|1667868197
|switch|p1a: Groudon|Groudon|100/100
|-activate|p1a: Groudon|move: Sticky Web
|-unboost|p1a: Groudon|spe|1
|detailschange|p1a: Groudon|Groudon-Primal
|-primal|p1a: Groudon
|-weather|DesolateLand|[from] ability: Desolate Land|[of] p1a: Groudon
|detailschange|p2a: Diancie|Diancie-Mega
|-mega|p2a: Diancie|Diancie|Diancite
|move|p2a: Diancie|Diamond Storm|p1a: Groudon
|-damage|p1a: Groudon|42/100
|-boost|p2a: Diancie|def|2
|
|-weather|DesolateLand|[upkeep]
|upkeep
|turn|8
|
|t:|1667868212
|move|p2a: Diancie|Diamond Storm|p1a: Groudon
|-damage|p1a: Groudon|0 fnt
|faint|p1a: Groudon
|-weather|none
|
|upkeep
|inactive|cllout has 90 seconds left.
|
|t:|1667868227
|switch|p1a: Marshadow|Marshadow|100/100
|-activate|p1a: Marshadow|move: Sticky Web
|-unboost|p1a: Marshadow|spe|1
|turn|9
|
|t:|1667868232
|move|p2a: Diancie|Play Rough|p1a: Marshadow
|-supereffective|p1a: Marshadow
|-crit|p1a: Marshadow
|-enditem|p1a: Marshadow|Focus Sash
|-damage|p1a: Marshadow|1/100
|move|p1a: Marshadow|Spectral Thief||[still]
|-clearpositiveboost|p2a: Diancie|p1a: Marshadow|move: Spectral Thief
|-boost|p1a: Marshadow|atk|2
|-boost|p1a: Marshadow|def|5
|-boost|p1a: Marshadow|spd|2
|-boost|p1a: Marshadow|spe|4
|-anim|p1a: Marshadow|Spectral Thief|p2a: Diancie
|-damage|p2a: Diancie|0 fnt
|faint|p2a: Diancie
|
|upkeep
|
|t:|1667868259
|switch|p2a: Smeargle|Smeargle, M, shiny|100/100
|turn|10
|
|t:|1667868268
|move|p1a: Marshadow|Close Combat|p2a: Smeargle
|-supereffective|p2a: Smeargle
|-enditem|p2a: Smeargle|Focus Sash
|-damage|p2a: Smeargle|1/100
|-unboost|p1a: Marshadow|def|1
|-unboost|p1a: Marshadow|spd|1
|move|p2a: Smeargle|Spore|p1a: Marshadow
|-status|p1a: Marshadow|slp|[from] move: Spore
|
|-ability|p2a: Smeargle|Moody|boost
|-boost|p2a: Smeargle|spe|2
|-unboost|p2a: Smeargle|def|1
|upkeep
|turn|11
|
|t:|1667868286
|switch|p2a: Calyrex|Calyrex-Shadow|100/100
|-ability|p2a: Calyrex|As One
|-ability|p2a: Calyrex|Unnerve
|cant|p1a: Marshadow|slp
|
|upkeep
|turn|12
|
|t:|1667868294
|-start|p2a: Calyrex|Dynamax|
|-heal|p2a: Calyrex|100/100|[silent]
|-curestatus|p1a: Marshadow|slp|[msg]
|move|p1a: Marshadow|Shadow Sneak|p2a: Calyrex
|-supereffective|p2a: Calyrex
|-crit|p2a: Calyrex
|-enditem|p2a: Calyrex|Focus Sash
|-damage|p2a: Calyrex|1/100
|move|p2a: Calyrex|Max Phantasm|p1a: Marshadow
|-supereffective|p1a: Marshadow
|-damage|p1a: Marshadow|0 fnt
|faint|p1a: Marshadow
|-ability|p2a: Calyrex|Grim Neigh|boost
|-boost|p2a: Calyrex|spa|1
|
|upkeep
|
|t:|1667868307
|switch|p1a: Yveltal|Yveltal, shiny|100/100
|-ability|p1a: Yveltal|Dark Aura
|turn|13
|
|t:|1667868316
|move|p2a: Calyrex|Max Phantasm|p1a: Yveltal
|-resisted|p1a: Yveltal
|-damage|p1a: Yveltal|53/100
|-unboost|p1a: Yveltal|def|1
|move|p1a: Yveltal|Defog|p2a: Calyrex
|-unboost|p2a: Calyrex|evasion|1
|-sideend|p1: cllout|Sticky Web|[from] move: Defog|[of] p1a: Yveltal
|
|upkeep
|turn|14
|inactive|cllout has 120 seconds left.
|
|t:|1667868336
|move|p2a: Calyrex|Max Phantasm|p1a: Yveltal
|-resisted|p1a: Yveltal
|-damage|p1a: Yveltal|11/100
|-unboost|p1a: Yveltal|def|1
|move|p1a: Yveltal|Roost|p1a: Yveltal
|-heal|p1a: Yveltal|61/100
|-singleturn|p1a: Yveltal|move: Roost
|
|upkeep
|-end|p2a: Calyrex|Dynamax
|-heal|p2a: Calyrex|1/100|[silent]
|turn|15
|
|t:|1667868349
|move|p2a: Calyrex|Dark Pulse|p1a: Yveltal
|-resisted|p1a: Yveltal
|-damage|p1a: Yveltal|38/100
|cant|p1a: Yveltal|flinch
|
|upkeep
|turn|16
|
|t:|1667868355
|move|p2a: Calyrex|Astral Barrage|p1a: Yveltal
|-resisted|p1a: Yveltal
|-damage|p1a: Yveltal|0 fnt
|faint|p1a: Yveltal
|-ability|p2a: Calyrex|Grim Neigh|boost
|-boost|p2a: Calyrex|spa|1
|
|upkeep
|
|t:|1667868373
|switch|p1a: Deoxys|Deoxys-Speed|100/100
|-ability|p1a: Deoxys|Pressure
|turn|17
|
|t:|1667868383
|move|p1a: Deoxys|Thunderbolt|p2a: Calyrex
|-damage|p2a: Calyrex|0 fnt
|faint|p2a: Calyrex
|
|upkeep
|
|t:|1667868395
|switch|p2a: Lugia|Lugia, shiny|100/100
|turn|18
|inactive|cllout has 120 seconds left.
|
|t:|1667868402
|move|p1a: Deoxys|Nasty Plot|p1a: Deoxys
|-boost|p1a: Deoxys|spa|2
|move|p2a: Lugia|Toxic|p1a: Deoxys
|-status|p1a: Deoxys|tox
|
|-damage|p1a: Deoxys|94/100 tox|[from] psn
|upkeep
|turn|19
|inactive|cllout has 120 seconds left.
|
|t:|1667868419
|move|p1a: Deoxys|Nasty Plot|p1a: Deoxys
|-boost|p1a: Deoxys|spa|2
|move|p2a: Lugia|Aeroblast|p1a: Deoxys
|-damage|p1a: Deoxys|45/100 tox
|
|-damage|p1a: Deoxys|33/100 tox|[from] psn
|upkeep
|turn|20
|inactive|cllout has 120 seconds left.
|
|t:|1667868434
|move|p1a: Deoxys|Thunderbolt|p2a: Lugia
|-supereffective|p2a: Lugia
|-damage|p2a: Lugia|54/100
|move|p2a: Lugia|Recover|p2a: Lugia
|-heal|p2a: Lugia|100/100
|
|-damage|p1a: Deoxys|14/100 tox|[from] psn
|upkeep
|turn|21
|
|t:|1667868444
|-zpower|p1a: Deoxys
|move|p1a: Deoxys|Shattered Psyche|p2a: Lugia|[zeffect]
|-resisted|p2a: Lugia
|-damage|p2a: Lugia|62/100
|move|p2a: Lugia|Recover|p2a: Lugia
|-heal|p2a: Lugia|100/100
|
|-damage|p1a: Deoxys|0 fnt|[from] psn
|faint|p1a: Deoxys
|upkeep
|
|t:|1667868452
|switch|p1a: Calyrex|Calyrex-Shadow|100/100
|-ability|p1a: Calyrex|As One
|-ability|p1a: Calyrex|Unnerve
|turn|22
|inactive|cllout has 120 seconds left.
|
|t:|1667868463
|move|p1a: Calyrex|Nasty Plot|p1a: Calyrex
|-boost|p1a: Calyrex|spa|2
|move|p2a: Lugia|Toxic|p1a: Calyrex
|-status|p1a: Calyrex|tox
|
|-damage|p1a: Calyrex|94/100 tox|[from] psn
|upkeep
|turn|23
|inactive|cllout has 120 seconds left.
|
|t:|1667868469
|move|p1a: Calyrex|Nasty Plot|p1a: Calyrex
|-boost|p1a: Calyrex|spa|2
|move|p2a: Lugia|Aeroblast|p1a: Calyrex
|-damage|p1a: Calyrex|63/100 tox
|
|-damage|p1a: Calyrex|51/100 tox|[from] psn
|upkeep
|turn|24
|inactive|cllout has 120 seconds left.
|
|t:|1667868495
|move|p1a: Calyrex|Astral Barrage|p2a: Lugia
|-supereffective|p2a: Lugia
|-damage|p2a: Lugia|0 fnt
|faint|p2a: Lugia
|-ability|p1a: Calyrex|Grim Neigh|boost
|-boost|p1a: Calyrex|spa|1
|
|-damage|p1a: Calyrex|32/100 tox|[from] psn
|upkeep
|
|t:|1667868501
|switch|p2a: Smeargle|Smeargle, F|1/100
|turn|25
|
|t:|1667868505
|move|p1a: Calyrex|Draining Kiss|p2a: Smeargle
|-damage|p2a: Smeargle|0 fnt
|-heal|p1a: Calyrex|33/100 tox|[from] drain|[of] p2a: Smeargle
|faint|p2a: Smeargle
|-ability|p1a: Calyrex|Grim Neigh|boost
|-boost|p1a: Calyrex|spa|1
|
|-damage|p1a: Calyrex|8/100 tox|[from] psn
|upkeep
|
|t:|1667868507
|switch|p2a: Smeargle|Smeargle, M, shiny|1/100
|turn|26
|
|t:|1667868514
|move|p1a: Calyrex|Baton Pass|p1a: Calyrex
|
|t:|1667868516
|switch|p1a: Shaymin|Shaymin-Sky|91/100|[from]move: Baton Pass
|move|p2a: Smeargle|No Retreat|p2a: Smeargle
|-boost|p2a: Smeargle|atk|1
|-boost|p2a: Smeargle|def|1
|-boost|p2a: Smeargle|spa|1
|-boost|p2a: Smeargle|spd|1
|-boost|p2a: Smeargle|spe|1
|-start|p2a: Smeargle|move: No Retreat
|
|-ability|p2a: Smeargle|Moody|boost
|-boost|p2a: Smeargle|def|2
|-unboost|p2a: Smeargle|spa|1
|upkeep
|turn|27
|
|t:|1667868530
|move|p2a: Smeargle|Baton Pass|p2a: Smeargle
|
|t:|1667868531
|switch|p2a: Magearna|Magearna|100/100|[from]move: Baton Pass
|move|p1a: Shaymin|Earth Power|p2a: Magearna
|-supereffective|p2a: Magearna
|-damage|p2a: Magearna|0 fnt
|faint|p2a: Magearna
|-damage|p1a: Shaymin|81/100|[from] item: Life Orb
|
|upkeep
|c|☆jtgotbored|NOOOOOOOOOOOOOoooooooooooooooooooooooooooooo...............................
|c|☆cllout|oof
|
|t:|1667868545
|switch|p2a: Smeargle|Smeargle, M, shiny|1/100
|turn|28
|c|☆jtgotbored|gg
|c|☆cllout|gg
|
|t:|1667868551
|move|p1a: Shaymin|Earth Power|p2a: Smeargle
|-damage|p2a: Smeargle|0 fnt
|faint|p2a: Smeargle
|-damage|p1a: Shaymin|71/100|[from] item: Life Orb
|
|win|cllout
|raw|cllout's rating: 1541 &rarr; <strong>1563</strong><br />(+22 for winning)
|raw|jtgotbored's rating: 1578 &rarr; <strong>1556</strong><br />(-22 for losing)
|j| TMQQ10
|l|☆jtgotbored
||Ladder isn't responding, score probably updated but might not have (Request timeout).
