|j|☆Freeity
|j|☆JellyNPC
|t:|1655917885
|gametype|singles
|player|p1|Freeity|hugh|
|player|p2|JellyNPC|ethan|
|teamsize|p1|6
|teamsize|p2|6
|gen|8
|tier|[Gen 8] National Dex AG
|rule|HP Percentage Mod: HP is shown in percentages
|rule|Endless Battle Clause: Forcing endless battles is banned
|clearpoke
|poke|p1|Zacian-*|
|poke|p1|Yveltal|
|poke|p1|Necrozma-Dusk-Mane|
|poke|p1|Groudon|
|poke|p1|Giratina-Origin|
|poke|p1|Arceus-*|
|poke|p2|Malamar, M|
|poke|p2|Xerneas-*|
|poke|p2|Rattata, L1, F|
|poke|p2|Buzzwole|
|poke|p2|Darkrai|
|poke|p2|Regieleki|
|teampreview
|inactive|Battle timer is ON: inactive players will automatically lose when time's up. (requested by JellyNPC)
|
|t:|1655917913
|start
|switch|p1a: Mikey|Groudon|100/100
|switch|p2a: Rattata|Rattata, L1, F, shiny|100/100
|detailschange|p1a: Mikey|Groudon-Primal
|-primal|p1a: Mikey
|-weather|DesolateLand|[from] ability: Desolate Land|[of] p1a: Mikey
|turn|1
|
|t:|1655917920
|-weather|none
|switch|p1a: Kisaki|Giratina-Origin|100/100
|move|p2a: Rattata|Endeavor|p1a: Kisaki
|-immune|p1a: Kisaki
|
|upkeep
|turn|2
|c|☆Freeity|mhm i see
|c|☆JellyNPC|bully
|
|t:|1655917944
|move|p2a: Rattata|Pursuit|p1a: Kisaki
|-supereffective|p1a: Kisaki
|-damage|p1a: Kisaki|99/100
|move|p1a: Kisaki|Dragon Tail|p2a: Rattata
|-enditem|p2a: Rattata|Focus Sash
|-damage|p2a: Rattata|10/100
|drag|p2a: Malamar|Malamar, M|100/100
|
|upkeep
|turn|3
|c|☆JellyNPC|1 dmg
|c|☆JellyNPC|so much
|
|t:|1655917954
|switch|p2a: Rattata|Rattata, L1, F, shiny|10/100
|move|p1a: Kisaki|Dragon Tail|p2a: Rattata
|-damage|p2a: Rattata|0 fnt
|faint|p2a: Rattata
|
|upkeep
|
|t:|1655917961
|switch|p2a: Darkrai|Darkrai|100/100
|turn|4
|
|t:|1655917966
|move|p2a: Darkrai|Hypnosis|p1a: Kisaki|[miss]
|-miss|p2a: Darkrai|p1a: Kisaki
|move|p1a: Kisaki|Dragon Tail|p2a: Darkrai
|-crit|p2a: Darkrai
|-damage|p2a: Darkrai|40/100
|drag|p2a: Buzzwole|Buzzwole|100/100
|
|upkeep
|turn|5
|
|t:|1655917977
|switch|p2a: Xerneas|Xerneas, shiny|100/100
|-ability|p2a: Xerneas|Fairy Aura
|move|p1a: Kisaki|Will-O-Wisp|p2a: Xerneas
|-status|p2a: Xerneas|brn
|
|-damage|p2a: Xerneas|94/100 brn|[from] brn
|upkeep
|turn|6
|
|t:|1655917985
|switch|p1a: Kazutora|Zacian-Crowned|100/100
|-ability|p1a: Kazutora|Intrepid Sword|boost
|-boost|p1a: Kazutora|atk|1
|move|p2a: Xerneas|Moonblast|p1a: Kazutora
|-resisted|p1a: Kazutora
|-damage|p1a: Kazutora|69/100
|-unboost|p1a: Kazutora|spa|1
|
|-damage|p2a: Xerneas|88/100 brn|[from] brn
|upkeep
|turn|7
|c|☆Freeity|sweep time
|
|t:|1655917996
|switch|p2a: Malamar|Malamar, M|100/100
|move|p1a: Kazutora|Behemoth Blade|p2a: Malamar
|-damage|p2a: Malamar|0 fnt
|faint|p2a: Malamar
|
|upkeep
|
|t:|1655918000
|switch|p2a: Regieleki|Regieleki, shiny|100/100
|turn|8
|
|t:|1655918013
|switch|p1a: Mikey|Groudon-Primal|100/100
|-weather|DesolateLand|[from] ability: Desolate Land|[of] p1a: Mikey
|move|p2a: Regieleki|Electroweb|p1a: Mikey
|-immune|p1a: Mikey
|
|-weather|DesolateLand|[upkeep]
|upkeep
|turn|9
|
|t:|1655918021
|switch|p2a: Darkrai|Darkrai|40/100
|move|p1a: Mikey|Stealth Rock|p2a: Darkrai
|-sidestart|p2: JellyNPC|move: Stealth Rock
|
|-weather|DesolateLand|[upkeep]
|upkeep
|turn|10
|
|t:|1655918029
|-weather|none
|switch|p1a: Kisaki|Giratina-Origin|99/100
|move|p2a: Darkrai|Hypnosis|p1a: Kisaki|[miss]
|-miss|p2a: Darkrai|p1a: Kisaki
|
|upkeep
|turn|11
|
|t:|1655918034
|move|p2a: Darkrai|Dark Pulse|p1a: Kisaki
|-supereffective|p1a: Kisaki
|-damage|p1a: Kisaki|41/100
|cant|p1a: Kisaki|flinch
|
|upkeep
|turn|12
|
|t:|1655918044
|switch|p1a: Baji|Yveltal|100/100
|-ability|p1a: Baji|Dark Aura
|move|p2a: Darkrai|Dark Pulse|p1a: Baji
|-resisted|p1a: Baji
|-damage|p1a: Baji|83/100
|
|upkeep
|turn|13
|
|t:|1655918048
|move|p2a: Darkrai|Hypnosis|p1a: Baji
|-status|p1a: Baji|slp|[from] move: Hypnosis
|cant|p1a: Baji|slp
|
|-damage|p1a: Baji|71/100 slp|[from] ability: Bad Dreams|[of] p2a: Darkrai
|upkeep
|turn|14
|
|t:|1655918052
|move|p2a: Darkrai|Nasty Plot|p2a: Darkrai
|-boost|p2a: Darkrai|spa|2
|cant|p1a: Baji|slp
|
|-damage|p1a: Baji|58/100 slp|[from] ability: Bad Dreams|[of] p2a: Darkrai
|upkeep
|turn|15
|
|t:|1655918060
|move|p2a: Darkrai|Dark Pulse|p1a: Baji
|-resisted|p1a: Baji
|-damage|p1a: Baji|27/100 slp
|-curestatus|p1a: Baji|slp|[msg]
|cant|p1a: Baji|flinch
|
|upkeep
|turn|16
|
|t:|1655918066
|move|p2a: Darkrai|Dark Pulse|p1a: Baji
|-resisted|p1a: Baji
|-damage|p1a: Baji|0 fnt
|faint|p1a: Baji
|
|upkeep
|c|☆Freeity|bruh
|c|☆Freeity|ur RNG
|c|☆Freeity|mad lucky
|c|☆JellyNPC|ik
|
|t:|1655918081
|switch|p1a: Draken|Arceus-Electric|100/100
|turn|17
|
|t:|1655918085
|-start|p1a: Draken|Dynamax|
|-heal|p1a: Draken|100/100|[silent]
|move|p2a: Darkrai|Hypnosis|p1a: Draken
|-status|p1a: Draken|slp|[from] move: Hypnosis
|cant|p1a: Draken|slp
|
|-damage|p1a: Draken|94/100 slp|[from] ability: Bad Dreams|[of] p2a: Darkrai
|upkeep
|turn|18
|
|t:|1655918092
|move|p2a: Darkrai|Nasty Plot|p2a: Darkrai
|-boost|p2a: Darkrai|spa|2
|-curestatus|p1a: Draken|slp|[msg]
|move|p1a: Draken|Max Lightning|p2a: Darkrai
|-damage|p2a: Darkrai|0 fnt
|-fieldstart|move: Electric Terrain
|faint|p2a: Darkrai
|
|upkeep
|c|☆JellyNPC|huh
|c|☆Freeity|sugoma
|
|t:|1655918101
|switch|p2a: Buzzwole|Buzzwole|100/100
|-damage|p2a: Buzzwole|88/100|[from] Stealth Rock
|turn|19
|
|t:|1655918105
|-start|p2a: Buzzwole|Dynamax|
|-heal|p2a: Buzzwole|88/100|[silent]
|move|p1a: Draken|Max Lightning|p2a: Buzzwole
|-damage|p2a: Buzzwole|4/100
|move|p2a: Buzzwole|Max Quake|p1a: Draken
|-supereffective|p1a: Draken
|-damage|p1a: Draken|57/100
|-boost|p2a: Buzzwole|spd|1
|
|upkeep
|-end|p1a: Draken|Dynamax
|-heal|p1a: Draken|57/100|[silent]
|turn|20
|c|☆JellyNPC|the spd raise is gonna help so much
|
|t:|1655918130
|move|p1a: Draken|Judgment|p2a: Buzzwole
|-damage|p2a: Buzzwole|0 fnt
|faint|p2a: Buzzwole
|
|upkeep
|
|t:|1655918135
|switch|p2a: Regieleki|Regieleki, shiny|100/100
|-damage|p2a: Regieleki|88/100|[from] Stealth Rock
|turn|21
|
|t:|1655918140
|switch|p1a: Mikey|Groudon-Primal|100/100
|-weather|DesolateLand|[from] ability: Desolate Land|[of] p1a: Mikey
|move|p2a: Regieleki|Light Screen|p2a: Regieleki
|-sidestart|p2: JellyNPC|move: Light Screen
|
|-weather|DesolateLand|[upkeep]
|upkeep
|turn|22
|
|t:|1655918149
|switch|p2a: Xerneas|Xerneas, shiny|88/100 brn
|-damage|p2a: Xerneas|76/100 brn|[from] Stealth Rock
|-ability|p2a: Xerneas|Fairy Aura
|move|p1a: Mikey|Precipice Blades|p2a: Xerneas
|-damage|p2a: Xerneas|10/100 brn
|
|-weather|DesolateLand|[upkeep]
|-damage|p2a: Xerneas|4/100 brn|[from] brn
|-fieldend|move: Electric Terrain
|upkeep
|turn|23
|c|☆JellyNPC|yeahhh
|c|☆JellyNPC|gg
|
|t:|1655918160
|move|p2a: Xerneas|Moonblast|p1a: Mikey
|-resisted|p1a: Mikey
|-damage|p1a: Mikey|67/100
|-unboost|p1a: Mikey|spa|1
|move|p1a: Mikey|Lava Plume|p2a: Xerneas
|-damage|p2a: Xerneas|0 fnt
|faint|p2a: Xerneas
|
|-weather|DesolateLand|[upkeep]
|upkeep
|
|t:|1655918168
|switch|p2a: Regieleki|Regieleki, shiny|88/100
|-damage|p2a: Regieleki|76/100|[from] Stealth Rock
|turn|24
|
|t:|1655918173
|move|p2a: Regieleki|Electroweb|p1a: Mikey
|-immune|p1a: Mikey
|move|p1a: Mikey|Precipice Blades|p2a: Regieleki
|-supereffective|p2a: Regieleki
|-damage|p2a: Regieleki|0 fnt
|faint|p2a: Regieleki
|
|win|Freeity
