|j|☆Futo810
|j|☆v87
|t:|1661679425
|gametype|singles
|player|p1|Futo810|pokemonbreederf-gen4|1615
|player|p2|v87|265|1865
|teamsize|p1|6
|teamsize|p2|6
|gen|8
|tier|[Gen 8] National Dex AG
|rated|
|rule|HP Percentage Mod: HP is shown in percentages
|rule|Endless Battle Clause: Forcing endless battles is banned
|clearpoke
|poke|p1|Rayquaza|
|poke|p1|Arceus-*|
|poke|p1|Zacian-*|
|poke|p1|Groudon|
|poke|p1|Marshadow|
|poke|p1|Arceus-*|
|poke|p2|Zacian-*|
|poke|p2|Groudon|
|poke|p2|Yveltal|
|poke|p2|Rayquaza|
|poke|p2|Kyogre|
|poke|p2|Tornadus, M|
|teampreview
|
|t:|1661679432
|start
|switch|p1a: Arceus|Arceus-Dark|100/100
|switch|p2a: Groudon|Groudon|100/100
|detailschange|p2a: Groudon|Groudon-Primal
|-primal|p2a: Groudon
|-weather|DesolateLand|[from] ability: Desolate Land|[of] p2a: Groudon
|turn|1
|
|t:|1661679442
|move|p1a: Arceus|Tailwind|p1a: Arceus
|-sidestart|p1: Futo810|move: Tailwind
|move|p2a: Groudon|Thunder Wave|p1a: Arceus
|-status|p1a: Arceus|par
|
|-weather|DesolateLand|[upkeep]
|upkeep
|turn|2
|
|t:|1661679448
|switch|p1a: Arceus|Arceus-Flying, shiny|100/100
|move|p2a: Groudon|Stealth Rock|p1a: Arceus
|-sidestart|p1: Futo810|move: Stealth Rock
|
|-weather|DesolateLand|[upkeep]
|upkeep
|turn|3
|
|t:|1661679454
|move|p1a: Arceus|Stealth Rock|p2a: Groudon
|-sidestart|p2: v87|move: Stealth Rock
|move|p2a: Groudon|Thunder Wave|p1a: Arceus
|-status|p1a: Arceus|par
|
|-weather|DesolateLand|[upkeep]
|upkeep
|turn|4
|
|t:|1661679461
|-start|p1a: Arceus|Dynamax|
|-heal|p1a: Arceus|100/100 par|[silent]
|move|p1a: Arceus|Max Quake|p2a: Groudon
|-supereffective|p2a: Groudon
|-damage|p2a: Groudon|31/100
|-boost|p1a: Arceus|spd|1
|move|p2a: Groudon|Dragon Tail|p1a: Arceus
|-damage|p1a: Arceus|93/100 par
|-block|p1a: Arceus|Dynamax
|
|-weather|DesolateLand|[upkeep]
|-sideend|p1: Futo810|move: Tailwind
|upkeep
|turn|5
|
|t:|1661679476
|move|p1a: Arceus|Max Steelspike|p2a: Groudon
|-resisted|p2a: Groudon
|-damage|p2a: Groudon|16/100
|-boost|p1a: Arceus|def|1
|move|p2a: Groudon|Dragon Tail|p1a: Arceus
|-damage|p1a: Arceus|87/100 par
|-block|p1a: Arceus|Dynamax
|
|-weather|DesolateLand|[upkeep]
|upkeep
|turn|6
|
|t:|1661679485
|cant|p1a: Arceus|par
|move|p2a: Groudon|Dragon Tail|p1a: Arceus
|-damage|p1a: Arceus|82/100 par
|-block|p1a: Arceus|Dynamax
|
|-weather|DesolateLand|[upkeep]
|upkeep
|-end|p1a: Arceus|Dynamax
|-heal|p1a: Arceus|82/100 par|[silent]
|turn|7
|
|t:|1661679495
|move|p1a: Arceus|Judgment|p2a: Groudon
|-damage|p2a: Groudon|0 fnt
|faint|p2a: Groudon
|-weather|none
|
|upkeep
|
|t:|1661679507
|switch|p2a: Zacian|Zacian-Crowned|100/100
|-damage|p2a: Zacian|94/100|[from] Stealth Rock
|-ability|p2a: Zacian|Intrepid Sword|boost
|-boost|p2a: Zacian|atk|1
|turn|8
|l|☆v87
|player|p2|
|inactive|Battle timer is ON: inactive players will automatically lose when time's up. (requested by Futo810)
|j|☆v87
|inactive|v87 reconnected and has 130 seconds left.
|player|p2|v87|265
|
|t:|1661679564
|move|p2a: Zacian|Behemoth Blade|p1a: Arceus
|-damage|p1a: Arceus|45/100 par
|move|p1a: Arceus|Earth Power|p2a: Zacian
|-supereffective|p2a: Zacian
|-damage|p2a: Zacian|43/100
|
|upkeep
|turn|9
|j| sleepdrawwring
|
|t:|1661679580
|switch|p2a: Yveltal|Yveltal|100/100
|-damage|p2a: Yveltal|76/100|[from] Stealth Rock
|-ability|p2a: Yveltal|Dark Aura
|move|p1a: Arceus|Earth Power|p2a: Yveltal
|-immune|p2a: Yveltal
|
|upkeep
|turn|10
|
|t:|1661679591
|-start|p2a: Yveltal|Dynamax|
|-heal|p2a: Yveltal|76/100|[silent]
|move|p2a: Yveltal|Max Airstream|p1a: Arceus
|-damage|p1a: Arceus|1/100 par
|-boost|p2a: Yveltal|spe|1
|-damage|p2a: Yveltal|71/100|[from] item: Life Orb
|move|p1a: Arceus|Judgment|p2a: Yveltal
|-damage|p2a: Yveltal|43/100
|
|upkeep
|turn|11
|
|t:|1661679604
|move|p2a: Yveltal|Max Airstream|p1a: Arceus
|-damage|p1a: Arceus|0 fnt
|-boost|p2a: Yveltal|spe|1
|faint|p1a: Arceus
|-damage|p2a: Yveltal|38/100|[from] item: Life Orb
|
|upkeep
|
|t:|1661679615
|switch|p1a: Arceus|Arceus-Dark|100/100 par
|-damage|p1a: Arceus|88/100 par|[from] Stealth Rock
|turn|12
|
|t:|1661679620
|move|p2a: Yveltal|Max Flutterby|p1a: Arceus
|-supereffective|p1a: Arceus
|-damage|p1a: Arceus|34/100 par
|-unboost|p1a: Arceus|spa|1
|-damage|p2a: Yveltal|33/100|[from] item: Life Orb
|move|p1a: Arceus|Tailwind|p1a: Arceus
|-sidestart|p1: Futo810|move: Tailwind
|
|upkeep
|-end|p2a: Yveltal|Dynamax
|-heal|p2a: Yveltal|33/100|[silent]
|turn|13
|
|t:|1661679642
|move|p2a: Yveltal|U-turn|p1a: Arceus
|-supereffective|p1a: Arceus
|-damage|p1a: Arceus|1/100 par
|-damage|p2a: Yveltal|23/100|[from] item: Life Orb
|
|t:|1661679651
|switch|p2a: Rayquaza|Rayquaza|100/100|[from]move: U-turn
|-damage|p2a: Rayquaza|76/100|[from] Stealth Rock
|-ability|p2a: Rayquaza|Air Lock
|cant|p1a: Arceus|par
|
|upkeep
|turn|14
|
|t:|1661679661
|switch|p1a: Groudon|Groudon|100/100
|-damage|p1a: Groudon|94/100|[from] Stealth Rock
|detailschange|p1a: Groudon|Groudon-Primal
|-primal|p1a: Groudon
|-weather|DesolateLand|[from] ability: Desolate Land|[of] p1a: Groudon
|detailschange|p2a: Rayquaza|Rayquaza-Mega
|-mega|p2a: Rayquaza|Rayquaza|
|-weather|DeltaStream|[from] ability: Delta Stream|[of] p2a: Rayquaza
|move|p2a: Rayquaza|Scale Shot|p1a: Groudon
|-damage|p1a: Groudon|84/100
|-damage|p1a: Groudon|74/100
|-damage|p1a: Groudon|64/100
|-hitcount|p1a: Groudon|3
|-unboost|p2a: Rayquaza|def|1
|-boost|p2a: Rayquaza|spe|1
|
|-weather|DeltaStream|[upkeep]
|upkeep
|turn|15
|
|t:|1661679679
|move|p2a: Rayquaza|Dragon Ascent|p1a: Groudon
|-damage|p1a: Groudon|15/100
|-unboost|p2a: Rayquaza|def|1
|-unboost|p2a: Rayquaza|spd|1
|move|p1a: Groudon|Body Slam|p2a: Rayquaza
|-damage|p2a: Rayquaza|5/100
|-status|p2a: Rayquaza|par
|-enditem|p2a: Rayquaza|Lum Berry|[eat]
|-curestatus|p2a: Rayquaza|par|[msg]
|
|-weather|DeltaStream|[upkeep]
|-sideend|p1: Futo810|move: Tailwind
|upkeep
|turn|16
|
|t:|1661679701
|switch|p1a: Arceus|Arceus-Dark|1/100 par
|-damage|p1a: Arceus|0 fnt|[from] Stealth Rock
|faint|p1a: Arceus
|move|p2a: Rayquaza|Dragon Ascent|p1: Arceus|[notarget]
|-fail|p2a: Rayquaza
|
|-weather|DeltaStream|[upkeep]
|upkeep
|
|t:|1661679708
|switch|p1a: Marshadow|Marshadow|100/100
|-damage|p1a: Marshadow|94/100|[from] Stealth Rock
|turn|17
|
|t:|1661679713
|move|p1a: Marshadow|Shadow Sneak|p2a: Rayquaza
|-damage|p2a: Rayquaza|0 fnt
|faint|p2a: Rayquaza
|-weather|none
|
|upkeep
|
|t:|1661679727
|switch|p2a: Zacian|Zacian-Crowned|43/100
|-damage|p2a: Zacian|37/100|[from] Stealth Rock
|-ability|p2a: Zacian|Intrepid Sword|boost
|-boost|p2a: Zacian|atk|1
|turn|18
|
|t:|1661679736
|move|p1a: Marshadow|Shadow Sneak|p2a: Zacian
|-damage|p2a: Zacian|11/100
|move|p2a: Zacian|Behemoth Blade|p1a: Marshadow
|-damage|p1a: Marshadow|0 fnt
|faint|p1a: Marshadow
|
|upkeep
|
|t:|1661679742
|switch|p1a: Zacian|Zacian-Crowned|100/100
|-damage|p1a: Zacian|94/100|[from] Stealth Rock
|-ability|p1a: Zacian|Intrepid Sword|boost
|-boost|p1a: Zacian|atk|1
|turn|19
|
|t:|1661679768
|switch|p2a: Yveltal|Yveltal|23/100
|-damage|p2a: Yveltal|0 fnt|[from] Stealth Rock
|faint|p2a: Yveltal
|move|p1a: Zacian|Behemoth Blade|p2: Yveltal|[notarget]
|-fail|p1a: Zacian
|
|upkeep
|
|t:|1661679776
|switch|p2a: Tornadus|Tornadus, M|100/100
|-damage|p2a: Tornadus|76/100|[from] Stealth Rock
|turn|20
|
|t:|1661679789
|move|p2a: Tornadus|Tailwind|p2a: Tornadus
|-sidestart|p2: v87|move: Tailwind
|move|p1a: Zacian|Ice Fang|p2a: Tornadus
|-supereffective|p2a: Tornadus
|-damage|p2a: Tornadus|0 fnt
|faint|p2a: Tornadus
|
|upkeep
|
|t:|1661679797
|switch|p2a: Kyogre|Kyogre|100/100
|-damage|p2a: Kyogre|88/100|[from] Stealth Rock
|-weather|RainDance|[from] ability: Drizzle|[of] p2a: Kyogre
|turn|21
|
|t:|1661679803
|switch|p1a: Groudon|Groudon-Primal|15/100
|-damage|p1a: Groudon|3/100|[from] Stealth Rock
|-weather|DesolateLand|[from] ability: Desolate Land|[of] p1a: Groudon
|move|p2a: Kyogre|Ice Beam|p1a: Groudon
|-damage|p1a: Groudon|0 fnt
|faint|p1a: Groudon
|-weather|none
|
|upkeep
|
|t:|1661679812
|switch|p1a: Rayquaza|Rayquaza, shiny|100/100
|-damage|p1a: Rayquaza|76/100|[from] Stealth Rock
|-ability|p1a: Rayquaza|Air Lock
|turn|22
|
|t:|1661679818
|detailschange|p1a: Rayquaza|Rayquaza-Mega, shiny
|-mega|p1a: Rayquaza|Rayquaza|
|-weather|DeltaStream|[from] ability: Delta Stream|[of] p1a: Rayquaza
|move|p2a: Kyogre|Ice Beam|p1a: Rayquaza
|-activate||deltastream
|-supereffective|p1a: Rayquaza
|-damage|p1a: Rayquaza|0 fnt
|faint|p1a: Rayquaza
|-weather|none
|
|upkeep
|
|t:|1661679820
|switch|p1a: Zacian|Zacian-Crowned|94/100
|-damage|p1a: Zacian|88/100|[from] Stealth Rock
|-ability|p1a: Zacian|Intrepid Sword|boost
|-boost|p1a: Zacian|atk|1
|turn|23
|
|t:|1661679832
|move|p2a: Kyogre|Ice Beam|p1a: Zacian
|-resisted|p1a: Zacian
|-damage|p1a: Zacian|62/100
|move|p1a: Zacian|Close Combat|p2a: Kyogre
|-damage|p2a: Kyogre|4/100
|-unboost|p1a: Zacian|def|1
|-unboost|p1a: Zacian|spd|1
|
|-sideend|p2: v87|move: Tailwind
|upkeep
|turn|24
|
|t:|1661679842
|move|p1a: Zacian|Behemoth Blade|p2a: Kyogre
|-resisted|p2a: Kyogre
|-damage|p2a: Kyogre|0 fnt
|faint|p2a: Kyogre
|
|upkeep
|
|t:|1661679848
|switch|p2a: Zacian|Zacian-Crowned|11/100
|-damage|p2a: Zacian|5/100|[from] Stealth Rock
|-ability|p2a: Zacian|Intrepid Sword|boost
|-boost|p2a: Zacian|atk|1
|turn|25
|c| sleepdrawwring|g
|
|t:|1661679854
|move|p1a: Zacian|Behemoth Blade|p2a: Zacian
|-damage|p2a: Zacian|0 fnt
|faint|p2a: Zacian
|
|win|Futo810
|raw|Futo810's rating: 1615 &rarr; <strong>1647</strong><br />(+32 for winning)
|raw|v87's rating: 1865 &rarr; <strong>1833</strong><br />(-32 for losing)
|l| sleepdrawwring
|l|☆v87
|j| Cookie.aoe
|l| Cookie.aoe
|j| sleepdrawwring
|l| sleepdrawwring
|j| sleepdrawwring
|l| sleepdrawwring
