|j|☆diseased rodent
|j|☆ReactJS3
|t:|1635824351
|gametype|singles
|player|p1|diseased rodent|spenser-gen3|1976
|player|p2|ReactJS3|266|1906
|teamsize|p1|6
|teamsize|p2|6
|gen|8
|tier|[Gen 8] National Dex AG
|rated|
|rule|HP Percentage Mod: HP is shown in percentages
|rule|Endless Battle Clause: Forcing endless battles is banned
|clearpoke
|poke|p1|Tyranitar, F|
|poke|p1|Lunala|
|poke|p1|Arceus-*|
|poke|p1|Necrozma-Dusk-Mane|
|poke|p1|Rayquaza|
|poke|p1|Zacian-*|
|poke|p2|Rayquaza|
|poke|p2|Zacian-*|
|poke|p2|Yveltal|
|poke|p2|Groudon|
|poke|p2|Ho-Oh|
|poke|p2|Ditto|
|teampreview
|c|☆diseased rodent|gl
|
|t:|1635824365
|start
|switch|p1a: Rayquaza|Rayquaza|100/100
|switch|p2a: Yveltal|Yveltal|100/100
|-ability|p1a: Rayquaza|Air Lock
|-ability|p2a: Yveltal|Dark Aura
|turn|1
|
|t:|1635824372
|switch|p1a: DWAYNE|Tyranitar, F, shiny|100/100
|-weather|Sandstorm|[from] ability: Sand Stream|[of] p1a: DWAYNE
|-start|p2a: Yveltal|Dynamax
|-heal|p2a: Yveltal|100/100|[silent]
|move|p2a: Yveltal|Max Airstream|p1a: DWAYNE
|-resisted|p1a: DWAYNE
|-damage|p1a: DWAYNE|81/100
|-boost|p2a: Yveltal|spe|1
|-damage|p2a: Yveltal|96/100|[from] item: Life Orb
|
|-weather|Sandstorm|[upkeep]
|-damage|p2a: Yveltal|93/100|[from] Sandstorm
|-heal|p1a: DWAYNE|87/100|[from] item: Leftovers
|upkeep
|turn|2
|
|t:|1635824376
|move|p2a: Yveltal|Max Knuckle|p1a: DWAYNE
|-supereffective|p1a: DWAYNE
|-damage|p1a: DWAYNE|6/100
|-boost|p2a: Yveltal|atk|1
|-damage|p2a: Yveltal|88/100|[from] item: Life Orb
|move|p1a: DWAYNE|Rock Tomb|p2a: Yveltal
|-supereffective|p2a: Yveltal
|-damage|p2a: Yveltal|60/100
|-unboost|p2a: Yveltal|spe|1
|
|-weather|Sandstorm|[upkeep]
|-damage|p2a: Yveltal|57/100|[from] Sandstorm
|-heal|p1a: DWAYNE|12/100|[from] item: Leftovers
|upkeep
|turn|3
|
|t:|1635824384
|move|p2a: Yveltal|Max Airstream|p1a: DWAYNE
|-resisted|p1a: DWAYNE
|-damage|p1a: DWAYNE|0 fnt
|-boost|p2a: Yveltal|spe|1
|faint|p1a: DWAYNE
|-damage|p2a: Yveltal|52/100|[from] item: Life Orb
|
|-weather|Sandstorm|[upkeep]
|-damage|p2a: Yveltal|49/100|[from] Sandstorm
|-end|p2a: Yveltal|Dynamax
|-heal|p2a: Yveltal|49/100|[silent]
|upkeep
|
|t:|1635824388
|switch|p1a: Zacian|Zacian-Crowned|100/100
|-ability|p1a: Zacian|Intrepid Sword|boost
|-boost|p1a: Zacian|atk|1
|turn|4
|
|t:|1635824392
|switch|p2a: Ho-Oh|Ho-Oh|100/100
|move|p1a: Zacian|Behemoth Blade|p2a: Ho-Oh
|-resisted|p2a: Ho-Oh
|-damage|p2a: Ho-Oh|66/100
|
|-weather|Sandstorm|[upkeep]
|-damage|p2a: Ho-Oh|60/100|[from] Sandstorm
|upkeep
|turn|5
|
|t:|1635824398
|switch|p2a: Groudon|Groudon|100/100
|detailschange|p2a: Groudon|Groudon-Primal
|-primal|p2a: Groudon
|-weather|DesolateLand|[from] ability: Desolate Land|[of] p2a: Groudon
|move|p1a: Zacian|Wild Charge|p2a: Groudon
|-immune|p2a: Groudon
|
|-weather|DesolateLand|[upkeep]
|upkeep
|turn|6
|
|t:|1635824401
|switch|p1a: Arceus|Arceus-Ground|100/100
|move|p2a: Groudon|Stealth Rock|p1a: Arceus
|-sidestart|p1: diseased rodent|move: Stealth Rock
|
|-weather|DesolateLand|[upkeep]
|upkeep
|turn|7
|
|t:|1635824410
|-weather|none
|switch|p2a: Ditto|Ditto|100/100
|-transform|p2a: Ditto|p1a: Arceus|[from] ability: Imposter
|move|p1a: Arceus|Defog|p2a: Ditto
|-unboost|p2a: Ditto|evasion|1
|-sideend|p1: diseased rodent|Stealth Rock|[from] move: Defog|[of] p1a: Arceus
|
|upkeep
|turn|8
|
|t:|1635824415
|switch|p2a: Ho-Oh|Ho-Oh|93/100
|switch|p1a: Lunala|Lunala, shiny|100/100
|
|upkeep
|turn|9
|
|t:|1635824420
|move|p1a: Lunala|Toxic|p2a: Ho-Oh
|-status|p2a: Ho-Oh|tox
|move|p2a: Ho-Oh|Toxic|p1a: Lunala
|-status|p1a: Lunala|tox
|
|-damage|p1a: Lunala|94/100 tox|[from] psn
|-damage|p2a: Ho-Oh|87/100 tox|[from] psn
|upkeep
|turn|10
|j| Enjoy as none
|
|t:|1635824427
|switch|p2a: Zacian|Zacian-Crowned|100/100
|-ability|p2a: Zacian|Intrepid Sword|boost
|-boost|p2a: Zacian|atk|1
|move|p1a: Lunala|Moongeist Beam|p2a: Zacian
|-damage|p2a: Zacian|62/100
|
|-damage|p1a: Lunala|82/100 tox|[from] psn
|upkeep
|turn|11
|
|t:|1635824435
|move|p2a: Zacian|Behemoth Blade|p1a: Lunala
|-damage|p1a: Lunala|30/100 tox
|move|p1a: Lunala|Will-O-Wisp|p2a: Zacian
|-status|p2a: Zacian|brn
|
|-damage|p1a: Lunala|12/100 tox|[from] psn
|-damage|p2a: Zacian|55/100 brn|[from] brn
|upkeep
|turn|12
|
|t:|1635824441
|move|p2a: Zacian|Behemoth Blade|p1a: Lunala
|-damage|p1a: Lunala|0 fnt
|faint|p1a: Lunala
|
|-damage|p2a: Zacian|49/100 brn|[from] brn
|upkeep
|
|t:|1635824444
|switch|p1a: Necrozma|Necrozma-Dusk-Mane|100/100
|turn|13
|
|t:|1635824449
|switch|p2a: Groudon|Groudon-Primal|100/100
|-weather|DesolateLand|[from] ability: Desolate Land|[of] p2a: Groudon
|move|p1a: Necrozma|Stealth Rock|p2a: Groudon
|-sidestart|p2: ReactJS3|move: Stealth Rock
|
|-weather|DesolateLand|[upkeep]
|upkeep
|turn|14
|
|t:|1635824451
|switch|p1a: Arceus|Arceus-Ground|100/100
|move|p2a: Groudon|Stealth Rock|p1a: Arceus
|-sidestart|p1: diseased rodent|move: Stealth Rock
|
|-weather|DesolateLand|[upkeep]
|upkeep
|turn|15
|
|t:|1635824455
|-weather|none
|switch|p2a: Ho-Oh|Ho-Oh|100/100 tox
|move|p1a: Arceus|Ice Beam|p2a: Ho-Oh
|-damage|p2a: Ho-Oh|86/100 tox
|
|-damage|p2a: Ho-Oh|80/100 tox|[from] psn
|upkeep
|turn|16
|
|t:|1635824459
|switch|p1a: Rayquaza|Rayquaza|100/100
|-damage|p1a: Rayquaza|76/100|[from] Stealth Rock
|-ability|p1a: Rayquaza|Air Lock
|move|p2a: Ho-Oh|Defog|p1a: Rayquaza
|-unboost|p1a: Rayquaza|evasion|1
|-sideend|p1: diseased rodent|Stealth Rock|[from] move: Defog|[of] p2a: Ho-Oh
|-sideend|p2: ReactJS3|Stealth Rock|[from] move: Defog|[of] p2a: Ho-Oh
|
|-damage|p2a: Ho-Oh|68/100 tox|[from] psn
|upkeep
|turn|17
|
|t:|1635824463
|switch|p2a: Zacian|Zacian-Crowned|49/100 brn
|-ability|p2a: Zacian|Intrepid Sword|boost
|-boost|p2a: Zacian|atk|1
|detailschange|p1a: Rayquaza|Rayquaza-Mega
|-mega|p1a: Rayquaza|Rayquaza|
|-weather|DeltaStream|[from] ability: Delta Stream|[of] p1a: Rayquaza
|move|p1a: Rayquaza|Dragon Ascent|p2a: Zacian
|-resisted|p2a: Zacian
|-damage|p2a: Zacian|0 fnt
|-unboost|p1a: Rayquaza|def|1
|-unboost|p1a: Rayquaza|spd|1
|faint|p2a: Zacian
|
|-weather|DeltaStream|[upkeep]
|upkeep
|
|t:|1635824470
|switch|p2a: Ditto|Ditto|100/100
|-transform|p2a: Ditto|p1a: Rayquaza|[from] ability: Imposter
|turn|18
|
|t:|1635824473
|switch|p1a: Arceus|Arceus-Ground|100/100
|move|p2a: Ditto|Dragon Ascent|p1a: Arceus
|-damage|p1a: Arceus|53/100
|-unboost|p2a: Ditto|def|1
|-unboost|p2a: Ditto|spd|1
|
|-weather|DeltaStream|[upkeep]
|upkeep
|turn|19
|
|t:|1635824485
|-weather|none
|switch|p2a: Ho-Oh|Ho-Oh|100/100 tox
|move|p1a: Arceus|Recover|p1a: Arceus
|-heal|p1a: Arceus|100/100
|
|-damage|p2a: Ho-Oh|94/100 tox|[from] psn
|upkeep
|turn|20
|
|t:|1635824490
|move|p1a: Arceus|Ice Beam|p2a: Ho-Oh
|-damage|p2a: Ho-Oh|81/100 tox
|move|p2a: Ho-Oh|Toxic|p1a: Arceus
|-status|p1a: Arceus|tox
|
|-damage|p1a: Arceus|94/100 tox|[from] psn
|-damage|p2a: Ho-Oh|69/100 tox|[from] psn
|upkeep
|turn|21
|
|t:|1635824495
|switch|p1a: Rayquaza|Rayquaza-Mega|76/100
|-weather|DeltaStream|[from] ability: Delta Stream|[of] p1a: Rayquaza
|move|p2a: Ho-Oh|Sacred Fire|p1a: Rayquaza
|-resisted|p1a: Rayquaza
|-damage|p1a: Rayquaza|55/100
|-status|p1a: Rayquaza|brn
|
|-weather|DeltaStream|[upkeep]
|-damage|p2a: Ho-Oh|51/100 tox|[from] psn
|-damage|p1a: Rayquaza|50/100 brn|[from] brn
|upkeep
|turn|22
|
|t:|1635824506
|switch|p2a: Groudon|Groudon-Primal|100/100
|-weather|DesolateLand|[from] ability: Desolate Land|[of] p2a: Groudon
|move|p1a: Rayquaza|Dragon Ascent|p2a: Groudon
|-damage|p2a: Groudon|75/100
|-unboost|p1a: Rayquaza|def|1
|-unboost|p1a: Rayquaza|spd|1
|
|-weather|DesolateLand|[upkeep]
|-damage|p1a: Rayquaza|44/100 brn|[from] brn
|upkeep
|turn|23
|
|t:|1635824509
|move|p1a: Rayquaza|Dragon Ascent|p2a: Groudon
|-damage|p2a: Groudon|46/100
|-unboost|p1a: Rayquaza|def|1
|-unboost|p1a: Rayquaza|spd|1
|move|p2a: Groudon|Stealth Rock|p1a: Rayquaza
|-sidestart|p1: diseased rodent|move: Stealth Rock
|
|-weather|DesolateLand|[upkeep]
|-damage|p1a: Rayquaza|38/100 brn|[from] brn
|upkeep
|turn|24
|
|t:|1635824518
|move|p1a: Rayquaza|Dragon Ascent|p2a: Groudon
|-damage|p2a: Groudon|19/100
|-unboost|p1a: Rayquaza|def|1
|-unboost|p1a: Rayquaza|spd|1
|move|p2a: Groudon|Overheat|p1a: Rayquaza
|-resisted|p1a: Rayquaza
|-damage|p1a: Rayquaza|0 fnt
|-unboost|p2a: Groudon|spa|2
|faint|p1a: Rayquaza
|
|-weather|DesolateLand|[upkeep]
|upkeep
|
|t:|1635824525
|switch|p1a: Zacian|Zacian-Crowned|100/100
|-damage|p1a: Zacian|94/100|[from] Stealth Rock
|-ability|p1a: Zacian|Intrepid Sword|boost
|-boost|p1a: Zacian|atk|1
|turn|25
|
|t:|1635824530
|move|p1a: Zacian|Close Combat|p2a: Groudon
|-damage|p2a: Groudon|0 fnt
|-unboost|p1a: Zacian|def|1
|-unboost|p1a: Zacian|spd|1
|faint|p2a: Groudon
|-weather|none
|
|upkeep
|
|t:|1635824532
|switch|p2a: Ditto|Ditto|100/100
|-transform|p2a: Ditto|p1a: Zacian|[from] ability: Imposter
|-ability|p2a: Ditto|Intrepid Sword|boost
|-boost|p2a: Ditto|atk|1
|turn|26
|
|t:|1635824535
|switch|p1a: Necrozma|Necrozma-Dusk-Mane|100/100
|-damage|p1a: Necrozma|94/100|[from] Stealth Rock
|move|p2a: Ditto|Close Combat|p1a: Necrozma
|-damage|p1a: Necrozma|38/100
|-unboost|p2a: Ditto|def|1
|-unboost|p2a: Ditto|spd|1
|-damage|p2a: Ditto|84/100|[from] item: Rocky Helmet|[of] p1a: Necrozma
|
|upkeep
|turn|27
|
|t:|1635824542
|move|p2a: Ditto|Close Combat|p1a: Necrozma
|-damage|p1a: Necrozma|0 fnt
|-unboost|p2a: Ditto|def|1
|-unboost|p2a: Ditto|spd|1
|-damage|p2a: Ditto|67/100|[from] item: Rocky Helmet|[of] p1a: Necrozma
|faint|p1a: Necrozma
|
|upkeep
|
|t:|1635824544
|switch|p1a: Arceus|Arceus-Ground|94/100 tox
|-damage|p1a: Arceus|88/100 tox|[from] Stealth Rock
|turn|28
|
|t:|1635824553
|move|p2a: Ditto|Close Combat|p1a: Arceus
|-damage|p1a: Arceus|25/100 tox
|-unboost|p2a: Ditto|def|1
|-unboost|p2a: Ditto|spd|1
|move|p1a: Arceus|Judgment|p2a: Ditto
|-supereffective|p2a: Ditto
|-damage|p2a: Ditto|0 fnt
|faint|p2a: Ditto
|
|-damage|p1a: Arceus|19/100 tox|[from] psn
|upkeep
|
|t:|1635824560
|switch|p2a: Rayquaza|Rayquaza|100/100
|-ability|p2a: Rayquaza|Air Lock
|turn|29
|
|t:|1635824563
|detailschange|p2a: Rayquaza|Rayquaza-Mega
|-mega|p2a: Rayquaza|Rayquaza|
|-weather|DeltaStream|[from] ability: Delta Stream|[of] p2a: Rayquaza
|-start|p1a: Arceus|Dynamax
|-heal|p1a: Arceus|19/100 tox|[silent]
|move|p2a: Rayquaza|Dragon Dance|p2a: Rayquaza
|-boost|p2a: Rayquaza|atk|1
|-boost|p2a: Rayquaza|spe|1
|move|p1a: Arceus|Max Hailstorm|p2a: Rayquaza
|-activate||deltastream
|-supereffective|p2a: Rayquaza
|-damage|p2a: Rayquaza|33/100
|
|-weather|DeltaStream|[upkeep]
|-damage|p1a: Arceus|12/100 tox|[from] psn
|upkeep
|turn|30
|
|t:|1635824578
|move|p2a: Rayquaza|Dragon Ascent|p1a: Arceus
|-damage|p1a: Arceus|0 fnt
|-unboost|p2a: Rayquaza|def|1
|-unboost|p2a: Rayquaza|spd|1
|faint|p1a: Arceus
|
|-weather|DeltaStream|[upkeep]
|upkeep
|
|t:|1635824582
|switch|p1a: Zacian|Zacian-Crowned|94/100
|-damage|p1a: Zacian|88/100|[from] Stealth Rock
|-ability|p1a: Zacian|Intrepid Sword|boost
|-boost|p1a: Zacian|atk|1
|turn|31
|
|t:|1635824588
|move|p2a: Rayquaza|V-create|p1a: Zacian
|-supereffective|p1a: Zacian
|-damage|p1a: Zacian|0 fnt
|-unboost|p2a: Rayquaza|spe|1
|-unboost|p2a: Rayquaza|def|1
|-unboost|p2a: Rayquaza|spd|1
|faint|p1a: Zacian
|
|win|ReactJS3
|raw|diseased rodent's rating: 1976 &rarr; <strong>1952</strong><br />(-24 for losing)
|raw|ReactJS3's rating: 1906 &rarr; <strong>1930</strong><br />(+24 for winning)
|l|☆diseased rodent
