|j|☆Diancie_hhh
|j|☆amnael01
|t:|1664291214
|gametype|singles
|player|p1|Diancie_hhh|marnie|1735
|player|p2|amnael01|1|1922
|teamsize|p1|6
|teamsize|p2|6
|gen|8
|tier|[Gen 8] National Dex AG
|rated|
|rule|HP Percentage Mod: HP is shown in percentages
|rule|Endless Battle Clause: Forcing endless battles is banned
|clearpoke
|poke|p1|Arceus-*|
|poke|p1|Zacian-*|
|poke|p1|Groudon|
|poke|p1|Ho-Oh|
|poke|p1|Zygarde|
|poke|p1|Weavile, F|
|poke|p2|Smeargle, F|
|poke|p2|Groudon|
|poke|p2|Espeon, M|
|poke|p2|Rayquaza|
|poke|p2|Xerneas-*|
|poke|p2|Zacian-*|
|teampreview
|
|t:|1664291222
|start
|switch|p1a: Weavile|Weavile, F, shiny|100/100
|switch|p2a: Groudon|Groudon|100/100
|-ability|p1a: Weavile|Pressure
|detailschange|p2a: Groudon|Groudon-Primal
|-primal|p2a: Groudon
|-weather|DesolateLand|[from] ability: Desolate Land|[of] p2a: Groudon
|turn|1
|
|t:|1664291227
|switch|p1a: Zygarde|Zygarde, shiny|100/100
|move|p2a: Groudon|Fire Punch|p1a: Zygarde
|-resisted|p1a: Zygarde
|-damage|p1a: Zygarde|78/100
|
|-weather|DesolateLand|[upkeep]
|upkeep
|turn|2
|
|t:|1664291232
|-weather|none
|switch|p2a: Espeon|Espeon, M|100/100
|move|p1a: Zygarde|Glare|p2a: Espeon
|move|p2a: Espeon|Glare|p1a: Zygarde|[from]ability: Magic Bounce
|-status|p1a: Zygarde|par
|
|upkeep
|turn|3
|inactive|Battle timer is ON: inactive players will automatically lose when time's up. (requested by amnael01)
|
|t:|1664291237
|move|p2a: Espeon|Psychic|p1a: Zygarde
|-damage|p1a: Zygarde|41/100 par
|-unboost|p1a: Zygarde|spd|1
|move|p1a: Zygarde|Coil|p1a: Zygarde
|-boost|p1a: Zygarde|atk|1
|-boost|p1a: Zygarde|def|1
|-boost|p1a: Zygarde|accuracy|1
|
|-activate|p1a: Zygarde|ability: Power Construct
|detailschange|p1a: Zygarde|Zygarde-Complete, shiny
|-heal|p1a: Zygarde|62/100 par|[silent]
|upkeep
|turn|4
|
|t:|1664291240
|move|p2a: Espeon|Psychic|p1a: Zygarde
|-damage|p1a: Zygarde|25/100 par
|move|p1a: Zygarde|Thousand Arrows|p2a: Espeon
|-damage|p2a: Espeon|4/100
|
|upkeep
|turn|5
|
|t:|1664291247
|switch|p1a: Weavile|Weavile, F, shiny|100/100
|-ability|p1a: Weavile|Pressure
|move|p2a: Espeon|Psychic|p1a: Weavile
|-immune|p1a: Weavile
|
|upkeep
|turn|6
|
|t:|1664291256
|switch|p2a: Zacian|Zacian-Crowned|100/100
|-ability|p2a: Zacian|Intrepid Sword|boost
|-boost|p2a: Zacian|atk|1
|move|p1a: Weavile|Beat Up|p2a: Zacian
|-resisted|p2a: Zacian
|-damage|p2a: Zacian|97/100
|-resisted|p2a: Zacian
|-damage|p2a: Zacian|92/100
|-resisted|p2a: Zacian
|-damage|p2a: Zacian|86/100
|-resisted|p2a: Zacian
|-damage|p2a: Zacian|82/100
|-resisted|p2a: Zacian
|-damage|p2a: Zacian|77/100
|-hitcount|p2a: Zacian|5
|
|upkeep
|turn|7
|
|t:|1664291264
|switch|p1a: Ho-Oh|Ho-Oh|100/100
|move|p2a: Zacian|Close Combat|p1a: Ho-Oh
|-resisted|p1a: Ho-Oh
|-damage|p1a: Ho-Oh|65/100
|-unboost|p2a: Zacian|def|1
|-unboost|p2a: Zacian|spd|1
|
|upkeep
|turn|8
|
|t:|1664291269
|switch|p2a: Groudon|Groudon-Primal|100/100
|-weather|DesolateLand|[from] ability: Desolate Land|[of] p2a: Groudon
|switch|p1a: 大地之神|Groudon, shiny|100/100
|detailschange|p1a: 大地之神|Groudon-Primal, shiny
|-primal|p1a: 大地之神
|
|-weather|DesolateLand|[upkeep]
|upkeep
|turn|9
|
|t:|1664291276
|move|p2a: Groudon|Stealth Rock|p1a: 大地之神
|-sidestart|p1: Diancie_hhh|move: Stealth Rock
|move|p1a: 大地之神|Earthquake|p2a: Groudon
|-supereffective|p2a: Groudon
|-damage|p2a: Groudon|0 fnt
|faint|p2a: Groudon
|
|-weather|DesolateLand|[upkeep]
|upkeep
|
|t:|1664291280
|switch|p2a: Smeargle|Smeargle, F|100/100
|turn|10
|
|t:|1664291285
|move|p2a: Smeargle|Baton Pass|p2a: Smeargle
|
|t:|1664291287
|switch|p2a: Rayquaza|Rayquaza|100/100|[from]move: Baton Pass
|-ability|p2a: Rayquaza|Air Lock
|move|p1a: 大地之神|Stealth Rock|p2a: Rayquaza
|-sidestart|p2: amnael01|move: Stealth Rock
|
|-weather|DesolateLand|[upkeep]
|upkeep
|turn|11
|
|t:|1664291294
|detailschange|p2a: Rayquaza|Rayquaza-Mega
|-mega|p2a: Rayquaza|Rayquaza|
|-weather|DeltaStream|[from] ability: Delta Stream|[of] p2a: Rayquaza
|move|p2a: Rayquaza|Dragon Dance|p2a: Rayquaza
|-boost|p2a: Rayquaza|atk|1
|-boost|p2a: Rayquaza|spe|1
|move|p1a: 大地之神|Roar|p2a: Rayquaza
|-weather|none
|drag|p2a: Zacian|Zacian-Crowned|77/100
|-damage|p2a: Zacian|71/100|[from] Stealth Rock
|-ability|p2a: Zacian|Intrepid Sword|boost
|-boost|p2a: Zacian|atk|1
|
|upkeep
|turn|12
|
|t:|1664291308
|switch|p2a: Espeon|Espeon, M|4/100
|-damage|p2a: Espeon|0 fnt|[from] Stealth Rock
|faint|p2a: Espeon
|move|p1a: 大地之神|Fire Punch|p2: Espeon|[notarget]
|-fail|p1a: 大地之神
|
|upkeep
|
|t:|1664291312
|switch|p2a: Rayquaza|Rayquaza-Mega|100/100
|-damage|p2a: Rayquaza|76/100|[from] Stealth Rock
|-weather|DeltaStream|[from] ability: Delta Stream|[of] p2a: Rayquaza
|turn|13
|
|t:|1664291317
|move|p2a: Rayquaza|Earthquake|p1a: 大地之神
|-supereffective|p1a: 大地之神
|-damage|p1a: 大地之神|45/100
|move|p1a: 大地之神|Roar|p2a: Rayquaza
|-weather|none
|drag|p2a: Xerneas|Xerneas|100/100
|-damage|p2a: Xerneas|88/100|[from] Stealth Rock
|-ability|p2a: Xerneas|Fairy Aura
|
|upkeep
|turn|14
|
|t:|1664291333
|move|p1a: 大地之神|Earthquake|p2a: Xerneas
|-damage|p2a: Xerneas|40/100
|move|p2a: Xerneas|Grass Knot|p1a: 大地之神
|-damage|p1a: 大地之神|10/100
|
|upkeep
|turn|15
|
|t:|1664291340
|switch|p2a: Rayquaza|Rayquaza-Mega|76/100
|-damage|p2a: Rayquaza|51/100|[from] Stealth Rock
|-weather|DeltaStream|[from] ability: Delta Stream|[of] p2a: Rayquaza
|move|p1a: 大地之神|Roar|p2a: Rayquaza
|-weather|none
|drag|p2a: Smeargle|Smeargle, F|100/100
|-damage|p2a: Smeargle|88/100|[from] Stealth Rock
|
|-ability|p2a: Smeargle|Moody|boost
|-boost|p2a: Smeargle|spa|2
|-unboost|p2a: Smeargle|spd|1
|upkeep
|turn|16
|
|t:|1664291353
|move|p2a: Smeargle|Spore|p1a: 大地之神
|-status|p1a: 大地之神|slp|[from] move: Spore
|cant|p1a: 大地之神|slp
|
|-ability|p2a: Smeargle|Moody|boost
|-boost|p2a: Smeargle|spe|2
|-unboost|p2a: Smeargle|spa|1
|upkeep
|turn|17
|
|t:|1664291357
|move|p2a: Smeargle|Baton Pass|p2a: Smeargle
|
|t:|1664291358
|switch|p2a: Xerneas|Xerneas|40/100|[from]move: Baton Pass
|-damage|p2a: Xerneas|27/100|[from] Stealth Rock
|-ability|p2a: Xerneas|Fairy Aura
|cant|p1a: 大地之神|slp
|
|upkeep
|turn|18
|
|t:|1664291362
|move|p2a: Xerneas|Grass Knot|p1a: 大地之神
|-crit|p1a: 大地之神
|-damage|p1a: 大地之神|0 fnt
|faint|p1a: 大地之神
|
|upkeep
|
|t:|1664291387
|switch|p1a: Arceus|Arceus, shiny|100/100
|-damage|p1a: Arceus|88/100|[from] Stealth Rock
|turn|19
|
|t:|1664291389
|-start|p2a: Xerneas|Dynamax|
|-heal|p2a: Xerneas|27/100|[silent]
|move|p1a: Arceus|Extreme Speed|p2a: Xerneas
|-damage|p2a: Xerneas|7/100
|-damage|p1a: Arceus|78/100|[from] item: Life Orb
|move|p2a: Xerneas|Max Starfall|p1a: Arceus
|-damage|p1a: Arceus|0 fnt
|-fieldstart|move: Misty Terrain
|faint|p1a: Arceus
|
|upkeep
|
|t:|1664291405
|switch|p1a: Weavile|Weavile, F, shiny|100/100
|-damage|p1a: Weavile|76/100|[from] Stealth Rock
|-ability|p1a: Weavile|Pressure
|turn|20
|
|t:|1664291413
|move|p1a: Weavile|Knock Off|p2a: Xerneas
|-resisted|p2a: Xerneas
|-damage|p2a: Xerneas|0 fnt
|-enditem|p2a: Xerneas|Power Herb|[from] move: Knock Off|[of] p1a: Weavile
|faint|p2a: Xerneas
|
|upkeep
|
|t:|1664291422
|switch|p2a: Zacian|Zacian-Crowned|71/100
|-damage|p2a: Zacian|65/100|[from] Stealth Rock
|-ability|p2a: Zacian|Intrepid Sword|boost
|-boost|p2a: Zacian|atk|1
|turn|21
|
|t:|1664291429
|switch|p1a: Zygarde|Zygarde-Complete, shiny|25/100 par
|-damage|p1a: Zygarde|19/100 par|[from] Stealth Rock
|move|p2a: Zacian|Behemoth Blade|p1a: Zygarde
|-damage|p1a: Zygarde|0 fnt
|faint|p1a: Zygarde
|
|upkeep
|
|t:|1664291440
|switch|p1a: Zacian|Zacian-Crowned|100/100
|-damage|p1a: Zacian|94/100|[from] Stealth Rock
|-ability|p1a: Zacian|Intrepid Sword|boost
|-boost|p1a: Zacian|atk|1
|turn|22
|
|t:|1664291447
|move|p1a: Zacian|Behemoth Blade|p2a: Zacian
|-damage|p2a: Zacian|0 fnt
|faint|p2a: Zacian
|
|upkeep
|
|t:|1664291449
|switch|p2a: Smeargle|Smeargle, F|88/100
|-damage|p2a: Smeargle|76/100|[from] Stealth Rock
|turn|23
|
|t:|1664291452
|move|p2a: Smeargle|Spiky Shield|p2a: Smeargle
|-singleturn|p2a: Smeargle|move: Protect
|move|p1a: Zacian|Behemoth Blade|p2a: Smeargle
|-activate|p2a: Smeargle|move: Protect
|-damage|p1a: Zacian|82/100|[from] Spiky Shield|[of] p2a: Smeargle
|
|-fieldend|Misty Terrain
|-ability|p2a: Smeargle|Moody|boost
|-boost|p2a: Smeargle|spe|2
|-unboost|p2a: Smeargle|atk|1
|upkeep
|turn|24
|
|t:|1664291460
|move|p2a: Smeargle|Spore|p1a: Zacian
|-status|p1a: Zacian|slp|[from] move: Spore
|cant|p1a: Zacian|slp
|
|-ability|p2a: Smeargle|Moody|boost
|-boost|p2a: Smeargle|atk|2
|-unboost|p2a: Smeargle|spa|1
|upkeep
|turn|25
|
|t:|1664291466
|move|p2a: Smeargle|Baton Pass|p2a: Smeargle
|
|t:|1664291467
|switch|p2a: Rayquaza|Rayquaza-Mega|51/100|[from]move: Baton Pass
|-damage|p2a: Rayquaza|26/100|[from] Stealth Rock
|-weather|DeltaStream|[from] ability: Delta Stream|[of] p2a: Rayquaza
|cant|p1a: Zacian|slp
|
|-weather|DeltaStream|[upkeep]
|upkeep
|turn|26
|
|t:|1664291475
|move|p2a: Rayquaza|Earthquake|p1a: Zacian
|-supereffective|p1a: Zacian
|-damage|p1a: Zacian|0 fnt
|faint|p1a: Zacian
|
|-weather|DeltaStream|[upkeep]
|upkeep
|
|t:|1664291478
|switch|p1a: Ho-Oh|Ho-Oh|98/100
|turn|27
|
|t:|1664291484
|-start|p1a: Ho-Oh|Dynamax|
|-heal|p1a: Ho-Oh|98/100|[silent]
|move|p2a: Rayquaza|Dragon Ascent|p1a: Ho-Oh
|-damage|p1a: Ho-Oh|40/100
|-unboost|p2a: Rayquaza|def|1
|-unboost|p2a: Rayquaza|spd|1
|move|p1a: Ho-Oh|Max Flare|p2a: Rayquaza
|-resisted|p2a: Rayquaza
|-damage|p2a: Rayquaza|0 fnt
|-weather|SunnyDay
|faint|p2a: Rayquaza
|
|-weather|SunnyDay|[upkeep]
|upkeep
|
|t:|1664291486
|switch|p2a: Smeargle|Smeargle, F|76/100
|-damage|p2a: Smeargle|63/100|[from] Stealth Rock
|turn|28
|
|t:|1664291497
|move|p2a: Smeargle|Spore|p1a: Ho-Oh
|-status|p1a: Ho-Oh|slp|[from] move: Spore
|cant|p1a: Ho-Oh|slp
|
|-weather|SunnyDay|[upkeep]
|-ability|p2a: Smeargle|Moody|boost
|-boost|p2a: Smeargle|atk|2
|-unboost|p2a: Smeargle|spd|1
|upkeep
|turn|29
|
|t:|1664291507
|move|p2a: Smeargle|Shift Gear|p2a: Smeargle
|-boost|p2a: Smeargle|spe|2
|-boost|p2a: Smeargle|atk|1
|-curestatus|p1a: Ho-Oh|slp|[msg]
|move|p1a: Ho-Oh|Max Flare|p2a: Smeargle
|-damage|p2a: Smeargle|0 fnt
|faint|p2a: Smeargle
|
|win|Diancie_hhh
|raw|Diancie_hhh's rating: 1735 &rarr; <strong>1765</strong><br />(+30 for winning)
|raw|amnael01's rating: 1922 &rarr; <strong>1892</strong><br />(-30 for losing)
|l|☆amnael01
||Ladder isn't responding, score probably updated but might not have (Request timeout).
