|j|☆UncleShannon
|j|☆kerrozxl-
|t:|1661388896
|gametype|singles
|player|p1|UncleShannon|1|1719
|player|p2|kerrozxl-|unknownf|1649
|teamsize|p1|6
|teamsize|p2|6
|gen|8
|tier|[Gen 8] National Dex AG
|rated|
|rule|HP Percentage Mod: HP is shown in percentages
|rule|Endless Battle Clause: Forcing endless battles is banned
|clearpoke
|poke|p1|Scizor, F|
|poke|p1|Arceus-*|
|poke|p1|Groudon|
|poke|p1|Calyrex-Shadow|
|poke|p1|Yveltal|
|poke|p1|Zacian-*|
|poke|p2|Rayquaza|
|poke|p2|Groudon|
|poke|p2|Necrozma-Dusk-Mane|
|poke|p2|Marshadow|
|poke|p2|Yveltal|
|poke|p2|Xerneas-*|
|teampreview
|c|☆UncleShannon|hf
|
|t:|1661388904
|start
|switch|p1a: Calyrex|Calyrex-Shadow|100/100
|switch|p2a: smeargle&lugiahate|Rayquaza, shiny|100/100
|-ability|p1a: Calyrex|As One
|-ability|p1a: Calyrex|Unnerve
|-ability|p2a: smeargle&lugiahate|Air Lock
|turn|1
|inactive|Battle timer is ON: inactive players will automatically lose when time's up. (requested by UncleShannon)
|
|t:|1661388909
|switch|p2a: Keqing|Yveltal|100/100
|-ability|p2a: Keqing|Dark Aura
|move|p1a: Calyrex|Astral Barrage|p2a: Keqing
|-resisted|p2a: Keqing
|-damage|p2a: Keqing|60/100
|
|upkeep
|turn|2
|
|t:|1661388916
|switch|p1a: Arceus|Arceus-Rock|100/100
|move|p2a: Keqing|Knock Off|p1a: Arceus
|-damage|p1a: Arceus|74/100
|
|upkeep
|turn|3
|
|t:|1661388918
|switch|p2a: Zacian-Crown3d|Groudon|100/100
|detailschange|p2a: Zacian-Crown3d|Groudon-Primal
|-primal|p2a: Zacian-Crown3d
|-weather|DesolateLand|[from] ability: Desolate Land|[of] p2a: Zacian-Crown3d
|move|p1a: Arceus|Judgment|p2a: Zacian-Crown3d
|-damage|p2a: Zacian-Crown3d|62/100
|
|-weather|DesolateLand|[upkeep]
|upkeep
|turn|4
|
|t:|1661388922
|move|p1a: Arceus|Judgment|p2a: Zacian-Crown3d
|-damage|p2a: Zacian-Crown3d|27/100
|move|p2a: Zacian-Crown3d|Stealth Rock|p1a: Arceus
|-sidestart|p1: UncleShannon|move: Stealth Rock
|
|-weather|DesolateLand|[upkeep]
|upkeep
|turn|5
|
|t:|1661388937
|move|p1a: Arceus|Judgment|p2a: Zacian-Crown3d
|-damage|p2a: Zacian-Crown3d|0 fnt
|faint|p2a: Zacian-Crown3d
|-weather|none
|
|upkeep
|
|t:|1661388940
|switch|p2a: smeargle&lugiahate|Rayquaza, shiny|100/100
|-ability|p2a: smeargle&lugiahate|Air Lock
|turn|6
|
|t:|1661388943
|detailschange|p2a: smeargle&lugiahate|Rayquaza-Mega, shiny
|-mega|p2a: smeargle&lugiahate|Rayquaza|
|-weather|DeltaStream|[from] ability: Delta Stream|[of] p2a: smeargle&lugiahate
|move|p1a: Arceus|Will-O-Wisp|p2a: smeargle&lugiahate|[miss]
|-miss|p1a: Arceus|p2a: smeargle&lugiahate
|move|p2a: smeargle&lugiahate|Earthquake|p1a: Arceus
|-supereffective|p1a: Arceus
|-damage|p1a: Arceus|0 fnt
|faint|p1a: Arceus
|
|-weather|DeltaStream|[upkeep]
|upkeep
|c|☆UncleShannon|....
|
|t:|1661388963
|switch|p1a: Yveltal|Yveltal|100/100
|-ability|p1a: Yveltal|Dark Aura
|turn|7
|
|t:|1661388967
|-weather|none
|switch|p2a: Keqing|Yveltal|60/100
|-ability|p2a: Keqing|Dark Aura
|move|p1a: Yveltal|Defog|p2a: Keqing
|-unboost|p2a: Keqing|evasion|1
|-sideend|p1: UncleShannon|Stealth Rock|[from] move: Defog|[of] p1a: Yveltal
|
|upkeep
|turn|8
|
|t:|1661388972
|move|p2a: Keqing|Knock Off|p1a: Yveltal
|-resisted|p1a: Yveltal
|-damage|p1a: Yveltal|79/100
|-enditem|p1a: Yveltal|Heavy-Duty Boots|[from] move: Knock Off|[of] p2a: Keqing
|move|p1a: Yveltal|U-turn|p2a: Keqing
|-damage|p2a: Keqing|42/100
|
|t:|1661388985
|switch|p1a: Scizor|Scizor, F|100/100|[from]move: U-turn
|
|upkeep
|turn|9
|
|t:|1661388987
|switch|p2a: smeargle&lugiahate|Rayquaza-Mega, shiny|100/100
|-weather|DeltaStream|[from] ability: Delta Stream|[of] p2a: smeargle&lugiahate
|detailschange|p1a: Scizor|Scizor-Mega, F
|-mega|p1a: Scizor|Scizor|Scizorite
|move|p1a: Scizor|Curse|p1a: Scizor
|-unboost|p1a: Scizor|spe|1
|-boost|p1a: Scizor|atk|1
|-boost|p1a: Scizor|def|1
|
|-weather|DeltaStream|[upkeep]
|upkeep
|turn|10
|
|t:|1661388992
|switch|p1a: Groudon|Groudon|100/100
|detailschange|p1a: Groudon|Groudon-Primal
|-primal|p1a: Groudon
|-weather|DesolateLand|[from] ability: Desolate Land|[of] p1a: Groudon
|move|p2a: smeargle&lugiahate|Dragon Ascent|p1a: Groudon
|-damage|p1a: Groudon|23/100
|-unboost|p2a: smeargle&lugiahate|def|1
|-unboost|p2a: smeargle&lugiahate|spd|1
|
|-weather|DesolateLand|[upkeep]
|upkeep
|turn|11
|
|t:|1661389000
|move|p2a: smeargle&lugiahate|Dragon Ascent|p1a: Groudon
|-damage|p1a: Groudon|0 fnt
|-unboost|p2a: smeargle&lugiahate|def|1
|-unboost|p2a: smeargle&lugiahate|spd|1
|faint|p1a: Groudon
|-weather|none
|
|upkeep
|
|t:|1661389002
|switch|p1a: Scizor|Scizor-Mega, F|100/100
|turn|12
|
|t:|1661389004
|move|p2a: smeargle&lugiahate|Dragon Ascent|p1a: Scizor
|-damage|p1a: Scizor|17/100
|-unboost|p2a: smeargle&lugiahate|def|1
|-unboost|p2a: smeargle&lugiahate|spd|1
|move|p1a: Scizor|Curse|p1a: Scizor
|-unboost|p1a: Scizor|spe|1
|-boost|p1a: Scizor|atk|1
|-boost|p1a: Scizor|def|1
|
|upkeep
|turn|13
|
|t:|1661389010
|switch|p2a: Keqing|Yveltal|42/100
|-ability|p2a: Keqing|Dark Aura
|move|p1a: Scizor|Roost|p1a: Scizor
|-heal|p1a: Scizor|68/100
|-singleturn|p1a: Scizor|move: Roost
|
|upkeep
|turn|14
|
|t:|1661389027
|move|p2a: Keqing|Knock Off|p1a: Scizor
|-damage|p1a: Scizor|54/100
|move|p1a: Scizor|Roost|p1a: Scizor
|-heal|p1a: Scizor|100/100
|-singleturn|p1a: Scizor|move: Roost
|
|upkeep
|turn|15
|
|t:|1661389029
|move|p2a: Keqing|Knock Off|p1a: Scizor
|-damage|p1a: Scizor|84/100
|move|p1a: Scizor|Curse|p1a: Scizor
|-unboost|p1a: Scizor|spe|1
|-boost|p1a: Scizor|atk|1
|-boost|p1a: Scizor|def|1
|
|upkeep
|turn|16
|
|t:|1661389034
|move|p2a: Keqing|Knock Off|p1a: Scizor
|-damage|p1a: Scizor|73/100
|move|p1a: Scizor|Roost|p1a: Scizor
|-heal|p1a: Scizor|100/100
|-singleturn|p1a: Scizor|move: Roost
|
|upkeep
|turn|17
|
|t:|1661389039
|move|p1a: Scizor|Bullet Punch|p2a: Keqing
|-damage|p2a: Keqing|0 fnt
|faint|p2a: Keqing
|
|upkeep
|
|t:|1661389041
|switch|p2a: Ho-0h|Marshadow|100/100
|turn|18
|
|t:|1661389043
|switch|p1a: Yveltal|Yveltal|79/100
|-ability|p1a: Yveltal|Dark Aura
|move|p2a: Ho-0h|Spectral Thief|p1a: Yveltal
|-resisted|p1a: Yveltal
|-damage|p1a: Yveltal|59/100
|
|upkeep
|turn|19
|
|t:|1661389047
|switch|p2a: Dynamax Yveltal|Xerneas|100/100
|-ability|p2a: Dynamax Yveltal|Fairy Aura
|move|p1a: Yveltal|Knock Off|p2a: Dynamax Yveltal
|-resisted|p2a: Dynamax Yveltal
|-crit|p2a: Dynamax Yveltal
|-damage|p2a: Dynamax Yveltal|70/100
|-enditem|p2a: Dynamax Yveltal|Power Herb|[from] move: Knock Off|[of] p1a: Yveltal
|
|upkeep
|turn|20
|
|t:|1661389051
|switch|p1a: Zacian|Zacian-Crowned|100/100
|-ability|p1a: Zacian|Intrepid Sword|boost
|-boost|p1a: Zacian|atk|1
|move|p2a: Dynamax Yveltal|Geomancy||[still]
|-prepare|p2a: Dynamax Yveltal|Geomancy
|
|upkeep
|turn|21
|
|t:|1661389054
|move|p1a: Zacian|Behemoth Blade|p2a: Dynamax Yveltal
|-supereffective|p2a: Dynamax Yveltal
|-crit|p2a: Dynamax Yveltal
|-damage|p2a: Dynamax Yveltal|0 fnt
|faint|p2a: Dynamax Yveltal
|
|upkeep
|
|t:|1661389056
|switch|p2a: Ditt0 50/50|Necrozma-Dusk-Mane|100/100
|turn|22
|
|t:|1661389061
|switch|p1a: Scizor|Scizor-Mega, F|100/100
|move|p2a: Ditt0 50/50|Dragon Dance|p2a: Ditt0 50/50
|-boost|p2a: Ditt0 50/50|atk|1
|-boost|p2a: Ditt0 50/50|spe|1
|
|upkeep
|turn|23
|
|t:|1661389063
|move|p2a: Ditt0 50/50|Dragon Dance|p2a: Ditt0 50/50
|-boost|p2a: Ditt0 50/50|atk|1
|-boost|p2a: Ditt0 50/50|spe|1
|move|p1a: Scizor|Curse|p1a: Scizor
|-unboost|p1a: Scizor|spe|1
|-boost|p1a: Scizor|atk|1
|-boost|p1a: Scizor|def|1
|
|upkeep
|turn|24
|
|t:|1661389065
|move|p2a: Ditt0 50/50|Dragon Dance|p2a: Ditt0 50/50
|-boost|p2a: Ditt0 50/50|atk|1
|-boost|p2a: Ditt0 50/50|spe|1
|move|p1a: Scizor|Curse|p1a: Scizor
|-unboost|p1a: Scizor|spe|1
|-boost|p1a: Scizor|atk|1
|-boost|p1a: Scizor|def|1
|
|upkeep
|turn|25
|
|t:|1661389066
|move|p2a: Ditt0 50/50|Earthquake|p1a: Scizor
|-damage|p1a: Scizor|67/100
|move|p1a: Scizor|Curse|p1a: Scizor
|-unboost|p1a: Scizor|spe|1
|-boost|p1a: Scizor|atk|1
|-boost|p1a: Scizor|def|1
|
|upkeep
|turn|26
|
|t:|1661389068
|move|p2a: Ditt0 50/50|Dragon Dance|p2a: Ditt0 50/50
|-boost|p2a: Ditt0 50/50|atk|1
|-boost|p2a: Ditt0 50/50|spe|1
|move|p1a: Scizor|Roost|p1a: Scizor
|-heal|p1a: Scizor|100/100
|-singleturn|p1a: Scizor|move: Roost
|
|upkeep
|turn|27
|
|t:|1661389070
|move|p2a: Ditt0 50/50|Dragon Dance|p2a: Ditt0 50/50
|-boost|p2a: Ditt0 50/50|atk|1
|-boost|p2a: Ditt0 50/50|spe|1
|move|p1a: Scizor|Curse|p1a: Scizor
|-unboost|p1a: Scizor|spe|1
|-boost|p1a: Scizor|atk|1
|-boost|p1a: Scizor|def|1
|
|upkeep
|turn|28
|
|t:|1661389071
|move|p2a: Ditt0 50/50|Dragon Dance|p2a: Ditt0 50/50
|-boost|p2a: Ditt0 50/50|atk|1
|-boost|p2a: Ditt0 50/50|spe|1
|move|p1a: Scizor|Curse|p1a: Scizor
|-unboost|p1a: Scizor|spe|1
|-boost|p1a: Scizor|atk|1
|-boost|p1a: Scizor|def|1
|
|upkeep
|turn|29
|
|t:|1661389073
|move|p2a: Ditt0 50/50|Earthquake|p1a: Scizor
|-damage|p1a: Scizor|69/100
|move|p1a: Scizor|Curse|p1a: Scizor
|-unboost|p1a: Scizor|spe|1
|-boost|p1a: Scizor|atk|1
|-boost|p1a: Scizor|def|1
|
|upkeep
|turn|30
|
|t:|1661389075
|move|p2a: Ditt0 50/50|Earthquake|p1a: Scizor
|-damage|p1a: Scizor|44/100
|move|p1a: Scizor|Roost|p1a: Scizor
|-heal|p1a: Scizor|94/100
|-singleturn|p1a: Scizor|move: Roost
|
|upkeep
|turn|31
|
|t:|1661389078
|move|p2a: Ditt0 50/50|Earthquake|p1a: Scizor
|-damage|p1a: Scizor|69/100
|move|p1a: Scizor|Roost|p1a: Scizor
|-heal|p1a: Scizor|100/100
|-singleturn|p1a: Scizor|move: Roost
|
|upkeep
|turn|32
|
|t:|1661389080
|move|p1a: Scizor|Bullet Punch|p2a: Ditt0 50/50
|-resisted|p2a: Ditt0 50/50
|-damage|p2a: Ditt0 50/50|54/100
|move|p2a: Ditt0 50/50|Earthquake|p1a: Scizor
|-damage|p1a: Scizor|73/100
|
|upkeep
|turn|33
|
|t:|1661389084
|move|p2a: Ditt0 50/50|Earthquake|p1a: Scizor
|-damage|p1a: Scizor|48/100
|move|p1a: Scizor|Roost|p1a: Scizor
|-heal|p1a: Scizor|98/100
|-singleturn|p1a: Scizor|move: Roost
|
|upkeep
|turn|34
|
|t:|1661389087
|move|p1a: Scizor|Bullet Punch|p2a: Ditt0 50/50
|-resisted|p2a: Ditt0 50/50
|-damage|p2a: Ditt0 50/50|2/100
|move|p2a: Ditt0 50/50|Photon Geyser|p1a: Scizor
|-resisted|p1a: Scizor
|-damage|p1a: Scizor|77/100
|
|upkeep
|turn|35
|
|t:|1661389093
|move|p1a: Scizor|Bullet Punch|p2a: Ditt0 50/50
|-resisted|p2a: Ditt0 50/50
|-damage|p2a: Ditt0 50/50|0 fnt
|faint|p2a: Ditt0 50/50
|
|upkeep
|
|t:|1661389095
|switch|p2a: Ho-0h|Marshadow|100/100
|turn|36
|
|t:|1661389098
|switch|p1a: Yveltal|Yveltal|59/100
|-ability|p1a: Yveltal|Dark Aura
|move|p2a: Ho-0h|Spectral Thief|p1a: Yveltal
|-resisted|p1a: Yveltal
|-damage|p1a: Yveltal|43/100
|
|upkeep
|turn|37
|
|t:|1661389105
|move|p2a: Ho-0h|Rock Tomb|p1a: Yveltal
|-supereffective|p1a: Yveltal
|-damage|p1a: Yveltal|0 fnt
|faint|p1a: Yveltal
|
|upkeep
|
|t:|1661389110
|switch|p1a: Zacian|Zacian-Crowned|100/100
|-ability|p1a: Zacian|Intrepid Sword|boost
|-boost|p1a: Zacian|atk|1
|turn|38
|
|t:|1661389113
|move|p1a: Zacian|Behemoth Blade|p2a: Ho-0h
|-enditem|p2a: Ho-0h|Focus Sash
|-damage|p2a: Ho-0h|1/100
|move|p2a: Ho-0h|Spectral Thief||[still]
|-clearpositiveboost|p1a: Zacian|p2a: Ho-0h|move: Spectral Thief
|-boost|p2a: Ho-0h|atk|1
|-anim|p2a: Ho-0h|Spectral Thief|p1a: Zacian
|-damage|p1a: Zacian|38/100
|
|upkeep
|turn|39
|
|t:|1661389117
|move|p2a: Ho-0h|Shadow Sneak|p1a: Zacian
|-damage|p1a: Zacian|0 fnt
|faint|p1a: Zacian
|
|upkeep
|
|t:|1661389119
|switch|p1a: Scizor|Scizor-Mega, F|77/100
|turn|40
|
|t:|1661389124
|switch|p2a: smeargle&lugiahate|Rayquaza-Mega, shiny|100/100
|-weather|DeltaStream|[from] ability: Delta Stream|[of] p2a: smeargle&lugiahate
|move|p1a: Scizor|Bullet Punch|p2a: smeargle&lugiahate
|-damage|p2a: smeargle&lugiahate|73/100
|
|-weather|DeltaStream|[upkeep]
|upkeep
|turn|41
|
|t:|1661389131
|move|p1a: Scizor|Bullet Punch|p2a: smeargle&lugiahate
|-crit|p2a: smeargle&lugiahate
|-damage|p2a: smeargle&lugiahate|29/100
|move|p2a: smeargle&lugiahate|Dragon Ascent|p1a: Scizor
|-damage|p1a: Scizor|3/100
|-unboost|p2a: smeargle&lugiahate|def|1
|-unboost|p2a: smeargle&lugiahate|spd|1
|
|-weather|DeltaStream|[upkeep]
|upkeep
|turn|42
|c|☆UncleShannon|gg?
|
|t:|1661389138
|move|p2a: smeargle&lugiahate|Dragon Ascent|p1a: Scizor
|-damage|p1a: Scizor|0 fnt
|-unboost|p2a: smeargle&lugiahate|def|1
|-unboost|p2a: smeargle&lugiahate|spd|1
|faint|p1a: Scizor
|
|-weather|DeltaStream|[upkeep]
|upkeep
|
|t:|1661389140
|switch|p1a: Calyrex|Calyrex-Shadow|100/100
|-ability|p1a: Calyrex|As One
|-ability|p1a: Calyrex|Unnerve
|turn|43
|
|t:|1661389142
|-start|p1a: Calyrex|Dynamax|
|-heal|p1a: Calyrex|100/100|[silent]
|move|p1a: Calyrex|Max Mindstorm|p2a: smeargle&lugiahate
|-crit|p2a: smeargle&lugiahate
|-damage|p2a: smeargle&lugiahate|0 fnt
|-fieldstart|move: Psychic Terrain
|faint|p2a: smeargle&lugiahate
|-weather|none
|-ability|p1a: Calyrex|Grim Neigh|boost
|-boost|p1a: Calyrex|spa|1
|
|upkeep
|
|t:|1661389146
|switch|p2a: Ho-0h|Marshadow|1/100
|turn|44
|c|☆UncleShannon|gg
|
|t:|1661389152
|move|p2a: Ho-0h|Shadow Sneak|p1a: Calyrex
|-activate|p1a: Calyrex|move: Psychic Terrain
|move|p1a: Calyrex|Max Phantasm|p2a: Ho-0h
|-supereffective|p2a: Ho-0h
|-damage|p2a: Ho-0h|0 fnt
|faint|p2a: Ho-0h
|
|win|UncleShannon
|raw|UncleShannon's rating: 1719 &rarr; <strong>1735</strong><br />(+16 for winning)
|raw|kerrozxl-'s rating: 1649 &rarr; <strong>1633</strong><br />(-16 for losing)
|l|☆kerrozxl-
