|j|☆DJ Phoenix da Poet
|j|☆Delta780
|t:|1668495717
|gametype|singles
|player|p1|DJ Phoenix da Poet|hilbert|1649
|player|p2|Delta780|rosa|1885
|teamsize|p1|6
|teamsize|p2|6
|gen|8
|tier|[Gen 8] National Dex AG
|rated|
|rule|HP Percentage Mod: HP is shown in percentages
|rule|Endless Battle Clause: Forcing endless battles is banned
|clearpoke
|poke|p1|Groudon|
|poke|p1|Zacian-*|
|poke|p1|Calyrex-Shadow|
|poke|p1|Yveltal|
|poke|p1|Necrozma-Dusk-Mane|
|poke|p1|Ditto|
|poke|p2|Rayquaza|
|poke|p2|Calyrex-Shadow|
|poke|p2|Yveltal|
|poke|p2|Arceus-*|
|poke|p2|Arceus-*|
|poke|p2|Ditto|
|teampreview
|
|t:|1668495740
|start
|switch|p1a: Zacian|Zacian-Crowned|100/100
|switch|p2a: Rayquaza|Rayquaza|100/100
|-ability|p1a: Zacian|Intrepid Sword|boost
|-boost|p1a: Zacian|atk|1
|-ability|p2a: Rayquaza|Air Lock
|turn|1
|
|t:|1668495744
|detailschange|p2a: Rayquaza|Rayquaza-Mega
|-mega|p2a: Rayquaza|Rayquaza|
|-weather|DeltaStream|[from] ability: Delta Stream|[of] p2a: Rayquaza
|move|p1a: Zacian|Play Rough|p2a: Rayquaza
|-supereffective|p2a: Rayquaza
|-enditem|p2a: Rayquaza|Focus Sash
|-damage|p2a: Rayquaza|1/100
|move|p2a: Rayquaza|V-create|p1a: Zacian
|-supereffective|p1a: Zacian
|-damage|p1a: Zacian|0 fnt
|-unboost|p2a: Rayquaza|spe|1
|-unboost|p2a: Rayquaza|def|1
|-unboost|p2a: Rayquaza|spd|1
|faint|p1a: Zacian
|
|-weather|DeltaStream|[upkeep]
|upkeep
|j| ddddddabai
|
|t:|1668495756
|switch|p1a: Calyrex|Calyrex-Shadow|100/100
|-ability|p1a: Calyrex|As One
|-ability|p1a: Calyrex|Unnerve
|turn|2
|
|t:|1668495762
|-weather|none
|switch|p2a: Yveltal|Yveltal|100/100
|-ability|p2a: Yveltal|Dark Aura
|move|p1a: Calyrex|Draining Kiss|p2a: Yveltal
|-supereffective|p2a: Yveltal
|-damage|p2a: Yveltal|75/100
|
|upkeep
|turn|3
|
|t:|1668495818
|switch|p1a: Necrozma|Necrozma-Dusk-Mane|100/100
|switch|p2a: Arceus|Arceus-Ground|100/100
|
|upkeep
|turn|4
|
|t:|1668495847
|move|p2a: Arceus|Stone Edge|p1a: Necrozma|[miss]
|-miss|p2a: Arceus|p1a: Necrozma
|move|p1a: Necrozma|Knock Off|p2a: Arceus
|-crit|p2a: Arceus
|-damage|p2a: Arceus|74/100
|
|upkeep
|turn|5
|
|t:|1668495875
|-zpower|p2a: Arceus
|move|p2a: Arceus|Tectonic Rage|p1a: Necrozma|[zeffect]
|-supereffective|p1a: Necrozma
|-damage|p1a: Necrozma|29/100
|move|p1a: Necrozma|Stealth Rock|p2a: Arceus
|-sidestart|p2: Delta780|move: Stealth Rock
|
|upkeep
|turn|6
|
|t:|1668495886
|move|p2a: Arceus|Earthquake|p1a: Necrozma
|-supereffective|p1a: Necrozma
|-damage|p1a: Necrozma|0 fnt
|faint|p1a: Necrozma
|
|upkeep
|
|t:|1668495888
|switch|p1a: Yveltal|Yveltal|100/100
|-ability|p1a: Yveltal|Dark Aura
|turn|7
|
|t:|1668495893
|move|p2a: Arceus|Stone Edge|p1a: Yveltal
|-supereffective|p1a: Yveltal
|-damage|p1a: Yveltal|46/100
|move|p1a: Yveltal|Dark Pulse|p2a: Arceus
|-damage|p2a: Arceus|17/100
|-damage|p1a: Yveltal|36/100|[from] item: Life Orb
|
|upkeep
|turn|8
|
|t:|1668495903
|switch|p2a: Arceus|Arceus-Electric|100/100
|-damage|p2a: Arceus|88/100|[from] Stealth Rock
|move|p1a: Yveltal|Dark Pulse|p2a: Arceus
|-damage|p2a: Arceus|43/100
|-damage|p1a: Yveltal|26/100|[from] item: Life Orb
|
|upkeep
|turn|9
|
|t:|1668495909
|move|p1a: Yveltal|Dark Pulse|p2a: Arceus
|-damage|p2a: Arceus|0 fnt
|faint|p2a: Arceus
|-damage|p1a: Yveltal|16/100|[from] item: Life Orb
|
|upkeep
|
|t:|1668495918
|switch|p2a: Ditto|Ditto|100/100
|-damage|p2a: Ditto|88/100|[from] Stealth Rock
|-transform|p2a: Ditto|p1a: Yveltal|[from] ability: Imposter
|-ability|p2a: Ditto|Dark Aura
|turn|10
|
|t:|1668495930
|move|p2a: Ditto|Defog|p1a: Yveltal
|-unboost|p1a: Yveltal|evasion|1
|-sideend|p2: Delta780|Stealth Rock|[from] move: Defog|[of] p2a: Ditto
|move|p1a: Yveltal|Oblivion Wing|p2a: Ditto
|-damage|p2a: Ditto|24/100
|-heal|p1a: Yveltal|53/100|[from] drain|[of] p2a: Ditto
|-damage|p1a: Yveltal|43/100|[from] item: Life Orb
|
|upkeep
|turn|11
|
|t:|1668495948
|switch|p2a: Rayquaza|Rayquaza-Mega|1/100
|-weather|DeltaStream|[from] ability: Delta Stream|[of] p2a: Rayquaza
|move|p1a: Yveltal|Oblivion Wing|p2a: Rayquaza
|-damage|p2a: Rayquaza|0 fnt
|-heal|p1a: Yveltal|43/100|[from] drain|[of] p2a: Rayquaza
|faint|p2a: Rayquaza
|-weather|none
|-damage|p1a: Yveltal|33/100|[from] item: Life Orb
|
|upkeep
|
|t:|1668495954
|switch|p2a: Yveltal|Yveltal|75/100
|-ability|p2a: Yveltal|Dark Aura
|turn|12
|l| ddddddabai
|inactive|Battle timer is ON: inactive players will automatically lose when time's up. (requested by Delta780)
|
|t:|1668495989
|-start|p2a: Yveltal|Dynamax|
|-heal|p2a: Yveltal|75/100|[silent]
|move|p1a: Yveltal|Oblivion Wing|p2a: Yveltal
|-damage|p2a: Yveltal|58/100
|-heal|p1a: Yveltal|58/100|[from] drain|[of] p2a: Yveltal
|-damage|p1a: Yveltal|48/100|[from] item: Life Orb
|move|p2a: Yveltal|Max Airstream|p1a: Yveltal
|-damage|p1a: Yveltal|0 fnt
|-boost|p2a: Yveltal|spe|1
|faint|p1a: Yveltal
|
|upkeep
|
|t:|1668495995
|switch|p1a: Groudon|Groudon|100/100
|detailschange|p1a: Groudon|Groudon-Primal
|-primal|p1a: Groudon
|-weather|DesolateLand|[from] ability: Desolate Land|[of] p1a: Groudon
|turn|13
|
|t:|1668495998
|move|p2a: Yveltal|Max Darkness|p1a: Groudon
|-damage|p1a: Groudon|1/100
|-unboost|p1a: Groudon|spd|1
|move|p1a: Groudon|Stone Edge|p2a: Yveltal
|-supereffective|p2a: Yveltal
|-damage|p2a: Yveltal|14/100
|
|-weather|DesolateLand|[upkeep]
|upkeep
|turn|14
|
|t:|1668496011
|move|p2a: Yveltal|Max Airstream|p1a: Groudon
|-damage|p1a: Groudon|0 fnt
|-boost|p2a: Yveltal|spe|1
|faint|p1a: Groudon
|-weather|none
|
|upkeep
|
|t:|1668496013
|switch|p1a: Ditto|Ditto|100/100
|-transform|p1a: Ditto|p2a: Yveltal|[from] ability: Imposter
|-ability|p1a: Ditto|Dark Aura
|-end|p2a: Yveltal|Dynamax
|-heal|p2a: Yveltal|14/100|[silent]
|turn|15
|
|t:|1668496022
|move|p1a: Ditto|Oblivion Wing|p2a: Yveltal
|-damage|p2a: Yveltal|0 fnt
|faint|p2a: Yveltal
|
|upkeep
|
|t:|1668496041
|switch|p2a: Calyrex|Calyrex-Shadow|100/100
|-ability|p2a: Calyrex|As One
|-ability|p2a: Calyrex|Unnerve
|turn|16
|
|t:|1668496046
|-start|p1a: Ditto|Dynamax|
|-heal|p1a: Ditto|100/100|[silent]
|move|p1a: Ditto|Max Darkness|p2a: Calyrex
|-supereffective|p2a: Calyrex
|-enditem|p2a: Calyrex|Focus Sash
|-damage|p2a: Calyrex|1/100
|-unboost|p2a: Calyrex|spd|1
|move|p2a: Calyrex|Nasty Plot|p2a: Calyrex
|-boost|p2a: Calyrex|spa|2
|
|upkeep
|turn|17
|-message|Delta780 forfeited.
|
|win|DJ Phoenix da Poet
|raw|DJ Phoenix da Poet's rating: 1649 &rarr; <strong>1681</strong><br />(+32 for winning)
|raw|Delta780's rating: 1885 &rarr; <strong>1853</strong><br />(-32 for losing)
|l|☆Delta780
