|j|☆iopkj09
|j|☆CLEAR GEM清瑜
|t:|1664716659
|gametype|singles
|player|p1|iopkj09|nate|1833
|player|p2|CLEAR GEM清瑜|skierf|1838
|teamsize|p1|6
|teamsize|p2|6
|gen|8
|tier|[Gen 8] National Dex AG
|rated|
|rule|HP Percentage Mod: HP is shown in percentages
|rule|Endless Battle Clause: Forcing endless battles is banned
|clearpoke
|poke|p1|Yveltal|
|poke|p1|Xerneas-*|
|poke|p1|Rayquaza|
|poke|p1|Ditto|
|poke|p1|Melmetal|
|poke|p1|Giratina|
|poke|p2|Rayquaza|
|poke|p2|Groudon|
|poke|p2|Necrozma-Dusk-Mane|
|poke|p2|Arceus-*|
|poke|p2|Zacian-*|
|poke|p2|Yveltal|
|teampreview
|inactive|Battle timer is ON: inactive players will automatically lose when time's up. (requested by iopkj09)
|
|t:|1664716669
|start
|switch|p1a: Giratina|Giratina|100/100
|switch|p2a: 不会(?)|Groudon|100/100
|-ability|p1a: Giratina|Pressure
|detailschange|p2a: 不会(?)|Groudon-Primal
|-primal|p2a: 不会(?)
|-weather|DesolateLand|[from] ability: Desolate Land|[of] p2a: 不会(?)
|turn|1
|
|t:|1664716672
|move|p2a: 不会(?)|Stealth Rock|p1a: Giratina
|-sidestart|p1: iopkj09|move: Stealth Rock
|move|p1a: Giratina|Toxic|p2a: 不会(?)|[miss]
|-miss|p1a: Giratina|p2a: 不会(?)
|
|-weather|DesolateLand|[upkeep]
|upkeep
|turn|2
|
|t:|1664716677
|-weather|none
|switch|p2a: Y鸟|Yveltal|100/100
|-ability|p2a: Y鸟|Dark Aura
|move|p1a: Giratina|Toxic|p2a: Y鸟
|-status|p2a: Y鸟|tox
|
|-damage|p2a: Y鸟|94/100 tox|[from] psn
|upkeep
|turn|3
|
|t:|1664716680
|move|p1a: Giratina|Protect|p1a: Giratina
|-singleturn|p1a: Giratina|Protect
|move|p2a: Y鸟|Taunt|p1a: Giratina
|-activate|p1a: Giratina|move: Protect
|
|-damage|p2a: Y鸟|82/100 tox|[from] psn
|upkeep
|turn|4
|
|t:|1664716686
|move|p1a: Giratina|Protect||[still]
|-fail|p1a: Giratina
|move|p2a: Y鸟|Taunt|p1a: Giratina
|-start|p1a: Giratina|move: Taunt
|
|-damage|p2a: Y鸟|64/100 tox|[from] psn
|upkeep
|turn|5
|
|t:|1664716692
|switch|p1a: Melmetal|Melmetal, shiny|100/100
|-damage|p1a: Melmetal|94/100|[from] Stealth Rock
|move|p2a: Y鸟|Dark Pulse|p1a: Melmetal
|-damage|p1a: Melmetal|45/100
|-damage|p2a: Y鸟|54/100 tox|[from] item: Life Orb
|
|-damage|p2a: Y鸟|30/100 tox|[from] psn
|upkeep
|turn|6
|
|t:|1664716697
|move|p2a: Y鸟|Dark Pulse|p1a: Melmetal
|-damage|p1a: Melmetal|0 fnt
|faint|p1a: Melmetal
|-damage|p2a: Y鸟|20/100 tox|[from] item: Life Orb
|
|-damage|p2a: Y鸟|0 fnt|[from] psn
|faint|p2a: Y鸟
|upkeep
|
|t:|1664716701
|switch|p2a: 不会(?)|Groudon-Primal|100/100
|switch|p1a: Giratina|Giratina|100/100
|-weather|DesolateLand|[from] ability: Desolate Land|[of] p2a: 不会(?)
|-damage|p1a: Giratina|88/100|[from] Stealth Rock
|-ability|p1a: Giratina|Pressure
|turn|7
|
|t:|1664716705
|-weather|none
|switch|p2a: 钢铁之躯|Necrozma-Dusk-Mane|100/100
|move|p1a: Giratina|Toxic|p2a: 钢铁之躯
|-immune|p2a: 钢铁之躯
|
|-heal|p1a: Giratina|94/100|[from] item: Leftovers
|upkeep
|turn|8
|
|t:|1664716708
|move|p1a: Giratina|Will-O-Wisp|p2a: 钢铁之躯
|-status|p2a: 钢铁之躯|brn
|move|p2a: 钢铁之躯|Dragon Dance|p2a: 钢铁之躯
|-boost|p2a: 钢铁之躯|atk|1
|-boost|p2a: 钢铁之躯|spe|1
|
|-heal|p1a: Giratina|99/100|[from] item: Leftovers
|-damage|p2a: 钢铁之躯|94/100 brn|[from] brn
|upkeep
|turn|9
|
|t:|1664716713
|detailschange|p2a: 钢铁之躯|Necrozma-Ultra
|-burst|p2a: 钢铁之躯|Necrozma|Ultranecrozium Z
|move|p2a: 钢铁之躯|Dragon Dance|p2a: 钢铁之躯
|-boost|p2a: 钢铁之躯|atk|1
|-boost|p2a: 钢铁之躯|spe|1
|move|p1a: Giratina|Defog|p2a: 钢铁之躯
|-unboost|p2a: 钢铁之躯|evasion|1
|-sideend|p1: iopkj09|Stealth Rock|[from] move: Defog|[of] p1a: Giratina
|
|-heal|p1a: Giratina|100/100|[from] item: Leftovers
|-damage|p2a: 钢铁之躯|88/100 brn|[from] brn
|upkeep
|turn|10
|
|t:|1664716723
|move|p1a: Giratina|Protect|p1a: Giratina
|-singleturn|p1a: Giratina|Protect
|-zpower|p2a: 钢铁之躯
|move|p2a: 钢铁之躯|Light That Burns the Sky|p1a: Giratina|[zeffect]
|-zbroken|p1a: Giratina
|-damage|p1a: Giratina|84/100
|
|-heal|p1a: Giratina|90/100|[from] item: Leftovers
|-damage|p2a: 钢铁之躯|82/100 brn|[from] brn
|upkeep
|turn|11
|
|t:|1664716726
|switch|p1a: Yveltal|Yveltal, shiny|100/100
|-ability|p1a: Yveltal|Dark Aura
|move|p2a: 钢铁之躯|Dragon Dance|p2a: 钢铁之躯
|-boost|p2a: 钢铁之躯|atk|1
|-boost|p2a: 钢铁之躯|spe|1
|
|-damage|p2a: 钢铁之躯|76/100 brn|[from] brn
|upkeep
|turn|12
|
|t:|1664716730
|move|p1a: Yveltal|Sucker Punch|p2a: 钢铁之躯
|-supereffective|p2a: 钢铁之躯
|-damage|p2a: 钢铁之躯|7/100 brn
|move|p2a: 钢铁之躯|Stone Edge|p1a: Yveltal
|-supereffective|p1a: Yveltal
|-damage|p1a: Yveltal|0 fnt
|faint|p1a: Yveltal
|
|-damage|p2a: 钢铁之躯|0 fnt|[from] brn
|faint|p2a: 钢铁之躯
|upkeep
|
|t:|1664716735
|switch|p2a: 悬空羊驼|Arceus-Flying|100/100
|switch|p1a: Giratina|Giratina|90/100
|-ability|p1a: Giratina|Pressure
|turn|13
|
|t:|1664716738
|move|p2a: 悬空羊驼|Calm Mind|p2a: 悬空羊驼
|-boost|p2a: 悬空羊驼|spa|1
|-boost|p2a: 悬空羊驼|spd|1
|move|p1a: Giratina|Toxic|p2a: 悬空羊驼
|-status|p2a: 悬空羊驼|tox
|
|-heal|p1a: Giratina|96/100|[from] item: Leftovers
|-damage|p2a: 悬空羊驼|94/100 tox|[from] psn
|upkeep
|turn|14
|
|t:|1664716746
|switch|p1a: Rayquaza|Rayquaza|100/100
|-ability|p1a: Rayquaza|Air Lock
|move|p2a: 悬空羊驼|Calm Mind|p2a: 悬空羊驼
|-boost|p2a: 悬空羊驼|spa|1
|-boost|p2a: 悬空羊驼|spd|1
|
|-damage|p2a: 悬空羊驼|82/100 tox|[from] psn
|upkeep
|turn|15
|
|t:|1664716749
|detailschange|p1a: Rayquaza|Rayquaza-Mega
|-mega|p1a: Rayquaza|Rayquaza|
|-weather|DeltaStream|[from] ability: Delta Stream|[of] p1a: Rayquaza
|-start|p2a: 悬空羊驼|Dynamax|
|-heal|p2a: 悬空羊驼|82/100 tox|[silent]
|move|p1a: Rayquaza|Dragon Dance|p1a: Rayquaza
|-boost|p1a: Rayquaza|atk|1
|-boost|p1a: Rayquaza|spe|1
|move|p2a: 悬空羊驼|Max Airstream|p1a: Rayquaza
|-enditem|p1a: Rayquaza|Focus Sash
|-damage|p1a: Rayquaza|1/100
|-boost|p2a: 悬空羊驼|spe|1
|
|-weather|DeltaStream|[upkeep]
|-damage|p2a: 悬空羊驼|73/100 tox|[from] psn
|upkeep
|turn|16
|
|t:|1664716752
|move|p1a: Rayquaza|Dragon Ascent|p2a: 悬空羊驼
|-damage|p2a: 悬空羊驼|30/100 tox
|-unboost|p1a: Rayquaza|def|1
|-unboost|p1a: Rayquaza|spd|1
|move|p2a: 悬空羊驼|Max Airstream|p1a: Rayquaza
|-damage|p1a: Rayquaza|0 fnt
|-boost|p2a: 悬空羊驼|spe|1
|faint|p1a: Rayquaza
|-weather|none
|
|-damage|p2a: 悬空羊驼|18/100 tox|[from] psn
|upkeep
|
|t:|1664716756
|switch|p1a: Giratina|Giratina|96/100
|-ability|p1a: Giratina|Pressure
|turn|17
|
|t:|1664716757
|move|p1a: Giratina|Protect|p1a: Giratina
|-singleturn|p1a: Giratina|Protect
|move|p2a: 悬空羊驼|Max Airstream|p1a: Giratina
|-zbroken|p1a: Giratina
|-damage|p1a: Giratina|74/100
|-boost|p2a: 悬空羊驼|spe|1
|
|-heal|p1a: Giratina|80/100|[from] item: Leftovers
|-damage|p2a: 悬空羊驼|3/100 tox|[from] psn
|upkeep
|-end|p2a: 悬空羊驼|Dynamax
|-heal|p2a: 悬空羊驼|3/100 tox|[silent]
|turn|18
|j| armormew2
|
|t:|1664716764
|move|p1a: Giratina|Protect||[still]
|-fail|p1a: Giratina
|move|p2a: 悬空羊驼|Judgment|p1a: Giratina
|-damage|p1a: Giratina|5/100
|
|-heal|p1a: Giratina|12/100|[from] item: Leftovers
|-damage|p2a: 悬空羊驼|0 fnt|[from] psn
|faint|p2a: 悬空羊驼
|upkeep
|
|t:|1664716769
|switch|p2a: 不会(?)|Groudon-Primal|100/100
|-weather|DesolateLand|[from] ability: Desolate Land|[of] p2a: 不会(?)
|turn|19
|
|t:|1664716773
|move|p2a: 不会(?)|Precipice Blades|p1a: Giratina
|-damage|p1a: Giratina|0 fnt
|faint|p1a: Giratina
|
|-weather|DesolateLand|[upkeep]
|upkeep
|j| Shockwave79
|
|t:|1664716779
|switch|p1a: Ditto|Ditto, shiny|100/100
|-transform|p1a: Ditto|p2a: 不会(?)|[from] ability: Imposter
|turn|20
|
|t:|1664716782
|move|p1a: Ditto|Precipice Blades|p2a: 不会(?)|[miss]
|-miss|p1a: Ditto|p2a: 不会(?)
|move|p2a: 不会(?)|Precipice Blades|p1a: Ditto|[miss]
|-miss|p2a: 不会(?)|p1a: Ditto
|
|-weather|DesolateLand|[upkeep]
|upkeep
|turn|21
|
|t:|1664716784
|move|p1a: Ditto|Precipice Blades|p2a: 不会(?)
|-supereffective|p2a: 不会(?)
|-damage|p2a: 不会(?)|0 fnt
|faint|p2a: 不会(?)
|
|-weather|DesolateLand|[upkeep]
|upkeep
|
|t:|1664716786
|switch|p2a: 老烈|Rayquaza, shiny|100/100
|-ability|p2a: 老烈|Air Lock
|turn|22
|
|t:|1664716788
|-weather|none
|switch|p1a: Xerneas|Xerneas, shiny|100/100
|-ability|p1a: Xerneas|Fairy Aura
|detailschange|p2a: 老烈|Rayquaza-Mega, shiny
|-mega|p2a: 老烈|Rayquaza|
|-weather|DeltaStream|[from] ability: Delta Stream|[of] p2a: 老烈
|move|p2a: 老烈|Dragon Dance|p2a: 老烈
|-boost|p2a: 老烈|atk|1
|-boost|p2a: 老烈|spe|1
|
|-weather|DeltaStream|[upkeep]
|upkeep
|turn|23
|
|t:|1664716790
|-start|p1a: Xerneas|Dynamax|
|-heal|p1a: Xerneas|100/100|[silent]
|move|p2a: 老烈|Dragon Ascent|p1a: Xerneas
|-damage|p1a: Xerneas|44/100
|-unboost|p2a: 老烈|def|1
|-unboost|p2a: 老烈|spd|1
|move|p1a: Xerneas|Max Starfall|p2a: 老烈
|-supereffective|p2a: 老烈
|-enditem|p2a: 老烈|Focus Sash
|-damage|p2a: 老烈|1/100
|-fieldstart|move: Misty Terrain
|
|-weather|DeltaStream|[upkeep]
|upkeep
|turn|24
|
|t:|1664716796
|move|p2a: 老烈|Dragon Ascent|p1a: Xerneas
|-damage|p1a: Xerneas|0 fnt
|-unboost|p2a: 老烈|def|1
|-unboost|p2a: 老烈|spd|1
|faint|p1a: Xerneas
|
|-weather|DeltaStream|[upkeep]
|upkeep
|
|t:|1664716801
|switch|p1a: Ditto|Ditto, shiny|100/100
|-transform|p1a: Ditto|p2a: 老烈|[from] ability: Imposter
|turn|25
|
|t:|1664716804
|move|p1a: Ditto|Extreme Speed|p2a: 老烈
|-damage|p2a: 老烈|0 fnt
|faint|p2a: 老烈
|
|-weather|DeltaStream|[upkeep]
|upkeep
|
|t:|1664716805
|switch|p2a: 嘉然小姐的狗|Zacian-Crowned|100/100
|-ability|p2a: 嘉然小姐的狗|Intrepid Sword|boost
|-boost|p2a: 嘉然小姐的狗|atk|1
|turn|26
|-message|iopkj09 forfeited.
|
|win|CLEAR GEM清瑜
|raw|iopkj09's rating: 1833 &rarr; <strong>1813</strong><br />(-20 for losing)
|raw|CLEAR GEM清瑜's rating: 1838 &rarr; <strong>1858</strong><br />(+20 for winning)
|l|☆iopkj09
