|j|☆Goku Uchiha 2001
|j|☆Mr_kraft_
|t:|1664778956
|gametype|singles
|player|p1|Goku Uchiha 2001|dawn|1764
|player|p2|Mr_kraft_|101|1720
|teamsize|p1|6
|teamsize|p2|6
|gen|8
|tier|[Gen 8] National Dex AG
|rated|
|rule|HP Percentage Mod: HP is shown in percentages
|rule|Endless Battle Clause: Forcing endless battles is banned
|clearpoke
|poke|p1|Arceus-*|
|poke|p1|Ditto|
|poke|p1|Kartana|
|poke|p1|Dragapult, M|
|poke|p1|Arceus-*|
|poke|p1|Xerneas-*|
|poke|p2|Groudon|
|poke|p2|Marshadow|
|poke|p2|Zacian-*|
|poke|p2|Ditto|
|poke|p2|Kyurem-Black|
|poke|p2|Yveltal|
|teampreview
|inactive|Battle timer is ON: inactive players will automatically lose when time's up. (requested by Goku Uchiha 2001)
|
|t:|1664778962
|start
|switch|p1a: Arceus|Arceus-Fairy|100/100
|switch|p2a: Kyurem|Kyurem-Black, shiny|100/100
|-ability|p2a: Kyurem|Teravolt
|turn|1
|
|t:|1664778967
|move|p2a: Kyurem|Iron Head|p1a: Arceus
|-supereffective|p1a: Arceus
|-damage|p1a: Arceus|58/100
|move|p1a: Arceus|Stealth Rock|p2a: Kyurem
|-sidestart|p2: Mr_kraft_|move: Stealth Rock
|
|upkeep
|turn|2
|
|t:|1664778972
|move|p2a: Kyurem|Iron Head|p1a: Arceus
|-supereffective|p1a: Arceus
|-damage|p1a: Arceus|10/100
|move|p1a: Arceus|Judgment|p2a: Kyurem
|-supereffective|p2a: Kyurem
|-damage|p2a: Kyurem|5/100
|
|upkeep
|turn|3
|
|t:|1664778977
|move|p2a: Kyurem|Iron Head|p1a: Arceus
|-supereffective|p1a: Arceus
|-damage|p1a: Arceus|0 fnt
|faint|p1a: Arceus
|
|upkeep
|
|t:|1664778990
|switch|p1a: Arceus|Arceus|100/100
|turn|4
|
|t:|1664778995
|move|p1a: Arceus|Extreme Speed|p2a: Kyurem
|-damage|p2a: Kyurem|0 fnt
|faint|p2a: Kyurem
|
|upkeep
|
|t:|1664778997
|switch|p2a: Yveltal|Yveltal|100/100
|-damage|p2a: Yveltal|76/100|[from] Stealth Rock
|-ability|p2a: Yveltal|Dark Aura
|turn|5
|
|t:|1664779010
|move|p2a: Yveltal|Defog|p1a: Arceus
|-unboost|p1a: Arceus|evasion|1
|-sideend|p2: Mr_kraft_|Stealth Rock|[from] move: Defog|[of] p2a: Yveltal
|move|p1a: Arceus|Swords Dance|p1a: Arceus
|-boost|p1a: Arceus|atk|2
|
|upkeep
|turn|6
|
|t:|1664779015
|switch|p2a: Marshadow|Marshadow|100/100
|move|p1a: Arceus|Shadow Claw|p2a: Marshadow
|-supereffective|p2a: Marshadow
|-enditem|p2a: Marshadow|Focus Sash
|-damage|p2a: Marshadow|1/100
|
|upkeep
|turn|7
|
|t:|1664779019
|switch|p1a: Dragapult|Dragapult, M|100/100
|move|p2a: Marshadow|Close Combat|p1a: Dragapult
|-immune|p1a: Dragapult
|
|upkeep
|turn|8
|
|t:|1664779022
|move|p1a: Dragapult|Sucker Punch|p2a: Marshadow
|-damage|p2a: Marshadow|0 fnt
|faint|p2a: Marshadow
|-damage|p1a: Dragapult|91/100|[from] item: Life Orb
|
|upkeep
|
|t:|1664779028
|switch|p2a: Ditto|Ditto|100/100
|-transform|p2a: Ditto|p1a: Dragapult|[from] ability: Imposter
|turn|9
|
|t:|1664779035
|switch|p1a: Xerneas|Xerneas, shiny|100/100
|-ability|p1a: Xerneas|Fairy Aura
|move|p2a: Ditto|Phantom Force||[still]
|-prepare|p2a: Ditto|Phantom Force
|
|upkeep
|turn|10
|
|t:|1664779048
|switch|p1a: Arceus|Arceus|100/100
|move|p2a: Ditto|Phantom Force|p1a: Arceus|[from]lockedmove
|-immune|p1a: Arceus
|
|upkeep
|turn|11
|
|t:|1664779059
|switch|p2a: Zacian|Zacian-Crowned|100/100
|-ability|p2a: Zacian|Intrepid Sword|boost
|-boost|p2a: Zacian|atk|1
|move|p1a: Arceus|Swords Dance|p1a: Arceus
|-boost|p1a: Arceus|atk|2
|
|upkeep
|turn|12
|
|t:|1664779065
|move|p1a: Arceus|Extreme Speed|p2a: Zacian
|-resisted|p2a: Zacian
|-damage|p2a: Zacian|58/100
|move|p2a: Zacian|Close Combat|p1a: Arceus
|-supereffective|p1a: Arceus
|-damage|p1a: Arceus|0 fnt
|-unboost|p2a: Zacian|def|1
|-unboost|p2a: Zacian|spd|1
|faint|p1a: Arceus
|
|upkeep
|
|t:|1664779069
|switch|p1a: Ditto|Ditto, shiny|100/100
|-transform|p1a: Ditto|p2a: Zacian|[from] ability: Imposter
|-ability|p1a: Ditto|Intrepid Sword|boost
|-boost|p1a: Ditto|atk|1
|turn|13
|
|t:|1664779075
|move|p1a: Ditto|Close Combat|p2a: Zacian
|-damage|p2a: Zacian|0 fnt
|-unboost|p1a: Ditto|def|1
|-unboost|p1a: Ditto|spd|1
|faint|p2a: Zacian
|
|upkeep
|
|t:|1664779078
|switch|p2a: Groudon|Groudon|100/100
|detailschange|p2a: Groudon|Groudon-Primal
|-primal|p2a: Groudon
|-weather|DesolateLand|[from] ability: Desolate Land|[of] p2a: Groudon
|turn|14
|
|t:|1664779083
|move|p1a: Ditto|Close Combat|p2a: Groudon
|-damage|p2a: Groudon|39/100
|-unboost|p1a: Ditto|def|1
|-unboost|p1a: Ditto|spd|1
|move|p2a: Groudon|Heat Crash|p1a: Ditto
|-supereffective|p1a: Ditto
|-damage|p1a: Ditto|0 fnt
|faint|p1a: Ditto
|
|-weather|DesolateLand|[upkeep]
|upkeep
|
|t:|1664779094
|switch|p1a: Dragapult|Dragapult, M|91/100
|turn|15
|
|t:|1664779100
|move|p1a: Dragapult|Dragon Darts|p2a: Groudon
|-damage|p2a: Groudon|21/100
|-anim|p1a: Dragapult|Dragon Darts|p2a: Groudon
|-damage|p2a: Groudon|3/100
|-damage|p1a: Dragapult|81/100|[from] item: Life Orb
|move|p2a: Groudon|Rest|p2a: Groudon
|-status|p2a: Groudon|slp|[from] move: Rest
|-heal|p2a: Groudon|100/100 slp|[silent]
|
|-weather|DesolateLand|[upkeep]
|upkeep
|turn|16
|
|t:|1664779111
|move|p1a: Dragapult|Dragon Dance|p1a: Dragapult
|-boost|p1a: Dragapult|atk|1
|-boost|p1a: Dragapult|spe|1
|cant|p2a: Groudon|slp
|move|p2a: Groudon|Sleep Talk|p2a: Groudon
|move|p2a: Groudon|Heat Crash|p1a: Dragapult|[from]move: Sleep Talk
|-resisted|p1a: Dragapult
|-damage|p1a: Dragapult|0 fnt
|faint|p1a: Dragapult
|
|-weather|DesolateLand|[upkeep]
|upkeep
|
|t:|1664779130
|switch|p1a: Xerneas|Xerneas, shiny|100/100
|-ability|p1a: Xerneas|Fairy Aura
|turn|17
|
|t:|1664779137
|-start|p1a: Xerneas|Dynamax|
|-heal|p1a: Xerneas|100/100|[silent]
|move|p1a: Xerneas|Max Quake|p2a: Groudon
|-supereffective|p2a: Groudon
|-damage|p2a: Groudon|16/100 slp
|-boost|p1a: Xerneas|spd|1
|cant|p2a: Groudon|slp
|move|p2a: Groudon|Sleep Talk|p2a: Groudon
|move|p2a: Groudon|Heat Crash||[from]move: Sleep Talk|[still]
|-fail|p2a: Groudon|Dynamax
|
|-weather|DesolateLand|[upkeep]
|upkeep
|turn|18
|
|t:|1664779152
|move|p1a: Xerneas|Max Starfall|p2a: Groudon
|-resisted|p2a: Groudon
|-damage|p2a: Groudon|0 fnt
|-fieldstart|move: Misty Terrain
|faint|p2a: Groudon
|-weather|none
|
|upkeep
|
|t:|1664779158
|switch|p2a: Ditto|Ditto|100/100
|-transform|p2a: Ditto|p1a: Xerneas|[from] ability: Imposter
|-ability|p2a: Ditto|Fairy Aura
|turn|19
|
|t:|1664779169
|-start|p2a: Ditto|Dynamax|
|-heal|p2a: Ditto|100/100|[silent]
|move|p1a: Xerneas|Max Starfall|p2a: Ditto
|-damage|p2a: Ditto|68/100
|move|p2a: Ditto|Max Starfall|p1a: Xerneas
|-damage|p1a: Xerneas|81/100
|
|upkeep
|-end|p1a: Xerneas|Dynamax
|-heal|p1a: Xerneas|81/100|[silent]
|turn|20
|
|t:|1664779176
|move|p1a: Xerneas|Geomancy||[still]
|-prepare|p1a: Xerneas|Geomancy
|-enditem|p1a: Xerneas|Power Herb
|-anim|p1a: Xerneas|Geomancy|p1a: Xerneas
|-boost|p1a: Xerneas|spa|2
|-boost|p1a: Xerneas|spd|2
|-boost|p1a: Xerneas|spe|2
|move|p2a: Ditto|Max Starfall|p1a: Xerneas
|-damage|p1a: Xerneas|60/100
|
|upkeep
|turn|21
|
|t:|1664779194
|-end|p2a: Ditto|Dynamax
|-heal|p2a: Ditto|68/100|[silent]
|switch|p2a: Yveltal|Yveltal|76/100
|-ability|p2a: Yveltal|Dark Aura
|move|p1a: Xerneas|Substitute|p1a: Xerneas
|-start|p1a: Xerneas|Substitute
|-damage|p1a: Xerneas|35/100
|
|upkeep
|turn|22
|
|t:|1664779198
|move|p1a: Xerneas|Draining Kiss|p2a: Yveltal
|-supereffective|p2a: Yveltal
|-damage|p2a: Yveltal|0 fnt
|-heal|p1a: Xerneas|84/100|[from] drain|[of] p2a: Yveltal
|faint|p2a: Yveltal
|
|-fieldend|Misty Terrain
|upkeep
|
|t:|1664779201
|switch|p2a: Ditto|Ditto|68/100
|turn|23
|-message|Mr_kraft_ forfeited.
|
|win|Goku Uchiha 2001
|raw|Goku Uchiha 2001's rating: 1764 &rarr; <strong>1781</strong><br />(+17 for winning)
|raw|Mr_kraft_'s rating: 1720 &rarr; <strong>1703</strong><br />(-17 for losing)
|l|☆Mr_kraft_
