|j|☆OnMaWa
|j|☆85792195wwww
|player|p1|OnMaWa|psychic-gen4|1775
|player|p2|85792195wwww|lady|1809
|teamsize|p1|6
|teamsize|p2|6
|gametype|singles
|gen|8
|tier|[Gen 8] National Dex AG
|rated|
|clearpoke
|poke|p1|Arceus-*|
|poke|p1|Xerneas|
|poke|p1|Lugia|
|poke|p1|Zacian-Crowned|
|poke|p1|Necrozma-Dusk-Mane|
|poke|p1|Groudon|
|poke|p2|Rayquaza|
|poke|p2|Zacian-Crowned|
|poke|p2|Ditto|
|poke|p2|Kyogre|
|poke|p2|Excadrill, M|
|poke|p2|Arceus-*|
|rule|HP Percentage Mod: HP is shown in percentages
|rule|Endless Battle Clause: Forcing endless battles is banned
|teampreview
|
|start
|switch|p1a: Arceus|Arceus|100/100
|switch|p2a: Zacian|Zacian-Crowned|100/100
|-ability|p2a: Zacian|Intrepid Sword|boost
|-boost|p2a: Zacian|atk|1
|turn|1
|
|switch|p1a: Lugia|Lugia|100/100
|move|p2a: Zacian|Substitute|p2a: Zacian
|-start|p2a: Zacian|Substitute
|-damage|p2a: Zacian|76/100
|
|upkeep
|turn|2
|
|move|p2a: Zacian|Behemoth Blade|p1a: Lugia
|-damage|p1a: Lugia|73/100
|move|p1a: Lugia|Whirlwind|p2a: Zacian
|drag|p2a: Arceus|Arceus|100/100
|
|upkeep
|turn|3
|
|switch|p2a: Excadrill|Excadrill, M|100/100
|-ability|p2a: Excadrill|Mold Breaker
|move|p1a: Lugia|Roost|p1a: Lugia
|-heal|p1a: Lugia|100/100
|-singleturn|p1a: Lugia|move: Roost
|
|upkeep
|turn|4
|
|switch|p1a: Zacian|Zacian-Crowned|100/100
|-ability|p1a: Zacian|Intrepid Sword|boost
|-boost|p1a: Zacian|atk|1
|move|p2a: Excadrill|Toxic|p1a: Zacian
|-immune|p1a: Zacian
|
|upkeep
|turn|5
|
|move|p1a: Zacian|Behemoth Blade|p2a: Excadrill
|-resisted|p2a: Excadrill
|-damage|p2a: Excadrill|35/100
|move|p2a: Excadrill|Rapid Spin|p1a: Zacian
|-resisted|p1a: Zacian
|-damage|p1a: Zacian|91/100
|-boost|p2a: Excadrill|spe|1
|
|upkeep
|turn|6
|
|move|p2a: Excadrill|Earthquake|p1a: Zacian
|-supereffective|p1a: Zacian
|-damage|p1a: Zacian|0 fnt
|faint|p1a: Zacian
|
|upkeep
|
|switch|p1a: Arceus|Arceus|100/100
|turn|7
|
|move|p1a: Arceus|Extreme Speed|p2a: Excadrill
|-resisted|p2a: Excadrill
|-damage|p2a: Excadrill|0 fnt
|faint|p2a: Excadrill
|
|upkeep
|
|switch|p2a: Arceus|Arceus|100/100
|turn|8
|inactive|Battle timer is ON: inactive players will automatically lose when time's up. (requested by 85792195wwww)
|
|switch|p1a: Lugia|Lugia|100/100
|move|p2a: Arceus|Swords Dance|p2a: Arceus
|-boost|p2a: Arceus|atk|2
|
|upkeep
|turn|9
|
|-start|p2a: Arceus|Dynamax
|-heal|p2a: Arceus|100/100|[silent]
|move|p2a: Arceus|Max Strike|p1a: Lugia
|-damage|p1a: Lugia|52/100
|-unboost|p1a: Lugia|spe|1
|-damage|p2a: Arceus|96/100|[from] item: Life Orb
|move|p1a: Lugia|Whirlwind|p2a: Arceus
|-block|p2a: Arceus|Dynamax
|
|upkeep
|turn|10
|inactive|OnMaWa has 120 seconds left.
|
|switch|p1a: Groudon|Groudon|100/100
|detailschange|p1a: Groudon|Groudon-Primal
|-primal|p1a: Groudon
|-weather|DesolateLand|[from] ability: Desolate Land|[of] p1a: Groudon
|move|p2a: Arceus|Max Strike|p1a: Groudon
|-damage|p1a: Groudon|0 fnt
|-damage|p2a: Arceus|91/100|[from] item: Life Orb
|faint|p1a: Groudon
|-weather|none
|
|upkeep
|inactive|OnMaWa has 90 seconds left.
|
|switch|p1a: Xerneas|Xerneas, shiny|100/100
|-ability|p1a: Xerneas|Fairy Aura
|turn|11
|
|-start|p1a: Xerneas|Dynamax
|-heal|p1a: Xerneas|100/100|[silent]
|move|p1a: Xerneas|Max Guard|p1a: Xerneas
|-singleturn|p1a: Xerneas|Max Guard
|move|p2a: Arceus|Max Strike|p1a: Xerneas
|-activate|p1a: Xerneas|move: Max Guard
|
|-end|p2a: Arceus|Dynamax
|-heal|p2a: Arceus|91/100|[silent]
|upkeep
|turn|12
|inactive|OnMaWa has 90 seconds left.
|
|switch|p2a: Zacian|Zacian-Crowned|76/100
|-ability|p2a: Zacian|Intrepid Sword|boost
|-boost|p2a: Zacian|atk|1
|move|p1a: Xerneas|Max Starfall|p2a: Zacian
|-resisted|p2a: Zacian
|-damage|p2a: Zacian|31/100
|-fieldstart|move: Misty Terrain
|
|upkeep
|turn|13
|inactive|OnMaWa has 90 seconds left.
|
|move|p2a: Zacian|Behemoth Blade|p1a: Xerneas
|-supereffective|p1a: Xerneas
|-damage|p1a: Xerneas|0 fnt
|faint|p1a: Xerneas
|
|upkeep
|inactive|OnMaWa has 60 seconds left.
|
|switch|p1a: Lugia|Lugia|52/100
|turn|14
|inactive|OnMaWa has 60 seconds left.
|
|move|p2a: Zacian|Wild Charge|p1a: Lugia
|-supereffective|p1a: Lugia
|-damage|p1a: Lugia|0 fnt
|-damage|p2a: Zacian|14/100|[from] Recoil
|faint|p1a: Lugia
|
|upkeep
|inactive|OnMaWa has 60 seconds left.
|
|switch|p1a: Arceus|Arceus|100/100
|turn|15
|
|move|p1a: Arceus|Extreme Speed|p2a: Zacian
|-resisted|p2a: Zacian
|-damage|p2a: Zacian|0 fnt
|faint|p2a: Zacian
|
|upkeep
|
|switch|p2a: Arceus|Arceus|91/100
|turn|16
|
|move|p2a: Arceus|Swords Dance|p2a: Arceus
|-boost|p2a: Arceus|atk|2
|move|p1a: Arceus|Swords Dance|p1a: Arceus
|-boost|p1a: Arceus|atk|2
|
|-fieldend|Misty Terrain
|upkeep
|turn|17
|
|move|p2a: Arceus|Extreme Speed|p1a: Arceus
|-damage|p1a: Arceus|31/100
|-damage|p2a: Arceus|81/100|[from] item: Life Orb
|move|p1a: Arceus|Extreme Speed|p2a: Arceus
|-damage|p2a: Arceus|4/100
|
|upkeep
|turn|18
|inactive|OnMaWa has 90 seconds left.
|
|move|p2a: Arceus|Extreme Speed|p1a: Arceus
|-damage|p1a: Arceus|0 fnt
|-damage|p2a: Arceus|0 fnt|[from] item: Life Orb
|faint|p1a: Arceus
|faint|p2a: Arceus
|
|upkeep
|inactive|OnMaWa has 90 seconds left.
|
|switch|p2a: Kyogre|Kyogre|100/100
|switch|p1a: Necrozma|Necrozma-Dusk-Mane|100/100
|detailschange|p2a: Kyogre|Kyogre-Primal
|-primal|p2a: Kyogre
|-weather|PrimordialSea|[from] ability: Primordial Sea|[of] p2a: Kyogre
|turn|19
|inactive|OnMaWa has 90 seconds left.
|
|detailschange|p1a: Necrozma|Necrozma-Ultra
|-burst|p1a: Necrozma|Necrozma|Ultranecrozium Z
|move|p1a: Necrozma|Photon Geyser|p2a: Kyogre
|-damage|p2a: Kyogre|35/100
|move|p2a: Kyogre|Scald|p1a: Necrozma
|-resisted|p1a: Necrozma
|-damage|p1a: Necrozma|59/100
|
|-weather|PrimordialSea|[upkeep]
|upkeep
|turn|20
|inactive|OnMaWa has 90 seconds left.
|
|move|p1a: Necrozma|Photon Geyser|p2a: Kyogre
|-damage|p2a: Kyogre|0 fnt
|faint|p2a: Kyogre
|-weather|none
|
|upkeep
|
|switch|p2a: Ditto|Ditto|100/100
|-transform|p2a: Ditto|p1a: Necrozma|[from] ability: Imposter
|turn|21
|inactive|OnMaWa has 90 seconds left.
|
|move|p2a: Ditto|Earthquake|p1a: Necrozma
|-damage|p1a: Necrozma|17/100
|move|p1a: Necrozma|Dragon Dance|p1a: Necrozma
|-boost|p1a: Necrozma|atk|1
|-boost|p1a: Necrozma|spe|1
|
|upkeep
|turn|22
|
|-zpower|p1a: Necrozma
|move|p1a: Necrozma|Light That Burns the Sky|p2a: Ditto|[zeffect]
|-resisted|p2a: Ditto
|-damage|p2a: Ditto|0 fnt
|faint|p2a: Ditto
|
|upkeep
|
|switch|p2a: Rayquaza|Rayquaza|100/100
|-ability|p2a: Rayquaza|Air Lock
|turn|23
|
|detailschange|p2a: Rayquaza|Rayquaza-Mega
|-mega|p2a: Rayquaza|Rayquaza|
|-weather|DeltaStream|[from] ability: Delta Stream|[of] p2a: Rayquaza
|move|p2a: Rayquaza|Extreme Speed|p1a: Necrozma
|-damage|p1a: Necrozma|0 fnt
|-damage|p2a: Rayquaza|91/100|[from] item: Life Orb
|faint|p1a: Necrozma
|
|win|85792195wwww
|raw|OnMaWa's rating: 1775 &rarr; <strong>1757</strong><br />(-18 for losing)
|raw|85792195wwww's rating: 1809 &rarr; <strong>1827</strong><br />(+18 for winning)
