|j|☆Boogerpull
|j|☆ThyKingCharles
|t:|1626831962
|gametype|singles
|player|p1|Boogerpull|burglar|1721
|player|p2|ThyKingCharles|zinnia|1705
|teamsize|p1|6
|teamsize|p2|6
|gen|8
|tier|[Gen 8] National Dex AG
|rated|
|rule|HP Percentage Mod: HP is shown in percentages
|rule|Endless Battle Clause: Forcing endless battles is banned
|clearpoke
|poke|p1|Yveltal|
|poke|p1|Lunala|
|poke|p1|Cinderace, F|
|poke|p1|Thundurus, M|
|poke|p1|Groudon|
|poke|p1|Celesteela|
|poke|p2|Rayquaza|
|poke|p2|Arceus-*|
|poke|p2|Yveltal|
|poke|p2|Zacian-*|
|poke|p2|Necrozma-Dusk-Mane|
|poke|p2|Marshadow|
|teampreview
|
|t:|1626831978
|start
|switch|p1a: Crumbles|Groudon|100/100
|switch|p2a: Arceus|Arceus|100/100
|detailschange|p1a: Crumbles|Groudon-Primal
|-primal|p1a: Crumbles
|-weather|DesolateLand|[from] ability: Desolate Land|[of] p1a: Crumbles
|turn|1
|
|t:|1626831983
|move|p2a: Arceus|Swords Dance|p2a: Arceus
|-boost|p2a: Arceus|atk|2
|move|p1a: Crumbles|Fire Blast|p2a: Arceus
|-damage|p2a: Arceus|28/100
|
|-weather|DesolateLand|[upkeep]
|upkeep
|turn|2
|
|t:|1626831986
|-weather|none
|switch|p1a: Kracker|Thundurus, M|100/100
|move|p2a: Arceus|Earthquake|p1a: Kracker
|-immune|p1a: Kracker
|
|upkeep
|turn|3
|
|t:|1626831990
|move|p2a: Arceus|Extreme Speed|p1a: Kracker
|-enditem|p1a: Kracker|Focus Sash
|-damage|p1a: Kracker|1/100
|move|p1a: Kracker|Grass Knot|p2a: Arceus
|-damage|p2a: Arceus|4/100
|
|upkeep
|turn|4
|
|t:|1626831997
|move|p1a: Kracker|Grass Knot|p2a: Arceus
|-damage|p2a: Arceus|0 fnt
|faint|p2a: Arceus
|
|upkeep
|
|t:|1626832000
|switch|p2a: Marshadow|Marshadow|100/100
|turn|5
|
|t:|1626832004
|move|p2a: Marshadow|Shadow Sneak|p1a: Kracker
|-damage|p1a: Kracker|0 fnt
|faint|p1a: Kracker
|
|upkeep
|
|t:|1626832006
|switch|p1a: Crumbles|Groudon-Primal|100/100
|-weather|DesolateLand|[from] ability: Desolate Land|[of] p1a: Crumbles
|turn|6
|
|t:|1626832013
|switch|p2a: Rayquaza|Rayquaza|100/100
|-ability|p2a: Rayquaza|Air Lock
|move|p1a: Crumbles|Stealth Rock|p2a: Rayquaza
|-sidestart|p2: ThyKingCharles|move: Stealth Rock
|
|-weather|DesolateLand|[upkeep]
|upkeep
|turn|7
|
|t:|1626832016
|detailschange|p2a: Rayquaza|Rayquaza-Mega
|-mega|p2a: Rayquaza|Rayquaza|
|-weather|DeltaStream|[from] ability: Delta Stream|[of] p2a: Rayquaza
|move|p2a: Rayquaza|Dragon Dance|p2a: Rayquaza
|-boost|p2a: Rayquaza|atk|1
|-boost|p2a: Rayquaza|spe|1
|move|p1a: Crumbles|Ancient Power|p2a: Rayquaza
|-activate||deltastream
|-damage|p2a: Rayquaza|78/100
|-boost|p1a: Crumbles|atk|1
|-boost|p1a: Crumbles|def|1
|-boost|p1a: Crumbles|spa|1
|-boost|p1a: Crumbles|spd|1
|-boost|p1a: Crumbles|spe|1
|
|-weather|DeltaStream|[upkeep]
|upkeep
|turn|8
|
|t:|1626832024
|move|p2a: Rayquaza|Earthquake|p1a: Crumbles
|-supereffective|p1a: Crumbles
|-damage|p1a: Crumbles|13/100
|-damage|p2a: Rayquaza|68/100|[from] item: Life Orb
|move|p1a: Crumbles|Ancient Power|p2a: Rayquaza
|-activate||deltastream
|-damage|p2a: Rayquaza|29/100
|-boost|p1a: Crumbles|atk|1
|-boost|p1a: Crumbles|def|1
|-boost|p1a: Crumbles|spa|1
|-boost|p1a: Crumbles|spd|1
|-boost|p1a: Crumbles|spe|1
|
|-weather|DeltaStream|[upkeep]
|upkeep
|turn|9
|
|t:|1626832027
|move|p1a: Crumbles|Ancient Power|p2a: Rayquaza
|-activate||deltastream
|-damage|p2a: Rayquaza|0 fnt
|-boost|p1a: Crumbles|atk|1
|-boost|p1a: Crumbles|def|1
|-boost|p1a: Crumbles|spa|1
|-boost|p1a: Crumbles|spd|1
|-boost|p1a: Crumbles|spe|1
|faint|p2a: Rayquaza
|-weather|none
|
|upkeep
|c|☆ThyKingCharles|lmao how
|c|☆Boogerpull|Fyes
|
|t:|1626832042
|switch|p2a: Yveltal|Yveltal|100/100
|-ability|p2a: Yveltal|Dark Aura
|turn|10
|c|☆Boogerpull|This has never happened
|
|t:|1626832048
|move|p1a: Crumbles|Ancient Power|p2a: Yveltal
|-supereffective|p2a: Yveltal
|-damage|p2a: Yveltal|0 fnt
|faint|p2a: Yveltal
|
|upkeep
|c|☆ThyKingCharles|triple 10% sick
|
|t:|1626832054
|switch|p2a: Marshadow|Marshadow|100/100
|-damage|p2a: Marshadow|94/100|[from] Stealth Rock
|turn|11
|c|☆Boogerpull|Hold on
|c|☆ThyKingCharles|1/1000 chances
|j| 2otns
|j| Bigblackman69
|
|t:|1626832116
|move|p2a: Marshadow|Shadow Sneak|p1a: Crumbles
|-damage|p1a: Crumbles|4/100
|move|p1a: Crumbles|Fire Blast|p2a: Marshadow
|-damage|p2a: Marshadow|0 fnt
|faint|p2a: Marshadow
|
|upkeep
|
|t:|1626832122
|switch|p2a: Zacian|Zacian-Crowned|100/100
|-damage|p2a: Zacian|94/100|[from] Stealth Rock
|-ability|p2a: Zacian|Intrepid Sword|boost
|-boost|p2a: Zacian|atk|1
|turn|12
|
|t:|1626832129
|move|p1a: Crumbles|Fire Blast|p2a: Zacian
|-supereffective|p2a: Zacian
|-damage|p2a: Zacian|0 fnt
|faint|p2a: Zacian
|
|upkeep
|
|t:|1626832131
|switch|p2a: Necrozma|Necrozma-Dusk-Mane|100/100
|-damage|p2a: Necrozma|94/100|[from] Stealth Rock
|turn|13
|
|t:|1626832134
|detailschange|p2a: Necrozma|Necrozma-Ultra
|-burst|p2a: Necrozma|Necrozma|Ultranecrozium Z
|move|p1a: Crumbles|Fire Blast|p2a: Necrozma
|-resisted|p2a: Necrozma
|-damage|p2a: Necrozma|0 fnt
|faint|p2a: Necrozma
|
|win|Boogerpull
|raw|Boogerpull's rating: 1721 &rarr; <strong>1740</strong><br />(+19 for winning)
|raw|ThyKingCharles's rating: 1705 &rarr; <strong>1686</strong><br />(-19 for losing)
|c|☆Boogerpull|wow
|l| 2otns
