|j|☆RUiNtheExtinct
|j|☆85792195wwww
|t:|1643461840
|gametype|singles
|player|p1|RUiNtheExtinct|red-gen7|1660
|player|p2|85792195wwww|lady|1710
|teamsize|p1|6
|teamsize|p2|6
|gen|8
|tier|[Gen 8] National Dex AG
|rated|
|rule|HP Percentage Mod: HP is shown in percentages
|rule|Endless Battle Clause: Forcing endless battles is banned
|clearpoke
|poke|p1|Ditto|
|poke|p1|Yveltal|
|poke|p1|Arceus-*|
|poke|p1|Groudon|
|poke|p1|Rayquaza|
|poke|p1|Zygarde|
|poke|p2|Rayquaza|
|poke|p2|Zacian-*|
|poke|p2|Kyogre|
|poke|p2|Arceus-*|
|poke|p2|Marshadow|
|poke|p2|Ditto|
|teampreview
|inactive|Battle timer is ON: inactive players will automatically lose when time's up. (requested by RUiNtheExtinct)
|
|t:|1643461855
|start
|switch|p1a: Groudon|Groudon|100/100
|switch|p2a: Marshadow|Marshadow|100/100
|detailschange|p1a: Groudon|Groudon-Primal
|-primal|p1a: Groudon
|-weather|DesolateLand|[from] ability: Desolate Land|[of] p1a: Groudon
|turn|1
|
|t:|1643461862
|move|p2a: Marshadow|Close Combat|p1a: Groudon
|-damage|p1a: Groudon|59/100
|-unboost|p2a: Marshadow|def|1
|-unboost|p2a: Marshadow|spd|1
|-damage|p2a: Marshadow|91/100|[from] item: Life Orb
|move|p1a: Groudon|Rock Tomb|p2a: Marshadow
|-resisted|p2a: Marshadow
|-damage|p2a: Marshadow|63/100
|-unboost|p2a: Marshadow|spe|1
|
|-weather|DesolateLand|[upkeep]
|upkeep
|turn|2
|j| pokemasterbrendan
|
|t:|1643461874
|switch|p2a: Rayquaza|Rayquaza|100/100
|-ability|p2a: Rayquaza|Air Lock
|move|p1a: Groudon|Stealth Rock|p2a: Rayquaza
|-sidestart|p2: 85792195wwww|move: Stealth Rock
|
|-weather|DesolateLand|[upkeep]
|upkeep
|turn|3
|
|t:|1643461882
|-weather|none
|switch|p1a: Zygarde|Zygarde|100/100
|detailschange|p2a: Rayquaza|Rayquaza-Mega
|-mega|p2a: Rayquaza|Rayquaza|
|-weather|DeltaStream|[from] ability: Delta Stream|[of] p2a: Rayquaza
|move|p2a: Rayquaza|Dragon Ascent|p1a: Zygarde
|-damage|p1a: Zygarde|7/100
|-unboost|p2a: Rayquaza|def|1
|-unboost|p2a: Rayquaza|spd|1
|
|-weather|DeltaStream|[upkeep]
|-heal|p1a: Zygarde|13/100|[from] item: Leftovers
|-activate|p1a: Zygarde|ability: Power Construct
|detailschange|p1a: Zygarde|Zygarde-Complete
|-heal|p1a: Zygarde|43/100|[silent]
|upkeep
|turn|4
|
|t:|1643461898
|move|p2a: Rayquaza|Dragon Ascent|p1a: Zygarde
|-damage|p1a: Zygarde|0 fnt
|-unboost|p2a: Rayquaza|def|1
|-unboost|p2a: Rayquaza|spd|1
|faint|p1a: Zygarde
|
|-weather|DeltaStream|[upkeep]
|upkeep
|
|t:|1643461905
|switch|p1a: Groudon|Groudon-Primal|59/100
|-weather|DesolateLand|[from] ability: Desolate Land|[of] p1a: Groudon
|turn|5
|
|t:|1643461909
|move|p2a: Rayquaza|Dragon Ascent|p1a: Groudon
|-damage|p1a: Groudon|0 fnt
|-unboost|p2a: Rayquaza|def|1
|-unboost|p2a: Rayquaza|spd|1
|faint|p1a: Groudon
|-weather|none
|
|upkeep
|
|t:|1643461918
|switch|p1a: Rayquaza|Rayquaza|100/100
|-ability|p1a: Rayquaza|Air Lock
|turn|6
|
|t:|1643461924
|detailschange|p1a: Rayquaza|Rayquaza-Mega
|-mega|p1a: Rayquaza|Rayquaza|
|-weather|DeltaStream|[from] ability: Delta Stream|[of] p1a: Rayquaza
|move|p1a: Rayquaza|Extreme Speed|p2a: Rayquaza
|-damage|p2a: Rayquaza|0 fnt
|faint|p2a: Rayquaza
|-damage|p1a: Rayquaza|91/100|[from] item: Life Orb
|
|-weather|DeltaStream|[upkeep]
|upkeep
|c|☆RUiNtheExtinct|banded?
|
|t:|1643461935
|switch|p2a: Zacian|Zacian-Crowned|100/100
|-damage|p2a: Zacian|94/100|[from] Stealth Rock
|-ability|p2a: Zacian|Intrepid Sword|boost
|-boost|p2a: Zacian|atk|1
|turn|7
|
|t:|1643461941
|move|p2a: Zacian|Substitute|p2a: Zacian
|-start|p2a: Zacian|Substitute
|-damage|p2a: Zacian|69/100
|move|p1a: Rayquaza|Earthquake|p2a: Zacian
|-supereffective|p2a: Zacian
|-end|p2a: Zacian|Substitute
|-damage|p1a: Rayquaza|81/100|[from] item: Life Orb
|
|-weather|DeltaStream|[upkeep]
|upkeep
|turn|8
|
|t:|1643461950
|move|p2a: Zacian|Substitute|p2a: Zacian
|-start|p2a: Zacian|Substitute
|-damage|p2a: Zacian|44/100
|move|p1a: Rayquaza|Earthquake|p2a: Zacian
|-supereffective|p2a: Zacian
|-end|p2a: Zacian|Substitute
|-damage|p1a: Rayquaza|71/100|[from] item: Life Orb
|
|-weather|DeltaStream|[upkeep]
|upkeep
|turn|9
|
|t:|1643461960
|move|p2a: Zacian|Substitute|p2a: Zacian
|-start|p2a: Zacian|Substitute
|-damage|p2a: Zacian|20/100
|move|p1a: Rayquaza|Earthquake|p2a: Zacian
|-supereffective|p2a: Zacian
|-end|p2a: Zacian|Substitute
|-damage|p1a: Rayquaza|61/100|[from] item: Life Orb
|
|-weather|DeltaStream|[upkeep]
|upkeep
|turn|10
|
|t:|1643461968
|move|p1a: Rayquaza|Extreme Speed|p2a: Zacian
|-resisted|p2a: Zacian
|-damage|p2a: Zacian|0 fnt
|faint|p2a: Zacian
|-damage|p1a: Rayquaza|51/100|[from] item: Life Orb
|
|-weather|DeltaStream|[upkeep]
|upkeep
|c|☆RUiNtheExtinct|F
|
|t:|1643461976
|switch|p2a: Arceus|Arceus-Electric|100/100
|-damage|p2a: Arceus|88/100|[from] Stealth Rock
|turn|11
|
|t:|1643461984
|move|p2a: Arceus|Ice Beam|p1a: Rayquaza
|-activate||deltastream
|-supereffective|p1a: Rayquaza
|-damage|p1a: Rayquaza|0 fnt
|faint|p1a: Rayquaza
|-weather|none
|
|upkeep
|
|t:|1643461998
|switch|p1a: Arceus|Arceus-Flying|100/100
|turn|12
|
|t:|1643462002
|-start|p1a: Arceus|Dynamax
|-heal|p1a: Arceus|100/100|[silent]
|move|p2a: Arceus|Stealth Rock|p1a: Arceus
|-sidestart|p1: RUiNtheExtinct|move: Stealth Rock
|move|p1a: Arceus|Max Airstream|p2a: Arceus
|-resisted|p2a: Arceus
|-damage|p2a: Arceus|59/100
|-boost|p1a: Arceus|spe|1
|
|upkeep
|turn|13
|
|t:|1643462013
|-start|p2a: Arceus|Dynamax
|-heal|p2a: Arceus|59/100|[silent]
|move|p1a: Arceus|Max Quake|p2a: Arceus
|-supereffective|p2a: Arceus
|-damage|p2a: Arceus|22/100
|-boost|p1a: Arceus|spd|1
|move|p2a: Arceus|Max Lightning|p1a: Arceus
|-supereffective|p1a: Arceus
|-damage|p1a: Arceus|63/100
|-fieldstart|move: Electric Terrain
|
|upkeep
|turn|14
|l|pokemasterbrendan
|
|t:|1643462038
|move|p2a: Arceus|Max Guard|p2a: Arceus
|-singleturn|p2a: Arceus|Max Guard
|move|p1a: Arceus|Max Quake|p2a: Arceus
|-activate|p2a: Arceus|move: Max Guard
|
|-end|p1a: Arceus|Dynamax
|-heal|p1a: Arceus|63/100|[silent]
|upkeep
|turn|15
|
|t:|1643462045
|move|p1a: Arceus|Recover|p1a: Arceus
|-heal|p1a: Arceus|100/100
|move|p2a: Arceus|Max Lightning|p1a: Arceus
|-supereffective|p1a: Arceus
|-damage|p1a: Arceus|15/100
|
|-end|p2a: Arceus|Dynamax
|-heal|p2a: Arceus|22/100|[silent]
|upkeep
|turn|16
|
|t:|1643462055
|move|p1a: Arceus|Recover|p1a: Arceus
|-heal|p1a: Arceus|65/100
|move|p2a: Arceus|Judgment|p1a: Arceus
|-supereffective|p1a: Arceus
|-damage|p1a: Arceus|0 fnt
|faint|p1a: Arceus
|
|upkeep
|
|t:|1643462063
|switch|p1a: Ditto|Ditto|100/100
|-damage|p1a: Ditto|88/100|[from] Stealth Rock
|-transform|p1a: Ditto|p2a: Arceus|[from] ability: Imposter
|turn|17
|
|t:|1643462070
|move|p1a: Ditto|Earth Power|p2a: Arceus
|-supereffective|p2a: Arceus
|-damage|p2a: Arceus|0 fnt
|faint|p2a: Arceus
|
|-fieldend|move: Electric Terrain
|upkeep
|j| Iamalwayssad
|
|t:|1643462082
|switch|p2a: Marshadow|Marshadow|63/100
|-damage|p2a: Marshadow|57/100|[from] Stealth Rock
|turn|18
|
|t:|1643462090
|move|p1a: Ditto|Earth Power|p2a: Marshadow
|-damage|p2a: Marshadow|20/100
|move|p2a: Marshadow|Close Combat|p1a: Ditto
|-damage|p1a: Ditto|15/100
|-unboost|p2a: Marshadow|def|1
|-unboost|p2a: Marshadow|spd|1
|-damage|p2a: Marshadow|10/100|[from] item: Life Orb
|
|upkeep
|turn|19
|
|t:|1643462099
|switch|p1a: Yveltal|Yveltal|100/100
|-damage|p1a: Yveltal|76/100|[from] Stealth Rock
|-ability|p1a: Yveltal|Dark Aura
|move|p2a: Marshadow|Shadow Sneak|p1a: Yveltal
|-resisted|p1a: Yveltal
|-damage|p1a: Yveltal|55/100
|-damage|p2a: Marshadow|0 fnt|[from] item: Life Orb
|faint|p2a: Marshadow
|
|upkeep
|
|t:|1643462113
|switch|p2a: Ditto|Ditto|100/100
|-damage|p2a: Ditto|88/100|[from] Stealth Rock
|-transform|p2a: Ditto|p1a: Yveltal|[from] ability: Imposter
|-ability|p2a: Ditto|Dark Aura
|turn|20
|
|t:|1643462129
|move|p2a: Ditto|Oblivion Wing|p1a: Yveltal
|-damage|p1a: Yveltal|17/100
|-heal|p2a: Ditto|100/100|[from] drain|[of] p1a: Yveltal
|move|p1a: Yveltal|Oblivion Wing|p2a: Ditto
|-damage|p2a: Ditto|34/100
|-heal|p1a: Yveltal|54/100|[from] drain|[of] p2a: Ditto
|-damage|p1a: Yveltal|45/100|[from] item: Life Orb
|
|upkeep
|turn|21
|
|t:|1643462153
|move|p2a: Ditto|Oblivion Wing|p1a: Yveltal
|-damage|p1a: Yveltal|10/100
|-heal|p2a: Ditto|68/100|[from] drain|[of] p1a: Yveltal
|move|p1a: Yveltal|Oblivion Wing|p2a: Ditto
|-damage|p2a: Ditto|5/100
|-heal|p1a: Yveltal|46/100|[from] drain|[of] p2a: Ditto
|-damage|p1a: Yveltal|36/100|[from] item: Life Orb
|
|upkeep
|turn|22
|
|t:|1643462166
|move|p2a: Ditto|Oblivion Wing|p1a: Yveltal
|-damage|p1a: Yveltal|0 fnt
|-heal|p2a: Ditto|40/100|[from] drain|[of] p1a: Yveltal
|faint|p1a: Yveltal
|
|upkeep
|-message|RUiNtheExtinct forfeited.
|
|win|85792195wwww
|raw|RUiNtheExtinct's rating: 1660 &rarr; <strong>1643</strong><br />(-17 for losing)
|raw|85792195wwww's rating: 1710 &rarr; <strong>1727</strong><br />(+17 for winning)
|l|☆RUiNtheExtinct
