|j|☆Emorawr79
|j|☆rowletroost
|t:|1641929413
|gametype|singles
|player|p1|Emorawr79|265|1751
|player|p2|rowletroost|lance|1803
|teamsize|p1|6
|teamsize|p2|6
|gen|8
|tier|[Gen 8] National Dex AG
|rated|
|rule|HP Percentage Mod: HP is shown in percentages
|rule|Endless Battle Clause: Forcing endless battles is banned
|clearpoke
|poke|p1|Calyrex-Shadow|
|poke|p1|Zacian-*|
|poke|p1|Smeargle, F|
|poke|p1|Zygarde|
|poke|p1|Ditto|
|poke|p1|Arceus-*|
|poke|p2|Arceus-*|
|poke|p2|Xerneas-*|
|poke|p2|Kyogre|
|poke|p2|Marshadow|
|poke|p2|Ribombee, M|
|poke|p2|Vivillon-Savanna, F|
|teampreview
|inactive|Battle timer is ON: inactive players will automatically lose when time's up. (requested by rowletroost)
|
|t:|1641929418
|start
|switch|p1a: Zacian|Zacian-Crowned|100/100
|switch|p2a: Ribombee|Ribombee, M, shiny|100/100
|-ability|p1a: Zacian|Intrepid Sword|boost
|-boost|p1a: Zacian|atk|1
|turn|1
|
|t:|1641929420
|move|p1a: Zacian|Behemoth Blade|p2a: Ribombee
|-supereffective|p2a: Ribombee
|-enditem|p2a: Ribombee|Focus Sash
|-damage|p2a: Ribombee|1/100
|move|p2a: Ribombee|Sticky Web|p1a: Zacian
|-sidestart|p1: Emorawr79|move: Sticky Web
|
|upkeep
|turn|2
|
|t:|1641929426
|switch|p2a: Arceus|Arceus-Ground|100/100
|move|p1a: Zacian|Behemoth Blade|p2a: Arceus
|-damage|p2a: Arceus|52/100
|
|upkeep
|turn|3
|
|t:|1641929431
|move|p1a: Zacian|Play Rough|p2a: Arceus
|-damage|p2a: Arceus|7/100
|move|p2a: Arceus|Recover|p2a: Arceus
|-heal|p2a: Arceus|57/100
|
|upkeep
|turn|4
|
|t:|1641929434
|switch|p1a: Smeargle|Smeargle, F|100/100
|-activate|p1a: Smeargle|move: Sticky Web
|-unboost|p1a: Smeargle|spe|1
|move|p2a: Arceus|Judgment|p1a: Smeargle
|-enditem|p1a: Smeargle|Focus Sash
|-damage|p1a: Smeargle|1/100
|
|-ability|p1a: Smeargle|Moody|boost
|-boost|p1a: Smeargle|spa|2
|-unboost|p1a: Smeargle|spd|1
|upkeep
|turn|5
|
|t:|1641929437
|move|p2a: Arceus|Judgment|p1a: Smeargle
|-damage|p1a: Smeargle|0 fnt
|faint|p1a: Smeargle
|
|upkeep
|
|t:|1641929446
|switch|p1a: Calyrex|Calyrex-Shadow|100/100
|-ability|p1a: Calyrex|As One
|-ability|p1a: Calyrex|Unnerve
|-activate|p1a: Calyrex|move: Sticky Web
|-unboost|p1a: Calyrex|spe|1
|turn|6
|
|t:|1641929450
|switch|p2a: Kyogre|Kyogre, shiny|100/100
|detailschange|p2a: Kyogre|Kyogre-Primal, shiny
|-primal|p2a: Kyogre
|-weather|PrimordialSea|[from] ability: Primordial Sea|[of] p2a: Kyogre
|move|p1a: Calyrex|Astral Barrage|p2a: Kyogre
|-damage|p2a: Kyogre|58/100
|
|-weather|PrimordialSea|[upkeep]
|upkeep
|turn|7
|
|t:|1641929453
|switch|p1a: Ditto|Ditto|100/100
|-activate|p1a: Ditto|move: Sticky Web
|-unboost|p1a: Ditto|spe|1
|-transform|p1a: Ditto|p2a: Kyogre|[from] ability: Imposter
|move|p2a: Kyogre|Origin Pulse|p1a: Ditto
|-resisted|p1a: Ditto
|-crit|p1a: Ditto
|-damage|p1a: Ditto|31/100
|
|-weather|PrimordialSea|[upkeep]
|upkeep
|turn|8
|
|t:|1641929458
|move|p2a: Kyogre|Thunder|p1a: Ditto
|-supereffective|p1a: Ditto
|-damage|p1a: Ditto|0 fnt
|faint|p1a: Ditto
|
|-weather|PrimordialSea|[upkeep]
|upkeep
|
|t:|1641929462
|switch|p1a: Zygarde|Zygarde|100/100
|-activate|p1a: Zygarde|move: Sticky Web
|-unboost|p1a: Zygarde|spe|1
|turn|9
|
|t:|1641929465
|move|p2a: Kyogre|Ice Beam|p1a: Zygarde
|-supereffective|p1a: Zygarde
|-damage|p1a: Zygarde|0 fnt
|faint|p1a: Zygarde
|
|-weather|PrimordialSea|[upkeep]
|upkeep
|-message|Emorawr79 forfeited.
|
|win|rowletroost
|raw|Emorawr79's rating: 1751 &rarr; <strong>1734</strong><br />(-17 for losing)
|raw|rowletroost's rating: 1803 &rarr; <strong>1820</strong><br />(+17 for winning)
|l|☆Emorawr79
||Ladder isn't responding, score probably updated but might not have (Request timeout).
