|j|☆CLEAR GEM清瑜
|j|☆AnimeZZZZ5
|t:|1664688394
|gametype|singles
|player|p1|CLEAR GEM清瑜|skierf|1833
|player|p2|AnimeZZZZ5|102|1838
|teamsize|p1|6
|teamsize|p2|6
|gen|8
|tier|[Gen 8] National Dex AG
|rated|
|rule|HP Percentage Mod: HP is shown in percentages
|rule|Endless Battle Clause: Forcing endless battles is banned
|clearpoke
|poke|p1|Rayquaza|
|poke|p1|Groudon|
|poke|p1|Necrozma-Dusk-Mane|
|poke|p1|Arceus-*|
|poke|p1|Zacian-*|
|poke|p1|Yveltal|
|poke|p2|Calyrex-Shadow|
|poke|p2|Arceus-*|
|poke|p2|Ho-Oh|
|poke|p2|Necrozma-Dusk-Mane|
|poke|p2|Zygarde|
|poke|p2|Kyurem-White|
|teampreview
|inactive|Battle timer is ON: inactive players will automatically lose when time's up. (requested by CLEAR GEM清瑜)
|inactive|AnimeZZZZ5 has 120 seconds left.
|
|t:|1664688438
|start
|switch|p1a: Y鸟|Yveltal|100/100
|switch|p2a: Arceus|Arceus-Dark|100/100
|-ability|p1a: Y鸟|Dark Aura
|turn|1
|
|t:|1664688443
|move|p1a: Y鸟|Taunt|p2a: Arceus
|-start|p2a: Arceus|move: Taunt
|cant|p2a: Arceus|move: Taunt|Calm Mind
|
|upkeep
|turn|2
|
|t:|1664688450
|switch|p1a: 不会(?)|Groudon|100/100
|detailschange|p1a: 不会(?)|Groudon-Primal
|-primal|p1a: 不会(?)
|-weather|DesolateLand|[from] ability: Desolate Land|[of] p1a: 不会(?)
|switch|p2a: Ho-Oh|Ho-Oh|100/100
|
|-weather|DesolateLand|[upkeep]
|upkeep
|turn|3
|
|t:|1664688454
|move|p2a: Ho-Oh|Toxic|p1a: 不会(?)
|-status|p1a: 不会(?)|tox
|move|p1a: 不会(?)|Stealth Rock|p2a: Ho-Oh
|-sidestart|p2: AnimeZZZZ5|move: Stealth Rock
|
|-weather|DesolateLand|[upkeep]
|-damage|p1a: 不会(?)|94/100 tox|[from] psn
|upkeep
|turn|4
|
|t:|1664688457
|-weather|none
|switch|p1a: 钢铁之躯|Necrozma-Dusk-Mane|100/100
|move|p2a: Ho-Oh|Defog|p1a: 钢铁之躯
|-unboost|p1a: 钢铁之躯|evasion|1
|-sideend|p2: AnimeZZZZ5|Stealth Rock|[from] move: Defog|[of] p2a: Ho-Oh
|
|upkeep
|turn|5
|
|t:|1664688462
|switch|p2a: Zygarde|Zygarde|100/100
|detailschange|p1a: 钢铁之躯|Necrozma-Ultra
|-burst|p1a: 钢铁之躯|Necrozma|Ultranecrozium Z
|move|p1a: 钢铁之躯|Dragon Dance|p1a: 钢铁之躯
|-boost|p1a: 钢铁之躯|atk|1
|-boost|p1a: 钢铁之躯|spe|1
|
|upkeep
|turn|6
|
|t:|1664688465
|-zpower|p1a: 钢铁之躯
|move|p1a: 钢铁之躯|Light That Burns the Sky|p2a: Zygarde|[zeffect]
|-damage|p2a: Zygarde|0 fnt
|faint|p2a: Zygarde
|
|upkeep
|
|t:|1664688469
|switch|p2a: Calyrex|Calyrex-Shadow|100/100
|-ability|p2a: Calyrex|As One
|-ability|p2a: Calyrex|Unnerve
|turn|7
|
|t:|1664688473
|move|p1a: 钢铁之躯|Photon Geyser|p2a: Calyrex
|-resisted|p2a: Calyrex
|-damage|p2a: Calyrex|33/100
|move|p2a: Calyrex|Astral Barrage|p1a: 钢铁之躯
|-supereffective|p1a: 钢铁之躯
|-damage|p1a: 钢铁之躯|0 fnt
|faint|p1a: 钢铁之躯
|-ability|p2a: Calyrex|Grim Neigh|boost
|-boost|p2a: Calyrex|spa|1
|
|upkeep
|
|t:|1664688479
|switch|p1a: Y鸟|Yveltal|100/100
|-ability|p1a: Y鸟|Dark Aura
|turn|8
|
|t:|1664688483
|switch|p2a: Kyurem|Kyurem-White|100/100
|-ability|p2a: Kyurem|Turboblaze
|move|p1a: Y鸟|Dark Pulse|p2a: Kyurem
|-damage|p2a: Kyurem|56/100
|-damage|p1a: Y鸟|91/100|[from] item: Life Orb
|
|upkeep
|turn|9
|
|t:|1664688493
|switch|p1a: 嘉然小姐的狗|Zacian-Crowned|100/100
|-ability|p1a: 嘉然小姐的狗|Intrepid Sword|boost
|-boost|p1a: 嘉然小姐的狗|atk|1
|move|p2a: Kyurem|Roost|p2a: Kyurem
|-heal|p2a: Kyurem|100/100
|-singleturn|p2a: Kyurem|move: Roost
|
|upkeep
|turn|10
|
|t:|1664688497
|switch|p2a: Necrozma|Necrozma-Dusk-Mane|100/100
|move|p1a: 嘉然小姐的狗|Behemoth Blade|p2a: Necrozma
|-resisted|p2a: Necrozma
|-crit|p2a: Necrozma
|-damage|p2a: Necrozma|61/100
|-damage|p1a: 嘉然小姐的狗|84/100|[from] item: Rocky Helmet|[of] p2a: Necrozma
|
|upkeep
|turn|11
|
|t:|1664688508
|switch|p1a: 不会(?)|Groudon-Primal|94/100 tox
|-weather|DesolateLand|[from] ability: Desolate Land|[of] p1a: 不会(?)
|move|p2a: Necrozma|Morning Sun|p2a: Necrozma
|-heal|p2a: Necrozma|100/100
|
|-weather|DesolateLand|[upkeep]
|-damage|p1a: 不会(?)|88/100 tox|[from] psn
|upkeep
|turn|12
|
|t:|1664688516
|switch|p2a: Ho-Oh|Ho-Oh|100/100
|move|p1a: 不会(?)|Heat Crash|p2a: Ho-Oh
|-resisted|p2a: Ho-Oh
|-damage|p2a: Ho-Oh|55/100
|
|-weather|DesolateLand|[upkeep]
|-damage|p1a: 不会(?)|76/100 tox|[from] psn
|upkeep
|turn|13
|
|t:|1664688527
|move|p2a: Ho-Oh|Defog|p1a: 不会(?)
|-unboost|p1a: 不会(?)|evasion|1
|move|p1a: 不会(?)|Heat Crash|p2a: Ho-Oh
|-resisted|p2a: Ho-Oh
|-damage|p2a: Ho-Oh|13/100
|
|-weather|DesolateLand|[upkeep]
|-damage|p1a: 不会(?)|57/100 tox|[from] psn
|upkeep
|turn|14
|
|t:|1664688531
|switch|p2a: Kyurem|Kyurem-White|100/100
|-ability|p2a: Kyurem|Turboblaze
|move|p1a: 不会(?)|Heat Crash|p2a: Kyurem
|-damage|p2a: Kyurem|32/100
|
|-weather|DesolateLand|[upkeep]
|-damage|p1a: 不会(?)|32/100 tox|[from] psn
|upkeep
|turn|15
|
|t:|1664688533
|move|p2a: Kyurem|Roost|p2a: Kyurem
|-heal|p2a: Kyurem|82/100
|-singleturn|p2a: Kyurem|move: Roost
|move|p1a: 不会(?)|Precipice Blades|p2a: Kyurem
|-damage|p2a: Kyurem|14/100
|
|-weather|DesolateLand|[upkeep]
|-damage|p1a: 不会(?)|1/100 tox|[from] psn
|upkeep
|turn|16
|
|t:|1664688537
|move|p2a: Kyurem|Freeze-Dry|p1a: 不会(?)
|-damage|p1a: 不会(?)|0 fnt
|faint|p1a: 不会(?)
|-weather|none
|
|upkeep
|
|t:|1664688544
|switch|p1a: 老烈|Rayquaza, shiny|100/100
|-ability|p1a: 老烈|Air Lock
|turn|17
|
|t:|1664688549
|detailschange|p1a: 老烈|Rayquaza-Mega, shiny
|-mega|p1a: 老烈|Rayquaza|
|-weather|DeltaStream|[from] ability: Delta Stream|[of] p1a: 老烈
|move|p1a: 老烈|Dragon Dance|p1a: 老烈
|-boost|p1a: 老烈|atk|1
|-boost|p1a: 老烈|spe|1
|move|p2a: Kyurem|Freeze-Dry|p1a: 老烈
|-activate||deltastream
|-supereffective|p1a: 老烈
|-damage|p1a: 老烈|30/100
|
|-weather|DeltaStream|[upkeep]
|upkeep
|turn|18
|
|t:|1664688554
|move|p1a: 老烈|Extreme Speed|p2a: Kyurem
|-damage|p2a: Kyurem|0 fnt
|faint|p2a: Kyurem
|
|-weather|DeltaStream|[upkeep]
|upkeep
|
|t:|1664688566
|switch|p2a: Arceus|Arceus-Dark|100/100
|turn|19
|
|t:|1664688580
|-start|p2a: Arceus|Dynamax|
|-heal|p2a: Arceus|100/100|[silent]
|move|p1a: 老烈|Dragon Ascent|p2a: Arceus
|-damage|p2a: Arceus|57/100
|-unboost|p1a: 老烈|def|1
|-unboost|p1a: 老烈|spd|1
|move|p2a: Arceus|Max Darkness|p1a: 老烈
|-damage|p1a: 老烈|0 fnt
|faint|p1a: 老烈
|-weather|none
|
|upkeep
|
|t:|1664688587
|switch|p1a: 嘉然小姐的狗|Zacian-Crowned|84/100
|-ability|p1a: 嘉然小姐的狗|Intrepid Sword|boost
|-boost|p1a: 嘉然小姐的狗|atk|1
|turn|20
|
|t:|1664688591
|-end|p2a: Arceus|Dynamax
|-heal|p2a: Arceus|57/100|[silent]
|switch|p2a: Necrozma|Necrozma-Dusk-Mane|100/100
|move|p1a: 嘉然小姐的狗|Behemoth Blade|p2a: Necrozma
|-resisted|p2a: Necrozma
|-damage|p2a: Necrozma|75/100
|-damage|p1a: 嘉然小姐的狗|68/100|[from] item: Rocky Helmet|[of] p2a: Necrozma
|
|upkeep
|turn|21
|
|t:|1664688596
|switch|p1a: Y鸟|Yveltal|91/100
|-ability|p1a: Y鸟|Dark Aura
|move|p2a: Necrozma|Stealth Rock|p1a: Y鸟
|-sidestart|p1: CLEAR GEM清瑜|move: Stealth Rock
|
|upkeep
|turn|22
|
|t:|1664688602
|switch|p2a: Calyrex|Calyrex-Shadow|33/100
|-ability|p2a: Calyrex|As One
|-ability|p2a: Calyrex|Unnerve
|-start|p1a: Y鸟|Dynamax|
|-heal|p1a: Y鸟|91/100|[silent]
|move|p1a: Y鸟|Max Darkness|p2a: Calyrex
|-supereffective|p2a: Calyrex
|-damage|p2a: Calyrex|0 fnt
|faint|p2a: Calyrex
|-damage|p1a: Y鸟|86/100|[from] item: Life Orb
|
|upkeep
|
|t:|1664688604
|switch|p2a: Arceus|Arceus-Dark|57/100
|turn|23
|
|t:|1664688606
|move|p1a: Y鸟|Max Darkness|p2a: Arceus
|-resisted|p2a: Arceus
|-damage|p2a: Arceus|23/100
|-unboost|p2a: Arceus|spd|1
|-damage|p1a: Y鸟|81/100|[from] item: Life Orb
|move|p2a: Arceus|Recover|p2a: Arceus
|-heal|p2a: Arceus|73/100
|
|upkeep
|turn|24
|
|t:|1664688620
|switch|p2a: Necrozma|Necrozma-Dusk-Mane|75/100
|move|p1a: Y鸟|Max Airstream|p2a: Necrozma
|-resisted|p2a: Necrozma
|-damage|p2a: Necrozma|37/100
|-boost|p1a: Y鸟|spe|1
|-damage|p1a: Y鸟|76/100|[from] item: Life Orb
|
|upkeep
|-end|p1a: Y鸟|Dynamax
|-heal|p1a: Y鸟|76/100|[silent]
|turn|25
|
|t:|1664688625
|move|p1a: Y鸟|Dark Pulse|p2a: Necrozma
|-supereffective|p2a: Necrozma
|-damage|p2a: Necrozma|0 fnt
|faint|p2a: Necrozma
|-damage|p1a: Y鸟|66/100|[from] item: Life Orb
|
|upkeep
|
|t:|1664688628
|switch|p2a: Arceus|Arceus-Dark|73/100
|turn|26
|
|t:|1664688630
|move|p1a: Y鸟|Taunt|p2a: Arceus
|-start|p2a: Arceus|move: Taunt
|move|p2a: Arceus|Judgment|p1a: Y鸟
|-resisted|p1a: Y鸟
|-damage|p1a: Y鸟|38/100
|
|upkeep
|turn|27
|
|t:|1664688633
|move|p1a: Y鸟|Oblivion Wing|p2a: Arceus
|-damage|p2a: Arceus|44/100
|-heal|p1a: Y鸟|63/100|[from] drain|[of] p2a: Arceus
|-damage|p1a: Y鸟|53/100|[from] item: Life Orb
|move|p2a: Arceus|Judgment|p1a: Y鸟
|-resisted|p1a: Y鸟
|-damage|p1a: Y鸟|23/100
|
|upkeep
|turn|28
|
|t:|1664688635
|move|p1a: Y鸟|Oblivion Wing|p2a: Arceus
|-damage|p2a: Arceus|12/100
|-heal|p1a: Y鸟|49/100|[from] drain|[of] p2a: Arceus
|-damage|p1a: Y鸟|39/100|[from] item: Life Orb
|move|p2a: Arceus|Judgment|p1a: Y鸟
|-resisted|p1a: Y鸟
|-damage|p1a: Y鸟|10/100
|
|-end|p2a: Arceus|move: Taunt
|upkeep
|turn|29
|
|t:|1664688638
|move|p1a: Y鸟|Oblivion Wing|p2a: Arceus
|-damage|p2a: Arceus|0 fnt
|-heal|p1a: Y鸟|20/100|[from] drain|[of] p2a: Arceus
|faint|p2a: Arceus
|-damage|p1a: Y鸟|10/100|[from] item: Life Orb
|
|upkeep
|-message|AnimeZZZZ5 forfeited.
|
|win|CLEAR GEM清瑜
|raw|CLEAR GEM清瑜's rating: 1833 &rarr; <strong>1853</strong><br />(+20 for winning)
|raw|AnimeZZZZ5's rating: 1838 &rarr; <strong>1818</strong><br />(-20 for losing)
|l|☆AnimeZZZZ5
