|j|‽Mawm
|j|☆wafflecone67
|t:|1666149729
|gametype|singles
|player|p1|Mawm|2|1917
|player|p2|wafflecone67|101|1797
|teamsize|p1|6
|teamsize|p2|6
|gen|8
|tier|[Gen 8] National Dex AG
|rated|
|rule|HP Percentage Mod: HP is shown in percentages
|rule|Endless Battle Clause: Forcing endless battles is banned
|clearpoke
|poke|p1|Calyrex-Shadow|
|poke|p1|Genesect|
|poke|p1|Yveltal|
|poke|p1|Necrozma-Dusk-Mane|
|poke|p1|Rayquaza|
|poke|p1|Groudon|
|poke|p2|Scolipede, F|
|poke|p2|Smeargle, M|
|poke|p2|Magearna|
|poke|p2|Smeargle, M|
|poke|p2|Espeon, M|
|poke|p2|Mr. Mime, F|
|teampreview
|inactive|Battle timer is ON: inactive players will automatically lose when time's up. (requested by Mawm)
|inactive|wafflecone67 has 120 seconds left.
|inactive|wafflecone67 has 90 seconds left.
|
|t:|1666149806
|start
|switch|p1a: Calyrex|Calyrex-Shadow|100/100
|switch|p2a: Scolipede|Scolipede, F|100/100
|-ability|p1a: Calyrex|As One
|-ability|p1a: Calyrex|Unnerve
|turn|1
|
|t:|1666149811
|move|p2a: Scolipede|Protect|p2a: Scolipede
|-singleturn|p2a: Scolipede|Protect
|move|p1a: Calyrex|Psyshock|p2a: Scolipede
|-activate|p2a: Scolipede|move: Protect
|
|-ability|p2a: Scolipede|Speed Boost|boost
|-boost|p2a: Scolipede|spe|1
|upkeep
|turn|2
|
|t:|1666149827
|move|p2a: Scolipede|Substitute|p2a: Scolipede
|-start|p2a: Scolipede|Substitute
|-damage|p2a: Scolipede|76/100
|move|p1a: Calyrex|Taunt|p2a: Scolipede
|-start|p2a: Scolipede|move: Taunt
|-enditem|p2a: Scolipede|Mental Herb
|-end|p2a: Scolipede|move: Taunt
|
|-ability|p2a: Scolipede|Speed Boost|boost
|-boost|p2a: Scolipede|spe|1
|upkeep
|turn|3
|
|t:|1666149831
|move|p2a: Scolipede|Protect|p2a: Scolipede
|-singleturn|p2a: Scolipede|Protect
|move|p1a: Calyrex|Nasty Plot|p1a: Calyrex
|-boost|p1a: Calyrex|spa|2
|
|-ability|p2a: Scolipede|Speed Boost|boost
|-boost|p2a: Scolipede|spe|1
|upkeep
|turn|4
|
|t:|1666149833
|move|p2a: Scolipede|Baton Pass|p2a: Scolipede
|
|t:|1666149834
|switch|p2a: Smeargle|Smeargle, M|100/100|[from]move: Baton Pass
|move|p1a: Calyrex|Taunt|p2a: Smeargle
|-start|p2a: Smeargle|move: Taunt
|
|-ability|p2a: Smeargle|Moody|boost
|-boost|p2a: Smeargle|spd|2
|-unboost|p2a: Smeargle|def|1
|upkeep
|turn|5
|
|t:|1666149837
|move|p2a: Smeargle|Spectral Thief||[still]
|-clearpositiveboost|p1a: Calyrex|p2a: Smeargle|move: Spectral Thief
|-boost|p2a: Smeargle|spa|2
|-anim|p2a: Smeargle|Spectral Thief|p1a: Calyrex
|-supereffective|p1a: Calyrex
|-damage|p1a: Calyrex|69/100
|move|p1a: Calyrex|Psyshock|p2a: Smeargle
|-end|p2a: Smeargle|Substitute
|
|-ability|p2a: Smeargle|Moody|boost
|-boost|p2a: Smeargle|spd|2
|-unboost|p2a: Smeargle|spe|1
|upkeep
|turn|6
|
|t:|1666149839
|move|p2a: Smeargle|Spectral Thief|p1a: Calyrex
|-supereffective|p1a: Calyrex
|-damage|p1a: Calyrex|37/100
|move|p1a: Calyrex|Psyshock|p2a: Smeargle
|-enditem|p2a: Smeargle|Focus Sash
|-damage|p2a: Smeargle|1/100
|
|-end|p2a: Smeargle|move: Taunt
|-ability|p2a: Smeargle|Moody|boost
|-boost|p2a: Smeargle|def|2
|-unboost|p2a: Smeargle|spe|1
|upkeep
|turn|7
|
|t:|1666149849
|move|p1a: Calyrex|Taunt|p2a: Smeargle
|-start|p2a: Smeargle|move: Taunt
|cant|p2a: Smeargle|move: Taunt|Spore
|
|-ability|p2a: Smeargle|Moody|boost
|-boost|p2a: Smeargle|atk|2
|-unboost|p2a: Smeargle|def|1
|upkeep
|turn|8
|
|t:|1666149853
|switch|p2a: Espeon|Espeon, M|100/100
|move|p1a: Calyrex|Psyshock|p2a: Espeon
|-resisted|p2a: Espeon
|-damage|p2a: Espeon|61/100
|-enditem|p2a: Espeon|Red Card|[of] p1a: Calyrex
|drag|p1a: Genesect|Genesect, shiny|100/100
|-ability|p1a: Genesect|Download|boost
|-boost|p1a: Genesect|atk|1
|
|upkeep
|turn|9
|
|t:|1666149856
|move|p1a: Genesect|Extreme Speed|p2a: Espeon
|-crit|p2a: Espeon
|-damage|p2a: Espeon|0 fnt
|faint|p2a: Espeon
|-damage|p1a: Genesect|91/100|[from] item: Life Orb
|
|upkeep
|
|t:|1666149859
|switch|p2a: Scolipede|Scolipede, F|76/100
|turn|10
|
|t:|1666149861
|move|p2a: Scolipede|Iron Defense|p2a: Scolipede
|-boost|p2a: Scolipede|def|2
|move|p1a: Genesect|Shift Gear|p1a: Genesect
|-boost|p1a: Genesect|spe|2
|-boost|p1a: Genesect|atk|1
|
|-ability|p2a: Scolipede|Speed Boost|boost
|-boost|p2a: Scolipede|spe|1
|upkeep
|turn|11
|
|t:|1666149864
|move|p1a: Genesect|Extreme Speed|p2a: Scolipede
|-damage|p2a: Scolipede|35/100
|-damage|p1a: Genesect|81/100|[from] item: Life Orb
|move|p2a: Scolipede|Iron Defense|p2a: Scolipede
|-boost|p2a: Scolipede|def|2
|
|-ability|p2a: Scolipede|Speed Boost|boost
|-boost|p2a: Scolipede|spe|1
|upkeep
|turn|12
|
|t:|1666149867
|move|p2a: Scolipede|Protect|p2a: Scolipede
|-singleturn|p2a: Scolipede|Protect
|move|p1a: Genesect|Extreme Speed|p2a: Scolipede
|-activate|p2a: Scolipede|move: Protect
|
|-ability|p2a: Scolipede|Speed Boost|boost
|-boost|p2a: Scolipede|spe|1
|upkeep
|turn|13
|
|t:|1666149868
|move|p1a: Genesect|Extreme Speed|p2a: Scolipede
|-damage|p2a: Scolipede|11/100
|-damage|p1a: Genesect|71/100|[from] item: Life Orb
|move|p2a: Scolipede|Baton Pass|p2a: Scolipede
|
|t:|1666149870
|switch|p2a: Smeargle|Smeargle, M|100/100|[from]move: Baton Pass
|
|-ability|p2a: Smeargle|Moody|boost
|-boost|p2a: Smeargle|spa|2
|-unboost|p2a: Smeargle|def|1
|upkeep
|turn|14
|
|t:|1666149872
|move|p1a: Genesect|Extreme Speed|p2a: Smeargle
|-damage|p2a: Smeargle|26/100
|-damage|p1a: Genesect|61/100|[from] item: Life Orb
|move|p2a: Smeargle|Spore|p1a: Genesect
|-status|p1a: Genesect|slp|[from] move: Spore
|
|-ability|p2a: Smeargle|Moody|boost
|-boost|p2a: Smeargle|spa|2
|-unboost|p2a: Smeargle|def|1
|upkeep
|turn|15
|
|t:|1666149875
|cant|p1a: Genesect|slp
|move|p2a: Smeargle|Substitute|p2a: Smeargle
|-start|p2a: Smeargle|Substitute
|-damage|p2a: Smeargle|1/100
|
|-ability|p2a: Smeargle|Moody|boost
|-boost|p2a: Smeargle|def|2
|-unboost|p2a: Smeargle|spe|1
|upkeep
|turn|16
|
|t:|1666149878
|move|p2a: Smeargle|Spiky Shield|p2a: Smeargle
|-singleturn|p2a: Smeargle|move: Protect
|-curestatus|p1a: Genesect|slp|[msg]
|move|p1a: Genesect|Extreme Speed|p2a: Smeargle
|-activate|p2a: Smeargle|move: Protect
|-damage|p1a: Genesect|49/100|[from] Spiky Shield|[of] p2a: Smeargle
|
|-ability|p2a: Smeargle|Moody|boost
|-boost|p2a: Smeargle|atk|2
|-unboost|p2a: Smeargle|def|1
|upkeep
|turn|17
|
|t:|1666149880
|move|p1a: Genesect|Extreme Speed|p2a: Smeargle
|-end|p2a: Smeargle|Substitute
|-damage|p1a: Genesect|39/100|[from] item: Life Orb
|move|p2a: Smeargle|Baton Pass|p2a: Smeargle
|
|t:|1666149882
|switch|p2a: labrys|Magearna|100/100|[from]move: Baton Pass
|
|upkeep
|turn|18
|
|t:|1666149884
|-start|p1a: Genesect|Dynamax|
|-heal|p1a: Genesect|39/100|[silent]
|move|p1a: Genesect|Max Steelspike|p2a: labrys
|-damage|p2a: labrys|33/100
|-boost|p1a: Genesect|def|1
|-damage|p1a: Genesect|34/100|[from] item: Life Orb
|move|p2a: labrys|Substitute|p2a: labrys
|-start|p2a: labrys|Substitute
|-damage|p2a: labrys|8/100
|
|upkeep
|turn|19
|
|t:|1666149889
|move|p1a: Genesect|Max Steelspike|p2a: labrys
|-end|p2a: labrys|Substitute
|-boost|p1a: Genesect|def|1
|-damage|p1a: Genesect|29/100|[from] item: Life Orb
|move|p2a: labrys|Stored Power|p1a: Genesect
|-resisted|p1a: Genesect
|-damage|p1a: Genesect|0 fnt
|faint|p1a: Genesect
|-ability|p2a: labrys|Soul-Heart|boost
|-boost|p2a: labrys|spa|1
|
|upkeep
|
|t:|1666149893
|switch|p1a: Rayquaza|Rayquaza|100/100
|-ability|p1a: Rayquaza|Air Lock
|turn|20
|
|t:|1666149895
|detailschange|p1a: Rayquaza|Rayquaza-Mega
|-mega|p1a: Rayquaza|Rayquaza|
|-weather|DeltaStream|[from] ability: Delta Stream|[of] p1a: Rayquaza
|move|p1a: Rayquaza|Extreme Speed|p2a: labrys
|-resisted|p2a: labrys
|-crit|p2a: labrys
|-damage|p2a: labrys|0 fnt
|faint|p2a: labrys
|-damage|p1a: Rayquaza|91/100|[from] item: Life Orb
|
|-weather|DeltaStream|[upkeep]
|upkeep
|-message|wafflecone67 forfeited.
|
|win|Mawm
|raw|Mawm's rating: 1917 &rarr; <strong>1930</strong><br />(+13 for winning)
|raw|wafflecone67's rating: 1797 &rarr; <strong>1784</strong><br />(-13 for losing)
|l|☆wafflecone67
