|j|☆WoShiAChen
|j|☆DarkboiJ
|t:|1668155972
|gametype|singles
|player|p1|WoShiAChen|ghetsis-gen5bw|1697
|player|p2|DarkboiJ|blue-gen3two|1999
|teamsize|p1|6
|teamsize|p2|6
|gen|8
|tier|[Gen 8] National Dex AG
|rated|
|rule|HP Percentage Mod: HP is shown in percentages
|rule|Endless Battle Clause: Forcing endless battles is banned
|clearpoke
|poke|p1|Yveltal|
|poke|p1|Necrozma-Dusk-Mane|
|poke|p1|Garchomp, F|
|poke|p1|Ditto|
|poke|p1|Marshadow|
|poke|p1|Eternatus|
|poke|p2|Rayquaza|
|poke|p2|Rayquaza|
|poke|p2|Ditto|
|poke|p2|Necrozma-Dusk-Mane|
|poke|p2|Arceus-*|
|poke|p2|Groudon|
|teampreview
|inactive|Battle timer is ON: inactive players will automatically lose when time's up. (requested by DarkboiJ)
|c|☆WoShiAChen|no
|
|t:|1668155985
|start
|switch|p1a: Garchomp|Garchomp, F, shiny|100/100
|switch|p2a: Groudon|Groudon|100/100
|detailschange|p2a: Groudon|Groudon-Primal
|-primal|p2a: Groudon
|-weather|DesolateLand|[from] ability: Desolate Land|[of] p2a: Groudon
|turn|1
|
|t:|1668156003
|move|p1a: Garchomp|Earthquake|p2a: Groudon
|-supereffective|p2a: Groudon
|-damage|p2a: Groudon|55/100
|move|p2a: Groudon|Stealth Rock|p1a: Garchomp
|-sidestart|p1: WoShiAChen|move: Stealth Rock
|
|-weather|DesolateLand|[upkeep]
|upkeep
|turn|2
|
|t:|1668156008
|-weather|none
|switch|p2a: Rayquaza|Rayquaza|100/100
|-ability|p2a: Rayquaza|Air Lock
|move|p1a: Garchomp|Stealth Rock|p2a: Rayquaza
|-sidestart|p2: DarkboiJ|move: Stealth Rock
|
|upkeep
|turn|3
|
|t:|1668156021
|switch|p1a: Necrozma|Necrozma-Dusk-Mane, shiny|100/100
|-damage|p1a: Necrozma|94/100|[from] Stealth Rock
|detailschange|p2a: Rayquaza|Rayquaza-Mega
|-mega|p2a: Rayquaza|Rayquaza|
|-weather|DeltaStream|[from] ability: Delta Stream|[of] p2a: Rayquaza
|move|p2a: Rayquaza|Draco Meteor|p1a: Necrozma
|-resisted|p1a: Necrozma
|-damage|p1a: Necrozma|56/100
|-unboost|p2a: Rayquaza|spa|2
|-damage|p2a: Rayquaza|91/100|[from] item: Life Orb
|
|-weather|DeltaStream|[upkeep]
|upkeep
|turn|4
|
|t:|1668156025
|move|p2a: Rayquaza|Earthquake|p1a: Necrozma
|-supereffective|p1a: Necrozma
|-damage|p1a: Necrozma|14/100
|-damage|p2a: Rayquaza|81/100|[from] item: Life Orb
|move|p1a: Necrozma|Morning Sun|p1a: Necrozma
|-heal|p1a: Necrozma|64/100
|
|-weather|DeltaStream|[upkeep]
|upkeep
|turn|5
|
|t:|1668156032
|-weather|none
|switch|p2a: Groudon|Groudon-Primal|55/100
|-damage|p2a: Groudon|43/100|[from] Stealth Rock
|-weather|DesolateLand|[from] ability: Desolate Land|[of] p2a: Groudon
|move|p1a: Necrozma|Morning Sun|p1a: Necrozma
|-heal|p1a: Necrozma|100/100
|
|-weather|DesolateLand|[upkeep]
|upkeep
|turn|6
|
|t:|1668156035
|-start|p1a: Necrozma|Dynamax|
|-heal|p1a: Necrozma|100/100|[silent]
|move|p2a: Groudon|Fire Punch|p1a: Necrozma
|-supereffective|p1a: Necrozma
|-damage|p1a: Necrozma|77/100
|-damage|p2a: Groudon|26/100|[from] item: Rocky Helmet|[of] p1a: Necrozma
|move|p1a: Necrozma|Max Steelspike|p2a: Groudon
|-resisted|p2a: Groudon
|-damage|p2a: Groudon|13/100
|-boost|p1a: Necrozma|def|1
|
|-weather|DesolateLand|[upkeep]
|upkeep
|turn|7
|
|t:|1668156042
|move|p2a: Groudon|Fire Punch|p1a: Necrozma
|-supereffective|p1a: Necrozma
|-damage|p1a: Necrozma|61/100
|-damage|p2a: Groudon|0 fnt|[from] item: Rocky Helmet|[of] p1a: Necrozma
|faint|p2a: Groudon
|-weather|none
|move|p1a: Necrozma|Max Steelspike|p2: Groudon|[notarget]
|-fail|p1a: Necrozma
|
|upkeep
|
|t:|1668156060
|switch|p2a: Arceus|Arceus|100/100
|-damage|p2a: Arceus|88/100|[from] Stealth Rock
|turn|8
|
|t:|1668156072
|move|p2a: Arceus|Swords Dance|p2a: Arceus
|-boost|p2a: Arceus|atk|2
|move|p1a: Necrozma|Max Steelspike|p2a: Arceus
|-damage|p2a: Arceus|45/100
|-boost|p1a: Necrozma|def|1
|
|upkeep
|-end|p1a: Necrozma|Dynamax
|-heal|p1a: Necrozma|61/100|[silent]
|turn|9
|
|t:|1668156075
|move|p2a: Arceus|Recover|p2a: Arceus
|-heal|p2a: Arceus|95/100
|move|p1a: Necrozma|Reflect|p1a: Necrozma
|-sidestart|p1: WoShiAChen|Reflect
|
|upkeep
|turn|10
|
|t:|1668156079
|move|p2a: Arceus|Swords Dance|p2a: Arceus
|-boost|p2a: Arceus|atk|2
|move|p1a: Necrozma|Morning Sun|p1a: Necrozma
|-heal|p1a: Necrozma|100/100
|
|upkeep
|turn|11
|
|t:|1668156082
|move|p2a: Arceus|Shadow Claw|p1a: Necrozma
|-supereffective|p1a: Necrozma
|-damage|p1a: Necrozma|86/100
|-damage|p2a: Arceus|78/100|[from] item: Rocky Helmet|[of] p1a: Necrozma
|move|p1a: Necrozma|Earthquake|p2a: Arceus
|-damage|p2a: Arceus|55/100
|
|upkeep
|turn|12
|
|t:|1668156085
|move|p2a: Arceus|Recover|p2a: Arceus
|-heal|p2a: Arceus|100/100
|move|p1a: Necrozma|Earthquake|p2a: Arceus
|-damage|p2a: Arceus|77/100
|
|upkeep
|turn|13
|
|t:|1668156088
|move|p2a: Arceus|Shadow Claw|p1a: Necrozma
|-supereffective|p1a: Necrozma
|-damage|p1a: Necrozma|71/100
|-damage|p2a: Arceus|60/100|[from] item: Rocky Helmet|[of] p1a: Necrozma
|move|p1a: Necrozma|Earthquake|p2a: Arceus
|-damage|p2a: Arceus|36/100
|
|-sideend|p1: WoShiAChen|Reflect
|upkeep
|turn|14
|
|t:|1668156092
|move|p2a: Arceus|Recover|p2a: Arceus
|-heal|p2a: Arceus|86/100
|move|p1a: Necrozma|Earthquake|p2a: Arceus
|-damage|p2a: Arceus|64/100
|
|upkeep
|turn|15
|
|t:|1668156096
|move|p2a: Arceus|Shadow Claw|p1a: Necrozma
|-supereffective|p1a: Necrozma
|-damage|p1a: Necrozma|41/100
|-damage|p2a: Arceus|48/100|[from] item: Rocky Helmet|[of] p1a: Necrozma
|move|p1a: Necrozma|Reflect|p1a: Necrozma
|-sidestart|p1: WoShiAChen|Reflect
|
|upkeep
|turn|16
|
|t:|1668156099
|move|p2a: Arceus|Recover|p2a: Arceus
|-heal|p2a: Arceus|98/100
|move|p1a: Necrozma|Morning Sun|p1a: Necrozma
|-heal|p1a: Necrozma|91/100
|
|upkeep
|turn|17
|
|t:|1668156102
|move|p2a: Arceus|Shadow Claw|p1a: Necrozma
|-supereffective|p1a: Necrozma
|-damage|p1a: Necrozma|76/100
|-damage|p2a: Arceus|81/100|[from] item: Rocky Helmet|[of] p1a: Necrozma
|move|p1a: Necrozma|Earthquake|p2a: Arceus
|-damage|p2a: Arceus|57/100
|
|upkeep
|turn|18
|
|t:|1668156107
|move|p2a: Arceus|Recover|p2a: Arceus
|-heal|p2a: Arceus|100/100
|move|p1a: Necrozma|Earthquake|p2a: Arceus
|-damage|p2a: Arceus|76/100
|
|upkeep
|turn|19
|
|t:|1668156115
|move|p2a: Arceus|Shadow Claw|p1a: Necrozma
|-supereffective|p1a: Necrozma
|-damage|p1a: Necrozma|60/100
|-damage|p2a: Arceus|60/100|[from] item: Rocky Helmet|[of] p1a: Necrozma
|move|p1a: Necrozma|Earthquake|p2a: Arceus
|-damage|p2a: Arceus|38/100
|
|-sideend|p1: WoShiAChen|Reflect
|upkeep
|turn|20
|
|t:|1668156118
|move|p2a: Arceus|Recover|p2a: Arceus
|-heal|p2a: Arceus|88/100
|move|p1a: Necrozma|Reflect|p1a: Necrozma
|-sidestart|p1: WoShiAChen|Reflect
|
|upkeep
|turn|21
|
|t:|1668156121
|move|p2a: Arceus|Shadow Claw|p1a: Necrozma
|-supereffective|p1a: Necrozma
|-damage|p1a: Necrozma|44/100
|-damage|p2a: Arceus|71/100|[from] item: Rocky Helmet|[of] p1a: Necrozma
|move|p1a: Necrozma|Morning Sun|p1a: Necrozma
|-heal|p1a: Necrozma|94/100
|
|upkeep
|turn|22
|
|t:|1668156128
|move|p2a: Arceus|Shadow Claw|p1a: Necrozma
|-supereffective|p1a: Necrozma
|-damage|p1a: Necrozma|78/100
|-damage|p2a: Arceus|55/100|[from] item: Rocky Helmet|[of] p1a: Necrozma
|move|p1a: Necrozma|Sunsteel Strike|p2a: Arceus
|-damage|p2a: Arceus|23/100
|
|upkeep
|turn|23
|
|t:|1668156132
|move|p2a: Arceus|Recover|p2a: Arceus
|-heal|p2a: Arceus|73/100
|move|p1a: Necrozma|Sunsteel Strike|p2a: Arceus
|-damage|p2a: Arceus|39/100
|
|upkeep
|turn|24
|
|t:|1668156136
|move|p2a: Arceus|Recover|p2a: Arceus
|-heal|p2a: Arceus|89/100
|move|p1a: Necrozma|Earthquake|p2a: Arceus
|-damage|p2a: Arceus|66/100
|
|-sideend|p1: WoShiAChen|Reflect
|upkeep
|turn|25
|
|t:|1668156139
|move|p2a: Arceus|Shadow Claw|p1a: Necrozma
|-supereffective|p1a: Necrozma
|-damage|p1a: Necrozma|49/100
|-damage|p2a: Arceus|49/100|[from] item: Rocky Helmet|[of] p1a: Necrozma
|move|p1a: Necrozma|Earthquake|p2a: Arceus
|-damage|p2a: Arceus|28/100
|
|upkeep
|turn|26
|
|t:|1668156143
|move|p2a: Arceus|Recover|p2a: Arceus
|-heal|p2a: Arceus|78/100
|move|p1a: Necrozma|Morning Sun|p1a: Necrozma
|-heal|p1a: Necrozma|99/100
|
|upkeep
|turn|27
|
|t:|1668156148
|move|p2a: Arceus|Shadow Claw|p1a: Necrozma
|-supereffective|p1a: Necrozma
|-damage|p1a: Necrozma|71/100
|-damage|p2a: Arceus|62/100|[from] item: Rocky Helmet|[of] p1a: Necrozma
|move|p1a: Necrozma|Reflect|p1a: Necrozma
|-sidestart|p1: WoShiAChen|Reflect
|
|upkeep
|turn|28
|
|t:|1668156152
|move|p2a: Arceus|Shadow Claw|p1a: Necrozma
|-supereffective|p1a: Necrozma
|-damage|p1a: Necrozma|55/100
|-damage|p2a: Arceus|45/100|[from] item: Rocky Helmet|[of] p1a: Necrozma
|move|p1a: Necrozma|Sunsteel Strike|p2a: Arceus
|-damage|p2a: Arceus|14/100
|
|upkeep
|turn|29
|
|t:|1668156155
|move|p2a: Arceus|Recover|p2a: Arceus
|-heal|p2a: Arceus|64/100
|move|p1a: Necrozma|Sunsteel Strike|p2a: Arceus
|-damage|p2a: Arceus|29/100
|
|upkeep
|turn|30
|
|t:|1668156158
|move|p2a: Arceus|Recover|p2a: Arceus
|-heal|p2a: Arceus|79/100
|move|p1a: Necrozma|Sunsteel Strike|p2a: Arceus
|-damage|p2a: Arceus|45/100
|
|upkeep
|turn|31
|
|t:|1668156162
|move|p2a: Arceus|Recover|p2a: Arceus
|-heal|p2a: Arceus|95/100
|move|p1a: Necrozma|Reflect||[still]
|-fail|p1a: Necrozma
|
|-sideend|p1: WoShiAChen|Reflect
|upkeep
|turn|32
|
|t:|1668156165
|move|p2a: Arceus|Shadow Claw|p1a: Necrozma
|-supereffective|p1a: Necrozma
|-damage|p1a: Necrozma|27/100
|-damage|p2a: Arceus|79/100|[from] item: Rocky Helmet|[of] p1a: Necrozma
|move|p1a: Necrozma|Reflect|p1a: Necrozma
|-sidestart|p1: WoShiAChen|Reflect
|
|upkeep
|turn|33
|
|t:|1668156170
|move|p2a: Arceus|Shadow Claw|p1a: Necrozma
|-supereffective|p1a: Necrozma
|-damage|p1a: Necrozma|11/100
|-damage|p2a: Arceus|62/100|[from] item: Rocky Helmet|[of] p1a: Necrozma
|move|p1a: Necrozma|Morning Sun|p1a: Necrozma
|-heal|p1a: Necrozma|61/100
|
|upkeep
|turn|34
|
|t:|1668156175
|move|p2a: Arceus|Shadow Claw|p1a: Necrozma
|-supereffective|p1a: Necrozma
|-damage|p1a: Necrozma|46/100
|-damage|p2a: Arceus|45/100|[from] item: Rocky Helmet|[of] p1a: Necrozma
|move|p1a: Necrozma|Morning Sun|p1a: Necrozma
|-heal|p1a: Necrozma|96/100
|
|upkeep
|turn|35
|
|t:|1668156180
|move|p2a: Arceus|Recover|p2a: Arceus
|-heal|p2a: Arceus|95/100
|move|p1a: Necrozma|Earthquake|p2a: Arceus
|-damage|p2a: Arceus|75/100
|
|upkeep
|turn|36
|
|t:|1668156187
|move|p2a: Arceus|Shadow Claw|p1a: Necrozma
|-supereffective|p1a: Necrozma
|-damage|p1a: Necrozma|81/100
|-damage|p2a: Arceus|58/100|[from] item: Rocky Helmet|[of] p1a: Necrozma
|move|p1a: Necrozma|Earthquake|p2a: Arceus
|-damage|p2a: Arceus|36/100
|
|-sideend|p1: WoShiAChen|Reflect
|upkeep
|turn|37
|
|t:|1668156192
|move|p2a: Arceus|Recover|p2a: Arceus
|-heal|p2a: Arceus|86/100
|move|p1a: Necrozma|Earthquake|p2a: Arceus
|-damage|p2a: Arceus|64/100
|
|upkeep
|turn|38
|
|t:|1668156199
|move|p2a: Arceus|Shadow Claw|p1a: Necrozma
|-supereffective|p1a: Necrozma
|-damage|p1a: Necrozma|48/100
|-damage|p2a: Arceus|47/100|[from] item: Rocky Helmet|[of] p1a: Necrozma
|move|p1a: Necrozma|Reflect|p1a: Necrozma
|-sidestart|p1: WoShiAChen|Reflect
|
|upkeep
|turn|39
|
|t:|1668156216
|move|p2a: Arceus|Recover|p2a: Arceus
|-heal|p2a: Arceus|97/100
|move|p1a: Necrozma|Earthquake|p2a: Arceus
|-damage|p2a: Arceus|74/100
|
|upkeep
|turn|40
|
|t:|1668156231
|switch|p2a: Necrozma|Necrozma-Dusk-Mane, shiny|100/100
|-damage|p2a: Necrozma|94/100|[from] Stealth Rock
|move|p1a: Necrozma|Earthquake|p2a: Necrozma
|-supereffective|p2a: Necrozma
|-damage|p2a: Necrozma|50/100
|
|upkeep
|turn|41
|
|t:|1668156241
|detailschange|p2a: Necrozma|Necrozma-Ultra, shiny
|-burst|p2a: Necrozma|Necrozma|Ultranecrozium Z
|move|p2a: Necrozma|Earth Power|p1a: Necrozma
|-supereffective|p1a: Necrozma
|-damage|p1a: Necrozma|0 fnt
|faint|p1a: Necrozma
|
|upkeep
|
|t:|1668156249
|switch|p1a: Marshadow|Marshadow|100/100
|-damage|p1a: Marshadow|94/100|[from] Stealth Rock
|turn|42
|
|t:|1668156257
|move|p1a: Marshadow|Shadow Sneak|p2a: Necrozma
|-supereffective|p2a: Necrozma
|-damage|p2a: Necrozma|0 fnt
|faint|p2a: Necrozma
|-damage|p1a: Marshadow|84/100|[from] item: Life Orb
|
|-sideend|p1: WoShiAChen|Reflect
|upkeep
|
|t:|1668156272
|switch|p2a: Ditto|Ditto, shiny|100/100
|-damage|p2a: Ditto|88/100|[from] Stealth Rock
|-transform|p2a: Ditto|p1a: Marshadow|[from] ability: Imposter
|turn|43
|
|t:|1668156277
|switch|p1a: Eternatus|Eternatus|100/100
|-damage|p1a: Eternatus|88/100|[from] Stealth Rock
|-ability|p1a: Eternatus|Pressure
|move|p2a: Ditto|Shadow Sneak|p1a: Eternatus
|-damage|p1a: Eternatus|66/100
|
|-heal|p1a: Eternatus|72/100|[from] item: Black Sludge
|upkeep
|turn|44
|
|t:|1668156282
|switch|p2a: Rayquaza|Rayquaza-Mega|81/100
|-damage|p2a: Rayquaza|56/100|[from] Stealth Rock
|-weather|DeltaStream|[from] ability: Delta Stream|[of] p2a: Rayquaza
|move|p1a: Eternatus|Toxic Spikes|p2a: Rayquaza
|-sidestart|p2: DarkboiJ|move: Toxic Spikes
|
|-weather|DeltaStream|[upkeep]
|-heal|p1a: Eternatus|79/100|[from] item: Black Sludge
|upkeep
|turn|45
|
|t:|1668156295
|switch|p1a: Yveltal|Yveltal, shiny|100/100
|-damage|p1a: Yveltal|76/100|[from] Stealth Rock
|-ability|p1a: Yveltal|Dark Aura
|move|p2a: Rayquaza|Draco Meteor|p1a: Yveltal
|-damage|p1a: Yveltal|0 fnt
|-unboost|p2a: Rayquaza|spa|2
|faint|p1a: Yveltal
|-damage|p2a: Rayquaza|46/100|[from] item: Life Orb
|
|-weather|DeltaStream|[upkeep]
|upkeep
|
|t:|1668156299
|switch|p1a: Marshadow|Marshadow|84/100
|-damage|p1a: Marshadow|78/100|[from] Stealth Rock
|turn|46
|
|t:|1668156303
|move|p1a: Marshadow|Shadow Sneak|p2a: Rayquaza
|-damage|p2a: Rayquaza|6/100
|-damage|p1a: Marshadow|68/100|[from] item: Life Orb
|move|p2a: Rayquaza|Dragon Ascent|p1a: Marshadow
|-supereffective|p1a: Marshadow
|-damage|p1a: Marshadow|0 fnt
|-unboost|p2a: Rayquaza|def|1
|-unboost|p2a: Rayquaza|spd|1
|faint|p1a: Marshadow
|-damage|p2a: Rayquaza|0 fnt|[from] item: Life Orb
|faint|p2a: Rayquaza
|-weather|none
|
|upkeep
|
|t:|1668156319
|switch|p1a: Ditto|Ditto, shiny|100/100
|switch|p2a: Rayquaza|Rayquaza|100/100
|-damage|p2a: Rayquaza|76/100|[from] Stealth Rock
|-ability|p2a: Rayquaza|Air Lock
|-damage|p1a: Ditto|88/100|[from] Stealth Rock
|-transform|p1a: Ditto|p2a: Rayquaza|[from] ability: Imposter
|turn|47
|
|t:|1668156325
|switch|p2a: Ditto|Ditto, shiny|88/100
|-damage|p2a: Ditto|76/100|[from] Stealth Rock
|-status|p2a: Ditto|psn
|move|p1a: Ditto|Outrage|p2a: Ditto
|-damage|p2a: Ditto|0 fnt
|faint|p2a: Ditto
|
|upkeep
|
|t:|1668156328
|switch|p2a: Arceus|Arceus|74/100
|-damage|p2a: Arceus|61/100|[from] Stealth Rock
|-status|p2a: Arceus|psn
|-enditem|p2a: Arceus|Lum Berry|[eat]
|-curestatus|p2a: Arceus|psn|[msg]
|turn|48
|
|t:|1668156342
|move|p2a: Arceus|Extreme Speed|p1a: Ditto
|-damage|p1a: Ditto|31/100
|move|p1a: Ditto|Outrage|p2a: Arceus|[from]lockedmove
|-damage|p2a: Arceus|19/100
|-start|p1a: Ditto|confusion|[fatigue]
|
|upkeep
|turn|49
|
|t:|1668156355
|-activate|p1a: Ditto|confusion
|move|p1a: Ditto|Outrage|p2a: Arceus
|-damage|p2a: Arceus|0 fnt
|faint|p2a: Arceus
|
|upkeep
|
|t:|1668156357
|switch|p2a: Rayquaza|Rayquaza|76/100
|-damage|p2a: Rayquaza|51/100|[from] Stealth Rock
|-ability|p2a: Rayquaza|Air Lock
|turn|50
|
|t:|1668156370
|-start|p2a: Rayquaza|Dynamax|
|-heal|p2a: Rayquaza|51/100|[silent]
|-activate|p1a: Ditto|confusion
|move|p1a: Ditto|Outrage|p2a: Rayquaza|[from]lockedmove
|-supereffective|p2a: Rayquaza
|-damage|p2a: Rayquaza|0 fnt
|faint|p2a: Rayquaza
|
|win|WoShiAChen
|raw|WoShiAChen's rating: 1704 &rarr; <strong>1738</strong><br />(+34 for winning)
|raw|DarkboiJ's rating: 1999 &rarr; <strong>1965</strong><br />(-34 for losing)
|l|☆DarkboiJ
||Ladder isn't responding, score probably updated but might not have (Request timeout).
