|j|☆Diancie_hhh
|j|☆CLEAR GEM清瑜
|t:|1664534973
|gametype|singles
|player|p1|Diancie_hhh|marnie|1857
|player|p2|CLEAR GEM清瑜|skierf|1784
|teamsize|p1|6
|teamsize|p2|6
|gen|8
|tier|[Gen 8] National Dex AG
|rated|
|rule|HP Percentage Mod: HP is shown in percentages
|rule|Endless Battle Clause: Forcing endless battles is banned
|clearpoke
|poke|p1|Arceus-*|
|poke|p1|Zacian-*|
|poke|p1|Groudon|
|poke|p1|Ho-Oh|
|poke|p1|Zygarde|
|poke|p1|Weavile, F|
|poke|p2|Rayquaza|
|poke|p2|Groudon|
|poke|p2|Kyogre|
|poke|p2|Necrozma-Dusk-Mane|
|poke|p2|Zacian-*|
|poke|p2|Yveltal|
|teampreview
|inactive|Battle timer is ON: inactive players will automatically lose when time's up. (requested by CLEAR GEM清瑜)
|
|t:|1664534979
|start
|switch|p1a: Zygarde|Zygarde, shiny|100/100
|switch|p2a: 不会(?)|Groudon|100/100
|detailschange|p2a: 不会(?)|Groudon-Primal
|-primal|p2a: 不会(?)
|-weather|DesolateLand|[from] ability: Desolate Land|[of] p2a: 不会(?)
|turn|1
|
|t:|1664534982
|move|p1a: Zygarde|Glare|p2a: 不会(?)
|-status|p2a: 不会(?)|par
|cant|p2a: 不会(?)|par
|
|-weather|DesolateLand|[upkeep]
|upkeep
|turn|2
|
|t:|1664534991
|move|p1a: Zygarde|Coil|p1a: Zygarde
|-boost|p1a: Zygarde|atk|1
|-boost|p1a: Zygarde|def|1
|-boost|p1a: Zygarde|accuracy|1
|move|p2a: 不会(?)|Stealth Rock|p1a: Zygarde
|-sidestart|p1: Diancie_hhh|move: Stealth Rock
|
|-weather|DesolateLand|[upkeep]
|upkeep
|turn|3
|
|t:|1664534997
|move|p1a: Zygarde|Thousand Arrows|p2a: 不会(?)
|-supereffective|p2a: 不会(?)
|-damage|p2a: 不会(?)|49/100 par
|move|p2a: 不会(?)|Roar|p1a: Zygarde
|drag|p1a: Zacian|Zacian-Crowned|100/100
|-damage|p1a: Zacian|94/100|[from] Stealth Rock
|-ability|p1a: Zacian|Intrepid Sword|boost
|-boost|p1a: Zacian|atk|1
|
|-weather|DesolateLand|[upkeep]
|upkeep
|turn|4
|
|t:|1664535007
|switch|p1a: Ho-Oh|Ho-Oh|100/100
|move|p2a: 不会(?)|Heat Crash|p1a: Ho-Oh
|-resisted|p1a: Ho-Oh
|-damage|p1a: Ho-Oh|41/100
|
|-weather|DesolateLand|[upkeep]
|upkeep
|turn|5
|
|t:|1664535014
|move|p1a: Ho-Oh|Roost|p1a: Ho-Oh
|-heal|p1a: Ho-Oh|91/100
|-singleturn|p1a: Ho-Oh|move: Roost
|move|p2a: 不会(?)|Stealth Rock||[still]
|-fail|p2a: 不会(?)
|
|-weather|DesolateLand|[upkeep]
|upkeep
|turn|6
|
|t:|1664535022
|move|p1a: Ho-Oh|Defog|p2a: 不会(?)
|-unboost|p2a: 不会(?)|evasion|1
|-sideend|p1: Diancie_hhh|Stealth Rock|[from] move: Defog|[of] p1a: Ho-Oh
|move|p2a: 不会(?)|Heat Crash|p1a: Ho-Oh
|-resisted|p1a: Ho-Oh
|-damage|p1a: Ho-Oh|26/100
|
|-weather|DesolateLand|[upkeep]
|upkeep
|turn|7
|
|t:|1664535030
|move|p1a: Ho-Oh|Roost|p1a: Ho-Oh
|-heal|p1a: Ho-Oh|76/100
|-singleturn|p1a: Ho-Oh|move: Roost
|cant|p2a: 不会(?)|par
|
|-weather|DesolateLand|[upkeep]
|upkeep
|turn|8
|
|t:|1664535039
|-weather|none
|switch|p2a: 嘉然小姐的狗|Zacian-Crowned|100/100
|-ability|p2a: 嘉然小姐的狗|Intrepid Sword|boost
|-boost|p2a: 嘉然小姐的狗|atk|1
|move|p1a: Ho-Oh|Sacred Fire|p2a: 嘉然小姐的狗
|-supereffective|p2a: 嘉然小姐的狗
|-damage|p2a: 嘉然小姐的狗|26/100
|-status|p2a: 嘉然小姐的狗|brn
|
|-damage|p2a: 嘉然小姐的狗|20/100 brn|[from] brn
|upkeep
|turn|9
|
|t:|1664535053
|switch|p1a: Arceus|Arceus, shiny|100/100
|move|p2a: 嘉然小姐的狗|Wild Charge|p1a: Arceus
|-damage|p1a: Arceus|82/100
|-damage|p2a: 嘉然小姐的狗|15/100 brn|[from] Recoil
|
|-damage|p2a: 嘉然小姐的狗|8/100 brn|[from] brn
|upkeep
|turn|10
|
|t:|1664535063
|move|p2a: 嘉然小姐的狗|Close Combat|p1a: Arceus
|-supereffective|p1a: Arceus
|-damage|p1a: Arceus|33/100
|-unboost|p2a: 嘉然小姐的狗|def|1
|-unboost|p2a: 嘉然小姐的狗|spd|1
|move|p1a: Arceus|Swords Dance|p1a: Arceus
|-boost|p1a: Arceus|atk|2
|
|-damage|p2a: 嘉然小姐的狗|2/100 brn|[from] brn
|upkeep
|turn|11
|
|t:|1664535067
|move|p2a: 嘉然小姐的狗|Close Combat|p1a: Arceus
|-supereffective|p1a: Arceus
|-crit|p1a: Arceus
|-damage|p1a: Arceus|0 fnt
|-unboost|p2a: 嘉然小姐的狗|def|1
|-unboost|p2a: 嘉然小姐的狗|spd|1
|faint|p1a: Arceus
|
|-damage|p2a: 嘉然小姐的狗|0 fnt|[from] brn
|faint|p2a: 嘉然小姐的狗
|upkeep
|
|t:|1664535076
|switch|p2a: 老烈|Rayquaza, shiny|100/100
|switch|p1a: Zygarde|Zygarde, shiny|100/100
|-ability|p2a: 老烈|Air Lock
|turn|12
|
|t:|1664535079
|switch|p2a: 不会(?)|Groudon-Primal|49/100 par
|-weather|DesolateLand|[from] ability: Desolate Land|[of] p2a: 不会(?)
|move|p1a: Zygarde|Glare|p2a: 不会(?)
|-fail|p2a: 不会(?)|par
|
|-weather|DesolateLand|[upkeep]
|upkeep
|turn|13
|
|t:|1664535083
|move|p1a: Zygarde|Thousand Arrows|p2a: 不会(?)
|-supereffective|p2a: 不会(?)
|-damage|p2a: 不会(?)|12/100 par
|cant|p2a: 不会(?)|par
|
|-weather|DesolateLand|[upkeep]
|upkeep
|turn|14
|
|t:|1664535089
|move|p1a: Zygarde|Coil|p1a: Zygarde
|-boost|p1a: Zygarde|atk|1
|-boost|p1a: Zygarde|def|1
|-boost|p1a: Zygarde|accuracy|1
|move|p2a: 不会(?)|Stealth Rock|p1a: Zygarde
|-sidestart|p1: Diancie_hhh|move: Stealth Rock
|
|-weather|DesolateLand|[upkeep]
|upkeep
|turn|15
|
|t:|1664535099
|move|p1a: Zygarde|Thousand Arrows|p2a: 不会(?)
|-supereffective|p2a: 不会(?)
|-damage|p2a: 不会(?)|0 fnt
|faint|p2a: 不会(?)
|-weather|none
|
|upkeep
|
|t:|1664535102
|switch|p2a: Y鸟|Yveltal|100/100
|-ability|p2a: Y鸟|Dark Aura
|turn|16
|
|t:|1664535111
|move|p2a: Y鸟|Taunt|p1a: Zygarde
|-start|p1a: Zygarde|move: Taunt
|move|p1a: Zygarde|Thousand Arrows|p2a: Y鸟
|-damage|p2a: Y鸟|54/100
|-start|p2a: Y鸟|Smack Down
|
|upkeep
|turn|17
|
|t:|1664535119
|-start|p2a: Y鸟|Dynamax|
|-heal|p2a: Y鸟|54/100|[silent]
|-start|p1a: Zygarde|Dynamax|
|-heal|p1a: Zygarde|100/100|[silent]
|move|p2a: Y鸟|Max Airstream|p1a: Zygarde
|-damage|p1a: Zygarde|64/100
|-boost|p2a: Y鸟|spe|1
|-damage|p2a: Y鸟|49/100|[from] item: Life Orb
|move|p1a: Zygarde|Max Quake|p2a: Y鸟
|-damage|p2a: Y鸟|17/100
|-boost|p1a: Zygarde|spd|1
|
|upkeep
|turn|18
|
|t:|1664535123
|move|p2a: Y鸟|Max Darkness|p1a: Zygarde
|-damage|p1a: Zygarde|33/100
|-unboost|p1a: Zygarde|spd|1
|-damage|p2a: Y鸟|12/100|[from] item: Life Orb
|move|p1a: Zygarde|Max Quake|p2a: Y鸟
|-damage|p2a: Y鸟|0 fnt
|-boost|p1a: Zygarde|spd|1
|faint|p2a: Y鸟
|
|-end|p1a: Zygarde|move: Taunt
|-activate|p1a: Zygarde|ability: Power Construct
|detailschange|p1a: Zygarde|Zygarde-Complete, shiny
|-heal|p1a: Zygarde|56/100|[silent]
|upkeep
|
|t:|1664535128
|switch|p2a: 海皇牙|Kyogre, shiny|100/100
|detailschange|p2a: 海皇牙|Kyogre-Primal, shiny
|-primal|p2a: 海皇牙
|-weather|PrimordialSea|[from] ability: Primordial Sea|[of] p2a: 海皇牙
|turn|19
|
|t:|1664535133
|move|p2a: 海皇牙|Ice Beam|p1a: Zygarde
|-supereffective|p1a: Zygarde
|-damage|p1a: Zygarde|28/100
|move|p1a: Zygarde|Max Quake|p2a: 海皇牙
|-damage|p2a: 海皇牙|20/100
|-boost|p1a: Zygarde|spd|1
|
|-weather|PrimordialSea|[upkeep]
|upkeep
|-end|p1a: Zygarde|Dynamax
|-heal|p1a: Zygarde|28/100|[silent]
|turn|20
|
|t:|1664535160
|move|p2a: 海皇牙|Ice Beam|p1a: Zygarde
|-supereffective|p1a: Zygarde
|-damage|p1a: Zygarde|0 fnt
|faint|p1a: Zygarde
|
|-weather|PrimordialSea|[upkeep]
|upkeep
|
|t:|1664535163
|switch|p1a: Weavile|Weavile, F, shiny|100/100
|-damage|p1a: Weavile|76/100|[from] Stealth Rock
|-ability|p1a: Weavile|Pressure
|turn|21
|
|t:|1664535170
|move|p1a: Weavile|Knock Off|p2a: 海皇牙
|-damage|p2a: 海皇牙|0 fnt
|faint|p2a: 海皇牙
|-weather|none
|
|upkeep
|
|t:|1664535173
|switch|p2a: 老烈|Rayquaza, shiny|100/100
|-ability|p2a: 老烈|Air Lock
|turn|22
|
|t:|1664535177
|detailschange|p2a: 老烈|Rayquaza-Mega, shiny
|-mega|p2a: 老烈|Rayquaza|
|-weather|DeltaStream|[from] ability: Delta Stream|[of] p2a: 老烈
|move|p1a: Weavile|Knock Off|p2a: 老烈
|-damage|p2a: 老烈|48/100
|-enditem|p2a: 老烈|Focus Sash|[from] move: Knock Off|[of] p1a: Weavile
|move|p2a: 老烈|Dragon Dance|p2a: 老烈
|-boost|p2a: 老烈|atk|1
|-boost|p2a: 老烈|spe|1
|
|-weather|DeltaStream|[upkeep]
|upkeep
|turn|23
|
|t:|1664535186
|move|p2a: 老烈|Extreme Speed|p1a: Weavile
|-damage|p1a: Weavile|0 fnt
|faint|p1a: Weavile
|
|-weather|DeltaStream|[upkeep]
|upkeep
|
|t:|1664535191
|switch|p1a: Zacian|Zacian-Crowned|94/100
|-damage|p1a: Zacian|88/100|[from] Stealth Rock
|-ability|p1a: Zacian|Intrepid Sword|boost
|-boost|p1a: Zacian|atk|1
|turn|24
|
|t:|1664535194
|switch|p1a: Ho-Oh|Ho-Oh|100/100
|move|p2a: 老烈|Earthquake|p1a: Ho-Oh
|-immune|p1a: Ho-Oh
|
|-weather|DeltaStream|[upkeep]
|upkeep
|turn|25
|
|t:|1664535202
|move|p2a: 老烈|Dragon Ascent|p1a: Ho-Oh
|-damage|p1a: Ho-Oh|0 fnt
|-unboost|p2a: 老烈|def|1
|-unboost|p2a: 老烈|spd|1
|faint|p1a: Ho-Oh
|
|-weather|DeltaStream|[upkeep]
|upkeep
|
|t:|1664535208
|switch|p1a: 大地之神|Groudon, shiny|100/100
|-damage|p1a: 大地之神|94/100|[from] Stealth Rock
|detailschange|p1a: 大地之神|Groudon-Primal, shiny
|-primal|p1a: 大地之神
|-weather|DesolateLand|[from] ability: Desolate Land|[of] p1a: 大地之神
|turn|26
|
|t:|1664535210
|move|p2a: 老烈|Earthquake|p1a: 大地之神
|-supereffective|p1a: 大地之神
|-damage|p1a: 大地之神|2/100
|move|p1a: 大地之神|Fire Punch|p2a: 老烈
|-resisted|p2a: 老烈
|-damage|p2a: 老烈|0 fnt
|faint|p2a: 老烈
|
|-weather|DesolateLand|[upkeep]
|upkeep
|c|☆CLEAR GEM清瑜|?草是你
|
|t:|1664535220
|switch|p2a: 钢铁之躯|Necrozma-Dusk-Mane|100/100
|turn|27
|c|☆Diancie_hhh|才发现吗..
|
|t:|1664535235
|detailschange|p2a: 钢铁之躯|Necrozma-Ultra
|-burst|p2a: 钢铁之躯|Necrozma|Ultranecrozium Z
|move|p2a: 钢铁之躯|Dragon Dance|p2a: 钢铁之躯
|-boost|p2a: 钢铁之躯|atk|1
|-boost|p2a: 钢铁之躯|spe|1
|move|p1a: 大地之神|Fire Punch|p2a: 钢铁之躯
|-resisted|p2a: 钢铁之躯
|-damage|p2a: 钢铁之躯|61/100
|
|-weather|DesolateLand|[upkeep]
|upkeep
|turn|28
|
|t:|1664535245
|move|p2a: 钢铁之躯|Earthquake|p1a: 大地之神
|-supereffective|p1a: 大地之神
|-damage|p1a: 大地之神|0 fnt
|faint|p1a: 大地之神
|-weather|none
|
|upkeep
|c|☆CLEAR GEM清瑜|是的()
|
|t:|1664535248
|switch|p1a: Zacian|Zacian-Crowned|88/100
|-damage|p1a: Zacian|82/100|[from] Stealth Rock
|-ability|p1a: Zacian|Intrepid Sword|boost
|-boost|p1a: Zacian|atk|1
|turn|29
|
|t:|1664535250
|move|p2a: 钢铁之躯|Earthquake|p1a: Zacian
|-supereffective|p1a: Zacian
|-damage|p1a: Zacian|0 fnt
|faint|p1a: Zacian
|
|win|CLEAR GEM清瑜
|raw|Diancie_hhh's rating: 1857 &rarr; <strong>1833</strong><br />(-24 for losing)
|raw|CLEAR GEM清瑜's rating: 1784 &rarr; <strong>1808</strong><br />(+24 for winning)
|c|☆CLEAR GEM清瑜|刚刚出狱
|c|☆Diancie_hhh|唔
|c|☆CLEAR GEM清瑜|(指放假)
|c|☆Diancie_hhh|我也是
|c|☆Diancie_hhh|下午放的假
|c|☆CLEAR GEM清瑜|一样()
|c|☆CLEAR GEM清瑜|我坐地铁回家就坐了一下午
