|j|☆85792195wwww
|j|☆Onoufrios
|player|p1|85792195wwww|lady|1827
|player|p2|Onoufrios|psychic-gen4|1761
|teamsize|p1|6
|teamsize|p2|6
|gametype|singles
|gen|8
|tier|[Gen 8] National Dex AG
|rated|
|clearpoke
|poke|p1|Zekrom|
|poke|p1|Rayquaza|
|poke|p1|Zacian-Crowned|
|poke|p1|Arceus-*|
|poke|p1|Eternatus|
|poke|p1|Ditto|
|poke|p2|Necrozma-Dusk-Mane|
|poke|p2|Arceus-*|
|poke|p2|Xerneas|
|poke|p2|Zacian-Crowned|
|poke|p2|Lugia|
|poke|p2|Yveltal|
|rule|HP Percentage Mod: HP is shown in percentages
|rule|Endless Battle Clause: Forcing endless battles is banned
|teampreview
|j| jbjbjbjbjb
|
|start
|switch|p1a: Eternatus|Eternatus|100/100
|switch|p2a: Zacian|Zacian-Crowned|100/100
|-ability|p2a: Zacian|Intrepid Sword|boost
|-boost|p2a: Zacian|atk|1
|-ability|p1a: Eternatus|Pressure
|turn|1
|
|move|p2a: Zacian|Crunch|p1a: Eternatus
|-damage|p1a: Eternatus|58/100
|move|p1a: Eternatus|Flamethrower|p2a: Zacian
|-supereffective|p2a: Zacian
|-damage|p2a: Zacian|31/100
|
|upkeep
|turn|2
|
|move|p2a: Zacian|Close Combat|p1a: Eternatus
|-resisted|p1a: Eternatus
|-damage|p1a: Eternatus|25/100
|-unboost|p2a: Zacian|def|1
|-unboost|p2a: Zacian|spd|1
|move|p1a: Eternatus|Toxic Spikes|p2a: Zacian
|-sidestart|p2: Onoufrios|move: Toxic Spikes
|
|upkeep
|turn|3
|
|move|p2a: Zacian|Crunch|p1a: Eternatus
|-damage|p1a: Eternatus|0 fnt
|faint|p1a: Eternatus
|
|upkeep
|
|switch|p1a: Ditto|Ditto|100/100
|-transform|p1a: Ditto|p2a: Zacian|[from] ability: Imposter
|-ability|p1a: Ditto|Intrepid Sword|boost
|-boost|p1a: Ditto|atk|1
|turn|4
|
|move|p1a: Ditto|Behemoth Blade|p2a: Zacian
|-crit|p2a: Zacian
|-damage|p2a: Zacian|0 fnt
|faint|p2a: Zacian
|
|upkeep
|
|switch|p2a: Necrozma|Necrozma-Dusk-Mane|100/100
|turn|5
|
|switch|p1a: Rayquaza|Rayquaza|100/100
|-ability|p1a: Rayquaza|Air Lock
|move|p2a: Necrozma|Dragon Dance|p2a: Necrozma
|-boost|p2a: Necrozma|atk|1
|-boost|p2a: Necrozma|spe|1
|
|upkeep
|turn|6
|
|detailschange|p1a: Rayquaza|Rayquaza-Mega
|-mega|p1a: Rayquaza|Rayquaza|
|-weather|DeltaStream|[from] ability: Delta Stream|[of] p1a: Rayquaza
|move|p1a: Rayquaza|Dragon Ascent|p2a: Necrozma
|-resisted|p2a: Necrozma
|-damage|p2a: Necrozma|63/100
|-unboost|p1a: Rayquaza|def|1
|-unboost|p1a: Rayquaza|spd|1
|-damage|p1a: Rayquaza|91/100|[from] item: Life Orb
|move|p2a: Necrozma|Photon Geyser|p1a: Rayquaza
|-damage|p1a: Rayquaza|0 fnt
|faint|p1a: Rayquaza
|-weather|none
|
|upkeep
|
|switch|p1a: Arceus|Arceus|100/100
|turn|7
|
|move|p1a: Arceus|Swords Dance|p1a: Arceus
|-boost|p1a: Arceus|atk|2
|move|p2a: Necrozma|Photon Geyser|p1a: Arceus
|-damage|p1a: Arceus|30/100
|
|upkeep
|turn|8
|
|move|p1a: Arceus|Earthquake|p2a: Necrozma
|-supereffective|p2a: Necrozma
|-damage|p2a: Necrozma|0 fnt
|-damage|p1a: Arceus|20/100|[from] item: Life Orb
|faint|p2a: Necrozma
|
|upkeep
|
|switch|p2a: Arceus|Arceus|100/100
|-status|p2a: Arceus|psn
|turn|9
|
|move|p1a: Arceus|Extreme Speed|p2a: Arceus
|-damage|p2a: Arceus|32/100 psn
|-damage|p1a: Arceus|10/100|[from] item: Life Orb
|move|p2a: Arceus|Extreme Speed|p1a: Arceus
|-damage|p1a: Arceus|0 fnt
|faint|p1a: Arceus
|
|-damage|p2a: Arceus|20/100 psn|[from] psn
|upkeep
|
|switch|p1a: Zacian|Zacian-Crowned|100/100
|-ability|p1a: Zacian|Intrepid Sword|boost
|-boost|p1a: Zacian|atk|1
|turn|10
|
|move|p2a: Arceus|Extreme Speed|p1a: Zacian
|-resisted|p1a: Zacian
|-damage|p1a: Zacian|76/100
|move|p1a: Zacian|Behemoth Blade|p2a: Arceus
|-damage|p2a: Arceus|0 fnt
|faint|p2a: Arceus
|
|upkeep
|
|switch|p2a: Lugia|Lugia|100/100
|turn|11
|
|switch|p1a: Zekrom|Zekrom|100/100
|-ability|p1a: Zekrom|Teravolt
|switch|p2a: Xerneas|Xerneas|100/100
|-status|p2a: Xerneas|psn
|-ability|p2a: Xerneas|Fairy Aura
|
|-damage|p2a: Xerneas|88/100 psn|[from] psn
|upkeep
|turn|12
|
|switch|p1a: Zacian|Zacian-Crowned|76/100
|-ability|p1a: Zacian|Intrepid Sword|boost
|-boost|p1a: Zacian|atk|1
|move|p2a: Xerneas|Moonblast|p1a: Zacian
|-resisted|p1a: Zacian
|-damage|p1a: Zacian|43/100
|
|-damage|p2a: Xerneas|76/100 psn|[from] psn
|upkeep
|turn|13
|
|switch|p2a: Lugia|Lugia|100/100
|move|p1a: Zacian|Behemoth Blade|p2a: Lugia
|-damage|p2a: Lugia|77/100
|
|upkeep
|turn|14
|
|move|p1a: Zacian|Wild Charge|p2a: Lugia
|-supereffective|p2a: Lugia
|-damage|p2a: Lugia|18/100
|-damage|p1a: Zacian|24/100|[from] Recoil
|move|p2a: Lugia|Thunder Wave|p1a: Zacian
|-status|p1a: Zacian|par
|
|upkeep
|turn|15
|
|switch|p1a: Zekrom|Zekrom|100/100
|-ability|p1a: Zekrom|Teravolt
|move|p2a: Lugia|Toxic|p1a: Zekrom
|-status|p1a: Zekrom|tox
|
|-damage|p1a: Zekrom|94/100 tox|[from] psn
|upkeep
|turn|16
|
|move|p1a: Zekrom|Bolt Strike|p2a: Lugia|[miss]
|-miss|p1a: Zekrom|p2a: Lugia
|move|p2a: Lugia|Whirlwind|p1a: Zekrom
|drag|p1a: Zacian|Zacian-Crowned|24/100 par
|-ability|p1a: Zacian|Intrepid Sword|boost
|-boost|p1a: Zacian|atk|1
|
|upkeep
|turn|17
|
|switch|p1a: Zekrom|Zekrom|94/100 tox
|-ability|p1a: Zekrom|Teravolt
|move|p2a: Lugia|Toxic|p1a: Zekrom
|-fail|p1a: Zekrom|tox
|
|-damage|p1a: Zekrom|88/100 tox|[from] psn
|upkeep
|turn|18
|
|move|p1a: Zekrom|Bolt Strike|p2a: Lugia|[miss]
|-miss|p1a: Zekrom|p2a: Lugia
|move|p2a: Lugia|Whirlwind|p1a: Zekrom
|drag|p1a: Ditto|Ditto|100/100
|-transform|p1a: Ditto|p2a: Lugia|[from] ability: Imposter
|
|upkeep
|turn|19
|
|switch|p1a: Zekrom|Zekrom|88/100 tox
|-ability|p1a: Zekrom|Teravolt
|move|p2a: Lugia|Thunder Wave||[still]
|-fail|p2a: Lugia
|
|-damage|p1a: Zekrom|82/100 tox|[from] psn
|upkeep
|turn|20
|
|move|p1a: Zekrom|Bolt Strike|p2a: Lugia
|-supereffective|p2a: Lugia
|-damage|p2a: Lugia|0 fnt
|faint|p2a: Lugia
|
|-damage|p1a: Zekrom|70/100 tox|[from] psn
|upkeep
|
|switch|p2a: Xerneas|Xerneas|76/100 psn
|-ability|p2a: Xerneas|Fairy Aura
|turn|21
|
|switch|p1a: Zacian|Zacian-Crowned|24/100 par
|-ability|p1a: Zacian|Intrepid Sword|boost
|-boost|p1a: Zacian|atk|1
|move|p2a: Xerneas|Moonblast|p1a: Zacian
|-resisted|p1a: Zacian
|-damage|p1a: Zacian|0 fnt
|faint|p1a: Zacian
|
|-damage|p2a: Xerneas|63/100 psn|[from] psn
|upkeep
|
|switch|p1a: Ditto|Ditto|100/100
|-transform|p1a: Ditto|p2a: Xerneas|[from] ability: Imposter
|-ability|p1a: Ditto|Fairy Aura
|turn|22
|
|move|p2a: Xerneas|Moonblast|p1a: Ditto
|-damage|p1a: Ditto|21/100
|-unboost|p1a: Ditto|spa|1
|move|p1a: Ditto|Moonblast|p2a: Xerneas
|-damage|p2a: Xerneas|24/100 psn
|
|-damage|p2a: Xerneas|12/100 psn|[from] psn
|upkeep
|turn|23
|
|move|p1a: Ditto|Moonblast|p2a: Xerneas
|-damage|p2a: Xerneas|0 fnt
|faint|p2a: Xerneas
|
|upkeep
|
|switch|p2a: Yveltal|Yveltal|100/100
|-ability|p2a: Yveltal|Dark Aura
|turn|24
|
|-start|p2a: Yveltal|Dynamax
|-heal|p2a: Yveltal|100/100|[silent]
|move|p1a: Ditto|Moonblast|p2a: Yveltal
|-supereffective|p2a: Yveltal
|-damage|p2a: Yveltal|59/100
|move|p2a: Yveltal|Max Airstream|p1a: Ditto
|-damage|p1a: Ditto|0 fnt
|-boost|p2a: Yveltal|spe|1
|-damage|p2a: Yveltal|54/100|[from] item: Life Orb
|faint|p1a: Ditto
|
|upkeep
|
|switch|p1a: Zekrom|Zekrom|70/100 tox
|-ability|p1a: Zekrom|Teravolt
|turn|25
|
|-start|p1a: Zekrom|Dynamax
|-heal|p1a: Zekrom|70/100 tox|[silent]
|move|p2a: Yveltal|Max Darkness|p1a: Zekrom
|-damage|p1a: Zekrom|7/100 tox
|-unboost|p1a: Zekrom|spd|1
|-damage|p2a: Yveltal|49/100|[from] item: Life Orb
|move|p1a: Zekrom|Max Lightning|p2a: Yveltal
|-supereffective|p2a: Yveltal
|-damage|p2a: Yveltal|0 fnt
|-fieldstart|move: Electric Terrain
|faint|p2a: Yveltal
|
|win|85792195wwww
|raw|85792195wwww's rating: 1827 &rarr; <strong>1844</strong><br />(+17 for winning)
|raw|Onoufrios's rating: 1761 &rarr; <strong>1745</strong><br />(-16 for losing)
