|j|☆wownoodle
|j|☆Ike745
|t:|1658200263
|gametype|singles
|player|p1|wownoodle|shadowtriad|
|player|p2|Ike745|blue|
|teamsize|p1|6
|teamsize|p2|6
|gen|8
|tier|[Gen 8] National Dex AG
|rule|HP Percentage Mod: HP is shown in percentages
|rule|Endless Battle Clause: Forcing endless battles is banned
|clearpoke
|poke|p1|Blacephalon|
|poke|p1|Kartana|
|poke|p1|Kangaskhan, F|
|poke|p1|Cloyster, F|
|poke|p1|Kommo-o, F|
|poke|p1|Arceus-*|
|poke|p2|Calyrex-Shadow|
|poke|p2|Ferrothorn, F|
|poke|p2|Blissey, F|
|poke|p2|Rillaboom, F|
|poke|p2|Cinderace, M|
|poke|p2|Mamoswine, F|
|teampreview
|c|☆wownoodle|glhf :)
|c|☆Ike745|u2
|
|t:|1658200313
|start
|switch|p1a: Goat|Cloyster, F|100/100
|switch|p2a: Haram|Mamoswine, F|100/100
|turn|1
|
|t:|1658200346
|move|p2a: Haram|Superpower|p1a: Goat
|-supereffective|p1a: Goat
|-crit|p1a: Goat
|-damage|p1a: Goat|0 fnt
|-unboost|p2a: Haram|atk|1
|-unboost|p2a: Haram|def|1
|faint|p1a: Goat
|
|upkeep
|c|☆wownoodle|oop
|c|☆Ike745|oof
|j| kek1445645
|
|t:|1658200378
|switch|p1a: Lucky Crane|Kartana|100/100
|turn|2
|
|t:|1658200390
|switch|p2a: Anti Fidget|Ferrothorn, F|100/100
|move|p1a: Lucky Crane|Sacred Sword|p2a: Anti Fidget
|-supereffective|p2a: Anti Fidget
|-damage|p2a: Anti Fidget|44/100
|-damage|p1a: Lucky Crane|88/100|[from] ability: Iron Barbs|[of] p2a: Anti Fidget
|-damage|p1a: Lucky Crane|78/100|[from] item: Life Orb
|
|-heal|p2a: Anti Fidget|50/100|[from] item: Leftovers
|upkeep
|turn|3
|
|t:|1658200451
|move|p1a: Lucky Crane|Sacred Sword|p2a: Anti Fidget
|-supereffective|p2a: Anti Fidget
|-damage|p2a: Anti Fidget|0 fnt
|-damage|p1a: Lucky Crane|66/100|[from] ability: Iron Barbs|[of] p2a: Anti Fidget
|faint|p2a: Anti Fidget
|-ability|p1a: Lucky Crane|Beast Boost|boost
|-boost|p1a: Lucky Crane|atk|1
|-damage|p1a: Lucky Crane|56/100|[from] item: Life Orb
|
|upkeep
|
|t:|1658200482
|switch|p2a: Space Jam|Cinderace, M|100/100
|turn|4
|
|t:|1658200521
|switch|p1a: Yung Legend|Arceus-Ground|100/100
|move|p2a: Space Jam|Pyro Ball|p1a: Yung Legend
|-damage|p1a: Yung Legend|60/100
|
|upkeep
|turn|5
|
|t:|1658200534
|switch|p2a: Brock?|Blissey, F|100/100
|move|p1a: Yung Legend|Judgment|p2a: Brock?
|-damage|p2a: Brock?|87/100
|
|-heal|p2a: Brock?|93/100|[from] item: Leftovers
|upkeep
|turn|6
|
|t:|1658200544
|move|p1a: Yung Legend|Recover|p1a: Yung Legend
|-heal|p1a: Yung Legend|100/100
|move|p2a: Brock?|Teleport|p2a: Brock?
|
|t:|1658200576
|switch|p2a: Tarzan|Rillaboom, F|100/100|[from]move: Teleport
|-fieldstart|move: Grassy Terrain|[from] ability: Grassy Surge|[of] p2a: Tarzan
|
|upkeep
|turn|7
|
|t:|1658200616
|switch|p1a: Lucky Crane|Kartana|56/100
|move|p2a: Tarzan|Grassy Glide|p1a: Lucky Crane
|-resisted|p1a: Lucky Crane
|-damage|p1a: Lucky Crane|42/100
|
|-heal|p1a: Lucky Crane|48/100|[from] Grassy Terrain
|upkeep
|turn|8
|
|t:|1658200626
|move|p1a: Lucky Crane|Knock Off|p2a: Tarzan
|-damage|p2a: Tarzan|49/100
|-enditem|p2a: Tarzan|Expert Belt|[from] move: Knock Off|[of] p1a: Lucky Crane
|-damage|p1a: Lucky Crane|39/100|[from] item: Life Orb
|move|p2a: Tarzan|Superpower|p1a: Lucky Crane
|-supereffective|p1a: Lucky Crane
|-damage|p1a: Lucky Crane|0 fnt
|-unboost|p2a: Tarzan|atk|1
|-unboost|p2a: Tarzan|def|1
|faint|p1a: Lucky Crane
|
|-heal|p2a: Tarzan|55/100|[from] Grassy Terrain
|upkeep
|
|t:|1658200654
|switch|p1a: Moonwalk|Blacephalon|100/100
|turn|9
|
|t:|1658200659
|switch|p2a: Brock?|Blissey, F|93/100
|move|p1a: Moonwalk|Flamethrower|p2a: Brock?
|-damage|p2a: Brock?|77/100
|
|-heal|p2a: Brock?|84/100|[from] Grassy Terrain
|-heal|p2a: Brock?|90/100|[from] item: Leftovers
|upkeep
|turn|10
|
|t:|1658200679
|move|p1a: Moonwalk|Flamethrower|p2a: Brock?
|-damage|p2a: Brock?|75/100
|move|p2a: Brock?|Toxic|p1a: Moonwalk
|-status|p1a: Moonwalk|tox
|
|-heal|p2a: Brock?|82/100|[from] Grassy Terrain
|-heal|p2a: Brock?|88/100|[from] item: Leftovers
|-damage|p1a: Moonwalk|94/100 tox|[from] psn
|-fieldend|move: Grassy Terrain
|upkeep
|turn|11
|
|t:|1658200704
|switch|p1a: Mater|Kangaskhan, F|100/100
|move|p2a: Brock?|Teleport|p2a: Brock?
|
|t:|1658200776
|switch|p2a: Space Jam|Cinderace, M|100/100|[from]move: Teleport
|
|upkeep
|turn|12
|
|t:|1658200824
|move|p2a: Space Jam|Sucker Punch|p1a: Mater
|-start|p2a: Space Jam|typechange|Dark|[from] ability: Libero
|-damage|p1a: Mater|63/100
|move|p1a: Mater|Body Slam|p2a: Space Jam
|-damage|p2a: Space Jam|50/100
|
|upkeep
|turn|13
|c|☆wownoodle|man i forgot to mega lol
|
|t:|1658200871
|move|p2a: Space Jam|High Jump Kick|p1a: Mater
|-start|p2a: Space Jam|typechange|Fighting|[from] ability: Libero
|-supereffective|p1a: Mater
|-damage|p1a: Mater|0 fnt
|faint|p1a: Mater
|
|upkeep
|
|t:|1658200884
|switch|p1a: Yung Legend|Arceus-Ground|100/100
|turn|14
|
|t:|1658200894
|switch|p2a: Brock?|Blissey, F|88/100
|move|p1a: Yung Legend|Calm Mind|p1a: Yung Legend
|-boost|p1a: Yung Legend|spa|1
|-boost|p1a: Yung Legend|spd|1
|
|-heal|p2a: Brock?|94/100|[from] item: Leftovers
|upkeep
|turn|15
|
|t:|1658200922
|move|p1a: Yung Legend|Calm Mind|p1a: Yung Legend
|-boost|p1a: Yung Legend|spa|1
|-boost|p1a: Yung Legend|spd|1
|move|p2a: Brock?|Toxic|p1a: Yung Legend
|-status|p1a: Yung Legend|tox
|
|-heal|p2a: Brock?|99/100|[from] item: Leftovers
|-damage|p1a: Yung Legend|94/100 tox|[from] psn
|upkeep
|turn|16
|
|t:|1658200941
|move|p1a: Yung Legend|Calm Mind|p1a: Yung Legend
|-boost|p1a: Yung Legend|spa|1
|-boost|p1a: Yung Legend|spd|1
|move|p2a: Brock?|Seismic Toss|p1a: Yung Legend
|-damage|p1a: Yung Legend|72/100 tox
|
|-heal|p2a: Brock?|100/100|[from] item: Leftovers
|-damage|p1a: Yung Legend|60/100 tox|[from] psn
|upkeep
|turn|17
|
|t:|1658200996
|move|p1a: Yung Legend|Judgment|p2a: Brock?
|-damage|p2a: Brock?|67/100
|move|p2a: Brock?|Teleport|p2a: Brock?
|
|t:|1658201002
|switch|p2a: Tarzan|Rillaboom, F|55/100|[from]move: Teleport
|-fieldstart|move: Grassy Terrain|[from] ability: Grassy Surge|[of] p2a: Tarzan
|
|-heal|p1a: Yung Legend|66/100 tox|[from] Grassy Terrain
|-heal|p2a: Tarzan|61/100|[from] Grassy Terrain
|-damage|p1a: Yung Legend|48/100 tox|[from] psn
|upkeep
|turn|18
|
|t:|1658201011
|move|p2a: Tarzan|Grassy Glide|p1a: Yung Legend
|-supereffective|p1a: Yung Legend
|-damage|p1a: Yung Legend|0 fnt
|faint|p1a: Yung Legend
|
|-heal|p2a: Tarzan|67/100|[from] Grassy Terrain
|upkeep
|
|t:|1658201030
|switch|p1a: Moonwalk|Blacephalon|94/100 tox
|turn|19
|
|t:|1658201042
|switch|p2a: Brock?|Blissey, F|67/100
|move|p1a: Moonwalk|Flamethrower|p2a: Brock?
|-damage|p2a: Brock?|52/100
|
|-heal|p1a: Moonwalk|100/100 tox|[from] Grassy Terrain
|-heal|p2a: Brock?|59/100|[from] Grassy Terrain
|-heal|p2a: Brock?|65/100|[from] item: Leftovers
|-damage|p1a: Moonwalk|94/100 tox|[from] psn
|upkeep
|turn|20
|
|t:|1658201055
|switch|p1a: Reiner|Kommo-o, F|100/100
|move|p2a: Brock?|Soft-Boiled|p2a: Brock?
|-heal|p2a: Brock?|100/100
|
|upkeep
|turn|21
|
|t:|1658201133
|-zpower|p1a: Reiner
|move|p1a: Reiner|Clangorous Soulblaze|p2a: Brock?|[zeffect]
|-damage|p2a: Brock?|83/100
|-boost|p1a: Reiner|atk|1
|-boost|p1a: Reiner|def|1
|-boost|p1a: Reiner|spa|1
|-boost|p1a: Reiner|spd|1
|-boost|p1a: Reiner|spe|1
|move|p2a: Brock?|Toxic|p1a: Reiner
|-status|p1a: Reiner|tox
|
|-heal|p2a: Brock?|89/100|[from] Grassy Terrain
|-heal|p2a: Brock?|95/100|[from] item: Leftovers
|-damage|p1a: Reiner|94/100 tox|[from] psn
|-fieldend|move: Grassy Terrain
|upkeep
|turn|22
|
|t:|1658201150
|move|p1a: Reiner|Drain Punch|p2a: Brock?
|-supereffective|p2a: Brock?
|-damage|p2a: Brock?|0 fnt
|-heal|p1a: Reiner|100/100 tox|[from] drain|[of] p2a: Brock?
|faint|p2a: Brock?
|
|-damage|p1a: Reiner|88/100 tox|[from] psn
|upkeep
|
|t:|1658201302
|switch|p2a: Tarzan|Rillaboom, F|67/100
|-fieldstart|move: Grassy Terrain|[from] ability: Grassy Surge|[of] p2a: Tarzan
|turn|23
|c| kek1445645|if u da goat someone puts on timer lol
|
|t:|1658201363
|move|p1a: Reiner|Outrage|p2a: Tarzan
|-damage|p2a: Tarzan|0 fnt
|faint|p2a: Tarzan
|
|-heal|p1a: Reiner|94/100 tox|[from] Grassy Terrain
|-damage|p1a: Reiner|76/100 tox|[from] psn
|upkeep
|
|t:|1658201396
|switch|p2a: Haram|Mamoswine, F|100/100
|turn|24
|
|t:|1658201399
|move|p2a: Haram|Ice Shard|p1a: Reiner
|-supereffective|p1a: Reiner
|-damage|p1a: Reiner|43/100 tox
|move|p1a: Reiner|Outrage|p2a: Haram|[from]lockedmove
|-damage|p2a: Haram|3/100
|
|-heal|p1a: Reiner|49/100 tox|[from] Grassy Terrain
|-heal|p2a: Haram|9/100|[from] Grassy Terrain
|-damage|p1a: Reiner|24/100 tox|[from] psn
|upkeep
|turn|25
|
|t:|1658201411
|move|p2a: Haram|Ice Shard|p1a: Reiner
|-supereffective|p1a: Reiner
|-damage|p1a: Reiner|0 fnt
|faint|p1a: Reiner
|
|-heal|p2a: Haram|15/100|[from] Grassy Terrain
|upkeep
|c|☆Ike745|MAMO THE GOAT
|c|☆Ike745|THE BULK LETS GOOO
|
|t:|1658201417
|switch|p1a: Moonwalk|Blacephalon|94/100 tox
|turn|26
|
|t:|1658201427
|move|p2a: Haram|Ice Shard|p1a: Moonwalk
|-resisted|p1a: Moonwalk
|-damage|p1a: Moonwalk|68/100 tox
|move|p1a: Moonwalk|Shadow Ball|p2a: Haram
|-damage|p2a: Haram|0 fnt
|faint|p2a: Haram
|-ability|p1a: Moonwalk|Beast Boost|boost
|-boost|p1a: Moonwalk|spa|1
|
|-heal|p1a: Moonwalk|74/100 tox|[from] Grassy Terrain
|-damage|p1a: Moonwalk|68/100 tox|[from] psn
|upkeep
|
|t:|1658201438
|switch|p2a: Space Jam|Cinderace, M|50/100
|turn|27
|
|t:|1658201441
|move|p2a: Space Jam|Sucker Punch|p1a: Moonwalk
|-start|p2a: Space Jam|typechange|Dark|[from] ability: Libero
|-supereffective|p1a: Moonwalk
|-damage|p1a: Moonwalk|0 fnt
|faint|p1a: Moonwalk
|
|win|Ike745
|c|☆Ike745|gg
|c|☆wownoodle|ggggg
|c| kek1445645|the outrage damn
|c|☆Ike745|had me scared for a sec there
|c|☆wownoodle|:,)
