|j|☆rowletroost
|j|☆Bbqops
|t:|1641928554
|gametype|singles
|player|p1|rowletroost|lance|1751
|player|p2|Bbqops|102|1822
|teamsize|p1|6
|teamsize|p2|6
|gen|8
|tier|[Gen 8] National Dex AG
|rated|
|rule|HP Percentage Mod: HP is shown in percentages
|rule|Endless Battle Clause: Forcing endless battles is banned
|clearpoke
|poke|p1|Arceus-*|
|poke|p1|Xerneas-*|
|poke|p1|Kyogre|
|poke|p1|Marshadow|
|poke|p1|Ribombee, M|
|poke|p1|Vivillon-Savanna, F|
|poke|p2|Rayquaza|
|poke|p2|Ditto|
|poke|p2|Groudon|
|poke|p2|Yveltal|
|poke|p2|Zacian-*|
|poke|p2|Calyrex-Shadow|
|teampreview
|inactive|Battle timer is ON: inactive players will automatically lose when time's up. (requested by rowletroost)
|
|t:|1641928557
|start
|switch|p1a: Arceus|Arceus-Ground|100/100
|switch|p2a: Rayquaza|Rayquaza|100/100
|-ability|p2a: Rayquaza|Air Lock
|turn|1
|
|t:|1641928561
|switch|p2a: Yveltal|Yveltal|100/100
|-ability|p2a: Yveltal|Dark Aura
|move|p1a: Arceus|Ice Beam|p2a: Yveltal
|-supereffective|p2a: Yveltal
|-damage|p2a: Yveltal|74/100
|
|upkeep
|turn|2
|
|t:|1641928564
|switch|p1a: Ribombee|Ribombee, M, shiny|100/100
|move|p2a: Yveltal|Toxic|p1a: Ribombee
|-status|p1a: Ribombee|tox
|
|-damage|p1a: Ribombee|94/100 tox|[from] psn
|upkeep
|turn|3
|
|t:|1641928569
|switch|p2a: Zacian|Zacian-Crowned|100/100
|-ability|p2a: Zacian|Intrepid Sword|boost
|-boost|p2a: Zacian|atk|1
|move|p1a: Ribombee|Sticky Web|p2a: Zacian
|-sidestart|p2: Bbqops|move: Sticky Web
|
|-damage|p1a: Ribombee|82/100 tox|[from] psn
|upkeep
|turn|4
|
|t:|1641928572
|switch|p1a: Arceus|Arceus-Ground|100/100
|move|p2a: Zacian|Behemoth Blade|p1a: Arceus
|-damage|p1a: Arceus|55/100
|
|upkeep
|turn|5
|
|t:|1641928576
|switch|p2a: Yveltal|Yveltal|74/100
|-ability|p2a: Yveltal|Dark Aura
|move|p1a: Arceus|Recover|p1a: Arceus
|-heal|p1a: Arceus|100/100
|
|upkeep
|turn|6
|
|t:|1641928578
|switch|p1a: Ribombee|Ribombee, M, shiny|82/100 tox
|move|p2a: Yveltal|Defog|p1a: Ribombee
|-unboost|p1a: Ribombee|evasion|1
|-sideend|p2: Bbqops|Sticky Web|[from] move: Defog|[of] p2a: Yveltal
|
|-damage|p1a: Ribombee|76/100 tox|[from] psn
|upkeep
|turn|7
|
|t:|1641928583
|switch|p2a: Zacian|Zacian-Crowned|100/100
|-ability|p2a: Zacian|Intrepid Sword|boost
|-boost|p2a: Zacian|atk|1
|move|p1a: Ribombee|Sticky Web|p2a: Zacian
|-sidestart|p2: Bbqops|move: Sticky Web
|
|-damage|p1a: Ribombee|64/100 tox|[from] psn
|upkeep
|turn|8
|
|t:|1641928586
|switch|p1a: Arceus|Arceus-Ground|100/100
|move|p2a: Zacian|Behemoth Blade|p1a: Arceus
|-damage|p1a: Arceus|50/100
|
|upkeep
|turn|9
|
|t:|1641928594
|switch|p2a: Yveltal|Yveltal|74/100
|-ability|p2a: Yveltal|Dark Aura
|move|p1a: Arceus|Recover|p1a: Arceus
|-heal|p1a: Arceus|99/100
|
|upkeep
|turn|10
|
|t:|1641928600
|switch|p1a: Vivillon|Vivillon-Savanna, F|100/100
|move|p2a: Yveltal|Defog|p1a: Vivillon
|-unboost|p1a: Vivillon|evasion|1
|-sideend|p2: Bbqops|Sticky Web|[from] move: Defog|[of] p2a: Yveltal
|
|upkeep
|turn|11
|
|t:|1641928611
|switch|p2a: Rayquaza|Rayquaza|100/100
|-ability|p2a: Rayquaza|Air Lock
|move|p1a: Vivillon|Sleep Powder|p2a: Rayquaza
|-status|p2a: Rayquaza|slp|[from] move: Sleep Powder
|
|upkeep
|turn|12
|
|t:|1641928613
|detailschange|p2a: Rayquaza|Rayquaza-Mega
|-mega|p2a: Rayquaza|Rayquaza|
|-weather|DeltaStream|[from] ability: Delta Stream|[of] p2a: Rayquaza
|cant|p2a: Rayquaza|slp
|move|p1a: Vivillon|Substitute|p1a: Vivillon
|-start|p1a: Vivillon|Substitute
|-damage|p1a: Vivillon|76/100
|
|-weather|DeltaStream|[upkeep]
|-heal|p1a: Vivillon|82/100|[from] item: Leftovers
|upkeep
|turn|13
|
|t:|1641928616
|cant|p2a: Rayquaza|slp
|move|p1a: Vivillon|Quiver Dance|p1a: Vivillon
|-boost|p1a: Vivillon|spa|1
|-boost|p1a: Vivillon|spd|1
|-boost|p1a: Vivillon|spe|1
|
|-weather|DeltaStream|[upkeep]
|-heal|p1a: Vivillon|88/100|[from] item: Leftovers
|upkeep
|turn|14
|
|t:|1641928626
|move|p1a: Vivillon|Hurricane|p2a: Rayquaza
|-damage|p2a: Rayquaza|33/100 slp
|-curestatus|p2a: Rayquaza|slp|[msg]
|move|p2a: Rayquaza|Dragon Ascent|p1a: Vivillon
|-supereffective|p1a: Vivillon
|-end|p1a: Vivillon|Substitute
|-unboost|p2a: Rayquaza|def|1
|-unboost|p2a: Rayquaza|spd|1
|
|-weather|DeltaStream|[upkeep]
|-heal|p1a: Vivillon|94/100|[from] item: Leftovers
|upkeep
|turn|15
|
|t:|1641928633
|move|p2a: Rayquaza|Extreme Speed|p1a: Vivillon
|-damage|p1a: Vivillon|21/100
|move|p1a: Vivillon|Sleep Powder|p2a: Rayquaza
|-status|p2a: Rayquaza|slp|[from] move: Sleep Powder
|
|-weather|DeltaStream|[upkeep]
|-heal|p1a: Vivillon|27/100|[from] item: Leftovers
|upkeep
|turn|16
|
|t:|1641928644
|-weather|none
|switch|p2a: Ditto|Ditto|100/100
|-transform|p2a: Ditto|p1a: Vivillon|[from] ability: Imposter
|move|p1a: Vivillon|Substitute|p1a: Vivillon
|-start|p1a: Vivillon|Substitute
|-damage|p1a: Vivillon|2/100
|
|-heal|p1a: Vivillon|8/100|[from] item: Leftovers
|upkeep
|turn|17
|
|t:|1641928651
|-start|p2a: Ditto|Dynamax
|-heal|p2a: Ditto|100/100|[silent]
|move|p2a: Ditto|Max Airstream|p1a: Vivillon
|-supereffective|p1a: Vivillon
|-end|p1a: Vivillon|Substitute
|-boost|p2a: Ditto|spe|1
|move|p1a: Vivillon|Sleep Powder|p2a: Ditto
|-status|p2a: Ditto|slp|[from] move: Sleep Powder
|
|-heal|p1a: Vivillon|14/100|[from] item: Leftovers
|upkeep
|turn|18
|
|t:|1641928654
|cant|p2a: Ditto|slp
|move|p1a: Vivillon|Substitute|p1a: Vivillon
|-fail|p1a: Vivillon|move: Substitute|[weak]
|
|-heal|p1a: Vivillon|20/100|[from] item: Leftovers
|upkeep
|turn|19
|
|t:|1641928664
|cant|p2a: Ditto|slp
|move|p1a: Vivillon|Hurricane|p2a: Ditto
|-supereffective|p2a: Ditto
|-damage|p2a: Ditto|11/100 slp
|-start|p2a: Ditto|confusion
|
|-heal|p1a: Vivillon|26/100|[from] item: Leftovers
|-end|p2a: Ditto|Dynamax
|-heal|p2a: Ditto|11/100 slp|[silent]
|upkeep
|turn|20
|
|t:|1641928674
|cant|p2a: Ditto|slp
|move|p1a: Vivillon|Hurricane|p2a: Ditto
|-supereffective|p2a: Ditto
|-damage|p2a: Ditto|0 fnt
|faint|p2a: Ditto
|
|-heal|p1a: Vivillon|32/100|[from] item: Leftovers
|upkeep
|
|t:|1641928695
|switch|p2a: Groudon|Groudon|100/100
|detailschange|p2a: Groudon|Groudon-Primal
|-primal|p2a: Groudon
|-weather|DesolateLand|[from] ability: Desolate Land|[of] p2a: Groudon
|turn|21
|
|t:|1641928698
|move|p1a: Vivillon|Sleep Powder|p2a: Groudon
|-status|p2a: Groudon|slp|[from] move: Sleep Powder
|cant|p2a: Groudon|slp
|
|-weather|DesolateLand|[upkeep]
|-heal|p1a: Vivillon|38/100|[from] item: Leftovers
|upkeep
|turn|22
|
|t:|1641928701
|move|p1a: Vivillon|Hurricane|p2a: Groudon
|-damage|p2a: Groudon|38/100 slp
|-curestatus|p2a: Groudon|slp|[msg]
|move|p2a: Groudon|Roar|p1a: Vivillon
|drag|p1a: Ribombee|Ribombee, M, shiny|64/100 tox
|
|-weather|DesolateLand|[upkeep]
|-damage|p1a: Ribombee|58/100 tox|[from] psn
|upkeep
|turn|23
|
|t:|1641928705
|move|p1a: Ribombee|Sticky Web|p2a: Groudon
|-sidestart|p2: Bbqops|move: Sticky Web
|move|p2a: Groudon|Stealth Rock|p1a: Ribombee
|-sidestart|p1: rowletroost|move: Stealth Rock
|
|-weather|DesolateLand|[upkeep]
|-damage|p1a: Ribombee|45/100 tox|[from] psn
|upkeep
|turn|24
|
|t:|1641928710
|move|p1a: Ribombee|Defog|p2a: Groudon
|-unboost|p2a: Groudon|evasion|1
|-sideend|p2: Bbqops|Sticky Web|[from] move: Defog|[of] p1a: Ribombee
|-sideend|p1: rowletroost|Stealth Rock|[from] move: Defog|[of] p1a: Ribombee
|move|p2a: Groudon|Precipice Blades|p1a: Ribombee
|-resisted|p1a: Ribombee
|-damage|p1a: Ribombee|0 fnt
|faint|p1a: Ribombee
|
|-weather|DesolateLand|[upkeep]
|upkeep
|
|t:|1641928714
|switch|p1a: Xerneas|Xerneas, shiny|100/100
|-ability|p1a: Xerneas|Fairy Aura
|turn|25
|
|t:|1641928717
|switch|p1a: Kyogre|Kyogre, shiny|100/100
|detailschange|p1a: Kyogre|Kyogre-Primal, shiny
|-primal|p1a: Kyogre
|-weather|PrimordialSea|[from] ability: Primordial Sea|[of] p1a: Kyogre
|move|p2a: Groudon|Roar|p1a: Kyogre
|-weather|none
|drag|p1a: Arceus|Arceus-Ground|99/100
|
|upkeep
|turn|26
|
|t:|1641928721
|switch|p2a: Yveltal|Yveltal|74/100
|-ability|p2a: Yveltal|Dark Aura
|move|p1a: Arceus|Ice Beam|p2a: Yveltal
|-supereffective|p2a: Yveltal
|-damage|p2a: Yveltal|48/100
|
|upkeep
|turn|27
|
|t:|1641928734
|switch|p1a: Kyogre|Kyogre-Primal, shiny|100/100
|-weather|PrimordialSea|[from] ability: Primordial Sea|[of] p1a: Kyogre
|move|p2a: Yveltal|Roost|p2a: Yveltal
|-heal|p2a: Yveltal|98/100
|-singleturn|p2a: Yveltal|move: Roost
|
|-weather|PrimordialSea|[upkeep]
|upkeep
|turn|28
|
|t:|1641928740
|move|p2a: Yveltal|Toxic|p1a: Kyogre
|-status|p1a: Kyogre|tox
|move|p1a: Kyogre|Ice Beam|p2a: Yveltal
|-supereffective|p2a: Yveltal
|-damage|p2a: Yveltal|53/100
|
|-weather|PrimordialSea|[upkeep]
|-damage|p1a: Kyogre|94/100 tox|[from] psn
|upkeep
|turn|29
|
|t:|1641928745
|move|p2a: Yveltal|Knock Off|p1a: Kyogre
|-damage|p1a: Kyogre|60/100 tox
|move|p1a: Kyogre|Ice Beam|p2a: Yveltal
|-supereffective|p2a: Yveltal
|-damage|p2a: Yveltal|6/100
|
|-weather|PrimordialSea|[upkeep]
|-damage|p1a: Kyogre|48/100 tox|[from] psn
|upkeep
|turn|30
|
|t:|1641928753
|move|p2a: Yveltal|Roost|p2a: Yveltal
|-heal|p2a: Yveltal|56/100
|-singleturn|p2a: Yveltal|move: Roost
|move|p1a: Kyogre|Ice Beam|p2a: Yveltal
|-damage|p2a: Yveltal|32/100
|
|-weather|PrimordialSea|[upkeep]
|-damage|p1a: Kyogre|29/100 tox|[from] psn
|upkeep
|turn|31
|
|t:|1641928765
|move|p2a: Yveltal|Defog|p1a: Kyogre
|-unboost|p1a: Kyogre|evasion|1
|move|p1a: Kyogre|Thunder|p2a: Yveltal
|-supereffective|p2a: Yveltal
|-damage|p2a: Yveltal|0 fnt
|faint|p2a: Yveltal
|
|-weather|PrimordialSea|[upkeep]
|-damage|p1a: Kyogre|4/100 tox|[from] psn
|upkeep
|
|t:|1641928766
|switch|p2a: Groudon|Groudon-Primal|38/100
|-weather|DesolateLand|[from] ability: Desolate Land|[of] p2a: Groudon
|turn|32
|
|t:|1641928768
|move|p1a: Kyogre|Ice Beam|p2a: Groudon
|-damage|p2a: Groudon|0 fnt
|faint|p2a: Groudon
|-weather|none
|
|-damage|p1a: Kyogre|0 fnt|[from] psn
|faint|p1a: Kyogre
|upkeep
|
|t:|1641928788
|switch|p1a: Marshadow|Marshadow|100/100
|switch|p2a: Calyrex|Calyrex-Shadow|100/100
|-ability|p2a: Calyrex|As One
|-ability|p2a: Calyrex|Unnerve
|turn|33
|
|t:|1641928804
|move|p1a: Marshadow|Shadow Sneak|p2a: Calyrex
|-supereffective|p2a: Calyrex
|-enditem|p2a: Calyrex|Focus Sash
|-damage|p2a: Calyrex|1/100
|move|p2a: Calyrex|Astral Barrage|p1a: Marshadow
|-supereffective|p1a: Marshadow
|-enditem|p1a: Marshadow|Focus Sash
|-damage|p1a: Marshadow|1/100
|
|upkeep
|turn|34
|
|t:|1641928809
|move|p1a: Marshadow|Shadow Sneak|p2a: Calyrex
|-supereffective|p2a: Calyrex
|-damage|p2a: Calyrex|0 fnt
|faint|p2a: Calyrex
|
|upkeep
|
|t:|1641928816
|switch|p2a: Zacian|Zacian-Crowned|100/100
|-ability|p2a: Zacian|Intrepid Sword|boost
|-boost|p2a: Zacian|atk|1
|turn|35
|
|t:|1641928819
|move|p1a: Marshadow|Shadow Sneak|p2a: Zacian
|-damage|p2a: Zacian|72/100
|move|p2a: Zacian|Swords Dance|p2a: Zacian
|-boost|p2a: Zacian|atk|2
|
|upkeep
|turn|36
|
|t:|1641928822
|move|p1a: Marshadow|Shadow Sneak|p2a: Zacian
|-damage|p2a: Zacian|41/100
|move|p2a: Zacian|Behemoth Blade|p1a: Marshadow
|-damage|p1a: Marshadow|0 fnt
|faint|p1a: Marshadow
|
|upkeep
|
|t:|1641928824
|switch|p1a: Arceus|Arceus-Ground|99/100
|turn|37
|
|t:|1641928827
|-start|p1a: Arceus|Dynamax
|-heal|p1a: Arceus|99/100|[silent]
|move|p2a: Zacian|Behemoth Blade|p1a: Arceus
|-damage|p1a: Arceus|18/100
|move|p1a: Arceus|Max Quake|p2a: Zacian
|-supereffective|p2a: Zacian
|-damage|p2a: Zacian|0 fnt
|-boost|p1a: Arceus|spd|1
|faint|p2a: Zacian
|
|upkeep
|
|t:|1641928830
|switch|p2a: Rayquaza|Rayquaza-Mega|33/100 slp
|-weather|DeltaStream|[from] ability: Delta Stream|[of] p2a: Rayquaza
|turn|38
|
|t:|1641928833
|cant|p2a: Rayquaza|slp
|move|p1a: Arceus|Max Hailstorm|p2a: Rayquaza
|-activate||deltastream
|-supereffective|p2a: Rayquaza
|-damage|p2a: Rayquaza|0 fnt
|-weather|Hail
|faint|p2a: Rayquaza
|
|win|rowletroost
|raw|rowletroost's rating: 1770 &rarr; <strong>1793</strong><br />(+23 for winning)
|raw|Bbqops's rating: 1822 &rarr; <strong>1799</strong><br />(-23 for losing)
