|j|☆DarkboiJ
|j|☆drmario69
|t:|1663832734
|gametype|singles
|player|p1|DarkboiJ|lance-gen2|1795
|player|p2|drmario69|hiker-gen4|1912
|teamsize|p1|6
|teamsize|p2|6
|gen|8
|tier|[Gen 8] National Dex AG
|rated|
|rule|HP Percentage Mod: HP is shown in percentages
|rule|Endless Battle Clause: Forcing endless battles is banned
|clearpoke
|poke|p1|Calyrex-Shadow|
|poke|p1|Kyogre|
|poke|p1|Rayquaza|
|poke|p1|Arceus-*|
|poke|p1|Ditto|
|poke|p1|Arceus-*|
|poke|p2|Arceus-*|
|poke|p2|Groudon|
|poke|p2|Zacian-*|
|poke|p2|Rayquaza|
|poke|p2|Calyrex-Shadow|
|poke|p2|Yveltal|
|teampreview
|inactive|Battle timer is ON: inactive players will automatically lose when time's up. (requested by DarkboiJ)
|
|t:|1663832747
|start
|switch|p1a: Rayquaza|Rayquaza|100/100
|switch|p2a: Rayquaza|Rayquaza|100/100
|-ability|p1a: Rayquaza|Air Lock
|-ability|p2a: Rayquaza|Air Lock
|turn|1
|
|t:|1663832750
|detailschange|p1a: Rayquaza|Rayquaza-Mega
|-mega|p1a: Rayquaza|Rayquaza|
|-weather|DeltaStream|[from] ability: Delta Stream|[of] p1a: Rayquaza
|detailschange|p2a: Rayquaza|Rayquaza-Mega
|-mega|p2a: Rayquaza|Rayquaza|
|move|p1a: Rayquaza|Dragon Ascent|p2a: Rayquaza
|-damage|p2a: Rayquaza|25/100
|-unboost|p1a: Rayquaza|def|1
|-unboost|p1a: Rayquaza|spd|1
|move|p2a: Rayquaza|Dragon Ascent|p1a: Rayquaza
|-damage|p1a: Rayquaza|0 fnt
|-unboost|p2a: Rayquaza|def|1
|-unboost|p2a: Rayquaza|spd|1
|faint|p1a: Rayquaza
|
|-weather|DeltaStream|[upkeep]
|upkeep
|
|t:|1663832757
|switch|p1a: Calyrex|Calyrex-Shadow|100/100
|-ability|p1a: Calyrex|As One
|-ability|p1a: Calyrex|Unnerve
|turn|2
|
|t:|1663832760
|-weather|none
|switch|p2a: Arceus|Arceus|100/100
|move|p1a: Calyrex|Draining Kiss|p2a: Arceus
|-damage|p2a: Arceus|85/100
|
|upkeep
|turn|3
|
|t:|1663832765
|switch|p1a: Arceus|Arceus-Fairy|100/100
|move|p2a: Arceus|Swords Dance|p2a: Arceus
|-boost|p2a: Arceus|atk|2
|
|upkeep
|turn|4
|
|t:|1663832773
|move|p2a: Arceus|Extreme Speed|p1a: Arceus
|-damage|p1a: Arceus|39/100
|move|p1a: Arceus|Stealth Rock|p2a: Arceus
|-sidestart|p2: drmario69|move: Stealth Rock
|
|upkeep
|turn|5
|
|t:|1663832792
|move|p2a: Arceus|Extreme Speed|p1a: Arceus
|-damage|p1a: Arceus|0 fnt
|faint|p1a: Arceus
|
|upkeep
|
|t:|1663832797
|switch|p1a: Ditto|Ditto, shiny|100/100
|-transform|p1a: Ditto|p2a: Arceus|[from] ability: Imposter
|turn|6
|inactive|drmario69 has 120 seconds left.
|
|t:|1663832847
|switch|p2a: Calyrex|Calyrex-Shadow|100/100
|-ability|p2a: Calyrex|As One
|-ability|p2a: Calyrex|Unnerve
|-damage|p2a: Calyrex|88/100|[from] Stealth Rock
|-start|p1a: Ditto|Dynamax|
|-heal|p1a: Ditto|100/100|[silent]
|move|p1a: Ditto|Max Strike|p2a: Calyrex
|-immune|p2a: Calyrex
|
|-heal|p2a: Calyrex|94/100|[from] item: Leftovers
|upkeep
|turn|7
|
|t:|1663832876
|switch|p2a: Arceus|Arceus|85/100
|-damage|p2a: Arceus|73/100|[from] Stealth Rock
|move|p1a: Ditto|Max Phantasm|p2a: Arceus
|-immune|p2a: Arceus
|
|upkeep
|turn|8
|
|t:|1663832880
|move|p2a: Arceus|Defog|p1a: Ditto
|-unboost|p1a: Ditto|evasion|1
|-sideend|p2: drmario69|Stealth Rock|[from] move: Defog|[of] p2a: Arceus
|move|p1a: Ditto|Max Strike|p2a: Arceus
|-damage|p2a: Arceus|0 fnt
|faint|p2a: Arceus
|
|upkeep
|
|t:|1663832890
|switch|p2a: Rayquaza|Rayquaza-Mega|25/100
|-weather|DeltaStream|[from] ability: Delta Stream|[of] p2a: Rayquaza
|-end|p1a: Ditto|Dynamax
|-heal|p1a: Ditto|100/100|[silent]
|turn|9
|
|t:|1663832895
|move|p1a: Ditto|Shadow Claw|p2a: Rayquaza
|-crit|p2a: Rayquaza
|-damage|p2a: Rayquaza|0 fnt
|faint|p2a: Rayquaza
|-weather|none
|
|upkeep
|
|t:|1663832915
|switch|p2a: Yveltal|Yveltal|100/100
|-ability|p2a: Yveltal|Dark Aura
|turn|10
|
|t:|1663832926
|switch|p1a: Arceus|Arceus|100/100
|move|p2a: Yveltal|Dark Pulse|p1a: Arceus
|-damage|p1a: Arceus|46/100
|-damage|p2a: Yveltal|91/100|[from] item: Life Orb
|
|upkeep
|turn|11
|inactive|drmario69 has 120 seconds left.
|inactive|drmario69 has 90 seconds left.
|inactive|drmario69 has 60 seconds left.
|
|t:|1663832992
|move|p1a: Arceus|Extreme Speed|p2a: Yveltal
|-damage|p2a: Yveltal|49/100
|move|p2a: Yveltal|Dark Pulse|p1a: Arceus
|-damage|p1a: Arceus|0 fnt
|faint|p1a: Arceus
|-damage|p2a: Yveltal|39/100|[from] item: Life Orb
|
|upkeep
|
|t:|1663833004
|switch|p1a: Kyogre|Kyogre|100/100
|detailschange|p1a: Kyogre|Kyogre-Primal
|-primal|p1a: Kyogre
|-weather|PrimordialSea|[from] ability: Primordial Sea|[of] p1a: Kyogre
|turn|12
|
|t:|1663833008
|switch|p2a: Groudon|Groudon|100/100
|detailschange|p2a: Groudon|Groudon-Primal
|-primal|p2a: Groudon
|-weather|DesolateLand|[from] ability: Desolate Land|[of] p2a: Groudon
|move|p1a: Kyogre|Surf||[still]
|-fail|p1a: Kyogre|Surf|[from] Desolate Land
|
|-weather|DesolateLand|[upkeep]
|upkeep
|turn|13
|
|t:|1663833016
|switch|p1a: Ditto|Ditto, shiny|100/100
|-transform|p1a: Ditto|p2a: Groudon|[from] ability: Imposter
|move|p2a: Groudon|Thunder Wave|p1a: Ditto
|-immune|p1a: Ditto
|
|-weather|DesolateLand|[upkeep]
|upkeep
|turn|14
|inactive|drmario69 has 90 seconds left.
|
|t:|1663833026
|switch|p2a: Yveltal|Yveltal|39/100
|-ability|p2a: Yveltal|Dark Aura
|move|p1a: Ditto|Stealth Rock|p2a: Yveltal
|-sidestart|p2: drmario69|move: Stealth Rock
|
|-weather|DesolateLand|[upkeep]
|upkeep
|turn|15
|inactive|drmario69 has 90 seconds left.
|
|t:|1663833036
|-weather|none
|switch|p1a: Kyogre|Kyogre-Primal|100/100
|-weather|PrimordialSea|[from] ability: Primordial Sea|[of] p1a: Kyogre
|move|p2a: Yveltal|Oblivion Wing|p1a: Kyogre
|-damage|p1a: Kyogre|65/100
|-heal|p2a: Yveltal|66/100|[from] drain|[of] p1a: Kyogre
|-damage|p2a: Yveltal|56/100|[from] item: Life Orb
|
|-weather|PrimordialSea|[upkeep]
|upkeep
|turn|16
|
|t:|1663833044
|move|p2a: Yveltal|Sucker Punch|p1a: Kyogre
|-crit|p1a: Kyogre
|-damage|p1a: Kyogre|16/100
|-damage|p2a: Yveltal|46/100|[from] item: Life Orb
|move|p1a: Kyogre|Surf|p2a: Yveltal
|-damage|p2a: Yveltal|0 fnt
|faint|p2a: Yveltal
|
|-weather|PrimordialSea|[upkeep]
|upkeep
|
|t:|1663833050
|switch|p2a: Zacian|Zacian-Crowned|100/100
|-damage|p2a: Zacian|94/100|[from] Stealth Rock
|-ability|p2a: Zacian|Intrepid Sword|boost
|-boost|p2a: Zacian|atk|1
|turn|17
|
|t:|1663833052
|move|p2a: Zacian|Behemoth Blade|p1a: Kyogre
|-resisted|p1a: Kyogre
|-damage|p1a: Kyogre|0 fnt
|faint|p1a: Kyogre
|-weather|none
|
|upkeep
|
|t:|1663833059
|switch|p1a: Ditto|Ditto, shiny|100/100
|-transform|p1a: Ditto|p2a: Zacian|[from] ability: Imposter
|-ability|p1a: Ditto|Intrepid Sword|boost
|-boost|p1a: Ditto|atk|1
|turn|18
|inactive|drmario69 has 120 seconds left.
|
|t:|1663833066
|switch|p2a: Groudon|Groudon-Primal|100/100
|-damage|p2a: Groudon|88/100|[from] Stealth Rock
|-weather|DesolateLand|[from] ability: Desolate Land|[of] p2a: Groudon
|move|p1a: Ditto|Behemoth Blade|p2a: Groudon
|-resisted|p2a: Groudon
|-damage|p2a: Groudon|61/100
|
|-weather|DesolateLand|[upkeep]
|upkeep
|turn|19
|
|t:|1663833068
|move|p1a: Ditto|Behemoth Blade|p2a: Groudon
|-resisted|p2a: Groudon
|-damage|p2a: Groudon|32/100
|move|p2a: Groudon|Thunder Wave|p1a: Ditto
|-status|p1a: Ditto|par
|
|-weather|DesolateLand|[upkeep]
|upkeep
|turn|20
|
|t:|1663833074
|move|p1a: Ditto|Behemoth Blade|p2a: Groudon
|-resisted|p2a: Groudon
|-damage|p2a: Groudon|5/100
|move|p2a: Groudon|Stealth Rock|p1a: Ditto
|-sidestart|p1: DarkboiJ|move: Stealth Rock
|
|-weather|DesolateLand|[upkeep]
|upkeep
|turn|21
|
|t:|1663833084
|switch|p1a: Calyrex|Calyrex-Shadow|100/100
|-ability|p1a: Calyrex|As One
|-ability|p1a: Calyrex|Unnerve
|-damage|p1a: Calyrex|88/100|[from] Stealth Rock
|move|p2a: Groudon|Thunder Wave|p1a: Calyrex
|-status|p1a: Calyrex|par
|
|-weather|DesolateLand|[upkeep]
|upkeep
|turn|22
|c|☆drmario69|gg
|
|t:|1663833090
|move|p1a: Calyrex|Astral Barrage|p2a: Groudon
|-damage|p2a: Groudon|0 fnt
|faint|p2a: Groudon
|-weather|none
|-ability|p1a: Calyrex|Grim Neigh|boost
|-boost|p1a: Calyrex|spa|1
|
|upkeep
|c|☆DarkboiJ|Nice wp
|c|☆drmario69|thx thx
|
|t:|1663833098
|switch|p2a: Calyrex|Calyrex-Shadow|94/100
|-ability|p2a: Calyrex|As One
|-ability|p2a: Calyrex|Unnerve
|-damage|p2a: Calyrex|82/100|[from] Stealth Rock
|turn|23
|
|t:|1663833101
|move|p2a: Calyrex|Astral Barrage|p1a: Calyrex
|-supereffective|p1a: Calyrex
|-damage|p1a: Calyrex|0 fnt
|faint|p1a: Calyrex
|-ability|p2a: Calyrex|Grim Neigh|boost
|-boost|p2a: Calyrex|spa|1
|
|-heal|p2a: Calyrex|88/100|[from] item: Leftovers
|upkeep
|
|t:|1663833104
|switch|p1a: Ditto|Ditto, shiny|100/100 par
|-damage|p1a: Ditto|88/100 par|[from] Stealth Rock
|-transform|p1a: Ditto|p2a: Calyrex|[from] ability: Imposter
|turn|24
|
|t:|1663833106
|move|p2a: Calyrex|Astral Barrage|p1a: Ditto
|-supereffective|p1a: Ditto
|-damage|p1a: Ditto|0 fnt
|faint|p1a: Ditto
|
|win|drmario69
|raw|DarkboiJ's rating: 1795 &rarr; <strong>1782</strong><br />(-13 for losing)
|raw|drmario69's rating: 1931 &rarr; <strong>1944</strong><br />(+13 for winning)
|l|☆DarkboiJ
