|j|☆hjksgdf
|j|☆ImAbroom
|inactive|Battle timer is ON: inactive players will automatically lose when time's up.
|t:|1651259228
|gametype|singles
|player|p1|hjksgdf|101|
|player|p2|ImAbroom|red|
|teamsize|p1|6
|teamsize|p2|6
|gen|8
|tier|[Gen 8] National Dex AG
|rated|Tournament battle
|rule|HP Percentage Mod: HP is shown in percentages
|rule|Endless Battle Clause: Forcing endless battles is banned
|clearpoke
|poke|p1|Arceus-*|
|poke|p1|Necrozma-Dusk-Mane|
|poke|p1|Yveltal|
|poke|p1|Rayquaza|
|poke|p1|Arceus-*|
|poke|p1|Tangrowth, M|
|poke|p2|Rayquaza|
|poke|p2|Xerneas-*|
|poke|p2|Zacian-*|
|poke|p2|Zygarde|
|poke|p2|Groudon|
|poke|p2|Ho-Oh|
|teampreview
|inactive|hjksgdf also wants the timer to be on.
|c|☆hjksgdf|hf hf
|
|t:|1651259239
|start
|switch|p1a: Arceus|Arceus-Fairy|100/100
|switch|p2a: Upper Moon 3|Zacian-Crowned|100/100
|-ability|p2a: Upper Moon 3|Intrepid Sword|boost
|-boost|p2a: Upper Moon 3|atk|1
|turn|1
|
|t:|1651259244
|switch|p1a: Necrozma|Necrozma-Dusk-Mane|100/100
|move|p2a: Upper Moon 3|Crunch|p1a: Necrozma
|-supereffective|p1a: Necrozma
|-damage|p1a: Necrozma|62/100
|-damage|p2a: Upper Moon 3|84/100|[from] item: Rocky Helmet|[of] p1a: Necrozma
|
|upkeep
|turn|2
|
|t:|1651259248
|move|p2a: Upper Moon 3|Crunch|p1a: Necrozma
|-supereffective|p1a: Necrozma
|-damage|p1a: Necrozma|24/100
|-unboost|p1a: Necrozma|def|1
|-damage|p2a: Upper Moon 3|67/100|[from] item: Rocky Helmet|[of] p1a: Necrozma
|move|p1a: Necrozma|Morning Sun|p1a: Necrozma
|-heal|p1a: Necrozma|74/100
|
|upkeep
|turn|3
|
|t:|1651259253
|switch|p1a: Tangrowth|Tangrowth, M|100/100
|move|p2a: Upper Moon 3|Behemoth Blade|p1a: Tangrowth
|-damage|p1a: Tangrowth|29/100
|
|upkeep
|turn|4
|
|t:|1651259265
|switch|p1a: Necrozma|Necrozma-Dusk-Mane|74/100
|move|p2a: Upper Moon 3|Crunch|p1a: Necrozma
|-supereffective|p1a: Necrozma
|-damage|p1a: Necrozma|31/100
|-unboost|p1a: Necrozma|def|1
|-damage|p2a: Upper Moon 3|51/100|[from] item: Rocky Helmet|[of] p1a: Necrozma
|
|upkeep
|turn|5
|
|t:|1651259277
|move|p2a: Upper Moon 3|Crunch|p1a: Necrozma
|-supereffective|p1a: Necrozma
|-damage|p1a: Necrozma|0 fnt
|-damage|p2a: Upper Moon 3|34/100|[from] item: Rocky Helmet|[of] p1a: Necrozma
|faint|p1a: Necrozma
|
|upkeep
|
|t:|1651259279
|switch|p1a: Rayquaza|Rayquaza|100/100
|-ability|p1a: Rayquaza|Air Lock
|turn|6
|
|t:|1651259286
|switch|p2a: Upper Moon 4|Zygarde|100/100
|detailschange|p1a: Rayquaza|Rayquaza-Mega
|-mega|p1a: Rayquaza|Rayquaza|
|-weather|DeltaStream|[from] ability: Delta Stream|[of] p1a: Rayquaza
|move|p1a: Rayquaza|Extreme Speed|p2a: Upper Moon 4
|-damage|p2a: Upper Moon 4|71/100
|
|-weather|DeltaStream|[upkeep]
|-heal|p2a: Upper Moon 4|78/100|[from] item: Leftovers
|upkeep
|turn|7
|
|t:|1651259291
|-weather|none
|switch|p1a: Tangrowth|Tangrowth, M|62/100
|move|p2a: Upper Moon 4|Glare|p1a: Tangrowth
|-status|p1a: Tangrowth|par
|
|-heal|p2a: Upper Moon 4|84/100|[from] item: Leftovers
|upkeep
|turn|8
|
|t:|1651259298
|switch|p2a: Upper Moon 5|Groudon|100/100
|detailschange|p2a: Upper Moon 5|Groudon-Primal
|-primal|p2a: Upper Moon 5
|-weather|DesolateLand|[from] ability: Desolate Land|[of] p2a: Upper Moon 5
|move|p1a: Tangrowth|Knock Off|p2a: Upper Moon 5
|-damage|p2a: Upper Moon 5|90/100
|
|-weather|DesolateLand|[upkeep]
|upkeep
|turn|9
|
|t:|1651259304
|switch|p1a: Arceus|Arceus-Fairy|100/100
|move|p2a: Upper Moon 5|Stealth Rock|p1a: Arceus
|-sidestart|p1: hjksgdf|move: Stealth Rock
|
|-weather|DesolateLand|[upkeep]
|upkeep
|turn|10
|
|t:|1651259306
|-weather|none
|switch|p2a: Upper Moon 3|Zacian-Crowned|34/100
|-ability|p2a: Upper Moon 3|Intrepid Sword|boost
|-boost|p2a: Upper Moon 3|atk|1
|move|p1a: Arceus|Toxic|p2a: Upper Moon 3
|-immune|p2a: Upper Moon 3
|
|upkeep
|turn|11
|
|t:|1651259312
|switch|p1a: Arceus|Arceus-Water|100/100
|-damage|p1a: Arceus|88/100|[from] Stealth Rock
|move|p2a: Upper Moon 3|Behemoth Blade|p1a: Arceus
|-resisted|p1a: Arceus
|-damage|p1a: Arceus|63/100
|
|upkeep
|turn|12
|
|t:|1651259323
|switch|p2a: Upper Moon 5|Groudon-Primal|90/100
|-weather|DesolateLand|[from] ability: Desolate Land|[of] p2a: Upper Moon 5
|move|p1a: Arceus|Recover|p1a: Arceus
|-heal|p1a: Arceus|100/100
|
|-weather|DesolateLand|[upkeep]
|upkeep
|turn|13
|
|t:|1651259329
|switch|p1a: Yveltal|Yveltal|100/100
|-ability|p1a: Yveltal|Dark Aura
|move|p2a: Upper Moon 5|Fire Punch|p1a: Yveltal
|-damage|p1a: Yveltal|42/100
|
|-weather|DesolateLand|[upkeep]
|upkeep
|turn|14
|c|☆hjksgdf|gg
|c|☆hjksgdf|ain't even going to btoher
|-message|hjksgdf forfeited.
|
|win|ImAbroom
|n|☆hjksgdf|hjksgdf
|n|☆ImAbroom|imabroom
|l|☆hjksgdf
|l|☆ImAbroom
|j|☆hjksgdf
|player|p1|hjksgdf|101
|l|☆hjksgdf
|player|p1|
|j| zacians brother
