|j|☆orkan1123
|j|☆Buck is stallish
|t:|1660982712
|gametype|singles
|player|p1|orkan1123|101|1593
|player|p2|Buck is stallish|ethan-masters|1912
|teamsize|p1|6
|teamsize|p2|6
|gen|8
|tier|[Gen 8] National Dex AG
|rated|
|rule|HP Percentage Mod: HP is shown in percentages
|rule|Endless Battle Clause: Forcing endless battles is banned
|clearpoke
|poke|p1|Groudon|
|poke|p1|Ho-Oh|
|poke|p1|Ditto|
|poke|p1|Kyogre|
|poke|p1|Marshadow|
|poke|p1|Yveltal|
|poke|p2|Kyogre|
|poke|p2|Chansey, F|
|poke|p2|Sableye, F|
|poke|p2|Lugia|
|poke|p2|Yveltal|
|poke|p2|Arceus-*|
|teampreview
|inactive|Battle timer is ON: inactive players will automatically lose when time's up. (requested by Buck is stallish)
|
|t:|1660982716
|start
|switch|p1a: Groudon|Groudon|100/100
|switch|p2a: Pretty gem|Sableye, F|100/100
|detailschange|p1a: Groudon|Groudon-Primal
|-primal|p1a: Groudon
|-weather|DesolateLand|[from] ability: Desolate Land|[of] p1a: Groudon
|turn|1
|
|t:|1660982722
|detailschange|p2a: Pretty gem|Sableye-Mega, F
|-mega|p2a: Pretty gem|Sableye|Sablenite
|move|p2a: Pretty gem|Protect|p2a: Pretty gem
|-singleturn|p2a: Pretty gem|Protect
|move|p1a: Groudon|Fire Punch|p2a: Pretty gem
|-activate|p2a: Pretty gem|move: Protect
|
|-weather|DesolateLand|[upkeep]
|upkeep
|turn|2
|
|t:|1660982729
|switch|p2a: Fearless priest|Arceus-Ground|100/100
|move|p1a: Groudon|Precipice Blades|p2a: Fearless priest
|-damage|p2a: Fearless priest|59/100
|
|-weather|DesolateLand|[upkeep]
|upkeep
|turn|3
|
|t:|1660982736
|-weather|none
|switch|p1a: Kyogre|Kyogre|100/100
|detailschange|p1a: Kyogre|Kyogre-Primal
|-primal|p1a: Kyogre
|-weather|PrimordialSea|[from] ability: Primordial Sea|[of] p1a: Kyogre
|move|p2a: Fearless priest|Recover|p2a: Fearless priest
|-heal|p2a: Fearless priest|100/100
|
|-weather|PrimordialSea|[upkeep]
|upkeep
|turn|4
|
|t:|1660982745
|switch|p2a: Tough pink lady|Chansey, F|100/100
|move|p1a: Kyogre|Origin Pulse|p2a: Tough pink lady
|-damage|p2a: Tough pink lady|70/100
|
|-weather|PrimordialSea|[upkeep]
|upkeep
|turn|5
|
|t:|1660982750
|-weather|none
|switch|p1a: Groudon|Groudon-Primal|100/100
|-weather|DesolateLand|[from] ability: Desolate Land|[of] p1a: Groudon
|move|p2a: Tough pink lady|Soft-Boiled|p2a: Tough pink lady
|-heal|p2a: Tough pink lady|100/100
|
|-weather|DesolateLand|[upkeep]
|upkeep
|turn|6
|
|t:|1660982758
|switch|p2a: Fearless priest|Arceus-Ground|100/100
|move|p1a: Groudon|Thunder Wave|p2a: Fearless priest
|-immune|p2a: Fearless priest
|
|-weather|DesolateLand|[upkeep]
|upkeep
|turn|7
|
|t:|1660982764
|-weather|none
|switch|p1a: Ho-Oh|Ho-Oh, shiny|100/100
|move|p2a: Fearless priest|Stealth Rock|p1a: Ho-Oh
|-sidestart|p1: orkan1123|move: Stealth Rock
|
|upkeep
|turn|8
|
|t:|1660982773
|switch|p2a: White phoenix|Lugia|100/100
|move|p1a: Ho-Oh|Defog|p2a: White phoenix
|-unboost|p2a: White phoenix|evasion|1
|-sideend|p1: orkan1123|Stealth Rock|[from] move: Defog|[of] p1a: Ho-Oh
|
|upkeep
|turn|9
|
|t:|1660982776
|move|p2a: White phoenix|Toxic|p1a: Ho-Oh
|-status|p1a: Ho-Oh|tox
|move|p1a: Ho-Oh|Sacred Fire|p2a: White phoenix
|-damage|p2a: White phoenix|90/100
|
|-heal|p2a: White phoenix|97/100|[from] item: Leftovers
|-damage|p1a: Ho-Oh|94/100 tox|[from] psn
|upkeep
|turn|10
|
|t:|1660982785
|switch|p2a: Eternal storm|Kyogre|100/100
|-weather|RainDance|[from] ability: Drizzle|[of] p2a: Eternal storm
|switch|p1a: Yveltal|Yveltal, shiny|100/100
|-ability|p1a: Yveltal|Dark Aura
|
|-weather|RainDance|[upkeep]
|upkeep
|turn|11
|
|t:|1660982792
|switch|p1a: Groudon|Groudon-Primal|100/100
|-weather|DesolateLand|[from] ability: Desolate Land|[of] p1a: Groudon
|move|p2a: Eternal storm|Calm Mind|p2a: Eternal storm
|-boost|p2a: Eternal storm|spa|1
|-boost|p2a: Eternal storm|spd|1
|
|-weather|DesolateLand|[upkeep]
|upkeep
|turn|12
|
|t:|1660982798
|switch|p2a: Fearless priest|Arceus-Ground|100/100
|move|p1a: Groudon|Thunder Wave|p2a: Fearless priest
|-immune|p2a: Fearless priest
|
|-weather|DesolateLand|[upkeep]
|upkeep
|turn|13
|
|t:|1660982803
|-weather|none
|switch|p1a: Kyogre|Kyogre-Primal|100/100
|-weather|PrimordialSea|[from] ability: Primordial Sea|[of] p1a: Kyogre
|move|p2a: Fearless priest|Stealth Rock|p1a: Kyogre
|-sidestart|p1: orkan1123|move: Stealth Rock
|
|-weather|PrimordialSea|[upkeep]
|upkeep
|turn|14
|
|t:|1660982813
|switch|p2a: Tough pink lady|Chansey, F|100/100
|move|p1a: Kyogre|Origin Pulse|p2a: Tough pink lady
|-damage|p2a: Tough pink lady|69/100
|
|-weather|PrimordialSea|[upkeep]
|upkeep
|turn|15
|
|t:|1660982816
|-weather|none
|switch|p1a: Ditto|Ditto, shiny|100/100
|-damage|p1a: Ditto|88/100|[from] Stealth Rock
|-transform|p1a: Ditto|p2a: Tough pink lady|[from] ability: Imposter
|move|p2a: Tough pink lady|Soft-Boiled|p2a: Tough pink lady
|-heal|p2a: Tough pink lady|100/100
|
|upkeep
|turn|16
|
|t:|1660982824
|switch|p1a: Ho-Oh|Ho-Oh, shiny|100/100 tox
|switch|p2a: Raven of death|Yveltal, shiny|100/100
|-ability|p2a: Raven of death|Dark Aura
|
|-damage|p1a: Ho-Oh|94/100 tox|[from] psn
|upkeep
|turn|17
|
|t:|1660982827
|move|p2a: Raven of death|Knock Off|p1a: Ho-Oh
|-damage|p1a: Ho-Oh|50/100 tox
|-enditem|p1a: Ho-Oh|Heavy-Duty Boots|[from] move: Knock Off|[of] p2a: Raven of death
|move|p1a: Ho-Oh|Defog|p2a: Raven of death
|-unboost|p2a: Raven of death|evasion|1
|-sideend|p1: orkan1123|Stealth Rock|[from] move: Defog|[of] p1a: Ho-Oh
|
|-damage|p1a: Ho-Oh|37/100 tox|[from] psn
|upkeep
|turn|18
|
|t:|1660982839
|switch|p2a: Fearless priest|Arceus-Ground|100/100
|switch|p1a: Groudon|Groudon-Primal|100/100
|-weather|DesolateLand|[from] ability: Desolate Land|[of] p1a: Groudon
|
|-weather|DesolateLand|[upkeep]
|upkeep
|turn|19
|
|t:|1660982843
|-weather|none
|switch|p1a: Kyogre|Kyogre-Primal|100/100
|-weather|PrimordialSea|[from] ability: Primordial Sea|[of] p1a: Kyogre
|move|p2a: Fearless priest|Stealth Rock|p1a: Kyogre
|-sidestart|p1: orkan1123|move: Stealth Rock
|
|-weather|PrimordialSea|[upkeep]
|upkeep
|turn|20
|-message|orkan1123 forfeited.
|
|win|Buck is stallish
|raw|orkan1123's rating: 1593 &rarr; <strong>1588</strong><br />(-5 for losing)
|raw|Buck is stallish's rating: 1926 &rarr; <strong>1931</strong><br />(+5 for winning)
|l|☆orkan1123
