|j|☆thicsucttv
|j|☆Whitedevil12345678
|t:|1664705326
|gametype|singles
|player|p1|thicsucttv|266|1727
|player|p2|Whitedevil12345678|blue-gen3two|2021
|teamsize|p1|6
|teamsize|p2|6
|gen|8
|tier|[Gen 8] National Dex AG
|rated|
|rule|HP Percentage Mod: HP is shown in percentages
|rule|Endless Battle Clause: Forcing endless battles is banned
|clearpoke
|poke|p1|Tyranitar, M|
|poke|p1|Marshadow|
|poke|p1|Yveltal|
|poke|p1|Necrozma-Dusk-Mane|
|poke|p1|Ditto|
|poke|p1|Lucario, F|
|poke|p2|Arceus-*|
|poke|p2|Ditto|
|poke|p2|Necrozma-Dusk-Mane|
|poke|p2|Kartana|
|poke|p2|Zygarde|
|poke|p2|Arceus-*|
|teampreview
|inactive|Battle timer is ON: inactive players will automatically lose when time's up. (requested by Whitedevil12345678)
|
|t:|1664705345
|start
|switch|p1a: Lucario|Lucario, F|100/100
|switch|p2a: Zygarde|Zygarde, shiny|100/100
|turn|1
|
|t:|1664705353
|detailschange|p1a: Lucario|Lucario-Mega, F
|-mega|p1a: Lucario|Lucario|Lucarionite
|move|p1a: Lucario|Close Combat|p2a: Zygarde
|-damage|p2a: Zygarde|54/100
|-unboost|p1a: Lucario|def|1
|-unboost|p1a: Lucario|spd|1
|move|p2a: Zygarde|Glare|p1a: Lucario
|-status|p1a: Lucario|par
|
|-heal|p2a: Zygarde|60/100|[from] item: Leftovers
|upkeep
|turn|2
|
|t:|1664705365
|move|p2a: Zygarde|Thousand Arrows|p1a: Lucario
|-supereffective|p1a: Lucario
|-damage|p1a: Lucario|0 fnt
|faint|p1a: Lucario
|
|-heal|p2a: Zygarde|67/100|[from] item: Leftovers
|upkeep
|
|t:|1664705373
|switch|p1a: Marshadow|Marshadow|100/100
|turn|3
|
|t:|1664705377
|switch|p2a: Arceus|Arceus-Fairy|100/100
|-start|p1a: Marshadow|Dynamax|
|-heal|p1a: Marshadow|100/100|[silent]
|move|p1a: Marshadow|Max Hailstorm|p2a: Arceus
|-damage|p2a: Arceus|61/100
|-weather|Hail
|-damage|p1a: Marshadow|96/100|[from] item: Life Orb
|
|-weather|Hail|[upkeep]
|-damage|p1a: Marshadow|92/100|[from] Hail
|-damage|p2a: Arceus|55/100|[from] Hail
|upkeep
|turn|4
|
|t:|1664705394
|switch|p2a: Arceus|Arceus|100/100
|move|p1a: Marshadow|Max Phantasm|p2a: Arceus
|-immune|p2a: Arceus
|
|-weather|Hail|[upkeep]
|-damage|p1a: Marshadow|89/100|[from] Hail
|-damage|p2a: Arceus|94/100|[from] Hail
|upkeep
|turn|5
|
|t:|1664705404
|switch|p2a: Ditto|Ditto, shiny|100/100
|-transform|p2a: Ditto|p1a: Marshadow|[from] ability: Imposter
|move|p1a: Marshadow|Max Knuckle|p2a: Ditto
|-immune|p2a: Ditto
|
|-weather|Hail|[upkeep]
|-damage|p2a: Ditto|94/100|[from] Hail
|-damage|p1a: Marshadow|86/100|[from] Hail
|upkeep
|-end|p1a: Marshadow|Dynamax
|-heal|p1a: Marshadow|86/100|[silent]
|turn|6
|
|t:|1664705419
|switch|p1a: Tyranitar|Tyranitar, M|100/100
|-weather|Sandstorm|[from] ability: Sand Stream|[of] p1a: Tyranitar
|move|p2a: Ditto|Spectral Thief|p1a: Tyranitar
|-resisted|p1a: Tyranitar
|-damage|p1a: Tyranitar|82/100
|
|-weather|Sandstorm|[upkeep]
|-damage|p2a: Ditto|88/100|[from] Sandstorm
|-heal|p1a: Tyranitar|88/100|[from] item: Leftovers
|upkeep
|turn|7
|
|t:|1664705435
|switch|p2a: Arceus|Arceus-Fairy|55/100
|move|p1a: Tyranitar|Thunder Wave|p2a: Arceus
|-status|p2a: Arceus|par
|
|-weather|Sandstorm|[upkeep]
|-damage|p2a: Arceus|49/100 par|[from] Sandstorm
|-heal|p1a: Tyranitar|95/100|[from] item: Leftovers
|upkeep
|turn|8
|
|t:|1664705445
|move|p1a: Tyranitar|Stone Edge|p2a: Arceus
|-damage|p2a: Arceus|19/100 par
|cant|p2a: Arceus|par
|
|-weather|Sandstorm|[upkeep]
|-damage|p2a: Arceus|13/100 par|[from] Sandstorm
|-heal|p1a: Tyranitar|100/100|[from] item: Leftovers
|upkeep
|turn|9
|
|t:|1664705454
|move|p1a: Tyranitar|Stone Edge|p2a: Arceus
|-damage|p2a: Arceus|0 fnt
|faint|p2a: Arceus
|
|-weather|Sandstorm|[upkeep]
|upkeep
|
|t:|1664705468
|switch|p2a: Zygarde|Zygarde, shiny|67/100
|turn|10
|
|t:|1664705472
|move|p2a: Zygarde|Glare|p1a: Tyranitar
|-status|p1a: Tyranitar|par
|cant|p1a: Tyranitar|par
|
|-weather|none
|-heal|p2a: Zygarde|73/100|[from] item: Leftovers
|upkeep
|turn|11
|
|t:|1664705480
|move|p2a: Zygarde|Thousand Arrows|p1a: Tyranitar
|-supereffective|p1a: Tyranitar
|-damage|p1a: Tyranitar|54/100 par
|move|p1a: Tyranitar|Stone Edge|p2a: Zygarde
|-resisted|p2a: Zygarde
|-damage|p2a: Zygarde|60/100
|
|-heal|p2a: Zygarde|67/100|[from] item: Leftovers
|-heal|p1a: Tyranitar|60/100 par|[from] item: Leftovers
|upkeep
|turn|12
|
|t:|1664705491
|move|p2a: Zygarde|Thousand Arrows|p1a: Tyranitar
|-supereffective|p1a: Tyranitar
|-damage|p1a: Tyranitar|15/100 par
|move|p1a: Tyranitar|Stone Edge|p2a: Zygarde
|-resisted|p2a: Zygarde
|-crit|p2a: Zygarde
|-damage|p2a: Zygarde|48/100
|
|-heal|p2a: Zygarde|55/100|[from] item: Leftovers
|-heal|p1a: Tyranitar|21/100 par|[from] item: Leftovers
|upkeep
|turn|13
|
|t:|1664705505
|move|p2a: Zygarde|Glare|p1a: Tyranitar
|-fail|p1a: Tyranitar|par
|move|p1a: Tyranitar|Stealth Rock|p2a: Zygarde
|-sidestart|p2: Whitedevil12345678|move: Stealth Rock
|
|-heal|p2a: Zygarde|61/100|[from] item: Leftovers
|-heal|p1a: Tyranitar|27/100 par|[from] item: Leftovers
|upkeep
|turn|14
|
|t:|1664705516
|move|p2a: Zygarde|Glare|p1a: Tyranitar
|-fail|p1a: Tyranitar|par
|cant|p1a: Tyranitar|par
|
|-heal|p2a: Zygarde|67/100|[from] item: Leftovers
|-heal|p1a: Tyranitar|34/100 par|[from] item: Leftovers
|upkeep
|turn|15
|j| FAKE_Angle
|
|t:|1664705527
|move|p2a: Zygarde|Glare|p1a: Tyranitar
|-fail|p1a: Tyranitar|par
|move|p1a: Tyranitar|Stone Edge|p2a: Zygarde
|-resisted|p2a: Zygarde
|-crit|p2a: Zygarde
|-damage|p2a: Zygarde|50/100
|
|-heal|p2a: Zygarde|57/100|[from] item: Leftovers
|-heal|p1a: Tyranitar|40/100 par|[from] item: Leftovers
|upkeep
|turn|16
|
|t:|1664705542
|move|p2a: Zygarde|Glare|p1a: Tyranitar
|-fail|p1a: Tyranitar|par
|cant|p1a: Tyranitar|par
|
|-heal|p2a: Zygarde|63/100|[from] item: Leftovers
|-heal|p1a: Tyranitar|46/100 par|[from] item: Leftovers
|upkeep
|turn|17
|
|t:|1664705554
|move|p2a: Zygarde|Thousand Arrows|p1a: Tyranitar
|-supereffective|p1a: Tyranitar
|-damage|p1a: Tyranitar|0 fnt
|faint|p1a: Tyranitar
|
|-heal|p2a: Zygarde|69/100|[from] item: Leftovers
|upkeep
|
|t:|1664705562
|switch|p1a: Marshadow|Marshadow|86/100
|turn|18
|
|t:|1664705567
|switch|p2a: Necrozma|Necrozma-Dusk-Mane|100/100
|-damage|p2a: Necrozma|94/100|[from] Stealth Rock
|move|p1a: Marshadow|Ice Punch|p2a: Necrozma
|-resisted|p2a: Necrozma
|-damage|p2a: Necrozma|82/100
|-damage|p1a: Marshadow|76/100|[from] item: Life Orb
|
|upkeep
|turn|19
|
|t:|1664705579
|move|p1a: Marshadow|Spectral Thief|p2a: Necrozma
|-supereffective|p2a: Necrozma
|-damage|p2a: Necrozma|15/100
|-damage|p1a: Marshadow|66/100|[from] item: Life Orb
|move|p2a: Necrozma|Sunsteel Strike|p1a: Marshadow
|-damage|p1a: Marshadow|0 fnt
|faint|p1a: Marshadow
|
|upkeep
|
|t:|1664705602
|switch|p1a: Yveltal|Yveltal|100/100
|-ability|p1a: Yveltal|Dark Aura
|turn|20
|
|t:|1664705609
|move|p1a: Yveltal|Knock Off|p2a: Necrozma
|-supereffective|p2a: Necrozma
|-damage|p2a: Necrozma|0 fnt
|-enditem|p2a: Necrozma|Assault Vest|[from] move: Knock Off|[of] p1a: Yveltal
|faint|p2a: Necrozma
|-damage|p1a: Yveltal|91/100|[from] item: Life Orb
|
|upkeep
|
|t:|1664705615
|switch|p2a: Zygarde|Zygarde, shiny|69/100
|-damage|p2a: Zygarde|63/100|[from] Stealth Rock
|turn|21
|
|t:|1664705619
|move|p1a: Yveltal|Knock Off|p2a: Zygarde
|-damage|p2a: Zygarde|11/100
|-enditem|p2a: Zygarde|Leftovers|[from] move: Knock Off|[of] p1a: Yveltal
|-damage|p1a: Yveltal|81/100|[from] item: Life Orb
|move|p2a: Zygarde|Glare|p1a: Yveltal
|-status|p1a: Yveltal|par
|
|-activate|p2a: Zygarde|ability: Power Construct
|detailschange|p2a: Zygarde|Zygarde-Complete, shiny
|-heal|p2a: Zygarde|41/100|[silent]
|upkeep
|turn|22
|
|t:|1664705632
|move|p1a: Yveltal|Sucker Punch|p2a: Zygarde
|-damage|p2a: Zygarde|17/100
|-damage|p1a: Yveltal|71/100 par|[from] item: Life Orb
|move|p2a: Zygarde|Thousand Arrows|p1a: Yveltal
|-damage|p1a: Yveltal|42/100 par
|-start|p1a: Yveltal|Smack Down
|
|upkeep
|turn|23
|
|t:|1664705640
|move|p2a: Zygarde|Rest|p2a: Zygarde
|-status|p2a: Zygarde|slp|[from] move: Rest
|-heal|p2a: Zygarde|100/100 slp|[silent]
|move|p1a: Yveltal|Knock Off|p2a: Zygarde
|-damage|p2a: Zygarde|78/100 slp
|-damage|p1a: Yveltal|32/100 par|[from] item: Life Orb
|
|upkeep
|turn|24
|
|t:|1664705649
|cant|p2a: Zygarde|slp
|move|p1a: Yveltal|Knock Off|p2a: Zygarde
|-damage|p2a: Zygarde|55/100 slp
|-damage|p1a: Yveltal|22/100 par|[from] item: Life Orb
|
|upkeep
|turn|25
|
|t:|1664705655
|cant|p2a: Zygarde|slp
|move|p1a: Yveltal|Knock Off|p2a: Zygarde
|-damage|p2a: Zygarde|34/100 slp
|-damage|p1a: Yveltal|12/100 par|[from] item: Life Orb
|
|upkeep
|turn|26
|
|t:|1664705664
|cant|p1a: Yveltal|par
|-curestatus|p2a: Zygarde|slp|[msg]
|move|p2a: Zygarde|Rest|p2a: Zygarde
|-status|p2a: Zygarde|slp|[from] move: Rest
|-heal|p2a: Zygarde|100/100 slp|[silent]
|
|upkeep
|turn|27
|
|t:|1664705672
|cant|p2a: Zygarde|slp
|cant|p1a: Yveltal|par
|
|upkeep
|turn|28
|
|t:|1664705677
|cant|p2a: Zygarde|slp
|move|p1a: Yveltal|Knock Off|p2a: Zygarde
|-damage|p2a: Zygarde|77/100 slp
|-damage|p1a: Yveltal|2/100 par|[from] item: Life Orb
|
|upkeep
|turn|29
|
|t:|1664705684
|-curestatus|p2a: Zygarde|slp|[msg]
|move|p2a: Zygarde|Thousand Arrows|p1a: Yveltal
|-damage|p1a: Yveltal|0 fnt
|faint|p1a: Yveltal
|
|upkeep
|
|t:|1664705691
|switch|p1a: Necrozma|Necrozma-Dusk-Mane|100/100
|turn|30
|l| FAKE_Angle
|
|t:|1664705696
|detailschange|p1a: Necrozma|Necrozma-Ultra
|-burst|p1a: Necrozma|Necrozma|Ultranecrozium Z
|move|p1a: Necrozma|Dragon Dance|p1a: Necrozma
|-boost|p1a: Necrozma|atk|1
|-boost|p1a: Necrozma|spe|1
|move|p2a: Zygarde|Glare|p1a: Necrozma
|-status|p1a: Necrozma|par
|
|upkeep
|turn|31
|
|t:|1664705705
|cant|p1a: Necrozma|par
|move|p2a: Zygarde|Haze|p2a: Zygarde
|-clearallboost
|
|upkeep
|turn|32
|c|☆Whitedevil12345678|Easy af
|
|t:|1664705715
|move|p2a: Zygarde|Thousand Arrows|p1a: Necrozma
|-damage|p1a: Necrozma|68/100 par
|cant|p1a: Necrozma|par
|
|upkeep
|turn|33
|
|t:|1664705721
|move|p2a: Zygarde|Thousand Arrows|p1a: Necrozma
|-damage|p1a: Necrozma|37/100 par
|move|p1a: Necrozma|Dragon Dance|p1a: Necrozma
|-boost|p1a: Necrozma|atk|1
|-boost|p1a: Necrozma|spe|1
|
|upkeep
|turn|34
|
|t:|1664705729
|-zpower|p1a: Necrozma
|move|p1a: Necrozma|Light That Burns the Sky|p2a: Zygarde|[zeffect]
|-damage|p2a: Zygarde|14/100
|move|p2a: Zygarde|Thousand Arrows|p1a: Necrozma
|-damage|p1a: Necrozma|8/100 par
|
|upkeep
|turn|35
|
|t:|1664705739
|move|p1a: Necrozma|Photon Geyser|p2a: Zygarde
|-damage|p2a: Zygarde|0 fnt
|faint|p2a: Zygarde
|
|upkeep
|
|t:|1664705743
|switch|p2a: Ditto|Ditto, shiny|88/100
|-damage|p2a: Ditto|76/100|[from] Stealth Rock
|-transform|p2a: Ditto|p1a: Necrozma|[from] ability: Imposter
|turn|36
|
|t:|1664705751
|move|p2a: Ditto|Photon Geyser|p1a: Necrozma
|-resisted|p1a: Necrozma
|-damage|p1a: Necrozma|0 fnt
|faint|p1a: Necrozma
|
|upkeep
|c|☆Whitedevil12345678|Rip kid
|
|t:|1664705758
|switch|p1a: Ditto|Ditto|100/100
|turn|37
|
|t:|1664705761
|move|p2a: Ditto|Photon Geyser|p1a: Ditto
|-damage|p1a: Ditto|0 fnt
|faint|p1a: Ditto
|
|win|Whitedevil12345678
|raw|thicsucttv's rating: 1727 &rarr; <strong>1721</strong><br />(-6 for losing)
|raw|Whitedevil12345678's rating: 2021 &rarr; <strong>2027</strong><br />(+6 for winning)
|c|☆thicsucttv|Lmao
|c|☆thicsucttv|Smol d nerd
