|j|☆firexxzz
|j|☆Naofumi_Bakugo_Jax
|t:|1665332030
|gametype|singles
|player|p1|firexxzz|ghetsis|1602
|player|p2|Naofumi_Bakugo_Jax|blue|1734
|teamsize|p1|6
|teamsize|p2|6
|gen|8
|tier|[Gen 8] National Dex AG
|rated|
|rule|HP Percentage Mod: HP is shown in percentages
|rule|Endless Battle Clause: Forcing endless battles is banned
|clearpoke
|poke|p1|Groudon|
|poke|p1|Rayquaza|
|poke|p1|Zacian-*|
|poke|p1|Xerneas-*|
|poke|p1|Smeargle, M|
|poke|p1|Espeon, F|
|poke|p2|Zacian-*|
|poke|p2|Calyrex-Shadow|
|poke|p2|Yveltal|
|poke|p2|Arceus-*|
|poke|p2|Swampert, M|
|poke|p2|Kyogre|
|teampreview
|
|t:|1665332035
|start
|switch|p1a: Smeargle|Smeargle, M|100/100
|switch|p2a: Arceus|Arceus, shiny|100/100
|turn|1
|inactive|Battle timer is ON: inactive players will automatically lose when time's up. (requested by firexxzz)
|
|t:|1665332045
|move|p2a: Arceus|Magic Coat|p2a: Arceus
|-singleturn|p2a: Arceus|move: Magic Coat
|move|p1a: Smeargle|Spiky Shield||[still]
|-fail|p1a: Smeargle
|
|-ability|p1a: Smeargle|Moody|boost
|-boost|p1a: Smeargle|spd|2
|-unboost|p1a: Smeargle|atk|1
|upkeep
|turn|2
|j| KoKoms
|
|t:|1665332065
|move|p2a: Arceus|Extreme Speed|p1a: Smeargle
|-enditem|p1a: Smeargle|Focus Sash
|-damage|p1a: Smeargle|1/100
|move|p1a: Smeargle|Clangorous Soul||[still]
|-fail|p1a: Smeargle
|
|-ability|p1a: Smeargle|Moody|boost
|-boost|p1a: Smeargle|spa|2
|-unboost|p1a: Smeargle|spe|1
|upkeep
|turn|3
|
|t:|1665332078
|move|p1a: Smeargle|Spiky Shield|p1a: Smeargle
|-singleturn|p1a: Smeargle|move: Protect
|move|p2a: Arceus|Extreme Speed|p1a: Smeargle
|-activate|p1a: Smeargle|move: Protect
|-damage|p2a: Arceus|88/100|[from] Spiky Shield|[of] p1a: Smeargle
|
|-ability|p1a: Smeargle|Moody|boost
|-boost|p1a: Smeargle|spe|2
|-unboost|p1a: Smeargle|spd|1
|upkeep
|turn|4
|
|t:|1665332086
|move|p2a: Arceus|Extreme Speed|p1a: Smeargle
|-damage|p1a: Smeargle|0 fnt
|faint|p1a: Smeargle
|
|upkeep
|
|t:|1665332101
|switch|p1a: Zacian|Zacian-Crowned|100/100
|-ability|p1a: Zacian|Intrepid Sword|boost
|-boost|p1a: Zacian|atk|1
|turn|5
|inactive|Naofumi_Bakugo_Jax has 120 seconds left.
|
|t:|1665332142
|switch|p2a: Kyogre|Kyogre|100/100
|-weather|RainDance|[from] ability: Drizzle|[of] p2a: Kyogre
|move|p1a: Zacian|Close Combat|p2a: Kyogre
|-damage|p2a: Kyogre|22/100
|-unboost|p1a: Zacian|def|1
|-unboost|p1a: Zacian|spd|1
|
|-weather|RainDance|[upkeep]
|upkeep
|turn|6
|
|t:|1665332156
|switch|p1a: Groudon|Groudon|100/100
|detailschange|p1a: Groudon|Groudon-Primal
|-primal|p1a: Groudon
|-weather|DesolateLand|[from] ability: Desolate Land|[of] p1a: Groudon
|move|p2a: Kyogre|Thunder Wave|p1a: Groudon
|-immune|p1a: Groudon
|
|-weather|DesolateLand|[upkeep]
|upkeep
|turn|7
|
|t:|1665332177
|switch|p2a: Calyrex|Calyrex-Shadow|100/100
|-ability|p2a: Calyrex|As One
|-ability|p2a: Calyrex|Unnerve
|move|p1a: Groudon|Stealth Rock|p2a: Calyrex
|-sidestart|p2: Naofumi_Bakugo_Jax|move: Stealth Rock
|
|-weather|DesolateLand|[upkeep]
|upkeep
|turn|8
|
|t:|1665332198
|-weather|none
|switch|p1a: Espeon|Espeon, F|100/100
|move|p2a: Calyrex|Nasty Plot|p2a: Calyrex
|-boost|p2a: Calyrex|spa|2
|
|upkeep
|turn|9
|inactive|Naofumi_Bakugo_Jax has 90 seconds left.
|
|t:|1665332225
|move|p2a: Calyrex|Astral Barrage|p1a: Espeon
|-supereffective|p1a: Espeon
|-damage|p1a: Espeon|0 fnt
|faint|p1a: Espeon
|-ability|p2a: Calyrex|Grim Neigh|boost
|-boost|p2a: Calyrex|spa|1
|
|upkeep
|
|t:|1665332236
|switch|p1a: Rayquaza|Rayquaza|100/100
|-ability|p1a: Rayquaza|Air Lock
|turn|10
|
|t:|1665332252
|detailschange|p1a: Rayquaza|Rayquaza-Mega
|-mega|p1a: Rayquaza|Rayquaza|
|-weather|DeltaStream|[from] ability: Delta Stream|[of] p1a: Rayquaza
|move|p2a: Calyrex|Astral Barrage|p1a: Rayquaza
|-enditem|p1a: Rayquaza|Focus Sash
|-damage|p1a: Rayquaza|1/100
|move|p1a: Rayquaza|Dragon Dance|p1a: Rayquaza
|-boost|p1a: Rayquaza|atk|1
|-boost|p1a: Rayquaza|spe|1
|
|-weather|DeltaStream|[upkeep]
|upkeep
|turn|11
|inactive|Naofumi_Bakugo_Jax has 90 seconds left.
|
|t:|1665332270
|move|p1a: Rayquaza|Dragon Ascent|p2a: Calyrex
|-enditem|p2a: Calyrex|Focus Sash
|-damage|p2a: Calyrex|1/100
|-unboost|p1a: Rayquaza|def|1
|-unboost|p1a: Rayquaza|spd|1
|move|p2a: Calyrex|Astral Barrage|p1a: Rayquaza
|-damage|p1a: Rayquaza|0 fnt
|faint|p1a: Rayquaza
|-weather|none
|-ability|p2a: Calyrex|Grim Neigh|boost
|-boost|p2a: Calyrex|spa|1
|
|upkeep
|
|t:|1665332275
|switch|p1a: Xerneas|Xerneas|100/100
|-ability|p1a: Xerneas|Fairy Aura
|turn|12
|
|t:|1665332283
|-start|p1a: Xerneas|Dynamax|
|-heal|p1a: Xerneas|100/100|[silent]
|move|p2a: Calyrex|Astral Barrage|p1a: Xerneas
|-damage|p1a: Xerneas|9/100
|move|p1a: Xerneas|Max Starfall|p2a: Calyrex
|-damage|p2a: Calyrex|0 fnt
|-fieldstart|move: Misty Terrain
|faint|p2a: Calyrex
|
|upkeep
|inactive|Naofumi_Bakugo_Jax has 90 seconds left.
|
|t:|1665332298
|switch|p2a: Yveltal|Yveltal, shiny|100/100
|-damage|p2a: Yveltal|76/100|[from] Stealth Rock
|-ability|p2a: Yveltal|Dark Aura
|turn|13
|
|t:|1665332301
|move|p2a: Yveltal|Tailwind|p2a: Yveltal
|-sidestart|p2: Naofumi_Bakugo_Jax|move: Tailwind
|move|p1a: Xerneas|Max Starfall|p2a: Yveltal
|-supereffective|p2a: Yveltal
|-damage|p2a: Yveltal|0 fnt
|faint|p2a: Yveltal
|
|upkeep
|inactive|Naofumi_Bakugo_Jax has 90 seconds left.
|
|t:|1665332333
|switch|p2a: Arceus|Arceus, shiny|88/100
|-damage|p2a: Arceus|76/100|[from] Stealth Rock
|turn|14
|
|t:|1665332345
|move|p2a: Arceus|Reflect|p2a: Arceus
|-sidestart|p2: Naofumi_Bakugo_Jax|Reflect
|move|p1a: Xerneas|Max Starfall|p2a: Arceus
|-damage|p2a: Arceus|10/100
|
|upkeep
|-end|p1a: Xerneas|Dynamax
|-heal|p1a: Xerneas|9/100|[silent]
|turn|15
|
|t:|1665332364
|move|p2a: Arceus|Extreme Speed|p1a: Xerneas
|-damage|p1a: Xerneas|0 fnt
|faint|p1a: Xerneas
|
|upkeep
|inactive|firexxzz has 120 seconds left.
|
|t:|1665332399
|switch|p1a: Zacian|Zacian-Crowned|100/100
|-ability|p1a: Zacian|Intrepid Sword|boost
|-boost|p1a: Zacian|atk|1
|turn|16
|
|t:|1665332412
|move|p2a: Arceus|Extreme Speed|p1a: Zacian
|-resisted|p1a: Zacian
|-damage|p1a: Zacian|81/100
|move|p1a: Zacian|Behemoth Blade|p2a: Arceus
|-damage|p2a: Arceus|0 fnt
|faint|p2a: Arceus
|
|-sideend|p2: Naofumi_Bakugo_Jax|move: Tailwind
|-fieldend|Misty Terrain
|upkeep
|inactive|Naofumi_Bakugo_Jax has 90 seconds left.
|
|t:|1665332446
|switch|p2a: Swampert|Swampert, M|100/100
|-damage|p2a: Swampert|94/100|[from] Stealth Rock
|turn|17
|inactive|firexxzz has 120 seconds left.
|
|t:|1665332469
|detailschange|p2a: Swampert|Swampert-Mega, M
|-mega|p2a: Swampert|Swampert|Swampertite
|move|p1a: Zacian|Swords Dance|p1a: Zacian
|-boost|p1a: Zacian|atk|2
|move|p2a: Swampert|Earthquake|p1a: Zacian
|-supereffective|p1a: Zacian
|-damage|p1a: Zacian|0 fnt
|faint|p1a: Zacian
|
|upkeep
|inactive|firexxzz has 90 seconds left.
|
|t:|1665332491
|switch|p1a: Groudon|Groudon-Primal|100/100
|-weather|DesolateLand|[from] ability: Desolate Land|[of] p1a: Groudon
|turn|18
|inactive|Naofumi_Bakugo_Jax has 90 seconds left.
|
|t:|1665332499
|move|p1a: Groudon|Earthquake|p2a: Swampert
|-damage|p2a: Swampert|64/100
|move|p2a: Swampert|Earthquake|p1a: Groudon
|-supereffective|p1a: Groudon
|-damage|p1a: Groudon|30/100
|
|-weather|DesolateLand|[upkeep]
|upkeep
|turn|19
|-message|firexxzz forfeited.
|
|win|Naofumi_Bakugo_Jax
|raw|firexxzz's rating: 1602 &rarr; <strong>1589</strong><br />(-13 for losing)
|raw|Naofumi_Bakugo_Jax's rating: 1734 &rarr; <strong>1747</strong><br />(+13 for winning)
|l|☆firexxzz
|l| KoKoms
||Ladder isn't responding, score probably updated but might not have (Request timeout).
