|j|☆tenalek
|j|☆NOAH MK2
|t:|1632962310
|gametype|singles
|player|p1|tenalek|pokemaniac-gen3rs|
|player|p2|NOAH MK2|1|
|teamsize|p1|6
|teamsize|p2|6
|gen|8
|tier|[Gen 8] National Dex AG
|rule|HP Percentage Mod: HP is shown in percentages
|rule|Endless Battle Clause: Forcing endless battles is banned
|rule|Species Clause: Limit one of each Pokémon
|rule|Item Clause: Limit one of each item
|clearpoke
|poke|p1|Landorus, M|
|poke|p1|Gengar, F|
|poke|p1|Xurkitree|
|poke|p1|Xatu, M|
|poke|p1|Magnemite, L1|
|poke|p1|Pheromosa|
|poke|p2|Klefki, M|
|poke|p2|Landorus-Therian, M|
|poke|p2|Tapu Fini|
|poke|p2|Kangaskhan, F|
|poke|p2|Blaziken, M|
|poke|p2|Chansey, F|
|teampreview
|j|+mbcgame
|l|☆NOAH MK2
|player|p2|
|j|☆NOAH MK2
|player|p2|NOAH MK2|1
|
|t:|1632962352
|start
|switch|p1a: Magnegroup|Magnemite, L1|100/100
|switch|p2a: Chansey|Chansey, F|100/100
|turn|1
|
|t:|1632962355
|switch|p1a: Egypt|Xatu, M|100/100
|move|p2a: Chansey|Stealth Rock|p1a: Egypt
|move|p1a: Egypt|Stealth Rock|p2a: Chansey|[from]ability: Magic Bounce
|-sidestart|p2: NOAH MK2|move: Stealth Rock
|
|upkeep
|turn|2
|
|t:|1632962360
|move|p1a: Egypt|Teleport|p1a: Egypt
|
|t:|1632962362
|switch|p1a: Henne|Pheromosa|100/100|[from]move: Teleport
|move|p2a: Chansey|Teleport|p2a: Chansey
|
|t:|1632962370
|switch|p2a: Blaziken|Blaziken, M|100/100|[from]move: Teleport
|-damage|p2a: Blaziken|88/100|[from] Stealth Rock
|
|upkeep
|turn|3
|
|t:|1632962377
|switch|p1a: Magnegroup|Magnemite, L1|100/100
|move|p2a: Blaziken|Protect||[still]
|-fail|p2a: Blaziken
|
|-ability|p2a: Blaziken|Speed Boost|boost
|-boost|p2a: Blaziken|spe|1
|upkeep
|turn|4
|
|t:|1632962383
|move|p2a: Blaziken|Protect|p2a: Blaziken
|-singleturn|p2a: Blaziken|Protect
|move|p1a: Magnegroup|Toxic|p2a: Blaziken
|-activate|p2a: Blaziken|move: Protect
|
|-ability|p2a: Blaziken|Speed Boost|boost
|-boost|p2a: Blaziken|spe|1
|upkeep
|turn|5
|
|t:|1632962401
|move|p2a: Blaziken|Baton Pass|p2a: Blaziken
|
|t:|1632962402
|switch|p2a: Tapu Fini|Tapu Fini|100/100|[from]move: Baton Pass
|-damage|p2a: Tapu Fini|88/100|[from] Stealth Rock
|-fieldstart|move: Misty Terrain|[from] ability: Misty Surge|[of] p2a: Tapu Fini
|move|p1a: Magnegroup|Toxic|p2a: Tapu Fini|[miss]
|-miss|p1a: Magnegroup|p2a: Tapu Fini
|
|-heal|p2a: Tapu Fini|94/100|[from] item: Leftovers
|upkeep
|turn|6
|
|t:|1632962414
|switch|p1a: Chaser|Gengar, F|100/100
|move|p2a: Tapu Fini|Calm Mind|p2a: Tapu Fini
|-boost|p2a: Tapu Fini|spa|1
|-boost|p2a: Tapu Fini|spd|1
|
|-heal|p2a: Tapu Fini|99/100|[from] item: Leftovers
|upkeep
|turn|7
|
|t:|1632962418
|detailschange|p1a: Chaser|Gengar-Mega, F
|-mega|p1a: Chaser|Gengar|Gengarite
|move|p2a: Tapu Fini|Calm Mind|p2a: Tapu Fini
|-boost|p2a: Tapu Fini|spa|1
|-boost|p2a: Tapu Fini|spd|1
|move|p1a: Chaser|Sludge Wave|p2a: Tapu Fini
|-supereffective|p2a: Tapu Fini
|-crit|p2a: Tapu Fini
|-damage|p2a: Tapu Fini|0 fnt
|faint|p2a: Tapu Fini
|
|upkeep
|c|☆NOAH MK2|억
|c|+mbcgame|lol dude
|
|t:|1632962439
|switch|p2a: Blaziken|Blaziken, M|88/100
|-damage|p2a: Blaziken|76/100|[from] Stealth Rock
|turn|8
|
|t:|1632962449
|switch|p1a: Egypt|Xatu, M|100/100
|move|p2a: Blaziken|Flare Blitz|p1a: Egypt
|-damage|p1a: Egypt|44/100
|-damage|p2a: Blaziken|55/100|[from] Recoil
|
|-ability|p2a: Blaziken|Speed Boost|boost
|-boost|p2a: Blaziken|spe|1
|upkeep
|turn|9
|
|t:|1632962462
|move|p2a: Blaziken|Flare Blitz|p1a: Egypt
|-damage|p1a: Egypt|0 fnt
|faint|p1a: Egypt
|-damage|p2a: Blaziken|39/100|[from] Recoil
|
|-fieldend|Misty Terrain
|-ability|p2a: Blaziken|Speed Boost|boost
|-boost|p2a: Blaziken|spe|1
|upkeep
|
|t:|1632962466
|switch|p1a: Magnegroup|Magnemite, L1|100/100
|turn|10
|
|t:|1632962473
|move|p2a: Blaziken|Protect|p2a: Blaziken
|-singleturn|p2a: Blaziken|Protect
|move|p1a: Magnegroup|Toxic|p2a: Blaziken
|-activate|p2a: Blaziken|move: Protect
|
|-ability|p2a: Blaziken|Speed Boost|boost
|-boost|p2a: Blaziken|spe|1
|upkeep
|turn|11
|
|t:|1632962501
|move|p2a: Blaziken|Swords Dance|p2a: Blaziken
|-boost|p2a: Blaziken|atk|2
|move|p1a: Magnegroup|Toxic|p2a: Blaziken
|-status|p2a: Blaziken|tox
|
|-damage|p2a: Blaziken|33/100 tox|[from] psn
|-ability|p2a: Blaziken|Speed Boost|boost
|-boost|p2a: Blaziken|spe|1
|upkeep
|turn|12
|
|t:|1632962526
|switch|p1a: Chaser|Gengar-Mega, F|100/100
|move|p2a: Blaziken|Baton Pass|p2a: Blaziken
|
|t:|1632962539
|switch|p2a: Landorus|Landorus-Therian, M|100/100|[from]move: Baton Pass
|-damage|p2a: Landorus|88/100|[from] Stealth Rock
|-ability|p2a: Landorus|Intimidate|boost
|-unboost|p1a: Chaser|atk|1
|
|upkeep
|turn|13
|
|t:|1632962586
|move|p2a: Landorus|Earthquake|p1a: Chaser
|-supereffective|p1a: Chaser
|-damage|p1a: Chaser|0 fnt
|faint|p1a: Chaser
|
|upkeep
|
|t:|1632962589
|switch|p1a: Magnegroup|Magnemite, L1|100/100
|turn|14
|
|t:|1632962609
|switch|p2a: Klefki|Klefki, M|100/100
|-damage|p2a: Klefki|95/100|[from] Stealth Rock
|move|p1a: Magnegroup|Toxic|p2a: Klefki
|-immune|p2a: Klefki
|
|upkeep
|turn|15
|
|t:|1632962614
|switch|p1a: Pentarich|Landorus, M|100/100
|move|p2a: Klefki|Defog|p1a: Pentarich
|-unboost|p1a: Pentarich|evasion|1
|-sideend|p2: NOAH MK2|Stealth Rock|[from] move: Defog|[of] p2a: Klefki
|
|upkeep
|turn|16
|
|t:|1632962625
|switch|p2a: Chansey|Chansey, F|100/100
|move|p1a: Pentarich|Gravity|p1a: Pentarich
|-fieldstart|move: Gravity
|
|upkeep
|turn|17
|
|t:|1632962632
|switch|p1a: Bolognese|Xurkitree|100/100
|move|p2a: Chansey|Stealth Rock|p1a: Bolognese
|-sidestart|p1: tenalek|move: Stealth Rock
|
|upkeep
|turn|18
|
|t:|1632962638
|switch|p2a: Blaziken|Blaziken, M|33/100 tox
|-zpower|p1a: Bolognese
|move|p1a: Bolognese|Z-Hypnosis||[anim]Hypnosis|[still]
|-boost|p1a: Bolognese|spe|1|[zeffect]
|-fail|p1a: Bolognese
|
|-damage|p2a: Blaziken|27/100 tox|[from] psn
|upkeep
|turn|19
|
|t:|1632962669
|switch|p2a: Chansey|Chansey, F|100/100
|move|p1a: Bolognese|Thunderbolt|p2a: Chansey
|-damage|p2a: Chansey|81/100
|
|upkeep
|turn|20
|
|t:|1632962678
|move|p1a: Bolognese|Tail Glow|p1a: Bolognese
|-boost|p1a: Bolognese|spa|3
|move|p2a: Chansey|Seismic Toss|p1a: Bolognese
|-damage|p1a: Bolognese|68/100
|
|-fieldend|move: Gravity
|upkeep
|turn|21
|
|t:|1632962691
|move|p1a: Bolognese|Hypnosis|p2a: Chansey|[miss]
|-miss|p1a: Bolognese|p2a: Chansey
|move|p2a: Chansey|Seismic Toss|p1a: Bolognese
|-damage|p1a: Bolognese|35/100
|
|upkeep
|turn|22
|
|t:|1632962697
|move|p1a: Bolognese|Hypnosis|p2a: Chansey
|-status|p2a: Chansey|slp|[from] move: Hypnosis
|cant|p2a: Chansey|slp
|
|upkeep
|turn|23
|
|t:|1632962702
|move|p1a: Bolognese|Thunderbolt|p2a: Chansey
|-damage|p2a: Chansey|35/100 slp
|-curestatus|p2a: Chansey|slp|[msg]
|move|p2a: Chansey|Seismic Toss|p1a: Bolognese
|-damage|p1a: Bolognese|3/100
|
|upkeep
|turn|24
|
|t:|1632962717
|move|p1a: Bolognese|Thunderbolt|p2a: Chansey
|-damage|p2a: Chansey|0 fnt
|faint|p2a: Chansey
|-ability|p1a: Bolognese|Beast Boost|boost
|-boost|p1a: Bolognese|spa|1
|
|upkeep
|
|t:|1632962729
|switch|p2a: Blaziken|Blaziken, M|27/100 tox
|turn|25
|
|t:|1632962733
|move|p2a: Blaziken|Protect|p2a: Blaziken
|-singleturn|p2a: Blaziken|Protect
|move|p1a: Bolognese|Thunderbolt|p2a: Blaziken
|-activate|p2a: Blaziken|move: Protect
|
|-damage|p2a: Blaziken|21/100 tox|[from] psn
|-ability|p2a: Blaziken|Speed Boost|boost
|-boost|p2a: Blaziken|spe|1
|upkeep
|turn|26
|
|t:|1632962736
|move|p2a: Blaziken|Protect||[still]
|-fail|p2a: Blaziken
|move|p1a: Bolognese|Thunderbolt|p2a: Blaziken
|-damage|p2a: Blaziken|0 fnt
|faint|p2a: Blaziken
|-ability|p1a: Bolognese|Beast Boost|boost
|-boost|p1a: Bolognese|spa|1
|
|upkeep
|
|t:|1632962739
|switch|p2a: Klefki|Klefki, M|95/100
|turn|27
|
|t:|1632962744
|move|p2a: Klefki|Light Screen|p2a: Klefki
|-sidestart|p2: NOAH MK2|move: Light Screen
|move|p1a: Bolognese|Thunderbolt|p2a: Klefki
|-damage|p2a: Klefki|0 fnt
|faint|p2a: Klefki
|-ability|p1a: Bolognese|Beast Boost|boost
|-boost|p1a: Bolognese|spa|1
|
|upkeep
|
|t:|1632962748
|switch|p2a: Kangaskhan|Kangaskhan, F|100/100
|turn|28
|
|t:|1632962752
|detailschange|p2a: Kangaskhan|Kangaskhan-Mega, F
|-mega|p2a: Kangaskhan|Kangaskhan|Kangaskhanite
|move|p2a: Kangaskhan|Sucker Punch||[still]
|-fail|p2a: Kangaskhan
|move|p1a: Bolognese|Hypnosis|p2a: Kangaskhan
|-status|p2a: Kangaskhan|slp|[from] move: Hypnosis
|
|upkeep
|turn|29
|
|t:|1632962756
|move|p1a: Bolognese|Thunderbolt|p2a: Kangaskhan
|-crit|p2a: Kangaskhan
|-damage|p2a: Kangaskhan|0 fnt
|faint|p2a: Kangaskhan
|
|upkeep
|
|t:|1632962758
|switch|p2a: Landorus|Landorus-Therian, M|88/100
|-ability|p2a: Landorus|Intimidate|boost
|-unboost|p1a: Bolognese|atk|1
|turn|30
|
|t:|1632962759
|move|p1a: Bolognese|Energy Ball|p2a: Landorus
|-damage|p2a: Landorus|0 fnt
|faint|p2a: Landorus
|
|win|tenalek
|l|☆NOAH MK2
|l|☆tenalek
|l|+mbcgame
|j|☆tenalek
|player|p1|tenalek|pokemaniac-gen3rs
