|j|☆tenalek
|j|☆NOAH MK2
|t:|1637827960
|gametype|singles
|player|p1|tenalek|pokemaniac-gen3rs|
|player|p2|NOAH MK2|265|
|teamsize|p1|6
|teamsize|p2|6
|gen|8
|tier|[Gen 8] National Dex AG
|rule|HP Percentage Mod: HP is shown in percentages
|rule|Endless Battle Clause: Forcing endless battles is banned
|rule|Species Clause: Limit one of each Pokémon
|rule|Item Clause: Limit one of each item
|clearpoke
|poke|p1|Graveler-Alola, F|
|poke|p1|Mamoswine, F|
|poke|p1|Gallade, M|
|poke|p1|Spiritomb, F|
|poke|p1|Moltres|
|poke|p1|Milotic, M|
|poke|p2|Cinderace, F|
|poke|p2|Chansey, F|
|poke|p2|Klefki, M|
|poke|p2|Salamence, F|
|poke|p2|Mandibuzz, F|
|poke|p2|Regieleki|
|teampreview
|
|t:|1637827978
|start
|switch|p1a: Beakdrive|Moltres|100/100
|switch|p2a: Cinderace|Cinderace, F|100/100
|turn|1
|
|t:|1637827984
|move|p2a: Cinderace|Gunk Shot|p1a: Beakdrive
|-start|p2a: Cinderace|typechange|Poison|[from] ability: Libero
|-damage|p1a: Beakdrive|43/100
|move|p1a: Beakdrive|U-turn|p2a: Cinderace
|-resisted|p2a: Cinderace
|-damage|p2a: Cinderace|90/100
|
|t:|1637827989
|switch|p1a: Corona|Spiritomb, F|100/100|[from]move: U-turn
|
|upkeep
|turn|2
|
|t:|1637827999
|-activate|p2a: Cinderace|move: Pursuit
|move|p1a: Corona|Pursuit|p2a: Cinderace|[from]Pursuit
|-damage|p2a: Cinderace|43/100
|switch|p2a: Chansey|Chansey, F|100/100
|
|upkeep
|turn|3
|
|t:|1637828007
|switch|p1a: Beakdrive|Moltres|43/100
|move|p2a: Chansey|Stealth Rock|p1a: Beakdrive
|-sidestart|p1: tenalek|move: Stealth Rock
|
|upkeep
|turn|4
|
|t:|1637828010
|move|p1a: Beakdrive|Defog|p2a: Chansey
|-unboost|p2a: Chansey|evasion|1
|-sideend|p1: tenalek|Stealth Rock|[from] move: Defog|[of] p1a: Beakdrive
|move|p2a: Chansey|Teleport|p2a: Chansey
|
|t:|1637828013
|switch|p2a: Cinderace|Cinderace, F|43/100|[from]move: Teleport
|
|upkeep
|turn|5
|
|t:|1637828022
|move|p2a: Cinderace|Gunk Shot|p1a: Beakdrive|[miss]
|-start|p2a: Cinderace|typechange|Poison|[from] ability: Libero
|-miss|p2a: Cinderace|p1a: Beakdrive
|move|p1a: Beakdrive|U-turn|p2a: Cinderace
|-resisted|p2a: Cinderace
|-damage|p2a: Cinderace|33/100
|
|t:|1637828024
|switch|p1a: Corona|Spiritomb, F|100/100|[from]move: U-turn
|
|upkeep
|turn|6
|
|t:|1637828030
|-start|p2a: Cinderace|Dynamax
|-formechange|p2a: Cinderace|Cinderace-Gmax
|-heal|p2a: Cinderace|33/100|[silent]
|move|p2a: Cinderace|G-Max Fireball|p1a: Corona
|-start|p2a: Cinderace|typechange|Fire|[from] ability: Libero
|-damage|p1a: Corona|13/100
|move|p1a: Corona|Pursuit|p2a: Cinderace
|-damage|p2a: Cinderace|21/100
|
|upkeep
|turn|7
|j|♪nomukus
|
|t:|1637828041
|move|p1a: Corona|Sucker Punch|p2a: Cinderace
|-damage|p2a: Cinderace|0 fnt
|faint|p2a: Cinderace
|
|upkeep
|
|t:|1637828051
|switch|p2a: Salamence|Salamence, F|100/100
|-ability|p2a: Salamence|Intimidate|boost
|-unboost|p1a: Corona|atk|1
|turn|8
|
|t:|1637828055
|detailschange|p2a: Salamence|Salamence-Mega, F
|-mega|p2a: Salamence|Salamence|Salamencite
|move|p2a: Salamence|Frustration|p1a: Corona
|-damage|p1a: Corona|0 fnt
|faint|p1a: Corona
|
|upkeep
|
|t:|1637828060
|switch|p1a: Cento|Mamoswine, F|100/100
|turn|9
|
|t:|1637828068
|switch|p2a: Klefki|Klefki, M|100/100
|move|p1a: Cento|Icicle Spear|p2a: Klefki
|-resisted|p2a: Klefki
|-damage|p2a: Klefki|95/100
|-resisted|p2a: Klefki
|-damage|p2a: Klefki|90/100
|-hitcount|p2a: Klefki|2
|
|upkeep
|turn|10
|l|♪nomukus
|
|t:|1637828073
|move|p2a: Klefki|Reflect|p2a: Klefki
|-sidestart|p2: NOAH MK2|Reflect
|move|p1a: Cento|Earthquake|p2a: Klefki
|-supereffective|p2a: Klefki
|-damage|p2a: Klefki|45/100
|
|upkeep
|turn|11
|
|t:|1637828078
|switch|p1a: Beakdrive|Moltres|43/100
|switch|p2a: Mandibuzz|Mandibuzz, F|100/100
|
|upkeep
|turn|12
|
|t:|1637828083
|move|p1a: Beakdrive|Defog|p2a: Mandibuzz
|-unboost|p2a: Mandibuzz|evasion|1
|-sideend|p2: NOAH MK2|Reflect
|move|p2a: Mandibuzz|Toxic|p1a: Beakdrive
|-status|p1a: Beakdrive|tox
|
|-damage|p1a: Beakdrive|36/100 tox|[from] psn
|upkeep
|turn|13
|
|t:|1637828100
|switch|p2a: Chansey|Chansey, F|100/100
|move|p1a: Beakdrive|Roost|p1a: Beakdrive
|-heal|p1a: Beakdrive|86/100 tox
|-singleturn|p1a: Beakdrive|move: Roost
|
|-damage|p1a: Beakdrive|74/100 tox|[from] psn
|upkeep
|turn|14
|
|t:|1637828103
|move|p1a: Beakdrive|U-turn|p2a: Chansey
|-damage|p2a: Chansey|91/100
|
|t:|1637828105
|switch|p1a: Lannermaze|Gallade, M|100/100|[from]move: U-turn
|move|p2a: Chansey|Stealth Rock|p1a: Lannermaze
|-sidestart|p1: tenalek|move: Stealth Rock
|
|upkeep
|turn|15
|
|t:|1637828113
|switch|p2a: Mandibuzz|Mandibuzz, F|100/100
|detailschange|p1a: Lannermaze|Gallade-Mega, M
|-mega|p1a: Lannermaze|Gallade|Galladite
|move|p1a: Lannermaze|Triple Axel|p2a: Mandibuzz
|-supereffective|p2a: Mandibuzz
|-damage|p2a: Mandibuzz|91/100
|-supereffective|p2a: Mandibuzz
|-damage|p2a: Mandibuzz|72/100
|-supereffective|p2a: Mandibuzz
|-damage|p2a: Mandibuzz|44/100
|-hitcount|p2a: Mandibuzz|3
|
|upkeep
|turn|16
|
|t:|1637828120
|switch|p2a: Klefki|Klefki, M|45/100
|move|p1a: Lannermaze|Triple Axel|p2a: Klefki
|-resisted|p2a: Klefki
|-damage|p2a: Klefki|41/100
|-resisted|p2a: Klefki
|-damage|p2a: Klefki|34/100
|-resisted|p2a: Klefki
|-damage|p2a: Klefki|23/100
|-hitcount|p2a: Klefki|3
|
|upkeep
|turn|17
|
|t:|1637828123
|switch|p1a: Beakdrive|Moltres|74/100 tox
|move|p2a: Klefki|Reflect|p2a: Klefki
|-sidestart|p2: NOAH MK2|Reflect
|
|-damage|p1a: Beakdrive|68/100 tox|[from] psn
|upkeep
|turn|18
|
|t:|1637828135
|switch|p2a: Salamence|Salamence-Mega, F|100/100
|move|p1a: Beakdrive|Defog|p2a: Salamence
|-unboost|p2a: Salamence|evasion|1
|-sideend|p2: NOAH MK2|Reflect
|-sideend|p1: tenalek|Stealth Rock|[from] move: Defog|[of] p1a: Beakdrive
|
|-damage|p1a: Beakdrive|55/100 tox|[from] psn
|upkeep
|turn|19
|
|t:|1637828140
|move|p2a: Salamence|Frustration|p1a: Beakdrive
|-damage|p1a: Beakdrive|3/100 tox
|-status|p2a: Salamence|brn|[from] ability: Flame Body|[of] p1a: Beakdrive
|move|p1a: Beakdrive|U-turn|p2a: Salamence
|-resisted|p2a: Salamence
|-damage|p2a: Salamence|94/100 brn
|
|t:|1637828144
|switch|p1a: Cento|Mamoswine, F|100/100|[from]move: U-turn
|
|-damage|p2a: Salamence|88/100 brn|[from] brn
|upkeep
|turn|20
|
|t:|1637828149
|move|p2a: Salamence|Frustration|p1a: Cento
|-damage|p1a: Cento|61/100
|move|p1a: Cento|Icicle Spear|p2a: Salamence
|-supereffective|p2a: Salamence
|-damage|p2a: Salamence|41/100 brn
|-supereffective|p2a: Salamence
|-damage|p2a: Salamence|0 fnt
|faint|p2a: Salamence
|-hitcount|p2: Salamence|2
|
|upkeep
|
|t:|1637828157
|switch|p2a: Chansey|Chansey, F|91/100
|turn|21
|
|t:|1637828162
|switch|p1a: Lannermaze|Gallade-Mega, M|100/100
|move|p2a: Chansey|Stealth Rock|p1a: Lannermaze
|-sidestart|p1: tenalek|move: Stealth Rock
|
|upkeep
|turn|22
|
|t:|1637828173
|switch|p2a: Klefki|Klefki, M|23/100
|move|p1a: Lannermaze|Close Combat|p2a: Klefki
|-damage|p2a: Klefki|0 fnt
|-unboost|p1a: Lannermaze|def|1
|-unboost|p1a: Lannermaze|spd|1
|faint|p2a: Klefki
|
|upkeep
|
|t:|1637828175
|switch|p2a: Regieleki|Regieleki|100/100
|turn|23
|
|t:|1637828189
|switch|p1a: Beakdrive|Moltres|3/100 tox
|move|p2a: Regieleki|Extreme Speed|p1a: Beakdrive
|-damage|p1a: Beakdrive|0 fnt
|faint|p1a: Beakdrive
|
|upkeep
|
|t:|1637828201
|switch|p1a: Cento|Mamoswine, F|61/100
|-damage|p1a: Cento|48/100|[from] Stealth Rock
|turn|24
|
|t:|1637828207
|switch|p2a: Chansey|Chansey, F|91/100
|-start|p1a: Cento|Dynamax
|-heal|p1a: Cento|48/100|[silent]
|move|p1a: Cento|Max Hailstorm|p2a: Chansey
|-damage|p2a: Chansey|47/100
|-weather|Hail
|
|-weather|Hail|[upkeep]
|-damage|p2a: Chansey|41/100|[from] Hail
|upkeep
|turn|25
|
|t:|1637828210
|move|p1a: Cento|Max Hailstorm|p2a: Chansey
|-damage|p2a: Chansey|0 fnt
|faint|p2a: Chansey
|
|-weather|Hail|[upkeep]
|upkeep
|
|t:|1637828215
|switch|p2a: Mandibuzz|Mandibuzz, F|44/100
|turn|26
|
|t:|1637828217
|move|p1a: Cento|Max Hailstorm|p2a: Mandibuzz
|-supereffective|p2a: Mandibuzz
|-damage|p2a: Mandibuzz|0 fnt
|faint|p2a: Mandibuzz
|
|-weather|Hail|[upkeep]
|-end|p1a: Cento|Dynamax
|-heal|p1a: Cento|48/100|[silent]
|upkeep
|
|t:|1637828219
|switch|p2a: Regieleki|Regieleki|100/100
|turn|27
|
|t:|1637828225
|move|p2a: Regieleki|Extreme Speed|p1a: Cento
|-damage|p1a: Cento|27/100
|move|p1a: Cento|Earthquake|p2a: Regieleki
|-supereffective|p2a: Regieleki
|-damage|p2a: Regieleki|0 fnt
|faint|p2a: Regieleki
|
|win|tenalek
|l|☆tenalek
|j|☆tenalek
|player|p1|tenalek|pokemaniac-gen3rs
