|j|☆09hi
|j|☆NOAH MK2
|t:|1642426390
|gametype|singles
|player|p1|09hi|lucas-gen4pt|
|player|p2|NOAH MK2|266|
|teamsize|p1|6
|teamsize|p2|6
|gen|8
|tier|[Gen 8] National Dex AG
|rule|HP Percentage Mod: HP is shown in percentages
|rule|Endless Battle Clause: Forcing endless battles is banned
|rule|Species Clause: Limit one of each Pokémon
|rule|Item Clause: Limit one of each item
|clearpoke
|poke|p1|Gallade, M|
|poke|p1|Zapdos|
|poke|p1|Gliscor, F|
|poke|p1|Volcarona, F|
|poke|p1|Tapu Fini|
|poke|p1|Latias, F|
|poke|p2|Klefki, F|
|poke|p2|Chansey, F|
|poke|p2|Gothitelle, F|
|poke|p2|Salamence, F|
|poke|p2|Urshifu-*, M|
|poke|p2|Volcarona, F|
|teampreview
|
|t:|1642426399
|start
|switch|p1a: 엘레이드|Gallade, M|100/100
|switch|p2a: Klefki|Klefki, F|100/100
|turn|1
|
|t:|1642426405
|detailschange|p1a: 엘레이드|Gallade-Mega, M
|-mega|p1a: 엘레이드|Gallade|Galladite
|move|p2a: Klefki|Reflect|p2a: Klefki
|-sidestart|p2: NOAH MK2|Reflect
|move|p1a: 엘레이드|Swords Dance|p1a: 엘레이드
|-boost|p1a: 엘레이드|atk|2
|
|upkeep
|turn|2
|
|t:|1642426423
|switch|p2a: Salamence|Salamence, F|100/100
|-ability|p2a: Salamence|Intimidate|boost
|-fail|p1a: 엘레이드|unboost|Attack|[from] ability: Inner Focus|[of] p1a: 엘레이드
|move|p1a: 엘레이드|Close Combat|p2a: Salamence
|-resisted|p2a: Salamence
|-damage|p2a: Salamence|57/100
|-unboost|p1a: 엘레이드|def|1
|-unboost|p1a: 엘레이드|spd|1
|
|upkeep
|turn|3
|
|t:|1642426444
|switch|p1a: 카푸느지느|Tapu Fini|100/100
|-fieldstart|move: Misty Terrain|[from] ability: Misty Surge|[of] p1a: 카푸느지느
|detailschange|p2a: Salamence|Salamence-Mega, F
|-mega|p2a: Salamence|Salamence|Salamencite
|move|p2a: Salamence|Roost|p2a: Salamence
|-heal|p2a: Salamence|100/100
|-singleturn|p2a: Salamence|move: Roost
|
|upkeep
|turn|4
|
|t:|1642426457
|switch|p2a: Gothitelle|Gothitelle, F|100/100
|move|p1a: 카푸느지느|Calm Mind|p1a: 카푸느지느
|-boost|p1a: 카푸느지느|spa|1
|-boost|p1a: 카푸느지느|spd|1
|
|upkeep
|turn|5
|
|t:|1642426463
|move|p2a: Gothitelle|Trick|p1a: 카푸느지느
|-activate|p2a: Gothitelle|move: Trick|[of] p1a: 카푸느지느
|-item|p1a: 카푸느지느|Choice Specs|[from] move: Trick
|-item|p2a: Gothitelle|Leftovers|[from] move: Trick
|move|p1a: 카푸느지느|Taunt|p2a: Gothitelle
|-start|p2a: Gothitelle|move: Taunt
|
|upkeep
|turn|6
|
|t:|1642426473
|-start|p1a: 카푸느지느|Dynamax
|-heal|p1a: 카푸느지느|100/100|[silent]
|move|p2a: Gothitelle|Energy Ball|p1a: 카푸느지느
|-supereffective|p1a: 카푸느지느
|-damage|p1a: 카푸느지느|87/100
|move|p1a: 카푸느지느|Max Geyser|p2a: Gothitelle
|-damage|p2a: Gothitelle|24/100
|-weather|RainDance
|
|-weather|RainDance|[upkeep]
|-heal|p2a: Gothitelle|30/100|[from] item: Leftovers
|upkeep
|turn|7
|
|t:|1642426483
|switch|p2a: Chansey|Chansey, F|100/100
|move|p1a: 카푸느지느|Max Starfall|p2a: Chansey
|-damage|p2a: Chansey|80/100
|
|-weather|RainDance|[upkeep]
|-fieldend|Misty Terrain
|upkeep
|turn|8
|
|t:|1642426492
|move|p1a: 카푸느지느|Max Geyser|p2a: Chansey
|-damage|p2a: Chansey|48/100
|move|p2a: Chansey|Stealth Rock|p1a: 카푸느지느
|-sidestart|p1: 09hi|move: Stealth Rock
|
|-weather|RainDance|[upkeep]
|-sideend|p2: NOAH MK2|Reflect
|-end|p1a: 카푸느지느|Dynamax
|-heal|p1a: 카푸느지느|87/100|[silent]
|upkeep
|turn|9
|
|t:|1642426510
|switch|p1a: 엘레이드|Gallade-Mega, M|100/100
|-damage|p1a: 엘레이드|94/100|[from] Stealth Rock
|move|p2a: Chansey|Teleport|p2a: Chansey
|
|t:|1642426526
|switch|p2a: Salamence|Salamence-Mega, F|100/100|[from]move: Teleport
|
|-weather|RainDance|[upkeep]
|upkeep
|turn|10
|
|t:|1642426552
|switch|p2a: Urshifu|Urshifu-Rapid-Strike, M|100/100
|switch|p1a: 카푸느지느|Tapu Fini|87/100
|-damage|p1a: 카푸느지느|75/100|[from] Stealth Rock
|-fieldstart|move: Misty Terrain|[from] ability: Misty Surge|[of] p1a: 카푸느지느
|
|-weather|none
|upkeep
|turn|11
|
|t:|1642426564
|switch|p2a: Chansey|Chansey, F|48/100
|move|p1a: 카푸느지느|Surf|p2a: Chansey
|-damage|p2a: Chansey|35/100
|
|upkeep
|turn|12
|
|t:|1642426569
|move|p1a: 카푸느지느|Surf|p2a: Chansey
|-damage|p2a: Chansey|23/100
|move|p2a: Chansey|Teleport|p2a: Chansey
|
|t:|1642426572
|switch|p2a: Salamence|Salamence-Mega, F|100/100|[from]move: Teleport
|
|upkeep
|turn|13
|
|t:|1642426581
|switch|p1a: 글라이온|Gliscor, F|100/100
|-damage|p1a: 글라이온|88/100|[from] Stealth Rock
|move|p2a: Salamence|Dragon Dance|p2a: Salamence
|-boost|p2a: Salamence|atk|1
|-boost|p2a: Salamence|spe|1
|
|-status|p1a: 글라이온|tox|[from] item: Toxic Orb
|upkeep
|turn|14
|
|t:|1642426590
|move|p2a: Salamence|Substitute|p2a: Salamence
|-start|p2a: Salamence|Substitute
|-damage|p2a: Salamence|76/100
|move|p1a: 글라이온|Stone Edge|p2a: Salamence
|-supereffective|p2a: Salamence
|-end|p2a: Salamence|Substitute
|
|-heal|p1a: 글라이온|100/100 tox|[from] ability: Poison Heal
|-fieldend|Misty Terrain
|upkeep
|turn|15
|
|t:|1642426605
|move|p2a: Salamence|Dragon Dance|p2a: Salamence
|-boost|p2a: Salamence|atk|1
|-boost|p2a: Salamence|spe|1
|move|p1a: 글라이온|Guillotine|p2a: Salamence|[miss]
|-miss|p1a: 글라이온|p2a: Salamence
|
|upkeep
|turn|16
|
|t:|1642426612
|move|p2a: Salamence|Frustration|p1a: 글라이온
|-damage|p1a: 글라이온|0 fnt
|faint|p1a: 글라이온
|
|upkeep
|
|t:|1642426627
|switch|p1a: 썬더|Zapdos|100/100
|-damage|p1a: 썬더|75/100|[from] Stealth Rock
|turn|17
|
|t:|1642426633
|switch|p2a: Chansey|Chansey, F|23/100
|move|p1a: 썬더|Roost|p1a: 썬더
|-heal|p1a: 썬더|100/100
|-singleturn|p1a: 썬더|move: Roost
|
|upkeep
|turn|18
|
|t:|1642426640
|move|p1a: 썬더|Discharge|p2a: Chansey
|-damage|p2a: Chansey|12/100
|move|p2a: Chansey|Soft-Boiled|p2a: Chansey
|-heal|p2a: Chansey|62/100
|
|upkeep
|turn|19
|c|☆09hi|나는 럭키가 밉다
|
|t:|1642426657
|move|p1a: 썬더|Hurricane|p2a: Chansey|[miss]
|-miss|p1a: 썬더|p2a: Chansey
|move|p2a: Chansey|Teleport|p2a: Chansey
|
|t:|1642426671
|switch|p2a: Klefki|Klefki, F|100/100|[from]move: Teleport
|
|upkeep
|turn|20
|
|t:|1642426675
|move|p2a: Klefki|Light Screen|p2a: Klefki
|-sidestart|p2: NOAH MK2|move: Light Screen
|move|p1a: 썬더|Heat Wave|p2a: Klefki
|-supereffective|p2a: Klefki
|-damage|p2a: Klefki|67/100
|
|upkeep
|turn|21
|
|t:|1642426682
|move|p2a: Klefki|Reflect|p2a: Klefki
|-sidestart|p2: NOAH MK2|Reflect
|move|p1a: 썬더|Hurricane|p2a: Klefki
|-resisted|p2a: Klefki
|-damage|p2a: Klefki|54/100
|-start|p2a: Klefki|confusion
|
|upkeep
|turn|22
|
|t:|1642426690
|switch|p2a: Chansey|Chansey, F|62/100
|move|p1a: 썬더|Hurricane|p2a: Chansey|[miss]
|-miss|p1a: 썬더|p2a: Chansey
|
|upkeep
|turn|23
|
|t:|1642426696
|switch|p1a: 엘레이드|Gallade-Mega, M|94/100
|-damage|p1a: 엘레이드|88/100|[from] Stealth Rock
|move|p2a: Chansey|Teleport|p2a: Chansey
|
|t:|1642426701
|switch|p2a: Salamence|Salamence-Mega, F|76/100|[from]move: Teleport
|
|upkeep
|turn|24
|
|t:|1642426710
|switch|p1a: 썬더|Zapdos|100/100
|-damage|p1a: 썬더|75/100|[from] Stealth Rock
|move|p2a: Salamence|Substitute|p2a: Salamence
|-start|p2a: Salamence|Substitute
|-damage|p2a: Salamence|51/100
|
|upkeep
|turn|25
|
|t:|1642426718
|move|p2a: Salamence|Dragon Dance|p2a: Salamence
|-boost|p2a: Salamence|atk|1
|-boost|p2a: Salamence|spe|1
|move|p1a: 썬더|Discharge|p2a: Salamence
|-activate|p2a: Salamence|move: Substitute|[damage]
|
|upkeep
|turn|26
|
|t:|1642426726
|move|p2a: Salamence|Dragon Dance|p2a: Salamence
|-boost|p2a: Salamence|atk|1
|-boost|p2a: Salamence|spe|1
|move|p1a: 썬더|Discharge|p2a: Salamence
|-end|p2a: Salamence|Substitute
|
|upkeep
|turn|27
|
|t:|1642426733
|move|p2a: Salamence|Substitute|p2a: Salamence
|-start|p2a: Salamence|Substitute
|-damage|p2a: Salamence|26/100
|move|p1a: 썬더|Discharge|p2a: Salamence
|-activate|p2a: Salamence|move: Substitute|[damage]
|
|-sideend|p2: NOAH MK2|move: Light Screen
|upkeep
|turn|28
|
|t:|1642426748
|move|p2a: Salamence|Roost|p2a: Salamence
|-heal|p2a: Salamence|76/100
|-singleturn|p2a: Salamence|move: Roost
|move|p1a: 썬더|Discharge|p2a: Salamence
|-resisted|p2a: Salamence
|-end|p2a: Salamence|Substitute
|
|-sideend|p2: NOAH MK2|Reflect
|upkeep
|turn|29
|j|¹pokemonkorea co kr
|
|t:|1642426759
|move|p2a: Salamence|Frustration|p1a: 썬더
|-resisted|p1a: 썬더
|-damage|p1a: 썬더|24/100
|-damage|p2a: Salamence|60/100|[from] item: Rocky Helmet|[of] p1a: 썬더
|move|p1a: 썬더|Hurricane|p2a: Salamence
|-damage|p2a: Salamence|8/100
|
|upkeep
|turn|30
|
|t:|1642426775
|move|p2a: Salamence|Roost|p2a: Salamence
|-heal|p2a: Salamence|58/100
|-singleturn|p2a: Salamence|move: Roost
|move|p1a: 썬더|Discharge|p2a: Salamence
|-resisted|p2a: Salamence
|-damage|p2a: Salamence|39/100
|
|upkeep
|turn|31
|
|t:|1642426783
|move|p2a: Salamence|Frustration|p1a: 썬더
|-resisted|p1a: 썬더
|-damage|p1a: 썬더|0 fnt
|-damage|p2a: Salamence|23/100|[from] item: Rocky Helmet|[of] p1a: 썬더
|faint|p1a: 썬더
|
|upkeep
|
|t:|1642426791
|switch|p1a: 엘레이드|Gallade-Mega, M|88/100
|-damage|p1a: 엘레이드|82/100|[from] Stealth Rock
|turn|32
|
|t:|1642426798
|move|p1a: 엘레이드|Shadow Sneak|p2a: Salamence
|-damage|p2a: Salamence|9/100
|move|p2a: Salamence|Frustration|p1a: 엘레이드
|-supereffective|p1a: 엘레이드
|-damage|p1a: 엘레이드|0 fnt
|faint|p1a: 엘레이드
|
|upkeep
|
|t:|1642426814
|switch|p1a: 카푸느지느|Tapu Fini|75/100
|-damage|p1a: 카푸느지느|62/100|[from] Stealth Rock
|-fieldstart|move: Misty Terrain|[from] ability: Misty Surge|[of] p1a: 카푸느지느
|turn|33
|
|t:|1642426819
|switch|p1a: 불카모스|Volcarona, F|100/100
|move|p2a: Salamence|Frustration|p1a: 불카모스
|-supereffective|p1a: 불카모스
|-damage|p1a: 불카모스|0 fnt
|faint|p1a: 불카모스
|
|upkeep
|
|t:|1642426827
|switch|p1a: 카푸느지느|Tapu Fini|62/100
|-damage|p1a: 카푸느지느|50/100|[from] Stealth Rock
|turn|34
|c|☆09hi|ㅈㅈ
|-message|09hi forfeited.
|
|win|NOAH MK2
|l|☆09hi
|l|☆NOAH MK2
