|j|☆pokemonkorea co kr
|j|☆NOAH MK2
|t:|1642418601
|gametype|singles
|player|p1|pokemonkorea co kr|wally|
|player|p2|NOAH MK2|266|
|teamsize|p1|6
|teamsize|p2|6
|gen|8
|tier|[Gen 8] National Dex AG
|rule|HP Percentage Mod: HP is shown in percentages
|rule|Endless Battle Clause: Forcing endless battles is banned
|rule|Species Clause: Limit one of each Pokémon
|rule|Item Clause: Limit one of each item
|clearpoke
|poke|p1|Slowbro, M|
|poke|p1|Clefable, M|
|poke|p1|Blissey, F|
|poke|p1|Corviknight, M|
|poke|p1|Landorus-Therian, M|
|poke|p1|Lopunny, M|
|poke|p2|Gothitelle, M|
|poke|p2|Regieleki|
|poke|p2|Klefki, M|
|poke|p2|Chansey, F|
|poke|p2|Tapu Fini|
|poke|p2|Landorus-Therian, M|
|teampreview
|
|t:|1642418617
|start
|switch|p1a: Landorus|Landorus-Therian, M|100/100
|switch|p2a: Klefki|Klefki, M|100/100
|-ability|p1a: Landorus|Intimidate|boost
|-unboost|p2a: Klefki|atk|1
|turn|1
|
|t:|1642418625
|move|p2a: Klefki|Reflect|p2a: Klefki
|-sidestart|p2: NOAH MK2|Reflect
|move|p1a: Landorus|Knock Off|p2a: Klefki
|-resisted|p2a: Klefki
|-damage|p2a: Klefki|94/100
|-enditem|p2a: Klefki|Light Clay|[from] move: Knock Off|[of] p1a: Landorus
|
|upkeep
|turn|2
|
|t:|1642418632
|switch|p1a: Corviknight|Corviknight, M|100/100
|-ability|p1a: Corviknight|Pressure
|switch|p2a: Gothitelle|Gothitelle, M|100/100
|
|upkeep
|turn|3
|
|t:|1642418636
|move|p2a: Gothitelle|Trick|p1a: Corviknight
|-activate|p2a: Gothitelle|move: Trick|[of] p1a: Corviknight
|-item|p1a: Corviknight|Choice Specs|[from] move: Trick
|-item|p2a: Gothitelle|Shed Shell|[from] move: Trick
|move|p1a: Corviknight|U-turn|p2a: Gothitelle
|-supereffective|p2a: Gothitelle
|-damage|p2a: Gothitelle|81/100
|
|t:|1642418641
|switch|p1a: Blissey|Blissey, F|100/100|[from]move: U-turn
|
|upkeep
|turn|4
|
|t:|1642418648
|move|p2a: Gothitelle|Trick|p1a: Blissey
|-activate|p2a: Gothitelle|move: Trick|[of] p1a: Blissey
|-item|p1a: Blissey|Shed Shell|[from] move: Trick
|-item|p2a: Gothitelle|Heavy-Duty Boots|[from] move: Trick
|move|p1a: Blissey|Teleport|p1a: Blissey
|
|t:|1642418654
|switch|p1a: Landorus|Landorus-Therian, M|100/100|[from]move: Teleport
|-ability|p1a: Landorus|Intimidate|boost
|-unboost|p2a: Gothitelle|atk|1
|
|upkeep
|turn|5
|
|t:|1642418657
|move|p1a: Landorus|U-turn|p2a: Gothitelle
|-supereffective|p2a: Gothitelle
|-damage|p2a: Gothitelle|45/100
|
|t:|1642418660
|switch|p1a: Blissey|Blissey, F|100/100|[from]move: U-turn
|move|p2a: Gothitelle|Hidden Power|p1a: Blissey
|-damage|p1a: Blissey|95/100
|
|upkeep
|turn|6
|
|t:|1642418683
|switch|p2a: Tapu Fini|Tapu Fini|100/100
|-fieldstart|move: Misty Terrain|[from] ability: Misty Surge|[of] p2a: Tapu Fini
|move|p1a: Blissey|Seismic Toss|p2a: Tapu Fini
|-damage|p2a: Tapu Fini|71/100
|
|-heal|p2a: Tapu Fini|78/100|[from] item: Leftovers
|upkeep
|turn|7
|
|t:|1642418694
|switch|p1a: Clefable|Clefable, M|100/100
|move|p2a: Tapu Fini|Calm Mind|p2a: Tapu Fini
|-boost|p2a: Tapu Fini|spa|1
|-boost|p2a: Tapu Fini|spd|1
|
|-heal|p2a: Tapu Fini|84/100|[from] item: Leftovers
|upkeep
|turn|8
|
|t:|1642418698
|move|p2a: Tapu Fini|Taunt|p1a: Clefable
|-start|p1a: Clefable|move: Taunt
|move|p1a: Clefable|Knock Off|p2a: Tapu Fini
|-resisted|p2a: Tapu Fini
|-damage|p2a: Tapu Fini|80/100
|-enditem|p2a: Tapu Fini|Leftovers|[from] move: Knock Off|[of] p1a: Clefable
|
|-sideend|p2: NOAH MK2|Reflect
|upkeep
|turn|9
|
|t:|1642418704
|switch|p1a: Blissey|Blissey, F|95/100
|move|p2a: Tapu Fini|Calm Mind|p2a: Tapu Fini
|-boost|p2a: Tapu Fini|spa|1
|-boost|p2a: Tapu Fini|spd|1
|
|upkeep
|turn|10
|
|t:|1642418707
|move|p2a: Tapu Fini|Taunt|p1a: Blissey
|-start|p1a: Blissey|move: Taunt
|move|p1a: Blissey|Seismic Toss|p2a: Tapu Fini
|-damage|p2a: Tapu Fini|51/100
|
|-fieldend|Misty Terrain
|upkeep
|turn|11
|
|t:|1642418709
|move|p2a: Tapu Fini|Draining Kiss|p1a: Blissey
|-damage|p1a: Blissey|81/100
|-heal|p2a: Tapu Fini|72/100|[from] drain|[of] p1a: Blissey
|move|p1a: Blissey|Seismic Toss|p2a: Tapu Fini
|-damage|p2a: Tapu Fini|43/100
|
|upkeep
|turn|12
|
|t:|1642418713
|move|p2a: Tapu Fini|Draining Kiss|p1a: Blissey
|-damage|p1a: Blissey|65/100
|-heal|p2a: Tapu Fini|65/100|[from] drain|[of] p1a: Blissey
|move|p1a: Blissey|Seismic Toss|p2a: Tapu Fini
|-damage|p2a: Tapu Fini|36/100
|
|-end|p1a: Blissey|move: Taunt
|upkeep
|turn|13
|
|t:|1642418723
|move|p2a: Tapu Fini|Taunt|p1a: Blissey
|-start|p1a: Blissey|move: Taunt
|move|p1a: Blissey|Seismic Toss|p2a: Tapu Fini
|-damage|p2a: Tapu Fini|7/100
|
|upkeep
|turn|14
|
|t:|1642418725
|move|p2a: Tapu Fini|Draining Kiss|p1a: Blissey
|-damage|p1a: Blissey|49/100
|-heal|p2a: Tapu Fini|29/100|[from] drain|[of] p1a: Blissey
|move|p1a: Blissey|Seismic Toss|p2a: Tapu Fini
|-damage|p2a: Tapu Fini|0 fnt
|faint|p2a: Tapu Fini
|
|upkeep
|j| shangusVGC
|
|t:|1642418734
|switch|p2a: Landorus|Landorus-Therian, M|100/100
|-ability|p2a: Landorus|Intimidate|boost
|-unboost|p1a: Blissey|atk|1
|turn|15
|
|t:|1642418739
|switch|p1a: Slowbro|Slowbro, M|100/100
|move|p2a: Landorus|Swords Dance|p2a: Landorus
|-boost|p2a: Landorus|atk|2
|
|upkeep
|turn|16
|
|t:|1642418746
|switch|p2a: Chansey|Chansey, F|100/100
|switch|p1a: Corviknight|Corviknight, M|100/100
|-ability|p1a: Corviknight|Pressure
|
|upkeep
|turn|17
|
|t:|1642418751
|move|p1a: Corviknight|U-turn|p2a: Chansey
|-damage|p2a: Chansey|92/100
|
|t:|1642418759
|switch|p1a: Blissey|Blissey, F|49/100|[from]move: U-turn
|move|p2a: Chansey|Stealth Rock|p1a: Blissey
|-sidestart|p1: pokemonkorea co kr|move: Stealth Rock
|
|upkeep
|turn|18
|
|t:|1642418763
|move|p1a: Blissey|Soft-Boiled|p1a: Blissey
|-heal|p1a: Blissey|99/100
|move|p2a: Chansey|Teleport|p2a: Chansey
|
|t:|1642418767
|switch|p2a: Landorus|Landorus-Therian, M|100/100|[from]move: Teleport
|-ability|p2a: Landorus|Intimidate|boost
|-unboost|p1a: Blissey|atk|1
|
|upkeep
|turn|19
|
|t:|1642418770
|move|p2a: Landorus|Swords Dance|p2a: Landorus
|-boost|p2a: Landorus|atk|2
|move|p1a: Blissey|Teleport|p1a: Blissey
|
|t:|1642418774
|switch|p1a: Slowbro|Slowbro, M|100/100|[from]move: Teleport
|-damage|p1a: Slowbro|88/100|[from] Stealth Rock
|
|upkeep
|turn|20
|
|t:|1642418785
|switch|p2a: Gothitelle|Gothitelle, M|45/100
|switch|p1a: Corviknight|Corviknight, M|100/100
|-damage|p1a: Corviknight|88/100|[from] Stealth Rock
|-ability|p1a: Corviknight|Pressure
|
|upkeep
|turn|21
|
|t:|1642418792
|switch|p2a: Klefki|Klefki, M|94/100
|move|p1a: Corviknight|Defog|p2a: Klefki
|-unboost|p2a: Klefki|evasion|1
|-sideend|p1: pokemonkorea co kr|Stealth Rock|[from] move: Defog|[of] p1a: Corviknight
|
|upkeep
|turn|22
|
|t:|1642418802
|switch|p1a: Blissey|Blissey, F|99/100
|move|p2a: Klefki|Reflect|p2a: Klefki
|-sidestart|p2: NOAH MK2|Reflect
|
|upkeep
|turn|23
|
|t:|1642418805
|switch|p2a: Chansey|Chansey, F|92/100
|move|p1a: Blissey|Seismic Toss|p2a: Chansey
|-damage|p2a: Chansey|77/100
|
|upkeep
|turn|24
|
|t:|1642418811
|move|p2a: Chansey|Stealth Rock|p1a: Blissey
|-sidestart|p1: pokemonkorea co kr|move: Stealth Rock
|move|p1a: Blissey|Teleport|p1a: Blissey
|
|t:|1642418813
|switch|p1a: Clefable|Clefable, M|100/100|[from]move: Teleport
|
|upkeep
|turn|25
|
|t:|1642418829
|move|p1a: Clefable|Knock Off|p2a: Chansey
|-damage|p2a: Chansey|72/100
|-enditem|p2a: Chansey|Eviolite|[from] move: Knock Off|[of] p1a: Clefable
|move|p2a: Chansey|Teleport|p2a: Chansey
|
|t:|1642418835
|switch|p2a: Landorus|Landorus-Therian, M|100/100|[from]move: Teleport
|-ability|p2a: Landorus|Intimidate|boost
|-unboost|p1a: Clefable|atk|1
|
|upkeep
|turn|26
|
|t:|1642418843
|switch|p1a: Slowbro|Slowbro, M|100/100
|-damage|p1a: Slowbro|88/100|[from] Stealth Rock
|move|p2a: Landorus|Swords Dance|p2a: Landorus
|-boost|p2a: Landorus|atk|2
|
|-sideend|p2: NOAH MK2|Reflect
|upkeep
|turn|27
|
|t:|1642418860
|switch|p2a: Chansey|Chansey, F|72/100
|switch|p1a: Corviknight|Corviknight, M|88/100
|-damage|p1a: Corviknight|75/100|[from] Stealth Rock
|-ability|p1a: Corviknight|Pressure
|
|upkeep
|turn|28
|
|t:|1642418866
|move|p1a: Corviknight|Defog|p2a: Chansey
|-unboost|p2a: Chansey|evasion|1
|-sideend|p1: pokemonkorea co kr|Stealth Rock|[from] move: Defog|[of] p1a: Corviknight
|move|p2a: Chansey|Teleport|p2a: Chansey
|
|t:|1642418870
|switch|p2a: Gothitelle|Gothitelle, M|45/100|[from]move: Teleport
|
|upkeep
|turn|29
|
|t:|1642418873
|move|p2a: Gothitelle|Psychic|p1a: Corviknight
|-resisted|p1a: Corviknight
|-damage|p1a: Corviknight|58/100
|move|p1a: Corviknight|Defog|p2a: Gothitelle
|-unboost|p2a: Gothitelle|evasion|1
|
|upkeep
|turn|30
|
|t:|1642418876
|move|p2a: Gothitelle|Psychic|p1a: Corviknight
|-resisted|p1a: Corviknight
|-damage|p1a: Corviknight|39/100
|move|p1a: Corviknight|Defog|p2a: Gothitelle
|-unboost|p2a: Gothitelle|evasion|1
|
|upkeep
|turn|31
|
|t:|1642418879
|move|p2a: Gothitelle|Psychic|p1a: Corviknight
|-resisted|p1a: Corviknight
|-damage|p1a: Corviknight|22/100
|move|p1a: Corviknight|Defog|p2a: Gothitelle
|-unboost|p2a: Gothitelle|evasion|1
|
|upkeep
|turn|32
|
|t:|1642418882
|move|p2a: Gothitelle|Psychic|p1a: Corviknight
|-resisted|p1a: Corviknight
|-damage|p1a: Corviknight|4/100
|move|p1a: Corviknight|Defog|p2a: Gothitelle
|-unboost|p2a: Gothitelle|evasion|1
|
|upkeep
|turn|33
|
|t:|1642418889
|switch|p2a: Chansey|Chansey, F|72/100
|move|p1a: Corviknight|Defog|p2a: Chansey
|-unboost|p2a: Chansey|evasion|1
|
|upkeep
|turn|34
|
|t:|1642418898
|switch|p1a: Lopunny|Lopunny, M|100/100
|move|p2a: Chansey|Stealth Rock|p1a: Lopunny
|-sidestart|p1: pokemonkorea co kr|move: Stealth Rock
|
|upkeep
|turn|35
|
|t:|1642418904
|detailschange|p1a: Lopunny|Lopunny-Mega, M
|-mega|p1a: Lopunny|Lopunny|Lopunnite
|move|p1a: Lopunny|Return|p2a: Chansey
|-damage|p2a: Chansey|22/100
|move|p2a: Chansey|Teleport|p2a: Chansey
|
|t:|1642418913
|switch|p2a: Regieleki|Regieleki|100/100|[from]move: Teleport
|
|upkeep
|turn|36
|j| 09hi
|
|t:|1642418924
|switch|p1a: Landorus|Landorus-Therian, M|100/100
|-damage|p1a: Landorus|88/100|[from] Stealth Rock
|-ability|p1a: Landorus|Intimidate|boost
|-unboost|p2a: Regieleki|atk|1
|-start|p2a: Regieleki|Dynamax
|-heal|p2a: Regieleki|100/100|[silent]
|move|p2a: Regieleki|Max Strike|p1a: Landorus
|-damage|p1a: Landorus|20/100
|-unboost|p1a: Landorus|spe|1
|-damage|p2a: Regieleki|96/100|[from] item: Life Orb
|
|upkeep
|turn|37
|j| phantom crystal
|
|t:|1642418944
|switch|p1a: Corviknight|Corviknight, M|4/100
|-damage|p1a: Corviknight|0 fnt|[from] Stealth Rock
|faint|p1a: Corviknight
|move|p2a: Regieleki|Max Strike|p1: Corviknight|[notarget]
|-fail|p2a: Regieleki
|
|upkeep
|
|t:|1642418946
|switch|p1a: Blissey|Blissey, F|99/100
|-damage|p1a: Blissey|87/100|[from] Stealth Rock
|turn|38
|
|t:|1642418952
|move|p2a: Regieleki|Max Lightning|p1a: Blissey
|-damage|p1a: Blissey|49/100
|-fieldstart|move: Electric Terrain
|-damage|p2a: Regieleki|91/100|[from] item: Life Orb
|move|p1a: Blissey|Toxic|p2a: Regieleki
|-status|p2a: Regieleki|tox
|
|-damage|p2a: Regieleki|88/100 tox|[from] psn
|-end|p2a: Regieleki|Dynamax
|-heal|p2a: Regieleki|88/100 tox|[silent]
|upkeep
|turn|39
|
|t:|1642418961
|move|p2a: Regieleki|Electro Ball|p1a: Blissey
|-damage|p1a: Blissey|4/100
|-damage|p2a: Regieleki|78/100 tox|[from] item: Life Orb
|move|p1a: Blissey|Soft-Boiled|p1a: Blissey
|-heal|p1a: Blissey|54/100
|
|-damage|p2a: Regieleki|66/100 tox|[from] psn
|upkeep
|turn|40
|
|t:|1642418965
|move|p2a: Regieleki|Volt Switch|p1a: Blissey
|-damage|p1a: Blissey|29/100
|-damage|p2a: Regieleki|56/100 tox|[from] item: Life Orb
|
|t:|1642418969
|switch|p2a: Landorus|Landorus-Therian, M|100/100|[from]move: Volt Switch
|-ability|p2a: Landorus|Intimidate|boost
|-unboost|p1a: Blissey|atk|1
|move|p1a: Blissey|Soft-Boiled|p1a: Blissey
|-heal|p1a: Blissey|79/100
|
|upkeep
|turn|41
|
|t:|1642418977
|switch|p1a: Slowbro|Slowbro, M|100/100
|-damage|p1a: Slowbro|88/100|[from] Stealth Rock
|move|p2a: Landorus|Swords Dance|p2a: Landorus
|-boost|p2a: Landorus|atk|2
|
|upkeep
|turn|42
|
|t:|1642419014
|switch|p2a: Chansey|Chansey, F|22/100
|move|p1a: Slowbro|Ice Beam|p2a: Chansey
|-damage|p2a: Chansey|12/100
|
|-fieldend|move: Electric Terrain
|upkeep
|turn|43
|
|t:|1642419020
|move|p2a: Chansey|Teleport|p2a: Chansey
|
|t:|1642419023
|switch|p2a: Klefki|Klefki, M|94/100|[from]move: Teleport
|move|p1a: Slowbro|Teleport|p1a: Slowbro
|
|t:|1642419033
|switch|p1a: Clefable|Clefable, M|100/100|[from]move: Teleport
|
|upkeep
|turn|44
|
|t:|1642419038
|move|p2a: Klefki|Light Screen|p2a: Klefki
|-sidestart|p2: NOAH MK2|move: Light Screen
|move|p1a: Clefable|Stealth Rock|p2a: Klefki
|-sidestart|p2: NOAH MK2|move: Stealth Rock
|
|upkeep
|turn|45
|
|t:|1642419042
|switch|p1a: Blissey|Blissey, F|79/100
|-damage|p1a: Blissey|67/100|[from] Stealth Rock
|move|p2a: Klefki|Reflect|p2a: Klefki
|-sidestart|p2: NOAH MK2|Reflect
|
|upkeep
|turn|46
|
|t:|1642419049
|move|p2a: Klefki|Steel Beam|p1a: Blissey
|-damage|p1a: Blissey|54/100
|-damage|p2a: Klefki|44/100|[from] mindblown
|move|p1a: Blissey|Soft-Boiled|p1a: Blissey
|-heal|p1a: Blissey|100/100
|
|upkeep
|turn|47
|
|t:|1642419054
|switch|p2a: Landorus|Landorus-Therian, M|100/100
|-damage|p2a: Landorus|88/100|[from] Stealth Rock
|-ability|p2a: Landorus|Intimidate|boost
|-unboost|p1a: Blissey|atk|1
|move|p1a: Blissey|Seismic Toss|p2a: Landorus
|-damage|p2a: Landorus|57/100
|
|upkeep
|turn|48
|
|t:|1642419058
|move|p2a: Landorus|Swords Dance|p2a: Landorus
|-boost|p2a: Landorus|atk|2
|move|p1a: Blissey|Teleport|p1a: Blissey
|
|t:|1642419061
|switch|p1a: Slowbro|Slowbro, M|100/100|[from]move: Teleport
|-damage|p1a: Slowbro|88/100|[from] Stealth Rock
|
|-sideend|p2: NOAH MK2|move: Light Screen
|upkeep
|turn|49
|
|t:|1642419068
|-start|p1a: Slowbro|Dynamax
|-heal|p1a: Slowbro|88/100|[silent]
|move|p2a: Landorus|Earthquake|p1a: Slowbro
|-damage|p1a: Slowbro|56/100
|move|p1a: Slowbro|Max Hailstorm|p2a: Landorus
|-supereffective|p2a: Landorus
|-damage|p2a: Landorus|0 fnt
|-weather|Hail
|faint|p2a: Landorus
|
|-weather|Hail|[upkeep]
|-damage|p1a: Slowbro|53/100|[from] Hail
|-sideend|p2: NOAH MK2|Reflect
|upkeep
|
|t:|1642419071
|switch|p2a: Gothitelle|Gothitelle, M|45/100
|turn|50
|
|t:|1642419076
|move|p2a: Gothitelle|Energy Ball|p1a: Slowbro
|-supereffective|p1a: Slowbro
|-crit|p1a: Slowbro
|-damage|p1a: Slowbro|16/100
|move|p1a: Slowbro|Max Hailstorm|p2a: Gothitelle
|-damage|p2a: Gothitelle|14/100
|
|-weather|Hail|[upkeep]
|-damage|p2a: Gothitelle|8/100|[from] Hail
|-damage|p1a: Slowbro|13/100|[from] Hail
|upkeep
|turn|51
|
|t:|1642419082
|move|p1a: Slowbro|Max Guard|p1a: Slowbro
|-singleturn|p1a: Slowbro|Max Guard
|move|p2a: Gothitelle|Energy Ball|p1a: Slowbro
|-activate|p1a: Slowbro|move: Max Guard
|
|-weather|Hail|[upkeep]
|-damage|p2a: Gothitelle|2/100|[from] Hail
|-damage|p1a: Slowbro|10/100|[from] Hail
|-end|p1a: Slowbro|Dynamax
|-heal|p1a: Slowbro|10/100|[silent]
|upkeep
|turn|52
|
|t:|1642419084
|move|p2a: Gothitelle|Energy Ball|p1a: Slowbro
|-supereffective|p1a: Slowbro
|-damage|p1a: Slowbro|0 fnt
|faint|p1a: Slowbro
|
|-weather|Hail|[upkeep]
|-damage|p2a: Gothitelle|0 fnt|[from] Hail
|faint|p2a: Gothitelle
|upkeep
|
|t:|1642419088
|switch|p2a: Klefki|Klefki, M|44/100
|switch|p1a: Lopunny|Lopunny-Mega, M|100/100
|-damage|p1a: Lopunny|95/100|[from] Stealth Rock
|-damage|p2a: Klefki|38/100|[from] Stealth Rock
|turn|53
|
|t:|1642419090
|move|p2a: Klefki|Reflect|p2a: Klefki
|-sidestart|p2: NOAH MK2|Reflect
|move|p1a: Lopunny|Close Combat|p2a: Klefki
|-damage|p2a: Klefki|12/100
|-unboost|p1a: Lopunny|def|1
|-unboost|p1a: Lopunny|spd|1
|
|-weather|none
|upkeep
|turn|54
|
|t:|1642419092
|move|p2a: Klefki|Light Screen|p2a: Klefki
|-sidestart|p2: NOAH MK2|move: Light Screen
|move|p1a: Lopunny|Close Combat|p2a: Klefki
|-damage|p2a: Klefki|0 fnt
|-unboost|p1a: Lopunny|def|1
|-unboost|p1a: Lopunny|spd|1
|faint|p2a: Klefki
|
|upkeep
|
|t:|1642419094
|switch|p2a: Regieleki|Regieleki|56/100 tox
|-damage|p2a: Regieleki|43/100 tox|[from] Stealth Rock
|turn|55
|
|t:|1642419103
|switch|p1a: Landorus|Landorus-Therian, M|20/100
|-damage|p1a: Landorus|8/100|[from] Stealth Rock
|-ability|p1a: Landorus|Intimidate|boost
|-unboost|p2a: Regieleki|atk|1
|move|p2a: Regieleki|Hyper Beam|p1a: Landorus
|-damage|p1a: Landorus|0 fnt
|-mustrecharge|p2a: Regieleki
|faint|p1a: Landorus
|-damage|p2a: Regieleki|33/100 tox|[from] item: Life Orb
|
|-damage|p2a: Regieleki|27/100 tox|[from] psn
|upkeep
|
|t:|1642419105
|switch|p1a: Blissey|Blissey, F|100/100
|-damage|p1a: Blissey|88/100|[from] Stealth Rock
|turn|56
|
|t:|1642419107
|cant|p2a: Regieleki|recharge
|move|p1a: Blissey|Seismic Toss|p2a: Regieleki
|-damage|p2a: Regieleki|0 fnt
|faint|p2a: Regieleki
|
|upkeep
|
|t:|1642419109
|switch|p2a: Chansey|Chansey, F|12/100
|-damage|p2a: Chansey|0 fnt|[from] Stealth Rock
|faint|p2a: Chansey
|
|win|pokemonkorea co kr
