|j|☆tenalek
|j|☆NOAH MK2
|t:|1636082647
|gametype|singles
|player|p1|tenalek|pokemaniac-gen3rs|
|player|p2|NOAH MK2|266|
|teamsize|p1|6
|teamsize|p2|6
|gen|8
|tier|[Gen 8] National Dex AG
|rule|HP Percentage Mod: HP is shown in percentages
|rule|Endless Battle Clause: Forcing endless battles is banned
|rule|Species Clause: Limit one of each Pokémon
|rule|Item Clause: Limit one of each item
|clearpoke
|poke|p1|Regigigas|
|poke|p1|Blaziken, M|
|poke|p1|Regieleki|
|poke|p1|Dracovish|
|poke|p1|Xatu, M|
|poke|p1|Dubwool, M|
|poke|p2|Gengar, M|
|poke|p2|Garchomp, F|
|poke|p2|Klefki, M|
|poke|p2|Chansey, F|
|poke|p2|Slowbro, M|
|poke|p2|Volcarona, F|
|teampreview
|j| Mozaik_Role
|
|t:|1636082658
|start
|switch|p1a: Blaziken|Blaziken, M|100/100
|switch|p2a: Gengar|Gengar, M|100/100
|turn|1
|
|t:|1636082661
|detailschange|p2a: Gengar|Gengar-Mega, M
|-mega|p2a: Gengar|Gengar|Gengarite
|detailschange|p1a: Blaziken|Blaziken-Mega, M
|-mega|p1a: Blaziken|Blaziken|Blazikenite
|move|p1a: Blaziken|Protect|p1a: Blaziken
|-singleturn|p1a: Blaziken|Protect
|move|p2a: Gengar|Substitute|p2a: Gengar
|-start|p2a: Gengar|Substitute
|-damage|p2a: Gengar|76/100
|
|-ability|p1a: Blaziken|Speed Boost|boost
|-boost|p1a: Blaziken|spe|1
|upkeep
|turn|2
|
|t:|1636082675
|move|p1a: Blaziken|Substitute|p1a: Blaziken
|-start|p1a: Blaziken|Substitute
|-damage|p1a: Blaziken|75/100
|move|p2a: Gengar|Sludge Wave|p1a: Blaziken
|-end|p1a: Blaziken|Substitute
|
|-ability|p1a: Blaziken|Speed Boost|boost
|-boost|p1a: Blaziken|spe|1
|upkeep
|turn|3
|
|t:|1636082685
|move|p1a: Blaziken|Protect|p1a: Blaziken
|-singleturn|p1a: Blaziken|Protect
|move|p2a: Gengar|Sludge Wave|p1a: Blaziken
|-activate|p1a: Blaziken|move: Protect
|
|-ability|p1a: Blaziken|Speed Boost|boost
|-boost|p1a: Blaziken|spe|1
|upkeep
|turn|4
|
|t:|1636082696
|move|p1a: Blaziken|Swords Dance|p1a: Blaziken
|-boost|p1a: Blaziken|atk|2
|move|p2a: Gengar|Sludge Wave|p1a: Blaziken
|-damage|p1a: Blaziken|13/100
|
|-ability|p1a: Blaziken|Speed Boost|boost
|-boost|p1a: Blaziken|spe|1
|upkeep
|turn|5
|
|t:|1636082702
|move|p1a: Blaziken|Protect|p1a: Blaziken
|-singleturn|p1a: Blaziken|Protect
|move|p2a: Gengar|Sludge Wave|p1a: Blaziken
|-activate|p1a: Blaziken|move: Protect
|
|-ability|p1a: Blaziken|Speed Boost|boost
|-boost|p1a: Blaziken|spe|1
|upkeep
|turn|6
|
|t:|1636082708
|move|p1a: Blaziken|Baton Pass|p1a: Blaziken
|
|t:|1636082709
|switch|p1a: Regigigas|Regigigas|100/100|[from]move: Baton Pass
|-start|p1a: Regigigas|ability: Slow Start
|move|p2a: Gengar|Sludge Wave|p1a: Regigigas
|-damage|p1a: Regigigas|73/100
|
|upkeep
|turn|7
|
|t:|1636082720
|move|p1a: Regigigas|Earthquake|p2a: Gengar
|-supereffective|p2a: Gengar
|-end|p2a: Gengar|Substitute
|move|p2a: Gengar|Encore|p1a: Regigigas
|-start|p1a: Regigigas|Encore
|
|upkeep
|turn|8
|
|t:|1636082730
|switch|p2a: Slowbro|Slowbro, M|100/100
|move|p1a: Regigigas|Earthquake|p2a: Slowbro
|-damage|p2a: Slowbro|75/100
|
|upkeep
|turn|9
|
|t:|1636082742
|-start|p1a: Regigigas|Dynamax
|-heal|p1a: Regigigas|73/100|[silent]
|move|p1a: Regigigas|Max Knuckle|p2a: Slowbro
|-resisted|p2a: Slowbro
|-damage|p2a: Slowbro|63/100
|-boost|p1a: Regigigas|atk|1
|move|p2a: Slowbro|Scald|p1a: Regigigas
|-damage|p1a: Regigigas|66/100
|
|upkeep
|turn|10
|
|t:|1636082747
|move|p1a: Regigigas|Max Strike|p2a: Slowbro
|-damage|p2a: Slowbro|0 fnt
|faint|p2a: Slowbro
|
|-end|p1a: Regigigas|Encore
|-end|p1a: Regigigas|Slow Start
|upkeep
|
|t:|1636082754
|switch|p2a: Klefki|Klefki, M|100/100
|turn|11
|
|t:|1636082758
|move|p2a: Klefki|Reflect|p2a: Klefki
|-sidestart|p2: NOAH MK2|Reflect
|move|p1a: Regigigas|Max Knuckle|p2a: Klefki
|-damage|p2a: Klefki|58/100
|-boost|p1a: Regigigas|atk|1
|
|-end|p1a: Regigigas|Dynamax
|-heal|p1a: Regigigas|66/100|[silent]
|upkeep
|turn|12
|
|t:|1636082766
|move|p2a: Klefki|Spikes|p1a: Regigigas
|-sidestart|p1: tenalek|Spikes
|move|p1a: Regigigas|Earthquake|p2a: Klefki
|-supereffective|p2a: Klefki
|-damage|p2a: Klefki|0 fnt
|faint|p2a: Klefki
|
|upkeep
|
|t:|1636082771
|switch|p2a: Garchomp|Garchomp, F|100/100
|turn|13
|
|t:|1636082775
|-start|p2a: Garchomp|Dynamax
|-heal|p2a: Garchomp|100/100|[silent]
|move|p1a: Regigigas|Ice Punch|p2a: Garchomp
|-supereffective|p2a: Garchomp
|-damage|p2a: Garchomp|0 fnt
|-damage|p1a: Regigigas|54/100|[from] ability: Rough Skin|[of] p2a: Garchomp
|faint|p2a: Garchomp
|
|upkeep
|c|☆NOAH MK2|어
|c|☆NOAH MK2|냉펀
|c|☆NOAH MK2|배우네
|
|t:|1636082788
|switch|p2a: Volcarona|Volcarona, F|100/100
|turn|14
|
|t:|1636082791
|move|p1a: Regigigas|Crush Grip|p2a: Volcarona
|-damage|p2a: Volcarona|0 fnt
|faint|p2a: Volcarona
|
|upkeep
|
|t:|1636082797
|switch|p2a: Chansey|Chansey, F|100/100
|turn|15
|
|t:|1636082801
|move|p1a: Regigigas|Drain Punch|p2a: Chansey
|-supereffective|p2a: Chansey
|-damage|p2a: Chansey|31/100
|-heal|p1a: Regigigas|100/100|[from] drain|[of] p2a: Chansey
|move|p2a: Chansey|Stealth Rock|p1a: Regigigas
|-sidestart|p1: tenalek|move: Stealth Rock
|
|upkeep
|turn|16
|
|t:|1636082805
|switch|p2a: Gengar|Gengar-Mega, M|76/100
|move|p1a: Regigigas|Crush Grip|p2a: Gengar
|-immune|p2a: Gengar
|
|upkeep
|turn|17
|
|t:|1636082807
|move|p1a: Regigigas|Earthquake|p2a: Gengar
|-supereffective|p2a: Gengar
|-damage|p2a: Gengar|0 fnt
|faint|p2a: Gengar
|
|upkeep
|
|t:|1636082809
|switch|p2a: Chansey|Chansey, F|31/100
|turn|18
|
|t:|1636082811
|move|p1a: Regigigas|Crush Grip|p2a: Chansey
|-damage|p2a: Chansey|8/100
|move|p2a: Chansey|Seismic Toss|p1a: Regigigas
|-damage|p1a: Regigigas|77/100
|
|-sideend|p2: NOAH MK2|Reflect
|upkeep
|turn|19
|c|☆NOAH MK2|ㅈㅈ
|
|t:|1636082818
|move|p1a: Regigigas|Drain Punch|p2a: Chansey
|-supereffective|p2a: Chansey
|-damage|p2a: Chansey|0 fnt
|-heal|p1a: Regigigas|83/100|[from] drain|[of] p2a: Chansey
|faint|p2a: Chansey
|
|win|tenalek
|l|☆NOAH MK2
