|j|☆lmisdreavus
|j|☆followme04
|t:|1609186732
|player|p1|lmisdreavus|170|
|player|p2|followme04|rosa|
|teamsize|p1|6
|teamsize|p2|6
|gametype|singles
|gen|8
|tier|[Gen 8] National Dex AG
|rated|Tournament battle
|clearpoke
|poke|p1|Landorus-Therian, M|
|poke|p1|Serperior, F|
|poke|p1|Seismitoad, F|
|poke|p1|Bisharp, F|
|poke|p1|Amoonguss, F|
|poke|p1|Alomomola, M|
|poke|p2|Gigalith, M|
|poke|p2|Excadrill, M|
|poke|p2|Amoonguss, F|
|poke|p2|Reuniclus, F|
|poke|p2|Mandibuzz, F|
|poke|p2|Krookodile, M|
|rule|HP Percentage Mod: HP is shown in percentages
|rule|Endless Battle Clause: Forcing endless battles is banned
|rule|Species Clause: Limit one of each Pokémon
|rule|Item Clause: Limit one of each item
|teampreview
|j|+rlaeownd
|j|@Snommmm
|j| Sjhh0721
|c|@Snommmm|또킹세대
|c|@Snommmm|ㅋㅋ
|c|☆followme04|왜자꾸 5세대만만나지
|c|+rlaeownd|무야~호
|
|t:|1609186752
|start
|switch|p1a: Serperior|Serperior, F|100/100
|switch|p2a: Gigalith|Gigalith, M|100/100
|-weather|Sandstorm|[from] ability: Sand Stream|[of] p2a: Gigalith
|turn|1
|c| Sjhh0721|5세대가 메진 없는것만 보면 사기임
|
|t:|1609186762
|switch|p2a: Amoonguss|Amoonguss, F|100/100
|move|p1a: Serperior|Leaf Storm|p2a: Amoonguss
|-resisted|p2a: Amoonguss
|-damage|p2a: Amoonguss|92/100
|-boost|p1a: Serperior|spa|2
|
|-weather|Sandstorm|[upkeep]
|-damage|p1a: Serperior|94/100|[from] Sandstorm
|-damage|p2a: Amoonguss|86/100|[from] Sandstorm
|-heal|p1a: Serperior|100/100|[from] item: Leftovers
|upkeep
|turn|2
|
|t:|1609186771
|move|p1a: Serperior|Substitute|p1a: Serperior
|-start|p1a: Serperior|Substitute
|-damage|p1a: Serperior|76/100
|move|p2a: Amoonguss|Clear Smog|p1a: Serperior
|-supereffective|p1a: Serperior
|-end|p1a: Serperior|Substitute
|
|-weather|Sandstorm|[upkeep]
|-damage|p1a: Serperior|69/100|[from] Sandstorm
|-damage|p2a: Amoonguss|79/100|[from] Sandstorm
|-heal|p1a: Serperior|76/100|[from] item: Leftovers
|upkeep
|turn|3
|
|t:|1609186778
|switch|p1a: 임포스터|Amoonguss, F|100/100
|move|p2a: Amoonguss|Clear Smog|p1a: 임포스터
|-damage|p1a: 임포스터|91/100
|-clearboost|p1a: 임포스터
|
|-weather|Sandstorm|[upkeep]
|-damage|p2a: Amoonguss|73/100|[from] Sandstorm
|-damage|p1a: 임포스터|84/100|[from] Sandstorm
|-heal|p1a: 임포스터|91/100|[from] item: Black Sludge
|upkeep
|turn|4
|
|t:|1609186786
|switch|p2a: Mandibuzz|Mandibuzz, F|100/100
|move|p1a: 임포스터|Substitute|p1a: 임포스터
|-start|p1a: 임포스터|Substitute
|-damage|p1a: 임포스터|66/100
|
|-weather|Sandstorm|[upkeep]
|-damage|p1a: 임포스터|60/100|[from] Sandstorm
|-heal|p1a: 임포스터|66/100|[from] item: Black Sludge
|upkeep
|turn|5
|j|+korno1man
|
|t:|1609186798
|switch|p1a: Bisharp|Bisharp, F|100/100
|move|p2a: Mandibuzz|Foul Play|p1a: Bisharp
|-resisted|p1a: Bisharp
|-damage|p1a: Bisharp|68/100
|
|-weather|Sandstorm|[upkeep]
|upkeep
|turn|6
|c|+korno1man|5세대전
|
|t:|1609186812
|move|p1a: Bisharp|Thunder Wave|p2a: Mandibuzz
|-status|p2a: Mandibuzz|par
|cant|p2a: Mandibuzz|par
|
|-weather|Sandstorm|[upkeep]
|upkeep
|turn|7
|c|☆followme04|전자파 절각참머임??
|
|t:|1609186824
|move|p1a: Bisharp|Stealth Rock|p2a: Mandibuzz
|-sidestart|p2: followme04|move: Stealth Rock
|move|p2a: Mandibuzz|U-turn|p1a: Bisharp
|-damage|p1a: Bisharp|52/100
|
|t:|1609186829
|switch|p2a: Excadrill|Excadrill, M|100/100|[from]move: U-turn
|-damage|p2a: Excadrill|97/100|[from] Stealth Rock
|
|-weather|Sandstorm|[upkeep]
|upkeep
|turn|8
|c|+korno1man|누가더 홍어짓을할까
|c| Sjhh0721|스핏 보완하려고 넣은건가
|
|t:|1609186838
|switch|p1a: Landorus|Landorus-Therian, M|100/100
|-ability|p1a: Landorus|Intimidate|boost
|-unboost|p2a: Excadrill|atk|1
|move|p2a: Excadrill|Swords Dance|p2a: Excadrill
|-boost|p2a: Excadrill|atk|2
|
|-weather|none
|upkeep
|turn|9
|c| Sjhh0721|서로 이악물고 뽀록나 대비한것같은데
|j|+pokemonkorea co kr
|c|☆lmisdreavus|잠만
|c|☆lmisdreavus|아
|c|☆lmisdreavus|아니구나
|
|t:|1609186880
|switch|p2a: Mandibuzz|Mandibuzz, F|100/100 par
|move|p1a: Landorus|Swords Dance|p1a: Landorus
|-boost|p1a: Landorus|atk|2
|
|upkeep
|turn|10
|c|☆followme04|나는 그냥 테네브로스가 준 파티쓰는데
|c|+rlaeownd|이걸 지진을 참는다고?
|c| Sjhh0721|이야
|
|t:|1609186892
|-start|p1a: Landorus|Dynamax
|-heal|p1a: Landorus|100/100|[silent]
|move|p1a: Landorus|Max Rockfall|p2a: Mandibuzz
|-supereffective|p2a: Mandibuzz
|-damage|p2a: Mandibuzz|8/100 par
|-weather|Sandstorm
|move|p2a: Mandibuzz|Foul Play|p1a: Landorus
|-damage|p1a: Landorus|46/100
|-enditem|p1a: Landorus|Sitrus Berry|[eat]
|-heal|p1a: Landorus|58/100|[from] item: Sitrus Berry
|
|-weather|Sandstorm|[upkeep]
|upkeep
|turn|11
|c|+korno1man|씹게이
|c| Sjhh0721|이걸 기점으로하네
|c| Sjhh0721|그리고 이걸 버티노
|
|t:|1609186910
|move|p1a: Landorus|Max Airstream|p2a: Mandibuzz
|-damage|p2a: Mandibuzz|0 fnt
|-boost|p1a: Landorus|spe|1
|faint|p2a: Mandibuzz
|
|-weather|Sandstorm|[upkeep]
|upkeep
|
|t:|1609186914
|switch|p2a: Amoonguss|Amoonguss, F|100/100
|-damage|p2a: Amoonguss|88/100|[from] Stealth Rock
|turn|12
|j|+sexeveryday
|c| Sjhh0721|월쳐야할듯
|
|t:|1609186940
|move|p1a: Landorus|Max Airstream|p2a: Amoonguss
|-supereffective|p2a: Amoonguss
|-crit|p2a: Amoonguss
|-enditem|p2a: Amoonguss|Coba Berry|[eat]
|-enditem|p2a: Amoonguss|Coba Berry|[weaken]
|-damage|p2a: Amoonguss|0 fnt
|-boost|p1a: Landorus|spe|1
|faint|p2a: Amoonguss
|
|-weather|Sandstorm|[upkeep]
|-end|p1a: Landorus|Dynamax
|-heal|p1a: Landorus|58/100|[silent]
|upkeep
|c|+rlaeownd|시발 ㅋㅋ
|c|☆followme04|어시발뒤지네
|c|☆followme04|급소네
|c|☆lmisdreavus|와
|c|☆lmisdreavus|반감열매 많이보이네여
|c|☆lmisdreavus|아까도 플카있더니
|c|☆lmisdreavus|여긴 또 바코네
|c| Sjhh0721|자속 2배에 칼춤인데 당연히 뒤지지
|c|☆followme04|급소안맞앗으면살앗을거같은데
|
|t:|1609186975
|switch|p2a: Excadrill|Excadrill, M|97/100
|-damage|p2a: Excadrill|94/100|[from] Stealth Rock
|turn|13
|c|☆lmisdreavus|살았을듯
|c|+korno1man|근데 바코잖아
|
|t:|1609186982
|move|p2a: Excadrill|Iron Head|p1a: Landorus
|-damage|p1a: Landorus|13/100
|cant|p1a: Landorus|flinch
|
|-weather|Sandstorm|[upkeep]
|upkeep
|turn|14
|c|+korno1man|버랜지나 못잡은거부터
|c|☆followme04|이거지
|c|+rlaeownd|오
|c|+korno1man|못잡음 ㅇㅇ
|
|t:|1609186993
|switch|p1a: 몰라몰라|Alomomola, M|100/100
|move|p2a: Excadrill|Iron Head|p1a: 몰라몰라
|-resisted|p1a: 몰라몰라
|-crit|p1a: 몰라몰라
|-damage|p1a: 몰라몰라|81/100
|-damage|p2a: Excadrill|78/100|[from] item: Rocky Helmet|[of] p1a: 몰라몰라
|
|-weather|none
|upkeep
|turn|15
|c| Sjhh0721|자속 아니였어서
|
|t:|1609187006
|switch|p2a: Reuniclus|Reuniclus, F|100/100
|move|p1a: 몰라몰라|Knock Off|p2a: Reuniclus
|-supereffective|p2a: Reuniclus
|-damage|p2a: Reuniclus|66/100
|-enditem|p2a: Reuniclus|Life Orb|[from] move: Knock Off|[of] p1a: 몰라몰라
|
|upkeep
|turn|16
|c|☆followme04|내생구
|
|t:|1609187016
|move|p1a: 몰라몰라|Wish|p1a: 몰라몰라
|move|p2a: Reuniclus|Trick Room|p2a: Reuniclus
|-fieldstart|move: Trick Room|[of] p2a: Reuniclus
|
|upkeep
|turn|17
|
|t:|1609187022
|switch|p1a: Bisharp|Bisharp, F|52/100
|move|p2a: Reuniclus|Future Sight|p1a: Bisharp
|-start|p2a: Reuniclus|move: Future Sight
|
|-heal|p1a: Bisharp|100/100|[from] move: Wish|[wisher] 몰라몰라
|upkeep
|turn|18
|
|t:|1609187025
|move|p1a: Bisharp|Sucker Punch|p2a: Reuniclus
|-supereffective|p2a: Reuniclus
|-damage|p2a: Reuniclus|0 fnt
|faint|p2a: Reuniclus
|
|upkeep
|
|t:|1609187036
|switch|p2a: Krookodile|Krookodile, M|100/100
|-damage|p2a: Krookodile|94/100|[from] Stealth Rock
|turn|19
|c|+rlaeownd|맘복치 3대1 십가능
|
|t:|1609187047
|switch|p1a: Serperior|Serperior, F|76/100
|move|p2a: Krookodile|Earthquake|p1a: Serperior
|-resisted|p1a: Serperior
|-damage|p1a: Serperior|50/100
|
|-end|p1a: Serperior|move: Future Sight
|-damage|p1a: Serperior|0 fnt
|faint|p1a: Serperior
|upkeep
|c| Sjhh0721|악비아르 자기과신이네
|
|t:|1609187055
|switch|p1a: 몰라몰라|Alomomola, M|100/100
|turn|20
|
|t:|1609187060
|switch|p2a: Gigalith|Gigalith, M|100/100
|-damage|p2a: Gigalith|88/100|[from] Stealth Rock
|-weather|Sandstorm|[from] ability: Sand Stream|[of] p2a: Gigalith
|move|p1a: 몰라몰라|Scald|p2a: Gigalith
|-supereffective|p2a: Gigalith
|-damage|p2a: Gigalith|75/100
|-status|p2a: Gigalith|brn
|
|-weather|Sandstorm|[upkeep]
|-damage|p1a: 몰라몰라|94/100|[from] Sandstorm
|-damage|p2a: Gigalith|69/100 brn|[from] brn
|-fieldend|move: Trick Room
|upkeep
|turn|21
|
|t:|1609187064
|move|p1a: 몰라몰라|Wish|p1a: 몰라몰라
|move|p2a: Gigalith|Toxic|p1a: 몰라몰라
|-status|p1a: 몰라몰라|tox
|
|-weather|Sandstorm|[upkeep]
|-damage|p1a: 몰라몰라|88/100 tox|[from] Sandstorm
|-damage|p1a: 몰라몰라|82/100 tox|[from] psn
|-damage|p2a: Gigalith|63/100 brn|[from] brn
|upkeep
|turn|22
|
|t:|1609187071
|switch|p1a: Landorus|Landorus-Therian, M|13/100
|-ability|p1a: Landorus|Intimidate|boost
|-unboost|p2a: Gigalith|atk|1
|move|p2a: Gigalith|Stealth Rock|p1a: Landorus
|-sidestart|p1: lmisdreavus|move: Stealth Rock
|
|-weather|Sandstorm|[upkeep]
|-heal|p1a: Landorus|83/100|[from] move: Wish|[wisher] 몰라몰라
|-damage|p2a: Gigalith|57/100 brn|[from] brn
|upkeep
|turn|23
|c|☆followme04|살려주슨상
|
|t:|1609187083
|move|p1a: Landorus|Earthquake|p2a: Gigalith
|-supereffective|p2a: Gigalith
|-damage|p2a: Gigalith|0 fnt
|faint|p2a: Gigalith
|
|-weather|Sandstorm|[upkeep]
|upkeep
|c|☆lmisdreavus|안돼
|
|t:|1609187086
|switch|p2a: Excadrill|Excadrill, M|78/100
|-damage|p2a: Excadrill|75/100|[from] Stealth Rock
|turn|24
|
|t:|1609187103
|-start|p2a: Excadrill|Dynamax
|-heal|p2a: Excadrill|75/100|[silent]
|move|p2a: Excadrill|Max Steelspike|p1a: Landorus
|-damage|p1a: Landorus|11/100
|-boost|p2a: Excadrill|def|1
|move|p1a: Landorus|Earthquake|p2a: Excadrill
|-supereffective|p2a: Excadrill
|-damage|p2a: Excadrill|16/100
|
|-weather|Sandstorm|[upkeep]
|upkeep
|turn|25
|
|t:|1609187115
|switch|p1a: Bisharp|Bisharp, F|100/100
|-damage|p1a: Bisharp|95/100|[from] Stealth Rock
|move|p2a: Excadrill|Max Steelspike|p1a: Bisharp
|-resisted|p1a: Bisharp
|-damage|p1a: Bisharp|43/100
|-boost|p2a: Excadrill|def|1
|
|-weather|Sandstorm|[upkeep]
|upkeep
|turn|26
|c|+rlaeownd|:레이팅a4:
|
|t:|1609187127
|move|p1a: Bisharp|Sucker Punch|p2a: Excadrill
|-damage|p2a: Excadrill|1/100
|move|p2a: Excadrill|Max Quake|p1a: Bisharp
|-supereffective|p1a: Bisharp
|-damage|p1a: Bisharp|0 fnt
|-boost|p2a: Excadrill|spd|1
|faint|p1a: Bisharp
|
|-weather|Sandstorm|[upkeep]
|-end|p2a: Excadrill|Dynamax
|-heal|p2a: Excadrill|1/100|[silent]
|upkeep
|
|t:|1609187133
|switch|p1a: 몰라몰라|Alomomola, M|100/100 tox
|-damage|p1a: 몰라몰라|88/100 tox|[from] Stealth Rock
|turn|27
|c|☆followme04|몇번쫄리면됨?
|
|t:|1609187145
|move|p2a: Excadrill|Rock Slide|p1a: 몰라몰라
|-damage|p1a: 몰라몰라|71/100 tox
|cant|p1a: 몰라몰라|flinch
|
|-weather|none
|-damage|p1a: 몰라몰라|65/100 tox|[from] psn
|upkeep
|turn|28
|c| Sjhh0721|유~~~대
|
|t:|1609187161
|move|p2a: Excadrill|Earthquake|p1a: 몰라몰라
|-damage|p1a: 몰라몰라|34/100 tox
|move|p1a: 몰라몰라|Scald|p2a: Excadrill
|-supereffective|p2a: Excadrill
|-damage|p2a: Excadrill|0 fnt
|faint|p2a: Excadrill
|
|-damage|p1a: 몰라몰라|22/100 tox|[from] psn
|upkeep
|j|+marru1570
|
|t:|1609187164
|switch|p2a: Krookodile|Krookodile, M|94/100
|-damage|p2a: Krookodile|88/100|[from] Stealth Rock
|turn|29
|
|t:|1609187170
|switch|p1a: Landorus|Landorus-Therian, M|11/100
|-damage|p1a: Landorus|0 fnt|[from] Stealth Rock
|faint|p1a: Landorus
|move|p2a: Krookodile|Earthquake|p1: Landorus|[notarget]
|-fail|p2a: Krookodile
|
|upkeep
|
|t:|1609187177
|switch|p1a: 임포스터|Amoonguss, F|99/100
|-damage|p1a: 임포스터|87/100|[from] Stealth Rock
|turn|30
|
|t:|1609187179
|move|p2a: Krookodile|Aerial Ace|p1a: 임포스터
|-supereffective|p1a: 임포스터
|-damage|p1a: 임포스터|47/100
|move|p1a: 임포스터|Spore|p2a: Krookodile
|-status|p2a: Krookodile|slp|[from] move: Spore
|
|-heal|p1a: 임포스터|53/100|[from] item: Black Sludge
|upkeep
|turn|31
|
|t:|1609187182
|cant|p2a: Krookodile|slp
|move|p1a: 임포스터|Giga Drain|p2a: Krookodile
|-supereffective|p2a: Krookodile
|-damage|p2a: Krookodile|23/100 slp
|-heal|p1a: 임포스터|78/100|[from] drain|[of] p2a: Krookodile
|-enditem|p2a: Krookodile|Weakness Policy
|-boost|p2a: Krookodile|atk|2|[from] item: Weakness Policy
|-boost|p2a: Krookodile|spa|2|[from] item: Weakness Policy
|
|-heal|p1a: 임포스터|84/100|[from] item: Black Sludge
|upkeep
|turn|32
|
|t:|1609187184
|cant|p2a: Krookodile|slp
|move|p1a: 임포스터|Giga Drain|p2a: Krookodile
|-supereffective|p2a: Krookodile
|-damage|p2a: Krookodile|0 fnt
|-heal|p1a: 임포스터|93/100|[from] drain|[of] p2a: Krookodile
|faint|p2a: Krookodile
|
|win|lmisdreavus
|l|☆followme04
|c|☆lmisdreavus|ㅈㅈ
|l|+rlaeownd
|l|☆lmisdreavus
|l|+marru1570
