|j|☆lmisdreavus
|j|☆bugcatcher0529
|t:|1609187225
|player|p1|lmisdreavus|170|
|player|p2|bugcatcher0529|bugcatcher-gen3|
|teamsize|p1|6
|teamsize|p2|6
|gametype|singles
|gen|8
|tier|[Gen 8] National Dex AG
|rated|Tournament battle
|clearpoke
|poke|p1|Ferrothorn, M|
|poke|p1|Reuniclus, F|
|poke|p1|Bisharp, F|
|poke|p1|Darmanitan-Galar, M|
|poke|p1|Jellicent, M|
|poke|p1|Cobalion|
|poke|p2|Greninja, F|
|poke|p2|Florges-White, F|
|poke|p2|Aegislash, M|
|poke|p2|Salamence, M|
|poke|p2|Klefki, F|
|poke|p2|Diggersby, M|
|rule|HP Percentage Mod: HP is shown in percentages
|rule|Endless Battle Clause: Forcing endless battles is banned
|rule|Species Clause: Limit one of each Pokémon
|rule|Item Clause: Limit one of each item
|teampreview
|j|@Snommmm
|j|+sexeveryday
|j|+followme04
|j|+rlaeownd
|j|+pokemonkorea co kr
|j|+korno1man
|c|+rlaeownd|무야~호
|c|+followme04|6세대
|c|+followme04|왜 강해보임
|c|☆bugcatcher0529|딱 강한게
|c|☆bugcatcher0529|5마리 있음
|c|+korno1man|메진자율선택이
|c|@Snommmm|ㄹㅇㅋㅋ
|c|+korno1man|좋은듯 ㄹ ㅇ
|c|@Snommmm|근데저긴
|c|+followme04|근데 왜 안강함
|c|@Snommmm|애들은처쎈데
|c|☆lmisdreavus|개닌 너무 오랜만에 본다
|c|@Snommmm|쎈놈이정해져있어서
|c|@Snommmm|저격파티나오면한없이약해짐
|j|+podownlogin1234
|c|☆bugcatcher0529|그래서 일단
|j|+marru1570
|c|+podownlogin1234|5ㄷ6
|c|☆bugcatcher0529|와자파티도 가져가려고
|c|+podownlogin1234|세대구나
|c|@Snommmm|오늘특
|c|@Snommmm|8세대출전0명
|c|☆bugcatcher0529|불비 어카지
|c|+marru1570|메진 자율이라 메만다가 들어갔구나
|c|☆bugcatcher0529|아 ㅋㅋ
|c|@Snommmm|1세대출전0명
|c|@Snommmm|ㅋㅋ
|c|+followme04|1 8은
|c|☆bugcatcher0529|그들만의 리그냐고
|c|+followme04|테스트안해봐도
|c|+followme04|이긴다이거지 ㅋㅋ
|
|t:|1609187302
|start
|switch|p1a: Darmanitan|Darmanitan-Galar, M|100/100
|switch|p2a: 공수완벽|Aegislash, M|100/100
|turn|1
|j|+Galanthus
|
|t:|1609187306
|move|p2a: 공수완벽|King's Shield|p2a: 공수완벽
|-singleturn|p2a: 공수완벽|Protect
|move|p1a: Darmanitan|Flare Blitz|p2a: 공수완벽
|-activate|p2a: 공수완벽|move: Protect
|-unboost|p1a: Darmanitan|atk|1
|
|upkeep
|turn|2
|c|☆bugcatcher0529|저거
|c|☆bugcatcher0529|달마모드면
|c|+followme04|우라오스는 신이야
|c|☆bugcatcher0529|서렌침
|c|+followme04|어래곤은 무적이고
|
|t:|1609187315
|switch|p2a: 최강의 메가몬|Salamence, M|100/100
|-ability|p2a: 최강의 메가몬|Intimidate|boost
|-unboost|p1a: Darmanitan|atk|1
|move|p1a: Darmanitan|Flare Blitz|p2a: 최강의 메가몬
|-resisted|p2a: 최강의 메가몬
|-damage|p2a: 최강의 메가몬|85/100
|-damage|p1a: Darmanitan|95/100|[from] Recoil
|
|upkeep
|turn|3
|c|+Galanthus|메진자율 
|c|+Galanthus|사실상 
|c|☆lmisdreavus|힝아닌데
|c|+Galanthus|메팬 메만다 
|c|+Galanthus|1택아니노 
|c|+Galanthus|ㅋㅋㅋ
|c|+korno1man|여기서
|c|+korno1man|깡다맥을
|c|+korno1man|한다면?
|c|☆lmisdreavus|2랭따라
|c|+pokemonkorea co kr|대타
|c|☆lmisdreavus|못잡겠져
|c|@Snommmm|참고로
|c|@Snommmm|한컨셉유저는
|c|+followme04|탱탱겔 힘흡수show
|c|+rlaeownd|그 생각을 노리고 다맥한다면?
|c|@Snommmm|메무킹을쓰십니다
|c|+Galanthus|왜 
|
|t:|1609187350
|switch|p1a: Cobalion|Cobalion|100/100
|detailschange|p2a: 최강의 메가몬|Salamence-Mega, M
|-mega|p2a: 최강의 메가몬|Salamence|Salamencite
|move|p2a: 최강의 메가몬|Dragon Dance|p2a: 최강의 메가몬
|-boost|p2a: 최강의 메가몬|atk|1
|-boost|p2a: 최강의 메가몬|spe|1
|
|upkeep
|turn|4
|c|+Galanthus|누군지 알 것 같지
|c|☆bugcatcher0529|와자몽 무시 ㄴㄴ
|c|+followme04|그거곤채소아니냐고
|c|@Snommmm|메탈버슨트
|c|+korno1man|크유식 메탈버스트
|
|t:|1609187361
|move|p2a: 최강의 메가몬|Earthquake|p1a: Cobalion
|-supereffective|p1a: Cobalion
|-damage|p1a: Cobalion|16/100
|move|p1a: Cobalion|Stealth Rock|p2a: 최강의 메가몬
|-sidestart|p2: bugcatcher0529|move: Stealth Rock
|
|upkeep
|turn|5
|c|@Snommmm|50억배
|c|+podownlogin1234|응애 나 아기 코바르온
|c|☆lmisdreavus|버티긴하네
|c|@Snommmm|어어
|c|+podownlogin1234|나 돌깔아
|c|☆bugcatcher0529|그런거 없네
|c|@Snommmm|근데사네
|
|t:|1609187371
|move|p2a: 최강의 메가몬|Return|p1a: Cobalion
|-damage|p1a: Cobalion|0 fnt
|-damage|p2a: 최강의 메가몬|69/100|[from] item: Rocky Helmet|[of] p1a: Cobalion
|faint|p1a: Cobalion
|
|upkeep
|c|+rlaeownd|어어 점마 왜 스락까노?
|c|+Galanthus|코바르온 
|
|t:|1609187375
|switch|p1a: Jellicent|Jellicent, M|100/100
|turn|6
|c|+Galanthus|물내 좀 쩜
|
|t:|1609187379
|switch|p2a: 저려라|Klefki, F|100/100
|-damage|p2a: 저려라|95/100|[from] Stealth Rock
|move|p1a: Jellicent|Trick Room|p1a: Jellicent
|-fieldstart|move: Trick Room|[of] p1a: Jellicent
|
|upkeep
|turn|7
|c|@Snommmm|오
|c|+podownlogin1234|ㅇ어어
|c|@Snommmm|해수스
|c|+followme04|해수슨파우팅
|c|@Snommmm|나와주세요
|
|t:|1609187387
|switch|p1a: Reuniclus|Reuniclus, F|100/100
|move|p2a: 저려라|Spikes|p1a: Reuniclus
|-sidestart|p1: lmisdreavus|Spikes
|
|upkeep
|turn|8
|c|@Snommmm|ㅋㅋㅋ
|c|+followme04|나와주세요
|c|+Galanthus|오 
|c|@Snommmm|오
|c|@Snommmm|란쿨기점
|c|@Snommmm|ㅋㅋ
|c|+rlaeownd|명상 드가자~
|c|+followme04|저거누가지우노
|c|@Snommmm|도발있냐고 ㅋㅋ
|c|+Galanthus|철벽명상어시파입갤
|c|☆lmisdreavus|아근데
|c|☆lmisdreavus|개닌있네ㅡㅡ;
|c|☆bugcatcher0529|?
|c|+followme04|상특은 미래예지에 삑구씀
|c|@Snommmm|개닌특
|c|@Snommmm|공격하는순간
|c|☆bugcatcher0529|어시파 원툴임?
|c|@Snommmm|악타입없어짐
|c|@Snommmm|ㅋㅋ
|
|t:|1609187427
|switch|p1a: Ferrothorn|Ferrothorn, M|100/100
|-damage|p1a: Ferrothorn|88/100|[from] Spikes
|switch|p2a: 공수완벽|Aegislash, M|100/100
|-damage|p2a: 공수완벽|94/100|[from] Stealth Rock
|
|-heal|p2a: 공수완벽|100/100|[from] item: Leftovers
|upkeep
|turn|9
|c|☆lmisdreavus|아그르넹
|c|+Galanthus|개닌 
|c|+Galanthus|악파없으면 
|c|+Galanthus|ㅋㅋ
|c|@Snommmm|머리띠너트령
|c|+korno1man|너무의식한거아니노
|c|@Snommmm|입갤
|
|t:|1609187437
|switch|p2a: 6세대해피너스|Florges-White, F|100/100
|move|p1a: Ferrothorn|Leech Seed|p2a: 6세대해피너스
|-start|p2a: 6세대해피너스|move: Leech Seed
|
|-damage|p2a: 6세대해피너스|88/100|[from] Leech Seed|[of] p1a: Ferrothorn
|-heal|p1a: Ferrothorn|100/100|[silent]
|upkeep
|turn|10
|c|@Snommmm|ㅋㅋ
|
|t:|1609187443
|move|p1a: Ferrothorn|Gyro Ball|p2a: 6세대해피너스
|-supereffective|p2a: 6세대해피너스
|-damage|p2a: 6세대해피너스|21/100
|move|p2a: 6세대해피너스|Defog|p1a: Ferrothorn
|-unboost|p1a: Ferrothorn|evasion|1
|-sideend|p1: lmisdreavus|Spikes|[from] move: Defog|[of] p2a: 6세대해피너스
|-sideend|p2: bugcatcher0529|Stealth Rock|[from] move: Defog|[of] p2a: 6세대해피너스
|
|-damage|p2a: 6세대해피너스|9/100|[from] Leech Seed|[of] p1a: Ferrothorn
|-fieldend|move: Trick Room
|upkeep
|turn|11
|c|+followme04|자이로볼맛좀볼래?
|c|@Snommmm|어어
|c|+korno1man|무ㅗ노 저 새끼
|c|+korno1man|풀타윕
|c|+followme04|압정지워줘서감슨
|c|+korno1man|왜 아니야
|
|t:|1609187455
|switch|p2a: 저려라|Klefki, F|95/100
|move|p1a: Ferrothorn|Spikes|p2a: 저려라
|-sidestart|p2: bugcatcher0529|Spikes
|
|upkeep
|turn|12
|c|@Snommmm|원래페어리에
|c|+followme04|페어리단일이잔음
|c|@Snommmm|풀같이생긴풀아닌년
|c|+marru1570|저거 뭔포켓모임?
|c|@Snommmm|많음
|c|+Galanthus|아 ㅋㅋㅋㅋ
|c|@Snommmm|큐아링도잔음
|
|t:|1609187466
|move|p2a: 저려라|Spikes|p1a: Ferrothorn
|-sidestart|p1: lmisdreavus|Spikes
|move|p1a: Ferrothorn|Leech Seed|p2a: 저려라
|-start|p2a: 저려라|move: Leech Seed
|
|-damage|p2a: 저려라|82/100|[from] Leech Seed|[of] p1a: Ferrothorn
|upkeep
|turn|13
|c|+Galanthus|여기도 압정이 
|c|+Galanthus|더럽다 56!!
|c|@Snommmm|압정 ㅋㅋ
|
|t:|1609187478
|switch|p2a: 공수완벽|Aegislash, M|100/100
|-damage|p2a: 공수완벽|88/100|[from] Spikes
|move|p1a: Ferrothorn|Spikes|p2a: 공수완벽
|-sidestart|p2: bugcatcher0529|Spikes
|
|-heal|p2a: 공수완벽|94/100|[from] item: Leftovers
|upkeep
|turn|14
|c|+followme04|너트령철벽이면
|c|+followme04|누가잡음
|c|+Galanthus|왜 
|c|+pokemonkorea co kr|스락압정다써야OU,랜배팟이지
|c|@Snommmm|개닌잠불이잡음
|
|t:|1609187487
|switch|p1a: Bisharp|Bisharp, F|100/100
|-damage|p1a: Bisharp|88/100|[from] Spikes
|move|p2a: 공수완벽|Substitute|p2a: 공수완벽
|-start|p2a: 공수완벽|Substitute
|-damage|p2a: 공수완벽|70/100
|
|-heal|p2a: 공수완벽|76/100|[from] item: Leftovers
|upkeep
|turn|15
|c|+followme04|근데왜철벽아님
|c|+Galanthus|악비아르 같은 갓푸키를 안 쓰고 
|c|+rlaeownd|인파이트 보여줘
|c|+podownlogin1234|56OU
|c|@Snommmm|어어
|c|@Snommmm|하드카운터
|c|+Galanthus|코바르온으로 스락을
|c|+korno1man|오오
|c|@Snommmm|킹각참
|
|t:|1609187500
|switch|p2a: 최강의 메가몬|Salamence-Mega, M|69/100
|move|p1a: Bisharp|Knock Off|p2a: 최강의 메가몬
|-damage|p2a: 최강의 메가몬|39/100
|
|upkeep
|turn|16
|c|+rlaeownd|인파이트가 없어
|c|☆lmisdreavus|와어케
|c|☆lmisdreavus|저거밖에안까이지
|c|+followme04|철벽 돌격조끼라
|c|+korno1man|이 대면
|c|+korno1man|봤는데
|c|@Snommmm|야만다 ㅋㅋ
|c|+Galanthus|암흑강타를 
|c|+followme04|잠불버티고잡음
|c|☆bugcatcher0529|지금 너트령
|c|+Galanthus|버티는 미친 포켓몬
|c|☆bugcatcher0529|나오지?
|
|t:|1609187523
|-start|p1a: Bisharp|Dynamax
|-heal|p1a: Bisharp|88/100|[silent]
|move|p2a: 최강의 메가몬|Roost|p2a: 최강의 메가몬
|-heal|p2a: 최강의 메가몬|89/100
|-singleturn|p2a: 최강의 메가몬|move: Roost
|move|p1a: Bisharp|Max Darkness|p2a: 최강의 메가몬
|-damage|p2a: 최강의 메가몬|36/100
|-unboost|p2a: 최강의 메가몬|spd|1
|
|upkeep
|turn|17
|c|@Snommmm|오
|c|☆bugcatcher0529|어억
|c|@Snommmm|승부수
|j|+mumumu64
|c|+Galanthus|오
|c|+rlaeownd|킹각참 다이맥스
|c|+korno1man|급소가
|c|+followme04|왜아크지
|c|☆lmisdreavus|씨ㅋㅋ
|c|@Snommmm|오 날쉬범위 넘는다
|c|+pokemonkorea co kr|내다버린다맥?
|c|+korno1man|나온다면?
|c|☆bugcatcher0529|설마
|c|☆lmisdreavus|안죽어
|c|+rlaeownd|시발 ㅋㅋㅋㅋ
|c|☆bugcatcher0529|특수인가
|c|+Galanthus|근데 왜 
|c|@Snommmm|스틸나오면근데
|c|+Galanthus|스틸 아님?
|
|t:|1609187543
|move|p2a: 최강의 메가몬|Roost|p2a: 최강의 메가몬
|-heal|p2a: 최강의 메가몬|86/100
|-singleturn|p2a: 최강의 메가몬|move: Roost
|move|p1a: Bisharp|Max Steelspike|p2a: 최강의 메가몬
|-damage|p2a: 최강의 메가몬|41/100
|-boost|p1a: Bisharp|def|1
|
|upkeep
|turn|18
|c|+Galanthus|엥 
|c|+Galanthus|왜 더 약해 
|
|t:|1609187554
|move|p2a: 최강의 메가몬|Roost|p2a: 최강의 메가몬
|-heal|p2a: 최강의 메가몬|91/100
|-singleturn|p2a: 최강의 메가몬|move: Roost
|move|p1a: Bisharp|Max Steelspike|p2a: 최강의 메가몬
|-damage|p2a: 최강의 메가몬|42/100
|-boost|p1a: Bisharp|def|1
|
|-end|p1a: Bisharp|Dynamax
|-heal|p1a: Bisharp|88/100|[silent]
|upkeep
|turn|19
|c|☆lmisdreavus|안경임
|c|+rlaeownd|드러누워!!!!
|c|+followme04|내다버린다맥
|c|☆bugcatcher0529|난수범위가 매우
|c|+Galanthus|?
|c|+Galanthus|안경이요 
|c|+Galanthus|ㅋㅋㅋㅋㅋㅋㅋㅋ
|c|+pokemonkorea co kr|OU하다가여기왓을때저거랑메팬보고기겁함
|c|+pokemonkorea co kr|저
|c|+korno1man|철제광선입갤
|c|+followme04|기습으로안잡힐거같은데
|
|t:|1609187579
|switch|p2a: 6세대해피너스|Florges-White, F|9/100
|move|p1a: Bisharp|Swords Dance|p1a: Bisharp
|-boost|p1a: Bisharp|atk|2
|
|upkeep
|turn|20
|c|+pokemonkorea co kr|저런사기몬이잇엇나하고
|c|☆lmisdreavus|뭐야
|c|+Galanthus|ㅇㅂ
|c|☆lmisdreavus|부츠네?
|c|+followme04|안개제거눌러줘
|c|+followme04|안개제거눌러줘 제발
|c|+rlaeownd|오 시발 깡좀봐
|c|+followme04|안개제거눌러줘 제발
|
|t:|1609187591
|move|p1a: Bisharp|Knock Off|p2a: 6세대해피너스
|-resisted|p2a: 6세대해피너스
|-damage|p2a: 6세대해피너스|0 fnt
|-enditem|p2a: 6세대해피너스|Heavy-Duty Boots|[from] move: Knock Off|[of] p1a: Bisharp
|faint|p2a: 6세대해피너스
|
|upkeep
|c|☆bugcatcher0529|나도 부츠인줄알았어
|c|+Galanthus|안경이라며!!
|
|t:|1609187603
|switch|p2a: 리자몽에게왜졌어?|Greninja, F|100/100
|-damage|p2a: 리자몽에게왜졌어?|84/100|[from] Spikes
|turn|21
|c|☆lmisdreavus|안경이긴하지
|
|t:|1609187607
|-start|p2a: 리자몽에게왜졌어?|Dynamax
|-heal|p2a: 리자몽에게왜졌어?|84/100|[silent]
|move|p1a: Bisharp|Sucker Punch|p2a: 리자몽에게왜졌어?
|-resisted|p2a: 리자몽에게왜졌어?
|-damage|p2a: 리자몽에게왜졌어?|48/100
|move|p2a: 리자몽에게왜졌어?|Max Knuckle|p1a: Bisharp
|-start|p2a: 리자몽에게왜졌어?|typechange|Fighting|[from] ability: Protean
|-supereffective|p1a: Bisharp
|-damage|p1a: Bisharp|0 fnt
|-boost|p2a: 리자몽에게왜졌어?|atk|1
|-damage|p2a: 리자몽에게왜졌어?|43/100|[from] item: Life Orb
|faint|p1a: Bisharp
|
|upkeep
|c|+Galanthus|검은안경
|c|+Galanthus|ㅇㅂ
|
|t:|1609187614
|switch|p1a: Darmanitan|Darmanitan-Galar, M|95/100
|-damage|p1a: Darmanitan|83/100|[from] Spikes
|turn|22
|c|+followme04|ㅋㅋㅋㅋ
|
|t:|1609187621
|move|p1a: Darmanitan|Flare Blitz|p2a: 리자몽에게왜졌어?
|-damage|p2a: 리자몽에게왜졌어?|0 fnt
|-damage|p1a: Darmanitan|59/100|[from] Recoil
|faint|p2a: 리자몽에게왜졌어?
|
|upkeep
|c|☆bugcatcher0529|죽네
|
|t:|1609187633
|switch|p2a: 최강의 메가몬|Salamence-Mega, M|42/100
|turn|23
|c|+rlaeownd|사실 무아일체가 아니라면?
|
|t:|1609187645
|switch|p1a: Ferrothorn|Ferrothorn, M|100/100
|-damage|p1a: Ferrothorn|88/100|[from] Spikes
|switch|p2a: 공수완벽|Aegislash, M|76/100
|-damage|p2a: 공수완벽|59/100|[from] Spikes
|
|-heal|p2a: 공수완벽|66/100|[from] item: Leftovers
|upkeep
|turn|24
|c|+korno1man|보만다의 시간
|c|+podownlogin1234|무아지경 ㅋㅋ
|c|☆lmisdreavus|그랬음좋겟다....
|
|t:|1609187653
|switch|p1a: Darmanitan|Darmanitan-Galar, M|59/100
|-damage|p1a: Darmanitan|47/100|[from] Spikes
|move|p2a: 공수완벽|Substitute|p2a: 공수완벽
|-start|p2a: 공수완벽|Substitute
|-damage|p2a: 공수완벽|41/100
|
|-heal|p2a: 공수완벽|47/100|[from] item: Leftovers
|upkeep
|turn|25
|c|☆bugcatcher0529|무아지경 아니면
|c|☆bugcatcher0529|첫턴에 서렌친다고
|c|☆bugcatcher0529|이미 말했음 ㅋㅋㅋ
|
|t:|1609187663
|move|p2a: 공수완벽|King's Shield|p2a: 공수완벽
|-singleturn|p2a: 공수완벽|Protect
|move|p1a: Darmanitan|Flare Blitz|p2a: 공수완벽
|-activate|p2a: 공수완벽|move: Protect
|-unboost|p1a: Darmanitan|atk|1
|
|-heal|p2a: 공수완벽|53/100|[from] item: Leftovers
|upkeep
|turn|26
|
|t:|1609187670
|move|p1a: Darmanitan|Flare Blitz|p2a: 공수완벽
|-supereffective|p2a: 공수완벽
|-end|p2a: 공수완벽|Substitute
|-damage|p1a: Darmanitan|40/100|[from] Recoil|[of] p2a: 공수완벽
|move|p2a: 공수완벽|Substitute|p2a: 공수완벽
|-start|p2a: 공수완벽|Substitute
|-damage|p2a: 공수완벽|28/100
|
|-heal|p2a: 공수완벽|35/100|[from] item: Leftovers
|upkeep
|turn|27
|
|t:|1609187672
|move|p2a: 공수완벽|King's Shield|p2a: 공수완벽
|-singleturn|p2a: 공수완벽|Protect
|move|p1a: Darmanitan|Flare Blitz|p2a: 공수완벽
|-activate|p2a: 공수완벽|move: Protect
|-unboost|p1a: Darmanitan|atk|1
|
|-heal|p2a: 공수완벽|41/100|[from] item: Leftovers
|upkeep
|turn|28
|c|+followme04|어 이거 아까본거같은데
|
|t:|1609187676
|move|p1a: Darmanitan|Flare Blitz|p2a: 공수완벽
|-supereffective|p2a: 공수완벽
|-end|p2a: 공수완벽|Substitute
|-damage|p1a: Darmanitan|32/100|[from] Recoil|[of] p2a: 공수완벽
|-formechange|p2a: 공수완벽|Aegislash-Blade||[from] ability: Stance Change
|move|p2a: 공수완벽|Shadow Ball|p1a: Darmanitan
|-damage|p1a: Darmanitan|0 fnt
|faint|p1a: Darmanitan
|
|-heal|p2a: 공수완벽|47/100|[from] item: Leftovers
|upkeep
|c|+followme04|보만다안나오네
|c|+rlaeownd|아 더럽습니다!
|
|t:|1609187684
|switch|p1a: Jellicent|Jellicent, M|100/100
|-damage|p1a: Jellicent|88/100|[from] Spikes
|turn|29
|c|+podownlogin1234|천천히무너지는5세대
|c|+podownlogin1234|안돼
|c|+marru1570|저거 불비 구머띠임?
|c|+followme04|킹세대화이팅
|c|+Galanthus|5세대는 
|c|+Galanthus|메진몬이 메부니 ㅇㅈㄹ인게 
|c|+podownlogin1234|스카프아닐까요?
|
|t:|1609187702
|switch|p2a: 저려라|Klefki, F|82/100
|-damage|p2a: 저려라|66/100|[from] Spikes
|move|p1a: Jellicent|Trick Room|p1a: Jellicent
|-fieldstart|move: Trick Room|[of] p1a: Jellicent
|
|upkeep
|turn|30
|c|+Galanthus|압도적단점
|
|t:|1609187710
|switch|p1a: Reuniclus|Reuniclus, F|100/100
|move|p2a: 저려라|Spikes|p1a: Reuniclus
|-sidestart|p1: lmisdreavus|Spikes
|
|upkeep
|turn|31
|c|+marru1570|근데 딜량이 아까 만났을때
|
|t:|1609187715
|switch|p2a: 공수완벽|Aegislash, M|47/100
|-damage|p2a: 공수완벽|31/100|[from] Spikes
|move|p1a: Reuniclus|Calm Mind|p1a: Reuniclus
|-boost|p1a: Reuniclus|spa|1
|-boost|p1a: Reuniclus|spd|1
|
|-heal|p2a: 공수완벽|37/100|[from] item: Leftovers
|upkeep
|turn|32
|c|☆bugcatcher0529|어
|c|☆bugcatcher0529|뭔가 이건 아니라는생각이
|c|+followme04|미래예지왜안쓰냐고!
|c|☆bugcatcher0529|갑자기 들면서
|
|t:|1609187730
|move|p1a: Reuniclus|Calm Mind|p1a: Reuniclus
|-boost|p1a: Reuniclus|spa|1
|-boost|p1a: Reuniclus|spd|1
|move|p2a: 공수완벽|Substitute|p2a: 공수완벽
|-start|p2a: 공수완벽|Substitute
|-damage|p2a: 공수완벽|12/100
|
|-heal|p2a: 공수완벽|18/100|[from] item: Leftovers
|upkeep
|turn|33
|c|+pokemonkorea co kr|명상철벽각?
|
|t:|1609187735
|move|p1a: Reuniclus|Acid Armor|p1a: Reuniclus
|-boost|p1a: Reuniclus|def|2
|-formechange|p2a: 공수완벽|Aegislash-Blade||[from] ability: Stance Change
|move|p2a: 공수완벽|Shadow Ball|p1a: Reuniclus
|-supereffective|p1a: Reuniclus
|-damage|p1a: Reuniclus|72/100
|
|-heal|p1a: Reuniclus|78/100|[from] item: Leftovers
|-heal|p2a: 공수완벽|24/100|[from] item: Leftovers
|-fieldend|move: Trick Room
|upkeep
|turn|34
|c|+Galanthus|답은 
|c|+followme04|잠불은필수고
|c|+rlaeownd|섀도볼 드가자~
|c|☆bugcatcher0529|급소 쳐 때릴때까지
|c|+Galanthus|섀도볼 급소다 
|c|☆bugcatcher0529|쳐야지 뭐
|c|☆bugcatcher0529|어쩌겠어
|
|t:|1609187748
|move|p2a: 공수완벽|Shadow Ball|p1a: Reuniclus
|-supereffective|p1a: Reuniclus
|-damage|p1a: Reuniclus|52/100
|-unboost|p1a: Reuniclus|spd|1
|move|p1a: Reuniclus|Stored Power|p2a: 공수완벽
|-resisted|p2a: 공수완벽
|-end|p2a: 공수완벽|Substitute
|
|-heal|p2a: 공수완벽|31/100|[from] item: Leftovers
|-heal|p1a: Reuniclus|58/100|[from] item: Leftovers
|upkeep
|turn|35
|c|+followme04|응특방떨안돼
|c|+followme04|앗
|c|☆bugcatcher0529|가능
|
|t:|1609187758
|move|p2a: 공수완벽|Shadow Ball|p1a: Reuniclus
|-supereffective|p1a: Reuniclus
|-damage|p1a: Reuniclus|17/100
|move|p1a: Reuniclus|Recover|p1a: Reuniclus
|-heal|p1a: Reuniclus|67/100
|
|-heal|p2a: 공수완벽|37/100|[from] item: Leftovers
|-heal|p1a: Reuniclus|73/100|[from] item: Leftovers
|upkeep
|turn|36
|
|t:|1609187763
|move|p2a: 공수완벽|Shadow Ball|p1a: Reuniclus
|-supereffective|p1a: Reuniclus
|-damage|p1a: Reuniclus|36/100
|move|p1a: Reuniclus|Calm Mind|p1a: Reuniclus
|-boost|p1a: Reuniclus|spa|1
|-boost|p1a: Reuniclus|spd|1
|
|-heal|p2a: 공수완벽|43/100|[from] item: Leftovers
|-heal|p1a: Reuniclus|42/100|[from] item: Leftovers
|upkeep
|turn|37
|c|+sexeveryday|아 ㅋㅋ
|c|☆lmisdreavus|죽고싶지않아
|
|t:|1609187768
|move|p2a: 공수완벽|Shadow Ball|p1a: Reuniclus
|-supereffective|p1a: Reuniclus
|-damage|p1a: Reuniclus|16/100
|move|p1a: Reuniclus|Recover|p1a: Reuniclus
|-heal|p1a: Reuniclus|66/100
|
|-heal|p2a: 공수완벽|49/100|[from] item: Leftovers
|-heal|p1a: Reuniclus|72/100|[from] item: Leftovers
|upkeep
|turn|38
|c|+rlaeownd|게2대전 시작
|
|t:|1609187775
|move|p2a: 공수완벽|Shadow Ball|p1a: Reuniclus
|-supereffective|p1a: Reuniclus
|-damage|p1a: Reuniclus|45/100
|move|p1a: Reuniclus|Stored Power|p2a: 공수완벽
|-resisted|p2a: 공수완벽
|-crit|p2a: 공수완벽
|-damage|p2a: 공수완벽|0 fnt
|faint|p2a: 공수완벽
|
|-heal|p1a: Reuniclus|51/100|[from] item: Leftovers
|upkeep
|c|+Galanthus|아 ㅋㅋ
|c|+followme04|아안떨어져요~
|c|+Galanthus|급소는 여기서 뜨고
|c|+korno1man|여기서보만다
|c|+korno1man|급소로 때린다면?
|c|+rlaeownd|아 쫄렸는지 죽여버립니다
|
|t:|1609187797
|switch|p2a: 6세대유일땅타입임이걸왜씀|Diggersby, M|100/100
|-damage|p2a: 6세대유일땅타입임이걸왜씀|84/100|[from] Spikes
|turn|39
|c|+followme04|강하다 란쿨루스!
|c|☆lmisdreavus|클레피
|c|☆bugcatcher0529|얘도
|c|☆lmisdreavus|스카프아닌가보네
|c|☆bugcatcher0529|급소치면
|
|t:|1609187806
|move|p2a: 6세대유일땅타입임이걸왜씀|Earthquake|p1a: Reuniclus
|-damage|p1a: Reuniclus|25/100
|move|p1a: Reuniclus|Recover|p1a: Reuniclus
|-heal|p1a: Reuniclus|75/100
|
|-heal|p1a: Reuniclus|81/100|[from] item: Leftovers
|upkeep
|turn|40
|c|☆bugcatcher0529|될것같은데
|c|+rlaeownd|천하장사의 지진은 어떤걸까?
|c|☆bugcatcher0529|스카프 클레피가
|c|@Snommmm|ㅋㅋㅋㅋ
|c|☆bugcatcher0529|어디있어
|c|+sexeveryday|아 ㅋㅋ
|
|t:|1609187813
|move|p2a: 6세대유일땅타입임이걸왜씀|Earthquake|p1a: Reuniclus
|-damage|p1a: Reuniclus|55/100
|move|p1a: Reuniclus|Stored Power|p2a: 6세대유일땅타입임이걸왜씀
|-damage|p2a: 6세대유일땅타입임이걸왜씀|0 fnt
|faint|p2a: 6세대유일땅타입임이걸왜씀
|
|-heal|p1a: Reuniclus|62/100|[from] item: Leftovers
|upkeep
|c|+followme04|너왜지진약하게했어?
|c|+Galanthus|어림도없
|c|☆lmisdreavus|압정만박길래
|
|t:|1609187818
|switch|p2a: 최강의 메가몬|Salamence-Mega, M|42/100
|turn|41
|c|☆lmisdreavus|트릭있을줄
|c|+Galanthus|난 사실 픽업이야
|
|t:|1609187823
|move|p2a: 최강의 메가몬|Return|p1a: Reuniclus
|-damage|p1a: Reuniclus|35/100
|move|p1a: Reuniclus|Stored Power|p2a: 최강의 메가몬
|-damage|p2a: 최강의 메가몬|0 fnt
|faint|p2a: 최강의 메가몬
|
|-heal|p1a: Reuniclus|42/100|[from] item: Leftovers
|upkeep
|c|☆bugcatcher0529|크아악
|c|☆bugcatcher0529|ㅈㅈ
|
|t:|1609187829
|switch|p2a: 저려라|Klefki, F|66/100
|-damage|p2a: 저려라|49/100|[from] Spikes
|turn|42
|l|+Galanthus
|
|t:|1609187830
|move|p1a: Reuniclus|Stored Power|p2a: 저려라
|-resisted|p2a: 저려라
|-damage|p2a: 저려라|0 fnt
|faint|p2a: 저려라
|
|win|lmisdreavus
|c|+rlaeownd|5세대 우승 ㅋㅋㅋㅋ
|c|☆lmisdreavus|ㅈㅈ
|l|+followme04
