|j|☆tenalek
|j|☆NOAH MK2
|t:|1636279073
|gametype|singles
|player|p1|tenalek|pokemaniac-gen3rs|
|player|p2|NOAH MK2|266|
|teamsize|p1|6
|teamsize|p2|6
|gen|8
|tier|[Gen 8] National Dex AG
|rule|HP Percentage Mod: HP is shown in percentages
|rule|Endless Battle Clause: Forcing endless battles is banned
|rule|Species Clause: Limit one of each Pokémon
|rule|Item Clause: Limit one of each item
|clearpoke
|poke|p1|Charizard, F|
|poke|p1|Zapdos|
|poke|p1|Muk-Alola, F|
|poke|p1|Golurk|
|poke|p1|Tapu Fini|
|poke|p1|Slowbro, F|
|poke|p2|Gengar, F|
|poke|p2|Klefki, F|
|poke|p2|Chansey, F|
|poke|p2|Slowbro, F|
|poke|p2|Volcarona, M|
|poke|p2|Garchomp, M|
|teampreview
|
|t:|1636279083
|start
|switch|p1a: Nambakrass|Golurk|100/100
|switch|p2a: Klefki|Klefki, F|100/100
|turn|1
|
|t:|1636279105
|move|p2a: Klefki|Reflect|p2a: Klefki
|-sidestart|p2: NOAH MK2|Reflect
|move|p1a: Nambakrass|Earthquake|p2a: Klefki
|-supereffective|p2a: Klefki
|-damage|p2a: Klefki|35/100
|
|upkeep
|turn|2
|
|t:|1636279111
|switch|p2a: Slowbro|Slowbro, F|100/100
|move|p1a: Nambakrass|Earthquake|p2a: Slowbro
|-damage|p2a: Slowbro|76/100
|
|upkeep
|turn|3
|
|t:|1636279113
|switch|p1a: Kabe|Slowbro, F|100/100
|move|p2a: Slowbro|Teleport|p2a: Slowbro
|
|t:|1636279120
|switch|p2a: Gengar|Gengar, F|100/100|[from]move: Teleport
|
|upkeep
|turn|4
|
|t:|1636279122
|switch|p2a: Garchomp|Garchomp, M|100/100
|switch|p1a: Dok-Zone|Muk-Alola, F|100/100
|
|upkeep
|turn|5
|
|t:|1636279128
|switch|p1a: Yed|Zapdos, shiny|100/100
|move|p2a: Garchomp|Swords Dance|p2a: Garchomp
|-boost|p2a: Garchomp|atk|2
|
|upkeep
|turn|6
|
|t:|1636279138
|switch|p1a: Kabe|Slowbro, F|100/100
|-start|p2a: Garchomp|Dynamax
|-heal|p2a: Garchomp|100/100|[silent]
|move|p2a: Garchomp|Max Flare|p1a: Kabe
|-resisted|p1a: Kabe
|-damage|p1a: Kabe|67/100
|-weather|SunnyDay
|-damage|p2a: Garchomp|96/100|[from] item: Life Orb
|
|-weather|SunnyDay|[upkeep]
|upkeep
|turn|7
|
|t:|1636279147
|-start|p1a: Kabe|Dynamax
|-heal|p1a: Kabe|67/100|[silent]
|move|p1a: Kabe|Max Guard|p1a: Kabe
|-singleturn|p1a: Kabe|Max Guard
|move|p2a: Garchomp|Max Quake|p1a: Kabe
|-activate|p1a: Kabe|move: Max Guard
|
|-weather|SunnyDay|[upkeep]
|upkeep
|turn|8
|
|t:|1636279153
|move|p2a: Garchomp|Max Quake|p1a: Kabe
|-damage|p1a: Kabe|16/100
|-boost|p2a: Garchomp|spd|1
|-damage|p2a: Garchomp|91/100|[from] item: Life Orb
|move|p1a: Kabe|Max Hailstorm|p2a: Garchomp
|-supereffective|p2a: Garchomp
|-damage|p2a: Garchomp|44/100
|-weather|Hail
|
|-weather|Hail|[upkeep]
|-damage|p2a: Garchomp|41/100|[from] Hail
|-damage|p1a: Kabe|13/100|[from] Hail
|-sideend|p2: NOAH MK2|Reflect
|-end|p2a: Garchomp|Dynamax
|-heal|p2a: Garchomp|41/100|[silent]
|upkeep
|turn|9
|
|t:|1636279161
|-end|p1a: Kabe|Dynamax
|-heal|p1a: Kabe|13/100|[silent]
|switch|p1a: Yed|Zapdos, shiny|100/100
|move|p2a: Garchomp|Aerial Ace|p1a: Yed
|-resisted|p1a: Yed
|-damage|p1a: Yed|82/100
|-status|p2a: Garchomp|par|[from] ability: Static|[of] p1a: Yed
|-damage|p2a: Garchomp|31/100 par|[from] item: Life Orb
|
|-weather|Hail|[upkeep]
|-damage|p1a: Yed|76/100|[from] Hail
|-damage|p2a: Garchomp|25/100 par|[from] Hail
|upkeep
|turn|10
|
|t:|1636279164
|move|p1a: Yed|Hidden Power|p2a: Garchomp
|-supereffective|p2a: Garchomp
|-damage|p2a: Garchomp|0 fnt
|faint|p2a: Garchomp
|
|-weather|Hail|[upkeep]
|-damage|p1a: Yed|70/100|[from] Hail
|upkeep
|
|t:|1636279167
|switch|p2a: Volcarona|Volcarona, M|100/100
|turn|11
|
|t:|1636279171
|move|p2a: Volcarona|Quiver Dance|p2a: Volcarona
|-boost|p2a: Volcarona|spa|1
|-boost|p2a: Volcarona|spd|1
|-boost|p2a: Volcarona|spe|1
|move|p1a: Yed|Volt Switch|p2a: Volcarona
|-damage|p2a: Volcarona|80/100
|
|t:|1636279173
|switch|p1a: Dok-Zone|Muk-Alola, F|100/100|[from]move: Volt Switch
|
|-weather|Hail|[upkeep]
|-damage|p2a: Volcarona|74/100|[from] Hail
|-damage|p1a: Dok-Zone|94/100|[from] Hail
|upkeep
|turn|12
|
|t:|1636279178
|move|p2a: Volcarona|Fire Blast|p1a: Dok-Zone
|-damage|p1a: Dok-Zone|53/100
|move|p1a: Dok-Zone|Gunk Shot|p2a: Volcarona
|-damage|p2a: Volcarona|0 fnt
|faint|p2a: Volcarona
|
|-weather|none
|upkeep
|
|t:|1636279183
|switch|p2a: Slowbro|Slowbro, F|100/100
|turn|13
|
|t:|1636279185
|switch|p1a: Yed|Zapdos, shiny|70/100
|move|p2a: Slowbro|Scald|p1a: Yed
|-damage|p1a: Yed|43/100
|
|upkeep
|turn|14
|
|t:|1636279188
|move|p1a: Yed|Volt Switch|p2a: Slowbro
|-supereffective|p2a: Slowbro
|-damage|p2a: Slowbro|36/100
|
|t:|1636279189
|switch|p1a: Kabe|Slowbro, F|46/100|[from]move: Volt Switch
|move|p2a: Slowbro|Ice Beam|p1a: Kabe
|-resisted|p1a: Kabe
|-damage|p1a: Kabe|35/100
|
|upkeep
|turn|15
|
|t:|1636279192
|move|p2a: Slowbro|Slack Off|p2a: Slowbro
|-heal|p2a: Slowbro|86/100
|move|p1a: Kabe|Teleport|p1a: Kabe
|
|t:|1636279195
|switch|p1a: Nambakrass|Golurk|100/100|[from]move: Teleport
|
|upkeep
|turn|16
|
|t:|1636279198
|move|p1a: Nambakrass|Poltergeist|p2a: Slowbro
|-activate|p2a: Slowbro|move: Poltergeist|Rocky Helmet
|-supereffective|p2a: Slowbro
|-crit|p2a: Slowbro
|-damage|p2a: Slowbro|0 fnt
|faint|p2a: Slowbro
|
|upkeep
|
|t:|1636279201
|switch|p2a: Klefki|Klefki, F|35/100
|turn|17
|
|t:|1636279203
|move|p2a: Klefki|Reflect|p2a: Klefki
|-sidestart|p2: NOAH MK2|Reflect
|move|p1a: Nambakrass|Poltergeist|p2a: Klefki
|-activate|p2a: Klefki|move: Poltergeist|Light Clay
|-damage|p2a: Klefki|0 fnt
|faint|p2a: Klefki
|
|upkeep
|
|t:|1636279207
|switch|p2a: Gengar|Gengar, F|100/100
|turn|18
|
|t:|1636279213
|switch|p1a: Dok-Zone|Muk-Alola, F|53/100
|detailschange|p2a: Gengar|Gengar-Mega, F
|-mega|p2a: Gengar|Gengar|Gengarite
|move|p2a: Gengar|Substitute|p2a: Gengar
|-start|p2a: Gengar|Substitute
|-damage|p2a: Gengar|76/100
|
|upkeep
|turn|19
|
|t:|1636279216
|move|p2a: Gengar|Shadow Ball|p1a: Dok-Zone
|-resisted|p1a: Dok-Zone
|-damage|p1a: Dok-Zone|42/100
|move|p1a: Dok-Zone|Knock Off|p2a: Gengar
|-supereffective|p2a: Gengar
|-end|p2a: Gengar|Substitute
|
|upkeep
|turn|20
|
|t:|1636279221
|move|p2a: Gengar|Shadow Ball|p1a: Dok-Zone
|-resisted|p1a: Dok-Zone
|-damage|p1a: Dok-Zone|30/100
|move|p1a: Dok-Zone|Knock Off|p2a: Gengar
|-supereffective|p2a: Gengar
|-damage|p2a: Gengar|33/100
|
|upkeep
|turn|21
|
|t:|1636279228
|move|p2a: Gengar|Sludge Wave|p1a: Dok-Zone
|-resisted|p1a: Dok-Zone
|-damage|p1a: Dok-Zone|17/100
|move|p1a: Dok-Zone|Pursuit|p2a: Gengar
|-supereffective|p2a: Gengar
|-damage|p2a: Gengar|4/100
|
|upkeep
|turn|22
|
|t:|1636279231
|move|p2a: Gengar|Sludge Wave|p1a: Dok-Zone
|-resisted|p1a: Dok-Zone
|-damage|p1a: Dok-Zone|3/100
|move|p1a: Dok-Zone|Pursuit|p2a: Gengar
|-supereffective|p2a: Gengar
|-damage|p2a: Gengar|0 fnt
|faint|p2a: Gengar
|
|upkeep
|
|t:|1636279236
|switch|p2a: Chansey|Chansey, F|100/100
|turn|23
|
|t:|1636279241
|switch|p1a: Nambakrass|Golurk|100/100
|move|p2a: Chansey|Stealth Rock|p1a: Nambakrass
|-sidestart|p1: tenalek|move: Stealth Rock
|
|upkeep
|turn|24
|
|t:|1636279245
|move|p1a: Nambakrass|Dynamic Punch|p2a: Chansey
|-supereffective|p2a: Chansey
|-damage|p2a: Chansey|62/100
|-start|p2a: Chansey|confusion
|-activate|p2a: Chansey|confusion
|move|p2a: Chansey|Teleport||[still]
|-fail|p2a: Chansey
|
|-sideend|p2: NOAH MK2|Reflect
|upkeep
|turn|25
|c|☆NOAH MK2|ㅈㅈ
|-message|NOAH MK2 forfeited.
|
|win|tenalek
|l|☆NOAH MK2
|l|☆tenalek
