|j|☆NOAH MK2
|j|☆09hi
|t:|1642423959
|gametype|singles
|player|p1|NOAH MK2|266|
|player|p2|09hi|lucas-gen4pt|
|teamsize|p1|6
|teamsize|p2|6
|gen|8
|tier|[Gen 8] National Dex AG
|rule|HP Percentage Mod: HP is shown in percentages
|rule|Endless Battle Clause: Forcing endless battles is banned
|rule|Species Clause: Limit one of each Pokémon
|rule|Item Clause: Limit one of each item
|clearpoke
|poke|p1|Klefki, F|
|poke|p1|Chansey, F|
|poke|p1|Gothitelle, F|
|poke|p1|Salamence, F|
|poke|p1|Urshifu-*, M|
|poke|p1|Volcarona, F|
|poke|p2|Gallade, M|
|poke|p2|Zapdos|
|poke|p2|Gliscor, M|
|poke|p2|Volcarona, M|
|poke|p2|Tapu Fini|
|poke|p2|Latias, F|
|teampreview
|
|t:|1642423994
|start
|switch|p1a: Klefki|Klefki, F|100/100
|switch|p2a: 썬더|Zapdos|100/100
|turn|1
|
|t:|1642424000
|move|p1a: Klefki|Light Screen|p1a: Klefki
|-sidestart|p1: NOAH MK2|move: Light Screen
|move|p2a: 썬더|Heat Wave|p1a: Klefki|[miss]
|-miss|p2a: 썬더|p1a: Klefki
|
|upkeep
|turn|2
|c|☆09hi|서운하다 썬더야...
|
|t:|1642424016
|switch|p1a: Chansey|Chansey, F|100/100
|move|p2a: 썬더|Heat Wave|p1a: Chansey
|-damage|p1a: Chansey|96/100
|
|upkeep
|turn|3
|
|t:|1642424024
|switch|p2a: 불카모스|Volcarona, M|100/100
|move|p1a: Chansey|Teleport|p1a: Chansey
|
|t:|1642424028
|switch|p1a: Urshifu|Urshifu-Rapid-Strike, M|100/100|[from]move: Teleport
|
|upkeep
|turn|4
|
|t:|1642424043
|-start|p2a: 불카모스|Dynamax
|-heal|p2a: 불카모스|100/100|[silent]
|move|p1a: Urshifu|Surging Strikes|p2a: 불카모스
|-supereffective|p2a: 불카모스
|-crit|p2a: 불카모스
|-damage|p2a: 불카모스|57/100
|-supereffective|p2a: 불카모스
|-crit|p2a: 불카모스
|-damage|p2a: 불카모스|8/100
|-status|p1a: Urshifu|brn|[from] ability: Flame Body|[of] p2a: 불카모스
|-supereffective|p2a: 불카모스
|-crit|p2a: 불카모스
|-damage|p2a: 불카모스|0 fnt
|faint|p2a: 불카모스
|-hitcount|p2: 불카모스|3
|
|-damage|p1a: Urshifu|94/100 brn|[from] brn
|upkeep
|c|☆09hi|...
|
|t:|1642424061
|switch|p2a: 엘레이드|Gallade, M|100/100
|turn|5
|
|t:|1642424070
|switch|p1a: Klefki|Klefki, F|100/100
|detailschange|p2a: 엘레이드|Gallade-Mega, M
|-mega|p2a: 엘레이드|Gallade|Galladite
|move|p2a: 엘레이드|Swords Dance|p2a: 엘레이드
|-boost|p2a: 엘레이드|atk|2
|
|upkeep
|turn|6
|
|t:|1642424078
|move|p1a: Klefki|Reflect|p1a: Klefki
|-sidestart|p1: NOAH MK2|Reflect
|move|p2a: 엘레이드|Close Combat|p1a: Klefki
|-crit|p1a: Klefki
|-damage|p1a: Klefki|0 fnt
|-unboost|p2a: 엘레이드|def|1
|-unboost|p2a: 엘레이드|spd|1
|faint|p1a: Klefki
|
|upkeep
|
|t:|1642424097
|switch|p1a: Salamence|Salamence, F|100/100
|-ability|p1a: Salamence|Intimidate|boost
|-fail|p2a: 엘레이드|unboost|Attack|[from] ability: Inner Focus|[of] p2a: 엘레이드
|turn|7
|
|t:|1642424106
|detailschange|p1a: Salamence|Salamence-Mega, F
|-mega|p1a: Salamence|Salamence|Salamencite
|move|p2a: 엘레이드|Shadow Sneak|p1a: Salamence
|-damage|p1a: Salamence|86/100
|move|p1a: Salamence|Substitute|p1a: Salamence
|-start|p1a: Salamence|Substitute
|-damage|p1a: Salamence|62/100
|
|upkeep
|turn|8
|j|¹pokemonkorea co kr
|
|t:|1642424112
|move|p1a: Salamence|Dragon Dance|p1a: Salamence
|-boost|p1a: Salamence|atk|1
|-boost|p1a: Salamence|spe|1
|move|p2a: 엘레이드|Close Combat|p1a: Salamence
|-resisted|p1a: Salamence
|-end|p1a: Salamence|Substitute
|-unboost|p2a: 엘레이드|def|1
|-unboost|p2a: 엘레이드|spd|1
|
|-sideend|p1: NOAH MK2|move: Light Screen
|upkeep
|turn|9
|
|t:|1642424122
|move|p1a: Salamence|Roost|p1a: Salamence
|-heal|p1a: Salamence|100/100
|-singleturn|p1a: Salamence|move: Roost
|move|p2a: 엘레이드|Close Combat|p1a: Salamence
|-damage|p1a: Salamence|42/100
|-unboost|p2a: 엘레이드|def|1
|-unboost|p2a: 엘레이드|spd|1
|
|upkeep
|turn|10
|j| phantom crystal
|
|t:|1642424131
|move|p1a: Salamence|Frustration|p2a: 엘레이드
|-supereffective|p2a: 엘레이드
|-damage|p2a: 엘레이드|0 fnt
|faint|p2a: 엘레이드
|
|upkeep
|
|t:|1642424142
|switch|p2a: 썬더|Zapdos|100/100
|turn|11
|
|t:|1642424146
|move|p1a: Salamence|Roost|p1a: Salamence
|-heal|p1a: Salamence|92/100
|-singleturn|p1a: Salamence|move: Roost
|move|p2a: 썬더|Discharge|p1a: Salamence
|-resisted|p1a: Salamence
|-damage|p1a: Salamence|73/100
|
|upkeep
|turn|12
|
|t:|1642424156
|switch|p1a: Chansey|Chansey, F|96/100
|move|p2a: 썬더|Hurricane|p1a: Chansey
|-damage|p1a: Chansey|83/100
|
|upkeep
|turn|13
|
|t:|1642424166
|switch|p2a: 글라이온|Gliscor, M|100/100
|move|p1a: Chansey|Stealth Rock|p2a: 글라이온
|-sidestart|p2: 09hi|move: Stealth Rock
|
|-sideend|p1: NOAH MK2|Reflect
|-status|p2a: 글라이온|tox|[from] item: Toxic Orb
|upkeep
|turn|14
|
|t:|1642424173
|move|p2a: 글라이온|Substitute|p2a: 글라이온
|-start|p2a: 글라이온|Substitute
|-damage|p2a: 글라이온|75/100 tox
|move|p1a: Chansey|Teleport|p1a: Chansey
|
|t:|1642424181
|switch|p1a: Urshifu|Urshifu-Rapid-Strike, M|94/100 brn|[from]move: Teleport
|
|-heal|p2a: 글라이온|88/100 tox|[from] ability: Poison Heal
|-damage|p1a: Urshifu|88/100 brn|[from] brn
|upkeep
|turn|15
|
|t:|1642424188
|move|p1a: Urshifu|Surging Strikes|p2a: 글라이온
|-supereffective|p2a: 글라이온
|-crit|p2a: 글라이온
|-end|p2a: 글라이온|Substitute
|-supereffective|p2a: 글라이온
|-crit|p2a: 글라이온
|-damage|p2a: 글라이온|65/100 tox
|-supereffective|p2a: 글라이온
|-crit|p2a: 글라이온
|-damage|p2a: 글라이온|42/100 tox
|-hitcount|p2a: 글라이온|3
|move|p2a: 글라이온|Guillotine|p1a: Urshifu|[miss]
|-miss|p2a: 글라이온|p1a: Urshifu
|
|-heal|p2a: 글라이온|54/100 tox|[from] ability: Poison Heal
|-damage|p1a: Urshifu|82/100 brn|[from] brn
|upkeep
|turn|16
|
|t:|1642424201
|move|p2a: 글라이온|Protect|p2a: 글라이온
|-singleturn|p2a: 글라이온|Protect
|move|p1a: Urshifu|Surging Strikes|p2a: 글라이온
|-supereffective|p2a: 글라이온
|-crit|p2a: 글라이온
|-damage|p2a: 글라이온|32/100 tox
|-supereffective|p2a: 글라이온
|-crit|p2a: 글라이온
|-damage|p2a: 글라이온|7/100 tox
|-supereffective|p2a: 글라이온
|-crit|p2a: 글라이온
|-damage|p2a: 글라이온|0 fnt
|faint|p2a: 글라이온
|-hitcount|p2: 글라이온|3
|
|-damage|p1a: Urshifu|76/100 brn|[from] brn
|upkeep
|c|☆09hi|아
|c|☆09hi|맞다
|c|☆09hi|특성
|
|t:|1642424218
|switch|p2a: 라티아스|Latias, F|100/100
|-damage|p2a: 라티아스|88/100|[from] Stealth Rock
|turn|17
|
|t:|1642424253
|switch|p1a: Chansey|Chansey, F|83/100
|move|p2a: 라티아스|Aura Sphere|p1a: Chansey
|-supereffective|p1a: Chansey
|-damage|p1a: Chansey|67/100
|
|upkeep
|turn|18
|
|t:|1642424259
|move|p2a: 라티아스|Aura Sphere|p1a: Chansey
|-supereffective|p1a: Chansey
|-damage|p1a: Chansey|52/100
|move|p1a: Chansey|Teleport|p1a: Chansey
|
|t:|1642424277
|switch|p1a: Volcarona|Volcarona, F|100/100|[from]move: Teleport
|
|upkeep
|turn|19
|
|t:|1642424282
|switch|p1a: Chansey|Chansey, F|52/100
|move|p2a: 라티아스|Mystical Fire|p1a: Chansey
|-crit|p1a: Chansey
|-damage|p1a: Chansey|42/100
|-unboost|p1a: Chansey|spa|1
|
|upkeep
|turn|20
|
|t:|1642424290
|move|p2a: 라티아스|Mystical Fire|p1a: Chansey
|-damage|p1a: Chansey|35/100
|-unboost|p1a: Chansey|spa|1
|move|p1a: Chansey|Soft-Boiled|p1a: Chansey
|-heal|p1a: Chansey|85/100
|
|upkeep
|turn|21
|
|t:|1642424297
|move|p2a: 라티아스|Aura Sphere|p1a: Chansey
|-supereffective|p1a: Chansey
|-damage|p1a: Chansey|70/100
|move|p1a: Chansey|Seismic Toss|p2a: 라티아스
|-damage|p2a: 라티아스|55/100
|
|upkeep
|turn|22
|
|t:|1642424304
|move|p2a: 라티아스|Aura Sphere|p1a: Chansey
|-supereffective|p1a: Chansey
|-damage|p1a: Chansey|56/100
|move|p1a: Chansey|Seismic Toss|p2a: 라티아스
|-damage|p2a: 라티아스|22/100
|-enditem|p2a: 라티아스|Sitrus Berry|[eat]
|-heal|p2a: 라티아스|47/100|[from] item: Sitrus Berry
|
|upkeep
|turn|23
|
|t:|1642424312
|move|p2a: 라티아스|Aura Sphere|p1a: Chansey
|-supereffective|p1a: Chansey
|-damage|p1a: Chansey|40/100
|move|p1a: Chansey|Soft-Boiled|p1a: Chansey
|-heal|p1a: Chansey|90/100
|
|upkeep
|turn|24
|
|t:|1642424318
|move|p2a: 라티아스|Aura Sphere|p1a: Chansey
|-supereffective|p1a: Chansey
|-damage|p1a: Chansey|74/100
|move|p1a: Chansey|Seismic Toss|p2a: 라티아스
|-damage|p2a: 라티아스|13/100
|
|upkeep
|turn|25
|
|t:|1642424342
|move|p2a: 라티아스|Tailwind|p2a: 라티아스
|-sidestart|p2: 09hi|move: Tailwind
|move|p1a: Chansey|Soft-Boiled|p1a: Chansey
|-heal|p1a: Chansey|100/100
|
|upkeep
|turn|26
|
|t:|1642424354
|switch|p2a: 카푸느지느|Tapu Fini|100/100
|-damage|p2a: 카푸느지느|88/100|[from] Stealth Rock
|-fieldstart|move: Misty Terrain|[from] ability: Misty Surge|[of] p2a: 카푸느지느
|move|p1a: Chansey|Stealth Rock||[still]
|-fail|p1a: Chansey
|
|-heal|p2a: 카푸느지느|94/100|[from] item: Leftovers
|upkeep
|turn|27
|
|t:|1642424363
|switch|p1a: Gothitelle|Gothitelle, F|100/100
|move|p2a: 카푸느지느|Calm Mind|p2a: 카푸느지느
|-boost|p2a: 카푸느지느|spa|1
|-boost|p2a: 카푸느지느|spd|1
|
|-heal|p2a: 카푸느지느|100/100|[from] item: Leftovers
|upkeep
|turn|28
|
|t:|1642424370
|move|p2a: 카푸느지느|Taunt|p1a: Gothitelle
|-start|p1a: Gothitelle|move: Taunt
|cant|p1a: Gothitelle|move: Taunt|Trick
|
|-sideend|p2: 09hi|move: Tailwind
|upkeep
|turn|29
|
|t:|1642424396
|switch|p1a: Volcarona|Volcarona, F|100/100
|move|p2a: 카푸느지느|Calm Mind|p2a: 카푸느지느
|-boost|p2a: 카푸느지느|spa|1
|-boost|p2a: 카푸느지느|spd|1
|
|upkeep
|turn|30
|
|t:|1642424403
|move|p1a: Volcarona|Quiver Dance|p1a: Volcarona
|-boost|p1a: Volcarona|spa|1
|-boost|p1a: Volcarona|spd|1
|-boost|p1a: Volcarona|spe|1
|move|p2a: 카푸느지느|Calm Mind|p2a: 카푸느지느
|-boost|p2a: 카푸느지느|spa|1
|-boost|p2a: 카푸느지느|spd|1
|
|-fieldend|Misty Terrain
|upkeep
|turn|31
|
|t:|1642424410
|move|p1a: Volcarona|Quiver Dance|p1a: Volcarona
|-boost|p1a: Volcarona|spa|1
|-boost|p1a: Volcarona|spd|1
|-boost|p1a: Volcarona|spe|1
|move|p2a: 카푸느지느|Surf|p1a: Volcarona
|-supereffective|p1a: Volcarona
|-damage|p1a: Volcarona|19/100
|
|upkeep
|turn|32
|
|t:|1642424419
|-start|p1a: Volcarona|Dynamax
|-heal|p1a: Volcarona|19/100|[silent]
|move|p1a: Volcarona|Max Overgrowth|p2a: 카푸느지느
|-supereffective|p2a: 카푸느지느
|-damage|p2a: 카푸느지느|44/100
|-fieldstart|move: Grassy Terrain
|move|p2a: 카푸느지느|Surf|p1a: Volcarona
|-supereffective|p1a: Volcarona
|-damage|p1a: Volcarona|0 fnt
|faint|p1a: Volcarona
|
|-heal|p2a: 카푸느지느|50/100|[from] Grassy Terrain
|-heal|p2a: 카푸느지느|56/100|[from] item: Leftovers
|upkeep
|
|t:|1642424433
|switch|p1a: Gothitelle|Gothitelle, F|100/100
|turn|33
|
|t:|1642424436
|move|p1a: Gothitelle|Energy Ball|p2a: 카푸느지느
|-supereffective|p2a: 카푸느지느
|-crit|p2a: 카푸느지느
|-damage|p2a: 카푸느지느|0 fnt
|faint|p2a: 카푸느지느
|
|upkeep
|c|☆09hi|이미친
|c|☆09hi|아까부터
|c|☆09hi|왜 계속 급소야
|
|t:|1642424455
|switch|p2a: 썬더|Zapdos|100/100
|-damage|p2a: 썬더|75/100|[from] Stealth Rock
|turn|34
|
|t:|1642424460
|switch|p1a: Chansey|Chansey, F|100/100
|move|p2a: 썬더|Roost|p2a: 썬더
|-heal|p2a: 썬더|100/100
|-singleturn|p2a: 썬더|move: Roost
|
|upkeep
|turn|35
|c|☆09hi|ㅈㅈ
|-message|09hi forfeited.
|
|win|NOAH MK2
|l|☆09hi
|l|☆NOAH MK2
