|j|☆tenalek
|j|☆NOAH MK2
|t:|1632633728
|gametype|singles
|player|p1|tenalek|pokemaniac-gen3rs|
|player|p2|NOAH MK2|102|
|teamsize|p1|6
|teamsize|p2|6
|gen|8
|tier|[Gen 8] National Dex AG
|rule|HP Percentage Mod: HP is shown in percentages
|rule|Endless Battle Clause: Forcing endless battles is banned
|rule|Species Clause: Limit one of each Pokémon
|rule|Item Clause: Limit one of each item
|clearpoke
|poke|p1|Swampert, F|
|poke|p1|Grapploct, F|
|poke|p1|Hatterene, F|
|poke|p1|Tapu Koko|
|poke|p1|Mantine, F|
|poke|p1|Cinderace, F|
|poke|p2|Gengar, F|
|poke|p2|Klefki, M|
|poke|p2|Landorus-Therian, M|
|poke|p2|Tapu Fini|
|poke|p2|Hatterene, F|
|poke|p2|Glastrier|
|teampreview
|j|@Nakda
|j|%ikermuniain
|
|t:|1632633743
|start
|switch|p1a: Ggangchul|Swampert, F, shiny|100/100
|switch|p2a: Klefki|Klefki, M|100/100
|turn|1
|j|%podownlogin1234
|
|t:|1632633751
|switch|p2a: Hatterene|Hatterene, F|100/100
|move|p1a: Ggangchul|Yawn|p2a: Hatterene
|move|p2a: Hatterene|Yawn|p1a: Ggangchul|[from]ability: Magic Bounce
|-start|p1a: Ggangchul|move: Yawn|[of] p2a: Hatterene
|
|upkeep
|turn|2
|
|t:|1632633764
|switch|p2a: Klefki|Klefki, M|100/100
|move|p1a: Ggangchul|Flip Turn|p2a: Klefki
|-damage|p2a: Klefki|83/100
|
|t:|1632633771
|switch|p1a: Hushu|Cinderace, F|100/100|[from]move: Flip Turn
|
|upkeep
|turn|3
|
|t:|1632633776
|move|p2a: Klefki|Reflect|p2a: Klefki
|-sidestart|p2: NOAH MK2|Reflect
|move|p1a: Hushu|Pyro Ball|p2a: Klefki
|-supereffective|p2a: Klefki
|-damage|p2a: Klefki|35/100
|
|upkeep
|turn|4
|l|%podownlogin1234
|
|t:|1632633788
|switch|p1a: Ggangchul|Swampert, F, shiny|100/100
|move|p2a: Klefki|Light Screen|p2a: Klefki
|-sidestart|p2: NOAH MK2|move: Light Screen
|
|upkeep
|turn|5
|
|t:|1632633798
|switch|p2a: Tapu Fini|Tapu Fini|100/100
|-fieldstart|move: Misty Terrain|[from] ability: Misty Surge|[of] p2a: Tapu Fini
|move|p1a: Ggangchul|Flip Turn|p2a: Tapu Fini
|-resisted|p2a: Tapu Fini
|-damage|p2a: Tapu Fini|96/100
|
|t:|1632633804
|switch|p1a: Lancingkasla|Tapu Koko|100/100|[from]move: Flip Turn
|-fieldstart|move: Electric Terrain|[from] ability: Electric Surge|[of] p1a: Lancingkasla
|
|-heal|p2a: Tapu Fini|100/100|[from] item: Leftovers
|upkeep
|turn|6
|
|t:|1632633814
|move|p1a: Lancingkasla|Toxic|p2a: Tapu Fini
|-status|p2a: Tapu Fini|tox
|move|p2a: Tapu Fini|Calm Mind|p2a: Tapu Fini
|-boost|p2a: Tapu Fini|spa|1
|-boost|p2a: Tapu Fini|spd|1
|
|-damage|p2a: Tapu Fini|94/100 tox|[from] psn
|upkeep
|turn|7
|
|t:|1632633824
|switch|p2a: Landorus|Landorus-Therian, M|100/100
|-ability|p2a: Landorus|Intimidate|boost
|-unboost|p1a: Lancingkasla|atk|1
|move|p1a: Lancingkasla|Volt Switch|p2a: Landorus
|-immune|p2a: Landorus
|
|upkeep
|turn|8
|
|t:|1632633833
|move|p1a: Lancingkasla|Toxic|p2a: Landorus
|-status|p2a: Landorus|tox
|-enditem|p2a: Landorus|Lum Berry|[eat]
|-curestatus|p2a: Landorus|tox|[msg]
|move|p2a: Landorus|Swords Dance|p2a: Landorus
|-boost|p2a: Landorus|atk|2
|
|upkeep
|turn|9
|
|t:|1632633839
|-start|p2a: Landorus|Dynamax
|-heal|p2a: Landorus|100/100|[silent]
|move|p1a: Lancingkasla|Toxic|p2a: Landorus
|-status|p2a: Landorus|tox
|move|p2a: Landorus|Max Airstream|p1a: Lancingkasla
|-resisted|p1a: Lancingkasla
|-damage|p1a: Lancingkasla|36/100
|-boost|p2a: Landorus|spe|1
|
|-damage|p2a: Landorus|98/100 tox|[from] psn
|-fieldend|move: Electric Terrain
|upkeep
|turn|10
|
|t:|1632633852
|move|p2a: Landorus|Max Rockfall|p1a: Lancingkasla
|-damage|p1a: Lancingkasla|0 fnt
|-weather|Sandstorm
|faint|p1a: Lancingkasla
|
|-weather|Sandstorm|[upkeep]
|-damage|p2a: Landorus|92/100 tox|[from] psn
|-sideend|p2: NOAH MK2|Reflect
|upkeep
|
|t:|1632633855
|switch|p1a: Baikanrope|Grapploct, F, shiny|100/100
|turn|11
|
|t:|1632633859
|move|p2a: Landorus|Max Airstream|p1a: Baikanrope
|-supereffective|p1a: Baikanrope
|-enditem|p1a: Baikanrope|Focus Sash
|-damage|p1a: Baikanrope|1/100
|-boost|p2a: Landorus|spe|1
|move|p1a: Baikanrope|Topsy-Turvy|p2a: Landorus
|-invertboost|p2a: Landorus|[from] move: Topsy-Turvy
|
|-weather|Sandstorm|[upkeep]
|-damage|p1a: Baikanrope|0 fnt|[from] Sandstorm
|faint|p1a: Baikanrope
|-damage|p2a: Landorus|83/100 tox|[from] psn
|-sideend|p2: NOAH MK2|move: Light Screen
|-end|p2a: Landorus|Dynamax
|-heal|p2a: Landorus|83/100 tox|[silent]
|upkeep
|
|t:|1632633871
|switch|p1a: Marena|Hatterene, F, shiny|100/100
|turn|12
|
|t:|1632633878
|switch|p2a: Klefki|Klefki, M|35/100
|move|p1a: Marena|Calm Mind|p1a: Marena
|-boost|p1a: Marena|spa|1
|-boost|p1a: Marena|spd|1
|
|-weather|Sandstorm|[upkeep]
|-damage|p1a: Marena|95/100|[from] Sandstorm
|-heal|p1a: Marena|100/100|[from] item: Leftovers
|upkeep
|turn|13
|
|t:|1632633881
|move|p2a: Klefki|Light Screen|p2a: Klefki
|-sidestart|p2: NOAH MK2|move: Light Screen
|move|p1a: Marena|Calm Mind|p1a: Marena
|-boost|p1a: Marena|spa|1
|-boost|p1a: Marena|spd|1
|
|-weather|Sandstorm|[upkeep]
|-damage|p1a: Marena|95/100|[from] Sandstorm
|-heal|p1a: Marena|100/100|[from] item: Leftovers
|upkeep
|turn|14
|
|t:|1632633884
|move|p2a: Klefki|Reflect|p2a: Klefki
|-sidestart|p2: NOAH MK2|Reflect
|move|p1a: Marena|Calm Mind|p1a: Marena
|-boost|p1a: Marena|spa|1
|-boost|p1a: Marena|spd|1
|
|-weather|none
|upkeep
|turn|15
|
|t:|1632633886
|move|p2a: Klefki|Steel Beam|p1a: Marena
|-supereffective|p1a: Marena
|-damage|p1a: Marena|68/100
|-damage|p2a: Klefki|0 fnt|[from] mindblown
|faint|p2a: Klefki
|move|p1a: Marena|Calm Mind|p1a: Marena
|-boost|p1a: Marena|spa|1
|-boost|p1a: Marena|spd|1
|
|-heal|p1a: Marena|74/100|[from] item: Leftovers
|upkeep
|
|t:|1632633917
|switch|p2a: Hatterene|Hatterene, F|100/100
|turn|16
|
|t:|1632633921
|move|p1a: Marena|Calm Mind|p1a: Marena
|-boost|p1a: Marena|spa|1
|-boost|p1a: Marena|spd|1
|move|p2a: Hatterene|Trick Room|p2a: Hatterene
|-fieldstart|move: Trick Room|[of] p2a: Hatterene
|
|-heal|p1a: Marena|80/100|[from] item: Leftovers
|upkeep
|turn|17
|
|t:|1632633925
|move|p2a: Hatterene|Misty Explosion|p1a: Marena
|-damage|p1a: Marena|62/100
|faint|p2a: Hatterene
|move|p1a: Marena|Calm Mind|p1a: Marena
|-boost|p1a: Marena|spa|1
|-boost|p1a: Marena|spd|1
|
|-heal|p1a: Marena|68/100|[from] item: Leftovers
|upkeep
|
|t:|1632633931
|switch|p2a: Glastrier|Glastrier|100/100
|turn|18
|
|t:|1632633941
|-start|p1a: Marena|Dynamax
|-formechange|p1a: Marena|Hatterene-Gmax
|-heal|p1a: Marena|68/100|[silent]
|move|p2a: Glastrier|Icicle Spear|p1a: Marena
|-damage|p1a: Marena|60/100
|-damage|p1a: Marena|51/100
|-damage|p1a: Marena|42/100
|-hitcount|p1a: Marena|3
|-damage|p2a: Glastrier|91/100|[from] item: Life Orb
|move|p1a: Marena|G-Max Smite|p2a: Glastrier
|-damage|p2a: Glastrier|17/100
|-start|p2a: Glastrier|confusion
|
|-heal|p1a: Marena|45/100|[from] item: Leftovers
|upkeep
|turn|19
|
|t:|1632633948
|-activate|p2a: Glastrier|confusion
|move|p2a: Glastrier|Icicle Spear|p1a: Marena
|-damage|p1a: Marena|36/100
|-damage|p1a: Marena|27/100
|-damage|p1a: Marena|18/100
|-hitcount|p1a: Marena|3
|-damage|p2a: Glastrier|7/100|[from] item: Life Orb
|move|p1a: Marena|Max Mindstorm|p2a: Glastrier
|-damage|p2a: Glastrier|0 fnt
|-fieldstart|move: Psychic Terrain
|faint|p2a: Glastrier
|
|-heal|p1a: Marena|21/100|[from] item: Leftovers
|upkeep
|
|t:|1632633962
|switch|p2a: Tapu Fini|Tapu Fini|94/100 tox
|-fieldstart|move: Misty Terrain|[from] ability: Misty Surge|[of] p2a: Tapu Fini
|turn|20
|
|t:|1632633967
|move|p1a: Marena|Max Mindstorm|p2a: Tapu Fini
|-damage|p2a: Tapu Fini|3/100 tox
|-fieldstart|move: Psychic Terrain
|move|p2a: Tapu Fini|Calm Mind|p2a: Tapu Fini
|-boost|p2a: Tapu Fini|spa|1
|-boost|p2a: Tapu Fini|spd|1
|
|-heal|p1a: Marena|24/100|[from] item: Leftovers
|-heal|p2a: Tapu Fini|9/100 tox|[from] item: Leftovers
|-damage|p2a: Tapu Fini|3/100 tox|[from] psn
|-sideend|p2: NOAH MK2|move: Light Screen
|-fieldend|move: Trick Room
|-end|p1a: Marena|Dynamax
|-formechange|p1a: Marena|Hatterene
|-heal|p1a: Marena|24/100|[silent]
|upkeep
|turn|21
|
|t:|1632633971
|move|p2a: Tapu Fini|Draining Kiss|p1a: Marena
|-damage|p1a: Marena|14/100
|-heal|p2a: Tapu Fini|10/100 tox|[from] drain|[of] p1a: Marena
|move|p1a: Marena|Draining Kiss|p2a: Tapu Fini
|-damage|p2a: Tapu Fini|0 fnt
|-heal|p1a: Marena|21/100|[from] drain|[of] p2a: Tapu Fini
|faint|p2a: Tapu Fini
|
|-heal|p1a: Marena|27/100|[from] item: Leftovers
|-sideend|p2: NOAH MK2|Reflect
|upkeep
|
|t:|1632633975
|switch|p2a: Gengar|Gengar, F|100/100
|turn|22
|
|t:|1632633984
|detailschange|p2a: Gengar|Gengar-Mega, F
|-mega|p2a: Gengar|Gengar|Gengarite
|move|p2a: Gengar|Shadow Ball|p1a: Marena
|-supereffective|p1a: Marena
|-damage|p1a: Marena|0 fnt
|faint|p1a: Marena
|
|upkeep
|
|t:|1632633986
|switch|p1a: Ggangchul|Swampert, F, shiny|100/100
|turn|23
|
|t:|1632633995
|switch|p2a: Landorus|Landorus-Therian, M|83/100 tox
|-ability|p2a: Landorus|Intimidate|boost
|-unboost|p1a: Ggangchul|atk|1
|move|p1a: Ggangchul|Yawn||[still]
|-fail|p1a: Ggangchul
|
|-damage|p2a: Landorus|77/100 tox|[from] psn
|upkeep
|turn|24
|
|t:|1632634007
|move|p2a: Landorus|Earthquake|p1a: Ggangchul
|-damage|p1a: Ggangchul|63/100
|move|p1a: Ggangchul|Flip Turn|p2a: Landorus
|-supereffective|p2a: Landorus
|-damage|p2a: Landorus|40/100 tox
|
|t:|1632634010
|switch|p1a: Hushu|Cinderace, F|100/100|[from]move: Flip Turn
|
|-damage|p2a: Landorus|28/100 tox|[from] psn
|-fieldend|move: Psychic Terrain
|upkeep
|turn|25
|
|t:|1632634013
|move|p1a: Hushu|Pyro Ball|p2a: Landorus
|-damage|p2a: Landorus|0 fnt
|faint|p2a: Landorus
|
|upkeep
|
|t:|1632634016
|switch|p2a: Gengar|Gengar-Mega, F|100/100
|turn|26
|
|t:|1632634027
|move|p1a: Hushu|Pyro Ball|p2a: Gengar
|-damage|p2a: Gengar|6/100
|move|p2a: Gengar|Destiny Bond|p2a: Gengar
|-singlemove|p2a: Gengar|Destiny Bond
|
|upkeep
|turn|27
|
|t:|1632634031
|move|p1a: Hushu|Pyro Ball|p2a: Gengar
|-damage|p2a: Gengar|0 fnt
|faint|p2a: Gengar
|-activate|p2a: Gengar|move: Destiny Bond
|faint|p1a: Hushu
|
|win|tenalek
|c|☆NOAH MK2|ㅈㅈ
|l|☆tenalek
|l|☆NOAH MK2
|j|☆tenalek
|player|p1|tenalek|pokemaniac-gen3rs
|l|@Nakda
