|j|☆pokemonkorea co kr
|j|☆NOAH MK2
|t:|1642176954
|gametype|singles
|player|p1|pokemonkorea co kr|wally|
|player|p2|NOAH MK2|169|
|teamsize|p1|6
|teamsize|p2|6
|gen|8
|tier|[Gen 8] National Dex AG
|rule|HP Percentage Mod: HP is shown in percentages
|rule|Endless Battle Clause: Forcing endless battles is banned
|rule|Species Clause: Limit one of each Pokémon
|rule|Item Clause: Limit one of each item
|clearpoke
|poke|p1|Lucario, M|
|poke|p1|Tyranitar, M|
|poke|p1|Landorus-Therian, M|
|poke|p1|Xurkitree|
|poke|p1|Slowbro, F|
|poke|p1|Clefable, M|
|poke|p2|Klefki, F|
|poke|p2|Chansey, F|
|poke|p2|Whimsicott, F|
|poke|p2|Landorus-Therian, M|
|poke|p2|Gothitelle, F|
|poke|p2|Tapu Fini|
|teampreview
|
|t:|1642176962
|start
|switch|p1a: Lucario|Lucario, M|100/100
|switch|p2a: Klefki|Klefki, F|100/100
|turn|1
|
|t:|1642176967
|detailschange|p1a: Lucario|Lucario-Mega, M
|-mega|p1a: Lucario|Lucario|Lucarionite
|move|p2a: Klefki|Reflect|p2a: Klefki
|-sidestart|p2: NOAH MK2|Reflect
|move|p1a: Lucario|Swords Dance|p1a: Lucario
|-boost|p1a: Lucario|atk|2
|
|upkeep
|turn|2
|
|t:|1642176989
|switch|p2a: Landorus|Landorus-Therian, M|100/100
|-ability|p2a: Landorus|Intimidate|boost
|-unboost|p1a: Lucario|atk|1
|move|p1a: Lucario|Meteor Mash|p2a: Landorus
|-damage|p2a: Landorus|41/100
|
|upkeep
|turn|3
|
|t:|1642177013
|-start|p2a: Landorus|Dynamax
|-heal|p2a: Landorus|41/100|[silent]
|move|p1a: Lucario|Meteor Mash|p2a: Landorus
|-damage|p2a: Landorus|9/100
|move|p2a: Landorus|Max Quake|p1a: Lucario
|-supereffective|p1a: Lucario
|-damage|p1a: Lucario|0 fnt
|-boost|p2a: Landorus|spd|1
|faint|p1a: Lucario
|
|upkeep
|
|t:|1642177022
|switch|p1a: Landorus|Landorus-Therian, M|100/100
|-ability|p1a: Landorus|Intimidate|boost
|-unboost|p2a: Landorus|atk|1
|turn|4
|
|t:|1642177027
|move|p1a: Landorus|Stone Edge|p2a: Landorus
|-damage|p2a: Landorus|0 fnt
|faint|p2a: Landorus
|
|upkeep
|
|t:|1642177039
|switch|p2a: Tapu Fini|Tapu Fini|100/100
|-fieldstart|move: Misty Terrain|[from] ability: Misty Surge|[of] p2a: Tapu Fini
|turn|5
|
|t:|1642177045
|switch|p1a: Xurkitree|Xurkitree|100/100
|move|p2a: Tapu Fini|Calm Mind|p2a: Tapu Fini
|-boost|p2a: Tapu Fini|spa|1
|-boost|p2a: Tapu Fini|spd|1
|
|upkeep
|turn|6
|
|t:|1642177047
|move|p1a: Xurkitree|Tail Glow|p1a: Xurkitree
|-boost|p1a: Xurkitree|spa|3
|move|p2a: Tapu Fini|Draining Kiss|p1a: Xurkitree
|-damage|p1a: Xurkitree|52/100
|
|upkeep
|turn|7
|
|t:|1642177064
|switch|p2a: Chansey|Chansey, F|100/100
|move|p1a: Xurkitree|Thunderbolt|p2a: Chansey
|-damage|p2a: Chansey|43/100
|-damage|p1a: Xurkitree|42/100|[from] item: Life Orb
|
|upkeep
|turn|8
|
|t:|1642177068
|move|p1a: Xurkitree|Thunderbolt|p2a: Chansey
|-damage|p2a: Chansey|0 fnt
|faint|p2a: Chansey
|-ability|p1a: Xurkitree|Beast Boost|boost
|-boost|p1a: Xurkitree|spa|1
|-damage|p1a: Xurkitree|32/100|[from] item: Life Orb
|
|-sideend|p2: NOAH MK2|Reflect
|upkeep
|c|☆NOAH MK2|화력 미쳤네
|c|☆NOAH MK2|럭키가 못 견디나
|
|t:|1642177084
|switch|p2a: Whimsicott|Whimsicott, F|100/100
|turn|9
|
|t:|1642177088
|switch|p1a: Clefable|Clefable, M|100/100
|move|p2a: Whimsicott|Substitute|p2a: Whimsicott
|-start|p2a: Whimsicott|Substitute
|-damage|p2a: Whimsicott|76/100
|
|-heal|p2a: Whimsicott|82/100|[from] item: Leftovers
|-fieldend|Misty Terrain
|upkeep
|turn|10
|
|t:|1642177090
|move|p2a: Whimsicott|Leech Seed|p1a: Clefable
|-start|p1a: Clefable|move: Leech Seed
|move|p1a: Clefable|Stealth Rock|p2a: Whimsicott
|-sidestart|p2: NOAH MK2|move: Stealth Rock
|
|-heal|p2a: Whimsicott|88/100|[from] item: Leftovers
|upkeep
|turn|11
|
|t:|1642177096
|move|p2a: Whimsicott|Encore|p1a: Clefable
|-start|p1a: Clefable|Encore
|move|p1a: Clefable|Stealth Rock||[still]
|-fail|p1a: Clefable
|
|-heal|p2a: Whimsicott|94/100|[from] item: Leftovers
|upkeep
|turn|12
|
|t:|1642177102
|switch|p1a: Landorus|Landorus-Therian, M|100/100
|-ability|p1a: Landorus|Intimidate|boost
|-immune|p2a: Whimsicott
|move|p2a: Whimsicott|Moonblast|p1a: Landorus
|-damage|p1a: Landorus|52/100
|
|-heal|p2a: Whimsicott|99/100|[from] item: Leftovers
|upkeep
|turn|13
|
|t:|1642177108
|move|p1a: Landorus|U-turn|p2a: Whimsicott
|-end|p2a: Whimsicott|Substitute
|
|t:|1642177111
|switch|p1a: Clefable|Clefable, M|100/100|[from]move: U-turn
|move|p2a: Whimsicott|Moonblast|p1a: Clefable
|-damage|p1a: Clefable|66/100
|
|-heal|p2a: Whimsicott|100/100|[from] item: Leftovers
|upkeep
|turn|14
|
|t:|1642177116
|move|p2a: Whimsicott|Substitute|p2a: Whimsicott
|-start|p2a: Whimsicott|Substitute
|-damage|p2a: Whimsicott|76/100
|move|p1a: Clefable|Soft-Boiled|p1a: Clefable
|-heal|p1a: Clefable|100/100
|
|-heal|p2a: Whimsicott|82/100|[from] item: Leftovers
|upkeep
|turn|15
|
|t:|1642177123
|switch|p1a: Slowbro|Slowbro, F|100/100
|move|p2a: Whimsicott|Moonblast|p1a: Slowbro
|-damage|p1a: Slowbro|62/100
|-unboost|p1a: Slowbro|spa|1
|
|-heal|p2a: Whimsicott|88/100|[from] item: Leftovers
|upkeep
|turn|16
|
|t:|1642177129
|move|p2a: Whimsicott|Moonblast|p1a: Slowbro
|-damage|p1a: Slowbro|28/100
|move|p1a: Slowbro|Teleport|p1a: Slowbro
|
|t:|1642177133
|switch|p1a: Landorus|Landorus-Therian, M|52/100|[from]move: Teleport
|-ability|p1a: Landorus|Intimidate|boost
|-immune|p2a: Whimsicott
|
|-heal|p2a: Whimsicott|94/100|[from] item: Leftovers
|upkeep
|turn|17
|
|t:|1642177143
|move|p1a: Landorus|U-turn|p2a: Whimsicott
|-end|p2a: Whimsicott|Substitute
|
|t:|1642177146
|switch|p1a: Slowbro|Slowbro, F|61/100|[from]move: U-turn
|move|p2a: Whimsicott|Moonblast|p1a: Slowbro
|-damage|p1a: Slowbro|22/100
|-unboost|p1a: Slowbro|spa|1
|
|-heal|p2a: Whimsicott|99/100|[from] item: Leftovers
|upkeep
|turn|18
|
|t:|1642177150
|switch|p1a: Clefable|Clefable, M|100/100
|move|p2a: Whimsicott|Substitute|p2a: Whimsicott
|-start|p2a: Whimsicott|Substitute
|-damage|p2a: Whimsicott|75/100
|
|-heal|p2a: Whimsicott|81/100|[from] item: Leftovers
|upkeep
|turn|19
|
|t:|1642177154
|move|p2a: Whimsicott|Moonblast|p1a: Clefable
|-crit|p1a: Clefable
|-damage|p1a: Clefable|55/100
|move|p1a: Clefable|Moonblast|p2a: Whimsicott
|-end|p2a: Whimsicott|Substitute
|
|-heal|p2a: Whimsicott|87/100|[from] item: Leftovers
|upkeep
|turn|20
|
|t:|1642177178
|switch|p2a: Klefki|Klefki, F|100/100
|-damage|p2a: Klefki|95/100|[from] Stealth Rock
|move|p1a: Clefable|Soft-Boiled|p1a: Clefable
|-heal|p1a: Clefable|100/100
|
|upkeep
|turn|21
|
|t:|1642177181
|move|p2a: Klefki|Light Screen|p2a: Klefki
|-sidestart|p2: NOAH MK2|move: Light Screen
|move|p1a: Clefable|Knock Off|p2a: Klefki
|-resisted|p2a: Klefki
|-damage|p2a: Klefki|89/100
|-enditem|p2a: Klefki|Light Clay|[from] move: Knock Off|[of] p1a: Clefable
|
|upkeep
|turn|22
|
|t:|1642177193
|switch|p1a: Landorus|Landorus-Therian, M|52/100
|-ability|p1a: Landorus|Intimidate|boost
|-unboost|p2a: Klefki|atk|1
|move|p2a: Klefki|Reflect|p2a: Klefki
|-sidestart|p2: NOAH MK2|Reflect
|
|upkeep
|turn|23
|
|t:|1642177197
|move|p2a: Klefki|Defog|p1a: Landorus
|-unboost|p1a: Landorus|evasion|1
|-sideend|p2: NOAH MK2|Stealth Rock|[from] move: Defog|[of] p2a: Klefki
|move|p1a: Landorus|Earthquake|p2a: Klefki
|-supereffective|p2a: Klefki
|-damage|p2a: Klefki|45/100
|
|upkeep
|turn|24
|
|t:|1642177204
|switch|p1a: Slowbro|Slowbro, F|56/100
|move|p2a: Klefki|Steel Beam|p1a: Slowbro
|-resisted|p1a: Slowbro
|-damage|p1a: Slowbro|36/100
|-damage|p2a: Klefki|0 fnt|[from] mindblown
|faint|p2a: Klefki
|
|upkeep
|
|t:|1642177231
|switch|p2a: Tapu Fini|Tapu Fini|100/100
|-fieldstart|move: Misty Terrain|[from] ability: Misty Surge|[of] p2a: Tapu Fini
|turn|25
|
|t:|1642177243
|switch|p1a: Landorus|Landorus-Therian, M|52/100
|-ability|p1a: Landorus|Intimidate|boost
|-unboost|p2a: Tapu Fini|atk|1
|move|p2a: Tapu Fini|Calm Mind|p2a: Tapu Fini
|-boost|p2a: Tapu Fini|spa|1
|-boost|p2a: Tapu Fini|spd|1
|
|upkeep
|turn|26
|
|t:|1642177250
|move|p1a: Landorus|Defog|p2a: Tapu Fini
|-unboost|p2a: Tapu Fini|evasion|1
|-sideend|p2: NOAH MK2|Reflect
|-sideend|p2: NOAH MK2|move: Light Screen
|-fieldend|Misty Terrain
|move|p2a: Tapu Fini|Calm Mind|p2a: Tapu Fini
|-boost|p2a: Tapu Fini|spa|1
|-boost|p2a: Tapu Fini|spd|1
|
|upkeep
|turn|27
|
|t:|1642177256
|-start|p1a: Landorus|Dynamax
|-heal|p1a: Landorus|52/100|[silent]
|move|p1a: Landorus|Max Quake|p2a: Tapu Fini
|-damage|p2a: Tapu Fini|30/100
|-boost|p1a: Landorus|spd|1
|-enditem|p2a: Tapu Fini|Sitrus Berry|[eat]
|-heal|p2a: Tapu Fini|55/100|[from] item: Sitrus Berry
|move|p2a: Tapu Fini|Iron Defense|p2a: Tapu Fini
|-boost|p2a: Tapu Fini|def|2
|
|upkeep
|turn|28
|
|t:|1642177260
|move|p1a: Landorus|Max Quake|p2a: Tapu Fini
|-damage|p2a: Tapu Fini|21/100
|-boost|p1a: Landorus|spd|1
|move|p2a: Tapu Fini|Draining Kiss|p1a: Landorus
|-damage|p1a: Landorus|37/100
|-heal|p2a: Tapu Fini|43/100|[from] drain|[of] p1a: Landorus
|
|upkeep
|turn|29
|
|t:|1642177270
|move|p1a: Landorus|Max Quake|p2a: Tapu Fini
|-damage|p2a: Tapu Fini|11/100
|-boost|p1a: Landorus|spd|1
|move|p2a: Tapu Fini|Draining Kiss|p1a: Landorus
|-damage|p1a: Landorus|25/100
|-heal|p2a: Tapu Fini|28/100|[from] drain|[of] p1a: Landorus
|
|-end|p1a: Landorus|Dynamax
|-heal|p1a: Landorus|25/100|[silent]
|upkeep
|turn|30
|
|t:|1642177286
|switch|p1a: Tyranitar|Tyranitar, M|100/100
|-weather|Sandstorm|[from] ability: Sand Stream|[of] p1a: Tyranitar
|move|p2a: Tapu Fini|Draining Kiss|p1a: Tyranitar
|-supereffective|p1a: Tyranitar
|-damage|p1a: Tyranitar|73/100
|-heal|p2a: Tapu Fini|52/100|[from] drain|[of] p1a: Tyranitar
|
|-weather|Sandstorm|[upkeep]
|-damage|p2a: Tapu Fini|46/100|[from] Sandstorm
|upkeep
|turn|31
|
|t:|1642177293
|switch|p1a: Landorus|Landorus-Therian, M|25/100
|-ability|p1a: Landorus|Intimidate|boost
|-unboost|p2a: Tapu Fini|atk|1
|move|p2a: Tapu Fini|Draining Kiss|p1a: Landorus
|-damage|p1a: Landorus|0 fnt
|-heal|p2a: Tapu Fini|63/100|[from] drain|[of] p1a: Landorus
|faint|p1a: Landorus
|
|-weather|Sandstorm|[upkeep]
|-damage|p2a: Tapu Fini|57/100|[from] Sandstorm
|upkeep
|
|t:|1642177295
|switch|p1a: Xurkitree|Xurkitree|32/100
|turn|32
|
|t:|1642177297
|move|p1a: Xurkitree|Thunderbolt|p2a: Tapu Fini
|-supereffective|p2a: Tapu Fini
|-damage|p2a: Tapu Fini|0 fnt
|faint|p2a: Tapu Fini
|-ability|p1a: Xurkitree|Beast Boost|boost
|-boost|p1a: Xurkitree|spa|1
|-damage|p1a: Xurkitree|22/100|[from] item: Life Orb
|
|-weather|Sandstorm|[upkeep]
|-damage|p1a: Xurkitree|16/100|[from] Sandstorm
|upkeep
|
|t:|1642177303
|switch|p2a: Whimsicott|Whimsicott, F|87/100
|turn|33
|
|t:|1642177307
|switch|p1a: Slowbro|Slowbro, F|69/100
|move|p2a: Whimsicott|Substitute|p2a: Whimsicott
|-start|p2a: Whimsicott|Substitute
|-damage|p2a: Whimsicott|63/100
|
|-weather|Sandstorm|[upkeep]
|-damage|p2a: Whimsicott|56/100|[from] Sandstorm
|-damage|p1a: Slowbro|63/100|[from] Sandstorm
|-heal|p2a: Whimsicott|63/100|[from] item: Leftovers
|upkeep
|turn|34
|
|t:|1642177310
|move|p2a: Whimsicott|Moonblast|p1a: Slowbro
|-damage|p1a: Slowbro|26/100
|-unboost|p1a: Slowbro|spa|1
|move|p1a: Slowbro|Teleport|p1a: Slowbro
|
|t:|1642177312
|switch|p1a: Clefable|Clefable, M|100/100|[from]move: Teleport
|
|-weather|none
|-heal|p2a: Whimsicott|69/100|[from] item: Leftovers
|upkeep
|turn|35
|
|t:|1642177319
|move|p2a: Whimsicott|Moonblast|p1a: Clefable
|-damage|p1a: Clefable|67/100
|move|p1a: Clefable|Moonblast|p2a: Whimsicott
|-end|p2a: Whimsicott|Substitute
|
|-heal|p2a: Whimsicott|75/100|[from] item: Leftovers
|upkeep
|turn|36
|
|t:|1642177331
|move|p2a: Whimsicott|Moonblast|p1a: Clefable
|-damage|p1a: Clefable|31/100
|move|p1a: Clefable|Soft-Boiled|p1a: Clefable
|-heal|p1a: Clefable|81/100
|
|-heal|p2a: Whimsicott|81/100|[from] item: Leftovers
|upkeep
|turn|37
|
|t:|1642177338
|switch|p2a: Gothitelle|Gothitelle, F|100/100
|move|p1a: Clefable|Moonblast|p2a: Gothitelle
|-damage|p2a: Gothitelle|65/100
|
|upkeep
|turn|38
|
|t:|1642177347
|switch|p1a: Tyranitar|Tyranitar, M|73/100
|-weather|Sandstorm|[from] ability: Sand Stream|[of] p1a: Tyranitar
|move|p2a: Gothitelle|Trick|p1a: Tyranitar
|-activate|p2a: Gothitelle|move: Trick|[of] p1a: Tyranitar
|-item|p1a: Tyranitar|Choice Specs|[from] move: Trick
|-item|p2a: Gothitelle|Assault Vest|[from] move: Trick
|
|-weather|Sandstorm|[upkeep]
|-damage|p2a: Gothitelle|59/100|[from] Sandstorm
|upkeep
|turn|39
|
|t:|1642177352
|move|p2a: Gothitelle|Energy Ball|p1a: Tyranitar
|-supereffective|p1a: Tyranitar
|-damage|p1a: Tyranitar|53/100
|move|p1a: Tyranitar|Pursuit|p2a: Gothitelle
|-supereffective|p2a: Gothitelle
|-damage|p2a: Gothitelle|14/100
|
|-weather|Sandstorm|[upkeep]
|-damage|p2a: Gothitelle|8/100|[from] Sandstorm
|upkeep
|turn|40
|
|t:|1642177355
|move|p2a: Gothitelle|Energy Ball|p1a: Tyranitar
|-supereffective|p1a: Tyranitar
|-damage|p1a: Tyranitar|34/100
|-unboost|p1a: Tyranitar|spd|1
|move|p1a: Tyranitar|Pursuit|p2a: Gothitelle
|-supereffective|p2a: Gothitelle
|-damage|p2a: Gothitelle|0 fnt
|faint|p2a: Gothitelle
|
|-weather|Sandstorm|[upkeep]
|upkeep
|
|t:|1642177357
|switch|p2a: Whimsicott|Whimsicott, F|81/100
|turn|41
|
|t:|1642177361
|move|p2a: Whimsicott|Moonblast|p1a: Tyranitar
|-supereffective|p1a: Tyranitar
|-damage|p1a: Tyranitar|0 fnt
|faint|p1a: Tyranitar
|
|-weather|Sandstorm|[upkeep]
|-damage|p2a: Whimsicott|75/100|[from] Sandstorm
|-heal|p2a: Whimsicott|81/100|[from] item: Leftovers
|upkeep
|
|t:|1642177363
|switch|p1a: Clefable|Clefable, M|81/100
|turn|42
|
|t:|1642177365
|move|p2a: Whimsicott|Moonblast|p1a: Clefable
|-damage|p1a: Clefable|46/100
|move|p1a: Clefable|Moonblast|p2a: Whimsicott
|-damage|p2a: Whimsicott|30/100
|-unboost|p2a: Whimsicott|spa|1
|
|-weather|none
|-heal|p2a: Whimsicott|36/100|[from] item: Leftovers
|upkeep
|turn|43
|
|t:|1642177369
|move|p2a: Whimsicott|Moonblast|p1a: Clefable
|-damage|p1a: Clefable|22/100
|move|p1a: Clefable|Soft-Boiled|p1a: Clefable
|-heal|p1a: Clefable|72/100
|
|-heal|p2a: Whimsicott|42/100|[from] item: Leftovers
|upkeep
|turn|44
|
|t:|1642177372
|move|p2a: Whimsicott|Encore|p1a: Clefable
|-start|p1a: Clefable|Encore
|move|p1a: Clefable|Soft-Boiled|p1a: Clefable
|-heal|p1a: Clefable|100/100
|
|-heal|p2a: Whimsicott|48/100|[from] item: Leftovers
|upkeep
|turn|45
|
|t:|1642177375
|switch|p1a: Slowbro|Slowbro, F|59/100
|move|p2a: Whimsicott|Substitute|p2a: Whimsicott
|-start|p2a: Whimsicott|Substitute
|-damage|p2a: Whimsicott|23/100
|
|-heal|p2a: Whimsicott|30/100|[from] item: Leftovers
|upkeep
|turn|46
|
|t:|1642177379
|move|p2a: Whimsicott|Moonblast|p1a: Slowbro
|-damage|p1a: Slowbro|34/100
|move|p1a: Slowbro|Slack Off|p1a: Slowbro
|-heal|p1a: Slowbro|84/100
|
|-heal|p2a: Whimsicott|36/100|[from] item: Leftovers
|upkeep
|turn|47
|
|t:|1642177385
|move|p2a: Whimsicott|Leech Seed|p1a: Slowbro
|-start|p1a: Slowbro|move: Leech Seed
|move|p1a: Slowbro|Teleport|p1a: Slowbro
|
|t:|1642177387
|switch|p1a: Clefable|Clefable, M|100/100|[from]move: Teleport
|
|-heal|p2a: Whimsicott|42/100|[from] item: Leftovers
|upkeep
|turn|48
|
|t:|1642177388
|move|p2a: Whimsicott|Moonblast|p1a: Clefable
|-damage|p1a: Clefable|80/100
|-unboost|p1a: Clefable|spa|1
|move|p1a: Clefable|Moonblast|p2a: Whimsicott
|-end|p2a: Whimsicott|Substitute
|
|-heal|p2a: Whimsicott|48/100|[from] item: Leftovers
|upkeep
|turn|49
|
|t:|1642177392
|move|p2a: Whimsicott|Moonblast|p1a: Clefable
|-damage|p1a: Clefable|60/100
|-unboost|p1a: Clefable|spa|1
|move|p1a: Clefable|Knock Off|p2a: Whimsicott
|-resisted|p2a: Whimsicott
|-damage|p2a: Whimsicott|36/100
|-enditem|p2a: Whimsicott|Leftovers|[from] move: Knock Off|[of] p1a: Clefable
|
|upkeep
|turn|50
|
|t:|1642177397
|move|p2a: Whimsicott|Encore|p1a: Clefable
|-start|p1a: Clefable|Encore
|move|p1a: Clefable|Knock Off|p2a: Whimsicott
|-resisted|p2a: Whimsicott
|-damage|p2a: Whimsicott|28/100
|
|upkeep
|turn|51
|
|t:|1642177400
|switch|p1a: Slowbro|Slowbro, F|100/100
|move|p2a: Whimsicott|Leech Seed|p1a: Slowbro
|-start|p1a: Slowbro|move: Leech Seed
|
|-damage|p1a: Slowbro|88/100|[from] Leech Seed|[of] p2a: Whimsicott
|-heal|p2a: Whimsicott|46/100|[silent]
|upkeep
|turn|52
|
|t:|1642177403
|move|p2a: Whimsicott|Moonblast|p1a: Slowbro
|-damage|p1a: Slowbro|61/100
|move|p1a: Slowbro|Teleport|p1a: Slowbro
|
|t:|1642177405
|switch|p1a: Clefable|Clefable, M|60/100|[from]move: Teleport
|
|upkeep
|turn|53
|
|t:|1642177406
|move|p2a: Whimsicott|Moonblast|p1a: Clefable
|-damage|p1a: Clefable|39/100
|move|p1a: Clefable|Soft-Boiled|p1a: Clefable
|-heal|p1a: Clefable|89/100
|
|upkeep
|turn|54
|
|t:|1642177410
|move|p2a: Whimsicott|Encore|p1a: Clefable
|-start|p1a: Clefable|Encore
|move|p1a: Clefable|Soft-Boiled|p1a: Clefable
|-heal|p1a: Clefable|100/100
|
|upkeep
|turn|55
|
|t:|1642177413
|move|p2a: Whimsicott|Leech Seed|p1a: Clefable
|-start|p1a: Clefable|move: Leech Seed
|move|p1a: Clefable|Soft-Boiled||[still]
|-fail|p1a: Clefable|heal
|
|upkeep
|turn|56
|
|t:|1642177417
|switch|p1a: Slowbro|Slowbro, F|95/100
|move|p2a: Whimsicott|Moonblast|p1a: Slowbro
|-damage|p1a: Slowbro|72/100
|
|upkeep
|turn|57
|
|t:|1642177420
|move|p2a: Whimsicott|Moonblast|p1a: Slowbro
|-damage|p1a: Slowbro|46/100
|move|p1a: Slowbro|Teleport|p1a: Slowbro
|
|t:|1642177421
|switch|p1a: Clefable|Clefable, M|100/100|[from]move: Teleport
|
|upkeep
|turn|58
|
|t:|1642177422
|move|p2a: Whimsicott|Moonblast|p1a: Clefable
|-damage|p1a: Clefable|77/100
|-unboost|p1a: Clefable|spa|1
|move|p1a: Clefable|Moonblast|p2a: Whimsicott
|-damage|p2a: Whimsicott|12/100
|
|upkeep
|turn|59
|
|t:|1642177424
|move|p2a: Whimsicott|Moonblast|p1a: Clefable
|-damage|p1a: Clefable|56/100
|move|p1a: Clefable|Moonblast|p2a: Whimsicott
|-damage|p2a: Whimsicott|0 fnt
|faint|p2a: Whimsicott
|
|win|pokemonkorea co kr
|l|☆NOAH MK2
