|j|☆Galanthus
|j|☆lmisdreavus
|t:|1609186246
|player|p1|Galanthus|galanthus.gif|
|player|p2|lmisdreavus|170|
|teamsize|p1|6
|teamsize|p2|6
|gametype|singles
|gen|8
|tier|[Gen 8] National Dex AG
|rated|Tournament battle
|clearpoke
|poke|p1|Toxapex, F|
|poke|p1|Mudsdale, M|
|poke|p1|Celesteela|
|poke|p1|Pheromosa|
|poke|p1|Nihilego|
|poke|p1|Tapu Koko|
|poke|p2|Landorus-Therian, M|
|poke|p2|Serperior, F|
|poke|p2|Seismitoad, M|
|poke|p2|Bisharp, F|
|poke|p2|Amoonguss, M|
|poke|p2|Alomomola, M|
|rule|HP Percentage Mod: HP is shown in percentages
|rule|Endless Battle Clause: Forcing endless battles is banned
|rule|Species Clause: Limit one of each Pokémon
|rule|Item Clause: Limit one of each item
|teampreview
|
|t:|1609186267
|start
|switch|p1a: Mudsdale|Mudsdale, M|100/100
|switch|p2a: Bisharp|Bisharp, F|100/100
|turn|1
|j|@Snommmm
|j|%jaydenkim0710
|
|t:|1609186284
|switch|p2a: 몰라몰라|Alomomola, M|100/100
|move|p1a: Mudsdale|Stealth Rock|p2a: 몰라몰라
|-sidestart|p2: lmisdreavus|move: Stealth Rock
|
|upkeep
|turn|2
|c|@Snommmm|진짜만마드쓰는거봐
|c|@Snommmm|ㅋㅋ
|c|%jaydenkim0710|ㄹㅇㅋㅋ
|
|t:|1609186298
|move|p2a: 몰라몰라|Knock Off|p1a: Mudsdale
|-damage|p1a: Mudsdale|90/100
|-ability|p1a: Mudsdale|Stamina|boost
|-boost|p1a: Mudsdale|def|1
|-enditem|p1a: Mudsdale|Rindo Berry|[from] move: Knock Off|[of] p2a: 몰라몰라
|move|p1a: Mudsdale|Roar|p2a: 몰라몰라
|drag|p2a: Bisharp|Bisharp, F|100/100
|-damage|p2a: Bisharp|95/100|[from] Stealth Rock
|
|upkeep
|turn|3
|c|☆Galanthus|앓
|c|☆lmisdreavus|이게뭐야
|j|+marru1570
|
|t:|1609186312
|switch|p2a: 임포스터|Amoonguss, M|100/100
|-damage|p2a: 임포스터|88/100|[from] Stealth Rock
|move|p1a: Mudsdale|Body Press|p2a: 임포스터
|-resisted|p2a: 임포스터
|-damage|p2a: 임포스터|69/100
|
|-heal|p2a: 임포스터|75/100|[from] item: Black Sludge
|upkeep
|turn|4
|
|t:|1609186321
|move|p1a: Mudsdale|Earthquake|p2a: 임포스터
|-damage|p2a: 임포스터|33/100
|move|p2a: 임포스터|Substitute|p2a: 임포스터
|-start|p2a: 임포스터|Substitute
|-damage|p2a: 임포스터|9/100
|
|-heal|p2a: 임포스터|15/100|[from] item: Black Sludge
|upkeep
|turn|5
|
|t:|1609186333
|move|p1a: Mudsdale|Earthquake|p2a: 임포스터
|-end|p2a: 임포스터|Substitute
|move|p2a: 임포스터|Spore|p1a: Mudsdale
|-status|p1a: Mudsdale|slp|[from] move: Spore
|
|-heal|p2a: 임포스터|21/100|[from] item: Black Sludge
|upkeep
|turn|6
|
|t:|1609186341
|cant|p1a: Mudsdale|slp
|move|p2a: 임포스터|Spore|p1a: Mudsdale
|-fail|p1a: Mudsdale|slp
|
|-heal|p2a: 임포스터|27/100|[from] item: Black Sludge
|upkeep
|turn|7
|l|+marru1570
|
|t:|1609186344
|switch|p2a: 몰라몰라|Alomomola, M|100/100
|-damage|p2a: 몰라몰라|88/100|[from] Stealth Rock
|-curestatus|p1a: Mudsdale|slp|[msg]
|move|p1a: Mudsdale|Earthquake|p2a: 몰라몰라
|-damage|p2a: 몰라몰라|68/100
|
|upkeep
|turn|8
|
|t:|1609186347
|move|p2a: 몰라몰라|Scald|p1a: Mudsdale
|-supereffective|p1a: Mudsdale
|-damage|p1a: Mudsdale|67/100
|-ability|p1a: Mudsdale|Stamina|boost
|-boost|p1a: Mudsdale|def|1
|move|p1a: Mudsdale|Roar|p2a: 몰라몰라
|drag|p2a: Landorus|Landorus-Therian, M|100/100
|-damage|p2a: Landorus|88/100|[from] Stealth Rock
|-ability|p2a: Landorus|Intimidate|boost
|-unboost|p1a: Mudsdale|atk|1
|
|upkeep
|turn|9
|
|t:|1609186353
|switch|p2a: 몰라몰라|Alomomola, M|100/100
|-damage|p2a: 몰라몰라|88/100|[from] Stealth Rock
|move|p1a: Mudsdale|Roar|p2a: 몰라몰라
|drag|p2a: Bisharp|Bisharp, F|95/100
|-damage|p2a: Bisharp|89/100|[from] Stealth Rock
|
|upkeep
|turn|10
|j|+pokemonkorea co kr
|
|t:|1609186358
|switch|p2a: 몰라몰라|Alomomola, M|100/100
|-damage|p2a: 몰라몰라|88/100|[from] Stealth Rock
|move|p1a: Mudsdale|Body Press|p2a: 몰라몰라
|-crit|p2a: 몰라몰라
|-damage|p2a: 몰라몰라|51/100
|-damage|p1a: Mudsdale|51/100|[from] item: Rocky Helmet|[of] p2a: 몰라몰라
|
|upkeep
|turn|11
|
|t:|1609186364
|move|p2a: 몰라몰라|Wish|p2a: 몰라몰라
|move|p1a: Mudsdale|Roar|p2a: 몰라몰라
|drag|p2a: Serperior|Serperior, F|100/100
|-damage|p2a: Serperior|88/100|[from] Stealth Rock
|
|-heal|p2a: Serperior|94/100|[from] item: Leftovers
|upkeep
|turn|12
|c|☆Galanthus|어어 
|c|☆Galanthus|밀지마라
|
|t:|1609186372
|move|p2a: Serperior|Leaf Storm|p1a: Mudsdale
|-supereffective|p1a: Mudsdale
|-damage|p1a: Mudsdale|0 fnt
|-boost|p2a: Serperior|spa|2
|faint|p1a: Mudsdale
|
|-heal|p2a: Serperior|100/100|[from] move: Wish|[wisher] 몰라몰라
|upkeep
|c|%jaydenkim0710|아ㅋㅋㅋ
|
|t:|1609186380
|switch|p1a: Nihilego|Nihilego|100/100
|turn|13
|c|%jaydenkim0710|저거 누가쳐받냐고~
|c|%jaydenkim0710|바로 텅비드
|c|+pokemonkorea co kr|와재생력루프
|
|t:|1609186391
|move|p2a: Serperior|Substitute|p2a: Serperior
|-start|p2a: Serperior|Substitute
|-damage|p2a: Serperior|76/100
|move|p1a: Nihilego|Sludge Wave|p2a: Serperior
|-supereffective|p2a: Serperior
|-end|p2a: Serperior|Substitute
|
|-heal|p2a: Serperior|82/100|[from] item: Leftovers
|upkeep
|turn|14
|c|%jaydenkim0710|코물웨이브
|c|%jaydenkim0710|입갤
|
|t:|1609186400
|move|p2a: Serperior|Glare|p1a: Nihilego
|-status|p1a: Nihilego|par
|move|p1a: Nihilego|Sludge Wave|p2a: Serperior
|-supereffective|p2a: Serperior
|-damage|p2a: Serperior|0 fnt
|faint|p2a: Serperior
|-ability|p1a: Nihilego|Beast Boost|boost
|-boost|p1a: Nihilego|spe|1
|
|upkeep
|j|+korno1man
|
|t:|1609186409
|switch|p2a: Landorus|Landorus-Therian, M|88/100
|-damage|p2a: Landorus|76/100|[from] Stealth Rock
|-ability|p2a: Landorus|Intimidate|boost
|-unboost|p1a: Nihilego|atk|1
|turn|15
|
|t:|1609186416
|switch|p1a: Celesteela|Celesteela|100/100
|move|p2a: Landorus|Earthquake|p1a: Celesteela
|-immune|p1a: Celesteela
|
|upkeep
|turn|16
|
|t:|1609186433
|switch|p2a: Bisharp|Bisharp, F|89/100
|-damage|p2a: Bisharp|83/100|[from] Stealth Rock
|move|p1a: Celesteela|Substitute|p1a: Celesteela
|-start|p1a: Celesteela|Substitute
|-damage|p1a: Celesteela|76/100
|
|-heal|p1a: Celesteela|82/100|[from] item: Leftovers
|upkeep
|turn|17
|
|t:|1609186437
|move|p2a: Bisharp|Knock Off|p1a: Celesteela
|-end|p1a: Celesteela|Substitute
|move|p1a: Celesteela|Leech Seed|p2a: Bisharp
|-start|p2a: Bisharp|move: Leech Seed
|
|-heal|p1a: Celesteela|88/100|[from] item: Leftovers
|-damage|p2a: Bisharp|71/100|[from] Leech Seed|[of] p1a: Celesteela
|-heal|p1a: Celesteela|96/100|[silent]
|upkeep
|turn|18
|
|t:|1609186448
|move|p2a: Bisharp|Knock Off|p1a: Celesteela
|-damage|p1a: Celesteela|66/100
|-enditem|p1a: Celesteela|Leftovers|[from] move: Knock Off|[of] p2a: Bisharp
|move|p1a: Celesteela|Air Slash|p2a: Bisharp
|-resisted|p2a: Bisharp
|-damage|p2a: Bisharp|48/100
|
|-damage|p2a: Bisharp|36/100|[from] Leech Seed|[of] p1a: Celesteela
|-heal|p1a: Celesteela|74/100|[silent]
|upkeep
|turn|19
|
|t:|1609186457
|-start|p1a: Celesteela|Dynamax
|-heal|p1a: Celesteela|74/100|[silent]
|move|p2a: Bisharp|Stealth Rock|p1a: Celesteela
|-sidestart|p1: Galanthus|move: Stealth Rock
|move|p1a: Celesteela|Max Airstream|p2a: Bisharp
|-resisted|p2a: Bisharp
|-damage|p2a: Bisharp|0 fnt
|-boost|p1a: Celesteela|spe|1
|faint|p2a: Bisharp
|-ability|p1a: Celesteela|Beast Boost|boost
|-boost|p1a: Celesteela|def|1
|
|upkeep
|c|☆Galanthus|못참지
|c|%jaydenkim0710|어어?
|c|%jaydenkim0710|특공상승 조정 안해뒀네
|j|+rlaeownd
|
|t:|1609186480
|switch|p2a: 몰라몰라|Alomomola, M|84/100
|-damage|p2a: 몰라몰라|72/100|[from] Stealth Rock
|turn|20
|c|☆Galanthus|이거 왜 
|c|+korno1man|오,,
|c|%jaydenkim0710|기가드레인
|c|☆Galanthus|무사태평임 
|c|☆Galanthus|아악
|c|%jaydenkim0710|나와주세요
|
|t:|1609186490
|move|p2a: 몰라몰라|Protect|p2a: 몰라몰라
|-singleturn|p2a: 몰라몰라|Protect
|move|p1a: Celesteela|Max Airstream|p2a: 몰라몰라
|-zbroken|p2a: 몰라몰라
|-damage|p2a: 몰라몰라|58/100
|-boost|p1a: Celesteela|spe|1
|
|upkeep
|turn|21
|c|%jaydenkim0710|쌍두니까
|c|%jaydenkim0710|그렇죠
|c|@Snommmm|무사태평 ㅋㅋ
|c|☆Galanthus|전 그냥 
|c|☆Galanthus|공 포기함 
|
|t:|1609186500
|move|p1a: Celesteela|Max Airstream|p2a: 몰라몰라
|-damage|p2a: 몰라몰라|0 fnt
|-boost|p1a: Celesteela|spe|1
|faint|p2a: 몰라몰라
|-ability|p1a: Celesteela|Beast Boost|boost
|-boost|p1a: Celesteela|def|1
|
|-end|p1a: Celesteela|Dynamax
|-heal|p1a: Celesteela|74/100|[silent]
|upkeep
|c|%jaydenkim0710|헤비봄버 버리기가
|c|☆lmisdreavus|이게죽네
|j| Sjhh0721
|c|%jaydenkim0710|너무 아까운걸요
|c|+korno1man|진짜 철화구야
|
|t:|1609186509
|switch|p2a: Seismitoad|Seismitoad, M|100/100
|-damage|p2a: Seismitoad|95/100|[from] Stealth Rock
|turn|22
|c|@Snommmm|이제저거누가막음
|c|+korno1man|좆쳐쌔네
|
|t:|1609186515
|move|p1a: Celesteela|Air Slash|p2a: Seismitoad
|-damage|p2a: Seismitoad|61/100
|move|p2a: Seismitoad|Hydro Pump|p1a: Celesteela
|-damage|p1a: Celesteela|26/100
|-damage|p2a: Seismitoad|51/100|[from] item: Life Orb
|
|upkeep
|turn|23
|c|%jaydenkim0710|바로 두빅굴이
|c|☆Galanthus|엌
|c|%jaydenkim0710|쳐막네요
|c|%jaydenkim0710|쫄or삑
|c|+korno1man|빗나가거나
|
|t:|1609186529
|-start|p2a: Seismitoad|Dynamax
|-heal|p2a: Seismitoad|51/100|[silent]
|move|p1a: Celesteela|Air Slash|p2a: Seismitoad
|-damage|p2a: Seismitoad|35/100
|move|p2a: Seismitoad|Max Geyser|p1a: Celesteela
|-crit|p1a: Celesteela
|-damage|p1a: Celesteela|0 fnt
|-weather|RainDance
|-damage|p2a: Seismitoad|30/100|[from] item: Life Orb
|faint|p1a: Celesteela
|
|-weather|RainDance|[upkeep]
|upkeep
|c|%jaydenkim0710|하나만~
|c|+korno1man|쫀다면?
|c|%jaydenkim0710|그 둘을
|c|%jaydenkim0710|다 없에는
|c|+pokemonkorea co kr|쓱쓱입갤
|c|%jaydenkim0710|만능다이맥스
|
|t:|1609186542
|switch|p1a: Pheromosa|Pheromosa|100/100
|-damage|p1a: Pheromosa|88/100|[from] Stealth Rock
|turn|24
|c|%jaydenkim0710|슨상프냄새
|
|t:|1609186548
|move|p2a: Seismitoad|Max Geyser|p1a: Pheromosa
|-damage|p1a: Pheromosa|0 fnt
|-damage|p2a: Seismitoad|25/100|[from] item: Life Orb
|faint|p1a: Pheromosa
|
|-weather|RainDance|[upkeep]
|upkeep
|c|%jaydenkim0710|펄펄나네뇨
|c|☆Galanthus|?
|c|☆Galanthus|아니 
|c|%jaydenkim0710|아니?네요?
|c|☆Galanthus|왜 
|c|☆Galanthus|생구임?
|c|☆Galanthus|아 
|c|☆Galanthus|ㅋㅋ
|c|☆Galanthus|운지
|c| Sjhh0721|겁나빠르네
|
|t:|1609186563
|switch|p1a: Toxapex|Toxapex, F|100/100
|-damage|p1a: Toxapex|88/100|[from] Stealth Rock
|turn|25
|
|t:|1609186567
|move|p1a: Toxapex|Baneful Bunker|p1a: Toxapex
|-singleturn|p1a: Toxapex|move: Protect
|move|p2a: Seismitoad|Max Quake|p1a: Toxapex
|-supereffective|p1a: Toxapex
|-zbroken|p1a: Toxapex
|-damage|p1a: Toxapex|57/100
|-boost|p2a: Seismitoad|spd|1
|-damage|p2a: Seismitoad|20/100|[from] item: Life Orb
|
|-weather|RainDance|[upkeep]
|-heal|p1a: Toxapex|63/100|[from] item: Black Sludge
|-end|p2a: Seismitoad|Dynamax
|-heal|p2a: Seismitoad|20/100|[silent]
|upkeep
|turn|26
|c|%jaydenkim0710|땅 일관성?미치네
|c|☆Galanthus|방금 실수 땜에 
|c|☆Galanthus|지겠는데
|
|t:|1609186584
|switch|p1a: Nihilego|Nihilego|100/100 par
|-damage|p1a: Nihilego|88/100 par|[from] Stealth Rock
|move|p2a: Seismitoad|Earth Power|p1a: Nihilego
|-supereffective|p1a: Nihilego
|-damage|p1a: Nihilego|0 fnt
|-damage|p2a: Seismitoad|10/100|[from] item: Life Orb
|faint|p1a: Nihilego
|
|-weather|RainDance|[upkeep]
|upkeep
|c|☆lmisdreavus|7세대 무섭구만
|c|%jaydenkim0710|코체 트악으로
|c|%jaydenkim0710|운지시키면
|c|%jaydenkim0710|될뻔했다ㄹㅇ
|
|t:|1609186590
|switch|p1a: Toxapex|Toxapex, F|96/100
|-damage|p1a: Toxapex|84/100|[from] Stealth Rock
|turn|27
|
|t:|1609186595
|move|p2a: Seismitoad|Endeavor|p1a: Toxapex
|-damage|p1a: Toxapex|12/100
|-damage|p2a: Seismitoad|0 fnt|[from] item: Life Orb
|faint|p2a: Seismitoad
|move|p1a: Toxapex|Recover|p1a: Toxapex
|-heal|p1a: Toxapex|62/100
|
|-weather|none
|-heal|p1a: Toxapex|68/100|[from] item: Black Sludge
|upkeep
|c|☆Galanthus|ㅍ
|c|☆Galanthus|?
|c|☆Galanthus|죽살 
|c|☆Galanthus|ㅋㅋㅋㅋㅋㅋㅋ
|c|%jaydenkim0710|죽살 ㄹㅇ
|c|+korno1man|ㅋㅋㅋㅋ
|
|t:|1609186605
|switch|p2a: Landorus|Landorus-Therian, M|76/100
|-damage|p2a: Landorus|63/100|[from] Stealth Rock
|-ability|p2a: Landorus|Intimidate|boost
|-unboost|p1a: Toxapex|atk|1
|turn|28
|c|%jaydenkim0710|미쳤냐고~
|
|t:|1609186610
|move|p1a: Toxapex|Baneful Bunker|p1a: Toxapex
|-singleturn|p1a: Toxapex|move: Protect
|move|p2a: Landorus|Earthquake|p1a: Toxapex
|-activate|p1a: Toxapex|move: Protect
|
|-heal|p1a: Toxapex|75/100|[from] item: Black Sludge
|upkeep
|turn|29
|
|t:|1609186615
|switch|p1a: Tapu Koko|Tapu Koko|100/100
|-fieldstart|move: Electric Terrain|[from] ability: Electric Surge|[of] p1a: Tapu Koko
|move|p2a: Landorus|Earthquake|p1a: Tapu Koko
|-supereffective|p1a: Tapu Koko
|-damage|p1a: Tapu Koko|0 fnt
|faint|p1a: Tapu Koko
|
|upkeep
|c|%jaydenkim0710|절대 못버티나
|
|t:|1609186618
|switch|p1a: Toxapex|Toxapex, F|100/100
|-damage|p1a: Toxapex|88/100|[from] Stealth Rock
|turn|30
|c|%jaydenkim0710|?
|c|%jaydenkim0710|이걸 뺴네
|j| nigimigi
|
|t:|1609186622
|move|p1a: Toxapex|Baneful Bunker|p1a: Toxapex
|-singleturn|p1a: Toxapex|move: Protect
|move|p2a: Landorus|Earthquake|p1a: Toxapex
|-activate|p1a: Toxapex|move: Protect
|
|-heal|p1a: Toxapex|94/100|[from] item: Black Sludge
|upkeep
|turn|31
|c|+pokemonkorea co kr|오부츠꼬꼬
|
|t:|1609186626
|move|p2a: Landorus|Earthquake|p1a: Toxapex
|-supereffective|p1a: Toxapex
|-damage|p1a: Toxapex|26/100
|move|p1a: Toxapex|Scald|p2a: Landorus
|-supereffective|p2a: Landorus
|-damage|p2a: Landorus|31/100
|-enditem|p2a: Landorus|Sitrus Berry|[eat]
|-heal|p2a: Landorus|56/100|[from] item: Sitrus Berry
|
|-heal|p1a: Toxapex|33/100|[from] item: Black Sludge
|upkeep
|turn|32
|c|%jaydenkim0710|차라리
|c|☆Galanthus|빼야죠 이거
|c|☆Galanthus|아 
|c|%jaydenkim0710|잠빙 으로 쳤으면
|c|%jaydenkim0710|안되나
|c|☆Galanthus|잠빙이 
|c|☆lmisdreavus|버티긴하네
|c|☆Galanthus|없음
|c|%jaydenkim0710|잠빙 내가
|
|t:|1609186642
|move|p2a: Landorus|Earthquake|p1a: Toxapex
|-supereffective|p1a: Toxapex
|-damage|p1a: Toxapex|0 fnt
|faint|p1a: Toxapex
|
|win|lmisdreavus
