|inactive|Battle timer is ON: inactive players will automatically lose when time's up.
|player|p1|anime is flawless|grimsley|
|player|p2|dasort|marlon|
|teamsize|p1|6
|teamsize|p2|6
|gametype|singles
|gen|8
|tier|[Gen 8] National Dex AG
|clearpoke
|poke|p1|Rayquaza|
|poke|p1|Necrozma-Dusk-Mane|
|poke|p1|Groudon|
|poke|p1|Yveltal|
|poke|p1|Arceus-*|
|poke|p1|Arceus-*|
|poke|p2|Eternatus|
|poke|p2|Arceus-*|
|poke|p2|Necrozma-Dusk-Mane|
|poke|p2|Yveltal|
|poke|p2|Groudon|
|poke|p2|Arceus-*|
|rule|HP Percentage Mod: HP is shown in percentages
|rule|Endless Battle Clause: Forcing endless battles is banned
|teampreview
|c|☆anime is flawless|glhf
|
|start
|switch|p1a: Arceus|Arceus-Fairy|100/100
|switch|p2a: Arceus|Arceus-Water|100/100
|turn|1
|
|switch|p2a: Necrozma|Necrozma-Dusk-Mane|100/100
|move|p1a: Arceus|Magic Coat|p1a: Arceus
|-singleturn|p1a: Arceus|move: Magic Coat
|
|upkeep
|turn|2
|
|move|p1a: Arceus|Stealth Rock|p2a: Necrozma
|-sidestart|p2: dasort|move: Stealth Rock
|move|p2a: Necrozma|Toxic|p1a: Arceus
|-status|p1a: Arceus|tox
|
|-damage|p1a: Arceus|94/100 tox|[from] psn
|upkeep
|turn|3
|
|switch|p1a: Yveltal|Yveltal|100/100
|-ability|p1a: Yveltal|Dark Aura
|move|p2a: Necrozma|Sunsteel Strike|p1a: Yveltal
|-damage|p1a: Yveltal|50/100
|
|upkeep
|turn|4
|
|switch|p2a: Eternatus|Eternatus|100/100
|-damage|p2a: Eternatus|88/100|[from] Stealth Rock
|-ability|p2a: Eternatus|Pressure
|move|p1a: Yveltal|Dark Pulse|p2a: Eternatus
|-damage|p2a: Eternatus|27/100
|-damage|p1a: Yveltal|40/100|[from] item: Life Orb
|
|upkeep
|turn|5
|
|move|p2a: Eternatus|Recover|p2a: Eternatus
|-heal|p2a: Eternatus|77/100
|move|p1a: Yveltal|Dark Pulse|p2a: Eternatus
|-damage|p2a: Eternatus|16/100
|-damage|p1a: Yveltal|30/100|[from] item: Life Orb
|
|upkeep
|turn|6
|
|move|p2a: Eternatus|Dynamax Cannon|p1a: Yveltal
|-damage|p1a: Yveltal|0 fnt
|-damage|p2a: Eternatus|6/100|[from] item: Life Orb
|faint|p1a: Yveltal
|
|upkeep
|
|switch|p1a: Necrozma|Necrozma-Dusk-Mane, shiny|100/100
|turn|7
|
|move|p2a: Eternatus|Recover|p2a: Eternatus
|-heal|p2a: Eternatus|56/100
|move|p1a: Necrozma|Autotomize|p1a: Necrozma
|-boost|p1a: Necrozma|spe|2
|-start|p1a: Necrozma|Autotomize
|
|upkeep
|turn|8
|
|move|p1a: Necrozma|Earthquake|p2a: Eternatus
|-supereffective|p2a: Eternatus
|-damage|p2a: Eternatus|0 fnt
|faint|p2a: Eternatus
|
|upkeep
|
|switch|p2a: Arceus|Arceus-Water|100/100
|-damage|p2a: Arceus|88/100|[from] Stealth Rock
|turn|9
|
|switch|p1a: Groudon|Groudon|100/100
|detailschange|p1a: Groudon|Groudon-Primal
|-primal|p1a: Groudon
|-weather|DesolateLand|[from] ability: Desolate Land|[of] p1a: Groudon
|move|p2a: Arceus|Judgment||[still]
|-fail|p2a: Arceus|Judgment|[from] Desolate Land
|
|-weather|DesolateLand|[upkeep]
|upkeep
|turn|10
|
|move|p1a: Groudon|Precipice Blades|p2a: Arceus
|-damage|p2a: Arceus|52/100
|move|p2a: Arceus|Toxic|p1a: Groudon
|-status|p1a: Groudon|tox
|
|-weather|DesolateLand|[upkeep]
|-damage|p1a: Groudon|94/100 tox|[from] psn
|upkeep
|turn|11
|
|move|p1a: Groudon|Precipice Blades|p2a: Arceus
|-damage|p2a: Arceus|17/100
|move|p2a: Arceus|Recover|p2a: Arceus
|-heal|p2a: Arceus|67/100
|
|-weather|DesolateLand|[upkeep]
|-damage|p1a: Groudon|82/100 tox|[from] psn
|upkeep
|turn|12
|
|move|p1a: Groudon|Precipice Blades|p2a: Arceus
|-damage|p2a: Arceus|32/100
|move|p2a: Arceus|Recover|p2a: Arceus
|-heal|p2a: Arceus|82/100
|
|-weather|DesolateLand|[upkeep]
|-damage|p1a: Groudon|64/100 tox|[from] psn
|upkeep
|turn|13
|
|move|p1a: Groudon|Precipice Blades|p2a: Arceus|[miss]
|-miss|p1a: Groudon|p2a: Arceus
|move|p2a: Arceus|Stealth Rock|p1a: Groudon
|-sidestart|p1: anime is flawless|move: Stealth Rock
|
|-weather|DesolateLand|[upkeep]
|-damage|p1a: Groudon|39/100 tox|[from] psn
|upkeep
|turn|14
|
|move|p1a: Groudon|Rest|p1a: Groudon
|-status|p1a: Groudon|slp|[from] move: Rest
|-heal|p1a: Groudon|100/100 slp|[silent]
|move|p2a: Arceus|Recover|p2a: Arceus
|-heal|p2a: Arceus|100/100
|
|-weather|DesolateLand|[upkeep]
|upkeep
|turn|15
|
|-weather|none
|switch|p1a: Rayquaza|Rayquaza|100/100
|-damage|p1a: Rayquaza|76/100|[from] Stealth Rock
|-ability|p1a: Rayquaza|Air Lock
|switch|p2a: Arceus|Arceus-Ground|100/100
|-damage|p2a: Arceus|94/100|[from] Stealth Rock
|
|upkeep
|turn|16
|
|detailschange|p1a: Rayquaza|Rayquaza-Mega
|-mega|p1a: Rayquaza|Rayquaza|
|-weather|DeltaStream|[from] ability: Delta Stream|[of] p1a: Rayquaza
|move|p1a: Rayquaza|Waterfall|p2a: Arceus
|-supereffective|p2a: Arceus
|-damage|p2a: Arceus|35/100
|move|p2a: Arceus|Ice Beam|p1a: Rayquaza
|-activate||deltastream
|-supereffective|p1a: Rayquaza
|-damage|p1a: Rayquaza|31/100
|
|-weather|DeltaStream|[upkeep]
|upkeep
|turn|17
|
|switch|p2a: Groudon|Groudon|100/100
|-damage|p2a: Groudon|94/100|[from] Stealth Rock
|detailschange|p2a: Groudon|Groudon-Primal
|-primal|p2a: Groudon
|-weather|DesolateLand|[from] ability: Desolate Land|[of] p2a: Groudon
|move|p1a: Rayquaza|Waterfall||[still]
|-fail|p1a: Rayquaza|Waterfall|[from] Desolate Land
|
|-weather|DesolateLand|[upkeep]
|upkeep
|turn|18
|
|switch|p1a: Groudon|Groudon-Primal|100/100 slp
|-damage|p1a: Groudon|88/100 slp|[from] Stealth Rock
|move|p2a: Groudon|Stone Edge|p1a: Groudon
|-damage|p1a: Groudon|59/100 slp
|
|-weather|DesolateLand|[upkeep]
|upkeep
|turn|19
|
|switch|p2a: Arceus|Arceus-Ground|35/100
|-damage|p2a: Arceus|29/100|[from] Stealth Rock
|cant|p1a: Groudon|slp
|
|-weather|DesolateLand|[upkeep]
|upkeep
|turn|20
|
|-weather|none
|switch|p1a: Arceus|Arceus-Water|100/100
|-damage|p1a: Arceus|88/100|[from] Stealth Rock
|move|p2a: Arceus|Recover|p2a: Arceus
|-heal|p2a: Arceus|79/100
|
|upkeep
|turn|21
|
|switch|p2a: Necrozma|Necrozma-Dusk-Mane|100/100
|-damage|p2a: Necrozma|94/100|[from] Stealth Rock
|move|p1a: Arceus|Toxic|p2a: Necrozma|[miss]
|-miss|p1a: Arceus|p2a: Necrozma
|
|-heal|p2a: Necrozma|100/100|[from] item: Leftovers
|upkeep
|turn|22
|
|move|p1a: Arceus|Judgment|p2a: Necrozma
|-damage|p2a: Necrozma|64/100
|move|p2a: Necrozma|Toxic|p1a: Arceus
|-status|p1a: Arceus|tox
|
|-heal|p2a: Necrozma|70/100|[from] item: Leftovers
|-damage|p1a: Arceus|82/100 tox|[from] psn
|upkeep
|turn|23
|
|move|p1a: Arceus|Judgment|p2a: Necrozma
|-damage|p2a: Necrozma|34/100
|move|p2a: Necrozma|Morning Sun|p2a: Necrozma
|-heal|p2a: Necrozma|84/100
|
|-heal|p2a: Necrozma|90/100|[from] item: Leftovers
|-damage|p1a: Arceus|70/100 tox|[from] psn
|upkeep
|turn|24
|
|move|p1a: Arceus|Refresh|p1a: Arceus
|-curestatus|p1a: Arceus|tox|[msg]
|move|p2a: Necrozma|Knock Off|p1a: Arceus
|-damage|p1a: Arceus|59/100
|
|-heal|p2a: Necrozma|96/100|[from] item: Leftovers
|upkeep
|turn|25
|
|move|p1a: Arceus|Judgment|p2a: Necrozma
|-damage|p2a: Necrozma|57/100
|move|p2a: Necrozma|Toxic|p1a: Arceus
|-status|p1a: Arceus|tox
|
|-heal|p2a: Necrozma|63/100|[from] item: Leftovers
|-damage|p1a: Arceus|53/100 tox|[from] psn
|upkeep
|turn|26
|
|switch|p2a: Groudon|Groudon-Primal|94/100
|-damage|p2a: Groudon|82/100|[from] Stealth Rock
|-weather|DesolateLand|[from] ability: Desolate Land|[of] p2a: Groudon
|move|p1a: Arceus|Recover|p1a: Arceus
|-heal|p1a: Arceus|100/100 tox
|
|-weather|DesolateLand|[upkeep]
|-damage|p1a: Arceus|88/100 tox|[from] psn
|upkeep
|turn|27
|
|move|p1a: Arceus|Toxic|p2a: Groudon
|-status|p2a: Groudon|tox
|move|p2a: Groudon|Bulk Up|p2a: Groudon
|-boost|p2a: Groudon|atk|1
|-boost|p2a: Groudon|def|1
|
|-weather|DesolateLand|[upkeep]
|-damage|p1a: Arceus|70/100 tox|[from] psn
|-damage|p2a: Groudon|76/100 tox|[from] psn
|upkeep
|turn|28
|
|switch|p1a: Rayquaza|Rayquaza-Mega|31/100
|-damage|p1a: Rayquaza|6/100|[from] Stealth Rock
|-weather|DeltaStream|[from] ability: Delta Stream|[of] p1a: Rayquaza
|move|p2a: Groudon|Precipice Blades|p1a: Rayquaza
|-immune|p1a: Rayquaza
|
|-weather|DeltaStream|[upkeep]
|-damage|p2a: Groudon|63/100 tox|[from] psn
|upkeep
|turn|29
|
|switch|p2a: Arceus|Arceus-Water|100/100
|-damage|p2a: Arceus|88/100|[from] Stealth Rock
|move|p1a: Rayquaza|V-create|p2a: Arceus
|-resisted|p2a: Arceus
|-damage|p2a: Arceus|54/100
|-unboost|p1a: Rayquaza|spe|1
|-unboost|p1a: Rayquaza|def|1
|-unboost|p1a: Rayquaza|spd|1
|
|-weather|DeltaStream|[upkeep]
|upkeep
|turn|30
|
|move|p2a: Arceus|Recover|p2a: Arceus
|-heal|p2a: Arceus|100/100
|move|p1a: Rayquaza|V-create|p2a: Arceus
|-resisted|p2a: Arceus
|-damage|p2a: Arceus|68/100
|-unboost|p1a: Rayquaza|spe|1
|-unboost|p1a: Rayquaza|def|1
|-unboost|p1a: Rayquaza|spd|1
|
|-weather|DeltaStream|[upkeep]
|upkeep
|turn|31
|
|move|p2a: Arceus|Judgment|p1a: Rayquaza
|-resisted|p1a: Rayquaza
|-damage|p1a: Rayquaza|0 fnt
|faint|p1a: Rayquaza
|-weather|none
|
|upkeep
|
|switch|p1a: Groudon|Groudon-Primal|59/100 slp
|-damage|p1a: Groudon|47/100 slp|[from] Stealth Rock
|-weather|DesolateLand|[from] ability: Desolate Land|[of] p1a: Groudon
|turn|32
|
|switch|p2a: Arceus|Arceus-Ground|79/100
|-damage|p2a: Arceus|73/100|[from] Stealth Rock
|cant|p1a: Groudon|slp
|
|-weather|DesolateLand|[upkeep]
|upkeep
|turn|33
|
|-curestatus|p1a: Groudon|slp|[msg]
|move|p1a: Groudon|Hidden Power|p2a: Arceus
|-supereffective|p2a: Arceus
|-damage|p2a: Arceus|41/100
|move|p2a: Arceus|Judgment|p1a: Groudon
|-supereffective|p1a: Groudon
|-damage|p1a: Groudon|0 fnt
|faint|p1a: Groudon
|-weather|none
|
|upkeep
|
|switch|p1a: Necrozma|Necrozma-Dusk-Mane, shiny|100/100
|-damage|p1a: Necrozma|94/100|[from] Stealth Rock
|turn|34
|
|move|p2a: Arceus|Recover|p2a: Arceus
|-heal|p2a: Arceus|91/100
|move|p1a: Necrozma|Autotomize|p1a: Necrozma
|-boost|p1a: Necrozma|spe|2
|-start|p1a: Necrozma|Autotomize
|
|upkeep
|turn|35
|
|switch|p2a: Arceus|Arceus-Water|68/100
|-damage|p2a: Arceus|56/100|[from] Stealth Rock
|-start|p1a: Necrozma|Dynamax
|-heal|p1a: Necrozma|94/100|[silent]
|move|p1a: Necrozma|Max Steelspike|p2a: Arceus
|-resisted|p2a: Arceus
|-crit|p2a: Arceus
|-damage|p2a: Arceus|32/100
|-boost|p1a: Necrozma|def|1
|
|upkeep
|turn|36
|
|move|p1a: Necrozma|Max Quake|p2a: Arceus
|-damage|p2a: Arceus|12/100
|-boost|p1a: Necrozma|spd|1
|move|p2a: Arceus|Recover|p2a: Arceus
|-heal|p2a: Arceus|62/100
|
|upkeep
|turn|37
|
|move|p1a: Necrozma|Max Quake|p2a: Arceus
|-damage|p2a: Arceus|39/100
|-boost|p1a: Necrozma|spd|1
|move|p2a: Arceus|Recover|p2a: Arceus
|-heal|p2a: Arceus|89/100
|
|-end|p1a: Necrozma|Dynamax
|-heal|p1a: Necrozma|94/100|[silent]
|upkeep
|turn|38
|
|move|p1a: Necrozma|Earthquake|p2a: Arceus
|-damage|p2a: Arceus|73/100
|move|p2a: Arceus|Judgment|p1a: Necrozma
|-damage|p1a: Necrozma|76/100
|
|upkeep
|turn|39
|
|move|p1a: Necrozma|Earthquake|p2a: Arceus
|-crit|p2a: Arceus
|-damage|p2a: Arceus|47/100
|move|p2a: Arceus|Judgment|p1a: Necrozma
|-damage|p1a: Necrozma|57/100
|
|upkeep
|turn|40
|
|move|p1a: Necrozma|Earthquake|p2a: Arceus
|-damage|p2a: Arceus|31/100
|move|p2a: Arceus|Recover|p2a: Arceus
|-heal|p2a: Arceus|81/100
|
|upkeep
|turn|41
|
|move|p1a: Necrozma|Moonlight|p1a: Necrozma
|-heal|p1a: Necrozma|100/100
|move|p2a: Arceus|Judgment|p1a: Necrozma
|-damage|p1a: Necrozma|80/100
|
|upkeep
|turn|42
|
|move|p1a: Necrozma|Earthquake|p2a: Arceus
|-damage|p2a: Arceus|64/100
|move|p2a: Arceus|Judgment|p1a: Necrozma
|-damage|p1a: Necrozma|60/100
|
|upkeep
|turn|43
|
|move|p1a: Necrozma|Earthquake|p2a: Arceus
|-damage|p2a: Arceus|48/100
|move|p2a: Arceus|Recover|p2a: Arceus
|-heal|p2a: Arceus|98/100
|
|upkeep
|turn|44
|
|move|p1a: Necrozma|Earthquake|p2a: Arceus
|-damage|p2a: Arceus|80/100
|move|p2a: Arceus|Toxic|p1a: Necrozma
|-immune|p1a: Necrozma
|
|upkeep
|turn|45
|
|move|p1a: Necrozma|Autotomize|p1a: Necrozma
|-boost|p1a: Necrozma|spe|2
|-start|p1a: Necrozma|Autotomize
|move|p2a: Arceus|Stealth Rock||[still]
|-fail|p2a: Arceus
|
|upkeep
|turn|46
|
|move|p1a: Necrozma|Autotomize|p1a: Necrozma
|-boost|p1a: Necrozma|spe|2
|-start|p1a: Necrozma|Autotomize
|move|p2a: Arceus|Judgment|p1a: Necrozma
|-damage|p1a: Necrozma|42/100
|
|upkeep
|turn|47
|
|switch|p2a: Necrozma|Necrozma-Dusk-Mane|63/100
|-damage|p2a: Necrozma|57/100|[from] Stealth Rock
|move|p1a: Necrozma|Moonlight|p1a: Necrozma
|-heal|p1a: Necrozma|92/100
|
|-heal|p2a: Necrozma|63/100|[from] item: Leftovers
|upkeep
|turn|48
|
|move|p1a: Necrozma|Earthquake|p2a: Necrozma
|-supereffective|p2a: Necrozma
|-damage|p2a: Necrozma|36/100
|move|p2a: Necrozma|Morning Sun|p2a: Necrozma
|-heal|p2a: Necrozma|86/100
|
|-heal|p2a: Necrozma|92/100|[from] item: Leftovers
|upkeep
|turn|49
|
|switch|p2a: Arceus|Arceus-Ground|91/100
|-damage|p2a: Arceus|85/100|[from] Stealth Rock
|move|p1a: Necrozma|Autotomize||[still]
|-fail|p1a: Necrozma
|
|upkeep
|turn|50
|
|move|p1a: Necrozma|Sunsteel Strike|p2a: Arceus
|-damage|p2a: Arceus|58/100
|move|p2a: Arceus|Ice Beam|p1a: Necrozma
|-resisted|p1a: Necrozma
|-damage|p1a: Necrozma|87/100
|-status|p1a: Necrozma|frz
|
|upkeep
|turn|51
|
|switch|p2a: Groudon|Groudon-Primal|63/100 tox
|-damage|p2a: Groudon|51/100 tox|[from] Stealth Rock
|-weather|DesolateLand|[from] ability: Desolate Land|[of] p2a: Groudon
|cant|p1a: Necrozma|frz
|
|-weather|DesolateLand|[upkeep]
|-damage|p2a: Groudon|45/100 tox|[from] psn
|upkeep
|turn|52
|
|cant|p1a: Necrozma|frz
|move|p2a: Groudon|Precipice Blades|p1a: Necrozma
|-supereffective|p1a: Necrozma
|-damage|p1a: Necrozma|49/100 frz
|-enditem|p1a: Necrozma|Weakness Policy
|-boost|p1a: Necrozma|atk|2|[from] item: Weakness Policy
|-boost|p1a: Necrozma|spa|2|[from] item: Weakness Policy
|
|-weather|DesolateLand|[upkeep]
|-damage|p2a: Groudon|32/100 tox|[from] psn
|upkeep
|turn|53
|
|cant|p1a: Necrozma|frz
|move|p2a: Groudon|Precipice Blades|p1a: Necrozma
|-supereffective|p1a: Necrozma
|-damage|p1a: Necrozma|6/100 frz
|
|-weather|DesolateLand|[upkeep]
|-damage|p2a: Groudon|14/100 tox|[from] psn
|upkeep
|turn|54
|
|cant|p1a: Necrozma|frz
|move|p2a: Groudon|Precipice Blades|p1a: Necrozma
|-supereffective|p1a: Necrozma
|-damage|p1a: Necrozma|0 fnt
|faint|p1a: Necrozma
|
|-weather|DesolateLand|[upkeep]
|-damage|p2a: Groudon|0 fnt|[from] psn
|faint|p2a: Groudon
|-weather|none
|upkeep
|c|☆anime is flawless|would you recommend ddance over automize?
|c|☆anime is flawless|on ndm
|inactive|anime is flawless has 270 seconds left.
|
|switch|p2a: Arceus|Arceus-Ground|58/100
|switch|p1a: Arceus|Arceus-Water|70/100 tox
|-damage|p1a: Arceus|58/100 tox|[from] Stealth Rock
|-damage|p2a: Arceus|52/100|[from] Stealth Rock
|turn|55
|inactive|anime is flawless has 270 seconds left.
|
|move|p1a: Arceus|Recover|p1a: Arceus
|-heal|p1a: Arceus|100/100 tox
|move|p2a: Arceus|Recover|p2a: Arceus
|-heal|p2a: Arceus|100/100
|
|-damage|p1a: Arceus|94/100 tox|[from] psn
|upkeep
|turn|56
|
|move|p1a: Arceus|Judgment|p2a: Arceus
|-supereffective|p2a: Arceus
|-damage|p2a: Arceus|32/100
|move|p2a: Arceus|Judgment|p1a: Arceus
|-damage|p1a: Arceus|63/100 tox
|
|-damage|p1a: Arceus|51/100 tox|[from] psn
|upkeep
|turn|57
|
|move|p1a: Arceus|Recover|p1a: Arceus
|-heal|p1a: Arceus|100/100 tox
|move|p2a: Arceus|Judgment|p1a: Arceus
|-damage|p1a: Arceus|69/100 tox
|
|-damage|p1a: Arceus|51/100 tox|[from] psn
|upkeep
|turn|58
|
|move|p1a: Arceus|Refresh|p1a: Arceus
|-curestatus|p1a: Arceus|tox|[msg]
|move|p2a: Arceus|Judgment|p1a: Arceus
|-damage|p1a: Arceus|20/100
|
|upkeep
|turn|59
|
|move|p1a: Arceus|Recover|p1a: Arceus
|-heal|p1a: Arceus|70/100
|move|p2a: Arceus|Judgment|p1a: Arceus
|-damage|p1a: Arceus|39/100
|
|upkeep
|turn|60
|
|switch|p2a: Necrozma|Necrozma-Dusk-Mane|92/100
|-damage|p2a: Necrozma|86/100|[from] Stealth Rock
|move|p1a: Arceus|Recover|p1a: Arceus
|-heal|p1a: Arceus|89/100
|
|-heal|p2a: Necrozma|92/100|[from] item: Leftovers
|upkeep
|turn|61
|
|move|p1a: Arceus|Judgment|p2a: Necrozma
|-damage|p2a: Necrozma|52/100
|move|p2a: Necrozma|Toxic|p1a: Arceus
|-status|p1a: Arceus|tox
|
|-heal|p2a: Necrozma|58/100|[from] item: Leftovers
|-damage|p1a: Arceus|83/100 tox|[from] psn
|upkeep
|turn|62
|
|move|p1a: Arceus|Judgment|p2a: Necrozma
|-damage|p2a: Necrozma|21/100
|move|p2a: Necrozma|Morning Sun|p2a: Necrozma
|-heal|p2a: Necrozma|71/100
|
|-heal|p2a: Necrozma|77/100|[from] item: Leftovers
|-damage|p1a: Arceus|71/100 tox|[from] psn
|upkeep
|turn|63
|
|switch|p2a: Arceus|Arceus-Ground|32/100
|-damage|p2a: Arceus|25/100|[from] Stealth Rock
|move|p1a: Arceus|Refresh|p1a: Arceus
|-curestatus|p1a: Arceus|tox|[msg]
|
|upkeep
|turn|64
|
|move|p1a: Arceus|Judgment|p2a: Arceus
|-supereffective|p2a: Arceus
|-damage|p2a: Arceus|0 fnt
|faint|p2a: Arceus
|
|upkeep
|
|switch|p2a: Yveltal|Yveltal|100/100
|-damage|p2a: Yveltal|76/100|[from] Stealth Rock
|-ability|p2a: Yveltal|Dark Aura
|turn|65
|
|switch|p1a: Arceus|Arceus-Fairy|94/100 tox
|-damage|p1a: Arceus|82/100 tox|[from] Stealth Rock
|-start|p2a: Yveltal|Dynamax
|-heal|p2a: Yveltal|76/100|[silent]
|move|p2a: Yveltal|Max Airstream|p1a: Arceus
|-damage|p1a: Arceus|11/100 tox
|-boost|p2a: Yveltal|spe|1
|-damage|p2a: Yveltal|71/100|[from] item: Life Orb
|
|-damage|p1a: Arceus|5/100 tox|[from] psn
|upkeep
|turn|66
|c|☆dasort|gg
|
|move|p2a: Yveltal|Max Airstream|p1a: Arceus
|-damage|p1a: Arceus|0 fnt
|-boost|p2a: Yveltal|spe|1
|-damage|p2a: Yveltal|66/100|[from] item: Life Orb
|faint|p1a: Arceus
|
|upkeep
|c|☆anime is flawless|gg
|c|☆anime is flawless|Can you answer my q?
|inactive|anime is flawless has 270 seconds left.
|c|☆anime is flawless|The one i asked above?
|c|☆dasort|And DD is better yeah
|
|switch|p1a: Arceus|Arceus-Water|71/100
|-damage|p1a: Arceus|59/100|[from] Stealth Rock
|turn|67
|inactive|anime is flawless has 270 seconds left.
|
|move|p2a: Yveltal|Max Darkness|p1a: Arceus
|-damage|p1a: Arceus|0 fnt
|-damage|p2a: Yveltal|61/100|[from] item: Life Orb
|faint|p1a: Arceus
|
|win|dasort
