|inactive|Battle timer is ON: inactive players will automatically lose when time's up.
|t:|1666543211
|gametype|singles
|player|p1|zee|#roaplviiipichus|
|player|p2|Testing teams 596|n-masters|
|teamsize|p1|6
|teamsize|p2|6
|gen|8
|tier|[Gen 8] National Dex AG
|rule|HP Percentage Mod: HP is shown in percentages
|rule|Endless Battle Clause: Forcing endless battles is banned
|clearpoke
|poke|p1|Arceus-*|
|poke|p1|Zacian-*|
|poke|p1|Groudon|
|poke|p1|Gengar, F|
|poke|p1|Yveltal|
|poke|p1|Arceus-*|
|poke|p2|Calyrex-Shadow|
|poke|p2|Marshadow|
|poke|p2|Yveltal|
|poke|p2|Groudon|
|poke|p2|Necrozma-Dusk-Mane|
|poke|p2|Arceus-*|
|teampreview
|inactive|Testing teams 596 also wants the timer to be on.
|c|+snaga|holy shit
|c|☆Testing teams 596|? 
|c|+snaga|sorry
|c|☆zee|holy shit
|c|☆Testing teams 596|Glhf
|c|☆zee|u2
|inactive|zee has 270 seconds left.
|inactive|Testing teams 596 has 270 seconds left.
|
|t:|1666543261
|start
|switch|p1a: Groudon|Groudon|100/100
|switch|p2a: Groudon|Groudon|100/100
|detailschange|p1a: Groudon|Groudon-Primal
|-primal|p1a: Groudon
|-weather|DesolateLand|[from] ability: Desolate Land|[of] p1a: Groudon
|detailschange|p2a: Groudon|Groudon-Primal
|-primal|p2a: Groudon
|turn|1
|
|t:|1666543278
|move|p1a: Groudon|Precipice Blades|p2a: Groudon
|-supereffective|p2a: Groudon
|-damage|p2a: Groudon|32/100
|move|p2a: Groudon|Precipice Blades|p1a: Groudon
|-supereffective|p1a: Groudon
|-damage|p1a: Groudon|42/100
|
|-weather|DesolateLand|[upkeep]
|upkeep
|turn|2
|
|t:|1666543287
|move|p1a: Groudon|Stealth Rock|p2a: Groudon
|-sidestart|p2: Testing teams 596|move: Stealth Rock
|move|p2a: Groudon|Stealth Rock|p1a: Groudon
|-sidestart|p1: zee|move: Stealth Rock
|
|-weather|DesolateLand|[upkeep]
|upkeep
|turn|3
|
|t:|1666543294
|switch|p2a: Yveltal|Yveltal|100/100
|-ability|p2a: Yveltal|Dark Aura
|move|p1a: Groudon|Dragon Tail|p2a: Yveltal
|-damage|p2a: Yveltal|84/100
|drag|p2a: Groudon|Groudon-Primal|32/100
|-damage|p2a: Groudon|20/100|[from] Stealth Rock
|
|-weather|DesolateLand|[upkeep]
|upkeep
|turn|4
|
|t:|1666543303
|move|p1a: Groudon|Stone Edge|p2a: Groudon
|-damage|p2a: Groudon|0 fnt
|faint|p2a: Groudon
|
|-weather|DesolateLand|[upkeep]
|upkeep
|
|t:|1666543310
|switch|p2a: Calyrex|Calyrex-Shadow|100/100
|-ability|p2a: Calyrex|As One
|-ability|p2a: Calyrex|Unnerve
|-damage|p2a: Calyrex|88/100|[from] Stealth Rock
|turn|5
|
|t:|1666543317
|move|p2a: Calyrex|Astral Barrage|p1a: Groudon
|-damage|p1a: Groudon|0 fnt
|faint|p1a: Groudon
|-weather|none
|-ability|p2a: Calyrex|Grim Neigh|boost
|-boost|p2a: Calyrex|spa|1
|
|upkeep
|
|t:|1666543321
|switch|p1a: Yveltal|Yveltal|100/100
|-ability|p1a: Yveltal|Dark Aura
|turn|6
|
|t:|1666543336
|switch|p2a: Yveltal|Yveltal|84/100
|-ability|p2a: Yveltal|Dark Aura
|move|p1a: Yveltal|U-turn|p2a: Yveltal
|-damage|p2a: Yveltal|71/100
|
|t:|1666543343
|switch|p1a: Zacian|Zacian-Crowned|100/100|[from]move: U-turn
|-damage|p1a: Zacian|94/100|[from] Stealth Rock
|-ability|p1a: Zacian|Intrepid Sword|boost
|-boost|p1a: Zacian|atk|1
|
|upkeep
|turn|7
|
|t:|1666543347
|move|p1a: Zacian|Assurance|p2a: Yveltal
|-resisted|p2a: Yveltal
|-damage|p2a: Yveltal|53/100
|move|p2a: Yveltal|Foul Play|p1a: Zacian
|-resisted|p1a: Zacian
|-damage|p1a: Zacian|43/100
|
|upkeep
|turn|8
|
|t:|1666543353
|switch|p2a: Necrozma|Necrozma-Dusk-Mane|100/100
|-damage|p2a: Necrozma|94/100|[from] Stealth Rock
|move|p1a: Zacian|Behemoth Blade|p2a: Necrozma
|-resisted|p2a: Necrozma
|-damage|p2a: Necrozma|71/100
|
|-heal|p2a: Necrozma|77/100|[from] item: Leftovers
|upkeep
|turn|9
|
|t:|1666543360
|switch|p1a: Arceus|Arceus|100/100
|-damage|p1a: Arceus|88/100|[from] Stealth Rock
|move|p2a: Necrozma|Moonlight|p2a: Necrozma
|-heal|p2a: Necrozma|100/100
|
|-heal|p1a: Arceus|94/100|[from] item: Leftovers
|upkeep
|turn|10
|
|t:|1666543366
|move|p1a: Arceus|Whirlpool|p2a: Necrozma
|-damage|p2a: Necrozma|93/100
|-activate|p2a: Necrozma|move: Whirlpool|[of] p1a: Arceus
|move|p2a: Necrozma|Dragon Dance|p2a: Necrozma
|-boost|p2a: Necrozma|atk|1
|-boost|p2a: Necrozma|spe|1
|
|-heal|p2a: Necrozma|99/100|[from] item: Leftovers
|-heal|p1a: Arceus|99/100|[from] item: Leftovers
|-damage|p2a: Necrozma|87/100|[from] move: Whirlpool|[partiallytrapped]
|upkeep
|turn|11
|
|t:|1666543372
|move|p2a: Necrozma|Dragon Dance|p2a: Necrozma
|-boost|p2a: Necrozma|atk|1
|-boost|p2a: Necrozma|spe|1
|move|p1a: Arceus|Perish Song|p1a: Arceus
|-start|p1a: Arceus|perish3|[silent]
|-start|p2a: Necrozma|perish3|[silent]
|-fieldactivate|move: Perish Song
|
|-heal|p2a: Necrozma|93/100|[from] item: Leftovers
|-heal|p1a: Arceus|100/100|[from] item: Leftovers
|-damage|p2a: Necrozma|80/100|[from] move: Whirlpool|[partiallytrapped]
|-start|p2a: Necrozma|perish3
|-start|p1a: Arceus|perish3
|upkeep
|turn|12
|inactive|zee has 270 seconds left.
|
|t:|1666543403
|-start|p2a: Necrozma|Dynamax|
|-heal|p2a: Necrozma|80/100|[silent]
|move|p2a: Necrozma|Max Steelspike|p1a: Arceus
|-damage|p1a: Arceus|7/100
|-boost|p2a: Necrozma|def|1
|move|p1a: Arceus|Recover|p1a: Arceus
|-heal|p1a: Arceus|57/100
|
|-heal|p2a: Necrozma|83/100|[from] item: Leftovers
|-heal|p1a: Arceus|63/100|[from] item: Leftovers
|-damage|p2a: Necrozma|77/100|[from] move: Whirlpool|[partiallytrapped]
|-start|p2a: Necrozma|perish2
|-start|p1a: Arceus|perish2
|upkeep
|turn|13
|inactive|zee has 270 seconds left.
|
|t:|1666543418
|-start|p1a: Arceus|Dynamax|
|-heal|p1a: Arceus|63/100|[silent]
|move|p1a: Arceus|Max Guard|p1a: Arceus
|-singleturn|p1a: Arceus|Max Guard
|move|p2a: Necrozma|Max Steelspike|p1a: Arceus
|-activate|p1a: Arceus|move: Max Guard
|
|-heal|p2a: Necrozma|80/100|[from] item: Leftovers
|-heal|p1a: Arceus|66/100|[from] item: Leftovers
|-damage|p2a: Necrozma|74/100|[from] move: Whirlpool|[partiallytrapped]
|-start|p2a: Necrozma|perish1
|-start|p1a: Arceus|perish1
|upkeep
|turn|14
|
|t:|1666543428
|move|p1a: Arceus|Max Guard|p1a: Arceus
|-singleturn|p1a: Arceus|Max Guard
|move|p2a: Necrozma|Max Steelspike|p1a: Arceus
|-activate|p1a: Arceus|move: Max Guard
|
|-heal|p2a: Necrozma|77/100|[from] item: Leftovers
|-heal|p1a: Arceus|69/100|[from] item: Leftovers
|-end|p2a: Necrozma|Whirlpool|[partiallytrapped]
|-start|p2a: Necrozma|perish0
|-start|p1a: Arceus|perish0
|faint|p2a: Necrozma
|faint|p1a: Arceus
|upkeep
|
|t:|1666543441
|switch|p1a: Arceus|Arceus-Ground|100/100
|switch|p2a: Marshadow|Marshadow|100/100
|-damage|p2a: Marshadow|94/100|[from] Stealth Rock
|-damage|p1a: Arceus|94/100|[from] Stealth Rock
|turn|15
|
|t:|1666543447
|move|p2a: Marshadow|Ice Punch|p1a: Arceus
|-supereffective|p1a: Arceus
|-damage|p1a: Arceus|59/100
|-damage|p2a: Marshadow|84/100|[from] item: Life Orb
|move|p1a: Arceus|Judgment|p2a: Marshadow
|-damage|p2a: Marshadow|27/100
|
|upkeep
|turn|16
|
|t:|1666543454
|switch|p2a: Arceus|Arceus-Water|100/100
|-damage|p2a: Arceus|88/100|[from] Stealth Rock
|move|p1a: Arceus|Recover|p1a: Arceus
|-heal|p1a: Arceus|100/100
|
|upkeep
|turn|17
|
|t:|1666543458
|switch|p1a: Gengar|Gengar, F|100/100
|-damage|p1a: Gengar|88/100|[from] Stealth Rock
|switch|p2a: Calyrex|Calyrex-Shadow|88/100
|-ability|p2a: Calyrex|As One
|-ability|p2a: Calyrex|Unnerve
|-damage|p2a: Calyrex|76/100|[from] Stealth Rock
|
|upkeep
|turn|18
|
|t:|1666543484
|switch|p1a: Yveltal|Yveltal|100/100
|-ability|p1a: Yveltal|Dark Aura
|move|p2a: Calyrex|Nasty Plot|p2a: Calyrex
|-boost|p2a: Calyrex|spa|2
|
|upkeep
|turn|19
|inactive|zee has 270 seconds left.
|inactive|zee has 240 seconds left.
|
|t:|1666543532
|switch|p1a: Gengar|Gengar, F|88/100
|-damage|p1a: Gengar|76/100|[from] Stealth Rock
|move|p2a: Calyrex|Substitute|p2a: Calyrex
|-start|p2a: Calyrex|Substitute
|-damage|p2a: Calyrex|51/100
|
|upkeep
|turn|20
|
|t:|1666543540
|detailschange|p1a: Gengar|Gengar-Mega, F
|-mega|p1a: Gengar|Gengar|Gengarite
|move|p2a: Calyrex|Astral Barrage|p1a: Gengar
|-supereffective|p1a: Gengar
|-damage|p1a: Gengar|0 fnt
|faint|p1a: Gengar
|-ability|p2a: Calyrex|Grim Neigh|boost
|-boost|p2a: Calyrex|spa|1
|
|upkeep
|
|t:|1666543543
|switch|p1a: Yveltal|Yveltal|100/100
|-ability|p1a: Yveltal|Dark Aura
|turn|21
|
|t:|1666543547
|-zpower|p2a: Calyrex
|move|p2a: Calyrex|Savage Spin-Out|p1a: Yveltal|[zeffect]
|-damage|p1a: Yveltal|0 fnt
|faint|p1a: Yveltal
|-ability|p2a: Calyrex|Grim Neigh|boost
|-boost|p2a: Calyrex|spa|1
|
|upkeep
|c|☆Testing teams 596|Gg
|c|☆Testing teams 596|Human
|-message|zee forfeited.
|
|win|Testing teams 596
|c|+ISZA|...LOL
|c|+Luna's Bann3d Now|LOL
|c|☆Testing teams 596|Something happy happened today
|c|☆Testing teams 596|;-;
|c|+Luna's Bann3d Now|this dude said gg human
|c|+Luna's Bann3d Now|im weak
|c|☆Testing teams 596|After finding out my crush and i are not in the sane batch
|c|☆Testing teams 596|I was depressed
|c|+jonfilch|...
|c|☆Testing teams 596|Ok wait thats too much
|c|☆Testing teams 596|Saying
|c|☆Testing teams 596|Cya
|c|☆Testing teams 596|No one say those last words
