|j|☆tacobeth
|j|☆Splashinganteater
|t:|1609984963
|player|p1|tacobeth|lass-gen4dp|1280
|player|p2|Splashinganteater|palmer|1319
|teamsize|p1|6
|teamsize|p2|6
|gametype|singles
|gen|8
|tier|[Gen 8] RU
|rated|
|clearpoke
|poke|p1|Zarude|
|poke|p1|Togekiss, M|
|poke|p1|Steelix, F|
|poke|p1|Milotic, F|
|poke|p1|Mienshao, F|
|poke|p1|Raikou|
|poke|p2|Noivern, M|
|poke|p2|Golurk|
|poke|p2|Raikou|
|poke|p2|Incineroar, M|
|poke|p2|Seismitoad, M|
|poke|p2|Togekiss, F|
|rule|Sleep Clause Mod: Limit one foe put to sleep
|rule|Species Clause: Limit one of each Pokémon
|rule|OHKO Clause: OHKO moves are banned
|rule|Evasion Moves Clause: Evasion moves are banned
|rule|Endless Battle Clause: Forcing endless battles is banned
|rule|HP Percentage Mod: HP is shown in percentages
|rule|Dynamax Clause: You cannot dynamax
|teampreview
|
|t:|1609984982
|start
|switch|p1a: Zarude|Zarude|100/100
|switch|p2a: Noivern|Noivern, M|100/100
|turn|1
|
|t:|1609984996
|switch|p1a: Milotic|Milotic, F|100/100
|move|p2a: Noivern|U-turn|p1a: Milotic
|-damage|p1a: Milotic|92/100
|
|t:|1609985004
|switch|p2a: Raikou|Raikou|100/100|[from]move: U-turn
|-ability|p2a: Raikou|Pressure
|
|-heal|p1a: Milotic|98/100|[from] item: Leftovers
|upkeep
|turn|2
|
|t:|1609985013
|switch|p1a: Zarude|Zarude|100/100
|move|p2a: Raikou|Thunderbolt|p1a: Zarude
|-resisted|p1a: Zarude
|-damage|p1a: Zarude|78/100
|
|upkeep
|turn|3
|
|t:|1609985045
|switch|p2a: Incineroar|Incineroar, M|100/100
|-ability|p2a: Incineroar|Intimidate|boost
|-unboost|p1a: Zarude|atk|1
|move|p1a: Zarude|U-turn|p2a: Incineroar
|-damage|p2a: Incineroar|87/100
|inactive|Battle timer is ON: inactive players will automatically lose when time's up. (requested by Splashinganteater)
|
|t:|1609985107
|switch|p1a: Mienshao|Mienshao, F|100/100|[from]move: U-turn
|
|upkeep
|turn|4
|
|t:|1609985125
|switch|p2a: Noivern|Noivern, M|100/100
|move|p1a: Mienshao|Knock Off|p2a: Noivern
|-damage|p2a: Noivern|56/100
|-enditem|p2a: Noivern|Heavy-Duty Boots|[from] move: Knock Off|[of] p1a: Mienshao
|
|upkeep
|turn|5
|
|t:|1609985136
|switch|p1a: Milotic|Milotic, F|98/100
|move|p2a: Noivern|Roost|p2a: Noivern
|-heal|p2a: Noivern|100/100
|-singleturn|p2a: Noivern|move: Roost
|
|-heal|p1a: Milotic|100/100|[from] item: Leftovers
|upkeep
|turn|6
|
|t:|1609985142
|move|p2a: Noivern|U-turn|p1a: Milotic
|-damage|p1a: Milotic|93/100
|j| Cm1800
|
|t:|1609985149
|switch|p2a: Seismitoad|Seismitoad, M|100/100|[from]move: U-turn
|move|p1a: Milotic|Toxic|p2a: Seismitoad
|-status|p2a: Seismitoad|tox
|
|-heal|p1a: Milotic|99/100|[from] item: Leftovers
|-damage|p2a: Seismitoad|94/100 tox|[from] psn
|upkeep
|turn|7
|l| Cm1800
|
|t:|1609985160
|switch|p1a: Zarude|Zarude|78/100
|move|p2a: Seismitoad|Stealth Rock|p1a: Zarude
|-sidestart|p1: tacobeth|move: Stealth Rock
|
|-heal|p2a: Seismitoad|100/100 tox|[from] item: Leftovers
|-damage|p2a: Seismitoad|88/100 tox|[from] psn
|upkeep
|turn|8
|
|t:|1609985184
|switch|p2a: Incineroar|Incineroar, M|87/100
|-ability|p2a: Incineroar|Intimidate|boost
|-unboost|p1a: Zarude|atk|1
|move|p1a: Zarude|U-turn|p2a: Incineroar
|-damage|p2a: Incineroar|72/100
|
|t:|1609985199
|switch|p1a: Mienshao|Mienshao, F|100/100|[from]move: U-turn
|-damage|p1a: Mienshao|95/100|[from] Stealth Rock
|
|upkeep
|turn|9
|
|t:|1609985204
|switch|p2a: Noivern|Noivern, M|100/100
|move|p1a: Mienshao|Close Combat|p2a: Noivern
|-resisted|p2a: Noivern
|-damage|p2a: Noivern|62/100
|-unboost|p1a: Mienshao|def|1
|-unboost|p1a: Mienshao|spd|1
|
|upkeep
|turn|10
|
|t:|1609985217
|switch|p1a: Togekiss|Togekiss, M|100/100
|move|p2a: Noivern|U-turn|p1a: Togekiss
|-resisted|p1a: Togekiss
|-damage|p1a: Togekiss|98/100
|
|t:|1609985223
|switch|p2a: Raikou|Raikou|100/100|[from]move: U-turn
|-ability|p2a: Raikou|Pressure
|
|upkeep
|turn|11
|
|t:|1609985239
|switch|p1a: Zarude|Zarude|78/100
|move|p2a: Raikou|Thunderbolt|p1a: Zarude
|-resisted|p1a: Zarude
|-damage|p1a: Zarude|56/100
|-status|p1a: Zarude|par
|
|upkeep
|turn|12
|
|t:|1609985269
|switch|p2a: Togekiss|Togekiss, F|100/100
|move|p1a: Zarude|Jungle Healing|p1a: Zarude
|-heal|p1a: Zarude|81/100 par
|-curestatus|p1a: Zarude|par|[msg]
|
|upkeep
|turn|13
|
|t:|1609985289
|switch|p1a: Raikou|Raikou|100/100
|-damage|p1a: Raikou|88/100|[from] Stealth Rock
|-ability|p1a: Raikou|Pressure
|move|p2a: Togekiss|Heal Bell|p2a: Togekiss
|-activate|p2a: Togekiss|move: Heal Bell
|-curestatus|p2: Seismitoad|tox|[msg]
|
|-heal|p1a: Raikou|94/100|[from] item: Leftovers
|upkeep
|turn|14
|
|t:|1609985300
|switch|p1a: Togekiss|Togekiss, M|98/100
|switch|p2a: Seismitoad|Seismitoad, M|88/100
|
|-heal|p2a: Seismitoad|94/100|[from] item: Leftovers
|upkeep
|turn|15
|
|t:|1609985306
|move|p1a: Togekiss|Defog|p2a: Seismitoad
|-unboost|p2a: Seismitoad|evasion|1
|-sideend|p1: tacobeth|Stealth Rock|[from] move: Defog|[of] p1a: Togekiss
|move|p2a: Seismitoad|Toxic|p1a: Togekiss
|-status|p1a: Togekiss|tox
|
|-heal|p2a: Seismitoad|100/100|[from] item: Leftovers
|-damage|p1a: Togekiss|92/100 tox|[from] psn
|upkeep
|turn|16
|
|t:|1609985314
|switch|p1a: Zarude|Zarude|81/100
|switch|p2a: Raikou|Raikou|100/100
|-ability|p2a: Raikou|Pressure
|
|upkeep
|turn|17
|
|t:|1609985323
|switch|p2a: Incineroar|Incineroar, M|72/100
|-ability|p2a: Incineroar|Intimidate|boost
|-unboost|p1a: Zarude|atk|1
|move|p1a: Zarude|U-turn|p2a: Incineroar
|-damage|p2a: Incineroar|56/100
|
|t:|1609985336
|switch|p1a: Mienshao|Mienshao, F|100/100|[from]move: U-turn
|
|upkeep
|turn|18
|
|t:|1609985348
|switch|p2a: Togekiss|Togekiss, F|100/100
|move|p1a: Mienshao|Stone Edge|p2a: Togekiss
|-supereffective|p2a: Togekiss
|-damage|p2a: Togekiss|51/100
|
|upkeep
|turn|19
|
|t:|1609985374
|move|p1a: Mienshao|Stone Edge|p2a: Togekiss|[miss]
|-miss|p1a: Mienshao|p2a: Togekiss
|move|p2a: Togekiss|Roost|p2a: Togekiss
|-heal|p2a: Togekiss|100/100
|-singleturn|p2a: Togekiss|move: Roost
|
|upkeep
|turn|20
|c|☆tacobeth|ofc
|inactive|tacobeth has 120 seconds left.
|
|t:|1609985399
|switch|p1a: Milotic|Milotic, F|99/100
|move|p2a: Togekiss|Air Slash|p1a: Milotic
|-damage|p1a: Milotic|76/100
|
|-heal|p1a: Milotic|82/100|[from] item: Leftovers
|upkeep
|turn|21
|
|t:|1609985413
|switch|p2a: Raikou|Raikou|100/100
|-ability|p2a: Raikou|Pressure
|move|p1a: Milotic|Toxic|p2a: Raikou
|-status|p2a: Raikou|tox
|
|-heal|p1a: Milotic|89/100|[from] item: Leftovers
|-damage|p2a: Raikou|94/100 tox|[from] psn
|upkeep
|turn|22
|inactive|tacobeth has 120 seconds left.
|
|t:|1609985428
|switch|p2a: Noivern|Noivern, M|62/100
|switch|p1a: Raikou|Raikou|94/100
|-ability|p1a: Raikou|Pressure
|
|-heal|p1a: Raikou|100/100|[from] item: Leftovers
|upkeep
|turn|23
|
|t:|1609985435
|move|p2a: Noivern|U-turn|p1a: Raikou
|-damage|p1a: Raikou|85/100
|
|t:|1609985437
|switch|p2a: Seismitoad|Seismitoad, M|100/100|[from]move: U-turn
|move|p1a: Raikou|Calm Mind|p1a: Raikou
|-boost|p1a: Raikou|spa|1
|-boost|p1a: Raikou|spd|1
|
|-heal|p1a: Raikou|91/100|[from] item: Leftovers
|upkeep
|turn|24
|
|t:|1609985456
|switch|p1a: Zarude|Zarude|81/100
|move|p2a: Seismitoad|Earthquake|p1a: Zarude
|-resisted|p1a: Zarude
|-damage|p1a: Zarude|64/100
|
|upkeep
|turn|25
|
|t:|1609985464
|switch|p2a: Togekiss|Togekiss, F|100/100
|move|p1a: Zarude|Jungle Healing|p1a: Zarude
|-heal|p1a: Zarude|89/100
|
|upkeep
|turn|26
|
|t:|1609985471
|move|p1a: Zarude|U-turn|p2a: Togekiss
|-resisted|p2a: Togekiss
|-damage|p2a: Togekiss|96/100
|
|t:|1609985477
|switch|p1a: Raikou|Raikou|91/100|[from]move: U-turn
|-ability|p1a: Raikou|Pressure
|move|p2a: Togekiss|Air Slash|p1a: Raikou
|-resisted|p1a: Raikou
|-damage|p1a: Raikou|74/100
|
|-heal|p1a: Raikou|81/100|[from] item: Leftovers
|upkeep
|turn|27
|
|t:|1609985485
|switch|p2a: Seismitoad|Seismitoad, M|100/100
|move|p1a: Raikou|Calm Mind|p1a: Raikou
|-boost|p1a: Raikou|spa|1
|-boost|p1a: Raikou|spd|1
|
|-heal|p1a: Raikou|87/100|[from] item: Leftovers
|upkeep
|turn|28
|
|t:|1609985492
|switch|p1a: Zarude|Zarude|89/100
|move|p2a: Seismitoad|Stealth Rock|p1a: Zarude
|-sidestart|p1: tacobeth|move: Stealth Rock
|
|upkeep
|turn|29
|
|t:|1609985497
|switch|p2a: Togekiss|Togekiss, F|96/100
|move|p1a: Zarude|U-turn|p2a: Togekiss
|-resisted|p2a: Togekiss
|-damage|p2a: Togekiss|92/100
|
|t:|1609985500
|switch|p1a: Togekiss|Togekiss, M|92/100 tox|[from]move: U-turn
|
|-damage|p1a: Togekiss|85/100 tox|[from] psn
|upkeep
|turn|30
|
|t:|1609985513
|move|p1a: Togekiss|Defog|p2a: Togekiss
|-unboost|p2a: Togekiss|evasion|1
|-sideend|p1: tacobeth|Stealth Rock|[from] move: Defog|[of] p1a: Togekiss
|move|p2a: Togekiss|Air Slash|p1a: Togekiss
|-damage|p1a: Togekiss|65/100 tox
|
|-damage|p1a: Togekiss|52/100 tox|[from] psn
|upkeep
|turn|31
|
|t:|1609985525
|switch|p1a: Raikou|Raikou|87/100
|-ability|p1a: Raikou|Pressure
|switch|p2a: Golurk|Golurk|100/100
|
|-heal|p1a: Raikou|93/100|[from] item: Leftovers
|upkeep
|turn|32
|
|t:|1609985542
|switch|p1a: Zarude|Zarude|89/100
|move|p2a: Golurk|Poltergeist|p1a: Zarude
|-activate|p1a: Zarude|move: Poltergeist|Heavy-Duty Boots
|-resisted|p1a: Zarude
|-damage|p1a: Zarude|47/100
|
|upkeep
|turn|33
|
|t:|1609985561
|switch|p2a: Togekiss|Togekiss, F|92/100
|move|p1a: Zarude|U-turn|p2a: Togekiss
|-resisted|p2a: Togekiss
|-damage|p2a: Togekiss|88/100
|
|t:|1609985566
|switch|p1a: Raikou|Raikou|93/100|[from]move: U-turn
|-ability|p1a: Raikou|Pressure
|
|-heal|p1a: Raikou|99/100|[from] item: Leftovers
|upkeep
|turn|34
|
|t:|1609985575
|switch|p2a: Seismitoad|Seismitoad, M|100/100
|move|p1a: Raikou|Aura Sphere|p2a: Seismitoad
|-damage|p2a: Seismitoad|73/100
|
|-heal|p1a: Raikou|100/100|[from] item: Leftovers
|-heal|p2a: Seismitoad|79/100|[from] item: Leftovers
|upkeep
|turn|35
|
|t:|1609985592
|switch|p1a: Zarude|Zarude|47/100
|move|p2a: Seismitoad|Stealth Rock|p1a: Zarude
|-sidestart|p1: tacobeth|move: Stealth Rock
|
|-heal|p2a: Seismitoad|85/100|[from] item: Leftovers
|upkeep
|turn|36
|
|t:|1609985608
|switch|p2a: Togekiss|Togekiss, F|88/100
|move|p1a: Zarude|Jungle Healing|p1a: Zarude
|-heal|p1a: Zarude|72/100
|
|upkeep
|turn|37
|
|t:|1609985618
|switch|p1a: Raikou|Raikou|100/100
|-damage|p1a: Raikou|88/100|[from] Stealth Rock
|-ability|p1a: Raikou|Pressure
|move|p2a: Togekiss|Air Slash|p1a: Raikou
|-resisted|p1a: Raikou
|-damage|p1a: Raikou|72/100
|
|-heal|p1a: Raikou|78/100|[from] item: Leftovers
|upkeep
|turn|38
|
|t:|1609985627
|switch|p2a: Seismitoad|Seismitoad, M|85/100
|move|p1a: Raikou|Aura Sphere|p2a: Seismitoad
|-damage|p2a: Seismitoad|60/100
|
|-heal|p1a: Raikou|85/100|[from] item: Leftovers
|-heal|p2a: Seismitoad|66/100|[from] item: Leftovers
|upkeep
|turn|39
|
|t:|1609985650
|switch|p1a: Zarude|Zarude|72/100
|move|p2a: Seismitoad|Scald|p1a: Zarude
|-resisted|p1a: Zarude
|-damage|p1a: Zarude|59/100
|
|-heal|p2a: Seismitoad|72/100|[from] item: Leftovers
|upkeep
|turn|40
|
|t:|1609985659
|move|p1a: Zarude|Jungle Healing|p1a: Zarude
|-heal|p1a: Zarude|84/100
|move|p2a: Seismitoad|Scald|p1a: Zarude
|-resisted|p1a: Zarude
|-damage|p1a: Zarude|72/100
|-status|p1a: Zarude|brn
|
|-heal|p2a: Seismitoad|78/100|[from] item: Leftovers
|-damage|p1a: Zarude|66/100 brn|[from] brn
|upkeep
|turn|41
|
|t:|1609985667
|switch|p2a: Noivern|Noivern, M|62/100
|move|p1a: Zarude|Jungle Healing|p1a: Zarude
|-heal|p1a: Zarude|91/100 brn
|-curestatus|p1a: Zarude|brn|[msg]
|
|upkeep
|turn|42
|
|t:|1609985674
|switch|p1a: Milotic|Milotic, F|89/100
|-damage|p1a: Milotic|76/100|[from] Stealth Rock
|move|p2a: Noivern|U-turn|p1a: Milotic
|-damage|p1a: Milotic|69/100
|
|t:|1609985691
|switch|p2a: Golurk|Golurk|100/100|[from]move: U-turn
|
|-heal|p1a: Milotic|75/100|[from] item: Leftovers
|upkeep
|turn|43
|
|t:|1609985700
|move|p1a: Milotic|Scald|p2a: Golurk
|-supereffective|p2a: Golurk
|-damage|p2a: Golurk|42/100
|move|p2a: Golurk|Close Combat|p1a: Milotic
|-damage|p1a: Milotic|26/100
|-unboost|p2a: Golurk|def|1
|-unboost|p2a: Golurk|spd|1
|
|-heal|p1a: Milotic|32/100|[from] item: Leftovers
|upkeep
|turn|44
|
|t:|1609985708
|switch|p2a: Seismitoad|Seismitoad, M|78/100
|move|p1a: Milotic|Recover|p1a: Milotic
|-heal|p1a: Milotic|82/100
|
|-heal|p1a: Milotic|88/100|[from] item: Leftovers
|-heal|p2a: Seismitoad|84/100|[from] item: Leftovers
|upkeep
|turn|45
|
|t:|1609985713
|move|p1a: Milotic|Toxic|p2a: Seismitoad|[miss]
|-miss|p1a: Milotic|p2a: Seismitoad
|move|p2a: Seismitoad|Toxic|p1a: Milotic|[miss]
|-miss|p2a: Seismitoad|p1a: Milotic
|
|-heal|p1a: Milotic|94/100|[from] item: Leftovers
|-heal|p2a: Seismitoad|90/100|[from] item: Leftovers
|upkeep
|turn|46
|
|t:|1609985719
|switch|p1a: Togekiss|Togekiss, M|52/100 tox
|switch|p2a: Raikou|Raikou|94/100 tox
|-ability|p2a: Raikou|Pressure
|
|-heal|p2a: Raikou|100/100 tox|[from] item: Leftovers
|-damage|p2a: Raikou|94/100 tox|[from] psn
|-damage|p1a: Togekiss|46/100 tox|[from] psn
|upkeep
|turn|47
|
|t:|1609985725
|switch|p1a: Zarude|Zarude|91/100
|move|p2a: Raikou|Thunderbolt|p1a: Zarude
|-resisted|p1a: Zarude
|-damage|p1a: Zarude|71/100
|
|-heal|p2a: Raikou|100/100 tox|[from] item: Leftovers
|-damage|p2a: Raikou|88/100 tox|[from] psn
|upkeep
|turn|48
|
|t:|1609985738
|switch|p2a: Togekiss|Togekiss, F|88/100
|move|p1a: Zarude|Jungle Healing|p1a: Zarude
|-heal|p1a: Zarude|96/100
|
|upkeep
|turn|49
|
|t:|1609985751
|switch|p1a: Raikou|Raikou|85/100
|-damage|p1a: Raikou|72/100|[from] Stealth Rock
|-ability|p1a: Raikou|Pressure
|move|p2a: Togekiss|Air Slash|p1a: Raikou
|-resisted|p1a: Raikou
|-damage|p1a: Raikou|55/100
|
|-heal|p1a: Raikou|62/100|[from] item: Leftovers
|upkeep
|turn|50
|
|t:|1609985762
|switch|p2a: Golurk|Golurk|42/100
|move|p1a: Raikou|Calm Mind|p1a: Raikou
|-boost|p1a: Raikou|spa|1
|-boost|p1a: Raikou|spd|1
|
|-heal|p1a: Raikou|68/100|[from] item: Leftovers
|upkeep
|turn|51
|
|t:|1609985774
|move|p1a: Raikou|Scald|p2a: Golurk
|-supereffective|p2a: Golurk
|-damage|p2a: Golurk|0 fnt
|faint|p2a: Golurk
|
|-heal|p1a: Raikou|74/100|[from] item: Leftovers
|upkeep
|
|t:|1609985781
|switch|p2a: Seismitoad|Seismitoad, M|90/100
|turn|52
|
|t:|1609985787
|switch|p1a: Zarude|Zarude|96/100
|move|p2a: Seismitoad|Earthquake|p1a: Zarude
|-resisted|p1a: Zarude
|-damage|p1a: Zarude|81/100
|
|-heal|p2a: Seismitoad|96/100|[from] item: Leftovers
|upkeep
|turn|53
|
|t:|1609985796
|switch|p2a: Togekiss|Togekiss, F|88/100
|move|p1a: Zarude|Jungle Healing|p1a: Zarude
|-heal|p1a: Zarude|100/100
|
|upkeep
|turn|54
|
|t:|1609985805
|switch|p1a: Raikou|Raikou|74/100
|-damage|p1a: Raikou|62/100|[from] Stealth Rock
|-ability|p1a: Raikou|Pressure
|move|p2a: Togekiss|Heal Bell|p2a: Togekiss
|-activate|p2a: Togekiss|move: Heal Bell
|-curestatus|p2: Raikou|tox|[msg]
|
|-heal|p1a: Raikou|68/100|[from] item: Leftovers
|upkeep
|turn|55
|
|t:|1609985827
|switch|p2a: Seismitoad|Seismitoad, M|96/100
|move|p1a: Raikou|Aura Sphere|p2a: Seismitoad
|-damage|p2a: Seismitoad|67/100
|
|-heal|p1a: Raikou|74/100|[from] item: Leftovers
|-heal|p2a: Seismitoad|73/100|[from] item: Leftovers
|upkeep
|turn|56
|
|t:|1609985838
|switch|p1a: Togekiss|Togekiss, M|46/100 tox
|move|p2a: Seismitoad|Scald|p1a: Togekiss
|-crit|p1a: Togekiss
|-damage|p1a: Togekiss|19/100 tox
|
|-heal|p2a: Seismitoad|79/100|[from] item: Leftovers
|-damage|p1a: Togekiss|13/100 tox|[from] psn
|upkeep
|turn|57
|c|☆tacobeth|ofc crit
|
|t:|1609985851
|move|p1a: Togekiss|Air Slash|p2a: Seismitoad
|-damage|p2a: Seismitoad|50/100
|cant|p2a: Seismitoad|flinch
|
|-heal|p2a: Seismitoad|56/100|[from] item: Leftovers
|-damage|p1a: Togekiss|0 fnt|[from] psn
|faint|p1a: Togekiss
|upkeep
|
|t:|1609985860
|switch|p1a: Zarude|Zarude|100/100
|turn|58
|
|t:|1609985872
|switch|p2a: Togekiss|Togekiss, F|88/100
|move|p1a: Zarude|U-turn|p2a: Togekiss
|-resisted|p2a: Togekiss
|-damage|p2a: Togekiss|84/100
|
|t:|1609985878
|switch|p1a: Raikou|Raikou|74/100|[from]move: U-turn
|-damage|p1a: Raikou|62/100|[from] Stealth Rock
|-ability|p1a: Raikou|Pressure
|
|-heal|p1a: Raikou|68/100|[from] item: Leftovers
|upkeep
|turn|59
|
|t:|1609985893
|switch|p2a: Noivern|Noivern, M|62/100
|move|p1a: Raikou|Aura Sphere|p2a: Noivern
|-resisted|p2a: Noivern
|-damage|p2a: Noivern|46/100
|
|-heal|p1a: Raikou|74/100|[from] item: Leftovers
|upkeep
|turn|60
|
|t:|1609985903
|switch|p1a: Milotic|Milotic, F|94/100
|-damage|p1a: Milotic|82/100|[from] Stealth Rock
|move|p2a: Noivern|Roost|p2a: Noivern
|-heal|p2a: Noivern|97/100
|-singleturn|p2a: Noivern|move: Roost
|
|-heal|p1a: Milotic|88/100|[from] item: Leftovers
|upkeep
|turn|61
|
|t:|1609985912
|move|p2a: Noivern|U-turn|p1a: Milotic
|-damage|p1a: Milotic|80/100
|
|t:|1609985916
|switch|p2a: Raikou|Raikou|88/100|[from]move: U-turn
|-ability|p2a: Raikou|Pressure
|move|p1a: Milotic|Flip Turn|p2a: Raikou
|-damage|p2a: Raikou|72/100
|
|t:|1609985942
|switch|p1a: Mienshao|Mienshao, F|100/100|[from]move: Flip Turn
|-damage|p1a: Mienshao|95/100|[from] Stealth Rock
|
|-heal|p2a: Raikou|78/100|[from] item: Leftovers
|upkeep
|turn|62
|
|t:|1609985952
|switch|p2a: Seismitoad|Seismitoad, M|56/100
|move|p1a: Mienshao|Close Combat|p2a: Seismitoad
|-damage|p2a: Seismitoad|16/100
|-unboost|p1a: Mienshao|def|1
|-unboost|p1a: Mienshao|spd|1
|
|-heal|p2a: Seismitoad|22/100|[from] item: Leftovers
|upkeep
|turn|63
|
|t:|1609985961
|move|p1a: Mienshao|Close Combat|p2a: Seismitoad
|-damage|p2a: Seismitoad|0 fnt
|-unboost|p1a: Mienshao|def|1
|-unboost|p1a: Mienshao|spd|1
|faint|p2a: Seismitoad
|
|upkeep
|
|t:|1609985969
|switch|p2a: Noivern|Noivern, M|97/100
|turn|64
|
|t:|1609985976
|switch|p1a: Milotic|Milotic, F|80/100
|-damage|p1a: Milotic|68/100|[from] Stealth Rock
|move|p2a: Noivern|Draco Meteor|p1a: Milotic
|-damage|p1a: Milotic|28/100
|-unboost|p2a: Noivern|spa|2
|
|-heal|p1a: Milotic|34/100|[from] item: Leftovers
|upkeep
|turn|65
|
|t:|1609985990
|move|p2a: Noivern|U-turn|p1a: Milotic
|-damage|p1a: Milotic|27/100
|
|t:|1609986002
|switch|p2a: Togekiss|Togekiss, F|84/100|[from]move: U-turn
|move|p1a: Milotic|Flip Turn|p2a: Togekiss
|-damage|p2a: Togekiss|75/100
|
|t:|1609986014
|switch|p1a: Raikou|Raikou|74/100|[from]move: Flip Turn
|-damage|p1a: Raikou|62/100|[from] Stealth Rock
|-ability|p1a: Raikou|Pressure
|
|-heal|p1a: Raikou|68/100|[from] item: Leftovers
|upkeep
|turn|66
|
|t:|1609986024
|switch|p2a: Raikou|Raikou|78/100
|-ability|p2a: Raikou|Pressure
|move|p1a: Raikou|Calm Mind|p1a: Raikou
|-boost|p1a: Raikou|spa|1
|-boost|p1a: Raikou|spd|1
|
|-heal|p1a: Raikou|74/100|[from] item: Leftovers
|-heal|p2a: Raikou|85/100|[from] item: Leftovers
|upkeep
|turn|67
|inactive|tacobeth has 120 seconds left.
|inactive|tacobeth has 90 seconds left.
|
|t:|1609986098
|move|p2a: Raikou|Scald|p1a: Raikou
|-damage|p1a: Raikou|56/100
|move|p1a: Raikou|Aura Sphere|p2a: Raikou
|-damage|p2a: Raikou|46/100
|
|-heal|p1a: Raikou|62/100|[from] item: Leftovers
|-heal|p2a: Raikou|52/100|[from] item: Leftovers
|upkeep
|turn|68
|
|t:|1609986110
|move|p1a: Raikou|Aura Sphere|p2a: Raikou
|-crit|p2a: Raikou
|-damage|p2a: Raikou|0 fnt
|faint|p2a: Raikou
|
|-heal|p1a: Raikou|68/100|[from] item: Leftovers
|upkeep
|-message|Splashinganteater forfeited.
|
|win|tacobeth
|l|☆Splashinganteater
|raw|tacobeth's rating: 1311 &rarr; <strong>1332</strong><br />(+21 for winning)
|raw|Splashinganteater's rating: 1319 &rarr; <strong>1299</strong><br />(-20 for losing)
