|j|☆DeadshotKilla
|j|☆Tintincpajouer
|t:|1629210181
|gametype|singles
|player|p1|DeadshotKilla|red|1410
|player|p2|Tintincpajouer|169|1259
|teamsize|p1|6
|teamsize|p2|6
|gen|8
|tier|[Gen 8] RU
|rated|
|rule|Sleep Clause Mod: Limit one foe put to sleep
|rule|Species Clause: Limit one of each Pokémon
|rule|OHKO Clause: OHKO moves are banned
|rule|Evasion Moves Clause: Evasion moves are banned
|rule|Endless Battle Clause: Forcing endless battles is banned
|rule|HP Percentage Mod: HP is shown in percentages
|rule|Dynamax Clause: You cannot dynamax
|clearpoke
|poke|p1|Lucario, F|
|poke|p1|Mimikyu, F|
|poke|p1|Flygon, M|
|poke|p1|Raikou|
|poke|p1|Metagross|
|poke|p1|Togekiss, M|
|poke|p2|Necrozma|
|poke|p2|Obstagoon, M|
|poke|p2|Mimikyu, F|
|poke|p2|Froslass, F|
|poke|p2|Lucario, F|
|poke|p2|Celebi|
|teampreview
|inactive|Battle timer is ON: inactive players will automatically lose when time's up. (requested by DeadshotKilla)
|
|t:|1629210197
|start
|switch|p1a: Raikou|Raikou|100/100
|switch|p2a: Froslass|Froslass, F|100/100
|-ability|p1a: Raikou|Pressure
|turn|1
|
|t:|1629210212
|move|p1a: Raikou|Thunderbolt|p2a: Froslass
|-damage|p2a: Froslass|27/100
|-start|p1a: Raikou|Disable|Thunderbolt|[from] ability: Cursed Body|[of] p2a: Froslass
|move|p2a: Froslass|Spikes|p1a: Raikou
|-sidestart|p1: DeadshotKilla|Spikes
|
|upkeep
|turn|2
|
|t:|1629210221
|move|p1a: Raikou|Volt Switch|p2a: Froslass
|-damage|p2a: Froslass|0 fnt
|faint|p2a: Froslass
|
|t:|1629210229
|switch|p1a: Flygon|Flygon, M|100/100|[from]move: Volt Switch
|
|upkeep
|
|t:|1629210243
|switch|p2a: Obstagoon|Obstagoon, M|100/100
|turn|3
|
|t:|1629210247
|move|p2a: Obstagoon|Obstruct|p2a: Obstagoon
|-singleturn|p2a: Obstagoon|Protect
|move|p1a: Flygon|U-turn|p2a: Obstagoon
|-activate|p2a: Obstagoon|move: Protect
|-unboost|p1a: Flygon|def|2
|
|-status|p2a: Obstagoon|brn|[from] item: Flame Orb
|upkeep
|turn|4
|
|t:|1629210258
|move|p1a: Flygon|U-turn|p2a: Obstagoon
|-supereffective|p2a: Obstagoon
|-damage|p2a: Obstagoon|61/100 brn
|
|t:|1629210261
|switch|p1a: Togekiss|Togekiss, M|100/100|[from]move: U-turn
|move|p2a: Obstagoon|Knock Off|p1a: Togekiss
|-resisted|p1a: Togekiss
|-damage|p1a: Togekiss|80/100
|-enditem|p1a: Togekiss|Heavy-Duty Boots|[from] move: Knock Off|[of] p2a: Obstagoon
|
|-damage|p2a: Obstagoon|55/100 brn|[from] brn
|upkeep
|turn|5
|
|t:|1629210272
|move|p2a: Obstagoon|Facade|p1a: Togekiss
|-damage|p1a: Togekiss|20/100
|move|p1a: Togekiss|Air Slash|p2a: Obstagoon
|-damage|p2a: Obstagoon|17/100 brn
|
|-damage|p2a: Obstagoon|11/100 brn|[from] brn
|upkeep
|turn|6
|
|t:|1629210287
|move|p2a: Obstagoon|Facade|p1a: Togekiss
|-damage|p1a: Togekiss|0 fnt
|faint|p1a: Togekiss
|
|-damage|p2a: Obstagoon|4/100 brn|[from] brn
|upkeep
|
|t:|1629210290
|switch|p1a: Flygon|Flygon, M|100/100
|turn|7
|
|t:|1629210301
|switch|p2a: Lucario|Lucario, F|100/100
|move|p1a: Flygon|U-turn|p2a: Lucario
|-resisted|p2a: Lucario
|-damage|p2a: Lucario|92/100
|
|t:|1629210303
|switch|p1a: Metagross|Metagross|100/100|[from]move: U-turn
|-damage|p1a: Metagross|88/100|[from] Spikes
|
|-heal|p1a: Metagross|94/100|[from] item: Leftovers
|upkeep
|turn|8
|
|t:|1629210313
|switch|p2a: Celebi|Celebi|100/100
|move|p1a: Metagross|Earthquake|p2a: Celebi
|-resisted|p2a: Celebi
|-damage|p2a: Celebi|81/100
|
|-heal|p1a: Metagross|99/100|[from] item: Leftovers
|upkeep
|turn|9
|
|t:|1629210323
|move|p2a: Celebi|U-turn|p1a: Metagross
|-damage|p1a: Metagross|89/100
|
|t:|1629210329
|switch|p2a: Lucario|Lucario, F|92/100|[from]move: U-turn
|move|p1a: Metagross|Stealth Rock|p2a: Lucario
|-sidestart|p2: Tintincpajouer|move: Stealth Rock
|
|-heal|p1a: Metagross|95/100|[from] item: Leftovers
|upkeep
|turn|10
|
|t:|1629210338
|move|p2a: Lucario|Shadow Ball|p1a: Metagross
|-supereffective|p1a: Metagross
|-damage|p1a: Metagross|35/100
|-damage|p2a: Lucario|82/100|[from] item: Life Orb
|move|p1a: Metagross|Earthquake|p2a: Lucario
|-supereffective|p2a: Lucario
|-damage|p2a: Lucario|0 fnt
|faint|p2a: Lucario
|
|-heal|p1a: Metagross|41/100|[from] item: Leftovers
|upkeep
|
|t:|1629210351
|switch|p2a: Necrozma|Necrozma|100/100
|-damage|p2a: Necrozma|88/100|[from] Stealth Rock
|turn|11
|
|t:|1629210359
|move|p2a: Necrozma|Autotomize|p2a: Necrozma
|-boost|p2a: Necrozma|spe|2
|-start|p2a: Necrozma|Autotomize
|move|p1a: Metagross|Toxic|p2a: Necrozma
|-status|p2a: Necrozma|tox
|
|-heal|p1a: Metagross|47/100|[from] item: Leftovers
|-damage|p2a: Necrozma|82/100 tox|[from] psn
|upkeep
|turn|12
|
|t:|1629210371
|move|p2a: Necrozma|Dark Pulse|p1a: Metagross
|-supereffective|p1a: Metagross
|-crit|p1a: Metagross
|-damage|p1a: Metagross|0 fnt
|faint|p1a: Metagross
|
|-damage|p2a: Necrozma|70/100 tox|[from] psn
|upkeep
|
|t:|1629210379
|switch|p1a: Mimikyu|Mimikyu, F|100/100
|-damage|p1a: Mimikyu|88/100|[from] Spikes
|turn|13
|
|t:|1629210384
|move|p2a: Necrozma|Photon Geyser|p1a: Mimikyu
|-damage|p1a: Mimikyu|15/100
|move|p1a: Mimikyu|Shadow Claw|p2a: Necrozma
|-supereffective|p2a: Necrozma
|-damage|p2a: Necrozma|19/100 tox
|-damage|p1a: Mimikyu|5/100|[from] item: Life Orb
|
|-damage|p2a: Necrozma|1/100 tox|[from] psn
|upkeep
|turn|14
|
|t:|1629210398
|switch|p2a: Obstagoon|Obstagoon, M|4/100 brn
|-damage|p2a: Obstagoon|0 fnt|[from] Stealth Rock
|faint|p2a: Obstagoon
|move|p1a: Mimikyu|Shadow Sneak|p2: Obstagoon|[notarget]
|-fail|p1a: Mimikyu
|
|upkeep
|inactive|Tintincpajouer has 120 seconds left.
|
|t:|1629210423
|switch|p2a: Mimikyu|Mimikyu, F|100/100
|-damage|p2a: Mimikyu|88/100|[from] Stealth Rock
|turn|15
|
|t:|1629210429
|move|p1a: Mimikyu|Shadow Sneak|p2a: Mimikyu
|-activate|p2a: Mimikyu|ability: Disguise
|-damage|p2a: Mimikyu|88/100
|detailschange|p2a: Mimikyu|Mimikyu-Busted, F
|-damage|p2a: Mimikyu|76/100|[from] pokemon: Mimikyu-Busted
|-damage|p1a: Mimikyu|0 fnt|[from] item: Life Orb
|faint|p1a: Mimikyu
|move|p2a: Mimikyu|Swords Dance|p2a: Mimikyu
|-boost|p2a: Mimikyu|atk|2
|
|upkeep
|
|t:|1629210445
|switch|p1a: Raikou|Raikou|100/100
|-ability|p1a: Raikou|Pressure
|turn|16
|
|t:|1629210451
|move|p2a: Mimikyu|Shadow Sneak|p1a: Raikou
|-damage|p1a: Raikou|37/100
|-damage|p2a: Mimikyu|66/100|[from] item: Life Orb
|move|p1a: Raikou|Thunderbolt|p2a: Mimikyu
|-damage|p2a: Mimikyu|7/100
|
|upkeep
|turn|17
|
|t:|1629210461
|switch|p1a: Lucario|Lucario, F|100/100
|-damage|p1a: Lucario|88/100|[from] Spikes
|move|p2a: Mimikyu|Shadow Sneak|p1a: Lucario
|-damage|p1a: Lucario|10/100
|-damage|p2a: Mimikyu|0 fnt|[from] item: Life Orb
|faint|p2a: Mimikyu
|
|upkeep
|
|t:|1629210471
|switch|p2a: Celebi|Celebi|81/100
|-damage|p2a: Celebi|69/100|[from] Stealth Rock
|turn|18
|
|t:|1629210477
|move|p2a: Celebi|Healing Wish|p2a: Celebi
|faint|p2a: Celebi
|move|p1a: Lucario|Flash Cannon|p2: Celebi|[notarget]
|-fail|p1a: Lucario
|
|upkeep
|
|t:|1629210482
|switch|p2a: Necrozma|Necrozma|1/100 tox
|-heal|p2a: Necrozma|100/100|[from] move: Healing Wish
|-damage|p2a: Necrozma|88/100|[from] Stealth Rock
|turn|19
|
|t:|1629210490
|move|p1a: Lucario|Flash Cannon|p2a: Necrozma
|-damage|p2a: Necrozma|33/100
|-damage|p1a: Lucario|0 fnt|[from] item: Life Orb
|faint|p1a: Lucario
|move|p2a: Necrozma|Autotomize|p2a: Necrozma
|-boost|p2a: Necrozma|spe|2
|-start|p2a: Necrozma|Autotomize
|
|upkeep
|
|t:|1629210494
|switch|p1a: Flygon|Flygon, M|100/100
|turn|20
|
|t:|1629210502
|move|p2a: Necrozma|Photon Geyser|p1a: Flygon
|-crit|p1a: Flygon
|-damage|p1a: Flygon|0 fnt
|faint|p1a: Flygon
|
|upkeep
|
|t:|1629210509
|switch|p1a: Raikou|Raikou|37/100
|-ability|p1a: Raikou|Pressure
|turn|21
|c|☆DeadshotKilla|lmfao gg
|
|t:|1629210531
|move|p2a: Necrozma|Photon Geyser|p1a: Raikou
|-damage|p1a: Raikou|0 fnt
|faint|p1a: Raikou
|
|win|Tintincpajouer
|raw|DeadshotKilla's rating: 1410 &rarr; <strong>1382</strong><br />(-28 for losing)
|raw|Tintincpajouer's rating: 1259 &rarr; <strong>1294</strong><br />(+35 for winning)
|l|☆DeadshotKilla
|c|☆Tintincpajouer|Sorry for crit
|c|☆Tintincpajouer|Gg
||Ladder isn't responding, score probably updated but might not have (Request timeout).
