|j|☆Glidinganteater
|j|☆pokebraah
|t:|1619206583
|gametype|singles
|player|p1|Glidinganteater|palmer|1169
|player|p2|pokebraah|266|1252
|teamsize|p1|6
|teamsize|p2|6
|gen|8
|tier|[Gen 8] RU
|rated|
|clearpoke
|poke|p1|Noivern, M|
|poke|p1|Steelix, M|
|poke|p1|Incineroar, M|
|poke|p1|Dhelmise|
|poke|p1|Gardevoir, F|
|poke|p1|Heracross, M|
|poke|p2|Gardevoir, F|
|poke|p2|Dragalge, M|
|poke|p2|Doublade, M|
|poke|p2|Necrozma|
|poke|p2|Incineroar, M|
|poke|p2|Milotic, F|
|rule|Sleep Clause Mod: Limit one foe put to sleep
|rule|Species Clause: Limit one of each Pokémon
|rule|OHKO Clause: OHKO moves are banned
|rule|Evasion Moves Clause: Evasion moves are banned
|rule|Endless Battle Clause: Forcing endless battles is banned
|rule|HP Percentage Mod: HP is shown in percentages
|rule|Dynamax Clause: You cannot dynamax
|teampreview
|inactive|Battle timer is ON: inactive players will automatically lose when time's up. (requested by pokebraah)
|
|t:|1619206610
|start
|switch|p1a: Incineroar|Incineroar, M|100/100
|switch|p2a: Dragalge|Dragalge, M|100/100
|-ability|p1a: Incineroar|Intimidate|boost
|-unboost|p2a: Dragalge|atk|1
|-enditem|p2a: Dragalge|Eject Pack
|
|t:|1619206626
|switch|p2a: Gardevoir|Gardevoir, F|100/100
|-ability|p2a: Gardevoir|Intimidate|[from] ability: Trace|[of] p1a: Incineroar
|-ability|p2a: Gardevoir|Intimidate|boost
|-unboost|p1a: Incineroar|atk|1
|turn|1
|
|t:|1619206637
|move|p2a: Gardevoir|Moonblast|p1a: Incineroar
|-damage|p1a: Incineroar|50/100
|-unboost|p1a: Incineroar|spa|1
|move|p1a: Incineroar|Knock Off|p2a: Gardevoir
|-damage|p2a: Gardevoir|56/100
|-enditem|p2a: Gardevoir|Choice Specs|[from] move: Knock Off|[of] p1a: Incineroar
|
|upkeep
|turn|2
|
|t:|1619206651
|switch|p2a: Necrozma|Necrozma|100/100
|move|p1a: Incineroar|Parting Shot|p2a: Necrozma
|-unboost|p2a: Necrozma|atk|1
|-unboost|p2a: Necrozma|spa|1
|
|t:|1619206655
|switch|p1a: Steelix|Steelix, M|100/100|[from]move: Parting Shot
|
|upkeep
|turn|3
|
|t:|1619206658
|move|p2a: Necrozma|Heat Wave|p1a: Steelix
|-supereffective|p1a: Steelix
|-damage|p1a: Steelix|60/100
|-status|p1a: Steelix|brn
|move|p1a: Steelix|Toxic|p2a: Necrozma
|-status|p2a: Necrozma|tox
|
|-heal|p1a: Steelix|67/100 brn|[from] item: Leftovers
|-damage|p2a: Necrozma|95/100 tox|[from] psn
|-damage|p1a: Steelix|60/100 brn|[from] brn
|upkeep
|turn|4
|
|t:|1619206665
|switch|p1a: Incineroar|Incineroar, M|50/100
|-ability|p1a: Incineroar|Intimidate|boost
|-unboost|p2a: Necrozma|atk|1
|move|p2a: Necrozma|Stealth Rock|p1a: Incineroar
|-sidestart|p1: Glidinganteater|move: Stealth Rock
|
|-heal|p2a: Necrozma|100/100 tox|[from] item: Leftovers
|-damage|p2a: Necrozma|89/100 tox|[from] psn
|upkeep
|turn|5
|
|t:|1619206675
|switch|p2a: Dragalge|Dragalge, M|100/100
|move|p1a: Incineroar|Knock Off|p2a: Dragalge
|-damage|p2a: Dragalge|74/100
|
|upkeep
|turn|6
|
|t:|1619206684
|move|p1a: Incineroar|Parting Shot|p2a: Dragalge
|-unboost|p2a: Dragalge|atk|1
|-unboost|p2a: Dragalge|spa|1
|
|t:|1619206688
|switch|p1a: Steelix|Steelix, M|60/100 brn|[from]move: Parting Shot
|-damage|p1a: Steelix|57/100 brn|[from] Stealth Rock
|move|p2a: Dragalge|Toxic Spikes|p1a: Steelix
|-sidestart|p1: Glidinganteater|move: Toxic Spikes
|
|-heal|p1a: Steelix|63/100 brn|[from] item: Leftovers
|-damage|p1a: Steelix|57/100 brn|[from] brn
|upkeep
|turn|7
|
|t:|1619206693
|move|p2a: Dragalge|Hydro Pump|p1a: Steelix
|-supereffective|p1a: Steelix
|-damage|p1a: Steelix|14/100 brn
|move|p1a: Steelix|Stealth Rock|p2a: Dragalge
|-sidestart|p2: pokebraah|move: Stealth Rock
|
|-heal|p1a: Steelix|21/100 brn|[from] item: Leftovers
|-damage|p1a: Steelix|14/100 brn|[from] brn
|upkeep
|turn|8
|
|t:|1619206701
|move|p2a: Dragalge|Flip Turn|p1a: Steelix
|-supereffective|p1a: Steelix
|-damage|p1a: Steelix|6/100 brn
|
|t:|1619206704
|switch|p2a: Incineroar|Incineroar, M|100/100|[from]move: Flip Turn
|-ability|p2a: Incineroar|Intimidate|boost
|-unboost|p1a: Steelix|atk|1
|move|p1a: Steelix|Earthquake|p2a: Incineroar
|-supereffective|p2a: Incineroar
|-damage|p2a: Incineroar|86/100
|
|-heal|p1a: Steelix|13/100 brn|[from] item: Leftovers
|-damage|p1a: Steelix|6/100 brn|[from] brn
|upkeep
|turn|9
|
|t:|1619206713
|move|p2a: Incineroar|Knock Off|p1a: Steelix
|-damage|p1a: Steelix|0 fnt
|-enditem|p1a: Steelix|Leftovers|[from] move: Knock Off|[of] p2a: Incineroar
|faint|p1a: Steelix
|
|upkeep
|
|t:|1619206720
|switch|p1a: Heracross|Heracross, M|100/100
|-damage|p1a: Heracross|88/100|[from] Stealth Rock
|-status|p1a: Heracross|psn
|turn|10
|
|t:|1619206729
|move|p1a: Heracross|Close Combat|p2a: Incineroar
|-supereffective|p2a: Incineroar
|-damage|p2a: Incineroar|0 fnt
|-unboost|p1a: Heracross|def|1
|-unboost|p1a: Heracross|spd|1
|faint|p2a: Incineroar
|
|-damage|p1a: Heracross|76/100 psn|[from] psn
|upkeep
|
|t:|1619206736
|switch|p2a: Doublade|Doublade, M|100/100
|-damage|p2a: Doublade|94/100|[from] Stealth Rock
|turn|11
|
|t:|1619206745
|move|p1a: Heracross|Knock Off|p2a: Doublade
|-supereffective|p2a: Doublade
|-damage|p2a: Doublade|45/100
|-enditem|p2a: Doublade|Eviolite|[from] move: Knock Off|[of] p1a: Heracross
|move|p2a: Doublade|Swords Dance|p2a: Doublade
|-boost|p2a: Doublade|atk|2
|
|-damage|p1a: Heracross|64/100 psn|[from] psn
|upkeep
|turn|12
|
|t:|1619206752
|move|p2a: Doublade|Shadow Sneak|p1a: Heracross
|-damage|p1a: Heracross|0 fnt
|faint|p1a: Heracross
|
|upkeep
|
|t:|1619206755
|switch|p1a: Noivern|Noivern, M|100/100
|turn|13
|
|t:|1619206760
|move|p2a: Doublade|Shadow Sneak|p1a: Noivern
|-damage|p1a: Noivern|51/100
|move|p1a: Noivern|Flamethrower|p2a: Doublade
|-supereffective|p2a: Doublade
|-damage|p2a: Doublade|0 fnt
|faint|p2a: Doublade
|
|upkeep
|
|t:|1619206769
|switch|p2a: Gardevoir|Gardevoir, F|56/100
|-damage|p2a: Gardevoir|44/100|[from] Stealth Rock
|-ability|p2a: Gardevoir|Infiltrator|[from] ability: Trace|[of] p1a: Noivern
|turn|14
|
|t:|1619206775
|move|p1a: Noivern|U-turn|p2a: Gardevoir
|-damage|p2a: Gardevoir|24/100
|
|t:|1619206783
|switch|p1a: Incineroar|Incineroar, M|50/100|[from]move: U-turn
|-ability|p1a: Incineroar|Intimidate|boost
|-unboost|p2a: Gardevoir|atk|1
|move|p2a: Gardevoir|Moonblast|p1a: Incineroar
|-damage|p1a: Incineroar|15/100
|
|upkeep
|turn|15
|
|t:|1619206810
|move|p2a: Gardevoir|Moonblast|p1a: Incineroar
|-damage|p1a: Incineroar|0 fnt
|faint|p1a: Incineroar
|
|upkeep
|
|t:|1619206826
|switch|p1a: Noivern|Noivern, M|51/100
|turn|16
|
|t:|1619206833
|move|p1a: Noivern|Flamethrower|p2a: Gardevoir
|-damage|p2a: Gardevoir|0 fnt
|faint|p2a: Gardevoir
|
|upkeep
|
|t:|1619206837
|switch|p2a: Milotic|Milotic, F|100/100
|-damage|p2a: Milotic|88/100|[from] Stealth Rock
|turn|17
|
|t:|1619206841
|move|p1a: Noivern|U-turn|p2a: Milotic
|-damage|p2a: Milotic|77/100
|
|t:|1619206844
|switch|p1a: Dhelmise|Dhelmise|100/100|[from]move: U-turn
|move|p2a: Milotic|Ice Beam|p1a: Dhelmise
|-supereffective|p1a: Dhelmise
|-damage|p1a: Dhelmise|54/100
|
|-heal|p2a: Milotic|83/100|[from] item: Leftovers
|upkeep
|turn|18
|
|t:|1619206863
|move|p2a: Milotic|Flip Turn|p1a: Dhelmise
|-resisted|p1a: Dhelmise
|-damage|p1a: Dhelmise|47/100
|
|t:|1619206867
|switch|p2a: Dragalge|Dragalge, M|74/100|[from]move: Flip Turn
|-damage|p2a: Dragalge|61/100|[from] Stealth Rock
|move|p1a: Dhelmise|Rapid Spin|p2a: Dragalge
|-crit|p2a: Dragalge
|-damage|p2a: Dragalge|27/100
|-boost|p1a: Dhelmise|spe|1
|-sideend|p1: Glidinganteater|Toxic Spikes|[from] move: Rapid Spin|[of] p1a: Dhelmise
|-sideend|p1: Glidinganteater|Stealth Rock|[from] move: Rapid Spin|[of] p1a: Dhelmise
|
|upkeep
|turn|19
|inactive|Glidinganteater has 120 seconds left.
|
|t:|1619206915
|move|p1a: Dhelmise|Synthesis|p1a: Dhelmise
|-heal|p1a: Dhelmise|97/100
|move|p2a: Dragalge|Draco Meteor|p1a: Dhelmise
|-damage|p1a: Dhelmise|0 fnt
|-unboost|p2a: Dragalge|spa|2
|faint|p1a: Dhelmise
|
|upkeep
|
|t:|1619206930
|switch|p1a: Noivern|Noivern, M|51/100
|turn|20
|
|t:|1619206936
|move|p1a: Noivern|Draco Meteor|p2a: Dragalge
|-supereffective|p2a: Dragalge
|-damage|p2a: Dragalge|0 fnt
|-unboost|p1a: Noivern|spa|2
|faint|p2a: Dragalge
|
|upkeep
|
|t:|1619206938
|switch|p2a: Milotic|Milotic, F|83/100
|-damage|p2a: Milotic|70/100|[from] Stealth Rock
|turn|21
|
|t:|1619206942
|move|p1a: Noivern|U-turn|p2a: Milotic
|-damage|p2a: Milotic|60/100
|
|t:|1619206945
|switch|p1a: Gardevoir|Gardevoir, F, shiny|100/100|[from]move: U-turn
|move|p2a: Milotic|Ice Beam|p1a: Gardevoir
|-damage|p1a: Gardevoir|79/100
|
|-heal|p2a: Milotic|66/100|[from] item: Leftovers
|upkeep
|turn|22
|
|t:|1619206949
|move|p1a: Gardevoir|Trick|p2a: Milotic
|-activate|p1a: Gardevoir|move: Trick|[of] p2a: Milotic
|-item|p2a: Milotic|Choice Scarf|[from] move: Trick
|-item|p1a: Gardevoir|Leftovers|[from] move: Trick
|move|p2a: Milotic|Recover|p2a: Milotic
|-heal|p2a: Milotic|100/100
|
|-heal|p1a: Gardevoir|85/100|[from] item: Leftovers
|upkeep
|turn|23
|
|t:|1619206956
|switch|p2a: Necrozma|Necrozma|89/100 tox
|-damage|p2a: Necrozma|76/100 tox|[from] Stealth Rock
|move|p1a: Gardevoir|Moonblast|p2a: Necrozma
|-damage|p2a: Necrozma|24/100 tox
|
|-heal|p1a: Gardevoir|91/100|[from] item: Leftovers
|-heal|p2a: Necrozma|30/100 tox|[from] item: Leftovers
|-damage|p2a: Necrozma|24/100 tox|[from] psn
|upkeep
|turn|24
|
|t:|1619206963
|move|p1a: Gardevoir|Moonblast|p2a: Necrozma
|-crit|p2a: Necrozma
|-damage|p2a: Necrozma|0 fnt
|faint|p2a: Necrozma
|
|-heal|p1a: Gardevoir|97/100|[from] item: Leftovers
|upkeep
|
|t:|1619206965
|switch|p2a: Milotic|Milotic, F|100/100
|-damage|p2a: Milotic|88/100|[from] Stealth Rock
|turn|25
|
|t:|1619206970
|move|p1a: Gardevoir|Moonblast|p2a: Milotic
|-damage|p2a: Milotic|60/100
|move|p2a: Milotic|Ice Beam|p1a: Gardevoir
|-crit|p1a: Gardevoir
|-damage|p1a: Gardevoir|64/100
|
|-heal|p1a: Gardevoir|70/100|[from] item: Leftovers
|upkeep
|turn|26
|
|t:|1619206975
|move|p1a: Gardevoir|Moonblast|p2a: Milotic
|-damage|p2a: Milotic|34/100
|-unboost|p2a: Milotic|spa|1
|move|p2a: Milotic|Ice Beam|p1a: Gardevoir
|-damage|p1a: Gardevoir|53/100
|-status|p1a: Gardevoir|frz
|
|-heal|p1a: Gardevoir|59/100 frz|[from] item: Leftovers
|upkeep
|turn|27
|c|☆pokebraah|gg
|
|t:|1619206986
|cant|p1a: Gardevoir|frz
|move|p2a: Milotic|Ice Beam|p1a: Gardevoir
|-damage|p1a: Gardevoir|45/100 frz
|
|-heal|p1a: Gardevoir|51/100 frz|[from] item: Leftovers
|upkeep
|turn|28
|
|t:|1619206997
|cant|p1a: Gardevoir|frz
|move|p2a: Milotic|Ice Beam|p1a: Gardevoir
|-damage|p1a: Gardevoir|37/100 frz
|
|-heal|p1a: Gardevoir|43/100 frz|[from] item: Leftovers
|upkeep
|turn|29
|
|t:|1619207016
|-curestatus|p1a: Gardevoir|frz|[msg]
|move|p1a: Gardevoir|Moonblast|p2a: Milotic
|-crit|p2a: Milotic
|-damage|p2a: Milotic|0 fnt
|faint|p2a: Milotic
|
|win|Glidinganteater
|raw|Glidinganteater's rating: 1169 &rarr; <strong>1200</strong><br />(+31 for winning)
|raw|pokebraah's rating: 1252 &rarr; <strong>1221</strong><br />(-31 for losing)
|l|☆pokebraah
