|j|☆Blue.Moon.Cheese
|j|☆vinicius_vicente
|player|p1|Blue.Moon.Cheese|lusamine-nihilego|1395
|player|p2|vinicius_vicente|137|1198
|teamsize|p1|6
|teamsize|p2|6
|gametype|singles
|gen|8
|tier|[Gen 8] RU
|rated|
|clearpoke
|poke|p1|Vespiquen, F|
|poke|p1|Steelix, F|
|poke|p1|Jellicent, F|
|poke|p1|Quagsire, M|
|poke|p1|Vileplume, M|
|poke|p1|Bewear, M|
|poke|p2|Flapple, M|
|poke|p2|Froslass, F|
|poke|p2|Snorlax, M|
|poke|p2|Aromatisse, F|
|poke|p2|Gallade, M|
|poke|p2|Butterfree, F|
|rule|Sleep Clause Mod: Limit one foe put to sleep
|rule|Species Clause: Limit one of each Pokémon
|rule|OHKO Clause: OHKO moves are banned
|rule|Evasion Moves Clause: Evasion moves are banned
|rule|Endless Battle Clause: Forcing endless battles is banned
|rule|HP Percentage Mod: HP is shown in percentages
|rule|Dynamax Clause: You cannot dynamax
|teampreview
|inactive|Battle timer is ON: inactive players will automatically lose when time's up. (requested by Blue.Moon.Cheese)
|
|start
|switch|p1a: Steelix|Steelix, F|100/100
|switch|p2a: Butterfree|Butterfree, F|100/100
|turn|1
|
|move|p2a: Butterfree|Sleep Powder|p1a: Steelix
|-status|p1a: Steelix|slp|[from] move: Sleep Powder
|cant|p1a: Steelix|slp
|
|upkeep
|turn|2
|
|switch|p2a: Gallade|Gallade, M|100/100
|switch|p1a: Vileplume|Vileplume, M|100/100
|
|upkeep
|turn|3
|
|move|p2a: Gallade|Psycho Cut|p1a: Vileplume
|-supereffective|p1a: Vileplume
|-damage|p1a: Vileplume|0 fnt
|-damage|p2a: Gallade|91/100|[from] item: Life Orb
|faint|p1a: Vileplume
|
|upkeep
|
|switch|p1a: Quagsire|Quagsire, M|100/100
|turn|4
|
|switch|p2a: Flapple|Flapple, M|100/100
|move|p1a: Quagsire|Toxic|p2a: Flapple
|-status|p2a: Flapple|tox
|
|-damage|p2a: Flapple|94/100 tox|[from] psn
|upkeep
|turn|5
|
|switch|p1a: Steelix|Steelix, F|100/100 slp
|move|p2a: Flapple|Dragon Dance|p2a: Flapple
|-boost|p2a: Flapple|atk|1
|-boost|p2a: Flapple|spe|1
|
|-damage|p2a: Flapple|82/100 tox|[from] psn
|upkeep
|turn|6
|
|move|p2a: Flapple|Grav Apple|p1a: Steelix
|-damage|p1a: Steelix|65/100 slp
|-unboost|p1a: Steelix|def|1
|cant|p1a: Steelix|slp
|
|-heal|p1a: Steelix|71/100 slp|[from] item: Leftovers
|-damage|p2a: Flapple|64/100 tox|[from] psn
|upkeep
|turn|7
|
|move|p2a: Flapple|Grav Apple|p1a: Steelix
|-crit|p1a: Steelix
|-damage|p1a: Steelix|0 fnt
|faint|p1a: Steelix
|
|-damage|p2a: Flapple|40/100 tox|[from] psn
|upkeep
|
|switch|p1a: Bewear|Bewear, M|100/100
|turn|8
|
|switch|p2a: Aromatisse|Aromatisse, F|100/100
|move|p1a: Bewear|Drain Punch|p2a: Aromatisse
|-resisted|p2a: Aromatisse
|-damage|p2a: Aromatisse|85/100
|
|-heal|p2a: Aromatisse|91/100|[from] item: Leftovers
|upkeep
|turn|9
|
|switch|p1a: Vespiquen|Vespiquen, F|100/100
|-ability|p1a: Vespiquen|Pressure
|move|p2a: Aromatisse|Wish|p2a: Aromatisse
|
|-heal|p2a: Aromatisse|97/100|[from] item: Leftovers
|upkeep
|turn|10
|
|switch|p2a: Flapple|Flapple, M|40/100 tox
|move|p1a: Vespiquen|Toxic|p2a: Flapple
|-fail|p2a: Flapple|tox
|
|-heal|p2a: Flapple|100/100 tox|[from] move: Wish|[wisher] Aromatisse
|-damage|p2a: Flapple|94/100 tox|[from] psn
|upkeep
|turn|11
|
|switch|p2a: Froslass|Froslass, F|100/100
|switch|p1a: Bewear|Bewear, M|100/100
|
|upkeep
|turn|12
|
|move|p2a: Froslass|Will-O-Wisp|p1a: Bewear
|-status|p1a: Bewear|brn
|move|p1a: Bewear|Darkest Lariat|p2a: Froslass
|-supereffective|p2a: Froslass
|-damage|p2a: Froslass|50/100
|
|-damage|p1a: Bewear|94/100 brn|[from] brn
|upkeep
|turn|13
|
|switch|p2a: Aromatisse|Aromatisse, F|97/100
|switch|p1a: Vespiquen|Vespiquen, F|100/100
|-ability|p1a: Vespiquen|Pressure
|
|-heal|p2a: Aromatisse|100/100|[from] item: Leftovers
|upkeep
|turn|14
|
|move|p1a: Vespiquen|Aromatherapy|p1a: Vespiquen
|-activate|p1a: Vespiquen|move: Aromatherapy
|-curestatus|p1: Bewear|brn|[msg]
|move|p2a: Aromatisse|Dazzling Gleam|p1a: Vespiquen
|-damage|p1a: Vespiquen|78/100
|
|upkeep
|turn|15
|
|switch|p1a: Jellicent|Jellicent, F|100/100
|move|p2a: Aromatisse|Dazzling Gleam|p1a: Jellicent
|-damage|p1a: Jellicent|85/100
|
|-heal|p1a: Jellicent|91/100|[from] item: Leftovers
|upkeep
|turn|16
|
|switch|p2a: Flapple|Flapple, M|94/100 tox
|move|p1a: Jellicent|Scald|p2a: Flapple
|-resisted|p2a: Flapple
|-damage|p2a: Flapple|84/100 tox
|
|-heal|p1a: Jellicent|97/100|[from] item: Leftovers
|-damage|p2a: Flapple|78/100 tox|[from] psn
|upkeep
|turn|17
|
|switch|p2a: Froslass|Froslass, F|50/100
|switch|p1a: Bewear|Bewear, M|94/100
|
|-heal|p1a: Bewear|100/100|[from] item: Leftovers
|upkeep
|turn|18
|
|switch|p1a: Vespiquen|Vespiquen, F|78/100
|-ability|p1a: Vespiquen|Pressure
|move|p2a: Froslass|Destiny Bond|p2a: Froslass
|-singlemove|p2a: Froslass|Destiny Bond
|
|upkeep
|turn|19
|
|move|p2a: Froslass|Icy Wind|p1a: Vespiquen
|-supereffective|p1a: Vespiquen
|-damage|p1a: Vespiquen|48/100
|-unboost|p1a: Vespiquen|spe|1
|move|p1a: Vespiquen|Toxic|p2a: Froslass
|-status|p2a: Froslass|tox
|
|-damage|p2a: Froslass|44/100 tox|[from] psn
|upkeep
|turn|20
|
|move|p2a: Froslass|Icy Wind|p1a: Vespiquen
|-supereffective|p1a: Vespiquen
|-damage|p1a: Vespiquen|15/100
|-unboost|p1a: Vespiquen|spe|1
|move|p1a: Vespiquen|Roost|p1a: Vespiquen
|-heal|p1a: Vespiquen|65/100
|-singleturn|p1a: Vespiquen|move: Roost
|
|-damage|p2a: Froslass|32/100 tox|[from] psn
|upkeep
|turn|21
|
|switch|p2a: Butterfree|Butterfree, F|100/100
|move|p1a: Vespiquen|Roost|p1a: Vespiquen
|-heal|p1a: Vespiquen|100/100
|-singleturn|p1a: Vespiquen|move: Roost
|
|upkeep
|turn|22
|
|switch|p1a: Jellicent|Jellicent, F|97/100
|move|p2a: Butterfree|Sleep Powder|p1a: Jellicent
|-status|p1a: Jellicent|slp|[from] move: Sleep Powder
|
|-heal|p1a: Jellicent|100/100 slp|[from] item: Leftovers
|upkeep
|turn|23
|
|switch|p1a: Vespiquen|Vespiquen, F|100/100
|-ability|p1a: Vespiquen|Pressure
|move|p2a: Butterfree|Quiver Dance|p2a: Butterfree
|-boost|p2a: Butterfree|spa|1
|-boost|p2a: Butterfree|spd|1
|-boost|p2a: Butterfree|spe|1
|
|upkeep
|turn|24
|
|move|p2a: Butterfree|Hurricane|p1a: Vespiquen
|-supereffective|p1a: Vespiquen
|-damage|p1a: Vespiquen|0 fnt
|faint|p1a: Vespiquen
|
|upkeep
|
|switch|p1a: Quagsire|Quagsire, M|100/100
|turn|25
|
|move|p2a: Butterfree|Energy Ball|p1a: Quagsire
|-supereffective|p1a: Quagsire
|-damage|p1a: Quagsire|0 fnt
|faint|p1a: Quagsire
|
|upkeep
|-message|Blue.Moon.Cheese forfeited.
|
|win|vinicius_vicente
|l|☆Blue.Moon.Cheese
