|j|☆Artemis_V13
|j|☆ijuyhghyguh
|player|p1|Artemis_V13|juan|1448
|player|p2|ijuyhghyguh|2|1233
|teamsize|p1|6
|teamsize|p2|6
|gametype|singles
|gen|8
|tier|[Gen 8] RU
|rated|
|clearpoke
|poke|p1|Appletun, F|
|poke|p1|Jellicent, M|
|poke|p1|Dhelmise|
|poke|p1|Toxicroak, F|
|poke|p1|Stunfisk-Galar, F|
|poke|p1|Slurpuff, F|
|poke|p2|Mantine, F|
|poke|p2|Rotom|
|poke|p2|Perrserker, M|
|poke|p2|Flareon, F|
|poke|p2|Mudsdale, M|
|poke|p2|Hitmontop, M|
|rule|Sleep Clause Mod: Limit one foe put to sleep
|rule|Species Clause: Limit one of each Pokémon
|rule|OHKO Clause: OHKO moves are banned
|rule|Evasion Moves Clause: Evasion moves are banned
|rule|Endless Battle Clause: Forcing endless battles is banned
|rule|HP Percentage Mod: HP is shown in percentages
|rule|Dynamax Clause: You cannot dynamax
|teampreview
|inactive|Battle timer is ON: inactive players will automatically lose when time's up. (requested by ijuyhghyguh)
|inactive|Artemis_V13 has 120 seconds left.
|
|start
|switch|p1a: Stunfisk|Stunfisk-Galar, F|100/100
|switch|p2a: Perrserker|Perrserker, M|100/100
|turn|1
|
|move|p2a: Perrserker|Fake Out|p1a: Stunfisk
|-resisted|p1a: Stunfisk
|-damage|p1a: Stunfisk|93/100
|cant|p1a: Stunfisk|flinch
|
|-heal|p1a: Stunfisk|99/100|[from] item: Leftovers
|upkeep
|turn|2
|
|move|p2a: Perrserker|U-turn|p1a: Stunfisk
|-resisted|p1a: Stunfisk
|-damage|p1a: Stunfisk|86/100
|
|switch|p2a: Mudsdale|Mudsdale, M|100/100|[from]move: U-turn
|move|p1a: Stunfisk|Stealth Rock|p2a: Mudsdale
|-sidestart|p2: ijuyhghyguh|move: Stealth Rock
|
|-heal|p1a: Stunfisk|92/100|[from] item: Leftovers
|upkeep
|turn|3
|
|switch|p1a: Dhelmise|Dhelmise|100/100
|move|p2a: Mudsdale|Stealth Rock|p1a: Dhelmise
|-sidestart|p1: Artemis_V13|move: Stealth Rock
|
|upkeep
|turn|4
|
|move|p1a: Dhelmise|Rapid Spin|p2a: Mudsdale
|-damage|p2a: Mudsdale|81/100
|-boost|p1a: Dhelmise|spe|1
|-ability|p2a: Mudsdale|Stamina|boost
|-boost|p2a: Mudsdale|def|1
|-sideend|p1: Artemis_V13|Stealth Rock|[from] move: Rapid Spin|[of] p1a: Dhelmise
|move|p2a: Mudsdale|Toxic|p1a: Dhelmise
|-status|p1a: Dhelmise|tox
|
|-heal|p2a: Mudsdale|87/100|[from] item: Leftovers
|-damage|p1a: Dhelmise|94/100 tox|[from] psn
|upkeep
|turn|5
|
|switch|p1a: Appletun|Appletun, F|100/100
|move|p2a: Mudsdale|Protect||[still]
|-fail|p2a: Mudsdale
|
|-heal|p2a: Mudsdale|93/100|[from] item: Leftovers
|upkeep
|turn|6
|
|move|p2a: Mudsdale|Stealth Rock|p1a: Appletun
|-sidestart|p1: Artemis_V13|move: Stealth Rock
|move|p1a: Appletun|Apple Acid|p2a: Mudsdale
|-supereffective|p2a: Mudsdale
|-damage|p2a: Mudsdale|43/100
|-unboost|p2a: Mudsdale|spd|1
|-ability|p2a: Mudsdale|Stamina|boost
|-boost|p2a: Mudsdale|def|1
|
|-heal|p2a: Mudsdale|49/100|[from] item: Leftovers
|upkeep
|turn|7
|
|move|p2a: Mudsdale|Protect|p2a: Mudsdale
|-singleturn|p2a: Mudsdale|Protect
|move|p1a: Appletun|Apple Acid|p2a: Mudsdale
|-activate|p2a: Mudsdale|move: Protect
|
|-heal|p2a: Mudsdale|55/100|[from] item: Leftovers
|upkeep
|turn|8
|
|switch|p2a: Flareon|Flareon, F|100/100
|move|p1a: Appletun|Apple Acid|p2a: Flareon
|-resisted|p2a: Flareon
|-damage|p2a: Flareon|90/100
|-unboost|p2a: Flareon|spd|1
|
|upkeep
|turn|9
|
|switch|p1a: Jellicent|Jellicent, M|100/100
|-damage|p1a: Jellicent|88/100|[from] Stealth Rock
|move|p2a: Flareon|Toxic|p1a: Jellicent
|-status|p1a: Jellicent|tox
|
|-heal|p1a: Jellicent|94/100 tox|[from] item: Leftovers
|-damage|p1a: Jellicent|88/100 tox|[from] psn
|upkeep
|turn|10
|
|move|p2a: Flareon|Protect|p2a: Flareon
|-singleturn|p2a: Flareon|Protect
|move|p1a: Jellicent|Will-O-Wisp|p2a: Flareon
|-activate|p2a: Flareon|move: Protect
|
|-heal|p1a: Jellicent|94/100 tox|[from] item: Leftovers
|-damage|p1a: Jellicent|82/100 tox|[from] psn
|upkeep
|turn|11
|
|switch|p1a: Appletun|Appletun, F|100/100
|-damage|p1a: Appletun|88/100|[from] Stealth Rock
|switch|p2a: Mantine|Mantine, F|100/100
|
|-heal|p1a: Appletun|94/100|[from] item: Leftovers
|upkeep
|turn|12
|
|move|p2a: Mantine|Toxic|p1a: Appletun
|-status|p1a: Appletun|tox
|move|p1a: Appletun|Leech Seed|p2a: Mantine
|-start|p2a: Mantine|move: Leech Seed
|
|-heal|p1a: Appletun|99/100 tox|[from] item: Leftovers
|-damage|p2a: Mantine|88/100|[from] Leech Seed|[of] p1a: Appletun
|-heal|p1a: Appletun|100/100 tox|[silent]
|-damage|p1a: Appletun|94/100 tox|[from] psn
|upkeep
|turn|13
|
|switch|p2a: Flareon|Flareon, F|90/100
|switch|p1a: Stunfisk|Stunfisk-Galar, F|92/100
|-damage|p1a: Stunfisk|89/100|[from] Stealth Rock
|
|-heal|p1a: Stunfisk|96/100|[from] item: Leftovers
|upkeep
|turn|14
|
|switch|p2a: Mudsdale|Mudsdale, M|55/100
|-damage|p2a: Mudsdale|49/100|[from] Stealth Rock
|move|p1a: Stunfisk|Earthquake|p2a: Mudsdale
|-damage|p2a: Mudsdale|31/100
|-ability|p2a: Mudsdale|Stamina|boost
|-boost|p2a: Mudsdale|def|1
|
|-heal|p2a: Mudsdale|37/100|[from] item: Leftovers
|-heal|p1a: Stunfisk|100/100|[from] item: Leftovers
|upkeep
|turn|15
|
|switch|p1a: Appletun|Appletun, F|94/100 tox
|-damage|p1a: Appletun|82/100 tox|[from] Stealth Rock
|move|p2a: Mudsdale|Earthquake|p1a: Appletun
|-resisted|p1a: Appletun
|-damage|p1a: Appletun|69/100 tox
|
|-heal|p2a: Mudsdale|43/100|[from] item: Leftovers
|-heal|p1a: Appletun|75/100 tox|[from] item: Leftovers
|-damage|p1a: Appletun|69/100 tox|[from] psn
|upkeep
|turn|16
|
|move|p2a: Mudsdale|Protect|p2a: Mudsdale
|-singleturn|p2a: Mudsdale|Protect
|move|p1a: Appletun|Recover|p1a: Appletun
|-heal|p1a: Appletun|100/100 tox
|
|-heal|p2a: Mudsdale|50/100|[from] item: Leftovers
|-damage|p1a: Appletun|88/100 tox|[from] psn
|upkeep
|turn|17
|
|switch|p2a: Flareon|Flareon, F|90/100
|move|p1a: Appletun|Apple Acid|p2a: Flareon
|-resisted|p2a: Flareon
|-damage|p2a: Flareon|81/100
|-unboost|p2a: Flareon|spd|1
|
|-heal|p1a: Appletun|94/100 tox|[from] item: Leftovers
|-damage|p1a: Appletun|76/100 tox|[from] psn
|upkeep
|turn|18
|
|switch|p1a: Jellicent|Jellicent, M|82/100 tox
|-damage|p1a: Jellicent|70/100 tox|[from] Stealth Rock
|move|p2a: Flareon|Wish|p2a: Flareon
|
|-heal|p1a: Jellicent|76/100 tox|[from] item: Leftovers
|-damage|p1a: Jellicent|70/100 tox|[from] psn
|upkeep
|turn|19
|
|switch|p2a: Mantine|Mantine, F|88/100
|move|p1a: Jellicent|Will-O-Wisp|p2a: Mantine
|-status|p2a: Mantine|brn
|
|-heal|p2a: Mantine|100/100 brn|[from] move: Wish|[wisher] Flareon
|-heal|p1a: Jellicent|76/100 tox|[from] item: Leftovers
|-damage|p2a: Mantine|94/100 brn|[from] brn
|-damage|p1a: Jellicent|63/100 tox|[from] psn
|upkeep
|turn|20
|
|move|p2a: Mantine|Roost|p2a: Mantine
|-heal|p2a: Mantine|100/100 brn
|-singleturn|p2a: Mantine|move: Roost
|move|p1a: Jellicent|Recover|p1a: Jellicent
|-heal|p1a: Jellicent|100/100 tox
|
|-damage|p2a: Mantine|94/100 brn|[from] brn
|-damage|p1a: Jellicent|82/100 tox|[from] psn
|upkeep
|turn|21
|
|switch|p1a: Appletun|Appletun, F|76/100 tox
|-damage|p1a: Appletun|63/100 tox|[from] Stealth Rock
|move|p2a: Mantine|Defog|p1a: Appletun
|-unboost|p1a: Appletun|evasion|1
|-sideend|p1: Artemis_V13|Stealth Rock|[from] move: Defog|[of] p2a: Mantine
|-sideend|p2: ijuyhghyguh|Stealth Rock|[from] move: Defog|[of] p2a: Mantine
|
|-heal|p1a: Appletun|70/100 tox|[from] item: Leftovers
|-damage|p2a: Mantine|88/100 brn|[from] brn
|-damage|p1a: Appletun|63/100 tox|[from] psn
|upkeep
|turn|22
|
|switch|p2a: Flareon|Flareon, F|81/100
|move|p1a: Appletun|Leech Seed|p2a: Flareon
|-start|p2a: Flareon|move: Leech Seed
|
|-heal|p1a: Appletun|70/100 tox|[from] item: Leftovers
|-damage|p2a: Flareon|68/100|[from] Leech Seed|[of] p1a: Appletun
|-heal|p1a: Appletun|79/100 tox|[silent]
|-damage|p1a: Appletun|67/100 tox|[from] psn
|upkeep
|turn|23
|
|switch|p1a: Toxicroak|Toxicroak, F|100/100
|move|p2a: Flareon|Wish|p2a: Flareon
|
|-damage|p2a: Flareon|56/100|[from] Leech Seed|[of] p1a: Toxicroak
|upkeep
|turn|24
|
|switch|p1a: Dhelmise|Dhelmise|94/100 tox
|move|p2a: Flareon|Protect||[still]
|-fail|p2a: Flareon
|
|-heal|p2a: Flareon|100/100|[from] move: Wish|[wisher] Flareon
|-damage|p2a: Flareon|88/100|[from] Leech Seed|[of] p1a: Dhelmise
|-heal|p1a: Dhelmise|100/100 tox|[silent]
|-damage|p1a: Dhelmise|94/100 tox|[from] psn
|upkeep
|turn|25
|
|switch|p2a: Hitmontop|Hitmontop, M|100/100
|-ability|p2a: Hitmontop|Intimidate|boost
|-unboost|p1a: Dhelmise|atk|1
|move|p1a: Dhelmise|Switcheroo|p2a: Hitmontop
|-activate|p1a: Dhelmise|move: Trick|[of] p2a: Hitmontop
|-item|p2a: Hitmontop|Choice Band|[from] move: Switcheroo
|-item|p1a: Dhelmise|Assault Vest|[from] move: Switcheroo
|
|-damage|p1a: Dhelmise|82/100 tox|[from] psn
|upkeep
|turn|26
|
|switch|p2a: Perrserker|Perrserker, M|100/100
|switch|p1a: Appletun|Appletun, F|67/100 tox
|
|-heal|p1a: Appletun|73/100 tox|[from] item: Leftovers
|-damage|p1a: Appletun|67/100 tox|[from] psn
|upkeep
|turn|27
|
|switch|p1a: Stunfisk|Stunfisk-Galar, F|100/100
|move|p2a: Perrserker|Fake Out|p1a: Stunfisk
|-resisted|p1a: Stunfisk
|-damage|p1a: Stunfisk|93/100
|
|-heal|p1a: Stunfisk|99/100|[from] item: Leftovers
|upkeep
|turn|28
|
|move|p2a: Perrserker|Close Combat|p1a: Stunfisk
|-supereffective|p1a: Stunfisk
|-damage|p1a: Stunfisk|8/100
|-unboost|p2a: Perrserker|def|1
|-unboost|p2a: Perrserker|spd|1
|move|p1a: Stunfisk|Stealth Rock|p2a: Perrserker
|-sidestart|p2: ijuyhghyguh|move: Stealth Rock
|
|-heal|p1a: Stunfisk|14/100|[from] item: Leftovers
|upkeep
|turn|29
|
|switch|p1a: Jellicent|Jellicent, M|82/100 tox
|move|p2a: Perrserker|U-turn|p1a: Jellicent
|-resisted|p1a: Jellicent
|-damage|p1a: Jellicent|65/100 tox
|
|switch|p2a: Mantine|Mantine, F|88/100 brn|[from]move: U-turn
|
|-heal|p1a: Jellicent|71/100 tox|[from] item: Leftovers
|-damage|p2a: Mantine|82/100 brn|[from] brn
|-damage|p1a: Jellicent|65/100 tox|[from] psn
|upkeep
|turn|30
|
|switch|p1a: Toxicroak|Toxicroak, F|100/100
|move|p2a: Mantine|Defog|p1a: Toxicroak
|-unboost|p1a: Toxicroak|evasion|1
|-sideend|p2: ijuyhghyguh|Stealth Rock|[from] move: Defog|[of] p2a: Mantine
|
|-damage|p2a: Mantine|76/100 brn|[from] brn
|upkeep
|turn|31
|
|switch|p2a: Mudsdale|Mudsdale, M|50/100
|move|p1a: Toxicroak|Swords Dance|p1a: Toxicroak
|-boost|p1a: Toxicroak|atk|2
|
|-heal|p2a: Mudsdale|56/100|[from] item: Leftovers
|upkeep
|turn|32
|
|move|p2a: Mudsdale|Protect|p2a: Mudsdale
|-singleturn|p2a: Mudsdale|Protect
|move|p1a: Toxicroak|Drain Punch|p2a: Mudsdale
|-activate|p2a: Mudsdale|move: Protect
|
|-heal|p2a: Mudsdale|62/100|[from] item: Leftovers
|upkeep
|turn|33
|
|move|p1a: Toxicroak|Drain Punch|p2a: Mudsdale
|-damage|p2a: Mudsdale|7/100
|-ability|p2a: Mudsdale|Stamina|boost
|-boost|p2a: Mudsdale|def|1
|-damage|p1a: Toxicroak|91/100|[from] item: Life Orb
|move|p2a: Mudsdale|Earthquake|p1a: Toxicroak
|-supereffective|p1a: Toxicroak
|-damage|p1a: Toxicroak|0 fnt
|faint|p1a: Toxicroak
|
|-heal|p2a: Mudsdale|14/100|[from] item: Leftovers
|upkeep
|
|switch|p1a: Slurpuff|Slurpuff, F|100/100
|turn|34
|
|move|p1a: Slurpuff|Dazzling Gleam|p2a: Mudsdale
|-damage|p2a: Mudsdale|0 fnt
|faint|p2a: Mudsdale
|
|upkeep
|
|switch|p2a: Flareon|Flareon, F|88/100
|turn|35
|
|switch|p1a: Jellicent|Jellicent, M|65/100 tox
|move|p2a: Flareon|Lava Plume|p1a: Jellicent
|-resisted|p1a: Jellicent
|-damage|p1a: Jellicent|57/100 tox
|
|-heal|p1a: Jellicent|63/100 tox|[from] item: Leftovers
|-damage|p1a: Jellicent|57/100 tox|[from] psn
|upkeep
|turn|36
|
|move|p2a: Flareon|Protect|p2a: Flareon
|-singleturn|p2a: Flareon|Protect
|move|p1a: Jellicent|Recover|p1a: Jellicent
|-heal|p1a: Jellicent|100/100 tox
|
|-damage|p1a: Jellicent|88/100 tox|[from] psn
|upkeep
|turn|37
|
|switch|p1a: Appletun|Appletun, F|67/100 tox
|move|p2a: Flareon|Wish|p2a: Flareon
|
|-heal|p1a: Appletun|73/100 tox|[from] item: Leftovers
|-damage|p1a: Appletun|67/100 tox|[from] psn
|upkeep
|turn|38
|
|move|p2a: Flareon|Lava Plume|p1a: Appletun
|-damage|p1a: Appletun|55/100 tox
|move|p1a: Appletun|Leech Seed|p2a: Flareon
|-start|p2a: Flareon|move: Leech Seed
|
|-heal|p2a: Flareon|100/100|[from] move: Wish|[wisher] Flareon
|-heal|p1a: Appletun|61/100 tox|[from] item: Leftovers
|-damage|p2a: Flareon|88/100|[from] Leech Seed|[of] p1a: Appletun
|-heal|p1a: Appletun|71/100 tox|[silent]
|-damage|p1a: Appletun|58/100 tox|[from] psn
|upkeep
|turn|39
|
|switch|p2a: Perrserker|Perrserker, M|100/100
|move|p1a: Appletun|Recover|p1a: Appletun
|-heal|p1a: Appletun|100/100 tox
|
|-damage|p1a: Appletun|82/100 tox|[from] psn
|upkeep
|turn|40
|
|switch|p1a: Jellicent|Jellicent, M|88/100 tox
|move|p2a: Perrserker|U-turn|p1a: Jellicent
|-resisted|p1a: Jellicent
|-damage|p1a: Jellicent|72/100 tox
|
|switch|p2a: Rotom|Rotom|100/100|[from]move: U-turn
|
|-heal|p1a: Jellicent|78/100 tox|[from] item: Leftovers
|-damage|p1a: Jellicent|72/100 tox|[from] psn
|upkeep
|turn|41
|
|switch|p1a: Stunfisk|Stunfisk-Galar, F|14/100
|move|p2a: Rotom|Volt Switch|p1a: Stunfisk
|-immune|p1a: Stunfisk
|
|-heal|p1a: Stunfisk|20/100|[from] item: Leftovers
|upkeep
|turn|42
|
|switch|p2a: Mantine|Mantine, F|76/100 brn
|move|p1a: Stunfisk|Stealth Rock|p2a: Mantine
|-sidestart|p2: ijuyhghyguh|move: Stealth Rock
|
|-heal|p1a: Stunfisk|26/100|[from] item: Leftovers
|-damage|p2a: Mantine|70/100 brn|[from] brn
|upkeep
|turn|43
|
|switch|p1a: Slurpuff|Slurpuff, F|100/100
|move|p2a: Mantine|Defog|p1a: Slurpuff
|-unboost|p1a: Slurpuff|evasion|1
|-sideend|p2: ijuyhghyguh|Stealth Rock|[from] move: Defog|[of] p2a: Mantine
|
|-damage|p2a: Mantine|64/100 brn|[from] brn
|upkeep
|turn|44
|
|switch|p1a: Dhelmise|Dhelmise|82/100 tox
|switch|p2a: Perrserker|Perrserker, M|100/100
|
|-damage|p1a: Dhelmise|76/100 tox|[from] psn
|upkeep
|turn|45
|
|switch|p1a: Jellicent|Jellicent, M|72/100 tox
|move|p2a: Perrserker|U-turn|p1a: Jellicent
|-resisted|p1a: Jellicent
|-damage|p1a: Jellicent|53/100 tox
|
|switch|p2a: Rotom|Rotom|100/100|[from]move: U-turn
|
|-heal|p1a: Jellicent|59/100 tox|[from] item: Leftovers
|-damage|p1a: Jellicent|53/100 tox|[from] psn
|upkeep
|turn|46
|
|switch|p1a: Stunfisk|Stunfisk-Galar, F|26/100
|move|p2a: Rotom|Shadow Ball|p1a: Stunfisk
|-damage|p1a: Stunfisk|5/100
|
|-heal|p1a: Stunfisk|12/100|[from] item: Leftovers
|upkeep
|turn|47
|
|move|p2a: Rotom|Shadow Ball|p1a: Stunfisk
|-damage|p1a: Stunfisk|0 fnt
|faint|p1a: Stunfisk
|
|upkeep
|
|switch|p1a: Slurpuff|Slurpuff, F|100/100
|turn|48
|
|switch|p2a: Flareon|Flareon, F|88/100
|move|p1a: Slurpuff|Calm Mind|p1a: Slurpuff
|-boost|p1a: Slurpuff|spa|1
|-boost|p1a: Slurpuff|spd|1
|
|upkeep
|turn|49
|-message|Artemis_V13 forfeited.
|
|win|ijuyhghyguh
|l|☆Artemis_V13
|raw|Artemis_V13's rating: 1448 &rarr; <strong>1417</strong><br />(-31 for losing)
|raw|ijuyhghyguh's rating: 1233 &rarr; <strong>1272</strong><br />(+39 for winning)
