|html|<div class="broadcast-blue"><strong>[Gen 8] RU is currently suspecting Reuniclus! For information on how to participate check out the <a href="https://www.smogon.com/forums/threads/np-ru-stage-10-all-for-you-reuniclus-suspect.3692458/#post-9008540">suspect thread</a>.</strong></div>
|j|☆Qsxcdw
|j|☆s4g3?
|t:|1635111949
|gametype|singles
|player|p1|Qsxcdw|nate|1045
|player|p2|s4g3?|70|1121
|teamsize|p1|6
|teamsize|p2|6
|gen|8
|tier|[Gen 8] RU
|rated|
|rule|Sleep Clause Mod: Limit one foe put to sleep
|rule|Species Clause: Limit one of each Pokémon
|rule|OHKO Clause: OHKO moves are banned
|rule|Evasion Moves Clause: Evasion moves are banned
|rule|Endless Battle Clause: Forcing endless battles is banned
|rule|HP Percentage Mod: HP is shown in percentages
|rule|Dynamax Clause: You cannot dynamax
|clearpoke
|poke|p1|Metagross|
|poke|p1|Reuniclus, F|
|poke|p1|Roserade, F|
|poke|p1|Crobat, M|
|poke|p1|Gastrodon-East, F|
|poke|p1|Lycanroc-Midnight, F|
|poke|p2|Tsareena, F|
|poke|p2|Registeel|
|poke|p2|Vaporeon, F|
|poke|p2|Roserade, F|
|poke|p2|Galvantula, F|
|poke|p2|Flygon, F|
|teampreview
|
|t:|1635111956
|start
|switch|p1a: Lycanroc|Lycanroc-Midnight, F|100/100
|switch|p2a: Roserade|Roserade, F|100/100
|turn|1
|
|t:|1635111961
|move|p1a: Lycanroc|Stone Edge|p2a: Roserade
|-damage|p2a: Roserade|28/100
|move|p2a: Roserade|Giga Drain|p1a: Lycanroc
|-supereffective|p1a: Lycanroc
|-damage|p1a: Lycanroc|20/100
|-heal|p2a: Roserade|67/100|[from] drain|[of] p1a: Lycanroc
|
|-heal|p2a: Roserade|73/100|[from] item: Black Sludge
|upkeep
|turn|2
|
|t:|1635111979
|switch|p1a: Gastrodon|Gastrodon-East, F|100/100
|move|p2a: Roserade|Giga Drain|p1a: Gastrodon
|-supereffective|p1a: Gastrodon
|-damage|p1a: Gastrodon|0 fnt
|-heal|p2a: Roserade|100/100|[from] drain|[of] p1a: Gastrodon
|faint|p1a: Gastrodon
|
|upkeep
|
|t:|1635111986
|switch|p1a: Roserade|Roserade, F|100/100
|turn|3
|
|t:|1635111988
|move|p2a: Roserade|Spikes|p1a: Roserade
|-sidestart|p1: Qsxcdw|Spikes
|move|p1a: Roserade|Toxic Spikes|p2a: Roserade
|-sidestart|p2: s4g3?|move: Toxic Spikes
|
|upkeep
|turn|4
|
|t:|1635111992
|move|p2a: Roserade|Spikes|p1a: Roserade
|-sidestart|p1: Qsxcdw|Spikes
|move|p1a: Roserade|Sludge Bomb|p2a: Roserade
|-damage|p2a: Roserade|58/100
|
|-heal|p2a: Roserade|64/100|[from] item: Black Sludge
|upkeep
|turn|5
|
|t:|1635111998
|switch|p2a: Flygon|Flygon, F|100/100
|move|p1a: Roserade|Sludge Bomb|p2a: Flygon
|-resisted|p2a: Flygon
|-damage|p2a: Flygon|68/100
|
|-heal|p2a: Flygon|74/100|[from] item: Leftovers
|upkeep
|turn|6
|
|t:|1635112000
|move|p1a: Roserade|Leaf Storm|p2a: Flygon|[miss]
|-miss|p1a: Roserade|p2a: Flygon
|move|p2a: Flygon|Dragon Dance|p2a: Flygon
|-boost|p2a: Flygon|atk|1
|-boost|p2a: Flygon|spe|1
|
|-heal|p2a: Flygon|80/100|[from] item: Leftovers
|upkeep
|turn|7
|
|t:|1635112003
|move|p2a: Flygon|Fire Punch|p1a: Roserade
|-supereffective|p1a: Roserade
|-damage|p1a: Roserade|0 fnt
|faint|p1a: Roserade
|
|-heal|p2a: Flygon|86/100|[from] item: Leftovers
|upkeep
|
|t:|1635112012
|switch|p1a: Crobat|Crobat, M|100/100
|turn|8
|
|t:|1635112014
|move|p2a: Flygon|Dragon Rush|p1a: Crobat
|-damage|p1a: Crobat|8/100
|move|p1a: Crobat|Brave Bird|p2a: Flygon
|-damage|p2a: Flygon|0 fnt
|faint|p2a: Flygon
|-damage|p1a: Crobat|0 fnt|[from] Recoil
|faint|p1a: Crobat
|
|upkeep
|
|t:|1635112023
|switch|p1a: Metagross|Metagross|100/100
|switch|p2a: Roserade|Roserade, F|64/100
|-sideend|p2: s4g3?|move: Toxic Spikes|[of] p2a: Roserade
|-damage|p1a: Metagross|84/100|[from] Spikes
|turn|9
|
|t:|1635112026
|move|p2a: Roserade|Leech Seed|p1a: Metagross
|-start|p1a: Metagross|move: Leech Seed
|move|p1a: Metagross|Meteor Mash|p2a: Roserade
|-damage|p2a: Roserade|0 fnt
|faint|p2a: Roserade
|
|upkeep
|
|t:|1635112036
|switch|p2a: Galvantula|Galvantula, F|100/100
|turn|10
|
|t:|1635112038
|move|p2a: Galvantula|Thunder|p1a: Metagross
|-damage|p1a: Metagross|35/100
|move|p1a: Metagross|Meteor Mash|p2a: Galvantula
|-resisted|p2a: Galvantula
|-damage|p2a: Galvantula|26/100
|-boost|p1a: Metagross|atk|1
|
|-damage|p1a: Metagross|23/100|[from] Leech Seed|[of] p2a: Galvantula
|-heal|p2a: Galvantula|42/100|[silent]
|upkeep
|turn|11
|
|t:|1635112047
|move|p2a: Galvantula|Bug Buzz|p1a: Metagross
|-damage|p1a: Metagross|0 fnt
|faint|p1a: Metagross
|
|upkeep
|
|t:|1635112050
|switch|p1a: Lycanroc|Lycanroc-Midnight, F|20/100
|-damage|p1a: Lycanroc|3/100|[from] Spikes
|turn|12
|
|t:|1635112059
|move|p1a: Lycanroc|Stone Edge|p2a: Galvantula
|-supereffective|p2a: Galvantula
|-damage|p2a: Galvantula|0 fnt
|faint|p2a: Galvantula
|
|upkeep
|
|t:|1635112065
|switch|p2a: Tsareena|Tsareena, F|100/100
|turn|13
|
|t:|1635112068
|move|p1a: Lycanroc|Stone Edge|p2a: Tsareena
|-damage|p2a: Tsareena|47/100
|move|p2a: Tsareena|Rapid Spin|p1a: Lycanroc
|-resisted|p1a: Lycanroc
|-damage|p1a: Lycanroc|0 fnt
|-boost|p2a: Tsareena|spe|1
|faint|p1a: Lycanroc
|
|upkeep
|
|t:|1635112073
|switch|p1a: Reuniclus|Reuniclus, F|100/100
|turn|14
|
|t:|1635112075
|move|p2a: Tsareena|Knock Off|p1a: Reuniclus
|-supereffective|p1a: Reuniclus
|-damage|p1a: Reuniclus|42/100
|-enditem|p1a: Reuniclus|Leftovers|[from] move: Knock Off|[of] p2a: Tsareena
|move|p1a: Reuniclus|Iron Defense|p1a: Reuniclus
|-boost|p1a: Reuniclus|def|2
|
|upkeep
|turn|15
|
|t:|1635112081
|move|p2a: Tsareena|Power Whip|p1a: Reuniclus
|-damage|p1a: Reuniclus|17/100
|move|p1a: Reuniclus|Recover|p1a: Reuniclus
|-heal|p1a: Reuniclus|67/100
|
|upkeep
|turn|16
|
|t:|1635112086
|switch|p2a: Vaporeon|Vaporeon, F|100/100
|move|p1a: Reuniclus|Iron Defense|p1a: Reuniclus
|-boost|p1a: Reuniclus|def|2
|
|upkeep
|turn|17
|
|t:|1635112089
|move|p2a: Vaporeon|Haze|p2a: Vaporeon
|-clearallboost
|move|p1a: Reuniclus|Calm Mind|p1a: Reuniclus
|-boost|p1a: Reuniclus|spa|1
|-boost|p1a: Reuniclus|spd|1
|
|upkeep
|turn|18
|
|t:|1635112094
|move|p2a: Vaporeon|Wish|p2a: Vaporeon
|move|p1a: Reuniclus|Recover|p1a: Reuniclus
|-heal|p1a: Reuniclus|100/100
|
|upkeep
|turn|19
|
|t:|1635112097
|switch|p2a: Tsareena|Tsareena, F|47/100
|move|p1a: Reuniclus|Calm Mind|p1a: Reuniclus
|-boost|p1a: Reuniclus|spa|1
|-boost|p1a: Reuniclus|spd|1
|
|-heal|p2a: Tsareena|100/100|[from] move: Wish|[wisher] Vaporeon
|upkeep
|turn|20
|
|t:|1635112100
|switch|p2a: Vaporeon|Vaporeon, F|100/100
|move|p1a: Reuniclus|Stored Power|p2a: Vaporeon
|-damage|p2a: Vaporeon|27/100
|
|-heal|p2a: Vaporeon|33/100|[from] item: Leftovers
|upkeep
|turn|21
|
|t:|1635112105
|move|p2a: Vaporeon|Haze|p2a: Vaporeon
|-clearallboost
|move|p1a: Reuniclus|Stored Power|p2a: Vaporeon
|-damage|p2a: Vaporeon|26/100
|
|-heal|p2a: Vaporeon|33/100|[from] item: Leftovers
|upkeep
|turn|22
|
|t:|1635112109
|move|p2a: Vaporeon|Wish|p2a: Vaporeon
|move|p1a: Reuniclus|Calm Mind|p1a: Reuniclus
|-boost|p1a: Reuniclus|spa|1
|-boost|p1a: Reuniclus|spd|1
|
|-heal|p2a: Vaporeon|39/100|[from] item: Leftovers
|upkeep
|turn|23
|
|t:|1635112112
|move|p2a: Vaporeon|Haze|p2a: Vaporeon
|-clearallboost
|move|p1a: Reuniclus|Calm Mind|p1a: Reuniclus
|-boost|p1a: Reuniclus|spa|1
|-boost|p1a: Reuniclus|spd|1
|
|-heal|p2a: Vaporeon|89/100|[from] move: Wish|[wisher] Vaporeon
|-heal|p2a: Vaporeon|95/100|[from] item: Leftovers
|upkeep
|turn|24
|
|t:|1635112115
|move|p2a: Vaporeon|Scald|p1a: Reuniclus
|-damage|p1a: Reuniclus|81/100
|-status|p1a: Reuniclus|brn
|move|p1a: Reuniclus|Stored Power|p2a: Vaporeon
|-damage|p2a: Vaporeon|66/100
|
|-heal|p2a: Vaporeon|72/100|[from] item: Leftovers
|upkeep
|turn|25
|
|t:|1635112123
|move|p2a: Vaporeon|Haze|p2a: Vaporeon
|-clearallboost
|move|p1a: Reuniclus|Calm Mind|p1a: Reuniclus
|-boost|p1a: Reuniclus|spa|1
|-boost|p1a: Reuniclus|spd|1
|
|-heal|p2a: Vaporeon|78/100|[from] item: Leftovers
|upkeep
|turn|26
|
|t:|1635112129
|move|p2a: Vaporeon|Haze|p2a: Vaporeon
|-clearallboost
|move|p1a: Reuniclus|Calm Mind|p1a: Reuniclus
|-boost|p1a: Reuniclus|spa|1
|-boost|p1a: Reuniclus|spd|1
|
|-heal|p2a: Vaporeon|85/100|[from] item: Leftovers
|upkeep
|turn|27
|-message|Qsxcdw forfeited.
|
|win|s4g3?
|raw|Qsxcdw's rating: 1045 &rarr; <strong>1032</strong><br />(-13 for losing)
|raw|s4g3?'s rating: 1121 &rarr; <strong>1141</strong><br />(+20 for winning)
|l|☆Qsxcdw
