|j|☆Ibaragi Test
|j|☆Ouragan2Neige
|player|p1|Ibaragi Test|cynthia|1162
|player|p2|Ouragan2Neige|pryce|1042
|teamsize|p1|6
|teamsize|p2|6
|gametype|singles
|gen|8
|tier|[Gen 8] RU
|rated|
|clearpoke
|poke|p1|Barraskewda, M|
|poke|p1|Frosmoth, F|
|poke|p1|Morpeko, F|
|poke|p1|Steelix, M|
|poke|p1|Whimsicott, F|
|poke|p1|Coalossal, M|
|poke|p2|Copperajah, F|
|poke|p2|Runerigus, M|
|poke|p2|Mr. Rime, F|
|poke|p2|Galvantula, M|
|poke|p2|Cinccino, M|
|poke|p2|Cramorant, F|
|rule|Sleep Clause Mod: Limit one foe put to sleep
|rule|Species Clause: Limit one of each Pokémon
|rule|OHKO Clause: OHKO moves are banned
|rule|Evasion Moves Clause: Evasion moves are banned
|rule|Endless Battle Clause: Forcing endless battles is banned
|rule|HP Percentage Mod: HP is shown in percentages
|rule|Dynamax Clause: You cannot dynamax
|teampreview
|
|start
|switch|p1a: Coalossal|Coalossal, M|100/100
|switch|p2a: Copperajah|Copperajah, F|100/100
|turn|1
|
|move|p2a: Copperajah|Earthquake|p1a: Coalossal
|-supereffective|p1a: Coalossal
|-damage|p1a: Coalossal|0 fnt
|faint|p1a: Coalossal
|
|upkeep
|
|switch|p1a: Barraskewda|Barraskewda, M|100/100
|turn|2
|
|move|p1a: Barraskewda|Close Combat|p2a: Copperajah
|-supereffective|p2a: Copperajah
|-damage|p2a: Copperajah|0 fnt
|-unboost|p1a: Barraskewda|def|1
|-unboost|p1a: Barraskewda|spd|1
|-damage|p1a: Barraskewda|91/100|[from] item: Life Orb
|faint|p2a: Copperajah
|
|upkeep
|
|switch|p2a: Cramorant|Cramorant, F|100/100
|turn|3
|
|switch|p1a: Frosmoth|Frosmoth, F|100/100
|move|p2a: Cramorant|Surf|p1a: Frosmoth
|-formechange|p2a: Cramorant|Cramorant-Gulping|
|-damage|p1a: Frosmoth|73/100
|
|upkeep
|turn|4
|
|move|p1a: Frosmoth|Quiver Dance|p1a: Frosmoth
|-boost|p1a: Frosmoth|spa|1
|-boost|p1a: Frosmoth|spd|1
|-boost|p1a: Frosmoth|spe|1
|move|p2a: Cramorant|Hurricane|p1a: Frosmoth
|-supereffective|p1a: Frosmoth
|-damage|p1a: Frosmoth|30/100
|
|upkeep
|turn|5
|
|move|p1a: Frosmoth|Giga Drain|p2a: Cramorant
|-damage|p2a: Cramorant|46/100
|-heal|p1a: Frosmoth|63/100|[from] drain|[of] p2a: Cramorant
|-damage|p1a: Frosmoth|39/100|[from] ability: Gulp Missile|[of] p2a: Cramorant
|-unboost|p1a: Frosmoth|def|1
|-formechange|p2a: Cramorant|Cramorant|
|-damage|p1a: Frosmoth|29/100|[from] item: Life Orb
|move|p2a: Cramorant|Hurricane|p1a: Frosmoth
|-supereffective|p1a: Frosmoth
|-damage|p1a: Frosmoth|0 fnt
|faint|p1a: Frosmoth
|
|-heal|p2a: Cramorant|52/100|[from] item: Leftovers
|upkeep
|
|switch|p1a: Morpeko|Morpeko, F|100/100
|turn|6
|
|switch|p2a: Runerigus|Runerigus, M|100/100
|move|p1a: Morpeko|Aura Wheel|p2a: Runerigus
|-immune|p2a: Runerigus
|
|-formechange|p1a: Morpeko|Morpeko-Hangry||[from] ability: Hunger Switch
|upkeep
|turn|7
|
|move|p1a: Morpeko|Aura Wheel|p2a: Runerigus
|-supereffective|p2a: Runerigus
|-damage|p2a: Runerigus|14/100
|-boost|p1a: Morpeko|spe|1
|move|p2a: Runerigus|Toxic Spikes|p1a: Morpeko
|-sidestart|p1: Ibaragi Test|move: Toxic Spikes
|
|-heal|p2a: Runerigus|20/100|[from] item: Leftovers
|-formechange|p1a: Morpeko|Morpeko||[from] ability: Hunger Switch
|upkeep
|turn|8
|
|switch|p1a: Steelix|Steelix, M|100/100
|move|p2a: Runerigus|Stealth Rock|p1a: Steelix
|-sidestart|p1: Ibaragi Test|move: Stealth Rock
|
|-heal|p2a: Runerigus|27/100|[from] item: Leftovers
|upkeep
|turn|9
|
|move|p2a: Runerigus|Will-O-Wisp|p1a: Steelix
|-status|p1a: Steelix|brn
|move|p1a: Steelix|Stealth Rock|p2a: Runerigus
|-sidestart|p2: Ouragan2Neige|move: Stealth Rock
|
|-heal|p2a: Runerigus|33/100|[from] item: Leftovers
|-damage|p1a: Steelix|94/100 brn|[from] brn
|upkeep
|turn|10
|
|move|p2a: Runerigus|Toxic Spikes|p1a: Steelix
|-sidestart|p1: Ibaragi Test|move: Toxic Spikes
|move|p1a: Steelix|Roar|p2a: Runerigus
|drag|p2a: Cinccino|Cinccino, M|100/100
|-damage|p2a: Cinccino|88/100|[from] Stealth Rock
|
|-heal|p1a: Steelix|100/100 brn|[from] item: Leftovers
|-damage|p1a: Steelix|94/100 brn|[from] brn
|upkeep
|turn|11
|
|move|p2a: Cinccino|Bullet Seed|p1a: Steelix
|-damage|p1a: Steelix|89/100 brn
|-damage|p1a: Steelix|84/100 brn
|-damage|p1a: Steelix|79/100 brn
|-damage|p1a: Steelix|73/100 brn
|-damage|p1a: Steelix|68/100 brn
|-hitcount|p1a: Steelix|5
|move|p1a: Steelix|Body Press|p2a: Cinccino
|-supereffective|p2a: Cinccino
|-damage|p2a: Cinccino|22/100
|
|-heal|p1a: Steelix|74/100 brn|[from] item: Leftovers
|-damage|p1a: Steelix|68/100 brn|[from] brn
|upkeep
|turn|12
|
|switch|p2a: Runerigus|Runerigus, M|33/100
|-damage|p2a: Runerigus|27/100|[from] Stealth Rock
|move|p1a: Steelix|Heavy Slam|p2a: Runerigus
|-damage|p2a: Runerigus|15/100
|-activate|p2a: Runerigus|ability: Wandering Spirit|Sturdy|Wandering Spirit|[of] p1a: Steelix
|
|-heal|p1a: Steelix|74/100 brn|[from] item: Leftovers
|-heal|p2a: Runerigus|22/100|[from] item: Leftovers
|-damage|p1a: Steelix|68/100 brn|[from] brn
|upkeep
|turn|13
|
|move|p2a: Runerigus|Earthquake|p1a: Steelix
|-supereffective|p1a: Steelix
|-crit|p1a: Steelix
|-damage|p1a: Steelix|19/100 brn
|move|p1a: Steelix|Roar|p2a: Runerigus
|drag|p2a: Cramorant|Cramorant, F|52/100
|-damage|p2a: Cramorant|27/100|[from] Stealth Rock
|
|-heal|p2a: Cramorant|33/100|[from] item: Leftovers
|-heal|p1a: Steelix|25/100 brn|[from] item: Leftovers
|-damage|p1a: Steelix|19/100 brn|[from] brn
|upkeep
|turn|14
|
|move|p2a: Cramorant|Surf|p1a: Steelix
|-supereffective|p1a: Steelix
|-formechange|p2a: Cramorant|Cramorant-Gorging|
|-damage|p1a: Steelix|0 fnt
|faint|p1a: Steelix
|
|-heal|p2a: Cramorant|39/100|[from] item: Leftovers
|upkeep
|
|switch|p1a: Morpeko|Morpeko, F|100/100
|-damage|p1a: Morpeko|88/100|[from] Stealth Rock
|-status|p1a: Morpeko|tox
|turn|15
|
|move|p1a: Morpeko|Aura Wheel|p2a: Cramorant
|-supereffective|p2a: Cramorant
|-damage|p2a: Cramorant|0 fnt
|-boost|p1a: Morpeko|spe|1
|-damage|p1a: Morpeko|63/100 tox|[from] ability: Gulp Missile|[of] p2a: Cramorant
|-formechange|p2a: Cramorant|Cramorant|
|faint|p2a: Cramorant
|
|-damage|p1a: Morpeko|57/100 tox|[from] psn
|-formechange|p1a: Morpeko|Morpeko-Hangry||[from] ability: Hunger Switch
|upkeep
|
|switch|p2a: Galvantula|Galvantula, M|100/100
|-damage|p2a: Galvantula|76/100|[from] Stealth Rock
|turn|16
|
|move|p1a: Morpeko|Aura Wheel|p2a: Galvantula
|-damage|p2a: Galvantula|0 fnt
|-boost|p1a: Morpeko|spe|1
|faint|p2a: Galvantula
|
|-damage|p1a: Morpeko|44/100 tox|[from] psn
|-formechange|p1a: Morpeko|Morpeko||[from] ability: Hunger Switch
|upkeep
|
|switch|p2a: Runerigus|Runerigus, M|22/100
|-damage|p2a: Runerigus|15/100|[from] Stealth Rock
|turn|17
|
|switch|p1a: Whimsicott|Whimsicott, F|100/100
|-damage|p1a: Whimsicott|88/100|[from] Stealth Rock
|-status|p1a: Whimsicott|tox
|move|p2a: Runerigus|Earthquake|p1a: Whimsicott
|-resisted|p1a: Whimsicott
|-damage|p1a: Whimsicott|70/100 tox
|
|-heal|p1a: Whimsicott|77/100 tox|[from] item: Leftovers
|-heal|p2a: Runerigus|22/100|[from] item: Leftovers
|-damage|p1a: Whimsicott|70/100 tox|[from] psn
|upkeep
|turn|18
|
|switch|p2a: Mr. Rime|Mr. Rime, F|100/100
|-damage|p2a: Mr. Rime|76/100|[from] Stealth Rock
|move|p1a: Whimsicott|Moonblast|p2a: Mr. Rime
|-damage|p2a: Mr. Rime|44/100
|
|-heal|p1a: Whimsicott|77/100 tox|[from] item: Leftovers
|-damage|p1a: Whimsicott|64/100 tox|[from] psn
|-status|p2a: Mr. Rime|tox|[from] item: Toxic Orb
|upkeep
|turn|19
|
|move|p1a: Whimsicott|Leech Seed|p2a: Mr. Rime|[miss]
|-miss|p1a: Whimsicott|p2a: Mr. Rime
|move|p2a: Mr. Rime|Rapid Spin|p1a: Whimsicott
|-damage|p1a: Whimsicott|56/100 tox
|-boost|p2a: Mr. Rime|spe|1
|-sideend|p2: Ouragan2Neige|Stealth Rock|[from] move: Rapid Spin|[of] p2a: Mr. Rime
|
|-heal|p1a: Whimsicott|62/100 tox|[from] item: Leftovers
|-damage|p2a: Mr. Rime|38/100 tox|[from] psn
|-damage|p1a: Whimsicott|44/100 tox|[from] psn
|upkeep
|turn|20
|
|move|p1a: Whimsicott|Encore|p2a: Mr. Rime
|-start|p2a: Mr. Rime|Encore
|move|p2a: Mr. Rime|Rapid Spin|p1a: Whimsicott
|-damage|p1a: Whimsicott|36/100 tox
|-boost|p2a: Mr. Rime|spe|1
|
|-heal|p1a: Whimsicott|43/100 tox|[from] item: Leftovers
|-damage|p2a: Mr. Rime|26/100 tox|[from] psn
|-damage|p1a: Whimsicott|18/100 tox|[from] psn
|upkeep
|turn|21
|
|switch|p2a: Runerigus|Runerigus, M|22/100
|move|p1a: Whimsicott|Moonblast|p2a: Runerigus
|-damage|p2a: Runerigus|0 fnt
|faint|p2a: Runerigus
|
|-heal|p1a: Whimsicott|24/100 tox|[from] item: Leftovers
|-damage|p1a: Whimsicott|0 fnt|[from] psn
|faint|p1a: Whimsicott
|upkeep
|
|switch|p1a: Barraskewda|Barraskewda, M|91/100
|switch|p2a: Mr. Rime|Mr. Rime, F|26/100 tox
|-damage|p1a: Barraskewda|78/100|[from] Stealth Rock
|-status|p1a: Barraskewda|tox
|turn|22
|
|move|p1a: Barraskewda|Waterfall|p2a: Mr. Rime
|-damage|p2a: Mr. Rime|0 fnt
|-damage|p1a: Barraskewda|69/100 tox|[from] item: Life Orb
|faint|p2a: Mr. Rime
|
|-damage|p1a: Barraskewda|62/100 tox|[from] psn
|upkeep
|
|switch|p2a: Cinccino|Cinccino, M|22/100
|turn|23
|c|☆Ouragan2Neige|gg
|
|move|p1a: Barraskewda|Waterfall|p2a: Cinccino
|-crit|p2a: Cinccino
|-damage|p2a: Cinccino|0 fnt
|-damage|p1a: Barraskewda|53/100 tox|[from] item: Life Orb
|faint|p2a: Cinccino
|
|win|Ibaragi Test
|c|☆Ibaragi Test|gg
|l|☆Ouragan2Neige
