|j|☆Gatorboy
|j|☆Schizoption
|t:|1666056350
|gametype|singles
|player|p1|Gatorboy|darach|1460
|player|p2|Schizoption|burglar-gen1|1519
|teamsize|p1|6
|teamsize|p2|6
|gen|8
|tier|[Gen 8] RU
|rated|
|rule|Sleep Clause Mod: Limit one foe put to sleep
|rule|Species Clause: Limit one of each Pokémon
|rule|OHKO Clause: OHKO moves are banned
|rule|Evasion Items Clause: Evasion items are banned
|rule|Evasion Moves Clause: Evasion moves are banned
|rule|Endless Battle Clause: Forcing endless battles is banned
|rule|HP Percentage Mod: HP is shown in percentages
|rule|Dynamax Clause: You cannot dynamax
|clearpoke
|poke|p1|Crobat, F|
|poke|p1|Flygon, F|
|poke|p1|Goodra, M|
|poke|p1|Pangoro, M|
|poke|p1|Registeel|
|poke|p1|Xurkitree|
|poke|p2|Weezing-Galar, M|
|poke|p2|Hitmonlee, M|
|poke|p2|Mimikyu, M|
|poke|p2|Linoone, F|
|poke|p2|Accelgor, M|
|poke|p2|Tsareena, F|
|teampreview
|inactive|Battle timer is ON: inactive players will automatically lose when time's up. (requested by Gatorboy)
|c|☆Gatorboy|nice team Schizoption
|inactive|Schizoption has 120 seconds left.
|inactive|Schizoption has 90 seconds left.
|
|t:|1666056437
|start
|switch|p1a: Xurkitree|Xurkitree|100/100
|switch|p2a: EsUnNinja|Accelgor, M|100/100
|turn|1
|c|☆Gatorboy|and nice name
|c|☆Gatorboy|tbt
|
|t:|1666056457
|move|p1a: Xurkitree|Volt Switch|p2a: EsUnNinja
|-damage|p2a: EsUnNinja|37/100
|
|t:|1666056460
|switch|p1a: Crobat|Crobat, F|100/100|[from]move: Volt Switch
|move|p2a: EsUnNinja|Spikes|p1a: Crobat
|-sidestart|p1: Gatorboy|Spikes
|
|upkeep
|turn|2
|
|t:|1666056485
|move|p2a: EsUnNinja|Yawn|p1a: Crobat
|-start|p1a: Crobat|move: Yawn|[of] p2a: EsUnNinja
|move|p1a: Crobat|U-turn|p2a: EsUnNinja
|-damage|p2a: EsUnNinja|9/100
|
|t:|1666056490
|switch|p1a: Xurkitree|Xurkitree|100/100|[from]move: U-turn
|-damage|p1a: Xurkitree|88/100|[from] Spikes
|
|upkeep
|turn|3
|
|t:|1666056496
|move|p1a: Xurkitree|Thunderbolt|p2a: EsUnNinja
|-damage|p2a: EsUnNinja|0 fnt
|faint|p2a: EsUnNinja
|-ability|p1a: Xurkitree|Beast Boost|boost
|-boost|p1a: Xurkitree|spa|1
|
|upkeep
|
|t:|1666056498
|switch|p2a: Alicia Alyes|Tsareena, F|100/100
|turn|4
|
|t:|1666056509
|move|p1a: Xurkitree|Thunderbolt|p2a: Alicia Alyes
|-resisted|p2a: Alicia Alyes
|-damage|p2a: Alicia Alyes|49/100
|move|p2a: Alicia Alyes|Rapid Spin|p1a: Xurkitree
|-damage|p1a: Xurkitree|63/100
|-boost|p2a: Alicia Alyes|spe|1
|
|upkeep
|turn|5
|
|t:|1666056537
|move|p1a: Xurkitree|Thunderbolt|p2a: Alicia Alyes
|-resisted|p2a: Alicia Alyes
|-damage|p2a: Alicia Alyes|0 fnt
|faint|p2a: Alicia Alyes
|-ability|p1a: Xurkitree|Beast Boost|boost
|-boost|p1a: Xurkitree|spa|1
|
|upkeep
|
|t:|1666056546
|switch|p2a: Soucounyan|Mimikyu, M|100/100
|turn|6
|
|t:|1666056559
|move|p1a: Xurkitree|Thunderbolt|p2a: Soucounyan
|-activate|p2a: Soucounyan|ability: Disguise
|-damage|p2a: Soucounyan|100/100
|detailschange|p2a: Soucounyan|Mimikyu-Busted, M
|-damage|p2a: Soucounyan|88/100|[from] pokemon: Mimikyu-Busted
|move|p2a: Soucounyan|Play Rough|p1a: Xurkitree|[miss]
|-miss|p2a: Soucounyan|p1a: Xurkitree
|
|upkeep
|turn|7
|
|t:|1666056570
|move|p2a: Soucounyan|Shadow Sneak|p1a: Xurkitree
|-damage|p1a: Xurkitree|34/100
|-damage|p2a: Soucounyan|78/100|[from] item: Life Orb
|move|p1a: Xurkitree|Thunderbolt|p2a: Soucounyan
|-damage|p2a: Soucounyan|0 fnt
|faint|p2a: Soucounyan
|-ability|p1a: Xurkitree|Beast Boost|boost
|-boost|p1a: Xurkitree|spa|1
|
|upkeep
|
|t:|1666056573
|switch|p2a: La Belette|Linoone, F|100/100
|turn|8
|
|t:|1666056586
|move|p2a: La Belette|Extreme Speed|p1a: Xurkitree
|-damage|p1a: Xurkitree|0 fnt
|faint|p1a: Xurkitree
|
|upkeep
|
|t:|1666056590
|switch|p1a: Pangoro|Pangoro, M|100/100
|-damage|p1a: Pangoro|88/100|[from] Spikes
|turn|9
|
|t:|1666056597
|switch|p2a: Sargator|Weezing-Galar, M|100/100
|-fieldstart|move: Misty Terrain|[from] ability: Misty Surge|[of] p2a: Sargator
|move|p1a: Pangoro|Knock Off|p2a: Sargator
|-resisted|p2a: Sargator
|-damage|p2a: Sargator|73/100
|-enditem|p2a: Sargator|Terrain Extender|[from] move: Knock Off|[of] p1a: Pangoro
|
|upkeep
|turn|10
|
|t:|1666056614
|switch|p1a: Registeel|Registeel|100/100
|-damage|p1a: Registeel|88/100|[from] Spikes
|move|p2a: Sargator|Flamethrower|p1a: Registeel
|-supereffective|p1a: Registeel
|-damage|p1a: Registeel|62/100
|
|-heal|p1a: Registeel|68/100|[from] item: Leftovers
|upkeep
|turn|11
|
|t:|1666056622
|move|p2a: Sargator|Taunt|p1a: Registeel
|-start|p1a: Registeel|move: Taunt
|move|p1a: Registeel|Heavy Slam|p2a: Sargator
|-supereffective|p2a: Sargator
|-damage|p2a: Sargator|0 fnt
|faint|p2a: Sargator
|
|-heal|p1a: Registeel|74/100|[from] item: Leftovers
|upkeep
|
|t:|1666056644
|switch|p2a: La Belette|Linoone, F|100/100
|turn|12
|
|t:|1666056652
|move|p2a: La Belette|Belly Drum|p2a: La Belette
|-damage|p2a: La Belette|50/100
|-setboost|p2a: La Belette|atk|6|[from] move: Belly Drum
|-enditem|p2a: La Belette|Figy Berry|[eat]
|-heal|p2a: La Belette|84/100|[from] item: Figy Berry
|move|p1a: Registeel|Body Press|p2a: La Belette
|-supereffective|p2a: La Belette
|-damage|p2a: La Belette|0 fnt
|faint|p2a: La Belette
|
|-heal|p1a: Registeel|80/100|[from] item: Leftovers
|upkeep
|
|t:|1666056656
|switch|p2a: IpMon|Hitmonlee, M|100/100
|-enditem|p2a: IpMon|Misty Seed
|-boost|p2a: IpMon|spd|1|[from] item: Misty Seed
|turn|13
|
|t:|1666056662
|move|p2a: IpMon|Bulk Up|p2a: IpMon
|-boost|p2a: IpMon|atk|1
|-boost|p2a: IpMon|def|1
|move|p1a: Registeel|Body Press|p2a: IpMon
|-damage|p2a: IpMon|61/100
|
|-heal|p1a: Registeel|86/100|[from] item: Leftovers
|-end|p1a: Registeel|move: Taunt
|upkeep
|turn|14
|
|t:|1666056670
|move|p2a: IpMon|Bulk Up|p2a: IpMon
|-boost|p2a: IpMon|atk|1
|-boost|p2a: IpMon|def|1
|move|p1a: Registeel|Iron Defense|p1a: Registeel
|-boost|p1a: Registeel|def|2
|
|-heal|p1a: Registeel|93/100|[from] item: Leftovers
|upkeep
|turn|15
|
|t:|1666056675
|move|p2a: IpMon|Close Combat|p1a: Registeel
|-supereffective|p1a: Registeel
|-damage|p1a: Registeel|13/100
|-unboost|p2a: IpMon|def|1
|-unboost|p2a: IpMon|spd|1
|move|p1a: Registeel|Body Press|p2a: IpMon
|-damage|p2a: IpMon|0 fnt
|faint|p2a: IpMon
|
|win|Gatorboy
|raw|Gatorboy's rating: 1460 &rarr; <strong>1483</strong><br />(+23 for winning)
|raw|Schizoption's rating: 1519 &rarr; <strong>1496</strong><br />(-23 for losing)
|l|☆Schizoption
||Ladder isn't responding, score probably updated but might not have (Request timeout).
