|j|☆LoSconosciuto
|j|☆hjkhj ㋛
|inactive|Battle timer is ON: inactive players will automatically lose when time's up.
|t:|1664161263
|gametype|singles
|player|p1|LoSconosciuto|#teamgapdos|
|player|p2|hjkhj ㋛|265|
|teamsize|p1|6
|teamsize|p2|6
|gen|8
|tier|[Gen 8] RU
|rated|Tournament battle
|rule|Sleep Clause Mod: Limit one foe put to sleep
|rule|Species Clause: Limit one of each Pokémon
|rule|OHKO Clause: OHKO moves are banned
|rule|Evasion Items Clause: Evasion items are banned
|rule|Evasion Moves Clause: Evasion moves are banned
|rule|Endless Battle Clause: Forcing endless battles is banned
|rule|HP Percentage Mod: HP is shown in percentages
|rule|Dynamax Clause: You cannot dynamax
|clearpoke
|poke|p1|Aerodactyl, M|
|poke|p1|Polteageist-Antique|
|poke|p1|Mimikyu, F|
|poke|p1|Lucario, M|
|poke|p1|Starmie|
|poke|p1|Barbaracle, F|
|poke|p2|Weezing-Galar, F|
|poke|p2|Crobat, F|
|poke|p2|Steelix, M|
|poke|p2|Milotic, F|
|poke|p2|Audino, F|
|poke|p2|Xatu, F|
|teampreview
|j|*Lady Monita
|j| BB-8-NU
|inactive|hjkhj ㋛ also wants the timer to be on.
|inactive|LoSconosciuto also wants the timer to be on.
|j| Aftx
|j| 1stViolin76
|j| Charwillusher
|
|t:|1664161275
|start
|switch|p1a: Aerodactyl|Aerodactyl, M|100/100
|switch|p2a: Milotic|Milotic, F|100/100
|-ability|p1a: Aerodactyl|Unnerve
|turn|1
|j| MatiasTurko
|
|t:|1664161285
|move|p1a: Aerodactyl|Stone Edge|p2a: Milotic|[miss]
|-miss|p1a: Aerodactyl|p2a: Milotic
|move|p2a: Milotic|Scald|p1a: Aerodactyl
|-supereffective|p1a: Aerodactyl
|-crit|p1a: Aerodactyl
|-enditem|p1a: Aerodactyl|Focus Sash
|-damage|p1a: Aerodactyl|1/100
|
|upkeep
|turn|2
|
|t:|1664161289
|switch|p2a: Xatu|Xatu, F|100/100
|move|p1a: Aerodactyl|Stone Edge|p2a: Xatu
|-supereffective|p2a: Xatu
|-damage|p2a: Xatu|0 fnt
|faint|p2a: Xatu
|
|upkeep
|
|t:|1664161292
|switch|p2a: Steelix|Steelix, M|100/100
|turn|3
|
|t:|1664161296
|move|p1a: Aerodactyl|Taunt|p2a: Steelix
|-start|p2a: Steelix|move: Taunt
|move|p2a: Steelix|Heavy Slam|p1a: Aerodactyl
|-supereffective|p1a: Aerodactyl
|-damage|p1a: Aerodactyl|0 fnt
|faint|p1a: Aerodactyl
|
|upkeep
|
|t:|1664161315
|switch|p1a: Barbaracle|Barbaracle, F|100/100
|turn|4
|
|t:|1664161318
|move|p1a: Barbaracle|Liquidation|p2a: Steelix
|-supereffective|p2a: Steelix
|-damage|p2a: Steelix|38/100
|-damage|p1a: Barbaracle|91/100|[from] item: Life Orb
|move|p2a: Steelix|Earthquake|p1a: Barbaracle
|-supereffective|p1a: Barbaracle
|-damage|p1a: Barbaracle|20/100
|
|-heal|p2a: Steelix|44/100|[from] item: Leftovers
|upkeep
|turn|5
|
|t:|1664161328
|move|p1a: Barbaracle|Grass Knot|p2a: Steelix
|-crit|p2a: Steelix
|-damage|p2a: Steelix|1/100
|-damage|p1a: Barbaracle|11/100|[from] item: Life Orb
|move|p2a: Steelix|Earthquake|p1a: Barbaracle
|-supereffective|p1a: Barbaracle
|-damage|p1a: Barbaracle|0 fnt
|faint|p1a: Barbaracle
|
|-heal|p2a: Steelix|8/100|[from] item: Leftovers
|-end|p2a: Steelix|move: Taunt
|upkeep
|
|t:|1664161334
|switch|p1a: Starmie|Starmie|100/100
|turn|6
|
|t:|1664161338
|switch|p2a: Audino|Audino, F|100/100
|move|p1a: Starmie|Psychic|p2a: Audino
|-damage|p2a: Audino|65/100
|
|upkeep
|turn|7
|
|t:|1664161343
|switch|p1a: Lucario|Lucario, M|100/100
|move|p2a: Audino|Wish|p2a: Audino
|
|upkeep
|turn|8
|j| Godsomu07
|
|t:|1664161361
|switch|p2a: Crobat|Crobat, F|100/100
|move|p1a: Lucario|Swords Dance|p1a: Lucario
|-boost|p1a: Lucario|atk|2
|
|upkeep
|turn|9
|
|t:|1664161368
|move|p2a: Crobat|Haze|p2a: Crobat
|-clearallboost
|move|p1a: Lucario|Meteor Mash|p2a: Crobat
|-damage|p2a: Crobat|41/100
|-damage|p1a: Lucario|91/100|[from] item: Life Orb
|
|upkeep
|turn|10
|
|t:|1664161374
|move|p2a: Crobat|Roost|p2a: Crobat
|-heal|p2a: Crobat|91/100
|-singleturn|p2a: Crobat|move: Roost
|move|p1a: Lucario|Swords Dance|p1a: Lucario
|-boost|p1a: Lucario|atk|2
|
|upkeep
|turn|11
|
|t:|1664161379
|move|p1a: Lucario|Extreme Speed|p2a: Crobat
|-damage|p2a: Crobat|28/100
|-damage|p1a: Lucario|81/100|[from] item: Life Orb
|move|p2a: Crobat|Haze|p2a: Crobat
|-clearallboost
|
|upkeep
|turn|12
|
|t:|1664161382
|switch|p2a: Weezing|Weezing-Galar, F|100/100
|-ability|p2a: Weezing|Neutralizing Gas
|move|p1a: Lucario|Swords Dance|p1a: Lucario
|-boost|p1a: Lucario|atk|2
|
|upkeep
|turn|13
|
|t:|1664161386
|-end|p2a: Weezing|ability: Neutralizing Gas
|switch|p2a: Steelix|Steelix, M|8/100
|move|p1a: Lucario|Meteor Mash|p2a: Steelix|[miss]
|-miss|p1a: Lucario|p2a: Steelix
|
|-heal|p2a: Steelix|14/100|[from] item: Leftovers
|upkeep
|turn|14
|
|t:|1664161393
|move|p1a: Lucario|Close Combat|p2a: Steelix
|-supereffective|p2a: Steelix
|-damage|p2a: Steelix|0 fnt
|-unboost|p1a: Lucario|def|1
|-unboost|p1a: Lucario|spd|1
|faint|p2a: Steelix
|-damage|p1a: Lucario|71/100|[from] item: Life Orb
|
|upkeep
|j|+Fragments
|
|t:|1664161398
|switch|p2a: Crobat|Crobat, F|28/100
|turn|15
|
|t:|1664161401
|switch|p2a: Weezing|Weezing-Galar, F|100/100
|-ability|p2a: Weezing|Neutralizing Gas
|move|p1a: Lucario|Extreme Speed|p2a: Weezing
|-crit|p2a: Weezing
|-damage|p2a: Weezing|34/100
|-damage|p1a: Lucario|54/100|[from] item: Rocky Helmet|[of] p2a: Weezing
|-damage|p1a: Lucario|44/100|[from] item: Life Orb
|
|upkeep
|turn|16
|
|t:|1664161406
|move|p1a: Lucario|Extreme Speed|p2a: Weezing
|-damage|p2a: Weezing|0 fnt
|-damage|p1a: Lucario|28/100|[from] item: Rocky Helmet|[of] p2a: Weezing
|faint|p2a: Weezing
|-end|p2a: Weezing|ability: Neutralizing Gas
|-damage|p1a: Lucario|18/100|[from] item: Life Orb
|
|upkeep
|
|t:|1664161409
|switch|p2a: Crobat|Crobat, F|28/100
|turn|17
|
|t:|1664161411
|switch|p2a: Milotic|Milotic, F|100/100
|move|p1a: Lucario|Extreme Speed|p2a: Milotic
|-damage|p2a: Milotic|53/100
|-damage|p1a: Lucario|8/100|[from] item: Life Orb
|
|upkeep
|turn|18
|
|t:|1664161416
|switch|p2a: Crobat|Crobat, F|28/100
|move|p1a: Lucario|Close Combat|p2a: Crobat
|-resisted|p2a: Crobat
|-damage|p2a: Crobat|0 fnt
|-unboost|p1a: Lucario|def|1
|-unboost|p1a: Lucario|spd|1
|faint|p2a: Crobat
|-damage|p1a: Lucario|0 fnt|[from] item: Life Orb
|faint|p1a: Lucario
|
|upkeep
|
|t:|1664161426
|switch|p2a: Milotic|Milotic, F|53/100
|switch|p1a: Mimikyu|Mimikyu, F|100/100
|turn|19
|j| TxWillis
|
|t:|1664161440
|switch|p1a: Starmie|Starmie|100/100
|move|p2a: Milotic|Recover|p2a: Milotic
|-heal|p2a: Milotic|100/100
|
|upkeep
|turn|20
|
|t:|1664161444
|switch|p2a: Audino|Audino, F|99/100
|move|p1a: Starmie|Psychic|p2a: Audino
|-damage|p2a: Audino|67/100
|
|upkeep
|turn|21
|
|t:|1664161455
|move|p1a: Starmie|Psychic|p2a: Audino
|-damage|p2a: Audino|40/100
|move|p2a: Audino|Wish|p2a: Audino
|
|upkeep
|turn|22
|
|t:|1664161459
|move|p1a: Starmie|Psychic|p2a: Audino
|-damage|p2a: Audino|12/100
|move|p2a: Audino|Knock Off|p1a: Starmie
|-supereffective|p1a: Starmie
|-damage|p1a: Starmie|58/100
|-enditem|p1a: Starmie|Ring Target|[from] move: Knock Off|[of] p2a: Audino
|
|-heal|p2a: Audino|62/100|[from] move: Wish|[wisher] Audino
|upkeep
|turn|23
|
|t:|1664161464
|move|p1a: Starmie|Psychic|p2a: Audino
|-damage|p2a: Audino|37/100
|move|p2a: Audino|Wish|p2a: Audino
|
|upkeep
|turn|24
|
|t:|1664161467
|move|p2a: Audino|Protect|p2a: Audino
|-singleturn|p2a: Audino|Protect
|move|p1a: Starmie|Psychic|p2a: Audino
|-activate|p2a: Audino|move: Protect
|
|-heal|p2a: Audino|87/100|[from] move: Wish|[wisher] Audino
|upkeep
|turn|25
|
|t:|1664161469
|move|p1a: Starmie|Psychic|p2a: Audino
|-damage|p2a: Audino|63/100
|move|p2a: Audino|Wish|p2a: Audino
|
|upkeep
|turn|26
|
|t:|1664161472
|move|p1a: Starmie|Psychic|p2a: Audino
|-damage|p2a: Audino|38/100
|move|p2a: Audino|Knock Off|p1a: Starmie
|-supereffective|p1a: Starmie
|-damage|p1a: Starmie|28/100
|
|-heal|p2a: Audino|88/100|[from] move: Wish|[wisher] Audino
|upkeep
|turn|27
|
|t:|1664161478
|move|p1a: Starmie|Ice Beam|p2a: Audino
|-damage|p2a: Audino|70/100
|move|p2a: Audino|Wish|p2a: Audino
|
|upkeep
|turn|28
|
|t:|1664161480
|move|p1a: Starmie|Ice Beam|p2a: Audino
|-damage|p2a: Audino|54/100
|move|p2a: Audino|Knock Off|p1a: Starmie
|-supereffective|p1a: Starmie
|-crit|p1a: Starmie
|-damage|p1a: Starmie|0 fnt
|faint|p1a: Starmie
|
|-heal|p2a: Audino|100/100|[from] move: Wish|[wisher] Audino
|upkeep
|
|t:|1664161483
|switch|p1a: Mimikyu|Mimikyu, F|100/100
|turn|29
|
|t:|1664161486
|move|p1a: Mimikyu|Swords Dance|p1a: Mimikyu
|-boost|p1a: Mimikyu|atk|2
|move|p2a: Audino|Encore|p1a: Mimikyu
|-start|p1a: Mimikyu|Encore
|
|upkeep
|turn|30
|
|t:|1664161492
|switch|p2a: Milotic|Milotic, F|100/100
|move|p1a: Mimikyu|Swords Dance|p1a: Mimikyu
|-boost|p1a: Mimikyu|atk|2
|
|upkeep
|turn|31
|
|t:|1664161495
|move|p1a: Mimikyu|Swords Dance|p1a: Mimikyu
|-boost|p1a: Mimikyu|atk|2
|move|p2a: Milotic|Toxic|p1a: Mimikyu
|-status|p1a: Mimikyu|tox
|
|-damage|p1a: Mimikyu|95/100 tox|[from] psn
|upkeep
|turn|32
|
|t:|1664161498
|move|p1a: Mimikyu|Swords Dance|p1a: Mimikyu
|-boost|p1a: Mimikyu|atk|0
|move|p2a: Milotic|Haze|p2a: Milotic
|-clearallboost
|
|-damage|p1a: Mimikyu|83/100 tox|[from] psn
|-end|p1a: Mimikyu|Encore
|upkeep
|turn|33
|
|t:|1664161503
|move|p1a: Mimikyu|Swords Dance|p1a: Mimikyu
|-boost|p1a: Mimikyu|atk|2
|move|p2a: Milotic|Scald|p1a: Mimikyu
|-activate|p1a: Mimikyu|ability: Disguise
|-damage|p1a: Mimikyu|83/100 tox
|detailschange|p1a: Mimikyu|Mimikyu-Busted, F
|-damage|p1a: Mimikyu|70/100 tox|[from] pokemon: Mimikyu-Busted
|
|-damage|p1a: Mimikyu|52/100 tox|[from] psn
|upkeep
|turn|34
|
|t:|1664161509
|move|p1a: Mimikyu|Play Rough|p2a: Milotic
|-damage|p2a: Milotic|32/100
|-damage|p1a: Mimikyu|42/100 tox|[from] item: Life Orb
|move|p2a: Milotic|Scald|p1a: Mimikyu
|-damage|p1a: Mimikyu|8/100 tox
|
|-damage|p1a: Mimikyu|0 fnt|[from] psn
|faint|p1a: Mimikyu
|upkeep
|
|t:|1664161512
|switch|p1a: Polteageist|Polteageist-Antique|100/100
|turn|35
|
|t:|1664161521
|move|p1a: Polteageist|Giga Drain|p2a: Milotic
|-supereffective|p2a: Milotic
|-damage|p2a: Milotic|0 fnt
|faint|p2a: Milotic
|
|upkeep
|
|t:|1664161522
|switch|p2a: Audino|Audino, F|100/100
|turn|36
|
|t:|1664161525
|move|p1a: Polteageist|Shell Smash|p1a: Polteageist
|-unboost|p1a: Polteageist|def|1
|-unboost|p1a: Polteageist|spd|1
|-boost|p1a: Polteageist|atk|2
|-boost|p1a: Polteageist|spa|2
|-boost|p1a: Polteageist|spe|2
|move|p2a: Audino|Encore|p1a: Polteageist
|-start|p1a: Polteageist|Encore
|
|upkeep
|turn|37
|
|t:|1664161530
|move|p1a: Polteageist|Shell Smash|p1a: Polteageist
|-unboost|p1a: Polteageist|def|1
|-unboost|p1a: Polteageist|spd|1
|-boost|p1a: Polteageist|atk|2
|-boost|p1a: Polteageist|spa|2
|-boost|p1a: Polteageist|spe|2
|move|p2a: Audino|Knock Off|p1a: Polteageist
|-supereffective|p1a: Polteageist
|-enditem|p1a: Polteageist|Focus Sash
|-damage|p1a: Polteageist|1/100
|-ability|p1a: Polteageist|Weak Armor|boost
|-unboost|p1a: Polteageist|def|1
|-boost|p1a: Polteageist|spe|2
|
|upkeep
|turn|38
|c|☆LoSconosciuto|GG
|j| forsh ❀
|c|☆hjkhj ㋛|gg
|
|t:|1664161535
|move|p1a: Polteageist|Shell Smash|p1a: Polteageist
|-unboost|p1a: Polteageist|def|1
|-unboost|p1a: Polteageist|spd|1
|-boost|p1a: Polteageist|atk|2
|-boost|p1a: Polteageist|spa|2
|-boost|p1a: Polteageist|spe|0
|move|p2a: Audino|Knock Off|p1a: Polteageist
|-supereffective|p1a: Polteageist
|-crit|p1a: Polteageist
|-damage|p1a: Polteageist|0 fnt
|faint|p1a: Polteageist
|
|win|hjkhj ㋛
|n|☆LoSconosciuto|losconosciuto
|n|☆hjkhj ㋛|hjkhj
|n|*Lady Monita|ladymonita
|n| BB-8-NU|bb8nu
|n| Aftx|aftx
|n| 1stViolin76|1stviolin76
|n| Charwillusher|charwillusher
|n| MatiasTurko|matiasturko
|n| Godsomu07|godsomu07
|n|+Fragments|fragments
|n| TxWillis|txwillis
|n| forsh ❀|forsh
