|j|☆Hogline
|j|☆Splashinganteater
|t:|1617629663
|gametype|singles
|player|p1|Hogline|richboy-gen4|1388
|player|p2|Splashinganteater|palmer|1391
|teamsize|p1|6
|teamsize|p2|6
|gen|8
|tier|[Gen 8] RU
|rated|
|clearpoke
|poke|p1|Golisopod, F|
|poke|p1|Raikou|
|poke|p1|Togekiss, M|
|poke|p1|Suicune|
|poke|p1|Zarude|
|poke|p1|Barraskewda, F|
|poke|p2|Dragalge, M|
|poke|p2|Zarude|
|poke|p2|Steelix, M|
|poke|p2|Mienshao, M|
|poke|p2|Togekiss, F|
|poke|p2|Volcanion|
|rule|Sleep Clause Mod: Limit one foe put to sleep
|rule|Species Clause: Limit one of each Pokémon
|rule|OHKO Clause: OHKO moves are banned
|rule|Evasion Moves Clause: Evasion moves are banned
|rule|Endless Battle Clause: Forcing endless battles is banned
|rule|HP Percentage Mod: HP is shown in percentages
|rule|Dynamax Clause: You cannot dynamax
|teampreview
|
|t:|1617629687
|start
|switch|p1a: Suicune|Suicune|100/100
|switch|p2a: Mienshao|Mienshao, M|100/100
|-ability|p1a: Suicune|Pressure
|turn|1
|
|t:|1617629702
|move|p1a: Suicune|Protect|p1a: Suicune
|-singleturn|p1a: Suicune|Protect
|move|p2a: Mienshao|Knock Off|p1a: Suicune
|-activate|p1a: Suicune|move: Protect
|
|upkeep
|turn|2
|
|t:|1617629716
|move|p2a: Mienshao|Knock Off|p1a: Suicune
|-damage|p1a: Suicune|75/100
|-enditem|p1a: Suicune|Leftovers|[from] move: Knock Off|[of] p2a: Mienshao
|move|p1a: Suicune|Scald|p2a: Mienshao
|-damage|p2a: Mienshao|53/100
|
|upkeep
|turn|3
|
|t:|1617629730
|switch|p2a: Zarude|Zarude|100/100
|move|p1a: Suicune|Toxic|p2a: Zarude
|-status|p2a: Zarude|tox
|
|-damage|p2a: Zarude|95/100 tox|[from] psn
|upkeep
|turn|4
|
|t:|1617629735
|move|p1a: Suicune|Protect|p1a: Suicune
|-singleturn|p1a: Suicune|Protect
|move|p2a: Zarude|Jungle Healing|p2a: Zarude
|-heal|p2a: Zarude|100/100 tox
|-curestatus|p2a: Zarude|tox|[msg]
|
|upkeep
|turn|5
|
|t:|1617629743
|switch|p1a: Togekiss|Togekiss, M|100/100
|move|p2a: Zarude|Power Whip|p1a: Togekiss
|-resisted|p1a: Togekiss
|-damage|p1a: Togekiss|80/100
|
|upkeep
|turn|6
|
|t:|1617629753
|switch|p1a: Barraskewda|Barraskewda, F|100/100
|move|p2a: Zarude|U-turn|p1a: Barraskewda
|-damage|p1a: Barraskewda|52/100
|inactive|Battle timer is ON: inactive players will automatically lose when time's up. (requested by Hogline)
|
|t:|1617629771
|switch|p2a: Mienshao|Mienshao, M|86/100|[from]move: U-turn
|
|upkeep
|turn|7
|
|t:|1617629784
|switch|p1a: Togekiss|Togekiss, M|80/100
|move|p2a: Mienshao|U-turn|p1a: Togekiss
|-resisted|p1a: Togekiss
|-damage|p1a: Togekiss|75/100
|
|t:|1617629808
|switch|p2a: Steelix|Steelix, M|100/100|[from]move: U-turn
|
|upkeep
|turn|8
|
|t:|1617629812
|switch|p1a: Golisopod|Golisopod, F|100/100
|move|p2a: Steelix|Stealth Rock|p1a: Golisopod
|-sidestart|p1: Hogline|move: Stealth Rock
|
|upkeep
|turn|9
|
|t:|1617629819
|switch|p2a: Volcanion|Volcanion|100/100
|move|p1a: Golisopod|Spikes|p2a: Volcanion
|-sidestart|p2: Splashinganteater|Spikes
|
|upkeep
|turn|10
|
|t:|1617629825
|move|p2a: Volcanion|Flamethrower|p1a: Golisopod
|-damage|p1a: Golisopod|51/100
|-status|p1a: Golisopod|brn
|move|p1a: Golisopod|Knock Off|p2a: Volcanion
|-crit|p2a: Volcanion
|-damage|p2a: Volcanion|73/100
|-enditem|p2a: Volcanion|Heavy-Duty Boots|[from] move: Knock Off|[of] p1a: Golisopod
|
|-damage|p1a: Golisopod|45/100 brn|[from] brn
|upkeep
|-activate|p1a: Golisopod|ability: Emergency Exit
|
|t:|1617629834
|switch|p1a: Raikou|Raikou|100/100
|-damage|p1a: Raikou|88/100|[from] Stealth Rock
|-ability|p1a: Raikou|Pressure
|turn|11
|
|t:|1617629841
|switch|p2a: Dragalge|Dragalge, M, shiny|100/100
|-damage|p2a: Dragalge|88/100|[from] Spikes
|move|p1a: Raikou|Aura Sphere|p2a: Dragalge
|-resisted|p2a: Dragalge
|-damage|p2a: Dragalge|72/100
|
|-heal|p2a: Dragalge|78/100|[from] item: Black Sludge
|upkeep
|turn|12
|
|t:|1617629847
|switch|p1a: Golisopod|Golisopod, F|45/100 brn
|move|p2a: Dragalge|Sludge Bomb|p1a: Golisopod
|-damage|p1a: Golisopod|0 fnt
|faint|p1a: Golisopod
|
|-heal|p2a: Dragalge|84/100|[from] item: Black Sludge
|upkeep
|
|t:|1617629855
|switch|p1a: Barraskewda|Barraskewda, F|52/100
|-damage|p1a: Barraskewda|40/100|[from] Stealth Rock
|turn|13
|
|t:|1617629860
|switch|p2a: Zarude|Zarude|100/100
|move|p1a: Barraskewda|Close Combat|p2a: Zarude
|-supereffective|p2a: Zarude
|-damage|p2a: Zarude|0 fnt
|-unboost|p1a: Barraskewda|def|1
|-unboost|p1a: Barraskewda|spd|1
|faint|p2a: Zarude
|
|upkeep
|
|t:|1617629864
|switch|p2a: Mienshao|Mienshao, M|100/100
|-damage|p2a: Mienshao|88/100|[from] Spikes
|turn|14
|
|t:|1617629870
|switch|p1a: Suicune|Suicune|75/100
|-damage|p1a: Suicune|62/100|[from] Stealth Rock
|-ability|p1a: Suicune|Pressure
|move|p2a: Mienshao|Knock Off|p1a: Suicune
|-damage|p1a: Suicune|47/100
|
|upkeep
|turn|15
|
|t:|1617629876
|switch|p2a: Dragalge|Dragalge, M, shiny|84/100
|-damage|p2a: Dragalge|72/100|[from] Spikes
|move|p1a: Suicune|Substitute|p1a: Suicune
|-start|p1a: Suicune|Substitute
|-damage|p1a: Suicune|22/100
|
|-heal|p2a: Dragalge|78/100|[from] item: Black Sludge
|upkeep
|turn|16
|
|t:|1617629879
|move|p1a: Suicune|Protect|p1a: Suicune
|-singleturn|p1a: Suicune|Protect
|move|p2a: Dragalge|Sludge Bomb|p1a: Suicune
|-activate|p1a: Suicune|move: Protect
|
|-heal|p2a: Dragalge|84/100|[from] item: Black Sludge
|upkeep
|turn|17
|
|t:|1617629881
|move|p1a: Suicune|Scald|p2a: Dragalge
|-resisted|p2a: Dragalge
|-damage|p2a: Dragalge|74/100
|move|p2a: Dragalge|Sludge Bomb|p1a: Suicune
|-end|p1a: Suicune|Substitute
|
|-heal|p2a: Dragalge|80/100|[from] item: Black Sludge
|upkeep
|turn|18
|
|t:|1617629889
|move|p1a: Suicune|Scald|p2a: Dragalge
|-resisted|p2a: Dragalge
|-damage|p2a: Dragalge|68/100
|-status|p2a: Dragalge|brn
|move|p2a: Dragalge|Sludge Bomb|p1a: Suicune
|-damage|p1a: Suicune|0 fnt
|faint|p1a: Suicune
|
|-heal|p2a: Dragalge|74/100 brn|[from] item: Black Sludge
|-damage|p2a: Dragalge|68/100 brn|[from] brn
|upkeep
|
|t:|1617629892
|switch|p1a: Barraskewda|Barraskewda, F|40/100
|-damage|p1a: Barraskewda|28/100|[from] Stealth Rock
|turn|19
|
|t:|1617629902
|switch|p2a: Volcanion|Volcanion|73/100
|-damage|p2a: Volcanion|60/100|[from] Spikes
|move|p1a: Barraskewda|Psychic Fangs|p2a: Volcanion
|-damage|p2a: Volcanion|18/100
|
|upkeep
|turn|20
|
|t:|1617629905
|move|p1a: Barraskewda|Psychic Fangs|p2a: Volcanion
|-damage|p2a: Volcanion|0 fnt
|faint|p2a: Volcanion
|
|upkeep
|
|t:|1617629907
|switch|p2a: Mienshao|Mienshao, M|100/100
|-damage|p2a: Mienshao|88/100|[from] Spikes
|turn|21
|
|t:|1617629916
|switch|p1a: Togekiss|Togekiss, M|75/100
|move|p2a: Mienshao|U-turn|p1a: Togekiss
|-resisted|p1a: Togekiss
|-damage|p1a: Togekiss|71/100
|
|t:|1617629921
|switch|p2a: Dragalge|Dragalge, M, shiny|68/100 brn|[from]move: U-turn
|-damage|p2a: Dragalge|56/100 brn|[from] Spikes
|
|-heal|p2a: Dragalge|62/100 brn|[from] item: Black Sludge
|-damage|p2a: Dragalge|56/100 brn|[from] brn
|upkeep
|turn|22
|
|t:|1617629925
|switch|p1a: Zarude|Zarude|100/100
|-damage|p1a: Zarude|88/100|[from] Stealth Rock
|move|p2a: Dragalge|Sludge Bomb|p1a: Zarude
|-supereffective|p1a: Zarude
|-damage|p1a: Zarude|0 fnt
|faint|p1a: Zarude
|
|-heal|p2a: Dragalge|62/100 brn|[from] item: Black Sludge
|-damage|p2a: Dragalge|56/100 brn|[from] brn
|upkeep
|
|t:|1617629927
|switch|p1a: Barraskewda|Barraskewda, F|28/100
|-damage|p1a: Barraskewda|16/100|[from] Stealth Rock
|turn|23
|
|t:|1617629938
|switch|p2a: Togekiss|Togekiss, F|100/100
|move|p1a: Barraskewda|Liquidation|p2a: Togekiss
|-damage|p2a: Togekiss|54/100
|
|upkeep
|turn|24
|
|t:|1617629951
|move|p1a: Barraskewda|Liquidation|p2a: Togekiss
|-damage|p2a: Togekiss|9/100
|-unboost|p2a: Togekiss|def|1
|move|p2a: Togekiss|Wish|p2a: Togekiss
|
|upkeep
|turn|25
|
|t:|1617629963
|switch|p2a: Dragalge|Dragalge, M, shiny|56/100 brn
|-damage|p2a: Dragalge|44/100 brn|[from] Spikes
|move|p1a: Barraskewda|Liquidation|p2a: Dragalge
|-resisted|p2a: Dragalge
|-damage|p2a: Dragalge|8/100 brn
|
|-heal|p2a: Dragalge|64/100 brn|[from] move: Wish|[wisher] Togekiss
|-heal|p2a: Dragalge|70/100 brn|[from] item: Black Sludge
|-damage|p2a: Dragalge|64/100 brn|[from] brn
|upkeep
|turn|26
|
|t:|1617629976
|switch|p1a: Raikou|Raikou|88/100
|-damage|p1a: Raikou|76/100|[from] Stealth Rock
|-ability|p1a: Raikou|Pressure
|switch|p2a: Togekiss|Togekiss, F|9/100
|
|upkeep
|turn|27
|
|t:|1617629983
|move|p1a: Raikou|Scald|p2a: Togekiss
|-crit|p2a: Togekiss
|-damage|p2a: Togekiss|0 fnt
|faint|p2a: Togekiss
|
|upkeep
|
|t:|1617629991
|switch|p2a: Mienshao|Mienshao, M|100/100
|-damage|p2a: Mienshao|88/100|[from] Spikes
|turn|28
|
|t:|1617629993
|move|p2a: Mienshao|U-turn|p1a: Raikou
|-damage|p1a: Raikou|43/100
|
|t:|1617629996
|switch|p2a: Dragalge|Dragalge, M, shiny|64/100 brn|[from]move: U-turn
|-damage|p2a: Dragalge|52/100 brn|[from] Spikes
|move|p1a: Raikou|Scald|p2a: Dragalge
|-resisted|p2a: Dragalge
|-damage|p2a: Dragalge|36/100 brn
|
|-heal|p2a: Dragalge|42/100 brn|[from] item: Black Sludge
|-damage|p2a: Dragalge|36/100 brn|[from] brn
|upkeep
|turn|29
|
|t:|1617630002
|move|p1a: Raikou|Scald|p2a: Dragalge
|-resisted|p2a: Dragalge
|-damage|p2a: Dragalge|19/100 brn
|move|p2a: Dragalge|Sludge Bomb|p1a: Raikou
|-damage|p1a: Raikou|0 fnt
|faint|p1a: Raikou
|
|-heal|p2a: Dragalge|25/100 brn|[from] item: Black Sludge
|-damage|p2a: Dragalge|19/100 brn|[from] brn
|upkeep
|
|t:|1617630006
|switch|p1a: Togekiss|Togekiss, M|71/100
|turn|30
|
|t:|1617630008
|move|p1a: Togekiss|Air Slash|p2a: Dragalge
|-damage|p2a: Dragalge|0 fnt
|faint|p2a: Dragalge
|
|upkeep
|
|t:|1617630010
|switch|p2a: Steelix|Steelix, M|100/100
|-damage|p2a: Steelix|88/100|[from] Spikes
|turn|31
|
|t:|1617630013
|move|p1a: Togekiss|Air Slash|p2a: Steelix
|-resisted|p2a: Steelix
|-damage|p2a: Steelix|75/100
|cant|p2a: Steelix|flinch
|
|-heal|p2a: Steelix|82/100|[from] item: Leftovers
|upkeep
|turn|32
|
|t:|1617630018
|move|p1a: Togekiss|Air Slash|p2a: Steelix
|-resisted|p2a: Steelix
|-damage|p2a: Steelix|69/100
|move|p2a: Steelix|Heavy Slam|p1a: Togekiss
|-supereffective|p1a: Togekiss
|-damage|p1a: Togekiss|19/100
|
|-heal|p2a: Steelix|75/100|[from] item: Leftovers
|upkeep
|turn|33
|
|t:|1617630026
|move|p1a: Togekiss|Air Slash|p2a: Steelix
|-resisted|p2a: Steelix
|-damage|p2a: Steelix|62/100
|cant|p2a: Steelix|flinch
|
|-heal|p2a: Steelix|69/100|[from] item: Leftovers
|upkeep
|turn|34
|
|t:|1617630030
|move|p1a: Togekiss|Air Slash|p2a: Steelix
|-resisted|p2a: Steelix
|-damage|p2a: Steelix|54/100
|move|p2a: Steelix|Heavy Slam|p1a: Togekiss
|-supereffective|p1a: Togekiss
|-damage|p1a: Togekiss|0 fnt
|faint|p1a: Togekiss
|
|-heal|p2a: Steelix|60/100|[from] item: Leftovers
|upkeep
|
|t:|1617630033
|switch|p1a: Barraskewda|Barraskewda, F|16/100
|-damage|p1a: Barraskewda|4/100|[from] Stealth Rock
|turn|35
|
|t:|1617630036
|move|p1a: Barraskewda|Liquidation|p2a: Steelix
|-supereffective|p2a: Steelix
|-damage|p2a: Steelix|0 fnt
|faint|p2a: Steelix
|
|upkeep
|
|t:|1617630038
|switch|p2a: Mienshao|Mienshao, M|100/100
|-damage|p2a: Mienshao|88/100|[from] Spikes
|turn|36
|
|t:|1617630041
|move|p2a: Mienshao|Close Combat|p1a: Barraskewda
|-damage|p1a: Barraskewda|0 fnt
|-unboost|p2a: Mienshao|def|1
|-unboost|p2a: Mienshao|spd|1
|faint|p1a: Barraskewda
|
|win|Splashinganteater
|raw|Hogline's rating: 1388 &rarr; <strong>1368</strong><br />(-20 for losing)
|raw|Splashinganteater's rating: 1391 &rarr; <strong>1411</strong><br />(+20 for winning)
|l|☆Hogline
