|j|☆Mfong123
|j|☆eclecticempiricist
|player|p1|Mfong123|2|1330
|player|p2|eclecticempiricist|1|1255
|teamsize|p1|6
|teamsize|p2|6
|gametype|singles
|gen|8
|tier|[Gen 8] RU
|rated|
|clearpoke
|poke|p1|Froslass, F|
|poke|p1|Cinccino, M|
|poke|p1|Eldegoss, F|
|poke|p1|Salazzle, F|
|poke|p1|Passimian, F|
|poke|p1|Runerigus, F|
|poke|p2|Trapinch, M|
|poke|p2|Charizard, M|
|poke|p2|Whimsicott, F|
|poke|p2|Ninetales, F|
|poke|p2|Silvally-*|
|poke|p2|Vileplume, M|
|rule|Sleep Clause Mod: Limit one foe put to sleep
|rule|Species Clause: Limit one of each Pokémon
|rule|OHKO Clause: OHKO moves are banned
|rule|Evasion Moves Clause: Evasion moves are banned
|rule|Endless Battle Clause: Forcing endless battles is banned
|rule|HP Percentage Mod: HP is shown in percentages
|rule|Dynamax Clause: You cannot dynamax
|teampreview
|inactive|Battle timer is ON: inactive players will automatically lose when time's up. (requested by eclecticempiricist)
|
|start
|switch|p1a: Froslass|Froslass, F|100/100
|switch|p2a: Ninetales|Ninetales, F|100/100
|-weather|SunnyDay|[from] ability: Drought|[of] p2a: Ninetales
|turn|1
|
|move|p1a: Froslass|Spikes|p2a: Ninetales
|-sidestart|p2: eclecticempiricist|Spikes
|move|p2a: Ninetales|Overheat|p1a: Froslass
|-supereffective|p1a: Froslass
|-enditem|p1a: Froslass|Focus Sash
|-damage|p1a: Froslass|1/100
|-unboost|p2a: Ninetales|spa|2
|-enditem|p2a: Ninetales|Eject Pack
|
|switch|p2a: Whimsicott|Whimsicott, F|100/100
|-damage|p2a: Whimsicott|88/100|[from] Spikes
|
|-weather|SunnyDay|[upkeep]
|upkeep
|turn|2
|
|switch|p1a: Salazzle|Salazzle, F|100/100
|move|p2a: Whimsicott|Moonblast|p1a: Salazzle
|-resisted|p1a: Salazzle
|-damage|p1a: Salazzle|82/100
|-damage|p2a: Whimsicott|78/100|[from] item: Life Orb
|
|-weather|SunnyDay|[upkeep]
|-heal|p1a: Salazzle|88/100|[from] item: Leftovers
|upkeep
|turn|3
|
|move|p2a: Whimsicott|Psychic|p1a: Salazzle
|-supereffective|p1a: Salazzle
|-damage|p1a: Salazzle|0 fnt
|-damage|p2a: Whimsicott|68/100|[from] item: Life Orb
|faint|p1a: Salazzle
|
|-weather|SunnyDay|[upkeep]
|upkeep
|
|switch|p1a: Passimian|Passimian, F|100/100
|turn|4
|
|move|p2a: Whimsicott|Moonblast|p1a: Passimian
|-supereffective|p1a: Passimian
|-damage|p1a: Passimian|0 fnt
|-damage|p2a: Whimsicott|58/100|[from] item: Life Orb
|faint|p1a: Passimian
|
|-weather|SunnyDay|[upkeep]
|upkeep
|c|☆eclecticempiricist|whimsigoat
|c|☆Mfong123|didnt even know it got chlor
|inactive|Mfong123 has 120 seconds left.
|c|☆Mfong123|geez
|
|switch|p1a: Eldegoss|Eldegoss, F|100/100
|turn|5
|
|move|p2a: Whimsicott|Defog|p1a: Eldegoss
|-unboost|p1a: Eldegoss|evasion|1
|-sideend|p2: eclecticempiricist|Spikes|[from] move: Defog|[of] p2a: Whimsicott
|move|p1a: Eldegoss|Rapid Spin|p2a: Whimsicott
|-damage|p2a: Whimsicott|51/100
|-boost|p1a: Eldegoss|spe|1
|
|-weather|none
|upkeep
|turn|6
|
|switch|p2a: Vileplume|Vileplume, M|100/100
|move|p1a: Eldegoss|Rapid Spin|p2a: Vileplume
|-damage|p2a: Vileplume|95/100
|-boost|p1a: Eldegoss|spe|1
|
|upkeep
|turn|7
|-message|Mfong123 forfeited.
|
|win|eclecticempiricist
|l|☆Mfong123
