|j|☆Milothedog20
|j|☆R3d_VGC
|t:|1664551377
|gametype|singles
|player|p1|Milothedog20|1|1310
|player|p2|R3d_VGC|1|1462
|teamsize|p1|6
|teamsize|p2|6
|gen|8
|tier|[Gen 8] RU
|rated|
|rule|Sleep Clause Mod: Limit one foe put to sleep
|rule|Species Clause: Limit one of each Pokémon
|rule|OHKO Clause: OHKO moves are banned
|rule|Evasion Items Clause: Evasion items are banned
|rule|Evasion Moves Clause: Evasion moves are banned
|rule|Endless Battle Clause: Forcing endless battles is banned
|rule|HP Percentage Mod: HP is shown in percentages
|rule|Dynamax Clause: You cannot dynamax
|clearpoke
|poke|p1|Gardevoir, M|
|poke|p1|Sharpedo, F|
|poke|p1|Reuniclus, F|
|poke|p1|Registeel|
|poke|p1|Togekiss, F|
|poke|p1|Milotic, F|
|poke|p2|Lucario, F|
|poke|p2|Slurpuff, M|
|poke|p2|Incineroar, M|
|poke|p2|Milotic, F|
|poke|p2|Tsareena, F|
|poke|p2|Polteageist|
|teampreview
|
|t:|1664551392
|start
|switch|p1a: Togekiss|Togekiss, F|100/100
|switch|p2a: Incineroar|Incineroar, M|100/100
|-ability|p2a: Incineroar|Intimidate|boost
|-unboost|p1a: Togekiss|atk|1
|turn|1
|inactive|Battle timer is ON: inactive players will automatically lose when time's up. (requested by Milothedog20)
|
|t:|1664551401
|move|p1a: Togekiss|Thunder Wave|p2a: Incineroar
|-status|p2a: Incineroar|par
|move|p2a: Incineroar|Parting Shot|p1a: Togekiss
|-unboost|p1a: Togekiss|atk|1
|-unboost|p1a: Togekiss|spa|1
|
|t:|1664551405
|switch|p2a: Lucario|Lucario, F|100/100|[from]move: Parting Shot
|
|upkeep
|turn|2
|
|t:|1664551408
|move|p2a: Lucario|Meteor Mash|p1a: Togekiss
|-supereffective|p1a: Togekiss
|-damage|p1a: Togekiss|2/100
|-damage|p2a: Lucario|91/100|[from] item: Life Orb
|move|p1a: Togekiss|Thunder Wave|p2a: Lucario
|-status|p2a: Lucario|par
|
|upkeep
|turn|3
|
|t:|1664551417
|switch|p1a: Milotic|Milotic, F|100/100
|move|p2a: Lucario|Extreme Speed|p1a: Milotic
|-damage|p1a: Milotic|76/100
|-damage|p2a: Lucario|81/100 par|[from] item: Life Orb
|
|-heal|p1a: Milotic|82/100|[from] item: Leftovers
|upkeep
|turn|4
|
|t:|1664551428
|move|p1a: Milotic|Scald|p2a: Lucario
|-damage|p2a: Lucario|36/100 par
|move|p2a: Lucario|Close Combat|p1a: Milotic
|-damage|p1a: Milotic|27/100
|-unboost|p2a: Lucario|def|1
|-unboost|p2a: Lucario|spd|1
|-damage|p2a: Lucario|26/100 par|[from] item: Life Orb
|
|-heal|p1a: Milotic|33/100|[from] item: Leftovers
|upkeep
|turn|5
|
|t:|1664551434
|cant|p2a: Lucario|par
|move|p1a: Milotic|Recover|p1a: Milotic
|-heal|p1a: Milotic|83/100
|
|-heal|p1a: Milotic|89/100|[from] item: Leftovers
|upkeep
|turn|6
|
|t:|1664551438
|move|p2a: Lucario|Extreme Speed|p1a: Milotic
|-damage|p1a: Milotic|64/100
|-damage|p2a: Lucario|16/100 par|[from] item: Life Orb
|move|p1a: Milotic|Scald|p2a: Lucario
|-damage|p2a: Lucario|0 fnt
|faint|p2a: Lucario
|
|-heal|p1a: Milotic|71/100|[from] item: Leftovers
|upkeep
|
|t:|1664551450
|switch|p2a: Polteageist|Polteageist|100/100
|turn|7
|
|t:|1664551453
|move|p2a: Polteageist|Shell Smash|p2a: Polteageist
|-unboost|p2a: Polteageist|def|1
|-unboost|p2a: Polteageist|spd|1
|-boost|p2a: Polteageist|atk|2
|-boost|p2a: Polteageist|spa|2
|-boost|p2a: Polteageist|spe|2
|move|p1a: Milotic|Toxic|p2a: Polteageist
|-status|p2a: Polteageist|tox
|
|-heal|p1a: Milotic|77/100|[from] item: Leftovers
|-damage|p2a: Polteageist|94/100 tox|[from] psn
|upkeep
|turn|8
|
|t:|1664551459
|move|p2a: Polteageist|Giga Drain|p1a: Milotic
|-supereffective|p1a: Milotic
|-damage|p1a: Milotic|0 fnt
|-heal|p2a: Polteageist|100/100 tox|[from] drain|[of] p1a: Milotic
|faint|p1a: Milotic
|
|-damage|p2a: Polteageist|88/100 tox|[from] psn
|upkeep
|
|t:|1664551464
|switch|p1a: Registeel|Registeel|100/100
|turn|9
|
|t:|1664551467
|move|p1a: Registeel|Protect|p1a: Registeel
|-singleturn|p1a: Registeel|Protect
|move|p2a: Polteageist|Shadow Ball|p1a: Registeel
|-activate|p1a: Registeel|move: Protect
|
|-damage|p2a: Polteageist|70/100 tox|[from] psn
|upkeep
|turn|10
|
|t:|1664551476
|switch|p1a: Togekiss|Togekiss, F|2/100
|move|p2a: Polteageist|Shadow Ball|p1a: Togekiss
|-damage|p1a: Togekiss|0 fnt
|faint|p1a: Togekiss
|
|-damage|p2a: Polteageist|46/100 tox|[from] psn
|upkeep
|
|t:|1664551481
|switch|p1a: Registeel|Registeel|100/100
|turn|11
|
|t:|1664551483
|move|p1a: Registeel|Protect|p1a: Registeel
|-singleturn|p1a: Registeel|Protect
|move|p2a: Polteageist|Shell Smash|p2a: Polteageist
|-unboost|p2a: Polteageist|def|1
|-unboost|p2a: Polteageist|spd|1
|-boost|p2a: Polteageist|atk|2
|-boost|p2a: Polteageist|spa|2
|-boost|p2a: Polteageist|spe|2
|
|-damage|p2a: Polteageist|15/100 tox|[from] psn
|upkeep
|turn|12
|
|t:|1664551488
|move|p2a: Polteageist|Giga Drain|p1a: Registeel
|-resisted|p1a: Registeel
|-damage|p1a: Registeel|79/100
|-heal|p2a: Polteageist|30/100 tox|[from] drain|[of] p1a: Registeel
|move|p1a: Registeel|Stealth Rock|p2a: Polteageist
|-sidestart|p2: R3d_VGC|move: Stealth Rock
|
|-heal|p1a: Registeel|85/100|[from] item: Leftovers
|-damage|p2a: Polteageist|0 fnt|[from] psn
|faint|p2a: Polteageist
|upkeep
|
|t:|1664551498
|switch|p2a: Slurpuff|Slurpuff, M|100/100
|-damage|p2a: Slurpuff|88/100|[from] Stealth Rock
|turn|13
|
|t:|1664551503
|move|p2a: Slurpuff|Belly Drum|p2a: Slurpuff
|-damage|p2a: Slurpuff|38/100
|-setboost|p2a: Slurpuff|atk|6|[from] move: Belly Drum
|-enditem|p2a: Slurpuff|Sitrus Berry|[eat]
|-heal|p2a: Slurpuff|63/100|[from] item: Sitrus Berry
|move|p1a: Registeel|Seismic Toss|p2a: Slurpuff
|-damage|p2a: Slurpuff|35/100
|
|-heal|p1a: Registeel|91/100|[from] item: Leftovers
|upkeep
|turn|14
|
|t:|1664551508
|switch|p1a: Reuniclus|Reuniclus, F|100/100
|move|p2a: Slurpuff|Drain Punch|p1a: Reuniclus
|-resisted|p1a: Reuniclus
|-damage|p1a: Reuniclus|66/100
|-heal|p2a: Slurpuff|56/100|[from] drain|[of] p1a: Reuniclus
|
|upkeep
|turn|15
|
|t:|1664551516
|move|p2a: Slurpuff|Play Rough|p1a: Reuniclus
|-damage|p1a: Reuniclus|0 fnt
|faint|p1a: Reuniclus
|
|upkeep
|
|t:|1664551519
|switch|p1a: Sharpedo|Sharpedo, F|100/100
|turn|16
|
|t:|1664551522
|move|p1a: Sharpedo|Protect|p1a: Sharpedo
|-singleturn|p1a: Sharpedo|Protect
|move|p2a: Slurpuff|Drain Punch|p1a: Sharpedo
|-activate|p1a: Sharpedo|move: Protect
|
|-ability|p1a: Sharpedo|Speed Boost|boost
|-boost|p1a: Sharpedo|spe|1
|upkeep
|turn|17
|
|t:|1664551529
|move|p2a: Slurpuff|Drain Punch|p1a: Sharpedo
|-supereffective|p1a: Sharpedo
|-damage|p1a: Sharpedo|0 fnt
|-heal|p2a: Slurpuff|95/100|[from] drain|[of] p1a: Sharpedo
|faint|p1a: Sharpedo
|
|upkeep
|
|t:|1664551532
|switch|p1a: Gardevoir|Gardevoir, M|100/100
|-ability|p1a: Gardevoir|Unburden|[from] ability: Trace|[of] p2a: Slurpuff
|turn|18
|
|t:|1664551542
|move|p2a: Slurpuff|Play Rough|p1a: Gardevoir
|-crit|p1a: Gardevoir
|-damage|p1a: Gardevoir|0 fnt
|faint|p1a: Gardevoir
|
|upkeep
|-message|Milothedog20 forfeited.
|
|win|R3d_VGC
|raw|Milothedog20's rating: 1310 &rarr; <strong>1298</strong><br />(-12 for losing)
|raw|R3d_VGC's rating: 1462 &rarr; <strong>1474</strong><br />(+12 for winning)
|l|☆Milothedog20
|c|☆R3d_VGC|gg
