|j|☆ruznoob
|j|☆Funbot28
|player|p1|ruznoob|morty-gen2|1543
|player|p2|Funbot28|#funbot28|1374
|teamsize|p1|6
|teamsize|p2|6
|gametype|singles
|gen|8
|tier|[Gen 8] RU
|rated|
|clearpoke
|poke|p1|Xatu, F|
|poke|p1|Whimsicott, F|
|poke|p1|Mantine, F|
|poke|p1|Escavalier, F|
|poke|p1|Passimian, F|
|poke|p1|Mudsdale, F|
|poke|p2|Copperajah, M|
|poke|p2|Mudsdale, F|
|poke|p2|Indeedee, M|
|poke|p2|Mantine, F|
|poke|p2|Ninetales, F|
|poke|p2|Bewear, M|
|rule|Sleep Clause Mod: Limit one foe put to sleep
|rule|Species Clause: Limit one of each Pokémon
|rule|OHKO Clause: OHKO moves are banned
|rule|Evasion Moves Clause: Evasion moves are banned
|rule|Endless Battle Clause: Forcing endless battles is banned
|rule|HP Percentage Mod: HP is shown in percentages
|rule|Dynamax Clause: You cannot dynamax
|teampreview
|inactive|Battle timer is ON: inactive players will automatically lose when time's up. (requested by Funbot28)
|
|start
|switch|p1a: Mudsdale|Mudsdale, F|100/100
|switch|p2a: Copperajah|Copperajah, M|100/100
|turn|1
|
|move|p2a: Copperajah|Power Whip|p1a: Mudsdale
|-supereffective|p1a: Mudsdale
|-damage|p1a: Mudsdale|18/100
|-ability|p1a: Mudsdale|Stamina|boost
|-boost|p1a: Mudsdale|def|1
|move|p1a: Mudsdale|Earthquake|p2a: Copperajah
|-supereffective|p2a: Copperajah
|-damage|p2a: Copperajah|8/100
|
|-heal|p1a: Mudsdale|24/100|[from] item: Leftovers
|upkeep
|turn|2
|
|switch|p1a: Xatu|Xatu, F|100/100
|move|p2a: Copperajah|Power Whip|p1a: Xatu
|-resisted|p1a: Xatu
|-damage|p1a: Xatu|68/100
|-damage|p2a: Copperajah|0 fnt|[from] item: Rocky Helmet|[of] p1a: Xatu
|faint|p2a: Copperajah
|
|upkeep
|
|switch|p2a: Ninetales|Ninetales, F|100/100
|-weather|SunnyDay|[from] ability: Drought|[of] p2a: Ninetales
|turn|3
|
|switch|p1a: Mantine|Mantine, F, shiny|100/100
|move|p2a: Ninetales|Nasty Plot|p2a: Ninetales
|-boost|p2a: Ninetales|spa|2
|
|-weather|SunnyDay|[upkeep]
|upkeep
|turn|4
|
|move|p2a: Ninetales|Toxic|p1a: Mantine
|-status|p1a: Mantine|tox
|move|p1a: Mantine|Toxic|p2a: Ninetales
|-status|p2a: Ninetales|tox
|
|-weather|SunnyDay|[upkeep]
|-damage|p2a: Ninetales|95/100 tox|[from] psn
|-damage|p1a: Mantine|94/100 tox|[from] psn
|upkeep
|turn|5
|
|move|p2a: Ninetales|Solar Beam||[still]
|-prepare|p2a: Ninetales|Solar Beam|p1a: Mantine
|-anim|p2a: Ninetales|Solar Beam|p1a: Mantine
|-damage|p1a: Mantine|51/100 tox
|move|p1a: Mantine|Roost|p1a: Mantine
|-heal|p1a: Mantine|100/100 tox
|-singleturn|p1a: Mantine|move: Roost
|
|-weather|SunnyDay|[upkeep]
|-damage|p2a: Ninetales|83/100 tox|[from] psn
|-damage|p1a: Mantine|88/100 tox|[from] psn
|upkeep
|turn|6
|
|switch|p2a: Indeedee|Indeedee, M|100/100
|-fieldstart|move: Psychic Terrain|[from] ability: Psychic Surge|[of] p2a: Indeedee
|move|p1a: Mantine|Roost|p1a: Mantine
|-heal|p1a: Mantine|100/100 tox
|-singleturn|p1a: Mantine|move: Roost
|
|-weather|SunnyDay|[upkeep]
|-damage|p1a: Mantine|82/100 tox|[from] psn
|upkeep
|turn|7
|
|switch|p1a: Escavalier|Escavalier, F|100/100
|move|p2a: Indeedee|Trick|p1a: Escavalier
|-activate|p2a: Indeedee|move: Trick|[of] p1a: Escavalier
|-item|p1a: Escavalier|Choice Scarf|[from] move: Trick
|-item|p2a: Indeedee|Leftovers|[from] move: Trick
|
|-weather|none
|upkeep
|turn|8
|
|switch|p2a: Mudsdale|Mudsdale, F|100/100
|move|p1a: Escavalier|Iron Head|p2a: Mudsdale
|-damage|p2a: Mudsdale|74/100
|-ability|p2a: Mudsdale|Stamina|boost
|-boost|p2a: Mudsdale|def|1
|
|-heal|p2a: Mudsdale|80/100|[from] item: Leftovers
|upkeep
|turn|9
|
|switch|p1a: Xatu|Xatu, F|68/100
|move|p2a: Mudsdale|Rock Slide|p1a: Xatu
|-supereffective|p1a: Xatu
|-damage|p1a: Xatu|33/100
|
|-heal|p2a: Mudsdale|86/100|[from] item: Leftovers
|upkeep
|turn|10
|
|switch|p2a: Bewear|Bewear, M|100/100
|move|p1a: Xatu|Roost|p1a: Xatu
|-heal|p1a: Xatu|83/100
|-singleturn|p1a: Xatu|move: Roost
|
|-fieldend|move: Psychic Terrain
|upkeep
|turn|11
|
|switch|p1a: Whimsicott|Whimsicott, F|100/100
|move|p2a: Bewear|Swords Dance|p2a: Bewear
|-boost|p2a: Bewear|atk|2
|
|upkeep
|turn|12
|
|switch|p2a: Indeedee|Indeedee, M|100/100
|-fieldstart|move: Psychic Terrain|[from] ability: Psychic Surge|[of] p2a: Indeedee
|move|p1a: Whimsicott|Substitute|p1a: Whimsicott
|-start|p1a: Whimsicott|Substitute
|-damage|p1a: Whimsicott|76/100
|
|-heal|p1a: Whimsicott|82/100|[from] item: Leftovers
|upkeep
|turn|13
|
|move|p2a: Indeedee|Mystical Fire|p1a: Whimsicott
|-supereffective|p1a: Whimsicott
|-end|p1a: Whimsicott|Substitute
|move|p1a: Whimsicott|Moonblast|p2a: Indeedee
|-damage|p2a: Indeedee|45/100
|-unboost|p2a: Indeedee|spa|1
|
|-heal|p2a: Indeedee|51/100|[from] item: Leftovers
|-heal|p1a: Whimsicott|88/100|[from] item: Leftovers
|upkeep
|turn|14
|
|switch|p2a: Bewear|Bewear, M|100/100
|move|p1a: Whimsicott|Substitute|p1a: Whimsicott
|-start|p1a: Whimsicott|Substitute
|-damage|p1a: Whimsicott|63/100
|
|-heal|p1a: Whimsicott|70/100|[from] item: Leftovers
|upkeep
|turn|15
|
|switch|p2a: Mantine|Mantine, F|100/100
|move|p1a: Whimsicott|Moonblast|p2a: Mantine
|-damage|p2a: Mantine|76/100
|-unboost|p2a: Mantine|spa|1
|
|-heal|p1a: Whimsicott|76/100|[from] item: Leftovers
|upkeep
|turn|16
|
|move|p1a: Whimsicott|Moonblast|p2a: Mantine
|-damage|p2a: Mantine|52/100
|move|p2a: Mantine|Scald|p1a: Whimsicott
|-resisted|p1a: Whimsicott
|-activate|p1a: Whimsicott|move: Substitute|[damage]
|
|-heal|p1a: Whimsicott|82/100|[from] item: Leftovers
|-fieldend|move: Psychic Terrain
|upkeep
|turn|17
|
|move|p1a: Whimsicott|Leech Seed|p2a: Mantine
|-start|p2a: Mantine|move: Leech Seed
|move|p2a: Mantine|Roost|p2a: Mantine
|-heal|p2a: Mantine|100/100
|-singleturn|p2a: Mantine|move: Roost
|
|-heal|p1a: Whimsicott|88/100|[from] item: Leftovers
|-damage|p2a: Mantine|88/100|[from] Leech Seed|[of] p1a: Whimsicott
|-heal|p1a: Whimsicott|100/100|[silent]
|upkeep
|turn|18
|
|switch|p2a: Indeedee|Indeedee, M|51/100
|-fieldstart|move: Psychic Terrain|[from] ability: Psychic Surge|[of] p2a: Indeedee
|move|p1a: Whimsicott|Moonblast|p2a: Indeedee
|-damage|p2a: Indeedee|0 fnt
|faint|p2a: Indeedee
|
|upkeep
|
|switch|p2a: Ninetales|Ninetales, F|83/100 tox
|-weather|SunnyDay|[from] ability: Drought|[of] p2a: Ninetales
|turn|19
|
|move|p1a: Whimsicott|Protect|p1a: Whimsicott
|-singleturn|p1a: Whimsicott|Protect
|move|p2a: Ninetales|Fire Blast|p1a: Whimsicott
|-activate|p1a: Whimsicott|move: Protect
|
|-weather|SunnyDay|[upkeep]
|-damage|p2a: Ninetales|77/100 tox|[from] psn
|upkeep
|turn|20
|
|move|p2a: Ninetales|Fire Blast|p1a: Whimsicott|[miss]
|-miss|p2a: Ninetales|p1a: Whimsicott
|move|p1a: Whimsicott|Moonblast|p2a: Ninetales
|-resisted|p2a: Ninetales
|-damage|p2a: Ninetales|53/100 tox
|-unboost|p2a: Ninetales|spa|1
|
|-weather|SunnyDay|[upkeep]
|-damage|p2a: Ninetales|41/100 tox|[from] psn
|upkeep
|turn|21
|
|move|p2a: Ninetales|Fire Blast|p1a: Whimsicott
|-supereffective|p1a: Whimsicott
|-end|p1a: Whimsicott|Substitute
|move|p1a: Whimsicott|Moonblast|p2a: Ninetales
|-resisted|p2a: Ninetales
|-damage|p2a: Ninetales|17/100 tox
|-unboost|p2a: Ninetales|spa|1
|
|-weather|SunnyDay|[upkeep]
|-damage|p2a: Ninetales|0 fnt|[from] psn
|faint|p2a: Ninetales
|upkeep
|
|switch|p2a: Bewear|Bewear, M|100/100
|turn|22
|
|move|p1a: Whimsicott|Substitute|p1a: Whimsicott
|-start|p1a: Whimsicott|Substitute
|-damage|p1a: Whimsicott|76/100
|move|p2a: Bewear|Double-Edge|p1a: Whimsicott
|-end|p1a: Whimsicott|Substitute
|-damage|p2a: Bewear|94/100|[from] Recoil|[of] p1a: Whimsicott
|
|-weather|SunnyDay|[upkeep]
|-heal|p1a: Whimsicott|82/100|[from] item: Leftovers
|-fieldend|move: Psychic Terrain
|upkeep
|turn|23
|
|move|p1a: Whimsicott|Protect|p1a: Whimsicott
|-singleturn|p1a: Whimsicott|Protect
|move|p2a: Bewear|Double-Edge|p1a: Whimsicott
|-activate|p1a: Whimsicott|move: Protect
|
|-weather|none
|-heal|p1a: Whimsicott|88/100|[from] item: Leftovers
|upkeep
|turn|24
|
|move|p1a: Whimsicott|Substitute|p1a: Whimsicott
|-start|p1a: Whimsicott|Substitute
|-damage|p1a: Whimsicott|63/100
|move|p2a: Bewear|Double-Edge|p1a: Whimsicott
|-end|p1a: Whimsicott|Substitute
|-damage|p2a: Bewear|87/100|[from] Recoil|[of] p1a: Whimsicott
|
|-heal|p1a: Whimsicott|70/100|[from] item: Leftovers
|upkeep
|turn|25
|
|move|p1a: Whimsicott|Moonblast|p2a: Bewear
|-supereffective|p2a: Bewear
|-damage|p2a: Bewear|0 fnt
|faint|p2a: Bewear
|
|-heal|p1a: Whimsicott|76/100|[from] item: Leftovers
|upkeep
|-message|Funbot28 forfeited.
|
|win|ruznoob
|l|☆Funbot28
|raw|ruznoob's rating: 1543 &rarr; <strong>1554</strong><br />(+11 for winning)
|raw|Funbot28's rating: 1374 &rarr; <strong>1363</strong><br />(-11 for losing)
