|j|☆Tenshinhan
|j|☆guille14
|t:|1657486143
|gametype|singles
|player|p1|Tenshinhan|169|
|player|p2|guille14|gambler|
|teamsize|p1|6
|teamsize|p2|6
|gen|8
|tier|[Gen 8] RU
|rule|Sleep Clause Mod: Limit one foe put to sleep
|rule|Species Clause: Limit one of each Pokémon
|rule|OHKO Clause: OHKO moves are banned
|rule|Evasion Moves Clause: Evasion moves are banned
|rule|Endless Battle Clause: Forcing endless battles is banned
|rule|HP Percentage Mod: HP is shown in percentages
|rule|Dynamax Clause: You cannot dynamax
|clearpoke
|poke|p1|Heracross, M|
|poke|p1|Celebi|
|poke|p1|Toxtricity, M|
|poke|p1|Jellicent, M|
|poke|p1|Flygon, F|
|poke|p1|Bronzong|
|poke|p2|Jellicent, M|
|poke|p2|Umbreon, M|
|poke|p2|Crobat, M|
|poke|p2|Gastrodon, F|
|poke|p2|Registeel|
|poke|p2|Togekiss, M|
|teampreview
|c|☆guille14|hf
|c|☆Tenshinhan|Gl hf
|j| Eg0r
|j| Faultson‽
|inactive|Battle timer is ON: inactive players will automatically lose when time's up. (requested by Tenshinhan)
|j| out but u know
|j| destroyingpotato
|
|t:|1657486206
|start
|switch|p1a: Toxtricity|Toxtricity, M|100/100
|switch|p2a: Gastrodon|Gastrodon, F|100/100
|turn|1
|
|t:|1657486218
|switch|p1a: Celebi|Celebi|100/100
|move|p2a: Gastrodon|Scald|p1a: Celebi
|-resisted|p1a: Celebi
|-damage|p1a: Celebi|88/100
|
|upkeep
|turn|2
|j| Thunder631 ★
|
|t:|1657486231
|switch|p1a: Heracross|Heracross, M|100/100
|switch|p2a: Registeel|Registeel|100/100
|
|upkeep
|turn|3
|
|t:|1657486236
|switch|p2a: Jellicent|Jellicent, M|100/100
|move|p1a: Heracross|Knock Off|p2a: Jellicent
|-supereffective|p2a: Jellicent
|-enditem|p2a: Jellicent|Colbur Berry|[eat]
|-enditem|p2a: Jellicent|Colbur Berry|[weaken]
|-damage|p2a: Jellicent|74/100
|
|upkeep
|turn|4
|
|t:|1657486249
|switch|p1a: Celebi|Celebi|88/100
|move|p2a: Jellicent|Recover|p2a: Jellicent
|-heal|p2a: Jellicent|100/100
|
|upkeep
|turn|5
|
|t:|1657486260
|switch|p2a: Umbreon|Umbreon, M|100/100
|move|p1a: Celebi|Nasty Plot|p1a: Celebi
|-boost|p1a: Celebi|spa|2
|
|upkeep
|turn|6
|
|t:|1657486267
|move|p1a: Celebi|Nasty Plot|p1a: Celebi
|-boost|p1a: Celebi|spa|2
|move|p2a: Umbreon|Foul Play|p1a: Celebi
|-supereffective|p1a: Celebi
|-damage|p1a: Celebi|39/100
|
|upkeep
|turn|7
|j| QM2 Richarlison
|j| EQ Enrique
|j| Migan33
|inactive|guille14 has 270 seconds left.
|
|t:|1657486299
|move|p1a: Celebi|Leaf Storm|p2a: Umbreon
|-damage|p2a: Umbreon|14/100
|-unboost|p1a: Celebi|spa|2
|move|p2a: Umbreon|Foul Play|p1a: Celebi
|-supereffective|p1a: Celebi
|-damage|p1a: Celebi|0 fnt
|faint|p1a: Celebi
|
|upkeep
|
|t:|1657486326
|switch|p1a: Flygon|Flygon, F|100/100
|turn|8
|j| Antonazz
|inactive|guille14 has 270 seconds left.
|
|t:|1657486370
|move|p1a: Flygon|U-turn|p2a: Umbreon
|-supereffective|p2a: Umbreon
|-damage|p2a: Umbreon|0 fnt
|faint|p2a: Umbreon
|
|t:|1657486381
|switch|p1a: Toxtricity|Toxtricity, M|100/100|[from]move: U-turn
|
|upkeep
|
|t:|1657486386
|switch|p2a: Gastrodon|Gastrodon, F|100/100
|turn|9
|
|t:|1657486397
|switch|p1a: Bronzong|Bronzong|100/100
|move|p2a: Gastrodon|Earth Power|p1a: Bronzong
|-immune|p1a: Bronzong|[from] ability: Levitate
|
|upkeep
|turn|10
|j| Ainzcrad
|
|t:|1657486407
|switch|p2a: Registeel|Registeel|100/100
|move|p1a: Bronzong|Stealth Rock|p2a: Registeel
|-sidestart|p2: guille14|move: Stealth Rock
|
|upkeep
|turn|11
|
|t:|1657486411
|move|p2a: Registeel|Stealth Rock|p1a: Bronzong
|-sidestart|p1: Tenshinhan|move: Stealth Rock
|move|p1a: Bronzong|Earthquake|p2a: Registeel
|-supereffective|p2a: Registeel
|-crit|p2a: Registeel
|-damage|p2a: Registeel|58/100
|
|-heal|p2a: Registeel|64/100|[from] item: Leftovers
|upkeep
|turn|12
|
|t:|1657486424
|switch|p2a: Jellicent|Jellicent, M|100/100
|-damage|p2a: Jellicent|88/100|[from] Stealth Rock
|move|p1a: Bronzong|Heavy Slam|p2a: Jellicent
|-resisted|p2a: Jellicent
|-damage|p2a: Jellicent|84/100
|
|upkeep
|turn|13
|
|t:|1657486428
|move|p2a: Jellicent|Taunt|p1a: Bronzong
|-start|p1a: Bronzong|move: Taunt
|cant|p1a: Bronzong|move: Taunt|Toxic
|
|upkeep
|turn|14
|
|t:|1657486455
|switch|p1a: Flygon|Flygon, F|100/100
|-damage|p1a: Flygon|94/100|[from] Stealth Rock
|move|p2a: Jellicent|Will-O-Wisp|p1a: Flygon
|-status|p1a: Flygon|brn
|
|-damage|p1a: Flygon|88/100 brn|[from] brn
|upkeep
|turn|15
|
|t:|1657486461
|move|p1a: Flygon|U-turn|p2a: Jellicent
|-resisted|p2a: Jellicent
|-damage|p2a: Jellicent|80/100
|j| Rich Minions
|
|t:|1657486465
|switch|p1a: Jellicent|Jellicent, M|100/100|[from]move: U-turn
|-damage|p1a: Jellicent|88/100|[from] Stealth Rock
|move|p2a: Jellicent|Will-O-Wisp|p1a: Jellicent
|-status|p1a: Jellicent|brn
|
|-damage|p1a: Jellicent|82/100 brn|[from] brn
|upkeep
|turn|16
|l| Antonazz
|
|t:|1657486474
|switch|p2a: Togekiss|Togekiss, M|100/100
|move|p1a: Jellicent|Will-O-Wisp|p2a: Togekiss
|-status|p2a: Togekiss|brn
|
|-damage|p2a: Togekiss|94/100 brn|[from] brn
|-damage|p1a: Jellicent|76/100 brn|[from] brn
|upkeep
|turn|17
|j| Antonazz
|
|t:|1657486493
|switch|p1a: Bronzong|Bronzong|100/100
|-damage|p1a: Bronzong|94/100|[from] Stealth Rock
|move|p2a: Togekiss|Air Slash|p1a: Bronzong
|-resisted|p1a: Bronzong
|-crit|p1a: Bronzong
|-damage|p1a: Bronzong|80/100
|
|-heal|p1a: Bronzong|86/100|[from] item: Leftovers
|-damage|p2a: Togekiss|88/100 brn|[from] brn
|upkeep
|turn|18
|
|t:|1657486503
|switch|p2a: Gastrodon|Gastrodon, F|100/100
|move|p1a: Bronzong|Heavy Slam|p2a: Gastrodon
|-resisted|p2a: Gastrodon
|-damage|p2a: Gastrodon|85/100
|
|-heal|p1a: Bronzong|93/100|[from] item: Leftovers
|upkeep
|turn|19
|
|t:|1657486508
|move|p2a: Gastrodon|Scald|p1a: Bronzong
|-damage|p1a: Bronzong|75/100
|move|p1a: Bronzong|Toxic|p2a: Gastrodon
|-status|p2a: Gastrodon|tox
|
|-heal|p1a: Bronzong|82/100|[from] item: Leftovers
|-damage|p2a: Gastrodon|79/100 tox|[from] psn
|upkeep
|turn|20
|
|t:|1657486514
|switch|p2a: Jellicent|Jellicent, M|80/100
|-damage|p2a: Jellicent|68/100|[from] Stealth Rock
|switch|p1a: Jellicent|Jellicent, M|76/100 brn
|-damage|p1a: Jellicent|63/100 brn|[from] Stealth Rock
|
|-damage|p1a: Jellicent|57/100 brn|[from] brn
|upkeep
|turn|21
|
|t:|1657486521
|move|p2a: Jellicent|Taunt|p1a: Jellicent
|-start|p1a: Jellicent|move: Taunt
|cant|p1a: Jellicent|move: Taunt|Will-O-Wisp
|
|-damage|p1a: Jellicent|51/100 brn|[from] brn
|upkeep
|turn|22
|
|t:|1657486527
|move|p2a: Jellicent|Recover|p2a: Jellicent
|-heal|p2a: Jellicent|100/100
|move|p1a: Jellicent|Hex|p2a: Jellicent
|-supereffective|p2a: Jellicent
|-damage|p2a: Jellicent|67/100
|
|-damage|p1a: Jellicent|45/100 brn|[from] brn
|upkeep
|turn|23
|
|t:|1657486531
|switch|p1a: Toxtricity|Toxtricity, M|100/100
|-damage|p1a: Toxtricity|88/100|[from] Stealth Rock
|move|p2a: Jellicent|Night Shade|p1a: Toxtricity
|-damage|p1a: Toxtricity|54/100
|
|upkeep
|turn|24
|
|t:|1657486542
|switch|p2a: Registeel|Registeel|64/100
|-damage|p2a: Registeel|58/100|[from] Stealth Rock
|move|p1a: Toxtricity|Boomburst|p2a: Registeel
|-resisted|p2a: Registeel
|-damage|p2a: Registeel|32/100
|
|-heal|p2a: Registeel|38/100|[from] item: Leftovers
|upkeep
|turn|25
|
|t:|1657486561
|switch|p1a: Bronzong|Bronzong|82/100
|-damage|p1a: Bronzong|75/100|[from] Stealth Rock
|switch|p2a: Jellicent|Jellicent, M|67/100
|-damage|p2a: Jellicent|55/100|[from] Stealth Rock
|
|-heal|p1a: Bronzong|82/100|[from] item: Leftovers
|upkeep
|turn|26
|
|t:|1657486576
|switch|p1a: Toxtricity|Toxtricity, M|54/100
|-damage|p1a: Toxtricity|41/100|[from] Stealth Rock
|move|p2a: Jellicent|Will-O-Wisp|p1a: Toxtricity|[miss]
|-miss|p2a: Jellicent|p1a: Toxtricity
|
|upkeep
|turn|27
|inactive|guille14 has 270 seconds left.
|inactive|Tenshinhan has 270 seconds left.
|
|t:|1657486619
|switch|p2a: Gastrodon|Gastrodon, F|79/100 tox
|move|p1a: Toxtricity|Boomburst|p2a: Gastrodon
|-damage|p2a: Gastrodon|0 fnt
|faint|p2a: Gastrodon
|
|upkeep
|
|t:|1657486623
|switch|p2a: Jellicent|Jellicent, M|55/100
|-damage|p2a: Jellicent|42/100|[from] Stealth Rock
|turn|28
|inactive|Tenshinhan has 270 seconds left.
|
|t:|1657486639
|switch|p1a: Jellicent|Jellicent, M|45/100 brn
|-damage|p1a: Jellicent|32/100 brn|[from] Stealth Rock
|move|p2a: Jellicent|Recover|p2a: Jellicent
|-heal|p2a: Jellicent|93/100
|
|-damage|p1a: Jellicent|26/100 brn|[from] brn
|upkeep
|turn|29
|
|t:|1657486644
|move|p2a: Jellicent|Taunt|p1a: Jellicent
|-start|p1a: Jellicent|move: Taunt
|cant|p1a: Jellicent|move: Taunt|Recover
|
|-damage|p1a: Jellicent|20/100 brn|[from] brn
|upkeep
|turn|30
|l| EQ Enrique
|l| Rich Minions
|j| Cyber paradise
|inactive|guille14 has 270 seconds left.
|
|t:|1657486683
|move|p2a: Jellicent|Night Shade|p1a: Jellicent
|-damage|p1a: Jellicent|0 fnt
|faint|p1a: Jellicent
|
|upkeep
|
|t:|1657486687
|switch|p1a: Toxtricity|Toxtricity, M|41/100
|-damage|p1a: Toxtricity|29/100|[from] Stealth Rock
|turn|31
|inactive|guille14 has 270 seconds left.
|
|t:|1657486708
|switch|p2a: Registeel|Registeel|38/100
|-damage|p2a: Registeel|32/100|[from] Stealth Rock
|move|p1a: Toxtricity|Overdrive|p2a: Registeel
|-damage|p2a: Registeel|0 fnt
|faint|p2a: Registeel
|
|upkeep
|
|t:|1657486716
|switch|p2a: Crobat|Crobat, M|100/100
|turn|32
|
|t:|1657486728
|switch|p1a: Bronzong|Bronzong|82/100
|-damage|p1a: Bronzong|75/100|[from] Stealth Rock
|move|p2a: Crobat|Brave Bird|p1a: Bronzong
|-resisted|p1a: Bronzong
|-damage|p1a: Bronzong|58/100
|-damage|p2a: Crobat|95/100|[from] Recoil
|
|-heal|p1a: Bronzong|64/100|[from] item: Leftovers
|upkeep
|turn|33
|inactive|guille14 has 270 seconds left.
|
|t:|1657486739
|move|p2a: Crobat|Brave Bird|p1a: Bronzong
|-resisted|p1a: Bronzong
|-damage|p1a: Bronzong|47/100
|-damage|p2a: Crobat|90/100|[from] Recoil
|move|p1a: Bronzong|Heavy Slam|p2a: Crobat
|-damage|p2a: Crobat|71/100
|
|-heal|p1a: Bronzong|53/100|[from] item: Leftovers
|upkeep
|turn|34
|
|t:|1657486759
|switch|p1a: Flygon|Flygon, F|88/100 brn
|-damage|p1a: Flygon|82/100 brn|[from] Stealth Rock
|move|p2a: Crobat|Brave Bird|p1a: Flygon
|-damage|p1a: Flygon|38/100 brn
|-damage|p2a: Crobat|58/100|[from] Recoil
|
|-damage|p1a: Flygon|32/100 brn|[from] brn
|upkeep
|turn|35
|inactive|guille14 has 270 seconds left.
|l| Antonazz
|l| Cyber paradise
|inactive|guille14 has 240 seconds left.
|j| Antonazz
|
|t:|1657486822
|move|p2a: Crobat|Roost|p2a: Crobat
|-heal|p2a: Crobat|100/100
|-singleturn|p2a: Crobat|move: Roost
|move|p1a: Flygon|U-turn|p2a: Crobat
|-resisted|p2a: Crobat
|-damage|p2a: Crobat|96/100
|
|t:|1657486829
|switch|p1a: Heracross|Heracross, M|100/100|[from]move: U-turn
|-damage|p1a: Heracross|88/100|[from] Stealth Rock
|
|upkeep
|turn|36
|inactive|guille14 has 210 seconds left.
|l| Antonazz
|j| Cyber paradise
|j| Draphirion
|
|t:|1657486874
|move|p1a: Heracross|Stone Edge|p2a: Crobat
|-supereffective|p2a: Crobat
|-damage|p2a: Crobat|15/100
|move|p2a: Crobat|Roost|p2a: Crobat
|-heal|p2a: Crobat|65/100
|-singleturn|p2a: Crobat|move: Roost
|
|upkeep
|turn|37
|l| Draphirion
|
|t:|1657486879
|switch|p2a: Jellicent|Jellicent, M|93/100
|-damage|p2a: Jellicent|80/100|[from] Stealth Rock
|move|p1a: Heracross|Stone Edge|p2a: Jellicent|[miss]
|-miss|p1a: Heracross|p2a: Jellicent
|
|upkeep
|turn|38
|j| Antonazz
|inactive|guille14 has 210 seconds left.
|
|t:|1657486892
|switch|p1a: Flygon|Flygon, F|32/100 brn
|-damage|p1a: Flygon|26/100 brn|[from] Stealth Rock
|move|p2a: Jellicent|Night Shade|p1a: Flygon
|-damage|p1a: Flygon|0 fnt
|faint|p1a: Flygon
|
|upkeep
|j| Draphirion
|
|t:|1657486895
|switch|p1a: Toxtricity|Toxtricity, M|29/100
|-damage|p1a: Toxtricity|17/100|[from] Stealth Rock
|turn|39
|l| Draphirion
|
|t:|1657486904
|switch|p2a: Togekiss|Togekiss, M|88/100 brn
|move|p1a: Toxtricity|Overdrive|p2a: Togekiss
|-supereffective|p2a: Togekiss
|-damage|p2a: Togekiss|0 fnt
|faint|p2a: Togekiss
|
|upkeep
|
|t:|1657486906
|switch|p2a: Crobat|Crobat, M|65/100
|turn|40
|
|t:|1657486925
|switch|p1a: Bronzong|Bronzong|53/100
|-damage|p1a: Bronzong|47/100|[from] Stealth Rock
|move|p2a: Crobat|Roost|p2a: Crobat
|-heal|p2a: Crobat|100/100
|-singleturn|p2a: Crobat|move: Roost
|
|-heal|p1a: Bronzong|53/100|[from] item: Leftovers
|upkeep
|turn|41
|
|t:|1657486931
|switch|p2a: Jellicent|Jellicent, M|80/100
|-damage|p2a: Jellicent|68/100|[from] Stealth Rock
|move|p1a: Bronzong|Heavy Slam|p2a: Jellicent
|-resisted|p2a: Jellicent
|-damage|p2a: Jellicent|63/100
|
|-heal|p1a: Bronzong|59/100|[from] item: Leftovers
|upkeep
|turn|42
|
|t:|1657486940
|move|p2a: Jellicent|Taunt|p1a: Bronzong
|-start|p1a: Bronzong|move: Taunt
|cant|p1a: Bronzong|move: Taunt|Toxic
|
|-heal|p1a: Bronzong|66/100|[from] item: Leftovers
|upkeep
|turn|43
|
|t:|1657486946
|move|p2a: Jellicent|Will-O-Wisp|p1a: Bronzong
|-status|p1a: Bronzong|brn
|move|p1a: Bronzong|Earthquake|p2a: Jellicent
|-damage|p2a: Jellicent|56/100
|
|-heal|p1a: Bronzong|72/100 brn|[from] item: Leftovers
|-damage|p1a: Bronzong|66/100 brn|[from] brn
|upkeep
|turn|44
|
|t:|1657486952
|move|p2a: Jellicent|Night Shade|p1a: Bronzong
|-damage|p1a: Bronzong|36/100 brn
|move|p1a: Bronzong|Earthquake|p2a: Jellicent
|-damage|p2a: Jellicent|47/100
|
|-heal|p1a: Bronzong|42/100 brn|[from] item: Leftovers
|-damage|p1a: Bronzong|36/100 brn|[from] brn
|-end|p1a: Bronzong|move: Taunt
|upkeep
|turn|45
|j| Frrf
|j| h4g
|
|t:|1657486959
|move|p2a: Jellicent|Night Shade|p1a: Bronzong
|-damage|p1a: Bronzong|6/100 brn
|move|p1a: Bronzong|Toxic|p2a: Jellicent
|-status|p2a: Jellicent|tox
|
|-heal|p1a: Bronzong|13/100 brn|[from] item: Leftovers
|-damage|p2a: Jellicent|40/100 tox|[from] psn
|-damage|p1a: Bronzong|6/100 brn|[from] brn
|upkeep
|turn|46
|
|t:|1657486972
|switch|p1a: Heracross|Heracross, M|88/100
|-damage|p1a: Heracross|76/100|[from] Stealth Rock
|move|p2a: Jellicent|Night Shade|p1a: Heracross
|-damage|p1a: Heracross|43/100
|
|-damage|p2a: Jellicent|28/100 tox|[from] psn
|upkeep
|turn|47
|inactive|guille14 has 270 seconds left.
|l| Cyber paradise
|l| h4g
|
|t:|1657486996
|switch|p1a: Toxtricity|Toxtricity, M|17/100
|-damage|p1a: Toxtricity|4/100|[from] Stealth Rock
|move|p2a: Jellicent|Will-O-Wisp|p1a: Toxtricity
|-status|p1a: Toxtricity|brn
|
|-damage|p2a: Jellicent|9/100 tox|[from] psn
|-damage|p1a: Toxtricity|0 fnt|[from] brn
|faint|p1a: Toxtricity
|upkeep
|j| h4g
|inactive|Tenshinhan has 270 seconds left.
|l| h4g
|
|t:|1657487015
|switch|p1a: Heracross|Heracross, M|43/100
|-damage|p1a: Heracross|30/100|[from] Stealth Rock
|turn|48
|inactive|guille14 has 270 seconds left.
|
|t:|1657487026
|move|p1a: Heracross|Stone Edge|p2a: Jellicent|[miss]
|-miss|p1a: Heracross|p2a: Jellicent
|move|p2a: Jellicent|Night Shade|p1a: Heracross
|-damage|p1a: Heracross|0 fnt
|faint|p1a: Heracross
|
|-damage|p2a: Jellicent|0 fnt|[from] psn
|faint|p2a: Jellicent
|upkeep
|c|☆Tenshinhan|F
|l| Antonazz
|c|☆guille14|mb
|-message|Tenshinhan forfeited.
|
|win|guille14
|l|☆Tenshinhan
|l| Eg0r
|j| Antonazz
|l| Thunder631 ★
|l| Antonazz
|l| Faultson‽
|l| Ainzcrad
|j| h4g
|l| h4g
|j| h4g
|l| Migan33
|l| h4g
