|j|‽divinecouncil2016
|j|☆whistling
|player|p1|divinecouncil2016|pokemonbreederf|1455
|player|p2|whistling|proton|1518
|teamsize|p1|6
|teamsize|p2|6
|gametype|singles
|gen|8
|tier|[Gen 8] RU
|rated|
|clearpoke
|poke|p1|Meowstic, M|
|poke|p1|Barraskewda, M|
|poke|p1|Ludicolo, F|
|poke|p1|Mantine, F|
|poke|p1|Accelgor, F|
|poke|p1|Drednaw, M|
|poke|p2|Steelix, M|
|poke|p2|Passimian, M|
|poke|p2|Xatu, M|
|poke|p2|Flapple, M|
|poke|p2|Jellicent, M|
|poke|p2|Snorlax, M|
|rule|Sleep Clause Mod: Limit one foe put to sleep
|rule|Species Clause: Limit one of each Pokémon
|rule|OHKO Clause: OHKO moves are banned
|rule|Evasion Moves Clause: Evasion moves are banned
|rule|Endless Battle Clause: Forcing endless battles is banned
|rule|HP Percentage Mod: HP is shown in percentages
|rule|Dynamax Clause: You cannot dynamax
|teampreview
|
|start
|switch|p1a: Accelgor|Accelgor, F|100/100
|switch|p2a: Passimian|Passimian, M|100/100
|turn|1
|
|move|p1a: Accelgor|Rain Dance|p1a: Accelgor
|-weather|RainDance
|move|p2a: Passimian|Knock Off|p1a: Accelgor
|-damage|p1a: Accelgor|42/100
|-activate|p1a: Accelgor|ability: Sticky Hold
|
|-weather|RainDance|[upkeep]
|upkeep
|turn|2
|
|switch|p2a: Xatu|Xatu, M|100/100
|move|p1a: Accelgor|Spikes|p2a: Xatu
|move|p2a: Xatu|Spikes|p1a: Accelgor|[from]Magic Bounce
|-sidestart|p1: divinecouncil2016|Spikes
|
|-weather|RainDance|[upkeep]
|upkeep
|turn|3
|
|move|p1a: Accelgor|Final Gambit|p2a: Xatu
|-damage|p2a: Xatu|55/100
|faint|p1a: Accelgor
|move|p2a: Xatu|Psychic|p1: Accelgor|[notarget]
|-fail|p2a: Xatu
|
|-weather|RainDance|[upkeep]
|upkeep
|
|switch|p1a: Mantine|Mantine, F|100/100
|turn|4
|
|switch|p2a: Jellicent|Jellicent, M|100/100
|move|p1a: Mantine|Hurricane|p2a: Jellicent
|-damage|p2a: Jellicent|65/100
|
|-weather|RainDance|[upkeep]
|upkeep
|turn|5
|
|move|p1a: Mantine|Hurricane|p2a: Jellicent
|-damage|p2a: Jellicent|24/100
|move|p2a: Jellicent|Recover|p2a: Jellicent
|-heal|p2a: Jellicent|74/100
|
|-weather|RainDance|[upkeep]
|upkeep
|turn|6
|
|move|p1a: Mantine|Hurricane|p2a: Jellicent
|-damage|p2a: Jellicent|24/100
|move|p2a: Jellicent|Will-O-Wisp|p1a: Mantine
|-status|p1a: Mantine|brn
|
|-weather|RainDance|[upkeep]
|-damage|p1a: Mantine|94/100 brn|[from] brn
|upkeep
|turn|7
|
|switch|p2a: Snorlax|Snorlax, M|100/100
|move|p1a: Mantine|Hurricane|p2a: Snorlax
|-damage|p2a: Snorlax|63/100
|
|-weather|RainDance|[upkeep]
|-heal|p2a: Snorlax|69/100|[from] item: Leftovers
|-damage|p1a: Mantine|88/100 brn|[from] brn
|upkeep
|turn|8
|
|move|p1a: Mantine|Hurricane|p2a: Snorlax
|-crit|p2a: Snorlax
|-damage|p2a: Snorlax|8/100
|move|p2a: Snorlax|Body Slam|p1a: Mantine
|-damage|p1a: Mantine|46/100 brn
|
|-weather|none
|-heal|p2a: Snorlax|14/100|[from] item: Leftovers
|-damage|p1a: Mantine|39/100 brn|[from] brn
|upkeep
|turn|9
|
|move|p1a: Mantine|Hurricane|p2a: Snorlax
|-damage|p2a: Snorlax|0 fnt
|faint|p2a: Snorlax
|
|-damage|p1a: Mantine|33/100 brn|[from] brn
|upkeep
|
|switch|p2a: Passimian|Passimian, M|100/100
|turn|10
|
|move|p2a: Passimian|Rock Slide|p1a: Mantine
|-supereffective|p1a: Mantine
|-damage|p1a: Mantine|0 fnt
|faint|p1a: Mantine
|
|upkeep
|
|switch|p1a: Meowstic|Meowstic, M|100/100
|-damage|p1a: Meowstic|88/100|[from] Spikes
|turn|11
|
|switch|p2a: Jellicent|Jellicent, M|24/100
|switch|p1a: Ludicolo|Ludicolo, F|100/100
|-damage|p1a: Ludicolo|88/100|[from] Spikes
|
|upkeep
|turn|12
|
|move|p1a: Ludicolo|Rain Dance|p1a: Ludicolo
|-weather|RainDance
|move|p2a: Jellicent|Will-O-Wisp|p1a: Ludicolo
|-status|p1a: Ludicolo|brn
|
|-weather|RainDance|[upkeep]
|-damage|p1a: Ludicolo|82/100 brn|[from] brn
|upkeep
|turn|13
|
|switch|p2a: Flapple|Flapple, M|100/100
|move|p1a: Ludicolo|Giga Drain|p2a: Flapple
|-resisted|p2a: Flapple
|-crit|p2a: Flapple
|-damage|p2a: Flapple|72/100
|-heal|p1a: Ludicolo|96/100 brn|[from] drain|[of] p2a: Flapple
|-damage|p1a: Ludicolo|86/100 brn|[from] item: Life Orb
|
|-weather|RainDance|[upkeep]
|-damage|p1a: Ludicolo|80/100 brn|[from] brn
|upkeep
|turn|14
|
|switch|p2a: Jellicent|Jellicent, M|24/100
|move|p1a: Ludicolo|Ice Beam|p2a: Jellicent
|-resisted|p2a: Jellicent
|-damage|p2a: Jellicent|10/100
|-damage|p1a: Ludicolo|70/100 brn|[from] item: Life Orb
|
|-weather|RainDance|[upkeep]
|-damage|p1a: Ludicolo|64/100 brn|[from] brn
|upkeep
|turn|15
|
|move|p1a: Ludicolo|Giga Drain|p2a: Jellicent
|-supereffective|p2a: Jellicent
|-damage|p2a: Jellicent|0 fnt
|-heal|p1a: Ludicolo|70/100 brn|[from] drain|[of] p2a: Jellicent
|-damage|p1a: Ludicolo|60/100 brn|[from] item: Life Orb
|faint|p2a: Jellicent
|
|-weather|RainDance|[upkeep]
|-damage|p1a: Ludicolo|54/100 brn|[from] brn
|upkeep
|
|switch|p2a: Xatu|Xatu, M|55/100
|turn|16
|
|move|p1a: Ludicolo|Hydro Pump|p2a: Xatu
|-damage|p2a: Xatu|0 fnt
|-damage|p1a: Ludicolo|44/100 brn|[from] item: Life Orb
|faint|p2a: Xatu
|
|-weather|none
|-damage|p1a: Ludicolo|38/100 brn|[from] brn
|upkeep
|
|switch|p2a: Passimian|Passimian, M|100/100
|turn|17
|
|switch|p1a: Drednaw|Drednaw, M|100/100
|-damage|p1a: Drednaw|88/100|[from] Spikes
|move|p2a: Passimian|U-turn|p1a: Drednaw
|-damage|p1a: Drednaw|60/100
|
|switch|p2a: Steelix|Steelix, M|100/100|[from]move: U-turn
|
|upkeep
|turn|18
|
|move|p1a: Drednaw|Waterfall|p2a: Steelix
|-supereffective|p2a: Steelix
|-damage|p2a: Steelix|40/100
|-damage|p1a: Drednaw|50/100|[from] item: Life Orb
|move|p2a: Steelix|Earthquake|p1a: Drednaw
|-supereffective|p1a: Drednaw
|-damage|p1a: Drednaw|0 fnt
|faint|p1a: Drednaw
|
|-heal|p2a: Steelix|46/100|[from] item: Leftovers
|upkeep
|
|switch|p1a: Meowstic|Meowstic, M|88/100
|-damage|p1a: Meowstic|76/100|[from] Spikes
|turn|19
|
|move|p1a: Meowstic|Rain Dance|p1a: Meowstic
|-weather|RainDance
|move|p2a: Steelix|Stealth Rock|p1a: Meowstic
|-sidestart|p1: divinecouncil2016|move: Stealth Rock
|
|-weather|RainDance|[upkeep]
|-heal|p2a: Steelix|52/100|[from] item: Leftovers
|upkeep
|turn|20
|
|switch|p1a: Barraskewda|Barraskewda, M|100/100
|-damage|p1a: Barraskewda|88/100|[from] Stealth Rock
|-damage|p1a: Barraskewda|76/100|[from] Spikes
|move|p2a: Steelix|Heavy Slam|p1a: Barraskewda
|-resisted|p1a: Barraskewda
|-damage|p1a: Barraskewda|39/100
|
|-weather|RainDance|[upkeep]
|-heal|p2a: Steelix|58/100|[from] item: Leftovers
|upkeep
|turn|21
|
|move|p1a: Barraskewda|Close Combat|p2a: Steelix
|-supereffective|p2a: Steelix
|-damage|p2a: Steelix|0 fnt
|-unboost|p1a: Barraskewda|def|1
|-unboost|p1a: Barraskewda|spd|1
|faint|p2a: Steelix
|
|-weather|RainDance|[upkeep]
|upkeep
|
|switch|p2a: Flapple|Flapple, M|72/100
|turn|22
|
|move|p2a: Flapple|Sucker Punch|p1a: Barraskewda
|-damage|p1a: Barraskewda|0 fnt
|faint|p1a: Barraskewda
|
|-weather|RainDance|[upkeep]
|upkeep
|
|switch|p1a: Meowstic|Meowstic, M|76/100
|-damage|p1a: Meowstic|64/100|[from] Stealth Rock
|-damage|p1a: Meowstic|51/100|[from] Spikes
|turn|23
|
|move|p1a: Meowstic|Reflect|p1a: Meowstic
|-sidestart|p1: divinecouncil2016|Reflect
|move|p2a: Flapple|Grav Apple|p1a: Meowstic
|-damage|p1a: Meowstic|19/100
|-unboost|p1a: Meowstic|def|1
|
|-weather|RainDance|[upkeep]
|upkeep
|turn|24
|
|move|p1a: Meowstic|Yawn|p2a: Flapple
|-start|p2a: Flapple|move: Yawn|[of] p1a: Meowstic
|move|p2a: Flapple|Grav Apple|p1a: Meowstic
|-damage|p1a: Meowstic|0 fnt
|faint|p1a: Meowstic
|
|-weather|RainDance|[upkeep]
|upkeep
|
|switch|p1a: Ludicolo|Ludicolo, F|38/100 brn
|-damage|p1a: Ludicolo|26/100 brn|[from] Spikes
|-damage|p1a: Ludicolo|14/100 brn|[from] Stealth Rock
|turn|25
|
|move|p1a: Ludicolo|Rain Dance||[still]
|-fail|p1a: Ludicolo
|move|p2a: Flapple|Grav Apple|p1a: Ludicolo
|-damage|p1a: Ludicolo|0 fnt
|faint|p1a: Ludicolo
|
|win|whistling
|l|‽divinecouncil2016
|j|‽divinecouncil2016
|player|p1|divinecouncil2016|pokemonbreederf
|j|+Averardo
|l|+Averardo
|l|‽divinecouncil2016
|player|p1|
||Ladder (probably) updated, but score could not be retrieved (Response not received).
