|html|<div class="broadcast-blue"><strong>[Gen 8] RU is currently suspecting Necrozma! For information on how to participate check out the <a href="https://www.smogon.com/forums/threads/np-ru-stage-11-lights-necrozma-suspect-test.3696813/">suspect thread</a>.</strong></div>
|j|☆s4g3?
|j|☆Dancanmanfan
|t:|1644110619
|gametype|singles
|player|p1|s4g3?|cynthia-gen4|1138
|player|p2|Dancanmanfan|clay|1357
|teamsize|p1|6
|teamsize|p2|6
|gen|8
|tier|[Gen 8] RU
|rated|
|rule|Sleep Clause Mod: Limit one foe put to sleep
|rule|Species Clause: Limit one of each Pokémon
|rule|OHKO Clause: OHKO moves are banned
|rule|Evasion Moves Clause: Evasion moves are banned
|rule|Endless Battle Clause: Forcing endless battles is banned
|rule|HP Percentage Mod: HP is shown in percentages
|rule|Dynamax Clause: You cannot dynamax
|clearpoke
|poke|p1|Tsareena, F|
|poke|p1|Registeel|
|poke|p1|Vaporeon, F|
|poke|p1|Roserade, F|
|poke|p1|Galvantula, F|
|poke|p1|Flygon, F|
|poke|p2|Crobat, M|
|poke|p2|Celebi|
|poke|p2|Registeel|
|poke|p2|Absol, M|
|poke|p2|Seismitoad, M|
|poke|p2|Raikou|
|teampreview
|
|t:|1644110633
|start
|switch|p1a: Tsareena|Tsareena, F|100/100
|switch|p2a: Crobat|Crobat, M|100/100
|turn|1
|
|t:|1644110638
|move|p2a: Crobat|Poison Fang|p1a: Tsareena
|-supereffective|p1a: Tsareena
|-damage|p1a: Tsareena|67/100
|move|p1a: Tsareena|Knock Off|p2a: Crobat
|-damage|p2a: Crobat|62/100
|-enditem|p2a: Crobat|Heavy-Duty Boots|[from] move: Knock Off|[of] p1a: Tsareena
|
|upkeep
|turn|2
|
|t:|1644110642
|switch|p1a: Registeel|Registeel|100/100
|move|p2a: Crobat|U-turn|p1a: Registeel
|-resisted|p1a: Registeel
|-damage|p1a: Registeel|95/100
|
|t:|1644110653
|switch|p2a: Raikou|Raikou|100/100|[from]move: U-turn
|-ability|p2a: Raikou|Pressure
|
|-heal|p1a: Registeel|100/100|[from] item: Leftovers
|upkeep
|turn|3
|
|t:|1644110658
|move|p2a: Raikou|Volt Switch|p1a: Registeel
|-damage|p1a: Registeel|84/100
|
|t:|1644110660
|switch|p2a: Seismitoad|Seismitoad, M|100/100|[from]move: Volt Switch
|move|p1a: Registeel|Toxic|p2a: Seismitoad
|-status|p2a: Seismitoad|tox
|
|-heal|p1a: Registeel|90/100|[from] item: Leftovers
|-damage|p2a: Seismitoad|94/100 tox|[from] psn
|upkeep
|turn|4
|
|t:|1644110683
|move|p2a: Seismitoad|Stealth Rock|p1a: Registeel
|-sidestart|p1: s4g3?|move: Stealth Rock
|move|p1a: Registeel|Stealth Rock|p2a: Seismitoad
|-sidestart|p2: Dancanmanfan|move: Stealth Rock
|
|-heal|p1a: Registeel|96/100|[from] item: Leftovers
|-damage|p2a: Seismitoad|82/100 tox|[from] psn
|upkeep
|turn|5
|
|t:|1644110686
|switch|p1a: Tsareena|Tsareena, F|67/100
|-damage|p1a: Tsareena|55/100|[from] Stealth Rock
|move|p2a: Seismitoad|Knock Off|p1a: Tsareena
|-damage|p1a: Tsareena|36/100
|-enditem|p1a: Tsareena|Assault Vest|[from] move: Knock Off|[of] p2a: Seismitoad
|
|-damage|p2a: Seismitoad|64/100 tox|[from] psn
|upkeep
|turn|6
|
|t:|1644110689
|switch|p2a: Crobat|Crobat, M|62/100
|-damage|p2a: Crobat|37/100|[from] Stealth Rock
|move|p1a: Tsareena|Rapid Spin|p2a: Crobat
|-damage|p2a: Crobat|17/100
|-boost|p1a: Tsareena|spe|1
|-sideend|p1: s4g3?|Stealth Rock|[from] move: Rapid Spin|[of] p1a: Tsareena
|
|upkeep
|turn|7
|
|t:|1644110702
|move|p2a: Crobat|Roost|p2a: Crobat
|-heal|p2a: Crobat|67/100
|-singleturn|p2a: Crobat|move: Roost
|move|p1a: Tsareena|Rapid Spin|p2a: Crobat
|-damage|p2a: Crobat|46/100
|-boost|p1a: Tsareena|spe|1
|
|upkeep
|turn|8
|
|t:|1644110714
|switch|p2a: Seismitoad|Seismitoad, M|64/100 tox
|-damage|p2a: Seismitoad|58/100 tox|[from] Stealth Rock
|move|p1a: Tsareena|Power Whip|p2a: Seismitoad|[miss]
|-miss|p1a: Tsareena|p2a: Seismitoad
|
|-damage|p2a: Seismitoad|52/100 tox|[from] psn
|upkeep
|turn|9
|
|t:|1644110719
|switch|p2a: Celebi|Celebi|100/100
|-damage|p2a: Celebi|88/100|[from] Stealth Rock
|move|p1a: Tsareena|Knock Off|p2a: Celebi
|-supereffective|p2a: Celebi
|-damage|p2a: Celebi|18/100
|-enditem|p2a: Celebi|Leftovers|[from] move: Knock Off|[of] p1a: Tsareena
|
|upkeep
|turn|10
|
|t:|1644110725
|move|p1a: Tsareena|Rapid Spin|p2a: Celebi
|-damage|p2a: Celebi|0 fnt
|-boost|p1a: Tsareena|spe|1
|faint|p2a: Celebi
|
|upkeep
|
|t:|1644110730
|switch|p2a: Absol|Absol, M|100/100
|-damage|p2a: Absol|88/100|[from] Stealth Rock
|turn|11
|
|t:|1644110739
|move|p1a: Tsareena|High Jump Kick|p2a: Absol
|-supereffective|p2a: Absol
|-damage|p2a: Absol|0 fnt
|faint|p2a: Absol
|
|upkeep
|
|t:|1644110744
|switch|p2a: Registeel|Registeel|100/100
|-damage|p2a: Registeel|94/100|[from] Stealth Rock
|turn|12
|
|t:|1644110747
|move|p2a: Registeel|Protect|p2a: Registeel
|-singleturn|p2a: Registeel|Protect
|move|p1a: Tsareena|Knock Off|p2a: Registeel
|-activate|p2a: Registeel|move: Protect
|
|-heal|p2a: Registeel|100/100|[from] item: Leftovers
|upkeep
|turn|13
|
|t:|1644110751
|move|p1a: Tsareena|Knock Off|p2a: Registeel
|-damage|p2a: Registeel|78/100
|-enditem|p2a: Registeel|Leftovers|[from] move: Knock Off|[of] p1a: Tsareena
|move|p2a: Registeel|Stealth Rock|p1a: Tsareena
|-sidestart|p1: s4g3?|move: Stealth Rock
|
|upkeep
|turn|14
|
|t:|1644110753
|move|p1a: Tsareena|High Jump Kick|p2a: Registeel
|-supereffective|p2a: Registeel
|-damage|p2a: Registeel|18/100
|move|p2a: Registeel|Seismic Toss|p1a: Tsareena
|-damage|p1a: Tsareena|8/100
|
|upkeep
|turn|15
|
|t:|1644110759
|move|p1a: Tsareena|Rapid Spin|p2a: Registeel
|-resisted|p2a: Registeel
|-damage|p2a: Registeel|12/100
|-boost|p1a: Tsareena|spe|1
|-sideend|p1: s4g3?|Stealth Rock|[from] move: Rapid Spin|[of] p1a: Tsareena
|move|p2a: Registeel|Seismic Toss|p1a: Tsareena
|-damage|p1a: Tsareena|0 fnt
|faint|p1a: Tsareena
|
|upkeep
|
|t:|1644110764
|switch|p1a: Flygon|Flygon, F|100/100
|turn|16
|c|☆Dancanmanfan|i have no words
|
|t:|1644110769
|move|p1a: Flygon|Dragon Dance|p1a: Flygon
|-boost|p1a: Flygon|atk|1
|-boost|p1a: Flygon|spe|1
|move|p2a: Registeel|Toxic|p1a: Flygon
|-status|p1a: Flygon|tox
|
|-damage|p1a: Flygon|95/100 tox|[from] psn
|upkeep
|turn|17
|
|t:|1644110777
|move|p1a: Flygon|Dragon Rush|p2a: Registeel|[miss]
|-miss|p1a: Flygon|p2a: Registeel
|move|p2a: Registeel|Seismic Toss|p1a: Flygon
|-damage|p1a: Flygon|61/100 tox
|
|-heal|p1a: Flygon|67/100 tox|[from] item: Leftovers
|-damage|p1a: Flygon|55/100 tox|[from] psn
|upkeep
|turn|18
|
|t:|1644110780
|move|p2a: Registeel|Protect|p2a: Registeel
|-singleturn|p2a: Registeel|Protect
|move|p1a: Flygon|Dragon Rush|p2a: Registeel
|-activate|p2a: Registeel|move: Protect
|
|-heal|p1a: Flygon|61/100 tox|[from] item: Leftovers
|-damage|p1a: Flygon|43/100 tox|[from] psn
|upkeep
|turn|19
|
|t:|1644110783
|switch|p2a: Seismitoad|Seismitoad, M|52/100 tox
|-damage|p2a: Seismitoad|46/100 tox|[from] Stealth Rock
|move|p1a: Flygon|Dragon Rush|p2a: Seismitoad
|-damage|p2a: Seismitoad|0 fnt
|-damage|p1a: Flygon|27/100 tox|[from] item: Rocky Helmet|[of] p2a: Seismitoad
|faint|p2a: Seismitoad
|
|-heal|p1a: Flygon|33/100 tox|[from] item: Leftovers
|-damage|p1a: Flygon|9/100 tox|[from] psn
|upkeep
|
|t:|1644110786
|switch|p2a: Registeel|Registeel|12/100
|-damage|p2a: Registeel|6/100|[from] Stealth Rock
|turn|20
|
|t:|1644110800
|switch|p1a: Roserade|Roserade, F|100/100
|move|p2a: Registeel|Toxic|p1a: Roserade
|-immune|p1a: Roserade
|
|upkeep
|turn|21
|
|t:|1644110803
|move|p1a: Roserade|Leech Seed|p2a: Registeel
|-start|p2a: Registeel|move: Leech Seed
|move|p2a: Registeel|Stealth Rock|p1a: Roserade
|-sidestart|p1: s4g3?|move: Stealth Rock
|
|-damage|p2a: Registeel|0 fnt|[from] Leech Seed|[of] p1a: Roserade
|faint|p2a: Registeel
|upkeep
|
|t:|1644110806
|switch|p2a: Crobat|Crobat, M|46/100
|-damage|p2a: Crobat|21/100|[from] Stealth Rock
|turn|22
|
|t:|1644110809
|switch|p1a: Flygon|Flygon, F|9/100 tox
|-damage|p1a: Flygon|3/100 tox|[from] Stealth Rock
|move|p2a: Crobat|Roost|p2a: Crobat
|-heal|p2a: Crobat|71/100
|-singleturn|p2a: Crobat|move: Roost
|
|-heal|p1a: Flygon|9/100 tox|[from] item: Leftovers
|-damage|p1a: Flygon|3/100 tox|[from] psn
|upkeep
|turn|23
|
|t:|1644110813
|move|p2a: Crobat|Roost|p2a: Crobat
|-heal|p2a: Crobat|100/100
|-singleturn|p2a: Crobat|move: Roost
|move|p1a: Flygon|Dragon Rush|p2a: Crobat|[miss]
|-miss|p1a: Flygon|p2a: Crobat
|
|-heal|p1a: Flygon|9/100 tox|[from] item: Leftovers
|-damage|p1a: Flygon|0 fnt|[from] psn
|faint|p1a: Flygon
|upkeep
|
|t:|1644110816
|switch|p1a: Galvantula|Galvantula, F|100/100
|turn|24
|
|t:|1644110819
|move|p2a: Crobat|Poison Fang|p1a: Galvantula
|-damage|p1a: Galvantula|70/100
|move|p1a: Galvantula|Thunder|p2a: Crobat
|-supereffective|p2a: Crobat
|-crit|p2a: Crobat
|-damage|p2a: Crobat|0 fnt
|faint|p2a: Crobat
|
|upkeep
|
|t:|1644110824
|switch|p2a: Raikou|Raikou|100/100
|-ability|p2a: Raikou|Pressure
|turn|25
|
|t:|1644110837
|move|p2a: Raikou|Scald|p1a: Galvantula
|-damage|p1a: Galvantula|28/100
|move|p1a: Galvantula|Bug Buzz|p2a: Raikou
|-damage|p2a: Raikou|63/100
|
|upkeep
|turn|26
|
|t:|1644110842
|move|p2a: Raikou|Scald|p1a: Galvantula
|-damage|p1a: Galvantula|0 fnt
|faint|p1a: Galvantula
|
|upkeep
|
|t:|1644110849
|switch|p1a: Roserade|Roserade, F|100/100
|-damage|p1a: Roserade|88/100|[from] Stealth Rock
|turn|27
|
|t:|1644110852
|move|p2a: Raikou|Scald|p1a: Roserade
|-resisted|p1a: Roserade
|-damage|p1a: Roserade|76/100
|move|p1a: Roserade|Leech Seed|p2a: Raikou
|-start|p2a: Raikou|move: Leech Seed
|
|-heal|p1a: Roserade|82/100|[from] item: Black Sludge
|-damage|p2a: Raikou|51/100|[from] Leech Seed|[of] p1a: Roserade
|-heal|p1a: Roserade|95/100|[silent]
|upkeep
|turn|28
|c|☆Dancanmanfan|gg
|-message|Dancanmanfan forfeited.
|
|win|s4g3?
|raw|s4g3?'s rating: 1128 &rarr; <strong>1167</strong><br />(+39 for winning)
|raw|Dancanmanfan's rating: 1357 &rarr; <strong>1325</strong><br />(-32 for losing)
|l|☆Dancanmanfan
