|j|☆bebo7788
|j|☆Fairy Weezing
|player|p1|bebo7788|1|1659
|player|p2|Fairy Weezing|madame-gen4|1457
|teamsize|p1|6
|teamsize|p2|6
|gametype|singles
|gen|8
|tier|[Gen 8] RU
|rated|
|clearpoke
|poke|p1|Silvally-*|
|poke|p1|Sigilyph, M|
|poke|p1|Passimian, F|
|poke|p1|Vaporeon, M|
|poke|p1|Vileplume, M|
|poke|p1|Gigalith, F|
|poke|p2|Pincurchin, M|
|poke|p2|Gigalith, M|
|poke|p2|Slurpuff, F|
|poke|p2|Salazzle, F|
|poke|p2|Drifblim, M|
|poke|p2|Passimian, F|
|rule|Sleep Clause Mod: Limit one foe put to sleep
|rule|Species Clause: Limit one of each Pokémon
|rule|OHKO Clause: OHKO moves are banned
|rule|Evasion Moves Clause: Evasion moves are banned
|rule|Endless Battle Clause: Forcing endless battles is banned
|rule|HP Percentage Mod: HP is shown in percentages
|rule|Dynamax Clause: You cannot dynamax
|teampreview
|inactive|Battle timer is ON: inactive players will automatically lose when time's up. (requested by Fairy Weezing)
|inactive|bebo7788 has 120 seconds left.
|
|start
|switch|p1a: Gigalith|Gigalith, F|100/100
|switch|p2a: Drifblim|Drifblim, M|100/100
|-weather|Sandstorm|[from] ability: Sand Stream|[of] p1a: Gigalith
|turn|1
|j| Makarron
|
|switch|p1a: Vaporeon|Vaporeon, M|100/100
|move|p2a: Drifblim|Thunder Wave|p1a: Vaporeon
|-status|p1a: Vaporeon|par
|
|-weather|Sandstorm|[upkeep]
|-damage|p2a: Drifblim|94/100|[from] Sandstorm
|-damage|p1a: Vaporeon|94/100 par|[from] Sandstorm
|-heal|p1a: Vaporeon|100/100 par|[from] item: Leftovers
|upkeep
|turn|2
|
|switch|p2a: Pincurchin|Pincurchin, M|100/100
|-fieldstart|move: Electric Terrain|[from] ability: Electric Surge|[of] p2a: Pincurchin
|move|p1a: Vaporeon|Scald|p2a: Pincurchin
|-damage|p2a: Pincurchin|61/100
|
|-weather|Sandstorm|[upkeep]
|-damage|p1a: Vaporeon|94/100 par|[from] Sandstorm
|-damage|p2a: Pincurchin|56/100|[from] Sandstorm
|-heal|p1a: Vaporeon|100/100 par|[from] item: Leftovers
|upkeep
|turn|3
|
|switch|p1a: Gigalith|Gigalith, F|100/100
|move|p2a: Pincurchin|Spikes|p1a: Gigalith
|-sidestart|p1: bebo7788|Spikes
|
|-weather|Sandstorm|[upkeep]
|-damage|p2a: Pincurchin|49/100|[from] Sandstorm
|upkeep
|turn|4
|
|switch|p2a: Passimian|Passimian, F|100/100
|move|p1a: Gigalith|Stealth Rock|p2a: Passimian
|-sidestart|p2: Fairy Weezing|move: Stealth Rock
|
|-weather|Sandstorm|[upkeep]
|-damage|p2a: Passimian|94/100|[from] Sandstorm
|upkeep
|turn|5
|
|move|p1a: Gigalith|Protect|p1a: Gigalith
|-singleturn|p1a: Gigalith|Protect
|move|p2a: Passimian|Knock Off|p1a: Gigalith
|-activate|p1a: Gigalith|move: Protect
|
|-weather|none
|upkeep
|turn|6
|
|switch|p1a: Silvally|Silvally-Steel|100/100
|-damage|p1a: Silvally|88/100|[from] Spikes
|move|p2a: Passimian|Knock Off|p1a: Silvally
|-damage|p1a: Silvally|66/100
|
|upkeep
|turn|7
|
|switch|p2a: Salazzle|Salazzle, F|100/100
|move|p1a: Silvally|Multi-Attack|p2a: Salazzle
|-resisted|p2a: Salazzle
|-damage|p2a: Salazzle|51/100
|
|upkeep
|turn|8
|inactive|bebo7788 has 120 seconds left.
|
|switch|p1a: Gigalith|Gigalith, F|100/100
|-damage|p1a: Gigalith|88/100|[from] Spikes
|-weather|Sandstorm|[from] ability: Sand Stream|[of] p1a: Gigalith
|move|p2a: Salazzle|Fire Blast|p1a: Gigalith
|-resisted|p1a: Gigalith
|-damage|p1a: Gigalith|73/100
|
|-weather|Sandstorm|[upkeep]
|-damage|p2a: Salazzle|45/100|[from] Sandstorm
|-heal|p1a: Gigalith|79/100|[from] item: Leftovers
|upkeep
|turn|9
|
|move|p2a: Salazzle|Toxic|p1a: Gigalith
|-status|p1a: Gigalith|tox
|move|p1a: Gigalith|Rock Blast|p2a: Salazzle
|-supereffective|p2a: Salazzle
|-damage|p2a: Salazzle|2/100
|-supereffective|p2a: Salazzle
|-damage|p2a: Salazzle|0 fnt
|-hitcount|p2a: Salazzle|2
|faint|p2a: Salazzle
|
|-weather|Sandstorm|[upkeep]
|-heal|p1a: Gigalith|85/100 tox|[from] item: Leftovers
|-damage|p1a: Gigalith|79/100 tox|[from] psn
|-fieldend|move: Electric Terrain
|upkeep
|
|switch|p2a: Gigalith|Gigalith, M|100/100
|-damage|p2a: Gigalith|88/100|[from] Stealth Rock
|turn|10
|inactive|bebo7788 has 120 seconds left.
|j|+Averardo
|
|switch|p1a: Vaporeon|Vaporeon, M|100/100 par
|-damage|p1a: Vaporeon|88/100 par|[from] Spikes
|move|p2a: Gigalith|Stealth Rock|p1a: Vaporeon
|-sidestart|p1: bebo7788|move: Stealth Rock
|
|-weather|Sandstorm|[upkeep]
|-damage|p1a: Vaporeon|82/100 par|[from] Sandstorm
|-heal|p2a: Gigalith|94/100|[from] item: Leftovers
|-heal|p1a: Vaporeon|88/100 par|[from] item: Leftovers
|upkeep
|turn|11
|
|switch|p2a: Pincurchin|Pincurchin, M|49/100
|-damage|p2a: Pincurchin|37/100|[from] Stealth Rock
|-fieldstart|move: Electric Terrain|[from] ability: Electric Surge|[of] p2a: Pincurchin
|move|p1a: Vaporeon|Wish|p1a: Vaporeon
|
|-weather|Sandstorm|[upkeep]
|-damage|p1a: Vaporeon|82/100 par|[from] Sandstorm
|-damage|p2a: Pincurchin|31/100|[from] Sandstorm
|-heal|p1a: Vaporeon|88/100 par|[from] item: Leftovers
|upkeep
|turn|12
|inactive|bebo7788 has 120 seconds left.
|
|switch|p1a: Gigalith|Gigalith, F|79/100 tox
|-damage|p1a: Gigalith|67/100 tox|[from] Spikes
|-damage|p1a: Gigalith|55/100 tox|[from] Stealth Rock
|move|p2a: Pincurchin|Spikes|p1a: Gigalith
|-sidestart|p1: bebo7788|Spikes
|
|-weather|none
|-heal|p1a: Gigalith|100/100 tox|[from] move: Wish|[wisher] Vaporeon
|-damage|p1a: Gigalith|94/100 tox|[from] psn
|upkeep
|turn|13
|
|move|p1a: Gigalith|Rock Blast|p2a: Pincurchin
|-damage|p2a: Pincurchin|21/100
|-damage|p2a: Pincurchin|11/100
|-damage|p2a: Pincurchin|0 fnt
|-hitcount|p2a: Pincurchin|3
|faint|p2a: Pincurchin
|
|-heal|p1a: Gigalith|100/100 tox|[from] item: Leftovers
|-damage|p1a: Gigalith|88/100 tox|[from] psn
|upkeep
|
|switch|p2a: Slurpuff|Slurpuff, F|100/100
|-damage|p2a: Slurpuff|88/100|[from] Stealth Rock
|-enditem|p2a: Slurpuff|Electric Seed
|-boost|p2a: Slurpuff|def|1
|turn|14
|inactive|bebo7788 has 120 seconds left.
|
|switch|p1a: Vileplume|Vileplume, M|100/100
|-damage|p1a: Vileplume|84/100|[from] Spikes
|-damage|p1a: Vileplume|71/100|[from] Stealth Rock
|move|p2a: Slurpuff|Calm Mind|p2a: Slurpuff
|-boost|p2a: Slurpuff|spa|1
|-boost|p2a: Slurpuff|spd|1
|
|-heal|p1a: Vileplume|78/100|[from] item: Black Sludge
|upkeep
|turn|15
|
|move|p2a: Slurpuff|Flamethrower|p1a: Vileplume
|-supereffective|p1a: Vileplume
|-damage|p1a: Vileplume|1/100
|move|p1a: Vileplume|Sludge Bomb|p2a: Slurpuff
|-supereffective|p2a: Slurpuff
|-damage|p2a: Slurpuff|22/100
|
|-heal|p1a: Vileplume|8/100|[from] item: Black Sludge
|upkeep
|turn|16
|j| Dragonjarl
|l|+Averardo
|c|☆Fairy Weezing|Inb4 draining kiss activates effect spore
|inactive|Fairy Weezing has 120 seconds left.
|c|☆bebo7788|why would u
|
|move|p2a: Slurpuff|Draining Kiss|p1a: Vileplume
|-resisted|p1a: Vileplume
|-damage|p1a: Vileplume|0 fnt
|-heal|p2a: Slurpuff|28/100|[from] drain|[of] p1a: Vileplume
|faint|p1a: Vileplume
|
|upkeep
|c|☆bebo7788|risk that
|
|switch|p1a: Sigilyph|Sigilyph, M|100/100
|turn|17
|c|☆Fairy Weezing|I need all the hp i can get to 1v1 gigalith
|c|☆Fairy Weezing|Oh
|
|move|p2a: Slurpuff|Draining Kiss|p1a: Sigilyph
|-damage|p1a: Sigilyph|60/100
|-heal|p2a: Slurpuff|55/100|[from] drain|[of] p1a: Sigilyph
|move|p1a: Sigilyph|Psyshock|p2a: Slurpuff
|-damage|p2a: Slurpuff|18/100
|
|upkeep
|turn|18
|c|☆bebo7788|nope
|
|move|p2a: Slurpuff|Draining Kiss|p1a: Sigilyph
|-damage|p1a: Sigilyph|20/100
|-heal|p2a: Slurpuff|45/100|[from] drain|[of] p1a: Sigilyph
|move|p1a: Sigilyph|Psyshock|p2a: Slurpuff
|-damage|p2a: Slurpuff|9/100
|
|-fieldend|move: Electric Terrain
|upkeep
|turn|19
|
|move|p2a: Slurpuff|Draining Kiss|p1a: Sigilyph
|-damage|p1a: Sigilyph|0 fnt
|-heal|p2a: Slurpuff|23/100|[from] drain|[of] p1a: Sigilyph
|faint|p1a: Sigilyph
|
|upkeep
|
|switch|p1a: Gigalith|Gigalith, F|88/100 tox
|-damage|p1a: Gigalith|72/100 tox|[from] Spikes
|-damage|p1a: Gigalith|59/100 tox|[from] Stealth Rock
|-weather|Sandstorm|[from] ability: Sand Stream|[of] p1a: Gigalith
|turn|20
|
|move|p2a: Slurpuff|Draining Kiss|p1a: Gigalith
|-damage|p1a: Gigalith|41/100 tox
|-heal|p2a: Slurpuff|39/100|[from] drain|[of] p1a: Gigalith
|move|p1a: Gigalith|Rock Blast|p2a: Slurpuff
|-damage|p2a: Slurpuff|29/100
|-damage|p2a: Slurpuff|21/100
|-crit|p2a: Slurpuff
|-damage|p2a: Slurpuff|0 fnt
|-hitcount|p2a: Slurpuff|3
|faint|p2a: Slurpuff
|
|-weather|Sandstorm|[upkeep]
|-heal|p1a: Gigalith|47/100 tox|[from] item: Leftovers
|-damage|p1a: Gigalith|41/100 tox|[from] psn
|upkeep
|c|☆Fairy Weezing|Rip so close yet so far
|
|switch|p2a: Passimian|Passimian, F|94/100
|-damage|p2a: Passimian|88/100|[from] Stealth Rock
|turn|21
|
|move|p1a: Gigalith|Protect|p1a: Gigalith
|-singleturn|p1a: Gigalith|Protect
|move|p2a: Passimian|Close Combat|p1a: Gigalith
|-activate|p1a: Gigalith|move: Protect
|
|-weather|Sandstorm|[upkeep]
|-damage|p2a: Passimian|82/100|[from] Sandstorm
|-heal|p1a: Gigalith|47/100 tox|[from] item: Leftovers
|-damage|p1a: Gigalith|35/100 tox|[from] psn
|upkeep
|turn|22
|
|move|p2a: Passimian|Close Combat|p1a: Gigalith
|-supereffective|p1a: Gigalith
|-damage|p1a: Gigalith|0 fnt
|-unboost|p2a: Passimian|def|1
|-unboost|p2a: Passimian|spd|1
|faint|p1a: Gigalith
|
|-weather|Sandstorm|[upkeep]
|-damage|p2a: Passimian|76/100|[from] Sandstorm
|upkeep
|
|switch|p1a: Passimian|Passimian, F|100/100
|-damage|p1a: Passimian|94/100|[from] Stealth Rock
|-damage|p1a: Passimian|78/100|[from] Spikes
|turn|23
|
|switch|p2a: Drifblim|Drifblim, M|94/100
|move|p1a: Passimian|Knock Off|p2a: Drifblim
|-supereffective|p2a: Drifblim
|-damage|p2a: Drifblim|35/100
|-enditem|p2a: Drifblim|Heavy-Duty Boots|[from] move: Knock Off|[of] p1a: Passimian
|
|-weather|Sandstorm|[upkeep]
|-damage|p2a: Drifblim|28/100|[from] Sandstorm
|-damage|p1a: Passimian|72/100|[from] Sandstorm
|upkeep
|turn|24
|
|move|p2a: Drifblim|Strength Sap|p1a: Passimian
|-unboost|p1a: Passimian|atk|1
|-ability|p1a: Passimian|Defiant
|-boost|p1a: Passimian|atk|2
|-heal|p2a: Drifblim|100/100
|move|p1a: Passimian|Knock Off|p2a: Drifblim
|-supereffective|p2a: Drifblim
|-damage|p2a: Drifblim|39/100
|
|-weather|none
|upkeep
|turn|25
|c|☆Fairy Weezing|OH ur banded
|c|☆Fairy Weezing|Dam
|inactive|bebo7788 has 120 seconds left.
|
|move|p2a: Drifblim|Hex|p1a: Passimian
|-damage|p1a: Passimian|39/100
|move|p1a: Passimian|Knock Off|p2a: Drifblim
|-supereffective|p2a: Drifblim
|-damage|p2a: Drifblim|0 fnt
|faint|p2a: Drifblim
|
|upkeep
|
|switch|p2a: Passimian|Passimian, F|76/100
|-damage|p2a: Passimian|70/100|[from] Stealth Rock
|turn|26
|
|move|p2a: Passimian|Close Combat|p1a: Passimian
|-damage|p1a: Passimian|0 fnt
|-unboost|p2a: Passimian|def|1
|-unboost|p2a: Passimian|spd|1
|faint|p1a: Passimian
|
|upkeep
|
|switch|p1a: Vaporeon|Vaporeon, M|88/100 par
|-damage|p1a: Vaporeon|76/100 par|[from] Stealth Rock
|-damage|p1a: Vaporeon|59/100 par|[from] Spikes
|turn|27
|
|move|p2a: Passimian|Close Combat|p1a: Vaporeon
|-damage|p1a: Vaporeon|12/100 par
|-unboost|p2a: Passimian|def|1
|-unboost|p2a: Passimian|spd|1
|cant|p1a: Vaporeon|par
|
|-heal|p1a: Vaporeon|18/100 par|[from] item: Leftovers
|upkeep
|turn|28
|c|☆Fairy Weezing|Para broken
|c|☆bebo7788|wow
|c|☆bebo7788|HOLY
|c|☆bebo7788|SHIT
|c|☆bebo7788|k
|c|☆bebo7788|gg
|c|☆bebo7788|man
|-message|bebo7788 forfeited.
|
|win|Fairy Weezing
|l|☆bebo7788
|c|☆Fairy Weezing|Sorry gg
