|j|☆rult2at green
|j|☆Dancanmanfan
|t:|1597637248
|player|p1|rult2at green|124|1160
|player|p2|Dancanmanfan|clay|1205
|teamsize|p1|6
|teamsize|p2|6
|gametype|singles
|gen|8
|tier|[Gen 8] RU
|rated|
|clearpoke
|poke|p1|Shuckle, M|
|poke|p1|Flareon, F|
|poke|p1|Xatu, M|
|poke|p1|Indeedee-F, F|
|poke|p1|Braviary, M|
|poke|p1|Copperajah, F|
|poke|p2|Slowbro-Galar, M|
|poke|p2|Klefki, M|
|poke|p2|Rotom-Mow|
|poke|p2|Blastoise, F|
|poke|p2|Cinccino, M|
|poke|p2|Mudsdale, M|
|rule|Sleep Clause Mod: Limit one foe put to sleep
|rule|Species Clause: Limit one of each Pokémon
|rule|OHKO Clause: OHKO moves are banned
|rule|Evasion Moves Clause: Evasion moves are banned
|rule|Endless Battle Clause: Forcing endless battles is banned
|rule|HP Percentage Mod: HP is shown in percentages
|rule|Dynamax Clause: You cannot dynamax
|teampreview
|
|t:|1597637280
|start
|switch|p1a: Copperajah|Copperajah, F|100/100
|switch|p2a: Rotom|Rotom-Mow|100/100
|turn|1
|
|t:|1597637284
|move|p2a: Rotom|Volt Switch|p1a: Copperajah
|-damage|p1a: Copperajah|73/100
|
|t:|1597637289
|switch|p2a: Mudsdale|Mudsdale, M|100/100|[from]move: Volt Switch
|move|p1a: Copperajah|Stealth Rock|p2a: Mudsdale
|-sidestart|p2: Dancanmanfan|move: Stealth Rock
|
|-heal|p1a: Copperajah|80/100|[from] item: Leftovers
|upkeep
|turn|2
|
|t:|1597637293
|switch|p1a: Xatu|Xatu, M|100/100
|move|p2a: Mudsdale|Stealth Rock|p1a: Xatu
|move|p1a: Xatu|Stealth Rock||[from]Magic Bounce|[still]
|-fail|p1a: Xatu
|
|upkeep
|turn|3
|
|t:|1597637297
|move|p1a: Xatu|Light Screen|p1a: Xatu
|-sidestart|p1: rult2at green|move: Light Screen
|move|p2a: Mudsdale|Roar|p1a: Xatu
|move|p1a: Xatu|Roar|p2a: Mudsdale|[from]Magic Bounce
|drag|p2a: Cinccino|Cinccino, M|100/100
|-damage|p2a: Cinccino|88/100|[from] Stealth Rock
|
|upkeep
|turn|4
|
|t:|1597637305
|switch|p1a: Copperajah|Copperajah, F|80/100
|move|p2a: Cinccino|Rock Blast|p1a: Copperajah
|-resisted|p1a: Copperajah
|-damage|p1a: Copperajah|75/100
|-resisted|p1a: Copperajah
|-damage|p1a: Copperajah|69/100
|-resisted|p1a: Copperajah
|-damage|p1a: Copperajah|63/100
|-resisted|p1a: Copperajah
|-damage|p1a: Copperajah|58/100
|-resisted|p1a: Copperajah
|-damage|p1a: Copperajah|53/100
|-hitcount|p1a: Copperajah|5
|
|-heal|p1a: Copperajah|59/100|[from] item: Leftovers
|upkeep
|turn|5
|
|t:|1597637311
|switch|p2a: Mudsdale|Mudsdale, M|100/100
|-damage|p2a: Mudsdale|94/100|[from] Stealth Rock
|move|p1a: Copperajah|Power Whip|p2a: Mudsdale
|-supereffective|p2a: Mudsdale
|-damage|p2a: Mudsdale|35/100
|-ability|p2a: Mudsdale|Stamina|boost
|-boost|p2a: Mudsdale|def|1
|
|-heal|p2a: Mudsdale|41/100|[from] item: Leftovers
|-heal|p1a: Copperajah|65/100|[from] item: Leftovers
|upkeep
|turn|6
|
|t:|1597637313
|move|p2a: Mudsdale|Body Press|p1a: Copperajah
|-supereffective|p1a: Copperajah
|-damage|p1a: Copperajah|0 fnt
|faint|p1a: Copperajah
|
|-heal|p2a: Mudsdale|47/100|[from] item: Leftovers
|upkeep
|
|t:|1597637318
|switch|p1a: Indeedee|Indeedee-F, F|100/100
|-fieldstart|move: Psychic Terrain|[from] ability: Psychic Surge|[of] p1a: Indeedee
|turn|7
|
|t:|1597637322
|move|p1a: Indeedee|Expanding Force|p2a: Mudsdale
|-damage|p2a: Mudsdale|0 fnt
|faint|p2a: Mudsdale
|
|-sideend|p1: rult2at green|move: Light Screen
|upkeep
|
|t:|1597637327
|switch|p2a: Klefki|Klefki, M|100/100
|-damage|p2a: Klefki|95/100|[from] Stealth Rock
|turn|8
|
|t:|1597637331
|move|p2a: Klefki|Thunder Wave|p1a: Indeedee
|-activate|p1a: Indeedee|move: Psychic Terrain
|move|p1a: Indeedee|Mystical Fire|p2a: Klefki
|-supereffective|p2a: Klefki
|-damage|p2a: Klefki|57/100
|-unboost|p2a: Klefki|spa|1
|
|-heal|p2a: Klefki|63/100|[from] item: Leftovers
|upkeep
|turn|9
|
|t:|1597637340
|switch|p1a: Shuckle|Shuckle, M|100/100
|move|p2a: Klefki|Defog|p1a: Shuckle
|-activate|p1a: Shuckle|move: Psychic Terrain
|
|-heal|p2a: Klefki|69/100|[from] item: Leftovers
|upkeep
|turn|10
|
|t:|1597637352
|switch|p2a: Blastoise|Blastoise, F|100/100
|-damage|p2a: Blastoise|88/100|[from] Stealth Rock
|move|p1a: Shuckle|Infestation|p2a: Blastoise
|-damage|p2a: Blastoise|86/100
|-activate|p2a: Blastoise|move: Infestation|[of] p1a: Shuckle
|
|-damage|p2a: Blastoise|74/100|[from] move: Infestation|[partiallytrapped]
|upkeep
|turn|11
|
|t:|1597637355
|move|p2a: Blastoise|Shell Smash|p2a: Blastoise
|-unboost|p2a: Blastoise|def|1
|-unboost|p2a: Blastoise|spd|1
|-boost|p2a: Blastoise|atk|2
|-boost|p2a: Blastoise|spa|2
|-boost|p2a: Blastoise|spe|2
|-enditem|p2a: Blastoise|White Herb
|-clearnegativeboost|p2a: Blastoise|[silent]
|move|p1a: Shuckle|Toxic|p2a: Blastoise
|-status|p2a: Blastoise|tox
|
|-damage|p2a: Blastoise|68/100 tox|[from] psn
|-damage|p2a: Blastoise|56/100 tox|[from] move: Infestation|[partiallytrapped]
|upkeep
|turn|12
|
|t:|1597637364
|switch|p1a: Xatu|Xatu, M|100/100
|move|p2a: Blastoise|Surf|p1a: Xatu
|-damage|p1a: Xatu|32/100
|
|-damage|p2a: Blastoise|44/100 tox|[from] psn
|-end|p2a: Blastoise|Infestation|[partiallytrapped]|[silent]
|upkeep
|turn|13
|
|t:|1597637367
|move|p2a: Blastoise|Surf|p1a: Xatu
|-damage|p1a: Xatu|0 fnt
|faint|p1a: Xatu
|
|-damage|p2a: Blastoise|26/100 tox|[from] psn
|upkeep
|
|t:|1597637374
|switch|p1a: Braviary|Braviary, M|100/100
|turn|14
|
|t:|1597637376
|move|p2a: Blastoise|Ice Beam|p1a: Braviary
|-supereffective|p1a: Braviary
|-damage|p1a: Braviary|0 fnt
|faint|p1a: Braviary
|
|-damage|p2a: Blastoise|2/100 tox|[from] psn
|-fieldend|move: Psychic Terrain
|upkeep
|
|t:|1597637378
|switch|p1a: Indeedee|Indeedee-F, F|100/100
|-fieldstart|move: Psychic Terrain|[from] ability: Psychic Surge|[of] p1a: Indeedee
|turn|15
|
|t:|1597637381
|move|p2a: Blastoise|Dark Pulse|p1a: Indeedee
|-supereffective|p1a: Indeedee
|-damage|p1a: Indeedee|2/100
|move|p1a: Indeedee|Expanding Force|p2a: Blastoise
|-damage|p2a: Blastoise|0 fnt
|faint|p2a: Blastoise
|
|upkeep
|
|t:|1597637392
|switch|p2a: Rotom|Rotom-Mow|100/100
|-damage|p2a: Rotom|88/100|[from] Stealth Rock
|turn|16
|
|t:|1597637395
|move|p2a: Rotom|Volt Switch|p1a: Indeedee
|-damage|p1a: Indeedee|0 fnt
|faint|p1a: Indeedee
|
|t:|1597637405
|switch|p2a: Cinccino|Cinccino, M|88/100|[from]move: Volt Switch
|-damage|p2a: Cinccino|76/100|[from] Stealth Rock
|
|upkeep
|
|t:|1597637407
|switch|p1a: Shuckle|Shuckle, M|100/100
|turn|17
|
|t:|1597637411
|move|p2a: Cinccino|Triple Axel|p1a: Shuckle
|-damage|p1a: Shuckle|95/100
|-damage|p1a: Shuckle|85/100
|-damage|p1a: Shuckle|69/100
|-hitcount|p1a: Shuckle|3
|move|p1a: Shuckle|Shell Smash|p1a: Shuckle
|-unboost|p1a: Shuckle|def|1
|-unboost|p1a: Shuckle|spd|1
|-boost|p1a: Shuckle|atk|2
|-boost|p1a: Shuckle|spa|2
|-boost|p1a: Shuckle|spe|2
|-enditem|p1a: Shuckle|Eject Pack
|
|t:|1597637414
|switch|p1a: Xin|Flareon, F, shiny|100/100
|
|upkeep
|turn|18
|
|t:|1597637428
|switch|p2a: Slowbro|Slowbro-Galar, M|100/100
|-damage|p2a: Slowbro|88/100|[from] Stealth Rock
|move|p1a: Xin|Copycat|p1a: Xin
|move|p1a: Xin|Shell Smash|p1a: Xin|[from]Copycat
|-unboost|p1a: Xin|def|1
|-unboost|p1a: Xin|spd|1
|-boost|p1a: Xin|atk|2
|-boost|p1a: Xin|spa|2
|-boost|p1a: Xin|spe|2
|
|-heal|p2a: Slowbro|94/100|[from] item: Black Sludge
|upkeep
|turn|19
|c|☆rult2at green|bless you sir
|c|☆rult2at green|thank you so much
|
|t:|1597637453
|move|p1a: Xin|Stored Power|p2a: Slowbro
|-damage|p2a: Slowbro|0 fnt
|faint|p2a: Slowbro
|
|upkeep
|c|☆rult2at green|PLEASE DON'T FORFEIT
|
|t:|1597637473
|switch|p2a: Cinccino|Cinccino, M|76/100
|-damage|p2a: Cinccino|64/100|[from] Stealth Rock
|turn|20
|
|t:|1597637477
|move|p1a: Xin|Flare Blitz|p2a: Cinccino
|-damage|p2a: Cinccino|0 fnt
|-damage|p1a: Xin|78/100|[from] Recoil
|faint|p2a: Cinccino
|
|upkeep
|
|t:|1597637486
|switch|p2a: Klefki|Klefki, M|69/100
|-damage|p2a: Klefki|63/100|[from] Stealth Rock
|turn|21
|
|t:|1597637489
|move|p2a: Klefki|Thunder Wave|p1a: Xin
|-activate|p1a: Xin|move: Psychic Terrain
|move|p1a: Xin|Flare Blitz|p2a: Klefki
|-supereffective|p2a: Klefki
|-damage|p2a: Klefki|0 fnt
|-damage|p1a: Xin|54/100|[from] Recoil
|faint|p2a: Klefki
|
|upkeep
|
|t:|1597637492
|switch|p2a: Rotom|Rotom-Mow|88/100
|-damage|p2a: Rotom|75/100|[from] Stealth Rock
|turn|22
|
|t:|1597637501
|move|p1a: Xin|Flare Blitz|p2a: Rotom
|-supereffective|p2a: Rotom
|-damage|p2a: Rotom|0 fnt
|-damage|p1a: Xin|26/100|[from] Recoil
|faint|p2a: Rotom
|
|win|rult2at green
|c|☆Dancanmanfan|gg
|c|☆rult2at green|thank you
|raw|rult2at green's rating: 1126 &rarr; <strong>1157</strong><br />(+31 for winning)
|raw|Dancanmanfan's rating: 1206 &rarr; <strong>1175</strong><br />(-31 for losing)
|c|☆Dancanmanfan|cool set
|c|☆rult2at green|it sucks balls
|l|☆Dancanmanfan
|c|☆rult2at green|don't try it
