|raw|<div class="broadcast-blue"><strong>This battle is required to be public due to a player having a name starting with 'rult66'.</div>
|j|☆RULT66x Astro
|j|☆Its oyster time
|t:|1655738361
|gametype|singles
|player|p1|RULT66x Astro|bea|1330
|player|p2|Its oyster time|102|1411
|teamsize|p1|6
|teamsize|p2|6
|gen|8
|tier|[Gen 8] RU
|rated|
|rule|Sleep Clause Mod: Limit one foe put to sleep
|rule|Species Clause: Limit one of each Pokémon
|rule|OHKO Clause: OHKO moves are banned
|rule|Evasion Moves Clause: Evasion moves are banned
|rule|Endless Battle Clause: Forcing endless battles is banned
|rule|HP Percentage Mod: HP is shown in percentages
|rule|Dynamax Clause: You cannot dynamax
|clearpoke
|poke|p1|Indeedee, M|
|poke|p1|Escavalier, M|
|poke|p1|Umbreon, M|
|poke|p1|Weezing-Galar, M|
|poke|p1|Reuniclus, M|
|poke|p1|Nidoqueen, F|
|poke|p2|Porygon-Z|
|poke|p2|Nidoqueen, F|
|poke|p2|Bronzong|
|poke|p2|Togekiss, M|
|poke|p2|Scrafty, M|
|poke|p2|Dhelmise|
|teampreview
|inactive|Battle timer is ON: inactive players will automatically lose when time's up. (requested by Its oyster time)
|inactive|RULT66x Astro also wants the timer to be on.
|c|☆Its oyster time|glhf
|c|☆RULT66x Astro|hf !
|
|t:|1655738386
|start
|switch|p1a: Indeedee|Indeedee, M|100/100
|switch|p2a: Nidoqueen|Nidoqueen, F|100/100
|-fieldstart|move: Psychic Terrain|[from] ability: Psychic Surge|[of] p1a: Indeedee
|turn|1
|
|t:|1655738399
|switch|p2a: Scrafty|Scrafty, M|100/100
|move|p1a: Indeedee|Expanding Force|p2a: Scrafty
|-immune|p2a: Scrafty
|
|upkeep
|turn|2
|
|t:|1655738404
|switch|p1a: Weezing|Weezing-Galar, M|100/100
|move|p2a: Scrafty|Knock Off|p1a: Weezing
|-resisted|p1a: Weezing
|-damage|p1a: Weezing|86/100
|-damage|p2a: Scrafty|84/100|[from] item: Rocky Helmet|[of] p1a: Weezing
|-enditem|p1a: Weezing|Rocky Helmet|[from] move: Knock Off|[of] p2a: Scrafty
|
|-heal|p2a: Scrafty|90/100|[from] item: Leftovers
|upkeep
|turn|3
|inactive|RULT66x Astro has 120 seconds left.
|
|t:|1655738436
|switch|p2a: Bronzong|Bronzong|100/100
|switch|p1a: Umbreon|Umbreon, M|100/100
|
|upkeep
|turn|4
|
|t:|1655738451
|switch|p2a: Scrafty|Scrafty, M|90/100
|move|p1a: Umbreon|Foul Play|p2a: Scrafty
|-resisted|p2a: Scrafty
|-damage|p2a: Scrafty|78/100
|
|-heal|p2a: Scrafty|84/100|[from] item: Leftovers
|upkeep
|turn|5
|inactive|RULT66x Astro has 120 seconds left.
|
|t:|1655738492
|switch|p1a: Weezing|Weezing-Galar, M|86/100
|move|p2a: Scrafty|Dragon Dance|p2a: Scrafty
|-boost|p2a: Scrafty|atk|1
|-boost|p2a: Scrafty|spe|1
|
|-heal|p2a: Scrafty|90/100|[from] item: Leftovers
|-fieldend|move: Psychic Terrain
|upkeep
|turn|6
|
|t:|1655738503
|switch|p2a: Bronzong|Bronzong|100/100
|move|p1a: Weezing|Strange Steam|p2a: Bronzong|[miss]
|-miss|p1a: Weezing|p2a: Bronzong
|
|upkeep
|turn|7
|
|t:|1655738511
|switch|p1a: Escavalier|Escavalier, M|100/100
|move|p2a: Bronzong|Stealth Rock|p1a: Escavalier
|-sidestart|p1: RULT66x Astro|move: Stealth Rock
|
|upkeep
|turn|8
|
|t:|1655738518
|switch|p2a: Nidoqueen|Nidoqueen, F|100/100
|move|p1a: Escavalier|Swords Dance|p1a: Escavalier
|-boost|p1a: Escavalier|atk|2
|
|upkeep
|turn|9
|
|t:|1655738523
|move|p2a: Nidoqueen|Earth Power|p1a: Escavalier
|-damage|p1a: Escavalier|45/100
|move|p1a: Escavalier|Iron Head|p2a: Nidoqueen
|-damage|p2a: Nidoqueen|6/100
|
|-heal|p1a: Escavalier|51/100|[from] item: Leftovers
|upkeep
|turn|10
|inactive|RULT66x Astro has 120 seconds left.
|
|t:|1655738536
|switch|p1a: Umbreon|Umbreon, M|100/100
|-damage|p1a: Umbreon|88/100|[from] Stealth Rock
|move|p2a: Nidoqueen|Earth Power|p1a: Umbreon
|-damage|p1a: Umbreon|58/100
|
|-heal|p1a: Umbreon|64/100|[from] item: Leftovers
|upkeep
|turn|11
|inactive|RULT66x Astro has 120 seconds left.
|
|t:|1655738547
|switch|p2a: Scrafty|Scrafty, M|90/100
|move|p1a: Umbreon|Foul Play|p2a: Scrafty
|-resisted|p2a: Scrafty
|-damage|p2a: Scrafty|78/100
|
|-heal|p2a: Scrafty|84/100|[from] item: Leftovers
|-heal|p1a: Umbreon|70/100|[from] item: Leftovers
|upkeep
|turn|12
|
|t:|1655738554
|switch|p1a: Weezing|Weezing-Galar, M|86/100
|-damage|p1a: Weezing|74/100|[from] Stealth Rock
|move|p2a: Scrafty|Dragon Dance|p2a: Scrafty
|-boost|p2a: Scrafty|atk|1
|-boost|p2a: Scrafty|spe|1
|
|-heal|p2a: Scrafty|89/100|[from] item: Leftovers
|upkeep
|turn|13
|
|t:|1655738565
|switch|p2a: Nidoqueen|Nidoqueen, F|6/100
|move|p1a: Weezing|Strange Steam|p2a: Nidoqueen
|-resisted|p2a: Nidoqueen
|-damage|p2a: Nidoqueen|0 fnt
|faint|p2a: Nidoqueen
|
|upkeep
|
|t:|1655738568
|switch|p2a: Porygon-Z|Porygon-Z|100/100
|turn|14
|
|t:|1655738576
|switch|p1a: Reuniclus|Reuniclus, M|100/100
|move|p2a: Porygon-Z|Tri Attack|p1a: Reuniclus
|-damage|p1a: Reuniclus|22/100
|
|upkeep
|turn|15
|
|t:|1655738580
|move|p2a: Porygon-Z|Tri Attack|p1a: Reuniclus
|-damage|p1a: Reuniclus|0 fnt
|faint|p1a: Reuniclus
|
|upkeep
|
|t:|1655738593
|switch|p1a: Escavalier|Escavalier, M|51/100
|-damage|p1a: Escavalier|39/100|[from] Stealth Rock
|turn|16
|
|t:|1655738596
|switch|p2a: Dhelmise|Dhelmise|100/100
|move|p1a: Escavalier|Knock Off|p2a: Dhelmise
|-supereffective|p2a: Dhelmise
|-damage|p2a: Dhelmise|32/100
|-enditem|p2a: Dhelmise|Heavy-Duty Boots|[from] move: Knock Off|[of] p1a: Escavalier
|
|-heal|p1a: Escavalier|45/100|[from] item: Leftovers
|upkeep
|turn|17
|
|t:|1655738601
|switch|p1a: Umbreon|Umbreon, M|70/100
|-damage|p1a: Umbreon|58/100|[from] Stealth Rock
|move|p2a: Dhelmise|Synthesis|p2a: Dhelmise
|-heal|p2a: Dhelmise|82/100
|
|-heal|p1a: Umbreon|64/100|[from] item: Leftovers
|upkeep
|turn|18
|
|t:|1655738605
|switch|p2a: Scrafty|Scrafty, M|89/100
|move|p1a: Umbreon|Wish|p1a: Umbreon
|
|-heal|p2a: Scrafty|95/100|[from] item: Leftovers
|-heal|p1a: Umbreon|70/100|[from] item: Leftovers
|upkeep
|turn|19
|
|t:|1655738611
|switch|p2a: Porygon-Z|Porygon-Z|100/100
|switch|p1a: Escavalier|Escavalier, M|45/100
|-damage|p1a: Escavalier|33/100|[from] Stealth Rock
|
|-heal|p1a: Escavalier|97/100|[from] move: Wish|[wisher] Umbreon
|-heal|p1a: Escavalier|100/100|[from] item: Leftovers
|upkeep
|turn|20
|
|t:|1655738624
|switch|p2a: Dhelmise|Dhelmise|82/100
|move|p1a: Escavalier|Knock Off|p2a: Dhelmise
|-supereffective|p2a: Dhelmise
|-damage|p2a: Dhelmise|34/100
|
|upkeep
|turn|21
|
|t:|1655738638
|move|p2a: Dhelmise|Synthesis|p2a: Dhelmise
|-heal|p2a: Dhelmise|83/100
|move|p1a: Escavalier|Megahorn|p2a: Dhelmise
|-crit|p2a: Dhelmise
|-damage|p2a: Dhelmise|0 fnt
|faint|p2a: Dhelmise
|
|upkeep
|c|☆RULT66x Astro|mb
|
|t:|1655738644
|switch|p2a: Togekiss|Togekiss, M|100/100
|turn|22
|j| Katagirin
|
|t:|1655738658
|switch|p1a: Indeedee|Indeedee, M|100/100
|-damage|p1a: Indeedee|88/100|[from] Stealth Rock
|-fieldstart|move: Psychic Terrain|[from] ability: Psychic Surge|[of] p1a: Indeedee
|move|p2a: Togekiss|Trick|p1a: Indeedee
|-activate|p2a: Togekiss|move: Trick|[of] p1a: Indeedee
|-item|p1a: Indeedee|Choice Scarf|[from] move: Trick
|-item|p2a: Togekiss|Choice Scarf|[from] move: Trick
|
|upkeep
|turn|23
|
|t:|1655738670
|switch|p2a: Bronzong|Bronzong|100/100
|move|p1a: Indeedee|Dazzling Gleam|p2a: Bronzong
|-resisted|p2a: Bronzong
|-damage|p2a: Bronzong|93/100
|
|-heal|p2a: Bronzong|99/100|[from] item: Leftovers
|upkeep
|turn|24
|
|t:|1655738677
|switch|p1a: Escavalier|Escavalier, M|100/100
|-damage|p1a: Escavalier|88/100|[from] Stealth Rock
|switch|p2a: Togekiss|Togekiss, M|100/100
|
|-heal|p1a: Escavalier|94/100|[from] item: Leftovers
|upkeep
|turn|25
|
|t:|1655738687
|switch|p1a: Nidoqueen|Nidoqueen, F|100/100
|-damage|p1a: Nidoqueen|94/100|[from] Stealth Rock
|move|p2a: Togekiss|Air Slash|p1a: Nidoqueen|[miss]
|-miss|p2a: Togekiss|p1a: Nidoqueen
|
|upkeep
|turn|26
|
|t:|1655738693
|switch|p2a: Bronzong|Bronzong|99/100
|move|p1a: Nidoqueen|Ice Beam|p2a: Bronzong
|-resisted|p2a: Bronzong
|-damage|p2a: Bronzong|87/100
|
|-heal|p2a: Bronzong|93/100|[from] item: Leftovers
|-fieldend|move: Psychic Terrain
|upkeep
|turn|27
|
|t:|1655738703
|switch|p2a: Scrafty|Scrafty, M|95/100
|move|p1a: Nidoqueen|Stealth Rock|p2a: Scrafty
|-sidestart|p2: Its oyster time|move: Stealth Rock
|
|-heal|p2a: Scrafty|100/100|[from] item: Leftovers
|upkeep
|turn|28
|l| Katagirin
|
|t:|1655738709
|move|p1a: Nidoqueen|Taunt|p2a: Scrafty
|-start|p2a: Scrafty|move: Taunt
|cant|p2a: Scrafty|move: Taunt|Dragon Dance
|
|upkeep
|turn|29
|
|t:|1655738720
|switch|p2a: Bronzong|Bronzong|93/100
|-damage|p2a: Bronzong|87/100|[from] Stealth Rock
|move|p1a: Nidoqueen|Earth Power|p2a: Bronzong
|-immune|p2a: Bronzong|[from] ability: Levitate
|
|-heal|p2a: Bronzong|93/100|[from] item: Leftovers
|upkeep
|turn|30
|
|t:|1655738727
|switch|p1a: Escavalier|Escavalier, M|94/100
|-damage|p1a: Escavalier|82/100|[from] Stealth Rock
|switch|p2a: Scrafty|Scrafty, M|100/100
|-damage|p2a: Scrafty|95/100|[from] Stealth Rock
|
|-heal|p2a: Scrafty|100/100|[from] item: Leftovers
|-heal|p1a: Escavalier|88/100|[from] item: Leftovers
|upkeep
|turn|31
|
|t:|1655738733
|switch|p1a: Weezing|Weezing-Galar, M|74/100
|-damage|p1a: Weezing|62/100|[from] Stealth Rock
|move|p2a: Scrafty|Knock Off|p1a: Weezing
|-resisted|p1a: Weezing
|-damage|p1a: Weezing|52/100
|
|upkeep
|turn|32
|
|t:|1655738737
|switch|p2a: Porygon-Z|Porygon-Z|100/100
|-damage|p2a: Porygon-Z|88/100|[from] Stealth Rock
|move|p1a: Weezing|Pain Split|p2a: Porygon-Z
|-sethp|p2a: Porygon-Z|72/100|[from] move: Pain Split|[silent]
|-sethp|p1a: Weezing|67/100|[from] move: Pain Split
|
|upkeep
|turn|33
|
|t:|1655738765
|switch|p1a: Umbreon|Umbreon, M|70/100
|-damage|p1a: Umbreon|58/100|[from] Stealth Rock
|move|p2a: Porygon-Z|Tri Attack|p1a: Umbreon
|-crit|p1a: Umbreon
|-damage|p1a: Umbreon|0 fnt
|faint|p1a: Umbreon
|
|upkeep
|
|t:|1655738769
|switch|p1a: Escavalier|Escavalier, M|88/100
|-damage|p1a: Escavalier|76/100|[from] Stealth Rock
|turn|34
|
|t:|1655738783
|move|p2a: Porygon-Z|Tri Attack|p1a: Escavalier
|-resisted|p1a: Escavalier
|-damage|p1a: Escavalier|36/100
|move|p1a: Escavalier|Iron Head|p2a: Porygon-Z
|-damage|p2a: Porygon-Z|11/100
|
|-heal|p1a: Escavalier|42/100|[from] item: Leftovers
|upkeep
|turn|35
|
|t:|1655738799
|switch|p1a: Nidoqueen|Nidoqueen, F|94/100
|-damage|p1a: Nidoqueen|88/100|[from] Stealth Rock
|move|p2a: Porygon-Z|Tri Attack|p1a: Nidoqueen
|-damage|p1a: Nidoqueen|0 fnt
|faint|p1a: Nidoqueen
|
|upkeep
|
|t:|1655738804
|switch|p1a: Indeedee|Indeedee, M|88/100
|-damage|p1a: Indeedee|76/100|[from] Stealth Rock
|-fieldstart|move: Psychic Terrain|[from] ability: Psychic Surge|[of] p1a: Indeedee
|turn|36
|
|t:|1655738812
|move|p1a: Indeedee|Dazzling Gleam|p2a: Porygon-Z
|-damage|p2a: Porygon-Z|0 fnt
|faint|p2a: Porygon-Z
|
|upkeep
|
|t:|1655738818
|switch|p2a: Togekiss|Togekiss, M|100/100
|-damage|p2a: Togekiss|76/100|[from] Stealth Rock
|turn|37
|
|t:|1655738822
|move|p1a: Indeedee|Dazzling Gleam|p2a: Togekiss
|-damage|p2a: Togekiss|53/100
|move|p2a: Togekiss|Air Slash|p1a: Indeedee
|-damage|p1a: Indeedee|22/100
|
|upkeep
|turn|38
|
|t:|1655738831
|move|p1a: Indeedee|Dazzling Gleam|p2a: Togekiss
|-damage|p2a: Togekiss|29/100
|move|p2a: Togekiss|Air Slash|p1a: Indeedee
|-damage|p1a: Indeedee|0 fnt
|faint|p1a: Indeedee
|
|upkeep
|
|t:|1655738839
|switch|p1a: Weezing|Weezing-Galar, M|67/100
|-damage|p1a: Weezing|55/100|[from] Stealth Rock
|turn|39
|
|t:|1655738855
|switch|p2a: Bronzong|Bronzong|93/100
|-damage|p2a: Bronzong|87/100|[from] Stealth Rock
|move|p1a: Weezing|Strange Steam|p2a: Bronzong
|-resisted|p2a: Bronzong
|-damage|p2a: Bronzong|78/100
|
|-heal|p2a: Bronzong|84/100|[from] item: Leftovers
|upkeep
|turn|40
|
|t:|1655738860
|move|p1a: Weezing|Pain Split|p2a: Bronzong
|-sethp|p2a: Bronzong|69/100|[from] move: Pain Split|[silent]
|-sethp|p1a: Weezing|70/100|[from] move: Pain Split
|move|p2a: Bronzong|Psychic|p1a: Weezing
|-supereffective|p1a: Weezing
|-crit|p1a: Weezing
|-damage|p1a: Weezing|0 fnt
|faint|p1a: Weezing
|
|-heal|p2a: Bronzong|75/100|[from] item: Leftovers
|-fieldend|move: Psychic Terrain
|upkeep
|
|t:|1655738864
|switch|p1a: Escavalier|Escavalier, M|42/100
|-damage|p1a: Escavalier|30/100|[from] Stealth Rock
|turn|41
|
|t:|1655738869
|move|p1a: Escavalier|Knock Off|p2a: Bronzong
|-supereffective|p2a: Bronzong
|-damage|p2a: Bronzong|14/100
|-enditem|p2a: Bronzong|Leftovers|[from] move: Knock Off|[of] p1a: Escavalier
|move|p2a: Bronzong|Body Press|p1a: Escavalier
|-damage|p1a: Escavalier|8/100
|
|-heal|p1a: Escavalier|14/100|[from] item: Leftovers
|upkeep
|turn|42
|
|t:|1655738873
|move|p1a: Escavalier|Knock Off|p2a: Bronzong
|-supereffective|p2a: Bronzong
|-damage|p2a: Bronzong|0 fnt
|faint|p2a: Bronzong
|
|-heal|p1a: Escavalier|20/100|[from] item: Leftovers
|upkeep
|
|t:|1655738874
|switch|p2a: Scrafty|Scrafty, M|100/100
|-damage|p2a: Scrafty|95/100|[from] Stealth Rock
|turn|43
|c|☆RULT66x Astro|gg!
|c|☆Its oyster time|gg
|
|t:|1655738879
|move|p2a: Scrafty|Knock Off|p1a: Escavalier
|-damage|p1a: Escavalier|0 fnt
|-enditem|p1a: Escavalier|Leftovers|[from] move: Knock Off|[of] p2a: Scrafty
|faint|p1a: Escavalier
|
|win|Its oyster time
|raw|RULT66x Astro's rating: 1330 &rarr; <strong>1315</strong><br />(-15 for losing)
|raw|Its oyster time's rating: 1411 &rarr; <strong>1426</strong><br />(+15 for winning)
|l|☆RULT66x Astro
||Ladder isn't responding, score probably updated but might not have (Request timeout).
