|j|☆Der_Skifahrer
|j|☆Shanubiki
|t:|1620675565
|gametype|singles
|player|p1|Der_Skifahrer|274|1117
|player|p2|Shanubiki|koga|1167
|teamsize|p1|6
|teamsize|p2|6
|gen|8
|tier|[Gen 8] RU
|rated|
|rule|Sleep Clause Mod: Limit one foe put to sleep
|rule|Species Clause: Limit one of each Pokémon
|rule|OHKO Clause: OHKO moves are banned
|rule|Evasion Moves Clause: Evasion moves are banned
|rule|Endless Battle Clause: Forcing endless battles is banned
|rule|HP Percentage Mod: HP is shown in percentages
|rule|Dynamax Clause: You cannot dynamax
|clearpoke
|poke|p1|Togekiss, F|
|poke|p1|Xurkitree|
|poke|p1|Mimikyu, F|
|poke|p1|Cobalion|
|poke|p1|Reuniclus, M|
|poke|p1|Gastrodon, M|
|poke|p2|Registeel|
|poke|p2|Volcanion|
|poke|p2|Noivern, M|
|poke|p2|Zarude|
|poke|p2|Marowak-Alola, F|
|poke|p2|Sharpedo, M|
|teampreview
|inactive|Battle timer is ON: inactive players will automatically lose when time's up. (requested by Der_Skifahrer)
|
|t:|1620675590
|start
|switch|p1a: Xurkitree|Xurkitree, shiny|100/100
|switch|p2a: chaleur latente|Volcanion|100/100
|turn|1
|
|t:|1620675596
|switch|p2a: je suis décédé|Marowak-Alola, F|100/100
|move|p1a: Xurkitree|Volt Switch|p2a: je suis décédé
|-ability|p2a: je suis décédé|Lightning Rod|boost
|-boost|p2a: je suis décédé|spa|1
|
|upkeep
|turn|2
|
|t:|1620675609
|switch|p1a: Gastrodon|Gastrodon, M|100/100
|move|p2a: je suis décédé|Poltergeist|p1a: Gastrodon|[miss]
|-miss|p2a: je suis décédé|p1a: Gastrodon
|
|upkeep
|turn|3
|
|t:|1620675615
|switch|p2a: tarzan|Zarude|100/100
|move|p1a: Gastrodon|Earth Power|p2a: tarzan
|-resisted|p2a: tarzan
|-damage|p2a: tarzan|85/100
|
|upkeep
|turn|4
|
|t:|1620675624
|switch|p1a: Cobalion|Cobalion, shiny|100/100
|move|p2a: tarzan|U-turn|p1a: Cobalion
|-resisted|p1a: Cobalion
|-damage|p1a: Cobalion|96/100
|-damage|p2a: tarzan|69/100|[from] item: Rocky Helmet|[of] p1a: Cobalion
|
|t:|1620675631
|switch|p2a: chaleur latente|Volcanion|100/100|[from]move: U-turn
|
|upkeep
|turn|5
|
|t:|1620675640
|switch|p1a: Gastrodon|Gastrodon, M|100/100
|move|p2a: chaleur latente|Flamethrower|p1a: Gastrodon
|-resisted|p1a: Gastrodon
|-damage|p1a: Gastrodon|80/100
|
|upkeep
|turn|6
|
|t:|1620675645
|switch|p2a: tarzan|Zarude|69/100
|move|p1a: Gastrodon|Toxic|p2a: tarzan
|-status|p2a: tarzan|tox
|
|-damage|p2a: tarzan|63/100 tox|[from] psn
|upkeep
|turn|7
|
|t:|1620675653
|switch|p1a: Cobalion|Cobalion, shiny|96/100
|move|p2a: tarzan|Jungle Healing|p2a: tarzan
|-heal|p2a: tarzan|88/100 tox
|-curestatus|p2a: tarzan|tox|[msg]
|
|upkeep
|turn|8
|
|t:|1620675660
|switch|p2a: je suis décédé|Marowak-Alola, F|100/100
|move|p1a: Cobalion|Stealth Rock|p2a: je suis décédé
|-sidestart|p2: Shanubiki|move: Stealth Rock
|
|upkeep
|turn|9
|
|t:|1620675666
|switch|p1a: Gastrodon|Gastrodon, M|80/100
|move|p2a: je suis décédé|Poltergeist|p1a: Gastrodon|[miss]
|-miss|p2a: je suis décédé|p1a: Gastrodon
|
|upkeep
|turn|10
|
|t:|1620675673
|switch|p2a: chaleur latente|Volcanion|100/100
|move|p1a: Gastrodon|Ice Beam|p2a: chaleur latente
|-resisted|p2a: chaleur latente
|-damage|p2a: chaleur latente|95/100
|
|upkeep
|turn|11
|
|t:|1620675678
|move|p2a: chaleur latente|Defog|p1a: Gastrodon
|-unboost|p1a: Gastrodon|evasion|1
|-sideend|p2: Shanubiki|Stealth Rock|[from] move: Defog|[of] p2a: chaleur latente
|move|p1a: Gastrodon|Toxic|p2a: chaleur latente
|-status|p2a: chaleur latente|tox
|
|-damage|p2a: chaleur latente|89/100 tox|[from] psn
|upkeep
|turn|12
|
|t:|1620675683
|switch|p2a: tarzan|Zarude|88/100
|move|p1a: Gastrodon|Earth Power|p2a: tarzan
|-resisted|p2a: tarzan
|-damage|p2a: tarzan|72/100
|
|upkeep
|turn|13
|
|t:|1620675693
|switch|p1a: Cobalion|Cobalion, shiny|96/100
|move|p2a: tarzan|U-turn|p1a: Cobalion
|-resisted|p1a: Cobalion
|-damage|p1a: Cobalion|91/100
|-damage|p2a: tarzan|56/100|[from] item: Rocky Helmet|[of] p1a: Cobalion
|
|t:|1620675695
|switch|p2a: je suis décédé|Marowak-Alola, F|100/100|[from]move: U-turn
|
|upkeep
|turn|14
|
|t:|1620675700
|switch|p1a: Gastrodon|Gastrodon, M|80/100
|move|p2a: je suis décédé|Poltergeist|p1a: Gastrodon
|-activate|p1a: Gastrodon|move: Poltergeist|Heavy-Duty Boots
|-damage|p1a: Gastrodon|15/100
|
|upkeep
|turn|15
|
|t:|1620675718
|move|p2a: je suis décédé|Fire Punch|p1a: Gastrodon
|-resisted|p1a: Gastrodon
|-damage|p1a: Gastrodon|0 fnt
|faint|p1a: Gastrodon
|
|upkeep
|
|t:|1620675731
|switch|p1a: Mimikyu|Mimikyu, F, shiny|100/100
|turn|16
|
|t:|1620675740
|switch|p2a: tarzan|Zarude|56/100
|move|p1a: Mimikyu|Play Rough|p2a: tarzan
|-supereffective|p2a: tarzan
|-damage|p2a: tarzan|0 fnt
|faint|p2a: tarzan
|-damage|p1a: Mimikyu|91/100|[from] item: Life Orb
|
|upkeep
|
|t:|1620675745
|switch|p2a: monsieur bat|Noivern, M|100/100
|turn|17
|
|t:|1620675751
|move|p2a: monsieur bat|U-turn|p1a: Mimikyu
|-activate|p1a: Mimikyu|ability: Disguise
|-damage|p1a: Mimikyu|91/100
|detailschange|p1a: Mimikyu|Mimikyu-Busted, F, shiny
|-damage|p1a: Mimikyu|78/100|[from] pokemon: Mimikyu-Busted
|
|t:|1620675753
|switch|p2a: de type acier|Registeel|100/100|[from]move: U-turn
|move|p1a: Mimikyu|Play Rough|p2a: de type acier
|-resisted|p2a: de type acier
|-damage|p2a: de type acier|85/100
|-damage|p1a: Mimikyu|68/100|[from] item: Life Orb
|
|-heal|p2a: de type acier|91/100|[from] item: Leftovers
|upkeep
|turn|18
|
|t:|1620675763
|switch|p1a: Cobalion|Cobalion, shiny|91/100
|move|p2a: de type acier|Toxic|p1a: Cobalion
|-immune|p1a: Cobalion
|
|-heal|p2a: de type acier|97/100|[from] item: Leftovers
|upkeep
|turn|19
|
|t:|1620675771
|switch|p1a: Mimikyu|Mimikyu-Busted, F, shiny|68/100
|switch|p2a: monsieur bat|Noivern, M|100/100
|
|upkeep
|turn|20
|
|t:|1620675780
|move|p2a: monsieur bat|Hurricane|p1a: Mimikyu
|-damage|p1a: Mimikyu|11/100
|move|p1a: Mimikyu|Shadow Claw|p2a: monsieur bat
|-damage|p2a: monsieur bat|53/100
|-damage|p1a: Mimikyu|1/100|[from] item: Life Orb
|
|upkeep
|turn|21
|
|t:|1620675787
|move|p1a: Mimikyu|Shadow Sneak|p2a: monsieur bat
|-damage|p2a: monsieur bat|24/100
|-damage|p1a: Mimikyu|0 fnt|[from] item: Life Orb
|faint|p1a: Mimikyu
|move|p2a: monsieur bat|U-turn|p1: Mimikyu|[notarget]
|-fail|p2a: monsieur bat
|
|upkeep
|
|t:|1620675795
|switch|p1a: Xurkitree|Xurkitree, shiny|100/100
|turn|22
|
|t:|1620675799
|move|p1a: Xurkitree|Dazzling Gleam|p2a: monsieur bat
|-supereffective|p2a: monsieur bat
|-damage|p2a: monsieur bat|0 fnt
|faint|p2a: monsieur bat
|-ability|p1a: Xurkitree|Beast Boost|boost
|-boost|p1a: Xurkitree|spa|1
|
|upkeep
|
|t:|1620675801
|switch|p2a: de type acier|Registeel|97/100
|turn|23
|
|t:|1620675807
|switch|p1a: Cobalion|Cobalion, shiny|91/100
|switch|p2a: je suis décédé|Marowak-Alola, F|100/100
|
|upkeep
|turn|24
|
|t:|1620675838
|switch|p1a: Togekiss|Togekiss, F, shiny|100/100
|move|p2a: je suis décédé|Flame Charge|p1a: Togekiss
|-damage|p1a: Togekiss|71/100
|-boost|p2a: je suis décédé|spe|1
|
|upkeep
|turn|25
|
|t:|1620675847
|move|p2a: je suis décédé|Swords Dance|p2a: je suis décédé
|-boost|p2a: je suis décédé|atk|2
|move|p1a: Togekiss|Thunder Wave|p2a: je suis décédé
|-ability|p2a: je suis décédé|Lightning Rod|boost
|-boost|p2a: je suis décédé|spa|1
|
|upkeep
|turn|26
|
|t:|1620675851
|move|p2a: je suis décédé|Fire Punch|p1a: Togekiss
|-damage|p1a: Togekiss|0 fnt
|faint|p1a: Togekiss
|
|upkeep
|
|t:|1620675859
|switch|p1a: Cobalion|Cobalion, shiny|91/100
|turn|27
|
|t:|1620675861
|move|p1a: Cobalion|Iron Head|p2a: je suis décédé
|-resisted|p2a: je suis décédé
|-damage|p2a: je suis décédé|81/100
|cant|p2a: je suis décédé|flinch
|
|upkeep
|turn|28
|
|t:|1620675867
|move|p1a: Cobalion|Iron Head|p2a: je suis décédé
|-resisted|p2a: je suis décédé
|-damage|p2a: je suis décédé|62/100
|move|p2a: je suis décédé|Flame Charge|p1a: Cobalion
|-supereffective|p1a: Cobalion
|-damage|p1a: Cobalion|0 fnt
|-boost|p2a: je suis décédé|spe|1
|-damage|p2a: je suis décédé|46/100|[from] item: Rocky Helmet|[of] p1a: Cobalion
|faint|p1a: Cobalion
|
|upkeep
|
|t:|1620675872
|switch|p1a: Xurkitree|Xurkitree, shiny|100/100
|turn|29
|
|t:|1620675875
|move|p1a: Xurkitree|Dazzling Gleam|p2a: je suis décédé
|-resisted|p2a: je suis décédé
|-damage|p2a: je suis décédé|20/100
|move|p2a: je suis décédé|Fire Punch|p1a: Xurkitree
|-damage|p1a: Xurkitree|0 fnt
|faint|p1a: Xurkitree
|
|upkeep
|
|t:|1620675880
|switch|p1a: Reuniclus|Reuniclus, M, shiny|100/100
|turn|30
|
|t:|1620675883
|move|p2a: je suis décédé|Poltergeist|p1a: Reuniclus
|-activate|p1a: Reuniclus|move: Poltergeist|Assault Vest
|-supereffective|p1a: Reuniclus
|-damage|p1a: Reuniclus|0 fnt
|faint|p1a: Reuniclus
|
|win|Shanubiki
|raw|Der_Skifahrer's rating: 1117 &rarr; <strong>1097</strong><br />(-20 for losing)
|raw|Shanubiki's rating: 1185 &rarr; <strong>1205</strong><br />(+20 for winning)
|l|☆Der_Skifahrer
||Ladder isn't responding, score probably updated but might not have (Request timeout).
