|j|☆St0rmbreaker1280
|j|☆Nemris
|player|p1|St0rmbreaker1280|170|1198
|player|p2|Nemris|1|1318
|teamsize|p1|6
|teamsize|p2|6
|gametype|singles
|gen|8
|tier|[Gen 8] RU
|rated|
|clearpoke
|poke|p1|Tauros, M|
|poke|p1|Vileplume, F|
|poke|p1|Frosmoth, F|
|poke|p1|Rhydon, F|
|poke|p1|Hitmonlee, M|
|poke|p1|Salazzle, F|
|poke|p2|Machamp, M|
|poke|p2|Xatu, F|
|poke|p2|Porygon2|
|poke|p2|Vikavolt, M|
|poke|p2|Runerigus, M|
|poke|p2|Dhelmise|
|rule|Sleep Clause Mod: Limit one foe put to sleep
|rule|Species Clause: Limit one of each Pokémon
|rule|OHKO Clause: OHKO moves are banned
|rule|Evasion Moves Clause: Evasion moves are banned
|rule|Endless Battle Clause: Forcing endless battles is banned
|rule|HP Percentage Mod: HP is shown in percentages
|rule|Dynamax Clause: You cannot dynamax
|teampreview
|inactive|Battle timer is ON: inactive players will automatically lose when time's up. (requested by St0rmbreaker1280)
|
|start
|switch|p1a: Frosmoth|Frosmoth, F|100/100
|switch|p2a: Machamp|Machamp, M|100/100
|turn|1
|
|switch|p1a: Vileplume|Vileplume, F|100/100
|move|p2a: Machamp|Dynamic Punch|p1a: Vileplume
|-resisted|p1a: Vileplume
|-damage|p1a: Vileplume|75/100
|-start|p1a: Vileplume|confusion
|
|-heal|p1a: Vileplume|81/100|[from] item: Black Sludge
|upkeep
|turn|2
|
|-activate|p1a: Vileplume|confusion
|move|p1a: Vileplume|Strength Sap|p2a: Machamp
|-unboost|p2a: Machamp|atk|1
|-heal|p1a: Vileplume|100/100
|move|p2a: Machamp|Fire Punch|p1a: Vileplume
|-supereffective|p1a: Vileplume
|-damage|p1a: Vileplume|72/100
|-status|p2a: Machamp|psn|[from] ability: Effect Spore|[of] p1a: Vileplume
|
|-heal|p1a: Vileplume|78/100|[from] item: Black Sludge
|-damage|p2a: Machamp|88/100 psn|[from] psn
|upkeep
|turn|3
|
|-activate|p1a: Vileplume|confusion
|move|p1a: Vileplume|Sludge Bomb|p2a: Machamp
|-damage|p2a: Machamp|53/100 psn
|move|p2a: Machamp|Knock Off|p1a: Vileplume
|-damage|p1a: Vileplume|59/100
|-enditem|p1a: Vileplume|Black Sludge|[from] move: Knock Off|[of] p2a: Machamp
|
|-damage|p2a: Machamp|41/100 psn|[from] psn
|upkeep
|turn|4
|
|switch|p2a: Porygon2|Porygon2|100/100
|-ability|p2a: Porygon2|Effect Spore|[from] ability: Trace|[of] p1a: Vileplume
|-activate|p1a: Vileplume|confusion
|move|p1a: Vileplume|Strength Sap|p2a: Porygon2
|-unboost|p2a: Porygon2|atk|1
|-heal|p1a: Vileplume|100/100
|
|upkeep
|turn|5
|
|-end|p1a: Vileplume|confusion
|move|p1a: Vileplume|Sludge Bomb|p2a: Porygon2
|-damage|p2a: Porygon2|85/100
|move|p2a: Porygon2|Trick Room|p2a: Porygon2
|-fieldstart|move: Trick Room|[of] p2a: Porygon2
|
|upkeep
|turn|6
|
|move|p1a: Vileplume|Sludge Bomb|p2a: Porygon2
|-damage|p2a: Porygon2|68/100
|move|p2a: Porygon2|Tri Attack|p1a: Vileplume
|-damage|p1a: Vileplume|68/100
|
|upkeep
|turn|7
|
|move|p1a: Vileplume|Strength Sap|p2a: Porygon2
|-unboost|p2a: Porygon2|atk|1
|-heal|p1a: Vileplume|99/100
|move|p2a: Porygon2|Tri Attack|p1a: Vileplume
|-damage|p1a: Vileplume|68/100
|
|upkeep
|turn|8
|
|move|p1a: Vileplume|Strength Sap|p2a: Porygon2
|-unboost|p2a: Porygon2|atk|1
|-heal|p1a: Vileplume|91/100
|move|p2a: Porygon2|Tri Attack|p1a: Vileplume
|-damage|p1a: Vileplume|63/100
|-status|p1a: Vileplume|frz
|
|upkeep
|turn|9
|
|cant|p1a: Vileplume|frz
|move|p2a: Porygon2|Recover|p2a: Porygon2
|-heal|p2a: Porygon2|100/100
|
|-fieldend|move: Trick Room
|upkeep
|turn|10
|
|cant|p1a: Vileplume|frz
|move|p2a: Porygon2|Trick Room|p2a: Porygon2
|-fieldstart|move: Trick Room|[of] p2a: Porygon2
|
|upkeep
|turn|11
|
|cant|p1a: Vileplume|frz
|move|p2a: Porygon2|Teleport|p2a: Porygon2
|
|switch|p2a: Vikavolt|Vikavolt, M|100/100|[from]move: Teleport
|
|upkeep
|turn|12
|
|move|p2a: Vikavolt|Bug Buzz|p1a: Vileplume
|-damage|p1a: Vileplume|6/100 frz
|-unboost|p1a: Vileplume|spd|1
|-curestatus|p1a: Vileplume|frz|[msg]
|move|p1a: Vileplume|Sludge Bomb|p2a: Vikavolt
|-damage|p2a: Vikavolt|63/100
|-status|p2a: Vikavolt|psn
|
|-damage|p2a: Vikavolt|50/100 psn|[from] psn
|upkeep
|turn|13
|
|move|p2a: Vikavolt|Volt Switch|p1a: Vileplume
|-resisted|p1a: Vileplume
|-damage|p1a: Vileplume|0 fnt
|faint|p1a: Vileplume
|
|switch|p2a: Dhelmise|Dhelmise|100/100|[from]move: Volt Switch
|
|upkeep
|
|switch|p1a: Frosmoth|Frosmoth, F|100/100
|turn|14
|
|move|p2a: Dhelmise|Anchor Shot|p1a: Frosmoth
|-supereffective|p1a: Frosmoth
|-damage|p1a: Frosmoth|0 fnt
|faint|p1a: Frosmoth
|
|-fieldend|move: Trick Room
|upkeep
|
|switch|p1a: Salazzle|Salazzle, F|100/100
|turn|15
|
|switch|p2a: Xatu|Xatu, F, shiny|100/100
|move|p1a: Salazzle|Fire Blast|p2a: Xatu
|-damage|p2a: Xatu|57/100
|
|-heal|p2a: Xatu|63/100|[from] item: Leftovers
|upkeep
|turn|16
|
|move|p1a: Salazzle|Substitute|p1a: Salazzle
|-start|p1a: Salazzle|Substitute
|-damage|p1a: Salazzle|76/100
|move|p2a: Xatu|Trick Room|p2a: Xatu
|-fieldstart|move: Trick Room|[of] p2a: Xatu
|
|-heal|p2a: Xatu|69/100|[from] item: Leftovers
|-heal|p1a: Salazzle|82/100|[from] item: Black Sludge
|upkeep
|turn|17
|
|move|p1a: Salazzle|Protect|p1a: Salazzle
|-singleturn|p1a: Salazzle|Protect
|move|p2a: Xatu|Psychic|p1a: Salazzle
|-activate|p1a: Salazzle|move: Protect
|
|-heal|p2a: Xatu|75/100|[from] item: Leftovers
|-heal|p1a: Salazzle|88/100|[from] item: Black Sludge
|upkeep
|turn|18
|
|move|p2a: Xatu|Psychic|p1a: Salazzle
|-supereffective|p1a: Salazzle
|-end|p1a: Salazzle|Substitute
|move|p1a: Salazzle|Fire Blast|p2a: Xatu
|-damage|p2a: Xatu|32/100
|-status|p2a: Xatu|brn
|
|-heal|p2a: Xatu|38/100 brn|[from] item: Leftovers
|-heal|p1a: Salazzle|94/100|[from] item: Black Sludge
|-damage|p2a: Xatu|32/100 brn|[from] brn
|upkeep
|turn|19
|
|move|p1a: Salazzle|Protect|p1a: Salazzle
|-singleturn|p1a: Salazzle|Protect
|move|p2a: Xatu|Teleport|p2a: Xatu
|
|switch|p2a: Dhelmise|Dhelmise|100/100|[from]move: Teleport
|
|-heal|p1a: Salazzle|99/100|[from] item: Black Sludge
|upkeep
|turn|20
|
|move|p2a: Dhelmise|Earthquake|p1a: Salazzle
|-supereffective|p1a: Salazzle
|-damage|p1a: Salazzle|0 fnt
|faint|p1a: Salazzle
|
|-fieldend|move: Trick Room
|upkeep
|
|switch|p1a: Tauros|Tauros, M|100/100
|turn|21
|
|switch|p2a: Runerigus|Runerigus, M|100/100
|move|p1a: Tauros|Throat Chop|p2a: Runerigus
|-supereffective|p2a: Runerigus
|-damage|p2a: Runerigus|56/100
|-activate|p2a: Runerigus|ability: Wandering Spirit|Sheer Force|Wandering Spirit|[of] p1a: Tauros
|-damage|p1a: Tauros|91/100|[from] item: Life Orb
|
|-heal|p2a: Runerigus|62/100|[from] item: Leftovers
|upkeep
|turn|22
|
|move|p1a: Tauros|Throat Chop|p2a: Runerigus
|-supereffective|p2a: Runerigus
|-damage|p2a: Runerigus|24/100
|-start|p2a: Runerigus|Throat Chop|[silent]
|-damage|p1a: Tauros|81/100|[from] item: Life Orb
|move|p2a: Runerigus|Trick Room|p2a: Runerigus
|-fieldstart|move: Trick Room|[of] p2a: Runerigus
|
|-heal|p2a: Runerigus|30/100|[from] item: Leftovers
|upkeep
|turn|23
|
|move|p2a: Runerigus|Body Press|p1a: Tauros
|-supereffective|p1a: Tauros
|-damage|p1a: Tauros|2/100
|-activate|p1a: Tauros|ability: Wandering Spirit|Sheer Force|Wandering Spirit|[of] p2a: Runerigus
|move|p1a: Tauros|Throat Chop|p2a: Runerigus
|-supereffective|p2a: Runerigus
|-damage|p2a: Runerigus|0 fnt
|-activate|p2a: Runerigus|ability: Wandering Spirit|Sheer Force|Wandering Spirit|[of] p1a: Tauros
|-damage|p1a: Tauros|0 fnt|[from] item: Life Orb
|faint|p2a: Runerigus
|faint|p1a: Tauros
|
|upkeep
|
|switch|p2a: Machamp|Machamp, M|41/100 psn
|switch|p1a: Hitmonlee|Hitmonlee, M|100/100
|turn|24
|
|move|p1a: Hitmonlee|Mach Punch|p2a: Machamp
|-damage|p2a: Machamp|7/100 psn
|move|p2a: Machamp|Dynamic Punch|p1a: Hitmonlee
|-damage|p1a: Hitmonlee|0 fnt
|faint|p1a: Hitmonlee
|
|-damage|p2a: Machamp|0 fnt|[from] psn
|faint|p2a: Machamp
|upkeep
|
|switch|p2a: Vikavolt|Vikavolt, M|50/100 psn
|switch|p1a: Rhydon|Rhydon, F|100/100
|turn|25
|
|move|p2a: Vikavolt|Energy Ball|p1a: Rhydon
|-supereffective|p1a: Rhydon
|-damage|p1a: Rhydon|0 fnt
|faint|p1a: Rhydon
|
|win|Nemris
|l|☆St0rmbreaker1280
