|j|☆carbonlifeformmeme
|j|☆haunter7
|t:|1653069331
|gametype|singles
|player|p1|carbonlifeformmeme|1|1414
|player|p2|haunter7|winona|1510
|teamsize|p1|6
|teamsize|p2|6
|gen|8
|tier|[Gen 8] RU
|rated|
|rule|Sleep Clause Mod: Limit one foe put to sleep
|rule|Species Clause: Limit one of each Pokémon
|rule|OHKO Clause: OHKO moves are banned
|rule|Evasion Moves Clause: Evasion moves are banned
|rule|Endless Battle Clause: Forcing endless battles is banned
|rule|HP Percentage Mod: HP is shown in percentages
|rule|Dynamax Clause: You cannot dynamax
|clearpoke
|poke|p1|Flygon, M|
|poke|p1|Registeel|
|poke|p1|Golisopod, M|
|poke|p1|Noivern, F|
|poke|p1|Tsareena, F|
|poke|p1|Umbreon, F|
|poke|p2|Marowak-Alola, M|
|poke|p2|Metagross|
|poke|p2|Weezing-Galar, M|
|poke|p2|Heracross, F|
|poke|p2|Seismitoad, M|
|poke|p2|Milotic, F|
|teampreview
|
|t:|1653069380
|start
|switch|p1a: Noivern|Noivern, F|100/100
|switch|p2a: Metagross|Metagross|100/100
|-item|p2a: Metagross|Assault Vest|[from] ability: Frisk|[of] p1a: Noivern|[identify]
|turn|1
|j| 25255252g
|
|t:|1653069387
|move|p1a: Noivern|U-turn|p2a: Metagross
|-damage|p2a: Metagross|91/100
|
|t:|1653069389
|switch|p1a: Umbreon|Umbreon, F|100/100|[from]move: U-turn
|move|p2a: Metagross|Meteor Mash|p1a: Umbreon|[miss]
|-miss|p2a: Metagross|p1a: Umbreon
|
|upkeep
|turn|2
|
|t:|1653069395
|switch|p2a: Weezing|Weezing-Galar, M|100/100
|move|p1a: Umbreon|Foul Play|p2a: Weezing
|-resisted|p2a: Weezing
|-damage|p2a: Weezing|93/100
|-damage|p1a: Umbreon|84/100|[from] item: Rocky Helmet|[of] p2a: Weezing
|
|-heal|p1a: Umbreon|90/100|[from] item: Leftovers
|upkeep
|turn|3
|
|t:|1653069406
|switch|p1a: Noivern|Noivern, F|100/100
|-item|p2a: Weezing|Rocky Helmet|[from] ability: Frisk|[of] p1a: Noivern|[identify]
|move|p2a: Weezing|Toxic Spikes|p1a: Noivern
|-sidestart|p1: carbonlifeformmeme|move: Toxic Spikes
|
|upkeep
|turn|4
|
|t:|1653069417
|switch|p2a: Metagross|Metagross|91/100
|move|p1a: Noivern|Flamethrower|p2a: Metagross
|-supereffective|p2a: Metagross
|-damage|p2a: Metagross|37/100
|
|upkeep
|turn|5
|
|t:|1653069423
|switch|p2a: Milotic|Milotic, F|100/100
|move|p1a: Noivern|Flamethrower|p2a: Milotic
|-resisted|p2a: Milotic
|-damage|p2a: Milotic|89/100
|
|-status|p2a: Milotic|brn|[from] item: Flame Orb
|upkeep
|turn|6
|
|t:|1653069432
|switch|p1a: Tsareena|Tsareena, F|100/100
|move|p2a: Milotic|Flip Turn|p1a: Tsareena
|-resisted|p1a: Tsareena
|-damage|p1a: Tsareena|98/100
|
|t:|1653069436
|switch|p2a: Weezing|Weezing-Galar, M|93/100|[from]move: Flip Turn
|
|upkeep
|turn|7
|
|t:|1653069442
|switch|p1a: Noivern|Noivern, F|100/100
|-item|p2a: Weezing|Rocky Helmet|[from] ability: Frisk|[of] p1a: Noivern|[identify]
|move|p2a: Weezing|Flamethrower|p1a: Noivern
|-resisted|p1a: Noivern
|-damage|p1a: Noivern|88/100
|
|upkeep
|turn|8
|
|t:|1653069452
|move|p1a: Noivern|Boomburst|p2a: Weezing
|-damage|p2a: Weezing|18/100
|move|p2a: Weezing|Sludge Bomb|p1a: Noivern
|-damage|p1a: Noivern|51/100
|
|upkeep
|turn|9
|
|t:|1653069458
|switch|p1a: Flygon|Flygon, M|100/100
|switch|p2a: Marowak|Marowak-Alola, M|100/100
|
|upkeep
|turn|10
|
|t:|1653069464
|switch|p2a: Weezing|Weezing-Galar, M|18/100
|move|p1a: Flygon|Dragon Dance|p1a: Flygon
|-boost|p1a: Flygon|atk|1
|-boost|p1a: Flygon|spe|1
|
|upkeep
|turn|11
|
|t:|1653069469
|move|p1a: Flygon|Stone Edge|p2a: Weezing
|-damage|p2a: Weezing|0 fnt
|faint|p2a: Weezing
|-damage|p1a: Flygon|91/100|[from] item: Life Orb
|
|upkeep
|
|t:|1653069476
|switch|p2a: Seismitoad|Seismitoad, M|100/100
|turn|12
|
|t:|1653069480
|switch|p1a: Tsareena|Tsareena, F|98/100
|move|p2a: Seismitoad|Toxic|p1a: Tsareena
|-status|p1a: Tsareena|tox
|
|-damage|p1a: Tsareena|92/100 tox|[from] psn
|upkeep
|turn|13
|
|t:|1653069498
|switch|p2a: Heracross|Heracross, F|100/100
|move|p1a: Tsareena|U-turn|p2a: Heracross
|-resisted|p2a: Heracross
|-damage|p2a: Heracross|86/100
|
|t:|1653069503
|switch|p1a: Flygon|Flygon, M|91/100|[from]move: U-turn
|
|upkeep
|turn|14
|
|t:|1653069508
|move|p2a: Heracross|Close Combat|p1a: Flygon
|-crit|p1a: Flygon
|-damage|p1a: Flygon|6/100
|-unboost|p2a: Heracross|def|1
|-unboost|p2a: Heracross|spd|1
|move|p1a: Flygon|Roost|p1a: Flygon
|-heal|p1a: Flygon|56/100
|-singleturn|p1a: Flygon|move: Roost
|
|upkeep
|turn|15
|
|t:|1653069515
|switch|p1a: Golisopod|Golisopod, M|100/100
|move|p2a: Heracross|Close Combat|p1a: Golisopod
|-resisted|p1a: Golisopod
|-damage|p1a: Golisopod|73/100
|-unboost|p2a: Heracross|def|1
|-unboost|p2a: Heracross|spd|1
|
|upkeep
|turn|16
|
|t:|1653069524
|switch|p2a: Seismitoad|Seismitoad, M|100/100
|move|p1a: Golisopod|Liquidation|p2a: Seismitoad
|-immune|p2a: Seismitoad|[from] ability: Water Absorb
|
|upkeep
|turn|17
|
|t:|1653069530
|move|p1a: Golisopod|Leech Life|p2a: Seismitoad
|-damage|p2a: Seismitoad|66/100
|-heal|p1a: Golisopod|96/100|[from] drain|[of] p2a: Seismitoad
|move|p2a: Seismitoad|Stealth Rock|p1a: Golisopod
|-sidestart|p1: carbonlifeformmeme|move: Stealth Rock
|
|-heal|p2a: Seismitoad|72/100|[from] item: Leftovers
|upkeep
|turn|18
|
|t:|1653069539
|switch|p2a: Heracross|Heracross, F|86/100
|move|p1a: Golisopod|Swords Dance|p1a: Golisopod
|-boost|p1a: Golisopod|atk|2
|
|upkeep
|turn|19
|
|t:|1653069545
|move|p2a: Heracross|Megahorn|p1a: Golisopod|[miss]
|-miss|p2a: Heracross|p1a: Golisopod
|move|p1a: Golisopod|Liquidation|p2a: Heracross
|-damage|p2a: Heracross|0 fnt
|faint|p2a: Heracross
|
|upkeep
|c|☆carbonlifeformmeme|ouch
|
|t:|1653069555
|switch|p2a: Milotic|Milotic, F|89/100 brn
|turn|20
|
|t:|1653069559
|move|p2a: Milotic|Toxic|p1a: Golisopod
|-status|p1a: Golisopod|tox
|move|p1a: Golisopod|Leech Life|p2a: Milotic
|-damage|p2a: Milotic|38/100 brn
|-heal|p1a: Golisopod|100/100 tox|[from] drain|[of] p2a: Milotic
|
|-damage|p1a: Golisopod|94/100 tox|[from] psn
|-damage|p2a: Milotic|32/100 brn|[from] brn
|upkeep
|turn|21
|
|t:|1653069569
|move|p2a: Milotic|Recover|p2a: Milotic
|-heal|p2a: Milotic|82/100 brn
|move|p1a: Golisopod|Leech Life|p2a: Milotic
|-damage|p2a: Milotic|29/100 brn
|-heal|p1a: Golisopod|100/100 tox|[from] drain|[of] p2a: Milotic
|
|-damage|p1a: Golisopod|88/100 tox|[from] psn
|-damage|p2a: Milotic|23/100 brn|[from] brn
|upkeep
|turn|22
|
|t:|1653069578
|switch|p1a: Tsareena|Tsareena, F|92/100 tox
|move|p2a: Milotic|Recover|p2a: Milotic
|-heal|p2a: Milotic|73/100 brn
|
|-damage|p1a: Tsareena|85/100 tox|[from] psn
|-damage|p2a: Milotic|67/100 brn|[from] brn
|upkeep
|turn|23
|
|t:|1653069586
|switch|p2a: Marowak|Marowak-Alola, M|100/100
|move|p1a: Tsareena|U-turn|p2a: Marowak
|-resisted|p2a: Marowak
|-damage|p2a: Marowak|94/100
|
|t:|1653069591
|switch|p1a: Flygon|Flygon, M|56/100|[from]move: U-turn
|-damage|p1a: Flygon|50/100|[from] Stealth Rock
|
|upkeep
|turn|24
|
|t:|1653069596
|switch|p2a: Seismitoad|Seismitoad, M|72/100
|move|p1a: Flygon|Earthquake|p2a: Seismitoad
|-damage|p2a: Seismitoad|38/100
|-damage|p1a: Flygon|40/100|[from] item: Life Orb
|
|-heal|p2a: Seismitoad|44/100|[from] item: Leftovers
|upkeep
|turn|25
|
|t:|1653069603
|move|p1a: Flygon|Roost|p1a: Flygon
|-heal|p1a: Flygon|90/100
|-singleturn|p1a: Flygon|move: Roost
|move|p2a: Seismitoad|Scald|p1a: Flygon
|-damage|p1a: Flygon|64/100
|
|-heal|p2a: Seismitoad|50/100|[from] item: Leftovers
|upkeep
|turn|26
|
|t:|1653069622
|switch|p1a: Umbreon|Umbreon, F|90/100
|-status|p1a: Umbreon|psn
|-damage|p1a: Umbreon|78/100 psn|[from] Stealth Rock
|switch|p2a: Marowak|Marowak-Alola, M|94/100
|
|-heal|p1a: Umbreon|84/100 psn|[from] item: Leftovers
|-damage|p1a: Umbreon|71/100 psn|[from] psn
|upkeep
|turn|27
|
|t:|1653069631
|switch|p2a: Milotic|Milotic, F|67/100 brn
|move|p1a: Umbreon|Foul Play|p2a: Milotic
|-damage|p2a: Milotic|55/100 brn
|
|-heal|p1a: Umbreon|77/100 psn|[from] item: Leftovers
|-damage|p1a: Umbreon|65/100 psn|[from] psn
|-damage|p2a: Milotic|49/100 brn|[from] brn
|upkeep
|turn|28
|
|t:|1653069640
|move|p2a: Milotic|Recover|p2a: Milotic
|-heal|p2a: Milotic|99/100 brn
|move|p1a: Umbreon|Heal Bell|p1a: Umbreon
|-activate|p1a: Umbreon|move: Heal Bell
|-curestatus|p1a: Umbreon|psn|[msg]
|-curestatus|p1: Tsareena|tox|[msg]
|-curestatus|p1: Golisopod|tox|[msg]
|
|-heal|p1a: Umbreon|71/100|[from] item: Leftovers
|-damage|p2a: Milotic|93/100 brn|[from] brn
|upkeep
|turn|29
|
|t:|1653069650
|move|p2a: Milotic|Toxic||[still]
|-status|p1a: Umbreon|tox
|-activate|p1a: Umbreon|ability: Synchronize
|-fail|p1a: Umbreon
|move|p1a: Umbreon|Wish|p1a: Umbreon
|
|-heal|p1a: Umbreon|77/100 tox|[from] item: Leftovers
|-damage|p1a: Umbreon|71/100 tox|[from] psn
|-damage|p2a: Milotic|87/100 brn|[from] brn
|upkeep
|turn|30
|
|t:|1653069671
|switch|p1a: Golisopod|Golisopod, M|88/100
|move|p2a: Milotic|Flip Turn|p1a: Golisopod
|-resisted|p1a: Golisopod
|-damage|p1a: Golisopod|85/100
|
|t:|1653069676
|switch|p2a: Seismitoad|Seismitoad, M|50/100|[from]move: Flip Turn
|
|-heal|p1a: Golisopod|100/100|[from] move: Wish|[wisher] Umbreon
|-heal|p2a: Seismitoad|57/100|[from] item: Leftovers
|upkeep
|turn|31
|
|t:|1653069682
|move|p1a: Golisopod|Swords Dance|p1a: Golisopod
|-boost|p1a: Golisopod|atk|2
|move|p2a: Seismitoad|Toxic|p1a: Golisopod
|-status|p1a: Golisopod|tox
|
|-heal|p2a: Seismitoad|63/100|[from] item: Leftovers
|-damage|p1a: Golisopod|94/100 tox|[from] psn
|upkeep
|turn|32
|
|t:|1653069692
|move|p1a: Golisopod|Swords Dance|p1a: Golisopod
|-boost|p1a: Golisopod|atk|2
|move|p2a: Seismitoad|Earthquake|p1a: Golisopod
|-resisted|p1a: Golisopod
|-damage|p1a: Golisopod|81/100 tox
|
|-heal|p2a: Seismitoad|69/100|[from] item: Leftovers
|-damage|p1a: Golisopod|69/100 tox|[from] psn
|upkeep
|turn|33
|
|t:|1653069700
|switch|p2a: Marowak|Marowak-Alola, M|94/100
|move|p1a: Golisopod|Leech Life|p2a: Marowak
|-resisted|p2a: Marowak
|-damage|p2a: Marowak|56/100
|-heal|p1a: Golisopod|85/100 tox|[from] drain|[of] p2a: Marowak
|
|-damage|p1a: Golisopod|67/100 tox|[from] psn
|upkeep
|turn|34
|j| First Degree
|
|t:|1653069710
|switch|p2a: Seismitoad|Seismitoad, M|69/100
|move|p1a: Golisopod|Sucker Punch||[still]
|-fail|p1a: Golisopod
|
|-heal|p2a: Seismitoad|75/100|[from] item: Leftovers
|-damage|p1a: Golisopod|42/100 tox|[from] psn
|upkeep
|-activate|p1a: Golisopod|ability: Emergency Exit
|
|t:|1653069719
|switch|p1a: Tsareena|Tsareena, F|85/100
|turn|35
|
|t:|1653069729
|move|p1a: Tsareena|Power Whip|p2a: Seismitoad
|-supereffective|p2a: Seismitoad
|-damage|p2a: Seismitoad|0 fnt
|faint|p2a: Seismitoad
|
|upkeep
|
|t:|1653069734
|switch|p2a: Marowak|Marowak-Alola, M|56/100
|turn|36
|
|t:|1653069741
|move|p1a: Tsareena|U-turn|p2a: Marowak
|-resisted|p2a: Marowak
|-damage|p2a: Marowak|49/100
|
|t:|1653069747
|switch|p1a: Umbreon|Umbreon, F|71/100 tox|[from]move: U-turn
|-damage|p1a: Umbreon|59/100 tox|[from] Stealth Rock
|move|p2a: Marowak|Poltergeist|p1a: Umbreon
|-activate|p1a: Umbreon|move: Poltergeist|Leftovers
|-resisted|p1a: Umbreon
|-damage|p1a: Umbreon|21/100 tox
|
|-heal|p1a: Umbreon|27/100 tox|[from] item: Leftovers
|-damage|p1a: Umbreon|21/100 tox|[from] psn
|upkeep
|turn|37
|
|t:|1653069757
|move|p2a: Marowak|Earthquake|p1a: Umbreon
|-damage|p1a: Umbreon|0 fnt
|faint|p1a: Umbreon
|
|upkeep
|
|t:|1653069764
|switch|p1a: Flygon|Flygon, M|64/100
|-damage|p1a: Flygon|58/100|[from] Stealth Rock
|turn|38
|
|t:|1653069769
|switch|p2a: Milotic|Milotic, F|87/100 brn
|move|p1a: Flygon|Earthquake|p2a: Milotic
|-damage|p2a: Milotic|59/100 brn
|-damage|p1a: Flygon|48/100|[from] item: Life Orb
|
|-damage|p2a: Milotic|53/100 brn|[from] brn
|upkeep
|turn|39
|
|t:|1653069777
|switch|p1a: Tsareena|Tsareena, F|85/100
|move|p2a: Milotic|Recover|p2a: Milotic
|-heal|p2a: Milotic|100/100 brn
|
|-damage|p2a: Milotic|94/100 brn|[from] brn
|upkeep
|turn|40
|
|t:|1653069784
|move|p1a: Tsareena|Power Whip|p2a: Milotic|[miss]
|-miss|p1a: Tsareena|p2a: Milotic
|move|p2a: Milotic|Toxic|p1a: Tsareena
|-status|p1a: Tsareena|tox
|
|-damage|p1a: Tsareena|79/100 tox|[from] psn
|-damage|p2a: Milotic|88/100 brn|[from] brn
|upkeep
|turn|41
|
|t:|1653069795
|move|p1a: Tsareena|Power Whip|p2a: Milotic
|-supereffective|p2a: Milotic
|-damage|p2a: Milotic|18/100 brn
|move|p2a: Milotic|Flip Turn|p1a: Tsareena
|-resisted|p1a: Tsareena
|-damage|p1a: Tsareena|76/100 tox
|
|t:|1653069803
|switch|p2a: Marowak|Marowak-Alola, M|49/100|[from]move: Flip Turn
|
|-damage|p1a: Tsareena|64/100 tox|[from] psn
|upkeep
|turn|42
|
|t:|1653069810
|move|p1a: Tsareena|Power Whip|p2a: Marowak
|-resisted|p2a: Marowak
|-damage|p2a: Marowak|13/100
|move|p2a: Marowak|Fire Punch|p1a: Tsareena
|-supereffective|p1a: Tsareena
|-damage|p1a: Tsareena|0 fnt
|faint|p1a: Tsareena
|
|upkeep
|
|t:|1653069817
|switch|p1a: Flygon|Flygon, M|48/100
|-damage|p1a: Flygon|42/100|[from] Stealth Rock
|turn|43
|
|t:|1653069830
|switch|p2a: Milotic|Milotic, F|18/100 brn
|move|p1a: Flygon|Earthquake|p2a: Milotic
|-damage|p2a: Milotic|0 fnt
|faint|p2a: Milotic
|-damage|p1a: Flygon|32/100|[from] item: Life Orb
|
|upkeep
|
|t:|1653069832
|switch|p2a: Metagross|Metagross|37/100
|turn|44
|
|t:|1653069838
|move|p2a: Metagross|Bullet Punch|p1a: Flygon
|-damage|p1a: Flygon|12/100
|move|p1a: Flygon|Roost|p1a: Flygon
|-heal|p1a: Flygon|62/100
|-singleturn|p1a: Flygon|move: Roost
|
|upkeep
|turn|45
|
|t:|1653069849
|move|p1a: Flygon|Earthquake|p2a: Metagross
|-supereffective|p2a: Metagross
|-damage|p2a: Metagross|0 fnt
|faint|p2a: Metagross
|-damage|p1a: Flygon|52/100|[from] item: Life Orb
|
|upkeep
|-message|haunter7 forfeited.
|
|win|carbonlifeformmeme
|raw|carbonlifeformmeme's rating: 1414 &rarr; <strong>1439</strong><br />(+25 for winning)
|raw|haunter7's rating: 1510 &rarr; <strong>1485</strong><br />(-25 for losing)
|l|☆haunter7
||Ladder isn't responding, score probably updated but might not have (Request timeout).
