|j|☆sinnohrmks
|j|☆R3d_VGC
|t:|1664549520
|gametype|singles
|player|p1|sinnohrmks|barry|1232
|player|p2|R3d_VGC|1|1367
|teamsize|p1|6
|teamsize|p2|6
|gen|8
|tier|[Gen 8] RU
|rated|
|rule|Sleep Clause Mod: Limit one foe put to sleep
|rule|Species Clause: Limit one of each Pokémon
|rule|OHKO Clause: OHKO moves are banned
|rule|Evasion Items Clause: Evasion items are banned
|rule|Evasion Moves Clause: Evasion moves are banned
|rule|Endless Battle Clause: Forcing endless battles is banned
|rule|HP Percentage Mod: HP is shown in percentages
|rule|Dynamax Clause: You cannot dynamax
|clearpoke
|poke|p1|Dusknoir, F|
|poke|p1|Nidoqueen, F|
|poke|p1|Rotom-Mow|
|poke|p1|Incineroar, M|
|poke|p1|Reuniclus, M|
|poke|p1|Crobat, F|
|poke|p2|Lucario, F|
|poke|p2|Slurpuff, F|
|poke|p2|Incineroar, M|
|poke|p2|Milotic, F|
|poke|p2|Tsareena, F|
|poke|p2|Polteageist|
|teampreview
|inactive|Battle timer is ON: inactive players will automatically lose when time's up. (requested by sinnohrmks)
|
|t:|1664549543
|start
|switch|p1a: Dusknoir|Dusknoir, F|100/100
|switch|p2a: Milotic|Milotic, F|100/100
|-ability|p1a: Dusknoir|Pressure
|turn|1
|
|t:|1664549550
|move|p2a: Milotic|Flip Turn|p1a: Dusknoir
|-damage|p1a: Dusknoir|89/100
|
|t:|1664549553
|switch|p2a: Incineroar|Incineroar, M|100/100|[from]move: Flip Turn
|-ability|p2a: Incineroar|Intimidate|boost
|-unboost|p1a: Dusknoir|atk|1
|move|p1a: Dusknoir|Poltergeist|p2a: Incineroar
|-activate|p2a: Incineroar|move: Poltergeist|Leftovers
|-resisted|p2a: Incineroar
|-damage|p2a: Incineroar|75/100
|
|-heal|p2a: Incineroar|81/100|[from] item: Leftovers
|upkeep
|turn|2
|
|t:|1664549558
|switch|p1a: Nidoqueen|Nidoqueen, F|100/100
|move|p2a: Incineroar|Knock Off|p1a: Nidoqueen
|-damage|p1a: Nidoqueen|43/100
|-enditem|p1a: Nidoqueen|Life Orb|[from] move: Knock Off|[of] p2a: Incineroar
|
|-heal|p2a: Incineroar|87/100|[from] item: Leftovers
|upkeep
|turn|3
|
|t:|1664549563
|switch|p2a: Milotic|Milotic, F|100/100
|move|p1a: Nidoqueen|Earth Power|p2a: Milotic
|-damage|p2a: Milotic|70/100
|
|upkeep
|turn|4
|
|t:|1664549567
|move|p1a: Nidoqueen|Thunder|p2a: Milotic
|-supereffective|p2a: Milotic
|-damage|p2a: Milotic|24/100
|move|p2a: Milotic|Ice Beam|p1a: Nidoqueen
|-supereffective|p1a: Nidoqueen
|-damage|p1a: Nidoqueen|0 fnt
|faint|p1a: Nidoqueen
|
|upkeep
|
|t:|1664549577
|switch|p1a: Dusknoir|Dusknoir, F|89/100
|-ability|p1a: Dusknoir|Pressure
|turn|5
|
|t:|1664549580
|move|p2a: Milotic|Recover|p2a: Milotic
|-heal|p2a: Milotic|74/100
|move|p1a: Dusknoir|Earthquake|p2a: Milotic
|-damage|p2a: Milotic|29/100
|
|upkeep
|turn|6
|
|t:|1664549589
|switch|p1a: Reuniclus|Reuniclus, M|100/100
|move|p2a: Milotic|Recover|p2a: Milotic
|-heal|p2a: Milotic|79/100
|
|upkeep
|turn|7
|
|t:|1664549591
|move|p2a: Milotic|Flip Turn|p1a: Reuniclus
|-damage|p1a: Reuniclus|91/100
|
|t:|1664549593
|switch|p2a: Incineroar|Incineroar, M|87/100|[from]move: Flip Turn
|-ability|p2a: Incineroar|Intimidate|boost
|-unboost|p1a: Reuniclus|atk|1
|move|p1a: Reuniclus|Acid Armor|p1a: Reuniclus
|-boost|p1a: Reuniclus|def|2
|
|-heal|p2a: Incineroar|93/100|[from] item: Leftovers
|-heal|p1a: Reuniclus|97/100|[from] item: Leftovers
|upkeep
|turn|8
|
|t:|1664549600
|move|p2a: Incineroar|Knock Off|p1a: Reuniclus
|-supereffective|p1a: Reuniclus
|-damage|p1a: Reuniclus|66/100
|-enditem|p1a: Reuniclus|Leftovers|[from] move: Knock Off|[of] p2a: Incineroar
|move|p1a: Reuniclus|Focus Blast|p2a: Incineroar
|-supereffective|p2a: Incineroar
|-damage|p2a: Incineroar|27/100
|
|-heal|p2a: Incineroar|33/100|[from] item: Leftovers
|upkeep
|turn|9
|
|t:|1664549607
|move|p2a: Incineroar|Parting Shot|p1a: Reuniclus
|-unboost|p1a: Reuniclus|atk|1
|-unboost|p1a: Reuniclus|spa|1
|
|t:|1664549610
|switch|p2a: Tsareena|Tsareena, F|100/100|[from]move: Parting Shot
|move|p1a: Reuniclus|Focus Blast|p2a: Tsareena
|-damage|p2a: Tsareena|79/100
|
|upkeep
|turn|10
|
|t:|1664549616
|switch|p1a: Crobat|Crobat, F|100/100
|move|p2a: Tsareena|U-turn|p1a: Crobat
|-resisted|p1a: Crobat
|-damage|p1a: Crobat|94/100
|
|t:|1664549620
|switch|p2a: Incineroar|Incineroar, M|33/100|[from]move: U-turn
|-ability|p2a: Incineroar|Intimidate|boost
|-fail|p1a: Crobat|unboost|Attack|[from] ability: Inner Focus|[of] p1a: Crobat
|
|-heal|p2a: Incineroar|39/100|[from] item: Leftovers
|upkeep
|turn|11
|
|t:|1664549626
|switch|p2a: Milotic|Milotic, F|79/100
|move|p1a: Crobat|U-turn|p2a: Milotic
|-damage|p2a: Milotic|59/100
|-damage|p1a: Crobat|78/100|[from] item: Rocky Helmet|[of] p2a: Milotic
|
|t:|1664549630
|switch|p1a: Rotom|Rotom-Mow|100/100|[from]move: U-turn
|
|upkeep
|turn|12
|
|t:|1664549635
|switch|p2a: Tsareena|Tsareena, F|79/100
|move|p1a: Rotom|Trick|p2a: Tsareena
|-activate|p1a: Rotom|move: Trick|[of] p2a: Tsareena
|-item|p2a: Tsareena|Choice Scarf|[from] move: Trick
|-item|p1a: Rotom|Heavy-Duty Boots|[from] move: Trick
|
|upkeep
|turn|13
|
|t:|1664549640
|move|p2a: Tsareena|U-turn|p1a: Rotom
|-supereffective|p1a: Rotom
|-damage|p1a: Rotom|35/100
|
|t:|1664549648
|switch|p2a: Incineroar|Incineroar, M|39/100|[from]move: U-turn
|-ability|p2a: Incineroar|Intimidate|boost
|-unboost|p1a: Rotom|atk|1
|move|p1a: Rotom|Will-O-Wisp|p2a: Incineroar
|-immune|p2a: Incineroar
|
|-heal|p2a: Incineroar|45/100|[from] item: Leftovers
|upkeep
|turn|14
|
|t:|1664549659
|switch|p1a: Incineroar|Incineroar, M|100/100
|-ability|p1a: Incineroar|Intimidate|boost
|-unboost|p2a: Incineroar|atk|1
|switch|p2a: Tsareena|Tsareena, F|79/100
|
|upkeep
|turn|15
|
|t:|1664549664
|move|p1a: Incineroar|Fake Out||[still]
|cant|p2a: Tsareena|ability: Queenly Majesty|Fake Out|[of] p1a: Incineroar
|move|p2a: Tsareena|U-turn|p1a: Incineroar
|-damage|p1a: Incineroar|80/100
|
|t:|1664549667
|switch|p2a: Milotic|Milotic, F|59/100|[from]move: U-turn
|
|upkeep
|turn|16
|
|t:|1664549674
|switch|p1a: Rotom|Rotom-Mow|35/100
|move|p2a: Milotic|Scald|p1a: Rotom
|-resisted|p1a: Rotom
|-damage|p1a: Rotom|10/100
|-status|p1a: Rotom|brn
|
|-damage|p1a: Rotom|4/100 brn|[from] brn
|upkeep
|turn|17
|
|t:|1664549679
|move|p1a: Rotom|Volt Switch|p2a: Milotic
|-supereffective|p2a: Milotic
|-crit|p2a: Milotic
|-damage|p2a: Milotic|0 fnt
|faint|p2a: Milotic
|
|t:|1664549687
|switch|p1a: Incineroar|Incineroar, M|80/100|[from]move: Volt Switch
|
|upkeep
|
|t:|1664549692
|switch|p2a: Lucario|Lucario, F|100/100
|turn|18
|
|t:|1664549696
|move|p2a: Lucario|Close Combat|p1a: Incineroar
|-supereffective|p1a: Incineroar
|-damage|p1a: Incineroar|0 fnt
|-unboost|p2a: Lucario|def|1
|-unboost|p2a: Lucario|spd|1
|faint|p1a: Incineroar
|-damage|p2a: Lucario|91/100|[from] item: Life Orb
|
|upkeep
|
|t:|1664549699
|switch|p1a: Dusknoir|Dusknoir, F|89/100
|-ability|p1a: Dusknoir|Pressure
|turn|19
|
|t:|1664549708
|switch|p2a: Incineroar|Incineroar, M|45/100
|-ability|p2a: Incineroar|Intimidate|boost
|-unboost|p1a: Dusknoir|atk|1
|move|p1a: Dusknoir|Earthquake|p2a: Incineroar
|-supereffective|p2a: Incineroar
|-damage|p2a: Incineroar|0 fnt
|faint|p2a: Incineroar
|
|upkeep
|
|t:|1664549713
|switch|p2a: Tsareena|Tsareena, F|79/100
|turn|20
|
|t:|1664549715
|switch|p1a: Rotom|Rotom-Mow|4/100 brn
|move|p2a: Tsareena|Power Whip|p1a: Rotom
|-resisted|p1a: Rotom
|-damage|p1a: Rotom|0 fnt
|faint|p1a: Rotom
|
|upkeep
|
|t:|1664549723
|switch|p1a: Crobat|Crobat, F|78/100
|turn|21
|
|t:|1664549726
|switch|p2a: Lucario|Lucario, F|91/100
|move|p1a: Crobat|U-turn|p2a: Lucario
|-resisted|p2a: Lucario
|-damage|p2a: Lucario|82/100
|
|t:|1664549730
|switch|p1a: Dusknoir|Dusknoir, F|89/100|[from]move: U-turn
|-ability|p1a: Dusknoir|Pressure
|
|upkeep
|turn|22
|
|t:|1664549732
|move|p2a: Lucario|Meteor Mash|p1a: Dusknoir
|-damage|p1a: Dusknoir|39/100
|-damage|p2a: Lucario|72/100|[from] item: Life Orb
|move|p1a: Dusknoir|Poltergeist|p2a: Lucario
|-activate|p2a: Lucario|move: Poltergeist|Life Orb
|-damage|p2a: Lucario|0 fnt
|faint|p2a: Lucario
|
|upkeep
|
|t:|1664549745
|switch|p2a: Polteageist|Polteageist|100/100
|turn|23
|
|t:|1664549747
|move|p2a: Polteageist|Shell Smash|p2a: Polteageist
|-unboost|p2a: Polteageist|def|1
|-unboost|p2a: Polteageist|spd|1
|-boost|p2a: Polteageist|atk|2
|-boost|p2a: Polteageist|spa|2
|-boost|p2a: Polteageist|spe|2
|move|p1a: Dusknoir|Poltergeist|p2a: Polteageist
|-activate|p2a: Polteageist|move: Poltergeist|Focus Sash
|-supereffective|p2a: Polteageist
|-enditem|p2a: Polteageist|Focus Sash
|-damage|p2a: Polteageist|1/100
|-ability|p2a: Polteageist|Weak Armor|boost
|-unboost|p2a: Polteageist|def|1
|-boost|p2a: Polteageist|spe|2
|
|upkeep
|turn|24
|
|t:|1664549760
|move|p2a: Polteageist|Shadow Ball|p1a: Dusknoir
|-supereffective|p1a: Dusknoir
|-damage|p1a: Dusknoir|0 fnt
|faint|p1a: Dusknoir
|
|upkeep
|
|t:|1664549761
|switch|p1a: Crobat|Crobat, F|78/100
|turn|25
|
|t:|1664549767
|move|p2a: Polteageist|Stored Power|p1a: Crobat
|-supereffective|p1a: Crobat
|-damage|p1a: Crobat|0 fnt
|faint|p1a: Crobat
|
|upkeep
|
|t:|1664549770
|switch|p1a: Reuniclus|Reuniclus, M|66/100
|turn|26
|c|☆R3d_VGC|gg
|
|t:|1664549773
|move|p2a: Polteageist|Shadow Ball|p1a: Reuniclus
|-supereffective|p1a: Reuniclus
|-damage|p1a: Reuniclus|0 fnt
|faint|p1a: Reuniclus
|
|win|R3d_VGC
|raw|sinnohrmks's rating: 1232 &rarr; <strong>1216</strong><br />(-16 for losing)
|raw|R3d_VGC's rating: 1367 &rarr; <strong>1380</strong><br />(+13 for winning)
|l|☆sinnohrmks
