|raw|<div class="broadcast-blue"><strong>This battle is required to be public due to a player having a name starting with 'rult50'.</div>
|j|☆RTSG tests
|j|☆rult50dcem
|t:|1625827348
|gametype|singles
|player|p1|RTSG tests|birdkeeper|1293
|player|p2|rult50dcem|lucas|1554
|teamsize|p1|6
|teamsize|p2|6
|gen|8
|tier|[Gen 8] RU
|rated|
|rule|Sleep Clause Mod: Limit one foe put to sleep
|rule|Species Clause: Limit one of each Pokémon
|rule|OHKO Clause: OHKO moves are banned
|rule|Evasion Moves Clause: Evasion moves are banned
|rule|Endless Battle Clause: Forcing endless battles is banned
|rule|HP Percentage Mod: HP is shown in percentages
|rule|Dynamax Clause: You cannot dynamax
|clearpoke
|poke|p1|Indeedee, M|
|poke|p1|Sceptile, M|
|poke|p1|Starmie|
|poke|p1|Aerodactyl, F|
|poke|p1|Darmanitan, F|
|poke|p1|Toxtricity, F|
|poke|p2|Metagross|
|poke|p2|Diancie|
|poke|p2|Celebi|
|poke|p2|Incineroar, M|
|poke|p2|Flygon, M|
|poke|p2|Mienshao, F|
|teampreview
|inactive|Battle timer is ON: inactive players will automatically lose when time's up. (requested by RTSG tests)
|inactive|rult50dcem also wants the timer to be on.
|
|t:|1625827362
|start
|switch|p1a: Aerodactyl|Aerodactyl, F|100/100
|switch|p2a: Mienshao|Mienshao, F|100/100
|-ability|p1a: Aerodactyl|Pressure
|turn|1
|
|t:|1625827366
|move|p2a: Mienshao|Knock Off|p1a: Aerodactyl
|-damage|p1a: Aerodactyl|47/100
|-enditem|p1a: Aerodactyl|Focus Sash|[from] move: Knock Off|[of] p2a: Mienshao
|move|p1a: Aerodactyl|Stealth Rock|p2a: Mienshao
|-sidestart|p2: rult50dcem|move: Stealth Rock
|
|upkeep
|turn|2
|
|t:|1625827373
|move|p2a: Mienshao|Knock Off|p1a: Aerodactyl
|-crit|p1a: Aerodactyl
|-damage|p1a: Aerodactyl|0 fnt
|faint|p1a: Aerodactyl
|
|upkeep
|
|t:|1625827377
|switch|p1a: Toxtricity|Toxtricity, F|100/100
|turn|3
|
|t:|1625827379
|switch|p2a: Flygon|Flygon, M|100/100
|-damage|p2a: Flygon|94/100|[from] Stealth Rock
|move|p1a: Toxtricity|Boomburst|p2a: Flygon
|-damage|p2a: Flygon|0 fnt
|faint|p2a: Flygon
|
|upkeep
|
|t:|1625827382
|switch|p2a: Diancie|Diancie|100/100
|-damage|p2a: Diancie|88/100|[from] Stealth Rock
|turn|4
|
|t:|1625827385
|switch|p1a: Starmie|Starmie|100/100
|move|p2a: Diancie|Stealth Rock|p1a: Starmie
|-sidestart|p1: RTSG tests|move: Stealth Rock
|
|-heal|p2a: Diancie|94/100|[from] item: Leftovers
|upkeep
|turn|5
|
|t:|1625827388
|move|p1a: Starmie|Rapid Spin|p2a: Diancie
|-resisted|p2a: Diancie
|-damage|p2a: Diancie|90/100
|-boost|p1a: Starmie|spe|1
|-sideend|p1: RTSG tests|Stealth Rock|[from] move: Rapid Spin|[of] p1a: Starmie
|-damage|p1a: Starmie|91/100|[from] item: Life Orb
|move|p2a: Diancie|Diamond Storm|p1a: Starmie
|-damage|p1a: Starmie|36/100
|-boost|p2a: Diancie|def|2
|
|-heal|p2a: Diancie|97/100|[from] item: Leftovers
|upkeep
|turn|6
|
|t:|1625827391
|move|p1a: Starmie|Hydro Pump|p2a: Diancie
|-supereffective|p2a: Diancie
|-damage|p2a: Diancie|17/100
|-damage|p1a: Starmie|26/100|[from] item: Life Orb
|move|p2a: Diancie|Stealth Rock|p1a: Starmie
|-sidestart|p1: RTSG tests|move: Stealth Rock
|
|-heal|p2a: Diancie|23/100|[from] item: Leftovers
|upkeep
|turn|7
|
|t:|1625827399
|move|p1a: Starmie|Hydro Pump|p2a: Diancie
|-supereffective|p2a: Diancie
|-damage|p2a: Diancie|0 fnt
|faint|p2a: Diancie
|-damage|p1a: Starmie|16/100|[from] item: Life Orb
|
|upkeep
|
|t:|1625827406
|switch|p2a: Celebi|Celebi|100/100
|turn|8
|j| daniYSB
|
|t:|1625827410
|move|p1a: Starmie|Rapid Spin|p2a: Celebi
|-damage|p2a: Celebi|91/100
|-boost|p1a: Starmie|spe|1
|-sideend|p1: RTSG tests|Stealth Rock|[from] move: Rapid Spin|[of] p1a: Starmie
|-damage|p1a: Starmie|6/100|[from] item: Life Orb
|move|p2a: Celebi|Earth Power|p1a: Starmie
|-damage|p1a: Starmie|0 fnt
|faint|p1a: Starmie
|
|upkeep
|
|t:|1625827419
|switch|p1a: Darmanitan|Darmanitan, F|100/100
|turn|9
|
|t:|1625827421
|switch|p2a: Incineroar|Incineroar, M|100/100
|-ability|p2a: Incineroar|Intimidate|boost
|-unboost|p1a: Darmanitan|atk|1
|move|p1a: Darmanitan|U-turn|p2a: Incineroar
|-damage|p2a: Incineroar|85/100
|
|t:|1625827427
|switch|p1a: Toxtricity|Toxtricity, F|100/100|[from]move: U-turn
|
|upkeep
|turn|10
|
|t:|1625827431
|switch|p2a: Metagross|Metagross|100/100
|-damage|p2a: Metagross|94/100|[from] Stealth Rock
|move|p1a: Toxtricity|Volt Switch|p2a: Metagross
|-damage|p2a: Metagross|49/100
|
|t:|1625827443
|switch|p1a: Darmanitan|Darmanitan, F|100/100|[from]move: Volt Switch
|
|-heal|p2a: Metagross|55/100|[from] item: Leftovers
|upkeep
|turn|11
|
|t:|1625827445
|move|p2a: Metagross|Protect|p2a: Metagross
|-singleturn|p2a: Metagross|Protect
|move|p1a: Darmanitan|Earthquake|p2a: Metagross
|-activate|p2a: Metagross|move: Protect
|
|-heal|p2a: Metagross|61/100|[from] item: Leftovers
|upkeep
|turn|12
|
|t:|1625827451
|switch|p2a: Mienshao|Mienshao, F|100/100
|-damage|p2a: Mienshao|95/100|[from] Stealth Rock
|move|p1a: Darmanitan|Earthquake|p2a: Mienshao
|-damage|p2a: Mienshao|20/100
|
|upkeep
|turn|13
|
|t:|1625827464
|switch|p1a: Toxtricity|Toxtricity, F|100/100
|move|p2a: Mienshao|U-turn|p1a: Toxtricity
|-resisted|p1a: Toxtricity
|-damage|p1a: Toxtricity|82/100
|
|t:|1625827467
|switch|p2a: Celebi|Celebi|91/100|[from]move: U-turn
|
|upkeep
|turn|14
|
|t:|1625827470
|switch|p1a: Indeedee|Indeedee, M|100/100
|-fieldstart|move: Psychic Terrain|[from] ability: Psychic Surge|[of] p1a: Indeedee
|move|p2a: Celebi|Earth Power|p1a: Indeedee
|-damage|p1a: Indeedee|66/100
|-unboost|p1a: Indeedee|spd|1
|
|upkeep
|turn|15
|
|t:|1625827476
|move|p2a: Celebi|Leaf Storm|p1a: Indeedee
|-damage|p1a: Indeedee|0 fnt
|-unboost|p2a: Celebi|spa|2
|faint|p1a: Indeedee
|
|upkeep
|
|t:|1625827479
|switch|p1a: Sceptile|Sceptile, M|100/100
|-enditem|p1a: Sceptile|Psychic Seed
|-boost|p1a: Sceptile|spd|1|[from] item: Psychic Seed
|turn|16
|
|t:|1625827484
|switch|p2a: Incineroar|Incineroar, M|85/100
|-ability|p2a: Incineroar|Intimidate|boost
|-unboost|p1a: Sceptile|atk|1
|move|p1a: Sceptile|Swords Dance|p1a: Sceptile
|-boost|p1a: Sceptile|atk|2
|
|upkeep
|turn|17
|
|t:|1625827490
|move|p1a: Sceptile|Earthquake|p2a: Incineroar
|-supereffective|p2a: Incineroar
|-damage|p2a: Incineroar|0 fnt
|faint|p2a: Incineroar
|
|upkeep
|
|t:|1625827494
|switch|p2a: Metagross|Metagross|61/100
|-damage|p2a: Metagross|55/100|[from] Stealth Rock
|turn|18
|
|t:|1625827496
|move|p1a: Sceptile|Earthquake|p2a: Metagross
|-supereffective|p2a: Metagross
|-damage|p2a: Metagross|0 fnt
|faint|p2a: Metagross
|
|upkeep
|
|t:|1625827500
|switch|p2a: Celebi|Celebi|91/100
|turn|19
|
|t:|1625827503
|move|p1a: Sceptile|Acrobatics|p2a: Celebi
|-supereffective|p2a: Celebi
|-damage|p2a: Celebi|0 fnt
|faint|p2a: Celebi
|
|upkeep
|
|t:|1625827506
|switch|p2a: Mienshao|Mienshao, F|54/100
|-damage|p2a: Mienshao|48/100|[from] Stealth Rock
|turn|20
|-message|rult50dcem forfeited.
|
|win|RTSG tests
|raw|RTSG tests's rating: 1293 &rarr; <strong>1334</strong><br />(+41 for winning)
|raw|rult50dcem's rating: 1554 &rarr; <strong>1521</strong><br />(-33 for losing)
|l|☆rult50dcem
|c|☆RTSG tests|gg
|l| daniYSB
