|j|☆Wormadam-Gold
|j|☆Feliburn
|player|p1|Wormadam-Gold|ethan-gen2|1525
|player|p2|Feliburn|#feliburn|1565
|teamsize|p1|6
|teamsize|p2|6
|gametype|singles
|gen|8
|tier|[Gen 8] RU
|rated|
|clearpoke
|poke|p1|Gigalith, M|
|poke|p1|Escavalier, F|
|poke|p1|Aromatisse, M|
|poke|p1|Vullaby, F|
|poke|p1|Xatu, M|
|poke|p1|Quagsire, M|
|poke|p2|Sigilyph, M|
|poke|p2|Toxicroak, M|
|poke|p2|Rillaboom, M|
|poke|p2|Gigalith, M|
|poke|p2|Drifblim, M|
|poke|p2|Gastrodon-East, M|
|rule|Sleep Clause Mod: Limit one foe put to sleep
|rule|Species Clause: Limit one of each Pokémon
|rule|OHKO Clause: OHKO moves are banned
|rule|Evasion Moves Clause: Evasion moves are banned
|rule|Endless Battle Clause: Forcing endless battles is banned
|rule|HP Percentage Mod: HP is shown in percentages
|rule|Dynamax Clause: You cannot dynamax
|teampreview
|j| Juest 69420
|
|start
|switch|p1a: Xatu|Xatu, M|100/100
|switch|p2a: Rillaboom|Rillaboom, M|100/100
|turn|1
|
|move|p2a: Rillaboom|Knock Off|p1a: Xatu
|-supereffective|p1a: Xatu
|-enditem|p1a: Xatu|Colbur Berry|[eat]
|-enditem|p1a: Xatu|Colbur Berry|[weaken]
|-damage|p1a: Xatu|56/100
|move|p1a: Xatu|Psychic|p2a: Rillaboom
|-damage|p2a: Rillaboom|54/100
|
|upkeep
|turn|2
|
|switch|p1a: Aromatisse|Aromatisse, M|100/100
|move|p2a: Rillaboom|Knock Off|p1a: Aromatisse
|-resisted|p1a: Aromatisse
|-damage|p1a: Aromatisse|89/100
|-enditem|p1a: Aromatisse|Leftovers|[from] move: Knock Off|[of] p2a: Rillaboom
|
|upkeep
|turn|3
|
|switch|p2a: Gigalith|Gigalith, M|100/100
|-weather|Sandstorm|[from] ability: Sand Stream|[of] p2a: Gigalith
|move|p1a: Aromatisse|Wish|p1a: Aromatisse
|
|-weather|Sandstorm|[upkeep]
|-damage|p1a: Aromatisse|83/100|[from] Sandstorm
|upkeep
|turn|4
|
|switch|p1a: Escavalier|Escavalier, F|100/100
|move|p2a: Gigalith|Rock Blast|p1a: Escavalier
|-damage|p1a: Escavalier|90/100
|-damage|p1a: Escavalier|78/100
|-damage|p1a: Escavalier|68/100
|-damage|p1a: Escavalier|56/100
|-damage|p1a: Escavalier|45/100
|-hitcount|p1a: Escavalier|5
|
|-weather|Sandstorm|[upkeep]
|-heal|p1a: Escavalier|100/100|[from] move: Wish|[wisher] Aromatisse
|upkeep
|turn|5
|
|move|p2a: Gigalith|Stealth Rock|p1a: Escavalier
|-sidestart|p1: Wormadam-Gold|move: Stealth Rock
|move|p1a: Escavalier|Knock Off|p2a: Gigalith
|-damage|p2a: Gigalith|74/100
|-enditem|p2a: Gigalith|Leftovers|[from] move: Knock Off|[of] p1a: Escavalier
|
|-weather|Sandstorm|[upkeep]
|upkeep
|turn|6
|
|switch|p2a: Drifblim|Drifblim, M|100/100
|switch|p1a: Quagsire|Quagsire, M|100/100
|-damage|p1a: Quagsire|94/100|[from] Stealth Rock
|
|-weather|Sandstorm|[upkeep]
|-damage|p2a: Drifblim|94/100|[from] Sandstorm
|-heal|p1a: Quagsire|100/100|[from] item: Leftovers
|upkeep
|turn|7
|
|switch|p2a: Sigilyph|Sigilyph, M|100/100
|move|p1a: Quagsire|Toxic|p2a: Sigilyph
|-status|p2a: Sigilyph|tox
|
|-weather|none
|upkeep
|turn|8
|
|switch|p2a: Toxicroak|Toxicroak, M|100/100
|switch|p1a: Gigalith|Gigalith, M|100/100
|-damage|p1a: Gigalith|88/100|[from] Stealth Rock
|-weather|Sandstorm|[from] ability: Sand Stream|[of] p1a: Gigalith
|
|-weather|Sandstorm|[upkeep]
|-damage|p2a: Toxicroak|94/100|[from] Sandstorm
|-heal|p1a: Gigalith|94/100|[from] item: Leftovers
|upkeep
|turn|9
|
|move|p1a: Gigalith|Protect|p1a: Gigalith
|-singleturn|p1a: Gigalith|Protect
|move|p2a: Toxicroak|Drain Punch|p1a: Gigalith
|-activate|p1a: Gigalith|move: Protect
|
|-weather|Sandstorm|[upkeep]
|-damage|p2a: Toxicroak|88/100|[from] Sandstorm
|-heal|p1a: Gigalith|100/100|[from] item: Leftovers
|upkeep
|turn|10
|
|switch|p1a: Quagsire|Quagsire, M|100/100
|-damage|p1a: Quagsire|94/100|[from] Stealth Rock
|move|p2a: Toxicroak|Drain Punch|p1a: Quagsire
|-damage|p1a: Quagsire|64/100
|-heal|p2a: Toxicroak|100/100|[from] drain|[of] p1a: Quagsire
|-damage|p2a: Toxicroak|91/100|[from] item: Life Orb
|
|-weather|Sandstorm|[upkeep]
|-damage|p2a: Toxicroak|85/100|[from] Sandstorm
|-heal|p1a: Quagsire|70/100|[from] item: Leftovers
|upkeep
|turn|11
|
|switch|p2a: Sigilyph|Sigilyph, M|100/100 tox
|move|p1a: Quagsire|Toxic|p2a: Sigilyph
|-fail|p2a: Sigilyph|tox
|
|-weather|Sandstorm|[upkeep]
|-heal|p1a: Quagsire|76/100|[from] item: Leftovers
|upkeep
|turn|12
|
|switch|p1a: Gigalith|Gigalith, M|100/100
|-damage|p1a: Gigalith|88/100|[from] Stealth Rock
|move|p2a: Sigilyph|Psyshock|p1a: Gigalith
|-damage|p1a: Gigalith|59/100
|
|-weather|none
|-heal|p1a: Gigalith|65/100|[from] item: Leftovers
|upkeep
|turn|13
|
|move|p2a: Sigilyph|Psyshock|p1a: Gigalith
|-damage|p1a: Gigalith|38/100
|move|p1a: Gigalith|Stealth Rock|p2a: Sigilyph
|-sidestart|p2: Feliburn|move: Stealth Rock
|
|-heal|p1a: Gigalith|44/100|[from] item: Leftovers
|upkeep
|turn|14
|
|move|p1a: Gigalith|Protect|p1a: Gigalith
|-singleturn|p1a: Gigalith|Protect
|move|p2a: Sigilyph|Energy Ball|p1a: Gigalith
|-activate|p1a: Gigalith|move: Protect
|
|-heal|p1a: Gigalith|50/100|[from] item: Leftovers
|upkeep
|turn|15
|
|switch|p2a: Gigalith|Gigalith, M|74/100
|-damage|p2a: Gigalith|62/100|[from] Stealth Rock
|-weather|Sandstorm|[from] ability: Sand Stream|[of] p2a: Gigalith
|switch|p1a: Vullaby|Vullaby, F|100/100
|-damage|p1a: Vullaby|76/100|[from] Stealth Rock
|
|-weather|Sandstorm|[upkeep]
|upkeep
|turn|16
|
|switch|p1a: Quagsire|Quagsire, M|76/100
|-damage|p1a: Quagsire|70/100|[from] Stealth Rock
|move|p2a: Gigalith|Rock Blast|p1a: Quagsire|[miss]
|-miss|p2a: Gigalith|p1a: Quagsire
|
|-weather|Sandstorm|[upkeep]
|-heal|p1a: Quagsire|76/100|[from] item: Leftovers
|upkeep
|turn|17
|
|switch|p1a: Vullaby|Vullaby, F|76/100
|-damage|p1a: Vullaby|51/100|[from] Stealth Rock
|switch|p2a: Sigilyph|Sigilyph, M|100/100 tox
|
|-weather|Sandstorm|[upkeep]
|upkeep
|turn|18
|
|move|p2a: Sigilyph|Heat Wave|p1a: Vullaby
|-damage|p1a: Vullaby|26/100
|move|p1a: Vullaby|Roost|p1a: Vullaby
|-heal|p1a: Vullaby|77/100
|-singleturn|p1a: Vullaby|move: Roost
|
|-weather|Sandstorm|[upkeep]
|upkeep
|turn|19
|
|switch|p2a: Toxicroak|Toxicroak, M|85/100
|-damage|p2a: Toxicroak|78/100|[from] Stealth Rock
|move|p1a: Vullaby|Defog|p2a: Toxicroak
|-unboost|p2a: Toxicroak|evasion|1
|-sideend|p2: Feliburn|Stealth Rock|[from] move: Defog|[of] p1a: Vullaby
|-sideend|p1: Wormadam-Gold|Stealth Rock|[from] move: Defog|[of] p1a: Vullaby
|
|-weather|none
|upkeep
|turn|20
|
|switch|p1a: Quagsire|Quagsire, M|76/100
|move|p2a: Toxicroak|Gunk Shot|p1a: Quagsire
|-resisted|p1a: Quagsire
|-damage|p1a: Quagsire|50/100
|-damage|p2a: Toxicroak|69/100|[from] item: Life Orb
|
|-heal|p1a: Quagsire|56/100|[from] item: Leftovers
|upkeep
|turn|21
|
|move|p2a: Toxicroak|Drain Punch|p1a: Quagsire
|-damage|p1a: Quagsire|23/100
|-heal|p2a: Toxicroak|90/100|[from] drain|[of] p1a: Quagsire
|-damage|p2a: Toxicroak|80/100|[from] item: Life Orb
|move|p1a: Quagsire|Recover|p1a: Quagsire
|-heal|p1a: Quagsire|73/100
|
|-heal|p1a: Quagsire|79/100|[from] item: Leftovers
|upkeep
|turn|22
|j|+killin'time
|
|switch|p2a: Sigilyph|Sigilyph, M|100/100 tox
|switch|p1a: Vullaby|Vullaby, F|77/100
|
|upkeep
|turn|23
|
|switch|p2a: Gigalith|Gigalith, M|62/100
|-weather|Sandstorm|[from] ability: Sand Stream|[of] p2a: Gigalith
|move|p1a: Vullaby|Toxic|p2a: Gigalith
|-status|p2a: Gigalith|tox
|
|-weather|Sandstorm|[upkeep]
|-damage|p2a: Gigalith|56/100 tox|[from] psn
|upkeep
|turn|24
|
|switch|p1a: Quagsire|Quagsire, M|79/100
|move|p2a: Gigalith|Rock Blast|p1a: Quagsire
|-resisted|p1a: Quagsire
|-damage|p1a: Quagsire|75/100
|-resisted|p1a: Quagsire
|-damage|p1a: Quagsire|71/100
|-resisted|p1a: Quagsire
|-damage|p1a: Quagsire|68/100
|-resisted|p1a: Quagsire
|-damage|p1a: Quagsire|64/100
|-hitcount|p1a: Quagsire|4
|
|-weather|Sandstorm|[upkeep]
|-heal|p1a: Quagsire|70/100|[from] item: Leftovers
|-damage|p2a: Gigalith|44/100 tox|[from] psn
|upkeep
|turn|25
|
|move|p1a: Quagsire|Earthquake|p2a: Gigalith
|-supereffective|p2a: Gigalith
|-damage|p2a: Gigalith|0 fnt
|faint|p2a: Gigalith
|
|-weather|Sandstorm|[upkeep]
|-heal|p1a: Quagsire|76/100|[from] item: Leftovers
|upkeep
|
|switch|p2a: Drifblim|Drifblim, M|94/100
|turn|26
|
|move|p2a: Drifblim|Will-O-Wisp|p1a: Quagsire
|-status|p1a: Quagsire|brn
|move|p1a: Quagsire|Toxic|p2a: Drifblim
|-status|p2a: Drifblim|tox
|
|-weather|Sandstorm|[upkeep]
|-damage|p2a: Drifblim|88/100 tox|[from] Sandstorm
|-heal|p1a: Quagsire|82/100 brn|[from] item: Leftovers
|-damage|p2a: Drifblim|82/100 tox|[from] psn
|-damage|p1a: Quagsire|76/100 brn|[from] brn
|upkeep
|turn|27
|
|switch|p1a: Aromatisse|Aromatisse, M|83/100
|move|p2a: Drifblim|Will-O-Wisp|p1a: Aromatisse
|-status|p1a: Aromatisse|brn
|
|-weather|none
|-damage|p2a: Drifblim|70/100 tox|[from] psn
|-damage|p1a: Aromatisse|77/100 brn|[from] brn
|upkeep
|turn|28
|
|move|p2a: Drifblim|Hex|p1a: Aromatisse
|-damage|p1a: Aromatisse|38/100 brn
|move|p1a: Aromatisse|Wish|p1a: Aromatisse
|
|-damage|p2a: Drifblim|52/100 tox|[from] psn
|-damage|p1a: Aromatisse|32/100 brn|[from] brn
|upkeep
|turn|29
|
|switch|p2a: Toxicroak|Toxicroak, M|80/100
|move|p1a: Aromatisse|Protect||[still]
|-fail|p1a: Aromatisse
|
|-heal|p1a: Aromatisse|82/100 brn|[from] move: Wish|[wisher] Aromatisse
|-damage|p1a: Aromatisse|75/100 brn|[from] brn
|upkeep
|turn|30
|
|switch|p1a: Xatu|Xatu, M|56/100
|move|p2a: Toxicroak|Gunk Shot|p1a: Xatu
|-damage|p1a: Xatu|0 fnt
|-damage|p2a: Toxicroak|70/100|[from] item: Life Orb
|faint|p1a: Xatu
|
|upkeep
|
|switch|p1a: Quagsire|Quagsire, M|76/100 brn
|turn|31
|
|move|p2a: Toxicroak|Drain Punch|p1a: Quagsire
|-damage|p1a: Quagsire|46/100 brn
|-heal|p2a: Toxicroak|89/100|[from] drain|[of] p1a: Quagsire
|-damage|p2a: Toxicroak|80/100|[from] item: Life Orb
|move|p1a: Quagsire|Toxic|p2a: Toxicroak
|-immune|p2a: Toxicroak
|
|-heal|p1a: Quagsire|52/100 brn|[from] item: Leftovers
|-damage|p1a: Quagsire|46/100 brn|[from] brn
|upkeep
|turn|32
|
|switch|p2a: Sigilyph|Sigilyph, M|100/100 tox
|move|p1a: Quagsire|Recover|p1a: Quagsire
|-heal|p1a: Quagsire|96/100 brn
|
|-heal|p1a: Quagsire|100/100 brn|[from] item: Leftovers
|-damage|p1a: Quagsire|94/100 brn|[from] brn
|upkeep
|turn|33
|
|switch|p2a: Drifblim|Drifblim, M|52/100 tox
|switch|p1a: Vullaby|Vullaby, F|77/100
|
|-damage|p2a: Drifblim|46/100 tox|[from] psn
|upkeep
|turn|34
|
|switch|p1a: Escavalier|Escavalier, F|100/100
|move|p2a: Drifblim|Hex|p1a: Escavalier
|-damage|p1a: Escavalier|84/100
|
|-heal|p1a: Escavalier|90/100|[from] item: Leftovers
|-damage|p2a: Drifblim|33/100 tox|[from] psn
|upkeep
|turn|35
|
|switch|p1a: Aromatisse|Aromatisse, M|75/100 brn
|move|p2a: Drifblim|Strength Sap|p1a: Aromatisse
|-unboost|p1a: Aromatisse|atk|1
|-heal|p2a: Drifblim|64/100 tox
|
|-damage|p2a: Drifblim|45/100 tox|[from] psn
|-damage|p1a: Aromatisse|69/100 brn|[from] brn
|upkeep
|turn|36
|
|move|p2a: Drifblim|Hex|p1a: Aromatisse
|-damage|p1a: Aromatisse|32/100 brn
|move|p1a: Aromatisse|Wish|p1a: Aromatisse
|
|-damage|p2a: Drifblim|21/100 tox|[from] psn
|-damage|p1a: Aromatisse|26/100 brn|[from] brn
|upkeep
|turn|37
|
|move|p1a: Aromatisse|Protect|p1a: Aromatisse
|-singleturn|p1a: Aromatisse|Protect
|move|p2a: Drifblim|Hex|p1a: Aromatisse
|-activate|p1a: Aromatisse|move: Protect
|
|-heal|p1a: Aromatisse|76/100 brn|[from] move: Wish|[wisher] Aromatisse
|-damage|p2a: Drifblim|0 fnt|[from] psn
|faint|p2a: Drifblim
|-damage|p1a: Aromatisse|70/100 brn|[from] brn
|upkeep
|
|switch|p2a: Toxicroak|Toxicroak, M|80/100
|turn|38
|
|switch|p2a: Rillaboom|Rillaboom, M|54/100
|switch|p1a: Quagsire|Quagsire, M|94/100 brn
|
|-heal|p1a: Quagsire|100/100 brn|[from] item: Leftovers
|-damage|p1a: Quagsire|94/100 brn|[from] brn
|upkeep
|turn|39
|
|switch|p1a: Escavalier|Escavalier, F|90/100
|move|p2a: Rillaboom|U-turn|p1a: Escavalier
|-resisted|p1a: Escavalier
|-damage|p1a: Escavalier|79/100
|
|switch|p2a: Sigilyph|Sigilyph, M|100/100 tox|[from]move: U-turn
|
|-heal|p1a: Escavalier|85/100|[from] item: Leftovers
|upkeep
|turn|40
|
|switch|p1a: Vullaby|Vullaby, F|77/100
|move|p2a: Sigilyph|Heat Wave|p1a: Vullaby
|-damage|p1a: Vullaby|54/100
|-status|p1a: Vullaby|brn
|
|-damage|p1a: Vullaby|47/100 brn|[from] brn
|upkeep
|turn|41
|
|switch|p2a: Rillaboom|Rillaboom, M|54/100
|move|p1a: Vullaby|Roost|p1a: Vullaby
|-heal|p1a: Vullaby|98/100 brn
|-singleturn|p1a: Vullaby|move: Roost
|
|-damage|p1a: Vullaby|91/100 brn|[from] brn
|upkeep
|turn|42
|
|switch|p1a: Aromatisse|Aromatisse, M|70/100 brn
|move|p2a: Rillaboom|U-turn|p1a: Aromatisse
|-resisted|p1a: Aromatisse
|-damage|p1a: Aromatisse|60/100 brn
|
|switch|p2a: Toxicroak|Toxicroak, M|80/100|[from]move: U-turn
|
|-damage|p1a: Aromatisse|54/100 brn|[from] brn
|upkeep
|turn|43
|
|switch|p1a: Quagsire|Quagsire, M|94/100 brn
|move|p2a: Toxicroak|Swords Dance|p2a: Toxicroak
|-boost|p2a: Toxicroak|atk|2
|
|-heal|p1a: Quagsire|100/100 brn|[from] item: Leftovers
|-damage|p1a: Quagsire|94/100 brn|[from] brn
|upkeep
|turn|44
|
|switch|p2a: Sigilyph|Sigilyph, M|100/100 tox
|move|p1a: Quagsire|Earthquake|p2a: Sigilyph
|-immune|p2a: Sigilyph
|
|-heal|p1a: Quagsire|100/100 brn|[from] item: Leftovers
|-damage|p1a: Quagsire|94/100 brn|[from] brn
|upkeep
|turn|45
|
|switch|p2a: Rillaboom|Rillaboom, M|54/100
|switch|p1a: Vullaby|Vullaby, F|91/100 brn
|
|-damage|p1a: Vullaby|85/100 brn|[from] brn
|upkeep
|turn|46
|
|switch|p1a: Escavalier|Escavalier, F|85/100
|move|p2a: Rillaboom|Knock Off|p1a: Escavalier
|-damage|p1a: Escavalier|52/100
|-enditem|p1a: Escavalier|Leftovers|[from] move: Knock Off|[of] p2a: Rillaboom
|
|upkeep
|turn|47
|
|switch|p2a: Gastrodon|Gastrodon-East, M|100/100
|move|p1a: Escavalier|Iron Head|p2a: Gastrodon
|-resisted|p2a: Gastrodon
|-damage|p2a: Gastrodon|85/100
|
|-heal|p2a: Gastrodon|91/100|[from] item: Leftovers
|upkeep
|turn|48
|
|switch|p2a: Sigilyph|Sigilyph, M|100/100 tox
|move|p1a: Escavalier|Knock Off|p2a: Sigilyph
|-supereffective|p2a: Sigilyph
|-damage|p2a: Sigilyph|7/100 tox
|-enditem|p2a: Sigilyph|Life Orb|[from] move: Knock Off|[of] p1a: Escavalier
|
|upkeep
|turn|49
|
|switch|p1a: Vullaby|Vullaby, F|85/100 brn
|move|p2a: Sigilyph|Heat Wave|p1a: Vullaby
|-damage|p1a: Vullaby|66/100 brn
|
|-damage|p1a: Vullaby|60/100 brn|[from] brn
|upkeep
|turn|50
|
|move|p2a: Sigilyph|Roost|p2a: Sigilyph
|-heal|p2a: Sigilyph|57/100 tox
|-singleturn|p2a: Sigilyph|move: Roost
|move|p1a: Vullaby|Foul Play|p2a: Sigilyph
|-supereffective|p2a: Sigilyph
|-damage|p2a: Sigilyph|37/100 tox
|
|-damage|p1a: Vullaby|54/100 brn|[from] brn
|upkeep
|turn|51
|j| trafsscc
|
|move|p2a: Sigilyph|Roost|p2a: Sigilyph
|-heal|p2a: Sigilyph|87/100 tox
|-singleturn|p2a: Sigilyph|move: Roost
|move|p1a: Vullaby|Roost|p1a: Vullaby
|-heal|p1a: Vullaby|100/100 brn
|-singleturn|p1a: Vullaby|move: Roost
|
|-damage|p1a: Vullaby|94/100 brn|[from] brn
|upkeep
|turn|52
|
|move|p2a: Sigilyph|Psyshock|p1a: Vullaby
|-immune|p1a: Vullaby
|move|p1a: Vullaby|Foul Play|p2a: Sigilyph
|-supereffective|p2a: Sigilyph
|-damage|p2a: Sigilyph|65/100 tox
|
|-damage|p1a: Vullaby|88/100 brn|[from] brn
|upkeep
|turn|53
|
|move|p2a: Sigilyph|Psyshock|p1a: Vullaby
|-immune|p1a: Vullaby
|move|p1a: Vullaby|Foul Play|p2a: Sigilyph
|-supereffective|p2a: Sigilyph
|-crit|p2a: Sigilyph
|-damage|p2a: Sigilyph|33/100 tox
|
|-damage|p1a: Vullaby|82/100 brn|[from] brn
|upkeep
|turn|54
|
|switch|p1a: Aromatisse|Aromatisse, M|54/100 brn
|move|p2a: Sigilyph|Roost|p2a: Sigilyph
|-heal|p2a: Sigilyph|84/100 tox
|-singleturn|p2a: Sigilyph|move: Roost
|
|-damage|p1a: Aromatisse|48/100 brn|[from] brn
|upkeep
|turn|55
|
|move|p2a: Sigilyph|Psyshock|p1a: Aromatisse
|-damage|p1a: Aromatisse|21/100 brn
|move|p1a: Aromatisse|Wish|p1a: Aromatisse
|
|-damage|p1a: Aromatisse|15/100 brn|[from] brn
|upkeep
|turn|56
|
|switch|p2a: Toxicroak|Toxicroak, M|80/100
|move|p1a: Aromatisse|Protect||[still]
|-fail|p1a: Aromatisse
|
|-heal|p1a: Aromatisse|65/100 brn|[from] move: Wish|[wisher] Aromatisse
|-damage|p1a: Aromatisse|58/100 brn|[from] brn
|upkeep
|turn|57
|
|switch|p1a: Quagsire|Quagsire, M|94/100 brn
|move|p2a: Toxicroak|Drain Punch|p1a: Quagsire
|-damage|p1a: Quagsire|63/100 brn
|-heal|p2a: Toxicroak|99/100|[from] drain|[of] p1a: Quagsire
|-damage|p2a: Toxicroak|90/100|[from] item: Life Orb
|
|-heal|p1a: Quagsire|70/100 brn|[from] item: Leftovers
|-damage|p1a: Quagsire|63/100 brn|[from] brn
|upkeep
|turn|58
|
|switch|p2a: Sigilyph|Sigilyph, M|84/100 tox
|move|p1a: Quagsire|Recover|p1a: Quagsire
|-heal|p1a: Quagsire|100/100 brn
|
|-damage|p1a: Quagsire|94/100 brn|[from] brn
|upkeep
|turn|59
|
|switch|p2a: Toxicroak|Toxicroak, M|90/100
|switch|p1a: Gigalith|Gigalith, M|50/100
|-weather|Sandstorm|[from] ability: Sand Stream|[of] p1a: Gigalith
|
|-weather|Sandstorm|[upkeep]
|-damage|p2a: Toxicroak|84/100|[from] Sandstorm
|-heal|p1a: Gigalith|56/100|[from] item: Leftovers
|upkeep
|turn|60
|
|switch|p1a: Quagsire|Quagsire, M|94/100 brn
|move|p2a: Toxicroak|Drain Punch|p1a: Quagsire
|-damage|p1a: Quagsire|65/100 brn
|-heal|p2a: Toxicroak|100/100|[from] drain|[of] p1a: Quagsire
|-damage|p2a: Toxicroak|91/100|[from] item: Life Orb
|
|-weather|Sandstorm|[upkeep]
|-damage|p2a: Toxicroak|85/100|[from] Sandstorm
|-heal|p1a: Quagsire|72/100 brn|[from] item: Leftovers
|-damage|p1a: Quagsire|65/100 brn|[from] brn
|upkeep
|turn|61
|
|move|p2a: Toxicroak|Drain Punch|p1a: Quagsire
|-damage|p1a: Quagsire|32/100 brn
|-heal|p2a: Toxicroak|100/100|[from] drain|[of] p1a: Quagsire
|-damage|p2a: Toxicroak|91/100|[from] item: Life Orb
|move|p1a: Quagsire|Recover|p1a: Quagsire
|-heal|p1a: Quagsire|82/100 brn
|
|-weather|Sandstorm|[upkeep]
|-damage|p2a: Toxicroak|85/100|[from] Sandstorm
|-heal|p1a: Quagsire|88/100 brn|[from] item: Leftovers
|-damage|p1a: Quagsire|82/100 brn|[from] brn
|upkeep
|turn|62
|
|switch|p2a: Sigilyph|Sigilyph, M|84/100 tox
|move|p1a: Quagsire|Toxic|p2a: Sigilyph
|-fail|p2a: Sigilyph|tox
|
|-weather|Sandstorm|[upkeep]
|-heal|p1a: Quagsire|88/100 brn|[from] item: Leftovers
|-damage|p1a: Quagsire|82/100 brn|[from] brn
|upkeep
|turn|63
|
|switch|p2a: Toxicroak|Toxicroak, M|85/100
|switch|p1a: Gigalith|Gigalith, M|56/100
|
|-weather|none
|-heal|p1a: Gigalith|63/100|[from] item: Leftovers
|upkeep
|turn|64
|
|move|p1a: Gigalith|Protect|p1a: Gigalith
|-singleturn|p1a: Gigalith|Protect
|move|p2a: Toxicroak|Drain Punch|p1a: Gigalith
|-activate|p1a: Gigalith|move: Protect
|
|-heal|p1a: Gigalith|69/100|[from] item: Leftovers
|upkeep
|turn|65
|
|switch|p1a: Quagsire|Quagsire, M|82/100 brn
|move|p2a: Toxicroak|Drain Punch|p1a: Quagsire
|-damage|p1a: Quagsire|52/100 brn
|-heal|p2a: Toxicroak|100/100|[from] drain|[of] p1a: Quagsire
|-damage|p2a: Toxicroak|91/100|[from] item: Life Orb
|
|-heal|p1a: Quagsire|58/100 brn|[from] item: Leftovers
|-damage|p1a: Quagsire|52/100 brn|[from] brn
|upkeep
|turn|66
|
|switch|p2a: Rillaboom|Rillaboom, M|54/100
|move|p1a: Quagsire|Recover|p1a: Quagsire
|-heal|p1a: Quagsire|100/100 brn
|
|-damage|p1a: Quagsire|94/100 brn|[from] brn
|upkeep
|turn|67
|j| Miketfx
|
|switch|p1a: Vullaby|Vullaby, F|82/100 brn
|move|p2a: Rillaboom|Earthquake|p1a: Vullaby
|-immune|p1a: Vullaby
|
|-damage|p1a: Vullaby|76/100 brn|[from] brn
|upkeep
|turn|68
|
|switch|p2a: Toxicroak|Toxicroak, M|91/100
|switch|p1a: Quagsire|Quagsire, M|94/100 brn
|
|-heal|p1a: Quagsire|100/100 brn|[from] item: Leftovers
|-damage|p1a: Quagsire|94/100 brn|[from] brn
|upkeep
|turn|69
|
|switch|p1a: Aromatisse|Aromatisse, M|58/100 brn
|move|p2a: Toxicroak|Gunk Shot|p1a: Aromatisse
|-supereffective|p1a: Aromatisse
|-damage|p1a: Aromatisse|0 fnt
|-damage|p2a: Toxicroak|81/100|[from] item: Life Orb
|faint|p1a: Aromatisse
|
|upkeep
|
|switch|p1a: Quagsire|Quagsire, M|94/100 brn
|turn|70
|
|switch|p2a: Sigilyph|Sigilyph, M|84/100 tox
|move|p1a: Quagsire|Scald|p2a: Sigilyph
|-damage|p2a: Sigilyph|57/100 tox
|
|-heal|p1a: Quagsire|100/100 brn|[from] item: Leftovers
|-damage|p1a: Quagsire|94/100 brn|[from] brn
|upkeep
|turn|71
|
|switch|p1a: Gigalith|Gigalith, M|69/100
|-weather|Sandstorm|[from] ability: Sand Stream|[of] p1a: Gigalith
|move|p2a: Sigilyph|Heat Wave|p1a: Gigalith|[miss]
|-miss|p2a: Sigilyph|p1a: Gigalith
|
|-weather|Sandstorm|[upkeep]
|-heal|p1a: Gigalith|75/100|[from] item: Leftovers
|upkeep
|turn|72
|
|switch|p2a: Gastrodon|Gastrodon-East, M|91/100
|move|p1a: Gigalith|Stealth Rock|p2a: Gastrodon
|-sidestart|p2: Feliburn|move: Stealth Rock
|
|-weather|Sandstorm|[upkeep]
|-heal|p2a: Gastrodon|97/100|[from] item: Leftovers
|-heal|p1a: Gigalith|81/100|[from] item: Leftovers
|upkeep
|turn|73
|
|move|p1a: Gigalith|Protect|p1a: Gigalith
|-singleturn|p1a: Gigalith|Protect
|move|p2a: Gastrodon|Scald|p1a: Gigalith
|-activate|p1a: Gigalith|move: Protect
|
|-weather|Sandstorm|[upkeep]
|-heal|p2a: Gastrodon|100/100|[from] item: Leftovers
|-heal|p1a: Gigalith|87/100|[from] item: Leftovers
|upkeep
|turn|74
|
|switch|p1a: Escavalier|Escavalier, F|52/100
|move|p2a: Gastrodon|Scald|p1a: Escavalier
|-damage|p1a: Escavalier|31/100
|
|-weather|Sandstorm|[upkeep]
|upkeep
|turn|75
|
|switch|p2a: Toxicroak|Toxicroak, M|81/100
|-damage|p2a: Toxicroak|75/100|[from] Stealth Rock
|move|p1a: Escavalier|Rest|p1a: Escavalier
|-status|p1a: Escavalier|slp|[from] move: Rest
|-heal|p1a: Escavalier|100/100 slp|[silent]
|
|-weather|none
|upkeep
|turn|76
|
|switch|p2a: Sigilyph|Sigilyph, M|57/100 tox
|cant|p1a: Escavalier|slp
|move|p1a: Escavalier|Sleep Talk|p1a: Escavalier
|move|p1a: Escavalier|Knock Off|p2a: Sigilyph|[from]Sleep Talk
|-supereffective|p2a: Sigilyph
|-crit|p2a: Sigilyph
|-damage|p2a: Sigilyph|0 fnt
|faint|p2a: Sigilyph
|
|upkeep
|l| trafsscc
|
|switch|p2a: Toxicroak|Toxicroak, M|75/100
|-damage|p2a: Toxicroak|69/100|[from] Stealth Rock
|turn|77
|
|move|p2a: Toxicroak|Drain Punch|p1a: Escavalier
|-damage|p1a: Escavalier|57/100 slp
|-heal|p2a: Toxicroak|93/100|[from] drain|[of] p1a: Escavalier
|-damage|p2a: Toxicroak|83/100|[from] item: Life Orb
|cant|p1a: Escavalier|slp
|move|p1a: Escavalier|Sleep Talk|p1a: Escavalier
|move|p1a: Escavalier|Rest|p1a: Escavalier|[from]Sleep Talk
|-fail|p1a: Escavalier
|
|upkeep
|turn|78
|
|move|p2a: Toxicroak|Drain Punch|p1a: Escavalier
|-damage|p1a: Escavalier|13/100 slp
|-heal|p2a: Toxicroak|100/100|[from] drain|[of] p1a: Escavalier
|-damage|p2a: Toxicroak|91/100|[from] item: Life Orb
|-curestatus|p1a: Escavalier|slp|[msg]
|move|p1a: Escavalier|Rest|p1a: Escavalier
|-status|p1a: Escavalier|slp|[from] move: Rest
|-heal|p1a: Escavalier|100/100 slp|[silent]
|
|upkeep
|turn|79
|
|switch|p2a: Rillaboom|Rillaboom, M|54/100
|-damage|p2a: Rillaboom|41/100|[from] Stealth Rock
|switch|p1a: Quagsire|Quagsire, M|94/100 brn
|
|-heal|p1a: Quagsire|100/100 brn|[from] item: Leftovers
|-damage|p1a: Quagsire|94/100 brn|[from] brn
|upkeep
|turn|80
|
|switch|p1a: Escavalier|Escavalier, F|100/100 slp
|move|p2a: Rillaboom|Knock Off|p1a: Escavalier
|-damage|p1a: Escavalier|78/100 slp
|
|upkeep
|turn|81
|-message|Feliburn forfeited.
|
|win|Wormadam-Gold
|l|☆Feliburn
|raw|Wormadam-Gold's rating: 1525 &rarr; <strong>1547</strong><br />(+22 for winning)
|raw|Feliburn's rating: 1565 &rarr; <strong>1542</strong><br />(-23 for losing)
|l| Juest 69420
|l|+killin'time
