|j|☆one step from eden
|j|☆JLT3 Luna
|player|p1|one step from eden|morty-gen2|1331
|player|p2|JLT3 Luna|youngcouple-gen4dp|1424
|teamsize|p1|6
|teamsize|p2|6
|gametype|singles
|gen|8
|tier|[Gen 8] RU
|rated|
|clearpoke
|poke|p1|Malamar, F|
|poke|p1|Qwilfish, M|
|poke|p1|Vileplume, M|
|poke|p1|Charizard, F|
|poke|p1|Drednaw, M|
|poke|p1|Steelix, M|
|poke|p2|Sableye, F|
|poke|p2|Cramorant, F|
|poke|p2|Snorlax, F|
|poke|p2|Steelix, F|
|poke|p2|Salazzle, F|
|poke|p2|Scrafty, F|
|rule|Sleep Clause Mod: Limit one foe put to sleep
|rule|Species Clause: Limit one of each Pokémon
|rule|OHKO Clause: OHKO moves are banned
|rule|Evasion Moves Clause: Evasion moves are banned
|rule|Endless Battle Clause: Forcing endless battles is banned
|rule|HP Percentage Mod: HP is shown in percentages
|rule|Dynamax Clause: You cannot dynamax
|teampreview
|j| jlt3 positivevibes
|
|start
|switch|p1a: Qwilfish|Qwilfish, M|100/100
|switch|p2a: Cramorant|Cramorant, F|100/100
|-ability|p1a: Qwilfish|Intimidate|boost
|-unboost|p2a: Cramorant|atk|1
|turn|1
|
|switch|p2a: Snorlax|Snorlax, F|100/100
|move|p1a: Qwilfish|Toxic|p2a: Snorlax
|-status|p2a: Snorlax|tox
|
|-damage|p2a: Snorlax|94/100 tox|[from] psn
|upkeep
|turn|2
|
|switch|p1a: Steelix|Steelix, M|100/100
|move|p2a: Snorlax|Body Slam|p1a: Steelix
|-resisted|p1a: Steelix
|-damage|p1a: Steelix|92/100
|
|-heal|p2a: Snorlax|100/100 tox|[from] item: Leftovers
|-heal|p1a: Steelix|99/100|[from] item: Leftovers
|-damage|p2a: Snorlax|88/100 tox|[from] psn
|upkeep
|turn|3
|
|switch|p2a: Cramorant|Cramorant, F|100/100
|move|p1a: Steelix|Stealth Rock|p2a: Cramorant
|-sidestart|p2: JLT3 Luna|move: Stealth Rock
|
|-heal|p1a: Steelix|100/100|[from] item: Leftovers
|upkeep
|turn|4
|
|switch|p1a: Malamar|Malamar, F|100/100
|move|p2a: Cramorant|Surf|p1a: Malamar
|-formechange|p2a: Cramorant|Cramorant-Gulping|
|-damage|p1a: Malamar|80/100
|
|-heal|p1a: Malamar|86/100|[from] item: Leftovers
|upkeep
|turn|5
|
|move|p2a: Cramorant|Defog|p1a: Malamar
|-boost|p1a: Malamar|evasion|1
|-sideend|p2: JLT3 Luna|Stealth Rock|[from] move: Defog|[of] p2a: Cramorant
|move|p1a: Malamar|Knock Off|p2a: Cramorant
|-damage|p2a: Cramorant|71/100
|-damage|p1a: Malamar|61/100|[from] ability: Gulp Missile|[of] p2a: Cramorant
|-boost|p1a: Malamar|def|1
|-formechange|p2a: Cramorant|Cramorant|
|-enditem|p2a: Cramorant|Heavy-Duty Boots|[from] move: Knock Off|[of] p1a: Malamar
|
|-heal|p1a: Malamar|67/100|[from] item: Leftovers
|upkeep
|turn|6
|
|switch|p2a: Salazzle|Salazzle, F|100/100
|move|p1a: Malamar|Superpower|p2a: Salazzle
|-resisted|p2a: Salazzle
|-crit|p2a: Salazzle
|-damage|p2a: Salazzle|68/100
|-boost|p1a: Malamar|atk|1
|-boost|p1a: Malamar|def|1
|
|-heal|p2a: Salazzle|74/100|[from] item: Black Sludge
|-heal|p1a: Malamar|73/100|[from] item: Leftovers
|upkeep
|turn|7
|
|move|p2a: Salazzle|Toxic|p1a: Malamar
|-status|p1a: Malamar|tox
|move|p1a: Malamar|Knock Off|p2a: Salazzle
|-damage|p2a: Salazzle|0 fnt
|-enditem|p2a: Salazzle|Black Sludge|[from] move: Knock Off|[of] p1a: Malamar
|faint|p2a: Salazzle
|
|-heal|p1a: Malamar|79/100 tox|[from] item: Leftovers
|-damage|p1a: Malamar|73/100 tox|[from] psn
|upkeep
|
|switch|p2a: Sableye|Sableye, F|100/100
|turn|8
|
|move|p1a: Malamar|Rest|p1a: Malamar
|-status|p1a: Malamar|slp|[from] move: Rest
|-heal|p1a: Malamar|100/100 slp|[silent]
|move|p2a: Sableye|Knock Off|p1a: Malamar
|-damage|p1a: Malamar|88/100 slp
|-enditem|p1a: Malamar|Leftovers|[from] move: Knock Off|[of] p2a: Sableye
|
|upkeep
|turn|9
|
|switch|p2a: Scrafty|Scrafty, F|100/100
|cant|p1a: Malamar|slp
|move|p1a: Malamar|Sleep Talk|p1a: Malamar
|move|p1a: Malamar|Superpower|p2a: Scrafty|[from]Sleep Talk
|-supereffective|p2a: Scrafty
|-damage|p2a: Scrafty|10/100
|-boost|p1a: Malamar|atk|1
|-boost|p1a: Malamar|def|1
|
|upkeep
|turn|10
|-message|JLT3 Luna forfeited.
|
|win|one step from eden
|l|☆JLT3 Luna
