|j|☆CasualGabberz
|j|☆zizalith
|inactive|Battle timer is ON: inactive players will automatically lose when time's up.
|t:|1629928455
|gametype|singles
|player|p1|CasualGabberz|lucas|
|player|p2|zizalith|170|
|teamsize|p1|6
|teamsize|p2|6
|gen|8
|tier|[Gen 8] RU
|rated|Tournament battle
|rule|Sleep Clause Mod: Limit one foe put to sleep
|rule|Species Clause: Limit one of each Pokémon
|rule|OHKO Clause: OHKO moves are banned
|rule|Evasion Moves Clause: Evasion moves are banned
|rule|Endless Battle Clause: Forcing endless battles is banned
|rule|HP Percentage Mod: HP is shown in percentages
|rule|Dynamax Clause: You cannot dynamax
|clearpoke
|poke|p1|Cobalion|
|poke|p1|Golisopod, M|
|poke|p1|Seismitoad, F|
|poke|p1|Decidueye, M|
|poke|p1|Togekiss, M|
|poke|p1|Passimian, F|
|poke|p2|Entei|
|poke|p2|Dhelmise|
|poke|p2|Aerodactyl, M|
|poke|p2|Heracross, F|
|poke|p2|Incineroar, M|
|poke|p2|Metagross|
|teampreview
|inactive|zizalith has 120 seconds left.
|
|t:|1629928486
|start
|switch|p1a: Seismitoad|Seismitoad, F|100/100
|switch|p2a: Incineroar|Incineroar, M|100/100
|-ability|p2a: Incineroar|Intimidate|boost
|-unboost|p1a: Seismitoad|atk|1
|turn|1
|
|t:|1629928498
|move|p1a: Seismitoad|Knock Off|p2a: Incineroar
|-resisted|p2a: Incineroar
|-damage|p2a: Incineroar|93/100
|-enditem|p2a: Incineroar|Heavy-Duty Boots|[from] move: Knock Off|[of] p1a: Seismitoad
|move|p2a: Incineroar|Knock Off|p1a: Seismitoad
|-damage|p1a: Seismitoad|71/100
|-enditem|p1a: Seismitoad|Leftovers|[from] move: Knock Off|[of] p2a: Incineroar
|
|upkeep
|turn|2
|
|t:|1629928508
|move|p1a: Seismitoad|Stealth Rock|p2a: Incineroar
|-sidestart|p2: zizalith|move: Stealth Rock
|move|p2a: Incineroar|Toxic|p1a: Seismitoad
|-status|p1a: Seismitoad|tox
|
|-damage|p1a: Seismitoad|65/100 tox|[from] psn
|upkeep
|turn|3
|
|t:|1629928513
|move|p1a: Seismitoad|Scald|p2a: Incineroar
|-supereffective|p2a: Incineroar
|-damage|p2a: Incineroar|58/100
|move|p2a: Incineroar|U-turn|p1a: Seismitoad
|-damage|p1a: Seismitoad|51/100 tox
|
|t:|1629928519
|switch|p2a: Dhelmise|Dhelmise|100/100|[from]move: U-turn
|
|-damage|p1a: Seismitoad|39/100 tox|[from] psn
|upkeep
|turn|4
|
|t:|1629928527
|switch|p1a: Golisopod|Golisopod, M|100/100
|move|p2a: Dhelmise|Rapid Spin|p1a: Golisopod
|-damage|p1a: Golisopod|87/100
|-boost|p2a: Dhelmise|spe|1
|-sideend|p2: zizalith|Stealth Rock|[from] move: Rapid Spin|[of] p2a: Dhelmise
|
|upkeep
|turn|5
|
|t:|1629928535
|move|p2a: Dhelmise|Power Whip|p1a: Golisopod
|-damage|p1a: Golisopod|34/100
|-activate|p1a: Golisopod|ability: Emergency Exit
|j| xXcrossbowXx
|
|t:|1629928542
|switch|p1a: Togekiss|Togekiss, M|100/100
|
|upkeep
|turn|6
|
|t:|1629928547
|switch|p2a: Aerodactyl|Aerodactyl, M|100/100
|-ability|p2a: Aerodactyl|Unnerve
|move|p1a: Togekiss|Air Slash|p2a: Aerodactyl
|-resisted|p2a: Aerodactyl
|-damage|p2a: Aerodactyl|77/100
|
|upkeep
|turn|7
|
|t:|1629928559
|switch|p1a: Golisopod|Golisopod, M|34/100
|move|p2a: Aerodactyl|Earthquake|p1a: Golisopod
|-resisted|p1a: Golisopod
|-damage|p1a: Golisopod|20/100
|-damage|p2a: Aerodactyl|67/100|[from] item: Life Orb
|
|upkeep
|turn|8
|
|t:|1629928579
|switch|p2a: Metagross|Metagross|100/100
|move|p1a: Golisopod|First Impression|p2a: Metagross
|-damage|p2a: Metagross|63/100
|
|-heal|p2a: Metagross|69/100|[from] item: Leftovers
|upkeep
|turn|9
|
|t:|1629928586
|move|p2a: Metagross|Meteor Mash|p1a: Golisopod
|-resisted|p1a: Golisopod
|-damage|p1a: Golisopod|2/100
|move|p1a: Golisopod|Knock Off|p2a: Metagross
|-supereffective|p2a: Metagross
|-damage|p2a: Metagross|17/100
|-enditem|p2a: Metagross|Leftovers|[from] move: Knock Off|[of] p1a: Golisopod
|
|upkeep
|turn|10
|
|t:|1629928593
|move|p2a: Metagross|Bullet Punch|p1a: Golisopod
|-resisted|p1a: Golisopod
|-damage|p1a: Golisopod|0 fnt
|faint|p1a: Golisopod
|
|upkeep
|
|t:|1629928617
|switch|p1a: Seismitoad|Seismitoad, F|39/100 tox
|turn|11
|
|t:|1629928629
|move|p2a: Metagross|Stealth Rock|p1a: Seismitoad
|-sidestart|p1: CasualGabberz|move: Stealth Rock
|move|p1a: Seismitoad|Stealth Rock|p2a: Metagross
|-sidestart|p2: zizalith|move: Stealth Rock
|
|-damage|p1a: Seismitoad|33/100 tox|[from] psn
|upkeep
|turn|12
|
|t:|1629928635
|move|p2a: Metagross|Earthquake|p1a: Seismitoad
|-damage|p1a: Seismitoad|7/100 tox
|move|p1a: Seismitoad|Scald|p2a: Metagross
|-damage|p2a: Metagross|0 fnt
|faint|p2a: Metagross
|
|-damage|p1a: Seismitoad|0 fnt|[from] psn
|faint|p1a: Seismitoad
|upkeep
|
|t:|1629928655
|switch|p2a: Aerodactyl|Aerodactyl, M|67/100
|switch|p1a: Passimian|Passimian, F|100/100
|-ability|p2a: Aerodactyl|Unnerve
|-damage|p1a: Passimian|94/100|[from] Stealth Rock
|-damage|p2a: Aerodactyl|42/100|[from] Stealth Rock
|turn|13
|
|t:|1629928663
|switch|p2a: Dhelmise|Dhelmise|100/100
|move|p1a: Passimian|Close Combat|p2a: Dhelmise
|-immune|p2a: Dhelmise
|
|upkeep
|turn|14
|
|t:|1629928666
|switch|p1a: Decidueye|Decidueye, M|100/100
|move|p2a: Dhelmise|Rapid Spin|p1a: Decidueye
|-immune|p1a: Decidueye
|
|upkeep
|turn|15
|
|t:|1629928676
|move|p1a: Decidueye|Spirit Shackle|p2a: Dhelmise
|-supereffective|p2a: Dhelmise
|-damage|p2a: Dhelmise|20/100
|move|p2a: Dhelmise|Rapid Spin|p1a: Decidueye
|-immune|p1a: Decidueye
|
|upkeep
|turn|16
|
|t:|1629928695
|switch|p2a: Incineroar|Incineroar, M|58/100
|-damage|p2a: Incineroar|33/100|[from] Stealth Rock
|-ability|p2a: Incineroar|Intimidate|boost
|-unboost|p1a: Decidueye|atk|1
|move|p1a: Decidueye|Spirit Shackle|p2a: Incineroar
|-resisted|p2a: Incineroar
|-damage|p2a: Incineroar|22/100
|-activate|p2a: Incineroar|trapped
|
|upkeep
|turn|17
|
|t:|1629928720
|switch|p1a: Togekiss|Togekiss, M|100/100
|move|p2a: Incineroar|Overheat|p1a: Togekiss
|-damage|p1a: Togekiss|68/100
|-unboost|p2a: Incineroar|spa|2
|
|upkeep
|turn|18
|
|t:|1629928730
|move|p1a: Togekiss|Air Slash|p2a: Incineroar
|-damage|p2a: Incineroar|0 fnt
|faint|p2a: Incineroar
|
|upkeep
|
|t:|1629928739
|switch|p2a: Aerodactyl|Aerodactyl, M|42/100
|-ability|p2a: Aerodactyl|Unnerve
|-damage|p2a: Aerodactyl|17/100|[from] Stealth Rock
|turn|19
|
|t:|1629928756
|move|p2a: Aerodactyl|Dual Wingbeat|p1a: Togekiss
|-damage|p1a: Togekiss|45/100
|-damage|p1a: Togekiss|22/100
|-hitcount|p1a: Togekiss|2
|-damage|p2a: Aerodactyl|7/100|[from] item: Life Orb
|move|p1a: Togekiss|Air Slash|p2a: Aerodactyl
|-resisted|p2a: Aerodactyl
|-damage|p2a: Aerodactyl|0 fnt
|faint|p2a: Aerodactyl
|
|upkeep
|l| xXcrossbowXx
|
|t:|1629928769
|switch|p2a: Entei|Entei|100/100
|-damage|p2a: Entei|76/100|[from] Stealth Rock
|-ability|p2a: Entei|Pressure
|turn|20
|inactive|CasualGabberz has 120 seconds left.
|
|t:|1629928803
|move|p2a: Entei|Lava Plume|p1a: Togekiss
|-damage|p1a: Togekiss|2/100
|move|p1a: Togekiss|Air Slash|p2a: Entei
|-damage|p2a: Entei|44/100
|
|-heal|p2a: Entei|50/100|[from] item: Leftovers
|upkeep
|turn|21
|inactive|CasualGabberz has 120 seconds left.
|
|t:|1629928829
|move|p2a: Entei|Calm Mind|p2a: Entei
|-boost|p2a: Entei|spa|1
|-boost|p2a: Entei|spd|1
|move|p1a: Togekiss|Roost|p1a: Togekiss
|-heal|p1a: Togekiss|52/100
|-singleturn|p1a: Togekiss|move: Roost
|
|-heal|p2a: Entei|56/100|[from] item: Leftovers
|upkeep
|turn|22
|
|t:|1629928838
|move|p2a: Entei|Calm Mind|p2a: Entei
|-boost|p2a: Entei|spa|1
|-boost|p2a: Entei|spd|1
|move|p1a: Togekiss|Air Slash|p2a: Entei
|-damage|p2a: Entei|39/100
|
|-heal|p2a: Entei|45/100|[from] item: Leftovers
|upkeep
|turn|23
|
|t:|1629928850
|move|p2a: Entei|Calm Mind|p2a: Entei
|-boost|p2a: Entei|spa|1
|-boost|p2a: Entei|spd|1
|move|p1a: Togekiss|Air Slash|p2a: Entei
|-damage|p2a: Entei|31/100
|
|-heal|p2a: Entei|37/100|[from] item: Leftovers
|upkeep
|turn|24
|
|t:|1629928855
|move|p2a: Entei|Substitute|p2a: Entei
|-start|p2a: Entei|Substitute
|-damage|p2a: Entei|12/100
|move|p1a: Togekiss|Air Slash|p2a: Entei
|-activate|p2a: Entei|move: Substitute|[damage]
|
|-heal|p2a: Entei|18/100|[from] item: Leftovers
|upkeep
|turn|25
|
|t:|1629928858
|move|p2a: Entei|Lava Plume|p1a: Togekiss
|-damage|p1a: Togekiss|0 fnt
|faint|p1a: Togekiss
|
|-heal|p2a: Entei|25/100|[from] item: Leftovers
|upkeep
|inactive|CasualGabberz has 120 seconds left.
|
|t:|1629928884
|switch|p1a: Cobalion|Cobalion|100/100
|-damage|p1a: Cobalion|97/100|[from] Stealth Rock
|turn|26
|inactive|CasualGabberz has 120 seconds left.
|
|t:|1629928892
|move|p2a: Entei|Protect|p2a: Entei
|-singleturn|p2a: Entei|Protect
|move|p1a: Cobalion|Focus Blast|p2a: Entei
|-activate|p2a: Entei|move: Protect
|
|-heal|p1a: Cobalion|100/100|[from] item: Leftovers
|-heal|p2a: Entei|31/100|[from] item: Leftovers
|upkeep
|turn|27
|
|t:|1629928903
|move|p1a: Cobalion|Focus Blast|p2a: Entei
|-end|p2a: Entei|Substitute
|move|p2a: Entei|Substitute|p2a: Entei
|-start|p2a: Entei|Substitute
|-damage|p2a: Entei|6/100
|
|-heal|p2a: Entei|12/100|[from] item: Leftovers
|upkeep
|turn|28
|
|t:|1629928915
|move|p1a: Cobalion|Calm Mind|p1a: Cobalion
|-boost|p1a: Cobalion|spa|1
|-boost|p1a: Cobalion|spd|1
|move|p2a: Entei|Lava Plume|p1a: Cobalion
|-supereffective|p1a: Cobalion
|-damage|p1a: Cobalion|2/100
|
|-heal|p1a: Cobalion|8/100|[from] item: Leftovers
|-heal|p2a: Entei|18/100|[from] item: Leftovers
|upkeep
|turn|29
|
|t:|1629928930
|move|p1a: Cobalion|Focus Blast|p2a: Entei|[miss]
|-miss|p1a: Cobalion|p2a: Entei
|move|p2a: Entei|Lava Plume|p1a: Cobalion
|-supereffective|p1a: Cobalion
|-damage|p1a: Cobalion|0 fnt
|faint|p1a: Cobalion
|
|-heal|p2a: Entei|25/100|[from] item: Leftovers
|upkeep
|
|t:|1629928935
|switch|p1a: Decidueye|Decidueye, M|100/100
|turn|30
|
|t:|1629928939
|move|p2a: Entei|Protect|p2a: Entei
|-singleturn|p2a: Entei|Protect
|move|p1a: Decidueye|Spirit Shackle|p2a: Entei
|-activate|p2a: Entei|move: Protect
|
|-heal|p2a: Entei|31/100|[from] item: Leftovers
|upkeep
|turn|31
|
|t:|1629928944
|move|p2a: Entei|Lava Plume|p1a: Decidueye
|-supereffective|p1a: Decidueye
|-damage|p1a: Decidueye|0 fnt
|faint|p1a: Decidueye
|
|-heal|p2a: Entei|37/100|[from] item: Leftovers
|upkeep
|
|t:|1629928947
|switch|p1a: Passimian|Passimian, F|94/100
|-damage|p1a: Passimian|88/100|[from] Stealth Rock
|turn|32
|c|☆CasualGabberz|gg
|
|t:|1629928949
|move|p2a: Entei|Protect|p2a: Entei
|-singleturn|p2a: Entei|Protect
|move|p1a: Passimian|Close Combat|p2a: Entei
|-activate|p2a: Entei|move: Protect
|
|-heal|p2a: Entei|43/100|[from] item: Leftovers
|upkeep
|turn|33
|
|t:|1629928953
|move|p1a: Passimian|Close Combat|p2a: Entei
|-end|p2a: Entei|Substitute
|-unboost|p1a: Passimian|def|1
|-unboost|p1a: Passimian|spd|1
|move|p2a: Entei|Lava Plume|p1a: Passimian
|-damage|p1a: Passimian|0 fnt
|faint|p1a: Passimian
|
|win|zizalith
|n|☆CasualGabberz|casualgabberz
|n|☆zizalith|zizalith
|c|☆zizalith|gg
|l|☆CasualGabberz
