|html|<div class="broadcast-blue"><strong>[Gen 8] RU is currently suspecting Durant! For information on how to participate check out the <a href="https://www.smogon.com/forums/threads/np-ru-stage-9-hit-or-miss-durant-suspect-test.3690288/">suspect thread</a>.</strong></div>
|j|☆RUD5 XiangShan
|j|☆epicowl10
|t:|1630966322
|gametype|singles
|player|p1|RUD5 XiangShan|lance|1377
|player|p2|epicowl10|lucas|1377
|teamsize|p1|6
|teamsize|p2|6
|gen|8
|tier|[Gen 8] RU
|rated|
|rule|Sleep Clause Mod: Limit one foe put to sleep
|rule|Species Clause: Limit one of each Pokémon
|rule|OHKO Clause: OHKO moves are banned
|rule|Evasion Moves Clause: Evasion moves are banned
|rule|Endless Battle Clause: Forcing endless battles is banned
|rule|HP Percentage Mod: HP is shown in percentages
|rule|Dynamax Clause: You cannot dynamax
|clearpoke
|poke|p1|Durant, F|
|poke|p1|Celebi|
|poke|p1|Volcanion|
|poke|p1|Diancie|
|poke|p1|Noivern, F|
|poke|p1|Golurk|
|poke|p2|Chandelure, F|
|poke|p2|Cloyster, F|
|poke|p2|Rotom-Mow|
|poke|p2|Cobalion|
|poke|p2|Togekiss, M|
|poke|p2|Flygon, F|
|teampreview
|
|t:|1630966367
|start
|switch|p1a: Volcanion|Volcanion|100/100
|switch|p2a: Flygon|Flygon, F|100/100
|turn|1
|
|t:|1630966377
|move|p1a: Volcanion|Protect|p1a: Volcanion
|-singleturn|p1a: Volcanion|Protect
|move|p2a: Flygon|U-turn|p1a: Volcanion
|-activate|p1a: Volcanion|move: Protect
|
|upkeep
|turn|2
|
|t:|1630966382
|move|p2a: Flygon|U-turn|p1a: Volcanion
|-resisted|p1a: Volcanion
|-damage|p1a: Volcanion|90/100
|
|t:|1630966387
|switch|p2a: Rotom|Rotom-Mow|100/100|[from]move: U-turn
|move|p1a: Volcanion|Steam Eruption|p2a: Rotom
|-resisted|p2a: Rotom
|-damage|p2a: Rotom|59/100
|-status|p2a: Rotom|brn
|
|-damage|p2a: Rotom|53/100 brn|[from] brn
|upkeep
|turn|3
|
|t:|1630966395
|move|p1a: Volcanion|Protect|p1a: Volcanion
|-singleturn|p1a: Volcanion|Protect
|move|p2a: Rotom|Leaf Storm|p1a: Volcanion
|-activate|p1a: Volcanion|move: Protect
|
|-damage|p2a: Rotom|47/100 brn|[from] brn
|upkeep
|turn|4
|
|t:|1630966401
|switch|p1a: Noivern|Noivern, F|100/100
|move|p2a: Rotom|Leaf Storm|p1a: Noivern
|-resisted|p1a: Noivern
|-damage|p1a: Noivern|82/100
|-unboost|p2a: Rotom|spa|2
|
|-damage|p2a: Rotom|41/100 brn|[from] brn
|upkeep
|turn|5
|
|t:|1630966404
|switch|p2a: Togekiss|Togekiss, M|100/100
|move|p1a: Noivern|Toxic|p2a: Togekiss
|-status|p2a: Togekiss|tox
|
|-damage|p2a: Togekiss|94/100 tox|[from] psn
|upkeep
|turn|6
|
|t:|1630966408
|switch|p1a: Diancie|Diancie|100/100
|move|p2a: Togekiss|Air Slash|p1a: Diancie
|-resisted|p1a: Diancie
|-damage|p1a: Diancie|92/100
|
|-heal|p1a: Diancie|98/100|[from] item: Leftovers
|-damage|p2a: Togekiss|82/100 tox|[from] psn
|upkeep
|turn|7
|
|t:|1630966410
|switch|p2a: Cobalion|Cobalion|100/100
|move|p1a: Diancie|Stealth Rock|p2a: Cobalion
|-sidestart|p2: epicowl10|move: Stealth Rock
|
|-heal|p1a: Diancie|100/100|[from] item: Leftovers
|upkeep
|turn|8
|
|t:|1630966425
|switch|p1a: Noivern|Noivern, F|82/100
|move|p2a: Cobalion|Iron Head|p1a: Noivern
|-damage|p1a: Noivern|55/100
|
|upkeep
|turn|9
|
|t:|1630966433
|switch|p2a: Togekiss|Togekiss, M|82/100 tox
|move|p1a: Noivern|Roost|p1a: Noivern
|-heal|p1a: Noivern|100/100
|-singleturn|p1a: Noivern|move: Roost
|
|-damage|p2a: Togekiss|76/100 tox|[from] psn
|upkeep
|turn|10
|
|t:|1630966439
|switch|p1a: Diancie|Diancie|100/100
|move|p2a: Togekiss|Air Slash|p1a: Diancie
|-resisted|p1a: Diancie
|-damage|p1a: Diancie|92/100
|
|-heal|p1a: Diancie|98/100|[from] item: Leftovers
|-damage|p2a: Togekiss|64/100 tox|[from] psn
|upkeep
|turn|11
|
|t:|1630966443
|switch|p2a: Cobalion|Cobalion|100/100
|-damage|p2a: Cobalion|97/100|[from] Stealth Rock
|move|p1a: Diancie|Body Press|p2a: Cobalion
|-supereffective|p2a: Cobalion
|-damage|p2a: Cobalion|69/100
|
|-heal|p2a: Cobalion|76/100|[from] item: Leftovers
|-heal|p1a: Diancie|100/100|[from] item: Leftovers
|upkeep
|turn|12
|
|t:|1630966448
|switch|p1a: Noivern|Noivern, F|100/100
|move|p2a: Cobalion|Iron Head|p1a: Noivern
|-damage|p1a: Noivern|69/100
|
|-heal|p2a: Cobalion|82/100|[from] item: Leftovers
|upkeep
|turn|13
|
|t:|1630966474
|move|p1a: Noivern|Flamethrower|p2a: Cobalion
|-supereffective|p2a: Cobalion
|-damage|p2a: Cobalion|22/100
|move|p2a: Cobalion|Volt Switch|p1a: Noivern
|-damage|p1a: Noivern|50/100
|
|t:|1630966484
|switch|p2a: Rotom|Rotom-Mow|41/100 brn|[from]move: Volt Switch
|-damage|p2a: Rotom|28/100 brn|[from] Stealth Rock
|
|-damage|p2a: Rotom|22/100 brn|[from] brn
|upkeep
|turn|14
|
|t:|1630966505
|switch|p1a: Celebi|Celebi|100/100
|move|p2a: Rotom|Trick|p1a: Celebi
|-activate|p2a: Rotom|move: Trick|[of] p1a: Celebi
|-item|p1a: Celebi|Choice Scarf|[from] move: Trick
|-item|p2a: Rotom|Heavy-Duty Boots|[from] move: Trick
|
|-damage|p2a: Rotom|16/100 brn|[from] brn
|upkeep
|turn|15
|
|t:|1630966513
|switch|p2a: Togekiss|Togekiss, M|64/100 tox
|move|p1a: Celebi|Psychic|p2a: Togekiss
|-damage|p2a: Togekiss|32/100 tox
|-unboost|p2a: Togekiss|spd|1
|
|-damage|p2a: Togekiss|26/100 tox|[from] psn
|upkeep
|turn|16
|
|t:|1630966522
|move|p1a: Celebi|Psychic|p2a: Togekiss
|-damage|p2a: Togekiss|0 fnt
|faint|p2a: Togekiss
|
|upkeep
|
|t:|1630966523
|switch|p2a: Flygon|Flygon, F|100/100
|-damage|p2a: Flygon|95/100|[from] Stealth Rock
|turn|17
|
|t:|1630966529
|switch|p1a: Durant|Durant, F|100/100
|move|p2a: Flygon|U-turn|p1a: Durant
|-resisted|p1a: Durant
|-damage|p1a: Durant|87/100
|
|t:|1630966533
|switch|p2a: Cobalion|Cobalion|22/100|[from]move: U-turn
|-damage|p2a: Cobalion|19/100|[from] Stealth Rock
|
|-heal|p2a: Cobalion|25/100|[from] item: Leftovers
|upkeep
|turn|18
|
|t:|1630966537
|move|p1a: Durant|Superpower|p2a: Cobalion
|-supereffective|p2a: Cobalion
|-damage|p2a: Cobalion|0 fnt
|-unboost|p1a: Durant|atk|1
|-unboost|p1a: Durant|def|1
|faint|p2a: Cobalion
|-damage|p1a: Durant|78/100|[from] item: Life Orb
|
|upkeep
|
|t:|1630966540
|switch|p2a: Cloyster|Cloyster, F|100/100
|turn|19
|
|t:|1630966546
|move|p1a: Durant|Superpower|p2a: Cloyster
|-supereffective|p2a: Cloyster
|-damage|p2a: Cloyster|21/100
|-unboost|p1a: Durant|atk|1
|-unboost|p1a: Durant|def|1
|-damage|p1a: Durant|68/100|[from] item: Life Orb
|move|p2a: Cloyster|Shell Smash|p2a: Cloyster
|-unboost|p2a: Cloyster|def|1
|-unboost|p2a: Cloyster|spd|1
|-boost|p2a: Cloyster|atk|2
|-boost|p2a: Cloyster|spa|2
|-boost|p2a: Cloyster|spe|2
|
|upkeep
|turn|20
|
|t:|1630966553
|switch|p1a: Noivern|Noivern, F|50/100
|move|p2a: Cloyster|Icicle Spear|p1a: Noivern
|-supereffective|p1a: Noivern
|-damage|p1a: Noivern|0 fnt
|faint|p1a: Noivern
|-hitcount|p1: Noivern|1
|
|upkeep
|
|t:|1630966558
|switch|p1a: Durant|Durant, F|68/100
|turn|21
|
|t:|1630966559
|move|p1a: Durant|First Impression|p2a: Cloyster|[miss]
|-miss|p1a: Durant|p2a: Cloyster
|move|p2a: Cloyster|Icicle Spear|p1a: Durant
|-resisted|p1a: Durant
|-damage|p1a: Durant|53/100
|-resisted|p1a: Durant
|-damage|p1a: Durant|39/100
|-resisted|p1a: Durant
|-damage|p1a: Durant|25/100
|-resisted|p1a: Durant
|-damage|p1a: Durant|11/100
|-resisted|p1a: Durant
|-damage|p1a: Durant|0 fnt
|faint|p1a: Durant
|-hitcount|p1: Durant|5
|
|upkeep
|c|☆RUD5 XiangShan|...
|
|t:|1630966576
|switch|p1a: Diancie|Diancie|100/100
|turn|22
|c|☆epicowl10|screw durant
|
|t:|1630966606
|move|p2a: Cloyster|Liquidation|p1a: Diancie
|-supereffective|p1a: Diancie
|-damage|p1a: Diancie|0 fnt
|faint|p1a: Diancie
|
|upkeep
|
|t:|1630966611
|switch|p1a: Volcanion|Volcanion|90/100
|turn|23
|j| Vitasven
|
|t:|1630966617
|move|p2a: Cloyster|Rock Blast|p1a: Volcanion
|-supereffective|p1a: Volcanion
|-damage|p1a: Volcanion|59/100
|-supereffective|p1a: Volcanion
|-damage|p1a: Volcanion|31/100
|-supereffective|p1a: Volcanion
|-damage|p1a: Volcanion|0 fnt
|faint|p1a: Volcanion
|-hitcount|p1: Volcanion|3
|
|upkeep
|c|☆epicowl10|gg
|-message|RUD5 XiangShan forfeited.
|
|win|epicowl10
|raw|RUD5 XiangShan's rating: 1387 &rarr; <strong>1366</strong><br />(-21 for losing)
|raw|epicowl10's rating: 1377 &rarr; <strong>1398</strong><br />(+21 for winning)
|l|☆RUD5 XiangShan
