|j|☆Glidinganteater
|j|☆casin32
|t:|1620095420
|gametype|singles
|player|p1|Glidinganteater|palmer|1274
|player|p2|casin32|crasherwake|1373
|teamsize|p1|6
|teamsize|p2|6
|gen|8
|tier|[Gen 8] RU
|rated|
|clearpoke
|poke|p1|Incineroar, M|
|poke|p1|Vileplume, F|
|poke|p1|Raikou|
|poke|p1|Flygon, M|
|poke|p1|Registeel|
|poke|p1|Togekiss, F|
|poke|p2|Porygon-Z|
|poke|p2|Roserade, F|
|poke|p2|Cloyster, M|
|poke|p2|Mimikyu, F|
|poke|p2|Rhyperior, F|
|poke|p2|Xurkitree|
|rule|Sleep Clause Mod: Limit one foe put to sleep
|rule|Species Clause: Limit one of each Pokémon
|rule|OHKO Clause: OHKO moves are banned
|rule|Evasion Moves Clause: Evasion moves are banned
|rule|Endless Battle Clause: Forcing endless battles is banned
|rule|HP Percentage Mod: HP is shown in percentages
|rule|Dynamax Clause: You cannot dynamax
|teampreview
|inactive|Battle timer is ON: inactive players will automatically lose when time's up. (requested by casin32)
|
|t:|1620095434
|start
|switch|p1a: Vileplume|Vileplume, F|100/100
|switch|p2a: Roserade|Roserade, F|100/100
|turn|1
|
|t:|1620095444
|move|p2a: Roserade|Spikes|p1a: Vileplume
|-sidestart|p1: Glidinganteater|Spikes
|move|p1a: Vileplume|Corrosive Gas|p2a: Roserade
|-enditem|p2a: Roserade|Focus Sash|[from] move: Corrosive Gas|[of] p1a: Vileplume
|
|upkeep
|turn|2
|
|t:|1620095452
|switch|p1a: Incineroar|Incineroar, M|100/100
|-ability|p1a: Incineroar|Intimidate|boost
|-unboost|p2a: Roserade|atk|1
|move|p2a: Roserade|Spikes|p1a: Incineroar
|-sidestart|p1: Glidinganteater|Spikes
|
|upkeep
|turn|3
|
|t:|1620095457
|move|p2a: Roserade|Sleep Powder|p1a: Incineroar|[miss]
|-miss|p2a: Roserade|p1a: Incineroar
|move|p1a: Incineroar|Overheat|p2a: Roserade
|-supereffective|p2a: Roserade
|-damage|p2a: Roserade|11/100
|-unboost|p1a: Incineroar|spa|2
|
|upkeep
|turn|4
|j| I.am.a.noobboy
|
|t:|1620095465
|switch|p1a: Vileplume|Vileplume, F|100/100
|-damage|p1a: Vileplume|84/100|[from] Spikes
|move|p2a: Roserade|Spikes|p1a: Vileplume
|-sidestart|p1: Glidinganteater|Spikes
|
|-heal|p1a: Vileplume|90/100|[from] item: Black Sludge
|upkeep
|turn|5
|
|t:|1620095471
|move|p2a: Roserade|Dazzling Gleam|p1a: Vileplume
|-resisted|p1a: Vileplume
|-damage|p1a: Vileplume|78/100
|move|p1a: Vileplume|Sludge Bomb|p2a: Roserade
|-damage|p2a: Roserade|0 fnt
|faint|p2a: Roserade
|
|-heal|p1a: Vileplume|84/100|[from] item: Black Sludge
|upkeep
|
|t:|1620095485
|switch|p2a: Mimikyu|Mimikyu, F|100/100
|turn|6
|
|t:|1620095490
|move|p2a: Mimikyu|Swords Dance|p2a: Mimikyu
|-boost|p2a: Mimikyu|atk|2
|move|p1a: Vileplume|Sludge Bomb|p2a: Mimikyu
|-activate|p2a: Mimikyu|ability: Disguise
|-damage|p2a: Mimikyu|100/100
|detailschange|p2a: Mimikyu|Mimikyu-Busted, F
|-damage|p2a: Mimikyu|88/100|[from] pokemon: Mimikyu-Busted
|
|-heal|p1a: Vileplume|90/100|[from] item: Black Sludge
|upkeep
|turn|7
|
|t:|1620095498
|move|p2a: Mimikyu|Shadow Claw|p1a: Vileplume
|-damage|p1a: Vileplume|32/100
|-damage|p2a: Mimikyu|78/100|[from] item: Life Orb
|move|p1a: Vileplume|Strength Sap|p2a: Mimikyu
|-unboost|p2a: Mimikyu|atk|1
|-heal|p1a: Vileplume|100/100
|
|upkeep
|turn|8
|
|t:|1620095514
|move|p2a: Mimikyu|Swords Dance|p2a: Mimikyu
|-boost|p2a: Mimikyu|atk|2
|move|p1a: Vileplume|Strength Sap|p2a: Mimikyu
|-unboost|p2a: Mimikyu|atk|1
|
|upkeep
|turn|9
|
|t:|1620095524
|move|p2a: Mimikyu|Shadow Claw|p1a: Vileplume
|-damage|p1a: Vileplume|37/100
|-damage|p2a: Mimikyu|68/100|[from] item: Life Orb
|move|p1a: Vileplume|Sludge Bomb|p2a: Mimikyu
|-damage|p2a: Mimikyu|21/100
|
|-heal|p1a: Vileplume|43/100|[from] item: Black Sludge
|upkeep
|turn|10
|
|t:|1620095530
|move|p2a: Mimikyu|Shadow Claw|p1a: Vileplume
|-damage|p1a: Vileplume|0 fnt
|faint|p1a: Vileplume
|-damage|p2a: Mimikyu|11/100|[from] item: Life Orb
|
|upkeep
|
|t:|1620095544
|switch|p1a: Flygon|Flygon, M, shiny|100/100
|turn|11
|
|t:|1620095548
|move|p2a: Mimikyu|Shadow Sneak|p1a: Flygon
|-damage|p1a: Flygon|39/100
|-damage|p2a: Mimikyu|1/100|[from] item: Life Orb
|move|p1a: Flygon|U-turn|p2a: Mimikyu
|-resisted|p2a: Mimikyu
|-damage|p2a: Mimikyu|0 fnt
|faint|p2a: Mimikyu
|j| ForestCave
|
|t:|1620095561
|switch|p1a: Raikou|Raikou|100/100|[from]move: U-turn
|
|upkeep
|l| ForestCave
|
|t:|1620095569
|switch|p2a: Xurkitree|Xurkitree|100/100
|turn|12
|
|t:|1620095583
|move|p2a: Xurkitree|Dazzling Gleam|p1a: Raikou
|-damage|p1a: Raikou|61/100
|move|p1a: Raikou|Scald|p2a: Xurkitree
|-damage|p2a: Xurkitree|65/100
|-status|p2a: Xurkitree|brn
|
|-damage|p2a: Xurkitree|58/100 brn|[from] brn
|upkeep
|turn|13
|
|t:|1620095587
|switch|p1a: Registeel|Registeel|100/100
|-damage|p1a: Registeel|75/100|[from] Spikes
|move|p2a: Xurkitree|Dazzling Gleam|p1a: Registeel
|-resisted|p1a: Registeel
|-damage|p1a: Registeel|66/100
|
|-heal|p1a: Registeel|72/100|[from] item: Leftovers
|-damage|p2a: Xurkitree|52/100 brn|[from] brn
|upkeep
|turn|14
|
|t:|1620095598
|move|p2a: Xurkitree|Dazzling Gleam|p1a: Registeel
|-resisted|p1a: Registeel
|-damage|p1a: Registeel|63/100
|move|p1a: Registeel|Iron Defense|p1a: Registeel
|-boost|p1a: Registeel|def|2
|
|-heal|p1a: Registeel|69/100|[from] item: Leftovers
|-damage|p2a: Xurkitree|46/100 brn|[from] brn
|upkeep
|turn|15
|
|t:|1620095604
|move|p2a: Xurkitree|Dazzling Gleam|p1a: Registeel
|-resisted|p1a: Registeel
|-damage|p1a: Registeel|60/100
|move|p1a: Registeel|Iron Defense|p1a: Registeel
|-boost|p1a: Registeel|def|2
|
|-heal|p1a: Registeel|66/100|[from] item: Leftovers
|-damage|p2a: Xurkitree|40/100 brn|[from] brn
|upkeep
|turn|16
|
|t:|1620095610
|move|p2a: Xurkitree|Dazzling Gleam|p1a: Registeel
|-resisted|p1a: Registeel
|-damage|p1a: Registeel|56/100
|move|p1a: Registeel|Iron Defense|p1a: Registeel
|-boost|p1a: Registeel|def|2
|
|-heal|p1a: Registeel|62/100|[from] item: Leftovers
|-damage|p2a: Xurkitree|34/100 brn|[from] brn
|upkeep
|turn|17
|
|t:|1620095615
|move|p2a: Xurkitree|Dazzling Gleam|p1a: Registeel
|-resisted|p1a: Registeel
|-damage|p1a: Registeel|53/100
|move|p1a: Registeel|Stealth Rock|p2a: Xurkitree
|-sidestart|p2: casin32|move: Stealth Rock
|
|-heal|p1a: Registeel|59/100|[from] item: Leftovers
|-damage|p2a: Xurkitree|28/100 brn|[from] brn
|upkeep
|turn|18
|
|t:|1620095626
|move|p2a: Xurkitree|Dazzling Gleam|p1a: Registeel
|-resisted|p1a: Registeel
|-crit|p1a: Registeel
|-damage|p1a: Registeel|43/100
|move|p1a: Registeel|Body Press|p2a: Xurkitree
|-damage|p2a: Xurkitree|0 fnt
|faint|p2a: Xurkitree
|
|-heal|p1a: Registeel|49/100|[from] item: Leftovers
|upkeep
|
|t:|1620095629
|switch|p2a: Porygon-Z|Porygon-Z|100/100
|-damage|p2a: Porygon-Z|88/100|[from] Stealth Rock
|-ability|p2a: Porygon-Z|Download|boost
|-boost|p2a: Porygon-Z|spa|1
|turn|19
|
|t:|1620095635
|move|p2a: Porygon-Z|Shadow Ball|p1a: Registeel
|-damage|p1a: Registeel|15/100
|move|p1a: Registeel|Body Press|p2a: Porygon-Z
|-supereffective|p2a: Porygon-Z
|-damage|p2a: Porygon-Z|0 fnt
|faint|p2a: Porygon-Z
|
|-heal|p1a: Registeel|21/100|[from] item: Leftovers
|upkeep
|
|t:|1620095640
|switch|p2a: Rhyperior|Rhyperior, F|100/100
|-damage|p2a: Rhyperior|94/100|[from] Stealth Rock
|turn|20
|
|t:|1620095647
|move|p2a: Rhyperior|Rock Polish|p2a: Rhyperior
|-boost|p2a: Rhyperior|spe|2
|move|p1a: Registeel|Rest|p1a: Registeel
|-status|p1a: Registeel|slp|[from] move: Rest
|-heal|p1a: Registeel|100/100 slp|[silent]
|
|upkeep
|turn|21
|
|t:|1620095653
|move|p2a: Rhyperior|Earthquake|p1a: Registeel
|-supereffective|p1a: Registeel
|-damage|p1a: Registeel|81/100 slp
|cant|p1a: Registeel|slp
|
|-heal|p1a: Registeel|87/100 slp|[from] item: Leftovers
|upkeep
|turn|22
|
|t:|1620095657
|move|p2a: Rhyperior|Rock Polish|p2a: Rhyperior
|-boost|p2a: Rhyperior|spe|2
|cant|p1a: Registeel|slp
|
|-heal|p1a: Registeel|93/100 slp|[from] item: Leftovers
|upkeep
|turn|23
|
|t:|1620095661
|move|p2a: Rhyperior|Earthquake|p1a: Registeel
|-supereffective|p1a: Registeel
|-damage|p1a: Registeel|73/100 slp
|-curestatus|p1a: Registeel|slp|[msg]
|move|p1a: Registeel|Body Press|p2a: Rhyperior
|-supereffective|p2a: Rhyperior
|-damage|p2a: Rhyperior|0 fnt
|faint|p2a: Rhyperior
|
|-heal|p1a: Registeel|79/100|[from] item: Leftovers
|upkeep
|-message|casin32 forfeited.
|
|win|Glidinganteater
|raw|Glidinganteater's rating: 1274 &rarr; <strong>1306</strong><br />(+32 for winning)
|raw|casin32's rating: 1373 &rarr; <strong>1347</strong><br />(-26 for losing)
|l|☆casin32
