|j|☆lipompo
|j|☆literallyfreemoney
|t:|1629351516
|gametype|singles
|player|p1|lipompo|bugcatcher|1093
|player|p2|literallyfreemoney|17|1123
|teamsize|p1|6
|teamsize|p2|6
|gen|8
|tier|[Gen 8] RU
|rated|
|rule|Sleep Clause Mod: Limit one foe put to sleep
|rule|Species Clause: Limit one of each Pokémon
|rule|OHKO Clause: OHKO moves are banned
|rule|Evasion Moves Clause: Evasion moves are banned
|rule|Endless Battle Clause: Forcing endless battles is banned
|rule|HP Percentage Mod: HP is shown in percentages
|rule|Dynamax Clause: You cannot dynamax
|clearpoke
|poke|p1|Orbeetle, M|
|poke|p1|Liepard, M|
|poke|p1|Archeops, M|
|poke|p1|Noivern, F|
|poke|p1|Durant, F|
|poke|p1|Comfey, F|
|poke|p2|Lucario, F|
|poke|p2|Aerodactyl, M|
|poke|p2|Golisopod, F|
|poke|p2|Vaporeon, M|
|poke|p2|Chandelure, M|
|poke|p2|Goodra, M|
|teampreview
|
|t:|1629351528
|start
|switch|p1a: Comfey|Comfey, F|100/100
|switch|p2a: Puhteradactyl|Aerodactyl, M|100/100
|-ability|p2a: Puhteradactyl|Unnerve
|turn|1
|
|t:|1629351535
|switch|p2a: CHANDIE ( *++*)|Chandelure, M|100/100
|move|p1a: Comfey|Calm Mind|p1a: Comfey
|-boost|p1a: Comfey|spa|1
|-boost|p1a: Comfey|spd|1
|
|upkeep
|turn|2
|
|t:|1629351540
|move|p2a: CHANDIE ( *++*)|Trick|p1a: Comfey
|-activate|p2a: CHANDIE ( *++*)|move: Trick|[of] p1a: Comfey
|-item|p1a: Comfey|Choice Scarf|[from] move: Trick
|-item|p2a: CHANDIE ( *++*)|Big Root|[from] move: Trick
|move|p1a: Comfey|Calm Mind|p1a: Comfey
|-boost|p1a: Comfey|spa|1
|-boost|p1a: Comfey|spd|1
|
|upkeep
|turn|3
|
|t:|1629351556
|switch|p1a: Noivern|Noivern, F|100/100
|move|p2a: CHANDIE ( *++*)|Shadow Ball|p1a: Noivern
|-damage|p1a: Noivern|33/100
|
|upkeep
|turn|4
|
|t:|1629351559
|move|p1a: Noivern|Dark Pulse|p2a: CHANDIE ( *++*)
|-supereffective|p2a: CHANDIE ( *++*)
|-damage|p2a: CHANDIE ( *++*)|38/100
|move|p2a: CHANDIE ( *++*)|Shadow Ball|p1a: Noivern
|-crit|p1a: Noivern
|-damage|p1a: Noivern|0 fnt
|faint|p1a: Noivern
|
|upkeep
|
|t:|1629351573
|switch|p1a: Liepard|Liepard, M|100/100
|turn|5
|
|t:|1629351579
|switch|p2a: Lucy|Lucario, F|100/100
|move|p1a: Liepard|Copycat|p1a: Liepard
|move|p1a: Liepard|Shadow Ball|p2a: Lucy|[from]move: Copycat
|-damage|p2a: Lucy|76/100
|
|upkeep
|turn|6
|
|t:|1629351585
|move|p1a: Liepard|Thunder Wave|p2a: Lucy
|-status|p2a: Lucy|par
|move|p2a: Lucy|Close Combat|p1a: Liepard
|-supereffective|p1a: Liepard
|-damage|p1a: Liepard|0 fnt
|-unboost|p2a: Lucy|def|1
|-unboost|p2a: Lucy|spd|1
|faint|p1a: Liepard
|-damage|p2a: Lucy|66/100 par|[from] item: Life Orb
|
|upkeep
|
|t:|1629351590
|switch|p1a: Orbeetle|Orbeetle, M|100/100
|-item|p2a: Lucy|Life Orb|[from] ability: Frisk|[of] p1a: Orbeetle|[identify]
|turn|7
|
|t:|1629351598
|switch|p2a: Goodra|Goodra, M|100/100
|move|p1a: Orbeetle|Iron Defense|p1a: Orbeetle
|-boost|p1a: Orbeetle|def|2
|
|upkeep
|turn|8
|
|t:|1629351605
|move|p1a: Orbeetle|Body Press|p2a: Goodra
|-damage|p2a: Goodra|43/100
|move|p2a: Goodra|Thunderbolt|p1a: Orbeetle
|-damage|p1a: Orbeetle|74/100
|
|-heal|p1a: Orbeetle|80/100|[from] item: Leftovers
|upkeep
|turn|9
|
|t:|1629351615
|switch|p1a: Archeops|Archeops, M|100/100
|switch|p2a: CHANDIE ( *++*)|Chandelure, M|38/100
|
|upkeep
|turn|10
|
|t:|1629351629
|move|p1a: Archeops|Meteor Beam||[still]
|-prepare|p1a: Archeops|Meteor Beam
|-boost|p1a: Archeops|spa|1
|-enditem|p1a: Archeops|Power Herb
|-anim|p1a: Archeops|Meteor Beam|p2a: CHANDIE ( *++*)
|-supereffective|p2a: CHANDIE ( *++*)
|-damage|p2a: CHANDIE ( *++*)|0 fnt
|faint|p2a: CHANDIE ( *++*)
|
|upkeep
|
|t:|1629351631
|switch|p2a: Puhteradactyl|Aerodactyl, M|100/100
|-ability|p2a: Puhteradactyl|Unnerve
|turn|11
|
|t:|1629351639
|move|p2a: Puhteradactyl|Stone Edge|p1a: Archeops
|-supereffective|p1a: Archeops
|-damage|p1a: Archeops|0 fnt
|faint|p1a: Archeops
|
|upkeep
|
|t:|1629351644
|switch|p1a: Comfey|Comfey, F|100/100
|turn|12
|
|t:|1629351652
|switch|p2a: Vaporeon|Vaporeon, M|100/100
|move|p1a: Comfey|Draining Kiss|p2a: Vaporeon
|-damage|p2a: Vaporeon|87/100
|
|-heal|p2a: Vaporeon|93/100|[from] item: Leftovers
|upkeep
|turn|13
|
|t:|1629351657
|switch|p1a: Durant|Durant, F|100/100
|move|p2a: Vaporeon|Heal Bell|p2a: Vaporeon
|-activate|p2a: Vaporeon|move: Heal Bell
|-curestatus|p2: Lucy|par|[msg]
|
|-heal|p2a: Vaporeon|99/100|[from] item: Leftovers
|upkeep
|turn|14
|
|t:|1629351661
|move|p1a: Durant|Hone Claws|p1a: Durant
|-boost|p1a: Durant|atk|1
|-boost|p1a: Durant|accuracy|1
|move|p2a: Vaporeon|Scald|p1a: Durant
|-damage|p1a: Durant|28/100
|
|-heal|p2a: Vaporeon|100/100|[from] item: Leftovers
|upkeep
|turn|15
|
|t:|1629351665
|move|p1a: Durant|Superpower|p2a: Vaporeon
|-damage|p2a: Vaporeon|25/100
|-unboost|p1a: Durant|atk|1
|-unboost|p1a: Durant|def|1
|-damage|p1a: Durant|18/100|[from] item: Life Orb
|move|p2a: Vaporeon|Scald|p1a: Durant
|-damage|p1a: Durant|0 fnt
|faint|p1a: Durant
|
|-heal|p2a: Vaporeon|31/100|[from] item: Leftovers
|upkeep
|
|t:|1629351670
|switch|p1a: Orbeetle|Orbeetle, M|80/100
|-item|p2a: Vaporeon|Leftovers|[from] ability: Frisk|[of] p1a: Orbeetle|[identify]
|turn|16
|
|t:|1629351676
|move|p1a: Orbeetle|Skill Swap|p2a: Vaporeon
|-activate|p1a: Orbeetle|move: Skill Swap|Water Absorb|Frisk|[of] p2a: Vaporeon
|-item|p1a: Orbeetle|Leftovers|[from] ability: Frisk|[of] p2a: Vaporeon|[identify]
|move|p2a: Vaporeon|Scald|p1a: Orbeetle
|-heal|p1a: Orbeetle|100/100|[from] ability: Water Absorb|[of] p2a: Vaporeon
|
|-heal|p2a: Vaporeon|37/100|[from] item: Leftovers
|upkeep
|turn|17
|
|t:|1629351679
|move|p1a: Orbeetle|Iron Defense|p1a: Orbeetle
|-boost|p1a: Orbeetle|def|2
|move|p2a: Vaporeon|Wish|p2a: Vaporeon
|
|-heal|p2a: Vaporeon|44/100|[from] item: Leftovers
|upkeep
|turn|18
|
|t:|1629351692
|switch|p2a: Puhteradactyl|Aerodactyl, M|100/100
|-ability|p2a: Puhteradactyl|Unnerve
|move|p1a: Orbeetle|Iron Defense|p1a: Orbeetle
|-boost|p1a: Orbeetle|def|2
|
|upkeep
|turn|19
|
|t:|1629351695
|move|p2a: Puhteradactyl|Dual Wingbeat|p1a: Orbeetle
|-supereffective|p1a: Orbeetle
|-damage|p1a: Orbeetle|89/100
|-supereffective|p1a: Orbeetle
|-damage|p1a: Orbeetle|75/100
|-hitcount|p1a: Orbeetle|2
|move|p1a: Orbeetle|Body Press|p2a: Puhteradactyl
|-damage|p2a: Puhteradactyl|2/100
|
|-heal|p1a: Orbeetle|82/100|[from] item: Leftovers
|upkeep
|turn|20
|
|t:|1629351702
|move|p2a: Puhteradactyl|Stone Edge|p1a: Orbeetle
|-supereffective|p1a: Orbeetle
|-damage|p1a: Orbeetle|51/100
|move|p1a: Orbeetle|Body Press|p2a: Puhteradactyl
|-damage|p2a: Puhteradactyl|0 fnt
|faint|p2a: Puhteradactyl
|
|-heal|p1a: Orbeetle|57/100|[from] item: Leftovers
|upkeep
|
|t:|1629351713
|switch|p2a: *w*G O A L I E*w*|Golisopod, F|100/100
|turn|21
|
|t:|1629351719
|move|p2a: *w*G O A L I E*w*|First Impression|p1a: Orbeetle
|-supereffective|p1a: Orbeetle
|-damage|p1a: Orbeetle|22/100
|move|p1a: Orbeetle|Recover|p1a: Orbeetle
|-heal|p1a: Orbeetle|72/100
|
|-heal|p1a: Orbeetle|78/100|[from] item: Leftovers
|upkeep
|turn|22
|
|t:|1629351725
|move|p1a: Orbeetle|Body Press|p2a: *w*G O A L I E*w*
|-resisted|p2a: *w*G O A L I E*w*
|-damage|p2a: *w*G O A L I E*w*|75/100
|move|p2a: *w*G O A L I E*w*|Knock Off|p1a: Orbeetle
|-supereffective|p1a: Orbeetle
|-damage|p1a: Orbeetle|52/100
|-enditem|p1a: Orbeetle|Leftovers|[from] move: Knock Off|[of] p2a: *w*G O A L I E*w*
|
|upkeep
|turn|23
|
|t:|1629351732
|move|p1a: Orbeetle|Iron Defense|p1a: Orbeetle
|-boost|p1a: Orbeetle|def|2
|move|p2a: *w*G O A L I E*w*|Liquidation|p1a: Orbeetle
|-heal|p1a: Orbeetle|77/100|[from] ability: Water Absorb|[of] p2a: *w*G O A L I E*w*
|
|upkeep
|turn|24
|
|t:|1629351738
|switch|p2a: Goodra|Goodra, M|43/100
|move|p1a: Orbeetle|Body Press|p2a: Goodra
|-damage|p2a: Goodra|0 fnt
|faint|p2a: Goodra
|
|upkeep
|
|t:|1629351742
|switch|p2a: Lucy|Lucario, F|66/100
|turn|25
|
|t:|1629351744
|move|p2a: Lucy|Crunch|p1a: Orbeetle
|-supereffective|p1a: Orbeetle
|-damage|p1a: Orbeetle|62/100
|-damage|p2a: Lucy|56/100|[from] item: Life Orb
|move|p1a: Orbeetle|Body Press|p2a: Lucy
|-supereffective|p2a: Lucy
|-damage|p2a: Lucy|0 fnt
|faint|p2a: Lucy
|
|upkeep
|
|t:|1629351748
|switch|p2a: Vaporeon|Vaporeon, M|44/100
|turn|26
|
|t:|1629351751
|move|p1a: Orbeetle|Body Press|p2a: Vaporeon
|-damage|p2a: Vaporeon|0 fnt
|faint|p2a: Vaporeon
|
|upkeep
|c|☆literallyfreemoney|gg
|-message|literallyfreemoney forfeited.
|
|win|lipompo
|raw|lipompo's rating: 1093 &rarr; <strong>1121</strong><br />(+28 for winning)
|raw|literallyfreemoney's rating: 1123 &rarr; <strong>1096</strong><br />(-27 for losing)
|l|☆literallyfreemoney
