|j|☆INT Tom
|j|☆gregforest
|player|p1|INT Tom|emmet|1304
|player|p2|gregforest|ash|1141
|teamsize|p1|6
|teamsize|p2|6
|gametype|singles
|gen|8
|tier|[Gen 8] RU
|rated|
|clearpoke
|poke|p1|Coalossal, M|
|poke|p1|Jellicent, M|
|poke|p1|Scrafty, M|
|poke|p1|Rillaboom, M|
|poke|p1|Duraludon, M|
|poke|p1|Braviary, M|
|poke|p2|Cramorant, M|
|poke|p2|Dugtrio-Alola, F|
|poke|p2|Coalossal, M|
|poke|p2|Silvally-*|
|poke|p2|Rillaboom, F|
|poke|p2|Boltund, M|
|rule|Sleep Clause Mod: Limit one foe put to sleep
|rule|Species Clause: Limit one of each Pokémon
|rule|OHKO Clause: OHKO moves are banned
|rule|Evasion Moves Clause: Evasion moves are banned
|rule|Endless Battle Clause: Forcing endless battles is banned
|rule|HP Percentage Mod: HP is shown in percentages
|rule|Dynamax Clause: You cannot dynamax
|teampreview
|inactive|Battle timer is ON: inactive players will automatically lose when time's up. (requested by gregforest)
|
|start
|switch|p1a: Coalossal|Coalossal, M|100/100
|switch|p2a: Silvally|Silvally-Fighting|100/100
|turn|1
|
|switch|p1a: Jellicent|Jellicent, M|100/100
|move|p2a: Silvally|Swords Dance|p2a: Silvally
|-boost|p2a: Silvally|atk|2
|
|upkeep
|turn|2
|
|move|p2a: Silvally|Crunch|p1a: Jellicent
|-supereffective|p1a: Jellicent
|-enditem|p1a: Jellicent|Colbur Berry|[eat]
|-enditem|p1a: Jellicent|Colbur Berry|[weaken]
|-damage|p1a: Jellicent|63/100
|-unboost|p1a: Jellicent|def|1
|move|p1a: Jellicent|Scald|p2a: Silvally
|-damage|p2a: Silvally|77/100
|
|upkeep
|turn|3
|
|switch|p1a: Coalossal|Coalossal, M|100/100
|move|p2a: Silvally|Crunch|p1a: Coalossal
|-damage|p1a: Coalossal|72/100
|-status|p2a: Silvally|brn|[from] ability: Flame Body|[of] p1a: Coalossal
|
|-damage|p2a: Silvally|71/100 brn|[from] brn
|upkeep
|turn|4
|
|move|p2a: Silvally|Multi-Attack|p1a: Coalossal
|-supereffective|p1a: Coalossal
|-damage|p1a: Coalossal|0 fnt
|faint|p1a: Coalossal
|
|-damage|p2a: Silvally|65/100 brn|[from] brn
|upkeep
|
|switch|p1a: Jellicent|Jellicent, M|63/100
|turn|5
|
|move|p2a: Silvally|Crunch|p1a: Jellicent
|-supereffective|p1a: Jellicent
|-damage|p1a: Jellicent|28/100
|move|p1a: Jellicent|Recover|p1a: Jellicent
|-heal|p1a: Jellicent|78/100
|
|-damage|p2a: Silvally|59/100 brn|[from] brn
|upkeep
|turn|6
|
|move|p2a: Silvally|Swords Dance|p2a: Silvally
|-boost|p2a: Silvally|atk|2
|move|p1a: Jellicent|Scald|p2a: Silvally
|-damage|p2a: Silvally|32/100 brn
|
|-damage|p2a: Silvally|26/100 brn|[from] brn
|upkeep
|turn|7
|
|move|p2a: Silvally|Crunch|p1a: Jellicent
|-supereffective|p1a: Jellicent
|-crit|p1a: Jellicent
|-damage|p1a: Jellicent|0 fnt
|faint|p1a: Jellicent
|
|-damage|p2a: Silvally|20/100 brn|[from] brn
|upkeep
|
|switch|p1a: Braviary|Braviary, M|100/100
|turn|8
|
|move|p1a: Braviary|Close Combat|p2a: Silvally
|-damage|p2a: Silvally|0 fnt
|-unboost|p1a: Braviary|def|1
|-unboost|p1a: Braviary|spd|1
|faint|p2a: Silvally
|
|upkeep
|
|switch|p2a: Boltund|Boltund, M|100/100
|turn|9
|
|switch|p1a: Duraludon|Duraludon, M|100/100
|move|p2a: Boltund|Thunder Fang|p1a: Duraludon
|-resisted|p1a: Duraludon
|-damage|p1a: Duraludon|78/100
|
|upkeep
|turn|10
|
|move|p2a: Boltund|Fire Fang|p1a: Duraludon
|-damage|p1a: Duraludon|52/100
|move|p1a: Duraludon|Draco Meteor|p2a: Boltund
|-damage|p2a: Boltund|0 fnt
|-unboost|p1a: Duraludon|spa|2
|-enditem|p1a: Duraludon|Eject Pack
|faint|p2a: Boltund
|
|switch|p1a: Rillaboom|Rillaboom, M|100/100
|-fieldstart|move: Grassy Terrain|[from] ability: Grassy Surge|[of] p1a: Rillaboom
|
|upkeep
|
|switch|p2a: Cramorant|Cramorant, M, shiny|100/100
|turn|11
|
|move|p1a: Rillaboom|Wood Hammer|p2a: Cramorant
|-damage|p2a: Cramorant|0 fnt
|-damage|p1a: Rillaboom|73/100|[from] Recoil
|faint|p2a: Cramorant
|
|-heal|p1a: Rillaboom|79/100|[from] Grassy Terrain
|upkeep
|
|switch|p2a: Rillaboom|Rillaboom, F|100/100
|turn|12
|
|switch|p1a: Duraludon|Duraludon, M|52/100
|move|p2a: Rillaboom|Fake Out|p1a: Duraludon
|-resisted|p1a: Duraludon
|-damage|p1a: Duraludon|44/100
|
|-heal|p1a: Duraludon|50/100|[from] Grassy Terrain
|upkeep
|turn|13
|
|move|p1a: Duraludon|Draco Meteor|p2a: Rillaboom
|-damage|p2a: Rillaboom|57/100
|-unboost|p1a: Duraludon|spa|2
|move|p2a: Rillaboom|U-turn|p1a: Duraludon
|-resisted|p1a: Duraludon
|-damage|p1a: Duraludon|38/100
|
|switch|p2a: Coalossal|Coalossal, M|100/100|[from]move: U-turn
|
|-heal|p1a: Duraludon|44/100|[from] Grassy Terrain
|upkeep
|turn|14
|
|switch|p1a: Scrafty|Scrafty, M|100/100
|move|p2a: Coalossal|Stealth Rock|p1a: Scrafty
|-sidestart|p1: INT Tom|move: Stealth Rock
|
|-fieldend|move: Grassy Terrain
|upkeep
|turn|15
|
|move|p1a: Scrafty|Bulk Up|p1a: Scrafty
|-boost|p1a: Scrafty|atk|1
|-boost|p1a: Scrafty|def|1
|move|p2a: Coalossal|Body Press|p1a: Scrafty
|-supereffective|p1a: Scrafty
|-damage|p1a: Scrafty|68/100
|
|-heal|p1a: Scrafty|74/100|[from] item: Leftovers
|upkeep
|turn|16
|
|move|p1a: Scrafty|Bulk Up|p1a: Scrafty
|-boost|p1a: Scrafty|atk|1
|-boost|p1a: Scrafty|def|1
|move|p2a: Coalossal|Flare Blitz|p1a: Scrafty
|-damage|p1a: Scrafty|55/100
|-damage|p2a: Coalossal|96/100|[from] Recoil
|
|-heal|p1a: Scrafty|61/100|[from] item: Leftovers
|upkeep
|turn|17
|
|switch|p2a: Rillaboom|Rillaboom, F|57/100
|-fieldstart|move: Grassy Terrain|[from] ability: Grassy Surge|[of] p2a: Rillaboom
|move|p1a: Scrafty|Bulk Up|p1a: Scrafty
|-boost|p1a: Scrafty|atk|1
|-boost|p1a: Scrafty|def|1
|
|-heal|p2a: Rillaboom|63/100|[from] Grassy Terrain
|-heal|p1a: Scrafty|67/100|[from] item: Leftovers
|-heal|p1a: Scrafty|73/100|[from] Grassy Terrain
|upkeep
|turn|18
|
|move|p2a: Rillaboom|Fake Out|p1a: Scrafty
|-damage|p1a: Scrafty|68/100
|cant|p1a: Scrafty|flinch
|
|-heal|p2a: Rillaboom|69/100|[from] Grassy Terrain
|-heal|p1a: Scrafty|74/100|[from] item: Leftovers
|-heal|p1a: Scrafty|80/100|[from] Grassy Terrain
|upkeep
|turn|19
|
|move|p2a: Rillaboom|Wood Hammer|p1a: Scrafty
|-damage|p1a: Scrafty|50/100
|-damage|p2a: Rillaboom|61/100|[from] Recoil
|move|p1a: Scrafty|Drain Punch|p2a: Rillaboom
|-damage|p2a: Rillaboom|1/100
|-heal|p1a: Scrafty|86/100|[from] drain|[of] p2a: Rillaboom
|
|-heal|p2a: Rillaboom|8/100|[from] Grassy Terrain
|-heal|p1a: Scrafty|92/100|[from] item: Leftovers
|-heal|p1a: Scrafty|98/100|[from] Grassy Terrain
|upkeep
|turn|20
|
|move|p2a: Rillaboom|U-turn|p1a: Scrafty
|-damage|p1a: Scrafty|89/100
|
|switch|p2a: Coalossal|Coalossal, M|96/100|[from]move: U-turn
|move|p1a: Scrafty|Drain Punch|p2a: Coalossal
|-supereffective|p2a: Coalossal
|-damage|p2a: Coalossal|32/100
|-heal|p1a: Scrafty|100/100|[from] drain|[of] p2a: Coalossal
|-damage|p1a: Scrafty|84/100|[from] item: Rocky Helmet|[of] p2a: Coalossal
|
|-heal|p1a: Scrafty|90/100|[from] item: Leftovers
|-heal|p1a: Scrafty|96/100|[from] Grassy Terrain
|-heal|p2a: Coalossal|38/100|[from] Grassy Terrain
|upkeep
|turn|21
|
|move|p1a: Scrafty|Drain Punch|p2a: Coalossal
|-supereffective|p2a: Coalossal
|-damage|p2a: Coalossal|0 fnt
|-heal|p1a: Scrafty|100/100|[from] drain|[of] p2a: Coalossal
|-damage|p1a: Scrafty|84/100|[from] item: Rocky Helmet|[of] p2a: Coalossal
|faint|p2a: Coalossal
|
|-heal|p1a: Scrafty|90/100|[from] item: Leftovers
|-heal|p1a: Scrafty|96/100|[from] Grassy Terrain
|-fieldend|move: Grassy Terrain
|upkeep
|-message|gregforest forfeited.
|
|win|INT Tom
|l|☆gregforest
||Ladder (probably) updated, but score could not be retrieved (Response not received).
