|html|<div class="broadcast-blue"><strong>[Gen 8] RU is currently suspecting Zygarde-10%! For information on how to participate check out the <a href="https://www.smogon.com/forums/threads/np-ru-stage-6-i-wanna-be-your-dog-zygarde-10-suspect-test.3679181/#post-8768959">suspect thread</a>.</strong></div>
|j|☆Shark kek
|j|☆Master jvag
|t:|1614622532
|player|p1|Shark kek|harlequin|1291
|player|p2|Master jvag|giovanni|1277
|teamsize|p1|6
|teamsize|p2|6
|gametype|singles
|gen|8
|tier|[Gen 8] RU
|rated|
|clearpoke
|poke|p1|Mienshao, M|
|poke|p1|Milotic, M|
|poke|p1|Volcanion|
|poke|p1|Rhyperior, M|
|poke|p1|Sylveon, F|
|poke|p1|Zarude|
|poke|p2|Sharpedo, M|
|poke|p2|Necrozma|
|poke|p2|Klefki, M|
|poke|p2|Zygarde-10%|
|poke|p2|Cloyster, M|
|poke|p2|Mimikyu, F|
|rule|Sleep Clause Mod: Limit one foe put to sleep
|rule|Species Clause: Limit one of each Pokémon
|rule|OHKO Clause: OHKO moves are banned
|rule|Evasion Moves Clause: Evasion moves are banned
|rule|Endless Battle Clause: Forcing endless battles is banned
|rule|HP Percentage Mod: HP is shown in percentages
|rule|Dynamax Clause: You cannot dynamax
|teampreview
|
|t:|1614622543
|start
|switch|p1a: Volcanion|Volcanion|100/100
|switch|p2a: Necrozma|Necrozma|100/100
|turn|1
|
|t:|1614622549
|move|p2a: Necrozma|Stealth Rock|p1a: Volcanion
|-sidestart|p1: Shark kek|move: Stealth Rock
|move|p1a: Volcanion|Steam Eruption|p2a: Necrozma
|-damage|p2a: Necrozma|10/100
|
|-heal|p2a: Necrozma|16/100|[from] item: Leftovers
|upkeep
|turn|2
|
|t:|1614622566
|move|p2a: Necrozma|Knock Off|p1a: Volcanion
|-damage|p1a: Volcanion|84/100
|-enditem|p1a: Volcanion|Choice Specs|[from] move: Knock Off|[of] p2a: Necrozma
|move|p1a: Volcanion|Steam Eruption|p2a: Necrozma
|-damage|p2a: Necrozma|0 fnt
|faint|p2a: Necrozma
|
|upkeep
|
|t:|1614622573
|switch|p2a: Klefki|Klefki, M|100/100
|turn|3
|
|t:|1614622579
|move|p2a: Klefki|Spikes|p1a: Volcanion
|-sidestart|p1: Shark kek|Spikes
|move|p1a: Volcanion|Fire Blast|p2a: Klefki
|-supereffective|p2a: Klefki
|-damage|p2a: Klefki|0 fnt
|faint|p2a: Klefki
|
|upkeep
|
|t:|1614622586
|switch|p2a: Zygarde|Zygarde-10%|100/100
|-ability|p2a: Zygarde|Aura Break
|turn|4
|
|t:|1614622592
|switch|p1a: Mienshao|Mienshao, M|100/100
|-damage|p1a: Mienshao|88/100|[from] Spikes
|-damage|p1a: Mienshao|82/100|[from] Stealth Rock
|move|p2a: Zygarde|Toxic|p1a: Mienshao|[miss]
|-miss|p2a: Zygarde|p1a: Mienshao
|
|upkeep
|turn|5
|
|t:|1614622600
|switch|p2a: Mimikyu|Mimikyu, F|100/100
|move|p1a: Mienshao|U-turn|p2a: Mimikyu
|-activate|p2a: Mimikyu|ability: Disguise
|-damage|p2a: Mimikyu|100/100
|detailschange|p2a: Mimikyu|Mimikyu-Busted, F
|-damage|p2a: Mimikyu|88/100|[from] pokemon: Mimikyu-Busted
|
|t:|1614622608
|switch|p1a: Zarude|Zarude|100/100|[from]move: U-turn
|-damage|p1a: Zarude|88/100|[from] Spikes
|-damage|p1a: Zarude|76/100|[from] Stealth Rock
|
|upkeep
|turn|6
|
|t:|1614622618
|move|p1a: Zarude|Power Whip|p2a: Mimikyu
|-damage|p2a: Mimikyu|0 fnt
|faint|p2a: Mimikyu
|
|upkeep
|
|t:|1614622623
|switch|p2a: Sharpedo|Sharpedo, M|100/100
|turn|7
|
|t:|1614622627
|move|p1a: Zarude|Power Whip|p2a: Sharpedo
|-supereffective|p2a: Sharpedo
|-damage|p2a: Sharpedo|0 fnt
|faint|p2a: Sharpedo
|
|upkeep
|
|t:|1614622630
|switch|p2a: Cloyster|Cloyster, M|100/100
|turn|8
|
|t:|1614622641
|move|p1a: Zarude|Power Whip|p2a: Cloyster
|-supereffective|p2a: Cloyster
|-damage|p2a: Cloyster|0 fnt
|faint|p2a: Cloyster
|
|upkeep
|
|t:|1614622646
|switch|p2a: Zygarde|Zygarde-10%|100/100
|-ability|p2a: Zygarde|Aura Break
|turn|9
|
|t:|1614622651
|move|p2a: Zygarde|Thousand Arrows|p1a: Zarude
|-resisted|p1a: Zarude
|-damage|p1a: Zarude|47/100
|move|p1a: Zarude|Power Whip|p2a: Zygarde
|-damage|p2a: Zygarde|0 fnt
|faint|p2a: Zygarde
|
|win|Shark kek
