|raw|<div class="broadcast-blue"><strong>This battle is required to be public due to a player having a name starting with 'rult50'.</div>
|j|☆RULT50B Ampha uwu
|j|☆Schizolab
|t:|1626124698
|gametype|singles
|player|p1|RULT50B Ampha uwu|gladion|1524
|player|p2|Schizolab|archie-gen3|1552
|teamsize|p1|6
|teamsize|p2|6
|gen|8
|tier|[Gen 8] RU
|rated|
|rule|Sleep Clause Mod: Limit one foe put to sleep
|rule|Species Clause: Limit one of each Pokémon
|rule|OHKO Clause: OHKO moves are banned
|rule|Evasion Moves Clause: Evasion moves are banned
|rule|Endless Battle Clause: Forcing endless battles is banned
|rule|HP Percentage Mod: HP is shown in percentages
|rule|Dynamax Clause: You cannot dynamax
|clearpoke
|poke|p1|Rotom-Mow|
|poke|p1|Necrozma|
|poke|p1|Cobalion|
|poke|p1|Ribombee, M|
|poke|p1|Lucario, F|
|poke|p1|Mimikyu, M|
|poke|p2|Seismitoad, F|
|poke|p2|Dhelmise|
|poke|p2|Xurkitree|
|poke|p2|Umbreon, M|
|poke|p2|Crobat, F|
|poke|p2|Polteageist-Antique|
|teampreview
|inactive|Battle timer is ON: inactive players will automatically lose when time's up. (requested by RULT50B Ampha uwu)
|
|t:|1626124754
|start
|switch|p1a: Ribombee|Ribombee, M|100/100
|switch|p2a: Xurkitree|Xurkitree|100/100
|turn|1
|
|t:|1626124759
|move|p2a: Xurkitree|Volt Switch|p1a: Ribombee
|-damage|p1a: Ribombee|25/100
|
|t:|1626124762
|switch|p2a: Crobat|Crobat, F|100/100|[from]move: Volt Switch
|move|p1a: Ribombee|Sticky Web|p2a: Crobat
|-sidestart|p2: Schizolab|move: Sticky Web
|
|upkeep
|turn|2
|
|t:|1626124768
|switch|p1a: Rotom|Rotom-Mow|100/100
|move|p2a: Crobat|Brave Bird|p1a: Rotom
|-damage|p1a: Rotom|50/100
|-damage|p2a: Crobat|90/100|[from] Recoil
|
|-heal|p1a: Rotom|57/100|[from] item: Leftovers
|upkeep
|turn|3
|
|t:|1626124776
|move|p2a: Crobat|U-turn|p1a: Rotom
|-supereffective|p1a: Rotom
|-damage|p1a: Rotom|18/100
|
|t:|1626124781
|switch|p2a: Dhelmise|Dhelmise|100/100|[from]move: U-turn
|-activate|p2a: Dhelmise|move: Sticky Web
|-unboost|p2a: Dhelmise|spe|1
|move|p1a: Rotom|Thunderbolt|p2a: Dhelmise
|-resisted|p2a: Dhelmise
|-damage|p2a: Dhelmise|79/100
|
|-heal|p1a: Rotom|25/100|[from] item: Leftovers
|upkeep
|turn|4
|
|t:|1626124789
|switch|p1a: Mimikyu|Mimikyu, M|100/100
|move|p2a: Dhelmise|Knock Off|p1a: Mimikyu
|-activate|p1a: Mimikyu|ability: Disguise
|-damage|p1a: Mimikyu|100/100
|-enditem|p1a: Mimikyu|Life Orb|[from] move: Knock Off|[of] p2a: Dhelmise
|detailschange|p1a: Mimikyu|Mimikyu-Busted, M
|-damage|p1a: Mimikyu|88/100|[from] pokemon: Mimikyu-Busted
|
|upkeep
|turn|5
|
|t:|1626124807
|switch|p2a: Seismitoad|Seismitoad, F|100/100
|-activate|p2a: Seismitoad|move: Sticky Web
|-unboost|p2a: Seismitoad|spe|1
|move|p1a: Mimikyu|Shadow Claw|p2a: Seismitoad
|-damage|p2a: Seismitoad|81/100
|
|-heal|p2a: Seismitoad|87/100|[from] item: Leftovers
|upkeep
|turn|6
|j| HeadphonesGirl
|
|t:|1626124826
|switch|p1a: Rotom|Rotom-Mow|25/100
|move|p2a: Seismitoad|Toxic|p1a: Rotom
|-status|p1a: Rotom|tox
|
|-heal|p1a: Rotom|31/100 tox|[from] item: Leftovers
|-heal|p2a: Seismitoad|93/100|[from] item: Leftovers
|-damage|p1a: Rotom|25/100 tox|[from] psn
|upkeep
|turn|7
|
|t:|1626124838
|switch|p2a: Umbreon|Umbreon, M|100/100
|-activate|p2a: Umbreon|move: Sticky Web
|-unboost|p2a: Umbreon|spe|1
|move|p1a: Rotom|Leaf Storm|p2a: Umbreon
|-damage|p2a: Umbreon|68/100
|-unboost|p1a: Rotom|spa|2
|
|-heal|p1a: Rotom|31/100 tox|[from] item: Leftovers
|-heal|p2a: Umbreon|74/100|[from] item: Leftovers
|-damage|p1a: Rotom|18/100 tox|[from] psn
|upkeep
|turn|8
|
|t:|1626124855
|move|p1a: Rotom|Nasty Plot|p1a: Rotom
|-boost|p1a: Rotom|spa|2
|move|p2a: Umbreon|Wish|p2a: Umbreon
|
|-heal|p1a: Rotom|25/100 tox|[from] item: Leftovers
|-heal|p2a: Umbreon|80/100|[from] item: Leftovers
|-damage|p1a: Rotom|6/100 tox|[from] psn
|upkeep
|turn|9
|
|t:|1626124864
|move|p2a: Umbreon|Protect|p2a: Umbreon
|-singleturn|p2a: Umbreon|Protect
|move|p1a: Rotom|Nasty Plot|p1a: Rotom
|-boost|p1a: Rotom|spa|2
|
|-heal|p2a: Umbreon|100/100|[from] move: Wish|[wisher] Umbreon
|-heal|p1a: Rotom|12/100 tox|[from] item: Leftovers
|-damage|p1a: Rotom|0 fnt|[from] psn
|faint|p1a: Rotom
|upkeep
|
|t:|1626124866
|switch|p1a: Lucario|Lucario, F|100/100
|turn|10
|
|t:|1626124893
|switch|p2a: Seismitoad|Seismitoad, F|93/100
|-activate|p2a: Seismitoad|move: Sticky Web
|-unboost|p2a: Seismitoad|spe|1
|move|p1a: Lucario|Swords Dance|p1a: Lucario
|-boost|p1a: Lucario|atk|2
|
|-heal|p2a: Seismitoad|99/100|[from] item: Leftovers
|upkeep
|turn|11
|
|t:|1626124899
|move|p1a: Lucario|Close Combat|p2a: Seismitoad
|-damage|p2a: Seismitoad|0 fnt
|-unboost|p1a: Lucario|def|1
|-unboost|p1a: Lucario|spd|1
|faint|p2a: Seismitoad
|-damage|p1a: Lucario|91/100|[from] item: Life Orb
|
|upkeep
|
|t:|1626124902
|switch|p2a: Crobat|Crobat, F|90/100
|turn|12
|
|t:|1626124911
|move|p1a: Lucario|Extreme Speed|p2a: Crobat
|-damage|p2a: Crobat|25/100
|-damage|p1a: Lucario|81/100|[from] item: Life Orb
|move|p2a: Crobat|Brave Bird|p1a: Lucario
|-damage|p1a: Lucario|0 fnt
|faint|p1a: Lucario
|-damage|p2a: Crobat|5/100|[from] Recoil
|
|upkeep
|
|t:|1626124919
|switch|p1a: Mimikyu|Mimikyu-Busted, M|88/100
|turn|13
|inactive|Schizolab has 120 seconds left.
|
|t:|1626124973
|switch|p2a: Umbreon|Umbreon, M|100/100
|-activate|p2a: Umbreon|move: Sticky Web
|-unboost|p2a: Umbreon|spe|1
|move|p1a: Mimikyu|Swords Dance|p1a: Mimikyu
|-boost|p1a: Mimikyu|atk|2
|
|upkeep
|turn|14
|
|t:|1626124980
|move|p1a: Mimikyu|Play Rough|p2a: Umbreon
|-supereffective|p2a: Umbreon
|-damage|p2a: Umbreon|0 fnt
|faint|p2a: Umbreon
|
|upkeep
|
|t:|1626124990
|switch|p2a: Crobat|Crobat, F|5/100
|turn|15
|
|t:|1626125001
|switch|p2a: Polteageist|Polteageist-Antique|100/100
|-activate|p2a: Polteageist|move: Sticky Web
|-unboost|p2a: Polteageist|spe|1
|-enditem|p2a: Polteageist|White Herb
|-clearnegativeboost|p2a: Polteageist|[silent]
|move|p1a: Mimikyu|Shadow Sneak|p2a: Polteageist
|-supereffective|p2a: Polteageist
|-damage|p2a: Polteageist|9/100
|
|upkeep
|turn|16
|inactive|Schizolab has 120 seconds left.
|
|t:|1626125010
|move|p1a: Mimikyu|Shadow Claw|p2a: Polteageist
|-supereffective|p2a: Polteageist
|-damage|p2a: Polteageist|0 fnt
|faint|p2a: Polteageist
|
|upkeep
|-message|Schizolab forfeited.
|
|win|RULT50B Ampha uwu
|raw|RULT50B Ampha uwu's rating: 1523 &rarr; <strong>1545</strong><br />(+22 for winning)
|raw|Schizolab's rating: 1552 &rarr; <strong>1530</strong><br />(-22 for losing)
|l| HeadphonesGirl
||Ladder isn't responding, score probably updated but might not have (Request timeout).
|l|☆RULT50B Ampha uwu
|j| RULT50A YW
|j| RULT50A hjkhj
