|j|☆Wick hoonguz
|j|☆TheDewgod
|player|p1|Wick hoonguz|steven|1432
|player|p2|TheDewgod|274|1214
|teamsize|p1|6
|teamsize|p2|6
|gametype|singles
|gen|8
|tier|[Gen 8] RU
|rated|
|clearpoke
|poke|p1|Steelix, M|
|poke|p1|Snorlax, M|
|poke|p1|Vaporeon, M|
|poke|p1|Silvally-*|
|poke|p1|Torkoal, M|
|poke|p1|Xatu, M|
|poke|p2|Shiftry, F|
|poke|p2|Torkoal, M|
|poke|p2|Bellossom, M|
|poke|p2|Ninetales, M|
|poke|p2|Solrock|
|poke|p2|Garbodor, M|
|rule|Sleep Clause Mod: Limit one foe put to sleep
|rule|Species Clause: Limit one of each Pokémon
|rule|OHKO Clause: OHKO moves are banned
|rule|Evasion Moves Clause: Evasion moves are banned
|rule|Endless Battle Clause: Forcing endless battles is banned
|rule|HP Percentage Mod: HP is shown in percentages
|rule|Dynamax Clause: You cannot dynamax
|teampreview
|
|start
|switch|p1a: Silvally|Silvally-Fighting|100/100
|switch|p2a: Solrock|Solrock|100/100
|turn|1
|
|move|p1a: Silvally|Swords Dance|p1a: Silvally
|-boost|p1a: Silvally|atk|2
|move|p2a: Solrock|Stealth Rock|p1a: Silvally
|-sidestart|p1: Wick hoonguz|move: Stealth Rock
|
|upkeep
|turn|2
|
|move|p1a: Silvally|Crunch|p2a: Solrock
|-supereffective|p2a: Solrock
|-damage|p2a: Solrock|0 fnt
|faint|p2a: Solrock
|
|upkeep
|
|switch|p2a: Garbodor|Garbodor, M|100/100
|turn|3
|
|switch|p1a: Torkoal|Torkoal, M|100/100
|-weather|SunnyDay|[from] ability: Drought|[of] p1a: Torkoal
|move|p2a: Garbodor|Toxic Spikes|p1a: Torkoal
|-sidestart|p1: Wick hoonguz|move: Toxic Spikes
|
|-weather|SunnyDay|[upkeep]
|upkeep
|turn|4
|
|move|p2a: Garbodor|Explosion|p1a: Torkoal
|-enditem|p2a: Garbodor|Normal Gem|[from] gem|[move] Explosion
|-damage|p1a: Torkoal|52/100
|faint|p2a: Garbodor
|move|p1a: Torkoal|Rapid Spin|p2: Garbodor|[notarget]
|-fail|p1a: Torkoal
|
|-weather|SunnyDay|[upkeep]
|upkeep
|
|switch|p2a: Shiftry|Shiftry, F|100/100
|turn|5
|
|move|p2a: Shiftry|Dark Pulse|p1a: Torkoal
|-damage|p1a: Torkoal|0 fnt
|-damage|p2a: Shiftry|91/100|[from] item: Life Orb
|faint|p1a: Torkoal
|
|-weather|SunnyDay|[upkeep]
|upkeep
|
|switch|p1a: Steelix|Steelix, M|100/100
|-damage|p1a: Steelix|97/100|[from] Stealth Rock
|turn|6
|
|move|p2a: Shiftry|Heat Wave|p1a: Steelix
|-supereffective|p1a: Steelix
|-crit|p1a: Steelix
|-damage|p1a: Steelix|0 fnt
|-damage|p2a: Shiftry|81/100|[from] item: Life Orb
|faint|p1a: Steelix
|
|-weather|SunnyDay|[upkeep]
|upkeep
|
|switch|p1a: Silvally|Silvally-Fighting|100/100
|-damage|p1a: Silvally|94/100|[from] Stealth Rock
|-status|p1a: Silvally|psn
|turn|7
|
|switch|p2a: Torkoal|Torkoal, M|100/100
|move|p1a: Silvally|U-turn|p2a: Torkoal
|-resisted|p2a: Torkoal
|-damage|p2a: Torkoal|95/100
|
|switch|p1a: Snorlax|Snorlax, M|100/100|[from]move: U-turn
|-status|p1a: Snorlax|psn
|-damage|p1a: Snorlax|88/100 psn|[from] Stealth Rock
|
|-weather|none
|-heal|p1a: Snorlax|94/100 psn|[from] item: Leftovers
|-damage|p1a: Snorlax|82/100 psn|[from] psn
|upkeep
|turn|8
|inactive|Battle timer is ON: inactive players will automatically lose when time's up. (requested by Wick hoonguz)
|
|switch|p2a: Bellossom|Bellossom, M|100/100
|move|p1a: Snorlax|Curse|p1a: Snorlax
|-unboost|p1a: Snorlax|spe|1
|-boost|p1a: Snorlax|atk|1
|-boost|p1a: Snorlax|def|1
|
|-heal|p1a: Snorlax|88/100 psn|[from] item: Leftovers
|-damage|p1a: Snorlax|75/100 psn|[from] psn
|upkeep
|turn|9
|
|move|p2a: Bellossom|Strength Sap|p1a: Snorlax
|-unboost|p1a: Snorlax|atk|1
|move|p1a: Snorlax|Curse|p1a: Snorlax
|-unboost|p1a: Snorlax|spe|1
|-boost|p1a: Snorlax|atk|1
|-boost|p1a: Snorlax|def|1
|
|-heal|p1a: Snorlax|82/100 psn|[from] item: Leftovers
|-damage|p1a: Snorlax|69/100 psn|[from] psn
|upkeep
|turn|10
|
|move|p2a: Bellossom|Strength Sap|p1a: Snorlax
|-unboost|p1a: Snorlax|atk|1
|move|p1a: Snorlax|Body Slam|p2a: Bellossom
|-damage|p2a: Bellossom|64/100
|-status|p2a: Bellossom|par
|
|-heal|p2a: Bellossom|70/100 par|[from] item: Leftovers
|-heal|p1a: Snorlax|75/100 psn|[from] item: Leftovers
|-damage|p1a: Snorlax|63/100 psn|[from] psn
|upkeep
|turn|11
|
|move|p2a: Bellossom|Quiver Dance|p2a: Bellossom
|-boost|p2a: Bellossom|spa|1
|-boost|p2a: Bellossom|spd|1
|-boost|p2a: Bellossom|spe|1
|move|p1a: Snorlax|Rest|p1a: Snorlax
|-status|p1a: Snorlax|slp|[from] move: Rest
|-heal|p1a: Snorlax|100/100 slp|[silent]
|
|-heal|p2a: Bellossom|76/100 par|[from] item: Leftovers
|upkeep
|turn|12
|
|move|p2a: Bellossom|Quiver Dance|p2a: Bellossom
|-boost|p2a: Bellossom|spa|1
|-boost|p2a: Bellossom|spd|1
|-boost|p2a: Bellossom|spe|1
|cant|p1a: Snorlax|slp
|
|-heal|p2a: Bellossom|82/100 par|[from] item: Leftovers
|upkeep
|turn|13
|
|move|p2a: Bellossom|Quiver Dance|p2a: Bellossom
|-boost|p2a: Bellossom|spa|1
|-boost|p2a: Bellossom|spd|1
|-boost|p2a: Bellossom|spe|1
|cant|p1a: Snorlax|slp
|
|-heal|p2a: Bellossom|88/100 par|[from] item: Leftovers
|upkeep
|turn|14
|
|move|p2a: Bellossom|Strength Sap|p1a: Snorlax
|-unboost|p1a: Snorlax|atk|1
|-heal|p2a: Bellossom|100/100 par
|-curestatus|p1a: Snorlax|slp|[msg]
|move|p1a: Snorlax|Curse|p1a: Snorlax
|-unboost|p1a: Snorlax|spe|1
|-boost|p1a: Snorlax|atk|1
|-boost|p1a: Snorlax|def|1
|
|upkeep
|turn|15
|
|move|p2a: Bellossom|Giga Drain|p1a: Snorlax
|-damage|p1a: Snorlax|63/100
|move|p1a: Snorlax|Curse|p1a: Snorlax
|-unboost|p1a: Snorlax|spe|1
|-boost|p1a: Snorlax|atk|1
|-boost|p1a: Snorlax|def|1
|
|-heal|p1a: Snorlax|69/100|[from] item: Leftovers
|upkeep
|turn|16
|
|move|p2a: Bellossom|Strength Sap|p1a: Snorlax
|-unboost|p1a: Snorlax|atk|1
|move|p1a: Snorlax|Body Slam|p2a: Bellossom
|-damage|p2a: Bellossom|61/100 par
|
|-heal|p2a: Bellossom|67/100 par|[from] item: Leftovers
|-heal|p1a: Snorlax|75/100|[from] item: Leftovers
|upkeep
|turn|17
|
|move|p2a: Bellossom|Giga Drain|p1a: Snorlax
|-damage|p1a: Snorlax|37/100
|-heal|p2a: Bellossom|100/100 par|[from] drain|[of] p1a: Snorlax
|move|p1a: Snorlax|Curse|p1a: Snorlax
|-unboost|p1a: Snorlax|spe|1
|-boost|p1a: Snorlax|atk|1
|-boost|p1a: Snorlax|def|1
|
|-heal|p1a: Snorlax|43/100|[from] item: Leftovers
|upkeep
|turn|18
|
|cant|p2a: Bellossom|par
|move|p1a: Snorlax|Body Slam|p2a: Bellossom
|-damage|p2a: Bellossom|45/100 par
|
|-heal|p2a: Bellossom|51/100 par|[from] item: Leftovers
|-heal|p1a: Snorlax|49/100|[from] item: Leftovers
|upkeep
|turn|19
|
|move|p2a: Bellossom|Strength Sap|p1a: Snorlax
|-unboost|p1a: Snorlax|atk|1
|-heal|p2a: Bellossom|100/100 par
|move|p1a: Snorlax|Body Slam|p2a: Bellossom
|-damage|p2a: Bellossom|64/100 par
|
|-heal|p2a: Bellossom|70/100 par|[from] item: Leftovers
|-heal|p1a: Snorlax|55/100|[from] item: Leftovers
|upkeep
|turn|20
|
|move|p2a: Bellossom|Strength Sap|p1a: Snorlax
|-unboost|p1a: Snorlax|atk|1
|-heal|p2a: Bellossom|100/100 par
|move|p1a: Snorlax|Curse|p1a: Snorlax
|-unboost|p1a: Snorlax|spe|1
|-boost|p1a: Snorlax|atk|1
|-boost|p1a: Snorlax|def|1
|
|-heal|p1a: Snorlax|61/100|[from] item: Leftovers
|upkeep
|turn|21
|
|move|p2a: Bellossom|Giga Drain|p1a: Snorlax
|-damage|p1a: Snorlax|21/100
|move|p1a: Snorlax|Curse|p1a: Snorlax
|-boost|p1a: Snorlax|atk|1
|
|-heal|p1a: Snorlax|28/100|[from] item: Leftovers
|upkeep
|turn|22
|
|move|p2a: Bellossom|Giga Drain|p1a: Snorlax
|-damage|p1a: Snorlax|0 fnt
|faint|p1a: Snorlax
|
|upkeep
|-message|Wick hoonguz forfeited.
|
|win|TheDewgod
|l|☆TheDewgod
|raw|Wick hoonguz's rating: 1433 &rarr; <strong>1401</strong><br />(-32 for losing)
|raw|TheDewgod's rating: 1193 &rarr; <strong>1233</strong><br />(+40 for winning)
|j|☆TheDewgod
|player|p2|TheDewgod|274
