|j|☆Glidinganteater
|j|☆Yolo gang
|t:|1621905295
|gametype|singles
|player|p1|Glidinganteater|palmer|1485
|player|p2|Yolo gang|firebreather|1318
|teamsize|p1|6
|teamsize|p2|6
|gen|8
|tier|[Gen 8] RU
|rated|
|rule|Sleep Clause Mod: Limit one foe put to sleep
|rule|Species Clause: Limit one of each Pokémon
|rule|OHKO Clause: OHKO moves are banned
|rule|Evasion Moves Clause: Evasion moves are banned
|rule|Endless Battle Clause: Forcing endless battles is banned
|rule|HP Percentage Mod: HP is shown in percentages
|rule|Dynamax Clause: You cannot dynamax
|clearpoke
|poke|p1|Tornadus, M|
|poke|p1|Heracross, M|
|poke|p1|Porygon2|
|poke|p1|Togekiss, F|
|poke|p1|Rhyperior, M|
|poke|p1|Roserade, F|
|poke|p2|Cobalion|
|poke|p2|Mienshao, M|
|poke|p2|Darmanitan, M|
|poke|p2|Rotom-Mow|
|poke|p2|Mimikyu, F|
|poke|p2|Crobat, F|
|teampreview
|
|t:|1621905304
|start
|switch|p1a: Togekiss|Togekiss, F|100/100
|switch|p2a: Mienshao|Mienshao, M|100/100
|turn|1
|
|t:|1621905312
|move|p2a: Mienshao|Fake Out|p1a: Togekiss
|-damage|p1a: Togekiss|87/100
|-damage|p2a: Mienshao|91/100|[from] item: Life Orb
|cant|p1a: Togekiss|flinch
|
|upkeep
|turn|2
|
|t:|1621905318
|move|p2a: Mienshao|U-turn|p1a: Togekiss
|-resisted|p1a: Togekiss
|-damage|p1a: Togekiss|81/100
|-damage|p2a: Mienshao|81/100|[from] item: Life Orb
|
|t:|1621905325
|switch|p2a: Crobat|Crobat, F|100/100|[from]move: U-turn
|move|p1a: Togekiss|Air Slash|p2a: Crobat
|-damage|p2a: Crobat|65/100
|
|upkeep
|turn|3
|
|t:|1621905332
|move|p2a: Crobat|U-turn|p1a: Togekiss
|-resisted|p1a: Togekiss
|-damage|p1a: Togekiss|79/100
|
|t:|1621905335
|switch|p2a: Cobalion|Cobalion|100/100|[from]move: U-turn
|move|p1a: Togekiss|Thunder Wave|p2a: Cobalion
|-status|p2a: Cobalion|par
|
|upkeep
|turn|4
|
|t:|1621905339
|move|p1a: Togekiss|Air Slash|p2a: Cobalion
|-damage|p2a: Cobalion|56/100 par
|move|p2a: Cobalion|Stealth Rock|p1a: Togekiss
|-sidestart|p1: Glidinganteater|move: Stealth Rock
|
|upkeep
|turn|5
|
|t:|1621905343
|move|p1a: Togekiss|Air Slash|p2a: Cobalion
|-damage|p2a: Cobalion|11/100 par
|cant|p2a: Cobalion|flinch
|
|upkeep
|turn|6
|
|t:|1621905348
|move|p1a: Togekiss|Air Slash|p2a: Cobalion
|-damage|p2a: Cobalion|0 fnt
|faint|p2a: Cobalion
|
|upkeep
|
|t:|1621905352
|switch|p2a: Darmanitan|Darmanitan, M|100/100
|turn|7
|
|t:|1621905360
|switch|p1a: Rhyperior|Rhyperior, M|100/100
|-damage|p1a: Rhyperior|94/100|[from] Stealth Rock
|move|p2a: Darmanitan|Flare Blitz|p1a: Rhyperior
|-resisted|p1a: Rhyperior
|-damage|p1a: Rhyperior|66/100
|-damage|p2a: Darmanitan|89/100|[from] Recoil
|
|-heal|p1a: Rhyperior|72/100|[from] item: Leftovers
|upkeep
|turn|8
|
|t:|1621905365
|switch|p2a: Rotom|Rotom-Mow|100/100
|move|p1a: Rhyperior|Stealth Rock|p2a: Rotom
|-sidestart|p2: Yolo gang|move: Stealth Rock
|
|-heal|p1a: Rhyperior|78/100|[from] item: Leftovers
|upkeep
|turn|9
|
|t:|1621905370
|switch|p1a: Roserade|Roserade, F, shiny|100/100
|-damage|p1a: Roserade|88/100|[from] Stealth Rock
|move|p2a: Rotom|Leaf Storm|p1a: Roserade|[miss]
|-miss|p2a: Rotom|p1a: Roserade
|
|-heal|p1a: Roserade|94/100|[from] item: Black Sludge
|upkeep
|turn|10
|
|t:|1621905377
|switch|p2a: Crobat|Crobat, F|65/100
|move|p1a: Roserade|Sleep Powder|p2a: Crobat
|-status|p2a: Crobat|slp|[from] move: Sleep Powder
|
|-heal|p1a: Roserade|100/100|[from] item: Black Sludge
|upkeep
|turn|11
|
|t:|1621905383
|switch|p1a: Tornadus|Tornadus, M, shiny|100/100
|cant|p2a: Crobat|slp
|
|upkeep
|turn|12
|
|t:|1621905388
|cant|p2a: Crobat|slp
|move|p1a: Tornadus|Knock Off|p2a: Crobat
|-damage|p2a: Crobat|37/100 slp
|-enditem|p2a: Crobat|Heavy-Duty Boots|[from] move: Knock Off|[of] p1a: Tornadus
|
|upkeep
|turn|13
|
|t:|1621905400
|cant|p2a: Crobat|slp
|move|p1a: Tornadus|Hurricane|p2a: Crobat
|-damage|p2a: Crobat|0 fnt
|faint|p2a: Crobat
|
|upkeep
|
|t:|1621905411
|switch|p2a: Rotom|Rotom-Mow|100/100
|-damage|p2a: Rotom|88/100|[from] Stealth Rock
|turn|14
|
|t:|1621905415
|switch|p1a: Roserade|Roserade, F, shiny|100/100
|-damage|p1a: Roserade|88/100|[from] Stealth Rock
|move|p2a: Rotom|Leaf Storm|p1a: Roserade
|-resisted|p1a: Roserade
|-damage|p1a: Roserade|63/100
|-unboost|p2a: Rotom|spa|2
|
|-heal|p1a: Roserade|69/100|[from] item: Black Sludge
|upkeep
|turn|15
|
|t:|1621905420
|switch|p2a: Mienshao|Mienshao, M|100/100
|-damage|p2a: Mienshao|95/100|[from] Stealth Rock
|move|p1a: Roserade|Spikes|p2a: Mienshao
|-sidestart|p2: Yolo gang|Spikes
|
|-heal|p1a: Roserade|76/100|[from] item: Black Sludge
|upkeep
|turn|16
|
|t:|1621905435
|switch|p1a: Togekiss|Togekiss, F|79/100
|move|p2a: Mienshao|Knock Off|p1a: Togekiss
|-resisted|p1a: Togekiss
|-damage|p1a: Togekiss|62/100
|-enditem|p1a: Togekiss|Heavy-Duty Boots|[from] move: Knock Off|[of] p2a: Mienshao
|-damage|p2a: Mienshao|85/100|[from] item: Life Orb
|
|upkeep
|turn|17
|
|t:|1621905441
|move|p2a: Mienshao|U-turn|p1a: Togekiss
|-resisted|p1a: Togekiss
|-damage|p1a: Togekiss|57/100
|-damage|p2a: Mienshao|75/100|[from] item: Life Orb
|
|t:|1621905444
|switch|p2a: Rotom|Rotom-Mow|88/100|[from]move: U-turn
|-damage|p2a: Rotom|76/100|[from] Stealth Rock
|move|p1a: Togekiss|Air Slash|p2a: Rotom
|-damage|p2a: Rotom|37/100
|
|upkeep
|turn|18
|
|t:|1621905454
|switch|p1a: Roserade|Roserade, F, shiny|76/100
|-damage|p1a: Roserade|63/100|[from] Stealth Rock
|move|p2a: Rotom|Volt Switch|p1a: Roserade
|-resisted|p1a: Roserade
|-damage|p1a: Roserade|34/100
|
|t:|1621905462
|switch|p2a: Darmanitan|Darmanitan, M|89/100|[from]move: Volt Switch
|-damage|p2a: Darmanitan|77/100|[from] Spikes
|-damage|p2a: Darmanitan|52/100|[from] Stealth Rock
|
|-heal|p1a: Roserade|40/100|[from] item: Black Sludge
|upkeep
|turn|19
|j| treecko04
|
|t:|1621905466
|move|p2a: Darmanitan|U-turn|p1a: Roserade
|-damage|p1a: Roserade|0 fnt
|faint|p1a: Roserade
|
|t:|1621905470
|switch|p2a: Mienshao|Mienshao, M|100/100|[from]move: U-turn
|-damage|p2a: Mienshao|95/100|[from] Stealth Rock
|-damage|p2a: Mienshao|82/100|[from] Spikes
|
|upkeep
|
|t:|1621905477
|switch|p1a: Togekiss|Togekiss, F|57/100
|-damage|p1a: Togekiss|32/100|[from] Stealth Rock
|turn|20
|
|t:|1621905483
|move|p2a: Mienshao|Fake Out|p1a: Togekiss
|-damage|p1a: Togekiss|20/100
|-damage|p2a: Mienshao|72/100|[from] item: Life Orb
|cant|p1a: Togekiss|flinch
|
|upkeep
|turn|21
|
|t:|1621905487
|move|p2a: Mienshao|High Jump Kick|p1a: Togekiss
|-resisted|p1a: Togekiss
|-damage|p1a: Togekiss|6/100
|-damage|p2a: Mienshao|62/100|[from] item: Life Orb
|move|p1a: Togekiss|Air Slash|p2a: Mienshao
|-supereffective|p2a: Mienshao
|-damage|p2a: Mienshao|0 fnt
|faint|p2a: Mienshao
|
|upkeep
|
|t:|1621905500
|switch|p2a: Rotom|Rotom-Mow|37/100
|-damage|p2a: Rotom|24/100|[from] Stealth Rock
|turn|22
|
|t:|1621905509
|move|p2a: Rotom|Volt Switch|p1a: Togekiss
|-supereffective|p1a: Togekiss
|-damage|p1a: Togekiss|0 fnt
|faint|p1a: Togekiss
|
|t:|1621905515
|switch|p2a: Mimikyu|Mimikyu, F|100/100|[from]move: Volt Switch
|-damage|p2a: Mimikyu|88/100|[from] Stealth Rock
|-damage|p2a: Mimikyu|76/100|[from] Spikes
|
|upkeep
|
|t:|1621905521
|switch|p1a: Tornadus|Tornadus, M, shiny|100/100
|turn|23
|
|t:|1621905536
|move|p1a: Tornadus|U-turn|p2a: Mimikyu
|-activate|p2a: Mimikyu|ability: Disguise
|-damage|p2a: Mimikyu|76/100
|detailschange|p2a: Mimikyu|Mimikyu-Busted, F
|-damage|p2a: Mimikyu|63/100|[from] pokemon: Mimikyu-Busted
|
|t:|1621905543
|switch|p1a: Porygon2|Porygon2, shiny|100/100|[from]move: U-turn
|-damage|p1a: Porygon2|88/100|[from] Stealth Rock
|move|p2a: Mimikyu|Swords Dance|p2a: Mimikyu
|-boost|p2a: Mimikyu|atk|2
|
|upkeep
|turn|24
|
|t:|1621905546
|move|p2a: Mimikyu|Drain Punch|p1a: Porygon2
|-supereffective|p1a: Porygon2
|-damage|p1a: Porygon2|12/100
|-heal|p2a: Mimikyu|100/100|[from] drain|[of] p1a: Porygon2
|-damage|p2a: Mimikyu|91/100|[from] item: Life Orb
|move|p1a: Porygon2|Ice Beam|p2a: Mimikyu
|-damage|p2a: Mimikyu|64/100
|
|upkeep
|turn|25
|
|t:|1621905552
|move|p2a: Mimikyu|Drain Punch|p1a: Porygon2
|-supereffective|p1a: Porygon2
|-damage|p1a: Porygon2|0 fnt
|-heal|p2a: Mimikyu|73/100|[from] drain|[of] p1a: Porygon2
|faint|p1a: Porygon2
|-damage|p2a: Mimikyu|63/100|[from] item: Life Orb
|
|upkeep
|
|t:|1621905556
|switch|p1a: Rhyperior|Rhyperior, M|78/100
|-damage|p1a: Rhyperior|72/100|[from] Stealth Rock
|turn|26
|
|t:|1621905561
|move|p2a: Mimikyu|Drain Punch|p1a: Rhyperior
|-supereffective|p1a: Rhyperior
|-damage|p1a: Rhyperior|25/100
|-heal|p2a: Mimikyu|100/100|[from] drain|[of] p1a: Rhyperior
|-damage|p2a: Mimikyu|91/100|[from] item: Life Orb
|move|p1a: Rhyperior|Earthquake|p2a: Mimikyu
|-damage|p2a: Mimikyu|9/100
|
|-heal|p1a: Rhyperior|31/100|[from] item: Leftovers
|upkeep
|turn|27
|
|t:|1621905567
|move|p2a: Mimikyu|Drain Punch|p1a: Rhyperior
|-supereffective|p1a: Rhyperior
|-damage|p1a: Rhyperior|0 fnt
|-heal|p2a: Mimikyu|36/100|[from] drain|[of] p1a: Rhyperior
|faint|p1a: Rhyperior
|-damage|p2a: Mimikyu|26/100|[from] item: Life Orb
|
|upkeep
|
|t:|1621905569
|switch|p1a: Tornadus|Tornadus, M, shiny|100/100
|turn|28
|
|t:|1621905574
|move|p2a: Mimikyu|Shadow Sneak|p1a: Tornadus
|-damage|p1a: Tornadus|30/100
|-damage|p2a: Mimikyu|16/100|[from] item: Life Orb
|move|p1a: Tornadus|Knock Off|p2a: Mimikyu
|-crit|p2a: Mimikyu
|-damage|p2a: Mimikyu|0 fnt
|-enditem|p2a: Mimikyu|Life Orb|[from] move: Knock Off|[of] p1a: Tornadus
|faint|p2a: Mimikyu
|
|upkeep
|
|t:|1621905578
|switch|p2a: Darmanitan|Darmanitan, M|52/100
|-damage|p2a: Darmanitan|27/100|[from] Stealth Rock
|-damage|p2a: Darmanitan|15/100|[from] Spikes
|turn|29
|
|t:|1621905585
|move|p1a: Tornadus|Tailwind|p1a: Tornadus
|-sidestart|p1: Glidinganteater|move: Tailwind
|move|p2a: Darmanitan|Rock Slide|p1a: Tornadus
|-supereffective|p1a: Tornadus
|-damage|p1a: Tornadus|0 fnt
|faint|p1a: Tornadus
|
|upkeep
|
|t:|1621905590
|switch|p1a: Heracross|Heracross, M|100/100
|-damage|p1a: Heracross|88/100|[from] Stealth Rock
|turn|30
|
|t:|1621905594
|move|p1a: Heracross|Close Combat|p2a: Darmanitan
|-damage|p2a: Darmanitan|0 fnt
|-unboost|p1a: Heracross|def|1
|-unboost|p1a: Heracross|spd|1
|faint|p2a: Darmanitan
|
|-status|p1a: Heracross|brn|[from] item: Flame Orb
|upkeep
|c|☆Glidinganteater|Gg
|
|t:|1621905598
|switch|p2a: Rotom|Rotom-Mow|24/100
|-damage|p2a: Rotom|12/100|[from] Stealth Rock
|turn|31
|c|☆Yolo gang|gg
|
|t:|1621905604
|move|p1a: Heracross|Close Combat|p2a: Rotom
|-damage|p2a: Rotom|0 fnt
|-unboost|p1a: Heracross|def|1
|-unboost|p1a: Heracross|spd|1
|faint|p2a: Rotom
|
|win|Glidinganteater
|raw|Glidinganteater's rating: 1485 &rarr; <strong>1496</strong><br />(+11 for winning)
|raw|Yolo gang's rating: 1318 &rarr; <strong>1307</strong><br />(-11 for losing)
|l|☆Yolo gang
