|j|☆D2Q
|j|☆purple mountains
|t:|1615931515
|player|p1|D2Q|2|1435
|player|p2|purple mountains|teammagmagruntf-gen3|1465
|teamsize|p1|6
|teamsize|p2|6
|gametype|singles
|gen|8
|tier|[Gen 8] RU
|rated|
|clearpoke
|poke|p1|Cloyster, M|
|poke|p1|Klefki, F|
|poke|p1|Metagross|
|poke|p1|Necrozma|
|poke|p1|Togekiss, M|
|poke|p1|Toxtricity, M|
|poke|p2|Mienshao, M|
|poke|p2|Raikou|
|poke|p2|Zarude|
|poke|p2|Gastrodon, F|
|poke|p2|Cobalion|
|poke|p2|Weezing-Galar, F|
|rule|Sleep Clause Mod: Limit one foe put to sleep
|rule|Species Clause: Limit one of each Pokémon
|rule|OHKO Clause: OHKO moves are banned
|rule|Evasion Moves Clause: Evasion moves are banned
|rule|Endless Battle Clause: Forcing endless battles is banned
|rule|HP Percentage Mod: HP is shown in percentages
|rule|Dynamax Clause: You cannot dynamax
|teampreview
|
|t:|1615931532
|start
|switch|p1a: Necrozma|Necrozma|100/100
|switch|p2a: Cobalion|Cobalion|100/100
|turn|1
|
|t:|1615931540
|move|p2a: Cobalion|Volt Switch|p1a: Necrozma
|-damage|p1a: Necrozma|86/100
|
|t:|1615931547
|switch|p2a: Zarude|Zarude|100/100|[from]move: Volt Switch
|move|p1a: Necrozma|Stealth Rock|p2a: Zarude
|-sidestart|p2: purple mountains|move: Stealth Rock
|
|upkeep
|turn|2
|inactive|Battle timer is ON: inactive players will automatically lose when time's up. (requested by purple mountains)
|
|t:|1615931618
|move|p2a: Zarude|Darkest Lariat|p1a: Necrozma
|-supereffective|p1a: Necrozma
|-crit|p1a: Necrozma
|-damage|p1a: Necrozma|0 fnt
|faint|p1a: Necrozma
|
|upkeep
|
|t:|1615931624
|switch|p1a: Togekiss|Togekiss, M|100/100
|turn|3
|
|t:|1615931644
|move|p1a: Togekiss|Trick|p2a: Zarude
|-activate|p1a: Togekiss|move: Trick|[of] p2a: Zarude
|-item|p2a: Zarude|Choice Scarf|[from] move: Trick
|-item|p1a: Togekiss|Heavy-Duty Boots|[from] move: Trick
|move|p2a: Zarude|U-turn|p1a: Togekiss
|-resisted|p1a: Togekiss
|-damage|p1a: Togekiss|94/100
|
|t:|1615931650
|switch|p2a: Cobalion|Cobalion|100/100|[from]move: U-turn
|-damage|p2a: Cobalion|97/100|[from] Stealth Rock
|
|upkeep
|turn|4
|
|t:|1615931678
|move|p2a: Cobalion|Stealth Rock|p1a: Togekiss
|-sidestart|p1: D2Q|move: Stealth Rock
|move|p1a: Togekiss|Fire Blast|p2a: Cobalion
|-supereffective|p2a: Cobalion
|-damage|p2a: Cobalion|5/100
|
|upkeep
|turn|5
|
|t:|1615931689
|switch|p1a: Klefki|Klefki, F|100/100
|-damage|p1a: Klefki|95/100|[from] Stealth Rock
|move|p2a: Cobalion|Iron Head|p1a: Klefki
|-damage|p1a: Klefki|59/100
|
|upkeep
|turn|6
|
|t:|1615931700
|move|p1a: Klefki|Reflect|p1a: Klefki
|-sidestart|p1: D2Q|Reflect
|move|p2a: Cobalion|Close Combat|p1a: Klefki
|-damage|p1a: Klefki|33/100
|-unboost|p2a: Cobalion|def|1
|-unboost|p2a: Cobalion|spd|1
|
|upkeep
|turn|7
|inactive|D2Q has 120 seconds left.
|inactive|D2Q has 90 seconds left.
|
|t:|1615931756
|move|p1a: Klefki|Spikes|p2a: Cobalion
|-sidestart|p2: purple mountains|Spikes
|move|p2a: Cobalion|Volt Switch|p1a: Klefki
|-damage|p1a: Klefki|22/100
|
|t:|1615931769
|switch|p2a: Raikou|Raikou|100/100|[from]move: Volt Switch
|-ability|p2a: Raikou|Pressure
|
|upkeep
|turn|8
|
|t:|1615931775
|move|p1a: Klefki|Light Screen|p1a: Klefki
|-sidestart|p1: D2Q|move: Light Screen
|move|p2a: Raikou|Thunderbolt|p1a: Klefki
|-damage|p1a: Klefki|5/100
|
|upkeep
|turn|9
|
|t:|1615931780
|move|p1a: Klefki|Spikes|p2a: Raikou
|-sidestart|p2: purple mountains|Spikes
|move|p2a: Raikou|Thunderbolt|p1a: Klefki
|-damage|p1a: Klefki|0 fnt
|faint|p1a: Klefki
|
|upkeep
|
|t:|1615931788
|switch|p1a: Metagross|Metagross|100/100
|-damage|p1a: Metagross|95/100|[from] Stealth Rock
|turn|10
|inactive|purple mountains has 120 seconds left.
|
|t:|1615931833
|move|p2a: Raikou|Thunderbolt|p1a: Metagross
|-damage|p1a: Metagross|68/100
|move|p1a: Metagross|Agility|p1a: Metagross
|-boost|p1a: Metagross|spe|2
|
|upkeep
|turn|11
|inactive|D2Q has 120 seconds left.
|
|t:|1615931844
|move|p1a: Metagross|Earthquake|p2a: Raikou
|-supereffective|p2a: Raikou
|-crit|p2a: Raikou
|-damage|p2a: Raikou|0 fnt
|faint|p2a: Raikou
|
|upkeep
|
|t:|1615931851
|switch|p2a: Gastrodon|Gastrodon, F|100/100
|-damage|p2a: Gastrodon|94/100|[from] Stealth Rock
|-damage|p2a: Gastrodon|78/100|[from] Spikes
|turn|12
|
|t:|1615931854
|move|p1a: Metagross|Earthquake|p2a: Gastrodon
|-damage|p2a: Gastrodon|44/100
|move|p2a: Gastrodon|Recover|p2a: Gastrodon
|-heal|p2a: Gastrodon|94/100
|
|-heal|p2a: Gastrodon|99/100|[from] item: Leftovers
|upkeep
|turn|13
|
|t:|1615931864
|move|p1a: Metagross|Earthquake|p2a: Gastrodon
|-damage|p2a: Gastrodon|66/100
|move|p2a: Gastrodon|Earth Power|p1a: Metagross
|-supereffective|p1a: Metagross
|-crit|p1a: Metagross
|-damage|p1a: Metagross|0 fnt
|faint|p1a: Metagross
|
|-heal|p2a: Gastrodon|72/100|[from] item: Leftovers
|-sideend|p1: D2Q|Reflect
|upkeep
|
|t:|1615931871
|switch|p1a: Cloyster|Cloyster, M|100/100
|-damage|p1a: Cloyster|76/100|[from] Stealth Rock
|turn|14
|
|t:|1615931873
|move|p1a: Cloyster|Shell Smash|p1a: Cloyster
|-unboost|p1a: Cloyster|def|1
|-unboost|p1a: Cloyster|spd|1
|-boost|p1a: Cloyster|atk|2
|-boost|p1a: Cloyster|spa|2
|-boost|p1a: Cloyster|spe|2
|move|p2a: Gastrodon|Clear Smog|p1a: Cloyster
|-damage|p1a: Cloyster|53/100
|-clearboost|p1a: Cloyster
|
|-heal|p2a: Gastrodon|78/100|[from] item: Leftovers
|upkeep
|turn|15
|inactive|D2Q has 120 seconds left.
|j| GeneralPanda101
|l| GeneralPanda101
|inactive|D2Q has 90 seconds left.
|inactive|D2Q has 60 seconds left.
|
|t:|1615931970
|move|p1a: Cloyster|Shell Smash|p1a: Cloyster
|-unboost|p1a: Cloyster|def|1
|-unboost|p1a: Cloyster|spd|1
|-boost|p1a: Cloyster|atk|2
|-boost|p1a: Cloyster|spa|2
|-boost|p1a: Cloyster|spe|2
|move|p2a: Gastrodon|Clear Smog|p1a: Cloyster
|-damage|p1a: Cloyster|31/100
|-clearboost|p1a: Cloyster
|
|-heal|p2a: Gastrodon|84/100|[from] item: Leftovers
|-sideend|p1: D2Q|move: Light Screen
|upkeep
|turn|16
|inactive|purple mountains has 120 seconds left.
|
|t:|1615932008
|move|p1a: Cloyster|Icicle Spear|p2a: Gastrodon
|-damage|p2a: Gastrodon|74/100
|-damage|p2a: Gastrodon|64/100
|-damage|p2a: Gastrodon|54/100
|-damage|p2a: Gastrodon|44/100
|-damage|p2a: Gastrodon|35/100
|-hitcount|p2a: Gastrodon|5
|move|p2a: Gastrodon|Earth Power|p1a: Cloyster
|-damage|p1a: Cloyster|0 fnt
|faint|p1a: Cloyster
|
|-heal|p2a: Gastrodon|41/100|[from] item: Leftovers
|upkeep
|inactive|D2Q has 60 seconds left.
|
|t:|1615932026
|switch|p1a: Toxtricity|Toxtricity, M|100/100
|-damage|p1a: Toxtricity|88/100|[from] Stealth Rock
|turn|17
|inactive|purple mountains has 90 seconds left.
|inactive|purple mountains has 60 seconds left.
|inactive|purple mountains has 30 seconds left.
|inactive|purple mountains has 20 seconds left.
|inactive|purple mountains has 15 seconds left.
|inactive|purple mountains has 10 seconds left.
|inactive|purple mountains has 5 seconds left.
|
|t:|1615932144
|move|p1a: Toxtricity|Boomburst|p2a: Gastrodon
|-damage|p2a: Gastrodon|0 fnt
|-enditem|p1a: Toxtricity|Throat Spray
|-boost|p1a: Toxtricity|spa|1|[from] item: Throat Spray
|faint|p2a: Gastrodon
|
|upkeep
|inactive|purple mountains has 10 seconds left this turn.
|inactive|purple mountains has 5 seconds left.
|
|t:|1615932152
|switch|p2a: Zarude|Zarude|100/100
|-damage|p2a: Zarude|88/100|[from] Stealth Rock
|-damage|p2a: Zarude|72/100|[from] Spikes
|turn|18
|inactive|purple mountains has 15 seconds left this turn.
|
|t:|1615932156
|move|p2a: Zarude|Darkest Lariat|p1a: Toxtricity
|-damage|p1a: Toxtricity|18/100
|move|p1a: Toxtricity|Shift Gear|p1a: Toxtricity
|-boost|p1a: Toxtricity|spe|2
|-boost|p1a: Toxtricity|atk|1
|
|upkeep
|turn|19
|inactive|purple mountains has 25 seconds left this turn.
|
|t:|1615932161
|move|p1a: Toxtricity|Sludge Wave|p2a: Zarude
|-supereffective|p2a: Zarude
|-damage|p2a: Zarude|0 fnt
|faint|p2a: Zarude
|
|upkeep
|inactive|purple mountains has 30 seconds left this turn.
|
|t:|1615932164
|switch|p2a: Mienshao|Mienshao, M|100/100
|-damage|p2a: Mienshao|84/100|[from] Spikes
|-damage|p2a: Mienshao|78/100|[from] Stealth Rock
|turn|20
|
|t:|1615932170
|move|p1a: Toxtricity|Boomburst|p2a: Mienshao
|-damage|p2a: Mienshao|0 fnt
|faint|p2a: Mienshao
|
|upkeep
|-message|purple mountains forfeited.
|
|win|D2Q
|l|☆purple mountains
|raw|D2Q's rating: 1418 &rarr; <strong>1441</strong><br />(+23 for winning)
|raw|purple mountains's rating: 1465 &rarr; <strong>1442</strong><br />(-23 for losing)
|c|☆D2Q|Gg
||Ladder (probably) updated, but score could not be retrieved (Request timeout).
