|j|☆Jmash324
|j|☆Testinganteater
|inactive|Battle timer is ON: inactive players will automatically lose when time's up.
|t:|1625190095
|gametype|singles
|player|p1|Jmash324|lucas|
|player|p2|Testinganteater|pokemaniac|
|teamsize|p1|6
|teamsize|p2|6
|gen|8
|tier|[Gen 8] RU
|rated|Tournament battle
|rule|Sleep Clause Mod: Limit one foe put to sleep
|rule|Species Clause: Limit one of each Pokémon
|rule|OHKO Clause: OHKO moves are banned
|rule|Evasion Moves Clause: Evasion moves are banned
|rule|Endless Battle Clause: Forcing endless battles is banned
|rule|HP Percentage Mod: HP is shown in percentages
|rule|Dynamax Clause: You cannot dynamax
|clearpoke
|poke|p1|Ninetales-Alola, M|
|poke|p1|Arctozolt|
|poke|p1|Flygon, F|
|poke|p1|Crobat, F|
|poke|p1|Golisopod, M|
|poke|p1|Incineroar, F|
|poke|p2|Dragalge, M|
|poke|p2|Celebi|
|poke|p2|Steelix, M|
|poke|p2|Mienshao, M|
|poke|p2|Togekiss, F|
|poke|p2|Volcanion|
|teampreview
|
|t:|1625190124
|start
|switch|p1a: Crystal|Ninetales-Alola, M|100/100
|switch|p2a: Steelix|Steelix, M|100/100
|-weather|Hail|[from] ability: Snow Warning|[of] p1a: Crystal
|turn|1
|
|t:|1625190141
|switch|p1a: Ya Boi|Golisopod, M|100/100
|move|p2a: Steelix|Toxic|p1a: Ya Boi
|-status|p1a: Ya Boi|tox
|
|-weather|Hail|[upkeep]
|-damage|p1a: Ya Boi|94/100 tox|[from] Hail
|-damage|p2a: Steelix|94/100|[from] Hail
|-heal|p2a: Steelix|100/100|[from] item: Leftovers
|-damage|p1a: Ya Boi|88/100 tox|[from] psn
|upkeep
|turn|2
|
|t:|1625190155
|switch|p2a: Volcanion|Volcanion|100/100
|move|p1a: Ya Boi|Spikes|p2a: Volcanion
|-sidestart|p2: Testinganteater|Spikes
|
|-weather|Hail|[upkeep]
|-damage|p2a: Volcanion|95/100|[from] Hail
|-damage|p1a: Ya Boi|82/100 tox|[from] Hail
|-damage|p1a: Ya Boi|70/100 tox|[from] psn
|upkeep
|turn|3
|
|t:|1625190162
|switch|p1a: Go-Goggles|Flygon, F|100/100
|move|p2a: Volcanion|Defog|p1a: Go-Goggles
|-unboost|p1a: Go-Goggles|evasion|1
|-sideend|p2: Testinganteater|Spikes|[from] move: Defog|[of] p2a: Volcanion
|
|-weather|Hail|[upkeep]
|-damage|p1a: Go-Goggles|94/100|[from] Hail
|-damage|p2a: Volcanion|89/100|[from] Hail
|-heal|p1a: Go-Goggles|100/100|[from] item: Leftovers
|upkeep
|turn|4
|
|t:|1625190183
|move|p1a: Go-Goggles|Earthquake|p2a: Volcanion
|-supereffective|p2a: Volcanion
|-damage|p2a: Volcanion|8/100
|move|p2a: Volcanion|Steam Eruption|p1a: Go-Goggles
|-damage|p1a: Go-Goggles|35/100
|
|-weather|Hail|[upkeep]
|-damage|p1a: Go-Goggles|29/100|[from] Hail
|-damage|p2a: Volcanion|2/100|[from] Hail
|-heal|p1a: Go-Goggles|35/100|[from] item: Leftovers
|upkeep
|turn|5
|
|t:|1625190198
|move|p1a: Go-Goggles|U-turn|p2a: Volcanion
|-resisted|p2a: Volcanion
|-damage|p2a: Volcanion|0 fnt
|faint|p2a: Volcanion
|inactive|Jmash324 has 120 seconds left.
|
|t:|1625190229
|switch|p1a: X-Wing|Crobat, F|100/100|[from]move: U-turn
|
|-weather|Hail|[upkeep]
|-damage|p1a: X-Wing|94/100|[from] Hail
|upkeep
|
|t:|1625190246
|switch|p2a: Steelix|Steelix, M|100/100
|turn|6
|inactive|Testinganteater has 120 seconds left.
|j| Laperers
|
|t:|1625190263
|move|p1a: X-Wing|Heat Wave|p2a: Steelix
|-supereffective|p2a: Steelix
|-damage|p2a: Steelix|61/100
|move|p2a: Steelix|Heavy Slam|p1a: X-Wing
|-damage|p1a: X-Wing|45/100
|
|-weather|Hail|[upkeep]
|-damage|p1a: X-Wing|39/100|[from] Hail
|-damage|p2a: Steelix|55/100|[from] Hail
|-heal|p2a: Steelix|61/100|[from] item: Leftovers
|upkeep
|turn|7
|j| Mertook
|
|t:|1625190278
|switch|p1a: Ya Boi|Golisopod, M|70/100 tox
|switch|p2a: Dragalge|Dragalge, M, shiny|100/100
|
|-weather|Hail|[upkeep]
|-damage|p2a: Dragalge|95/100|[from] Hail
|-damage|p1a: Ya Boi|64/100 tox|[from] Hail
|-damage|p1a: Ya Boi|58/100 tox|[from] psn
|upkeep
|turn|8
|
|t:|1625190289
|move|p2a: Dragalge|Sludge Bomb|p1a: Ya Boi
|-damage|p1a: Ya Boi|4/100 tox
|-activate|p1a: Ya Boi|ability: Emergency Exit
|
|t:|1625190297
|switch|p1a: Go-Goggles|Flygon, F|35/100
|
|-weather|none
|-heal|p1a: Go-Goggles|41/100|[from] item: Leftovers
|upkeep
|turn|9
|
|t:|1625190308
|switch|p2a: Mienshao|Mienshao, M|100/100
|move|p1a: Go-Goggles|U-turn|p2a: Mienshao
|-resisted|p2a: Mienshao
|-damage|p2a: Mienshao|84/100
|
|t:|1625190318
|switch|p1a: Crystal|Ninetales-Alola, M|100/100|[from]move: U-turn
|-weather|Hail|[from] ability: Snow Warning|[of] p1a: Crystal
|
|-weather|Hail|[upkeep]
|-damage|p2a: Mienshao|78/100|[from] Hail
|upkeep
|turn|10
|
|t:|1625190340
|switch|p2a: Celebi|Celebi|100/100
|switch|p1a: Ya Boi|Golisopod, M|4/100 tox
|
|-weather|Hail|[upkeep]
|-damage|p2a: Celebi|94/100|[from] Hail
|-damage|p1a: Ya Boi|0 fnt|[from] Hail
|faint|p1a: Ya Boi
|upkeep
|inactive|Jmash324 has 120 seconds left.
|
|t:|1625190378
|switch|p1a: Incineroar|Incineroar, F|100/100
|-ability|p1a: Incineroar|Intimidate|boost
|-unboost|p2a: Celebi|atk|1
|turn|11
|
|t:|1625190399
|move|p2a: Celebi|Thunder Wave|p1a: Incineroar
|-status|p1a: Incineroar|par
|move|p1a: Incineroar|Knock Off|p2a: Celebi
|-supereffective|p2a: Celebi
|-damage|p2a: Celebi|32/100
|-enditem|p2a: Celebi|Heavy-Duty Boots|[from] move: Knock Off|[of] p1a: Incineroar
|
|-weather|Hail|[upkeep]
|-damage|p2a: Celebi|26/100|[from] Hail
|-damage|p1a: Incineroar|94/100 par|[from] Hail
|upkeep
|turn|12
|
|t:|1625190409
|move|p2a: Celebi|Recover|p2a: Celebi
|-heal|p2a: Celebi|76/100
|move|p1a: Incineroar|Parting Shot|p2a: Celebi
|-unboost|p2a: Celebi|atk|1
|-unboost|p2a: Celebi|spa|1
|
|t:|1625190424
|switch|p1a: Slushie|Arctozolt|100/100|[from]move: Parting Shot
|
|-weather|Hail|[upkeep]
|-damage|p2a: Celebi|70/100|[from] Hail
|upkeep
|turn|13
|
|t:|1625190445
|move|p1a: Slushie|Blizzard|p2a: Celebi
|-supereffective|p2a: Celebi
|-damage|p2a: Celebi|0 fnt
|faint|p2a: Celebi
|-damage|p1a: Slushie|91/100|[from] item: Life Orb
|
|-weather|Hail|[upkeep]
|upkeep
|
|t:|1625190451
|switch|p2a: Mienshao|Mienshao, M|100/100
|turn|14
|inactive|Jmash324 has 120 seconds left.
|
|t:|1625190464
|switch|p1a: Go-Goggles|Flygon, F|41/100
|move|p2a: Mienshao|Stone Edge|p1a: Go-Goggles
|-resisted|p1a: Go-Goggles
|-damage|p1a: Go-Goggles|24/100
|
|-weather|Hail|[upkeep]
|-damage|p2a: Mienshao|95/100|[from] Hail
|-damage|p1a: Go-Goggles|17/100|[from] Hail
|-heal|p1a: Go-Goggles|24/100|[from] item: Leftovers
|upkeep
|turn|15
|
|t:|1625190477
|switch|p2a: Togekiss|Togekiss, F|100/100
|move|p1a: Go-Goggles|Roost|p1a: Go-Goggles
|-heal|p1a: Go-Goggles|74/100
|-singleturn|p1a: Go-Goggles|move: Roost
|
|-weather|Hail|[upkeep]
|-damage|p1a: Go-Goggles|67/100|[from] Hail
|-damage|p2a: Togekiss|94/100|[from] Hail
|-heal|p1a: Go-Goggles|74/100|[from] item: Leftovers
|upkeep
|turn|16
|
|t:|1625190485
|switch|p2a: Mienshao|Mienshao, M|100/100
|move|p1a: Go-Goggles|U-turn|p2a: Mienshao
|-resisted|p2a: Mienshao
|-damage|p2a: Mienshao|83/100
|
|t:|1625190490
|switch|p1a: Incineroar|Incineroar, F|94/100 par|[from]move: U-turn
|-ability|p1a: Incineroar|Intimidate|boost
|-unboost|p2a: Mienshao|atk|1
|
|-weather|none
|upkeep
|turn|17
|
|t:|1625190496
|move|p2a: Mienshao|U-turn|p1a: Incineroar
|-damage|p1a: Incineroar|80/100 par
|
|t:|1625190501
|switch|p2a: Togekiss|Togekiss, F|94/100|[from]move: U-turn
|move|p1a: Incineroar|Knock Off|p2a: Togekiss
|-resisted|p2a: Togekiss
|-damage|p2a: Togekiss|81/100
|-enditem|p2a: Togekiss|Heavy-Duty Boots|[from] move: Knock Off|[of] p1a: Incineroar
|
|upkeep
|turn|18
|
|t:|1625190517
|switch|p1a: Crystal|Ninetales-Alola, M|100/100
|-weather|Hail|[from] ability: Snow Warning|[of] p1a: Crystal
|move|p2a: Togekiss|Thunder Wave|p1a: Crystal
|-status|p1a: Crystal|par
|
|-weather|Hail|[upkeep]
|-damage|p2a: Togekiss|75/100|[from] Hail
|upkeep
|turn|19
|
|t:|1625190527
|switch|p1a: Slushie|Arctozolt|91/100
|move|p2a: Togekiss|Air Slash|p1a: Slushie
|-resisted|p1a: Slushie
|-damage|p1a: Slushie|70/100
|
|-weather|Hail|[upkeep]
|-damage|p2a: Togekiss|69/100|[from] Hail
|upkeep
|turn|20
|
|t:|1625190537
|switch|p2a: Dragalge|Dragalge, M, shiny|95/100
|move|p1a: Slushie|Blizzard|p2a: Dragalge
|-supereffective|p2a: Dragalge
|-damage|p2a: Dragalge|14/100
|-damage|p1a: Slushie|60/100|[from] item: Life Orb
|
|-weather|Hail|[upkeep]
|-damage|p2a: Dragalge|8/100|[from] Hail
|upkeep
|turn|21
|
|t:|1625190551
|move|p1a: Slushie|Blizzard|p2a: Dragalge
|-supereffective|p2a: Dragalge
|-damage|p2a: Dragalge|0 fnt
|faint|p2a: Dragalge
|-damage|p1a: Slushie|50/100|[from] item: Life Orb
|
|-weather|Hail|[upkeep]
|upkeep
|
|t:|1625190555
|switch|p2a: Mienshao|Mienshao, M|100/100
|turn|22
|
|t:|1625190570
|switch|p1a: Go-Goggles|Flygon, F|74/100
|move|p2a: Mienshao|Close Combat|p1a: Go-Goggles
|-damage|p1a: Go-Goggles|11/100
|-unboost|p2a: Mienshao|def|1
|-unboost|p2a: Mienshao|spd|1
|
|-weather|Hail|[upkeep]
|-damage|p2a: Mienshao|95/100|[from] Hail
|-damage|p1a: Go-Goggles|5/100|[from] Hail
|-heal|p1a: Go-Goggles|11/100|[from] item: Leftovers
|upkeep
|turn|23
|
|t:|1625190575
|move|p2a: Mienshao|Close Combat|p1a: Go-Goggles
|-damage|p1a: Go-Goggles|0 fnt
|-unboost|p2a: Mienshao|def|1
|-unboost|p2a: Mienshao|spd|1
|faint|p1a: Go-Goggles
|
|-weather|Hail|[upkeep]
|-damage|p2a: Mienshao|89/100|[from] Hail
|upkeep
|
|t:|1625190576
|switch|p1a: X-Wing|Crobat, F|39/100
|turn|24
|
|t:|1625190597
|switch|p2a: Togekiss|Togekiss, F|69/100
|move|p1a: X-Wing|Nasty Plot|p1a: X-Wing
|-boost|p1a: X-Wing|spa|2
|
|-weather|Hail|[upkeep]
|-damage|p1a: X-Wing|33/100|[from] Hail
|-damage|p2a: Togekiss|63/100|[from] Hail
|upkeep
|turn|25
|
|t:|1625190608
|move|p1a: X-Wing|Sludge Bomb|p2a: Togekiss
|-supereffective|p2a: Togekiss
|-damage|p2a: Togekiss|0 fnt
|faint|p2a: Togekiss
|
|-weather|none
|upkeep
|
|t:|1625190612
|switch|p2a: Mienshao|Mienshao, M|100/100
|turn|26
|
|t:|1625190633
|switch|p1a: Slushie|Arctozolt|50/100
|move|p2a: Mienshao|Stone Edge|p1a: Slushie|[miss]
|-miss|p2a: Mienshao|p1a: Slushie
|
|upkeep
|turn|27
|
|t:|1625190643
|move|p2a: Mienshao|Stone Edge|p1a: Slushie
|-supereffective|p1a: Slushie
|-damage|p1a: Slushie|0 fnt
|faint|p1a: Slushie
|
|upkeep
|
|t:|1625190644
|switch|p1a: Incineroar|Incineroar, F|80/100 par
|-ability|p1a: Incineroar|Intimidate|boost
|-unboost|p2a: Mienshao|atk|1
|turn|28
|
|t:|1625190655
|switch|p2a: Steelix|Steelix, M|61/100
|cant|p1a: Incineroar|par
|
|-heal|p2a: Steelix|67/100|[from] item: Leftovers
|upkeep
|turn|29
|inactive|Jmash324 has 120 seconds left.
|
|t:|1625190711
|switch|p2a: Mienshao|Mienshao, M|100/100
|switch|p1a: X-Wing|Crobat, F|33/100
|
|upkeep
|turn|30
|inactive|Jmash324 has 90 seconds left.
|
|t:|1625190743
|switch|p1a: Crystal|Ninetales-Alola, M|100/100 par
|-weather|Hail|[from] ability: Snow Warning|[of] p1a: Crystal
|move|p2a: Mienshao|Stone Edge|p1a: Crystal|[miss]
|-miss|p2a: Mienshao|p1a: Crystal
|
|-weather|Hail|[upkeep]
|-damage|p2a: Mienshao|95/100|[from] Hail
|upkeep
|turn|31
|
|t:|1625190753
|move|p2a: Mienshao|Stone Edge|p1a: Crystal
|-supereffective|p1a: Crystal
|-damage|p1a: Crystal|1/100 par
|move|p1a: Crystal|Moonblast|p2a: Mienshao
|-supereffective|p2a: Mienshao
|-damage|p2a: Mienshao|0 fnt
|faint|p2a: Mienshao
|
|-weather|Hail|[upkeep]
|upkeep
|c| Laperers|Unlucky
|-message|Testinganteater forfeited.
|
|win|Jmash324
|n|☆Jmash324|jmash324
|n|☆Testinganteater|testinganteater
|n| Laperers|laperers
|n| Mertook|mertook
|l|☆Testinganteater
|l| Laperers
|l|☆Jmash324
|l| Mertook
|j| yourwelcomethank
