|j|☆Guybackstage
|j|☆Kyerndo
|t:|1646785988
|gametype|singles
|player|p1|Guybackstage|cameraman|1425
|player|p2|Kyerndo|265|1416
|teamsize|p1|6
|teamsize|p2|6
|gen|8
|tier|[Gen 8] RU
|rated|
|rule|Sleep Clause Mod: Limit one foe put to sleep
|rule|Species Clause: Limit one of each Pokémon
|rule|OHKO Clause: OHKO moves are banned
|rule|Evasion Moves Clause: Evasion moves are banned
|rule|Endless Battle Clause: Forcing endless battles is banned
|rule|HP Percentage Mod: HP is shown in percentages
|rule|Dynamax Clause: You cannot dynamax
|clearpoke
|poke|p1|Natu, F|
|poke|p1|Snorlax, M|
|poke|p1|Marowak-Alola, F|
|poke|p1|Porygon2|
|poke|p1|Pangoro, F|
|poke|p1|Whimsicott, F|
|poke|p2|Marowak-Alola, M|
|poke|p2|Dragalge, F|
|poke|p2|Copperajah, F|
|poke|p2|Bronzong|
|poke|p2|Cresselia, F|
|poke|p2|Diancie|
|teampreview
|
|t:|1646786001
|start
|switch|p1a: Natu|Natu, F|100/100
|switch|p2a: Diancie|Diancie|100/100
|turn|1
|inactive|Battle timer is ON: inactive players will automatically lose when time's up. (requested by Guybackstage)
|c|☆Kyerndo|I don't if I should trick room or not .-.
|c|☆Kyerndo|*know
|
|t:|1646786037
|move|p2a: Diancie|Diamond Storm|p1a: Natu
|-supereffective|p1a: Natu
|-enditem|p1a: Natu|Focus Sash
|-damage|p1a: Natu|1/100
|-boost|p2a: Diancie|def|2
|move|p1a: Natu|Trick Room|p1a: Natu
|-fieldstart|move: Trick Room|[of] p1a: Natu
|
|upkeep
|turn|2
|
|t:|1646786047
|move|p2a: Diancie|Diamond Storm|p1a: Natu
|-supereffective|p1a: Natu
|-damage|p1a: Natu|0 fnt
|-boost|p2a: Diancie|def|2
|faint|p1a: Natu
|
|upkeep
|
|t:|1646786059
|switch|p1a: Snorlax|Snorlax, M, shiny|100/100
|turn|3
|
|t:|1646786064
|switch|p2a: Cresselia|Cresselia, F|100/100
|move|p1a: Snorlax|Earthquake|p2a: Cresselia
|-immune|p2a: Cresselia|[from] ability: Levitate
|
|upkeep
|turn|4
|
|t:|1646786076
|switch|p1a: Porygon2|Porygon2, shiny|100/100
|-ability|p1a: Porygon2|Levitate|[from] ability: Trace|[of] p2a: Cresselia
|move|p2a: Cresselia|Toxic|p1a: Porygon2
|-status|p1a: Porygon2|tox
|
|-damage|p1a: Porygon2|94/100 tox|[from] psn
|upkeep
|turn|5
|
|t:|1646786095
|switch|p2a: Diancie|Diancie|100/100
|move|p1a: Porygon2|Ice Beam|p2a: Diancie
|-damage|p2a: Diancie|88/100
|
|-damage|p1a: Porygon2|82/100 tox|[from] psn
|-fieldend|move: Trick Room
|upkeep
|turn|6
|
|t:|1646786103
|move|p2a: Diancie|Stealth Rock|p1a: Porygon2
|-sidestart|p1: Guybackstage|move: Stealth Rock
|move|p1a: Porygon2|Trick Room|p1a: Porygon2
|-fieldstart|move: Trick Room|[of] p1a: Porygon2
|
|-damage|p1a: Porygon2|64/100 tox|[from] psn
|upkeep
|turn|7
|
|t:|1646786115
|move|p1a: Porygon2|Teleport|p1a: Porygon2
|
|t:|1646786120
|switch|p1a: Pangoro|Pangoro, F, shiny|100/100|[from]move: Teleport
|-damage|p1a: Pangoro|94/100|[from] Stealth Rock
|move|p2a: Diancie|Trick Room|p2a: Diancie
|-fieldend|move: Trick Room
|
|upkeep
|turn|8
|
|t:|1646786130
|move|p1a: Pangoro|Iron Head|p2a: Diancie
|-supereffective|p2a: Diancie
|-damage|p2a: Diancie|0 fnt
|faint|p2a: Diancie
|-damage|p1a: Pangoro|84/100|[from] item: Life Orb
|
|upkeep
|
|t:|1646786137
|switch|p2a: Bronzong|Bronzong|100/100
|turn|9
|
|t:|1646786141
|move|p1a: Pangoro|Knock Off|p2a: Bronzong
|-supereffective|p2a: Bronzong
|-enditem|p2a: Bronzong|Colbur Berry|[eat]
|-enditem|p2a: Bronzong|Colbur Berry|[weaken]
|-damage|p2a: Bronzong|39/100
|-damage|p1a: Pangoro|75/100|[from] item: Life Orb
|move|p2a: Bronzong|Trick Room|p2a: Bronzong
|-fieldstart|move: Trick Room|[of] p2a: Bronzong
|
|upkeep
|turn|10
|
|t:|1646786162
|switch|p1a: Marowak|Marowak-Alola, F|100/100
|-damage|p1a: Marowak|76/100|[from] Stealth Rock
|move|p2a: Bronzong|Explosion|p1a: Marowak
|-immune|p1a: Marowak
|faint|p2a: Bronzong
|
|upkeep
|
|t:|1646786166
|switch|p2a: Marowak|Marowak-Alola, M|100/100
|turn|11
|
|t:|1646786174
|move|p1a: Marowak|Bonemerang|p2a: Marowak
|-supereffective|p2a: Marowak
|-damage|p2a: Marowak|44/100
|-supereffective|p2a: Marowak
|-crit|p2a: Marowak
|-damage|p2a: Marowak|0 fnt
|faint|p2a: Marowak
|-hitcount|p2: Marowak|2
|
|upkeep
|
|t:|1646786180
|switch|p2a: Dragalge|Dragalge, F|100/100
|turn|12
|
|t:|1646786185
|move|p2a: Dragalge|Dragon Pulse|p1a: Marowak
|-damage|p1a: Marowak|0 fnt
|faint|p1a: Marowak
|
|upkeep
|
|t:|1646786192
|switch|p1a: Snorlax|Snorlax, M, shiny|100/100
|-damage|p1a: Snorlax|88/100|[from] Stealth Rock
|turn|13
|
|t:|1646786197
|switch|p2a: Cresselia|Cresselia, F|100/100
|move|p1a: Snorlax|Body Slam|p2a: Cresselia
|-damage|p2a: Cresselia|66/100
|
|-fieldend|move: Trick Room
|upkeep
|turn|14
|
|t:|1646786210
|switch|p1a: Porygon2|Porygon2, shiny|64/100 tox
|-damage|p1a: Porygon2|51/100 tox|[from] Stealth Rock
|-ability|p1a: Porygon2|Levitate|[from] ability: Trace|[of] p2a: Cresselia
|move|p2a: Cresselia|Trick Room|p2a: Cresselia
|-fieldstart|move: Trick Room|[of] p2a: Cresselia
|
|-damage|p1a: Porygon2|45/100 tox|[from] psn
|upkeep
|turn|15
|
|t:|1646786220
|switch|p2a: Copperajah|Copperajah, F|100/100
|move|p1a: Porygon2|Recover|p1a: Porygon2
|-heal|p1a: Porygon2|95/100 tox
|
|-damage|p1a: Porygon2|83/100 tox|[from] psn
|upkeep
|turn|16
|
|t:|1646786228
|move|p2a: Copperajah|Iron Head|p1a: Porygon2
|-damage|p1a: Porygon2|38/100 tox
|move|p1a: Porygon2|Teleport|p1a: Porygon2
|
|t:|1646786236
|switch|p1a: Pangoro|Pangoro, F, shiny|75/100|[from]move: Teleport
|-damage|p1a: Pangoro|68/100|[from] Stealth Rock
|
|upkeep
|turn|17
|
|t:|1646786241
|move|p2a: Copperajah|Iron Head|p1a: Pangoro
|-damage|p1a: Pangoro|0 fnt
|faint|p1a: Pangoro
|
|upkeep
|
|t:|1646786247
|switch|p1a: Snorlax|Snorlax, M, shiny|88/100
|-damage|p1a: Snorlax|76/100|[from] Stealth Rock
|turn|18
|
|t:|1646786251
|move|p2a: Copperajah|Iron Head|p1a: Snorlax
|-damage|p1a: Snorlax|3/100
|move|p1a: Snorlax|Earthquake|p2a: Copperajah
|-supereffective|p2a: Copperajah
|-damage|p2a: Copperajah|0 fnt
|faint|p2a: Copperajah
|
|-fieldend|move: Trick Room
|upkeep
|
|t:|1646786259
|switch|p2a: Cresselia|Cresselia, F|66/100
|turn|19
|-message|Guybackstage forfeited.
|
|win|Kyerndo
|raw|Guybackstage's rating: 1425 &rarr; <strong>1404</strong><br />(-21 for losing)
|raw|Kyerndo's rating: 1416 &rarr; <strong>1437</strong><br />(+21 for winning)
|l|☆Guybackstage
||Ladder isn't responding, score probably updated but might not have (Request timeout).
