|j|☆Schwilles
|j|☆Testinganteater
|t:|1659816245
|gametype|singles
|player|p1|Schwilles|fisherman-gen4|1445
|player|p2|Testinganteater|juggler|1309
|teamsize|p1|6
|teamsize|p2|6
|gen|8
|tier|[Gen 8] RU
|rated|
|rule|Sleep Clause Mod: Limit one foe put to sleep
|rule|Species Clause: Limit one of each Pokémon
|rule|OHKO Clause: OHKO moves are banned
|rule|Evasion Items Clause: Evasion items are banned
|rule|Evasion Moves Clause: Evasion moves are banned
|rule|Endless Battle Clause: Forcing endless battles is banned
|rule|HP Percentage Mod: HP is shown in percentages
|rule|Dynamax Clause: You cannot dynamax
|clearpoke
|poke|p1|Entei|
|poke|p1|Gardevoir, F|
|poke|p1|Registeel|
|poke|p1|Xurkitree|
|poke|p1|Flygon, F|
|poke|p1|Cloyster, M|
|poke|p2|Sigilyph, M|
|poke|p2|Milotic, F|
|poke|p2|Dhelmise|
|poke|p2|Registeel|
|poke|p2|Flygon, M|
|poke|p2|Umbreon, M|
|teampreview
|inactive|Battle timer is ON: inactive players will automatically lose when time's up. (requested by Schwilles)
|
|t:|1659816253
|start
|switch|p1a: Entei|Entei|100/100
|switch|p2a: Milotic|Milotic, F|100/100
|turn|1
|
|t:|1659816259
|switch|p1a: Xurkitree|Xurkitree|100/100
|move|p2a: Milotic|Flip Turn|p1a: Xurkitree
|-damage|p1a: Xurkitree|83/100
|
|t:|1659816263
|switch|p2a: Flygon|Flygon, M, shiny|100/100|[from]move: Flip Turn
|
|upkeep
|turn|2
|
|t:|1659816276
|move|p2a: Flygon|U-turn|p1a: Xurkitree
|-damage|p1a: Xurkitree|55/100
|
|t:|1659816282
|switch|p2a: Dhelmise|Dhelmise|100/100|[from]move: U-turn
|move|p1a: Xurkitree|Dazzling Gleam|p2a: Dhelmise
|-damage|p2a: Dhelmise|59/100
|
|upkeep
|turn|3
|
|t:|1659816296
|switch|p1a: Entei|Entei|100/100
|move|p2a: Dhelmise|Synthesis|p2a: Dhelmise
|-heal|p2a: Dhelmise|100/100
|
|upkeep
|turn|4
|
|t:|1659816301
|switch|p2a: Milotic|Milotic, F|100/100
|move|p1a: Entei|Sacred Fire|p2a: Milotic
|-resisted|p2a: Milotic
|-damage|p2a: Milotic|71/100
|
|upkeep
|turn|5
|
|t:|1659816313
|switch|p1a: Flygon|Flygon, F|100/100
|move|p2a: Milotic|Scald|p1a: Flygon
|-damage|p1a: Flygon|63/100
|
|upkeep
|turn|6
|
|t:|1659816318
|move|p1a: Flygon|Dragon Dance|p1a: Flygon
|-boost|p1a: Flygon|atk|1
|-boost|p1a: Flygon|spe|1
|move|p2a: Milotic|Recover|p2a: Milotic
|-heal|p2a: Milotic|100/100
|
|upkeep
|turn|7
|
|t:|1659816335
|move|p1a: Flygon|Earthquake|p2a: Milotic
|-damage|p2a: Milotic|28/100
|-damage|p1a: Flygon|53/100|[from] item: Life Orb
|move|p2a: Milotic|Haze|p2a: Milotic
|-clearallboost
|
|upkeep
|turn|8
|
|t:|1659816338
|move|p1a: Flygon|Earthquake|p2a: Milotic
|-damage|p2a: Milotic|0 fnt
|faint|p2a: Milotic
|-damage|p1a: Flygon|43/100|[from] item: Life Orb
|
|upkeep
|
|t:|1659816346
|switch|p2a: Dhelmise|Dhelmise|100/100
|turn|9
|
|t:|1659816358
|move|p1a: Flygon|U-turn|p2a: Dhelmise
|-damage|p2a: Dhelmise|72/100
|-damage|p1a: Flygon|33/100|[from] item: Life Orb
|
|t:|1659816365
|switch|p1a: Entei|Entei|100/100|[from]move: U-turn
|move|p2a: Dhelmise|Poltergeist|p1a: Entei
|-activate|p1a: Entei|move: Poltergeist|Choice Band
|-damage|p1a: Entei|37/100
|
|upkeep
|turn|10
|
|t:|1659816370
|switch|p2a: Flygon|Flygon, M, shiny|100/100
|move|p1a: Entei|Sacred Fire|p2a: Flygon
|-resisted|p2a: Flygon
|-damage|p2a: Flygon|48/100
|
|upkeep
|turn|11
|
|t:|1659816382
|move|p2a: Flygon|Stone Edge|p1a: Entei
|-supereffective|p1a: Entei
|-damage|p1a: Entei|0 fnt
|faint|p1a: Entei
|
|upkeep
|
|t:|1659816391
|switch|p1a: Flygon|Flygon, F|33/100
|turn|12
|
|t:|1659816412
|switch|p2a: Dhelmise|Dhelmise|72/100
|move|p1a: Flygon|Dragon Dance|p1a: Flygon
|-boost|p1a: Flygon|atk|1
|-boost|p1a: Flygon|spe|1
|
|upkeep
|turn|13
|
|t:|1659816431
|move|p1a: Flygon|Outrage|p2a: Dhelmise
|-damage|p2a: Dhelmise|0 fnt
|faint|p2a: Dhelmise
|-damage|p1a: Flygon|23/100|[from] item: Life Orb
|
|upkeep
|
|t:|1659816435
|switch|p2a: Registeel|Registeel|100/100
|turn|14
|
|t:|1659816440
|move|p1a: Flygon|Outrage|p2a: Registeel|[from]lockedmove
|-resisted|p2a: Registeel
|-damage|p2a: Registeel|64/100
|-damage|p1a: Flygon|13/100|[from] item: Life Orb
|move|p2a: Registeel|Body Press|p1a: Flygon
|-damage|p1a: Flygon|0 fnt
|faint|p1a: Flygon
|
|-heal|p2a: Registeel|70/100|[from] item: Leftovers
|upkeep
|
|t:|1659816450
|switch|p1a: Xurkitree|Xurkitree|55/100
|turn|15
|
|t:|1659816465
|switch|p2a: Umbreon|Umbreon, M, shiny|100/100
|move|p1a: Xurkitree|Thunderbolt|p2a: Umbreon
|-damage|p2a: Umbreon|69/100
|
|-heal|p2a: Umbreon|75/100|[from] item: Leftovers
|upkeep
|turn|16
|
|t:|1659816474
|switch|p1a: Registeel|Registeel|100/100
|move|p2a: Umbreon|Wish|p2a: Umbreon
|
|-heal|p2a: Umbreon|81/100|[from] item: Leftovers
|upkeep
|turn|17
|
|t:|1659816478
|switch|p2a: Sigilyph|Sigilyph, M, shiny|100/100
|move|p1a: Registeel|Iron Defense|p1a: Registeel
|-boost|p1a: Registeel|def|2
|
|-status|p2a: Sigilyph|brn|[from] item: Flame Orb
|upkeep
|turn|18
|
|t:|1659816481
|move|p2a: Sigilyph|Psycho Shift|p1a: Registeel
|-status|p1a: Registeel|brn
|-curestatus|p2a: Sigilyph|brn|[msg]
|move|p1a: Registeel|Iron Defense|p1a: Registeel
|-boost|p1a: Registeel|def|2
|
|-damage|p1a: Registeel|94/100 brn|[from] brn
|-status|p2a: Sigilyph|brn|[from] item: Flame Orb
|upkeep
|turn|19
|
|t:|1659816488
|move|p2a: Sigilyph|Calm Mind|p2a: Sigilyph
|-boost|p2a: Sigilyph|spa|1
|-boost|p2a: Sigilyph|spd|1
|move|p1a: Registeel|Iron Defense|p1a: Registeel
|-boost|p1a: Registeel|def|2
|
|-heal|p1a: Registeel|100/100 brn|[from] item: Leftovers
|-damage|p1a: Registeel|94/100 brn|[from] brn
|upkeep
|turn|20
|
|t:|1659816492
|move|p2a: Sigilyph|Calm Mind|p2a: Sigilyph
|-boost|p2a: Sigilyph|spa|1
|-boost|p2a: Sigilyph|spd|1
|move|p1a: Registeel|Body Press|p2a: Sigilyph
|-resisted|p2a: Sigilyph
|-damage|p2a: Sigilyph|85/100 brn
|
|-heal|p1a: Registeel|100/100 brn|[from] item: Leftovers
|-damage|p1a: Registeel|94/100 brn|[from] brn
|upkeep
|turn|21
|
|t:|1659816500
|move|p2a: Sigilyph|Calm Mind|p2a: Sigilyph
|-boost|p2a: Sigilyph|spa|1
|-boost|p2a: Sigilyph|spd|1
|move|p1a: Registeel|Body Press|p2a: Sigilyph
|-resisted|p2a: Sigilyph
|-damage|p2a: Sigilyph|71/100 brn
|
|-heal|p1a: Registeel|100/100 brn|[from] item: Leftovers
|-damage|p1a: Registeel|94/100 brn|[from] brn
|upkeep
|turn|22
|
|t:|1659816507
|move|p2a: Sigilyph|Calm Mind|p2a: Sigilyph
|-boost|p2a: Sigilyph|spa|1
|-boost|p2a: Sigilyph|spd|1
|move|p1a: Registeel|Rest|p1a: Registeel
|-status|p1a: Registeel|slp|[from] move: Rest
|-heal|p1a: Registeel|100/100 slp|[silent]
|
|upkeep
|turn|23
|
|t:|1659816522
|move|p2a: Sigilyph|Calm Mind|p2a: Sigilyph
|-boost|p2a: Sigilyph|spa|1
|-boost|p2a: Sigilyph|spd|1
|cant|p1a: Registeel|slp
|move|p1a: Registeel|Sleep Talk|p1a: Registeel
|move|p1a: Registeel|Iron Defense|p1a: Registeel|[from]move: Sleep Talk
|-boost|p1a: Registeel|def|0
|
|upkeep
|turn|24
|
|t:|1659816535
|move|p2a: Sigilyph|Calm Mind|p2a: Sigilyph
|-boost|p2a: Sigilyph|spa|1
|-boost|p2a: Sigilyph|spd|1
|cant|p1a: Registeel|slp
|move|p1a: Registeel|Sleep Talk|p1a: Registeel
|move|p1a: Registeel|Iron Defense|p1a: Registeel|[from]move: Sleep Talk
|-boost|p1a: Registeel|def|0
|
|upkeep
|turn|25
|
|t:|1659816547
|move|p2a: Sigilyph|Air Slash|p1a: Registeel
|-resisted|p1a: Registeel
|-damage|p1a: Registeel|76/100 slp
|-curestatus|p1a: Registeel|slp|[msg]
|move|p1a: Registeel|Body Press|p2a: Sigilyph
|-resisted|p2a: Sigilyph
|-damage|p2a: Sigilyph|38/100 brn
|
|-heal|p1a: Registeel|82/100|[from] item: Leftovers
|upkeep
|turn|26
|
|t:|1659816555
|move|p2a: Sigilyph|Psycho Shift|p1a: Registeel
|-status|p1a: Registeel|brn
|-curestatus|p2a: Sigilyph|brn|[msg]
|move|p1a: Registeel|Body Press|p2a: Sigilyph
|-resisted|p2a: Sigilyph
|-damage|p2a: Sigilyph|22/100
|
|-heal|p1a: Registeel|88/100 brn|[from] item: Leftovers
|-damage|p1a: Registeel|82/100 brn|[from] brn
|-status|p2a: Sigilyph|brn|[from] item: Flame Orb
|upkeep
|turn|27
|
|t:|1659816561
|move|p2a: Sigilyph|Roost|p2a: Sigilyph
|-heal|p2a: Sigilyph|72/100 brn
|-singleturn|p2a: Sigilyph|move: Roost
|move|p1a: Registeel|Body Press|p2a: Sigilyph
|-resisted|p2a: Sigilyph
|-damage|p2a: Sigilyph|42/100 brn
|
|-heal|p1a: Registeel|88/100 brn|[from] item: Leftovers
|-damage|p1a: Registeel|82/100 brn|[from] brn
|upkeep
|turn|28
|
|t:|1659816568
|move|p2a: Sigilyph|Roost|p2a: Sigilyph
|-heal|p2a: Sigilyph|92/100 brn
|-singleturn|p2a: Sigilyph|move: Roost
|move|p1a: Registeel|Body Press|p2a: Sigilyph
|-resisted|p2a: Sigilyph
|-damage|p2a: Sigilyph|60/100 brn
|
|-heal|p1a: Registeel|88/100 brn|[from] item: Leftovers
|-damage|p1a: Registeel|82/100 brn|[from] brn
|upkeep
|turn|29
|
|t:|1659816589
|move|p2a: Sigilyph|Air Slash|p1a: Registeel
|-resisted|p1a: Registeel
|-damage|p1a: Registeel|54/100 brn
|cant|p1a: Registeel|flinch
|
|-heal|p1a: Registeel|60/100 brn|[from] item: Leftovers
|-damage|p1a: Registeel|54/100 brn|[from] brn
|upkeep
|turn|30
|
|t:|1659816597
|move|p2a: Sigilyph|Roost|p2a: Sigilyph
|-heal|p2a: Sigilyph|100/100 brn
|-singleturn|p2a: Sigilyph|move: Roost
|move|p1a: Registeel|Body Press|p2a: Sigilyph
|-resisted|p2a: Sigilyph
|-damage|p2a: Sigilyph|67/100 brn
|
|-heal|p1a: Registeel|60/100 brn|[from] item: Leftovers
|-damage|p1a: Registeel|54/100 brn|[from] brn
|upkeep
|turn|31
|-message|Schwilles forfeited.
|
|win|Testinganteater
|raw|Schwilles's rating: 1445 &rarr; <strong>1418</strong><br />(-27 for losing)
|raw|Testinganteater's rating: 1309 &rarr; <strong>1336</strong><br />(+27 for winning)
|l|☆Schwilles
||Ladder isn't responding, score probably updated but might not have (Request timeout).
