|j|☆CasualGabberz
|j|☆Schmoden
|t:|1629384795
|gametype|singles
|player|p1|CasualGabberz|lucas|1534
|player|p2|Schmoden|169|1625
|teamsize|p1|6
|teamsize|p2|6
|gen|8
|tier|[Gen 8] RU
|rated|
|rule|Sleep Clause Mod: Limit one foe put to sleep
|rule|Species Clause: Limit one of each Pokémon
|rule|OHKO Clause: OHKO moves are banned
|rule|Evasion Moves Clause: Evasion moves are banned
|rule|Endless Battle Clause: Forcing endless battles is banned
|rule|HP Percentage Mod: HP is shown in percentages
|rule|Dynamax Clause: You cannot dynamax
|clearpoke
|poke|p1|Cobalion|
|poke|p1|Golisopod, M|
|poke|p1|Passimian, M|
|poke|p1|Decidueye, F|
|poke|p1|Togekiss, M|
|poke|p1|Seismitoad, M|
|poke|p2|Umbreon, F|
|poke|p2|Milotic, M|
|poke|p2|Registeel|
|poke|p2|Weezing-Galar, M|
|poke|p2|Roserade, F|
|poke|p2|Cresselia, F|
|teampreview
|c|☆Schmoden|ew
|inactive|Battle timer is ON: inactive players will automatically lose when time's up. (requested by Schmoden)
|
|t:|1629384828
|start
|switch|p1a: Decidueye|Decidueye, F|100/100
|switch|p2a: Cresselia|Cresselia, F|100/100
|turn|1
|
|t:|1629384835
|switch|p2a: Weezing|Weezing-Galar, M|100/100
|move|p1a: Decidueye|Spirit Shackle|p2a: Weezing
|-damage|p2a: Weezing|77/100
|-activate|p2a: Weezing|trapped
|
|-heal|p2a: Weezing|83/100|[from] item: Black Sludge
|upkeep
|turn|2
|
|t:|1629384844
|move|p1a: Decidueye|Spirit Shackle|p2a: Weezing
|-damage|p2a: Weezing|59/100
|move|p2a: Weezing|Will-O-Wisp|p1a: Decidueye
|-status|p1a: Decidueye|brn
|
|-heal|p2a: Weezing|65/100|[from] item: Black Sludge
|-damage|p1a: Decidueye|94/100 brn|[from] brn
|upkeep
|turn|3
|
|t:|1629384850
|move|p1a: Decidueye|Spirit Shackle|p2a: Weezing
|-damage|p2a: Weezing|53/100
|move|p2a: Weezing|Pain Split|p1a: Decidueye
|-sethp|p1a: Decidueye|77/100 brn|[from] move: Pain Split|[silent]
|-sethp|p2a: Weezing|68/100|[from] move: Pain Split
|
|-heal|p2a: Weezing|74/100|[from] item: Black Sludge
|-damage|p1a: Decidueye|71/100 brn|[from] brn
|upkeep
|turn|4
|
|t:|1629384861
|move|p1a: Decidueye|Spirit Shackle|p2a: Weezing
|-damage|p2a: Weezing|62/100
|move|p2a: Weezing|Strange Steam|p1a: Decidueye
|-damage|p1a: Decidueye|40/100 brn
|
|-heal|p2a: Weezing|68/100|[from] item: Black Sludge
|-damage|p1a: Decidueye|34/100 brn|[from] brn
|upkeep
|turn|5
|
|t:|1629384865
|move|p1a: Decidueye|Roost|p1a: Decidueye
|-heal|p1a: Decidueye|84/100 brn
|-singleturn|p1a: Decidueye|move: Roost
|move|p2a: Weezing|Strange Steam|p1a: Decidueye
|-damage|p1a: Decidueye|51/100 brn
|
|-heal|p2a: Weezing|74/100|[from] item: Black Sludge
|-damage|p1a: Decidueye|45/100 brn|[from] brn
|upkeep
|turn|6
|
|t:|1629384890
|move|p1a: Decidueye|Roost|p1a: Decidueye
|-heal|p1a: Decidueye|95/100 brn
|-singleturn|p1a: Decidueye|move: Roost
|move|p2a: Weezing|Strange Steam|p1a: Decidueye
|-crit|p1a: Decidueye
|-damage|p1a: Decidueye|51/100 brn
|
|-heal|p2a: Weezing|80/100|[from] item: Black Sludge
|-damage|p1a: Decidueye|45/100 brn|[from] brn
|upkeep
|turn|7
|
|t:|1629384894
|move|p1a: Decidueye|Roost|p1a: Decidueye
|-heal|p1a: Decidueye|95/100 brn
|-singleturn|p1a: Decidueye|move: Roost
|move|p2a: Weezing|Strange Steam|p1a: Decidueye|[miss]
|-miss|p2a: Weezing|p1a: Decidueye
|
|-heal|p2a: Weezing|86/100|[from] item: Black Sludge
|-damage|p1a: Decidueye|89/100 brn|[from] brn
|upkeep
|turn|8
|
|t:|1629384900
|move|p1a: Decidueye|Spirit Shackle|p2a: Weezing
|-damage|p2a: Weezing|74/100
|move|p2a: Weezing|Strange Steam|p1a: Decidueye|[miss]
|-miss|p2a: Weezing|p1a: Decidueye
|
|-heal|p2a: Weezing|80/100|[from] item: Black Sludge
|-damage|p1a: Decidueye|83/100 brn|[from] brn
|upkeep
|turn|9
|
|t:|1629384916
|move|p1a: Decidueye|Spirit Shackle|p2a: Weezing
|-damage|p2a: Weezing|68/100
|move|p2a: Weezing|Pain Split|p1a: Decidueye
|-sethp|p1a: Decidueye|80/100 brn|[from] move: Pain Split|[silent]
|-sethp|p2a: Weezing|71/100|[from] move: Pain Split
|
|-heal|p2a: Weezing|77/100|[from] item: Black Sludge
|-damage|p1a: Decidueye|74/100 brn|[from] brn
|upkeep
|turn|10
|
|t:|1629384925
|move|p1a: Decidueye|Leaf Blade|p2a: Weezing
|-resisted|p2a: Weezing
|-damage|p2a: Weezing|70/100
|move|p2a: Weezing|Strange Steam|p1a: Decidueye
|-damage|p1a: Decidueye|42/100 brn
|-start|p1a: Decidueye|confusion
|
|-heal|p2a: Weezing|76/100|[from] item: Black Sludge
|-damage|p1a: Decidueye|36/100 brn|[from] brn
|upkeep
|turn|11
|
|t:|1629384935
|switch|p1a: Togekiss|Togekiss, M|100/100
|move|p2a: Weezing|Strange Steam|p1a: Togekiss
|-damage|p1a: Togekiss|80/100
|
|-heal|p2a: Weezing|82/100|[from] item: Black Sludge
|upkeep
|turn|12
|
|t:|1629384940
|switch|p2a: Registeel|Registeel|100/100
|move|p1a: Togekiss|Heal Bell|p1a: Togekiss
|-activate|p1a: Togekiss|move: Heal Bell
|-curestatus|p1: Decidueye|brn|[msg]
|
|upkeep
|turn|13
|
|t:|1629384943
|switch|p1a: Decidueye|Decidueye, F|36/100
|move|p2a: Registeel|Toxic|p1a: Decidueye
|-status|p1a: Decidueye|tox
|
|-damage|p1a: Decidueye|30/100 tox|[from] psn
|upkeep
|turn|14
|
|t:|1629384950
|move|p2a: Registeel|Protect|p2a: Registeel
|-singleturn|p2a: Registeel|Protect
|move|p1a: Decidueye|Roost|p1a: Decidueye
|-heal|p1a: Decidueye|80/100 tox
|-singleturn|p1a: Decidueye|move: Roost
|
|-damage|p1a: Decidueye|68/100 tox|[from] psn
|upkeep
|turn|15
|
|t:|1629384958
|switch|p1a: Golisopod|Golisopod, M|100/100
|move|p2a: Registeel|Stealth Rock|p1a: Golisopod
|-sidestart|p1: CasualGabberz|move: Stealth Rock
|
|upkeep
|turn|16
|
|t:|1629384969
|switch|p2a: Weezing|Weezing-Galar, M|82/100
|move|p1a: Golisopod|Knock Off|p2a: Weezing
|-resisted|p2a: Weezing
|-damage|p2a: Weezing|70/100
|-enditem|p2a: Weezing|Black Sludge|[from] move: Knock Off|[of] p1a: Golisopod
|
|upkeep
|turn|17
|
|t:|1629384981
|move|p2a: Weezing|Will-O-Wisp|p1a: Golisopod
|-status|p1a: Golisopod|brn
|move|p1a: Golisopod|Spikes|p2a: Weezing
|-sidestart|p2: Schmoden|Spikes
|
|-damage|p1a: Golisopod|94/100 brn|[from] brn
|upkeep
|turn|18
|
|t:|1629384992
|switch|p1a: Togekiss|Togekiss, M|80/100
|move|p2a: Weezing|Strange Steam|p1a: Togekiss
|-damage|p1a: Togekiss|57/100
|
|upkeep
|turn|19
|
|t:|1629385019
|switch|p2a: Registeel|Registeel|100/100
|-damage|p2a: Registeel|88/100|[from] Spikes
|move|p1a: Togekiss|Air Slash|p2a: Registeel
|-resisted|p2a: Registeel
|-damage|p2a: Registeel|79/100
|
|-heal|p2a: Registeel|85/100|[from] item: Leftovers
|upkeep
|turn|20
|
|t:|1629385026
|move|p1a: Togekiss|Roost|p1a: Togekiss
|-heal|p1a: Togekiss|100/100
|-singleturn|p1a: Togekiss|move: Roost
|move|p2a: Registeel|Toxic|p1a: Togekiss
|-status|p1a: Togekiss|tox
|
|-heal|p2a: Registeel|91/100|[from] item: Leftovers
|-damage|p1a: Togekiss|94/100 tox|[from] psn
|upkeep
|turn|21
|
|t:|1629385036
|move|p1a: Togekiss|Heal Bell|p1a: Togekiss
|-activate|p1a: Togekiss|move: Heal Bell
|-curestatus|p1a: Togekiss|tox|[msg]
|-curestatus|p1: Decidueye|tox|[msg]
|-curestatus|p1: Golisopod|brn|[msg]
|move|p2a: Registeel|Seismic Toss|p1a: Togekiss
|-damage|p1a: Togekiss|68/100
|
|-heal|p2a: Registeel|97/100|[from] item: Leftovers
|upkeep
|turn|22
|inactive|CasualGabberz has 120 seconds left.
|
|t:|1629385069
|switch|p1a: Seismitoad|Seismitoad, M|100/100
|-damage|p1a: Seismitoad|94/100|[from] Stealth Rock
|move|p2a: Registeel|Toxic|p1a: Seismitoad
|-status|p1a: Seismitoad|tox
|
|-heal|p1a: Seismitoad|100/100 tox|[from] item: Leftovers
|-heal|p2a: Registeel|100/100|[from] item: Leftovers
|-damage|p1a: Seismitoad|94/100 tox|[from] psn
|upkeep
|turn|23
|inactive|Schmoden has 120 seconds left.
|
|t:|1629385117
|switch|p2a: Roserade|Roserade, F|100/100
|-damage|p2a: Roserade|88/100|[from] Spikes
|move|p1a: Seismitoad|Knock Off|p2a: Roserade
|-damage|p2a: Roserade|54/100
|-enditem|p2a: Roserade|Black Sludge|[from] move: Knock Off|[of] p1a: Seismitoad
|
|-heal|p1a: Seismitoad|100/100 tox|[from] item: Leftovers
|-damage|p1a: Seismitoad|88/100 tox|[from] psn
|upkeep
|turn|24
|
|t:|1629385128
|switch|p1a: Cobalion|Cobalion|100/100
|-damage|p1a: Cobalion|97/100|[from] Stealth Rock
|move|p2a: Roserade|Synthesis|p2a: Roserade
|-heal|p2a: Roserade|100/100
|
|-heal|p1a: Cobalion|100/100|[from] item: Leftovers
|upkeep
|turn|25
|inactive|Schmoden has 120 seconds left.
|
|t:|1629385137
|switch|p1a: Golisopod|Golisopod, M|94/100
|move|p2a: Roserade|Sleep Powder|p1a: Golisopod
|-status|p1a: Golisopod|slp|[from] move: Sleep Powder
|
|upkeep
|turn|26
|
|t:|1629385144
|switch|p1a: Cobalion|Cobalion|100/100
|-damage|p1a: Cobalion|97/100|[from] Stealth Rock
|move|p2a: Roserade|Sludge Bomb|p1a: Cobalion
|-immune|p1a: Cobalion
|
|-heal|p1a: Cobalion|100/100|[from] item: Leftovers
|upkeep
|turn|27
|
|t:|1629385159
|switch|p2a: Cresselia|Cresselia, F|100/100
|move|p1a: Cobalion|Calm Mind|p1a: Cobalion
|-boost|p1a: Cobalion|spa|1
|-boost|p1a: Cobalion|spd|1
|
|upkeep
|turn|28
|
|t:|1629385165
|move|p1a: Cobalion|Substitute|p1a: Cobalion
|-start|p1a: Cobalion|Substitute
|-damage|p1a: Cobalion|76/100
|move|p2a: Cresselia|Thunder Wave||[still]
|-fail|p2a: Cresselia
|
|-heal|p1a: Cobalion|82/100|[from] item: Leftovers
|upkeep
|turn|29
|
|t:|1629385174
|move|p1a: Cobalion|Focus Blast|p2a: Cresselia
|-resisted|p2a: Cresselia
|-damage|p2a: Cresselia|80/100
|move|p2a: Cresselia|Psychic|p1a: Cobalion
|-activate|p1a: Cobalion|move: Substitute|[damage]
|
|-heal|p1a: Cobalion|88/100|[from] item: Leftovers
|-heal|p2a: Cresselia|87/100|[from] item: Leftovers
|upkeep
|turn|30
|
|t:|1629385179
|move|p1a: Cobalion|Calm Mind|p1a: Cobalion
|-boost|p1a: Cobalion|spa|1
|-boost|p1a: Cobalion|spd|1
|move|p2a: Cresselia|Psychic|p1a: Cobalion
|-end|p1a: Cobalion|Substitute
|
|-heal|p1a: Cobalion|94/100|[from] item: Leftovers
|-heal|p2a: Cresselia|93/100|[from] item: Leftovers
|upkeep
|turn|31
|
|t:|1629385186
|switch|p2a: Milotic|Milotic, M|100/100
|-damage|p2a: Milotic|88/100|[from] Spikes
|move|p1a: Cobalion|Substitute|p1a: Cobalion
|-start|p1a: Cobalion|Substitute
|-damage|p1a: Cobalion|70/100
|
|-heal|p1a: Cobalion|76/100|[from] item: Leftovers
|-heal|p2a: Milotic|94/100|[from] item: Leftovers
|upkeep
|turn|32
|
|t:|1629385189
|move|p1a: Cobalion|Focus Blast|p2a: Milotic
|-damage|p2a: Milotic|29/100
|move|p2a: Milotic|Haze|p2a: Milotic
|-clearallboost
|
|-heal|p1a: Cobalion|82/100|[from] item: Leftovers
|-heal|p2a: Milotic|35/100|[from] item: Leftovers
|upkeep
|turn|33
|
|t:|1629385194
|move|p1a: Cobalion|Focus Blast|p2a: Milotic
|-damage|p2a: Milotic|3/100
|move|p2a: Milotic|Recover|p2a: Milotic
|-heal|p2a: Milotic|53/100
|
|-heal|p1a: Cobalion|88/100|[from] item: Leftovers
|-heal|p2a: Milotic|59/100|[from] item: Leftovers
|upkeep
|turn|34
|inactive|Schmoden has 120 seconds left.
|
|t:|1629385239
|move|p1a: Cobalion|Calm Mind|p1a: Cobalion
|-boost|p1a: Cobalion|spa|1
|-boost|p1a: Cobalion|spd|1
|move|p2a: Milotic|Recover|p2a: Milotic
|-heal|p2a: Milotic|100/100
|
|-heal|p1a: Cobalion|94/100|[from] item: Leftovers
|upkeep
|turn|35
|
|t:|1629385257
|move|p1a: Cobalion|Calm Mind|p1a: Cobalion
|-boost|p1a: Cobalion|spa|1
|-boost|p1a: Cobalion|spd|1
|move|p2a: Milotic|Haze|p2a: Milotic
|-clearallboost
|
|-heal|p1a: Cobalion|100/100|[from] item: Leftovers
|upkeep
|turn|36
|
|t:|1629385263
|switch|p1a: Seismitoad|Seismitoad, M|88/100 tox
|-damage|p1a: Seismitoad|82/100 tox|[from] Stealth Rock
|move|p2a: Milotic|Scald|p1a: Seismitoad
|-damage|p1a: Seismitoad|52/100 tox
|
|-heal|p1a: Seismitoad|58/100 tox|[from] item: Leftovers
|-damage|p1a: Seismitoad|52/100 tox|[from] psn
|upkeep
|turn|37
|j| visoki
|c|☆CasualGabberz|fuck*
|inactive|Schmoden has 120 seconds left.
|
|t:|1629385290
|switch|p2a: Weezing|Weezing-Galar, M|70/100
|move|p1a: Seismitoad|Stealth Rock|p2a: Weezing
|-sidestart|p2: Schmoden|move: Stealth Rock
|
|-heal|p1a: Seismitoad|58/100 tox|[from] item: Leftovers
|-damage|p1a: Seismitoad|46/100 tox|[from] psn
|upkeep
|turn|38
|
|t:|1629385300
|move|p1a: Seismitoad|Scald|p2a: Weezing
|-damage|p2a: Weezing|35/100
|move|p2a: Weezing|Defog|p1a: Seismitoad
|-unboost|p1a: Seismitoad|evasion|1
|-sideend|p1: CasualGabberz|Stealth Rock|[from] move: Defog|[of] p2a: Weezing
|-sideend|p2: Schmoden|Spikes|[from] move: Defog|[of] p2a: Weezing
|-sideend|p2: Schmoden|Stealth Rock|[from] move: Defog|[of] p2a: Weezing
|
|-heal|p1a: Seismitoad|52/100 tox|[from] item: Leftovers
|-damage|p1a: Seismitoad|34/100 tox|[from] psn
|upkeep
|turn|39
|l| visoki
|
|t:|1629385317
|switch|p2a: Roserade|Roserade, F|100/100
|move|p1a: Seismitoad|Stealth Rock|p2a: Roserade
|-sidestart|p2: Schmoden|move: Stealth Rock
|
|-heal|p1a: Seismitoad|40/100 tox|[from] item: Leftovers
|-damage|p1a: Seismitoad|16/100 tox|[from] psn
|upkeep
|turn|40
|
|t:|1629385324
|switch|p1a: Cobalion|Cobalion|100/100
|move|p2a: Roserade|Spikes|p1a: Cobalion
|-sidestart|p1: CasualGabberz|Spikes
|
|upkeep
|turn|41
|
|t:|1629385331
|switch|p2a: Milotic|Milotic, M|100/100
|-damage|p2a: Milotic|88/100|[from] Stealth Rock
|move|p1a: Cobalion|Calm Mind|p1a: Cobalion
|-boost|p1a: Cobalion|spa|1
|-boost|p1a: Cobalion|spd|1
|
|-heal|p2a: Milotic|94/100|[from] item: Leftovers
|upkeep
|turn|42
|
|t:|1629385337
|switch|p1a: Decidueye|Decidueye, F|68/100
|move|p2a: Milotic|Haze|p2a: Milotic
|-clearallboost
|
|-heal|p2a: Milotic|99/100|[from] item: Leftovers
|upkeep
|turn|43
|
|t:|1629385347
|switch|p2a: Registeel|Registeel|100/100
|-damage|p2a: Registeel|94/100|[from] Stealth Rock
|move|p1a: Decidueye|Leaf Blade|p2a: Registeel
|-resisted|p2a: Registeel
|-damage|p2a: Registeel|81/100
|
|-heal|p2a: Registeel|87/100|[from] item: Leftovers
|upkeep
|turn|44
|
|t:|1629385357
|switch|p1a: Togekiss|Togekiss, M|68/100
|move|p2a: Registeel|Stealth Rock|p1a: Togekiss
|-sidestart|p1: CasualGabberz|move: Stealth Rock
|
|-heal|p2a: Registeel|93/100|[from] item: Leftovers
|upkeep
|turn|45
|
|t:|1629385374
|move|p1a: Togekiss|Air Slash|p2a: Registeel
|-resisted|p2a: Registeel
|-damage|p2a: Registeel|85/100
|cant|p2a: Registeel|flinch
|
|-heal|p2a: Registeel|91/100|[from] item: Leftovers
|upkeep
|turn|46
|
|t:|1629385391
|move|p1a: Togekiss|Roost|p1a: Togekiss
|-heal|p1a: Togekiss|100/100
|-singleturn|p1a: Togekiss|move: Roost
|move|p2a: Registeel|Toxic|p1a: Togekiss
|-status|p1a: Togekiss|tox
|
|-heal|p2a: Registeel|97/100|[from] item: Leftovers
|-damage|p1a: Togekiss|94/100 tox|[from] psn
|upkeep
|turn|47
|
|t:|1629385397
|move|p1a: Togekiss|Heal Bell|p1a: Togekiss
|-activate|p1a: Togekiss|move: Heal Bell
|-curestatus|p1a: Togekiss|tox|[msg]
|-curestatus|p1: Seismitoad|tox|[msg]
|-curestatus|p1: Golisopod|slp|[msg]
|move|p2a: Registeel|Seismic Toss|p1a: Togekiss
|-damage|p1a: Togekiss|68/100
|
|-heal|p2a: Registeel|100/100|[from] item: Leftovers
|upkeep
|turn|48
|
|t:|1629385407
|switch|p1a: Golisopod|Golisopod, M|94/100
|move|p2a: Registeel|Toxic|p1a: Golisopod
|-status|p1a: Golisopod|tox
|
|-damage|p1a: Golisopod|88/100 tox|[from] psn
|upkeep
|turn|49
|
|t:|1629385422
|move|p2a: Registeel|Protect|p2a: Registeel
|-singleturn|p2a: Registeel|Protect
|move|p1a: Golisopod|Spikes|p2a: Registeel
|-sidestart|p2: Schmoden|Spikes
|
|-damage|p1a: Golisopod|76/100 tox|[from] psn
|upkeep
|turn|50
|
|t:|1629385428
|switch|p1a: Togekiss|Togekiss, M|68/100
|move|p2a: Registeel|Seismic Toss|p1a: Togekiss
|-damage|p1a: Togekiss|41/100
|
|upkeep
|turn|51
|
|t:|1629385435
|move|p1a: Togekiss|Roost|p1a: Togekiss
|-heal|p1a: Togekiss|91/100
|-singleturn|p1a: Togekiss|move: Roost
|move|p2a: Registeel|Toxic|p1a: Togekiss
|-status|p1a: Togekiss|tox
|
|-damage|p1a: Togekiss|85/100 tox|[from] psn
|upkeep
|turn|52
|j| WKDX Rasmu
|j| Gva
|
|t:|1629385448
|move|p1a: Togekiss|Air Slash|p2a: Registeel
|-resisted|p2a: Registeel
|-damage|p2a: Registeel|91/100
|cant|p2a: Registeel|flinch
|
|-heal|p2a: Registeel|97/100|[from] item: Leftovers
|-damage|p1a: Togekiss|72/100 tox|[from] psn
|upkeep
|turn|53
|
|t:|1629385451
|move|p1a: Togekiss|Heal Bell|p1a: Togekiss
|-activate|p1a: Togekiss|move: Heal Bell
|-curestatus|p1a: Togekiss|tox|[msg]
|-curestatus|p1: Golisopod|tox|[msg]
|move|p2a: Registeel|Seismic Toss|p1a: Togekiss
|-damage|p1a: Togekiss|46/100
|
|-heal|p2a: Registeel|100/100|[from] item: Leftovers
|upkeep
|turn|54
|
|t:|1629385474
|move|p1a: Togekiss|Roost|p1a: Togekiss
|-heal|p1a: Togekiss|96/100
|-singleturn|p1a: Togekiss|move: Roost
|move|p2a: Registeel|Toxic|p1a: Togekiss
|-status|p1a: Togekiss|tox
|
|-damage|p1a: Togekiss|90/100 tox|[from] psn
|upkeep
|turn|55
|
|t:|1629385480
|switch|p1a: Decidueye|Decidueye, F|68/100
|move|p2a: Registeel|Seismic Toss|p1a: Decidueye
|-immune|p1a: Decidueye
|
|upkeep
|turn|56
|
|t:|1629385484
|move|p1a: Decidueye|Spirit Shackle|p2a: Registeel
|-damage|p2a: Registeel|77/100
|-activate|p2a: Registeel|trapped
|move|p2a: Registeel|Toxic|p1a: Decidueye
|-status|p1a: Decidueye|tox
|
|-heal|p2a: Registeel|83/100|[from] item: Leftovers
|-damage|p1a: Decidueye|62/100 tox|[from] psn
|upkeep
|turn|57
|
|t:|1629385489
|move|p2a: Registeel|Protect|p2a: Registeel
|-singleturn|p2a: Registeel|Protect
|move|p1a: Decidueye|Roost|p1a: Decidueye
|-heal|p1a: Decidueye|100/100 tox
|-singleturn|p1a: Decidueye|move: Roost
|
|-heal|p2a: Registeel|90/100|[from] item: Leftovers
|-damage|p1a: Decidueye|88/100 tox|[from] psn
|upkeep
|turn|58
|
|t:|1629385496
|move|p1a: Decidueye|Spirit Shackle|p2a: Registeel
|-damage|p2a: Registeel|67/100
|move|p2a: Registeel|Stealth Rock||[still]
|-fail|p2a: Registeel
|
|-heal|p2a: Registeel|73/100|[from] item: Leftovers
|-damage|p1a: Decidueye|70/100 tox|[from] psn
|upkeep
|turn|59
|
|t:|1629385503
|switch|p1a: Togekiss|Togekiss, M|90/100 tox
|move|p2a: Registeel|Protect||[still]
|-fail|p2a: Registeel
|
|-heal|p2a: Registeel|79/100|[from] item: Leftovers
|-damage|p1a: Togekiss|83/100 tox|[from] psn
|upkeep
|turn|60
|
|t:|1629385520
|switch|p1a: Passimian|Passimian, M|100/100
|-damage|p1a: Passimian|88/100|[from] Spikes
|-damage|p1a: Passimian|82/100|[from] Stealth Rock
|move|p2a: Registeel|Seismic Toss|p1a: Passimian
|-damage|p1a: Passimian|53/100
|
|-heal|p2a: Registeel|85/100|[from] item: Leftovers
|upkeep
|turn|61
|
|t:|1629385526
|move|p2a: Registeel|Protect|p2a: Registeel
|-singleturn|p2a: Registeel|Protect
|move|p1a: Passimian|Knock Off|p2a: Registeel
|-activate|p2a: Registeel|move: Protect
|
|-heal|p2a: Registeel|91/100|[from] item: Leftovers
|upkeep
|turn|62
|j| visoki
|
|t:|1629385543
|switch|p2a: Weezing|Weezing-Galar, M|35/100
|-damage|p2a: Weezing|22/100|[from] Stealth Rock
|move|p1a: Passimian|Knock Off|p2a: Weezing
|-resisted|p2a: Weezing
|-damage|p2a: Weezing|15/100
|
|upkeep
|turn|63
|
|t:|1629385552
|switch|p1a: Seismitoad|Seismitoad, M|16/100
|-damage|p1a: Seismitoad|10/100|[from] Stealth Rock
|-damage|p1a: Seismitoad|0 fnt|[from] Spikes
|faint|p1a: Seismitoad
|move|p2a: Weezing|Pain Split|p1: Seismitoad|[notarget]
|-fail|p2a: Weezing
|
|upkeep
|
|t:|1629385569
|switch|p1a: Decidueye|Decidueye, F|70/100 tox
|turn|64
|
|t:|1629385573
|move|p1a: Decidueye|Spirit Shackle|p2a: Weezing
|-damage|p2a: Weezing|0 fnt
|faint|p2a: Weezing
|
|-damage|p1a: Decidueye|64/100 tox|[from] psn
|upkeep
|
|t:|1629385595
|switch|p2a: Registeel|Registeel|91/100
|-damage|p2a: Registeel|85/100|[from] Stealth Rock
|-damage|p2a: Registeel|73/100|[from] Spikes
|turn|65
|
|t:|1629385602
|move|p2a: Registeel|Protect|p2a: Registeel
|-singleturn|p2a: Registeel|Protect
|move|p1a: Decidueye|Roost|p1a: Decidueye
|-heal|p1a: Decidueye|100/100 tox
|-singleturn|p1a: Decidueye|move: Roost
|
|-heal|p2a: Registeel|79/100|[from] item: Leftovers
|-damage|p1a: Decidueye|88/100 tox|[from] psn
|upkeep
|turn|66
|
|t:|1629385606
|move|p1a: Decidueye|Spirit Shackle|p2a: Registeel
|-damage|p2a: Registeel|56/100
|-activate|p2a: Registeel|trapped
|move|p2a: Registeel|Stealth Rock||[still]
|-fail|p2a: Registeel
|
|-heal|p2a: Registeel|62/100|[from] item: Leftovers
|-damage|p1a: Decidueye|70/100 tox|[from] psn
|upkeep
|turn|67
|
|t:|1629385613
|switch|p1a: Togekiss|Togekiss, M|83/100 tox
|move|p2a: Registeel|Protect||[still]
|-fail|p2a: Registeel
|
|-heal|p2a: Registeel|68/100|[from] item: Leftovers
|-damage|p1a: Togekiss|77/100 tox|[from] psn
|upkeep
|turn|68
|
|t:|1629385618
|move|p1a: Togekiss|Heal Bell|p1a: Togekiss
|-activate|p1a: Togekiss|move: Heal Bell
|-curestatus|p1a: Togekiss|tox|[msg]
|-curestatus|p1: Decidueye|tox|[msg]
|move|p2a: Registeel|Seismic Toss|p1a: Togekiss
|-damage|p1a: Togekiss|50/100
|
|-heal|p2a: Registeel|74/100|[from] item: Leftovers
|upkeep
|turn|69
|
|t:|1629385637
|move|p1a: Togekiss|Roost|p1a: Togekiss
|-heal|p1a: Togekiss|100/100
|-singleturn|p1a: Togekiss|move: Roost
|move|p2a: Registeel|Toxic|p1a: Togekiss
|-status|p1a: Togekiss|tox
|
|-heal|p2a: Registeel|80/100|[from] item: Leftovers
|-damage|p1a: Togekiss|94/100 tox|[from] psn
|upkeep
|turn|70
|
|t:|1629385647
|switch|p1a: Decidueye|Decidueye, F|70/100
|move|p2a: Registeel|Seismic Toss|p1a: Decidueye
|-immune|p1a: Decidueye
|
|-heal|p2a: Registeel|86/100|[from] item: Leftovers
|upkeep
|turn|71
|
|t:|1629385658
|move|p2a: Registeel|Protect|p2a: Registeel
|-singleturn|p2a: Registeel|Protect
|move|p1a: Decidueye|Leaf Blade|p2a: Registeel
|-activate|p2a: Registeel|move: Protect
|
|-heal|p2a: Registeel|92/100|[from] item: Leftovers
|upkeep
|turn|72
|
|t:|1629385666
|move|p1a: Decidueye|Leaf Blade|p2a: Registeel
|-resisted|p2a: Registeel
|-damage|p2a: Registeel|79/100
|move|p2a: Registeel|Toxic|p1a: Decidueye
|-status|p1a: Decidueye|tox
|
|-heal|p2a: Registeel|85/100|[from] item: Leftovers
|-damage|p1a: Decidueye|64/100 tox|[from] psn
|upkeep
|turn|73
|
|t:|1629385673
|move|p2a: Registeel|Protect|p2a: Registeel
|-singleturn|p2a: Registeel|Protect
|move|p1a: Decidueye|Roost|p1a: Decidueye
|-heal|p1a: Decidueye|100/100 tox
|-singleturn|p1a: Decidueye|move: Roost
|
|-heal|p2a: Registeel|91/100|[from] item: Leftovers
|-damage|p1a: Decidueye|88/100 tox|[from] psn
|upkeep
|turn|74
|
|t:|1629385676
|switch|p1a: Togekiss|Togekiss, M|94/100 tox
|move|p2a: Registeel|Seismic Toss|p1a: Togekiss
|-damage|p1a: Togekiss|68/100 tox
|
|-heal|p2a: Registeel|97/100|[from] item: Leftovers
|-damage|p1a: Togekiss|61/100 tox|[from] psn
|upkeep
|turn|75
|l| visoki
|
|t:|1629385695
|move|p1a: Togekiss|Roost|p1a: Togekiss
|-heal|p1a: Togekiss|100/100 tox
|-singleturn|p1a: Togekiss|move: Roost
|move|p2a: Registeel|Seismic Toss|p1a: Togekiss
|-damage|p1a: Togekiss|74/100 tox
|
|-heal|p2a: Registeel|100/100|[from] item: Leftovers
|-damage|p1a: Togekiss|61/100 tox|[from] psn
|upkeep
|turn|76
|l| Gva
|
|t:|1629385703
|switch|p1a: Decidueye|Decidueye, F|88/100 tox
|move|p2a: Registeel|Seismic Toss|p1a: Decidueye
|-immune|p1a: Decidueye
|
|-damage|p1a: Decidueye|82/100 tox|[from] psn
|upkeep
|turn|77
|l| WKDX Rasmu
|
|t:|1629385713
|move|p1a: Decidueye|Leaf Blade|p2a: Registeel
|-resisted|p2a: Registeel
|-damage|p2a: Registeel|88/100
|move|p2a: Registeel|Stealth Rock||[still]
|-fail|p2a: Registeel
|
|-heal|p2a: Registeel|94/100|[from] item: Leftovers
|-damage|p1a: Decidueye|70/100 tox|[from] psn
|upkeep
|turn|78
|
|t:|1629385718
|switch|p1a: Togekiss|Togekiss, M|61/100 tox
|move|p2a: Registeel|Seismic Toss|p1a: Togekiss
|-damage|p1a: Togekiss|35/100 tox
|
|-heal|p2a: Registeel|99/100|[from] item: Leftovers
|-damage|p1a: Togekiss|28/100 tox|[from] psn
|upkeep
|turn|79
|
|t:|1629385724
|move|p1a: Togekiss|Roost|p1a: Togekiss
|-heal|p1a: Togekiss|79/100 tox
|-singleturn|p1a: Togekiss|move: Roost
|move|p2a: Registeel|Seismic Toss|p1a: Togekiss
|-damage|p1a: Togekiss|52/100 tox
|
|-heal|p2a: Registeel|100/100|[from] item: Leftovers
|-damage|p1a: Togekiss|39/100 tox|[from] psn
|upkeep
|turn|80
|
|t:|1629385727
|move|p1a: Togekiss|Roost|p1a: Togekiss
|-heal|p1a: Togekiss|90/100 tox
|-singleturn|p1a: Togekiss|move: Roost
|move|p2a: Registeel|Seismic Toss|p1a: Togekiss
|-damage|p1a: Togekiss|63/100 tox
|
|-damage|p1a: Togekiss|44/100 tox|[from] psn
|upkeep
|turn|81
|j| Gva
|
|t:|1629385736
|switch|p1a: Decidueye|Decidueye, F|70/100 tox
|move|p2a: Registeel|Seismic Toss|p1a: Decidueye
|-immune|p1a: Decidueye
|
|-damage|p1a: Decidueye|64/100 tox|[from] psn
|upkeep
|turn|82
|
|t:|1629385739
|move|p1a: Decidueye|Roost|p1a: Decidueye
|-heal|p1a: Decidueye|100/100 tox
|-singleturn|p1a: Decidueye|move: Roost
|move|p2a: Registeel|Seismic Toss|p1a: Decidueye
|-immune|p1a: Decidueye
|
|-damage|p1a: Decidueye|88/100 tox|[from] psn
|upkeep
|turn|83
|
|t:|1629385748
|move|p1a: Decidueye|Leaf Blade|p2a: Registeel
|-resisted|p2a: Registeel
|-damage|p2a: Registeel|87/100
|move|p2a: Registeel|Seismic Toss|p1a: Decidueye
|-immune|p1a: Decidueye
|
|-heal|p2a: Registeel|93/100|[from] item: Leftovers
|-damage|p1a: Decidueye|70/100 tox|[from] psn
|upkeep
|turn|84
|
|t:|1629385760
|move|p1a: Decidueye|Leaf Blade|p2a: Registeel
|-resisted|p2a: Registeel
|-damage|p2a: Registeel|79/100
|move|p2a: Registeel|Seismic Toss|p1a: Decidueye
|-immune|p1a: Decidueye
|
|-heal|p2a: Registeel|85/100|[from] item: Leftovers
|-damage|p1a: Decidueye|46/100 tox|[from] psn
|upkeep
|turn|85
|
|t:|1629385763
|move|p1a: Decidueye|Roost|p1a: Decidueye
|-heal|p1a: Decidueye|96/100 tox
|-singleturn|p1a: Decidueye|move: Roost
|move|p2a: Registeel|Seismic Toss|p1a: Decidueye
|-immune|p1a: Decidueye
|
|-heal|p2a: Registeel|91/100|[from] item: Leftovers
|-damage|p1a: Decidueye|66/100 tox|[from] psn
|upkeep
|turn|86
|
|t:|1629385766
|switch|p1a: Togekiss|Togekiss, M|44/100 tox
|move|p2a: Registeel|Seismic Toss|p1a: Togekiss
|-damage|p1a: Togekiss|17/100 tox
|
|-heal|p2a: Registeel|97/100|[from] item: Leftovers
|-damage|p1a: Togekiss|11/100 tox|[from] psn
|upkeep
|turn|87
|
|t:|1629385771
|move|p1a: Togekiss|Roost|p1a: Togekiss
|-heal|p1a: Togekiss|61/100 tox
|-singleturn|p1a: Togekiss|move: Roost
|move|p2a: Registeel|Seismic Toss|p1a: Togekiss
|-damage|p1a: Togekiss|35/100 tox
|
|-heal|p2a: Registeel|100/100|[from] item: Leftovers
|-damage|p1a: Togekiss|22/100 tox|[from] psn
|upkeep
|turn|88
|
|t:|1629385774
|move|p1a: Togekiss|Roost|p1a: Togekiss
|-heal|p1a: Togekiss|72/100 tox
|-singleturn|p1a: Togekiss|move: Roost
|move|p2a: Registeel|Seismic Toss|p1a: Togekiss
|-damage|p1a: Togekiss|46/100 tox
|
|-damage|p1a: Togekiss|27/100 tox|[from] psn
|upkeep
|turn|89
|
|t:|1629385782
|switch|p1a: Decidueye|Decidueye, F|66/100 tox
|move|p2a: Registeel|Seismic Toss|p1a: Decidueye
|-immune|p1a: Decidueye
|
|-damage|p1a: Decidueye|60/100 tox|[from] psn
|upkeep
|turn|90
|
|t:|1629385786
|move|p2a: Registeel|Protect|p2a: Registeel
|-singleturn|p2a: Registeel|Protect
|move|p1a: Decidueye|Roost|p1a: Decidueye
|-heal|p1a: Decidueye|100/100 tox
|-singleturn|p1a: Decidueye|move: Roost
|
|-damage|p1a: Decidueye|88/100 tox|[from] psn
|upkeep
|turn|91
|l| Gva
|
|t:|1629385810
|move|p1a: Decidueye|Leaf Blade|p2a: Registeel
|-resisted|p2a: Registeel
|-crit|p2a: Registeel
|-damage|p2a: Registeel|80/100
|move|p2a: Registeel|Stealth Rock||[still]
|-fail|p2a: Registeel
|
|-heal|p2a: Registeel|86/100|[from] item: Leftovers
|-damage|p1a: Decidueye|70/100 tox|[from] psn
|upkeep
|turn|92
|
|t:|1629385819
|move|p1a: Decidueye|Leaf Blade|p2a: Registeel
|-resisted|p2a: Registeel
|-damage|p2a: Registeel|72/100
|move|p2a: Registeel|Seismic Toss|p1a: Decidueye
|-immune|p1a: Decidueye
|
|-heal|p2a: Registeel|78/100|[from] item: Leftovers
|-damage|p1a: Decidueye|46/100 tox|[from] psn
|upkeep
|turn|93
|
|t:|1629385823
|move|p1a: Decidueye|Roost|p1a: Decidueye
|-heal|p1a: Decidueye|96/100 tox
|-singleturn|p1a: Decidueye|move: Roost
|move|p2a: Registeel|Stealth Rock||[still]
|-fail|p2a: Registeel
|
|-heal|p2a: Registeel|84/100|[from] item: Leftovers
|-damage|p1a: Decidueye|66/100 tox|[from] psn
|upkeep
|turn|94
|
|t:|1629385834
|move|p1a: Decidueye|Roost|p1a: Decidueye
|-heal|p1a: Decidueye|100/100 tox
|-singleturn|p1a: Decidueye|move: Roost
|move|p2a: Registeel|Seismic Toss|p1a: Decidueye
|-immune|p1a: Decidueye
|
|-heal|p2a: Registeel|90/100|[from] item: Leftovers
|-damage|p1a: Decidueye|64/100 tox|[from] psn
|upkeep
|turn|95
|
|t:|1629385839
|switch|p1a: Golisopod|Golisopod, M|76/100
|move|p2a: Registeel|Seismic Toss|p1a: Golisopod
|-damage|p1a: Golisopod|47/100
|-activate|p1a: Golisopod|ability: Emergency Exit
|
|t:|1629385846
|switch|p1a: Togekiss|Togekiss, M|27/100 tox
|
|-heal|p2a: Registeel|96/100|[from] item: Leftovers
|-damage|p1a: Togekiss|21/100 tox|[from] psn
|upkeep
|turn|96
|
|t:|1629385851
|move|p1a: Togekiss|Roost|p1a: Togekiss
|-heal|p1a: Togekiss|71/100 tox
|-singleturn|p1a: Togekiss|move: Roost
|move|p2a: Registeel|Seismic Toss|p1a: Togekiss
|-damage|p1a: Togekiss|44/100 tox
|
|-heal|p2a: Registeel|100/100|[from] item: Leftovers
|-damage|p1a: Togekiss|32/100 tox|[from] psn
|upkeep
|turn|97
|
|t:|1629385860
|switch|p1a: Decidueye|Decidueye, F|64/100 tox
|move|p2a: Registeel|Seismic Toss|p1a: Decidueye
|-immune|p1a: Decidueye
|
|-damage|p1a: Decidueye|58/100 tox|[from] psn
|upkeep
|turn|98
|
|t:|1629385865
|move|p1a: Decidueye|Roost|p1a: Decidueye
|-heal|p1a: Decidueye|100/100 tox
|-singleturn|p1a: Decidueye|move: Roost
|move|p2a: Registeel|Stealth Rock||[still]
|-fail|p2a: Registeel
|
|-damage|p1a: Decidueye|88/100 tox|[from] psn
|upkeep
|turn|99
|
|t:|1629385890
|switch|p1a: Togekiss|Togekiss, M|32/100 tox
|move|p2a: Registeel|Stealth Rock||[still]
|-fail|p2a: Registeel
|
|-damage|p1a: Togekiss|26/100 tox|[from] psn
|upkeep
|turn|100
|
|t:|1629385896
|move|p1a: Togekiss|Roost|p1a: Togekiss
|-heal|p1a: Togekiss|76/100 tox
|-singleturn|p1a: Togekiss|move: Roost
|move|p2a: Registeel|Seismic Toss|p1a: Togekiss
|-damage|p1a: Togekiss|49/100 tox
|
|-damage|p1a: Togekiss|37/100 tox|[from] psn
|upkeep
|turn|101
|inactive|CasualGabberz has 120 seconds left.
|
|t:|1629385914
|switch|p2a: Umbreon|Umbreon, F|100/100
|-damage|p2a: Umbreon|88/100|[from] Stealth Rock
|-damage|p2a: Umbreon|76/100|[from] Spikes
|move|p1a: Togekiss|Heal Bell|p1a: Togekiss
|-activate|p1a: Togekiss|move: Heal Bell
|-curestatus|p1a: Togekiss|tox|[msg]
|-curestatus|p1: Decidueye|tox|[msg]
|
|-heal|p2a: Umbreon|82/100|[from] item: Leftovers
|upkeep
|turn|102
|
|t:|1629385927
|move|p1a: Togekiss|Nasty Plot|p1a: Togekiss
|-boost|p1a: Togekiss|spa|2
|move|p2a: Umbreon|Wish|p2a: Umbreon
|
|-heal|p2a: Umbreon|88/100|[from] item: Leftovers
|upkeep
|turn|103
|
|t:|1629385933
|switch|p2a: Registeel|Registeel|100/100
|-damage|p2a: Registeel|94/100|[from] Stealth Rock
|-damage|p2a: Registeel|82/100|[from] Spikes
|move|p1a: Togekiss|Nasty Plot|p1a: Togekiss
|-boost|p1a: Togekiss|spa|2
|
|-heal|p2a: Registeel|100/100|[from] move: Wish|[wisher] Umbreon
|upkeep
|turn|104
|
|t:|1629385940
|move|p1a: Togekiss|Roost|p1a: Togekiss
|-heal|p1a: Togekiss|87/100
|-singleturn|p1a: Togekiss|move: Roost
|move|p2a: Registeel|Toxic|p1a: Togekiss
|-status|p1a: Togekiss|tox
|
|-damage|p1a: Togekiss|81/100 tox|[from] psn
|upkeep
|turn|105
|
|t:|1629385949
|switch|p1a: Decidueye|Decidueye, F|88/100
|move|p2a: Registeel|Seismic Toss|p1a: Decidueye
|-immune|p1a: Decidueye
|
|upkeep
|turn|106
|
|t:|1629385957
|move|p1a: Decidueye|Leaf Blade|p2a: Registeel
|-resisted|p2a: Registeel
|-damage|p2a: Registeel|88/100
|move|p2a: Registeel|Toxic|p1a: Decidueye
|-status|p1a: Decidueye|tox
|
|-heal|p2a: Registeel|94/100|[from] item: Leftovers
|-damage|p1a: Decidueye|82/100 tox|[from] psn
|upkeep
|turn|107
|
|t:|1629385964
|switch|p1a: Togekiss|Togekiss, M|81/100 tox
|move|p2a: Registeel|Stealth Rock||[still]
|-fail|p2a: Registeel
|
|-heal|p2a: Registeel|99/100|[from] item: Leftovers
|-damage|p1a: Togekiss|74/100 tox|[from] psn
|upkeep
|turn|108
|
|t:|1629385976
|move|p1a: Togekiss|Heal Bell|p1a: Togekiss
|-activate|p1a: Togekiss|move: Heal Bell
|-curestatus|p1a: Togekiss|tox|[msg]
|-curestatus|p1: Decidueye|tox|[msg]
|move|p2a: Registeel|Stealth Rock||[still]
|-fail|p2a: Registeel
|
|-heal|p2a: Registeel|100/100|[from] item: Leftovers
|upkeep
|turn|109
|
|t:|1629385980
|switch|p1a: Cobalion|Cobalion|100/100
|-damage|p1a: Cobalion|97/100|[from] Stealth Rock
|-damage|p1a: Cobalion|85/100|[from] Spikes
|move|p2a: Registeel|Toxic|p1a: Cobalion|[miss]
|-miss|p2a: Registeel|p1a: Cobalion
|
|-heal|p1a: Cobalion|91/100|[from] item: Leftovers
|upkeep
|turn|110
|
|t:|1629385993
|switch|p1a: Decidueye|Decidueye, F|82/100
|switch|p2a: Milotic|Milotic, M|99/100
|-damage|p2a: Milotic|88/100|[from] Stealth Rock
|-damage|p2a: Milotic|75/100|[from] Spikes
|
|-heal|p2a: Milotic|81/100|[from] item: Leftovers
|upkeep
|turn|111
|
|t:|1629386003
|switch|p2a: Registeel|Registeel|100/100
|-damage|p2a: Registeel|94/100|[from] Stealth Rock
|-damage|p2a: Registeel|82/100|[from] Spikes
|move|p1a: Decidueye|Spirit Shackle|p2a: Registeel
|-damage|p2a: Registeel|57/100
|-activate|p2a: Registeel|trapped
|
|-heal|p2a: Registeel|63/100|[from] item: Leftovers
|upkeep
|turn|112
|
|t:|1629386011
|switch|p1a: Golisopod|Golisopod, M|47/100
|move|p2a: Registeel|Toxic|p1a: Golisopod
|-status|p1a: Golisopod|tox
|
|-heal|p2a: Registeel|69/100|[from] item: Leftovers
|-damage|p1a: Golisopod|41/100 tox|[from] psn
|upkeep
|turn|113
|
|t:|1629386021
|move|p2a: Registeel|Seismic Toss|p1a: Golisopod
|-damage|p1a: Golisopod|13/100 tox
|move|p1a: Golisopod|Knock Off|p2a: Registeel
|-damage|p2a: Registeel|46/100
|-enditem|p2a: Registeel|Leftovers|[from] move: Knock Off|[of] p1a: Golisopod
|
|-damage|p1a: Golisopod|0 fnt|[from] psn
|faint|p1a: Golisopod
|upkeep
|
|t:|1629386047
|switch|p1a: Cobalion|Cobalion|91/100
|-damage|p1a: Cobalion|88/100|[from] Stealth Rock
|-damage|p1a: Cobalion|76/100|[from] Spikes
|turn|114
|
|t:|1629386054
|switch|p2a: Milotic|Milotic, M|81/100
|-damage|p2a: Milotic|69/100|[from] Stealth Rock
|-damage|p2a: Milotic|57/100|[from] Spikes
|move|p1a: Cobalion|Calm Mind|p1a: Cobalion
|-boost|p1a: Cobalion|spa|1
|-boost|p1a: Cobalion|spd|1
|
|-heal|p1a: Cobalion|82/100|[from] item: Leftovers
|-heal|p2a: Milotic|63/100|[from] item: Leftovers
|upkeep
|turn|115
|
|t:|1629386060
|switch|p1a: Decidueye|Decidueye, F|82/100
|move|p2a: Milotic|Recover|p2a: Milotic
|-heal|p2a: Milotic|100/100
|
|upkeep
|turn|116
|j| AltaiK
|l| AltaiK
|
|t:|1629386077
|switch|p2a: Registeel|Registeel|46/100
|-damage|p2a: Registeel|40/100|[from] Stealth Rock
|-damage|p2a: Registeel|28/100|[from] Spikes
|move|p1a: Decidueye|Leaf Blade|p2a: Registeel
|-resisted|p2a: Registeel
|-damage|p2a: Registeel|15/100
|
|upkeep
|turn|117
|
|t:|1629386083
|move|p1a: Decidueye|Leaf Blade|p2a: Registeel
|-resisted|p2a: Registeel
|-damage|p2a: Registeel|1/100
|move|p2a: Registeel|Toxic|p1a: Decidueye
|-status|p1a: Decidueye|tox
|
|-damage|p1a: Decidueye|76/100 tox|[from] psn
|upkeep
|turn|118
|
|t:|1629386089
|move|p2a: Registeel|Protect|p2a: Registeel
|-singleturn|p2a: Registeel|Protect
|move|p1a: Decidueye|Leaf Blade|p2a: Registeel
|-activate|p2a: Registeel|move: Protect
|
|-damage|p1a: Decidueye|64/100 tox|[from] psn
|upkeep
|turn|119
|
|t:|1629386100
|move|p2a: Registeel|Protect||[still]
|-fail|p2a: Registeel
|move|p1a: Decidueye|Roost|p1a: Decidueye
|-heal|p1a: Decidueye|100/100 tox
|-singleturn|p1a: Decidueye|move: Roost
|
|-damage|p1a: Decidueye|82/100 tox|[from] psn
|upkeep
|turn|120
|
|t:|1629386107
|switch|p1a: Togekiss|Togekiss, M|74/100
|move|p2a: Registeel|Protect||[still]
|-fail|p2a: Registeel
|
|upkeep
|turn|121
|
|t:|1629386126
|move|p1a: Togekiss|Air Slash|p2a: Registeel
|-resisted|p2a: Registeel
|-damage|p2a: Registeel|0 fnt
|faint|p2a: Registeel
|
|upkeep
|
|t:|1629386140
|switch|p2a: Cresselia|Cresselia, F|93/100
|-damage|p2a: Cresselia|80/100|[from] Stealth Rock
|turn|122
|
|t:|1629386151
|switch|p1a: Decidueye|Decidueye, F|82/100 tox
|move|p2a: Cresselia|Toxic|p1a: Decidueye
|-fail|p1a: Decidueye|tox
|
|-heal|p2a: Cresselia|86/100|[from] item: Leftovers
|-damage|p1a: Decidueye|76/100 tox|[from] psn
|upkeep
|turn|123
|inactive|CasualGabberz has 90 seconds left.
|
|t:|1629386165
|move|p1a: Decidueye|Spirit Shackle|p2a: Cresselia
|-supereffective|p2a: Cresselia
|-damage|p2a: Cresselia|53/100
|-activate|p2a: Cresselia|trapped
|move|p2a: Cresselia|Moonlight|p2a: Cresselia
|-heal|p2a: Cresselia|100/100
|
|-damage|p1a: Decidueye|64/100 tox|[from] psn
|upkeep
|turn|124
|inactive|CasualGabberz has 90 seconds left.
|
|t:|1629386171
|move|p1a: Decidueye|Roost|p1a: Decidueye
|-heal|p1a: Decidueye|100/100 tox
|-singleturn|p1a: Decidueye|move: Roost
|move|p2a: Cresselia|Psychic|p1a: Decidueye
|-damage|p1a: Decidueye|71/100 tox
|
|-damage|p1a: Decidueye|53/100 tox|[from] psn
|upkeep
|turn|125
|
|t:|1629386176
|switch|p1a: Togekiss|Togekiss, M|74/100
|move|p2a: Cresselia|Psychic|p1a: Togekiss
|-damage|p1a: Togekiss|54/100
|
|upkeep
|turn|126
|
|t:|1629386181
|move|p1a: Togekiss|Roost|p1a: Togekiss
|-heal|p1a: Togekiss|100/100
|-singleturn|p1a: Togekiss|move: Roost
|move|p2a: Cresselia|Toxic|p1a: Togekiss
|-status|p1a: Togekiss|tox
|
|-damage|p1a: Togekiss|94/100 tox|[from] psn
|upkeep
|turn|127
|
|t:|1629386184
|move|p1a: Togekiss|Nasty Plot|p1a: Togekiss
|-boost|p1a: Togekiss|spa|2
|move|p2a: Cresselia|Psychic|p1a: Togekiss
|-damage|p1a: Togekiss|73/100 tox
|
|-damage|p1a: Togekiss|61/100 tox|[from] psn
|upkeep
|turn|128
|
|t:|1629386192
|move|p1a: Togekiss|Air Slash|p2a: Cresselia
|-damage|p2a: Cresselia|57/100
|move|p2a: Cresselia|Psychic|p1a: Togekiss
|-damage|p1a: Togekiss|42/100 tox
|
|-heal|p2a: Cresselia|63/100|[from] item: Leftovers
|-damage|p1a: Togekiss|23/100 tox|[from] psn
|upkeep
|turn|129
|
|t:|1629386205
|move|p1a: Togekiss|Heal Bell|p1a: Togekiss
|-activate|p1a: Togekiss|move: Heal Bell
|-curestatus|p1a: Togekiss|tox|[msg]
|-curestatus|p1: Decidueye|tox|[msg]
|move|p2a: Cresselia|Psychic|p1a: Togekiss
|-damage|p1a: Togekiss|2/100
|
|-heal|p2a: Cresselia|69/100|[from] item: Leftovers
|upkeep
|turn|130
|
|t:|1629386214
|move|p1a: Togekiss|Air Slash|p2a: Cresselia
|-damage|p2a: Cresselia|31/100
|move|p2a: Cresselia|Toxic|p1a: Togekiss
|-status|p1a: Togekiss|tox
|
|-heal|p2a: Cresselia|37/100|[from] item: Leftovers
|-damage|p1a: Togekiss|0 fnt|[from] psn
|faint|p1a: Togekiss
|upkeep
|
|t:|1629386229
|switch|p1a: Cobalion|Cobalion|82/100
|-damage|p1a: Cobalion|70/100|[from] Spikes
|-damage|p1a: Cobalion|66/100|[from] Stealth Rock
|turn|131
|
|t:|1629386236
|move|p1a: Cobalion|Calm Mind|p1a: Cobalion
|-boost|p1a: Cobalion|spa|1
|-boost|p1a: Cobalion|spd|1
|move|p2a: Cresselia|Moonlight|p2a: Cresselia
|-heal|p2a: Cresselia|87/100
|
|-heal|p1a: Cobalion|73/100|[from] item: Leftovers
|-heal|p2a: Cresselia|93/100|[from] item: Leftovers
|upkeep
|turn|132
|
|t:|1629386240
|move|p1a: Cobalion|Substitute|p1a: Cobalion
|-start|p1a: Cobalion|Substitute
|-damage|p1a: Cobalion|48/100
|move|p2a: Cresselia|Thunder Wave||[still]
|-fail|p2a: Cresselia
|
|-heal|p1a: Cobalion|54/100|[from] item: Leftovers
|-heal|p2a: Cresselia|99/100|[from] item: Leftovers
|upkeep
|turn|133
|
|t:|1629386247
|switch|p2a: Milotic|Milotic, M|100/100
|-damage|p2a: Milotic|88/100|[from] Stealth Rock
|-damage|p2a: Milotic|76/100|[from] Spikes
|move|p1a: Cobalion|Calm Mind|p1a: Cobalion
|-boost|p1a: Cobalion|spa|1
|-boost|p1a: Cobalion|spd|1
|
|-heal|p1a: Cobalion|60/100|[from] item: Leftovers
|-heal|p2a: Milotic|82/100|[from] item: Leftovers
|upkeep
|turn|134
|
|t:|1629386252
|move|p1a: Cobalion|Focus Blast|p2a: Milotic
|-damage|p2a: Milotic|23/100
|move|p2a: Milotic|Haze|p2a: Milotic
|-clearallboost
|
|-heal|p1a: Cobalion|66/100|[from] item: Leftovers
|-heal|p2a: Milotic|29/100|[from] item: Leftovers
|upkeep
|turn|135
|inactive|CasualGabberz has 120 seconds left.
|
|t:|1629386258
|move|p1a: Cobalion|Focus Blast|p2a: Milotic
|-damage|p2a: Milotic|0 fnt
|faint|p2a: Milotic
|
|-heal|p1a: Cobalion|73/100|[from] item: Leftovers
|upkeep
|
|t:|1629386262
|switch|p2a: Cresselia|Cresselia, F|99/100
|-damage|p2a: Cresselia|87/100|[from] Stealth Rock
|turn|136
|
|t:|1629386265
|move|p1a: Cobalion|Calm Mind|p1a: Cobalion
|-boost|p1a: Cobalion|spa|1
|-boost|p1a: Cobalion|spd|1
|move|p2a: Cresselia|Psychic|p1a: Cobalion
|-activate|p1a: Cobalion|move: Substitute|[damage]
|
|-heal|p1a: Cobalion|79/100|[from] item: Leftovers
|-heal|p2a: Cresselia|93/100|[from] item: Leftovers
|upkeep
|turn|137
|
|t:|1629386267
|move|p1a: Cobalion|Calm Mind|p1a: Cobalion
|-boost|p1a: Cobalion|spa|1
|-boost|p1a: Cobalion|spd|1
|move|p2a: Cresselia|Psychic|p1a: Cobalion
|-end|p1a: Cobalion|Substitute
|
|-heal|p1a: Cobalion|85/100|[from] item: Leftovers
|-heal|p2a: Cresselia|99/100|[from] item: Leftovers
|upkeep
|turn|138
|
|t:|1629386271
|move|p1a: Cobalion|Substitute|p1a: Cobalion
|-start|p1a: Cobalion|Substitute
|-damage|p1a: Cobalion|60/100
|move|p2a: Cresselia|Psychic|p1a: Cobalion
|-activate|p1a: Cobalion|move: Substitute|[damage]
|
|-heal|p1a: Cobalion|66/100|[from] item: Leftovers
|-heal|p2a: Cresselia|100/100|[from] item: Leftovers
|upkeep
|turn|139
|
|t:|1629386274
|move|p1a: Cobalion|Calm Mind|p1a: Cobalion
|-boost|p1a: Cobalion|spa|1
|-boost|p1a: Cobalion|spd|1
|move|p2a: Cresselia|Psychic|p1a: Cobalion
|-crit|p1a: Cobalion
|-end|p1a: Cobalion|Substitute
|
|-heal|p1a: Cobalion|73/100|[from] item: Leftovers
|upkeep
|turn|140
|
|t:|1629386278
|move|p1a: Cobalion|Substitute|p1a: Cobalion
|-start|p1a: Cobalion|Substitute
|-damage|p1a: Cobalion|48/100
|move|p2a: Cresselia|Psychic|p1a: Cobalion
|-activate|p1a: Cobalion|move: Substitute|[damage]
|
|-heal|p1a: Cobalion|54/100|[from] item: Leftovers
|upkeep
|turn|141
|
|t:|1629386281
|move|p1a: Cobalion|Calm Mind|p1a: Cobalion
|-boost|p1a: Cobalion|spa|1
|-boost|p1a: Cobalion|spd|1
|move|p2a: Cresselia|Psychic|p1a: Cobalion
|-activate|p1a: Cobalion|move: Substitute|[damage]
|
|-heal|p1a: Cobalion|60/100|[from] item: Leftovers
|upkeep
|turn|142
|
|t:|1629386300
|move|p1a: Cobalion|Calm Mind|p1a: Cobalion
|-boost|p1a: Cobalion|spa|1
|-boost|p1a: Cobalion|spd|1
|move|p2a: Cresselia|Thunder Wave||[still]
|-fail|p2a: Cresselia
|
|-heal|p1a: Cobalion|66/100|[from] item: Leftovers
|upkeep
|turn|143
|j| Gva
|
|t:|1629386306
|move|p1a: Cobalion|Calm Mind|p1a: Cobalion
|-boost|p1a: Cobalion|spa|1
|-boost|p1a: Cobalion|spd|1
|move|p2a: Cresselia|Thunder Wave|p1a: Cobalion|[miss]
|-miss|p2a: Cresselia|p1a: Cobalion
|
|-heal|p1a: Cobalion|73/100|[from] item: Leftovers
|upkeep
|turn|144
|
|t:|1629386311
|move|p1a: Cobalion|Calm Mind|p1a: Cobalion
|-boost|p1a: Cobalion|spa|0
|-boost|p1a: Cobalion|spd|0
|move|p2a: Cresselia|Moonlight||[still]
|-fail|p2a: Cresselia
|
|-heal|p1a: Cobalion|79/100|[from] item: Leftovers
|upkeep
|turn|145
|
|t:|1629386314
|move|p1a: Cobalion|Calm Mind|p1a: Cobalion
|-boost|p1a: Cobalion|spa|0
|-boost|p1a: Cobalion|spd|0
|move|p2a: Cresselia|Thunder Wave||[still]
|-fail|p2a: Cresselia
|
|-heal|p1a: Cobalion|85/100|[from] item: Leftovers
|upkeep
|turn|146
|
|t:|1629386318
|move|p1a: Cobalion|Calm Mind|p1a: Cobalion
|-boost|p1a: Cobalion|spa|0
|-boost|p1a: Cobalion|spd|0
|move|p2a: Cresselia|Thunder Wave||[still]
|-fail|p2a: Cresselia
|
|-heal|p1a: Cobalion|91/100|[from] item: Leftovers
|upkeep
|turn|147
|
|t:|1629386322
|move|p1a: Cobalion|Flash Cannon|p2a: Cresselia
|-damage|p2a: Cresselia|29/100
|move|p2a: Cresselia|Thunder Wave||[still]
|-fail|p2a: Cresselia
|
|-heal|p1a: Cobalion|97/100|[from] item: Leftovers
|-heal|p2a: Cresselia|35/100|[from] item: Leftovers
|upkeep
|turn|148
|
|t:|1629386326
|move|p1a: Cobalion|Flash Cannon|p2a: Cresselia
|-damage|p2a: Cresselia|0 fnt
|faint|p2a: Cresselia
|
|-heal|p1a: Cobalion|100/100|[from] item: Leftovers
|upkeep
|
|t:|1629386330
|switch|p2a: Umbreon|Umbreon, F|88/100
|-damage|p2a: Umbreon|75/100|[from] Stealth Rock
|-damage|p2a: Umbreon|63/100|[from] Spikes
|turn|149
|
|t:|1629386332
|move|p2a: Umbreon|Protect|p2a: Umbreon
|-singleturn|p2a: Umbreon|Protect
|move|p1a: Cobalion|Flash Cannon|p2a: Umbreon
|-activate|p2a: Umbreon|move: Protect
|
|-heal|p2a: Umbreon|69/100|[from] item: Leftovers
|upkeep
|turn|150
|
|t:|1629386334
|switch|p2a: Roserade|Roserade, F|100/100
|-damage|p2a: Roserade|88/100|[from] Stealth Rock
|-damage|p2a: Roserade|76/100|[from] Spikes
|move|p1a: Cobalion|Flash Cannon|p2a: Roserade
|-damage|p2a: Roserade|0 fnt
|faint|p2a: Roserade
|
|upkeep
|
|t:|1629386336
|switch|p2a: Umbreon|Umbreon, F|69/100
|-damage|p2a: Umbreon|57/100|[from] Spikes
|-damage|p2a: Umbreon|44/100|[from] Stealth Rock
|turn|151
|c|☆Schmoden|disgusting
|-message|Schmoden forfeited.
|
|win|CasualGabberz
|raw|CasualGabberz's rating: 1534 &rarr; <strong>1559</strong><br />(+25 for winning)
|raw|Schmoden's rating: 1625 &rarr; <strong>1600</strong><br />(-25 for losing)
|l|☆Schmoden
|l| Gva
||Ladder isn't responding, score probably updated but might not have (Request timeout).
