|j|☆toxrus2
|j|☆BananuX
|t:|1596674099
|player|p1|toxrus2|pryce|1040
|player|p2|BananuX|flannery|1093
|teamsize|p1|6
|teamsize|p2|6
|gametype|singles
|gen|8
|tier|[Gen 8] RU
|rated|
|clearpoke
|poke|p1|Espeon, M|
|poke|p1|Ninetales, M|
|poke|p1|Charizard, M|
|poke|p1|Vileplume, M|
|poke|p1|Bewear, F|
|poke|p1|Rotom-Mow|
|poke|p2|Passimian, M|
|poke|p2|Vileplume, F|
|poke|p2|Silvally-*|
|poke|p2|Charizard, F|
|poke|p2|Sableye, M|
|poke|p2|Rhydon, F|
|rule|Sleep Clause Mod: Limit one foe put to sleep
|rule|Species Clause: Limit one of each Pokémon
|rule|OHKO Clause: OHKO moves are banned
|rule|Evasion Moves Clause: Evasion moves are banned
|rule|Endless Battle Clause: Forcing endless battles is banned
|rule|HP Percentage Mod: HP is shown in percentages
|rule|Dynamax Clause: You cannot dynamax
|teampreview
|inactive|Battle timer is ON: inactive players will automatically lose when time's up. (requested by toxrus2)
|
|t:|1596674118
|start
|switch|p1a: Ninetales|Ninetales, M|100/100
|switch|p2a: Passimian|Passimian, M|100/100
|-weather|SunnyDay|[from] ability: Drought|[of] p1a: Ninetales
|turn|1
|
|t:|1596674133
|move|p2a: Passimian|Rock Slide|p1a: Ninetales
|-supereffective|p1a: Ninetales
|-damage|p1a: Ninetales|40/100
|cant|p1a: Ninetales|flinch
|
|-weather|SunnyDay|[upkeep]
|upkeep
|turn|2
|
|t:|1596674140
|switch|p1a: Bewear|Bewear, F|100/100
|move|p2a: Passimian|Rock Slide|p1a: Bewear
|-resisted|p1a: Bewear
|-crit|p1a: Bewear
|-damage|p1a: Bewear|83/100
|
|-weather|SunnyDay|[upkeep]
|upkeep
|turn|3
|
|t:|1596674147
|switch|p2a: Sableye|Sableye, M|100/100
|switch|p1a: Charizard|Charizard, M|100/100
|
|-weather|SunnyDay|[upkeep]
|-damage|p1a: Charizard|88/100|[from] ability: Solar Power|[of] p1a: Charizard
|upkeep
|turn|4
|
|t:|1596674155
|move|p2a: Sableye|Toxic|p1a: Charizard
|-status|p1a: Charizard|tox
|move|p1a: Charizard|Fire Blast|p2a: Sableye
|-damage|p2a: Sableye|0 fnt
|faint|p2a: Sableye
|
|-weather|SunnyDay|[upkeep]
|-damage|p1a: Charizard|76/100 tox|[from] ability: Solar Power|[of] p1a: Charizard
|-damage|p1a: Charizard|70/100 tox|[from] psn
|upkeep
|
|t:|1596674171
|switch|p2a: Rhydon|Rhydon, F|100/100
|turn|5
|
|t:|1596674174
|move|p1a: Charizard|Solar Beam||[still]
|-prepare|p1a: Charizard|Solar Beam
|-anim|p1a: Charizard|Solar Beam|p2a: Rhydon
|-supereffective|p2a: Rhydon
|-damage|p2a: Rhydon|0 fnt
|faint|p2a: Rhydon
|
|-weather|SunnyDay|[upkeep]
|-damage|p1a: Charizard|57/100 tox|[from] ability: Solar Power|[of] p1a: Charizard
|-damage|p1a: Charizard|45/100 tox|[from] psn
|upkeep
|
|t:|1596674197
|switch|p2a: Passimian|Passimian, M|100/100
|turn|6
|
|t:|1596674202
|switch|p1a: Bewear|Bewear, F|83/100
|move|p2a: Passimian|Rock Slide|p1a: Bewear
|-resisted|p1a: Bewear
|-crit|p1a: Bewear
|-damage|p1a: Bewear|65/100
|
|-weather|SunnyDay|[upkeep]
|upkeep
|turn|7
|
|t:|1596674211
|switch|p2a: Vileplume|Vileplume, F|100/100
|switch|p1a: Espeon|Espeon, M|100/100
|
|-weather|SunnyDay|[upkeep]
|upkeep
|turn|8
|
|t:|1596674221
|switch|p2a: Silvally|Silvally-Steel|100/100
|move|p1a: Espeon|Weather Ball|p2a: Silvally
|-supereffective|p2a: Silvally
|-damage|p2a: Silvally|0 fnt
|faint|p2a: Silvally
|
|-weather|none
|upkeep
|
|t:|1596674225
|switch|p2a: Passimian|Passimian, M|100/100
|turn|9
|
|t:|1596674236
|move|p2a: Passimian|Knock Off|p1a: Espeon
|-supereffective|p1a: Espeon
|-damage|p1a: Espeon|30/100
|-enditem|p1a: Espeon|Leftovers|[from] move: Knock Off|[of] p2a: Passimian
|move|p1a: Espeon|Future Sight|p2a: Passimian
|-start|p1a: Espeon|move: Future Sight
|
|upkeep
|turn|10
|-message|BananuX forfeited.
|
|win|toxrus2
|l|☆BananuX
|raw|toxrus2's rating: 1040 &rarr; <strong>1081</strong><br />(+41 for winning)
|raw|BananuX's rating: 1112 &rarr; <strong>1082</strong><br />(-30 for losing)
