|j|☆ChickenNuggetScoon
|j|☆Sandy_Simis
|t:|1609457225
|player|p1|ChickenNuggetScoon|hoopster|1042
|player|p2|Sandy_Simis|guitarist-gen4|1179
|teamsize|p1|6
|teamsize|p2|6
|gametype|singles
|gen|8
|tier|[Gen 8] RU
|rated|
|clearpoke
|poke|p1|Abomasnow, F|
|poke|p1|Arctozolt|
|poke|p1|Arctovish|
|poke|p1|Shuckle, F|
|poke|p1|Aurorus, M|
|poke|p1|Sandslash-Alola, M|
|poke|p2|Zygarde-10%|
|poke|p2|Registeel|
|poke|p2|Togekiss, M|
|poke|p2|Volcanion|
|poke|p2|Drapion, F|
|poke|p2|Raikou|
|rule|Sleep Clause Mod: Limit one foe put to sleep
|rule|Species Clause: Limit one of each Pokémon
|rule|OHKO Clause: OHKO moves are banned
|rule|Evasion Moves Clause: Evasion moves are banned
|rule|Endless Battle Clause: Forcing endless battles is banned
|rule|HP Percentage Mod: HP is shown in percentages
|rule|Dynamax Clause: You cannot dynamax
|teampreview
|
|t:|1609457234
|start
|switch|p1a: Cuckle|Shuckle, F|100/100
|switch|p2a: Doorknob|Registeel, shiny|100/100
|turn|1
|
|t:|1609457237
|move|p2a: Doorknob|Toxic|p1a: Cuckle
|-status|p1a: Cuckle|tox
|move|p1a: Cuckle|Encore|p2a: Doorknob
|-start|p2a: Doorknob|Encore
|
|-damage|p1a: Cuckle|94/100 tox|[from] psn
|upkeep
|turn|2
|
|t:|1609457242
|switch|p2a: End|Togekiss, M, shiny|100/100
|move|p1a: Cuckle|Sticky Web|p2a: End
|-sidestart|p2: Sandy_Simis|move: Sticky Web
|
|-damage|p1a: Cuckle|82/100 tox|[from] psn
|upkeep
|turn|3
|
|t:|1609457244
|move|p2a: End|Defog|p1a: Cuckle
|-unboost|p1a: Cuckle|evasion|1
|-sideend|p2: Sandy_Simis|Sticky Web|[from] move: Defog|[of] p2a: End
|move|p1a: Cuckle|Encore|p2a: End
|-start|p2a: End|Encore
|
|-damage|p1a: Cuckle|64/100 tox|[from] psn
|upkeep
|turn|4
|
|t:|1609457255
|switch|p2a: Ruby|Drapion, F, shiny|100/100
|move|p1a: Cuckle|Toxic|p2a: Ruby|[miss]
|-miss|p1a: Cuckle|p2a: Ruby
|
|-damage|p1a: Cuckle|39/100 tox|[from] psn
|upkeep
|turn|5
|
|t:|1609457260
|move|p2a: Ruby|Knock Off|p1a: Cuckle
|-damage|p1a: Cuckle|13/100 tox
|-enditem|p1a: Cuckle|Red Card|[from] move: Knock Off|[of] p2a: Ruby
|move|p1a: Cuckle|Sticky Web|p2a: Ruby
|-sidestart|p2: Sandy_Simis|move: Sticky Web
|
|-damage|p1a: Cuckle|0 fnt|[from] psn
|faint|p1a: Cuckle
|upkeep
|
|t:|1609457271
|switch|p1a: Abomasnow|Abomasnow, F|100/100
|-weather|Hail|[from] ability: Snow Warning|[of] p1a: Abomasnow
|turn|6
|inactive|Battle timer is ON: inactive players will automatically lose when time's up. (requested by Sandy_Simis)
|
|t:|1609457277
|move|p2a: Ruby|Agility|p2a: Ruby
|-boost|p2a: Ruby|spe|2
|move|p1a: Abomasnow|Aurora Veil|p1a: Abomasnow
|-sidestart|p1: ChickenNuggetScoon|move: Aurora Veil
|
|-weather|Hail|[upkeep]
|-damage|p2a: Ruby|94/100|[from] Hail
|upkeep
|turn|7
|
|t:|1609457279
|move|p2a: Ruby|Swords Dance|p2a: Ruby
|-boost|p2a: Ruby|atk|2
|move|p1a: Abomasnow|Blizzard|p2a: Ruby
|-damage|p2a: Ruby|14/100
|-status|p2a: Ruby|frz
|
|-weather|Hail|[upkeep]
|-damage|p2a: Ruby|8/100 frz|[from] Hail
|upkeep
|turn|8
|
|t:|1609457281
|cant|p2a: Ruby|frz
|move|p1a: Abomasnow|Blizzard|p2a: Ruby
|-damage|p2a: Ruby|0 fnt
|faint|p2a: Ruby
|
|-weather|Hail|[upkeep]
|upkeep
|
|t:|1609457283
|switch|p2a: End|Togekiss, M, shiny|100/100
|turn|9
|
|t:|1609457286
|move|p2a: End|Defog|p1a: Abomasnow
|-unboost|p1a: Abomasnow|evasion|1
|-sideend|p1: ChickenNuggetScoon|move: Aurora Veil
|-sideend|p2: Sandy_Simis|Sticky Web|[from] move: Defog|[of] p2a: End
|move|p1a: Abomasnow|Blizzard|p2a: End
|-supereffective|p2a: End
|-damage|p2a: End|35/100
|-status|p2a: End|frz
|
|-weather|Hail|[upkeep]
|-damage|p2a: End|28/100 frz|[from] Hail
|upkeep
|turn|10
|
|t:|1609457293
|switch|p2a: Boiling point|Volcanion|100/100
|move|p1a: Abomasnow|Blizzard|p2a: Boiling point
|-resisted|p2a: Boiling point
|-damage|p2a: Boiling point|85/100
|-status|p2a: Boiling point|frz
|
|-weather|Hail|[upkeep]
|-damage|p2a: Boiling point|79/100 frz|[from] Hail
|upkeep
|turn|11
|c|☆ChickenNuggetScoon|I have the mandate of heaven
|c|☆ChickenNuggetScoon|Its time to surrender
|c|☆ChickenNuggetScoon|God wills it
|c|☆Sandy_Simis|Nah im guccu
|inactive|ChickenNuggetScoon has 120 seconds left.
|
|t:|1609457329
|switch|p1a: Arctozolt|Arctozolt|100/100
|-curestatus|p2a: Boiling point|frz|[from] move: Steam Eruption
|move|p2a: Boiling point|Steam Eruption|p1a: Arctozolt
|-damage|p1a: Arctozolt|0 fnt
|faint|p1a: Arctozolt
|
|-weather|Hail|[upkeep]
|-damage|p2a: Boiling point|73/100|[from] Hail
|upkeep
|
|t:|1609457338
|switch|p1a: Arctovish|Arctovish|100/100
|turn|12
|c|☆Sandy_Simis|You were saying?
|inactive|ChickenNuggetScoon has 120 seconds left.
|c|☆ChickenNuggetScoon|fuck u
|
|t:|1609457357
|switch|p2a: Doorknob|Registeel, shiny|100/100
|move|p1a: Arctovish|Aurora Veil|p1a: Arctovish
|-sidestart|p1: ChickenNuggetScoon|move: Aurora Veil
|
|-weather|Hail|[upkeep]
|-damage|p2a: Doorknob|94/100|[from] Hail
|-heal|p2a: Doorknob|100/100|[from] item: Leftovers
|upkeep
|turn|13
|
|t:|1609457368
|move|p1a: Arctovish|Fishious Rend|p2a: Doorknob
|-damage|p2a: Doorknob|52/100
|-damage|p1a: Arctovish|91/100|[from] item: Life Orb
|move|p2a: Doorknob|Toxic|p1a: Arctovish|[miss]
|-miss|p2a: Doorknob|p1a: Arctovish
|
|-weather|none
|-heal|p2a: Doorknob|58/100|[from] item: Leftovers
|upkeep
|turn|14
|inactive|ChickenNuggetScoon has 120 seconds left.
|
|t:|1609457378
|switch|p1a: Aurorus|Aurorus, M|100/100
|-weather|Hail|[from] ability: Snow Warning|[of] p1a: Aurorus
|move|p2a: Doorknob|Body Press|p1a: Aurorus
|-supereffective|p1a: Aurorus
|-damage|p1a: Aurorus|32/100
|
|-weather|Hail|[upkeep]
|-damage|p2a: Doorknob|52/100|[from] Hail
|-heal|p2a: Doorknob|58/100|[from] item: Leftovers
|upkeep
|turn|15
|
|t:|1609457384
|move|p1a: Aurorus|Blizzard|p2a: Doorknob
|-resisted|p2a: Doorknob
|-damage|p2a: Doorknob|45/100
|move|p2a: Doorknob|Stealth Rock|p1a: Aurorus
|-sidestart|p1: ChickenNuggetScoon|move: Stealth Rock
|
|-weather|Hail|[upkeep]
|-damage|p2a: Doorknob|39/100|[from] Hail
|-heal|p2a: Doorknob|45/100|[from] item: Leftovers
|upkeep
|turn|16
|
|t:|1609457391
|move|p1a: Aurorus|Blizzard|p2a: Doorknob
|-resisted|p2a: Doorknob
|-damage|p2a: Doorknob|33/100
|move|p2a: Doorknob|Body Press|p1a: Aurorus
|-supereffective|p1a: Aurorus
|-damage|p1a: Aurorus|0 fnt
|faint|p1a: Aurorus
|
|-weather|Hail|[upkeep]
|-damage|p2a: Doorknob|27/100|[from] Hail
|-heal|p2a: Doorknob|33/100|[from] item: Leftovers
|-sideend|p1: ChickenNuggetScoon|move: Aurora Veil
|upkeep
|
|t:|1609457405
|switch|p1a: Arctovish|Arctovish|91/100
|-damage|p1a: Arctovish|66/100|[from] Stealth Rock
|turn|17
|
|t:|1609457423
|move|p1a: Arctovish|Aurora Veil|p1a: Arctovish
|-sidestart|p1: ChickenNuggetScoon|move: Aurora Veil
|move|p2a: Doorknob|Body Press|p1a: Arctovish
|-supereffective|p1a: Arctovish
|-damage|p1a: Arctovish|23/100
|
|-weather|Hail|[upkeep]
|-damage|p2a: Doorknob|27/100|[from] Hail
|-heal|p2a: Doorknob|33/100|[from] item: Leftovers
|upkeep
|turn|18
|
|t:|1609457428
|switch|p2a: Boiling point|Volcanion|73/100
|move|p1a: Arctovish|Fishious Rend|p2a: Boiling point
|-heal|p2a: Boiling point|98/100|[from] ability: Water Absorb|[of] p1a: Arctovish
|
|-weather|Hail|[upkeep]
|-damage|p2a: Boiling point|92/100|[from] Hail
|upkeep
|turn|19
|
|t:|1609457433
|move|p1a: Arctovish|Blizzard|p2a: Boiling point
|-resisted|p2a: Boiling point
|-damage|p2a: Boiling point|79/100
|-damage|p1a: Arctovish|13/100|[from] item: Life Orb
|move|p2a: Boiling point|Flamethrower|p1a: Arctovish
|-damage|p1a: Arctovish|0 fnt
|faint|p1a: Arctovish
|
|-weather|Hail|[upkeep]
|-damage|p2a: Boiling point|73/100|[from] Hail
|upkeep
|
|t:|1609457449
|switch|p1a: Abomasnow|Abomasnow, F|100/100
|-damage|p1a: Abomasnow|76/100|[from] Stealth Rock
|turn|20
|
|t:|1609457454
|move|p2a: Boiling point|Flamethrower|p1a: Abomasnow
|-supereffective|p1a: Abomasnow
|-damage|p1a: Abomasnow|0 fnt
|faint|p1a: Abomasnow
|
|-weather|Hail|[upkeep]
|-damage|p2a: Boiling point|67/100|[from] Hail
|upkeep
|
|t:|1609457455
|switch|p1a: Sandslash|Sandslash-Alola, M|100/100
|-damage|p1a: Sandslash|88/100|[from] Stealth Rock
|turn|21
|
|t:|1609457461
|switch|p2a: End|Togekiss, M, shiny|28/100 frz
|move|p1a: Sandslash|Swords Dance|p1a: Sandslash
|-boost|p1a: Sandslash|atk|2
|
|-weather|none
|-sideend|p1: ChickenNuggetScoon|move: Aurora Veil
|upkeep
|turn|22
|
|t:|1609457466
|cant|p2a: End|frz
|move|p1a: Sandslash|Iron Head|p2a: End
|-supereffective|p2a: End
|-damage|p2a: End|0 fnt
|-damage|p1a: Sandslash|78/100|[from] item: Life Orb
|faint|p2a: End
|
|upkeep
|
|t:|1609457470
|switch|p2a: Boiling point|Volcanion|67/100
|turn|23
|c|☆Sandy_Simis|Gg
|
|t:|1609457478
|move|p2a: Boiling point|Flamethrower|p1a: Sandslash
|-supereffective|p1a: Sandslash
|-damage|p1a: Sandslash|0 fnt
|faint|p1a: Sandslash
|
|win|Sandy_Simis
|l|☆ChickenNuggetScoon
|raw|ChickenNuggetScoon's rating: 1026 &rarr; <strong>1019</strong><br />(-7 for losing)
|raw|Sandy_Simis's rating: 1202 &rarr; <strong>1215</strong><br />(+13 for winning)
|player|p2|Sandy_Simis|guitarist-gen4
|j| GymLeader Avery
