|j|☆Mac3
|j|☆GreedentFan69
|player|p1|Mac3|279|1620
|player|p2|GreedentFan69|greta-gen3|1461
|teamsize|p1|6
|teamsize|p2|6
|gametype|singles
|gen|8
|tier|[Gen 8] RU
|rated|
|clearpoke
|poke|p1|Bronzor|
|poke|p1|Eldegoss, F|
|poke|p1|Mantine, M|
|poke|p1|Quagsire, M|
|poke|p1|Sableye, M|
|poke|p1|Xatu, M|
|poke|p2|Sableye, M|
|poke|p2|Glaceon, M|
|poke|p2|Scrafty, M|
|poke|p2|Steelix, M|
|poke|p2|Charizard, M|
|poke|p2|Salazzle, F|
|rule|Sleep Clause Mod: Limit one foe put to sleep
|rule|Species Clause: Limit one of each Pokémon
|rule|OHKO Clause: OHKO moves are banned
|rule|Evasion Moves Clause: Evasion moves are banned
|rule|Endless Battle Clause: Forcing endless battles is banned
|rule|HP Percentage Mod: HP is shown in percentages
|rule|Dynamax Clause: You cannot dynamax
|teampreview
|j| fruit soup
|c|☆Mac3|hf
|c|☆GreedentFan69|u2
|
|start
|switch|p1a: Mantine|Mantine, M|100/100
|switch|p2a: Glaceon|Glaceon, M|100/100
|turn|1
|
|switch|p1a: Bronzor|Bronzor|100/100
|move|p2a: Glaceon|Substitute|p2a: Glaceon
|-start|p2a: Glaceon|Substitute
|-damage|p2a: Glaceon|76/100
|
|upkeep
|turn|2
|
|move|p2a: Glaceon|Ice Beam|p1a: Bronzor
|-resisted|p1a: Bronzor
|-damage|p1a: Bronzor|85/100
|move|p1a: Bronzor|Gyro Ball|p2a: Glaceon
|-supereffective|p2a: Glaceon
|-end|p2a: Glaceon|Substitute
|
|upkeep
|turn|3
|
|switch|p2a: Salazzle|Salazzle, F|100/100
|move|p1a: Bronzor|Stealth Rock|p2a: Salazzle
|-sidestart|p2: GreedentFan69|move: Stealth Rock
|
|upkeep
|turn|4
|
|switch|p2a: Scrafty|Scrafty, M|100/100
|-damage|p2a: Scrafty|94/100|[from] Stealth Rock
|switch|p1a: Xatu|Xatu, M|100/100
|
|-heal|p2a: Scrafty|100/100|[from] item: Leftovers
|upkeep
|turn|5
|
|move|p1a: Xatu|U-turn|p2a: Scrafty
|-damage|p2a: Scrafty|89/100
|
|switch|p1a: Sableye|Sableye, M|100/100|[from]move: U-turn
|move|p2a: Scrafty|Dragon Dance|p2a: Scrafty
|-boost|p2a: Scrafty|atk|1
|-boost|p2a: Scrafty|spe|1
|
|-heal|p2a: Scrafty|95/100|[from] item: Leftovers
|upkeep
|turn|6
|
|move|p2a: Scrafty|Dragon Dance|p2a: Scrafty
|-boost|p2a: Scrafty|atk|1
|-boost|p2a: Scrafty|spe|1
|move|p1a: Sableye|Knock Off|p2a: Scrafty
|-resisted|p2a: Scrafty
|-damage|p2a: Scrafty|89/100
|-enditem|p2a: Scrafty|Leftovers|[from] move: Knock Off|[of] p1a: Sableye
|
|upkeep
|turn|7
|
|switch|p1a: Quagsire|Quagsire, M|100/100
|move|p2a: Scrafty|Knock Off|p1a: Quagsire
|-damage|p1a: Quagsire|64/100
|-enditem|p1a: Quagsire|Leftovers|[from] move: Knock Off|[of] p2a: Scrafty
|
|upkeep
|turn|8
|
|move|p2a: Scrafty|Grass Knot|p1a: Quagsire
|-supereffective|p1a: Quagsire
|-damage|p1a: Quagsire|18/100
|move|p1a: Quagsire|Recover|p1a: Quagsire
|-heal|p1a: Quagsire|68/100
|
|upkeep
|turn|9
|
|move|p2a: Scrafty|Grass Knot|p1a: Quagsire
|-supereffective|p1a: Quagsire
|-damage|p1a: Quagsire|22/100
|move|p1a: Quagsire|Recover|p1a: Quagsire
|-heal|p1a: Quagsire|72/100
|
|upkeep
|turn|10
|
|move|p2a: Scrafty|Grass Knot|p1a: Quagsire
|-supereffective|p1a: Quagsire
|-damage|p1a: Quagsire|22/100
|move|p1a: Quagsire|Toxic|p2a: Scrafty
|-status|p2a: Scrafty|tox
|
|-damage|p2a: Scrafty|82/100 tox|[from] psn
|upkeep
|turn|11
|
|switch|p1a: Mantine|Mantine, M|100/100
|move|p2a: Scrafty|Knock Off|p1a: Mantine
|-damage|p1a: Mantine|0 fnt
|-enditem|p1a: Mantine|Leftovers|[from] move: Knock Off|[of] p2a: Scrafty
|faint|p1a: Mantine
|
|-activate|p2a: Scrafty|ability: Shed Skin
|-curestatus|p2a: Scrafty|tox|[msg]
|upkeep
|c|☆GreedentFan69|LOOOL
|c|☆GreedentFan69|COUNTERTEAM
|c|☆Mac3|i beg
|
|switch|p1a: Sableye|Sableye, M|100/100
|turn|12
|c|☆GreedentFan69|:(
|
|move|p2a: Scrafty|Dragon Dance|p2a: Scrafty
|-boost|p2a: Scrafty|atk|1
|-boost|p2a: Scrafty|spe|1
|move|p1a: Sableye|Knock Off|p2a: Scrafty
|-resisted|p2a: Scrafty
|-damage|p2a: Scrafty|78/100
|
|upkeep
|turn|13
|
|move|p2a: Scrafty|Dragon Dance|p2a: Scrafty
|-boost|p2a: Scrafty|atk|1
|-boost|p2a: Scrafty|spe|1
|move|p1a: Sableye|Knock Off|p2a: Scrafty
|-resisted|p2a: Scrafty
|-damage|p2a: Scrafty|74/100
|
|upkeep
|turn|14
|
|move|p2a: Scrafty|Dragon Dance|p2a: Scrafty
|-boost|p2a: Scrafty|atk|1
|-boost|p2a: Scrafty|spe|1
|move|p1a: Sableye|Knock Off|p2a: Scrafty
|-resisted|p2a: Scrafty
|-damage|p2a: Scrafty|70/100
|
|upkeep
|turn|15
|
|move|p2a: Scrafty|Dragon Dance|p2a: Scrafty
|-boost|p2a: Scrafty|atk|1
|-boost|p2a: Scrafty|spe|1
|move|p1a: Sableye|Knock Off|p2a: Scrafty
|-resisted|p2a: Scrafty
|-damage|p2a: Scrafty|66/100
|
|upkeep
|turn|16
|
|move|p2a: Scrafty|Knock Off|p1a: Sableye
|-damage|p1a: Sableye|0 fnt
|-enditem|p1a: Sableye|Leftovers|[from] move: Knock Off|[of] p2a: Scrafty
|faint|p1a: Sableye
|
|upkeep
|c|☆GreedentFan69|gg man
|
|switch|p1a: Eldegoss|Eldegoss, F|100/100
|turn|17
|
|move|p2a: Scrafty|Knock Off|p1a: Eldegoss
|-crit|p1a: Eldegoss
|-damage|p1a: Eldegoss|0 fnt
|-enditem|p1a: Eldegoss|Leftovers|[from] move: Knock Off|[of] p2a: Scrafty
|faint|p1a: Eldegoss
|
|upkeep
|
|switch|p1a: Xatu|Xatu, M|100/100
|turn|18
|c|☆GreedentFan69|shoutouts fruit soap
|c|☆GreedentFan69|for the set
|
|move|p2a: Scrafty|Knock Off|p1a: Xatu
|-supereffective|p1a: Xatu
|-damage|p1a: Xatu|0 fnt
|-enditem|p1a: Xatu|Leftovers|[from] move: Knock Off|[of] p2a: Scrafty
|faint|p1a: Xatu
|
|upkeep
|c|☆Mac3|play me again ye?
|-message|Mac3 forfeited.
|
|win|GreedentFan69
