|j|☆Dancanmanfan
|j|☆carbonlifeform_exp
|t:|1665773097
|gametype|singles
|player|p1|Dancanmanfan|clay|1457
|player|p2|carbonlifeform_exp|170|1554
|teamsize|p1|6
|teamsize|p2|6
|gen|8
|tier|[Gen 8] RU
|rated|
|rule|Sleep Clause Mod: Limit one foe put to sleep
|rule|Species Clause: Limit one of each Pokémon
|rule|OHKO Clause: OHKO moves are banned
|rule|Evasion Items Clause: Evasion items are banned
|rule|Evasion Moves Clause: Evasion moves are banned
|rule|Endless Battle Clause: Forcing endless battles is banned
|rule|HP Percentage Mod: HP is shown in percentages
|rule|Dynamax Clause: You cannot dynamax
|clearpoke
|poke|p1|Corsola-Galar, F|
|poke|p1|Togekiss, F|
|poke|p1|Gastrodon, F|
|poke|p1|Reuniclus, F|
|poke|p1|Registeel|
|poke|p1|Bewear, F|
|poke|p2|Flygon, F|
|poke|p2|Golisopod, M|
|poke|p2|Umbreon, F|
|poke|p2|Registeel|
|poke|p2|Celebi|
|poke|p2|Incineroar, M|
|teampreview
|inactive|Battle timer is ON: inactive players will automatically lose when time's up. (requested by Dancanmanfan)
|c|☆Dancanmanfan|hf
|c|☆carbonlifeform_exp|u2
|
|t:|1665773124
|start
|switch|p1a: Corsola|Corsola-Galar, F|100/100
|switch|p2a: Incineroar|Incineroar, M|100/100
|-ability|p2a: Incineroar|Intimidate|boost
|-unboost|p1a: Corsola|atk|1
|turn|1
|
|t:|1665773130
|switch|p1a: Gastrodon|Gastrodon, F|100/100
|move|p2a: Incineroar|Swords Dance|p2a: Incineroar
|-boost|p2a: Incineroar|atk|2
|
|upkeep
|turn|2
|
|t:|1665773136
|move|p2a: Incineroar|Knock Off|p1a: Gastrodon
|-damage|p1a: Gastrodon|30/100
|-damage|p2a: Incineroar|84/100|[from] item: Rocky Helmet|[of] p1a: Gastrodon
|-activate|p1a: Gastrodon|ability: Sticky Hold
|move|p1a: Gastrodon|Earth Power|p2a: Incineroar
|-supereffective|p2a: Incineroar
|-damage|p2a: Incineroar|17/100
|-unboost|p2a: Incineroar|spd|1
|
|upkeep
|turn|3
|
|t:|1665773151
|switch|p1a: Togekiss|Togekiss, F|100/100
|move|p2a: Incineroar|Knock Off|p1a: Togekiss
|-resisted|p1a: Togekiss
|-damage|p1a: Togekiss|49/100
|-enditem|p1a: Togekiss|Heavy-Duty Boots|[from] move: Knock Off|[of] p2a: Incineroar
|
|upkeep
|turn|4
|
|t:|1665773158
|switch|p2a: Registeel|Registeel|100/100
|move|p1a: Togekiss|Air Slash|p2a: Registeel
|-resisted|p2a: Registeel
|-damage|p2a: Registeel|93/100
|
|-heal|p2a: Registeel|99/100|[from] item: Leftovers
|upkeep
|turn|5
|
|t:|1665773168
|switch|p1a: Reuniclus|Reuniclus, F|100/100
|move|p2a: Registeel|Thunder Wave|p1a: Reuniclus|[miss]
|-miss|p2a: Registeel|p1a: Reuniclus
|
|-heal|p2a: Registeel|100/100|[from] item: Leftovers
|upkeep
|turn|6
|
|t:|1665773175
|switch|p2a: Golisopod|Golisopod, M|100/100
|switch|p1a: Gastrodon|Gastrodon, F|30/100
|
|upkeep
|turn|7
|
|t:|1665773182
|move|p2a: Golisopod|Spikes|p1a: Gastrodon
|-sidestart|p1: Dancanmanfan|Spikes
|move|p1a: Gastrodon|Recover|p1a: Gastrodon
|-heal|p1a: Gastrodon|80/100
|
|upkeep
|turn|8
|
|t:|1665773186
|move|p2a: Golisopod|Spikes|p1a: Gastrodon
|-sidestart|p1: Dancanmanfan|Spikes
|move|p1a: Gastrodon|Toxic|p2a: Golisopod
|-status|p2a: Golisopod|tox
|
|-damage|p2a: Golisopod|94/100 tox|[from] psn
|upkeep
|turn|9
|
|t:|1665773202
|switch|p1a: Togekiss|Togekiss, F|49/100
|move|p2a: Golisopod|Leech Life|p1a: Togekiss
|-resisted|p1a: Togekiss
|-damage|p1a: Togekiss|39/100
|-heal|p2a: Golisopod|99/100 tox|[from] drain|[of] p1a: Togekiss
|
|-damage|p2a: Golisopod|88/100 tox|[from] psn
|upkeep
|turn|10
|
|t:|1665773210
|move|p1a: Togekiss|Defog|p2a: Golisopod
|-unboost|p2a: Golisopod|evasion|1
|-sideend|p1: Dancanmanfan|Spikes|[from] move: Defog|[of] p1a: Togekiss
|move|p2a: Golisopod|Liquidation|p1a: Togekiss
|-damage|p1a: Togekiss|0 fnt
|faint|p1a: Togekiss
|
|-damage|p2a: Golisopod|69/100 tox|[from] psn
|upkeep
|
|t:|1665773215
|switch|p1a: Bewear|Bewear, F|100/100
|turn|11
|
|t:|1665773221
|switch|p2a: Celebi|Celebi|100/100
|move|p1a: Bewear|Body Slam|p2a: Celebi
|-damage|p2a: Celebi|53/100
|
|upkeep
|turn|12
|
|t:|1665773229
|switch|p1a: Registeel|Registeel|100/100
|move|p2a: Celebi|Psychic|p1a: Registeel
|-resisted|p1a: Registeel
|-damage|p1a: Registeel|88/100
|-damage|p2a: Celebi|43/100|[from] item: Life Orb
|
|-heal|p1a: Registeel|94/100|[from] item: Leftovers
|upkeep
|turn|13
|
|t:|1665773239
|switch|p2a: Flygon|Flygon, F|100/100
|move|p1a: Registeel|Curse|p1a: Registeel
|-unboost|p1a: Registeel|spe|1
|-boost|p1a: Registeel|atk|1
|-boost|p1a: Registeel|def|1
|
|-heal|p1a: Registeel|100/100|[from] item: Leftovers
|upkeep
|turn|14
|
|t:|1665773249
|switch|p2a: Registeel|Registeel|100/100
|move|p1a: Registeel|Curse|p1a: Registeel
|-unboost|p1a: Registeel|spe|1
|-boost|p1a: Registeel|atk|1
|-boost|p1a: Registeel|def|1
|
|upkeep
|turn|15
|
|t:|1665773255
|move|p2a: Registeel|Iron Defense|p2a: Registeel
|-boost|p2a: Registeel|def|2
|move|p1a: Registeel|Body Press|p2a: Registeel
|-supereffective|p2a: Registeel
|-damage|p2a: Registeel|65/100
|
|-heal|p2a: Registeel|71/100|[from] item: Leftovers
|upkeep
|turn|16
|j| MARC0H15
|
|t:|1665773262
|move|p2a: Registeel|Iron Defense|p2a: Registeel
|-boost|p2a: Registeel|def|2
|move|p1a: Registeel|Curse|p1a: Registeel
|-unboost|p1a: Registeel|spe|1
|-boost|p1a: Registeel|atk|1
|-boost|p1a: Registeel|def|1
|
|-heal|p2a: Registeel|77/100|[from] item: Leftovers
|upkeep
|turn|17
|
|t:|1665773269
|move|p2a: Registeel|Iron Defense|p2a: Registeel
|-boost|p2a: Registeel|def|2
|move|p1a: Registeel|Curse|p1a: Registeel
|-unboost|p1a: Registeel|spe|1
|-boost|p1a: Registeel|atk|1
|-boost|p1a: Registeel|def|1
|
|-heal|p2a: Registeel|83/100|[from] item: Leftovers
|upkeep
|turn|18
|
|t:|1665773276
|move|p2a: Registeel|Body Press|p1a: Registeel
|-supereffective|p1a: Registeel
|-damage|p1a: Registeel|58/100
|move|p1a: Registeel|Curse|p1a: Registeel
|-unboost|p1a: Registeel|spe|1
|-boost|p1a: Registeel|atk|1
|-boost|p1a: Registeel|def|1
|
|-heal|p2a: Registeel|89/100|[from] item: Leftovers
|-heal|p1a: Registeel|64/100|[from] item: Leftovers
|upkeep
|turn|19
|
|t:|1665773286
|move|p2a: Registeel|Body Press|p1a: Registeel
|-supereffective|p1a: Registeel
|-damage|p1a: Registeel|27/100
|move|p1a: Registeel|Curse|p1a: Registeel
|-unboost|p1a: Registeel|spe|1
|-boost|p1a: Registeel|atk|1
|-boost|p1a: Registeel|def|1
|
|-heal|p2a: Registeel|95/100|[from] item: Leftovers
|-heal|p1a: Registeel|33/100|[from] item: Leftovers
|upkeep
|turn|20
|
|t:|1665773295
|move|p2a: Registeel|Body Press|p1a: Registeel
|-supereffective|p1a: Registeel
|-damage|p1a: Registeel|0 fnt
|faint|p1a: Registeel
|
|-heal|p2a: Registeel|100/100|[from] item: Leftovers
|upkeep
|
|t:|1665773305
|switch|p1a: Corsola|Corsola-Galar, F|100/100
|turn|21
|
|t:|1665773316
|switch|p2a: Umbreon|Umbreon, F|100/100
|move|p1a: Corsola|Will-O-Wisp|p2a: Umbreon
|-status|p2a: Umbreon|brn
|-activate|p2a: Umbreon|ability: Synchronize
|-status|p1a: Corsola|brn
|
|-damage|p2a: Umbreon|94/100 brn|[from] brn
|-damage|p1a: Corsola|94/100 brn|[from] brn
|upkeep
|turn|22
|
|t:|1665773326
|move|p2a: Umbreon|Heal Bell|p2a: Umbreon
|-activate|p2a: Umbreon|move: Heal Bell
|-curestatus|p2a: Umbreon|brn|[msg]
|-curestatus|p2: Golisopod|tox|[msg]
|move|p1a: Corsola|Stealth Rock|p2a: Umbreon
|-sidestart|p2: carbonlifeform_exp|move: Stealth Rock
|
|-heal|p2a: Umbreon|100/100|[from] item: Leftovers
|-damage|p1a: Corsola|88/100 brn|[from] brn
|upkeep
|turn|23
|
|t:|1665773335
|move|p2a: Umbreon|Wish|p2a: Umbreon
|move|p1a: Corsola|Will-O-Wisp|p2a: Umbreon|[miss]
|-miss|p1a: Corsola|p2a: Umbreon
|
|-damage|p1a: Corsola|82/100 brn|[from] brn
|upkeep
|turn|24
|
|t:|1665773342
|switch|p2a: Celebi|Celebi|43/100
|-damage|p2a: Celebi|31/100|[from] Stealth Rock
|move|p1a: Corsola|Night Shade|p2a: Celebi
|-damage|p2a: Celebi|1/100
|
|-heal|p2a: Celebi|59/100|[from] move: Wish|[wisher] Umbreon
|-damage|p1a: Corsola|76/100 brn|[from] brn
|upkeep
|turn|25
|
|t:|1665773354
|move|p2a: Celebi|Nasty Plot|p2a: Celebi
|-boost|p2a: Celebi|spa|2
|move|p1a: Corsola|Night Shade|p2a: Celebi
|-damage|p2a: Celebi|30/100
|
|-damage|p1a: Corsola|70/100 brn|[from] brn
|upkeep
|turn|26
|
|t:|1665773360
|move|p2a: Celebi|Giga Drain|p1a: Corsola
|-damage|p1a: Corsola|25/100 brn
|-heal|p2a: Celebi|51/100|[from] drain|[of] p1a: Corsola
|-damage|p2a: Celebi|41/100|[from] item: Life Orb
|move|p1a: Corsola|Night Shade|p2a: Celebi
|-damage|p2a: Celebi|12/100
|
|-damage|p1a: Corsola|19/100 brn|[from] brn
|upkeep
|turn|27
|
|t:|1665773372
|move|p2a: Celebi|Giga Drain|p1a: Corsola
|-damage|p1a: Corsola|0 fnt
|-heal|p2a: Celebi|20/100|[from] drain|[of] p1a: Corsola
|faint|p1a: Corsola
|-damage|p2a: Celebi|10/100|[from] item: Life Orb
|
|upkeep
|
|t:|1665773375
|switch|p1a: Reuniclus|Reuniclus, F|100/100
|turn|28
|
|t:|1665773382
|move|p2a: Celebi|Giga Drain|p1a: Reuniclus
|-damage|p1a: Reuniclus|31/100
|-heal|p2a: Celebi|54/100|[from] drain|[of] p1a: Reuniclus
|-damage|p2a: Celebi|44/100|[from] item: Life Orb
|move|p1a: Reuniclus|Calm Mind|p1a: Reuniclus
|-boost|p1a: Reuniclus|spa|1
|-boost|p1a: Reuniclus|spd|1
|
|-heal|p1a: Reuniclus|37/100|[from] item: Leftovers
|upkeep
|turn|29
|
|t:|1665773390
|move|p2a: Celebi|Giga Drain|p1a: Reuniclus
|-damage|p1a: Reuniclus|0 fnt
|-heal|p2a: Celebi|66/100|[from] drain|[of] p1a: Reuniclus
|faint|p1a: Reuniclus
|-damage|p2a: Celebi|57/100|[from] item: Life Orb
|
|upkeep
|-message|Dancanmanfan forfeited.
|
|win|carbonlifeform_exp
|raw|Dancanmanfan's rating: 1457 &rarr; <strong>1442</strong><br />(-15 for losing)
|raw|carbonlifeform_exp's rating: 1554 &rarr; <strong>1569</strong><br />(+15 for winning)
|l|☆Dancanmanfan
|c|☆carbonlifeform_exp|gg
||Ladder isn't responding, score probably updated but might not have (Request timeout).
