|j|☆testaccount#07
|j|☆Master jvag
|t:|1618413867
|gametype|singles
|player|p1|testaccount#07|170|1299
|player|p2|Master jvag|giovanni|1318
|teamsize|p1|6
|teamsize|p2|6
|gen|8
|tier|[Gen 8] RU
|rated|
|clearpoke
|poke|p1|Salazzle, F|
|poke|p1|Stakataka|
|poke|p1|Togekiss, F|
|poke|p1|Gastrodon-East, F|
|poke|p1|Zarude|
|poke|p1|Mienshao, M|
|poke|p2|Raikou|
|poke|p2|Zarude|
|poke|p2|Togekiss, M|
|poke|p2|Milotic, M|
|poke|p2|Steelix, F|
|poke|p2|Mienshao, M|
|rule|Sleep Clause Mod: Limit one foe put to sleep
|rule|Species Clause: Limit one of each Pokémon
|rule|OHKO Clause: OHKO moves are banned
|rule|Evasion Moves Clause: Evasion moves are banned
|rule|Endless Battle Clause: Forcing endless battles is banned
|rule|HP Percentage Mod: HP is shown in percentages
|rule|Dynamax Clause: You cannot dynamax
|teampreview
|
|t:|1618413909
|start
|switch|p1a: Mienshao|Mienshao, M|100/100
|switch|p2a: Steelix|Steelix, F|100/100
|turn|1
|
|t:|1618413915
|move|p1a: Mienshao|U-turn|p2a: Steelix
|-resisted|p2a: Steelix
|-damage|p2a: Steelix|94/100
|
|t:|1618413918
|switch|p1a: Gastrodon|Gastrodon-East, F|100/100|[from]move: U-turn
|move|p2a: Steelix|Stealth Rock|p1a: Gastrodon
|-sidestart|p1: testaccount#07|move: Stealth Rock
|
|-heal|p2a: Steelix|99/100|[from] item: Leftovers
|upkeep
|turn|2
|
|t:|1618413930
|move|p1a: Gastrodon|Earth Power|p2a: Steelix
|-supereffective|p2a: Steelix
|-damage|p2a: Steelix|48/100
|move|p2a: Steelix|Toxic|p1a: Gastrodon
|-status|p1a: Gastrodon|tox
|
|-heal|p2a: Steelix|54/100|[from] item: Leftovers
|-damage|p1a: Gastrodon|94/100 tox|[from] psn
|upkeep
|turn|3
|
|t:|1618413948
|switch|p2a: Zarude|Zarude|100/100
|move|p1a: Gastrodon|Ice Beam|p2a: Zarude
|-supereffective|p2a: Zarude
|-damage|p2a: Zarude|62/100
|
|-heal|p1a: Gastrodon|100/100 tox|[from] item: Leftovers
|-damage|p1a: Gastrodon|88/100 tox|[from] psn
|upkeep
|turn|4
|
|t:|1618413958
|switch|p1a: Togekiss|Togekiss, F|100/100
|move|p2a: Zarude|U-turn|p1a: Togekiss
|-resisted|p1a: Togekiss
|-damage|p1a: Togekiss|95/100
|
|t:|1618413967
|switch|p2a: Steelix|Steelix, F|54/100|[from]move: U-turn
|
|-heal|p2a: Steelix|60/100|[from] item: Leftovers
|upkeep
|turn|5
|inactive|Battle timer is ON: inactive players will automatically lose when time's up. (requested by Master jvag)
|
|t:|1618413992
|switch|p1a: Gastrodon|Gastrodon-East, F|88/100 tox
|-damage|p1a: Gastrodon|82/100 tox|[from] Stealth Rock
|move|p2a: Steelix|Heavy Slam|p1a: Gastrodon
|-resisted|p1a: Gastrodon
|-damage|p1a: Gastrodon|67/100 tox
|
|-heal|p1a: Gastrodon|74/100 tox|[from] item: Leftovers
|-heal|p2a: Steelix|66/100|[from] item: Leftovers
|-damage|p1a: Gastrodon|67/100 tox|[from] psn
|upkeep
|turn|6
|
|t:|1618414006
|switch|p2a: Togekiss|Togekiss, M|100/100
|move|p1a: Gastrodon|Recover|p1a: Gastrodon
|-heal|p1a: Gastrodon|100/100 tox
|
|-damage|p1a: Gastrodon|88/100 tox|[from] psn
|upkeep
|turn|7
|
|t:|1618414012
|switch|p1a: Stakataka|Stakataka|100/100
|-damage|p1a: Stakataka|94/100|[from] Stealth Rock
|move|p2a: Togekiss|Air Slash|p1a: Stakataka
|-resisted|p1a: Stakataka
|-damage|p1a: Stakataka|88/100
|
|-heal|p1a: Stakataka|94/100|[from] item: Leftovers
|upkeep
|turn|8
|
|t:|1618414020
|switch|p2a: Milotic|Milotic, M|100/100
|move|p1a: Stakataka|Stealth Rock|p2a: Milotic
|-sidestart|p2: Master jvag|move: Stealth Rock
|
|-heal|p1a: Stakataka|99/100|[from] item: Leftovers
|upkeep
|turn|9
|
|t:|1618414052
|switch|p2a: Zarude|Zarude|62/100
|switch|p1a: Gastrodon|Gastrodon-East, F|88/100 tox
|-damage|p1a: Gastrodon|82/100 tox|[from] Stealth Rock
|
|-heal|p1a: Gastrodon|88/100 tox|[from] item: Leftovers
|-damage|p1a: Gastrodon|82/100 tox|[from] psn
|upkeep
|turn|10
|
|t:|1618414059
|switch|p1a: Togekiss|Togekiss, F|95/100
|move|p2a: Zarude|Jungle Healing|p2a: Zarude
|-heal|p2a: Zarude|87/100
|
|upkeep
|turn|11
|
|t:|1618414067
|move|p2a: Zarude|U-turn|p1a: Togekiss
|-resisted|p1a: Togekiss
|-damage|p1a: Togekiss|90/100
|
|t:|1618414071
|switch|p2a: Raikou|Raikou|100/100|[from]move: U-turn
|-ability|p2a: Raikou|Pressure
|move|p1a: Togekiss|Flamethrower|p2a: Raikou
|-damage|p2a: Raikou|75/100
|
|upkeep
|turn|12
|
|t:|1618414079
|switch|p1a: Gastrodon|Gastrodon-East, F|82/100 tox
|-damage|p1a: Gastrodon|76/100 tox|[from] Stealth Rock
|move|p2a: Raikou|Aura Sphere|p1a: Gastrodon
|-damage|p1a: Gastrodon|52/100 tox
|
|-heal|p1a: Gastrodon|58/100 tox|[from] item: Leftovers
|-damage|p1a: Gastrodon|52/100 tox|[from] psn
|upkeep
|turn|13
|
|t:|1618414093
|switch|p2a: Zarude|Zarude|87/100
|move|p1a: Gastrodon|Recover|p1a: Gastrodon
|-heal|p1a: Gastrodon|100/100 tox
|
|-damage|p1a: Gastrodon|88/100 tox|[from] psn
|upkeep
|turn|14
|
|t:|1618414100
|switch|p1a: Togekiss|Togekiss, F|90/100
|move|p2a: Zarude|U-turn|p1a: Togekiss
|-resisted|p1a: Togekiss
|-damage|p1a: Togekiss|84/100
|
|t:|1618414108
|switch|p2a: Raikou|Raikou|75/100|[from]move: U-turn
|-ability|p2a: Raikou|Pressure
|
|upkeep
|turn|15
|
|t:|1618414110
|switch|p1a: Gastrodon|Gastrodon-East, F|88/100 tox
|-damage|p1a: Gastrodon|82/100 tox|[from] Stealth Rock
|move|p2a: Raikou|Volt Switch|p1a: Gastrodon
|-immune|p1a: Gastrodon
|
|-heal|p1a: Gastrodon|88/100 tox|[from] item: Leftovers
|-damage|p1a: Gastrodon|82/100 tox|[from] psn
|upkeep
|turn|16
|
|t:|1618414118
|switch|p2a: Milotic|Milotic, M|100/100
|move|p1a: Gastrodon|Ice Beam|p2a: Milotic
|-resisted|p2a: Milotic
|-damage|p2a: Milotic|93/100
|
|-heal|p1a: Gastrodon|88/100 tox|[from] item: Leftovers
|-damage|p1a: Gastrodon|76/100 tox|[from] psn
|upkeep
|turn|17
|
|t:|1618414130
|switch|p1a: Togekiss|Togekiss, F|84/100
|move|p2a: Milotic|Recover|p2a: Milotic
|-heal|p2a: Milotic|100/100
|
|upkeep
|turn|18
|
|t:|1618414135
|move|p1a: Togekiss|Nasty Plot|p1a: Togekiss
|-boost|p1a: Togekiss|spa|2
|move|p2a: Milotic|Toxic|p1a: Togekiss
|-status|p1a: Togekiss|tox
|
|-damage|p1a: Togekiss|78/100 tox|[from] psn
|upkeep
|turn|19
|
|t:|1618414141
|move|p1a: Togekiss|Air Slash|p2a: Milotic
|-damage|p2a: Milotic|58/100
|move|p2a: Milotic|Flip Turn|p1a: Togekiss
|-damage|p1a: Togekiss|66/100 tox
|
|t:|1618414147
|switch|p2a: Raikou|Raikou|75/100|[from]move: Flip Turn
|-ability|p2a: Raikou|Pressure
|
|-damage|p1a: Togekiss|54/100 tox|[from] psn
|upkeep
|turn|20
|
|t:|1618414158
|switch|p1a: Gastrodon|Gastrodon-East, F|76/100 tox
|-damage|p1a: Gastrodon|70/100 tox|[from] Stealth Rock
|move|p2a: Raikou|Thunderbolt|p1a: Gastrodon
|-immune|p1a: Gastrodon
|
|-heal|p1a: Gastrodon|76/100 tox|[from] item: Leftovers
|-damage|p1a: Gastrodon|70/100 tox|[from] psn
|upkeep
|turn|21
|
|t:|1618414168
|switch|p2a: Milotic|Milotic, M|58/100
|switch|p1a: Mienshao|Mienshao, M|100/100
|-damage|p1a: Mienshao|95/100|[from] Stealth Rock
|
|upkeep
|turn|22
|
|t:|1618414177
|move|p1a: Mienshao|Knock Off|p2a: Milotic
|-damage|p2a: Milotic|32/100
|-enditem|p2a: Milotic|Heavy-Duty Boots|[from] move: Knock Off|[of] p1a: Mienshao
|move|p2a: Milotic|Recover|p2a: Milotic
|-heal|p2a: Milotic|82/100
|
|upkeep
|turn|23
|
|t:|1618414186
|switch|p1a: Zarude|Zarude|100/100
|move|p2a: Milotic|Flip Turn|p1a: Zarude
|-resisted|p1a: Zarude
|-damage|p1a: Zarude|95/100
|
|t:|1618414193
|switch|p2a: Mienshao|Mienshao, M|100/100|[from]move: Flip Turn
|-damage|p2a: Mienshao|95/100|[from] Stealth Rock
|
|upkeep
|turn|24
|
|t:|1618414198
|switch|p1a: Togekiss|Togekiss, F|54/100 tox
|move|p2a: Mienshao|Knock Off|p1a: Togekiss
|-resisted|p1a: Togekiss
|-damage|p1a: Togekiss|37/100 tox
|-enditem|p1a: Togekiss|Heavy-Duty Boots|[from] move: Knock Off|[of] p2a: Mienshao
|
|-damage|p1a: Togekiss|31/100 tox|[from] psn
|upkeep
|turn|25
|
|t:|1618414206
|switch|p2a: Raikou|Raikou|75/100
|-ability|p2a: Raikou|Pressure
|move|p1a: Togekiss|Roost|p1a: Togekiss
|-heal|p1a: Togekiss|81/100 tox
|-singleturn|p1a: Togekiss|move: Roost
|
|-damage|p1a: Togekiss|69/100 tox|[from] psn
|upkeep
|turn|26
|
|t:|1618414218
|switch|p1a: Gastrodon|Gastrodon-East, F|70/100 tox
|-damage|p1a: Gastrodon|64/100 tox|[from] Stealth Rock
|move|p2a: Raikou|Volt Switch|p1a: Gastrodon
|-immune|p1a: Gastrodon
|
|-heal|p1a: Gastrodon|70/100 tox|[from] item: Leftovers
|-damage|p1a: Gastrodon|64/100 tox|[from] psn
|upkeep
|turn|27
|
|t:|1618414224
|switch|p2a: Zarude|Zarude|87/100
|move|p1a: Gastrodon|Recover|p1a: Gastrodon
|-heal|p1a: Gastrodon|100/100 tox
|
|-damage|p1a: Gastrodon|88/100 tox|[from] psn
|upkeep
|turn|28
|
|t:|1618414230
|switch|p1a: Stakataka|Stakataka|99/100
|-damage|p1a: Stakataka|94/100|[from] Stealth Rock
|move|p2a: Zarude|U-turn|p1a: Stakataka
|-resisted|p1a: Stakataka
|-damage|p1a: Stakataka|89/100
|
|t:|1618414240
|switch|p2a: Mienshao|Mienshao, M|100/100|[from]move: U-turn
|-damage|p2a: Mienshao|95/100|[from] Stealth Rock
|
|-heal|p1a: Stakataka|95/100|[from] item: Leftovers
|upkeep
|turn|29
|
|t:|1618414254
|move|p2a: Mienshao|Close Combat|p1a: Stakataka
|-supereffective|p1a: Stakataka
|-damage|p1a: Stakataka|0 fnt
|-unboost|p2a: Mienshao|def|1
|-unboost|p2a: Mienshao|spd|1
|faint|p1a: Stakataka
|
|upkeep
|
|t:|1618414256
|switch|p1a: Mienshao|Mienshao, M|100/100
|-damage|p1a: Mienshao|95/100|[from] Stealth Rock
|turn|30
|
|t:|1618414267
|switch|p2a: Milotic|Milotic, M|82/100
|-damage|p2a: Milotic|69/100|[from] Stealth Rock
|move|p1a: Mienshao|Stone Edge|p2a: Milotic
|-damage|p2a: Milotic|45/100
|
|upkeep
|turn|31
|
|t:|1618414274
|switch|p1a: Zarude|Zarude|95/100
|move|p2a: Milotic|Recover|p2a: Milotic
|-heal|p2a: Milotic|95/100
|
|upkeep
|turn|32
|
|t:|1618414278
|switch|p2a: Togekiss|Togekiss, M|100/100
|move|p1a: Zarude|U-turn|p2a: Togekiss
|-resisted|p2a: Togekiss
|-damage|p2a: Togekiss|97/100
|
|t:|1618414280
|switch|p1a: Salazzle|Salazzle, F, shiny|100/100|[from]move: U-turn
|
|upkeep
|turn|33
|
|t:|1618414292
|switch|p2a: Milotic|Milotic, M|95/100
|-damage|p2a: Milotic|83/100|[from] Stealth Rock
|move|p1a: Salazzle|Toxic|p2a: Milotic
|-status|p2a: Milotic|tox
|
|-damage|p2a: Milotic|76/100 tox|[from] psn
|upkeep
|turn|34
|
|t:|1618414296
|switch|p1a: Gastrodon|Gastrodon-East, F|88/100 tox
|-damage|p1a: Gastrodon|82/100 tox|[from] Stealth Rock
|move|p2a: Milotic|Flip Turn|p1a: Gastrodon
|-ability|p1a: Gastrodon|Storm Drain|boost
|-boost|p1a: Gastrodon|spa|1
|
|-heal|p1a: Gastrodon|88/100 tox|[from] item: Leftovers
|-damage|p2a: Milotic|64/100 tox|[from] psn
|-damage|p1a: Gastrodon|82/100 tox|[from] psn
|upkeep
|turn|35
|
|t:|1618414302
|move|p2a: Milotic|Recover|p2a: Milotic
|-heal|p2a: Milotic|100/100 tox
|move|p1a: Gastrodon|Ice Beam|p2a: Milotic
|-resisted|p2a: Milotic
|-damage|p2a: Milotic|90/100 tox
|
|-heal|p1a: Gastrodon|88/100 tox|[from] item: Leftovers
|-damage|p2a: Milotic|72/100 tox|[from] psn
|-damage|p1a: Gastrodon|76/100 tox|[from] psn
|upkeep
|turn|36
|
|t:|1618414307
|move|p2a: Milotic|Recover|p2a: Milotic
|-heal|p2a: Milotic|100/100 tox
|move|p1a: Gastrodon|Earth Power|p2a: Milotic
|-damage|p2a: Milotic|67/100 tox
|
|-heal|p1a: Gastrodon|82/100 tox|[from] item: Leftovers
|-damage|p2a: Milotic|42/100 tox|[from] psn
|-damage|p1a: Gastrodon|64/100 tox|[from] psn
|upkeep
|turn|37
|
|t:|1618414311
|move|p2a: Milotic|Recover|p2a: Milotic
|-heal|p2a: Milotic|92/100 tox
|move|p1a: Gastrodon|Ice Beam|p2a: Milotic
|-resisted|p2a: Milotic
|-damage|p2a: Milotic|81/100 tox
|
|-heal|p1a: Gastrodon|70/100 tox|[from] item: Leftovers
|-damage|p2a: Milotic|50/100 tox|[from] psn
|-damage|p1a: Gastrodon|45/100 tox|[from] psn
|upkeep
|turn|38
|
|t:|1618414315
|switch|p2a: Zarude|Zarude|87/100
|move|p1a: Gastrodon|Earth Power|p2a: Zarude
|-resisted|p2a: Zarude
|-damage|p2a: Zarude|65/100
|
|-heal|p1a: Gastrodon|52/100 tox|[from] item: Leftovers
|-damage|p1a: Gastrodon|21/100 tox|[from] psn
|upkeep
|turn|39
|
|t:|1618414326
|switch|p1a: Mienshao|Mienshao, M|100/100
|-damage|p1a: Mienshao|95/100|[from] Stealth Rock
|move|p2a: Zarude|U-turn|p1a: Mienshao
|-resisted|p1a: Mienshao
|-damage|p1a: Mienshao|72/100
|
|t:|1618414334
|switch|p2a: Togekiss|Togekiss, M|97/100|[from]move: U-turn
|
|upkeep
|turn|40
|
|t:|1618414345
|move|p1a: Mienshao|Knock Off|p2a: Togekiss
|-resisted|p2a: Togekiss
|-damage|p2a: Togekiss|85/100
|-enditem|p2a: Togekiss|Heavy-Duty Boots|[from] move: Knock Off|[of] p1a: Mienshao
|move|p2a: Togekiss|Air Slash|p1a: Mienshao
|-supereffective|p1a: Mienshao
|-damage|p1a: Mienshao|0 fnt
|faint|p1a: Mienshao
|
|upkeep
|
|t:|1618414349
|switch|p1a: Salazzle|Salazzle, F, shiny|100/100
|turn|41
|
|t:|1618414357
|move|p1a: Salazzle|Sludge Wave|p2a: Togekiss
|-supereffective|p2a: Togekiss
|-damage|p2a: Togekiss|7/100
|move|p2a: Togekiss|Air Slash|p1a: Salazzle
|-damage|p1a: Salazzle|42/100
|
|upkeep
|turn|42
|
|t:|1618414384
|move|p1a: Salazzle|Sludge Wave|p2a: Togekiss
|-supereffective|p2a: Togekiss
|-damage|p2a: Togekiss|0 fnt
|faint|p2a: Togekiss
|
|upkeep
|
|t:|1618414389
|switch|p2a: Mienshao|Mienshao, M|100/100
|-damage|p2a: Mienshao|95/100|[from] Stealth Rock
|turn|43
|
|t:|1618414395
|switch|p1a: Gastrodon|Gastrodon-East, F|21/100 tox
|-damage|p1a: Gastrodon|15/100 tox|[from] Stealth Rock
|move|p2a: Mienshao|U-turn|p1a: Gastrodon
|-damage|p1a: Gastrodon|0 fnt
|faint|p1a: Gastrodon
|-message|testaccount#07 forfeited.
|
|win|Master jvag
|raw|testaccount#07's rating: 1299 &rarr; <strong>1275</strong><br />(-24 for losing)
|raw|Master jvag's rating: 1318 &rarr; <strong>1337</strong><br />(+19 for winning)
|l|☆testaccount#07
||Ladder isn't responding, score probably updated but might not have (Request timeout).
