|raw|<div class="broadcast-blue"><strong>This battle is required to be public due to a player having a name starting with 'rult70'.</div>
|j|☆LetsGoVulpix
|j|☆rult70rabbit
|t:|1626889299
|gametype|singles
|player|p1|LetsGoVulpix|101|1333
|player|p2|rult70rabbit|102|1570
|teamsize|p1|6
|teamsize|p2|6
|gen|8
|tier|[Gen 8] RU
|rated|
|rule|Sleep Clause Mod: Limit one foe put to sleep
|rule|Species Clause: Limit one of each Pokémon
|rule|OHKO Clause: OHKO moves are banned
|rule|Evasion Moves Clause: Evasion moves are banned
|rule|Endless Battle Clause: Forcing endless battles is banned
|rule|HP Percentage Mod: HP is shown in percentages
|rule|Dynamax Clause: You cannot dynamax
|clearpoke
|poke|p1|Mienshao, F|
|poke|p1|Incineroar, F|
|poke|p1|Obstagoon, M|
|poke|p1|Gardevoir, M|
|poke|p1|Toxtricity, F|
|poke|p1|Mantine, M|
|poke|p2|Mienshao, M|
|poke|p2|Stakataka|
|poke|p2|Golisopod, M|
|poke|p2|Gastrodon-East, M|
|poke|p2|Roserade, F|
|poke|p2|Noivern, M|
|teampreview
|j| Speleology
|j|+Feliburn
|inactive|Battle timer is ON: inactive players will automatically lose when time's up. (requested by LetsGoVulpix)
|j| djjjdjdjdjdjdjdjdj
|
|t:|1626889328
|start
|switch|p1a: Obstagoon|Obstagoon, M|100/100
|switch|p2a: Mienshao|Mienshao, M|100/100
|turn|1
|
|t:|1626889334
|move|p1a: Obstagoon|Obstruct|p1a: Obstagoon
|-singleturn|p1a: Obstagoon|Protect
|move|p2a: Mienshao|Close Combat|p1a: Obstagoon
|-activate|p1a: Obstagoon|move: Protect
|-unboost|p2a: Mienshao|def|2
|
|-status|p1a: Obstagoon|brn|[from] item: Flame Orb
|upkeep
|turn|2
|
|t:|1626889338
|switch|p1a: Mantine|Mantine, M|100/100
|move|p2a: Mienshao|U-turn|p1a: Mantine
|-resisted|p1a: Mantine
|-damage|p1a: Mantine|87/100
|-damage|p2a: Mienshao|91/100|[from] item: Life Orb
|
|t:|1626889346
|switch|p2a: Roserade|Roserade, F|100/100|[from]move: U-turn
|
|upkeep
|turn|3
|
|t:|1626889356
|move|p2a: Roserade|Sludge Bomb|p1a: Mantine
|-damage|p1a: Mantine|57/100
|move|p1a: Mantine|Defog|p2a: Roserade
|-unboost|p2a: Roserade|evasion|1
|
|upkeep
|turn|4
|
|t:|1626889362
|move|p2a: Roserade|Sludge Bomb|p1a: Mantine
|-damage|p1a: Mantine|26/100
|-status|p1a: Mantine|psn
|move|p1a: Mantine|Icy Wind|p2a: Roserade
|-supereffective|p2a: Roserade
|-damage|p2a: Roserade|74/100
|-unboost|p2a: Roserade|spe|1
|
|-heal|p2a: Roserade|80/100|[from] item: Black Sludge
|-damage|p1a: Mantine|14/100 psn|[from] psn
|upkeep
|turn|5
|
|t:|1626889376
|move|p2a: Roserade|Spikes|p1a: Mantine
|-sidestart|p1: LetsGoVulpix|Spikes
|move|p1a: Mantine|Roost|p1a: Mantine
|-heal|p1a: Mantine|64/100 psn
|-singleturn|p1a: Mantine|move: Roost
|
|-heal|p2a: Roserade|86/100|[from] item: Black Sludge
|-damage|p1a: Mantine|51/100 psn|[from] psn
|upkeep
|turn|6
|
|t:|1626889383
|switch|p1a: Incineroar|Incineroar, F|100/100
|-damage|p1a: Incineroar|88/100|[from] Spikes
|-ability|p1a: Incineroar|Intimidate|boost
|-unboost|p2a: Roserade|atk|1
|move|p2a: Roserade|Leaf Storm|p1a: Incineroar
|-resisted|p1a: Incineroar
|-damage|p1a: Incineroar|61/100
|-unboost|p2a: Roserade|spa|2
|
|-heal|p2a: Roserade|92/100|[from] item: Black Sludge
|upkeep
|turn|7
|
|t:|1626889393
|switch|p2a: Gastrodon|Gastrodon-East, M|100/100
|move|p1a: Incineroar|Knock Off|p2a: Gastrodon
|-damage|p2a: Gastrodon|71/100
|-enditem|p2a: Gastrodon|Heavy-Duty Boots|[from] move: Knock Off|[of] p1a: Incineroar
|
|upkeep
|turn|8
|
|t:|1626889406
|move|p1a: Incineroar|Parting Shot|p2a: Gastrodon
|-unboost|p2a: Gastrodon|atk|1
|-unboost|p2a: Gastrodon|spa|1
|
|t:|1626889408
|switch|p1a: Mantine|Mantine, M|51/100 psn|[from]move: Parting Shot
|move|p2a: Gastrodon|Recover|p2a: Gastrodon
|-heal|p2a: Gastrodon|100/100
|
|-damage|p1a: Mantine|39/100 psn|[from] psn
|upkeep
|turn|9
|
|t:|1626889412
|switch|p2a: Roserade|Roserade, F|92/100
|move|p1a: Mantine|Roost|p1a: Mantine
|-heal|p1a: Mantine|89/100 psn
|-singleturn|p1a: Mantine|move: Roost
|
|-heal|p2a: Roserade|98/100|[from] item: Black Sludge
|-damage|p1a: Mantine|77/100 psn|[from] psn
|upkeep
|turn|10
|
|t:|1626889415
|move|p2a: Roserade|Sludge Bomb|p1a: Mantine
|-damage|p1a: Mantine|45/100 psn
|move|p1a: Mantine|Defog|p2a: Roserade
|-unboost|p2a: Roserade|evasion|1
|-sideend|p1: LetsGoVulpix|Spikes|[from] move: Defog|[of] p1a: Mantine
|
|-heal|p2a: Roserade|100/100|[from] item: Black Sludge
|-damage|p1a: Mantine|32/100 psn|[from] psn
|upkeep
|turn|11
|
|t:|1626889423
|switch|p1a: Obstagoon|Obstagoon, M|100/100 brn
|move|p2a: Roserade|Sludge Bomb|p1a: Obstagoon
|-damage|p1a: Obstagoon|39/100 brn
|
|-damage|p1a: Obstagoon|33/100 brn|[from] brn
|upkeep
|turn|12
|
|t:|1626889432
|switch|p2a: Golisopod|Golisopod, M|100/100
|move|p1a: Obstagoon|Facade|p2a: Golisopod
|-damage|p2a: Golisopod|37/100
|-activate|p2a: Golisopod|ability: Emergency Exit
|
|t:|1626889437
|switch|p2a: Mienshao|Mienshao, M|100/100
|
|-damage|p1a: Obstagoon|27/100 brn|[from] brn
|upkeep
|turn|13
|
|t:|1626889442
|switch|p1a: Mantine|Mantine, M|32/100 psn
|move|p2a: Mienshao|U-turn|p1a: Mantine
|-resisted|p1a: Mantine
|-damage|p1a: Mantine|19/100 psn
|-damage|p2a: Mienshao|91/100|[from] item: Life Orb
|
|t:|1626889449
|switch|p2a: Noivern|Noivern, M|100/100|[from]move: U-turn
|
|-damage|p1a: Mantine|7/100 psn|[from] psn
|upkeep
|turn|14
|
|t:|1626889455
|move|p2a: Noivern|Flamethrower|p1a: Mantine
|-resisted|p1a: Mantine
|-damage|p1a: Mantine|0 fnt
|faint|p1a: Mantine
|
|upkeep
|
|t:|1626889464
|switch|p1a: Toxtricity|Toxtricity, F|100/100
|turn|15
|
|t:|1626889468
|move|p2a: Noivern|U-turn|p1a: Toxtricity
|-resisted|p1a: Toxtricity
|-damage|p1a: Toxtricity|94/100
|
|t:|1626889472
|switch|p2a: Stakataka|Stakataka|100/100|[from]move: U-turn
|move|p1a: Toxtricity|Boomburst|p2a: Stakataka
|-resisted|p2a: Stakataka
|-crit|p2a: Stakataka
|-damage|p2a: Stakataka|70/100
|
|-heal|p2a: Stakataka|76/100|[from] item: Leftovers
|upkeep
|turn|16
|
|t:|1626889478
|switch|p1a: Mienshao|Mienshao, F|100/100
|move|p2a: Stakataka|Gyro Ball|p1a: Mienshao
|-damage|p1a: Mienshao|0 fnt
|faint|p1a: Mienshao
|-ability|p2a: Stakataka|Beast Boost|boost
|-boost|p2a: Stakataka|def|1
|
|-heal|p2a: Stakataka|82/100|[from] item: Leftovers
|upkeep
|
|t:|1626889484
|switch|p1a: Obstagoon|Obstagoon, M|27/100 brn
|turn|17
|
|t:|1626889489
|switch|p2a: Golisopod|Golisopod, M|37/100
|move|p1a: Obstagoon|Close Combat|p2a: Golisopod
|-resisted|p2a: Golisopod
|-damage|p2a: Golisopod|17/100
|-unboost|p1a: Obstagoon|def|1
|-unboost|p1a: Obstagoon|spd|1
|
|-damage|p1a: Obstagoon|21/100 brn|[from] brn
|upkeep
|turn|18
|-message|LetsGoVulpix forfeited.
|
|win|rult70rabbit
|l|☆LetsGoVulpix
|raw|LetsGoVulpix's rating: 1333 &rarr; <strong>1325</strong><br />(-8 for losing)
|raw|rult70rabbit's rating: 1569 &rarr; <strong>1577</strong><br />(+8 for winning)
|l|+Feliburn
|l|☆rult70rabbit
