|raw|<div class="broadcast-red"><strong>This battle is invite-only!</strong><br />Users must be invited with <code>/invite</code> (or be staff) to join</div>
|j|☆RULT4pm Warrior
|j|☆RULT4pm Aqua
|t:|1598370380
|player|p1|RULT4pm Warrior|2|1080
|player|p2|RULT4pm Aqua|102|1202
|teamsize|p1|6
|teamsize|p2|6
|gametype|singles
|gen|8
|tier|[Gen 8] RU
|rated|
|clearpoke
|poke|p1|Dragalge, M|
|poke|p1|Scrafty, F|
|poke|p1|Xatu, F|
|poke|p1|Copperajah, F|
|poke|p1|Passimian, M|
|poke|p1|Gardevoir, F|
|poke|p2|Dragalge, F|
|poke|p2|Umbreon, F|
|poke|p2|Bronzong|
|poke|p2|Mantine, M|
|poke|p2|Quagsire, F|
|poke|p2|Tangela, M|
|rule|Sleep Clause Mod: Limit one foe put to sleep
|rule|Species Clause: Limit one of each Pokémon
|rule|OHKO Clause: OHKO moves are banned
|rule|Evasion Moves Clause: Evasion moves are banned
|rule|Endless Battle Clause: Forcing endless battles is banned
|rule|HP Percentage Mod: HP is shown in percentages
|rule|Dynamax Clause: You cannot dynamax
|teampreview
|c|☆RULT4pm Warrior|/log Sensei Axew was invited (and promoted to Room Voice) by RULT4pm Warrior.
|c|☆RULT4pm Aqua|Gl hf
|c|☆RULT4pm Aqua|No
|c|☆RULT4pm Warrior|hf.
|c|☆RULT4pm Warrior|yes
|c|☆RULT4pm Aqua|Dont invite ppl
|c|☆RULT4pm Warrior|idc
|c|☆RULT4pm Aqua|Thats the reason why its hidden
|c|☆RULT4pm Aqua|So nobody joins
|c|☆RULT4pm Warrior|ur not entitled to hide games during a ladder tour
|c|☆RULT4pm Warrior|olt is all public games
|c|☆RULT4pm Aqua|Rlly?
|c|☆RULT4pm Warrior|yes
|c|☆RULT4pm Aqua|Ok
|c|☆RULT4pm Warrior|it promotes new meta trends and stuff
|c|☆RULT4pm Aqua|/log RULT4pm Aqua made this room public.
|c|☆RULT4pm Warrior|during the ladder tour
|raw|<div class="broadcast-blue"><strong>This room is no longer invite only!</strong><br />Anyone may now join.</div>
|c|☆RULT4pm Aqua|/log RULT4pm Aqua turned off modjoin.
|c|☆RULT4pm Aqua|Mk
|
|t:|1598370470
|start
|switch|p1a: Dragalge|Dragalge, M|100/100
|switch|p2a: Dragalge|Dragalge, F|100/100
|turn|1
|j| gorex
|inactive|Battle timer is ON: inactive players will automatically lose when time's up. (requested by RULT4pm Aqua)
|
|t:|1598370508
|switch|p1a: Copperajah|Copperajah, F|100/100
|switch|p2a: Umbreon|Umbreon, F|100/100
|
|upkeep
|turn|2
|
|t:|1598370514
|switch|p2a: Tangela|Tangela, M|100/100
|move|p1a: Copperajah|Stealth Rock|p2a: Tangela
|-sidestart|p2: RULT4pm Aqua|move: Stealth Rock
|
|upkeep
|turn|3
|
|t:|1598370540
|switch|p1a: Xatu|Xatu, F|100/100
|move|p2a: Tangela|Knock Off|p1a: Xatu
|-supereffective|p1a: Xatu
|-damage|p1a: Xatu|72/100
|-enditem|p1a: Xatu|Heavy-Duty Boots|[from] move: Knock Off|[of] p2a: Tangela
|
|upkeep
|turn|4
|
|t:|1598370552
|switch|p2a: Umbreon|Umbreon, F|100/100
|move|p1a: Xatu|Heat Wave|p2a: Umbreon
|-damage|p2a: Umbreon|89/100
|-status|p2a: Umbreon|brn
|-activate|p2a: Umbreon|ability: Synchronize
|-status|p1a: Xatu|brn
|
|-damage|p1a: Xatu|66/100 brn|[from] brn
|-damage|p2a: Umbreon|83/100 brn|[from] brn
|upkeep
|turn|5
|
|t:|1598370558
|switch|p1a: Gardevoir|Gardevoir, F|100/100
|-ability|p1a: Gardevoir|Synchronize|[from] ability: Trace|[of] p2a: Umbreon
|move|p2a: Umbreon|Heal Bell|p2a: Umbreon
|-activate|p2a: Umbreon|move: Heal Bell
|-curestatus|p2a: Umbreon|brn|[msg]
|
|upkeep
|turn|6
|
|t:|1598370565
|move|p2a: Umbreon|Protect|p2a: Umbreon
|-singleturn|p2a: Umbreon|Protect
|move|p1a: Gardevoir|Mystical Fire|p2a: Umbreon
|-activate|p2a: Umbreon|move: Protect
|
|upkeep
|turn|7
|j|+Sensei Axew
|
|t:|1598370571
|switch|p1a: Scrafty|Scrafty, F|100/100
|move|p2a: Umbreon|Wish|p2a: Umbreon
|
|upkeep
|turn|8
|
|t:|1598370580
|move|p2a: Umbreon|Protect|p2a: Umbreon
|-singleturn|p2a: Umbreon|Protect
|move|p1a: Scrafty|Knock Off|p2a: Umbreon
|-activate|p2a: Umbreon|move: Protect
|
|-heal|p2a: Umbreon|100/100|[from] move: Wish|[wisher] Umbreon
|upkeep
|turn|9
|
|t:|1598370583
|switch|p2a: Quagsire|Quagsire, F|100/100
|move|p1a: Scrafty|Knock Off|p2a: Quagsire
|-damage|p2a: Quagsire|71/100
|-enditem|p2a: Quagsire|Heavy-Duty Boots|[from] move: Knock Off|[of] p1a: Scrafty
|
|upkeep
|turn|10
|
|t:|1598370590
|switch|p1a: Gardevoir|Gardevoir, F|100/100
|-ability|p1a: Gardevoir|Unaware|[from] ability: Trace|[of] p2a: Quagsire
|move|p2a: Quagsire|Recover|p2a: Quagsire
|-heal|p2a: Quagsire|100/100
|
|upkeep
|turn|11
|
|t:|1598370596
|switch|p2a: Bronzong|Bronzong|100/100
|-damage|p2a: Bronzong|94/100|[from] Stealth Rock
|move|p1a: Gardevoir|Moonblast|p2a: Bronzong
|-resisted|p2a: Bronzong
|-damage|p2a: Bronzong|73/100
|
|-heal|p2a: Bronzong|79/100|[from] item: Leftovers
|upkeep
|turn|12
|
|t:|1598370602
|switch|p1a: Xatu|Xatu, F|66/100 brn
|move|p2a: Bronzong|Stealth Rock|p1a: Xatu
|move|p1a: Xatu|Stealth Rock||[from]Magic Bounce|[still]
|-fail|p1a: Xatu
|
|-heal|p2a: Bronzong|85/100|[from] item: Leftovers
|-damage|p1a: Xatu|60/100 brn|[from] brn
|upkeep
|turn|13
|
|t:|1598370605
|move|p1a: Xatu|Roost|p1a: Xatu
|-heal|p1a: Xatu|100/100 brn
|-singleturn|p1a: Xatu|move: Roost
|move|p2a: Bronzong|Heavy Slam|p1a: Xatu
|-damage|p1a: Xatu|65/100 brn
|
|-heal|p2a: Bronzong|91/100|[from] item: Leftovers
|-damage|p1a: Xatu|59/100 brn|[from] brn
|upkeep
|turn|14
|
|t:|1598370612
|switch|p1a: Scrafty|Scrafty, F|100/100
|move|p2a: Bronzong|Heavy Slam|p1a: Scrafty
|-damage|p1a: Scrafty|58/100
|
|-heal|p2a: Bronzong|98/100|[from] item: Leftovers
|upkeep
|turn|15
|
|t:|1598370618
|switch|p2a: Quagsire|Quagsire, F|100/100
|-damage|p2a: Quagsire|94/100|[from] Stealth Rock
|move|p1a: Scrafty|Close Combat|p2a: Quagsire
|-damage|p2a: Quagsire|58/100
|-unboost|p1a: Scrafty|def|1
|-unboost|p1a: Scrafty|spd|1
|
|upkeep
|turn|16
|
|t:|1598370623
|switch|p1a: Dragalge|Dragalge, M|100/100
|move|p2a: Quagsire|Recover|p2a: Quagsire
|-heal|p2a: Quagsire|100/100
|
|upkeep
|turn|17
|
|t:|1598370630
|switch|p2a: Umbreon|Umbreon, F|100/100
|move|p1a: Dragalge|Flip Turn|p2a: Umbreon
|-damage|p2a: Umbreon|92/100
|
|t:|1598370633
|switch|p1a: Gardevoir|Gardevoir, F|100/100|[from]move: Flip Turn
|-ability|p1a: Gardevoir|Synchronize|[from] ability: Trace|[of] p2a: Umbreon
|
|upkeep
|turn|18
|
|t:|1598370646
|move|p2a: Umbreon|Protect|p2a: Umbreon
|-singleturn|p2a: Umbreon|Protect
|move|p1a: Gardevoir|Moonblast|p2a: Umbreon
|-activate|p2a: Umbreon|move: Protect
|
|upkeep
|turn|19
|
|t:|1598370651
|move|p1a: Gardevoir|Moonblast|p2a: Umbreon
|-supereffective|p2a: Umbreon
|-damage|p2a: Umbreon|14/100
|-unboost|p2a: Umbreon|spa|1
|move|p2a: Umbreon|Foul Play|p1a: Gardevoir
|-damage|p1a: Gardevoir|72/100
|
|upkeep
|turn|20
|c|☆RULT4pm Aqua|Lol
|c|☆RULT4pm Aqua|Thatwas a misclick ngl
|
|t:|1598370668
|switch|p2a: Bronzong|Bronzong|98/100
|-damage|p2a: Bronzong|91/100|[from] Stealth Rock
|move|p1a: Gardevoir|Moonblast|p2a: Bronzong
|-resisted|p2a: Bronzong
|-damage|p2a: Bronzong|67/100
|-unboost|p2a: Bronzong|spa|1
|
|-heal|p2a: Bronzong|74/100|[from] item: Leftovers
|upkeep
|turn|21
|
|t:|1598370689
|switch|p1a: Copperajah|Copperajah, F|100/100
|move|p2a: Bronzong|Heavy Slam|p1a: Copperajah
|-resisted|p1a: Copperajah
|-damage|p1a: Copperajah|94/100
|
|-heal|p2a: Bronzong|80/100|[from] item: Leftovers
|upkeep
|turn|22
|
|t:|1598370692
|switch|p2a: Tangela|Tangela, M|100/100
|-damage|p2a: Tangela|88/100|[from] Stealth Rock
|move|p1a: Copperajah|Heat Crash|p2a: Tangela
|-supereffective|p2a: Tangela
|-damage|p2a: Tangela|49/100
|
|upkeep
|turn|23
|
|t:|1598370702
|switch|p2a: Mantine|Mantine, M|100/100
|move|p1a: Copperajah|Heat Crash|p2a: Mantine
|-resisted|p2a: Mantine
|-damage|p2a: Mantine|91/100
|
|upkeep
|turn|24
|
|t:|1598370709
|switch|p2a: Dragalge|Dragalge, F|100/100
|-damage|p2a: Dragalge|88/100|[from] Stealth Rock
|switch|p1a: Gardevoir|Gardevoir, F|72/100
|-ability|p1a: Gardevoir|Adaptability|[from] ability: Trace|[of] p2a: Dragalge
|
|-heal|p2a: Dragalge|94/100|[from] item: Black Sludge
|upkeep
|turn|25
|c|☆RULT4pm Aqua|Oi
|
|t:|1598370720
|switch|p2a: Umbreon|Umbreon, F|14/100
|move|p1a: Gardevoir|Moonblast|p2a: Umbreon
|-supereffective|p2a: Umbreon
|-damage|p2a: Umbreon|0 fnt
|faint|p2a: Umbreon
|
|upkeep
|c|☆RULT4pm Aqua|Why tho
|c|☆RULT4pm Aqua|Just why
|c|☆RULT4pm Warrior|cause ur aquarius
|c|☆RULT4pm Warrior|click click click
|c|☆RULT4pm Aqua|Bruh
|inactive|RULT4pm Aqua has 120 seconds left.
|c|☆RULT4pm Aqua|Ur play was just dumv
|-message|RULT4pm Aqua forfeited.
|
|win|RULT4pm Warrior
|l|☆RULT4pm Aqua
|l|+Sensei Axew
||Ladder (probably) updated, but score could not be retrieved (Request timeout).
|l|☆RULT4pm Warrior
|j| koisuru
|l| koisuru
