|html|<div class="broadcast-blue"><strong>[Gen 8] RU is currently suspecting Durant! For information on how to participate check out the <a href="https://www.smogon.com/forums/threads/np-ru-stage-9-hit-or-miss-durant-suspect-test.3690288/">suspect thread</a>.</strong></div>
|j|☆RUD5 XiangShan
|j|☆epicowl10
|t:|1630965409
|gametype|singles
|player|p1|RUD5 XiangShan|lance|1386
|player|p2|epicowl10|lucas|1340
|teamsize|p1|6
|teamsize|p2|6
|gen|8
|tier|[Gen 8] RU
|rated|
|rule|Sleep Clause Mod: Limit one foe put to sleep
|rule|Species Clause: Limit one of each Pokémon
|rule|OHKO Clause: OHKO moves are banned
|rule|Evasion Moves Clause: Evasion moves are banned
|rule|Endless Battle Clause: Forcing endless battles is banned
|rule|HP Percentage Mod: HP is shown in percentages
|rule|Dynamax Clause: You cannot dynamax
|clearpoke
|poke|p1|Tornadus, M|
|poke|p1|Suicune|
|poke|p1|Flygon, M|
|poke|p1|Celebi|
|poke|p1|Stakataka|
|poke|p1|Noivern, M|
|poke|p2|Chandelure, F|
|poke|p2|Cloyster, F|
|poke|p2|Rotom-Mow|
|poke|p2|Cobalion|
|poke|p2|Togekiss, M|
|poke|p2|Flygon, F|
|teampreview
|
|t:|1630965430
|start
|switch|p1a: Stakataka|Stakataka|100/100
|switch|p2a: Rotom|Rotom-Mow|100/100
|turn|1
|
|t:|1630965439
|move|p2a: Rotom|Volt Switch|p1a: Stakataka
|-damage|p1a: Stakataka|75/100
|
|t:|1630965442
|switch|p2a: Cobalion|Cobalion|100/100|[from]move: Volt Switch
|move|p1a: Stakataka|Stealth Rock|p2a: Cobalion
|-sidestart|p2: epicowl10|move: Stealth Rock
|
|-heal|p1a: Stakataka|81/100|[from] item: Leftovers
|upkeep
|turn|2
|
|t:|1630965447
|switch|p1a: Flygon|Flygon, M|100/100
|move|p2a: Cobalion|Sacred Sword|p1a: Flygon
|-damage|p1a: Flygon|72/100
|-damage|p2a: Cobalion|84/100|[from] item: Rocky Helmet|[of] p1a: Flygon
|
|-heal|p2a: Cobalion|90/100|[from] item: Leftovers
|upkeep
|turn|3
|
|t:|1630965458
|switch|p2a: Rotom|Rotom-Mow|100/100
|-damage|p2a: Rotom|88/100|[from] Stealth Rock
|move|p1a: Flygon|Toxic|p2a: Rotom
|-status|p2a: Rotom|tox
|
|-damage|p2a: Rotom|82/100 tox|[from] psn
|upkeep
|turn|4
|
|t:|1630965463
|move|p2a: Rotom|Leaf Storm|p1a: Flygon
|-damage|p1a: Flygon|2/100
|-unboost|p2a: Rotom|spa|2
|move|p1a: Flygon|Roost|p1a: Flygon
|-heal|p1a: Flygon|52/100
|-singleturn|p1a: Flygon|move: Roost
|
|-damage|p2a: Rotom|69/100 tox|[from] psn
|upkeep
|turn|5
|
|t:|1630965481
|switch|p2a: Cloyster|Cloyster, F|100/100
|move|p1a: Flygon|Roost|p1a: Flygon
|-heal|p1a: Flygon|100/100
|-singleturn|p1a: Flygon|move: Roost
|
|upkeep
|turn|6
|
|t:|1630965487
|move|p1a: Flygon|Toxic|p2a: Cloyster|[miss]
|-miss|p1a: Flygon|p2a: Cloyster
|move|p2a: Cloyster|Icicle Spear|p1a: Flygon
|-supereffective|p1a: Flygon
|-damage|p1a: Flygon|45/100
|-supereffective|p1a: Flygon
|-damage|p1a: Flygon|0 fnt
|faint|p1a: Flygon
|-hitcount|p1: Flygon|2
|
|upkeep
|
|t:|1630965493
|switch|p1a: Noivern|Noivern, M|100/100
|turn|7
|
|t:|1630965501
|switch|p2a: Togekiss|Togekiss, M|100/100
|move|p1a: Noivern|Draco Meteor|p2a: Togekiss
|-immune|p2a: Togekiss
|
|upkeep
|turn|8
|
|t:|1630965513
|switch|p1a: Stakataka|Stakataka|81/100
|move|p2a: Togekiss|Air Slash|p1a: Stakataka
|-resisted|p1a: Stakataka
|-damage|p1a: Stakataka|76/100
|
|-heal|p1a: Stakataka|82/100|[from] item: Leftovers
|upkeep
|turn|9
|
|t:|1630965518
|switch|p2a: Cobalion|Cobalion|90/100
|-damage|p2a: Cobalion|87/100|[from] Stealth Rock
|switch|p1a: Tornadus|Tornadus, M|100/100
|
|-heal|p2a: Cobalion|93/100|[from] item: Leftovers
|upkeep
|turn|10
|
|t:|1630965523
|move|p1a: Tornadus|Acrobatics|p2a: Cobalion
|-damage|p2a: Cobalion|67/100
|move|p2a: Cobalion|Volt Switch|p1a: Tornadus
|-supereffective|p1a: Tornadus
|-damage|p1a: Tornadus|56/100
|
|t:|1630965527
|switch|p2a: Rotom|Rotom-Mow|69/100 tox|[from]move: Volt Switch
|-damage|p2a: Rotom|57/100 tox|[from] Stealth Rock
|
|-damage|p2a: Rotom|51/100 tox|[from] psn
|upkeep
|turn|11
|
|t:|1630965536
|switch|p1a: Celebi|Celebi|100/100
|move|p2a: Rotom|Thunderbolt|p1a: Celebi
|-resisted|p1a: Celebi
|-damage|p1a: Celebi|81/100
|
|-damage|p2a: Rotom|38/100 tox|[from] psn
|upkeep
|turn|12
|
|t:|1630965543
|switch|p2a: Togekiss|Togekiss, M|100/100
|move|p1a: Celebi|Psychic|p2a: Togekiss
|-damage|p2a: Togekiss|69/100
|
|upkeep
|turn|13
|
|t:|1630965549
|switch|p1a: Stakataka|Stakataka|82/100
|move|p2a: Togekiss|Flamethrower|p1a: Stakataka
|-damage|p1a: Stakataka|63/100
|
|-heal|p1a: Stakataka|69/100|[from] item: Leftovers
|upkeep
|turn|14
|
|t:|1630965566
|switch|p2a: Flygon|Flygon, F|100/100
|-damage|p2a: Flygon|95/100|[from] Stealth Rock
|move|p1a: Stakataka|Body Press|p2a: Flygon
|-damage|p2a: Flygon|48/100
|
|-heal|p1a: Stakataka|75/100|[from] item: Leftovers
|upkeep
|turn|15
|
|t:|1630965576
|switch|p1a: Suicune|Suicune|100/100
|-ability|p1a: Suicune|Pressure
|move|p2a: Flygon|U-turn|p1a: Suicune
|-damage|p1a: Suicune|86/100
|
|t:|1630965580
|switch|p2a: Rotom|Rotom-Mow|38/100 tox|[from]move: U-turn
|-damage|p2a: Rotom|26/100 tox|[from] Stealth Rock
|
|-heal|p1a: Suicune|92/100|[from] item: Leftovers
|-damage|p2a: Rotom|20/100 tox|[from] psn
|upkeep
|turn|16
|
|t:|1630965586
|switch|p1a: Celebi|Celebi|81/100
|move|p2a: Rotom|Thunderbolt|p1a: Celebi
|-resisted|p1a: Celebi
|-damage|p1a: Celebi|60/100
|
|-damage|p2a: Rotom|7/100 tox|[from] psn
|upkeep
|turn|17
|
|t:|1630965592
|move|p2a: Rotom|Thunderbolt|p1a: Celebi
|-resisted|p1a: Celebi
|-damage|p1a: Celebi|40/100
|move|p1a: Celebi|Psychic|p2a: Rotom
|-damage|p2a: Rotom|0 fnt
|faint|p2a: Rotom
|
|upkeep
|
|t:|1630965595
|switch|p2a: Flygon|Flygon, F|48/100
|-damage|p2a: Flygon|42/100|[from] Stealth Rock
|turn|18
|
|t:|1630965597
|switch|p1a: Suicune|Suicune|92/100
|-ability|p1a: Suicune|Pressure
|move|p2a: Flygon|U-turn|p1a: Suicune
|-damage|p1a: Suicune|75/100
|
|t:|1630965605
|switch|p2a: Togekiss|Togekiss, M|69/100|[from]move: U-turn
|
|-heal|p1a: Suicune|82/100|[from] item: Leftovers
|upkeep
|turn|19
|
|t:|1630965619
|move|p1a: Suicune|Substitute|p1a: Suicune
|-start|p1a: Suicune|Substitute
|-damage|p1a: Suicune|57/100
|move|p2a: Togekiss|Air Slash|p1a: Suicune
|-activate|p1a: Suicune|move: Substitute|[damage]
|
|-heal|p1a: Suicune|63/100|[from] item: Leftovers
|upkeep
|turn|20
|
|t:|1630965621
|move|p1a: Suicune|Calm Mind|p1a: Suicune
|-boost|p1a: Suicune|spa|1
|-boost|p1a: Suicune|spd|1
|move|p2a: Togekiss|Air Slash|p1a: Suicune
|-end|p1a: Suicune|Substitute
|
|-heal|p1a: Suicune|69/100|[from] item: Leftovers
|upkeep
|turn|21
|
|t:|1630965634
|switch|p2a: Flygon|Flygon, F|42/100
|-damage|p2a: Flygon|36/100|[from] Stealth Rock
|move|p1a: Suicune|Substitute|p1a: Suicune
|-start|p1a: Suicune|Substitute
|-damage|p1a: Suicune|44/100
|
|-heal|p1a: Suicune|50/100|[from] item: Leftovers
|upkeep
|turn|22
|
|t:|1630965642
|move|p2a: Flygon|Earthquake|p1a: Suicune
|-end|p1a: Suicune|Substitute
|move|p1a: Suicune|Ice Beam|p2a: Flygon
|-supereffective|p2a: Flygon
|-damage|p2a: Flygon|0 fnt
|faint|p2a: Flygon
|
|-heal|p1a: Suicune|56/100|[from] item: Leftovers
|upkeep
|
|t:|1630965664
|switch|p2a: Cloyster|Cloyster, F|100/100
|turn|23
|
|t:|1630965680
|move|p1a: Suicune|Scald|p2a: Cloyster
|-resisted|p2a: Cloyster
|-damage|p2a: Cloyster|49/100
|move|p2a: Cloyster|Shell Smash|p2a: Cloyster
|-unboost|p2a: Cloyster|def|1
|-unboost|p2a: Cloyster|spd|1
|-boost|p2a: Cloyster|atk|2
|-boost|p2a: Cloyster|spa|2
|-boost|p2a: Cloyster|spe|2
|
|-heal|p1a: Suicune|63/100|[from] item: Leftovers
|upkeep
|turn|24
|
|t:|1630965705
|move|p2a: Cloyster|Rock Blast|p1a: Suicune
|-damage|p1a: Suicune|51/100
|-crit|p1a: Suicune
|-damage|p1a: Suicune|33/100
|-damage|p1a: Suicune|22/100
|-damage|p1a: Suicune|9/100
|-damage|p1a: Suicune|0 fnt
|faint|p1a: Suicune
|-hitcount|p1: Suicune|5
|
|upkeep
|
|t:|1630965715
|switch|p1a: Stakataka|Stakataka|75/100
|turn|25
|
|t:|1630965752
|move|p2a: Cloyster|Liquidation|p1a: Stakataka
|-supereffective|p1a: Stakataka
|-damage|p1a: Stakataka|0 fnt
|faint|p1a: Stakataka
|
|upkeep
|-message|RUD5 XiangShan forfeited.
|
|win|epicowl10
|raw|RUD5 XiangShan's rating: 1398 &rarr; <strong>1375</strong><br />(-23 for losing)
|raw|epicowl10's rating: 1340 &rarr; <strong>1363</strong><br />(+23 for winning)
|l|☆RUD5 XiangShan
||Ladder isn't responding, score probably updated but might not have (Request timeout).
