|j|☆quimbs
|j|☆TitusLee
|player|p1|quimbs|harlequin|1378
|player|p2|TitusLee|266|1357
|teamsize|p1|6
|teamsize|p2|6
|gametype|singles
|gen|8
|tier|[Gen 8] RU
|rated|
|clearpoke
|poke|p1|Accelgor, M|
|poke|p1|Frosmoth, F|
|poke|p1|Flapple, M|
|poke|p1|Raichu-Alola, M|
|poke|p1|Slurpuff, F|
|poke|p1|Crustle, M|
|poke|p2|Pikachu, F|
|poke|p2|Escavalier, M|
|poke|p2|Togedemaru, F|
|poke|p2|Cramorant, F|
|poke|p2|Clefairy, F|
|poke|p2|Flapple, F|
|rule|Sleep Clause Mod: Limit one foe put to sleep
|rule|Species Clause: Limit one of each Pokémon
|rule|OHKO Clause: OHKO moves are banned
|rule|Evasion Moves Clause: Evasion moves are banned
|rule|Endless Battle Clause: Forcing endless battles is banned
|rule|HP Percentage Mod: HP is shown in percentages
|rule|Dynamax Clause: You cannot dynamax
|teampreview
|
|start
|switch|p1a: Accelgor|Accelgor, M|100/100
|switch|p2a: Togedemaru|Togedemaru, F|100/100
|turn|1
|
|move|p2a: Togedemaru|Iron Head|p1a: Accelgor
|-damage|p1a: Accelgor|40/100
|cant|p1a: Accelgor|flinch
|
|upkeep
|turn|2
|
|switch|p1a: Raichu|Raichu-Alola, M|100/100
|move|p2a: Togedemaru|Iron Head|p1a: Raichu
|-resisted|p1a: Raichu
|-damage|p1a: Raichu|61/100
|
|upkeep
|turn|3
|
|move|p2a: Togedemaru|Iron Head|p1a: Raichu
|-resisted|p1a: Raichu
|-damage|p1a: Raichu|20/100
|cant|p1a: Raichu|flinch
|
|upkeep
|turn|4
|
|move|p2a: Togedemaru|Iron Head|p1a: Raichu
|-resisted|p1a: Raichu
|-damage|p1a: Raichu|0 fnt
|faint|p1a: Raichu
|
|upkeep
|
|switch|p1a: Crustle|Crustle, M|100/100
|turn|5
|
|move|p2a: Togedemaru|Iron Head|p1a: Crustle
|-supereffective|p1a: Crustle
|-damage|p1a: Crustle|36/100
|move|p1a: Crustle|Earthquake|p2a: Togedemaru
|-supereffective|p2a: Togedemaru
|-damage|p2a: Togedemaru|0 fnt
|faint|p2a: Togedemaru
|
|upkeep
|
|switch|p2a: Pikachu|Pikachu, F|100/100
|turn|6
|
|move|p2a: Pikachu|Fake Out|p1a: Crustle
|-resisted|p1a: Crustle
|-damage|p1a: Crustle|28/100
|cant|p1a: Crustle|flinch
|
|upkeep
|turn|7
|
|move|p2a: Pikachu|Knock Off|p1a: Crustle
|-damage|p1a: Crustle|0 fnt
|-enditem|p1a: Crustle|Heavy-Duty Boots|[from] move: Knock Off|[of] p2a: Pikachu
|faint|p1a: Crustle
|
|upkeep
|
|switch|p1a: Flapple|Flapple, M|100/100
|turn|8
|
|switch|p2a: Clefairy|Clefairy, F|100/100
|move|p1a: Flapple|Dragon Dance|p1a: Flapple
|-boost|p1a: Flapple|atk|1
|-boost|p1a: Flapple|spe|1
|
|upkeep
|turn|9
|
|move|p1a: Flapple|Grav Apple|p2a: Clefairy
|-damage|p2a: Clefairy|39/100
|-unboost|p2a: Clefairy|def|1
|move|p2a: Clefairy|Moonblast|p1a: Flapple
|-supereffective|p1a: Flapple
|-damage|p1a: Flapple|28/100
|-unboost|p1a: Flapple|spa|1
|
|upkeep
|turn|10
|
|move|p1a: Flapple|Grav Apple|p2a: Clefairy
|-damage|p2a: Clefairy|0 fnt
|faint|p2a: Clefairy
|
|upkeep
|
|switch|p2a: Pikachu|Pikachu, F|100/100
|turn|11
|
|move|p2a: Pikachu|Fake Out|p1a: Flapple
|-damage|p1a: Flapple|4/100
|cant|p1a: Flapple|flinch
|
|upkeep
|turn|12
|
|move|p2a: Pikachu|Extreme Speed|p1a: Flapple
|-damage|p1a: Flapple|0 fnt
|faint|p1a: Flapple
|
|upkeep
|
|switch|p1a: Frosmoth|Frosmoth, F|100/100
|turn|13
|
|move|p2a: Pikachu|Volt Tackle|p1a: Frosmoth
|-damage|p1a: Frosmoth|0 fnt
|-damage|p2a: Pikachu|56/100|[from] Recoil
|faint|p1a: Frosmoth
|
|upkeep
|
|switch|p1a: Slurpuff|Slurpuff, F|100/100
|turn|14
|
|move|p2a: Pikachu|Volt Tackle|p1a: Slurpuff
|-damage|p1a: Slurpuff|10/100
|-enditem|p1a: Slurpuff|Sitrus Berry|[eat]
|-heal|p1a: Slurpuff|35/100|[from] item: Sitrus Berry
|-damage|p2a: Pikachu|13/100|[from] Recoil
|move|p1a: Slurpuff|Belly Drum||[still]
|-fail|p1a: Slurpuff
|
|upkeep
|turn|15
|
|move|p1a: Slurpuff|Drain Punch|p2a: Pikachu
|-damage|p2a: Pikachu|0 fnt
|-heal|p1a: Slurpuff|39/100|[from] drain|[of] p2a: Pikachu
|faint|p2a: Pikachu
|
|upkeep
|
|switch|p2a: Escavalier|Escavalier, M|100/100
|turn|16
|
|move|p1a: Slurpuff|Drain Punch|p2a: Escavalier
|-damage|p2a: Escavalier|80/100
|-heal|p1a: Slurpuff|49/100|[from] drain|[of] p2a: Escavalier
|move|p2a: Escavalier|Iron Head|p1a: Slurpuff
|-supereffective|p1a: Slurpuff
|-damage|p1a: Slurpuff|0 fnt
|faint|p1a: Slurpuff
|
|upkeep
|-message|quimbs forfeited.
|
|win|TitusLee
|l|☆quimbs
||Ladder (probably) updated, but score could not be retrieved (Response not received).
