|j|☆Dollarsalt
|j|☆a rabbit
|player|p1|Dollarsalt|pokekid|
|player|p2|a rabbit|169|
|teamsize|p1|6
|teamsize|p2|6
|gametype|singles
|gen|8
|tier|[Gen 8] RU
|clearpoke
|poke|p1|Sableye, F|
|poke|p1|Gigalith, M|
|poke|p1|Vileplume, M|
|poke|p1|Vaporeon, F|
|poke|p1|Xatu, F|
|poke|p1|Salazzle, F|
|poke|p2|Indeedee-F, F|
|poke|p2|Mantine, F|
|poke|p2|Ninetales, F|
|poke|p2|Dhelmise|
|poke|p2|Gigalith, F|
|poke|p2|Pangoro, M|
|rule|Sleep Clause Mod: Limit one foe put to sleep
|rule|Species Clause: Limit one of each Pokémon
|rule|OHKO Clause: OHKO moves are banned
|rule|Evasion Moves Clause: Evasion moves are banned
|rule|Endless Battle Clause: Forcing endless battles is banned
|rule|HP Percentage Mod: HP is shown in percentages
|rule|Dynamax Clause: You cannot dynamax
|teampreview
|c|☆a rabbit|glhf
|c|☆Dollarsalt|Gl hf
|
|start
|switch|p1a: Vileplume|Vileplume, M|100/100
|switch|p2a: Indeedee|Indeedee-F, F|100/100
|-fieldstart|move: Psychic Terrain|[from] ability: Psychic Surge|[of] p2a: Indeedee
|turn|1
|
|switch|p2a: Pangoro|Pangoro, M|100/100
|switch|p1a: Sableye|Sableye, F|100/100
|
|upkeep
|turn|2
|
|switch|p1a: Vileplume|Vileplume, M|100/100
|move|p2a: Pangoro|Darkest Lariat|p1a: Vileplume
|-damage|p1a: Vileplume|43/100
|-status|p2a: Pangoro|par|[from] ability: Effect Spore|[of] p1a: Vileplume
|
|-heal|p1a: Vileplume|49/100|[from] item: Black Sludge
|upkeep
|turn|3
|inactive|Battle timer is ON: inactive players will automatically lose when time's up. (requested by Dollarsalt)
|c|☆Dollarsalt|Sorry
|
|move|p1a: Vileplume|Strength Sap|p2a: Pangoro
|-unboost|p2a: Pangoro|atk|1
|-heal|p1a: Vileplume|100/100
|move|p2a: Pangoro|Darkest Lariat|p1a: Vileplume
|-damage|p1a: Vileplume|66/100
|
|-heal|p1a: Vileplume|73/100|[from] item: Black Sludge
|upkeep
|turn|4
|
|switch|p2a: Ninetales|Ninetales, F|100/100
|-weather|SunnyDay|[from] ability: Drought|[of] p2a: Ninetales
|move|p1a: Vileplume|Sludge Bomb|p2a: Ninetales
|-damage|p2a: Ninetales|60/100
|
|-weather|SunnyDay|[upkeep]
|-heal|p1a: Vileplume|79/100|[from] item: Black Sludge
|upkeep
|turn|5
|
|switch|p2a: Dhelmise|Dhelmise|100/100
|switch|p1a: Gigalith|Gigalith, M|100/100
|-weather|Sandstorm|[from] ability: Sand Stream|[of] p1a: Gigalith
|
|-weather|Sandstorm|[upkeep]
|-damage|p2a: Dhelmise|94/100|[from] Sandstorm
|-heal|p2a: Dhelmise|100/100|[from] item: Leftovers
|-fieldend|move: Psychic Terrain
|upkeep
|turn|6
|
|switch|p1a: Vileplume|Vileplume, M|79/100
|move|p2a: Dhelmise|Anchor Shot|p1a: Vileplume
|-damage|p1a: Vileplume|40/100
|-activate|p1a: Vileplume|trapped
|
|-weather|Sandstorm|[upkeep]
|-damage|p1a: Vileplume|34/100|[from] Sandstorm
|-damage|p2a: Dhelmise|94/100|[from] Sandstorm
|-heal|p1a: Vileplume|40/100|[from] item: Black Sludge
|-heal|p2a: Dhelmise|100/100|[from] item: Leftovers
|upkeep
|turn|7
|
|move|p1a: Vileplume|Strength Sap|p2a: Dhelmise
|-unboost|p2a: Dhelmise|atk|1
|-heal|p1a: Vileplume|100/100
|move|p2a: Dhelmise|Anchor Shot|p1a: Vileplume
|-damage|p1a: Vileplume|78/100
|
|-weather|Sandstorm|[upkeep]
|-damage|p1a: Vileplume|72/100|[from] Sandstorm
|-damage|p2a: Dhelmise|94/100|[from] Sandstorm
|-heal|p1a: Vileplume|78/100|[from] item: Black Sludge
|-heal|p2a: Dhelmise|100/100|[from] item: Leftovers
|upkeep
|turn|8
|
|switch|p2a: Gigalith|Gigalith, F|100/100
|move|p1a: Vileplume|Sludge Bomb|p2a: Gigalith
|-resisted|p2a: Gigalith
|-damage|p2a: Gigalith|92/100
|-status|p2a: Gigalith|psn
|
|-weather|Sandstorm|[upkeep]
|-damage|p1a: Vileplume|72/100|[from] Sandstorm
|-heal|p1a: Vileplume|78/100|[from] item: Black Sludge
|-heal|p2a: Gigalith|98/100 psn|[from] item: Leftovers
|-damage|p2a: Gigalith|86/100 psn|[from] psn
|upkeep
|turn|9
|
|switch|p2a: Ninetales|Ninetales, F|60/100
|-weather|SunnyDay|[from] ability: Drought|[of] p2a: Ninetales
|move|p1a: Vileplume|Giga Drain|p2a: Ninetales
|-resisted|p2a: Ninetales
|-damage|p2a: Ninetales|44/100
|-heal|p1a: Vileplume|85/100|[from] drain|[of] p2a: Ninetales
|
|-weather|SunnyDay|[upkeep]
|-heal|p1a: Vileplume|91/100|[from] item: Black Sludge
|upkeep
|turn|10
|
|switch|p2a: Pangoro|Pangoro, M|100/100 par
|switch|p1a: Gigalith|Gigalith, M|100/100
|-weather|Sandstorm|[from] ability: Sand Stream|[of] p1a: Gigalith
|
|-weather|Sandstorm|[upkeep]
|-damage|p2a: Pangoro|94/100 par|[from] Sandstorm
|upkeep
|turn|11
|
|switch|p1a: Vileplume|Vileplume, M|91/100
|cant|p2a: Pangoro|par
|
|-weather|Sandstorm|[upkeep]
|-damage|p1a: Vileplume|85/100|[from] Sandstorm
|-damage|p2a: Pangoro|88/100 par|[from] Sandstorm
|-heal|p1a: Vileplume|91/100|[from] item: Black Sludge
|upkeep
|turn|12
|
|switch|p2a: Indeedee|Indeedee-F, F|100/100
|-fieldstart|move: Psychic Terrain|[from] ability: Psychic Surge|[of] p2a: Indeedee
|move|p1a: Vileplume|Sludge Bomb|p2a: Indeedee
|-damage|p2a: Indeedee|60/100
|
|-weather|Sandstorm|[upkeep]
|-damage|p2a: Indeedee|54/100|[from] Sandstorm
|-damage|p1a: Vileplume|85/100|[from] Sandstorm
|-heal|p1a: Vileplume|91/100|[from] item: Black Sludge
|upkeep
|turn|13
|
|switch|p1a: Sableye|Sableye, F|100/100
|move|p2a: Indeedee|Healing Wish|p2a: Indeedee
|faint|p2a: Indeedee
|
|-weather|Sandstorm|[upkeep]
|-damage|p1a: Sableye|94/100|[from] Sandstorm
|-heal|p1a: Sableye|100/100|[from] item: Leftovers
|upkeep
|
|switch|p2a: Pangoro|Pangoro, M|88/100 par
|-heal|p2a: Pangoro|100/100|[from] move: Healing Wish
|turn|14
|inactive|Dollarsalt has 270 seconds left.
|
|switch|p1a: Gigalith|Gigalith, M|100/100
|move|p2a: Pangoro|Close Combat|p1a: Gigalith
|-supereffective|p1a: Gigalith
|-crit|p1a: Gigalith
|-damage|p1a: Gigalith|0 fnt
|-unboost|p2a: Pangoro|def|1
|-unboost|p2a: Pangoro|spd|1
|faint|p1a: Gigalith
|
|-weather|none
|upkeep
|
|switch|p1a: Salazzle|Salazzle, F|100/100
|turn|15
|
|switch|p1a: Vileplume|Vileplume, M|91/100
|switch|p2a: Gigalith|Gigalith, F|86/100 psn
|-weather|Sandstorm|[from] ability: Sand Stream|[of] p2a: Gigalith
|
|-weather|Sandstorm|[upkeep]
|-damage|p1a: Vileplume|85/100|[from] Sandstorm
|-heal|p1a: Vileplume|91/100|[from] item: Black Sludge
|-heal|p2a: Gigalith|92/100 psn|[from] item: Leftovers
|-damage|p2a: Gigalith|80/100 psn|[from] psn
|upkeep
|turn|16
|inactive|Dollarsalt has 270 seconds left.
|j| Odd Della Robbia
|
|switch|p2a: Mantine|Mantine, F|100/100
|move|p1a: Vileplume|Sleep Powder|p2a: Mantine
|-status|p2a: Mantine|slp|[from] move: Sleep Powder
|
|-weather|Sandstorm|[upkeep]
|-damage|p2a: Mantine|94/100 slp|[from] Sandstorm
|-damage|p1a: Vileplume|85/100|[from] Sandstorm
|-heal|p1a: Vileplume|91/100|[from] item: Black Sludge
|-fieldend|move: Psychic Terrain
|upkeep
|turn|17
|
|cant|p2a: Mantine|slp
|move|p1a: Vileplume|Sludge Bomb|p2a: Mantine
|-damage|p2a: Mantine|65/100 slp
|
|-weather|Sandstorm|[upkeep]
|-damage|p2a: Mantine|59/100 slp|[from] Sandstorm
|-damage|p1a: Vileplume|85/100|[from] Sandstorm
|-heal|p1a: Vileplume|91/100|[from] item: Black Sludge
|upkeep
|turn|18
|
|cant|p2a: Mantine|slp
|move|p1a: Vileplume|Sludge Bomb|p2a: Mantine
|-damage|p2a: Mantine|30/100 slp
|
|-weather|Sandstorm|[upkeep]
|-damage|p2a: Mantine|24/100 slp|[from] Sandstorm
|-damage|p1a: Vileplume|85/100|[from] Sandstorm
|-heal|p1a: Vileplume|91/100|[from] item: Black Sludge
|upkeep
|turn|19
|
|-curestatus|p2a: Mantine|slp|[msg]
|move|p2a: Mantine|Roost|p2a: Mantine
|-heal|p2a: Mantine|74/100
|-singleturn|p2a: Mantine|move: Roost
|move|p1a: Vileplume|Giga Drain|p2a: Mantine
|-supereffective|p2a: Mantine
|-damage|p2a: Mantine|26/100
|-heal|p1a: Vileplume|100/100|[from] drain|[of] p2a: Mantine
|
|-weather|none
|upkeep
|turn|20
|
|switch|p1a: Vaporeon|Vaporeon, F|100/100
|move|p2a: Mantine|Roost|p2a: Mantine
|-heal|p2a: Mantine|76/100
|-singleturn|p2a: Mantine|move: Roost
|
|upkeep
|turn|21
|
|switch|p2a: Dhelmise|Dhelmise|100/100
|move|p1a: Vaporeon|Scald|p2a: Dhelmise
|-resisted|p2a: Dhelmise
|-damage|p2a: Dhelmise|83/100
|
|-heal|p2a: Dhelmise|89/100|[from] item: Leftovers
|upkeep
|turn|22
|
|switch|p1a: Vileplume|Vileplume, M|100/100
|move|p2a: Dhelmise|Anchor Shot|p1a: Vileplume
|-damage|p1a: Vileplume|62/100
|-activate|p1a: Vileplume|trapped
|
|-heal|p1a: Vileplume|68/100|[from] item: Black Sludge
|-heal|p2a: Dhelmise|95/100|[from] item: Leftovers
|upkeep
|turn|23
|
|switch|p2a: Mantine|Mantine, F|76/100
|move|p1a: Vileplume|Sludge Bomb|p2a: Mantine
|-damage|p2a: Mantine|49/100
|
|-heal|p1a: Vileplume|74/100|[from] item: Black Sludge
|upkeep
|turn|24
|
|move|p2a: Mantine|Roost|p2a: Mantine
|-heal|p2a: Mantine|99/100
|-singleturn|p2a: Mantine|move: Roost
|move|p1a: Vileplume|Giga Drain|p2a: Mantine
|-supereffective|p2a: Mantine
|-damage|p2a: Mantine|52/100
|-heal|p1a: Vileplume|95/100|[from] drain|[of] p2a: Mantine
|
|-heal|p1a: Vileplume|100/100|[from] item: Black Sludge
|upkeep
|turn|25
|
|switch|p1a: Vaporeon|Vaporeon, F|100/100
|move|p2a: Mantine|Roost|p2a: Mantine
|-heal|p2a: Mantine|100/100
|-singleturn|p2a: Mantine|move: Roost
|
|upkeep
|turn|26
|l| Odd Della Robbia
|
|switch|p2a: Gigalith|Gigalith, F|80/100 psn
|-weather|Sandstorm|[from] ability: Sand Stream|[of] p2a: Gigalith
|move|p1a: Vaporeon|Scald|p2a: Gigalith
|-supereffective|p2a: Gigalith
|-crit|p2a: Gigalith
|-damage|p2a: Gigalith|31/100 psn
|
|-weather|Sandstorm|[upkeep]
|-damage|p1a: Vaporeon|94/100|[from] Sandstorm
|-heal|p1a: Vaporeon|100/100|[from] item: Leftovers
|-heal|p2a: Gigalith|37/100 psn|[from] item: Leftovers
|-damage|p2a: Gigalith|25/100 psn|[from] psn
|upkeep
|turn|27
|
|move|p1a: Vaporeon|Scald|p2a: Gigalith
|-supereffective|p2a: Gigalith
|-damage|p2a: Gigalith|0 fnt
|faint|p2a: Gigalith
|
|-weather|Sandstorm|[upkeep]
|-damage|p1a: Vaporeon|94/100|[from] Sandstorm
|-heal|p1a: Vaporeon|100/100|[from] item: Leftovers
|upkeep
|c|☆a rabbit|that crit even was dumb
|c|☆a rabbit|i could have rocked that turn
|c|☆Dollarsalt|I’m sorry
|
|switch|p2a: Pangoro|Pangoro, M|100/100
|turn|28
|
|move|p1a: Vaporeon|Protect|p1a: Vaporeon
|-singleturn|p1a: Vaporeon|Protect
|move|p2a: Pangoro|Darkest Lariat|p1a: Vaporeon
|-activate|p1a: Vaporeon|move: Protect
|
|-weather|Sandstorm|[upkeep]
|-damage|p2a: Pangoro|94/100|[from] Sandstorm
|-damage|p1a: Vaporeon|94/100|[from] Sandstorm
|-heal|p1a: Vaporeon|100/100|[from] item: Leftovers
|upkeep
|turn|29
|
|switch|p1a: Xatu|Xatu, F|100/100
|move|p2a: Pangoro|Darkest Lariat|p1a: Xatu
|-supereffective|p1a: Xatu
|-damage|p1a: Xatu|0 fnt
|-damage|p2a: Pangoro|78/100|[from] item: Rocky Helmet|[of] p1a: Xatu
|faint|p1a: Xatu
|
|-weather|Sandstorm|[upkeep]
|-damage|p2a: Pangoro|72/100|[from] Sandstorm
|upkeep
|
|switch|p1a: Vileplume|Vileplume, M|100/100
|turn|30
|
|switch|p2a: Mantine|Mantine, F|100/100
|move|p1a: Vileplume|Sleep Powder|p2a: Mantine|[miss]
|-miss|p1a: Vileplume|p2a: Mantine
|
|-weather|none
|upkeep
|turn|31
|
|switch|p1a: Vaporeon|Vaporeon, F|100/100
|move|p2a: Mantine|Hurricane|p1a: Vaporeon|[miss]
|-miss|p2a: Mantine|p1a: Vaporeon
|
|upkeep
|turn|32
|
|move|p2a: Mantine|Hurricane|p1a: Vaporeon
|-damage|p1a: Vaporeon|74/100
|-start|p1a: Vaporeon|confusion
|-activate|p1a: Vaporeon|confusion
|move|p1a: Vaporeon|Scald|p2a: Mantine
|-resisted|p2a: Mantine
|-damage|p2a: Mantine|88/100
|-status|p2a: Mantine|brn
|
|-heal|p1a: Vaporeon|80/100|[from] item: Leftovers
|-damage|p2a: Mantine|82/100 brn|[from] brn
|upkeep
|turn|33
|
|move|p2a: Mantine|Hurricane|p1a: Vaporeon
|-damage|p1a: Vaporeon|54/100
|-activate|p1a: Vaporeon|confusion
|-damage|p1a: Vaporeon|49/100|[from] confusion
|
|-heal|p1a: Vaporeon|55/100|[from] item: Leftovers
|-damage|p2a: Mantine|76/100 brn|[from] brn
|upkeep
|turn|34
|
|switch|p2a: Pangoro|Pangoro, M|72/100
|-end|p1a: Vaporeon|confusion
|move|p1a: Vaporeon|Wish|p1a: Vaporeon
|
|-heal|p1a: Vaporeon|62/100|[from] item: Leftovers
|upkeep
|turn|35
|
|switch|p1a: Vileplume|Vileplume, M|100/100
|move|p2a: Pangoro|Darkest Lariat|p1a: Vileplume
|-damage|p1a: Vileplume|49/100
|
|-heal|p1a: Vileplume|100/100|[from] move: Wish|[wisher] Vaporeon
|upkeep
|turn|36
|
|switch|p2a: Mantine|Mantine, F|76/100 brn
|move|p1a: Vileplume|Sludge Bomb|p2a: Mantine
|-damage|p2a: Mantine|50/100 brn
|
|-damage|p2a: Mantine|44/100 brn|[from] brn
|upkeep
|turn|37
|
|switch|p2a: Pangoro|Pangoro, M|72/100
|move|p1a: Vileplume|Giga Drain|p2a: Pangoro
|-damage|p2a: Pangoro|34/100
|
|upkeep
|turn|38
|
|switch|p2a: Dhelmise|Dhelmise|95/100
|move|p1a: Vileplume|Sludge Bomb|p2a: Dhelmise
|-damage|p2a: Dhelmise|56/100
|
|-heal|p2a: Dhelmise|63/100|[from] item: Leftovers
|upkeep
|turn|39
|
|move|p2a: Dhelmise|Protect|p2a: Dhelmise
|-singleturn|p2a: Dhelmise|Protect
|move|p1a: Vileplume|Sludge Bomb|p2a: Dhelmise
|-activate|p2a: Dhelmise|move: Protect
|
|-heal|p2a: Dhelmise|69/100|[from] item: Leftovers
|upkeep
|turn|40
|
|move|p1a: Vileplume|Sludge Bomb|p2a: Dhelmise
|-damage|p2a: Dhelmise|34/100
|-status|p2a: Dhelmise|psn
|move|p2a: Dhelmise|Anchor Shot|p1a: Vileplume
|-damage|p1a: Vileplume|62/100
|-activate|p1a: Vileplume|trapped
|
|-heal|p1a: Vileplume|69/100|[from] item: Black Sludge
|-heal|p2a: Dhelmise|40/100 psn|[from] item: Leftovers
|-damage|p2a: Dhelmise|28/100 psn|[from] psn
|upkeep
|turn|41
|
|switch|p2a: Mantine|Mantine, F|44/100 brn
|move|p1a: Vileplume|Strength Sap|p2a: Mantine
|-unboost|p2a: Mantine|atk|1
|-heal|p1a: Vileplume|90/100
|
|-heal|p1a: Vileplume|96/100|[from] item: Black Sludge
|-damage|p2a: Mantine|38/100 brn|[from] brn
|upkeep
|turn|42
|
|switch|p1a: Sableye|Sableye, F|100/100
|move|p2a: Mantine|Roost|p2a: Mantine
|-heal|p2a: Mantine|88/100 brn
|-singleturn|p2a: Mantine|move: Roost
|
|-damage|p2a: Mantine|82/100 brn|[from] brn
|upkeep
|turn|43
|
|switch|p2a: Dhelmise|Dhelmise|28/100 psn
|move|p1a: Sableye|Knock Off|p2a: Dhelmise
|-supereffective|p2a: Dhelmise
|-damage|p2a: Dhelmise|0 fnt
|-enditem|p2a: Dhelmise|Leftovers|[from] move: Knock Off|[of] p1a: Sableye
|faint|p2a: Dhelmise
|
|upkeep
|
|switch|p2a: Pangoro|Pangoro, M|34/100
|turn|44
|
|move|p2a: Pangoro|Drain Punch|p1a: Sableye
|-supereffective|p1a: Sableye
|-damage|p1a: Sableye|0 fnt
|-heal|p2a: Pangoro|80/100|[from] drain|[of] p1a: Sableye
|faint|p1a: Sableye
|
|upkeep
|
|switch|p1a: Vileplume|Vileplume, M|96/100
|turn|45
|
|switch|p2a: Mantine|Mantine, F|82/100 brn
|move|p1a: Vileplume|Sludge Bomb|p2a: Mantine
|-damage|p2a: Mantine|55/100 brn
|
|-heal|p1a: Vileplume|100/100|[from] item: Black Sludge
|-damage|p2a: Mantine|49/100 brn|[from] brn
|upkeep
|turn|46
|
|switch|p1a: Vaporeon|Vaporeon, F|62/100
|move|p2a: Mantine|Hurricane|p1a: Vaporeon|[miss]
|-miss|p2a: Mantine|p1a: Vaporeon
|
|-heal|p1a: Vaporeon|68/100|[from] item: Leftovers
|-damage|p2a: Mantine|43/100 brn|[from] brn
|upkeep
|turn|47
|
|move|p2a: Mantine|Roost|p2a: Mantine
|-heal|p2a: Mantine|93/100 brn
|-singleturn|p2a: Mantine|move: Roost
|move|p1a: Vaporeon|Wish|p1a: Vaporeon
|
|-heal|p1a: Vaporeon|74/100|[from] item: Leftovers
|-damage|p2a: Mantine|87/100 brn|[from] brn
|upkeep
|turn|48
|
|move|p2a: Mantine|Hurricane|p1a: Vaporeon
|-damage|p1a: Vaporeon|51/100
|-start|p1a: Vaporeon|confusion
|-activate|p1a: Vaporeon|confusion
|-damage|p1a: Vaporeon|46/100|[from] confusion
|
|-heal|p1a: Vaporeon|96/100|[from] move: Wish|[wisher] Vaporeon
|-heal|p1a: Vaporeon|100/100|[from] item: Leftovers
|-damage|p2a: Mantine|81/100 brn|[from] brn
|upkeep
|turn|49
|
|switch|p2a: Pangoro|Pangoro, M|80/100
|-activate|p1a: Vaporeon|confusion
|move|p1a: Vaporeon|Wish|p1a: Vaporeon
|
|upkeep
|turn|50
|
|switch|p2a: Ninetales|Ninetales, F|44/100
|-weather|SunnyDay|[from] ability: Drought|[of] p2a: Ninetales
|-end|p1a: Vaporeon|confusion
|move|p1a: Vaporeon|Scald|p2a: Ninetales
|-supereffective|p2a: Ninetales
|-damage|p2a: Ninetales|10/100
|
|-weather|SunnyDay|[upkeep]
|upkeep
|turn|51
|
|move|p2a: Ninetales|Solar Beam||[still]
|-prepare|p2a: Ninetales|Solar Beam|p1a: Vaporeon
|-anim|p2a: Ninetales|Solar Beam|p1a: Vaporeon
|-supereffective|p1a: Vaporeon
|-damage|p1a: Vaporeon|69/100
|move|p1a: Vaporeon|Scald|p2a: Ninetales
|-supereffective|p2a: Ninetales
|-damage|p2a: Ninetales|0 fnt
|faint|p2a: Ninetales
|
|-weather|SunnyDay|[upkeep]
|-heal|p1a: Vaporeon|75/100|[from] item: Leftovers
|upkeep
|
|switch|p2a: Pangoro|Pangoro, M|80/100
|turn|52
|
|move|p1a: Vaporeon|Protect|p1a: Vaporeon
|-singleturn|p1a: Vaporeon|Protect
|move|p2a: Pangoro|Darkest Lariat|p1a: Vaporeon
|-activate|p1a: Vaporeon|move: Protect
|
|-weather|SunnyDay|[upkeep]
|-heal|p1a: Vaporeon|81/100|[from] item: Leftovers
|upkeep
|turn|53
|
|switch|p1a: Salazzle|Salazzle, F|100/100
|move|p2a: Pangoro|Darkest Lariat|p1a: Salazzle
|-damage|p1a: Salazzle|0 fnt
|faint|p1a: Salazzle
|
|-weather|SunnyDay|[upkeep]
|upkeep
|
|switch|p1a: Vileplume|Vileplume, M|100/100
|turn|54
|
|move|p2a: Pangoro|Darkest Lariat|p1a: Vileplume
|-damage|p1a: Vileplume|49/100
|move|p1a: Vileplume|Giga Drain|p2a: Pangoro
|-damage|p2a: Pangoro|44/100
|-heal|p1a: Vileplume|65/100|[from] drain|[of] p2a: Pangoro
|
|-weather|none
|-heal|p1a: Vileplume|72/100|[from] item: Black Sludge
|upkeep
|turn|55
|
|switch|p2a: Mantine|Mantine, F|81/100 brn
|move|p1a: Vileplume|Sludge Bomb|p2a: Mantine
|-damage|p2a: Mantine|53/100 brn
|
|-heal|p1a: Vileplume|78/100|[from] item: Black Sludge
|-damage|p2a: Mantine|46/100 brn|[from] brn
|upkeep
|turn|56
|
|move|p2a: Mantine|Hurricane|p1a: Vileplume
|-supereffective|p1a: Vileplume
|-damage|p1a: Vileplume|0 fnt
|faint|p1a: Vileplume
|
|-damage|p2a: Mantine|40/100 brn|[from] brn
|upkeep
|
|switch|p1a: Vaporeon|Vaporeon, F|81/100
|turn|57
|
|move|p2a: Mantine|Roost|p2a: Mantine
|-heal|p2a: Mantine|91/100 brn
|-singleturn|p2a: Mantine|move: Roost
|move|p1a: Vaporeon|Wish|p1a: Vaporeon
|
|-heal|p1a: Vaporeon|87/100|[from] item: Leftovers
|-damage|p2a: Mantine|84/100 brn|[from] brn
|upkeep
|turn|58
|
|move|p2a: Mantine|Rain Dance|p2a: Mantine
|-weather|RainDance
|move|p1a: Vaporeon|Scald|p2a: Mantine
|-resisted|p2a: Mantine
|-damage|p2a: Mantine|67/100 brn
|
|-weather|RainDance|[upkeep]
|-heal|p1a: Vaporeon|100/100|[from] move: Wish|[wisher] Vaporeon
|-damage|p2a: Mantine|61/100 brn|[from] brn
|upkeep
|turn|59
|
|move|p2a: Mantine|Hurricane|p1a: Vaporeon
|-damage|p1a: Vaporeon|75/100
|move|p1a: Vaporeon|Scald|p2a: Mantine
|-resisted|p2a: Mantine
|-damage|p2a: Mantine|42/100 brn
|
|-weather|RainDance|[upkeep]
|-heal|p1a: Vaporeon|81/100|[from] item: Leftovers
|-damage|p2a: Mantine|36/100 brn|[from] brn
|upkeep
|turn|60
|
|move|p2a: Mantine|Roost|p2a: Mantine
|-heal|p2a: Mantine|86/100 brn
|-singleturn|p2a: Mantine|move: Roost
|move|p1a: Vaporeon|Scald|p2a: Mantine
|-resisted|p2a: Mantine
|-damage|p2a: Mantine|68/100 brn
|
|-weather|RainDance|[upkeep]
|-heal|p1a: Vaporeon|87/100|[from] item: Leftovers
|-damage|p2a: Mantine|62/100 brn|[from] brn
|upkeep
|turn|61
|
|move|p2a: Mantine|Hurricane|p1a: Vaporeon
|-damage|p1a: Vaporeon|62/100
|-start|p1a: Vaporeon|confusion
|-activate|p1a: Vaporeon|confusion
|move|p1a: Vaporeon|Scald|p2a: Mantine
|-resisted|p2a: Mantine
|-damage|p2a: Mantine|43/100 brn
|
|-weather|RainDance|[upkeep]
|-heal|p1a: Vaporeon|69/100|[from] item: Leftovers
|-damage|p2a: Mantine|37/100 brn|[from] brn
|upkeep
|turn|62
|
|move|p2a: Mantine|Hurricane|p1a: Vaporeon
|-damage|p1a: Vaporeon|43/100
|-activate|p1a: Vaporeon|confusion
|move|p1a: Vaporeon|Wish|p1a: Vaporeon
|
|-weather|none
|-heal|p1a: Vaporeon|50/100|[from] item: Leftovers
|-damage|p2a: Mantine|30/100 brn|[from] brn
|upkeep
|turn|63
|inactive|Dollarsalt has 270 seconds left.
|j|+Averardo
|
|move|p2a: Mantine|Roost|p2a: Mantine
|-heal|p2a: Mantine|81/100 brn
|-singleturn|p2a: Mantine|move: Roost
|-activate|p1a: Vaporeon|confusion
|move|p1a: Vaporeon|Scald|p2a: Mantine
|-resisted|p2a: Mantine
|-crit|p2a: Mantine
|-damage|p2a: Mantine|63/100 brn
|
|-heal|p1a: Vaporeon|99/100|[from] move: Wish|[wisher] Vaporeon
|-heal|p1a: Vaporeon|100/100|[from] item: Leftovers
|-damage|p2a: Mantine|57/100 brn|[from] brn
|upkeep
|turn|64
|
|-activate|p1a: Vaporeon|confusion
|-damage|p1a: Vaporeon|95/100|[from] confusion
|move|p2a: Mantine|Rain Dance|p2a: Mantine
|-weather|RainDance
|
|-weather|RainDance|[upkeep]
|-heal|p1a: Vaporeon|100/100|[from] item: Leftovers
|-damage|p2a: Mantine|51/100 brn|[from] brn
|upkeep
|turn|65
|
|-end|p1a: Vaporeon|confusion
|move|p1a: Vaporeon|Protect|p1a: Vaporeon
|-singleturn|p1a: Vaporeon|Protect
|move|p2a: Mantine|Hurricane|p1a: Vaporeon
|-activate|p1a: Vaporeon|move: Protect
|
|-weather|RainDance|[upkeep]
|-damage|p2a: Mantine|45/100 brn|[from] brn
|upkeep
|turn|66
|
|move|p2a: Mantine|Hurricane|p1a: Vaporeon
|-damage|p1a: Vaporeon|75/100
|-start|p1a: Vaporeon|confusion
|-activate|p1a: Vaporeon|confusion
|move|p1a: Vaporeon|Scald|p2a: Mantine
|-resisted|p2a: Mantine
|-damage|p2a: Mantine|26/100 brn
|
|-weather|RainDance|[upkeep]
|-heal|p1a: Vaporeon|81/100|[from] item: Leftovers
|-damage|p2a: Mantine|19/100 brn|[from] brn
|upkeep
|turn|67
|
|move|p2a: Mantine|Roost|p2a: Mantine
|-heal|p2a: Mantine|70/100 brn
|-singleturn|p2a: Mantine|move: Roost
|-activate|p1a: Vaporeon|confusion
|move|p1a: Vaporeon|Wish|p1a: Vaporeon
|
|-weather|RainDance|[upkeep]
|-heal|p1a: Vaporeon|87/100|[from] item: Leftovers
|-damage|p2a: Mantine|64/100 brn|[from] brn
|upkeep
|turn|68
|j| poh
|
|move|p2a: Mantine|Hurricane|p1a: Vaporeon
|-damage|p1a: Vaporeon|62/100
|-activate|p1a: Vaporeon|confusion
|move|p1a: Vaporeon|Haze|p1a: Vaporeon
|-clearallboost
|
|-weather|none
|-heal|p1a: Vaporeon|100/100|[from] move: Wish|[wisher] Vaporeon
|-damage|p2a: Mantine|57/100 brn|[from] brn
|upkeep
|turn|69
|
|-end|p1a: Vaporeon|confusion
|move|p1a: Vaporeon|Protect|p1a: Vaporeon
|-singleturn|p1a: Vaporeon|Protect
|move|p2a: Mantine|Rain Dance|p2a: Mantine
|-weather|RainDance
|
|-weather|RainDance|[upkeep]
|-damage|p2a: Mantine|51/100 brn|[from] brn
|upkeep
|turn|70
|
|move|p2a: Mantine|Hurricane|p1a: Vaporeon
|-damage|p1a: Vaporeon|73/100
|move|p1a: Vaporeon|Scald|p2a: Mantine
|-resisted|p2a: Mantine
|-damage|p2a: Mantine|32/100 brn
|
|-weather|RainDance|[upkeep]
|-heal|p1a: Vaporeon|79/100|[from] item: Leftovers
|-damage|p2a: Mantine|26/100 brn|[from] brn
|upkeep
|turn|71
|
|move|p2a: Mantine|Roost|p2a: Mantine
|-heal|p2a: Mantine|76/100 brn
|-singleturn|p2a: Mantine|move: Roost
|move|p1a: Vaporeon|Wish|p1a: Vaporeon
|
|-weather|RainDance|[upkeep]
|-heal|p1a: Vaporeon|86/100|[from] item: Leftovers
|-damage|p2a: Mantine|70/100 brn|[from] brn
|upkeep
|turn|72
|
|move|p2a: Mantine|Hurricane|p1a: Vaporeon
|-damage|p1a: Vaporeon|61/100
|move|p1a: Vaporeon|Scald|p2a: Mantine
|-resisted|p2a: Mantine
|-damage|p2a: Mantine|52/100 brn
|
|-weather|RainDance|[upkeep]
|-heal|p1a: Vaporeon|100/100|[from] move: Wish|[wisher] Vaporeon
|-damage|p2a: Mantine|46/100 brn|[from] brn
|upkeep
|turn|73
|
|move|p2a: Mantine|Hurricane|p1a: Vaporeon
|-damage|p1a: Vaporeon|73/100
|move|p1a: Vaporeon|Haze|p1a: Vaporeon
|-clearallboost
|
|-weather|none
|-heal|p1a: Vaporeon|79/100|[from] item: Leftovers
|-damage|p2a: Mantine|40/100 brn|[from] brn
|upkeep
|turn|74
|
|move|p2a: Mantine|Roost|p2a: Mantine
|-heal|p2a: Mantine|90/100 brn
|-singleturn|p2a: Mantine|move: Roost
|move|p1a: Vaporeon|Wish|p1a: Vaporeon
|
|-heal|p1a: Vaporeon|86/100|[from] item: Leftovers
|-damage|p2a: Mantine|84/100 brn|[from] brn
|upkeep
|turn|75
|
|move|p2a: Mantine|Rain Dance|p2a: Mantine
|-weather|RainDance
|move|p1a: Vaporeon|Haze|p1a: Vaporeon
|-clearallboost
|
|-weather|RainDance|[upkeep]
|-heal|p1a: Vaporeon|100/100|[from] move: Wish|[wisher] Vaporeon
|-damage|p2a: Mantine|78/100 brn|[from] brn
|upkeep
|turn|76
|
|move|p1a: Vaporeon|Protect|p1a: Vaporeon
|-singleturn|p1a: Vaporeon|Protect
|move|p2a: Mantine|Hydro Pump|p1a: Vaporeon
|-activate|p1a: Vaporeon|move: Protect
|
|-weather|RainDance|[upkeep]
|-damage|p2a: Mantine|72/100 brn|[from] brn
|upkeep
|turn|77
|
|move|p2a: Mantine|Hydro Pump|p1a: Vaporeon
|-immune|p1a: Vaporeon|[from] ability: Water Absorb
|move|p1a: Vaporeon|Haze|p1a: Vaporeon
|-clearallboost
|
|-weather|RainDance|[upkeep]
|-damage|p2a: Mantine|65/100 brn|[from] brn
|upkeep
|turn|78
|
|move|p2a: Mantine|Hydro Pump|p1a: Vaporeon
|-immune|p1a: Vaporeon|[from] ability: Water Absorb
|move|p1a: Vaporeon|Haze|p1a: Vaporeon
|-clearallboost
|
|-weather|RainDance|[upkeep]
|-damage|p2a: Mantine|59/100 brn|[from] brn
|upkeep
|turn|79
|
|move|p2a: Mantine|Hydro Pump|p1a: Vaporeon
|-immune|p1a: Vaporeon|[from] ability: Water Absorb
|move|p1a: Vaporeon|Haze|p1a: Vaporeon
|-clearallboost
|
|-weather|none
|-damage|p2a: Mantine|53/100 brn|[from] brn
|upkeep
|turn|80
|
|move|p1a: Vaporeon|Protect|p1a: Vaporeon
|-singleturn|p1a: Vaporeon|Protect
|move|p2a: Mantine|Rain Dance|p2a: Mantine
|-weather|RainDance
|
|-weather|RainDance|[upkeep]
|-damage|p2a: Mantine|47/100 brn|[from] brn
|upkeep
|turn|81
|
|move|p2a: Mantine|Roost|p2a: Mantine
|-heal|p2a: Mantine|97/100 brn
|-singleturn|p2a: Mantine|move: Roost
|move|p1a: Vaporeon|Haze|p1a: Vaporeon
|-clearallboost
|
|-weather|RainDance|[upkeep]
|-damage|p2a: Mantine|91/100 brn|[from] brn
|upkeep
|turn|82
|
|move|p1a: Vaporeon|Protect|p1a: Vaporeon
|-singleturn|p1a: Vaporeon|Protect
|move|p2a: Mantine|Hurricane|p1a: Vaporeon
|-activate|p1a: Vaporeon|move: Protect
|
|-weather|RainDance|[upkeep]
|-damage|p2a: Mantine|85/100 brn|[from] brn
|upkeep
|turn|83
|
|move|p2a: Mantine|Rain Dance||[still]
|-fail|p2a: Mantine
|move|p1a: Vaporeon|Haze|p1a: Vaporeon
|-clearallboost
|
|-weather|RainDance|[upkeep]
|-damage|p2a: Mantine|79/100 brn|[from] brn
|upkeep
|turn|84
|
|move|p1a: Vaporeon|Protect|p1a: Vaporeon
|-singleturn|p1a: Vaporeon|Protect
|move|p2a: Mantine|Rain Dance||[still]
|-fail|p2a: Mantine
|
|-weather|none
|-damage|p2a: Mantine|73/100 brn|[from] brn
|upkeep
|turn|85
|
|move|p2a: Mantine|Rain Dance|p2a: Mantine
|-weather|RainDance
|move|p1a: Vaporeon|Haze|p1a: Vaporeon
|-clearallboost
|
|-weather|RainDance|[upkeep]
|-damage|p2a: Mantine|67/100 brn|[from] brn
|upkeep
|turn|86
|
|move|p1a: Vaporeon|Protect|p1a: Vaporeon
|-singleturn|p1a: Vaporeon|Protect
|move|p2a: Mantine|Hydro Pump|p1a: Vaporeon
|-activate|p1a: Vaporeon|move: Protect
|
|-weather|RainDance|[upkeep]
|-damage|p2a: Mantine|61/100 brn|[from] brn
|upkeep
|turn|87
|
|move|p2a: Mantine|Hydro Pump|p1a: Vaporeon
|-immune|p1a: Vaporeon|[from] ability: Water Absorb
|move|p1a: Vaporeon|Haze|p1a: Vaporeon
|-clearallboost
|
|-weather|RainDance|[upkeep]
|-damage|p2a: Mantine|55/100 brn|[from] brn
|upkeep
|turn|88
|
|move|p2a: Mantine|Hydro Pump|p1a: Vaporeon
|-immune|p1a: Vaporeon|[from] ability: Water Absorb
|move|p1a: Vaporeon|Wish|p1a: Vaporeon
|
|-weather|RainDance|[upkeep]
|-damage|p2a: Mantine|48/100 brn|[from] brn
|upkeep
|turn|89
|
|move|p2a: Mantine|Roost|p2a: Mantine
|-heal|p2a: Mantine|99/100 brn
|-singleturn|p2a: Mantine|move: Roost
|move|p1a: Vaporeon|Haze|p1a: Vaporeon
|-clearallboost
|
|-weather|none
|-damage|p2a: Mantine|92/100 brn|[from] brn
|upkeep
|turn|90
|
|move|p2a: Mantine|Hydro Pump|p1a: Vaporeon
|-immune|p1a: Vaporeon|[from] ability: Water Absorb
|move|p1a: Vaporeon|Haze|p1a: Vaporeon
|-clearallboost
|
|-damage|p2a: Mantine|86/100 brn|[from] brn
|upkeep
|turn|91
|
|move|p2a: Mantine|Roost|p2a: Mantine
|-heal|p2a: Mantine|100/100 brn
|-singleturn|p2a: Mantine|move: Roost
|move|p1a: Vaporeon|Haze|p1a: Vaporeon
|-clearallboost
|
|-damage|p2a: Mantine|94/100 brn|[from] brn
|upkeep
|turn|92
|
|move|p1a: Vaporeon|Protect|p1a: Vaporeon
|-singleturn|p1a: Vaporeon|Protect
|move|p2a: Mantine|Roost|p2a: Mantine
|-heal|p2a: Mantine|100/100 brn
|-singleturn|p2a: Mantine|move: Roost
|
|-damage|p2a: Mantine|94/100 brn|[from] brn
|upkeep
|turn|93
|
|-activate|p2a: Mantine|move: Struggle
|move|p2a: Mantine|Struggle|p1a: Vaporeon
|-damage|p1a: Vaporeon|99/100
|-damage|p2a: Mantine|69/100 brn|[from] recoil
|move|p1a: Vaporeon|Scald|p2a: Mantine
|-resisted|p2a: Mantine
|-damage|p2a: Mantine|58/100 brn
|
|-heal|p1a: Vaporeon|100/100|[from] item: Leftovers
|-damage|p2a: Mantine|52/100 brn|[from] brn
|upkeep
|turn|94
|
|-activate|p2a: Mantine|move: Struggle
|move|p2a: Mantine|Struggle|p1a: Vaporeon
|-damage|p1a: Vaporeon|98/100
|-damage|p2a: Mantine|27/100 brn|[from] recoil
|move|p1a: Vaporeon|Scald|p2a: Mantine
|-resisted|p2a: Mantine
|-damage|p2a: Mantine|15/100 brn
|
|-heal|p1a: Vaporeon|100/100|[from] item: Leftovers
|-damage|p2a: Mantine|9/100 brn|[from] brn
|upkeep
|turn|95
|
|-activate|p2a: Mantine|move: Struggle
|move|p2a: Mantine|Struggle|p1a: Vaporeon
|-damage|p1a: Vaporeon|99/100
|-damage|p2a: Mantine|0 fnt|[from] recoil
|faint|p2a: Mantine
|move|p1a: Vaporeon|Wish|p1a: Vaporeon
|
|-heal|p1a: Vaporeon|100/100|[from] item: Leftovers
|upkeep
|
|switch|p2a: Pangoro|Pangoro, M|44/100
|turn|96
|
|move|p2a: Pangoro|Close Combat|p1a: Vaporeon
|-damage|p1a: Vaporeon|0 fnt
|-unboost|p2a: Pangoro|def|1
|-unboost|p2a: Pangoro|spd|1
|faint|p1a: Vaporeon
|
|win|a rabbit
|c|☆a rabbit|gg
