|j|☆Arcangel666
|j|☆ChickenNuggetScoon
|t:|1621378866
|gametype|singles
|player|p1|Arcangel666|grimsley|1310
|player|p2|ChickenNuggetScoon|hoopster|1335
|teamsize|p1|6
|teamsize|p2|6
|gen|8
|tier|[Gen 8] RU
|rated|
|rule|Sleep Clause Mod: Limit one foe put to sleep
|rule|Species Clause: Limit one of each Pokémon
|rule|OHKO Clause: OHKO moves are banned
|rule|Evasion Moves Clause: Evasion moves are banned
|rule|Endless Battle Clause: Forcing endless battles is banned
|rule|HP Percentage Mod: HP is shown in percentages
|rule|Dynamax Clause: You cannot dynamax
|clearpoke
|poke|p1|Barraskewda, M|
|poke|p1|Gardevoir, F|
|poke|p1|Registeel|
|poke|p1|Crobat, M|
|poke|p1|Darmanitan, M|
|poke|p1|Chandelure, M|
|poke|p2|Ferroseed, F|
|poke|p2|Rotom-Frost|
|poke|p2|Sableye, M|
|poke|p2|Hitmonchan, M|
|poke|p2|Snorlax, M|
|poke|p2|Suicune|
|teampreview
|
|t:|1621378894
|start
|switch|p1a: Chandelure|Chandelure, M, shiny|100/100
|switch|p2a: Ferroseed|Ferroseed, F|100/100
|turn|1
|
|t:|1621378900
|switch|p2a: Snorlax|Snorlax, M|100/100
|move|p1a: Chandelure|Energy Ball|p2a: Snorlax
|-damage|p2a: Snorlax|84/100
|
|-heal|p2a: Snorlax|90/100|[from] item: Leftovers
|upkeep
|turn|2
|
|t:|1621378913
|switch|p1a: Registeel|Registeel, shiny|100/100
|switch|p2a: Suicune|Suicune|100/100
|-ability|p2a: Suicune|Pressure
|
|upkeep
|turn|3
|j| BlazeXXII
|
|t:|1621378918
|move|p2a: Suicune|Calm Mind|p2a: Suicune
|-boost|p2a: Suicune|spa|1
|-boost|p2a: Suicune|spd|1
|move|p1a: Registeel|Iron Defense|p1a: Registeel
|-boost|p1a: Registeel|def|2
|
|upkeep
|turn|4
|
|t:|1621378921
|switch|p2a: Sableye|Sableye, M|100/100
|move|p1a: Registeel|Thunder Wave|p2a: Sableye
|-status|p2a: Sableye|par
|
|upkeep
|turn|5
|
|t:|1621378928
|switch|p1a: Darmanitan|Darmanitan, M|100/100
|move|p2a: Sableye|Encore||[still]
|-fail|p2a: Sableye
|
|upkeep
|turn|6
|
|t:|1621378935
|switch|p2a: Suicune|Suicune|100/100
|-ability|p2a: Suicune|Pressure
|move|p1a: Darmanitan|U-turn|p2a: Suicune
|-damage|p2a: Suicune|85/100
|
|t:|1621378942
|switch|p1a: Chandelure|Chandelure, M, shiny|100/100|[from]move: U-turn
|
|-heal|p2a: Suicune|91/100|[from] item: Leftovers
|upkeep
|turn|7
|
|t:|1621378957
|switch|p2a: Rotom|Rotom-Frost|100/100
|move|p1a: Chandelure|Toxic|p2a: Rotom
|-status|p2a: Rotom|tox
|
|-damage|p2a: Rotom|94/100 tox|[from] psn
|upkeep
|turn|8
|
|t:|1621378987
|move|p2a: Rotom|Thunder|p1a: Chandelure
|-damage|p1a: Chandelure|25/100
|move|p1a: Chandelure|Fire Blast|p2a: Rotom|[miss]
|-miss|p1a: Chandelure|p2a: Rotom
|
|-damage|p2a: Rotom|82/100 tox|[from] psn
|upkeep
|turn|9
|
|t:|1621378993
|move|p2a: Rotom|Thunder|p1a: Chandelure
|-damage|p1a: Chandelure|0 fnt
|faint|p1a: Chandelure
|
|-damage|p2a: Rotom|63/100 tox|[from] psn
|upkeep
|
|t:|1621378995
|switch|p1a: Gardevoir|Gardevoir, F, shiny|100/100
|-ability|p1a: Gardevoir|Levitate|[from] ability: Trace|[of] p2a: Rotom
|turn|10
|
|t:|1621379011
|switch|p2a: Suicune|Suicune|91/100
|-ability|p2a: Suicune|Pressure
|move|p1a: Gardevoir|Moonblast|p2a: Suicune
|-damage|p2a: Suicune|35/100
|
|-heal|p2a: Suicune|42/100|[from] item: Leftovers
|upkeep
|turn|11
|
|t:|1621379017
|switch|p2a: Snorlax|Snorlax, M|90/100
|move|p1a: Gardevoir|Moonblast|p2a: Snorlax
|-damage|p2a: Snorlax|58/100
|
|-heal|p2a: Snorlax|64/100|[from] item: Leftovers
|upkeep
|turn|12
|
|t:|1621379023
|switch|p1a: Registeel|Registeel, shiny|100/100
|switch|p2a: Ferroseed|Ferroseed, F|100/100
|
|upkeep
|turn|13
|
|t:|1621379028
|move|p1a: Registeel|Stealth Rock|p2a: Ferroseed
|-sidestart|p2: ChickenNuggetScoon|move: Stealth Rock
|move|p2a: Ferroseed|Stealth Rock|p1a: Registeel
|-sidestart|p1: Arcangel666|move: Stealth Rock
|
|upkeep
|turn|14
|
|t:|1621379032
|move|p1a: Registeel|Iron Defense|p1a: Registeel
|-boost|p1a: Registeel|def|2
|move|p2a: Ferroseed|Spikes|p1a: Registeel
|-sidestart|p1: Arcangel666|Spikes
|
|upkeep
|turn|15
|
|t:|1621379037
|switch|p2a: Sableye|Sableye, M|100/100 par
|-damage|p2a: Sableye|88/100 par|[from] Stealth Rock
|move|p1a: Registeel|Body Press|p2a: Sableye
|-immune|p2a: Sableye
|
|upkeep
|turn|16
|
|t:|1621379039
|switch|p1a: Crobat|Crobat, M|100/100
|cant|p2a: Sableye|par
|
|upkeep
|turn|17
|
|t:|1621379044
|move|p1a: Crobat|Defog|p2a: Sableye
|-unboost|p2a: Sableye|evasion|1
|-sideend|p2: ChickenNuggetScoon|Stealth Rock|[from] move: Defog|[of] p1a: Crobat
|-sideend|p1: Arcangel666|Spikes|[from] move: Defog|[of] p1a: Crobat
|-sideend|p1: Arcangel666|Stealth Rock|[from] move: Defog|[of] p1a: Crobat
|cant|p2a: Sableye|par
|
|upkeep
|turn|18
|
|t:|1621379049
|switch|p1a: Gardevoir|Gardevoir, F, shiny|100/100
|-ability|p1a: Gardevoir|Prankster|[from] ability: Trace|[of] p2a: Sableye
|move|p2a: Sableye|Knock Off|p1a: Gardevoir
|-damage|p1a: Gardevoir|58/100
|-enditem|p1a: Gardevoir|Choice Specs|[from] move: Knock Off|[of] p2a: Sableye
|
|upkeep
|turn|19
|
|t:|1621379055
|switch|p2a: Snorlax|Snorlax, M|64/100
|move|p1a: Gardevoir|Moonblast|p2a: Snorlax
|-damage|p2a: Snorlax|42/100
|
|-heal|p2a: Snorlax|48/100|[from] item: Leftovers
|upkeep
|turn|20
|
|t:|1621379062
|switch|p1a: Barraskewda|Barraskewda, M, shiny|100/100
|move|p2a: Snorlax|Rest|p2a: Snorlax
|-status|p2a: Snorlax|slp|[from] move: Rest
|-heal|p2a: Snorlax|100/100 slp|[silent]
|
|upkeep
|turn|21
|
|t:|1621379066
|switch|p2a: Ferroseed|Ferroseed, F|100/100
|move|p1a: Barraskewda|Close Combat|p2a: Ferroseed
|-supereffective|p2a: Ferroseed
|-damage|p2a: Ferroseed|27/100
|-unboost|p1a: Barraskewda|def|1
|-unboost|p1a: Barraskewda|spd|1
|-damage|p1a: Barraskewda|88/100|[from] ability: Iron Barbs|[of] p2a: Ferroseed
|
|upkeep
|turn|22
|
|t:|1621379072
|switch|p1a: Darmanitan|Darmanitan, M|100/100
|switch|p2a: Sableye|Sableye, M|88/100 par
|
|upkeep
|turn|23
|
|t:|1621379076
|move|p1a: Darmanitan|Flare Blitz|p2a: Sableye
|-damage|p2a: Sableye|6/100 par
|-damage|p1a: Darmanitan|84/100|[from] item: Rocky Helmet|[of] p2a: Sableye
|-damage|p1a: Darmanitan|61/100|[from] Recoil
|cant|p2a: Sableye|par
|
|upkeep
|turn|24
|
|t:|1621379104
|move|p1a: Darmanitan|Flare Blitz|p2a: Sableye
|-damage|p2a: Sableye|0 fnt
|-damage|p1a: Darmanitan|44/100|[from] item: Rocky Helmet|[of] p2a: Sableye
|faint|p2a: Sableye
|-damage|p1a: Darmanitan|42/100|[from] Recoil
|
|upkeep
|
|t:|1621379108
|switch|p2a: Suicune|Suicune|42/100
|-ability|p2a: Suicune|Pressure
|turn|25
|
|t:|1621379111
|switch|p1a: Gardevoir|Gardevoir, F, shiny|58/100
|-ability|p1a: Gardevoir|Pressure|[from] ability: Trace|[of] p2a: Suicune
|-ability|p1a: Gardevoir|Pressure
|move|p2a: Suicune|Rest|p2a: Suicune
|-status|p2a: Suicune|slp|[from] move: Rest
|-heal|p2a: Suicune|100/100 slp|[silent]
|
|upkeep
|turn|26
|inactive|Battle timer is ON: inactive players will automatically lose when time's up. (requested by ChickenNuggetScoon)
|
|t:|1621379119
|move|p1a: Gardevoir|Moonblast|p2a: Suicune
|-damage|p2a: Suicune|66/100 slp
|cant|p2a: Suicune|slp
|move|p2a: Suicune|Sleep Talk|p2a: Suicune
|move|p2a: Suicune|Rest||[from]move: Sleep Talk|[still]
|-fail|p2a: Suicune
|
|-heal|p2a: Suicune|73/100 slp|[from] item: Leftovers
|upkeep
|turn|27
|
|t:|1621379122
|move|p1a: Gardevoir|Moonblast|p2a: Suicune
|-crit|p2a: Suicune
|-damage|p2a: Suicune|19/100 slp
|-unboost|p2a: Suicune|spa|1
|cant|p2a: Suicune|slp
|move|p2a: Suicune|Sleep Talk|p2a: Suicune
|move|p2a: Suicune|Calm Mind|p2a: Suicune|[from]move: Sleep Talk
|-boost|p2a: Suicune|spa|1
|-boost|p2a: Suicune|spd|1
|
|-heal|p2a: Suicune|25/100 slp|[from] item: Leftovers
|upkeep
|turn|28
|
|t:|1621379126
|move|p1a: Gardevoir|Moonblast|p2a: Suicune
|-crit|p2a: Suicune
|-damage|p2a: Suicune|0 fnt
|faint|p2a: Suicune
|
|upkeep
|c|☆ChickenNuggetScoon|2 crits in a row
|c|☆ChickenNuggetScoon|fk you
|
|t:|1621379140
|switch|p2a: Snorlax|Snorlax, M|100/100 slp
|turn|29
|
|t:|1621379144
|switch|p1a: Darmanitan|Darmanitan, M|42/100
|cant|p2a: Snorlax|slp
|move|p2a: Snorlax|Sleep Talk|p2a: Snorlax
|move|p2a: Snorlax|Body Slam|p1a: Darmanitan|[from]move: Sleep Talk
|-damage|p1a: Darmanitan|0 fnt
|faint|p1a: Darmanitan
|
|upkeep
|
|t:|1621379149
|switch|p1a: Registeel|Registeel, shiny|100/100
|turn|30
|inactive|ChickenNuggetScoon has 120 seconds left.
|
|t:|1621379185
|switch|p2a: Hitmonchan|Hitmonchan, M|100/100
|move|p1a: Registeel|Iron Defense|p1a: Registeel
|-boost|p1a: Registeel|def|2
|
|upkeep
|turn|31
|
|t:|1621379189
|move|p2a: Hitmonchan|High Jump Kick|p1a: Registeel
|-supereffective|p1a: Registeel
|-crit|p1a: Registeel
|-damage|p1a: Registeel|0 fnt
|faint|p1a: Registeel
|-damage|p2a: Hitmonchan|91/100|[from] item: Life Orb
|
|upkeep
|
|t:|1621379193
|switch|p1a: Barraskewda|Barraskewda, M, shiny|88/100
|turn|32
|c|☆ChickenNuggetScoon|Balanced as all things should be
|inactive|ChickenNuggetScoon has 120 seconds left.
|inactive|ChickenNuggetScoon has 90 seconds left.
|
|t:|1621379245
|move|p2a: Hitmonchan|Mach Punch|p1a: Barraskewda
|-damage|p1a: Barraskewda|24/100
|-damage|p2a: Hitmonchan|81/100|[from] item: Life Orb
|move|p1a: Barraskewda|Liquidation|p2a: Hitmonchan
|-damage|p2a: Hitmonchan|0 fnt
|faint|p2a: Hitmonchan
|
|upkeep
|inactive|ChickenNuggetScoon has 90 seconds left.
|
|t:|1621379258
|switch|p2a: Rotom|Rotom-Frost|63/100 tox
|turn|33
|inactive|ChickenNuggetScoon has 90 seconds left.
|c|☆ChickenNuggetScoon|https://www.youtube.com/watch?v=v2AC41dglnM
|
|t:|1621379280
|switch|p1a: Crobat|Crobat, M|100/100
|move|p2a: Rotom|Thunder|p1a: Crobat
|-supereffective|p1a: Crobat
|-damage|p1a: Crobat|0 fnt
|faint|p1a: Crobat
|
|-damage|p2a: Rotom|57/100 tox|[from] psn
|upkeep
|
|t:|1621379287
|switch|p1a: Gardevoir|Gardevoir, F, shiny|58/100
|-ability|p1a: Gardevoir|Levitate|[from] ability: Trace|[of] p2a: Rotom
|turn|34
|
|t:|1621379289
|move|p2a: Rotom|Thunder|p1a: Gardevoir
|-damage|p1a: Gardevoir|7/100
|move|p1a: Gardevoir|Thunderbolt|p2a: Rotom
|-resisted|p2a: Rotom
|-damage|p2a: Rotom|35/100 tox
|
|-damage|p2a: Rotom|22/100 tox|[from] psn
|upkeep
|turn|35
|
|t:|1621379294
|move|p2a: Rotom|Thunder|p1a: Gardevoir
|-damage|p1a: Gardevoir|0 fnt
|faint|p1a: Gardevoir
|
|-damage|p2a: Rotom|4/100 tox|[from] psn
|upkeep
|
|t:|1621379296
|switch|p1a: Barraskewda|Barraskewda, M, shiny|24/100
|turn|36
|c|☆ChickenNuggetScoon|https://www.youtube.com/watch?v=v2AC41dglnM
|
|t:|1621379302
|move|p2a: Rotom|Thunder|p1a: Barraskewda
|-supereffective|p1a: Barraskewda
|-damage|p1a: Barraskewda|0 fnt
|faint|p1a: Barraskewda
|
|win|ChickenNuggetScoon
|raw|Arcangel666's rating: 1310 &rarr; <strong>1291</strong><br />(-19 for losing)
|raw|ChickenNuggetScoon's rating: 1335 &rarr; <strong>1354</strong><br />(+19 for winning)
|l|☆Arcangel666
