|raw|<div class="broadcast-red"><strong>This battle is invite-only!</strong><br />Users must be invited with <code>/invite</code> (or be staff) to join</div>
|j|☆GW
|j|☆Silvally-Gold
|t:|1597519783
|player|p1|GW|169|
|player|p2|Silvally-Gold|teacher-gen2|
|teamsize|p1|6
|teamsize|p2|6
|gametype|singles
|gen|8
|tier|[Gen 8] RU
|clearpoke
|poke|p1|Sigilyph, F|
|poke|p1|Virizion|
|poke|p1|Mantine, M|
|poke|p1|Steelix, M|
|poke|p1|Inteleon, M|
|poke|p1|Umbreon, F|
|poke|p2|Golurk|
|poke|p2|Dragalge, M|
|poke|p2|Bronzong|
|poke|p2|Virizion|
|poke|p2|Rotom-Mow|
|poke|p2|Gardevoir, M|
|rule|Sleep Clause Mod: Limit one foe put to sleep
|rule|Species Clause: Limit one of each Pokémon
|rule|OHKO Clause: OHKO moves are banned
|rule|Evasion Moves Clause: Evasion moves are banned
|rule|Endless Battle Clause: Forcing endless battles is banned
|rule|HP Percentage Mod: HP is shown in percentages
|rule|Dynamax Clause: You cannot dynamax
|teampreview
|raw|<div class="broadcast-blue"><strong>This room is no longer invite only!</strong><br />Anyone may now join.</div>
|c|☆Silvally-Gold|/log Silvally-Gold turned off modjoin.
|
|t:|1597519827
|start
|switch|p1a: Virizion|Virizion|100/100
|switch|p2a: Dragalge|Dragalge, M|100/100
|turn|1
|
|t:|1597519846
|switch|p1a: Umbreon|Umbreon, F|100/100
|move|p2a: Dragalge|Draco Meteor|p1a: Umbreon
|-damage|p1a: Umbreon|40/100
|-unboost|p2a: Dragalge|spa|2
|
|-heal|p1a: Umbreon|46/100|[from] item: Leftovers
|upkeep
|turn|2
|
|t:|1597519858
|switch|p2a: Virizion|Virizion|100/100
|move|p1a: Umbreon|Wish|p1a: Umbreon
|
|-heal|p1a: Umbreon|52/100|[from] item: Leftovers
|upkeep
|turn|3
|
|t:|1597519876
|switch|p1a: Steelix|Steelix, M|100/100
|move|p2a: Virizion|Stone Edge|p1a: Steelix
|-resisted|p1a: Steelix
|-damage|p1a: Steelix|97/100
|
|-heal|p1a: Steelix|100/100|[from] move: Wish|[wisher] Umbreon
|upkeep
|turn|4
|
|t:|1597519890
|switch|p2a: Golurk|Golurk|100/100
|move|p1a: Steelix|Gyro Ball|p2a: Golurk
|-damage|p2a: Golurk|68/100
|
|upkeep
|turn|5
|
|t:|1597519916
|move|p2a: Golurk|Poltergeist|p1a: Steelix
|-activate|p1a: Steelix|move: Poltergeist|Leftovers
|-damage|p1a: Steelix|53/100
|move|p1a: Steelix|Iron Defense|p1a: Steelix
|-boost|p1a: Steelix|def|2
|
|-heal|p1a: Steelix|60/100|[from] item: Leftovers
|upkeep
|turn|6
|
|t:|1597519931
|switch|p2a: Rotom|Rotom-Mow|100/100
|move|p1a: Steelix|Body Press|p2a: Rotom
|-damage|p2a: Rotom|26/100
|
|-heal|p2a: Rotom|33/100|[from] item: Leftovers
|-heal|p1a: Steelix|66/100|[from] item: Leftovers
|upkeep
|turn|7
|
|t:|1597519948
|move|p2a: Rotom|Leaf Storm|p1a: Steelix
|-damage|p1a: Steelix|27/100
|-unboost|p2a: Rotom|spa|2
|move|p1a: Steelix|Stealth Rock|p2a: Rotom
|-sidestart|p2: Silvally-Gold|move: Stealth Rock
|
|-heal|p2a: Rotom|39/100|[from] item: Leftovers
|-heal|p1a: Steelix|33/100|[from] item: Leftovers
|upkeep
|turn|8
|
|t:|1597519959
|move|p2a: Rotom|Defog|p1a: Steelix
|-unboost|p1a: Steelix|evasion|1
|-sideend|p2: Silvally-Gold|Stealth Rock|[from] move: Defog|[of] p2a: Rotom
|move|p1a: Steelix|Body Press|p2a: Rotom
|-damage|p2a: Rotom|0 fnt
|faint|p2a: Rotom
|
|-heal|p1a: Steelix|39/100|[from] item: Leftovers
|upkeep
|
|t:|1597519968
|switch|p2a: Dragalge|Dragalge, M|100/100
|turn|9
|
|t:|1597520044
|switch|p1a: Umbreon|Umbreon, F|52/100
|move|p2a: Dragalge|Draco Meteor|p1a: Umbreon
|-damage|p1a: Umbreon|0 fnt
|-unboost|p2a: Dragalge|spa|2
|faint|p1a: Umbreon
|
|upkeep
|c|☆GW|oops
|c|☆GW|did no one invite
|j| HailFall
|j| Mac3 ✝
|c|☆Silvally-Gold|I did now
|j| rult2at tacoman
|j| Expulso
|n| Expulso|expulso
|j|+Feliburn
|l| HailFall
|
|t:|1597520133
|switch|p1a: Sigilyph|Sigilyph, F|100/100
|turn|10
|j| HailFall
|j| juuno ✿
|c| juuno ✿|both of these teams look pretty
|c| juuno ✿|good job
|
|t:|1597520183
|switch|p2a: Bronzong|Bronzong|100/100
|move|p1a: Sigilyph|Calm Mind|p1a: Sigilyph
|-boost|p1a: Sigilyph|spa|1
|-boost|p1a: Sigilyph|spd|1
|
|-status|p1a: Sigilyph|brn|[from] item: Flame Orb
|upkeep
|turn|11
|
|t:|1597520199
|switch|p2a: Virizion|Virizion|100/100
|move|p1a: Sigilyph|Calm Mind|p1a: Sigilyph
|-boost|p1a: Sigilyph|spa|1
|-boost|p1a: Sigilyph|spd|1
|
|upkeep
|turn|12
|c| juuno ✿|abort
|
|t:|1597520221
|move|p2a: Virizion|Stone Edge|p1a: Sigilyph
|-supereffective|p1a: Sigilyph
|-damage|p1a: Sigilyph|42/100 brn
|move|p1a: Sigilyph|Air Slash|p2a: Virizion
|-supereffective|p2a: Virizion
|-damage|p2a: Virizion|0 fnt
|faint|p2a: Virizion
|
|upkeep
|
|t:|1597520234
|switch|p2a: Golurk|Golurk|68/100
|turn|13
|
|t:|1597520258
|move|p1a: Sigilyph|Air Slash|p2a: Golurk
|-damage|p2a: Golurk|4/100
|move|p2a: Golurk|Poltergeist|p1a: Sigilyph
|-activate|p1a: Sigilyph|move: Poltergeist|Flame Orb
|-supereffective|p1a: Sigilyph
|-damage|p1a: Sigilyph|0 fnt
|faint|p1a: Sigilyph
|
|upkeep
|j|+JustªRandomNick
|
|t:|1597520284
|switch|p1a: Inteleon|Inteleon, M|100/100
|turn|14
|
|t:|1597520290
|move|p1a: Inteleon|Dark Pulse|p2a: Golurk
|-supereffective|p2a: Golurk
|-damage|p2a: Golurk|0 fnt
|faint|p2a: Golurk
|
|upkeep
|
|t:|1597520295
|switch|p2a: Dragalge|Dragalge, M|100/100
|turn|15
|j| oh god oh fuck no
|j|+Nat
|j| sorrowsorrowsorrow
|j| whyareweionexting
|j| hiding from col40
|n| hiding from col49|hidingfromcol40
|j| Finnick 0dair
|
|t:|1597520435
|switch|p1a: Steelix|Steelix, M|39/100
|move|p2a: Dragalge|Draco Meteor|p1a: Steelix
|-resisted|p1a: Steelix
|-damage|p1a: Steelix|0 fnt
|-unboost|p2a: Dragalge|spa|2
|faint|p1a: Steelix
|
|upkeep
|
|t:|1597520461
|switch|p1a: Virizion|Virizion|100/100
|turn|16
|
|t:|1597520471
|switch|p2a: Gardevoir|Gardevoir, M|100/100
|-ability|p2a: Gardevoir|Justified|[from] ability: Trace|[of] p1a: Virizion
|move|p1a: Virizion|Close Combat|p2a: Gardevoir
|-resisted|p2a: Gardevoir
|-damage|p2a: Gardevoir|73/100
|-unboost|p1a: Virizion|def|1
|-unboost|p1a: Virizion|spd|1
|-damage|p1a: Virizion|91/100|[from] item: Life Orb
|
|upkeep
|turn|17
|
|t:|1597520488
|switch|p1a: Mantine|Mantine, M|100/100
|move|p2a: Gardevoir|Psyshock|p1a: Mantine
|-damage|p1a: Mantine|64/100
|
|upkeep
|turn|18
|
|t:|1597520497
|switch|p2a: Bronzong|Bronzong|100/100
|switch|p1a: Inteleon|Inteleon, M|100/100
|
|upkeep
|turn|19
|
|t:|1597520505
|move|p1a: Inteleon|Dark Pulse|p2a: Bronzong
|-supereffective|p2a: Bronzong
|-damage|p2a: Bronzong|48/100
|move|p2a: Bronzong|Earthquake|p1a: Inteleon
|-damage|p1a: Inteleon|66/100
|
|-heal|p2a: Bronzong|54/100|[from] item: Leftovers
|upkeep
|turn|20
|
|t:|1597520512
|switch|p2a: Dragalge|Dragalge, M|100/100
|move|p1a: Inteleon|Dark Pulse|p2a: Dragalge
|-damage|p2a: Dragalge|59/100
|
|upkeep
|turn|21
|
|t:|1597520524
|move|p1a: Inteleon|Dark Pulse|p2a: Dragalge
|-damage|p2a: Dragalge|20/100
|cant|p2a: Dragalge|flinch
|
|upkeep
|turn|22
|c|☆GW|sry
|
|t:|1597520533
|switch|p2a: Gardevoir|Gardevoir, M|73/100
|-ability|p2a: Gardevoir|Sniper|[from] ability: Trace|[of] p1a: Inteleon
|move|p1a: Inteleon|Dark Pulse|p2a: Gardevoir
|-damage|p2a: Gardevoir|32/100
|
|upkeep
|turn|23
|l| juuno ✿
|
|t:|1597520583
|move|p2a: Gardevoir|Psyshock|p1a: Inteleon
|-damage|p1a: Inteleon|0 fnt
|faint|p1a: Inteleon
|
|upkeep
|
|t:|1597520587
|switch|p1a: Mantine|Mantine, M|64/100
|turn|24
|
|t:|1597520591
|switch|p2a: Bronzong|Bronzong|54/100
|move|p1a: Mantine|Roost|p1a: Mantine
|-heal|p1a: Mantine|100/100
|-singleturn|p1a: Mantine|move: Roost
|
|-heal|p2a: Bronzong|60/100|[from] item: Leftovers
|upkeep
|turn|25
|
|t:|1597520597
|switch|p1a: Virizion|Virizion|91/100
|switch|p2a: Gardevoir|Gardevoir, M|32/100
|-ability|p2a: Gardevoir|Justified|[from] ability: Trace|[of] p1a: Virizion
|
|upkeep
|turn|26
|j| daunt vs
|
|t:|1597520613
|move|p2a: Gardevoir|Healing Wish|p2a: Gardevoir
|faint|p2a: Gardevoir
|move|p1a: Virizion|Leaf Blade|p2: Gardevoir|[notarget]
|-fail|p1a: Virizion
|
|upkeep
|
|t:|1597520616
|switch|p2a: Dragalge|Dragalge, M|20/100
|-heal|p2a: Dragalge|100/100|[from] move: Healing Wish
|turn|27
|
|t:|1597520626
|switch|p1a: Mantine|Mantine, M|100/100
|move|p2a: Dragalge|Sludge Bomb|p1a: Mantine
|-damage|p1a: Mantine|48/100
|
|upkeep
|turn|28
|
|t:|1597520631
|move|p2a: Dragalge|Sludge Bomb|p1a: Mantine
|-damage|p1a: Mantine|0 fnt
|faint|p1a: Mantine
|
|upkeep
|
|t:|1597520634
|switch|p1a: Virizion|Virizion|91/100
|turn|29
|c|☆Silvally-Gold|gg
|
|t:|1597520637
|move|p1a: Virizion|Stone Edge|p2a: Dragalge
|-damage|p2a: Dragalge|54/100
|-damage|p1a: Virizion|81/100|[from] item: Life Orb
|move|p2a: Dragalge|Sludge Bomb|p1a: Virizion
|-supereffective|p1a: Virizion
|-damage|p1a: Virizion|0 fnt
|faint|p1a: Virizion
|
|win|Silvally-Gold
|c|☆GW|gg
|l| hiding from col49
|l| daunt vs
|l|+Nat
|l| Finnick 0dair
|j| daunt vs
|l|+JustªRandomNick
|l| Expulso
|l| daunt vs
|l|+Feliburn
|l| rult2at tacoman
|j| the pharoah
|l| the pharoah
|l| Mac3 ✝
|l| sorrowsorrowsorrow
|l| HailFall
|j| Expulso
|n| Expulso|expulso
|l| Expulso
|c|☆Silvally-Gold|/log Silvally-Gold made this room public.
