|j|☆GelatinPrince2364
|j|☆MuseArt
|player|p1|GelatinPrince2364|170|1305
|player|p2|MuseArt|73|1369
|teamsize|p1|6
|teamsize|p2|6
|gametype|singles
|gen|8
|tier|[Gen 8] RU
|rated|
|rule|Sleep Clause Mod: Limit one foe put to sleep
|rule|Species Clause: Limit one of each Pokémon
|rule|OHKO Clause: OHKO moves are banned
|rule|Evasion Moves Clause: Evasion moves are banned
|rule|Endless Battle Clause: Forcing endless battles is banned
|rule|HP Percentage Mod: HP is shown in percentages
|clearpoke
|poke|p1|Escavalier, M|
|poke|p1|Mudsdale, F|
|poke|p1|Vaporeon, M|
|poke|p1|Roserade, F|
|poke|p1|Vullaby, F|
|poke|p1|Runerigus, M|
|poke|p2|Perrserker, M|
|poke|p2|Sigilyph, F|
|poke|p2|Palpitoad, F|
|poke|p2|Whimsicott, M|
|poke|p2|Mr. Rime, M|
|poke|p2|Flareon, M|
|rule|Dynamax Clause: You cannot dynamax
|teampreview
|inactive|Battle timer is ON: inactive players will automatically lose when time's up. (requested by MuseArt)
|
|start
|switch|p1a: Escavalier|Escavalier, M|100/100
|switch|p2a: Perrserker|Perrserker, M|100/100
|turn|1
|
|move|p2a: Perrserker|Fake Out|p1a: Escavalier
|-resisted|p1a: Escavalier
|-crit|p1a: Escavalier
|-damage|p1a: Escavalier|87/100
|cant|p1a: Escavalier|flinch
|
|-heal|p1a: Escavalier|94/100|[from] item: Leftovers
|upkeep
|turn|2
|
|move|p2a: Perrserker|U-turn|p1a: Escavalier
|-resisted|p1a: Escavalier
|-damage|p1a: Escavalier|79/100
|
|switch|p2a: Palpitoad|Palpitoad, F|100/100|[from]move: U-turn
|move|p1a: Escavalier|Knock Off|p2a: Palpitoad
|-damage|p2a: Palpitoad|78/100
|-enditem|p2a: Palpitoad|Eviolite|[from] move: Knock Off|[of] p1a: Escavalier
|
|-heal|p1a: Escavalier|85/100|[from] item: Leftovers
|upkeep
|turn|3
|
|switch|p1a: Roserade|Roserade, F|100/100
|move|p2a: Palpitoad|Stealth Rock|p1a: Roserade
|-sidestart|p1: GelatinPrince2364|move: Stealth Rock
|
|upkeep
|turn|4
|
|switch|p2a: Perrserker|Perrserker, M|100/100
|move|p1a: Roserade|Sleep Powder|p2a: Perrserker
|-status|p2a: Perrserker|slp|[from] move: Sleep Powder
|
|upkeep
|turn|5
|
|switch|p2a: Sigilyph|Sigilyph, F|100/100
|move|p1a: Roserade|Spikes|p2a: Sigilyph
|-sidestart|p2: MuseArt|Spikes
|
|upkeep
|turn|6
|
|switch|p1a: Escavalier|Escavalier, M|85/100
|-damage|p1a: Escavalier|73/100|[from] Stealth Rock
|move|p2a: Sigilyph|Calm Mind|p2a: Sigilyph
|-boost|p2a: Sigilyph|spa|1
|-boost|p2a: Sigilyph|spd|1
|
|-heal|p1a: Escavalier|79/100|[from] item: Leftovers
|upkeep
|turn|7
|
|move|p2a: Sigilyph|Heat Wave|p1a: Escavalier
|-supereffective|p1a: Escavalier
|-damage|p1a: Escavalier|0 fnt
|faint|p1a: Escavalier
|
|upkeep
|
|switch|p1a: Vaporeon|Vaporeon, M|100/100
|-damage|p1a: Vaporeon|88/100|[from] Stealth Rock
|turn|8
|
|move|p2a: Sigilyph|Psyshock|p1a: Vaporeon
|-damage|p1a: Vaporeon|5/100
|move|p1a: Vaporeon|Wish|p1a: Vaporeon
|
|-heal|p1a: Vaporeon|11/100|[from] item: Leftovers
|upkeep
|turn|9
|
|move|p1a: Vaporeon|Protect|p1a: Vaporeon
|-singleturn|p1a: Vaporeon|Protect
|move|p2a: Sigilyph|Heat Wave|p1a: Vaporeon
|-activate|p1a: Vaporeon|move: Protect
|
|-heal|p1a: Vaporeon|61/100|[from] move: Wish|[wisher] Vaporeon
|-heal|p1a: Vaporeon|67/100|[from] item: Leftovers
|upkeep
|turn|10
|
|move|p2a: Sigilyph|Calm Mind|p2a: Sigilyph
|-boost|p2a: Sigilyph|spa|1
|-boost|p2a: Sigilyph|spd|1
|move|p1a: Vaporeon|Scald|p2a: Sigilyph
|-damage|p2a: Sigilyph|77/100
|
|-heal|p1a: Vaporeon|74/100|[from] item: Leftovers
|upkeep
|turn|11
|
|move|p2a: Sigilyph|Psyshock|p1a: Vaporeon
|-damage|p1a: Vaporeon|0 fnt
|faint|p1a: Vaporeon
|
|upkeep
|
|switch|p1a: Mudsdale|Mudsdale, F|100/100
|-damage|p1a: Mudsdale|94/100|[from] Stealth Rock
|turn|12
|
|move|p2a: Sigilyph|Heat Wave|p1a: Mudsdale
|-damage|p1a: Mudsdale|25/100
|-ability|p1a: Mudsdale|Stamina|boost
|-boost|p1a: Mudsdale|def|1
|move|p1a: Mudsdale|Roar|p2a: Sigilyph
|drag|p2a: Whimsicott|Whimsicott, M|100/100
|-damage|p2a: Whimsicott|88/100|[from] Spikes
|
|-heal|p2a: Whimsicott|94/100|[from] item: Leftovers
|-heal|p1a: Mudsdale|32/100|[from] item: Leftovers
|upkeep
|turn|13
|
|move|p2a: Whimsicott|Moonblast|p1a: Mudsdale
|-damage|p1a: Mudsdale|3/100
|-ability|p1a: Mudsdale|Stamina|boost
|-boost|p1a: Mudsdale|def|1
|move|p1a: Mudsdale|Earthquake|p2a: Whimsicott
|-resisted|p2a: Whimsicott
|-damage|p2a: Whimsicott|76/100
|
|-heal|p2a: Whimsicott|83/100|[from] item: Leftovers
|-heal|p1a: Mudsdale|9/100|[from] item: Leftovers
|upkeep
|turn|14
|
|move|p2a: Whimsicott|Moonblast|p1a: Mudsdale
|-damage|p1a: Mudsdale|0 fnt
|faint|p1a: Mudsdale
|
|-heal|p2a: Whimsicott|89/100|[from] item: Leftovers
|upkeep
|
|switch|p1a: Runerigus|Runerigus, M|100/100
|-damage|p1a: Runerigus|94/100|[from] Stealth Rock
|turn|15
|
|move|p2a: Whimsicott|Substitute|p2a: Whimsicott
|-start|p2a: Whimsicott|Substitute
|-damage|p2a: Whimsicott|64/100
|move|p1a: Runerigus|Trick||[still]
|-fail|p1a: Runerigus
|
|-heal|p2a: Whimsicott|70/100|[from] item: Leftovers
|upkeep
|turn|16
|-message|GelatinPrince2364 forfeited.
|
|win|MuseArt
|l|☆GelatinPrince2364
