|j|☆BFO Ethanol
|j|☆TimBasedGod
|player|p1|BFO Ethanol|tucker-gen3|1000
|player|p2|TimBasedGod|184|1110
|teamsize|p1|6
|teamsize|p2|6
|gametype|singles
|gen|8
|tier|[Gen 8] RU
|rated|
|clearpoke
|poke|p1|Charizard, F|
|poke|p1|Ninetales, F|
|poke|p1|Indeedee, M|
|poke|p1|Snorlax, F|
|poke|p1|Mudsdale, F|
|poke|p1|Rotom|
|poke|p2|Mudsdale, M|
|poke|p2|Mr. Rime, M|
|poke|p2|Qwilfish, F|
|poke|p2|Hitmonlee, M|
|poke|p2|Indeedee, M|
|poke|p2|Boltund, M|
|rule|Sleep Clause Mod: Limit one foe put to sleep
|rule|Species Clause: Limit one of each Pokémon
|rule|OHKO Clause: OHKO moves are banned
|rule|Evasion Moves Clause: Evasion moves are banned
|rule|Endless Battle Clause: Forcing endless battles is banned
|rule|HP Percentage Mod: HP is shown in percentages
|rule|Dynamax Clause: You cannot dynamax
|teampreview
|inactive|Battle timer is ON: inactive players will automatically lose when time's up. (requested by BFO Ethanol)
|inactive|TimBasedGod has 120 seconds left.
|
|start
|switch|p1a: Ninetales|Ninetales, F|100/100
|switch|p2a: Indeedee|Indeedee, M|100/100
|-fieldstart|move: Psychic Terrain|[from] ability: Psychic Surge|[of] p2a: Indeedee
|-weather|SunnyDay|[from] ability: Drought|[of] p1a: Ninetales
|turn|1
|inactive|BFO Ethanol has 120 seconds left.
|
|switch|p1a: Snorlax|Snorlax, F|100/100
|move|p2a: Indeedee|Psychic|p1a: Snorlax
|-damage|p1a: Snorlax|73/100
|
|-weather|SunnyDay|[upkeep]
|-heal|p1a: Snorlax|79/100|[from] item: Leftovers
|upkeep
|turn|2
|
|switch|p2a: Qwilfish|Qwilfish, F|100/100
|-ability|p2a: Qwilfish|Intimidate|boost
|-unboost|p1a: Snorlax|atk|1
|move|p1a: Snorlax|Body Slam|p2a: Qwilfish
|-damage|p2a: Qwilfish|70/100
|
|-weather|SunnyDay|[upkeep]
|-heal|p2a: Qwilfish|77/100|[from] item: Black Sludge
|-heal|p1a: Snorlax|85/100|[from] item: Leftovers
|upkeep
|turn|3
|
|switch|p1a: Rotom|Rotom|100/100
|move|p2a: Qwilfish|Thunder Wave|p1a: Rotom
|-immune|p1a: Rotom
|
|-weather|SunnyDay|[upkeep]
|-heal|p2a: Qwilfish|83/100|[from] item: Black Sludge
|upkeep
|turn|4
|
|move|p1a: Rotom|Will-O-Wisp|p2a: Qwilfish
|-status|p2a: Qwilfish|brn
|move|p2a: Qwilfish|Spikes|p1a: Rotom
|-sidestart|p1: BFO Ethanol|Spikes
|
|-weather|SunnyDay|[upkeep]
|-heal|p2a: Qwilfish|89/100 brn|[from] item: Black Sludge
|-damage|p2a: Qwilfish|83/100 brn|[from] brn
|upkeep
|turn|5
|
|move|p1a: Rotom|Defog|p2a: Qwilfish
|-unboost|p2a: Qwilfish|evasion|1
|-sideend|p1: BFO Ethanol|Spikes|[from] move: Defog|[of] p1a: Rotom
|-fieldend|move: Psychic Terrain
|move|p2a: Qwilfish|Spikes|p1a: Rotom
|-sidestart|p1: BFO Ethanol|Spikes
|
|-weather|SunnyDay|[upkeep]
|-heal|p2a: Qwilfish|89/100 brn|[from] item: Black Sludge
|-damage|p2a: Qwilfish|83/100 brn|[from] brn
|upkeep
|turn|6
|
|move|p1a: Rotom|Defog|p2a: Qwilfish
|-unboost|p2a: Qwilfish|evasion|1
|-sideend|p1: BFO Ethanol|Spikes|[from] move: Defog|[of] p1a: Rotom
|move|p2a: Qwilfish|Taunt|p1a: Rotom
|-start|p1a: Rotom|move: Taunt
|
|-weather|SunnyDay|[upkeep]
|-heal|p2a: Qwilfish|89/100 brn|[from] item: Black Sludge
|-damage|p2a: Qwilfish|83/100 brn|[from] brn
|upkeep
|turn|7
|
|move|p1a: Rotom|Volt Switch|p2a: Qwilfish
|-supereffective|p2a: Qwilfish
|-damage|p2a: Qwilfish|0 fnt
|faint|p2a: Qwilfish
|
|switch|p1a: Indeedee|Indeedee, M|100/100|[from]move: Volt Switch
|-fieldstart|move: Psychic Terrain|[from] ability: Psychic Surge|[of] p1a: Indeedee
|
|-weather|SunnyDay|[upkeep]
|upkeep
|
|switch|p2a: Boltund|Boltund, M|100/100
|turn|8
|
|move|p1a: Indeedee|Psychic|p2a: Boltund
|-damage|p2a: Boltund|3/100
|move|p2a: Boltund|Crunch|p1a: Indeedee
|-supereffective|p1a: Indeedee
|-damage|p1a: Indeedee|0 fnt
|faint|p1a: Indeedee
|
|-weather|none
|upkeep
|
|switch|p1a: Mudsdale|Mudsdale, F|100/100
|turn|9
|
|switch|p2a: Mudsdale|Mudsdale, M|100/100
|move|p1a: Mudsdale|Stealth Rock|p2a: Mudsdale
|-sidestart|p2: TimBasedGod|move: Stealth Rock
|
|upkeep
|turn|10
|
|switch|p1a: Ninetales|Ninetales, F|100/100
|-weather|SunnyDay|[from] ability: Drought|[of] p1a: Ninetales
|move|p2a: Mudsdale|Stealth Rock|p1a: Ninetales
|-sidestart|p1: BFO Ethanol|move: Stealth Rock
|
|-weather|SunnyDay|[upkeep]
|upkeep
|turn|11
|
|move|p1a: Ninetales|Solar Beam||[still]
|-prepare|p1a: Ninetales|Solar Beam|p2a: Mudsdale
|-anim|p1a: Ninetales|Solar Beam|p2a: Mudsdale
|-supereffective|p2a: Mudsdale
|-damage|p2a: Mudsdale|55/100
|-ability|p2a: Mudsdale|Stamina|boost
|-boost|p2a: Mudsdale|def|1
|move|p2a: Mudsdale|Earthquake|p1a: Ninetales
|-supereffective|p1a: Ninetales
|-damage|p1a: Ninetales|0 fnt
|faint|p1a: Ninetales
|
|-weather|SunnyDay|[upkeep]
|-heal|p2a: Mudsdale|61/100|[from] item: Leftovers
|-fieldend|move: Psychic Terrain
|upkeep
|
|switch|p1a: Charizard|Charizard, F|100/100
|turn|12
|
|move|p1a: Charizard|Solar Beam||[still]
|-prepare|p1a: Charizard|Solar Beam|p2a: Mudsdale
|-anim|p1a: Charizard|Solar Beam|p2a: Mudsdale
|-supereffective|p2a: Mudsdale
|-damage|p2a: Mudsdale|0 fnt
|faint|p2a: Mudsdale
|
|-weather|SunnyDay|[upkeep]
|-damage|p1a: Charizard|88/100|[from] ability: Solar Power|[of] p1a: Charizard
|upkeep
|
|switch|p2a: Mr. Rime|Mr. Rime, M|100/100
|-damage|p2a: Mr. Rime|76/100|[from] Stealth Rock
|turn|13
|
|move|p1a: Charizard|Fire Blast|p2a: Mr. Rime
|-supereffective|p2a: Mr. Rime
|-damage|p2a: Mr. Rime|0 fnt
|faint|p2a: Mr. Rime
|
|-weather|SunnyDay|[upkeep]
|-damage|p1a: Charizard|76/100|[from] ability: Solar Power|[of] p1a: Charizard
|upkeep
|
|switch|p2a: Indeedee|Indeedee, M|100/100
|-damage|p2a: Indeedee|88/100|[from] Stealth Rock
|-fieldstart|move: Psychic Terrain|[from] ability: Psychic Surge|[of] p2a: Indeedee
|turn|14
|
|move|p1a: Charizard|Fire Blast|p2a: Indeedee
|-damage|p2a: Indeedee|0 fnt
|faint|p2a: Indeedee
|
|-weather|SunnyDay|[upkeep]
|-damage|p1a: Charizard|63/100|[from] ability: Solar Power|[of] p1a: Charizard
|upkeep
|
|switch|p2a: Hitmonlee|Hitmonlee, M|100/100
|-damage|p2a: Hitmonlee|94/100|[from] Stealth Rock
|-enditem|p2a: Hitmonlee|Psychic Seed
|-boost|p2a: Hitmonlee|spd|1|[from] item: Psychic Seed
|turn|15
|
|move|p2a: Hitmonlee|Rock Slide|p1a: Charizard
|-supereffective|p1a: Charizard
|-damage|p1a: Charizard|0 fnt
|faint|p1a: Charizard
|
|-weather|SunnyDay|[upkeep]
|upkeep
|
|switch|p1a: Mudsdale|Mudsdale, F|100/100
|-damage|p1a: Mudsdale|94/100|[from] Stealth Rock
|turn|16
|
|move|p2a: Hitmonlee|Close Combat|p1a: Mudsdale
|-damage|p1a: Mudsdale|56/100
|-unboost|p2a: Hitmonlee|def|1
|-unboost|p2a: Hitmonlee|spd|1
|-ability|p1a: Mudsdale|Stamina|boost
|-boost|p1a: Mudsdale|def|1
|move|p1a: Mudsdale|Earthquake|p2a: Hitmonlee
|-damage|p2a: Hitmonlee|0 fnt
|faint|p2a: Hitmonlee
|
|-weather|SunnyDay|[upkeep]
|upkeep
|
|switch|p2a: Boltund|Boltund, M|3/100
|-damage|p2a: Boltund|0 fnt|[from] Stealth Rock
|faint|p2a: Boltund
|
|win|BFO Ethanol
|l|☆TimBasedGod
