|raw|<div class="broadcast-blue"><strong>This battle is required to be public due to a player having a name starting with 'rult60'.</div>
|j|☆rult60z yovan
|j|☆a rabbit
|t:|1654372508
|gametype|singles
|player|p1|rult60z yovan|ghetsis-gen5bw|1660
|player|p2|a rabbit|#scl1breakers|1569
|teamsize|p1|6
|teamsize|p2|6
|gen|8
|tier|[Gen 8] RU
|rated|
|rule|Sleep Clause Mod: Limit one foe put to sleep
|rule|Species Clause: Limit one of each Pokémon
|rule|OHKO Clause: OHKO moves are banned
|rule|Evasion Moves Clause: Evasion moves are banned
|rule|Endless Battle Clause: Forcing endless battles is banned
|rule|HP Percentage Mod: HP is shown in percentages
|rule|Dynamax Clause: You cannot dynamax
|clearpoke
|poke|p1|Vikavolt, M|
|poke|p1|Weezing-Galar, M|
|poke|p1|Bronzong|
|poke|p1|Milotic, M|
|poke|p1|Umbreon, M|
|poke|p1|Rotom|
|poke|p2|Crobat, F|
|poke|p2|Rhyperior, F|
|poke|p2|Klefki, M|
|poke|p2|Celebi|
|poke|p2|Starmie|
|poke|p2|Incineroar, M|
|teampreview
|
|t:|1654372526
|start
|switch|p1a: Rotom|Rotom|100/100
|switch|p2a: Incineroar|Incineroar, M|100/100
|turn|1
|inactive|Battle timer is ON: inactive players will automatically lose when time's up. (requested by rult60z yovan)
|j| MAc3 ✝
|j| RULT60G K
|inactive|a rabbit has 120 seconds left.
|
|t:|1654372566
|move|p1a: Rotom|Volt Switch|p2a: Incineroar
|-damage|p2a: Incineroar|86/100
|
|t:|1654372572
|switch|p1a: Weezing|Weezing-Galar, M|100/100|[from]move: Volt Switch
|-ability|p1a: Weezing|Neutralizing Gas
|move|p2a: Incineroar|Knock Off|p1a: Weezing
|-resisted|p1a: Weezing
|-damage|p1a: Weezing|92/100
|
|upkeep
|turn|2
|
|t:|1654372596
|move|p1a: Weezing|Will-O-Wisp|p2a: Incineroar
|-immune|p2a: Incineroar
|move|p2a: Incineroar|U-turn|p1a: Weezing
|-resisted|p1a: Weezing
|-damage|p1a: Weezing|89/100
|
|t:|1654372600
|switch|p2a: Starmie|Starmie|100/100|[from]move: U-turn
|
|upkeep
|turn|3
|
|t:|1654372620
|-end|p1a: Weezing|ability: Neutralizing Gas
|switch|p1a: Bronzong|Bronzong|100/100
|move|p2a: Starmie|Hydro Pump|p1a: Bronzong|[miss]
|-miss|p2a: Starmie|p1a: Bronzong
|
|upkeep
|turn|4
|
|t:|1654372626
|switch|p2a: Incineroar|Incineroar, M|86/100
|move|p1a: Bronzong|Stealth Rock|p2a: Incineroar
|-sidestart|p2: a rabbit|move: Stealth Rock
|
|upkeep
|turn|5
|
|t:|1654372632
|switch|p1a: Weezing|Weezing-Galar, M|89/100
|-ability|p1a: Weezing|Neutralizing Gas
|move|p2a: Incineroar|Knock Off|p1a: Weezing
|-resisted|p1a: Weezing
|-damage|p1a: Weezing|81/100
|
|upkeep
|turn|6
|
|t:|1654372636
|move|p1a: Weezing|Strange Steam|p2a: Incineroar
|-damage|p2a: Incineroar|68/100
|move|p2a: Incineroar|U-turn|p1a: Weezing
|-resisted|p1a: Weezing
|-damage|p1a: Weezing|78/100
|j| RULT60dan
|j| uprising 007
|
|t:|1654372655
|switch|p2a: Starmie|Starmie|100/100|[from]move: U-turn
|-damage|p2a: Starmie|88/100|[from] Stealth Rock
|
|upkeep
|turn|7
|
|t:|1654372672
|-end|p1a: Weezing|ability: Neutralizing Gas
|switch|p1a: Umbreon|Umbreon, M|100/100
|move|p2a: Starmie|Hydro Pump|p1a: Umbreon
|-damage|p1a: Umbreon|60/100
|-damage|p2a: Starmie|78/100|[from] item: Life Orb
|
|-heal|p1a: Umbreon|66/100|[from] item: Leftovers
|upkeep
|turn|8
|
|t:|1654372681
|switch|p2a: Klefki|Klefki, M|100/100
|-damage|p2a: Klefki|95/100|[from] Stealth Rock
|move|p1a: Umbreon|Foul Play|p2a: Klefki
|-resisted|p2a: Klefki
|-damage|p2a: Klefki|86/100
|-damage|p1a: Umbreon|49/100|[from] item: Rocky Helmet|[of] p2a: Klefki
|
|-heal|p1a: Umbreon|56/100|[from] item: Leftovers
|upkeep
|turn|9
|
|t:|1654372689
|move|p2a: Klefki|Dazzling Gleam|p1a: Umbreon
|-supereffective|p1a: Umbreon
|-damage|p1a: Umbreon|31/100
|move|p1a: Umbreon|Wish|p1a: Umbreon
|
|-heal|p1a: Umbreon|37/100|[from] item: Leftovers
|upkeep
|turn|10
|
|t:|1654372693
|move|p1a: Umbreon|Protect|p1a: Umbreon
|-singleturn|p1a: Umbreon|Protect
|move|p2a: Klefki|Spikes|p1a: Umbreon
|-sidestart|p1: rult60z yovan|Spikes
|
|-heal|p1a: Umbreon|87/100|[from] move: Wish|[wisher] Umbreon
|-heal|p1a: Umbreon|93/100|[from] item: Leftovers
|upkeep
|turn|11
|
|t:|1654372697
|switch|p2a: Incineroar|Incineroar, M|68/100
|move|p1a: Umbreon|Wish|p1a: Umbreon
|
|-heal|p1a: Umbreon|99/100|[from] item: Leftovers
|upkeep
|turn|12
|
|t:|1654372708
|switch|p1a: Milotic|Milotic, M|100/100
|move|p2a: Incineroar|Knock Off|p1a: Milotic
|-damage|p1a: Milotic|71/100
|-enditem|p1a: Milotic|Heavy-Duty Boots|[from] move: Knock Off|[of] p2a: Incineroar
|
|-heal|p1a: Milotic|100/100|[from] move: Wish|[wisher] Umbreon
|upkeep
|turn|13
|inactive|a rabbit has 120 seconds left.
|
|t:|1654372749
|switch|p2a: Celebi|Celebi|100/100
|move|p1a: Milotic|Flip Turn|p2a: Celebi
|-resisted|p2a: Celebi
|-damage|p2a: Celebi|94/100
|
|t:|1654372757
|switch|p1a: Vikavolt|Vikavolt, M|100/100|[from]move: Flip Turn
|
|upkeep
|turn|14
|inactive|a rabbit has 120 seconds left.
|
|t:|1654372773
|switch|p2a: Crobat|Crobat, F|100/100
|move|p1a: Vikavolt|Bug Buzz|p2a: Crobat
|-resisted|p2a: Crobat
|-damage|p2a: Crobat|87/100
|
|upkeep
|turn|15
|
|t:|1654372779
|move|p2a: Crobat|U-turn|p1a: Vikavolt
|-damage|p1a: Vikavolt|85/100
|
|t:|1654372781
|switch|p2a: Incineroar|Incineroar, M|68/100|[from]move: U-turn
|move|p1a: Vikavolt|Bug Buzz|p2a: Incineroar
|-damage|p2a: Incineroar|30/100
|
|upkeep
|turn|16
|
|t:|1654372789
|switch|p1a: Milotic|Milotic, M|100/100
|-damage|p1a: Milotic|88/100|[from] Spikes
|move|p2a: Incineroar|Flare Blitz|p1a: Milotic
|-resisted|p1a: Milotic
|-damage|p1a: Milotic|64/100
|-damage|p2a: Incineroar|22/100|[from] Recoil
|
|upkeep
|turn|17
|
|t:|1654372794
|switch|p2a: Celebi|Celebi|94/100
|move|p1a: Milotic|Flip Turn|p2a: Celebi
|-resisted|p2a: Celebi
|-damage|p2a: Celebi|88/100
|
|t:|1654372797
|switch|p1a: Vikavolt|Vikavolt, M|85/100|[from]move: Flip Turn
|
|upkeep
|turn|18
|
|t:|1654372818
|switch|p2a: Klefki|Klefki, M|86/100
|-damage|p2a: Klefki|80/100|[from] Stealth Rock
|move|p1a: Vikavolt|Bug Buzz|p2a: Klefki
|-resisted|p2a: Klefki
|-damage|p2a: Klefki|65/100
|-unboost|p2a: Klefki|spd|1
|
|upkeep
|turn|19
|
|t:|1654372828
|switch|p2a: Incineroar|Incineroar, M|22/100
|move|p1a: Vikavolt|Bug Buzz|p2a: Incineroar
|-damage|p2a: Incineroar|0 fnt
|faint|p2a: Incineroar
|
|upkeep
|
|t:|1654372835
|switch|p2a: Starmie|Starmie|78/100
|-damage|p2a: Starmie|66/100|[from] Stealth Rock
|turn|20
|
|t:|1654372839
|move|p2a: Starmie|Hydro Pump|p1a: Vikavolt
|-damage|p1a: Vikavolt|9/100
|-damage|p2a: Starmie|56/100|[from] item: Life Orb
|move|p1a: Vikavolt|Bug Buzz|p2a: Starmie
|-supereffective|p2a: Starmie
|-damage|p2a: Starmie|0 fnt
|faint|p2a: Starmie
|
|upkeep
|
|t:|1654372848
|switch|p2a: Crobat|Crobat, F|87/100
|turn|21
|
|t:|1654372853
|switch|p1a: Bronzong|Bronzong|100/100
|move|p2a: Crobat|U-turn|p1a: Bronzong
|-damage|p1a: Bronzong|88/100
|
|t:|1654372871
|switch|p2a: Rhyperior|Rhyperior, F|100/100|[from]move: U-turn
|-damage|p2a: Rhyperior|94/100|[from] Stealth Rock
|
|-heal|p2a: Rhyperior|100/100|[from] item: Leftovers
|-heal|p1a: Bronzong|95/100|[from] item: Leftovers
|upkeep
|turn|22
|
|t:|1654372879
|move|p2a: Rhyperior|Stealth Rock|p1a: Bronzong
|-sidestart|p1: rult60z yovan|move: Stealth Rock
|move|p1a: Bronzong|Toxic|p2a: Rhyperior
|-status|p2a: Rhyperior|tox
|
|-heal|p1a: Bronzong|100/100|[from] item: Leftovers
|-damage|p2a: Rhyperior|94/100 tox|[from] psn
|upkeep
|turn|23
|
|t:|1654372887
|switch|p2a: Celebi|Celebi|88/100
|move|p1a: Bronzong|Heavy Slam|p2a: Celebi
|-damage|p2a: Celebi|52/100
|
|upkeep
|turn|24
|
|t:|1654372900
|move|p2a: Celebi|Recover|p2a: Celebi
|-heal|p2a: Celebi|100/100
|move|p1a: Bronzong|Toxic|p2a: Celebi
|-status|p2a: Celebi|tox
|
|-damage|p2a: Celebi|94/100 tox|[from] psn
|upkeep
|turn|25
|
|t:|1654372904
|-curestatus|p2a: Celebi|tox|[from] ability: Natural Cure
|switch|p2a: Crobat|Crobat, F|87/100
|move|p1a: Bronzong|Heavy Slam|p2a: Crobat
|-damage|p2a: Crobat|68/100
|
|upkeep
|turn|26
|
|t:|1654372909
|move|p2a: Crobat|U-turn|p1a: Bronzong
|-damage|p1a: Bronzong|87/100
|
|t:|1654372911
|switch|p2a: Celebi|Celebi|94/100|[from]move: U-turn
|move|p1a: Bronzong|Heavy Slam|p2a: Celebi
|-damage|p2a: Celebi|58/100
|
|-heal|p1a: Bronzong|93/100|[from] item: Leftovers
|upkeep
|turn|27
|
|t:|1654372914
|move|p2a: Celebi|Recover|p2a: Celebi
|-heal|p2a: Celebi|100/100
|move|p1a: Bronzong|Heavy Slam|p2a: Celebi
|-crit|p2a: Celebi
|-damage|p2a: Celebi|45/100
|
|-heal|p1a: Bronzong|99/100|[from] item: Leftovers
|upkeep
|turn|28
|
|t:|1654372920
|move|p2a: Celebi|Recover|p2a: Celebi
|-heal|p2a: Celebi|95/100
|move|p1a: Bronzong|Toxic|p2a: Celebi
|-status|p2a: Celebi|tox
|
|-heal|p1a: Bronzong|100/100|[from] item: Leftovers
|-damage|p2a: Celebi|89/100 tox|[from] psn
|upkeep
|turn|29
|
|t:|1654372923
|-curestatus|p2a: Celebi|tox|[from] ability: Natural Cure
|switch|p2a: Crobat|Crobat, F|68/100
|switch|p1a: Rotom|Rotom|100/100
|-damage|p1a: Rotom|88/100|[from] Stealth Rock
|
|-heal|p1a: Rotom|94/100|[from] item: Leftovers
|upkeep
|turn|30
|
|t:|1654372931
|move|p2a: Crobat|U-turn|p1a: Rotom
|-resisted|p1a: Rotom
|-damage|p1a: Rotom|83/100
|
|t:|1654372933
|switch|p2a: Rhyperior|Rhyperior, F|94/100 tox|[from]move: U-turn
|-damage|p2a: Rhyperior|88/100 tox|[from] Stealth Rock
|move|p1a: Rotom|Hex|p2a: Rhyperior
|-damage|p2a: Rhyperior|53/100 tox
|
|-heal|p1a: Rotom|90/100|[from] item: Leftovers
|-heal|p2a: Rhyperior|59/100 tox|[from] item: Leftovers
|-damage|p2a: Rhyperior|53/100 tox|[from] psn
|upkeep
|turn|31
|
|t:|1654372938
|switch|p2a: Celebi|Celebi|89/100
|move|p1a: Rotom|Hex|p2a: Celebi
|-supereffective|p2a: Celebi
|-damage|p2a: Celebi|45/100
|
|-heal|p1a: Rotom|96/100|[from] item: Leftovers
|upkeep
|turn|32
|
|t:|1654372941
|move|p2a: Celebi|Recover|p2a: Celebi
|-heal|p2a: Celebi|95/100
|move|p1a: Rotom|Will-O-Wisp|p2a: Celebi
|-status|p2a: Celebi|brn
|
|-heal|p1a: Rotom|100/100|[from] item: Leftovers
|-damage|p2a: Celebi|89/100 brn|[from] brn
|upkeep
|turn|33
|
|t:|1654372950
|-curestatus|p2a: Celebi|brn|[from] ability: Natural Cure
|switch|p2a: Crobat|Crobat, F|68/100
|move|p1a: Rotom|Hex|p2a: Crobat
|-damage|p2a: Crobat|42/100
|
|upkeep
|turn|34
|
|t:|1654372956
|move|p2a: Crobat|U-turn|p1a: Rotom
|-resisted|p1a: Rotom
|-damage|p1a: Rotom|90/100
|
|t:|1654372958
|switch|p2a: Celebi|Celebi|89/100|[from]move: U-turn
|move|p1a: Rotom|Will-O-Wisp|p2a: Celebi
|-status|p2a: Celebi|brn
|
|-heal|p1a: Rotom|96/100|[from] item: Leftovers
|-damage|p2a: Celebi|83/100 brn|[from] brn
|upkeep
|turn|35
|
|t:|1654372966
|-curestatus|p2a: Celebi|brn|[from] ability: Natural Cure
|switch|p2a: Klefki|Klefki, M|65/100
|-damage|p2a: Klefki|59/100|[from] Stealth Rock
|move|p1a: Rotom|Hex|p2a: Klefki
|-damage|p2a: Klefki|32/100
|
|-heal|p1a: Rotom|100/100|[from] item: Leftovers
|upkeep
|turn|36
|
|t:|1654372971
|move|p2a: Klefki|Spikes|p1a: Rotom
|-sidestart|p1: rult60z yovan|Spikes
|move|p1a: Rotom|Will-O-Wisp|p2a: Klefki|[miss]
|-miss|p1a: Rotom|p2a: Klefki
|
|upkeep
|turn|37
|
|t:|1654372976
|move|p1a: Rotom|Will-O-Wisp|p2a: Klefki
|-status|p2a: Klefki|brn
|move|p2a: Klefki|Dazzling Gleam|p1a: Rotom
|-damage|p1a: Rotom|70/100
|
|-heal|p1a: Rotom|76/100|[from] item: Leftovers
|-damage|p2a: Klefki|26/100 brn|[from] brn
|upkeep
|turn|38
|
|t:|1654372982
|switch|p1a: Weezing|Weezing-Galar, M|78/100
|-ability|p1a: Weezing|Neutralizing Gas
|-damage|p1a: Weezing|62/100|[from] Spikes
|-damage|p1a: Weezing|50/100|[from] Stealth Rock
|move|p2a: Klefki|Dazzling Gleam|p1a: Weezing
|-resisted|p1a: Weezing
|-damage|p1a: Weezing|33/100
|
|-damage|p2a: Klefki|20/100 brn|[from] brn
|upkeep
|turn|39
|
|t:|1654372989
|switch|p2a: Celebi|Celebi|83/100
|move|p1a: Weezing|Defog|p2a: Celebi
|-unboost|p2a: Celebi|evasion|1
|-sideend|p2: a rabbit|Stealth Rock|[from] move: Defog|[of] p1a: Weezing
|-sideend|p1: rult60z yovan|Spikes|[from] move: Defog|[of] p1a: Weezing
|-sideend|p1: rult60z yovan|Stealth Rock|[from] move: Defog|[of] p1a: Weezing
|
|upkeep
|turn|40
|
|t:|1654372994
|switch|p2a: Klefki|Klefki, M|20/100 brn
|-end|p1a: Weezing|ability: Neutralizing Gas
|switch|p1a: Bronzong|Bronzong|100/100
|
|-damage|p2a: Klefki|14/100 brn|[from] brn
|upkeep
|turn|41
|
|t:|1654372999
|switch|p1a: Weezing|Weezing-Galar, M|33/100
|-ability|p1a: Weezing|Neutralizing Gas
|move|p2a: Klefki|Spikes|p1a: Weezing
|-sidestart|p1: rult60z yovan|Spikes
|
|-damage|p2a: Klefki|8/100 brn|[from] brn
|upkeep
|turn|42
|
|t:|1654373001
|switch|p2a: Rhyperior|Rhyperior, F|53/100 tox
|move|p1a: Weezing|Defog|p2a: Rhyperior
|-unboost|p2a: Rhyperior|evasion|1
|-sideend|p1: rult60z yovan|Spikes|[from] move: Defog|[of] p1a: Weezing
|
|-heal|p2a: Rhyperior|59/100 tox|[from] item: Leftovers
|-damage|p2a: Rhyperior|53/100 tox|[from] psn
|upkeep
|turn|43
|
|t:|1654373004
|move|p1a: Weezing|Pain Split|p2a: Rhyperior
|-sethp|p2a: Rhyperior|39/100 tox|[from] move: Pain Split|[silent]
|-sethp|p1a: Weezing|51/100|[from] move: Pain Split
|move|p2a: Rhyperior|Stealth Rock|p1a: Weezing
|-sidestart|p1: rult60z yovan|move: Stealth Rock
|
|-heal|p2a: Rhyperior|45/100 tox|[from] item: Leftovers
|-damage|p2a: Rhyperior|33/100 tox|[from] psn
|upkeep
|turn|44
|
|t:|1654373009
|-end|p1a: Weezing|ability: Neutralizing Gas
|switch|p1a: Bronzong|Bronzong|100/100
|-damage|p1a: Bronzong|94/100|[from] Stealth Rock
|switch|p2a: Celebi|Celebi|83/100
|
|-heal|p1a: Bronzong|100/100|[from] item: Leftovers
|upkeep
|turn|45
|
|t:|1654373013
|move|p2a: Celebi|Nasty Plot|p2a: Celebi
|-boost|p2a: Celebi|spa|2
|move|p1a: Bronzong|Toxic|p2a: Celebi
|-status|p2a: Celebi|tox
|
|-damage|p2a: Celebi|76/100 tox|[from] psn
|upkeep
|turn|46
|
|t:|1654373017
|-curestatus|p2a: Celebi|tox|[from] ability: Natural Cure
|switch|p2a: Crobat|Crobat, F|42/100
|move|p1a: Bronzong|Heavy Slam|p2a: Crobat
|-damage|p2a: Crobat|23/100
|
|upkeep
|turn|47
|
|t:|1654373023
|move|p2a: Crobat|Roost|p2a: Crobat
|-heal|p2a: Crobat|73/100
|-singleturn|p2a: Crobat|move: Roost
|move|p1a: Bronzong|Stealth Rock|p2a: Crobat
|-sidestart|p2: a rabbit|move: Stealth Rock
|
|upkeep
|turn|48
|
|t:|1654373027
|move|p2a: Crobat|U-turn|p1a: Bronzong
|-damage|p1a: Bronzong|87/100
|
|t:|1654373030
|switch|p2a: Celebi|Celebi|76/100|[from]move: U-turn
|move|p1a: Bronzong|Toxic|p2a: Celebi|[miss]
|-miss|p1a: Bronzong|p2a: Celebi
|
|-heal|p1a: Bronzong|93/100|[from] item: Leftovers
|upkeep
|turn|49
|
|t:|1654373033
|move|p2a: Celebi|Nasty Plot|p2a: Celebi
|-boost|p2a: Celebi|spa|2
|move|p1a: Bronzong|Heavy Slam|p2a: Celebi
|-damage|p2a: Celebi|37/100
|
|-heal|p1a: Bronzong|99/100|[from] item: Leftovers
|upkeep
|turn|50
|
|t:|1654373038
|move|p2a: Celebi|Recover|p2a: Celebi
|-heal|p2a: Celebi|87/100
|move|p1a: Bronzong|Toxic|p2a: Celebi
|-status|p2a: Celebi|tox
|
|-heal|p1a: Bronzong|100/100|[from] item: Leftovers
|-damage|p2a: Celebi|81/100 tox|[from] psn
|upkeep
|turn|51
|
|t:|1654373042
|-curestatus|p2a: Celebi|tox|[from] ability: Natural Cure
|switch|p2a: Crobat|Crobat, F|73/100
|move|p1a: Bronzong|Heavy Slam|p2a: Crobat
|-damage|p2a: Crobat|53/100
|
|upkeep
|turn|52
|
|t:|1654373048
|move|p2a: Crobat|Roost|p2a: Crobat
|-heal|p2a: Crobat|100/100
|-singleturn|p2a: Crobat|move: Roost
|move|p1a: Bronzong|Heavy Slam|p2a: Crobat
|-damage|p2a: Crobat|82/100
|
|upkeep
|turn|53
|
|t:|1654373051
|move|p2a: Crobat|U-turn|p1a: Bronzong
|-damage|p1a: Bronzong|87/100
|
|t:|1654373054
|switch|p2a: Celebi|Celebi|81/100|[from]move: U-turn
|move|p1a: Bronzong|Toxic|p2a: Celebi
|-status|p2a: Celebi|tox
|
|-heal|p1a: Bronzong|93/100|[from] item: Leftovers
|-damage|p2a: Celebi|74/100 tox|[from] psn
|upkeep
|turn|54
|
|t:|1654373057
|-curestatus|p2a: Celebi|tox|[from] ability: Natural Cure
|switch|p2a: Crobat|Crobat, F|82/100
|switch|p1a: Rotom|Rotom|76/100
|-damage|p1a: Rotom|64/100|[from] Stealth Rock
|
|-heal|p1a: Rotom|70/100|[from] item: Leftovers
|upkeep
|turn|55
|
|t:|1654373063
|move|p2a: Crobat|U-turn|p1a: Rotom
|-resisted|p1a: Rotom
|-damage|p1a: Rotom|59/100
|
|t:|1654373066
|switch|p2a: Celebi|Celebi|74/100|[from]move: U-turn
|move|p1a: Rotom|Will-O-Wisp|p2a: Celebi
|-status|p2a: Celebi|brn
|
|-heal|p1a: Rotom|66/100|[from] item: Leftovers
|-damage|p2a: Celebi|68/100 brn|[from] brn
|upkeep
|turn|56
|
|t:|1654373070
|move|p2a: Celebi|Leaf Storm|p1a: Rotom
|-damage|p1a: Rotom|0 fnt
|-unboost|p2a: Celebi|spa|2
|faint|p1a: Rotom
|
|-damage|p2a: Celebi|62/100 brn|[from] brn
|upkeep
|
|t:|1654373090
|switch|p1a: Umbreon|Umbreon, M|99/100
|-damage|p1a: Umbreon|87/100|[from] Stealth Rock
|turn|57
|
|t:|1654373093
|-curestatus|p2a: Celebi|brn|[from] ability: Natural Cure
|switch|p2a: Crobat|Crobat, F|82/100
|move|p1a: Umbreon|Foul Play|p2a: Crobat
|-damage|p2a: Crobat|53/100
|
|-heal|p1a: Umbreon|93/100|[from] item: Leftovers
|upkeep
|turn|58
|
|t:|1654373096
|move|p2a: Crobat|Brave Bird|p1a: Umbreon
|-damage|p1a: Umbreon|61/100
|-damage|p2a: Crobat|42/100|[from] Recoil
|move|p1a: Umbreon|Foul Play|p2a: Crobat
|-crit|p2a: Crobat
|-damage|p2a: Crobat|0 fnt
|faint|p2a: Crobat
|
|-heal|p1a: Umbreon|67/100|[from] item: Leftovers
|upkeep
|
|t:|1654373109
|switch|p2a: Celebi|Celebi|62/100
|turn|59
|
|t:|1654373112
|move|p2a: Celebi|Nasty Plot|p2a: Celebi
|-boost|p2a: Celebi|spa|2
|move|p1a: Umbreon|Foul Play|p2a: Celebi
|-supereffective|p2a: Celebi
|-crit|p2a: Celebi
|-damage|p2a: Celebi|0 fnt
|faint|p2a: Celebi
|
|-heal|p1a: Umbreon|73/100|[from] item: Leftovers
|upkeep
|-message|a rabbit forfeited.
|
|win|rult60z yovan
|raw|rult60z yovan's rating: 1660 &rarr; <strong>1674</strong><br />(+14 for winning)
|raw|a rabbit's rating: 1543 &rarr; <strong>1529</strong><br />(-14 for losing)
|l|☆a rabbit
