|html|<div class="broadcast-blue"><strong>[Gen 8] RU is currently suspecting Mienshao! For information on how to participate check out the <a href="https://www.smogon.com/forums/threads/np-ru-stage-8-nocturne-mienshao-suspect-test.3688330/">suspect thread</a>.</strong></div>
|j|☆onur1996
|j|☆Splashinganteater
|t:|1627978501
|gametype|singles
|player|p1|onur1996|80|1148
|player|p2|Splashinganteater|palmer|1273
|teamsize|p1|6
|teamsize|p2|6
|gen|8
|tier|[Gen 8] RU
|rated|
|rule|Sleep Clause Mod: Limit one foe put to sleep
|rule|Species Clause: Limit one of each Pokémon
|rule|OHKO Clause: OHKO moves are banned
|rule|Evasion Moves Clause: Evasion moves are banned
|rule|Endless Battle Clause: Forcing endless battles is banned
|rule|HP Percentage Mod: HP is shown in percentages
|rule|Dynamax Clause: You cannot dynamax
|clearpoke
|poke|p1|Metagross|
|poke|p1|Porygon2|
|poke|p1|Heracross, M|
|poke|p1|Raikou|
|poke|p1|Milotic, F|
|poke|p1|Chandelure, M|
|poke|p2|Raichu-Alola, M|
|poke|p2|Pincurchin, M|
|poke|p2|Blastoise, M|
|poke|p2|Crobat, M|
|poke|p2|Flygon, M|
|poke|p2|Hitmonlee, M|
|teampreview
|
|t:|1627978509
|start
|switch|p1a: Raikou|Raikou|100/100
|switch|p2a: URCHIN|Pincurchin, M|100/100
|-ability|p1a: Raikou|Pressure
|-fieldstart|move: Electric Terrain|[from] ability: Electric Surge|[of] p2a: URCHIN
|turn|1
|
|t:|1627978522
|move|p1a: Raikou|Volt Switch|p2a: URCHIN
|-resisted|p2a: URCHIN
|-crit|p2a: URCHIN
|-damage|p2a: URCHIN|36/100
|
|t:|1627978529
|switch|p1a: Porygon2|Porygon2|100/100|[from]move: Volt Switch
|move|p2a: URCHIN|Spikes|p1a: Porygon2
|-sidestart|p1: onur1996|Spikes
|
|upkeep
|turn|2
|
|t:|1627978538
|switch|p2a: BAG|Hitmonlee, M|100/100
|-enditem|p2a: BAG|Electric Seed
|-boost|p2a: BAG|def|1|[from] item: Electric Seed
|move|p1a: Porygon2|Tri Attack|p2a: BAG
|-damage|p2a: BAG|65/100
|
|upkeep
|turn|3
|
|t:|1627978548
|switch|p1a: Chandelure|Chandelure, M|100/100
|-damage|p1a: Chandelure|88/100|[from] Spikes
|move|p2a: BAG|Bulk Up|p2a: BAG
|-boost|p2a: BAG|atk|1
|-boost|p2a: BAG|def|1
|
|upkeep
|turn|4
|
|t:|1627978556
|move|p2a: BAG|Knock Off|p1a: Chandelure
|-supereffective|p1a: Chandelure
|-damage|p1a: Chandelure|0 fnt
|-enditem|p1a: Chandelure|Choice Specs|[from] move: Knock Off|[of] p2a: BAG
|faint|p1a: Chandelure
|
|upkeep
|
|t:|1627978568
|switch|p1a: Raikou|Raikou|100/100
|-damage|p1a: Raikou|88/100|[from] Spikes
|-ability|p1a: Raikou|Pressure
|turn|5
|
|t:|1627978593
|move|p2a: BAG|Close Combat|p1a: Raikou
|-damage|p1a: Raikou|0 fnt
|-unboost|p2a: BAG|def|1
|-unboost|p2a: BAG|spd|1
|faint|p1a: Raikou
|
|upkeep
|
|t:|1627978606
|switch|p1a: Heracross|Heracross, M|100/100
|-damage|p1a: Heracross|88/100|[from] Spikes
|turn|6
|
|t:|1627978619
|switch|p2a: XWING|Crobat, M|100/100
|move|p1a: Heracross|Close Combat|p2a: XWING
|-resisted|p2a: XWING
|-crit|p2a: XWING
|-damage|p2a: XWING|72/100
|-unboost|p1a: Heracross|def|1
|-unboost|p1a: Heracross|spd|1
|
|-status|p1a: Heracross|brn|[from] item: Flame Orb
|upkeep
|turn|7
|
|t:|1627978630
|switch|p1a: Metagross|Metagross|100/100
|-damage|p1a: Metagross|88/100|[from] Spikes
|move|p2a: XWING|Nasty Plot|p2a: XWING
|-boost|p2a: XWING|spa|2
|
|upkeep
|turn|8
|
|t:|1627978638
|move|p2a: XWING|Heat Wave|p1a: Metagross
|-supereffective|p1a: Metagross
|-damage|p1a: Metagross|18/100
|move|p1a: Metagross|Power-Up Punch|p2a: XWING
|-resisted|p2a: XWING
|-damage|p2a: XWING|66/100
|-boost|p1a: Metagross|atk|1
|
|-fieldend|move: Electric Terrain
|upkeep
|turn|9
|
|t:|1627978646
|move|p1a: Metagross|Bullet Punch|p2a: XWING
|-damage|p2a: XWING|21/100
|move|p2a: XWING|Heat Wave|p1a: Metagross
|-supereffective|p1a: Metagross
|-damage|p1a: Metagross|0 fnt
|faint|p1a: Metagross
|
|upkeep
|-message|onur1996 forfeited.
|
|win|Splashinganteater
|raw|onur1996's rating: 1148 &rarr; <strong>1132</strong><br />(-16 for losing)
|raw|Splashinganteater's rating: 1273 &rarr; <strong>1289</strong><br />(+16 for winning)
|l|☆onur1996
