|j|☆au revoir soshanna
|j|☆Sploshhh
|t:|1598136856
|player|p1|au revoir soshanna|teammagmagruntf-gen3|1459
|player|p2|Sploshhh|workerice|1170
|teamsize|p1|6
|teamsize|p2|6
|gametype|singles
|gen|8
|tier|[Gen 8] RU
|rated|
|clearpoke
|poke|p1|Golurk|
|poke|p1|Rotom-Mow|
|poke|p1|Gardevoir, F|
|poke|p1|Copperajah, F|
|poke|p1|Golisopod, F|
|poke|p1|Drapion, M|
|poke|p2|Rotom-Mow|
|poke|p2|Klefki, M|
|poke|p2|Jellicent, F|
|poke|p2|Passimian, F|
|poke|p2|Persian-Alola, M|
|poke|p2|Piloswine, F|
|rule|Sleep Clause Mod: Limit one foe put to sleep
|rule|Species Clause: Limit one of each Pokémon
|rule|OHKO Clause: OHKO moves are banned
|rule|Evasion Moves Clause: Evasion moves are banned
|rule|Endless Battle Clause: Forcing endless battles is banned
|rule|HP Percentage Mod: HP is shown in percentages
|rule|Dynamax Clause: You cannot dynamax
|teampreview
|
|t:|1598136864
|start
|switch|p1a: Rotom|Rotom-Mow|100/100
|switch|p2a: Klefki|Klefki, M|100/100
|-item|p2a: Klefki|Air Balloon
|turn|1
|
|t:|1598136873
|move|p2a: Klefki|Spikes|p1a: Rotom
|-sidestart|p1: au revoir soshanna|Spikes
|move|p1a: Rotom|Volt Switch|p2a: Klefki
|-damage|p2a: Klefki|74/100
|-enditem|p2a: Klefki|Air Balloon
|inactive|Battle timer is ON: inactive players will automatically lose when time's up. (requested by Sploshhh)
|
|t:|1598136916
|switch|p1a: Golurk|Golurk|100/100|[from]move: Volt Switch
|-damage|p1a: Golurk|88/100|[from] Spikes
|
|upkeep
|turn|2
|
|t:|1598136942
|switch|p2a: Rotom|Rotom-Mow|100/100
|move|p1a: Golurk|Earthquake|p2a: Rotom
|-immune|p2a: Rotom|[from] ability: Levitate
|
|upkeep
|turn|3
|inactive|au revoir soshanna has 120 seconds left.
|
|t:|1598136978
|switch|p1a: Rotom|Rotom-Mow|100/100
|move|p2a: Rotom|Volt Switch|p1a: Rotom
|-resisted|p1a: Rotom
|-damage|p1a: Rotom|90/100
|inactive|Sploshhh has 120 seconds left.
|
|t:|1598136994
|switch|p2a: Persian|Persian-Alola, M|100/100|[from]move: Volt Switch
|
|-heal|p1a: Rotom|96/100|[from] item: Leftovers
|upkeep
|turn|4
|
|t:|1598137000
|move|p2a: Persian|Parting Shot|p1a: Rotom
|-unboost|p1a: Rotom|atk|1
|-unboost|p1a: Rotom|spa|1
|
|t:|1598137006
|switch|p2a: Passimian|Passimian, F|100/100|[from]move: Parting Shot
|move|p1a: Rotom|Defog|p2a: Passimian
|-unboost|p2a: Passimian|evasion|1
|-ability|p2a: Passimian|Defiant
|-boost|p2a: Passimian|atk|2
|-sideend|p1: au revoir soshanna|Spikes|[from] move: Defog|[of] p1a: Rotom
|
|-heal|p1a: Rotom|100/100|[from] item: Leftovers
|upkeep
|turn|5
|
|t:|1598137017
|switch|p1a: Golisopod|Golisopod, F|100/100
|move|p2a: Passimian|U-turn|p1a: Golisopod
|-damage|p1a: Golisopod|65/100
|
|t:|1598137023
|switch|p2a: Jellicent|Jellicent, F|100/100|[from]move: U-turn
|
|upkeep
|turn|6
|inactive|au revoir soshanna has 120 seconds left.
|
|t:|1598137049
|move|p2a: Jellicent|Will-O-Wisp|p1a: Golisopod
|-status|p1a: Golisopod|brn
|move|p1a: Golisopod|Spikes|p2a: Jellicent
|-sidestart|p2: Sploshhh|Spikes
|
|-damage|p1a: Golisopod|59/100 brn|[from] brn
|upkeep
|turn|7
|
|t:|1598137068
|switch|p2a: Klefki|Klefki, M|74/100
|-damage|p2a: Klefki|62/100|[from] Spikes
|switch|p1a: Rotom|Rotom-Mow|100/100
|
|upkeep
|turn|8
|inactive|au revoir soshanna has 120 seconds left.
|inactive|au revoir soshanna has 90 seconds left.
|
|t:|1598137126
|move|p2a: Klefki|Toxic|p1a: Rotom
|-status|p1a: Rotom|tox
|move|p1a: Rotom|Nasty Plot|p1a: Rotom
|-boost|p1a: Rotom|spa|2
|
|-damage|p1a: Rotom|94/100 tox|[from] psn
|upkeep
|turn|9
|
|t:|1598137130
|move|p2a: Klefki|Defog|p1a: Rotom
|-unboost|p1a: Rotom|evasion|1
|-sideend|p2: Sploshhh|Spikes|[from] move: Defog|[of] p2a: Klefki
|move|p1a: Rotom|Volt Switch|p2a: Klefki
|-damage|p2a: Klefki|10/100
|
|t:|1598137134
|switch|p1a: Golurk|Golurk|88/100|[from]move: Volt Switch
|
|upkeep
|turn|10
|
|t:|1598137140
|move|p2a: Klefki|Spikes|p1a: Golurk
|-sidestart|p1: au revoir soshanna|Spikes
|move|p1a: Golurk|Dynamic Punch|p2a: Klefki
|-damage|p2a: Klefki|0 fnt
|faint|p2a: Klefki
|
|upkeep
|
|t:|1598137144
|switch|p2a: Rotom|Rotom-Mow|100/100
|turn|11
|
|t:|1598137170
|switch|p1a: Rotom|Rotom-Mow|94/100 tox
|move|p2a: Rotom|Leaf Storm|p1a: Rotom
|-resisted|p1a: Rotom
|-damage|p1a: Rotom|57/100 tox
|-unboost|p2a: Rotom|spa|2
|
|-heal|p1a: Rotom|63/100 tox|[from] item: Leftovers
|-damage|p1a: Rotom|57/100 tox|[from] psn
|upkeep
|turn|12
|
|t:|1598137178
|move|p1a: Rotom|Defog|p2a: Rotom
|-unboost|p2a: Rotom|evasion|1
|-sideend|p1: au revoir soshanna|Spikes|[from] move: Defog|[of] p1a: Rotom
|move|p2a: Rotom|Nasty Plot|p2a: Rotom
|-boost|p2a: Rotom|spa|2
|
|-heal|p1a: Rotom|63/100 tox|[from] item: Leftovers
|-damage|p1a: Rotom|51/100 tox|[from] psn
|upkeep
|turn|13
|
|t:|1598137189
|move|p2a: Rotom|Leaf Storm|p1a: Rotom
|-resisted|p1a: Rotom
|-damage|p1a: Rotom|14/100 tox
|-unboost|p2a: Rotom|spa|2
|move|p1a: Rotom|Volt Switch|p2a: Rotom
|-resisted|p2a: Rotom
|-damage|p2a: Rotom|90/100
|
|t:|1598137195
|switch|p1a: Drapion|Drapion, M|100/100|[from]move: Volt Switch
|
|upkeep
|turn|14
|
|t:|1598137199
|switch|p2a: Jellicent|Jellicent, F|100/100
|move|p1a: Drapion|Knock Off|p2a: Jellicent
|-supereffective|p2a: Jellicent
|-enditem|p2a: Jellicent|Colbur Berry|[eat]
|-enditem|p2a: Jellicent|Colbur Berry|[weaken]
|-damage|p2a: Jellicent|65/100
|
|upkeep
|turn|15
|inactive|au revoir soshanna has 120 seconds left.
|
|t:|1598137212
|switch|p1a: Golisopod|Golisopod, F|59/100 brn
|move|p2a: Jellicent|Recover|p2a: Jellicent
|-heal|p2a: Jellicent|100/100
|
|-damage|p1a: Golisopod|53/100 brn|[from] brn
|upkeep
|turn|16
|
|t:|1598137230
|move|p2a: Jellicent|Will-O-Wisp|p1a: Golisopod
|-fail|p1a: Golisopod|brn
|move|p1a: Golisopod|Spikes|p2a: Jellicent
|-sidestart|p2: Sploshhh|Spikes
|
|-damage|p1a: Golisopod|47/100 brn|[from] brn
|-activate|p1a: Golisopod|ability: Emergency Exit
|upkeep
|
|t:|1598137244
|switch|p1a: Rotom|Rotom-Mow|14/100 tox
|turn|17
|
|t:|1598137253
|switch|p2a: Piloswine|Piloswine, F|100/100
|-damage|p2a: Piloswine|88/100|[from] Spikes
|move|p1a: Rotom|Leaf Storm|p2a: Piloswine
|-supereffective|p2a: Piloswine
|-damage|p2a: Piloswine|13/100
|-unboost|p1a: Rotom|spa|2
|
|-heal|p1a: Rotom|20/100 tox|[from] item: Leftovers
|-damage|p1a: Rotom|14/100 tox|[from] psn
|upkeep
|turn|18
|
|t:|1598137258
|switch|p1a: Golisopod|Golisopod, F|47/100 brn
|move|p2a: Piloswine|Ice Shard|p1a: Golisopod
|-resisted|p1a: Golisopod
|-damage|p1a: Golisopod|41/100 brn
|
|-damage|p1a: Golisopod|35/100 brn|[from] brn
|upkeep
|turn|19
|
|t:|1598137266
|switch|p2a: Jellicent|Jellicent, F|100/100
|-damage|p2a: Jellicent|88/100|[from] Spikes
|move|p1a: Golisopod|First Impression|p2a: Jellicent
|-resisted|p2a: Jellicent
|-damage|p2a: Jellicent|77/100
|
|-damage|p1a: Golisopod|29/100 brn|[from] brn
|upkeep
|turn|20
|
|t:|1598137276
|switch|p1a: Gardevoir|Gardevoir, F|100/100
|-ability|p1a: Gardevoir|Water Absorb|[from] ability: Trace|[of] p2a: Jellicent
|move|p2a: Jellicent|Will-O-Wisp|p1a: Gardevoir
|-status|p1a: Gardevoir|brn
|
|-damage|p1a: Gardevoir|94/100 brn|[from] brn
|upkeep
|turn|21
|
|t:|1598137288
|switch|p1a: Rotom|Rotom-Mow|14/100 tox
|switch|p2a: Piloswine|Piloswine, F|13/100
|-damage|p2a: Piloswine|0 fnt|[from] Spikes
|faint|p2a: Piloswine
|
|-heal|p1a: Rotom|20/100 tox|[from] item: Leftovers
|-damage|p1a: Rotom|14/100 tox|[from] psn
|upkeep
|
|t:|1598137294
|switch|p2a: Persian|Persian-Alola, M|100/100
|-damage|p2a: Persian|88/100|[from] Spikes
|turn|22
|
|t:|1598137302
|switch|p1a: Drapion|Drapion, M|100/100
|move|p2a: Persian|Burning Jealousy|p1a: Drapion
|-damage|p1a: Drapion|72/100
|
|upkeep
|turn|23
|
|t:|1598137310
|move|p2a: Persian|Parting Shot|p1a: Drapion
|-unboost|p1a: Drapion|atk|1
|-unboost|p1a: Drapion|spa|1
|
|t:|1598137315
|switch|p2a: Passimian|Passimian, F|100/100|[from]move: Parting Shot
|-damage|p2a: Passimian|88/100|[from] Spikes
|move|p1a: Drapion|Toxic Spikes|p2a: Passimian
|-sidestart|p2: Sploshhh|move: Toxic Spikes
|
|upkeep
|turn|24
|
|t:|1598137329
|switch|p1a: Golisopod|Golisopod, F|29/100 brn
|move|p2a: Passimian|Close Combat|p1a: Golisopod
|-resisted|p1a: Golisopod
|-damage|p1a: Golisopod|7/100 brn
|-unboost|p2a: Passimian|def|1
|-unboost|p2a: Passimian|spd|1
|
|-damage|p1a: Golisopod|1/100 brn|[from] brn
|upkeep
|turn|25
|
|t:|1598137336
|switch|p2a: Jellicent|Jellicent, F|77/100
|-status|p2a: Jellicent|psn
|-damage|p2a: Jellicent|65/100 psn|[from] Spikes
|switch|p1a: Golurk|Golurk|88/100
|
|-damage|p2a: Jellicent|52/100 psn|[from] psn
|upkeep
|turn|26
|
|t:|1598137342
|switch|p2a: Persian|Persian-Alola, M|88/100
|-damage|p2a: Persian|76/100|[from] Spikes
|-status|p2a: Persian|psn
|move|p1a: Golurk|Earthquake|p2a: Persian
|-damage|p2a: Persian|5/100 psn
|
|-damage|p2a: Persian|0 fnt|[from] psn
|faint|p2a: Persian
|upkeep
|
|t:|1598137346
|switch|p2a: Rotom|Rotom-Mow|90/100
|turn|27
|
|t:|1598137366
|switch|p1a: Golisopod|Golisopod, F|1/100 brn
|move|p2a: Rotom|Leaf Storm|p1a: Golisopod
|-damage|p1a: Golisopod|0 fnt
|-unboost|p2a: Rotom|spa|2
|faint|p1a: Golisopod
|
|upkeep
|
|t:|1598137371
|switch|p1a: Drapion|Drapion, M|72/100
|turn|28
|
|t:|1598137376
|switch|p2a: Jellicent|Jellicent, F|52/100 psn
|-damage|p2a: Jellicent|40/100 psn|[from] Spikes
|move|p1a: Drapion|Knock Off|p2a: Jellicent
|-supereffective|p2a: Jellicent
|-damage|p2a: Jellicent|0 fnt
|faint|p2a: Jellicent
|
|upkeep
|
|t:|1598137379
|switch|p2a: Passimian|Passimian, F|88/100
|-status|p2a: Passimian|psn
|-damage|p2a: Passimian|76/100 psn|[from] Spikes
|turn|29
|
|t:|1598137384
|move|p2a: Passimian|Knock Off|p1a: Drapion
|-resisted|p1a: Drapion
|-damage|p1a: Drapion|53/100
|-enditem|p1a: Drapion|Black Glasses|[from] move: Knock Off|[of] p2a: Passimian
|move|p1a: Drapion|Earthquake|p2a: Passimian
|-damage|p2a: Passimian|45/100 psn
|
|-damage|p2a: Passimian|33/100 psn|[from] psn
|upkeep
|turn|30
|l|☆Sploshhh
|inactive|Sploshhh disconnected and has a minute to reconnect!
|player|p2|
|c|☆au revoir soshanna|lol
|inactive|Sploshhh has 30 seconds to reconnect!
|inactive|Sploshhh has 20 seconds to reconnect!
|n|!au revoir soshanna|aurevoirsoshanna
|inactive|Sploshhh has 15 seconds to reconnect!
|inactive|Sploshhh has 10 seconds to reconnect!
|inactive|Sploshhh has 5 seconds to reconnect!
|-message|Sploshhh lost due to inactivity.
|
|win|au revoir soshanna
|l|!au revoir soshanna
|raw|au revoir soshanna's rating: 1427 &rarr; <strong>1434</strong><br />(+7 for winning)
|raw|Sploshhh's rating: 1170 &rarr; <strong>1160</strong><br />(-10 for losing)
|j|!au revoir soshanna
|player|p1|au revoir soshanna|teammagmagruntf-gen3
