|j|☆Invertigo 71
|j|☆Dancanmanfan
|t:|1652829220
|gametype|singles
|player|p1|Invertigo 71|steven|1346
|player|p2|Dancanmanfan|clay|1434
|teamsize|p1|6
|teamsize|p2|6
|gen|8
|tier|[Gen 8] RU
|rated|
|rule|Sleep Clause Mod: Limit one foe put to sleep
|rule|Species Clause: Limit one of each Pokémon
|rule|OHKO Clause: OHKO moves are banned
|rule|Evasion Moves Clause: Evasion moves are banned
|rule|Endless Battle Clause: Forcing endless battles is banned
|rule|HP Percentage Mod: HP is shown in percentages
|rule|Dynamax Clause: You cannot dynamax
|clearpoke
|poke|p1|Polteageist|
|poke|p1|Lucario, M|
|poke|p1|Metagross|
|poke|p1|Golisopod, M|
|poke|p1|Flygon, F|
|poke|p1|Sharpedo, F|
|poke|p2|Metagross|
|poke|p2|Porygon2|
|poke|p2|Umbreon, M|
|poke|p2|Chandelure, F|
|poke|p2|Celebi|
|poke|p2|Pangoro, M|
|teampreview
|inactive|Battle timer is ON: inactive players will automatically lose when time's up. (requested by Invertigo 71)
|
|t:|1652829252
|start
|switch|p1a: Metagross|Metagross|100/100
|switch|p2a: Celebi|Celebi|100/100
|turn|1
|
|t:|1652829256
|move|p2a: Celebi|Nasty Plot|p2a: Celebi
|-boost|p2a: Celebi|spa|2
|move|p1a: Metagross|Stealth Rock|p2a: Celebi
|-sidestart|p2: Dancanmanfan|move: Stealth Rock
|
|upkeep
|turn|2
|
|t:|1652829259
|move|p2a: Celebi|Earth Power|p1a: Metagross
|-supereffective|p1a: Metagross
|-enditem|p1a: Metagross|Shuca Berry|[eat]
|-enditem|p1a: Metagross|Shuca Berry|[weaken]
|-damage|p1a: Metagross|51/100
|move|p1a: Metagross|Meteor Mash|p2a: Celebi
|-damage|p2a: Celebi|53/100
|-boost|p1a: Metagross|atk|1
|
|-heal|p2a: Celebi|59/100|[from] item: Leftovers
|upkeep
|turn|3
|
|t:|1652829266
|switch|p1a: Flygon|Flygon, F|100/100
|move|p2a: Celebi|Earth Power|p1a: Flygon
|-immune|p1a: Flygon|[from] ability: Levitate
|
|-heal|p2a: Celebi|65/100|[from] item: Leftovers
|upkeep
|turn|4
|
|t:|1652829270
|switch|p2a: Porygon2|Porygon2|100/100
|-damage|p2a: Porygon2|88/100|[from] Stealth Rock
|-ability|p2a: Porygon2|Levitate|[from] ability: Trace|[of] p1a: Flygon
|move|p1a: Flygon|U-turn|p2a: Porygon2
|-damage|p2a: Porygon2|76/100
|
|t:|1652829275
|switch|p1a: Lucario|Lucario, M|100/100|[from]move: U-turn
|
|upkeep
|turn|5
|
|t:|1652829279
|move|p1a: Lucario|Meteor Mash|p2a: Porygon2
|-damage|p2a: Porygon2|46/100
|-damage|p1a: Lucario|91/100|[from] item: Life Orb
|move|p2a: Porygon2|Foul Play|p1a: Lucario
|-resisted|p1a: Lucario
|-damage|p1a: Lucario|67/100
|
|upkeep
|turn|6
|
|t:|1652829285
|switch|p2a: Chandelure|Chandelure, F|100/100
|-damage|p2a: Chandelure|76/100|[from] Stealth Rock
|move|p1a: Lucario|Close Combat|p2a: Chandelure
|-immune|p2a: Chandelure
|
|upkeep
|turn|7
|
|t:|1652829289
|switch|p1a: Sharpedo|Sharpedo, F|100/100
|move|p2a: Chandelure|Flamethrower|p1a: Sharpedo
|-resisted|p1a: Sharpedo
|-damage|p1a: Sharpedo|43/100
|
|upkeep
|turn|8
|
|t:|1652829292
|move|p1a: Sharpedo|Protect|p1a: Sharpedo
|-singleturn|p1a: Sharpedo|Protect
|move|p2a: Chandelure|Flamethrower|p1a: Sharpedo
|-activate|p1a: Sharpedo|move: Protect
|
|-ability|p1a: Sharpedo|Speed Boost|boost
|-boost|p1a: Sharpedo|spe|1
|upkeep
|turn|9
|
|t:|1652829297
|switch|p2a: Pangoro|Pangoro, M|100/100
|-damage|p2a: Pangoro|94/100|[from] Stealth Rock
|move|p1a: Sharpedo|Liquidation|p2a: Pangoro
|-damage|p2a: Pangoro|18/100
|-unboost|p2a: Pangoro|def|1
|-damage|p1a: Sharpedo|33/100|[from] item: Life Orb
|
|-ability|p1a: Sharpedo|Speed Boost|boost
|-boost|p1a: Sharpedo|spe|1
|upkeep
|turn|10
|
|t:|1652829300
|move|p2a: Pangoro|Bullet Punch|p1a: Sharpedo
|-resisted|p1a: Sharpedo
|-damage|p1a: Sharpedo|5/100
|-damage|p2a: Pangoro|8/100|[from] item: Life Orb
|move|p1a: Sharpedo|Liquidation|p2a: Pangoro
|-damage|p2a: Pangoro|0 fnt
|faint|p2a: Pangoro
|-damage|p1a: Sharpedo|0 fnt|[from] item: Life Orb
|faint|p1a: Sharpedo
|
|upkeep
|
|t:|1652829316
|switch|p1a: Golisopod|Golisopod, M, shiny|100/100
|switch|p2a: Porygon2|Porygon2|46/100
|-damage|p2a: Porygon2|34/100|[from] Stealth Rock
|-ability|p2a: Porygon2|Emergency Exit|[from] ability: Trace|[of] p1a: Golisopod
|turn|11
|
|t:|1652829318
|move|p1a: Golisopod|First Impression|p2a: Porygon2
|-damage|p2a: Porygon2|6/100
|move|p2a: Porygon2|Recover|p2a: Porygon2
|-heal|p2a: Porygon2|56/100
|
|upkeep
|turn|12
|
|t:|1652829322
|move|p2a: Porygon2|Recover|p2a: Porygon2
|-heal|p2a: Porygon2|100/100
|move|p1a: Golisopod|Knock Off|p2a: Porygon2
|-damage|p2a: Porygon2|82/100
|-enditem|p2a: Porygon2|Eviolite|[from] move: Knock Off|[of] p1a: Golisopod
|
|upkeep
|turn|13
|
|t:|1652829326
|move|p2a: Porygon2|Toxic|p1a: Golisopod
|-status|p1a: Golisopod|tox
|move|p1a: Golisopod|Spikes|p2a: Porygon2
|-sidestart|p2: Dancanmanfan|Spikes
|
|-damage|p1a: Golisopod|95/100 tox|[from] psn
|upkeep
|turn|14
|
|t:|1652829331
|move|p2a: Porygon2|Foul Play|p1a: Golisopod
|-damage|p1a: Golisopod|68/100 tox
|move|p1a: Golisopod|Spikes|p2a: Porygon2
|-sidestart|p2: Dancanmanfan|Spikes
|
|-damage|p1a: Golisopod|56/100 tox|[from] psn
|upkeep
|turn|15
|
|t:|1652829339
|move|p2a: Porygon2|Recover|p2a: Porygon2
|-heal|p2a: Porygon2|100/100
|move|p1a: Golisopod|Knock Off|p2a: Porygon2
|-damage|p2a: Porygon2|82/100
|
|-damage|p1a: Golisopod|39/100 tox|[from] psn
|upkeep
|-activate|p1a: Golisopod|ability: Emergency Exit
|
|t:|1652829342
|switch|p1a: Lucario|Lucario, M|67/100
|turn|16
|
|t:|1652829359
|move|p1a: Lucario|Meteor Mash|p2a: Porygon2
|-damage|p2a: Porygon2|36/100
|-activate|p2a: Porygon2|ability: Emergency Exit
|-damage|p1a: Lucario|57/100|[from] item: Life Orb
|
|t:|1652829372
|switch|p2a: Chandelure|Chandelure, F|76/100
|-damage|p2a: Chandelure|51/100|[from] Stealth Rock
|-damage|p2a: Chandelure|34/100|[from] Spikes
|
|upkeep
|turn|17
|
|t:|1652829387
|switch|p1a: Metagross|Metagross|51/100
|move|p2a: Chandelure|Shadow Ball|p1a: Metagross
|-supereffective|p1a: Metagross
|-damage|p1a: Metagross|0 fnt
|faint|p1a: Metagross
|
|upkeep
|
|t:|1652829394
|switch|p1a: Flygon|Flygon, F|100/100
|turn|18
|
|t:|1652829396
|move|p1a: Flygon|Earthquake|p2a: Chandelure
|-supereffective|p2a: Chandelure
|-damage|p2a: Chandelure|0 fnt
|faint|p2a: Chandelure
|
|upkeep
|
|t:|1652829398
|switch|p2a: Porygon2|Porygon2|36/100
|-damage|p2a: Porygon2|19/100|[from] Spikes
|-damage|p2a: Porygon2|7/100|[from] Stealth Rock
|-ability|p2a: Porygon2|Levitate|[from] ability: Trace|[of] p1a: Flygon
|turn|19
|
|t:|1652829400
|move|p1a: Flygon|Earthquake|p2a: Porygon2
|-immune|p2a: Porygon2|[from] ability: Levitate
|move|p2a: Porygon2|Recover|p2a: Porygon2
|-heal|p2a: Porygon2|57/100
|
|upkeep
|turn|20
|
|t:|1652829405
|switch|p1a: Lucario|Lucario, M|57/100
|move|p2a: Porygon2|Recover|p2a: Porygon2
|-heal|p2a: Porygon2|100/100
|
|upkeep
|turn|21
|
|t:|1652829410
|move|p1a: Lucario|Close Combat|p2a: Porygon2
|-supereffective|p2a: Porygon2
|-damage|p2a: Porygon2|0 fnt
|-unboost|p1a: Lucario|def|1
|-unboost|p1a: Lucario|spd|1
|faint|p2a: Porygon2
|-damage|p1a: Lucario|47/100|[from] item: Life Orb
|
|upkeep
|
|t:|1652829414
|switch|p2a: Metagross|Metagross|100/100
|-damage|p2a: Metagross|94/100|[from] Stealth Rock
|-damage|p2a: Metagross|78/100|[from] Spikes
|turn|22
|
|t:|1652829419
|switch|p1a: Polteageist|Polteageist|100/100
|move|p2a: Metagross|Meteor Mash|p1a: Polteageist
|-damage|p1a: Polteageist|8/100
|-start|p2a: Metagross|Disable|Meteor Mash|[from] ability: Cursed Body|[of] p1a: Polteageist
|
|-heal|p2a: Metagross|84/100|[from] item: Leftovers
|upkeep
|turn|23
|
|t:|1652829423
|move|p2a: Metagross|Bullet Punch|p1a: Polteageist
|-damage|p1a: Polteageist|0 fnt
|faint|p1a: Polteageist
|
|-heal|p2a: Metagross|90/100|[from] item: Leftovers
|upkeep
|
|t:|1652829427
|switch|p1a: Flygon|Flygon, F|100/100
|turn|24
|
|t:|1652829431
|switch|p2a: Umbreon|Umbreon, M|100/100
|-damage|p2a: Umbreon|88/100|[from] Stealth Rock
|-damage|p2a: Umbreon|72/100|[from] Spikes
|move|p1a: Flygon|Earthquake|p2a: Umbreon
|-damage|p2a: Umbreon|37/100
|
|-heal|p2a: Umbreon|43/100|[from] item: Leftovers
|upkeep
|turn|25
|
|t:|1652829438
|switch|p1a: Lucario|Lucario, M|47/100
|move|p2a: Umbreon|Wish|p2a: Umbreon
|
|-heal|p2a: Umbreon|49/100|[from] item: Leftovers
|upkeep
|turn|26
|
|t:|1652829447
|move|p1a: Lucario|Swords Dance|p1a: Lucario
|-boost|p1a: Lucario|atk|2
|move|p2a: Umbreon|Foul Play|p1a: Lucario
|-resisted|p1a: Lucario
|-damage|p1a: Lucario|0 fnt
|faint|p1a: Lucario
|
|-heal|p2a: Umbreon|99/100|[from] move: Wish|[wisher] Umbreon
|-heal|p2a: Umbreon|100/100|[from] item: Leftovers
|upkeep
|
|t:|1652829453
|switch|p1a: Golisopod|Golisopod, M, shiny|39/100 tox
|turn|27
|
|t:|1652829456
|move|p2a: Umbreon|Protect|p2a: Umbreon
|-singleturn|p2a: Umbreon|Protect
|move|p1a: Golisopod|First Impression|p2a: Umbreon
|-activate|p2a: Umbreon|move: Protect
|
|-damage|p1a: Golisopod|33/100 tox|[from] psn
|upkeep
|turn|28
|
|t:|1652829465
|switch|p2a: Celebi|Celebi|65/100
|-damage|p2a: Celebi|53/100|[from] Stealth Rock
|-damage|p2a: Celebi|36/100|[from] Spikes
|move|p1a: Golisopod|Knock Off|p2a: Celebi
|-supereffective|p2a: Celebi
|-damage|p2a: Celebi|0 fnt
|-enditem|p2a: Celebi|Leftovers|[from] move: Knock Off|[of] p1a: Golisopod
|faint|p2a: Celebi
|
|-damage|p1a: Golisopod|21/100 tox|[from] psn
|upkeep
|
|t:|1652829472
|switch|p2a: Umbreon|Umbreon, M|100/100
|-damage|p2a: Umbreon|88/100|[from] Stealth Rock
|-damage|p2a: Umbreon|72/100|[from] Spikes
|turn|29
|
|t:|1652829478
|move|p2a: Umbreon|Protect|p2a: Umbreon
|-singleturn|p2a: Umbreon|Protect
|move|p1a: Golisopod|Liquidation|p2a: Umbreon
|-activate|p2a: Umbreon|move: Protect
|
|-heal|p2a: Umbreon|78/100|[from] item: Leftovers
|-damage|p1a: Golisopod|3/100 tox|[from] psn
|upkeep
|turn|30
|
|t:|1652829481
|move|p2a: Umbreon|Wish|p2a: Umbreon
|move|p1a: Golisopod|Liquidation|p2a: Umbreon
|-damage|p2a: Umbreon|39/100
|-unboost|p2a: Umbreon|def|1
|
|-heal|p2a: Umbreon|45/100|[from] item: Leftovers
|-damage|p1a: Golisopod|0 fnt|[from] psn
|faint|p1a: Golisopod
|upkeep
|
|t:|1652829483
|switch|p1a: Flygon|Flygon, F|100/100
|turn|31
|
|t:|1652829488
|move|p2a: Umbreon|Protect|p2a: Umbreon
|-singleturn|p2a: Umbreon|Protect
|move|p1a: Flygon|Earthquake|p2a: Umbreon
|-activate|p2a: Umbreon|move: Protect
|
|-heal|p2a: Umbreon|95/100|[from] move: Wish|[wisher] Umbreon
|-heal|p2a: Umbreon|100/100|[from] item: Leftovers
|upkeep
|turn|32
|
|t:|1652829495
|move|p1a: Flygon|Earthquake|p2a: Umbreon
|-damage|p2a: Umbreon|45/100
|move|p2a: Umbreon|Wish|p2a: Umbreon
|
|-heal|p2a: Umbreon|51/100|[from] item: Leftovers
|upkeep
|turn|33
|
|t:|1652829503
|move|p2a: Umbreon|Protect|p2a: Umbreon
|-singleturn|p2a: Umbreon|Protect
|move|p1a: Flygon|Earthquake|p2a: Umbreon
|-activate|p2a: Umbreon|move: Protect
|
|-heal|p2a: Umbreon|100/100|[from] move: Wish|[wisher] Umbreon
|upkeep
|turn|34
|
|t:|1652829506
|switch|p2a: Metagross|Metagross|90/100
|-damage|p2a: Metagross|84/100|[from] Stealth Rock
|-damage|p2a: Metagross|67/100|[from] Spikes
|move|p1a: Flygon|Earthquake|p2a: Metagross
|-supereffective|p2a: Metagross
|-damage|p2a: Metagross|0 fnt
|faint|p2a: Metagross
|
|upkeep
|
|t:|1652829508
|switch|p2a: Umbreon|Umbreon, M|100/100
|-damage|p2a: Umbreon|88/100|[from] Stealth Rock
|-damage|p2a: Umbreon|72/100|[from] Spikes
|turn|35
|
|t:|1652829510
|move|p2a: Umbreon|Protect|p2a: Umbreon
|-singleturn|p2a: Umbreon|Protect
|move|p1a: Flygon|Earthquake|p2a: Umbreon
|-activate|p2a: Umbreon|move: Protect
|
|-heal|p2a: Umbreon|78/100|[from] item: Leftovers
|upkeep
|turn|36
|
|t:|1652829512
|move|p1a: Flygon|Earthquake|p2a: Umbreon
|-damage|p2a: Umbreon|44/100
|move|p2a: Umbreon|Wish|p2a: Umbreon
|
|-heal|p2a: Umbreon|50/100|[from] item: Leftovers
|upkeep
|turn|37
|-message|Invertigo 71 forfeited.
|
|win|Dancanmanfan
|raw|Invertigo 71's rating: 1322 &rarr; <strong>1308</strong><br />(-14 for losing)
|raw|Dancanmanfan's rating: 1434 &rarr; <strong>1448</strong><br />(+14 for winning)
|l|☆Invertigo 71
|c|☆Dancanmanfan|gg
|l|☆Dancanmanfan
||Ladder isn't responding, score probably updated but might not have (Request timeout).
