|j|☆dragon124
|j|☆nihilego my ego
|t:|1596767325
|player|p1|dragon124|1|1074
|player|p2|nihilego my ego|plasmagruntf-gen5bw|1173
|teamsize|p1|6
|teamsize|p2|6
|gametype|singles
|gen|8
|tier|[Gen 8] RU
|rated|
|clearpoke
|poke|p1|Inteleon, F|
|poke|p1|Toxicroak, F|
|poke|p1|Sableye, M|
|poke|p1|Rotom-Mow|
|poke|p1|Copperajah, M|
|poke|p1|Goodra, F|
|poke|p2|Bronzong|
|poke|p2|Charizard, M|
|poke|p2|Dragalge, F|
|poke|p2|Passimian, M|
|poke|p2|Silvally-*|
|poke|p2|Umbreon, F|
|rule|Sleep Clause Mod: Limit one foe put to sleep
|rule|Species Clause: Limit one of each Pokémon
|rule|OHKO Clause: OHKO moves are banned
|rule|Evasion Moves Clause: Evasion moves are banned
|rule|Endless Battle Clause: Forcing endless battles is banned
|rule|HP Percentage Mod: HP is shown in percentages
|rule|Dynamax Clause: You cannot dynamax
|teampreview
|inactive|Battle timer is ON: inactive players will automatically lose when time's up. (requested by nihilego my ego)
|
|t:|1596767354
|start
|switch|p1a: Goodra|Goodra, F|100/100
|switch|p2a: Dragalge|Dragalge, F|100/100
|turn|1
|
|t:|1596767366
|switch|p2a: Umbreon|Umbreon, F, shiny|100/100
|move|p1a: Goodra|Draco Meteor|p2a: Umbreon
|-damage|p2a: Umbreon|55/100
|-unboost|p1a: Goodra|spa|2
|
|-heal|p2a: Umbreon|61/100|[from] item: Leftovers
|upkeep
|turn|2
|
|t:|1596767386
|switch|p1a: Copperajah|Copperajah, M|100/100
|move|p2a: Umbreon|Wish|p2a: Umbreon
|
|-heal|p2a: Umbreon|67/100|[from] item: Leftovers
|upkeep
|turn|3
|
|t:|1596767395
|move|p2a: Umbreon|Protect|p2a: Umbreon
|-singleturn|p2a: Umbreon|Protect
|move|p1a: Copperajah|Heat Crash|p2a: Umbreon
|-activate|p2a: Umbreon|move: Protect
|
|-heal|p2a: Umbreon|100/100|[from] move: Wish|[wisher] Umbreon
|upkeep
|turn|4
|
|t:|1596767406
|switch|p2a: Charizard|Charizard, M, shiny|100/100
|move|p1a: Copperajah|Heavy Slam|p2a: Charizard
|-resisted|p2a: Charizard
|-damage|p2a: Charizard|49/100
|
|upkeep
|turn|5
|
|t:|1596767415
|switch|p1a: Goodra|Goodra, F|100/100
|move|p2a: Charizard|Fire Blast|p1a: Goodra
|-resisted|p1a: Goodra
|-damage|p1a: Goodra|83/100
|
|upkeep
|turn|6
|
|t:|1596767438
|move|p2a: Charizard|Roost|p2a: Charizard
|-heal|p2a: Charizard|99/100
|-singleturn|p2a: Charizard|move: Roost
|move|p1a: Goodra|Hydro Pump|p2a: Charizard|[miss]
|-miss|p1a: Goodra|p2a: Charizard
|
|upkeep
|turn|7
|
|t:|1596767451
|switch|p1a: Inteleon|Inteleon, F|100/100
|move|p2a: Charizard|Toxic|p1a: Inteleon
|-status|p1a: Inteleon|tox
|
|-damage|p1a: Inteleon|94/100 tox|[from] psn
|upkeep
|turn|8
|
|t:|1596767460
|switch|p2a: Umbreon|Umbreon, F, shiny|100/100
|move|p1a: Inteleon|U-turn|p2a: Umbreon
|-supereffective|p2a: Umbreon
|-damage|p2a: Umbreon|80/100
|
|t:|1596767466
|switch|p1a: Toxicroak|Toxicroak, F|100/100|[from]move: U-turn
|
|-heal|p2a: Umbreon|86/100|[from] item: Leftovers
|upkeep
|turn|9
|
|t:|1596767483
|move|p1a: Toxicroak|Nasty Plot|p1a: Toxicroak
|-boost|p1a: Toxicroak|spa|2
|move|p2a: Umbreon|Wish|p2a: Umbreon
|
|-heal|p2a: Umbreon|92/100|[from] item: Leftovers
|upkeep
|turn|10
|
|t:|1596767502
|switch|p2a: Charizard|Charizard, M, shiny|99/100
|move|p1a: Toxicroak|Focus Blast|p2a: Charizard
|-resisted|p2a: Charizard
|-damage|p2a: Charizard|13/100
|-damage|p1a: Toxicroak|91/100|[from] item: Life Orb
|
|-heal|p2a: Charizard|79/100|[from] move: Wish|[wisher] Umbreon
|upkeep
|turn|11
|
|t:|1596767514
|switch|p2a: Dragalge|Dragalge, F|100/100
|switch|p1a: Goodra|Goodra, F|83/100
|
|upkeep
|turn|12
|
|t:|1596767522
|switch|p1a: Copperajah|Copperajah, M|100/100
|move|p2a: Dragalge|Flip Turn|p1a: Copperajah
|-damage|p1a: Copperajah|88/100
|
|t:|1596767530
|switch|p2a: Passimian|Passimian, M, shiny|100/100|[from]move: Flip Turn
|
|upkeep
|turn|13
|
|t:|1596767542
|switch|p1a: Sableye|Sableye, M|100/100
|move|p2a: Passimian|U-turn|p1a: Sableye
|-damage|p1a: Sableye|77/100
|
|t:|1596767550
|switch|p2a: Dragalge|Dragalge, F|100/100|[from]move: U-turn
|
|-heal|p1a: Sableye|83/100|[from] item: Leftovers
|upkeep
|turn|14
|
|t:|1596767561
|move|p2a: Dragalge|Draco Meteor|p1a: Sableye
|-damage|p1a: Sableye|0 fnt
|-unboost|p2a: Dragalge|spa|2
|faint|p1a: Sableye
|
|upkeep
|
|t:|1596767567
|switch|p1a: Copperajah|Copperajah, M|88/100
|turn|15
|
|t:|1596767575
|switch|p2a: Bronzong|Bronzong, shiny|100/100
|move|p1a: Copperajah|Heavy Slam|p2a: Bronzong
|-resisted|p2a: Bronzong
|-damage|p2a: Bronzong|79/100
|
|upkeep
|turn|16
|
|t:|1596767582
|move|p2a: Bronzong|Protect|p2a: Bronzong
|-singleturn|p2a: Bronzong|Protect
|move|p1a: Copperajah|Heat Crash|p2a: Bronzong
|-activate|p2a: Bronzong|move: Protect
|
|upkeep
|turn|17
|
|t:|1596767592
|move|p1a: Copperajah|Heat Crash|p2a: Bronzong
|-supereffective|p2a: Bronzong
|-damage|p2a: Bronzong|16/100
|move|p2a: Bronzong|Stealth Rock|p1a: Copperajah
|-sidestart|p1: dragon124|move: Stealth Rock
|
|upkeep
|turn|18
|
|t:|1596767604
|switch|p2a: Charizard|Charizard, M, shiny|79/100
|move|p1a: Copperajah|Heavy Slam|p2a: Charizard
|-resisted|p2a: Charizard
|-damage|p2a: Charizard|33/100
|
|upkeep
|turn|19
|
|t:|1596767611
|move|p2a: Charizard|Roost|p2a: Charizard
|-heal|p2a: Charizard|83/100
|-singleturn|p2a: Charizard|move: Roost
|move|p1a: Copperajah|Earthquake|p2a: Charizard
|-supereffective|p2a: Charizard
|-damage|p2a: Charizard|0 fnt
|faint|p2a: Charizard
|
|upkeep
|
|t:|1596767625
|switch|p2a: Passimian|Passimian, M, shiny|100/100
|turn|20
|
|t:|1596767641
|move|p2a: Passimian|Close Combat|p1a: Copperajah
|-supereffective|p1a: Copperajah
|-damage|p1a: Copperajah|0 fnt
|-unboost|p2a: Passimian|def|1
|-unboost|p2a: Passimian|spd|1
|faint|p1a: Copperajah
|
|upkeep
|
|t:|1596767656
|switch|p1a: Inteleon|Inteleon, F|94/100 tox
|-damage|p1a: Inteleon|82/100 tox|[from] Stealth Rock
|turn|21
|
|t:|1596767664
|switch|p2a: Bronzong|Bronzong, shiny|16/100
|move|p1a: Inteleon|U-turn|p2a: Bronzong
|-damage|p2a: Bronzong|8/100
|
|t:|1596767670
|switch|p1a: Rotom|Rotom-Mow|100/100|[from]move: U-turn
|-damage|p1a: Rotom|88/100|[from] Stealth Rock
|
|-heal|p1a: Rotom|94/100|[from] item: Leftovers
|upkeep
|turn|22
|
|t:|1596767678
|move|p1a: Rotom|Volt Switch|p2a: Bronzong
|-damage|p2a: Bronzong|0 fnt
|faint|p2a: Bronzong
|
|t:|1596767683
|switch|p1a: Toxicroak|Toxicroak, F|91/100|[from]move: Volt Switch
|-damage|p1a: Toxicroak|85/100|[from] Stealth Rock
|
|upkeep
|
|t:|1596767692
|switch|p2a: Dragalge|Dragalge, F|100/100
|turn|23
|
|t:|1596767714
|switch|p1a: Rotom|Rotom-Mow|94/100
|-damage|p1a: Rotom|82/100|[from] Stealth Rock
|move|p2a: Dragalge|Draco Meteor|p1a: Rotom
|-damage|p1a: Rotom|0 fnt
|-unboost|p2a: Dragalge|spa|2
|faint|p1a: Rotom
|
|upkeep
|
|t:|1596767721
|switch|p1a: Toxicroak|Toxicroak, F|85/100
|-damage|p1a: Toxicroak|78/100|[from] Stealth Rock
|turn|24
|-message|dragon124 forfeited.
|
|win|nihilego my ego
|l|☆dragon124
|raw|dragon124's rating: 1075 &rarr; <strong>1059</strong><br />(-16 for losing)
|raw|nihilego my ego's rating: 1173 &rarr; <strong>1191</strong><br />(+18 for winning)
