|j|☆Glidinganteater
|j|☆Toastloaf
|t:|1619206118
|gametype|singles
|player|p1|Glidinganteater|palmer|1136
|player|p2|Toastloaf|pokemonbreeder|1244
|teamsize|p1|6
|teamsize|p2|6
|gen|8
|tier|[Gen 8] RU
|rated|
|clearpoke
|poke|p1|Noivern, M|
|poke|p1|Steelix, M|
|poke|p1|Incineroar, M|
|poke|p1|Dhelmise|
|poke|p1|Gardevoir, F|
|poke|p1|Heracross, M|
|poke|p2|Mimikyu, F|
|poke|p2|Golisopod, M|
|poke|p2|Incineroar, F|
|poke|p2|Toxtricity, M|
|poke|p2|Necrozma|
|poke|p2|Froslass, F|
|rule|Sleep Clause Mod: Limit one foe put to sleep
|rule|Species Clause: Limit one of each Pokémon
|rule|OHKO Clause: OHKO moves are banned
|rule|Evasion Moves Clause: Evasion moves are banned
|rule|Endless Battle Clause: Forcing endless battles is banned
|rule|HP Percentage Mod: HP is shown in percentages
|rule|Dynamax Clause: You cannot dynamax
|teampreview
|inactive|Battle timer is ON: inactive players will automatically lose when time's up. (requested by Toastloaf)
|
|t:|1619206146
|start
|switch|p1a: Incineroar|Incineroar, M|100/100
|switch|p2a: Froslass|Froslass, F|100/100
|-ability|p1a: Incineroar|Intimidate|boost
|-unboost|p2a: Froslass|atk|1
|turn|1
|
|t:|1619206165
|move|p2a: Froslass|Spikes|p1a: Incineroar
|-sidestart|p1: Glidinganteater|Spikes
|move|p1a: Incineroar|Knock Off|p2a: Froslass
|-supereffective|p2a: Froslass
|-enditem|p2a: Froslass|Focus Sash
|-damage|p2a: Froslass|1/100
|
|upkeep
|turn|2
|
|t:|1619206187
|move|p2a: Froslass|Spikes|p1a: Incineroar
|-sidestart|p1: Glidinganteater|Spikes
|move|p1a: Incineroar|Parting Shot|p2a: Froslass
|-unboost|p2a: Froslass|atk|1
|-unboost|p2a: Froslass|spa|1
|
|t:|1619206194
|switch|p1a: Noivern|Noivern, M|100/100|[from]move: Parting Shot
|
|upkeep
|turn|3
|
|t:|1619206200
|move|p1a: Noivern|Flamethrower|p2a: Froslass
|-supereffective|p2a: Froslass
|-damage|p2a: Froslass|0 fnt
|faint|p2a: Froslass
|
|upkeep
|inactive|Toastloaf has 120 seconds left.
|
|t:|1619206220
|switch|p2a: Mimikyu|Mimikyu, F|100/100
|turn|4
|
|t:|1619206223
|move|p1a: Noivern|U-turn|p2a: Mimikyu
|-activate|p2a: Mimikyu|ability: Disguise
|-damage|p2a: Mimikyu|100/100
|detailschange|p2a: Mimikyu|Mimikyu-Busted, F
|-damage|p2a: Mimikyu|88/100|[from] pokemon: Mimikyu-Busted
|
|t:|1619206230
|switch|p1a: Steelix|Steelix, M|100/100|[from]move: U-turn
|-damage|p1a: Steelix|84/100|[from] Spikes
|move|p2a: Mimikyu|Play Rough|p1a: Steelix
|-resisted|p1a: Steelix
|-damage|p1a: Steelix|72/100
|-damage|p2a: Mimikyu|78/100|[from] item: Life Orb
|
|-heal|p1a: Steelix|78/100|[from] item: Leftovers
|upkeep
|turn|5
|inactive|Toastloaf has 120 seconds left.
|
|t:|1619206255
|switch|p2a: Necrozma|Necrozma|100/100
|move|p1a: Steelix|Stealth Rock|p2a: Necrozma
|-sidestart|p2: Toastloaf|move: Stealth Rock
|
|-heal|p1a: Steelix|84/100|[from] item: Leftovers
|upkeep
|turn|6
|
|t:|1619206265
|move|p2a: Necrozma|Dragon Dance|p2a: Necrozma
|-boost|p2a: Necrozma|atk|1
|-boost|p2a: Necrozma|spe|1
|move|p1a: Steelix|Toxic|p2a: Necrozma
|-status|p2a: Necrozma|tox
|
|-heal|p1a: Steelix|90/100|[from] item: Leftovers
|-damage|p2a: Necrozma|95/100 tox|[from] psn
|upkeep
|turn|7
|
|t:|1619206274
|move|p2a: Necrozma|Earthquake|p1a: Steelix
|-supereffective|p1a: Steelix
|-damage|p1a: Steelix|46/100
|move|p1a: Steelix|Earthquake|p2a: Necrozma
|-damage|p2a: Necrozma|64/100 tox
|
|-heal|p1a: Steelix|52/100|[from] item: Leftovers
|-damage|p2a: Necrozma|52/100 tox|[from] psn
|upkeep
|turn|8
|
|t:|1619206283
|switch|p1a: Dhelmise|Dhelmise|100/100
|move|p2a: Necrozma|Earthquake|p1a: Dhelmise
|-resisted|p1a: Dhelmise
|-damage|p1a: Dhelmise|78/100
|
|-damage|p2a: Necrozma|34/100 tox|[from] psn
|upkeep
|turn|9
|
|t:|1619206290
|move|p2a: Necrozma|X-Scissor|p1a: Dhelmise
|-damage|p1a: Dhelmise|39/100
|move|p1a: Dhelmise|Rapid Spin|p2a: Necrozma
|-damage|p2a: Necrozma|15/100 tox
|-boost|p1a: Dhelmise|spe|1
|-sideend|p1: Glidinganteater|Spikes|[from] move: Rapid Spin|[of] p1a: Dhelmise
|
|-damage|p2a: Necrozma|0 fnt|[from] psn
|faint|p2a: Necrozma
|upkeep
|
|t:|1619206301
|switch|p2a: Golisopod|Golisopod, M|100/100
|turn|10
|
|t:|1619206309
|switch|p1a: Noivern|Noivern, M|100/100
|move|p2a: Golisopod|First Impression|p1a: Noivern
|-resisted|p1a: Noivern
|-damage|p1a: Noivern|69/100
|
|upkeep
|turn|11
|
|t:|1619206321
|switch|p2a: Incineroar|Incineroar, F|100/100
|-ability|p2a: Incineroar|Intimidate|boost
|-unboost|p1a: Noivern|atk|1
|move|p1a: Noivern|Draco Meteor|p2a: Incineroar
|-damage|p2a: Incineroar|64/100
|-unboost|p1a: Noivern|spa|2
|
|upkeep
|turn|12
|
|t:|1619206330
|move|p1a: Noivern|U-turn|p2a: Incineroar
|-damage|p2a: Incineroar|57/100
|
|t:|1619206334
|switch|p1a: Incineroar|Incineroar, M|100/100|[from]move: U-turn
|-ability|p1a: Incineroar|Intimidate|boost
|-unboost|p2a: Incineroar|atk|1
|move|p2a: Incineroar|Knock Off|p1a: Incineroar
|-resisted|p1a: Incineroar
|-damage|p1a: Incineroar|90/100
|-enditem|p1a: Incineroar|Heavy-Duty Boots|[from] move: Knock Off|[of] p2a: Incineroar
|
|upkeep
|turn|13
|
|t:|1619206343
|move|p1a: Incineroar|Knock Off|p2a: Incineroar
|-resisted|p2a: Incineroar
|-damage|p2a: Incineroar|39/100
|-enditem|p2a: Incineroar|Heavy-Duty Boots|[from] move: Knock Off|[of] p1a: Incineroar
|move|p2a: Incineroar|Toxic|p1a: Incineroar
|-status|p1a: Incineroar|tox
|
|-damage|p1a: Incineroar|83/100 tox|[from] psn
|upkeep
|turn|14
|
|t:|1619206351
|move|p1a: Incineroar|Parting Shot|p2a: Incineroar
|-unboost|p2a: Incineroar|atk|1
|-unboost|p2a: Incineroar|spa|1
|
|t:|1619206356
|switch|p1a: Noivern|Noivern, M|69/100|[from]move: Parting Shot
|move|p2a: Incineroar|Parting Shot|p1a: Noivern
|-unboost|p1a: Noivern|atk|1
|-unboost|p1a: Noivern|spa|1
|
|t:|1619206362
|switch|p2a: Toxtricity|Toxtricity, M|100/100|[from]move: Parting Shot
|-damage|p2a: Toxtricity|88/100|[from] Stealth Rock
|
|upkeep
|turn|15
|
|t:|1619206388
|move|p1a: Noivern|U-turn|p2a: Toxtricity
|-resisted|p2a: Toxtricity
|-damage|p2a: Toxtricity|82/100
|
|t:|1619206391
|switch|p1a: Steelix|Steelix, M|52/100|[from]move: U-turn
|move|p2a: Toxtricity|Volt Switch|p1a: Steelix
|-immune|p1a: Steelix
|
|-heal|p1a: Steelix|59/100|[from] item: Leftovers
|upkeep
|turn|16
|
|t:|1619206403
|switch|p2a: Golisopod|Golisopod, M|100/100
|move|p1a: Steelix|Earthquake|p2a: Golisopod
|-resisted|p2a: Golisopod
|-damage|p2a: Golisopod|90/100
|
|-heal|p1a: Steelix|65/100|[from] item: Leftovers
|upkeep
|turn|17
|
|t:|1619206411
|switch|p1a: Noivern|Noivern, M|69/100
|move|p2a: Golisopod|Aqua Jet|p1a: Noivern
|-resisted|p1a: Noivern
|-damage|p1a: Noivern|54/100
|
|upkeep
|turn|18
|
|t:|1619206424
|move|p1a: Noivern|Roost|p1a: Noivern
|-heal|p1a: Noivern|100/100
|-singleturn|p1a: Noivern|move: Roost
|move|p2a: Golisopod|Knock Off|p1a: Noivern
|-damage|p1a: Noivern|54/100
|-enditem|p1a: Noivern|Heavy-Duty Boots|[from] move: Knock Off|[of] p2a: Golisopod
|
|upkeep
|turn|19
|
|t:|1619206434
|move|p1a: Noivern|Roost|p1a: Noivern
|-heal|p1a: Noivern|100/100
|-singleturn|p1a: Noivern|move: Roost
|move|p2a: Golisopod|Knock Off|p1a: Noivern
|-damage|p1a: Noivern|69/100
|
|upkeep
|turn|20
|
|t:|1619206444
|switch|p2a: Toxtricity|Toxtricity, M|82/100
|-damage|p2a: Toxtricity|70/100|[from] Stealth Rock
|move|p1a: Noivern|Draco Meteor|p2a: Toxtricity
|-damage|p2a: Toxtricity|0 fnt
|-unboost|p1a: Noivern|spa|2
|faint|p2a: Toxtricity
|
|upkeep
|
|t:|1619206452
|switch|p2a: Mimikyu|Mimikyu-Busted, F|78/100
|-damage|p2a: Mimikyu|66/100|[from] Stealth Rock
|turn|21
|
|t:|1619206457
|move|p1a: Noivern|U-turn|p2a: Mimikyu
|-resisted|p2a: Mimikyu
|-damage|p2a: Mimikyu|61/100
|
|t:|1619206460
|switch|p1a: Steelix|Steelix, M|65/100|[from]move: U-turn
|move|p2a: Mimikyu|Play Rough|p1a: Steelix
|-resisted|p1a: Steelix
|-damage|p1a: Steelix|53/100
|-damage|p2a: Mimikyu|51/100|[from] item: Life Orb
|
|-heal|p1a: Steelix|59/100|[from] item: Leftovers
|upkeep
|turn|22
|
|t:|1619206479
|move|p2a: Mimikyu|Shadow Claw|p1a: Steelix
|-damage|p1a: Steelix|39/100
|-damage|p2a: Mimikyu|41/100|[from] item: Life Orb
|move|p1a: Steelix|Toxic|p2a: Mimikyu|[miss]
|-miss|p1a: Steelix|p2a: Mimikyu
|
|-heal|p1a: Steelix|45/100|[from] item: Leftovers
|upkeep
|turn|23
|
|t:|1619206487
|move|p2a: Mimikyu|Swords Dance|p2a: Mimikyu
|-boost|p2a: Mimikyu|atk|2
|move|p1a: Steelix|Heavy Slam|p2a: Mimikyu
|-supereffective|p2a: Mimikyu
|-damage|p2a: Mimikyu|0 fnt
|faint|p2a: Mimikyu
|
|-heal|p1a: Steelix|51/100|[from] item: Leftovers
|upkeep
|
|t:|1619206495
|switch|p2a: Golisopod|Golisopod, M|90/100
|turn|24
|
|t:|1619206499
|switch|p1a: Noivern|Noivern, M|69/100
|move|p2a: Golisopod|First Impression|p1a: Noivern
|-resisted|p1a: Noivern
|-damage|p1a: Noivern|36/100
|
|upkeep
|turn|25
|
|t:|1619206505
|move|p1a: Noivern|Draco Meteor|p2a: Golisopod
|-damage|p2a: Golisopod|31/100
|-unboost|p1a: Noivern|spa|2
|-activate|p2a: Golisopod|ability: Emergency Exit
|
|t:|1619206510
|switch|p2a: Incineroar|Incineroar, F|39/100
|-damage|p2a: Incineroar|14/100|[from] Stealth Rock
|-ability|p2a: Incineroar|Intimidate|boost
|-unboost|p1a: Noivern|atk|1
|
|upkeep
|turn|26
|
|t:|1619206518
|move|p1a: Noivern|Draco Meteor|p2a: Incineroar
|-damage|p2a: Incineroar|0 fnt
|-unboost|p1a: Noivern|spa|2
|faint|p2a: Incineroar
|
|upkeep
|
|t:|1619206523
|switch|p2a: Golisopod|Golisopod, M|31/100
|turn|27
|
|t:|1619206527
|move|p2a: Golisopod|First Impression|p1a: Noivern
|-resisted|p1a: Noivern
|-damage|p1a: Noivern|5/100
|move|p1a: Noivern|Roost|p1a: Noivern
|-heal|p1a: Noivern|55/100
|-singleturn|p1a: Noivern|move: Roost
|
|upkeep
|turn|28
|
|t:|1619206535
|move|p1a: Noivern|Draco Meteor|p2a: Golisopod
|-damage|p2a: Golisopod|12/100
|-unboost|p1a: Noivern|spa|2
|move|p2a: Golisopod|Leech Life|p1a: Noivern
|-resisted|p1a: Noivern
|-damage|p1a: Noivern|28/100
|-heal|p2a: Golisopod|24/100|[from] drain|[of] p1a: Noivern
|
|upkeep
|turn|29
|
|t:|1619206543
|move|p1a: Noivern|U-turn|p2a: Golisopod
|-damage|p2a: Golisopod|18/100
|
|t:|1619206550
|switch|p1a: Heracross|Heracross, M|100/100|[from]move: U-turn
|move|p2a: Golisopod|Leech Life|p1a: Heracross
|-resisted|p1a: Heracross
|-damage|p1a: Heracross|68/100
|-heal|p2a: Golisopod|33/100|[from] drain|[of] p1a: Heracross
|
|-status|p1a: Heracross|brn|[from] item: Flame Orb
|upkeep
|turn|30
|
|t:|1619206560
|move|p2a: Golisopod|Aqua Jet|p1a: Heracross
|-damage|p1a: Heracross|37/100 brn
|move|p1a: Heracross|Facade|p2a: Golisopod
|-damage|p2a: Golisopod|0 fnt
|faint|p2a: Golisopod
|
|win|Glidinganteater
|raw|Glidinganteater's rating: 1137 &rarr; <strong>1169</strong><br />(+32 for winning)
|raw|Toastloaf's rating: 1244 &rarr; <strong>1212</strong><br />(-32 for losing)
|c|☆Toastloaf|gg
|l|☆Toastloaf
