|j|☆WoOlf972
|j|☆FE6 Fir
|player|p1|WoOlf972|170|1304
|player|p2|FE6 Fir|swimmerf|1541
|teamsize|p1|6
|teamsize|p2|6
|gametype|singles
|gen|8
|tier|[Gen 8] RU
|rated|
|clearpoke
|poke|p1|Gigalith, F|
|poke|p1|Pangoro, F|
|poke|p1|Sigilyph, M|
|poke|p1|Silvally-*|
|poke|p1|Vaporeon, M|
|poke|p1|Goodra, M|
|poke|p2|Silvally-*|
|poke|p2|Sigilyph, M|
|poke|p2|Passimian, M|
|poke|p2|Vaporeon, F|
|poke|p2|Vileplume, M|
|poke|p2|Gigalith, F|
|rule|Sleep Clause Mod: Limit one foe put to sleep
|rule|Species Clause: Limit one of each Pokémon
|rule|OHKO Clause: OHKO moves are banned
|rule|Evasion Moves Clause: Evasion moves are banned
|rule|Endless Battle Clause: Forcing endless battles is banned
|rule|HP Percentage Mod: HP is shown in percentages
|rule|Dynamax Clause: You cannot dynamax
|teampreview
|
|start
|switch|p1a: Gigalith|Gigalith, F|100/100
|switch|p2a: Gigalith|Gigalith, F|100/100
|-weather|Sandstorm|[from] ability: Sand Stream|[of] p2a: Gigalith
|turn|1
|inactive|Battle timer is ON: inactive players will automatically lose when time's up. (requested by FE6 Fir)
|
|move|p2a: Gigalith|Stealth Rock|p1a: Gigalith
|-sidestart|p1: WoOlf972|move: Stealth Rock
|move|p1a: Gigalith|Stealth Rock|p2a: Gigalith
|-sidestart|p2: FE6 Fir|move: Stealth Rock
|
|-weather|Sandstorm|[upkeep]
|upkeep
|turn|2
|
|switch|p2a: Vaporeon|Vaporeon, F|100/100
|-damage|p2a: Vaporeon|88/100|[from] Stealth Rock
|switch|p1a: Vaporeon|Vaporeon, M|100/100
|-damage|p1a: Vaporeon|88/100|[from] Stealth Rock
|
|-weather|Sandstorm|[upkeep]
|-damage|p2a: Vaporeon|82/100|[from] Sandstorm
|-damage|p1a: Vaporeon|82/100|[from] Sandstorm
|-heal|p2a: Vaporeon|88/100|[from] item: Leftovers
|-heal|p1a: Vaporeon|88/100|[from] item: Leftovers
|upkeep
|turn|3
|c|☆WoOlf972|hi mirror
|
|move|p2a: Vaporeon|Wish|p2a: Vaporeon
|move|p1a: Vaporeon|Wish|p1a: Vaporeon
|
|-weather|Sandstorm|[upkeep]
|-damage|p2a: Vaporeon|82/100|[from] Sandstorm
|-damage|p1a: Vaporeon|82/100|[from] Sandstorm
|-heal|p2a: Vaporeon|88/100|[from] item: Leftovers
|-heal|p1a: Vaporeon|88/100|[from] item: Leftovers
|upkeep
|turn|4
|c|☆FE6 Fir|hi
|
|switch|p1a: Sigilyph|Sigilyph, M|100/100
|move|p2a: Vaporeon|Scald|p1a: Sigilyph
|-damage|p1a: Sigilyph|60/100
|
|-weather|Sandstorm|[upkeep]
|-damage|p2a: Vaporeon|82/100|[from] Sandstorm
|-heal|p1a: Sigilyph|100/100|[from] move: Wish|[wisher] Vaporeon
|-heal|p2a: Vaporeon|100/100|[from] move: Wish|[wisher] Vaporeon
|upkeep
|turn|5
|
|switch|p2a: Gigalith|Gigalith, F|100/100
|-damage|p2a: Gigalith|88/100|[from] Stealth Rock
|move|p1a: Sigilyph|Air Slash|p2a: Gigalith
|-resisted|p2a: Gigalith
|-damage|p2a: Gigalith|77/100
|
|-weather|none
|-heal|p2a: Gigalith|83/100|[from] item: Leftovers
|upkeep
|turn|6
|
|switch|p1a: Silvally|Silvally-Steel|100/100
|-damage|p1a: Silvally|94/100|[from] Stealth Rock
|move|p2a: Gigalith|Rock Blast|p1a: Silvally
|-resisted|p1a: Silvally
|-damage|p1a: Silvally|88/100
|-resisted|p1a: Silvally
|-damage|p1a: Silvally|82/100
|-resisted|p1a: Silvally
|-damage|p1a: Silvally|76/100
|-resisted|p1a: Silvally
|-damage|p1a: Silvally|70/100
|-resisted|p1a: Silvally
|-damage|p1a: Silvally|63/100
|-hitcount|p1a: Silvally|5
|
|-heal|p2a: Gigalith|89/100|[from] item: Leftovers
|upkeep
|turn|7
|
|switch|p2a: Vaporeon|Vaporeon, F|100/100
|-damage|p2a: Vaporeon|88/100|[from] Stealth Rock
|move|p1a: Silvally|Multi-Attack|p2a: Vaporeon
|-resisted|p2a: Vaporeon
|-damage|p2a: Vaporeon|70/100
|
|-heal|p2a: Vaporeon|76/100|[from] item: Leftovers
|upkeep
|turn|8
|
|move|p1a: Silvally|U-turn|p2a: Vaporeon
|-damage|p2a: Vaporeon|62/100
|
|switch|p1a: Vaporeon|Vaporeon, M|88/100|[from]move: U-turn
|-damage|p1a: Vaporeon|75/100|[from] Stealth Rock
|move|p2a: Vaporeon|Wish|p2a: Vaporeon
|
|-heal|p2a: Vaporeon|69/100|[from] item: Leftovers
|-heal|p1a: Vaporeon|82/100|[from] item: Leftovers
|upkeep
|turn|9
|
|move|p1a: Vaporeon|Wish|p1a: Vaporeon
|move|p2a: Vaporeon|Scald|p1a: Vaporeon
|-heal|p1a: Vaporeon|100/100|[from] ability: Water Absorb|[of] p2a: Vaporeon
|
|-heal|p2a: Vaporeon|100/100|[from] move: Wish|[wisher] Vaporeon
|upkeep
|turn|10
|
|switch|p1a: Silvally|Silvally-Steel|63/100
|-damage|p1a: Silvally|57/100|[from] Stealth Rock
|move|p2a: Vaporeon|Wish|p2a: Vaporeon
|
|-heal|p1a: Silvally|100/100|[from] move: Wish|[wisher] Vaporeon
|upkeep
|turn|11
|
|move|p1a: Silvally|U-turn|p2a: Vaporeon
|-damage|p2a: Vaporeon|86/100
|
|switch|p1a: Goodra|Goodra, M|100/100|[from]move: U-turn
|-damage|p1a: Goodra|88/100|[from] Stealth Rock
|move|p2a: Vaporeon|Scald|p1a: Goodra
|-resisted|p1a: Goodra
|-damage|p1a: Goodra|82/100
|-status|p1a: Goodra|brn
|
|-heal|p2a: Vaporeon|100/100|[from] move: Wish|[wisher] Vaporeon
|-damage|p1a: Goodra|76/100 brn|[from] brn
|upkeep
|turn|12
|
|move|p2a: Vaporeon|Protect|p2a: Vaporeon
|-singleturn|p2a: Vaporeon|Protect
|move|p1a: Goodra|Sludge Bomb|p2a: Vaporeon
|-activate|p2a: Vaporeon|move: Protect
|
|-damage|p1a: Goodra|70/100 brn|[from] brn
|upkeep
|turn|13
|
|switch|p2a: Silvally|Silvally-Steel|100/100
|-damage|p2a: Silvally|94/100|[from] Stealth Rock
|move|p1a: Goodra|Draco Meteor|p2a: Silvally
|-resisted|p2a: Silvally
|-damage|p2a: Silvally|57/100
|-unboost|p1a: Goodra|spa|2
|
|-damage|p1a: Goodra|64/100 brn|[from] brn
|upkeep
|turn|14
|
|move|p2a: Silvally|Swords Dance|p2a: Silvally
|-boost|p2a: Silvally|atk|2
|move|p1a: Goodra|Flamethrower|p2a: Silvally
|-supereffective|p2a: Silvally
|-damage|p2a: Silvally|23/100
|-status|p2a: Silvally|brn
|
|-damage|p2a: Silvally|17/100 brn|[from] brn
|-damage|p1a: Goodra|58/100 brn|[from] brn
|upkeep
|turn|15
|
|switch|p1a: Vaporeon|Vaporeon, M|100/100
|-damage|p1a: Vaporeon|88/100|[from] Stealth Rock
|move|p2a: Silvally|Multi-Attack|p1a: Vaporeon
|-resisted|p1a: Vaporeon
|-damage|p1a: Vaporeon|68/100
|
|-heal|p1a: Vaporeon|75/100|[from] item: Leftovers
|-damage|p2a: Silvally|10/100 brn|[from] brn
|upkeep
|turn|16
|
|move|p2a: Silvally|Explosion|p1a: Vaporeon
|-damage|p1a: Vaporeon|22/100
|faint|p2a: Silvally
|move|p1a: Vaporeon|Wish|p1a: Vaporeon
|
|-heal|p1a: Vaporeon|28/100|[from] item: Leftovers
|upkeep
|
|switch|p2a: Passimian|Passimian, M|100/100
|-damage|p2a: Passimian|94/100|[from] Stealth Rock
|turn|17
|
|move|p1a: Vaporeon|Protect|p1a: Vaporeon
|-singleturn|p1a: Vaporeon|Protect
|move|p2a: Passimian|Knock Off|p1a: Vaporeon
|-activate|p1a: Vaporeon|move: Protect
|
|-heal|p1a: Vaporeon|78/100|[from] move: Wish|[wisher] Vaporeon
|-heal|p1a: Vaporeon|84/100|[from] item: Leftovers
|upkeep
|turn|18
|
|move|p2a: Passimian|Knock Off|p1a: Vaporeon
|-damage|p1a: Vaporeon|63/100
|-enditem|p1a: Vaporeon|Leftovers|[from] move: Knock Off|[of] p2a: Passimian
|move|p1a: Vaporeon|Scald|p2a: Passimian
|-damage|p2a: Passimian|49/100
|
|upkeep
|turn|19
|
|switch|p2a: Vaporeon|Vaporeon, F|100/100
|-damage|p2a: Vaporeon|88/100|[from] Stealth Rock
|move|p1a: Vaporeon|Wish|p1a: Vaporeon
|
|-heal|p2a: Vaporeon|94/100|[from] item: Leftovers
|upkeep
|turn|20
|
|switch|p1a: Goodra|Goodra, M|58/100 brn
|-damage|p1a: Goodra|46/100 brn|[from] Stealth Rock
|move|p2a: Vaporeon|Ice Beam|p1a: Goodra
|-supereffective|p1a: Goodra
|-damage|p1a: Goodra|25/100 brn
|
|-heal|p1a: Goodra|86/100 brn|[from] move: Wish|[wisher] Vaporeon
|-heal|p2a: Vaporeon|99/100|[from] item: Leftovers
|-damage|p1a: Goodra|80/100 brn|[from] brn
|upkeep
|turn|21
|
|move|p1a: Goodra|Sludge Bomb|p2a: Vaporeon
|-damage|p2a: Vaporeon|77/100
|move|p2a: Vaporeon|Wish|p2a: Vaporeon
|
|-heal|p2a: Vaporeon|83/100|[from] item: Leftovers
|-damage|p1a: Goodra|74/100 brn|[from] brn
|upkeep
|turn|22
|
|switch|p2a: Gigalith|Gigalith, F|89/100
|-damage|p2a: Gigalith|77/100|[from] Stealth Rock
|-weather|Sandstorm|[from] ability: Sand Stream|[of] p2a: Gigalith
|move|p1a: Goodra|Draco Meteor|p2a: Gigalith
|-damage|p2a: Gigalith|44/100
|-unboost|p1a: Goodra|spa|2
|
|-weather|Sandstorm|[upkeep]
|-damage|p1a: Goodra|68/100 brn|[from] Sandstorm
|-heal|p2a: Gigalith|100/100|[from] move: Wish|[wisher] Vaporeon
|-damage|p1a: Goodra|62/100 brn|[from] brn
|upkeep
|turn|23
|
|switch|p1a: Vaporeon|Vaporeon, M|63/100
|-damage|p1a: Vaporeon|50/100|[from] Stealth Rock
|move|p2a: Gigalith|Earthquake|p1a: Vaporeon
|-damage|p1a: Vaporeon|29/100
|
|-weather|Sandstorm|[upkeep]
|-damage|p1a: Vaporeon|22/100|[from] Sandstorm
|upkeep
|turn|24
|
|move|p1a: Vaporeon|Wish|p1a: Vaporeon
|move|p2a: Gigalith|Earthquake|p1a: Vaporeon
|-damage|p1a: Vaporeon|1/100
|
|-weather|Sandstorm|[upkeep]
|-damage|p1a: Vaporeon|0 fnt|[from] Sandstorm
|faint|p1a: Vaporeon
|upkeep
|
|switch|p1a: Pangoro|Pangoro, F|100/100
|-damage|p1a: Pangoro|94/100|[from] Stealth Rock
|turn|25
|
|move|p2a: Gigalith|Protect|p2a: Gigalith
|-singleturn|p2a: Gigalith|Protect
|move|p1a: Pangoro|Close Combat|p2a: Gigalith
|-activate|p2a: Gigalith|move: Protect
|
|-weather|Sandstorm|[upkeep]
|-damage|p1a: Pangoro|88/100|[from] Sandstorm
|-heal|p1a: Pangoro|100/100|[from] move: Wish|[wisher] Vaporeon
|upkeep
|turn|26
|
|switch|p2a: Vileplume|Vileplume, M|100/100
|-damage|p2a: Vileplume|88/100|[from] Stealth Rock
|move|p1a: Pangoro|Close Combat|p2a: Vileplume
|-resisted|p2a: Vileplume
|-damage|p2a: Vileplume|48/100
|-unboost|p1a: Pangoro|def|1
|-unboost|p1a: Pangoro|spd|1
|
|-weather|none
|-heal|p2a: Vileplume|54/100|[from] item: Black Sludge
|upkeep
|turn|27
|
|switch|p1a: Goodra|Goodra, M|62/100 brn
|-damage|p1a: Goodra|50/100 brn|[from] Stealth Rock
|move|p2a: Vileplume|Strength Sap|p1a: Goodra
|-ability|p1a: Goodra|Sap Sipper|boost
|-boost|p1a: Goodra|atk|1
|
|-heal|p2a: Vileplume|61/100|[from] item: Black Sludge
|-damage|p1a: Goodra|44/100 brn|[from] brn
|upkeep
|turn|28
|
|switch|p2a: Gigalith|Gigalith, F|100/100
|-damage|p2a: Gigalith|88/100|[from] Stealth Rock
|-weather|Sandstorm|[from] ability: Sand Stream|[of] p2a: Gigalith
|move|p1a: Goodra|Flamethrower|p2a: Gigalith
|-resisted|p2a: Gigalith
|-damage|p2a: Gigalith|80/100
|-status|p2a: Gigalith|brn
|
|-weather|Sandstorm|[upkeep]
|-damage|p1a: Goodra|38/100 brn|[from] Sandstorm
|-heal|p2a: Gigalith|87/100 brn|[from] item: Leftovers
|-damage|p1a: Goodra|32/100 brn|[from] brn
|-damage|p2a: Gigalith|80/100 brn|[from] brn
|upkeep
|turn|29
|c|☆FE6 Fir|u cant get any luckier
|inactive|WoOlf972 has 120 seconds left.
|c|☆WoOlf972|u burn me too xD
|
|move|p1a: Goodra|Power Whip|p2a: Gigalith|[miss]
|-miss|p1a: Goodra|p2a: Gigalith
|move|p2a: Gigalith|Rock Blast|p1a: Goodra
|-damage|p1a: Goodra|24/100 brn
|-damage|p1a: Goodra|17/100 brn
|-damage|p1a: Goodra|9/100 brn
|-damage|p1a: Goodra|1/100 brn
|-hitcount|p1a: Goodra|4
|
|-weather|Sandstorm|[upkeep]
|-damage|p1a: Goodra|0 fnt|[from] Sandstorm
|faint|p1a: Goodra
|-heal|p2a: Gigalith|87/100 brn|[from] item: Leftovers
|-damage|p2a: Gigalith|80/100 brn|[from] brn
|upkeep
|c|☆WoOlf972|see
|c|☆WoOlf972|xD
|
|switch|p1a: Pangoro|Pangoro, F|100/100
|-damage|p1a: Pangoro|94/100|[from] Stealth Rock
|turn|30
|c|☆FE6 Fir|doens tmatter
|
|move|p2a: Gigalith|Protect|p2a: Gigalith
|-singleturn|p2a: Gigalith|Protect
|move|p1a: Pangoro|Darkest Lariat|p2a: Gigalith
|-activate|p2a: Gigalith|move: Protect
|
|-weather|Sandstorm|[upkeep]
|-damage|p1a: Pangoro|88/100|[from] Sandstorm
|-heal|p2a: Gigalith|87/100 brn|[from] item: Leftovers
|-damage|p2a: Gigalith|80/100 brn|[from] brn
|upkeep
|turn|31
|
|switch|p2a: Vaporeon|Vaporeon, F|83/100
|-damage|p2a: Vaporeon|71/100|[from] Stealth Rock
|move|p1a: Pangoro|Darkest Lariat|p2a: Vaporeon
|-damage|p2a: Vaporeon|23/100
|
|-weather|Sandstorm|[upkeep]
|-damage|p1a: Pangoro|82/100|[from] Sandstorm
|-damage|p2a: Vaporeon|17/100|[from] Sandstorm
|-heal|p2a: Vaporeon|23/100|[from] item: Leftovers
|upkeep
|turn|32
|
|move|p2a: Vaporeon|Protect|p2a: Vaporeon
|-singleturn|p2a: Vaporeon|Protect
|move|p1a: Pangoro|Darkest Lariat|p2a: Vaporeon
|-activate|p2a: Vaporeon|move: Protect
|
|-weather|none
|-heal|p2a: Vaporeon|29/100|[from] item: Leftovers
|upkeep
|turn|33
|
|move|p1a: Pangoro|Darkest Lariat|p2a: Vaporeon
|-damage|p2a: Vaporeon|0 fnt
|faint|p2a: Vaporeon
|
|upkeep
|
|switch|p2a: Vileplume|Vileplume, M|61/100
|-damage|p2a: Vileplume|48/100|[from] Stealth Rock
|turn|34
|
|move|p1a: Pangoro|Darkest Lariat|p2a: Vileplume
|-damage|p2a: Vileplume|0 fnt
|-status|p1a: Pangoro|par|[from] ability: Effect Spore|[of] p2a: Vileplume
|faint|p2a: Vileplume
|
|upkeep
|c|☆WoOlf972|see xD
|
|switch|p2a: Passimian|Passimian, M|49/100
|-damage|p2a: Passimian|42/100|[from] Stealth Rock
|turn|35
|
|move|p2a: Passimian|Close Combat|p1a: Pangoro
|-supereffective|p1a: Pangoro
|-damage|p1a: Pangoro|0 fnt
|-unboost|p2a: Passimian|def|1
|-unboost|p2a: Passimian|spd|1
|faint|p1a: Pangoro
|
|upkeep
|
|switch|p1a: Sigilyph|Sigilyph, M|100/100
|turn|36
|
|switch|p2a: Gigalith|Gigalith, F|80/100 brn
|-damage|p2a: Gigalith|68/100 brn|[from] Stealth Rock
|-weather|Sandstorm|[from] ability: Sand Stream|[of] p2a: Gigalith
|move|p1a: Sigilyph|Calm Mind|p1a: Sigilyph
|-boost|p1a: Sigilyph|spa|1
|-boost|p1a: Sigilyph|spd|1
|
|-weather|Sandstorm|[upkeep]
|-heal|p2a: Gigalith|74/100 brn|[from] item: Leftovers
|-damage|p2a: Gigalith|68/100 brn|[from] brn
|upkeep
|turn|37
|
|move|p1a: Sigilyph|Air Slash|p2a: Gigalith
|-resisted|p2a: Gigalith
|-damage|p2a: Gigalith|52/100 brn
|move|p2a: Gigalith|Rock Blast|p1a: Sigilyph
|-supereffective|p1a: Sigilyph
|-damage|p1a: Sigilyph|86/100
|-supereffective|p1a: Sigilyph
|-damage|p1a: Sigilyph|70/100
|-hitcount|p1a: Sigilyph|2
|
|-weather|Sandstorm|[upkeep]
|-heal|p2a: Gigalith|58/100 brn|[from] item: Leftovers
|-damage|p2a: Gigalith|52/100 brn|[from] brn
|upkeep
|turn|38
|
|move|p1a: Sigilyph|Psyshock|p2a: Gigalith
|-damage|p2a: Gigalith|3/100 brn
|move|p2a: Gigalith|Rock Blast|p1a: Sigilyph
|-supereffective|p1a: Sigilyph
|-damage|p1a: Sigilyph|52/100
|-supereffective|p1a: Sigilyph
|-damage|p1a: Sigilyph|36/100
|-supereffective|p1a: Sigilyph
|-damage|p1a: Sigilyph|19/100
|-supereffective|p1a: Sigilyph
|-crit|p1a: Sigilyph
|-damage|p1a: Sigilyph|0 fnt
|-hitcount|p1a: Sigilyph|4
|faint|p1a: Sigilyph
|
|-weather|Sandstorm|[upkeep]
|-heal|p2a: Gigalith|9/100 brn|[from] item: Leftovers
|-damage|p2a: Gigalith|3/100 brn|[from] brn
|upkeep
|
|switch|p1a: Gigalith|Gigalith, F|100/100
|-damage|p1a: Gigalith|88/100|[from] Stealth Rock
|turn|39
|
|move|p1a: Gigalith|Protect|p1a: Gigalith
|-singleturn|p1a: Gigalith|Protect
|move|p2a: Gigalith|Earthquake|p1a: Gigalith
|-activate|p1a: Gigalith|move: Protect
|
|-weather|Sandstorm|[upkeep]
|-heal|p2a: Gigalith|9/100 brn|[from] item: Leftovers
|-heal|p1a: Gigalith|94/100|[from] item: Leftovers
|-damage|p2a: Gigalith|3/100 brn|[from] brn
|upkeep
|turn|40
|
|move|p2a: Gigalith|Earthquake|p1a: Gigalith
|-supereffective|p1a: Gigalith
|-damage|p1a: Gigalith|77/100
|move|p1a: Gigalith|Body Press|p2a: Gigalith
|-supereffective|p2a: Gigalith
|-damage|p2a: Gigalith|0 fnt
|faint|p2a: Gigalith
|
|-weather|none
|-heal|p1a: Gigalith|83/100|[from] item: Leftovers
|upkeep
|
|switch|p2a: Sigilyph|Sigilyph, M|100/100
|turn|41
|
|move|p2a: Sigilyph|Psyshock|p1a: Gigalith
|-damage|p1a: Gigalith|58/100
|move|p1a: Gigalith|Rock Blast|p2a: Sigilyph
|-supereffective|p2a: Sigilyph
|-damage|p2a: Sigilyph|69/100
|-supereffective|p2a: Sigilyph
|-crit|p2a: Sigilyph
|-damage|p2a: Sigilyph|22/100
|-supereffective|p2a: Sigilyph
|-damage|p2a: Sigilyph|0 fnt
|-hitcount|p2a: Sigilyph|3
|faint|p2a: Sigilyph
|
|-heal|p1a: Gigalith|64/100|[from] item: Leftovers
|upkeep
|
|switch|p2a: Passimian|Passimian, M|42/100
|-damage|p2a: Passimian|36/100|[from] Stealth Rock
|turn|42
|
|move|p1a: Gigalith|Protect|p1a: Gigalith
|-singleturn|p1a: Gigalith|Protect
|move|p2a: Passimian|Close Combat|p1a: Gigalith
|-activate|p1a: Gigalith|move: Protect
|
|-heal|p1a: Gigalith|71/100|[from] item: Leftovers
|upkeep
|turn|43
|
|move|p2a: Passimian|Close Combat|p1a: Gigalith
|-supereffective|p1a: Gigalith
|-damage|p1a: Gigalith|3/100
|-unboost|p2a: Passimian|def|1
|-unboost|p2a: Passimian|spd|1
|move|p1a: Gigalith|Body Press|p2a: Passimian
|-damage|p2a: Passimian|0 fnt
|faint|p2a: Passimian
|
|win|WoOlf972
|l|☆FE6 Fir
|c|☆WoOlf972|gg
|raw|WoOlf972's rating: 1318 &rarr; <strong>1350</strong><br />(+32 for winning)
|raw|FE6 Fir's rating: 1541 &rarr; <strong>1510</strong><br />(-31 for losing)
